  <div class='ocr_page' id='page_1' title='image "/cluster/home/n/w/nwhite01/storage/ocr_20150623/155/hvd.32044069650117/113.png"; bbox 0 0 4044 6198; ppageno 0'>
   <div class='ocr_carea' id='block_1_1' title="bbox 421 273 527 346">
    <p class='ocr_par' dir='ltr' id='par_1_1' title="bbox 421 273 527 346">
     <span class='ocr_line' id='line_1_1' title="bbox 421 273 527 346; baseline -0.019 -10"><span class='ocrx_word' id='word_1_1' title='bbox 421 273 479 346; x_wconf 70' lang='grc' dir='ltr'>ΣΞ</span> <span class='ocrx_word' id='word_1_2' title='bbox 495 276 527 335; x_wconf 87' lang='grc'><strong>5</strong></span> 
     </span>
    </p>
   </div>
   <div class='ocr_carea' id='block_1_2' title="bbox 1307 283 2881 368">
    <p class='ocr_par' dir='ltr' id='par_1_2' title="bbox 1307 283 2881 368">
     <span class='ocr_line' id='line_1_2' title="bbox 1307 283 2881 368; baseline 0.013 -26"><span class='ocrx_word' id='word_1_3' title='bbox 1307 283 1702 346; x_wconf 85' lang='lat' dir='ltr'><strong>SYMEONIS</strong></span> <span class='ocrx_word' id='word_1_4' title='bbox 1740 289 2490 368; x_wconf 75' lang='lat' dir='ltr'><strong>THESSALONICENS!S</strong></span> <span class='ocrx_word' id='word_1_5' title='bbox 2521 301 2881 364; x_wconf 84' lang='lat' dir='ltr'><strong>ARCHIEP.</strong></span> 
     </span>
    </p>
   </div>
   <div class='ocr_carea' id='block_1_3' title="bbox 3573 301 3679 367">
    <p class='ocr_par' dir='ltr' id='par_1_3' title="bbox 3573 301 3679 367">
     <span class='ocr_line' id='line_1_3' title="bbox 3573 301 3679 367; baseline 0.019 -2"><span class='ocrx_word' id='word_1_6' title='bbox 3573 301 3679 367; x_wconf 77' lang='lat'><strong>216</strong></span> 
     </span>
    </p>
   </div>
   <div class='ocr_carea' id='block_1_4' title="bbox 423 388 2031 487">
    <p class='ocr_par' dir='ltr' id='par_1_4' title="bbox 423 388 2031 484">
     <span class='ocr_line' id='line_1_4' title="bbox 423 388 2031 484; baseline 0.009 -40"><span class='ocrx_word' id='word_1_7' title='bbox 423 388 724 445; x_wconf 79' lang='lat' dir='ltr'><strong>insufﬂarct</strong></span> <span class='ocrx_word' id='word_1_8' title='bbox 757 399 811 447; x_wconf 91' lang='lat' dir='ltr'><strong>et</strong></span> <span class='ocrx_word' id='word_1_9' title='bbox 842 392 1104 463; x_wconf 79' lang='lat' dir='ltr'><strong>signaret.</strong></span> <span class='ocrx_word' id='word_1_10' title='bbox 1140 401 1197 448; x_wconf 92' lang='lat' dir='ltr'><strong>ut</strong></span> <span class='ocrx_word' id='word_1_11' title='bbox 1221 395 1426 452; x_wconf 88' lang='lat' dir='ltr'><strong>dictum</strong></span> <span class='ocrx_word' id='word_1_12' title='bbox 1458 408 1557 464; x_wconf 90' lang='lat' dir='ltr'><strong>est,</strong></span> <span class='ocrx_word' id='word_1_13' title='bbox 1585 416 1718 484; x_wconf 67' lang='lat' dir='ltr'><strong>aona</strong></span> <span class='ocrx_word' id='word_1_14' title='bbox 1753 404 1914 458; x_wconf 89' lang='lat' dir='ltr'><strong>solvit</strong></span> <span class='ocrx_word' id='word_1_15' title='bbox 1940 411 1997 458; x_wconf 90' lang='lat' dir='ltr'><strong>et</strong></span> <span class='ocrx_word' id='word_1_16' title='bbox 2025 453 2031 465; x_wconf 82' lang='grc'><strong>,</strong></span> 
     </span>
    </p>
   </div>
   <div class='ocr_carea' id='block_1_5' title="bbox 2118 388 3679 487">
    <p class='ocr_par' dir='ltr' id='par_1_5' title="bbox 2118 410 3679 487">
     <span class='ocr_line' id='line_1_5' title="bbox 2118 410 3679 487; baseline 0.003 -21"><span class='ocrx_word' id='word_1_17' title='bbox 2118 411 2232 483; x_wconf 66' lang='grc' dir='ltr'>ὶησι</span> <span class='ocrx_word' id='word_1_18' title='bbox 2265 417 2366 486; x_wconf 81' lang='grc' dir='ltr'><strong>τὴν</strong></span> <span class='ocrx_word' id='word_1_19' title='bbox 2409 417 2565 485; x_wconf 79' lang='grc' dir='ltr'>χεῖρα</span> <span class='ocrx_word' id='word_1_20' title='bbox 2598 417 2746 486; x_wconf 76' lang='grc' dir='ltr'>αὐτῷ</span> <span class='ocrx_word' id='word_1_21' title='bbox 2783 418 3128 487; x_wconf 80' lang='grc' dir='ltr'>ἡγιασμένην</span> <span class='ocrx_word' id='word_1_22' title='bbox 3169 410 3358 479; x_wconf 69' lang='grc' dir='ltr'>οὖσαν,</span> <span class='ocrx_word' id='word_1_23' title='bbox 3393 416 3488 471; x_wconf 65' lang='grc' dir='ltr'><strong>καὶ⁵</strong></span> <span class='ocrx_word' id='word_1_24' title='bbox 3517 417 3576 470; x_wconf 74' lang='grc' dir='ltr'>ἐν</span> <span class='ocrx_word' id='word_1_25' title='bbox 3599 417 3679 487; x_wconf 82' lang='grc' dir='ltr'>τῷ</span> 
     </span>
    </p>
   </div>
   <div class='ocr_carea' id='block_1_6' title="bbox 419 481 1998 564">
    <p class='ocr_par' dir='ltr' id='par_1_6' title="bbox 419 481 1998 564">
     <span class='ocr_line' id='line_1_6' title="bbox 419 481 1998 564; baseline 0.009 -29"><span class='ocrx_word' id='word_1_26' title='bbox 419 481 661 536; x_wconf 74' lang='lat' dir='ltr'><strong>vestibus</strong></span> <span class='ocrx_word' id='word_1_27' title='bbox 693 483 843 538; x_wconf 83' lang='lat' dir='ltr'><strong>exuit</strong></span> <span class='ocrx_word' id='word_1_28' title='bbox 889 483 1342 542; x_wconf 84' lang='lat' dir='ltr'><strong>catechumenurn</strong></span> <span class='ocrx_word' id='word_1_29' title='bbox 1379 505 1537 559; x_wconf 85' lang='lat' dir='ltr'><strong>quem</strong></span> <span class='ocrx_word' id='word_1_30' title='bbox 1574 481 1775 548; x_wconf 82' lang='lat' dir='ltr'><strong>nudato</strong></span> <span class='ocrx_word' id='word_1_31' title='bbox 1822 495 1998 564; x_wconf 86' lang='lat' dir='ltr'><strong>capite</strong></span> 
     </span>
    </p>
   </div>
   <div class='ocr_carea' id='block_1_7' title="bbox 423 575 1992 654">
    <p class='ocr_par' dir='ltr' id='par_1_7' title="bbox 423 575 1992 654">
     <span class='ocr_line' id='line_1_7' title="bbox 423 575 1992 654; baseline 0.012 -30"><span class='ocrx_word' id='word_1_32' title='bbox 423 575 757 642; x_wconf 85' lang='lat' dir='ltr'><strong>pedibusque</strong></span> <span class='ocrx_word' id='word_1_33' title='bbox 780 576 941 631; x_wconf 84' lang='lat' dir='ltr'><strong>nudis</strong></span> <span class='ocrx_word' id='word_1_34' title='bbox 969 578 1220 648; x_wconf 78' lang='lat' dir='ltr'><strong>producit</strong></span> <span class='ocrx_word' id='word_1_35' title='bbox 1251 582 1315 636; x_wconf 91' lang='lat' dir='ltr'><strong>ad</strong></span> <span class='ocrx_word' id='word_1_36' title='bbox 1348 597 1397 636; x_wconf 91' lang='grc' dir='ltr'>οι</span> <span class='ocrx_word' id='word_1_37' title='bbox 1416 583 1608 639; x_wconf 86' lang='lat' dir='ltr'><strong>ientem</strong></span> <span class='ocrx_word' id='word_1_38' title='bbox 1629 594 1992 654; x_wconf 69' lang='lat' dir='ltr'><strong>spectantem.</strong></span> 
     </span>
    </p>
   </div>
   <div class='ocr_carea' id='block_1_8' title="bbox 425 668 2000 748">
    <p class='ocr_par' dir='ltr' id='par_1_8' title="bbox 425 668 2000 748">
     <span class='ocr_line' id='line_1_8' title="bbox 425 668 2000 748; baseline 0.01 -28"><span class='ocrx_word' id='word_1_39' title='bbox 425 668 562 734; x_wconf 83' lang='lat' dir='ltr'><strong>Quid</strong></span> <span class='ocrx_word' id='word_1_40' title='bbox 595 671 646 723; x_wconf 89' lang='lat' dir='ltr'><strong>in</strong></span> <span class='ocrx_word' id='word_1_41' title='bbox 687 672 788 726; x_wconf 92' lang='lat' dir='ltr'><strong>hoc</strong></span> <span class='ocrx_word' id='word_1_42' title='bbox 820 672 1130 742; x_wconf 81' lang='lat' dir='ltr'><strong>signiﬁcat?</strong></span> <span class='ocrx_word' id='word_1_43' title='bbox 1157 676 1422 741; x_wconf 86' lang='lat' dir='ltr'><strong>Quoniam</strong></span> <span class='ocrx_word' id='word_1_44' title='bbox 1476 689 1690 748; x_wconf 78' lang='lat' dir='ltr'><strong>oportet</strong></span> <span class='ocrx_word' id='word_1_45' title='bbox 1740 683 2000 738; x_wconf 84' lang='lat' dir='ltr'><strong>acceden-</strong></span> 
     </span>
    </p>
   </div>
   <div class='ocr_carea' id='block_1_9' title="bbox 424 763 1998 844">
    <p class='ocr_par' dir='ltr' id='par_1_9' title="bbox 424 763 1998 844">
     <span class='ocr_line' id='line_1_9' title="bbox 424 763 1998 844; baseline 0.01 -30"><span class='ocrx_word' id='word_1_46' title='bbox 424 774 532 815; x_wconf 82' lang='lat' dir='ltr'><strong>tem</strong></span> <span class='ocrx_word' id='word_1_47' title='bbox 567 763 632 818; x_wconf 83' lang='lat' dir='ltr'><strong>ad</strong></span> <span class='ocrx_word' id='word_1_48' title='bbox 661 763 830 818; x_wconf 89' lang='lat' dir='ltr'><strong>Deum</strong></span> <span class='ocrx_word' id='word_1_49' title='bbox 865 777 919 820; x_wconf 89' lang='lat' dir='ltr'><strong>et</strong></span> <span class='ocrx_word' id='word_1_50' title='bbox 957 783 1148 822; x_wconf 88' lang='lat' dir='ltr'><strong>verum</strong></span> <span class='ocrx_word' id='word_1_51' title='bbox 1191 770 1374 833; x_wconf 84' lang='lat' dir='ltr'><strong>lumen</strong></span> <span class='ocrx_word' id='word_1_52' title='bbox 1404 771 1514 842; x_wconf 83' lang='lat' dir='ltr'><strong>jam</strong></span> <span class='ocrx_word' id='word_1_53' title='bbox 1547 775 1998 844; x_wconf 85' lang='lat' dir='ltr'><strong>conspicientem,</strong></span> 
     </span>
    </p>
   </div>
   <div class='ocr_carea' id='block_1_10' title="bbox 423 856 2001 937">
    <p class='ocr_par' dir='ltr' id='par_1_10' title="bbox 423 856 2001 937">
     <span class='ocr_line' id='line_1_10' title="bbox 423 856 2001 937; baseline 0.012 -31"><span class='ocrx_word' id='word_1_54' title='bbox 423 856 570 922; x_wconf 84' lang='lat' dir='ltr'><strong>quod</strong></span> <span class='ocrx_word' id='word_1_55' title='bbox 605 857 843 912; x_wconf 84' lang='lat' dir='ltr'><strong>ostendit</strong></span> <span class='ocrx_word' id='word_1_56' title='bbox 876 861 1064 917; x_wconf 88' lang='lat' dir='ltr'><strong>oriens</strong></span> <span class='ocrx_word' id='word_1_57' title='bbox 1089 863 1237 930; x_wconf 89' lang='lat' dir='ltr'><strong>(inde</strong></span> <span class='ocrx_word' id='word_1_58' title='bbox 1270 866 1411 919; x_wconf 86' lang='lat' dir='ltr'><strong>enim</strong></span> <span class='ocrx_word' id='word_1_59' title='bbox 1459 867 1544 920; x_wconf 79' lang='lat' dir='ltr'><strong>lux</strong></span> <span class='ocrx_word' id='word_1_60' title='bbox 1581 869 1746 937; x_wconf 88' lang='lat' dir='ltr'><strong>venit)</strong></span> <span class='ocrx_word' id='word_1_61' title='bbox 1783 871 2001 925; x_wconf 85' lang='lat' dir='ltr'><strong>liberio-</strong></span> 
     </span>
    </p>
   </div>
   <div class='ocr_carea' id='block_1_11' title="bbox 425 952 2000 1024">
    <p class='ocr_par' dir='ltr' id='par_1_11' title="bbox 425 952 2000 1024">
     <span class='ocr_line' id='line_1_11' title="bbox 425 952 2000 1024; baseline 0.01 -25"><span class='ocrx_word' id='word_1_62' title='bbox 425 962 537 1000; x_wconf 88' lang='lat' dir='ltr'><strong>rem</strong></span> <span class='ocrx_word' id='word_1_63' title='bbox 567 962 686 1003; x_wconf 85' lang='lat' dir='ltr'><strong>esse</strong></span> <span class='ocrx_word' id='word_1_64' title='bbox 723 965 750 1002; x_wconf 92' lang='lat' dir='ltr'><strong>a</strong></span> <span class='ocrx_word' id='word_1_65' title='bbox 785 952 1023 1016; x_wconf 73' lang='lat' dir='ltr'><strong>vitiis,et</strong></span> <span class='ocrx_word' id='word_1_66' title='bbox 1059 954 1294 1009; x_wconf 85' lang='lat' dir='ltr'><strong>solutum</strong></span> <span class='ocrx_word' id='word_1_67' title='bbox 1326 958 1394 1011; x_wconf 90' lang='lat' dir='ltr'><strong>ab</strong></span> <span class='ocrx_word' id='word_1_68' title='bbox 1427 958 1762 1024; x_wconf 79' lang='lat' dir='ltr'><strong>inﬁdelitate,</strong></span> <span class='ocrx_word' id='word_1_69' title='bbox 1791 976 2000 1016; x_wconf 89' lang='lat' dir='ltr'><strong>necnon</strong></span> 
     </span>
    </p>
   </div>
   <div class='ocr_carea' id='block_1_12' title="bbox 424 1040 2002 1120">
    <p class='ocr_par' dir='ltr' id='par_1_12' title="bbox 424 1040 2002 1120">
     <span class='ocr_line' id='line_1_12' title="bbox 424 1040 2002 1120; baseline 0.01 -30"><span class='ocrx_word' id='word_1_70' title='bbox 424 1040 494 1093; x_wconf 80' lang='lat' dir='ltr'><strong>ab</strong></span> <span class='ocrx_word' id='word_1_71' title='bbox 519 1041 666 1094; x_wconf 91' lang='lat' dir='ltr'><strong>omni</strong></span> <span class='ocrx_word' id='word_1_72' title='bbox 697 1041 901 1095; x_wconf 89' lang='lat' dir='ltr'><strong>malitia</strong></span> <span class='ocrx_word' id='word_1_73' title='bbox 930 1044 1245 1108; x_wconf 77' lang='lat' dir='ltr'><strong>liberatum,</strong></span> <span class='ocrx_word' id='word_1_74' title='bbox 1271 1056 1323 1100; x_wconf 86' lang='lat' dir='ltr'><strong>et</strong></span> <span class='ocrx_word' id='word_1_75' title='bbox 1354 1048 1420 1101; x_wconf 87' lang='lat' dir='ltr'><strong>ab</strong></span> <span class='ocrx_word' id='word_1_76' title='bbox 1449 1049 1766 1104; x_wconf 83' lang='lat' dir='ltr'><strong>indumento</strong></span> <span class='ocrx_word' id='word_1_77' title='bbox 1797 1053 2002 1120; x_wconf 81' lang='lat' dir='ltr'><strong>peccati</strong></span> 
     </span>
    </p>
   </div>
   <div class='ocr_carea' id='block_1_13' title="bbox 429 1129 2002 1206">
    <p class='ocr_par' dir='ltr' id='par_1_13' title="bbox 429 1129 2002 1206">
     <span class='ocr_line' id='line_1_13' title="bbox 429 1129 2002 1206; baseline 0.01 -26"><span class='ocrx_word' id='word_1_78' title='bbox 429 1129 692 1192; x_wconf 87' lang='lat' dir='ltr'><strong>alienum,</strong></span> <span class='ocrx_word' id='word_1_79' title='bbox 724 1141 887 1200; x_wconf 86' lang='lat' dir='ltr'><strong>atque</strong></span> <span class='ocrx_word' id='word_1_80' title='bbox 942 1135 1258 1190; x_wconf 79' lang='lat' dir='ltr'><strong>servitutem</strong></span> <span class='ocrx_word' id='word_1_81' title='bbox 1299 1135 1409 1191; x_wconf 89' lang='lat' dir='ltr'><strong>Deo</strong></span> <span class='ocrx_word' id='word_1_82' title='bbox 1462 1138 1835 1206; x_wconf 74' lang='lat' dir='ltr'><strong>profitentem.</strong></span> <span class='ocrx_word' id='word_1_83' title='bbox 1874 1141 2002 1196; x_wconf 88' lang='lat' dir='ltr'><strong>Ideo</strong></span> 
     </span>
    </p>
   </div>
   <div class='ocr_carea' id='block_1_14' title="bbox 427 1220 2006 1304">
    <p class='ocr_par' dir='ltr' id='par_1_14' title="bbox 427 1220 2006 1304">
     <span class='ocr_line' id='line_1_14' title="bbox 427 1220 2006 1304; baseline 0.011 -33"><span class='ocrx_word' id='word_1_84' title='bbox 427 1220 589 1288; x_wconf 75' lang='lat' dir='ltr'><strong>igitur</strong></span> <span class='ocrx_word' id='word_1_85' title='bbox 615 1231 720 1275; x_wconf 84' lang='lat' dir='ltr'><strong>stat</strong></span> <span class='ocrx_word' id='word_1_86' title='bbox 750 1225 924 1278; x_wconf 90' lang='lat' dir='ltr'><strong>nudus</strong></span> <span class='ocrx_word' id='word_1_87' title='bbox 956 1241 980 1290; x_wconf 65' lang='grc' dir='ltr'><em>ζ</em></span> <span class='ocrx_word' id='word_1_88' title='bbox 1007 1235 1060 1278; x_wconf 91' lang='lat' dir='ltr'><strong>et</strong></span> <span class='ocrx_word' id='word_1_89' title='bbox 1098 1225 1319 1296; x_wconf 87' lang='lat' dir='ltr'><strong>insuper</strong></span> <span class='ocrx_word' id='word_1_90' title='bbox 1358 1230 1635 1286; x_wconf 85' lang='lat' dir='ltr'><strong>hominem</strong></span> <span class='ocrx_word' id='word_1_91' title='bbox 1689 1247 1785 1304; x_wconf 89' lang='lat' dir='ltr'><strong>per</strong></span> <span class='ocrx_word' id='word_1_92' title='bbox 1817 1247 2006 1301; x_wconf 86' lang='lat' dir='ltr'><strong>pecca-</strong></span> 
     </span>
    </p>
   </div>
   <div class='ocr_carea' id='block_1_15' title="bbox 427 1311 2005 1379">
    <p class='ocr_par' dir='ltr' id='par_1_15' title="bbox 427 1311 2005 1379">
     <span class='ocr_line' id='line_1_15' title="bbox 427 1311 2005 1379; baseline 0.011 -18"><span class='ocrx_word' id='word_1_93' title='bbox 427 1319 539 1362; x_wconf 86' lang='lat' dir='ltr'><strong>tum</strong></span> <span class='ocrx_word' id='word_1_94' title='bbox 577 1311 774 1365; x_wconf 86' lang='lat' dir='ltr'><strong>nudum</strong></span> <span class='ocrx_word' id='word_1_95' title='bbox 801 1328 921 1368; x_wconf 88' lang='lat' dir='ltr'><strong>esse</strong></span> <span class='ocrx_word' id='word_1_96' title='bbox 956 1314 1154 1375; x_wconf 81' lang='lat' dir='ltr'><strong>factum</strong></span> <span class='ocrx_word' id='word_1_97' title='bbox 1187 1332 1242 1374; x_wconf 48' lang='lat' dir='ltr'><strong>et.</strong></span> <span class='ocrx_word' id='word_1_98' title='bbox 1271 1320 1521 1374; x_wconf 81' lang='lat' dir='ltr'><strong>amisisse</strong></span> <span class='ocrx_word' id='word_1_99' title='bbox 1560 1322 1939 1377; x_wconf 84' lang='lat' dir='ltr'><strong>indumentum</strong></span> <span class='ocrx_word' id='word_1_100' title='bbox 1973 1340 2005 1379; x_wconf 87' lang='lat' dir='ltr'><strong>a</strong></span> 
     </span>
    </p>
   </div>
   <div class='ocr_carea' id='block_1_16' title="bbox 430 1397 2002 1466">
    <p class='ocr_par' dir='ltr' id='par_1_16' title="bbox 430 1397 2002 1466">
     <span class='ocr_line' id='line_1_16' title="bbox 430 1397 2002 1466; baseline 0.009 -16"><span class='ocrx_word' id='word_1_101' title='bbox 430 1400 538 1453; x_wconf 83' lang='lat' dir='ltr'><strong>Deo</strong></span> <span class='ocrx_word' id='word_1_102' title='bbox 576 1397 888 1455; x_wconf 78' lang='lat' dir='ltr'><strong>contextum</strong></span> <span class='ocrx_word' id='word_1_103' title='bbox 923 1403 1023 1457; x_wconf 90' lang='lat' dir='ltr'><strong>ista</strong></span> <span class='ocrx_word' id='word_1_104' title='bbox 1058 1406 1318 1461; x_wconf 88' lang='lat' dir='ltr'><strong>nuditatis</strong></span> <span class='ocrx_word' id='word_1_105' title='bbox 1370 1407 1552 1463; x_wconf 85' lang='lat' dir='ltr'><strong>forma.</strong></span> <span class='ocrx_word' id='word_1_106' title='bbox 1595 1419 1844 1466; x_wconf 81' lang='lat' dir='ltr'><strong>testatur.</strong></span> <span class='ocrx_word' id='word_1_107' title='bbox 1869 1411 2002 1464; x_wconf 80' lang='lat' dir='ltr'><strong>Nam</strong></span> 
     </span>
    </p>
   </div>
   <div class='ocr_carea' id='block_1_17' title="bbox 427 1493 1990 1566">
    <p class='ocr_par' dir='ltr' id='par_1_17' title="bbox 427 1493 1990 1566">
     <span class='ocr_line' id='line_1_17' title="bbox 427 1493 1990 1566; baseline 0.01 -24"><span class='ocrx_word' id='word_1_108' title='bbox 427 1493 692 1547; x_wconf 83' lang='lat' dir='ltr'><strong>accedens</strong></span> <span class='ocrx_word' id='word_1_109' title='bbox 720 1495 785 1547; x_wconf 85' lang='lat' dir='ltr'><strong>ad</strong></span> <span class='ocrx_word' id='word_1_110' title='bbox 819 1495 1148 1561; x_wconf 77' lang='lat' dir='ltr'><strong>abjiciendas</strong></span> <span class='ocrx_word' id='word_1_111' title='bbox 1181 1501 1389 1566; x_wconf 82' lang='lat' dir='ltr'><strong>peccati</strong></span> <span class='ocrx_word' id='word_1_112' title='bbox 1422 1510 1476 1555; x_wconf 90' lang='lat' dir='ltr'><strong>et</strong></span> <span class='ocrx_word' id='word_1_113' title='bbox 1507 1501 1842 1562; x_wconf 85' lang='lat' dir='ltr'><strong>inﬁdelitatis</strong></span> <span class='ocrx_word' id='word_1_114' title='bbox 1875 1520 1990 1560; x_wconf 85' lang='lat' dir='ltr'><strong>sor-</strong></span> 
     </span>
    </p>
   </div>
   <div class='ocr_carea' id='block_1_18' title="bbox 430 1581 2006 1655">
    <p class='ocr_par' dir='ltr' id='par_1_18' title="bbox 430 1581 2006 1655">
     <span class='ocr_line' id='line_1_18' title="bbox 430 1581 2006 1655; baseline 0.01 -21"><span class='ocrx_word' id='word_1_115' title='bbox 430 1581 547 1643; x_wconf 83' lang='lat' dir='ltr'><strong>des,</strong></span> <span class='ocrx_word' id='word_1_116' title='bbox 580 1591 813 1648; x_wconf 68' lang='lat' dir='ltr'><strong>uttotus</strong></span> <span class='ocrx_word' id='word_1_117' title='bbox 865 1584 957 1639; x_wconf 82' lang='lat' dir='ltr'><strong>ﬁat</strong></span> <span class='ocrx_word' id='word_1_118' title='bbox 1008 1602 1207 1655; x_wconf 89' lang='lat' dir='ltr'><strong>novus,</strong></span> <span class='ocrx_word' id='word_1_119' title='bbox 1266 1598 1321 1643; x_wconf 85' lang='lat' dir='ltr'><strong>ut</strong></span> <span class='ocrx_word' id='word_1_120' title='bbox 1380 1589 1610 1647; x_wconf 87' lang='lat' dir='ltr'><strong>formam</strong></span> <span class='ocrx_word' id='word_1_121' title='bbox 1661 1595 1786 1652; x_wconf 87' lang='lat' dir='ltr'><strong>novi</strong></span> <span class='ocrx_word' id='word_1_122' title='bbox 1835 1593 2006 1649; x_wconf 84' lang='lat' dir='ltr'><strong>Adam</strong></span> 
     </span>
    </p>
   </div>
   <div class='ocr_carea' id='block_1_19' title="bbox 428 1673 2005 1751">
    <p class='ocr_par' dir='ltr' id='par_1_19' title="bbox 428 1673 2005 1751">
     <span class='ocr_line' id='line_1_19' title="bbox 428 1673 2005 1751; baseline 0.01 -26"><span class='ocrx_word' id='word_1_123' title='bbox 428 1673 616 1728; x_wconf 82' lang='lat' dir='ltr'><strong>induat</strong></span> <span class='ocrx_word' id='word_1_124' title='bbox 648 1684 701 1730; x_wconf 89' lang='lat' dir='ltr'><strong>et</strong></span> <span class='ocrx_word' id='word_1_125' title='bbox 731 1677 920 1730; x_wconf 89' lang='lat' dir='ltr'><strong>melior</strong></span> <span class='ocrx_word' id='word_1_126' title='bbox 943 1693 1104 1746; x_wconf 83' lang='lat' dir='ltr'><strong>quam</strong></span> <span class='ocrx_word' id='word_1_127' title='bbox 1147 1693 1302 1736; x_wconf 80' lang='lat' dir='ltr'><strong>antea</strong></span> <span class='ocrx_word' id='word_1_128' title='bbox 1338 1682 1641 1738; x_wconf 90' lang='lat' dir='ltr'><strong>habebatur</strong></span> <span class='ocrx_word' id='word_1_129' title='bbox 1677 1694 2005 1751; x_wconf 72' lang='lat' dir='ltr'><strong>revertatur,</strong></span> 
     </span>
    </p>
   </div>
   <div class='ocr_carea' id='block_1_20' title="bbox 429 1765 2008 1848">
    <p class='ocr_par' dir='ltr' id='par_1_20' title="bbox 429 1765 2008 1848">
     <span class='ocr_line' id='line_1_20' title="bbox 429 1765 2008 1848; baseline 0.011 -33"><span class='ocrx_word' id='word_1_130' title='bbox 429 1765 727 1820; x_wconf 85' lang='lat' dir='ltr'><strong>nuditatem</strong></span> <span class='ocrx_word' id='word_1_131' title='bbox 760 1769 998 1838; x_wconf 77' lang='lat' dir='ltr'><strong>exhibet,</strong></span> <span class='ocrx_word' id='word_1_132' title='bbox 1025 1779 1077 1824; x_wconf 91' lang='lat' dir='ltr'><strong>et</strong></span> <span class='ocrx_word' id='word_1_133' title='bbox 1109 1774 1494 1841; x_wconf 86' lang='lat' dir='ltr'><strong>turpitudinem</strong></span> <span class='ocrx_word' id='word_1_134' title='bbox 1536 1785 1777 1841; x_wconf 86' lang='lat' dir='ltr'><strong>testatur,</strong></span> <span class='ocrx_word' id='word_1_135' title='bbox 1821 1779 2008 1848; x_wconf 81' lang='lat' dir='ltr'><strong>sicque</strong></span> 
     </span>
    </p>
   </div>
   <div class='ocr_carea' id='block_1_21' title="bbox 430 1861 2012 1936">
    <p class='ocr_par' dir='ltr' id='par_1_21' title="bbox 430 1861 2012 1936">
     <span class='ocr_line' id='line_1_21' title="bbox 430 1861 2012 1936; baseline 0.01 -28"><span class='ocrx_word' id='word_1_136' title='bbox 430 1865 582 1909; x_wconf 86' lang='lat' dir='ltr'><strong>stans</strong></span> <span class='ocrx_word' id='word_1_137' title='bbox 624 1861 916 1914; x_wconf 87' lang='lat' dir='ltr'><strong>mundatur</strong></span> <span class='ocrx_word' id='word_1_138' title='bbox 980 1863 1511 1934; x_wconf 78' lang='lat' dir='ltr'><strong>transﬁgurationem</strong></span> <span class='ocrx_word' id='word_1_139' title='bbox 1562 1867 1864 1936; x_wconf 84' lang='lat' dir='ltr'><strong>inquirens.</strong></span> <span class='ocrx_word' id='word_1_140' title='bbox 1901 1867 2012 1924; x_wconf 83' lang='lat' dir='ltr'><strong>Sed</strong></span> 
     </span>
    </p>
   </div>
   <div class='ocr_carea' id='block_1_22' title="bbox 432 1950 2010 2023">
    <p class='ocr_par' dir='ltr' id='par_1_22' title="bbox 432 1950 2010 2023">
     <span class='ocr_line' id='line_1_22' title="bbox 432 1950 2010 2023; baseline 0.013 -25"><span class='ocrx_word' id='word_1_141' title='bbox 432 1962 498 2000; x_wconf 80' lang='lat' dir='ltr'><strong>ne</strong></span> <span class='ocrx_word' id='word_1_142' title='bbox 534 1950 912 2016; x_wconf 88' lang='lat' dir='ltr'><strong>protrahentes</strong></span> <span class='ocrx_word' id='word_1_143' title='bbox 951 1970 1278 2023; x_wconf 86' lang='lat' dir='ltr'><strong>sermonem,</strong></span> <span class='ocrx_word' id='word_1_144' title='bbox 1323 1961 1626 2018; x_wconf 82' lang='lat' dir='ltr'><strong>satietatem</strong></span> <span class='ocrx_word' id='word_1_145' title='bbox 1662 1965 1887 2017; x_wconf 82' lang='lat' dir='ltr'><strong>auribus</strong></span> <span class='ocrx_word' id='word_1_146' title='bbox 1927 1963 2010 2018; x_wconf 80' lang='lat' dir='ltr'><strong>fa-</strong></span> 
     </span>
    </p>
   </div>
   <div class='ocr_carea' id='block_1_23' title="bbox 429 2040 2010 2124">
    <p class='ocr_par' dir='ltr' id='par_1_23' title="bbox 429 2040 2010 2124">
     <span class='ocr_line' id='line_1_23' title="bbox 429 2040 2010 2124; baseline 0.012 -34"><span class='ocrx_word' id='word_1_147' title='bbox 429 2040 656 2105; x_wconf 85' lang='lat' dir='ltr'><strong>ciamus,</strong></span> <span class='ocrx_word' id='word_1_148' title='bbox 709 2047 1019 2099; x_wconf 86' lang='lat' dir='ltr'><strong>summatim</strong></span> <span class='ocrx_word' id='word_1_149' title='bbox 1061 2049 1174 2118; x_wconf 88' lang='lat' dir='ltr'><strong>jam</strong></span> <span class='ocrx_word' id='word_1_150' title='bbox 1237 2052 1304 2107; x_wconf 89' lang='lat' dir='ltr'><strong>de</strong></span> <span class='ocrx_word' id='word_1_151' title='bbox 1357 2054 1636 2121; x_wconf 89' lang='lat' dir='ltr'><strong>proposito</strong></span> <span class='ocrx_word' id='word_1_152' title='bbox 1701 2057 2010 2124; x_wconf 88' lang='lat' dir='ltr'><strong>loquamur.</strong></span> 
     </span>
    </p>
   </div>
   <div class='ocr_carea' id='block_1_24' title="bbox 430 2133 2010 2217">
    <p class='ocr_par' dir='ltr' id='par_1_24' title="bbox 430 2133 2010 2217">
     <span class='ocr_line' id='line_1_24' title="bbox 430 2133 2010 2217; baseline 0.013 -34"><span class='ocrx_word' id='word_1_153' title='bbox 430 2133 682 2214; x_wconf 79' lang='lat' dir='ltr'><strong>Pontifex</strong></span> <span class='ocrx_word' id='word_1_154' title='bbox 729 2139 948 2205; x_wconf 85' lang='lat' dir='ltr'><strong>quidem</strong></span> <span class='ocrx_word' id='word_1_155' title='bbox 981 2151 1033 2194; x_wconf 84' lang='lat' dir='ltr'><strong>et</strong></span> <span class='ocrx_word' id='word_1_156' title='bbox 1063 2144 1319 2199; x_wconf 78' lang='lat' dir='ltr'><strong>sacerdos</strong></span> <span class='ocrx_word' id='word_1_157' title='bbox 1359 2145 1646 2215; x_wconf 81' lang='lat' dir='ltr'><strong>baptizans</strong></span> <span class='ocrx_word' id='word_1_158' title='bbox 1699 2149 1874 2217; x_wconf 89' lang='lat' dir='ltr'><strong>ipsum</strong></span> <span class='ocrx_word' id='word_1_159' title='bbox 1926 2165 2010 2204; x_wconf 88' lang='lat' dir='ltr'><strong>re-</strong></span> 
     </span>
    </p>
   </div>
   <div class='ocr_carea' id='block_1_25' title="bbox 431 2222 2074 2308">
    <p class='ocr_par' dir='ltr' id='par_1_25' title="bbox 431 2222 2074 2308">
     <span class='ocr_line' id='line_1_25' title="bbox 431 2222 2074 2308; baseline 0.012 -35"><span class='ocrx_word' id='word_1_160' title='bbox 431 2222 534 2277; x_wconf 69' lang='lat' dir='ltr'><strong>fert</strong></span> <span class='ocrx_word' id='word_1_161' title='bbox 558 2223 844 2281; x_wconf 89' lang='lat' dir='ltr'><strong>Dominum</strong></span> <span class='ocrx_word' id='word_1_162' title='bbox 882 2233 933 2284; x_wconf 93' lang='lat' dir='ltr'><strong>in</strong></span> <span class='ocrx_word' id='word_1_163' title='bbox 965 2233 1220 2289; x_wconf 89' lang='lat' dir='ltr'><strong>omnibus</strong></span> <span class='ocrx_word' id='word_1_164' title='bbox 1262 2250 1443 2289; x_wconf 78' lang='lat' dir='ltr'><strong>omnia</strong></span> <span class='ocrx_word' id='word_1_165' title='bbox 1497 2235 1805 2302; x_wconf 80' lang='lat' dir='ltr'><strong>facientem,</strong></span> <span class='ocrx_word' id='word_1_166' title='bbox 1842 2254 2008 2308; x_wconf 83' lang='lat' dir='ltr'><strong>quum</strong></span> <span class='ocrx_word' id='word_1_167' title='bbox 2063 2258 2074 2266; x_wconf 53' lang='grc' dir='ltr'><strong>ι</strong></span> 
     </span>
    </p>
   </div>
   <div class='ocr_carea' id='block_1_26' title="bbox 432 2313 2011 2401">
    <p class='ocr_par' dir='ltr' id='par_1_26' title="bbox 432 2313 2011 2401">
     <span class='ocr_line' id='line_1_26' title="bbox 432 2313 2011 2401; baseline 0.013 -35"><span class='ocrx_word' id='word_1_168' title='bbox 432 2313 550 2378; x_wconf 80' lang='lat' dir='ltr'><strong>ejus</strong></span> <span class='ocrx_word' id='word_1_169' title='bbox 581 2327 730 2384; x_wconf 72' lang='lat' dir='ltr'><strong>gerat</strong></span> <span class='ocrx_word' id='word_1_170' title='bbox 779 2332 1123 2389; x_wconf 88' lang='lat' dir='ltr'><strong>potestatem,</strong></span> <span class='ocrx_word' id='word_1_171' title='bbox 1152 2325 1244 2394; x_wconf 89' lang='lat' dir='ltr'><strong>qui</strong></span> <span class='ocrx_word' id='word_1_172' title='bbox 1286 2327 1520 2395; x_wconf 87' lang='lat' dir='ltr'><strong>primum</strong></span> <span class='ocrx_word' id='word_1_173' title='bbox 1581 2329 1709 2383; x_wconf 90' lang='lat' dir='ltr'><strong>fecit</strong></span> <span class='ocrx_word' id='word_1_174' title='bbox 1758 2331 2011 2401; x_wconf 88' lang='lat' dir='ltr'><strong>idemque</strong></span> 
     </span>
    </p>
   </div>
   <div class='ocr_carea' id='block_1_27' title="bbox 415 2403 2011 2488">
    <p class='ocr_par' dir='ltr' id='par_1_27' title="bbox 415 2403 2011 2488">
     <span class='ocr_line' id='line_1_27' title="bbox 415 2403 2011 2488; baseline 0.014 -36"><span class='ocrx_word' id='word_1_175' title='bbox 415 2403 652 2456; x_wconf 62' lang='lat' dir='ltr'><strong>“rursum</strong></span> <span class='ocrx_word' id='word_1_176' title='bbox 692 2406 881 2462; x_wconf 87' lang='lat' dir='ltr'><strong>reﬁcit.</strong></span> <span class='ocrx_word' id='word_1_177' title='bbox 921 2409 1232 2480; x_wconf 79' lang='lat' dir='ltr'><strong>Baptizatus</strong></span> <span class='ocrx_word' id='word_1_178' title='bbox 1262 2423 1440 2470; x_wconf 87' lang='lat' dir='ltr'><strong>autem</strong></span> <span class='ocrx_word' id='word_1_179' title='bbox 1480 2417 1688 2488; x_wconf 84' lang='lat' dir='ltr'><strong>lapsum</strong></span> <span class='ocrx_word' id='word_1_180' title='bbox 1723 2419 1894 2473; x_wconf 86' lang='lat' dir='ltr'><strong>Adam</strong></span> <span class='ocrx_word' id='word_1_181' title='bbox 1927 2421 2011 2475; x_wconf 88' lang='lat' dir='ltr'><strong>in-</strong></span> 
     </span>
    </p>
   </div>
   <div class='ocr_carea' id='block_1_28' title="bbox 436 2492 2009 2568">
    <p class='ocr_par' dir='ltr' id='par_1_28' title="bbox 436 2492 2009 2568">
     <span class='ocr_line' id='line_1_28' title="bbox 436 2492 2009 2568; baseline 0.015 -23"><span class='ocrx_word' id='word_1_182' title='bbox 436 2492 583 2548; x_wconf 86' lang='lat' dir='ltr'><strong>dicat</strong></span> <span class='ocrx_word' id='word_1_183' title='bbox 616 2511 737 2550; x_wconf 91' lang='lat' dir='ltr'><strong>cum</strong></span> <span class='ocrx_word' id='word_1_184' title='bbox 767 2502 1073 2557; x_wconf 81' lang='lat' dir='ltr'><strong>accedendo</strong></span> <span class='ocrx_word' id='word_1_185' title='bbox 1107 2505 1270 2561; x_wconf 89' lang='lat' dir='ltr'><strong>animi</strong></span> <span class='ocrx_word' id='word_1_186' title='bbox 1314 2509 1616 2565; x_wconf 89' lang='lat' dir='ltr'><strong>libertatem</strong></span> <span class='ocrx_word' id='word_1_187' title='bbox 1653 2513 2009 2568; x_wconf 85' lang='lat' dir='ltr'><strong>demonstrat.</strong></span> 
     </span>
    </p>
   </div>
   <div class='ocr_carea' id='block_1_29' title="bbox 438 2585 2010 2669">
    <p class='ocr_par' dir='ltr' id='par_1_29' title="bbox 438 2585 2010 2669">
     <span class='ocr_line' id='line_1_29' title="bbox 438 2585 2010 2669; baseline 0.013 -32"><span class='ocrx_word' id='word_1_188' title='bbox 438 2585 495 2639; x_wconf 91' lang='lat' dir='ltr'><strong>Si</strong></span> <span class='ocrx_word' id='word_1_189' title='bbox 529 2602 654 2641; x_wconf 81' lang='lat' dir='ltr'><strong>vero</strong></span> <span class='ocrx_word' id='word_1_190' title='bbox 703 2590 884 2647; x_wconf 88' lang='lat' dir='ltr'><strong>infans</strong></span> <span class='ocrx_word' id='word_1_191' title='bbox 912 2609 939 2646; x_wconf 91' lang='lat' dir='ltr'><strong>a</strong></span> <span class='ocrx_word' id='word_1_192' title='bbox 967 2596 1200 2663; x_wconf 86' lang='lat' dir='ltr'><strong>quodam</strong></span> <span class='ocrx_word' id='word_1_193' title='bbox 1249 2597 1389 2654; x_wconf 82' lang='lat' dir='ltr'><strong>ﬁdeli</strong></span> <span class='ocrx_word' id='word_1_194' title='bbox 1441 2600 1717 2669; x_wconf 82' lang='lat' dir='ltr'><strong>aﬂeralur,</strong></span> <span class='ocrx_word' id='word_1_195' title='bbox 1747 2604 1886 2658; x_wconf 80' lang='lat' dir='ltr'><strong>idem</strong></span> <span class='ocrx_word' id='word_1_196' title='bbox 1933 2608 2010 2660; x_wconf 88' lang='lat' dir='ltr'><strong>si-</strong></span> 
     </span>
    </p>
   </div>
   <div class='ocr_carea' id='block_1_30' title="bbox 438 2677 2012 2763">
    <p class='ocr_par' dir='ltr' id='par_1_30' title="bbox 438 2677 2012 2763">
     <span class='ocr_line' id='line_1_30' title="bbox 438 2677 2012 2763; baseline 0.013 -34"><span class='ocrx_word' id='word_1_197' title='bbox 438 2677 653 2743; x_wconf 72' lang='lat' dir='ltr'><strong>gnificat</strong></span> <span class='ocrx_word' id='word_1_198' title='bbox 683 2681 733 2732; x_wconf 89' lang='lat' dir='ltr'><strong>in</strong></span> <span class='ocrx_word' id='word_1_199' title='bbox 767 2680 870 2736; x_wconf 88' lang='lat' dir='ltr'><strong>ﬁde</strong></span> <span class='ocrx_word' id='word_1_200' title='bbox 900 2695 950 2738; x_wconf 90' lang='lat' dir='ltr'><strong>et</strong></span> <span class='ocrx_word' id='word_1_201' title='bbox 985 2701 1091 2738; x_wconf 84' lang='lat' dir='ltr'><strong>non</strong></span> <span class='ocrx_word' id='word_1_202' title='bbox 1121 2685 1172 2739; x_wconf 90' lang='lat' dir='ltr'><strong>in</strong></span> <span class='ocrx_word' id='word_1_203' title='bbox 1197 2691 1528 2746; x_wconf 84' lang='lat' dir='ltr'><strong>necessitate</strong></span> <span class='ocrx_word' id='word_1_204' title='bbox 1551 2691 1774 2746; x_wconf 78' lang='lat' dir='ltr'><strong>affertur</strong></span> <span class='ocrx_word' id='word_1_205' title='bbox 1807 2709 2012 2763; x_wconf 84' lang='lat' dir='ltr'><strong>;spon~</strong></span> 
     </span>
    </p>
   </div>
   <div class='ocr_carea' id='block_1_31' title="bbox 437 2777 2010 2855">
    <p class='ocr_par' dir='ltr' id='par_1_31' title="bbox 437 2777 2010 2855">
     <span class='ocr_line' id='line_1_31' title="bbox 437 2777 2010 2855; baseline 0.013 -37"><span class='ocrx_word' id='word_1_206' title='bbox 437 2784 528 2821; x_wconf 88' lang='lat' dir='ltr'><strong>sor</strong></span> <span class='ocrx_word' id='word_1_207' title='bbox 567 2778 746 2824; x_wconf 85' lang='lat' dir='ltr'><strong>autem</strong></span> <span class='ocrx_word' id='word_1_208' title='bbox 808 2777 1040 2840; x_wconf 85' lang='lat' dir='ltr'><strong>praedem</strong></span> <span class='ocrx_word' id='word_1_209' title='bbox 1097 2786 1204 2832; x_wconf 81' lang='lat' dir='ltr'><strong>tam</strong></span> <span class='ocrx_word' id='word_1_210' title='bbox 1271 2785 1572 2836; x_wconf 85' lang='lat' dir='ltr'><strong>secundum</strong></span> <span class='ocrx_word' id='word_1_211' title='bbox 1638 2784 1794 2839; x_wconf 87' lang='lat' dir='ltr'><strong>fidem</strong></span> <span class='ocrx_word' id='word_1_212' title='bbox 1847 2802 2010 2855; x_wconf 87' lang='lat' dir='ltr'><strong>quam</strong></span> 
     </span>
    </p>
   </div>
   <div class='ocr_carea' id='block_1_32' title="bbox 439 2861 2011 2930">
    <p class='ocr_par' dir='ltr' id='par_1_32' title="bbox 439 2861 2011 2930">
     <span class='ocr_line' id='line_1_32' title="bbox 439 2861 2011 2930; baseline 0.015 -24"><span class='ocrx_word' id='word_1_213' title='bbox 439 2861 736 2914; x_wconf 72' lang='lat' dir='ltr'><strong>secundum</strong></span> <span class='ocrx_word' id='word_1_214' title='bbox 784 2870 948 2918; x_wconf 79' lang='lat' dir='ltr'><strong>vrtam</strong></span> <span class='ocrx_word' id='word_1_215' title='bbox 988 2865 1219 2922; x_wconf 77' lang='lat' dir='ltr'><strong>exhibet.</strong></span> <span class='ocrx_word' id='word_1_216' title='bbox 1282 2869 1414 2923; x_wconf 84' lang='lat' dir='ltr'><strong>Dum</strong></span> <span class='ocrx_word' id='word_1_217' title='bbox 1475 2873 1713 2926; x_wconf 75' lang='lat' dir='ltr'><strong>vestibus</strong></span> <span class='ocrx_word' id='word_1_218' title='bbox 1766 2883 1815 2928; x_wconf 87' lang='lat' dir='ltr'><strong>et</strong></span> <span class='ocrx_word' id='word_1_219' title='bbox 1877 2890 2011 2930; x_wconf 71' lang='lat' dir='ltr'><strong>Iona</strong></span> 
     </span>
    </p>
   </div>
   <div class='ocr_carea' id='block_1_33' title="bbox 437 2951 2008 3018">
    <p class='ocr_par' dir='ltr' id='par_1_33' title="bbox 437 2951 2008 3018">
     <span class='ocr_line' id='line_1_33' title="bbox 437 2951 2008 3018; baseline 0.014 -22"><span class='ocrx_word' id='word_1_220' title='bbox 437 2958 637 3002; x_wconf 65' lang='grc' dir='ltr'>«ικιιιυε</span> <span class='ocrx_word' id='word_1_221' title='bbox 667 2951 842 3006; x_wconf 86' lang='lat' dir='ltr'><strong>adstat</strong></span> <span class='ocrx_word' id='word_1_222' title='bbox 898 2971 1022 3008; x_wconf 90' lang='lat' dir='ltr'><strong>cum</strong></span> <span class='ocrx_word' id='word_1_223' title='bbox 1089 2958 1266 3010; x_wconf 89' lang='lat' dir='ltr'><strong>tunica</strong></span> <span class='ocrx_word' id='word_1_224' title='bbox 1331 2973 1449 3013; x_wconf 87' lang='lat' dir='ltr'><strong>sese</strong></span> <span class='ocrx_word' id='word_1_225' title='bbox 1505 2962 1736 3014; x_wconf 78' lang='lat' dir='ltr'><strong>ostendit</strong></span> <span class='ocrx_word' id='word_1_226' title='bbox 1793 2979 2008 3018; x_wconf 82' lang='lat' dir='ltr'><strong>onmem</strong></span> 
     </span>
    </p>
   </div>
   <div class='ocr_carea' id='block_1_34' title="bbox 2106 506 3674 578">
    <p class='ocr_par' dir='ltr' id='par_1_34' title="bbox 2106 506 3674 578">
     <span class='ocr_line' id='line_1_34' title="bbox 2106 506 3674 578; baseline 0.003 -20"><span class='ocrx_word' id='word_1_227' title='bbox 2106 506 2382 576; x_wconf 84' lang='grc' dir='ltr'>Πνεύματι</span> <span class='ocrx_word' id='word_1_228' title='bbox 2403 507 2762 562; x_wconf 71' lang='grc' dir='ltr'>πλάττουσανο</span> <span class='ocrx_word' id='word_1_229' title='bbox 2791 509 2884 560; x_wconf 79' lang='grc' dir='ltr'><strong>καὶ</strong></span> <span class='ocrx_word' id='word_1_230' title='bbox 2911 508 3010 570; x_wconf 85' lang='grc' dir='ltr'><strong>τὰς</strong></span> <span class='ocrx_word' id='word_1_231' title='bbox 3043 507 3190 578; x_wconf 70' lang='grc' dir='ltr'>ἱερὰς</span> <span class='ocrx_word' id='word_1_232' title='bbox 3214 507 3379 578; x_wconf 79' lang='grc' dir='ltr'><strong>εὐχὰς</strong></span> <span class='ocrx_word' id='word_1_233' title='bbox 3411 506 3674 575; x_wconf 71' lang='grc' dir='ltr'>ἐπιλέγει.</span> 
     </span>
    </p>
   </div>
   <div class='ocr_carea' id='block_1_35' title="bbox 2118 597 3678 669">
    <p class='ocr_par' dir='ltr' id='par_1_35' title="bbox 2118 597 3678 669">
     <span class='ocr_line' id='line_1_35' title="bbox 2118 597 3678 669; baseline -0.002 -17"><span class='ocrx_word' id='word_1_234' title='bbox 2118 597 2280 652; x_wconf 75' lang='grc' dir='ltr'>Ἀλλὰ</span> <span class='ocrx_word' id='word_1_235' title='bbox 2307 599 2409 668; x_wconf 75' lang='grc' dir='ltr'>πρὸ</span> <span class='ocrx_word' id='word_1_236' title='bbox 2428 597 2524 653; x_wconf 88' lang='grc' dir='ltr'><strong>τοῦ</strong></span> <span class='ocrx_word' id='word_1_237' title='bbox 2541 599 2847 668; x_wconf 75' lang='grc' dir='ltr'>ἐμπνεῦσαι</span> <span class='ocrx_word' id='word_1_238' title='bbox 2873 599 2966 651; x_wconf 72' lang='grc' dir='ltr'><strong>καὶ</strong></span> <span class='ocrx_word' id='word_1_239' title='bbox 2989 602 3312 667; x_wconf 73' lang='grc' dir='ltr'>σφραγίσαι,</span> <span class='ocrx_word' id='word_1_240' title='bbox 3339 597 3413 663; x_wconf 82' lang='grc' dir='ltr'><strong>ὡς</strong></span> <span class='ocrx_word' id='word_1_241' title='bbox 3440 600 3678 669; x_wconf 75' lang='grc' dir='ltr'>ετρηται,</span> 
     </span>
    </p>
   </div>
   <div class='ocr_carea' id='block_1_36' title="bbox 2105 690 3674 761">
    <p class='ocr_par' dir='ltr' id='par_1_36' title="bbox 2105 690 3674 761">
     <span class='ocr_line' id='line_1_36' title="bbox 2105 690 3674 761; baseline -0.001 -17"><span class='ocrx_word' id='word_1_242' title='bbox 2105 691 2330 744; x_wconf 75' lang='grc' dir='ltr'><strong>ἀπολύει</strong></span> <span class='ocrx_word' id='word_1_243' title='bbox 2368 693 2465 760; x_wconf 76' lang='grc' dir='ltr'><strong>τῆς</strong></span> <span class='ocrx_word' id='word_1_244' title='bbox 2502 692 2676 761; x_wconf 79' lang='grc' dir='ltr'>ζώνης</span> <span class='ocrx_word' id='word_1_245' title='bbox 2709 693 2806 745; x_wconf 68' lang='grc' dir='ltr'><strong>καὶ</strong></span> <span class='ocrx_word' id='word_1_246' title='bbox 2839 691 3064 744; x_wconf 80' lang='grc' dir='ltr'>ἀποδύει</span> <span class='ocrx_word' id='word_1_247' title='bbox 3100 692 3191 742; x_wconf 83' lang='grc' dir='ltr'><strong>τὸν</strong></span> <span class='ocrx_word' id='word_1_248' title='bbox 3238 690 3674 761; x_wconf 78' lang='grc' dir='ltr'>κατηχούμενον,</span> 
     </span>
    </p>
   </div>
   <div class='ocr_carea' id='block_1_37' title="bbox 2106 781 3677 852">
    <p class='ocr_par' dir='ltr' id='par_1_37' title="bbox 2106 781 3677 852">
     <span class='ocr_line' id='line_1_37' title="bbox 2106 781 3677 852; baseline -0.002 -18"><span class='ocrx_word' id='word_1_249' title='bbox 2106 783 2327 852; x_wconf 83' lang='grc' dir='ltr'>ἀσκεπῆ</span> <span class='ocrx_word' id='word_1_250' title='bbox 2370 801 2429 837; x_wconf 85' lang='grc' dir='ltr'><strong>τε</strong></span> <span class='ocrx_word' id='word_1_251' title='bbox 2478 783 2576 852; x_wconf 82' lang='grc' dir='ltr'><strong>τὴν</strong></span> <span class='ocrx_word' id='word_1_252' title='bbox 2628 783 2894 852; x_wconf 76' lang='grc' dir='ltr'>κεφαλὴν,</span> <span class='ocrx_word' id='word_1_253' title='bbox 2929 783 3026 835; x_wconf 71' lang='grc' dir='ltr'><strong>καὶ</strong></span> <span class='ocrx_word' id='word_1_254' title='bbox 3070 784 3196 844; x_wconf 71' lang='grc' dir='ltr'>τοὺς</span> <span class='ocrx_word' id='word_1_255' title='bbox 3253 783 3422 844; x_wconf 80' lang='grc' dir='ltr'><strong>πόδας</strong></span> <span class='ocrx_word' id='word_1_256' title='bbox 3472 781 3677 849; x_wconf 61' lang='grc' dir='ltr'>γυμνὸν</span> 
     </span>
    </p>
   </div>
   <div class='ocr_carea' id='block_1_38' title="bbox 2105 871 3674 943">
    <p class='ocr_par' dir='ltr' id='par_1_38' title="bbox 2105 871 3674 943">
     <span class='ocr_line' id='line_1_38' title="bbox 2105 871 3674 943; baseline -0.003 -19"><span class='ocrx_word' id='word_1_257' title='bbox 2105 874 2427 942; x_wconf 70' lang='grc' dir='ltr'><strong>παρίστησι,</strong></span> <span class='ocrx_word' id='word_1_258' title='bbox 2487 873 2627 925; x_wconf 74' lang='grc' dir='ltr'>κατὰ</span> <span class='ocrx_word' id='word_1_259' title='bbox 2679 873 2945 934; x_wconf 71' lang='grc' dir='ltr'>ἀνατολὰς</span> <span class='ocrx_word' id='word_1_260' title='bbox 2985 872 3217 943; x_wconf 81' lang='grc' dir='ltr'>ὁρῶντα.</span> <span class='ocrx_word' id='word_1_261' title='bbox 3270 872 3335 924; x_wconf 83' lang='grc' dir='ltr'>Τί</span> <span class='ocrx_word' id='word_1_262' title='bbox 3390 873 3447 924; x_wconf 82' lang='grc' dir='ltr'>ὲν</span> <span class='ocrx_word' id='word_1_263' title='bbox 3498 871 3674 938; x_wconf 81' lang='grc' dir='ltr'>τούτῳ</span> 
     </span>
    </p>
   </div>
   <div class='ocr_carea' id='block_1_39' title="bbox 2105 955 3678 1030">
    <p class='ocr_par' dir='ltr' id='par_1_39' title="bbox 2105 955 3678 1030">
     <span class='ocr_line' id='line_1_39' title="bbox 2105 955 3678 1030; baseline -0.006 -16"><span class='ocrx_word' id='word_1_264' title='bbox 2105 961 2317 1028; x_wconf 79' lang='grc' dir='ltr'>δηλῶνς</span> <span class='ocrx_word' id='word_1_265' title='bbox 2354 961 2476 1015; x_wconf 61' lang='grc' dir='ltr'>ἷὈτηι</span> <span class='ocrx_word' id='word_1_266' title='bbox 2512 962 2540 1013; x_wconf 85' lang='grc' dir='ltr'>ὁ</span> <span class='ocrx_word' id='word_1_267' title='bbox 2576 960 3015 1030; x_wconf 71' lang='grc' dir='ltr'>προσερχόμενος</span> <span class='ocrx_word' id='word_1_268' title='bbox 3049 958 3125 1019; x_wconf 80' lang='grc' dir='ltr'>τῷ</span> <span class='ocrx_word' id='word_1_269' title='bbox 3152 955 3290 1026; x_wconf 75' lang='grc' dir='ltr'>θεῷ,</span> <span class='ocrx_word' id='word_1_270' title='bbox 3324 955 3579 1024; x_wconf 76' lang='grc' dir='ltr'>καὶπρὸς</span> <span class='ocrx_word' id='word_1_271' title='bbox 3616 955 3678 1005; x_wconf 78' lang='grc' dir='ltr'><strong>τὸ</strong></span> 
     </span>
    </p>
   </div>
   <div class='ocr_carea' id='block_1_40' title="bbox 2108 1044 3678 1121">
    <p class='ocr_par' dir='ltr' id='par_1_40' title="bbox 2108 1044 3678 1121">
     <span class='ocr_line' id='line_1_40' title="bbox 2108 1044 3678 1121; baseline -0.006 -15"><span class='ocrx_word' id='word_1_272' title='bbox 2108 1055 2224 1121; x_wconf 82' lang='grc' dir='ltr'><strong>φῶς</strong></span> <span class='ocrx_word' id='word_1_273' title='bbox 2273 1053 2333 1105; x_wconf 83' lang='grc' dir='ltr'><strong>τὸ</strong></span> <span class='ocrx_word' id='word_1_274' title='bbox 2385 1052 2640 1121; x_wconf 78' lang='grc' dir='ltr'>ἀληθινὸν</span> <span class='ocrx_word' id='word_1_275' title='bbox 2690 1052 2789 1121; x_wconf 71' lang='grc' dir='ltr'>ἤδη</span> <span class='ocrx_word' id='word_1_276' title='bbox 2830 1051 3060 1121; x_wconf 78' lang='grc' dir='ltr'>βλέπων,</span> <span class='ocrx_word' id='word_1_277' title='bbox 3109 1050 3136 1102; x_wconf 83' lang='grc' dir='ltr'><strong>ὂ</strong></span> <span class='ocrx_word' id='word_1_278' title='bbox 3172 1049 3325 1117; x_wconf 84' lang='grc' dir='ltr'>δηλοῖ</span> <span class='ocrx_word' id='word_1_279' title='bbox 3370 1051 3402 1118; x_wconf 73' lang='grc' dir='ltr'><strong>ἡ</strong></span> <span class='ocrx_word' id='word_1_280' title='bbox 3441 1044 3678 1106; x_wconf 80' lang='grc' dir='ltr'>ἀνατολὴ</span> 
     </span>
    </p>
   </div>
   <div class='ocr_carea' id='block_1_41' title="bbox 2109 1135 3678 1221">
    <p class='ocr_par' dir='ltr' id='par_1_41' title="bbox 2109 1135 3678 1221">
     <span class='ocr_line' id='line_1_41' title="bbox 2109 1135 3678 1221; baseline -0.006 -22"><span class='ocrx_word' id='word_1_281' title='bbox 2109 1146 2342 1221; x_wconf 59' lang='grc' dir='ltr'>(ἐκεῖθεν</span> <span class='ocrx_word' id='word_1_282' title='bbox 2375 1146 2483 1214; x_wconf 83' lang='grc' dir='ltr'>γὰρ</span> <span class='ocrx_word' id='word_1_283' title='bbox 2533 1145 2756 1216; x_wconf 75' lang='grc' dir='ltr'>ἔρχεται</span> <span class='ocrx_word' id='word_1_284' title='bbox 2789 1145 2849 1204; x_wconf 68' lang='grc' dir='ltr'>τὸ</span> <span class='ocrx_word' id='word_1_285' title='bbox 2887 1143 3049 1213; x_wconf 77' lang='grc' dir='ltr'>φῶς),</span> <span class='ocrx_word' id='word_1_286' title='bbox 3084 1142 3371 1210; x_wconf 76' lang='grc' dir='ltr'>ἐλεύθερος</span> <span class='ocrx_word' id='word_1_287' title='bbox 3399 1139 3506 1209; x_wconf 82' lang='grc' dir='ltr'><strong>χρὴ</strong></span> <span class='ocrx_word' id='word_1_288' title='bbox 3535 1135 3678 1191; x_wconf 77' lang='grc' dir='ltr'>εἶναι</span> 
     </span>
    </p>
   </div>
   <div class='ocr_carea' id='block_1_42' title="bbox 2107 1232 3680 1305">
    <p class='ocr_par' dir='ltr' id='par_1_42' title="bbox 2107 1232 3680 1305">
     <span class='ocr_line' id='line_1_42' title="bbox 2107 1232 3680 1305; baseline -0.008 -14"><span class='ocrx_word' id='word_1_289' title='bbox 2107 1239 2214 1291; x_wconf 83' lang='grc' dir='ltr'><strong>τῶν</strong></span> <span class='ocrx_word' id='word_1_290' title='bbox 2248 1236 2458 1302; x_wconf 75' lang='grc' dir='ltr'>παθῶν,</span> <span class='ocrx_word' id='word_1_291' title='bbox 2491 1236 2589 1290; x_wconf 76' lang='grc' dir='ltr'><strong>καὶ</strong></span> <span class='ocrx_word' id='word_1_292' title='bbox 2640 1234 2935 1305; x_wconf 75' lang='grc' dir='ltr'><strong>λελυμένος</strong></span> <span class='ocrx_word' id='word_1_293' title='bbox 2968 1234 3062 1301; x_wconf 85' lang='grc' dir='ltr'>τῆς</span> <span class='ocrx_word' id='word_1_294' title='bbox 3095 1233 3377 1298; x_wconf 76' lang='grc' dir='ltr'>ἀπιστίας,</span> <span class='ocrx_word' id='word_1_295' title='bbox 3409 1232 3504 1283; x_wconf 69' lang='grc' dir='ltr'><strong>καὶ</strong></span> <span class='ocrx_word' id='word_1_296' title='bbox 3535 1246 3680 1298; x_wconf 79' lang='grc' dir='ltr'>γυμ-</span> 
     </span>
    </p>
   </div>
   <div class='ocr_carea' id='block_1_43' title="bbox 2111 1323 3679 1398">
    <p class='ocr_par' dir='ltr' id='par_1_43' title="bbox 2111 1323 3679 1398">
     <span class='ocr_line' id='line_1_43' title="bbox 2111 1323 3679 1398; baseline -0.006 -14"><span class='ocrx_word' id='word_1_297' title='bbox 2111 1332 2197 1394; x_wconf 77' lang='grc' dir='ltr'>νὸς</span> <span class='ocrx_word' id='word_1_298' title='bbox 2239 1330 2422 1398; x_wconf 78' lang='grc' dir='ltr'>πάσης</span> <span class='ocrx_word' id='word_1_299' title='bbox 2484 1328 2730 1392; x_wconf 80' lang='grc' dir='ltr'>κακίας,</span> <span class='ocrx_word' id='word_1_300' title='bbox 2780 1328 2878 1380; x_wconf 65' lang='grc' dir='ltr'>καὶ</span> <span class='ocrx_word' id='word_1_301' title='bbox 2933 1325 3346 1397; x_wconf 76' lang='grc' dir='ltr'>περιϐλήματος</span> <span class='ocrx_word' id='word_1_302' title='bbox 3403 1323 3679 1391; x_wconf 77' lang='grc' dir='ltr'>ἁμαρτίας</span> 
     </span>
    </p>
   </div>
   <div class='ocr_carea' id='block_1_44' title="bbox 2110 1413 3679 1492">
    <p class='ocr_par' dir='ltr' id='par_1_44' title="bbox 2110 1413 3679 1492">
     <span class='ocr_line' id='line_1_44' title="bbox 2110 1413 3679 1492; baseline -0.006 -16"><span class='ocrx_word' id='word_1_303' title='bbox 2110 1425 2386 1490; x_wconf 61' lang='grc' dir='ltr'>ἀλλότριος</span> <span class='ocrx_word' id='word_1_304' title='bbox 2415 1463 2430 1488; x_wconf 90' lang='grc'><strong>,</strong></span> <span class='ocrx_word' id='word_1_305' title='bbox 2482 1423 2574 1474; x_wconf 75' lang='grc' dir='ltr'>καὶ</span> <span class='ocrx_word' id='word_1_306' title='bbox 2614 1421 2725 1492; x_wconf 82' lang='grc' dir='ltr'>τὴν.</span> <span class='ocrx_word' id='word_1_307' title='bbox 2772 1419 3017 1473; x_wconf 73' lang='grc' dir='ltr'><strong>δουλείαν</strong></span> <span class='ocrx_word' id='word_1_308' title='bbox 3068 1417 3388 1473; x_wconf 76' lang='grc' dir='ltr'>ὑποδεικνὺς</span> <span class='ocrx_word' id='word_1_309' title='bbox 3425 1415 3501 1480; x_wconf 79' lang='grc' dir='ltr'>τῷ</span> <span class='ocrx_word' id='word_1_310' title='bbox 3535 1413 3679 1481; x_wconf 77' lang='grc' dir='ltr'>Θεῷ.</span> 
     </span>
    </p>
   </div>
   <div class='ocr_carea' id='block_1_45' title="bbox 2109 1505 3684 1579">
    <p class='ocr_par' dir='ltr' id='par_1_45' title="bbox 2109 1505 3684 1579">
     <span class='ocr_line' id='line_1_45' title="bbox 2109 1505 3684 1579; baseline -0.008 -10"><span class='ocrx_word' id='word_1_311' title='bbox 2109 1516 2209 1569; x_wconf 84' lang='grc' dir='ltr'>Διά</span> <span class='ocrx_word' id='word_1_312' title='bbox 2254 1516 2412 1567; x_wconf 84' lang='grc' dir='ltr'>τοῦτο</span> <span class='ocrx_word' id='word_1_313' title='bbox 2473 1514 2654 1566; x_wconf 81' lang='grc' dir='ltr'><strong>τοίνυν</strong></span> <span class='ocrx_word' id='word_1_314' title='bbox 2691 1512 2912 1566; x_wconf 83' lang='grc' dir='ltr'>ἵσταται</span> <span class='ocrx_word' id='word_1_315' title='bbox 2947 1509 3177 1579; x_wconf 69' lang='grc' dir='ltr'>γυμνός.</span> <span class='ocrx_word' id='word_1_316' title='bbox 3211 1508 3319 1560; x_wconf 74' lang='grc' dir='ltr'>Καὶ</span> <span class='ocrx_word' id='word_1_317' title='bbox 3353 1508 3432 1558; x_wconf 74' lang='grc' dir='ltr'><strong>ἑτι</strong></span> <span class='ocrx_word' id='word_1_318' title='bbox 3486 1505 3563 1568; x_wconf 87' lang='grc' dir='ltr'><strong>δὲ,</strong></span> <span class='ocrx_word' id='word_1_319' title='bbox 3591 1505 3684 1557; x_wconf 62' lang='grc' dir='ltr'>διὰ</span> 
     </span>
    </p>
   </div>
   <div class='ocr_carea' id='block_1_46' title="bbox 2108 1597 3679 1678">
    <p class='ocr_par' dir='ltr' id='par_1_46' title="bbox 2108 1597 3679 1678">
     <span class='ocr_line' id='line_1_46' title="bbox 2108 1597 3679 1678; baseline -0.008 -19"><span class='ocrx_word' id='word_1_320' title='bbox 2108 1609 2170 1660; x_wconf 82' lang='grc' dir='ltr'><strong>τὸ</strong></span> <span class='ocrx_word' id='word_1_321' title='bbox 2219 1607 2431 1678; x_wconf 82' lang='grc' dir='ltr'>γυμνὸν</span> <span class='ocrx_word' id='word_1_322' title='bbox 2482 1604 2764 1672; x_wconf 80' lang='grc' dir='ltr'>γεγονέναι</span> <span class='ocrx_word' id='word_1_323' title='bbox 2799 1604 2865 1672; x_wconf 75' lang='grc' dir='ltr'>τῇ</span> <span class='ocrx_word' id='word_1_324' title='bbox 2907 1601 3154 1671; x_wconf 71' lang='grc' dir='ltr'><strong>ἀιμαρτίᾳ⁵</strong></span> <span class='ocrx_word' id='word_1_325' title='bbox 3210 1600 3304 1651; x_wconf 80' lang='grc' dir='ltr'>τὸν</span> <span class='ocrx_word' id='word_1_326' title='bbox 3365 1597 3679 1665; x_wconf 76' lang='grc' dir='ltr'>ἄνθρωπον,</span> 
     </span>
    </p>
   </div>
   <div class='ocr_carea' id='block_1_47' title="bbox 2110 1687 3686 1769">
    <p class='ocr_par' dir='ltr' id='par_1_47' title="bbox 2110 1687 3686 1769">
     <span class='ocr_line' id='line_1_47' title="bbox 2110 1687 3686 1769; baseline -0.009 -16"><span class='ocrx_word' id='word_1_327' title='bbox 2110 1700 2208 1753; x_wconf 72' lang='grc' dir='ltr'><strong>καὶ</strong></span> <span class='ocrx_word' id='word_1_328' title='bbox 2236 1699 2332 1769; x_wconf 84' lang='grc' dir='ltr'><strong>τὴν</strong></span> <span class='ocrx_word' id='word_1_329' title='bbox 2364 1698 2694 1766; x_wconf 70' lang='grc' dir='ltr'>θεοῢφαντον</span> <span class='ocrx_word' id='word_1_330' title='bbox 2745 1695 3010 1749; x_wconf 77' lang='grc' dir='ltr'>ἀπολέσαι</span> <span class='ocrx_word' id='word_1_331' title='bbox 3063 1690 3382 1763; x_wconf 77' lang='grc' dir='ltr'>περιϐολὴν,</span> <span class='ocrx_word' id='word_1_332' title='bbox 3427 1688 3584 1742; x_wconf 85' lang='grc' dir='ltr'>τοῦτο</span> <span class='ocrx_word' id='word_1_333' title='bbox 3619 1687 3686 1739; x_wconf 81' lang='grc' dir='ltr'>τὸ</span> 
     </span>
    </p>
   </div>
   <div class='ocr_carea' id='block_1_48' title="bbox 2113 1779 3684 1864">
    <p class='ocr_par' dir='ltr' id='par_1_48' title="bbox 2113 1779 3684 1864">
     <span class='ocr_line' id='line_1_48' title="bbox 2113 1779 3684 1864; baseline -0.01 -20"><span class='ocrx_word' id='word_1_334' title='bbox 2113 1793 2306 1864; x_wconf 80' lang='grc' dir='ltr'>σχῆμα</span> <span class='ocrx_word' id='word_1_335' title='bbox 2353 1792 2452 1860; x_wconf 76' lang='grc' dir='ltr'>τῆς</span> <span class='ocrx_word' id='word_1_336' title='bbox 2514 1789 2850 1858; x_wconf 82' lang='grc' dir='ltr'>γυμνώσεως</span> <span class='ocrx_word' id='word_1_337' title='bbox 2911 1786 3206 1856; x_wconf 77' lang='grc' dir='ltr'>μαρτυρεῖ.</span> <span class='ocrx_word' id='word_1_338' title='bbox 3281 1783 3500 1850; x_wconf 79' lang='grc' dir='ltr'>Ἐπειδὴ</span> <span class='ocrx_word' id='word_1_339' title='bbox 3566 1779 3684 1848; x_wconf 78' lang='grc' dir='ltr'><strong>γὰρ</strong></span> 
     </span>
    </p>
   </div>
   <div class='ocr_carea' id='block_1_49' title="bbox 2115 1870 3685 1952">
    <p class='ocr_par' dir='ltr' id='par_1_49' title="bbox 2115 1870 3685 1952">
     <span class='ocr_line' id='line_1_49' title="bbox 2115 1870 3685 1952; baseline -0.01 -14"><span class='ocrx_word' id='word_1_340' title='bbox 2115 1883 2528 1952; x_wconf 85' lang='grc' dir='ltr'>προσέρχεται,</span> <span class='ocrx_word' id='word_1_341' title='bbox 2570 1880 2660 1933; x_wconf 84' lang='grc' dir='ltr'><strong>τὸν</strong></span> <span class='ocrx_word' id='word_1_342' title='bbox 2722 1878 2895 1948; x_wconf 81' lang='grc' dir='ltr'>ῥύπον</span> <span class='ocrx_word' id='word_1_343' title='bbox 2957 1877 3060 1946; x_wconf 76' lang='grc' dir='ltr'>τῆς</span> <span class='ocrx_word' id='word_1_344' title='bbox 3125 1875 3401 1946; x_wconf 84' lang='grc' dir='ltr'>ἁμαρτίας</span> <span class='ocrx_word' id='word_1_345' title='bbox 3451 1870 3685 1944; x_wconf 72' lang='grc' dir='ltr'>καὶτῆς</span> 
     </span>
    </p>
   </div>
   <div class='ocr_carea' id='block_1_50' title="bbox 2111 1960 3681 2036">
    <p class='ocr_par' dir='ltr' id='par_1_50' title="bbox 2111 1960 3681 2036">
     <span class='ocr_line' id='line_1_50' title="bbox 2111 1960 3681 2036; baseline -0.01 -10"><span class='ocrx_word' id='word_1_346' title='bbox 2111 1973 2370 2036; x_wconf 78' lang='grc' dir='ltr'>ἀπιστίας</span> <span class='ocrx_word' id='word_1_347' title='bbox 2422 1969 2838 2034; x_wconf 81' lang='grc' dir='ltr'>ἀποδαλέσθαι,</span> <span class='ocrx_word' id='word_1_348' title='bbox 2898 1967 2993 2020; x_wconf 74' lang='grc' dir='ltr'>καὶ</span> <span class='ocrx_word' id='word_1_349' title='bbox 3041 1966 3158 2028; x_wconf 80' lang='grc' dir='ltr'>ὅλος</span> <span class='ocrx_word' id='word_1_350' title='bbox 3213 1961 3466 2033; x_wconf 80' lang='grc' dir='ltr'>γενέσθαι</span> <span class='ocrx_word' id='word_1_351' title='bbox 3537 1960 3681 2021; x_wconf 84' lang='grc' dir='ltr'>νέος,</span> 
     </span>
    </p>
   </div>
   <div class='ocr_carea' id='block_1_51' title="bbox 2112 2043 3687 2136">
    <p class='ocr_par' dir='ltr' id='par_1_51' title="bbox 2112 2043 3687 2136">
     <span class='ocr_line' id='line_1_51' title="bbox 2112 2043 3687 2136; baseline -0.01 -17"><span class='ocrx_word' id='word_1_352' title='bbox 2112 2069 2208 2119; x_wconf 66' lang='grc' dir='ltr'><strong>καὶ</strong></span> <span class='ocrx_word' id='word_1_353' title='bbox 2266 2066 2367 2136; x_wconf 79' lang='grc' dir='ltr'>τὴν</span> <span class='ocrx_word' id='word_1_354' title='bbox 2426 2043 2642 2133; x_wconf 67' lang='grc' dir='ltr'>μορφὴν</span> <span class='ocrx_word' id='word_1_355' title='bbox 2683 2061 2779 2116; x_wconf 83' lang='grc' dir='ltr'>τοῦ</span> <span class='ocrx_word' id='word_1_356' title='bbox 2832 2062 2953 2114; x_wconf 84' lang='grc' dir='ltr'>νέου</span> <span class='ocrx_word' id='word_1_357' title='bbox 3002 2059 3177 2126; x_wconf 75' lang='grc' dir='ltr'>Ἀδὰμ</span> <span class='ocrx_word' id='word_1_358' title='bbox 3237 2053 3561 2110; x_wconf 80' lang='grc' dir='ltr'>ἐνδύσασθαι</span> <span class='ocrx_word' id='word_1_359' title='bbox 3591 2054 3687 2104; x_wconf 74' lang='grc' dir='ltr'>καὶ</span> 
     </span>
    </p>
   </div>
   <div class='ocr_carea' id='block_1_52' title="bbox 2113 2143 3685 2226">
    <p class='ocr_par' dir='ltr' id='par_1_52' title="bbox 2113 2143 3685 2226">
     <span class='ocr_line' id='line_1_52' title="bbox 2113 2143 3685 2226; baseline -0.01 -18"><span class='ocrx_word' id='word_1_360' title='bbox 2113 2159 2191 2218; x_wconf 81' lang='grc' dir='ltr'><strong>είς</strong></span> <span class='ocrx_word' id='word_1_361' title='bbox 2245 2155 2304 2208; x_wconf 81' lang='grc' dir='ltr'><strong>τὸ</strong></span> <span class='ocrx_word' id='word_1_362' title='bbox 2344 2157 2594 2226; x_wconf 82' lang='grc' dir='ltr'>κρεῖττον</span> <span class='ocrx_word' id='word_1_363' title='bbox 2644 2155 2676 2222; x_wconf 87' lang='grc' dir='ltr'>ἢ</span> <span class='ocrx_word' id='word_1_364' title='bbox 2716 2153 2982 2222; x_wconf 73' lang='grc' dir='ltr'>πρότερον</span> <span class='ocrx_word' id='word_1_365' title='bbox 3033 2151 3280 2219; x_wconf 82' lang='grc' dir='ltr'>ὑπῆρχεν</span> <span class='ocrx_word' id='word_1_366' title='bbox 3324 2143 3685 2206; x_wconf 79' lang='grc' dir='ltr'>ἐπανελθεῖν,</span> 
     </span>
    </p>
   </div>
   <div class='ocr_carea' id='block_1_53' title="bbox 2111 2236 3685 2318">
    <p class='ocr_par' dir='ltr' id='par_1_53' title="bbox 2111 2236 3685 2318">
     <span class='ocr_line' id='line_1_53' title="bbox 2111 2236 3685 2318; baseline -0.01 -18"><span class='ocrx_word' id='word_1_367' title='bbox 2111 2249 2208 2318; x_wconf 85' lang='grc' dir='ltr'>τὴν</span> <span class='ocrx_word' id='word_1_368' title='bbox 2241 2248 2521 2316; x_wconf 81' lang='grc' dir='ltr'>γύμνωσιν</span> <span class='ocrx_word' id='word_1_369' title='bbox 2552 2246 2812 2309; x_wconf 81' lang='grc' dir='ltr'>δείκνυσι,</span> <span class='ocrx_word' id='word_1_370' title='bbox 2841 2245 2937 2297; x_wconf 75' lang='grc' dir='ltr'><strong>καὶ</strong></span> <span class='ocrx_word' id='word_1_371' title='bbox 2967 2243 3234 2313; x_wconf 73' lang='grc' dir='ltr'>μαρτυρεῖ</span> <span class='ocrx_word' id='word_1_372' title='bbox 3259 2239 3356 2308; x_wconf 82' lang='grc' dir='ltr'>τὴν</span> <span class='ocrx_word' id='word_1_373' title='bbox 3391 2236 3685 2306; x_wconf 60' lang='grc' dir='ltr'>αἰσχύνην</span> 
     </span>
    </p>
   </div>
   <div class='ocr_carea' id='block_1_54' title="bbox 2112 2327 3688 2407">
    <p class='ocr_par' dir='ltr' id='par_1_54' title="bbox 2112 2327 3688 2407">
     <span class='ocr_line' id='line_1_54' title="bbox 2112 2327 3688 2407; baseline -0.011 -12"><span class='ocrx_word' id='word_1_374' title='bbox 2112 2344 2211 2395; x_wconf 69' lang='grc' dir='ltr'>καὶ</span> <span class='ocrx_word' id='word_1_375' title='bbox 2236 2339 2412 2400; x_wconf 75' lang='grc' dir='ltr'>οὕτως</span> <span class='ocrx_word' id='word_1_376' title='bbox 2445 2339 2731 2407; x_wconf 80' lang='grc' dir='ltr'>ἱστάμενος</span> <span class='ocrx_word' id='word_1_377' title='bbox 2763 2335 3177 2404; x_wconf 81' lang='grc' dir='ltr'>ἐκκαθαίρεται,</span> <span class='ocrx_word' id='word_1_378' title='bbox 3229 2330 3326 2400; x_wconf 84' lang='grc' dir='ltr'><strong>τὴν</strong></span> <span class='ocrx_word' id='word_1_379' title='bbox 3357 2327 3688 2397; x_wconf 63' lang='grc' dir='ltr'>ἁναμόρφω-</span> 
     </span>
    </p>
   </div>
   <div class='ocr_carea' id='block_1_55' title="bbox 2116 2412 3690 2496">
    <p class='ocr_par' dir='ltr' id='par_1_55' title="bbox 2116 2412 3690 2496">
     <span class='ocr_line' id='line_1_55' title="bbox 2116 2412 3690 2496; baseline -0.015 -14"><span class='ocrx_word' id='word_1_380' title='bbox 2116 2447 2202 2494; x_wconf 83' lang='grc' dir='ltr'><strong>σιν</strong></span> <span class='ocrx_word' id='word_1_381' title='bbox 2261 2427 2533 2496; x_wconf 75' lang='grc' dir='ltr'>ἐκζητῶν.</span> <span class='ocrx_word' id='word_1_382' title='bbox 2595 2425 2710 2477; x_wconf 81' lang='grc' dir='ltr'>Ἵνα</span> <span class='ocrx_word' id='word_1_383' title='bbox 2754 2425 2810 2477; x_wconf 78' lang='grc' dir='ltr'>δὲ</span> <span class='ocrx_word' id='word_1_384' title='bbox 2868 2423 2941 2492; x_wconf 86' lang='grc' dir='ltr'>μὴ</span> <span class='ocrx_word' id='word_1_385' title='bbox 2990 2420 3319 2490; x_wconf 71' lang='grc' dir='ltr'>μηκύνοντες</span> <span class='ocrx_word' id='word_1_386' title='bbox 3372 2415 3463 2467; x_wconf 74' lang='grc' dir='ltr'>τὸν</span> <span class='ocrx_word' id='word_1_387' title='bbox 3526 2412 3690 2477; x_wconf 74' lang='grc' dir='ltr'>λόγον</span> 
     </span>
    </p>
   </div>
   <div class='ocr_carea' id='block_1_56' title="bbox 2113 2503 3688 2590">
    <p class='ocr_par' dir='ltr' id='par_1_56' title="bbox 2113 2503 3688 2590">
     <span class='ocr_line' id='line_1_56' title="bbox 2113 2503 3688 2590; baseline -0.014 -16"><span class='ocrx_word' id='word_1_388' title='bbox 2113 2521 2274 2590; x_wconf 82' lang='grc' dir='ltr'>κόρον</span> <span class='ocrx_word' id='word_1_389' title='bbox 2319 2520 2438 2580; x_wconf 81' lang='grc' dir='ltr'>ταῖς</span> <span class='ocrx_word' id='word_1_390' title='bbox 2473 2518 2666 2578; x_wconf 80' lang='grc' dir='ltr'><strong>ἀκοαῖς</strong></span> <span class='ocrx_word' id='word_1_391' title='bbox 2715 2514 3130 2583; x_wconf 81' lang='grc' dir='ltr'>ἐμποιήσωμεν,</span> <span class='ocrx_word' id='word_1_392' title='bbox 3190 2503 3574 2574; x_wconf 71' lang='grc' dir='ltr'><strong>κεφαλαιωδῶς</strong></span> <span class='ocrx_word' id='word_1_393' title='bbox 3608 2503 3688 2553; x_wconf 76' lang='grc' dir='ltr'><strong>εῖ-</strong></span> 
     </span>
    </p>
   </div>
   <div class='ocr_carea' id='block_1_57' title="bbox 2115 2595 3690 2681">
    <p class='ocr_par' dir='ltr' id='par_1_57' title="bbox 2115 2595 3690 2681">
     <span class='ocr_line' id='line_1_57' title="bbox 2115 2595 3690 2681; baseline -0.014 -16"><span class='ocrx_word' id='word_1_394' title='bbox 2115 2629 2304 2681; x_wconf 85' lang='grc' dir='ltr'>πωμεν</span> <span class='ocrx_word' id='word_1_395' title='bbox 2350 2612 2450 2681; x_wconf 79' lang='grc' dir='ltr'>ήδη</span> <span class='ocrx_word' id='word_1_396' title='bbox 2499 2611 2626 2678; x_wconf 69' lang='grc' dir='ltr'>περὶ</span> <span class='ocrx_word' id='word_1_397' title='bbox 2678 2607 2772 2660; x_wconf 90' lang='grc' dir='ltr'><strong>τοῦ</strong></span> <span class='ocrx_word' id='word_1_398' title='bbox 2813 2605 3200 2674; x_wconf 79' lang='grc' dir='ltr'>προκειμένου.</span> <span class='ocrx_word' id='word_1_399' title='bbox 3249 2599 3310 2652; x_wconf 85' lang='lat'><strong>&#39;0</strong></span> <span class='ocrx_word' id='word_1_400' title='bbox 3367 2596 3465 2666; x_wconf 78' lang='grc' dir='ltr'><strong>μὲν</strong></span> <span class='ocrx_word' id='word_1_401' title='bbox 3497 2595 3690 2664; x_wconf 83' lang='grc' dir='ltr'>ἀρχιε-</span> 
     </span>
    </p>
   </div>
   <div class='ocr_carea' id='block_1_58' title="bbox 2119 2685 3678 2776">
    <p class='ocr_par' dir='ltr' id='par_1_58' title="bbox 2119 2685 3678 2776">
     <span class='ocr_line' id='line_1_58' title="bbox 2119 2685 3678 2776; baseline -0.014 -17"><span class='ocrx_word' id='word_1_402' title='bbox 2119 2705 2244 2776; x_wconf 79' lang='grc' dir='ltr'>ρεὺς</span> <span class='ocrx_word' id='word_1_403' title='bbox 2293 2709 2390 2758; x_wconf 72' lang='grc' dir='ltr'>καὶ</span> <span class='ocrx_word' id='word_1_404' title='bbox 2431 2704 2610 2772; x_wconf 78' lang='grc' dir='ltr'>ἱερεὺς</span> <span class='ocrx_word' id='word_1_405' title='bbox 2647 2696 2947 2770; x_wconf 79' lang='grc' dir='ltr'>βαπτίζων.</span> <span class='ocrx_word' id='word_1_406' title='bbox 2983 2695 3144 2749; x_wconf 75' lang='grc' dir='ltr'>αὐτὸν</span> <span class='ocrx_word' id='word_1_407' title='bbox 3176 2693 3408 2746; x_wconf 78' lang='grc' dir='ltr'>ὲκτυποῖ</span> <span class='ocrx_word' id='word_1_408' title='bbox 3439 2688 3530 2739; x_wconf 77' lang='grc' dir='ltr'><strong>τὸν</strong></span> <span class='ocrx_word' id='word_1_409' title='bbox 3563 2685 3678 2738; x_wconf 62' lang='lat' dir='ltr'><strong>K5-</strong></span> 
     </span>
    </p>
   </div>
   <div class='ocr_carea' id='block_1_59' title="bbox 2115 2778 3694 2868">
    <p class='ocr_par' dir='ltr' id='par_1_59' title="bbox 2115 2778 3694 2868">
     <span class='ocr_line' id='line_1_59' title="bbox 2115 2778 3694 2868; baseline -0.015 -17"><span class='ocrx_word' id='word_1_410' title='bbox 2115 2815 2253 2868; x_wconf 82' lang='grc' dir='ltr'>ριον,</span> <span class='ocrx_word' id='word_1_411' title='bbox 2290 2799 2381 2849; x_wconf 77' lang='grc' dir='ltr'><strong>τὸν</strong></span> <span class='ocrx_word' id='word_1_412' title='bbox 2413 2798 2472 2848; x_wconf 81' lang='grc' dir='ltr'>ὲν</span> <span class='ocrx_word' id='word_1_413' title='bbox 2501 2797 2635 2848; x_wconf 78' lang='grc' dir='ltr'>πᾶσι</span> <span class='ocrx_word' id='word_1_414' title='bbox 2665 2797 2733 2846; x_wconf 88' lang='grc' dir='ltr'><strong>τά</strong></span> <span class='ocrx_word' id='word_1_415' title='bbox 2766 2792 2943 2845; x_wconf 79' lang='grc' dir='ltr'>πάντα</span> <span class='ocrx_word' id='word_1_416' title='bbox 2975 2787 3253 2850; x_wconf 81' lang='grc' dir='ltr'>ποιοῦντα,</span> <span class='ocrx_word' id='word_1_417' title='bbox 3295 2784 3418 2837; x_wconf 77' lang='grc' dir='ltr'>ἐπεὶ</span> <span class='ocrx_word' id='word_1_418' title='bbox 3464 2780 3560 2833; x_wconf 75' lang='grc' dir='ltr'>καὶ</span> <span class='ocrx_word' id='word_1_419' title='bbox 3588 2778 3694 2846; x_wconf 80' lang='grc' dir='ltr'>τὴν</span> 
     </span>
    </p>
   </div>
   <div class='ocr_carea' id='block_1_60' title="bbox 2115 2873 3686 2957">
    <p class='ocr_par' dir='ltr' id='par_1_60' title="bbox 2115 2873 3686 2957">
     <span class='ocr_line' id='line_1_60' title="bbox 2115 2873 3686 2957; baseline -0.015 -13"><span class='ocrx_word' id='word_1_420' title='bbox 2115 2890 2280 2944; x_wconf 80' lang='grc' dir='ltr'>αὑτοῦ</span> <span class='ocrx_word' id='word_1_421' title='bbox 2313 2889 2474 2957; x_wconf 79' lang='grc' dir='ltr'>φέρει</span> <span class='ocrx_word' id='word_1_422' title='bbox 2527 2887 2776 2954; x_wconf 84' lang='grc' dir='ltr'>δύναμιν,</span> <span class='ocrx_word' id='word_1_423' title='bbox 2811 2883 2900 2935; x_wconf 79' lang='grc' dir='ltr'><strong>τὸν</strong></span> <span class='ocrx_word' id='word_1_424' title='bbox 2932 2881 3023 2933; x_wconf 75' lang='grc' dir='ltr'>καὶ</span> <span class='ocrx_word' id='word_1_425' title='bbox 3069 2879 3350 2932; x_wconf 75' lang='grc' dir='ltr'>πλάσαντα</span> <span class='ocrx_word' id='word_1_426' title='bbox 3394 2873 3686 2942; x_wconf 73' lang='grc' dir='ltr'>πρότερον,</span> 
     </span>
    </p>
   </div>
   <div class='ocr_carea' id='block_1_61' title="bbox 2119 2963 3695 3042">
    <p class='ocr_par' dir='ltr' id='par_1_61' title="bbox 2119 2963 3695 3042">
     <span class='ocr_line' id='line_1_61' title="bbox 2119 2963 3695 3042; baseline -0.014 -7"><span class='ocrx_word' id='word_1_427' title='bbox 2119 2983 2214 3036; x_wconf 72' lang='grc' dir='ltr'>καὶ</span> <span class='ocrx_word' id='word_1_428' title='bbox 2256 2978 2413 3042; x_wconf 81' lang='grc' dir='ltr'>αὖθις</span> <span class='ocrx_word' id='word_1_429' title='bbox 2460 2977 2911 3033; x_wconf 79' lang='grc' dir='ltr'>ἀναπλάττονταο</span> <span class='ocrx_word' id='word_1_430' title='bbox 2963 2975 2991 3026; x_wconf 87' lang='grc' dir='ltr'>ὁ</span> <span class='ocrx_word' id='word_1_431' title='bbox 3051 2969 3445 3041; x_wconf 75' lang='grc' dir='ltr'>βαπτιζόμενος</span> <span class='ocrx_word' id='word_1_432' title='bbox 3495 2965 3550 3018; x_wconf 82' lang='grc' dir='ltr'>δὲ</span> <span class='ocrx_word' id='word_1_433' title='bbox 3597 2963 3695 3014; x_wconf 83' lang='grc' dir='ltr'><strong>τὸν</strong></span> 
     </span>
    </p>
   </div>
   <div class='ocr_carea' id='block_1_62' title="bbox 440 3041 2031 3143">
    <p class='ocr_par' dir='ltr' id='par_1_62' title="bbox 440 3041 2008 3116">
     <span class='ocr_line' id='line_1_62' title="bbox 440 3041 2008 3116; baseline 0.013 -25"><span class='ocrx_word' id='word_1_434' title='bbox 440 3041 670 3109; x_wconf 79' lang='lat' dir='ltr'><strong>abjieere</strong></span> <span class='ocrx_word' id='word_1_435' title='bbox 696 3045 980 3110; x_wconf 85' lang='lat' dir='ltr'><strong>malitiam,</strong></span> <span class='ocrx_word' id='word_1_436' title='bbox 1004 3064 1029 3098; x_wconf 88' lang='lat' dir='ltr'><strong>a</strong></span> <span class='ocrx_word' id='word_1_437' title='bbox 1061 3049 1260 3116; x_wconf 68' lang='lat' dir='ltr'><strong>pecvati</strong></span> <span class='ocrx_word' id='word_1_438' title='bbox 1293 3050 1527 3105; x_wconf 87' lang='lat' dir='ltr'><strong>vinculis</strong></span> <span class='ocrx_word' id='word_1_439' title='bbox 1551 3051 1778 3116; x_wconf 88' lang='lat' dir='ltr'><strong>absolvi,</strong></span> <span class='ocrx_word' id='word_1_440' title='bbox 1806 3059 2008 3110; x_wconf 90' lang='lat' dir='ltr'><strong>nudum</strong></span> 
     </span>
    </p>
   </div>
   <div class='ocr_carea' id='block_1_63' title="bbox 2118 3041 3692 3143">
    <p class='ocr_par' dir='ltr' id='par_1_63' title="bbox 2119 3041 3692 3143">
     <span class='ocr_line' id='line_1_63' title="bbox 2119 3041 3692 3143; baseline -0.015 -15"><span class='ocrx_word' id='word_1_441' title='bbox 2119 3073 2506 3143; x_wconf 83' lang='grc' dir='ltr'>παραπεσόντα</span> <span class='ocrx_word' id='word_1_442' title='bbox 2551 3069 2737 3138; x_wconf 78' lang='grc' dir='ltr'>Ἀδὰμ,</span> <span class='ocrx_word' id='word_1_443' title='bbox 2786 3067 2911 3120; x_wconf 72' lang='grc' dir='ltr'>ἐπεὶ</span> <span class='ocrx_word' id='word_1_444' title='bbox 2959 3065 3053 3118; x_wconf 76' lang='grc' dir='ltr'>καὶ</span> <span class='ocrx_word' id='word_1_445' title='bbox 3085 3063 3140 3115; x_wconf 82' lang='grc' dir='ltr'><strong>τὸ</strong></span> <span class='ocrx_word' id='word_1_446' title='bbox 3172 3057 3594 3128; x_wconf 81' lang='grc' dir='ltr'>προσέρχεσθαι,</span> <span class='ocrx_word' id='word_1_447' title='bbox 3626 3053 3692 3106; x_wconf 82' lang='grc' dir='ltr'><strong>τὸ</strong></span> 
     </span>
    </p>
   </div>
   <div class='ocr_carea' id='block_1_64' title="bbox 441 3135 2013 3209">
    <p class='ocr_par' dir='ltr' id='par_1_64' title="bbox 441 3135 2013 3209">
     <span class='ocr_line' id='line_1_64' title="bbox 441 3135 2013 3209; baseline 0.015 -31"><span class='ocrx_word' id='word_1_448' title='bbox 441 3144 624 3183; x_wconf 74' lang='lat' dir='ltr'><strong>errore</strong></span> <span class='ocrx_word' id='word_1_449' title='bbox 649 3140 698 3182; x_wconf 82' lang='lat' dir='ltr'><strong>et</strong></span> <span class='ocrx_word' id='word_1_450' title='bbox 751 3135 1095 3204; x_wconf 80' lang='lat' dir='ltr'><strong>corruptione</strong></span> <span class='ocrx_word' id='word_1_451' title='bbox 1123 3138 1185 3189; x_wconf 81' lang='lat' dir='ltr'><strong>ad</strong></span> <span class='ocrx_word' id='word_1_452' title='bbox 1237 3137 1513 3194; x_wconf 82' lang='lat' dir='ltr'><strong>Christum</strong></span> <span class='ocrx_word' id='word_1_453' title='bbox 1577 3143 1853 3209; x_wconf 86' lang='lat' dir='ltr'><strong>accedere,</strong></span> <span class='ocrx_word' id='word_1_454' title='bbox 1887 3162 2013 3202; x_wconf 86' lang='lat' dir='ltr'><strong>nec-</strong></span> 
     </span>
    </p>
   </div>
   <div class='ocr_carea' id='block_1_65' title="bbox 443 3221 2015 3301">
    <p class='ocr_par' dir='ltr' id='par_1_65' title="bbox 443 3221 2015 3301">
     <span class='ocr_line' id='line_1_65' title="bbox 443 3221 2015 3301; baseline 0.013 -29"><span class='ocrx_word' id='word_1_455' title='bbox 443 3235 548 3273; x_wconf 86' lang='lat' dir='ltr'><strong>non</strong></span> <span class='ocrx_word' id='word_1_456' title='bbox 580 3221 900 3277; x_wconf 82' lang='lat' dir='ltr'><strong>deelinando</strong></span> <span class='ocrx_word' id='word_1_457' title='bbox 926 3229 1188 3280; x_wconf 80' lang='lat' dir='ltr'><strong>nudatum</strong></span> <span class='ocrx_word' id='word_1_458' title='bbox 1230 3228 1420 3296; x_wconf 71' lang='lat' dir='ltr'><strong>fuisse,</strong></span> <span class='ocrx_word' id='word_1_459' title='bbox 1454 3233 1634 3301; x_wconf 84' lang='lat' dir='ltr'><strong>priore</strong></span> <span class='ocrx_word' id='word_1_460' title='bbox 1658 3235 1854 3289; x_wconf 86' lang='lat' dir='ltr'><strong>amissa</strong></span> <span class='ocrx_word' id='word_1_461' title='bbox 1878 3238 2015 3293; x_wconf 88' lang='lat' dir='ltr'><strong>stola</strong></span> 
     </span>
    </p>
   </div>
   <div class='ocr_carea' id='block_1_66' title="bbox 440 3314 2017 3394">
    <p class='ocr_par' dir='ltr' id='par_1_66' title="bbox 440 3314 2017 3394">
     <span class='ocr_line' id='line_1_66' title="bbox 440 3314 2017 3394; baseline 0.012 -32"><span class='ocrx_word' id='word_1_462' title='bbox 440 3326 603 3378; x_wconf 84' lang='lat' dir='ltr'><strong>quam</strong></span> <span class='ocrx_word' id='word_1_463' title='bbox 645 3314 807 3367; x_wconf 87' lang='lat' dir='ltr'><strong>modo</strong></span> <span class='ocrx_word' id='word_1_464' title='bbox 848 3318 994 3371; x_wconf 85' lang='lat' dir='ltr'><strong>venit</strong></span> <span class='ocrx_word' id='word_1_465' title='bbox 1020 3321 1440 3388; x_wconf 72' lang='lat' dir='ltr'><strong>splendidiorem</strong></span> <span class='ocrx_word' id='word_1_466' title='bbox 1471 3340 1566 3391; x_wconf 89' lang='lat' dir='ltr'><strong>per</strong></span> <span class='ocrx_word' id='word_1_467' title='bbox 1607 3326 1874 3394; x_wconf 82' lang='lat' dir='ltr'><strong>baptisma</strong></span> <span class='ocrx_word' id='word_1_468' title='bbox 1935 3332 2017 3381; x_wconf 83' lang='lat' dir='ltr'><strong>irr-</strong></span> 
     </span>
    </p>
   </div>
   <div class='ocr_carea' id='block_1_67' title="bbox 443 3400 2016 3487">
    <p class='ocr_par' dir='ltr' id='par_1_67' title="bbox 443 3400 2016 3487">
     <span class='ocr_line' id='line_1_67' title="bbox 443 3400 2016 3487; baseline 0.013 -36"><span class='ocrx_word' id='word_1_469' title='bbox 443 3400 695 3456; x_wconf 86' lang='lat' dir='ltr'><strong>duturus.</strong></span> <span class='ocrx_word' id='word_1_470' title='bbox 733 3404 925 3458; x_wconf 78' lang='lat' dir='ltr'><strong>Verum</strong></span> <span class='ocrx_word' id='word_1_471' title='bbox 960 3405 1025 3460; x_wconf 86' lang='lat' dir='ltr'><strong>ad</strong></span> <span class='ocrx_word' id='word_1_472' title='bbox 1052 3408 1316 3464; x_wconf 85' lang='lat' dir='ltr'><strong>orientem</strong></span> <span class='ocrx_word' id='word_1_473' title='bbox 1348 3423 1558 3487; x_wconf 81' lang='lat' dir='ltr'><strong>spectat</strong></span> <span class='ocrx_word' id='word_1_474' title='bbox 1607 3415 1782 3469; x_wconf 86' lang='lat' dir='ltr'><strong>lucem</strong></span> <span class='ocrx_word' id='word_1_475' title='bbox 1838 3433 2016 3472; x_wconf 87' lang='lat' dir='ltr'><strong>veram</strong></span> 
     </span>
    </p>
   </div>
   <div class='ocr_carea' id='block_1_68' title="bbox 442 3491 2020 3564">
    <p class='ocr_par' dir='ltr' id='par_1_68' title="bbox 442 3491 2020 3564">
     <span class='ocr_line' id='line_1_68' title="bbox 442 3491 2020 3564; baseline 0.013 -22"><span class='ocrx_word' id='word_1_476' title='bbox 442 3491 742 3561; x_wconf 83' lang='lat' dir='ltr'><strong>inquirens,</strong></span> <span class='ocrx_word' id='word_1_477' title='bbox 777 3505 894 3564; x_wconf 79' lang='lat' dir='ltr'><strong>quae.</strong></span> <span class='ocrx_word' id='word_1_478' title='bbox 951 3497 1190 3555; x_wconf 89' lang='lat' dir='ltr'><strong>Trinitas</strong></span> <span class='ocrx_word' id='word_1_479' title='bbox 1230 3513 1312 3556; x_wconf 90' lang='lat' dir='ltr'><strong>est</strong></span> <span class='ocrx_word' id='word_1_480' title='bbox 1372 3511 1426 3557; x_wconf 89' lang='lat' dir='ltr'><strong>et</strong></span> <span class='ocrx_word' id='word_1_481' title='bbox 1485 3520 1625 3560; x_wconf 88' lang='lat' dir='ltr'><strong>unus</strong></span> <span class='ocrx_word' id='word_1_482' title='bbox 1673 3521 1703 3560; x_wconf 89' lang='lat' dir='ltr'><strong>e</strong></span> <span class='ocrx_word' id='word_1_483' title='bbox 1752 3505 2020 3562; x_wconf 86' lang='lat' dir='ltr'><strong>Trinitate</strong></span> 
     </span>
    </p>
   </div>
   <div class='ocr_carea' id='block_1_69' title="bbox 441 3583 2018 3664">
    <p class='ocr_par' dir='ltr' id='par_1_69' title="bbox 441 3583 2018 3664">
     <span class='ocr_line' id='line_1_69' title="bbox 441 3583 2018 3664; baseline 0.011 -27"><span class='ocrx_word' id='word_1_484' title='bbox 441 3583 692 3643; x_wconf 81' lang='lat' dir='ltr'><strong>Christus</strong></span> <span class='ocrx_word' id='word_1_485' title='bbox 729 3588 1043 3647; x_wconf 88' lang='lat' dir='ltr'><strong>incarnatus</strong></span> <span class='ocrx_word' id='word_1_486' title='bbox 1075 3594 1166 3662; x_wconf 84' lang='lat' dir='ltr'><strong>qui</strong></span> <span class='ocrx_word' id='word_1_487' title='bbox 1225 3595 1370 3649; x_wconf 80' lang='lat' dir='ltr'><strong>venit</strong></span> <span class='ocrx_word' id='word_1_488' title='bbox 1415 3597 1481 3651; x_wconf 89' lang='lat' dir='ltr'><strong>de</strong></span> <span class='ocrx_word' id='word_1_489' title='bbox 1524 3595 1804 3664; x_wconf 70' lang='lat' dir='ltr'><strong>Tharman,</strong></span> <span class='ocrx_word' id='word_1_490' title='bbox 1838 3599 1888 3656; x_wconf 89' lang='lat' dir='ltr'><strong>id</strong></span> <span class='ocrx_word' id='word_1_491' title='bbox 1914 3609 2018 3664; x_wconf 90' lang='lat' dir='ltr'><strong>est,</strong></span> 
     </span>
    </p>
   </div>
   <div class='ocr_carea' id='block_1_70' title="bbox 443 3677 2022 3757">
    <p class='ocr_par' dir='ltr' id='par_1_70' title="bbox 443 3677 2022 3757">
     <span class='ocr_line' id='line_1_70' title="bbox 443 3677 2022 3757; baseline 0.011 -28"><span class='ocrx_word' id='word_1_492' title='bbox 443 3677 511 3730; x_wconf 89' lang='lat' dir='ltr'><strong>ab</strong></span> <span class='ocrx_word' id='word_1_493' title='bbox 534 3679 766 3745; x_wconf 87' lang='lat' dir='ltr'><strong>oriente,</strong></span> <span class='ocrx_word' id='word_1_494' title='bbox 805 3697 1056 3750; x_wconf 65' lang='lat' dir='ltr'><strong>quaerens</strong></span> <span class='ocrx_word' id='word_1_495' title='bbox 1086 3689 1246 3739; x_wconf 88' lang='lat' dir='ltr'><strong>etiam</strong></span> <span class='ocrx_word' id='word_1_496' title='bbox 1286 3686 1594 3755; x_wconf 87' lang='lat' dir='ltr'><strong>paradisum</strong></span> <span class='ocrx_word' id='word_1_497' title='bbox 1625 3704 1653 3742; x_wconf 90' lang='lat' dir='ltr'><strong>a</strong></span> <span class='ocrx_word' id='word_1_498' title='bbox 1677 3705 1787 3757; x_wconf 89' lang='lat' dir='ltr'><strong>quo</strong></span> <span class='ocrx_word' id='word_1_499' title='bbox 1822 3690 2022 3746; x_wconf 70' lang='lat' dir='ltr'><strong>decidit</strong></span> 
     </span>
    </p>
   </div>
   <div class='ocr_carea' id='block_1_71' title="bbox 443 3771 2020 3851">
    <p class='ocr_par' dir='ltr' id='par_1_71' title="bbox 443 3771 2020 3851">
     <span class='ocr_line' id='line_1_71' title="bbox 443 3771 2020 3851; baseline 0.009 -28"><span class='ocrx_word' id='word_1_500' title='bbox 443 3771 508 3824; x_wconf 89' lang='lat' dir='ltr'><strong>ad</strong></span> <span class='ocrx_word' id='word_1_501' title='bbox 534 3771 803 3828; x_wconf 89' lang='lat' dir='ltr'><strong>orientem</strong></span> <span class='ocrx_word' id='word_1_502' title='bbox 833 3775 1156 3845; x_wconf 81' lang='lat' dir='ltr'><strong>plantatum.</strong></span> <span class='ocrx_word' id='word_1_503' title='bbox 1194 3781 1263 3832; x_wconf 81' lang='lat' dir='ltr'><strong>At</strong></span> <span class='ocrx_word' id='word_1_504' title='bbox 1317 3779 1627 3835; x_wconf 74' lang='lat' dir='ltr'><strong>insufflatur</strong></span> <span class='ocrx_word' id='word_1_505' title='bbox 1677 3796 1708 3836; x_wconf 86' lang='lat' dir='ltr'><strong>a</strong></span> <span class='ocrx_word' id='word_1_506' title='bbox 1764 3785 2020 3851; x_wconf 87' lang='lat' dir='ltr'><strong>pontiﬁce</strong></span> 
     </span>
    </p>
   </div>
   <div class='ocr_carea' id='block_1_72' title="bbox 444 3867 2021 3944">
    <p class='ocr_par' dir='ltr' id='par_1_72' title="bbox 444 3867 2021 3944">
     <span class='ocr_line' id='line_1_72' title="bbox 444 3867 2021 3944; baseline 0.01 -29"><span class='ocrx_word' id='word_1_507' title='bbox 444 3874 666 3932; x_wconf 73' lang='lat' dir='ltr'><strong>promer</strong></span> <span class='ocrx_word' id='word_1_508' title='bbox 722 3867 948 3935; x_wconf 88' lang='lat' dir='ltr'><strong>primam</strong></span> <span class='ocrx_word' id='word_1_509' title='bbox 1021 3869 1433 3940; x_wconf 77' lang='lat' dir='ltr'><strong>inspirationcm</strong></span> <span class='ocrx_word' id='word_1_510' title='bbox 1503 3889 1623 3941; x_wconf 59' lang='lat' dir='ltr'><strong>qua:</strong></span> <span class='ocrx_word' id='word_1_511' title='bbox 1672 3869 1960 3931; x_wconf 78' lang='lat' dir='ltr'><strong>renovatur</strong></span> <span class='ocrx_word' id='word_1_512' title='bbox 2005 3894 2021 3944; x_wconf 90' lang='lat'><strong>;</strong></span> 
     </span>
    </p>
   </div>
   <div class='ocr_carea' id='block_1_73' title="bbox 446 3963 2024 4041">
    <p class='ocr_par' dir='ltr' id='par_1_73' title="bbox 446 3963 2024 4041">
     <span class='ocr_line' id='line_1_73' title="bbox 446 3963 2024 4041; baseline 0.006 -27"><span class='ocrx_word' id='word_1_513' title='bbox 446 3971 527 4015; x_wconf 87' lang='lat' dir='ltr'><strong>ter</strong></span> <span class='ocrx_word' id='word_1_514' title='bbox 557 3970 736 4017; x_wconf 89' lang='lat' dir='ltr'><strong>autem</strong></span> <span class='ocrx_word' id='word_1_515' title='bbox 797 3963 1105 4021; x_wconf 82' lang='lat' dir='ltr'><strong>insuﬂiatnr</strong></span> <span class='ocrx_word' id='word_1_516' title='bbox 1164 3979 1385 4038; x_wconf 88' lang='lat' dir='ltr'><strong>propter</strong></span> <span class='ocrx_word' id='word_1_517' title='bbox 1442 3968 1679 4038; x_wconf 86' lang='lat' dir='ltr'><strong>divinam</strong></span> <span class='ocrx_word' id='word_1_518' title='bbox 1755 3973 2024 4041; x_wconf 87' lang='lat' dir='ltr'><strong>operatio-</strong></span> 
     </span>
    </p>
   </div>
   <div class='ocr_carea' id='block_1_74' title="bbox 444 4056 2023 4124">
    <p class='ocr_par' dir='ltr' id='par_1_74' title="bbox 444 4056 2023 4124">
     <span class='ocr_line' id='line_1_74' title="bbox 444 4056 2023 4124; baseline 0.008 -18"><span class='ocrx_word' id='word_1_519' title='bbox 444 4067 569 4106; x_wconf 88' lang='lat' dir='ltr'><strong>nem</strong></span> <span class='ocrx_word' id='word_1_520' title='bbox 617 4057 842 4111; x_wconf 74' lang='lat' dir='ltr'><strong>viviﬁcze</strong></span> <span class='ocrx_word' id='word_1_521' title='bbox 895 4056 1201 4124; x_wconf 80' lang='lat' dir='ltr'><strong>Trinitatis,</strong></span> <span class='ocrx_word' id='word_1_522' title='bbox 1244 4077 1366 4114; x_wconf 88' lang='lat' dir='ltr'><strong>nam</strong></span> <span class='ocrx_word' id='word_1_523' title='bbox 1402 4061 1468 4114; x_wconf 87' lang='lat' dir='ltr'><strong>ab</strong></span> <span class='ocrx_word' id='word_1_524' title='bbox 1499 4063 1561 4115; x_wconf 85' lang='lat' dir='ltr'><strong>ea</strong></span> <span class='ocrx_word' id='word_1_525' title='bbox 1596 4071 1812 4118; x_wconf 82' lang='lat' dir='ltr'><strong>creatus</strong></span> <span class='ocrx_word' id='word_1_526' title='bbox 1845 4076 1928 4118; x_wconf 87' lang='lat' dir='ltr'><strong>est</strong></span> <span class='ocrx_word' id='word_1_527' title='bbox 1969 4073 2023 4118; x_wconf 90' lang='lat' dir='ltr'><strong>et</strong></span> 
     </span>
    </p>
   </div>
   <div class='ocr_carea' id='block_1_75' title="bbox 448 4151 2025 4222">
    <p class='ocr_par' dir='ltr' id='par_1_75' title="bbox 448 4151 2025 4222">
     <span class='ocr_line' id='line_1_75' title="bbox 448 4151 2025 4222; baseline 0.006 -20"><span class='ocrx_word' id='word_1_528' title='bbox 448 4160 724 4204; x_wconf 88' lang='lat' dir='ltr'><strong>recreatur</strong></span> <span class='ocrx_word' id='word_1_529' title='bbox 771 4151 956 4214; x_wconf 82' lang='lat' dir='ltr'><strong>lmuto,</strong></span> <span class='ocrx_word' id='word_1_530' title='bbox 988 4161 1043 4206; x_wconf 85' lang='lat' dir='ltr'><strong>et</strong></span> <span class='ocrx_word' id='word_1_531' title='bbox 1075 4152 1324 4221; x_wconf 70' lang='lat' dir='ltr'><strong>signatur</strong></span> <span class='ocrx_word' id='word_1_532' title='bbox 1378 4167 1507 4206; x_wconf 83' lang='lat' dir='ltr'><strong>vero</strong></span> <span class='ocrx_word' id='word_1_533' title='bbox 1561 4168 1722 4208; x_wconf 90' lang='lat' dir='ltr'><strong>manu</strong></span> <span class='ocrx_word' id='word_1_534' title='bbox 1754 4156 2025 4222; x_wconf 83' lang='lat' dir='ltr'><strong>pontificis</strong></span> 
     </span>
    </p>
   </div>
   <div class='ocr_carea' id='block_1_76' title="bbox 447 4241 2023 4314">
    <p class='ocr_par' dir='ltr' id='par_1_76' title="bbox 447 4241 2023 4314">
     <span class='ocr_line' id='line_1_76' title="bbox 447 4241 2023 4314; baseline 0.003 -21"><span class='ocrx_word' id='word_1_535' title='bbox 447 4256 544 4308; x_wconf 81' lang='lat' dir='ltr'><strong>per</strong></span> <span class='ocrx_word' id='word_1_536' title='bbox 572 4257 814 4314; x_wconf 84' lang='lat' dir='ltr'><strong>crucem,</strong></span> <span class='ocrx_word' id='word_1_537' title='bbox 837 4243 1094 4312; x_wconf 88' lang='lat' dir='ltr'><strong>quoniam</strong></span> <span class='ocrx_word' id='word_1_538' title='bbox 1123 4258 1317 4296; x_wconf 84' lang='lat' dir='ltr'><strong>manus</strong></span> <span class='ocrx_word' id='word_1_539' title='bbox 1342 4241 1435 4297; x_wconf 88' lang='lat' dir='ltr'><strong>Dei</strong></span> <span class='ocrx_word' id='word_1_540' title='bbox 1465 4260 1564 4300; x_wconf 92' lang='lat' dir='ltr'><strong>nos</strong></span> <span class='ocrx_word' id='word_1_541' title='bbox 1591 4245 2023 4312; x_wconf 86' lang='lat' dir='ltr'><strong>plasmaverunt,</strong></span> 
     </span>
    </p>
   </div>
   <div class='ocr_carea' id='block_1_77' title="bbox 448 4330 2022 4406">
    <p class='ocr_par' dir='ltr' id='par_1_77' title="bbox 448 4330 2022 4406">
     <span class='ocr_line' id='line_1_77' title="bbox 448 4330 2022 4406; baseline 0.004 -22"><span class='ocrx_word' id='word_1_542' title='bbox 448 4330 620 4386; x_wconf 87' lang='lat' dir='ltr'><strong>Filius</strong></span> <span class='ocrx_word' id='word_1_543' title='bbox 665 4340 720 4386; x_wconf 90' lang='lat' dir='ltr'><strong>et</strong></span> <span class='ocrx_word' id='word_1_544' title='bbox 785 4330 1044 4401; x_wconf 87' lang='lat' dir='ltr'><strong>Spiritus.</strong></span> <span class='ocrx_word' id='word_1_545' title='bbox 1102 4333 1272 4388; x_wconf 86' lang='lat' dir='ltr'><strong>Porro</strong></span> <span class='ocrx_word' id='word_1_546' title='bbox 1297 4349 1429 4388; x_wconf 83' lang='lat' dir='ltr'><strong>crux</strong></span> <span class='ocrx_word' id='word_1_547' title='bbox 1462 4345 1545 4390; x_wconf 88' lang='lat' dir='ltr'><strong>est</strong></span> <span class='ocrx_word' id='word_1_548' title='bbox 1571 4335 1777 4391; x_wconf 88' lang='lat' dir='ltr'><strong>Christi</strong></span> <span class='ocrx_word' id='word_1_549' title='bbox 1809 4338 2022 4406; x_wconf 74' lang='lat' dir='ltr'><strong>signum</strong></span> 
     </span>
    </p>
   </div>
   <div class='ocr_carea' id='block_1_78' title="bbox 447 4398 2102 4497">
    <p class='ocr_par' dir='ltr' id='par_1_78' title="bbox 447 4398 2102 4497">
     <span class='ocr_line' id='line_1_78' title="bbox 447 4398 2102 4497; baseline 0.004 -21"><span class='ocrx_word' id='word_1_550' title='bbox 447 4433 606 4492; x_wconf 84' lang='lat' dir='ltr'><strong>atque</strong></span> <span class='ocrx_word' id='word_1_551' title='bbox 628 4435 892 4491; x_wconf 69' lang='lat' dir='ltr'><strong>trepwum</strong></span> <span class='ocrx_word' id='word_1_552' title='bbox 920 4443 932 4489; x_wconf 90' lang='lat'><strong>;</strong></span> <span class='ocrx_word' id='word_1_553' title='bbox 960 4440 1084 4478; x_wconf 87' lang='lat' dir='ltr'><strong>nam</strong></span> <span class='ocrx_word' id='word_1_554' title='bbox 1116 4442 1212 4495; x_wconf 90' lang='lat' dir='ltr'><strong>per</strong></span> <span class='ocrx_word' id='word_1_555' title='bbox 1240 4441 1358 4479; x_wconf 84' lang='lat' dir='ltr'><strong>eam</strong></span> <span class='ocrx_word' id='word_1_556' title='bbox 1391 4428 1565 4481; x_wconf 86' lang='lat' dir='ltr'><strong>victor</strong></span> <span class='ocrx_word' id='word_1_557' title='bbox 1585 4428 1857 4484; x_wconf 78' lang='lat' dir='ltr'><strong>dzemorres</strong></span> <span class='ocrx_word' id='word_1_558' title='bbox 1889 4429 2026 4497; x_wconf 84' lang='lat' dir='ltr'><strong>deji-</strong></span> <span class='ocrx_word' id='word_1_559' title='bbox 2059 4398 2102 4470; x_wconf 61' lang='lat' dir='ltr'><strong>D</strong></span> 
     </span>
    </p>
   </div>
   <div class='ocr_carea' id='block_1_79' title="bbox 364 4515 2026 4585">
    <p class='ocr_par' dir='ltr' id='par_1_79' title="bbox 364 4515 2026 4585">
     <span class='ocr_line' id='line_1_79' title="bbox 364 4515 2026 4585; baseline 0.006 -21"><span class='ocrx_word' id='word_1_560' title='bbox 364 4555 380 4583; x_wconf 40' lang='grc' dir='ltr'><strong>η</strong></span> <span class='ocrx_word' id='word_1_561' title='bbox 448 4515 543 4579; x_wconf 87' lang='lat' dir='ltr'><strong>cit,</strong></span> <span class='ocrx_word' id='word_1_562' title='bbox 577 4523 792 4568; x_wconf 90' lang='lat' dir='ltr'><strong>etnunc</strong></span> <span class='ocrx_word' id='word_1_563' title='bbox 823 4529 916 4585; x_wconf 88' lang='lat' dir='ltr'><strong>per</strong></span> <span class='ocrx_word' id='word_1_564' title='bbox 951 4516 1127 4582; x_wconf 82' lang='lat' dir='ltr'><strong>ipsum</strong></span> <span class='ocrx_word' id='word_1_565' title='bbox 1153 4515 1329 4570; x_wconf 87' lang='lat' dir='ltr'><strong>crucis</strong></span> <span class='ocrx_word' id='word_1_566' title='bbox 1359 4517 1572 4584; x_wconf 84' lang='lat' dir='ltr'><strong>signum</strong></span> <span class='ocrx_word' id='word_1_567' title='bbox 1609 4517 1878 4574; x_wconf 63' lang='lat' dir='ltr'><strong>(immania</strong></span> <span class='ocrx_word' id='word_1_568' title='bbox 1947 4519 2026 4574; x_wconf 84' lang='lat' dir='ltr'><strong>fu-</strong></span> 
     </span>
    </p>
   </div>
   <div class='ocr_carea' id='block_1_80' title="bbox 451 4605 2026 4676">
    <p class='ocr_par' dir='ltr' id='par_1_80' title="bbox 451 4605 2026 4676">
     <span class='ocr_line' id='line_1_80' title="bbox 451 4605 2026 4676; baseline 0.004 -17"><span class='ocrx_word' id='word_1_569' title='bbox 451 4616 589 4669; x_wconf 60' lang='lat' dir='ltr'><strong>gam</strong></span> <span class='ocrx_word' id='word_1_570' title='bbox 617 4605 722 4660; x_wconf 87' lang='lat' dir='ltr'><strong>Sed</strong></span> <span class='ocrx_word' id='word_1_571' title='bbox 776 4606 828 4659; x_wconf 92' lang='lat' dir='ltr'><strong>in</strong></span> <span class='ocrx_word' id='word_1_572' title='bbox 861 4605 1038 4660; x_wconf 87' lang='lat' dir='ltr'><strong>fronte</strong></span> <span class='ocrx_word' id='word_1_573' title='bbox 1086 4607 1320 4676; x_wconf 89' lang='lat' dir='ltr'><strong>primum</strong></span> <span class='ocrx_word' id='word_1_574' title='bbox 1373 4608 1646 4676; x_wconf 80' lang='lat' dir='ltr'><strong>signatur,</strong></span> <span class='ocrx_word' id='word_1_575' title='bbox 1681 4615 1738 4661; x_wconf 88' lang='lat' dir='ltr'><strong>ut</strong></span> <span class='ocrx_word' id='word_1_576' title='bbox 1779 4609 2026 4675; x_wconf 85' lang='lat' dir='ltr'><strong>initiatus</strong></span> 
     </span>
    </p>
   </div>
   <div class='ocr_carea' id='block_1_81' title="bbox 451 4699 2022 4769">
    <p class='ocr_par' dir='ltr' id='par_1_81' title="bbox 451 4699 2022 4769">
     <span class='ocr_line' id='line_1_81' title="bbox 451 4699 2022 4769; baseline 0.003 -17"><span class='ocrx_word' id='word_1_577' title='bbox 451 4707 631 4755; x_wconf 82' lang='lat' dir='ltr'><strong>mente</strong></span> <span class='ocrx_word' id='word_1_578' title='bbox 656 4699 1052 4764; x_wconf 88' lang='lat' dir='ltr'><strong>sanctiﬁcetur,</strong></span> <span class='ocrx_word' id='word_1_579' title='bbox 1079 4716 1264 4754; x_wconf 87' lang='lat' dir='ltr'><strong>errore</strong></span> <span class='ocrx_word' id='word_1_580' title='bbox 1289 4701 1472 4769; x_wconf 77' lang='lat' dir='ltr'><strong>fugato</strong></span> <span class='ocrx_word' id='word_1_581' title='bbox 1511 4701 1808 4769; x_wconf 24' lang='lat' dir='ltr'><strong>glsecundo</strong></span> <span class='ocrx_word' id='word_1_582' title='bbox 1839 4712 2022 4756; x_wconf 81' lang='lat' dir='ltr'><strong>autem</strong></span> 
     </span>
    </p>
   </div>
   <div class='ocr_carea' id='block_1_82' title="bbox 450 4793 2031 4864">
    <p class='ocr_par' dir='ltr' id='par_1_82' title="bbox 450 4793 2031 4864">
     <span class='ocr_line' id='line_1_82' title="bbox 450 4793 2031 4864; baseline 0.006 -21"><span class='ocrx_word' id='word_1_583' title='bbox 450 4809 512 4848; x_wconf 81' lang='lat' dir='ltr'><strong>us</strong></span> <span class='ocrx_word' id='word_1_584' title='bbox 546 4795 812 4864; x_wconf 81' lang='lat' dir='ltr'><strong>signatur,</strong></span> <span class='ocrx_word' id='word_1_585' title='bbox 839 4803 896 4848; x_wconf 94' lang='lat' dir='ltr'><strong>ut</strong></span> <span class='ocrx_word' id='word_1_586' title='bbox 931 4793 1229 4847; x_wconf 87' lang='lat' dir='ltr'><strong>secundum</strong></span> <span class='ocrx_word' id='word_1_587' title='bbox 1275 4793 1541 4862; x_wconf 80' lang='lat' dir='ltr'><strong>loquelam</strong></span> <span class='ocrx_word' id='word_1_588' title='bbox 1574 4794 1944 4849; x_wconf 85' lang='lat' dir='ltr'><strong>sanctiﬁcetur</strong></span> <span class='ocrx_word' id='word_1_589' title='bbox 1972 4806 2031 4854; x_wconf 71' lang='lat' dir='ltr'><strong>et.</strong></span> 
     </span>
    </p>
   </div>
   <div class='ocr_carea' id='block_1_83' title="bbox 451 4885 2029 4955">
    <p class='ocr_par' dir='ltr' id='par_1_83' title="bbox 451 4885 2029 4955">
     <span class='ocr_line' id='line_1_83' title="bbox 451 4885 2029 4955; baseline 0 -17"><span class='ocrx_word' id='word_1_590' title='bbox 451 4885 775 4955; x_wconf 76' lang='lat' dir='ltr'><strong>conﬁteatur</strong></span> <span class='ocrx_word' id='word_1_591' title='bbox 804 4885 1125 4952; x_wconf 82' lang='lat' dir='ltr'><strong>veritatem;</strong></span> <span class='ocrx_word' id='word_1_592' title='bbox 1155 4886 1370 4938; x_wconf 85' lang='lat' dir='ltr'><strong>tertium</strong></span> <span class='ocrx_word' id='word_1_593' title='bbox 1411 4899 1536 4937; x_wconf 81' lang='lat' dir='ltr'><strong>vero</strong></span> <span class='ocrx_word' id='word_1_594' title='bbox 1579 4897 1790 4954; x_wconf 88' lang='lat' dir='ltr'><strong>pectus,</strong></span> <span class='ocrx_word' id='word_1_595' title='bbox 1863 4897 1918 4940; x_wconf 90' lang='lat' dir='ltr'><strong>ut</strong></span> <span class='ocrx_word' id='word_1_596' title='bbox 1957 4885 2029 4939; x_wconf 73' lang='lat' dir='ltr'><strong>sit</strong></span> 
     </span>
    </p>
   </div>
   <div class='ocr_carea' id='block_1_84' title="bbox 454 4976 2026 5041">
    <p class='ocr_par' dir='ltr' id='par_1_84' title="bbox 454 4976 2026 5041">
     <span class='ocr_line' id='line_1_84' title="bbox 454 4976 2026 5041; baseline -0.001 -9"><span class='ocrx_word' id='word_1_597' title='bbox 454 4979 617 5033; x_wconf 80' lang='lat' dir='ltr'><strong>corde</strong></span> <span class='ocrx_word' id='word_1_598' title='bbox 641 4977 900 5041; x_wconf 90' lang='lat' dir='ltr'><strong>mundus,</strong></span> <span class='ocrx_word' id='word_1_599' title='bbox 935 4977 1098 5029; x_wconf 73' lang='lat' dir='ltr'><strong>Deum</strong></span> <span class='ocrx_word' id='word_1_600' title='bbox 1135 4976 1331 5041; x_wconf 88' lang='lat' dir='ltr'><strong>videat,</strong></span> <span class='ocrx_word' id='word_1_601' title='bbox 1390 4976 1522 5030; x_wconf 86' lang='lat' dir='ltr'><strong>nihil</strong></span> <span class='ocrx_word' id='word_1_602' title='bbox 1587 4977 1820 5030; x_wconf 87' lang='lat' dir='ltr'><strong>oecultet</strong></span> <span class='ocrx_word' id='word_1_603' title='bbox 1865 4986 1919 5031; x_wconf 90' lang='lat' dir='ltr'><strong>et</strong></span> <span class='ocrx_word' id='word_1_604' title='bbox 1971 4977 2026 5030; x_wconf 90' lang='lat' dir='ltr'><strong>in</strong></span> 
     </span>
    </p>
   </div>
   <div class='ocr_carea' id='block_1_85' title="bbox 452 5068 2017 5135">
    <p class='ocr_par' dir='ltr' id='par_1_85' title="bbox 452 5068 2017 5135">
     <span class='ocr_line' id='line_1_85' title="bbox 452 5068 2017 5135; baseline -0.002 -12"><span class='ocrx_word' id='word_1_605' title='bbox 452 5087 518 5123; x_wconf 81' lang='lat' dir='ltr'><strong>eo</strong></span> <span class='ocrx_word' id='word_1_606' title='bbox 556 5072 716 5135; x_wconf 84' lang='lat' dir='ltr'><strong>vivat,</strong></span> <span class='ocrx_word' id='word_1_607' title='bbox 775 5077 1058 5122; x_wconf 64' lang='lat' dir='ltr'><strong>moveatur</strong></span> <span class='ocrx_word' id='word_1_608' title='bbox 1097 5077 1149 5120; x_wconf 88' lang='lat' dir='ltr'><strong>ct</strong></span> <span class='ocrx_word' id='word_1_609' title='bbox 1199 5076 1437 5121; x_wconf 83' lang='lat' dir='ltr'><strong>maneat.</strong></span> <span class='ocrx_word' id='word_1_610' title='bbox 1484 5068 1676 5122; x_wconf 79' lang='lat' dir='ltr'><strong>Postea</strong></span> <span class='ocrx_word' id='word_1_611' title='bbox 1747 5068 2017 5122; x_wconf 87' lang='lat' dir='ltr'><strong>benedicit</strong></span> 
     </span>
    </p>
   </div>
   <div class='ocr_carea' id='block_1_86' title="bbox 456 5161 2029 5232">
    <p class='ocr_par' dir='ltr' id='par_1_86' title="bbox 456 5161 2029 5232">
     <span class='ocr_line' id='line_1_86' title="bbox 456 5161 2029 5232; baseline -0.001 -17"><span class='ocrx_word' id='word_1_612' title='bbox 456 5165 622 5219; x_wconf 86' lang='lat' dir='ltr'><strong>Deum</strong></span> <span class='ocrx_word' id='word_1_613' title='bbox 645 5163 906 5232; x_wconf 73' lang='lat' dir='ltr'><strong>pontifex,</strong></span> <span class='ocrx_word' id='word_1_614' title='bbox 941 5163 1063 5228; x_wconf 87' lang='lat' dir='ltr'><strong>quia</strong></span> <span class='ocrx_word' id='word_1_615' title='bbox 1100 5161 1322 5229; x_wconf 78' lang='lat' dir='ltr'><strong>dignum</strong></span> <span class='ocrx_word' id='word_1_616' title='bbox 1355 5170 1441 5214; x_wconf 85' lang='lat' dir='ltr'><strong>est</strong></span> <span class='ocrx_word' id='word_1_617' title='bbox 1461 5175 1583 5214; x_wconf 86' lang='lat' dir='ltr'><strong>eum</strong></span> <span class='ocrx_word' id='word_1_618' title='bbox 1613 5161 1930 5215; x_wconf 79' lang='lat' dir='ltr'><strong>benedicere</strong></span> <span class='ocrx_word' id='word_1_619' title='bbox 1963 5162 2029 5214; x_wconf 90' lang='lat' dir='ltr'><strong>de</strong></span> 
     </span>
    </p>
   </div>
   <div class='ocr_carea' id='block_1_87' title="bbox 459 5252 2029 5324">
    <p class='ocr_par' dir='ltr' id='par_1_87' title="bbox 459 5252 2029 5324">
     <span class='ocr_line' id='line_1_87' title="bbox 459 5252 2029 5324; baseline -0.001 -17"><span class='ocrx_word' id='word_1_620' title='bbox 459 5258 768 5310; x_wconf 80' lang='lat' dir='ltr'><strong>inventione</strong></span> <span class='ocrx_word' id='word_1_621' title='bbox 801 5256 919 5324; x_wconf 87' lang='lat' dir='ltr'><strong>ejus</strong></span> <span class='ocrx_word' id='word_1_622' title='bbox 948 5255 1042 5324; x_wconf 86' lang='lat' dir='ltr'><strong>qui</strong></span> <span class='ocrx_word' id='word_1_623' title='bbox 1104 5265 1220 5309; x_wconf 87' lang='lat' dir='ltr'><strong>erat</strong></span> <span class='ocrx_word' id='word_1_624' title='bbox 1270 5254 1511 5322; x_wconf 88' lang='lat' dir='ltr'><strong>perditus</strong></span> <span class='ocrx_word' id='word_1_625' title='bbox 1561 5261 1612 5307; x_wconf 86' lang='lat' dir='ltr'><strong>et</strong></span> <span class='ocrx_word' id='word_1_626' title='bbox 1661 5252 1728 5306; x_wconf 88' lang='lat' dir='ltr'><strong>de</strong></span> <span class='ocrx_word' id='word_1_627' title='bbox 1790 5252 2029 5306; x_wconf 89' lang='lat' dir='ltr'><strong>hominis</strong></span> 
     </span>
    </p>
   </div>
   <div class='ocr_carea' id='block_1_88' title="bbox 455 5329 2029 5415">
    <p class='ocr_par' dir='ltr' id='par_1_88' title="bbox 455 5329 2029 5415">
     <span class='ocr_line' id='line_1_88' title="bbox 455 5329 2029 5415; baseline -0.004 -15"><span class='ocrx_word' id='word_1_628' title='bbox 455 5333 652 5400; x_wconf 82' lang='lat' dir='ltr'><strong>salute.</strong></span> <span class='ocrx_word' id='word_1_629' title='bbox 683 5349 881 5402; x_wconf 87' lang='lat' dir='ltr'><strong>Deinde</strong></span> <span class='ocrx_word' id='word_1_630' title='bbox 909 5364 1103 5402; x_wconf 91' lang='lat' dir='ltr'><strong>manus</strong></span> <span class='ocrx_word' id='word_1_631' title='bbox 1136 5329 1412 5415; x_wconf 81' lang='lat' dir='ltr'><strong>impositio</strong></span> <span class='ocrx_word' id='word_1_632' title='bbox 1449 5353 1668 5413; x_wconf 88' lang='lat' dir='ltr'><strong>prepter</strong></span> <span class='ocrx_word' id='word_1_633' title='bbox 1723 5346 2029 5400; x_wconf 81' lang='lat' dir='ltr'><strong>communi-</strong></span> 
     </span>
    </p>
   </div>
   <div class='ocr_carea' id='block_1_89' title="bbox 456 5436 2020 5506">
    <p class='ocr_par' dir='ltr' id='par_1_89' title="bbox 456 5436 2020 5506">
     <span class='ocr_line' id='line_1_89' title="bbox 456 5436 2020 5506; baseline -0.002 -16"><span class='ocrx_word' id='word_1_634' title='bbox 456 5441 726 5492; x_wconf 69' lang='lat' dir='ltr'><strong>catiOrtem</strong></span> <span class='ocrx_word' id='word_1_635' title='bbox 759 5440 944 5505; x_wconf 66' lang='lat' dir='ltr'><strong>gratia:</strong></span> <span class='ocrx_word' id='word_1_636' title='bbox 1010 5452 1062 5493; x_wconf 90' lang='lat' dir='ltr'><strong>et</strong></span> <span class='ocrx_word' id='word_1_637' title='bbox 1101 5439 1529 5493; x_wconf 79' lang='lat' dir='ltr'><strong>renovationem.</strong></span> <span class='ocrx_word' id='word_1_638' title='bbox 1565 5437 1743 5491; x_wconf 81' lang='lat' dir='ltr'><strong>Prima</strong></span> <span class='ocrx_word' id='word_1_639' title='bbox 1805 5436 2020 5506; x_wconf 82' lang='lat' dir='ltr'><strong>quidem</strong></span> 
     </span>
    </p>
   </div>
   <div class='ocr_carea' id='block_1_90' title="bbox 453 5525 2031 5595">
    <p class='ocr_par' dir='ltr' id='par_1_90' title="bbox 453 5525 2031 5595">
     <span class='ocr_line' id='line_1_90' title="bbox 453 5525 2031 5595; baseline -0.003 -16"><span class='ocrx_word' id='word_1_640' title='bbox 453 5527 628 5579; x_wconf 81' lang='lat' dir='ltr'><strong>oratio</strong></span> <span class='ocrx_word' id='word_1_641' title='bbox 663 5527 719 5578; x_wconf 93' lang='lat' dir='ltr'><strong>ﬁt</strong></span> <span class='ocrx_word' id='word_1_642' title='bbox 754 5527 808 5579; x_wconf 89' lang='lat' dir='ltr'><strong>in</strong></span> <span class='ocrx_word' id='word_1_643' title='bbox 839 5529 1060 5581; x_wconf 87' lang='lat' dir='ltr'><strong>nomine</strong></span> <span class='ocrx_word' id='word_1_644' title='bbox 1094 5527 1408 5592; x_wconf 85' lang='lat' dir='ltr'><strong>Trinitatis;</strong></span> <span class='ocrx_word' id='word_1_645' title='bbox 1451 5542 1574 5582; x_wconf 86' lang='lat' dir='ltr'><strong>naut</strong></span> <span class='ocrx_word' id='word_1_646' title='bbox 1607 5541 1702 5595; x_wconf 85' lang='lat' dir='ltr'><strong>per</strong></span> <span class='ocrx_word' id='word_1_647' title='bbox 1751 5541 1870 5580; x_wconf 88' lang='lat' dir='ltr'><strong>eam</strong></span> <span class='ocrx_word' id='word_1_648' title='bbox 1901 5525 2031 5594; x_wconf 87' lang='lat' dir='ltr'><strong>bap-</strong></span> 
     </span>
    </p>
   </div>
   <div class='ocr_carea' id='block_1_91' title="bbox 454 5615 2023 5680">
    <p class='ocr_par' dir='ltr' id='par_1_91' title="bbox 454 5615 2023 5680">
     <span class='ocr_line' id='line_1_91' title="bbox 454 5615 2023 5680; baseline 0 -12"><span class='ocrx_word' id='word_1_649' title='bbox 454 5621 652 5671; x_wconf 69' lang='lat' dir='ltr'><strong>tizatus</strong></span> <span class='ocrx_word' id='word_1_650' title='bbox 682 5615 791 5668; x_wconf 86' lang='lat' dir='ltr'><strong>Deo</strong></span> <span class='ocrx_word' id='word_1_651' title='bbox 848 5615 945 5668; x_wconf 87' lang='lat' dir='ltr'><strong>soli</strong></span> <span class='ocrx_word' id='word_1_652' title='bbox 985 5616 1210 5670; x_wconf 68' lang='lat' dir='ltr'><strong>offertur</strong></span> <span class='ocrx_word' id='word_1_653' title='bbox 1262 5625 1314 5671; x_wconf 87' lang='lat' dir='ltr'><strong>et</strong></span> <span class='ocrx_word' id='word_1_654' title='bbox 1355 5616 1754 5680; x_wconf 87' lang='lat' dir='ltr'><strong>sanctiﬁcatur,</strong></span> <span class='ocrx_word' id='word_1_655' title='bbox 1812 5631 2023 5669; x_wconf 76' lang='lat' dir='ltr'><strong>necnon</strong></span> 
     </span>
    </p>
   </div>
   <div class='ocr_carea' id='block_1_92' title="bbox 455 5707 1986 5781">
    <p class='ocr_par' dir='ltr' id='par_1_92' title="bbox 455 5707 1986 5781">
     <span class='ocr_line' id='line_1_92' title="bbox 455 5707 1986 5781; baseline 0.001 -19"><span class='ocrx_word' id='word_1_656' title='bbox 455 5710 757 5781; x_wconf 62' lang='lat' dir='ltr'><strong>postulatur</strong></span> <span class='ocrx_word' id='word_1_657' title='bbox 794 5717 850 5763; x_wconf 88' lang='lat' dir='ltr'><strong>ut</strong></span> <span class='ocrx_word' id='word_1_658' title='bbox 877 5708 962 5764; x_wconf 78' lang='lat' dir='ltr'><strong>illc</strong></span> <span class='ocrx_word' id='word_1_659' title='bbox 995 5708 1273 5764; x_wconf 74' lang='lat' dir='ltr'><strong>Trinitatis</strong></span> <span class='ocrx_word' id='word_1_660' title='bbox 1303 5725 1496 5766; x_wconf 71' lang='lat' dir='ltr'><strong>nomen</strong></span> <span class='ocrx_word' id='word_1_661' title='bbox 1526 5718 1738 5779; x_wconf 65' lang='lat' dir='ltr'><strong>semper</strong></span> <span class='ocrx_word' id='word_1_662' title='bbox 1790 5707 1986 5764; x_wconf 75' lang='lat' dir='ltr'><strong>confitc-</strong></span> 
     </span>
    </p>
   </div>
   <div class='ocr_carea' id='block_1_93' title="bbox 2120 3147 3694 3230">
    <p class='ocr_par' dir='ltr' id='par_1_93' title="bbox 2120 3147 3694 3230">
     <span class='ocr_line' id='line_1_93' title="bbox 2120 3147 3694 3230; baseline -0.014 -11"><span class='ocrx_word' id='word_1_663' title='bbox 2120 3165 2367 3219; x_wconf 75' lang='grc' dir='ltr'>ἑκούσιον</span> <span class='ocrx_word' id='word_1_664' title='bbox 2405 3162 2505 3230; x_wconf 78' lang='grc' dir='ltr'>τῆς</span> <span class='ocrx_word' id='word_1_665' title='bbox 2538 3159 2763 3228; x_wconf 83' lang='grc' dir='ltr'>γνώμης</span> <span class='ocrx_word' id='word_1_666' title='bbox 2812 3156 2981 3227; x_wconf 78' lang='grc' dir='ltr'>δηλοῖ.</span> <span class='ocrx_word' id='word_1_667' title='bbox 3025 3155 3083 3206; x_wconf 79' lang='grc' dir='ltr'><strong>Εἰ</strong></span> <span class='ocrx_word' id='word_1_668' title='bbox 3114 3154 3170 3206; x_wconf 84' lang='grc' dir='ltr'>δὲ</span> <span class='ocrx_word' id='word_1_669' title='bbox 3202 3152 3396 3221; x_wconf 79' lang='grc' dir='ltr'>νήπιος</span> <span class='ocrx_word' id='word_1_670' title='bbox 3433 3147 3694 3217; x_wconf 64' lang='grc' dir='ltr'>παρατι-</span> 
     </span>
    </p>
   </div>
   <div class='ocr_carea' id='block_1_94' title="bbox 2121 3237 3694 3320">
    <p class='ocr_par' dir='ltr' id='par_1_94' title="bbox 2121 3237 3694 3320">
     <span class='ocr_line' id='line_1_94' title="bbox 2121 3237 3694 3320; baseline -0.015 -11"><span class='ocrx_word' id='word_1_671' title='bbox 2121 3275 2209 3320; x_wconf 82' lang='grc' dir='ltr'><strong>νος</strong></span> <span class='ocrx_word' id='word_1_672' title='bbox 2236 3252 2428 3308; x_wconf 80' lang='grc' dir='ltr'>πιστοῦ</span> <span class='ocrx_word' id='word_1_673' title='bbox 2460 3250 2895 3320; x_wconf 79' lang='grc' dir='ltr'>προσαγόμενος,</span> <span class='ocrx_word' id='word_1_674' title='bbox 2931 3246 2992 3298; x_wconf 77' lang='grc' dir='ltr'>τὸ</span> <span class='ocrx_word' id='word_1_675' title='bbox 3025 3240 3395 3314; x_wconf 79' lang='grc' dir='ltr'>προσάγεσθαι</span> <span class='ocrx_word' id='word_1_676' title='bbox 3422 3242 3480 3291; x_wconf 68' lang='grc' dir='ltr'>ἐν</span> <span class='ocrx_word' id='word_1_677' title='bbox 3512 3237 3694 3288; x_wconf 77' lang='grc' dir='ltr'>πίστει</span> 
     </span>
    </p>
   </div>
   <div class='ocr_carea' id='block_1_95' title="bbox 2119 3326 3696 3417">
    <p class='ocr_par' dir='ltr' id='par_1_95' title="bbox 2119 3326 3696 3417">
     <span class='ocr_line' id='line_1_95' title="bbox 2119 3326 3696 3417; baseline -0.016 -15"><span class='ocrx_word' id='word_1_678' title='bbox 2119 3349 2210 3402; x_wconf 75' lang='grc' dir='ltr'><strong>καὶ</strong></span> <span class='ocrx_word' id='word_1_679' title='bbox 2244 3348 2320 3417; x_wconf 82' lang='grc' dir='ltr'>μὴ</span> <span class='ocrx_word' id='word_1_680' title='bbox 2365 3343 2488 3398; x_wconf 78' lang='grc' dir='ltr'>κατ’</span> <span class='ocrx_word' id='word_1_681' title='bbox 2525 3343 2770 3409; x_wconf 81' lang='grc' dir='ltr'>ἀνάγκην</span> <span class='ocrx_word' id='word_1_682' title='bbox 2803 3338 3097 3407; x_wconf 88' lang='grc' dir='ltr'>σημαίνει,</span> <span class='ocrx_word' id='word_1_683' title='bbox 3144 3337 3170 3388; x_wconf 80' lang='grc' dir='ltr'>ὁ</span> <span class='ocrx_word' id='word_1_684' title='bbox 3215 3331 3604 3401; x_wconf 80' lang='grc' dir='ltr'>ἀναδεχόμενος</span> <span class='ocrx_word' id='word_1_685' title='bbox 3635 3326 3696 3379; x_wconf 78' lang='grc' dir='ltr'>δὲ</span> 
     </span>
    </p>
   </div>
   <div class='ocr_carea' id='block_1_96' title="bbox 2120 3419 3693 3505">
    <p class='ocr_par' dir='ltr' id='par_1_96' title="bbox 2120 3419 3693 3505">
     <span class='ocr_line' id='line_1_96' title="bbox 2120 3419 3693 3505; baseline -0.015 -13"><span class='ocrx_word' id='word_1_686' title='bbox 2120 3441 2210 3492; x_wconf 78' lang='grc' dir='ltr'><strong>τὸν</strong></span> <span class='ocrx_word' id='word_1_687' title='bbox 2246 3435 2596 3505; x_wconf 77' lang='grc' dir='ltr'>ἐγγυώμενον</span> <span class='ocrx_word' id='word_1_688' title='bbox 2628 3431 2770 3484; x_wconf 74' lang='grc' dir='ltr'>κατὰ</span> <span class='ocrx_word' id='word_1_689' title='bbox 2803 3447 2864 3480; x_wconf 87' lang='grc' dir='ltr'><strong>τε</strong></span> <span class='ocrx_word' id='word_1_690' title='bbox 2915 3429 3098 3480; x_wconf 83' lang='grc' dir='ltr'>πίστιν</span> <span class='ocrx_word' id='word_1_691' title='bbox 3133 3426 3227 3480; x_wconf 75' lang='grc' dir='ltr'>καὶ</span> <span class='ocrx_word' id='word_1_692' title='bbox 3268 3425 3402 3493; x_wconf 77' lang='grc' dir='ltr'>βίον.</span> <span class='ocrx_word' id='word_1_693' title='bbox 3436 3420 3514 3472; x_wconf 62' lang='lat' dir='ltr'><strong>To</strong></span> <span class='ocrx_word' id='word_1_694' title='bbox 3554 3419 3693 3471; x_wconf 89' lang='grc' dir='ltr'>ἀπο-</span> 
     </span>
    </p>
   </div>
   <div class='ocr_carea' id='block_1_97' title="bbox 2120 3509 3698 3594">
    <p class='ocr_par' dir='ltr' id='par_1_97' title="bbox 2120 3509 3698 3594">
     <span class='ocr_line' id='line_1_97' title="bbox 2120 3509 3698 3594; baseline -0.014 -9"><span class='ocrx_word' id='word_1_695' title='bbox 2120 3530 2340 3594; x_wconf 76' lang='grc' dir='ltr'>δύεσθαι</span> <span class='ocrx_word' id='word_1_696' title='bbox 2379 3527 2437 3580; x_wconf 78' lang='grc' dir='ltr'>δὲ</span> <span class='ocrx_word' id='word_1_697' title='bbox 2492 3526 2585 3579; x_wconf 79' lang='grc' dir='ltr'>καὶ</span> <span class='ocrx_word' id='word_1_698' title='bbox 2632 3521 2963 3578; x_wconf 79' lang='grc' dir='ltr'>ἀπολύεσθαι</span> <span class='ocrx_word' id='word_1_699' title='bbox 3019 3518 3230 3572; x_wconf 79' lang='grc' dir='ltr'>ἑστῶτα</span> <span class='ocrx_word' id='word_1_700' title='bbox 3290 3513 3495 3585; x_wconf 81' lang='grc' dir='ltr'>γυμνὸν</span> <span class='ocrx_word' id='word_1_701' title='bbox 3554 3509 3698 3577; x_wconf 75' lang='grc' dir='ltr'>μετὰ</span> 
     </span>
    </p>
   </div>
   <div class='ocr_carea' id='block_1_98' title="bbox 2029 3601 3696 3692">
    <p class='ocr_par' dir='ltr' id='par_1_98' title="bbox 2029 3601 3696 3692">
     <span class='ocr_line' id='line_1_98' title="bbox 2029 3601 3696 3692; baseline -0.014 -16"><span class='ocrx_word' id='word_1_702' title='bbox 2029 3665 2032 3668; x_wconf 85' lang='grc'><strong>.</strong></span> <span class='ocrx_word' id='word_1_703' title='bbox 2125 3621 2505 3692; x_wconf 76' lang='grc' dir='ltr'>περιζώματος</span> <span class='ocrx_word' id='word_1_704' title='bbox 2553 3616 2614 3669; x_wconf 82' lang='grc' dir='ltr'><strong>τὸ</strong></span> <span class='ocrx_word' id='word_1_705' title='bbox 2657 3612 3109 3692; x_wconf 48' lang='grc' dir='ltr'>ῥίπτειν.πᾶσαν</span> <span class='ocrx_word' id='word_1_706' title='bbox 3168 3607 3388 3672; x_wconf 82' lang='grc' dir='ltr'>κακίαν,</span> <span class='ocrx_word' id='word_1_707' title='bbox 3439 3603 3534 3656; x_wconf 68' lang='grc' dir='ltr'>καὶ</span> <span class='ocrx_word' id='word_1_708' title='bbox 3582 3601 3696 3654; x_wconf 85' lang='grc' dir='ltr'>τῶν</span> 
     </span>
    </p>
   </div>
   <div class='ocr_carea' id='block_1_99' title="bbox 2122 3689 3698 3780">
    <p class='ocr_par' dir='ltr' id='par_1_99' title="bbox 2122 3689 3698 3780">
     <span class='ocr_line' id='line_1_99' title="bbox 2122 3689 3698 3780; baseline -0.014 -14"><span class='ocrx_word' id='word_1_709' title='bbox 2122 3689 2336 3780; x_wconf 84' lang='grc' dir='ltr'>δεσμῶν</span> <span class='ocrx_word' id='word_1_710' title='bbox 2362 3713 2459 3779; x_wconf 79' lang='grc' dir='ltr'><strong>τῆς</strong></span> <span class='ocrx_word' id='word_1_711' title='bbox 2480 3705 2752 3777; x_wconf 71' lang='grc' dir='ltr'>ἁμαρτίας</span> <span class='ocrx_word' id='word_1_712' title='bbox 2772 3689 3217 3772; x_wconf 64' lang='grc' dir='ltr'>ἓλευθεροῦσθαι,</span> <span class='ocrx_word' id='word_1_713' title='bbox 3239 3698 3332 3750; x_wconf 74' lang='grc' dir='ltr'><strong>καὶ</strong></span> <span class='ocrx_word' id='word_1_714' title='bbox 3359 3697 3566 3764; x_wconf 74' lang='grc' dir='ltr'>γυμνὸν</span> <span class='ocrx_word' id='word_1_715' title='bbox 3585 3692 3698 3746; x_wconf 82' lang='grc' dir='ltr'>τῶν</span> 
     </span>
    </p>
   </div>
   <div class='ocr_carea' id='block_1_100' title="bbox 2123 3785 3693 3879">
    <p class='ocr_par' dir='ltr' id='par_1_100' title="bbox 2123 3785 3693 3879">
     <span class='ocr_line' id='line_1_100' title="bbox 2123 3785 3693 3879; baseline -0.012 -23"><span class='ocrx_word' id='word_1_716' title='bbox 2123 3805 2222 3872; x_wconf 80' lang='grc' dir='ltr'>τῆς</span> <span class='ocrx_word' id='word_1_717' title='bbox 2239 3803 2446 3870; x_wconf 84' lang='grc' dir='ltr'>πλάνης</span> <span class='ocrx_word' id='word_1_718' title='bbox 2469 3816 2528 3852; x_wconf 84' lang='grc' dir='ltr'><strong>τε</strong></span> <span class='ocrx_word' id='word_1_719' title='bbox 2568 3797 2664 3851; x_wconf 73' lang='grc' dir='ltr'><strong>καὶ</strong></span> <span class='ocrx_word' id='word_1_720' title='bbox 2695 3796 2900 3865; x_wconf 83' lang='grc' dir='ltr'>φθορᾶς</span> <span class='ocrx_word' id='word_1_721' title='bbox 2919 3789 3315 3879; x_wconf 76' lang='grc' dir='ltr'>προσέρχεσθαι</span> <span class='ocrx_word' id='word_1_722' title='bbox 3342 3788 3422 3857; x_wconf 85' lang='grc' dir='ltr'><strong>τῷ</strong></span> <span class='ocrx_word' id='word_1_723' title='bbox 3449 3785 3693 3856; x_wconf 78' lang='grc' dir='ltr'>Χριστῴο</span> 
     </span>
    </p>
   </div>
   <div class='ocr_carea' id='block_1_101' title="bbox 2123 3879 3700 3961">
    <p class='ocr_par' dir='ltr' id='par_1_101' title="bbox 2123 3879 3700 3961">
     <span class='ocr_line' id='line_1_101' title="bbox 2123 3879 3700 3961; baseline -0.013 -12"><span class='ocrx_word' id='word_1_724' title='bbox 2123 3896 2218 3949; x_wconf 69' lang='grc' dir='ltr'>καὶ</span> <span class='ocrx_word' id='word_1_725' title='bbox 2245 3895 2326 3948; x_wconf 81' lang='grc' dir='ltr'><strong>ὅτι</strong></span> <span class='ocrx_word' id='word_1_726' title='bbox 2355 3892 2561 3961; x_wconf 80' lang='grc' dir='ltr'>γυμνὸς</span> <span class='ocrx_word' id='word_1_727' title='bbox 2587 3888 2778 3958; x_wconf 80' lang='grc' dir='ltr'>γέγονε</span> <span class='ocrx_word' id='word_1_728' title='bbox 2804 3884 3120 3955; x_wconf 75' lang='grc' dir='ltr'>πλανηθεὶς,</span> <span class='ocrx_word' id='word_1_729' title='bbox 3147 3882 3397 3952; x_wconf 70' lang='grc' dir='ltr'>τὴνπρὶν</span> <span class='ocrx_word' id='word_1_730' title='bbox 3420 3879 3529 3949; x_wconf 72' lang='grc'><strong>78</strong></span> <span class='ocrx_word' id='word_1_731' title='bbox 3558 3879 3700 3930; x_wconf 81' lang='grc' dir='ltr'>ἀπο-</span> 
     </span>
    </p>
   </div>
   <div class='ocr_carea' id='block_1_102' title="bbox 2125 3967 3693 4054">
    <p class='ocr_par' dir='ltr' id='par_1_102' title="bbox 2125 3967 3693 4054">
     <span class='ocr_line' id='line_1_102' title="bbox 2125 3967 3693 4054; baseline -0.013 -14"><span class='ocrx_word' id='word_1_732' title='bbox 2125 3989 2288 4049; x_wconf 81' lang='grc' dir='ltr'>λέσας</span> <span class='ocrx_word' id='word_1_733' title='bbox 2321 3984 2538 4053; x_wconf 80' lang='grc' dir='ltr'>στολὴν,</span> <span class='ocrx_word' id='word_1_734' title='bbox 2570 3983 2638 4054; x_wconf 75' lang='grc' dir='ltr'>ἣν</span> <span class='ocrx_word' id='word_1_735' title='bbox 2667 3981 2762 4034; x_wconf 91' lang='grc' dir='ltr'><strong>νῦν</strong></span> <span class='ocrx_word' id='word_1_736' title='bbox 2795 3981 3017 4049; x_wconf 79' lang='grc' dir='ltr'>ἔρχεται</span> <span class='ocrx_word' id='word_1_737' title='bbox 3067 3973 3451 4044; x_wconf 81' lang='grc' dir='ltr'>λαμπρότερον</span> <span class='ocrx_word' id='word_1_738' title='bbox 3474 3969 3563 4023; x_wconf 79' lang='grc' dir='ltr'>διὰ</span> <span class='ocrx_word' id='word_1_739' title='bbox 3593 3967 3693 4021; x_wconf 89' lang='grc' dir='ltr'><strong>τοῦ</strong></span> 
     </span>
    </p>
   </div>
   <div class='ocr_carea' id='block_1_103' title="bbox 2129 4060 3696 4149">
    <p class='ocr_par' dir='ltr' id='par_1_103' title="bbox 2129 4060 3696 4149">
     <span class='ocr_line' id='line_1_103' title="bbox 2129 4060 3696 4149; baseline -0.012 -18"><span class='ocrx_word' id='word_1_740' title='bbox 2129 4080 2502 4149; x_wconf 81' lang='grc' dir='ltr'>βαπτίσματος</span> <span class='ocrx_word' id='word_1_741' title='bbox 2538 4071 2955 4127; x_wconf 75' lang='grc' dir='ltr'>ἐπενδύσασθαι.</span> <span class='ocrx_word' id='word_1_742' title='bbox 2986 4068 3129 4140; x_wconf 74' lang='grc' dir='ltr'>Πρὸς</span> <span class='ocrx_word' id='word_1_743' title='bbox 3168 4065 3432 4126; x_wconf 79' lang='grc' dir='ltr'>ἀνατολὰς</span> <span class='ocrx_word' id='word_1_744' title='bbox 3481 4063 3536 4115; x_wconf 84' lang='grc' dir='ltr'>δὲ</span> <span class='ocrx_word' id='word_1_745' title='bbox 3566 4060 3696 4131; x_wconf 81' lang='grc' dir='ltr'>δρᾷ,</span> 
     </span>
    </p>
   </div>
   <div class='ocr_carea' id='block_1_104' title="bbox 2126 4153 3696 4238">
    <p class='ocr_par' dir='ltr' id='par_1_104' title="bbox 2126 4153 3696 4238">
     <span class='ocr_line' id='line_1_104' title="bbox 2126 4153 3696 4238; baseline -0.012 -15"><span class='ocrx_word' id='word_1_746' title='bbox 2126 4173 2185 4223; x_wconf 54' lang='grc' dir='ltr'>τι</span> <span class='ocrx_word' id='word_1_747' title='bbox 2224 4170 2340 4238; x_wconf 86' lang='grc' dir='ltr'><strong>φῶς</strong></span> <span class='ocrx_word' id='word_1_748' title='bbox 2364 4169 2424 4220; x_wconf 75' lang='grc' dir='ltr'>τὸ</span> <span class='ocrx_word' id='word_1_749' title='bbox 2455 4166 2710 4236; x_wconf 80' lang='grc' dir='ltr'>ἀληθινὸν</span> <span class='ocrx_word' id='word_1_750' title='bbox 2753 4161 3024 4232; x_wconf 75' lang='grc' dir='ltr'>ἐκζητῶν,</span> <span class='ocrx_word' id='word_1_751' title='bbox 3071 4161 3209 4227; x_wconf 79' lang='grc' dir='ltr'>ὅπερ</span> <span class='ocrx_word' id='word_1_752' title='bbox 3239 4156 3388 4210; x_wconf 77' lang='grc' dir='ltr'>ἐστὶν</span> <span class='ocrx_word' id='word_1_753' title='bbox 3427 4157 3461 4225; x_wconf 84' lang='grc' dir='ltr'>ἠ</span> <span class='ocrx_word' id='word_1_754' title='bbox 3501 4153 3696 4223; x_wconf 85' lang='grc' dir='ltr'>Τριάς,</span> 
     </span>
    </p>
   </div>
   <div class='ocr_carea' id='block_1_105' title="bbox 2130 4241 3698 4324">
    <p class='ocr_par' dir='ltr' id='par_1_105' title="bbox 2130 4241 3698 4324">
     <span class='ocr_line' id='line_1_105' title="bbox 2130 4241 3698 4324; baseline -0.013 -12"><span class='ocrx_word' id='word_1_755' title='bbox 2130 4260 2224 4312; x_wconf 80' lang='grc' dir='ltr'><strong>καὶ</strong></span> <span class='ocrx_word' id='word_1_756' title='bbox 2247 4259 2275 4310; x_wconf 84' lang='grc' dir='ltr'>ὁ</span> <span class='ocrx_word' id='word_1_757' title='bbox 2305 4251 2385 4318; x_wconf 76' lang='grc' dir='ltr'>εἷς</span> <span class='ocrx_word' id='word_1_758' title='bbox 2409 4255 2510 4324; x_wconf 76' lang='grc' dir='ltr'>τῆς</span> <span class='ocrx_word' id='word_1_759' title='bbox 2537 4253 2766 4323; x_wconf 83' lang='grc' dir='ltr'>Τριάδος</span> <span class='ocrx_word' id='word_1_760' title='bbox 2800 4250 3035 4320; x_wconf 75' lang='grc' dir='ltr'>Χριστὸς</span> <span class='ocrx_word' id='word_1_761' title='bbox 3070 4245 3397 4316; x_wconf 74' lang='grc' dir='ltr'>σαρκωθεὶς,</span> <span class='ocrx_word' id='word_1_762' title='bbox 3431 4241 3599 4295; x_wconf 76' lang='grc' dir='ltr'>ἐλθὼν</span> <span class='ocrx_word' id='word_1_763' title='bbox 3631 4242 3698 4293; x_wconf 79' lang='grc' dir='ltr'>ἐκ</span> 
     </span>
    </p>
   </div>
   <div class='ocr_carea' id='block_1_106' title="bbox 2130 4330 3698 4413">
    <p class='ocr_par' dir='ltr' id='par_1_106' title="bbox 2130 4330 3698 4413">
     <span class='ocr_line' id='line_1_106' title="bbox 2130 4330 3698 4413; baseline -0.012 -14"><span class='ocrx_word' id='word_1_764' title='bbox 2130 4344 2368 4413; x_wconf 78' lang='grc' dir='ltr'>Θαιμάν,</span> <span class='ocrx_word' id='word_1_765' title='bbox 2397 4345 2518 4412; x_wconf 74' lang='grc' dir='ltr'>ήτοι</span> <span class='ocrx_word' id='word_1_766' title='bbox 2549 4341 2612 4406; x_wconf 77' lang='grc' dir='ltr'>ὲξ</span> <span class='ocrx_word' id='word_1_767' title='bbox 2634 4340 2932 4405; x_wconf 82' lang='grc' dir='ltr'>ἀνατολῶν,</span> <span class='ocrx_word' id='word_1_768' title='bbox 2961 4337 3098 4391; x_wconf 84' lang='grc' dir='ltr'><strong>ἀλλά</strong></span> <span class='ocrx_word' id='word_1_769' title='bbox 3128 4334 3336 4387; x_wconf 78' lang='grc' dir='ltr'>καὶτὸν</span> <span class='ocrx_word' id='word_1_770' title='bbox 3371 4330 3698 4402; x_wconf 84' lang='grc' dir='ltr'>παράδεισον</span> 
     </span>
    </p>
   </div>
   <div class='ocr_carea' id='block_1_107' title="bbox 2130 4419 3703 4498">
    <p class='ocr_par' dir='ltr' id='par_1_107' title="bbox 2130 4419 3703 4498">
     <span class='ocr_line' id='line_1_107' title="bbox 2130 4419 3703 4498; baseline -0.011 -12"><span class='ocrx_word' id='word_1_771' title='bbox 2130 4427 2192 4487; x_wconf 81' lang='grc' dir='ltr'><strong>οῦ</strong></span> <span class='ocrx_word' id='word_1_772' title='bbox 2223 4431 2556 4486; x_wconf 78' lang='grc' dir='ltr'>ὲκπέπτωκε</span> <span class='ocrx_word' id='word_1_773' title='bbox 2605 4429 2941 4498; x_wconf 82' lang='grc' dir='ltr'>φυτευθέντα</span> <span class='ocrx_word' id='word_1_774' title='bbox 2993 4425 3137 4479; x_wconf 87' lang='grc' dir='ltr'><strong>κατά</strong></span> <span class='ocrx_word' id='word_1_775' title='bbox 3168 4420 3456 4484; x_wconf 82' lang='grc' dir='ltr'>ἀνατολάς.</span> <span class='ocrx_word' id='word_1_776' title='bbox 3492 4419 3703 4487; x_wconf 79' lang='grc' dir='ltr'>Ἐμφυ-</span> 
     </span>
    </p>
   </div>
   <div class='ocr_carea' id='block_1_108' title="bbox 2130 4507 3702 4591">
    <p class='ocr_par' dir='ltr' id='par_1_108' title="bbox 2130 4507 3702 4591">
     <span class='ocr_line' id='line_1_108' title="bbox 2130 4507 3702 4591; baseline -0.011 -14"><span class='ocrx_word' id='word_1_777' title='bbox 2130 4525 2290 4586; x_wconf 66' lang='lat' dir='ltr'><strong>ditat</strong></span> <span class='ocrx_word' id='word_1_778' title='bbox 2325 4523 2384 4575; x_wconf 77' lang='grc' dir='ltr'>δὲ</span> <span class='ocrx_word' id='word_1_779' title='bbox 2408 4522 2560 4591; x_wconf 73' lang='grc' dir='ltr'>παρὰ</span> <span class='ocrx_word' id='word_1_780' title='bbox 2583 4519 2678 4574; x_wconf 90' lang='grc' dir='ltr'><strong>τοῦ</strong></span> <span class='ocrx_word' id='word_1_781' title='bbox 2708 4517 3032 4588; x_wconf 84' lang='grc' dir='ltr'>ἀρχιερέως,</span> <span class='ocrx_word' id='word_1_782' title='bbox 3058 4514 3149 4568; x_wconf 79' lang='grc' dir='ltr'>διὰ</span> <span class='ocrx_word' id='word_1_783' title='bbox 3177 4513 3244 4565; x_wconf 74' lang='grc' dir='ltr'>τὸ</span> <span class='ocrx_word' id='word_1_784' title='bbox 3283 4510 3498 4582; x_wconf 82' lang='grc' dir='ltr'>πρῶτον</span> <span class='ocrx_word' id='word_1_785' title='bbox 3524 4507 3702 4579; x_wconf 61' lang='grc' dir='ltr'>ἐμφύ-</span> 
     </span>
    </p>
   </div>
   <div class='ocr_carea' id='block_1_109' title="bbox 2131 4599 3703 4684">
    <p class='ocr_par' dir='ltr' id='par_1_109' title="bbox 2131 4599 3703 4684">
     <span class='ocr_line' id='line_1_109' title="bbox 2131 4599 3703 4684; baseline -0.01 -17"><span class='ocrx_word' id='word_1_786' title='bbox 2131 4631 2303 4684; x_wconf 88' lang='grc' dir='ltr'>σημα,</span> <span class='ocrx_word' id='word_1_787' title='bbox 2326 4609 2732 4674; x_wconf 73' lang='grc' dir='ltr'>ἀνακαινίξεται</span> <span class='ocrx_word' id='word_1_788' title='bbox 2771 4610 2900 4677; x_wconf 72' lang='grc' dir='ltr'><strong>γάρ.</strong></span> <span class='ocrx_word' id='word_1_789' title='bbox 2936 4607 3132 4676; x_wconf 84' lang='grc' dir='ltr'>Τρίτον</span> <span class='ocrx_word' id='word_1_790' title='bbox 3154 4604 3212 4656; x_wconf 87' lang='grc' dir='ltr'>δὲ</span> <span class='ocrx_word' id='word_1_791' title='bbox 3245 4603 3579 4672; x_wconf 74' lang='grc' dir='ltr'>ὲμφυσᾷται,</span> <span class='ocrx_word' id='word_1_792' title='bbox 3610 4599 3703 4652; x_wconf 68' lang='grc' dir='ltr'>διὰ.</span> 
     </span>
    </p>
   </div>
   <div class='ocr_carea' id='block_1_110' title="bbox 2129 4689 3704 4778">
    <p class='ocr_par' dir='ltr' id='par_1_110' title="bbox 2129 4689 3704 4778">
     <span class='ocr_line' id='line_1_110' title="bbox 2129 4689 3704 4778; baseline -0.012 -19"><span class='ocrx_word' id='word_1_793' title='bbox 2129 4707 2224 4774; x_wconf 78' lang='grc' dir='ltr'><strong>τὴν</strong></span> <span class='ocrx_word' id='word_1_794' title='bbox 2250 4703 2400 4758; x_wconf 84' lang='grc' dir='ltr'>θείαν</span> <span class='ocrx_word' id='word_1_795' title='bbox 2419 4703 2700 4773; x_wconf 70' lang='grc' dir='ltr'>ἐνέργειαν</span> <span class='ocrx_word' id='word_1_796' title='bbox 2721 4699 2822 4778; x_wconf 80' lang='grc' dir='ltr'>τῆς</span> <span class='ocrx_word' id='word_1_797' title='bbox 2853 4695 3120 4762; x_wconf 79' lang='grc' dir='ltr'>ζωοποιοῦ</span> <span class='ocrx_word' id='word_1_798' title='bbox 3152 4694 3400 4765; x_wconf 86' lang='grc' dir='ltr'>Τριάδος.</span> <span class='ocrx_word' id='word_1_799' title='bbox 3426 4692 3502 4744; x_wconf 86' lang='grc' dir='ltr'><strong>Δι’</strong></span> <span class='ocrx_word' id='word_1_800' title='bbox 3529 4689 3704 4758; x_wconf 77' lang='grc' dir='ltr'>αὐτῆς</span> 
     </span>
    </p>
   </div>
   <div class='ocr_carea' id='block_1_111' title="bbox 2131 4779 3703 4866">
    <p class='ocr_par' dir='ltr' id='par_1_111' title="bbox 2131 4779 3703 4866">
     <span class='ocr_line' id='line_1_111' title="bbox 2131 4779 3703 4866; baseline -0.012 -16"><span class='ocrx_word' id='word_1_801' title='bbox 2131 4800 2238 4866; x_wconf 79' lang='grc' dir='ltr'><strong>γὰρ</strong></span> <span class='ocrx_word' id='word_1_802' title='bbox 2290 4793 2574 4862; x_wconf 64' lang='grc' dir='ltr'>ὲπλάσθη,</span> <span class='ocrx_word' id='word_1_803' title='bbox 2606 4793 2698 4845; x_wconf 75' lang='grc' dir='ltr'><strong>καὶ</strong></span> <span class='ocrx_word' id='word_1_804' title='bbox 2747 4789 3170 4844; x_wconf 83' lang='grc' dir='ltr'>ἀναπλάττεται.</span> <span class='ocrx_word' id='word_1_805' title='bbox 3223 4783 3594 4854; x_wconf 76' lang='grc' dir='ltr'>Σφραγὶζεται</span> <span class='ocrx_word' id='word_1_806' title='bbox 3643 4779 3703 4832; x_wconf 71' lang='grc' dir='ltr'>δὲ</span> 
     </span>
    </p>
   </div>
   <div class='ocr_carea' id='block_1_112' title="bbox 2129 4872 3702 4959">
    <p class='ocr_par' dir='ltr' id='par_1_112' title="bbox 2129 4872 3702 4959">
     <span class='ocr_line' id='line_1_112' title="bbox 2129 4872 3702 4959; baseline -0.013 -17"><span class='ocrx_word' id='word_1_807' title='bbox 2129 4889 2273 4959; x_wconf 76' lang='grc' dir='ltr'>χειρὶ</span> <span class='ocrx_word' id='word_1_808' title='bbox 2308 4887 2611 4957; x_wconf 78' lang='grc' dir='ltr'>ἀρχιερέως</span> <span class='ocrx_word' id='word_1_809' title='bbox 2645 4883 2734 4936; x_wconf 78' lang='grc' dir='ltr'>διὰ</span> <span class='ocrx_word' id='word_1_810' title='bbox 2773 4877 3032 4951; x_wconf 86' lang='grc' dir='ltr'>σταυροῦ,</span> <span class='ocrx_word' id='word_1_811' title='bbox 3065 4880 3145 4931; x_wconf 76' lang='grc' dir='ltr'>ὅτι</span> <span class='ocrx_word' id='word_1_812' title='bbox 3169 4879 3349 4948; x_wconf 84' lang='grc' dir='ltr'>χεῖρες</span> <span class='ocrx_word' id='word_1_813' title='bbox 3377 4873 3514 4927; x_wconf 81' lang='grc' dir='ltr'>Θεοῦ</span> <span class='ocrx_word' id='word_1_814' title='bbox 3551 4872 3702 4939; x_wconf 78' lang='grc' dir='ltr'>ἡμᾶς</span> 
     </span>
    </p>
   </div>
   <div class='ocr_carea' id='block_1_113' title="bbox 2130 4963 3702 5042">
    <p class='ocr_par' dir='ltr' id='par_1_113' title="bbox 2130 4963 3702 5042">
     <span class='ocr_line' id='line_1_113' title="bbox 2130 4963 3702 5042; baseline -0.011 -10"><span class='ocrx_word' id='word_1_815' title='bbox 2130 4979 2405 5042; x_wconf 77' lang='grc' dir='ltr'>ἔπλασαν,</span> <span class='ocrx_word' id='word_1_816' title='bbox 2453 4977 2483 5028; x_wconf 85' lang='grc' dir='ltr'><strong>ὁ</strong></span> <span class='ocrx_word' id='word_1_817' title='bbox 2532 4974 2660 5037; x_wconf 77' lang='grc' dir='ltr'>Υἱὸς</span> <span class='ocrx_word' id='word_1_818' title='bbox 2716 4973 2811 5026; x_wconf 67' lang='grc' dir='ltr'>καὶ</span> <span class='ocrx_word' id='word_1_819' title='bbox 2845 4973 2902 5023; x_wconf 74' lang='grc' dir='ltr'>τὸ</span> <span class='ocrx_word' id='word_1_820' title='bbox 2961 4971 3204 5039; x_wconf 80' lang='grc' dir='ltr'>Πνεῦμα.</span> <span class='ocrx_word' id='word_1_821' title='bbox 3251 4967 3311 5020; x_wconf 85' lang='grc' dir='ltr'>Ὀ</span> <span class='ocrx_word' id='word_1_822' title='bbox 3363 4965 3596 5031; x_wconf 81' lang='grc' dir='ltr'>σταυρὸς</span> <span class='ocrx_word' id='word_1_823' title='bbox 3643 4963 3702 5016; x_wconf 76' lang='grc' dir='ltr'>δὲ</span> 
     </span>
    </p>
   </div>
   <div class='ocr_carea' id='block_1_114' title="bbox 2132 5053 3705 5138">
    <p class='ocr_par' dir='ltr' id='par_1_114' title="bbox 2132 5053 3705 5138">
     <span class='ocr_line' id='line_1_114' title="bbox 2132 5053 3705 5138; baseline -0.011 -16"><span class='ocrx_word' id='word_1_824' title='bbox 2132 5071 2358 5138; x_wconf 84' lang='grc' dir='ltr'>σημεῖον</span> <span class='ocrx_word' id='word_1_825' title='bbox 2396 5064 2638 5135; x_wconf 86' lang='grc' dir='ltr'>Χριστοῦ</span> <span class='ocrx_word' id='word_1_826' title='bbox 2671 5063 2766 5116; x_wconf 72' lang='grc' dir='ltr'>καὶ</span> <span class='ocrx_word' id='word_1_827' title='bbox 2799 5060 3080 5133; x_wconf 82' lang='grc' dir='ltr'>τρόπαιον.</span> <span class='ocrx_word' id='word_1_828' title='bbox 3117 5061 3192 5112; x_wconf 77' lang='grc' dir='ltr'><strong>Δι’</strong></span> <span class='ocrx_word' id='word_1_829' title='bbox 3221 5056 3388 5111; x_wconf 83' lang='grc' dir='ltr'>αὐτοῦ</span> <span class='ocrx_word' id='word_1_830' title='bbox 3415 5053 3705 5125; x_wconf 76' lang='grc' dir='ltr'>γάρνιιιή-</span> 
     </span>
    </p>
   </div>
   <div class='ocr_carea' id='block_1_115' title="bbox 2132 5140 3702 5224">
    <p class='ocr_par' dir='ltr' id='par_1_115' title="bbox 2132 5140 3702 5224">
     <span class='ocr_line' id='line_1_115' title="bbox 2132 5140 3702 5224; baseline -0.011 -15"><span class='ocrx_word' id='word_1_831' title='bbox 2132 5174 2250 5220; x_wconf 83' lang='grc' dir='ltr'>σας,</span> <span class='ocrx_word' id='word_1_832' title='bbox 2288 5154 2412 5220; x_wconf 72' lang='grc' dir='ltr'>τοὺς</span> <span class='ocrx_word' id='word_1_833' title='bbox 2443 5153 2704 5224; x_wconf 87' lang='grc' dir='ltr'>δαίμονας</span> <span class='ocrx_word' id='word_1_834' title='bbox 2760 5150 3015 5220; x_wconf 73' lang='grc' dir='ltr'>ἔθραυσε·</span> <span class='ocrx_word' id='word_1_835' title='bbox 3052 5149 3148 5200; x_wconf 68' lang='grc' dir='ltr'><strong>καὶ</strong></span> <span class='ocrx_word' id='word_1_836' title='bbox 3206 5145 3316 5198; x_wconf 85' lang='grc' dir='ltr'>νῦν.</span> <span class='ocrx_word' id='word_1_837' title='bbox 3358 5143 3452 5197; x_wconf 85' lang='grc' dir='ltr'>ἀπ’</span> <span class='ocrx_word' id='word_1_838' title='bbox 3510 5140 3702 5208; x_wconf 84' lang='grc' dir='ltr'>αὑτοῦ,</span> 
     </span>
    </p>
   </div>
   <div class='ocr_carea' id='block_1_116' title="bbox 2131 5234 3700 5316">
    <p class='ocr_par' dir='ltr' id='par_1_116' title="bbox 2131 5234 3700 5316">
     <span class='ocr_line' id='line_1_116' title="bbox 2131 5234 3700 5316; baseline -0.01 -15"><span class='ocrx_word' id='word_1_839' title='bbox 2131 5247 2542 5316; x_wconf 83' lang='grc' dir='ltr'>ὲκτυπουμένου</span> <span class='ocrx_word' id='word_1_840' title='bbox 2591 5244 2685 5296; x_wconf 82' lang='grc' dir='ltr'><strong>τοῦ</strong></span> <span class='ocrx_word' id='word_1_841' title='bbox 2740 5241 3008 5312; x_wconf 87' lang='grc' dir='ltr'>σταυροῦ,</span> <span class='ocrx_word' id='word_1_842' title='bbox 3051 5241 3120 5292; x_wconf 80' lang='grc' dir='ltr'>τὰ</span> <span class='ocrx_word' id='word_1_843' title='bbox 3165 5237 3420 5308; x_wconf 86' lang='grc' dir='ltr'>δαιμόνια</span> <span class='ocrx_word' id='word_1_844' title='bbox 3481 5234 3700 5304; x_wconf 82' lang='grc' dir='ltr'>φεύγει.</span> 
     </span>
    </p>
   </div>
   <div class='ocr_carea' id='block_1_117' title="bbox 2143 5325 3708 5406">
    <p class='ocr_par' dir='ltr' id='par_1_117' title="bbox 2143 5325 3708 5406">
     <span class='ocr_line' id='line_1_117' title="bbox 2143 5325 3708 5406; baseline -0.007 -15"><span class='ocrx_word' id='word_1_845' title='bbox 2143 5340 2229 5391; x_wconf 76' lang='grc' dir='ltr'><strong>Ἐν</strong></span> <span class='ocrx_word' id='word_1_846' title='bbox 2275 5337 2351 5406; x_wconf 79' lang='grc' dir='ltr'><strong>τῷ</strong></span> <span class='ocrx_word' id='word_1_847' title='bbox 2390 5337 2624 5405; x_wconf 78' lang='grc' dir='ltr'>μετώπῳ</span> <span class='ocrx_word' id='word_1_848' title='bbox 2675 5334 2730 5387; x_wconf 77' lang='grc' dir='ltr'>δὲ</span> <span class='ocrx_word' id='word_1_849' title='bbox 2769 5333 2980 5398; x_wconf 80' lang='grc' dir='ltr'>πρῶτον</span> <span class='ocrx_word' id='word_1_850' title='bbox 3021 5328 3402 5400; x_wconf 76' lang='grc' dir='ltr'>σφραγίζεται,</span> <span class='ocrx_word' id='word_1_851' title='bbox 3443 5325 3507 5380; x_wconf 80' lang='grc' dir='ltr'>ἶν’</span> <span class='ocrx_word' id='word_1_852' title='bbox 3545 5328 3708 5393; x_wconf 74' lang='grc' dir='ltr'>ἁγια-</span> 
     </span>
    </p>
   </div>
   <div class='ocr_carea' id='block_1_118' title="bbox 2133 5415 3704 5501">
    <p class='ocr_par' dir='ltr' id='par_1_118' title="bbox 2133 5415 3704 5501">
     <span class='ocr_line' id='line_1_118' title="bbox 2133 5415 3704 5501; baseline -0.007 -18"><span class='ocrx_word' id='word_1_853' title='bbox 2133 5432 2231 5501; x_wconf 81' lang='grc' dir='ltr'>σθῇ</span> <span class='ocrx_word' id='word_1_854' title='bbox 2281 5415 2325 5482; x_wconf 36' lang='grc' dir='ltr'>δ’</span> <span class='ocrx_word' id='word_1_855' title='bbox 2352 5427 2672 5496; x_wconf 78' lang='grc' dir='ltr'>τελούμενος</span> <span class='ocrx_word' id='word_1_856' title='bbox 2713 5425 2804 5478; x_wconf 73' lang='grc' dir='ltr'><strong>τὸν</strong></span> <span class='ocrx_word' id='word_1_857' title='bbox 2853 5425 2997 5488; x_wconf 87' lang='grc' dir='ltr'>νοῦν,</span> <span class='ocrx_word' id='word_1_858' title='bbox 3029 5423 3127 5491; x_wconf 76' lang='grc' dir='ltr'><strong>τῆς</strong></span> <span class='ocrx_word' id='word_1_859' title='bbox 3170 5422 3377 5488; x_wconf 79' lang='grc' dir='ltr'>πλάνης</span> <span class='ocrx_word' id='word_1_860' title='bbox 3434 5419 3704 5488; x_wconf 61' lang='grc' dir='ltr'>φυγαδευ-</span> 
     </span>
    </p>
   </div>
   <div class='ocr_carea' id='block_1_119' title="bbox 2133 5509 3705 5586">
    <p class='ocr_par' dir='ltr' id='par_1_119' title="bbox 2133 5509 3705 5586">
     <span class='ocr_line' id='line_1_119' title="bbox 2133 5509 3705 5586; baseline -0.004 -19"><span class='ocrx_word' id='word_1_861' title='bbox 2133 5519 2340 5586; x_wconf 80' lang='grc' dir='ltr'>θείσης.</span> <span class='ocrx_word' id='word_1_862' title='bbox 2379 5516 2638 5583; x_wconf 81' lang='grc' dir='ltr'>Δεύτερον</span> <span class='ocrx_word' id='word_1_863' title='bbox 2677 5516 2733 5568; x_wconf 71' lang='grc' dir='ltr'>δὲ</span> <span class='ocrx_word' id='word_1_864' title='bbox 2774 5515 2833 5569; x_wconf 72' lang='grc' dir='ltr'>τὸ</span> <span class='ocrx_word' id='word_1_865' title='bbox 2867 5513 3064 5582; x_wconf 76' lang='grc' dir='ltr'>στόμα,</span> <span class='ocrx_word' id='word_1_866' title='bbox 3095 5511 3181 5565; x_wconf 80' lang='grc' dir='ltr'><strong>ἵνα</strong></span> <span class='ocrx_word' id='word_1_867' title='bbox 3217 5511 3307 5562; x_wconf 82' lang='grc' dir='ltr'><strong>τὸν</strong></span> <span class='ocrx_word' id='word_1_868' title='bbox 3354 5510 3510 5576; x_wconf 76' lang='grc' dir='ltr'>λόγον</span> <span class='ocrx_word' id='word_1_869' title='bbox 3544 5509 3705 5576; x_wconf 75' lang='grc' dir='ltr'>ἁγια-</span> 
     </span>
    </p>
   </div>
   <div class='ocr_carea' id='block_1_120' title="bbox 2134 5601 3705 5681">
    <p class='ocr_par' dir='ltr' id='par_1_120' title="bbox 2134 5601 3705 5681">
     <span class='ocr_line' id='line_1_120' title="bbox 2134 5601 3705 5681; baseline -0.008 -16"><span class='ocrx_word' id='word_1_870' title='bbox 2134 5614 2259 5681; x_wconf 69' lang='grc' dir='ltr'>οθῇ.</span> <span class='ocrx_word' id='word_1_871' title='bbox 2311 5613 2404 5664; x_wconf 72' lang='grc' dir='ltr'><strong>καὶ</strong></span> <span class='ocrx_word' id='word_1_872' title='bbox 2451 5611 2754 5680; x_wconf 78' lang='grc' dir='ltr'>ἀνομολογῇ</span> <span class='ocrx_word' id='word_1_873' title='bbox 2806 5609 2903 5677; x_wconf 86' lang='grc' dir='ltr'><strong>τὴν</strong></span> <span class='ocrx_word' id='word_1_874' title='bbox 2955 5605 3235 5674; x_wconf 81' lang='grc' dir='ltr'>ἀλήθειαν.</span> <span class='ocrx_word' id='word_1_875' title='bbox 3270 5604 3377 5658; x_wconf 72' lang='grc' dir='ltr'><strong>Καὶ</strong></span> <span class='ocrx_word' id='word_1_876' title='bbox 3431 5606 3608 5670; x_wconf 76' lang='grc' dir='ltr'>τρίτον</span> <span class='ocrx_word' id='word_1_877' title='bbox 3641 5601 3705 5652; x_wconf 82' lang='grc' dir='ltr'><strong>τὸ</strong></span> 
     </span>
    </p>
   </div>
   <div class='ocr_carea' id='block_1_121' title="bbox 2128 5693 3702 5775">
    <p class='ocr_par' dir='ltr' id='par_1_121' title="bbox 2128 5693 3702 5775">
     <span class='ocr_line' id='line_1_121' title="bbox 2128 5693 3702 5775; baseline -0.008 -17"><span class='ocrx_word' id='word_1_878' title='bbox 2128 5705 2344 5775; x_wconf 61' lang='grc' dir='ltr'>στῆθος,</span> <span class='ocrx_word' id='word_1_879' title='bbox 2389 5705 2471 5758; x_wconf 76' lang='grc' dir='ltr'><strong>ἵνα</strong></span> <span class='ocrx_word' id='word_1_880' title='bbox 2504 5705 2595 5773; x_wconf 75' lang='grc' dir='ltr'>τὴν</span> <span class='ocrx_word' id='word_1_881' title='bbox 2649 5702 2873 5771; x_wconf 77' lang='grc' dir='ltr'>καρδίαν</span> <span class='ocrx_word' id='word_1_882' title='bbox 2911 5696 3214 5775; x_wconf 31' lang='grc' dir='ltr'>ᾖηκαθαρδς</span> <span class='ocrx_word' id='word_1_883' title='bbox 3243 5738 3256 5761; x_wconf 96' lang='grc'><strong>,</strong></span> <span class='ocrx_word' id='word_1_884' title='bbox 3293 5698 3384 5749; x_wconf 68' lang='grc' dir='ltr'><strong>καὶ</strong></span> <span class='ocrx_word' id='word_1_885' title='bbox 3417 5695 3547 5750; x_wconf 83' lang='grc' dir='ltr'>Θεὸν</span> <span class='ocrx_word' id='word_1_886' title='bbox 3577 5693 3702 5770; x_wconf 69' lang='grc' dir='ltr'>ἐρᾷ,</span> 
     </span>
    </p>
   </div>
  </div>
