4044 6198
477 283 586 349 219

1303 292 1692 353 SYMEONIS
1721 291 2476 356 TI—lESSALONICENSlS
2516 278 2873 361 ARCHI‘EP.

3618 300 3722 365 920

478 401 771 455 confitetur
813 399 1087 470 'quoniam
1116 402 1396 459 veritatem
1435 404 1728 459 annuntiat
1775 406 2045 473 istamque

2149 404 2271 471 γὴν,
2297 406 2324 457 6
2359 405 2667 476 ἀρχιερεὺς,
2709 426 2728 459 ι
2783 408 3130 478 Ἑμφύσησον
3160 410 3327 479 αύτῷ,
3368 428 3387 461 ι
3415 411 3568 481 φησὶ,
3601 431 3724 465 του-

478 499 693 556 oportet
748 506 931 546 coram
982 493 1188 571 angelis
1270 503 1325 548 et
1383 495 1693 552 hominibus
1755 496 2047 566 praedicare

478 593 748 647 perquam
777 582 961 639 salvus
987 585 1108 652 erit,
1140 585 1416 658 Deumque
1437 590 1811 646 universornm
1837 607 2046 645 annun-

479 669 617 722 tiare
637 681 818 736 aperte
841 683 922 728 est
952 679 1346 744 necessarium,
1379 681 1900 738 consubstantialem
1925 684 2046 740 dico

482 756 799 815 Trinitatem
823 773 876 819 et
910 765 1084 820 solum
1116 768 1208 836 qui
1249 777 1329 824 est
1357 768 1542 837 Deum,
1578 775 1670 826 sed
1705 782 1760 829 et
1805 774 1965 828 unius
2015 790 2046 828 a

484 845 747 905 Trinitate
769 853 929 908 Verbi
985 856 1079 913 Dei
1112 858 1312 914 factam
1341 872 1562 932 propter
1620 881 1718 920 nos
1751 881 1782 920 e
1825 865 2047 934 Virgine

481 937 929 1001 incarnationem.
957 946 1067 1004 Hoc
1091 950 1254 1019 igitur
1274 963 1353 1006 ter
1377 953 1539 1020 facto,
1559 965 1612 1011 et
1639 967 1924 1027 postquam
1967 967 2048 1013 ter

478 1045 696 1086 rursum
721 1035 1080 1108 interrogatus
1106 1043 1344 1098 :Fateris
1370 1045 1689 1102 Christum?
1713 1058 1795 1104 ter
1820 1066 2046 1120 respon-

479 1120 560 1175 dit
594 1137 658 1177 ex
713 1127 877 1183 corde
915 1139 968 1184 et
999 1130 1165 1188 dixit:
1199 1152 1216 1186 t
1242 1134 1498 1192 Fatemur
1540 1153 1687 1204 eum,
1723 1158 1741 1193 ι
1805 1142 2044 1212 pontifex

478 1214 664 1269 addit:
723 1234 741 1267 ι
780 1217 841 1273 Ει
901 1222 1065 1276 adora
1135 1239 1282 1282 eum.
1317 1246 1336 1278 ι
1383 1227 1448 1283 Ει
1497 1231 1920 1300 signatuscruce
1951 1252 2047 1303 per

480 1318 698 1359 manum
724 1309 863 1377 ejus,
885 1314 1028 1379 quod
1050 1313 1248 1370 Christi
1268 1317 1666 1390 confessionem
1690 1334 1951 1376 connOtat
1995 1336 2047 1379 et

478 1395 996 1466 manifestzntionem,
1021 1414 1307 1474 postquam
1327 1418 1406 1462 ter
1427 1410 1732 1465 adoraverit
1756 1416 2046 1470 ostendens

477 1487 793 1544 servitutem
820 1499 875 1546 el
903 1509 1087 1549 veram
1113 1510 1236 1550 cum
1290 1499 1631 1557 confessione
1656 1504 2043 1574 obedientiam,

483 1578 549 1631 ad
574 1581 838 1636 orientem
871 1590 1222 1657 convertitur,
1250 1601 1303 1646 et
1336 1592 1601 1648 benedicit
1619 1595 1858 1665 pontifex
1881 1596 2045 1652 Deum

484 1670 577 1733 qui
640 1673 754 1727 vttlt
788 1689 979 1734 onmcs
1029 1681 1210 1738 salvos
1261 1684 1423 1752 fieri;
1497 1686 1575 1741 sic
1633 1685 1776 1741 enim
1837 1699 2048 1758 oportet

2150 495 2329 546 τέστιν
2353 497 2415 548 ἐκ
2455 497 2554 565 τῆς
2584 499 2808 568 καρδέας
2839 500 3164 571 ἀπόρριψον,
3209 503 3302 554 καὶ
3352 503 3458 556 ἀπὸ
3499 503 3724 574 καρδίας

2149 584 2435 653 ἀθέτησον,
2495 588 2589 639 καὶ
2643 590 3004 660 καταίσχυνω
3032 592 3124 644 τὸν
3158 593 3371 664 ἐχθρόν.
3406 595 3514 647 Καὶ
3568 597 3723 647 τοῦτο

2151 678 2380 730 ποιεῖται
2403 678 2522 747 τρὶς
2556 679 2641 732 διὰ
2674 680 2734 733 τὸ
2756 682 2994 750 ἀσφαλὲς
3022 686 3119 752 τῆς
3141 685 3420 754 ἀποταγῆς
3445 687 3534 738 τοῦ
3561 705 3726 758 πονη-

2153 767 2267 836 ροῦ,
2301 771 2394 822 καὶ
2425 772 2503 833 είς
2537 771 2694 838 δόξαν
2721 775 2815 827 τοῦ
2849 776 2908 826 ὲν
2937 773 3126 846 Τριάδι
3171 778 3333 845 μόνου
3373 779 3506 831 Θεοῦ
3542 781 3717 848 ἡμῶν,

2145 861 2238 914 τοῦ
2269 863 2662 928 καταϐαλόντος
2688 867 3061 938 τὸνπονηρόν.
3087 866 3250 931 ἷξΕἷτα
3277 874 3498 940 στρέφει
3533 872 3724 926 τοῦτον

2147 955 2288 1007 κατὰ
2316 956 2582 1020 ἀνατολάς
2605 974 2621 990 ·
2653 961 2786 1029 πρὸς
2820 961 2880 1012 τὸ
2904 961 3020 1028 φῶς
3082 960 3192 1030 γὰρ
3239 962 3430 1030 ἀνάγει
3481 964 3587 1017 ἀπὸ
3629 963 3722 1016 τοῦ

2150 1042 2394 1110 σκότους,
2428 1047 2520 1098 καὶ
2554 1047 2616 1098 ὲκ
2641 1047 2733 1099 τοῦ
2761 1047 2989 1117 ψεύδους
3017 1050 3157 1120 πρὸς,
3177 1051 3273 1122 τὴν
3299 1052 3579 1120 ἀλήθειαν.
3613 1053 3726 1106 Καί

2149 1136 2361 1202 φησινὸ
2387 1136 2675 1206 ἀρχιερεύς
2713 1155 2727 1169 °
2774 1157 2792 1190 ι
2834 1140 2990 1202 Εἰπὲ,
3054 1143 3174 1203 Καὶ,
3216 1144 3591 1212 συντάσσομαι
3645 1143 3724 1214 τῷ

2146 1226 2392 1296 Χριστῷ,
2420 1230 2513 1282 καὶ
2541 1230 2783 1284 πιστεύω
2809 1233 2886 1294 είς
2908 1233 3003 1285 ἕνα
3024 1234 3154 1287 Θεὸν
3180 1235 3397 1305 Πατέρα
3420 1237 3728 1303 παντοκρά-

2145 1335 2302 1387 τορα,
2343 1337 2362 1372 ι
2402 1323 2496 1374 καὶ
2525 1323 2593 1375 τὰ
2624 1323 2772 1390 ἑξῆς.
2826 1327 2916 1377 Δεῖ
2962 1325 3071 1396 γὰρ
3116 1326 3280 1380 αὐτὸν
3333 1327 3392 1380 τὸ
3448 1329 3728 1398 τρισήλιον

2145 1407 2402 1478 καθαρῶς
2431 1411 2834 1482 ἀνομολογῆσαι
2866 1415 3001 1481 φῶς,
3026 1415 3101 1478 ὡς
3137 1416 3202 1469 ἂν
3261 1419 3354 1470 καὶ
3409 1421 3474 1487 τῇ
3524 1420 3724 1489 καρδία

2144 1496 2361 1566 δέξηται
2385 1499 2481 1569 τὴν
2510 1500 2716 1571 λάμψιν
2749 1505 2936 1559 αὑτοῦ.
2971 1507 3082 1576 Τὴν
3137 1508 3429 1576 ὁμολογίαν
3487 1509 3581 1563 οῦν
3628 1509 3724 1562 τοῦ

2147 1587 2292 1654 ἱεροῦ
2323 1591 2598 1656 Συμϐόλου
2632 1596 2811 1648 πᾶσαν
2836 1595 3106 1665 λαμπρῶς
3150 1598 3226 1667 τῷ
3257 1600 3490 1668 στόματι
3551 1601 3724 1681 λέγει.

2147 1678 2257 1732 Καὶ
2283 1681 2440 1734 τοῦτο
2489 1689 2722 1738 ποιεῖται
2779 1687 2919 1756 τρὶς,
2985 1687 3219 1753 βεϐαιῶν
3261 1693 3362 1758 τὴν
3412 1678 3723 1761 ὁμολογίαν,

478 1761 543 1815 de
595 1765 850 1824 omnibus
893 1774 1095 1837 gratias
1158 1789 1338 1843 agere,
1373 1785 1426 1831 et
1490 1779 1786 1846 prmscrtim
1841 1782 1906 1836 de
1945 1783 2045 1836 ho-

2148 1769 2266 1838 ἅμα
2293 1771 2348 1823 δὲ
2382 1774 2474 1825 καὶ
2505 1774 2584 1835 εἰς
2625 1775 2810 1842 τιμὴν,
2846 1775 2920 1838 ὡς
2953 1779 3255 1847 εἰρήκαμεν
3446 1757 3725 1851 -τρισυποέ

482 1857 686 1910 minum
729 1861 923 1915 salute.
982 1864 1045 1917 Et
1090 1864 1161 1919 ita
1213 1869 1522 1937 suscipiens
1567 1872 1740 1936 ipsum
1791 1875 2046 1928 catechu-

483 1960 696 2001 mennm
723 1965 816 2017 per
841 1967 1060 2009 manum
1096 1959 1252 2026 quasi
1295 1960 1558 2028 perditum
1600 1963 1906 2029 inveniens,
1961 1967 2044 2019 in-

479 2039 714 2094 troducit
754 2041 805 2098 in
841 2047 1122 2115 templum,
1189 2065 1380 2119 nempe
1413 2052 1556 2107 velut
1594 2054 1648 2108 in
1696 2057 1892 2112 cmlum
1963 2061 2044 2116 vel

477 2132 530 2185 in
585 2136 919 2204 paradisum,
986 2151 1297 2197 monstrans
1362 2159 1562 2200 secum
1631 2147 1694 2200 ad
1754 2149 2042 2206 Dominum

475 2225 566 2291 qui
603 2227 858 2283 amiserat
904 2229 1179 2286 reducere.
1222 2231 1490 2290 Caudium
1532 2253 1658 2293 vero
1692 2241 2045 2300 manifestans

477 2328 587 2381 quo
617 2331 740 2372 cum
801 2320 1007 2388 angelis
1035 2323 1230 2392 gaudet
1263 2325 1328 2379 de
1357 2339 1642 2396 peccatore
1674 2333 2041 2399 paenitentiam

477 2415 707 2471 agente:
748 2427 766 2459 ι
806 2409 1013 2478 Gaude,
1047 2416 1222 2481 gratia
1254 2417 1428 2485 plena,
1463 2437 1481 2470 ι
1546 2421 1621 2474 ait
1668 2426 1959 2490 cantando,
1992 2435 2045 2482 et

477 2493 799 2561 ingreditur.
845 2498 965 2567 Ipsa
1011 2503 1156 2554 enim
1199 2513 1284 2559 est
1312 2519 1473 2561 causa
1523 2509 1778 2564 salutaris
1823 2512 2040 2580 laetitiae,

480 2592 632 2650 porta
651 2587 949 2657 salutifera,
981 2606 1102 2660 qua:
1129 2594 1355 2650 salutem
1391 2598 1547 2653 nobis
1571 2600 1922 2669 dispensavit,
1953 2620 2045 2661 ve-

477 2694 703 2748 ramque
736 2681 841 2736 Deo
870 2683 1110 2739 laetitiam
1135 2687 1367 2743 Verbum
1397 2691 1565 2745 Deum
1592 2708 1660 2747 ex
1691 2694 1805 2762 ipsa
1851 2695 2032 2752 incar-

476 2776 661 2821 natum
689 2780 878 2827 sancto
902 2783 954 2828 et
982 2774 1222 2844 virgineo
1245 2787 1400 2844 partu
1458 2783 1644 2851 genuit
1693 2785 1758 2838 ad
1793 2797 2036 2843 nostram

474 2856 942 2919 instaurationem.
973 2863 1200 2937 Insuper
1227 2868 1534 2927 Simeonem
1567 2874 1807 2934 referens
1861 2881 2039 2948 ponti-

476 2948 560 3003 fex
625 2952 846 3008 adducit
900 2955 952 3010 in
1013 2969 1360 3027 conspectum
1421 2963 1609 3021 altaris
1681 2967 2036 3039 baptizatum,

469 3040 714 3096 indicans
774 3060 833 3098 se
883 3060 1008 3103 eum
1057 3047 1290 3116 offerre;
1338 3051 1494 3117 jubet
1547 3059 1713 3112 etiam
1777 3061 1926 3115 illum
1952 3071 2034 3117 ter

475 3133 641 3188 Deum
697 3135 941 3199 adorare,
968 3141 1228 3208 quoniam
1267 3142 1320 3196 in
1351 3145 1582 3213 gratiam
1615 3147 1704 3202 Dei
1744 3151 1904 3207 rediit
1941 3171 2034 3224 per

470 3228 879 3284 conversionem
903 3232 1360 3300 quemadmodum
1385 3236 1477 3292 ille
1507 3239 1795 3310 prodigus,
1823 3258 2032 3300 necnon

472 3312 538 3366 ad
568 3313 885 3382 dignitatem
924 3319 1017 3373 ﬁlii
1048 3329 1102 3374 et
1154 3323 1220 3376 ad
1253 3324 1747 3394 incorruptionem,
1802 3333 2030 3398 primam

474 3404 711 3472 Spiritus
740 3409 960 3476 stolam,
990 3427 1098 3480 quo
1142 3416 1381 3469 nondum
1417 3418 1613 3472 melius
1650 3429 1704 3475 et
1757 3425 2033 3480 excellen-

475 3496 580 3550 tius
633 3501 894 3565 pervenit,
923 3517 1018 3570 per
1065 3503 1306 3559 divinum
1335 3506 1622 3577 baptisma.
1661 3510 1766 3567 Sed
1802 3526 1859 3569 ut
1883 3527 2030 3574 certa

473 3584 543 3639 sit
563 3590 849 3644 conversio
868 3599 922 3646 et
951 3593 1246 3654 confessio.
1279 3612 1598 3665 sponsorem
1632 3616 1848 3673 quoque
1877 3620 2033 3665 vocat

469 3682 730 3750 pontifex,
757 3699 916 3750 quem
949 3684 1098 3754 iubet
1155 3695 1240 3743 ter
1268 3691 1437 3746 altare
1465 3693 1694 3749 adorare
1725 3698 1778 3750 in
1809 3715 1916 3766 quo
1939 3701 2032 3756 ba-

473 3770 606 3825 hitat
624 3770 785 3837 Deus,
811 3773 935 3828 hinc
955 3774 1336 3833 demonstrans
1358 3793 1417 3834 se
1442 3779 1599 3835 fidem
1623 3783 1755 3840 dare
1786 3795 1896 3841 tute
1921 3805 2033 3844 scr-

467 3861 626 3914 vandi
677 3863 728 3916 in
790 3863 892 3918 fide
941 3865 1136 3934 piaque
1190 3871 1603 3926 conversatione
1672 3874 2028 3946 bapttzatum.

470 3953 597 4007 Dein
623 3955 667 4008 si
699 3954 878 4010 infans
902 3955 1114 4024 quidem
1149 3955 1311 4013 fuerit
1368 3959 1758 4032 baptizandus,
1800 3967 2031 4024 inclina-

465 4055 554 4099 tns
579 4045 724 4100 hunc
753 4047 980 4117 suscipit
1010 4064 1242 4118 sponsor
1280 4066 1466 4108 coram
1514 4057 1684 4111 sacris
1713 4056 1922 4116 foribus
1946 4062 2032 4131 ja-

463 4146 700 4202 centem,
731 4139 877 4194 velut
929 4155 960 4196 e
1011 4144 1262 4200 manibus
1291 4145 1513 4202 Christi.
1563 4148 1618 4203 Si
1652 4166 1778 4205 vero
1818 4165 2029 4208 aetatem

467 4227 644 4292 habet,
678 4229 1002 4297 baptizatum
1026 4247 1056 4286 e
1078 4247 1242 4286 manu
1271 4235 1486 4302 accipit,
1514 4238 1654 4292 idem
1686 4241 2023 4310 significans,

464 4333 655 4386 netnpe
683 4334 739 4372 se
769 4335 891 4391 eum
939 4335 968 4372 a
1010 4322 1227 4376 Christo
1260 4326 1556 4393 suscipere,
1599 4338 1654 4381 et
1696 4333 1842 4398 quod
1893 4349 2028 4401 praes

2151 1861 2348 1915 στόιτου
2378 1864 2662 1934 Θεότητος.
2713 1867 3000 1935 Ὁμολογεῖ
3029 1869 3082 1922 δὲ
3111 1869 3267 1923 τοῦτο
3299 1873 3569 1942 φανερῶς,
3603 1875 3726 1927 ἐπεὶ

2146 1949 2247 2018 τὴν
2268 1951 2528 2020 ἀλήθειαν
2559 1956 2916 2023 καταγγέλλει
2945 1972 2960 1987 ·
2990 1959 3082 2010 καὶ
3113 1959 3191 2011 ὅτι
3220 1959 3448 2012 ἐνώπιον
3477 1963 3726 2029 ἀγγέλων

2146 2037 2343 2093 δεῖκαὶ
2371 2043 2674 2110 ἀνθρώπων
2701 2049 2902 2119 ταύτην
2926 2051 3245 2120 κηρύσσειν,
3275 2052 3341 2106 δι’
3379 2048 3444 2124 ἦς
3477 2057 3570 2106 καὶ
3614 2072 3722 2108 σω-

2148 2131 2389 2202 θήσεται.
2420 2136 2526 2187 Καὶ
2565 2137 2654 2190 τὸν
2681 2137 2814 2193 Θεὸν
2843 2141 2949 2194 τῶν
2979 2143 3118 2196 ὅλων
3165 2146 3564 2214 καταγγέλλειν
3616 2147 3726 2218 χρὴ

2147 2227 2455 2298 παρρησίᾳ,
2499 2226 2596 2297 τὴν
2629 2231 2917 2299 ὁμοούσιόν
2946 2251 3088 2304 φημι
3141 2237 3366 2306 Τριάδα,
3416 2239 3506 2290 τὸν
3565 2240 3728 2306 μόνον

2145 2315 2312 2377 ὄντως
2336 2317 2463 2371 ὄντα
2487 2319 2639 2386 Θεὸν,
2665 2322 2800 2376 ἀλλὰ
2835 2326 2928 2378 καὶ
2951 2327 3042 2378 τοῦ
3081 2328 3198 2390 ἑνὸς
3226 2328 3324 2397 τῆς
3362 2330 3594 2398 Τριάδος
3622 2332 3724 2384 τοῦ

2144 2407 2280 2460 Θεοῦ
2311 2410 2488 2478 Λόγου
2513 2413 2610 2484 τὴν
2637 2415 2775 2486 ὑπὲρ
2802 2419 2957 2486 ἡμῶν
2991 2422 3054 2472 ὲκ
3108 2422 3388 2488 Παρθένου
3420 2423 3723 2492 σάρκωσιν.

2147 2497 2317 2550 Τοῦτο
2345 2497 2437 2554 οὖν
2469 2506 2841 2574 ποιησαμένου
2868 2509 3008 2576 τρὶς,
3043 2513 3137 2562 καὶ
3173 2511 3540 2581 ἐρωτηθέντος
3566 2511 3725 2576 αὖθις

2142 2587 2282 2657 τρὶς,
2324 2608 2342 2640 ι
2386 2592 2668 2658 Συνετάξω
2710 2596 2786 2665 τῷ
2843 2600 3060 2668 Χριστῷ
3083 2617 3099 2667 ;
3132 2618 3149 2651 ι
3190 2597 3284 2654 καὶ
3333 2596 3722 2669 ἀποκριθέντος

2143 2680 2262 2749 τρὶς
2295 2682 2356 2734 ἐκ
2379 2683 2626 2752 καρδίας,
2663 2687 2758 2740 καὶ
2783 2690 3088 2758 εἰρηκότος,
3128 2709 3147 2742 ι
3190 2692 3574 2762 Συνεταξόιμην
3622 2695 3724 2746 αύ-

2141 2772 2237 2843 τῷ,
2285 2792 2304 2826 ι
2337 2777 2365 2827 ὁ
2392 2776 2680 2846 ἀρχιερεύς
2713 2795 2866 2850 φησι,
2902 2799 2920 2831 ι
2954 2782 3062 2834 Καὶ
3095 2781 3471 2853 προσκύνησον
3497 2784 3664 2852 αύτῷ,
3695 2804 3717 2838 ι

2141 2866 2234 2918 καὶ
2261 2869 2705 2936 σφραγισαμένου
2740 2871 2958 2940 σταυρῷ
3009 2873 3096 2925 διὰ
3130 2874 3225 2942 τῆς
3290 2874 3472 2944 χειρὸς
3528 2877 3716 2944 αὑτοῦ,

2140 2955 2169 3008 ὁ
2205 2957 2304 3027 τὴν
2327 2957 2418 3010 τοῦ
2445 2959 2682 3029 Χριστοῦ
2726 2962 3014 3030 ὁμολογίαν
3063 2963 3212 3034 δηλοῖ
3250 2965 3345 3018 καὶ
3395 2965 3718 3036 σημείωσιν,

2142 3051 2236 3102 καλ⁸
2281 3054 2763 3122 προσκυνήσαντος
2811 3055 2952 3123 τρὶς,
3003 3056 3410 3124 ἐνδεικνυμένου
3465 3056 3564 3127 τὴν
3600 3057 3724 3110 δου-

2135 3138 2304 3203 λείαν,
2329 3141 2424 3193 καὶ
2454 3141 2551 3212 τὴν
2580 3143 2758 3213 ἁληθῆ
2789 3148 2926 3211 μετὰ
2958 3145 3058 3213 τῆς
3078 3146 3373 3214 ὁμολογίας
3403 3148 3709 3218 ὑποταγὴν,

2139 3231 2430 3301 στρέφεται
2466 3235 2604 3304 πρὸς
2636 3237 2920 3302 ἀνατολὰς,
2956 3239 3053 3292 καὶ
3086 3239 3300 3309 εύλογεῐ
3357 3240 3450 3294 τὸν
3507 3241 3638 3294 Θεὸν
3677 3243 3710 3294 ὁ

2137 3321 2425 3392 ἀρχιερεὺς
2457 3326 2549 3378 τὸν
2580 3327 2790 3391 πάντας
2815 3328 3052 3399 σωθῆναι
3103 3329 3344 3385 θέλοντα.
3380 3330 3536 3385 Οὕτω
3602 3332 3716 3403 γὰρ

2134 3409 2213 3463 δεῖ
2242 3412 2580 3482 εὐχαριστεῖν
2611 3417 2706 3468 ἐπὶ
2736 3419 2890 3484 πᾶσι,
2926 3420 3020 3470 καὶ
3053 3421 3258 3487 μᾶλλον
3277 3425 3340 3492 τῇ
3365 3423 3475 3475 τῶν
3503 3422 3721 3494 ἀνθρώ-

2136 3518 2253 3554 πων
2281 3505 2546 3576 σωτηρίᾳ.
2576 3508 2685 3560 Καὶ
2709 3507 2851 3561 οὕτω
2885 3512 3166 3581 κρατήσας
3190 3514 3353 3566 αὐτὸν
3395 3515 3486 3568 τὸν
3541 3533 3718 3587 κατη-

2135 3590 2395 3660 χούμενον
2425 3595 2525 3664 τῆς
2562 3601 2740 3667 χειρὸς
2770 3596 2845 3661 ὡς
2881 3601 2970 3654 τὸν
3005 3601 3326 3656 ἀπολωλότα
3359 3605 3562 3674 εὑρὼν,
3595 3607 3717 3659 είσ-

2137 3683 2262 3750 ἀγει
2296 3685 2377 3748 είς
2430 3685 2522 3739 τὸν
2548 3688 2696 3752 ναὸν,
2720 3690 2793 3752 ὡς
2817 3690 2896 3753 είς
2940 3693 3031 3745 τὸν
3086 3693 3315 3763 οὐρανὸν
3359 3695 3623 3766 δηλονότι,
3676 3697 3710 3766 ἢ

2134 3774 2225 3828 τὸν
2247 3777 2592 3847 παράδεισον,
2623 3781 2854 3848 δεικνὺς,
2890 3785 2965 3848 ὡς
3035 3787 3339 3856 προσφέρει
3397 3788 3585 3841 τοῦτον
3633 3788 3715 3857 τῷ

2133 3869 2498 3924 ἀπολωλεκότι
2519 3873 2776 3947 δεσπότῃ.
2809 3877 2921 3944 Τὴν
2942 3879 3116 3948 χαρὰν
3145 3879 3201 3931 δὲ
3235 3880 3437 3948 δηλῶν,
3471 3880 3540 3949 ἦν
3573 3881 3715 3949 μετὰ

2131 3959 2240 4013 τῶν
2272 3961 2519 4029 ἀγγέλων
2577 3967 2756 4037 χαίρει
2811 3968 2904 4021 ἐπὶ
2966 3968 3316 4038 μετανοοῦντι
3379 3970 3709 4040 ἁμαρτωλῷ,

2139 4069 2158 4102 ι
2188 4052 2379 4124 Χαῖρε,
2408 4059 2848 4127 κεχαριτωμένη,
2888 4078 2906 4111 ι
2958 4063 3123 4130 φησιν
3153 4062 3365 4126 ύμνῶν,
3402 4065 3496 4116 καὶ
3528 4063 3710 4132 εἰσέρ-

2131 4159 2303 4211 χεται.
2333 4145 2481 4215 Δῦτη
2506 4149 2614 4217 γὰρ
2643 4149 2674 4217 ή
2706 4150 2928 4221 ἀπαρχὴ
2956 4153 3054 4222 τῆς
3097 4155 3368 4225 σωτηρίου
3436 4156 3637 4224 χαρᾶς,
3673 4157 3706 4225 ἡ

2135 4237 2398 4304 σωτήριος
2428 4238 2592 4307 πύλη,
2625 4241 2656 4308 ἡ
2689 4242 2787 4310 τὴν
2825 4244 3096 4312 σωτηρίαν
3118 4246 3248 4311 ἡμῖν
3270 4247 3701 4315 οίκονομήσασα,

2133 4322 2226 4377 καὶ
2251 4325 2348 4393 τὴν
2366 4328 2538 4398 ἀληθῆ
2564 4332 2740 4402 χαρὰν
2767 4332 2845 4402 τῷ
2870 4334 3082 4404 κόσμῳ,
3114 4336 3204 4388 τὸν
3232 4336 3364 4389 Θεὸν
3415 4338 3590 4404 Λόγον
3619 4356 3710 4390 σε-

462 4408 607 4460 illius
645 4395 820 4461 factus
868 4418 951 4463 est
991 4426 1117 4481 erga
1153 4413 1454 4480 Christum,
1489 4417 1893 4489 spiritualisque
1921 4425 2025 4479 erit

2138 4419 2487 4486 σαρκωμένον
2518 4419 2576 4484 ἐξ
2613 4423 2780 4492 αὐτῆς
2807 4425 3119 4495 γεννήσασα
3144 4426 3315 4493 ἀγίως
3347 4445 3406 4479 τε
3432 4429 3522 4480 καὶ
3559 4446 3705 4496 παρ·

461 4498 578 4565 ejus
599 4505 769 4566 pater.
790 4499 943 4554 llnde
963 4501 1110 4557 illum
1131 4504 1466 4571 prehendens
1491 4508 1707 4564 adducit
1728 4511 1793 4566 ad
1813 4529 2023 4570 sacram

461 4591 722 4660 piscinam
772 4594 1066 4648 ostendens
1098 4594 1369 4650 initiatum
1410 4597 1664 4667 libenter,
1702 4617 1808 4658 non
1835 4615 2020 4660 autem

457 4681 510 4736 vi
541 4683 796 4739 accedere
830 4685 896 4738 ad
935 4685 1282 4756 baptismum,
1319 4689 1478 4746 ducet
1522 4693 1685 4746 etiam
1737 4697 1803 4750 ad
1861 4707 2025 4756 testes

459 4773 664 4828 scilicet
695 4775 871 4844 primo
898 4787 952 4832 et
1003 4781 1270 4850 praecipue
1307 4782 1498 4849 Deum,
1563 4787 1760 4842 deinde
1805 4791 2024 4858 pontifi-

457 4881 572 4919 cem
597 4874 651 4920 et
669 4868 943 4924 adstantes
965 4871 1146 4926 fideles
1170 4873 1262 4941 qui
1281 4888 1469 4929 omnes
1491 4887 1616 4930 sunt
1637 4881 2022 4947 mysteriorum

457 4966 642 5024 testes,
677 4960 852 5029 ipsum
903 4963 1068 5016 etiam
1133 4979 1454 5032 sponsorem
1477 4984 1597 5022 eum
1639 4973 2018 5038 adducentem,

453 5058 508 5103 et
537 5053 834 5119 praesertim
861 5052 1076 5109 divinos
1121 5070 1178 5109 sa
1194 5058 1615 5128 nctissimosque
1681 5064 1900 5132 angelos
1928 5066 2020 5134 qui

455 5140 798 5196 invisibiliter
824 5141 1020 5196 adsunt
1053 5153 1104 5197 et
1135 5143 1384 5199 [artantur
1446 5147 1514 5202 de
1577 5150 1753 5204 salute
1811 5153 2022 5207 divina-

455 5245 560 5294 que
595 5231 848 5300 baptizati
884 5234 936 5287 in
970 5235 1168 5304 spiritu
1201 5237 1482 5294 nativitate
1520 5240 1780 5311 illumque
1823 5245 1875 5298 in
1912 5262 2021 5301 ca:-

455 5323 523 5377 lis
569 5324 903 5388 adscribunt,
941 5329 1049 5396 jam
1102 5328 1399 5384 familiares
1447 5342 1499 5385 ct
1558 5335 1713 5387 amici
1772 5334 1898 5389 facti
1952 5339 2020 5392 ab

411 5405 415 5410 ’
452 5418 836 5472 ριιιιιηιίιιιὶοιιο
887 5435 952 5474 ex
1009 5421 1193 5476 divino
1234 5423 1449 5479 lavacro
1482 5425 1702 5480 obtenta
1739 5439 1792 5481 et
1847 5446 2019 5498 ungu-

452 5509 561 5562 cnti
584 5508 881 5578 signaculo.
906 5509 1030 5566 Ideo
1061 5517 1424 5570 necessarium
1470 5527 1552 5571 est
1584 5527 1713 5572 tunc
1749 5534 1873 5573 cum
1905 5524 2017 5589 pic-

456 5611 564 5654 tatc
587 5609 640 5656 et
676 5600 872 5671 gaudio
906 5605 1095 5657 adesse
1129 5605 1311 5663 fideles
1366 5607 1476 5662 fere
1529 5625 1739 5674 omnes,
1785 5619 1839 5664 et
1897 5626 2012 5666 crc—

453 5691 580 5746 dcre
635 5693 854 5762 angelos
910 5693 1124 5750 adstare
1182 5699 1274 5766 qui
1329 5699 1579 5755 laetantur
1628 5699 1693 5754 dc
1729 5709 2012 5770 peccatore

2135 4507 2358 4573 θενικῶς
2385 4513 2463 4572 είς
2486 4514 2759 4583 ἡμετέραν
2786 4517 3104 4569 ἀνάπλασιν.
3139 4519 3245 4570 Καὶ
3271 4519 3339 4570 τὰ
3359 4519 3451 4571 τοῦ
3479 4519 3705 4589 Συμεὼν

2129 4600 2185 4653 δὲ
2218 4603 2467 4654 ἐκτυπῶν
2497 4607 2523 4657 ὁ
2555 4607 2862 4675 ἀρχιερεὺς,
2899 4611 3163 4677 προσάγει
3196 4609 3292 4662 τοῦ
3316 4611 3701 4682 θυσιαστηρίου

2130 4691 2360 4745 ἐνώπιον
2391 4696 2481 4746 τὸν
2519 4695 2934 4766 βαπτιζόμενον,
2967 4699 3163 4768 δηλῶν,
3192 4701 3269 4764 ὡς
3320 4702 3400 4754 ὃτι
3438 4704 3705 4772 προσέφε-

2131 4801 2212 4854 ρε.
2249 4784 2354 4838 Καὶ
2385 4789 2530 4840 ποιεῖ
2567 4787 2755 4840 τοῦτον
2814 4791 2932 4856 τρὶς
2990 4787 3363 4861 προσκυνῆσαι
3417 4793 3534 4862 Θεῷ
3571 4810 3586 4824 ⁸
3619 4797 3702 4847 ὄτι

2129 4876 2226 4928 καὶ
2273 4877 2640 4946 κατήλλακται
2685 4881 2761 4950 τῷ
2799 4879 2916 4949 Θεῷ
2967 4881 3036 4934 δι’
3099 4887 3450 4953 επιστροφῆς,
3510 4883 3702 4955 ὥσπερ

2127 4965 2332 5028 ἐκεῖνος
2361 4968 2387 5019 ὁ
2417 4967 2644 5036 ἄσωτος,
2671 4971 2762 5022 καὶ
2799 4971 2936 5042 πρὸς
2955 4973 3053 5041 τὴν
3079 4974 3349 5027 υἱοθεσίαν
3375 4978 3467 5028 καὶ
3490 4976 3701 5046 ἀφθαρ-

2129 5057 2247 5109 σίαν
2285 5057 2383 5126 τὴν
2420 5059 2639 5131 πρώτην
2675 5063 2867 5132 στολὴν
2897 5064 2990 5116 τοῦ
3020 5067 3356 5135 Πνεύματος,
3384 5068 3509 5120 ὅσον
3543 5066 3700 5122 οὔπω

2125 5151 2348 5219 ἔρχεται
2376 5154 2636 5219 μειζόνως
2661 5172 2718 5206 τε
2750 5157 2842 5210 καὶ
2872 5160 3220 5228 κρειττόνως,
3263 5161 3350 5213 διὰ
3393 5160 3488 5213 τοῦ
3549 5163 3696 5213 Θείου

2126 5240 2521 5310 βαπτίσματος.
2557 5245 2671 5296 Ἵνα
2703 5247 2756 5299 δὲ
2787 5248 2878 5300 καὶ
2905 5251 2937 5318 ἡ
2965 5251 3267 5320 ἐπιστροφὴ
3318 5252 3410 5304 καὶ
3441 5252 3696 5330 ἡγὸμολο-

2122 5335 2247 5398 γίαν
2269 5333 2515 5404 ἀσφαλὴς
2545 5331 2598 5408 ᾖ,
2633 5339 2838 5391 καὶτὸν
2862 5340 3119 5411 ἀνάδοχον
3144 5343 3295 5394 καλεῖ
3324 5345 3351 5395 ὁ
3377 5344 3691 5412 ἀρχιερεύς.

2123 5425 2232 5476 Καὶ
2263 5428 2637 5496 προσκυνῆσαι
2688 5432 2807 5500 τρὶς
2867 5433 3011 5498 λέγει
3057 5434 3132 5503 τῷ
3191 5433 3582 5502 Θυσιαστηρίῳ,
3635 5437 3696 5484 ὲν

2117 5509 2270 5586 ᾧπερ
2295 5521 2432 5569 οἰκεῖ
2460 5520 2488 5571 ό
2513 5521 2664 5583 Θεὸς,
2692 5521 2776 5574 διὰ
2804 5523 2991 5577 τούτου
3026 5525 3221 5594 δηλῶν,
3252 5526 3325 5586 ὡς
3365 5525 3518 5588 λόγον
3555 5540 3694 5591 πχρ-
3721 5562 3732 5570 ς

2119 5609 2252 5678 έχει,
2289 5610 2520 5677 φυλάξαι
2552 5613 2808 5682 ἀσφαλῶς
2837 5616 2894 5669 ὲν
2922 5619 2985 5687 τῇ
3019 5617 3198 5670 πίστει
3224 5618 3312 5670 καὶ
3362 5620 3426 5684 τῇ
3475 5615 3694 5668 εὐσεϐεῖ

2120 5701 2360 5774 πολιτεία
2415 5704 2506 5757 τὸν
2565 5705 2976 5778 βαπτιζόμενον.
3027 5707 3159 5762 Εἶτα
3221 5710 3266 5762 εἰ
3323 5708 3420 5778 μὲν
3486 5706 3691 5777 βρέετις
