4044 6198
303 304 384 369 ﬁt
1547 308 1642 368 DE
1681 307 2240 372 SACBAMENTIS.

3422 319 3534 384 ara-«2

303 422 433 473 ἐστὶν
457 421 483 470 ὁ
517 418 729 486 μέλλων
754 417 1135 486 βαπτίζεσθαι,
1167 420 1344 490 κύψας
1383 421 1650 490 λαμϐάνει
1675 422 1863 476 τοῦτον

1983 429 2358 496 paenitentiam
2433 443 2662 503 agente,
2725 449 2936 492 necnon
3001 435 3334 508 baptizatum
3405 447 3538 494 tunc

303 508 620 576 ὀανάδοχος,
681 508 912 560 ἐνώπιον
964 509 1216 578 κείμενον
1267 511 1376 564 τῶν
1423 511 1592 576 ἁγίων
1651 511 1856 581 θυρῶν,

303 602 471 668 ὥσπερ
503 599 610 651 ἀπὸ
636 600 742 651 τῶν
765 600 964 669 χειρῶν
991 601 1086 654 τοῦ
1115 603 1350 671 Χριστοῦ
1377 619 1390 634 ·
1423 604 1472 656 εί
1501 603 1546 656 δ’
1570 607 1626 657 ἐν
1650 604 1858 674 ἡλικίᾳ,

304 690 552 758 λαμϐάνει
587 690 676 744 τὸν
711 689 1110 760 βαπτιζόμενον
1138 693 1246 746 ἀπὸ
1274 694 1375 762 τῆς
1407 697 1611 764 χειρὸς,
1645 695 1702 747 τὺ
1727 695 1860 748 αὐτὸ

303 781 480 850 δηλῶν,
505 783 590 834 ὅτι
625 781 732 834 ἀπὸ
759 782 856 834 τοῦ
887 783 1124 852 Χριστοῦ
1175 787 1360 838 τοῦτον
1415 785 1709 856 παρέλαϐε,
1769 786 1862 840 καὶ

303 874 562 942 ἐγγυητὴς
585 873 808 940 γέγονεν
847 873 1014 926 αὑτοῦ
1047 875 1127 936 είς
1153 874 1404 944 Χριστὸν,
1441 876 1534 928 καὶ
1565 893 1860 944 πνευματι-

303 964 379 1024 κὸς
401 963 554 1016 ἔσται
589 963 790 1033 πατήρ.
829 964 992 1018 Ὅθεν
1019 966 1112 1020 καὶ
1144 966 1384 1036 κρατῶν,
1415 967 1716 1038 προσφέρει
1737 967 1864 1020 τοῦ-

306 1075 382 1109 τον
402 1059 468 1126 τῇ
507 1059 630 1128 ἱερᾷ
663 1059 1040 1130 κολυμϐήθρᾳ,
1071 1059 1302 1126 δεικνὺς,
1349 1060 1423 1123 ὡς
1461 1061 1722 1122 ἑκουσίως
1769 1059 1862 1114 καὶ

302 1149 352 1198 οὐ
381 1149 518 1200 κατὰ
561 1149 684 1218 βίαν
719 1153 1084 1220 προσέρχεται
1120 1149 1198 1220 τῷ
1231 1151 1568 1219 βαπτίσματι
1599 1153 1624 1204 ὁ
1681 1150 1864 1218 τελοῦ-

305 1257 472 1308 μενος,
491 1241 586 1294 καὶ
609 1243 700 1294 ἐπὶ
723 1243 958 1312 μάρτυσι
988 1242 1202 1311 πρῶτον
1223 1244 1322 1312 μὲν
1348 1245 1440 1297 καὶ
1466 1244 1754 1313 ἐξαιρέτως
1785 1241 1862 1311 τῷ

301 1333 398 1402 80
425 1332 572 1400 Θεῷ,
602 1334 798 1386 ἔπειτα
829 1333 884 1386 δὲ
911 1333 985 1402 τῷ
1018 1336 1250 1406 ίερᾶρχῃ
1276 1335 1368 1388 καὶ
1391 1336 1501 1396 τοῖς
1522 1333 1866 1404 παρατυχοῦ-

303 1443 348 1476 σι
369 1426 602 1490 πιστοῖς,
636 1423 682 1476 οἳ
711 1425 914 1488 πάντες
943 1424 1221 1495 μάρτυρες
1238 1425 1347 1478 τῶν
1373 1427 1714 1495 τελουμένων
1736 1426 1864 1492 elei,

305 1519 384 1566 καὶ
403 1514 556 1584 αὐτῷ
576 1515 640 1581 δὴ
672 1513 750 1583 τῷ
772 1516 1120 1585 ἀναδόχῳ.τῷ
1161 1519 1255 1570 καὶ
1286 1518 1618 1588 προσάγοντι
1653 1517 1860 1582 τοῦτον,

303 1609 384 1660 καὶ
422 1607 662 1676 μάλιστα
693 1605 756 1676 δὴ
783 1609 892 1672 τοῖς
921 1608 1084 1670 θείοις
1116 1611 1213 1663 καὶ
1262 1611 1554 1678 πανὰγνοις
1587 1609 1862 1677 ἀγγέλοις,

1965 523 2232 580 committi
2282 535 2473 582 sancto
2519 528 2706 596 angelo
2765 529 3002 595 custodi,
3027 530 3119 597 qui
3173 545 3386 599 semper
3429 531 3535 584 erit

1966 627 2159 667 enmeo
2213 614 2490 670 mortifera
2541 617 2832 686 proﬁigans
2889 621 3154 675 daemonia
3204 635 3529 689 omnemque

1964 704 2294 761 dolosissimi
2367 707 2574 763 inimici
2631 710 2912 776 insultum,
2958 713 3115 766 modo
3175 723 3384 768 tantum
3441 713 3534 767 ba-

1967 798 2202 866 ptizatus
2257 814 2456 869 purum
2509 803 2774 857 custodiat
2847 803 2950 858 ﬁde
3017 813 3070 858 et
3122 805 3376 870 operibus
3440 805 3536 858 hac

1965 891 2246 958 ptismum,
2301 907 2534 963 eumque
2581 894 2634 948 in
2693 895 2918 965 regnum
2969 897 3230 952 etelornm
3281 897 3531 951 salvabit.

1967 981 2432 1052 lgiturquoniam
2483 986 2778 1041 maximum
2829 996 2911 1043 est
2937 1003 3072 1056 opus
3101 988 3268 1041 divini
3317 987 3524 1056 baptis-

1969 1077 2151 1138 matis,
2175 1073 2296 1129 ideo
2347 1075 2500 1144 prius
2525 1076 2762 1132 Ecclesia
2805 1093 2906 1146 per
2940 1078 3211 1147 pontiﬁcis
3246 1080 3299 1131 in
3333 1079 3530 1131 catho-

1967 1163 2086 1217 licis
2114 1163 2370 1219 Eeclesiis
2416 1166 2729 1220 conferebat
2755 1167 3084 1236 baptismum
3119 1165 3512 1221 accedentibus

1967 1259 2092 1312 etin
2133 1265 2377 1328 tempore
2425 1274 2534 1328 quo
2568 1259 2621 1313 in
2657 1257 2842 1316 divino
2891 1260 3162 1316 sacriﬁcio
3205 1259 3528 1330 psallimus:

1973 1368 1991 1400 ι
2024 1349 2364 1417 Quicumque
2422 1349 2475 1404 in
2509 1350 2729 1406 Christo
2752 1353 3005 1422 baptizati
3041 1353 3194 1416 estis,
3239 1371 3256 1404 ι
3287 1358 3342 1406 et
3391 1363 3534 1418 prae-

1967 1441 2128 1511 cipue
2155 1445 2207 1496 in
2233 1457 2432 1513 magno
2453 1443 2694 1500 Sabbato
2725 1455 2848 1499 ante
2907 1445 3148 1499 divinum
3177 1443 3530 1506 saeri"cium,

1975 1536 2224 1604 pluribus
2245 1535 2400 1592 lectis
2427 1553 2456 1591 e
2484 1535 2682 1591 divinis
2705 1536 2983 1606 prophetis
3009 1536 3367 1602 lectionibus;
3400 1549 3536 1603 quo-

1969 1628 2114 1681 niam
2139 1627 2444 1696 baptismus
2477 1627 2854 1683 sanctissimus
2878 1627 3212 1696 regeneratio
3239 1634 3354 1691 est,
3373 1637 3424 1679 et
3451 1639 3538 1678 re-

302 1701 541 1770 ἀοράτως
562 1701 682 1752 τότε
713 1700 971 1771 παροῦσι,
1017 1704 1114 1756 καὶ
1164 1703 1612 1773 οὐφραινομένοις
1660 1705 1724 1770 τῇ
1773 1700 1863 1754 τοῦ

1972 1717 2212 1780 novatio,
2272 1726 2323 1774 et
2384 1719 2656 1788 purgatio,
2699 1727 2753 1773 et
2801 1718 3147 1784 illuminatio,
3208 1725 3262 1772 et
3303 1715 3535 1770 ﬁliorum

303 1792 696 1862 βαπτιζομένου
715 1795 771 1845 ὲν
803 1793 1084 1864 Πνεῦματι
1117 1795 1428 1864 θεογενεσίᾳ
1459 1795 1552 1848 καὶ
1599 1795 1864 1864 σωτηρίᾳ,

298 1883 382 1936 καὶ
412 1883 898 1955 ἀπογραφομένοις
957 1885 1118 1939 αὐτὸν
1165 1887 1222 1939 ὲν
1282 1887 1393 1947 τοῖς
1449 1884 1722 1954 οὐρανοῖς,
1773 1883 1868 1936 καὶ

301 1975 622 2044 γνωρίμοις,
651 1976 746 2026 καὶ
772 1973 944 2044 φίλοις
973 1974 1300 2044 γινομένοις,
1329 1975 1437 2027 ἀπό
1467 1993 1524 2028 τε
1555 1978 1654 2043 τῆς
1688 1976 1752 2028 ἐκ
1775 1972 1867 2026 τοῦ

298 2066 427 2119 θείου
457 2064 690 2136 λουτροῦ
719 2064 1060 2133 καθάρσεως,
1122 2069 1218 2120 καὶ
1277 2068 1376 2134 τῆς
1431 2066 1722 2135 σφραγῖδος
1773 2063 1868 2116 τοῦ

299 2159 486 2226 μύρου.
522 2157 616 2208 Διὸ
647 2157 740 2210 καὶ
771 2158 1070 2224 ἀναγκαῖον
1103 2159 1360 2227 παρεῖναι
1392 2157 1508 2210 τότε
1537 2157 1654 2225 μετ’
1711 2157 1870 2210 εὐλα-

295 2247 532 2312 6είαςτε
565 2249 658 2300 καὶ
695 2249 871 2318 χαρᾶς
897 2247 1148 2311 ἅπαντας
1213 2248 1398 2318 σχεδὸν
1441 2249 1568 2312 τοῦς
1621 2251 1866 2312 πιστοὺς,

295 2343 378 2392 καὶ
425 2338 717 2392 πιστεύειν
750 2340 826 2403 ὡς
879 2338 1132 2409 πάρεισιν
1185 2339 1430 2408 ἄγγελοι,
1483 2341 1533 2394 οἳ
1584 2343 1868 2410 χαίρουσιν

295 2432 379 2483 ἐπὶ
409 2432 492 2484 ἑνὶ
531 2430 840 2500 ἁμαρτωλῷ
873 2430 1220 2501 μετανοοῦντι
1257 2447 1271 2464 ·
1303 2433 1400 2484 καὶ
1445 2431 1526 2485 ὅτι
1581 2432 1870 2502 παραδίδο-

296 2539 376 2576 ται
400 2523 531 2576 τότε
554 2525 581 2575 ὁ
610 2522 1003 2592 βαπτιζόμενος
1039 2523 1179 2593 ἁγίῳ
1211 2523 1428 2592 ἀγγέλῳ
1460 2523 1664 2592 φύλακι
1697 2539 1711 2554 ³
1774 2525 1868 2576 καὶ

295 2609 436 2676 οὗτος
463 2614 624 2666 ἔσται
659 2614 891 2667 πάντοτε
919 2615 1038 2682 μετ’
1073 2612 1262 2680 αὐτοῦ,
1296 2615 1362 2666 τὰ
1390 2614 1624 2682 φθονερά
1654 2613 1868 2668 διώκων

295 2707 564 2776 δαιμόνια,
603 2707 698 2760 καὶ
724 2707 904 2760 πᾶσαν
953 2706 1222 2776 ἐπήρειαν
1272 2705 1366 2758 τοῦ
1409 2705 1730 2759 δολιωτάτου
1779 2709 1867 2775 ἐχ-

295 2797 432 2868 θροῦ,
469 2800 594 2865 εἴγε
628 2797 790 2867 μόνον
820 2799 848 2852 ὀ
880 2796 1202 2866 βαπτισθεὶς
1230 2796 1472 2866 καθαρὸν
1503 2798 1737 2867 τηρήσει
1775 2797 1866 2848 πί-

295 2909 397 2944 στει
425 2893 524 2945 καὶ
556 2890 741 2960 ἔργοις
776 2889 836 2942 τὺ
863 2889 1168 2958 βάπτισμα,
1195 2890 1290 2942 καὶ
1318 2890 1395 2950 εἰς
1428 2887 1526 2960 τὴν
1585 2887 1867 2956 βασιλείαν

291 2982 543 3035 διασώσει
577 2981 764 3035 τοῦτον
798 2980 904 3033 τῶν
939 2979 1204 3050 οὐρανῶν.
1237 2981 1358 3034 Ὀτι
1387 2975 1482 3033 οὖν
1513 2981 1772 3048 μέγιστον
1800 2979 1862 3032 τὸ

1972 1811 2214 1876 adoptio,
2239 1819 2292 1865 et
2321 1812 2514 1877 gratia,
2557 1821 2612 1866 et
2642 1811 3000 1866 sanctiﬁcatio
3035 1821 3088 1866 et
3132 1818 3387 1866 sexcenta
3431 1806 3534 1861 alia

1970 1918 2092 1973 quae
2123 1901 2379 1956 dixerunt
2411 1900 2620 1959 Patres.
2651 1901 2834 1956 Refert
2888 1911 3068 1958 autem
3099 1903 3150 1956 in
3176 1901 3366 1970 primis
3388 1913 3540 1953 mor-

1971 2005 2078 2050 tem
2132 1995 2334 2050 Christi
2367 2003 2422 2048 et
2474 1995 2930 2048 resurrectionem
2965 1987 3126 2048 tertia
3155 1993 3240 2047 die
3305 1991 3530 2053 factam,

1969 2086 2112 2155 quod
2145 2085 2518 2154 tempusgillud
2544 2085 2760 2152 proprie
2778 2087 3036 2152 declarat,
3069 2086 3267 2155 quippe
3295 2093 3531 2139 amnrte

1969 2182 2172 2236 Christi
2191 2181 2424 2249 ejusque
2457 2180 2707 2233 triduana
2735 2178 3010 2244 sepultura
3035 2187 3089 2232 et
3119 2178 3534 2232 resurrectione

1969 2271 2429 2325 immortalitatem
2454 2277 2508 2324 et
2531 2266 2996 2338 incorruptionem
3019 2269 3347 2336 accepimus.
3383 2268 3534 2321 futu-

1969 2376 2196 2429 ramque
2221 2360 2366 2414 illam
2411 2367 2792 2428 exspectamus
2821 2357 3274 2412 resurrectionem
3333 2364 3389 2411 et.
3439 2371 3532 2411 re—

1971 2452 2316 2507 novationem
2397 2461 2768 2518 aeternamque
2833 2449 2997 2502 vitam
3058 2447 3214 2515 cujus
3275 2446 3536 2516 primitiae

1969 2544 2143 2599 factus
2178 2552 2254 2598 est
2288 2543 2538 2598 Christus
2589 2542 2682 2611 qui
2726 2555 2888 2610 quum
2939 2540 3090 2596 solus
3145 2540 3216 2594 sit
3247 2541 3365 2595 sine
3402 2553 3531 2608 pec-

1967 2645 2088 2690 cato
2113 2651 2308 2705 passus
2337 2650 2434 2704 pro
2462 2634 2621 2688 nobis
2658 2632 3058 2702 peccatoribus,
3085 2631 3210 2684 licet
3237 2629 3374 2683 mori
3409 2643 3520 2684 non

1966 2729 2186 2782 deberet
2209 2737 2396 2795 utpote
2423 2725 2648 2780 omnino
2679 2723 2886 2792 peccati
2913 2719 3195 2784 immunis,
3221 2737 3324 2790 pro
3374 2722 3532 2775 nobis

1963 2828 2214 2874 mortuus
2245 2826 2348 2872 est.
2399 2816 2534 2871 Nam
2585 2825 2868 2884 peccatum
2916 2822 2999 2869 est
3049 2812 3239 2868 mortis
3271 2813 3517 2872 aculeus.

1963 2909 2425 2967 utdicuutlsaias
2457 2917 2512 2964 et
2565 2908 2786 2972 Paulus,
2839 2921 2936 2961 seu
2970 2905 3322 2976 principium,
3377 2902 3528 2958 radix

1965 3013 2126 3072 atque
2161 3011 2376 3081 auctor.
2401 3002 2521 3072 Ipse
2542 3015 2672 3055 vero
2700 2999 2950 3055 Christus
2977 2999 3079 3052 etsi
3111 3005 3389 3067 peceatum
3424 3009 3548 3070 non

289 3075 438 3143 ἔργον
461 3074 562 3127 τοῦ
605 3073 878 3126 θειοτάτου
919 3072 1313 3141 βαπτίσματος,
1343 3073 1428 3126 διὰ
1457 3072 1613 3126 τοῦτο
1663 3071 1860 3140 πρότε-

1973 3071 2683 3164 ίοοίεεθιξηθιιιιθίιίεδοτθι
2715 3091 2876 3155 mori,
2927 3105 3025 3158 pro
3080 3089 3234 3143 nobis
3283 3095 3530 3140 mortuus

289 3181 375 3230 ρον
403 3165 500 3218 καὶ
529 3165 566 3232 ή
612 3154 908 3234 Ἐκκλησία
939 3163 1026 3216 διὰ
1057 3162 1163 3216 τῶν
1189 3163 1492 3234 ἀρχιερέων
1538 3165 1595 3215 ὲν
1621 3165 1737 3225 ταῖς
1767 3181 1862 3216 κα-

288 3256 526 3319 θολικαῖς
551 3257 870 3325 ἐκκλησίαις
910 3257 1145 3309 ἐποιεῖτο
1161 3257 1229 3310 τὰ
1257 3256 1362 3309 τῶν
1394 3259 1858 3326 προσερχομένων

289 3347 669 3417 βαπτίσματα,
703 3350 798 3401 καὶ
831 3347 953 3400 καθ’
984 3348 1045 3402 ὃν
1084 3347 1276 3420 καιρὸν
1309 3351 1366 3401 ὲν
1397 3349 1515 3411 ταῖς
1549 3348 1766 3417 ἑορταῖς
1794 3349 1858 3416 τῇ

285 3442 396 3513 θεία
429 3441 775 3510 λειτουργίᾳ,
807 3441 885 3505 τὸ,
921 3459 939 3491 ι
963 3440 1120 3494 Ὅσοι
1145 3443 1225 3501 εἰς
1263 3441 1499 3510 Χριστὸν
1528 3437 1862 3507 ἐδαπτίσθη-

285 3549 356 3596 τε,
389 3552 406 3584 ι
444 3533 754 3602 ψάλλομεν,
781 3531 874 3583 καὶ
925 3531 1164 3599 μάλιστα
1190 3531 1253 3600 δὴ
1281 3530 1357 3599 τῷ
1393 3530 1613 3598 μεγάλῳ
1649 3528 1860 3582 Σαϐϐά-

283 3641 356 3695 τῳ
379 3627 492 3699 πρὸ
523 3625 626 3690 τῆς
662 3624 811 3688 Θείας
846 3624 1178 3696 ἱερουργίας,
1217 3623 1322 3676 τῶν
1355 3622 1566 3675 πολλῶν
1594 3623 1860 3690 ἀναγινωσ

285 3719 572 3786 σκομένων
605 3717 1050 3784 ἀναγνωσμάτων
1082 3715 1188 3768 ἀπὸ
1213 3715 1319 3768 τῶν
1351 3716 1509 3768 θεῐων
1538 3713 1858 3784 προφητῶν.

293 3805 512 3876 Ἐπειδὴ
559 3805 620 3858 τὸ
672 3804 966 3875 ἱερώτατον
1021 3805 1306 3875 βάπτισμα
1361 3805 1456 3858 καὶ
1507 3805 1860 3874 ἀναγέννησίς

281 3900 417 3964 ἐστι,
447 3900 554 3953 καὶ
581 3900 902 3962 ἁνάπλασις,
931 3898 1200 3969 κάθαρσίς
1225 3915 1283 3952 τε
1317 3900 1414 3951 καὶ
1443 3897 1724 3967 φωτισμδς
1766 3897 1861 3948 καὶ

283 3990 548 4054 υἱοθεσία,
575 3991 671 4045 καὶ
705 3992 952 4062 χάρισμα
977 3993 1069 4044 καὶ
1104 3990 1398 4061 ἁγιασμὸς,
1427 3991 1522 4044 καὶ
1559 3987 1728 4058 μυρία
1761 3987 1860 4040 ὅσα

285 4089 452 4148 φασὶν
488 4089 538 4139 οί
573 4086 842 4154 Πατέρες.
882 4085 1056 4138 Τυποῖ
1089 4085 1143 4138 δὲ
1167 4083 1461 4154 ἐξαιρέτως
1501 4081 1589 4134 τὸν
1634 4081 1860 4134 θάνατον

283 4180 372 4233 τοῦ
409 4178 680 4249 Χριστοῦ,
715 4177 811 4230 καὶ
837 4174 936 4247 τὴν
963 4176 1265 4244 τριήμερον
1289 4174 1524 4245 ἔγερσιν.
1579 4173 1642 4225 Ὃ
1672 4172 1734 4241 δὴ
1767 4173 1860 4223 καὶ

281 4273 308 4324 ὁ
337 4273 532 4342 καιρδς
581 4271 784 4331 ἐκεῖνος
832 4267 1214 4336 καθαρώτερον
1254 4266 1512 4336 παριστᾷ.
1577 4263 1708 4317 Ἀπὸ
1753 4263 1860 4332 γὰρ

281 4363 372 4416 τοῦ
416 4362 655 4415 θανάτου
679 4359 770 4411 τοῦ
796 4357 1030 4428 Χριστοῦ
1073 4361 1168 4412 καὶ
1198 4356 1297 4426 τῆς
1323 4355 1624 4426 τριημέρου
1681 4353 1860 4423 ταφῆς

1962 3198 2066 3254 est,
2119 3197 2192 3255 et,
2243 3195 2423 3242 morte
2472 3185 2680 3239 devicta
2745 3181 3082 3243 resurrexit,
3140 3179 3531 3248 passionesque

1963 3285 2177 3334 nostras
2213 3284 2266 3331 et
2299 3274 2702 3330 damnationem
2737 3272 2896 3328 solvit
2923 3271 3175 3340 patiendo
3219 3268 3441 3338 qui.per
3468 3281 3530 3322 se

1962 3379 2078 3424 erat
2132 3366 2480 3437 impassibilis
2509 3380 2526 3432 ;
2566 3353 2739 3418 factus
2784 3378 3002 3433 quoque
3033 3363 3142 3416 dux
3173 3362 3298 3416 vita;
3329 3369 3530 3415 nostrae

1963 3462 2020 3515 in
2049 3460 2218 3516 ctelos
2243 3469 2554 3526 assumptus
2603 3465 2708 3520 est,
2735 3464 2788 3510 et
2823 3471 2922 3511 nos
2962 3456 3056 3525 qui
3094 3455 3248 3509 illum
3284 3455 3340 3507 in
3392 3453 3530 3520 bap-

1963 3553 2125 3610 tismo
2149 3551 2426 3606 induimus
2469 3565 2499 3604 a
2535 3548 2674 3604 coelo
2707 3564 2828 3603 eum
2859 3551 3263 3618 exspectamus,
3307 3545 3530 3617 quando

1962 3657 2062 3696 nos
2086 3640 2428 3696 resuscitabit
2461 3650 2516 3695 et
2543 3639 3110 3707 incorruptibilitatem
3145 3651 3374 3706 prorsus
3426 3635 3529 3690 tri-

1964 3732 2086 3786 buet
2115 3731 2270 3800 cujus
2299 3731 2491 3784 arrhas
2535 3729 2696 3784 modo
2724 3743 2817 3796 per
2847 3727 3180 3797 baptismum
3237 3726 3408 3781 dedit.
3442 3724 3532 3780 Si-

1962 3823 2162 3878 militer
2193 3831 2248 3878 et
2284 3821 2336 3874 in
2377 3820 2528 3876 omni
2557 3828 2802 3889 tempore
2833 3819 3204 3874 necessarium
3235 3826 3320 3872 est
3349 3815 3529 3884 bapti-

1963 3930 2108 3978 zare,
2146 3928 2214 3968 ne
2241 3913 2368 3983 quid
2430 3911 2760 3966 incommodi
2797 3910 3026 3965 fortasse
3079 3909 3293 3964 accidat
3341 3917 3396 3962 et
3425 3906 3526 3960 ali-

1961 4007 2084 4074 quis
2109 4021 2214 4060 non
2237 4003 2616 4058 sanctiﬁcatus
2633 4002 2878 4067 decedat,
2900 4001 2954 4055 id
2977 4009 3062 4055 est
3085 4003 3204 4054 sine
3229 3999 3524 4066 baptismo,

1960 4105 2015 4152 et
2049 4097 2242 4164 ingens
2267 4094 2390 4148 inde
2418 4095 2524 4148 erit
2561 4093 2854 4156 damnum;
2897 4092 2990 4159 qni
3027 4092 3169 4144 enim
3201 4105 3306 4144 non
3357 4089 3534 4157 bapti-

1962 4198 2116 4243 zatus
2152 4186 2334 4247 fuerit.
2366 4201 2470 4241 non
2517 4184 2702 4240 salvus
2732 4183 2854 4237 erit.
2890 4181 3114 4252 Oportet
3133 4189 3336 4242 autem,
3362 4195 3534 4248 quan-

1961 4291 2075 4332 tum
2117 4276 2230 4332 ﬁeri
2263 4284 2457 4345 potest,
2489 4275 2784 4343 baptismos
2823 4287 2945 4327 cum
2975 4272 3320 4327 solemnitate
3357 4280 3410 4325 et
3435 4283 3506 4338 po

1965 4374 2154 4421 testate
2177 4381 2276 4421 con
2287 4365 2435 4430 ferri,
2458 4364 2900 4432 sacerdotemque
2921 4379 3040 4418 esse
3053 4362 3360 4430 diligentem
3379 4369 3427 4416 et
3447 4375 3544 4416 so-

283 4454 498 4524 καὶτῆς
529 4453 882 4513 ἀναστάσεως
933 4451 1031 4520 τὴν
1079 4449 1379 4503 ἀθανασίαν
1421 4448 1512 4500 καὶ
1553 4447 1862 4515 ἀφθαρσίαν

1968 4461 2168 4522 brium,
2200 4475 2323 4512 nam
2349 4458 2642 4511 maximum
2669 4454 2759 4510 Dei
2779 4471 2916 4524 opus
2936 4463 3207 4526 operatur,
3235 4467 3426 4521 nempe
3441 4452 3540 4505 ho-

285 4545 579 4612 ἐλάϐομεν,
609 4542 707 4596 καὶ
764 4543 864 4611 τὴν
926 4541 1224 4612 μέλλουσαν
1293 4539 1510 4608 ἐκείνην
1579 4538 1867 4606 ἐλπίζομεν

287 4635 588 4688 ἁνάστασίν
625 4651 683 4687 τε
715 4637 808 4686 καὶ
834 4633 1204 4696 ἀνακαίνισιν,
1241 4631 1338 4686 καὶ
1383 4629 1528 4700 ζωὴν
1581 4629 1679 4696 τὴν
1734 4627 1866 4682 αἰώ-

289 4745 416 4792 νιον,
448 4723 516 4800 ἧς
547 4728 738 4800 γέγονε
762 4727 994 4796 Χριστὸς
1018 4725 1265 4797 ἀπαρχὴ,
1296 4728 1324 4778 ὁ
1379 4725 1448 4796 μό
1462 4741 1539 4786 λος
1600 4722 1674 4776 ὣν
1735 4723 1870 4776 ἁνα-

289 4821 592 4890 μάρτητος,
631 4819 820 4871 παθὼν
847 4817 985 4887 ὑπὲρ
1017 4819 1173 4887 ἡμῶν
1221 4817 1328 4868 τῶν
1372 4814 1737 4884 ἁμαρτωλῶν,
1774 4813 1868 4866 καὶ

285 4914 311 4962 ὁ
339 4912 416 4982 μὴ
449 4912 686 4978 ορείλων
719 4911 1030 4970 ἀποθανεῖν,
1067 4908 1141 4971 ὼς
1195 4908 1273 4978 μὴ
1319 4907 1646 4978 ἁμαρτήσας
1706 4905 1863 4971 ὅλως,

287 5001 424 5072 ὑπὲρ
455 5003 620 5073 ἡμῶν
647 5001 955 5055 ἀποθανών.
1007 5001 1070 5054 Ἦ
1100 5003 1208 5069 γὰρ
1240 5001 1483 5070 ἁμαρτία
1516 4997 1608 5052 τοῦ
1638 4997 1866 5050 θανάτου

289 5097 400 5146 ἐστὶ
423 5095 488 5148 τὸ
518 5095 767 5164 κέντρον,
803 5094 878 5155 ὡς
923 5095 986 5146 Ἥ
1001 5095 1148 5155 satiat;
1178 5091 1274 5146 καὶ
1340 5092 1548 5152 Παῦλος
1591 5093 1863 5159 λέγουσιν,

286 5185 634 5254 ἦτοιήἀρχὴ
686 5185 780 5237 καὶ
841 5185 964 5254 ῥίζα
1019 5187 1111 5238 καὶ
1177 5185 1452 5254 πρόξενος.
1507 5184 1678 5245 Αὐτὸς
1735 5183 1790 5235 δὲ
1840 5184 1867 5234 ὁ

291 5273 527 5344 Χριστὸς
557 5277 632 5345 μὴ
661 5275 980 5344 πεποιηκὼς
1030 5277 1326 5346 ἁμαρτίαν,
1379 5275 1472 5328 καὶ
1522 5273 1595 5344 μὴ
1639 5273 1869 5340 ὀφείλων

293 5366 616 5427 ἀποθανεῖν,
641 5366 877 5418 ἀπέθανε
906 5365 972 5418 δι’
1002 5367 1147 5435 ἡμᾶς
1181 5383 1194 5396 ·
1230 5367 1324 5418 καὶ
1363 5366 1446 5417 διὰ
1477 5363 1632 5420 τοῦτο
1667 5381 1868 5432 καταρ-

293 5459 466 5520 γήσας
499 5457 592 5509 τὸν
632 5455 881 5520 θάνατον,
925 5459 1306 5528 ὲξεγήγερται,
1371 5458 1465 5510 καὶ
1511 5459 1578 5508 τὰ
1625 5457 1868 5524 ἡμέτερα

297 5546 438 5615 πάθη
462 5547 564 5598 καὶ
590 5547 688 5608 τὴν
721 5549 1046 5618 κατάκρισιν
1093 5551 1268 5616 ἔλυσε,
1327 5547 1515 5602 παθὼν
1567 5548 1595 5600 ὁ
1651 5547 1868 5616 ἀπαθὴς

294 5634 356 5686 δι’
388 5636 588 5690 ἑαυτοῦ
615 5654 630 5670 ο
662 5642 952 5710 γενόμενός
981 5659 1038 5694 τε
1085 5644 1322 5714 ἀρχηγὸς
1353 5647 1451 5714 τῆς
1494 5647 1641 5714 ζωῆς
1687 5643 1867 5710 ἡμῶν,

297 5727 368 5788 εἷς
401 5729 530 5791 ττιῦς
585 5729 844 5800 οὖρα-[οὒς
913 5733 1210 5805 ἀνελήφθη.
1255 5737 1364 5791 Καὶ
1421 5739 1468 5789 οἱ

1537 5741 1548 5750 ι
1597 5740 1618 5750 α
1658 5737 1678 5748 λ
1774 5735 1783 5748 Ι

1534 5740 1783 5803 Uias-ait:
1796 5749 1868 5786 νοι

1973 4553 2135 4606 minis
2155 4551 2622 4606 instaurationem.
2653 4548 2755 4603 Sed
2777 4549 2842 4602 ad
2861 4548 3197 4619 propositum
3227 4545 3538 4602 redeamus.

1973 4643 2254 4699 Praaeunte
2287 4641 2564 4712 pontiﬁce,
2583 4639 2798 4694 adducit
2835 4639 3166 4708 baptizatum
3201 4650 3436 4706 sponsor
3475 4635 3541 4688 ad

1971 4750 2180 4792 sacram
2211 4731 2500 4802 piscinam,
2543 4745 2681 4800 praes
2705 4729 2936 4782 libenter
2958 4729 3323 4794 accedentem.
3351 4726 3543 4779 Adstat

1970 4826 2215 4898 pontifex
2243 4823 2522 4880 Christum
2550 4824 2723 4890 ipsum
2755 4819 3016 4883 referens,
3053 4818 3171 4885 ejus
3207 4817 3412 4870 habens
3445 4829 3542 4883 po-

1972 4926 2244 4978 tesmtem,
2277 4922 2330 4968 et
2365 4913 2600 4982 repletur
2639 4912 2843 4980 piscina
2878 4924 3015 4978 aqua
3045 4907 3335 4963 Jordanem
3367 4905 3544 4973 expri-

1973 5023 2149 5062 mens.
2187 5003 2578 5059 Accenduntur
2598 5002 2757 5056 etiam
2788 5000 2994 5055 Iuntina
3020 4999 3220 5068 quibus
3237 4997 3541 5052 ostenditur

1973 5099 2213 5168 Spiritus
2247 5096 2596 5160 illuminatio,
2637 5105 2684 5149 et
2717 5094 2854 5164 quia
2891 5093 3196 5162 baptizatus
3215 5103 3280 5143 ex
3306 5088 3541 5142 tenebris

1974 5191 2125 5247 venit
2148 5191 2210 5244 ad
2244 5191 2417 5245 lucem
2453 5201 2506 5243 et
2535 5189 2648 5260 jam
2681 5187 2738 5242 ﬁt
2773 5186 2916 5240 ﬁlius
2947 5185 3104 5238 lucis.
3137 5182 3355 5238 Circum
3407 5181 3542 5233 alta-

1973 5299 2030 5340 re
2056 5285 2179 5337 thus
2209 5281 2449 5336 incendit
2482 5279 2742 5348 pontifex,
2771 5278 2972 5332 bonum
3001 5275 3226 5329 odorem
3260 5281 3315 5327 et
3341 5270 3542 5326 sancti-

1975 5371 2280 5426 licationcm
2344 5369 2577 5436 Spiritus
2639 5366 2972 5438 signiﬁcans,
3034 5361 3125 5430 qui
3189 5377 3404 5416 onmem
3445 5359 3545 5414 luit

1973 5473 2317 5537 peccatorum
2344 5463 2611 5525 fmtorem,
2635 5468 2858 5514 sanctus
2889 5458 3032 5514 enim
3053 5456 3309 5526 Spiritus.
3345 5453 3545 5508 Deinde

1992 5559 2038 5610 In
2061 5555 2336 5610 ncdicitet
2357 5553 2593 5608 celebrat
2633 5547 2868 5620 pontifex
2905 5563 3124 5618 regnum
3189 5557 3390 5602 sancta:
3427 5543 3546 5597 Tri-

1973 5647 2160 5702 nitatis
2193 5647 2355 5700 unius
2392 5642 2504 5709 Dei,
2537 5657 2662 5697 nam
2691 5641 2804 5710 ipsa
2873 5649 3064 5711 regnat
3110 5639 3242 5704 sola,
3295 5645 3347 5690 et
3395 5649 3544 5690 nune

1975 5740 2216 5810 regnarit
2252 5757 2278 5794 a
2309 5736 2543 5801 maligno
2603 5734 2838 5806 eripiens
2875 5733 3074 5788 mundo
3133 5738 3538 5800 regeneratum,
