4044 6198
424 302 530 369 227

1240 293 1623 356 SYMEUNIS
1661 288 2419 353 TIIESSALONICENSIS
2464 288 2825 349 AﬁCHIEP.

3547 283 3654 346 2‘28

428 415 570 486 quod
599 421 679 467 cst
708 406 958 479 urguenti
979 404 1326 475 prooemium,
1352 410 1535 472 postea
1555 411 1732 455 autem
1754 412 1996 467 unguen-
2025 430 2037 458 Α

2126 398 2284 463 ἐγει·
2344 394 2439 447 νῦν
2492 396 2547 447 δὲ
2604 394 2766 447 τοῦτο
2830 396 3071 461 ἐγχεῖται
3120 393 3181 447 rb
3230 392 3431 459 ἔλαιον,
3475 394 3663 462 προοί-

428 515 568 559 tum.
608 505 673 555 At
706 508 896 569 putare
924 497 1051 550 licet
1072 502 1317 549 sanctum
1351 492 1669 562 Dionysium
1690 491 1791 544 hoc
1814 489 1994 543 oleum

433 602 618 663 utpote
647 589 904 660 unguenti
954 586 1279 656 prooemium
1317 592 1645 654 unguentum
1702 579 1994 649 appellare,

430 683 685 754 quoniam
718 683 857 735 ineo
886 679 1102 749 quidem
1134 676 1441 745 baptizatus
1489 671 1816 744 principium
1855 669 1998 723 acci-

432 780 510 849 pit
542 773 1011 835 sanetilicationis,
1038 781 1089 825 et
1114 772 1179 825 ad
1211 769 1393 825 divina
1427 768 1649 836 ungitur
1674 762 1998 820 certamina.

437 871 707 939 ρυειιιγίυε
738 878 917 922 autem
954 865 1188 936 perfecte
1222 862 1579 917 conlirmatur
1614 867 1667 913 et
1695 856 2001 911 sanctifica-

435 972 523 1015 tur
544 972 705 1029 atque
733 960 977 1030 signatur
1009 965 1282 1025 unguento
1310 955 1496 1024 gratiae
1524 947 1999 1020 praestantissimo.

436 1055 561 1108 Ideo
589 1056 655 1105 de
689 1055 901 1105 duobus
932 1050 983 1103 in
1018 1048 1289 1117 baptismo
1320 1047 1376 1098 lit
1401 1042 1683 1099 memoria.
1749 1036 2005 1093 Pontifex

436 1158 586 1206 vero,
620 1153 903 1212 postquam
965 1136 1367 1194 consecraverit
1416 1137 1618 1197 oleum,
1671 1131 2004 1200 baptizatum

437 1236 760 1290 smctilicat.
815 1232 917 1285 Sed
952 1246 1073 1300 quae
1128 1239 1245 1282 erat
1304 1228 1603 1282 necessitas
1658 1218 2004 1291 baptizatum

439 1336 619 1395 postea
641 1332 917 1394 unguento
942 1320 1107 1384 liniri,
1125 1320 1167 1372 si
1193 1320 1243 1371 in
1265 1318 1581 1387 baptismate
1598 1322 1740 1367 esset
1763 1326 2009 1377 unguen-

439 1418 597 1471 tum?
624 1418 789 1482 igitur
819 1431 882 1469 ex
914 1414 1016 1467 hoc
1041 1413 1158 1465 oleo
1184 1412 1335 1480 ungit
1362 1410 1475 1478 ipse
1513 1409 1751 1478 primum
1783 1405 2005 1473 jamjam

440 1508 828 1579 baptizandum
866 1506 1052 1560 dicens
1088 1521 1103 1558 ;
1161 1522 1179 1553 ι
1213 1502 1444 1571 Ungitnr
1501 1501 1601 1553 iste
1636 1499 1756 1552 oleo
1814 1495 2011 1549 laetitiae

440 1604 495 1656 in
528 1601 747 1654 nomine
778 1596 1085 1652 Trinitatis.
1122 1613 1139 1644 »
1171 1594 1269 1648 Est
1296 1602 1475 1646 autem
1532 1590 1715 1644 latitia
1778 1587 2012 1655 Spiritus

442 1692 533 1759 qui
564 1702 661 1741 nos
687 1688 821 1740 bene
847 1694 901 1739 et
924 1684 1161 1751 jucunde
1205 1684 1385 1737 salvos
1440 1680 1603 1747 facit;
1639 1679 1835 1734 clamat
1866 1676 2009 1731 enim

445 1782 610 1835 David
640 1798 655 1834 :
691 1799 707 1831 ι
740 1778 926 1833 Redde
956 1777 1085 1830 mihi
1114 1776 1353 1829 laetitiam
1384 1772 1648 1827 Salutaris
1682 1770 1777 1835 tui,
1810 1780 1861 1825 et
1893 1769 2012 1838 Spi-

444 1873 549 1926 ritu
585 1870 870 1941 principali
899 1867 1159 1941 conlirma
1190 1881 1295 1919 me.
1325 1883 1344 1915 »
1381 1863 1586 1918 Deinde
1616 1878 1645 1916 a
1681 1861 1856 1931 capite
1921 1874 2014 1929 per

438 1950 735 2034 quemdam
774 1962 1069 2017 diaconum
1132 1969 1223 2012 aut
1257 1958 1568 2011 ministrum
1604 1963 1778 2009 totum
1816 1967 2013 2022 corpus

446 2056 705 2122 ungitur;
737 2053 934 2122 quippe
959 2052 1028 2104 ad
1086 2050 1266 2103 divina
1307 2048 1603 2103 certamina
1631 2046 1853 2100 omnino
1881 2058 2015 2113 prae-

447 2158 689 2215 paratur,
714 2162 821 2199 non
843 2145 983 2197 enim
1009 2154 1064 2196 ut
1089 2140 1243 2195 cadat
1270 2140 1519 2205 accessit,
1544 2138 1638 2192 sed
1667 2136 2015 2191 utChristum

446 2241 691 2295 imitetur
716 2253 874 2307 quem
914 2237 1113 2299 induit,
1144 2244 1198 2289 et
1249 2242 1434 2289 contra
1461 2231 1756 2302 malignum
1817 2238 2018 2298 pugnet

445 2342 502 2388 ct
532 2333 672 2386 sicut
696 2330 776 2383 \ir
816 2330 1099 2387 decertet;
1132 2326 1398 2379 luctantes
1439 2337 1567 2377 vero
1590 2322 1867 2391 quondam
1900 2320 2019 2374 oleo

449 2438 669 2479 carnem
698 2420 1030 2476 oblinebant.
1065 2415 1222 2471 Tunc
1251 2430 1380 2482 ergo
1404 2414 1455 2466 in
1486 2427 1686 2481 aquam
1716 2411 2021 2480 ingreditur

450 2516 679 2569 omnino
706 2513 907 2576 nudus,
945 2509 1401 2580 quemadmodum
1437 2517 1596 2562 natus
1622 2514 1707 2562 est
1731 2514 1782 2559 et
1812 2504 2020 2574 primus

452 2606 748 2675 plasmatns
772 2613 853 2656 est
887 2602 1082 2666 homo;
1121 2599 1214 2654 sed
1254 2599 1340 2653 hic
1361 2597 1579 2667 quidem
1603 2597 1840 2651 divinam
1872 2596 2017 2650 illam

456 2697 689 2765 primum
724 2692 957 2746 habebat
985 2691 1204 2751 stolam,
1241 2698 1315 2753 et,
1347 2689 1475 2744 licet
1509 2688 1690 2743 nudus
1715 2697 1875 2753 esset,
1913 2701 2018 2740 non

450 2786 841 2849 erubescebat;
872 2798 1014 2837 nunc
1052 2797 1182 2837 vero
1217 2782 1395 2835 nudus
1436 2792 1595 2836 natus
1622 2782 1676 2835 in
1711 2796 1876 2836 carne
1921 2784 2025 2834 fert

453 2880 606 2949 signa
649 2874 999 2944 turpitudinis
1033 2882 1084 2927 rt
1138 2874 1626 2942 transgressionis;
1683 2874 1775 2927 sed
1829 2887 2023 2941 aquam

456 2968 1011 3035 s..sc'.:iniirigresSIts
1074 2964 1277 3032 peccati
1348 2962 1565 3033 quidem
1638 2962 2025 3031 turpitudinem

454 3061 654 3129 reiicit,
688 3056 1104 3113 innnortalitatis
1135 3068 1311 3110 autem
1370 3055 1593 3125 gloriam
1622 3065 1675 3109 et
1734 3054 2024 3107 indumen-

458 3163 570 3205 tunt
598 3150 813 3218 accipit.
852 3147 949 3201 lllo
974 3145 1120 3199 enim
1152 3161 1181 3198 a
1217 3146 1394 3213 capite
1424 3144 1477 3196 in
1511 3158 1616 3212 quo
1647 3151 1776 3197 sunt
1833 3157 2023 3195 omnes

458 3257 653 3298 sensus
686 3250 739 3294 et
768 3237 1151 3308 viget.imperii
1180 3236 1408 3290 facultas
1445 3235 1806 3303 deprehenso,
1863 3244 1917 3289 et
1971 3235 2024 3286 in

457 3352 653 3407 aquam
684 3333 849 3387 semel
872 3333 1143 3395 demerso,
1168 3328 1401 3398 pontifex
1434 3342 1528 3382 seu
1594 3329 1848 3381 sacerdos
1914 3327 2025 3379 cla-

461 3437 605 3481 mat:
638 3444 655 3475 ι
685 3424 997 3491 Baptizatur
1019 3421 1119 3474 iste
1148 3433 1339 3474 servus
1372 3418 1460 3470 Dei
1485 3417 1537 3469 in
1560 3418 1779 3471 nomine
1798 3416 2022 3481 Patris,»

460 3528 514 3573 (ι
540 3518 719 3573 statim
747 3531 870 3571 eum
912 3512 1158 3567 retrahit.
1195 3511 1386 3566 Postea
1410 3509 1645 3563 demittit
1705 3510 1896 3562 iterum
1950 3508 2031 3561 di-

459 3627 590 3667 cens
628 3630 641 3665 :
677 3627 695 3660 ι
737 3618 791 3663 et
823 3606 969 3672 Filii,
1008 3624 1026 3656 »
1080 3613 1135 3658 et
1195 3603 1388 3657 iterum
1460 3603 1705 3658 retrahit.
1744 3604 1802 3657 Et
1874 3604 2031 3656 tertio

461 3704 696 3761 demittit
722 3704 908 3757 dicens
934 3716 949 3753 :
984 3718 1003 3751 ι
1036 3709 1088 3754 et
1119 3698 1357 3767 Spiritus
1380 3697 1571 3752 sancti.
1598 3716 1616 3747 »
1644 3696 1720 3762 ‘Et
1774 3696 1853 3750 sic
1907 3709 2030 3748 eum

461 3798 645 3852 educit
678 3794 1075 3850 sanctificatum
1112 3790 1458 3845 divinissitno
1484 3789 1830 3857 baptismate,
1869 3786 2033 3840 simul

463 3889 682 3959 quidem
717 3902 809 3955 per
838 3893 1078 3941 sanctam
1111 3883 1428 3937 Trinitatem
1470 3896 1594 3935 eum
1647 3880 1955 3934 instaurans
1981 3886 2035 3931 et

463 3980 834 4044 sanctiﬁcans,
867 3986 919 4033 et
946 3986 1059 4032 tres
1082 3976 1410 4046 personasin
1438 3988 1545 4027 una
1579 3972 1778 4027 deitate
1838 3970 2037 4041 praedi-

464 4090 615 4138 cans,
649 4071 876 4127 dicendo
905 4089 919 4124 :
954 4070 1010 4123 In
1041 4068 1279 4132 nomine,
1312 4066 1452 4135 quod
1482 4066 1741 4119 unitatem
1780 4063 2037 4117 Divinita-

464 4170 532 4221 tis
566 4167 761 4235 aperit,
797 4162 990 4219 deinde
1029 4160 1222 4220 Patris.
1257 4169 1311 4213 et
1346 4157 1464 4212 Filii
1489 4168 1540 4211 et
1565 4157 1801 4227 Spiritus
1835 4155 2033 4216 sancti,

463 4259 608 4326 quod
638 4255 912 4311 confessio
942 4261 1025 4307 est
1058 4256 1220 4305 trium
1274 4250 1578 4325 divinarum
1633 4248 2036 4301 indirisibilium

465 4360 518 4401 et
544 4344 1008 4401 inconfusibilium
1040 4357 1435 4411 personarum;
1500 4339 1664 4394 simul
1729 4348 1907 4392 autem
1946 4353 2040 4405 per

2098 503 2221 557 μιον
2258 487 2330 541 ’ὃν
2381 486 2474 539 τοῦ
2531 486 2735 555 μύρου·
2782 487 2841 539 rb
2887 485 3056 555 μύρον
3087 485 3143 539 δὲ
3207 485 3453 555 ὕστερον.
3511 486 3667 540 Ἐστι

2095 581 2152 635 δὲ
2204 581 2518 648 λογίσασθαι
2578 582 2669 633 καί
2722 580 2812 633 τὸν
2863 579 3005 649 ἱερὸν
3043 578 3340 643 Διονύσιον,
3395 578 3550 631 τοῦτο
3607 580 3667 632 rb

2098 674 2275 726 ἔλαιον
2323 673 2397 735 ὡς
2437 672 2721 742 προοίμιον
2765 674 2858 726 τοῦ
2915 671 3087 743 μύρου
3136 670 3306 740 μύρον
3358 671 3560 735 καλεῖν,
3594 671 3670 732 ὡς

2095 767 2187 820 διὰ
2237 766 2427 819 τούτου
2491 764 2589 834 μὲν
2638 764 2730 817 τοῦ
2785 763 3185 833 βαπτιζομένου
3220 763 3475 831 ἀπαρχὴν
3525 762 3669 829 λαμ-

2103 860 2358 918 ϐάνοντος
2392 856 2487 909 τοῦ
2520 855 2816 924 άγιασμοῦ,
2841 853 3099 924 καὶπρὸς
3142 852 3267 915 τοῦς
3301 854 3475 916 θείους
3526 853 3671 919 ἀγῶ-

2104 968 2203 1014 νας
2237 949 2620 1019 ἁλειφομένου,
2653 948 2881 1016 ὕστερον
2907 947 2963 1000 δὲ
3025 947 3405 1018 ὲνισχυομένου
3454 945 3674 1008 τελείως

2105 1045 2199 1097 καὶ
2216 1042 2590 1111 τελειουμένου
2621 1041 2712 1094 καὶ
2759 1039 3191 1109 σφραγιζομένου
3222 1040 3301 1108 τῷ
3362 1038 3677 1105 τελεωτάτῳ

2109 1136 2265 1205 μύρῳ
2287 1135 2390 1204 τῆς
2416 1136 2660 1205 χάριτος.
2699 1133 2791 1187 Διὸ
2818 1134 2911 1187 καὶ
2940 1134 3050 1185 τῶν
3076 1132 3173 1187 δύο
3228 1131 3429 1185 τούτων
3488 1132 3546 1183 ὲν
3600 1130 3678 1198 τῷ

2110 1228 2449 1298 βαπτίσματι
2509 1229 2801 1298 μέμνηται.
2870 1228 2930 1279 ’0
2978 1226 3033 1279 δὲ
3092 1226 3386 1295 ἀρχιερεὺς
3436 1224 3573 1293 μετὰ
3622 1224 3681 1274 rb

2107 1321 2335 1388 ἁγιάσαι
2360 1319 2420 1373 rb
2444 1318 2623 1372 ἔλαιον
2676 1318 2766 1371 τὸν
2829 1318 3198 1389 βαπτισθέντα
3241 1317 3458 1369 τελειοῖ.
3518 1315 3682 1366 Ἀ).λὰ

2110 1412 2205 1465 καὶ
2226 1411 2307 1474 τίς
2337 1406 2406 1480 ἦν
2455 1412 2612 1481 χρεία
2661 1410 2755 1464 τὸν
2812 1409 3209 1479 βαπτιζόμενον
3255 1407 3480 1476 ὕστερον
3524 1406 3680 1475 μύρῳ

2110 1503 2382 1573 χρίεσθαι,
2412 1505 2461 1555 εί
2492 1505 2547 1555 ὲν
2609 1502 2684 1571 τῷ
2712 1502 3045 1571 βαπτίσματι
3095 1497 3164 1571 ἦν
3205 1502 3267 1553 rb
3326 1501 3496 1570 μύρον
3531 1515 3546 1564 ;
3586 1498 3682 1551 Ἐκ

2110 1593 2301 1645 τούτου
2330 1591 2534 1646 οὖντοῦ
2557 1593 2733 1644 ἐλαίου
2770 1593 2915 1663 χρίει
2966 1592 3181 1661 πρῶτον
3219 1593 3379 1653 αὐτὸς
3438 1592 3527 1643 τὸν
3580 1591 3681 1659 ήδη

2119 1685 2376 1754 μέλλοντα
2431 1684 2812 1754 βαπτισθῆναι,
2876 1702 2895 1735 ι
2942 1683 3195 1755 Χρίεται,
3253 1685 3448 1752 λέγων,
3490 1685 3683 1737 ὀδείνα

2118 1775 2292 1830 ἔλαιον
2318 1776 2686 1843 ἀγαλλιάσεως
2720 1776 2799 1838 είς
2822 1775 2881 1829 rb
2903 1774 3073 1845 ὄνομα
3117 1776 3218 1843 τῆς
3252 1776 3500 1845 Τριάδος.
3548 1795 3567 1828 ι
3619 1776 3683 1826 'lI

2121 1867 2445 1937 ἀγαλλίασις
2477 1867 2534 1921 δὲ
2583 1868 2818 1937 ὑπάρχει
2875 1870 2971 1921 τοῦ
3022 1868 3359 1937 ΙΙνεύματος,
3426 1868 3685 1930 σώζοντος

2116 1963 2264 2031 ἡμᾶς
2292 1962 2510 2030 ἀγαοῶς
2540 1978 2598 2013 τε
2632 1962 2725 2014 καὶ
2773 1961 2992 2030 ἱλαρῶς.
3036 1979 3054 2013 ‹
3092 1961 3312 2023 Ἀπόδος
3342 1976 3429 2030 μοι
3452 1961 3558 2029 γὰρ
3587 1960 3685 2029 τὴν

2118 2053 2434 2121 άγαλλίασιν
2462 2052 2557 2106 τοῦ
2590 2054 2865 2122 Σωτηρίου
2890 2070 3004 2116 σου,
3032 2054 3060 2104 ὁ
3117 2053 3283 2105 Δαόὶδ
3329 2052 3555 2121 ἀναϐοᾷ,
3592 2053 3686 2103 καὶ

2119 2139 2400 2216 Πνεῦμαέι
2430 2147 2745 2217 ἡγεμονικῷ
2781 2143 3037 2215 στήριξόν
3082 2163 3176 2215 με.
3215 2164 3232 2196 ι
3265 2140 3397 2197 Εἶτα
3451 2144 3558 2197 ἁπδ
3598 2160 3689 2195 κε-

2121 2237 2297 2306 φαλῆς
2326 2239 2428 2291 ὑπό
2460 2256 2605 2301 τινος
2637 2240 2887 2292 διακόνου
2912 2239 2943 2308 ἢ
2983 2239 3257 2309 ὑπηρέτου
3282 2238 3402 2290 ὅλον
3426 2236 3485 2288 rb
3530 2235 3690 2303 σῶμα

2122 2331 2354 2400 χρίεται.
2402 2332 2545 2402 Πρὸς
2595 2331 2702 2401 γὰρ
2758 2332 2883 2394 τοὺς
2942 2330 3118 2391 θείους
3170 2328 3386 2396 ἀγῶνας
3433 2327 3690 2389 ὁλοτελῶς

2123 2405 2525 2492 εὑτῇεπίζεται.
2558 2422 2692 2476 Οὐδὲ
2724 2424 2831 2493 γὰρ
2858 2423 2945 2476 ἴνα
2993 2420 3402 2483 ἀναπεπτωκὼς
3436 2418 3492 2493 ᾖ,
3524 2438 3692 2489 προσ-

2118 2514 2302 2583 ῆλθεν,
2366 2514 2481 2567 ἀλλ’
2517 2514 2603 2566 ἵνα
2638 2518 2870 2583 μιμῆται
2918 2515 3010 2567 τὸν
3044 2514 3302 2583 Χριστὸν,
3334 2513 3393 2565 ὃν
3425 2513 3689 2574 ἐνδύεται,

2126 2610 2215 2659 καὶ
2241 2608 2381 2659 κατὰ
2403 2605 2495 2658 τοῦ
2526 2606 2763 2675 πονηροῦ
2790 2607 2991 2677 παλαίῃ
3019 2624 3075 2659 τε
3099 2607 3192 2659 καὶ
3223 2607 3558 2677 ἁνδρίζηται.
3587 2609 3696 2660 Καὶ

2125 2701 2173 2752 οἱ
2208 2697 2602 2766 ἀγωνιζόμενοι
2630 2698 2686 2750 δὲ
2723 2700 2789 2767 τῇ
2826 2714 2887 2749 σα
2903 2699 2992 2766 ρκὶ
3022 2698 3187 2765 ἐλαίῳ
3226 2701 3393 2751 πάλαι
3448 2700 3697 2767 ἠλείφον-

2125 2807 2203 2841 το.
2230 2789 2362 2840 Τότε
2392 2783 2485 2839 οὖν
2518 2786 2796 2853 εἰσάγεται
2850 2785 3056 2855 γυμνὸς
3116 2786 3234 2846 ὅλος
3284 2787 3363 2847 εις
3404 2786 3463 2836 rb
3530 2784 3698 2852 ὕδωρ,

2132 2880 2277 2932 καθὰ
2310 2880 2401 2931 καὶ
2433 2880 2777 2947 γεγέννηται,
2810 2877 2905 2929 καὶ
2938 2877 3081 2930 καθὰ
3121 2877 3336 2945 πρῶτον
3366 2876 3698 2929 πέπλασται.

2140 2969 2301 3023 Ἀλλὰ
2325 2969 2538 3036 πρῶτον
2572 2969 2670 3037 μὲν
2724 2964 2838 3036 εἶχε
2879 2970 2977 3037 τὴν
3022 2968 3174 3020 θείαν
3227 2968 3438 3035 ἐκείνην
3483 2970 3699 3036 στολὴν,

2128 3064 2221 3114 καὶ
2251 3060 2455 3129 γυμνὸς
2484 3059 2580 3121 ὢν,
2631 3061 2727 3111 οὐκ
2770 3058 3032 3128 ᾐσχύνετο
3061 3075 3074 3089 ο
3106 3058 3201 3112 νῦν
3226 3059 3277 3111 δὲ
3312 3059 3515 3128 γυμνὸς
3542 3076 3703 3128 γενη-

2129 3155 2262 3217 θεὶς,
2292 3153 2397 3205 ἀπὸ
2420 3154 2515 3220 τῆς
2562 3153 2765 3221 σαρκὸς
2825 3154 2979 3221 φέρει
3020 3151 3090 3205 τὰ
3139 3152 3242 3221 τῆς
3292 3154 3551 3221 αἰσχύνης
3601 3154 3705 3219 τῆς

2130 3247 2515 3315 παραϐάσεως.
2555 3244 2704 3312 Πλὴν
2731 3244 2989 3297 εἰσελθὼν
3017 3244 3077 3297 rb
3118 3244 3262 3312 ὑδωρ
3292 3244 3352 3297 τὸ
3390 3246 3565 3312 ἆγιον,
3600 3246 3705 3315 τὴν

2134 3339 2232 3408 μὲν
2254 3338 2514 3408 αἰσχύνην
2541 3340 2871 3409 ἀπορρίπτει
2896 3338 2996 3407 τῆς
3029 3338 3304 3406 ἁμαρτίας
3331 3354 3345 3367 ⁸
3372 3338 3471 3406 τῆς
3493 3339 3673 3407 ἀφθαρ
3692 3370 3707 3379 -

2134 3433 2251 3492 σίας
2281 3431 2338 3484 δὲ
2364 3431 2462 3500 τὴν
2482 3430 2638 3493 δόξαν
2672 3428 3170 3499 ἀπολαμϐάνει83
3188 3447 3245 3482 τε
3278 3431 3370 3483 xal
3398 3430 3456 3482 rb
3480 3431 3705 3498 ἔνδυμα.

2133 3522 2444 3591 Λαὸόμενος
2468 3522 2575 3590 γὰρ
2611 3519 2777 3572 αὑτοῦ
2808 3522 2835 3572 ὁ
2894 3520 3156 3590 ίεράρχης
3206 3520 3237 3589 ἢ
3297 3524 3325 3573 ὁ
3384 3523 3561 3588 ἱερεὺς
3607 3524 3708 3589 τῆς

2135 3612 2372 3681 κεφαλῆς
2398 3614 2455 3665 ἐν
2537 3612 2604 3664 τὰ
2625 3612 2959 3680 αἰσθητήρια
2990 3612 3167 3665 πάντα
3194 3611 3289 3663 καὶ
3338 3612 3399 3663 τὸ
3444 3615 3706 3680 ἡγεμονι-

2134 3705 2231 3757 κὸν
2251 3706 2486 3773 ἐνεργεῖ,
2529 3706 2626 3756 καὶ⁵
2653 3701 2963 3765 καταδύσας
2997 3704 3076 3765 είς
3110 3703 3169 3754 rb
3197 3702 3340 3771 ὕδωρ
3376 3702 3543 3768 ἅπαξ,
3574 3706 3710 3755 ἁνα-

2136 3796 2255 3865 6οᾷ,
2290 3813 2308 3845 ι
2343 3794 2669 3858 Βαπτίζεται
2703 3796 2731 3846 ὁ
2756 3794 2941 3857 δοῦλος
2962 3792 3057 3846 τοῦ
3099 3792 3235 3845 Θεοῦ
3258 3796 3286 3846 ὁ
3324 3795 3470 3847 δεῖνα
3504 3795 3585 3855 είς
3633 3798 3697 3846 τὸ

2136 3886 2305 3953 ὄνομα
2322 3884 2414 3935 τοῦ
2451 3884 2685 3953 Πατρός.
2713 3902 2732 3933 »
2758 3885 2863 3936 Kal
2894 3885 3054 3948 εὐθὺς
3089 3886 3308 3939 ἀναδύει
3339 3890 3545 3942 τοῦτον.
3575 3885 3713 3941 Εἶτα

2138 3974 2393 4028 καταδύει
2429 3976 2590 4028 πάλιν
2610 3974 2806 4041 λέγων,
2849 3994 2867 4025 ‹
2903 3976 3006 4028 Kal
3034 3976 3129 4029 τοῦ
3164 3977 3316 4031 Υίοῦ.
3364 3997 3381 4029 θ
3418 3979 3522 4030 Kal
3548 3981 3713 4030 πάλιν

2140 4068 2381 4121 ἁναδύει,
2410 4069 2519 4119 Kal
2546 4070 2610 4119 ὲκ
2640 4069 2826 4136 τρίτου
2860 4068 3189 4131 καταδύσας,
3226 4073 3382 4138 φησι,
3412 4088 3430 4121 ‹
3469 4074 3577 4124 Kal
3616 4074 3712 4123 τοῦ

2141 4160 2294 4226 ἁγίου
2320 4158 2659 4228 [Ινεύματος.
2711 4177 2729 4209 ι
2766 4160 2875 4212 Kal
2902 4158 3076 4222 οὕτως
3101 4161 3293 4228 ἀνάγει
3332 4156 3522 4213 τοῦτον
3564 4180 3718 4215 τετε-

2140 4251 2399 4318 λεσμένον
2439 4250 2514 4318 τῷ
2559 4250 2820 4320 θειοτάτῳ
2880 4251 3242 4320 βαπτίσματι,
3287 4252 3404 4320 ἅμα
3458 4255 3556 4321 μὲν
3619 4258 3717 4306 καὶ

2142 4342 2230 4395 διὰ
2264 4342 2362 4411 τῆς
2395 4342 2558 4407 ἁγίας
2601 4340 2832 4410 Τριάδος
2880 4343 3042 4395 αὑτὸν
3092 4342 3449 4398 ἀναπλάττων
3500 4344 3594 4395 καὶ
3627 4362 3720 4396 τε-

468 4451 579 4492 tres
606 4435 987 4489 immersiones
1017 4442 1069 4487 et
1100 4432 1415 4487 eductiones
1440 4430 1743 4482 triduanam
1799 4428 2037 4496 sepulto-

2141 4436 2322 4497 λειῶν,
2365 4436 2587 4496 καὶτὰς
2619 4440 2767 4504 τρεῖς
2832 4438 3157 4498 ὑποστάσεις
3210 4437 3600 4504 ἀνακηρύττων
3656 4440 3715 4487 ἐν

469 4544 583 4581 ram
608 4535 661 4579 et
694 4523 1149 4577 resurrectionem
1185 4520 1500 4589 significans
1529 4519 1646 4588 ejus
1677 4520 1769 4588 qui
1806 4533 1902 4586 pro
1935 4532 2033 4570 no-

469 4619 554 4674 bis
581 4632 746 4672 carne
773 4615 1067 4670 crucifixus
1101 4623 1185 4668 est
1207 4621 1261 4667 et
1292 4614 1605 4689 resurrexit.

2149 4527 2250 4596 μιᾷ
2274 4529 2339 4596 τῇ
2366 4526 2611 4596 Θεότητι,
2641 4529 2721 4589 εἰς
2743 4526 2800 4577 τὸ
2826 4526 2997 4595 ὄνομα
3032 4527 3225 4593 λέγων,
3256 4526 3283 4578 ὃ
3315 4526 3464 4595 δηλοῖ
3515 4525 3575 4576 rb
3621 4542 3719 4593 μο-

2146 4614 2367 4668 ναδικὺν
2395 4616 2492 4685 τῆς
2542 4616 2829 4685 Θεὸτητος,
2880 4610 2999 4668 εἶτα
3057 4616 3150 4669 τοῦ
3216 4617 3427 4687 ιΙατρδς
3484 4617 3578 4668 καὶ
3622 4615 3720 4669 τοῦ

469 4716 600 4770 Υίοῦ
660 4710 867 4768 καὶτοῦ
897 4711 1058 4778 ἁγίου
1116 4708 1455 4778 Πνεύματος,
1508 4710 1645 4777 ὅπερ
1707 4712 1739 4777 η
1795 4708 2055 4778 ὁμολογία
2088 4711 2207 4763 ἐστὶ
2263 4712 2370 4765 τῶν
2428 4713 2595 4781 τριῶν
2645 4714 2807 4764 οεῖων
2860 4712 3185 4782 ἀδιαιρέτων
3249 4715 3341 4767 καὶ
3394 4713 3720 4781 ἁσυγχύτων

471 4809 799 4883 προσώπων,
834 4805 952 4875 ἅμα
973 4806 1029 4858 δὲ
1057 4803 1143 4857 διὰ
1192 4802 1298 4854 τῶν
1353 4800 1520 4871 τριῶν
1574 4803 1920 4855 καταδύσεών
1977 4820 2035 4855 τε
2067 4806 2162 4856 καὶ
2186 4806 2495 4858 ἁναδὺσεων
2553 4807 2650 4876 τὴν
2700 4809 3001 4877 τριήμερον
3052 4807 3230 4877 ταφὴν
3274 4808 3366 4858 καὶ
3428 4808 3529 4875 τὴν
3587 4808 3722 4861 ἀνά-

474 4921 666 4959 στασιν
690 4904 1059 4970 αίνιττόμενος
1090 4899 1182 4954 τοῦ
1218 4893 1353 4963 ὑπὲρ
1388 4899 1544 4969 ἡμῶν
1574 4900 1737 4966 σαρκὶ
1786 4899 2189 4967 στα·.›ρωθέντος
2234 4902 2325 4951 καὶ
2381 4902 2732 4965 ἀναστάντος.

1035 5022 1258 5080 CAPUT
1293 5025 1480 5079 LXIV.

474 5122 623 5188 Quod
646 5122 850 5175 diversa
875 5121 941 5171 sit
965 5120 1224 5172 sententia
1250 5118 1489 5188 forman
1508 5157 1522 5179 ,
1547 5137 1565 5167 ‹
1611 5118 1919 5186 Baptizatur
1944 5137 2049 5173 ser-

541 5210 631 5247 vus
661 5193 803 5255 Dei,»
826 5199 872 5243 et
902 5189 1167 5257 formulw,
1193 5207 1210 5238 ι
1247 5187 1356 5256 Ego
1375 5188 1581 5257 baptizo
1609 5205 1809 5242 servum
1841 5191 1984 5243 Dei.»

550 5286 727 5338 Dicit:
757 5284 1095 5352 Baptizatur,
1128 5295 1469 5349 nequaquam
1499 5298 1512 5333 :
1543 5281 1655 5351 Ego
1678 5282 1913 5350 baptizo,
1941 5285 2049 5337 sic-

478 5388 534 5431 ut
566 5376 739 5429 Latini
782 5376 835 5428 in
878 5377 979 5429 hoc
1026 5377 1187 5429 etiam
1220 5375 1562 5437 innovantes,
1599 5374 1858 5443 baptizati
1891 5375 2053 5428 liber-

478 5481 641 5525 tatem
678 5479 879 5523 testans
927 5467 1186 5536 pontifex.
1235 5467 1371 5521 lllud
1415 5469 1561 5521 enim
1597 5484 1609 5520 :
1643 5468 1756 5536 Ego
1807 5469 2044 5535 baptizo,

481 5579 586 5615 non
609 5561 843 5615 ostendit
868 5560 1096 5611 libenter
1116 5559 1381 5627 baptizari
1410 5576 1533 5613 cum
1559 5562 1649 5627 qui
1684 5559 2045 5624 illuminatur,

481 5654 593 5707 fieri
624 5652 766 5706 enim
801 5660 975 5719 potest
1002 5660 1058 5703 nt
1094 5652 1139 5703 \i
1168 5653 1400 5718 quadam
1425 5662 1476 5705 et
1499 5662 1685 5705 contra
1712 5652 2044 5705 voluntatem

481 5742 735 5813 baptizati
786 5743 953 5811 tingat
983 5757 1105 5796 eum
1138 5753 1283 5798 solus
1311 5759 1337 5796 a
1384 5745 1677 5808 semetipso
1710 5743 2042 5807 baptizator.

2730 5027 2976 5081 ΚΕΦΔΛ.
3017 5026 3135 5078 ΞΝ.

2152 5118 2284 5172 ’Ότι
2313 5118 2401 5177 τὸ,
2441 5136 2457 5166 ι
2502 5116 2848 5176 Dant/(Istat
2882 5117 3158 5181 ὀδοῦλα-
3190 5112 3293 5171 τοῦ
3332 5115 3499 5183 Θεοῦ,
3538 5134 3554 5165 »
3595 5117 3723 5181 τοῦ,

2189 5209 2205 5239 ε
2242 5192 2366 5240 Βαπ
2378 5187 2503 5247 alio
2525 5188 2639 5255 ἐγὼ
2660 5187 2765 5239 τὸν
2784 5187 3007 5240 δοῦλον
3030 5188 3134 5239 τοῦ
3163 5185 3333 5251 Θεοῦ,
3366 5207 3382 5238 »
3406 5186 3691 5253 διαφέρει.

2226 5280 2557 5341 Βαπτίςεται
2589 5278 2667 5341 δὲ,
2706 5280 2859 5347 φησι,
2892 5278 2985 5329 καὶ
3022 5279 3105 5343 οὑ,
3163 5278 3416 5341 Βαπτίζω
3481 5277 3611 5345 ἐγὼ,
3649 5278 3724 5340 ὡς

2153 5373 2203 5424 οἱ
2226 5374 2447 5425 Λατῖνοι
2482 5374 2583 5426 κᾶν
2638 5371 2813 5440 τούτῳ
2854 5372 3324 5441 καινοτομοῦντες,
3380 5373 3439 5425 rb
3476 5363 3726 5425 ἑκούσιον

2154 5466 2249 5518 τοῦ
2291 5466 2692 5535 βαπτιζομένου
2738 5467 3031 5537 μαρτυρῶν
3072 5468 3098 5518 ὁ
3128 5465 3438 5536 ἀρχιερεύς.
3490 5468 3563 5518 Τὸ
3594 5465 3725 5535 γὰρ,

2155 5557 2411 5621 Βαπτίςω
2440 5559 2568 5624 ἐγὼ,
2594 5561 2692 5609 ςὺκ
2716 5558 2969 5625 ἐμφαίνει
2997 5559 3054 5610 rb
3082 5560 3340 5620 ἐκουσῖως
3367 5558 3727 5627 βαπτίζεσθαι

2152 5651 2243 5701 τὸν
2274 5650 2661 5718 φωτιζόμενον.
2706 5650 3085 5718 Ἐνδεχὸμενον
3137 5652 3246 5719 γὰρ
3282 5651 3372 5701 καὶ
3397 5650 3537 5701 κατὰ
3560 5651 3726 5702 δυνα-

2157 5753 2340 5797 στείαν
2374 5753 2511 5811 τινα,
2548 5748 2637 5797 καὶ
2677 5736 3094 5812 παραγνῶμην,
3130 5742 3220 5797 καὶ
3251 5743 3411 5796 αὑτὸν
3440 5742 3727 5810 βαπτίζειν
