4044 6198
317 317 427 382 229

317 436 418 502 ἀφ’
453 431 649 486 ἑαυτοῦ
680 431 770 484 τον
800 431 1130 502 βαπτίζοντα
1165 435 1346 504 μόνον.
1409 434 1482 486 Τὸ
1515 435 1592 502 δὲ,
1631 453 1648 482 ε

320 527 496 592 ζσται,
543 542 562 576 ι
603 523 786 577 καὶτὸ
817 525 1084 587 ἑκουσίως
1123 527 1404 594 σημαίνει,
1449 528 1544 578 καὶ
1601 526 1730 594 παρ’
1767 526 1904 594 ἐμοῦ

319 617 416 671 τοῦ
439 615 742 686 ἀρχιερέως
771 615 804 686 ἢ
850 615 1060 684 ἱερέως,
1097 618 1189 670 καὶ
1223 622 1284 670 τὸ
1307 617 1470 687 ἔργον
1501 619 1600 688 ἤδη
1628 618 1908 680 ποιοῦντος

321 711 418 762 καὶ
449 705 542 760 τοῦ
595 710 654 760 ὲν
717 705 909 776 Τριόιδι
927 707 1101 777 ’μόνου
1129 708 1287 772 Θεοῦ,
1321 701 1382 761 οὗ
1415 710 1508 762 καὶ
1547 709 1608 760 τὺ
1635 710 1804 778 ὄνομα
1832 708 1910 776 τῷ

324 800 710 870 βαπτιζομένῳ
739 799 952 870 τρανῶς
981 798 1319 864 ἑπιλέγεται.
1351 795 1540 860 Οὕτως
1563 797 1654 851 οὖν
1680 798 1910 866 ἀναγεν-

323 893 510 966 νηθεὶς
545 896 574 946 ὁ
615 890 954 961 βαπτισθεὶς,
985 889 1268 960 ἐξέρχεται
1291 891 1476 952 καινὸς
1525 891 1646 954 ὅλος
1688 891 1784 944 καὶ
1813 909 1910 944 πε-

323 985 670 1053 φωτισμένος
699 985 797 1037 καὶ
849 982 978 1045 Υίδς
1021 982 1158 1034 Θεοῦ
1189 983 1288 1052 τῆς
1331 983 1484 1051 ἱερᾶς
1517 981 1910 1052 κολυμϐήθρας

323 1081 424 1147 τῆς
483 1077 692 1146 μητρὸς
742 1077 902 1146 ἡμῶν
955 1076 1053 1144 τῆς
1087 1075 1494 1144 πνευματικῆς,
1531 1077 1630 1146 τῆς
1663 1078 1784 1130 ἀντὶ
1811 1077 1911 1146 τῆς

301 1170 668 1239 ,τεῖρθενικῆς
715 1167 970 1238 καθαρᾶς
1013 1170 1110 1220 καὶ
1139 1167 1302 1235 ἁγίας
1337 1169 1572 1238 μήτρας.
1621 1169 1723 1230 Ὠςι
1739 1168 1848 1238 γὰρ
1883 1172 1912 1224 6

326 1262 564 1332 Χριστὸς
605 1261 716 1314 ἀπὸ
751 1259 853 1328 τῆς
903 1259 1202 1330 Παρθένου,
1242 1260 1328 1312 ἵνα
1379 1261 1472 1313 τὸν
1517 1263 1910 1331 ρερυπωμένον

328 1350 546 1422 καθάρῃ
575 1351 756 1416 τόκον,
789 1353 886 1404 καὶ
936 1351 1098 1418 ἡμεῖς
1129 1348 1238 1402 ἀπὸ
1261 1349 1361 1418 τῆς
1413 1350 1584 1420 ἁγνῆς
1635 1351 1911 1420 κολυμϐή-

329 1443 488 1510 θρας,
519 1444 616 1497 καὶ
647 1443 722 1504 ὡς
772 1443 892 1496 ἐκεῖ
941 1437 1078 1510 αἷμα
1122 1441 1366 1512 καθαρὸν
1416 1441 1510 1496 καὶ
1536 1441 1747 1512 γαστὴρ
1779 1441 1910 1509 ἁγία

329 1537 428 1603 τῆς
461 1534 739 1600 Παρθένου
771 1534 828 1586 ὲν
853 1533 994 1603 ἁγίῳ
1027 1533 1308 1602 Πνεῦματι
1333 1534 1436 1604 τὴν
1465 1533 1560 1588 τοῦ
1590 1535 1764 1602 Λόγου
1799 1537 1912 1605 sip-

333 1628 538 1694 γάσατο
597 1627 900 1697 σάρκωσιν,
943 1626 1037 1678 καὶ
1073 1627 1130 1678 ἐν
1165 1627 1302 1694 ἡμῖν
1345 1625 1492 1696 ὕδωρ
1543 1626 1790 1696 καθαρὸν
1813 1627 1912 1696 τῆς

331 1718 725 1790 κολυμϐήθρας
758 1719 854 1771 καὶ
887 1715 1111 1786 Πνεῦμα
1147 1717 1294 1772 θεῖον
1351 1717 1452 1788 τὴν
1497 1717 1748 1788 καθαρὰν
1781 1720 1912 1772 ἁνα-

331 1809 592 1876 γέννησιν
636 1807 934 1873 ἐξετέλεσε.
977 1806 1124 1878 Πλὴν
1169 1807 1358 1878 ὥσπερ
1389 1810 1572 1860 ἐκεῖσε
1603 1809 1661 1859 ὲν
1695 1809 1774 1878 τῷ
1817 1809 1910 1862 τοῦ

331 1901 588 1972 Σωτῆρος
617 1898 958 1969 βαπτίσματι
980 1901 1074 1952 καὶ
1103 1899 1422 1970 Πνεύματος
1453 1899 1683 1963 κάθοδος
1713 1895 1802 1969 ἦν,
1826 1884 1916 1954 ἵνα

330 1994 480 2062 δείξῃ
503 1993 624 2046 ὅλον
643 1993 704 2046 τδ
727 1993 1006 2062 πλήρωμα
1033 1994 1090 2046 ὲν
1111 1991 1190 2060 τῷ
1219 1993 1556 2062 σαρκωθέντι
1579 1993 1913 2061 σωματικῶς

331 2088 430 2155 τῆς
464 2087 752 2156 Θεότητος,
783 2085 880 2140 καὶ
929 2086 989 2138 ὲν
1037 2086 1170 2154 ἡμῖν
1221 2085 1282 2138 τὸ
1331 2085 1542 2155 χρίσμα
1587 2085 1682 2138 τοῦ
1735 2085 1916 2156 μύρου

335 2179 478 2250 μετὰ
508 2177 570 2230 τὺ
604 2177 914 2246 βάπτισμα,
943 2177 1028 2230 ἵνα
1059 2176 1152 2229 καὶ
1203 2176 1366 2246 ἡμεῖς
1397 2175 1654 2245 λάϐωμεν
1696 2176 1796 2246 τὴν
1822 2177 1920 2246 χά-

1593 321 1692 381 DE
1723 319 2287 382 SACRAMENTIS.

1706 435 1909 489 Βαπτί-
1939 440 1984 492 Α
2015 435 2126 490 lloc
2185 445 2364 490 autem

2561 409 2566 414 _
3491 327 3596 389 εει)

2413 453 2427 494 :
2476 435 2810 504 Baptizatur,
2867 445 2919 492 et
2967 438 3196 493 liberam
3261 440 3594 500 voluntatem

2015 529 2310 597 signiﬁcat,
2343 538 2398 583 et
2441 528 2760 598 intelligitur
2791 529 2936 584 istud
2969 547 2982 584 :
3017 531 3058 583 Λ
3095 547 3182 586 me
3211 535 3466 602 pontifice
3499 551 3598 592 seu

2014 619 2316 684 sacerdote,
2345 624 2838 689 monstratur'opus
2869 629 2982 674 tum
3015 623 3254 688 agentis,
3289 634 3400 678 tum
3437 628 3600 682 unius

2015 710 2068 763 in
2103 709 2372 766 Trinitate
2407 710 2520 775 Dei,
2550 711 2708 778 cujus
2729 726 2930 766 nomen
2963 712 3232 782 baptizato
3256 715 3592 786 adjungitur.

2016 803 2334 874 Baptizatus
2389 821 2518 875 ergo
2568 807 2646 860 sic
2705 817 3057 875 regeneratus
3115 811 3392 878 egreditur
3455 821 3624 867 totus-

2015 913 2192 952 novus
2240 905 2296 953 et
2335 897 2696 963 illuminatus,
2745 897 2948 968 Deique
2991 899 3130 956 ﬁlius
3174 917 3237 954 ac
3284 917 3482 958 sanetae
3521 906 3599 975 pi-

2013 989 2178 1045 scina:
2210 989 2398 1044 matris
2429 999 2629 1044 nostra:
2657 990 2973 1060 spiritualis,
3000 1007 3066 1046 ex
3099 993 3254 1047 vulva
3279 1006 3432 1048 natus
3461 1013 3593 1066 pura

2013 1094 2066 1136 et
2102 1091 2292 1137 sancta
2337 1098 2432 1151 pro
2465 1083 2714 1152 virginali
2753 1095 2932 1138 utero.
2967 1085 3176 1154 Quippe
3227 1087 3482 1142 Christus
3530 1106 3595 1148 ex

2016 1171 2235 1241 Virgine
2263 1173 2476 1242 genitus
2518 1182 2574 1227 ul
2623 1173 2966 1226 immundum
3001 1173 3320 1228 emundarct
3360 1187 3595 1243 partum,

2015 1265 2088 1320 ita
2121 1277 2174 1320 et
2199 1280 2299 1320 nos
2323 1281 2386 1320 ex
2415 1281 2546 1334 pura
2575 1265 2803 1334 piscina,
2826 1275 2880 1318 et
2904 1267 3046 1320 sicut
3075 1266 3146 1320 ibi
3171 1269 3396 1338 Sanguis
3425 1283 3597 1337 purus

2013 1369 2068 1412 et
2095 1367 2286 1412 venter
2327 1367 2550 1412 sanctus
2583 1357 2818 1426 Virginis
2867 1359 2918 1411 in
2971 1369 3160 1413 sancto
3195 1359 3401 1428 Spiritu
3437 1359 3598 1414 Verbi

2016 1449 2450 1502 incarnationem
2487 1448 2684 1513 effecit,
2734 1449 2807 1502 ita
2843 1459 2897 1502 et
2944 1451 2996 1502 in
3031 1450 3187 1505 nobis
3224 1467 3364 1520 aqua
3393 1455 3595 1507 munda

2015 1543 2242 1612 piscina:
2269 1552 2600 1610 sanctusque
2637 1541 2873 1610 Spiritus
2909 1557 3094 1610 puram
3135 1543 3597 1612 regenerationem

2017 1632 2264 1704 perfecit.
2309 1633 2574 1688 Praeterea
2620 1633 3083 1703 quemadmodum
3135 1635 3208 1687 ibi
3241 1635 3294 1687 in
3331 1635 3600 1704 baptismo

2017 1725 2314 1782 Salvatoris
2339 1725 2577 1795 Spiritus
2598 1724 2897 1788 descendit,
2921 1736 2980 1778 ut
3003 1724 3314 1802 ostenderet
3341 1741 3598 1796 corpOra-

2020 1817 2150 1872 liter
2198 1818 2251 1871 in
2302 1817 2588 1886 ineat-nato
2643 1817 2888 1872 habitare
2939 1832 3156 1872 omnem
3209 1817 3600 1885 plenittrlinem

2015 1906 2338 1974 divinitatis,
2373 1907 2444 1962 ita
2477 1917 2532 1962 et
2563 1911 2614 1962 iu
2643 1909 2798 1962 nobis
2850 1910 2908 1962 tit
2953 1909 3139 1962 uitelio
3189 1911 3450 1977 unguenti
3482 1922 3604 1980 post

2016 1996 2308 2066 baptisma,
2341 2008 2398 2052 ut
2419 2013 2520 2053 nos
2564 1999 2905 2068 accipiamus
2949 1999 3174 2068 gratiam
3207 1999 3463 2068 Spiritus.
3513 2001 3602 2056 Ait

2016 2087 2160 2142 enim
2191 2106 2204 2142 :
2239 2105 2258 2138 ι
2299 2086 2374 2141 Ex
2404 2089 2738 2157 plenitudine
2769 2089 2888 2158 ejus
2913 2103 3014 2144 nos
3039 2103 3227 2144 omnes
3261 2094 3596 2161 atcepiirus,

2018 2179 2248 2248 gratiam
2282 2195 2376 2248 pro
2405 2179 2597 2250 gratia.
2639 2199 2658 2230 ι

335 2292 422 2344 ριν
467 2273 564 2326 τοῦ
613 2271 956 2342 Πνεύματος.
1012 2290 1030 2325 ι
1067 2271 1166 2328 Ἐκ
1194 2273 1288 2328 τοῦ
1317 2272 1688 2344 πληρώματος
1740 2274 1904 2328 αὐτοῦ
1935 2276 2067 2346 γὰρ,
2110 2280 2265 2348 φησὶ,
2300 2279 2396 2332 καὶ
2448 2279 2612 2348 ἡμεῖς
2667 2277 2871 2341 πάντες
2941 2277 3228 2349 ἐλάϐομεν,
3284 2279 3379 2334 καὶ
3445 2278 3604 2350 χάριν

332 2369 460 2423 ἀντὶ
477 2368 738 2438 χάριτος.
769 2385 790 2420 ι

915 2489 1166 2542 ΚΕΦᾹΔ.
1205 2487 1329 2542 EE’.

339 2577 404 2632 Τί
437 2577 686 2646 παρέχει
719 2577 800 2644 τῷ
821 2577 1239 2664 ,βαπτιζομένῳ
1277 2579 1342 2632 τὸ
1384 2579 1634 2649 χρίσμα,
1673 2579 1806 2649 ἤτοι
1849 2581 1918 2635 τὸ

1013 2665 1232 2718 μυρον.

409 2740 506 2792 Διὸ
537 2741 632 2793 καὶ
683 2738 762 2809 τῷ
813 2739 942 2808 θείῳ
998 2739 1192 2793 τοῦτον
1222 2739 1499 2806 παρευθὺς
1551 2739 1694 2810 χρίει
1735 2739 1917 2810 μύρῳ,

335 2833 478 2899 ὅπερ
505 2831 606 2884 οὐκ
635 2830 812 2883 ἔλαιον
843 2831 1004 2898 μόνον
1043 2831 1212 2897 ἐστὶν,
1243 2829 1380 2883 ἀλλὰ
1417 2832 1514 2884 καὶ
1552 2831 1622 2883 ἐκ
1647 2831 1918 2884 πλείστων

335 2926 518 2980 ἄλλων
545 2924 698 2977 εἰδῶν
723 2923 978 2993 εὐόσμων
1024 2923 1408 2994 συγκείμενον,
1458 2926 1794 2995 παριστάνον
1824 2925 1918 2976 καὶ

339 3022 400 3072 ἐν
431 3018 724 3088 συμϐόλοις
756 3018 814 3070 τί)
849 3016 1252 3086 πολυδύναμον,
1287 3015 1464 3069 καὶτὸ
1495 3017 1604 3070 τῶν
1627 3015 1917 3087 ἐνεργειῶν

337 3111 586 3165 ποικίλον
608 3127 668 3162 τε
692 3109 786 3162 καὶ
809 3107 1086 3170 πολυειδὲς
1112 3108 1220 3161 τῶν
1241 3109 1602 3178 χαρισμάτων
1632 3109 1725 3162 τοῦ
1754 3108 1924 3162 Πνεύ-

341 3221 535 3274 ματος,
573 3204 794 3267 καὶτῆς
829 3201 992 3254 αὑτοῦ
1020 3200 1334 3272 ἁγιωσύνης
1371 3203 1430 3254 τὺ
1457 3201 1711 3273 εῦοσμον.
1775 3203 1923 3256 Δίδο-

335 3313 430 3348 ται
463 3292 560 3350 οὗν
589 3293 748 3347 τοῦτο
797 3294 953 3364 ἡμῖν,
1013 3293 1109 3346 καὶ
1160 3294 1234 3356 ὡς
1285 3295 1522 3363 σφραγὶς
1553 3295 1794 3366 Χριστοῦ
1828 3297 1922 3349 καὶ

339 3391 594 3459 σημεῖον,
628 3389 752 3439 ἐπεὶ
777 3387 868 3440 καὶ
893 3385 1128 3455 Χριστὸς
1157 3383 1228 3437 δι’
1263 3385 1395 3437 αὐτὸ
1431 3385 1592 3439 τοῦτο
1616 3386 1924 3456 κατονομά-

337 3485 518 3546 ζεται,
547 3481 632 3533 ὅτι
659 3480 758 3545 τὴν
783 3477 880 3530 τοῦ
913 3477 1234 3547 Πνεύματος
1269 3477 1398 3548 ὃλην
1429 3478 1558 3531 δύνα
1569 3495 1660 3547 μιν
1689 3481 1784 3530 καὶ
1821 3495 1924 3531 σω-

339 3576 590 3644 ματικῶς
635 3568 784 3642 εἶχεν
837 3573 892 3624 ὲν
945 3570 1126 3640 ἐαυτῷ
1173 3571 1323 3641 παρὰ
1377 3569 1474 3623 τοῦ
1535 3572 1767 3640 Πατρός.
1816 3571 1927 3624 Καὶ

347 3665 586 3728 Ἰἰσαῖας
611 3666 770 3718 τοῦτό
801 3681 955 3734 φησι,
995 3683 1014 3716 ι
1050 3663 1276 3734 Πνεῦμα
1325 3665 1528 3733 Κυρίου
1576 3663 1660 3716 ἐπ’
1687 3665 1807 3732 ἐμὲ,
1863 3655 1923 3717 οὗ

331 3758 552 3811 εἰνεκεν
583 3757 770 3826 ἐχρισὲ
805 3773 894 3825 με.
927 3774 946 3808 ι
981 3756 1090 3809 Καὶ
1139 3756 1300 3825 ἡμεῖς
1336 3753 1392 3806 δὲ
1418 3753 1476 3816 ἐξ
1503 3753 1670 3806 αὑτοῦ
1700 3755 1798 3824 τὴν
1829 3755 1927 3824 χά-

335 3868 433 3922 ριν
459 3849 720 3911 λαϐόντες
771 3850 826 3902 ὲν
858 3848 936 3918 τῷ
993 3848 1178 3918 μύρῳ,
1231 3847 1554 3916 Χριστιανοὶ
1587 3845 1923 3914 καλούμεθα,

333 3942 436 3995 καί
463 3941 680 4010 χριστοὶ
715 3939 921 4009 Κυρίου
951 3937 1139 4008 ἐσμέν·
1163 3937 1224 3990 οὐ
1251 3938 1360 4008 γὰρ
1391 3937 1614 4003 ἀπαξιοῖ
1633 3939 1748 3990 κατ’
1766 3937 1928 3990 αὐτὸν

335 4032 632 4086 καλεῖσθαι
661 4033 808 4101 ἡμᾶς
833 4047 846 4062 ·
892 4031 976 4083 ὅτι
1001 4031 1096 4083 καὶ
1149 4030 1296 4092 υἱοὺς
1341 4029 1480 4083 Θεοῦ
1537 4031 1687 4082 θέσει
1717 4031 1877 4082 καλεῖ
1901 4032 1929 4084 6

337 4125 486 4179 κατὰ
511 4123 678 4191 φύσιν
712 4123 840 4184 Υἱὸς
869 4123 964 4175 καὶ
993 4122 1149 4183 θεοὺς
1191 4122 1336 4174 κατὰ
1363 4122 1528 4191 χάριν
1551 4123 1580 4174 ό
1612 4117 1796 4188 φύσει,
1833 4121 1928 4174 καί¹

337 4218 618 4286 Χριστοῦς
637 4217 694 4268 ἐν
722 4219 789 4286 τῇ
812 4217 997 4285 χάριτι
1015 4217 1042 4267 6
1059 4216 1201 4267 κατὰ
1231 4213 1394 4282 φύσιν
1417 4214 1558 4284 ἔχων
1579 4215 1676 4285 τὴν
1699 4215 1857 4283 χάριν
1872 4214 1929 4265 ὲν

337 4307 524 4376 ἐαυτῷ
549 4306 750 4377 ὼςεῆ,
767 4305 862 4360 τοῦ
893 4305 1030 4359 Θεοῦ
1059 4307 1268 4376 lla-:96;
1301 4307 1472 4373 Λόγος
1507 4307 1602 4360 καὶ
1625 4307 1928 4376 ἀδιαίρετος

339 4399 420 4453 ὢν
441 4399 520 4468 τῷ
543 4398 850 4468 υνεύματι.
883 4399 1067 4467 Χρίων
1097 4396 1188 4450 οὖν
1219 4397 1312 4450 τδν
1339 4397 1710 4468 βαπτισθέντα
1745 4397 1846 4467 ἤδη
1903 4399 1930 4449 6

2601 2494 2826 2550 CAPUT
2868 2495 3030 2550 LXV.

2022 2585 2162 2652 Quid
2211 2587 2480 2658 baptizata
2523 2587 2754 2640 chrisma
2801 2589 2908 2641 sive
2955 2597 3272 2656 unguentum
3319 2589 3606 2657 conferat}

2093 2741 2437 2809 Quapropter
2472 2739 2624 2793 illum
2670 2739 2916 2809 protinus
2950 2755 3108 2796 sacro
3149 2741 3268 2794 linit
3302 2755 3601 2809 unguento,

2023 2833 2169 2899 quod
2201 2847 2306 2886 non
2328 2842 2411 2887 est
2433 2833 2612 2886 solum
2644 2832 2846 2898 oleum,
2872 2835 2965 2886 sed
3000 2843 3052 2886 et
3078 2833 3347 2902 quoddam
3378 2850 3604 2906 compu-

2025 2922 2190 2976 situm
2227 2939 2288 2976 ex
2322 2922 2504 2977 multis
2535 2922 2657 2976 aliis
2689 2923 2974 2992 speciebus
3005 2923 3256 2986 odorum,
3309 2926 3608 2994 symbolire

2035 3013 2352 3083 exprimens
2386 3015 2834 3084 omnipotentiam
2867 3013 3151 3083 variasque
3180 3015 3526 3082 Operationes
3553 3029 3609 3070 et

2033 3106 2386 3162 tnultiformia
2432 3105 2664 3173 Spiritus
2713 3106 3068 3168 charismata,
3127 3106 3356 3174 ejus'iue
3401 3109 3604 3161 bonum

2025 3198 2478 3255 sanctiﬁcationis
2502 3197 2749 3251 ederem.
2771 3197 2914 3251 Istud
2939 3213 3068 3267 ergo
3095 3197 3248 3252 nobis
3267 3199 3425 3252 datur
3446 3199 3604 3254 etiam

2027 3299 2085 3344 ut
2117 3289 2352 3358 sigillum
2377 3299 2430 3343 et
2454 3289 2790 3358 signaculum
2817 3287 3042 3352 Christi,
3068 3288 3327 3357 quOniam
3354 3288 3607 3344 Christus

2025 3381 2145 3436 ideo
2189 3381 2326 3435 dixit
2360 3397 2419 3436 se
2447 3381 2500 3435 in
2529 3381 2822 3449 semetipso
2858 3396 2886 3434 a
2919 3389 3074 3450 patre
3117 3383 3316 3436 habere
3347 3395 3608 3451 enrpora-

2024 3474 2150 3528 liler
2179 3489 2396 3529 omnem
2431 3473 2667 3542 Spiritus
2698 3473 2950 3528 virtutem
2979 3490 2993 3552 ξ
3029 3481 3081 3527 et
3114 3473 3280 3530 Isaias
3331 3475 3434 3530 hac
3480 3459 3554 3529 ait
3588 3495 3602 3530 :

2032 3585 2050 3616 ι
2091 3564 2330 3636 Spiritus
2359 3565 2574 3620 Domini
2605 3581 2768 3635 super
2801 3581 2904 3628 me,
2941 3581 3006 3620 eo
3042 3567 3187 3634 quod
3236 3568 3388 3622 unxit
3420 3584 3540 3633 me;
3581 3588 3599 3621 ο

2027 3675 2128 3715 nos
2157 3673 2307 3728 vero,
2341 3659 2512 3729 gratia
2548 3674 2610 3711 ex
2642 3672 2708 3710 eo
2741 3659 2792 3710 in
2827 3670 3100 3728 unguento
3141 3670 3381 3730 accepta,
3415 3659 3608 3718 Chris-

2029 3753 2160 3807 tiani
2189 3767 2468 3818 vocamur,
2501 3761 2555 3805 et
2589 3749 2791 3806 Christi
2826 3749 3034 3803 Domini
3067 3765 3259 3804 sumus
3286 3767 3300 3816 ;
3331 3766 3453 3804 nam
3498 3769 3606 3806 nan

2026 3847 2238 3900 fastidit
2279 3846 2394 3914 ipse
2441 3859 2540 3898 nos
2592 3843 2773 3897 taliter
2819 3843 3114 3911 appellare,
3171 3844 3430 3911 quoniam
3469 3845 3607 3918 illius

2031 3938 2122 3993 Dei
2159 3953 2255 4009 per
2290 3938 2636 4007 adoptionem
2677 3945 2836 3990 vocat
2860 3936 2951 4004 qui
2984 3944 3180 3989 natura
3217 3933 3386 3990 Filius
3414 3947 3520 4001 est,
3555 3951 3608 3992 et

2029 4030 2160 4083 deos
2209 4027 2508 4082 secundum
2556 4028 2785 4100 gratiam
2835 4025 2936 4100 _qni
2994 4033 3189 4078 natura
3243 4025 3339 4079 Dei
3401 4037 3505 4091 est,
3556 4038 3610 4082 et

2029 4119 2268 4172 chi-istos
2290 4119 2342 4172 in
2367 4116 2540 4188 gratia
2564 4116 2654 4185 qui
2683 4098 2874 4169 natura
2896 4116 3121 4185 gratiam
3151 4115 3308 4169 habet
3337 4117 3610 4180 insemel-

2031 4209 2152 4280 ipso
2203 4219 2387 4278 utpote
2417 4207 2509 4263 Dei
2532 4206 2710 4262 Patris
2737 4204 2970 4260 Verbum
2998 4223 3025 4258 a
3053 4205 3260 4275 Spiritu
3291 4207 3607 4264 indivisuin.

2033 4301 2239 4356 Idcirco
2280 4300 2396 4370 jam
2433 4299 2769 4368 baptizatum
2823 4313 3031 4367 ungens
3079 4300 3318 4370 pontifex
3372 4300 3450 4355 sic
3483 4301 3557 4356 ait
3593 4320 3608 4358 :

2040 4415 2058 4448 ι
2101 4393 2452 4465 Signaculum
2483 4393 2612 4448 doni
2646 4391 2882 4462 Spiritus
2912 4393 3109 4447 saneti.
3157 4393 3352 4448 Amen.
3400 4413 3418 4446 ι
3458 4393 3611 4449 Unde

339 4493 640 4562 ἀρχιερεὺς
673 4491 820 4544 οὕτω
852 4493 986 4560 φησί
1015 4507 1028 4522 ·
1087 4509 1106 4543 ι
1152 4493 1398 4560 Σφραγὶς
1428 4492 1636 4559 δωρεᾶς
1675 4489 1920 4560 Πνεύμα-

2036 4495 2302 4542 monstrat
2331 4485 2570 4540 chrisma
2601 4499 2722 4540 esse
2752 4485 2954 4540 Christi
2989 4485 3227 4554 signum,
3264 4487 3520 4556 quoniam
3557 4485 3609 4540 in

339 4603 436 4648 τος
467 4587 648 4653 ἁγίου.
687 4585 884 4655 Ἀμήν.
923 4603 942 4635 ›
1010 4585 1104 4637 Ἐκ
1133 4584 1325 4637 τούτου
1351 4583 1550 4654 δηλῶν,
1582 4583 1658 4644 ὡς
1699 4585 1928 4652 σημεῖόν

339 4680 460 4730 ἐστι
493 4676 588 4728 τοῦ
621 4674 863 4745 Χριστοῦ
891 4677 951 4728 τὸ
984 4676 1216 4746 χρίσμα,
1260 4677 1380 4728 ἐπεὶ
1407 4674 1500 4728 καὶ
1533 4674 1930 4744 σταυροτύπως

339 4769 561 4840 χρίεται
614 4769 643 4821 6
673 4768 984 4837 χριόμενος,
1021 4767 1118 4820 καὶ
1173 4769 1272 4838 τὴν
1324 4767 1532 4836 δωρεὰν
1578 4767 1805 4834 χορηγεῖ
1834 4764 1928 4818 τοῦ

341 4859 504 4928 ἁγίου
533 4860 876 4929 Πνεῦματος.

933 4951 1181 5003 κεφειΛ.
1217 4949 1350 5017 squ

341 5069 478 5120 ὀτι
533 5067 786 5134 δυνάμει
844 5063 965 5130 πᾶς
1001 5065 1367 5130 βαπτισθεὶς
1427 5065 1523 5118 καὶ
1565 5065 1837 5133 χρία-θείς
1863 5045 1932 5118 er

415 5137 608 5201 ἐαυτῷ
655 5138 782 5205 ἔχει
821 5135 894 5188 τὰ
951 5137 1077 5190 θεῖα
1107 5139 1469 5204 χαρίσματα.
1506 5137 1658 5189 κατὰ
1719 5139 1930 5204 καιρέν

413 5208 992 5274 ἁποκαλυπτόμενα,
1024 5208 1192 5274 πλὴν
1223 5205 1334 5274 τῆς
1374 5207 1730 5273 ἱερωσύνης.

416 5325 661 5394 Δυνάμει
685 5324 798 5395 γὰρ
826 5325 854 5377 6
879 5323 1200 5392 βαπτισθεὶς
1229 5321 1326 5374 καὶ
1367 5320 1612 5392 χρισθεὶς
1656 5322 1714 5374 ὲν
1753 5321 1932 5392 ἑαυτῷ

343 5421 458 5490 ἔχει
485 5419 554 5472 τὰ
581 5419 702 5472 θεῖα
731 5415 1052 5486 χαρίσματα
1073 5429 1090 5444 ⁶
1114 5415 1211 5468 καὶ⁸
1237 5411 1520 5480 ἀναλόγως
1544 5412 1934 5467 ἀποκαλύπτε·

343 5529 439 5566 ται
467 5511 646 5580 τούτῳ
666 5507 842 5561 ταῦτα
871 5509 1008 5561 κατά
1040 5509 1254 5574 καιρόν,
1289 5505 1523 5558 καθόσον
1549 5505 1744 5558 ἑαυτὸν
1769 5507 1933 5558 ἐκκα-

347 5604 516 5676 θάρῃ,
543 5603 640 5656 καὶ
671 5599 904 5655 καθόσον
943 5600 1092 5665 ἄξιον
1115 5597 1312 5652 ἑαυτὸν
1354 5596 1450 5650 τοῦ
1481 5599 1728 5666 ἐνεργεῖν
1757 5597 1931 5650 ταῦτα

347 5697 408 5749 ἒν
447 5695 596 5766 αὐτῷ
615 5691 902 5766 ἀποδείξῃ,
929 5691 1067 5763 πλὴν
1097 5695 1194 5759 τῆς
1225 5689 1380 5752 θείας
1410 5689 1579 5758 μόνης
1603 5688 1927 5760 ἱερωσύνης.

351 5787 502 5859 Δῦτη
541 5788 650 5858 γὰρ
680 5787 754 5852 ὡς
777 5786 948 5860 δῶρον
982 5784 1136 5853 ἴδιον,
1173 5783 1268 5837 καὶ
1309 5781 1466 5853 μόνον
1495 5781 1652 5852 ἔργον
1677 5779 1834 5848 Θεοῦ,
1863 5783 1928 5850 τῇ

2034 4579 2264 4633 formam
2309 4580 2488 4632 crucis
2535 4585 2732 4633 unctus
2779 4577 2984 4645 linitur,
3041 4575 3390 4648 Spiritusquc
3440 4577 3610 4634 sancti

2033 4673 2232 4729 donum
2267 4671 2515 4742 largitur.

2595 4959 2824 5015 CAPUT
2864 4959 3047 5014 LXVI.

2035 5079 2189 5145 Quod
2210 5078 2509 5145 baptizatus
2531 5085 2818 5148 unctusque
2841 5077 3139 5148 chrismate,
3182 5075 3385 5126 habeat'
3426 5076 3612 5130 virtute

2107 5167 2170 5205 ac
2189 5153 2422 5219 potentia
2449 5149 2504 5201 in
2546 5164 2600 5200 se
2623 5147 2811 5200 divina:
2854 5150 3037 5219 gratim
3061 5147 3203 5199 doles
3228 5155 3459 5214 tempore
3501 5163 3613 5199 ma-

2106 5217 2460 5290 nifestandas,
2487 5227 2698 5286 excepto
2723 5217 3032 5271 sacerdotio.

2107 5309 2317 5378 Quippe
2341 5309 2653 5377 inpotentia
2687 5307 2992 5376 baptizatus
3019 5313 3069 5359 et
3101 5315 3297 5361 unctus
3327 5305 3381 5360 in
3415 5316 3614 5362 semet-

2037 5405 2154 5473 ipso
2193 5402 2357 5456 habet
2398 5401 2579 5472 divina
2617 5399 2897 5470 mysteria,
2952 5407 3006 5452 et
3049 5399 3438 5454 convenienter
3469 5401 3521 5453 in
3556 5415 3615 5455 se

2035 5511 2096 5551 ea
2117 5493 2418 5550 secundum
2445 5501 2658 5560 tempus
2675 5491 2961 5545 abscondit
2985 5491 3242 5558 quamdiu
3265 5492 3612 5562 semetipsum

2035 5606 2230 5661 purum
2261 5587 2568 5644 exhibuerit
2601 5598 2654 5640 et
2688 5587 2912 5656 dignum
2947 5586 3338 5640 monstraverit
3379 5593 3436 5638 ut
3462 5583 3513 5636 in
3547 5599 3613 5636 eo

2037 5685 2127 5738 illa
2160 5690 2474 5752 operentur,
2525 5687 2722 5749 printer
2752 5678 2996 5733 divinum
3031 5677 3429 5738 sacerdotium;
3468 5675 3611 5729 istud

2035 5778 2182 5834 enim
2223 5783 2409 5846 utpote
2460 5773 2662 5831 donum
2701 5773 2980 5843 propriuzn
3034 5779 3086 5828 et
3131 5771 3304 5827 solum
3338 5783 3472 5832 opus
3519 5767 3610 5822 Dei
