  <div class='ocr_page' id='page_1' title='image "/cluster/home/n/w/nwhite01/storage/ocr_20150623/155/hvd.32044069650117/121.png"; bbox 0 0 4044 6198; ppageno 0'>
   <div class='ocr_carea' id='block_1_1' title="bbox 434 277 533 344">
    <p class='ocr_par' dir='ltr' id='par_1_1' title="bbox 434 277 533 344">
     <span class='ocr_line' id='line_1_1' title="bbox 434 277 533 344; baseline -0.02 0"><span class='ocrx_word' id='word_1_1' title='bbox 434 277 533 344; x_wconf 68' lang='grc' dir='ltr'><strong>ἓ31</strong></span> 
     </span>
    </p>
   </div>
   <div class='ocr_carea' id='block_1_2' title="bbox 1245 274 2827 340">
    <p class='ocr_par' dir='ltr' id='par_1_2' title="bbox 1245 274 2827 340">
     <span class='ocr_line' id='line_1_2' title="bbox 1245 274 2827 340; baseline -0.001 0"><span class='ocrx_word' id='word_1_2' title='bbox 1245 277 1631 340; x_wconf 71' lang='lat' dir='ltr'><strong>SYMEONIS</strong></span> <span class='ocrx_word' id='word_1_3' title='bbox 1671 274 2430 340; x_wconf 71' lang='lat' dir='ltr'><strong>THESSALONICENSIS</strong></span> <span class='ocrx_word' id='word_1_4' title='bbox 2460 275 2827 340; x_wconf 78' lang='lat' dir='ltr'><strong>ARCHIEP.</strong></span> 
     </span>
    </p>
   </div>
   <div class='ocr_carea' id='block_1_3' title="bbox 3566 273 3672 341">
    <p class='ocr_par' dir='ltr' id='par_1_3' title="bbox 3566 273 3672 341">
     <span class='ocr_line' id='line_1_3' title="bbox 3566 273 3672 341; baseline -0.028 -1"><span class='ocrx_word' id='word_1_5' title='bbox 3566 273 3672 341; x_wconf 73' lang='lat'><strong>232</strong></span> 
     </span>
    </p>
   </div>
   <div class='ocr_carea' id='block_1_4' title="bbox 435 386 2041 461">
    <p class='ocr_par' dir='ltr' id='par_1_4' title="bbox 435 387 2041 461">
     <span class='ocr_line' id='line_1_4' title="bbox 435 387 2041 461; baseline -0.002 -12"><span class='ocrx_word' id='word_1_6' title='bbox 435 411 464 448; x_wconf 88' lang='lat' dir='ltr'><strong>a</strong></span> <span class='ocrx_word' id='word_1_7' title='bbox 493 407 750 449; x_wconf 90' lang='lat' dir='ltr'><strong>manuum</strong></span> <span class='ocrx_word' id='word_1_8' title='bbox 778 389 1122 460; x_wconf 87' lang='lat' dir='ltr'><strong>impositione</strong></span> <span class='ocrx_word' id='word_1_9' title='bbox 1153 390 1413 458; x_wconf 86' lang='lat' dir='ltr'><strong>donatur,</strong></span> <span class='ocrx_word' id='word_1_10' title='bbox 1447 400 1500 446; x_wconf 91' lang='lat' dir='ltr'><strong>et</strong></span> <span class='ocrx_word' id='word_1_11' title='bbox 1524 390 1726 457; x_wconf 83' lang='lat' dir='ltr'><strong>nullus,</strong></span> <span class='ocrx_word' id='word_1_12' title='bbox 1757 387 2008 461; x_wconf 82' lang='lat' dir='ltr'><strong>quamvis</strong></span> <span class='ocrx_word' id='word_1_13' title='bbox 2035 442 2041 456; x_wconf 39' lang='grc' dir='ltr'>ε</span> 
     </span>
    </p>
   </div>
   <div class='ocr_carea' id='block_1_5' title="bbox 2126 386 3672 461">
    <p class='ocr_par' dir='ltr' id='par_1_5' title="bbox 2126 386 3672 460">
     <span class='ocr_line' id='line_1_5' title="bbox 2126 386 3672 460; baseline 0.002 -19"><span class='ocrx_word' id='word_1_14' title='bbox 2126 390 2412 460; x_wconf 71' lang='grc' dir='ltr'><strong>ίειροτονίᾳ</strong></span> <span class='ocrx_word' id='word_1_15' title='bbox 2439 387 2745 460; x_wconf 77' lang='grc' dir='ltr'><strong>χαρίζεται.</strong></span> <span class='ocrx_word' id='word_1_16' title='bbox 2801 388 2913 444; x_wconf 71' lang='grc' dir='ltr'><strong>Καὶ</strong></span> <span class='ocrx_word' id='word_1_17' title='bbox 2937 386 3112 452; x_wconf 76' lang='grc' dir='ltr'><strong>οὐδεὶς</strong></span> <span class='ocrx_word' id='word_1_18' title='bbox 3165 388 3451 458; x_wconf 70' lang='grc' dir='ltr'><strong>ἐνεργήσει</strong></span> <span class='ocrx_word' id='word_1_19' title='bbox 3479 406 3531 444; x_wconf 89' lang='grc' dir='ltr'><strong>τι</strong></span> <span class='ocrx_word' id='word_1_20' title='bbox 3565 392 3672 444; x_wconf 85' lang='grc' dir='ltr'><strong>τῶν</strong></span> 
     </span>
    </p>
   </div>
   <div class='ocr_carea' id='block_1_6' title="bbox 434 482 2002 554">
    <p class='ocr_par' dir='ltr' id='par_1_6' title="bbox 434 482 2002 554">
     <span class='ocr_line' id='line_1_6' title="bbox 434 482 2002 554; baseline -0.003 -13"><span class='ocrx_word' id='word_1_21' title='bbox 434 485 752 541; x_wconf 79' lang='lat' dir='ltr'><strong>miraculum</strong></span> <span class='ocrx_word' id='word_1_22' title='bbox 787 493 982 552; x_wconf 87' lang='lat' dir='ltr'><strong>patret,</strong></span> <span class='ocrx_word' id='word_1_23' title='bbox 1037 484 1335 554; x_wconf 80' lang='lat' dir='ltr'><strong>quidquam</strong></span> <span class='ocrx_word' id='word_1_24' title='bbox 1375 497 1441 538; x_wconf 83' lang='lat' dir='ltr'><strong>ex</strong></span> <span class='ocrx_word' id='word_1_25' title='bbox 1472 482 1774 540; x_wconf 73' lang='lat' dir='ltr'><strong>sacerdotis</strong></span> <span class='ocrx_word' id='word_1_26' title='bbox 1811 497 2002 536; x_wconf 89' lang='lat' dir='ltr'><strong>mune-</strong></span> 
     </span>
    </p>
   </div>
   <div class='ocr_carea' id='block_1_7' title="bbox 433 573 2001 644">
    <p class='ocr_par' dir='ltr' id='par_1_7' title="bbox 433 573 2001 644">
     <span class='ocr_line' id='line_1_7' title="bbox 433 573 2001 644; baseline -0.001 -14"><span class='ocrx_word' id='word_1_27' title='bbox 433 577 588 630; x_wconf 84' lang='lat' dir='ltr'><strong>ribus</strong></span> <span class='ocrx_word' id='word_1_28' title='bbox 647 573 964 644; x_wconf 88' lang='lat' dir='ltr'><strong>operabitur</strong></span> <span class='ocrx_word' id='word_1_29' title='bbox 1026 575 1234 644; x_wconf 79' lang='lat' dir='ltr'><strong>absque</strong></span> <span class='ocrx_word' id='word_1_30' title='bbox 1295 589 1556 630; x_wconf 89' lang='lat' dir='ltr'><strong>manuum</strong></span> <span class='ocrx_word' id='word_1_31' title='bbox 1612 573 2001 644; x_wconf 89' lang='lat' dir='ltr'><strong>impositione;</strong></span> 
     </span>
    </p>
   </div>
   <div class='ocr_carea' id='block_1_8' title="bbox 433 665 2006 737">
    <p class='ocr_par' dir='ltr' id='par_1_8' title="bbox 433 665 2006 737">
     <span class='ocr_line' id='line_1_8' title="bbox 433 665 2006 737; baseline -0.001 -17"><span class='ocrx_word' id='word_1_32' title='bbox 433 666 745 721; x_wconf 81' lang='lat' dir='ltr'><strong>sanationes</strong></span> <span class='ocrx_word' id='word_1_33' title='bbox 771 675 954 722; x_wconf 82' lang='lat' dir='ltr'><strong>autem</strong></span> <span class='ocrx_word' id='word_1_34' title='bbox 999 665 1180 722; x_wconf 83' lang='lat' dir='ltr'><strong>facere</strong></span> <span class='ocrx_word' id='word_1_35' title='bbox 1224 673 1280 722; x_wconf 92' lang='lat' dir='ltr'><strong>et</strong></span> <span class='ocrx_word' id='word_1_36' title='bbox 1327 666 1672 737; x_wconf 83' lang='lat' dir='ltr'><strong>prephetare,</strong></span> <span class='ocrx_word' id='word_1_37' title='bbox 1703 673 1760 720; x_wconf 86' lang='lat' dir='ltr'><strong>et</strong></span> <span class='ocrx_word' id='word_1_38' title='bbox 1789 665 2006 720; x_wconf 86' lang='lat' dir='ltr'><strong>mundi-</strong></span> 
     </span>
    </p>
   </div>
   <div class='ocr_carea' id='block_1_9' title="bbox 432 755 2007 828">
    <p class='ocr_par' dir='ltr' id='par_1_9' title="bbox 432 755 2007 828">
     <span class='ocr_line' id='line_1_9' title="bbox 432 755 2007 828; baseline 0.001 -17"><span class='ocrx_word' id='word_1_39' title='bbox 432 755 562 812; x_wconf 85' lang='lat' dir='ltr'><strong>tiam</strong></span> <span class='ocrx_word' id='word_1_40' title='bbox 593 766 699 811; x_wconf 85' lang='lat' dir='ltr'><strong>tam</strong></span> <span class='ocrx_word' id='word_1_41' title='bbox 733 771 966 827; x_wconf 87' lang='lat' dir='ltr'><strong>corpore</strong></span> <span class='ocrx_word' id='word_1_42' title='bbox 1009 772 1172 828; x_wconf 88' lang='lat' dir='ltr'><strong>quam</strong></span> <span class='ocrx_word' id='word_1_43' title='bbox 1219 767 1403 814; x_wconf 82' lang='lat' dir='ltr'><strong>mente</strong></span> <span class='ocrx_word' id='word_1_44' title='bbox 1447 758 1744 824; x_wconf 88' lang='lat' dir='ltr'><strong>custodire,</strong></span> <span class='ocrx_word' id='word_1_45' title='bbox 1775 764 1829 812; x_wconf 88' lang='lat' dir='ltr'><strong>et</strong></span> <span class='ocrx_word' id='word_1_46' title='bbox 1880 771 2007 813; x_wconf 83' lang='lat' dir='ltr'><strong>vere</strong></span> 
     </span>
    </p>
   </div>
   <div class='ocr_carea' id='block_1_10' title="bbox 433 847 2008 919">
    <p class='ocr_par' dir='ltr' id='par_1_10' title="bbox 433 847 2008 919">
     <span class='ocr_line' id='line_1_10' title="bbox 433 847 2008 919; baseline -0.001 -17"><span class='ocrx_word' id='word_1_47' title='bbox 433 847 750 919; x_wconf 76' lang='lat' dir='ltr'><strong>virginalem</strong></span> <span class='ocrx_word' id='word_1_48' title='bbox 772 849 935 903; x_wconf 88' lang='lat' dir='ltr'><strong>vitam</strong></span> <span class='ocrx_word' id='word_1_49' title='bbox 967 849 1186 916; x_wconf 84' lang='lat' dir='ltr'><strong>ducere,</strong></span> <span class='ocrx_word' id='word_1_50' title='bbox 1216 858 1272 903; x_wconf 85' lang='lat' dir='ltr'><strong>et</strong></span> <span class='ocrx_word' id='word_1_51' title='bbox 1293 849 1528 904; x_wconf 87' lang='lat' dir='ltr'><strong>orationi</strong></span> <span class='ocrx_word' id='word_1_52' title='bbox 1555 851 1818 904; x_wconf 90' lang='lat' dir='ltr'><strong>continuo</strong></span> <span class='ocrx_word' id='word_1_53' title='bbox 1845 856 2008 916; x_wconf 88' lang='lat' dir='ltr'><strong>atque</strong></span> 
     </span>
    </p>
   </div>
   <div class='ocr_carea' id='block_1_11' title="bbox 434 935 2006 1005">
    <p class='ocr_par' dir='ltr' id='par_1_11' title="bbox 434 935 2006 1005">
     <span class='ocr_line' id='line_1_11' title="bbox 434 935 2006 1005; baseline 0.001 -16"><span class='ocrx_word' id='word_1_54' title='bbox 434 935 727 1004; x_wconf 89' lang='lat' dir='ltr'><strong>tranquille</strong></span> <span class='ocrx_word' id='word_1_55' title='bbox 750 935 1052 1005; x_wconf 88' lang='lat' dir='ltr'><strong>indulgere,</strong></span> <span class='ocrx_word' id='word_1_56' title='bbox 1077 935 1146 990; x_wconf 89' lang='lat' dir='ltr'><strong>ad</strong></span> <span class='ocrx_word' id='word_1_57' title='bbox 1177 937 1496 992; x_wconf 84' lang='lat' dir='ltr'><strong>citaritatem</strong></span> <span class='ocrx_word' id='word_1_58' title='bbox 1530 937 1767 991; x_wconf 81' lang='lat' dir='ltr'><strong>divinam</strong></span> <span class='ocrx_word' id='word_1_59' title='bbox 1796 936 2006 992; x_wconf 83' lang='lat' dir='ltr'><strong>fervere</strong></span> 
     </span>
    </p>
   </div>
   <div class='ocr_carea' id='block_1_12' title="bbox 434 1024 2007 1098">
    <p class='ocr_par' dir='ltr' id='par_1_12' title="bbox 434 1024 2007 1098">
     <span class='ocr_line' id='line_1_12' title="bbox 434 1024 2007 1098; baseline 0.003 -20"><span class='ocrx_word' id='word_1_60' title='bbox 434 1032 488 1078; x_wconf 87' lang='lat' dir='ltr'><strong>ct</strong></span> <span class='ocrx_word' id='word_1_61' title='bbox 518 1025 746 1090; x_wconf 83' lang='lat' dir='ltr'><strong>moveri,</strong></span> <span class='ocrx_word' id='word_1_62' title='bbox 794 1025 997 1080; x_wconf 82' lang='lat' dir='ltr'><strong>divinis</strong></span> <span class='ocrx_word' id='word_1_63' title='bbox 1045 1024 1539 1081; x_wconf 77' lang='lat' dir='ltr'><strong>illuminatiouibus</strong></span> <span class='ocrx_word' id='word_1_64' title='bbox 1585 1026 1794 1098; x_wconf 85' lang='lat' dir='ltr'><strong>dignari</strong></span> <span class='ocrx_word' id='word_1_65' title='bbox 1843 1036 2007 1096; x_wconf 86' lang='lat' dir='ltr'><strong>atque</strong></span> 
     </span>
    </p>
   </div>
   <div class='ocr_carea' id='block_1_13' title="bbox 435 1117 2008 1190">
    <p class='ocr_par' dir='ltr' id='par_1_13' title="bbox 435 1117 2008 1190">
     <span class='ocr_line' id='line_1_13' title="bbox 435 1117 2008 1190; baseline 0.001 -18"><span class='ocrx_word' id='word_1_66' title='bbox 435 1117 606 1172; x_wconf 89' lang='lat' dir='ltr'><strong>sacris</strong></span> <span class='ocrx_word' id='word_1_67' title='bbox 666 1117 1089 1174; x_wconf 87' lang='lat' dir='ltr'><strong>revelationibus</strong></span> <span class='ocrx_word' id='word_1_68' title='bbox 1141 1127 1196 1174; x_wconf 92' lang='lat' dir='ltr'><strong>et</strong></span> <span class='ocrx_word' id='word_1_69' title='bbox 1258 1118 1534 1190; x_wconf 85' lang='lat' dir='ltr'><strong>mysteriis</strong></span> <span class='ocrx_word' id='word_1_70' title='bbox 1581 1119 2008 1189; x_wconf 74' lang='lat' dir='ltr'><strong>caelestibusque</strong></span> 
     </span>
    </p>
   </div>
   <div class='ocr_carea' id='block_1_14' title="bbox 436 1211 2008 1282">
    <p class='ocr_par' dir='ltr' id='par_1_14' title="bbox 436 1211 2008 1282">
     <span class='ocr_line' id='line_1_14' title="bbox 436 1211 2008 1282; baseline 0.003 -21"><span class='ocrx_word' id='word_1_71' title='bbox 436 1211 736 1264; x_wconf 80' lang='lat' dir='ltr'><strong>visionibus</strong></span> <span class='ocrx_word' id='word_1_72' title='bbox 787 1225 852 1263; x_wconf 87' lang='lat' dir='ltr'><strong>ac</strong></span> <span class='ocrx_word' id='word_1_73' title='bbox 910 1211 1200 1276; x_wconf 79' lang='lat' dir='ltr'><strong>similibus,</strong></span> <span class='ocrx_word' id='word_1_74' title='bbox 1260 1211 1373 1265; x_wconf 84' lang='lat' dir='ltr'><strong>fere</strong></span> <span class='ocrx_word' id='word_1_75' title='bbox 1427 1212 1724 1266; x_wconf 89' lang='lat' dir='ltr'><strong>secundum</strong></span> <span class='ocrx_word' id='word_1_76' title='bbox 1789 1211 2008 1282; x_wconf 76' lang='lat' dir='ltr'><strong>angelos</strong></span> 
     </span>
    </p>
   </div>
   <div class='ocr_carea' id='block_1_15' title="bbox 437 1301 2009 1372">
    <p class='ocr_par' dir='ltr' id='par_1_15' title="bbox 437 1301 2009 1372">
     <span class='ocr_line' id='line_1_15' title="bbox 437 1301 2009 1372; baseline 0.001 -17"><span class='ocrx_word' id='word_1_77' title='bbox 437 1301 574 1367; x_wconf 83' lang='lat' dir='ltr'><strong>ﬁeri,</strong></span> <span class='ocrx_word' id='word_1_78' title='bbox 612 1311 671 1356; x_wconf 89' lang='lat' dir='ltr'><strong>ut</strong></span> <span class='ocrx_word' id='word_1_79' title='bbox 711 1303 892 1371; x_wconf 89' lang='lat' dir='ltr'><strong>plures</strong></span> <span class='ocrx_word' id='word_1_80' title='bbox 924 1301 1050 1356; x_wconf 81' lang='lat' dir='ltr'><strong>iacti</strong></span> <span class='ocrx_word' id='word_1_81' title='bbox 1083 1311 1232 1366; x_wconf 90' lang='lat' dir='ltr'><strong>sunt,</strong></span> <span class='ocrx_word' id='word_1_82' title='bbox 1283 1303 1439 1358; x_wconf 85' lang='lat' dir='ltr'><strong>multi</strong></span> <span class='ocrx_word' id='word_1_83' title='bbox 1490 1305 1696 1372; x_wconf 89' lang='lat' dir='ltr'><strong>absque</strong></span> <span class='ocrx_word' id='word_1_84' title='bbox 1748 1316 2009 1356; x_wconf 87' lang='lat' dir='ltr'><strong>manuum</strong></span> 
     </span>
    </p>
   </div>
   <div class='ocr_carea' id='block_1_16' title="bbox 439 1394 2010 1464">
    <p class='ocr_par' dir='ltr' id='par_1_16' title="bbox 439 1394 2010 1464">
     <span class='ocr_line' id='line_1_16' title="bbox 439 1394 2010 1464; baseline -0.002 -16"><span class='ocrx_word' id='word_1_85' title='bbox 439 1394 786 1462; x_wconf 87' lang='lat' dir='ltr'><strong>impositione</strong></span> <span class='ocrx_word' id='word_1_86' title='bbox 819 1409 913 1462; x_wconf 89' lang='lat' dir='ltr'><strong>per</strong></span> <span class='ocrx_word' id='word_1_87' title='bbox 962 1396 1193 1464; x_wconf 80' lang='lat' dir='ltr'><strong>gratiam</strong></span> <span class='ocrx_word' id='word_1_88' title='bbox 1228 1410 1292 1450; x_wconf 88' lang='lat' dir='ltr'><strong>ex</strong></span> <span class='ocrx_word' id='word_1_89' title='bbox 1342 1395 1612 1462; x_wconf 84' lang='lat' dir='ltr'><strong>baptismo</strong></span> <span class='ocrx_word' id='word_1_90' title='bbox 1645 1401 1698 1448; x_wconf 91' lang='lat' dir='ltr'><strong>et</strong></span> <span class='ocrx_word' id='word_1_91' title='bbox 1732 1402 2010 1464; x_wconf 84' lang='lat' dir='ltr'><strong>unguento</strong></span> 
     </span>
    </p>
   </div>
   <div class='ocr_carea' id='block_1_17' title="bbox 439 1483 2012 1554">
    <p class='ocr_par' dir='ltr' id='par_1_17' title="bbox 439 1483 2012 1554">
     <span class='ocr_line' id='line_1_17' title="bbox 439 1483 2012 1554; baseline 0.001 -17"><span class='ocrx_word' id='word_1_92' title='bbox 439 1483 580 1538; x_wconf 89' lang='lat' dir='ltr'><strong>hanc</strong></span> <span class='ocrx_word' id='word_1_93' title='bbox 624 1485 874 1539; x_wconf 79' lang='lat' dir='ltr'><strong>virtutem</strong></span> <span class='ocrx_word' id='word_1_94' title='bbox 903 1487 1178 1540; x_wconf 87' lang='lat' dir='ltr'><strong>consecuti</strong></span> <span class='ocrx_word' id='word_1_95' title='bbox 1228 1493 1356 1540; x_wconf 89' lang='lat' dir='ltr'><strong>sunt</strong></span> <span class='ocrx_word' id='word_1_96' title='bbox 1392 1493 1446 1540; x_wconf 90' lang='lat' dir='ltr'><strong>et</strong></span> <span class='ocrx_word' id='word_1_97' title='bbox 1489 1496 1923 1554; x_wconf 86' lang='lat' dir='ltr'><strong>consequuntur,</strong></span> <span class='ocrx_word' id='word_1_98' title='bbox 1957 1493 2012 1539; x_wconf 90' lang='lat' dir='ltr'><strong>et</strong></span> 
     </span>
    </p>
   </div>
   <div class='ocr_carea' id='block_1_18' title="bbox 440 1577 2008 1646">
    <p class='ocr_par' dir='ltr' id='par_1_18' title="bbox 440 1577 2008 1646">
     <span class='ocr_line' id='line_1_18' title="bbox 440 1577 2008 1646; baseline -0.003 -14"><span class='ocrx_word' id='word_1_99' title='bbox 440 1577 638 1632; x_wconf 87' lang='lat' dir='ltr'><strong>talibus</strong></span> <span class='ocrx_word' id='word_1_100' title='bbox 667 1578 813 1646; x_wconf 81' lang='lat' dir='ltr'><strong>digni</strong></span> <span class='ocrx_word' id='word_1_101' title='bbox 844 1588 974 1634; x_wconf 90' lang='lat' dir='ltr'><strong>sunt</strong></span> <span class='ocrx_word' id='word_1_102' title='bbox 1005 1578 1198 1632; x_wconf 89' lang='lat' dir='ltr'><strong>habiti.</strong></span> <span class='ocrx_word' id='word_1_103' title='bbox 1235 1578 1364 1643; x_wconf 63' lang='lat' dir='ltr'><strong>Quae</strong></span> <span class='ocrx_word' id='word_1_104' title='bbox 1391 1579 1458 1634; x_wconf 89' lang='lat' dir='ltr'><strong>de</strong></span> <span class='ocrx_word' id='word_1_105' title='bbox 1493 1578 1594 1632; x_wconf 90' lang='lat' dir='ltr'><strong>hac</strong></span> <span class='ocrx_word' id='word_1_106' title='bbox 1628 1593 1686 1633; x_wconf 90' lang='lat' dir='ltr'><strong>re</strong></span> <span class='ocrx_word' id='word_1_107' title='bbox 1715 1577 2008 1635; x_wconf 84' lang='lat' dir='ltr'><strong>suﬂiciunt.</strong></span> 
     </span>
    </p>
   </div>
   <div class='ocr_carea' id='block_1_19' title="bbox 439 1667 2008 1741">
    <p class='ocr_par' dir='ltr' id='par_1_19' title="bbox 439 1667 2008 1741">
     <span class='ocr_line' id='line_1_19' title="bbox 439 1667 2008 1741; baseline 0 -17"><span class='ocrx_word' id='word_1_108' title='bbox 439 1667 609 1724; x_wconf 82' lang='lat' dir='ltr'><strong>Porro</strong></span> <span class='ocrx_word' id='word_1_109' title='bbox 664 1679 788 1724; x_wconf 86' lang='lat' dir='ltr'><strong>ante</strong></span> <span class='ocrx_word' id='word_1_110' title='bbox 834 1671 1170 1734; x_wconf 84' lang='lat' dir='ltr'><strong>unctionem,</strong></span> <span class='ocrx_word' id='word_1_111' title='bbox 1225 1679 1350 1740; x_wconf 88' lang='lat' dir='ltr'><strong>post</strong></span> <span class='ocrx_word' id='word_1_112' title='bbox 1395 1669 1692 1741; x_wconf 87' lang='lat' dir='ltr'><strong>baptisma,</strong></span> <span class='ocrx_word' id='word_1_113' title='bbox 1746 1669 2008 1741; x_wconf 80' lang='lat' dir='ltr'><strong>pontifex,</strong></span> 
     </span>
    </p>
   </div>
   <div class='ocr_carea' id='block_1_20' title="bbox 2107 480 3672 553">
    <p class='ocr_par' dir='ltr' id='par_1_20' title="bbox 2107 480 3672 553">
     <span class='ocr_line' id='line_1_20' title="bbox 2107 480 3672 553; baseline 0.001 -19"><span class='ocrx_word' id='word_1_114' title='bbox 2107 480 2292 550; x_wconf 75' lang='grc' dir='ltr'><strong>ιερῶν,</strong></span> <span class='ocrx_word' id='word_1_115' title='bbox 2323 483 2372 534; x_wconf 80' lang='grc' dir='ltr'><strong>εί</strong></span> <span class='ocrx_word' id='word_1_116' title='bbox 2404 484 2496 535; x_wconf 76' lang='grc' dir='ltr'><strong>καὶ</strong></span> <span class='ocrx_word' id='word_1_117' title='bbox 2528 484 2914 552; x_wconf 72' lang='grc' dir='ltr'><strong>σημειοφόρος,</strong></span> <span class='ocrx_word' id='word_1_118' title='bbox 2971 481 3142 551; x_wconf 69' lang='grc' dir='ltr'><strong>χωρὶς</strong></span> <span class='ocrx_word' id='word_1_119' title='bbox 3172 481 3272 549; x_wconf 79' lang='grc' dir='ltr'><strong>τῆς</strong></span> <span class='ocrx_word' id='word_1_120' title='bbox 3319 483 3672 553; x_wconf 77' lang='grc' dir='ltr'><strong>χειροτονίας.</strong></span> 
     </span>
    </p>
   </div>
   <div class='ocr_carea' id='block_1_21' title="bbox 2117 572 3675 653">
    <p class='ocr_par' dir='ltr' id='par_1_21' title="bbox 2117 572 3675 653">
     <span class='ocr_line' id='line_1_21' title="bbox 2117 572 3675 653; baseline -0.001 -25"><span class='ocrx_word' id='word_1_121' title='bbox 2117 572 2340 643; x_wconf 80' lang='grc' dir='ltr'><strong>Ἰάματα</strong></span> <span class='ocrx_word' id='word_1_122' title='bbox 2372 573 2430 628; x_wconf 65' lang='grc' dir='ltr'><strong>δὲ</strong></span> <span class='ocrx_word' id='word_1_123' title='bbox 2457 576 2632 627; x_wconf 75' lang='grc' dir='ltr'><strong>ποιεῖν</strong></span> <span class='ocrx_word' id='word_1_124' title='bbox 2661 573 2757 627; x_wconf 80' lang='grc' dir='ltr'><strong>καὶ</strong></span> <span class='ocrx_word' id='word_1_125' title='bbox 2813 573 3180 645; x_wconf 75' lang='grc' dir='ltr'><strong>προφητεύειν</strong></span> <span class='ocrx_word' id='word_1_126' title='bbox 3206 573 3299 626; x_wconf 78' lang='grc' dir='ltr'><strong>καὶ</strong></span> <span class='ocrx_word' id='word_1_127' title='bbox 3344 572 3675 653; x_wconf 63' lang='grc' dir='ltr'><strong>καθειρεύειν</strong></span> 
     </span>
    </p>
   </div>
   <div class='ocr_carea' id='block_1_22' title="bbox 2108 665 3672 737">
    <p class='ocr_par' dir='ltr' id='par_1_22' title="bbox 2108 665 3672 737">
     <span class='ocr_line' id='line_1_22' title="bbox 2108 665 3672 737; baseline -0.001 -17"><span class='ocrx_word' id='word_1_128' title='bbox 2108 666 2324 737; x_wconf 85' lang='grc' dir='ltr'><strong>σώματί</strong></span> <span class='ocrx_word' id='word_1_129' title='bbox 2359 685 2421 720; x_wconf 89' lang='grc' dir='ltr'><strong>τε</strong></span> <span class='ocrx_word' id='word_1_130' title='bbox 2455 667 2549 721; x_wconf 80' lang='grc' dir='ltr'><strong>καὶ</strong></span> <span class='ocrx_word' id='word_1_131' title='bbox 2578 667 2882 734; x_wconf 81' lang='grc' dir='ltr'><strong>λογισμοῖς,</strong></span> <span class='ocrx_word' id='word_1_132' title='bbox 2909 666 3002 720; x_wconf 71' lang='grc' dir='ltr'><strong>καὶ</strong></span> <span class='ocrx_word' id='word_1_133' title='bbox 3024 665 3240 737; x_wconf 82' lang='grc' dir='ltr'><strong>ἀληθῶς</strong></span> <span class='ocrx_word' id='word_1_134' title='bbox 3287 666 3672 736; x_wconf 86' lang='grc' dir='ltr'><strong>παρθενεύειν,</strong></span> 
     </span>
    </p>
   </div>
   <div class='ocr_carea' id='block_1_23' title="bbox 2107 756 3676 830">
    <p class='ocr_par' dir='ltr' id='par_1_23' title="bbox 2107 756 3676 830">
     <span class='ocr_line' id='line_1_23' title="bbox 2107 756 3676 830; baseline -0.001 -18"><span class='ocrx_word' id='word_1_135' title='bbox 2107 758 2202 812; x_wconf 77' lang='grc' dir='ltr'><strong>καὶ</strong></span> <span class='ocrx_word' id='word_1_136' title='bbox 2235 758 2636 830; x_wconf 73' lang='grc' dir='ltr'><strong>προσεύχεσθαι</strong></span> <span class='ocrx_word' id='word_1_137' title='bbox 2687 757 2948 828; x_wconf 74' lang='grc' dir='ltr'><strong>διηνεκῶς</strong></span> <span class='ocrx_word' id='word_1_138' title='bbox 3000 773 3059 810; x_wconf 79' lang='grc' dir='ltr'><strong>τι</strong></span> <span class='ocrx_word' id='word_1_139' title='bbox 3116 756 3214 810; x_wconf 78' lang='grc' dir='ltr'><strong>καὶ</strong></span> <span class='ocrx_word' id='word_1_140' title='bbox 3253 756 3676 828; x_wconf 76' lang='grc' dir='ltr'><strong>ἀρῥεμθάστως,</strong></span> 
     </span>
    </p>
   </div>
   <div class='ocr_carea' id='block_1_24' title="bbox 2107 847 3674 921">
    <p class='ocr_par' dir='ltr' id='par_1_24' title="bbox 2107 847 3674 921">
     <span class='ocr_line' id='line_1_24' title="bbox 2107 847 3674 921; baseline -0.002 -17"><span class='ocrx_word' id='word_1_141' title='bbox 2107 851 2203 904; x_wconf 80' lang='grc' dir='ltr'><strong>καὶ</strong></span> <span class='ocrx_word' id='word_1_142' title='bbox 2236 851 2374 921; x_wconf 79' lang='grc' dir='ltr'><strong>πρὸς</strong></span> <span class='ocrx_word' id='word_1_143' title='bbox 2406 850 2629 918; x_wconf 83' lang='grc' dir='ltr'><strong>ἀγάπην</strong></span> <span class='ocrx_word' id='word_1_144' title='bbox 2659 849 2810 902; x_wconf 85' lang='grc' dir='ltr'><strong>θείαν</strong></span> <span class='ocrx_word' id='word_1_145' title='bbox 2842 847 3230 918; x_wconf 63' lang='grc' dir='ltr'><strong>θερμαίνεσθαι</strong></span> <span class='ocrx_word' id='word_1_146' title='bbox 3261 849 3353 901; x_wconf 73' lang='grc' dir='ltr'><strong>καὶ</strong></span> <span class='ocrx_word' id='word_1_147' title='bbox 3383 848 3674 914; x_wconf 82' lang='grc' dir='ltr'><strong>κινεῖσθαι,</strong></span> 
     </span>
    </p>
   </div>
   <div class='ocr_carea' id='block_1_25' title="bbox 2106 935 3678 1008">
    <p class='ocr_par' dir='ltr' id='par_1_25' title="bbox 2106 935 3678 1008">
     <span class='ocr_line' id='line_1_25' title="bbox 2106 935 3678 1008; baseline -0.004 -15"><span class='ocrx_word' id='word_1_148' title='bbox 2106 940 2204 993; x_wconf 80' lang='grc' dir='ltr'><strong>καὶ</strong></span> <span class='ocrx_word' id='word_1_149' title='bbox 2241 939 2402 993; x_wconf 80' lang='grc' dir='ltr'><strong>θείων</strong></span> <span class='ocrx_word' id='word_1_150' title='bbox 2435 938 2754 1008; x_wconf 81' lang='grc' dir='ltr'><strong>ὲλλάμψεων</strong></span> <span class='ocrx_word' id='word_1_151' title='bbox 2808 936 3113 1004; x_wconf 79' lang='grc' dir='ltr'><strong>ἀξιοῦσθαι,</strong></span> <span class='ocrx_word' id='word_1_152' title='bbox 3161 937 3256 990; x_wconf 75' lang='grc' dir='ltr'><strong>καὶ</strong></span> <span class='ocrx_word' id='word_1_153' title='bbox 3279 935 3678 1005; x_wconf 72' lang='grc' dir='ltr'><strong>ἀποκαλύψεων</strong></span> 
     </span>
    </p>
   </div>
   <div class='ocr_carea' id='block_1_26' title="bbox 2112 1025 3677 1100">
    <p class='ocr_par' dir='ltr' id='par_1_26' title="bbox 2112 1025 3677 1100">
     <span class='ocr_line' id='line_1_26' title="bbox 2112 1025 3677 1100; baseline -0.003 -16"><span class='ocrx_word' id='word_1_154' title='bbox 2112 1029 2276 1100; x_wconf 72' lang='grc' dir='ltr'><strong>ιερῶν</strong></span> <span class='ocrx_word' id='word_1_155' title='bbox 2331 1029 2424 1082; x_wconf 73' lang='grc' dir='ltr'><strong>καὶ</strong></span> <span class='ocrx_word' id='word_1_156' title='bbox 2471 1029 2791 1100; x_wconf 74' lang='grc' dir='ltr'><strong>μυστηρίων</strong></span> <span class='ocrx_word' id='word_1_157' title='bbox 2843 1030 2937 1082; x_wconf 74' lang='grc' dir='ltr'><strong>καὶ</strong></span> <span class='ocrx_word' id='word_1_158' title='bbox 2987 1026 3233 1098; x_wconf 86' lang='grc' dir='ltr'><strong>θεωριῶν</strong></span> <span class='ocrx_word' id='word_1_159' title='bbox 3262 1026 3552 1096; x_wconf 80' lang='grc' dir='ltr'><strong>οὐρανίων,</strong></span> <span class='ocrx_word' id='word_1_160' title='bbox 3581 1025 3677 1079; x_wconf 76' lang='grc' dir='ltr'><strong>καὶ</strong></span> 
     </span>
    </p>
   </div>
   <div class='ocr_carea' id='block_1_27' title="bbox 2107 1117 3678 1187">
    <p class='ocr_par' dir='ltr' id='par_1_27' title="bbox 2107 1117 3678 1187">
     <span class='ocr_line' id='line_1_27' title="bbox 2107 1117 3678 1187; baseline -0.006 -11"><span class='ocrx_word' id='word_1_161' title='bbox 2107 1123 2218 1176; x_wconf 83' lang='grc' dir='ltr'><strong>τῶν</strong></span> <span class='ocrx_word' id='word_1_162' title='bbox 2238 1119 2519 1186; x_wconf 78' lang='grc' dir='ltr'><strong>τοιούτων,</strong></span> <span class='ocrx_word' id='word_1_163' title='bbox 2573 1121 2668 1174; x_wconf 77' lang='grc' dir='ltr'><strong>καὶ</strong></span> <span class='ocrx_word' id='word_1_164' title='bbox 2711 1119 2832 1174; x_wconf 83' lang='grc' dir='ltr'><strong>κατ’</strong></span> <span class='ocrx_word' id='word_1_165' title='bbox 2862 1119 3129 1186; x_wconf 77' lang='grc' dir='ltr'><strong>ἀγγέλους</strong></span> <span class='ocrx_word' id='word_1_166' title='bbox 3181 1117 3368 1187; x_wconf 81' lang='grc' dir='ltr'><strong>σχεδὸν</strong></span> <span class='ocrx_word' id='word_1_167' title='bbox 3403 1117 3678 1183; x_wconf 74' lang='grc' dir='ltr'><strong>γενέσθαι,</strong></span> 
     </span>
    </p>
   </div>
   <div class='ocr_carea' id='block_1_28' title="bbox 2109 1203 3679 1281">
    <p class='ocr_par' dir='ltr' id='par_1_28' title="bbox 2109 1203 3679 1281">
     <span class='ocr_line' id='line_1_28' title="bbox 2109 1203 3679 1281; baseline -0.007 -14"><span class='ocrx_word' id='word_1_168' title='bbox 2109 1214 2184 1277; x_wconf 84' lang='grc' dir='ltr'><strong>ὡς</strong></span> <span class='ocrx_word' id='word_1_169' title='bbox 2206 1213 2302 1266; x_wconf 71' lang='grc' dir='ltr'><strong>καὶ</strong></span> <span class='ocrx_word' id='word_1_170' title='bbox 2323 1212 2566 1265; x_wconf 81' lang='grc' dir='ltr'><strong>πλεῖστοι</strong></span> <span class='ocrx_word' id='word_1_171' title='bbox 2599 1211 2875 1281; x_wconf 87' lang='grc' dir='ltr'><strong>γεγόνασι,</strong></span> <span class='ocrx_word' id='word_1_172' title='bbox 2896 1208 2993 1263; x_wconf 69' lang='grc' dir='ltr'><strong>καὶ</strong></span> <span class='ocrx_word' id='word_1_173' title='bbox 3015 1209 3115 1278; x_wconf 85' lang='grc' dir='ltr'><strong>τῆς</strong></span> <span class='ocrx_word' id='word_1_174' title='bbox 3141 1208 3480 1276; x_wconf 78' lang='grc' dir='ltr'><strong>χειροτονίας</strong></span> <span class='ocrx_word' id='word_1_175' title='bbox 3509 1203 3679 1275; x_wconf 70' lang='grc' dir='ltr'><strong>χωρὶς</strong></span> 
     </span>
    </p>
   </div>
   <div class='ocr_carea' id='block_1_29' title="bbox 2111 1292 3685 1372">
    <p class='ocr_par' dir='ltr' id='par_1_29' title="bbox 2111 1292 3685 1372">
     <span class='ocr_line' id='line_1_29' title="bbox 2111 1292 3685 1372; baseline -0.008 -16"><span class='ocrx_word' id='word_1_176' title='bbox 2111 1304 2296 1357; x_wconf 79' lang='grc' dir='ltr'><strong>πολλοὶ</strong></span> <span class='ocrx_word' id='word_1_177' title='bbox 2341 1305 2428 1357; x_wconf 75' lang='grc' dir='ltr'><strong>διὰ</strong></span> <span class='ocrx_word' id='word_1_178' title='bbox 2484 1305 2582 1372; x_wconf 82' lang='grc' dir='ltr'><strong>τῆς</strong></span> <span class='ocrx_word' id='word_1_179' title='bbox 2616 1302 2840 1370; x_wconf 73' lang='grc' dir='ltr'><strong>χάριτος</strong></span> <span class='ocrx_word' id='word_1_180' title='bbox 2897 1299 3005 1352; x_wconf 82' lang='grc' dir='ltr'><strong>ἀπὸ</strong></span> <span class='ocrx_word' id='word_1_181' title='bbox 3035 1298 3131 1350; x_wconf 84' lang='grc' dir='ltr'><strong>τοῦ</strong></span> <span class='ocrx_word' id='word_1_182' title='bbox 3185 1296 3559 1366; x_wconf 68' lang='grc' dir='ltr'><strong>βαπτίσματος</strong></span> <span class='ocrx_word' id='word_1_183' title='bbox 3587 1292 3685 1345; x_wconf 74' lang='grc' dir='ltr'><strong>καὶ</strong></span> 
     </span>
    </p>
   </div>
   <div class='ocr_carea' id='block_1_30' title="bbox 2111 1388 3681 1468">
    <p class='ocr_par' dir='ltr' id='par_1_30' title="bbox 2111 1388 3681 1468">
     <span class='ocr_line' id='line_1_30' title="bbox 2111 1388 3681 1468; baseline -0.01 -17"><span class='ocrx_word' id='word_1_184' title='bbox 2111 1397 2205 1450; x_wconf 81' lang='grc' dir='ltr'><strong>τοῦ</strong></span> <span class='ocrx_word' id='word_1_185' title='bbox 2231 1397 2424 1468; x_wconf 86' lang='grc' dir='ltr'><strong>μύρου,</strong></span> <span class='ocrx_word' id='word_1_186' title='bbox 2459 1395 2689 1465; x_wconf 86' lang='grc' dir='ltr'><strong>δύναμιν</strong></span> <span class='ocrx_word' id='word_1_187' title='bbox 2721 1394 2879 1461; x_wconf 77' lang='grc' dir='ltr'><strong>ἔσχον</strong></span> <span class='ocrx_word' id='word_1_188' title='bbox 2923 1393 3131 1461; x_wconf 76' lang='grc' dir='ltr'><strong>τυχεῖν,</strong></span> <span class='ocrx_word' id='word_1_189' title='bbox 3189 1390 3284 1443; x_wconf 73' lang='grc' dir='ltr'><strong>καὶ</strong></span> <span class='ocrx_word' id='word_1_190' title='bbox 3329 1388 3681 1455; x_wconf 75' lang='grc' dir='ltr'><strong>τυγχάνουσι,</strong></span> 
     </span>
    </p>
   </div>
   <div class='ocr_carea' id='block_1_31' title="bbox 2113 1476 3687 1545">
    <p class='ocr_par' dir='ltr' id='par_1_31' title="bbox 2113 1476 3687 1545">
     <span class='ocr_line' id='line_1_31' title="bbox 2113 1476 3687 1545; baseline -0.009 -5"><span class='ocrx_word' id='word_1_191' title='bbox 2113 1489 2205 1540; x_wconf 80' lang='grc' dir='ltr'><strong>καὶ</strong></span> <span class='ocrx_word' id='word_1_192' title='bbox 2241 1486 2351 1538; x_wconf 82' lang='grc' dir='ltr'><strong>τῶν</strong></span> <span class='ocrx_word' id='word_1_193' title='bbox 2406 1484 2666 1539; x_wconf 86' lang='grc' dir='ltr'><strong>τοιούτων</strong></span> <span class='ocrx_word' id='word_1_194' title='bbox 2722 1479 3124 1545; x_wconf 81' lang='grc' dir='ltr'><strong>καταξιοῦνται.</strong></span> <span class='ocrx_word' id='word_1_195' title='bbox 3192 1476 3302 1532; x_wconf 76' lang='grc' dir='ltr'><strong>Καὶ</strong></span> <span class='ocrx_word' id='word_1_196' title='bbox 3355 1477 3526 1530; x_wconf 71' lang='grc' dir='ltr'><strong>ταῦτα</strong></span> <span class='ocrx_word' id='word_1_197' title='bbox 3587 1476 3687 1544; x_wconf 80' lang='grc' dir='ltr'><strong>μὲν</strong></span> 
     </span>
    </p>
   </div>
   <div class='ocr_carea' id='block_1_32' title="bbox 2113 1567 3686 1648">
    <p class='ocr_par' dir='ltr' id='par_1_32' title="bbox 2113 1567 3686 1648">
     <span class='ocr_line' id='line_1_32' title="bbox 2113 1567 3686 1648; baseline -0.011 -16"><span class='ocrx_word' id='word_1_198' title='bbox 2113 1579 2246 1648; x_wconf 75' lang='grc' dir='ltr'><strong>περὶ</strong></span> <span class='ocrx_word' id='word_1_199' title='bbox 2277 1576 2491 1630; x_wconf 85' lang='grc' dir='ltr'><strong>τούτου.</strong></span> <span class='ocrx_word' id='word_1_200' title='bbox 2519 1575 2630 1646; x_wconf 72' lang='grc' dir='ltr'><strong>Πρὸ</strong></span> <span class='ocrx_word' id='word_1_201' title='bbox 2659 1574 2716 1626; x_wconf 80' lang='grc' dir='ltr'><em>δέ</em></span> <span class='ocrx_word' id='word_1_202' title='bbox 2747 1590 2810 1648; x_wconf 78' lang='grc' dir='ltr'><strong>γε</strong></span> <span class='ocrx_word' id='word_1_203' title='bbox 2842 1571 2935 1626; x_wconf 85' lang='grc' dir='ltr'><strong>τοῦ</strong></span> <span class='ocrx_word' id='word_1_204' title='bbox 2980 1572 3286 1642; x_wconf 77' lang='grc' dir='ltr'><strong>χρίσματος</strong></span> <span class='ocrx_word' id='word_1_205' title='bbox 3343 1569 3483 1638; x_wconf 87' lang='grc' dir='ltr'><strong>μετά</strong></span> <span class='ocrx_word' id='word_1_206' title='bbox 3507 1567 3566 1621; x_wconf 80' lang='grc' dir='ltr'><strong>τὸ</strong></span> <span class='ocrx_word' id='word_1_207' title='bbox 3591 1569 3686 1636; x_wconf 75' lang='grc' dir='ltr'><strong>βά-</strong></span> 
     </span>
    </p>
   </div>
   <div class='ocr_carea' id='block_1_33' title="bbox 2115 1659 3684 1738">
    <p class='ocr_par' dir='ltr' id='par_1_33' title="bbox 2115 1659 3684 1738">
     <span class='ocr_line' id='line_1_33' title="bbox 2115 1659 3684 1738; baseline -0.008 -14"><span class='ocrx_word' id='word_1_208' title='bbox 2115 1686 2330 1738; x_wconf 88' lang='grc' dir='ltr'><strong>πτισμα</strong></span> <span class='ocrx_word' id='word_1_209' title='bbox 2361 1670 2388 1721; x_wconf 84' lang='grc' dir='ltr'><strong>ὁ</strong></span> <span class='ocrx_word' id='word_1_210' title='bbox 2413 1667 2725 1738; x_wconf 78' lang='grc' dir='ltr'><strong>ἀρχιερεὺς,</strong></span> <span class='ocrx_word' id='word_1_211' title='bbox 2777 1665 3102 1734; x_wconf 73' lang='grc' dir='ltr'><strong>ἐνδυομένου</strong></span> <span class='ocrx_word' id='word_1_212' title='bbox 3141 1663 3235 1718; x_wconf 83' lang='grc' dir='ltr'><strong>τοῦ</strong></span> <span class='ocrx_word' id='word_1_213' title='bbox 3279 1659 3684 1730; x_wconf 78' lang='grc' dir='ltr'><strong>βαπτιζομένου</strong></span> 
     </span>
    </p>
   </div>
   <div class='ocr_carea' id='block_1_34' title="bbox 442 1747 2041 1834">
    <p class='ocr_par' dir='ltr' id='par_1_34' title="bbox 442 1759 2016 1831">
     <span class='ocr_line' id='line_1_34' title="bbox 442 1759 2016 1831; baseline 0.002 -18"><span class='ocrx_word' id='word_1_214' title='bbox 442 1759 716 1826; x_wconf 80' lang='lat' dir='ltr'><strong>baptizata</strong></span> <span class='ocrx_word' id='word_1_215' title='bbox 742 1769 891 1814; x_wconf 86' lang='lat' dir='ltr'><strong>veste</strong></span> <span class='ocrx_word' id='word_1_216' title='bbox 919 1761 1111 1816; x_wconf 91' lang='lat' dir='ltr'><strong>induto</strong></span> <span class='ocrx_word' id='word_1_217' title='bbox 1130 1777 1250 1831; x_wconf 80' lang='lat' dir='ltr'><strong>quae</strong></span> <span class='ocrx_word' id='word_1_218' title='bbox 1277 1762 1344 1816; x_wconf 89' lang='lat' dir='ltr'><strong>ab</strong></span> <span class='ocrx_word' id='word_1_219' title='bbox 1377 1762 1469 1817; x_wconf 93' lang='lat' dir='ltr'><strong>illo</strong></span> <span class='ocrx_word' id='word_1_220' title='bbox 1502 1762 1874 1827; x_wconf 65' lang='lat' dir='ltr'><strong>benedicitur,</strong></span> <span class='ocrx_word' id='word_1_221' title='bbox 1895 1776 2016 1831; x_wconf 85' lang='lat' dir='ltr'><strong>gra-</strong></span> 
     </span>
    </p>
   </div>
   <div class='ocr_carea' id='block_1_35' title="bbox 2126 1747 3688 1834">
    <p class='ocr_par' dir='ltr' id='par_1_35' title="bbox 2126 1754 3688 1834">
     <span class='ocr_line' id='line_1_35' title="bbox 2126 1754 3688 1834; baseline -0.008 -19"><span class='ocrx_word' id='word_1_222' title='bbox 2126 1762 2337 1834; x_wconf 75' lang='grc' dir='ltr'><strong>χιτῶνα,</strong></span> <span class='ocrx_word' id='word_1_223' title='bbox 2397 1762 2456 1823; x_wconf 81' lang='grc' dir='ltr'><strong>ὃς</strong></span> <span class='ocrx_word' id='word_1_224' title='bbox 2488 1760 2795 1828; x_wconf 74' lang='grc' dir='ltr'><strong>εὐλογεῖται</strong></span> <span class='ocrx_word' id='word_1_225' title='bbox 2852 1757 2984 1828; x_wconf 82' lang='grc' dir='ltr'><strong>παρ’</strong></span> <span class='ocrx_word' id='word_1_226' title='bbox 3014 1758 3202 1819; x_wconf 76' lang='grc' dir='ltr'><strong>αὐτοῦ,</strong></span> <span class='ocrx_word' id='word_1_227' title='bbox 3238 1756 3308 1809; x_wconf 68' lang='grc' dir='ltr'><strong>τὰ</strong></span> <span class='ocrx_word' id='word_1_228' title='bbox 3336 1755 3434 1821; x_wconf 77' lang='grc' dir='ltr'><strong>τῆς</strong></span> <span class='ocrx_word' id='word_1_229' title='bbox 3465 1754 3688 1822; x_wconf 80' lang='grc' dir='ltr'><strong>εὐχαρι·</strong></span> 
     </span>
    </p>
   </div>
   <div class='ocr_carea' id='block_1_36' title="bbox 442 1849 2013 1922">
    <p class='ocr_par' dir='ltr' id='par_1_36' title="bbox 442 1849 2013 1922">
     <span class='ocr_line' id='line_1_36' title="bbox 442 1849 2013 1922; baseline 0.001 -18"><span class='ocrx_word' id='word_1_230' title='bbox 442 1849 550 1905; x_wconf 89' lang='lat' dir='ltr'><strong>tias</strong></span> <span class='ocrx_word' id='word_1_231' title='bbox 583 1850 692 1905; x_wconf 86' lang='lat' dir='ltr'><strong>Deo</strong></span> <span class='ocrx_word' id='word_1_232' title='bbox 723 1851 853 1919; x_wconf 88' lang='lat' dir='ltr'><strong>agit,</strong></span> <span class='ocrx_word' id='word_1_233' title='bbox 887 1851 1122 1908; x_wconf 88' lang='lat' dir='ltr'><strong>laudans</strong></span> <span class='ocrx_word' id='word_1_234' title='bbox 1156 1868 1278 1906; x_wconf 89' lang='lat' dir='ltr'><strong>eum</strong></span> <span class='ocrx_word' id='word_1_235' title='bbox 1307 1854 1372 1908; x_wconf 91' lang='lat' dir='ltr'><strong>de</strong></span> <span class='ocrx_word' id='word_1_236' title='bbox 1403 1855 1579 1908; x_wconf 86' lang='lat' dir='ltr'><strong>salute</strong></span> <span class='ocrx_word' id='word_1_237' title='bbox 1619 1854 1916 1922; x_wconf 78' lang='lat' dir='ltr'><strong>regenerati</strong></span> <span class='ocrx_word' id='word_1_238' title='bbox 1959 1851 2013 1906; x_wconf 91' lang='lat' dir='ltr'><strong>in</strong></span> 
     </span>
    </p>
   </div>
   <div class='ocr_carea' id='block_1_37' title="bbox 440 1943 2018 2014">
    <p class='ocr_par' dir='ltr' id='par_1_37' title="bbox 440 1943 2018 2014">
     <span class='ocr_line' id='line_1_37' title="bbox 440 1943 2018 2014; baseline 0.001 -18"><span class='ocrx_word' id='word_1_239' title='bbox 440 1956 582 2008; x_wconf 76' lang='lat' dir='ltr'><strong>aqua</strong></span> <span class='ocrx_word' id='word_1_240' title='bbox 603 1950 655 1996; x_wconf 89' lang='lat' dir='ltr'><strong>et</strong></span> <span class='ocrx_word' id='word_1_241' title='bbox 687 1943 916 2010; x_wconf 86' lang='lat' dir='ltr'><strong>spiritu;</strong></span> <span class='ocrx_word' id='word_1_242' title='bbox 945 1943 1142 1998; x_wconf 88' lang='lat' dir='ltr'><strong>deinde</strong></span> <span class='ocrx_word' id='word_1_243' title='bbox 1165 1948 1490 2014; x_wconf 85' lang='lat' dir='ltr'><strong>deprecatur</strong></span> <span class='ocrx_word' id='word_1_244' title='bbox 1519 1954 1579 2000; x_wconf 93' lang='lat' dir='ltr'><strong>ut</strong></span> <span class='ocrx_word' id='word_1_245' title='bbox 1608 1945 1698 2000; x_wconf 88' lang='lat' dir='ltr'><strong>ille</strong></span> <span class='ocrx_word' id='word_1_246' title='bbox 1724 1945 2018 2000; x_wconf 88' lang='lat' dir='ltr'><strong>chrismate</strong></span> 
     </span>
    </p>
   </div>
   <div class='ocr_carea' id='block_1_38' title="bbox 443 2034 2018 2104">
    <p class='ocr_par' dir='ltr' id='par_1_38' title="bbox 443 2034 2018 2104">
     <span class='ocr_line' id='line_1_38' title="bbox 443 2034 2018 2104; baseline 0.003 -18"><span class='ocrx_word' id='word_1_247' title='bbox 443 2035 638 2103; x_wconf 62' lang='lat' dir='ltr'><strong>dignus</strong></span> <span class='ocrx_word' id='word_1_248' title='bbox 662 2034 752 2088; x_wconf 80' lang='lat' dir='ltr'><strong>fiat</strong></span> <span class='ocrx_word' id='word_1_249' title='bbox 778 2044 831 2088; x_wconf 86' lang='lat' dir='ltr'><strong>et</strong></span> <span class='ocrx_word' id='word_1_250' title='bbox 856 2050 949 2104; x_wconf 84' lang='lat' dir='ltr'><strong>per</strong></span> <span class='ocrx_word' id='word_1_251' title='bbox 972 2036 1116 2092; x_wconf 86' lang='lat' dir='ltr'><strong>istud</strong></span> <span class='ocrx_word' id='word_1_252' title='bbox 1145 2037 1286 2091; x_wconf 85' lang='lat' dir='ltr'><strong>dono</strong></span> <span class='ocrx_word' id='word_1_253' title='bbox 1312 2053 1374 2092; x_wconf 91' lang='lat' dir='ltr'><strong>ac</strong></span> <span class='ocrx_word' id='word_1_254' title='bbox 1400 2038 1832 2092; x_wconf 88' lang='lat' dir='ltr'><strong>sanctilicatione</strong></span> <span class='ocrx_word' id='word_1_255' title='bbox 1851 2036 2018 2091; x_wconf 68' lang='lat' dir='ltr'><strong>divini</strong></span> 
     </span>
    </p>
   </div>
   <div class='ocr_carea' id='block_1_39' title="bbox 446 2125 2019 2198">
    <p class='ocr_par' dir='ltr' id='par_1_39' title="bbox 446 2125 2019 2198">
     <span class='ocr_line' id='line_1_39' title="bbox 446 2125 2019 2198; baseline 0.002 -20"><span class='ocrx_word' id='word_1_256' title='bbox 446 2125 704 2194; x_wconf 82' lang='lat' dir='ltr'><strong>Spiritus,</strong></span> <span class='ocrx_word' id='word_1_257' title='bbox 737 2143 858 2179; x_wconf 86' lang='lat' dir='ltr'><strong>nam</strong></span> <span class='ocrx_word' id='word_1_258' title='bbox 891 2140 1112 2181; x_wconf 84' lang='lat' dir='ltr'><strong>sanctus</strong></span> <span class='ocrx_word' id='word_1_259' title='bbox 1137 2137 1470 2184; x_wconf 86' lang='lat' dir='ltr'><strong>monstratur</strong></span> <span class='ocrx_word' id='word_1_260' title='bbox 1509 2138 1563 2183; x_wconf 87' lang='lat' dir='ltr'><strong>et</strong></span> <span class='ocrx_word' id='word_1_261' title='bbox 1592 2129 1811 2185; x_wconf 81' lang='lat' dir='ltr'><strong>Christo</strong></span> <span class='ocrx_word' id='word_1_262' title='bbox 1839 2131 2019 2198; x_wconf 79' lang='lat' dir='ltr'><strong>signa-</strong></span> 
     </span>
    </p>
   </div>
   <div class='ocr_carea' id='block_1_40' title="bbox 447 2218 2021 2292">
    <p class='ocr_par' dir='ltr' id='par_1_40' title="bbox 447 2218 2021 2292">
     <span class='ocr_line' id='line_1_40' title="bbox 447 2218 2021 2292; baseline 0.003 -23"><span class='ocrx_word' id='word_1_263' title='bbox 447 2225 556 2281; x_wconf 92' lang='lat' dir='ltr'><strong>tus,</strong></span> <span class='ocrx_word' id='word_1_264' title='bbox 590 2226 641 2270; x_wconf 90' lang='lat' dir='ltr'><strong>et</strong></span> <span class='ocrx_word' id='word_1_265' title='bbox 672 2218 877 2284; x_wconf 84' lang='lat' dir='ltr'><strong>angelis</strong></span> <span class='ocrx_word' id='word_1_266' title='bbox 918 2218 1104 2272; x_wconf 90' lang='lat' dir='ltr'><strong>divino</strong></span> <span class='ocrx_word' id='word_1_267' title='bbox 1142 2229 1416 2287; x_wconf 85' lang='lat' dir='ltr'><strong>unguento</strong></span> <span class='ocrx_word' id='word_1_268' title='bbox 1453 2229 1649 2288; x_wconf 86' lang='lat' dir='ltr'><strong>notus;</strong></span> <span class='ocrx_word' id='word_1_269' title='bbox 1681 2229 1734 2276; x_wconf 90' lang='lat' dir='ltr'><strong>et</strong></span> <span class='ocrx_word' id='word_1_270' title='bbox 1764 2222 1874 2292; x_wconf 82' lang='lat' dir='ltr'><strong>jam</strong></span> <span class='ocrx_word' id='word_1_271' title='bbox 1909 2235 2021 2274; x_wconf 90' lang='lat' dir='ltr'><strong>non</strong></span> 
     </span>
    </p>
   </div>
   <div class='ocr_carea' id='block_1_41' title="bbox 446 2307 2018 2385">
    <p class='ocr_par' dir='ltr' id='par_1_41' title="bbox 446 2307 2018 2385">
     <span class='ocr_line' id='line_1_41' title="bbox 446 2307 2018 2385; baseline 0.003 -27"><span class='ocrx_word' id='word_1_272' title='bbox 446 2307 551 2359; x_wconf 87' lang='lat' dir='ltr'><strong>nisi</strong></span> <span class='ocrx_word' id='word_1_273' title='bbox 595 2322 736 2375; x_wconf 64' lang='grc' dir='ltr'><strong>ωςιό</strong></span> <span class='ocrx_word' id='word_1_274' title='bbox 786 2309 1020 2385; x_wconf 80' lang='lat' dir='ltr'><strong>inimicis</strong></span> <span class='ocrx_word' id='word_1_275' title='bbox 1067 2312 1468 2378; x_wconf 74' lang='lat' dir='ltr'><strong>expugnabilis,</strong></span> <span class='ocrx_word' id='word_1_276' title='bbox 1524 2311 1900 2365; x_wconf 82' lang='lat' dir='ltr'><strong>tantummodo</strong></span> <span class='ocrx_word' id='word_1_277' title='bbox 1947 2311 2018 2364; x_wconf 86' lang='lat' dir='ltr'><strong>sit</strong></span> 
     </span>
    </p>
   </div>
   <div class='ocr_carea' id='block_1_42' title="bbox 445 2396 2022 2472">
    <p class='ocr_par' dir='ltr' id='par_1_42' title="bbox 445 2396 2022 2472">
     <span class='ocr_line' id='line_1_42' title="bbox 445 2396 2022 2472; baseline 0.002 -22"><span class='ocrx_word' id='word_1_278' title='bbox 445 2397 709 2466; x_wconf 73' lang='lat' dir='ltr'><strong>vigilans;</strong></span> <span class='ocrx_word' id='word_1_279' title='bbox 744 2396 948 2468; x_wconf 74' lang='lat' dir='ltr'><strong>ﬂagitat</strong></span> <span class='ocrx_word' id='word_1_280' title='bbox 976 2414 1188 2468; x_wconf 84' lang='lat' dir='ltr'><strong>queque</strong></span> <span class='ocrx_word' id='word_1_281' title='bbox 1223 2409 1282 2454; x_wconf 88' lang='lat' dir='ltr'><strong>ut</strong></span> <span class='ocrx_word' id='word_1_282' title='bbox 1318 2402 1409 2455; x_wconf 90' lang='lat' dir='ltr'><strong>ille</strong></span> <span class='ocrx_word' id='word_1_283' title='bbox 1443 2403 1824 2472; x_wconf 79' lang='lat' dir='ltr'><strong>mysteriorum</strong></span> <span class='ocrx_word' id='word_1_284' title='bbox 1872 2415 2022 2455; x_wconf 90' lang='lat' dir='ltr'><strong>com-</strong></span> 
     </span>
    </p>
   </div>
   <div class='ocr_carea' id='block_1_43' title="bbox 447 2489 2026 2564">
    <p class='ocr_par' dir='ltr' id='par_1_43' title="bbox 447 2489 2026 2564">
     <span class='ocr_line' id='line_1_43' title="bbox 447 2489 2026 2564; baseline 0.004 -23"><span class='ocrx_word' id='word_1_285' title='bbox 447 2489 885 2547; x_wconf 73' lang='lat' dir='ltr'><strong>muniCationem.</strong></span> <span class='ocrx_word' id='word_1_286' title='bbox 912 2503 1303 2562; x_wconf 83' lang='lat' dir='ltr'><strong>consequatur,</strong></span> <span class='ocrx_word' id='word_1_287' title='bbox 1354 2509 1529 2564; x_wconf 89' lang='lat' dir='ltr'><strong>neque</strong></span> <span class='ocrx_word' id='word_1_288' title='bbox 1561 2495 1613 2547; x_wconf 90' lang='lat' dir='ltr'><strong>iu</strong></span> <span class='ocrx_word' id='word_1_289' title='bbox 1647 2503 1920 2563; x_wconf 90' lang='lat' dir='ltr'><strong>posterum</strong></span> <span class='ocrx_word' id='word_1_290' title='bbox 1953 2495 2026 2548; x_wconf 85' lang='lat' dir='ltr'><strong>sit</strong></span> 
     </span>
    </p>
   </div>
   <div class='ocr_carea' id='block_1_44' title="bbox 449 2585 1441 2656">
    <p class='ocr_par' dir='ltr' id='par_1_44' title="bbox 449 2585 1441 2656">
     <span class='ocr_line' id='line_1_44' title="bbox 449 2585 1441 2656; baseline 0 -16"><span class='ocrx_word' id='word_1_291' title='bbox 449 2587 594 2642; x_wconf 82' lang='lat' dir='ltr'><strong>illius</strong></span> <span class='ocrx_word' id='word_1_292' title='bbox 622 2586 822 2652; x_wconf 78' lang='lat' dir='ltr'><strong>carnis,</strong></span> <span class='ocrx_word' id='word_1_293' title='bbox 853 2585 948 2642; x_wconf 88' lang='lat' dir='ltr'><strong>sed</strong></span> <span class='ocrx_word' id='word_1_294' title='bbox 975 2585 1118 2641; x_wconf 87' lang='lat' dir='ltr'><strong>liiius</strong></span> <span class='ocrx_word' id='word_1_295' title='bbox 1147 2585 1294 2656; x_wconf 79' lang='lat' dir='ltr'><strong>regni</strong></span> <span class='ocrx_word' id='word_1_296' title='bbox 1324 2586 1441 2641; x_wconf 92' lang='lat' dir='ltr'><strong>Dei.</strong></span> 
     </span>
    </p>
   </div>
   <div class='ocr_carea' id='block_1_45' title="bbox 997 2876 1474 2935">
    <p class='ocr_par' dir='ltr' id='par_1_45' title="bbox 997 2876 1474 2935">
     <span class='ocr_line' id='line_1_45' title="bbox 997 2876 1474 2935; baseline -0.004 -1"><span class='ocrx_word' id='word_1_297' title='bbox 997 2877 1226 2935; x_wconf 78' lang='lat' dir='ltr'><strong>CAPUT</strong></span> <span class='ocrx_word' id='word_1_298' title='bbox 1263 2876 1474 2934; x_wconf 69' lang='lat' dir='ltr'><strong>LXVII.</strong></span> 
     </span>
    </p>
   </div>
   <div class='ocr_carea' id='block_1_46' title="bbox 452 2994 2026 3069">
    <p class='ocr_par' dir='ltr' id='par_1_46' title="bbox 452 2994 2026 3069">
     <span class='ocr_line' id='line_1_46' title="bbox 452 2994 2026 3069; baseline -0.004 -15"><span class='ocrx_word' id='word_1_299' title='bbox 452 3003 625 3069; x_wconf 82' lang='lat' dir='ltr'><strong>Quare</strong></span> <span class='ocrx_word' id='word_1_300' title='bbox 655 2997 959 3069; x_wconf 75' lang='lat' dir='ltr'><strong>baptizandi</strong></span> <span class='ocrx_word' id='word_1_301' title='bbox 998 2996 1326 3069; x_wconf 56' lang='lat' dir='ltr'><strong>tondentur,</strong></span> <span class='ocrx_word' id='word_1_302' title='bbox 1360 2997 1758 3069; x_wconf 75' lang='lat' dir='ltr'><strong>induunturque</strong></span> <span class='ocrx_word' id='word_1_303' title='bbox 1813 2994 2026 3048; x_wconf 78' lang='lat' dir='ltr'><strong>cucullo</strong></span> 
     </span>
    </p>
   </div>
   <div class='ocr_carea' id='block_1_47' title="bbox 925 3066 1525 3120">
    <p class='ocr_par' dir='ltr' id='par_1_47' title="bbox 925 3066 1525 3120">
     <span class='ocr_line' id='line_1_47' title="bbox 925 3066 1525 3120; baseline -0.003 0"><span class='ocrx_word' id='word_1_304' title='bbox 925 3078 970 3120; x_wconf 79' lang='lat' dir='ltr'><strong>et</strong></span> <span class='ocrx_word' id='word_1_305' title='bbox 1005 3068 1262 3120; x_wconf 80' lang='lat' dir='ltr'><strong>ltumerali</strong></span> <span class='ocrx_word' id='word_1_306' title='bbox 1282 3066 1525 3120; x_wconf 80' lang='lat' dir='ltr'><strong>sindone.</strong></span> 
     </span>
    </p>
   </div>
   <div class='ocr_carea' id='block_1_48' title="bbox 525 3220 2030 3290">
    <p class='ocr_par' dir='ltr' id='par_1_48' title="bbox 525 3220 2030 3290">
     <span class='ocr_line' id='line_1_48' title="bbox 525 3220 2030 3290; baseline -0.007 -6"><span class='ocrx_word' id='word_1_307' title='bbox 525 3229 652 3283; x_wconf 78' lang='lat' dir='ltr'><strong>Post</strong></span> <span class='ocrx_word' id='word_1_308' title='bbox 700 3225 1031 3288; x_wconf 88' lang='lat' dir='ltr'><strong>unctionem,</strong></span> <span class='ocrx_word' id='word_1_309' title='bbox 1079 3221 1483 3275; x_wconf 79' lang='lat' dir='ltr'><strong>sanctissimum</strong></span> <span class='ocrx_word' id='word_1_310' title='bbox 1534 3220 1741 3274; x_wconf 85' lang='lat' dir='ltr'><strong>scilicet</strong></span> <span class='ocrx_word' id='word_1_311' title='bbox 1790 3233 2030 3290; x_wconf 88' lang='lat' dir='ltr'><strong>unguen-</strong></span> 
     </span>
    </p>
   </div>
   <div class='ocr_carea' id='block_1_49' title="bbox 453 3311 2027 3391">
    <p class='ocr_par' dir='ltr' id='par_1_49' title="bbox 453 3311 2027 3391">
     <span class='ocr_line' id='line_1_49' title="bbox 453 3311 2027 3391; baseline -0.007 -16"><span class='ocrx_word' id='word_1_312' title='bbox 453 3330 568 3376; x_wconf 90' lang='lat' dir='ltr'><strong>tum</strong></span> <span class='ocrx_word' id='word_1_313' title='bbox 592 3361 607 3384; x_wconf 93' lang='lat'><strong>,</strong></span> <span class='ocrx_word' id='word_1_314' title='bbox 643 3320 828 3373; x_wconf 84' lang='lat' dir='ltr'><strong>tondet</strong></span> <span class='ocrx_word' id='word_1_315' title='bbox 861 3315 1091 3383; x_wconf 82' lang='lat' dir='ltr'><strong>capillos</strong></span> <span class='ocrx_word' id='word_1_316' title='bbox 1121 3311 1313 3380; x_wconf 82' lang='lat' dir='ltr'><strong>capitis</strong></span> <span class='ocrx_word' id='word_1_317' title='bbox 1342 3311 1461 3379; x_wconf 85' lang='lat' dir='ltr'><strong>cjus</strong></span> <span class='ocrx_word' id='word_1_318' title='bbox 1489 3313 1541 3365; x_wconf 90' lang='lat' dir='ltr'><strong>in</strong></span> <span class='ocrx_word' id='word_1_319' title='bbox 1574 3313 1795 3391; x_wconf 78' lang='lat' dir='ltr'><strong>modum</strong></span> <span class='ocrx_word' id='word_1_320' title='bbox 1829 3311 2027 3377; x_wconf 88' lang='lat' dir='ltr'><strong>crucis,</strong></span> 
     </span>
    </p>
   </div>
   <div class='ocr_carea' id='block_1_50' title="bbox 455 3389 2032 3478">
    <p class='ocr_par' dir='ltr' id='par_1_50' title="bbox 455 3389 2032 3478">
     <span class='ocr_line' id='line_1_50' title="bbox 455 3389 2032 3478; baseline -0.006 -12"><span class='ocrx_word' id='word_1_321' title='bbox 455 3424 565 3467; x_wconf 90' lang='lat' dir='ltr'><strong>tum</strong></span> <span class='ocrx_word' id='word_1_322' title='bbox 623 3389 841 3478; x_wconf 83' lang='lat' dir='ltr'><strong>quidem</strong></span> <span class='ocrx_word' id='word_1_323' title='bbox 890 3409 1146 3477; x_wconf 87' lang='lat' dir='ltr'><strong>quoniam</strong></span> <span class='ocrx_word' id='word_1_324' title='bbox 1205 3417 1370 3476; x_wconf 87' lang='lat' dir='ltr'><strong>caput</strong></span> <span class='ocrx_word' id='word_1_325' title='bbox 1423 3389 1582 3458; x_wconf 84' lang='lat' dir='ltr'><strong>habet</strong></span> <span class='ocrx_word' id='word_1_326' title='bbox 1630 3405 1931 3463; x_wconf 74' lang='lat' dir='ltr'><strong>Christum.</strong></span> <span class='ocrx_word' id='word_1_327' title='bbox 1978 3413 2032 3456; x_wconf 90' lang='lat' dir='ltr'><strong>ct</strong></span> 
     </span>
    </p>
   </div>
   <div class='ocr_carea' id='block_1_51' title="bbox 455 3496 2029 3571">
    <p class='ocr_par' dir='ltr' id='par_1_51' title="bbox 455 3496 2029 3571">
     <span class='ocr_line' id='line_1_51' title="bbox 455 3496 2029 3571; baseline -0.006 -14"><span class='ocrx_word' id='word_1_328' title='bbox 455 3505 657 3558; x_wconf 87' lang='lat' dir='ltr'><strong>nudato</strong></span> <span class='ocrx_word' id='word_1_329' title='bbox 693 3502 867 3571; x_wconf 89' lang='lat' dir='ltr'><strong>capite</strong></span> <span class='ocrx_word' id='word_1_330' title='bbox 902 3501 1060 3554; x_wconf 89' lang='lat' dir='ltr'><strong>debet</strong></span> <span class='ocrx_word' id='word_1_331' title='bbox 1109 3515 1290 3561; x_wconf 89' lang='lat' dir='ltr'><strong>orare,</strong></span> <span class='ocrx_word' id='word_1_332' title='bbox 1339 3509 1396 3553; x_wconf 89' lang='lat' dir='ltr'><strong>ut</strong></span> <span class='ocrx_word' id='word_1_333' title='bbox 1441 3499 1599 3552; x_wconf 87' lang='lat' dir='ltr'><strong>docet</strong></span> <span class='ocrx_word' id='word_1_334' title='bbox 1647 3496 1883 3561; x_wconf 82' lang='lat' dir='ltr'><strong>Paulus;</strong></span> <span class='ocrx_word' id='word_1_335' title='bbox 1918 3509 2029 3548; x_wconf 90' lang='lat' dir='ltr'><strong>tum</strong></span> 
     </span>
    </p>
   </div>
   <div class='ocr_carea' id='block_1_52' title="bbox 455 3585 2027 3664">
    <p class='ocr_par' dir='ltr' id='par_1_52' title="bbox 455 3585 2027 3664">
     <span class='ocr_line' id='line_1_52' title="bbox 455 3585 2027 3664; baseline -0.007 -16"><span class='ocrx_word' id='word_1_336' title='bbox 455 3611 585 3648; x_wconf 84' lang='lat' dir='ltr'><strong>vero</strong></span> <span class='ocrx_word' id='word_1_337' title='bbox 616 3595 868 3664; x_wconf 83' lang='lat' dir='ltr'><strong>quoniam</strong></span> <span class='ocrx_word' id='word_1_338' title='bbox 904 3593 955 3645; x_wconf 90' lang='lat' dir='ltr'><strong>in</strong></span> <span class='ocrx_word' id='word_1_339' title='bbox 994 3593 1093 3646; x_wconf 86' lang='lat' dir='ltr'><strong>hac</strong></span> <span class='ocrx_word' id='word_1_340' title='bbox 1122 3599 1346 3644; x_wconf 86' lang='lat' dir='ltr'><strong>tonsura</strong></span> <span class='ocrx_word' id='word_1_341' title='bbox 1383 3588 1654 3659; x_wconf 83' lang='lat' dir='ltr'><strong>quoddam</strong></span> <span class='ocrx_word' id='word_1_342' title='bbox 1688 3585 2027 3656; x_wconf 82' lang='lat' dir='ltr'><strong>signaculum</strong></span> 
     </span>
    </p>
   </div>
   <div class='ocr_carea' id='block_1_53' title="bbox 456 3681 2031 3749">
    <p class='ocr_par' dir='ltr' id='par_1_53' title="bbox 456 3681 2031 3749">
     <span class='ocr_line' id='line_1_53' title="bbox 456 3681 2031 3749; baseline -0.008 -9"><span class='ocrx_word' id='word_1_343' title='bbox 456 3686 628 3749; x_wconf 80' lang='lat' dir='ltr'><strong>facit;</strong></span> <span class='ocrx_word' id='word_1_344' title='bbox 663 3701 782 3738; x_wconf 89' lang='lat' dir='ltr'><strong>nam</strong></span> <span class='ocrx_word' id='word_1_345' title='bbox 816 3684 869 3736; x_wconf 91' lang='lat' dir='ltr'><strong>in</strong></span> <span class='ocrx_word' id='word_1_346' title='bbox 901 3684 1116 3736; x_wconf 88' lang='lat' dir='ltr'><strong>modum</strong></span> <span class='ocrx_word' id='word_1_347' title='bbox 1145 3683 1326 3736; x_wconf 89' lang='lat' dir='ltr'><strong>crucis</strong></span> <span class='ocrx_word' id='word_1_348' title='bbox 1357 3695 1479 3734; x_wconf 85' lang='lat' dir='ltr'><strong>cum</strong></span> <span class='ocrx_word' id='word_1_349' title='bbox 1509 3681 1716 3744; x_wconf 87' lang='lat' dir='ltr'><strong>tondet,</strong></span> <span class='ocrx_word' id='word_1_350' title='bbox 1755 3687 1812 3729; x_wconf 90' lang='lat' dir='ltr'><strong>ut</strong></span> <span class='ocrx_word' id='word_1_351' title='bbox 1845 3692 2031 3730; x_wconf 77' lang='lat' dir='ltr'><strong>omnes</strong></span> 
     </span>
    </p>
   </div>
   <div class='ocr_carea' id='block_1_54' title="bbox 456 3769 2031 3846">
    <p class='ocr_par' dir='ltr' id='par_1_54' title="bbox 456 3769 2031 3846">
     <span class='ocr_line' id='line_1_54' title="bbox 456 3769 2031 3846; baseline -0.006 -14"><span class='ocrx_word' id='word_1_352' title='bbox 456 3777 758 3846; x_wconf 82' lang='lat' dir='ltr'><strong>superﬂuas</strong></span> <span class='ocrx_word' id='word_1_353' title='bbox 785 3775 1141 3844; x_wconf 81' lang='lat' dir='ltr'><strong>cogitationes</strong></span> <span class='ocrx_word' id='word_1_354' title='bbox 1161 3775 1363 3842; x_wconf 86' lang='lat' dir='ltr'><strong>ejiciat.</strong></span> <span class='ocrx_word' id='word_1_355' title='bbox 1388 3773 1753 3838; x_wconf 87' lang='lat' dir='ltr'><strong>Quamobrem</strong></span> <span class='ocrx_word' id='word_1_356' title='bbox 1781 3769 2031 3824; x_wconf 82' lang='lat' dir='ltr'><strong>monachi</strong></span> 
     </span>
    </p>
   </div>
   <div class='ocr_carea' id='block_1_55' title="bbox 457 3859 2033 3932">
    <p class='ocr_par' dir='ltr' id='par_1_55' title="bbox 457 3859 2033 3932">
     <span class='ocr_line' id='line_1_55' title="bbox 457 3859 2033 3932; baseline -0.006 -10"><span class='ocrx_word' id='word_1_357' title='bbox 457 3859 620 3922; x_wconf 65' lang='lat' dir='ltr'><strong>etiam</strong></span> <span class='ocrx_word' id='word_1_358' title='bbox 660 3867 977 3920; x_wconf 87' lang='lat' dir='ltr'><strong>tondentur.</strong></span> <span class='ocrx_word' id='word_1_359' title='bbox 1013 3866 1078 3919; x_wconf 85' lang='lat' dir='ltr'><strong>Et</strong></span> <span class='ocrx_word' id='word_1_360' title='bbox 1117 3865 1292 3919; x_wconf 89' lang='lat' dir='ltr'><strong>omnis</strong></span> <span class='ocrx_word' id='word_1_361' title='bbox 1329 3864 1500 3918; x_wconf 84' lang='lat' dir='ltr'><strong>ﬁdelis</strong></span> <span class='ocrx_word' id='word_1_362' title='bbox 1544 3862 1814 3932; x_wconf 87' lang='lat' dir='ltr'><strong>superﬂua</strong></span> <span class='ocrx_word' id='word_1_363' title='bbox 1862 3876 2033 3930; x_wconf 83' lang='lat' dir='ltr'><strong>neque</strong></span> 
     </span>
    </p>
   </div>
   <div class='ocr_carea' id='block_1_56' title="bbox 459 3957 2087 4027">
    <p class='ocr_par' dir='ltr' id='par_1_56' title="bbox 459 3957 2087 4027">
     <span class='ocr_line' id='line_1_56' title="bbox 459 3957 2087 4027; baseline -0.002 -15"><span class='ocrx_word' id='word_1_364' title='bbox 459 3960 648 4012; x_wconf 79' lang='lat' dir='ltr'><strong>usibus</strong></span> <span class='ocrx_word' id='word_1_365' title='bbox 684 3959 803 4012; x_wconf 75' lang='lat' dir='ltr'><strong>vita:</strong></span> <span class='ocrx_word' id='word_1_366' title='bbox 834 3958 1143 4011; x_wconf 77' lang='lat' dir='ltr'><strong>necessaria</strong></span> <span class='ocrx_word' id='word_1_367' title='bbox 1173 3957 1335 4011; x_wconf 87' lang='lat' dir='ltr'><strong>debet</strong></span> <span class='ocrx_word' id='word_1_368' title='bbox 1360 3959 1681 4027; x_wconf 81' lang='lat' dir='ltr'><strong>aspernari;</strong></span> <span class='ocrx_word' id='word_1_369' title='bbox 1719 3959 1938 4024; x_wconf 88' lang='lat' dir='ltr'><strong>insuper</strong></span> <span class='ocrx_word' id='word_1_370' title='bbox 1977 3964 2034 4009; x_wconf 92' lang='lat' dir='ltr'><strong>ut</strong></span> <span class='ocrx_word' id='word_1_371' title='bbox 2081 3976 2087 3982; x_wconf 90' lang='grc'>·</span> 
     </span>
    </p>
   </div>
   <div class='ocr_carea' id='block_1_57' title="bbox 460 4049 2034 4120">
    <p class='ocr_par' dir='ltr' id='par_1_57' title="bbox 460 4049 2034 4120">
     <span class='ocr_line' id='line_1_57' title="bbox 460 4049 2034 4120; baseline -0.002 -16"><span class='ocrx_word' id='word_1_372' title='bbox 460 4053 714 4120; x_wconf 79' lang='lat' dir='ltr'><strong>primitia:</strong></span> <span class='ocrx_word' id='word_1_373' title='bbox 744 4059 797 4104; x_wconf 90' lang='lat' dir='ltr'><strong>et</strong></span> <span class='ocrx_word' id='word_1_374' title='bbox 826 4050 1153 4104; x_wconf 82' lang='lat' dir='ltr'><strong>sacriﬁcium</strong></span> <span class='ocrx_word' id='word_1_375' title='bbox 1183 4051 1405 4103; x_wconf 87' lang='lat' dir='ltr'><strong>humani</strong></span> <span class='ocrx_word' id='word_1_376' title='bbox 1435 4052 1676 4118; x_wconf 86' lang='lat' dir='ltr'><strong>corporis</strong></span> <span class='ocrx_word' id='word_1_377' title='bbox 1705 4069 1732 4101; x_wconf 71' lang='grc' dir='ltr'><strong>ει</strong></span> <span class='ocrx_word' id='word_1_378' title='bbox 1767 4049 2034 4117; x_wconf 84' lang='lat' dir='ltr'><strong>baptizato</strong></span> 
     </span>
    </p>
   </div>
   <div class='ocr_carea' id='block_1_58' title="bbox 459 4140 2034 4208">
    <p class='ocr_par' dir='ltr' id='par_1_58' title="bbox 459 4140 2034 4208">
     <span class='ocr_line' id='line_1_58' title="bbox 459 4140 2034 4208; baseline -0.003 -10"><span class='ocrx_word' id='word_1_379' title='bbox 459 4143 635 4198; x_wconf 81' lang='lat' dir='ltr'><strong>crines</strong></span> <span class='ocrx_word' id='word_1_380' title='bbox 670 4142 889 4196; x_wconf 76' lang='lat' dir='ltr'><strong>Christo</strong></span> <span class='ocrx_word' id='word_1_381' title='bbox 930 4140 1256 4208; x_wconf 88' lang='lat' dir='ltr'><strong>oﬂeruutur,</strong></span> <span class='ocrx_word' id='word_1_382' title='bbox 1307 4151 1433 4195; x_wconf 87' lang='lat' dir='ltr'><strong>sunt</strong></span> <span class='ocrx_word' id='word_1_383' title='bbox 1477 4143 1621 4196; x_wconf 89' lang='lat' dir='ltr'><strong>enim</strong></span> <span class='ocrx_word' id='word_1_384' title='bbox 1668 4143 1814 4196; x_wconf 79' lang='lat' dir='ltr'><strong>velut</strong></span> <span class='ocrx_word' id='word_1_385' title='bbox 1866 4141 2034 4194; x_wconf 90' lang='lat' dir='ltr'><strong>totius</strong></span> 
     </span>
    </p>
   </div>
   <div class='ocr_carea' id='block_1_59' title="bbox 460 4229 2035 4302">
    <p class='ocr_par' dir='ltr' id='par_1_59' title="bbox 460 4229 2035 4302">
     <span class='ocr_line' id='line_1_59' title="bbox 460 4229 2035 4302; baseline -0.002 -14"><span class='ocrx_word' id='word_1_386' title='bbox 460 4234 705 4302; x_wconf 86' lang='lat' dir='ltr'><strong>corporis</strong></span> <span class='ocrx_word' id='word_1_387' title='bbox 735 4232 1125 4287; x_wconf 80' lang='lat' dir='ltr'><strong>suﬂimentum.</strong></span> <span class='ocrx_word' id='word_1_388' title='bbox 1162 4229 1289 4285; x_wconf 84' lang='lat' dir='ltr'><strong>ideo</strong></span> <span class='ocrx_word' id='word_1_389' title='bbox 1335 4233 1456 4285; x_wconf 88' lang='lat' dir='ltr'><strong>illos</strong></span> <span class='ocrx_word' id='word_1_390' title='bbox 1489 4247 1652 4286; x_wconf 88' lang='lat' dir='ltr'><strong>manu</strong></span> <span class='ocrx_word' id='word_1_391' title='bbox 1688 4243 1901 4294; x_wconf 85' lang='lat' dir='ltr'><strong>tenens,</strong></span> <span class='ocrx_word' id='word_1_392' title='bbox 1939 4246 2035 4285; x_wconf 84' lang='lat' dir='ltr'><strong>ne-</strong></span> 
     </span>
    </p>
   </div>
   <div class='ocr_carea' id='block_1_60' title="bbox 461 4325 2034 4399">
    <p class='ocr_par' dir='ltr' id='par_1_60' title="bbox 461 4325 2034 4399">
     <span class='ocr_line' id='line_1_60' title="bbox 461 4325 2034 4399; baseline -0.003 -17"><span class='ocrx_word' id='word_1_393' title='bbox 461 4345 731 4399; x_wconf 89' lang='lat' dir='ltr'><strong>quaquam</strong></span> <span class='ocrx_word' id='word_1_394' title='bbox 783 4328 873 4381; x_wconf 88' lang='lat' dir='ltr'><strong>ubi</strong></span> <span class='ocrx_word' id='word_1_395' title='bbox 938 4325 1043 4379; x_wconf 82' lang='lat' dir='ltr'><strong>fert</strong></span> <span class='ocrx_word' id='word_1_396' title='bbox 1107 4341 1270 4380; x_wconf 88' lang='lat' dir='ltr'><strong>casus</strong></span> <span class='ocrx_word' id='word_1_397' title='bbox 1339 4326 1578 4395; x_wconf 83' lang='lat' dir='ltr'><strong>projicit,</strong></span> <span class='ocrx_word' id='word_1_398' title='bbox 1639 4327 1732 4380; x_wconf 87' lang='lat' dir='ltr'><strong>sed</strong></span> <span class='ocrx_word' id='word_1_399' title='bbox 1804 4327 1857 4379; x_wconf 91' lang='lat' dir='ltr'><strong>in</strong></span> <span class='ocrx_word' id='word_1_400' title='bbox 1916 4325 2034 4379; x_wconf 89' lang='lat' dir='ltr'><strong>loco</strong></span> 
     </span>
    </p>
   </div>
   <div class='ocr_carea' id='block_1_61' title="bbox 2054 3087 2100 3150">
    <p class='ocr_par' dir='ltr' id='par_1_61' title="bbox 2054 3087 2100 3150">
     <span class='ocr_line' id='line_1_61' title="bbox 2054 3087 2100 3150; baseline 0 0"><span class='ocrx_word' id='word_1_401' title='bbox 2054 3087 2100 3150; x_wconf 89' lang='lat' dir='ltr'><strong>C</strong></span> 
     </span>
    </p>
   </div>
   <div class='ocr_carea' id='block_1_62' title="bbox 2120 1846 3688 1923">
    <p class='ocr_par' dir='ltr' id='par_1_62' title="bbox 2120 1846 3688 1923">
     <span class='ocr_line' id='line_1_62' title="bbox 2120 1846 3688 1923; baseline -0.003 -19"><span class='ocrx_word' id='word_1_402' title='bbox 2120 1853 2273 1915; x_wconf 88' lang='grc' dir='ltr'><strong>στίας</strong></span> <span class='ocrx_word' id='word_1_403' title='bbox 2299 1851 2438 1923; x_wconf 73' lang='grc' dir='ltr'><strong>πρὸς</strong></span> <span class='ocrx_word' id='word_1_404' title='bbox 2461 1851 2597 1904; x_wconf 80' lang='grc' dir='ltr'><strong>Θεδν</strong></span> <span class='ocrx_word' id='word_1_405' title='bbox 2621 1850 2904 1920; x_wconf 78' lang='grc' dir='ltr'><strong>ἀναφέρει,</strong></span> <span class='ocrx_word' id='word_1_406' title='bbox 2951 1849 3205 1919; x_wconf 83' lang='grc' dir='ltr'><strong>ἀνυμνῶν</strong></span> <span class='ocrx_word' id='word_1_407' title='bbox 3235 1847 3395 1901; x_wconf 77' lang='grc' dir='ltr'><strong>αὑτὸν</strong></span> <span class='ocrx_word' id='word_1_408' title='bbox 3423 1846 3562 1915; x_wconf 80' lang='grc' dir='ltr'><strong>ὑπὲρ</strong></span> <span class='ocrx_word' id='word_1_409' title='bbox 3586 1846 3688 1914; x_wconf 78' lang='grc' dir='ltr'><strong>τῆς</strong></span> 
     </span>
    </p>
   </div>
   <div class='ocr_carea' id='block_1_63' title="bbox 2120 1936 3687 2015">
    <p class='ocr_par' dir='ltr' id='par_1_63' title="bbox 2120 1936 3687 2015">
     <span class='ocr_line' id='line_1_63' title="bbox 2120 1936 3687 2015; baseline -0.006 -17"><span class='ocrx_word' id='word_1_410' title='bbox 2120 1945 2396 2015; x_wconf 73' lang='grc' dir='ltr'><strong>σωτηρίας</strong></span> <span class='ocrx_word' id='word_1_411' title='bbox 2463 1943 2555 1996; x_wconf 87' lang='grc' dir='ltr'><strong>τοῦ</strong></span> <span class='ocrx_word' id='word_1_412' title='bbox 2607 1942 3064 2011; x_wconf 81' lang='grc' dir='ltr'><strong>ἀναγεννηθὲντος</strong></span> <span class='ocrx_word' id='word_1_413' title='bbox 3127 1939 3204 2010; x_wconf 84' lang='grc' dir='ltr'><strong>τῷ</strong></span> <span class='ocrx_word' id='word_1_414' title='bbox 3262 1938 3414 1991; x_wconf 77' lang='grc' dir='ltr'><strong>ὕδατι</strong></span> <span class='ocrx_word' id='word_1_415' title='bbox 3475 1939 3568 1990; x_wconf 72' lang='grc' dir='ltr'><strong>καὶ</strong></span> <span class='ocrx_word' id='word_1_416' title='bbox 3607 1936 3687 2005; x_wconf 85' lang='grc' dir='ltr'><strong>τῷ</strong></span> 
     </span>
    </p>
   </div>
   <div class='ocr_carea' id='block_1_64' title="bbox 2120 2027 3690 2106">
    <p class='ocr_par' dir='ltr' id='par_1_64' title="bbox 2120 2027 3690 2106">
     <span class='ocr_line' id='line_1_64' title="bbox 2120 2027 3690 2106; baseline -0.008 -14"><span class='ocrx_word' id='word_1_417' title='bbox 2120 2038 2418 2106; x_wconf 79' lang='grc' dir='ltr'><strong>Πνεύματι.</strong></span> <span class='ocrx_word' id='word_1_418' title='bbox 2442 2031 2573 2089; x_wconf 77' lang='grc' dir='ltr'><strong>Εἶτα</strong></span> <span class='ocrx_word' id='word_1_419' title='bbox 2603 2034 2699 2088; x_wconf 79' lang='grc' dir='ltr'><strong>καὶ</strong></span> <span class='ocrx_word' id='word_1_420' title='bbox 2723 2034 2815 2086; x_wconf 88' lang='grc' dir='ltr'><strong>τοῦ</strong></span> <span class='ocrx_word' id='word_1_421' title='bbox 2846 2034 3144 2103; x_wconf 75' lang='grc' dir='ltr'><strong>χρίσματος</strong></span> <span class='ocrx_word' id='word_1_422' title='bbox 3175 2029 3472 2098; x_wconf 69' lang='grc' dir='ltr'><strong>ἀξιωθῆναι</strong></span> <span class='ocrx_word' id='word_1_423' title='bbox 3499 2027 3690 2082; x_wconf 66' lang='grc' dir='ltr'><strong>ὲκδυσυ</strong></span> 
     </span>
    </p>
   </div>
   <div class='ocr_carea' id='block_1_65' title="bbox 2119 2118 3690 2194">
    <p class='ocr_par' dir='ltr' id='par_1_65' title="bbox 2119 2118 3690 2194">
     <span class='ocr_line' id='line_1_65' title="bbox 2119 2118 3690 2194; baseline -0.006 -15"><span class='ocrx_word' id='word_1_424' title='bbox 2119 2129 2274 2191; x_wconf 86' lang='grc' dir='ltr'><strong>ωπεῖ,</strong></span> <span class='ocrx_word' id='word_1_425' title='bbox 2307 2127 2397 2178; x_wconf 71' lang='grc' dir='ltr'><strong>καὶ</strong></span> <span class='ocrx_word' id='word_1_426' title='bbox 2425 2127 2524 2193; x_wconf 77' lang='grc' dir='ltr'><strong>τῆς</strong></span> <span class='ocrx_word' id='word_1_427' title='bbox 2550 2124 2757 2194; x_wconf 81' lang='grc' dir='ltr'><strong>δωρεᾶς</strong></span> <span class='ocrx_word' id='word_1_428' title='bbox 2799 2122 2867 2174; x_wconf 79' lang='grc' dir='ltr'><strong>δι’</strong></span> <span class='ocrx_word' id='word_1_429' title='bbox 2898 2120 3066 2176; x_wconf 82' lang='grc' dir='ltr'><strong>αὑτοῦ</strong></span> <span class='ocrx_word' id='word_1_430' title='bbox 3094 2121 3188 2174; x_wconf 71' lang='grc' dir='ltr'><strong>καὶ</strong></span> <span class='ocrx_word' id='word_1_431' title='bbox 3228 2121 3329 2190; x_wconf 84' lang='grc' dir='ltr'><strong>τῆς</strong></span> <span class='ocrx_word' id='word_1_432' title='bbox 3378 2118 3690 2187; x_wconf 80' lang='grc' dir='ltr'><strong>ἁγιωσύνης</strong></span> 
     </span>
    </p>
   </div>
   <div class='ocr_carea' id='block_1_66' title="bbox 2118 2209 3692 2282">
    <p class='ocr_par' dir='ltr' id='par_1_66' title="bbox 2118 2209 3692 2282">
     <span class='ocr_line' id='line_1_66' title="bbox 2118 2209 3692 2282; baseline -0.006 -15"><span class='ocrx_word' id='word_1_433' title='bbox 2118 2214 2212 2268; x_wconf 82' lang='grc' dir='ltr'><strong>τοῦ</strong></span> <span class='ocrx_word' id='word_1_434' title='bbox 2241 2215 2386 2266; x_wconf 81' lang='grc' dir='ltr'><strong>θείου</strong></span> <span class='ocrx_word' id='word_1_435' title='bbox 2422 2213 2755 2282; x_wconf 81' lang='grc' dir='ltr'><strong>Πνεύματος.</strong></span> <span class='ocrx_word' id='word_1_436' title='bbox 2813 2211 3002 2280; x_wconf 71' lang='grc' dir='ltr'><strong>’Ἃγος</strong></span> <span class='ocrx_word' id='word_1_437' title='bbox 3028 2212 3137 2279; x_wconf 74' lang='grc' dir='ltr'><strong>γὰρ</strong></span> <span class='ocrx_word' id='word_1_438' title='bbox 3190 2209 3562 2263; x_wconf 81' lang='grc' dir='ltr'><strong>ἀναδείκνυται</strong></span> <span class='ocrx_word' id='word_1_439' title='bbox 3594 2209 3692 2258; x_wconf 65' lang='grc' dir='ltr'><strong>καὶ</strong></span> 
     </span>
    </p>
   </div>
   <div class='ocr_carea' id='block_1_67' title="bbox 2123 2304 3694 2379">
    <p class='ocr_par' dir='ltr' id='par_1_67' title="bbox 2123 2304 3694 2379">
     <span class='ocr_line' id='line_1_67' title="bbox 2123 2304 3694 2379; baseline -0.003 -19"><span class='ocrx_word' id='word_1_440' title='bbox 2123 2310 2564 2379; x_wconf 75' lang='grc' dir='ltr'><strong>ἐσφραγισμένος</strong></span> <span class='ocrx_word' id='word_1_441' title='bbox 2591 2307 2831 2378; x_wconf 79' lang='grc' dir='ltr'><strong>Χριστῷ,</strong></span> <span class='ocrx_word' id='word_1_442' title='bbox 2865 2306 2962 2360; x_wconf 77' lang='grc' dir='ltr'><strong>καὶ</strong></span> <span class='ocrx_word' id='word_1_443' title='bbox 3011 2304 3349 2374; x_wconf 83' lang='grc' dir='ltr'><strong>ὲπιγνωστὸς</strong></span> <span class='ocrx_word' id='word_1_444' title='bbox 3380 2306 3494 2366; x_wconf 83' lang='grc' dir='ltr'><strong>τοῖς</strong></span> <span class='ocrx_word' id='word_1_445' title='bbox 3521 2305 3694 2370; x_wconf 79' lang='grc' dir='ltr'><strong>ἀγγέ-</strong></span> 
     </span>
    </p>
   </div>
   <div class='ocr_carea' id='block_1_68' title="bbox 2124 2395 3690 2471">
    <p class='ocr_par' dir='ltr' id='par_1_68' title="bbox 2124 2395 3690 2471">
     <span class='ocr_line' id='line_1_68' title="bbox 2124 2395 3690 2471; baseline -0.003 -20"><span class='ocrx_word' id='word_1_446' title='bbox 2124 2400 2236 2463; x_wconf 87' lang='grc' dir='ltr'><strong>λοις</strong></span> <span class='ocrx_word' id='word_1_447' title='bbox 2262 2401 2340 2469; x_wconf 82' lang='grc' dir='ltr'><strong>τῷ</strong></span> <span class='ocrx_word' id='word_1_448' title='bbox 2368 2401 2497 2471; x_wconf 88' lang='grc' dir='ltr'><strong>θείῳ</strong></span> <span class='ocrx_word' id='word_1_449' title='bbox 2531 2400 2712 2470; x_wconf 86' lang='grc' dir='ltr'><strong>μύρῳ,</strong></span> <span class='ocrx_word' id='word_1_450' title='bbox 2746 2401 2838 2453; x_wconf 75' lang='grc' dir='ltr'><strong>καὶ</strong></span> <span class='ocrx_word' id='word_1_451' title='bbox 2864 2401 2977 2463; x_wconf 87' lang='grc' dir='ltr'><strong>τοῖς</strong></span> <span class='ocrx_word' id='word_1_452' title='bbox 3016 2398 3230 2469; x_wconf 78' lang='grc' dir='ltr'><strong>ἐχθροῖς</strong></span> <span class='ocrx_word' id='word_1_453' title='bbox 3265 2397 3365 2466; x_wconf 82' lang='grc' dir='ltr'><strong>οὐχ</strong></span> <span class='ocrx_word' id='word_1_454' title='bbox 3392 2395 3690 2463; x_wconf 83' lang='grc' dir='ltr'><strong>ἁλώσιμος,</strong></span> 
     </span>
    </p>
   </div>
   <div class='ocr_carea' id='block_1_69' title="bbox 2125 2487 3693 2563">
    <p class='ocr_par' dir='ltr' id='par_1_69' title="bbox 2125 2487 3693 2563">
     <span class='ocr_line' id='line_1_69' title="bbox 2125 2487 3693 2563; baseline -0.004 -19"><span class='ocrx_word' id='word_1_455' title='bbox 2125 2493 2172 2544; x_wconf 81' lang='grc' dir='ltr'><strong>εί</strong></span> <span class='ocrx_word' id='word_1_456' title='bbox 2215 2493 2375 2562; x_wconf 88' lang='grc' dir='ltr'><strong>μόνον</strong></span> <span class='ocrx_word' id='word_1_457' title='bbox 2402 2492 2690 2563; x_wconf 82' lang='grc' dir='ltr'><strong>γρηγορῶν</strong></span> <span class='ocrx_word' id='word_1_458' title='bbox 2711 2494 2819 2561; x_wconf 74' lang='grc' dir='ltr'><strong>εἴη.</strong></span> <span class='ocrx_word' id='word_1_459' title='bbox 2857 2491 2966 2545; x_wconf 71' lang='grc' dir='ltr'><strong>Καὶ</strong></span> <span class='ocrx_word' id='word_1_460' title='bbox 2988 2493 3085 2560; x_wconf 78' lang='grc' dir='ltr'><strong>τῆς</strong></span> <span class='ocrx_word' id='word_1_461' title='bbox 3113 2491 3399 2552; x_wconf 86' lang='grc' dir='ltr'><strong>κοινωνίας</strong></span> <span class='ocrx_word' id='word_1_462' title='bbox 3424 2489 3480 2541; x_wconf 85' lang='grc' dir='ltr'><strong>δὲ</strong></span> <span class='ocrx_word' id='word_1_463' title='bbox 3505 2487 3693 2540; x_wconf 73' lang='grc' dir='ltr'><strong>τοῦτον</strong></span> 
     </span>
    </p>
   </div>
   <div class='ocr_carea' id='block_1_70' title="bbox 2087 2579 3694 2655">
    <p class='ocr_par' dir='ltr' id='par_1_70' title="bbox 2087 2579 3694 2655">
     <span class='ocr_line' id='line_1_70' title="bbox 2087 2579 3694 2655; baseline -0.006 -17"><span class='ocrx_word' id='word_1_464' title='bbox 2087 2605 2091 2608; x_wconf 94' lang='grc'><strong>·</strong></span> <span class='ocrx_word' id='word_1_465' title='bbox 2126 2585 2235 2638; x_wconf 83' lang='grc' dir='ltr'><strong>τῶν</strong></span> <span class='ocrx_word' id='word_1_466' title='bbox 2261 2585 2574 2655; x_wconf 78' lang='grc' dir='ltr'><strong>μυστηρίων</strong></span> <span class='ocrx_word' id='word_1_467' title='bbox 2603 2579 2881 2654; x_wconf 81' lang='grc' dir='ltr'><strong>ἐπιτυχεῖν</strong></span> <span class='ocrx_word' id='word_1_468' title='bbox 2910 2584 3204 2649; x_wconf 78' lang='grc' dir='ltr'><strong>ὲξαιτείται</strong></span> <span class='ocrx_word' id='word_1_469' title='bbox 3229 2621 3244 2646; x_wconf 91' lang='grc'><strong>,</strong></span> <span class='ocrx_word' id='word_1_470' title='bbox 3285 2582 3376 2635; x_wconf 73' lang='grc' dir='ltr'><strong>καὶ</strong></span> <span class='ocrx_word' id='word_1_471' title='bbox 3401 2579 3473 2647; x_wconf 82' lang='grc' dir='ltr'><strong>μὴ</strong></span> <span class='ocrx_word' id='word_1_472' title='bbox 3507 2579 3694 2632; x_wconf 58' lang='grc' dir='ltr'><strong>τέκνον</strong></span> 
     </span>
    </p>
   </div>
   <div class='ocr_carea' id='block_1_71' title="bbox 2130 2670 3694 2746">
    <p class='ocr_par' dir='ltr' id='par_1_71' title="bbox 2130 2670 3694 2746">
     <span class='ocr_line' id='line_1_71' title="bbox 2130 2670 3694 2746; baseline -0.004 -18"><span class='ocrx_word' id='word_1_473' title='bbox 2130 2676 2210 2728; x_wconf 76' lang='grc' dir='ltr'><strong>ἔτι</strong></span> <span class='ocrx_word' id='word_1_474' title='bbox 2251 2676 2498 2746; x_wconf 81' lang='grc' dir='ltr'><strong>σώματος</strong></span> <span class='ocrx_word' id='word_1_475' title='bbox 2526 2673 2690 2741; x_wconf 76' lang='grc' dir='ltr'><strong>εἶναι,</strong></span> <span class='ocrx_word' id='word_1_476' title='bbox 2724 2676 2859 2730; x_wconf 80' lang='grc' dir='ltr'><strong>ἀλλὰ</strong></span> <span class='ocrx_word' id='word_1_477' title='bbox 2895 2675 3084 2730; x_wconf 84' lang='grc' dir='ltr'><strong>τέκνον</strong></span> <span class='ocrx_word' id='word_1_478' title='bbox 3117 2676 3212 2744; x_wconf 81' lang='grc' dir='ltr'><strong>τῆς</strong></span> <span class='ocrx_word' id='word_1_479' title='bbox 3255 2672 3349 2727; x_wconf 88' lang='grc' dir='ltr'><strong>τοῦ</strong></span> <span class='ocrx_word' id='word_1_480' title='bbox 3373 2671 3508 2725; x_wconf 90' lang='grc' dir='ltr'><strong>Θεοῦ</strong></span> <span class='ocrx_word' id='word_1_481' title='bbox 3543 2670 3694 2740; x_wconf 75' lang='grc' dir='ltr'><strong>βασιο</strong></span> 
     </span>
    </p>
   </div>
   <div class='ocr_carea' id='block_1_72' title="bbox 2131 2765 2304 2819">
    <p class='ocr_par' dir='ltr' id='par_1_72' title="bbox 2131 2765 2304 2819">
     <span class='ocr_line' id='line_1_72' title="bbox 2131 2765 2304 2819; baseline 0.017 -3"><span class='ocrx_word' id='word_1_482' title='bbox 2131 2765 2248 2818; x_wconf 86' lang='grc' dir='ltr'><strong>λεία</strong></span> <span class='ocrx_word' id='word_1_483' title='bbox 2259 2783 2304 2819; x_wconf 72' lang='grc' dir='ltr'><strong>ς.</strong></span> 
     </span>
    </p>
   </div>
   <div class='ocr_carea' id='block_1_73' title="bbox 2732 2869 3126 2934">
    <p class='ocr_par' dir='ltr' id='par_1_73' title="bbox 2732 2869 3126 2934">
     <span class='ocr_line' id='line_1_73' title="bbox 2732 2869 3126 2934; baseline 0.01 -4"><span class='ocrx_word' id='word_1_484' title='bbox 2732 2869 2980 2932; x_wconf 66' lang='grc' dir='ltr'><strong>ΚἘΦΑΛ.</strong></span> <span class='ocrx_word' id='word_1_485' title='bbox 3009 2879 3126 2934; x_wconf 86' lang='grc' dir='ltr'><strong>ΞΖ’.</strong></span> 
     </span>
    </p>
   </div>
   <div class='ocr_carea' id='block_1_74' title="bbox 2133 2993 3701 3073">
    <p class='ocr_par' dir='ltr' id='par_1_74' title="bbox 2133 2993 3701 3073">
     <span class='ocr_line' id='line_1_74' title="bbox 2133 2993 3701 3073; baseline 0.008 -27"><span class='ocrx_word' id='word_1_486' title='bbox 2133 2994 2298 3073; x_wconf 50' lang='lat' dir='ltr'><strong>Arati</strong></span> <span class='ocrx_word' id='word_1_487' title='bbox 2329 2993 2590 3073; x_wconf 48' lang='lat' dir='ltr'><strong>dispulit!</strong></span> <span class='ocrx_word' id='word_1_488' title='bbox 2638 2996 2707 3048; x_wconf 81' lang='grc' dir='ltr'><strong>ἐν</strong></span> <span class='ocrx_word' id='word_1_489' title='bbox 2754 2997 2878 3073; x_wconf 66' lang='grc' dir='ltr'><strong>τρῖς</strong></span> <span class='ocrx_word' id='word_1_490' title='bbox 2907 2996 3369 3073; x_wconf 70' lang='grc' dir='ltr'><strong>βαπτιζρμὲνοις</strong></span> <span class='ocrx_word' id='word_1_491' title='bbox 3423 3007 3701 3073; x_wconf 68' lang='grc' dir='ltr'><strong>τελεῖται,</strong></span> 
     </span>
    </p>
   </div>
   <div class='ocr_carea' id='block_1_75' title="bbox 2203 3065 3700 3189">
    <p class='ocr_par' dir='ltr' id='par_1_75' title="bbox 2203 3065 3700 3189">
     <span class='ocr_line' id='line_1_75' title="bbox 2203 3065 3700 3189; baseline 0.008 -72"><span class='ocrx_word' id='word_1_492' title='bbox 2331 3066 2396 3117; x_wconf 82' lang='grc' dir='ltr'><strong>τὸ</strong></span> <span class='ocrx_word' id='word_1_493' title='bbox 2427 3065 2654 3133; x_wconf 73' lang='grc' dir='ltr'><strong>ἔνδυμα</strong></span> <span class='ocrx_word' id='word_1_494' title='bbox 2700 3067 2804 3120; x_wconf 85' lang='grc' dir='ltr'><strong>τοῦ</strong></span> <span class='ocrx_word' id='word_1_495' title='bbox 2841 3069 3210 3122; x_wconf 74' lang='grc' dir='ltr'><strong>κουκουλίου</strong></span> <span class='ocrx_word' id='word_1_496' title='bbox 3249 3065 3359 3124; x_wconf 69' lang='grc' dir='ltr'><strong>καί</strong></span> <span class='ocrx_word' id='word_1_497' title='bbox 3399 3075 3504 3129; x_wconf 80' lang='grc' dir='ltr'><strong>τοῦ</strong></span> <span class='ocrx_word' id='word_1_498' title='bbox 3551 3065 3700 3129; x_wconf 65' lang='lat' dir='ltr'><strong>dmi</strong></span> 
     </span>
     <span class='ocr_line' id='line_1_76' title="bbox 2272 3153 2409 3188; baseline 0 0"><span class='ocrx_word' id='word_1_499' title='bbox 2272 3175 2292 3188; x_wconf 70' lang='lat'><strong>..</strong></span> <span class='ocrx_word' id='word_1_500' title='bbox 2315 3153 2409 3188; x_wconf 88' lang='grc' dir='ltr'><strong>ου.</strong></span> 
     </span>
    </p>
   </div>
   <div class='ocr_carea' id='block_1_76' title="bbox 2272 3153 2409 3188">
    <p class='ocr_par' dir='ltr' id='par_1_76' title="bbox 2272 3153 2409 3188">
     <span class='ocr_line' id='line_1_77' title="bbox 2272 3153 2409 3188; baseline 0 0"><span class='ocrx_word' id='word_1_501' title='bbox 2272 3153 2409 3188; x_wconf 80' lang='grc' dir='ltr'><strong>.ιου.</strong></span> 
     </span>
    </p>
   </div>
   <div class='ocr_carea' id='block_1_77' title="bbox 2191 3226 3704 3307">
    <p class='ocr_par' dir='ltr' id='par_1_77' title="bbox 2191 3226 3704 3307">
     <span class='ocr_line' id='line_1_78' title="bbox 2191 3226 3704 3307; baseline 0.005 -25"><span class='ocrx_word' id='word_1_502' title='bbox 2191 3229 2356 3282; x_wconf 82' lang='grc' dir='ltr'><strong>Μετά</strong></span> <span class='ocrx_word' id='word_1_503' title='bbox 2381 3228 2441 3280; x_wconf 75' lang='grc' dir='ltr'><strong>τὸ</strong></span> <span class='ocrx_word' id='word_1_504' title='bbox 2469 3226 2694 3298; x_wconf 80' lang='grc' dir='ltr'><strong>χρίσμα,</strong></span> <span class='ocrx_word' id='word_1_505' title='bbox 2721 3227 2781 3281; x_wconf 74' lang='grc' dir='ltr'><strong>τὸ</strong></span> <span class='ocrx_word' id='word_1_506' title='bbox 2821 3229 3088 3298; x_wconf 77' lang='grc' dir='ltr'><strong>πανάγιόν</strong></span> <span class='ocrx_word' id='word_1_507' title='bbox 3121 3249 3264 3300; x_wconf 82' lang='grc' dir='ltr'><strong>φημι</strong></span> <span class='ocrx_word' id='word_1_508' title='bbox 3304 3236 3495 3305; x_wconf 79' lang='grc' dir='ltr'><strong>μύρον,</strong></span> <span class='ocrx_word' id='word_1_509' title='bbox 3526 3238 3704 3307; x_wconf 81' lang='grc' dir='ltr'><strong>κείρει</strong></span> 
     </span>
    </p>
   </div>
   <div class='ocr_carea' id='block_1_78' title="bbox 2131 3318 3705 3397">
    <p class='ocr_par' dir='ltr' id='par_1_78' title="bbox 2131 3318 3705 3397">
     <span class='ocr_line' id='line_1_79' title="bbox 2131 3318 3705 3397; baseline -0.008 -16"><span class='ocrx_word' id='word_1_510' title='bbox 2131 3319 2228 3380; x_wconf 80' lang='grc' dir='ltr'><strong>τὰς</strong></span> <span class='ocrx_word' id='word_1_511' title='bbox 2265 3320 2363 3386; x_wconf 81' lang='grc' dir='ltr'><strong>τῆς</strong></span> <span class='ocrx_word' id='word_1_512' title='bbox 2407 3318 2650 3387; x_wconf 77' lang='grc' dir='ltr'><strong>κεφαλῆς</strong></span> <span class='ocrx_word' id='word_1_513' title='bbox 2699 3319 2865 3372; x_wconf 78' lang='grc' dir='ltr'><strong>αὑτοῦ</strong></span> <span class='ocrx_word' id='word_1_514' title='bbox 2920 3323 3281 3392; x_wconf 83' lang='grc' dir='ltr'><strong>σταυροειδώς</strong></span> <span class='ocrx_word' id='word_1_515' title='bbox 3328 3326 3541 3396; x_wconf 69' lang='grc' dir='ltr'><strong>τρίχας,</strong></span> <span class='ocrx_word' id='word_1_516' title='bbox 3585 3329 3705 3397; x_wconf 75' lang='grc' dir='ltr'><strong>ἅμα</strong></span> 
     </span>
    </p>
   </div>
   <div class='ocr_carea' id='block_1_79' title="bbox 2135 3411 3710 3484">
    <p class='ocr_par' dir='ltr' id='par_1_79' title="bbox 2135 3411 3710 3484">
     <span class='ocr_line' id='line_1_80' title="bbox 2135 3411 3710 3484; baseline 0.007 -22"><span class='ocrx_word' id='word_1_517' title='bbox 2135 3414 2233 3480; x_wconf 81' lang='grc' dir='ltr'><strong>μὲν</strong></span> <span class='ocrx_word' id='word_1_518' title='bbox 2262 3412 2357 3463; x_wconf 74' lang='grc' dir='ltr'><strong>καὶ</strong></span> <span class='ocrx_word' id='word_1_519' title='bbox 2381 3411 2470 3463; x_wconf 71' lang='grc' dir='ltr'><strong>διὰ</strong></span> <span class='ocrx_word' id='word_1_520' title='bbox 2499 3411 2558 3462; x_wconf 53' lang='grc' dir='ltr'><strong>τί)</strong></span> <span class='ocrx_word' id='word_1_521' title='bbox 2581 3411 2822 3482; x_wconf 77' lang='grc' dir='ltr'><strong>κεφαλὴν</strong></span> <span class='ocrx_word' id='word_1_522' title='bbox 2849 3412 2993 3482; x_wconf 74' lang='grc' dir='ltr'><strong>ἔχειν</strong></span> <span class='ocrx_word' id='word_1_523' title='bbox 3025 3413 3117 3466; x_wconf 82' lang='grc' dir='ltr'><strong>τὸν</strong></span> <span class='ocrx_word' id='word_1_524' title='bbox 3153 3416 3412 3484; x_wconf 62' lang='grc' dir='ltr'><strong>Χριστδν,</strong></span> <span class='ocrx_word' id='word_1_525' title='bbox 3445 3419 3538 3471; x_wconf 70' lang='grc' dir='ltr'><strong>καὶ</strong></span> <span class='ocrx_word' id='word_1_526' title='bbox 3566 3421 3674 3473; x_wconf 84' lang='grc' dir='ltr'><strong>ἀπε</strong></span> <span class='ocrx_word' id='word_1_527' title='bbox 3694 3449 3710 3460; x_wconf 82' lang='lat'><strong>-</strong></span> 
     </span>
    </p>
   </div>
   <div class='ocr_carea' id='block_1_80' title="bbox 2136 3502 3707 3575">
    <p class='ocr_par' dir='ltr' id='par_1_80' title="bbox 2136 3502 3707 3575">
     <span class='ocr_line' id='line_1_81' title="bbox 2136 3502 3707 3575; baseline 0.006 -22"><span class='ocrx_word' id='word_1_528' title='bbox 2136 3502 2481 3571; x_wconf 80' lang='grc' dir='ltr'><strong>ρικαλύπτως</strong></span> <span class='ocrx_word' id='word_1_529' title='bbox 2510 3502 2744 3570; x_wconf 75' lang='grc' dir='ltr'><strong>ὀφείλειν</strong></span> <span class='ocrx_word' id='word_1_530' title='bbox 2771 3504 3190 3573; x_wconf 75' lang='grc' dir='ltr'><strong>προσεύχεσθαι,</strong></span> <span class='ocrx_word' id='word_1_531' title='bbox 3220 3508 3294 3570; x_wconf 79' lang='grc' dir='ltr'><strong>ὡς</strong></span> <span class='ocrx_word' id='word_1_532' title='bbox 3320 3513 3459 3562; x_wconf 84' lang='grc' dir='ltr'><strong>καὶὸ</strong></span> <span class='ocrx_word' id='word_1_533' title='bbox 3495 3511 3707 3575; x_wconf 81' lang='grc' dir='ltr'><strong>Παῦλος</strong></span> 
     </span>
    </p>
   </div>
   <div class='ocr_carea' id='block_1_81' title="bbox 2132 3591 3706 3664">
    <p class='ocr_par' dir='ltr' id='par_1_81' title="bbox 2132 3591 3706 3664">
     <span class='ocr_line' id='line_1_82' title="bbox 2132 3591 3706 3664; baseline 0.009 -23"><span class='ocrx_word' id='word_1_534' title='bbox 2132 3591 2392 3654; x_wconf 72' lang='grc' dir='ltr'><strong>διδάσκει,</strong></span> <span class='ocrx_word' id='word_1_535' title='bbox 2428 3591 2544 3660; x_wconf 76' lang='grc' dir='ltr'><strong>ἅμα</strong></span> <span class='ocrx_word' id='word_1_536' title='bbox 2575 3591 2630 3644; x_wconf 85' lang='grc' dir='ltr'><strong>δὲ</strong></span> <span class='ocrx_word' id='word_1_537' title='bbox 2655 3592 2750 3644; x_wconf 74' lang='grc' dir='ltr'><strong>καὶ</strong></span> <span class='ocrx_word' id='word_1_538' title='bbox 2773 3593 2846 3655; x_wconf 82' lang='grc' dir='ltr'><strong>ὡς</strong></span> <span class='ocrx_word' id='word_1_539' title='bbox 2873 3595 3146 3663; x_wconf 69' lang='grc' dir='ltr'><strong>σφραγῖδὰ</strong></span> <span class='ocrx_word' id='word_1_540' title='bbox 3173 3614 3291 3648; x_wconf 86' lang='grc' dir='ltr'><strong>τινα</strong></span> <span class='ocrx_word' id='word_1_541' title='bbox 3321 3599 3475 3652; x_wconf 78' lang='grc' dir='ltr'><strong>τοῦτο</strong></span> <span class='ocrx_word' id='word_1_542' title='bbox 3506 3602 3706 3664; x_wconf 84' lang='grc' dir='ltr'><strong>ποιῶν,</strong></span> 
     </span>
    </p>
   </div>
   <div class='ocr_carea' id='block_1_82' title="bbox 2133 3681 3710 3761">
    <p class='ocr_par' dir='ltr' id='par_1_82' title="bbox 2133 3681 3710 3761">
     <span class='ocr_line' id='line_1_83' title="bbox 2133 3681 3710 3761; baseline 0.008 -28"><span class='ocrx_word' id='word_1_543' title='bbox 2133 3681 2233 3751; x_wconf 81' lang='grc' dir='ltr'><strong>τὴν</strong></span> <span class='ocrx_word' id='word_1_544' title='bbox 2260 3682 2484 3751; x_wconf 83' lang='grc' dir='ltr'><strong>κουρὰν,</strong></span> <span class='ocrx_word' id='word_1_545' title='bbox 2512 3684 2634 3736; x_wconf 70' lang='grc' dir='ltr'><strong>ἐπεὶ</strong></span> <span class='ocrx_word' id='word_1_546' title='bbox 2665 3685 2763 3738; x_wconf 81' lang='grc' dir='ltr'><strong>καὶ</strong></span> <span class='ocrx_word' id='word_1_547' title='bbox 2783 3685 3144 3755; x_wconf 81' lang='grc' dir='ltr'><strong>σταυροειδῶς</strong></span> <span class='ocrx_word' id='word_1_548' title='bbox 3171 3688 3361 3740; x_wconf 88' lang='grc' dir='ltr'><strong>τοῦτον</strong></span> <span class='ocrx_word' id='word_1_549' title='bbox 3385 3693 3575 3761; x_wconf 76' lang='grc' dir='ltr'><strong>κείρει,</strong></span> <span class='ocrx_word' id='word_1_550' title='bbox 3621 3693 3710 3746; x_wconf 70' lang='grc' dir='ltr'><strong>ἵνα</strong></span> 
     </span>
    </p>
   </div>
   <div class='ocr_carea' id='block_1_83' title="bbox 2134 3772 3710 3850">
    <p class='ocr_par' dir='ltr' id='par_1_83' title="bbox 2134 3772 3710 3850">
     <span class='ocr_line' id='line_1_84' title="bbox 2134 3772 3710 3850; baseline 0.007 -27"><span class='ocrx_word' id='word_1_551' title='bbox 2134 3773 2226 3824; x_wconf 77' lang='grc' dir='ltr'><strong>καὶ</strong></span> <span class='ocrx_word' id='word_1_552' title='bbox 2263 3772 2370 3823; x_wconf 82' lang='grc' dir='ltr'><strong>πᾶν</strong></span> <span class='ocrx_word' id='word_1_553' title='bbox 2423 3772 2676 3842; x_wconf 83' lang='grc' dir='ltr'><strong>περιττὸν</strong></span> <span class='ocrx_word' id='word_1_554' title='bbox 2731 3773 2840 3826; x_wconf 84' lang='grc' dir='ltr'><strong>τῶν</strong></span> <span class='ocrx_word' id='word_1_555' title='bbox 2879 3775 3098 3827; x_wconf 79' lang='grc' dir='ltr'><strong>ἐννοιῶν</strong></span> <span class='ocrx_word' id='word_1_556' title='bbox 3129 3776 3466 3850; x_wconf 76' lang='grc' dir='ltr'><strong>ἀπορῥίπτῃ.</strong></span> <span class='ocrx_word' id='word_1_557' title='bbox 3519 3789 3610 3833; x_wconf 74' lang='grc' dir='ltr'><strong>Διὸ</strong></span> <span class='ocrx_word' id='word_1_558' title='bbox 3640 3783 3710 3850; x_wconf 81' lang='grc' dir='ltr'><strong>δὴ</strong></span> 
     </span>
    </p>
   </div>
   <div class='ocr_carea' id='block_1_84' title="bbox 2139 3863 3710 3935">
    <p class='ocr_par' dir='ltr' id='par_1_84' title="bbox 2139 3863 3710 3935">
     <span class='ocr_line' id='line_1_85' title="bbox 2139 3863 3710 3935; baseline 0.009 -21"><span class='ocrx_word' id='word_1_559' title='bbox 2139 3863 2228 3915; x_wconf 76' lang='grc' dir='ltr'><strong>καὶ</strong></span> <span class='ocrx_word' id='word_1_560' title='bbox 2258 3864 2306 3915; x_wconf 83' lang='lat' dir='ltr'><strong>oi</strong></span> <span class='ocrx_word' id='word_1_561' title='bbox 2361 3866 2588 3933; x_wconf 72' lang='grc' dir='ltr'><strong>μοναχοὶ</strong></span> <span class='ocrx_word' id='word_1_562' title='bbox 2629 3864 3036 3935; x_wconf 85' lang='grc' dir='ltr'><strong>ἀποκείρονται.</strong></span> <span class='ocrx_word' id='word_1_563' title='bbox 3103 3869 3211 3920; x_wconf 79' lang='grc' dir='ltr'><strong>Καὶ</strong></span> <span class='ocrx_word' id='word_1_564' title='bbox 3260 3873 3367 3934; x_wconf 83' lang='grc' dir='ltr'><strong>πᾶς</strong></span> <span class='ocrx_word' id='word_1_565' title='bbox 3416 3874 3606 3934; x_wconf 71' lang='grc' dir='ltr'><strong>πιστὸς</strong></span> <span class='ocrx_word' id='word_1_566' title='bbox 3635 3877 3710 3927; x_wconf 80' lang='grc' dir='ltr'><strong>τὰ</strong></span> 
     </span>
    </p>
   </div>
   <div class='ocr_carea' id='block_1_85' title="bbox 2137 3952 3711 4030">
    <p class='ocr_par' dir='ltr' id='par_1_85' title="bbox 2137 3952 3711 4030">
     <span class='ocr_line' id='line_1_86' title="bbox 2137 3952 3711 4030; baseline 0.007 -26"><span class='ocrx_word' id='word_1_567' title='bbox 2137 3952 2369 4023; x_wconf 86' lang='grc' dir='ltr'><strong>περιττά</strong></span> <span class='ocrx_word' id='word_1_568' title='bbox 2399 3955 2493 4005; x_wconf 75' lang='grc' dir='ltr'><strong>καὶ</strong></span> <span class='ocrx_word' id='word_1_569' title='bbox 2549 3952 2626 4023; x_wconf 86' lang='grc' dir='ltr'><strong>μὴ</strong></span> <span class='ocrx_word' id='word_1_570' title='bbox 2653 3953 2912 4007; x_wconf 81' lang='grc' dir='ltr'><strong>τοσοῦτον</strong></span> <span class='ocrx_word' id='word_1_571' title='bbox 2968 3957 3049 4018; x_wconf 86' lang='grc' dir='ltr'><strong>είς</strong></span> <span class='ocrx_word' id='word_1_572' title='bbox 3080 3959 3278 4026; x_wconf 79' lang='grc' dir='ltr'><strong>χρῆσιν</strong></span> <span class='ocrx_word' id='word_1_573' title='bbox 3317 3966 3711 4030; x_wconf 69' lang='grc' dir='ltr'><strong>παραιτεῖσθαι</strong></span> 
     </span>
    </p>
   </div>
   <div class='ocr_carea' id='block_1_86' title="bbox 2135 4045 3711 4119">
    <p class='ocr_par' dir='ltr' id='par_1_86' title="bbox 2135 4045 3711 4119">
     <span class='ocr_line' id='line_1_87' title="bbox 2135 4045 3711 4119; baseline 0.008 -23"><span class='ocrx_word' id='word_1_574' title='bbox 2135 4045 2361 4112; x_wconf 70' lang='grc' dir='ltr'><strong>ὀφείλει.</strong></span> <span class='ocrx_word' id='word_1_575' title='bbox 2401 4045 2521 4097; x_wconf 85' lang='grc' dir='ltr'><strong>Ἔτι</strong></span> <span class='ocrx_word' id='word_1_576' title='bbox 2549 4045 2604 4097; x_wconf 86' lang='grc' dir='ltr'><strong>δὲ</strong></span> <span class='ocrx_word' id='word_1_577' title='bbox 2637 4046 2731 4097; x_wconf 71' lang='grc' dir='ltr'><strong>καὶ</strong></span> <span class='ocrx_word' id='word_1_578' title='bbox 2765 4047 2840 4109; x_wconf 81' lang='grc' dir='ltr'><strong>ὡς</strong></span> <span class='ocrx_word' id='word_1_579' title='bbox 2869 4047 3092 4119; x_wconf 81' lang='grc' dir='ltr'><strong>ἀπαρχὴ</strong></span> <span class='ocrx_word' id='word_1_580' title='bbox 3143 4051 3239 4103; x_wconf 74' lang='grc' dir='ltr'><strong>καὶ</strong></span> <span class='ocrx_word' id='word_1_581' title='bbox 3269 4052 3431 4106; x_wconf 81' lang='grc' dir='ltr'><strong>θυσία</strong></span> <span class='ocrx_word' id='word_1_582' title='bbox 3485 4055 3578 4108; x_wconf 88' lang='grc' dir='ltr'><strong>τοῦ</strong></span> <span class='ocrx_word' id='word_1_583' title='bbox 3613 4058 3711 4110; x_wconf 82' lang='grc' dir='ltr'><strong>ἀν-</strong></span> 
     </span>
    </p>
   </div>
   <div class='ocr_carea' id='block_1_87' title="bbox 2138 4133 3712 4216">
    <p class='ocr_par' dir='ltr' id='par_1_87' title="bbox 2138 4133 3712 4216">
     <span class='ocr_line' id='line_1_88' title="bbox 2138 4133 3712 4216; baseline 0.008 -31"><span class='ocrx_word' id='word_1_584' title='bbox 2138 4136 2408 4204; x_wconf 81' lang='grc' dir='ltr'><strong>θρωπείου</strong></span> <span class='ocrx_word' id='word_1_585' title='bbox 2439 4133 2688 4204; x_wconf 80' lang='grc' dir='ltr'><strong>σώματος</strong></span> <span class='ocrx_word' id='word_1_586' title='bbox 2725 4136 2832 4189; x_wconf 86' lang='grc' dir='ltr'><strong>ἀπὸ</strong></span> <span class='ocrx_word' id='word_1_587' title='bbox 2867 4136 2962 4188; x_wconf 85' lang='grc' dir='ltr'><strong>τοῦ</strong></span> <span class='ocrx_word' id='word_1_588' title='bbox 2993 4139 3386 4208; x_wconf 80' lang='grc' dir='ltr'><strong>βαπτισθέντος</strong></span> <span class='ocrx_word' id='word_1_589' title='bbox 3432 4146 3489 4198; x_wconf 79' lang='grc' dir='ltr'><strong>αἱ</strong></span> <span class='ocrx_word' id='word_1_590' title='bbox 3525 4147 3712 4216; x_wconf 83' lang='grc' dir='ltr'><strong>τρίχες</strong></span> 
     </span>
    </p>
   </div>
   <div class='ocr_carea' id='block_1_88' title="bbox 2136 4227 3708 4303">
    <p class='ocr_par' dir='ltr' id='par_1_88' title="bbox 2136 4227 3708 4303">
     <span class='ocr_line' id='line_1_89' title="bbox 2136 4227 3708 4303; baseline 0.007 -24"><span class='ocrx_word' id='word_1_591' title='bbox 2136 4227 2355 4297; x_wconf 76' lang='grc' dir='ltr'><strong>Χριστῷ</strong></span> <span class='ocrx_word' id='word_1_592' title='bbox 2414 4230 2844 4298; x_wconf 65' lang='grc' dir='ltr'><strong>προσφέρονται.</strong></span> <span class='ocrx_word' id='word_1_593' title='bbox 2888 4229 2994 4283; x_wconf 83' lang='grc' dir='ltr'><strong>Τοῦ</strong></span> <span class='ocrx_word' id='word_1_594' title='bbox 3031 4233 3138 4303; x_wconf 76' lang='grc' dir='ltr'><strong>γὰρ</strong></span> <span class='ocrx_word' id='word_1_595' title='bbox 3161 4234 3282 4287; x_wconf 85' lang='grc' dir='ltr'><strong>ὅλου</strong></span> <span class='ocrx_word' id='word_1_596' title='bbox 3338 4237 3590 4303; x_wconf 79' lang='grc' dir='ltr'><strong>σώματος</strong></span> <span class='ocrx_word' id='word_1_597' title='bbox 3633 4239 3708 4301; x_wconf 82' lang='grc' dir='ltr'><strong>ὡς</strong></span> 
     </span>
    </p>
   </div>
   <div class='ocr_carea' id='block_1_89' title="bbox 2137 4321 3711 4395">
    <p class='ocr_par' dir='ltr' id='par_1_89' title="bbox 2137 4321 3711 4395">
     <span class='ocr_line' id='line_1_90' title="bbox 2137 4321 3711 4395; baseline 0.006 -23"><span class='ocrx_word' id='word_1_598' title='bbox 2137 4321 2502 4390; x_wconf 86' lang='grc' dir='ltr'><strong>ἀναθυμίασίς</strong></span> <span class='ocrx_word' id='word_1_599' title='bbox 2526 4322 2653 4375; x_wconf 87' lang='grc' dir='ltr'><strong>εἰσι.</strong></span> <span class='ocrx_word' id='word_1_600' title='bbox 2690 4324 2780 4376; x_wconf 81' lang='grc' dir='ltr'><strong>Διὸ</strong></span> <span class='ocrx_word' id='word_1_601' title='bbox 2809 4324 2902 4378; x_wconf 75' lang='grc' dir='ltr'><strong>καὶ</strong></span> <span class='ocrx_word' id='word_1_602' title='bbox 2933 4327 2958 4377; x_wconf 88' lang='grc' dir='ltr'>ὁ</span> <span class='ocrx_word' id='word_1_603' title='bbox 2980 4326 3242 4395; x_wconf 79' lang='grc' dir='ltr'><strong>ίεράρχης</strong></span> <span class='ocrx_word' id='word_1_604' title='bbox 3268 4327 3474 4392; x_wconf 84' lang='grc' dir='ltr'><strong>ταύτας</strong></span> <span class='ocrx_word' id='word_1_605' title='bbox 3507 4328 3711 4394; x_wconf 77' lang='grc' dir='ltr'><strong>λαϐὼν,</strong></span> 
     </span>
    </p>
   </div>
   <div class='ocr_carea' id='block_1_90' title="bbox 462 4413 2041 4501">
    <p class='ocr_par' dir='ltr' id='par_1_90' title="bbox 462 4414 2031 4485">
     <span class='ocr_line' id='line_1_91' title="bbox 462 4414 2031 4485; baseline -0.006 -11"><span class='ocrx_word' id='word_1_606' title='bbox 462 4432 648 4474; x_wconf 81' lang='lat' dir='ltr'><strong>saneto</strong></span> <span class='ocrx_word' id='word_1_607' title='bbox 713 4418 954 4485; x_wconf 74' lang='lat' dir='ltr'><strong>deponit.</strong></span> <span class='ocrx_word' id='word_1_608' title='bbox 1021 4414 1189 4484; x_wconf 78' lang='lat' dir='ltr'><strong>igitur</strong></span> <span class='ocrx_word' id='word_1_609' title='bbox 1262 4416 1330 4468; x_wconf 78' lang='lat' dir='ltr'><strong>ita</strong></span> <span class='ocrx_word' id='word_1_610' title='bbox 1405 4417 1626 4469; x_wconf 87' lang='lat' dir='ltr'><strong>indutus</strong></span> <span class='ocrx_word' id='word_1_611' title='bbox 1700 4414 1881 4468; x_wconf 86' lang='lat' dir='ltr'><strong>tunica</strong></span> <span class='ocrx_word' id='word_1_612' title='bbox 1948 4414 2031 4466; x_wconf 80' lang='lat' dir='ltr'><strong>vir</strong></span> 
     </span>
    </p>
   </div>
   <div class='ocr_carea' id='block_1_91' title="bbox 2126 4413 3710 4501">
    <p class='ocr_par' dir='ltr' id='par_1_91' title="bbox 2136 4413 3710 4501">
     <span class='ocr_line' id='line_1_92' title="bbox 2136 4413 3710 4501; baseline 0.006 -37"><span class='ocrx_word' id='word_1_613' title='bbox 2136 4414 2232 4483; x_wconf 81' lang='grc' dir='ltr'><strong>οὐχ</strong></span> <span class='ocrx_word' id='word_1_614' title='bbox 2284 4413 2357 4477; x_wconf 83' lang='grc' dir='ltr'><strong>ὼς</strong></span> <span class='ocrx_word' id='word_1_615' title='bbox 2393 4413 2549 4482; x_wconf 74' lang='grc' dir='ltr'><strong>ἔτυχε</strong></span> <span class='ocrx_word' id='word_1_616' title='bbox 2605 4414 2810 4501; x_wconf 66' lang='grc' dir='ltr'><strong>ῥίπτει,</strong></span> <span class='ocrx_word' id='word_1_617' title='bbox 2847 4416 2963 4470; x_wconf 79' lang='grc' dir='ltr'><strong>ἀλλ’</strong></span> <span class='ocrx_word' id='word_1_618' title='bbox 2991 4419 3050 4470; x_wconf 82' lang='grc' dir='ltr'><strong>ἐν</strong></span> <span class='ocrx_word' id='word_1_619' title='bbox 3081 4420 3232 4488; x_wconf 84' lang='grc' dir='ltr'><strong>τόπῳ</strong></span> <span class='ocrx_word' id='word_1_620' title='bbox 3289 4420 3418 4489; x_wconf 85' lang='grc' dir='ltr'><strong>ἱερῷ</strong></span> <span class='ocrx_word' id='word_1_621' title='bbox 3469 4421 3710 4490; x_wconf 81' lang='grc' dir='ltr'><strong>τίθησιν.</strong></span> 
     </span>
    </p>
   </div>
   <div class='ocr_carea' id='block_1_92' title="bbox 463 4500 2029 4576">
    <p class='ocr_par' dir='ltr' id='par_1_92' title="bbox 463 4500 2029 4576">
     <span class='ocr_line' id='line_1_93' title="bbox 463 4500 2029 4576; baseline -0.006 -15"><span class='ocrx_word' id='word_1_622' title='bbox 463 4509 768 4576; x_wconf 82' lang='lat' dir='ltr'><strong>baptizatus</strong></span> <span class='ocrx_word' id='word_1_623' title='bbox 812 4513 867 4558; x_wconf 89' lang='lat' dir='ltr'><strong>et</strong></span> <span class='ocrx_word' id='word_1_624' title='bbox 914 4513 1134 4569; x_wconf 83' lang='lat' dir='ltr'><strong>unctus,</strong></span> <span class='ocrx_word' id='word_1_625' title='bbox 1193 4503 1459 4572; x_wconf 72' lang='lat' dir='ltr'><strong>cmsisque</strong></span> <span class='ocrx_word' id='word_1_626' title='bbox 1491 4500 1722 4571; x_wconf 76' lang='lat' dir='ltr'><strong>Capillis,</strong></span> <span class='ocrx_word' id='word_1_627' title='bbox 1761 4501 2029 4554; x_wconf 87' lang='lat' dir='ltr'><strong>cucullum</strong></span> 
     </span>
    </p>
   </div>
   <div class='ocr_carea' id='block_1_93' title="bbox 463 4593 2026 4668">
    <p class='ocr_par' dir='ltr' id='par_1_93' title="bbox 463 4593 2026 4668">
     <span class='ocr_line' id='line_1_94' title="bbox 463 4593 2026 4668; baseline -0.005 -15"><span class='ocrx_word' id='word_1_628' title='bbox 463 4601 516 4653; x_wconf 88' lang='lat' dir='ltr'><strong>in</strong></span> <span class='ocrx_word' id='word_1_629' title='bbox 547 4600 719 4668; x_wconf 87' lang='lat' dir='ltr'><strong>capite</strong></span> <span class='ocrx_word' id='word_1_630' title='bbox 747 4598 1038 4666; x_wconf 87' lang='lat' dir='ltr'><strong>accipiens,</strong></span> <span class='ocrx_word' id='word_1_631' title='bbox 1074 4596 1167 4664; x_wconf 90' lang='lat' dir='ltr'><strong>qui</strong></span> <span class='ocrx_word' id='word_1_632' title='bbox 1208 4596 1370 4649; x_wconf 84' lang='lat' dir='ltr'><strong>etiam</strong></span> <span class='ocrx_word' id='word_1_633' title='bbox 1406 4603 1628 4648; x_wconf 82' lang='lat' dir='ltr'><strong>vocatur</strong></span> <span class='ocrx_word' id='word_1_634' title='bbox 1664 4593 1858 4662; x_wconf 81' lang='lat' dir='ltr'><strong>capitis</strong></span> <span class='ocrx_word' id='word_1_635' title='bbox 1909 4603 2026 4661; x_wconf 87' lang='lat' dir='ltr'><strong>leg-</strong></span> 
     </span>
    </p>
   </div>
   <div class='ocr_carea' id='block_1_94' title="bbox 466 4684 2034 4757">
    <p class='ocr_par' dir='ltr' id='par_1_94' title="bbox 466 4684 2034 4757">
     <span class='ocr_line' id='line_1_95' title="bbox 466 4684 2034 4757; baseline -0.005 -13"><span class='ocrx_word' id='word_1_636' title='bbox 466 4705 609 4753; x_wconf 90' lang='lat' dir='ltr'><strong>tncu,</strong></span> <span class='ocrx_word' id='word_1_637' title='bbox 648 4689 828 4742; x_wconf 85' lang='lat' dir='ltr'><strong>tunica</strong></span> <span class='ocrx_word' id='word_1_638' title='bbox 863 4686 1081 4757; x_wconf 84' lang='lat' dir='ltr'><strong>quidem</strong></span> <span class='ocrx_word' id='word_1_639' title='bbox 1128 4686 1493 4740; x_wconf 85' lang='lat' dir='ltr'><strong>innocentiam</strong></span> <span class='ocrx_word' id='word_1_640' title='bbox 1533 4696 1586 4739; x_wconf 88' lang='lat' dir='ltr'><strong>et</strong></span> <span class='ocrx_word' id='word_1_641' title='bbox 1616 4701 1811 4739; x_wconf 80' lang='lat' dir='ltr'><strong>novatn</strong></span> <span class='ocrx_word' id='word_1_642' title='bbox 1845 4684 2034 4738; x_wconf 79' lang='lat' dir='ltr'><strong>inlau-</strong></span> 
     </span>
    </p>
   </div>
   <div class='ocr_carea' id='block_1_95' title="bbox 466 4778 2034 4851">
    <p class='ocr_par' dir='ltr' id='par_1_95' title="bbox 466 4778 2034 4851">
     <span class='ocr_line' id='line_1_96' title="bbox 466 4778 2034 4851; baseline -0.006 -14"><span class='ocrx_word' id='word_1_643' title='bbox 466 4783 594 4838; x_wconf 84' lang='lat' dir='ltr'><strong>tiam</strong></span> <span class='ocrx_word' id='word_1_644' title='bbox 655 4794 815 4851; x_wconf 84' lang='lat' dir='ltr'><strong>atque</strong></span> <span class='ocrx_word' id='word_1_645' title='bbox 882 4781 1175 4850; x_wconf 88' lang='lat' dir='ltr'><strong>puritatem</strong></span> <span class='ocrx_word' id='word_1_646' title='bbox 1231 4779 1545 4844; x_wconf 88' lang='lat' dir='ltr'><strong>ostendens,</strong></span> <span class='ocrx_word' id='word_1_647' title='bbox 1602 4778 1813 4832; x_wconf 88' lang='lat' dir='ltr'><strong>cucullo</strong></span> <span class='ocrx_word' id='word_1_648' title='bbox 1855 4786 2034 4830; x_wconf 89' lang='lat' dir='ltr'><strong>autem</strong></span> 
     </span>
    </p>
   </div>
   <div class='ocr_carea' id='block_1_96' title="bbox 467 4870 2038 4944">
    <p class='ocr_par' dir='ltr' id='par_1_96' title="bbox 467 4870 2038 4944">
     <span class='ocr_line' id='line_1_97' title="bbox 467 4870 2038 4944; baseline -0.006 -16"><span class='ocrx_word' id='word_1_649' title='bbox 467 4872 782 4944; x_wconf 66' lang='lat' dir='ltr'><strong>praesidium</strong></span> <span class='ocrx_word' id='word_1_650' title='bbox 814 4871 958 4940; x_wconf 88' lang='lat' dir='ltr'><strong>quod</strong></span> <span class='ocrx_word' id='word_1_651' title='bbox 991 4880 1161 4926; x_wconf 78' lang='lat' dir='ltr'><strong>estex</strong></span> <span class='ocrx_word' id='word_1_652' title='bbox 1197 4870 1306 4924; x_wconf 90' lang='lat' dir='ltr'><strong>Deo</strong></span> <span class='ocrx_word' id='word_1_653' title='bbox 1339 4880 1501 4938; x_wconf 87' lang='lat' dir='ltr'><strong>atque</strong></span> <span class='ocrx_word' id='word_1_654' title='bbox 1532 4884 1790 4924; x_wconf 88' lang='lat' dir='ltr'><strong>sensuum</strong></span> <span class='ocrx_word' id='word_1_655' title='bbox 1852 4879 2038 4922; x_wconf 82' lang='lat' dir='ltr'><strong>custo-</strong></span> 
     </span>
    </p>
   </div>
   <div class='ocr_carea' id='block_1_97' title="bbox 469 4959 2035 5030">
    <p class='ocr_par' dir='ltr' id='par_1_97' title="bbox 469 4959 2035 5030">
     <span class='ocr_line' id='line_1_98' title="bbox 469 4959 2035 5030; baseline -0.005 -12"><span class='ocrx_word' id='word_1_656' title='bbox 469 4963 638 5027; x_wconf 90' lang='lat' dir='ltr'><strong>diam,</strong></span> <span class='ocrx_word' id='word_1_657' title='bbox 676 4962 920 5030; x_wconf 90' lang='lat' dir='ltr'><strong>pleriqne</strong></span> <span class='ocrx_word' id='word_1_658' title='bbox 950 4961 1094 5015; x_wconf 92' lang='lat' dir='ltr'><strong>enim</strong></span> <span class='ocrx_word' id='word_1_659' title='bbox 1130 4975 1328 5014; x_wconf 83' lang='lat' dir='ltr'><strong>sensus</strong></span> <span class='ocrx_word' id='word_1_660' title='bbox 1366 4961 1417 5013; x_wconf 90' lang='lat' dir='ltr'><strong>in</strong></span> <span class='ocrx_word' id='word_1_661' title='bbox 1452 4960 1629 5029; x_wconf 86' lang='lat' dir='ltr'><strong>capite</strong></span> <span class='ocrx_word' id='word_1_662' title='bbox 1667 4959 2035 5026; x_wconf 84' lang='lat' dir='ltr'><strong>colliguntur;</strong></span> 
     </span>
    </p>
   </div>
   <div class='ocr_carea' id='block_1_98' title="bbox 467 5049 2037 5119">
    <p class='ocr_par' dir='ltr' id='par_1_98' title="bbox 467 5049 2037 5119">
     <span class='ocr_line' id='line_1_99' title="bbox 467 5049 2037 5119; baseline -0.006 -9"><span class='ocrx_word' id='word_1_663' title='bbox 467 5055 663 5111; x_wconf 86' lang='lat' dir='ltr'><strong>deinde</strong></span> <span class='ocrx_word' id='word_1_664' title='bbox 723 5053 886 5107; x_wconf 89' lang='lat' dir='ltr'><strong>etiam</strong></span> <span class='ocrx_word' id='word_1_665' title='bbox 944 5053 1228 5107; x_wconf 89' lang='lat' dir='ltr'><strong>linteolum</strong></span> <span class='ocrx_word' id='word_1_666' title='bbox 1288 5052 1580 5107; x_wconf 84' lang='lat' dir='ltr'><strong>candidum</strong></span> <span class='ocrx_word' id='word_1_667' title='bbox 1643 5049 1826 5105; x_wconf 80' lang='lat' dir='ltr'><strong>ferens</strong></span> <span class='ocrx_word' id='word_1_668' title='bbox 1890 5049 2037 5119; x_wconf 88' lang='lat' dir='ltr'><strong>quod</strong></span> 
     </span>
    </p>
   </div>
   <div class='ocr_carea' id='block_1_99' title="bbox 471 5141 2040 5214">
    <p class='ocr_par' dir='ltr' id='par_1_99' title="bbox 471 5141 2040 5214">
     <span class='ocr_line' id='line_1_100' title="bbox 471 5141 2040 5214; baseline -0.004 -13"><span class='ocrx_word' id='word_1_669' title='bbox 471 5145 846 5202; x_wconf 88' lang='lat' dir='ltr'><strong>indumentum</strong></span> <span class='ocrx_word' id='word_1_670' title='bbox 886 5158 1104 5214; x_wconf 86' lang='lat' dir='ltr'><strong>quoque</strong></span> <span class='ocrx_word' id='word_1_671' title='bbox 1129 5143 1353 5205; x_wconf 86' lang='lat' dir='ltr'><strong>dicitur,</strong></span> <span class='ocrx_word' id='word_1_672' title='bbox 1383 5143 1436 5195; x_wconf 92' lang='lat' dir='ltr'><strong>in</strong></span> <span class='ocrx_word' id='word_1_673' title='bbox 1481 5143 1696 5212; x_wconf 89' lang='lat' dir='ltr'><strong>signum</strong></span> <span class='ocrx_word' id='word_1_674' title='bbox 1731 5141 1901 5195; x_wconf 87' lang='lat' dir='ltr'><strong>divini</strong></span> <span class='ocrx_word' id='word_1_675' title='bbox 1958 5141 2040 5195; x_wconf 89' lang='lat' dir='ltr'><strong>lu-</strong></span> 
     </span>
    </p>
   </div>
   <div class='ocr_carea' id='block_1_100' title="bbox 475 5231 2039 5308">
    <p class='ocr_par' dir='ltr' id='par_1_100' title="bbox 475 5231 2039 5308">
     <span class='ocr_line' id='line_1_101' title="bbox 475 5231 2039 5308; baseline -0.002 -16"><span class='ocrx_word' id='word_1_676' title='bbox 475 5238 640 5293; x_wconf 90' lang='lat' dir='ltr'><strong>minis</strong></span> <span class='ocrx_word' id='word_1_677' title='bbox 672 5247 725 5292; x_wconf 87' lang='lat' dir='ltr'><strong>et</strong></span> <span class='ocrx_word' id='word_1_678' title='bbox 757 5237 1011 5308; x_wconf 74' lang='lat' dir='ltr'><strong>angelica:</strong></span> <span class='ocrx_word' id='word_1_679' title='bbox 1045 5235 1318 5306; x_wconf 83' lang='lat' dir='ltr'><strong>puritatis,</strong></span> <span class='ocrx_word' id='word_1_680' title='bbox 1351 5248 1474 5287; x_wconf 90' lang='lat' dir='ltr'><strong>nam</strong></span> <span class='ocrx_word' id='word_1_681' title='bbox 1519 5233 1660 5289; x_wconf 89' lang='lat' dir='ltr'><strong>Iilius</strong></span> <span class='ocrx_word' id='word_1_682' title='bbox 1695 5232 1834 5288; x_wconf 90' lang='lat' dir='ltr'><strong>lucis</strong></span> <span class='ocrx_word' id='word_1_683' title='bbox 1864 5231 2039 5289; x_wconf 82' lang='lat' dir='ltr'><strong>factus</strong></span> 
     </span>
    </p>
   </div>
   <div class='ocr_carea' id='block_1_101' title="bbox 469 5325 2040 5398">
    <p class='ocr_par' dir='ltr' id='par_1_101' title="bbox 469 5325 2040 5398">
     <span class='ocr_line' id='line_1_102' title="bbox 469 5325 2040 5398; baseline -0.003 -14"><span class='ocrx_word' id='word_1_684' title='bbox 469 5339 555 5384; x_wconf 89' lang='lat' dir='ltr'><strong>est</strong></span> <span class='ocrx_word' id='word_1_685' title='bbox 600 5329 934 5398; x_wconf 71' lang='lat' dir='ltr'><strong>baptizatus,</strong></span> <span class='ocrx_word' id='word_1_686' title='bbox 985 5338 1039 5381; x_wconf 89' lang='lat' dir='ltr'><strong>et</strong></span> <span class='ocrx_word' id='word_1_687' title='bbox 1085 5327 1310 5382; x_wconf 90' lang='lat' dir='ltr'><strong>omnino</strong></span> <span class='ocrx_word' id='word_1_688' title='bbox 1359 5325 1712 5380; x_wconf 87' lang='lat' dir='ltr'><strong>intemeratus</strong></span> <span class='ocrx_word' id='word_1_689' title='bbox 1748 5341 1812 5380; x_wconf 91' lang='lat' dir='ltr'><strong>ac</strong></span> <span class='ocrx_word' id='word_1_690' title='bbox 1869 5341 2040 5393; x_wconf 88' lang='lat' dir='ltr'><strong>purus</strong></span> 
     </span>
    </p>
   </div>
   <div class='ocr_carea' id='block_1_102' title="bbox 471 5417 2039 5486">
    <p class='ocr_par' dir='ltr' id='par_1_102' title="bbox 471 5417 2039 5486">
     <span class='ocr_line' id='line_1_103' title="bbox 471 5417 2039 5486; baseline -0.003 -12"><span class='ocrx_word' id='word_1_691' title='bbox 471 5430 803 5474; x_wconf 75' lang='lat' dir='ltr'><strong>monstratus</strong></span> <span class='ocrx_word' id='word_1_692' title='bbox 828 5429 929 5483; x_wconf 87' lang='lat' dir='ltr'><strong>est,</strong></span> <span class='ocrx_word' id='word_1_693' title='bbox 951 5421 1024 5473; x_wconf 88' lang='lat' dir='ltr'><strong>ita</strong></span> <span class='ocrx_word' id='word_1_694' title='bbox 1049 5417 1319 5486; x_wconf 80' lang='lat' dir='ltr'><strong>perfectus</strong></span> <span class='ocrx_word' id='word_1_695' title='bbox 1345 5425 1488 5484; x_wconf 85' lang='lat' dir='ltr'><strong>stat;</strong></span> <span class='ocrx_word' id='word_1_696' title='bbox 1513 5417 1558 5471; x_wconf 91' lang='lat' dir='ltr'><strong>si</strong></span> <span class='ocrx_word' id='word_1_697' title='bbox 1585 5426 1796 5472; x_wconf 66' lang='lat' dir='ltr'><strong>aetatem</strong></span> <span class='ocrx_word' id='word_1_698' title='bbox 1821 5417 2039 5486; x_wconf 88' lang='lat' dir='ltr'><strong>quidem</strong></span> 
     </span>
    </p>
   </div>
   <div class='ocr_carea' id='block_1_103' title="bbox 473 5509 2044 5580">
    <p class='ocr_par' dir='ltr' id='par_1_103' title="bbox 473 5509 2044 5580">
     <span class='ocr_line' id='line_1_104' title="bbox 473 5509 2044 5580; baseline -0.003 -16"><span class='ocrx_word' id='word_1_699' title='bbox 473 5513 657 5575; x_wconf 80' lang='lat' dir='ltr'><strong>habet,</strong></span> <span class='ocrx_word' id='word_1_700' title='bbox 698 5510 814 5579; x_wconf 90' lang='lat' dir='ltr'><strong>ipse</strong></span> <span class='ocrx_word' id='word_1_701' title='bbox 845 5511 1128 5565; x_wconf 87' lang='lat' dir='ltr'><strong>candelam</strong></span> <span class='ocrx_word' id='word_1_702' title='bbox 1155 5521 1332 5580; x_wconf 87' lang='lat' dir='ltr'><strong>portat</strong></span> <span class='ocrx_word' id='word_1_703' title='bbox 1362 5512 1414 5564; x_wconf 88' lang='lat' dir='ltr'><strong>itt</strong></span> <span class='ocrx_word' id='word_1_704' title='bbox 1447 5511 1814 5566; x_wconf 84' lang='lat' dir='ltr'><strong>ostensionem</strong></span> <span class='ocrx_word' id='word_1_705' title='bbox 1837 5518 1894 5563; x_wconf 90' lang='lat' dir='ltr'><strong>et</strong></span> <span class='ocrx_word' id='word_1_706' title='bbox 1924 5509 2044 5579; x_wconf 76' lang='lat' dir='ltr'><strong>glo-</strong></span> 
     </span>
    </p>
   </div>
   <div class='ocr_carea' id='block_1_104' title="bbox 474 5600 2044 5671">
    <p class='ocr_par' dir='ltr' id='par_1_104' title="bbox 474 5600 2044 5671">
     <span class='ocr_line' id='line_1_105' title="bbox 474 5600 2044 5671; baseline -0.001 -14"><span class='ocrx_word' id='word_1_707' title='bbox 474 5605 608 5657; x_wconf 82' lang='lat' dir='ltr'><strong>riam</strong></span> <span class='ocrx_word' id='word_1_708' title='bbox 636 5603 988 5658; x_wconf 70' lang='lat' dir='ltr'><strong>divinissima:</strong></span> <span class='ocrx_word' id='word_1_709' title='bbox 1013 5603 1152 5658; x_wconf 89' lang='lat' dir='ltr'><strong>lucis</strong></span> <span class='ocrx_word' id='word_1_710' title='bbox 1178 5620 1195 5670; x_wconf 87' lang='lat'><strong>;</strong></span> <span class='ocrx_word' id='word_1_711' title='bbox 1227 5605 1273 5659; x_wconf 90' lang='lat' dir='ltr'><strong>si</strong></span> <span class='ocrx_word' id='word_1_712' title='bbox 1301 5604 1504 5669; x_wconf 80' lang='lat' dir='ltr'><strong>infans,</strong></span> <span class='ocrx_word' id='word_1_713' title='bbox 1537 5616 1769 5671; x_wconf 86' lang='lat' dir='ltr'><strong>sponsor</strong></span> <span class='ocrx_word' id='word_1_714' title='bbox 1793 5600 1906 5654; x_wconf 86' lang='lat' dir='ltr'><strong>vice</strong></span> <span class='ocrx_word' id='word_1_715' title='bbox 1926 5603 2044 5670; x_wconf 80' lang='lat' dir='ltr'><strong>ejus</strong></span> 
     </span>
    </p>
   </div>
   <div class='ocr_carea' id='block_1_105' title="bbox 475 5690 2042 5764">
    <p class='ocr_par' dir='ltr' id='par_1_105' title="bbox 475 5690 2042 5764">
     <span class='ocr_line' id='line_1_106' title="bbox 475 5690 2042 5764; baseline -0.003 -14"><span class='ocrx_word' id='word_1_716' title='bbox 475 5709 589 5750; x_wconf 86' lang='lat' dir='ltr'><strong>eam</strong></span> <span class='ocrx_word' id='word_1_717' title='bbox 627 5703 824 5764; x_wconf 86' lang='lat' dir='ltr'><strong>portat,</strong></span> <span class='ocrx_word' id='word_1_718' title='bbox 875 5704 928 5751; x_wconf 91' lang='lat' dir='ltr'><strong>et</strong></span> <span class='ocrx_word' id='word_1_719' title='bbox 960 5693 1216 5751; x_wconf 74' lang='lat' dir='ltr'><strong>Ecclesia:</strong></span> <span class='ocrx_word' id='word_1_720' title='bbox 1247 5703 1496 5752; x_wconf 86' lang='lat' dir='ltr'><strong>cantores</strong></span> <span class='ocrx_word' id='word_1_721' title='bbox 1545 5703 1747 5749; x_wconf 87' lang='lat' dir='ltr'><strong>canunt</strong></span> <span class='ocrx_word' id='word_1_722' title='bbox 1781 5711 1794 5747; x_wconf 87' lang='lat'><strong>:</strong></span> <span class='ocrx_word' id='word_1_723' title='bbox 1865 5712 1882 5744; x_wconf 91' lang='grc' dir='ltr'><strong>ι</strong></span> <span class='ocrx_word' id='word_1_724' title='bbox 1913 5690 2042 5758; x_wconf 85' lang='lat' dir='ltr'><strong>Qni-</strong></span> 
     </span>
    </p>
   </div>
   <div class='ocr_carea' id='block_1_106' title="bbox 2140 4503 3716 4580">
    <p class='ocr_par' dir='ltr' id='par_1_106' title="bbox 2140 4503 3716 4580">
     <span class='ocr_line' id='line_1_107' title="bbox 2140 4503 3716 4580; baseline 0.005 -21"><span class='ocrx_word' id='word_1_725' title='bbox 2140 4503 2295 4559; x_wconf 87' lang='grc' dir='ltr'><strong>Οῦτω</strong></span> <span class='ocrx_word' id='word_1_726' title='bbox 2323 4505 2420 4574; x_wconf 81' lang='grc' dir='ltr'><strong>μὲν</strong></span> <span class='ocrx_word' id='word_1_727' title='bbox 2455 4505 2547 4558; x_wconf 72' lang='grc' dir='ltr'><strong>οὖν</strong></span> <span class='ocrx_word' id='word_1_728' title='bbox 2573 4507 2936 4577; x_wconf 72' lang='grc' dir='ltr'><strong>ἐνδυσάμενος</strong></span> <span class='ocrx_word' id='word_1_729' title='bbox 2967 4511 3172 4578; x_wconf 84' lang='grc' dir='ltr'><strong>χιτῶνα</strong></span> <span class='ocrx_word' id='word_1_730' title='bbox 3202 4512 3230 4564; x_wconf 85' lang='grc'>6</span> <span class='ocrx_word' id='word_1_731' title='bbox 3255 4511 3596 4580; x_wconf 64' lang='grc' dir='ltr'><strong>βαπτισθεὶς,</strong></span> <span class='ocrx_word' id='word_1_732' title='bbox 3615 4515 3716 4567; x_wconf 83' lang='grc' dir='ltr'><strong>καὶ</strong></span> 
     </span>
    </p>
   </div>
   <div class='ocr_carea' id='block_1_107' title="bbox 2137 4597 3713 4675">
    <p class='ocr_par' dir='ltr' id='par_1_107' title="bbox 2137 4597 3713 4675">
     <span class='ocr_line' id='line_1_108' title="bbox 2137 4597 3713 4675; baseline 0.008 -28"><span class='ocrx_word' id='word_1_733' title='bbox 2137 4597 2399 4666; x_wconf 71' lang='grc' dir='ltr'><strong>χρισθεὶς,</strong></span> <span class='ocrx_word' id='word_1_734' title='bbox 2445 4598 2538 4649; x_wconf 81' lang='grc' dir='ltr'><strong>καὶ</strong></span> <span class='ocrx_word' id='word_1_735' title='bbox 2569 4599 2896 4668; x_wconf 66' lang='grc' dir='ltr'><strong>ἁποκαρεῖς,</strong></span> <span class='ocrx_word' id='word_1_736' title='bbox 2928 4603 3021 4653; x_wconf 82' lang='grc' dir='ltr'><strong>καὶ</strong></span> <span class='ocrx_word' id='word_1_737' title='bbox 3072 4603 3392 4658; x_wconf 82' lang='grc' dir='ltr'><strong>κουκούλιον</strong></span> <span class='ocrx_word' id='word_1_738' title='bbox 3419 4607 3479 4657; x_wconf 80' lang='grc' dir='ltr'><strong>ὲν</strong></span> <span class='ocrx_word' id='word_1_739' title='bbox 3517 4608 3581 4675; x_wconf 82' lang='grc' dir='ltr'><strong>τῇ</strong></span> <span class='ocrx_word' id='word_1_740' title='bbox 3615 4623 3713 4658; x_wconf 79' lang='grc' dir='ltr'><strong>κε-</strong></span> 
     </span>
    </p>
   </div>
   <div class='ocr_carea' id='block_1_108' title="bbox 2139 4690 3716 4764">
    <p class='ocr_par' dir='ltr' id='par_1_108' title="bbox 2139 4690 3716 4764">
     <span class='ocr_line' id='line_1_109' title="bbox 2139 4690 3716 4764; baseline 0.007 -23"><span class='ocrx_word' id='word_1_741' title='bbox 2139 4692 2280 4760; x_wconf 80' lang='grc' dir='ltr'><strong>φαλῇ</strong></span> <span class='ocrx_word' id='word_1_742' title='bbox 2311 4690 2510 4754; x_wconf 80' lang='grc' dir='ltr'><strong>λαόὼν,</strong></span> <span class='ocrx_word' id='word_1_743' title='bbox 2535 4691 2562 4743; x_wconf 83' lang='grc' dir='ltr'><strong>ὃ</strong></span> <span class='ocrx_word' id='word_1_744' title='bbox 2594 4692 2658 4760; x_wconf 81' lang='grc' dir='ltr'><strong>δὴ</strong></span> <span class='ocrx_word' id='word_1_745' title='bbox 2689 4694 2785 4746; x_wconf 73' lang='grc' dir='ltr'><strong>καὶ</strong></span> <span class='ocrx_word' id='word_1_746' title='bbox 2837 4696 3240 4764; x_wconf 78' lang='grc' dir='ltr'><strong>περικεφαλαία</strong></span> <span class='ocrx_word' id='word_1_747' title='bbox 3290 4699 3560 4762; x_wconf 81' lang='grc' dir='ltr'><strong>καλεῖται,</strong></span> <span class='ocrx_word' id='word_1_748' title='bbox 3615 4701 3716 4752; x_wconf 76' lang='grc' dir='ltr'><strong>καὶ</strong></span> 
     </span>
    </p>
   </div>
   <div class='ocr_carea' id='block_1_109' title="bbox 2138 4783 3720 4858">
    <p class='ocr_par' dir='ltr' id='par_1_109' title="bbox 2138 4783 3720 4858">
     <span class='ocr_line' id='line_1_110' title="bbox 2138 4783 3720 4858; baseline 0.007 -24"><span class='ocrx_word' id='word_1_749' title='bbox 2138 4783 2198 4834; x_wconf 71' lang='grc' dir='ltr'><strong>τὸ</strong></span> <span class='ocrx_word' id='word_1_750' title='bbox 2222 4783 2322 4852; x_wconf 81' lang='grc' dir='ltr'><strong>μὲν</strong></span> <span class='ocrx_word' id='word_1_751' title='bbox 2361 4784 2446 4836; x_wconf 84' lang='grc' dir='ltr'><strong>διὰ</strong></span> <span class='ocrx_word' id='word_1_752' title='bbox 2472 4785 2570 4853; x_wconf 86' lang='grc' dir='ltr'><strong>τὴν</strong></span> <span class='ocrx_word' id='word_1_753' title='bbox 2606 4786 2844 4838; x_wconf 81' lang='grc' dir='ltr'><strong>ἀκακίαν</strong></span> <span class='ocrx_word' id='word_1_754' title='bbox 2880 4791 2974 4840; x_wconf 79' lang='grc' dir='ltr'><strong>καὶ</strong></span> <span class='ocrx_word' id='word_1_755' title='bbox 2999 4789 3058 4842; x_wconf 85' lang='grc' dir='ltr'><strong>τὸ</strong></span> <span class='ocrx_word' id='word_1_756' title='bbox 3092 4791 3363 4858; x_wconf 84' lang='grc' dir='ltr'><strong>νηπιῶδες</strong></span> <span class='ocrx_word' id='word_1_757' title='bbox 3387 4791 3468 4844; x_wconf 79' lang='grc' dir='ltr'><strong>ἔτι</strong></span> <span class='ocrx_word' id='word_1_758' title='bbox 3497 4792 3591 4844; x_wconf 81' lang='grc' dir='ltr'><strong>καὶ</strong></span> <span class='ocrx_word' id='word_1_759' title='bbox 3620 4809 3720 4844; x_wconf 85' lang='grc' dir='ltr'><strong>κα-</strong></span> 
     </span>
    </p>
   </div>
   <div class='ocr_carea' id='block_1_110' title="bbox 2142 4873 3719 4948">
    <p class='ocr_par' dir='ltr' id='par_1_110' title="bbox 2142 4873 3719 4948">
     <span class='ocr_line' id='line_1_111' title="bbox 2142 4873 3719 4948; baseline 0.005 -22"><span class='ocrx_word' id='word_1_760' title='bbox 2142 4873 2328 4943; x_wconf 82' lang='grc' dir='ltr'><strong>θαρὸν,</strong></span> <span class='ocrx_word' id='word_1_761' title='bbox 2353 4875 2412 4927; x_wconf 82' lang='grc' dir='ltr'><strong>τὸ</strong></span> <span class='ocrx_word' id='word_1_762' title='bbox 2436 4875 2492 4928; x_wconf 85' lang='grc' dir='ltr'><strong>δὲ</strong></span> <span class='ocrx_word' id='word_1_763' title='bbox 2530 4877 2609 4938; x_wconf 87' lang='grc' dir='ltr'><strong>εἰς</strong></span> <span class='ocrx_word' id='word_1_764' title='bbox 2655 4876 2865 4947; x_wconf 86' lang='grc' dir='ltr'><strong>σκέπην</strong></span> <span class='ocrx_word' id='word_1_765' title='bbox 2914 4879 3016 4948; x_wconf 81' lang='grc' dir='ltr'><strong>τὴν</strong></span> <span class='ocrx_word' id='word_1_766' title='bbox 3053 4880 3160 4934; x_wconf 82' lang='grc' dir='ltr'><strong>ἀπὸ</strong></span> <span class='ocrx_word' id='word_1_767' title='bbox 3195 4880 3289 4932; x_wconf 86' lang='grc' dir='ltr'><strong>τοῦ</strong></span> <span class='ocrx_word' id='word_1_768' title='bbox 3321 4879 3458 4933; x_wconf 87' lang='grc' dir='ltr'><strong>Θεοῦ</strong></span> <span class='ocrx_word' id='word_1_769' title='bbox 3493 4882 3580 4934; x_wconf 75' lang='grc' dir='ltr'><strong>καὶ</strong></span> <span class='ocrx_word' id='word_1_770' title='bbox 3613 4897 3719 4948; x_wconf 82' lang='grc' dir='ltr'><strong>φυο</strong></span> 
     </span>
    </p>
   </div>
   <div class='ocr_carea' id='block_1_111' title="bbox 2141 4964 3720 5040">
    <p class='ocr_par' dir='ltr' id='par_1_111' title="bbox 2141 4964 3720 5040">
     <span class='ocr_line' id='line_1_112' title="bbox 2141 4964 3720 5040; baseline 0.004 -25"><span class='ocrx_word' id='word_1_771' title='bbox 2141 4964 2312 5030; x_wconf 79' lang='grc' dir='ltr'><strong>λακὴν</strong></span> <span class='ocrx_word' id='word_1_772' title='bbox 2337 4965 2442 5017; x_wconf 82' lang='grc' dir='ltr'><strong>τῶν</strong></span> <span class='ocrx_word' id='word_1_773' title='bbox 2472 4965 2867 5037; x_wconf 81' lang='grc' dir='ltr'><strong>αἰσθητηρίων,</strong></span> <span class='ocrx_word' id='word_1_774' title='bbox 2901 4971 2956 5021; x_wconf 69' lang='lat' dir='ltr'><strong>at!</strong></span> <span class='ocrx_word' id='word_1_775' title='bbox 3011 4970 3263 5023; x_wconf 85' lang='grc' dir='ltr'><strong>πλεῖσται</strong></span> <span class='ocrx_word' id='word_1_776' title='bbox 3291 4973 3399 5040; x_wconf 72' lang='grc' dir='ltr'><strong>γὸρ</strong></span> <span class='ocrx_word' id='word_1_777' title='bbox 3435 4973 3720 5040; x_wconf 75' lang='grc' dir='ltr'><strong>αἰσθήσεις</strong></span> 
     </span>
    </p>
   </div>
   <div class='ocr_carea' id='block_1_112' title="bbox 2143 5055 3722 5132">
    <p class='ocr_par' dir='ltr' id='par_1_112' title="bbox 2143 5055 3722 5132">
     <span class='ocr_line' id='line_1_113' title="bbox 2143 5055 3722 5132; baseline 0.004 -23"><span class='ocrx_word' id='word_1_778' title='bbox 2143 5055 2493 5127; x_wconf 81' lang='grc' dir='ltr'><strong>καθίδρυνται</strong></span> <span class='ocrx_word' id='word_1_779' title='bbox 2522 5060 2580 5110; x_wconf 83' lang='grc' dir='ltr'><strong>ὲν</strong></span> <span class='ocrx_word' id='word_1_780' title='bbox 2615 5063 2682 5129; x_wconf 83' lang='grc' dir='ltr'><strong>τῇ</strong></span> <span class='ocrx_word' id='word_1_781' title='bbox 2728 5061 2960 5130; x_wconf 81' lang='grc' dir='ltr'><strong>κεφαλῇ,</strong></span> <span class='ocrx_word' id='word_1_782' title='bbox 2995 5059 3115 5115; x_wconf 79' lang='grc' dir='ltr'><strong>εἶτα</strong></span> <span class='ocrx_word' id='word_1_783' title='bbox 3166 5065 3262 5115; x_wconf 78' lang='grc' dir='ltr'><strong>καὶ</strong></span> <span class='ocrx_word' id='word_1_784' title='bbox 3295 5064 3497 5132; x_wconf 84' lang='grc' dir='ltr'><strong>χιτῶνα</strong></span> <span class='ocrx_word' id='word_1_785' title='bbox 3523 5065 3722 5117; x_wconf 76' lang='grc' dir='ltr'><strong>λευκὸν</strong></span> 
     </span>
    </p>
   </div>
   <div class='ocr_carea' id='block_1_113' title="bbox 2142 5147 3721 5220">
    <p class='ocr_par' dir='ltr' id='par_1_113' title="bbox 2142 5147 3721 5220">
     <span class='ocr_line' id='line_1_114' title="bbox 2142 5147 3721 5220; baseline 0.005 -21"><span class='ocrx_word' id='word_1_786' title='bbox 2142 5147 2326 5201; x_wconf 77' lang='grc' dir='ltr'><strong>ἐπάνω</strong></span> <span class='ocrx_word' id='word_1_787' title='bbox 2353 5149 2610 5219; x_wconf 75' lang='grc' dir='ltr'><strong>φορέσας,</strong></span> <span class='ocrx_word' id='word_1_788' title='bbox 2631 5149 2661 5202; x_wconf 82' lang='grc' dir='ltr'><strong>ὃ</strong></span> <span class='ocrx_word' id='word_1_789' title='bbox 2694 5151 2786 5204; x_wconf 76' lang='grc' dir='ltr'><strong>καὶ</strong></span> <span class='ocrx_word' id='word_1_790' title='bbox 2827 5151 3107 5206; x_wconf 73' lang='grc' dir='ltr'><strong>ἀναϐολιον</strong></span> <span class='ocrx_word' id='word_1_791' title='bbox 3138 5153 3384 5220; x_wconf 82' lang='grc' dir='ltr'><strong>λέγεται,</strong></span> <span class='ocrx_word' id='word_1_792' title='bbox 3413 5154 3496 5218; x_wconf 84' lang='grc' dir='ltr'><strong>είς</strong></span> <span class='ocrx_word' id='word_1_793' title='bbox 3542 5155 3721 5207; x_wconf 85' lang='grc' dir='ltr'><strong>τύπον</strong></span> 
     </span>
    </p>
   </div>
   <div class='ocr_carea' id='block_1_114' title="bbox 2143 5236 3719 5314">
    <p class='ocr_par' dir='ltr' id='par_1_114' title="bbox 2143 5236 3719 5314">
     <span class='ocr_line' id='line_1_115' title="bbox 2143 5236 3719 5314; baseline 0.01 -24"><span class='ocrx_word' id='word_1_794' title='bbox 2143 5236 2235 5290; x_wconf 83' lang='grc' dir='ltr'><strong>τοῦ</strong></span> <span class='ocrx_word' id='word_1_795' title='bbox 2254 5237 2398 5290; x_wconf 86' lang='grc' dir='ltr'><strong>θείου</strong></span> <span class='ocrx_word' id='word_1_796' title='bbox 2428 5239 2625 5308; x_wconf 79' lang='grc' dir='ltr'><strong>φωτὸς,</strong></span> <span class='ocrx_word' id='word_1_797' title='bbox 2643 5241 2736 5294; x_wconf 76' lang='grc' dir='ltr'><strong>καὶ</strong></span> <span class='ocrx_word' id='word_1_798' title='bbox 2755 5243 2852 5312; x_wconf 83' lang='grc' dir='ltr'><strong>τῆς</strong></span> <span class='ocrx_word' id='word_1_799' title='bbox 2884 5244 3179 5314; x_wconf 79' lang='grc' dir='ltr'><strong>ἀγγελικῆς</strong></span> <span class='ocrx_word' id='word_1_800' title='bbox 3197 5244 3307 5314; x_wconf 76' lang='grc'><strong>85</strong></span> <span class='ocrx_word' id='word_1_801' title='bbox 3324 5245 3719 5314; x_wconf 74' lang='grc' dir='ltr'><strong>καθαρότητος.</strong></span> 
     </span>
    </p>
   </div>
   <div class='ocr_carea' id='block_1_115' title="bbox 2146 5329 3717 5402">
    <p class='ocr_par' dir='ltr' id='par_1_115' title="bbox 2146 5329 3717 5402">
     <span class='ocr_line' id='line_1_116' title="bbox 2146 5329 3717 5402; baseline 0.007 -22"><span class='ocrx_word' id='word_1_802' title='bbox 2146 5329 2258 5391; x_wconf 78' lang='grc' dir='ltr'><strong>υίὸς</strong></span> <span class='ocrx_word' id='word_1_803' title='bbox 2289 5329 2394 5400; x_wconf 79' lang='grc' dir='ltr'><strong>γὰρ</strong></span> <span class='ocrx_word' id='word_1_804' title='bbox 2442 5331 2618 5398; x_wconf 78' lang='grc' dir='ltr'><strong>φωτὸς</strong></span> <span class='ocrx_word' id='word_1_805' title='bbox 2665 5336 2692 5384; x_wconf 85' lang='grc' dir='ltr'>ὁ</span> <span class='ocrx_word' id='word_1_806' title='bbox 2725 5333 3066 5402; x_wconf 68' lang='grc' dir='ltr'><strong>βαπτισθεὶς,</strong></span> <span class='ocrx_word' id='word_1_807' title='bbox 3101 5338 3197 5390; x_wconf 84' lang='grc' dir='ltr'><strong>καὶ</strong></span> <span class='ocrx_word' id='word_1_808' title='bbox 3242 5337 3363 5400; x_wconf 83' lang='grc' dir='ltr'><strong>ὅλος</strong></span> <span class='ocrx_word' id='word_1_809' title='bbox 3389 5337 3619 5400; x_wconf 74' lang='grc' dir='ltr'><strong>ἄσπιλός</strong></span> <span class='ocrx_word' id='word_1_810' title='bbox 3657 5355 3717 5391; x_wconf 86' lang='grc' dir='ltr'><strong>τε</strong></span> 
     </span>
    </p>
   </div>
   <div class='ocr_carea' id='block_1_116' title="bbox 2146 5420 3719 5495">
    <p class='ocr_par' dir='ltr' id='par_1_116' title="bbox 2146 5420 3719 5495">
     <span class='ocr_line' id='line_1_117' title="bbox 2146 5420 3719 5495; baseline 0.007 -23"><span class='ocrx_word' id='word_1_811' title='bbox 2146 5421 2240 5472; x_wconf 63' lang='grc' dir='ltr'><strong>καὶ</strong></span> <span class='ocrx_word' id='word_1_812' title='bbox 2281 5420 2517 5490; x_wconf 75' lang='grc' dir='ltr'><strong>καθαρὸς</strong></span> <span class='ocrx_word' id='word_1_813' title='bbox 2565 5424 2902 5495; x_wconf 79' lang='grc' dir='ltr'><strong>ἀπεδείχθη,</strong></span> <span class='ocrx_word' id='word_1_814' title='bbox 2959 5426 3106 5479; x_wconf 88' lang='grc' dir='ltr'><strong>οῦτω</strong></span> <span class='ocrx_word' id='word_1_815' title='bbox 3136 5427 3432 5493; x_wconf 74' lang='grc' dir='ltr'><strong>τελεσθεὶς,</strong></span> <span class='ocrx_word' id='word_1_816' title='bbox 3477 5428 3719 5483; x_wconf 79' lang='grc' dir='ltr'><strong>ἵσταται.</strong></span> 
     </span>
    </p>
   </div>
   <div class='ocr_carea' id='block_1_117' title="bbox 2150 5512 3721 5589">
    <p class='ocr_par' dir='ltr' id='par_1_117' title="bbox 2150 5512 3721 5589">
     <span class='ocr_line' id='line_1_118' title="bbox 2150 5512 3721 5589; baseline 0.006 -25"><span class='ocrx_word' id='word_1_817' title='bbox 2150 5513 2210 5564; x_wconf 82' lang='grc' dir='ltr'><strong>Εί</strong></span> <span class='ocrx_word' id='word_1_818' title='bbox 2242 5512 2427 5581; x_wconf 74' lang='grc' dir='ltr'><strong>μὲνέν</strong></span> <span class='ocrx_word' id='word_1_819' title='bbox 2465 5513 2654 5584; x_wconf 76' lang='grc' dir='ltr'><strong>ἡλικίᾳ</strong></span> <span class='ocrx_word' id='word_1_820' title='bbox 2687 5518 2822 5583; x_wconf 69' lang='grc' dir='ltr'><strong>ἐστὶ,</strong></span> <span class='ocrx_word' id='word_1_821' title='bbox 2858 5518 3418 5589; x_wconf 82' lang='grc' dir='ltr'><strong>λαμπαδηφοροῦντος</strong></span> <span class='ocrx_word' id='word_1_822' title='bbox 3447 5519 3614 5573; x_wconf 81' lang='grc' dir='ltr'><strong>αὑτοῦ</strong></span> <span class='ocrx_word' id='word_1_823' title='bbox 3638 5522 3721 5584; x_wconf 82' lang='grc' dir='ltr'><strong>εἰς</strong></span> 
     </span>
    </p>
   </div>
   <div class='ocr_carea' id='block_1_118' title="bbox 2147 5601 3723 5678">
    <p class='ocr_par' dir='ltr' id='par_1_118' title="bbox 2147 5601 3723 5678">
     <span class='ocr_line' id='line_1_119' title="bbox 2147 5601 3723 5678; baseline 0.008 -25"><span class='ocrx_word' id='word_1_824' title='bbox 2147 5601 2370 5668; x_wconf 79' lang='grc' dir='ltr'><strong>ἐνδειξίν</strong></span> <span class='ocrx_word' id='word_1_825' title='bbox 2409 5619 2468 5655; x_wconf 86' lang='grc' dir='ltr'><strong>τε</strong></span> <span class='ocrx_word' id='word_1_826' title='bbox 2497 5605 2590 5657; x_wconf 78' lang='grc' dir='ltr'><strong>καὶ</strong></span> <span class='ocrx_word' id='word_1_827' title='bbox 2619 5605 2777 5670; x_wconf 73' lang='grc' dir='ltr'><strong>δόξαν</strong></span> <span class='ocrx_word' id='word_1_828' title='bbox 2807 5607 2900 5660; x_wconf 87' lang='grc' dir='ltr'><strong>τοῦ</strong></span> <span class='ocrx_word' id='word_1_829' title='bbox 2937 5608 3217 5662; x_wconf 85' lang='grc' dir='ltr'><strong>θειοτάτου</strong></span> <span class='ocrx_word' id='word_1_830' title='bbox 3251 5609 3430 5677; x_wconf 79' lang='grc' dir='ltr'><strong>φωτός</strong></span> <span class='ocrx_word' id='word_1_831' title='bbox 3451 5624 3467 5641; x_wconf 85' lang='grc'>⁶</span> <span class='ocrx_word' id='word_1_832' title='bbox 3494 5610 3543 5662; x_wconf 82' lang='grc' dir='ltr'><strong>εί</strong></span> <span class='ocrx_word' id='word_1_833' title='bbox 3571 5609 3628 5667; x_wconf 76' lang='grc' dir='ltr'><strong>δέ</strong></span> <span class='ocrx_word' id='word_1_834' title='bbox 3657 5624 3723 5678; x_wconf 76' lang='grc' dir='ltr'><strong>γι</strong></span> 
     </span>
    </p>
   </div>
   <div class='ocr_carea' id='block_1_119' title="bbox 2099 5691 3722 5784">
    <p class='ocr_par' dir='ltr' id='par_1_119' title="bbox 2099 5691 3722 5784">
     <span class='ocr_line' id='line_1_120' title="bbox 2099 5691 3722 5784; baseline 0.004 -39"><span class='ocrx_word' id='word_1_835' title='bbox 2099 5698 2114 5703; x_wconf 82' lang='grc'><em>’</em></span> <span class='ocrx_word' id='word_1_836' title='bbox 2151 5695 2370 5765; x_wconf 70' lang='grc' dir='ltr'><strong>βρέφος,</strong></span> <span class='ocrx_word' id='word_1_837' title='bbox 2405 5693 2972 5769; x_wconf 77' lang='grc' dir='ltr'><strong>λαμπαδηφοροῦντος</strong></span> <span class='ocrx_word' id='word_1_838' title='bbox 3012 5691 3105 5753; x_wconf 73' lang='grc' dir='ltr'><strong>τοῦ</strong></span> <span class='ocrx_word' id='word_1_839' title='bbox 3140 5700 3407 5784; x_wconf 60' lang='grc' dir='ltr'><strong>ἀναδδχου</strong></span> <span class='ocrx_word' id='word_1_840' title='bbox 3439 5700 3599 5770; x_wconf 74' lang='grc' dir='ltr'><strong>χάριν</strong></span> <span class='ocrx_word' id='word_1_841' title='bbox 3627 5705 3722 5768; x_wconf 62' lang='lat' dir='ltr'><strong>at}-</strong></span> 
     </span>
    </p>
   </div>
  </div>
