4044 6198
339 397 410 458 2i
427 398 444 460 ι

1543 395 1642 456 DE
1687 393 1984 456 SANCTO
2023 396 2178 458 UNG
2193 399 2474 460 UENTO.

3497 397 3604 464 9·ίὲ

337 511 661 580 ἐκχυθέντος
687 512 749 580 τῇ
783 510 993 580 κεφαλῇ
1035 511 1125 566 τοῦ
1171 511 1348 584 Ἰησοῦ
1383 513 1536 585 παρὰ
1574 515 1672 584 τῆς
1717 512 1926 583 πόρνης

2045 511 2090 565 in
2121 527 2283 584 caput
2316 515 2444 573 Jesu
2474 532 2500 570 a
2543 517 2848 588 peccatrice
2875 527 2968 576 aut
2996 533 3186 576 sorore
3217 518 3406 576 Lazari
3437 519 3602 576 Maria
3643 591 3650 596 _

343 605 538 672 μύρου,
576 605 610 670 ἦ
651 604 752 671 τῆς
803 603 1052 680 ἀδελφῆς.
1089 603 1182 658 τοῦ
1234 605 1487 677 Λαζάρου
1545 605 1797 675 Μαρίας·
1833 605 1928 658 καὶ

343 697 430 748 διὰ
454 697 814 764 καλύμματος
849 697 996 768 ιεροῦ
1033 699 1362 766 σκεπασθὲν,
1387 702 1445 754 ὲν
1483 703 1562 768 τῷ
1595 702 1930 768 σκευοφυλα-

349 790 446 854 nim
473 789 682 844 τίθεται
731 791 830 860 τῆς
880 793 1257 862 προσκομιδῆς
1305 793 1628 864 γενομένης.
1683 795 1794 849 Καὶ
1830 795 1931 864 τῆς

341 881 492 942 Deiot;
540 881 886 952 λειτουργίας
937 883 1334 956 ὲναρξαμένης,
1395 884 1495 953 τῆς
1568 885 1812 955 μεγάλης
1869 903 1930 937 τε

343 973 548 1026 εἰσόδου
575 974 930 1043 τελουμένης,
963 975 1178 1043 πρῶτον
1203 977 1301 1045 μὲν
1331 978 1358 1029 ὁ
1405 973 1498 1027 ἐπὶ
1530 977 1629 1044 τῆς
1679 975 1930 1042 εὐταξίας

341 1065 642 1132 πορεύεται
677 1081 690 1094 ·
734 1059 856 1118 εἶτα
884 1067 933 1119 oi
965 1067 1308 1134 ἀναγνῶσται
1343 1065 1784 1135 λαμπαδηφόροι,
1831 1067 1930 1136 τὴν

345 1156 494 1208 θείαν
515 1155 612 1208 τοῦ
649 1158 968 1224 ΙΙνεύματος
1027 1157 1394 1220 ὲκτυποῦντες
1454 1157 1726 1226 ἔλλαμψιν
1761 1173 1775 1187 ·
1811 1153 1930 1209 εἷτα

343 1246 372 1295 6
397 1247 612 1314 πρῶτος
639 1247 747 1299 τῶν
777 1249 990 1316 ἱερέων,
1037 1249 1286 1315 κατέχων
1315 1249 1376 1300 τὸ
1437 1249 1780 1318 ἀλάϐαστρον
1835 1250 1928 1302 τοῦ

311 1334 322 1342 ’
351 1337 522 1406 μύρου
541 1341 666 1401 ταῖς
719 1340 930 1408 χερσὶν,
965 1339 1136 1410 αὐτὴν
1171 1341 1424 1411 φανερῶν
1461 1341 1558 1412 τὴν
1609 1331 1768 1411 ίᾶριν
1833 1339 1926 1394 τοῦ

349 1427 686 1496 Πνεύματος.
737 1432 834 1482 Διὰ
881 1430 1040 1484 τοῦτο
1080 1431 1189 1500 γὰρ
1249 1433 1344 1486 καὶ
1409 1433 1437 1485 ό
1499 1433 1717 1506 πρῶτος
1773 1434 1931 1486 τοῦτο

347 1521 584 1586 κατέχει,
641 1521 718 1581 ὡς
767 1521 1091 1590 τελεώτερος
1137 1523 1228 1576 ὧν.
1257 1524 1606 1594 Ἔμπροσθεν
1640 1525 1694 1578 δὲ
1741 1527 1832 1578 καὶ
1867 1526 1933 1577 ὲκ

353 1611 584 1678 πλαγίου
631 1613 823 1664 τούτου
875 1615 967 1666 καὶ
1014 1613 1240 1668 ὄπισθεν
1289 1616 1530 1670 διάκονοι
1593 1617 1672 1682 ἒξ,
1723 1617 1930 1672 δώδεκα

353 1701 672 1770 κατέχοντες
701 1704 1002 1771 πτέρυγας,
1029 1704 1103 1768 ὼς
1133 1705 1162 1756 ὁ
1215 1707 1390 1774 μέγας
1441 1709 1577 1778 φησὶ
1625 1711 1926 1773 Διονύσιος,

348 1793 596 1845 τουτέστι
623 1794 852 1862 ῥιπίδια.
891 1795 1122 1864 Δηλοῦσι
1157 1795 1406 1851 δὲταῦτα
1466 1799 1560 1862 τὰς
1621 1801 1772 1865 θείας
1835 1804 1933 1871 ἀγ-

351 1883 574 1947 γελικὰς
599 1883 882 1953 δυνάμεις,
915 1885 1012 1938 καὶ
1041 1885 1102 1938 τὸ
1135 1888 1320 1955 νοερὸν
1352 1888 1532 1941 αὐτῶν
1571 1891 1668 1942 καὶ
1702 1891 1930 1959 ἀσώμα-

352 1989 444 2024 τον
471 1989 486 2006 ·
526 1973 652 2026 ἐπεὶ
679 1975 774 2028 καὶ
820 1975 886 2026 τὰ
929 1975 1178 2044 Σεραφὶμ
1214 1977 1272 2028 ὲν
1330 1977 1558 2048 πτέρυξι
1596 1979 1690 2032 καὶ
1726 1980 1792 2034 τὰ
1834 1981 1936 2033 Χε-

357 2065 554 2133 ρουϐὶμ
587 2068 703 2128 τοῖς
735 2067 1043 2136 προφήταις
1075 2068 1292 2139 ἑωράθη
1329 2085 1343 2099 '
1385 2071 1480 2125 καὶ
1525 2069 1716 2142 ὥσπερ
1742 2074 1928 2126 ἐκεῖνα

354 2155 706 2216 συστέλλεται
741 2157 838 2226 τὴν
873 2159 1035 2228 χάριν
1065 2160 1350 2228 δεχόμενα,
1389 2162 1482 2215 καὶ
1521 2165 1684 2232 ἡμεῖς
1721 2153 1932 2231 ὀφείλο-

356 2263 456 2315 μεν
477 2247 658 2309 τοῦτο,
684 2251 779 2302 καὶ
803 2250 1022 2303 διαιτῶν
1055 2252 1360 2322 εἰρημένων
1399 2255 1690 2324 πτερύγων
1723 2256 1934 2309 δείκνυ-

357 2357 456 2406 μεν
483 2353 498 2368 ⁸
529 2343 628 2396 καὶ
663 2341 854 2412 ὥσπερ
885 2344 942 2396 ἐν
973 2346 1036 2414 τῇ
1077 2348 1248 2414 σκηνῇ
1283 2347 1539 2416 ὑπεράνω
1570 2349 1669 2418 τῆς
1698 2349 1934 2403 κιϐωτοῦ

352 2430 454 2497 τῆς
481 2431 748 2494 σκιώδους
787 2433 1004 2501 ἐκείνης
1039 2435 1322 2505 Χερουϐὶμ
1375 2433 1442 2508 ἦν
1469 2441 1704 2508 τορευτά
1731 2458 1788 2494 τε
1841 2442 1936 2495 καὶ

353 2522 590 2590 γλυπτὰ,
613 2527 734 2588 ταῖς
767 2528 994 2596 πτέρυξι
1027 2530 1143 2589 ταῖς
1181 2531 1414 2592 οἰκείαις
1451 2533 1622 2601 αὐτὴν
1653 2534 1732 2595 εἰς
1769 2535 1936 2602 τιμὴν

337 2616 834 2682 ,συγκαλύπτοντα,
860 2617 936 2680 ὡς
959 2619 1108 2682 ὲντδς
1131 2622 1200 2674 τὰ
1239 2621 1360 2674 θεῖα
1387 2623 1446 2676 ἐν
1475 2625 1596 2686 ταῖς
1623 2623 1786 2689 πλαξὶ
1815 2627 1937 2688 ταῖς

357 2707 586 2770 λιθίναις
607 2707 838 2776 ἔχουσαν
864 2709 1038 2777 λόγια,
1071 2711 1213 2764 οὕτω
1237 2714 1329 2766 καὶ
1353 2713 1610 2784 ὑπεράνω
1629 2715 1724 2768 τοῦ
1759 2716 1935 2786 μύρου

359 2799 452 2850 καὶ
481 2799 592 2851 τῶν
613 2800 788 2864 ἁγίων
809 2801 1008 2865 ταῦτα,
1055 2805 1148 2855 καὶ
1181 2803 1261 2857 ἔτι
1316 2805 1417 2872 τῆς
1447 2809 1602 2876 ἱερᾶς
1656 2810 1938 2879 τραπέζης

361 2891 516 2954 εἰσὶν,
548 2893 623 2954 ὡς
662 2892 730 2945 τὰ
786 2893 1092 2963 ὑψηλότερα.
1147 2899 1504 2966 κεκτημένων
1563 2901 1787 2966 τούτων,
1847 2903 1938 2954 καὶ

371 2981 570 3047 μᾶλλον
605 2983 730 3035 ἀντὶ
783 2985 884 3052 τῆς
945 2989 1104 3050 σκιᾶς
1173 2992 1272 3055 τὴν
1333 2991 1612 3059 ἀλήθειαν.
1679 2993 1938 3062 Ἐπείπερ

363 3077 477 3125 ἐκεῖ
504 3074 673 3136 τύπος
692 3071 762 3144 ἦν
793 3078 993 3141 πάντα,
1044 3079 1136 3130 καὶ
1183 3079 1338 3149 ἄρτοι
1381 3081 1602 3150 ἄζυμοι,
1669 3085 1792 3136 ἀντὶ
1841 3085 1936 3144 τοῦ

2032 603 2266 659 elIusum
2308 616 2424 672 est,
2454 623 2720 678 sacroque
2759 610 2876 664 velo
2911 619 3240 680 protectum,
3271 610 3325 664 in
3359 610 3604 672 sacrario

2033 697 2274 764 ponitur,
2308 698 2444 754 facta
2471 701 2842 757 translatione.
2863 702 2928 756 Et
2949 718 3103 756 sacra
3125 703 3339 772 liturgia
3367 703 3610 772 incepta,

2033 797 2083 838 et
2127 789 2356 842 solemni
2403 791 2656 855 introitu,
2691 793 2896 860 primus
2947 793 3170 856 incedit,
3216 793 3308 862 qui
3344 809 3606 850 cierentu-

2035 877 2179 930 niam
2219 881 2382 944 regit,
2409 880 2606 937 deinde
2639 884 2872 938 lectores
2930 885 3017 953 qui
3068 883 3350 951 lampades
3401 885 3606 948 ferunt,

2035 977 2196 1036 atque
2247 970 2317 1024 ita
2347 972 2586 1026 divinam
2634 977 2812 1030 sancti
2861 976 3103 1044 Spiritus
3148 977 3602 1034 illuminationem

2033 1073 2466 1142 reprsrsentant;
2519 1065 2717 1122 deinde
2761 1069 2969 1134 primus
3003 1069 3348 1124 sacerdotum
3375 1109 3389 1131 ο
3421 1071 3604 1123 alaba-

2033 1164 2208 1208 strum
2248 1156 2500 1210 manibus
2529 1167 2740 1224 tenens,
2769 1160 2938 1228 ipsam
2969 1159 3208 1227 Spiritus
3233 1160 3460 1236 gratiam
3492 1176 3606 1214 ma-

2033 1245 2318 1302 nifestans.
2375 1249 2505 1304 Ideo
2563 1251 2710 1305 enim
2753 1262 2807 1306 et
2843 1253 3046 1321 primus
3085 1252 3216 1307 illud
3272 1260 3440 1312 tenet,
3484 1259 3603 1304 tau—

2032 1354 2194 1407 quam
2223 1342 2550 1408 perfectior;
2608 1353 2732 1398 ante
2786 1354 2839 1396 et
2879 1360 2908 1398 a
2957 1345 3125 1400 latere
3179 1353 3286 1399 eta
3318 1355 3488 1411 tergo,
3515 1359 3610 1400 set

2033 1429 2248 1484 diaconi
2303 1432 2592 1486 duodecim
2661 1434 2896 1490 ferentes
2960 1435 3096 1498 alas,
3141 1445 3199 1489 ut
3253 1451 3483 1507 magnus
3534 1437 3610 1490 ait

2039 1523 2354 1594 Dionysius,
2391 1527 2437 1577 id
2467 1536 2549 1580 est
2581 1526 2792 1582 ﬂabella
2880 1527 2990 1582 Illa:
3039 1542 3166 1582 vero
3204 1528 3448 1584 indicant
3472 1527 3613 1580 divi-

2037 1631 2134 1670 nas
2197 1625 2250 1670 et
2301 1617 2572 1684 angelicas
2616 1620 2864 1684 virtutes,
2924 1621 3250 1688 illarumque
3307 1620 3614 1686 intelligen-

2039 1705 2164 1757 tiam
2205 1714 2258 1758 et
2286 1706 2752 1772 spiritualitatetn.
2801 1708 3011 1762 Etenim
3073 1707 3358 1777 Seraphint
3387 1717 3438 1760 et
3475 1706 3615 1762 Che-

2039 1796 2212 1850 rubim
2271 1797 2547 1866 prophetis
2582 1798 2682 1851 alis
2713 1799 2902 1852 muniti
2938 1799 3114 1870 angeli
3169 1813 3487 1868 apparuere.
3549 1797 3613 1852 Et

2035 1887 2494 1954 quemadmodum
2549 1889 2654 1942 illa:
2708 1891 2804 1943 ala:
2875 1891 3344 1946 contrahebantur
3378 1892 3606 1956 gratiam

2035 1978 2390 2047 accipientes,
2428 1982 2500 2036 ita
2543 1989 2596 2035 et
2620 1997 2716 2034 nos
2751 1984 2982 2051 gratiam
3019 1981 3483 2052 comprehendere
3514 1981 3605 2034 dc-

2035 2067 2248 2132 bemus,
2287 2069 2450 2138 idque
2494 2085 2589 2140 per
2651 2073 2937 2140 prmdictas
2978 2072 3092 2128 alas
3139 2071 3496 2126 ostendimus.
3551 2069 3615 2123 Et

2034 2161 2490 2228 quemadmodum
2522 2163 2572 2215 in
2603 2163 2958 2218 tabernaon
2989 2165 3132 2219 illius
3184 2179 3326 2218 arca:
3373 2179 3495 2234 qua:
3551 2162 3610 2216 li-

2037 2268 2168 2320 gura
2218 2263 2352 2315 erat,
2416 2263 2576 2308 erant
2631 2253 2928 2308 Clterubim
2995 2255 3266 2323 insculpta
3318 2265 3374 2309 et
3417 2255 3610 2315 incisa.

2041 2345 2272 2414 propriis
2328 2345 2427 2399 alis
2483 2361 2641 2408 eam,
2713 2346 2934 2400 honoris
2980 2361 3165 2408 causa,
3223 2348 3613 2418 ‘protegenti’a.

2035 2438 2234 2508 quippe
2291 2453 2408 2507 qua:
2444 2439 2593 2494 intus
2622 2439 2803 2492 divina
2857 2440 3080 2493 oracula
3139 2441 3196 2493 in
3232 2439 3433 2494 tabulis
3484 2438 3619 2509 lapi-

2036 2528 2151 2586 deis
2183 2531 2506 2592 contineret,
2525 2530 2600 2583 ita
2621 2540 2668 2583 et
2699 2545 2862 2598 supra
2893 2531 3068 2584 oleum
3097 2532 3196 2584 hoc
3223 2541 3276 2585 et
3302 2531 3404 2584 alia
3430 2541 3615 2585 sancta

2037 2631 2090 2676 et
2129 2637 2292 2691 supra
2328 2637 2540 2676 sacram
2571 2635 2814 2676 mensam
2840 2637 2958 2690 qua:
2989 2622 3286 2675 excelsiora
3314 2623 3617 2684 continent,

2037 2723 2092 2766 ct
2127 2713 2410 2766 veritatem
2469 2726 2568 2766 nec
2603 2711 2989 2764 tantummodo
3021 2710 3296 2763 tunlu-am.
3355 2709 3426 2762 lbi
3469 2711 3618 2762 enim

2038 2805 2218 2860 omnia
2259 2811 2414 2858 erant
2463 2803 2670 2872 ﬁgurae,
2699 2811 2750 2855 et
2797 2815 2964 2870 panes
2997 2799 3192 2870 azymi,
3223 2814 3318 2866 pro
3367 2815 3496 2854 vero
3525 2802 3620 2854 ille‘

2039 2914 2102 2954 ac
2133 2897 2346 2952 vivente
2403 2895 2581 2962 Pane;
2623 2903 2678 2949 et
2729 2893 3126 2946 irrationalium
3155 2892 3438 2960 sanguinis
3465 2893 3615 2946 obla-

2041 2989 2114 3042 tio
2179 3001 2278 3056 pro
2315 2985 2588 3055 sanguine
2641 2981 2800 3036 Verbi
2841 2979 2974 3045 Dei;
3009 2989 3061 3034 et
3106 2981 3286 3034 oleum
3344 2981 3619 3036 unctionis

2043 3095 2138 3148 pro
2168 3081 2312 3132 dono
2340 3077 2513 3132 sancti
2543 3073 2801 3142 Spiritus.
2828 3071 2908 3128 lbi
2945 3083 3124 3124 autem
3173 3079 3254 3126 est
3287 3073 3408 3124 vitae
3441 3073 3619 3140 panis,

363 3167 532 3234 ἄρτου
580 3165 774 3220 τούτου
823 3167 920 3221 τοῦ
979 3169 1202 3238 ζῶντος,
1253 3173 1343 3224 καὶ
1399 3173 1612 3240 ἀλόγων
1681 3175 1936 3246 θυμάτων

2045 3169 2232 3238 ipsum
2270 3181 2472 3235 corpus
2523 3172 2576 3217 et
2624 3163 2849 3232 sanguis
2885 3161 3110 3220 Christi,
3151 3175 3246 3229 pro
3283 3159 3440 3214 nobis
3471 3160 3622 3212 inde-

361 3257 569 3325 αἵματα
593 3258 692 3312 καῖ
717 3263 1103 3328 προσαγωγαλη
1133 3263 1256 3316 ἀντὶ
1288 3273 1380 3318 τοῦ
1409 3267 1643 3334 αἵματος
1672 3269 1766 3322 τοῦ
1802 3271 1938 3323 Θεοῦ

365 3351 683 3414 Αόγου,καὶ
729 3349 908 3406 ἔλαιον
964 3353 1063 3423 τῆς
1127 3355 1374 3424 κρίσεως
1415 3359 1536 3411 ἀντὶ
1580 3360 1678 3429 τῆς
1733 3361 1941 3432 δωρεᾶς

363 3441 456 3495 τοῦ
495 3443 649 3510 ἁγίου
679 3443 1019 3514 Πνεύματος.
1071 3446 1338 3500 Ἐνταῦθα
1365 3449 1420 3501 δὲ
1451 3451 1478 3502 ὁ
1503 3451 1599 3517 τῆς
1627 3450 1772 3518 ζωῆς
1795 3455 1942 3506 ἐστιν

359 3531 554 3600 ἁρτος,
581 3533 716 3586 αὐτὸ
739 3533 800 3586 τὸ
842 3535 1004 3604 σῶμα
1035 3535 1132 3588 καὶ
1161 3532 1304 3604 αἷμα
1356 3539 1452 3591 τοῦ
1505 3541 1744 3602 Χριστοῦ
1803 3543 1942 3612 ὑπὲρ

365 3628 528 3693 ἡμῶν
565 3627 862 3692 ἀπαύστοις
881 3629 1168 3699 θυόμενον,
1189 3633 1283 3685 καὶ
1310 3633 1342 3703 ἡ
1371 3635 1551 3702 χρίσις
1592 3635 1690 3703 τῆς
1735 3635 1944 3706 δωρεᾶς

361 3718 464 3770 τοῦ
495 3720 756 3782 ζωοποιοῦ
787 3719 1128 3789 Πνεύματος.
1161 3723 1318 3777 Μετὰ
1350 3725 1405 3778 δὲ
1451 3724 1550 3788 τὰς
1581 3723 1787 3780 δώδεκα
1817 3725 1944 3778 πτέ-

369 3827 571 3880 ρυγας,
597 3811 714 3880 ἦτοι
735 3812 804 3864 τὰ
844 3814 1074 3882 ριπίδια,
1109 3815 1158 3866 οἱ
1187 3815 1370 3867 λοιποὶ
1395 3816 1640 3870 διάκονοι
1695 3816 1942 3886 ἔρχονται

367 3903 512 3954 κατὰ
541 3903 800 3970 συζυγίαν
829 3903 902 3968 ὡς
955 3903 1098 3969 ἔθος,
1133 3907 1518 3972 προοδεύοντες
1565 3910 1672 3960 τῶν
1731 3909 1902 3974 ἁγίων
1928 3925 1940 3938 ·

367 3995 466 4047 καὶ
491 3996 524 4062 ἡ
555 3994 715 4064 λοιπὴ
741 3995 896 4059 τάξις
923 3997 1288 4050 ἐπακολουθεῖ
1320 4001 1420 4067 τῆς
1455 3999 1683 4053 εἰσόδου.
1725 3999 1944 4052 Δώδεκα

366 4087 430 4138 δὲ
453 4087 750 4155 πτέρυγες,
782 4090 876 4140 καὶ
895 4087 986 4140 διὰ
1018 4089 1118 4158 τὴν
1169 4088 1445 4142 δωδεκάδα
1487 4089 1598 4142 τῶν
1666 4089 1944 4158 μαθητῶν,

367 4175 466 4234 οὓς
501 4179 536 4235 ἡ
597 4177 760 4244 χάρις
807 4175 904 4228 τοῦ
932 4175 1250 4246 Πνεύματος
1281 4179 1338 4243 ἐξ
1399 4179 1578 4248 ἀρχῆς
1635 4179 1943 4244 ἐτελείωσε,

371 4271 474 4320 καὶ
505 4268 592 4319 διὰ
621 4269 690 4321 τὰ
716 4269 810 4322 δύο
858 4269 1143 4339 Χερουϐὶμ
1191 4272 1256 4338 τῇ
1317 4273 1484 4341 σκηνῇ
1541 4271 1946 4340 παριστάμενα,

367 4361 580 4412 ῖώδεκα
613 4353 890 4430 πτέρυγας
944 4363 1165 4430 ἔχοντα.
1233 4361 1329 4426 Ἓξ
1387 4363 1494 4432 γὰρ
1549 4363 1822 4432 πτέρυγες
1871 4363 1950 4434 τῷ

371 4451 480 4515 ἑνὶ,
510 4453 602 4504 καὶ
627 4453 688 4516 ἒξ
717 4457 991 4522 πτέρυγες
1017 4452 1094 4523 τῷ
1127 4453 1228 4516 ἐνὶ,
1257 4451 1424 4520 φησίν
1450 4467 1462 4482 ·
1496 4452 1524 4504 ὃ
1558 4456 1652 4504 καὶ
1685 4453 1814 4524 περὶ
1844 4453 1951 4506 τῶν

373 4545 624 4613 Σεραφὶμ
655 4545 984 4614 γέγραπται.
1038 4545 1196 4605 Τινὲς
1248 4543 1308 4594 δὲ
1339 4545 1755 4615 τετραπτερυγα
1810 4546 1950 4613 γρά-

371 4639 626 4704 φουσιτὰ
665 4636 970 4705 Χερουϐὶμ,
1033 4635 1382 4704 ἑξαπτέρυγα
1435 4635 1490 4686 δὲ
1541 4635 1609 4688 τὰ
1656 4637 1905 4704 Σεραφίμ
1935 4651 1950 4666 ·

372 4709 630 4781 ταῦτα’δὲ
665 4727 913 4797 μείζονός
977 4743 1110 4794 φασι
1167 4725 1394 4790 τάξεως,
1445 4724 1478 4794 ἢ
1527 4727 1596 4778 τὰ
1651 4717 1954 4796 Χερουδίμ.

375 4819 470 4870 Διὸ
504 4818 646 4886 ὑπὲρ
701 4819 793 4870 τὸν
839 4818 1008 4883 νόμον
1055 4811 1192 4869 οὖσα
1245 4817 1278 4886 ή
1351 4816 1668 4885 Ἐκκλησία,
1715 4818 1807 4871 τὸν
1849 4818 1958 4870 τῶν

375 4911 766 4980 ἑξαπτερύγων
796 4911 1034 4962 ποιεῖται
1054 4909 1246 4972 τύπον,
1283 4909 1377 4962 καὶ
1426 4911 1496 4961 τὰ
1542 4907 1749 4962 δώδεκα
1802 4911 1956 4981 φέρει

377 5003 589 5074 ῥεπίδια
613 5005 736 5054 ἀντὶ
768 5001 876 5053 τῶν
909 5002 1004 5054 δύο
1040 5002 1318 5072 Σεραφίμ.
1361 4999 1555 5053 Ἢνίκα
1585 4997 1682 5053 οὖν
1728 5003 1776 5053 οι
1824 5005 1958 5055 ἁνα-

375 5095 618 5163 γνῶσται
650 5093 764 5163 89
795 5093 1130 5158 είσέλθωσιν,
1156 5095 1205 5146 οἱ
1253 5093 1572 5162 κατέχοντες
1591 5093 1832 5148 διάκονοι
1861 5095 1958 5158 τὰς

379 5187 658 5254 πτέρυγας
697 5185 947 5237 ἴστανται
979 5184 1326 5255 ἑκατέρωθεν
1355 5185 1450 5238 τοῦ
1499 5185 1562 5240 τὸ
1615 5187 1788 5257 μύρον
1858 5205 1960 5240 κα·-

379 5279 628 5347 τέχοντος
659 5276 1072 5345 πρεσϐυτέρους
1093 5277 1266 5347 τιμὴν
1330 5279 1482 5350 αὑτῷ
1537 5281 1812 5349 νέμοντες,
1863 5281 1958 5334 καὶ

380 5365 492 5423 οἷον
519 5369 958 5432 ὲπισκιάζοντες.
993 5367 1196 5422 Τούτου
1229 5371 1286 5424 δὲ
1341 5371 1652 5440 φθάσαντος
1708 5373 1810 5444 ήδη
1857 5373 1958 5436 τὰς

383 5469 552 5536 θύρας
603 5467 704 5530 τὰς
775 5465 957 5534 ἁγίας,
1003 5467 1038 5519 ’ό
1094 5467 1438 5537 πατριάρχης
1501 5470 1826 5539 κατέρχεται
1861 5469 1962 5537 τῆς

386 5560 644 5630 κρηπῖδος
676 5559 777 5628 τῆς
823 5559 998 5626 ἱερᾶς,
1041 5559 1134 5611 καὶ
1163 5557 1433 5629 nauem:
1463 5563 1524 5613 τὸ
1557 5561 1728 5630 μύρον
1758 5563 1822 5616 ἐκ
1851 5561 1962 5615 τῶν

388 5653 586 5723 χειρῶν
615 5651 710 5704 τοῦ
738 5651 1135 5722 πρεσϐυτέρου,
1161 5653 1256 5704 καὶ
1286 5655 1354 5723 τῇ
1380 5654 1795 5724 ἱερᾷὲπιτίθησι
1827 5671 1960 5726 τρα-

391 5741 548 5812 πέζῃ,
593 5742 818 5810 μείζονα
861 5743 952 5794 καὶ
985 5741 1094 5794 τῶν
1127 5742 1314 5812 δώρων
1343 5743 1464 5796 τότε
1527 5744 1602 5806 ὡς
1655 5745 1962 5799 ἀτελέστων

393 5833 470 5886 ἔτι
500 5833 672 5898 διδοὺς
703 5831 782 5902 τῷ
816 5831 970 5904 μύρῳ
997 5833 1096 5904 τὴν
1113 5835 1276 5904 τιμήν
1297 5849 1312 5864 ⁸
1345 5833 1468 5903 ἢὼς
1494 5835 1750 5890 ὲπιπλέον
1807 5836 1964 5900 fma.

2045 3262 2288 3314 sinenler
2337 3257 2552 3321 oblata;
2592 3262 2646 3310 et
2683 3255 2872 3308 unctio
2905 3253 3034 3305 doni
3081 3251 3410 3306 viviﬂt-antis
3449 3251 3628 3318 Spiri-

2045 3363 2150 3406 tus.
2189 3351 2322 3408 Post
2363 3350 2648 3406 duodecim
2707 3350 2821 3404 alas
2853 3364 2946 3403 seu
2979 3345 3216 3408 ﬂabella,
3249 3346 3443 3414 reliqui
3505 3343 3626 3399 dia-

2045 3445 2166 3498 coni
2224 3444 2448 3497 veniunt
2491 3443 2653 3505 boni,
2689 3455 2838 3496 more
2890 3437 3076 3502 solito,
3110 3433 3628 3503 sanclapraaceden-

2047 3544 2148 3590 tes.
2186 3535 2252 3589 Et
2292 3537 2538 3602 reliquus
2575 3535 2714 3588 ordo
2743 3532 3054 3586 successive
3106 3529 3289 3582 intrat.
3327 3527 3624 3581 Duodecim

2049 3644 2176 3682 vero
2207 3628 2306 3683 alte
2337 3637 2391 3683 et
2425 3636 2648 3698 propter
2675 3626 2960 3680 duodecim
3013 3623 3336 3691 discipulos.
3369 3635 3508 3698 quos
3533 3635 3628 3675 sa-

2046 3725 2217 3778 cravit
2257 3723 2324 3777 ab
2350 3723 2507 3776 initio
2543 3719 2782 3790 Spiritus
2830 3718 3004 3773 sancti
3070 3716 3268 3786 gratia,
3318 3719 3374 3766 et
3405 3723 3629 3782 propter

2046 3815 2469 3871 duoCherubim
2511 3821 2638 3866 ante
2691 3807 3100 3864 tabernaculum
3157 3806 3359 3861 stantia
3391 3815 3448 3859 et
3491 3806 3632 3857 duo-

2048 3910 2223 3964 decim
2276 3907 2389 3961 alas
2449 3902 2726 3960 habentia.
2767 3921 2785 3953 ι
2825 3901 2932 3954 Sex
2983 3900 3128 3954 enim
3189 3897 3626 3960 alteuni,etsex

2050 4004 2148 4056 alte
2223 4001 2412 4061 alteri,
2455 4019 2475 4051 ι
2521 3997 2728 4064 inquit;
2784 3993 2929 4064 quod
2971 3991 3191 4060 quidem
3242 3991 3307 4044 de
3341 3991 3626 4059 Serapbim

2051 4095 2315 4162 scriptum
2348 4102 2452 4145 est.
2505 4087 2738 4155 Quidam
2787 4099 2916 4138 vero
2949 4083 3200 4138 scribunt
3233 4091 3472 4152 quatuor
3512 4084 3628 4136 alas

2051 4182 2348 4238 Cltcrubim
2398 4189 2453 4234 et
2487 4193 2580 4234 sex
2636 4177 2750 4230 alas
2806 4173 3133 4243 Seraphim;
3199 4186 3368 4239 eaque
3407 4171 3632 4237 majoris

2053 4275 2263 4331 ordinis
2290 4274 2478 4328 dicunt
2501 4285 2622 4324 esse
2647 4283 2809 4336 quam
2845 4265 3164 4320 Cherubim.
3199 4264 3324 4318 Ideo
3369 4279 3494 4318 cum
3523 4279 3634 4334 Isn-

2057 4385 2148 4438 pra
2171 4367 2340 4434 legem
2365 4365 2434 4419 sit
2459 4361 2718 4422 Ecclesia,
2741 4360 2966 4429 ﬁguram
2987 4372 3174 4413 earum
3193 4371 3285 4409 sex
3305 4355 3512 4409 alarum
3530 4353 3634 4409 sibi

2059 4463 2184 4515 facit
2211 4467 2262 4514 et
2293 4457 2578 4513 duodecim
2621 4453 2836 4508 ﬂabella
2870 4451 2970 4506 fert
3014 4465 3113 4517 pro
3145 4463 3376 4502 nunmro
3419 4449 3632 4502 alarum

2059 4554 2294 4608 duorum
2341 4549 2660 4618 Serapbitn;
2697 4543 2916 4614 quando
2943 4543 3111 4610 igitur
3141 4542 3368 4600 lectores
3410 4541 3636 4595 introie-

2061 4655 2210 4708 runt,
2271 4641 2492 4697 diaconi
2528 4639 2618 4708 qui
2661 4635 2774 4689 alas
2809 4643 3018 4697 tenent,
3055 4635 3470 4688 constituuntur
3501 4632 3633 4684 hinc

2059 4747 2112 4794 et
2143 4738 2268 4791 inde
2301 4747 2467 4803 prope
2498 4745 2620 4784 eum
2665 4727 2760 4796 qui
2819 4725 2997 4779 olemn
3037 4735 3184 4778 tenet
3239 4723 3633 4792 presbyterum,

2061 4832 2324 4884 honorem
2385 4823 2490 4891 ipsi
2552 4825 2805 4888 gerentes
2835 4823 2887 4870 et
2933 4822 3189 4883 tanquam
3225 4813 3638 4868 obumbrantes.

2063 4921 2350 4986 Postquam
2393 4914 2504 4982 jam
2563 4910 2629 4963 ad
2671 4921 2860 4963 sacras
2889 4905 3033 4960 fures
3069 4906 3178 4975 illel
3206 4905 3468 4974 pervenit,
3505 4913 3644 4957 tunc-

2062 5006 2370 5080 patriarcba
2407 5019 2433 5054 a
2459 5001 2668 5056 sanctis
2697 4999 2958 5069 gradibus
3005 4997 3308 5057 desecndit,
3351 5003 3403 5050 et
3452 4995 3634 5049 oletun

2061 5102 2254 5170 accipit
2284 5099 2352 5151 de
2407 5095 2659 5148 manibus
2697 5087 3019 5162 presbyteri,
3057 5099 3111 5143 et
3143 5091 3194 5141 in
3245 5088 3430 5141 divina
3491 5087 3624 5140 illud

2062 5205 2248 5244 mensa
2291 5185 2534 5255 deponit,
2586 5184 2846 5252 ntajnrem
2887 5182 3134 5236 tribuens
3162 5180 3284 5231 oleo
3344 5179 3634 5244 honorem,

2061 5297 2222 5353 quam
2281 5279 2444 5334 donis
2501 5276 2744 5331 nondum
2809 5272 3172 5334 consecratis,
3223 5269 3318 5322 sed
3374 5270 3636 5340 majorem

2062 5372 2546 5430 sanctiﬁcationem
2592 5366 2822 5436 accepit.
2881 5364 3090 5418 Etenim
3125 5361 3462 5416 sanctiﬁcata
3515 5368 3640 5433 qui-

2063 5470 2184 5522 dem
2218 5475 2272 5518 et
2297 5463 2404 5518 Deo
2435 5463 2616 5515 oblata
2644 5459 2783 5513 dona
2809 5463 2958 5518 sunt,
2993 5453 3084 5507 sed
3111 5451 3288 5507 adhuc
3321 5451 3638 5522 imperfecta

2064 5567 2117 5612 et
2139 5552 2482 5610 solummodo
2535 5547 3001 5620 reprarseutativa.
3067 5545 3254 5600 Oleum
3287 5555 3492 5604 autem,
3537 5553 3640 5598 etst

2019 5646 2308 5704 -nondum
2362 5653 2742 5698 consecratum
2813 5639 2904 5704 sit,
2961 5637 3042 5692 bis
3095 5646 3330 5690 tamenn
3383 5635 3642 5704 pontiﬁce

2066 5751 2253 5809 preces
2275 5735 2480 5804 accepit
2509 5735 2643 5788 etab
2666 5732 2758 5787 illo
2779 5729 3119 5786 benedictum
3141 5738 3240 5782 est.
3266 5728 3394 5790 Aut,
3425 5737 3486 5780 ut
3509 5740 3641 5780 unm

2067 5827 2420 5886 verisimilius
2465 5827 2712 5892 videtur,
2767 5825 2891 5894 quia
2955 5819 3400 5882 communionem
3449 5818 3632 5874 oleum
