4044 6198
382 342 487 402 213

1216 346 1357 406 SYM
1370 346 1598 409 EONIS
1649 351 2408 416 THESSALONICENSIS
2443 357 2793 420 ARCHJEP.

3541 363 3646 423 21?:

380 453 655 520 prwredit.
694 454 931 507 Primum
1004 455 1149 508 enim
1203 458 1325 510 oleo
1367 460 1642 528 nngimnr,
1685 472 1737 515 ct
1769 461 1971 516 deinde

2076 467 2253 538 σμένῳ
2283 471 2401 531 ταῖς
2438 472 2780 539 προσευχαῖς.
2807 471 2903 523 κα
2940 469 3049 541 γὰρ
3080 472 3385 541 ἡγιασμένα
3428 462 3647 542 μεθ’κώ

380 545 631 613 mysteria
667 547 1075 614 participanms.
1121 548 1184 600 Et
1230 550 1401 603 altare
1459 552 1691 619 primum
1742 554 1961 623 quidem

379 633 501 686 uleo
533 634 905 689 sanctiﬁcatur
934 653 948 703 ;
982 638 1180 693 deinde
1210 638 1261 692 in
1293 654 1359 694 eo
1397 655 1552 695 sacra
1592 643 1813 713 liturgia
1839 659 1963 714 per-

382 724 580 778 ficitur.
623 726 849 795 Oportet
891 733 1035 782 enim
1099 730 1334 799 primum
1362 747 1463 787 nos
1517 734 1874 799 sanctiiicari,
1906 743 1959 788 ct

380 829 510 875 tunc
539 830 755 876 sacrata
808 822 1072 890 recipere.
1153 821 1406 890 Deposito
1461 826 1628 895 igitur
1685 828 1737 880 in
1774 826 1957 881 divina

382 927 588 975 mensa,
618 914 842 967 sinistro
886 913 1053 967 latere
1083 915 1218 967 disci
1248 955 1263 978 ,
1301 917 1444 979 oleo,
1504 918 1842 986 patriarcha,
1895 920 1958 973 li-

379 1004 613 1072 turgiam
666 1014 941 1073 operatur,
994 1017 1045 1060 et
1104 1016 1393 1075 postquam
1441 1022 1597 1063 sacra
1631 988 1858 1079 peregit,
1902 1024 1962 1064 ct

380 1094 515 1146 dixit
542 1111 555 1146 :
587 1112 603 1144 ι
637 1091 702 1145 Ει
734 1102 893 1148 erunt
924 1096 1295 1150 misericordis
1316 1097 1407 1151 Dei
1436 1110 1621 1166 Opera,
1655 1118 1672 1150 ι
1711 1108 1761 1153 et
1790 1099 1962 1167 prius-

381 1200 543 1251 quam
573 1184 840 1241 diaconus
863 1188 1007 1241 dicat
1043 1205 1057 1241 :
1101 1207 1118 1240 ι
1164 1186 1419 1243 Omnium
1456 1200 1769 1245 sanctorum
1822 1191 1963 1244 facta

380 1281 938 1343 commemoratione;
978 1299 995 1331 ι
1032 1281 1168 1333 redit
1194 1280 1258 1335 ad
1280 1292 1484 1336 sanctze
1505 1298 1706 1336 mensae
1731 1284 1958 1353 gradus,

380 1380 431 1425 et
470 1373 880 1442 dichOpcriens
905 1375 1108 1435 oleum,
1155 1382 1236 1428 ter
1269 1374 1398 1428 illud
1432 1374 1632 1442 signat.
1662 1376 1965 1430 Consrcra-

380 1466 587 1520 tionem
645 1468 753 1537 jam
812 1467 990 1521 oleurn
1025 1468 1242 1536 accipit,
1282 1478 1335 1522 et
1382 1486 1485 1522 nun
1553 1481 1762 1536 oportet
1832 1470 1961 1525 illud

384 1560 514 1625 tegi,
540 1560 634 1613 sed
668 1559 1079 1628 discoopertum
1111 1575 1254 1625 esse,
1283 1570 1338 1614 et
1382 1576 1511 1630 pure
1545 1577 1608 1615 ac
1653 1562 1962 1618 immediate

381 1653 847 1706 consecrationem
881 1653 1145 1722 recipere.

2018 604 2023 609 .
2071 542 2153 610 τςῖ
2176 557 2327 628 δῶρα
2349 560 2444 613 καὶ
2480 561 2883 630 ἀνατεθειμένα
2909 560 3047 629 Θεῷ,
3078 562 3191 615 ἀλλ’
3250 563 3331 616 ἐτι
3388 564 3647 617 ἀτέλεστα

2070 650 2169 702 καὶ
2189 652 2463 705 ἁντίτυπά
2491 654 2621 707 εἰσι.
2652 654 2725 706 Τὸ
2753 653 2928 725 μῦρον
2954 655 3030 721 δὲ,
3101 657 3150 708 εί
3181 656 3276 710 καὶ
3303 656 3456 711 οὔπω
3500 675 3649 710 τετε-

2068 739 2352 809 λεσμένον.
2385 744 2526 796 ἀλλὰ
2553 744 2633 808 δῖς
2668 746 2770 809 τὰς
2807 748 3117 818 προσευχᾶς
3172 749 3277 802 ὑπὸ
3316 748 3407 802 τοῦ
3459 751 3648 819 ἀρχιε-

2070 835 2208 904 ρέως
2241 835 2480 902 ἐδέξατο,
2512 839 2607 890 καὶ
2637 840 2936 910 εὐλογηθὲν
3002 837 3071 912 ἦν
3102 839 3194 893 ὑπ’
3250 840 3418 894 αὐτοῦ
3444 858 3460 873 ο
3489 842 3522 912 ἦ
3575 840 3651 905 ὡς

2069 927 2163 978 καὶ
2198 927 2629 998 ἀναγκαιότερον
2657 932 2785 1002 ἐμοὶ
2832 932 3002 994 δοκεῖ,
3031 933 3120 988 sta
3144 933 3205 987 τὸ
3261 935 3654 1005 προκαταλαμο

2071 1015 2259 1072 δανειν
2283 1020 2341 1073 τὸ
2371 1021 2544 1093 μύρον
2573 1026 2673 1095 τῆς
2706 1016 3013 1090 κοινωνίαςο
3050 1026 3266 1096 πρῶτον
3307 1027 3406 1097 μὲν
3440 1028 3551 1099 γὰρ
3576 1030 3654 1097 τῷ

2077 1108 2234 1180 μύρῳ
2268 1113 2558 1182 χριόμεϐα,
2603 1115 2794 1169 ἔπειτα
2851 1118 2908 1171 δὲ
2963 1117 3330 1189 κοινωνοῦμεν
3381 1119 3490 1172 τῶν
3550 1138 3654 1187 μυ⁴

2077 1202 2338 1272 στηρίων.
2365 1204 2475 1259 Καὶ
2505 1206 2569 1259 τὸ
2599 1206 2987 1278 θυσιαστήριον
3014 1228 3231 1281 πρωτον
3269 1212 3366 1281 μὲν
3389 1212 3464 1282 τῷ
3500 1212 3656 1282 μύρῳ

2081 1292 2475 1361 καθαγιὰζεται
2504 1315 2515 1327 ·
2545 1298 2736 1354 ἔπειτα
2765 1300 2822 1354 δὲ
2840 1302 2899 1353 ὲν
2920 1301 3067 1372 αὐτῷ
3095 1305 3163 1355 τὰ
3214 1302 3313 1373 τῆς
3343 1304 3656 1374 ἱερουργίας

2075 1386 2337 1443 τελεῖται.
2401 1392 2493 1442 Δεῖ
2546 1391 2656 1459 γὰρ
2710 1393 2925 1463 πρῶτον
2976 1394 3307 1462 ἀγιασθξναι
3348 1397 3515 1465 ἡμᾶς.
3562 1396 3660 1448 καὶ

2073 1476 2194 1529 τότε
2227 1479 2316 1531 τὸν
2344 1481 2499 1548 ἅγιον
2534 1483 2918 1551 ὑποδέξασθαι.
2945 1485 3067 1549 Θεὶς
3091 1482 3186 1539 οὖν
3213 1490 3267 1538 ἐν
3288 1489 3355 1557 τῇ
3386 1487 3506 1557 Θείᾳ
3529 1502 3664 1554 τρα-

2073 1566 2214 1639 πέζῃ
2235 1569 2293 1636 ἐξ
2326 1571 2634 1643 ἀριστερῶν
2660 1574 2754 1628 τοῦ
2788 1575 2974 1630 δίσκου
3005 1577 3065 1630 τὸ
3114 1578 3284 1647 μύρον
3321 1580 3349 1630 ὀ
3391 1577 3663 1648 πατριάρ-

2071 1673 2194 1726 χης,
2231 1660 2328 1712 καὶ
2352 1663 2419 1714 τά
2444 1663 2542 1732 τῆς
2572 1663 2915 1736 λειτουργίας
2965 1668 3229 1737 ἐνεργῶν,
3281 1672 3419 1735 μετά
3450 1669 3513 1723 τδ
3570 1686 3665 1723 τε·

380 1742 603 1797 λειῶσαι
636 1743 700 1797 τὰ
740 1745 926 1814 Ἀγια,
960 1748 1054 1799 καὶ
1096 1746 1293 1813 εἰπεῖν,
1326 1764 1346 1798 ε
1378 1747 1485 1800 Καὶ
1535 1747 1689 1800 ἔσται
1718 1748 1786 1801 τά
1834 1748 1957 1821 ὲλέη
2008 1750 2105 1803 τοῦ
2146 1753 2388 1820 μεγάλου
2423 1755 2581 1822 Θεοῦ,
2628 1778 2647 1812 ι
2684 1759 2790 1830 πρὸ
2847 1760 2944 1814 τοῦ
2988 1762 3164 1815 εἰπεῖν
3212 1761 3304 1815 τὸν
3385 1762 3658 1817 διάκονον,

386 1860 404 1890 ι
439 1840 663 1894 Πάντων
709 1842 819 1894 τῶν
848 1842 1021 1910 ἁγίων
1054 1842 1571 1923 μνημονεύσαντες,
1618 1862 1635 1895 ι
1671 1844 1961 1915 ἀνέρχεται
1991 1845 2072 1908 εἰς
2106 1845 2206 1917 τὴν
2234 1851 2480 1918 κρηπῖδα
2503 1853 2602 1924 τῆς
2640 1853 2804 1925 ἁγίας
2842 1861 3143 1932 τραπέζης.
3206 1861 3319 1915 Καὶ
3383 1858 3662 1914 ἀποκαλύο

378 1938 484 2009 ψας
517 1939 575 1990 τὺ
600 1939 772 2010 μύρον
794 1941 1085 2009 σφραγίζει
1119 1941 1258 2009 τρίς.
1292 1941 1403 2007 Τὴν
1454 1940 1562 2010 γὰρ
1587 1942 1811 2013 τελετὴν
1850 1943 1953 2013 ἤδη
1989 1943 2050 1997 τὸ
2078 1944 2255 2017 μύρον
2305 1946 2538 2020 δέχεται.
2606 1954 2716 2010 Καὶ
2751 1955 2812 2008 οὗ
2863 1956 2944 2012 δεῖ
2995 1958 3411 2031 κεκαλυμμένον
3466 1955 3628 2023 εἶναι,

379 2034 495 2087 ἀλλ’
524 2034 653 2088 αὐτὸ
680 2033 935 2105 καθαρῶς
969 2050 1029 2085 τε
1064 2034 1159 2086 καὶ
1186 2032 1409 2101 ἁμέσως
1445 2036 1543 2105 τὴν
1574 2035 1797 2105 τελετὴν
1826 2037 2213 2103 ὑποδέξασθαι.

915 2124 1149 2206 οΑρυτ
1196 2125 1433 2181 LXXIII.

554 2221 935 2275 Consideratio
978 2221 1299 2288 precationis
1325 2236 1485 2289 super
1526 2230 1809 2291 unguento.

454 2313 751 2383 Postquam
820 2312 1077 2381 signavit,
1138 2310 1419 2365 descendit
1489 2312 1754 2382 pontifex,
1810 2323 1973 2381 caput
2032 2374 2037 2379 ,

386 2407 614 2463 inclinat
655 2413 709 2459 et
746 2404 977 2474 primam
1013 2403 1145 2457 dicit
1171 2402 1477 2456 orationem
1507 2419 1522 2457 :
1557 2403 1817 2458 «Domine
1870 2404 1971 2457 mi-

386 2500 648 2565 sericors,
674 2506 726 2552 et
750 2496 911 2550 Pater
949 2494 1238 2549 luminum.
1276 2513 1295 2546 ι
1360 2495 1549 2550 Viden‘
1584 2495 1975 2552 misericordias

386 2589 481 2646 Dei
514 2588 692 2643 oleum
718 2602 842 2643 esse
872 2586 1224 2658 symbolum?
1260 2586 1322 2640 Et
1357 2585 1565 2655 reliqua
1604 2602 1726 2656 qua‘
1753 2586 1804 2640 in
1852 2588 1974 2643 oleo

386 2693 515 2739 sunt
543 2682 853 2737 divinorum
886 2679 1154 2734 donorum
1194 2689 1320 2734 sunt
1351 2680 1554 2748 ﬁgurae.
1595 2680 1700 2735 Sed
1750 2696 1878 2735 ecce
1921 2692 1975 2737 et

386 2791 522 2844 pure
554 2772 794 2844 Spiritus
819 2773 1051 2843 gratiam
1074 2772 1294 2841 accipit.
1347 2771 1523 2842 Pergit
1589 2773 1734 2827 cnim
1781 2771 1971 2828 Ponti-

386 2867 474 2922 lex
503 2886 515 2921 :
549 2885 566 2920 ι
599 2882 759 2937 aquo
787 2866 966 2922 omnis
1012 2866 1150 2920 bona
1209 2866 1383 2935 gratia
1434 2878 1484 2919 et
1547 2880 1708 2921 etnne
1766 2863 1971 2921 donum

387 2961 710 3027 perfectum.
739 2959 848 3013 »Ει
888 2959 1046 3014 ςσΤυ
1106 2974 1165 3014 es
1214 2961 1387 3029 quiin
1433 2961 1548 3029 lege
1598 2967 1649 3012 et
1696 2960 1975 3027 prophetis

388 3052 520 3107 illud
545 3052 740 3106 dedisti
775 3061 827 3106 et
868 3051 1136 3121 apostolis
1162 3053 1288 3106 tuis.
1322 3052 1522 3106 Emitte
1548 3052 1622 3104 ‘ln
1657 3051 1787 3105 illud
1852 3050 1976 3120 Spi-

386 3145 552 3198 ritum
584 3150 834 3197 sanctum
890 3153 1065 3207 tuum,
1104 3151 1158 3197 et
1193 3157 1455 3199 consecra
1500 3143 1603 3197 hoc
1634 3145 1839 3214 regium
1870 3159 1975 3197 un-

387 3244 669 3306 guentum,
706 3234 994 3304 spirituale
1043 3233 1341 3297 charisma,
1394 3233 1605 3289 animas
1651 3245 1705 3289 et
1742 3249 1975 3305 corpora

388 3327 766 3385 sanetiticans.
798 3347 817 3381 ι
852 3326 992 3383 Ecce
1020 3328 1418 3383 sanctiﬁcatum
1441 3336 1526 3383 est
1551 3331 1730 3381 oleum
1757 3345 1770 3392 ;
1818 3340 1983 3383 sanc-

388 3421 745 3475 titlcationem
783 3418 1020 3487 Spiritus
1050 3419 1127 3473 illi
1162 3418 1371 3473 tribuit.
1396 3438 1414 3471 ε
1438 3419 1629 3474 Oleum
1652 3419 1974 3476 exsultatio-

2658 2140 2910 2197 ΚΕΦᾹΛ.
2945 2141 3064 2199 01".

2356 2231 2579 2298 Θεωρ.α
2618 2230 2728 2300 τῆς
2757 2235 2864 2288 τοῦ
2910 2237 3107 2306 μύρου
3136 2235 3349 2306 εὐχῆς.

2148 2322 2311 2375 Ὅοεν
2348 2324 2489 2392 μετά
2535 2323 2597 2378 τδ
2628 2328 2932 2396 σφραγίσαι
2978 2327 3305 2399 κατέρχεται
3347 2328 3447 2383 καὶ
3481 2324 3661 2383 κλίνει

2075 2413 2175 2481 τὴν
2227 2413 2470 2484 κεφαλὴν
2513 2416 2543 2467 ὁ
2592 2416 2902 2487 ἀρχιερεὺς,
2936 2420 3034 2470 καὶ
3083 2419 3183 2489 τὴν
3230 2418 3455 2489 πρώτην
3502 2418 3658 2487 λέγει

2075 2503 2263 2573 εὐχὴν,
2288 2523 2307 2556 ι
2348 2505 2519 2573 Κύριε
2568 2505 2663 2560 τοῦ
2690 2506 2894 2572 ἐλέους,
2911 2508 3006 2562 κα)⁵
3035 2509 3218 2579 Πάτερ
3244 2509 3353 2563 τῶν
3387 2511 3599 2579 φώτων.
3626 2528 3647 2561 ι

2085 2590 2249 2661 Ὁρᾷς
2281 2592 2364 2644 ὅτι
2398 2593 2584 2657 ὲλέους
2617 2594 2760 2671 Θεοῇ
2784 2596 2846 2649 τὸ
2886 2597 3065 2652 ἔλαιον
3109 2599 3410 2665 σύμϐολονς
3450 2601 3558 2654 Καὶ
3586 2602 3659 2653 τά

2075 2684 2236 2736 λοιπὰ
2289 2686 2345 2739 δὲ
2395 2688 2463 2742 τά
2509 2690 2566 2742 ἐν
2612 2690 2689 2759 τῷ
2741 2691 2898 2762 μύρῳ
2945 2693 3055 2745 τῶν
3105 2690 3265 2745 θείων
3313 2692 3660 2764 δωρημάτωυ

2073 2777 2221 2830 ἐστὶν
2248 2776 2580 2842 ἐκτύπωσις.
2623 2780 2761 2834 Ἀλλ’
2792 2782 2899 2836 ἰδοὺ
2938 2784 3034 2837 καὶ⁸
3067 2782 3325 2853 καθαρῶς
3364 2783 3459 2837 τοῦ
3490 2782 3661 2837 Ilvati-

2079 2885 2248 2937 ματος
2291 2868 2391 2941 τὴν
2438 2871 2602 2941 χάριν
2665 2873 2989 2942 εἰσδέχεται.
3018 2868 3023 2873 ”
3053 2873 3280 2941 Ἐπὰγει
3330 2873 3438 2943 γὰρ
3483 2875 3511 2926 ὀ
3557 2874 3663 2944 ἀρ-

2076 2960 2311 3029 χιερεὺς,
2350 2980 2367 3014 ι
2403 2962 2540 3033 Παρ’
2584 2954 2647 3016 οὗ
2676 2965 2823 3017 πᾶσα
2854 2964 3000 3027 δόσις
3035 2964 3238 3035 ἀγαθὴ,
3278 2965 3375 3018 καὶ
3409 2965 3517 3017 πᾶν
3554 2962 3663 3015 δώ-

2079 3067 2231 3122 ρημα
2275 3052 2499 3108 τέλειον.
2545 3074 2565 3107 ι
2597 3055 2705 3107 Καὶ
2750 3057 2836 3109 ὃτι
2872 3057 2975 3110 «Σὺ
3009 3050 3060 3109 εἶ
3108 3058 3137 3109 ὁ
3177 3057 3269 3109 καὶ
3310 3056 3368 3107 ὲν
3395 3054 3472 3125 τῷ
3506 3056 3664 3124 νόμῳ

2077 3142 2171 3194 καὶ
2213 3144 2327 3205 τοῖς
2363 3148 2668 3215 προφήταις
2713 3134 2835 3209 δοὺς
2876 3147 3008 3200 αὐτὸ
3057 3147 3150 3200 καὶ
3182 3148 3294 3211 τοῖς
3339 3146 3665 3210 ἀποστόλοις

2079 3249 2196 3288 σου.
2234 3233 2649 3300 Ἐξαπόστειλον
2673 3240 2753 3300 είς
2781 3237 2911 3292 αὐτὸ
2936 3240 2998 3292 τὸ
3026 3238 3249 3309 Πνεῦμὰ
3272 3257 3368 3292 σου
3399 3239 3456 3292 τὺ
3478 3238 3661 3307 ἁγιον.

2077 3324 2190 3377 Καὶ
2218 3326 2436 3380 τέλεσον
2470 3327 2605 3381 αὐτὸ
2637 3328 2845 3398 χρίσμα
2876 3327 3179 3399 βασιλικὸν,
3213 3331 3460 3401 χάρισμα
3488 3329 3670 3381 Πνευ-

2082 3417 2332 3485 ματικὸν,
2367 3419 2687 3487 ἀγιαστικδν
2739 3419 2929 3491 ψυχῶν
2977 3421 3072 3474 καὶ
3127 3422 3417 3491 σωμάτων.
3464 3440 3485 3474 ι
3525 3420 3665 3473 Ἰδοὺ

389 3514 527 3569 nis.»
560 3513 774 3568 Ειίιηῐο
799 3512 930 3568 illud
964 3513 1142 3566 oleum
1190 3512 1454 3580 nominat,
1506 3522 1759 3582 tanquam
1811 3513 1973 3568 mise—

2080 3508 2443 3579 ἁγιαζόμενον
2487 3511 2547 3564 τὸ
2584 3510 2773 3583 μύρον.
2822 3513 2925 3567 Τὸν
2973 3514 3247 3584 ἀγιασμδν
3293 3514 3523 3584 παρέχει
3563 3512 3666 3565 τοῦ

389 3605 642 3660 ricordiae
672 3604 767 3659 Dei
789 3607 1015 3659 donum.
1042 3603 1225 3671 «Quod
1257 3605 1310 3659 in
1332 3605 1449 3671 leae
1473 3606 1803 3675 praecessit.»
1837 3606 1977 3661 Ecce

390 3697 564 3769 ﬁgura
602 3708 718 3752 erat
750 3697 896 3768 quod
946 3697 998 3749 in
1032 3696 1145 3765 lege
1198 3695 1561 3751 adhibebatur
1582 3698 1783 3751 oleum.
1822 3696 1978 3750 «Illu-

393 3792 472 3845 xit
505 3800 686 3844 autem
721 3790 773 3843 in
800 3804 940 3843 novo
965 3788 1339 3844 Testamento.
1382 3808 1400 3840 ι
1439 3788 1600 3843 Vides
1625 3789 1972 3845 manifestius

391 3880 576 3934 datum
603 3895 728 3935 esse
760 3880 941 3934 oleum
972 3880 1022 3933 in
1058 3879 1256 3947 gratia,
1285 3879 1626 3934 abundanter
1665 3880 1828 3936 nobis
1857 3881 1978 3949 Spi-

391 3975 532 4029 ritus
582 3972 760 4028 sancti
816 3972 961 4026 dono
1028 3971 1318 4041 praestita?
1379 3971 1467 4026 tiu
1509 3988 1617 4041 quo
1662 3974 1814 4030 uncti
1852 3982 1981 4028 sunt

391 4066 709 4123 sacerdotes
739 4072 794 4120 et
856 4064 1168 4135 pontiﬁces,
1228 4066 1505 4135 propheta:
1554 4075 1609 4120 et
1667 4082 1875 4137 reges.»
1914 4066 1981 4123 Et

392 4158 495 4228 ipsi
528 4158 798 4228 primitias
841 4155 1082 4225 Spiritus
1112 4170 1395 4228 accepere,
1430 4167 1490 4212 ut
1524 4158 1734 4228 Moyses
1775 4169 1827 4213 et
1852 4174 1980 4229 sep-

394 4251 638 4321 tuaginta
663 4249 790 4315 viri,
824 4250 918 4319 qui
966 4251 1033 4305 de
1084 4251 1292 4320 Spiritu
1344 4252 1434 4322 qui
1486 4251 1540 4305 in
1591 4251 1776 4322 Moyse
1838 4263 1976 4317 erat,

393 4357 659 4410 accepere
693 4357 709 4407 ;
742 4349 801 4393 ut
829 4341 1011 4393 Aaron
1048 4350 1104 4395 et
1132 4342 1351 4396 Samuel
1383 4358 1399 4409 ;
1429 4353 1485 4398 et
1508 4357 1795 4415 postquam
1847 4346 1980 4399 Saul

394 4441 594 4487 unctus
625 4437 709 4485 est
735 4438 786 4484 et
818 4430 1087 4498 peccavit,
1140 4429 1306 4482 David
1370 4446 1466 4499 per
1529 4433 1871 4495 unctionem,
1926 4438 1981 4485 et

393 4523 487 4593 qui
526 4537 622 4578 eos
649 4522 825 4577 secuti
862 4530 1010 4574 sunt.
1042 4539 1062 4573 ι
1091 4520 1193 4575 Per
1227 4525 1443 4590 quodet
1476 4521 1619 4589 ipsos
1656 4531 1778 4577 tuos
1817 4539 1978 4579 sanc-

395 4624 480 4668 tos
519 4613 817 4683 apostolos,
843 4610 1073 4679 inquit.»
1119 4610 1277 4665 Vides
1307 4620 1359 4665 et
1390 4611 1686 4666 adventum
1744 4612 1982 4683 Spiritus

393 4714 642 4760 sanetam
677 4703 729 4757 in
758 4703 882 4758 illos
917 4711 1229 4757 unctionem
1257 4703 1426 4758 fuisse
1454 4703 1476 4754 ?
1506 4722 1522 4754 ι
1559 4704 1622 4757 Et
1644 4720 1837 4760 omnes
1886 4706 1983 4774 qui

395 4814 492 4866 per
526 4798 805 4852 lavacrum
839 4796 1272 4866 regenerationis
1309 4796 1379 4851 ab
1422 4798 1697 4866 episc0pis
1733 4808 1786 4853 et
1824 4814 1981 4867 pres-

392 4890 601 4960 byteris
635 4888 940 4957 regenerati
976 4900 1108 4944 sunt
1164 4904 1339 4958 usque
1369 4890 1552 4944 hodie.
1594 4909 1614 4941 ι
1676 4890 1816 4945 Ecce
1869 4906 1978 4945 non

396 4983 561 5039 modo
593 4982 882 5053 pontiﬁces
905 4992 959 5037 et
989 4984 1305 5039 sacerdotes
1343 4993 1400 5036 et
1428 4982 1706 5052 prophetae
1733 4991 1786 5037 et
1819 4999 1978 5055 reges

393 5076 638 5131 divinum
699 5076 877 5130 oleum
902 5084 1277 5145 acceperunt;
1328 5074 1425 5130 sed
1472 5086 1525 5129 et
1587 5085 1858 5144 quotquot
1923 5072 1976 5129 in

391 5168 612 5225 Christo
659 5167 940 5238 baptizati,
980 5167 1171 5223 christi
1209 5165 1423 5220 Domini
1469 5168 1595 5219 facti
1644 5177 1792 5223 sunt.
1848 5168 1977 5223 Ideo

392 5268 446 5314 et
467 5267 784 5330 potestatem
804 5257 1006 5313 habent
1031 5256 1218 5311 ﬁdeles
1242 5272 1305 5309 ex
1341 5256 1444 5310 hac
1469 5258 1800 5321 unctioneisi
1818 5257 1978 5312 modo

394 5366 456 5407 se
489 5351 639 5421 ipsos
665 5351 719 5404 in
752 5350 1042 5405 sanctitate
1103 5347 1458 5415 custodiant)
1513 5346 1585 5403 et'
1615 5350 1976 5420 prophetandi

393 5455 449 5499 et
475 5445 809 5498 charismata
858 5441 1140 5511 operandi,
1173 5451 1226 5495 et
1282 5441 1556 5495 sexcentis
1613 5442 1734 5496 aliis
1778 5443 1981 5497 divinis

397 5537 636 5606 Spiritus
659 5536 819 5589 donis
856 5533 1182 5588 ditescendi.
1217 5551 1235 5583 ι
1272 5532 1372 5595 ita,
1414 5531 1561 5587 Deus
1607 5536 1976 5603 Omnipotens,

395 5643 680 5696 consecra,
715 5629 847 5683 illud
884 5626 1145 5680 adorandi
1172 5633 1227 5680 et
1257 5627 1431 5681 sancti
1483 5626 1563 5680 tui
1591 5628 1829 5694 Spiritus
1887 5630 1981 5682 ad-

398 5729 584 5775 ventu.
622 5739 641 5773 ι
680 5722 919 5775 Rursum
952 5718 1161 5788 ﬂagitat
1193 5719 1530 5773 sanctissimi
1592 5718 1833 5787 Spiritus
1880 5722 1980 5774 atl-

397 5823 641 5869 Vcntum.
694 5813 774 5869 Ex
829 5812 992 5869 Patre
1030 5811 1177 5866 enim
1233 5825 1326 5881 per
1394 5809 1627 5865 Verbum
1676 5813 1728 5865 in
1782 5822 1972 5870 sancte

2082 3599 2420 3665 Πνεύματος.
2452 3600 2707 3655 «Ἕλαιον
2726 3602 3118 3671 ἀγαλλιάσεως.
3153 3620 3172 3654 ι
3220 3601 3543 3671 Ἐξαιρέτως
3604 3602 3671 3656 δὲ

2080 3689 2259 3742 ἔλαιον
2290 3690 2423 3744 αὐτὸ
2455 3691 2630 3757 καλεῖ,
2658 3692 2734 3754 ὼς
2781 3691 2929 3745 δόσιν
2964 3691 3108 3744 θείου
3141 3692 3346 3753 ἰλεους.
3380 3690 3454 3742 Τὸ
3500 3704 3675 3758 προο-

2079 3779 2277 3833 δεῦσαν
2313 3783 2411 3850 μὲν
2452 3784 2508 3835 ὲν
2537 3783 2705 3854 νόμῳ.
2729 3782 2858 3835 Ἰδοὺ
2897 3782 3247 3851 προτύπωσις
3282 3780 3341 3834 τὸ
3373 3780 3465 3833 τοῦ
3495 3781 3671 3849 νόμου

2078 3865 2147 3941 ἦν
2202 3872 2395 3942 μύρον.
2463 3873 2782 3943 Ἐκλὰμψαν
2833 3873 2890 3925 δὲ
2942 3874 3000 3926 έν
3056 3874 3121 3942 τῇ
3176 3874 3338 3941 καινῇ
3393 3871 3667 3940 Διαυήκῃ.

2081 3964 2311 4027 Βλέπεις
2346 3966 2420 4027 ὡς
2474 3966 2804 4035 τρανότερον
2833 3964 3039 4018 δέδοται
3069 3963 3128 4016 τὸ
3163 3964 3336 4034 μύρον
3366 3966 3423 4015 ὲν
3464 3964 3528 4032 τῇ
3561 3962 3673 4032 χὰ-

2082 4070 2215 4126 ριτι,
2248 4054 2521 4117 πλουσίως
2560 4057 2619 4107 ὲν
2672 4055 2805 4124 ἡμῖν
2856 4054 3257 4124 χορηγηθείσης
3308 4054 3407 4123 τῆς
3454 4053 3675 4124 δωρεᾶς

2081 4145 2175 4199 τοῦ
2245 4146 2404 4213 ἁγίου
2453 4145 2812 4215 Πνεύματοςς
2872 4145 2962 4198 Ἐν
3017 4137 3062 4213 ᾧ
3119 4143 3450 4216 ὲχρίσθησαν
3495 4145 3671 4213 ἱερεῖς

2083 4239 2178 4292 καὶ
2221 4237 2519 4307 ἀρχιερεῖς,
2555 4237 2834 4307 προφῆται
2879 4238 2976 4291 καὶ
3029 4236 3292 4306 βασιλεῖς.
3354 4236 3464 4288 Καὶ
3510 4235 3674 4289 αὐτοὶ

2082 4328 2188 4400 γάρ
2223 4330 2323 4399 τὴν
2354 4328 2610 4398 ἀπαρχὴν
2649 4329 2745 4382 τοῦ
2783 4326 3099 4397 Πνεύματος
3130 4326 3321 4379 ἔλαϐον
3345 4341 3361 4356 ο
3394 4326 3469 4388 ὼς
3502 4326 3671 4379 Mm!)-

2085 4422 2186 4491 σῆς
2225 4421 2322 4475 καὶ
2353 4420 2403 4473 οῖ
2437 4419 2813 4491 ἐϐδομήκοντα
2842 4421 2909 4473 lx
2954 4418 3049 4472 τοῦ
3082 4419 3417 4487 Πνεῦματος,
3451 4416 3503 4470 οἳ
3542 4416 3673 4469 ἐλα-

2083 4516 2175 4568 σον
2213 4512 2306 4567 τοῦ
2338 4514 2423 4567 ἐπ’
2449 4512 2601 4580 αὐτῷ
2620 4526 2635 4544 ο
2664 4511 2740 4574 ὡς
2783 4508 2994 4579 Ἀαρὼν
3019 4512 3109 4563 καὶ
3137 4509 3408 4580 Σαμουὴλ,
3435 4512 3530 4563 καὶ
3560 4507 3659 4561 τοῦ

2082 4607 2257 4659 Σαοὺλ
2298 4604 2614 4675 χρισθέντος
2657 4605 2750 4656 καὶ
2806 4603 3245 4674 ἁμαρτήσαντος,
3277 4604 3305 4654 ὁ
3354 4600 3519 4652 ausas
3567 4600 3659 4655 διὰ

2083 4703 2387 4775 χρίσματος
2414 4719 2429 4734 ο
2461 4702 2554 4755 καὶ
2592 4698 2750 4752 Ετῖοὶ
2790 4699 3045 4768 καθεξῆς.
3082 4717 3101 4750 ε
3138 4698 3215 4752 Δι’
3248 4692 3309 4750 οὗ
3347 4699 3440 4751 καὶ
3467 4698 3671 4759 αὐτοὺς

2084 4798 2310 4867 ἔχρισας
2336 4795 2458 4856 τοὺς
2489 4793 2677 4860 ἁγίους
2711 4806 2805 4843 σου
2841 4790 3194 4854 ἀποστόλους,
3229 4808 3247 4840 ι
3285 4790 3471 4858 φησίν.
3501 4788 3671 4859 Ὁρᾷς

2008 4867 2055 4926 υ
2088 4892 2184 4944 καὶ
2245 4888 2346 4957 τὴν
2394 4887 2481 4939 ἐπ’
2539 4885 2737 4947 αὐτοὺς
2784 4882 2878 4935 τοῦ
2948 4882 3265 4951 ΙΙνεύματος
3317 4881 3669 4950 ἑπιφοίτησιν

2085 4982 2297 5052 χρίσμα
2348 4978 2504 5047 ἁγιον
2533 4975 2733 5040 οὖσαν;
2778 4975 2874 5028 καὶ
2911 4974 3118 5036 πάντας
3150 4974 3275 5036 τοὺς
3306 4972 3393 5025 διά
3437 4972 3666 5042 λουτροῦ

2088 5072 2508 5141 παλιγγενεσίας
2548 5069 2654 5124 ὑπὸ
2703 5067 2811 5119 τῶν
2868 5064 3009 5118 κατά
3065 5064 3291 5135 καιροὺς
3348 5065 3668 5119 ἑπισκόπωυ

2086 5168 2180 5220 καὶ
2218 5163 2610 5236 πρεσόυτέρων
2640 5160 3101 5231 ἀναγεννηθέντας
3134 5159 3240 5223 ἕως
3264 5158 3365 5229 τῆς
3400 5162 3666 5229 σήμερον.

2099 5260 2229 5312 Ἰδοὺ
2262 5259 2322 5311 οὐ
2352 5257 2516 5326 μόνον
2548 5254 2599 5307 οῖ
2628 5254 2905 5323 ἀρχιερεῖς
2933 5254 3028 5306 καὶ
3058 5254 3224 5323 ἱερεῖς
3262 5255 3357 5306 καὶ
3386 5254 3667 5323 προφῆται

2082 5354 2178 5406 καὶ
2213 5350 2450 5420 βασιλεῖς
2480 5348 2542 5400 τὸ
2572 5349 2715 5400 θεῖον
2747 5346 2941 5400 ἔλαὸον
2978 5347 3170 5416 μύρον,
3209 5345 3348 5398 ἀλλὰ
3383 5348 3477 5400 καὶ
3522 5348 3573 5399 oi
3607 5350 3672 5399 έν

2082 5444 2303 5511 Χριστῷ
2340 5440 2734 5511 βαπτισθέντες
2768 5437 2970 5500 πάντες
3019 5438 3233 5507 χριστοὶ
3269 5436 3474 5505 Κυρίου
3509 5439 3668 5504 γενό-

2089 5553 2238 5604 μενοι
2262 5551 2276 5565 ’
2314 5535 2397 5587 διὸ
2457 5534 2551 5587 καὶ
2594 5532 2825 5600 δύναμιν
2869 5532 3084 5601 ἔχουσιν
3117 5532 3165 5583 οῖ
3216 5535 3399 5582 πιστοὶ
3429 5531 3538 5583 ἀπὸ
3570 5531 3665 5582 τοῦ

2085 5631 2389 5699 χρίσματος
2440 5625 2632 5677 τούτου
2683 5625 2754 5693 (εἰ
2813 5625 2972 5693 μόνον
3027 5623 3283 5692 τηροῦσιν
3337 5624 3566 5685 ἑαυτοὺς
3606 5624 3665 5674 ὲν

2084 5719 2365 5790 ἁγιασμῷ)
2410 5720 2501 5771 καὶ
2555 5719 2940 5786 προφητεύειν,
2994 5717 3088 5769 καὶ
3139 5718 3346 5785 ῖάματα
3394 5719 3656 5785 ἐνεργεῖν,

2084 5814 2173 5867 καὶ
2222 5812 2393 5881 μυρία
2452 5811 2585 5864 ἄλλα
2638 5811 2889 5873 πλουτεῖν
2942 5808 3087 5862 Θείου
3140 5809 3453 5879 Uva-ipsise;
3506 5806 3657 5875 χαρί⁴
