4044 6198
490 292 599 356 255

1348 292 1731 356 SYMEONIS
1770 288 2527 354 THESSALONICENSIS
2561 287 2915 350 ARCHIEP.

3659 290 3763 351 2:6

484 419 536 458 ιιι.
568 407 1005 478 splendidissima
1060 409 1268 476 edocet,
1324 418 1383 464 ut
1406 419 1459 466 et
1509 412 1576 465 de
1610 411 1737 466 aliis
1779 408 2077 480 mysteriis.
2109 449 2116 467 ι

2207 407 2384 477 ρράσει
2419 424 2478 460 τε
2511 406 2608 460 καὶ
2639 405 2843 473 ἐννοίᾳ,
2887 405 3064 458 πάντα
3097 405 3153 457 ἐν
3187 404 3434 475 ἐπιτόμῳ
3467 404 3761 471 ἐκτίθεται,

483 497 593 552 Nos
621 510 800 553 autem
866 500 1076 554 debiles
1138 510 1194 555 et
1254 501 1431 555 ultimi
1489 502 1884 568 discipulorum
1953 499 2072 565 ejus

484 592 762 660 discipuli,
795 594 1068 660 quomodo
1118 594 1364 666 magistri
1421 596 1730 660 doctrinam
1768 593 2076 664 penetrabi-

489 685 648 737 mus?
685 683 787 738 Sed
827 693 1027 748 tamen,
1082 673 1348 755 quantum
1402 689 1710 754 potuimus,
1760 687 1826 740 ad
1861 686 2074 738 anima-

492 775 950 830 rnm'vestrarnm
987 777 1194 840 lumen,
1243 793 1308 833 ex
1348 779 1465 848 ipso
1496 779 1708 834 discere
1734 788 1788 833 et
1823 779 1985 833 etiam
2007 792 2075 830 ex

491 866 558 920 iis
592 871 681 935 qui
715 879 835 937 post
867 884 988 922 eum
1013 871 1241 938 gratiam
1269 885 1529 939 accepere
1559 879 1614 923 et
1641 869 1840 924 divinis
1875 870 2092 924 nostris

494 961 762 1028 patribus,
800 976 897 1030 pro
925 961 1132 1016 viribus
1182 962 1448 1028 dicemus,
1494 973 1551 1016 ttt
1583 977 1680 1017 nos
1724 964 2083 1031 interrogavi-

497 1053 615 1106 Stis.
660 1051 784 1107 Ideo
818 1063 872 1106 et
900 1053 970 1108 de
1025 1054 1093 1108 iis
1119 1071 1239 1123 quae
1270 1056 1325 1108 in
1386 1055 1760 1124 propositione
1783 1064 1834 1109 et
1872 1071 1991 1124 quae
2025 1055 2079 1109 in

496 1144 653 1196 altari
690 1155 1101 1210 consecrantur,
1135 1148 1388 1200 omnibus
1423 1147 1697 1219 disserere
1740 1131 2082 1213 curabimus.

502 1235 858 1303 inquirentes,
933 1246 992 1290 ut
1056 1239 1512 1307 valemus,quas
1595 1238 1836 1292 rationes
1913 1255 2079 1293 unum

499 1327 757 1397 quodque
805 1327 1020 1384 habeat.
1047 1329 1226 1399 Atque
1281 1344 1414 1384 sane
1437 1331 1489 1383 in
1547 1329 1766 1385 Christo
1821 1330 2080 1388 dicimus.

1033 1539 1260 1595 CAPUT
1311 1540 1547 1595 LXXIX.

504 1624 643 1690 Quid
671 1628 928 1696 signiﬁcet
959 1632 1222 1684 antistitis
1247 1632 1306 1684 de
1329 1633 1450 1689 sede
1475 1632 1766 1696 episcopali
1787 1631 2082 1693 descensio,

574 1706 624 1749 et
661 1699 786 1764 quid
816 1714 908 1764 per
938 1718 1094 1755 sacra
1128 1705 1458 1768 vestimenta,
1493 1702 1810 1771 illorum'yue
1838 1701 2087 1756 induitio‘

576 1783 694 1820 nem
723 1785 788 1821 no
817 1780 935 1825 ctu"
961 1775 985 1828 ?

575 1879 820 1936 Pontifex
857 1898 888 1938 e
925 1885 1118 1938 throno
1145 1899 1248 1938 suo
1285 1884 1569 1939 descendit
1605 1901 1620 1950 ;
1656 1885 1702 1940 is
1731 1895 1810 1940 est
1837 1885 1930 1940 Dei
1965 1885 2094 1940 des-

504 1988 747 2037 censns;
783 1985 836 2029 et
885 1983 969 2030 ter
1002 1976 1238 2032 adorans
1299 1977 1490 2040 Deum,
1541 1979 1768 2048 gratiam
1826 1987 1879 2032 ct
1927 1980 2095 2033 virtu-

507 2071 614 2116 tem
647 2062 829 2117 divina
880 2067 1190 2134 perﬁciendi
1233 2067 1509 2136 elllagitat,
1552 2068 1846 2123 ostendens
1872 2084 1930 2121 se
1975 2085 2098 2124 esse

507 2169 724 2209 servum
770 2155 860 2210 Dei
895 2167 948 2212 et
976 2158 1145 2227 ipsius
1192 2159 1389 2212 virtute
1420 2158 1592 2228 ipsius
1637 2159 1944 2215 ministerio
1981 2174 2097 2216 ser-

509 2250 648 2302 vire.
705 2247 906 2305 Deinde
966 2267 1152 2307 sacras
1213 2260 1392 2306 vestes
1449 2251 1651 2318 induit,
1706 2269 1830 2324 qua:
1886 2265 2096 2324 septem

508 2343 660 2403 sunt,
686 2349 908 2408 propter
941 2353 1145 2411 septem
1183 2341 1418 2410 Spiritus
1451 2347 1622 2398 sancti
1676 2346 1841 2400 dona.
1887 2347 1974 2402 Ea:
2000 2365 2099 2404 au-

511 2439 691 2483 autent
762 2441 890 2486 sunt
937 2451 951 2488 :
1009 2435 1359 2496 Sticharium.
1411 2436 1850 2505 epitrachelinm,
1921 2456 2082 2506 zona.

512 2519 857 2586 epimanicia,
910 2524 1191 2593 gremiale,
1258 2526 1624 2597 phmnolium,
1691 2543 1909 2596 saccus,
1951 2533 2102 2603 poly-

510 2607 900 2673 staurium,ac
956 2612 1171 2668 tandem
1229 2619 1632 2685 omophorium.
1687 2621 1887 2678 Omnes
1936 2625 2100 2679 simul

512 2697 715 2754 Christi
751 2701 1182 2762 incarnationem
1218 2713 1544 2780 ostendunt,
1581 2723 1634 2770 et
1664 2732 1783 2785 quae
1818 2718 1884 2772 ad
1919 2718 2101 2771 lucar-

515 2790 794 2846 nationem
857 2801 1154 2864 pertinent.
1198 2799 1552 2876 Unaqumqne
1602 2823 1732 2863 vero
1821 2811 2098 2880 propriam

512 2885 964 2954 signiﬁralionem
996 2892 1176 2974 habet.
1213 2894 1570 2961 Sticharium,
1598 2899 1744 2969 quod
1775 2901 1956 2954 album
1995 2911 2096 2966 est,

517 2979 697 3034 lumen
731 2977 822 3034 Dei
859 2995 1217 3051 repraesentat
1292 3003 1511 3056 purum,
1550 2999 1604 3043 et
1656 2991 1802 3059 quod
1850 3003 2097 3046 naturam

2182 501 2276 553 καὶ
2310 499 2678 571 λαμπρότατα
2707 499 2924 568 θεωρεῖ,
2956 498 3032 560 ὡς
3087 497 3181 550 καὶ
3236 497 3362 565 περὶ
3401 497 3511 550 τῶν
3566 498 3767 564 λοιπῶν

2183 594 2325 648 ποιεῖ
2362 590 2683 661 μυστηρίων
2705 607 2734 635 ·.
2753 576 2999 660 ήμεῖςδὲ
3029 589 3282 660 ἀδρανεῖς
3314 588 3466 651 ὄντες
3488 591 3581 641 καὶ
3611 589 3752 657 ἐσχα.
3851 631 3862 638 .

2183 699 2267 736 τοι
2316 682 2428 736 τῶν
2487 681 2745 751 μαθητῶν
2780 679 2946 734 αὐτοῦ
2981 680 3246 750 μαθηταὶ,
3277 681 3393 744 πῶς
3439 680 3506 734 τὰ
3558 681 3769 733 ἐκείνου

2185 775 2531 844 κατίδωμεν;
2590 774 2960 845 Ὀμωςλδσον
3011 772 3312 842 ἰσχύσαμεν
3358 773 3438 832 είς
3491 770 3771 841 φωτισμὸν

2185 867 2295 922 τῶν
2316 866 2506 937 ψυχῶν
2531 867 2688 938 ἡμῶν
2716 868 2779 919 ἐκ
2804 865 2997 919 τούτου
3033 865 3398 933 καταμαθεῖν,
3427 864 3520 917 καὶ
3550 863 3631 916 ἔτι
3663 863 3771 915 τῶν

2186 960 2391 1014 λοιπῶν
2422 957 2614 1013 τούτου
2648 957 2912 1027 διαδόχων
2942 957 3039 1026 τῆς
3073 957 3298 1027 χάριτος
3329 957 3422 1009 καὶ
3465 954 3625 1007 θείων
3656 953 3770 1006 Πα-

2187 1055 2363 1123 τέρων
2400 1052 2579 1124 ήμῶν,
2613 1052 2753 1104 κατὰ
2786 1050 3016 1119 δύναμιν
3045 1049 3302 1120 ἐροῦμεν,
3327 1046 3405 1111 ὡς
3429 1048 3733 1116 ἐζητήσατε
3754 1062 3768 1077 ο

2189 1148 2268 1202 διδ
2297 1148 2390 1199 καὶ
2421 1144 2553 1214 περὶ
2734 1145 2791 1195 ὲν
2822 1145 2889 1212 τῇ
2924 1141 3184 1212 προθέσει
3212 1140 3306 1192 καὶ
3346 1140 3454 1192 τῶν
3486 1142 3542 1192 ὲν
3564 1138 3640 1207 τῷ
3675 1139 3772 1190 θύα

2191 1237 2494 1308 σιαστηρίῳ
2541 1235 2884 1304 τελουμένων
2932 1233 3191 1287 ἁπάντων
3225 1232 3507 1285 διαλαϐεῖν
3543 1232 3779 1284 σπουδά-

2193 1348 2379 1400 σομεν,
2411 1328 2759 1393 ἐξετάζοντες
2795 1327 2881 1389 ὡς
2916 1327 3094 1395 ίσχύς,
3121 1327 3274 1388 τινας
3306 1325 3496 1394 λόγους
3544 1323 3780 1377 ἕκαστον

2191 1425 2329 1495 ἔχει.
2364 1423 2474 1475 Καὶ⁸
2503 1421 2570 1492 δὴ
2599 1420 2831 1489 λέγομεν
2857 1421 2917 1473 ὲν
2942 1418 3188 1490 Χριστῷ.

2788 1533 3037 1586 ΚΕΦΑΛ.
3068 1530 3191 1587 ΟΘ’.

2199 1628 2261 1682 Τί
2271 1585 2470 1692 ’δηλοῖ
2496 1627 2533 1693 σή
2574 1625 2683 1679 τοῦ
2715 1627 2999 1694 ιεράρχου
3027 1585 3101 1679 sic
3130 1585 3240 1680 τοῦ
3269 1623 3488 1690 θρόνου
3523 1622 3781 1694 κατάϐα-

2265 1714 2386 1761 σις,
2422 1692 2619 1750 καὶτὰ
2651 1692 2780 1764 ἱερᾶ
2809 1692 3136 1766 ἐνδύματα,
3165 1696 3266 1751 καὶ
3295 1694 3360 1748 τὸ
3393 1694 3581 1748 ταῦτα
3604 1692 3780 1746 ἐνδύ-

2121 1772 2163 1826 Β
2262 1769 2511 1820 σασθαι.

2277 1880 2337 1933 '0
2367 1881 2630 1951 ίεράρχης
2671 1881 3003 1950 κατέρχεται
3049 1879 3145 1933 τοῦ
3179 1879 3368 1951 θρόνου
3401 1876 3586 1936 αὐτοῦ,
3620 1873 3783 1929 τοῦτο

2200 1972 2232 2040 ή
2283 1970 2418 2024 Θεοῦ
2474 1973 2908 2040 συγκαταϐασις,
2959 1974 3052 2025 καὶ
3103 1972 3493 2043 προσκυνήσας
3546 1971 3663 2037 τρὶς
3699 1967 3787 2037 τῷ

2199 2063 2337 2131 Θεῷ,
2363 2063 2661 2129 ὲξαιτεῖται
2693 2067 2853 2135 χάριν
2884 2066 2979 2118 καὶ
3012 2064 3242 2134 δύναμιν
3269 2065 3363 2118 τοῦ
3395 2063 3674 2118 ἐκτελέσαι
3708 2063 3784 2114 τὰ

2201 2154 2342 2219 θεῖα,
2377 2155 2598 2220 δεικνὺς
2653 2158 2734 2210 ὅτι
2786 2155 2969 2221 δοῦλος
3008 2158 3167 2220 Θεοῦ,
3219 2158 3314 2210 καὶ
3341 2159 3406 2226 τῇ
3436 2155 3600 2210 αὐτοῦ
3635 2155 3789 2223 ίσχύῖ

2199 2251 2312 2314 τοῖς
2334 2249 2502 2302 αὐτοῦ
2531 2250 2874 2322 ὲξυπηρετεῖ.
2906 2247 3035 2304 Εἶτα
3059 2250 3124 2304 τὰ
3153 2251 3275 2322 ἱερὰ
3307 2249 3546 2305 ἐνδύεται
3575 2247 3787 2317 ἄμφια,

2201 2341 2343 2394 ἑπτὰ
2373 2340 2501 2396 ὄντα
2549 2343 2637 2395 διὰ
2674 2345 2772 2404 τὰς
2814 2344 2955 2396 ἑπτὰ
2985 2344 3267 2412 ἐνεργείας
3307 2341 3400 2396 τοῦ
3441 2340 3784 2409 Πνεῦματος.

2201 2432 2387 2485 Ταῦτα
2413 2434 2471 2487 δέ
2513 2436 2621 2487 είσι
2667 2436 2970 2505 στιχὰριον,
3003 2434 3411 2504 ὲπιτραχήλιον,
3456 2434 3620 2498 ζώνη,
3663 2432 3787 2484 ἐπι-

2206 2525 2455 2594 μανίκια,
2490 2527 2856 2592 ὲπιγονάτιον,
2891 2527 3187 2595 φαινόλιον,
3222 2526 3254 2597 ἦ
3299 2528 3525 2590 σάκκος,
3559 2525 3791 2595 ἢπολυ-

2205 2617 2482 2686 σταύριον,
2518 2619 2614 2670 καὶ
2647 2619 2798 2678 τέλος
2829 2619 3160 2689 ὼμοφόριον.
3192 2619 3447 2672 Ἀπαντα
3497 2616 3633 2687 ὁμοῦ
3681 2616 3790 2686 τὴν

2203 2708 2619 2779 ὲνανθρώπησιν
2669 2709 2888 2780 δηλοῦσι
2949 2709 3211 2778 Χριστοῦ,
3246 2711 3340 2763 καὶ
3386 2711 3454 2764 τε
3487 2710 3585 2776 τῆς
3630 2712 3793 2762 ὲναν-

2201 2801 2564 2870 θρωπήσεως.
2606 2801 2735 2872 ’ἰδίᾳ
2759 2801 2814 2853 δὲ
2847 2801 3082 2855 ἕκαστον
3114 2801 3389 2870 σημασίαν
3409 2800 3520 2868 ἕχει
3560 2799 3697 2852 τινά·
3719 2800 3793 2851 τὸ

2208 2891 2303 2954 μὲν
2336 2893 2616 2962 στιχάριον
2644 2891 2839 2948 λευκὸν
2865 2891 2946 2957 ὃν,
2971 2893 3031 2944 τὸ
3063 2892 3178 2962 φῶς
3200 2891 3290 2944 τοῦ
3322 2889 3458 2943 Θεοῦ
3493 2892 3583 2942 καὶ
3613 2887 3796 2941 καθα-

2206 2981 2318 3049 ρδν,
2383 2983 2478 3035 καὶ
2526 2981 2608 3035 ὃτι
2660 2983 2906 3051 καθαρὰν
2939 2985 3038 3052 τὴν
3068 2982 3230 3050 φύσιν
3267 2981 3423 3051 ήμῶν
3454 2981 3635 3033 ἔκτισε
3690 2983 3798 3034 καὶ

516 3081 759 3125 nostram
796 3071 938 3126 Deus
968 3088 1157 3141 puram
1189 3079 1393 3132 creavit
1421 3089 1475 3133 et
1519 3082 1838 3152 assumpsit.
1876 3082 1932 3136 Si
1973 3100 2100 3138 vero

2207 3074 2591 3142 προσείληφεν.
2625 3075 2686 3127 Et
2713 3073 2770 3126 δὲ
2794 3073 3134 3147 πορφυροῦν,
3166 3073 3250 3126 διὰ
3282 3079 3343 3128 τὸ
3382 3075 3575 3138 πάθος,
3597 3074 3689 3146 ¹ὅτι
3725 3074 3798 3126 τὸ

519 3165 747 3220 rubrum
775 3165 864 3227 sit,
891 3174 1111 3234 propter
1145 3169 1453 3235 passionem
1510 3185 1614 3234 est,
1679 3175 1807 3240 quia
1876 3185 2098 3244 propter

512 3273 621 3313 nos
643 3257 963 3326 sanguinem
996 3256 1187 3312 eﬂ‘udit
1219 3259 1448 3314 Verbum
1485 3276 1850 3318 mearnamm.
1880 3266 2008 3330 Quae
2045 3269 2098 3321 in

523 3352 644 3419 ipso
678 3351 929 3405 videntur
962 3350 1210 3417 ﬂumina,
1269 3352 1600 3410 chariSmata
1627 3359 1892 3413 doctrinae
1919 3372 2104 3415 οςιιιη-

520 3444 680 3510 dunt,
704 3451 757 3497 et
780 3444 938 3496 etiam
960 3441 1259 3498 Salvatoris
1285 3445 1456 3499 nostri
1485 3449 1766 3518 sanguinis
1789 3452 1953 3508 rivos.
1981 3453 2104 3508 ideo

523 3545 578 3591 et
617 3535 961 3590 solummodo
999 3551 1062 3590 ea
1121 3537 1225 3589 fert
1253 3537 1565 3606 episeopale
1631 3542 1952 3597 sticharium
1998 3561 2012 3611 ;
2048 3554 2107 3601 ut

469 3629 478 3638 ’
523 3638 580 3682 et
607 3627 870 3696 tnandyas
900 3626 1134 3696 (cappa).
1165 3628 1284 3695 Ipse
1323 3629 1541 3696 quidem
1588 3634 1877 3704 episcopus
1917 3639 2104 3704 νγονῑ-

525 3721 740 3773 dentem
830 3728 886 3773 et
956 3720 1461 3789 comprehensivam
1559 3733 1614 3779 et
1714 3736 2103 3799 .protegentetn

527 3813 754 3880 gratiam
799 3811 888 3865 Dei
951 3823 1307 3879 repraesentat
1345 3824 1400 3869 et
1428 3822 1600 3869 totum
1667 3831 1868 3887 corpus
1903 3822 2108 3892 colligit

525 3915 580 3958 et
605 3903 1038 3974 comprehendit.
1072 3904 1321 3959 Flumina
1374 3916 1554 3962 autem
1593 3909 1899 3978 significant
1931 3915 2109 3969 varios

527 3995 790 4048 doctrinae
830 4003 1030 4060 motus,
1065 4009 1129 4048 ex
1160 3995 1373 4050 duobus
1416 4002 1757 4055 testamentis
1797 4004 2110 4072 perenniter

527 4086 893 4140 scaturientes
915 4099 981 4139 ex
1028 4086 1215 4142 Vetere
1240 4096 1292 4142 et
1325 4105 1387 4143 ex
1421 4087 1570 4144 Novo
1607 4109 1622 4157 ;
1669 4108 1788 4160 qua:
1816 4095 1922 4148 duo
1949 4104 2111 4149 testa-

531 4187 710 4231 menta
775 4180 963 4244 pocula
1017 4176 1256 4230 indicant
1311 4196 1324 4243 ;
1383 4187 1434 4232 et
1479 4182 1657 4234 adhuc
1719 4196 1838 4236 eam
1897 4200 2019 4251 quae
2057 4183 2111 4238 in

505 4278 771 4337 'pectore,
809 4267 861 4322 id
887 4274 972 4322 est
1006 4267 1059 4320 in
1091 4267 1257 4320 corde
1297 4279 1479 4334 aperta
1509 4277 1610 4334 est,
1641 4269 1916 4341 Evangelii
1958 4273 2114 4340 Chri-

529 4365 599 4418 sti
635 4362 919 4416 scientiam
952 4359 1092 4422 quod
1135 4359 1487 4425 Evangelium
1530 4362 1815 4418 ordinatus
1859 4365 1910 4417 in
1939 4366 2113 4434 capite

2205 3155 2346 3231 αἷμα
2373 3164 2558 3234 ἐξέχεε
2595 3165 2664 3219 δι’
2691 3167 2840 3234 ἡμᾶς
2889 3167 2916 3218 ό
2947 3165 3380 3236 ὲνανθρωπήσας
3424 3164 3602 3232 λόγος.
3638 3165 3703 3218 Oi
3727 3167 3801 3218 ὲν

2205 3257 2352 3325 αὐτῷ
2398 3258 2454 3312 δὲ
2503 3261 2759 3328 ποταμοὶ,
2798 3261 2868 3312 τὰ
2906 3259 3223 3330 χαρίσματα
3280 3261 3378 3327 τῆς
3411 3258 3796 3322 διδασκαλίας,

2205 3350 2285 3402 ἔτι
2339 3351 2398 3403 δὲ
2455 3354 2547 3404 καὶ
2590 3352 2718 3416 τοὺς
2762 3353 2857 3406 τοῦ
2907 3355 3141 3422 αἵματος
3196 3353 3292 3406 τοῦ
3327 3353 3581 3423 Σωτῆρςς
3630 3352 3800 3420 ἡμῶν

2202 3443 2492 3510 κρουνούς.
2523 3443 2613 3495 Διὸ
2671 3444 2764 3496 καὶ
2819 3444 2982 3514 μόνον
3037 3444 3260 3506 τούτους
3300 3444 3359 3496 τὸ
3402 3444 3801 3515 ἀρχιερατικδν

2209 3533 2490 3604 στιχάριον
2524 3534 2823 3604 κέκτηταιὲ
2857 3535 2933 3597 ὡς
2967 3538 3054 3588 καὶ
3093 3539 3119 3589 ὁ
3170 3537 3426 3605 μανδύας,
3477 3535 3641 3597 αὐτὸς
3692 3535 3802 3602 μὲν

2209 3624 2306 3695 τὴν
2352 3628 2722 3696 προνοητικὴν
2772 3630 2868 3683 καὶ
2918 3630 3241 3696 συνεκτικὴν
3287 3629 3382 3682 καὶ
3419 3630 3801 3698 σκεπαστικὴν

2208 3720 2368 3789 χάριν
2394 3722 2646 3776 ὲκτυπῶν
2666 3721 2760 3777 τοῦ
2791 3724 2950 3790 Θεοῦ,
2983 3724 3075 3775 καὶ
3107 3723 3226 3775 ὅλον
3259 3723 3318 3775 τδ
3356 3722 3516 3793 σῶμα
3547 3721 3799 3791 συνέχων

2213 3814 2306 3866 καὶ
2335 3814 2746 3884 συλλαμϐάνων.
2775 3816 2838 3869 Oi
2871 3816 3108 3884 ποταμοὶ
3141 3814 3197 3867 δὲ
3220 3815 3288 3867 τὰ
3315 3813 3548 3884 διάφορα
3581 3813 3684 3882 τῆς
3714 3813 3802 3866 δι-

2211 3907 2509 3970 δασκαλίας
2545 3909 2842 3978 κινήματα,
2868 3909 2932 3961 ὲκ
2953 3908 3063 3959 τῶν
3095 3907 3185 3960 δύο
3213 3907 3526 3974 πηγάζοντα
3545 3906 3802 3969 ἀεννάως

2213 3999 2517 4064 Διαθηκῶν,
2546 3999 2650 4068 τῆς
2685 3999 2921 4061 παλαιᾶς
2969 4015 3028 4050 τε
3081 3999 3174 4050 καὶ
3205 3980 3348 4064 νέας,
3379 3998 3444 4060 ἃς
3475 3996 3693 4064 δηλοῦσι
3724 3997 3803 4051 τὰ

2215 4089 2456 4157 πώματα
2483 4104 2498 4119 ο
2546 4091 2641 4142 καὶ
2670 4091 2751 4142 ἔτι
2781 4091 2880 4158 τὴν
2913 4091 2969 4142 ὲν
3006 4087 3086 4158 τῷ
3121 4091 3307 4159 στήθει
3351 4090 3469 4158 ήτοι
3503 4093 3567 4158 τῇ
3593 4089 3803 4159 καρδίᾳ.

2217 4181 2570 4252 ἀνεῳγμένην
2620 4181 2820 4248 γνῶσιν
2877 4182 2973 4234 τοῦ
3009 4181 3340 4250 Εὐαγγελίου
3395 4178 3804 4250 Χριστοῦ,δδὴ

2215 4275 2310 4326 καὶ
2340 4275 2434 4326 ἐπὶ
2467 4274 2712 4344 κεφαλῆς
2771 4274 3245 4345 χειροτονούμενος
3294 4274 3641 4343 ἀνεῳγμένον
3682 4273 3807 4325 ἐδέ-

2219 4365 2365 4428 ξατο.
2400 4365 2488 4417 Διὸ
2525 4367 2641 4430 καὶ,
2686 4386 2704 4417 ι
2741 4363 2800 4420 '0
2827 4365 3104 4419 πιστεύων
3152 4366 3231 4428 είς
3283 4365 3407 4434 ἐμὲ,
3447 4367 3598 4434 φησὶ,
3631 4380 3805 4418 ποτα-

529 4465 775 4525 apertum
829 4453 1055 4521 accepit.
1096 4451 1220 4505 Ideo
1255 4471 1273 4502 ι
1314 4451 1415 4518 Qui
1457 4453 1627 4507 credit
1677 4454 1728 4507 in
1766 4470 1872 4518 me,
1914 4457 2110 4526 inquit,

2223 4456 2314 4522 μοὶ
2344 4457 2409 4509 ὲκ
2439 4459 2538 4525 τῆς
2566 4457 2775 4520 κοιλίας
2809 4455 2975 4510 αὐτοῦ
3011 4457 3301 4528 ῥεύσουσιν·
3320 4455 3510 4516 ὕδατος
3539 4455 3800 4520 ζῶντο;,›

531 4548 752 4602 ﬂumina
778 4545 844 4600 de
875 4554 1059 4598 ventre
1085 4544 1205 4613 ejus
1258 4543 1423 4598 ﬂuent
1464 4561 1616 4615 aqua:
1661 4547 1812 4609 vivae,
1852 4568 1869 4600 ›
1907 4549 1959 4603 id
2008 4561 2112 4616 est,

543 4639 791 4709 Spiritus
821 4638 994 4692 sancti
1020 4636 1269 4699 virtutes,
1317 4645 1372 4689 ut
1435 4638 1611 4707 ipsum
1663 4640 1820 4695 docet
1892 4657 2110 4698 sacrum

513 4730 906 4800 'Evangelium,
941 4729 1168 4781 dicens:
1201 4745 1218 4778 ι
1249 4727 1303 4781 ld
1340 4739 1520 4782 autem
1542 4729 1776 4797 dicebat,
1809 4732 1876 4786 de
1904 4733 2111 4803 Spiritu

533 4838 691 4893 quem
721 4821 991 4876 debebant
1017 4819 1262 4889 accipere
1287 4821 1567 4876 credentes
1591 4823 1645 4876 in
1683 4840 1859 4878 eunm
1899 4826 1960 4879 Et
1987 4830 2111 4892 quia

533 4911 761 4981 gratiam
822 4908 1140 4976 accipimus,
1202 4925 1309 4964 non
1367 4925 1494 4964 vero
1544 4915 1789 4965 naturam
1854 4913 2112 4981 Spiritus,

535 5004 684 5058 addit
723 5019 737 5056 :
767 5021 784 5054 ι
807 5000 1062 5056 Nondum
1095 5003 1239 5055 enim
1263 4997 1394 5056 erat
1437 5003 1672 5071 Spiritus
1705 5015 1950 5070 sanctus,
1984 5009 2112 5076 quia

534 5095 694 5152 Jesus
739 5095 983 5149 nondum
1041 5103 1159 5148 erat
1223 5093 1575 5164 glorificatus.
1650 5113 1669 5147 ι
1743 5097 1880 5161 Quid
1942 5098 2116 5153 illud?

535 5187 788 5242 Nondum
825 5195 939 5241 erat
971 5186 1203 5252 Spiritus
1233 5194 1448 5240 sanctus
1477 5186 1501 5238 1’
1543 5186 1754 5240 Etenim
1780 5197 1897 5241 erat
1927 5195 1979 5241 et
2031 5197 2116 5244 est.

534 5290 590 5337 et
629 5281 756 5346 erit,
821 5281 1119 5336 srcundum
1165 5289 1413 5333 naturam
1466 5288 1514 5332 et
1598 5279 1932 5348 hypostasim
1995 5295 2010 5344 ;
2062 5289 2118 5333 et

516 5372 661 5427 'lons
700 5372 1092 5427 charismatum
1146 5385 1364 5441 semper
1402 5379 1508 5426 est.
1561 5372 1666 5427 Sed
1723 5373 1963 5426 nondum
1995 5373 2118 5426 data

533 5477 694 5521 erant
724 5465 843 5534 ejus
893 5467 1266 5531 charismata,
1325 5467 1583 5535 quoniam
1647 5465 1887 5520 nondum
1941 5464 2121 5520 oblata

538 5552 714 5607 fuerat
743 5568 838 5623 per
859 5569 1075 5610 crucem
1111 5556 1351 5610 victima.
1385 5555 1519 5610 Illud
1557 5557 1702 5609 enim
1751 5563 1835 5611 est
1863 5573 1876 5608 :
1911 5574 1931 5608 ‹
1963 5553 2125 5610 Jesus

539 5642 779 5695 nondum
845 5653 962 5700 erat
1024 5645 1375 5713 gloriﬁcatus.
1426 5663 1444 5697 ι
1485 5643 1666 5701 Gloria
1715 5644 1860 5700 enim
1921 5645 2126 5703 Christi

537 5747 675 5790 εηικ
707 5743 813 5791 881.

2216 4549 2336 4616 ήτοι
2389 4548 2482 4600 τοῦ
2522 4549 2837 4618 Πνεύματος
2867 4549 2922 4600 αί
2971 4549 3266 4618 ἐνέργειαι,
3292 4547 3369 4610 ὡς
3395 4547 3525 4600 αὐτὸ
3554 4546 3807 4601 διδάσκει

2219 4640 2280 4694 τὸ
2311 4641 2458 4711 ἱερὸν
2491 4641 2848 4709 Εὐαγγέλιον,
2874 4640 3055 4705 λέγον,
3105 4660 3123 4691 r
3157 4639 3328 4692 Τοῦτο
3357 4640 3414 4692 δὲ
3463 4639 3617 4706 ἔλεγε
3672 4641 3809 4709 περὶ

2217 4729 2312 4784 τοῦ
2343 4729 2679 4800 liventia-cog,
2706 4728 2767 4782 οὗ
2798 4729 3026 4798 ἔμελλον
3048 4727 3351 4798 λαμϐάνειν
3372 4729 3420 4781 οἱ
3449 4726 3811 4790 πιστεύοντες

2221 4826 2302 4884 είς
2337 4823 2538 4876 αὐτόν·
2587 4823 2682 4876 καὶ
2719 4822 2802 4874 ὅτι
2833 4820 2994 4890 χάριν
3031 4819 3405 4889 λαμϐάνομεν,
3436 4817 3531 4869 καὶ
3581 4817 3644 4869 οὐ
3702 4817 3814 4884 τὴν

2223 4917 2386 4984 φύσιν
2446 4914 2542 4967 τοῦ
2594 4913 2944 4981 Πνεύματος,
3025 4913 3250 4978 ἐπάγει,
3291 4928 3310 4961 ι
3353 4910 3520 4962 υύπω
3572 4909 3681 4979 γὰρ
3736 4905 3815 4980 ἦν

2226 5009 2453 5078 Πνεῦμα
2513 5007 2690 5073 ἅγιον,
2741 5007 2823 5059 ὅτι
2866 5005 3075 5075 Ἰησοῦς
3104 5005 3315 5058 οὐδέπω
3362 5001 3643 5071 ἐδοξάσθη.
3682 5019 3699 5050 ι
3742 5003 3816 5054 Τί

2223 5101 2384 5154 τοῦτο
2418 5099 2614 5168 λέγων,
2654 5117 2673 5150 ι
2711 5098 2878 5151 Οὔπω
2910 5093 2977 5168 ἦν
3017 5095 3244 5167 Πνεῦμα
3284 5096 3466 5163 ἅγιον;
3505 5112 3524 5145 ι
3560 5092 3656 5146 καὶ
3697 5093 3816 5163 γὰρ

2221 5187 2313 5260 ἦν,
2349 5191 2443 5244 καὶ
2503 5190 2640 5254 ἐστι,
2676 5189 2772 5242 καὶ
2831 5189 3006 5254 ἔσται,
3038 5187 3179 5239 κατὰ
3225 5187 3326 5256 τὴν
3356 5185 3518 5253 φύσιν
3572 5183 3666 5238 καὶ
3706 5184 3816 5252 τὴν

2227 5284 2562 5336 ὑπόστασινο
2598 5282 2692 5334 καὶ
2755 5281 2906 5349 πηγή
2963 5279 3326 5349 χαρισμάτων
3373 5278 3461 5330 ἀεί
3494 5278 3663 5329 ἐστιν.
3696 5273 3817 5344 95

2238 5371 2378 5426 Ἀλλ’
2397 5370 2550 5424 οὔπω
2573 5371 2728 5440 ἐδόθη
2758 5371 2825 5423 τὰ
2846 5369 3037 5423 τούτου
3069 5370 3411 5441 χαρίσματα,
3437 5368 3562 5419 ἐπεὶ
3594 5364 3817 5418 οὐδέπω

2229 5462 2261 5531 ἡ
2294 5463 2380 5515 διὰ
2419 5461 2658 5533 σταυροῦ
2695 5461 3044 5532 προσηνέχθη
3101 5460 3282 5515 θυσία.
3322 5458 3496 5512 Τοῦτο
3536 5457 3647 5527 γάρ
3688 5457 3818 5509 ἐστι

2228 5553 2308 5618 τὸ,
2353 5572 2372 5606 ι
2403 5554 2525 5606 Ὅτι
2567 5553 2776 5622 Ἰησοῦς
2827 5553 3041 5608 οὐδέπω
3089 5551 3349 5622 ἐδοξάσθη
3391 5566 3406 5582 ·
3445 5569 3463 5603 ι
3509 5547 3631 5602 ἐπεὶ
3680 5544 3817 5610 δόξει

2235 5646 2472 5717 Χριστοῦ
2497 5649 2525 5700 ὁ
2557 5646 2810 5716 σταυρός.
