4044 6198
353 268 453 324 265

1544 274 1637 333 DE
1683 276 1923 335 SACRA
1954 277 2235 337 Ll'i'URG
2254 279 2363 337 l.-\.~

3480 289 3582 351 Ξίϐ

354 386 444 469 και
498 368 561 425 τδ
594 366 758 469 ὕδωρ,
812 375 1021 469 iit-taret
1071 378 1149 449 τῷ
1198 382 1443 454 ποτηρίῳ
1500 384 1697 452 λέγων,
1747 388 1808 438 ὲν
1845 387 1911 456 τᾷ

2028 389 2144 458 ejus
2177 392 2427 457 aperuit;
2484 400 2535 446 ct
2570 392 2694 447 dum
2732 397 2967 453 infundit
3022 399 3204 453 vinum
3239 416 3360 452 cum
3401 416 3541 469 aqua
3573 415 3586 453 :

352 463 560 514 νύττειν
613 464 732 532 μὲν,
766 481 784 515 ι
821 460 919 530 Εἷς
974 468 1084 522 τῶν
1132 474 1484 539 στρατιωτῶν
1532 476 1699 547 λόγχῃ
1745 479 1914 531 αὑτοῦ

351 550 444 619 τὴν
481 552 722 628 πλεοράν
767 555 971 623 ἔνυξεν,
1012 578 1031 611 ι
1068 563 1127 613 ἐν
1170 563 1247 633 τῷ
1275 564 1515 633 εἰσάγειν
1556 567 1611 620 δὲ
1654 573 1746 621 τὸν
1776 567 1916 624 οἶνον

2030 495 2047 527 ι
2091 476 2155 530 Ει
2188 481 2450 535 continuo
2480 483 2641 536 exivit
2669 489 2890 554 sanguis
2915 498 2965 540 et
2990 502 3152 556 aqua.
3196 508 3213 539 ι
3258 489 3318 542 Et
3349 503 3539 545 caetera
3576 508 3589 557 ;

2024 567 2325 620 lestiﬁcuns
2380 568 2480 621 boc
2529 571 2688 625 modo
2737 588 2795 627 se
2859 577 3072 644 operari
3147 580 3475 631 sacriﬁcium
3534 589 3591 632 et

353 641 444 695 σὺν
477 642 652 737 ὕδατι,
683 665 703 696 ‹
743 647 853 700 Καὶ
885 649 1088 715 εὐθέως
1128 653 1350 724 ἐξῆλθεν
1382 651 1518 726 αἷμα
1563 659 1656 711 καὶ
1682 660 1847 727 ὕδωρ,
1892 683 1910 715 ι

2021 656 2352 712 oblationem
2405 652 2631 717 Christi.
2675 663 2739 717 Et
2792 641 2914 735 quin
2968 683 3065 735 pro
3112 670 3269 724 nobis
3321 669 3591 737 pertulit,

356 736 443 785 καὶ
472 737 543 788 τὰ
570 735 762 801 λοιπά,
799 743 1094 811 μαρτυρῶν
1127 744 1202 808 ὼς
1249 747 1419 816 αὐτὴν
1457 749 1553 817 τὴν
1583 749 1775 805 Θυσίαν
1822 757 1918 808 καὶ

2023 744 2239 813 ﬁgurat,
2275 752 2849 808 commemorationem
2884 754 3036 825 Ejus,
3072 767 3135 812 ut
3170 760 3589 826 commendavit,

355 826 661 896 ἱερουργίαν
696 831 907 899 ἐνεργεῖ
956 832 1053 886 τοῦ
1101 834 1375 907 Χριστοΰ”
1438 839 1596 893 καὶᾶ
1650 842 1917 896 πέπονθεν
2022 834 2272 891 heims:

352 916 485 987 ὑπὲρ
520 919 681 988 ἡμῶν
716 921 965 990 ὲκτυποῖ,
1000 926 1099 994 τὴν
1127 928 1434 999 ἀνάμνησιν
1466 932 1628 987 αὐτοῦ
1662 934 1739 997 ὼς
1770 950 1915 1005 παρ-

351 1005 546 1060 έδωκεν
574 1011 837 1080 ἐνεργῶν.

922 1098 1350 1182 KaoAK.nqn

574 1193 739 1247 Διατί
757 1194 1439 1274 ἐνζυμος’προσφέρεται
1469 1207 1669 1275 ἄρτος.

416 1280 484 1333 ’0
518 1282 619 1352 μὲν
657 1284 751 1339 οὖν
779 1286 945 1358 ἄρτος
989 1291 1222 1364 ἔνζυμός
1248 1298 1417 1362 ἐστιν,
1455 1298 1529 1361 ὡς
1557 1298 1801 1370 ἔμψυχός
1832 1318 1915 1363 τις

348 1369 429 1423 διά
460 1373 559 1443 τῆς
583 1376 761 1447 ζύμης
790 1378 886 1444 ὢν,
917 1382 1011 1435 καὶ
1037 1384 1253 1455 άληθῶς
1277 1388 1484 1457 ἄρτιος.
1516 1369 1803 1461 Μαρτυρεῖ
1833 1392 1913 1457 δδο

2537 1097 2765 1163 CAPUT
2794 1102 3077 1165 LXXXVI.

2200 1196 2276 1253 De
2313 1199 2518 1253 senibus
2567 1203 2756 1255 virtute
2790 1211 2838 1255 et
2864 1204 3143 1271 prudentia
3185 1204 3409 1258 ornatis.

2090 1285 2253 1345 Panis
2282 1290 2449 1359 igitur
2483 1289 2841 1346 fermentatus
2884 1302 2989 1357 est,
3026 1302 3281 1363 tanquam
3315 1296 3589 1351 animatus

2020 1375 2092 1432 sit
2125 1376 2416 1442 fermento,
2448 1392 2503 1433 et
2534 1394 2659 1433 vere
2690 1383 3020 1448 completus.
3064 1380 3414 1438 Testiﬁcatur
3462 1400 3591 1440 vero

346 1461 417 1525 ὡς
450 1468 548 1520 καὶ
578 1468 783 1522 τέλειον
830 1465 899 1541 ἦν
949 1475 1010 1527 τὸ
1046 1476 1398 1549 πρόσλημμα,
1436 1479 1464 1533 ὃ
1514 1483 1654 1552 ὑπὲρ
1688 1483 1846 1553 ἡμῶν
1887 1485 1911 1537 6

2020 1482 2202 1522 veram
2263 1467 2690 1536 assumptionem
2739 1469 2907 1524 fuisse
2962 1486 3125 1538 quam
3183 1488 3279 1541 pro
3316 1474 3473 1528 nobis
3502 1489 3590 1529 as-

347 1553 435 1646 τοῦ
466 1556 600 1610 Θεοῦ
629 1562 996 1628 προσελάϐετο
1022 1566 1193 1636 Λόγος
1214 1584 1230 1601 ο
1261 1570 1374 1625 Καὶ
1405 1572 1540 1641 σάρξ
1575 1552 1813 1642 ἐγένετο,
1838 1576 1911 1646 μὴ

2020 1556 2253 1625 sumpsit
2297 1557 2389 1611 Dei
2424 1554 2684 1610 Verbum.
2722 1555 2786 1608 Et
2819 1552 3053 1610 Verbum
3086 1571 3214 1611 caro
3262 1557 3463 1611 factum
3507 1568 3592 1612 est.

346 1645 658 1737 αλλοιωθεῐς
680 1667 695 1680 ο
727 1656 822 1707 καὶ
857 1656 998 1724 μετὰ
1028 1656 1207 1730 ψυχῆς
1234 1660 1461 1731 λογικῆς
1495 1682 1553 1718 τε
1596 1668 1691 1720 καὶ
1720 1645 1913 1737 νοερᾶς

2017 1662 2124 1703 non
2158 1656 2451 1704 mutatum.
2478 1650 2543 1703 Et
2574 1663 2694 1704 cum
2726 1649 2904 1702 anima
2943 1649 3192 1702 rationali
3230 1658 3283 1703 et
3312 1648 3589 1719 spirituali

347 1730 429 1803 ἦν,
485 1740 618 1793 αὐτὸ
669 1742 730 1796 τὸ
779 1745 1120 1816 ἀνθρώπινον
1172 1730 1645 1824 προσλαϐόμενος·
1696 1730 1910 1821 καὶ-ὼς

2020 1748 2156 1803 erat,
2191 1739 2307 1807 ipsa
2338 1738 2675 1794 humanitate
2711 1748 3011 1809 assumpta.
3051 1738 3115 1793 Et
3147 1749 3408 1809 tanquam
3441 1742 3588 1797 Deus

345 1828 476 1893 Θεὸς
515 1833 739 1903 τέλειος,
775 1840 870 1892 καὶ
903 1841 1185 1912 ἄνθρωπος
1226 1846 1431 1911 τέλειός
1474 1850 1643 1915 ἐστιν,
1676 1852 1762 1905 ῐνα
1813 1854 1908 1906 καὶ

345 1921 438 1989 ιμὲ
494 1923 617 1977 ὅλον
679 1929 990 2003 άναπλάση.
1027 1935 1134 1988 Καὶ
1167 1938 1294 2007 τρία
1335 1939 1393 1992 δὲ
1443 1942 1501 1994 ἐν
1531 1942 1698 2012 αὐτῷ,
1729 1944 1816 1996 διὰ
1848 1945 1909 1998 τὸ

344 2016 598 2106 τριμερὲς
625 2019 724 2087 τῆς
751 2020 953 2093 ψυχῆς,
988 2028 1082 2080 καὶ
1108 2028 1202 2085 διὰ
1228 2033 1326 2101 τὴν
1348 2031 1511 2101 τιμὴν
1538 2036 1635 2103 τῆς
1657 2036 1905 2106 Τριάδος⁶

342 2102 568 2197 άλευρον
618 2111 765 2178 μετὰ
790 2112 991 2184 ζύμης,
1040 2118 1161 2187 ἥτις
1214 2120 1367 2192 δηλοῖ
1423 2125 1522 2195 τὴν
1568 2102 1767 2197 ψυχήν,
1813 2128 1911 2181 καὶ

340 2193 484 2266 ὕδωρ
520 2196 661 2266 ὅπερ
693 2199 924 2269 δηλοττδ
951 2202 1256 2275 βάπτισμα,
1285 2212 1379 2265 καὶ
1417 2193 1571 2280 ἃλας,
1596 2214 1624 2267 ὃ
1648 2193 1906 2286 *σημαίνει

338 2286 423 2339 τὸν
454 2286 585 2340 νοῦν
616 2289 712 2344 καὶ
758 2291 859 2360 τὴν
889 2293 1238 2351 διδασκαλίαν
1266 2299 1368 2354 τοῦ
1409 2303 1605 2371 Λόγου.
1638 2304 1737 2368 ’ος
1769 2305 1907 2373 πρὸς

338 2378 460 2442 τοὺς
518 2378 768 2450 μαθητάς
819 2384 1047 2456 ἔφησεν,
1103 2407 1124 2442 ι
1170 2390 1364 2460 Ὑμεῖς
1410 2395 1532 2447 ἔστε
1562 2394 1621 2448 τὸ
1643 2395 1777 2461 ἃλας
1805 2398 1905 2463 τῆς

338 2469 461 2539 γῆς,
477 2486 499 2520 ι
524 2471 576 2523 ot
594 2470 898 2529 διδάσκαλοι
920 2476 1178 2542 δηλονότι.
1201 2481 1331 2547 Καὶ,
1359 2484 1584 2553 «Ἔχετε
1609 2486 1665 2537 ὲν
1689 2487 1904 2551 ἑαυτοῖς

337 2559 495 2627 ἃλας,
528 2580 547 2615 ι
576 2563 677 2631 τὴν
713 2566 917 2632 γνῶσιν
945 2570 1038 2623 καὶ
1071 2572 1171 2643 τὴν
1202 2574 1425 2645 ἀγάπην
1457 2571 1572 2647 ἅμα
1600 2577 1793 2647 δηλῶν,
1826 2580 1908 2634 ὅτι

335 2655 425 2707 καὶ
455 2655 563 2724 τῆς
592 2652 823 2727 Τριάδος
858 2652 941 2725 εἷς
987 2663 1139 2717 ἐστιν
1169 2667 1198 2719 6
1246 2669 1571 2737 σαρκωθείς.
1604 2668 1906 2742 Ἐψημένος

334 2743 388 2798 δδ
418 2748 447 2799 6
478 2747 649 2818 ἄρτος
687 2751 745 2802 ὲν
772 2752 929 2821 πυρὶ,
966 2754 1052 2808 ὅτι
1104 2756 1236 2822 Θεὸς
1257 2757 1355 2826 ὢν,
1381 2759 1499 2823 ὅλος
1533 2760 1665 2831 ἡμῖν
1694 2762 1901 2833 ἠνώθη,

335 2836 428 2888 καὶ
477 2836 587 2906 τῆς
646 2837 810 2894 αὐτοῦ
852 2842 983 2912 ἡμῖν
1024 2844 1311 2914 δυνάμεως
1340 2849 1434 2902 καὶ
1463 2850 1745 2920 ἐνεργείας
1775 2869 1908 2922 μετ-

336 2926 508 2981 έδωκε
530 2943 545 2958 ·
577 2929 778 2998 μᾶλλον
831 2930 889 2986 δὲ
938 2934 1060 3000 ὅλος
1103 2936 1200 3011 ὅλῃ
1254 2937 1411 3010 ἡμῶν
1453 2940 1634 3012 ήνώθη
1685 2945 1752 3014 τῇ
1799 2943 1910 2996 άπ-

334 3023 505 3093 «exﬁ-

920 3141 1171 3197 ΚΕΦΛΛ.
1210 3138 1332 3200 IlZ'.

331 3222 496 3279 Διατί
517 3229 880 3299 τετραμερὴς
900 3233 934 3285 d
948 3237 1438 3371 πρὲἔῗοερόμενος
1459 3241 1548 3307 εις
1570 3242 1910 3311 ἱερουργίαν

1175 3326 1229 3369 ς.
1696 3326 1709 3333 “

1175 3326 1229 3369 ς.
1696 3326 1709 3333 “

396 3384 441 3435 Τ
442 3388 764 3461 ετραμερὴς
802 3390 859 3444 δὶ
908 3394 935 3447 6
973 3393 1159 3464 ἄρτος,
1200 3397 1317 3451 ἀλλ’
1359 3399 1421 3453 οὗ
1473 3400 1814 3472 κυκλοτερὴς
1846 3418 1909 3455 τε

327 3473 421 3527 καὶ
453 3474 695 3545 ἄζυμος,
730 3478 807 3540 ὡς
848 3478 878 3531 6
911 3486 1062 3553 παρά
1113 3486 1361 3540 Λατίνων
1391 3486 1674 3557 θυόμενος,
1697 3490 1777 3543 ὅτι
1813 3489 1912 3542 καὶ

326 3564 571 3630 τέλειος,
598 3566 674 3629 ὡς
703 3568 1031 3641 εἰρήκαμεν,
1058 3573 1146 3628 διὰ
1165 3574 1227 3629 τὸ
1245 3575 1460 3638 τέλειον
1503 3577 1596 3632 τὸν
1623 3577 1912 3649 ἄνθρωπον

326 3656 451 3710 ὅλον
491 3658 563 3711 ἐκ
600 3672 660 3712 τε
685 3660 865 3732 ψυχῆς
890 3664 1004 3718 καὶ
1036 3664 1148 3719 τῶν
1184 3668 1469 3739 τεσσάρων
1500 3670 1782 3740 στοιχείων
1819 3671 1912 3725 τὸν

328 3746 466 3801 Θεὸν
499 3748 911 3819 προσλαϐέσθαι
934 3770 949 3787 ⁸
982 3756 1077 3810 καὶ
1124 3757 1206 3811 ὅτι
1246 3761 1590 3832 τετραμερὴς
1620 3762 1729 3825 πᾶς
1759 3761 1789 3813 6
1821 3764 1913 3815 κό-

332 3854 510 3908 σμος,
553 3841 646 3893 καὶ
683 3841 846 3905 αὐτὸς
884 3844 915 3897 6
957 3847 1129 3915 Λόγος
1169 3847 1263 3902 τοῦ
1294 3849 1500 3919 κόσμου
1542 3851 1872 3922 δημιουργός
1895 3868 1909 3881 °

328 3929 423 3981 καὶ
456 3929 549 3982 ὅτι
582 3932 650 3983 ὲκ
675 3934 961 3998 τεσσάρων
987 3938 1268 4006 στοιχείων
1295 3941 1355 3992 τὸ
1386 3939 1543 4009 σῶμα
1581 3941 1610 3993 ὅ
1634 3942 1913 4009 ,προσελά-

324 4020 456 4074 σετο
485 4022 519 4075 6
556 4021 791 4091 Χριστός
818 4041 833 4056 ·
868 4028 964 4080 καὶ
998 4024 1080 4082 ὅτι
1127 4031 1197 4083 τά
1233 4031 1444 4102 πέρατα
1478 4032 1657 4086 πάντα
1692 4032 1787 4086 τοῦ
1817 4034 1910 4087 κό-

327 4124 475 4181 σμου
502 4115 707 4182 ἡγίασε
733 4118 1036 4188 σαρκωθεὶς
1063 4118 1092 4174 6
1118 4120 1309 4189 Λόγος,
1349 4122 1445 4176 καὶ
1473 4124 1539 4177 τὰ
1561 4123 1787 4195 οὐράνια
1816 4124 1911 4177 καὶ

325 4202 396 4255 τά
446 4203 572 4275 99
622 4205 843 4273 ἐπίγεια
872 4225 888 4241 ο
947 4210 1043 4263 καὶ
1090 4213 1173 4264 ὅτι
1229 4214 1417 4267 τούτου
1462 4214 1525 4267 τὸ
1570 4214 1755 4284 σχῆμα
1814 4214 1913 4268 αὖ·

322 4294 421 4346 τοῦ
474 4297 649 4349 tum!
690 4297 784 4350 τὸν
826 4301 1076 4370 σταυρὸν,
1115 4300 1181 4356 δι’
1204 4303 1264 4358 οὗ
1312 4302 1651 4375 προσπαγεὶς
1679 4307 1737 4359 ὲν
1762 4305 1910 4376 αὐτῷ

1935 3095 1985 3158 C-

2020 1829 2294 1900 perfectus
2346 1842 2429 1886 est
2465 1840 2521 1885 et
2572 1838 2828 1900 tanquam
2872 1832 3055 1897 homo,
3096 1840 3153 1885 ut
3188 1846 3239 1885 et
3276 1847 3360 1885 me
3414 1841 3588 1887 totum

2022 1921 2302 1977 reformet.
2340 1920 2406 1975 Et
2442 1923 2540 1976 tria
2566 1922 2619 1976 in
2653 1938 2716 1977 eo
2749 1932 3129 1993 sunt,propter
3164 1923 3430 1993 triplicem
3466 1927 3588 1979 ani-

2022 2029 2123 2068 ma:
2180 2014 2493 2068 facultatem
2563 2022 2617 2068 et
2680 2024 2899 2083 propter
2954 2014 3235 2068 Trinitatis
3296 2016 3585 2068 honorem.

2020 2101 2316 2157 Triticeum
2382 2102 2467 2157 far
2523 2117 2646 2157 cuin
2726 2101 3040 2168 fermento,
3122 2104 3267 2172 quod
3350 2104 3585 2158 animam

2018 2194 2275 2258 ostendit,
2306 2204 2359 2249 et
2390 2209 2525 2264 aqua
2559 2208 2679 2262 qure
2711 2193 3037 2263 baptismum
3080 2194 3371 2263 signiﬁcat,
3400 2204 3455 2249 et
3481 2190 3584 2258 sal,

2019 2286 2167 2353 quod
2223 2293 2457 2340 mentem
2506 2293 2560 2339 et
2595 2286 2899 2340 doctrinam
2939 2285 3096 2340 Verbi
3151 2285 3394 2351 indicat;
3441 2286 3585 2355 quod

2020 2376 2258 2433 Verbum
2285 2377 2571 2447 discipulis
2606 2377 2744 2431 dixit
2776 2395 2789 2431 :
2827 2396 2845 2429 ι
2888 2377 2998 2431 Vos
3028 2377 3162 2432 estis
3214 2377 3296 2433 sal
3346 2386 3525 2441 terrae,
3563 2397 3583 2429 ι

2020 2484 2213 2539 nempe
2278 2470 2557 2525 doctores.
2618 2468 2681 2522 Et
2737 2487 2757 2522 ι
2822 2468 3028 2525 Habete
3078 2469 3133 2523 in
3188 2470 3344 2524 vobis
3400 2471 3519 2535 sal,
3560 2487 3579 2520 ι

2026 2560 2313 2617 scientiam
2346 2570 2402 2615 et
2450 2561 2774 2615 cbaritatem
2807 2562 2971 2616 simul
3004 2560 3348 2630 signiﬁcans.
3379 2560 3504 2630 quia
3533 2572 3589 2613 ct

2020 2653 2305 2708 Trinitatis
2351 2668 2495 2708 unus
2538 2660 2643 2718 est,
2706 2652 2799 2722 qui
2853 2661 2937 2706 est
2986 2652 3321 2707 incarnatus.
3386 2652 3589 2705 Coetus

2015 2754 2193 2801 autem
2226 2746 2382 2815 panis
2418 2744 2470 2798 in
2504 2743 2627 2813 igne
2648 2753 2751 2809 est,
2779 2744 2927 2812 quia,
2961 2757 3085 2798 cum
3138 2743 3208 2798 sit
3250 2742 3412 2806 Deus,
3441 2753 3588 2797 totus

2018 2837 2306 2894 nobiscum
2345 2835 2533 2891 unitus
2559 2842 2662 2899 est,
2696 2843 2750 2890 et
2780 2849 2880 2889 nos
2906 2849 3017 2889 suae
3053 2826 3309 2903 potentia
3334 2842 3386 2887 et
3410 2832 3587 2887 virtu-

2015 2930 2087 2986 tis
2116 2928 2410 2998 participes
2452 2925 2674 2993 eﬂ‘ecit;
2714 2927 2824 2983 imo
2868 2941 2998 2982 vero
3049 2934 3197 2984 totus
3236 2926 3363 2983 totis
3416 2927 3589 2985 nostri

2019 3020 2276 3095 primitiis
2303 3020 2488 3079 uuitus
2524 3032 2629 3077 est.

2516 3134 2741 3190 CAPUT
2781 3127 3094 3191 LXXXVII.

2025 3227 2205 3295 Quare
2238 3229 2389 3295 panis
2415 3228 2484 3280 ad
2512 3241 2720 3281 sacram
2745 3229 2966 3280 Missam
2988 3227 3196 3279 oblatus
3213 3227 3281 3280 sit
3310 3227 3594 3295 quadram

2426 3297 2628 3366 gutaris
2657 3308 2708 3350 et
2738 3295 3159 3366 quadripartitus
3180 3295 3206 3348 ?

2092 3388 2534 3458 Quadripartitus
2565 3400 2692 3441 vero
2723 3387 2879 3456 panis
2931 3396 3062 3452 est,
3107 3400 3285 3456 neque
3324 3384 3592 3440 retundus

2022 3490 2076 3535 et
2098 3494 2343 3550 azymus,
2376 3489 2435 3533 ut
2463 3479 2603 3548 apud
2633 3468 2881 3541 Latinos,
2916 3474 3131 3533 oblatus
3157 3476 3332 3547 panis,
3380 3476 3507 3545 quia
3536 3486 3592 3529 et

2024 3570 2319 3640 perfectus,
2344 3579 2403 3623 ut
2424 3569 2686 3636 diximus,
2715 3584 2782 3624 eo
2812 3570 2957 3638 quod
3004 3568 3148 3623 Deus
3201 3578 3373 3623 totum
3409 3568 3591 3622 homi-

2023 3676 2173 3726 nem,
2210 3661 2557 3730 animamque
2588 3669 2642 3715 et
2679 3668 2916 3729 quatuor
2955 3662 3224 3733 elementa
3268 3661 3587 3729 assumpsit.

2024 3748 2090 3809 Et
2122 3753 2248 3824 quia
2300 3753 2733 3823 quadripartitus
2770 3764 2856 3810 est
2890 3754 3177 3808 universus
3209 3751 3445 3806 mundus
3474 3791 3488 3814 ,
3537 3760 3591 3805 et

2023 3847 2200 3915 ipsum
2235 3842 2501 3911 Verbum,
2555 3845 2701 3915 quod
2753 3832 3011 3901 mundum
3059 3845 3306 3909 creavit;
3346 3852 3401 3896 et
3458 3845 3586 3910 quia

2022 3945 2260 4005 quatuor
2313 3934 2599 3992 elementis
2654 3944 2869 3990 constat
2922 3949 3120 4005 corpus
3164 3949 3193 3988 a
3228 3934 3452 3989 Christo
3500 3950 3584 3988 as-

2024 4035 2325 4094 sumptum,
2359 4034 2414 4081 et
2437 4026 2566 4095 quia
2591 4039 2780 4082 omnes
2819 4026 2956 4081 ﬁnes
2989 4026 3177 4081 mundi
3226 4025 3590 4080 sanctiﬁcavit

2021 4113 2259 4170 Verbum
2300 4117 2665 4179 incarnatum,
2693 4123 2748 4170 et
2804 4115 3046 4171 caelestia
3086 4125 3143 4172 et
3174 4117 3496 4182 terrestria;
3531 4129 3588 4171 ct

2022 4205 2150 4277 quia
2207 4208 2322 4262 haec
2381 4206 2537 4277 panis
2570 4208 2747 4263 forma
2780 4222 2999 4263 crucem
3032 4206 3262 4280 ﬁgurat,
3295 4225 3390 4279 per
3419 4224 3580 4279 quam

2023 4297 2316 4355 cruciﬁxus
2343 4308 2397 4354 et
2431 4310 2680 4354 mortuus
2732 4314 2830 4356 nos
2881 4308 2937 4355 et
2969 4303 3229 4357 mundum
3273 4304 3581 4357 UIIIVI'I'SIIIII

326 4388 426 4477 καὶ
470 4383 789 4454 ἀποθανὼν,
818 4388 964 4458 ἡμᾶς
1025 4391 1120 4444 καὶ
1162 4392 1258 4447 τὸν
1290 4394 1493 4473 κόσμον
1526 4395 1701 4448 πάντα
1727 4394 1908 4466 άνώρ-
1943 4420 1991 4477 υ
2018 4389 2217 4445 erexit.

326 4472 542 4530 θωσεν.

912 4595 1164 4655 ΚΕΦΛΛ.
1198 4596 1334 4657 Πην.

320 4702 461 4759 Ὀτι
493 4706 613 4760 οὐκ
647 4704 833 4773 ὀρθῶς
861 4708 979 4764 κᾶν
999 4711 1187 4775 τούτῳ
1213 4712 1457 4767 ποιοῦσι
1488 4706 1752 4775 Λατῖνοι,
1780 4712 1912 4773 ἄζυ-

386 4775 483 4851 μᾴ
516 4791 584 4829 τε
612 4776 712 4828 καὶ
741 4779 1066 4851 κοκλοειδῆ
1092 4781 1278 4851 ταῦτα
1309 4782 1781 4851 προσφέροντες-ο
1807 4798 1913 4836 σε·

391 4845 716 4981 Effugi-ttat
744 4846 851 4915 γὰρ
872 4851 907 4901 ό
930 4845 1184 4916 Χριστός
1209 4866 1222 4881 ο
1254 4851 1321 4904 τὸ
1349 4845 1625 4920 biviaad
1656 4845 1913 4906 ἐπ’στοι-

401 5021 564 5077 Ἀλλ’
595 5026 646 5077 oi
679 5024 899 5079 Λατῖνοί
936 5042 1125 5097 φασιν,
1160 5028 1234 5094 ὠς
1279 5031 1339 5084 τὸ
1369 5030 1700 5099 κυκλοειδὲς,
1732 5034 1827 5087 καὶ
1853 5032 1914 5086 τὸ

314 5114 576 5186 ἄναρχον
604 5114 771 5169 αὒτοῦ
804 5119 1058 5187 σημαίνει
1089 5120 1182 5175 καὶ
1210 5121 1563 5193 ἀτελεύτητον
1587 5125 1687 5194 τῆς
1715 5123 1913 5194 Θεότη-

315 5222 432 5270 τος.
471 5209 597 5262 Καὶ
632 5206 687 5260 τί
722 5209 881 5269 τοῦτο
920 5212 970 5264 οί
999 5212 1294 5282 όρθοδόξως
1330 5210 1655 5286 φρονοῦντές
1690 5233 1912 5286 φαμενς

314 5295 395 5349 οὐ
422 5297 572 5366 περὶ
595 5296 883 5366 θεολογίας
899 5302 1009 5369 γάρ
1045 5301 1141 5356 νῦν
1162 5304 1189 5355 6
1207 5302 1385 5371 λόγος.
1422 5304 1495 5357 Τὸ
1525 5306 1826 5377 μυστήριον
1856 5306 1915 5359 δὲ

318 5389 421 5457 τῆς
456 5387 805 5457 σαρκώσεως
835 5392 930 5444 καὶ
964 5392 1058 5447 τοῦ
1092 5394 1300 5459 πάθους
1338 5396 1686 5469 κηρύττεται,
1721 5398 1816 5450 καὶ
1846 5398 1919 5451 τὰ

319 5476 425 5547 τῆς
454 5477 941 5553 ἐνανθρωπήσεως
965 5476 1066 5538 ὧδε
1110 5484 1473 5540 ἑκτυποῦνται
1504 5487 1716 5557 καὶτῆς
1748 5503 1913 5540 atau-

324 5571 588 5638 ρὼσεως.
613 5571 808 5640 Ὅμως
842 5573 964 5626 οὐδὲ
987 5576 1048 5628 τὸ
1071 5574 1257 5646 σχῆμα
1281 5577 1440 5631 τοῦτο
1469 5578 1664 5647 ἀφείθη
1691 5578 1723 5648 ἢ
1755 5596 1915 5632 κατε-

323 5660 559 5733 λείφθη,
590 5662 703 5715 ἀλλ’
732 5664 791 5716 ἐν
824 5666 895 5735 τῇ
920 5668 1172 5735 σφραγῖδι
1204 5670 1419 5737 ὁρᾶται.
1473 5670 1584 5723 Καὶ
1619 5672 1917 5737 ἀναγκαῖον

638 5754 908 5818 ΡΔΤΒΟΙ..
944 5758 1053 5818 Gn.
1092 5757 1258 5818 CLV.

526 5854 557 5870 ο

2502 4613 2733 4670 CAPUT
2774 4614 3100 4671 LXXXVIII.
3165 4627 3167 4630 ‘

2016 4720 2137 4780 Non
2171 4736 2304 4781 recte
2338 4727 2388 4798 in
2416 4727 2510 4798 hoc
2540 4728 2715 4795 facere
2744 4726 2980 4793 Latinos,
3012 4732 3150 4795 quod
3183 4731 3582 4798 inferinmtatau

2084 4805 2130 4847 et
2159 4795 2413 4849 rotundas
2437 4796 2631 4849 hostias
2664 4798 2912 4865 offerunt,
2951 4816 3068 4851 cum
3106 4795 3350 4853 Christus
3371 4816 3583 4851 carnem

2085 4866 2430 4933 assumpserit
2451 4882 2515 4919 ea:
2538 4878 2768 4936 quatuor
2797 4878 3124 4924 constantem
3153 4869 3439 4922 elementis.

2085 5037 2190 5092 Sed
2222 5037 2396 5093 Latini
2428 5039 2615 5093 dicunt
2648 5054 2840 5109 panem
2883 5041 3171 5094 rotundum
3208 5050 3259 5090 et
3307 5039 3583 5091 :etcrnitn-

2014 5137 2122 5184 tem
2170 5138 2223 5183 et
2275 5129 2735 5184 immortalitatem
2766 5129 2997 5198 Deitatis
3036 5140 3460 5197 representare.
3517 5129 3583 5181 Et

2013 5218 2144 5288 quid
2198 5220 2299 5272 boc
2329 5218 2573 5275 dicemus
2629 5236 2727 5274 nos
2778 5222 2871 5290 qui
2924 5220 3224 5272 orthodoxe
3273 5218 3585 5273 sentimus?

2016 5307 2132 5361 Non
2163 5306 2229 5360 de
2259 5306 2551 5376 Theologia
2597 5312 2789 5378 agitur.
2830 5308 3199 5362 Annuntiatur
3235 5308 3579 5364 lncarnatio-

2016 5396 2100 5452 nis
2128 5405 2181 5451 et
2212 5397 2491 5453 Passionis
2527 5397 2869 5468 mysterium,
2898 5408 2953 5453 et
2982 5398 3382 5456 Incatnatiouis
3409 5400 3587 5456 cruci-

2016 5486 2347 5557 ﬁxionisqne
2378 5489 2682 5558 ﬁgurantur
2707 5490 2986 5559 mysteria.
3022 5489 3225 5547 Tamen
3274 5509 3383 5549 non
3420 5493 3587 5561 hujus

2019 5577 2190 5634 forma
2224 5577 2423 5646 reiecta
2453 5590 2537 5634 est
2586 5592 2640 5633 et
2670 5580 2955 5649 derelicta,
3011 5584 3103 5638 sed
3153 5584 3208 5637 in
3262 5585 3417 5651 signo
3469 5590 3584 5639 visa

2016 5681 2130 5745 est:
2172 5678 2225 5725 et
2278 5671 2349 5726 ibi
2400 5672 2572 5743 magis
2608 5674 2998 5741 necessarium,
3032 5677 3161 5747 quia
3212 5692 3333 5746 qua:
3361 5678 3426 5731 ad
3459 5676 3581 5732 Salo

3240 5768 3273 5828 9
