4044 6198
398 309 505 381 ἘἿΙ

1180 310 1554 377 SYMEONIS
1585 310 2338 376 THESSALONICENSIS
2372 306 2729 374 ARCHIEP.

3510 303 3623 391 ω

405 438 471 492 de
503 433 641 489 cado
664 430 1020 498 (hist-endem,
1057 444 1151 501 pro
1186 445 1387 505 manus
1418 430 1511 484 illo
1544 446 1560 496 ;
1592 445 1752 498 quem
1784 443 1975 499 panem

2080 433 2108 484 ὁ
2140 430 2269 494 ζῶν,
2318 431 2344 482 ὁ
2382 431 2445 482 ὲκ
2470 426 2565 481 τοῦ
2596 421 2827 495 ούρανοῦ
2858 418 3123 484 καταϐάς,
3162 419 3284 473 άντὶ
3333 418 3429 473 105
3466 422 3642 488 μάννα

402 529 494 597 qui
533 522 1093 584 niamluraverit,non
1162 521 1446 583 morietur,
1479 530 1536 574 ut
1591 520 1748 574 dixit.
1809 520 1865 573 Si
1915 528 1969 574 et

401 619 578 674 adhuc
607 617 923 678 contendas,
951 623 1009 667 ut
1037 613 1199 677 soles,
1234 620 1289 666 et
1319 612 1447 665 illud
1488 627 1554 665 ex
1580 620 1823 681 tempore
1849 611 1968 679 ipso

403 708 788 776 Interpretcris,
818 715 871 759 et
902 719 1150 775 azymum
1183 719 1375 773 panem
1420 703 1643 756 allatum
1704 717 1846 766 esse,
1902 716 1968 755 eo

399 802 539 870 quod
575 798 740 867 legale
776 796 976 850 Pascha
1017 811 1137 849 rum
1171 795 1375 864 azymis
1409 792 1817 858 celebrabatur;
1842 801 1970 846 sunt

400 894 587 946 multa:
669 904 729 942 ac
782 888 1074 941 verissimae
1122 902 1283 940 voces
1339 885 1699 938 maximorum
1757 884 1968 938 divino-

401 995 632 1048 rumque
663 979 897 1031 rirorum
922 990 1040 1043 (μιαξ
1071 976 1351 1029 audaciam
1387 983 1536 1027 tuam
1578 972 1972 1042 ignorantiam-

399 1068 840 1141 qucdeturbcut.
891 1064 1057 1118 Addis
1107 1065 1251 1131 quod
1304 1063 1541 1116 nondum
1591 1062 1971 1115 assutnebatur

401 1162 748 1220 renuentum,
782 1156 998 1224 quando
1030 1155 1282 1224 mysteria
1317 1152 1540 1206 tradidit
1584 1152 1851 1205 Salvator;
1908 1148 1970 1202 Et

400 1249 749 1319 Evangeliunt
787 1248 946 1316 hujus
978 1248 1051 1299 rei
1077 1254 1158 1299 cst
1178 1246 1354 1305 testis,
1374 1258 1494 1297 cum
1527 1243 1668 1296 hanc
1692 1241 1829 1295 diem
1852 1252 1973 1295 esse

393 1345 538 1398 diem
573 1357 884 1412 azymorum
908 1355 1006 1394 nos
1034 1340 1272 1401 doceat;
1305 1335 1523 1405 quando
1553 1351 1611 1388 se
1636 1335 1809 1402 ipsum
1842 1346 1972 1385 con-

394 1432 920 1489 secravitCln-istus.
948 1429 1054 1485 Sed
1076 1438 1192 1482 erat
1222 1435 1344 1479 ante
1374 1438 1583 1495 azyma.
1617 1441 1633 1472 ι
1663 1422 1802 1475 Ante
1820 1421 1961 1473 diem

395 1528 596 1581 festum
629 1516 870 1587 Paschal,
915 1521 1007 1581 ait.
1044 1518 1223 1573 sciens
1249 1507 1431 1580 Iesus,
1472 1532 1491 1566 ι
1527 1520 1578 1567 et
1610 1512 1844 1566 hostiam
1870 1509 1967 1564 de-

396 1620 497 1681 dit.
534 1617 751 1687 quando
782 1616 907 1668 fecit
940 1626 1173 1666 cceuam.
1208 1607 1361 1663 Tunc
1390 1619 1605 1677 Quoque
1623 1606 1783 1675 pedes
1806 1601 1973 1657 disci-

398 1686 649 1781 pulorum
683 1706 809 1759 lavit
834 1720 848 1771 ;
874 1715 926 1756 ct
955 1703 1071 1756 haec
1096 1711 1253 1755 erant
1282 1707 1409 1752 ante
1438 1692 1718 1753 Judaicum
1740 1686 1971 1748 Pascha.

400 1800 535 1853 Vide
564 1807 739 1851 autem
763 1794 892 1864 quid
915 1793 1058 1847 dicat
1083 1800 1136 1845 et
1167 1792 1218 1843 in
1254 1788 1518 1858 passionis
1567 1783 1655 1841 die
1687 1803 1700 1839 :
1731 1804 1749 1837 ι
1785 1785 1848 1837 Ει
1870 1781 1972 1849 ipsi

399 1906 507 1944 non
538 1888 863 1944 introierunt
891 1885 943 1937 in
973 1883 1308 1950 praetorium,
1365 1888 1428 1933 ut
1452 1893 1559 1932 non
1583 1877 1972 1947 polluerentur,

398 1982 493 2037 sed
521 1990 579 2033 ut
602 1979 994 2033 manducarcnt
1029 1972 1253 2027 Pascha.
1285 1990 1305 2023 ι
1348 1969 1411 2022 Et
1440 1984 1658 2023 rursum
1686 1968 1738 2020 in
1800 1965 1975 2022 cruci.

401 2073 634 2126 titione:
663 2087 683 2121 ι
740 2066 999 2137 quoniam
1061 2063 1360 2117 Parasceve
1408 2068 1548 2122 erat,
1581 2057 1803 2127 inquit;
1849 2064 1967 2112 erat

396 2164 545 2219 enim
573 2175 805 2230 magnus
835 2158 953 2211 dies
989 2157 1077 2209 ille
1109 2152 1356 2208 Sabbati.
1398 2170 1416 2204 ι
1450 2150 1514 2204 Ει
1546 2164 1612 2205 ει
1647 2149 1714 2203 iis
1743 2164 1860 2218 qua:
1895 2146 1978 2201 di-

398 2255 474 2308 cit
529 2250 877 2321 Evangeliunt
911 2263 927 2306 :
965 2267 983 2299 ι
1026 2245 1249 2312 Accepit
1296 2256 1487 2314 panem
1537 2258 1557 2310 ρ
1616 2254 1722 2295 non
1777 2238 1972 2292 addit:

404 2359 681 2416 azymum.
703 2340 770 2395 Et
798 2342 943 2411 quod
969 2340 1044 2394 ait
1071 2337 1332 2392 Dominus
1360 2352 1375 2388 :
1405 2352 1423 2385 ι
1454 2331 1736 2389 Desiderio
1762 2330 1976 2384 deside.

396 2437 513 2492 rari
548 2436 653 2491 hoc
683 2432 890 2491 Pascha
922 2429 1250 2486 manducare
1305 2427 1615 2489 vobiscum,
1671 2431 1966 2493 antequam

398 2528 593 2600 patiar.
624 2542 643 2576 ι
670 2520 1112 2578 Manifestissima
1129 2519 1294 2590 igitur
1312 2517 1493 2572 docet.
1512 2513 1633 2570 Non
1652 2514 1797 2569 enim
1827 2512 1967 2569 Pass

396 2622 499 2674 cha
547 2614 837 2671 «Iudaicum
871 2609 1319 2680 desiderat,quod
1342 2608 1541 2677 saepius
1572 2606 1791 2662 fecerat.
1807 2603 1970 2662 Prius

396 2707 529 2763 lllud
561 2705 767 2772 Pascha
787 2701 915 2757 fecit
943 2716 958 2765 ;
981 2699 1177 2755 deinde
1207 2712 1365 2777 suum
1393 2698 1588 2768 ipsius.
1613 2697 1678 2751 lat
1705 2698 1810 2751 hoc
1826 2695 1975 2751 desi-

396 2798 621 2854 derabat
643 2797 858 2852 tradere
892 2792 1067 2857 nobis,
1102 2801 1161 2846 ut
1196 2792 1478 2846 nobiscum
1508 2798 1724 2844 maneat
1758 2805 1775 2857 ;
1806 2797 1975 2843 utve-

395 2906 517 2947 rum
548 2890 617 2944 sit
643 2888 789 2959 quod
816 2885 957 2940 dixit
988 2901 1002 2941 :
1043 2901 1062 2936 ι
1091 2882 1197 2949 Qui
1230 2880 1525 2937 manducat
1551 2893 1728 2936 meam
1752 2894 1971 2935 carnem

393 2992 448 3039 et
480 2981 617 3037 b.bit
650 2995 827 3034 meum
859 2976 1180 3047 sanguinem
1214 2973 1269 3029 iu
1307 2988 1394 3028 me
1436 2980 1619 3027 manet
1666 2979 1722 3027 et
1766 2985 1867 3040 ego
1916 2969 1970 3026 in

2070 521 2304 574 ἐκείνου.
2360 520 2457 570 Ὃν
2485 520 2512 571 ὁ
2538 515 2727 585 φαγὼν
2771 513 2871 568 οὐκ
2898 512 3256 580 ἀποθνήσκει,
3290 510 3366 573 ὡς
3410 509 3636 579 εφησεν.

2070 611 2131 665 Et
2153 609 2209 662 δὲ
2239 611 2328 660 καὶ
2364 608 2525 660 πάλιν
2556 605 2902 673 φιλονεικεῖς,
2925 603 3000 663 ὡς
3032 601 3151 662 ἔθος
3182 617 3286 665 σοι,
3310 602 3404 653 καὶ
3452 602 3516 653 ἑκ
3544 596 3640 653 105

2069 701 2261 767 καιροῦ
2287 697 2442 751 10510
2469 693 2926 761 καταναγκάζεις,
2958 691 3055 744 καὶ
3086 691 3148 743 τδ
3182 689 3489 758 προσαχθὲν
3514 691 3638 743 τότε

2070 790 2280 859 ἄζυμον
2331 785 2471 842 εἶναι
2500 789 2702 855 λέγεις,
2754 785 2829 849 ὡς
2854 785 2947 838 τοῦ
2984 784 3175 852 Πάσχα
3203 781 3271 834 δι’
3305 782 3530 849 ἀζύμων
3558 800 3641 835 τε-

2068 883 2332 952 λουμένου
2376 880 2472 933 τοῦ
2508 878 2757 947 νομικοῦ,
2786 877 2893 930 εἰσὶ
2924 877 3023 946 μὲν
3047 875 3291 928 πλεῖστοι
3321 875 3412 926 καὶ
3447 866 3643 942 άληθέ-

2073 990 2255 1026 οτατοι
2283 973 2427 1039 λόγοι
2466 969 2740 1039 μεγίστων
2774 970 2866 1023 καὶ
2913 967 3076 1020 θείων
3121 966 3351 1035 ἀνδρῶν,
3381 964 3441 1017 τὸ
3469 965 3643 1033 θρασύ

2079 1085 2174 1121 σου
2228 1068 2321 1120 καὶ
2375 1068 2656 1134 άγνωατον
2719 1063 3227 1133 καταρῤάσσοντες·
3276 1062 3372 1114 καὶ
3426 1060 3501 1123 ὠς
3542 1059 3641 1111 οὐκ

2074 1160 2285 1229 ἐπήρθη
2323 1158 2401 1212 ἔτι
2438 1160 2469 1225 ἠ
2500 1158 2643 1226 ζύμη
2675 1159 2762 1210 ὅτε
2808 1158 2873 1209 τά
2928 1157 3205 1225 μυστήρια
3271 1152 3585 1222 παρέδωκεν
3615 1150 3646 1202 ὁ

2072 1252 2284 1320 Σωτήρ.
2315 1251 2421 1303 Καὶ
2460 1249 2518 1302 τὸ
2557 1250 2887 1316 Εὐαγγέλιον
2918 1250 3109 1302 τούτου
3175 1246 3401 1314 μάρτυς,
3448 1244 3508 1297 03
3546 1242 3645 1310 τὴν

2072 1347 2289 1415 ἡμέραν
2351 1338 2491 1397 εἶναι
2559 1330 2812 1397 διδάσέιον
2879 1340 2989 1393 τῶν
3059 1338 3304 1407 ἀζύμων,
3355 1337 3442 1388 ὅτε
3488 1333 3640 1402 ιοι

2074 1442 2265 1494 ἑαυτὸν
2328 1438 2681 1507 ἱερούργησεν
2739 1438 2767 1489 ὁ
2824 1433 3057 1503 Χριστός
3092 1449 3107 1464 ·
3156 1431 3290 1483 ἀλλὰ
3361 1428 3466 1496 πρὸ
3536 1425 3644 1478 τῶν

2072 1530 2299 1603 ἀζύμων
2328 1526 2413 1601 ἦν.
2454 1549 2474 1583 ι
2511 1530 2623 1599 Πρὸ
2675 1528 2729 1582 δὲ
2761 1524 2858 1592 τῆς
2895 1527 3109 1593 ἑορτῆς,
3156 1523 3311 1591 φησὶ,
3334 1518 3427 1573 τοῦ
3456 1518 3645 1582 Πάσχα

2073 1621 2226 1683 εἰδὼς
2254 1624 2282 1675 ὁ
2306 1619 2538 1690 Ἰησοῦς.
2582 1638 2601 1670 ι
2638 1620 2749 1672 Καὶ
2794 1617 2894 1686 τὴν
2936 1616 3129 1668 θυσίαν
3183 1610 3518 1678 παρέδωκεν,
3554 1608 3643 1659 ὅτε

2078 1712 2302 1779 ἐποίησε
2333 1711 2424 1764 τὸν
2456 1711 2694 1763 δεῖπνον.
2727 1706 2863 1760 Τότε
2902 1705 2958 1758 δὲ
2988 1704 3083 1758 καὶ
3112 1702 3193 1759 ,τὰ
3239 1699 3332 1753 τοῦ
3388 1699 3647 1763 νιπτῆρος

2078 1805 2313 1859 ἐτέλεσε.
2350 1803 2459 1857 Kal
2511 1802 2618 1871 πρὸ
2650 1798 2744 1853 105
2783 1798 2972 1866 Πάσχα
3003 1795 3176 1851 ταῦτα
3219 1792 3311 1848 τοῦ
3351 1786 3643 1846 Ἰουδαῖκοῦ

2074 1889 2166 1965 ἦν.
2198 1893 2367 1962 Ὅρα.
2396 1891 2453 1945 δὲ
2484 1892 2539 1945 τί
2571 1907 2706 1960 φησι
2756 1888 2849 1942 καὶ
2883 1890 2939 1941 ὲν
2967 1889 3034 1957 τῇ
3066 1886 3252 1956 ἡμέρᾳ⁴
3294 1882 3388 1938 105
3418 1881 3647 1941 πάθους.

2076 1985 2188 2038 Kal
2216 1984 2372 2037 αὐτοὶ
2426 1982 2527 2036 οὐκ
2577 1979 2827 2050 εἰσῆλθον
2848 1980 2929 2041 εἰς
2960 1980 3021 2031 τὸ
3067 1976 3420 2047 πραιτώριον,
3450 1974 3538 2026 ῖνα
3571 1972 3645 2041 μὴ

2080 2070 2412 2146 μιανθῶσιν,¹
2462 2073 2577 2127 ἄλλ’
2610 2072 2698 2128 ἵνα
2749 2071 2964 2139 φάγωσι
2994 2069 3055 2121 τὸ
3093 2068 3306 2137 Πάσχα.
3339 2066 3448 2120 Kal
3490 2066 3548 2117 ὲν
3578 2065 3646 2134 τῇ

2076 2165 2383 2235 σταυρὼσει
2432 2163 2618 2226 πάλιν,
2666 2182 2685 2216 ι
2730 2162 2884 2216 Ἐπεὶ
2918 2161 3243 2229 παρασκευὴ
3274 2154 3363 2227 ἦν,
3402 2176 3420 2208 ι
3455 2157 3646 2226 φησὶν,

2073 2252 2145 2329 ἦν
2175 2256 2285 2327 γάρ
2341 2254 2550 2325 μεγάλη
2584 2255 2618 2324 ἠ
2646 2251 2829 2323 ἡμέρα
2863 2251 3044 2320 ἐκείνη
3072 2249 3164 2302 105
3206 2248 3506 2302 Σαὸὄάτου.
3536 2245 3647 2298 Καὶ

2078 2349 2173 2421 ἀφ’
2208 2342 2284 2403 ὧν
2332 2348 2393 2402 τὸ
2444 2346 2777 2414 Εὐαγγέλιον
2810 2339 2966 2406 αὖθις
3000 2342 3173 2410 λέγει,
3212 2358 3232 2393 ι
3263 2338 3497 2393 Ἔλαεεν
3549 2338 3648 2405 ἄρ-

2076 2458 2190 2496 τον.
2231 2458 2250 2492 ι
2286 2438 2397 2493 Kal
2430 2436 2532 2491 οὐκ
2560 2437 2769 2506 ἄζυμον
2807 2432 3152 2505 προστίθησι.
3198 2431 3309 2485 Kal
3342 2431 3371 2484 ὃ
3401 2429 3455 2483 δὲ
3484 2428 3586 2498 εφη
3617 2427 3649 2480 6

2075 2529 2298 2601 Κύριος,
2339 2546 2360 2582 ι
2412 2525 2710 2595 Ἐπιθυμίᾳ
2758 2522 3083 2593 ἐπεθύμησα
3139 2520 3295 2575 τοῦτο
3346 2520 3407 2575 τὸ
3457 2520 3648 2590 Πάσχα

2076 2621 2277 2693 φαγεῖν
2310 2618 2432 2690 μεθ’
2474 2616 2632 2689 ὑμῶν
2681 2616 2789 2687 πρὸ
2819 2614 2912 2669 105
2954 2631 3021 2682 με
3061 2613 3278 2693 παθεῖν,
3322 2630 3340 2664 ι
3391 2612 3643 2682 ἀριδηλό-

2074 2690 2213 2765 τατα
2245 2709 2507 2765 διδάσκει.
2552 2706 2625 2759 Οὐ
2661 2705 2770 2776 γάρ
2804 2704 2899 2758 105
2955 2690 3267 2774 Ἰουδαϊκοῦί
3297 2702 3583 2773 ἐπεθύμει,
3617 2702 3646 2756 ὃ

2075 2799 2340 2863 πολλάκις
2383 2794 2454 2869 ἦν
2484 2796 2813 2860 τετελεκώς.
2856 2796 2966 2849 Kal
2994 2794 3093 2862 τὴν
3128 2795 3286 2849 σκιὰν
3329 2789 3460 2866 ἦλθε
3507 2796 3651 2849 παύ-

2076 2909 2209 2946 σων.
2245 2890 2447 2945 Λοιπὸν
2497 2888 2656 2958 εἴπερ
2709 2887 2802 2941 καὶ
2875 2888 2937 2940 τὸ
2993 2886 3220 2955 νομικὸν
3270 2887 3643 2951 ὲκτετέλεκεν,

2078 2984 2305 3051 ἐποίησε
2328 2980 2630 3051 πρότερον.
2664 2978 2936 3047 ’Υστερον
2970 2976 3029 3030 δδ
3060 2977 3344 3046 παρέδωκε
3370 2977 3430 3031 τδ
3452 2977 3642 3035 αὑτοῦ,

394 3074 509 3127 illo.
553 3090 574 3124 ι
612 3070 735 3124 ideo
794 3084 900 3122 uou
950 3067 1131 3121 omnia
1190 3063 1452 3135 legaliain
1477 3065 1579 3119 hac
1599 3076 1758 3119 omna
1794 3062 1973 3118 adim-

2078 3074 2191 3128 Καὶ
2221 3072 2378 3127 10510
2398 3066 2468 3142 ἦν
2491 3069 3137 3141 ἐπιθυμῶν-παραδοῦναι
3165 3068 3272 3138 πρὸ
3302 3068 3394 3124 τοῦ
3425 3069 3641 3135 παθεῖν,

396 3160 605 3232 plevit;
644 3159 737 3215 sed
771 3166 826 3211 et
855 3155 1245 3222 discipulorum
1299 3155 1463 3224 pedes
1506 3153 1639 3213 lavit
1670 3171 1686 3219 ;
1712 3163 1768 3210 et
1812 3167 1973 3209 γεω.

396 3252 627 3315 buit;et
670 3263 779 3302 non
826 3249 1004 3300 solum
1052 3258 1208 3299 assas
1237 3259 1428 3299 carnes
1468 3243 1720 3308 habebat,
1778 3245 1871 3300 sed
1920 3254 1974 3301 et

396 3342 662 3403 catinum,
697 3340 751 3392 in
784 3352 891 3404 quo
920 3337 1140 3390 intinsit
1169 3333 1361 3390 ludas.
1415 3335 1490 3390 lta
1546 3343 1605 3389 ut
1664 3350 1772 3389 non
1828 3347 1974 3391 esset

397 3444 613 3501 tempus
637 3429 916 3485 Paschatis
943 3426 1256 3482 Juduzorum
1277 3442 1293 3492 ;
1318 3434 1372 3479 et
1396 3442 1499 3480 non
1517 3424 1737 3480 Judaica
1764 3427 1973 3482 solum-

396 3523 558 3579 modo
580 3520 829 3594 pcrlccit,
850 3518 943 3575 sed
971 3527 1024 3581 et
1053 3516 1272 3589 prOpria
1303 3518 1631 3587 praesertim,
1676 3516 1744 3571 de
1771 3517 1971 3585 quibus

395 3612 611 3669 diccbat
650 3628 667 3665 :
708 3628 727 3663 ι
762 3609 877 3664 lloc
935 3608 1097 3662 facite
1146 3607 1199 3661 in
1258 3621 1432 3660 meam
1488 3608 1970 3661 commemoratio-

394 3720 540 3760 nem.
582 3721 602 3755 ι
641 3701 726 3767 Ει,
764 3719 783 3755 ι
814 3700 957 3757 Caro
988 3714 1105 3753 mea
1136 3713 1262 3752 vere
1290 3706 1373 3752 est
1423 3697 1597 3765 cibus,
1645 3707 1697 3752 et
1749 3696 1972 3768 sanguis

394 3810 549 3855 meus
583 3809 708 3849 vere
742 3801 827 3848 est
868 3800 1027 3863 potus
1064 3809 1082 3842 ι
1119 3797 1173 3843 et
1205 3790 1348 3860 quod
1383 3800 1560 3843 vetera
1625 3790 1969 3854 recesserint,

394 3889 766 3958 ipsetestatur
790 3885 1018 3940 dicens:
1061 3900 1080 3936 ι
1114 3880 1222 3937 Lex
1249 3889 1303 3935 et
1332 3879 1616 3950 Prophetae
1676 3894 1849 3948 usque
1901 3879 1969 3934 ad

392 3978 655 4034 Joannem
697 3996 716 4030 ι
753 3974 954 4031 Verum
996 3974 1164 4045 igitur
1208 3984 1291 4029 est
1342 3988 1464 4029 eum
1522 3986 1628 4027 non
1656 3969 1967 4026 Iudaeorum

392 4070 629 4134 Pascha,
665 4068 1039 4123 irrationalem
1067 4080 1262 4135 nempe
1292 4080 1487 4135 agnum
1519 4074 1575 4117 et
1602 4061 1854 4116 animalis
1874 4061 1975 4114 hu-

386 4160 829 4231 iusmguinem
849 4158 1070 4213 dedisse
1097 4174 1110 4221 ;
1141 4170 1240 4210 nec
1270 4172 1336 4209 eo
1373 4164 1502 4209 tunc
1531 4153 1836 4208 delectatus
1866 4159 1969 4216 est,

392 4256 488 4308 sed
519 4262 573 4307 et
610 4250 886 4319 proprium
914 4247 1121 4302 Pascha
1154 4246 1501 4300 desiderabat
1554 4242 1838 4311 discipulis
1863 4252 1973 4293 tra-

392 4342 543 4398 dere.
575 4338 636 4393 Et
676 4339 896 4393 tradidit
922 4336 1067 4405 quod
1102 4346 1231 4389 tunc
1263 4334 1428 4389 semel
1462 4334 1576 4402 ipse
1613 4333 1808 4387 fecitct
1853 4330 1967 4385 ﬁeri

2075 3166 2163 3219 ῐνα
2196 3165 2336 3236 μένῃ
2371 3162 2490 3232 μεθ’
2522 3162 2704 3233 ημῶν,
2761 3161 2851 3215 ῖνα
2912 3159 3106 3231 ἀληθὲς
3149 3154 3185 3234 ᾗ
3232 3161 3371 3229 ὅπερ
3419 3160 3640 3231 ἔφησεν,

2080 3272 2101 3310 ι
2152 3255 2212 3308 ’0
2262 3252 2490 3324 τρώγων
2545 3268 2647 3320 μου
2683 3248 2783 3322 τὴν
2839 3250 3020 3321 σάρκα
3063 3252 3157 3304 καὶ
3206 3250 3379 3305 πίνων
3426 3269 3530 3321 μου
3579 3248 3645 3306 τὸ

2072 3342 2211 3414 αἷμα
2251 3346 2307 3397 ἐν
2356 3345 2481 3412 ἐμοὶ⁵
2515 3344 2692 3412 μένει,
2726 3340 2883 3410 κάγὼ
2918 3341 2978 3395 ὲν
3015 3340 3183 3411 αὐτῷ.
3221 3358 3242 3394 ι
3295 3343 3385 3396 Διδ
3426 3342 3527 3396 καὶ
3579 3343 3642 3397 ού

2072 3437 2140 3490 τὰ
2169 3434 2371 3504 νομικὰ
2398 3436 2578 3488 πάντα
2630 3435 2689 3485 ὲν
2733 3433 2810 3501 τῷ
2866 3432 3070 3503 δείπνῳ
3112 3434 3309 3504 ἐκείνῳ
3335 3429 3403 3505 ἦν
3435 3435 3645 3505 ἔκπλη-

2075 3524 2183 3595 ρῶν
2209 3540 2226 3555 °
2259 3524 2396 3579 ἀλλὰ
2426 3524 2521 3577 καὶ
2557 3525 2801 3594 νιπτῆρα
2851 3523 3090 3588 ἐτέλεσε,
3140 3524 3241 3577 καὶ
3286 3524 3645 3592 ἀνακείμενος

2070 3611 2161 3687 ἦν,
2194 3616 2288 3669 καὶ
2311 3616 2407 3685 οὐχ
2441 3615 2583 3669 ὀπτὰ
2616 3617 2777 3686 μόνον
2828 3616 2965 3686 κρέα
3015 3614 3177 3684 ἔχων,
3209 3615 3345 3669 ἀλλὰ
3384 3618 3478 3669 καὶ
3508 3632 3635 3683 τριι

2074 3709 2224 3762 σλίον
2259 3703 2390 3777 ὲνίἶι
2423 3708 2624 3776 ἔδαψεν
2655 3709 2683 3760 ὀ
2727 3707 2947 3771 Ἰούδας.
2999 3707 3163 3761 Ὠστε
3195 3708 3320 3761 οὔτε
3359 3708 3545 3779 καιρὸς
3573 3703 3642 3777 ἦν

2070 3802 2166 3855 τοῦ
2201 3802 2311 3856 τῶν
2355 3800 2628 3855 Ἰουδαίων
2660 3802 2870 3875 Πάσχα,
2896 3800 2989 3855 καὶ
3014 3801 3075 3854 οὐ
3108 3801 3166 3854 τὸ
3202 3801 3494 3855 Ἰουδαϊκὸν
3520 3803 3642 3855 τότε

2075 3897 2238 3969 μόνον
2272 3896 2544 3960 ἐτέλεσεν,
2577 3894 2713 3947 ἀλλὰ
2751 3894 2987 3964 μάλιστα
3019 3892 3078 3946 τὸ
3125 3895 3345 3959 οἰκεῖον,
3395 3894 3523 3964 περὶ
3578 3889 3640 3950 οὗ

2073 3988 2170 4043 καὶ
2222 3987 2397 4055 ἔλεγε,
2453 4004 2474 4039 ι
2513 3984 2686 4039 Τοῦτο
2731 3985 2934 4037 ποιεῖτε
2970 3985 3047 4045 εἰς
3076 3984 3174 4052 τὴν
3213 3984 3353 4053 ἐμὴν
3395 3985 3641 4054 άνάμνη-
3722 3972 3732 3983 ’

2074 4095 2181 4134 σιν.
2210 4078 2381 4148 Καὶή
2415 4076 2552 4147 σάρξ
2585 4094 2687 4144 μου
2721 4074 2938 4147 άληθῶς
2994 4075 3113 4128 ἐστι
3165 4074 3386 4143 βρῶσις.
3435 4076 3543 4130 Kal
3582 4075 3641 4128 τὸ
3680 4091 3688 4099 ’

2071 4165 2212 4239 αἷμά
2249 4186 2353 4238 μου
2393 4165 2610 4235 άληθῶς
2664 4165 2780 4219 ἔστι
2822 4163 3005 4229 πόσις.
3043 4184 3062 4217 ι
3096 4165 3207 4220 Kal
3235 4166 3316 4218 ὅτι
3342 4165 3397 4219 δὲ
3431 4170 3500 4218 τά
3533 4182 3610 4218 πα

2072 4261 2200 4317 λαιὰ
2224 4260 2524 4322 πιπαυται,
2555 4257 2717 4320 αὐτὸς
2745 4257 2910 4312 πάλιν
2934 4259 3202 4327 μαρτυρεῖ
3251 4257 3447 4324 λέγων,
3493 4276 3513 4309 ι
3581 4259 3642 4310 '0

2074 4350 2236 4419 νόμος
2260 4350 2353 4402 καὶ
2377 4350 2424 4402 οί
2456 4349 2732 4420 προφῆται
2756 4347 2862 4409 ἕως
2894 4346 3162 4403 Ἰωάννου.
3200 4364 3218 4398 ι
3256 4346 3477 4419 ’Δληθὲς
3507 4348 3639 4414 ἄρα,

394 4434 653 4505 praecepit
682 4431 734 4484 in
771 4430 993 4482 smcula.
1027 4425 1137 4478 Etsi
1176 4425 1340 4494 igitur
1373 4425 1487 4478 haec
1536 4425 1717 4477 omnia
1745 4431 1797 4476 et
1849 4437 1971 4491 quat

2077 4443 2159 4496 ὅτι
2193 4442 2254 4494 οὐ
2290 4440 2350 4492 τὸ
2380 4440 2488 4492 τῶν
2528 4438 2800 4492 Ἰουδαίων
2833 4438 3025 4507 Πάσχα
3057 4438 3118 4490 τὸ
3146 4435 3207 4501 ἐξ
3244 4438 3441 4504 ἀλόγου
3466 4437 3639 4507 ἀμνοῦ

394 4542 423 4580 a
448 4522 700 4579 Patribus
728 4520 873 4577 dicta
910 4527 1044 4573 sunt
1070 4527 1217 4571 tuam
1264 4515 1593 4569 dementiam
1656 4514 1923 4582 dissipant
1949 4530 1967 4580 ;

392 4622 671 4687 oportet-et
718 4622 923 4673 tamen,
965 4610 1011 4664 si
1040 4609 1183 4679 quod
1215 4605 1475 4663 oll'erebat
1500 4604 1773 4670 Christus,
1840 4619 1969 4674 azy-

390 4724 542 4763 mum
583 4704 777 4762 fuisset
817 4709 1035 4773 propter
1080 4699 1341 4768 temporis
1396 4696 1881 4758 circumstantiam.
1914 4705 1970 4753 te

390 4798 600 4869 aliquid
628 4795 923 4867 perfectius
953 4793 1192 4862 operari,
1225 4788 1680 4859 quemadmodum
1731 4796 1785 4841 et
1841 4786 1971 4841 reli-

392 4910 502 4965 qua
518 4904 681 4960 supra
695 4890 869 4957 legem
892 4885 1142 4941 facienda
1158 4897 1280 4939 esse
1302 4882 1614 4949 accepimus
1647 4896 1661 4933 :
1695 4889 1750 4934 ut
1765 4893 1960 4949 nempe

389 4983 603 5057 justitia
637 4989 823 5038 nostra
882 4978 1123 5032 abundet
1174 4974 1463 5045 plusquam
1512 4971 1817 5027 scribarum
1874 4978 1969 5023 aut

395 5075 821 5131 Pharisaeorum.
846 5067 957 5123 Nos
986 5069 1130 5121 cnim
1160 5082 1189 5119 a
1223 5066 1337 5135 lege
1367 5064 1527 5120 soluti
1583 5078 1795 5127 sumus,
1837 5058 1966 5117 Jesu

394 5168 595 5221 Christi
625 5163 914 5234 sanguine.
952 5178 969 5211 ι
996 5159 1257 5213 Ειιιιὶειυδ
1288 5170 1387 5210 nos
1432 5155 1684 5209 liberavit
1725 5169 1755 5207 a
1806 5153 1971 5207 male-

349 5276 351 5279 ί
395 5258 542 5311 dicto
570 5254 723 5324 legis,
760 5270 785 5304 ι
814 5251 995 5321 inquit
1027 5248 1244 5302 Paulus.
1297 5242 1363 5298 Et
1418 5244 1555 5299 nihil
1624 5244 1785 5298 nobis
1839 5256 1965 5297 cum

400 5349 535 5415 legis
566 5348 829 5399 servitute
854 5355 1146 5397 commune
1172 5347 1275 5393 est.
1301 5338 1359 5391 Si
1392 5350 1513 5406 quae
1537 5335 1668 5407 legis
1697 5344 1824 5390 sunt
1848 5351 1965 5389 rur-

398 5454 489 5492 sus
550 5434 833 5499 iaciamus,
874 5451 893 5485 ι
929 5431 1180 5485 Christus
1234 5427 1389 5482 nobis
1435 5426 1569 5481 nihil
1620 5427 1845 5497 profuit,
1894 5426 1969 5480 ait

399 5542 616 5585 rursum
668 5523 905 5589 Paulus;
955 5522 1210 5577 Christus
1249 5521 1395 5574 enim
1438 5519 1621 5572 omnia
1668 5533 1765 5589 pro
1812 5518 1968 5571 nobis

401 5622 713 5689 adimplevit
738 5627 792 5673 ct
821 5631 921 5671 nos
947 5615 1217 5669 liberavit.
1260 5631 1278 5664 ι
1307 5612 1676 5667 Circumcisus
1701 5612 1816 5679 ipse
1843 5621 1924 5663 cst
1951 5627 1964 5667 ;

403 5728 501 5768 nos
533 5726 658 5767 vero
685 5725 791 5766 non
820 5708 1127 5765 circumcisi
1154 5720 1364 5762 sumus.
1404 5703 1750 5773 Baptizaniur
1784 5716 1962 5757 autem

2075 4533 2168 4584 καὶ
2207 4532 2438 4599 αἵματος
2469 4529 2611 4593 ζώου
2641 4530 2843 4583 δέδωκε
2877 4531 2970 4581 καὶ
3002 4527 3193 4595 ἠγάπα
3222 4527 3343 4580 τότε
3368 4542 3384 4558 ο
3416 4527 3549 4581 ἄλλά
3579 4528 3640 4579 τὸ

2069 4622 2272 4675 οἰκεῖον
2325 4616 2395 4690 ἦν
2451 4620 2740 4688 ἐπιθυμῶν
2790 4618 3125 4688 παραδοῦναι
3177 4619 3290 4679 τοῖς
3342 4618 3636 4687 μαθηταῖς.

2071 4713 2181 4767 Kal
2221 4712 2527 4782 παρέδωκε,
2556 4712 2690 4778 ὅπερ
2723 4712 2843 4764 τότε
2892 4709 3040 4773 ἅπαξ
3067 4708 3228 4772 αὐτὸς
3259 4710 3507 4777 ἐποίησε.
3542 4710 3637 4762 καὶ

2069 4806 2151 4865 είς
2177 4802 2380 4865 αίῶνας
2411 4801 2719 4854 ἐνετείλατο
2776 4797 3049 4868 γίνεσθαι.
3099 4798 3163 4850 Εἰ
3210 4798 3301 4850 καὶ
3335 4796 3507 4850 ταῦτα
3541 4796 3638 4851 05v

2068 4894 2245 4948 πάντα
2271 4896 2366 4948 καὶ
2397 4895 2465 4946 τὰ
2496 4894 2559 4945 ὲκ
2589 4893 2848 4961 Πατέρων
2875 4889 3140 4944 άποσοὸεῖ
3170 4907 3263 4943 σου
3293 4888 3392 4960 τὴν
3423 4888 3634 4943 ἄνοιαν·

2067 4984 2219 5054 ὅμως
2265 4982 2396 5049 ἔδει,
2431 4983 2547 5052 εἴγε
2598 4984 2693 5036 καὶ
2730 4982 2937 5052 ἄζυμον
2959 4976 3026 5051 ἦν
3073 4980 3135 5034 τὸ
3174 4980 3477 5051 προσαχθὲν
3529 4980 3636 5033 ὑπὸ

2066 5074 2157 5127 105
2186 5074 2432 5145 Σωτῆρος
2455 5075 2575 5126 τότε
2608 5072 2696 5126 διὰ
2720 5073 2810 5125 τὸν
2837 5071 3113 5124 ἐνεστῶτα
3136 5073 3348 5141 καιρὸν,
3375 5068 3639 5121 τελεώτε-⁹

2070 5180 2163 5234 ρον
2215 5166 2454 5233 ἐνεργεῖν
2488 5180 2571 5229 σε,
2630 5162 2771 5216 καθά
2798 5160 2863 5233 δὴ
2913 5160 3010 5215 καὶ
3044 5161 3112 5214 τὰ
3156 5159 3321 5213 λοιπά
3356 5158 3498 5227 ὑπὲρ
3540 5158 3636 5212 τὸν

2068 5252 2233 5323 νόμον
2266 5255 2440 5306 ποιεῖν
2490 5242 2896 5324 παρελάϐομεν,
2931 5252 3038 5307 καῖ’
3057 5251 3405 5322 περισσεύειν
3426 5250 3528 5317 τὴν
3555 5248 3635 5303 διο

2069 5344 2369 5412 καιοσύνην
2395 5344 2550 5413 ἡμῶν
2584 5343 2765 5398 πλεῖον
2788 5344 2897 5397 τῶν
2926 5343 2965 5395 Γ
2969 5342 3272 5412 ραμματὲω
3324 5358 3359 5393 κ
3394 5340 3637 5408 Nupta-

2070 5437 2257 5488 σείων.
2297 5434 2457 5487 ’Λλλὰ
2508 5435 2601 5487 καὶ
2635 5434 2907 5504 ἐλεύθεροι
2943 5435 3106 5502 ἡμεῖς
3138 5432 3204 5484 ἐκ
3233 5430 3324 5483 105
3365 5430 3531 5499 νόμου
3556 5429 3636 5498 τῷ

2067 5526 2260 5593 αἵματι
2300 5523 2480 5590 Ἰησοῦ
2515 5522 2773 5595 Χριστοῦ.
2806 5524 3040 5593 Χριστὸς
3093 5522 3201 5591 γὰρ
3233 5522 3380 5590 ἡμᾶς
3411 5518 3637 5590 ἠλευθέ-

2070 5632 2243 5685 ρωσεν
2271 5618 2335 5667 ὲκ
2364 5615 2458 5686 τῆ;
2503 5616 2746 5687 κατάρας
2795 5614 2888 5668 τοῦ
2919 5615 3106 5683 νόμου,
3137 5616 3300 5683 φησὶν
3328 5615 3355 5665 ὸ
3388 5606 3594 5671 Παῦλος
3617 5625 3632 5641 ο

2068 5707 2162 5760 καὶ
2194 5706 2345 5759 οὐδὲν
2372 5706 2500 5776 ἡμῖν
2534 5708 2624 5761 καὶ
2655 5710 2719 5779 τῇ
2756 5704 2981 5775 λατρεία
3012 5704 3105 5757 τοῦ
3136 5704 3322 5773 νόμου.
3375 5701 3496 5753 Ἐξιί
3530 5704 3634 5769 γὰρ
