4044 6198
422 268 525 329 279

1210 274 1591 335 SYMEONJS
1634 274 2388 339 THESSALONICENSIS
2430 275 2786 337 ARCHIEP.

3556 271 3661 337 280

421 381 805 451 cujuslitteris
850 382 981 453 quid
1041 383 1308 454 agendum
1359 395 1520 452 esset,
1552 402 1830 459 accepere.
1882 388 2034 453 Neci

2112 395 2124 446 i
2154 394 2255 461 τῆς
2298 390 2650 459 Ἀλεξάνδρου
2689 388 2747 442 δέ
2797 386 2891 441 καὶ
2928 385 3228 456 Ἀντιόχου,
3259 384 3355 439 καὶ
3384 384 3483 450 τῆς
3513 384 3665 449 θείας

426 464 621 525 Petrus
654 470 815 525 modo
846 471 1059 526 locutus
1105 482 1207 537 est,
1241 473 1334 528 sed
1368 483 1422 529 et
1458 474 1699 533 Jacobus
1734 486 1787 532 ct
1830 476 1995 534 Joan-

425 578 525 617 nes
550 575 602 617 et
633 563 838 629 caeteri,
869 576 1036 634 atque
1064 566 1136 619 ita
1170 565 1333 620 simul
1366 566 1419 621 in
1448 567 1688 637 Epistola
1722 570 1991 627 scribunt.

426 650 489 705 Et
526 662 684 705 antea
717 652 931 719 Petrus,
967 655 1188 724 quando
1223 666 1283 711 ut
1353 659 1739 727 adimpleretur
1789 658 1995 715 duode-

428 741 532 792 cim
572 741 942 809 apostolorum
975 758 1255 809 numerus,
1287 744 1521 814 aliquem
1555 745 1756 816 eligere
1795 746 1987 809 voluit.

427 847 532 884 non
568 832 677 886 sibi
713 832 816 900 ipsi
861 833 1111 897 confidit,
1158 834 1253 889 sed
1284 844 1339 889 et
1373 851 1495 891 cum
1554 836 1831 906 plerisque
1862 837 1996 891 deli-

426 924 761 979 hcrationem
796 927 1006 990 habuit,
1043 937 1249 981 etcum
1298 929 1411 984 illis
1457 944 1594 998 opus
1655 929 1899 998 perfecit.
1932 929 1998 983 Et

423 1020 642 1083 quando
668 1034 789 1072 cum
836 1020 1167 1075 rerelalione
1190 1020 1503 1076 Cornelium
1549 1022 1777 1090 accepit,
1813 1022 1997 1076 multis

430 1109 613 1163 verbis
644 1119 697 1163 et
734 1111 1097 1178 praesentibus
1126 1112 1357 1166 testibus
1402 1110 1534 1165 illud
1565 1126 1705 1181 opus
1732 1111 1826 1167 Dei
1850 1125 1994 1176 esse,

425 1216 531 1253 non
567 1216 751 1268 suum,
794 1203 1007 1257 cmteris
1053 1204 1314 1271 apostolis
1374 1204 1647 1275 probavit,
1708 1213 1766 1258 ut
1814 1215 1869 1258 et
1920 1204 1995 1258 illi

426 1291 757 1361 acciperent.
797 1293 861 1348 Et
887 1294 1085 1349 Paulus
1124 1295 1372 1349 similiter
1419 1295 1625 1365 incepit
1650 1304 1703 1349 et
1732 1295 1999 1364 praedica-

424 1381 630 1436 tionem
681 1398 836 1439 suam
902 1386 1025 1440 aliis
1085 1386 1528 1449 communicavit,
1559 1400 1625 1439 ne
1667 1386 1719 1439 in
1767 1399 1995 1440 vacuum

425 1483 671 1526 curreret
703 1483 796 1528 aut
816 1476 1170 1539 cucurrisset,
1199 1473 1421 1542 Paulus,
1444 1476 1829 1545 quiChristum
1850 1491 1999 1547 gere-

427 1561 864 1635 bat,quiuhique
896 1582 925 1620 a
976 1578 1170 1623 sancto
1222 1568 1431 1638 Spiritu
1490 1569 1831 1624 movebatur.
1863 1569 1999 1636 Quis

2096 483 2306 544 πόλεως
2345 479 2729 551 ἰσρουσαλήμο
2770 475 2864 531 xa‘l.
2896 476 2977 529 ἐτι
3013 476 3062 528 οἱ
3102 474 3440 543 πανταχόθεν
3467 473 3667 537 πάντες

2094 574 2320 643 λογάδες
2349 572 2443 625 καὶ
2466 571 2732 640 ἐκκριτοι.
2767 567 2831 622 Οἳ
2862 568 2960 621 καὶ
2985 564 3329 637 ὁμοθυμαδὸν
3356 564 3665 626 διαλύοντας

2093 664 2163 718 τά
2223 661 2759 732 ἀμφισϐητούμενα,
2810 657 2877 711 τά
2931 658 3204 727 ἀκραιφνῆ
3252 672 3310 708 τε
3345 656 3444 709 καὶ
3486 654 3661 724 ἀληθῆ

2095 755 2245 825 ὅροις
2284 752 2568 807 ἐϐεϐαίουν
2607 750 2701 801 καὶ
2735 748 2917 811 καλῶς
2941 746 3304 817 ἠσφαλίζοντο
3328 760 3344 775 ⁶
3377 745 3471 799 καὶ
3504 742 3664 798 τοῦτο

2097 844 2250 914 παρὰ
2272 844 2378 897 τῶν
2411 840 2725 896 ἀποστόλων
2769 837 3048 901 λαϐόντες.
3095 835 3293 890 Ἥνίκα
3317 836 3426 905 γὰρ
3466 837 3494 890 ό
3532 837 3662 905 περὶ

2096 933 2195 1001 τῆς
2254 929 2557 1000 περιτομῆς
2612 928 2765 998 παρά
2819 943 2981 980 τινων
3039 926 3265 996 είσήχθη
3314 924 3506 992 λόγος,
3564 925 3665 979 οὐκ

2097 1022 2412 1092 ἐθάρρησαν
2461 1022 2675 1084 ἑαυτοῖς
2708 1017 2918 1082 Παῦλός
2964 1036 3023 1072 τε
3060 1021 3153 1072 καὶ
3186 1017 3472 1087 Βαρνάϐας
3501 1034 3665 1087 νομοο

2100 1114 2296 1177 θετεῖν,
2335 1112 2468 1165 ἀλλά
2499 1114 2565 1182 τῇ
2592 1111 2701 1165 τῶν
2740 1109 3055 1163 ἀποστόλων
3100 1109 3324 1178 συνόδῳ,
3354 1104 3420 1160 δι’
3452 1101 3519 1179 ἧς
3566 1108 3664 1158 καὶ

2096 1205 2159 1260 τὸ
2186 1204 2460 1277 πρακτέον
2498 1206 2557 1257 ἐν
2581 1204 2906 1274 γράμμασιν
2936 1200 3146 1253 ἔλαϐον·
3186 1200 3274 1253 ὅτε
3325 1198 3417 1252 καὶ
3464 1197 3526 1251 οὐ
3558 1195 3668 1250 Πέ-

2096 1314 2227 1368 τρος
2285 1298 2447 1365 μόνον
2494 1294 2697 1359 ἐλάλει,
2727 1292 2865 1346 ἀλλά
2908 1291 3003 1345 καὶ
3048 1289 3324 1354 Ἰάκωϐος,
3354 1287 3449 1342 καὶ
3488 1285 3670 1341 Ἰωάν-

2099 1407 2219 1460 νης,
2244 1389 2343 1445 καὶ
2375 1389 2426 1442 οἱ
2453 1385 2650 1441 λοιποίο
2680 1385 2777 1439 καὶ
2808 1383 2983 1446 οὕτως
3013 1382 3149 1453 ὁμοῦ
3181 1381 3486 1451 γράφουσιν
3512 1380 3570 1432 ἐν
3598 1379 3666 1447 τῇ

2098 1479 2305 1534 τούτων
2334 1478 2616 1550 ἐπιστολῇ.
2644 1475 2757 1531 Καὶ
2776 1475 2883 1547 πρὸ
2908 1474 3101 1528 τούτου
3137 1473 3365 1543 Πέτρος,
3394 1471 3559 1542 ήνίκα
3588 1470 3669 1532 είς

2098 1571 2199 1640 τὴν
2232 1570 2626 1640 ἀναπλήρωσιν
2666 1568 2767 1637 τῆς
2809 1565 3108 1627 δωδεκάδος
3137 1564 3247 1617 τῶν
3280 1563 3540 1633 μαθητῶν
3568 1562 3667 1616 Eva

344 2820 347 2821 ν
434 2767 502 2804 ex
526 2765 590 2804 eo
612 2751 755 2820 quod
777 2750 830 2804 in
857 2752 1033 2807 medio
1059 2761 1142 2807 est
1163 2752 1319 2823 signo
1344 2767 1506 2806 unam
1539 2761 1748 2822 partem
1772 2751 2000 2821 cuspide

426 1652 592 1721 igitur
614 1659 839 1711 omnino
862 1672 923 1713 se
974 1659 1358 1714 commendare
1405 1660 1654 1725 auderet,
1683 1675 1789 1715 non
1821 1676 1850 1714 a
1890 1659 1998 1716 Deo

2112 1660 2296 1733 ήθελιν
2336 1659 2703 1724 ἀπολέξασθαι
2728 1699 2745 1724 ,
2794 1659 2895 1713 οὐκ
2956 1657 3261 1728 ἐθάρρησεν
3299 1654 3497 1725 ἐαυτῷ,
3532 1654 3669 1709 ἀλλά

425 1752 534 1801 eta
580 1744 672 1801 Dei
706 1748 878 1803 servis
931 1751 1383 1806 commendatus?
1430 1750 1492 1807 Et
1535 1767 1696 1822 quem
1752 1736 2034 1822 proferre:

2112 1755 2221 1816 τοῖς
2260 1750 2476 1813 πολλοῖς
2510 1750 2861 1813 ἐκοινώσατο,
2897 1748 2993 1801 καὶ
3026 1750 3123 1801 συν
3151 1746 3382 1808 ἐκείνοις
3410 1746 3472 1797 τδ
3510 1744 3672 1817 ἔργον

403 1846 649 1916 .posscnt
682 1847 872 1894 contra
900 1838 1090 1896 Patres
1119 1843 1421 1907 doctorem,
1445 1859 1724 1914 unumque
1770 1854 1826 1900 et
1853 1842 1992 1900 duos

2112 1845 2337 1899 ἐτέλεσε.
2362 1844 2472 1897 Kai.
2500 1844 2589 1897 ὅτε
2628 1842 2685 1896 δέ
2726 1841 2865 1911 μετά
2889 1838 3287 1908 ἀποκαλύψεως
3320 1837 3412 1892 τὸν
3450 1836 3671 1908 Κορνή-

426 1937 482 1982 «ι
536 1928 746 1997 plures.
792 1934 1206 1987 temerariorum
1260 1935 1572 2006 dogmatum
1637 1944 1689 1991 et
1735 1935 1993 1990 falsorum

2112 1940 2216 1991 λιον
2255 1935 2607 2007 παρεδέξατο,
2642 1934 2920 1995 πλείστοις
2948 1932 3131 2001 λόγοις
3163 1931 3256 1985 καὶ
3294 1931 3532 2001 μάρτυσι
3558 1930 3673 1991 τοῖς

429 2030 731 2076 assertores
753 2022 777 2075 ’ἔ
803 2022 952 2088 Quos
979 2022 1146 2080 falsos
1192 2026 1443 2081 doctores
1483 2041 1826 2097 consequens
1851 2035 1999 2082 esset

2112 2027 2542 2099 παρατυχοῦσιν,
2585 2025 2662 2089 ὡς
2693 2026 2775 2078 ὅτι
2809 2024 2958 2094 παρά
2995 2022 3132 2076 Θεοῦ
3172 2022 3234 2075 τὺ
3282 2020 3441 2093 ἔργον
3473 2015 3541 2092 ἧν
3574 2020 3672 2073 καὶ

428 2113 636 2176 dicere,
669 2113 771 2167 alia
799 2116 1056 2170 docentes
1083 2124 1136 2169 et
1172 2130 1310 2169 nova
1365 2125 1693 2183 statuentes,
1729 2117 1999 2171 adversus

2112 2121 2167 2174 οὐ
2198 2118 2332 2190 παρ’
2390 2117 2595 2185 αὑτοῦ,
2642 2117 2757 2181 τοῖς
2809 2116 3019 2180 λοιποῖς
3056 2115 3167 2169 τῶν
3208 2113 3521 2169 ἀποστόλων
3560 2111 3679 2166 ἐϐε-

428 2217 491 2263 ca
515 2219 637 2271 qua:
663 2206 1026 2260 communiter
1063 2217 1281 2275 accepta
1313 2215 1441 2260 sunt
1476 2215 1531 2261 et
1583 2206 1816 2268 firmata,
1852 2214 1907 2258 et
1934 2203 2002 2257 ab

2112 2210 2378 2264 δαιὼσατο
2406 2252 2422 2276 ,
2477 2207 2554 2271 ὡς
2622 2208 2689 2262 ἂν
2740 2207 2838 2261 καὶ
2889 2207 3042 2261 αὐτοὶ
3096 2203 3522 2277 παραδέξωνται.
3568 2203 3678 2257 Καὶ

428 2296 681 2349 omnibus
712 2296 967 2349 Patrihus
994 2296 1159 2350 simul
1182 2305 1235 2351 et
1256 2298 1309 2351 in
1335 2297 1721 2352 communibus
1750 2295 2003 2351 conciliis

2112 2299 2318 2364 Παῦλος
2356 2300 2412 2353 δέ
2468 2298 2674 2369 ὁμοίως
2725 2299 2990 2369 ἀνήρχετο
3035 2296 3129 2350 καὶ
3183 2295 3458 2349 ἐκοινοῦτο
3493 2293 3553 2346 τδ
3583 2294 3682 2361 κή-

432 2396 486 2441 et
523 2386 722 2455 ubique
754 2388 972 2442 tradita.
1032 2387 1097 2441 Et
1146 2387 1421 2443 sulliciunt
1474 2403 1594 2457 quae
1619 2388 1687 2442 de
1734 2402 1800 2443 eo
1857 2387 2003 2443 dicta

2112 2410 2294 2464 ρυγμα
2347 2390 2544 2461 μήπως
2583 2391 2664 2454 τίς
2715 2390 2871 2443 κενὸν
2916 2388 3165 2460 τρέχῃ,ἢ
3200 2387 3427 2457 ἔδραμε·
3464 2382 3673 2447 Παῦλος

433 2484 583 2531 sunt.
616 2476 783 2532 Sacer
817 2492 947 2532 vero
977 2478 1163 2534 discus
1187 2479 1545 2533 sacerrimum
1598 2493 1793 2547 panem
1840 2480 2001 2534 habet

2112 2487 2137 2539 6
2193 2485 2285 2538 τὸν
2341 2481 2579 2553 Χριστὸν
2638 2480 2823 2553 φέρων
2859 2481 2887 2534 6
2943 2481 3172 2534 πάντοτε
3216 2477 3321 2530 ὑπὸ
3376 2474 3470 2529 τοῦ
3517 2472 3676 2542 ἀγίου

432 2578 487 2623 et
517 2567 763 2623 divinum
795 2570 1044 2635 calicem,
1088 2569 1274 2625 vinum
1307 2576 1361 2624 et
1390 2584 1609 2638 aquam,
1641 2570 1749 2625 Deo
1795 2570 2001 2624 oblata.

2112 2573 2433 2643 κινούμενος
2475 2570 2811 2641 Πνεύματος.
2852 2568 3054 2622 Λοιπδν
3086 2564 3168 2629 τίς
3192 2567 3515 2635 τολμήσειεν
3543 2562 3683 2624 ὅλως

434 2659 556 2729 Ipse
588 2670 768 2715 autem
800 2661 1081 2727 sacerdos,
1100 2669 1154 2715 et
1173 2661 1337 2716 aliam
1373 2661 1705 2715 oblationem
1732 2661 2008 2730 accipiens

2115 2663 2308 2719 ἑαυτὸν
2339 2663 2617 2733 συνιστᾷν,
2660 2662 2734 2732 μὴ
2775 2660 2927 2729 παρά
2965 2658 3102 2712 θεοῦ
3141 2657 3238 2712 καὶ
3274 2657 3385 2710 τῶν
3414 2656 3509 2710 τοῦ
3541 2652 3680 2708 Θεοῦ

2114 2754 2505 2824 συνιστάμενος
2560 2752 2797 2816 δούλων;
2863 2752 2934 2804 Ἦ
2979 2752 3103 2804 τίνα
3161 2747 3461 2819 προφέρειν
3508 2745 3684 2816 ἐχοιέν

434 2842 619 2897 educit
644 2859 659 2909 ;
685 2852 737 2897 et
763 2843 817 2898 in
835 2843 1099 2900 honorem
1124 2860 1187 2900 ac
1208 2846 1527 2901 memoriam
1548 2845 1791 2912 Deiparte
1811 2842 2004 2911 oil'ert;

2112 2860 2259 2906 τινες
2298 2843 2451 2913 παρὰ
2497 2843 2622 2902 τοὺς
2676 2841 2928 2910 Πατέρας
2965 2838 3304 2901 διδάσκαλον,
3339 2836 3436 2890 ἐνα
3480 2852 3539 2888 τε
3591 2834 3687 2888 καὶ

434 2949 663 3003 eamque
694 2942 901 3004 partem
926 2950 955 2989 a
984 2935 1175 2991 dextro
1204 2938 1360 3005 panis
1392 2938 1484 3006 qui
1512 2939 1564 2990 in
1594 2936 1745 2992 disco
1775 2946 1858 2992 est
1880 2937 2006 2991 late-

2112 2936 2208 2990 δύο
2230 2934 2326 2987 καὶ⁵
2350 2932 2626 2999 πλείονας,
2651 2931 2759 2985 τῶν
2781 2928 3049 2999 κιϐδήλων
3075 2930 3361 2997 δογμάτων
3384 2929 3482 2981 καὶ
3511 2929 3690 2999 ἀμυή-

437 3023 695 3091 reponit.
719 3023 836 3089 Ipse
863 3024 1010 3077 enim
1049 3023 1204 3091 panis
1250 3023 1418 3094 figura
1444 3033 1530 3080 est
1552 3027 1730 3081 adhuc
1757 3026 2003 3095 corporis

2118 3044 2229 3082 των
2268 3024 2590 3096 μυστηρίων
2624 3021 2995 3092 ἐξάρχοντας;
3033 3018 3125 3083 οὒς
3168 3018 3691 3088 ψευδοδιδάσκάλους

436 3112 639 3168 Christi
665 3130 680 3180 ;
707 3128 834 3183 pars
862 3122 1043 3169 autem
1072 3115 1161 3168 illa
1192 3125 1547 3185 repraesentat
1570 3131 1689 3172 eam
1715 3132 1835 3187 quae
1852 3119 2015 3173 etiam

2126 3117 2328 3187 μᾶλλον
2373 3115 2551 3168 εἰπεῖν
2601 3112 2921 3176 ἀκόλουθον,
2966 3110 3319 3173 διδάσκοντας
3377 3110 3543 3179 ἕτερα
3593 3109 3691 3162 καὶ

443 3203 605 3271 Virgo
627 3204 906 3260 Christum
936 3207 1145 3275 genuit,
1170 3206 1316 3259 salva
1357 3208 1522 3275 igitur
1548 3217 1603 3262 et
1632 3208 1685 3261 in
1722 3208 1898 3277 figura
1923 3221 2020 3262 ve-

2122 3207 2552 3279 νομοθετοῦντας
2583 3206 2769 3270 καινά,
2798 3223 2873 3258 πα
2884 3205 2951 3274 ρὰ
2977 3203 3046 3257 τά
3082 3203 3278 3266 κοινῶς
3306 3200 3603 3272 δεδογμένα
3626 3215 3689 3254 τε

438 3296 630 3349 ritate:
658 3296 711 3348 in
738 3294 955 3350 Psalmo
982 3299 1125 3349 enim
1146 3298 1352 3352 adstitit
1378 3296 1580 3368 Regina
1603 3314 1631 3353 a
1665 3298 1870 3354 dextris
1901 3299 2019 3352 Filii

2123 3301 2222 3354 καὶ
2265 3298 2654 3369 βεϐαιωθέντα,
2686 3300 2781 3351 καὶ
2812 3298 2965 3368 παρὰ
3011 3294 3122 3349 τῶν
3167 3293 3429 3363 Πατέρων
3468 3292 3688 3347 πάντων

439 3396 493 3439 ct
520 3385 683 3455 Regis
700 3387 924 3445 Christi.
947 3386 1188 3440 Primum
1221 3390 1726 3459 honorcm‘accipit,
1760 3399 2015 3458 tanquam

2116 3390 2252 3459 ὁμοῦ
2300 3392 2356 3443 ἐν
2398 3408 2457 3443 τε
2501 3391 2623 3451 ταῖς
2669 3391 2875 3451 κοιναῖς
2905 3385 3247 3441 συνελεύσεσι
3286 3386 3380 3457 καὶ
3413 3380 3691 3453 πανταχοῦ

443 3476 635 3530 Mater.
660 3476 877 3532 Primus
908 3479 1107 3532 etenim
1142 3479 1293 3534 locus
1318 3492 1395 3535 esu
1431 3481 1713 3535 dexterum
1746 3481 1907 3535 latus.
1942 3524 1949 3529 .

2116 3480 2556 3551 παραδεδομένα.
2590 3480 2701 3534 Καὶ
2731 3480 2894 3533 ικανά
2928 3479 3026 3547 μὲν
3052 3478 3121 3531 τά
3150 3478 3279 3546 περὶ
3307 3474 3528 3545 τοὺτουζ·
3558 3476 3587 3528 6
3633 3473 3692 3527 δι

444 3568 585 3641 ἱερὸς
616 3574 797 3637 δίσκος
823 3574 914 3626 τὸν
967 3575 1258 3643 ἱερώτατον
1292 3578 1457 3646 ἄρτον
1485 3576 1618 3645 ἔχει,
1648 3578 1744 3630 καὶ
1782 3579 1843 3631 τὸ
1884 3577 2027 3630 θεῖον
2060 3580 2343 3647 ποτήριον,
2373 3577 2464 3629 τὸν
2489 3574 2629 3630 οἶνον
2680 3575 2817 3643 μετά
2855 3574 2949 3629 τοῦ
3020 3572 3233 3638 ὕδατος,
3301 3569 3692 3637 ἀνατεθειμένσ

440 3665 579 3734 Θεῷ.
615 3666 787 3729 Αὐτὸς
821 3666 876 3720 δέ
911 3667 940 3719 6
969 3667 1169 3735 ἱερεὺς,
1218 3670 1311 3721 καὶ
1357 3670 1551 3739 ἑτέραν
1596 3669 1775 3723 λαϐὼν
1823 3668 2159 3741 προσφοράν,
2192 3672 2253 3722 ἐκ
2310 3669 2405 3737 τῆς
2434 3672 2490 3722 ἐν
2521 3670 2676 3740 μέσῳ
2720 3667 3013 3741 σφραγῖδος
3055 3666 3184 3736 μίαν
3252 3664 3435 3731 ἐξάγει
3504 3660 3694 3731 μερίδα

440 3756 469 3808 δ
499 3760 529 3811 ὰ
560 3760 657 3829 τῆς
690 3758 912 3829 λόγχης,
939 3760 1033 3812 καὶ
1057 3762 1135 3826 είς
1164 3763 1331 3833 τιμὴν
1365 3763 1460 3815 καὶ
1497 3765 1719 3834 μνήμην
1749 3765 2018 3834 προσάγει
2058 3762 2159 3828 τῆς
2211 3764 2544 3834 Θεομήτρος.
2596 3764 2708 3818 Kal.
2754 3761 2957 3831 ταύτην
2998 3761 3061 3813 ἐκ
3107 3758 3296 3825 δεξιῶν
3334 3758 3427 3811 τοῦ
3498 3759 3554 3809 ἐν
3612 3753 3694 3823 τῷ

450 3852 626 3922 δίσκῳ
658 3852 804 3921 ίεροῦ
850 3852 1016 3923 ἄρτου
1056 3853 1290 3923 τίθησιν.
1322 3855 1490 3915 Αὐτὸς
1532 3854 1631 3922 μὶν
1658 3855 1766 3924 γὰρ
1812 3859 1839 3906 ὁ
1871 3857 2035 3923 ἄρτος
2076 3854 2366 3917 ἀντίτυπός
2414 3857 2564 3907 ἐστιν
2608 3852 2689 3906 ἔτι
2733 3852 2825 3906 τοῦ
2867 3850 3118 3921 σώματος
3170 3849 3265 3905 τοῦ
3330 3845 3567 3920 Χριστοῦ
3598 3862 3613 3878 ·
3656 3847 3693 3915 ἡ

447 3948 605 4015 μερὶς
652 3946 709 3999 δέ
772 3946 954 4017 ἐκείνη
1002 3948 1117 4000 ἀντ’
1156 3947 1326 4013 αὐτῆς
1384 3948 1481 4014 τῆς
1523 3948 1712 4000 τοῦτον
1758 3948 2024 4018 τεκούσης
2063 3948 2428 4018 παρθενικῶς.
2463 3947 2782 4017 Σωξομένης
2813 3942 2905 3999 οὖν
2934 3947 3038 3998 κάν
3064 3945 3140 4014 τῷ
3200 3945 3356 4012 τύπῳ
3400 3942 3497 4011 τῆς
3559 3940 3695 4009 ἀληο

443 4038 615 4101 θείας,
641 4038 974 4105 παρίσταται
1007 4040 1039 4108 ἡ
1071 4041 1367 4093 Βασίλισσα
1405 4040 1694 4109 ψαλμικῶς
1728 4043 1788 4094 ἐκ
1816 4042 2005 4106 δεξιῶν
2042 4042 2133 4095 τοῦ
2172 4041 2301 4094 Υίοῦ
2333 4041 2425 4093 καὶ
2482 4039 2754 4103 Βασιλέως
2791 4039 3054 4110 Χριστοῦ,
3084 4040 3181 4101 τὰς
3243 4037 3462 4107 πρώτας
3530 4033 3695 4102 τιμᾶς

442 4131 514 4194 ὡς
547 4131 749 4200 Μήτηρ
780 4130 1138 4200 κομιζομένη.
1179 4131 1400 4199 Πρῶτον
1440 4132 1533 4183 καὶ
1563 4131 1672 4201 γὰρ
1717 4132 1777 4184 τὺ
1820 4132 2013 4195 δεξιόν.

1010 4244 1238 4300 CAPUT
1269 4245 1452 4300 XCIV.

446 4355 523 4409 De
552 4355 743 4408 oblatis
770 4355 823 4408 in
853 4358 1088 4425 protliesi
1122 4360 1398 4439 particulis
1440 4375 1535 4425 pro
1578 4362 1780 4415 sanctis
1819 4362 2022 4430 piisque

1093 4444 1371 4481 utttt'ersts.

514 4518 557 4571 Α
594 4517 832 4573 sinistris
867 4527 1073 4582 autem,
1108 4529 1161 4572 et
1197 4535 1261 4573 ex
1302 4520 1583 4583 oblatione
1613 4522 1748 4576 alias
1792 4522 2018 4589 cuspide

2684 4242 2935 4297 ΚΕΦΛΛ.
3000 4240 3110 4307 ιβ’.

2127 4357 2266 4419 Περὶ
2320 4353 2440 4407 τῶν
2493 4353 3003 4424 προσφερομένων
3025 4353 3094 4403 ἐν
3117 4348 3192 4415 τῇ
3223 4346 3694 4424 ,προθέσει-μερί-

2195 4417 2317 4479 δων
2338 4426 2491 4491 ὺπέρ
2514 4417 2576 4476 τε
2598 4417 2783 4491 (if-[tur
2800 4417 2901 4475 καί
2925 4422 3171 4474 πάντων
3191 4417 3307 4470 τῶν
3331 4417 3617 4469 εὐσεϐῶν.

2208 4517 2299 4580 Ἐξ
2325 4516 2628 4585 ἀριστερῶν
2664 4515 2741 4578 δὲ,
2770 4516 2832 4564 ἐκ
2860 4512 3175 4581 προσφορᾶς
3205 4510 3396 4577 ἐτέρας
3421 4508 3487 4575 τῇ
3520 4505 3699 4576 λόγχῃ

445 4620 625 4679 partes
642 4611 917 4664 abducens
943 4610 996 4664 in
1030 4613 1257 4664 formam
1286 4614 1464 4673 crucis
1491 4629 1553 4667 ex
1574 4615 1727 4683 signo
1744 4616 2018 4675 sacerdos.

2131 4606 2354 4675 μερίδας
2386 4604 2596 4670 ἐξάγων
2641 4600 2995 4669 σταυροειδῶς
3051 4601 3114 4650 ἐκ
3168 4599 3267 4665 τῆς
3327 4594 3621 4663 σφραγῖδος
3670 4593 3703 4644 ὁ

446 4702 691 4756 omnium
754 4712 1066 4757 sanctorum
1132 4703 1261 4758 facit
1317 4706 1916 4771 commemorationem,
1953 4708 2022 4761 'ct

449 4810 542 4848 eas
575 4795 749 4863 ponit.
795 4794 859 4848 Et
887 4811 1046 4848 uuam
1083 4798 1303 4864 quidem
1357 4798 1408 4851 in
1434 4797 1693 4854 honorem
1720 4808 1773 4851 et
1810 4814 2017 4856 memo-

446 4890 583 4942 riam
649 4889 953 4943 cmlestium
1003 4901 1058 4943 et
1117 4889 1555 4947 honorandat‘um
1611 4890 1893 4943 virtutum.
1957 4889 2020 4947 Et

449 4996 573 5035 ηοω
590 4997 677 5037 sse
698 4992 783 5036 est
819 4992 876 5036 ut
905 4998 1003 5051 pro
1053 4983 1186 5052 ipsis
1213 4984 1553 5051 offerantur;
1587 4986 1713 5053 quia
1738 4993 1791 5038 et
1838 4986 2017 5040 incar-

448 5072 691 5126 nationis
726 5073 987 5140 mysterio
1050 5073 1181 5138 ipsa:
1236 5073 1733 5139 ministraverunt;
1780 5084 1834 5129 et
1892 5075 2018 5142 quia

449 5163 737 5216 nobiscum
768 5165 931 5217 unitze
957 5174 1103 5227 sunt,
1132 5172 1185 5218 et
1211 5182 1311 5219 una
1353 5165 1593 5221 Ecclesia
1641 5166 1763 5229 farti
1805 5182 2016 5223 sumus.

449 5252 515 5305 Et
545 5254 672 5320 quia
700 5256 927 5323 cupiunt
954 5264 1077 5309 ante
1110 5255 1293 5317 divina
1321 5255 1571 5310 Ecclesiae
1599 5255 1854 5325 mysteria
1892 5271 2023 5325 pro-

449 5344 725 5407 cumbere,
800 5347 1128 5414 accipientes
1204 5356 1257 5401 et
1309 5348 1438 5417 ipsae
1523 5363 1917 5417 prOgressum.
1964 5345 2027 5400 Et

451 5436 574 5503 quia
606 5436 884 5491 nobiscum
909 5454 1035 5494 sunt
1055 5440 1211 5495 nobis
1234 5441 1487 5497 custodes
1513 5449 1566 5494 et
1592 5455 1688 5508 pro
1707 5439 1861 5494 nobis
1880 5437 2019 5507 apud

460 5528 630 5582 Deum
669 5527 1033 5584 intercedunt.
1072 5533 1247 5585 Aliam
1301 5549 1429 5587 vero
1458 5532 1613 5587 oﬂert
1652 5532 1704 5585 in
1756 5532 2016 5584 honorem

452 5627 501 5670 et
530 5620 846 5672 memoriam
899 5620 1190 5675 venerandi
1246 5620 1631 5687 Ριτεςυιεοτὶε,
1670 5630 1722 5673 ct
1774 5619 2014 5673 omnium

460 5719 770 5777 ianitorum
806 5713 1189 5792 prophetarum
1222 5726 1273 5767 ct
1314 5715 1604 5782 iustorum,
1638 5713 1727 5781 qui
1760 5726 2016 5793 praenun-

2131 4700 2307 4767 ἱερεὺς
2337 4737 2352 4761 ,
2400 4697 2507 4748 τῶν
2562 4694 2731 4760 ἁγίων
2780 4692 3037 4746 ἀπάντων
3078 4690 3298 4760 μνήμην
3332 4689 3563 4740 ποιεῖται
3601 4685 3701 4737 καὶ

2126 4791 2329 4857 τίθησι.
2371 4790 2477 4841 Καὶ
2525 4784 2623 4855 τὴν
2673 4785 2773 4854 μὲν
2833 4782 2911 4846 είς
2940 4783 3106 4851 τιμὴν
3138 4782 3235 4833 καὶ
3280 4781 3497 4848 μνήμην
3528 4793 3701 4843 προσ-

2128 4884 2289 4948 φέρει
2318 4880 2424 4931 τῶν
2448 4877 2647 4945 τιμίων
2685 4874 3025 4944 ἐπουρανίων
3052 4872 3354 4935 δυνάμεων.
3388 4869 3494 4920 Καὶ
3525 4867 3701 4932 ἀναγ-

2126 4972 2280 5023 καῖον
2312 4968 2646 5037 προσφέρειν
2698 4964 2837 5033 ὑπὲρ
2875 4962 3073 5025 αὐτῶν,
3107 4961 3189 5013 ὅτι
3233 4958 3326 5011 καὶ
3376 4956 3451 5027 τῷ
3491 4972 3701 5025 μυστη-

2125 5062 2226 5132 ρίῳ
2254 5062 2350 5129 τῆς
2382 5060 2695 5127 οἰκονομίας
2750 5056 2903 5111 αὐτοὶ
2957 5053 3419 5121 καθυπούργησαν
3440 5065 3458 5082 ο
3486 5048 3581 5101 καὶ
3612 5048 3698 5099 ὄτι

2129 5155 2415 5225 ήνώθησαν
2448 5157 2582 5221 ἡμῖν
2608 5194 2621 5215 ,
2661 5153 2752 5223 καὶ
2789 5152 2882 5219 μία
2927 5148 3092 5217 ἐσμὲν
3119 5146 3437 5212 Ἐκκλησία’
3476 5142 3567 5194 καὶ
3612 5140 3698 5192 ὅτι

2128 5244 2457 5314 ἐπιθυμοῦσι
2486 5242 2869 5310 παρακύπτειν
2901 5240 2981 5301 εἰς
3013 5237 3080 5290 τὰ
3099 5237 3199 5303 τῆς
3241 5229 3559 5302 Ἐκκλησίας
3592 5244 3701 5295 μυ-

2132 5341 2348 5407 στήρια,
2394 5315 2748 5405 κομιζόμενοι
2802 5334 2897 5391 καὶ
2942 5327 3088 5383 οῦτοι
3136 5326 3434 5382 ἀνάϐασιν·
3470 5321 3565 5375 καὶ
3611 5320 3697 5372 ὃτι

2131 5429 2249 5501 μεθ’
2313 5428 2469 5497 ἡμῶν
2545 5427 2652 5477 εἱσι
2725 5425 2962 5493 φύλακες
3028 5424 3160 5490 ἡμῖν
3223 5420 3317 5472 καὶ
3381 5411 3698 5471 διαλλακταὶ

2133 5520 2288 5589 105
2323 5519 2457 5588 πρὸς
2491 5517 2624 5569 θεὸν
2655 5515 2806 5579 ὄντες
2837 5530 2849 5545 ’
2890 5514 2988 5583 τὴν
3020 5512 3077 5564 δὲ
3112 5512 3190 5572 εἰς
3222 5509 3389 5578 τιμὴν
3424 5507 3517 5559 καὶ
3555 5502 3696 5573 μνή-

2128 5630 2237 5681 μην
2270 5610 2365 5663 τοῦ
2398 5609 2580 5677 τεμίου
2618 5606 2931 5678 Προδρόμου
2956 5644 2970 5667 ,
3005 5603 3098 5657 καὶ
3131 5601 3350 5654 πάντων
3384 5597 3489 5649 τῶν
3523 5593 3697 5661 ἀγὶων

2125 5702 2420 5774 προφητῶν
2451 5701 2544 5753 καὶ
2574 5698 2818 5764 δικαίων,
2849 5690 3432 5778 προκαταγγειλάντων
3461 5683 3548 5739 τοῦ
3585 5685 3693 5737 Ku-
