4044 6198
287 284 376 347 231
1483 304 1580 363 DE
1623 306 1861 366 SACRA
1907 309 2300 380 LI'i‘URGIA’.

289 401 397 465 ρίου
428 400 527 469 τὴν
559 400 970 476 ἐνανθρώπησιν
996 425 1007 440 ·
1048 411 1144 481 τὴν
1176 411 1228 467 δὲ
1264 415 1343 474 είς
1376 420 1545 487 τιμὴν
1581 422 1673 474 καὶ
1711 422 1842 492 μνή·

1950 428 2149 486 tiavere
2200 432 2412 491 Domini
2490 436 2972 511 lucaruationem;

290 506 390 554 μην
445 491 552 542 τῶν
596 496 765 553 ἁγίων
827 502 920 553 καὶ
965 507 1336 572 πανευφῆμων
1378 509 1731 572 ἀποστόλων.
1773 491 1849 577 ὦς

287 582 570 649 ὑπηρετῶν
603 585 699 639 τοῦ
736 588 972 654 Χριστοῦ
993 633 1007 657 ,
1042 593 1121 659 ὡς,
1153 596 1386 662 πρῶτων
1421 600 1608 668 ἱερέων
1642 604 1735 656 καὶ
1762 604 1852 656 νδι-

285 669 570 763 δασκάλωνγ
600 671 701 763 τῆς
738 673 1006 743 πίστεως,
1041 681 1134 733 καὶ
1172 685 1282 736 τῶν
1328 689 1447 754 μετ’
1473 689 1671 752 αὐτοὺς
1712 691 1852 763 ὑπὲρ

285 758 378 828 τῆς
411 761 695 825 εὐσεϐείας
727 767 1164 832 ἐσπουδακότων,
1201 776 1311 826 τῶν
1347 777 1518 844 ἁγίων
1554 758 1848 851 ίεραρχῶν,

286 852 389 901 τῶν
415 852 588 917 ἁγίων
614 856 708 908 καὶ
733 857 1058 912 καλλινίκων
1088 865 1400 934 μαρτύρων,
1430 870 1522 922 καὶ
1550 871 1657 922 τῶν
1687 874 1851 926 ὁσίων

289 942 379 994 σὺν
412 944 551 997 πᾶσι
585 947 699 1008 τοῖς
733 947 909 1015 ἁγίοις
934 967 950 981 ·
994 951 1309 1008 τελευταῖον
1341 958 1399 1010 δὲ
1442 962 1521 1022 είς
1555 962 1722 1031 τιμὴν
1757 966 1850 1015 καὶ

290 1032 508 1125 μνῄμην
545 1041 846 1107 προσφέρει
883 1041 978 1093 τοῦ
1020 1045 1161 1096 κατὰ
1196 1046 1297 1115 τὴν
1331 1049 1542 1120 ἡμέραν
1578 1053 1737 1119 ἁγίου
1764 1094 1779 1119 ,
1815 1054 1849 1125 ἢ

286 1122 374 1216 τοῦ
411 1124 830 1216 ἑορταζομένου.
866 1134 958 1184 καὶ
993 1136 1083 1187 τοῦ
1118 1137 1507 1207 Χρυσοστόμου
1547 1146 1778 1213 Πατρδς,

288 1215 562 1270 Βασιλείου
584 1258 600 1281 ,
637 1213 762 1291 οῦ·ἡ
802 1225 1113 1293 λειτουργία
1146 1232 1294 1293 ἐστὶ,
1331 1232 1425 1284 καὶ
1462 1235 1680 1288 πάντων
1712 1213 1848 1307 ὁμοῦ

289 1308 445 1358 πάλιν
472 1310 578 1364 τῶν
604 1312 797 1380 ἁγίων,
824 1319 1011 1388 ἐπειδὴ
1041 1321 1238 1384 πάντες
1265 1325 1324 1375 ἑν
1350 1326 1567 1396 Χριστῷ
1591 1329 1846 1397 ἧνωνται.

291 1399 395 1450 Καὶ
435 1400 736 1468 ἀναγκαῖον
781 1408 920 1475 μετὰ
964 1410 1063 1477 τῆς
1104 1413 1464 1483 ἀναμνήσεως
1501 1417 1595 1469 τοῦ
1645 1419 1848 1489 Κυρίου

286 1492 372 1539 καὶ
398 1490 499 1558 τὴν
526 1492 831 1562 ἀνάμνησιν
859 1501 1131 1555 ποιεῖσθαι
1157 1503 1266 1555 τῶν
1289 1504 1491 1559 δούλων
1520 1508 1685 1561 αὐτοῦ
1708 1523 1725 1540 ⁶
1755 1512 1849 1564 καὶ

285 1580 497 1647 πρῶτον
532 1581 635 1650 μὲν
662 1584 759 1654 τῆς
793 1588 1099 1658 ἀλοχεύτως
1133 1593 1295 1648 αὐτὸν
1324 1597 1626 1668 τεκούσης,
1658 1600 1736 1664 ὡς
1768 1601 1845 1654 εί-

287 1686 474 1737 ρηται,
499 1673 565 1725 δι’
586 1670 652 1744 ἦς
681 1678 749 1730 τὰ
780 1683 1052 1751 μυστήρια
1074 1685 1175 1755 τῆς
1205 1691 1480 1759 σωτηρίας
1512 1694 1671 1761 ἡμῶν
1695 1696 1848 1748 ἐκτι-

287 1762 540 1817 τέλεσται
565 1782 582 1799 ο
627 1767 820 1823 ἔπειτα
859 1773 968 1827 τῶν
1012 1776 1185 1845 ἁγίων
1225 1758 1637 1851 ἁγγίλωνίῶς
1682 1758 1923 1841 italia-'3

286 1858 717 1949 πουργησάντων
761 1861 842 1933 τῷ
889 1868 1212 1939 μυστηρίῳ,
1262 1873 1355 1927 καὶ
1405 1873 1473 1928 δι’
1501 1876 1668 1931 αὐτοῦ
1717 1879 1848 1949 ἡμῖν

281 1946 609 2013 ἑνωθέντων,
639 1955 732 2005 καὶ
763 1958 1269 2026 περιφυλαττόντων
1300 1965 1446 2034 ἡμᾶς
1470 1983 1487 2000 ·
1519 1968 1708 2023 ἔπειτα
1738 1946 1848 2025 τῶν

282 2038 747 2108 πῳκηρυξὰντων
792 2047 860 2100 τὰ
906 2050 1003 2104 τοῦ
1055 2054 1356 2124 μυστηρίου
1409 2060 1706 2130 προφητῶν
1752 2064 1847 2117 καὶ

278 2136 526 2203 δικαίων,
570 2134 648 2194 ὢν
688 2142 966 2213 ἐξαίρετος
1006 2147 1100 2201 καὶ
1141 2153 1376 2221 σφραγὶς
1418 2154 1448 2205 ὁ
1489 2154 1799 2221 Βαπτιστὴς
1828 2172 1843 2187 ⁶

278 2227 472 2283 Ιπειτα
501 2230 607 2283 τῶν
638 2231 882 2287 Θεοπτῶν
912 2236 1205 2306 κηρύκων,
1235 2243 1548 2296 ἀποστόλων
1578 2262 1639 2298 τε
1670 2247 1765 2299 καὶ
1795 2247 1847 2300 οἶ

277 2322 362 2372 τὸν
399 2320 612 2391 κόσμον
649 2325 1025 2396 κατηύγασαν,
1058 2331 1182 2398 μεθ’
1205 2326 1280 2384 ὧν
1315 2337 1410 2387 καὶ
1444 2335 1551 2387 τῶν
1586 2335 1847 2408 διαδόχων

278 2413 459 2466 αὐτῶν
493 2417 795 2487 ἱεραρχῶν,
829 2421 921 2473 καὶ
946 2421 1043 2475 ¹τοῦ
1078 2424 1291 2493 καρποῦ
1324 2425 1417 2479 τοῦ
1453 2429 1844 2497 κηρύγματος,

276 2504 380 2559 τῶν
426 2508 726 2578 μαρτύρων
765 2511 858 2563 καὶ
899 2512 1011 2564 τῶν
1047 2513 1210 2569 ὁσίων
1233 2531 1259 2547 δ
1296 2518 1390 2569 καὶ
1433 2519 1585 2582 τέλος
1625 2521 1848 2576 πάντων

277 2596 409 2665 ὁμοῦ
434 2639 450 2658 ,
494 2599 677 2669 ἐπειδὴ
710 2601 775 2671 τῇ
819 2600 980 2674 Θυσίᾳ
1012 2606 1185 2676 ταύτῃ
1219 2609 1284 2678 τῇ
1322 2609 1445 2680 ἱερᾷ
1477 2613 1678 2674 πάντες
1710 2614 1847 2683 ὁμοῦ

279 2688 508 2756 ἄγγελοί
546 2706 607 2744 τε
649 2694 742 2746 καὶ
783 2691 1063 2765 ἄνθρωποι
1110 2695 1256 2763 ἁγιοι
1301 2701 1395 2751 καὶ
1439 2699 1730 2771 ὴνώϐησαν
1770 2704 1849 2774 τῷ

278 2777 509 2849 Χριστῷ
529 2820 545 2845 ,
578 2784 672 2834 καὶ
703 2784 761 2835 ἐν
789 2783 936 2854 αὐτῷ
965 2786 1305 2858 ἡγιάσθησαν
1328 2830 1343 2851 ,
1374 2791 1469 2844 καὶ
1498 2793 1671 2865 τούτῳ
1698 2797 1730 2860 ἡ
1742 2797 1848 2865 μᾶς

278 2870 509 2926 ἑνοῦσιν.
1305 2901 1315 2905 -

347 2985 365 3017 ι
400 2960 510 3018 Ὧν
560 2970 680 3031 ταῖς
734 2970 966 3035 ἱκεσίαις
1013 2973 1307 3045 ἐπίσκεψαι
1359 2979 1530 3048 ἡμᾶς,
1584 2979 1771 3049 φησὶν,
1819 2982 1849 3034 ὁ

273 3056 434 3122 Θεὸς,
481 3060 578 3110 καὶ
615 3060 856 3129 δὼρησαι
897 3065 1028 3134 ημῖν
1066 3066 1244 3119 πάντα
1279 3070 1350 3122 τὰ
1389 3070 1524 3137 πρὸς
1566 3072 1847 3141 σωτηρίαν

273 3153 559 3222 αἰτήματα
579 3195 594 3218 ,
630 3154 725 3206 καὶ
756 3154 901 3225 ζωὴν
930 3156 1030 3224 τὴν
1062 3158 1300 3215 αίώνιον.
1341 3177 1361 3211 ι
1400 3162 1701 3225 Κατανοεῖς
1720 3202 1736 3227 ,
1767 3163 1844 3226 ὡς

273 3242 387 3295 ἀντὶ
429 3243 549 3296 τῶν
587 3244 759 3311 ἁγίων
797 3247 932 3298 εἰσὶν
970 3248 1027 3300 αί
1069 3250 1319 3319 μερίδες;
1359 3252 1452 3305 καὶ
1495 3253 1576 3315 είς
1620 3254 1843 3323 μνήμην

271 3332 449 3385 αὐτῶν
484 3332 583 3385 καὶ
610 3334 809 3402 τιμὴν,
841 3336 935 3389 καὶ
966 3337 1036 3390 δι’
1058 3324 1238 3394 αὐτῶν
1268 3343 1348 3403 είς
1381 3342 1657 3413 σωτηρίαν
1686 3345 1845 3414 ἡμῶν

269 3426 757 3495 προσφερόμεναις
788 3428 1072 3499 μετέχουσι
1102 3432 1210 3502 γὰρ
1240 3434 1333 3487 καὶ
1361 3433 1507 3487 οὗτοι
1532 3434 1610 3503 τῷ
1641 3452 1843 3503 μυστη-

268 3519 365 3586 ρίῳ
399 3518 486 3586 τῷ
527 3519 743 3589 φρικτῷ
772 3521 944 3591 τούτῳ
976 3522 1052 3585 ὡς
1087 3527 1547 3597 συνηγωνισμένοι
1586 3527 1805 3596 Χριστῷ
1827 3566 1843 3591 ,

265 3610 423 3679 δόξης
456 3610 559 3662 καὶ
586 3612 906 3676 ἀναϐάσεως
940 3615 1208 3682 μείζονος,
1233 3619 1299 3686 τῇ
1330 3618 1586 3687 κοινωνία
1611 3618 1709 3688 τῆς
1742 3635 1843 3671 σω-

266 3701 575 3771 τηωὼδους
623 3702 832 3771 θυσίας,
880 3707 977 3759 καὶ
1022 3707 1170 3775 ἡμᾶς
1215 3707 1364 3777 αὐτῷ
1408 3710 1845 3764 καταλλάσσουσι

264 3795 359 3844 καὶ
408 3793 797 3847 συνάπτουσι⁶
846 3796 944 3849 καὶ
988 3797 1189 3866 μᾶλλον
1229 3799 1340 3868 ὅσῳ
1382 3799 1586 3853 τούτων
1638 3802 1847 3870 μεμνή-

266 3883 427 3950 μεθα.
461 3884 615 3955 Πλὴν
638 3886 700 3938 οὐ
730 3887 1154 3954 μεταϐάλλονται
1183 3890 1240 3945 αί
1272 3891 1489 3961 μερίδες
1513 3892 1545 3962 ἢ
1577 3892 1657 3954 είς
1685 3891 1845 3961 σῶμα

260 3978 616 4042 δεσποτικὸν,
646 3978 680 4049 ἢ
712 3982 789 4041 είς
815 3978 883 4032 τὰ
911 3979 1139 4049 σώματα
1161 3981 1271 4035 τῶν
1299 3982 1472 4051 ἁγίων
1494 4000 1509 4015 ο
1538 3982 1674 4036 ἀλλὰ
1706 3983 1845 4053 μόνα

262 4069 417 4138 δῶρά
452 4072 566 4123 είσι
600 4072 693 4124 καὶ
727 4073 1042 4142 προσφοραὶ
1073 4074 1164 4126 καὶ
1197 4072 1376 4127 Θυσίαι
1409 4073 1475 4127 διῗ
1502 4074 1668 4144 ἄρτου
1702 4073 1844 4127 κατὰ

264 4162 510 4231 μίμησιν
538 4162 629 4214 τοῦ
662 4164 954 4229 Δεσπότου,
981 4166 1076 4218 καὶ
1106 4163 1192 4218 ἐπ’
1214 4164 1437 4232 ὀνόματι
1465 4170 1668 4218 τούτων
1693 4164 1843 4236 αὐτῷ

263 4256 763 4325 προσφερόμεναι,
800 4258 896 4308 καὶ
926 4258 991 4325 τῇ
1033 4257 1316 4328 ἱερουργίᾳ.
1347 4257 1455 4309 τῶν
1489 4258 1806 4327 μυστηρίων
1827 4297 1843 4322 ,

259 4348 325 4415 τῇ
357 4346 563 4398 ἐνὼσει
590 4362 647 4398 τε
676 4347 766 4399 καὶ
796 4346 1049 4416 κοινωνίᾳ
1072 4348 1452 4416 ἁγιαζόμεναι,
1478 4348 1571 4400 καὶ
1598 4351 1677 4411 είς
1702 4349 1844 4401 ὲκεί-

260 4454 388 4498 νους
435 4440 580 4506 ὖπέρ
620 4431 695 4490 ὧν
731 4438 870 4501 είσι,
904 4438 996 4491 τὸν
1027 4439 1298 4508 ἁγιασμὺν
1334 4440 1842 4510 παραπέμπουσαι,
1876 4428 1922 4484 Ῑ)

260 4533 355 4583 καὶ
403 4531 494 4583 διὰ
528 4529 637 4581 τῶν
674 4530 811 4598 ὑπὲρ
845 4528 953 4582 τῶν
987 4532 1155 4597 ἁγίων
1197 4531 1277 4594 είς
1320 4532 1469 4600 ἡμᾶς
1493 4547 1508 4563 ο
1554 4530 1740 4600 ὥσπερ
1780 4530 1845 4601 δὴ

260 4624 356 4674 καὶ
388 4622 485 4675 διὰ
516 4622 623 4673 τῶν
655 4622 831 4691 εὐχῶν
861 4621 1019 4674 τοῦτο
1050 4622 1277 4689 γίνεται,
1316 4621 1477 4691 ἡνίκα
1513 4622 1843 4691 μνησθῶμεν

258 4714 449 4765 αὐτῶν
472 4755 487 4774 ,
520 4713 553 4781 ἢ
588 4714 715 4765 ὅταν
744 4716 855 4773 τοῖς
887 4717 1029 4776 ναοῖς
1059 4714 1091 4785 ἢ
1120 4717 1233 4776 τοῖς
1261 4713 1534 4783 λειψάνοις
1564 4713 1742 4765 αὐτῶν
1762 4752 1778 4777 ,
1811 4712 1844 4782 ἢ

254 4808 380 4867 ταῖς
420 4805 603 4857 εἰκόσι
638 4807 690 4857 τὶ
724 4805 1195 4875 προσενέγκωμεν.
1230 4806 1391 4858 Αὐτοὶ
1429 4805 1528 4873 μὲν
1562 4804 1669 4874 γὰρ
1703 4805 1844 4873 ἁμέ-

257 4911 371 4957 σως
405 4893 736 4961 ἁγιάζονται
766 4896 917 4966 παρὰ
939 4895 1031 4949 τοῦ
1061 4893 1195 4947 Θεοῦ
1218 4909 1232 4924 ⁶
1267 4894 1542 4965 δεχόμενοι
1572 4895 1627 4949 δὲ
1658 4895 1752 4947 καὶ
1780 4896 1846 4948 τὰ

255 4986 391 5053 παρ’
424 4985 592 5054 ἡμῶν
619 5022 634 5048 ,
670 4984 739 5037 δι’
765 4986 941 5039 αὐτῶν
981 4986 1126 5058 ἡμᾶς
1168 4986 1504 5054 ἁγιάζουσιν.
1546 4987 1607 5039 Ei
1654 4987 1747 5037 οὖν
1789 4986 1846 5037 ιν

254 5079 367 5137 τοῖς
402 5076 594 5138 ἄλλοις
630 5075 925 5129 ἀποδεκτὸν
956 5079 1139 5140 αὐτοῖς
1173 5078 1232 5131 τὸ
1274 5079 1606 5148 προσφέρειν
1640 5081 1719 5141 είς
1759 5097 1842 5132 τι·

230 5170 365 5237 ,μὴν
395 5173 502 5220 καὶ
534 5169 757 5239 μνήμην
781 5168 982 5231 αὐτῶν,
1009 5169 1190 5238 πολλῷ
1214 5187 1276 5239 γε
1302 5169 1457 5222 τοῦτο
1484 5170 1685 5239 μᾶλλον
1710 5172 1843 5223 ἁπο-

254 5262 509 5326 δέξονται
552 5262 609 5312 ὲν
643 5264 707 5329 τῇ
756 5260 1025 5334 ἱερωτάτη
1064 5262 1243 5333 Θυσίας,
1280 5262 1342 5314 Ei
1384 5262 1493 5330 γὰρ
1531 5262 1625 5314 καὶ
1665 5262 1841 5324 ἁύλως

256 5354 349 5403 καὶ
396 5350 608 5419 vespa;
661 5354 946 5421 μετέχουσι
991 5354 1086 5420 τῆς
1129 5353 1222 5411 τοῦ
1272 5352 1507 5421 Χριστοῦ
1553 5353 1841 5415 κοινωνίας

258 5447 373 5505 ταῖς
406 5444 639 5513 ψυχαῖς,
673 5442 810 5495 ἀλλὰ
842 5442 936 5495 καὶ
966 5442 1054 5496 διὰ
1084 5444 1179 5513 τῆς
1212 5442 1373 5497 αὐτοῦ
1408 5445 1739 5513 ἱερουργίας,
1774 5444 1842 5514 ἢν

259 5536 401 5604 ὐπὲρ
434 5533 539 5587 τοῦ
568 5536 776 5603 κόσμου
810 5534 1097 5605 παρέδωκε
1130 5536 1411 5603 γίνεσθαι,
1449 5536 1711 5606 μεγίστης
1747 5554 1844 5604 με-

258 5632 483 5694 τέλουςτί
518 5628 613 5696 τῆς
646 5626 803 5696 δόξης
824 5666 838 5690 ,
870 5626 943 5689 ὡς
981 5628 1425 5699 συμπονήσαντες
1458 5627 1549 5679 καὶ
1587 5627 1843 5693 συνδοξα⁹

260 5724 506 5790 ζιιειεηιοι.
552 5720 712 5781 Ἀλλὰ
763 5721 857 5774 καὶ
907 5722 963 5775 oi‘
1009 5720 1271 5776 θειότατοι
1317 5721 1571 5792 ἄγγελοι,
1619 5720 1690 5784 ὡς
1746 5720 1839 5776 καὶ

3417 337 3523 403 282

3034 445 3194 500 aliam
3252 458 3430 504 autent
3460 452 3517 506 in

1955 520 2217 579 honorem
2245 540 2308 583 ac
2336 530 2654 584 memoriam
2681 543 2998 589 sanctorum
3029 547 3083 590 et
3106 536 3518 595 benedictorum

1955 619 2355 687 apostolorum,
2414 628 2674 691 tanquam
2748 624 2947 679 Christi
3016 629 3414 698 ministrorum,
3464 643 3521 688 et

1954 713 2256 780 primorum
2294 714 2637 770 sacerdotum
2671 731 2733 771 ac
2761 719 2879 772 Μθί
2915 722 3292 790 magistrorum
3323 741 3338 789 ;
3370 723 3507 796 et.iu

1956 803 2273 856 memoriam
2303 818 2492 859 eorum
2530 808 2624 875 qtti
2681 815 2800 873 post
2836 810 2956 863 illos
2985 828 3083 880 pro
3120 813 3319 881 pietate
3341 824 3518 869 certa-

1952 909 2100 959 vere,
2127 906 2437 950 sanctorum
2495 911 2684 967 nempe
2715 901 3050 969 pontilicum,
3104 914 3415 959 sanctorum
3462 914 3516 960 et

1952 988 2413 1055 triumphantium
2450 1001 2750 1061 martyrum
2779 1004 2829 1045 et
2859 995 3070 1062 piorum
3113 1010 3235 1050 cum
3265 999 3518 1055 omnibus

1950 1075 2178 1127 sanctis.
2207 1073 2449 1143 Denique
2502 1077 2658 1133 oﬂ'ert
2702 1080 2754 1133 in
2798 1081 3057 1136 honorem
3089 1099 3152 1138 ac
3195 1088 3512 1140 memoriam

1951 1162 2114 1230 lttt§us
2142 1167 2313 1220 sancti
2346 1168 2501 1236 cujus
2524 1178 2605 1223 est
2628 1170 2744 1226 dies
2796 1171 2990 1236 festus,
3021 1183 3075 1227 et
3123 1173 3300 1231 Patris
3340 1177 3511 1233 nostri

1949 1256 2347 1326 (Zhrysnstomi,
2407 1272 2501 1314 aut
2551 1260 2759 1323 Basilii.
2818 1266 3083 1334 cujusest
3144 1268 3387 1337 liturgia.
3424 1266 3516 1329 νει

1950 1348 2192 1402 omnium
2239 1351 2399 1402 simul
2440 1368 2629 1406 rursus
2669 1366 3025 1428 sanctorum;
3074 1374 3198 1412 cum
3228 1375 3420 1415 omnes
3453 1361 3511 1415 in

1948 1440 2166 1495 Christo
2212 1443 2507 1510 uniantur;
2541 1456 2595 1499 et
2651 1463 2871 1503 necesse
2908 1451 2978 1503 sit
3030 1460 3088 1505 ut
3110 1467 3234 1507 cum
3267 1467 3513 1507 commeo

1950 1535 2255 1590 moratione
2287 1536 2498 1590 Domini
2546 1541 2992 1595 commemoratio
3038 1553 3350 1598 sanctorum
3394 1544 3511 1612 ejus

1951 1627 2041 1682 ﬂat
2074 1644 2090 1695 ;
2121 1637 2175 1682 et
2225 1629 2401 1696 primo
2447 1629 2663 1699 quidem
2729 1629 2912 1698 hujus,
2943 1648 3065 1700 qua:
3090 1648 3304 1701 semper
3361 1638 3514 1705 virgo

1951 1731 2073 1770 eum
2102 1716 2306 1786 genuit,
2343 1726 2400 1770 ut
2424 1717 2624 1771 dictum
2673 1728 2796 1785 est;
2833 1736 2926 1790 per
2960 1737 3125 1790 quam
3159 1724 3354 1778 salutis
3407 1741 3509 1780 no-

1950 1816 2078 1862 stra:
2134 1808 2391 1878 mysteria
2472 1808 2659 1863 eﬂ‘ecta
2716 1819 2884 1875 sunt;
2936 1813 3133 1866 deinde
3191 1824 3509 1870 sanctorum

1948 1894 2283 1968 angelorum,
2306 1900 2400 1970 qui
2462 1902 2727 1971 mysterio
2778 1902 3364 1960 subministravere'ae
3418 1922 3515 1977 per

1949 1988 2078 2044 illutl
2111 1990 2397 2057 nobiscum
2429 1993 2563 2047 uniti
2620 2001 2770 2059 sunt,
2802 2003 2855 2047 et
2876 2010 2974 2048 nos
3011 1996 3323 2051 custodiunt
3355 2015 3371 2062 ;
3420 2001 3514 2052 tle-

1949 2080 2076 2134 inde
2110 2095 2300 2135 eorum
2326 2082 2422 2151 qui
2472 2097 2533 2135 ea
2555 2098 2677 2152 quae
2734 2084 2803 2138 ad
2853 2088 3170 2155 mysterium
3217 2089 3507 2156 pertinent,

1946 2170 2331 2241 praedixerunt,
2384 2173 2772 2243 prophetarum
2803 2185 2857 2230 et
2902 2176 3204 2245 justorutu,
3271 2194 3509 2249 quorum

1947 2262 2336 2333 inclytissimus
2381 2272 2435 2319 et
2477 2266 2631 2335 quasi
2683 2266 3017 2336 signaculum
3083 2276 3164 2323 est
3232 2269 3510 2338 Baptista;

1945 2354 2141 2408 deinde
2179 2369 2487 2430 praeconum
2528 2355 2620 2425 qui
2679 2354 2849 2411 Deum
2901 2358 3169 2426 viderunt,
3231 2363 3510 2431 apostolo-

1946 2461 2174 2516 rumque
2202 2447 2293 2515 qui
2327 2446 2585 2502 mundum
2623 2446 3071 2506 illuminaverunt
3104 2468 3120 2517 ;
3156 2466 3279 2507 cum
3311 2453 3514 2523 quibus

1949 2546 2007 2595 et
2044 2539 2360 2607 pontiﬁcum
2390 2539 2483 2608 qui
2515 2539 2650 2609 ipsis
2676 2550 3064 2597 successerunt
3089 2559 3105 2610 ;
3137 2558 3201 2599 ac
3251 2546 3512 2613 praedica-

1946 2630 2113 2685 tionis
2155 2628 2392 2697 fructus,
2436 2640 2732 2700 martyrum
2786 2642 2841 2686 et
2867 2633 3104 2701 piorum.
3145 2634 3241 2691 Est
3278 2636 3515 2704 denique

1947 2720 2197 2773 omnium
2237 2720 2422 2784 simul,
2455 2723 2716 2790 quoniam
2752 2722 2852 2777 hac
2883 2738 3038 2779 sacra
3075 2726 3295 2779 victima
3319 2742 3513 2782 omnes

1950 2811 2113 2864 simul
2139 2811 2425 2881 angelique
2475 2825 2540 2865 ac
2589 2812 2839 2868 homines
2900 2817 3073 2869 sancti
3109 2831 3230 2869 cum
3288 2817 3516 2871 Chriszo

1948 2902 2081 2955 uniti
2116 2911 2244 2956 sunt
2269 2913 2323 2956 et
2356 2902 2410 2956 in
2442 2902 2559 2971 ipso
2589 2904 2934 2966 sanctiﬁcati,
2964 2915 3016 2959 et
3044 2920 3109 2958 eo
3140 2919 3241 2960 nos
3293 2908 3512 2961 uuiuut.

2022 3010 2043 3044 t
2085 2991 2165 3045 Ad
2198 2994 2392 3046 horum
2428 3007 2737 3063 quiesttmus
2792 3009 2981 3062 preces
3036 2996 3247 3063 respice
3279 2995 3329 3048 in
3390 3011 3513 3061 nos,

1879 3096 1922 3158 ε
1951 3083 2115 3145 Deus.
2155 3093 2209 3138 et
2241 3084 2400 3138 nobis
2428 3083 2568 3138 dona
2596 3098 2718 3152 quae
2743 3084 2809 3138 ad
2834 3084 3063 3139 salutem
3102 3086 3250 3139 utilia
3287 3095 3435 3153 sunt,
3459 3100 3516 3140 et

1945 3172 2280 3241 postmodum
2309 3172 2474 3227 vitam
2513 3182 2791 3228 aeternam.
2819 3193 2836 3225 ι
2876 3173 3063 3229 Viden‘
3081 3184 3140 3229 ut
3160 3176 3277 3230 loco
3290 3187 3512 3231 sant-to-

1943 3282 2061 3321 rum
2097 3265 2371 3332 particula:
2396 3265 2581 3335 posite
2607 3265 2776 3320 sunt?
2805 3276 2859 3319 ut
2887 3265 2953 3318 ad
3004 3266 3244 3335 ipsorum
3277 3282 3515 3322 comme-

1904 3412 1917 3421 ,
1945 3359 2301 3413 morationem
2328 3372 2392 3412 ac
2416 3358 2679 3413 honorem
2696 3365 2750 3412 et
2775 3358 2841 3412 ad
2871 3368 3107 3413 nostram
3132 3360 3361 3414 salutem
3384 3374 3515 3414 con-

1945 3448 2229 3502 tribuunt?
2262 3447 2394 3501 Nam
2418 3448 2595 3502 sancti
2626 3463 2844 3517 quoque
2870 3449 3127 3517 mysterio
3149 3449 3223 3504 illi
3247 3450 3517 3505 horrendo

1945 3539 2273 3608 participant
2302 3549 2360 3593 ut
2391 3538 2593 3593 Christi
2629 3540 3050 3607 commilitones,
3092 3540 3202 3594 itno
3250 3542 3437 3609 gloriae
3460 3549 3516 3594 et

1942 3632 2263 3686 elevationis
2322 3631 2546 3697 maioris
2572 3631 2990 3700 participatione
3047 3632 3305 3687 salutaris
3348 3632 3516 3686 sacri-

1945 3720 2051 3774 iicii
2087 3728 2230 3789 quod
2259 3734 2358 3775 nos
2385 3719 2611 3775 Domino
2645 3721 2945 3791 coniungit,
2976 3721 3272 3776 dummodo
3298 3721 3512 3776 sincera

1946 3819 2127 3865 mente
2158 3812 2307 3866 illius
2370 3811 2615 3882 mysterii
2656 3813 2969 3867 memoriam
3021 3812 3308 3867 faciamus.
3348 3811 3516 3867 Parti-

1943 3904 2079 3957 cula:
2114 3909 2292 3957 autem
2323 3917 2431 3956 non
2485 3903 2539 3957 in
2570 3916 2770 3972 corpus
2816 3902 3031 3957 Domini
3069 3910 3163 3957 aut
3195 3903 3251 3957 in
3288 3912 3512 3957 sancto-

1944 4010 2063 4048 runt
2093 4007 2322 4061 corpora
2382 4004 2685 4057 mutantur,
2716 3993 2811 4048 sed
2841 3993 3186 4048 solummodo
3216 3994 3357 4048 dona
3383 4002 3515 4047 sunt

1942 4094 1995 4141 et
2018 4082 2287 4140 sacrificia
2325 4084 2501 4137 oblata
2528 4100 2621 4153 per
2636 4098 2827 4153 panem
2851 4084 2917 4137 ad
2933 4084 3239 4152 exemplum
3268 4083 3509 4149 Domini,

1946 4181 2109 4243 atque
2145 4172 2244 4226 hoc
2276 4172 2431 4226 titulo
2470 4174 2754 4227 sanctilicii
2809 4173 3001 4227 oblata:
3045 4182 3097 4227 et
3151 4189 3247 4243 per
3314 4182 3514 4245 myste-

1947 4267 2155 4320 riorum
2215 4265 2588 4333 operationem
2632 4276 2685 4318 et
2751 4265 3004 4319 unionem
3061 4266 3415 4320 sanctiﬁcata:
3451 4266 3509 4319 in

1948 4373 2044 4414 eos
2077 4373 2295 4428 quoque
2317 4372 2550 4427 quorum
2582 4356 2757 4410 locum
2788 4348 2997 4420 tenent,
3023 4356 3510 4411 sattctilicatioueut

1951 4448 2264 4508 conferunt.
2286 4449 2555 4517 nobisque
2577 4448 2709 4515 ipsis
2744 4463 2838 4516 per
2870 4458 3088 4502 sanctos
3117 4448 3516 4504 transmittunt.

1950 4538 2016 4592 Et
2076 4538 2179 4593 hoc
2225 4555 2319 4606 per
2376 4554 2568 4605 preces
2592 4538 2649 4592 lit
2679 4539 2723 4593 si
2759 4552 2946 4592 eorum
3004 4554 3274 4594 memores
3301 4540 3515 4608 templis

1950 4646 2141 4686 eorum
2201 4642 2293 4686 aut
2320 4631 2567 4700 reliquiis
2625 4641 2719 4686 aut
2751 4631 3086 4700 imaginibus
3115 4632 3516 4700 appropinqua-

1952 4738 2093 4776 mus.
2130 4721 2264 4775 Dum
2290 4724 2437 4775 enim
2470 4724 2645 4777 sancti
2680 4723 2781 4790 ipsi
2830 4738 2859 4775 a
2887 4723 2995 4776 Deo
3051 4723 3357 4777 immediate
3386 4738 3513 4776 san-

1953 4813 2284 4876 etilicantur,
2335 4827 2436 4865 nos
2470 4813 2725 4879 deinceps
2783 4812 3147 4866 sanctiﬁcant.
3201 4810 3356 4875 Quod
3382 4811 3424 4863 si
3458 4812 3513 4864 in

1950 4905 2160 4958 caeteris
2203 4917 2386 4970 preces
2426 4914 2639 4956 nostras
2668 4901 2771 4954 laeti
2800 4913 3051 4969 acceptas
3083 4900 3346 4964 referunt,
3373 4899 3514 4951 mul-

1949 4980 2005 5067 to
2033 4994 2260 5064 gratiori
2292 4993 2476 5047 animo
2541 5008 2633 5047 eas
2685 4994 2739 5046 in
2772 4993 3044 5053 sacrilicio
3113 5007 3176 5047 ac
3241 4992 3514 5062 mysteriis

1947 5083 2237 5150 recipient.
2282 5078 2415 5134 Nam
2467 5082 2513 5135 si
2559 5081 2993 5135 immaterialiter
3040 5089 3095 5135 et
3154 5080 3514 5149 spiritualiter

1946 5174 2224 5229 Christum
2257 5173 2308 5226 in
2345 5172 2542 5226 animis
2579 5175 2864 5243 recipiunt,
2931 5189 3024 5241 per
3076 5171 3401 5226 sacriﬁcium
3459 5172 3513 5225 in

1946 5279 2059 5329 quo
2091 5279 2149 5317 se
2176 5264 2380 5317 mundo
2434 5263 2652 5325 obtulit,
2689 5278 2957 5317 summam
2988 5261 3216 5330 gloriam
3238 5263 3511 5327 obtinent,

1944 5354 2071 5423 quia
2107 5361 2463 5423 cooperantes
2500 5353 2999 5421 conglorilicautur.
3033 5352 3136 5406 Sed
3166 5352 3335 5406 divini
3379 5368 3515 5421 qua-

1952 5462 2058 5515 quc
2090 5445 2266 5514 angeli
2329 5453 2515 5513 utpote
2548 5445 2835 5498 nobiscum
2868 5443 3174 5511 conjuncti,
3230 5453 3285 5499 et
3323 5444 3376 5498 in
3401 5460 3517 5514 tuy-

1951 5538 2119 5590 stcrio
2144 5544 2518 5602 cooperantcs,
2578 5534 2765 5603 gratiae
2787 5541 3069 5603 compotes
3127 5534 3280 5591 liunt.
3316 5534 3514 5588 Praeci-

1950 5644 2056 5696 pue
2092 5638 2273 5681 autetu
2336 5625 2428 5679 Dei
2456 5624 2614 5680 Verbi
2643 5625 2835 5690 Mater,
2874 5641 3081 5696 magna:
3112 5626 3514 5681 incarnationis

1946 5736 2119 5784 serra,
2185 5718 2377 5773 divinae
2451 5718 2669 5774 uttiouis
2733 5718 2967 5787 oﬂiciua,
3020 5719 3198 5790 magni
3256 5719 3510 5775 sacriﬁcii
