4044 6198
271 328 350 386 m
1465 331 1558 385 υιι
1598 331 1838 385 saeua
1870 333 2262 393 Ll'l‘URGIA.

3401 343 3506 409 293

237 467 242 479 '
268 473 374 536 ξεως
394 479 408 494 ⁸
446 465 584 535 μετὰ
603 466 658 526 δὲ
686 465 906 529 τοῦτους
947 465 1050 536 πρὸ
1080 465 1188 519 τῶν
1239 465 1400 536 ίερῶν
1441 467 1624 520 πυλῶν
1655 467 1804 521 ἄλλοι

1937 469 2024 523 nis
2088 470 2589 542 liturgicidiacom.
2631 473 2760 534 Post
2827 479 2974 550 ipsos
3008 491 3188 536 autem
3257 485 3346 538 alii
3407 489 3504 554 qui

268 561 586 618 ὑποδιάκονοί
639 577 720 625 τε,
779 559 872 612 καὶ
919 559 1016 612 σὺν
1087 559 1272 622 αὐτοῖς
1328 559 1706 627 ἁναγνώσταις
1767 561 1814 612 οί

267 649 476 720 ὑμνῳδοί
503 666 516 680 ·
553 646 793 719 μεθ”οὒς
875 647 1032 700 πάλιν
1067 646 1416 701 κοινωνοῦσιν
1444 649 1491 701 οἱ
1517 647 1608 700 τοῦ
1647 667 1814 718 μονα-

263 741 394 812 χικοῦ
421 742 702 810 σχήματος
721 781 735 804 ,
765 737 839 801 ὡς
872 737 1198 808 προέχοντες
1227 739 1320 792 τοῦ
1357 738 1510 792 λαοῦ.
1537 741 1645 791 Καὶ
1677 741 1814 808 μετά

261 833 454 896 τούτους
503 832 644 886 κατὰ
674 831 827 898 τάξιν
883 825 1040 893 αὖθις
1091 831 1139 882 οί
1170 831 1367 884 λαῖκοί.
1410 831 1544 884 Οὐδὲ
1582 831 1690 902 γάρ
1724 833 1813 883 καὶ

261 923 382 978 οὗτοι
411 925 612 986 πάντες
643 921 860 991 ἐπίσης.
891 919 954 973 Oi
983 919 1084 987 μὲν
1117 919 1226 989 γάρ
1251 918 1432 979 καλῶς
1461 918 1729 986 ⁸ἵστανται,
1762 923 1811 974 οἱ

259 1017 306 1071 δὲ
336 1014 710 1096 μετανοοῦντες
741 1013 898 1066 εἰσιν.
963 1013 1030 1064 ’Δ
1083 1010 1162 1080 δὴ,
1211 1010 1388 1064 πάντα
1433 997 1666 1066 ἑκάστου
1705 1012 1813 1065 τῶν

260 1108 572 1178 μετεχόντων
601 1103 735 1160 Θεοῦ
777 1104 875 1174 τήν
922 1120 980 1155 τε
1007 1103 1162 1168 τάξιν
1208 1101 1361 1174 δηλοῖ
1394 1105 1490 1158 καὶ
1521 1105 1809 1184 άνάῦασιν,

259 1199 404 1252 καὶτὸ
428 1196 684 1267 ἁρμόδιον
715 1195 806 1248 καὶ
831 1195 1040 1264 πρέπον
1069 1195 1166 1264 τῆς
1203 1197 1506 1258 κοινωνίας.
1553 1195 1613 1250 Ὀ
1636 1199 1814 1249 ἀσπα-

187 1357 196 1362 ,
257 1291 374 1362 σμὸς
418 1292 474 1342 δὲ
509 1293 606 1342 σὺν
646 1290 712 1359 τῇ
745 1287 1004 1358 ὁμολογίᾳ
1045 1287 1142 1356 τῆς
1173 1288 1445 1351 πίστεως,
1475 1287 1571 1358 τὴν
1602 1289 1693 1340 ἐπὶ
1743 1291 1810 1358 τῇ

253 1383 493 1454 ὁμολογίᾳ
522 1382 616 1435 τοῦ
639 1383 773 1435 Θεοῦ
813 1379 1130 1450 συμφωνίαν
1157 1382 1253 1434 καὶ
1279 1381 1377 1450 τὴν
1405 1381 1628 1450 εἰρήνην
1663 1381 1813 1450 δηλοῖ

253 1479 336 1531 καὶ
363 1477 456 1547 τὴν
485 1475 729 1544 ἀγάπην.
784 1473 938 1526 Μετὰ
989 1473 1043 1526 δέ
1075 1489 1136 1540 γε
1174 1472 1266 1526 τὸν
1315 1473 1608 1541 ἀσπασμὸν
1641 1473 1672 1542 ἡ
1701 1469 1809 1526 τῶν

255 1567 550 1638 μυστηρίων
621 1565 902 1636 ἱερουργία
936 1567 998 1635 τῇ
1050 1565 1332 1636 ἐπικλήσει
1360 1563 1454 1618 τοῦ
1497 1564 1810 1634 Πνεῦματος

251 1658 464 1726 γίνεται.
499 1656 626 1708 Ὀτι
665 1655 760 1726 μία
791 1655 824 1724 ἠ
869 1655 1095 1723 δύναμις
1133 1655 1234 1722 τῆς
1265 1641 1541 1726 Ἴριάδος,
1589 1658 1683 1709 καὶ
1712 1654 1806 1708 τοῦ

252 1751 366 1804 Υὶοῦ
415 1748 810 1818 σαρκωθέντος,
843 1748 870 1800 6
911 1747 1099 1818 Πατὴρ
1125 1746 1360 1800 εὖδοκῶν
1399 1741 1490 1818 ῆν,
1525 1749 1553 1800 6
1579 1747 1706 1809 Υἱὸς
1750 1747 1806 1800 δὲ

1918 570 2065 616 stant
2122 571 2248 617 ante
2303 561 2447 619 fores
2508 581 2713 632 sacras,
2765 569 3196 642 subdiacouique
3249 588 3312 628 ac
3369 591 3496 632 cum

1919 651 2054 720 ipsis
2088 653 2382 708 lectoribus
2415 665 2692 711 cantores.
2725 657 2854 714 Post
2884 660 3020 715 istos
3077 663 3216 718 dona
3247 680 3495 720 commu-

1919 741 2105 796 nicant
2136 743 2186 796 Ιιί
2213 745 2306 813 qui
2335 749 2462 799 sunt
2496 749 2786 803 monastici
2825 759 3017 811 status.
3079 763 3331 824 tanquam
3391 773 3486 826 po-

1917 834 2099 902 pulum
2133 823 2518 904 prteredentes.
2584 837 2645 892 Et
2685 852 2808 909 post
2849 841 3006 906 istos,
3040 823 3342 900 secundum
3394 823 3490 900 *οι-ο

1915 925 2117 991 dinem,
2151 927 2346 980 iterum
2383 928 2501 984 laici
2536 946 2550 996 ;
2626 945 2729 985 non
2761 933 2902 987 enim
2972 945 3024 989 et
3057 935 3109 990 hi
3143 947 3270 990 sunt
3297 954 3488 994 omnes

1913 1019 2232 1086 aequaliter;
2287 1019 2380 1073 alii
2415 1036 2645 1090 namque
2695 1023 3084 1082 honorabiliter
3112 1029 3348 1096 adstant,
3405 1033 3493 1085 alii

1916 1123 2044 1162 vero
2097 1111 2419 1177 poenitentes
2453 1121 2620 1168 sunt:
2659 1131 2780 1186 quae
2810 1127 3004 1173 cuncta
3061 1122 3492 1193 uniuscujusque

1915 1203 2434 1258 communicantium
2501 1205 2608 1261 Deo
2666 1210 2913 1264 ordinem
2971 1221 3026 1266 et
3079 1216 3487 1278 ascensionem,

1914 1299 1964 1344 et
2016 1295 2464 1359 concinnitatem,
2522 1307 2578 1351 et
2635 1301 3068 1356 convenientiam
3141 1308 3486 1362 communio-

1913 1383 2000 1438 nis
2050 1385 2359 1440 ostcndunt.
2421 1389 2762 1456 Amplexatio
2799 1407 2922 1446 cum
2961 1394 3082 1449 ﬁdei
3124 1397 3474 1454 confessimte

1913 1477 2264 1531 concordiam
2304 1489 2358 1534 et
2419 1495 2603 1550 pacem
2660 1493 2712 1538 et
2761 1484 3104 1542 dilectionem
3157 1489 3210 1543 in
3263 1490 3481 1546 cenl'es-

1913 1565 2065 1620 sione
2123 1566 2216 1622 Dei
2243 1569 2536 1638 signiﬁcat.
2595 1571 2726 1627 Post
2794 1585 2974 1632 autem
3031 1579 3484 1646 amplexationeut

1913 1661 2296 1727 mysteriorum
2334 1664 2578 1732 operatio
2626 1681 2782 1720 sacra
2817 1669 2874 1722 ﬁt
2904 1669 3250 1726 inuocatione
3307 1670 3482 1742 Spiri-

1915 1755 2038 1815 tus;
2093 1754 2350 1820 quoniam
2381 1771 2487 1810 una
2546 1767 2628 1812 est
2663 1770 2904 1828 potestas
2934 1763 3238 1824 Trinitatis.
3272 1775 3324 1820 et
3359 1783 3482 1822 cum

250 1842 572 1913 αὐτουργῶν,
615 1843 710 1895 καὶ
739 1841 800 1894 τὸ
829 1841 1050 1910 Πνεῦμα
1095 1839 1394 1910 συνερ’γοῦν
1435 1841 1495 1894 τδ
1519 1841 1805 1910 πανάγιον.

1915 1839 2084 1895 Filius
2107 1857 2237 1899 caro
2283 1843 2458 1902 factus
2515 1858 2622 1913 est,
2650 1849 2812 1907 Pater
2847 1863 2966 1908 erat
3013 1855 3361 1922 benevolens,
3398 1857 3486 1911 Fi-

245 1935 382 1990 Μετὰ
405 1935 462 1986 δὲ
487 1935 588 2004 τὴν
619 1931 934 2002 ἱερουργίαν
968 1933 1004 1998 ἡ
1031 1932 1178 2002 ὑπὲρ
1213 1933 1469 1986 ἁπάντων
1500 1933 1808 2002 ἀνάμνησις

243 2030 320 2083 διὰ
343 2027 400 2080 τὸ
423 2025 770 2096 σωτηριῶδες
795 2025 895 2095 τῆς
944 2023 1152 2086 θυσίας.
1199 2025 1306 2076 Καὶ
1339 2024 1447 2076 τῶν
1486 2023 1658 2091 ἁγίων
1684 2023 1740 2076 δὲ
1773 2025 1806 2090 ἡ

243 2119 584 2189 ἁνακήρυξις,
633 2117 716 2170 ὅτι
765 2114 1068 2169 συνέπαθον
1109 2114 1280 2184 αὐτῷ,
1307 2115 1402 2168 καὶ
1432 2109 1526 2168 νῦν
1558 2113 1810 2179 συνδοξά-

242 2214 432 2279 ζονται.
479 2209 804 2278 Ἐξαιρέτως
854 2208 910 2261 δὲ
952 2210 984 2278 ἡ
1038 2209 1140 2278 τῆς
1173 2209 1454 2276 Παναγίας
1513 2207 1604 2261 καὶ
1639 2207 1808 2278 μόνης

241 2305 494 2360 Θεοτόκου
525 2303 854 2372 ἀνάμνησις,
883 2301 966 2354 ὅτι
1004 2301 1099 2354 καὶ
1138 2301 1233 2355 νῦν
1269 2301 1360 2355 καὶ
1391 2300 1514 2354 τότε
1547 2299 1606 2352 τδ
1631 2299 1807 2352 κοινόν

239 2398 348 2450 ἐστι
371 2393 572 2455 παντὸς
603 2393 810 2460 κόσμου
872 2391 1140 2462 σωτήριον
1164 2407 1178 2421 ·
1221 2392 1286 2462 ἣν
1320 2391 1414 2444 καὶ
1449 2390 1648 2452 πάντες
1678 2392 1805 2441 cive-

239 2486 492 2556 μνοῦμεν,
529 2485 656 2536 ἐπεὶ
698 2483 791 2534 καὶ
825 2479 894 2534 δι’
923 2480 1099 2550 αὐτῆς
1145 2480 1244 2548 τὴν
1285 2475 1562 2551 σωτηρίαν
1593 2479 1806 2544 ἐλπίζο-

243 2597 350 2647 μεν.
377 2579 530 2631 Mevi
557 2575 616 2628 δὲ
650 2573 749 2645 τὴν
785 2573 1009 2644 μνήμην
1059 2574 1316 2627 ἁπάντων
1347 2575 1379 2642 ἡ
1409 2573 1624 2640 αἴτησις
1659 2575 1807 2642 παρά

241 2667 324 2723 τοῦ
353 2668 657 2740 ἀρχιερέως
698 2665 888 2736 ὥσπερ
923 2665 1342 2735 ἐπισφράγισμα
1385 2667 1492 2720 τῶν
1537 2667 1807 2732 αἰτήσεων

241 2762 482 2827 ἁπασῶν,
505 2760 646 2814 ὥστε
671 2758 855 2832 δοῦναι
889 2759 947 2810 ὲν
979 2757 1059 2810 ἐνὶ
1084 2758 1316 2827 στόματι
1346 2759 1438 2811 καὶ
1473 2759 1574 2830 μιᾷ
1609 2759 1806 2828 καρδίᾳ.

237 2854 394 2907 αὐτὸν
426 2851 674 2918 δοξάζειν
705 2851 796 2905 τὸν
828 2851 886 2904 ὲν
918 2849 1112 2921 Τριάδι
1139 2848 1292 2914 Θεὸν,
1328 2850 1516 2904 καὶτὰ
1563 2851 1684 2920 ὲλὲη
1710 2852 1804 2904 τοῦ

235 2946 608 3018 σαρκωθὲντος
662 2946 758 2999 κα)⁵
799 2943 1051 3006 τυθέντος
1082 2943 1223 3012 ὑπὲρ
1259 2941 1415 3011 ἡμῶν
1449 2943 1544 2996 καὶ
1583 2944 1808 3036 ίερο.υρ·

229 3041 491 3114 γῆθεντος
513 3041 608 3094 καὶ
635 3038 995 3110 προκειμένου
1036 3035 1212 3108 Ἰησοῦ
1253 3036 1489 3105 Χριστοῦ
1513 3035 1604 3088 τοῦ
1637 3035 1804 3106 μεγά-

1913 1929 2040 1986 1ἱιιε·
2069 1945 2249 1988 autem
2285 1951 2380 2004 per
2413 1953 2472 1992 se
2528 1953 2718 2009 agens,
2743 1951 2794 1995 et
2827 1942 3066 2010 Spiritus
3101 1955 3326 2000 sanctus
3357 1962 3482 2002 coo-

1913 2037 2128 2091 perans.
2159 2024 2285 2080 Post
2314 2041 2524 2082 Sacram
2548 2033 2918 2099 Operationem
2946 2035 3002 2088 ﬁt
3033 2049 3194 2104 super
3227 2037 3480 2092 omnibus

1911 2115 2172 2168 memoria
2239 2127 2456 2188 propter
2491 2121 2745 2178 virtutem
2803 2123 2996 2178 lwstiae
3026 2125 3390 2190 salutiferam,
3427 2136 3484 2180 et

1911 2213 2226 2260 sanctorum
2290 2212 2646 2278 praeconium,
2706 2229 2770 2268 eo
2797 2215 2944 2283 quod
2999 2232 3123 2271 cum
3183 2221 3302 2287 ipso
3333 2219 3479 2288 passi

1910 2304 2060 2360 sunt,
2115 2305 2167 2351 et
2245 2313 2391 2354 nunc
2462 2301 2983 2371 congloriﬁcantur;
3042 2314 3095 2359 et
3155 2308 3486 2362 excellenter

1910 2387 2272 2444 sanctissima:
2339 2391 2620 2462 tunicaeque
2695 2393 2936 2463 Deiparae
3001 2398 3321 2462 recordatio,
3352 2415 3486 2466 quo-

1912 2479 2053 2532 niam
2078 2491 2130 2533 et
2155 2495 2294 2534 nunc
2323 2491 2374 2536 et
2406 2491 2533 2538 tunc
2581 2487 2887 2541 communis
2917 2496 3002 2543 est
3042 2489 3187 2545 salus
3241 2491 3484 2546 unin'rsi

1911 2570 2118 2636 tuundi,
2148 2587 2312 2642 quam
2338 2575 2502 2628 etiam
2525 2591 2716 2632 omnes
2738 2579 3099 2646 celebramus,
3120 2597 3183 2636 co
3212 2583 3354 2652 quod
3389 2600 3484 2654 per

1910 2663 2079 2730 ipsam
2114 2679 2396 2733 speramus
2427 2667 2683 2724 salutem.
2728 2669 2856 2726 Post
2883 2673 3127 2726 omnium
3165 2677 3480 2728 memoriam

1909 2756 2085 2809 oratio
2115 2755 2173 2809 lit
2201 2771 2228 2808 a
2261 2757 2539 2826 pontiﬁce,
2563 2770 2817 2832 tanquam
2873 2763 3116 2816 omnium
3170 2766 3478 2820 orationum

1909 2849 2168 2916 sigillum,
2204 2859 2272 2910 ,ιιι
2333 2855 2412 2906 sic
2470 2853 2629 2907 detur
2683 2853 2737 2907 in
2793 2868 2901 2909 uno
2949 2869 3045 2910 ore
3074 2871 3289 2926 unoque
3317 2858 3481 2912 corde

1911 2941 2086 3010 ipsum
2118 2942 2626 3012 gloriﬁcare'Deum
2660 2946 2712 2998 in
2745 2943 3012 3001 Trinitate
3030 2959 3396 3016 constantem,
3426 2958 3480 3002 et.

1911 3033 2289 3088 miserationes
2323 3035 2444 3104 ejus
2498 3036 2590 3102 qui
2645 3053 2741 3106 pro
2807 3039 2966 3092 nobis
3026 3038 3363 3102 incarnatus,
3423 3051 3478 3094 et

227 3135 318 3186 λου
349 3133 488 3188 Θεοῦ
515 3128 655 3186 εἶναι
687 3133 916 3185 πάντοτε
955 3129 1074 3200 μεθ’
1102 3131 1132 3196 ἡ
1143 3129 1278 3199 μῶν.
1319 3129 1550 3181 Ἔπειτα
1578 3129 1674 3200 τὴν
1703 3129 1802 3196 τῆς

1911 3122 2237 3190 immolatus,
2271 3133 2322 3180 et
2351 3127 2402 3180 in
2425 3127 2694 3181 sacriﬁcio
2721 3129 2958 3193 oblatus,
3007 3129 3474 3195 Jesus-Cliristus,

229 3227 504 3289 υἱοθεσίας
555 3225 715 3296 χάριν
745 3225 802 3276 ὲν
850 3223 982 3292 ἡμῖν
1027 3221 1055 3273 6
1115 3219 1380 3291 ἱεράρχης
1414 3219 1803 3289 προσεύχεται,

225 3319 321 3374 καὶ
342 3317 640 3384 ὲξαιτεῖται
661 3313 1062 3384 καταξιωθῆναι
1082 3313 1246 3382 ἡμᾶς,
1270 3311 1426 3382 112
1445 3309 1530 3364 διά
1551 3309 1644 3364 τοῦ
1665 3310 1806 3362 κατὰ

221 3413 394 3479 φύσιν
437 3407 572 3462 Υίοῦ
599 3407 699 3478 ἤδη
731 3405 1028 3473 τεθυμένου
1053 3406 1160 3467 τοῖς
1212 3403 1532 3473 μυστηρίοις
1551 3401 1647 3454 καὶ
1677 3417 1808 3471 προ-

220 3503 514 3572 κειμένου,
547 3499 734 3554 καλεῖν
775 3498 924 3566 ἡμᾶς
965 3495 1204 3566 Πατέρα,
1243 3495 1368 3556 τοὺς
1389 3493 1550 3563 φύσει
1577 3491 1807 3562 κτίσμα-

218 3597 292 3649 τά
322 3611 384 3648 τε
423 3593 518 3645 καὶ
539 3591 782 3656 δούλους,
813 3589 904 3642 τὸν
957 3587 1090 3640 Θεὸν
1143 3587 1232 3639 τὸν
1279 3585 1620 3655 ἐπουράνιον.
1652 3583 1806 3638 Μετὰ

221 3685 282 3737 δὲ
325 3683 434 3753 τὴν
470 3679 779 3750 προσευχὴν
807 3679 902 3733 καὶ
955 3677 1054 3748 τὴν
1099 3679 1324 3749 είρήνην
1379 3679 1475 3730 καὶ
1504 3678 1606 3746 τὴν
1631 3677 1808 3729 κλίσιν

221 3777 324 3844 τῆς
355 3773 626 3843 κεφαλῆς,
677 3771 714 3826 ἃ
746 3771 811 3840 δὴ
846 3770 943 3842 τὴν
974 3769 1108 3839 πρὸς
1147 3769 1278 3822 Θεὸν
1323 3768 1564 3822 δουλείαν
1591 3767 1808 3837 δηλοῦσι

221 3869 320 3920 καὶ
345 3868 572 3930 ἕνωσιν,
597 3867 632 3936 ἡ
661 3853 757 3918 τοῦ
793 3863 1079 3934 ζωηφόρου
1123 3863 1296 3933 ἄρτου
1338 3862 1541 3930 γίνεται
1577 3859 1804 3930 ὕψωσις,

216 3959 402 4029 αὐτὴν
435 3956 686 4010 τυποῦσα
735 3955 834 4026 τὴν
863 3955 1005 4023 ὑπὲρ
1029 3953 1187 4023 ἡμῶν
1235 3951 1330 4006 τοῦ
1363 3953 1616 4022 Σωτῆρος
1646 3951 1806 4003 σταύ-

219 4066 401 4119 ρωσιν
425 4065 440 4079 ·
477 4049 576 4100 καὶ
607 4047 668 4100 τὸ
693 4045 854 4100 αὑτὸν
880 4045 974 4097 τὸν
1005 4045 1048 4096 Χ
1059 4043 1241 4114 ριστὺν
1262 4042 1456 4107 ἐλθεῖν,
1492 4042 1587 4094 καὶ
1612 4037 1806 4093 ἑαυτοῦ

213 4141 360 4210 ἡμῖν
399 4137 746 4210 μεταδοῦναι,
777 4138 858 4191 ὅτι
885 4137 980 4190 καὶ
1019 4128 1174 4198 οὗτός
1204 4136 1350 4188 ἐστιν
1397 4137 1424 4187 6
1472 4133 1612 4203 ὑπὲρ
1653 4133 1808 4204 ἡμῶν

223 4232 594 4302 σταυρωθεις,
617 4231 712 4283 καὶ
738 4229 899 4282 αὐτὸν
923 4228 1190 4281 δείκνυσιν
1208 4228 1341 4296 ἡμῖν
1372 4225 1648 4294 μυστικῶς
1669 4225 1809 4296 ὑπὲρ

217 4323 388 4392 ἡμῶν
407 4323 734 4376 πεπονθότα.
782 4321 872 4374 Διὸ
921 4321 1015 4374 καὶ
1077 4337 1097 4371 ι
1132 4319 1516 4389 Προσὲχωμεν,
1555 4337 1575 4370 ι
1619 4319 1804 4390 ἐκϐοᾷ,

221 4415 370 4467 ὥστε
401 4415 604 4482 γνῶναι
643 4413 792 4482 ἡμᾶς
817 4411 878 4465 τὸ
927 4412 1246 4481 μυστήριον.
1291 4409 1400 4463 Καὶ
1437 4409 1651 4476 ἐπάγει,
1684 4426 1702 4459 ι
1725 4407 1805 4460 Τὰ

225 4505 402 4574 Ἅγια
429 4508 540 4569 τοῖς
571 4505 749 4573 ἁγίοις
769 4519 782 4532 ·
817 4523 835 4554 ι
868 4501 1060 4573 δηλῶν,
1099 4500 1172 4564 ὡς
1203 4504 1230 4554 ὁ
1262 4499 1592 4571 σταυρωθεὶς
1629 4499 1804 4567 ἃγιος,

227 4597 328 4648 καὶ
363 4598 416 4650 οἱ
461 4597 650 4650 τούτου
690 4597 908 4664 μέτοχοι
957 4593 1104 4658 ἅγιοι
1158 4591 1466 4659 ὀφείλουσιν
1495 4585 1658 4654 εἶναι,
1710 4589 1804 4640 καὶ

229 4690 417 4741 πίστει
451 4681 650 4750 πάντες
678 4687 895 4757 βοῶσιν,
941 4703 960 4736 ι
993 4679 1090 4748 Εἷς
1124 4683 1301 4750 ἅγιος,
1349 4679 1428 4746 εἷς
1455 4681 1658 4750 Κύριος
1701 4679 1804 4749 Ἰη-

235 4779 364 4842 σοῦς
395 4781 649 4849 Χριστὸς,
677 4797 698 4830 ι
745 4779 842 4848 τὴν
871 4776 1166 4846 ὁμολογίαν
1195 4775 1468 4843 λέγοντες,
1499 4773 1622 4844 ἥτις
1649 4769 1804 4824 ἔσται

231 4873 326 4924 καὶ
354 4875 412 4924 ἐν
457 4872 536 4940 τῷ
570 4871 840 4941 μέλλοντι,
865 4873 940 4927 ὡς
967 4867 1174 4930 Παῦλός
1213 4883 1366 4937 φησι.
1398 4865 1498 4918 Διὰ
1534 4865 1643 4933 γὰρ
1678 4863 1801 4916 τοῦ·

229 4979 322 5013 του
351 4962 444 5015 τοῦ
489 4959 810 5032 μονογενοῦς
833 4947 972 5013 ’Υἱοῦ
1001 4960 1386 5031 σαρκωθέντος
1429 4959 1520 5011 καὶ
1564 4971 1808 5024 σταυρω-

229 5053 412 5118 Ofe-:0;
445 5053 792 5125 ήγιάσθημέν
832 5069 894 5106 τε
957 5054 1053 5106 καὶ
1101 5053 1198 5105 τοῦ
1257 5051 1490 5104 Θανάτου
1531 5047 1808 5120 ἔρῤύσθη-

229 5162 356 5213 μιν,
406 5149 504 5200 καὶ
561 5146 662 5216 τῆς
726 5144 1034 5206 ἀθανασίας·
1066 5145 1331 5212 ἐτύχομεν
1361 5158 1374 5173 ·
1431 5141 1489 5202 ὃς
1544 5141 1640 5192 καὶ
1685 5139 1808 5192 τότε

225 5235 380 5288 ἔσται
411 5239 546 5305 ἡμῖν
575 5233 778 5304 θεωρία
800 5251 859 5286 τε
879 5233 972 5286 καὶ
1007 5231 1328 5308 ἀπόλαυσις,
1346 5231 1429 5284 ὅτι
1461 5230 1810 5299 ἀπεθάνομεν

221 5328 497 5400 πρότερον
553 5327 672 5397 μὲν,
709 5323 913 5401 ἱσοθεῖᾳ
949 5323 1267 5385 κλαπέντες,
1303 5324 1398 5374 καὶ
1434 5322 1582 5392 παρὰ
1613 5320 1802 5390 καιρὸν

218 5420 488 5474 ἀθάνατοι
544 5422 642 5472 καὶ
672 5417 786 5470 θεοὶ
811 5415 1064 5484 γενέσθαι
1108 5413 1422 5484 ζητοῦντες,
1454 5415 1762 5482 γεγόναμεν
1783 5427 1798 5443 ο

215 5508 398 5562 νῦνδὲ
425 5512 756 5579 ἀνέστημεν,
793 5508 884 5561 καὶ
930 5507 1134 5576 ζῶμεν,
1181 5507 1276 5560 καὶ
1303 5504 1440 5558 Θεοῦ
1503 5505 1802 5575 μετέχομεν

211 5601 328 5652 τῶν
363 5603 632 5671 χαρίτων,
661 5601 758 5653 καὶ
789 5599 900 5652 θεοί
933 5601 1124 5668 ἐσμεν,
1157 5597 1232 5662 ὡς
1257 5599 1368 5651 τῶν
1405 5601 1469 5667 τῇ
1497 5599 1804 5669 παραϐάσει

205 5689 482 5747 ἐναντίων
535 5692 634 5746 νῦν
687 5692 1020 5760 γεγονότων,
1071 5691 1166 5745 τοῦ
1229 5692 1364 5745 Θεοῦ
1425 5691 1800 5762 σαρκωθέντος

203 5785 306 5834 το]
345 5784 624 5840 ἀθανάτου
651 5783 794 5852 ὑπὲρ
824 5783 984 5852 ἡμῶν
1003 5783 1142 5845 ,ικαὶ
1173 5781 1362 5836 δούλου
1402 5785 1615 5853 μορφὴν
1647 5785 1798 5836 ἐνδυ-

287 5871 302 5882 “
551 5884 820 5942 ίἈΤιιυῐ..
879 5877 994 5936 Gn.
1040 5873 1210 5934 CLV,

1911 3229 2134 3285 magnus
2183 3215 2342 3282 Deus,
2402 3233 2617 3288 semper
2669 3234 2790 3274 esse
2877 3221 3163 3275 nobiscum
3225 3223 3478 3277 intendit.

1911 3303 2102 3360 Postea
2153 3306 2430 3362 ﬁliationis
2483 3309 2716 3378 gratiam
2774 3310 2826 3364 in
2869 3311 3024 3365 nobis
3049 3311 3165 3365 ﬁeri
3221 3323 3478 3380 precatur

1909 3399 2168 3453 sacerdos
2201 3409 2495 3469 exoratque
2519 3415 2614 3455 nos
2653 3400 2768 3454 ﬁeri
2797 3402 2992 3471 dignos
3022 3418 3117 3472 per
3151 3403 3343 3458 Filium
3378 3419 3474 3458 na-

1911 3486 2137 3540 turalem
2167 3486 2279 3554 jam
2323 3487 2662 3542 immolatum
2713 3504 2776 3544 ac
2797 3490 3092 3558 iacentem,
3131 3481 3206 3546 tut
3235 3509 3334 3548 nos
3389 3509 3484 3546 vo-

1909 3589 2094 3630 cemus
2134 3577 2371 3644 Patrem,
2409 3593 2507 3631 nos
2537 3577 2628 3646 qui
2683 3587 2874 3634 natura
2905 3597 3092 3637 sumus
3121 3569 3398 3637 creaturae.
3415 3599 3479 3639 ac

1910 3668 2071 3732 servi,
2110 3667 2273 3722 Deum
2304 3671 2394 3739 qui
2422 3670 2474 3724 in
2497 3674 2650 3728 caelis
2677 3683 2782 3728 est.
2821 3675 2948 3730 Post
2983 3675 3122 3730 banc
3151 3685 3330 3729 autem
3359 3691 3478 3730 ora-

1910 3759 2110 3814 lionem
2135 3771 2184 3814 et
2205 3775 2388 3830 pacem
2415 3773 2464 3816 et
2487 3765 2679 3833 capitis
2715 3765 3140 3840 inclinationem,
3168 3781 3288 3834 quae
3307 3769 3479 3822 servi-

1911 3858 2074 3904 tutem
2095 3865 2158 3905 ac
2183 3853 2434 3906 unionem
2461 3855 2525 3906 ad
2547 3853 2715 3908 Deum
2736 3856 3067 3926 signiﬁcant,
3089 3855 3284 3910 viviﬁci
3321 3860 3476 3927 panis

1911 3941 1968 3995 ﬁt
1989 3942 2241 4008 olevatio,
2258 3946 2428 4012 ipsam
2449 3945 2689 4012 ﬁgurans
2711 3961 2810 4014 pro
2844 3949 3001 4001 nobis
3025 3950 3324 4004 Salvatoris
3351 3965 3478 4005 cru—

1909 4033 2242 4100 ciﬁxionem,
2295 4047 2505 4088 necnon
2568 4036 2750 4104 ipsum
2804 4037 3082 4093 Christum
3137 4043 3373 4110 venisse,
3414 4059 3478 4098 ac

1910 4126 2258 4194 semetipsum
2316 4126 2606 4183 tradidisse
2661 4144 2758 4198 pro
2819 4130 3018 4184 nobis:
3076 4133 3192 4200 ipse
3244 4149 3476 4204 namque

1908 4228 1992 4272 est
2041 4219 2134 4288 qui
2178 4233 2280 4288 pro
2336 4219 2488 4273 nobis
2559 4219 2854 4276 cruciﬁxus
2916 4230 3020 4288 est,
3055 4231 3110 4277 et
3165 4224 3341 4293 ipsum
3385 4229 3478 4284 illa

1911 4309 2066 4364 nobis
2111 4309 2346 4364 ostendit
2377 4312 2604 4382 mystice
2653 4325 2752 4380 pro
2807 4311 2964 4368 nobis
3025 4329 3263 4384 passum.
3322 4317 3478 4373 Ideo-

1911 4415 2016 4470 que
2067 4419 2086 4452 ι
2121 4401 2472 4457 Advertamus
2507 4420 2526 4452 ι
2589 4403 2804 4467 clamat,
2859 4415 2917 4458 ttt
2975 4423 3073 4461 nos
3128 4409 3480 4466 intendamus

1913 4494 2227 4563 mysterium
2253 4509 2268 4559 ;
2302 4499 2356 4548 et
2385 4493 2535 4548 addit
2559 4511 2574 4546 :
2603 4512 2622 4545 ι
2645 4493 2846 4550 Sancta
2877 4499 3081 4553 sanctis
3109 4518 3128 4551 ι
3160 4501 3479 4572 signiﬁcans

1912 4584 2056 4654 quod
2093 4583 2385 4638 cruciﬁxus
2427 4595 2511 4639 est
2548 4595 2770 4641 sanctus
2806 4587 2975 4642 etilli
3018 4590 3106 4658 qui
3136 4603 3263 4645 sunt
3309 4594 3480 4662 ipsius

1909 4677 2224 4746 participes,
2266 4676 2465 4731 debent
2491 4691 2614 4730 esse
2646 4679 2862 4744 sancti;
2904 4687 2978 4732 et‘
3000 4695 3186 4735 omnes
3227 4681 3331 4736 ﬁde
3361 4685 3478 4737 cla-

1912 4777 2061 4823 mant
2087 4786 2102 4822 :
2131 4786 2150 4820 ι
2185 4769 2336 4825 Unus
2366 4777 2603 4830 sanctus,
2631 4783 2770 4823 unus
2801 4769 3088 4837 Dominus,
3133 4770 3290 4826 Jesus
3317 4771 3478 4827 Chri-

1909 4870 2050 4926 stus,
2077 4879 2095 4910 ι
2121 4859 2520 4914 confessionem
2552 4860 2815 4928 dicentes,
2838 4875 2980 4930 quae,
3001 4865 3141 4918 sicut
3160 4865 3235 4917 ait
3253 4865 3476 4928 Paulus,

1907 4951 2010 5006 erit
2043 4952 2096 5004 in
2121 4952 2319 5005 sarculo
2357 4951 2542 5004 futuro
2581 4967 2596 5004 :
2635 4966 2730 5020 per
2769 4953 2915 5007 hunc
2950 4957 3094 5009 enim
3135 4957 3472 5026 unigenitum

1906 5041 2104 5096 Filium
2137 5041 2474 5095 incarnatum
2525 5049 2578 5095 et
2629 5033 2950 5100 cruciﬁxum
3003 5046 3320 5102 sanctiﬁcati
3381 5063 3475 5102 su-

1909 5151 2054 5200 mus,
2085 5143 2140 5188 et
2167 5149 2192 5186 a
2226 5139 2397 5186 morte
2423 5147 2614 5188 sumus
2638 5133 2872 5199 liberati,
2903 5136 3474 5206 immortalitatemque

1908 5227 2286 5288 obtinuimus;
2323 5235 2379 5279 et
2413 5225 2500 5278 ille
2529 5233 2660 5282 tunc
2709 5227 2867 5280 nobis
2898 5225 3002 5281 erit
3052 5228 3290 5299 jucunda
3333 5230 3474 5284 visio

1914 5333 2122 5374 necnon
2147 5315 2354 5372 fruitio.
2389 5315 2523 5369 Nam
2558 5319 2755 5370 mortui
2781 5319 3000 5388 quidem
3033 5301 3258 5384 fuimus,
3291 5335 3475 5390 aequa-

1912 5411 2118 5464 litatem
2154 5425 2275 5462 cum
2322 5408 2432 5462 Dee
2469 5408 2859 5478 subripientes,
2897 5419 2953 5463 et
2985 5421 3180 5480 praeter
3211 5423 3474 5482 Opportu-

1911 5505 2136 5558 nitatem
2192 5503 2528 5558 immortales
2581 5513 2635 5557 et
2687 5503 2760 5560 dii
2815 5505 2928 5558 ﬁeri
2967 5514 3312 5574 quaerentes;
3367 5509 3478 5562 nati

1912 5609 2040 5648 vero
2074 5608 2264 5648 sumus
2311 5607 2478 5660 nunc,
2509 5599 2674 5661 atque
2722 5594 3063 5649 surreximus
3113 5609 3178 5649 ac
3227 5595 3478 5662 vivimus,

1910 5697 1964 5742 ct
2001 5686 2092 5740 Dei
2123 5686 2414 5754 gratiarum
2449 5699 2641 5763 sumus
2683 5687 2996 5757 participes,
3025 5695 3282 5754 tauquam
3335 5705 3480 5744 con-

1915 5779 2098 5836 trariis
2137 5779 2524 5846 trangressioni
2557 5795 2702 5836 nunc
2739 5779 2914 5845 iactis,
2941 5795 3062 5833 cum
3095 5779 3235 5834 Deus
3260 5781 3482 5837 immor-

3037 5867 3104 5930 10
