4044 6198
149 380 277 482 301'
493 393 501 402 ’
1385 419 1482 480 DE
1513 415 1727 479 SACRI

1829 417 2194 479 .[TURGIA.

3300 417 3403 481 1302

148 507 382 596 δουλείας
424 533 519 586 καὶ
549 533 648 600 τῆς
677 531 770 585 τοῦ
789 499 1208 603 ὲσέαυρωμένου
1245 529 1533 601 ὁμολογίας
1559 547 1572 560 ·
1606 528 1727 582 ἐπεὶ

1841 527 2025 584 vitutis
2058 544 2120 585 ac
2153 529 2398 586 cruciflxi
2445 529 2818 586 confessionis
2856 529 3094 599 signum;
3133 528 3401 597 siquidem

149 629 232 681 καὶ
251 627 418 680 αὐτου
445 627 774 695 κοινωνῆσαι
808 624 1216 696 προσέρχεται·
1281 627 1372 679 καὶ
1405 622 1550 678 οὕτω
1583 622 1724 692 μετὰ

150 718 304 788 φόϐου
331 717 423 774 καὶ
450 717 654 787 φρίκης
675 717 768 769 καὶ
800 718 1187 780 ταπεινώσεως
1216 716 1447 786 καρδίας
1488 715 1722 785 προσέρ-

149 811 345 882 χεσθαι.
381 808 718 862 Κοινωνοῦσι
779 808 963 862 τοίνυν
1015 809 1219 871 εὐθύςο
1266 807 1480 877 πρῶτον
1520 809 1616 874 μὲν
1671 807 1721 858 οἱ

150 903 235 954 καὶ
279 899 506 953 πάντοτε
540 902 684 953 κατὰ
738 901 921 953 πᾶσαν
969 898 1281 967 ἱερουργίαν
1331 895 1722 959 κοινωνοῦντες

151 994 503 1055 ὖποδιάκονοι,
530 993 612 1046 ὅτι
638 992 779 1057 μετὰ
808 994 932 1053 τοὺς
966 989 1248 1051 διακόνους
1277 981 1424 1041 οῦτοι
1455 1003 1468 1017 ·
1502 988 1598 1041 καὶ
1623 987 1724 1040 οὐκ

151 1085 292 1137 ἄδεια
323 1083 532 1144 τούτοις
556 1082 702 1135 ἔνδον
732 1081 826 1134 τοῦ
859 1079 1106 1152 βήματος
1131 1080 1411 1134 κοινωνεῖν
1435 1095 1449 1109 ·
1486 1079 1568 1133 ὅτι
1603 1077 1722 1131 οὐδὲ

155 1175 293 1234 ἐντος
322 1173 836 1244 κεχειροτόνηνται·
870 1172 1062 1224 ἔπειτα
1101 1171 1448 1240 άναγνῶσται
1484 1171 1579 1222 καὶ
1616 1186 1711 1237 μο.

152 1246 292 1335 vexo!
316 1280 331 1296 °
382 1266 478 1318 atad.
515 1264 636 1334 μετ’
687 1263 884 1324 αὐτοὺς
915 1262 965 1315 οί
1013 1261 1227 1314 λαῑκοίο
1265 1260 1394 1314 οὔτε
1424 1263 1534 1332 γὰρ
1571 1260 1723 1321 ὲντδς

151 1356 234 1409 τοῦ
297 1354 543 1425 βήματος
600 1354 741 1423 πλὴν
789 1353 1116 1426 ἀρχιερέων,
1176 1353 1568 1424 πρεσῦυτέρων
1630 1351 1724 1404 καὶ

153 1448 403 1500 διακόνων
426 1464 509 1510 τις
543 1446 721 1510 ἄλλως
758 1445 1168 1515 μεταλαμϐάνει
1193 1486 1206 1506 ,
1234 1443 1317 1496 ὅτι
1347 1443 1442 1495 καὶ
1492 1443 1548 1494 αἱ
1575 1444 1723 1512 τρεῖς

153 1538 323 1612 τάξεις
343 1534 505 1592 αὗται
531 1537 683 1599 ὲντδς
736 1536 898 1606 μόναι
923 1533 1360 1606 χειροτονοῦνται
1410 1533 1502 1585 τοῦ
1545 1533 1724 1602 βήμα-

154 1648 252 1693 τος.
279 1631 344 1684 Οἱ
370 1629 550 1682 λοιποὶ
571 1629 627 1682 δὲ
667 1628 866 1696 ἔξωθεν
902 1629 1094 1680 τούτου
1143 1626 1268 1680 οὔτε
1304 1626 1384 1688 είς
1411 1624 1510 1686 τὰς
1535 1625 1723 1694 χεῖρας

156 1722 234 1773 τὸν
260 1721 406 1773 θεῐον
453 1721 618 1790 ἄρτον
649 1719 1040 1788 λαμϐάνουσιν,
1078 1715 1480 1787 ὑποϐεϐηκότες
1523 1717 1586 1786 τῇ
1627 1715 1721 1766 τά·

158 1813 228 1878 εει
268 1814 365 1865 καὶ
397 1811 489 1865 τοῦ
531 1812 763 1882 ἐσχάτου
826 1813 1024 1880 μέρους
1052 1809 1335 1872 τελοῦντες
1389 1805 1467 1878 τῷ
1503 1805 1716 1877 βαθμῷ,

156 1903 250 1956 κᾶν
273 1904 442 1973 ἀρετῇ
476 1881 806 1974 ὑπερέχουσι.
848 1905 939 1958 Διδ
985 1906 1080 1958 καὶ
1122 1904 1356 1957 ἕκαστον
1390 1901 1579 1955 τοῦτον
1613 1898 1720 1970 χρὴ
1755 1881 1796 1936 Β

156 1993 246 2064 τήν
293 1994 453 2059 τάξιν
484 1995 650 2048 αὑτοῦ
700 1998 908 2066 τηρεῖν,
964 1996 1038 2058 ὡς
1074 1997 1170 2048 καὶ
1201 1997 1227 2048 6
1259 1993 1470 2055 Παῦλος
1507 2007 1723 2061 παραγ-

157 2087 346 2155 γέλλει,
393 2106 411 2139 ι
440 2088 731 2154 Ἕκαστος,
788 2087 987 2155 λέγων,
1021 2089 1080 2140 ἐν
1219 2087 1422 2157 ἐκλήθη
1451 2085 1622 2151 τάξει,
1665 2088 1724 2140 ἐν

159 2177 315 2246 ταῦτῃ
375 2178 614 2246 μενέτωσ
643 2197 662 2228 ι
711 2177 800 2229 ἵνα
833 2174 930 2230 καὶ
985 2177 1187 2246 μᾶλλον
1238 2179 1267 2230 6
1319 2174 1574 2246 θεμέλιος
1607 2175 1724 2229 τῶν

158 2267 357 2336 ἀρετῶν
395 2267 452 2318 ἐν
488 2265 664 2334 τούτῳ
711 2265 1062 2335 εὑρίσκηται,
1104 2267 1138 2336 ή
1172 2247 1517 2326 ταπείνωσις
1541 2278 1556 2292 ⁸
1600 2264 1723 2334 ἥτις

161 2359 240 2410 καὶ
257 2359 310 2410 ὲν
331 2357 586 2425 ἀγγέλοις
605 2357 746 2408 ἑστίη
768 2375 798 2410 ιι
815 2359 859 2409 ti
881 2358 940 2410 ὲν
968 2359 1046 2424 τῷ
1072 2356 1318 2425 μέλλοντι
1343 2355 1515 2418 οὕτως
1541 2355 1718 2408 ἔσται.

167 2448 478 2510 ιτεκαστος
528 2447 607 2511 δὲ,
667 2450 806 2515 φησὶ
863 2447 1028 2500 πάλιν
1056 2447 1290 2513 Παῦλος,
1344 2448 1403 2500 ιν
1431 2446 1510 2514 τῷ
1535 2445 1724 2512 οἰκείῳ

161 2541 406 2607 τάγματι.
447 2557 466 2588 ι
497 2538 766 2607 ’Ὕστερον
798 2539 854 2591 δὲ
876 2539 1012 2609 πρὸς
1035 2535 1124 2590 τδν
1144 2538 1276 2591 λαὸν
1318 2539 1350 2606 ή
1395 2531 1616 2604 εὐλογία
1645 2537 1724 2589 δί-

164 2630 309 2690 δοται.
335 2632 417 2690 ὡς
444 2629 552 2684 ἀπὸ
597 2630 693 2684 τοῦ
729 2631 978 2701 Σωτῆρος
1000 2630 1185 2696 αὑτοῦ,
1218 2630 1284 2700 ήν
1301 2629 1366 2700 δὴ
1399 2630 1425 2682 6
1459 2629 1724 2700 ἱεράρχης

169 2727 400 2788 ποιεῖται,
440 2725 535 2777 καὶ
590 2722 870 2791 σωτηρίαν
903 2724 1070 2775 πᾶσιν
1101 2719 1417 2791 ἐπεύχεται.
1460 2714 1598 2772 Εἵτα
1630 2719 1725 2771 καὶ

169 2814 312 2887 θυμιᾷ
345 2818 405 2868 ἐν
427 2818 494 2888 τῇ
533 2815 786 2888 τραπέζῃ
823 2814 990 2868 πάλιν
1021 2812 1088 2866 τὰ
1121 2813 1274 2881 ἅγια,
1330 2815 1400 2865 τὰ
1422 2812 1522 2882 τῆς
1562 2812 1719 2864 Ἀναο

164 2908 353 2976 λήψεως
385 2909 586 2976 λέγων,
618 2906 959 2978 εὐχαριστῶν
993 2905 1068 2975 τῷ
1107 2905 1248 2977 ὑπὲρ
1287 2904 1440 2976 ήμῶν
1470 2904 1566 2957 καὶ
1593 2918 1722 2973 σαρ-

165 2998 371 3054 κωθὲντι
405 3001 502 3052 καὶ
545 2998 776 3052 παθόντι
823 3000 917 3051 καὶ
965 2997 1260 3052 ἀναστάντι
1291 3000 1476 3065 σαρκὶ,
1510 2994 1608 3048 καὶ
1645 2994 1726 3057 εἰς

161 3093 403 3162 οὐρανοὺς
437 3092 799 3162 ἀνυψωθιντι,
823 3094 918 3146 καὶ
944 3091 1130 3156 ζῶντι,
1170 3091 1265 3144 καὶ
1291 3093 1387 3159 τῆς
1419 3089 1575 3158 δόξης
1624 3085 1726 3140 αὐ-

161 3182 240 3235 τοῦ
267 3185 358 3252 τὴν
382 3185 493 3252 γῆν
527 3184 708 3237 πᾶσαν
750 3183 1122 3252 πληρώσαντι.
1158 3183 1268 3235 Καὶ
1301 3182 1605 3250 εὐλογήσας
1632 3182 1726 3235 τὸν

159 3273 296 3341 Θεὸν,
336 3276 562 3328 δίδωσιν
601 3275 968 3345 ἀπενεχθῆναι
1021 3275 1090 3328 τὰ
1130 3273 1555 3345 περιλειφθέντα
1607 3273 1721 3327 τῶν

159 3367 314 3433 ἁγίων
334 3369 395 3421 ἑν
425 3370 496 3438 τῇ
532 3366 814 3437 προθέσει,
848 3367 942 3422 καὶ
967 3370 1118 3436 παρὰ
1150 3367 1257 3420 τῶν
1302 3366 1565 3420 διακόνων
1589 3365 1726 3419 διοι-

158 3461 399 3530 ηθῆναι.
437 3459 500 3512 Ὅ
523 3460 780 3530 δεύτερος
804 3460 860 3512 δὴ
889 3459 998 3512 τῶν
1028 3459 1222 3529 ἱερέων
1249 3459 1351 3529 τήν
1368 3457 1726 3530 ὀπισθάμΰωο

160 3568 237 3605 νον
258 3553 420 3624 εὐχήν
471 3554 615 3622 ὑπὲρ
641 3553 739 3606 τοῦ
774 3552 904 3606 λαοῦ
946 3550 1148 3618 ἔξωθεν
1172 3551 1266 3605 τοῦ
1303 3551 1450 3622 ίεροῦ
1483 3549 1727 3620 βήματος

161 3646 228 3709 είς
264 3647 504 3718 ἐπήκοον
531 3648 788 3714 ὲκφωνεῖ,
825 3645 1116 3716 εὐχόμενος
1141 3644 1242 3714 μὲν
1269 3644 1472 3715 ταύτην
1503 3642 1606 3714 τήν
1636 3658 1726 3695 τε·

164 3737 392 3792 λιυταίαν
430 3737 607 3808 εὐχήν
639 3738 781 3808 ὑπὲρ
812 3736 906 3789 τοῦ
940 3735 1092 3799 λαοῦ,
1138 3735 1300 3806 ἔργον
1329 3735 1386 3788 δὲ
1424 3735 1597 3789 ποιῶν
1631 3733 1727 3788 τοῦ

163 3828 444 3896 ἀρχιερέως
474 3843 490 3856 ⁶
521 3828 607 3879 ὅτι
635 3829 729 3880 καὶ
766 3828 819 3878 al
866 3827 1034 3896 ἁρχαὶ
1071 3825 1182 3877 τῶν
1207 3824 1384 3893 εὐχῶν
1413 3825 1508 3876 καὶ
1551 3823 1608 3876 τὸ
1635 3823 1721 3875 τέο

162 3917 237 3980 λος
265 3918 424 3990 ἔργον
491 3919 683 3973 αὑτοῦ.
744 3918 937 3988 Ὅμως
983 3919 1081 3971 καί
1113 3920 1141 3970 6
1177 3918 1468 3988 ἀρχιερεὺς
1521 3915 1730 3983 ταύτην

158 4009 290 4065 ἔνδον
321 4013 613 4082 μυστικῶς
648 4011 782 4080 πρὸς
825 4011 918 4063 τὸν
959 4011 1093 4064 Θεὸν
1115 4011 1401 4078 ἀναφέρει.
1432 4010 1532 4062 Διὰ
1567 4007 1730 4062 τοῦτο

158 4099 238 4152 οὖν
262 4106 353 4156 καὶ
386 4101 765 4172 προσελθόντα
807 4101 1100 4172 σφραγίζει
1158 4100 1250 4153 τὸν
1298 4099 1471 4170 ἱερέα,
1507 4099 1647 4168 μετὰ
1671 4100 1729 4153 τὸ

159 4195 315 4247 εἰπεῖν
344 4194 448 4265 τήν
500 4193 690 4263 εὐχὴν.
725 4193 802 4256 ὡς
846 4192 1132 4263 ὑπηρέτην
1161 4191 1294 4244 ὅντα
1324 4191 1522 4246 αὐτοῦ.
1558 4190 1731 4252 Αὐτὸς

159 4283 207 4334 δὲ
253 4283 423 4336 πάλιν
475 4287 506 4337 ὁ
559 4283 823 4353 ίεράρχης
883 4284 944 4336 τὸ
983 4283 1200 4353 suum
1257 4283 1501 4352 είλήσας,
1540 4281 1633 4336 καὶ
1672 4281 1732 4334 τὸ

162 4373 494 4446 Εὐαγγέλιον
525 4375 661 4439 θεὶς,
697 4377 789 4427 καὶ
821 4375 1210 4444 ἀσπασάμενος
1231 4373 1366 4427 αὐτὸ
1397 4374 1492 4426 καὶ
1519 4372 1620 4444 τὴν
1656 4375 1730 4426 ie-

163 4467 250 4532 ραν
269 4466 584 4537 τράπεζαν,
613 4466 788 4536 δηλῶν
806 4465 867 4518 ἐκ
891 4465 1081 4518 τούτου
1111 4465 1184 4527 ὼς
1214 4464 1421 4519 ἐκεῖθεν
1450 4463 1728 4533 ἡγίασται,

1830 619 1896 674 ad
1927 621 2101 689 ipsum
2162 621 2600 691 participandum
2626 622 2776 676 venit
2810 638 2824 687 ;
2858 631 2912 676 et
2947 620 3020 674 ita
3083 635 3207 675 cum
3249 627 3398 674 metu

1829 723 1891 764 ac
1953 720 2188 764 tremore
2245 718 2409 779 atque
2474 710 2785 765 humilitate
2839 711 3018 765 cordis
3083 710 3397 778 procedere.

1829 800 2248 854 Communium
2281 817 2412 870 ergo
2463 801 2672 867 statim,
2701 801 2881 872 primo
2935 800 3154 871 quidem
3195 800 3273 854 illi
3307 802 3400 871 qui

1831 905 2046 960 semper
2077 892 2130 944 in
2161 905 2320 946 sacra
2353 891 2636 947 functione
2679 893 3089 947 communicant
3116 892 3404 948 subdiaco-

1842 985 1922 1049 ni,
1958 984 2214 1052 quoniam
2248 995 2370 1054 post
2412 985 2668 1042 diaconos
2701 987 2791 1042 isti
2829 995 2974 1054 sunt,
3005 1001 3102 1041 nec
3126 987 3257 1056 ipsis
3288 987 3406 1040 liti-

1830 1085 1940 1126 tum
1971 1085 2056 1129 est
2085 1076 2226 1129 intra
2263 1080 2634 1132 sanctuarium
2679 1079 3111 1140 communicare,
3145 1094 3211 1133 eo
3255 1079 3401 1148 quod

1829 1182 1937 1221 non
1976 1168 2125 1222 intus
2159 1169 2398 1223 ordinati
2430 1179 2554 1224 sunt
2581 1186 2597 1238 ;
2627 1170 2824 1225 deinde
2856 1171 3086 1226 lectores
3112 1179 3167 1224 et
3207 1184 3400 1224 mona-

1827 1258 1936 1322 chi,
1959 1267 2010 1313 et
2033 1267 2152 1326 post
2185 1261 2332 1329 ipsos
2352 1261 2472 1314 laici
2498 1279 2510 1316 :
2541 1263 2812 1316 uoucnim
2836 1263 2980 1317 intra
3011 1263 3401 1325 sanctu‘trium,

1826 1362 2025 1420 praeter
2056 1351 2372 1420 pontiﬁces,
2405 1355 2759 1424 presbyteros
2792 1363 2845 1408 et
2885 1353 3170 1416 diaconos,
3195 1353 3398 1422 aliquis

1827 1441 1967 1495 alius
2010 1443 2382 1497 communicat
2413 1459 2426 1507 ;
2463 1445 2721 1511 quoniam
2746 1455 2856 1499 tres
2894 1445 2968 1497 illi
3029 1445 3254 1506 ordines
3301 1445 3401 1514 ipsi

1827 1532 1930 1586 soli
1966 1532 2105 1586 intra
2140 1535 2512 1588 sanctuarium
2543 1535 2890 1589 ordinantur.
2933 1535 3129 1590 Caneri
3164 1551 3290 1590 vero
3335 1551 3402 1590 ex

1832 1631 1914 1677 tra
1954 1625 2110 1689 illud,
2149 1640 2247 1680 nec
2281 1628 2331 1680 in
2368 1641 2563 1680 manus
2595 1627 2840 1680 divinum
2873 1643 3064 1697 panem
3106 1628 3402 1696 attiplllnl,

1833 1720 1891 1766 ut
1919 1711 2209 1768 inferiores
2241 1718 2430 1771 ordine
2472 1718 2940 1789 terminantesque
2965 1720 3212 1774 ultimam
3243 1720 3403 1776 istius

1828 1812 2056 1875 partem,
2089 1810 2189 1862 etsi
2223 1809 2420 1863 virtute
2452 1812 2858 1878 praemiueant.
2893 1812 3080 1882 Itaque
3109 1813 3404 1882 unusquis-

1825 1913 1932 1967 que
1971 1898 2184 1953 illorum
2221 1897 2382 1954 debet
2418 1917 2577 1956 suum
2615 1903 2864 1968 ordinem
2901 1916 3145 1967 servare,
3175 1904 3322 1957 sicut
3347 1914 3402 1956 et

1827 1990 2029 2045 Paulus
2068 1993 2332 2062 praecipit,
2358 1993 2546 2048 dicens
2574 2011 2588 2049 :
2624 1991 3045 2064 «Unusquisque
3083 1996 3135 2048 in
3169 2011 3278 2066 quo
3308 2011 3401 2049 vo-

1826 2087 2075 2136 catusest
2097 2083 2308 2146 ordine,
2331 2084 2386 2137 in
2408 2084 2507 2138 hoc
2532 2097 2876 2152 permaneat;
2911 2105 2930 2137 ι
2964 2088 3198 2141 utetiam
3228 2088 3401 2157 magis

1828 2171 1882 2226 in
1910 2174 2012 2228 hoc
2045 2176 2353 2228 inveniatur
2376 2177 2594 2230 virtutis
2625 2174 3063 2243 fundamentum,
3090 2179 3393 2250 humilitas,

1827 2279 1948 2333 qua:
1967 2265 2046 2319 vel
2069 2265 2120 2318 in
2142 2266 2349 2336 angelis
2375 2265 2546 2331 adest,
2567 2273 2622 2319 et
2643 2266 2696 2320 iu
2719 2265 2905 2321 futuro
2924 2267 3003 2322 sic
3024 2270 3148 2322 erit.
3178 2287 3196 2319 ι
3225 2268 3401 2323 Unus-

1827 2358 2079 2429 quisque,
2110 2358 2184 2410 ait
2223 2355 2400 2412 denuo
2453 2358 2671 2422 Paulus,
2730 2359 2782 2412 in
2833 2361 3056 2430 proprio
3118 2360 3328 2416 Ordine.
3379 2380 3396 2412 ι

1826 2450 2165 2505 Postremum
2200 2447 2263 2502 ad
2291 2449 2571 2519 populum,
2595 2459 2852 2520 tanquam
2871 2451 2939 2506 ab
2961 2452 3079 2522 ipso
3098 2451 3398 2515 Salvatore,

1827 2541 1992 2595 datur
2023 2537 2352 2603 benedictio,
2387 2556 2547 2610 quam
2568 2543 2809 2612 pontifex
2840 2544 3113 2609 concedit,
3143 2546 3401 2599 omnibus

1811 2632 2128 2701 deprecans
2168 2629 2425 2685 salutem.
2454 2631 2645 2687 Postea
2669 2634 2951 2690 th‘uriticat
2984 2635 3182 2689 iterum
3210 2645 3402 2688 sancta

1829 2739 1993 2795 super
2026 2739 2289 2791 mensam,
2319 2741 2382 2781 ea
2441 2740 2561 2796 qua:
2617 2728 2932 2785 refectionis
2993 2740 3120 2785 sunt
3173 2730 3384 2786 dicens.

1829 2819 2036 2890 gratias
2065 2833 2229 2887 agens
2260 2819 2334 2874 illi
2373 2820 2462 2890 qui
2507 2830 2727 2888 propter
2763 2835 2864 2875 nos
2915 2828 2996 2874 est
3054 2820 3395 2879 incarnatus.

1829 2929 2023 2987 passus
2053 2919 2156 2976 est,
2187 2913 2487 2968 resurrexit
2515 2928 2681 2968 carne
2715 2922 2772 2968 et
2801 2914 2855 2966 in
2893 2913 3062 2968 caelos
3128 2912 3394 2972 ascendit,

1828 3017 1880 3062 ct
1909 3006 2063 3068 vivit,
2097 3014 2148 3058 et
2173 3005 2344 3074 gloria
2391 3018 2486 3060 sua
2549 3007 2856 3059 universam
2923 3014 3124 3058 terram
3185 3004 3398 3074 implet.

1833 3098 1895 3152 Et
1929 3105 2216 3167 postquam
2256 3097 2533 3151 benedixit
2563 3095 2748 3164 Deum,
2785 3097 3046 3166 reliquias
3092 3097 3403 3152 sanctifica-

1755 3209 1804 3276 ο
1837 3197 2012 3243 torqu
2041 3189 2095 3241 in
2132 3186 2499 3257 propositione
2520 3185 2611 3242 dat
2637 3186 2988 3252 auferendas,
3015 3197 3068 3242 et
3093 3204 3121 3242 a
3154 3189 3401 3243 diacouis

1833 3280 2128 3350 separatim
2166 3278 2645 3335 administrandas.
2686 3277 2974 3334 Secundus
3005 3287 3188 3334 autem
3245 3297 3276 3333 e
3308 3296 3402 3334 sa-

1832 3371 2152 3427 cerdotibus
2181 3371 2538 3440 profectionis
2572 3370 3122 3440 orationem‘pmpter
3141 3372 3402 3441 populum

1831 3474 1984 3520 extra
2020 3465 2417 3530 sanctnarium,
2481 3466 2553 3519 ita
2613 3474 2671 3520 ut
2719 3465 2996 3529 audiatur,
3059 3467 3400 3535 pronuntiat,

1833 3553 2040 3608 faciens
2065 3553 2284 3622 quidem
2343 3554 2482 3608 hanc
2517 3553 2762 3608 ultimam
2816 3554 3128 3608 oratimiem
3177 3571 3275 3625 pro
3311 3573 3407 3625 po-

1833 3645 1979 3715 pulo,
2015 3644 2109 3700 sed
2142 3659 2279 3714 opus
2315 3658 2483 3715 agens
2511 3643 2819 3716 pontificis:
2847 3659 2970 3699 nam
2992 3646 3147 3700 initia
3177 3662 3399 3715 precum

1829 3739 1974 3791 sicut
2004 3746 2057 3791 et
2087 3736 2213 3791 finis
2272 3751 2408 3806 opus
2447 3737 2597 3792 illius
2639 3725 2788 3791 sunt.
2845 3737 3101 3792 Attamen
3131 3747 3178 3791 et
3214 3737 3400 3806 ponti-

1833 3828 1950 3883 fex.
1992 3828 2138 3881 intus
2197 3827 2265 3881 ad
2322 3827 2491 3880 Deum
2548 3828 2708 3882 istam
2789 3829 3112 3898 mysteriose
3175 3830 3400 3898 profert.

1833 3919 2130 3989 Propterea
2169 3919 2562 3988 regredientem
2596 3921 2776 3988 signat
2837 3922 3207 3988 sacerdotem,
3251 3933 3400 3992 post-

1831 4026 1994 4081 quam
2026 4011 2114 4064 hic
2169 4012 2470 4063 orationem
2500 4009 2656 4073 dixit,
2687 4019 2947 4080 tanquam
3013 4012 3184 4080 ipsius
3237 4015 3403 4068 mitti-

1832 4111 2030 4157 suum.
2059 4101 2182 4170 Ipse
2205 4115 2335 4155 vero
2359 4115 2576 4155 rursum
2615 4098 2865 4158 Pontifex
2889 4103 3218 4158 convolvens
3249 4101 3408 4158 invo-

1838 4195 2052 4248 lucrum
2115 4194 2578 4264 Evangeliumque
2629 4197 2866 4264 positum
2932 4209 3100 4264 super
3160 4212 3406 4252 mensam

1832 4291 2114 4344 osculatus
2148 4296 2202 4344 ct
2228 4291 2408 4356 istam,
2442 4290 2759 4359 significans
2807 4306 2872 4345 ex
2907 4293 3014 4346 isto
3041 4293 3186 4362 quod
3209 4294 3407 4348 exinde

1835 4383 1938 4438 fuit
1964 4381 2360 4446 sanctiticatus,
2391 4391 2444 4435 et
2471 4383 2660 4437 unitus
2692 4391 2777 4437 est
2826 4383 3006 4448 altari,
3037 4400 3162 4439 cum
3194 4401 3257 4440 ea
3287 4403 3409 4455 quze

1835 4483 1964 4529 sunt
1993 4474 2226 4543 liturgize
2259 4474 2572 4543 complevit,
2602 4474 2717 4528 exit
2764 4473 2829 4528 ad
2864 4479 3164 4532 sanctuarii
3193 4489 3404 4548 portas,

162 4560 242 4610 καὶ
283 4560 573 4630 ἡνωμένος
620 4559 699 4628 τῷ
745 4560 1124 4630 θυσιαστηρίῳ
1159 4559 1333 4621 ἐστὶν,
1383 4557 1504 4610 ἐπεὶ
1533 4557 1600 4610 τὰ
1627 4557 1726 4625 τῆς

1837 4577 1887 4620 et
1915 4566 2112 4635 populo
2141 4563 2454 4619 antidorum
2512 4564 2832 4632 distribuit;
2871 4568 3126 4635 quoniam
3153 4543 3267 4621 non
3321 4543 3408 4621 est

162 4647 495 4718 λειτουργίας
526 4648 802 4710 τετέλεκε,
859 4649 993 4718 πρὸς
1030 4649 1127 4712 τὰς
1163 4648 1331 4718 θύρας
1363 4647 1456 4700 τοῦ
1489 4648 1733 4716 βήματος

167 4736 332 4805 ἔξεισι,
397 4741 501 4792 καὶ
531 4738 611 4808 τῷ
639 4738 752 4808 λαῷ
790 4741 845 4792 τδ
875 4739 1174 4810 ἁντίδωρον
1229 4739 1498 4806 ἀπονέμει
1520 4755 1532 4767 ·
1560 4739 1641 4791 ὅτι
1672 4739 1734 4790 οὐ

167 4831 240 4883 τοῦ
266 4833 521 4904 βήματος
553 4833 582 4886 6
608 4832 756 4894 λαὸς,
799 4831 894 4884 καὶ
924 4832 1150 4893 ὃτιοτοῖς
1177 4833 1457 4894 ταπεινοῖς
1477 4833 1504 4884 6
1530 4827 1735 4898 ὑψηλὸς

175 4925 616 4992 τδγκατέρχεται,
668 4922 760 4974 καὶ
787 4921 981 4974 ἑαυτὸν
1021 4921 1206 4983 αὐτοῖς
1256 4920 1442 4973 δίδωσι
1471 4917 1730 4986 πολυτρό-

173 5028 284 5076 πως.

465 5141 494 5164 \
756 5127 1006 5182 ΚΕΦΑΔ.
1058 5127 1108 5180 ιν

181 5239 290 5306 Περὶ
337 5242 447 5296 τοῦ
479 5239 840 5307 ἀντιόὠρου,
871 5239 972 5307 θεαί
1009 5237 1100 5290 ὅτι
1143 5235 1509 5304 ήγιιισμένος
1555 5231 1736 5300 ἄρτος

846 5304 1047 5373 οὗτος.

235 5461 393 5517 Τοῦτο
421 5464 481 5518 δὲ
517 5463 578 5514 τὸ
599 5461 896 5530 ἀντιδωρον
923 5459 1259 5532 ήγιασμένος
1289 5459 1451 5527 ἄρτος
1477 5456 1646 5521 εστὶν,
1673 5455 1730 5508 ὲν

185 5555 235 5620 τῇ
257 5557 512 5624 προθέσει
545 5555 956 5625 προσενεχθεὶς,
984 5546 1045 5608 οῦ
1078 5551 1138 5603 τὸ
1185 5550 1508 5618 μεσαίτατον
1541 5548 1736 5617 ἐκϐλη-

189 5641 258 5693 ίιὶν
297 5645 654 5714 ίερουργήθη,
685 5648 781 5699 καὶ
819 5643 982 5710 σῶμα
1010 5641 1244 5710 Χριστοῦ
1279 5639 1522 5706 γέγονεν.
1589 5637 1734 5690 Ἀντὶ

191 5734 291 5796 γοῦν
319 5739 410 5792 τοῦ
459 5739 700 5808 μεγάλου
734 5737 947 5789 ἐκείνου
997 5733 1170 5802 δώρου
1206 5734 1304 5800 τῆς
1342 5731 1578 5801 φρικτῆς
1620 5744 1735 5780 κοι-

192 5831 377 5893 νωνίας.
424 5833 554 5883 ἐπεὶ
600 5833 659 5883 οὐ
705 5831 904 5892 πάντες
941 5829 1151 5880 ἐκείνου
1206 5827 1381 5878 ἱκανοὶ
1423 5823 1729 5892 μετασχεῖν,

1840 4657 2139 4712 sanctuarii
2183 4658 2437 4727 p0pulus,
2462 4667 2514 4711 et
2561 4658 2820 4725 quoniam
2878 4659 3175 4712 humilibus
3230 4661 3410 4712 excole

1839 4763 1933 4803 sus
1972 4748 2373 4809 condesceudit,
2406 4747 2868 4817 semetipsumque
2891 4749 2982 4802 dat
3027 4751 3107 4804 eis
3135 4748 3408 4803 multifor-

1842 4837 2027 4890 ttziter.

2456 5100 2684 5157 CAPUT
2723 5105 2785 5159 C.

1838 5217 1920 5271 ιη’
1958 5216 2204 5287 αηιὶιίονο
2245 5226 2294 5270 et
2332 5207 2468 5287 quod
2519 5218 2602 5270 hic
2624 5227 2710 5287 est
2744 5219 2897 5287 panis
2944 5216 3241 5271 benedictus
3293 5219 3404 5286 (qui

1907 5285 2412 5426 tuco)Euchariuiw
2449 5285 2790 5340 distribuitur
2819 5303 2923 5340 non
2963 5285 3406 5342 communicanti-

1943 5374 2023 5410 us.

1943 5374 2023 5410 us.

1910 5453 2024 5508 Hoc
2066 5461 2243 5506 autem
2276 5451 2587 5505 antidorum
2636 5450 3012 5507 sanctificatus
3038 5461 3120 5506 est
3166 5453 3321 5522 panis
3351 5453 3406 5506 in

1833 5544 2105 5600 oblatione
2124 5543 2384 5613 prolatus,
2403 5543 2558 5614 cujus
2577 5543 2804 5598 maxime
2824 5544 3058 5598 medium
3077 5551 3406 5607 extractum,

1837 5645 2215 5693 consecratum
2247 5649 2329 5691 est
2364 5636 2678 5706 factumque
2720 5635 2924 5691 Christi
2961 5619 3180 5704 corpus.
3233 5635 3405 5703 Hujus

1838 5729 2009 5797 igitur
2044 5727 2163 5782 loco
2227 5729 2406 5798 magni
2457 5728 2750 5782 tremenda:
2798 5726 3199 5781 communionis
3252 5724 3405 5790 doni,

1841 5819 2096 5888 quoniam
2136 5834 2244 5874 non
2277 5834 2468 5874 oumes
2490 5819 2634 5874 illius
2669 5829 2897 5889 possunt
2931 5834 3054 5874 esse
3095 5819 3407 5890 participes,
