4044 6198
592 331 705 392 303

1479 328 1859 392 SYMEONIS
1894 323 2641 392 TllESSALONICENSIS
2676 332 3031 393 ARCIIIEP.

3742 336 3847 397 3M

588 447 698 500 hoc
723 458 821 515 pro
853 444 943 498 illo
964 443 1146 507 datur,
1196 452 1250 498 et
1296 442 1601 497 antidornm
1636 441 1854 512 proprie
1886 438 2166 509 cognomi—

2269 438 2427 492 τοῦτο
2464 426 2665 497 δίδοταί
2708 444 2823 499 ἀντ’
2864 445 3094 509 ἐκείνου,
3152 446 3248 498 καὶ
3290 444 3585 515 ἀντίδωρον
3626 446 3847 513 οἰκείως

594 550 798 595 natur:
836 552 959 591 nam
999 530 1162 592 etiam
1202 534 1296 590 Dei
1343 535 1531 605 gratim
1562 535 1765 589 donum
1816 539 2059 602 praestat,
2091 529 2165 584 si-

589 631 807 703 quidem
830 638 885 684 et
904 630 1021 700 ipse
1039 629 1415 684 sanctiﬁcatus
1435 636 1515 681 est
1534 630 1709 697 panis,
1731 633 1877 680 sorte
1895 624 2164 693 signatus,

596 725 882 793 sacrisque
916 723 1101 777 verbis
1132 722 1355 776 ditatus.
1390 719 1508 773 Non
1544 729 1725 773 tamen
1758 726 1841 772 est
1869 714 2164 785 participa-

591 817 667 871 tio
694 815 940 886 corporis
967 814 1189 870 Christi.
1224 812 1350 866 Haec
1371 812 1514 865 enim
1550 819 1678 865 sunt
1705 808 1959 879 mysteria
1993 825 2007 861 :
2034 805 2161 860 illud

518 893 527 900 ’
589 919 772 965 autem
829 916 914 963 est
964 908 1139 964 solum
1195 902 1646 961 sanctiﬁcationis
1695 899 2163 967 communicatio,

588 1003 832 1057 divinam
866 1000 1094 1070 gratiam
1124 1014 1155 1053 a
1205 997 1596 1069 propositionis
1655 995 1841 1050 verbis
1875 996 2162 1063 p’rzestans.

588 1093 831 1149 Tandem
888 1092 1167 1162 p0pu'lum,
1199 1104 1322 1145 cum
1350 1089 1531 1144 denuo
1588 1085 1826 1157 signavit
1855 1095 1906 1139 et
1938 1083 2165 1139 benedi-

589 1190 824 1244 ctionem
861 1203 890 1241 a
927 1186 1156 1242 Domino
1195 1184 1521 1253 deprecatus
1568 1189 1673 1244 est,
1704 1179 1945 1249 pontifex
1982 1177 2165 1232 dimit-

591 1284 675 1347 tit,
712 1289 995 1350 postquam
1023 1292 1207 1331 verum
1244 1277 1412 1329 Deum
1440 1282 1685 1327 nostrum
1720 1270 2031 1330 Christum,
2067 1280 2163 1337 per

590 1376 781 1429 merita
824 1370 1187 1427 sanctissimae
1219 1368 1391 1437 ipsius
1437 1363 1627 1417 Matris
1664 1372 1719 1416 et
1757 1362 2003 1415 omnium
2035 1375 2163 1413 san-

591 1478 824 1531 ctorum,
858 1463 1101 1518 omnium
1138 1458 1383 1515 misereri
1418 1465 1754 1524 cunctosque
1794 1454 2005 1508 salvare
2030 1468 2164 1523 sup-

590 1557 801 1626 pliciter
838 1554 1119 1618 cxoravit;
1182 1550 1485 1621 pranlicans
1537 1546 1701 1600 simul
1759 1554 1811 1598 et
1846 1552 2163 1600 contestans

591 1663 689 1703 nos
744 1663 842 1717 per
896 1644 1190 1701 Salvatoris
1232 1640 1592 1697 (nconomiam
1648 1652 1970 1706 sacramque
2035 1637 2163 1690 tun-

589 1741 823 1794 ctioncm
877 1753 997 1792 csse
1044 1735 1280 1789 salvatos
1337 1748 1403 1787 ac
1461 1730 1791 1795 salvandos;
1835 1740 2239 1830 cooperanteB

588 1834 837 1903 precibus
869 1828 1128 1897 adiutrice
1180 1826 1402 1881 maximi
1451 1825 1692 1897 mysterii
1744 1822 1992 1891 Deipara,
2037 1838 2160 1877 cum

590 1919 844 1974 omnibus
877 1916 967 1984 qui
1021 1930 1089 1967 ex
1118 1913 1207 1966 illo
1239 1909 1563 1965 sanctiﬁcati
1620 1919 1765 1963 sunt.
1799 1906 1952 1962 Tunc
1984 1906 2163 1977 conti-

591 2024 699 2062 nno
724 2004 1070 2076 psallentium
1100 2002 1321 2065 chorus,
1350 2001 1414 2054 ad
1450 2015 1603 2069 reges
1639 2008 1693 2054 et
1718 1999 1784 2052 ad
1814 2001 1994 2069 ipsum
2025 2013 2164 2067 pon-

587 2101 809 2162 tiﬁcem,
846 2113 953 2151 non
981 2110 1116 2165 pure
1172 2093 1527 2164 praedicantes
1582 2092 1874 2155 hominem,
1906 2100 2031 2145 vota
2082 2090 2162 2143 fa-

586 2192 761 2253 ciunt,
815 2188 969 2243 ﬁdele
993 2200 1222 2254 regnum
1252 2193 1308 2239 et
1358 2182 1723 2237 orthodoxum
1780 2182 2157 2250 pontiﬁcatum

586 2295 906 2353 permanere
956 2281 1345 2347 deprecantes,
1403 2289 1648 2345 opusque
1710 2288 1877 2327 sacrae
1932 2273 2163 2340 liturgiat

587 2381 808 2439 propter
842 2383 940 2423 nos
966 2381 1180 2434 semper
1226 2365 1395 2418 libere
1422 2363 1689 2417 exerceri.
1716 2362 1868 2428 Quos
1893 2369 1951 2417 et
1982 2378 2158 2432 popu-

588 2464 702 2515 lum
742 2476 863 2515 cum
891 2469 971 2512 ter
998 2457 1187 2516 ultimo
1217 2454 1469 2523 signavit,
1497 2469 1559 2508 ac
1576 2454 1851 2508 benedixit
1881 2454 2118 2523 pontifex
2144 2471 2159 2522 ;

586 2568 807 2610 carmen
850 2570 869 2602 ι
907 2549 1061 2604 Νυηο
1111 2549 1338 2603 dimittis
1372 2566 1390 2598 ι
1424 2562 1671 2603 seorsum
1706 2546 1855 2613 dicit,
1890 2546 2162 2603 Simeonis

586 2645 925 2707 recordatus,
986 2657 1110 2695 cum
1152 2616 1436 2694 exsultans
1494 2639 1769 2691 Christum
1821 2638 2055 2707 excepit.
2094 2637 2162 2693 Et

587 2748 715 2791 tunc
745 2751 899 2790 sacra
958 2734 1179 2802 deponit
1208 2732 1557 2785 vestimenta.
1592 2730 1730 2783 Cum
1764 2730 2043 2785 orationes
2066 2732 2185 2801 ab:

586 2830 767 2892 solvit,
798 2844 894 2896 pro
948 2826 1203 2880 omnibus
1251 2823 1459 2893 gratias
1495 2821 1604 2890 agit
1628 2830 1681 2876 et
1721 2831 1800 2875 ter
1827 2821 2060 2889 genibus
2091 2822 2159 2878 ad

586 2924 755 2976 altare
788 2920 942 2973 ﬁexis
966 2917 1103 2971 abit.
1128 2916 1280 2970 Talia
1314 2923 1445 2970 sunt
1474 2928 1534 2967 ea
1564 2928 1684 2984 quae
1737 2913 2042 2982 respiciunt
2092 2916 2158 2969 ad

587 3028 841 3077 magnum
877 3018 1238 3076 sanctumque
1270 3005 1610 3076 mysterium.
1645 3003 1910 3062 Maximos
1932 3007 2152 3077 quidem

2270 534 2755 606 προσονομάζεται,
2772 538 2852 592 ὅτι
2871 540 2961 592 καὶ
2981 530 3187 607 δωρεὰν
3205 538 3424 608 χάριτος
3449 537 3607 611 114
3625 539 3847 611 παρέχει

2266 628 2427 682 Θεοῦ.
2473 629 2627 683 Ἐπεὶ
2677 634 2771 686 καὶ
2798 632 3132 700 ἡγιασμένος
3175 631 3290 683 ἐστὶ
3344 630 3438 683 καὶ
3469 625 3627 693 οὗτος
3660 631 3845 699 ἄρτος,

2268 718 2705 790 σφραγιζόμενός
2734 738 2791 774 τε
2818 724 2883 791 τῇ
2914 722 3106 791 λόγχῃ,
3140 722 3233 775 καὶ
3268 722 3391 791 ἱερά
3420 721 3711 792 δεχόμενος
3745 724 3843 793 ῥή-

2269 828 2435 880 ματα·
2466 813 2526 866 οὐ
2562 816 2670 884 μὴν
2698 815 2753 867 δὲ
2797 816 2831 887 ἡ
2870 815 3125 869 κοινωνία
3165 814 3258 868 τοῦ
3290 812 3543 883 σώματος
3568 813 3664 868 τοῦ
3707 816 3845 885 Χρι-

2270 903 2418 959 στοῦ.
2449 903 2527 959 Τά
2558 907 2835 976 μυστήρια
2872 907 2981 978 γάρ
3017 908 3203 969 ικείνά
3232 908 3360 961 εἰσι·
3392 906 3552 961 τοῦτο
3585 908 3640 962 δὲ
3686 908 3847 976 ἁγια-

2272 995 2411 1065 σμοῦ
2447 999 2798 1067 μεταδοτικὸν
2847 1000 3031 1070 μόνον,
3063 1000 3158 1055 καὶ
3186 1000 3399 1071 δωρεᾶς
3425 1001 3572 1064 θείας
3606 1001 3847 1071 πάροχον

2266 1088 2363 1158 τῆς
2404 1089 2510 1142 ἀπὸ
2557 1091 2666 1145 τῶν
2717 1092 2774 1144 ὲν
2819 1095 2884 1162 τῇ
2934 1092 3193 1162 προθέσει
3240 1093 3525 1164 ῥημάτων.
3558 1093 3721 1156 Τέλος
3752 1094 3849 1147 τὸν

2265 1179 2396 1233 λαδιν
2433 1181 2593 1235 πάλιν
2627 1182 2960 1253 σφραγίσας,
3012 1185 3107 1237 καὶ
3156 1184 3411 1251 εὐλογίαν
3441 1183 3595 1251 παρὰ
3634 1185 3845 1251 Κυρίου

2269 1273 2646 1342 ἐπευξάμενος
2698 1276 2726 1327 ὁ
2783 1276 3098 1345 ἀρχιερεὺς,
3152 1276 3403 1337 ἀπολύει,
3454 1277 3545 1328 τὸν
3588 1276 3848 1346 ἀληθινὸν

2264 1366 2397 1420 Θεὸν
2433 1366 2591 1437 ἡμῶν
2615 1368 2707 1422 τὸν
2729 1368 2965 1439 Χριστὸν
2985 1368 3072 1421 διὰ
3102 1369 3210 1422 τῶν
3232 1369 3329 1439 τῆς
3364 1366 3639 1434 Παναγίας
3673 1368 3845 1421 αὑτοῦ

2265 1461 2490 1531 Μητρὸς
2520 1461 2829 1531 πρεσϐειῶν
2866 1462 2960 1515 καὶ
3004 1463 3223 1515 πάντων
3256 1462 3366 1515 τῶν
3407 1460 3580 1529 ἁγίων
3619 1459 3848 1530 ἐλεῆσαι

2265 1553 2473 1616 πάντας
2502 1555 2595 1607 καὶ
2649 1555 2821 1608 σῶσαι
2855 1554 3349 1624 ἐπικαλεσάμενος,
3391 1553 3675 1625 κηρύττων
3724 1553 3849 1621 ἅμα

2264 1647 2361 1700 καὶ
2390 1647 2709 1717 μαρτυρῶν,
2739 1648 2821 1701 ὅτι
2853 1648 2943 1701 διὰ
2967 1647 3065 1716 τῆς
3098 1646 3193 1701 τοῦ
3225 1647 3478 1717 Σωτῆρος
3524 1647 3848 1715 οἰκονομίας

2264 1740 2359 1792 καὶ
2391 1739 2490 1809 τῆς
2524 1740 2837 1811 ἱερουργίας
2887 1739 3213 1807 σεσὼσμεθά
3241 1756 3299 1793 τε
3329 1738 3422 1794 καὶ
3455 1736 3843 1806 σωθησόμεθα,

2270 1831 2640 1902 συνεργούσης
2671 1835 2790 1893 ταῖς
2823 1832 3009 1901 εὐχαῖς
3027 1831 3122 1885 τοῦ
3150 1830 3425 1900 ὑπηρέτου
3450 1816 3545 1883 τοῦ
3578 1827 3847 1898 μεγίστου

2268 1924 2590 1994 μυστηρίου,
2624 1924 2721 1993 τῆς
2748 1924 3037 1985 Θεοτόκου,
3066 1924 3161 1977 καὶ
3184 1924 3405 1978 πάντων
3433 1920 3542 1975 τῶν
3572 1918 3848 1991 ἡγιασμέ-

2263 2034 2371 2070 νων
2405 2019 2469 2070 ὲκ
2493 2017 2684 2070 τούτου
2709 2031 2723 2046 '
2762 2018 2849 2071 ὅτε
2876 2016 3154 2085 παρευθὺς
3184 2018 3211 2070 ὁ
3238 2016 3347 2068 τῶν
3380 2014 3691 2084 ψαλλόντων
3741 2030 3850 2083 χοε

2268 2110 2359 2178 ρδς
2393 2108 2519 2171 τούς
2557 2127 2617 2162 τε
2656 2109 2895 2172 βασιλεῖς
2930 2108 3149 2178 εῦχεταῖ
3182 2108 3320 2177 μετά
3346 2106 3539 2175 ὕμνου,
3564 2104 3658 2159 καὶ
3676 2103 3851 2158 αὐτὸν

2264 2199 2354 2253 τὸν
2384 2201 2664 2271 ἀρχιερέα,
2701 2201 2761 2253 ού
2791 2201 2884 2253 τον
2912 2202 3198 2268 ἄνθρωπον
3222 2196 3408 2259 ἁπλῶς
3434 2195 3845 2267 εὐφημοῦντες,

2263 2290 2399 2343 ἀλλὰ
2427 2290 2520 2344 καὶ
2552 2291 2649 2359 τὴν
2680 2290 2879 2358 πιστὴν
2927 2288 3228 2359 βασιλείαν,
3276 2289 3373 2342 καὶ
3424 2288 3521 2357 τὴν
3556 2284 3849 2355 ὀρθόδοξον

2262 2379 2675 2451 ἀρχιερωσύνην
2721 2380 3003 2452 διαμένειν
3024 2380 3331 2450 εὐχόμενοι,
3371 2381 3467 2432 καὶ
3494 2378 3555 2430 τὸ
3583 2378 3742 2446 ἔργον
3769 2380 3845 2431 τὸ

2261 2473 2358 2543 τῆς
2391 2474 2700 2544 ἱερουργίας
2731 2472 2871 2541 ὑπὲρ
2904 2474 3061 2543 ἡμῶν
3090 2473 3323 2534 αιωνίως
3350 2469 3647 2533 ἀκωλύτως
3696 2470 3848 2523 διεν-

2261 2564 2563 2633 εργεῖσθαι.
2598 2564 2705 2628 Οὓς
2728 2564 2934 2618 καὶτὸν
2966 2564 3096 2631 λαὸν
3124 2566 3244 2635 τρὶς
3274 2563 3583 2635 σφραγίσας
3607 2562 3849 2630 ὕστερον

2262 2657 2446 2723 πάλιν,
2482 2660 2577 2712 καὶ
2634 2657 3007 2727 ἐπευξάμενος
3059 2660 3088 2713 ὁ
3144 2658 3460 2728 ἀρχιερεὺς,
3513 2654 3609 2718 τὸ,
3662 2673 3681 2706 ι
3717 2653 3846 2708 Νῦν

2262 2750 2540 2814 ἀπολύεις,
2582 2769 2598 2801 ι
2639 2749 2757 2803 καθ’
2808 2749 3001 2803 ἑαυτὸν
3050 2750 3143 2802 καὶ
3191 2749 3260 2802 τά
3309 2748 3473 2802 λοιπά
3523 2747 3693 2815 λέγει,
3738 2747 3849 2801 τοῦ

2262 2840 2486 2910 Συμεὼν
2537 2841 2905 2911 μεμνημένος,
2952 2840 3118 2910 ἡνίκα
3151 2840 3515 2912 τὸν-Χριστὸν
3565 2840 3850 2909 ἀγκάλαις

2261 2932 2499 2997 ἐδέξατο.
2532 2932 2641 2985 Καὶ
2666 2932 2735 2984 τά
2764 2931 2890 3000 ίερά
2918 2932 3237 2985 ἀποτίθεται
3268 2934 3469 3001 άμφια.
3518 2929 3846 3003 Προσευξά-

2265 3040 2424 3092 μενος
2452 3020 2545 3076 οὖν
2572 3024 2666 3076 καὶ
2692 3023 2995 3088 ἀπολύσας,
3028 3023 3172 3095 ὑπὲρ
3217 3024 3439 3078 πάντων
3474 3024 3797 3094 εὐχαριστεῖ
3832 3040 3849 3055 ο

585 3105 881 3159 secundum
910 3102 1052 3155 istud
1086 3110 1139 3153 ct
1173 3115 1338 3168 supra
1366 3114 1467 3153 nos
1499 3108 1784 3174 poscerent
1816 3116 2101 3158 sermones
2135 3122 2148 3158 :
2178 3110 2187 3154 t

2264 3116 2356 3170 καὶ
2388 3115 2507 3186 τρὶς
2530 3115 2606 3185 τῷ
2642 3116 3012 3185 θυσιαστηρίῳ
3057 3118 3466 3186 προσκυνήσας,
3502 3117 3843 3185 ἀπέρχεται.

586 3196 860 3265 sedjuxta
926 3193 1219 3263 potentiam
1277 3200 1542 3258 nostram,
1582 3202 1638 3246 ut
1698 3204 1817 3249 erat
1877 3196 2156 3263 possibile,

588 3289 806 3343 brevius
837 3286 1226 3355 complevimus
1256 3294 1310 3338 et
1338 3285 1598 3354 speculati
1627 3300 1857 3352 sumus;
1894 3289 2152 3356 quoniam

591 3397 755 3450 super
786 3380 914 3433 illud
974 3377 1126 3432 inulti
1163 3376 1330 3431 divini
1394 3375 1494 3431 viri
1547 3378 1764 3433 excelse
1819 3379 2161 3449 miriﬁceque

590 3475 753 3529 locuti
783 3483 929 3534 sunt,
966 3479 1019 3524 et
1051 3485 1152 3524 nos
1180 3484 1286 3524 non
1318 3478 1534 3539 oportet
1560 3483 1623 3522 ea
1676 3478 1887 3525 tentare
1917 3488 2035 3540 quae
2061 3489 2153 3527 su-

589 3584 681 3636 pra
716 3580 815 3621 nos
851 3572 995 3617 sunt.
1033 3561 1155 3616 llaac
1185 3560 1329 3615 enim
1357 3561 1519 3616 etiam
1546 3572 1671 3615 sunt
1698 3571 1918 3632 propter
1968 3578 2088 3622 vos.

2257 3208 2496 3263 Τοιαῦτα
2547 3210 2642 3262 καὶ
2685 3207 2751 3261 τά
2800 3208 2898 3278 τῆς
2949 3210 3193 3279 μεγάλης
3241 3210 3338 3263 καὶ
3389 3211 3540 3280 ἱερᾶς
3588 3209 3846 3279 τελετῆς,

2261 3303 2551 3373 μεγίστους
2582 3301 2680 3370 μὲν
2731 3303 2850 3355 κατ’
2886 3302 3058 3372 αὐτὴν
3108 3303 3203 3356 καὶ
3252 3303 3393 3375 ὑπὲρ
3442 3305 3590 3374 ἡμᾶς
3634 3303 3848 3373 ἔχουσα

2257 3397 2384 3458 τοὺς
2413 3395 2625 3463 λόγους,
2660 3396 2802 3448 κατὰ
2829 3394 3060 3463 δύναμιν
3089 3395 3147 3447 δὲ
3174 3395 3452 3466 ἡμετέραν
3477 3395 3552 3453 ὡς
3574 3392 3643 3465 ἦν
3675 3398 3846 3451 δυνα-

2260 3486 2353 3539 τδν
2384 3484 2850 3554 συνοπτικάηερον
2882 3486 3205 3540 συντεθεῖσά
3242 3504 3301 3540 τε
3336 3487 3432 3541 καὶ
3465 3487 3839 3556 θεωρηθείσα,

2262 3582 2383 3634 ἐπεὶ
2425 3579 2640 3642 πολλοῖς
2672 3579 2801 3649 περὶ
2834 3577 3038 3644 ταύτης
3085 3577 3334 3633 λέλεκται
3388 3577 3555 3642 θείοις
3604 3580 3844 3653 ἀνδράσι

585 3660 679 3712 καὶ
709 3656 1000 3730 ὑψηγόρως
1053 3656 1151 3709 καὶ
1200 3654 1557 3723 θαυμαστῶς*
1598 3655 1693 3708 καὶ
1741 3658 1802 3711 ού
1859 3659 1943 3717 δεῖ
1997 3674 2349 3749 κατατολμᾷν
2397 3677 2545 3748 ἡμᾶς
2595 3676 2706 3730 τῶν
2741 3674 2880 3746 ὑπὲρ
2935 3676 3103 3744 ἡμᾶς’
3151 3674 3246 3727 καὶ
3308 3674 3483 3729 ταῦτα
3570 3676 3683 3747 γὰρ
3766 3674 3843 3732 δι’

581 3757 746 3825 ὑμᾶς.
1484 3790 1487 3793 <
2042 3816 2046 3821 ,

649 3848 903 3904 Clericus.
962 3843 1179 3901 Gratias
1237 3844 1366 3909 Deo,
1418 3849 1564 3918 quod
1614 3866 1778 3923 super
1831 3856 2150 3929 huiusmodi

582 3940 745 3994 rebus
776 3950 882 3993 tam
911 3938 1147 3993 excelsis
1196 3946 1250 3992 ct
1293 3946 1403 3993 tam
1438 3940 1640 3997 divinis
1696 3946 2030 4008 sufﬁcienter
2057 3956 2152 4011 ad-

577 4033 678 4101 jnti
725 4044 915 4086 sutnus
960 4030 1255 4099 :cupimns
1308 4039 1489 4086 autem
1549 4043 1604 4088 et
1656 4035 1869 4095 discere
1920 4057 1980 4097 ea
2027 4061 2151 4116 quae

582 4133 827 4194 Spectant
872 4122 938 4177 ad
990 4122 1355 4178 initiationem
1404 4140 1468 4179 ac
1499 4133 1975 4189 consecrationem
2014 4146 2149 4193 tem.

2327 3868 2650 3937 Κληρικός.
2680 3868 2853 3938 Χάρις
2887 3866 2965 3935 τῷ
2994 3867 3134 3937 Θεῷ,
3163 3868 3246 3922 ὃτι
3281 3869 3375 3922 καὶ
3414 3867 3543 3937 περὶ
3572 3868 3681 3921 τῶν
3711 3868 3839 3924 λίαν

2257 3961 2432 4025 οὕτως
2476 3960 2695 4031 ὑψηλῶν
2743 3976 2803 4012 τε
2875 3958 2970 4013 καὶ
3023 3959 3187 4012 θείων
3230 3961 3569 4031 πραγμάτων
3617 3963 3836 4017 τούτων

2261 4052 2462 4114 ἱκανῶς
2505 4050 2889 4120 ὠφελήθημεν.
2935 4050 3216 4120 Ζητοῦμεν
3261 4050 3319 4105 δὲ
3371 4050 3567 4122 μαθεῖν
3615 4052 3711 4104 καὶ
3757 4054 3837 4107 τὰ

2262 4143 2387 4213 περὶ
2426 4141 2525 4209 τῆς
2554 4141 2777 4212 τελετῆς
2810 4141 2904 4194 καὶ
2934 4142 3312 4212 καθιερώσεως
3350 4144 3444 4195 τοῦ
3475 4142 3629 4209 ναοῦ,
3653 4143 3730 4207 ὡς
3759 4146 3836 4199 ἂν

587 4216 695 4287 pli,
756 4215 1108 4282 rationesque
1164 4214 1471 4271 divinorum
1513 4219 1569 4273 in
1617 4221 1723 4276 hoc
1772 4226 2144 4293 symbolorum

2264 4233 2480 4287 καὶτῶν
2510 4234 2568 4286 ἐν
2597 4231 2773 4303 τούτῳ
2803 4233 2962 4286 θείων
2998 4233 3284 4302 συμϐόλων
3315 4234 3441 4298 τοὺς
3470 4232 3663 4302 λόγους
3688 4234 3833 4305 ἐχω-

583 4309 803 4362 habere.

2255 4340 2375 4393 μεν.
