4044 6198
235 259 326 326 305

1481 289 1586 350 DE
1621 291 1864 358 SACRO
1889 296 2212 358 TEMPLO'.

3373 316 3492 379 306-

244 417 3424 490 M_*_

855 587 1252 774 ΠΕΡΙ
1327 517 1680 728 ΤΟΥ
1771 597 2301 739 ΑΓΙΟΥ
2375 607 2836 748 ΝΑΟΥ

1051 926 1274 1015 ΤΗΣ
1343 932 1806 1021 ΤΟΥΤΟΥ
1847 927 2692 1036 ΚΑΘΙΕΡΩΣΕΩΣ..

1015 1251 1210 1366 DE
1378 1212 1654 1370 SAC
1707 1260 1912 1376 ao
2044 1267 2688 1384 TEMPLO

2671 1107 2696 1138 θ

1041 1687 1050 1696 .
1099 1601 1382 1694 EJUS
1512 1603 2548 1756 CONSECRATIONE.

283 1965 638 2036 Ἀρχιερεύς.
671 1966 810 2023 Καὶ,
833 1965 962 2039 περὶ
994 1967 1189 2023 τούτου
1220 1968 1476 2041 ἐροῦμεν,
1523 1972 1658 2026 Θεοῦ
1692 1973 1770 2026 δι·
1799 2025 1805 2036 ,

1937 1975 2212 2049 Pontifex.
2270 1978 2337 2033 Et
2395 1994 2559 2050 super
2609 1981 2732 2046 hoc,
2796 1981 2904 2036 Deo
2963 1983 3148 2054 dante,
3193 1987 3462 2046 dicemus’

207 2059 399 2124 δόντος.
429 2060 587 2114 Ἐπεὶ
611 2061 710 2114 καὶ
738 2060 1053 2126 ἀκόλουθον,
1082 2065 1211 2132 περί
1229 2081 1288 2118 τε
1309 2064 1406 2118 τοῦ
1432 2064 1578 2120 θείου
1599 2067 1776 2138 μύρου

210 2153 289 2204 καὶ
315 2151 418 2219 τῆς
444 2151 597 2217 ἱερᾶς
624 2151 968 2221 λειτουργίας
988 2155 1278 2224 εἰρηκότας
1318 2157 1490 2227 ἡμᾶς,
1522 2159 1616 2212 καὶ
1647 2160 1775 2230 περὶ

204 2239 380 2292 τούτου
415 2239 714 2293 διαλαϐεῖν
751 2235 872 2294 εἶτα
903 2243 996 2296 καὶ
1033 2243 1163 2310 περὶ
1195 2245 1295 2313 τῆς
1339 2245 1491 2311 θείας
1533 2265 1776 2318 χειροτο-

207 2331 308 2392 νίας
336 2331 576 2385 ἑκάστου
617 2332 724 2385 τῶν
759 2333 1078 2404 ἱερωμένων
1113 2335 1348 2405 ἀνδρῶν.
1391 2337 1616 2408 Ἐπειδὴ
1666 2341 1774 2411 γὰρ

205 2420 372 2493 ὥσπερ
413 2424 606 2492 χρείαν
625 2423 740 2494 ἔχει
760 2424 1066 2496 ἀρχιερέως
1087 2425 1120 2497 ἢ
1147 2427 1390 2499 ίερέωςή
1415 2429 1534 2483 θεία
1561 2430 1775 2502 ἱερουρ-

205 2517 305 2585 γία,
331 2519 430 2573 καὶ
460 2521 490 2588 ἡ
525 2521 830 2590 χειροτονία
863 2522 920 2576 δὲ
952 2524 1257 2596 ἀρχιερέως
1289 2525 1456 2594 μόνον
1491 2529 1588 2581 καὶ
1612 2530 1644 2594 ἡ
1675 2530 1774 2583 τοῦ

211 2609 362 2680 μύρου
395 2611 614 2680 τελετὴ,
646 2611 792 2667 οὕτω
823 2615 918 2668 καὶ
965 2617 1061 2668 τοῦ
1112 2617 1506 2689 θυσιαστηρίου
1559 2615 1773 2678 δέονται

205 2701 370 2767 ταῦτα,
399 2705 545 2775 ὅπερ
581 2705 728 2759 ἐστὶν
755 2707 784 2758 ὁ
819 2707 941 2770 ναός
979 2724 993 2739 ·
1033 2709 1090 2762 ἐν
1141 2709 1219 2780 τῷ
1253 2711 1631 2786 θυσιαστηρίῳ
1657 2715 1768 2788 γὰρ

204 2791 282 2844 καὶ
311 2791 604 2864 ἱερουργία
627 2798 721 2850 καὶ
753 2799 1082 2870 χειροτονίαι
1119 2802 1212 2857 καὶ
1239 2803 1300 2857 τὸ
1332 2803 1506 2876 μύρον
1535 2809 1770 2873 γίνεται.

213 2881 526 2951 ⁹Δναγκοιῖον
553 2882 645 2939 οῦν
681 2889 855 2942 εἰπεῖν
878 2893 973 2945 καὶ
1004 2893 1136 2961 περὶ
1163 2894 1266 2962 τῆς
1289 2893 1384 2947 τοῦ
1419 2896 1552 2949 ναοῦ
1585 2899 1769 2951 καθιε-

199 2969 426 3062 ριξισεως.
479 2973 572 3028 Ἐν
626 2977 776 3049 αὐτῷ
837 2981 944 3050 γὰρ
1000 2981 1078 3052 τῷ
1131 2983 1242 3055 ναῷ
1285 2985 1346 3040 τὸ
1377 2987 1770 3062 θυσιαστήριον

198 3057 492 3128 πήγνυται.
529 3064 638 3118 Καὶ
671 3065 760 3119 διὰ
798 3067 891 3120 τοῦ
943 3069 1332 3145 θυσιαστηρίου
1383 3077 1539 3146 ἆγιος
1568 3079 1596 3132 ὁ
1635 3057 1769 3146 ναός

195 3149 316 3243 ἐστι·
339 3157 516 3224 χωρὶς
545 3155 601 3210 δὲ
639 3157 1028 3232 θυσιαστηρίου
1069 3165 1130 3218 οὐ
1161 3169 1307 3234 ναὸς,
1357 3170 1496 3225 ἀλλὰ
1529 3189 1768 3243 προσευ-

192 3241 284 3338 γῆς
309 3247 478 3314 μόνον
507 3245 678 3314 οἶκος.
713 3252 958 3323 μετέχων
986 3255 1086 3326 τῆς
1116 3259 1224 3312 ἀπὸ
1257 3261 1366 3314 τῶν
1389 3241 1766 3338 εῦχῶννμόνης

192 3333 514 3409 ἁγιωσύνης,
541 3341 604 3393 οῦ
645 3341 780 3397 Θεοῦ
813 3343 973 3416 δόξης
1014 3349 1300 3420 σκήνωμα,
1340 3333 1763 3430 οὖδὲκατοικη-

188 3427 360 3495 τήριον
383 3429 607 3498 τούτου,
657 3433 775 3487 οὐδὲ
826 3437 982 3508 ίσχῦν
1029 3439 1277 3497 πλουτῶν
1327 3443 1502 3510 θείαν,
1542 3448 1644 3513 τὰς
1703 3427 1761 3504 ἐν

349 3521 518 3616 ἡμῶν
549 3529 864 3598 προσευχὰς
901 3528 1040 3600 πρὸς
1063 3529 1198 3586 Θεὸν
1211 3535 1522 3612 χἀναφέρειν
1545 3539 1640 3594 διὰ
1663 3541 1778 3616 τῆς,

189 3607 240 3660 ιν
270 3611 410 3704 αὐτῷ
453 3614 698 3684 χάριτος·
729 3619 854 3673 οὐδὲ
903 3607 1312 3696 προσφέρεσθαι
1344 3629 1402 3682 ἐν
1431 3631 1494 3702 τῇ
1523 3631 1582 3686 ὲν
1610 3607 1762 3704 αὗτῷ

187 3703 422 3776 τραπέζῃ
465 3706 534 3760 τὰ
568 3707 688 3762 θεῖα
730 3710 900 3784 δῶρα,
935 3718 1030 3771 καὶ
1057 3716 1143 3770 διὰ
1182 3720 1291 3774 τῶν
1337 3720 1633 3792 ἱερατικῶν
1667 3703 1762 3779 ait-

186 3793 307 3887 χιῖιν,
335 3797 442 3866 τῆς
475 3798 573 3852 τοῦ
609 3803 846 3872 σταυροῦ
894 3824 954 3860 τε
999 3811 1312 3879 σφραγῖδος,
1360 3815 1442 3878 είς
1474 3815 1634 3887 σῶμα
1666 3819 1762 3872 καὶ

185 3881 310 3952 αἷμα
356 3889 608 3959 Χριστοῦ
644 3893 784 3963 ἁγίῳ
827 3897 1107 3968 Πνεῦματι
1133 3891 1136 3894 ’
1159 3881 1616 3970 μεταϐάλλεσθαι.
1651 3912 1762 3967 Καὶ

179 3975 290 4069 οὐδὲ
337 3979 596 4048 τράπεζά
621 3985 770 4039 ἐστιν
799 3987 858 4040 ὲν
887 3989 1060 4060 αὐτῷ.
1085 3993 1175 4047 Διὺ
1199 3995 1285 4048 ἵνα
1310 3999 1536 4069 γένηται
1562 4001 1756 4069 ταῦτα,

179 4067 262 4158 καὶ
289 4069 531 4140 δύναμιν
561 4073 686 4145 ἔχῃ,
715 4082 810 4135 καὶ
835 4082 964 4144 ναδς
994 4084 1218 4158 ὑπάρχῃ
1262 4067 1439 4152 Θεοῦ,
1466 4093 1559 4146 καὶ
1602 4067 1759 4149 τοῦτο

176 4155 338 4224 οὕτως
373 4163 875 4248 οίκοδομεῖταικαὶ
911 4155 1224 4242 ἁγιάζεταιξ

676 4283 832 4354 115
855 4287 1108 4346 ΚΕΦΔΛ.
1138 4293 1266 4348 PA'.

176 4367 302 4434 Περὶ
329 4373 670 4445 οἰκοδομῆς
703 4377 878 4447 ἁγίου
909 4379 1084 4502 νῗῗῦ,
1137 4383 1236 4437 καὶ
1285 4385 1480 4456 εὐχῆς
1531 4387 1626 4441 ἐπὶ
1662 4391 1755 4443 θε-

861 4465 932 4502 ιιε
1002 4467 1072 4502 ω.

859 4465 1072 4517 pssum.

239 4529 302 4582 ’0
333 4535 556 4603 μέλλων
601 4537 958 4608 οἰκοδομῆσαι
1011 4542 1154 4598 θεῖον
1202 4547 1332 4600 ναὺν
1385 4550 1752 4620 προσέρχεται

169 4620 235 4689 τῷ
267 4625 547 4698 ἀρχιερεῖ,
599 4630 695 4684 καὶ
727 4631 1025 4699 ἑξαιτείται
1059 4637 1195 4708 πρὸς
1229 4637 1420 4692 τούτου
1462 4643 1560 4710 τὴν
1605 4641 1748 4696 ἔνδο-

169 4727 261 4767 σιν.
293 4717 436 4770 οὐδὲ
469 4719 582 4786 γὰρ
612 4720 731 4786 ἐξόν
757 4711 863 4777 τίνι
891 4729 1064 4795 χωρὶς
1093 4729 1490 4800 ἀρχιερατικῆς
1517 4748 1748 4802 προστα-

170 4802 258 4870 ﬁt;
281 4810 398 4871 τοῖς
430 4812 705 4874 τοιούτοις
737 4813 1060 4886 ἐπιχειρεῖν.
1093 4819 1225 4890 Θείᾳ
1265 4821 1374 4891 γὰρ
1419 4825 1654 4896 smmi
1686 4842 1745 4878 τε

171 4893 247 4988 καὶ
279 4896 496 4988 δοκιμῇ
519 4902 588 4954 τὰ
617 4901 736 4956 θεῖα
763 4904 1009 4972 γίνεσθαι
1037 4910 1170 4979 χρὴ,
1214 4911 1309 4964 καὶ
1338 4911 1400 4988 ἐν
1427 4915 1542 4976 τοῖς
1577 4893 1742 4979 θείοις

167 4983 246 5036 τὸν
265 4988 406 5042 Θεὸν
439 4985 590 5043 εῖναι
618 4992 796 5064 ἀρχὴν
823 4995 933 5049 τῶν
978 4998 1200 5051 πάντων
1242 4983 1486 5071 ἀρχηγὸν
1518 5005 1612 5058 καὶ
1651 5023 1740 5058 τε-

171 5071 402 5146 λειωτὴν,
444 5081 504 5142 ὃς
536 5085 688 5134 ἐστιν
729 5085 935 5152 Ἰησοῦς
966 5089 1222 5156 Χριστὸς,
1265 5095 1292 5145 ὁ
1342 5095 1487 5156 θεῖος
1531 5097 1741 5161 Παῦλός

171 5178 338 5232 φησιν.
387 5171 520 5222 Ἐπὶ
571 5173 628 5225 δὲ
663 5175 752 5228 τὸν
783 5175 968 5244 θρόνον
1021 5163 1261 5249 Χριστοῦ
1313 5185 1547 5255 κάθηται
1599 5189 1740 5243 ἐλέει

171 5255 316 5310 αὑτοῦ
345 5263 374 5314 ὀ
419 5263 738 5335 ἀρχιερεύς.
787 5271 1098 5341 Δοκιμάσας
1129 5271 1223 5330 οὖν
1268 5276 1423 5341 οὗτος
1453 5279 1544 5332 τὸν
1590 5282 1739 5334 οἰκο-

170 5343 332 5412 inpeiv
363 5349 622 5418 θέλοντα,
655 5360 868 5428 μήποτε
899 5365 1150 5436 ἐπιχειρῇ
1186 5355 1308 5436 μὲν.
1345 5371 1406 5424 οὐ
1436 5371 1630 5444 τελέσῃ
1655 5374 1732 5438 δὲ,

171 5433 228 5534 t3);
261 5447 386 5511 περὶ
428 5447 526 5497 τοῦ
579 5449 790 5521 πύργου
842 5455 898 5506 ὲν
1051 5433 1371 5533 Εὐαγγελίῳ
1400 5433 1730 5534 γέγραττται,

169 5525 501 5632 {innocenter
533 5538 622 5594 ἴνα
675 5545 749 5612 μὴ
808 5525 1116 5617 ἀρξάμενός
1168 5525 1250 5616 τις
1302 5525 1422 5608 οῦκ-
1451 5525 1732 5632 ἐκτελέσῃ,

171 5617 460 5718 ἣ-μήποτε
511 5631 786 5700 τελεσθεὶς
839 5641 936 5693 καὶ
973 5640 1256 5710 ἁγιασθεὶς
1307 5646 1482 5718 ἀφεθῇ
1534 5651 1560 5701 ὁ
1609 5617 1734 5712 ναὲξ

176 5709 340 5780 πᾶλιν,
377 5719 476 5772 καὶ
525 5721 708 5794 ἀργῶν
738 5727 980 5800 ἵσταται,
1019 5709 1092 5799 ὦς
1141 5735 1208 5789 τὰ
1253 5709 1386 5806 πρὸξ
1434 5709 1622 5807 rei“?
1657 5709 1732 5808 Pii

1881 2069 2141 2138 quoniam
2173 2077 2226 2126 et
2260 2084 2602 2140 consequens
2621 2082 2702 2126 est
2731 2087 2831 2126 nos
2855 2073 2921 2130 de
2952 2075 3142 2132 divino
3176 2091 3458 2150 unguento

1879 2174 2146 2230 Sacraque
2179 2159 2402 2232 liturgia
2447 2159 2660 2215 locutos
2692 2163 2759 2215 de
2785 2163 2887 2218 hoc
2916 2165 3082 2220 etiam
3136 2168 3407 2226 disserere
3439 2189 3454 2225 :

1879 2249 2078 2306 deinde
2131 2251 2200 2306 de
2251 2251 2436 2307 divina
2509 2253 2948 2328 uniuscujusque
3002 2272 3452 2317 consecratorum

1879 2341 2161 2398 hominum
2193 2343 2557 2401 ordinatione.
2583 2343 2806 2401 Etenim.
2831 2349 3293 2418 quemadmodum
3318 2369 3456 2424 opus

1877 2443 1961 2490 est
1994 2435 2278 2504 pontiﬁce,
2329 2435 2417 2492 vel
2447 2437 2735 2496 sacerdote
2765 2453 2936 2493 sacrae
2983 2439 3242 2512 liturgiae,
3275 2447 3460 2513 ponti-

1878 2523 1980 2579 ﬁce
2006 2539 2136 2581 vero
2171 2534 2381 2581 tantum
2437 2527 2772 2582 ordiuatioui
2835 2533 3210 2604 unguentique
3273 2536 3456 2591 initia-

1879 2613 2050 2681 tioni,
2087 2615 2168 2670 sic
2213 2617 2377 2670 etiam
2428 2628 2584 2685 egent
2613 2618 2716 2672 ista
2756 2619 3214 2678 sanctiﬁcationis
3284 2625 3448 2695 loco;

1877 2706 1964 2761 hic
1990 2715 2171 2763 autem
2203 2719 2285 2764 est
2333 2710 2617 2779 templum.
2645 2709 2701 2763 In
2736 2711 2895 2766 altari
2946 2715 3088 2769 enim
3120 2718 3178 2770 ﬁt
3211 2717 3456 2790 liturgia,

1874 2806 1928 2854 et
1958 2799 2354 2862 ordinationes,
2390 2809 2443 2855 et
2475 2815 2692 2856 sacrum
2718 2814 3078 2874 unguentum.
3109 2807 3343 2865 Necesse
3367 2821 3448 2864 est

1873 2889 2040 2960 igitur
2071 2899 2122 2944 et
2174 2891 2238 2944 de
2297 2890 2480 2959 templi
2527 2893 2946 2948 consecratione
2988 2896 3134 2966 loqui
3170 2919 3184 2952 :
3218 2900 3270 2950 in
3325 2901 3446 2969 ipso

1875 2995 2114 3051 namque
2165 2982 2364 3051 templo
2407 2982 2653 3036 ﬁrmatur
2683 2984 2878 3049 altare,
2922 2996 2975 3042 et
3005 3002 3099 3056 per
3124 2989 3292 3046 altare
3323 3008 3452 3047 sau~

1871 3082 2016 3127 ctum
2065 3083 2147 3129 est
2173 3073 2470 3142 templum;
2512 3083 2565 3130 et
2601 3076 2717 3131 sine
2750 3077 2901 3132 altari
2929 3095 3037 3134 non
3061 3091 3142 3136 est
3170 3085 3452 3153 templum,

1869 3163 1966 3219 sed
2030 3171 2246 3218 tantum
2316 3166 2581 3222 orationis
2628 3168 2849 3231 domus,
2905 3171 3078 3225 solam
3130 3175 3442 3230 orationum

1869 3254 2305 3310 benedictionem
2343 3255 2704 3326 participans,
2767 3275 2875 3314 non
2917 3259 3008 3316 Dei
3057 3263 3244 3332 gloria:
3274 3265 3454 3319 taber-

1868 3345 2144 3410 naculum,
2181 3361 2280 3401 nec
2303 3345 2476 3416 ipsius
2505 3347 2687 3414 sedes,
2726 3364 2824 3403 nec
2869 3349 3300 3422 diviuapollens
3342 3357 3452 3409 vir-

1871 3443 1984 3490 tute
2019 3451 2207 3504 preces
2241 3445 2460 3493 nostras
2481 3453 2602 3508 quae
2625 3439 2762 3494 ﬁunt
2793 3443 2844 3494 in
2878 3456 2940 3494 ea
2981 3442 3046 3496 ad
3085 3442 3252 3498 Deum
3284 3449 3445 3500 attol-

1867 3529 2012 3583 lendi
2049 3545 2142 3599 per
2163 3531 2395 3600 gratiam
2421 3531 2522 3601 ipsi
2580 3533 2959 3589 inhaerentem.
2981 3533 3087 3590 Nec
3111 3537 3164 3590 in
3190 3554 3249 3592 ea
3277 3554 3441 3608 super

1866 3635 2111 3674 mensam
2196 3621 2378 3676 divina
2453 3624 2682 3693 proponi
2733 3634 2963 3693 possunt
3031 3627 3192 3690 dona,
3247 3645 3448 3700 pet-qun

1865 3712 2229 3768 sacerdotales
2287 3728 2476 3782 preces
2503 3723 2554 3767 et
2597 3713 2779 3770 erucis
2815 3716 3028 3785 signum
3081 3718 3133 3772 in
3173 3734 3367 3789 corpus
3390 3734 3448 3776 et-

1863 3804 2179 3868 sanguinem
2233 3805 2435 3859 Christi
2485 3805 2688 3872 Spiritu
2742 3819 2936 3862 sancto
3005 3811 3272 3868 converti.
3332 3813 3436 3868 Sed

1865 3911 1964 3950 nec
1995 3895 2155 3949 etiam
2191 3903 2276 3950 est
2321 3897 2372 3950 in
2431 3912 2492 3951 ea
2546 3913 2754 3952 mensa.
2793 3901 2920 3954 Ideo
2959 3911 3014 3954 ut
3065 3901 3168 3956 ista
3208 3904 3358 3968 ﬁant,
3388 3916 3442 3960 et

1865 3985 2120 4038 virtutem
2173 3985 2432 4052 habeant,
2478 3996 2530 4040 et
2556 3987 2819 4055 templum
2857 3988 2950 4043 Dei
2979 3991 3082 4054 sit,
3108 3991 3236 4046 illud
3276 3995 3451 4048 etiam.

1861 4074 1940 4128 sic
1965 4073 2307 4130 consternitur
2336 4082 2392 4128 et
2426 4075 2822 4132 sanctiﬁcatur.

2555 4165 2570 4186 ε’

2479 4288 2706 4345 CAPUT
2747 4291 2830 4347 (Π.

1862 4383 1938 4436 De
1971 4382 2324 4450 a'diﬁcatione
2367 4382 2538 4436 sancti
2581 4382 2778 4448 temp“.
2821 4393 2870 4436 ει
2927 4385 3164 4450 precibus
3223 4392 3440 4449 αυαηάο

2221 4453 2336 4520 ejus
2396 4453 2800 4520 fundamentum
2847 4455 3082 4520 ponitur.

1931 4543 2032 4609 Qui
2066 4543 2181 4596 vult
2209 4543 2455 4598 divinum
2489 4545 2752 4612 templqu
2785 4545 3080 4612 aediﬁcare,
3115 4552 3432 4617 pontiﬁcem

1855 4635 1967 4690 adit
1998 4645 2051 4690 et
2075 4637 2143 4690 ab
2179 4635 2270 4689 illo
2321 4637 2456 4706 petit
2479 4635 2884 4690 concessionem
2924 4653 2938 4691 :
2978 4653 3083 4692 non
3121 4641 3265 4696 enim
3320 4649 3435 4700 cui-

1853 4741 2016 4796 quam
2052 4725 2133 4780 ias
2200 4733 2284 4780 est
2329 4725 2537 4793 absque
2596 4725 2892 4794 pontiﬁcali
2937 4727 3187 4796 jussioue
3233 4734 3431 4792 talibus

1852 4831 2074 4870 manum
2109 4817 2400 4871 admovere
2437 4834 2450 4869 :
2486 4815 2672 4869 divino
2719 4831 2956 4884 namque
2997 4817 3156 4886 jussu
3212 4823 3428 4879 divina-

1846 4925 1952 4978 que
1997 4909 2317 4978 probatione
2347 4905 2530 4960 divina
2565 4907 2680 4960 ﬁeri
2717 4924 2940 4965 necesse
2980 4920 3086 4974 est,
3118 4922 3172 4968 et
3205 4917 3258 4972 in
3289 4917 3430 4970 divi-

1845 5001 1932 5056 nis
1972 4999 2292 5070 principium
2325 5013 2448 5052 esse
2498 4997 2690 5068 Deum,
2727 5007 2970 5062 omnium
3027 5017 3308 5064 auctorem
3364 5025 3428 5063 ac

1846 5101 2370 5154 consummatorem,
2427 5090 2518 5159 qui
2568 5099 2648 5145 est
2716 5095 2966 5154 Christus
3006 5099 3186 5164 Jesus,
3243 5101 3434 5170 inquit

1845 5182 2003 5236 divus
2069 5183 2312 5246 Paulus;
2393 5200 2558 5255 super
2631 5199 2809 5242 autem
2867 5189 3074 5244 Christi
3134 5192 3419 5252 thronum,

1854 5275 2030 5344 ipsius
2084 5277 2485 5343 misericordia,
2538 5281 2790 5335 considet
2849 5279 3118 5349 pontifex.
3177 5281 3422 5338 Probans

1841 5367 2003 5436 igitur
2031 5369 2130 5421 iste
2155 5383 2277 5422 eum
2313 5374 2405 5439 qui
2435 5373 2548 5426 vult
2590 5373 2886 5433 aediﬁcare,
2951 5375 3246 5442 nequando
3294 5377 3420 5446 qui-

1843 5460 1966 5516 dem
2001 5461 2248 5530 incipiat,
2295 5479 2402 5516 nou
2435 5475 2614 5520 autem
2653 5465 2920 5535 perﬁciat,
2953 5467 3099 5520 sicut
3151 5473 3217 5522 de
3279 5473 3418 5524 turni

1843 5553 1898 5605 in
1963 5551 2253 5623 Evangelio
2321 5555 2580 5620 scriptum
2631 5567 2748 5620 est,
2805 5557 3066 5616 dimittit.
3137 5575 3204 5612 ne
3269 5561 3418 5628 quis.

1842 5654 2132 5714 postquam
2192 5646 2472 5717 inceperit,
2530 5665 2634 5720 non
2687 5649 2954 5718 perﬁciat,
2991 5651 3072 5706 vel
3137 5652 3429 5721 nequando

1848 5737 2060 5794 ﬁnitum
2116 5747 2168 5794 et
2195 5751 2572 5796 consecratum
2605 5742 2864 5810 templum
2899 5753 3088 5811 postea
3128 5742 3417 5800 deseratur
