4044 6198
549 290 677 353 3Ἷ7⁴³

1360 292 1499 348 SYM
1516 290 1739 349 EONIS
1776 291 2063 350 THESSA
2078 293 2529 355 LONICENSIS
2560 297 2920 359 AHCHIEP.

3664 293 3770 353 3“8

528 409 586 453 et
632 399 864 453 otiosum
921 405 1233 459 remaneat,
1294 407 1547 465 tanquam
1606 396 1912 451 necessaria
1963 397 2113 471 usui

2204 400 2348 472 Ξχων.
2386 404 2474 457 Διὸ
2505 405 2595 457 καὶ
2624 403 3007 474 ἐξεταζόμενος
3037 405 3066 456 6
3104 402 3450 472 οἰκοδομῆσαι
3504 401 3763 471 βουλόμε-

532 507 638 545 ηοη
696 491 918 543 hahens.
976 488 1120 553 Ideo,
1151 488 1400 543 examine
1448 486 1612 551 facto,
1644 488 1734 557 qui
1769 489 1883 540 vult
1913 488 2086 541 aedifi-

2190 511 2301 559 νος,
2332 497 2426 548 καὶ
2473 495 2595 557 δοὺς
2644 496 2802 562 λόγον
2833 496 2907 556 ὡς
2941 497 3021 557 είς
3051 494 3201 556 τέλος
3248 492 3617 563 οἰκοδομήσει,
3668 491 3765 543 καὶ

529 596 674 641 rare,
723 579 846 631 data
895 578 1107 630 ratione
1151 577 1293 645 quod
1354 578 1405 631 in
1474 579 1631 631 finem
1684 577 2003 641 aediflrabit,
2033 588 2089 632 et

2204 588 2255 640 τὰ
2304 587 2445 640 κατὰ
2488 586 2679 657 χρείαν
2736 585 2961 639 ἅπαντα
3012 585 3312 653 ἑτοιμάσει,
3364 581 3764 648 προστάττεται

527 668 706 721 omnia
740 667 1039 721 necessaria
1095 667 1482 736 suppeditabit,
1534 669 1752 737 juhetur
1796 667 2085 723 aediﬁcare.

531 760 593 813 Et
625 758 957 814 effodiuntur
982 759 1370 824 fundamenta;
1404 769 1457 812 et
1510 769 1769 828 parantur
1820 764 2082 813 materiae.

530 847 741 901 Etcum
775 856 987 916 tempus
1029 847 1331 905 aedificandi
1360 850 1586 909 venerit;
1613 850 1728 917 ipse
1765 849 2004 918 pontifex
2032 849 2085 902 in

530 941 650 992 loco
675 940 836 994 sistit.
870 941 936 993 Et
968 954 1180 993 sacram
1221 940 1441 994 indutus
1497 942 1693 995 stolam
1722 982 1737 1005 ,
1786 943 1934 1000 clero
1985 944 2087 1013 ipsi

528 1030 798 1089 adstante,
833 1028 999 1083 Deum
1061 1030 1357 1095 henedicit,
1389 1047 1485 1099 pro
1516 1030 1701 1085 divino
1746 1026 1910 1099 Opere
1966 1049 2087 1101 gra-

531 1122 631 1174 tias
658 1135 857 1189 agens;
890 1130 942 1175 et
971 1121 1217 1175 oratione
1245 1113 1448 1191 trﬁagii
1496 1138 1526 1175 a
1566 1123 1713 1177 clero
1752 1122 1912 1185 facta,
1948 1123 2085 1192 ipse,

530 1210 757 1265 incenso
806 1210 1111 1274 benedicto,
1163 1212 1496 1266 thuribulum
1555 1214 1851 1281 accipiens,
1898 1212 2092 1266 funda-

532 1311 708 1354 menta
740 1310 791 1354 et
820 1300 1001 1355 foveas
1031 1301 1083 1355 in
1118 1304 1332 1356 modum
1356 1302 1535 1356 crucis
1570 1303 1862 1368 benedicit,
1910 1303 2091 1357 omnia

536 1391 938 1446 thurificatione
989 1393 1356 1445 sanctificaus.
1392 1393 1629 1461 Spiritus
1676 1394 1821 1446 enim
1858 1394 2091 1462 gratiam

536 1487 817 1537 iuwnsum
852 1523 865 1544 ,
920 1492 974 1537 et
1027 1483 1303 1539 Christum
1344 1499 1477 1539 crux
1528 1486 1782 1554 figurant.
1843 1486 2084 1539 Cunctas

531 1576 692 1629 etiam
730 1583 1021 1645 praesentes
1080 1576 1339 1629 materias
1394 1575 1691 1639 thurificat,
1736 1577 2121 1630 sanetificans,

534 1683 649 1729 eas,
682 1676 933 1735 tanquam
976 1668 1041 1718 ad
1069 1675 1311 1722 sanctam
1344 1667 1436 1720 Dei
1480 1667 1701 1721 domum
1740 1679 2090 1737 praeparatas.

2189 678 2519 747 οἰκοδομεῖν.
2548 678 2657 730 Kal
2684 674 3007 745 ὀρύσσονται
3045 675 3143 742 μὲν
3170 676 3218 725 οἱ
3254 672 3515 742 θεμέλιον
3548 670 3767 738 ἑτοιμά-

2191 768 2372 832 ζονται
2420 769 2476 820 δὲ
2513 769 2567 820 αἱ
2600 767 2745 821 ὕλαι.
2792 768 2901 821 Kal
2945 765 3040 818 τοῦ
3077 762 3272 833 καιροῦ
3312 760 3405 814 τοῦ
3457 760 3766 827 οἰκοδομεῖν

2191 859 2532 922 ἐπιστάντος,
2578 859 2742 920 αὐτὸς
2771 858 2846 925 τῷ
2876 857 3025 925 τόπῳ
3068 855 3357 922 ἐφίσταται
3388 854 3414 903 6
3441 849 3756 922 ἀρχιερεύς.

2194 952 2300 1003 Καὶ
2332 950 2483 1021 ἱεράν
2514 949 2872 1017 ἐνδυσάμενος
2900 948 3112 1015 στολὴν,
3148 945 3242 998 τοῦ
3276 944 3475 1012 κλήρου
3504 957 3763 1009 συμπαρ-

2190 1040 2345 1102 όντος
2394 1039 2562 1109 αὐτῷ,
2592 1041 2809 1107 εύλογεῖ
2849 1038 2938 1091 τὸν
2972 1037 3126 1104 Θεδν,
3166 1034 3501 1105 εὐχαριστῶν
3529 1032 3604 1102 τῷ
3628 1031 3766 1105 ,θείῳ

2194 1130 2359 1199 ἔργῳ.
2413 1131 2524 1183 Kal
2580 1129 2887 1198 προσευχῆς
2947 1125 3241 1195 γινομένης
3307 1125 3402 1177 τοῦ
3459 1114 3764 1192 Τρίσαγίου

2196 1224 2346 1293 παρά
2375 1221 2470 1275 τοῦ
2506 1222 2734 1291 κλήρου,
2794 1220 2959 1281 αὐτὸς
3008 1218 3314 1286 εὐλογήσας
3358 1214 3629 1283 θυμίαμα,
3664 1214 3765 1263 θυ-

2201 1314 2491 1384 μιατήριόν
2543 1330 2601 1365 τε
2653 1312 2833 1364 λαϐὼν
2884 1311 3010 1373 τοὺς
3043 1308 3327 1378 θεμελίους
3356 1306 3451 1359 καλ⁸
3483 1304 3553 1357 τὰ
3602 1302 3766 1374 ὀρύγ-

2200 1421 2345 1473 ματα
2401 1403 2755 1473 σταυροειδῶς
2796 1402 3029 1469 εὐλογεῖ,
3097 1401 3277 1453 πάντα
3327 1396 3407 1465 τῷ
3460 1395 3767 1464 θυμιάματι

2199 1492 2465 1561 ἁγιάζων.
2501 1492 2612 1559 Τὴν
2670 1490 2833 1560 χάριν
2865 1491 2973 1559 γὰρ
3020 1490 3181 1542 τυποῖ
3224 1485 3319 1540 τοῦ
3354 1484 3663 1552 Πνεύματος
3706 1481 3773 1533 τὸ

2200 1582 2471 1651 θυμίαμα,
2506 1582 2602 1634 καὶ
2632 1582 2659 1634 6
2687 1580 2921 1651 σταυρὸς
2943 1579 3036 1631 τὸν
3063 1564 3319 1648 Χριστόν.
3350 1577 3461 1630 Kal
3481 1574 3557 1626 ἔτι
3589 1574 3770 1635 πάσας

2202 1675 2373 1743 θυμιᾷ
2400 1674 2498 1735 τὰς
2529 1674 2706 1725 ὲκεῖσε
2749 1670 2903 1734 ὕλας,
2941 1668 3296 1736 καθαγιάζων
3341 1667 3530 1729 αὑτάς,
3576 1664 3649 1728 ὡς
3682 1664 3767 1723 είς

538 1757 763 1822 Deinde,
797 1757 1116 1812 thurilicatis
1147 1756 1487 1813 adstantibus
1515 1765 1568 1812 et
1592 1759 1657 1811 ad
1693 1773 1830 1825 opus
1859 1760 2102 1813 accensis

2207 1764 2359 1828 ἆγιον
2391 1756 2539 1813 οἷκον
2578 1758 2722 1813 ’Θεοῦ
2775 1759 3248 1830 εύτρεπισθείσας.
3307 1753 3440 1811 Εἶτα
3495 1756 3588 1809 καὶ
3635 1754 3765 1815 τοὺς

539 1861 699 1918 atque
725 1848 1105 1913 sanctificatis,
1128 1850 1277 1903 venit
1318 1851 1384 1902 ad
1424 1850 1685 1904 orientem
1721 1848 2102 1904 fundamento-

537 1961 678 1999 rum.
704 1945 790 1995 uhi
815 1954 895 1996 est
922 1940 1306 2011 hemicyclium
1327 1943 1651 2005 sanctuarii,
1676 1952 1730 1995 et
1751 1956 1961 1995 sacram
1983 1956 2105 1997 ora-

537 2036 738 2089 tionem
764 2033 920 2096 facit,
942 2034 1240 2102 deprecans
1265 2035 1427 2088 Deum
1453 2031 1713 2098 Verbum,
1741 2031 1926 2087 Jesum
1947 2032 2105 2087 Chri-

536 2138 677 2183 stum
694 2126 783 2196 qui
802 2126 1020 2196 proprio
1035 2125 1298 2195 sanguine
1315 2140 1466 2180 suam
1483 2122 2100 2187 aadificavitEcclesiam,

542 2232 601 2276 nt
630 2224 790 2278 etiam
816 2222 929 2275 haec
951 2221 1144 2273 domus
1172 2219 1275 2287 ipsi
1304 2218 1567 2273 aedificata
1595 2217 1808 2271 rcctein
1842 2217 1961 2285 ipso
1979 2215 2100 2269 fun-

536 2314 696 2366 dctur
715 2328 775 2365 ac
794 2319 1129 2381 permaneat.
1173 2309 1534 2380 Etdoxologia
1551 2308 1719 2374 dicta,
1750 2310 1862 2377 ipse
1898 2306 2126 2377 lapides,

536 2416 589 2459 et
634 2405 836 2458 calcem
900 2404 1077 2456 vivam
1132 2402 1212 2455 vel
1270 2400 1442 2454 lutmn
1506 2402 1690 2468 aliquo
1735 2402 2100 2454 instrumento

536 2496 719 2549 sumit.
771 2494 834 2553 Et
895 2494 948 2548 in
1010 2493 1357 2546 fundamenta
1408 2492 1767 2556 descendens,
1796 2492 1849 2545 in
1878 2504 2096 2545 crucem

539 2587 743 2655 lapides
767 2586 918 2655 ponit
948 2600 1042 2641 eos
1106 2586 1350 2655 signans,
1408 2584 1597 2654 sicque
1647 2583 1991 2637 demonstrat
2039 2598 2098 2637 se

534 2679 809 2733 Christum
839 2686 1045 2746 petram
1097 2677 1479 2731 inconcussam
1542 2689 1603 2729 ac
1634 2673 2095 2727 fundamentalem

532 2772 801 2838 posuisse.
840 2767 1000 2823 Juxta
1037 2769 1269 2823 medium
1298 2776 1477 2823 autem
1539 2768 1777 2837 lapidum
1848 2767 1900 2820 in
1929 2779 2093 2836 parra

535 2863 764 2931 quadam
790 2860 967 2927 fovea,
1029 2844 1286 2931 tanqu'am
1346 2863 1399 2915 in
1459 2859 1731 2928 sepulcro,
1812 2858 2093 2912 candelam

536 2967 821 3007 aSsumeus
881 2961 932 3005 et
995 2952 1173 3005 oleum
1226 2949 1518 3004 infundens
1576 2958 1739 3018 atque
1791 2951 2093 3003 accen’ens

540 3044 995 3112 heuedicensque,
1033 3042 1207 3110 ponit,
1277 3040 1660 3094 demonstrans
1712 3039 1928 3109 quidem
1998 3054 2091 3105 per

538 3136 716 3188 oleum
748 3137 837 3188 llei
874 3133 1322 3197 misericordiam,
1348 3148 1467 3202 qua:
1501 3132 1696 3186 domus
1726 3132 2097 3185 exstructioue

541 3226 997 3296 suppeditaliitttr,
1032 3225 1324 3294 perlmnen
1365 3239 1493 3278 vero
1538 3226 1772 3293 desuper
1824 3224 2101 3276 illumina-

541 3319 741 3371 tionem
765 3332 791 3369 a
823 3315 1027 3369 lumine
1057 3330 1184 3369 vero
1209 3315 1428 3368 laetam.
1460 3325 1513 3370 et
1540 3316 1715 3383 ipsum
1752 3314 1853 3369 hoc
1882 3316 2099 3369 unicum

543 3408 746 3471 lumen,
772 3404 1072 3467 Christum,
1113 3404 1167 3457 in
1196 3405 1445 3473 sepulcro
1523 3419 1621 3470 pro
1656 3405 1812 3458 nobis
1838 3404 2103 3473 positum,

540 3508 594 3551 et
619 3498 671 3552 in
697 3498 836 3559 oleo,
870 3498 1128 3565 quoniam
1173 3497 1293 3551 oleo
1315 3499 1501 3568 gratiae
1536 3512 1636 3551 nos
1675 3496 1854 3559 unxit,
1886 3505 1938 3550 et
1966 3511 2100 3564 quo-

540 3590 684 3642 niam
712 3604 803 3655 per
829 3590 1005 3641 oleum
1039 3589 1153 3644 sive
1210 3598 1544 3658 unguentum
1596 3588 1792 3641 domus
1853 3587 2095 3641 initiabi-

543 3690 663 3747 tur;
695 3680 1028 3750 etquoniam
1068 3681 1246 3733 lumen
1270 3680 1522 3734 Christus
1548 3680 1833 3734 nobiseum
1901 3680 2025 3742 erit,
2050 3690 2105 3757 et

544 3771 596 3822 in
626 3769 787 3823 domo
814 3770 1075 3835 residens,
1114 3771 1296 3825 oriens
1337 3786 1400 3823 ex
1436 3771 1565 3823 alto.
1596 3769 1890 3836 Postquam
1922 3779 2102 3823 autem

544 3862 752 3917 curavit
782 3863 924 3917 hanc
960 3864 1234 3917 lucernam
1300 3871 1416 3916 tuto
1473 3877 1694 3916 manere
1755 3872 1977 3931 prapter
2016 3878 2103 3917 sa-

544 3942 693 4011 cram
761 3954 1234 4016 illuminatioucm,
1288 3963 1342 4008 et
1399 3955 1465 4008 ad
1497 3954 1716 4022 pulchre
1765 3954 2099 4024 figurandam

545 4044 868 4110 Ecclesiam,
904 4045 1046 4099 sicut
1097 4045 1347 4105 dilectus,
1385 4045 1437 4097 in
1494 4042 1831 4113 Apocalypsi,
1871 4059 1930 4096 se
1962 4042 2105 4095 didi-

544 4135 684 4190 tisse
709 4136 781 4188 ait
809 4144 1012 4203 septem
1042 4135 1294 4191 lucernas
1322 4150 1445 4189 esse
1473 4134 1767 4197 Ecclesias,
1791 4143 1843 4188 et
1872 4135 2102 4202 lapidem

544 4243 708 4298 super
764 4227 911 4283 illam
966 4227 1248 4294 imposuit,
1308 4228 1561 4295 quoniam
1631 4226 1884 4280 Christus
1953 4235 2103 4293 petra

543 4333 707 4387 super
798 4318 1093 4371 Ecclesiam
1154 4332 1307 4369 suam
1374 4317 1594 4381 insidet,
1651 4332 1682 4371 e
1736 4317 2105 4369 fundamentis

2208 1853 2622 1921 παρατυχόντας
2654 1851 2946 1917 θυμιάσετε,
2975 1852 3069 1904 καὶ
3102 1851 3237 1919 πρὸς
3268 1851 3325 1902 τὸ
3352 1848 3511 1917 ἔργον
3536 1845 3764 1907 εὐθύνας

2205 1944 2299 1996 καὶ
2330 1944 2584 2007 ἁγιάσας,
2621 1943 2838 2012 ἔρχεται
2873 1944 2930 1995 ὲν
2960 1944 3069 2003 τοῖς
3108 1940 3445 2000 άνατολικοίς
3473 1937 3766 2004 θεμελίοις,

2205 2034 2442 2104 ἔνθαπερ
2466 2036 2525 2088 τὸ
2560 2035 2943 2105 θυσιαστήριον
2975 2035 3237 2103 συστῆναι
3269 2031 3471 2102 μέλλει.
3496 2030 3604 2083 Kal
3627 2028 3772 2080 κατὰ

2203 2126 2260 2179 τὸ
2297 2128 2459 2197 μέσον
2490 2127 2618 2189 στάς
2663 2126 2773 2180 τῶν
2803 2126 2903 2194 τῆς
2948 2126 3213 2194 ἀνατολῆς
3242 2120 3567 2193 ὀρυγμάτων
3588 2161 3603 2186 ,
3638 2119 3768 2171 ἔνθα

2200 2220 2263 2272 τὸ
2293 2219 2387 2272 τοῦ
2439 2218 2686 2288 βήματος
2728 2216 3074 2287 ἡμικύκλιον,
3113 2216 3278 2286 εὐχὴν
3327 2213 3479 2282 ἱεράν
3510 2212 3767 2274 ποιεῖται,

2201 2312 2451 2381 δεόμενος
2502 2311 2593 2364 τοῦ
2620 2310 2756 2364 Θεοῦ
2786 2311 2960 2379 Λόγου
2999 2310 3173 2379 Ἰησοῦ
3222 2305 3484 2377 Χριστοῦ,
3533 2303 3628 2357 τοῦ
3667 2303 3770 2373 τὴν

2202 2404 2394 2456 ἑαυτοῦ
2435 2402 2767 2473 Ἐκκλησίαν
2807 2400 2884 2472 τῷ
2920 2401 3031 2471 ἰδίῳ
3056 2399 3484 2471 θεμελιώσαντος
3540 2395 3755 2464 αἵματι,

2200 2496 2291 2547 καὶ
2319 2494 2410 2546 τὸν
2440 2494 2890 2563 οἰκοδομούμενον
2922 2489 3071 2547 οἷκον
3120 2491 3267 2559 αὐτῷ
3315 2488 3491 2551 καλῶς
3518 2488 3573 2539 ὲν
3609 2484 3761 2553 αὐτῷ

2199 2585 2559 2655 στηριχθῆναι
2590 2584 2684 2637 καὶ
2718 2585 3012 2653 διαμένειν.
3051 2581 3183 2636 Εἶτα
3205 2581 3580 2648 δοξολογήσαε,
3600 2576 3760 2638 αὐτὸς

2196 2677 2315 2736 ταῖς
2349 2676 2507 2745 χερσὶ
2546 2675 2727 2737 λίθους
2762 2675 3033 2744 λαμϐάνει
3083 2673 3179 2727 καὶ
3226 2673 3490 2728 ἄσϐεστον
3523 2671 3556 2739 ἢ
3591 2668 3762 2739 πηλὸν

2197 2768 2415 2838 ὀργάνῳ
2446 2768 2571 2823 τινί.
2607 2769 2716 2820 Kal
2746 2766 3019 2821 κατελθὼν
3047 2768 3105 2818 ὲν
3131 2766 3241 2827 τοῖς
3270 2763 3560 2833 θεμελίοις,
3581 2762 3762 2829 τίθησι

2196 2861 2321 2923 τοὺς
2350 2860 2551 2925 λίθους,
2583 2859 2937 2929 σταυροειδῶς
2970 2857 3274 2927 σφραγίσας
3305 2857 3522 2917 αὐτοὺς,
3550 2854 3763 2913 δεικνὺς

2195 2952 2393 3005 ὃτιτὸν
2432 2953 2664 3021 Χριστὸν
2710 2954 2809 3020 τὴν
2844 2952 3094 3005 ἄσειστον
3128 2950 3332 3017 πέτραν
3383 2946 3632 3015 θεμέλιον
3675 2944 3768 2995 τέ-

2204 3044 2375 3099 θεικε.
2408 3044 2565 3097 Κατὰ
2602 3044 2658 3095 δὲ
2698 3043 2758 3095 τὸ
2793 3044 2956 3111 μέσον
2984 3041 3091 3095 τῶν
3120 3041 3282 3093 λίθων
3320 3040 3376 3092 ὲν
3406 3036 3622 3107 σμικρῷ
3661 3054 3771 3088 τινι

2204 3136 2410 3205 λάκκῳ,
2445 3130 2556 3187 οἷον
2590 3136 2646 3186 ὲν
2674 3135 2851 3202 τάφῳ,
2886 3133 3153 3200 κανδήλαν
3174 3130 3373 3194 λαϐὼν,
3400 3133 3493 3182 καὶ
3515 3124 3769 3195 ἐμϐαλὼν

2204 3229 2381 3282 ἔλαιον
2412 3231 2506 3283 καὶ
2538 3227 2772 3294 ἁνάψας,
2812 3224 3048 3294 εὐλογῶν
3072 3241 3132 3276 τε
3153 3263 3169 3287 ,
3199 3224 3402 3293 τίθησι*
3433 3221 3647 3281 δεικνὺς
3680 3218 3769 3270 διά

2210 3318 2305 3386 μὲν
2329 3316 2427 3369 τοῦ
2454 3316 2637 3369 ἐλαίου
2669 3316 2759 3367 τον
2791 3316 2940 3369 ἔλεον
2980 3315 3073 3368 τοῦ
3116 3313 3274 3375 Θεοῦ,
3322 3312 3378 3373 ὃς
3407 3312 3558 3363 ἔσται
3598 3326 3766 3379 χορη-

2205 3408 2468 3477 γούμενος
2503 3408 2591 3461 διὰ
2618 3406 2711 3459 τοῦ
2763 3408 3185 3474 ἀνεγειρομένου
3233 3402 3533 3466 οἵκου,-διὰ
3563 3401 3618 3454 δὲ
3671 3400 3766 3453 τοῦ

2205 3498 2379 3566 φωτὸς
2408 3499 2498 3550 τὸν
2539 3498 2743 3552 ἄνωθεν
2795 3498 3074 3566 φωτισμὸν
3121 3496 3271 3562 παρὰ
3309 3494 3402 3547 τοῦ
3451 3494 3625 3563 φωτδς
3672 3491 3766 3544 τοῦ

2206 3582 2479 3655 ἀληθινοῦ,
2532 3586 2623 3637 καὶ
2653 3586 2783 3636 αὐτὸ
2827 3584 2886 3637 τὸ
2941 3584 3100 3652 μόνον
3135 3582 3249 3652 φῶς
3297 3582 3387 3633 τὸν
3439 3577 3674 3650 Χριστὸν
3711 3578 3769 3628 ἐν

2206 3682 2357 3747 τάφῳ
2390 3678 2613 3745 τεθέντα
2644 3677 2715 3730 δι’
2745 3676 2912 3745 ἡμᾶς,
2962 3676 3056 3727 καὶ
3104 3676 3161 3726 ὲν
3207 3671 3391 3738 ἐλαίῳ,
3432 3670 3511 3722 ὅτι
3549 3663 3773 3736 ἤλειψεν

2206 3773 2353 3842 ἡμᾶς
2384 3772 2548 3840 ἐλαίῳ
2577 3770 2676 3838 τῆς
2706 3770 2953 3837 χάριτος,
3013 3768 3109 3819 καὶ
3157 3767 3238 3819 ὃτι
3293 3764 3342 3816 δι
3406 3762 3609 3823 ελαίου,
3648 3758 3771 3828 ἦτοι

2205 3862 2298 3915 τοῦ
2338 3862 2530 3931 μύρου,
2566 3861 2593 3913 ὁ
2632 3856 2780 3921 οϊκδς
2809 3858 3249 3931 τελειωθήσεταιο
3282 3857 3375 3908 καὶ
3417 3856 3497 3907 ὅτι
3549 3853 3607 3904 τὸ
3653 3848 3773 3919 φῶς

2205 3959 2233 4008 6
2258 3955 2490 4024 Χριστὸς
2520 3953 2638 4022 μεθ’
2670 3952 2826 4021 ἡμῶν
2861 3952 3036 4012 ἔσται,
3070 3930 3163 4002 καὶ
3194 3951 3250 4001 ὲν
3294 3948 3372 4017 τῷ
3412 3945 3542 4015 οῐκῳ
3583 3961 3770 3998 κατοι-

2208 4047 2339 4108 κῶν,
2375 4047 2407 4115 ὴ
2443 4045 2498 4109 ἐξ
2533 4044 2698 4111 ὕψους
2726 4041 2980 4112 ἀνατολὴ.
3019 4041 3394 4108 Οἰκονομήσας
3437 4037 3491 4089 δὲ
3538 4037 3632 4089 καὶ
3669 4034 3770 4103 τὴν

2208 4138 2541 4205 φωταγωγδν
2573 4136 2789 4201 ἐκείνην
2841 4132 3096 4202 ἀσφαλῶς
3132 4133 3311 4202 μένειν
3357 4131 3442 4182 διὰ
3485 4130 3574 4181 τὸν
3628 4126 3805 4196 ἱερὸν,

2208 4228 2507 4296 φωτισμὸν,
2536 4228 2631 4278 καὶ
2662 4226 2751 4278 διά
2781 4225 2841 4277 τὸ
2871 4224 3052 4287 καλῶς
3086 4222 3373 4285 είκονίζειν
3404 4222 3501 4290 τὴν
3543 4216 3776 4283 Ἐκκλη-

2210 4319 2351 4382 σίαν,
2379 4317 2453 4380 ὡς
2482 4320 2507 4370 6
2533 4316 2889 4385 ἠγαπημένος
2925 4317 2982 4368 ὲν
3011 4318 3076 4384 τῇ
3113 4312 3477 4379 Ἀποκαλύψει
3504 4310 3637 4378 φησι
3669 4326 3778 4374 μα-

542 4407 837 4475 egreditur.
906 4405 970 4457 Et
1032 4405 1228 4458 iterum
1302 4405 1461 4457 aliam
1504 4404 1632 4459 facit
1687 4406 2013 4467 orationem,
2048 4415 2107 4458 ut

2211 4410 2322 4462 θεῖν
2350 4409 2449 4469 τὰς
2484 4408 2622 4461 ἑπτά
2675 4407 2894 4476 λυχνίας
2947 4402 3090 4458 εἶναι
3140 4405 3238 4466 τὰς
3278 4402 3626 4471 Ἐκκλησίας,
3678 4401 3777 4449 καί

546 4498 636 4551 Dei
695 4497 1030 4566 providentia
1100 4498 1549 4565 protectioneque
1594 4508 1781 4567 surgat
1812 4497 2006 4551 domus
2041 4513 2104 4551 ac

542 4586 765 4653 pulchre
798 4588 1109 4655 perficiatur
1142 4599 1400 4651 exorans,
1427 4600 1632 4640 necnon
1694 4597 1751 4640 ut
1786 4588 2103 4657 ipsiusiun-

541 4680 793 4733 damenta
830 4678 1051 4746 ipsaque
1092 4692 1308 4745 semper
1364 4679 1685 4734 inconcussa
1725 4690 2103 4747 permaneant,

541 4779 592 4824 et
616 4770 947 4826 aediﬁcantes
1010 4768 1075 4822 ab
1111 4767 1324 4836 injuriis
1372 4778 1426 4823 et
1473 4770 1649 4825 noxiis
1690 4771 1797 4824 sint
1829 4772 2098 4827 immunes

542 4863 666 4933 (hoc
698 4870 873 4914 autem
898 4860 1050 4925 dicit,
1082 4861 1147 4914 'eo
1181 4860 1323 4927 quod
1347 4860 1616 4914 invidiosa
1650 4870 1777 4916 sunt
1810 4863 2101 4927 daemonia,

544 4960 598 5008 et
625 4968 791 5020 super
818 4952 901 5005 his
923 4951 1121 5005 divinis
1153 4951 1457 5020 malefica),
1504 4951 1957 5023 proferenteSque
1992 4954 2102 5007 Duo

542 5060 629 5099 res
658 5044 724 5097 ad
752 5041 1173 5096 addicatiouem
1233 5045 1604 5107 necessarias,
1628 5046 1850 5098 divitem
1885 5046 1952 5099 ab
1986 5048 2103 5117 ipso

542 5133 842 5189 mercedem
874 5133 1159 5200 recipiant.
1191 5132 1482 5197 Postquam
1539 5135 1652 5189 lnec
1719 5137 2012 5205 complevit
2052 5149 2105 5191 et

542 5226 774 5293 signavit
832 5234 885 5279 ct
911 5224 1103 5277 ultima
1164 5237 1326 5293 prece
1388 5224 1640 5289 firmavit,
1702 5228 1814 5281 abit
1876 5228 2104 5284 Domino

542 5316 741 5385 gratias
770 5331 959 5384 agens.
989 5314 1136 5383 Opus
1166 5325 1343 5367 autem
1371 5314 1482 5384 jam
1543 5316 1661 5370 fieri
1727 5318 1913 5386 ccepit.
1966 5320 2102 5374 Cum

544 5420 670 5459 vero
728 5414 949 5468 cuncta,
978 5405 1272 5474 adjuvante
1318 5405 1449 5469 Deo,
1480 5410 1745 5477 completa
1782 5420 1934 5474 sunt,
1966 5412 2106 5465 inte-

544 5494 685 5545 riora
721 5504 885 5560 atque
935 5493 1232 5559 exteriora,
1286 5495 1585 5549 sacrarium
1617 5498 1701 5551 vel
1725 5500 2099 5555 sanctuarium

545 5585 610 5638 ad
635 5585 902 5640 orientem
954 5586 1332 5651 constitutum,
1387 5588 1569 5642 tabula
1621 5592 2008 5658 propositionis
2038 5594 2100 5647 ad

546 5677 843 5741 dexteram,
876 5686 929 5730 et
961 5675 1025 5730 ad
1053 5678 1329 5733 sinistram
1354 5679 1669 5735 diaconatus
1737 5682 1893 5737 sedes
1958 5685 2103 5737 ordi-

2214 4502 2359 4556 λίθον
2394 4503 2578 4554 ἐπάνω
2624 4501 2826 4570 ταύτης
2858 4500 3105 4570 θέμενος,
3142 4500 3222 4551 ὃτι
3276 4497 3566 4567 Χριστὸςή
3599 4495 3777 4562 πέτρα

2213 4595 2546 4664 ἐπικάθηται
2591 4594 2691 4661 τῆς
2753 4592 3085 4659 Ἐκκλησίας
3124 4589 3308 4653 αὐτοῦ,
3344 4589 3622 4657 ἐξέρχεται
3667 4588 3780 4639 τῶν

2213 4689 2498 4758 θεμελίων.
2530 4688 2637 4740 Kal
2664 4687 2826 4739 πάλιν
2854 4687 3049 4755 ἑτέραν
3076 4688 3305 4739 ποιεῖται
3337 4685 3519 4755 εὐχὴν,
3550 4685 3780 4753 προνοίᾳ

2213 4778 2344 4830 Θεοῦ
2378 4778 2472 4829 καὶ
2504 4777 2679 4847 σκέπῃ
2711 4777 2801 4828 τὸν
2845 4773 2993 4829 οἶκον
3042 4778 3347 4845 ἐγείρεσθαι
3420 4778 3514 4829 καὶ
3555 4776 3779 4827 τελειω-
3852 4840 3861 4843 ν

2214 4872 2369 4939 θῆναι
2400 4870 2578 4929 καλῶς
2600 4868 2999 4936 ἐξαιτούμενος,
3032 4870 3271 4929 καὶτοὺς
3296 4867 3581 4935 θεμελίους
3607 4865 3775 4919 αὐτοῦ

2212 4948 2501 5013 καὶηαύτὸν
2533 4958 2860 5021 ἀσαλεύτους
2889 4959 3181 5021 διαπαντὸς
3216 4959 3513 5028 διαμένειν,
3566 4944 3778 5027 ἀνεπη-

2216 5054 2471 5119 ρεάστους
2507 5068 2565 5103 τε
2596 5047 2732 5103 εἶναι
2765 5052 2885 5113 τοὺς
2921 5050 3332 5119 οἰκοδομοῦντας
3365 5052 3457 5104 καὶ
3484 5051 3772 5113 άϐλαϐεῖς’

2210 5144 2367 5195 τοῦτο
2414 5142 2470 5194 δὲ
2518 5142 2683 5209 λέγει,
2733 5144 2814 5194 ὅτι
2850 5141 3083 5211 φθονερά
3124 5143 3188 5194 τά
3227 5142 3476 5212 δαιμόνια
3527 5144 3621 5195 καὶ
3680 5143 3775 5195 ἐπὶ

2211 5232 2420 5292 τούτοις
2449 5234 2559 5293 τοῖς
2589 5231 2752 5292 θείοις
2784 5231 3182 5300 ἐπηρεαστικά·
3208 5235 3330 5295 τοὺς
3363 5233 3775 5303 προσφέροντας

2211 5338 2268 5373 τε
2314 5321 2433 5390 Θεῷ
2468 5320 2537 5372 τὰ
2591 5321 2725 5390 πρὸς
2758 5321 2855 5389 τὴν
2906 5321 3195 5390 οἰκοδομὴν
3242 5323 3400 5393 116
3440 5326 3530 5376 τὸν
3583 5326 3779 5393 μισθὸν

2214 5414 2480 5476 πλουσίως
2512 5414 2640 5484 παρ’
2671 5413 2835 5466 αὐτοῦ
2875 5414 3163 5483 λήψεσθαι.
3197 5415 3383 5470 Ταῦτα
3425 5417 3649 5481 τελέσας
3679 5422 3775 5471 καὶ

2215 5504 2517 5575 σφραγίσας
2552 5507 2645 5557 καὶ
2668 5504 3058 5574 ἐπευξάμενος,
3099 5507 3396 5577 ἀπέρχεται
3433 5510 3775 5578 εὐχαριστῶν

2213 5597 2287 5664 τῷ
2315 5594 2523 5665 Κυρίῳ.
2555 5594 2627 5645 Τὸ
2649 5593 2705 5645 δὲ
2739 5593 2898 5660 ἔργον
2924 5595 3026 5664 ῆδη
3059 5596 3318 5665 ἐνήρξατο
3344 5598 3605 5664 γίνεσθαι.
3634 5602 3773 5654 Πάν-

2213 5702 2319 5739 των
2346 5684 2399 5736 δὲ
2436 5684 2532 5736 σὺν
2559 5683 2678 5751 Θεῷ
2713 5682 3095 5748 τελεσθέντων,
3131 5687 3235 5739 τῶν
3262 5704 3317 5740 τε
3354 5690 3501 5751 ἔντος
3546 5693 3640 5767 ita}
3670 5693 3774 5755 τῶν
