4044 6198
496 301 598 367 311

1351 297 1732 357 smaoms
1774 278 2524 358 THESSALONICEN‘SIS
2578 292 2931 354 ARCHIEP.

3641 278 3748 341 312

492 431 597 468 non
633 413 915 479 insignitos
948 412 1197 483 expellit.
1221 412 1353 467 Nam
1387 426 1512 466 cum
1545 412 1702 466 debet
1734 427 2066 467 consecrare

2172 412 2448 481 σφραγῖδα
2500 412 2652 481 ίεράν
2705 411 2951 479 ἔχοντας.
3017 400 3261 472 Ἐπειδὴ
3294 399 3401 468 γὰρ
3454 394 3744 463 καθςεροῦν

488 506 730 570 domum,
763 512 1115 558 consecratos
1179 503 1343 558 etiam
1378 502 1702 558 sacerdotali
1751 504 2067 559 charactere

486 603 716 649 cunctos
777 603 990 662 oportet
1048 595 1238 649 adesse
1287 594 1711 663 ministrareqne
1766 594 2063 649 secundum

493 684 921 754 uniuscujusque
959 693 1185 749 statum,
1230 700 1336 740 non
1378 696 1574 747 ,autem
1612 702 1678 739 ex
1708 685 1899 740 ordine
1926 685 2065 740 laico

484 790 810 846 quemquam
858 796 871 830 :
904 777 1054 832 intus
1088 777 1231 831 enim
1265 777 1356 847 qui
1389 777 1682 845 reperitur,
1720 792 1878 831 sacer
1906 778 2065 832 debet

484 882 604 924 esse
632 870 896 935 minister,
933 870 1072 924 sicut
1103 877 1156 923 et
1184 884 1339 924 sacra
1374 869 1568 924 domus
1606 877 1689 924 est
1718 885 1838 939 quae
1858 870 2064 924 sancti-

486 962 699 1015 ﬁcatur.
740 961 966 1030 Propter
992 961 1095 1015 hoc
1132 961 1300 1031 igitur
1332 961 1623 1031 exiguntur
1677 961 1822 1025 laici,
1886 963 2062 1016 donec

485 1060 865 1105 consecratum
897 1052 967 1107 sit
1010 1053 1295 1122 templum,
1330 1064 1586 1121 tanquam
1621 1052 1685 1105 ad
1747 1053 1918 1107 altare
1954 1068 2058 1107 non

486 1144 839 1213 pertinentes.

1084 1235 1308 1291 CAPUT
1366 1239 1479 1294 CV.

890 1328 1062 1393 Quare
1091 1338 1231 1383 mota
1260 1341 1626 1398 exportantur.

558 1416 809 1487 Exigitur
845 1428 1027 1472 autem
1054 1421 1217 1474 etiam
1247 1437 1277 1474 e
1313 1422 1509 1487 templo
1538 1423 1905 1490 quodcunque
1940 1435 2059 1474 mo-

484 1511 611 1574 bile,
643 1511 897 1582 qnoniam
937 1512 1297 1580 quodcunque
1348 1513 1546 1566 mobile
1597 1499 1838 1566 mutatur
1867 1512 1935 1566 ab
1966 1511 2060 1565 ali-

486 1611 594 1664 quo
624 1611 835 1651 necnon
873 1596 1223 1665 transfertur,
1290 1600 1477 1668 ipsum
1543 1615 1671 1654 vero
1731 1600 1888 1655 debet
1936 1614 2061 1655 esse

485 1696 632 1743 recte
656 1689 915 1759 positum,
946 1703 1045 1743 nec
1071 1704 1309 1758 unquam
1369 1690 1422 1744 in
1486 1690 1572 1745 his
1639 1704 1759 1758 qua;
1812 1691 2058 1743 continet

487 1782 672 1836 subire
700 1784 1074 1838 mutationem.
1104 1784 1231 1839 ideo
1262 1799 1432 1837 sacrre
1488 1783 1760 1854 imagines
1818 1798 2061 1852 vasaque

420 1913 435 1922 .
488 1888 642 1927 saera
670 1882 723 1928 et
749 1874 953 1943 reliqua
989 1890 1110 1944 qua:
1141 1875 1263 1930 loco
1303 1874 1565 1930 dimoveri
1604 1883 1856 1945 possunt,
1916 1875 2062 1930 foras

488 1965 799 2033 exiguntur,
854 1975 1002 2020 utea
1060 1981 1177 2035 quae
1245 1978 1493 2021 constant
1535 1974 1589 2020 et
1640 1981 1743 2020 non
1800 1968 2061 2022 movenda

487 2064 618 2109 sunt
655 2056 708 2108 in
745 2056 864 2125 ipso
897 2056 1332 2111 sanctitieentur.
1374 2054 1437 2108 Et
1484 2055 1561 2110 sic
1590 2055 1773 2124 januae
1804 2056 2064 2110 claudun-

488 2157 601 2199 tur.
632 2145 839 2201 leum
870 2148 1017 2201 enim
1042 2148 1152 2215 jam
1189 2145 1248 2199 ﬁt
1281 2147 1560 2215 sanctique
1592 2146 1831 2216 Spiritus
1898 2147 2064 2201 adve-

487 2238 566 2291 nit
595 2238 857 2306 potentia.
890 2238 1017 2291 Ideo
1047 2238 1194 2291 solos
1243 2238 1334 2306 qui
1367 2237 1433 2292 de
1460 2238 1602 2293 coelo
1661 2248 1807 2305 sunt,
1873 2238 1923 2292 id
1956 2248 2059 2304 est,

488 2337 838 2383 c0tnseeratos
865 2338 1075 2397 oportet
1100 2327 1309 2391 adesse,
1334 2342 1433 2382 nec
1462 2329 1628 2382 ullum
1657 2328 1821 2382 alium
1847 2330 2015 2383 videri
2049 2346 2065 2387 :

488 2430 675 2474 sancta
702 2435 937 2493 namque
962 2422 1169 2476 sanctis
1205 2432 1636 2488 consecrataque
1670 2407 1869 2484 sacris,
1894 2423 2067 2477 donec

491 2511 758 2581 completa
795 2514 947 2577 sint;
1007 2523 1063 2565 et
1093 2522 1221 2567 tunc
1282 2529 1375 2581 per
1410 2512 1889 2582 participationem
1944 2512 2067 2567 aliis

492 2601 653 2655 etiam
686 2603 1101 2670 permittuntur,
1172 2619 1282 2657 non
1342 2612 1522 2655 tamen
1580 2602 1913 2663 immediate,
1971 2600 2064 2655 sed

489 2710 584 2760 per
619 2695 895 2764 complura
937 2696 1129 2747 aulaea.
1163 2694 1531 2764 lngredientes
1560 2694 1703 2747 enim
1738 2706 1923 2764 postea
1949 2709 2067 2748 om-

491 2803 587 2842 nes
619 2786 740 2840 laici
798 2786 1004 2849 ﬁdeles,
1061 2794 1114 2840 ct
1160 2800 1282 2840 cum
1333 2786 1466 2853 ipsis
1508 2789 1851 2853 poenitentes,
1898 2802 2067 2840 unus—

491 2878 724 2946 quisque
793 2878 1071 2947 proprium
1107 2884 1339 2946 occupat
1369 2877 1567 2929 locum.
1599 2876 1849 2930 Attamen
1878 2891 2068 2931 omnes

489 2980 641 3024 extra
671 2971 1045 3024 sanctuarium
1074 2978 1382 3023 remanent.
1437 2968 1653 3023 Clausis
1695 2968 1878 3037 itaque
1936 2983 2064 3036 pro-

2175 504 2360 573 μέλλει
2390 503 2482 556 τὸν
2521 499 2690 563 οἷκον,
2738 502 2830 553 καὶ
2865 497 3310 566 καθιερωμένους
3346 494 3424 578 τῇ.
3452 490 3548 559 τῆς
3582 491 3742 557 ίερωο

2172 595 2341 663 σὺνης
2374 594 2633 663 σφραγῖδι
2669 594 2878 653 πάντας
2901 586 3106 656 ὀφείλει
3135 586 3391 654 παρεῖναι
3417 581 3513 635 καὶ
3542 581 3745 648 ὑπηρε-

2167 689 2282 741 τεῖν
2315 686 2596 753 ἀναλόγως
2630 684 2883 746 ἕκαστον,
2917 681 3012 734 καὶ
3049 679 3122 748 μή
3154 693 3277 729 τινα
3314 675 3421 727 τῶν
3451 674 3509 725 ὲν
3538 673 3746 734 λαῖκοῖς

2169 775 2544 844 τεταγμένων,
2602 773 2789 842 ἐπειδή
2827 787 2935 841 περ
2966 772 2994 822 6
3025 767 3270 838 εὑρεθεὶς
3305 765 3451 827 ἐντὸς
3480 759 3619 816 εἰναι
3650 764 3745 815 καὶ

2171 868 2318 938 ἱερὸς
2355 866 2634 936 ὑπηρέτης
2664 864 2869 934 ὀφείλει
2902 859 3063 922 εἶναι,
3094 859 3169 921 ὡς
3212 856 3305 910 καὶ
3362 855 3508 925 ἱερὸς
3540 850 3688 917 οἶκος
3715 854 3747 904 6

2167 958 2670 1028 καθαγιαζόμενοςο
2723 956 3012 1023 ἐξάγονται
3085 951 3267 1004 τοίνυν
3320 949 3368 1001 oi
3426 946 3606 1000 λαῖκοὶ
3656 946 3746 998 διά

2167 1048 2349 1113 τοῦτο,
2380 1047 2538 1117 ἄχρις
2588 1046 2744 1115 117
2775 1044 2841 1098 ἂν
2872 1042 3107 1113 ἁγιασθῇ
3156 1041 3184 1093 6
3211 1039 3359 1105 ναὸς,
3395 1037 3469 1100 ὡς
3516 1036 3610 1090 καὶ
3648 1035 3746 1089 τοῦ

2170 1139 2565 1208 θυσιαστηρίου
2598 1138 2753 1200 ὄντες
2779 1138 2959 1198 ἐκτός.

2758 1228 3009 1281 ΚΕΦΑΛ.
3036 1225 3154 1281 ΡΕ’.

2453 1322 2617 1376 Arati
2662 1318 2983 1389 ἐξάγονται
3018 1318 3090 1371 τὰ
3125 1316 3467 1384 κινούμενα.

2251 1412 2537 1481 Ἐξάγεται
2562 1411 2616 1465 δὲ
2646 1414 2739 1465 καὶ
2766 1412 2875 1463 πᾶν
2904 1409 3224 1478 κινούμενον
3244 1407 3336 1460 τοῦ
3360 1406 3513 1468 ναοῦ,
3535 1406 3615 1459 ὅτι
3640 1404 3752 1455 πᾶν

2165 1505 2481 1575 κινούμενον
2525 1504 2629 1557 ὑπό
2671 1520 2816 1566 τινος
2864 1500 3180 1571 μεταϐαίνει
3223 1500 3319 1552 καὶ
3371 1496 3747 1567 μετατίθεται.

2169 1597 2340 1656 Αὐτὸς
2377 1596 2432 1649 δὲ
2484 1595 2690 1663 ὀφείλει
2721 1594 2909 1664 ἄρτιος
2942 1590 3099 1658 εἶναι,
3137 1593 3233 1645 καὶ
3265 1590 3535 1660 μηδέποτε
3579 1605 3750 1658 μετακ

2169 1687 2462 1758 κινηθῆναι
2505 1687 2615 1740 τῶν
2653 1688 2710 1739 ὲν
2745 1685 2913 1756 αὐτῷ.
2960 1684 3050 1737 Διὸ
3086 1685 3180 1737 καὶ
3207 1682 3415 1744 εἰκόνες
3449 1680 3619 1746 ἅγιαι,
3651 1679 3749 1731 καὶ

2168 1778 2339 1849 σκεύη
2376 1779 2518 1849 ίερά,
2560 1779 2655 1832 καὶ
2681 1778 2845 1830 λοιπά
2872 1773 3058 1846 χώραν
3101 1773 3292 1843 ἔχοντα
3341 1769 3742 1841 μετατίθεσθαι,

2167 1873 2449 1941 ἐξάγονται
2483 1870 2607 1937 ἔξω,
2641 1871 2732 1924 ἵνα
2761 1870 2829 1922 τὰ
2857 1868 3067 1921 ἑστῶτα
3095 1866 3189 1919 καὶ
3223 1864 3483 1934 μέλλοντα
3514 1863 3747 1931 ἀκίνητα

2166 1962 2306 2018 εἶναι
2363 1968 2419 2017 ὲν
2473 1964 2623 2031 αὑτῷ
2678 1963 3045 2030 καθαγιασθῇ.
3100 1959 3210 2012 Καὶ
3258 1957 3432 2016 οὕτως
3485 1957 3540 2008 al
3578 1953 3744 2005 πύλαι

2169 2058 2457 2112 κλείονται.
2497 2056 2739 2124 Οὐρανὸς
2780 2055 2889 2124 γὰρ
2922 2052 3133 2120 γίνεται
3185 2051 3308 2120 ἤδη,
3346 2050 3441 2102 καὶ
3486 2046 3741 2115 Πνεύμα-

2165 2168 2255 2213 τος
2291 2149 2449 2217 ἁγίου
2505 2147 2760 2215 ἐπιφοιτᾷ
2794 2144 3045 2214 δύναμις.
3083 2142 3175 2193 Διό
3220 2138 3325 2209 χρὴ
3381 2137 3576 2207 μόνους
3617 2135 3745 2196 τοὺς

2167 2240 2263 2294 τοῦ
2298 2238 2533 2308 οὐρανοῦ
2559 2231 2719 2301 εἶναι,
2747 2236 2874 2297 τοὺς
2908 2233 3239 2303 ἱερωμένους
3267 2228 3488 2298 δηλαδὴ,
3515 2227 3608 2279 καὶ
3642 2242 3748 2295 μη-

2169 2335 2294 2385 δένα
2326 2331 2485 2385 ἄλλον
2530 2314 2683 2399 epam
2733 2328 2815 2380 Τὰ
2852 2326 2959 2395 γὰρ
3013 2325 3141 2391 am
3171 2325 3282 2385 τοῖς
3318 2322 3515 2389 ἁγίοις,
3553 2319 3644 2372 καὶ
3676 2318 3742 2370 τὰ

2169 2423 2519 2495 ἀφιερωμένα
2573 2424 2685 2483 τοῖς
2739 2422 2926 2489 ἱεροῖς,
2968 2418 3075 2479 ἕως
3130 2415 3446 2479 τελεσθῶσι,
3482 2413 3575 2466 καὶ
3623 2411 3742 2463 τότε

2170 2517 2309 2568 κατά
2343 2513 2578 2582 μετοχὴν
2624 2511 2717 2564 καὶ
2745 2513 2856 2572 τοῖς
2888 2509 3070 2570 ἄλλοις
3105 2506 3402 2575 παρέχεται
3430 2520 3440 2533 ”
3477 2502 3612 2571 πλὴν
3641 2504 3742 2570 ἑμ-

2172 2608 2377 2675 μέσως,
2408 2605 2500 2657 καὶ
2534 2603 2634 2655 οὐκ
2666 2600 2912 2670 ἀμέσως,
2952 2599 3048 2653 καὶ
3087 2598 3173 2650 διὰ
3225 2594 3744 2664 παραπετασμάτων

2169 2697 2353 2750 τινῶν.
2382 2695 2770 2764 Είσερχόμενοι
2804 2692 2913 2762 γὰρ
2940 2691 3078 2760 μετά
3108 2689 3277 2742 ταῦτα
3313 2690 3361 2739 υἱ
3391 2686 3574 2738 λαῖκοὶ
3608 2686 3745 2736 πάν-

2170 2810 2261 2856 τες
2289 2792 2495 2857 πιστοὶ,
2522 2793 2616 2843 καὶ
2646 2789 2742 2841 σὺν
2777 2788 2961 2850 αὐτοῖς
2991 2786 3039 2838 οί
3068 2781 3481 2855 μετανοοῦντες,
3516 2781 3745 2841 ἕκαστος

2170 2888 2260 2939 τὸν
2321 2887 2525 2938 οίκεῖον
2583 2882 2849 2953 λαμϐάνει
2930 2880 3116 2932 τόπον.
3171 2879 3363 2946 Ὅμως
3433 2876 3489 2927 δὲ
3546 2872 3743 2932 πάντες

2172 2979 2329 3041 ἐκτός
2370 2979 2475 3031 είσι
2523 2975 2618 3028 τοῦ
2665 2974 2813 3041 ίεροῦ
2864 2973 3131 3043 βήματος.
3174 2968 3518 3037 Κλειομένων
3567 2966 3747 3017 τοίνυν

493 3070 677 3128 pterea
706 3060 915 3129 januis,
958 3062 1122 3114 Deum
1162 3060 1437 3114 benedicit
1500 3060 1790 3129 pontifex;
1833 3068 1887 3114 et
1923 3060 2064 3114 facta

2172 3070 2280 3122 τῶν
2336 3067 2517 3138 θυρῶν
2565 3066 2652 3119 διὰ
2696 3064 2890 3125 ταῦτα,
2924 3062 3137 3129 εὑλογεῖ
3194 3060 3285 3112 τὸν
3326 3059 3458 3111 Θεὸν
3501 3060 3529 3109 6
3563 3058 3720 3125 ἁρχιε

490 3151 531 3202 Τ
539 3151 723 3219 risagii
743 3151 1051 3220 precatione
1074 3167 1283 3205 necnon
1304 3152 1547 3204 oratione
1573 3171 1589 3201 ι
1617 3151 1779 3206 Pater
1806 3162 2011 3215 noster,
2040 3170 2057 3201 ι

491 3248 615 3307 post
665 3226 1038 3293 recitationem
1074 3248 1127 3293 et
1151 3239 1627 3309 gloriﬁcationem,
1692 3242 1841 3296 addit
1889 3244 2068 3312 ponti-

497 3332 581 3385 fex
611 3332 916 3385 orationem
962 3350 975 3384 :
1016 3351 1034 3383 ι
1074 3331 1303 3385 Domine
1335 3330 1475 3387 Dens
1514 3341 1719 3395 noster,
1751 3333 1842 3402 qui
1871 3344 2063 3389 cuncta

496 3417 651 3482 t‘acis,
683 3435 702 3468 ι
744 3418 921 3486 ipsum
951 3417 1120 3473 Drum
1175 3436 1410 3474 exorans
1474 3430 1532 3475 ut
1594 3422 1684 3475 ﬁat
1736 3423 2065 3491 principium

496 3510 697 3578 operis,
724 3519 777 3563 et
805 3509 910 3579 ipsi
940 3509 1075 3564 ferat
1108 3511 1444 3581 praesidium.

1053 3692 1279 3749 CAPUT
1343 3695 1474 3749 CVI.

634 3783 808 3849 Quare
842 3787 1179 3839 reromastice
1211 3794 1259 3839 et
1287 3794 1526 3839 aromata
1564 3785 1900 3839 adhibentur.

561 3873 625 3929 Et
654 3886 934 3945 assumpto
965 3890 1111 3945 vase,
1146 3877 1233 3931 ubi
1278 3885 1360 3932 est
1408 3879 1760 3933 ceromastice
1808 3894 1913 3933 una
1946 3896 2069 3935 cum

490 3967 848 4034 aromatibus,
895 3970 1076 4037 qualia
1130 3970 1369 4037 myrrha,
1418 3969 1536 4024 aloe
1565 3978 1619 4025 et
1678 3981 1893 4038 caatera,
1951 3986 2072 4042 qua:

492 4069 685 4114 cuncta
719 4063 1051 4129 sepulturam
1080 4062 1380 4117 Salvator-is
1408 4064 1663 4133 ﬁgurant,
1725 4065 1985 4133 quoniam
2021 4073 2074 4119 et

494 4153 803 4221 sepulcrum
834 4166 1365 4225 monumentumque
1419 4170 1573 4209 sacra
1628 4171 1815 4210 mensa
1852 4156 2069 4227 ﬁgurat,

491 4246 637 4299 sicut
664 4254 719 4300 et
752 4261 876 4299 cera
937 4256 1099 4315 atque
1133 4249 1397 4300 mastiche
1455 4257 1711 4317 tanquam
1747 4246 2071 4317 glutinantia

496 4343 722 4404 propter
752 4336 1134 4391 necessitatem
1176 4337 1505 4390 adhibentur
1538 4348 1589 4390 et
1625 4348 1883 4407 tanquam
1937 4352 2072 4391 con-

2170 3161 2317 3233 ρεύς,
2352 3162 2461 3213 Καὶ
2498 3157 2811 3229 προσευχῆς
2856 3156 3150 3226 γινομένης
3179 3153 3272 3204 τοῦ
3302 3150 3625 3221 Τρισαγίου,
3653 3150 3748 3200 καὶ

2170 3256 2284 3321 τοῦ,
2338 3254 2528 3323 Πάτερ
2578 3253 2768 3323 ἡμῶν,
2806 3251 2943 3322 μετὰ
2996 3249 3056 3302 τὸ
3095 3247 3411 3316 ὲκφωνῆσαι
3457 3246 3547 3299 καὶ
3592 3243 3746 3307 δοξά-

2173 3366 2281 3412 σαι,
2333 3347 2499 3416 εὐχὴν
2542 3344 2783 3412 ἐπιλέγει
2839 3345 2867 3395 6
2914 3341 3223 3411 ἀρχιερεὺς,
3269 3356 3287 3389 ι
3328 3338 3500 3403 Κύριε
3553 3337 3581 3388 6
3614 3334 3748 3394 Θεὸς

2171 3436 2328 3504 ἡμῶν
2356 3437 2383 3488 ὁ
2418 3437 2592 3495 πάντα
2624 3434 2824 3487 ποιῶν·
2867 3451 2886 3484 ι
2928 3431 3181 3500 δεόμενος
3238 3428 3404 3482 αὑτὸν
3469 3427 3558 3477 τὸν
3604 3423 3738 3477 Θεὸν

2168 3526 2422 3595 γενέσθαι
2489 3526 2666 3597 ἀρχὴν
2734 3524 2828 3578 τοῦ
2890 3523 3051 3593 ἔργου
3115 3521 3205 3573 καὶ
3269 3515 3745 3572 συναντιλαϐἐσοαι

2171 3619 2339 3690 αὐτῷ.

2751 3708 3003 3761 ΚΕΦΑΛ.
3036 3705 3176 3774 Ριῖο.

2376 3801 2537 3856 Διατί
2565 3803 2993 3870 κηρωμαστίχη
3023 3816 3087 3852 τε
3117 3798 3216 3852 καὶ
3243 3796 3540 3865 ἀρώματα.

2224 3894 2354 3947 Καὶ
2392 3892 2684 3961 λαϐόμενος
2730 3889 2822 3941 τοῦ
2856 3889 3097 3957 ἀγγείου,
3129 3887 3256 3940 ἔνθα
3286 3890 3318 3957 ἡ
3352 3888 3746 3956 κηρωμαστίχη
3837 3953 3841 3957 ν

2177 3988 2315 4057 μετὰ
2369 3984 2479 4036 τῶν
2535 3982 2843 4050 ἀρωμάτων
2890 3982 3060 4043 ἐστὶν,
3107 3975 3218 4031 οἷον
3268 3979 3513 4048 σμῦρνης
3555 3994 3612 4029 τε
3653 3979 3747 4029 καὶ

2177 4078 2361 4144 ἀλώης
2392 4076 2488 4128 καὶ
2519 4074 2625 4126 τῶν
2659 4073 2883 4137 λοιπῶν,
2916 4072 2951 4125 ἂ
2983 4074 3158 4126 πάντα
3188 4070 3287 4140 τὴν
3322 4072 3498 4138 ταφὴν
3548 4070 3747 4121 είκονί-

2175 4168 2328 4231 ζουσι
2367 4165 2462 4219 τοῦ
2499 4165 2769 4235 Σωτῆρος,
2800 4164 2881 4216 ὅτι
2913 4164 3003 4215 καί
3033 4163 3123 4215 τὸν
3144 4163 3313 4229 τάφον
3343 4163 3434 4214 καὶ
3465 4162 3525 4213 τὸ
3558 4162 3747 4229 μνῆμα

2175 4261 2208 4328 ἡ
2235 4258 2356 4329 ίερά
2393 4257 2647 4321 εἰκονίζει
2677 4255 2946 4325 τράπεζα,
2979 4255 3050 4317 ὡς
3087 4254 3180 4307 καὶ
3206 4256 3233 4307 ὁ
3258 4255 3424 4323 κηρὸς
3457 4254 3607 4323 καὶὴ
3644 4270 3748 4321 μα-

2181 4350 2338 4419 στίχη
2371 4349 2466 4401 καὶ
2495 4350 2566 4411 ὡς
2605 4348 2896 4417 κολλητικὰ
2945 4347 3033 4399 διά
3084 4346 3181 4413 τὴν
3212 4346 3401 4415 χρείαν
3444 4346 3746 4412 εἰσάγεται,

495 4426 739 4496 junctiva
765 4429 1217 4496 connectivaque,
1280 4436 1498 4497 propter
1543 4426 1747 4483 Christi
1802 4443 1974 4496 usque
2005 4428 2069 4483 ad

2182 4442 2275 4494 καὶ
2309 4441 2383 4503 ὠς
2409 4440 2646 4493 ὲνωτικὰ
2672 4439 2728 4492 δὲ
2757 4441 2849 4492 καὶ
2877 4437 3185 4500 συνδέοντα,
3216 4436 3303 4489 διὰ
3337 4438 3435 4506 τὴν
3474 4436 3565 4489 τοῦ
3610 4438 3748 4505 Χρι‹

510 4524 737 4569 mortem
764 4531 892 4585 erga
952 4531 1053 4570 nos
1108 4517 1453 4571 dilectionem
1508 4525 1560 4570 et
1619 4516 1898 4581 unionem,
1952 4518 2066 4571 haec

493 4606 733 4661 infundit
759 4609 809 4661 in
838 4609 1155 4676 ;columnas,
1213 4609 1297 4662 vel
1359 4608 1689 4672 columnam,
1750 4610 1833 4663 vel
1892 4610 2062 4663 basim

496 4700 733 4770 propriis
771 4700 1044 4766 manibus,
1080 4699 1173 4754 Dei
1217 4700 1528 4769 signiﬁcans
1577 4716 1737 4770 opus,
1766 4701 1973 4755 addens
2007 4711 2067 4755 ut

498 4795 551 4846 in
584 4792 911 4863 baptismate
936 4793 1256 4860 caaterisque
1282 4793 1659 4856 sacramentis,
1694 4810 1712 4843 ι
1755 4791 1811 4845 ln
1844 4795 2065 4847 nomine

495 4882 691 4945 l’atris,
742 4893 797 4937 et
837 4882 981 4947 Filii,
1009 4893 1063 4937 et
1115 4882 1354 4953 Spiritus
1402 4885 1618 4950 sancti;
1654 4902 1672 4934 ι
1732 4884 2061 4952 principium

491 4978 637 5031 enim
678 4986 731 5033 et
766 4979 889 5033 linis
924 4979 1208 5034 estomnis
1258 4980 1382 5033 boni
1436 4977 1695 5033 Trinitas.
1760 4980 1818 5034 Et
1881 4996 1911 5033 a
1962 4981 2064 5033 mi-

493 5068 685 5124 nistris
733 5069 914 5125 infusa
956 5069 1188 5139 plurima
1248 5071 1609 5124 ceromaStice
1675 5072 2065 5141 paululumque

494 5157 834 5228 refrigerata,
896 5168 1149 5213 cantores
1203 5159 1421 5229 quidem
1493 5168 1695 5231 canunt
1728 5164 1995 5229 psalmum
2047 5180 2060 5216 :

496 5267 513 5299 ι
547 5249 807 5305 Exaltabo
835 5260 908 5315 te,
929 5250 1068 5305 Deus
1099 5266 1313 5317 meus;»
1344 5258 1395 5304 et
1418 5251 1560 5304 hunc
1589 5268 1633 5302 ει
1674 5252 1929 5308 Dominus
1968 5269 2063 5323 pa-

496 5342 603 5395 scit
624 5357 729 5409 me,
763 5363 781 5395 ι
822 5345 873 5397 in
909 5344 1135 5414 gloriam
1167 5345 1280 5397 Dei.
1302 5341 1554 5397 Pontifex
1580 5353 1758 5397 autem
1792 5346 2063 5402 auxilian-

500 5434 648 5486 tibus
672 5435 775 5489 sibi
807 5437 1170 5504 praesentibus
1224 5436 1496 5507 episcOpis
1519 5446 1573 5492 et
1603 5440 1985 5495 sacerdotibus
2010 5452 2064 5496 et

495 5525 730 5589 exteris,
796 5528 965 5579 sumit
1019 5542 1259 5581 mensam
1339 5538 1392 5583 et
1442 5545 1605 5599 super
1666 5530 1824 5588 bases
1879 5532 2059 5602 ponit,

498 5621 723 5672 ﬁrmans
754 5632 872 5671 eam
904 5627 1065 5686 atque
1089 5620 1393 5677 stabiliens.
1431 5620 1493 5675 Et
1544 5633 1731 5693 postea
1794 5625 2065 5680 benedicit

502 5708 690 5763 Deum.
716 5708 939 5779 Oportet
967 5711 1111 5765 enim
1148 5712 1297 5767 illum
1332 5713 1656 5771 benedicere
1692 5733 1853 5786 super
1885 5719 2061 5773 omni-

2172 4530 2297 4585 στοῦ
2348 4532 2475 4601 ἄχρι
2508 4530 2600 4585 καὶ
2631 4530 2861 4584 θανάτου
2890 4526 3031 4601 πρὸς
3058 4530 3202 4597 ἡμᾶς
3239 4529 3461 4598 ἀγάπην
3490 4528 3581 4579 καὶ
3612 4529 3749 4581 ἕνω-

2171 4638 2277 4684 σιν,
2309 4622 2489 4691 ὲκχέει
2518 4619 2691 4673 ταῦτα
2720 4622 2830 4681 τοῖς
2856 4618 3051 4680 κίοσιν,
3078 4620 3111 4686 ἢ
3137 4617 3212 4688 τῷ
3240 4620 3400 4682 κίονι,
3423 4619 3454 4688 ἢ
3480 4618 3551 4687 τῷ
3579 4617 3748 4687 βωμῷ
3783 4606 3800 4630 ’

2170 4712 2402 4773 οἰκείαις
2433 4713 2613 4780 χερσὶ,
2647 4712 2707 4762 τὺ
2756 4710 2918 4779 ἔργον
2954 4710 3129 4778 δηλῶν
3166 4710 3260 4763 τοῦ
3294 4710 3453 4773 Θεοῦ,
3478 4711 3748 4779 ἐπιλέγων

2169 4805 2241 4861 ὡς
2278 4804 2372 4856 ἐπὶ
2423 4803 2516 4854 τοῦ
2573 4801 2951 4871 βαπτίσματος
2998 4803 3093 4854 καὶ
3140 4801 3245 4853 τῶν
3276 4802 3452 4854 ἄλλων
3490 4802 3745 4865 τελετῶν,

2176 4914 2193 4943 ι
2237 4895 2327 4957 Et;
2361 4895 2419 4946 τὸ
2466 4895 2640 4962 ὄνομα
2687 4892 2777 4944 τοῦ
2823 4892 3054 4962 Πατρός,
3082 4893 3172 4945 καὶ
3208 4894 3300 4944 τοῦ
3332 4892 3482 4957 Υἱοῦ,
3524 4894 3616 4944 καὶ
3649 4893 3744 4944 τοῦ

2169 4986 2324 5053 ἁγίου
2384 4984 2720 5054 Πνεύματος.
2760 5001 2779 5033 ι
2839 4982 3007 5053 Ἀρχὴ
3060 4984 3168 5051 γὰρ
3215 4984 3308 5035 καὶ
3348 4984 3498 5045 τέλος
3541 4985 3746 5046 παντὸς

2168 5078 2376 5144 ἀγαθοῦ
2413 5078 2446 5145 ἡ
2478 5074 2667 5146 Τριὰς.
2702 5076 2812 5128 Καὶ
2844 5076 2947 5128 ὑπὸ
2973 5076 3080 5129 τῶν
3111 5076 3400 5144 ὑπηρετῶν
3431 5075 3529 5145 τῆς
3564 5077 3747 5128 πλείο-

2167 5184 2255 5229 νος
2279 5166 2609 5235 ἐκχεομένης
2628 5166 3073 5236 κηρωμαστίχης,
3094 5166 3185 5217 καὶ
3210 5166 3403 5237 μικρὸν
3418 5166 3745 5235 ψυχρανθεί-

2170 5277 2290 5329 σης,
2316 5260 2364 5311 οἱ
2392 5258 2589 5327 ψάλται
2620 5258 2718 5327 μὲν
2742 5256 3005 5326 ψάλλουσι
3053 5259 3290 5327 ψαλμὸν,
3325 5260 3405 5325 τὸ,
3447 5278 3465 5311 ‹
3512 5259 3743 5328 ’Υψώσω

2170 5368 2252 5415 σε,
2281 5354 2307 5403 ὁ
2345 5350 2477 5404 Θεός
2529 5368 2651 5419 μου,
2685 5368 2702 5400 ι
2743 5350 2933 5415 καὶτὸ,
2973 5370 2990 5401 ι
3034 5351 3231 5421 Κύριος
3269 5352 3545 5420 ποιμαίνει
3580 5369 3672 5416 με,
3716 5371 3735 5404 ι

2169 5446 2246 5507 είς
2277 5441 2587 5509 δοξολογίαν
2626 5441 2783 5496 Θεοῦ.
2834 5442 2891 5495 ’0
2941 5446 3229 5514 ἀρχιερεὺς
3266 5446 3343 5507 δὲ,
3377 5445 3742 5513 συναντιλαμο

2167 5534 2482 5603 ϐανομένων
2537 5534 2687 5601 αὐτῷ
2732 5536 2824 5587 καὶ
2856 5535 2964 5588 τῶν
2996 5537 3393 5605 συμπαρόντων
3428 5538 3741 5590 ἐπισκόπων
3836 5576 3839 5579 ς

2168 5630 2263 5682 καὶ
2297 5629 2487 5697 ἱερέων
2514 5628 2606 5679 καὶ
2634 5627 2855 5692 λοιπῶν,
2890 5630 3154 5699 λαμϐάνει
3185 5630 3283 5699 τὴν
3308 5630 3606 5698 τράπεζαν,
3646 5632 3740 5683 καὶ

2168 5721 2380 5789 τίθησιν
2439 5718 2531 5769 ἐπὶ
2579 5718 2685 5772 τῶν
2724 5720 2937 5787 κιόνων,
2968 5719 3404 5790 ἀσφαλιζόμενος
3432 5721 3603 5789 αὐτὴν
3637 5720 3732 5773 καὶ
