  <div class='ocr_page' id='page_1' title='image "/cluster/home/n/w/nwhite01/storage/ocr_20150623/155/hvd.32044069650117/162.png"; bbox 0 0 4030 6204; ppageno 0'>
   <div class='ocr_carea' id='block_1_1' title="bbox 429 269 534 332">
    <p class='ocr_par' dir='ltr' id='par_1_1' title="bbox 429 269 534 332">
     <span class='ocr_line' id='line_1_1' title="bbox 429 269 534 332; baseline 0.01 -1"><span class='ocrx_word' id='word_1_1' title='bbox 429 269 534 332; x_wconf 79' lang='grc'><strong>313</strong></span> 
     </span>
    </p>
   </div>
   <div class='ocr_carea' id='block_1_2' title="bbox 1705 282 2433 346">
    <p class='ocr_par' dir='ltr' id='par_1_2' title="bbox 1705 282 2433 346">
     <span class='ocr_line' id='line_1_2' title="bbox 1705 282 2433 346; baseline 0.003 -3"><span class='ocrx_word' id='word_1_2' title='bbox 1705 282 1799 343; x_wconf 88' lang='lat' dir='ltr'><strong>DE</strong></span> <span class='ocrx_word' id='word_1_3' title='bbox 1835 283 2076 343; x_wconf 77' lang='lat' dir='ltr'><strong>SACRO</strong></span> <span class='ocrx_word' id='word_1_4' title='bbox 2112 284 2433 346; x_wconf 82' lang='lat' dir='ltr'><strong>TEMPLO.</strong></span> 
     </span>
    </p>
   </div>
   <div class='ocr_carea' id='block_1_3' title="bbox 3577 288 3681 349">
    <p class='ocr_par' dir='ltr' id='par_1_3' title="bbox 3577 288 3681 349">
     <span class='ocr_line' id='line_1_3' title="bbox 3577 288 3681 349; baseline -0.01 -1"><span class='ocrx_word' id='word_1_5' title='bbox 3577 288 3681 349; x_wconf 71' lang='grc' dir='ltr'>εει</span> 
     </span>
    </p>
   </div>
   <div class='ocr_carea' id='block_1_4' title="bbox 428 385 2003 469">
    <p class='ocr_par' dir='ltr' id='par_1_4' title="bbox 428 385 2003 466">
     <span class='ocr_line' id='line_1_4' title="bbox 428 385 2003 466; baseline 0.008 -28"><span class='ocrx_word' id='word_1_6' title='bbox 428 385 672 454; x_wconf 73' lang='grc' dir='ltr'>ἐρείδων.</span> <span class='ocrx_word' id='word_1_7' title='bbox 709 385 820 438; x_wconf 89' lang='lat' dir='ltr'><strong>Kal</strong></span> <span class='ocrx_word' id='word_1_8' title='bbox 868 385 1006 454; x_wconf 76' lang='grc' dir='ltr'>μετὰ</span> <span class='ocrx_word' id='word_1_9' title='bbox 1045 386 1202 442; x_wconf 88' lang='grc' dir='ltr'>τοῦτο</span> <span class='ocrx_word' id='word_1_10' title='bbox 1226 389 1442 456; x_wconf 85' lang='grc' dir='ltr'>εὑλογεῖ</span> <span class='ocrx_word' id='word_1_11' title='bbox 1468 390 1558 445; x_wconf 80' lang='grc' dir='ltr'><strong>τὸν</strong></span> <span class='ocrx_word' id='word_1_12' title='bbox 1589 391 1748 449; x_wconf 86' lang='grc' dir='ltr'>Θεόν.</span> <span class='ocrx_word' id='word_1_13' title='bbox 1791 397 1884 450; x_wconf 84' lang='grc' dir='ltr'>Δεῖ</span> <span class='ocrx_word' id='word_1_14' title='bbox 1913 397 2003 466; x_wconf 73' lang='grc' dir='ltr'><strong>γὰι</strong></span> 
     </span>
    </p>
   </div>
   <div class='ocr_carea' id='block_1_5' title="bbox 2107 385 3682 469">
    <p class='ocr_par' dir='ltr' id='par_1_5' title="bbox 2130 397 3682 469">
     <span class='ocr_line' id='line_1_5' title="bbox 2130 397 3682 469; baseline 0 -14"><span class='ocrx_word' id='word_1_15' title='bbox 2130 401 2233 455; x_wconf 87' lang='lat' dir='ltr'><strong>bus</strong></span> <span class='ocrx_word' id='word_1_16' title='bbox 2256 399 2458 456; x_wconf 80' lang='lat' dir='ltr'><strong>divinis</strong></span> <span class='ocrx_word' id='word_1_17' title='bbox 2491 397 2636 452; x_wconf 87' lang='lat' dir='ltr'><strong>illius</strong></span> <span class='ocrx_word' id='word_1_18' title='bbox 2656 406 2878 468; x_wconf 75' lang='lat' dir='ltr'><strong>propter</strong></span> <span class='ocrx_word' id='word_1_19' title='bbox 2899 413 2997 454; x_wconf 90' lang='lat' dir='ltr'><strong>nos</strong></span> <span class='ocrx_word' id='word_1_20' title='bbox 3029 399 3305 468; x_wconf 82' lang='lat' dir='ltr'><strong>operibus.</strong></span> <span class='ocrx_word' id='word_1_21' title='bbox 3337 399 3540 454; x_wconf 83' lang='lat' dir='ltr'><strong>Deinde</strong></span> <span class='ocrx_word' id='word_1_22' title='bbox 3583 416 3682 469; x_wconf 87' lang='lat' dir='ltr'><strong>pro</strong></span> 
     </span>
    </p>
   </div>
   <div class='ocr_carea' id='block_1_6' title="bbox 429 477 2004 561">
    <p class='ocr_par' dir='ltr' id='par_1_6' title="bbox 429 477 2004 561">
     <span class='ocr_line' id='line_1_6' title="bbox 429 477 2004 561; baseline 0.001 -31"><span class='ocrx_word' id='word_1_23' title='bbox 429 477 592 530; x_wconf 76' lang='grc' dir='ltr'>αὐτὸν</span> <span class='ocrx_word' id='word_1_24' title='bbox 623 477 869 545; x_wconf 78' lang='grc' dir='ltr'><strong>εὐλογεῖν</strong></span> <span class='ocrx_word' id='word_1_25' title='bbox 898 479 992 530; x_wconf 74' lang='grc' dir='ltr'>ἐπὶ</span> <span class='ocrx_word' id='word_1_26' title='bbox 1024 480 1157 533; x_wconf 79' lang='grc' dir='ltr'>πᾶσι</span> <span class='ocrx_word' id='word_1_27' title='bbox 1189 483 1301 544; x_wconf 83' lang='grc' dir='ltr'>τοῖς</span> <span class='ocrx_word' id='word_1_28' title='bbox 1352 482 1515 546; x_wconf 78' lang='grc' dir='ltr'><strong>θείοις</strong></span> <span class='ocrx_word' id='word_1_29' title='bbox 1547 484 1690 555; x_wconf 79' lang='grc' dir='ltr'>ὑπὲρ</span> <span class='ocrx_word' id='word_1_30' title='bbox 1726 487 1882 558; x_wconf 79' lang='grc' dir='ltr'>ἡμῶν</span> <span class='ocrx_word' id='word_1_31' title='bbox 1914 491 2004 561; x_wconf 75' lang='grc' dir='ltr'><strong>ἐρ-</strong></span> 
     </span>
    </p>
   </div>
   <div class='ocr_carea' id='block_1_7' title="bbox 429 565 2003 650">
    <p class='ocr_par' dir='ltr' id='par_1_7' title="bbox 429 565 2003 650">
     <span class='ocr_line' id='line_1_7' title="bbox 429 565 2003 650; baseline 0.008 -28"><span class='ocrx_word' id='word_1_32' title='bbox 429 586 546 637; x_wconf 89' lang='grc' dir='ltr'>γοις</span> <span class='ocrx_word' id='word_1_33' title='bbox 580 568 768 624; x_wconf 82' lang='grc' dir='ltr'>αὐτοῦ.</span> <span class='ocrx_word' id='word_1_34' title='bbox 816 565 949 624; x_wconf 79' lang='grc' dir='ltr'>Εἶτα</span> <span class='ocrx_word' id='word_1_35' title='bbox 990 571 1098 642; x_wconf 84' lang='grc' dir='ltr'>πρὸ</span> <span class='ocrx_word' id='word_1_36' title='bbox 1141 572 1251 626; x_wconf 84' lang='grc' dir='ltr'>τῶν</span> <span class='ocrx_word' id='word_1_37' title='bbox 1293 574 1464 640; x_wconf 88' lang='grc' dir='ltr'>ἀγίων</span> <span class='ocrx_word' id='word_1_38' title='bbox 1506 577 1710 646; x_wconf 86' lang='grc' dir='ltr'>θυρῶν,</span> <span class='ocrx_word' id='word_1_39' title='bbox 1738 580 1918 650; x_wconf 79' lang='grc' dir='ltr'>τάπης</span> <span class='ocrx_word' id='word_1_40' title='bbox 1943 599 2003 635; x_wconf 88' lang='grc' dir='ltr'>τε</span> 
     </span>
    </p>
   </div>
   <div class='ocr_carea' id='block_1_8' title="bbox 428 660 2004 740">
    <p class='ocr_par' dir='ltr' id='par_1_8' title="bbox 428 660 2004 740">
     <span class='ocr_line' id='line_1_8' title="bbox 428 660 2004 740; baseline 0.01 -28"><span class='ocrx_word' id='word_1_41' title='bbox 428 660 836 732; x_wconf 78' lang='grc' dir='ltr'>εὐτρεπίζεται,</span> <span class='ocrx_word' id='word_1_42' title='bbox 866 665 959 716; x_wconf 77' lang='grc' dir='ltr'><strong>καὶ</strong></span> <span class='ocrx_word' id='word_1_43' title='bbox 1006 667 1449 734; x_wconf 80' lang='grc' dir='ltr'><strong>προσκεφάλαιον</strong></span> <span class='ocrx_word' id='word_1_44' title='bbox 1493 671 1548 724; x_wconf 79' lang='grc' dir='ltr'><strong>ἐν</strong></span> <span class='ocrx_word' id='word_1_45' title='bbox 1587 673 1760 740; x_wconf 81' lang='grc' dir='ltr'>αὐτῷ,</span> <span class='ocrx_word' id='word_1_46' title='bbox 1789 675 1883 727; x_wconf 78' lang='grc' dir='ltr'><strong>καὶ</strong></span> <span class='ocrx_word' id='word_1_47' title='bbox 1916 675 2004 728; x_wconf 72' lang='grc' dir='ltr'><strong>διὰ</strong></span> 
     </span>
    </p>
   </div>
   <div class='ocr_carea' id='block_1_9' title="bbox 427 754 2004 836">
    <p class='ocr_par' dir='ltr' id='par_1_9' title="bbox 427 754 2004 836">
     <span class='ocr_line' id='line_1_9' title="bbox 427 754 2004 836; baseline 0.01 -30"><span class='ocrx_word' id='word_1_48' title='bbox 427 754 529 821; x_wconf 76' lang='grc' dir='ltr'>τὴν</span> <span class='ocrx_word' id='word_1_49' title='bbox 558 754 659 821; x_wconf 78' lang='grc' dir='ltr'>τῆς</span> <span class='ocrx_word' id='word_1_50' title='bbox 687 757 1098 828; x_wconf 82' lang='grc' dir='ltr'><strong>ἀρχιερωσύνης</strong></span> <span class='ocrx_word' id='word_1_51' title='bbox 1123 762 1310 828; x_wconf 73' lang='grc' dir='ltr'>τιμὴν,</span> <span class='ocrx_word' id='word_1_52' title='bbox 1335 762 1457 832; x_wconf 76' lang='grc' dir='ltr'>ἥτις</span> <span class='ocrx_word' id='word_1_53' title='bbox 1481 764 1598 818; x_wconf 77' lang='grc' dir='ltr'>ἐστὶ</span> <span class='ocrx_word' id='word_1_54' title='bbox 1620 763 1712 819; x_wconf 86' lang='grc' dir='ltr'><strong>τοῦ</strong></span> <span class='ocrx_word' id='word_1_55' title='bbox 1741 767 2004 836; x_wconf 88' lang='grc' dir='ltr'>Χριστοῦ,</span> 
     </span>
    </p>
   </div>
   <div class='ocr_carea' id='block_1_10' title="bbox 428 842 2006 930">
    <p class='ocr_par' dir='ltr' id='par_1_10' title="bbox 428 842 2006 930">
     <span class='ocr_line' id='line_1_10' title="bbox 428 842 2006 930; baseline 0.01 -35"><span class='ocrx_word' id='word_1_56' title='bbox 428 842 524 895; x_wconf 78' lang='grc' dir='ltr'><strong>καὶ</strong></span> <span class='ocrx_word' id='word_1_57' title='bbox 575 842 686 896; x_wconf 85' lang='grc' dir='ltr'>τῶν</span> <span class='ocrx_word' id='word_1_58' title='bbox 736 844 898 914; x_wconf 83' lang='grc' dir='ltr'>ἱερῶν</span> <span class='ocrx_word' id='word_1_59' title='bbox 942 847 1184 915; x_wconf 85' lang='grc' dir='ltr'>ἀμφίων,</span> <span class='ocrx_word' id='word_1_60' title='bbox 1213 849 1300 903; x_wconf 80' lang='grc' dir='ltr'><strong>ἵνα</strong></span> <span class='ocrx_word' id='word_1_61' title='bbox 1347 851 1423 923; x_wconf 82' lang='grc' dir='ltr'>μὴ</span> <span class='ocrx_word' id='word_1_62' title='bbox 1455 856 1888 925; x_wconf 66' lang='grc' dir='ltr'>καωστρωθῶσι</span> <span class='ocrx_word' id='word_1_63' title='bbox 1927 859 2006 930; x_wconf 79' lang='grc' dir='ltr'>τῷ</span> 
     </span>
    </p>
   </div>
   <div class='ocr_carea' id='block_1_11' title="bbox 429 935 2006 1023">
    <p class='ocr_par' dir='ltr' id='par_1_11' title="bbox 429 935 2006 1023">
     <span class='ocr_line' id='line_1_11' title="bbox 429 935 2006 1023; baseline 0.01 -35"><span class='ocrx_word' id='word_1_64' title='bbox 429 935 637 1023; x_wconf 68' lang='grc' dir='ltr'>ἐδάφει,</span> <span class='ocrx_word' id='word_1_65' title='bbox 674 939 941 1007; x_wconf 72' lang='grc' dir='ltr'>σταυροὺς</span> <span class='ocrx_word' id='word_1_66' title='bbox 973 942 1070 992; x_wconf 80' lang='grc' dir='ltr'><strong>καὶ</strong></span> <span class='ocrx_word' id='word_1_67' title='bbox 1101 941 1315 1003; x_wconf 78' lang='grc' dir='ltr'><strong>εἰκόνας</strong></span> <span class='ocrx_word' id='word_1_68' title='bbox 1350 943 1564 1013; x_wconf 82' lang='grc' dir='ltr'>έχοντα,</span> <span class='ocrx_word' id='word_1_69' title='bbox 1594 949 1690 1000; x_wconf 75' lang='grc' dir='ltr'><strong>καὶ</strong></span> <span class='ocrx_word' id='word_1_70' title='bbox 1721 947 1809 1001; x_wconf 76' lang='grc' dir='ltr'>διὰ</span> <span class='ocrx_word' id='word_1_71' title='bbox 1836 949 1896 1003; x_wconf 86' lang='grc' dir='ltr'>τὺ</span> <span class='ocrx_word' id='word_1_72' title='bbox 1929 951 2006 1023; x_wconf 78' lang='grc' dir='ltr'><strong>μὴ</strong></span> 
     </span>
    </p>
   </div>
   <div class='ocr_carea' id='block_1_12' title="bbox 427 1021 2004 1110">
    <p class='ocr_par' dir='ltr' id='par_1_12' title="bbox 427 1021 2004 1110">
     <span class='ocr_line' id='line_1_12' title="bbox 427 1021 2004 1110; baseline 0.011 -31"><span class='ocrx_word' id='word_1_73' title='bbox 427 1021 569 1081; x_wconf 74' lang='grc' dir='ltr'>εἶναι</span> <span class='ocrx_word' id='word_1_74' title='bbox 622 1027 703 1082; x_wconf 71' lang='grc' dir='ltr'>ἔτι</span> <span class='ocrx_word' id='word_1_75' title='bbox 756 1031 819 1082; x_wconf 79' lang='grc' dir='ltr'>τὺ</span> <span class='ocrx_word' id='word_1_76' title='bbox 867 1029 1063 1099; x_wconf 81' lang='grc' dir='ltr'>ἔδαφος</span> <span class='ocrx_word' id='word_1_77' title='bbox 1097 1032 1272 1101; x_wconf 72' lang='grc' dir='ltr'>ἅγιον.</span> <span class='ocrx_word' id='word_1_78' title='bbox 1306 1034 1479 1090; x_wconf 87' lang='grc' dir='ltr'>Τοῦτο</span> <span class='ocrx_word' id='word_1_79' title='bbox 1509 1040 1620 1108; x_wconf 75' lang='grc' dir='ltr'>γὰρ</span> <span class='ocrx_word' id='word_1_80' title='bbox 1645 1021 2004 1110; x_wconf 72' lang='grc' dir='ltr'>καθιερωθὲν,</span> 
     </span>
    </p>
   </div>
   <div class='ocr_carea' id='block_1_13' title="bbox 427 1117 2007 1203">
    <p class='ocr_par' dir='ltr' id='par_1_13' title="bbox 427 1117 2007 1203">
     <span class='ocr_line' id='line_1_13' title="bbox 427 1117 2007 1203; baseline 0.01 -31"><span class='ocrx_word' id='word_1_81' title='bbox 427 1117 606 1185; x_wconf 85' lang='grc' dir='ltr'>τίμιόν</span> <span class='ocrx_word' id='word_1_82' title='bbox 640 1121 778 1184; x_wconf 77' lang='grc' dir='ltr'>ἐστι,</span> <span class='ocrx_word' id='word_1_83' title='bbox 805 1122 900 1176; x_wconf 78' lang='grc' dir='ltr'>καὶ</span> <span class='ocrx_word' id='word_1_84' title='bbox 932 1123 1176 1178; x_wconf 82' lang='grc' dir='ltr'>πλεῖστοι</span> <span class='ocrx_word' id='word_1_85' title='bbox 1200 1125 1358 1180; x_wconf 85' lang='grc' dir='ltr'>τοῦτο</span> <span class='ocrx_word' id='word_1_86' title='bbox 1403 1127 1479 1190; x_wconf 84' lang='grc' dir='ltr'>ὡς</span> <span class='ocrx_word' id='word_1_87' title='bbox 1526 1129 1763 1198; x_wconf 83' lang='grc' dir='ltr'>οὐρανοῦ</span> <span class='ocrx_word' id='word_1_88' title='bbox 1808 1134 2007 1203; x_wconf 75' lang='grc' dir='ltr'>ἔδαφος</span> 
     </span>
    </p>
   </div>
   <div class='ocr_carea' id='block_1_14' title="bbox 427 1211 2006 1294">
    <p class='ocr_par' dir='ltr' id='par_1_14' title="bbox 427 1211 2006 1294">
     <span class='ocr_line' id='line_1_14' title="bbox 427 1211 2006 1294; baseline 0.009 -30"><span class='ocrx_word' id='word_1_89' title='bbox 427 1211 741 1282; x_wconf 75' lang='grc' dir='ltr'>ἠσπάζοντο</span> <span class='ocrx_word' id='word_1_90' title='bbox 772 1215 881 1268; x_wconf 87' lang='grc' dir='ltr'>τῶν</span> <span class='ocrx_word' id='word_1_91' title='bbox 929 1215 1208 1283; x_wconf 84' lang='grc' dir='ltr'>θεοφιλῶν.</span> <span class='ocrx_word' id='word_1_92' title='bbox 1242 1217 1412 1272; x_wconf 82' lang='grc' dir='ltr'>Ἔνθα</span> <span class='ocrx_word' id='word_1_93' title='bbox 1451 1219 1517 1290; x_wconf 83' lang='grc' dir='ltr'>δὴ</span> <span class='ocrx_word' id='word_1_94' title='bbox 1564 1225 2006 1294; x_wconf 81' lang='grc' dir='ltr'>παρογενόμενος</span> 
     </span>
    </p>
   </div>
   <div class='ocr_carea' id='block_1_15' title="bbox 425 1305 2006 1386">
    <p class='ocr_par' dir='ltr' id='par_1_15' title="bbox 425 1305 2006 1386">
     <span class='ocr_line' id='line_1_15' title="bbox 425 1305 2006 1386; baseline 0.008 -28"><span class='ocrx_word' id='word_1_95' title='bbox 425 1307 455 1358; x_wconf 85' lang='grc' dir='ltr'><strong>ό</strong></span> <span class='ocrx_word' id='word_1_96' title='bbox 479 1305 793 1376; x_wconf 78' lang='grc' dir='ltr'>ἀρχιερεὺς,</span> <span class='ocrx_word' id='word_1_97' title='bbox 828 1307 922 1360; x_wconf 77' lang='grc' dir='ltr'>καὶ</span> <span class='ocrx_word' id='word_1_98' title='bbox 969 1308 1098 1375; x_wconf 85' lang='grc' dir='ltr'>γόνυ</span> <span class='ocrx_word' id='word_1_99' title='bbox 1127 1309 1326 1363; x_wconf 89' lang='grc' dir='ltr'>κλίνων</span> <span class='ocrx_word' id='word_1_100' title='bbox 1361 1311 1454 1363; x_wconf 80' lang='grc' dir='ltr'><strong>καὶ</strong></span> <span class='ocrx_word' id='word_1_101' title='bbox 1497 1312 1589 1365; x_wconf 79' lang='grc' dir='ltr'>τὸν</span> <span class='ocrx_word' id='word_1_102' title='bbox 1630 1314 1830 1386; x_wconf 77' lang='grc' dir='ltr'>αὐχένα</span> <span class='ocrx_word' id='word_1_103' title='bbox 1865 1320 2006 1370; x_wconf 81' lang='grc' dir='ltr'><strong>κατά</strong></span> 
     </span>
    </p>
   </div>
   <div class='ocr_carea' id='block_1_16' title="bbox 429 1402 2005 1476">
    <p class='ocr_par' dir='ltr' id='par_1_16' title="bbox 429 1402 2005 1476">
     <span class='ocr_line' id='line_1_16' title="bbox 429 1402 2005 1476; baseline 0.005 -20"><span class='ocrx_word' id='word_1_104' title='bbox 429 1402 718 1467; x_wconf 84' lang='grc' dir='ltr'>ἀνατολὰς,</span> <span class='ocrx_word' id='word_1_105' title='bbox 744 1405 840 1457; x_wconf 78' lang='grc' dir='ltr'><strong>καὶ</strong></span> <span class='ocrx_word' id='word_1_106' title='bbox 878 1405 1098 1458; x_wconf 83' lang='grc' dir='ltr'>πάντων</span> <span class='ocrx_word' id='word_1_107' title='bbox 1123 1406 1413 1463; x_wconf 82' lang='grc' dir='ltr'>κλινόντων</span> <span class='ocrx_word' id='word_1_108' title='bbox 1444 1409 1602 1476; x_wconf 82' lang='grc' dir='ltr'>ὁμοῦ,</span> <span class='ocrx_word' id='word_1_109' title='bbox 1629 1411 1722 1463; x_wconf 87' lang='grc' dir='ltr'><strong>τοῦ</strong></span> <span class='ocrx_word' id='word_1_110' title='bbox 1753 1410 2005 1464; x_wconf 84' lang='grc' dir='ltr'>διακόνου</span> 
     </span>
    </p>
   </div>
   <div class='ocr_carea' id='block_1_17' title="bbox 428 1494 2006 1570">
    <p class='ocr_par' dir='ltr' id='par_1_17' title="bbox 428 1494 2006 1570">
     <span class='ocr_line' id='line_1_17' title="bbox 428 1494 2006 1570; baseline 0.006 -22"><span class='ocrx_word' id='word_1_111' title='bbox 428 1494 682 1565; x_wconf 78' lang='grc' dir='ltr'>βοῶντος,</span> <span class='ocrx_word' id='word_1_112' title='bbox 717 1514 736 1548; x_wconf 80' lang='grc' dir='ltr'><strong>ι</strong></span> <span class='ocrx_word' id='word_1_113' title='bbox 769 1494 890 1548; x_wconf 76' lang='grc' dir='ltr'>Ἔτι</span> <span class='ocrx_word' id='word_1_114' title='bbox 935 1497 1030 1551; x_wconf 84' lang='grc' dir='ltr'><strong>καὶ</strong></span> <span class='ocrx_word' id='word_1_115' title='bbox 1059 1497 1160 1561; x_wconf 74' lang='grc' dir='ltr'>ἔτι,</span> <span class='ocrx_word' id='word_1_116' title='bbox 1188 1498 1469 1564; x_wconf 78' lang='grc' dir='ltr'>κλίναντες</span> <span class='ocrx_word' id='word_1_117' title='bbox 1527 1502 1594 1554; x_wconf 68' lang='grc' dir='ltr'>τὰ</span> <span class='ocrx_word' id='word_1_118' title='bbox 1641 1502 1864 1570; x_wconf 82' lang='grc' dir='ltr'>γόνατα,</span> <span class='ocrx_word' id='word_1_119' title='bbox 1913 1524 1932 1556; x_wconf 73' lang='grc' dir='ltr'><strong>ι</strong></span> <span class='ocrx_word' id='word_1_120' title='bbox 1978 1506 2006 1557; x_wconf 87' lang='grc' dir='ltr'><strong>ό</strong></span> 
     </span>
    </p>
   </div>
   <div class='ocr_carea' id='block_1_18' title="bbox 426 1587 1983 1664">
    <p class='ocr_par' dir='ltr' id='par_1_18' title="bbox 426 1587 1983 1664">
     <span class='ocr_line' id='line_1_18' title="bbox 426 1587 1983 1664; baseline 0.004 -24"><span class='ocrx_word' id='word_1_121' title='bbox 426 1588 716 1658; x_wconf 74' lang='grc' dir='ltr'>ἀρχιερεὺς</span> <span class='ocrx_word' id='word_1_122' title='bbox 774 1587 1009 1642; x_wconf 74' lang='grc' dir='ltr'>ἐνώπιον</span> <span class='ocrx_word' id='word_1_123' title='bbox 1063 1588 1317 1658; x_wconf 78' lang='grc' dir='ltr'>κείμενος</span> <span class='ocrx_word' id='word_1_124' title='bbox 1360 1589 1458 1644; x_wconf 87' lang='grc' dir='ltr'><strong>τοῦ</strong></span> <span class='ocrx_word' id='word_1_125' title='bbox 1500 1591 1656 1658; x_wconf 84' lang='grc' dir='ltr'>Θεοῦ,</span> <span class='ocrx_word' id='word_1_126' title='bbox 1691 1593 1792 1664; x_wconf 79' lang='grc' dir='ltr'><strong>τὴν</strong></span> <span class='ocrx_word' id='word_1_127' title='bbox 1817 1594 1983 1664; x_wconf 82' lang='grc' dir='ltr'>εὐχὴν</span> 
     </span>
    </p>
   </div>
   <div class='ocr_carea' id='block_1_19' title="bbox 427 1681 2006 1759">
    <p class='ocr_par' dir='ltr' id='par_1_19' title="bbox 427 1681 2006 1759">
     <span class='ocr_line' id='line_1_19' title="bbox 427 1681 2006 1759; baseline 0.006 -27"><span class='ocrx_word' id='word_1_128' title='bbox 427 1683 660 1734; x_wconf 85' lang='grc' dir='ltr'>ποιεῖται</span> <span class='ocrx_word' id='word_1_129' title='bbox 713 1681 773 1732; x_wconf 84' lang='grc' dir='ltr'><strong>ὲν</strong></span> <span class='ocrx_word' id='word_1_130' title='bbox 825 1681 1136 1746; x_wconf 78' lang='grc' dir='ltr'>κατανύξει,</span> <span class='ocrx_word' id='word_1_131' title='bbox 1168 1683 1362 1749; x_wconf 84' lang='grc' dir='ltr'>λέγων,</span> <span class='ocrx_word' id='word_1_132' title='bbox 1401 1703 1420 1737; x_wconf 76' lang='grc' dir='ltr'><strong>ι</strong></span> <span class='ocrx_word' id='word_1_133' title='bbox 1464 1684 1524 1740; x_wconf 86' lang='grc' dir='ltr'>Ὀ</span> <span class='ocrx_word' id='word_1_134' title='bbox 1554 1686 1685 1748; x_wconf 78' lang='grc' dir='ltr'><strong>Θεὸς</strong></span> <span class='ocrx_word' id='word_1_135' title='bbox 1713 1689 1741 1740; x_wconf 82' lang='grc' dir='ltr'><strong>ὁ</strong></span> <span class='ocrx_word' id='word_1_136' title='bbox 1771 1688 2006 1759; x_wconf 77' lang='grc' dir='ltr'><strong>ἄναρχος</strong></span> 
     </span>
    </p>
   </div>
   <div class='ocr_carea' id='block_1_20' title="bbox 2108 491 3681 562">
    <p class='ocr_par' dir='ltr' id='par_1_20' title="bbox 2108 491 3681 562">
     <span class='ocr_line' id='line_1_20' title="bbox 2108 491 3681 562; baseline -0.003 -13"><span class='ocrx_word' id='word_1_137' title='bbox 2108 493 2322 549; x_wconf 78' lang='lat' dir='ltr'><strong>toribus</strong></span> <span class='ocrx_word' id='word_1_138' title='bbox 2365 491 2672 558; x_wconf 88' lang='lat' dir='ltr'><strong>disponitur</strong></span> <span class='ocrx_word' id='word_1_139' title='bbox 2704 500 2855 560; x_wconf 91' lang='lat' dir='ltr'><strong>tapes</strong></span> <span class='ocrx_word' id='word_1_140' title='bbox 2901 499 2954 546; x_wconf 88' lang='lat' dir='ltr'><strong>et</strong></span> <span class='ocrx_word' id='word_1_141' title='bbox 2988 491 3041 543; x_wconf 90' lang='lat' dir='ltr'><strong>in</strong></span> <span class='ocrx_word' id='word_1_142' title='bbox 3077 505 3144 546; x_wconf 88' lang='lat' dir='ltr'><strong>eo</strong></span> <span class='ocrx_word' id='word_1_143' title='bbox 3171 492 3426 559; x_wconf 77' lang='lat' dir='ltr'><strong>pulvinus</strong></span> <span class='ocrx_word' id='word_1_144' title='bbox 3447 493 3518 546; x_wconf 88' lang='lat' dir='ltr'><strong>ob</strong></span> <span class='ocrx_word' id='word_1_145' title='bbox 3546 508 3681 562; x_wconf 78' lang='lat' dir='ltr'><strong>pon-</strong></span> 
     </span>
    </p>
   </div>
   <div class='ocr_carea' id='block_1_21' title="bbox 2107 583 3680 652">
    <p class='ocr_par' dir='ltr' id='par_1_21' title="bbox 2107 583 3680 652">
     <span class='ocr_line' id='line_1_21' title="bbox 2107 583 3680 652; baseline -0.001 -11"><span class='ocrx_word' id='word_1_146' title='bbox 2107 587 2346 642; x_wconf 88' lang='lat' dir='ltr'><strong>tiﬁcatus</strong></span> <span class='ocrx_word' id='word_1_147' title='bbox 2382 583 2666 650; x_wconf 85' lang='lat' dir='ltr'><strong>honorem,</strong></span> <span class='ocrx_word' id='word_1_148' title='bbox 2733 597 2822 652; x_wconf 90' lang='lat' dir='ltr'><strong>qut</strong></span> <span class='ocrx_word' id='word_1_149' title='bbox 2855 592 2940 638; x_wconf 85' lang='lat' dir='ltr'><strong>est</strong></span> <span class='ocrx_word' id='word_1_150' title='bbox 2998 583 3226 646; x_wconf 84' lang='lat' dir='ltr'><strong>Christi,</strong></span> <span class='ocrx_word' id='word_1_151' title='bbox 3251 605 3270 620; x_wconf 66' lang='grc' dir='ltr'>ι</span> <span class='ocrx_word' id='word_1_152' title='bbox 3295 593 3350 639; x_wconf 92' lang='lat' dir='ltr'><strong>et</strong></span> <span class='ocrx_word' id='word_1_153' title='bbox 3396 600 3680 640; x_wconf 89' lang='lat' dir='ltr'><strong>sacrorum</strong></span> 
     </span>
    </p>
   </div>
   <div class='ocr_carea' id='block_1_22' title="bbox 2110 675 3684 745">
    <p class='ocr_par' dir='ltr' id='par_1_22' title="bbox 2110 675 3684 745">
     <span class='ocr_line' id='line_1_22' title="bbox 2110 675 3684 745; baseline -0.002 -14"><span class='ocrx_word' id='word_1_154' title='bbox 2110 680 2590 742; x_wconf 87' lang='lat' dir='ltr'><strong>vestimentorum,</strong></span> <span class='ocrx_word' id='word_1_155' title='bbox 2617 683 2700 740; x_wconf 91' lang='lat' dir='ltr'><strong>ut,</strong></span> <span class='ocrx_word' id='word_1_156' title='bbox 2761 690 2954 730; x_wconf 82' lang='lat' dir='ltr'><strong>cruces</strong></span> <span class='ocrx_word' id='word_1_157' title='bbox 2983 684 3036 729; x_wconf 88' lang='lat' dir='ltr'><strong>et</strong></span> <span class='ocrx_word' id='word_1_158' title='bbox 3084 675 3349 745; x_wconf 82' lang='lat' dir='ltr'><strong>imagines</strong></span> <span class='ocrx_word' id='word_1_159' title='bbox 3409 675 3684 739; x_wconf 73' lang='lat' dir='ltr'><strong>habentia,</strong></span> 
     </span>
    </p>
   </div>
   <div class='ocr_carea' id='block_1_23' title="bbox 2109 761 3686 838">
    <p class='ocr_par' dir='ltr' id='par_1_23' title="bbox 2109 761 3686 838">
     <span class='ocr_line' id='line_1_23' title="bbox 2109 761 3686 838; baseline -0.001 -14"><span class='ocrx_word' id='word_1_160' title='bbox 2109 785 2213 824; x_wconf 92' lang='lat' dir='ltr'><strong>non</strong></span> <span class='ocrx_word' id='word_1_161' title='bbox 2247 772 2300 823; x_wconf 95' lang='lat' dir='ltr'><strong>in</strong></span> <span class='ocrx_word' id='word_1_162' title='bbox 2334 769 2456 824; x_wconf 92' lang='lat' dir='ltr'><strong>solo</strong></span> <span class='ocrx_word' id='word_1_163' title='bbox 2516 777 2934 838; x_wconf 70' lang='lat' dir='ltr'><strong>prosternuntur</strong></span> <span class='ocrx_word' id='word_1_164' title='bbox 2981 761 3050 821; x_wconf 85' lang='lat' dir='ltr'><strong>eo</strong></span> <span class='ocrx_word' id='word_1_165' title='bbox 3088 769 3231 835; x_wconf 86' lang='lat' dir='ltr'><strong>quod</strong></span> <span class='ocrx_word' id='word_1_166' title='bbox 3298 768 3537 822; x_wconf 89' lang='lat' dir='ltr'><strong>nondum</strong></span> <span class='ocrx_word' id='word_1_167' title='bbox 3601 776 3686 822; x_wconf 91' lang='lat' dir='ltr'><strong>est</strong></span> 
     </span>
    </p>
   </div>
   <div class='ocr_carea' id='block_1_24' title="bbox 2106 856 3678 912">
    <p class='ocr_par' dir='ltr' id='par_1_24' title="bbox 2106 856 3678 912">
     <span class='ocr_line' id='line_1_24' title="bbox 2106 856 3678 912; baseline -0.002 -1"><span class='ocrx_word' id='word_1_168' title='bbox 2106 856 2512 912; x_wconf 89' lang='lat' dir='ltr'><strong>sanctiﬁcatum</strong></span> <span class='ocrx_word' id='word_1_169' title='bbox 2540 857 2717 910; x_wconf 80' lang='lat' dir='ltr'><strong>solum</strong></span> <span class='ocrx_word' id='word_1_170' title='bbox 2747 874 2760 910; x_wconf 91' lang='lat'><strong>:</strong></span> <span class='ocrx_word' id='word_1_171' title='bbox 2793 856 2894 910; x_wconf 84' lang='lat' dir='ltr'><strong>hoc</strong></span> <span class='ocrx_word' id='word_1_172' title='bbox 2917 856 3062 910; x_wconf 90' lang='lat' dir='ltr'><strong>enim</strong></span> <span class='ocrx_word' id='word_1_173' title='bbox 3091 871 3216 909; x_wconf 90' lang='lat' dir='ltr'><strong>cum</strong></span> <span class='ocrx_word' id='word_1_174' title='bbox 3279 857 3678 909; x_wconf 80' lang='lat' dir='ltr'><strong>sanctiﬁcatum</strong></span> 
     </span>
    </p>
   </div>
   <div class='ocr_carea' id='block_1_25' title="bbox 2105 948 3686 1021">
    <p class='ocr_par' dir='ltr' id='par_1_25' title="bbox 2105 948 3686 1021">
     <span class='ocr_line' id='line_1_25' title="bbox 2105 948 3686 1021; baseline -0.002 -14"><span class='ocrx_word' id='word_1_175' title='bbox 2105 961 2209 1015; x_wconf 88' lang='lat' dir='ltr'><strong>est,</strong></span> <span class='ocrx_word' id='word_1_176' title='bbox 2241 951 2490 1020; x_wconf 87' lang='lat' dir='ltr'><strong>plerique</strong></span> <span class='ocrx_word' id='word_1_177' title='bbox 2525 951 2745 1021; x_wconf 88' lang='lat' dir='ltr'><strong>piortnn</strong></span> <span class='ocrx_word' id='word_1_178' title='bbox 2782 959 2840 1004; x_wconf 86' lang='lat' dir='ltr'><strong>ut</strong></span> <span class='ocrx_word' id='word_1_179' title='bbox 2874 950 2996 1006; x_wconf 75' lang='grc' dir='ltr'>εοειί</span> <span class='ocrx_word' id='word_1_180' title='bbox 3039 948 3404 1020; x_wconf 85' lang='lat' dir='ltr'><strong>pavimentum</strong></span> <span class='ocrx_word' id='word_1_181' title='bbox 3433 952 3686 1006; x_wconf 81' lang='lat' dir='ltr'><strong>osculan-</strong></span> 
     </span>
    </p>
   </div>
   <div class='ocr_carea' id='block_1_26' title="bbox 2109 1043 3682 1114">
    <p class='ocr_par' dir='ltr' id='par_1_26' title="bbox 2109 1043 3682 1114">
     <span class='ocr_line' id='line_1_26' title="bbox 2109 1043 3682 1114; baseline -0.003 -14"><span class='ocrx_word' id='word_1_182' title='bbox 2109 1053 2214 1100; x_wconf 86' lang='lat' dir='ltr'><strong>tur.</strong></span> <span class='ocrx_word' id='word_1_183' title='bbox 2244 1045 2319 1099; x_wconf 92' lang='lat' dir='ltr'><strong>Ibi</strong></span> <span class='ocrx_word' id='word_1_184' title='bbox 2348 1059 2511 1114; x_wconf 91' lang='lat' dir='ltr'><strong>porro</strong></span> <span class='ocrx_word' id='word_1_185' title='bbox 2533 1059 2655 1097; x_wconf 91' lang='lat' dir='ltr'><strong>eum</strong></span> <span class='ocrx_word' id='word_1_186' title='bbox 2689 1043 2847 1097; x_wconf 82' lang='lat' dir='ltr'><strong>adest</strong></span> <span class='ocrx_word' id='word_1_187' title='bbox 2872 1043 3139 1114; x_wconf 75' lang='lat' dir='ltr'><strong>pontifex,</strong></span> <span class='ocrx_word' id='word_1_188' title='bbox 3171 1060 3308 1114; x_wconf 81' lang='lat' dir='ltr'><strong>genu</strong></span> <span class='ocrx_word' id='word_1_189' title='bbox 3371 1043 3682 1109; x_wconf 79' lang='lat' dir='ltr'><strong>collumque</strong></span> 
     </span>
    </p>
   </div>
   <div class='ocr_carea' id='block_1_27' title="bbox 2109 1134 3680 1202">
    <p class='ocr_par' dir='ltr' id='par_1_27' title="bbox 2109 1134 3680 1202">
     <span class='ocr_line' id='line_1_27' title="bbox 2109 1134 3680 1202; baseline -0.002 -11"><span class='ocrx_word' id='word_1_190' title='bbox 2109 1137 2332 1191; x_wconf 68' lang='lat' dir='ltr'><strong>“colens</strong></span> <span class='ocrx_word' id='word_1_191' title='bbox 2368 1135 2434 1190; x_wconf 88' lang='lat' dir='ltr'><strong>ad</strong></span> <span class='ocrx_word' id='word_1_192' title='bbox 2467 1136 2754 1202; x_wconf 90' lang='lat' dir='ltr'><strong>orientem,</strong></span> <span class='ocrx_word' id='word_1_193' title='bbox 2790 1135 3045 1189; x_wconf 87' lang='lat' dir='ltr'><strong>omnibus</strong></span> <span class='ocrx_word' id='word_1_194' title='bbox 3097 1136 3260 1189; x_wconf 85' lang='lat' dir='ltr'><strong>simul</strong></span> <span class='ocrx_word' id='word_1_195' title='bbox 3318 1134 3680 1198; x_wconf 84' lang='lat' dir='ltr'><strong>ﬂectentibus,</strong></span> 
     </span>
    </p>
   </div>
   <div class='ocr_carea' id='block_1_28' title="bbox 2108 1210 3686 1295">
    <p class='ocr_par' dir='ltr' id='par_1_28' title="bbox 2108 1210 3686 1295">
     <span class='ocr_line' id='line_1_28' title="bbox 2108 1210 3686 1295; baseline -0.003 -12"><span class='ocrx_word' id='word_1_196' title='bbox 2108 1227 2377 1283; x_wconf 84' lang='lat' dir='ltr'><strong>clamante</strong></span> <span class='ocrx_word' id='word_1_197' title='bbox 2402 1227 2634 1280; x_wconf 84' lang='lat' dir='ltr'><strong>diacono</strong></span> <span class='ocrx_word' id='word_1_198' title='bbox 2666 1210 2912 1282; x_wconf 48' lang='lat' dir='ltr'><strong>{Adhuc</strong></span> <span class='ocrx_word' id='word_1_199' title='bbox 2937 1236 2984 1280; x_wconf 87' lang='lat' dir='ltr'><strong>et</strong></span> <span class='ocrx_word' id='word_1_200' title='bbox 3041 1226 3217 1280; x_wconf 84' lang='lat' dir='ltr'><strong>adhuc</strong></span> <span class='ocrx_word' id='word_1_201' title='bbox 3251 1240 3422 1295; x_wconf 78' lang='lat' dir='ltr'><strong>genua</strong></span> <span class='ocrx_word' id='word_1_202' title='bbox 3461 1224 3686 1279; x_wconf 85' lang='lat' dir='ltr'><strong>ﬂecten-</strong></span> 
     </span>
    </p>
   </div>
   <div class='ocr_carea' id='block_1_29' title="bbox 2111 1317 3683 1387">
    <p class='ocr_par' dir='ltr' id='par_1_29' title="bbox 2111 1317 3683 1387">
     <span class='ocr_line' id='line_1_29' title="bbox 2111 1317 3683 1387; baseline -0.001 -16"><span class='ocrx_word' id='word_1_203' title='bbox 2111 1327 2189 1372; x_wconf 88' lang='lat' dir='ltr'><strong>tes</strong></span> <span class='ocrx_word' id='word_1_204' title='bbox 2219 1317 2490 1387; x_wconf 77' lang='lat' dir='ltr'><strong>;pontii‘ex</strong></span> <span class='ocrx_word' id='word_1_205' title='bbox 2512 1319 2566 1372; x_wconf 90' lang='lat' dir='ltr'><strong>in</strong></span> <span class='ocrx_word' id='word_1_206' title='bbox 2587 1327 2882 1386; x_wconf 86' lang='lat' dir='ltr'><strong>conspectu</strong></span> <span class='ocrx_word' id='word_1_207' title='bbox 2910 1318 3001 1371; x_wconf 87' lang='lat' dir='ltr'><strong>Dei</strong></span> <span class='ocrx_word' id='word_1_208' title='bbox 3031 1327 3358 1387; x_wconf 85' lang='lat' dir='ltr'><strong>prostratus.</strong></span> <span class='ocrx_word' id='word_1_209' title='bbox 3381 1317 3683 1371; x_wconf 89' lang='lat' dir='ltr'><strong>orationem</strong></span> 
     </span>
    </p>
   </div>
   <div class='ocr_carea' id='block_1_30' title="bbox 2109 1410 3684 1480">
    <p class='ocr_par' dir='ltr' id='par_1_30' title="bbox 2109 1410 3684 1480">
     <span class='ocr_line' id='line_1_30' title="bbox 2109 1410 3684 1480; baseline -0.001 -16"><span class='ocrx_word' id='word_1_210' title='bbox 2109 1410 2163 1464; x_wconf 89' lang='lat' dir='ltr'><strong>in</strong></span> <span class='ocrx_word' id='word_1_211' title='bbox 2195 1413 2614 1480; x_wconf 88' lang='lat' dir='ltr'><strong>compunctione</strong></span> <span class='ocrx_word' id='word_1_212' title='bbox 2665 1413 2814 1476; x_wconf 80' lang='lat' dir='ltr'><strong>facit,</strong></span> <span class='ocrx_word' id='word_1_213' title='bbox 2881 1412 3120 1465; x_wconf 87' lang='lat' dir='ltr'><strong>dicens:</strong></span> <span class='ocrx_word' id='word_1_214' title='bbox 3181 1412 3370 1466; x_wconf 73' lang='lat' dir='ltr'><strong>«Deus</strong></span> <span class='ocrx_word' id='word_1_215' title='bbox 3419 1411 3684 1479; x_wconf 87' lang='lat' dir='ltr'><strong>principio</strong></span> 
     </span>
    </p>
   </div>
   <div class='ocr_carea' id='block_1_31' title="bbox 2107 1501 3682 1570">
    <p class='ocr_par' dir='ltr' id='par_1_31' title="bbox 2107 1501 3682 1570">
     <span class='ocr_line' id='line_1_31' title="bbox 2107 1501 3682 1570; baseline -0.003 -12"><span class='ocrx_word' id='word_1_216' title='bbox 2107 1517 2304 1558; x_wconf 76' lang='lat' dir='ltr'><strong>carens</strong></span> <span class='ocrx_word' id='word_1_217' title='bbox 2331 1516 2393 1555; x_wconf 88' lang='lat' dir='ltr'><strong>ac</strong></span> <span class='ocrx_word' id='word_1_218' title='bbox 2416 1502 2804 1570; x_wconf 90' lang='lat' dir='ltr'><strong>sempiternus.</strong></span> <span class='ocrx_word' id='word_1_219' title='bbox 2855 1520 2872 1552; x_wconf 75' lang='grc' dir='ltr'><strong>ο</strong></span> <span class='ocrx_word' id='word_1_220' title='bbox 2913 1501 3063 1556; x_wconf 83' lang='lat' dir='ltr'><strong>Hanc</strong></span> <span class='ocrx_word' id='word_1_221' title='bbox 3085 1511 3265 1555; x_wconf 89' lang='lat' dir='ltr'><strong>autem</strong></span> <span class='ocrx_word' id='word_1_222' title='bbox 3291 1503 3452 1555; x_wconf 86' lang='lat' dir='ltr'><strong>etiam</strong></span> <span class='ocrx_word' id='word_1_223' title='bbox 3473 1501 3682 1563; x_wconf 87' lang='lat' dir='ltr'><strong>dicunt,</strong></span> 
     </span>
    </p>
   </div>
   <div class='ocr_carea' id='block_1_32' title="bbox 2109 1593 3682 1664">
    <p class='ocr_par' dir='ltr' id='par_1_32' title="bbox 2109 1593 3682 1664">
     <span class='ocr_line' id='line_1_32' title="bbox 2109 1593 3682 1664; baseline -0.001 -16"><span class='ocrx_word' id='word_1_224' title='bbox 2109 1594 2154 1648; x_wconf 88' lang='lat' dir='ltr'><strong>si</strong></span> <span class='ocrx_word' id='word_1_225' title='bbox 2177 1595 2268 1664; x_wconf 91' lang='lat' dir='ltr'><strong>qui</strong></span> <span class='ocrx_word' id='word_1_226' title='bbox 2296 1595 2409 1649; x_wconf 87' lang='lat' dir='ltr'><strong>sint</strong></span> <span class='ocrx_word' id='word_1_227' title='bbox 2436 1609 2561 1649; x_wconf 88' lang='lat' dir='ltr'><strong>cum</strong></span> <span class='ocrx_word' id='word_1_228' title='bbox 2589 1595 2707 1662; x_wconf 90' lang='lat' dir='ltr'><strong>ipso</strong></span> <span class='ocrx_word' id='word_1_229' title='bbox 2743 1596 3050 1663; x_wconf 84' lang='lat' dir='ltr'><strong>pontiﬁces.</strong></span> <span class='ocrx_word' id='word_1_230' title='bbox 3083 1594 3146 1648; x_wconf 84' lang='lat' dir='ltr'><strong>Et</strong></span> <span class='ocrx_word' id='word_1_231' title='bbox 3173 1603 3362 1647; x_wconf 82' lang='lat' dir='ltr'><strong>exorat</strong></span> <span class='ocrx_word' id='word_1_232' title='bbox 3395 1609 3542 1656; x_wconf 91' lang='lat' dir='ltr'><strong>enm,</strong></span> <span class='ocrx_word' id='word_1_233' title='bbox 3587 1593 3682 1661; x_wconf 84' lang='lat' dir='ltr'><strong>qui</strong></span> 
     </span>
    </p>
   </div>
   <div class='ocr_carea' id='block_1_33' title="bbox 2123 1683 3687 1756">
    <p class='ocr_par' dir='ltr' id='par_1_33' title="bbox 2123 1683 3687 1756">
     <span class='ocr_line' id='line_1_33' title="bbox 2123 1683 3687 1756; baseline 0 -20"><span class='ocrx_word' id='word_1_234' title='bbox 2123 1683 2356 1756; x_wconf 82' lang='lat' dir='ltr'><strong>Moysen</strong></span> <span class='ocrx_word' id='word_1_235' title='bbox 2380 1688 2431 1740; x_wconf 93' lang='lat' dir='ltr'><strong>in</strong></span> <span class='ocrx_word' id='word_1_236' title='bbox 2459 1687 2668 1756; x_wconf 87' lang='lat' dir='ltr'><strong>antiqui</strong></span> <span class='ocrx_word' id='word_1_237' title='bbox 2699 1687 3034 1742; x_wconf 86' lang='lat' dir='ltr'><strong>tabernaculi</strong></span> <span class='ocrx_word' id='word_1_238' title='bbox 3084 1687 3414 1740; x_wconf 85' lang='lat' dir='ltr'><strong>ercetionem</strong></span> <span class='ocrx_word' id='word_1_239' title='bbox 3450 1692 3502 1737; x_wconf 87' lang='lat' dir='ltr'><strong>et</strong></span> <span class='ocrx_word' id='word_1_240' title='bbox 3528 1683 3687 1738; x_wconf 81' lang='lat' dir='ltr'><strong>Bese-</strong></span> 
     </span>
    </p>
   </div>
   <div class='ocr_carea' id='block_1_34' title="bbox 427 1768 2003 1848">
    <p class='ocr_par' dir='ltr' id='par_1_34' title="bbox 427 1772 2003 1848">
     <span class='ocr_line' id='line_1_34' title="bbox 427 1772 2003 1848; baseline 0.004 -22"><span class='ocrx_word' id='word_1_241' title='bbox 427 1773 524 1826; x_wconf 73' lang='grc' dir='ltr'><strong>καὶ</strong></span> <span class='ocrx_word' id='word_1_242' title='bbox 567 1773 757 1832; x_wconf 79' lang='grc' dir='ltr'>ἀΐδιος.</span> <span class='ocrx_word' id='word_1_243' title='bbox 802 1791 821 1824; x_wconf 76' lang='grc' dir='ltr'><strong>ι</strong></span> <span class='ocrx_word' id='word_1_244' title='bbox 862 1772 975 1843; x_wconf 84' lang='grc' dir='ltr'><strong>Τὴν</strong></span> <span class='ocrx_word' id='word_1_245' title='bbox 1009 1773 1180 1844; x_wconf 84' lang='grc' dir='ltr'>αὐτὴν</span> <span class='ocrx_word' id='word_1_246' title='bbox 1206 1773 1264 1828; x_wconf 87' lang='grc' dir='ltr'>δὲ</span> <span class='ocrx_word' id='word_1_247' title='bbox 1298 1773 1538 1839; x_wconf 79' lang='grc' dir='ltr'>λέγουσι,</span> <span class='ocrx_word' id='word_1_248' title='bbox 1577 1778 1670 1831; x_wconf 79' lang='grc' dir='ltr'>καὶ</span> <span class='ocrx_word' id='word_1_249' title='bbox 1703 1779 1866 1848; x_wconf 75' lang='grc' dir='ltr'>εἴπερ</span> <span class='ocrx_word' id='word_1_250' title='bbox 1897 1781 2003 1832; x_wconf 70' lang='grc' dir='ltr'>είσὶ</span> 
     </span>
    </p>
   </div>
   <div class='ocr_carea' id='block_1_35' title="bbox 2107 1768 3686 1848">
    <p class='ocr_par' dir='ltr' id='par_1_35' title="bbox 2116 1775 3686 1844">
     <span class='ocr_line' id='line_1_35' title="bbox 2116 1775 3686 1844; baseline -0.003 -14"><span class='ocrx_word' id='word_1_251' title='bbox 2116 1777 2306 1830; x_wconf 84' lang='lat' dir='ltr'><strong>leelem</strong></span> <span class='ocrx_word' id='word_1_252' title='bbox 2342 1779 2392 1830; x_wconf 91' lang='lat' dir='ltr'><strong>in</strong></span> <span class='ocrx_word' id='word_1_253' title='bbox 2427 1778 2574 1833; x_wconf 90' lang='lat' dir='ltr'><strong>illius</strong></span> <span class='ocrx_word' id='word_1_254' title='bbox 2604 1794 2986 1834; x_wconf 85' lang='lat' dir='ltr'><strong>ornamentum</strong></span> <span class='ocrx_word' id='word_1_255' title='bbox 3013 1779 3311 1842; x_wconf 84' lang='lat' dir='ltr'><strong>roboravit,</strong></span> <span class='ocrx_word' id='word_1_256' title='bbox 3352 1775 3686 1844; x_wconf 88' lang='lat' dir='ltr'><strong>sapientem-</strong></span> 
     </span>
    </p>
   </div>
   <div class='ocr_carea' id='block_1_36' title="bbox 430 1861 2005 1939">
    <p class='ocr_par' dir='ltr' id='par_1_36' title="bbox 430 1861 2005 1939">
     <span class='ocr_line' id='line_1_36' title="bbox 430 1861 2005 1939; baseline 0.005 -23"><span class='ocrx_word' id='word_1_257' title='bbox 430 1863 529 1917; x_wconf 78' lang='grc' dir='ltr'><strong>σὺν</strong></span> <span class='ocrx_word' id='word_1_258' title='bbox 558 1861 707 1933; x_wconf 74' lang='grc' dir='ltr'>αὐτῷ</span> <span class='ocrx_word' id='word_1_259' title='bbox 732 1865 1032 1933; x_wconf 83' lang='grc' dir='ltr'><strong>ἀρχιερεῖς.</strong></span> <span class='ocrx_word' id='word_1_260' title='bbox 1060 1865 1168 1917; x_wconf 80' lang='grc' dir='ltr'><strong>Καὶ</strong></span> <span class='ocrx_word' id='word_1_261' title='bbox 1198 1865 1510 1931; x_wconf 81' lang='grc' dir='ltr'>ὲξαιτεῖται,</span> <span class='ocrx_word' id='word_1_262' title='bbox 1535 1868 1624 1921; x_wconf 75' lang='grc' dir='ltr'><strong>τὸν</strong></span> <span class='ocrx_word' id='word_1_263' title='bbox 1646 1869 2005 1939; x_wconf 80' lang='grc' dir='ltr'>ἐνισχύσαντα</span> 
     </span>
    </p>
   </div>
   <div class='ocr_carea' id='block_1_37' title="bbox 427 1955 2006 2031">
    <p class='ocr_par' dir='ltr' id='par_1_37' title="bbox 427 1955 2006 2031">
     <span class='ocr_line' id='line_1_37' title="bbox 427 1955 2006 2031; baseline 0.006 -25"><span class='ocrx_word' id='word_1_264' title='bbox 427 1957 508 2018; x_wconf 83' lang='grc' dir='ltr'><strong>είς</strong></span> <span class='ocrx_word' id='word_1_265' title='bbox 556 1956 846 2023; x_wconf 73' lang='grc' dir='ltr'><strong>ἀνέγερσιν</strong></span> <span class='ocrx_word' id='word_1_266' title='bbox 875 1955 974 2024; x_wconf 83' lang='grc' dir='ltr'><strong>τῆς</strong></span> <span class='ocrx_word' id='word_1_267' title='bbox 1009 1957 1176 2009; x_wconf 85' lang='grc' dir='ltr'>πάλαι</span> <span class='ocrx_word' id='word_1_268' title='bbox 1225 1958 1430 2028; x_wconf 85' lang='grc' dir='ltr'><strong>σκηνῆς</strong></span> <span class='ocrx_word' id='word_1_269' title='bbox 1475 1960 1568 2012; x_wconf 75' lang='grc' dir='ltr'><strong>τὸν</strong></span> <span class='ocrx_word' id='word_1_270' title='bbox 1618 1960 1882 2031; x_wconf 86' lang='grc' dir='ltr'>Μωῦσῆν,</span> <span class='ocrx_word' id='word_1_271' title='bbox 1915 1963 2006 2015; x_wconf 77' lang='grc' dir='ltr'><strong>καὶ</strong></span> 
     </span>
    </p>
   </div>
   <div class='ocr_carea' id='block_1_38' title="bbox 428 2046 2008 2120">
    <p class='ocr_par' dir='ltr' id='par_1_38' title="bbox 428 2046 2008 2120">
     <span class='ocr_line' id='line_1_38' title="bbox 428 2046 2008 2120; baseline 0.003 -21"><span class='ocrx_word' id='word_1_272' title='bbox 428 2049 509 2109; x_wconf 77' lang='grc' dir='ltr'>είς</span> <span class='ocrx_word' id='word_1_273' title='bbox 561 2046 899 2115; x_wconf 81' lang='grc' dir='ltr'>κατάρτησιν</span> <span class='ocrx_word' id='word_1_274' title='bbox 933 2046 1108 2116; x_wconf 86' lang='grc' dir='ltr'>αὐτῆς</span> <span class='ocrx_word' id='word_1_275' title='bbox 1151 2047 1242 2102; x_wconf 69' lang='grc' dir='ltr'><strong>τὸν</strong></span> <span class='ocrx_word' id='word_1_276' title='bbox 1273 2048 1560 2120; x_wconf 82' lang='grc' dir='ltr'>Βεσελεὴλ,</span> <span class='ocrx_word' id='word_1_277' title='bbox 1597 2051 1690 2104; x_wconf 76' lang='grc' dir='ltr'><strong>καὶ</strong></span> <span class='ocrx_word' id='word_1_278' title='bbox 1727 2051 1819 2104; x_wconf 64' lang='grc' dir='ltr'><strong>τον</strong></span> <span class='ocrx_word' id='word_1_279' title='bbox 1851 2051 2008 2104; x_wconf 81' lang='grc' dir='ltr'>Σολο-</span> 
     </span>
    </p>
   </div>
   <div class='ocr_carea' id='block_1_39' title="bbox 431 2139 2007 2214">
    <p class='ocr_par' dir='ltr' id='par_1_39' title="bbox 431 2139 2007 2214">
     <span class='ocr_line' id='line_1_39' title="bbox 431 2139 2007 2214; baseline 0.004 -23"><span class='ocrx_word' id='word_1_280' title='bbox 431 2139 618 2207; x_wconf 82' lang='grc' dir='ltr'>μῶντα</span> <span class='ocrx_word' id='word_1_281' title='bbox 649 2141 972 2207; x_wconf 80' lang='grc' dir='ltr'>σοφίσαντα,</span> <span class='ocrx_word' id='word_1_282' title='bbox 1002 2139 1082 2202; x_wconf 81' lang='grc' dir='ltr'><strong>εἰς</strong></span> <span class='ocrx_word' id='word_1_283' title='bbox 1108 2140 1464 2212; x_wconf 76' lang='grc' dir='ltr'>ἀνοικοδομὴν</span> <span class='ocrx_word' id='word_1_284' title='bbox 1489 2143 1650 2214; x_wconf 74' lang='lat'><strong>118</strong></span> <span class='ocrx_word' id='word_1_285' title='bbox 1673 2144 1763 2196; x_wconf 80' lang='grc' dir='ltr'>καὶ</span> <span class='ocrx_word' id='word_1_286' title='bbox 1789 2144 2007 2198; x_wconf 83' lang='grc' dir='ltr'>τελείω-</span> 
     </span>
    </p>
   </div>
   <div class='ocr_carea' id='block_1_40' title="bbox 431 2230 2006 2306">
    <p class='ocr_par' dir='ltr' id='par_1_40' title="bbox 431 2230 2006 2306">
     <span class='ocr_line' id='line_1_40' title="bbox 431 2230 2006 2306; baseline 0.003 -23"><span class='ocrx_word' id='word_1_287' title='bbox 431 2247 515 2284; x_wconf 88' lang='grc' dir='ltr'><strong>σιν</strong></span> <span class='ocrx_word' id='word_1_288' title='bbox 552 2231 646 2283; x_wconf 88' lang='grc' dir='ltr'><strong>τοῦ</strong></span> <span class='ocrx_word' id='word_1_289' title='bbox 695 2230 863 2284; x_wconf 75' lang='grc' dir='ltr'>πάλαι</span> <span class='ocrx_word' id='word_1_290' title='bbox 896 2231 1052 2296; x_wconf 88' lang='grc' dir='ltr'>ναοῦ,</span> <span class='ocrx_word' id='word_1_291' title='bbox 1079 2233 1175 2286; x_wconf 82' lang='grc' dir='ltr'><strong>καὶ</strong></span> <span class='ocrx_word' id='word_1_292' title='bbox 1222 2233 1348 2296; x_wconf 79' lang='grc' dir='ltr'>τοὺς</span> <span class='ocrx_word' id='word_1_293' title='bbox 1401 2234 1734 2298; x_wconf 78' lang='grc' dir='ltr'>ἀποστόλους</span> <span class='ocrx_word' id='word_1_294' title='bbox 1789 2237 2006 2306; x_wconf 79' lang='grc' dir='ltr'>ἐνισχῦ-</span> 
     </span>
    </p>
   </div>
   <div class='ocr_carea' id='block_1_41' title="bbox 426 2319 2004 2395">
    <p class='ocr_par' dir='ltr' id='par_1_41' title="bbox 426 2319 2004 2395">
     <span class='ocr_line' id='line_1_41' title="bbox 426 2319 2004 2395; baseline 0.003 -23"><span class='ocrx_word' id='word_1_295' title='bbox 426 2337 598 2373; x_wconf 84' lang='grc' dir='ltr'>σαντα</span> <span class='ocrx_word' id='word_1_296' title='bbox 641 2321 721 2382; x_wconf 84' lang='grc' dir='ltr'><strong>είς</strong></span> <span class='ocrx_word' id='word_1_297' title='bbox 761 2319 1049 2390; x_wconf 80' lang='grc' dir='ltr'>ἀνέγερσιν</span> <span class='ocrx_word' id='word_1_298' title='bbox 1094 2320 1152 2375; x_wconf 82' lang='grc' dir='ltr'><strong>ὲν</strong></span> <span class='ocrx_word' id='word_1_299' title='bbox 1181 2320 1287 2391; x_wconf 80' lang='grc' dir='ltr'><strong>ὅλῳ</strong></span> <span class='ocrx_word' id='word_1_300' title='bbox 1335 2322 1412 2392; x_wconf 80' lang='grc' dir='ltr'>τῷ</span> <span class='ocrx_word' id='word_1_301' title='bbox 1461 2322 1652 2394; x_wconf 85' lang='grc' dir='ltr'>κόσμῳ</span> <span class='ocrx_word' id='word_1_302' title='bbox 1701 2325 1807 2376; x_wconf 85' lang='grc' dir='ltr'>τῶν</span> <span class='ocrx_word' id='word_1_303' title='bbox 1845 2325 2004 2395; x_wconf 83' lang='grc' dir='ltr'>ἱερῶν</span> 
     </span>
    </p>
   </div>
   <div class='ocr_carea' id='block_1_42' title="bbox 424 2411 2004 2482">
    <p class='ocr_par' dir='ltr' id='par_1_42' title="bbox 424 2411 2004 2482">
     <span class='ocr_line' id='line_1_42' title="bbox 424 2411 2004 2482; baseline 0.003 -18"><span class='ocrx_word' id='word_1_304' title='bbox 424 2411 853 2482; x_wconf 73' lang='grc' dir='ltr'>θυσιςτστηρίων,</span> <span class='ocrx_word' id='word_1_305' title='bbox 907 2413 996 2464; x_wconf 79' lang='grc' dir='ltr'>καὶ</span> <span class='ocrx_word' id='word_1_306' title='bbox 1052 2412 1244 2466; x_wconf 82' lang='grc' dir='ltr'>τοῦτον</span> <span class='ocrx_word' id='word_1_307' title='bbox 1291 2411 1382 2466; x_wconf 80' lang='grc' dir='ltr'>τὸν</span> <span class='ocrx_word' id='word_1_308' title='bbox 1436 2412 1562 2467; x_wconf 81' lang='grc' dir='ltr'>ναὸν</span> <span class='ocrx_word' id='word_1_309' title='bbox 1611 2414 1858 2480; x_wconf 82' lang='grc' dir='ltr'>ἁγιάσαι,</span> <span class='ocrx_word' id='word_1_310' title='bbox 1911 2417 2004 2469; x_wconf 80' lang='grc' dir='ltr'>καὶ</span> 
     </span>
    </p>
   </div>
   <div class='ocr_carea' id='block_1_43' title="bbox 424 2501 2002 2574">
    <p class='ocr_par' dir='ltr' id='par_1_43' title="bbox 424 2501 2002 2574">
     <span class='ocr_line' id='line_1_43' title="bbox 424 2501 2002 2574; baseline 0.003 -20"><span class='ocrx_word' id='word_1_311' title='bbox 424 2503 695 2572; x_wconf 79' lang='grc' dir='ltr'><strong>σκήνωμα</strong></span> <span class='ocrx_word' id='word_1_312' title='bbox 728 2502 888 2572; x_wconf 78' lang='grc' dir='ltr'>δόξης</span> <span class='ocrx_word' id='word_1_313' title='bbox 919 2501 1144 2572; x_wconf 80' lang='grc' dir='ltr'>ποιῆσαι</span> <span class='ocrx_word' id='word_1_314' title='bbox 1176 2502 1366 2570; x_wconf 77' lang='grc' dir='ltr'>αὑτοῦ,</span> <span class='ocrx_word' id='word_1_315' title='bbox 1410 2503 1504 2557; x_wconf 77' lang='grc' dir='ltr'>καὶ</span> <span class='ocrx_word' id='word_1_316' title='bbox 1537 2503 1752 2558; x_wconf 50' lang='grc' dir='ltr'>,πολλῶν</span> <span class='ocrx_word' id='word_1_317' title='bbox 1783 2506 2002 2574; x_wconf 85' lang='grc' dir='ltr'>ἀγαθῶν</span> 
     </span>
    </p>
   </div>
   <div class='ocr_carea' id='block_1_44' title="bbox 424 2594 2000 2668">
    <p class='ocr_par' dir='ltr' id='par_1_44' title="bbox 424 2594 2000 2668">
     <span class='ocr_line' id='line_1_44' title="bbox 424 2594 2000 2668; baseline 0.003 -22"><span class='ocrx_word' id='word_1_318' title='bbox 424 2594 783 2664; x_wconf 80' lang='grc' dir='ltr'>παρεκτικδν,</span> <span class='ocrx_word' id='word_1_319' title='bbox 814 2596 908 2648; x_wconf 79' lang='grc' dir='ltr'><strong>καὶ</strong></span> <span class='ocrx_word' id='word_1_320' title='bbox 943 2594 1036 2647; x_wconf 92' lang='grc' dir='ltr'><strong>τοῦ</strong></span> <span class='ocrx_word' id='word_1_321' title='bbox 1074 2594 1310 2665; x_wconf 76' lang='grc' dir='ltr'>μεγάλου</span> <span class='ocrx_word' id='word_1_322' title='bbox 1339 2594 1579 2666; x_wconf 78' lang='grc' dir='ltr'>θύματος</span> <span class='ocrx_word' id='word_1_323' title='bbox 1612 2598 2000 2668; x_wconf 76' lang='grc' dir='ltr'>ἐργαστήριον·</span> 
     </span>
    </p>
   </div>
   <div class='ocr_carea' id='block_1_45' title="bbox 2109 1865 3685 1935">
    <p class='ocr_par' dir='ltr' id='par_1_45' title="bbox 2109 1865 3685 1935">
     <span class='ocr_line' id='line_1_45' title="bbox 2109 1865 3685 1935; baseline 0.002 -18"><span class='ocrx_word' id='word_1_324' title='bbox 2109 1882 2216 1935; x_wconf 89' lang='lat' dir='ltr'><strong>que</strong></span> <span class='ocrx_word' id='word_1_325' title='bbox 2247 1865 2592 1924; x_wconf 81' lang='lat' dir='ltr'><strong>Salomonem</strong></span> <span class='ocrx_word' id='word_1_326' title='bbox 2623 1869 2822 1934; x_wconf 79' lang='lat' dir='ltr'><strong>eﬂ‘ecit,</strong></span> <span class='ocrx_word' id='word_1_327' title='bbox 2878 1870 2932 1924; x_wconf 93' lang='lat' dir='ltr'><strong>in</strong></span> <span class='ocrx_word' id='word_1_328' title='bbox 2963 1869 3380 1923; x_wconf 71' lang='lat' dir='ltr'><strong>aediﬁcationem</strong></span> <span class='ocrx_word' id='word_1_329' title='bbox 3408 1883 3471 1921; x_wconf 89' lang='lat' dir='ltr'><strong>ac</strong></span> <span class='ocrx_word' id='word_1_330' title='bbox 3494 1880 3685 1922; x_wconf 88' lang='lat' dir='ltr'><strong>conse-</strong></span> 
     </span>
    </p>
   </div>
   <div class='ocr_carea' id='block_1_46' title="bbox 2109 1957 3687 2030">
    <p class='ocr_par' dir='ltr' id='par_1_46' title="bbox 2109 1957 3687 2030">
     <span class='ocr_line' id='line_1_46' title="bbox 2109 1957 3687 2030; baseline -0.002 -17"><span class='ocrx_word' id='word_1_331' title='bbox 2109 1959 2410 2015; x_wconf 83' lang='lat' dir='ltr'><strong>crationem</strong></span> <span class='ocrx_word' id='word_1_332' title='bbox 2449 1961 2650 2015; x_wconf 85' lang='lat' dir='ltr'><strong>veteris</strong></span> <span class='ocrx_word' id='word_1_333' title='bbox 2685 1961 2896 2029; x_wconf 86' lang='lat' dir='ltr'><strong>templi,</strong></span> <span class='ocrx_word' id='word_1_334' title='bbox 2950 1961 3152 2030; x_wconf 83' lang='lat' dir='ltr'><strong>quique</strong></span> <span class='ocrx_word' id='word_1_335' title='bbox 3218 1961 3422 2014; x_wconf 80' lang='lat' dir='ltr'><strong>virtute</strong></span> <span class='ocrx_word' id='word_1_336' title='bbox 3459 1957 3687 2012; x_wconf 86' lang='lat' dir='ltr'><strong>donavit</strong></span> 
     </span>
    </p>
   </div>
   <div class='ocr_carea' id='block_1_47' title="bbox 2108 2050 3684 2120">
    <p class='ocr_par' dir='ltr' id='par_1_47' title="bbox 2108 2050 3684 2120">
     <span class='ocr_line' id='line_1_47' title="bbox 2108 2050 3684 2120; baseline -0.001 -16"><span class='ocrx_word' id='word_1_337' title='bbox 2108 2051 2387 2120; x_wconf 85' lang='lat' dir='ltr'><strong>apostolos</strong></span> <span class='ocrx_word' id='word_1_338' title='bbox 2419 2060 2480 2107; x_wconf 89' lang='lat' dir='ltr'><strong>ut</strong></span> <span class='ocrx_word' id='word_1_339' title='bbox 2533 2053 2587 2105; x_wconf 91' lang='lat' dir='ltr'><strong>in</strong></span> <span class='ocrx_word' id='word_1_340' title='bbox 2651 2053 2906 2107; x_wconf 85' lang='lat' dir='ltr'><strong>universo</strong></span> <span class='ocrx_word' id='word_1_341' title='bbox 2961 2050 3164 2105; x_wconf 89' lang='lat' dir='ltr'><strong>mundo</strong></span> <span class='ocrx_word' id='word_1_342' title='bbox 3219 2066 3374 2106; x_wconf 81' lang='lat' dir='ltr'><strong>sacra</strong></span> <span class='ocrx_word' id='word_1_343' title='bbox 3409 2050 3684 2119; x_wconf 82' lang='lat' dir='ltr'><strong>erigerent</strong></span> 
     </span>
    </p>
   </div>
   <div class='ocr_carea' id='block_1_48' title="bbox 2109 2143 3682 2211">
    <p class='ocr_par' dir='ltr' id='par_1_48' title="bbox 2109 2143 3682 2211">
     <span class='ocr_line' id='line_1_48' title="bbox 2109 2143 3682 2211; baseline -0.002 -15"><span class='ocrx_word' id='word_1_344' title='bbox 2109 2144 2325 2209; x_wconf 66' lang='lat' dir='ltr'><strong>altaria,</strong></span> <span class='ocrx_word' id='word_1_345' title='bbox 2351 2144 2459 2199; x_wconf 84' lang='lat' dir='ltr'><strong>hoc</strong></span> <span class='ocrx_word' id='word_1_346' title='bbox 2488 2146 2650 2199; x_wconf 86' lang='lat' dir='ltr'><strong>etiam</strong></span> <span class='ocrx_word' id='word_1_347' title='bbox 2682 2145 3025 2200; x_wconf 85' lang='lat' dir='ltr'><strong>sanctiticare</strong></span> <span class='ocrx_word' id='word_1_348' title='bbox 3058 2143 3341 2209; x_wconf 86' lang='lat' dir='ltr'><strong>templum,</strong></span> <span class='ocrx_word' id='word_1_349' title='bbox 3398 2143 3682 2211; x_wconf 88' lang='lat' dir='ltr'><strong>ipsiusque</strong></span> 
     </span>
    </p>
   </div>
   <div class='ocr_carea' id='block_1_49' title="bbox 2109 2234 3682 2303">
    <p class='ocr_par' dir='ltr' id='par_1_49' title="bbox 2109 2234 3682 2303">
     <span class='ocr_line' id='line_1_49' title="bbox 2109 2234 3682 2303; baseline -0.003 -15"><span class='ocrx_word' id='word_1_350' title='bbox 2109 2234 2292 2303; x_wconf 68' lang='lat' dir='ltr'><strong>gloriae</strong></span> <span class='ocrx_word' id='word_1_351' title='bbox 2314 2235 2724 2290; x_wconf 88' lang='lat' dir='ltr'><strong>tabernaculum</strong></span> <span class='ocrx_word' id='word_1_352' title='bbox 2767 2235 2998 2299; x_wconf 79' lang='lat' dir='ltr'><strong>eﬂicere,</strong></span> <span class='ocrx_word' id='word_1_353' title='bbox 3038 2244 3097 2289; x_wconf 88' lang='lat' dir='ltr'><strong>ut</strong></span> <span class='ocrx_word' id='word_1_354' title='bbox 3132 2238 3203 2290; x_wconf 91' lang='lat' dir='ltr'><strong>sit</strong></span> <span class='ocrx_word' id='word_1_355' title='bbox 3247 2235 3512 2288; x_wconf 85' lang='lat' dir='ltr'><strong>bonorum</strong></span> <span class='ocrx_word' id='word_1_356' title='bbox 3565 2247 3682 2284; x_wconf 87' lang='lat' dir='ltr'><strong>om-</strong></span> 
     </span>
    </p>
   </div>
   <div class='ocr_carea' id='block_1_50' title="bbox 2111 2325 3684 2398">
    <p class='ocr_par' dir='ltr' id='par_1_50' title="bbox 2111 2325 3684 2398">
     <span class='ocr_line' id='line_1_50' title="bbox 2111 2325 3684 2398; baseline -0.003 -17"><span class='ocrx_word' id='word_1_357' title='bbox 2111 2327 2260 2381; x_wconf 88' lang='lat' dir='ltr'><strong>nium</strong></span> <span class='ocrx_word' id='word_1_358' title='bbox 2298 2329 2732 2384; x_wconf 88' lang='lat' dir='ltr'><strong>communicatio</strong></span> <span class='ocrx_word' id='word_1_359' title='bbox 2763 2344 3093 2398; x_wconf 69' lang='lat' dir='ltr'><strong>magnaeque</strong></span> <span class='ocrx_word' id='word_1_360' title='bbox 3143 2327 3380 2380; x_wconf 71' lang='lat' dir='ltr'><strong>victima:</strong></span> <span class='ocrx_word' id='word_1_361' title='bbox 3429 2325 3684 2390; x_wconf 75' lang='lat' dir='ltr'><strong>ofﬁcina;</strong></span> 
     </span>
    </p>
   </div>
   <div class='ocr_carea' id='block_1_51' title="bbox 2107 2415 3678 2491">
    <p class='ocr_par' dir='ltr' id='par_1_51' title="bbox 2107 2415 3678 2491">
     <span class='ocr_line' id='line_1_51' title="bbox 2107 2415 3678 2491; baseline -0.003 -18"><span class='ocrx_word' id='word_1_362' title='bbox 2107 2428 2160 2473; x_wconf 88' lang='lat' dir='ltr'><strong>et</strong></span> <span class='ocrx_word' id='word_1_363' title='bbox 2184 2427 2378 2474; x_wconf 67' lang='lat' dir='ltr'><strong>caetera</strong></span> <span class='ocrx_word' id='word_1_364' title='bbox 2409 2436 2532 2491; x_wconf 64' lang='lat' dir='ltr'><strong>quae</strong></span> <span class='ocrx_word' id='word_1_365' title='bbox 2562 2431 2849 2476; x_wconf 85' lang='lat' dir='ltr'><strong>enumerat.</strong></span> <span class='ocrx_word' id='word_1_366' title='bbox 2881 2421 3078 2475; x_wconf 86' lang='lat' dir='ltr'><strong>oratio.</strong></span> <span class='ocrx_word' id='word_1_367' title='bbox 3106 2418 3170 2473; x_wconf 84' lang='lat' dir='ltr'><strong>Et</strong></span> <span class='ocrx_word' id='word_1_368' title='bbox 3197 2426 3481 2488; x_wconf 88' lang='lat' dir='ltr'><strong>postquam</strong></span> <span class='ocrx_word' id='word_1_369' title='bbox 3514 2415 3678 2484; x_wconf 80' lang='lat' dir='ltr'><strong>glori-</strong></span> 
     </span>
    </p>
   </div>
   <div class='ocr_carea' id='block_1_52' title="bbox 2109 2509 3680 2585">
    <p class='ocr_par' dir='ltr' id='par_1_52' title="bbox 2109 2509 3680 2585">
     <span class='ocr_line' id='line_1_52' title="bbox 2109 2509 3680 2585; baseline -0.005 -18"><span class='ocrx_word' id='word_1_370' title='bbox 2109 2510 2290 2566; x_wconf 82' lang='lat' dir='ltr'><strong>ﬁcavit</strong></span> <span class='ocrx_word' id='word_1_371' title='bbox 2318 2511 2508 2577; x_wconf 89' lang='lat' dir='ltr'><strong>Deum,</strong></span> <span class='ocrx_word' id='word_1_372' title='bbox 2532 2513 2726 2585; x_wconf 77' lang='lat' dir='ltr'><strong>surgit,</strong></span> <span class='ocrx_word' id='word_1_373' title='bbox 2755 2527 3032 2582; x_wconf 54' lang='lat' dir='ltr'><strong>sacraque</strong></span> <span class='ocrx_word' id='word_1_374' title='bbox 3083 2524 3285 2565; x_wconf 63' lang='lat' dir='ltr'><strong>mensa)</strong></span> <span class='ocrx_word' id='word_1_375' title='bbox 3332 2509 3680 2579; x_wconf 84' lang='lat' dir='ltr'><strong>propinquat,</strong></span> 
     </span>
    </p>
   </div>
   <div class='ocr_carea' id='block_1_53' title="bbox 2105 2601 3337 2673">
    <p class='ocr_par' dir='ltr' id='par_1_53' title="bbox 2105 2601 3337 2673">
     <span class='ocr_line' id='line_1_53' title="bbox 2105 2601 3337 2673; baseline 0 -19"><span class='ocrx_word' id='word_1_376' title='bbox 2105 2608 2160 2654; x_wconf 87' lang='lat' dir='ltr'><strong>et</strong></span> <span class='ocrx_word' id='word_1_377' title='bbox 2191 2617 2312 2670; x_wconf 75' lang='lat' dir='ltr'><strong>qua:</strong></span> <span class='ocrx_word' id='word_1_378' title='bbox 2345 2603 2688 2673; x_wconf 85' lang='lat' dir='ltr'><strong>baptismatis</strong></span> <span class='ocrx_word' id='word_1_379' title='bbox 2711 2611 2838 2657; x_wconf 90' lang='lat' dir='ltr'><strong>sunt</strong></span> <span class='ocrx_word' id='word_1_380' title='bbox 2873 2601 3153 2671; x_wconf 84' lang='lat' dir='ltr'><strong>exprimit.</strong></span> <span class='ocrx_word' id='word_1_381' title='bbox 3334 2605 3337 2608; x_wconf 63' lang='lat'><em>‘</em></span> 
     </span>
    </p>
   </div>
   <div class='ocr_carea' id='block_1_54' title="bbox 420 2687 3677 2764">
    <p class='ocr_par' dir='ltr' id='par_1_54' title="bbox 420 2687 3677 2764">
     <span class='ocr_line' id='line_1_54' title="bbox 420 2687 3677 2764; baseline -0 -23"><span class='ocrx_word' id='word_1_382' title='bbox 420 2689 620 2742; x_wconf 79' lang='grc' dir='ltr'>καὶτὰ</span> <span class='ocrx_word' id='word_1_383' title='bbox 651 2688 815 2741; x_wconf 87' lang='grc' dir='ltr'>λοιπὰ</span> <span class='ocrx_word' id='word_1_384' title='bbox 841 2689 942 2742; x_wconf 76' lang='grc' dir='ltr'>ὅσα</span> <span class='ocrx_word' id='word_1_385' title='bbox 983 2690 1016 2758; x_wconf 75' lang='grc' dir='ltr'><strong>ἡ</strong></span> <span class='ocrx_word' id='word_1_386' title='bbox 1054 2688 1187 2758; x_wconf 85' lang='grc' dir='ltr'>εὐχὴ</span> <span class='ocrx_word' id='word_1_387' title='bbox 1217 2687 1528 2756; x_wconf 77' lang='grc' dir='ltr'>καταλέγει.</span> <span class='ocrx_word' id='word_1_388' title='bbox 1582 2689 1693 2742; x_wconf 87' lang='lat' dir='ltr'><strong>Kal</strong></span> <span class='ocrx_word' id='word_1_389' title='bbox 1737 2688 2100 2759; x_wconf 81' lang='grc' dir='ltr'>δοξολογήσας</span> <span class='ocrx_word' id='word_1_390' title='bbox 2153 2690 2244 2743; x_wconf 86' lang='grc' dir='ltr'>τὸν</span> <span class='ocrx_word' id='word_1_391' title='bbox 2291 2692 2446 2758; x_wconf 72' lang='grc' dir='ltr'>Θεὸν,</span> <span class='ocrx_word' id='word_1_392' title='bbox 2489 2692 2788 2764; x_wconf 74' lang='grc' dir='ltr'>ἐγείρεται,</span> <span class='ocrx_word' id='word_1_393' title='bbox 2826 2691 2920 2744; x_wconf 73' lang='grc' dir='ltr'><strong>καὶ</strong></span> <span class='ocrx_word' id='word_1_394' title='bbox 2988 2693 3055 2762; x_wconf 76' lang='grc' dir='ltr'>τῇ</span> <span class='ocrx_word' id='word_1_395' title='bbox 3123 2691 3246 2762; x_wconf 78' lang='grc' dir='ltr'>ίερᾷ</span> <span class='ocrx_word' id='word_1_396' title='bbox 3319 2687 3677 2761; x_wconf 80' lang='grc' dir='ltr'>προσεγγίξει</span> 
     </span>
    </p>
   </div>
   <div class='ocr_carea' id='block_1_55' title="bbox 420 2782 1756 2860">
    <p class='ocr_par' dir='ltr' id='par_1_55' title="bbox 420 2782 1756 2860">
     <span class='ocr_line' id='line_1_55' title="bbox 420 2782 1756 2860; baseline -0.002 -24"><span class='ocrx_word' id='word_1_397' title='bbox 420 2783 702 2854; x_wconf 78' lang='grc' dir='ltr'><strong>τραπέζῃ,</strong></span> <span class='ocrx_word' id='word_1_398' title='bbox 729 2782 827 2836; x_wconf 73' lang='grc' dir='ltr'>καὶ</span> <span class='ocrx_word' id='word_1_399' title='bbox 854 2784 926 2860; x_wconf 83' lang='grc' dir='ltr'><strong>τά</strong></span> <span class='ocrx_word' id='word_1_400' title='bbox 953 2782 1046 2836; x_wconf 88' lang='grc' dir='ltr'><strong>τοῦ</strong></span> <span class='ocrx_word' id='word_1_401' title='bbox 1085 2783 1465 2854; x_wconf 78' lang='grc' dir='ltr'>βαπτίσματος</span> <span class='ocrx_word' id='word_1_402' title='bbox 1505 2783 1756 2836; x_wconf 79' lang='grc' dir='ltr'>ὲκτυποῖ.</span> 
     </span>
    </p>
   </div>
   <div class='ocr_carea' id='block_1_56' title="bbox 1005 2878 1407 2940">
    <p class='ocr_par' dir='ltr' id='par_1_56' title="bbox 1005 2878 1407 2940">
     <span class='ocr_line' id='line_1_56' title="bbox 1005 2878 1407 2940; baseline 0.015 -6"><span class='ocrx_word' id='word_1_403' title='bbox 1005 2882 1258 2937; x_wconf 73' lang='grc' dir='ltr'><strong>ΚΕΦΑΛ.</strong></span> <span class='ocrx_word' id='word_1_404' title='bbox 1286 2878 1407 2940; x_wconf 83' lang='grc' dir='ltr'><strong>ΡΖ’.</strong></span> 
     </span>
    </p>
   </div>
   <div class='ocr_carea' id='block_1_57' title="bbox 639 2972 1788 3044">
    <p class='ocr_par' dir='ltr' id='par_1_57' title="bbox 639 2972 1788 3044">
     <span class='ocr_line' id='line_1_57' title="bbox 639 2972 1788 3044; baseline 0.001 -16"><span class='ocrx_word' id='word_1_405' title='bbox 639 2974 803 3028; x_wconf 76' lang='lat' dir='ltr'><strong>Atat!</strong></span> <span class='ocrx_word' id='word_1_406' title='bbox 836 2973 1006 3027; x_wconf 80' lang='grc' dir='ltr'>ὕδατι</span> <span class='ocrx_word' id='word_1_407' title='bbox 1034 2973 1398 3028; x_wconf 72' lang='grc' dir='ltr'>ἐκπλύνεται</span> <span class='ocrx_word' id='word_1_408' title='bbox 1435 2973 1474 3041; x_wconf 77' lang='grc' dir='ltr'>ἡ</span> <span class='ocrx_word' id='word_1_409' title='bbox 1507 2972 1788 3044; x_wconf 70' lang='grc' dir='ltr'>τράπεζα.</span> 
     </span>
    </p>
   </div>
   <div class='ocr_carea' id='block_1_58' title="bbox 2674 2871 3119 2929">
    <p class='ocr_par' dir='ltr' id='par_1_58' title="bbox 2674 2871 3119 2929">
     <span class='ocr_line' id='line_1_58' title="bbox 2674 2871 3119 2929; baseline 0 -3"><span class='ocrx_word' id='word_1_410' title='bbox 2674 2872 2902 2929; x_wconf 70' lang='lat' dir='ltr'><strong>CAPUT</strong></span> <span class='ocrx_word' id='word_1_411' title='bbox 2960 2871 3119 2928; x_wconf 87' lang='lat' dir='ltr'><strong>CVII.</strong></span> 
     </span>
    </p>
   </div>
   <div class='ocr_carea' id='block_1_59' title="bbox 2358 2964 3423 3035">
    <p class='ocr_par' dir='ltr' id='par_1_59' title="bbox 2358 2964 3423 3035">
     <span class='ocr_line' id='line_1_59' title="bbox 2358 2964 3423 3035; baseline -0.007 -12"><span class='ocrx_word' id='word_1_412' title='bbox 2358 2967 2534 3035; x_wconf 78' lang='lat' dir='ltr'><strong>Quare</strong></span> <span class='ocrx_word' id='word_1_413' title='bbox 2593 2983 2746 3020; x_wconf 75' lang='lat' dir='ltr'><strong>sacra</strong></span> <span class='ocrx_word' id='word_1_414' title='bbox 2785 2981 2962 3019; x_wconf 75' lang='lat' dir='ltr'><strong>mensa</strong></span> <span class='ocrx_word' id='word_1_415' title='bbox 2996 2964 3232 3018; x_wconf 81' lang='lat' dir='ltr'><strong>abluitur</strong></span> <span class='ocrx_word' id='word_1_416' title='bbox 3263 2978 3423 3033; x_wconf 87' lang='lat' dir='ltr'><strong>aqua.</strong></span> 
     </span>
    </p>
   </div>
   <div class='ocr_carea' id='block_1_60' title="bbox 510 3048 2003 3137">
    <p class='ocr_par' dir='ltr' id='par_1_60' title="bbox 510 3065 1998 3137">
     <span class='ocr_line' id='line_1_60' title="bbox 510 3065 1998 3137; baseline 0 -15"><span class='ocrx_word' id='word_1_417' title='bbox 510 3069 663 3122; x_wconf 77' lang='grc' dir='ltr'>Ἐπεὶ</span> <span class='ocrx_word' id='word_1_418' title='bbox 694 3067 802 3137; x_wconf 82' lang='grc' dir='ltr'><strong>γάρ</strong></span> <span class='ocrx_word' id='word_1_419' title='bbox 835 3067 926 3119; x_wconf 82' lang='grc' dir='ltr'><strong>τὸν</strong></span> <span class='ocrx_word' id='word_1_420' title='bbox 968 3065 1181 3135; x_wconf 68' lang='grc' dir='ltr'>Ἰησοῦν</span> <span class='ocrx_word' id='word_1_421' title='bbox 1217 3067 1250 3134; x_wconf 83' lang='grc' dir='ltr'>ἠ</span> <span class='ocrx_word' id='word_1_422' title='bbox 1294 3067 1545 3135; x_wconf 80' lang='grc' dir='ltr'>τράπεζα</span> <span class='ocrx_word' id='word_1_423' title='bbox 1579 3069 1861 3135; x_wconf 80' lang='grc' dir='ltr'>είκονίζει,</span> <span class='ocrx_word' id='word_1_424' title='bbox 1897 3069 1998 3122; x_wconf 74' lang='grc' dir='ltr'>πέυ</span> 
     </span>
    </p>
   </div>
   <div class='ocr_carea' id='block_1_61' title="bbox 2107 3048 3675 3137">
    <p class='ocr_par' dir='ltr' id='par_1_61' title="bbox 2181 3053 3675 3128">
     <span class='ocr_line' id='line_1_61' title="bbox 2181 3053 3675 3128; baseline -0.009 -8"><span class='ocrx_word' id='word_1_425' title='bbox 2181 3064 2319 3120; x_wconf 91' lang='lat' dir='ltr'><strong>Cum</strong></span> <span class='ocrx_word' id='word_1_426' title='bbox 2349 3063 2493 3118; x_wconf 90' lang='lat' dir='ltr'><strong>enim</strong></span> <span class='ocrx_word' id='word_1_427' title='bbox 2516 3057 2727 3123; x_wconf 83' lang='lat' dir='ltr'><strong>Jesum,</strong></span> <span class='ocrx_word' id='word_1_428' title='bbox 2755 3059 2876 3111; x_wconf 64' lang='lat' dir='ltr'><strong>vitae</strong></span> <span class='ocrx_word' id='word_1_429' title='bbox 2915 3064 3124 3124; x_wconf 87' lang='lat' dir='ltr'><strong>petram</strong></span> <span class='ocrx_word' id='word_1_430' title='bbox 3147 3065 3201 3110; x_wconf 91' lang='lat' dir='ltr'><strong>et</strong></span> <span class='ocrx_word' id='word_1_431' title='bbox 3224 3056 3409 3124; x_wconf 82' lang='lat' dir='ltr'><strong>anguli</strong></span> <span class='ocrx_word' id='word_1_432' title='bbox 3443 3053 3675 3128; x_wconf 71' lang='lat' dir='ltr'><strong>lapidem</strong></span> 
     </span>
    </p>
   </div>
   <div class='ocr_carea' id='block_1_62' title="bbox 423 3159 2000 3231">
    <p class='ocr_par' dir='ltr' id='par_1_62' title="bbox 423 3159 2000 3231">
     <span class='ocr_line' id='line_1_62' title="bbox 423 3159 2000 3231; baseline 0.001 -19"><span class='ocrx_word' id='word_1_433' title='bbox 423 3178 559 3231; x_wconf 79' lang='grc' dir='ltr'>τραν</span> <span class='ocrx_word' id='word_1_434' title='bbox 585 3161 731 3226; x_wconf 74' lang='grc' dir='ltr'><strong>ζωῆς</strong></span> <span class='ocrx_word' id='word_1_435' title='bbox 761 3159 1098 3228; x_wconf 76' lang='grc' dir='ltr'>καλούμενον</span> <span class='ocrx_word' id='word_1_436' title='bbox 1128 3159 1224 3212; x_wconf 76' lang='grc' dir='ltr'>καὶ</span> <span class='ocrx_word' id='word_1_437' title='bbox 1255 3159 1402 3212; x_wconf 89' lang='grc' dir='ltr'>λίθον</span> <span class='ocrx_word' id='word_1_438' title='bbox 1425 3160 1652 3226; x_wconf 85' lang='grc' dir='ltr'>γωνίας,</span> <span class='ocrx_word' id='word_1_439' title='bbox 1684 3162 1780 3215; x_wconf 70' lang='grc' dir='ltr'>καὶ</span> <span class='ocrx_word' id='word_1_440' title='bbox 1810 3161 1878 3214; x_wconf 89' lang='grc' dir='ltr'><strong>τά</strong></span> <span class='ocrx_word' id='word_1_441' title='bbox 1904 3159 2000 3214; x_wconf 85' lang='grc' dir='ltr'><strong>τοῦ</strong></span> 
     </span>
    </p>
   </div>
   <div class='ocr_carea' id='block_1_63' title="bbox 425 3251 2003 3324">
    <p class='ocr_par' dir='ltr' id='par_1_63' title="bbox 425 3251 2003 3324">
     <span class='ocr_line' id='line_1_63' title="bbox 425 3251 2003 3324; baseline 0.001 -18"><span class='ocrx_word' id='word_1_442' title='bbox 425 3253 806 3324; x_wconf 75' lang='grc' dir='ltr'>βαπτίσματος</span> <span class='ocrx_word' id='word_1_443' title='bbox 861 3253 1027 3305; x_wconf 74' lang='grc' dir='ltr'>αὐτοῦ</span> <span class='ocrx_word' id='word_1_444' title='bbox 1082 3251 1321 3322; x_wconf 86' lang='grc' dir='ltr'>δέχεται,</span> <span class='ocrx_word' id='word_1_445' title='bbox 1370 3253 1464 3306; x_wconf 80' lang='grc' dir='ltr'>καὶ</span> <span class='ocrx_word' id='word_1_446' title='bbox 1517 3253 1678 3308; x_wconf 88' lang='grc' dir='ltr'>τοῦτο</span> <span class='ocrx_word' id='word_1_447' title='bbox 1727 3253 1873 3308; x_wconf 81' lang='grc' dir='ltr'>κατὰ</span> <span class='ocrx_word' id='word_1_448' title='bbox 1909 3254 2003 3307; x_wconf 82' lang='grc' dir='ltr'>δύο</span> 
     </span>
    </p>
   </div>
   <div class='ocr_carea' id='block_1_64' title="bbox 421 3343 2003 3417">
    <p class='ocr_par' dir='ltr' id='par_1_64' title="bbox 421 3343 2003 3417">
     <span class='ocr_line' id='line_1_64' title="bbox 421 3343 2003 3417; baseline 0.003 -22"><span class='ocrx_word' id='word_1_449' title='bbox 421 3343 685 3412; x_wconf 85' lang='grc' dir='ltr'>τρόπους,</span> <span class='ocrx_word' id='word_1_450' title='bbox 728 3343 984 3412; x_wconf 71' lang='grc' dir='ltr'>αἰσθητόν</span> <span class='ocrx_word' id='word_1_451' title='bbox 1035 3360 1096 3395; x_wconf 87' lang='grc' dir='ltr'>τε</span> <span class='ocrx_word' id='word_1_452' title='bbox 1145 3345 1240 3396; x_wconf 74' lang='lat' dir='ltr'><strong>xal</strong></span> <span class='ocrx_word' id='word_1_453' title='bbox 1285 3343 1496 3412; x_wconf 82' lang='grc' dir='ltr'>νοητὸν,</span> <span class='ocrx_word' id='word_1_454' title='bbox 1530 3344 1619 3397; x_wconf 73' lang='grc' dir='ltr'><strong>ἵνα</strong></span> <span class='ocrx_word' id='word_1_455' title='bbox 1664 3346 1759 3398; x_wconf 76' lang='grc' dir='ltr'><strong>καὶ</strong></span> <span class='ocrx_word' id='word_1_456' title='bbox 1786 3346 2003 3417; x_wconf 85' lang='grc' dir='ltr'>καθαρά</span> 
     </span>
    </p>
   </div>
   <div class='ocr_carea' id='block_1_65' title="bbox 423 3431 2002 3503">
    <p class='ocr_par' dir='ltr' id='par_1_65' title="bbox 423 3431 2002 3503">
     <span class='ocr_line' id='line_1_65' title="bbox 423 3431 2002 3503; baseline 0.002 -19"><span class='ocrx_word' id='word_1_457' title='bbox 423 3435 657 3503; x_wconf 76' lang='grc' dir='ltr'>γένηται</span> <span class='ocrx_word' id='word_1_458' title='bbox 687 3432 1044 3496; x_wconf 81' lang='grc' dir='ltr'>ὲκπλυθεῖσα,</span> <span class='ocrx_word' id='word_1_459' title='bbox 1077 3435 1170 3486; x_wconf 79' lang='grc' dir='ltr'>καὶ</span> <span class='ocrx_word' id='word_1_460' title='bbox 1206 3431 1553 3501; x_wconf 82' lang='grc' dir='ltr'>καθαγιασθῇ</span> <span class='ocrx_word' id='word_1_461' title='bbox 1580 3433 1658 3502; x_wconf 85' lang='grc' dir='ltr'>τῷ</span> <span class='ocrx_word' id='word_1_462' title='bbox 1691 3431 1870 3494; x_wconf 77' lang='grc' dir='ltr'>ὕδατι,</span> <span class='ocrx_word' id='word_1_463' title='bbox 1902 3435 2002 3501; x_wconf 80' lang='grc' dir='ltr'>τὴν</span> 
     </span>
    </p>
   </div>
   <div class='ocr_carea' id='block_1_66' title="bbox 423 3524 2002 3596">
    <p class='ocr_par' dir='ltr' id='par_1_66' title="bbox 423 3524 2002 3596">
     <span class='ocr_line' id='line_1_66' title="bbox 423 3524 2002 3596; baseline -0.001 -16"><span class='ocrx_word' id='word_1_464' title='bbox 423 3527 700 3594; x_wconf 78' lang='grc' dir='ltr'>κάθαρσιν</span> <span class='ocrx_word' id='word_1_465' title='bbox 757 3524 897 3596; x_wconf 79' lang='grc' dir='ltr'><strong>μετά</strong></span> <span class='ocrx_word' id='word_1_466' title='bbox 924 3524 1019 3578; x_wconf 86' lang='grc' dir='ltr'><strong>τοῦ</strong></span> <span class='ocrx_word' id='word_1_467' title='bbox 1059 3524 1374 3595; x_wconf 79' lang='grc' dir='ltr'>Πνεῦματος</span> <span class='ocrx_word' id='word_1_468' title='bbox 1416 3525 1707 3596; x_wconf 72' lang='grc' dir='ltr'>δεξαμένη,</span> <span class='ocrx_word' id='word_1_469' title='bbox 1739 3527 1860 3580; x_wconf 58' lang='lat' dir='ltr'><strong>[uel</strong></span> <span class='ocrx_word' id='word_1_470' title='bbox 1907 3526 2002 3580; x_wconf 78' lang='grc' dir='ltr'><strong>καὶ</strong></span> 
     </span>
    </p>
   </div>
   <div class='ocr_carea' id='block_1_67' title="bbox 424 3617 2002 3691">
    <p class='ocr_par' dir='ltr' id='par_1_67' title="bbox 424 3617 2002 3691">
     <span class='ocr_line' id='line_1_67' title="bbox 424 3617 2002 3691; baseline -0.003 -15"><span class='ocrx_word' id='word_1_471' title='bbox 424 3622 746 3691; x_wconf 79' lang='grc' dir='ltr'>Πνεῦματος</span> <span class='ocrx_word' id='word_1_472' title='bbox 776 3619 1098 3674; x_wconf 84' lang='grc' dir='ltr'>καθίσταται</span> <span class='ocrx_word' id='word_1_473' title='bbox 1132 3619 1366 3689; x_wconf 76' lang='grc' dir='ltr'>ὄργανον</span> <span class='ocrx_word' id='word_1_474' title='bbox 1387 3636 1403 3652; x_wconf 81' lang='grc' dir='ltr'><strong>ο</strong></span> <span class='ocrx_word' id='word_1_475' title='bbox 1457 3617 1547 3672; x_wconf 83' lang='grc' dir='ltr'>διὰ</span> <span class='ocrx_word' id='word_1_476' title='bbox 1587 3618 1748 3672; x_wconf 87' lang='grc' dir='ltr'>τοῦτο</span> <span class='ocrx_word' id='word_1_477' title='bbox 1779 3617 2002 3690; x_wconf 80' lang='grc' dir='ltr'>χλιαρὸν</span> 
     </span>
    </p>
   </div>
   <div class='ocr_carea' id='block_1_68' title="bbox 424 3709 1999 3784">
    <p class='ocr_par' dir='ltr' id='par_1_68' title="bbox 424 3709 1999 3784">
     <span class='ocr_line' id='line_1_68' title="bbox 424 3709 1999 3784; baseline -0.001 -17"><span class='ocrx_word' id='word_1_478' title='bbox 424 3715 802 3784; x_wconf 76' lang='grc' dir='ltr'>προσφέρεται</span> <span class='ocrx_word' id='word_1_479' title='bbox 840 3712 1005 3781; x_wconf 78' lang='grc' dir='ltr'>ὕδωρ.</span> <span class='ocrx_word' id='word_1_480' title='bbox 1041 3713 1148 3766; x_wconf 81' lang='grc' dir='ltr'><strong>Καὶ</strong></span> <span class='ocrx_word' id='word_1_481' title='bbox 1183 3711 1344 3764; x_wconf 87' lang='grc' dir='ltr'>τοῦτο</span> <span class='ocrx_word' id='word_1_482' title='bbox 1377 3709 1681 3778; x_wconf 80' lang='grc' dir='ltr'>εὐλογεῖται</span> <span class='ocrx_word' id='word_1_483' title='bbox 1711 3710 1777 3765; x_wconf 89' lang='grc' dir='ltr'>δι’</span> <span class='ocrx_word' id='word_1_484' title='bbox 1813 3711 1999 3782; x_wconf 81' lang='grc' dir='ltr'>εὐχῆς.</span> 
     </span>
    </p>
   </div>
   <div class='ocr_carea' id='block_1_69' title="bbox 427 3804 1999 3877">
    <p class='ocr_par' dir='ltr' id='par_1_69' title="bbox 427 3804 1999 3877">
     <span class='ocr_line' id='line_1_69' title="bbox 427 3804 1999 3877; baseline -0.002 -16"><span class='ocrx_word' id='word_1_485' title='bbox 427 3808 542 3861; x_wconf 83' lang='lat' dir='ltr'><strong>Kal</strong></span> <span class='ocrx_word' id='word_1_486' title='bbox 569 3809 679 3877; x_wconf 77' lang='grc' dir='ltr'>γὰρ</span> <span class='ocrx_word' id='word_1_487' title='bbox 703 3807 794 3860; x_wconf 69' lang='grc' dir='ltr'><strong>τὸν</strong></span> <span class='ocrx_word' id='word_1_488' title='bbox 823 3807 882 3858; x_wconf 87' lang='grc' dir='ltr'><strong>ὲν</strong></span> <span class='ocrx_word' id='word_1_489' title='bbox 925 3805 1162 3876; x_wconf 81' lang='grc' dir='ltr'>Ἰορδάνῃ</span> <span class='ocrx_word' id='word_1_490' title='bbox 1195 3804 1565 3875; x_wconf 85' lang='grc' dir='ltr'>βαπτισθέντα</span> <span class='ocrx_word' id='word_1_491' title='bbox 1604 3805 1999 3873; x_wconf 87' lang='grc' dir='ltr'>προσκαλεῖται</span> 
     </span>
    </p>
   </div>
   <div class='ocr_carea' id='block_1_70' title="bbox 425 3896 2002 3968">
    <p class='ocr_par' dir='ltr' id='par_1_70' title="bbox 425 3896 2002 3968">
     <span class='ocr_line' id='line_1_70' title="bbox 425 3896 2002 3968; baseline -0.002 -17"><span class='ocrx_word' id='word_1_492' title='bbox 425 3903 509 3962; x_wconf 79' lang='grc' dir='ltr'><strong>εἰς</strong></span> <span class='ocrx_word' id='word_1_493' title='bbox 555 3900 830 3968; x_wconf 72' lang='grc' dir='ltr'>ἀγιατμὸν</span> <span class='ocrx_word' id='word_1_494' title='bbox 873 3899 1067 3951; x_wconf 83' lang='grc' dir='ltr'>τούτου</span> <span class='ocrx_word' id='word_1_495' title='bbox 1115 3897 1210 3950; x_wconf 86' lang='grc' dir='ltr'><strong>τοῦ</strong></span> <span class='ocrx_word' id='word_1_496' title='bbox 1247 3896 1438 3960; x_wconf 82' lang='grc' dir='ltr'>ὕδατος</span> <span class='ocrx_word' id='word_1_497' title='bbox 1485 3897 1515 3948; x_wconf 83' lang='grc' dir='ltr'><strong>ό</strong></span> <span class='ocrx_word' id='word_1_498' title='bbox 1559 3897 1873 3966; x_wconf 81' lang='grc' dir='ltr'>ἀρχιερεὺς,</span> <span class='ocrx_word' id='word_1_499' title='bbox 1908 3897 2002 3949; x_wconf 75' lang='grc' dir='ltr'><strong>καὶ</strong></span> 
     </span>
    </p>
   </div>
   <div class='ocr_carea' id='block_1_71' title="bbox 424 3981 2004 4061">
    <p class='ocr_par' dir='ltr' id='par_1_71' title="bbox 424 3981 2004 4061">
     <span class='ocr_line' id='line_1_71' title="bbox 424 3981 2004 4061; baseline -0.004 -16"><span class='ocrx_word' id='word_1_500' title='bbox 424 3994 708 4046; x_wconf 75' lang='grc' dir='ltr'>τελείωσιν</span> <span class='ocrx_word' id='word_1_501' title='bbox 733 3992 826 4044; x_wconf 90' lang='grc' dir='ltr'><strong>τοῦ</strong></span> <span class='ocrx_word' id='word_1_502' title='bbox 858 3989 1006 4061; x_wconf 82' lang='grc' dir='ltr'>ίεροῦ</span> <span class='ocrx_word' id='word_1_503' title='bbox 1033 3989 1440 4059; x_wconf 86' lang='grc' dir='ltr'>θυσιαστηρίου.</span> <span class='ocrx_word' id='word_1_504' title='bbox 1469 3981 1604 4040; x_wconf 80' lang='grc' dir='ltr'>Εἶτα</span> <span class='ocrx_word' id='word_1_505' title='bbox 1629 3987 1809 4054; x_wconf 82' lang='grc' dir='ltr'>νίτρον</span> <span class='ocrx_word' id='word_1_506' title='bbox 1837 4003 2004 4056; x_wconf 84' lang='grc' dir='ltr'>προσ-</span> 
     </span>
    </p>
   </div>
   <div class='ocr_carea' id='block_1_72' title="bbox 428 4072 2005 4150">
    <p class='ocr_par' dir='ltr' id='par_1_72' title="bbox 428 4072 2005 4150">
     <span class='ocr_line' id='line_1_72' title="bbox 428 4072 2005 4150; baseline -0.003 -15"><span class='ocrx_word' id='word_1_507' title='bbox 428 4085 623 4149; x_wconf 78' lang='grc' dir='ltr'>άγεται</span> <span class='ocrx_word' id='word_1_508' title='bbox 676 4082 872 4150; x_wconf 83' lang='grc' dir='ltr'>τούτῳ,</span> <span class='ocrx_word' id='word_1_509' title='bbox 944 4082 1012 4135; x_wconf 86' lang='grc' dir='ltr'>δι’</span> <span class='ocrx_word' id='word_1_510' title='bbox 1073 4072 1134 4133; x_wconf 76' lang='grc' dir='ltr'>οὗ</span> <span class='ocrx_word' id='word_1_511' title='bbox 1195 4077 1588 4148; x_wconf 85' lang='grc' dir='ltr'>εὑλογουμένου</span> <span class='ocrx_word' id='word_1_512' title='bbox 1649 4080 1800 4148; x_wconf 84' lang='grc' dir='ltr'>τρεῖς</span> <span class='ocrx_word' id='word_1_513' title='bbox 1861 4079 2005 4131; x_wconf 82' lang='grc' dir='ltr'>ποιεί</span> 
     </span>
    </p>
   </div>
   <div class='ocr_carea' id='block_1_73' title="bbox 429 4169 2002 4248">
    <p class='ocr_par' dir='ltr' id='par_1_73' title="bbox 429 4169 2002 4248">
     <span class='ocr_line' id='line_1_73' title="bbox 429 4169 2002 4248; baseline -0.007 -16"><span class='ocrx_word' id='word_1_514' title='bbox 429 4177 701 4248; x_wconf 82' lang='grc' dir='ltr'>σταυροὺς</span> <span class='ocrx_word' id='word_1_515' title='bbox 756 4177 814 4226; x_wconf 82' lang='grc' dir='ltr'><strong>ὲν</strong></span> <span class='ocrx_word' id='word_1_516' title='bbox 866 4175 1024 4244; x_wconf 80' lang='grc' dir='ltr'>αὐτῇ.</span> <span class='ocrx_word' id='word_1_517' title='bbox 1070 4173 1180 4224; x_wconf 83' lang='lat' dir='ltr'><strong>Kal</strong></span> <span class='ocrx_word' id='word_1_518' title='bbox 1209 4170 1304 4224; x_wconf 87' lang='grc' dir='ltr'><strong>τοῦ</strong></span> <span class='ocrx_word' id='word_1_519' title='bbox 1340 4169 1566 4240; x_wconf 82' lang='grc' dir='ltr'>χλιαροῦ</span> <span class='ocrx_word' id='word_1_520' title='bbox 1600 4169 1790 4232; x_wconf 81' lang='grc' dir='ltr'>ὕδατος</span> <span class='ocrx_word' id='word_1_521' title='bbox 1835 4169 2002 4238; x_wconf 77' lang='grc' dir='ltr'>ἐκχυ-</span> 
     </span>
    </p>
   </div>
   <div class='ocr_carea' id='block_1_74' title="bbox 428 4259 2003 4340">
    <p class='ocr_par' dir='ltr' id='par_1_74' title="bbox 428 4259 2003 4340">
     <span class='ocr_line' id='line_1_74' title="bbox 428 4259 2003 4340; baseline -0.007 -17"><span class='ocrx_word' id='word_1_522' title='bbox 428 4271 615 4330; x_wconf 80' lang='grc' dir='ltr'>θέντος</span> <span class='ocrx_word' id='word_1_523' title='bbox 644 4269 785 4340; x_wconf 77' lang='grc' dir='ltr'>τρὶς,</span> <span class='ocrx_word' id='word_1_524' title='bbox 828 4268 908 4329; x_wconf 84' lang='grc' dir='ltr'><strong>είς</strong></span> <span class='ocrx_word' id='word_1_525' title='bbox 937 4264 1109 4317; x_wconf 85' lang='grc' dir='ltr'>τύπον</span> <span class='ocrx_word' id='word_1_526' title='bbox 1157 4263 1258 4332; x_wconf 82' lang='grc' dir='ltr'><strong>τῆς</strong></span> <span class='ocrx_word' id='word_1_527' title='bbox 1305 4262 1467 4330; x_wconf 88' lang='grc' dir='ltr'>ἀγίας</span> <span class='ocrx_word' id='word_1_528' title='bbox 1497 4261 1750 4330; x_wconf 86' lang='grc' dir='ltr'>Τριάδος.</span> <span class='ocrx_word' id='word_1_529' title='bbox 1774 4259 1864 4314; x_wconf 85' lang='grc' dir='ltr'>διὰ</span> <span class='ocrx_word' id='word_1_530' title='bbox 1894 4260 2003 4312; x_wconf 83' lang='grc' dir='ltr'><strong>τῶν</strong></span> 
     </span>
    </p>
   </div>
   <div class='ocr_carea' id='block_1_75' title="bbox 425 4353 1652 4431">
    <p class='ocr_par' dir='ltr' id='par_1_75' title="bbox 425 4353 1652 4431">
     <span class='ocr_line' id='line_1_75' title="bbox 425 4353 1652 4431; baseline -0.005 -17"><span class='ocrx_word' id='word_1_531' title='bbox 425 4359 780 4431; x_wconf 83' lang='grc' dir='ltr'>ἀντιμινσίων</span> <span class='ocrx_word' id='word_1_532' title='bbox 811 4361 843 4430; x_wconf 83' lang='grc' dir='ltr'><strong>ή</strong></span> <span class='ocrx_word' id='word_1_533' title='bbox 871 4358 993 4429; x_wconf 76' lang='grc' dir='ltr'>ἱερὰ</span> <span class='ocrx_word' id='word_1_534' title='bbox 1017 4357 1354 4425; x_wconf 78' lang='grc' dir='ltr'>ὲκμάσσεται</span> <span class='ocrx_word' id='word_1_535' title='bbox 1381 4353 1652 4425; x_wconf 80' lang='grc' dir='ltr'>τράπεζα.</span> 
     </span>
    </p>
   </div>
   <div class='ocr_carea' id='block_1_76' title="bbox 1005 4469 1422 4524">
    <p class='ocr_par' dir='ltr' id='par_1_76' title="bbox 1005 4469 1422 4524">
     <span class='ocr_line' id='line_1_76' title="bbox 1005 4469 1422 4524; baseline -0.005 0"><span class='ocrx_word' id='word_1_536' title='bbox 1005 4469 1256 4524; x_wconf 78' lang='grc' dir='ltr'><strong>ΚΕΦᾹΛ.</strong></span> <span class='ocrx_word' id='word_1_537' title='bbox 1293 4471 1422 4523; x_wconf 83' lang='lat' dir='ltr'><strong>PH&#39;.</strong></span> 
     </span>
    </p>
   </div>
   <div class='ocr_carea' id='block_1_77' title="bbox 744 4561 1690 4634">
    <p class='ocr_par' dir='ltr' id='par_1_77' title="bbox 744 4561 1690 4634">
     <span class='ocr_line' id='line_1_77' title="bbox 744 4561 1690 4634; baseline -0.002 -16"><span class='ocrx_word' id='word_1_538' title='bbox 744 4565 882 4634; x_wconf 75' lang='grc' dir='ltr'><strong>Περὶ</strong></span> <span class='ocrx_word' id='word_1_539' title='bbox 914 4561 1032 4618; x_wconf 84' lang='grc' dir='ltr'><strong>τῶν</strong></span> <span class='ocrx_word' id='word_1_540' title='bbox 1065 4563 1240 4632; x_wconf 73' lang='grc' dir='ltr'>ιερῶν</span> <span class='ocrx_word' id='word_1_541' title='bbox 1273 4561 1690 4629; x_wconf 78' lang='grc' dir='ltr'>ἀντιμινσίων.</span> 
     </span>
    </p>
   </div>
   <div class='ocr_carea' id='block_1_78' title="bbox 500 4717 2001 4791">
    <p class='ocr_par' dir='ltr' id='par_1_78' title="bbox 500 4717 2001 4791">
     <span class='ocr_line' id='line_1_78' title="bbox 500 4717 2001 4791; baseline -0.007 -12"><span class='ocrx_word' id='word_1_542' title='bbox 500 4726 685 4781; x_wconf 89' lang='grc' dir='ltr'>Ταῦτα</span> <span class='ocrx_word' id='word_1_543' title='bbox 713 4725 769 4778; x_wconf 70' lang='grc' dir='ltr'>δὲ</span> <span class='ocrx_word' id='word_1_544' title='bbox 794 4723 862 4776; x_wconf 86' lang='grc' dir='ltr'>τὰ</span> <span class='ocrx_word' id='word_1_545' title='bbox 893 4722 1207 4791; x_wconf 84' lang='grc' dir='ltr'>ἀντιμίνσια</span> <span class='ocrx_word' id='word_1_546' title='bbox 1240 4722 1304 4774; x_wconf 71' lang='grc' dir='ltr'><strong>ἐκ</strong></span> <span class='ocrx_word' id='word_1_547' title='bbox 1333 4719 1478 4774; x_wconf 89' lang='grc' dir='ltr'>λίνου</span> <span class='ocrx_word' id='word_1_548' title='bbox 1511 4717 1832 4787; x_wconf 79' lang='grc' dir='ltr'>ὑφάσματός</span> <span class='ocrx_word' id='word_1_549' title='bbox 1861 4719 1966 4770; x_wconf 82' lang='grc' dir='ltr'>εἰσι</span> <span class='ocrx_word' id='word_1_550' title='bbox 1985 4732 2001 4748; x_wconf 82' lang='grc'><strong>·</strong></span> 
     </span>
    </p>
   </div>
   <div class='ocr_carea' id='block_1_79' title="bbox 422 4811 2003 4888">
    <p class='ocr_par' dir='ltr' id='par_1_79' title="bbox 422 4811 2003 4888">
     <span class='ocr_line' id='line_1_79' title="bbox 422 4811 2003 4888; baseline -0.006 -15"><span class='ocrx_word' id='word_1_551' title='bbox 422 4825 519 4873; x_wconf 73' lang='grc' dir='ltr'>καὶ</span> <span class='ocrx_word' id='word_1_552' title='bbox 545 4822 662 4874; x_wconf 81' lang='grc' dir='ltr'>ἀντὶ</span> <span class='ocrx_word' id='word_1_553' title='bbox 691 4817 971 4888; x_wconf 79' lang='grc' dir='ltr'>τραπέζης</span> <span class='ocrx_word' id='word_1_554' title='bbox 1004 4817 1154 4886; x_wconf 76' lang='grc' dir='ltr'>ἱερᾶς</span> <span class='ocrx_word' id='word_1_555' title='bbox 1190 4815 1458 4882; x_wconf 87' lang='grc' dir='ltr'>γίνονται.</span> <span class='ocrx_word' id='word_1_556' title='bbox 1485 4813 1553 4866; x_wconf 75' lang='grc' dir='ltr'><strong>Ἀ</strong></span> <span class='ocrx_word' id='word_1_557' title='bbox 1583 4811 1646 4882; x_wconf 87' lang='grc' dir='ltr'><strong>δὴ</strong></span> <span class='ocrx_word' id='word_1_558' title='bbox 1674 4813 1770 4864; x_wconf 76' lang='grc' dir='ltr'>καὶ</span> <span class='ocrx_word' id='word_1_559' title='bbox 1799 4811 2003 4880; x_wconf 80' lang='grc' dir='ltr'>ῥαπτό-</span> 
     </span>
    </p>
   </div>
   <div class='ocr_carea' id='block_1_80' title="bbox 427 4904 2000 4981">
    <p class='ocr_par' dir='ltr' id='par_1_80' title="bbox 427 4904 2000 4981">
     <span class='ocr_line' id='line_1_80' title="bbox 427 4904 2000 4981; baseline -0.007 -16"><span class='ocrx_word' id='word_1_560' title='bbox 427 4929 568 4981; x_wconf 85' lang='grc' dir='ltr'>μενα</span> <span class='ocrx_word' id='word_1_561' title='bbox 598 4912 863 4981; x_wconf 83' lang='grc' dir='ltr'>πρότερον</span> <span class='ocrx_word' id='word_1_562' title='bbox 898 4911 1271 4979; x_wconf 75' lang='grc' dir='ltr'>ἑτοιμάζεται,</span> <span class='ocrx_word' id='word_1_563' title='bbox 1295 4908 1370 4970; x_wconf 86' lang='grc' dir='ltr'><strong>ὡς</strong></span> <span class='ocrx_word' id='word_1_564' title='bbox 1399 4908 1451 4976; x_wconf 43' lang='grc' dir='ltr'>,ἡ</span> <span class='ocrx_word' id='word_1_565' title='bbox 1477 4904 1722 4969; x_wconf 81' lang='grc' dir='ltr'>διάταξις</span> <span class='ocrx_word' id='word_1_566' title='bbox 1773 4904 2000 4973; x_wconf 82' lang='grc' dir='ltr'>γράφει,</span> 
     </span>
    </p>
   </div>
   <div class='ocr_carea' id='block_1_81' title="bbox 421 4994 2004 5078">
    <p class='ocr_par' dir='ltr' id='par_1_81' title="bbox 421 4994 2004 5078">
     <span class='ocr_line' id='line_1_81' title="bbox 421 4994 2004 5078; baseline -0.007 -21"><span class='ocrx_word' id='word_1_567' title='bbox 421 5005 522 5057; x_wconf 75' lang='grc' dir='ltr'><strong>καὶ</strong></span> <span class='ocrx_word' id='word_1_568' title='bbox 555 5004 733 5078; x_wconf 79' lang='grc' dir='ltr'>πάντα</span> <span class='ocrx_word' id='word_1_569' title='bbox 759 5003 998 5056; x_wconf 83' lang='grc' dir='ltr'>τελεῖται</span> <span class='ocrx_word' id='word_1_570' title='bbox 1047 5003 1104 5053; x_wconf 80' lang='grc' dir='ltr'><strong>ὲν</strong></span> <span class='ocrx_word' id='word_1_571' title='bbox 1147 5003 1354 5064; x_wconf 82' lang='grc' dir='ltr'>αὐτοῖς,</span> <span class='ocrx_word' id='word_1_572' title='bbox 1391 4999 1491 5051; x_wconf 76' lang='grc' dir='ltr'><strong>ὅσα</strong></span> <span class='ocrx_word' id='word_1_573' title='bbox 1531 4999 1623 5050; x_wconf 74' lang='grc' dir='ltr'>καὶ</span> <span class='ocrx_word' id='word_1_574' title='bbox 1658 4999 1716 5048; x_wconf 87' lang='grc' dir='ltr'>ὲν</span> <span class='ocrx_word' id='word_1_575' title='bbox 1767 4999 1832 5066; x_wconf 72' lang='grc' dir='ltr'><strong>τῇ</strong></span> <span class='ocrx_word' id='word_1_576' title='bbox 1883 4994 2004 5066; x_wconf 79' lang='grc' dir='ltr'>θείᾳ</span> 
     </span>
    </p>
   </div>
   <div class='ocr_carea' id='block_1_82' title="bbox 421 5089 2001 5166">
    <p class='ocr_par' dir='ltr' id='par_1_82' title="bbox 421 5089 2001 5166">
     <span class='ocr_line' id='line_1_82' title="bbox 421 5089 2001 5166; baseline -0.003 -20"><span class='ocrx_word' id='word_1_577' title='bbox 421 5095 701 5166; x_wconf 77' lang='grc' dir='ltr'>τραπέζῃ.</span> <span class='ocrx_word' id='word_1_578' title='bbox 753 5092 1108 5163; x_wconf 73' lang='grc' dir='ltr'>Καὶικαιροῦ</span> <span class='ocrx_word' id='word_1_579' title='bbox 1156 5093 1450 5154; x_wconf 83' lang='grc' dir='ltr'>καλοῦντος</span> <span class='ocrx_word' id='word_1_580' title='bbox 1503 5089 1674 5144; x_wconf 89' lang='grc' dir='ltr'>ταῦτα</span> <span class='ocrx_word' id='word_1_581' title='bbox 1727 5089 2001 5158; x_wconf 82' lang='grc' dir='ltr'>διακρίσει</span> 
     </span>
    </p>
   </div>
   <div class='ocr_carea' id='block_1_83' title="bbox 421 5181 2000 5256">
    <p class='ocr_par' dir='ltr' id='par_1_83' title="bbox 421 5181 2000 5256">
     <span class='ocr_line' id='line_1_83' title="bbox 421 5181 2000 5256; baseline -0.004 -18"><span class='ocrx_word' id='word_1_582' title='bbox 421 5188 727 5256; x_wconf 79' lang='grc' dir='ltr'>ἀρχιερέως</span> <span class='ocrx_word' id='word_1_583' title='bbox 788 5185 1006 5247; x_wconf 74' lang='grc' dir='ltr'>τελείως</span> <span class='ocrx_word' id='word_1_584' title='bbox 1061 5185 1413 5251; x_wconf 77' lang='grc' dir='ltr'>ἁγιασθέντα,</span> <span class='ocrx_word' id='word_1_585' title='bbox 1469 5184 1610 5236; x_wconf 70' lang='grc' dir='ltr'>κατὰ</span> <span class='ocrx_word' id='word_1_586' title='bbox 1656 5183 1857 5244; x_wconf 75' lang='grc' dir='ltr'>τόπους</span> <span class='ocrx_word' id='word_1_587' title='bbox 1911 5181 2000 5244; x_wconf 82' lang='grc' dir='ltr'><strong>ὲξ-</strong></span> 
     </span>
    </p>
   </div>
   <div class='ocr_carea' id='block_1_84' title="bbox 423 5271 2003 5341">
    <p class='ocr_par' dir='ltr' id='par_1_84' title="bbox 423 5271 2003 5341">
     <span class='ocr_line' id='line_1_84' title="bbox 423 5271 2003 5341; baseline -0.002 -15"><span class='ocrx_word' id='word_1_588' title='bbox 423 5275 870 5337; x_wconf 82' lang='grc' dir='ltr'>αποστέλλονται,</span> <span class='ocrx_word' id='word_1_589' title='bbox 909 5273 1039 5326; x_wconf 76' lang='grc' dir='ltr'>ἔνθα</span> <span class='ocrx_word' id='word_1_590' title='bbox 1078 5274 1176 5326; x_wconf 77' lang='grc' dir='ltr'>οὐκ</span> <span class='ocrx_word' id='word_1_591' title='bbox 1217 5273 1334 5326; x_wconf 78' lang='grc' dir='ltr'>ἔστι</span> <span class='ocrx_word' id='word_1_592' title='bbox 1368 5273 1778 5341; x_wconf 76' lang='grc' dir='ltr'>θυσιαστήριον,</span> <span class='ocrx_word' id='word_1_593' title='bbox 1821 5271 1915 5324; x_wconf 70' lang='grc' dir='ltr'>καὶ</span> <span class='ocrx_word' id='word_1_594' title='bbox 1944 5272 2003 5323; x_wconf 78' lang='grc' dir='ltr'><strong>ἐν</strong></span> 
     </span>
    </p>
   </div>
   <div class='ocr_carea' id='block_1_85' title="bbox 422 5366 1925 5437">
    <p class='ocr_par' dir='ltr' id='par_1_85' title="bbox 422 5366 1925 5437">
     <span class='ocr_line' id='line_1_85' title="bbox 422 5366 1925 5437; baseline 0 -19"><span class='ocrx_word' id='word_1_595' title='bbox 422 5367 610 5430; x_wconf 75' lang='grc' dir='ltr'>αὐτοῖς</span> <span class='ocrx_word' id='word_1_596' title='bbox 639 5367 671 5435; x_wconf 77' lang='grc' dir='ltr'>ἡ</span> <span class='ocrx_word' id='word_1_597' title='bbox 712 5368 830 5419; x_wconf 85' lang='grc' dir='ltr'>θεία</span> <span class='ocrx_word' id='word_1_598' title='bbox 862 5366 1093 5419; x_wconf 83' lang='grc' dir='ltr'>τελεῖται</span> <span class='ocrx_word' id='word_1_599' title='bbox 1119 5369 1229 5420; x_wconf 77' lang='grc' dir='ltr'><strong>τῶν</strong></span> <span class='ocrx_word' id='word_1_600' title='bbox 1267 5366 1582 5437; x_wconf 78' lang='grc' dir='ltr'>μυστηρίων</span> <span class='ocrx_word' id='word_1_601' title='bbox 1620 5367 1925 5435; x_wconf 78' lang='grc' dir='ltr'>ἱερουργία.</span> 
     </span>
    </p>
   </div>
   <div class='ocr_carea' id='block_1_86' title="bbox 1013 5482 1416 5535">
    <p class='ocr_par' dir='ltr' id='par_1_86' title="bbox 1013 5482 1416 5535">
     <span class='ocr_line' id='line_1_86' title="bbox 1013 5482 1416 5535; baseline 0.002 -1"><span class='ocrx_word' id='word_1_602' title='bbox 1013 5482 1266 5535; x_wconf 83' lang='grc' dir='ltr'><strong>ΚΕΦΑΛ.</strong></span> <span class='ocrx_word' id='word_1_603' title='bbox 1297 5483 1416 5535; x_wconf 72' lang='lat' dir='ltr'><strong>PU&#39;.</strong></span> 
     </span>
    </p>
   </div>
   <div class='ocr_carea' id='block_1_87' title="bbox 424 5571 2004 5642">
    <p class='ocr_par' dir='ltr' id='par_1_87' title="bbox 424 5571 2004 5642">
     <span class='ocr_line' id='line_1_87' title="bbox 424 5571 2004 5642; baseline 0 -18"><span class='ocrx_word' id='word_1_604' title='bbox 424 5575 567 5640; x_wconf 75' lang='grc' dir='ltr'>Περὶ</span> <span class='ocrx_word' id='word_1_605' title='bbox 598 5573 718 5627; x_wconf 75' lang='grc' dir='ltr'><strong>τῶν</strong></span> <span class='ocrx_word' id='word_1_606' title='bbox 744 5572 1062 5641; x_wconf 80' lang='grc' dir='ltr'>τεσσάρων</span> <span class='ocrx_word' id='word_1_607' title='bbox 1089 5572 1462 5642; x_wconf 65' lang='grc' dir='ltr'>ὑφασμάτων</span> <span class='ocrx_word' id='word_1_608' title='bbox 1505 5571 1623 5626; x_wconf 84' lang='grc' dir='ltr'><strong>τῶν</strong></span> <span class='ocrx_word' id='word_1_609' title='bbox 1668 5572 1737 5625; x_wconf 78' lang='grc' dir='ltr'><strong>ἐν</strong></span> <span class='ocrx_word' id='word_1_610' title='bbox 1774 5571 1846 5639; x_wconf 73' lang='grc' dir='ltr'>τῇ</span> <span class='ocrx_word' id='word_1_611' title='bbox 1874 5571 2004 5638; x_wconf 79' lang='grc' dir='ltr'>θείᾳ</span> 
     </span>
    </p>
   </div>
   <div class='ocr_carea' id='block_1_88' title="bbox 1075 5643 1352 5712">
    <p class='ocr_par' dir='ltr' id='par_1_88' title="bbox 1075 5643 1352 5712">
     <span class='ocr_line' id='line_1_88' title="bbox 1075 5643 1352 5712; baseline 0.004 -16"><span class='ocrx_word' id='word_1_612' title='bbox 1075 5643 1352 5712; x_wconf 75' lang='grc' dir='ltr'>τραπέζῃ.</span> 
     </span>
    </p>
   </div>
   <div class='ocr_carea' id='block_1_89' title="bbox 503 5732 1998 5806">
    <p class='ocr_par' dir='ltr' id='par_1_89' title="bbox 503 5732 1998 5806">
     <span class='ocr_line' id='line_1_89' title="bbox 503 5732 1998 5806; baseline 0 -17"><span class='ocrx_word' id='word_1_613' title='bbox 503 5738 600 5792; x_wconf 71' lang='grc' dir='ltr'><strong>Διὰ</strong></span> <span class='ocrx_word' id='word_1_614' title='bbox 627 5738 830 5792; x_wconf 74' lang='grc' dir='ltr'>τούτων</span> <span class='ocrx_word' id='word_1_615' title='bbox 865 5732 957 5791; x_wconf 80' lang='grc' dir='ltr'>οὖν</span> <span class='ocrx_word' id='word_1_616' title='bbox 1002 5737 1388 5806; x_wconf 71' lang='grc' dir='ltr'>ἑκμαοσομένη</span> <span class='ocrx_word' id='word_1_617' title='bbox 1430 5737 1460 5806; x_wconf 76' lang='grc' dir='ltr'>ἡ</span> <span class='ocrx_word' id='word_1_618' title='bbox 1495 5737 1741 5806; x_wconf 66' lang='grc' dir='ltr'>τράπεζα</span> <span class='ocrx_word' id='word_1_619' title='bbox 1771 5737 1876 5792; x_wconf 68' lang='grc' dir='ltr'>ἀπὸ</span> <span class='ocrx_word' id='word_1_620' title='bbox 1909 5736 1998 5790; x_wconf 79' lang='grc' dir='ltr'><strong>τοῦ</strong></span> 
     </span>
    </p>
   </div>
   <div class='ocr_carea' id='block_1_90' title="bbox 2105 3145 3684 3224">
    <p class='ocr_par' dir='ltr' id='par_1_90' title="bbox 2105 3145 3684 3224">
     <span class='ocr_line' id='line_1_90' title="bbox 2105 3145 3684 3224; baseline -0.009 -10"><span class='ocrx_word' id='word_1_621' title='bbox 2105 3167 2389 3220; x_wconf 82' lang='lat' dir='ltr'><strong>vocatum,</strong></span> <span class='ocrx_word' id='word_1_622' title='bbox 2419 3151 2693 3224; x_wconf 69' lang='lat' dir='ltr'><strong>significat</strong></span> <span class='ocrx_word' id='word_1_623' title='bbox 2717 3165 2923 3215; x_wconf 87' lang='lat' dir='ltr'><strong>mensa,</strong></span> <span class='ocrx_word' id='word_1_624' title='bbox 2957 3165 3079 3219; x_wconf 65' lang='lat' dir='ltr'><strong>qua:</strong></span> <span class='ocrx_word' id='word_1_625' title='bbox 3135 3158 3262 3202; x_wconf 90' lang='lat' dir='ltr'><strong>sunt</strong></span> <span class='ocrx_word' id='word_1_626' title='bbox 3293 3148 3466 3218; x_wconf 85' lang='lat' dir='ltr'><strong>ipsius</strong></span> <span class='ocrx_word' id='word_1_627' title='bbox 3509 3145 3684 3217; x_wconf 86' lang='lat' dir='ltr'><strong>bapti-</strong></span> 
     </span>
    </p>
   </div>
   <div class='ocr_carea' id='block_1_91' title="bbox 2097 3239 3689 3313">
    <p class='ocr_par' dir='ltr' id='par_1_91' title="bbox 2097 3239 3689 3313">
     <span class='ocr_line' id='line_1_91' title="bbox 2097 3239 3689 3313; baseline -0.004 -12"><span class='ocrx_word' id='word_1_628' title='bbox 2097 3252 2297 3308; x_wconf 84' lang='lat' dir='ltr'><strong>smatis</strong></span> <span class='ocrx_word' id='word_1_629' title='bbox 2327 3248 2496 3304; x_wconf 90' lang='lat' dir='ltr'><strong>etiam</strong></span> <span class='ocrx_word' id='word_1_630' title='bbox 2520 3245 2770 3313; x_wconf 87' lang='lat' dir='ltr'><strong>suscipit,</strong></span> <span class='ocrx_word' id='word_1_631' title='bbox 2805 3252 2860 3298; x_wconf 89' lang='lat' dir='ltr'><strong>et</strong></span> <span class='ocrx_word' id='word_1_632' title='bbox 2903 3243 3005 3296; x_wconf 90' lang='lat' dir='ltr'><strong>hoc</strong></span> <span class='ocrx_word' id='word_1_633' title='bbox 3029 3241 3242 3296; x_wconf 88' lang='lat' dir='ltr'><strong>duobus</strong></span> <span class='ocrx_word' id='word_1_634' title='bbox 3282 3240 3480 3304; x_wconf 91' lang='lat' dir='ltr'><strong>modis,</strong></span> <span class='ocrx_word' id='word_1_635' title='bbox 3513 3239 3689 3294; x_wconf 84' lang='lat' dir='ltr'><strong>sensi-</strong></span> 
     </span>
    </p>
   </div>
   <div class='ocr_carea' id='block_1_92' title="bbox 2103 3331 3679 3407">
    <p class='ocr_par' dir='ltr' id='par_1_92' title="bbox 2103 3331 3679 3407">
     <span class='ocr_line' id='line_1_92' title="bbox 2103 3331 3679 3407; baseline -0.01 -8"><span class='ocrx_word' id='word_1_636' title='bbox 2103 3344 2198 3399; x_wconf 85' lang='lat' dir='ltr'><strong>bili</strong></span> <span class='ocrx_word' id='word_1_637' title='bbox 2231 3357 2295 3397; x_wconf 90' lang='lat' dir='ltr'><strong>ac</strong></span> <span class='ocrx_word' id='word_1_638' title='bbox 2349 3335 2702 3407; x_wconf 78' lang='lat' dir='ltr'><strong>intelligibili,</strong></span> <span class='ocrx_word' id='word_1_639' title='bbox 2737 3343 2796 3388; x_wconf 91' lang='lat' dir='ltr'><strong>ut</strong></span> <span class='ocrx_word' id='word_1_640' title='bbox 2831 3343 2884 3388; x_wconf 89' lang='lat' dir='ltr'><strong>et</strong></span> <span class='ocrx_word' id='word_1_641' title='bbox 2922 3333 3105 3388; x_wconf 86' lang='lat' dir='ltr'><strong>abluta</strong></span> <span class='ocrx_word' id='word_1_642' title='bbox 3140 3346 3274 3402; x_wconf 88' lang='lat' dir='ltr'><strong>pura</strong></span> <span class='ocrx_word' id='word_1_643' title='bbox 3306 3331 3417 3396; x_wconf 89' lang='lat' dir='ltr'><strong>ﬁat,</strong></span> <span class='ocrx_word' id='word_1_644' title='bbox 3449 3339 3505 3385; x_wconf 88' lang='lat' dir='ltr'><strong>et</strong></span> <span class='ocrx_word' id='word_1_645' title='bbox 3539 3345 3679 3401; x_wconf 82' lang='lat' dir='ltr'><strong>aqua</strong></span> 
     </span>
    </p>
   </div>
   <div class='ocr_carea' id='block_1_93' title="bbox 2102 3424 3684 3500">
    <p class='ocr_par' dir='ltr' id='par_1_93' title="bbox 2102 3424 3684 3500">
     <span class='ocr_line' id='line_1_93' title="bbox 2102 3424 3684 3500; baseline -0.009 -9"><span class='ocrx_word' id='word_1_646' title='bbox 2102 3434 2496 3496; x_wconf 88' lang='lat' dir='ltr'><strong>sanctiﬁcetur,</strong></span> <span class='ocrx_word' id='word_1_647' title='bbox 2531 3428 2973 3500; x_wconf 75' lang='lat' dir='ltr'><strong>purificationem</strong></span> <span class='ocrx_word' id='word_1_648' title='bbox 2998 3440 3125 3479; x_wconf 93' lang='lat' dir='ltr'><strong>cum</strong></span> <span class='ocrx_word' id='word_1_649' title='bbox 3159 3424 3366 3494; x_wconf 91' lang='lat' dir='ltr'><strong>Spiritu</strong></span> <span class='ocrx_word' id='word_1_650' title='bbox 3392 3424 3684 3493; x_wconf 87' lang='lat' dir='ltr'><strong>recipiens,</strong></span> 
     </span>
    </p>
   </div>
   <div class='ocr_carea' id='block_1_94' title="bbox 2103 3515 3683 3598">
    <p class='ocr_par' dir='ltr' id='par_1_94' title="bbox 2103 3515 3683 3598">
     <span class='ocr_line' id='line_1_94' title="bbox 2103 3515 3683 3598; baseline -0.013 -15"><span class='ocrx_word' id='word_1_651' title='bbox 2103 3527 2364 3598; x_wconf 83' lang='lat' dir='ltr'><strong>quoniam</strong></span> <span class='ocrx_word' id='word_1_652' title='bbox 2397 3523 2638 3594; x_wconf 89' lang='lat' dir='ltr'><strong>Spiritus</strong></span> <span class='ocrx_word' id='word_1_653' title='bbox 2656 3519 2822 3574; x_wconf 91' lang='lat' dir='ltr'><strong>etiam</strong></span> <span class='ocrx_word' id='word_1_654' title='bbox 2849 3515 3200 3572; x_wconf 89' lang='lat' dir='ltr'><strong>constituitur</strong></span> <span class='ocrx_word' id='word_1_655' title='bbox 3232 3516 3683 3570; x_wconf 87' lang='lat' dir='ltr'><strong>instrumentum.</strong></span> 
     </span>
    </p>
   </div>
   <div class='ocr_carea' id='block_1_95' title="bbox 2103 3605 3681 3686">
    <p class='ocr_par' dir='ltr' id='par_1_95' title="bbox 2103 3605 3681 3686">
     <span class='ocr_line' id='line_1_95' title="bbox 2103 3605 3681 3686; baseline -0.011 -11"><span class='ocrx_word' id='word_1_656' title='bbox 2103 3621 2228 3677; x_wconf 86' lang='lat' dir='ltr'><strong>Ideo</strong></span> <span class='ocrx_word' id='word_1_657' title='bbox 2273 3616 2455 3686; x_wconf 87' lang='lat' dir='ltr'><strong>tepida</strong></span> <span class='ocrx_word' id='word_1_658' title='bbox 2507 3613 2786 3684; x_wconf 79' lang='lat' dir='ltr'><strong>profertur</strong></span> <span class='ocrx_word' id='word_1_659' title='bbox 2844 3623 3004 3678; x_wconf 90' lang='lat' dir='ltr'><strong>aqua,</strong></span> <span class='ocrx_word' id='word_1_660' title='bbox 3058 3622 3180 3679; x_wconf 64' lang='lat' dir='ltr'><strong>quae</strong></span> <span class='ocrx_word' id='word_1_661' title='bbox 3237 3621 3332 3675; x_wconf 93' lang='lat' dir='ltr'><strong>per</strong></span> <span class='ocrx_word' id='word_1_662' title='bbox 3379 3605 3681 3667; x_wconf 81' lang='lat' dir='ltr'><strong>orationem</strong></span> 
     </span>
    </p>
   </div>
   <div class='ocr_carea' id='block_1_96' title="bbox 2103 3697 3681 3768">
    <p class='ocr_par' dir='ltr' id='par_1_96' title="bbox 2103 3697 3681 3768">
     <span class='ocr_line' id='line_1_96' title="bbox 2103 3697 3681 3768; baseline -0.011 0"><span class='ocrx_word' id='word_1_663' title='bbox 2103 3709 2471 3768; x_wconf 87' lang='lat' dir='ltr'><strong>benedicitur.</strong></span> <span class='ocrx_word' id='word_1_664' title='bbox 2530 3704 2744 3761; x_wconf 87' lang='lat' dir='ltr'><strong>Etenim</strong></span> <span class='ocrx_word' id='word_1_665' title='bbox 2804 3703 2956 3756; x_wconf 86' lang='lat' dir='ltr'><strong>illum</strong></span> <span class='ocrx_word' id='word_1_666' title='bbox 2999 3701 3089 3768; x_wconf 88' lang='lat' dir='ltr'><strong>qui</strong></span> <span class='ocrx_word' id='word_1_667' title='bbox 3135 3699 3440 3768; x_wconf 81' lang='lat' dir='ltr'><strong>baptizatus</strong></span> <span class='ocrx_word' id='word_1_668' title='bbox 3487 3707 3568 3752; x_wconf 90' lang='lat' dir='ltr'><strong>est</strong></span> <span class='ocrx_word' id='word_1_669' title='bbox 3626 3697 3681 3751; x_wconf 91' lang='lat' dir='ltr'><strong>in</strong></span> 
     </span>
    </p>
   </div>
   <div class='ocr_carea' id='block_1_97' title="bbox 2102 3788 3686 3870">
    <p class='ocr_par' dir='ltr' id='par_1_97' title="bbox 2102 3788 3686 3870">
     <span class='ocr_line' id='line_1_97' title="bbox 2102 3788 3686 3870; baseline -0.009 -13"><span class='ocrx_word' id='word_1_670' title='bbox 2102 3801 2343 3857; x_wconf 69' lang='lat' dir='ltr'><strong>Iordane</strong></span> <span class='ocrx_word' id='word_1_671' title='bbox 2369 3797 2612 3870; x_wconf 76' lang='lat' dir='ltr'><strong>pontifex</strong></span> <span class='ocrx_word' id='word_1_672' title='bbox 2642 3799 2696 3851; x_wconf 93' lang='lat' dir='ltr'><strong>in</strong></span> <span class='ocrx_word' id='word_1_673' title='bbox 2754 3793 3246 3850; x_wconf 86' lang='lat' dir='ltr'><strong>sanctiﬁcationcm</strong></span> <span class='ocrx_word' id='word_1_674' title='bbox 3312 3788 3476 3859; x_wconf 86' lang='lat' dir='ltr'><strong>hujus</strong></span> <span class='ocrx_word' id='word_1_675' title='bbox 3527 3804 3686 3858; x_wconf 46' lang='lat' dir='ltr'><strong>aqua).</strong></span> 
     </span>
    </p>
   </div>
   <div class='ocr_carea' id='block_1_98' title="bbox 2105 3880 3684 3962">
    <p class='ocr_par' dir='ltr' id='par_1_98' title="bbox 2105 3880 3684 3962">
     <span class='ocr_line' id='line_1_98' title="bbox 2105 3880 3684 3962; baseline -0.01 -12"><span class='ocrx_word' id='word_1_676' title='bbox 2105 3894 2356 3962; x_wconf 89' lang='lat' dir='ltr'><strong>sacrique</strong></span> <span class='ocrx_word' id='word_1_677' title='bbox 2385 3888 2859 3946; x_wconf 88' lang='lat' dir='ltr'><strong>consecrationem</strong></span> <span class='ocrx_word' id='word_1_678' title='bbox 2931 3883 3122 3937; x_wconf 85' lang='lat' dir='ltr'><strong>altaris</strong></span> <span class='ocrx_word' id='word_1_679' title='bbox 3173 3882 3413 3936; x_wconf 84' lang='lat' dir='ltr'><strong>invocat.</strong></span> <span class='ocrx_word' id='word_1_680' title='bbox 3478 3880 3684 3935; x_wconf 89' lang='lat' dir='ltr'><strong>Deinde</strong></span> 
     </span>
    </p>
   </div>
   <div class='ocr_carea' id='block_1_99' title="bbox 2105 3971 3683 4046">
    <p class='ocr_par' dir='ltr' id='par_1_99' title="bbox 2105 3971 3683 4046">
     <span class='ocr_line' id='line_1_99' title="bbox 2105 3971 3683 4046; baseline -0.008 -7"><span class='ocrx_word' id='word_1_681' title='bbox 2105 3985 2186 4041; x_wconf 86' lang='lat' dir='ltr'><strong>sal</strong></span> <span class='ocrx_word' id='word_1_682' title='bbox 2217 3981 2530 4036; x_wconf 89' lang='lat' dir='ltr'><strong>immittitur</strong></span> <span class='ocrx_word' id='word_1_683' title='bbox 2582 3979 2655 4043; x_wconf 89' lang='lat' dir='ltr'><strong>ei,</strong></span> <span class='ocrx_word' id='word_1_684' title='bbox 2701 3992 2796 4046; x_wconf 85' lang='lat' dir='ltr'><strong>per</strong></span> <span class='ocrx_word' id='word_1_685' title='bbox 2859 3973 3126 4042; x_wconf 81' lang='lat' dir='ltr'><strong>illudque</strong></span> <span class='ocrx_word' id='word_1_686' title='bbox 3177 3971 3522 4026; x_wconf 89' lang='lat' dir='ltr'><strong>benedictum</strong></span> <span class='ocrx_word' id='word_1_687' title='bbox 3573 3980 3683 4026; x_wconf 88' lang='lat' dir='ltr'><strong>tres</strong></span> 
     </span>
    </p>
   </div>
   <div class='ocr_carea' id='block_1_100' title="bbox 2105 4063 3680 4146">
    <p class='ocr_par' dir='ltr' id='par_1_100' title="bbox 2105 4063 3680 4146">
     <span class='ocr_line' id='line_1_100' title="bbox 2105 4063 3680 4146; baseline -0.011 -16"><span class='ocrx_word' id='word_1_688' title='bbox 2105 4073 2378 4146; x_wconf 74' lang='lat' dir='ltr'><strong>precando</strong></span> <span class='ocrx_word' id='word_1_689' title='bbox 2444 4085 2640 4126; x_wconf 83' lang='lat' dir='ltr'><strong>cruces</strong></span> <span class='ocrx_word' id='word_1_690' title='bbox 2688 4067 2840 4122; x_wconf 83' lang='lat' dir='ltr'><strong>facit.</strong></span> <span class='ocrx_word' id='word_1_691' title='bbox 2876 4065 2940 4120; x_wconf 88' lang='lat' dir='ltr'><strong>Et</strong></span> <span class='ocrx_word' id='word_1_692' title='bbox 2967 4080 3107 4136; x_wconf 89' lang='lat' dir='ltr'><strong>aqua</strong></span> <span class='ocrx_word' id='word_1_693' title='bbox 3146 4064 3325 4134; x_wconf 76' lang='lat' dir='ltr'><strong>tepida</strong></span> <span class='ocrx_word' id='word_1_694' title='bbox 3372 4070 3454 4118; x_wconf 89' lang='lat' dir='ltr'><strong>ter</strong></span> <span class='ocrx_word' id='word_1_695' title='bbox 3481 4063 3680 4127; x_wconf 79' lang='lat' dir='ltr'><strong>eﬁ’nsa,</strong></span> 
     </span>
    </p>
   </div>
   <div class='ocr_carea' id='block_1_101' title="bbox 2106 4157 3682 4238">
    <p class='ocr_par' dir='ltr' id='par_1_101' title="bbox 2106 4157 3682 4238">
     <span class='ocr_line' id='line_1_101' title="bbox 2106 4157 3682 4238; baseline -0.01 -15"><span class='ocrx_word' id='word_1_696' title='bbox 2106 4167 2158 4223; x_wconf 93' lang='lat' dir='ltr'><strong>in</strong></span> <span class='ocrx_word' id='word_1_697' title='bbox 2193 4176 2377 4238; x_wconf 88' lang='lat' dir='ltr'><strong>typum</strong></span> <span class='ocrx_word' id='word_1_698' title='bbox 2414 4172 2622 4219; x_wconf 79' lang='lat' dir='ltr'><strong>sanctae</strong></span> <span class='ocrx_word' id='word_1_699' title='bbox 2653 4160 2964 4224; x_wconf 83' lang='lat' dir='ltr'><strong>Trinitatis,</strong></span> <span class='ocrx_word' id='word_1_700' title='bbox 3004 4173 3102 4230; x_wconf 87' lang='lat' dir='ltr'><strong>per</strong></span> <span class='ocrx_word' id='word_1_701' title='bbox 3135 4157 3454 4212; x_wconf 79' lang='lat' dir='ltr'><strong>Autiminsia</strong></span> <span class='ocrx_word' id='word_1_702' title='bbox 3524 4170 3682 4211; x_wconf 86' lang='lat' dir='ltr'><strong>sacra</strong></span> 
     </span>
    </p>
   </div>
   <div class='ocr_carea' id='block_1_102' title="bbox 2107 4255 2639 4325">
    <p class='ocr_par' dir='ltr' id='par_1_102' title="bbox 2107 4255 2639 4325">
     <span class='ocr_line' id='line_1_102' title="bbox 2107 4255 2639 4325; baseline -0.011 -12"><span class='ocrx_word' id='word_1_703' title='bbox 2107 4273 2294 4313; x_wconf 85' lang='lat' dir='ltr'><strong>mensa</strong></span> <span class='ocrx_word' id='word_1_704' title='bbox 2316 4255 2639 4325; x_wconf 79' lang='lat' dir='ltr'><strong>detergitur.</strong></span> 
     </span>
    </p>
   </div>
   <div class='ocr_carea' id='block_1_103' title="bbox 2679 4451 3135 4509">
    <p class='ocr_par' dir='ltr' id='par_1_103' title="bbox 2679 4451 3135 4509">
     <span class='ocr_line' id='line_1_103' title="bbox 2679 4451 3135 4509; baseline -0.007 0"><span class='ocrx_word' id='word_1_705' title='bbox 2679 4451 2906 4509; x_wconf 69' lang='lat' dir='ltr'><strong>CAPUT</strong></span> <span class='ocrx_word' id='word_1_706' title='bbox 2953 4451 3135 4507; x_wconf 73' lang='lat' dir='ltr'><strong>CVIII.</strong></span> 
     </span>
    </p>
   </div>
   <div class='ocr_carea' id='block_1_104' title="bbox 2111 4549 3681 4630">
    <p class='ocr_par' dir='ltr' id='par_1_104' title="bbox 2111 4549 3681 4630">
     <span class='ocr_line' id='line_1_104' title="bbox 2111 4549 3681 4630; baseline -0.006 -24"><span class='ocrx_word' id='word_1_707' title='bbox 2111 4550 2186 4608; x_wconf 85' lang='lat' dir='ltr'><strong>De</strong></span> <span class='ocrx_word' id='word_1_708' title='bbox 2213 4552 2385 4605; x_wconf 72' lang='lat' dir='ltr'><strong>sacris</strong></span> <span class='ocrx_word' id='word_1_709' title='bbox 2415 4549 2740 4605; x_wconf 73' lang='lat' dir='ltr'><strong>autiminsiis</strong></span> <span class='ocrx_word' id='word_1_710' title='bbox 2771 4549 3130 4630; x_wconf 52' lang='lat' dir='ltr'><strong>stvemtaupis,</strong></span> <span class='ocrx_word' id='word_1_711' title='bbox 3163 4562 3441 4601; x_wconf 79' lang='lat' dir='ltr'><strong>sacrarum</strong></span> <span class='ocrx_word' id='word_1_712' title='bbox 3475 4562 3681 4599; x_wconf 77' lang='lat' dir='ltr'><strong>menm-</strong></span> 
     </span>
    </p>
   </div>
   <div class='ocr_carea' id='block_1_105' title="bbox 2703 4633 3088 4671">
    <p class='ocr_par' dir='ltr' id='par_1_105' title="bbox 2703 4633 3088 4671">
     <span class='ocr_line' id='line_1_105' title="bbox 2703 4633 3088 4671; baseline -0.003 -1"><span class='ocrx_word' id='word_1_713' title='bbox 2703 4635 2820 4671; x_wconf 85' lang='lat' dir='ltr'><strong>rum</strong></span> <span class='ocrx_word' id='word_1_714' title='bbox 2851 4633 3088 4671; x_wconf 73' lang='grc' dir='ltr'>υιεανηδ.</span> 
     </span>
    </p>
   </div>
   <div class='ocr_carea' id='block_1_106' title="bbox 2181 4710 3686 4766">
    <p class='ocr_par' dir='ltr' id='par_1_106' title="bbox 2181 4710 3686 4766">
     <span class='ocr_line' id='line_1_106' title="bbox 2181 4710 3686 4766; baseline -0.006 0"><span class='ocrx_word' id='word_1_715' title='bbox 2181 4711 2305 4766; x_wconf 77' lang='lat' dir='ltr'><strong>Hrec</strong></span> <span class='ocrx_word' id='word_1_716' title='bbox 2367 4720 2550 4766; x_wconf 88' lang='lat' dir='ltr'><strong>autem</strong></span> <span class='ocrx_word' id='word_1_717' title='bbox 2615 4710 2929 4765; x_wconf 87' lang='lat' dir='ltr'><strong>antiminsia</strong></span> <span class='ocrx_word' id='word_1_718' title='bbox 2961 4725 3024 4762; x_wconf 84' lang='lat' dir='ltr'><strong>ex</strong></span> <span class='ocrx_word' id='word_1_719' title='bbox 3082 4710 3222 4761; x_wconf 86' lang='lat' dir='ltr'><strong>lineo</strong></span> <span class='ocrx_word' id='word_1_720' title='bbox 3283 4716 3426 4760; x_wconf 77' lang='lat' dir='ltr'><strong>texto</strong></span> <span class='ocrx_word' id='word_1_721' title='bbox 3457 4716 3584 4760; x_wconf 88' lang='lat' dir='ltr'><strong>sunt</strong></span> <span class='ocrx_word' id='word_1_722' title='bbox 3630 4712 3686 4759; x_wconf 91' lang='lat' dir='ltr'><strong>et</strong></span> 
     </span>
    </p>
   </div>
   <div class='ocr_carea' id='block_1_107' title="bbox 2107 4799 3683 4874">
    <p class='ocr_par' dir='ltr' id='par_1_107' title="bbox 2107 4799 3683 4874">
     <span class='ocr_line' id='line_1_107' title="bbox 2107 4799 3683 4874; baseline -0.006 -15"><span class='ocrx_word' id='word_1_723' title='bbox 2107 4821 2203 4874; x_wconf 93' lang='lat' dir='ltr'><strong>pro</strong></span> <span class='ocrx_word' id='word_1_724' title='bbox 2230 4818 2388 4859; x_wconf 85' lang='lat' dir='ltr'><strong>sacra</strong></span> <span class='ocrx_word' id='word_1_725' title='bbox 2421 4817 2608 4857; x_wconf 84' lang='lat' dir='ltr'><strong>mensa</strong></span> <span class='ocrx_word' id='word_1_726' title='bbox 2636 4803 2776 4855; x_wconf 90' lang='lat' dir='ltr'><strong>ﬁunt</strong></span> <span class='ocrx_word' id='word_1_727' title='bbox 2803 4799 3041 4856; x_wconf 88' lang='lat' dir='ltr'><strong>Consnta</strong></span> <span class='ocrx_word' id='word_1_728' title='bbox 3087 4800 3236 4869; x_wconf 67' lang='lat' dir='ltr'><strong>prius</strong></span> <span class='ocrx_word' id='word_1_729' title='bbox 3269 4805 3550 4868; x_wconf 78' lang='lat' dir='ltr'><strong>parantur,</strong></span> <span class='ocrx_word' id='word_1_730' title='bbox 3576 4799 3683 4850; x_wconf 86' lang='lat' dir='ltr'><strong>sic-</strong></span> 
     </span>
    </p>
   </div>
   <div class='ocr_carea' id='block_1_108' title="bbox 2107 4888 3676 4958">
    <p class='ocr_par' dir='ltr' id='par_1_108' title="bbox 2107 4888 3676 4958">
     <span class='ocr_line' id='line_1_108' title="bbox 2107 4888 3676 4958; baseline -0.008 -8"><span class='ocrx_word' id='word_1_731' title='bbox 2107 4909 2162 4950; x_wconf 87' lang='lat' dir='ltr'><strong>ut</strong></span> <span class='ocrx_word' id='word_1_732' title='bbox 2189 4895 2519 4950; x_wconf 90' lang='lat' dir='ltr'><strong>constitutio</strong></span> <span class='ocrx_word' id='word_1_733' title='bbox 2541 4893 2754 4958; x_wconf 88' lang='lat' dir='ltr'><strong>scribit,</strong></span> <span class='ocrx_word' id='word_1_734' title='bbox 2778 4902 2832 4946; x_wconf 92' lang='lat' dir='ltr'><strong>et</strong></span> <span class='ocrx_word' id='word_1_735' title='bbox 2866 4893 2919 4945; x_wconf 93' lang='lat' dir='ltr'><strong>in</strong></span> <span class='ocrx_word' id='word_1_736' title='bbox 2949 4893 3028 4946; x_wconf 91' lang='lat' dir='ltr'><strong>eis</strong></span> <span class='ocrx_word' id='word_1_737' title='bbox 3082 4891 3266 4945; x_wconf 90' lang='lat' dir='ltr'><strong>omnia</strong></span> <span class='ocrx_word' id='word_1_738' title='bbox 3298 4888 3676 4957; x_wconf 87' lang='lat' dir='ltr'><strong>perﬁciuntur,</strong></span> 
     </span>
    </p>
   </div>
   <div class='ocr_carea' id='block_1_109' title="bbox 2107 4982 3677 5059">
    <p class='ocr_par' dir='ltr' id='par_1_109' title="bbox 2107 4982 3677 5059">
     <span class='ocr_line' id='line_1_109' title="bbox 2107 4982 3677 5059; baseline -0.006 -18"><span class='ocrx_word' id='word_1_739' title='bbox 2107 5003 2235 5059; x_wconf 61' lang='lat' dir='ltr'><strong>quae</strong></span> <span class='ocrx_word' id='word_1_740' title='bbox 2263 4987 2427 5041; x_wconf 86' lang='lat' dir='ltr'><strong>etiam</strong></span> <span class='ocrx_word' id='word_1_741' title='bbox 2464 4986 2517 5040; x_wconf 93' lang='lat' dir='ltr'><strong>in</strong></span> <span class='ocrx_word' id='word_1_742' title='bbox 2546 4986 2728 5040; x_wconf 84' lang='lat' dir='ltr'><strong>divina</strong></span> <span class='ocrx_word' id='word_1_743' title='bbox 2762 5001 2968 5041; x_wconf 90' lang='lat' dir='ltr'><strong>mensa.</strong></span> <span class='ocrx_word' id='word_1_744' title='bbox 3000 4984 3062 5038; x_wconf 81' lang='lat' dir='ltr'><strong>Et</strong></span> <span class='ocrx_word' id='word_1_745' title='bbox 3091 4982 3376 5036; x_wconf 76' lang='lat' dir='ltr'><strong>occasione</strong></span> <span class='ocrx_word' id='word_1_746' title='bbox 3399 4986 3677 5050; x_wconf 87' lang='lat' dir='ltr'><strong>poscente,</strong></span> 
     </span>
    </p>
   </div>
   <div class='ocr_carea' id='block_1_110' title="bbox 2108 5072 3677 5150">
    <p class='ocr_par' dir='ltr' id='par_1_110' title="bbox 2108 5072 3677 5150">
     <span class='ocr_line' id='line_1_110' title="bbox 2108 5072 3677 5150; baseline -0.007 -16"><span class='ocrx_word' id='word_1_747' title='bbox 2108 5079 2384 5150; x_wconf 86' lang='lat' dir='ltr'><strong>pontiﬁcis</strong></span> <span class='ocrx_word' id='word_1_748' title='bbox 2417 5077 2648 5145; x_wconf 85' lang='lat' dir='ltr'><strong>judicio,</strong></span> <span class='ocrx_word' id='word_1_749' title='bbox 2682 5076 2920 5146; x_wconf 83' lang='lat' dir='ltr'><strong>perfecte</strong></span> <span class='ocrx_word' id='word_1_750' title='bbox 2967 5076 3302 5130; x_wconf 87' lang='lat' dir='ltr'><strong>sanctiﬁcata</strong></span> <span class='ocrx_word' id='word_1_751' title='bbox 3340 5072 3454 5125; x_wconf 69' lang='lat' dir='ltr'><strong>haec</strong></span> <span class='ocrx_word' id='word_1_752' title='bbox 3481 5085 3677 5124; x_wconf 85' lang='lat' dir='ltr'><strong>secun-</strong></span> 
     </span>
    </p>
   </div>
   <div class='ocr_carea' id='block_1_111' title="bbox 2105 5167 3676 5234">
    <p class='ocr_par' dir='ltr' id='par_1_111' title="bbox 2105 5167 3676 5234">
     <span class='ocr_line' id='line_1_111' title="bbox 2105 5167 3676 5234; baseline -0.006 -7"><span class='ocrx_word' id='word_1_753' title='bbox 2105 5175 2232 5228; x_wconf 86' lang='lat' dir='ltr'><strong>dum</strong></span> <span class='ocrx_word' id='word_1_754' title='bbox 2291 5173 2440 5227; x_wconf 86' lang='lat' dir='ltr'><strong>locos</strong></span> <span class='ocrx_word' id='word_1_755' title='bbox 2495 5172 2838 5233; x_wconf 85' lang='lat' dir='ltr'><strong>emittuntur,</strong></span> <span class='ocrx_word' id='word_1_756' title='bbox 2894 5171 2982 5224; x_wconf 90' lang='lat' dir='ltr'><strong>ubi</strong></span> <span class='ocrx_word' id='word_1_757' title='bbox 3026 5177 3242 5222; x_wconf 82' lang='lat' dir='ltr'><strong>nonest</strong></span> <span class='ocrx_word' id='word_1_758' title='bbox 3289 5167 3480 5230; x_wconf 89' lang='lat' dir='ltr'><strong>altare,</strong></span> <span class='ocrx_word' id='word_1_759' title='bbox 3515 5174 3676 5234; x_wconf 84' lang='lat' dir='ltr'><strong>atque</strong></span> 
     </span>
    </p>
   </div>
   <div class='ocr_carea' id='block_1_112' title="bbox 2106 5256 3570 5331">
    <p class='ocr_par' dir='ltr' id='par_1_112' title="bbox 2106 5256 3570 5331">
     <span class='ocr_line' id='line_1_112' title="bbox 2106 5256 3570 5331; baseline -0.003 -15"><span class='ocrx_word' id='word_1_760' title='bbox 2106 5263 2159 5316; x_wconf 91' lang='lat' dir='ltr'><strong>in</strong></span> <span class='ocrx_word' id='word_1_761' title='bbox 2200 5262 2279 5317; x_wconf 89' lang='lat' dir='ltr'><strong>eis</strong></span> <span class='ocrx_word' id='word_1_762' title='bbox 2309 5261 2490 5315; x_wconf 88' lang='lat' dir='ltr'><strong>divina</strong></span> <span class='ocrx_word' id='word_1_763' title='bbox 2528 5261 2808 5331; x_wconf 82' lang='lat' dir='ltr'><strong>perﬁcitur</strong></span> <span class='ocrx_word' id='word_1_764' title='bbox 2840 5259 3222 5329; x_wconf 86' lang='lat' dir='ltr'><strong>mysteriorum</strong></span> <span class='ocrx_word' id='word_1_765' title='bbox 3253 5256 3570 5312; x_wconf 86' lang='lat' dir='ltr'><strong>celebratio.</strong></span> 
     </span>
    </p>
   </div>
   <div class='ocr_carea' id='block_1_113' title="bbox 2667 5458 3088 5518">
    <p class='ocr_par' dir='ltr' id='par_1_113' title="bbox 2667 5458 3088 5518">
     <span class='ocr_line' id='line_1_113' title="bbox 2667 5458 3088 5518; baseline -0.005 0"><span class='ocrx_word' id='word_1_766' title='bbox 2667 5458 2897 5518; x_wconf 84' lang='lat' dir='ltr'><strong>C-\PUT</strong></span> <span class='ocrx_word' id='word_1_767' title='bbox 2949 5459 3088 5516; x_wconf 80' lang='lat' dir='ltr'><strong>CIX.</strong></span> 
     </span>
    </p>
   </div>
   <div class='ocr_carea' id='block_1_114' title="bbox 2338 5556 3453 5626">
    <p class='ocr_par' dir='ltr' id='par_1_114' title="bbox 2338 5556 3453 5626">
     <span class='ocr_line' id='line_1_114' title="bbox 2338 5556 3453 5626; baseline 0 -16"><span class='ocrx_word' id='word_1_768' title='bbox 2338 5556 2412 5610; x_wconf 87' lang='lat' dir='ltr'><strong>De</strong></span> <span class='ocrx_word' id='word_1_769' title='bbox 2441 5568 2672 5626; x_wconf 76' lang='lat' dir='ltr'><strong>quatuor</strong></span> <span class='ocrx_word' id='word_1_770' title='bbox 2708 5556 3008 5610; x_wconf 67' lang='lat' dir='ltr'><strong>velamentis</strong></span> <span class='ocrx_word' id='word_1_771' title='bbox 3043 5572 3207 5612; x_wconf 76' lang='lat' dir='ltr'><strong>sacra:</strong></span> <span class='ocrx_word' id='word_1_772' title='bbox 3244 5572 3453 5610; x_wconf 71' lang='lat' dir='ltr'><strong>meum.</strong></span> 
     </span>
    </p>
   </div>
   <div class='ocr_carea' id='block_1_115' title="bbox 2178 5735 3672 5806">
    <p class='ocr_par' dir='ltr' id='par_1_115' title="bbox 2178 5735 3672 5806">
     <span class='ocr_line' id='line_1_115' title="bbox 2178 5735 3672 5806; baseline -0.007 -12"><span class='ocrx_word' id='word_1_773' title='bbox 2178 5739 2277 5794; x_wconf 79' lang='lat' dir='ltr'><strong>Pet</strong></span> <span class='ocrx_word' id='word_1_774' title='bbox 2308 5735 2420 5792; x_wconf 65' lang='lat' dir='ltr'><strong>haec</strong></span> <span class='ocrx_word' id='word_1_775' title='bbox 2455 5735 2618 5805; x_wconf 77' lang='lat' dir='ltr'><strong>igitur</strong></span> <span class='ocrx_word' id='word_1_776' title='bbox 2652 5752 2788 5806; x_wconf 84' lang='lat' dir='ltr'><strong>aqua</strong></span> <span class='ocrx_word' id='word_1_777' title='bbox 2817 5736 3154 5794; x_wconf 68' lang='lat' dir='ltr'><strong>sanctiﬁcata</strong></span> <span class='ocrx_word' id='word_1_778' title='bbox 3190 5739 3298 5792; x_wconf 63' lang='lat' dir='ltr'><strong>dett</strong></span> <span class='ocrx_word' id='word_1_779' title='bbox 3313 5736 3483 5805; x_wconf 68' lang='lat' dir='ltr'><strong>rgitur</strong></span> <span class='ocrx_word' id='word_1_780' title='bbox 3519 5748 3672 5788; x_wconf 82' lang='lat' dir='ltr'><strong>mcu-</strong></span> 
     </span>
    </p>
   </div>
  </div>
