4044 6198
380 292 485 354 315

1204 294 1587 353 SYMEUNIS
1624 288 2384 351 TllESSALONICENSIS
2425 282 2781 345 ARCHIEP.

3526 274 3627 335 316

377 420 461 466 sa,
532 420 596 456 ve
655 419 753 474 per
778 407 879 461 alia
915 418 1148 477 quatuor
1209 408 1439 470 textilia,
1472 422 1592 475 qua:
1632 403 1947 460 iiuaiiterin

2063 398 2407 469 ἂγιασθὲντος
2440 395 2653 457 ὓδατος,
2683 394 2715 463 ἦ
2749 392 2814 446 δι’
2848 392 3049 463 ἐτέρων
3069 390 3353 460 τεσσάρων
3378 390 3627 458 ὑφασμά-

377 506 614 565 quatuor
648 511 818 550 sacra:
852 513 1050 554 mensa:
1082 501 1318 569 angulis,
1351 499 1404 553 in
1469 508 1654 570 typum
1716 507 1952 567 quatuor

314 600 319 607 '
380 587 687 641 divinorum
721 586 1212 659 Evangelistarum,
1242 602 1543 661 ponuntur.

970 766 1197 821 CAPUT
1272 768 1384 822 CX.

594 857 771 922 Quare
811 859 928 913 vino
966 870 1016 913 et
1047 878 1183 929 aqua
1216 876 1430 915 rosacea
1463 862 1720 914 abluitur.

451 945 579 999 Post
646 949 1036 1016 extersionem,
1103 952 1287 1006 vinum
1347 953 1678 1007 odoriferum
1713 967 1775 1005 ac
1805 967 1949 1006 rosa-

381 1049 494 1093 tum
534 1041 860 1097 aﬂ'eruntur.
921 1043 1044 1099 Hmc
1097 1055 1277 1099 autem
1339 1046 1599 1116 unguenti
1636 1045 1801 1099 divini
1829 1060 1956 1113 pro~

380 1133 547 1187 (ninia
580 1146 709 1189 sunt
742 1136 793 1189 in
848 1136 1107 1190 honorem
1168 1137 1463 1206 sepultura:
1499 1136 1647 1201 Jesu,
1683 1136 1952 1206 siquidem

377 1234 432 1278 et
465 1225 567 1279 iste
600 1226 664 1278 de
694 1228 996 1294 peccatrice
1026 1229 1163 1282 dixit
1190 1246 1201 1279 :
1247 1246 1265 1280 ι
1294 1220 1436 1294 Quid
1469 1229 1715 1283 molestia
1787 1228 1958 1282 infer-

379 1317 449 1368 tis
517 1318 875 1373 mulieri?in
940 1322 1081 1374 diem
1144 1322 1437 1390 sepulturae
1519 1336 1653 1374 mea;
1716 1320 1956 1376 servavit

381 1407 536 1461 illud.
565 1427 582 1460 ι
633 1409 770 1465 Sunt
799 1413 961 1466 etiam
1003 1415 1069 1467 ad
1126 1414 1566 1481 signiﬁcandum,
1602 1412 1747 1483 quod
1782 1410 1957 1466 altare

384 1497 552 1563 istud,
586 1499 652 1554 ad
695 1500 1049 1556 imitationem
1083 1503 1499 1568 Melchisedech,
1533 1504 1720 1558 viuum
1773 1502 1958 1557 odori-

380 1586 557 1643 ferum
592 1592 939 1647 etviviticum
996 1609 1092 1663 per
1131 1600 1360 1665 gratiam
1396 1595 1505 1650 Deo
1553 1595 1839 1665 proferet:
1898 1594 1954 1649 in

381 1682 638 1736 omnibus
663 1683 808 1737 enim
863 1685 1063 1741 divinis
1104 1687 1453 1743 adducuntur
1502 1689 1817 1758 prophetiae.
1875 1688 1956 1743 ln-

382 1772 618 1828 fundens
642 1784 820 1829 autem
846 1777 959 1831 haec
985 1778 1035 1831 in
1059 1779 1275 1833 modum
1304 1781 1486 1835 crucis
1513 1796 1678 1849 super
1707 1797 1951 1835 mensam

378 1864 618 1931 pontifex
676 1868 942 1922 exclamat
990 1886 1007 1926 :
1065 1889 1085 1922 ι
1137 1871 1411 1941 Asperges
1459 1886 1548 1926 me
1605 1872 1844 1943 hyssopo
1901 1882 1956 1928 et

380 1956 705 2019 mundahor,
735 1976 753 2009 ι
780 1972 829 2011 et
867 1963 1149 2028 sequentia
1189 1963 1406 2029 psalmi,
1450 1973 1532 2017 ter
1576 1965 1865 2033 adjiciens,
1898 1964 1976 2018 in'

381 2043 783 2101 ﬁrmamentum
811 2050 972 2104 simul
1009 2067 1071 2105 ac
1104 2053 1363 2106 honorem
1408 2053 1715 2110 Trinitatis.

942 2232 1169 2288 CAPUT
1224 2234 1360 2292 CXI.

419 2337 601 2402 Quare
640 2342 894 2398 imbuitur
920 2356 1204 2414 unguento,
1250 2349 1607 2418 acciuiturque
1659 2351 1901 2419 alleluja.

456 2498 660 2555 Deinde
737 2502 901 2560 infert
959 2507 1149 2562 altaris
1181 2510 1678 2575 consecrationem,
1736 2529 1954 2569 sacrum

390 2605 750 2662 unguentum,
803 2608 857 2652 et
889 2598 1102 2655 alleluia
1137 2602 1368 2665 intonat,
1394 2604 1541 2674 quod
1574 2613 1655 2659 est
1682 2609 1957 2677 propheti-

381 2697 504 2738 cum
525 2701 763 2753 carmen,
788 2694 1132 2758 praesentiam
1167 2695 1255 2748 Dei
1280 2696 1483 2765 Deique
1511 2698 1723 2752 laudem
1753 2700 1960 2770 signiﬁ'

380 2791 514 2833 cans
542 2770 563 2831 ἐ
617 2798 635 2830 ι
674 2781 848 2845 Venit,
903 2785 1103 2854 inquit,
1166 2786 1477 2853 Dominus;
1518 2807 1535 2840 ι
1600 2791 1833 2861 primum
1902 2803 1958 2847 et

382 2870 707 2940 secundum,
745 2884 801 2927 ut
830 2876 1092 2942 diximus,
1131 2881 1422 2935 adventum
1459 2882 1578 2954 ejus
1620 2900 1914 2954 suggerens
1939 2929 1954 2953 ,

382 2971 437 3015 et
464 2966 785 3021 continuam
811 2970 876 3023 ad
908 2988 1009 3026 nos
1042 2972 1280 3037 Spiritus
1312 2979 1675 3041 praesentiam.
1723 2979 1960 3048 Ideoque

2056 509 2188 554 των,
2259 489 2487 559 ὕστερον
2552 486 2849 554 τιθεμένων
2911 486 2969 537 ὲν
3025 486 3148 548 ταῖς
3205 484 3465 552 τέσσαρσι
3528 482 3626 550 τῆς

2062 585 2215 654 ίερᾶς
2259 579 2541 650 τραπέζης
2570 578 2811 657 γωνίαις.
2838 577 2980 630 κατὰ
3020 576 3191 631 τύπον
3218 575 3325 629 τῶν
3349 576 3509 629 θείων
3536 574 3627 628 εὐ-

2057 674 2413 743 αγγελιστῶν.

2657 761 2909 816 ΚΕΦΑΛ.
2943 762 3047 816 Ριν.

2162 859 2326 911 Atat!
2354 856 2728 911 ἐκπλύγεται
2760 854 2902 918 οἵνῳ
2934 853 3031 907 καὶ
3058 852 3522 921 ροδοσταγματι.

2126 949 2280 1002 Μετὰ
2310 948 2370 999 τὸ
2421 944 2660 1015 ἐκμάξαι
2694 941 2836 1007 οἶνος
2876 943 3108 1012 εὔοσμος
3156 944 3251 997 καὶ
3286 945 3629 1014 ροδόσταγμα

2057 1038 2511 1111 προσκομίζεται.
2544 1035 2734 1091 Ταῦτα
2774 1035 2831 1089 δὲ
2860 1036 3120 1104 προοίμια
3152 1036 3249 1089 τοῦ
3279 1036 3427 1089 θείου
3456 1037 3627 1106 μύρου

2056 1136 2193 1186 είσὶν
2224 1135 2303 1196 είς
2343 1132 2510 1202 τιμὴν
2540 1133 2638 1200 τῆς
2664 1132 2844 1201 ταφῆς
2870 1131 2965 1184 τοῦ
2994 1131 3191 1201 Ἰησοῦ,
3222 1131 3368 1186 ,ἐπεὶ
3404 1133 3500 1185 καὶ
3540 1130 3645 1184 05--

2056 1243 2148 1291 τος
2194 1225 2321 1296 περὶ
2372 1225 2475 1294 τῆς
2509 1224 2715 1293 πόρνης
2760 1223 2887 1291 ἔφη,
2930 1244 2949 1276 ι
2986 1224 3052 1277 Τί
3118 1224 3316 1287 κόπους
3360 1224 3629 1293 παρέχετε

2056 1319 2121 1387 τῇ
2169 1303 2389 1384 γυναικί
2428 1334 2442 1381 ;
2476 1317 2557 1379 είς
2601 1317 2702 1385 τὴν
2741 1318 2961 1386 ήμέραν
2989 1317 3084 1369 τοῦ
3121 1317 3491 1386 ἐνταφιασμοῦ
3525 1334 3627 1384 μου

2056 1407 2361 1476 τετήρηκεν
2392 1405 2524 1458 αὐτό
2546 1422 2559 1436 ·
2598 1425 2617 1458 ι
2654 1406 2773 1473 ἅμα
2830 1406 2888 1458 δὲ
2936 1406 3029 1458 καὶ
3060 1408 3141 1469 είς
3190 1406 3434 1471 ἔνδειξιν,
3465 1406 3540 1470 ὡς
3571 1407 3632 1458 τὸ

2059 1498 2452 1568 θυσιαστήριον
2488 1497 2650 1551 τοῦτο
2678 1493 2819 1551 οἶνον
2849 1498 3022 1567 εὐώδη
3063 1499 3152 1552 διὰ
3197 1499 3296 1568 τήν
3331 1499 3495 1569 χάριν
3538 1499 3631 1551 καλ⁸

2059 1588 2309 1652 ζωτικὸν.
2344 1589 2489 1642 κατὰ
2525 1590 2761 1659 μίμησιν
2795 1589 2889 1641 τοῦ
2928 1589 3282 1659 Μελχισεδὲκ,
3330 1591 3633 1659 προσκομί-

2063 1696 2146 1731 σει
2174 1680 2253 1747 τῷ
2284 1678 2401 1749 Θεῷ
2420 1696 2434 1711 ο
2472 1682 2530 1733 ὲν
2558 1682 2692 1733 πᾶσι
2719 1678 2830 1749 γὰρ
2858 1682 2969 1742 τοῖς
2997 1680 3157 1741 θείοις
3189 1680 3282 1732 καὶ
3304 1683 3630 1750 προφητεῖαι

2061 1772 2418 1847 προάγονται.
2505 1772 2746 1841 Ἐκχὲων
2806 1772 2863 1824 δὲ
2910 1771 3083 1825 ταῦτα
3144 1773 3506 1841 σταυροειδῶς
3563 1774 3629 1841 τῇ

2054 1862 2305 1934 τραπέζῃ
2334 1866 2361 1917 ὀ
2392 1865 2678 1935 ίεράρχης,
2715 1864 2901 1935 ἐκϐοᾷ,
2938 1885 2956 1916 ι
2979 1866 3248 1928 Ῥαντιεῖς
3274 1882 3341 1934 με
3369 1864 3631 1933 ὑσσώπῳ,

2056 1957 2148 2008 καὶ
2195 1955 2701 2023 καθαρισθήσομαι,
2740 1976 2759 2007 ι
2811 1956 2906 2009 καὶ
2953 1956 3018 2011 τὰ
3061 1957 3189 2027 ἑξῆς
3238 1956 3333 2010 τοῦ
3372 1957 3628 2027 Ψαλμοῦ,

2055 2049 2176 2116 τρὶς
2222 2048 2514 2118 ἐπιλέγων,
2566 2051 2648 2112 είς
2696 2049 2990 2119 βεϐαίωσιν
3036 2050 3154 2120 ἅμα
3198 2051 3293 2104 καὶ
3338 2049 3504 2120 τιμὴν
3534 2050 3633 2119 τῆς

2056 2141 2305 2213 Τριάδος.

2644 2236 2869 2289 ΚΕΦᾹΛ
2881 2274 2894 2287 .
2927 2236 3075 2290 PlA'.

2058 2349 2223 2403 Διατί
2275 2351 2502 2420 χρίεται
2562 2351 2882 2475 μύρῳ,λκιιὶ
2937 2352 3003 2406 τὸ
3051 2354 3417 2422 Ἀλληλούιά
3474 2357 3639 2425 ψάλ-

2804 2438 2950 2475 star.

2804 2438 2950 2477 εταν.

2130 2508 2262 2565 Εἶτα
2319 2517 2410 2565 καὶ
2450 2514 2548 2582 τὴν
2577 2512 2856 2567 τελείωσιν
2907 2514 3063 2585 φέρει
3093 2516 3186 2568 τοῦ
3225 2516 3629 2588 θυσιαστηρίου,

2058 2608 2118 2658 τὸ
2172 2608 2343 2677 μύρον
2394 2608 2454 2659 τδ
2506 2606 2685 2673 ἅγιον,
2732 2607 2825 2659 καὶ
2872 2608 2932 2660 τὸ
2969 2607 3283 2671 ’Δλληλούῖα
3326 2610 3579 2677 ἐκφωνεῖ,
3607 2611 3635 2664 ὃ

2061 2703 2396 2771 προφητικὸν
2422 2703 2571 2754 ἐστιν
2595 2697 2767 2771 ᾆσμα,
2797 2702 3093 2770 ἐπιδημίαν
3117 2702 3253 2754 Θεοῦ
3306 2705 3400 2757 καὶ
3428 2706 3636 2757 αίνεσιν

2058 2793 2195 2847 Θεοῦ
2226 2792 2442 2861 δηλοῦν,
2469 2793 2584 2854 καὶ,
2626 2811 2645 2844 ι
2680 2793 2961 2862 Ἔρχεται,
2986 2793 3155 2859 λέγει,
3184 2793 3212 2845 ὁ
3241 2795 3462 2864 Κύριος,
3498 2815 3516 2847 ι
3537 2795 3635 2865 τὴν

2060 2884 2283 2955 πρώτην
2296 2883 2461 2938 αὐτοῦ
2484 2884 2575 2937 καὶ
2602 2883 2863 2953 δευτέραν
2880 2884 3187 2952 παριστῶν,
3209 2885 3283 2947 ὡς
3304 2887 3501 2955 είρήκα
3512 2906 3634 2952 μεν,
3706 2900 3717 2907 '

2062 2978 2387 3046 παρουσίαν,
2419 2977 2579 3046 119
2608 2977 2703 3031 καὶ
2731 2977 2827 3046 τὴν
2853 2977 3075 3046 διηνεκῆ
3100 2977 3236 3047 πρὸς
3267 2980 3411 3048 ἡμᾶς
3450 2981 3636 3049 ἐπιδη-

348 3053 626 3113 ,Ecclesia
646 3062 911 3115 continuo
940 3063 1250 3133 smpiusque
1302 3067 1472 3131 canit,
1530 3084 1595 3122 ac
1650 3074 1953 3138 prmsertim

2065 3071 2195 3138 μίαν
2224 3068 2316 3122 τοῦ
2347 3068 2685 3137 Πνεῦματος.
2722 3070 2812 3120 Διὸ
2843 3069 2938 3122 καί
2967 3071 2999 3137 ή
3039 3070 3342 3139 Ἑκκλησὲα
3374 3071 3635 3139 διηνεκῶς

382 3142 439 3197 in
476 3144 679 3200 divinis
709 3153 1217 3209 consecrationibus
1243 3169 1306 3209 ac
1339 3165 1465 3210 ante
1493 3157 1741 3211 divinum
1779 3161 1955 3215 Evan-

381 3235 606 3303 gelium,
642 3250 827 3310 utpote
889 3258 986 3311 per
1019 3245 1161 3313 quod
1200 3247 1616 3304 demonstratur
1674 3252 1957 3308 Dominus.

381 3328 516 3384 Tres
542 3330 794 3399 igitur‘ex
827 3334 928 3389 hoc
961 3346 1202 3404 ungento
1230 3353 1395 3408 super
1421 3353 1636 3395 sacram
1688 3336 1956 3409 mensam,

385 3420 565 3475 medio
587 3431 642 3475 et
670 3424 947 3494 utrinque,
1002 3442 1197 3485 cruces
1251 3429 1385 3485 facit
1445 3432 1711 3502 pontifex,
1760 3444 1813 3489 et
1866 3452 1961 3505 per

383 3520 496 3566 tres
527 3511 649 3569 illas
672 3523 839 3570 totam
872 3518 1015 3572 illam
1037 3521 1266 3591 inuugit.
1294 3522 1429 3578 Cum
1453 3524 1598 3580 enim
1624 3537 1959 3598 unguentum

384 3616 582 3657 nomen
609 3616 689 3659 est
714 3605 936 3663 Christo
972 3608 1082 3666 Deo
1116 3622 1304 3668 nostro
1325 3615 1599 3682 elicitum,
1625 3633 1811 3674 mensa
1839 3633 1961 3689 quae

382 3694 655 3764 signiﬁcat
687 3698 838 3753 illum
867 3700 941 3756 ibi
975 3703 1245 3772 sepultum
1296 3717 1572 3775 unguento
1612 3710 1874 3779 ungitur:
1908 3720 1964 3766 et

384 3797 495 3845 tota
511 3791 569 3845 ﬁt
583 3808 818 3864 Inyrum,
836 3797 1091 3865 quoniam
1112 3799 1224 3855 hac
1241 3800 1481 3869 Spiritus
1498 3803 1727 3871 gratiam
1749 3805 1959 3873 recipit.

382 3879 450 3935 Et
479 3881 625 3944 ideo.
654 3885 798 3938 sicut
818 3885 1076 3952 diximus,
1106 3889 1319 3944 alleluia
1343 3894 1577 3958 canitur,
1609 3897 1860 3963 quoniam
1887 3896 1959 3951 ibi

382 3971 531 4029 Deus
560 3975 791 4041 habitat,
819 3986 873 4031 et
901 3979 992 4033 illa
1046 3981 1104 4034 ﬁt
1132 3982 1370 4051 Spiritus
1411 3985 1803 4041 charismatum
1838 3987 1957 4041 olli-

385 4064 527 4120 cina.
558 4066 617 4119 In
650 4068 750 4122 hac
783 4069 927 4123 enim
964 4072 1328 4139 perﬁciuntur
1363 4075 1645 4129 tremenda
1678 4077 1960 4147 mysteria,

383 4157 839 4229 sacerdotumque
890 4162 1266 4218 ordinationes
1299 4172 1352 4217 et
1407 4165 1815 4219 sanctissimum
1856 4181 1959 4219 uu-

385 4255 671 4319 guentum,
701 4260 755 4306 et
780 4252 1131 4320 Evangelium
1163 4256 1401 4320 ponitur,
1426 4264 1480 4309 et
1504 4257 1693 4309 subter
1720 4266 1849 4310 sunt
1876 4272 1963 4309 sa-

384 4357 493 4397 cra:
528 4326 826 4412 marty'rum
863 4345 1125 4411 reliquiae.
1187 4345 1257 4395 ita
1297 4352 1356 4395 ut
1396 4359 1522 4397 vere
1548 4346 1620 4397 sit
1651 4359 1837 4400 mensa
1865 4346 1963 4400 ista

391 4436 564 4489 altare
595 4434 823 4499 Christi,
846 4435 1080 4489 thronus
1102 4436 1309 4503 gloriae,
1338 4435 1607 4489 habitatio
1644 4434 1762 4501 Dei,
1796 4437 1961 4492 Chri—
1996 4424 2037 4480 υ

368 4508 457 4581 °sti
518 4536 954 4590 monumentum,
992 4530 1301 4597 sepulcrum
1358 4542 1422 4580 ac
1462 4526 1819 4603 requietionis
1871 4531 1952 4582 lo-

389 4635 508 4675 ous.
534 4618 830 4681 Postquam
864 4631 1046 4675 autem
1079 4619 1296 4689 myrrha
1330 4634 1485 4675 sacra
1516 4635 1700 4674 mensa
1738 4616 1962 4675 inuncta

384 4723 490 4777 est,
513 4712 695 4770 statim
722 4712 864 4766 illam
880 4713 1241 4782 superinduit,
1259 4712 1386 4766 dum
1412 4722 1705 4767 cautautur
1723 4712 1914 4782 psalmi
1947 4729 1961 4765 :

395 4825 413 4858 ι
443 4806 616 4871 Quam
640 4805 839 4861 dilecta
872 4806 1219 4859 tabernacula
1244 4813 1338 4859 tua
1365 4822 1381 4873 ;
1412 4824 1431 4858 ι
1468 4807 1726 4876 quoniam
1769 4807 1826 4859 tit
1866 4803 1962 4858 Dei

386 4901 797 4954 tabernacu'um
828 4900 1094 4968 sedesque
1125 4900 1332 4968 μοι-ἰεῦ.

2063 3163 2159 3217 καὶ
2202 3161 2463 3225 πολλάκις
2506 3160 2642 3232 ᾄδει,
2677 3162 2775 3214 καὶ
2810 3162 3010 3229 μᾶλλον
3050 3163 3108 3215 ὲν
3136 3166 3254 3227 ταῖς
3285 3164 3458 3227 θείαις
3490 3168 3637 3219 τελε-

2061 3257 2181 3318 ταῖς
2210 3254 2305 3307 καὶ
2336 3253 2442 3324 πρὸ
2468 3253 2562 3306 τοῦ
2598 3253 2744 3306 θείου
2779 3254 3141 3321 Εὐαγγελίου,
3173 3256 3247 3316 ὡς
3281 3255 3636 3326 δεικνυμένου

2060 3345 2155 3398 τοῦ
2192 3345 2399 3414 Κυρίου
2430 3344 2498 3397 δι’
2521 3343 2708 3399 αὑτοῦ.
2742 3346 2907 3415 Τρεῖς
2934 3345 3027 3399 οὖν
3056 3346 3117 3411 ἐξ
3142 3347 3309 3400 αὐτοῦ
3338 3348 3431 3400 τοῦ
3465 3349 3636 3417 μύρου

2062 3437 2156 3491 ἐπὶ
2203 3437 2304 3508 τῆς
2354 3436 2503 3507 ίερᾶς
2544 3434 2826 3507 τραπέζης
2874 3437 3041 3507 μέσον
3095 3440 3190 3492 καὶ
3232 3438 3367 3508 παρ’
3398 3440 3637 3507 ἑκάτερα

2062 3529 2297 3580 ποιεῖται
2348 3526 2615 3595 σταυροὺς
2644 3527 2670 3577 ό
2702 3525 2996 3596 ἀρχιερεύς
3021 3543 3035 3559 ο
3089 3528 3184 3580 καλ⁵
3215 3528 3303 3581 διὰ
3332 3530 3444 3580 τῶν
3472 3530 3638 3596 τριῶν

2064 3618 2282 3672 ἃπασαν
2311 3618 2525 3687 ἀλείφει
2553 3617 2783 3687 ταύτην.
2826 3618 2981 3672 Ἐπεὶ
3004 3620 3113 3688 γὰρ
3146 3620 3318 3690 μύρον
3344 3622 3640 3701 ἐκκενωθὲν

2062 3714 2233 3781 ὄνομα
2261 3711 2485 3781 Χριστῷ
2507 3711 2587 3780 τῷ
2616 3710 2735 3779 Θεῷ
2772 3713 2950 3779 ἡμῶν,
2980 3713 3076 3765 καὶ
3116 3716 3148 3784 ή
3182 3714 3419 3785 δηλοῦσα
3449 3717 3638 3769 τοῦτον

2062 3808 2155 3859 τὸν
2188 3806 2247 3857 ὲν
2274 3805 2447 3875 ταύτῃ
2476 3804 2720 3873 ταφέντα
2756 3805 3022 3872 τράπεζα,
3073 3806 3230 3875 μύρῳ
3258 3808 3474 3878 χρίεται
3499 3825 3513 3838 ·
3548 3809 3638 3859 καὶ

2064 3894 2160 3964 ὅλη
2192 3896 2402 3962 γίνεται
2458 3894 2653 3964 μύρον,
2712 3895 2794 3947 ὅτι
2850 3896 2945 3947 καλ⁸
3004 3895 3142 3966 αὕτη
3198 3898 3294 3965 τὴν
3342 3898 3500 3969 χάριν
3544 3900 3637 3951 τοῦ

2067 3988 2382 4057 Πνεύματος
2424 3987 2661 4056 δέχεται.
2704 3987 2814 4041 Καὶ
2853 3987 2941 4039 διὰ
2968 3987 3145 4052 τοῦτο,
3176 3989 3249 4050 ὡς
3281 3990 3511 4061 ἔφημεν,
3546 3990 3639 4043 καὶ

2064 4082 2125 4132 τὸ
2152 4079 2474 4147 Ἀλληλούῖα
2502 4079 2712 4149 ᾄδεται,
2764 4078 2845 4131 ὃτι
2876 4080 3101 4147 ὲνδημεί
3151 4083 3208 4133 ὲν
3242 4081 3417 4153 ταύτῃ
3470 4082 3637 4144 Θεόςο

2066 4171 2162 4224 καὶ
2203 4170 2310 4222 τῶν
2340 4169 2682 4238 δωρημάτων
2740 4169 2835 4221 τοῦ
2868 4170 3184 4238 Πνεῦματος
3227 4171 3438 4238 γίνεται
3470 4174 3638 4241 ἐργα-

2068 4266 2311 4330 στίριον.
2351 4262 2439 4313 Ἑν
2465 4260 2640 4331 ταύτῃ
2674 4261 2781 4331 γὰρ
2810 4262 3087 4315 τελοῦνται
3131 4266 3199 4316 τὰ
3231 4266 3436 4331 φρικτὰ
3464 4282 3521 4317 τε
3546 4265 3642 4317 καὶ

2071 4353 2331 4421 μυστικὰ,
2370 4352 2466 4404 καὶ
2490 4352 2545 4405 αἱ
2580 4352 2689 4405 τῶν
2723 4354 2911 4421 ἱερέων
2949 4354 3299 4424 χειροτονίαι,
3319 4357 3380 4407 τὸ
3412 4355 3640 4424 ἱερώτα-

2068 4461 2159 4496 τον
2188 4444 2381 4510 μύρον,
2415 4446 2507 4496 καὶ
2534 4444 2594 4495 τὸ
2624 4445 2955 4513 Εὑαγγέλιον
2981 4446 3210 4510 τίθεται,
3242 4448 3337 4498 καὶ
3386 4447 3641 4499 ὑποκάτω

2068 4535 2135 4588 τὰ
2167 4534 2291 4603 ἱερὰ
2331 4535 2441 4588 τῶν
2478 4537 2772 4606 μαρτύρων
2805 4535 3054 4603 λείψανα.
3085 4538 3248 4591 Ὥστε
3293 4538 3507 4607 ἀληθῶς
3549 4540 3642 4591 καὶ

2068 4628 2456 4697 θυσιαστήριον
2488 4629 2728 4695 Χριστοῦ
2761 4629 2897 4699 αῦτη
2949 4632 2981 4700 ή
3031 4631 3301 4699 τράπεζα,
3332 4633 3423 4685 καὶ
3456 4633 3644 4701 θρόνος

2066 4720 2245 4790 δόξης,
2283 4720 2379 4773 καὶ
2413 4723 2840 4790 κατοικητήριον
2873 4721 3032 4783 Θεοῦ,
3062 4724 3154 4774 καὶ
3195 4724 3384 4793 μνῆμα
3425 4727 3519 4778 καὶ
3546 4725 3643 4776 τά-

2069 4829 2168 4881 φος
2217 4811 2456 4881 Χριστοῦ
2510 4813 2606 4865 καὶ
2632 4813 2958 4875 ἀνάπαυσις.
2995 4815 3150 4867 Μετὰ
3188 4815 3244 4867 δὲ
3269 4816 3327 4868 τὸ
3357 4816 3643 4885 χρισθῆναι

2072 4904 2149 4972 τῷ
2183 4904 2340 4973 μύρῳ
2372 4904 2473 4972 τὴν
2498 4904 2802 4975 ἱερωτάτην
2835 4906 3133 4973 τράπεζαν,
3167 4908 3411 4959 ὲπενδύει
3443 4908 3646 4976 ταύτην

384 4998 570 5066 εὐθὺς,
595 4996 845 5065 Ψαλμῶν
869 4994 1166 5066 ᾀδομένων,
1206 5014 1224 5047 ι
1264 4996 1357 5058 Ὠς
1399 4996 1660 5067 ἀγαπητὰ
1690 4997 1757 5049 τὰ
1788 4999 2129 5069 σκηνώματά
2200 5015 2320 5063 σου,
2362 5018 2380 5051 ι
2412 4999 2535 5052 ἐπεὶ
2604 4999 2700 5051 καὶ
2768 5000 3033 5069 σκήνωμα
3092 5000 3283 5068 γέγονε
3339 4999 3475 5073 θεοῦ
3553 4995 3647 5051 καὶ

388 5096 811 5168 κατοικητήριον
834 5094 1014 5162 δόξης.

948 5208 1178 5265 CAPUT
1232 5208 1390 5263 CXII.

387 5307 532 5371 Quid
558 5306 781 5357 inmmnt
812 5304 1104 5357 relauienta
1151 5314 1198 5354 et
1231 5304 1533 5369 contiguum
1564 5319 1730 5356 sacra!
1768 5318 1958 5358 mensa?

455 5378 759 5433 iitstrutunt,
784 5384 1074 5442 cretamque
1101 5390 1217 5442 qua:
1245 5374 1297 5425 in
1335 5374 1427 5425 illa
1458 5375 1871 5440 conspiciuntur.

451 5468 519 5521 Et
552 5466 727 5535 primo
756 5466 969 5533 quidem
999 5465 1147 5532 juxta
1173 5475 1406 5533 quatuor
1436 5480 1605 5518 sacra:
1632 5479 1833 5517 mensae
1868 5480 1965 5518 an-

383 5560 540 5628 gulos
563 5567 793 5629 quatuor
822 5567 1099 5625 ponuntur
1120 5559 1348 5622 textilia,
1370 5558 1588 5611 nomina
1607 5555 1965 5626 evangelista-

393 5669 535 5714 rum,
601 5650 1026 5718 unumquodque
1113 5667 1313 5715 unum,
1374 5650 1646 5709 haln-ntia,
1709 5648 1967 5716 qmnian:

387 5755 552 5800 tutam
595 5743 893 5798 Ecclesium
919 5742 1170 5808 exprimit
1207 5758 1411 5801 Itlt’ilh’tl,
1451 5759 1512 5793 ex
1541 5741 1801 5793 extremis
1833 5739 1964 5791 adu-

2634 5210 2887 5264 ΚΕΦΛΛ.
2935 5211 3075 5262 ΡΙΒ’.

2077 5306 2137 5359 TI
2167 5303 2237 5357 τὰ
2266 5302 2588 5372 ὑφάσματα
2618 5304 2711 5356 καὶ
2742 5304 2807 5356 τὸ
2835 5302 3203 5372 κατασάρκα,
3239 5300 3335 5354 καὶ
3370 5301 3438 5355 τὰ
3466 5301 3647 5355 λοιπὰ

2534 5374 2604 5426 ἐν
2643 5372 2715 5441 τῇ
2749 5375 2875 5438 θείῃ
2913 5371 3184 5439 τραπέζῃ.

2147 5469 2255 5521 Καὶ
2279 5468 2497 5535 πρῶτον
2552 5468 2649 5536 μὲν
2693 5467 2760 5519 τὰ
2792 5464 3036 5531 τέσσαρα
3081 5464 3382 5532 ὑφάσματα
3414 5465 3645 5518 τίθενται

2077 5563 2218 5611 κατὰ
2252 5559 2352 5620 τὰς
2379 5558 2650 5627 τέσσαρας
2679 5558 2879 5624 γωνίας
2924 5557 3020 5622 τῆς
3054 5557 3216 5623 ἁγίας
3246 5557 3549 5627 τραπέζης,
3582 5562 3651 5611 τὰ

2080 5650 2321 5719 ὀνόματα
2358 5650 2466 5701 τῶν
2516 5648 2926 5715 εὐαγγελιστῶν
2964 5649 3191 5698 ἕκαστον
3232 5648 3288 5699 ἒν
3321 5646 3537 5716 ἔχοντα,
3568 5650 3650 5699 ὅτι

2077 5743 2171 5805 τὴν
2211 5742 2533 5805 Ἐκκληπίαν
2568 5742 2784 5794 ἃπασαν
2819 5743 2849 5806 ἡ
2880 5739 3132 5808 τράπεζα
3169 5741 3408 5799 mmor,
3444 5740 3506 5791 ὲκ
3540 5740 3650 5791 τῶν
