4044 6198
315 282 420 343 31'}

1176 279 1553 340 summus
1578 241 2328 339 THESSALONICENSIS
2364 277 2716 339 ARCHIEP.

3470 269 3575 331 320

318 396 460 459 latas,
500 396 565 451 ad
613 397 784 455 altare
820 397 910 452 Dei
963 396 1183 451 caeleste
1235 408 1453 456 sursum
1510 392 1777 449 ferantur.
1831 391 1930 448 Et.

2011 393 2456 466 προσφερομένας
2491 395 2552 445 ἑν
2587 390 2738 459 αὖτῷ
2762 390 2976 461 δεήσεις
3008 388 3376 459 ἀναφέρεσθαι
3408 388 3488 446 είς
3520 385 3580 438 τὸ

315 495 603 555 postquam
628 489 733 544 alta
753 486 885 543 voce
922 488 1089 541 Dettm
1115 488 1318 555 hymno
1351 487 1671 551 celebravit,
1706 499 1895 555 pacem

317 579 577 633 omnibus
602 594 629 631 a
660 577 770 633 Deo
802 579 989 646 gratiae
1041 577 1193 632 dicit.
1227 577 1295 632 Et
1333 577 1552 631 cunctis
1599 584 1766 643 caput
1820 575 1900 628 in-

318 669 673 735 clinantibus,
718 670 880 724 aliam
914 671 1245 736 orationem,
1299 685 1421 738 quae
1453 678 1538 723 est
1591 668 1780 722 ultima
1832 666 1900 722 de

320 762 755 827 consecratione,
784 763 861 817 ait
895 780 908 816 :
950 782 969 815 ι
1024 762 1238 818 Gratias
1294 762 1507 832 agimus
1542 759 1661 824 tibi,
1714 757 1900 813 Domi-

320 864 410 912 ne,
456 868 476 901 ι
529 860 582 905 et
629 860 824 907 caetera
876 868 998 908 cum
1052 852 1360 907 humilitate
1410 851 1598 904 dicens
1627 890 1641 912 ,
1706 866 1725 898 ι
1764 860 1902 917 quo-

317 941 462 995 niam
493 941 634 997 hanc
654 957 814 1013 quam
848 944 1036 1011 ipsein
1068 942 1345 1013 apostolos
1376 941 1622 997 infudisti
1645 941 1896 1011 gratiam,

317 1040 371 1085 et
393 1047 559 1102 super
598 1049 696 1088 nos
728 1045 1045 1104 peccatores
1096 1033 1368 1089 infudisti.
1402 1033 1527 1088 ldeo
1554 1043 1610 1087 te
1638 1033 1901 1101 depreca-

318 1138 464 1187 mur,
515 1124 665 1194 reple
710 1127 882 1195 gratia
911 1136 1062 1180 tuum
1130 1126 1236 1180 hoc
1265 1126 1477 1187 altare,
1541 1132 1600 1177 ut
1664 1122 1720 1177 in
1778 1123 1900 1192 ipso

316 1216 513 1271 oblatae
589 1218 787 1273 hostiae
853 1226 1287 1275 transmutentur
1366 1218 1420 1272 in
1490 1216 1896 1271 sanctissimum

319 1322 518 1378 corpus
550 1321 603 1365 et
643 1313 959 1382 sanguinem
984 1312 1106 1367 Filii
1142 1311 1219 1365 tui
1246 1310 1543 1381 unigeniti,
1579 1309 1644 1363 ad
1669 1308 1897 1363 salutem

320 1401 793 1472 nniversimundi,
826 1421 1035 1460 necnon
1086 1404 1428 1475 indignitatis
1469 1410 1669 1457 nostra:
1707 1419 1722 1466 ;
1782 1418 1801 1453 ι
1844 1408 1903 1455 et

322 1500 607 1561 postquam
640 1510 772 1550 voce
803 1512 996 1566 magna
1026 1497 1349 1564 deprecatus
1379 1504 1482 1559 est,
1513 1496 1717 1565 gratias
1767 1495 1898 1565 agit.

324 1582 389 1635 Et
426 1583 679 1652 lampade
704 1588 937 1656 propriis
974 1589 1226 1644 manibus
1283 1604 1379 1658 per
1436 1589 1615 1643 oleum
1666 1604 1897 1645 accensa

2000 489 2096 543 τοῦ
2152 489 2289 542 Θεοῦ
2344 486 2667 555 ἐπουράνιον
2709 484 3119 552 θυσιαστήριον.
3165 481 3275 535 Καὶ
3321 480 3580 545 ἐκφώνως

1998 580 2092 635 τδν
2126 580 2258 633 Θεὸν
2302 579 2645 649 ἀνυμνήσας,
2676 577 2903 646 εἰρήνην
2960 575 3135 629 ἅπασι
3164 573 3314 640 λέγει
3343 570 3450 624 ἀπὸ
3480 570 3580 637 τῆς

1999 673 2094 728 τοῦ
2122 672 2259 727 Θεοῦ
2290 673 2534 743 χάριτος.
2570 672 2678 724 Καὶ
2712 670 3011 723 κλινάντων
3037 666 3253 719 πάντων
3283 665 3380 727 τὰς
3408 682 3580 733 κεφα-

1998 769 2119 834 λάς,
2156 767 2319 837 εὐχὴν
2368 766 2565 834 ἐτέραν
2602 763 2699 833 τὴν
2732 764 2827 816 καὶ
2874 758 3192 813 τελευταίαν
3240 757 3333 809 ἐπί⁵
3378 757 3444 825 τῇ
3478 773 3578 807 καο

2002 857 2253 927 θιερὼσει
2287 858 2452 924 φησίν
2475 874 2491 889 ο
2526 852 3025 924 «Εὐχαριστοῦμέν
3072 868 3177 911 σοι,
3207 850 3403 917 Κύριε,
3431 867 3451 899 ι
3487 850 3580 901 καὶ

1999 951 2067 1005 τά
2096 949 2260 1003 λοιπά
2292 949 2468 1017 λέγων
2500 949 2558 1000 ἐν
2582 946 2936 1010 ταπεινώσει,
2973 964 2992 996 ι
3026 945 3107 997 ὃτι
3136 943 3206 1013 ἢν
3237 942 3458 1010 ἐξέχεας
3477 940 3579 1011 χά-

2005 1060 2089 1113 ριν
2115 1043 2208 1095 ἐπὶ
2234 1043 2346 1104 τοῖς
2378 1041 2722 1105 ἀποστόλοις,
2756 1040 2851 1093 καὶ
2892 1038 2978 1107 ἐφ’
3019 1038 3151 1107 ἡμῖν
3179 1038 3293 1097 τοῖς
3324 1036 3581 1104 ἀμαρτω-

1998 1135 2113 1198 λοτς
2156 1134 2401 1204 ἐξέχεας.
2457 1135 2547 1188 Διδ
2579 1134 2813 1203 δεόμεθά
2860 1150 2976 1196 σου,
3013 1132 3306 1200 πλήρωσον
3358 1127 3581 1197 χάριτος
3651 1160 3654 1162 ~

1950 1268 1953 1271 ς
2000 1226 2062 1279 τὸ
2092 1226 2480 1294 θυσιαστήριόν
2512 1244 2606 1279 σου
2636 1227 2815 1288 τοῦτο,
2856 1226 2996 1280 ὥστε
3025 1224 3123 1286 τὰς
3149 1226 3204 1274 ἐν
3230 1220 3379 1290 αὐτῷ
3407 1235 3580 1288 προσ-

2004 1318 2316 1387 φερομένας
2366 1319 2564 1382 θυσίας
2618 1317 3033 1389 μεταποιεῖσθαι
3069 1317 3149 1379 είς
3201 1316 3262 1367 τὸ
3315 1314 3583 1377 πανάγιον

2004 1410 2165 1480 σῶμα
2207 1412 2301 1464 καὶ
2338 1407 2479 1481 αἷμα
2508 1412 2603 1465 τοῦ
2639 1411 2961 1482 μονογενοῦς
2997 1427 3092 1463 σου
3126 1406 3279 1473 nos,
3318 1406 3451 1473 1:pr
3478 1421 3581 1457 σω·

2000 1503 2200 1575 τηρίαν
2231 1503 2326 1558 τοῦ
2363 1504 2573 1575 κόσμου
2610 1504 2834 1569 παντὸς,
2861 1504 2957 1557 καὶ
2986 1502 3081 1572 τῆς
3110 1501 3269 1571 ἡμῶν
3301 1497 3582 1565 ἀναξιότη-

2002 1614 2113 1661 τος,
2148 1615 2166 1649 ι
2197 1596 2291 1650 καὶ
2320 1597 2646 1665 ἐκφωνήσας
2667 1596 3002 1665 εὐχαριστεῖ.
3030 1592 3269 1673 Λυχνίαν
3289 1608 3345 1643 τε
3370 1589 3582 1657 ἀνάψας

322 1672 560 1743 desuper
597 1692 627 1730 e
660 1693 815 1733 sacra
856 1695 1042 1736 mensa
1099 1682 1251 1751 ponit
1296 1684 1348 1737 in
1403 1684 1563 1738 istius
1606 1683 1892 1749 honorem,

2011 1689 2125 1754 ταῖς
2157 1689 2315 1759 χερσὶ
2365 1688 2435 1741 δι’
2471 1688 2679 1753 ἐλαίου,
2712 1688 2816 1757 τῆς
2863 1688 3014 1757 ίερᾶς
3065 1685 3271 1738 ἄνωθεν
3299 1681 3583 1752 τραπέζης

324 1765 581 1829 quoniam
618 1768 787 1824 altare
818 1771 1018 1827 Christi
1054 1772 1193 1829 fa'cta
1226 1787 1330 1842 est,
1369 1785 1444 1841 et,
1474 1778 1617 1831 sicut
1639 1776 1894 1840 diximus,

321 1851 527 1909 Christi
561 1855 757 1925 figurat
789 1860 1108 1929 Ecclesiam,
1133 1866 1336 1919 lumine
1375 1866 1562 1936 gratia:
1582 1865 1895 1936 fulgentem,

328 1954 381 1998 et
417 1946 519 2002 hoc
549 1949 732 2006 lumen
770 1954 1064 2009 adductum
1095 1958 1298 2011 mundo
1332 1956 1644 2027 praeferens.

896 2153 1126 2210 CAPUT
1174 2155 1336 2211 CXV.

329 2240 484 2306 Quod
514 2254 631 2311 post
661 2246 1122 2312 inaugurationem
1146 2252 1420 2318 episcopus
1450 2254 1597 2307 exuit
1627 2253 1902 2308 sindonem

642 2328 689 2368 et
728 2318 979 2385 reliquias
1006 2331 1312 2374 sanctorum
1347 2326 1570 2392 reponit.

399 2403 457 2459 Si
488 2420 556 2459 ne
592 2406 755 2477 igitur
789 2412 1009 2478 quidem
1042 2421 1224 2481 potest
1256 2418 1726 2474 consecrationem
1776 2433 1895 2489 pera

2005 1783 2084 1843 εἰς
2114 1776 2281 1851 τιμὴν
2310 1781 2485 1850 αὐτῆς
2509 1780 2744 1851 τίθησιν,
2775 1778 2903 1833 ἐπεὶ
2928 1778 3317 1846 θυσιαστήριον
3343 1772 3581 1843 Χριστοῦ

2003 1874 2217 1942 γέγονε,
2251 1874 2346 1927 καὶ
2373 1874 2458 1927 ὅτι
2504 1874 2603 1943 τὴν
2646 1873 2983 1944 Ἐκκλησίαν
3033 1870 3287 1934 είκονίζει
3320 1868 3582 1938 Χριστοῦ,

2005 1967 2081 2029 ὡς
2130 1966 2457 2036 εἰρήκαμεν,
2491 1965 2571 2036 τῷ
2624 1966 2768 2036 φωτὶ
2803 1967 2903 2035 τῆς
2960 1966 3186 2034 χάριτος
3234 1962 3582 2033 λάμπουσαν,

2006 2061 2098 2115 καὶ
2130 2058 2290 2113 τοῦτο
2318 2058 2379 2112 τὸ
2411 2059 2527 2129 φῶς
2555 2060 2899 2129 χορηγοῦσαν
2941 2058 3020 2127 τῷ
3052 2056 3263 2129 κόσμῳ.

2574 2176 2829 2231 ΚΕΦΑΛ.
2880 2174 3022 2228 Ρ1Ε’.

2008 2270 2139 2322 Ὀτι
2166 2268 2317 2343 μετὰ
2344 2269 2459 2343 τὴν·
2485 2268 2841 2343 καθιέρωσιν
2862 2262 3151 2343 egestum
3191 2262 3587 2343 throw-Mra

2079 2342 2112 2393 ό
2146 2340 2484 2407 ἀρχιερεὺς,
2522 2339 2621 2393 καί
2671 2339 2742 2393 τὰ
2775 2336 3042 2406 λείψαῑοα
3094 2336 3509 2401 κατατίθησιν.

2078 2433 2252 2503 Εἴπερ
2280 2429 2375 2488 οῦν
2408 2432 2685 2495 ἀδυνάτως
2717 2432 2827 2503 ἔχει
2861 2430 3151 2483 τελειῶσαι
3176 2429 3245 2482 τὰ
3270 2426 3372 2496 τῆς
3402 2424 3587 2480 καθιε-

328 2496 513 2563 licere,
543 2515 699 2554 sacra
723 2514 919 2559 exutus
962 2507 1125 2573 stola,
1191 2509 1324 2575 abit,
1360 2521 1414 2566 et
1472 2527 1612 2582 opus
1655 2514 1898 2569 crastina

2011 2496 2254 2596 ρώσεως,
2300 2526 2713 2595 ἀποδυσάμενος
2745 2496 2834 2577 ’τά
2881 2523 2986 2590 τῆς
3032 2523 3184 2593 ἱερᾶς
3236 2521 3451 2586 στολῆς,
3488 2535 3588 2570 πο-

330 2588 417 2642 die
445 2590 657 2660 perlicit
689 2609 705 2659 ;
740 2595 874 2651 alias
922 2608 1125 2663 autem,
1157 2604 1332 2656 solam
1375 2604 1601 2671 ejiciens
1647 2605 1902 2670 sindona,

330 2684 586 2751 quoniam
628 2701 1040 2745 monumentum
1078 2692 1282 2749 Christi
1327 2696 1576 2765 perfecit,
1628 2713 1752 2753 cum
1786 2699 1903 2755 sola

330 2775 633 2841 pontificali
666 2780 826 2845 stola,
855 2784 1062 2854 reliqua
1094 2794 1374 2855 operatur,
1421 2789 1678 2855 reliquias
1733 2789 1906 2861 depo-

330 2864 741 2933 nit,januarum
768 2884 1081 2944 aperturam
1106 2876 1254 2946 facit,
1299 2887 1355 2935 et
1393 2895 1609 2936 sacrum
1648 2882 1909 2953 adimplet

332 2959 685 3028 sacriﬁcium,
716 2968 973 3034 quoniam
1004 2970 1179 3037 ipsum
1210 2981 1294 3026 est
1334 2973 1641 3027 divinorum
1660 2974 1904 3028 omnium

331 3058 747 3112 consummatio.

895 3259 1121 3316 CAPUT
1148 3260 1330 3316 CXVI.

372 3353 549 3419 Quare
582 3353 815 3423 reliquit:
850 3365 1149 3426 martyrum
1186 3358 1280 3411 sub
1316 3358 1480 3451 altari
1514 3358 1874 3427 deponantur.

408 3534 467 3588 ln
498 3543 744 3589 sanctum
788 3533 970 3607 igitur
996 3544 1153 3591 vetus
1205 3540 1466 3609 templum
1517 3556 1773 3599 reversus
1821 3546 1914 3602 ubi

340 3627 603 3696 reliquias
654 3627 1008 3696 deposuerat,
1072 3631 1397 3701 duabusque
1441 3634 1766 3703 deprecatus
1791 3653 1916 3694 ora-

342 3719 604 3787 tionibus,
649 3718 759 3775 Deo
794 3723 1000 3791 gratias
1042 3724 1499 3791 exprimentibus,
1549 3738 1770 3798 propter
1816 3731 1915 3787 do-

342 3828 471 3866 num
509 3804 861 3883 reliquiarum
915 3824 1236 3885 martyrum,
1265 3833 1361 3874 eas
1392 3834 1557 3889 super
1603 3832 1765 3892 caput
1820 3840 1916 3895 ge-

342 3912 472 3961 stat.
502 3904 717 3960 Etcum
762 3906 994 3972 venerit,
1032 3907 1255 3979 deponit
1307 3926 1401 3965 eas
1451 3927 1518 3966 ex
1579 3928 1771 3971 more:
1810 3932 1918 3973 non

344 3998 491 4052 enim
521 3997 606 4052 fas
645 4007 731 4053 est
761 4001 969 4069 absque
993 4011 1294 4072 martyrum
1352 4004 1603 4074 reliquiis
1660 4007 1742 4063 vel
1777 4011 1919 4066 ossi-

344 4089 446 4141 hns
491 4088 665 4144 sacris
703 4091 918 4158 operari
950 4093 1441 4161 consecrationem,
1480 4097 1743 4165 quoniam
1777 4116 1920 4163 mar-

343 4189 489 4248 tyres
517 4179 770 4234 Ecclesiae
830 4179 1182 4237 fundamenta
1228 4195 1358 4239 sunt
1402 4200 1567 4257 super
1610 4188 1909 4249 Salvatoris

347 4272 701 4327 fundamento
732 4271 1021 4326 tediiicata.
1052 4273 1280 4343 Oportet
1309 4276 1472 4331 etiam
1514 4279 1634 4336 illas
1659 4284 1761 4337 sub
1786 4284 1921 4339 alta-

347 4366 390 4419 ri
432 4378 577 4430 esse,
610 4363 869 4433 quoniam
915 4362 1061 4417 istud
1098 4372 1182 4417 est
1214 4365 1493 4434 Ecclesia;
1546 4374 1805 4438 quoniam
1863 4383 1918 4429 et

2010 2619 2250 2689 ρεύεται,
2313 2620 2408 2673 καὶ
2458 2618 2518 2671 τὸ
2567 2619 2730 2690 ἔργον
2761 2620 2827 2689 τῇ
2882 2616 3148 2685 ἐπαύριον
3180 2614 3414 2668 τελειοίο
3446 2614 3495 2666 εί
3541 2610 3588 2666 δ’

2006 2705 2122 2775 οῦν,
2150 2710 2251 2778 τὴν
2305 2707 2521 2771 σινδόνα
2578 2711 2747 2779 μόνην
2798 2706 3073 2771 ἐκϐαλὼν,
3116 2705 3239 2759 ἐπεὶ
3283 2704 3345 2759 τὸ
3399 2706 3589 2774 μνῆμα

2008 2798 2249 2872 Χριστοῦ
2280 2801 2622 2864 τετελείωκε,
2658 2803 2798 2867 μετά
2838 2801 3007 2873 μόνης
3056 2800 3157 2871 τῆς
3191 2796 3589 2869 ἀρχιερατικῆς

2013 2892 2209 2961 στολῆς
2235 2893 2331 2947 καὶ
2356 2892 2427 2947 τά
2463 2892 2629 2946 λοιπά
2658 2893 2942 2962 διενεργεϊ,
2994 2894 3089 2946 καὶ
3132 2892 3203 2946 τὰ
3232 2890 3463 2959 λείψανα
3490 2906 3589 2943 κα-

2012 2985 2290 3056 τατίθησι,
2336 2987 2437 3057 τὴν
2467 2986 2671 3052 άνοιξίν
2716 3004 2775 3040 τε
2812 2990 3049 3040 ποιεῖται
3090 2985 3196 3039 τῶν
3241 2983 3448 3045 πυλῶν,
3494 2980 3588 3034 καὶ⁸

1943 3087 1985 3142 c
2020 3077 2089 3130 τά
2120 3077 2218 3145 τῆς
2252 3077 2567 3146 ἱερουργίας
2600 3078 2831 3143 ἐκτελεϊ,
2866 3078 3095 3149 ἐπείπερ
3126 3076 3264 3147 αὕτη
3293 3076 3398 3130 τῶν
3429 3073 3589 3126 θείων

2015 3170 2233 3223 πάντων
2263 3170 2412 3223 ἐστὶν
2438 3172 2471 3239 ἡ
2506 3169 2807 3233 τελείωσις.

2543 3283 2815 3338 εΚΕΦΑΛ.
2868 3283 3029 3351 Ριςν.

2014 3372 2177 3426 Διατί
2206 3374 2475 3445 ,λείψανα
2502 3374 2624 3429 τῶν
2660 3376 2981 3444 μαρτύρων
3006 3373 3126 3430 ὑπὸ
3168 3373 3234 3427 τὸ
3266 3374 3589 3437 θυσιαστή-

2500 3463 2654 3519 ψριον
2683 3446 3079 3499 κατατίθεται.

2086 3536 2180 3600 Εἰς
2207 3536 2298 3589 τὸν
2329 3537 2486 3606 ἅγιον
2516 3537 2697 3589 τοίνυν
2733 3535 2969 3589 παλαιὸν
2999 3534 3126 3587 ναδν
3152 3534 3423 3600 ἀπελθὼν,
3465 3534 3592 3588 ἔνθα

2018 3627 2370 3699 προαπετέθη
2420 3628 2488 3683 τά
2546 3627 2798 3698 λείψανα,
2827 3627 2926 3682 καὶ
2975 3626 3144 3697 εὐχὰς
3184 3627 3278 3681 δύο
3328 3627 3589 3698 εἰρηκὼς,

2017 3721 2369 3791 εὐχαριστίαν
2416 3723 2649 3793 ἐχούσας
2688 3722 2847 3786 Θεοῦ.
2892 3724 3056 3777 ἕνεκα
3110 3722 3210 3793 τῆς
3239 3723 3447 3793 δωρεᾶς
3494 3725 3594 3794 τῆς

2018 3813 2127 3866 ἀπὸ
2160 3813 2270 3868 τῶν
2301 3815 2661 3885 μαρτυρικῶν
2692 3815 2981 3884 λειψάνων,
3012 3815 3105 3868 ἐπὶ
3151 3815 3395 3885 κεφαλῆς
3440 3816 3594 3883 φέρει

2018 3903 2214 3960 ταῦτα.
2262 3906 2374 3960 Καὶ
2424 3906 2593 3960 ἐλθὼν
2629 3908 2984 3978 κατατίθησιν
3036 3908 3226 3977 ὥσπερ
3278 3907 3419 3970 ἔθος.
3460 3908 3594 3962 υῦδὲ

2021 3998 2130 4067 γὰρ
2154 3998 2313 4069 θέμις
2333 3998 2456 4069 δίχα
2485 3998 2756 4069 λειψάνων
2785 3999 3141 4071 μαρτυρικῶν
3169 3999 3201 4070 ἢ
3230 3999 3394 4054 ὁσίων
3420 4000 3590 4068 ἁγίων

2023 4090 2353 4162 καθιέρωσιν
2398 4091 2669 4161 ἐνεργεῖν,
2709 4091 2792 4144 ὅτι
2838 4090 3081 4159 θεμέλιοι
3124 4091 3224 4162 τῆς
3267 4091 3594 4164 Ἐκκλησίας

2023 4180 2161 4235 εἰσὶν
2212 4182 2264 4234 οι
2315 4182 2613 4252 μάρτυρες,
2669 4182 2763 4235 ἐπὶ⁸
2819 4182 2898 4252 τῷ
2938 4182 3175 4253 θεμελίῳ
3217 4181 3313 4236 τοῦ
3345 4184 3595 4252 Σωτῆρος

2022 4273 2578 4343 ἐποικοδομηθέντες·
2618 4275 2714 4327 καὶ
2768 4274 2828 4326 ἐν
2876 4277 2943 4343 τῇ
3003 4274 3272 4345 ἐκκλησίᾳ
3324 4274 3440 4328 δέον
3471 4274 3594 4327 τοῦ·

2023 4352 2157 4425 τουξΙ
2184 4364 2291 4416 ὑπὸ
2342 4363 2404 4417 τὸ
2432 4362 2820 4437 θυσιαστήριον
2861 4361 3023 4432 εἷναι,
3076 4366 3201 4419 ἐπεὶ
3251 4366 3347 4420 καὶ
3376 4366 3595 4435 τοῦτοή

348 4456 581 4511 thronus
618 4453 709 4508 Dei
740 4461 824 4509 est
855 4461 909 4508 et
931 4453 1130 4509 Christi
1162 4455 1252 4509 Dei
1285 4472 1697 4515 monumentum
1729 4482 1742 4521 :
1774 4468 1917 4521 unde

2035 4455 2355 4525 Ἐκκλησία,
2384 4457 2509 4510 ἐπεὶ
2553 4459 2647 4511 καὶ
2694 4457 2882 4527 θρόνος
2912 4457 3047 4512 Θεοῦ
3085 4460 3200 4511 ἐστι
3255 4460 3351 4511 καὶ
3406 4461 3599 4527 μνῆμα

347 4560 566 4616 quoque
588 4544 806 4615 myrrha
842 4544 1081 4614 ungitur,
1146 4554 1200 4599 et
1234 4545 1591 4617 Evangelium
1632 4552 1813 4620 habet,
1864 4565 1920 4611 et

347 4639 450 4694 sub
474 4638 589 4707 ipso
614 4636 839 4707 pulchre
865 4646 994 4692 sunt
1041 4646 1355 4693 sanctorum
1392 4641 1659 4711 reliquiae,
1694 4655 1749 4700 et
1802 4648 1922 4704 sine

348 4731 595 4802 reliquiis
627 4745 731 4784 non
766 4740 848 4785 est
875 4730 1135 4800 possibile
1164 4732 1634 4789 consecrationem
1678 4740 1918 4807 operari,

348 4826 491 4881 sicut
520 4824 692 4881 sancti
725 4824 1156 4880 declaraverunt.
1182 4824 1362 4880 Sacra:
1388 4842 1520 4883 vero
1545 4829 1788 4899 reliquiae
1814 4832 1925 4901 pri-

350 4933 416 4972 us
447 4917 793 4987 deponuntur
815 4918 867 4970 in
897 4919 1154 4987 templum
1177 4934 1241 4973 eo
1271 4919 1413 4985 quod
1438 4921 1773 4976 sanctificata
1797 4932 1927 4978 sunt

348 5002 552 5059 Christi
585 5006 822 5057 membra
852 5012 905 5058 et
933 5005 1147 5068 altaria,
1201 5014 1458 5076 tanquam
1493 5020 1714 5079 prepter
1746 5011 1923 5080 ipsum

352 5092 652 5147 immolata.
685 5092 744 5147 In
785 5095 1219 5151 sacratissimum
1276 5099 1641 5169 imponuntur
1689 5103 1924 5170 discum,

352 5186 481 5253 quia
523 5201 709 5254 parem
746 5201 867 5240 cum
901 5186 1129 5249 Domino
1160 5191 1495 5260 participant
1529 5194 1818 5258 honorem,
1859 5196 1931 5249 ob

352 5279 528 5347 ipsum
560 5281 861 5333 certamina
892 5296 1082 5350 passm.
1111 5282 1288 5351 Super
1318 5293 1691 5338 consecratam
1713 5300 1931 5354 ponun-

356 5378 442 5423 tur
460 5384 725 5433 mensam,
752 5373 1018 5441 siquidem
1052 5389 1173 5427 eum
1205 5374 1424 5429 Christo
1452 5384 1678 5431 mortuae
1696 5384 1842 5441 sunt,
1878 5386 1933 5431 et

357 5462 641 5517 considere
683 5476 805 5517 cum
843 5467 959 5533 ipso
995 5480 1158 5535 super
1194 5467 1452 5523 thronum
1507 5468 1690 5536 gloriae
1720 5484 1933 5524 merue-

358 5562 510 5607 runt.
552 5552 784 5623 Ideoque
814 5570 979 5625 super
1034 5570 1199 5628 caput
1243 5575 1366 5614 cum
1414 5561 1566 5615 disco
1631 5562 1772 5616 tollit
1838 5577 1933 5616 eas

366 5647 604 5718 pontifex
640 5690 655 5714 ,
708 5650 849 5707 sicut
885 5652 998 5718 ipsa
1049 5652 1234 5705 divina
1301 5657 1579 5724 mysteria,
1639 5670 1841 5726 corpus
1881 5666 1935 5711 et

369 5740 689 5810 sanguinem
750 5735 979 5805 Christi,
1012 5749 1306 5798 honorans.
1348 5745 1560 5799 Etenim
1618 5747 1661 5801 si
1724 5746 1928 5801 Paulus

2024 4548 2264 4616 Χριστοῦ
2293 4547 2389 4602 τοῦ
2427 4549 2587 4605 Θεοῦ.
2616 4549 2789 4629 Ὅθεν,
2829 4551 2926 4604 καὶ
2957 4550 3115 4620 μύρῳ
3147 4540 3380 4621 χρίεται,
3427 4550 3600 4604 καὶτὸ

2027 4641 2359 4708 Εὐαγγέλιον
2416 4642 2552 4711 ἔχει,
2596 4643 2690 4697 καὶ
2740 4641 2831 4695 ὑπ’
2861 4641 3007 4710 αὐτῷ
3059 4641 3241 4704 καλῶς
3286 4643 3395 4695 τῶν
3430 4642 3600 4708 ἁγίων
3709 4686 3721 4699 .

2024 4732 2131 4785 εἰσὶ
2164 4732 2231 4785 τὰ
2254 4729 2508 4803 λείψανα,
2536 4735 2631 4786 καὶ
2659 4735 2828 4804 χωρὶς
2858 4732 3132 4802 λειψάνων
3165 4734 3224 4786 οὑ
3263 4734 3600 4804 καθιερῶσαι

2024 4825 2269 4892 δυνατὸν,
2306 4825 2382 4888 ὡς
2416 4827 2466 4878 oi
2518 4826 2665 4893 ἆγιοι
2706 4826 3078 4896 ἀπεφήναντο.
3127 4826 3207 4877 Τά
3262 4824 3495 4894 λείψανα
3544 4826 3601 4877 δὲ

2026 4914 2455 4985 προαποτίθεται
2512 4914 2667 4983 121
2704 4914 2784 4974 είς
2831 4914 2979 4978 ναὸν,
3024 4914 3106 4967 ὅτι
3156 4915 3466 4985 ἡγιασμένοι
3510 4915 3603 4967 καὶ

2031 5012 2165 5081 μέλη
2222 5010 2462 5080 Χριστοῦ
2511 5011 2605 5064 καὶ
2635 5009 2999 5079 θυσιαστήρια
3048 5010 3123 5072 ὼς
3164 5009 3433 5077 τεθυμένα
3464 5008 3603 5078 ὑπὲρ

2027 5100 2214 5154 αὐτοῦ.
2257 5102 2368 5155 Καὶ
2417 5102 2497 5162 είς
2529 5098 2823 5170 ἱερώτατον
2872 5098 3232 5169 ἐμὸἀλλονται
3289 5098 3492 5161 δίσκον,
3523 5098 3605 5148 ὅτι

2029 5193 2128 5260 τῆς
2160 5192 2283 5259 ἴσης
2317 5192 2602 5262 μετέχουσι
2636 5191 2714 5261 τῷ
2751 5193 2998 5263 Δεσπότῃ
3045 5191 3231 5260 τιμῆς,
3270 5190 3410 5259 ὑπὲρ
3440 5190 3604 5244 αὑτοῦ

2029 5282 2476 5351 διηγωνισμένοι.
2536 5284 2645 5335 Καὶ
2705 5282 2799 5335 ἐπὶ
2855 5280 3275 5351 καθιερωμένης
3325 5280 3611 5351 τραπέζης

2029 5372 2285 5437 τίθενται,
2316 5373 2437 5424 ἐπεὶ
2470 5372 2841 5426 συναπέθανον
2870 5372 2948 5441 τῷ
2979 5371 3219 5441 Χριστῷ,
3251 5372 3347 5424 καὶ
3367 5370 3446 5440 τῷ
3481 5371 3611 5440 θείῳ

2030 5467 2127 5535 τῆς
2157 5463 2323 5516 αὑτοῦ
2372 5463 2530 5533 δόξης
2582 5464 2753 5535 θρόνῳ
2803 5464 3131 5534 τυγχάνουσι
3181 5464 3604 5532 παριστάμενοι.

2033 5559 2131 5610 Διὰ
2161 5555 2317 5609 τοῦτο
2347 5556 2439 5609 καὶ
2494 5557 2587 5607 ἐπὶ
2619 5556 2857 5626 κεφαλῆς
2903 5556 3040 5625 μετᾶ
3091 5555 3184 5607 τοῦ
3218 5554 3405 5607 δίσκου
3450 5554 3478 5607 ὁ
3505 5554 3606 5623 ἁρ-

2034 5649 2250 5720 χιερεὺς
2287 5649 2431 5719 αίρει
2469 5646 2664 5712 ταῦτα,
2692 5646 2766 5711 ὡς
2795 5648 2935 5701 αὐτά
2967 5647 3032 5716 δὴ
3073 5646 3139 5700 τά
3185 5647 3303 5699 θεῖα
3334 5648 3608 5717 μυστήρια

2037 5742 2216 5796 τὸ-τοῦ
2249 5742 2519 5795 Δεσπότου
2552 5740 2708 5812 σῶμα
2736 5742 2828 5795 καὶ
2852 5735 2989 5810 αἷμα
3021 5741 3213 5810 τιμῶν.
3244 5728 3305 5792 Ei
3340 5744 3449 5812 γὰρ
3474 5738 3607 5809 πρὸς
