4044 6198
412 311 504 378 3‘21

1666 303 1762 363 DE
1798 301 2037 364 SACRO
2073 297 2397 360 TEMPLO.

3555 295 3660 357 322

417 427 613 483 πάντας
650 416 880 480 πιστοὺς
911 412 1074 470 τοῦτο
1107 413 1320 478 Παῦλός
1348 429 1536 483 φησιν,
1584 431 1603 465 ι
1646 413 1836 481 Ὑμεῖς
1863 415 1984 466 ἐστε

2110 410 2158 465 ιιι
2207 425 2398 466 omnes
2443 408 2632 464 ﬁdeles
2683 409 2786 465 hoc
2842 408 2970 464 ait:
3011 427 3030 460 ι
3093 409 3203 465 Vos
3257 411 3388 464 estis
3458 425 3659 481 corpus

414 519 564 588 σῶμα
605 509 843 582 Χριστοῦ
874 509 968 563 καὶ
999 507 1138 578 μέλη
1168 507 1232 560 ὲκ
1263 505 1488 576 μέρους,
1536 505 1716 576 πολλῷ
1744 489 1808 574 γε
1842 507 1979 577 μᾶλ-

2084 498 2288 555 Christi
2334 508 2389 554 et
2448 499 2693 554 membra
2731 499 2798 554 de
2859 500 3128 566 membro,
3191 518 3208 550 ι
3261 501 3429 554 mimo
3481 501 3659 569 magis

412 612 496 663 λον
528 606 688 674 σῶμα
739 599 978 671 Χριστοῦ
1030 598 1126 668 καὶ
1163 598 1298 668 μέλη
1351 599 1567 654 ἔσονται
1614 601 1662 652 οἱ
1707 599 1848 672 ὑπὲρ
1883 601 1984 667 τῆς

2110 591 2285 644 Ihristi
2309 605 2507 660 corpus
2535 598 2696 644 erunt
2744 602 2800 645 et
2825 592 3091 656 membra,
3145 592 3235 661 qui
3288 601 3510 661 pr0pter
3540 591 3660 660 ejus

413 699 562 766 δόξης
610 695 805 748 τούτου
850 689 1242 763 ἠγωνισμένοι,
1279 689 1373 744 καὶ
1417 689 1508 743 τὸν
1538 689 1768 745 θάνατον
1816 691 1984 744 αὐτοῦ

2110 680 2311 750 ;loriam
2332 691 2698 746 certaverunt,
2729 681 3011 752 ipsiusque
3037 691 3265 738 mortem
3291 682 3489 738 imitati
3511 693 3660 738 sunt.

419 787 808 861 μιμησάμενοι.

468 897 507 941 δ
973 899 1228 953 ΚΕΦΑΔ.
1268 897 1416 952 ΡῙΖ’.

2652 879 2880 936 CAPUT
2911 881 2999 935 CX
3014 880 3123 939 VH.

414 993 570 1048 Διατί
595 991 666 1046 ἐκ
714 990 982 1047 παλαιοῦ
1023 991 1177 1046 ναοῦ
1205 995 1292 1057 εις
1319 990 1426 1045 τὸν
1451 990 1596 1045 νέον
1621 991 1696 1045 τὰ
1722 990 1989 1058 λείψανα

2110 975 2198 1032 ἳιιτ
2240 992 2304 1030 ea:
2349 976 2567 1044 antiquo
2593 973 2782 1043 templo
2810 978 2864 1029 in
2887 991 3075 1029 novum
3101 983 3377 1044 portentur
3403 976 3658 1048 reiiquiaz.

1048 1062 1350 1130 φέρονται.

479 1155 573 1208 Διὸ
600 1154 696 1208 καὶ
727 1153 867 1223 μετά
897 1153 1238 1224 προπομπῆς
1272 1151 1368 1205 καὶ
1399 1151 1765 1223 θυμιαμάτων
1792 1152 1988 1222 φώτων

417 1262 472 1297 τε
505 1245 602 1300 καὶ
634 1245 821 1314 ὓμνων
852 1246 917 1298 ἐκ
957 1245 1318 1315 παλαιοτέρου
1369 1245 1817 1316 προηγιασμένου
1858 1245 1989 1299 ναοῦ

420 1341 492 1401 είς
521 1339 616 1393 τὸν
663 1339 784 1392 νέον
814 1339 1066 1406 ἄγονται,
1111 1338 1423 1403 δεικνύντος
1467 1339 1562 1392 τοῦ
1611 1337 1796 1406 ἔργου,
1831 1339 1914 1391 ὅτι
1941 1337 1994 1390 oi

2161 1133 2285 1188 Ideo
2337 1148 2459 1188 cum
2516 1148 2734 1202 pompa,
2799 1133 3229 1198 thuriﬁcatione,
3279 1132 3579 1188 luminibus
3609 1143 3666 1187 et

2093 1225 2310 1296 hymnis
2341 1222 2406 1279 ex
2432 1227 2739 1295 antiquiore
2790 1225 2991 1294 templo
3017 1226 3167 1293 prius
3223 1235 3548 1280 consecrato
3610 1225 3667 1279 in

2099 1331 2296 1370 novum
2333 1325 2646 1386 portantur,
2679 1333 2840 1387 apere
2882 1317 3247 1388 signiﬁcante,
3276 1317 3420 1386 quod
3489 1317 3668 1372 sancti

423 1433 518 1500 μὲν
554 1431 702 1499 ἆγιοι
745 1430 833 1484 ἀεί
863 1433 968 1483 εἰσι
1001 1430 1140 1500 μετά
1181 1430 1277 1484 τοῦ
1309 1430 1444 1484 Θεοῦ
1470 1445 1484 1460 ·
1513 1430 1757 1498 γίνονται
1807 1429 1866 1483 δέ
1896 1428 1992 1482 καὶ

2110 1408 2312 1476 pridem
2337 1424 2554 1478 semper
2579 1425 2702 1462 cum
2738 1408 2850 1463 Deo
2886 1417 3036 1474 sunt,
3065 1409 3204 1462 ﬁunt
3258 1419 3442 1463 autem
3503 1410 3665 1462 etiam

424 1524 542 1595 μεθ’
591 1521 773 1593 ἡμῶν,
824 1523 966 1578 καθά
1013 1525 1041 1576 6
1073 1523 1330 1594 Χριστός.
1383 1523 1495 1576 Kal
1542 1521 1994 1590 ἐγκαινιζομένης

421 1615 516 1686 τῆς
545 1615 712 1668 αὐτοῦ
759 1615 982 1686 χάριτος
1025 1617 1086 1669 ἐν
1113 1618 1267 1687 ἡμῖν,
1303 1616 1398 1676 καὶ
1431 1614 1581 1670 οὗτοι
1614 1615 1713 1668 σὺν
1739 1617 1875 1685 ἡμῖν
1904 1615 1994 1682 γί-

2099 1502 2408 1567 nobiscum,
2446 1503 2661 1557 sicutct
2697 1500 2992 1568 Christus;
3025 1509 3080 1556 et
3125 1515 3250 1554 cum
3288 1501 3582 1554 innovatur
3613 1499 3669 1554 in

2099 1595 2259 1650 nobis
2285 1595 2457 1664 ipsius
2504 1593 2702 1664 gratia,
2734 1595 2900 1649 simul
2936 1593 3028 1648 ἱειί
3060 1593 3350 1649 nobiscum
3413 1602 3562 1647 sunt.
3605 1593 3670 1646 Et

425 1723 628 1762 νονται.
679 1707 792 1760 Kal
838 1706 1029 1778 ὥσπερ
1083 1686 1224 1760 κατὰ
1267 1708 1520 1778 διαδοχὴν
1577 1709 1611 1777 η
1659 1707 1820 1778 χάρις
1857 1705 1995 1776 πρὸς

2110 1687 2562 1759 quemadmodum
2599 1702 2690 1754 per
2714 1687 3063 1742 traditionem
3088 1687 3158 1740 ad
3187 1701 3285 1742 nos
3302 1686 3476 1757 gratia
3503 1686 3669 1748 venit,

424 1801 593 1870 ἡμᾶς,
625 1799 702 1863 ὡς
735 1801 844 1854 ἀπὸ
877 1801 970 1854 ¹τοῦ
996 1771 1255 1870 *Σωτῆρος
1284 1801 1371 1855 διὰ
1554 1771 1870 1854 ἀπο-στόλων
1902 1771 1997 1852 καὶ

2110 1789 2359 1850 tanquam
2394 1796 2426 1834 a
2463 1778 2750 1834 Salvatore
2782 1795 2880 1848 per
2921 1780 3204 1849 apostolos
3244 1788 3298 1834 et
3320 1794 3672 1834 successores

423 1895 531 1948 τῶν
562 1895 822 1965 διαδόχων
849 1894 1012 1949 αὑτοῦ
1046 1893 1204 1966 ἄχρις
1229 1894 1390 1964 ἡμῶν
1412 1893 1631 1965 ἔρχεται
1653 1893 1744 1947 διὰ
1766 1893 1862 1962 τῆς
1884 1908 1999 1961 χει·-

427 1988 696 2059 ροτονίας,
718 1987 861 2041 οὕτω
892 1989 982 2042 καὶ
1003 1988 1092 2042 διὰ
1121 1988 1230 2042 τῶν
1253 1988 1486 2057 πρώτων
1521 1987 1662 2041 ναῶν
1701 1986 1780 2049 είς
1809 1984 2002 2039 νεωτέ-

427 2093 551 2147 ρους
579 2079 742 2141 ναούς
763 2094 779 2110 ο
813 2078 889 2142 ὡς
917 2079 1012 2133 καὶ
1036 2078 1097 2132 τδ
1139 2077 1310 2148 μύρον
1338 2078 1426 2132 διὰ
1452 2075 1548 2132 τοῦ
1589 2076 1763 2148 μύρου
1788 2077 1877 2130 διὰ
1901 2073 1996 2128 τοῦ

424 2169 790 2239 κεχρισμένου
813 2168 1198 2240 θυσιαστηρίου
1223 2166 1544 2238 τελούμενον
1561 2180 1577 2196 ⁸
1609 2169 1672 2220 ἐκ
1698 2164 1887 2218 τούτου
1917 2163 1996 2216 δι·

420 2259 773 2331 δισκομένων
793 2262 972 2332 ἡμῶν,
998 2261 1075 2338 ᾡς
1102 2263 1202 2333 οὐχ
1221 2263 1382 2332 ἡμεῖς
1398 2260 1492 2330 ἀφ’
1515 2258 1693 2330 ἡμῶν,
1711 2257 1874 2328 ἀλλ’ἢ
1899 2256 2001 2326 χά-

425 2371 507 2425 ρις
538 2354 637 2409 τοῦ
682 2355 998 2426 Πνεύματος
1031 2356 1265 2426 ἐνεργεῖ,
1298 2356 1423 2426 ἥτις
1484 2355 1590 2410 ἀπὸ
1627 2351 1721 2407 τοῦ
1749 2353 2000 2433 ξωτῆρος

422 2445 585 2517 ἡμῶν
627 2446 702 2511 ὡς
731 2448 914 2517 πηγῆς
948 2447 1284 2517 ἀρξαμένης,
1316 2447 1403 2500 διὰ
1455 2446 1565 2499 τῶν
1605 2444 1864 2516 μαθητῶν
1904 2443 2003 2497 αὺ-

422 2538 521 2592 τοῦ
555 2539 648 2592 καὶ
679 2539 789 2592 τῶν
830 2541 973 2594 κατά
1006 2540 1236 2608 καιροὺς
1285 2538 1547 2610 Πατέρων
1577 2538 1659 2602 είς
1702 2538 1848 2608 ἡμᾶς
1881 2537 2006 2607 ἐλή-

421 2632 576 2687 λυθε.
619 2631 731 2686 Kal
762 2621 964 2698 μᾶλλον
993 2633 1054 2685 τὸ
1085 2631 1327 2700 ἀσφαλὲς
1354 2632 1452 2686 καὶ
1502 2629 1717 2702 βέϐαιον
1756 2628 1953 2698 ἔχομεν
1981 2643 1998 2659 ο

422 2727 510 2780 ὃτι
533 2726 633 2795 οὐχ
664 2726 797 2795 ἡμῖν
830 2723 1167 2796 θαρροῦμεν,
1215 2724 1352 2778 ἀλλά
1386 2727 1451 2795 τῇ
1485 2724 1574 2778 διὰ
1601 2725 1712 2777 τῶν
1741 2724 2002 2793 Πατέρων

421 2816 525 2871 τοῦ
563 2815 883 2888 Πνεύματος
914 2815 1122 2889 χάριτι,
1156 2816 1231 2880 ὡς
1263 2815 1352 2870 καὶ
1383 2816 1417 2884 ἡ
1447 2815 1578 2886 εὐχὴ
1623 2815 1782 2870 τοῦτό
1812 2830 1998 2884 φησιν,

428 2929 446 2964 ι
480 2908 934 2980 Εὐχαριστοῦμέν
969 2924 1074 2973 σοι,
1107 2908 1367 2978 λέγουσα,
1398 2909 1481 2961 ὅτι
1513 2907 1582 2978 ἣν
1613 2908 1835 2976 ιξέχεας
1899 2906 2000 2977 xa-

427 3019 519 3071 ριν
543 2988 637 3054 ἐπὶ
665 3002 793 3064 τοὺς
825 3001 1016 3070 ἁγίους
1047 3018 1142 3055 σου
1169 2999 1505 3062 ἀποστόλους
1528 2998 1626 3053 καὶ
1656 2998 1784 3061 τοὺς
1821 2999 2002 3061 ὁσίους

423 3094 591 3164 ἡμῶν
623 3094 898 3164 Πατέρας,
941 3093 1184 3163 ἠξίωσας
1214 3093 1309 3146 καὶ
1343 3091 1539 3162 μέχρις
1578 3091 1735 3160 ὴμῶν
1768 3091 1875 3144 τῶν
1907 3107 2004 3144 τα-
2029 3129 2072 3164 ρ

423 3187 632 3242 πεινῶν
663 3187 922 3239 ἐκτεῖναι.
966 3203 986 3238 ι
1010 3185 1278 3252 Λέγονται
1332 3184 1389 3237 δὲ
1441 3184 1535 3238 καὶ
1567 3183 2002 3253 εὐχαριστηριοι,

422 3280 496 3344 ὡς
527 3280 856 3350 εἰρήκαμεν,
885 3278 968 3341 είς
1019 3277 1112 3330 τὸν
1143 3275 1376 3330 παλαιὸν
1413 3276 1544 3330 ναὸν
1588 3274 1741 3343 παρὰ
1774 3273 1869 3327 τοῦ
1901 3276 2004 3344 ἀρ-

425 3373 660 3444 χιερέως
707 3371 890 3442 εὐχαὶ,
942 3370 1038 3426 καὶ
1089 3368 1252 3440 ὕμνοι
1299 3367 1426 3423 καθ’
1462 3368 1582 3422 ὁδὸν
1629 3367 1866 3439 ᾅδονται,
1913 3364 2008 3419 καὶ

426 3468 585 3535 φῶτα
623 3465 720 3519 καὶ
765 3464 1091 3535 θυμιάματα
1135 3465 1216 3526 εἰς
1246 3462 1418 3532 τιμὴν
1467 3461 1577 3514 τῶν
1611 3461 1781 3528 ἁγίων
1835 3474 2008 3526 προσ-

427 3561 682 3630 φέρεται.
740 3559 848 3612 Καὶ
899 3560 1067 3626 ἐγγὺς
1121 3555 1216 3610 τοῦ
1271 3557 1391 3609 νέου
1448 3553 1582 3608 ναοῦ
1632 3551 1896 3615 πολλάκις
1924 3551 2006 3613 τὸ,

435 3670 456 3705 ι
494 3651 637 3717 Δόξα
661 3669 764 3715 σοι,
801 3649 1004 3720 Χριστὲ
1029 3650 1058 3703 6
1085 3648 1241 3714 Θεὸς,
1281 3667 1300 3700 ι
1331 3647 1572 3715 λέγεται,
1606 3647 1686 3708 είς
1717 3645 1884 3714 τιμὴν
1915 3646 2011 3696 αὑ-

429 3743 550 3808 τοῦ,
594 3744 690 3793 καὶ
716 3739 824 3793 τῶν
852 3739 1170 3794 ἀποστόλων
1201 3739 1295 3792 καὶ
1331 3738 1442 3792 τῶν
1490 3735 1784 3807 μαρτύρων
1813 3733 2008 3800 αὑτοῦ,

433 3834 526 3889 καὶ
552 3831 714 3898 δόξαν
740 3831 839 3900 τῆς
867 3831 1027 3900 ἁγίας
1058 3831 1306 3901 Τριάδος,
1337 3829 1370 3900 ἢ
1402 3829 1667 3899 κήρυγμα
1688 3826 1794 3881 τῶν
1817 3826 2008 3896 ἁγίων.

998 3941 1250 3996 ΚΕΦΔΛ.
1291 3940 1443 3996 PlH’.

435 4041 597 4095 Διατί
628 4039 932 4094 κλείονται
960 4036 1021 4089 al
1058 4033 1268 4169 πὲἓῑαι,
1323 4033 1423 4088 καί
1481 4029 1548 4086 τὸ
1581 4031 1786 4102 Ἀρατε
1837 4027 2012 4091 πύλας

1182 4120 1330 4158 εται.

1182 4120 1330 4158 εται.

506 4201 858 4262 Εἰσελθόντος
889 4199 946 4253 δὲ
997 4197 1092 4252 τοῦ
1138 4196 1443 4268 ἀρχιερέως
1480 4195 1576 4250 τὸν
1615 4194 1868 4266 νάρθηκα
1917 4193 2013 4248 τοῦ

435 4294 558 4348 νέου
584 4290 738 4358 ναοῦ,
764 4292 820 4344 al
852 4288 999 4344 ἔνδον
1029 4289 1266 4359 μεγάλαι
1289 4288 1458 4340 πύλαι
1483 4287 1776 4354 κλείονται,
1807 4290 1902 4342 καὶ
1930 4289 2013 4357 τὸ,

443 4406 462 4439 ι
508 4387 714 4457 ’Ἄρατε
745 4384 920 4446 πύλας
946 4381 1147 4449 ἔξωθέν
1193 4398 1254 4434 τε
1296 4384 1391 4436 καὶ
1422 4382 1644 4448 ἔσωθεν,
1680 4401 1698 4435 ι
1731 4382 2014 4454 ψάλλεται,

2099 1874 2222 1942 ejus
2253 1877 2319 1926 ad
2355 1889 2451 1928 nos
2490 1888 2666 1942 usque
2701 1889 2796 1943 per
2845 1874 3250 1928 ordinationem
3319 1873 3673 1937 transmissa,

2101 1969 2178 2022 sic
2209 1969 2374 2022 etiam
2406 1981 2502 2036 per
2537 1967 2762 2035 antiqua
2794 1966 2860 2019 ad
2905 1967 3210 2021 recentiora
3250 1968 3483 2036 templa;
3531 1967 3674 2020 sicut

2103 2069 2156 2114 et
2196 2059 2412 2130 myrrha
2446 2075 2542 2128 per
2567 2060 2843 2130 myrrham
2871 2069 2923 2112 et
2942 2059 3222 2113 inunctum
3244 2059 3415 2114 altare
3432 2059 3675 2114 sanctiﬁ-

2101 2161 2282 2208 catur.
2329 2152 2404 2206 Ex
2455 2153 2557 2206 hoc
2589 2153 2884 2207 etlocemnr
2929 2154 3071 2221 quod
3122 2166 3229 2206 non
3275 2158 3673 2219 noStanquam

2103 2263 2130 2300 a
2166 2245 2344 2310 nobis,
2377 2249 2470 2301 scd
2505 2244 2676 2313 gratia
2710 2241 2950 2312 Spiritus
2977 2255 3253 2314 operatur,
3280 2260 3398 2314 qua:
3420 2260 3448 2298 a
3483 2243 3674 2299 Salva-

2101 2351 2216 2396 tore
2245 2354 2437 2415 nostro
2469 2341 2614 2392 velut
2664 2353 2694 2392 a
2728 2339 2905 2405 primo
2944 2337 3110 2403 ferite,
3177 2353 3272 2408 per
3307 2339 3481 2408 ipsius
3504 2338 3678 2392 dis’ei-

2103 2433 2261 2503 pulos
2291 2441 2348 2486 et
2373 2432 2525 2500 juxta
2562 2440 2806 2500 tempora
2841 2445 2936 2500 per
2968 2428 3183 2494 Patres,
3223 2431 3288 2483 ad
3347 2446 3447 2484 nos
3509 2429 3675 2484 venit.

2102 2526 2170 2581 Et
2197 2528 2268 2581 ita
2302 2525 2475 2599 magis
2524 2525 2754 2578 ﬁrmiter
2797 2533 2852 2578 et
2893 2509 3196 2593 magistuto
3246 2532 3489 2588 stamus;
3545 2537 3679 2591 quo-

2103 2620 2249 2674 niam
2281 2633 2386 2671 non
2419 2617 2470 2669 in
2506 2616 2684 2679 nobis,
2715 2615 2808 2668 sed
2845 2614 2898 2667 in
2927 2627 2988 2667 ea
3014 2629 3133 2679 qua:
3161 2629 3254 2682 per
3296 2613 3484 2667 Patres
3534 2614 3680 2667 venit

2106 2713 2346 2784 Spiritus
2386 2711 2556 2780 gratia
2593 2707 2946 2778 conﬁdjmus,
2993 2707 3136 2761 sicut
3161 2716 3214 2760 et
3277 2707 3455 2760 oratio
3495 2707 3675 2761 dicit:

2108 2806 2353 2862 «Gratias
2375 2802 2587 2874 agimus
2611 2801 2728 2866 tibi,
2755 2801 3079 2870 quodquam
3109 2813 3274 2868 super
3294 2807 3515 2853 sanctos
3541 2813 3677 2867 apo-

2105 2899 2274 2956 stolas
2305 2906 2428 2951 tuos
2450 2904 2504 2951 ct
2528 2910 2694 2963 super
2722 2901 2943 2947 sanctos
2973 2893 3159 2944 Patres
3187 2899 3406 2945 nostros
3430 2888 3676 2944 infudisti

2105 2993 2358 3062 gratiam,
2392 3004 2566 3057 usque
2597 2987 2664 3040 ad
2688 3002 2787 3041 nos
2823 2985 3062 3039 humiles
3101 2987 3395 3037 extendere
3425 2984 3678 3050 dignatus

2106 3102 2183 3142 es.
2226 3105 2245 3138 ι
2280 3084 2549 3139 Dicuntur
2571 3093 2750 3135 autem
2780 3081 3080 3151 gratiarum
3130 3093 3338 3146 preces,
3373 3088 3433 3131 ut
3464 3075 3674 3146 praafati

2108 3193 2321 3238 sumus,
2345 3176 2400 3229 in
2437 3176 2604 3229 veteri
2636 3174 2836 3241 templo
2896 3188 2990 3241 per
3017 3171 3352 3240 pontiﬁcem,
3378 3179 3429 3223 et
3491 3168 3677 3238 hymni

2108 3267 2408 3323 secundum
2441 3266 2543 3319 iter
2579 3271 2877 3326 Conantur,
2912 3263 3228 3331 luminaque
3262 3275 3324 3314 ac
3360 3259 3581 3313 incensa
3619 3259 3673 3311 in

2108 3359 2370 3413 honorem
2397 3369 2707 3413 sanctorum
2743 3354 3119 3422 proferuntur.
3156 3351 3219 3405 Et
3249 3367 3444 3421 proper
3473 3363 3674 3405 novum

2108 3455 2366 3521 templum
2399 3464 2541 3520 saepe
2567 3449 2796 3504 dicitur:
2827 3445 3039 3500 «Gloria
3067 3435 3418 3507 tihi,.Christe
3451 3445 3628 3508 Deus;
3659 3461 3680 3495 ι

2112 3546 2164 3599 in
2219 3545 2388 3613 ipsius
2422 3544 2682 3597 honorem
2738 3548 2792 3596 et
2851 3541 3220 3610 apostolorum
3267 3547 3320 3594 et
3382 3547 3682 3608 martyrum

2112 3636 2304 3704 ipsius,
2331 3644 2383 3689 et
2419 3634 2472 3688 in
2505 3641 2710 3689 sancta:
2739 3630 3025 3686 Trinitatis
3068 3631 3321 3701 gloriam,
3362 3638 3417 3685 et
3444 3630 3498 3684 in
3522 3643 3682 3683 sanc-

2114 3737 2290 3782 torum
2331 3741 2544 3798 praeco"
2557 3730 2691 3783 ’unt.

2659 3910 3174 3983 CAPUT'CXVHL

2115 4018 2290 4085 Quare
2330 4020 2655 4095 claudantur
2693 4038 2859 4076 sacra:
2876 4024 3030 4095 Wwdis
3086 4026 3246 4095 fores,
3296 4025 3685 4095 accinaturque

2325 4091 2649 4160 illnd(Psul.
2685 4108 2842 4158 xxnl,
2875 4094 2950 4162 7),
2981 4091 3233 4148 Attollite
3261 4105 3468 4163 portas.
3540 4137 3564 4154 .

2185 4182 2323 4238 Cum
2359 4195 2538 4239 autem
2570 4184 2638 4238 ad
2675 4185 2797 4240 novi
2861 4187 3044 4256 templi
3091 4190 3386 4242 narthccen
3457 4187 3686 4242 advenit

2115 4278 2384 4350 pontifex,
2441 4278 2734 4335 interiores
2767 4295 2982 4350 magnae
3037 4280 3220 4350 januze
3259 4282 3610 4348 clauduntur,
3635 4291 3690 4335 et

2117 4372 2290 4429 istud:
2320 4390 2339 4424 ι
2359 4372 2604 4428 Attollite
2617 4383 2825 4442 portas,
2851 4392 2867 4424 ι
2897 4373 3125 4430 abintus
3141 4385 3195 4429 et
3213 4381 3518 4430 extrorsum
3537 4374 3692 4430 cani-

437 4478 523 4530 ὃτι
554 4476 664 4530 τὸν,
699 4472 938 4544 Χριστὸν
971 4472 1235 4526 τυποῦσιν
1278 4473 1330 4524 oi
1382 4471 1682 4543 μάρτυρες,
1728 4471 1823 4525 καὶ
1853 4471 2009 4535 αὐτὸς

2125 4479 2258 4533 tur;
2310 4467 2568 4537 quoniam
2609 4466 2814 4522 Christi
2866 4479 3052 4538 typum
3093 4476 3292 4538 gerunt
3349 4477 3618 4540 martyres
3639 4479 3694 4524 et

438 4571 468 4620 6
497 4565 790 4637 ἀρχιερεύς
816 4581 832 4596 ·
862 4566 890 4618 6
911 4563 967 4616 δὲ
991 4563 1117 4628 ναὸς
1143 4563 1234 4616 τὸν
1265 4564 1518 4633 οὐρανόν.
1556 4565 1624 4617 Ἀ
1653 4564 1837 4618 τοίνυν
1862 4565 1920 4618 ἐν
1939 4564 2016 4634 τῷ

439 4659 769 4729 ἀνέρχεσθαι
821 4657 1078 4725 ὑπεράνω
1125 4671 1238 4707 των
1267 4655 1514 4727 οὐρανῶν
1559 4655 1782 4725 ἄγγελοι
1813 4655 2020 4726 ἐμελῴ-

438 4751 590 4814 δουν,
625 4751 700 4815 ὥς
735 4767 904 4822 φησιν
932 4751 962 4803 6
988 4750 1132 4809 θεῖος
1163 4749 1349 4812 Δασὶδ,
1388 4750 1563 4803 ταῦτα
1590 4749 1688 4803 καὶ
1717 4749 1812 4804 νῦν
1845 4748 2019 4818 μελῳ-

438 4842 638 4910 δεῖται,
685 4842 798 4897 τῶν
850 4842 1012 4912 ίερῶν
1065 4843 1437 4912 είσαγομένων
1494 4840 1785 4911 λειψάνων.
1843 4840 1904 4894 '0
1961 4840 2018 4893 δέ

439 4934 757 5005 ἀρχιερεὺς,
816 4935 1059 5004 τάπητος
1117 4930 1272 4997 αὖθις
1321 4932 1798 5003 εὐτρεπισθέντος,
1847 4931 2019 4985 κλίνει

440 5027 504 5080 τὸ
537 5027 666 5093 γόνυ
699 5025 780 5096 τῷ
808 5026 902 5079 τοῦ
947 5026 1182 5097 οὐρανοῦ
1215 5027 1482 5099 Δεσπότῃ,
1517 5027 1613 5079 καὶ
1640 5024 1882 5096 εῦχεται.
1912 5026 2021 5078 Kal

441 5118 699 5187 ἐπιφέρει
743 5116 844 5186 την
896 5117 1064 5187 εὐχὴν
1115 5119 1215 5185 τῆς
1272 5117 1513 5182 εἰσόδου,
1573 5117 2020 5186 συλλειτουργοὺς

443 5209 930 5280 προσκαλούμενος
985 5211 1078 5262 καὶ
1130 5207 1499 5271 συνεισιόντας
1556 5207 1854 5277 ἀγγέλου;.“
1911 5207 2024 5259 Kal

442 5297 592 5352 οὕτω
639 5299 963 5369 σφραγίζων
993 5297 1093 5360 τὰς
1118 5295 1214 5350 τοῦ
1259 5296 1388 5350 ναοῦ
1416 5294 1593 5358 πύλας
1642 5298 1739 5348 καί⁵
1763 5293 2020 5360 ἀνοίγων,

444 5391 525 5455 ὡς
555 5395 632 5455 είς
676 5393 766 5445 τὸν
821 5391 1054 5462 οὐρανὸν
1088 5389 1340 5452 εἴσεισιν,
1391 5388 1468 5452 ὡς
1514 5388 1603 5442 διὰ
1634 5386 1742 5440 τοῦ.
1785 5385 2022 5456 μεγάλου

442 5482 545 5536 τοῦ
579 5484 791 5554 Πατρὸς
822 5483 1100 5552 μάρτυρος
1141 5480 1318 5550 Ἰησοῦ
1356 5477 1598 5548 Χριστοῦ
1627 5477 1724 5547 τῆς
1769 5476 2023 5546 οὐρανίου

448 5574 658 5643 σκηνῆς
707 5575 1099 5644 διανοιχθείσης
1136 5573 1289 5642 ἡμῖν.
1337 5572 1445 5626 Kal
1477 5571 1744 5624 είσοδεύει
1771 5571 1800 5622 6
1828 5572 2024 5639 ἀρχιε-

451 5665 579 5735 ρεὺς
634 5665 731 5718 σὺν
759 5667 872 5728 τοῖς
922 5665 1036 5716 τῶν
1087 5664 1259 5731 ἀγίων
1310 5663 1588 5731 λειψάνοις
1634 5663 1729 5715 καὶ
1761 5659 1842 5730 τῷ
1892 5657 2024 5729 θείῳ

449 5756 789 5827 Εὑαγγελίῳ.
829 5756 1168 5820 ’Δκολούθως
1200 5755 1308 5823 ἄρα
1339 5757 1434 5810 ml
1459 5757 1522 5818 ἐν,
1539 5756 1606 5824 τῇ
1631 5752 1899 5824 ἑρμηνείᾳ
1923 5751 2024 5822 τῆς

2123 4562 2240 4633 ipse
2279 4562 2544 4632 pontifex,
2576 4563 2838 4633 templum
2866 4576 3000 4616 vero
3027 4562 3250 4617 malum.
3276 4561 3410 4628 Quae
3464 4562 3694 4632 proinde

2121 4655 2386 4709 canebant
2420 4651 2622 4724 angeli,
2653 4654 2796 4708 sicut
2821 4652 2897 4706 ait
2941 4653 3100 4707 divus
3132 4652 3321 4714 David,
3371 4667 3490 4706 cum
3527 4667 3694 4722 super

2121 4743 2343 4814 angelos
2373 4741 2721 4806 conscendit,
2761 4742 2876 4796 haec
2914 4741 3079 4797 etiam
3127 4756 3273 4794 nunc
3301 4741 3695 4806 concinuntur,

2122 4835 2298 4891 sacris
2362 4832 2796 4903 ingredientibus
2865 4835 3132 4904 reliquiis.
3183 4835 3436 4889 Pontifex
3485 4847 3691 4901 autem,

2122 4935 2303 4997 tapete
2326 4941 2545 4981 rursum
2581 4926 2864 4995 disposito,
2895 4927 3128 4982 Domino
3168 4927 3292 4982 caeli
3325 4942 3498 4997 genua
3526 4929 3694 4983 ﬂectit

2119 5028 2174 5075 et
2204 5027 2344 5074 orat.
2378 5017 2442 5072 Et
2465 5018 2701 5088 applicat
2741 5018 3038 5074 orationem
3067 5020 3345 5082 introitus,
3376 5032 3698 5091 coeperato-

2121 5124 2210 5165 res
2237 5118 2292 5164 et
2323 5109 2553 5166 comites
2588 5109 2866 5165 advocans
2927 5111 3168 5180 angelos.
3220 5111 3284 5164 Et
3343 5111 3417 5165 ita
3467 5113 3697 5182 signans

2123 5200 2528 5272 templijannas
2577 5208 2633 5255 et
2655 5203 2922 5269 aperiens,
2953 5198 3212 5272 tanquam
3247 5202 3301 5256 in
3346 5205 3544 5258 caelum
3616 5204 3697 5258 in-

2122 5292 2389 5362 greditur,
2423 5299 2481 5345 ut
2525 5305 2621 5361 per
2670 5306 2924 5361 magnum
2976 5292 3150 5346 Patris
3178 5301 3475 5366 martyrem
3508 5293 3696 5350 Jesum

2122 5383 2403 5438 Christum
2435 5383 2558 5438 coeli
2615 5382 2979 5437 tabernaculo
3049 5385 3211 5440 nobis
3251 5390 3491 5442 recluso.
3529 5384 3701 5441 Intrat

2125 5475 2368 5548 pontifex
2396 5489 2522 5532 cum
2557 5484 2875 5530 sanctorum
2927 5475 3173 5547 reliquiis
3215 5488 3268 5534 et
3305 5479 3489 5540 divino
3523 5477 3703 5536 Evan-

2125 5569 2286 5640 gelio.
2308 5569 2483 5624 Porro
2543 5567 2904 5653 contorruitcr
2968 5570 3023 5624 in
3057 5570 3403 5641 expositione
3467 5571 3705 5643 liturgire

2125 5652 2330 5717 dictum
2358 5667 2464 5727 est,
2499 5657 2645 5727 quod
2673 5655 2885 5726 primus
2935 5659 3189 5714 introitus
3235 5661 3698 5716 resurrectionem

2127 5763 2182 5810 et
2240 5751 2614 5810 ascensionem
2665 5748 2968 5807 Salvatoris
3027 5750 3262 5824 ﬁgurat;
3335 5753 3703 5821 clausumque
