4044 6198
379 315 484 378 327

912 417 1138 476 CAPUT
1194 415 1429 472 CXXIII.

381 538 531 603 Quod
562 535 794 592 encamia
818 536 871 587 in
900 532 1134 586 Ecclesia
1164 528 1615 603 T_hc_ssaloniccnsi
1644 528 1936 580 etianmum

820 603 1101 674 quotannis
1136 600 1491 653 celebrantur.

451 718 648 771 Sancta
713 730 841 769 vero
901 709 1475 767 Thessalonicensimu
1530 704 1796 770 Ecclesia,
1887 720 1953 759 ex

382 811 607 876 antiqua
664 806 956 859 traditione
998 816 1168 870 usque
1190 799 1256 853 ad
1290 798 1615 853 hodiernum
1648 796 1815 859 diem,
1853 796 1955 849 hoc

288 966 291 967 ν
382 918 597 971 semper
644 910 899 970 Oper-ator
967 902 1021 953 in
1112 894 1399 953 catholicis
1486 893 1754 949 ecclesiis.
1807 891 1957 946 Cele-

381 997 573 1050 bratur
602 994 818 1063 quidem
856 1007 1101 1062 vespere,
1168 1002 1218 1046 et
1260 990 1313 1043 in
1370 1003 1570 1041 aurora
1635 985 1814 1056 quoad
1872 1002 1957 1041 se-

382 1091 602 1156 quentia
618 1126 631 1139 .
1935 1075 1937 1078 ⁴

912 1217 1139 1275 CAPUT
1177 1214 1413 1273 CXXIV.

808 1332 880 1385 De
919 1331 1102 1384 ordine
1126 1329 1506 1383 cncwniorum.

454 1447 613 1502 Mane
672 1460 799 1500 vero
847 1444 1190 1514 congregatis
1248 1439 1466 1494 clericis
1532 1438 1649 1506 ipse
1706 1432 1951 1506 pontifex

386 1539 467 1593 vel
507 1536 765 1593 sacerdos
790 1533 1026 1588 encmuia
1088 1529 1318 1598 perlicit.
1347 1526 1567 1596 lncepta
1614 1525 1800 1579 litania
1826 1539 1950 1579 cum

382 1633 521 1685 ceris
574 1640 626 1683 et
661 1626 980 1689 luminibus,
1030 1624 1084 1677 in
1143 1622 1376 1690 primum
1431 1619 1687 1687 templum
1730 1617 1957 1678 abeunt.

384 1722 476 1775 ubi
506 1721 559 1775 in
622 1716 1043 1773 consecratione
1088 1711 1296 1781 templi,
1329 1711 1490 1780 cujus
1528 1709 1797 1764 habentur
1851 1723 1950 1761 en-

1241 305 1623 367 SYMEONIS
1651 264 2404 365 THESSALONICENSIS
2439 301 2789 364 ARCHIEP.
3280 307 3291 313 '
3522 299 3625 368 328

2594 415 2858 468 ‘KEd’AA.
2901 414 3075 466 PKI".
3107 371 3110 373 Δ

2060 531 2190 583 ’Ότι
2220 530 2292 585 τὰ
2328 530 2603 598 ἐνκαίνια
2634 532 2703 584 ἐν
2753 529 2827 596 τῇ
2861 530 3359 584 Θεσσαλονικέων
3394 529 3482 584 ἔτι
3544 532 3622 599 γί-

2545 618 2754 655 νονται
2779 601 3134 668 Ἐκκλησία.

2130 721 2238 773 Καὶ
2276 721 2307 787 ή
2344 719 2451 772 τῶν
2479 702 2923 770 Θεσσαλονικέων
2957 715 3012 768 δὲ
3067 715 3188 785 ἱερά
3226 714 3524 783 Ἐκκλησία
3562 714 3624 766 ἐκ

2060 809 2406 878 παραδύσεως
2435 809 2668 878 ἀρχαίας
2705 808 2866 879 μέχρι
2901 807 3003 875 τῆς
3047 808 3290 875 σήμερον
3340 806 3500 857 τοῦτο
3538 806 3625 858 ἀεὶ

2060 903 2270 971 ἐνεργεῖ
2295 904 2350 953 ὲν
2380 904 2498 963 ταῖς
2536 899 2850 961 καθολικαῖς
2878 899 3219 968 ἐκκλησίαις.
3253 898 3363 951 Καὶ
3396 898 3627 950 τελεῖται

2062 992 2161 1062 μὲν
2220 993 2458 1065 ἑσπέρας
2515 994 2608 1047 καὶ
2666 997 2723 1046 ὲν
2786 994 2862 1064 τῷ
2915 993 3097 1067 όρθρέρ
3125 994 3194 1046 τὰ
3244 994 3343 1061 τῆς
3401 990 3627 1045 ἀκολουο

2060 1084 2203 1148 θίας.

2613 1202 2864 1255 ΚΕΦΑΛ.
2907 1180 3077 1253 Paw.

2310 1314 2447 1383 Περὶ
2479 1314 2589 1383 τῆς
2640 1314 2862 1380 τάξεως
2890 1312 3009 1366 τῶν
3043 1312 3382 1381 ἐγκαινίων.

2131 1429 2285 1498 Πρωτ
2322 1430 2377 1482 δὲ
2411 1429 2797 1498 συναγομένων
2845 1429 2952 1480 τῶν
2981 1426 3283 1497 κληρικῶν,
3316 1426 3348 1496 ἢ
3380 1428 3408 1479 ό
3440 1427 3629 1495 ἀρχιε-

2063 1524 2187 1592 ρεὺς
2214 1523 2396 1588 αὐτὸς,
2430 1524 2539 1575 εἴτε
2581 1524 2608 1576 ὁ
2643 1522 2841 1592 ἱερεὺς,
2872 1525 2939 1575 τά
2986 1521 3237 1589 ὲγκαίνια
3268 1517 3493 1573 ὲκτελεϊ.
3526 1518 3631 1571 Καὶ

2052 1612 2375 1683 ’ἀρξαμένης
2411 1614 2688 1677 λιτανείας
2742 1617 2879 1682 μετὰ
2928 1613 3116 1681 κηρῶν
3164 1613 3259 1664 καὶ
3297 1609 3517 1679 φώτων,
3551 1610 3630 1671 εἰς

2059 1706 2148 1758 τὸν
2184 1706 2397 1776 πρῶτον
2434 1709 2561 1760 ναὸν
2579 1707 2928 1775 ἀπέρχονται,
2953 1705 3083 1757 ἔνθα
3124 1702 3474 1772 προαπετέθη
3504 1701 3628 1751 τότε

382 1811 572 1874 czenia,
625 1823 795 1863 sacra:
823 1805 1066 1872 reliquiae
1099 1804 1249 1873 prius
1282 1808 1437 1855 erant
1463 1801 1744 1869 depositae.
1769 1797 1957 1866 Ibique

2069 1801 2117 1851 ὲν
2155 1802 2221 1869 τῇ
2253 1798 2583 1865 καθιερώσει
2637 1798 2732 1851 τοῦ
2781 1798 2849 1850 τὰ
2888 1796 3139 1864 ὲγκαίνια
3173 1794 3388 1863 ἔχοντος
3414 1791 3543 1847 ναοῦ
3566 1792 3632 1844 τὰ

379 1898 667 1955 sacerdote
731 1897 1004 1966 liturgiam
1070 1894 1324 1958 faciente,
1386 1890 1687 1962 gloriﬁcant
1742 1890 1795 1943 bi
1855 1888 1949 1958 qui

393 1992 637 2046 litaniam
695 1996 1093 2058 exsequuntur,
1159 1996 1353 2041 cantus
1399 1985 1653 2055 proprios
1713 1999 1744 2037 a
1810 1998 1953 2037 novo

379 2086 584 2155 templo
657 2098 828 2154 usque
893 2083 958 2136 ad
1013 2080 1296 2149 antiquum
1353 2074 1670 2148 psallentes.
1752 2073 1957 2129 Deinde

385 2178 441 2232 in
497 2179 725 2247 antiquo
786 2174 985 2243 templo
1037 2172 1271 2238 liturgize
1311 2169 1619 2237 antipltona:
1675 2166 1952 2243 dicuntur,

383 2284 560 2337 usque
602 2271 667 2321 ad
699 2267 935 2336 primum
964 2264 1273 2337 introitum,
1304 2263 1511 2316 dictum
1550 2275 1815 2330 parvum;
1850 2274 1946 2313 ex-

382 2334 508 2413 Iiin—c
551 2334 879 2427 signiiicato,
939 2356 1083 2424 quod
1136 2334 1291 2422 juxt'a
1346 2352 1690 2407 traditionem
1750 2364 1951 2404 novum

382 2449 641 2517 templum
700 2448 894 2502 exinde
945 2444 1245 2515 perfectum
1298 2452 1399 2499 est.
1460 2441 1615 2496 Tunc
1665 2441 1758 2511 qui
1802 2442 1958 2494 litur-

383 2540 524 2610 giam
582 2539 653 2592 ibi
707 2539 948 2594 celebrat
982 2536 1241 2591 sacerdos
1271 2534 1336 2587 ad
1381 2534 1554 2587 altare
1589 2532 1677 2586 hic
1708 2532 1945 2601 positum

384 2631 705 2701 ingreditur,
763 2638 817 2684 et
871 2644 931 2683 ea
969 2644 1089 2698 quae
1138 2636 1265 2682 sunt
1294 2624 1526 2694 liturgia:
1583 2622 1830 2692 perﬁcit;
1865 2622 1958 2691 qui

389 2741 517 2780 vero
541 2724 785 2780 litaniam
805 2724 1333 2792 exsequuntur,lpost
1353 2721 1611 2774 introitus
1633 2718 1959 2783 orationem,

384 2820 738 2889 egrediuntur
774 2815 995 2884 ’templo
1027 2813 1380 2880 litaniamque
1440 2826 1633 2866 rursus
1687 2820 1855 2878 agunt
1892 2808 1959 2863 ad

388 2926 586 2964 novum
612 2908 869 2974 templum
894 2908 1181 2967 abeuntes,
1228 2901 1428 2955 lumina
1454 2901 1708 2965 ferentes,
1758 2908 1810 2953 et
1835 2912 1961 2967 pro-

386 3004 532 3071 prius
553 2996 757 3055 cantus
775 3007 829 3052 ut
851 2999 904 3051 in
926 2995 1344 3051 consecratione
1376 2993 1752 3048 concinentes.
1783 2988 1917 3042 Cum
1936 3015 1952 3027 ο

385 3108 491 3163 que
519 3106 686 3161 pr0pe
707 3090 969 3157 templum
999 3086 1127 3141 facti
1149 3097 1299 3151 sunt,
1336 3098 1531 3153 magna
1558 3097 1687 3136 voce
1710 3091 1789 3133 ter
1824 3094 1960 3134 can—

386 3193 541 3238 hut:
614 3200 632 3233 ι
670 3180 849 3234 Gloria
876 3180 993 3241 tibi,
1025 3179 1245 3233 Christe
1292 3177 1470 3241 Deus;
1516 3193 1533 3226 ι
1590 3185 1644 3229 et
1698 3173 1957 3226 intrantes

2069 3174 2255 3245 ᾅδουσι
2285 3174 2365 3237 τὸ,
2397 3192 2415 3226 ι
2450 3174 2587 3238 Δόξα
2624 3192 2726 3239 σοι,
2776 3176 2981 3247 Χριστὲ
3009 3179 3036 3229 ὁ
3068 3175 3199 3237 θεός
3224 3193 3240 3210 .

390 3281 442 3330 in
475 3274 792 3339 uartheeeu,
827 3272 1029 3327 clausis
1068 3270 1332 3339 Speciosis
1368 3269 1558 3338 partis,
1599 3268 1958 3321 extrinsecus

386 3370 607 3436 quidem
670 3367 816 3419 hoc:
877 3382 897 3415 ι
932 3363 1175 3417 Attollite
1240 3369 1443 3431 portas,
1490 3378 1507 3411 ι
1550 3375 1669 3413 cum
1727 3355 1959 3411 melodia

384 3466 659 3512 cantores'
734 3454 1024 3519 iutouant;
1112 3453 1440 3506 intrinsecus
1512 3457 1692 3501 autem
1769 3446 1957 3501 istud:

390 3568 411 3601 ι
470 3548 603 3614 Quis
650 3554 745 3600 est
803 3545 945 3598 iste?
1007 3562 1025 3595 ι
1064 3542 1275 3611 ,επιειτί
1341 3552 1592 3596 cantores
1640 3540 1959 3603 concinnat,

385 3642 608 3711 angelos
664 3639 717 3692 in
770 3637 1090 3693 ascensione
1113 3636 1314 3690 Christi
1384 3632 1681 3686 imitantes.
1730 3630 1796 3683 Et
1857 3629 1961 3682 hoc

387 3744 469 3789 ter
497 3734 716 3788 dicitur.
750 3730 955 3786 Ultimo
975 3745 1102 3784 vero
1136 3742 1258 3781 cum
1297 3726 1372 3779 illi
1403 3724 1496 3793 qui
1524 3721 1657 3776 foris
1704 3728 1834 3774 sunt
1865 3734 1955 3774 ca-

390 3836 556 3881 nunt:
601 3844 619 3876 ι
661 3824 924 3879 Dominus
981 3822 1284 3880 virtutum;
1326 3834 1343 3865 ›
1383 3813 1542 3882 quasi
1572 3826 1665 3867 eos
1696 3812 1786 3879 qui
1829 3818 1959 3865 sunt

389 3918 534 3971 intus
583 3916 871 3968 edocentes
926 3910 993 3963 de
1042 3907 1170 3962 Jesu
1234 3904 1479 3968 Christo,
1540 3917 1665 3971 rege
1721 3901 1948 3970 gloriae:

400 4027 419 4060 ι
465 4008 554 4062 hic
588 4013 671 4061 est
708 4004 975 4058 Dominus
1007 4001 1291 4061 virtutum,
1328 4015 1346 4048 ι
1379 3994 1619 4063 pontifex
1655 3993 1737 4047 vel
1771 4008 1956 4049 sacer-

384 4100 490 4155 dos
563 4112 738 4167 genua
801 4096 1030 4148 llectens
1098 4104 1261 4159 super
1322 4097 1569 4158 paratum
1613 4095 1843 4155 tapetem
1902 4092 1959 4138 et

389 4189 692 4259 pulvinum,
747 4186 1049 4239 orationem
1083 4180 1451 4235 enea-piorum
1480 4178 1612 4231 dicit
1639 4187 1692 4230 et
1726 4189 1957 4244 surgens

391 4281 580 4353 adjicit
640 4287 1038 4345 consequenter
1100 4275 1361 4327 introitus
1422 4271 1779 4330 orationem;
1841 4267 1957 4335 sig-

389 4382 638 4438 nansque
679 4377 887 4435 portas,
929 4364 1124 4433 aperit,
1151 4372 1207 4415 et
1238 4360 1541 4428 ingreditur
1595 4372 1716 4409 cum
1753 4356 1837 4409 his
1863 4355 1956 4422 qui

388 4477 513 4515 cum
553 4461 670 4527 ipso
739 4465 883 4515 sum,
914 4464 968 4507 et.
1020 4454 1225 4506 interea
1263 4451 1484 4503 canitur
1510 4448 1562 4499 iu
1600 4446 1845 4513 ingressu
1903 4454 1959 4498 et

388 4565 654 4624 processu
710 4550 775 4604 ad
818 4548 1023 4601 altare:
1093 4563 1111 4596 ι
1147 4544 1321 4609 Quam
1362 4539 1586 4610 superni
1638 4537 1963 4591 lirmamenti

388 4646 676 4707 decorem;
714 4660 732 4693 ι
769 4644 821 4696 in
864 4655 929 4695 eo
983 4639 1127 4710 quod
1152 4638 1348 4691 caelum
1383 4634 1613 4686 alterum
1662 4646 1783 4684 esse
1833 4646 1968 4686 con-

390 4735 581 4789 cinunt
633 4733 940 4795 ecclesiam,
1000 4744 1122 4799 quia:
1198 4738 1418 4796 quoque
1498 4730 1607 4777 tota
1700 4721 1969 4776 luminosa

390 4836 476 4881 est
537 4840 632 4889 per
669 4822 818 4878 faces
845 4836 908 4875 ac
937 4820 1237 4890 lampades,
1303 4819 1347 4870 si
1397 4815 1619 4885 quidem
1669 4814 1823 4868 facile
1862 4823 1967 4879 est,

391 4920 435 4973 si
498 4934 603 4971 non
656 4931 751 4985 per
812 4930 874 4968 ea
931 4927 1052 4982 quae
1103 4919 1232 4967 sunt
1298 4911 1352 4963 in
1421 4916 1712 4979 potestate,
1750 4922 1961 4961 necnon

394 5012 616 5064 incenso
672 5004 933 5075 repletur.
988 5003 1050 5055 Et
1111 5004 1186 5057 ita
1244 5002 1385 5057 sacri
1454 4999 1701 5072 mysterii
1754 4999 1963 5066 reliqua

392 5102 766 5171 complentur;
842 5106 897 5152 et
946 5110 1043 5166 pro
1118 5095 1429 5150 Clierubico
1486 5092 1632 5148 istud
1687 5110 1705 5142 ι
1744 5088 1911 5143 Sileat
1944 5108 1962 5140 ι

391 5193 626 5254 canitur,
664 5201 921 5261 tauquam
988 5188 1042 5241 in
1076 5185 1529 5249 consecratione;
1587 5197 1684 5252 pro
1721 5182 1828 5236 alio
1874 5197 1972 5234 au-

393 5297 500 5338 tem
555 5286 852 5347 communi,
917 5300 937 5334 ι
975 5280 1221 5344 Domine,
1258 5278 1421 5332 dilexi
1479 5277 1735 5331 decorem
1774 5274 1970 5328 domus

392 5386 516 5430 tum.
553 5395 570 5426 ι
630 5376 924 5443 Aposwlus
971 5386 1150 5427 autent
1219 5380 1273 5426 et
1331 5355 1679 5439 EVangeliuIn
1757 5366 1809 5420 in
1874 5383 1971 5419 en-

392 5470 561 5522 camia
615 5469 886 5537 leguntur.
957 5465 1092 5530 Quae
1144 5474 1292 5521 certe
1354 5463 1593 5533 reperies
1627 5461 1681 5515 iu
1726 5460 1968 5529 antiquis

404 5558 711 5628 Evangeliis
744 5557 891 5612 circa
924 5558 1241 5625 vigesimam
1269 5553 1563 5610 secundam
1616 5561 1711 5625 aut
1769 5551 1965 5622 vigesi-

393 5666 536 5705 mam
590 5651 807 5705 tertiam
848 5649 1193 5704 Decembris.

2064 1888 2193 1956 ἅγια
2245 1887 2495 1955 λείψανα.
2550 1888 2728 1940 Κάκεῖ
2774 1885 3218 1956 λειτουργοῦντος
3258 1881 3348 1934 τοῦ
3417 1880 3632 1949 ἱερέως,

2063 1980 2440 2049 δοξολογοῦσιν
2477 1982 2524 2033 οἱ
2573 1978 2966 2043 λιτανεύοντες,
3012 1978 3081 2030 τά
3134 1975 3377 2046 ίδιόμελα
3406 1972 3513 2027 ἀπὸ
3542 1971 3633 2025 τοῦ

2068 2073 2189 2125 νέου
2222 2074 2344 2141 ἄχρι
2374 2072 2469 2125 τοῦ
2502 2071 2737 2126 παλαιοῦ
2769 2070 2899 2125 ναοῦ
2959 2070 3273 2140 ψάλλοντες.
3310 2069 3541 2119 Ἔπειτα
3568 2065 3634 2117 τὰ

2066 2162 2165 2232 τῆς
2216 2164 2559 2233 λειτουργίας
2600 2164 2876 2232 ἀντίφωνα
2919 2162 3172 2228 λέγονται
3207 2163 3264 2212 ἐν
3293 2158 3372 2228 τῷ
3417 2157 3633 2226 παλαιῷ

2066 2254 2180 2322 ναῷ
2208 2255 2336 2324 ἄχρι
2384 2256 2485 2323 τῆς
2531 2255 2757 2325 πρώτης
2809 2255 3037 2319 εἰσόδου,
3083 2254 3181 2320 τῆς
3209 2253 3516 2320 λεγομένης
3545 2269 3633 2319 μι-

2066 2350 2204 2417 κρᾶς
2232 2364 2249 2380 ο
2280 2351 2343 2400 ἐκ
2362 2348 2551 2400 τούτου
2584 2348 2961 2415 δεικνυμένου,
2987 2347 3069 2398 ὃτι
3103 2344 3247 2397 κατὰ
3274 2342 3525 2411 διαδοχὴν
3551 2341 3634 2392 ὲν-

2065 2442 2256 2495 τεῦθεν
2285 2443 2312 2495 6
2335 2442 2455 2505 νέος
2486 2439 2614 2503 ναὸς
2640 2440 3006 2507 τετελείωται.
3039 2438 3174 2490 Τότε
3198 2436 3254 2489 δὲ
3278 2436 3305 2488 6
3329 2434 3428 2502 μὲν
3456 2434 3632 2486 ἐκεῖσε

2066 2533 2403 2605 λειτουργῶν
2435 2534 2615 2604 ἱερεὺς
2645 2532 2908 2585 είσοδεύει
2942 2532 3018 2593 είς
3047 2532 3106 2583 τὸ
3133 2532 3309 2591 ἐκεῖσε
3338 2527 3632 2595 Θυσιαστή-

2069 2642 2206 2691 ριον,
2241 2626 2429 2681 καὶτὰ
2450 2627 2551 2693 τῆς
2582 2624 2925 2693 λειτουργίας
2960 2624 3199 2675 ἐκτελεῖ⁹
3239 2625 3287 2674 ol
3326 2613 3633 2676 λιτανεύον-

2070 2736 2160 2781 τες
2208 2720 2263 2771 δὲ
2308 2720 2444 2788 μετὰ
2487 2718 2585 2788 τὴν
2618 2718 2715 2786 τῆς
2756 2717 2959 2770 εἰσόδου
2994 2718 3160 2785 εὐχὴν
3198 2714 3509 2784 ἐξέρχονται
3546 2711 3635 2765 τοῦ

2069 2809 2223 2874 ναοῦ,
2276 2808 2370 2862 καὶ
2422 2807 2791 2871 λιτανεύουσιν
2845 2803 2999 2871 αὖθις
3058 2810 3136 2869 είς
3189 2807 3281 2859 τὸν
3332 2806 3452 2858 νέον
3510 2807 3635 2859 ναδν

2070 2890 2457 2970 ἀπερχόμενοι,
2483 2899 3035 2971 λαμπαδηφοροῦντές
3060 2917 3119 2953 τε
3144 2898 3238 2952 καὶ
3259 2898 3326 2950 τὰ
3349 2898 3510 2954 λοιπὰ
3532 2900 3636 2953 τᾶν

2083 2993 2363 3061 ίδιομέλων
2392 2992 2467 3054 ὡς
2512 2992 2598 3044 καὶ
2634 2994 2691 3044 ἐν
2713 2995 2777 3063 τῇ
2807 2990 3134 3061 καθιερώσει
3179 2993 3494 3063 μέλποντες.
3530 2994 3634 3048 Καὶ

2070 3084 2233 3151 ἐγγὺς
2268 3084 2545 3152 γενόμενοι
2577 3083 2734 3155 124,
2774 3082 2866 3137 τοῦ
2896 3084 3023 3137 ναοῦ
3047 3126 3061 3150 ,
3094 3085 3492 3154 μεγαλοφώνως
3522 3087 3637 3155 τρὶς

3283 3195 3301 3227 ι
3333 3177 3428 3230 καὶ
3464 3177 3608 3229 είσελ
3621 3206 3636 3218 -

2073 3266 2257 3327 Οόντες
2288 3266 2377 3318 τὸν
2416 3266 2687 3336 νάρθηκα,
2731 3268 3060 3336 κλειομένων
3117 3269 3223 3320 τῶν
3272 3268 3489 3339 ὡραίων
3540 3287 3637 3320 πυ·

2079 3358 2208 3421 λῶν,
2233 3358 2432 3422 ἔξωθεν
2454 3359 2554 3426 μὲν
2580 3359 2658 3425 τὸ,
2696 3378 2713 3410 ι
2748 3361 2949 3428 Ἀρατε
2981 3359 3174 3423 πύλας,
3213 3378 3231 3411 ι
3271 3361 3407 3429 μετὰ
3444 3360 3638 3429 μέλους

2071 3453 2119 3503 οἱ
2174 3451 2377 3519 ψάλται
2415 3451 2659 3523 ᾅδουσιν,
2707 3452 2916 3505 ἔνδοθεν
2950 3453 3006 3505 δὲ
3044 3452 3121 3516 τὸ,
3162 3471 3180 3502 ι
3223 3452 3318 3514 Τίς
3352 3454 3502 3505 ἐστιν
3549 3447 3639 3508 οὗ·

2072 3562 2185 3606 τος,
2229 3563 2247 3596 ι
2300 3545 2348 3596 oi
2379 3544 2559 3596 λοιποὶ
2586 3543 2807 3612 ψάλται,
2847 3544 3275 3611 τοὺς-ἀγγέλους
3311 3543 3638 3613 μιμούμενοι

2072 3636 2165 3688 ἐπὶ
2197 3639 2263 3705 τῇ
2301 3635 2561 3705 ἀναλήψει
2614 3634 2873 3705 Χριστοῦ.
2911 3635 3021 3688 Καὶ
3055 3636 3211 3689 τοῦτο
3248 3634 3464 3705 λέγεται
3498 3636 3637 3707 τρίς.

2075 3728 2345 3798 ’Υστερον
2381 3729 2436 3781 δὲ
2472 3728 2579 3780 τῶν
2618 3727 2813 3794 ἔξωθεν
2853 3726 3183 3795 ψαλλόντων,
3222 3747 3239 3780 ι
3283 3728 3486 3798 Κύριος
3531 3729 3637 3781 τῶν

2074 3822 2380 3890 δυνάμεων,
2423 3839 2441 3871 ι
2485 3822 2649 3873 οἱονεὶ
2702 3820 2828 3881 τοὺς
2880 3819 3030 3881 ἐντὸς
3086 3819 3450 3875 διδασκόντων
3509 3823 3637 3893 περ)⁸

2084 3913 2263 3983 Ἰησοῦ
2283 3911 2634 3982 Χριστοῦιτοῦ
2656 3912 2921 3981 βασιλέως
2942 3913 3038 3981 τῆς
3065 3911 3241 3983 δόξης,
3257 3931 3274 3964 ι
3306 3909 3473 3975 Οὗτός
3492 3914 3637 3965 ἐστιν

2071 4009 2099 4061 6
2130 4007 2334 4077 Κύριος
2378 4006 2556 4058 αὐτῶν
2600 4006 2710 4057 τῶν
2742 4006 3046 4075 δυνάμεων,
3080 4025 3098 4058 ι
3133 4007 3160 4059 6
3200 4008 3509 4076 ἀρχιερεὺς,
3541 4008 3571 4076 ἢ
3612 4009 3637 4057 6

2074 4099 2275 4167 ἱερεὺς,
2303 4098 2431 4166 γόνυ
2469 4097 2665 4149 κλίνων
2695 4098 2787 4149 ἐπὶ
2833 4098 3245 4167 εὐτρεπισμένῳ
3292 4099 3494 4168 τάπητι
3543 4099 3637 4151 καὶ

2077 4190 2500 4260 προσκεφαλαίῳ
2542 4189 2638 4259 τὴν
2670 4189 2834 4258 εὐχὴν
2868 4189 3014 4255 λέγει
3042 4189 3149 4242 τῶν
3190 4190 3517 4255 ὲγκαινίων’
3547 4190 3636 4241 κα)

2073 4283 2335 4349 ἐγερθεὶς,
2360 4282 2610 4350 ἐπιφέρει
2633 4281 2729 4352 τὴν
2755 4283 2851 4351 τῆς
2877 4281 3084 4334 εἰσόδου
3107 4282 3419 4344 ἀκολούθως
3449 4281 3636 4351 εὐχήνο

2077 4372 2168 4423 καὶ
2199 4373 2514 4441 σφραγίζων
2552 4374 2649 4435 τὰς
2683 4372 2878 4438 πύλας,
2910 4372 3188 4439 ἀνοίγνυσί
3224 4389 3280 4423 τε
3310 4373 3403 4424 καὶ
3447 4374 3640 4425 εἴσεισι

2072 4463 2169 4514 σὺν
2203 4465 2314 4523 τοῖς
2360 4464 2455 4514 σὺν
2501 4463 2671 4533 αὐτῷ,
2703 4462 3015 4532 ψαλλόντων
3045 4465 3159 4532 ἅμα
3209 4464 3265 4514 ὲν
3298 4464 3373 4533 τῷ
3403 4465 3640 4532 εἰσέρχε-

2074 4552 2196 4605 σθσι
2228 4554 2317 4604 καὶ
2349 4552 2644 4605 εἰσοδεύειν
2682 4554 2761 4615 είς
2805 4554 2865 4604 τὸ
2907 4552 3314 4624 ουσιαστὴριον,
3359 4572 3375 4604 ι
3432 4552 3639 4612 Ὡςτοῦ

2072 4646 2183 4698 ἀνω
2217 4647 2591 4713 στερεώμσιτο;
2614 4644 2710 4714 τὴν
2728 4645 3085 4713 εὐπρέπειαν,
3119 4664 3135 4696 ι
3165 4644 3237 4707 ὡς
3269 4646 3497 4715 οὐρανὸν
3524 4645 3641 4698 ἓτε-

2075 4751 2167 4804 ρον
2221 4735 2585 4805 άνυμνοῦντες
2644 4736 2742 4804 τὴν
2807 4736 3153 4806 Ἐκκλησίαν,
3205 4739 3235 4805 ἥ
3278 4739 3371 4789 καὶ
3407 4738 3551 4789 ἔστιν
3584 4740 3641 4791 ὁ·

2073 4823 2310 4892 λόφωτος
2346 4825 2435 4878 διὰ
2471 4825 2769 4893 λαμπάδων
2816 4842 2876 4878 τε
2931 4830 3025 4879 καὶ
3062 4828 3443 4897 φωταγωγῶν,
3479 4831 3638 4899 εἴπερ

2072 4919 2221 4969 ἐστὶν
2254 4918 2479 4985 εὐπορία
2505 4932 2518 4946 ·
2562 4918 2611 4968 εί
2668 4917 2711 4969 δ’
2771 4914 2884 4984 οῦν,
2918 4919 3024 4972 τῶν
3060 4922 3199 4973 κατὰ
3256 4921 3509 4990 δύναμιν,
3543 4923 3637 4974 καὶ

2075 5008 2416 5076 θυμιάματος
2450 5007 2855 5076 ἐκπληροῦσαι*
2893 5012 2987 5063 καὶ
3023 5008 3163 5062 οῦτω
3208 5011 3276 5063 τὰ
3324 5010 3489 5062 λοιπά
3532 5012 3638 5080 τῆς

2052 5098 2226 5159 ,θείας
2257 5097 2558 5151 ὲκτελεῖται
2620 5101 3030 5167 μυσταγωγίσς.
3068 5100 3177 5153 Καὶ
3230 5102 3352 5153 ἀντὶ
3382 5101 3643 5169 Χερουϐι-

2071 5190 2169 5244 κοῦ
2214 5191 2311 5260 μὲν
2368 5191 2450 5256 τὸ,
2487 5210 2505 5242 ι
2552 5192 2865 5261 Σιγησάτω,
2922 5211 2939 5244 ι
2980 5193 3186 5262 ᾅδεται,
3233 5193 3305 5253 ὡς
3342 5194 3433 5245 καὶ
3466 5195 3523 5243 ὲν
3573 5195 3638 5262 τῇ

2072 5281 2398 5351 καθιερώσει
2426 5297 2441 5311 ·
2476 5283 2594 5333 ἀντὶ⁵
2628 5281 2682 5332 δὲ
2716 5282 2873 5335 ἄλλου
2902 5281 3218 5335 κοινωνικοῦ
3257 5285 3337 5346 τὸ,
3374 5299 3393 5334 ι
3443 5283 3636 5352 Κύριε,

2070 5375 2332 5443 ἠγάπησα
2366 5375 2702 5445 εὐπρέπειαν
2739 5380 2889 5429 οἴκου
2928 5394 3049 5432 σου.
3099 5397 3116 5428 ι
3172 5379 3278 5429 Καὶ
3315 5378 3639 5437 Ἀπόστολος

2072 5466 2127 5517 δὲ
2163 5469 2256 5520 καὶ
2290 5466 2628 5533 Εὑαγγέλιον
2661 5468 2727 5518 τὰ
2778 5469 2886 5520 τῶν
2932 5471 3223 5532 ὲγκαινίων
3267 5468 3642 5538 ἀναγινώσκε-

2070 5570 2182 5607 ται,
2239 5557 2303 5606 Ἀ
2348 5556 2411 5623 δὴ
2464 5558 2559 5610 καὶ
2613 5558 2867 5629 εὑρήσεις
2899 5560 2958 5612 ὲν
2993 5561 3237 5623 παλαιοῖς
3277 5561 3635 5628 Εὖαγγελίοις

2076 5644 2217 5696 κατὰ
2252 5648 2350 5714 τὴν
2384 5646 2636 5717 εἰκοστὴν
2669 5649 2927 5719 δευτέραν
2960 5651 3053 5703 τοῦ
3109 5650 3451 5721 Δεκεμϐρίου
3483 5650 3513 5721 ἢ
3543 5649 3641 5719 τὴν

2074 5738 2319 5806 εἰκοστὴν
2352 5740 2556 5807 τρίτην.
