4044 6198
380 310 479 373 331

910 419 1140 476 CAPUT
1178 417 1416 477 CXXVI.

381 541 560 607 Quare
584 552 845 610 unguento
877 542 1115 612 reliquit!
1136 541 1551 610 perfunduntur,
1581 544 1955 610 ponanturque

986 614 1080 666 sub
1109 613 1298 666 altari.

462 705 685 770 Deinde,
739 720 922 760 sacras
972 705 1231 774 reliquias
1286 705 1340 759 in
1401 706 1555 759 theca
1590 711 1842 774 argentea
1873 701 1955 755 vel

382 812 520 849 aurea
573 796 654 851 vel
711 797 916 866 lapidea
981 797 1130 865 prius
1169 806 1358 866 parata
1417 799 1684 860 inserens,
1717 795 1953 849 divinam

387 883 523 960 ipsis
582 891 858 960 myrrham
897 890 1138 963 infundit
1175 909 1187 945 :
1222 889 1499 959 conjuncti
1552 904 1786 958 namque
1831 897 1957 941 sunt

385 982 603 1036 Christo
636 997 762 1036 vero
810 992 1111 1052 unguento,
1141 982 1519 1051 suavitateque
1550 981 1735 1050 gratiae
1768 978 1954 1048 repleti

387 1083 654 1145 martyres
679 1094 692 1139 ;
719 1075 940 1128 insimul
975 1084 1153 1128 autem
1186 1075 1288 1128 hoc
1316 1076 1367 1127 in
1389 1073 1727 1142 sepulturam
1753 1070 1955 1126 Christi

386 1174 441 1218 et
478 1164 706 1219 istorum
741 1164 999 1227 ostendit,
1033 1162 1302 1233 siquidem
1353 1162 1517 1217 etiam
1595 1163 1695 1216 sub
1751 1159 1955 1215 Christi

386 1257 737 1325 sepulcrum,
808 1271 1021 1310 sacram
1093 1255 1303 1309 scilicet
1364 1268 1631 1316 mensam,
1701 1261 1957 1320 tanquam

385 1349 582 1418 sepulti
618 1348 985 1416 deponuntur,
1035 1355 1088 1400 et
1153 1345 1412 1414 quoniam
1453 1358 1717 1412 passurus
1784 1351 1954 1410 atque

387 1442 728 1510 sepeliendus
777 1440 1028 1495 Salvator
1086 1439 1334 1494 mulieris
1363 1446 1642 1509 unguento
1701 1438 1960 1490 intinctus

385 1544 490 1586 est.
513 1531 665 1585 Tunc
693 1531 920 1584 involvit
955 1531 1059 1583 hoc
1084 1529 1250 1584 veluti
1305 1528 1663 1596 marsnpium,
1699 1536 1755 1580 et
1802 1524 1961 1579 undi-

387 1638 492 1692 que
516 1622 691 1674 munit
725 1619 988 1690 ponlifex,
1049 1635 1116 1673 ne
1148 1617 1279 1688 quid
1317 1632 1594 1672 sacrarum
1624 1616 1842 1670 illarum
1879 1630 1964 1668 re-

390 1715 679 1782 liquiarum
705 1711 1001 1776 auferatur,
1030 1711 1239 1779 subque
1277 1723 1517 1763 mensam
1555 1708 1653 1763 has
1700 1707 1964 1774 reliquias

1241 275 2391 375 svnEO-Nis'rHESSALONmENSIS
2429 311 2778 377 ARCHIEP.

3531 313 3635 378 332

2612 426 3087 496 KE¢AA.Pan

2065 543 2166 594 Δια
2197 541 2253 595 τι
2285 542 2480 610 μύρον
2510 542 2811 610 ἐπικέεται
2853 543 2981 609 τοῖς
3013 541 3351 609 λειψάνοις,
3385 540 3483 594 καὶ
3519 540 3637 596 ὑπὸ

2346 613 2412 664 τὸ
2441 613 2884 680 θυσιαστήριον
2915 613 3354 666 κατατίθενται.

2138 702 2274 755 Εἶτα
2338 705 2406 754 τὰ
2477 703 2707 770 λείψανα
2769 704 2826 755 ὲν
2883 703 3254 774 γλωσσοκόμῳ
3325 702 3633 774 ἀργυρῷῆ

2068 796 2250 865 χαλκῷ
2300 793 2334 866 ἢ
2387 793 2572 863 λιθίνῳ
2613 796 3137 866 προευτρεπισμένῳ
3181 795 3492 864 ἐνθέμενος,
3547 797 3639 848 καὶ

2559 887 2704 942 θεῖον
2761 888 2979 958 ἐκχέας,
3035 887 3308 958 ήνωμένοι
3362 889 3472 958 γάρ
3533 889 3639 941 εισι

2066 981 2286 1051 Χριστῷ
2326 981 2402 1050 τῷ
2451 980 2691 1052 ἀληθινῷ
2744 980 2924 1052 μύρῳ,
2982 982 3077 1034 καὶ
3122 981 3219 1051 τῆς
3276 980 3503 1041 εὐωδίας
3541 979 3640 1047 τῆς

2065 1074 2288 1143 χάριτος
2337 1073 2386 1124 οἱ
2446 1074 2722 1144 μάρτυρες
2765 1073 3010 1142 ἔμπλεοι,
3047 1073 3160 1142 ἅμα
3196 1071 3250 1124 δὲ
3292 1072 3387 1124 καὶ
3436 1068 3528 1122 τὸν
3559 1071 3644 1122 ἐν·

2066 1166 2382 1256 τοιφιασμονν
2425 1165 2665 1234 Χριστοῦ
2723 1166 2819 1218 καὶ
2870 1163 3080 1217 τούτων
3131 1164 3330 1235 δηλῶν,
3360 1162 3483 1213 ἐπεὶ
3540 1161 3636 1214 καὶ

2073 1258 2178 1311 ὑπὸ
2224 1259 2314 1311 τὸν
2357 1249 2530 1327 τάφον
2573 1255 2836 1328 Χριστοῦ,
2894 1255 2992 1326 τὴν
3034 1255 3189 1328 ἱερὰν
3217 1249 3517 1327 τράπεζαν,
3566 1251 3643 1314 ὡς

2070 1351 2401 1416 θαπτόμενοι
2439 1348 2846 1414 κατατίθενται,
2893 1348 2989 1401 καὶ
3036 1347 3118 1400 ὅτι
3162 1345 3371 1416 μέλλων
3409 1345 3641 1411 πάσχειν

2069 1443 2162 1496 καὶ
2193 1441 2494 1494 θάπτεσθαι
2526 1443 2601 1511 τῷ
2632 1439 2888 1508 γυναικὸς
2920 1440 3078 1510 μύρῳ
3099 1439 3357 1508 inﬁmo
3379 1440 3404 1491 ὁ
3428 1436 3639 1505 Σωτῆρι

2071 1533 2334 1598 σκεπάζει
2376 1531 2439 1584 τὸ
2472 1531 2547 1595 ὡς
2586 1531 2972 1602 γλωσσόκομον
2999 1531 3200 1595 ἐκεῖνο,
3245 1529 3339 1582 καὶ
3375 1527 3642 1582 πάντοθεν

2070 1624 2481 1694 ἀτφαλίζεταιὸ
2541 1624 2854 1695 ἀρχιερεὺς,
2914 1624 3004 1678 ἵνα
3061 1624 3234 1692 μήτι
3295 1623 3404 1675 τῶν
3469 1620 3643 1686 ἁγίων

2073 1717 2298 1769 ἐκείνων
2328 1715 2599 1784 λειψάνων
2623 1715 2921 1786 ἀφαιρεθῇ.
2953 1717 3066 1768 Kai.
3095 1713 3201 1768 ὑπὸ
3227 1714 3326 1786 τὴν
3359 1713 3644 1784 τράπεζαν

2069 890 2241 959 μύρον
2305 889 2488 951 αὐτοῖς

390 1809 512 1860 loco
579 1806 1054 1859 fundamentorum
1137 1804 1379 1873 deponit,
1456 1802 1716 1871 quoniam
1797 1800 1962 1854 etiam

2074 1806 2140 1869 ὥς
2168 1806 2455 1875 θεμελίους
2477 1805 2648 1858 ταῦτα
2676 1807 2745 1859 τὰ
2770 1805 3001 1875 λείψανα
3036 1805 3408 1877 κατατίθησιν,
3434 1806 3516 1858 ὅτι
3551 1801 3645 1854 καί

391 1909 519 1954 sunt
553 1938 568 1958 ,
609 1909 661 1952 et
689 1899 809 1952 sine
838 1897 940 1950 illis
976 1911 1083 1950 non
1114 1903 1290 1964 potest
1348 1894 1463 1948 fieri
1498 1908 1741 1946 sacrum.
1791 1890 1965 1960 Depo-

390 2002 595 2045 nuntur
635 1999 812 2042 autem
847 1988 1036 2041 subter
1062 2000 1308 2041 mensam
1338 1984 1528 2039 ciborii
1555 1988 1724 2045 intus.
1772 1982 1825 2036 in
1854 1997 1965 2035 me-

401 2086 496 2138 dio
520 2085 752 2137 duarum
776 2081 1156 2134 columnarum
1216 2078 1279 2131 ad
1333 2078 1602 2131 orientem
1665 2074 1967 2129 consisten-

389 2183 544 2234 lium,
606 2173 864 2242 quoniam
921 2180 974 2225 et
1013 2170 1098 2224 isti
1122 2178 1251 2224 sunt
1275 2168 1398 2223 fidei
1435 2169 1725 2232 columnae,
1784 2165 1970 2220 Eccle-

389 2264 635 2331 siamqne
666 2261 1018 2314 confessione
1048 2259 1188 2312 sicut
1215 2265 1270 2312 et
1319 2258 1586 2326 sanguine
1611 2256 1964 2319 confirmant,

403 2365 454 2406 rt
488 2353 766 2407 Orientem
799 2352 914 2403 sine
975 2363 1201 2416 vespere
1258 2348 1561 2411 Christum,
1616 2345 1812 2401 imitati
1843 2354 1970 2401 sunt

392 2462 454 2499 ac
481 2444 816 2499 zelavcrunt.
846 2441 1071 2503 Deinde,
1107 2449 1393 2509 postquam
1420 2439 1722 2492 orationem
1753 2450 1965 2492 sacram

391 2520 516 2591 fecit
552 2546 606 2590 et
657 2535 863 2604 gratias
890 2548 1056 2602 super
1107 2532 1457 2600 depositione
1487 2539 1794 2600 martyrum
1833 2527 1967 2596 egit,

394 2632 604 2698 hocque
643 2627 782 2681 dixit
813 2627 1012 2681 donum
1040 2625 1172 2694 ipsis
1202 2624 1419 2679 ctelitus
1441 2636 1790 2682 concessum,
1822 2617 1966 2688 quod

392 2727 443 2777 in
478 2724 727 2776 universa
757 2728 902 2774 terra
962 2718 1415 2785 diSpergercntur
1447 2728 1638 2769 eorum
1696 2712 1967 2780 reliquim,

391 2817 446 2871 in
491 2813 913 2871 aedificationem
984 2810 1192 2864 scilicet
1250 2805 1532 2872 Ecclesiae,
1578 2814 1638 2868 et
1693 2803 1744 2857 in
1805 2815 1968 2856 cura-

391 2915 592 2964 tionem
645 2921 707 2960 ac
771 2901 1254 2960 sanctilicationem
1321 2898 1584 2960 fidelium,
1636 2903 1831 2951 exorat
1910 2901 1968 2947 ut

391 3002 655 3056 Dominus
684 3005 945 3051 consueta
1016 2992 1285 3063 prodigia,
1338 2999 1501 3045 utens
1559 2989 1684 3051 illis,
1753 2987 1808 3041 in
1864 2986 1968 3039 hoc

393 3096 592 3162 templo
647 3090 914 3160 perficiat,
993 3087 1046 3140 in
1127 3084 1429 3154 spiritalem
1512 3079 1964 3150 corporalemque

391 3188 602 3258 piorum
629 3184 987 3238 sanationem.
1024 3176 1085 3231 Et
1117 3177 1255 3231 alias
1310 3177 1507 3229 iterum
1551 3173 1803 3242 adjungil
1829 3173 1966 3226 duas

400 3280 680 3333 orationes
744 3285 802 3327 ut
857 3288 982 3326 cum
1071 3270 1203 3336 ipsis
1280 3277 1485 3337 partem
1554 3268 1851 3320 habeamus
1914 3265 1967 3318 in

394 3372 638 3433 Christo,
694 3379 903 3420 necnon
970 3378 1064 3433 per
1122 3361 1270 3429 ipsos
1333 3359 1613 3424 custoditi,
1674 3360 1849 3414 sanati
1905 3372 1970 3412 ac

394 3461 738 3518 sanctiticati.
796 3460 883 3511 hic
929 3467 980 3510 ct
1020 3455 1073 3509 in
1125 3454 1366 3506 futurum
1430 3451 1563 3505 saivi
1619 3451 1811 3506 simus.
1871 3449 1971 3504 Hic

395 3557 538 3609 enim
569 3565 652 3609 est
686 3551 974 3621 cujuslibet
1006 3547 1189 3617 operis
1218 3545 1386 3599 divini
1415 3543 1556 3606 finis,
1578 3554 1764 3598 nostra
1799 3543 1967 3597 salus.

395 3651 528 3703 Cum
594 3646 754 3716 igitur
785 3646 897 3696 haec
935 3650 1159 3710 pr0pter
1214 3638 1376 3691 istum
1441 3635 1650 3705 perficit
1687 3635 1956 3704 pontifex,

395 3743 486 3794 dat
543 3738 904 3799 occasionem,
961 3744 1012 3786 et
1062 3732 1394 3786 Tersanctus
1447 3729 1678 3783 canitur.
1752 3727 1814 3780 Et
1843 3741 1972 3782 con-

399 3834 545 3886 Iinuo
579 3843 700 3899 qua:
742 3836 871 3896 sunt
905 3825 1104 3879 divina:
1164 3836 1446 3892 sacraeque
1495 3819 1760 3875 orationis
1806 3820 1969 3888 perti-

379 3927 644 3988 ,ciuutur,-
666 3932 717 3976 et
741 3919 986 3991 quotidie
1019 3933 1192 3987 usque
1238 3917 1304 3969 ad
1331 3926 1538 3984 septem
1569 3914 1708 3979 dies,
1744 3922 1972 3984 prepter

396 4037 552 4075 sacra
610 4020 850 4088 Spiritus
912 4016 1265 4076 charismata,
1331 4013 1383 4067 in
1433 4011 1661 4083 gloriam
1731 4011 1850 4079 cjus
1878 4010 1972 4078 qui

398 4114 656 4183 templum
689 4109 1013 4164 inhabitavit
1064 4117 1120 4162 et
1149 4109 1204 4160 in
1268 4115 1609 4175 perpetuum.
1637 4105 1785 4158 Talis
1808 4104 1973 4157 etiam

397 4215 479 4261 est
527 4205 669 4258 ritus
702 4203 1069 4257 encaeniorum
1135 4197 1465 4252 sanctissimi
1536 4195 1721 4263 templi
1755 4194 1976 4260 ejusque

397 4293 869 4356 consecrationis;
922 4291 975 4342 in
1009 4301 1138 4356 quo,
1169 4286 1321 4355 juxta
1395 4295 1633 4339 veterem
1676 4283 1970 4352 quamdam

402 4387 777 4445 traditionem,
815 4381 978 4435 etiam
1047 4377 1362 4431 antiminsia
1411 4376 1801 4443 perficiuntur;
1855 4391 1975 4444 qum

2067 1898 2213 1950 εισιο
2283 1898 2375 1951 καὶ
2457 1899 2627 1967 χωρὶς
2669 1899 2892 1951 ἐκείνων
2951 1897 3052 1951 οὐκ
3105 1897 3258 1950 ἔστιν
3311 1897 3642 1966 ἱερουργεῖν.

2066 1987 2318 2042 Τίθενται
2338 1989 2394 2043 δὲ
2425 1989 2776 2044 ὑποκάτωθεν
2806 1993 2904 2060 τῆς
2932 1992 3212 2060 τραπέζης
3240 1988 3334 2044 τοῦ
3371 1988 3635 2058 κιϐωρίου

2066 2079 2237 2144 ἐντὸς,
2287 2082 2450 2150 μέσον
2479 2081 2587 2134 τῶν
2627 2081 2720 2134 δύο
2773 2083 2972 2136 κιόνων
3017 2082 3127 2135 τῶν
3183 2083 3320 2153 πρὸς
3371 2082 3638 2143 ἀνατολὰς

2069 2173 2397 2243 ἱσταμένων,
2460 2173 2583 2226 ἐπεὶ
2640 2174 2733 2226 καὶ
2795 2174 2980 2227 στύλοι
3046 2168 3192 2228 οὗτοι
3243 2175 3346 2243 τῆς
3384 2175 3644 2235 πίστεως,

2069 2267 2164 2318 καὶ
2202 2266 2573 2337 ἐπερείδοντες
2628 2267 2726 2336 τὴν
2779 2267 3108 2336 Ἐκκλησίαν
3153 2270 3219 2338 τῇ
3261 2267 3524 2338 ὁμολογία
3581 2284 3639 2318 τε

2071 2359 2165 2413 καὶ
2199 2363 2312 2422 τοῖς
2343 2361 2563 2428 αἵμασι,
2605 2361 2700 2410 καὶ
2729 2359 2826 2430 τὴν
2857 2357 3148 2427 Ἀνατολὴν
3191 2361 3290 2430 τὴν
3321 2359 3519 2412 ἀνέσπε
3533 2375 3643 2427 ρον,

2069 2453 2330 2522 Χριστὸν,
2369 2452 2814 2522 ὲκμιμησάμενοι
2878 2453 2973 2504 καὶ
3015 2451 3380 2524 ζηλώσαντες.
3415 2451 3652 2505 Ἔπειτα

2072 2547 2166 2596 καὶ
2214 2543 2380 2614 εὐχὴν
2428 2544 2802 2612 ποιησάμενος
2844 2543 3023 2612 ίερὰν,
3090 2543 3186 2595 καὶ
3239 2541 3664 2613 είικειιριστήσας¹

2073 2637 2166 2688 ἐπὶ
2198 2637 2265 2705 τῇ
2287 2633 2580 2688 καταθέσει
2613 2634 2723 2689 τῶν
2767 2633 3089 2704 μαρτύρων,
3133 2633 3412 2688 καὶτοῦτο
3439 2631 3649 2702 δωρεὰν

2072 2730 2257 2791 αὐτοῖς
2291 2724 2498 2782 ἄνωθέν
2526 2726 2817 2796 δεδομένην
2851 2725 3114 2795 εἰρηκὼς,
3159 2726 3220 2780 τδ
3255 2723 3650 2796 σκορπίζεσθαι

2068 2821 2272 2873 τούτων
2329 2821 2386 2872 ἐν
2445 2818 2593 2888 πάσῃ
2657 2820 2726 2888 γῇ
2776 2817 2846 2871 τὰ
2889 2818 3142 2888 λείψανα,
3216 2819 3299 2881 είς
3356 2815 3650 2886 οἰκοδομὴν

2069 2911 2271 2982 δηλαδὴ
2295 2911 2396 2978 τῆς
2443 2910 2793 2980 Ἐκκλησίας,
2827 2911 2922 2963 καὶ
2969 2911 3214 2980 ἰατρείαν
3253 2909 3347 2963 καὶ
3375 2908 3652 2979 ἁγιασμδν

2069 3005 2180 3056 τῶν
2214 3003 2443 3066 πιστῶν,
2491 3002 2706 3072 εὔχεται
2757 3003 2857 3066 τὰς
2906 3003 3157 3074 συνήθεις
3201 3004 3652 3072 θαυματουργίας

2069 3096 2165 3146 τὸν
2192 3093 2396 3165 Κύριον
2424 3095 2516 3146 καὶ
2550 3097 2607 3145 ὲν
2627 3094 2704 3164 τῷ
2725 3094 2836 3163 ναῷ
2856 3095 3032 3165 τούτῳ
3057 3094 3126 3148 δι’
3147 3095 3329 3149 αὐτῶν
3349 3095 3487 3149 διενε
3498 3094 3652 3165 ργείν

2073 3183 2150 3245 είς
2182 3199 2242 3235 τε
2285 3182 2524 3254 ψυχικὴν
2573 3184 2681 3236 τῶν
2713 3185 2956 3237 εὐσεϐῶν
2983 3187 3078 3239 καὶ
3131 3184 3453 3254 σωματικὴν
3487 3184 3652 3252 θερα-

2074 3275 2256 3330 πείαν.
2287 3278 2395 3328 Καὶ
2419 3276 2613 3346 ἑτέρας
2630 3274 2788 3340 αὖθις
2824 3279 3191 3332 ὲπισυνάπτει
3221 3279 3316 3330 δύο
3348 3278 3532 3347 εὐχὰς,
3573 3277 3648 3336 ὡς

2073 3369 2141 3422 ἂν
2191 3369 2387 3438 μερίδα
2421 3369 2634 3438 ἔχωμεν
2675 3371 2732 3421 ἐν
2784 3369 3008 3440 Χριστῷ
3055 3369 3175 3436 μετ’
3203 3369 3403 3433 αὐτῶν,
3438 3373 3535 3423 καὶ
3561 3369 3651 3422 ἵνα

2071 3457 2139 3513 δι’
2164 3460 2344 3513 αύτῶν
2383 3460 2780 3530 φρουρούμενοι
2812 3478 2870 3513 τε
2907 3461 3002 3514 καὶ
3034 3459 3258 3532 ἰώμενοι
3297 3461 3391 3515 καὶ
3419 3459 3649 3528 ἁγιαζό-

2079 3571 2253 3623 μενοι,
2307 3554 2589 3608 κὰνταῦθα
2637 3554 3077 3624 περισωζὼμεθα
3122 3554 3220 3608 καὶ
3261 3554 3339 3623 τῷ
3374 3553 3650 3624 μέλλοντι.

2075 3646 2248 3700 Τοῦτο
2290 3647 2398 3718 γὰρ
2443 3647 2594 3711 τέλος
2641 3647 2787 3700 θείου
2843 3647 3004 3718 ἔργου
3062 3646 3286 3709 παντὸς,
3321 3648 3354 3714 ἡ
3405 3647 3655 3715 ἡμετέρα

2077 3739 2342 3807 σωτηρία.
2379 3737 2568 3791 Ταῦτα
2612 3735 2706 3792 οὖν
2739 3739 2879 3806 ὑπὲρ
2921 3738 3116 3791 τούτου
3152 3740 3254 3791 καὶ
3292 3740 3320 3790 δ
3354 3739 3653 3808 ἀρχιερεὺς

2075 3829 2384 3892 ἐκτελέσας,
2415 3831 2598 3883 δίδωσι
2627 3830 2841 3898 καιρόν.
2895 3831 3001 3883 Καὶ
3041 3834 3067 3884 ὁ
3102 3831 3404 3901 Τρισάγιος
3439 3833 3648 3902 ᾅδεται.

2076 3919 2187 3972 Καὶ
2224 3921 2460 3990 καθεξῆς
2493 3922 2560 3975 τὰ
2588 3921 2687 3990 τῆς
2717 3921 2866 3983 θείας
2901 3922 3214 3993 ἱερουργίας
3241 3924 3474 3976 τελεῖται
3500 3940 3513 3953 ο
3559 3924 3654 3976 καὶ

2075 4011 2199 4065 καθ’
2231 4014 2443 4082 ἡμέραν
2467 4012 2595 4082 ἄχρι
2625 4013 2736 4065 τῶν
2769 4014 2930 4075 ἑπτὰ,
2968 4014 3056 4066 διὰ
3083 4015 3177 4078 τὰς
3204 4014 3298 4068 τοῦ
3327 4017 3649 4084 Πνεύματος

2076 4104 2324 4173 χάριτας,
2367 4105 2444 4165 εἰς
2478 4104 2634 4167 δόξαν
2663 4104 2828 4157 αὐτοῦ
2851 4104 2946 4157 τοῦ
2978 4106 3070 4158 τὸν
3105 4105 3233 4158 ναὸν
3281 4107 3653 4176 κατοικήσανσ-

2075 4209 2189 4254 τος,
2223 4192 2315 4246 καὶ
2349 4193 2427 4254 είς
2469 4191 2531 4244 τὸ
2586 4193 2858 4263 διηνεκές.
2909 4193 3080 4246 Τοῦτο
3117 4196 3210 4248 καὶ
3238 4198 3268 4264 ἡ
3293 4197 3486 4266 τελετὴ
3539 4196 3651 4248 τῶν

2078 4283 2371 4349 ἐγκαινίων
2411 4284 2525 4336 ’τοῦ
2585 4285 2884 4354 ἱερωτάτου
2949 4284 3077 4338 ναοῦ
3141 4287 3236 4340 καὶ
3301 4287 3403 4357 τῆς
3459 4287 3653 4356 τούτου

2079 4371 2479 4441 καθιερώσεως.
2545 4373 2636 4452 Ἑν
2667 4367 2828 4446 ﬁxa!
2875 4375 3194 4444 ἀντιμίνσια
3245 4377 3482 4430 τελεῖται
3513 4363 3660 4448 κατά

401 4492 571 4533 sacrae
604 4490 806 4528 mensae
880 4479 1036 4526 nacta
1069 4470 1388 4536 porentiam,
1422 4467 1492 4522 de
1518 4468 1636 4522 loco
1695 4468 1760 4521 ad
1795 4469 1972 4522 locum

2080 4464 2312 4531 ἀρχαίαν
2367 4463 2486 4516 τινὰ
2538 4464 2856 4532 παράδοσιν,
2911 4467 3010 4539 τὴν
3059 4466 3290 4536 δύναμιν
3349 4470 3449 4538 τῆς
3506 4471 3660 4540 ἱερεῖς

407 4565 704 4624 dncnntur‘
740 4567 805 4620 ad
892 4565 1089 4620 veteris
1168 4562 1526 4615 imitationem
1612 4549 1976 4626 tabernaculi,

408 4661 778 4730 majoremque
806 4657 1102 4728 potentiam
1135 4670 1298 4725 quam
1363 4654 1508 4707 istud
1563 4655 1739 4707 inuito
1789 4655 1975 4708 sortita

403 4759 563 4805 sunt:
602 4750 652 4801 in
686 4741 806 4802 istis
841 4747 985 4801 enim
1015 4744 1254 4799 cwleslis
1308 4743 1464 4814 panis
1493 4742 1648 4798 vivus
1679 4759 1841 4811 opere
1887 4759 1977 4797 sa—

403 4857 497 4896 cro
533 4838 846 4893 coniicitur.
881 4835 1303 4906 .Conceduntur
1332 4844 1514 4888 autem
1544 4847 1607 4887 ea
1641 4833 1977 4903 indulgentia

402 4933 674 5004 pontiﬁcis
690 4930 846 5000 juxta
875 4930 1285 4990 necessitatem,
1314 4928 1406 4982 ubi
1440 4943 1546 4981 non
1579 4937 1662 4981 est
1689 4927 1972 4996 templum,

362 5012 368 5047 ³
402 5028 643 5094 virisque
675 5023 922 5078 ﬁdelibus
948 5021 1450 5093 peregrinantibus,
1478 5020 1558 5074 vel
1583 5019 1799 5089 regibus
1819 5020 1972 5089 ipsis,

403 5127 460 5170 ut
486 5118 539 5169 in
571 5118 647 5169 eis
706 5130 960 5184 magnum
993 5113 1327 5169 sacrificium
1355 5113 1784 5182 tnysleriumque
1839 5127 1972 5166 con-

405 5209 641 5261 fieiatur.

918 5315 1146 5372 carur
1197 5314 1462 5397 cxxvn,

403 5427 478 5482 De
504 5444 654 5480 sacro
689 5429 794 5478 ritu
825 5429 1122 5480 divinorum
1157 5425 1592 5479 antiminsiorum
1621 5467 1634 5489 ,
1663 5427 1769 5478 sive
1809 5442 1962 5492 map-

470 5514 656 5566 parum
672 5514 840 5550 sacra:
871 5513 1084 5558 meum,
1114 5507 1161 5548 et
1209 5511 1372 5566 quare
1402 5497 1709 5565 plerumque
1761 5511 1826 5550 ex
1855 5498 1964 5550 lino

474 5568 852 5636 ron/iciautur.

472 5665 548 5720 De
600 5667 682 5718 his
745 5665 905 5732 igitur
952 5663 1110 5726 ritus,
1153 5677 1250 5731 per
1303 5663 1490 5716 omnia
1549 5663 1708 5718 dictis
1769 5663 1966 5718 similis

401 5766 519 5825 est;
551 5765 604 5811 et
637 5770 802 5826 super
858 5753 941 5808 his
983 5753 1142 5808 iidem
1177 5753 1320 5810 sunt
1375 5769 1679 5821 sermones,
1734 5763 1959 5823 praetcr-

2083 4551 2402 4622 κεκτημένα
2454 4553 2763 4624 τραπέζης,
2826 4557 2921 4608 καὶ
2976 4558 3084 4611 ἀπὺ
3133 4558 3302 4611 τόπου
3356 4561 3436 4624 είς
3491 4563 3660 4616 τόπον

2082 4644 2328 4714 ἀγόμενα
2379 4645 2520 4697 κατὰ
2559 4646 2792 4716 μίμησιν
2827 4650 2926 4719 τῆς
2960 4650 3128 4703 πάλαι
3161 4655 3389 4722 σκηνῆς,
3431 4655 3660 4722 μείζονα

2079 4735 2486 4806 ταύτηςκατὰ
2554 4736 2687 4789 πολὺ
2735 4740 3052 4808 κεκτημένα
3111 4739 3363 4812 δύναμιν.
3434 4743 3497 4796 ’0
3549 4745 3660 4815 γὰρ

2079 4829 2401 4896 ἐπουράνιος
2433 4828 2597 4896 ἄρτος
2637 4830 2666 4882 ὁ
2725 4830 2836 4893 ζῶν
2884 4831 2943 4884 ὲν
2992 4831 3209 4898 τούτοις
3263 4837 3658 4906 ίερουργεῖται.

2079 4922 2293 4975 Δίδοται
2325 4923 2380 4975 δὲ
2410 4921 2603 4993 γνώμῃ
2634 4925 2940 4996 ἀρχιερέως
2975 4930 3068 4982 καὶ
3100 4932 3226 4983 κατ’
3256 4931 3528 5000 ἀνάγκην,
3563 4935 3663 4984 καὶ

2079 5013 2208 5067 ἔνθα
2241 5014 2341 5066 οὐκ
2365 5013 2479 5067 ἔστι
2506 5016 2655 5081 ναὸς,
2681 5017 2776 5072 καὶ
2797 5019 2877 5071 ἔτι
2911 5025 3125 5085 πιστοῖς
3156 5023 3419 5091 ἀνδράσιν
3453 5025 3658 5093 ἀποδη-

2081 5105 2296 5176 μοῦσιν,
2343 5105 2376 5175 ἢ
2420 5107 2517 5160 καὶ⁹
2564 5109 2880 5178 βασιλεῦσιν
2928 5113 3136 5180 αὐτοῖς,
3194 5115 3271 5178 ὡς
3299 5116 3366 5168 ἂν
3398 5116 3460 5168 τὸ
3517 5116 3662 5186 μέγα

2077 5201 2369 5270 ὲνεργῆται
2409 5199 2558 5269 θῦμά.
2591 5218 2650 5254 τε
2675 5203 2768 5255 καὶ
2797 5207 3121 5276 μυστήριον.

2635 5315 2888 5370 ΚΕΦᾹΛ.
2924 5319 3098 5374 PKZ'.

2075 5425 2508 5511 Hepbtﬁc‘ﬂiir
2537 5431 2713 5511 θείων
2741 5433 3145 5511 uacuaretur
3179 5437 3340 5511 ἱερᾶς
3384 5436 3655 5511 τελετῆς,

2146 5496 2246 5622 gat
2284 5496 2383 5549 διὰ
2435 5500 2491 5551 τι
2528 5501 2625 5554 ἐπὶ
2675 5496 3024 5558 adscr—dm)
3061 5496 3240 5560 λίνοῦ
3274 5496 3345 5560 τὰ
3391 5496 3663 5576 tiranii;

2195 5587 2285 5626 ια.
3071 5573 3108 5625 ης,

2155 5662 2223 5716 Ἥ
2261 5665 2353 5716 ἐπὶ
2382 5665 2595 5728 τούτοις
2631 5665 2726 5720 οὖν
2749 5667 2940 5737 τελετὴ
2973 5669 3134 5737 ὁμοία
3157 5667 3307 5723 κατὰ
3338 5670 3516 5724 πάντα
3547 5671 3658 5734 τοῖς

2074 5754 2407 5826 εἰρημένοις,
2432 5758 2525 5810 καὶ
2555 5758 2604 5808 οἱ
2635 5757 2789 5811 αὐτοὶ
2822 5759 3174 5829 περὶτούτων
3201 5761 3361 5832 126
3379 5761 3543 5830 λόγοι,
3565 5759 3666 5831 μέ-
