4044 6198
348 303 451 371 333

1618 302 1710 362 DE
1746 297 1987 360 SACRO
2022 298 2343 361 TEMI‘LO.

3483 300 3587 365 334

350 442 459 487 νον,
477 421 560 474 ὅτι
579 418 640 472 ού
663 419 1038 489 καθιδρυμένα
1062 418 1191 484 eiei,
1209 417 1302 471 καὶ
1330 416 1390 470 οὐ
1412 432 1551 486 μετα
1568 414 1718 470 ναοῦ.
1738 414 1918 468 Οἱονεὶ

2040 428 2187 482 luam
2215 414 2329 466 hinc
2359 429 2462 467 non
2496 422 2926 480 constituantur,
2948 414 3165 483 sintque
3184 414 3305 471 sine
3339 416 3543 486 templo
3567 435 3583 481 ;

347 516 455 586 γὰρ
488 513 670 574 αὐτοῖς
717 511 864 573 ἄπας
890 512 919 564 ὁ
946 510 1147 580 κόσμος
1192 508 1311 563 ἐστὶ
1350 507 1504 570 ναός·
1539 508 1635 561 καὶ
1684 507 1766 560 ὅτι
1815 505 1913 559 οὐκ

348 611 411 661 ἐκ
438 606 619 668 λίθων,
658 604 774 657 ἀλλ’
810 604 869 670 ἐξ
896 604 1235 673 ὑφασμάτων
1270 602 1399 666 eiei,
1447 600 1541 653 καὶ
1602 597 1801 669 μᾶλλον
1851 596 1916 649 ἐκ

348 692 521 750 λίνοιν
561 697 643 750 ὅτι
668 695 736 748 τὰ
767 696 864 748 τοῦ
898 694 1106 758 πάθους
1135 690 1496 762 διενεργοῦσι,
1522 691 1619 745 καὶ
1655 689 1729 753 ὡς
1762 684 1917 743 ἐντά-

268 842 281 843 γ
351 790 448 857 φεά
487 789 613 849 εἱσι,
652 787 745 839 καὶ
768 785 877 839 ἀπὸ
910 785 1013 854 γῆς
1035 784 1231 840 ταῦτα.
1264 783 1322 838 ’0
1350 781 1494 845 λίνος
1522 781 1630 851 γὰρ
1652 781 1761 834 ἀπδ
1787 779 1913 848 ﬂii-'0

352 872 424 942 ὠς
470 879 562 932 καὶ
613 876 706 929 ἐπὶ
746 875 851 946 γῆς
893 876 989 929 τοῦ
1037 875 1295 945 Σωτῆρος
1339 872 1402 927 τὸ
1461 873 1650 941 μνῆμα
1702 872 1915 940 γέγονε.

355 971 538 1033 Πάσας
583 964 679 1023 οὖν
720 967 922 1040 ὁμοίως
967 969 1035 1036 τῇ
1074 964 1322 1035 τραπέζῃ
1353 965 1420 1034 τῇ
1471 958 1595 1033 ἱερᾷ
1646 963 1740 1016 καὶ
1778 960 1920 1015 αὐτὰ

353 1061 598 1131 δέχονται
644 1059 741 1122 τὰς
775 1057 960 1128 εὐχὰς,
992 1056 1130 1127 αὐτῇ
1170 1055 1520 1126 ἐπικείμενα.
1554 1052 1666 1107 Kal.
1699 1052 1921 1123 μνήμην

356 1151 533 1204 αὐτῶν
559 1153 587 1204 ὁ
613 1149 905 1220 ἀρχιερεὺς
930 1150 1161 1201 ποιεῖται
1190 1148 1251 1201 ἐν
1275 1147 1353 1217 τῷ
1376 1145 1477 1211 τὰς
1505 1144 1670 1215 εὐχὰς
1703 1144 1884 1214 λέγειν
1904 1161 1918 1174 ·

356 1248 445 1298 καὶ
476 1244 679 1316 ὁμοίως
714 1245 1050 1314 ἁγιασθῆναι
1083 1243 1328 1297 δυσωπεῖ
1355 1244 1421 1312 τῇ
1452 1241 1799 1310 ἐπιφοιτήσει
1827 1237 1922 1291 τοῦ

357 1334 500 1389 θείου
540 1336 857 1404 ιΙνεύματος
881 1354 895 1369 ο
951 1336 1045 1390 καὶ
1087 1335 1292 1404 δμοίως
1329 1333 1611 1398 ἐκπλύνει,
1660 1331 1757 1386 καὶ
1791 1331 1922 1402 ῥαν-

356 1428 516 1491 τίζει,
577 1430 672 1482 καὶ
728 1427 943 1497 ἀλείφει
990 1426 1069 1497 τῷ
1116 1426 1277 1498 μύρῳ
1333 1427 1453 1495 τρὶς
1502 1425 1673 1479 ποιῶν
1703 1423 1921 1493 ἑκάστῳ

360 1518 614 1587 σταυρὸν,
664 1518 739 1583 ὡς
785 1519 884 1572 καὶ
929 1518 985 1571 ἐν
1024 1519 1093 1588 τῇ
1146 1516 1400 1588 τραπέζῃ
1440 1516 1529 1569 διὰ
1578 1514 1673 1569 τοῦ
1723 1513 1924 1583 μύρου,

360 1609 674 1679 ἐπιψάλλων
711 1610 772 1663 τὸ
813 1609 1151 1680 Ἀλλη>.ούῖα.
1201 1610 1312 1663 Καὶ
1344 1608 1421 1672 ὡς
1465 1608 1525 1662 ἐν
1565 1608 1632 1677 τῇ
1674 1606 1923 1677 τραπέζῃ

2021 500 2201 570 aliquo
2221 502 2383 556 modo
2417 503 2559 556 enim
2584 512 2729 557 totus
2751 505 2985 557 mundus
3024 505 3157 573 ipsis
3174 514 3258 559 est
3292 506 3583 574 templum;

2022 589 2245 661 insuper
2276 601 2455 647 autem
2486 609 2590 648 non
2608 610 2671 647 ex
2692 595 2981 663 lapidibus,
3014 600 3105 651 sed
3142 612 3206 652 ex
3228 600 3410 663 textis,
3448 614 3586 668 prae-

2021 683 2318 753 sertimque
2353 699 2417 739 ex
2464 686 2575 740 lino
2614 687 2757 753 sint;
2797 689 3053 757 quoniam
3090 703 3153 743 ea
3175 705 3295 757 qua:
3316 690 3590 759 passionis

2019 782 2147 828 sunt
2166 787 2483 844 operantur.
2501 785 2556 832 et
2570 778 2986 848 quasilfunebria
3012 788 3159 835 sunt:
3179 789 3233 836 et
3250 780 3353 837 hac
3369 797 3399 836 a
3422 789 3587 857 ιρι-ιν.

2021 861 2217 917 Linum
2252 866 2395 919 enim
2440 875 2523 921 est
2549 874 2745 922 alerra
2782 870 3000 926 sicutet
3028 869 3095 927 de
3117 879 3259 926 terra
3292 870 3592 926 Salvatoris

2030 966 2444 1012 monumentum
2474 957 2592 1014 luit.
2619 959 2822 1016 Omnes
2852 975 2981 1032 ergo
3010 962 3213 1032 pariter
3263 962 3377 1039 hac
3404 977 3591 1018 mensa

2023 1060 2178 1102 sacra
2215 1063 2404 1114 preces
2458 1050 2809 1119 accipiuntet
2855 1068 2974 1122 qua:
3015 1068 3180 1123 super
3204 1052 3350 1107 illam
3392 1053 3591 1124 posita,

2033 1141 2363 1211 illorumque
2385 1143 2696 1199 memoriam
2718 1142 2843 1200 facit
2870 1144 3130 1213 pontifex,
3148 1161 3271 1201 cum
3298 1160 3487 1216 preces
3506 1160 3594 1201 re-

2032 1233 2198 1299 citat;
2247 1233 2449 1302 pariter
2480 1235 2639 1289 etiam
2671 1234 2787 1290 hare
2808 1236 3117 1291 visitatione
3148 1236 3317 1292 divini
3348 1235 3591 1306 Spiritus

2034 1322 2363 1378 sanctiﬁcari
2395 1325 2714 1395 suppliciter
2737 1335 2891 1396 rogat
2917 1344 2934 1393 ;
2965 1344 3068 1383 nec
3092 1344 3200 1384 non
3230 1329 3431 1402 pariter
3458 1342 3595 1397 quo-

2023 1427 2128 1481 que
2164 1413 2359 1477 abluit,
2405 1415 2660 1485 aspergit,
2704 1425 2759 1471 et
2794 1416 3004 1487 inungit
3046 1429 3324 1489 unguento
3364 1427 3444 1474 ter
3474 1420 3597 1475 uni-

2024 1503 2223 1572 cuique
2260 1502 2472 1559 t'acicns
2509 1518 2753 1569 crucem,
2790 1507 2930 1562 sicut
2959 1519 3012 1563 et
3049 1509 3104 1564 in
3153 1526 3337 1566 mensa
3371 1526 3464 1581 per
3492 1526 3597 1565 un-

2026 1607 2311 1666 guentum,
2347 1596 2610 1665 adjiciens
2631 1606 2852 1653 cantum
2877 1592 3127 1657 Alleluia.
3164 1601 3231 1657 Et
3257 1610 3513 1674 tanquam
3542 1602 3596 1657 in

358 1701 546 1769 τίθησι
582 1699 827 1769 τέσσαρα
875 1699 1191 1770 ὑφάσματος
1256 1698 1398 1769 μέρη
1446 1696 1527 1760 εἱς
1573 1694 1747 1750 τύπον
1814 1690 1926 1746 τῶν

2040 1702 2248 1754 mensa,
2281 1699 2519 1757 quatuor
2555 1690 2705 1759 ponit
2736 1693 2870 1747 testi
2900 1701 3102 1764 partes,
3133 1694 3187 1749 in
3218 1704 3402 1765 typum
3431 1712 3598 1751 evan—

361 1754 771 1855 εὐαγγελιστῶν⁵
791 1781 866 1842 ὧν
916 1754 1215 1858 ἐπιγράφει
1256 1754 1357 1840 καὶ
1386 1754 1456 1840 τὰ
1485 1754 1728 1855 ὀνόματα
1752 1800 1767 1814 ⁸
1831 1782 1927 1835 καὶ

2040 1779 2386 1850 gelistarum.
2413 1795 2647 1851 quorum
2701 1783 2866 1839 etiam
2906 1785 3156 1843 inscribit
3210 1788 3452 1844 nomina.
3487 1787 3603 1843 Duo

359 1878 452 1931 δύο
480 1878 610 1932 ἀλλα
646 1878 742 1931 ῐσα
769 1878 844 1948 τῷ
874 1875 1219 1947 ἀντιμινσὶῳ,
1244 1876 1382 1944 ὅπερ
1411 1874 1560 1927 ἐστὶν
1590 1873 1625 1943 ἡ
1653 1872 1928 1940 τράπεζα,

360 1969 626 2022 συνάπτει
661 1984 719 2022 τε
747 1969 841 2021 καὶ
869 1968 1175 2039 συρῤἀπτει
1195 1980 1209 1995 ⁸
1246 1965 1308 2019 τὺ
1336 1965 1438 2035 μὲν
1478 1965 1555 2029 ὡς
1578 1963 1929 2041 κατασάρκα,

362 2060 508 2115 καθὰ
542 2061 638 2113 τιιαὶ⁵
668 2060 726 2111 ἐν
760 2062 826 2130 τῇ
866 2059 1113 2130 τραπέζῃ
1147 2058 1229 2121 εἱς
1264 2056 1438 2110 τύπον
1477 2057 1577 2126 τῆς
1606 2056 1864 2122 σινδόνος,

362 2152 558 2222 νεκρὸν
592 2151 840 2221 ἐνείλησε
868 2151 961 2206 τὸν
1002 2149 1236 2219 Χριστὸν
1278 2150 1307 2201 δ
1362 2146 1597 2216 Ἰωσήφο
1631 2145 1693 2199 τδ
1730 2145 1809 2209 δέ,
1856 2144 1932 2208 ὡς

361 2243 799 2315 τραπεζοφόρον,
834 2242 915 2305 εἱς
956 2238 1121 2310 τιμὴν
1164 2237 1259 2292 τοῦ
1304 2234 1497 2307 θρόνου
1541 2235 1701 2289 Θεοῦ.
1730 2235 1933 2305 Θρόνος

362 2338 473 2406 γὰρ
524 2329 690 2389 αὑτοῦ
744 2333 807 2386 τὸ
857 2331 1240 2401 θυσιαστήριον
1296 2329 1393 2383 καὶ⁸
1437 2325 1768 2389 ἀνάπαυσις.
1824 2325 1935 2379 Kal.

362 2426 577 2497 εἱλητδν
620 2426 786 2496 μέσον
831 2424 1023 2477 τούτου
1075 2420 1449 2490 συρῤάπτεται
1497 2419 1577 2482 είς
1625 2416 1796 2471 τύπον
1839 2412 1933 2467 τοῦ

365 2516 675 2588 σουδαρίου.
709 2517 822 2571 Καὶ
854 2514 905 2568 οἱ
953 2512 1125 2568 ταῦτα
1158 2509 1445 2583 δηλοῦντες
1474 2507 1679 2581 ψαλμοὶ
1716 2508 1811 2561 καὶ
1841 2506 1937 2559 ἐπὶ

362 2610 579 2673 τούτοις
614 2607 688 2671 ὠς
722 2606 818 2661 καὶ
860 2605 919 2658 ἐν
962 2606 1031 2677 τῇ
1063 2602 1183 2673 θείᾳ
1224 2600 1475 2673 τραπέζῃ
1504 2598 1778 2667 λέγονται,
1809 2598 1936 2651 ἐπεὶ

364 2701 461 2754 καὶ
486 2699 564 2769 μὴ
602 2693 983 2765 καθιερώσεως
1006 2692 1328 2762 γενομένης,
1362 2689 1552 2764 χρείας
1581 2688 1750 2759 οὔσης
1790 2689 1937 2744 avrt-

367 2791 624 2861 μινσίων,
673 2787 862 2841 ἐπάνω
929 2785 1080 2856 ἱερᾶς
1128 2782 1473 2855 ήγιασμένης
1517 2781 1796 2855 τραπέζης
1828 2779 1938 2834 τῶν

364 2880 590 2951 ἁμφίων
638 2877 813 2946 αὐτῆς
858 2868 1247 2946 ἐξαιρομένων,
1292 2874 1390 2927 καὶ
1426 2872 1790 2943 ἀπλουμὲνων
1827 2872 1936 2924 τῶν

364 2968 725 3038 ἁντιμινσίων
755 2965 958 3032 αὐτῶν,
988 2967 1022 3036 ή
1062 2964 1162 3034 τῆς
1192 2963 1573 3034 καθιερώσεως
1604 2962 1757 3027 τάξις
1794 2964 1939 3031 γίνε-

364 3077 482 3117 ται.
524 3062 591 3113 Ἀ
614 3060 708 3113 καὶ
723 3059 806 3112 δεῖ
830 3058 1123 3129 ἐξαιρέτως
1146 3071 1223 3108 πα
1233 3054 1301 3125 ρὰ
1318 3054 1624 3125 ἀρχιερέως
1651 3054 1900 3122 γίνεσθαι
1918 3069 1932 3082 ·

365 3154 495 3208 κατ’
545 3154 795 3223 ἀνάγκην
842 3150 900 3204 δέ
956 3151 1243 3219 προτροπῇ
1296 3146 1461 3200 αὐτοῦ
1512 3148 1642 3218 παρ’
1676 3145 1938 3209 εύλαδοΰς

368 3245 567 3317 ἱερέως
602 3244 795 3312 πεῖραν
821 3240 931 3294 τῶν
965 3240 1125 3294 θείων
1148 3236 1516 3309 κεκτημένου,
1552 3235 1610 3299 δς
1647 3236 1743 3290 καὶ
1775 3234 1945 3289 ἱπεν-”

365 3338 561 3391 δύεται
582 3334 795 3388 σινδόνα
824 3333 1009 3387 ἐπάνω
1033 3333 1143 3385 τῶν
1171 3331 1487 3401 ίερατικῶν,
1513 3328 1657 3384 καθά
1686 3328 1750 3399 δὴ
1781 3328 1877 3381 καὶ
1912 3330 1939 3381 ό

365 3432 664 3503 ἀρχιερεὺς
694 3432 753 3483 ἐν
790 3428 867 3500 τῷ
888 3429 957 3483 τὰ
982 3427 1302 3497 ἀντιμίνσια
1324 3426 1591 3496 ἁγιάζειν.
1617 3423 1941 3482 Τελευταοῖυν

364 3520 459 3579 οὖν
485 3525 704 3587 τούτοις
726 3521 820 3578 καὶ
854 3521 1072 3592 μερίδες
1096 3520 1271 3589 ἁγίων
1302 3519 1595 3589 λειψάνων,
1631 3524 1942 3594 χρισθεὶσαι

365 3617 444 3687 τῷ
487 3615 651 3687 μύρῳ
683 3615 742 3682 ἐξ
768 3613 1041 3668 ἀνατολῶν
1076 3613 1280 3677 αὐτῶν,
1322 3613 1384 3664 ἐν
1436 3612 1620 3688 μικρῷ
1657 3632 1764 3669 τινι
1803 3615 1945 3684 oga.

366 3724 544 3776 σματι
580 3706 753 3770 λίνου,
805 3705 925 3759 ἀντὶ
965 3702 1198 3772 σκεύους
1250 3704 1635 3764 ἐπιϐάλλονται
1668 3711 1764 3764 καὶ
1812 3708 1945 3779 συρ-

369 3798 699 3874 {ixmil-tat.
739 3796 851 3856 Καὶ
884 3795 1065 3857 πάντα
1114 3799 1548 3872 ἀπαραλεὶπτως
1592 3799 1804 3867 γίνεται
1848 3798 1945 3852 καὶ

255 3959 266 3967 .
368 3896 428 3947 ἐν
453 3897 668 3960 αὐτοῖς,
694 3894 795 3948 δσα
818 3896 910 3948 καὶ
937 3895 995 3947 ἐν
1012 3895 1082 3965 τῇ
1104 3892 1225 3964 θείᾳ
1247 3891 1624 3963 καθιδρυμένῃ
1655 3891 1904 3963 τραπέζῃ
1926 3907 1940 3921 ’

366 3989 451 4041 ὅτι
508 3987 607 4040 καὶ⁵
667 3986 899 4039 ἕκαστον
955 3984 1138 4039 αὐτῶν
1193 3984 1315 4054 ἱερὰ
1349 3984 1601 4055 τράπεζὰ
1652 3986 1790 4048 ἐστι,
1851 3986 1946 4036 καὶ

368 4080 534 4150 δόξης
569 4078 704 4131 Θεοῦ
732 4076 1142 4148 πεπληρωμένα
1175 4075 1303 4129 εἱσὶ.
1334 4076 1441 4130 Καὶ
1466 4075 1546 4127 δεῖ
1574 4075 1713 4128 αὐτὰ
1749 4075 1827 4145 μὴ
1865 4075 1946 4137 εἱς

368 4172 466 4223 τὸν
516 4170 751 4238 τυχόντα
797 4168 987 4231 ἁπλῶς
1021 4167 1239 4222 κεῖσθαι
1288 4163 1458 4229 οἷκον,
1514 4166 1638 4235 μηδ’
1679 4164 1946 4219 ἅπτεσθαι

369 4264 585 4314 τούτων
633 4262 882 4324 λαῖκοὺς,
932 4261 1053 4312 ἐπεὶ
1090 4262 1182 4313 καὶ
1233 4260 1293 4311 οὐ
1339 4259 1499 4327 χρεία
1548 4258 1656 4310 οὐδ’
1690 4258 1943 4325 ἀνάγκη·

368 4352 464 4404 διὰ
509 4351 622 4420 γὰρ
675 4351 778 4421 τὴν
830 4351 1146 4424 ἱερουργίαν
1198 4348 1340 4401 εἰσί⁶
1401 4348 1497 4401 καὶ
1554 4349 1723 4418 χωρὶς
1754 4348 1950 4421 ἱερέως

2032 1884 2248 1939 quoque
2304 1871 2413 1925 alia
2467 1880 2612 1927 testa
2662 1876 3000 1951 antiminsia,
3051 1879 3196 1948 quod
3244 1886 3331 1935 est
3391 1894 3603 1945 mensa,

2031 1962 2261 2028 aequalia
2295 1963 2638 2034 conglutinat
2699 1980 2764 2021 ac
2788 1969 3071 2033 conserit;
3102 1978 3156 2024 et
3181 1985 3348 2025 unum
3383 1971 3601 2041 quidem

2032 2060 2291 2123 tauquam
2314 2052 2661 2111 involucrum
2689 2058 2959 2127 corporis,
3026 2060 3249 2117 sicutet
3276 2061 3330 2117 in
3384 2077 3601 2125 mensa,

2034 2146 2088 2198 in
2119 2152 2304 2215 typum
2344 2145 2613 2212 sindonis,
2644 2162 2754 2218 qua
2784 2159 3063 2206 mortuum
3090 2151 3368 2209 Christum
3402 2153 3602 2225 Joseph

2036 2236 2296 2304 involvit;
2368 2236 2514 2294 aliud
2572 2252 2755 2296 autem
2818 2250 3080 2312 tanquam
3147 2248 3601 2315 trapezaphorum

2038 2328 2091 2381 in
2134 2328 2398 2386 honorem
2449 2331 2632 2388 throni
2678 2332 2805 2389 Dei:
2861 2332 3092 2390 thronus
3121 2336 3266 2392 enim
3316 2338 3464 2394 illius
3524 2349 3611 2395 est

2037 2417 2209 2474 altare
2271 2419 2537 2493 locusque
2581 2424 2965 2492 requietionis.
3044 2425 3112 2481 Et
3178 2427 3637 2485 involumentum‘

2037 2509 2094 2563 in
2128 2508 2308 2565 medio
2340 2511 2459 2581 eius
2487 2512 2795 2575 consuitur.
2824 2514 2880 2569 in
2910 2514 3119 2571 sudarii
3148 2527 3328 2588 typum
3353 2561 3368 2585 ,
3400 2529 3456 2574 et
3492 2520 3608 2576 haec.

2037 2599 2406 2670 signiﬁcantes
2443 2602 2664 2671 psalmi,
2700 2617 2865 2672 super
2908 2603 3029 2660 istis
3054 2605 3201 2661 velut
3227 2623 3392 2678 super
3423 2610 3607 2665 divina

2040 2702 2229 2743 mensa
2278 2688 2574 2756 dicuntur;
2644 2705 2769 2746 nam
2816 2692 2986 2749 etiam
3041 2696 3452 2753 consecratione
3500 2715 3608 2754 nou

2041 2780 2203 2847 facta,
2232 2781 2280 2839 si
2310 2783 2643 2839 antiminsiis
2664 2800 2801 2854 opus
2817 2787 2909 2852 sit,
2938 2800 3101 2858 supra
3121 2802 3332 2844 sacram
3363 2804 3607 2853 metuam

2040 2877 2434 2934 sanctiﬁcatam
2453 2878 2793 2937 vestimentis
2812 2880 2985 2951 ipsius
3008 2882 3610 2956 esutis,explicatisque

2041 2970 2176 3038 ipsis
2232 2969 2594 3035 autiminsiis,
2651 2971 2788 3027 ordo
2840 2974 3272 3032 consecrationis
3337 2978 3434 3035 ﬁt:
3490 2993 3614 3048 qua:

1965 3100 2009 3159 ο
2042 3060 2312 3132 praecipue
2358 3070 2575 3129 oportet
2633 3076 2662 3116 a
2694 3064 2951 3133 pontiﬁce
2993 3064 3110 3125 ﬁeri
3140 3082 3159 3135 ;
3194 3067 3350 3141 juxta
3388 3085 3613 3128 neccea-

2046 3153 2261 3209 sitat'em
2296 3168 2445 3219 vero,
2506 3155 2669 3219 illius,
2715 3157 2854 3222 vice.
2887 3174 2917 3213 a
2970 3161 3370 3233 circumspecto
3431 3179 3617 3221 sacer-

2047 3244 2524 3311 dote,divinurum
2572 3250 2963 3322 experientiam
2996 3261 3179 3320 nacte,
3235 3256 3328 3325 qui
3381 3256 3615 3312 sindona

2048 3349 2210 3409 super
2247 3342 2607 3398 sacerdotalia
2627 3344 2953 3400 vestimenta
2992 3345 3190 3409 induit,
3224 3347 3367 3403 sicut
3400 3356 3456 3403 et
3488 3364 3619 3415 pou-

2053 3429 2188 3484 til’ex
2227 3445 2353 3486 cum
2393 3434 2709 3491 antiminsia
2757 3435 3083 3493 sanctiﬁcat.
3147 3435 3485 3494 Postremum
3514 3439 3618 3508 igi-

2053 3530 2140 3576 tur
2189 3520 2309 3578 istis
2362 3524 2525 3579 etiam
2573 3540 2852 3583 sacrarunt
2906 3528 3260 3598 reliquiarum
3312 3531 3616 3599 portiones.

2052 3613 2120 3669 ad
2151 3608 2394 3684 ipsorum
2427 3616 2719 3681 orientem.
2755 3620 2990 3674 inuncta:
3021 3627 3299 3691 unguento
3339 3622 3394 3676 in
3434 3622 3619 3691 aliquo

2057 3720 2228 3776 parvo
2269 3708 2440 3764 linteo
2484 3717 2654 3778 texto,
2721 3710 2929 3766 vasculi
2976 3711 3115 3776 loco,
3159 3713 3512 3781 imponuntur
3564 3723 3620 3767 ct

2053 3808 2417 3855 consuuntur.
2467 3800 2533 3853 Et
2574 3803 2757 3857 omnia
2798 3803 3062 3858 continue
3119 3803 3255 3857 ﬁunt
3284 3810 3342 3857 et
3373 3803 3426 3857 in
3477 3804 3617 3867 istis.

2056 3904 2401 3960 quaecunque
2471 3891 2611 3947 facta
2650 3901 2780 3948 sunt
2837 3892 2891 3948 in
2932 3892 3114 3948 divina
3162 3907 3349 3947 mensa
3386 3893 3611 3957 deﬁxa;

2053 3981 2308 4049 quoniam
2342 3972 2771 4051 unumquodque
2821 3997 3006 4037 eorum
3064 3998 3222 4039 sacra
3254 3999 3443 4041 mensa
3495 3996 3616 4048 est,

2056 4070 2235 4124 acDei
2265 4071 2438 4139 gloria
2470 4073 2673 4140 repleta
2707 4081 2858 4127 sunt.
2906 4074 3134 4142 Oportet
3176 4074 3340 4130 etiam
3373 4075 3461 4130 illa
3508 4089 3614 4130 neu

2058 4162 2110 4215 in
2160 4162 2597 4232 qualemcunque
2642 4163 2866 4220 domum
2936 4167 3147 4237 reponi,
3220 4181 3323 4223 nec
3381 4184 3412 4223 a
3463 4168 3622 4223 laicis

2055 4252 2333 4322 contingi:
2364 4254 2636 4321 siquidem
2660 4271 2761 4312 nec
2793 4258 3001 4314 utilitas
3033 4273 3136 4314 nec
3164 4258 3467 4316 necessitas
3496 4271 3615 4315 est:

2058 4353 2184 4397 sunt
2214 4344 2359 4399 enim
2394 4353 2616 4415 propter
2645 4347 2788 4402 sacri
2841 4349 3291 4416 celebrationem,
3329 4360 3385 4407 et
3414 4353 3623 4421 absque

372 4444 665 4515 ἱερουργία
694 4443 755 4495 οὐ
798 4442 1023 4510 γίνεται.
1060 4440 1263 4494 Λοιπὸν
1308 4438 1484 4493 ταῦτα
1529 4437 1934 4508 φυλαττέτωσαη

2057 4434 2342 4488 sacerdote
2373 4449 2481 4489 nou
2548 4435 2606 4490 ﬁt
2648 4438 2793 4493 sacri
2844 4439 3160 4498 celebratio.
3220 4442 3484 4499 Ceterum
3516 4445 3623 4499 ista

372 4533 550 4601 ἱερεῖς
580 4530 949 4601 λαμὸἀνοντες
972 4530 1115 4584 κατὰ
1143 4528 1339 4599 χρείαν
1365 4527 1517 4596 παρὰ
1543 4526 1636 4579 τοῦ
1664 4527 1945 4597 ἱεράρχου.

372 4623 517 4676 Οὐδὲ
552 4624 660 4693 γὰρ
717 4621 955 4691 ἱερεῦσιν
986 4620 1144 4673 ἄδεια
1176 4620 1422 4687 ἐνεργεῖν
1454 4618 1523 4671 δι’
1558 4618 1739 4671 αὐτῶν
1777 4621 1947 4687 χωρὶς

370 4716 643 4777 ἐνδόσεως
693 4711 788 4764 τοῦ
836 4711 1160 4782 ἀρχιερέως.
1214 4708 1373 4763 Οὕτω
1429 4708 1531 4780 μὲν
1578 4707 1673 4761 οὖν
1721 4710 1748 4761 ὁ
1797 4706 1952 4775 ἅγιος

370 4805 507 4867 νειὸς
562 4804 929 4873 ἀνεγηγερται
972 4802 1073 4872 ήδη
1118 4801 1213 4855 καὶ
1260 4800 1631 4864 τετελείωται,
1682 4798 1777 4852 καὶ
1809 4799 1952 4851 κατὰ

369 4894 612 4961 δύναμιν
646 4892 926 4961 ἡμετέραν
959 4893 1027 4943 τα
1074 4892 1131 4943 ἐν
1162 4889 1340 4959 τούτῳ
1375 4887 1683 4959 ἐθεωρήθη.
1718 4886 1864 4958 ’Ἄρα
1896 4888 1954 4940 δὲ

370 4982 628 5035 λείπεταί
664 4997 717 5033 τι
747 4983 882 5051 πρὸς
913 4981 1074 5035 τοῦτο
1106 4979 1389 5050 Θεωρῆσαι
1433 4981 1529 5033 καὶ
1563 4978 1788 5048 ἐτερον;

449 5162 770 5229 Κίηρικός.
816 5160 900 5224 Ὧς
924 5155 990 5229 ἦν
1022 5158 1271 5220 δυνατὸν,
1314 5158 1515 5228 Πάτερ,
1564 5158 1756 5227 μαθεῖν
1788 5158 1956 5226 ἡμᾶς,

377 5254 787 5323 μεμαθήκαμεν
837 5270 895 5305 τε
950 5253 1043 5303 καὶ
1094 5251 1339 5321 ἔγνωμεν
1362 5264 1378 5281 ⁶
1414 5252 1462 5302 εί
1496 5251 1551 5302 δὲ
1587 5251 1679 5303 καί
1711 5267 1761 5302 τι
1798 5250 1958 5298 πλέον

372 5346 523 5409 ἐστὶ,
564 5344 660 5396 καὶ
690 5344 820 5413 περὶ
842 5347 1031 5397 τούτου
1058 5343 1295 5411 δηλῶσαι
1328 5344 1456 5408 ἡμῖν
1482 5340 1734 5407 δεόμεθα.

936 5522 1187 5574 ΚΕΦΔΛ.
1218 5521 1407 5573 ΡΚΙΙέ

532 5612 591 5665 Τί
620 5611 735 5680 ἄρα
759 5616 792 5666 ὀ
820 5612 965 5678 ναὸς
994 5611 1268 5676 summi,
1298 5611 1395 5665 καὶ
1432 5612 1503 5664 τὰ
1541 5611 1610 5665 ἐν
1635 5613 1817 5675 αὐτῷ.

484 5767 837 5838 Ἀρχιερεύς.
865 5769 972 5823 Καὶ
1006 5769 1075 5823 τὰ
1106 5767 1370 5839 εἰρημένα
1398 5766 1539 5836 ὑπὲρ
1562 5766 1731 5837 ἡμᾶς,
1758 5767 1959 5835 μᾶλλον

2053 4521 2364 4577 custodiant
2395 4522 2705 4583 sacerdotes
2736 4542 2765 4581 a
2797 4529 3053 4600 pontiﬁce
3064 4530 3221 4600 juxta
3242 4533 3620 4588 necessitatem

2054 4611 2410 4684 recipientes;
2463 4630 2573 4673 non
2620 4619 2767 4674 enim
2804 4620 3181 4679 sacerdotibus
3217 4621 3344 4677 licet
3370 4640 3496 4679 cum
3533 4627 3618 4679 eis

2053 4698 2234 4755 divina
2268 4718 2527 4775 peragere
2572 4710 2692 4764 sine
2732 4710 2950 4763 licentia
3004 4709 3303 4779 pontiﬁcis.
3360 4709 3451 4767 Sic
3502 4715 3629 4782 qui-

2054 4791 2176 4846 dem
2210 4792 2374 4862 igitur
2395 4808 2646 4853 sanctum
2677 4800 2933 4869 templum
2957 4801 3068 4873 jam
3092 4802 3336 4857 surrexit
3355 4811 3410 4857 et
3432 4817 3626 4860 conse-

2055 4892 2267 4935 cratum
2300 4892 2420 4950 est;
2452 4895 2506 4940 et
2568 4903 2664 4957 pro
2705 4889 2911 4946 viribus
2968 4892 3173 4948 nostris
3200 4907 3536 4963 quaecunque
3558 4897 3628 4949 ad

2057 4970 2161 5027 hoc
2182 4974 2479 5044 respiciunt
2500 4976 2613 5047 jam
2644 4980 3128 5039 consideravimus.
3156 4981 3401 5038 Porrone
3442 4994 3627 5038 autem

2058 5064 2203 5125 aliud
2232 5068 2360 5137 quid
2392 5070 2614 5139 insuper
2647 5079 2818 5126 restat
2845 5074 3344 5129 considerandum?
3456 5119 3473 5126 -

2129 5160 2384 5214 Clericus.
2417 5158 2571 5214 Sicut
2593 5162 2856 5229 possibile
2884 5172 3020 5226 erat,
3053 5160 3239 5227 Pater,
3262 5180 3365 5219 nos
3390 5164 3627 5229 discere,

2058 5250 2348 5305 didicimus
2377 5251 2619 5305 etcdocti
2650 5268 2839 5308 sumus
2864 5269 2878 5319 ;
2907 5255 2950 5307 si
2974 5268 3103 5308 vero
3123 5254 3253 5323 quid
3313 5256 3461 5311 aliud
3507 5274 3631 5313 am-

2062 5342 2203 5409 plius
2236 5352 2337 5404 est,
2368 5342 2431 5395 de
2458 5341 2560 5396 hoc
2582 5344 2744 5398 nobis
2769 5343 2887 5397 ﬁeri
2917 5342 3444 5402 demonstrationem
3475 5365 3631 5420 roga-

2062 5446 2205 5485 mus.

2575 5523 2805 5579 (ZAPUT
2840 5525 3119 5582 CXXVIII.

2066 5609 2198 5675 Qua:
2230 5614 2296 5664 ait
2334 5614 2514 5679 templi
2553 5627 2600 5668 et
2653 5632 3003 5698 reruquure
3051 5621 3104 5673 in
3144 5639 3204 5675 eo
3238 5633 3382 5688 sunt,
3429 5623 3655 5693 signiﬁc“

2768 5699 2929 5742 cutio.

2144 5768 2413 5840 Pontifex.
2454 5774 2517 5829 Et
2553 5790 2672 5846 qua:
2697 5776 2843 5833 dicta
2896 5787 3023 5834 sunt
3078 5795 3243 5850 supra
3303 5795 3399 5837 uos
3457 5790 3637 5845 erant,
