4044 6198
370 296 480 360 335

1188 291 1567 351 SYMEONIS
1602 290 2360 353 TIIESSALONICENSIS
2401 290 2734 351 ARClllEP

3514 286 3615 344 336

368 407 539 476 magis
564 414 740 459 autem
775 412 1035 472 quantum
1070 404 1227 456 nobis
1255 402 1417 455 datur
1452 400 1749 469 intelligere
1778 406 1833 452 ct
1860 398 1940 449 di-

2045 401 2102 454 δὲ
2132 403 2256 454 ὅσον
2302 404 2434 471 ἡμῖν
2492 402 2628 454 νοεῖν
2684 401 2902 470 ἔρχεται
2953 400 3046 452 καὶ
3093 399 3384 469 μανθάνειν
3417 402 3479 452 ἐκ
3511 402 3615 453 τῶν

366 512 518 551 scere
548 509 610 547 ex
649 494 873 546 sanctis.
919 492 1053 545 Puto
1075 508 1203 545 vero
1232 491 1519 544 dicendum
1549 486 1779 555 relinqui
1809 484 1939 553 quid

366 588 627 656 templum
656 594 708 639 et
732 600 792 637 ea
813 599 929 651 qua:
960 592 1085 637 sunt
1144 583 1196 636 in
1234 583 1351 652 ipso
1398 581 1723 650 signiﬁcent.
1781 572 1942 631 Forte

365 679 583 751 quidem
619 679 685 733 de
716 677 815 730 hoc
844 676 978 729 alias
1007 677 1171 729 etiam
1201 673 1478 736 diximus;
1514 672 1605 725 sed
1646 682 1793 723 nunc
1847 666 1943 720 ad-

370 775 474 827 huc
502 771 816 827 dicendum.
846 767 1111 836 siquidem
1146 780 1309 835 super
1364 765 1481 818 istis
1522 776 1701 819 sermo
1759 770 1943 814 noster

369 869 770 930 consequenter
845 856 1091 912 constitit
1157 871 1172 919 ;
1227 855 1444 909 aliunde
1507 868 1633 906 vero
1691 851 1945 920 frequens

365 970 545 1010 sermo
573 953 640 1007 de
672 953 861 1007 iisdem
894 966 1011 1019 qua:
1064 950 1247 1004 divina
1280 958 1424 1013 sunt,
1457 948 1659 1015 optima
1717 951 1941 999 renovat

367 1048 418 1099 in
455 1054 657 1108 mente,
695 1045 1122 1109 memoriamque
1153 1041 1323 1111 magis
1354 1039 1683 1098 sanctiﬁcat,
1720 1037 1860 1090 sicut
1888 1045 1944 1089 et

363 1134 697 1188 contrarium
755 1133 811 1186 [it
845 1133 895 1184 in
930 1132 996 1186 iis
1018 1147 1139 1199 qua:
1175 1132 1312 1185 bona
1338 1146 1442 1183 non
1473 1137 1618 1183 sunt.
1655 1125 1938 1194 Templum

367 1225 530 1293 igitur
563 1224 758 1276 domus
794 1221 884 1274 Dt-i
916 1230 1021 1286 est,
1062 1222 1141 1274 vel
1165 1236 1228 1274 ex
1263 1219 1506 1273 materiis
1539 1216 1791 1269 inanimis
1814 1228 1943 1267 eon-

367 1325 519 1368 stans
547 1331 559 1368 :
595 1313 969 1367 sanctiﬁcatur
1001 1310 1148 1364 enim
1185 1309 1371 1362 divina
1398 1309 1567 1377 gratia
1595 1302 1945 1359 sacerdotali-

366 1406 574 1472 hosque
606 1404 875 1472 precibus,
941 1402 1127 1491 et‘jam
1154 1415 1261 1454 non
1287 1407 1371 1453 est
1403 1400 1544 1453 sicut
1602 1404 1807 1449 caetera:
1850 1395 1944 1446 do-

369 1513 511 1559 ntus,
550 1496 644 1549 sed
671 1495 777 1547 Deo
806 1504 969 1562 super
992 1488 1190 1546 terram
1222 1492 1459 1551 dicatur,
1509 1488 1795 1557 ipsumque
1818 1497 1944 1553 pos-

369 1586 507 1641 sidet
531 1586 921 1639 inliabitantem
956 1602 970 1649 ;
1009 1592 1063 1638 et
1094 1583 1236 1637 illius
1260 1582 1448 1648 gloria,
1480 1587 1722 1648 potestas
1748 1587 1943 1644 etgra-

370 1679 443 1732 tia
491 1678 542 1730 in
578 1678 693 1744 ipso
723 1684 805 1729 est
833 1692 848 1741 ;
874 1675 1138 1744 siquidem
1175 1674 1228 1727 in
1261 1673 1380 1741 ipso
1403 1671 1760 1725 nomenillius
1792 1670 1945 1723 invo-

367 1780 549 1823 cntum
582 1777 693 1832 est,
739 1774 794 1821 et
830 1782 954 1819 cum
985 1766 1091 1817 isto
1122 1761 1563 1829 nomenalicnjus
1600 1769 1935 1815 sanctorum.

369 1863 602 1930 Ideoque
627 1859 733 1913 fert
763 1857 1179 1927 appellationem
1209 1854 1329 1922 ejus
1356 1853 1458 1906 sub
1507 1853 1665 1921 cujus
1720 1853 1941 1906 invoca-

369 1956 518 2008 tione
601 1950 838 2003 dicatum
888 1958 1015 2012 est;
1051 1962 1147 1999 nec
1199 1946 1325 1997 illud
1383 1944 1558 1997 adhuc
1599 1942 1943 1999 solummodo

371 2056 627 2096 vocamus
652 2040 897 2100 domum,
930 2037 1022 2091 sed
1056 2037 1277 2089 domum
1311 2045 1576 2097 sanctam,
1621 2042 1676 2085 ut
1708 2028 1945 2086 sanctifi-

366 2143 542 2191 Catam
570 2147 599 2186 a
631 2140 820 2187 sancto
870 2128 1027 2185 Patre
1080 2144 1174 2198 per
1201 2128 1601 2182 sanctissimum
1630 2124 1850 2186 Filium,
1873 2124 1941 2176 ‘in

368 2233 555 2279 saneto
582 2222 785 2291 Spiritu
820 2240 834 2287 ;
866 2231 918 2275 et
940 2221 1307 2275 sanctissima
1347 2218 1634 2272 Trinitatis
1683 2217 1940 2271 taberna-

369 2315 554 2368 culum
586 2321 665 2365 est
699 2312 862 2366 istud.
894 2311 1130 2380 Ideoque
1156 2311 1281 2364 licet
1309 2311 1361 2363 in
1393 2324 1589 2363 nomen
1623 2307 1797 2362 solum
1824 2306 1940 2370 Dei,
1976 2322 1979 2323 ν

367 2404 459 2472 qui
492 2404 544 2456 in
579 2401 844 2455 Trinitate
868 2410 1103 2463 constat,
1134 2400 1225 2463 sit,
1257 2408 1517 2467 tanquam
1548 2400 1615 2451 ad
1647 2397 1826 2466 ipsum
1858 2410 1945 2450 so-

371 2500 481 2549 lum
514 2494 682 2547 Deum
741 2491 1113 2560 procedentes,
1178 2493 1258 2545 sic
1305 2488 1532 2543 dicimus
1564 2503 1579 2542 :
1608 2488 1821 2542 abimus
1877 2485 1943 2539 ad

368 2598 613 2642 sanetam
632 2584 975 2644 Trinitatem,
997 2583 1062 2635 ad
1078 2583 1300 2636 domum
1320 2582 1527 2635 Scilicet
1546 2579 1646 2649 ipsi
1672 2579 1940 2643 dicatam;

366 2679 451 2733 vel
495 2679 646 2732 abire
688 2675 923 2730 dicimus
950 2675 1017 2727 ad
1063 2673 1363 2738 Christum,
1402 2686 1621 2726 unume
1652 2669 1940 2735 Trinitate,

368 2772 540 2825 Deum
566 2769 826 2832 Verbum,
868 2767 1211 2820 incarnatum
1239 2774 1257 2833 ι
1283 2765 1365 2818 vel
1384 2764 1449 2817 ad
1478 2764 1645 2833 ipsius
1662 2761 1943 2816 sanctissi-

365 2877 508 2916 mam
537 2858 787 2923 latrem,
838 2857 923 2912 vel
947 2866 1167 2912 sanctos
1199 2854 1444 2924 angelos,
1488 2842 1578 2907 ‘vel
1630 2848 1939 2931 apostolos,
2029 2864 2035 2869 ”

369 2955 449 3010 vel
464 2962 714 3009 sant-tum
734 2949 1484 3018 pontiﬁcemautmartyrem,
1518 2944 1599 2997 vel
1633 2914 1939 3010 quem'iiiam

2045 491 2424 564 ἀγίων.οἷμαι
2447 496 2528 558 δὲ,
2548 496 2793 547 λείπεται
2814 496 2979 564 ἐρεῖν,
3004 496 3099 547 καὶ
3127 495 3178 546 τί
3198 494 3304 565 ἄρα
3329 497 3354 547 ὁ
3378 497 3504 557 ναὸς
3524 498 3615 546 ἐκ·

2045 588 2213 639 τυποῖ
2240 588 2335 639 καὶ
2352 589 2418 640 τὰ
2447 590 2504 639 ὲν
2526 587 2695 656 αὐτῷ.
2726 587 2833 639 Καὶ
2864 588 2994 649 ἴσως
3024 588 3122 655 μὲν
3154 589 3281 653 περὶ
3304 588 3497 640 τούτου
3524 587 3613 639 καὶ

2056 682 2115 733 ἐν
2134 680 2318 743 ἄλλοις
2340 682 2641 748 είρήκαμεν
2659 697 2673 712 ⁸
2703 681 2895 750 ῥητέον
2930 680 2984 731 δέ
3018 680 3110 732 καὶ
3142 678 3259 742 νῦν,
3280 673 3464 749 ἐπειδὴ
3487 657 3615 748 περὶ

2045 771 2250 823 τούτων
2298 772 2428 839 ἡμῖν
2467 774 2494 824 ὁ
2535 771 2692 839 λόγος
2737 769 3044 832 ἀκολούθως
3088 769 3354 839 ἐλήλυθε·
3414 772 3504 822 καὶ
3534 773 3612 822 ὅτι

2045 863 2106 915 τὸ
2144 864 2402 926 πολλάκις
2454 864 2584 933 περὶ
2636 864 2746 916 τῶν
2797 864 2976 917 αὐτῶν
3014 863 3191 930 λέγειν
3232 862 3394 915 θείων
3442 864 3610 914 ὄντων

2046 955 2385 1019 ἀνακαινίζει
2419 958 2489 1009 τὰ
2531 955 2816 1019 κάλλιστα,
2855 956 2949 1007 καὶ
3000 957 3097 1024 τὴν
3142 957 3362 1024 μνήμην
3411 955 3610 1023 μᾶλλον

2045 1047 2394 1114 καθαγιάζει,
2449 1046 2525 1109 ὼς
2571 1048 2664 1098 καὶ
2700 1046 3010 1099 τούναντίον
3046 1048 3099 1097 ἐν
3134 1048 3242 1108 τοῖς
3295 1047 3371 1115 μὴ
3426 1046 3609 1106 καλοῖς

2016 1139 2271 1206 ’γίνεταα
2327 1138 2394 1190 ’0
2465 1139 2590 1201 ναὸς
2636 1138 2814 1192 τοίνυν
2863 1134 3011 1199 οῖκός
3054 1139 3171 1190 ἐστι
3210 1137 3367 1202 Θεοῦ,
3417 1138 3510 1189 καὶ
3551 1137 3607 1200 ἐξ

2047 1227 2188 1281 ὑλῶν
2240 1227 2465 1297 ἀψύχων
2506 1228 2883 1296 συγκείμενος.
2933 1228 3244 1294 Ἀγιάζεται
3287 1228 3394 1295 γὰρ
3425 1226 3609 1294 χάριτι

2046 1320 2168 1390 θεία
2226 1322 2321 1374 καὶ
2376 1321 2561 1389 εὐχαῖς
2634 1320 2954 1389 ίερατικαῖς,
3008 1322 3103 1371 καὶ
3171 1319 3271 1370 οὐκ
3320 1318 3396 1369 ἔτι
3471 1318 3611 1369 κατὰ

2046 1413 2173 1474 τοὺς
2198 1412 2390 1473 ἄλλους
2411 1428 2425 1442 ⁸
2457 1410 2568 1463 ἀλλ’
2598 1404 2970 1480 ἀφιερωμένος
3006 1411 3152 1462 ἐστὶν
3198 1410 3284 1461 ἐπὶ
3316 1410 3416 1475 γῆς
3446 1408 3563 1475 Θεῷ
3593 1421 3607 1436 ί

2047 1505 2137 1557 καὶ
2176 1503 2335 1557 αὐτὸν
2366 1503 2589 1555 πλουτεῖ
2618 1503 2841 1567 ἐνοικον,
2895 1502 2988 1553 καὶ
3026 1503 3058 1570 ἠ
3096 1500 3221 1563 δόξα
3255 1500 3411 1569 127
3444 1499 3603 1551 αὑτοῦ

2046 1596 2103 1646 ἐν
2138 1596 2283 1663 αὐτῷ
2314 1595 2407 1647 καὶ
2435 1594 2661 1664 δύναμίς
2690 1611 2748 1646 τε
2780 1594 2873 1647 καὶ
2896 1594 3077 1667 χάρις,
3108 1595 3227 1646 ἐπεὶ
3253 1596 3345 1645 καὶ
3371 1595 3429 1646 ἐν
3456 1594 3605 1662 αὑτῷ

2045 1689 2236 1740 τούτου
2269 1687 2544 1757 ἐπεκλήθη
2593 1688 2652 1739 τὸ
2694 1687 2888 1755 ὄνομα·
2940 1686 2973 1755 ἦ
3022 1687 3118 1738 σὺν
3157 1687 3303 1756 αὐτῷ
3338 1687 3429 1737 καί
3463 1701 3606 1747 τινος

2045 1780 2211 1832 αὐτοῦ
2263 1778 2369 1831 τῶν
2410 1780 2601 1845 ἁγίων.
2637 1779 2727 1830 Διὸ
2758 1779 2853 1830 καὶ
2889 1779 2986 1847 τὴν
3019 1776 3213 1846 κλῆσιν
3266 1779 3342 1841 είς
3392 1776 3449 1825 δν
3480 1778 3599 1827 ἐττε-

2046 1871 2222 1941 κλήθη
2277 1871 2471 1939 φέρει·
2515 1869 2607 1922 καὶ
2661 1870 2762 1921 οὐκ
2804 1869 2885 1921 ἔτι
2940 1864 3089 1921 οἷκον
3129 1866 3407 1934 καλοῦμεν
3446 1868 3605 1919 αὑτὸν

2048 1964 2248 2031 μόνον,
2299 1960 2416 2013 ἀλλ’
2453 1960 2611 2026 ἅγιον
2638 1999 2652 2024 ,
2696 1959 2771 2021 ὡς
2806 1960 3143 2027 ἡγιασμένον
3189 1959 3251 2011 ἐκ
3302 1958 3397 2010 τοῦ
3450 1959 3604 2024 ἁγίου

2047 2057 2279 2125 Πατρδς,
2312 2054 2398 2107 διὰ
2422 2054 2515 2107 τοῦ
2552 2055 2823 2123 παναγίου
2858 2051 3011 2118 Υίοῦ,
3051 2054 3108 2104 ἐν
3133 2051 3273 2119 ἁγίῳ
3308 2050 3605 2117 Πνεὺματι,

2046 2147 2140 2199 καὶ
2176 2146 2272 2214 τῆς
2300 2146 2530 2215 Τριάδος
2568 2147 2833 2215 σκήνωμα
2858 2137 3035 2206 οὗτος.
3083 2142 3173 2194 Διὸ
3212 2144 3307 2194 καὶ
3333 2144 3492 2209 εἴπερ
3527 2142 3606 2201 είς

2045 2239 2214 2308 ὄνομα
2254 2237 2415 2306 μόνον
2458 2235 2550 2288 τοῦ
2582 2237 2637 2287 ἐν
2665 2232 2855 2304 Τριάδι
2888 2234 3003 2286 ἐστὶ
3037 2233 3195 2298 Θεοῦ,
3227 2233 3303 2297 ὡς
3333 2234 3411 2295 είς
3442 2232 3605 2284 αὐτὸν

2044 2329 2134 2383 τὸν
2164 2331 2326 2399 μόνον
2372 2330 2503 2383 Θεὸν
2550 2327 2929 2399 πορευόμενοι,
2976 2326 3117 2380 οὕτω
3148 2327 3403 2395 λέγομεν,
3433 2328 3604 2391 ἀπερ-

2046 2424 2253 2493 χόμεθα
2283 2423 2363 2486 είς
2392 2424 2490 2493 τήν
2522 2424 2680 2491 ἁγίαν
2706 2422 2938 2491 Τριὰδα,
2972 2420 3064 2474 τὸν
3106 2420 3476 2488 ἀφιερωμένον
3515 2418 3603 2487 δη-

2045 2516 2174 2585 λαδὴ
2206 2513 2350 2567 οἷκον
2380 2517 2538 2584 αὐτῇ·
2571 2514 2602 2583 ἢ
2648 2515 2725 2575 εἰς
2776 2515 2865 2564 τὸν
2912 2512 3147 2581 Χριστὸν
3181 2510 3412 2579 λέγομεν
3445 2510 3600 2562 ἀπιέ-

2045 2623 2156 2667 ναι.
2181 2606 2273 2658 τὸν
2300 2604 2396 2657 ἕνα
2431 2604 2532 2674 τῆς
2583 2590 2813 2674 Τριάδος
2849 2604 2981 2655 Θεὸν
3012 2605 3186 2670 Λόγον
3220 2603 3599 2673 σαρκωθέντα·

2045 2698 2078 2766 ἢ
2109 2698 2248 2768 πρὸς
2286 2696 2388 2768 τὴν
2421 2696 2694 2764 παναγίαν
2733 2696 2897 2749 αὐτοῦ
2926 2697 3177 2767 Μητέρα,
3208 2698 3241 2766 ἢ
3267 2698 3393 2759 τοὺς
3417 2697 3607 2763 ἁγίους

2045 2789 2334 2858 ἀγγέλους,
2370 2791 2403 2859 ἢ
2438 2789 2792 2853 ἀποστόλους,
2829 2788 2861 2857 ἦ
2899 2790 3056 2856 ἅγιον
3097 2790 3359 2859 ίεράρχην
3392 2790 3423 2858 ἢ
3466 2791 3605 2860 μάρ-

2044 2898 2207 2950 τυρα,
2238 2879 2272 2949 ἦ
2318 2895 2442 2932 τινα
2492 2879 2602 2932 τῶν
2634 2878 2826 2945 ἁγίων.
2864 2879 2945 2947 Τί
2973 2879 3166 2931 τούτου
3195 2879 3478 2947 δηλοῦντος
3509 2880 3601 2931 τλγῦ

2045 2971 2251 3039 λόγου;
2306 2970 2387 3023 ὅτι
2436 2970 2463 3022 ὁ
2513 2970 2638 3032 ναὸς
2688 2970 2991 3039 ἀφιέρωται
3036 2970 3112 3038 τῷ
3142 2970 3283 3039 Θεῷ,
3317 2972 3410 3022 καὶ
3441 2971 3602 3021 αὐτοῦ

368 3052 708 3100 sanctorum.
730 3039 869 3105 Quid
889 3048 1069 3093 autem
1099 3039 1302 3092 indicat
1325 3040 1412 3092 hic
1429 3032 1685 3103 loquendi
1707 3028 1939 3094 modus?

2043 3028 2187 3115 ten-tv
2218 3060 2388 3124 οἶκος·
2416 3061 2507 3113 καὶ
2536 3060 2697 3123 αὑτός
2723 3028 2872 3113 ἐστιν
2903 3061 2958 3113 ἐν
2996 3028 3163 3129 αὐτῷ.
3194 3028 3303 3113 Kal.
3329 3064 3356 3114 ὁ
3384 3061 3601 3128 ἐπικλη-

366 3137 523 3203 Quod
545 3134 798 3202 templum
825 3139 909 3185 est
935 3133 1129 3185 domus
1159 3131 1251 3185 Dei
1304 3128 1517 3197 ipsique
1562 3131 1933 3184 consecratur,

365 3240 420 3283 et
448 3230 562 3297 ipse
584 3226 849 3278 inilloest
876 3237 892 3285 ;
923 3234 977 3276 et
999 3224 1283 3276 invocatus
1312 3221 1488 3289 ipsius
1510 3230 1701 3271 servos
1748 3215 1804 3267 in
1847 3213 1938 3267 illo

263 3334 275 3342 ’
367 3333 626 3387 tanquam
661 3318 714 3368 in
743 3316 963 3384 proprio
986 3313 1586 3377 habitaculomanct,et
1609 3309 1788 3361 anima
1813 3306 1937 3374 qui-

367 3413 489 3465 dem
510 3407 864 3478 spiritualiter
890 3404 1131 3471 residet;
1158 3405 1354 3474 sapius
1370 3414 1551 3457 autem
1602 3410 1657 3454 et
1696 3399 1937 3467 reliquiis

368 3504 539 3560 estibi
567 3504 812 3571 sepultus
840 3519 854 3567 ;
879 3500 1172 3567 divinaque
1206 3496 1445 3566 potentia
1472 3502 1527 3549 et
1547 3495 1715 3564 gratia
1739 3508 1934 3562 opera-

369 3610 499 3663 tur;
530 3597 785 3665 quoniam
815 3593 1059 3662 duplices
1088 3604 1213 3645 cum
1264 3589 1457 3653 simus,
1515 3587 1658 3641 dona
1722 3600 1939 3654 quoque

368 3688 651 3757 dupliciter
668 3686 981 3755 accipimus.
1002 3682 1156 3739 Unde
1180 3682 1261 3735 vel
1290 3681 1343 3735 in
1360 3680 1479 3735 istis
1504 3679 1744 3734 materiis
1767 3679 1937 3746 gratia

368 3780 585 3841 insidet,
616 3779 949 3847 visitansquc
976 3784 1155 3829 manet
1175 3784 1228 3828 et
1255 3786 1469 3844 promer
1521 3787 1618 3827 nos
1682 3782 1938 3843 operatur

371 3873 707 3942 bcneplacito
736 3869 913 3924 Patris
942 3879 997 3924 et.
1033 3869 1181 3922 illius
1218 3868 1589 3924 misericordia
1606 3867 1697 3935 qui
1720 3874 1938 3935 propter

370 3980 470 4019 nos
500 3964 811 4017 incarnatus
843 3972 927 4017 est
949 3971 1001 4017 et
1019 3962 1306 4031 dupliciter
1343 3976 1440 4016 nos
1493 3958 1828 4022 reformavit,
1883 3965 1938 4011 et

371 4057 600 4109 adventu
637 4054 1223 4121 cotnmiserationeque
1250 4053 1369 4121 ejus
1402 4052 1493 4119 qui
1525 4066 1648 4105 cum
1678 4050 1770 4104 illo
1813 4064 1937 4118 0pc-

371 4155 525 4199 ratur
547 4156 599 4199 et
633 4146 1071 4215 inseparabiliter
1126 4143 1503 4213 coniungitur,
1563 4140 1823 4211 Spiritus.
1872 4139 1938 4193 Et

372 4240 474 4290 hoc
507 4237 793 4290 manifeSte
826 4235 1072 4287 videmus
1105 4248 1119 4285 :
1150 4231 1345 4284 divinat
1399 4244 1636 4298 namque
1683 4231 1937 4298 potentia:

371 4332 479 4382 vim
509 4340 661 4381 suam
696 4334 952 4378 exercent
985 4324 1037 4376 in
1074 4322 1288 4389 templis
1319 4339 1333 4386 ;
1363 4322 1744 4390 etangelorum
1775 4332 1937 4389 atque

372 4426 687 4473 sanctorum
721 4414 965 4467 cernitur
1026 4412 1349 4480 praesentia;
1387 4411 1739 4482 prodigiaque
1797 4426 1944 4465 com-

374 4508 593 4577 plentur
646 4515 700 4560 et
754 4506 1121 4577 exaudiuntur
1177 4511 1324 4567 vota,
1377 4518 1587 4557 necnon
1633 4505 1943 4557 sanationes

372 4608 721 4668 praestantur.
782 4596 848 4649 Et
914 4609 975 4649 ea
1025 4609 1146 4664 qua:
1208 4605 1336 4650 sunt
1365 4596 1415 4649 in
1443 4594 1651 4662 templis
1680 4594 1939 4658 inanima,

373 4703 546 4759 aqum,
610 4689 836 4758 lapides,
897 4687 1187 4749 columnae,
1250 4688 1388 4752 vela,
1444 4685 1770 4740 ferramenta
1831 4685 1943 4740 em-

315 4835 321 4841 ,
372 4783 577 4835 caeiam
641 4780 862 4842 habent,
908 4793 1017 4831 non
1079 4794 1109 4831 a
1162 4778 1697 4847 seipsis;quomodo
1747 4777 1943 4830 enim?

372 4873 609 4926 inanima
648 4881 849 4925 suntet
873 4879 1138 4924 creaturae
1169 4868 1282 4934 Dei,
1321 4870 1603 4923 necullum
1663 4885 1693 4922 a
1750 4878 1940 4922 semet,

374 4966 507 5034 ipsis
543 4963 786 5028 habent;
820 4971 1061 5014 attamen
1115 4964 1226 5014 lizec
1283 4968 1575 5027 Operantur
1626 4958 1717 5011 Dei
1770 4960 1939 5026 gratia

371 5072 493 5123 qua:
526 5070 576 5106 tu
610 5054 693 5107 bis
719 5055 963 5126 invocata
1000 5062 1107 5117 est,
1140 5061 1191 5105 et
1227 5053 1423 5105 virtute
1475 5051 1715 5103 nominis
1769 5050 1939 5103 ύὶοἰιιί

370 5148 510 5210 quod
541 5147 671 5214 ipsis
703 5146 1025 5214 cognomine
1046 5143 1231 5197 datum
1284 5153 1389 5207 est,
1443 5152 1499 5195 ut
1559 5156 1657 5195 nos
1701 5143 1941 5194 sanctili-

370 5253 577 5292 cemur.
614 5236 713 5291 Ubi
754 5241 918 5308 igitur
940 5246 1022 5291 est
1054 5251 1248 5291 notnen
1283 5246 1333 5289 et
1358 5237 1628 5319 invocatio
1698 5234 1789 5289 Dei
1846 5236 1939 5303 qui

372 5340 565 5384 cuncta
596 5330 739 5392 let-it,
776 5332 943 5383 beata:
986 5327 1284 5392 Trinitatis,
1322 5328 1465 5381 illius
1515 5328 1609 5396 qui
1656 5326 1803 5380 solus
1857 5334 1941 5379 est

376 5419 736 5485 Deus,omnia
763 5432 888 5474 sunt
915 5430 1125 5486 sancta,
1143 5423 1433 5489 omniaque
1458 5427 1753 5489 operantur
1779 5433 1840 5471 ac
1858 5434 1944 5471 sa-

372 5522 502 5567 nant
522 5526 584 5565 ac
605 5520 823 5564 servant
848 5527 940 5579 per
957 5516 1209 5581 gratiam.

1931 5681 2003 5698 ῳ

2042 3152 2155 3214 θεὶς
2182 3152 2236 3204 δέ
2269 3152 2455 3211 δοῦλος
2487 3150 2652 3204 αὐτοῦ
2692 3152 2747 3203 ἐν
2793 3152 2942 3219 αὑτῷ
2994 3153 3166 3221 μένει,
3198 3151 3272 3212 ὠς
3316 3152 3372 3203 ἐν
3415 3151 3597 3218 οίκεῖῳ

2042 3242 2385 3313 σκηνώματι.
2422 3244 2531 3297 Καὶ
2577 3244 2642 3313 τῇ
2680 3243 2824 3313 ψυχῆ
2859 3245 2958 3313 μὲν
2994 3244 3217 3315 ἐνδημεῖ
3245 3244 3445 3305 ἀῦλως,
3473 3245 3598 3297 πολ-

2040 3338 2197 3398 λάκις
2233 3337 2289 3389 δὲ
2316 3336 2410 3389 καὶ
2437 3338 2548 3398 τοῖς
2576 3335 2849 3404 λειψάνοις
2890 3336 3008 3390 ἐστὶ
3038 3338 3351 3407 τεθειμένος
3379 3340 3555 3391 ἐκεῖσε
3584 3355 3596 3368 ’

2042 3432 2135 3483 καί⁵
2172 3430 2293 3499 θείᾳ
2338 3428 2570 3497 δυνάμει
2627 3430 2722 3481 καὶ
2770 3431 2974 3500 χάριτι,
3018 3432 3252 3500 ἐνεργεῖ³
3281 3432 3361 3484 ὅτι
3394 3432 3490 3485 καὶ
3523 3432 3600 3483 δι·-

2044 3523 2168 3573 πλοῖ
2193 3522 2345 3583 ὄντες
2374 3522 2540 3589 ἡμεῖς
2560 3560 2575 3584 ,
2601 3521 2694 3572 καὶ
2722 3521 2788 3572 τὰ
2824 3521 2970 3591 δῶρα
2998 3521 3200 3585 διπλῶς
3227 3522 3597 3593 λαμϐάνομεν.

2042 3614 2207 3668 Ὅθεν
2242 3614 2336 3667 καὶ
2384 3614 2441 3665 ἐν
2469 3615 2582 3675 τοῖς
2615 3612 2843 3666 ὑλώδεσι
2872 3614 3080 3676 τούτοις
3130 3615 3160 3683 ή
3191 3614 3351 3684 χάρις
3381 3616 3603 3681 ὲφέστα-

2038 3722 2152 3767 ται,
2200 3704 2297 3757 καὶ
2350 3703 2694 3773 ἐπιφοιτῶσα
2726 3705 2901 3774 μένει,
2949 3706 3044 3759 καὶ
3091 3707 3158 3759 δι’
3211 3709 3361 3776 ἡμᾶς
3394 3710 3606 3777 ἐνεργεῖ

2039 3797 2260 3865 εὐδοκία
2292 3796 2527 3865 Πατρὸς,
2563 3796 2657 3849 καὶ
2692 3797 2831 3849 ἐλέει
2866 3797 2960 3849 τοῦ
2991 3798 3059 3849 δι’
3099 3799 3245 3867 ἡμᾶς
3294 3800 3601 3868 σαρκωθένο

2039 3905 2151 3954 τος,
2185 3888 2281 3940 καὶ
2308 3887 2513 3950 διπλῶς
2546 3888 2695 3957 ἡμᾶς
2730 3887 3162 3953 ἁναπλάσαντος,
3200 3890 3294 3941 καὶ
3340 3890 3601 3958 ἐπιδημία

2038 3981 2135 4033 καὶ
2167 3982 2474 4049 οἰκτιρμοῖς
2504 3978 2599 4032 τοῦ
2638 3980 2900 4049 συνεργοῦ
2936 3981 3083 4049 αὐτῷ
3140 3982 3230 4033 καὶ
3294 3982 3600 4051 ἀχωρίστου

2040 4071 2378 4138 Πνεῦματος.
2447 4070 2553 4123 Καὶ
2603 4070 2765 4123 τοῦτο
2798 4071 3065 4141 βλέπομεν
3118 4072 3408 4142 ἀριδήλιιις.
3450 4074 3603 4127 Θεῖιι

2040 4159 2147 4228 γὰρ
2177 4158 2434 4227 δυνάμεις
2469 4158 2823 4227 ἐνεργοῦνται
2857 4161 2916 4213 ἐν
2947 4164 3057 4223 τοῖς
3104 4164 3272 4227 ναοῖς,
3305 4170 3399 4217 καὶ
3428 4165 3600 4231 ἀγγέ-

2039 4250 2146 4303 λων
2188 4250 2483 4318 ἐμφάνειαι
2532 4252 2624 4303 καὶ
2685 4251 2888 4318 ἁγίων·
2940 4256 3035 4305 καὶ
3074 4257 3275 4323 σημεῖα
3315 4256 3597 4309 τελεῖται·

2048 4340 2140 4391 καὶ
2170 4341 2237 4390 τὰ
2271 4339 2550 4407 αἰτήματα
2596 4339 2817 4393 δίδοται·
2864 4344 2957 4395 καὶ
3010 4343 3215 4413 ίάματα
3255 4350 3598 4417 χορηγείταιο

2052 4432 2149 4483 καὶ
2178 4430 2246 4482 τὰ
2273 4432 2329 4484 ἐν
2365 4430 2546 4493 αὐτοῖς
2580 4431 2635 4484 δέ
2668 4434 2781 4494 τοῖς
2814 4435 2961 4495 ναοῖς
2990 4434 3191 4503 ἄψυχα,
3224 4435 3389 4489 ὕδατὰ
3421 4455 3474 4490 τε
3508 4439 3601 4490 καὶ

2043 4523 2179 4575 λίθοι
2217 4523 2309 4575 καὶ
2360 4524 2535 4585 κίονες
2596 4524 2689 4576 καὶ
2743 4526 2921 4578 πέπλα
2976 4530 3067 4578 καὶ
3102 4529 3317 4599 σιδήρια
3350 4532 3601 4599 ἐνεργεῖ*

2041 4620 2141 4672 οὐκ
2192 4619 2290 4685 ἀφ’
2330 4617 2563 4681 ἑαυτῶν,
2620 4618 2735 4678 πῶς
2773 4619 2922 4687 γάρ;
2974 4618 3154 4687 ἄψυχα
3205 4624 3299 4675 καὶ
3330 4624 3604 4691 κτίσματι

2040 4711 2175 4764 Θεοῦ
2226 4712 2380 4773 ὄντα,
2433 4711 2526 4762 καὶ
2559 4709 2724 4777 μηδὲν
2773 4710 2868 4778 ἀφ’
2925 4710 3133 4764 ἑαυτῶν
3184 4712 3414 4780 ἔχοντας
3454 4715 3603 4780 ὅμως

2041 4800 2214 4853 ταῦτα
2253 4801 2469 4867 ἐνεργεῖ
2496 4801 2561 4868 τῇ
2611 4800 2704 4851 τοῦ
2740 4800 2873 4851 Θεοῦ
2906 4800 3091 4870 χάριτι
3132 4803 3190 4854 ἐν
3239 4800 3451 4866 τούτοις
3485 4805 3607 4854 ἐπι-

2042 4891 2323 4961 κληθείσῃ,
2362 4890 2457 4943 καὶ
2485 4889 2579 4942 τοῦ
2612 4890 2758 4942 θείου
2809 4891 2867 4943 ἐν
2897 4891 3109 4956 τούτοις
3142 4894 3602 4965 ἐπονοματισθέν-

2040 5002 2131 5048 τος
2158 4986 2446 5053 ὀνόματος,
2484 4984 2551 5036 ἶν’
2593 4984 2945 5052 ἁγιασθῶμεν
2999 4987 3179 5055 ἡμεῖς.
3220 4988 3391 5041 Ὅπου
3425 4990 3604 5040 τοίνυν

2041 5076 2175 5129 Θεοῦ
2206 5077 2472 5146 ὀνομασία
2501 5094 2557 5128 τε
2592 5079 2683 5129 καὶ
2718 5078 3006 5143 ἐπίκλησις
3028 5078 3119 5130 τοῦ
3157 5080 3336 5132 πάντα
3372 5097 3603 5149 πεποιη-

2043 5172 2197 5231 κότος
2232 5171 2329 5236 τῆς
2364 5167 2643 5237 μακαρίας
2671 5168 2894 5236 Τριάὀος
2924 5168 3014 5220 τοῦ
3058 5169 3217 5236 μόνου
3256 5171 3407 5233 ὄντος
3443 5172 3602 5234 Θεοῦ,

2044 5261 2175 5327 ἆγια
2210 5263 2407 5324 πάντα,
2441 5261 2533 5312 καὶ
2567 5260 2781 5329 ἐνεργεῖ
2811 5261 3128 5326 πάντα,,καὶ
3176 5264 3339 5329 ἰᾶται,
3376 5264 3468 5316 καὶ
3499 5265 3604 5316 at;-

2043 5348 2121 5409 ζει
2157 5352 2219 5417 τῇ
2258 5349 2460 5417 χάριτι.
