4044 6198
377 326 481 393 339

1250 335 1631 403 SYMEONIS
1666 345 2412 415 TllESSALONICENSIS
2445 356 2801 417 ARCHIEP.

3482 360 3609 437 ato

373 434 640 491 visibilem
676 437 822 495 hunc
855 441 1163 510 mundum;
1195 456 1252 503 ct
1280 452 1465 521 templi
1515 428 1737 523 quidem
1766 471 1933 526 supe-

2046 462 2130 516 τδν
2156 463 2435 534 ὁρώμενον
2461 466 2711 536 οὐρανὸν,
2738 468 2805 520 τὰ
2848 470 2999 523 κάτω
3044 470 3100 523 δὲ
3141 469 3210 524 τά
3249 471 3341 525 ἐπὶ
3379 472 3609 541 τῆςγῆς

372 525 540 593 riora,
570 529 785 585 visibile
815 533 1036 599 cmlum,
1072 534 1337 595 inferiora
1362 556 1513 606 vero,
1541 557 1604 598 ea
1626 559 1747 615 qum
1774 525 1939 617 super

373 621 575 669 terram
594 618 725 672 sunt
752 618 1012 691 acipsum
1036 624 1349 692 paradisum
1373 643 1390 695 ;
1420 629 1691 686 exteriora
1733 643 1935 701 autem,

368 713 552 773 partes
584 706 877 767 inferiores
908 722 963 769 et
998 720 1199 771 terram
1254 717 1424 787 ipsam
1466 721 1663 789 solam,
1717 734 1940 796 propter

366 811 463 852 cos
490 798 583 867 qui
640 800 1090 863 irrationabiliter
1130 808 1341 877 vivunt,
1370 812 1612 884 nihilque
1666 817 1938 875 excelsius

370 884 591 941 habent.
624 888 693 945 Et
717 906 839 962 quae
867 894 1096 951 dicenda
1118 910 1249 957 sunt
1279 903 1428 959 istud
1451 904 1936 964 demonstrabant.

370 972 784 1035 Sanctissimum
820 984 1039 1053 quidem
1074 990 1219 1045 enim
1263 996 1634 1051 sanctuarium
1669 988 1820 1053 intus
1851 980 1950 1054 re?

368 1066 499 1136 cipit
528 1071 865 1141 pontiﬁcem,
895 1077 987 1146 qui
1012 1087 1201 1150 typum
1229 1083 1369 1153 gerit
1389 1085 1628 1143 hominis
1660 1088 1753 1144 Dei
1782 1087 1935 1155 Jesu,

369 1158 650 1231 ipsiusque
688 1164 895 1223 ditatur
919 1179 1222 1241 potestate;
1274 1180 1456 1233 caeteri
1494 1193 1624 1235 vero
1670 1181 1936 1236 sacerdo-

368 1260 453 1307 tes
486 1251 721 1321 ligurant
751 1262 1053 1328 apostolos,
1095 1272 1150 1319 et
1184 1267 1459 1337 praecipue
1490 1271 1854 1342 archangelos
1882 1282 1939 1329 et

369 1343 593 1412 angelos
621 1346 790 1417 ipsos,
822 1353 1202 1424 unusquisque
1248 1357 1405 1427 juxta
1435 1372 1591 1419 suum
1645 1362 1936 1429 ordinem;

370 1434 656 1514 apostolos
677 1447 858 1493 autem
897 1442 1297 1514 pontificesque
1352 1458 1407 1503 et
1440 1449 1760 1509 sacerdotes
1811 1467 1935 1507 cum

370 1511 577 1594 a'ngelis
610 1528 733 1584 dico
757 1547 771 1596 ;
804 1531 1070 1601 siquidem
1099 1511 1309 1593 una‘est
1334 1536 1574 1597 Ecclesia
1603 1543 1855 1612 superius
1881 1554 1937 1599 et

368 1613 617 1681 inferius,
635 1633 664 1672 a
685 1635 795 1690 quo
813 1621 957 1679 Deus
979 1626 1046 1681 ad
1069 1642 1169 1683 nos
1191 1628 1426 1697 devenit,
1442 1640 1495 1687 et
1513 1636 1814 1691 secundum
1838 1652 1937 1693 nos

366 1704 518 1761 visus
536 1717 638 1775 est,
666 1719 719 1765 et
739 1726 801 1767 ea
822 1729 943 1784 qua:
961 1728 1086 1773 sunt
1115 1730 1336 1790 prepter
1360 1739 1460 1779 nos
1483 1737 1784 1784 exsecutus
1813 1738 1932 1794 cst;

2045 555 2140 608 καὶ
2171 556 2331 610 αὐτὸν
2365 558 2457 610 τον
2491 559 2820 625 παράδεισον
2841 577 2856 592 ο
2886 561 2955 614 τὰ
2986 560 3184 627 ἔξωθεν
3212 563 3268 615 δὲ
3319 563 3387 616 τά
3432 564 3609 616 κατώ-

2042 664 2178 717 τερα
2210 650 2347 721 μέρη
2384 652 2477 705 καὶ
2527 652 2629 721 τὴν
2673 654 2780 721 γῆν
2817 655 2989 725 μόνην
3018 654 3189 726 αὐτὴν
3217 657 3305 711 διά
3335 657 3461 720 τοὺς
3491 658 3611 710 ald-

2040 756 2155 808 γως
2184 740 2415 807 ζῶντας,
2443 743 2541 798 καὶ
2563 744 2733 813 μηδὲν
2755 744 3088 817 ὑψηλότερον
3122 748 3365 818 ἔχοντας.
3403 751 3510 802 Kal
3542 750 3608 803 τά

2041 824 2393 897 ῥηθησόμενα
2421 829 2483 882 τὸ
2536 833 2668 901 περὶ
2718 832 2911 887 τούτου
2949 833 3203 904 δηλώσει.
3236 836 3313 889 Τὸ
3354 839 3454 907 μὲν
3500 842 3609 904 γὶρ

2041 916 2347 984 ἁγιώτατον
2378 920 2528 989 βῆμα
2575 922 2725 977 ἔνδον
2757 923 3064 994 εἰσδέχεται
3095 925 3190 979 τὸν
3230 926 3515 997 ίεράρχην.
3550 929 3609 991 ὃς

2040 1007 2203 1058 τυποῖ
2232 1005 2325 1061 τὸν
2352 1006 2703 1081 θεάνθρωπον
2741 1011 2969 1082 Ἰησοῦν,
2994 1014 3090 1068 καὶ
3117 1015 3218 1087 τὴν
3248 1016 3415 1069 αὐτοῦ
3446 1017 3609 1069 πλου-

2041 1094 2134 1147 τεῖ
2179 1092 2413 1162 δύναμιν
2438 1113 2452 1129 ·
2491 1100 2541 1152 oi
2573 1098 2751 1154 λοιποὶ
2780 1102 2836 1156 δὲ
2871 1101 3183 1175 ίερωμένοι,
3215 1104 3341 1167 τοὺς
3373 1105 3606 1159 ἀποστό-

2040 1184 2189 1247 λους,
2239 1187 2337 1240 καὶ
2382 1186 2673 1258 ἐξαιρέτως
2709 1192 2837 1257 τοὺς
2890 1194 3267 1265 ἀρχαγγέλους
3320 1196 3413 1248 καὶ
3447 1194 3610 1262 ἀγγέ-

2042 1273 2169 1338 λους
2222 1276 2463 1344 αὐτοὺς,
2499 1279 2731 1347 ἕκαστος
2787 1284 3067 1353 ἀναλόγως
3109 1288 3174 1357 τῇ
3233 1285 3403 1354 τάξει.
3451 1288 3608 1353 ,Τοὺς

2044 1364 2379 1429 ἀποστόλους
2412 1367 2469 1421 δὲ
2529 1369 2803 1441 ἀρχιερεῖς
2858 1390 2917 1426 τε
2969 1375 3066 1427 καὶ
3118 1375 3282 1445 ίερεῖς
3327 1375 3465 1444 μετά
3502 1378 3610 1431 τῶν

2040 1455 2290 1524 ἀγγέλων
2341 1460 2506 1527 φημὶ,
2556 1462 2678 1515 ἐπεὶ
2736 1464 2833 1532 μία
2878 1465 3176 1535 Ἐκκλησία
3235 1466 3348 1522 ἀνω
3399 1485 3459 1521 τε
3515 1471 3609 1522 καὶ

2041 1546 2216 1613 κάτω,
2253 1549 2346 1617 ἀφ’
2378 1543 2439 1604 οὗ
2490 1552 2627 1620 πρὸς
2677 1555 2827 1623 ἡμᾶς
2879 1557 2907 1608 ὁ
2948 1556 3086 1619 θεὸς
3118 1559 3482 1626 παραγέγονε,
3516 1563 3610 1612 καὶ

2042 1637 2164 1691 καθ’
2200 1639 2347 1708 ἡμᾶς
2375 1639 2551 1710 ὤφθη,
2582 1645 2678 1696 καὶ
2709 1646 2779 1697 τά
2813 1646 2955 1716 ὑπὲρ
2990 1649 3147 1716 ἡμῶν
3176 1650 3473 1715 ἐξετέλεσε.
3504 1652 3610 1705 Kal

2045 1728 2104 1780 ἓν
2151 1730 2211 1781 τὸ
2259 1728 2419 1798 ἔργον
2451 1732 2484 1801 ή
2524 1733 2618 1784 τοῦ
2659 1736 2933 1790 Δεσπότου
2971 1738 3255 1808 ἱερουργία
3291 1746 3385 1793 καὶ
3418 1760 3610 1794 κοινω-

366 1805 421 1851 et
453 1815 621 1855 unum
661 1812 745 1859 est
773 1820 934 1876 opus,
984 1808 1200 1866 Domini
1231 1816 1589 1883 sacriﬁcatio,
1618 1824 1937 1876 communio

2046 1818 2133 1873 νία
2181 1825 2278 1873 καὶ
2325 1822 2678 1893 κατανόησις.
2727 1825 2837 1878 Kal
2865 1828 3026 1880 τοῦτο
3075 1829 3187 1881 ἀνω
3216 1846 3275 1881 τε
3323 1832 3418 1883 καὶ
3465 1831 3612 1883 κάτω

367 1904 432 1945 ac
460 1894 722 1963 cognitio.
756 1896 825 1951 Et
855 1900 960 1956 hoc
994 1904 1249 1972 superius
1278 1914 1333 1961 et
1357 1908 1589 1964 inferius
1618 1910 1937 1979 perficitur;

367 1993 599 2074 excepto
635 1989 785 2055 quod
816 1991 929 2046 illic
958 1995 1180 2063 quidem
1211 1997 1332 2054 sine
1362 2001 1499 2057 velis
1549 2011 1603 2057 et
1633 2003 1755 2058 sine
1792 2020 1942 2074 synn-

370 2071 509 2128 bolis
533 2113 549 2141 ,
581 2074 670 2131 hic
705 2088 888 2135 autem
920 2097 1016 2153 per
1041 2086 1289 2151 symbola
1309 2105 1329 2156 ;
1349 2092 1610 2161 quoniam
1644 2071 1939 2151 onerosum

367 2162 469 2218 hoc
494 2175 660 2238 atque
697 2174 1058 2243 eorruptibile
1090 2180 1470 2236 vestimentum
1498 2185 1686 2240 carnis
1714 2200 1816 2241 nos
1854 2187 1940 2240 in-

368 2255 608 2315 duimur.
640 2262 894 2320 Attamen
919 2276 971 2321 et
992 2269 1191 2323 animae
1212 2281 1531 2328 sanctorum
1554 2290 1792 2344 superne
1814 2292 1937 2332 cum

372 2352 579 2420 angelis
598 2365 821 2419 sunt,et
845 2373 971 2413 cum
998 2359 1130 2428 ipsis
1161 2362 1249 2417 hic
1282 2372 1469 2420 nostra
1489 2368 1859 2435 considerant,
1889 2378 1943 2424 et

373 2444 535 2500 nobis
560 2446 744 2502 divina
771 2450 1116 2516 providentia
1162 2455 1473 2522 provident,
1526 2467 1583 2513 et
1645 2460 1937 2514 nobiscum

370 2534 627 2590 custodes
645 2545 805 2605 sunt;
844 2539 898 2594 in
923 2543 1132 2597 sanctis
1161 2553 1341 2600 autem
1372 2547 1598 2603 sedibus
1627 2548 1791 2602 etiam
1815 2532 1945 2603 cum

371 2622 581 2690 angelis
618 2626 812 2682 animae
839 2637 1154 2684 sanctorum
1190 2633 1573 2691 immorantur.
1630 2634 1773 2691 Intra
1820 2651 1942 2706 pro-

372 2711 502 2767 inde
535 2717 933 2785 sanctuarium,
965 2722 1130 2789 quod,
1169 2731 1226 2776 ut
1251 2723 1512 2791 diximus,
1549 2727 1639 2783 illa
1705 2744 1826 2799 quas
1856 2731 1944 2783 in-

373 2803 675 2876 telligibilia
724 2817 853 2865 sunt
904 2818 960 2865 et
991 2816 1410 2880 supercmlestia
1463 2818 1739 2889 designat,
1791 2821 1945 2878 solus

370 2898 617 2966 pontifex
647 2916 772 2956 cum
801 2902 974 2958 sacris
1022 2904 1287 2962 ministris
1348 2907 1684 2978 ingreditur;
1734 2921 1789 2966 et
1822 2928 1945 2983 qua:

374 2996 505 3043 sunt
531 2988 588 3043 in
621 2993 964 3060 sanctuario,
996 2994 1084 3050 illa
1126 3010 1249 3065 quae
1274 3012 1441 3068 super
1461 2999 1631 3054 cmlos
1668 3012 1820 3068 sunt,
1847 3017 1941 3057 ex-

373 3077 639 3147 primunt.
690 3079 1111 3138 Sacratissimus
1146 3085 1365 3152 quidem
1408 3102 1699 3147 consessus
1747 3106 1943 3148 ascen—
1970 3126 2013 3179 ϐ

373 3168 586 3223 sionem
613 3167 744 3222 Jesu
767 3170 1037 3240 signiﬁcat
1066 3172 1379 3242 indicatque
1416 3176 1570 3230 illum
1620 3192 1743 3233 esse
1772 3193 1941 3248 super

373 3273 589 3314 omnem
609 3260 969 3332 principatum
992 3276 1055 3319 ac
1077 3274 1396 3334 potestatem
1418 3268 1733 3325 etvirtutem
1756 3270 1808 3325 in
1827 3284 1946 3327 τοῖς

377 3366 468 3416 nc,
493 3360 656 3421 atque
693 3354 760 3409 ad
782 3354 1062 3411 dexteram
1093 3356 1268 3413 Patris
1334 3360 1675 3417 consedisse.
1711 3360 1943 3432 Ideoque

378 3430 499 3512 post
558 3445 708 3501 illum
749 3448 951 3517 gradus
1003 3459 1128 3505 sunt
1174 3450 1603 3523 uniuscujusque
1629 3430 1942 3521 angelorum

376 3544 431 3593 et
446 3547 758 3594 sanctorum
785 3540 1031 3595 ordinem
1048 3553 1209 3613 atque
1227 3545 1610 3600 ascensionem
1637 3546 1948 3612 exprimen-

378 3638 499 3694 tes;
523 3631 776 3701 quoniam
808 3639 862 3686 et
889 3633 1097 3702 angelis
1126 3644 1180 3688 et
1209 3637 1416 3690 sanctis
1446 3638 1659 3706 auatogi
1684 3644 1815 3691 sunt
1853 3651 1945 3693 or-

376 3721 531 3778 dines
559 3729 615 3777 et
644 3725 846 3795 gradus
870 3734 958 3791 ;et
988 3727 1085 3782 has
1120 3726 1451 3783 imitationes
1488 3726 1794 3783 bierarcbia
1823 3744 1949 3784 nos-

378 3827 459 3871 tra
488 3830 554 3872 ex
582 3817 886 3875 hierarcbia
906 3835 1142 3890 superna
1166 3821 1431 3890 possidet,
1456 3829 1512 3877 ut
1534 3824 1610 3877 ait
1630 3820 1943 3892 Dionysius.

904 3933 1134 3992 CAPUT
1152 3933 1292 3993 CXX
1304 3935 1413 3991 Xll.

380 4023 518 4091 Quid
547 4042 638 4094 per
667 4042 903 4083 mensam
935 4037 983 4082 et
1012 4045 1130 4111 qua
1167 4033 1221 4084 in
1246 4047 1317 4111 ,ω
1346 4042 1469 4087 sunt
1495 4048 1512 4086 :
1537 4042 1585 4086 et
1622 4034 1765 4103 quod
1794 4033 1948 4089 Chri-

971 4110 1083 4152 stus
1112 4110 1311 4155 omnia.

451 4184 658 4240 Deinde
680 4188 991 4243 veneranda
1024 4204 1213 4243 mensa
1260 4190 1314 4244 in
1346 4189 1525 4245 medio
1549 4192 1799 4255 sacrarii,
1829 4206 1951 4257 quae

2043 1910 2303 1967 τελεῖται.
2349 1912 2496 1983 Πλὴν
2532 1916 2615 1968 ὅτι
2668 1914 2788 1968 ἐκεῖ
2820 1917 2920 1986 μὲν
2962 1921 3134 1989 χωρὶς
3174 1923 3611 1988 παραπετασμάο

2041 2020 2151 2057 των
2183 2004 2280 2059 καὶ
2311 2005 2594 2075 συμϐόλων
2627 2006 2794 2061 τινῶν
2828 2025 2842 2039 ·
2870 2010 3106 2063 ἐνταῦθα
3160 2010 3216 2065 δὲ
3266 2012 3352 2065 διά
3407 2015 3609 2081 συμϐί-

2040 2095 2172 2160 λων,
2218 2096 2301 2150 ὅτι
2333 2097 2395 2150 τὸ
2426 2096 2566 2168 βαρῦ
2610 2098 2769 2154 τοῦτο
2818 2103 2916 2155 καὶ
2968 2102 3072 2156 ὑπὸ
3102 2104 3200 2174 τὴν
3232 2105 3438 2175 φθορὰν
3478 2125 3610 2173 σαρ-

2043 2186 2163 2237 κίον
2210 2187 2376 2256 ἡμεῖς
2430 2188 2819 2260 περικείμεθα.
2863 2191 3024 2247 Ἀ).λά
3058 2194 3154 2247 καὶ
3194 2196 3250 2248 ai
3302 2195 3471 2266 ψυχαὶ
3503 2197 3610 2248 τῶν

2042 2275 2215 2341 ἁγίων
2244 2277 2359 2332 ἄνω
2393 2278 2491 2331 σὺν
2528 2280 2643 2343 τοῖς
2689 2281 2961 2350 ἀγγέλοις,
2991 2283 3121 2347 slol,
3154 2286 3250 2339 καὶ
3286 2285 3382 2339 σὺν
3431 2288 3610 2348 αὐτοῖς

2042 2359 2145 2418 ὧδε
2183 2367 2582 2438 περισκοποῦσι
2627 2370 2695 2424 τὰ
2752 2372 3064 2443 καθ’ἠμᾶς.
3123 2376 3217 2427 καὶ
3263 2375 3612 2445 προνοοῦνται

2043 2456 2206 2523 ἡμῶν
2236 2457 2357 2529 θείᾳ
2394 2461 2625 2531 προνοίᾳ
2651 2502 2667 2527 ,
2712 2462 2806 2515 καὶ
2859 2463 2978 2532 μεθ’
3008 2464 3165 2534 ἡμῶν
3212 2466 3318 2518 εἰσι
3351 2464 3606 2534 φύλακες.

2046 2548 2153 2598 Καὶ
2206 2548 2265 2600 ἐν
2316 2552 2427 2612 τοῖς
2475 2552 2651 2617 ἁγίοις
2699 2553 2755 2607 δὲ
2807 2554 2977 2618 οἶκοις
3013 2554 3131 2624 ἅμα
3182 2556 3295 2617 τοῖς
3346 2555 3599 2623 ἀγγέλοις

2044 2640 2101 2690 al
2128 2638 2304 2709 ψυχαὶ
2327 2641 2434 2694 τῶν
2462 2643 2638 2711 ἁγίων
2667 2645 3122 2716 ἐνδιατρίϐουσιν.
3167 2647 3357 2701 Ἔνδον
3396 2646 3490 2700 οὖν
3517 2648 3611 2699 τοῦ

2048 2727 2293 2798 βήματος
2325 2732 2394 2786 τά
2421 2734 2610 2803 νοητὰ,
2647 2733 2723 2799 ὡς
2768 2736 3095 2807 εἰρήκαμεν,
3126 2739 3222 2791 καὶ
3254 2738 3322 2792 τὰ
3355 2738 3494 2807 ὑπὲρ
3522 2737 3613 2791 τον

2045 2821 2276 2890 οὐρανὸν
2314 2824 2708 2893 ἐκτυποῦντος,
2744 2830 2773 2881 ό
2811 2828 3111 2899 ἀρχιερεὺς
3149 2829 3309 2898 μόνος
3358 2830 3455 2881 σὺν
3502 2831 3612 2891 τοίς

2048 2912 2372 2989 ίερωμένοις
2411 2917 2745 2988 είσέρχεταιο
2784 2921 2877 2973 καὶ
2911 2922 2977 2975 τά
3020 2923 3079 2975 ὲν
3108 2922 3185 2992 τῷ
3228 2922 3435 2992 βήματι
3467 2921 3520 2975 δὲ
3546 2921 3613 2972 τὰ

2046 3001 2188 3071 ὑπὲρ
2216 3001 2310 3055 τὸν
2341 3004 2571 3075 οὐρανὸν
2604 3009 2853 3065 ἐκτυποτ.
2908 3010 2983 3063 Τὸ
3026 3011 3127 3080 μὲν
3157 3009 3451 3081 ίερὼτατον
3487 3009 3613 3061 σύν-

2047 3090 2256 3160 θρονον,
2292 3094 2355 3147 τδ
2398 3097 2755 3167 ἀνυιιωθῆναι
2807 3100 2901 3153 τὸν
2937 3100 3170 3170 Ἰησοῦν,
3219 3102 3317 3154 καὶ
3360 3099 3615 3168 ὑπεράνω

2049 3181 2297 3246 γενέσθαι
2333 3184 2515 3254 πάσης
2559 3187 2732 3256 ἀρχῆς
2767 3190 2861 3241 καὶ
2909 3189 3152 3256 ἐξουσίας
3187 3190 3283 3244 καὶ
3332 3190 3614 3256 δυνᾶιμεως

2051 3273 2187 3344 μετά
2226 3277 2450 3345 σαρκὸς,
2492 3279 2585 3332 καὶ
2624 3281 2687 3333 ἐκ
2729 3281 2921 3347 δεξιῶν
2972 3282 3067 3335 τοῦ
3118 3283 3331 3352 Πατρδς
3364 3281 3609 3334 καθίσαι.

2048 3368 2137 3425 Ab
2195 3370 2288 3426 καὶ
2330 3374 2470 3437 μετά
2514 3371 2675 3425 τοῦτο
2733 3372 3036 3442 βαθμίδες,
3078 3374 3175 3445 τὴν
3226 3373 3458 3427 ἑκάστου
3505 3372 3613 3425 τῶν

2049 3461 2297 3527 ἀγγέλων
2358 3463 2454 3515 καὶ
2511 3462 2623 3516 τῶν
2670 3464 2843 3531 ἀγίων
2891 3464 3152 3534 δηλοῦσαι
3213 3466 3367 3531 τάξιν
3421 3481 3479 3518 τε
3518 3464 3611 3516 καὶ

2048 3552 2336 3609 ἀνάϐασιν.
2368 3554 2493 3607 Ὀτι
2525 3555 2619 3608 καὶ
2644 3553 2902 3622 ἀγγέλοις
2936 3556 3031 3610 καὶ
3064 3557 3246 3625 ἁγίοις
3266 3555 3451 3619 τάξεις
3478 3557 3614 3607 είσὶν

2048 3647 2303 3716 ἀνάλογοι
2339 3650 2432 3703 καὶ
2485 3649 2706 3720 βαθμοί.
2740 3651 2849 3704 Kal.
2904 3650 2972 3706 τὰ
3024 3653 3322 3723 μιμήματα
3370 3648 3541 3703 ταῦτα
3580 3652 3613 3719 ἡ

2051 3739 2175 3793 καθ’
2209 3741 2360 3810 ἡμᾶς
2386 3741 2639 3810 ίεραρχία
2675 3742 2738 3796 ὲκ
2780 3741 2882 3813 τῆς
2915 3743 3027 3796 ἀνω
3056 3743 3276 3795 πλουτεῖ
3308 3743 3615 3814 ίεραρχῖας.

2048 3828 2127 3893 ὣς
2155 3846 2286 3899 φησι
2317 3832 2613 3893 Διονύσιος.

2609 3944 2863 3999 ΚΕΦΔΛ.
2899 3944 3063 4003 ΡΛΒ’.

2126 4032 2193 4086 Tt
2237 4034 2273 4101 ἡ
2304 4036 2553 4103 τραπέζα
2577 4035 2674 4090 καί
2697 4036 2779 4157 ἑὰ
2811 4036 3090 4157 arduum},
3118 4038 3216 4091 καί
3244 4038 3330 4091 ὅτι
3356 4039 3549 4095 πάντα

2745 4121 2877 4157 mat
2920 4125 2971 4157 ο.

2738 4121 2971 4172 ριστσς.

2124 4192 2256 4249 Εἶτα
2288 4197 2320 4263 ἡ
2362 4195 2565 4265 φρικτὴ
2598 4194 2849 4263 τράπεζα
2883 4195 2976 4248 τοῦ
3020 4198 3290 4267 ίερατείου
3348 4200 3535 4269 μέσον,
3560 4200 3623 4254 τὸ

381 4276 583 4333 Christi
610 4289 1025 4334 monumentum
1067 4278 1343 4347 designat,
1371 4290 1425 4334 et
1453 4291 1654 4336 sancta:
1681 4282 1950 4350 passionis

2056 4284 2246 4353 μνῆμα
2307 4284 2546 4354 Χριστοῦ
2591 4278 2861 4354 δηλοῦσα,
2914 4288 3098 4341 καὶτὸ
3145 4289 3233 4342 διὰ
3277 4290 3373 4344 τοῦ
3416 4293 3622 4353 πάθους

380 4370 724 4438 mysterium,
750 4384 861 4438 quo
915 4370 1244 4425 universalis
1275 4379 1331 4426 et
1380 4372 1570 4427 vivens
1631 4372 1950 4428 immolatur

2058 4376 2379 4443 μυστήριον,
2408 4378 2466 4429 ὲν
2488 4370 2533 4444 ᾧ
2558 4378 2653 4430 καὶ
2687 4379 2719 4447 ἡ
2749 4378 3097 4447 παγκόσμιος
3130 4379 3229 4432 καὶ
3258 4379 3412 4445 ζῶσα
3432 4380 3620 4434 relcu-

382 4460 559 4513 hostia
588 4474 603 4523 ;
639 4466 695 4511 et
731 4458 1007 4528 quomodo
1066 4457 1208 4516 Deus
1236 4460 1455 4531 quidem
1490 4463 1787 4531 requiescit
1837 4464 1954 4520 Sal-

2058 4467 2195 4535 μένη
2241 4466 2407 4520 ουσία
2427 4482 2440 4496 ·
2466 4468 2559 4520 καὶ
2592 4467 2667 4530 ὡς
2698 4469 2831 4530 Θεὸς
2862 4468 2960 4536 μὲν
2992 4470 3413 4539 ἀναπαυόμενος
3458 4474 3486 4525 ὁ
3520 4489 3625 4525 σω-

377 4554 585 4613 water;
645 4549 922 4617 quomodo
1008 4550 1172 4605 homo
1252 4566 1384 4607 vero
1462 4552 1845 4618 sacriﬁcatur;
1897 4565 1951 4610 et

381 4631 505 4694 ideo
533 4639 745 4696 medius
800 4642 1222 4711 omnibusjacet
1253 4642 1309 4697 in
1342 4642 1614 4700 visionem
1643 4660 1708 4699 ac
1733 4644 1948 4700 fruitio-

382 4744 504 4784 nem
551 4745 794 4786 suorum.
840 4729 979 4789 Ilinc
1036 4748 1223 4789 mensa
1250 4732 1473 4800 dicitur,
1496 4747 1562 4789 eo
1596 4732 1744 4803 quod
1766 4736 1947 4789 omni-

384 4822 482 4876 bus
512 4835 596 4880 est
619 4822 776 4878 Jesus
805 4825 1051 4882 viviﬁcus
1098 4826 1254 4882 cibus
1284 4834 1339 4880 et
1370 4824 1622 4892 delicias;
1664 4834 1719 4880 et
1770 4827 1949 4896 panis,

380 4914 509 4984 quia
533 4914 859 4982 confirmat;
888 4923 943 4971 et
982 4917 1126 4972 calix
1185 4932 1250 4972 ex
1308 4917 1458 4982 vino,
1510 4901 1639 4985 quia
1687 4917 1949 4982 laetiﬁcat,

381 5006 639 5072 viviﬁcat,
692 5008 839 5063 fovet
876 5018 931 5061 et
980 5007 1238 5073 inebriat,
1299 5017 1355 5063 et
1404 5009 1462 5063 in
1525 5010 1948 5078 pulcherrimam

383 5097 924 5168 transformationem
977 5109 1313 5166 commutat;
1348 5108 1402 5154 et
1442 5114 1583 5168 aqua
1617 5114 1741 5153 cum
1796 5100 1949 5163 vino,

381 5192 511 5257 quia
550 5190 824 5260 puriﬁcat,
853 5190 1207 5247 sobrietatem
1230 5201 1474 5263 generat,
1503 5192 1726 5255 irrorat,
1762 5192 1951 5262 irrigat

387 5283 703 5354 fructusque
729 5286 1035 5355 producere
1085 5285 1273 5348 donat,
1303 5295 1357 5341 et
1418 5286 1602 5341 varias
1651 5287 1948 5356 qualitates

383 5358 695 5441 prmstat.Et
723 5391 917 5433 omnes
960 5377 1026 5433 ad
1059 5377 1233 5445 ipsam
1284 5391 1527 5432 mensam
1582 5378 1950 5448 prospiciunt,

379 5477 434 5517 et
467 5482 656 5522 omnes
682 5469 1162 5537 proportionalitcr
1216 5470 1570 5541 participant,
1631 5480 1686 5526 ct
1729 5474 1822 5542 qui
1876 5473 1951 5527 ci-

381 5558 506 5612 bum
546 5558 671 5612 inde
697 5573 802 5613 non
843 5560 1071 5628 accepit,
1103 5572 1357 5615 mortuus
1388 5570 1493 5616 est.
1537 5560 1602 5615 Et
1654 5562 1810 5617 cibus
1867 5573 1952 5618 est

385 5650 586 5702 homini
645 5652 1019 5707 conveniens:
1067 5652 1430 5723 rationalibus
1492 5653 1635 5707 cnim
1668 5654 1947 5723 competit,

383 5753 450 5793 co
480 5738 626 5807 quod
668 5739 915 5795 nutriens
941 5747 1024 5795 cst
1053 5740 1319 5796 rationale
1347 5738 1585 5797 Verbum
1621 5756 1638 5807 ;
1668 5750 1719 5796 et
1744 5742 1953 5813 absque

2052 4558 2175 4625 τὴρ,
2243 4557 2319 4618 ὡς
2384 4558 2670 4627 ἄνθρωπος
2716 4559 2772 4611 δὲ
2831 4559 3134 4627 θυόμενος,
3192 4564 3288 4613 καὶ
3332 4562 3420 4615 διὰ
3466 4561 3626 4615 τοῦτο

2057 4649 2223 4718 μέσον
2259 4649 2395 4703 πᾶσι
2449 4648 2610 4724 129
2661 4650 3022 4719 προκείμενος
3054 4652 3135 4713 είς
3163 4668 3221 4703 τε
3254 4650 3488 4719 Θεωρίαν
3530 4653 3627 4703 καὶ

2054 4739 2358 4793 ἁπνὶλαυσιν
2387 4742 2496 4792 τῶν
2521 4740 2757 4794 οἰκείων.
2793 4742 2959 4794 Ὅθεν
2990 4744 3084 4795 καὶ
3103 4742 3353 4811 τράπεζα
3379 4743 3625 4810 λέγεται,

2020 4832 2133 4883 .ὅτι
2166 4833 2335 4885 πᾶσίν
2382 4834 2529 4883 ἐστιν
2551 4833 2577 4883 ὁ
2618 4830 2823 4898 Ἰησοῦς
2849 4832 3032 4902 ’τροφὴ
3062 4832 3266 4901 ζωτικὴ
3299 4834 3391 4885 καὶ
3419 4832 3622 4901 τρυφὴ,

2060 4923 2149 4974 καὶ
2186 4922 2383 4991 ἄρτος,
2418 4924 2501 4975 ὅτι
2549 4923 2819 4992 στηρίξει,
2881 4924 2984 4999 καὶ.
3034 4926 3289 4991 ποτήριον
3341 4923 3399 4989 ἐξ
3449 4922 3623 4986 οἴνου,

2053 5015 2134 5067 ὅτι
2167 5014 2451 5082 εὐφραίνει
2503 5014 2596 5067 καὶ
2645 5012 2773 5078 ζωοί
2820 5014 2913 5066 καὶ
2955 5013 3276 5083 θερμαίνει,
3318 5016 3411 5066 καὶ
3462 5015 3627 5083 p.506-

2058 5122 2200 5170 σκει,
2246 5107 2339 5158 καὶ
2379 5105 2581 5157 ἀλλοιοῖ
2643 5104 2741 5171 τὴν
2792 5105 3084 5174 καλλίστην
3136 5105 3423 5158 ἀλλοίωσιν
3456 5121 3471 5136 ·
3529 5107 3625 5157 καὶ

2055 5199 2198 5266 ὕδωρ
2224 5201 2322 5249 σὺν
2354 5198 2503 5264 οἴνῳ,
2537 5199 2618 5250 ὅτι
2656 5197 2911 5267 καθαίρει
2965 5198 3059 5249 καὶ
3088 5198 3280 5267 νήφειν
3312 5201 3474 5259 ποιεῖ,
3531 5199 3626 5251 καὶ

2052 5288 2309 5355 δροσίξει,
2346 5289 2441 5340 καὶ
2476 5288 2709 5355 ποτίζει,
2740 5292 2835 5345 xal
2865 5291 3111 5359 καρποὺς
3140 5292 3384 5358 ἐνεργεῖν
3415 5290 3622 5342 δίδωσι·

2042 5378 2343 5448 ’διαφόρους
2373 5380 2603 5449 παρέχει
2642 5379 2955 5462 τξοιότητας,
2990 5381 3083 5433 καὶ
3112 5382 3314 5435 πάντες
3347 5381 3480 5449 προς
3521 5380 3618 5433 αὖ-

2056 5472 2157 5537 τὴν
2207 5471 2376 5538 ὁρῶσι
2412 5472 2512 5540 τὴν
2565 5471 2869 5540 τράπεζαν.
2909 5474 3017 5527 Kal
3051 5473 3257 5535 πάντες
3291 5474 3614 5542 μετέχουσιν

2057 5561 2367 5627 ἀναλόγως,
2401 5564 2494 5615 καὶ
2538 5563 2564 5614 ὁ
2618 5563 2692 5631 μὴ
2731 5565 2962 5632 τραφεὶς
3016 5566 3225 5617 ἐκεῖθεν
3260 5564 3474 5632 νεκρός.
3512 5564 3623 5618 Kal

2057 5653 2090 5721 ἡ
2113 5653 2284 5723 τροφὴ
2309 5651 2582 5722 ἀνθρώπῳ
2608 5657 2959 5724 προσήκουσα
2978 5671 2990 5685 ·
3019 5649 3258 5722 λογικοῖς
3282 5656 3389 5725 γάρ
3407 5656 3622 5723 ἀνήκει,

2057 5746 2140 5799 ὅτι
2174 5745 2266 5799 καὶ
2296 5742 2453 5812 λόγος
2485 5744 2513 5796 ὁ
2545 5744 2776 5814 τρέφων·
2803 5747 2895 5797 καὶ
2928 5746 3095 5815 χωρὶς
3128 5745 3383 5815 αἵματος,
3411 5745 3494 5798 ὅτι
3520 5743 3623 5797 οὐκ
