4044 6198
457 295 561 359 341

1679 319 1775 379 ne
1834 319 2072 379 SACRO
2090 280 2430 380 .TEMPLO.

3591 308 3696 372 342

449 421 516 472 ἐκ
549 421 752 490 σι’ρκδς
783 421 834 474 οε
874 427 1240 496 τρεφόμενοι,
1270 431 1344 494 ὡς
1374 435 1498 490 οὺδέ
1525 438 1554 490 ὁ
1573 435 1811 507 τρέφων.
1856 441 2011 492 Μνεύ-

2123 437 2412 506 sanguine,
2443 449 2510 490 eo
2535 433 2684 502 quod
2711 449 2818 487 non
2855 449 2918 488 ex
2949 447 3114 486 carne
3142 439 3266 485 sunt
3297 429 3388 498 qui
3436 430 3694 484 nutriun-

451 530 582 580 ματι
613 512 724 584 γὰρ
769 517 1094 588 γεγέννηται
1129 523 1224 574 καὶ
1279 527 1443 596 γεννᾷ
1469 543 1483 558 ·
1537 530 1634 582 καὶ
1685 529 1760 593 ὠς
1804 531 2014 599 καρπὸς

445 605 689 674 ἀπαθὴς,
738 607 832 660 καὶ
861 609 925 661 ἐκ
969 613 1204 680 καρπῶν
1229 616 1330 683 τῆς
1359 617 1464 687 γῆς
1511 620 1738 674 ἀπαθῶν
1774 624 1841 674 τά
1876 623 2016 691 σύμ-

451 697 582 751 ϐολα
631 699 810 768 φέρει.
861 703 986 758 Ὅτι
1025 706 1122 758 καὶ
1174 708 1239 760 ἐκ
1273 707 1376 772 τῆς
1430 709 1532 777 γῆς
1581 710 1890 782 ἄνθρωπος,
1921 715 2016 768 καὶ

447 790 610 854 αὐτὸς
631 793 860 856 ἀπαθῶς
894 796 956 849 τὸ
988 798 1176 868 γήϊνον
1223 801 1404 854 λαϐὼν
1449 803 1632 874 σῶμα.
1667 805 1870 860 Τούτου
1918 799 2014 862 οὖν

445 880 608 950 χάριν
634 883 904 954 τράπεζα,
937 889 1031 942 καὶ
1061 889 1225 961 ἄρτος
1283 895 1376 948 καὶ
1424 890 1568 959 οἶνος
1615 899 1712 952 σὺν
1762 897 1918 952 ὕδατι
1947 899 2016 954 τὰ

447 975 746 1044 μυστήρια,
799 979 894 1032 καὶ
927 980 1265 1053 ἀναίμακτος
1316 984 1528 1052 ταῦτα,
1579 989 1676 1043 καὶ
1729 990 1793 1042 οὐ
1849 991 2013 1044 θυσία

447 1065 653 1134 σαρκὸς
701 1068 795 1120 καὶ
835 1067 1057 1138 ἄλογος.

995 1269 1242 1327 ΚΕΦΑΛ.
1287 1271 1455 1329 ΡΛΓν.

451 1351 511 1404 Τί
559 1353 626 1405 τὸ
679 1356 1150 1485 καταπέτασμασ
1168 1365 1264 1488 τιμέ
1330 1369 1385 1420 οι
1447 1369 1740 1437 τέσσαρες
1796 1373 2011 1428 τούτου

1154 1451 1224 1488 τυ
1269 1455 1346 1488 οι.

1154 1451 1346 1492 τυλοι.

513 1513 869 1588 Τετραμερὴς
901 1519 958 1572 δὲ
991 1522 1022 1590 ἡ
1055 1523 1325 1602 τράπεζα,
1359 1527 1440 1582 ὅτι
1475 1529 1534 1594 ἐξ
1571 1531 1742 1600 αὐτῆς
1773 1534 2010 1604 ἐτράφη,

447 1605 536 1655 καὶ
565 1606 652 1658 ἀεὶ
681 1608 746 1661 τὰ
772 1611 982 1677 πέρατα
1011 1614 1270 1682 τρέφεται
1294 1635 1309 1650 ο
1341 1621 1436 1673 καὶ
1464 1622 1754 1690 ὑψη>.ὴ,ὼς
1783 1626 2010 1694 οὐρανία

445 1695 530 1748 διὰ
573 1696 634 1748 τὸ
681 1698 992 1769 ἐπηρμένον
1037 1707 1128 1759 τοῦ
1169 1711 1473 1780 μυστηρίου
1516 1717 1610 1768 καὶ
1663 1717 2007 1784 ἐπουράνιον,

447 1787 538 1838 καὶ
567 1787 763 1853 ὑλικῶς
788 1792 888 1862 τῆς
917 1797 1018 1865 γῆς
1063 1800 1462 1871 ὑπερκείμενον
1487 1822 1501 1836 ·
1535 1807 1630 1858 καὶ
1667 1807 1770 1860 ὑπὸ
1801 1809 2009 1862 στύλων

447 1876 843 1952 βασταζομένη,
895 1887 978 1939 ὅτι
1033 1891 1098 1944 ἐκ
1151 1893 1248 1962 τῆς
1303 1897 1408 1963 γῆς
1473 1897 1845 1967 ὑπερύψωται.
1901 1901 2008 1954 Καὶ

448 1969 671 2037 στύλους
713 1973 824 2044 εχει
857 1978 964 2032 ἀπὸ
994 1980 1091 2050 τῆς
1127 1984 1250 2052 γῆς,
1278 1987 1404 2050 τοὺς
1458 1987 1599 2060 ὑπὲρ
1645 1991 1814 2059 αὐτῆς
1855 1992 2010 2044 τεθυ-

449 2061 664 2131 μένους,
709 2069 968 2135 ἀσφαλῶς
1024 2073 1194 2145 αὐτὴν
1254 2078 1656 2148 ὑπερείδοντας.
1721 2087 2006 2154 προφήτας

445 2155 536 2206 καὶ
587 2157 956 2226 ἀποστόλους·
994 2165 1090 2216 καὶ
1140 2167 1399 2231 πολλάκις
1431 2172 1532 2240 μὲν
1583 2173 1890 2236 πλείστους,
1925 2176 2008 2228 ὅτι

445 2246 654 2312 πολλοὶ,
696 2251 957 2319 πολλάκις
1001 2256 1058 2308 δὲ
1099 2257 1216 2325 ἕνα,
1271 2259 1332 2323 ὃς
1379 2263 1472 2316 καὶ
1507 2264 1754 2333 κάλαμος
1790 2266 2008 2335 λέγεται

441 2343 528 2397 διὰ
571 2346 666 2399 τὸν
713 2347 808 2401 ἕνα
849 2349 940 2412 τὰν
990 2351 1326 2424 ὑπερέχοντα
1369 2359 1588 2414 πάντων
1643 2361 1870 2428 Ἰησοῦν.
1913 2361 2008 2423 Ὃς

441 2435 534 2486 καὶ
585 2436 817 2507 καλάμῳ
863 2439 965 2511 τὴν
1013 2445 1256 2514 κεφαλὴν
1293 2447 1522 2518 ἐτύφθη,
1564 2451 1660 2504 καὶ
1707 2451 2008 2520 καλάμινον

443 2525 722 2596 σκῆπτρον
747 2530 962 2598 ἐδέξατο
993 2535 1233 2590 συνθλῶν
1261 2541 1360 2602 τὰς
1391 2541 1500 2594 τῶν
1532 2541 1710 2609 δφεων
1741 2543 2004 2609 κεφαλὰς,

443 2617 538 2670 καὶ
593 2621 725 2688 ἡμῖν
783 2623 1011 2692 γράφων
1069 2627 1166 2698 τὴν
1223 2631 1498 2700 σωτηρίαν
1527 2649 1540 2664 -
1597 2634 1686 2687 καὶ
1747 2633 2006 2704 κιϐώριον

443 2709 698 2764 ὑποκάτω
738 2715 940 2786 ταύτης
981 2718 1104 2770 ἀντὶ
1145 2718 1240 2772 τοῦ
1293 2721 1598 2792 μνήματος.
1633 2725 1743 2778 Καὶ
1775 2728 1834 2778 ἐν
1857 2727 2007 2796 αὑτῷ

443 2801 548 2854 τῶν
574 2803 712 2873 ὑπὲρ
734 2805 972 2874 Χριστοῦ
999 2809 1268 2865 τυθέντων
1293 2812 1362 2866 τὰ
1400 2813 1646 2883 λείψανα,
1675 2815 1759 2868 ὅτι
1790 2816 2006 2888 ἀληθῶς

443 2893 674 2961 Χριστοῦ
703 2894 870 2963 τάφος
897 2901 990 2950 καὶ
1017 2899 1228 2968 μνῆμα.
1248 2900 1360 2954 Καὶ
1385 2901 1434 2954 οἱ
1471 2901 1829 2966 συνθανόντες
1859 2904 2006 2972 αὐτῷ

445 2986 614 3038 ἐκεῖσε
633 2987 1064 3066 συνθάπτονται,
1091 2993 1186 3045 καὶ
1213 2991 1478 3062 θυομένου
1507 2995 2002 3060 συναπολαύουσιν,

441 3079 514 3140 ὡς
543 3081 640 3132 καὶ
693 3083 1126 3146 συναναστάντος
1165 3085 1288 3140 τότε
1346 3085 1895 3158 συνδοξασθήσονται.
1930 3089 2004 3144 Τὸ

445 3174 834 3242 καταπέτασμα
868 3174 924 3228 δέ
955 3175 1052 3230 καὶ
1071 3178 1149 3240 είς
1176 3181 1345 3248 τιμὴν
1360 3179 1532 3246 Ἰησοῦ
1551 3181 2002 3249 τοῦὶτιμιωτάτου

443 3281 500 3317 τε
529 3267 622 3344 καὶ
655 3267 1044 3338 πολυτιμήτου,
1083 3269 1176 3323 καὶ
1219 3271 1302 3334 είς
1340 3271 1510 3326 τύπον
1543 3274 1645 3342 τῆς
1674 3275 2004 3342 ἐπουρανίου

443 3358 672 3426 σκηνῆς.
701 3357 814 3410 Καὶ
859 3358 926 3412 ἐκ
952 3359 1234 3430 τεσσάρων
1266 3361 1496 3426 στόλων,
1527 3363 1618 3416 διὰ
1643 3363 1706 3416 τὸ
1746 3365 1808 3418 ἐκ
1839 3366 2008 3431 περά-

441 3466 548 3500 των
591 3445 728 3502 sive:
759 3449 818 3502 τὸ
853 3447 1128 3520 ἄθροισμα
1168 3452 1278 3504 τῶν
1324 3453 1386 3506 ἐκ
1429 3453 1529 3522 τῆς
1556 3454 1838 3522 τραπέζης
1874 3457 2009 3518 ζών-

439 3557 546 3593 των
567 3542 808 3604 ἐκείνων,
838 3541 930 3594 καὶ
953 3541 1040 3595 διὰ
1067 3545 1348 3614 τεσσάρων
1373 3545 1632 3615 συστῆναι
1661 3545 1768 3598 τῶν
1802 3563 2005 3610 συγκοι⁴

439 3632 754 3701 λεσαμένων
783 3634 1154 3702 Εὐαγγελίων,
1179 3637 1275 3689 καὶ
1313 3635 1423 3688 τῶν
1453 3636 1812 3706 κηρυξάντων
1843 3639 2003 3692 αὐτά.

441 3725 532 3778 Διὸ
577 3727 672 3778 καὶ
702 3728 759 3778 ἐν
791 3729 909 3789 ταῖς
939 3727 1202 3796 τέσσαρσι
1231 3728 1456 3794 γωνίαις
1491 3727 1632 3798 μέρη
1666 3729 2006 3798 ὑφασμάτων

441 3819 476 3882 ἡ
503 3817 752 3886 τράπεζα
775 3819 958 3888 γυμνὴ
984 3817 1218 3887 δέχεται,
1255 3819 1338 3871 ὅτι
1365 3819 1612 3872 κάκεῖνοι
1644 3819 1752 3871 ἀπὸ
1778 3821 1878 3889 τῆς
1903 3821 2008 3887 γὲς
2035 3809 2040 3812 ’

438 3907 490 3958 οἱ
519 3907 586 3959 τὰ
623 3907 932 3974 [εὐαγγέλια
971 3907 1306 3976 γράψαντες,
1344 3910 1438 3960 καὶ
1483 3909 1550 3962 τὰ
1597 3909 1823 3978 οὐράνια
1857 3913 2010 3978 εἰρη-

443 3999 598 4060 κότες
620 4016 634 4028 ·
669 3999 764 4051 καὶ
790 3999 856 4052 τὰ
905 3997 1149 4066 ὀνόματα
1203 3999 1410 4052 τούτων
1436 4000 1494 4052 ἐν
1536 3999 1742 4060 αὐτοῖς.
1785 3997 1917 4054 Εἶτα
1951 4003 2010 4056 τὸ

441 4089 768 4158 κατασάρκα
815 4089 901 4142 διὰ
941 4089 1042 4160 τὴν
1085 4090 1144 4143 ἐν
1191 4091 1258 4160 τῇ
1310 4090 1576 4160 νεκρὼσει
1629 4091 1877 4144 σινδόνα·
1917 4093 2010 4146 καὶ

439 4180 874 4248 τραπεζοφόρον,
905 4181 980 4242 ὡς
1011 4181 1168 4244 τόπος
1197 4180 1333 4234 Θεοῦ
1364 4184 1457 4235 καὶ
1487 4183 1894 4254 θυσιαστήριον,
1923 4185 2010 4237 διὰ

442 4269 540 4338 τὴν
572 4272 668 4336 τῆς
704 4269 854 4333 θείας
897 4269 1054 4340 δόξης
1087 4271 1406 4340 περιϐολὴν,
1441 4273 1534 4324 καὶ
1585 4274 1666 4336 είς
1700 4273 1868 4341 τιμὴν
1915 4275 2010 4326 τοῦ

441 4361 626 4426 σάρκα
657 4361 1006 4428 φορέσαντος,
1038 4363 1134 4415 καὶ
1167 4360 1788 4430 χιτῶνα“ἐνδυσαμένου.
1819 4363 1882 4417 Οἳ
1917 4365 2010 4416 καὶ

2035 3127 2079 3188 C

2119 539 2228 594 tur,
2259 526 2720 597 quemadmodum
2745 539 2846 579 nec
2877 525 3126 578 nutriens
3162 540 3176 590 ;
3213 523 3412 588 spiritu
3465 539 3697 592 namque

2117 622 2330 681 pellitus
2364 627 2448 671 est
2476 625 2530 669 et
2566 625 2825 684 generat;
2853 624 2908 668 et
2938 625 3194 682 tanquam
3239 614 3452 668 fructus
3495 614 3695 682 impas-

2119 711 2300 766 sibilis
2330 709 2492 763 etiam
2523 721 2586 760 ex
2615 706 2882 760 fructibus
2907 716 3063 760 terrae
3090 705 3520 770 impatientibus,
3551 718 3696 774 sym-

2119 801 2244 856 bola
2275 799 2477 868 gestit;
2537 797 2792 866 quoniam
2835 797 2902 851 de
2931 806 3086 852 terra
3116 805 3200 851 est
3230 797 3414 862 homo,
3467 805 3522 850 et
3582 785 3695 862 ipse

2125 899 2388 947 terrestre
2443 903 2640 959 corpus
2697 889 3106 959 impassibiliter
3155 891 3467 958 assumpsit.
3543 887 3696 940 Illius

2125 983 2295 1052 igitur
2327 995 2516 1045 causa,
2561 996 2778 1044 mensa,
2827 981 2983 1050 panis
3043 989 3098 1035 et
3151 982 3334 1035 vinum
3381 995 3504 1036 cunt
3554 993 3692 1047 aqua

2115 1074 2373 1146 mysteria
2404 1085 2552 1137 sunt,
2587 1082 2640 1128 et
2668 1075 2786 1128 haec
2827 1073 3110 1128 incruenta
3161 1088 3312 1138 ;nou
3345 1081 3526 1126 autem
3571 1085 3690 1124 car-

2125 1167 2269 1222 nalis
2310 1173 2363 1221 et
2395 1165 2735 1220 irrationalis
2775 1165 2976 1219 hostia.
3465 1147 3474 1158 '

2626 1281 2855 1337 CAPUT
2887 1281 3172 1338 CXXXIII.

2147 1373 2290 1440 Quid
2320 1390 2411 1443 per
2449 1374 2794 1428 velamentum
2830 1383 2876 1427 et
2910 1385 3138 1444 quatuor
3181 1377 3292 1444 ejus
3347 1377 3641 1434 columnas.

2185 1525 2596 1598 Quadripartita
2644 1545 2776 1584 vero
2809 1545 2996 1584 mensa
3025 1541 3124 1590 est.
3175 1535 3431 1601 quoniam
3465 1551 3527 1588 ex
3574 1537 3686 1604 ipsa

2113 1619 2333 1673 nutrita:
2363 1629 2492 1674 sunt
2521 1635 2841 1692 semperque
2872 1623 3192 1677 nutriuntur
3244 1635 3478 1692 quatuor
3503 1630 3686 1680 mutuli

2113 1717 2330 1779 partes;
2388 1712 2735 1782 excelsaque,
2789 1721 3050 1783 tanquam
3096 1715 3358 1774 ccelestis.
3429 1733 3493 1770 eo
3543 1717 3686 1785 quod

2043 1793 2082 1849 Β
2111 1801 2386 1856 excelsum
2414 1813 2497 1858 est
2517 1806 2835 1876 mysterium
2865 1817 2918 1862 et
2947 1807 3172 1864 cmleste
3195 1817 3246 1862 et
3271 1811 3498 1863 omnino
3526 1827 3688 1878 super

2115 1899 2314 1946 terram
2369 1893 2677 1960 elevatum;
2719 1903 2772 1950 et
2813 1912 2978 1964 super
3018 1899 3303 1954 columnas
3349 1909 3682 1967 sustentata,

2111 1987 2370 2054 quoniam
2393 2001 2423 2042 e
2451 1997 2593 2042 terra
2629 1989 3040 2056 superelevatur
3068 2008 3082 2057 ;
3111 2001 3276 2060 atque
3297 1993 3363 2046 de
3407 2002 3551 2048 terra
3586 2011 3685 2047 eo-

2111 2078 2327 2132 lumnas
2384 2077 2564 2134 thabet
2602 2122 2616 2145 ,
2658 2080 2781 2134 illos
2839 2083 2930 2150 qui
3002 2098 3170 2151 super
3217 2085 3364 2138 illam
3420 2087 3684 2141 immolati

2118 2179 2252 2225 sunt
2321 2179 2376 2224 et
2431 2157 2608 2240 ipsam
2659 2181 2776 2226 tuto
2843 2183 3198 2241 sustentant,
3273 2179 3564 2247 prophetas
3633 2189 3687 2234 et

2109 2261 2427 2332 apostolos;
2463 2273 2514 2315 et
2551 2277 2696 2332 saepe
2725 2264 2941 2333 quidem
2974 2267 3238 2335 plurimas
3259 2308 3272 2332 ,
3303 2271 3560 2337 quoniam
3597 2271 3686 2326 isti

2111 2354 2268 2408 multi
2300 2363 2462 2420 sunt;
2493 2371 2636 2425 saepe
2662 2371 2791 2410 vero
2823 2373 3008 2422 unam,
3039 2373 3159 2426 qua:
3189 2361 3436 2416 calamus
3463 2363 3685 2423 dicitur.

2111 2455 2333 2515 propter
2363 2462 2530 2500 unum
2563 2447 2658 2517 qui
2691 2463 2856 2517 super
2884 2437 3076 2504 omnes
3106 2459 3192 2506 est
3219 2449 3404 2506 Jesum
3428 2469 3444 2519 ;
3475 2455 3565 2523 qui
3599 2469 3687 2509 ca-

2108 2534 2252 2590 lamo
2284 2534 2388 2590 fuit
2417 2537 2470 2590 in
2501 2539 2681 2606 capite
2713 2538 3027 2605 perculsus,
3059 2539 3501 2609 caluminumque
3533 2557 3691 2608 seop-

2109 2633 2256 2681 trum
2286 2627 2526 2696 accepit.
2559 2629 2838 2683 sustinens
2867 2631 3044 2698 capita
3077 2631 3411 2699 serpentium
3441 2639 3496 2685 et
3527 2632 3688 2686 nobis

2108 2717 2340 2772 salutem
2381 2718 2646 2773 scribens.
2687 2719 2971 2774 Ciborium
3013 2730 3194 2774 autem
3233 2720 3422 2774 subter
3457 2721 3545 2775 illa
3585 2735 3686 2790 pro

2109 2820 2466 2867 monumento
2499 2814 2738 2881 positum
2773 2822 2892 2878 est;
2926 2823 2979 2867 et
3016 2814 3068 2866 in
3105 2829 3170 2868 eo
3204 2822 3333 2870 sunt
3365 2829 3553 2868 eorum
3589 2815 3682 2882 qui

2108 2917 2206 2972 pro
2255 2902 2472 2958 Christo
2517 2904 2736 2958 fuerunt
2783 2905 3050 2960 immolati
3100 2905 3376 2976 reliquiae,
3423 2906 3682 2974 quoniam

2109 3008 2238 3049 vere
2271 2993 2476 3051 Christi
2513 2997 2758 3052 tumulus
2791 3006 2877 3054 est
2909 3013 2974 3052 ae
3009 3009 3463 3062 monumentum;
3497 3006 3552 3052 et
3587 2999 3682 3066 qui

2110 3099 2234 3140 cum
2267 3087 2385 3154 ipso
2415 3087 2616 3142 mortui
2648 3098 2796 3152 sunt,
2831 3088 2904 3143 ibi
2937 3103 3061 3144 cum
3095 3091 3213 3156 ipso
3241 3089 3604 3159 sepeliuntur,
3631 3099 3686 3142 et

2112 3176 2393 3230 immolato
2423 3176 2700 3240 li-zmntur,
2734 3179 2878 3234 sicut
2912 3179 3028 3247 ipso
3064 3187 3194 3234 tunc
3225 3179 3388 3234 simul
3419 3179 3688 3233 suscitato

2109 3267 2690 3338 conglorilieabuntur.
2738 3269 2929 3324 Velum
2973 3279 3154 3324 autem
3198 3278 3281 3324 est
3323 3271 3376 3324 in
3423 3271 3684 3324 honorem

2109 3357 2238 3414 Iesu
2265 3361 2718 3416 venerandissimi
2751 3361 3044 3428 multisque
3070 3361 3247 3414 modis
3274 3361 3602 3420 honorandi,
3630 3369 3686 3413 et

2109 3450 2164 3502 In
2204 3461 2387 3519 typum
2421 3453 2662 3507 caelestis
2697 3453 3052 3506 tabernaculi.
3087 3450 3166 3508 Ex
3203 3461 3440 3522 quatuor
3467 3452 3679 3522 colum-

2113 3539 2199 3592 nis
2235 3541 2474 3608 pendet,
2508 3541 2765 3608 quoniam
2803 3555 2866 3594 ex
2904 3553 3141 3608 quatuor
3175 3521 3436 3597 estreanis
3473 3541 3530 3594 ﬁt
3565 3521 3686 3594 ilo-

2109 3644 2230 3682 rum
2269 3630 2363 3698 qui
2403 3646 2469 3684 ex
2517 3646 2702 3686 mensa
2747 3633 2936 3684 vivunt
2979 3633 3260 3696 collectio,
3309 3632 3688 3698 l'ormaturque

2111 3735 2206 3788 per
2240 3730 2476 3790 quatuor
2511 3722 2788 3792 evangelia
2831 3738 2952 3790 quae
2989 3732 3292 3776 Convocaut
3331 3733 3384 3778 et
3429 3739 3520 3790 per
3553 3739 3686 3790 pra:-

2109 3825 2272 3866 cones
2300 3812 2392 3878 qui
2425 3813 2526 3867 ista
2558 3812 2870 3880 praedicant.
2903 3813 3138 3882 Ideoque
3165 3816 3220 3867 in
3249 3825 3488 3882 quatuor
3515 3830 3687 3884 angu.

2109 3904 2210 3965 lis,
2247 3917 2434 3956 mensa
2473 3906 2615 3956 nuda
2653 3906 2835 3970 partes
2869 3912 3140 3958 textorum
3175 3905 3404 3973 accipit,
3440 3920 3505 3960 eo
3539 3907 3682 3974 quod

2109 4000 2162 4048 et
2201 3991 2276 4046 illi
2318 3992 2386 4050 de
2425 4000 2574 4046 terra
2621 4000 2748 4046 sunt
2792 3992 2886 4060 qui
2930 3993 3211 4062 evangelia
3252 3995 3595 4062 scripserunt
3633 4009 3690 4051 et

2109 4083 2354 4140 caelestia
2395 4081 2823 4148 nuntiaverunt;
2865 4093 2921 4138 et
2959 4097 3148 4138 eorum
3193 4085 3416 4140 nomina
3459 4095 3588 4141 sunt
3631 4089 3686 4142 in

2110 4173 2200 4228 his
2215 4173 2484 4242 partibus.
2511 4171 2714 4228 Deinde
2729 4184 3008 4228 catasarca
3027 4174 3298 4243 (corporis
3315 4175 3682 4247 involucrum)

2109 4271 2330 4333 propter
2363 4264 2626 4332 sindona,
2660 4263 2819 4334 cujus
2852 4265 2908 4318 in
2945 4275 3121 4321 morte
3158 4283 3293 4323 usus
3327 4269 3594 4337 habetur;
3629 4283 3684 4326 et

2112 4356 2566 4428 trapezophorum
2586 4397 2601 4420 ,
2633 4357 2777 4412 sicut
2809 4357 2904 4412 Dei
2939 4357 3092 4414 locus
3124 4368 3180 4413 et
3209 4360 3382 4416 altare
3406 4403 3421 4428 ,
3465 4372 3688 4430 propter

439 4452 760 4520 λάμψαντος
797 4452 959 4504 αὐτοῦ
1013 4452 1446 4522 συνεξέλαμψαν,
1474 4453 1570 4507 καὶ
1613 4454 1680 4506 τά
1729 4455 2010 4524 κράσπεδα

2114 4445 2313 4504 diuinae
2349 4449 2536 4519 gloria:
2571 4449 2924 4519 amplexum,
2962 4459 3016 4504 et
3048 4451 3102 4504 in
3140 4451 3403 4506 honorem
3439 4452 3558 4520 ejus
3593 4455 3686 4522 qui

439 4544 646 4598 τούτων
685 4543 1100 4615 ἀρρωστοῦντας
1147 4543 1365 4600 ἱάσαντο
1385 4559 1399 4574 ·
1428 4547 1523 4598 καὶ
1555 4545 1770 4612 είλητὸν
1797 4546 1884 4599 ἐπ’
1912 4548 2010 4599 αὖ,-

437 4635 553 4696 τοίς
589 4634 680 4688 διὰ
709 4635 772 4686 τὸ
823 4633 1104 4704 σουδάριον
1133 4635 1192 4686 τὸ
1222 4635 1316 4687 ἐπὶ
1347 4637 1446 4706 τῆς
1499 4635 1744 4704 κεφαλῆς
1768 4637 1956 4700 αὐτοῦ,
1983 4637 2011 4690 ὃ

439 4731 612 4799 χωρὶς
631 4723 700 4798 ἦν
729 4725 1172 4796 ἐντετυλιγμένον
1205 4727 1284 4790 εἰς
1316 4726 1414 4782 ἕνα
1443 4727 1630 4781 τόπον.
1667 4730 1774 4782 Καὶ
1802 4729 2012 4782 τούτων

407 4822 556 4874 ’ἅνω
578 4820 640 4872 τδ
673 4819 1022 4887 Εὕαγγέλιον,
1048 4819 1183 4872 αὐτὸ
1213 4819 1280 4888 δὴ
1311 4821 1372 4873 τὺ
1410 4820 1710 4890 κηρυχθέν,
1739 4821 1770 4888 ἢ
1811 4821 2012 4890 μᾶλλον

439 4913 472 4962 ὁ
508 4909 827 4980 κηρυχθεὶς,
872 4909 960 4960 ἵνα
992 4909 1249 4980 καθαρῶς
1279 4911 1476 4980 ὁρᾶται
1509 4911 1710 4973 πάντα,
1749 4912 1910 4976 αὐτός
1952 4930 2012 4965 τε

439 5004 470 5054 ὁ
493 5001 788 5070 Δεσπότης,
825 4999 922 5052 καὶ
962 4999 1028 5052 τὰ
1067 5001 1258 5064 αὐτοῦ,
1295 5001 1370 5064 ὡς
1413 5003 1507 5054 καὶ
1537 5001 1624 5054 διὰ
1652 5005 1761 5054 τῶν
1805 5019 2016 5071 μυστη-

443 5092 576 5162 ρίων
601 5093 791 5160 ὁρᾶται
819 5089 1076 5159 θυόμενός
1104 5109 1164 5144 τε
1194 5092 1287 5144 καὶ
1333 5093 1602 5160 κείμενος.
1646 5093 1736 5144 Διὸ
1771 5094 1865 5144 καὶ
1896 5092 2018 5144 ὄπι-

443 5180 574 5234 σθεν
605 5179 700 5232 τοῦ
743 5179 1132 5250 θυσιαστηρίου
1163 5181 1330 5234 αὑτοῦ
1379 5181 1436 5247 ἐξ
1467 5181 1742 5234 ἀνατολῶν
1775 5183 1834 5234 τὸ
1865 5183 2016 5234 εὐλο-

445 5271 684 5340 γημένον
707 5271 936 5337 ὄργανον
958 5270 1054 5340 τῆς
1077 5271 1265 5334 θυσίας
1286 5275 1313 5324 ὁ
1345 5273 1483 5336 θεῖος
1512 5273 1723 5328 ἵσταται
1757 5275 2013 5342 σταυρὸς,

441 5361 790 5432 τετραμερὴς
819 5361 894 5414 ὣν
925 5362 1012 5414 διὰ
1036 5365 1124 5416 τὸν
1149 5364 1206 5416 ἐν
1239 5363 1386 5434 αὐτῷ
1423 5353 1832 5434 προσπαγέντα,
1863 5365 1930 5417 τά
1957 5382 2016 5416 τε

445 5453 560 5506 ἆνω
590 5457 682 5505 καὶ
722 5455 874 5506 κάτω
905 5455 996 5507 καὶ
1021 5453 1087 5507 τὰ
1128 5454 1426 5523 σύμπαντα
1467 5456 1808 5524 πεποιηκότα
1839 5473 1894 5508 τε
1924 5457 2047 5508 καὶ·

445 5547 762 5614 συνὲχοντα,
799 5539 895 5596 καὶ
952 5545 1018 5597 τὰ
1080 5546 1192 5600 ἄνω
1235 5551 1347 5609 τοῖς
1404 5547 1500 5600 ἐπὶ
1561 5549 1662 5618 γῆς
1710 5547 2014 5610 ἐηιώσαντα,

441 5635 651 5687 ἄνωθεν
685 5635 835 5687 κάτω
861 5636 1195 5702 καταόάντα,
1216 5638 1462 5692 κάτωθέν
1486 5655 1544 5690 τε
1577 5639 1688 5692 ἄνω
1712 5640 2012 5706 ὑιζαωθέντα,

449 5727 542 5776 καὶ
599 5727 657 5778 ἐν
715 5727 892 5796 ἐαυτῷ
942 5727 1117 5782 πάντα
1177 5728 1475 5796 ἐνώσαντα,
1523 5731 1616 5783 καὶ
1680 5730 1746 5788 τὰ
1801 5727 2013 5806 πέρατα

2113 4555 2336 4596 carnem
2384 4555 2548 4609 super
2591 4555 2650 4595 se
2697 4542 3022 4610 gestavitet
3067 4543 3252 4596 tunica
3296 4543 3526 4599 indutus
3568 4555 3686 4609 est;

2115 4651 2256 4704 quae,
2287 4636 2406 4703 ipso
2433 4635 2670 4699 lucente,
2699 4635 3066 4702 collurerunt,
3095 4645 3149 4690 et
3203 4638 3316 4693 oris
3347 4639 3464 4694 suis
3515 4653 3691 4707 tegm-

2117 4733 2295 4781 tantes
2325 4735 2678 4782 sanat/erunt.
2713 4725 2777 4778 Et
2807 4726 3151 4780 involucrum
3183 4741 3350 4794 super
3380 4729 3523 4795 illis,
3558 4744 3690 4798 pro-

2115 4823 2238 4884 pter
2279 4815 2563 4870 sudarium
2609 4813 2755 4883 quod
2799 4830 2962 4883 super
2997 4825 3160 4884 caput
3203 4816 3378 4885 ipsius
3423 4819 3684 4886 positum,

2117 4923 2364 4963 seorsum
2397 4917 2580 4976 postea
2613 4909 2893 4962 inventura
2919 4916 3004 4962 est
3031 4909 3288 4976 plieatum
3321 4909 3374 4962 in
3406 4925 3514 4964 uno
3545 4909 3686 4964 loco.

2119 5001 2186 5054 Et
2210 5015 2374 5066 super
2403 4999 2485 5074 his
2513 4999 2866 5068 Evangelium
2919 5000 3051 5054 illud
3082 5000 3228 5070 quod
3255 5011 3404 5056 certe
3431 5003 3689 5070 praedica-

2121 5101 2234 5146 tum
2267 5101 2370 5157 est,
2405 5093 2488 5146 vel
2520 5085 2822 5162 potius'ille
2851 5093 2940 5161 qui
2975 5093 3300 5160 praedicatus
3331 5101 3432 5157 est,
3469 5103 3526 5147 ut
3553 5109 3688 5148 cun-

2117 5193 2204 5238 cta
2239 5198 2370 5252 pure
2402 5182 2710 5248 videantur,
2743 5185 2858 5252 ipse
2892 5183 3152 5238 Dominus
3185 5193 3238 5236 et
3263 5199 3326 5237 ea
3356 5199 3479 5253 quae
3511 5184 3688 5253 ipsius

2120 5284 2271 5337 sunt,
2308 5271 2450 5326 sicut
2483 5287 2577 5340 per
2609 5273 2861 5341 mysteria
2897 5271 3109 5326 videtur
3143 5273 3458 5328 immolatus
3492 5283 3546 5328 et
3582 5273 3686 5330 Ito-

2119 5366 2224 5421 stia
2251 5365 2458 5434 jacens.
2487 5363 2719 5431 Ideoque
2746 5372 2865 5432 post
2891 5363 3065 5431 ipsius
3088 5363 3262 5420 altare
3285 5380 3481 5421 versus
3505 5367 3688 5422 orien-

2122 5465 2228 5509 tem
2266 5465 2373 5510 Stat
2413 5453 2755 5508 benedictum
2799 5451 3189 5511 immolationis
3235 5455 3686 5520 instrumentum,

2121 5545 2300 5600 divina
2350 5561 2518 5610 crux,
2567 5543 2997 5612 quadripartita,
3049 5556 3272 5614 propter
3317 5563 3438 5602 eum
3490 5549 3580 5617 qui
3633 5550 3686 5602 in

2123 5639 2239 5705 ipsa
2275 5635 2375 5689 fuit
2402 5635 2616 5700 allixus,
2647 5635 2740 5704 qui
2773 5644 2970 5689 cuncta
3003 5635 3268 5696 inferiora
3293 5639 3688 5708 superioraque

2123 5725 2250 5804 fecit
2280 5741 2341 5780 ac
2369 5733 2675 5792 conservat,
2704 5725 2793 5796 qui
2821 5724 3100 5796 superiora
3129 5727 3356 5782 terrenis
3380 5727 3680 5802 conjunxu,
