4044 6198
357 327 464 390 343

1135 322 1514 384 ΒΥΜΕΟΝῘΞ
1546 316 1984 394 TIIESSALON
1999 320 2164 381 lCEN
2178 322 2292 383 SlS
2338 323 2540 385 ARClI
2555 327 2566 382 ξ
2584 325 2692 384 ΕΡ.

3483 317 3584 381 3U.

352 441 584 506 desuper
619 433 757 489 infra
800 430 1114 494 descendit,
1153 432 1220 484 ab
1261 431 1372 484 imo
1413 445 1630 484 sursum
1675 429 1913 483 elevatus

2021 441 2450 508 συγκαλέσαντα,
2490 448 2582 498 xui.
2626 443 2703 513 τῷ
2744 442 2866 511 ὕψει
2919 441 3015 510 τῆξ
3064 441 3338 510 θεότητος,
3371 440 3465 491 xui
3509 441 3586 493 τῶ

349 537 457 592 est,
493 529 544 580 in
582 524 875 592 semetipso
908 532 1104 576 cuncta
1141 521 1333 587 univit,
1369 527 1610 575 extrema
1646 535 1913 574 convoca-

351 621 462 684 vit,
495 616 799 672 elcvatione
838 613 1138 671 divinitatis
1179 618 1231 666 et
1275 612 1674 666 incarnationis
1703 611 1908 664 deruis-

348 710 506 762 sione
546 707 730 760 omnia
775 704 876 760 sibi
919 703 1135 773 propria
1181 703 1329 766 fecit,
1368 701 1691 755 celsitudine
1729 700 1910 769 gloriae

346 799 827 868 profunditateque
855 796 1194 866 paupertatis
1219 804 1273 848 et
1302 794 1667 850 demissimis.
1699 806 1908 846 necnon

348 891 706 960 amplitudine
744 887 1138 945 misericordiae
1178 895 1233 942 et
1271 886 1553 941 cbaritatis
1593 899 1694 940 nos
1734 885 1911 937 refor-

347 983 534 1046 mavit,
563 998 627 1036 ex
657 982 871 1036 inferno
897 979 1202 1046 suscitavit,
1230 986 1282 1033 ct
1308 993 1371 1031 ex
1403 976 1633 1031 terrenis
1661 975 1912 1030 caelestes

347 1089 447 1127 nos
477 1073 672 1128 effecit.
706 1073 831 1129 Haec
860 1074 1001 1128 cnim
1033 1087 1164 1127 crux
1199 1071 1414 1142 ﬁgurat.
1446 1069 1542 1123 Est
1571 1068 1746 1120 adhuc
1779 1078 1910 1134 pro-

348 1173 469 1232 pter
495 1150 766 1229 euindem,
795 1164 885 1233 qui
916 1179 1010 1234 per
1037 1177 1252 1218 crucem
1282 1169 1336 1214 et
1359 1157 1670 1228 huiusmodi
1700 1167 1909 1226 typum,

346 1257 668 1324 mysteriqu
702 1255 990 1310 Trinitatis
1022 1254 1180 1309 nobis
1215 1252 1486 1319 przestitit,
1520 1258 1573 1305 et
1607 1257 1759 1317 parte
1791 1247 1909 1317 qui-

345 1348 465 1402 dem
511 1347 790 1416 superiore
831 1346 989 1401 nobis
1030 1345 1268 1400 ostendit
1305 1343 1516 1397 Patrem
1557 1339 1903 1399 altissimum,

345 1436 439 1500 qui
477 1435 544 1489 de
581 1438 737 1490 nobis
771 1452 936 1506 super
973 1445 1170 1490 terram
1207 1433 1488 1503 providet,
1527 1440 1747 1485 externa
1781 1443 1909 1482 vero

345 1527 540 1580 Filium
578 1527 752 1596 ipsum
785 1535 839 1581 et
871 1526 1152 1594 Spiritum,
1188 1538 1278 1592 per
1310 1538 1446 1590 quos
1473 1521 1640 1576 veluti
1672 1535 1765 1588 per
1796 1534 1911 1571 ma-

347 1636 448 1672 nus
480 1635 579 1674 nos
611 1619 871 1673 reformat
903 1637 914 1671 :
941 1617 1208 1686 siquidem
1240 1625 1293 1670 et
1326 1614 1490 1667 David
1517 1613 1591 1668 ait
1622 1629 1635 1666 :
1669 1631 1686 1663 ι
1719 1611 1909 1663 Manus

347 1720 452 1764 tua:
488 1710 731 1764 fecerunt
765 1727 850 1764 me
879 1717 930 1764 et
965 1710 1368 1778 plasmavcrunt
1401 1721 1520 1773 me;
1559 1723 1577 1757 ι
1613 1703 1784 1758 Filius
1811 1718 1906 1756 au—

2025 533 2266 600 ταπεινῷ
2291 535 2385 603 τῆς
2425 535 2753 604 σαρκώσεως
2800 534 2978 587 πάντα
3007 533 3455 598 οἰκειωσάμενον,
3495 535 3585 586 καὶ

2023 623 2100 692 τῷ
2127 624 2314 693 ὑψηλῷ
2361 628 2459 694 τῆς
2484 626 2662 694 δόξης,
2693 626 2850 695 130
2874 626 2966 678 xui
3014 623 3089 694 τῷ
3127 624 3276 692 βάθει
3317 625 3416 692 τῆς
3444 640 3584 675 πτω·

2023 714 2174 783 χείας
2209 715 2304 768 xui
2355 716 2756 782 ταπεινώσεως,
2785 718 2880 768 xui
2910 715 2987 784 τῷ
3036 715 3228 770 πλάτει
3261 714 3355 767 τοῦ
3404 715 3586 774 ἐλέους

2022 808 2117 858 xui
2160 807 2260 875 τῆς
2312 809 2533 878 ἀγάπης
2579 810 2728 878 ἡμᾶς
2785 807 3195 871 ἁναπλάσαντα,
3245 807 3339 860 καὶ
3385 807 3447 859 lx
3490 807 3584 859 τοῦ

2022 897 2149 967 ᾅδου
2184 897 2493 970 ἐγείραντα,
2513 903 2610 954 καὶ
2633 901 2752 954 ἀντὶ
2774 900 3032 968 ἐπιγείων
3057 899 3410 969 ὲπουρανίους
3439 902 3585 969 ἡμᾶς

2021 989 2354 1058 ποιήσαντα.
2389 989 2572 1044 Ταῦτα
2601 992 2710 1061 γὰρ
2746 993 3069 1062 σχηματίζει
3116 993 3369 1062 σταυρὸς,
3399 993 3492 1044 xui
3525 992 3585 1043 τὸ

2027 1081 2324 1150 μυστήριον
2375 1081 2472 1150 τῆς
2518 1082 2746 1151 Τριάδος
2795 1083 2882 1136 διὰ
2923 1083 3017 1135 τοῦ
3071 1082 3310 1152 σταυροῦ
3353 1082 3446 1134 καὶ
3489 1082 3584 1132 τοῦ

2021 1167 2191 1221 τῦπου
2221 1171 2407 1224 τούτου
2433 1173 2566 1242 ἡμῖν
2599 1175 2983 1246 χορηγήσαντα
3009 1190 3024 1206 ⁸
3061 1173 3155 1227 xui
3191 1173 3268 1241 τῷ
3300 1173 3399 1242 μὲν
3428 1172 3587 1239 ίκμίῳ

2019 1261 2280 1328 δηλοῦντα
2322 1264 2412 1317 τὸν
2467 1265 2688 1335 Πατέρα
2738 1267 2832 1319 τὸν
2886 1266 3108 1335 ὕψιστον
3155 1265 3251 1320 xui
3295 1259 3450 1334 ἡμῶν
3477 1266 3585 1316 τῶν

2021 1354 2115 1407 ἐπὶ
2137 1355 2240 1424 γῆς
2267 1358 2687 1426 προνοούμενον,
2716 1361 2780 1427 τῇ
2812 1358 2868 1410 δὲ
2901 1360 3100 1430 κεραίᾳ
3133 1358 3226 1410 τὸν
3265 1341 3395 1410 Υίδν
3423 1359 3584 1410 αὐτῖτν

2021 1449 2113 1500 xui
2165 1445 2224 1502 τδ
2271 1451 2513 1520 Πνεῦμα,
2563 1451 2630 1504 δι’
2667 1451 2848 1504 αὐτῶν
2902 1453 3048 1521 ἡμᾶς
3108 1453 3182 1514 ὡς
3237 1450 3325 1504 διὰ
3386 1451 3584 1519 χειρῶν

2022 1541 2449 1599 ἀναπλάττοντα.
2495 1543 2646 1595 Ἐπεὶ
2678 1545 2768 1596 xui
2800 1542 2960 1598 Δχὸὶδ
3009 1543 3195 1612 φησὶν,
3234 1560 3252 1592 ι
3295 1542 3360 1594 Ai
3402 1543 3581 1609 χεῖρές

2023 1650 2117 1685 σου
2169 1634 2428 1704 ἐποίησάν
2480 1651 2544 1701 με
2572 1635 2665 1686 xui
2697 1633 2940 1686 ἔπλασαν
2971 1651 3035 1702 με
3061 1650 3076 1664 ο
3126 1651 3143 1684 ι
3183 1633 3210 1684 ὁ
3245 1632 3370 1694 Υἱὸς
3397 1635 3491 1685 xui
3521 1633 3582 1682 τὸ

2021 1726 2245 1796 Πνεῦμα
2276 1728 2371 1780 τοῦ
2421 1727 2582 1780 Θεοῦ.
2617 1726 2726 1781 Καὶ
2771 1728 2805 1796 ἡ
2839 1725 3028 1794 λυχντα
3059 1725 3115 1777 δὲ
3160 1726 3451 1795 κρέμαται,
3483 1723 3583 1790 τὴν

348 1814 454 1855 tem
489 1812 538 1856 et
576 1800 813 1872 Spiritus
842 1801 932 1857 Dei
967 1813 1116 1855 sunt.
1151 1802 1380 1870 Lampas
1413 1812 1593 1853 autem
1625 1796 1914 1865 suspendi-

2031 1817 2357 1888 Ἐκκλησίαν
2389 1819 2658 1885 τυποῦσα,
2688 1820 2781 1873 καὶ
2813 1819 2906 1872 τὸν
2942 1817 3008 1872 δι’
3042 1817 3212 1884 αὐτῆς
3247 1817 3393 1868 ἔλεον
3417 1832 3581 1884 χορη-

2769 1856 2781 1872 'u
2823 1856 2904 1872 υνν
2942 1856 2991 1872 νδ
3042 1856 3209 1884 κνυιιφ
3247 1856 3389 1868 νυνι,
3421 1856 3535 1884 κνῖσα

343 1904 436 1952 tur
459 1897 522 1949 ad
554 1896 892 1964 ﬁgurandum
923 1894 1222 1949 Ecclesiam
1255 1892 1794 1959 misericordiamque
1817 1904 1915 1956 per

345 1988 518 2053 ipsum
540 1985 794 2040 omnibus
816 1984 1107 2055 prmstitam
1133 1992 1185 2037 et
1210 1983 1658 2036 illuminationem
1678 1996 1693 2046 ;
1714 1989 1766 2033 et
1787 1979 1912 2047 quia

342 2079 526 2134 lumen
568 2079 759 2133 lumini
805 2081 1093 2147 oleumque
1141 2075 1529 2130 misericordiae
1572 2074 1639 2129 ad
1684 2073 1910 2143 gloriam

341 2170 540 2225 oﬂ‘erre
571 2187 793 2225 necesse
823 2181 922 2225 cst.
958 2171 1035 2224 lbi
1071 2184 1288 2238 quoque
1323 2167 1658 2221 tliuribulum
1691 2174 1811 2227 est,
1844 2161 1911 2217 ad

341 2264 676 2320 offerendum
725 2267 834 2318 Deo
877 2265 1056 2332 ignem
1099 2276 1155 2317 ut
1195 2262 1366 2331 ipsius
1407 2277 1622 2315 servum
1667 2273 1790 2313 cum
1835 2257 1915 2312 in-

342 2359 522 2413 censis
561 2376 576 2411 :
615 2373 678 2411 ex
725 2358 979 2411 omnibus
1019 2357 1163 2411 enim
1205 2355 1489 2409 ordinibus
1534 2352 1606 2406 illi
1648 2354 1735 2420 qui
1782 2366 1914 2404 etm-

342 2463 555 2506 (-torum
586 2459 666 2502 est
701 2449 958 2522 dominus
996 2449 1294 2518 producere
1327 2446 1618 2509 convenit;
1653 2445 1794 2497 sicut
1831 2444 1915 2495 lu-

343 2558 466 2597 men
501 2553 554 2596 et
583 2556 777 2609 aquam
803 2556 817 2606 ;
851 2549 906 2596 et
939 2556 1027 2596 res
1058 2540 1123 2594 de
1153 2548 1319 2605 terra,
1355 2538 1516 2592 veluti
1553 2551 1719 2606 panes
1750 2545 1802 2588 ct
1833 2535 1914 2586 vi-

343 2652 499 2700 num,
535 2649 600 2689 ex
645 2633 847 2703 quibus
886 2645 938 2688 et
981 2648 1080 2687 nos
1119 2633 1384 2694 vivimus;
1430 2639 1483 2684 et
1525 2645 1585 2681 ea
1629 2643 1745 2695 qua:
1786 2634 1914 2680 sunt

340 2731 505 2793 aeris,
541 2738 598 2783 ut
636 2729 1010 2797 tliymiamata,
1043 2744 1163 2797 qua:
1196 2726 1427 2796 ﬁgurant
1462 2739 1587 2777 aera
1617 2732 1667 2775 et
1702 2722 1754 2774 in
1787 2736 1910 2774 aera

338 2820 650 2884 solvuntur,
683 2831 740 2875 et
775 2829 991 2881 cmtera.
1029 2817 1172 2888 Ignis
1208 2825 1392 2870 autem
1426 2815 1587 2868 etiam
1624 2811 1912 2865 adhibetur

342 2923 400 2966 nt
434 2906 622 2978 urens,
653 2925 707 2968 et
741 2911 1077 2975 illuminans,
1109 2917 1162 2963 et
1195 2907 1444 2963 refovens
1477 2905 1756 2975 frigentes,
1790 2903 1910 2964 qui-

346 3008 448 3065 lms
473 3012 633 3064 etiam
661 3009 844 3063 divina
872 3015 1247 3076 repraesentat.
1275 3024 1293 3056 ι
1323 3004 1468 3072 Ignis
1493 3003 1636 3056 enim
1661 3009 1740 3054 est
1768 2998 1909 3054 Deus

2015 1912 2282 1982 γούμενον
2307 1915 2420 1974 τοῖς
2451 1913 2585 1966 πᾶσι
2626 1913 2719 1965 xui
2765 1911 3044 1980 φωτισμόν
3065 1926 3080 1942 ο
3113 1910 3204 1962 xui
3234 1910 3316 1961 ὅτι
3347 1909 3459 1974 φῶς
3504 1907 3579 1974 τῷ

2016 2005 2175 2069 φωτὶ,
2234 2007 2330 2058 xui
2379 2006 2558 2058 ἔλαιον
2617 2003 2694 2073 τῷ
2754 2004 3056 2071 οἷκτῖρμονι
3108 1999 3438 2070 προσφέρειν
3497 2000 3576 2059 εἰς

2015 2095 2170 2163 δόξαν
2203 2095 2788 2166 χρεών,Θυμιατὴριόν
2816 2112 2875 2148 τε
2908 2095 3083 2148 ἐκεῖσε
3135 2093 3221 2144 διὰ
3249 2092 3307 2143 τδ
3343 2090 3580 2156 προσφέ-

2017 2202 2130 2257 ρειν
2163 2186 2241 2256 τῷ
2269 2185 2386 2254 Θεῷ
2431 2186 2544 2257 πῦρ
2574 2186 2648 2248 ὡς
2673 2184 2858 2238 δοῦλον
2902 2183 3051 2251 αὑτῷ
3084 2181 3220 2250 μετὰ
3249 2181 3354 2232 τῶν
3385 2180 3582 2247 θυμια-

2018 2281 2224 2347 μάτων.
2271 2277 2380 2331 Καὶ
2435 2278 2544 2346 γὰρ
2597 2280 2658 2330 ὲκ
2717 2276 2940 2329 πάντων
2997 2275 3106 2327 τῶν
3165 2274 3445 2343 στοιχείων
3503 2271 3582 2337 τῷ

2016 2371 2194 2425 πάντα
2245 2369 2634 2440 τεκτηναμένῳ
2683 2369 2984 2437 προσάγειν
3043 2366 3316 2435 ἁρμόῖιον,
3359 2363 3435 2425 ὡς
3485 2364 3578 2414 καί

2016 2462 2167 2529 φῶτα
2198 2463 2292 2515 xui
2322 2461 2489 2530 ὕδωρ,
2521 2462 2615 2515 καὶ
2645 2461 2712 2513 τὰ
2736 2461 2798 2512 ἐκ
2826 2460 2922 2527 τῆς
2953 2459 3080 2526 γῆς,
3117 2457 3190 2518 ὡς
3221 2457 3348 2516 τοὺς
3379 2456 3576 2522 ἄρτους

2013 2554 2106 2605 xui
2153 2549 2318 2618 οἶνον,
2358 2555 2416 2617 ἐξ
2471 2548 2544 2606 ὧν
2596 2553 2692 2604 καὶ
2750 2553 2912 2619 ἡμεῖς
2967 2550 3170 2618 ζῶμεν,
3216 2549 3306 2599 καὶ
3359 2545 3427 2598 τὰ
3486 2543 3577 2596 τοῦ

2014 2647 2194 2714 ἀέρος,
2220 2649 2294 2707 ὡς
2321 2645 2390 2698 τὰ
2417 2645 2738 2714 Θυμιάματα
2765 2645 2855 2696 τὸν
2886 2643 3024 2713 ἀέρα
3057 2640 3351 2702 τυποῦντα,
3379 2639 3470 2690 καὶ
3500 2639 3579 2697 είς

2013 2736 2150 2804 ἀέρα
2203 2737 2462 2806 λυόμενα,
2505 2736 2600 2790 xui
2655 2735 2723 2788 τὰ
2772 2735 2955 2788 λοιπά.
2988 2734 3059 2786 Τὸ
3111 2733 3220 2800 πῦρ
3271 2731 3323 2782 δὲ
3366 2730 3458 2782 xui
3503 2729 3576 2789 ὡς

2012 2830 2304 2882 καυστικῖον
2357 2830 2453 2882 xui
2535 2829 2890 2896 φωτιστικὸν,
2947 2826 3035 2880 xui
3103 2827 3398 2893 θερμαῖνον
3451 2823 3577 2874 τοῦς

2013 2922 2417 2990 ὲψυχωμένους,
2437 2921 2556 2975 δι’ἃ
2587 2923 2679 2974 xui
2707 2919 2960 2983 είκονίζει
2983 2919 3042 2972 τὸ
3075 2919 3242 2970 Θεῖον.
3283 2935 3300 2966 ι
3330 2915 3444 2984 Πῦρ
3470 2917 3576 2983 γὰρ

2013 3013 2184 3075 sese;
2206 3014 2363 3083 ἡμῶν
2396 3011 2842 3074 καταναλίσκον.»
2877 3011 3010 3078 φησί
3039 3028 3051 3040 ·
3079 3010 3169 3061 xui
3197 3027 3215 3056 ‹
3250 3010 3275 3060 ὁ
3304 3005 3434 3067 Θεὸς
3463 3004 3576 3073 φῶς

339 3115 522 3156 noster
547 3117 896 3166 consumens,
930 3120 948 3152 ι
982 3100 1190 3169 inquit;
1215 3107 1268 3152 et
1300 3116 1318 3148 ι
1355 3099 1492 3150 Deus
1524 3087 1704 3149 lumen
1734 3104 1816 3148 est
1850 3108 1905 3158 i;

2014 3106 2124 3157 ἐστι
2151 3119 2164 3133 ·
2193 3104 2284 3156 καὶ
2305 3122 2323 3155 ι
2352 3102 2708 3174 ἐθερμάνοηὴ
2742 3101 2934 3172 καρδία
2960 3118 3059 3170 μου
3089 3099 3234 3158 ἐντός
3258 3115 3356 3168 μου
3385 3115 3403 3149 ι
3436 3112 3449 3126 ·
3482 3093 3576 3146 xui

339 3202 416 3253 et,
443 3211 463 3242 ε
489 3192 708 3246 Exarsit
735 3207 832 3246 cor
865 3206 1040 3246 meum
1077 3189 1220 3244 intra
1255 3205 1340 3244 me
1372 3208 1419 3242 ι.
1450 3189 1540 3244 Est
1570 3188 1748 3241 adhuc
1779 3186 1904 3240 tliu-

341 3282 580 3337 ribulum
609 3291 662 3336 et
694 3282 854 3351 ignis,
883 3282 954 3334 ob
982 3281 1278 3350 thymiama
1311 3278 1694 3349 proferendum
1719 3294 1735 3343 ;
1761 3277 1906 3345 quod

341 3377 396 3429 in
426 3375 690 3428 honorem
726 3373 817 3425 Dei
849 3371 1065 3440 quidem
1099 3381 1181 3425 est
1210 3379 1263 3426 et
1293 3384 1323 3422 a
1354 3369 1544 3432 nobis,
1579 3378 1636 3422 ut
1665 3369 1865 3421 donum
1890 3405 1904 3427 ,

340 3480 510 3521 suave
563 3475 744 3520 autem
799 3471 882 3518 est
936 3462 1001 3516 ad
1059 3461 1230 3531 ipsius
1288 3460 1676 3515 rccrcationem
1732 3466 1786 3510 et
1840 3456 1905 3509 ad

340 3557 823 3614 sanctiﬁcatiouem
869 3565 1134 3610 nostram.
1175 3553 1327 3608 Sicut
1366 3553 1510 3606 enim
1552 3565 1649 3620 per
1685 3562 1903 3602 omnem

342 3665 565 3706 sensum
599 3648 856 3718 baptizati
891 3646 1246 3717 puriﬁcamur
1275 3654 1327 3700 et
1357 3643 1641 3714 conspersi
1673 3642 1908 3710 puritate

343 3757 684 3815 renovamur,
719 3750 772 3794 et
803 3747 1084 3808 unguento
1137 3736 1382 3801 inuncti,
1443 3732 1770 3788 sanctiﬁcati
1820 3747 1906 3787 re-

339 3849 590 3888 creantur
619 3832 779 3886 etiam
813 3832 978 3885 odore
1011 3827 1373 3897 suaviquoad
1403 3827 1688 3881 odoratum
1724 3835 1777 3879 et
1812 3841 1904 3894 pe-

341 3933 461 3979 ctus
507 3924 847 3977 viviﬁcatnur
889 3933 942 3976 et
994 3909 1422 3984 sanctiﬁcatnur,
1472 3935 1502 3972 e
1554 3917 1908 3987 tbymiamate

340 4014 518 4081 qtioad
548 4014 832 4067 odoratum
861 4025 911 4066 et
941 4010 1294 4080 spirationcm
1329 4018 1565 4063 nostram
1598 4007 1866 4076 puriﬁcati
1891 4023 1906 4072 ;

340 4108 422 4160 sic
460 4106 623 4158 etiam
663 4104 848 4157 divino
887 4117 1025 4172 pane
1063 4103 1357 4172 divinoque
1391 4100 1562 4154 calice
1599 4099 1818 4163 alimur,
1856 4109 1908 4152 et

340 4198 394 4250 in
428 4199 607 4250 anima
641 4197 1000 4258 roboramur;
1030 4203 1084 4248 et
1113 4203 1425 4248 sanctorum
1455 4193 1573 4246 visu
1607 4192 1906 4260 pulchritu-

339 4288 571 4357 diueque
602 4302 810 4340 necnon
845 4285 1151 4340 divinorum
1185 4283 1446 4336 luminum
1477 4282 1698 4346 lumine,
1727 4285 1906 4350 quoad

338 4380 515 4433 visum
544 4379 885 4433 exsultamus
917 4386 1104 4429 sancte
1125 4383 1177 4428 et
1200 4374 1634 4443 resplendemus.
1668 4373 1790 4429 llaec
1809 4390 1905 4426 au-

339 4484 446 4526 tem
483 4469 662 4522 facere
695 4468 879 4522 datum
914 4476 994 4520 est
1029 4466 1302 4528 Ecclesiae,
1333 4475 1387 4520 et
1423 4466 1488 4520 ad
1523 4467 1750 4534 gloriam
1785 4466 1906 4532 qui-

340 4563 461 4614 dem
507 4559 655 4613 illius
699 4558 789 4627 qui
834 4557 1091 4626 largitur,
1138 4558 1396 4625 quoniam
1441 4570 1634 4611 cuncta
1682 4574 1746 4613 ex
1793 4558 1910 4627 ipso

340 4661 489 4713 sunt,
521 4658 578 4703 ut
606 4665 705 4703 nos
731 4649 1068 4703 celebremus
1095 4660 1408 4712 auctorem;
1439 4657 1492 4703 ct
1519 4651 1583 4702 ad
1613 4649 1906 4719 perfectam

340 4745 790 4800 illumiuatiouem
838 4753 1079 4797 nostram
1115 4758 1176 4797 ac
1211 4744 1718 4799 sanetiﬁcationcm.
1756 4745 1902 4816 'l‘by-

343 4857 375 4892 n
400 4839 540 4891 iama
577 4837 739 4906 igitur
769 4851 894 4890 acra
929 4836 1178 4903 puriﬁcat
1214 4845 1269 4890 et
1305 4837 1465 4891 simul
1492 4839 1777 4892 odoratum
1815 4856 1910 4892 uo-

341 4939 514 4983 strum
539 4944 601 4982 ac
627 4928 1006 4997 spirationem,
1033 4929 1287 4997 quoniam
1315 4929 1514 4982 bonum
1539 4933 1907 4985 connnuuieat

341 5021 604 5083 odorem,
637 5034 699 5072 ex
736 5033 840 5071 una
877 5019 1107 5087 quadam
1147 5019 1315 5088 ﬁgura
1353 5020 1567 5075 cunctis
1603 5037 1697 5090 per
1728 5023 1903 5092 ignem

340 5115 596 5167 olentiam
642 5111 908 5167 scaturire
949 5127 1269 5181 procurans.
1306 5111 1432 5167 ldeo
1473 5129 1690 5182 quoque
1738 5113 1906 5182 Spiri-

341 5213 454 5254 tum
489 5209 735 5255 sanctum
773 5203 983 5270 ﬁgurat,
1036 5202 1294 5269 quoniam
1327 5211 1381 5256 ct
1413 5204 1465 5255 in
1498 5204 1618 5272 ipso
1648 5205 1796 5258 solus
1824 5213 1904 5257 est

338 5302 392 5346 ct
421 5294 633 5347 cunctis
664 5293 802 5346 dona
836 5294 1150 5358 distribuit;
1181 5305 1231 5347 et
1258 5309 1354 5364 per
1381 5295 1527 5347 illum
1561 5311 1749 5349 omnes
1779 5299 1905 5348 cha-

340 5385 618 5436 rismatum
669 5384 802 5436 ﬁunt
850 5385 1158 5452 participes.
1207 5385 1437 5452 Ideoque
1483 5383 1720 5453 pontifex
1771 5385 1902 5437 illud

339 5475 447 5527 heu
488 5474 720 5528 offerens
761 5483 812 5528 et
853 5475 1095 5543 signans,
1135 5477 1214 5530 sic
1258 5477 1333 5528 ait
1377 5495 1387 5529 :
1437 5495 1454 5527 ι
1506 5476 1648 5543 Tibi,
1692 5477 1904 5531 Christe

339 5562 502 5625 Deus,
535 5564 815 5618 oderimus
851 5565 1149 5631 incensum,
1185 5581 1281 5633 pro
1315 5581 1420 5635 quo
1457 5568 1592 5622 bene
1625 5579 1897 5637 suscepto,

339 5656 666 5712 sanctissimi
701 5655 937 5726 Spiritus
969 5659 1197 5728 gratiam
1235 5660 1387 5714 nobis
1413 5662 1661 5718 demitte.
1703 5684 1718 5711 ι

1904 5783 1976 5792 ρ.-

2009 3197 2090 3249 ἔτι
2124 3196 2182 3250 τὺ
2220 3196 2580 3266 θυμιατήριον
2632 3194 2726 3247 xui
2759 3194 2819 3246 τὸ
2870 3191 3001 3260 πῦρ,
3039 3192 3124 3244 διὰ
3183 3191 3242 3242 τὺ
3277 3190 3576 3260 προσάγειν

2011 3289 2258 3357 θυμίαμα
2279 3304 2292 3318 ·
2321 3289 2350 3340 ὃ
2378 3288 2456 3350 εἷς
2485 3289 2650 3358 τιμὴν
2682 3289 2779 3356 μὲν
2819 3287 2933 3340 ἔστι
2969 3286 3101 3339 Θεοῦ
3144 3285 3235 3339 καὶ
3263 3283 3394 3352 παρ’
3419 3283 3576 3351 ἡμῶν

2008 3384 2082 3443 ὡς
2120 3382 2310 3450 δῶρον,
2342 3380 2538 3444 εὐῶδες
2589 3379 2645 3433 δὲ
2687 3380 2768 3442 είς
2816 3377 3125 3432 ἀνάπαυσίν
3170 3395 3229 3430 τε
3281 3374 3444 3428 αὐτοῦ
3480 3374 3575 3426 xui

2009 3476 2165 3544 ἡμῶν
2221 3473 2517 3541 ἁγιασμόν.
2579 3471 2666 3534 Ὧς
2720 3471 2829 3541 γὰρ
2886 3470 2973 3522 διὰ
3032 3471 3210 3536 πάσης
3269 3469 3363 3537 τῆς
3434 3467 3575 3533 ἁφῆς

2011 3567 2396 3636 βαπτιζόμενοι
2447 3563 2842 3634 καϐαιρὸμεθα,
2875 3563 2967 3614 καὶ
3024 3561 3398 3630 ραντιζόμενοι
3447 3559 3610 3610 ἀνα-’

2010 3657 2404 3727 καθαιρόμεοα,
2434 3656 2523 3708 καὶ
2558 3655 2644 3708 διὰ
2686 3653 2779 3704 τοῦ
2817 3653 2990 3722 μύρου
3025 3651 3326 3720 χρώμενοι,
3358 3646 3576 3715 ἁγιαζὸ-

2012 3768 2161 3818 μενοι
2190 3747 2685 3819 καθιλαρυνὸμεοα.
2727 3746 2820 3799 xui
2857 3748 2920 3814 τῇ
2948 3744 3144 3813 εὐωδίᾳ.
3174 3744 3273 3812 τὴν
3308 3743 3522 3810 δσφρησ
3547 3759 3578 3791 ν

2010 3843 2101 3896 xui
2141 3841 2252 3912 tiri
2288 3841 2517 3910 καρδίαν
2565 3836 3076 3906 ἀναζωπυροῦμεοά
3110 3853 3164 3888 τε
3215 3837 3310 3888 xui
3358 3833 3577 3900 ἁγιαζὸ-

2013 3933 2173 4001 μεοα,
2211 3935 2276 3984 ἐκ
2310 3930 2402 3984 τοῦ
2453 3931 2798 4000 θυμιάματος
2846 3929 2945 3997 τὴν
2990 3927 3262 3994 ὄσφρησιν
3295 3925 3454 3994 ἡμῶν
3479 3925 3572 3977 xui

2010 4025 2176 4095 πνοὴν
2234 4023 2658 4091 καθαιρόμενον
2693 4021 2770 4081 ὡς
2826 4020 2919 4072 xui
2968 4018 3046 4087 τῷ
3106 4019 3233 4086 θείῳ
3287 4018 3435 4084 ἄρτῳ
3482 4017 3576 4067 καὶ

2012 4115 2254 4184 ποτηρίῳ
2281 4112 2594 4182 τρεφόμεθά
2627 4128 2685 4163 τε
2713 4112 2806 4163 xui
2852 4111 2942 4178 τὴν
2972 4108 3151 4178 ψυχὴν
3184 4106 3572 4177 στηριζόμεῦα,

2010 4207 2104 4258 xui
2130 4208 2193 4273 τῇ
2231 4204 2419 4273 ὁράσει
2440 4203 2555 4256 τῶν
2600 4201 2771 4269 ἁγίων
2812 4202 2906 4253 xui
2951 4199 3206 4268 καλλονῇ,
3247 4199 3339 4250 καὶ
3365 4196 3444 4262 τῷ
3469 4196 3578 4247 τῶν

2011 4299 2168 4350 οείων
2217 4299 2408 4364 φώτων
2443 4295 2602 4362 φωτὶ,
2638 4294 2736 4362 τὴν
2785 4293 2979 4362 ὅρασιν
3022 4289 3373 4358 αὺγαζόμεθα
3406 4288 3578 4355 ἁγίως

2011 4387 2104 4438 xui
2151 4383 2603 4453 λαμπρυνόμεθα.
2638 4367 2744 4434 Καὶ
2788 4382 2959 4434 ταῦτα
3011 4381 3066 4432 δὲ
3106 4381 3278 4432 ποιεῖν
3309 4378 3460 4446 ἐδόθη
3508 4379 3576 4444 τῇ

2023 4474 2336 4544 Ἐκκλησία,
2369 4476 2462 4526 xui
2501 4477 2580 4537 είς
2605 4473 2763 4540 δόξαν
2798 4473 2895 4540 μὲν
2940 4471 3032 4523 τοῦ
3069 4471 3466 4539 παρασχόντος,
3495 4469 3576 4520 ὅτι

2012 4572 2104 4622 καὶ
2141 4569 2318 4620 πάντα
2349 4567 2407 4632 ἐξ
2437 4565 2622 4632 αὑτοῦ,
2653 4566 2726 4629 ὡς
2756 4566 2820 4618 ἂν
2851 4563 3110 4635 ὑμνῶμεν
3140 4564 3235 4616 τὸν
3267 4562 3459 4623 αἴτιον,
3485 4563 3578 4614 xui

2013 4661 2093 4720 εἰς
2127 4658 2348 4727 ὁλοτελῆ
2399 4657 2454 4710 δὲ
2505 4657 2785 4726 φωτισμὸν
2838 4655 2995 4724 ἡμῶν
3040 4655 3133 4708 καὶ
3178 4654 3468 4721 ἁγιασμόν.
3503 4652 3578 4703 Τὸ

2011 4747 2102 4804 οὖν
2131 4751 2380 4821 θυμίαμα
2407 4750 2496 4802 τὸν
2526 4749 2663 4817 ἀέρα
2692 4746 3149 4814 καθαγιάζει,καὶ
3177 4745 3274 4816 τὴν
3307 4745 3581 4813 ὄσφρησιν

2012 4845 2168 4912 ἡμῶν
2221 4843 2314 4895 xui
2371 4843 2667 4908 ἀναπνοὴν,
2727 4841 2849 4892 ἐπεὶ
2912 4839 3003 4891 xui
3067 4839 3414 4909 μεταδοτικὸν
3472 4837 3573 4905 τῆς

2013 4934 2239 4996 eorum;
2273 4933 2440 4995 ἐστὶν,
2479 4930 2588 4985 ἀπὺ
2622 4932 2738 4992 ἑνός
2772 4946 2912 4991 τινος
2954 4929 3128 4990 εἴδους
3160 4930 3293 4980 πᾶσι
3330 4927 3572 4996 πηγάζον

2009 5027 2107 5093 τὴν
2158 5024 2331 5093 ὀσμὴν
2389 5023 2475 5074 διὰ
2535 5022 2628 5074 τοῦ
2686 5022 2876 5089 πυρός.
2918 5021 3008 5073 Διδ
3064 5022 3157 5072 καὶ
3217 5019 3466 5082 είκονέζει
3512 5020 3575 5070 τὸ

2011 5118 2235 5182 Πνεῦμα
2267 5117 2326 5166 τὸ
2359 5114 2513 5180 ἅγιον
2538 5129 2550 5143 ·
2584 5114 2664 5166 ὅτι
2708 5113 2800 5164 καὶ
2839 5115 2894 5164 ὲν
2922 5111 3070 5180 αὐτῷ
3111 5111 3203 5163 xui
3245 5110 3404 5176 μόνον
3434 5110 3571 5173 ἐστὶ,

2010 5211 2101 5258 καὶ
2131 5210 2264 5260 πᾶσι
2293 5208 2447 5276 νέμει
2493 5207 2561 5257 τὰ
2594 5205 2761 5275 δῶρα,
2794 5205 2887 5256 xui
2917 5203 2983 5256 δι’
3014 5203 3180 5257 αὐτοῦ
3231 5203 3432 5262 πάντες
3463 5200 3575 5252 τῶν

2009 5300 2360 5370 χιρισμάτων
2393 5299 2696 5370 μετέχουσι.
2732 5298 2822 5348 Διὸ
2869 5299 2962 5348 καὶ
2997 5294 3271 5355 ἀνατιθεὶς
3304 5291 3456 5345 τοῦτο
3493 5289 3572 5358 τῷ

2007 5392 2124 5460 fieri)
2152 5393 2178 5441 ὁ
2206 5390 2493 5459 ἀρχιερεὺς
2527 5389 2616 5440 xui
2653 5387 2990 5458 σφραγίζων,
3029 5385 3169 5438 οὕτω
3201 5384 3333 5454 φησί
3361 5401 3377 5414 ·
3417 5400 3435 5433 ι
3467 5383 3571 5434 Θυ-

1978 5525 1984 5550 .ν
2011 5481 2187 5549 μὶαμά
2215 5497 2316 5542 σοι,
2347 5479 2547 5549 Χριστὲ
2577 5482 2604 5531 ὀ
2649 5481 2799 5542 Θεὸς,
2835 5479 3243 5549 προσφέρομεν,
3281 5476 3309 5528 ὃ
3337 5474 3562 5546 προσδε-

2009 5574 2101 5637 aii.
2122 5590 2256 5633 ενος.
2287 5573 2766 5640 ἀντικατάπεμψον
2797 5575 2928 5644 ἡμῖν
2958 5571 3055 5640 τὴν
3089 5570 3243 5637 χάριν
3271 5568 3363 5621 τοῦ
3392 5581 3560 5620 πανα-

2009 5673 2124 5730 γίυυ
2165 5665 2490 5733 “vulgat-3;.
2537 5683 2554 5714 ι
