4044 6198
374 280 477 344 347

829 393 1057 448 CAPUT
1095 393 1411 449 CXXXVII.

372 507 553 571 Quare
580 497 634 558 in
659 503 850 558 concha
893 506 1108 558 bernatis
1137 504 1203 557 sit
1230 506 1478 558 sacellum
1510 521 1643 574 quoa
1676 504 1933 573 prothesis

387 585 394 598 '
740 574 937 626 dicitur
964 584 1013 627 et
1038 576 1160 642 quid
1183 576 1278 627 hoc
1305 575 1582 644 signiﬁcet.

445 663 519 717 Et
539 662 758 732 obliquo
778 680 905 718 vero
935 664 1255 728 sanctuarii,
1283 663 1503 717 armarii
1531 663 1702 727 locus,
1732 663 1821 729 qui
1850 661 1936 716 dic

372 757 515 809 ritur
546 755 841 824 prothesis,
875 754 1147 813 Bethleem
1181 764 1235 809 et
1286 757 1601 825 speluncam
1633 754 1934 818 describit;

375 847 531 903 Unde
566 857 652 902 est
679 849 827 901 velut
860 846 913 901 in
946 848 1169 918 angulo,
1205 862 1307 902 nec
1339 847 1525 916 procul
1561 846 1630 901 ab
1661 847 1845 909 altari,
1876 847 1941 900 li-

376 946 461 991 ret
496 938 708 1005 longius
734 938 863 992 olim
897 947 1079 994 essent
1116 939 1170 992 in
1218 939 1431 1007 magnis
1459 938 1680 1003 templis
1720 947 1941 1006 preptcr

376 1041 631 1081 vasorum
683 1028 1011 1082 custodiam.
1066 1027 1218 1093 Quod
1267 1038 1450 1083 autem
1497 1038 1582 1083 est
1624 1028 1676 1081 in
1712 1030 1938 1097 angulo,

374 1114 646 1183 signiﬁcat
671 1115 810 1169 istud
841 1116 998 1184 primi
1041 1114 1171 1171 Jcsu
1218 1118 1487 1172 adventus
1536 1126 1937 1187 paupertatem,

375 1215 428 1258 et
464 1214 682 1270 egestas
715 1206 815 1261 loci
843 1207 997 1277 quasi
1028 1207 1298 1277 speluncae
1326 1209 1719 1265 obscuritatem
1755 1221 1818 1263 ac
1860 1209 1943 1261 in-

377 1296 685 1351 ﬁrmitatem
718 1295 940 1351 indicat.

847 1501 1072 1557 CAPUT
1111 1502 1445 1561 CXXXVIII.

380 1613 532 1675 Quod
568 1616 825 1690 prothesis
872 1626 921 1669 et
956 1632 1071 1685 qua!
1107 1620 1162 1670 in
1201 1618 1295 1670 illa
1327 1629 1470 1678 sunt,
1536 1621 1818 1689 imaginem
1864 1623 1941 1690 fe-

452 1694 574 1756 runt
614 1685 953 1756 Bethleltemi,
985 1696 1031 1739 et
1074 1704 1252 1741 eorum
1291 1704 1407 1756 quia
1440 1690 1581 1741 circa
1615 1685 1943 1746 nativitatem

450 1752 665 1818 Christi,
700 1764 748 1808 et
780 1756 1113 1810 adorationis
1144 1752 1414 1828 magorum
1450 1761 1801 1828 contigerunt.

456 1867 555 1922 Ubi
604 1885 839 1938 quoque,
888 1878 1147 1939 tanquam
1206 1887 1471 1942 praesepe,
1524 1875 1677 1930 locus
1723 1886 1805 1931 est
1854 1878 1949 1945 qui

382 1963 717 2017 oblationem
752 1978 780 2018 a
818 1963 1089 2033 principio
1115 1964 1329 2033 recipit,
1365 1974 1418 2019 ct
1452 1976 1535 2022 est
1558 1982 1724 2036 prope
1752 1967 1947 2033 altare,

378 2053 637 2119 quoniam
681 2054 927 2121 proxima
964 2052 1318 2125 Jerosolymis
1351 2067 1406 2111 et
1452 2057 1653 2114 Christi
1700 2060 1951 2129 sepulcro

383 2145 662 2202 Bethleem
686 2156 792 2213 est;
820 2148 910 2201 uhi
939 2150 1172 2217 primum
1200 2149 1504 2219 depositum
1538 2152 1640 2207 fuit
1666 2168 1767 2223 pro
1792 2153 1951 2209 nobis

382 2253 513 2293 raro
538 2238 735 2293 factum
765 2239 860 2294 Dei
890 2238 1147 2305 Verbum;
1177 2251 1363 2297 natum
1392 2244 1607 2313 quidem
1635 2247 1703 2301 de
1730 2244 1951 2317 Virgine

386 2341 602 2398 sancta,
628 2340 683 2387 et
715 2332 835 2389 ideo
876 2336 941 2390 de
974 2336 1255 2392 oblatione
1288 2352 1423 2409 puta
1465 2341 1632 2410 panis
1664 2341 1947 2409 educitur;

383 2438 545 2492 supra
586 2438 715 2479 vero
751 2427 1109 2497 semetipsum
1163 2432 1379 2484 stellam
1430 2432 1731 2500 deducens,
1785 2453 1950 2505 quam

384 2516 681 2571 asteriscus
717 2517 1033 2586 signiﬁcat;
1082 2521 1501 2594 involutunique
1554 2528 1775 2595 pannis,
1815 2545 1954 2599 quos

384 2609 631 2663 indicant
668 2610 983 2679 velamina;
1014 2612 1233 2682 triaque
1264 2614 1406 2670 dona
1444 2620 1743 2688 accipiens;
1780 2632 1832 2675 et
1859 2638 1954 2690 pro

385 2702 531 2769 istis,
580 2702 695 2759 haec
746 2705 847 2759 tria
902 2717 1032 2762 sunt
1075 2722 1089 2760 :
1143 2724 1240 2778 pro
1272 2726 1430 2777 auro,
1471 2726 1626 2766 sacra
1665 2727 1789 2769 vasa
1834 2730 1954 2784 qua:

382 2794 488 2863 ipsi
515 2794 658 2849 dona
693 2806 822 2851 sunt
868 2796 1085 2867 oblata;
1117 2816 1215 2869 pro
1244 2804 1463 2872 myrrha
1492 2815 1698 2870 autem,
1743 2805 1956 2861 involu-

381 2903 604 2944 crarum
637 2889 931 2955 velamina,
956 2892 1099 2948 inter
1130 2909 1251 2961 quae
1278 2904 1528 2949 vocatum
1562 2896 1815 2962 funebre,
1841 2900 1955 2955 sin-

384 2984 529 3035 dona
561 2982 796 3052 myrrha:
826 2983 1182 3051 conjunctam
1231 2985 1592 3055 signiﬁcans;
1628 2998 1683 3044 et
1732 3005 1831 3059 pro
1876 2990 1955 3044 li-

385 3073 551 3139 Iiano,
586 3073 906 3143 thymiama.
945 3074 1047 3131 Pro
1086 3076 1407 3134 adoratioue
1440 3089 1623 3135 autem
1654 3089 1709 3135 et
1753 3081 1954 3148 gloriﬁ-

385 3162 605 3217 catione
661 3172 940 3231 pastorum
998 3174 1055 3220 et
1114 3182 1397 3238 magorum
1432 3211 1448 3235 ,
1499 3172 1843 3226 sacerdotum
1900 3182 1956 3227 et

387 3255 575 3325 populi
628 3266 755 3310 sunt
820 3271 1009 3324 preces
1053 3268 1109 3314 et
1159 3259 1370 3315 laudes.
1403 3262 1467 3315 Et
1497 3277 1625 3317 ecce
1673 3278 1795 3321 ante
1826 3273 1956 3320 sunt

390 3347 665 3415 prothesis
697 3348 750 3402 in
789 3347 1065 3404 Bethleem
1097 3352 1439 3407 considerata
1470 3363 1619 3410 sunt.

880 3552 1110 3609 CAPUT
1152 3552 1440 3608 CXXXIX.

397 3648 469 3702 De
497 3646 772 3719 sentit-gelo
808 3649 1029 3702 bematis
1057 3657 1107 3702 et
1131 3648 1194 3701 de
1222 3649 1514 3702 velamento
1545 3663 1714 3702 sacra'
1744 3662 1956 3701 metiare.

458 3809 578 3863 Iam
632 3807 912 3863 videamus
947 3808 1110 3861 etiam
1174 3821 1239 3861 ea
1297 3821 1419 3876 qua:
1450 3815 1578 3861 sunt
1618 3814 1769 3861 extra
1819 3815 1961 3861 tem-

392 3902 576 3967 plum;
608 3899 751 3966 quod
789 3911 937 3954 certe
968 3898 1238 3954 visibilem
1274 3898 1537 3953 mundum
1572 3898 1840 3969 signiﬁcat
1864 3915 1879 3965 ;
1907 3908 1961 3953 et

390 3993 550 4062 quasi
590 3993 809 4061 quidem
839 4006 1004 4062 super
1033 3993 1234 4047 caelum
1264 3991 1639 4047 sanctuarium
1666 4032 1681 4057 ,
1720 3991 1962 4061 hemicy-

391 4087 557 4139 clium
584 4084 762 4139 habet.
794 4083 908 4140 lloc
932 4084 1135 4155 ubique
1170 4084 1440 4153 reperitur
1464 4083 1516 4136 in
1545 4082 1800 4137 omnibus
1828 4092 1965 4136 tem-

393 4179 521 4247 plis,
563 4186 621 4231 ut
679 4176 825 4246 quod
866 4184 951 4230 est
1008 4177 1402 4245 supercmleste
1455 4174 1745 4244 signiﬁcet,
1800 4174 1964 4229 sicuti

395 4271 604 4322 concha
634 4268 750 4322 sive
794 4268 1069 4335 prothesis
1116 4283 1182 4320 ex
1230 4266 1475 4335 obliquo,
1510 4276 1570 4321 ut
1619 4265 1822 4320 dictum
1857 4276 1961 4327 est,

397 4360 713 4429 speluncam
738 4358 794 4411 in
823 4357 1095 4411 Bethleem
1124 4366 1503 4425 repraesentat.
1527 4357 1755 4410 Sacrum
1783 4365 1962 4422 autem

1177 277 1568 339 SYMEONIS
1605 276 2358 339 TIIESSALONICENSIS
2412 275 2757 340 ARCIIIEP.

3506 279 3607 342 348

2601 390 2852 442 ΚΕΦΑΛ.
2881 386 3044 441 ΡΛΖ’.

2050 503 2219 555 Διατί
2268 503 2340 555 ἐν
2383 502 2573 571 κόγχῃ
2627 503 2664 569 ἡ
2709 503 3012 622 πρίέθεσις,
3049 501 3145 555 καὶ
3197 502 3253 554 τί
3306 500 3457 566 αὕτη
3501 517 3610 568 σηο

2715 589 2793 622 ua
2822 588 2931 622 νει.

2710 588 2931 639 μαίνει.

2123 664 2183 718 ’0
2216 665 2277 717 ὲκ
2305 664 2538 731 πλαγίου
2566 663 2622 717 δὲ
2647 663 2740 716 τοῦ
2771 664 3016 733 βήματος
3045 663 3138 717 τοῦ
3173 665 3605 733 σκευοφυλακίου

2039 754 2222 817 τόπος.
2257 754 2314 816 ὃς
2338 756 2434 809 καὶ
2460 755 2677 820 λέγεται
2705 755 2985 825 πρόθεσις,
3016 756 3113 825 τὴν
3138 755 3385 827 Βηθλεὲμ
3423 763 3515 811 καὶ
3547 760 3609 810 τὸ

2042 846 2308 915 σπήλαιον
2354 846 2666 915 διαγράφει.
2692 847 2858 900 Ὅθεν
2903 852 2997 904 καὶ
3041 847 3116 910 ὡς
3162 850 3219 900 ὲν
3261 849 3435 920 γωνίᾳ
3470 851 3607 913 ἐστὶ,

2041 935 2256 988 καὶτοῦ
2282 935 2672 1006 θυσιαστηρίου
2706 940 2768 991 οὗ
2806 938 3017 1009 πόρῤω,
3057 941 3104 992 εί
3146 940 3242 993 καὶ
3273 939 3608 1012 πορῤωτέρω

2045 1026 2174 1078 ποτὲ
2220 1028 2278 1080 ἑν
2308 1029 2419 1091 τοῖς
2452 1028 2708 1097 μεγάλοις
2743 1025 2884 1100 ἦσαν
2910 1028 3063 1090 ναοῖς
3094 1030 3183 1083 διὰ
3228 1032 3325 1101 τὴν
3362 1033 3609 1101 φυλακὴν

2042 1121 2151 1172 τῶν
2206 1121 2437 1174 σκευῶν.
2471 1121 2545 1174 Τὸ
2605 1124 2662 1174 ὲν
2706 1122 2879 1194 γωνίᾳ
2929 1116 3020 1175 οῦν
3070 1119 3212 1177 εῖναι
3247 1123 3406 1178 τοῦτο
3434 1125 3610 1194 δηλοῖ,

2042 1212 2143 1279 τὴν
2190 1212 2289 1281 τῆς
2346 1211 2570 1282 πρώτης
2611 1214 2915 1284 παρουσίας
2966 1215 3240 1284 πτωχείαν
3272 1215 3364 1267 τοῦ
3410 1215 3608 1284 Ἰησοῦ,

2044 1304 2140 1356 καὶ
2170 1305 2230 1357 τὸ
2262 1308 2522 1375 πενιχρδν
2550 1306 2642 1358 τοῦ
2676 1308 2879 1376 χωρίου
2918 1308 3015 1360 καὶ
3058 1308 3264 1375 ἀφανὲς
3297 1309 3484 1378 σχεδὸν
3514 1308 3610 1365 τοῦ

2047 1395 2311 1465 σπηλαίου
2344 1398 2437 1452 καὶ
2474 1397 2839 1466 αὐτοσχέδιον.

2596 1513 2845 1566 ΚΕΦΑΛ.
2886 1514 3059 1569 PAU'.

2048 1623 2169 1676 Ὅτι
2223 1624 2258 1688 ἡ
2318 1625 2603 1694 πρόθεσις
2654 1624 2860 1694 καὶτὰ
2907 1626 2977 1677 ἐν
3000 1624 3157 1692 αὐτῇ
3187 1626 3302 1692 τὴν
3340 1626 3610 1694 ΒηθΙεὲιι

2118 1691 2547 1764 είκρνίζειηκαξ
2584 1695 2654 1747 τὰ
2682 1694 2781 1746 ἐπὶ
2801 1693 2876 1760 τῇ
2908 1691 3187 1760 γεννήσει
3213 1691 3319 1750 τοῦ
3345 1691 3614 1764 Σωτῆρος

1977 1768 2024 1827 Β
2121 1761 2310 1831 ἡμῶν,
2344 1762 2441 1815 καί
2469 1760 2545 1829 τῇ
2579 1764 2994 1830 προσκυνήσει
3024 1765 3141 1818 τῶν
3165 1765 3391 1835 μάγων,

2128 1876 2294 1930 Ἔνθα
2325 1878 2418 1928 καὶ
2448 1877 2523 1933 ὡς
2564 1877 2738 1946 φάτνη
2784 1879 2812 1930 ὁ
2851 1877 3015 1941 τόπος
3051 1880 3080 1931 ὁ
3110 1878 3209 1948 τὴν
3242 1881 3614 1952 προσκομιδην

2052 1969 2288 2038 ὲξαρχῆς
2316 1968 2626 2038 δεχόμενος.
2657 1970 2766 2022 Καὶ
2802 1970 3032 2038 πλησίον
3070 1970 3165 2022 τοῦ
3197 1971 3614 2041 θυσιαστηρίου,

2051 2062 2132 2114 δτι
2177 2062 2271 2114 καὶ
2328 2062 2493 2128 ἐγγὺς
2550 2060 2659 2113 τῶν
2698 2061 3091 2130 Ἰεροσολύμων
3150 2065 3241 2116 καί⁵
3295 2063 3391 2115 τοῦ
3444 2064 3617 2130 τάφου

2054 2152 2262 2219 Κυρίου
2306 2154 2340 2223 ἡ
2379 2151 2649 2220 Βηθλεὲμ,
2685 2153 2814 2205 ἔνθα
2858 2151 2922 2222 δὴ
2960 2156 3052 2205 καὶ
3083 2155 3434 2224 προαπετέθη
3482 2173 3617 2225 σαρ-

2053 2244 2253 2306 κωθεὶς
2283 2245 2312 2298 ὁ
2353 2243 2448 2297 τοῦ
2481 2244 2617 2298 Θεοῦ
2656 2245 2798 2315 ὑπὲρ
2833 2246 2992 2315 ἡμῶν
3037 2245 3231 2313 Λόγος,
3269 2245 3484 2315 τεχθεὶς
3518 2235 3620 2315 μὲν

2054 2336 2122 2393 ἐκ
2145 2338 2420 2410 Παρθένου
2459 2337 2643 2407 ἁγίας,
2664 2337 2743 2395 διὸ
2770 2340 2865 2393 καὶ
2893 2337 2998 2393 ἀπὸ
3023 2338 3269 2409 καθαρᾶς
3298 2341 3619 2411 προσφορᾶς

2055 2432 2083 2484 ὀ
2136 2430 2300 2499 ἄρτος
2348 2430 2627 2499 ἐξάγεται,
2659 2430 2842 2485 ἐπάνω
2885 2431 2943 2485 δὲ
2996 2430 3191 2485 ἑαυτοῦ
3250 2432 3478 2501 ἀγαγὼν
3530 2434 3607 2485 τδε

2055 2522 2284 2593 ἀστέρα,
2314 2522 2373 2576 ὃν
2399 2524 2491 2576 καὶ
2523 2524 2553 2574 ὁ
2581 2523 2901 2592 ἀστερίσκος
2930 2516 3032 2577 ὦδε
3066 2525 3244 2589 τυποῖ,
3284 2524 3621 2593 σπαργάνοις

2054 2629 2114 2665 τε
2140 2613 2396 2683 εἰληθεὶς,
2412 2614 2449 2669 ἃ
2468 2614 2533 2683 δὴ
2555 2615 2881 2683 σημαίνουσι
2896 2615 2964 2669 τὰ
2983 2614 3340 2685 καλύμματα,
3359 2617 3453 2669 καὶ
3474 2616 3623 2686 δῶρα.

2056 2705 2240 2761 λαϐὼν
2289 2708 2509 2777 τρισσὰ,
2544 2706 2637 2760 καὶ
2682 2708 2802 2760 ἀντὶ
2830 2707 3039 2762 τούτων
3069 2707 3137 2761 τὰ
3168 2708 3294 2778 τρία
3327 2708 3519 2775 ταῦτα,
3551 2710 3620 2761 τὰ

2060 2798 2182 2869 ιερὰ
2236 2799 2427 2869 σκεύη,
2457 2799 2577 2853 ἀντὶ
2630 2798 2856 2868 χρυσοῦ,
2914 2800 2985 2853 τὰ
3042 2801 3417 2870 προσαχθέντα
3469 2800 3622 2869 δῶρα

2057 2890 2206 2959 αὑτῷ
2227 2906 2242 2921 ·
2271 2890 2391 2943 ἀντὶ
2417 2890 2473 2944 δὲ
2502 2890 2602 2958 τῆς
2634 2890 2884 2959 σμύρνης
2921 2890 3030 2945 τῶν
3060 2892 3437 2961 καλυμμάτων
3467 2892 3623 2962 ι32

2058 2982 2124 3035 τὰ
2156 2978 2354 3044 πέπλα,
2386 2981 2481 3034 καὶ
2503 2983 2531 3034 ὁ
2562 2978 2901 3051 καλούμενος
2945 2982 3255 3051 ἐπιτάφιος,
3285 2981 3385 3052 τὴν
3413 2983 3624 3036 σινδόνα

2061 3072 2244 3125 1ιτυπῶν
2299 3071 2589 3125 ὲνωθεῖσαν
2636 3073 2703 3143 τῇ
2758 3071 2971 3143 σμύρνῃ
3000 3110 3017 3137 ,
3064 3074 3159 3126 καὶ
3201 3072 3451 3142 θυμίαμα
3501 3076 3623 3128 ἀντὶ

2057 3163 2396 3217 λιϐανωτοῦ·
2431 3164 2554 3216 ἀντὶ
2599 3163 2658 3216 δὲ
2704 3164 3129 3234 προσκυνήσεως
3175 3164 3270 3217 καὶ
3320 3162 3625 3232 δοξολογίας

2058 3258 2159 3324 τῆς
2190 3254 2342 3325 παρὰ
2381 3253 2490 3307 τῶν
2539 3254 2815 3321 ποιμένων
2846 3255 2938 3308 καὶ
2981 3253 3171 3323 μάγων
3218 3255 3276 3308 ai
3306 3255 3397 3307 διὰ
3426 3257 3618 3323 ἱερέων

2059 3348 2155 3400 καὶ.
2179 3345 2273 3399 τοῦ
2299 3344 2431 3398 λαοῦ
2462 3344 2623 3415 εὐχαὶ
2657 3346 2749 3397 καὶ
2783 3344 3110 3412 δοξολογίαι.
3152 3345 3261 3398 Καὶ
3292 3346 3402 3400 ίδοὺ
3436 3346 3503 3400 τὰ
3531 3346 3627 3415 τῆς

2062 3442 2375 3511 προθέσεως
2414 3443 2471 3495 ὲν
2500 3444 2565 3511 τῇ
2607 3440 2855 3512 Βηθλεὲμ
2881 3440 3242 3511 τεθεώρηται.

2621 3556 2867 3609 ΚΕΦΑΛ.
2905 3554 3067 3609 PAO’.

2064 3648 2202 3718 Περὶ
2235 3648 2343 3702 τοῦ
2382 3649 2748 3719 ἡμικυκλίου
2777 3648 2885 3701 τοῦ
2908 3648 3209 3716 βήματος,
3242 3650 3341 3704 καί
3382 3650 3490 3705 τοῦ
3524 3651 3631 3719 τῆς

2404 3718 2696 3785 τραπέζης
2724 3719 3281 3789 καταπετάσματος.

2142 3810 2373 3880 Ἴδωμεν
2426 3810 2482 3862 δὲ
2517 3812 2611 3862 καὶ
2642 3811 2707 3863 τὰ
2761 3809 2963 3875 ἔξωθεν
2998 3811 3092 3864 τοῦ
3148 3813 3300 3876 ναοῦ,
3330 3814 3389 3877 ὃς
3426 3814 3492 3882 δὴ
3539 3813 3631 3865 τὸν

2064 3902 2342 3971 ὁρώμενον
2390 3900 2541 3969 δηλοῖ
2588 3902 2791 3965 κόσμον
2817 3918 2832 3933 ’
2867 3903 2963 3955 καὶ
3009 3901 3086 3965 ὡς
3125 3903 3225 3972 μὲν
3251 3905 3390 3973 ὑπὲρ
3419 3905 3508 3956 τὸν
3544 3905 3633 3957 οὖ-

2068 3995 2231 4067 ρανδν
2261 3993 2321 4045 τὸ
2356 3992 2506 4060 βῆμα.
2546 3990 2608 4043 τὸ
2666 3992 2990 4059 ἡμικύκλιον
3027 3992 3159 4062 ἔχει.
3195 3994 3305 4045 Καὶ
3356 3995 3628 4064 πανταχοῦ

2066 4086 2223 4140 τοῦτο
2278 4086 2486 4153 γίνεται
2546 4085 2603 4135 ὲν
2662 4084 2833 4137 ἅπασι
2864 4085 2975 4147 τοῖς
3032 4088 3201 4148 ναοῖς,
3236 4086 3323 4138 ἵνα
3376 4086 3527 4156 δηλοῖ
3574 4087 3633 4139 τὸ

2068 4178 2481 4247 ὑπερουράνιον,
2512 4175 2589 4238 ὡς
2641 4177 2736 4230 καὶ
2785 4178 2817 4245 ἡ
2869 4178 3066 4247 κόγχη,
3110 4178 3227 4245 ἦτοι
3283 4178 3541 4246 πρόθεσις
3572 4178 3634 4229 ὲκ

2070 4268 2324 4334 πλαγίου,
2359 4267 2432 4329 ὡς
2467 4268 2703 4336 εἴρηται,
2744 4266 2806 4319 τὸ
2846 4268 2903 4320 ὲν
2942 4270 3007 4336 τῇ
3066 4267 3312 4337 Βηθλεὲμ
3348 4268 3632 4336 σπήλαιον.

2071 4360 2145 4411 Τὸ
2180 4360 2237 4410 ὲν
2269 4361 2334 4428 τῇ
2378 4357 2499 4428 θείᾳ
2528 4358 2779 4429 τραπέζῃ
2817 4358 2873 4410 δὲ
2912 4357 3060 4427 ἱερὸν
3090 4360 3511 4427 καταπέτασμα,
3533 4356 3629 4426 τὴν

395 4453 453 4504 in
487 4451 671 4503 divina
704 4462 895 4502 mensa
922 4447 1283 4501 velamentum
1314 4447 1573 4516 exprimit
1614 4449 1706 4502 Dei
1734 4449 1959 4505 immor-

2067 4450 2192 4518 περὶ
2243 4448 2333 4501 τὸν
2395 4448 2527 4501 Θεὸν
2558 4449 2719 4502 ἆῦλον
2748 4447 2972 4518 σκηνὴν,
3006 4448 3122 4517 ῆτοι
3164 4448 3321 4511 δόξαν
3354 4448 3490 4501 Θεοῦ
3543 4446 3634 4499 καὶ

395 4538 527 4592 talis
574 4536 1011 4599 tabernaculum,
1045 4536 1159 4589 sive
1194 4536 1421 4606 gloriam
1473 4538 1564 4592 Dei
1614 4548 1667 4593 et
1713 4544 1965 4610 gratiam.

398 4631 611 4687 Etenim
665 4630 784 4699 ipse
833 4628 1053 4697 quidem
1089 4638 1173 4682 est
1208 4630 1442 4693 velatus,
1480 4630 1704 4686 indutus
1758 4632 1969 4690 lumine

397 4720 545 4777 sicut
570 4720 929 4779 vestimento.
966 4726 1018 4773 et
1055 4732 1223 4787 super
1248 4719 1519 4775 altissimo
1552 4721 1750 4776 throno
1782 4724 1968 4791 gloriae

399 4828 516 4868 sua:
540 4814 775 4877 sedens;
802 4811 1031 4865 orbatim
1063 4826 1193 4867 vero
1217 4813 1361 4867 circa
1392 4813 1567 4879 illum,
1607 4816 1881 4886 seraphim
1918 4826 1971 4871 et

400 4906 666 4975 angeli'et
690 4912 1000 4958 sanctorum
1046 4904 1242 4959 animae
1269 4945 1284 4968 ,
1321 4906 1435 4974 qui,
1470 4915 1729 4975 tanquam
1760 4908 1970 4961 colum-

400 5013 528 5057 nas.
580 4996 717 5050 ῖεῑιε
759 4994 959 5048 habent
1005 4996 1356 5051 continentes
1405 5005 1459 5050 et
1509 4997 1969 5067 circumtcgentcs

398 5090 580 5155 ipsius
629 5088 1051 5158 Evangeliorum
1098 5089 1388 5155 notitiam;
1422 5104 1584 5156 quam
1632 5090 1971 5145 descendens

402 5183 522 5250 ipse
550 5179 717 5244 dedit,
752 5188 806 5233 et
834 5178 901 5232 ad
929 5187 1173 5234 extrema
1208 5179 1378 5243 misit,
1403 5188 1457 5231 et
1490 5195 1551 5232 cx
1578 5180 1834 5233 extremis
1866 5178 1971 5234 Ec-

400 5273 625 5325 clesiam
659 5286 839 5337 suam,
870 5286 1034 5340 quam
1068 5269 1239 5323 univit
1270 5268 1498 5341 angelis,
1524 5270 1899 5340 congregavit.

966 5470 1195 5527 CAPUT
1247 5468 1405 5525 CXL.

409 5560 554 5623 Quid
581 5560 804 5614 innuant
831 5564 997 5615 multa
1029 5564 1249 5620 lumina.
1283 5565 1528 5616 duodena
1562 5561 1784 5619 ltmtina,
1824 5568 1971 5611 terna

484 5629 708 5696 lumina,
741 5640 1031 5701 cwteraque
1053 5649 1169 5701 qua
1196 5635 1247 5685 in
1277 5633 1491 5686 ecclesia
1525 5632 1902 5683 accenduntur.

492 5718 744 5789 Ideoque,
782 5730 1035 5791 tanquam
1068 5724 1120 5777 in
1145 5724 1287 5777 ewlo
1316 5722 1535 5787 visibili,
1560 5721 1616 5775 in
1646 5717 1845 5789 templo
1870 5718 1977 5771 sci-

2072 4531 2318 4611 χάριν,ᾗ
2360 4539 2523 4601 αὐτὸς
2565 4539 2664 4607 μέν
2723 4540 2840 4589 ἐστι
2891 4536 3317 4605 καλυπτόμενος,
3348 4536 3637 4590 ἀναϐαλλό-

2075 4647 2233 4701 μενος
2289 4630 2402 4699 φῶς
2430 4628 2505 4692 ὡς
2564 4629 2798 4699 ἱμάτιον,
2830 4631 2925 4681 καὶ
2950 4628 3043 4681 ἐπὶ
3081 4627 3273 4698 θρόνου
3323 4628 3635 4697 ἐπηρμένου

2071 4723 2169 4790 τῆς
2201 4722 2356 4789 δόξης
2390 4719 2555 4773 αὐτοῦ
2602 4720 2935 4787 καθήμενος,
2974 4720 3105 4789 περὶ
3154 4717 3342 4787 κύκλῳ
3374 4719 3431 4771 δὲ
3466 4717 3632 4772 αὐτοῦ

2073 4814 2328 4881 καὶπερὶ
2384 4810 2566 4875 αὑτὸν,
2596 4809 2665 4861 τὰ
2717 4810 2972 4879 Σεραφίμ
3024 4810 3118 4862 καὶ
3171 4812 3237 4860 oi‘
3283 4809 3501 4873 ἄγγελοι
3542 4809 3638 4863 καὶ

2072 4908 2128 4958 αἱ
2172 4904 2278 4957 τῶν
2339 4904 2509 4971 ἁγίων
2566 4901 2757 4971 ψυχαὶ,
2791 4900 2840 4952 οἳ
2898 4901 2993 4953 καὶ
3052 4900 3128 4963 ὼς
3181 4902 3408 4964 στύλους
3453 4900 3637 4969 ἔχουσι

2076 4994 2401 5063 συνέχοντας
2429 4992 2647 5053 τούτους
2678 4992 2767 5043 καὶ
2788 4990 3239 5059 περιστέλλοντας
3259 4992 3365 5042 τῶν
3397 4993 3641 5058 Εὐαγίε-

2073 5087 2200 5138 λίων
2232 5084 2395 5137 αὑτοῦ
2426 5086 2523 5151 τὴν
2545 5083 2765 5150 γνῶσιν.
2808 5084 2910 5134 Ἦν
2936 5081 3209 5133 κατελθὼν
3234 5082 3392 5143 αὐτὸς
3414 5081 3636 5145 δέδωκε,

2075 5176 2168 5229 καὶ
2199 5179 2311 5237 τοῖς
2345 5177 2577 5245 πέρασιν
2611 5174 2983 5237 ἐξαπέστειλε,
3014 5173 3109 5225 καὶ
3143 5174 3205 5221 ὲκ
3244 5171 3354 5223 τῶν
3387 5172 3641 5237 περάτων

2074 5271 2172 5338 τὴν
2211 5267 2534 5337 Ἐκκλησίαν
2582 5265 2745 5319 αὐτοῦ
2796 5268 3176 5334 συνεστήσατο,
3212 5265 3278 5332 ἢν
3304 5264 3486 5332 ῆνωσε
3521 5264 3637 5324 τοῖς

2075 5360 2348 5428 ὰγγέλοὶς.

2638 5470 2681 5520 Κ
2694 5468 2813 5520 Et!“
2824 5473 2865 5521 Λ
2877 5507 2889 5521 .
2952 5466 3083 5520 PM'.

2083 5564 2143 5619 Τί
2184 5560 2255 5614 τὰ
2298 5561 2649 5628 πολὺφωτα,
2678 5557 3069 5626 δωδεκὰρωτά
3109 5573 3172 5628 τε
3204 5555 3321 5628 καὶ
3368 5556 3642 5628 τρξφωτα,

2205 5631 2302 5683 καί
2332 5625 2515 5683 λοιπὰ
2563 5625 2943 5695 ἀνιιπτόμενα
2973 5628 3042 5679 ἐν
3081 5625 3153 5692 τῇ
3189 5625 3507 5691 ἐκκλησίᾳ.

2148 5722 2257 5777 Διὸ.
2278 5725 2370 5776 καὶ
2395 5721 2469 5785 ὡς
2505 5724 2560 5774 ἐν
2592 5720 2802 5790 οὐρανῷ
2847 5721 2921 5789 τῷ
2953 5717 3238 5788 ὁρωμένῳ,
3272 5714 3347 5787 τῷ
3389 5714 3502 5784 ναῷ
3548 5712 3643 5782 δη-
