4044 6198
409 283 518 345 349

1641 297 1737 356 DE
1778 300 2019 361 SACRO
2044 300 2392 364 'TEMPLO.

3458 280 3465 285 ’
3555 300 3663 364 3:0

407 399 564 467 λαδή,
599 398 675 461 ὡς
718 398 945 469 ἀστέρες
990 400 1057 455 τὰ
1110 403 1261 471 φῶτα
1319 408 1621 478 ᾐώρηνται.
1664 415 1773 471 Καὶ
1825 417 1853 467 ό
1892 415 1976 469 κύ-

2095 418 2244 484 licet,
2283 428 2341 472 ttt
2372 426 2539 484 astra,
2571 418 2779 473 lumina
2813 416 3265 488 suspenduntur;
3302 425 3354 471 et
3376 427 3458 472 est
3492 417 3660 471 lumi-

406 490 533 553 κλος
589 492 708 543 ἐστὶ
762 492 871 544 τῶν
906 492 1099 561 φώτων
1148 496 1211 549 τὸ
1261 501 1550 570 στερέωμα
1599 504 1985 574 ύπεμφαίνων,

404 583 502 635 καὶ
533 583 632 644 τὰς
679 580 856 665 ζώνας
904 583 1012 635 τῶν
1043 585 1363 656 πλανητῶν.
1395 590 1506 643 Kal
1554 590 1635 645 ἔτι
1674 594 1839 664 ἔτερα
1874 614 1988 665 φω-

404 674 599 743 τοδόχα
657 674 1021 747 άπῃὼρηνται
1054 680 1257 750 σκεύηο
1297 680 1392 733 καὶ
1447 683 1513 735 sit
1568 684 1672 751 μὲν
1710 686 1789 750 είς
1815 687 1986 742 τύπον

404 765 500 819 τοῦ
531 766 762 820 παλαιοῦ
788 768 1017 840 πυρίνου
1043 769 1259 839 στύλου,
1294 772 1538 846 στυλώδη
1570 776 1664 829 καὶ
1682 776 1845 849 δρθια
1870 797 1883 809 ο
1917 783 1988 835 τὰ

404 856 461 908 δὲ
508 858 611 926 τῆς
662 856 829 927 βάτου
855 874 871 890 ·
902 860 974 913 τά
1028 860 1085 914 δὲ
1117 860 1214 915 τοῦ
1260 862 1350 917 τὸν
1392 865 1583 919 Ἠλίαν
1628 867 1989 935 ἁρπάσαντος

406 948 674 1016 ἅρματος,
707 950 853 1019 ἅπερ
907 951 1048 1006 είσὶν
1095 953 1144 1007 oi
1199 956 1406 1024 τροχοί.
1455 959 1569 1013 Καὶ
1616 962 1685 1015 τὰ
1732 962 1832 1031 μὲν
1868 979 1985 1031 τρι-

407 1040 603 1108 λαμπῆ
627 1040 716 1094 διὰ
751 1043 850 1110 τὴν
880 1043 1111 1113 Τριάδα,
1150 1045 1226 1109 ὡς
1256 1048 1349 1102 καὶ
1378 1049 1447 1103 τὰ
1498 1053 1785 1122 τρικήρια,
1826 1056 1893 1108 τά
1925 1055 1984 1108 δὲ

408 1129 720 1211 ἐπτάλυχνα
750 1131 838 1185 διὰ
858 1135 968 1187 τῶν
1005 1137 1363 1206 χαρισμάτων
1391 1140 1482 1193 τὸν
1522 1143 1757 1214 ἀριθμόν
1782 1161 1796 1177 ·
1828 1147 1896 1200 τὰ
1926 1146 1981 1201 δὲ

405 1222 773 1292 δωδεκάφωτα
822 1223 909 1278 διὰ
958 1225 1059 1296 τὴν
1103 1229 1212 1282 τῶν
1268 1230 1583 1288 ἀποστόλων
1630 1238 1872 1307 χορείαν,
1905 1232 1983 1293 ὧν

408 1316 505 1368 καὶ
532 1317 696 1384 μέσον
725 1317 784 1370 ἓν
817 1318 1031 1374 ἵσταται
1071 1321 1373 1393 ὑπέρτερον
1411 1327 1547 1396 φῶς,
1580 1330 1659 1394 είς
1682 1332 1854 1386 τύπον
1886 1334 1982 1388 τοῦ

408 1407 648 1473 μεγάλου
698 1410 899 1478 φωτὸς,
934 1413 1030 1466 τοῦ
1068 1414 1268 1484 Ἰησοῦ.
1298 1416 1457 1471 Ἐστι
1507 1419 1564 1473 δὲ
1600 1424 1694 1475 καὶ
1728 1423 1981 1495 δικήριον

406 1497 465 1547 τὸ
495 1496 685 1567 διφυὲς
720 1499 886 1553 αύτοῦ
925 1501 1137 1571 δηλοῦν.
1191 1504 1309 1558 Καὶ
1332 1506 1491 1575 φῶτα
1531 1512 1820 1579 μοναδικὰ,
1853 1513 1885 1584 ἢ
1917 1514 1977 1568 τὸ

407 1588 607 1643 ὲνιαίον
634 1589 736 1661 τῆς
767 1590 996 1662 Τριὰδος
1035 1596 1323 1666 δηλοῦντα,
1350 1600 1385 1671 ἢ
1412 1604 1507 1655 καὶ
1535 1604 1647 1657 τῶν
1681 1606 1856 1675 ἁγίων
1882 1609 1982 1663 ἕνα

405 1680 548 1745 nvi,
590 1681 728 1751 πρὸς
757 1680 819 1736 ὅν
852 1685 1208 1758 άπῃὼρηται.
1234 1690 1355 1755 Φῶς
1389 1692 1504 1762 γὰρ
1541 1697 1683 1750 κατὰ
1719 1699 1977 1769 μετοχὴν,

407 1771 502 1822 καὶ
554 1772 663 1825 τῶν
717 1774 887 1842 ἁγίων
944 1777 1195 1845 ἕκαστος,
1229 1780 1307 1845 ὡς
1359 1785 1457 1837 καὶ
1515 1784 1708 1856 λυχνία
1746 1787 1897 1853 ζῶσα
1946 1793 1980 1863 ἡ

402 1860 549 1935 ψυχὴ
582 1864 749 1919 αὐτοῦ
779 1867 896 1921 ἐστι
948 1868 1265 1939 λάμπουσα.
1310 1875 1376 1928 Ἠ
1433 1879 1734 1948 στεῤῥότης
1778 1882 1836 1935 δὲ
1888 1860 1983 1937 καί.

403 1951 718 2021 εὐπρέπεια
738 1956 832 2009 τοῦ
856 1956 1010 2023 ναοῦ,
1042 1958 1139 2013 καὶ
1170 1962 1203 2030 ἡ
1233 1962 1328 2015 τοῦ
1374 1964 1607 2033 ἐδάφους
1653 1970 1980 2040 τερπνότης,

399 2046 461 2100 τδ
508 2046 714 2117 ὡραῖον
768 2049 989 2119 δηλοῦσι
1038 2054 1135 2107 καὶ
1198 2054 1440 2127 καθαρδν
1495 2059 1608 2114 τῶν
1670 2061 1844 2129 ἁγίων
1887 2067 1983 2118 καὶ

400 2136 703 2205 πάγκαλον,
744 2140 843 2195 καὶ
879 2141 942 2196 τὸ
997 2144 1095 2198 τοῦ
1135 2147 1474 2216 παραδείσου
1520 2151 1781 2222 τερπνόν.
1824 2152 1981 2209 Ἐπεὶ

399 2231 497 2283 καὶ
525 2230 602 2296 ὡς
626 2233 955 2304 παράδεισον
976 2236 1285 2309 εἰρήκαμεν
1312 2242 1688 2305 σίκσνίζεσθαι
1717 2243 1811 2299 τὸν
1833 2245 1981 2299 θετον

396 2319 548 2376 ναόν.
582 2322 803 2378 Μᾶλλον
828 2324 887 2379 δὲ
915 2326 1012 2379 καὶ
1044 2326 1217 2398 μείζω
1247 2332 1478 2402 παρέχει
1513 2332 1610 2386 τοῦ
1636 2336 1970 2404 παραδείσου

395 2413 465 2464 τά
510 2412 811 2482 ὶπουράνια
856 2416 1146 2487 δῶραοιού
1203 2420 1364 2487 ξύλον
1424 2423 1576 2493 ζωῆς
1615 2424 1828 2489 ἁπλῶς,
1861 2427 1979 2482 ἀλλ’

396 2502 569 2572 αὐτὴν
622 2503 761 2583 ἔχων
791 2505 889 2577 τὴν
939 2507 1088 2581 ζωὴν
1134 2512 1603 2586 ίερουργουμένην
1635 2519 1731 2571 καὶ
1760 2518 1979 2590 διδομέ-

2092 525 2222 564 num
2251 510 2513 576 circulus,
2548 510 2950 565 ﬁrmamentum
2990 525 3270 579 sonasque
3313 511 3657 579 planetarum

2089 602 2484 667 subiudicans;
2532 612 2588 658 et
2641 603 2820 658 adhuc
2856 614 2984 658 sunt
3036 603 3204 658 altera
3250 618 3379 656 vasa
3416 604 3483 657 ad
3515 603 3656 658 rcci-

2087 696 2310 764 piendas
2354 697 2507 752 luces
2551 711 2817 767 suspensa
2856 714 2871 753 :
2926 704 2981 751 et
3027 695 3132 750 alia
3179 696 3395 764 quidem
3436 699 3653 751 suntin

2088 798 2272 860 typum
2294 792 2495 847 veteris
2522 792 2702 862 ignita:
2730 791 3015 852 columnae.
3048 791 3100 845 in
3122 790 3386 845 columna:
3410 788 3647 845 formam

2085 893 2299 948 erecta;
2333 882 2439 937 alia
2468 896 2619 947 vero,
2647 882 2700 937 in
2742 892 2929 953 typum
2965 882 3125 947 rubi;
3160 881 3265 935 alia
3307 891 3485 935 autem
3517 896 3645 935 cur-

2089 987 2182 1026 rus
2207 969 2379 1025 Eliam
2408 972 2727 1035 auferentis,
2754 973 2981 1027 formam
3013 970 3353 1039 exprimunt,
3381 979 3434 1023 et
3466 969 3654 1023 dicun-

2088 1043 2177 1115 ιῦι·
2203 1073 2353 1121 ratae:
2391 1061 2495 1115 alia
2528 1066 2659 1116 sunt
2694 1060 2760 1115 ad
2801 1060 2903 1114 t'ria
2937 1059 3141 1114 lumina
3174 1068 3397 1129 propter
3414 1059 3655 1113 Trinita-

2086 1160 2217 1216 tem,
2262 1153 2407 1209 sicut
2458 1160 2512 1209 et
2555 1152 2699 1208 cerei
2752 1151 3004 1219 trifurci;
3043 1152 3148 1206 alia
3184 1160 3390 1221 septem
3450 1151 3652 1204 ltabznt

2085 1246 2290 1300 lumina
2328 1246 2481 1316 juxta
2533 1260 2819 1301 numerum
2854 1244 3271 1311 charismatum;
3308 1243 3412 1296 alia
3447 1240 3653 1296 duode-

2084 1339 2216 1405 cim,
2248 1348 2471 1410 propter
2498 1340 2869 1409 apostolorum
2907 1339 3139 1394 chorum
3166 1353 3182 1404 ;
3213 1338 3355 1391 inter
3383 1349 3504 1405 quae
3543 1350 3654 1389 me-

2085 1431 2233 1485 dium
2284 1444 2453 1484 unum
2504 1428 2747 1498 assurgit
2793 1428 3045 1496 superius
3100 1427 3307 1491 lumen,
3361 1424 3416 1477 itt
3463 1435 3649 1493 typum

2086 1521 2271 1591 magni
2326 1520 2571 1584 luminis,
2620 1518 2773 1574 Jesu.
2812 1518 2908 1573 Est
2959 1517 3123 1573 etiam
3170 1517 3389 1585 duplice
3441 1515 3650 1569 lumine

2086 1627 2278 1672 cereus
2302 1611 2369 1667 ad
2407 1613 2679 1680 duplicem
2712 1612 2886 1682 ipsius
2928 1609 3324 1666 ostendendam
3351 1616 3603 1661 naturam
3634 1646 3649 1671 ,

2082 1705 2403 1774 luminaque
2434 1705 2755 1775 singularia,
2787 1720 2908 1773 quae
2944 1705 3026 1757 vel
3062 1701 3351 1756 Trinitatis
3384 1700 3650 1755 unitatem

2090 1798 2419 1869 signiﬁcant,
2443 1798 2527 1853 vel
2554 1798 2794 1853 indicant
2821 1797 3058 1865 aliquem
3095 1804 3409 1851 sanctorum
3442 1807 3652 1857 unum,

2086 1902 2308 1961 propter
2349 1906 2511 1959 quem
2546 1891 2982 1960 suspenduntur.
3018 1890 3224 1943 Lumen
3262 1889 3407 1943 enim
3446 1894 3529 1940 est
3561 1900 3656 1953 per

2084 1982 2554 2051 participationem
2583 1990 2896 2037 sanctorum
2940 1980 3352 2048 unusquisque;
3396 1981 3538 2033 sicut
3568 1977 3652 2029 lu-

2084 2088 2244 2129 cerua
2288 2074 2500 2138 vivens,
2551 2074 2727 2143 ipsius
2776 2073 2961 2127 anima
3020 2072 3354 2140 resplendet.
3411 2066 3653 2123 Trinitas

2081 2171 2263 2219 autem
2313 2177 2379 2219 ac
2427 2164 2613 2232 templi
2662 2164 2808 2219 nitor
2852 2172 2908 2217 et
2959 2162 3259 2233 pavimenti
3306 2162 3646 2232 iucunditas,

2083 2262 2401 2311 sanctorum
2430 2254 2915 2326 pulchritudinem.
2964 2255 3258 2325 puritatem
3290 2270 3353 2311 ac
3394 2254 3649 2309 decorem

2086 2356 2505 2416 repraesentant,
2536 2346 2681 2402 sicut
2713 2358 2768 2403 et
2795 2349 3031 2418 paradisi
3089 2348 3489 2419 iucunditatem
3526 2365 3539 2400 :
3579 2351 3653 2403 si-

2082 2438 2301 2508 quidem
2336 2439 2505 2494 vcluti
2540 2438 2854 2509 paradisum
2887 2440 3033 2512 typis
3067 2440 3372 2510 exprimere
3415 2439 3654 2493 diximus

2083 2529 2330 2585 divinum
2384 2529 2687 2598 templum;
2742 2531 2825 2586 vel
2889 2531 3073 2600 potius
3132 2530 3338 2599 majora
3394 2529 3653 2598 paradiso

396 2611 516 2664 νην.
555 2594 667 2647 Kal
700 2596 761 2649 ού
799 2597 956 2661 ξύλον
1012 2600 1095 2654 ἔτι
1145 2602 1411 2674 κέκτηται
1443 2606 1727 2674 γνώσεως,
1751 2610 1867 2672 τοῖς
1901 2610 1976 2682 μὴ

2080 2628 2328 2691 praestat,
2366 2594 2611 2677 coelestia
2651 2594 2833 2689 dona;
2878 2594 2987 2678 non
3039 2594 3374 2677 solumvvitte
3396 2594 3607 2689 lignum
3635 2661 3652 2685 ,

398 2688 762 2792 stara-fatpbv
805 2692 1124 2761 γευομένοις
1180 2696 1478 2768 προξενοῦν
1509 2700 1812 2771 γύμνωσιν.
1841 2704 1976 2759 ἁλλὰ

2080 2710 2174 2767 sed
2218 2712 2386 2779 ipsam
2440 2711 2605 2766 habet
2647 2712 2838 2777 vitam,
2889 2713 2945 2767 in
2999 2713 3174 2768 sacris
3208 2712 3547 2767 immolalam
3587 2728 3651 2765 ac
3716 2716 3725 2727 "

396 2774 496 2843 τὴν
530 2778 719 2875 ζῶσαν
769 2782 986 2875 σοφίαν,
1041 2786 1245 2859 ἑαυτὴν
1281 2791 1362 2853 είς
1423 2793 1631 2865 τροφὴν
1680 2796 1777 2867 qu
1814 2799 1976 2851 πόσιν

2080 2774 2358 2859 traditam.
2385 2803 2502 2859 Non
2522 2804 2634 2873 jam
2662 2774 2899 2875 possidet
2933 2805 3173 2860 scientiae
3199 2805 3426 2874 lignum,
3451 2804 3518 2858 de
3545 2805 3649 2858 ltnc

402 2869 749 2962 παρέχουσαν
784 2873 880 2927 καὶ
915 2877 1214 2946 κιρνῶσαν,
1264 2885 1760 2957 προσκαλουμένην
1785 2906 1845 2942 τε
1880 2890 1976 2943 καὶ

2080 2908 2189 2948 non
2220 2869 2537 2962 opportune
2557 2869 2849 2950 edentibus
2895 2894 3129 2951 atterens
3175 2869 3518 2961 nuditatem;
3556 2896 3653 2949 sed

400 2960 789 3055 συνετίςουσαν
826 2962 953 3055 τοὺς
988 2966 1256 3055 ἄφρονας,
1279 2971 1379 3026 καὶ
1414 2973 1485 3028 τὰ
1520 2973 1743 3046 θύματα
1775 2978 1974 3048 νέμου-

2080 2960 2357 3037 viventem
2394 2984 2742 3055 sapientiam,
2777 2986 3125 3055 semelipsam
3156 2986 3210 3040 in
3244 2986 3426 3040 cibum
3460 2960 3513 3039 et
3550 2999 3647 3053 po-

401 3066 519 3117 σαν,
548 3051 611 3104 τδ
658 3051 817 3120 σῶμα
870 3052 967 3160 καὶ
1018 3051 1161 3127 αἷμα
1208 3060 1431 3133 ἑαυτῆς,
1466 3065 1562 3118 καὶ
1624 3066 1765 3138 ὑπὲρ
1818 3067 1976 3139 ἡμῶν

2082 3080 2199 3130 tum
2241 3051 2575 3144 praebentem
2627 3090 2693 3132 ac
2746 3051 3105 3142 miscent—em,
3157 3051 3560 3145 vocantemque
3596 3082 3650 3129 et

403 3146 809 3237 σφαττομόνην,
848 3143 944 3198 καὶ
989 3149 1088 3203 ούκ
1133 3151 1217 3207 ἔτι
1261 3154 1550 3224 λέγουσαν,
1589 3176 1609 3211 ι
1641 3160 1733 3231 Μὴ
1765 3161 1976 3230 φάγητε

2081 3166 2408 3222 excitantem
2449 3166 2826 3237 imprudentes
2856 3208 2872 3234 ,
2915 3183 3124 3224 necnon
3168 3167 3417 3224 victimas
3463 3168 3652 3221 distri-

399 3235 497 3330 ἀπ’
517 3236 705 3305 αὐτοῦ,
732 3241 818 3294 ἵνα
845 3244 918 3314 μὴ
935 3244 1264 3315 ἀποθάνητε,
1292 3264 1310 3297 ι
1341 3246 1499 3313 ἀλλὰ,
1526 3249 1741 3317 «Δεῦτε,
1772 3252 1976 3320 φάγετε

2081 3256 2364 3323 buentem,
2393 3235 2592 3325 corpus
2636 3268 2691 3313 et
2733 3259 3054 3330 sanguinem
3086 3274 3283 3325 suum;
3340 3267 3393 3313 et
3430 3269 3654 3329 propter

400 3326 493 3380 τδν
543 3330 676 3399 ἐμὸν
708 3333 896 3404 ἄρτον,
929 3336 990 3389 τὺ
1038 3336 1201 3406 σῶμά
1250 3355 1374 3407 μου,
1413 3346 1508 3392 καὶ
1559 3340 1713 3395 πίετε
1746 3339 1887 3396 οἶνον
1918 3343 1976 3398 ὃν

2084 3362 2183 3402 nos
2213 3348 2570 3414 immulatam;
2598 3362 2698 3403 nec
2721 3326 3135 3417 jamvdlcentem
3164 3366 3178 3403 :
3212 3365 3231 3399 t
3272 3346 3351 3402 Ne
3374 3326 3649 3403 camellite

399 3419 678 3490 κεκέρακα
708 3425 861 3495 ύμῖν,
898 3428 960 3481 τδ
989 3428 1091 3497 τῆς
1125 3430 1321 3499 καινῆς
1356 3431 1626 3502 διαθήκης
1675 3432 1815 3504 αἷμὰ
1848 3453 1977 3505 μου.

402 3510 513 3565 Kal
547 3514 838 3571 άπολίπετε
893 3519 1211 3590 ἀφροσύνην
1256 3522 1545 3589 ἀπιστίας,
1578 3529 1674 3579 καὶ
1718 3526 1977 3595 ζήσεσθε.

399 3606 512 3662 Καὶ
538 3606 812 3677 ζητήσατε
842 3612 1108 3682 φρόνησιν
1134 3614 1443 3676 εὐσεϐείας,
1471 3615 1570 3684 ἐμὲ
1594 3616 1841 3687 δηλονότι
1874 3596 1976 3689 silv

399 3697 617 3753 πάντων
651 3702 935 3774 φρόνησιν,
971 3703 1060 3760 ἶνα
1094 3703 1329 3777 βιὼσητε
1364 3705 1572 3771 ζῶντες
1626 3708 1864 3774 αίωνίως
1886 3724 1902 3741 ο
1944 3726 1965 3764 ε

399 3794 498 3847 καὶ
523 3796 593 3849 τά
622 3796 868 3867 ἑπόμενα
900 3797 1132 3862 τούτοις.
1167 3800 1277 3853 Kal
1307 3798 1392 3853 ἔτι
1424 3799 1626 3871 ὡραῖος
1654 3802 1683 3854 ό
1710 3801 1859 3869 ναδς,
1890 3802 1970 3855 ὅτι

398 3885 588 3939 κάλλει
621 3888 825 3959 ὡραῖος
853 3890 884 3942 ὁ
922 3893 1059 3964 πρὸς
1092 3893 1239 3964 ἡμᾶς
1281 3893 1681 3962 παραγεγονὼς
1717 3886 1795 3957 ὼς
1831 3911 1976 3950 παν-

399 3978 677 4048 άμωμος⁴
736 3984 833 4037 καὶ
884 3986 1121 4054 νυμφίος
1170 3979 1326 4049 οὗτος
1375 3986 1617 4058 ὡραῖοςο
1668 3989 1764 4041 καὶ
1809 3989 1843 4058 ἡ
1890 4005 1977 4040 νε-

394 4077 753 4147 νυμφευμένη
784 4076 930 4148 αὐτῷ
961 4078 1163 4149 ὡραία,
1201 4082 1234 4149 ὴ
1275 4078 1594 4147 Ἐκκλησία,
1621 4080 1697 4143 ὥς
1722 4079 1971 4144 ἄσπιλος.

2084 3453 2149 3493 ex
2191 3453 2276 3505 eo,
2310 3445 2373 3493 ut
2411 3454 2517 3494 non
2548 3438 2893 3506 moriemini;
2937 3459 2956 3493 ι
2987 3440 3080 3496 sed
3119 3458 3134 3496 :
3167 3460 3185 3493 t
3227 3439 3441 3505 Venite,
3470 3455 3655 3495 contc«

2080 3531 2195 3586 dite
2220 3546 2414 3601 panem
2452 3546 2655 3598 meum,
2690 3546 2890 3602 corpus
2924 3548 3108 3588 meum
3135 3571 3151 3595 ,
3185 3538 3241 3587 et
3269 3532 3439 3587 bibite
3463 3533 3650 3586 vinum

2078 3619 2235 3689 quod
2286 3620 2481 3675 miscui
2549 3620 2721 3686 vobis,
2748 3619 2884 3675 Novi
2923 3620 3258 3675 Testatnenti
3329 3621 3651 3690 sanguinem

2079 3726 2287 3768 meum.
2306 3711 2371 3767 Et
2387 3712 2759 3779 derelinquite
2788 3713 3117 3769 dementiam
3147 3713 3566 3776 incredulitatis,
3599 3722 3653 3766 et

2080 3802 2281 3868 vivite;
2308 3811 2361 3859 et
2383 3802 2615 3873 querite
2645 3804 2990 3871 prudentiam
3027 3803 3266 3871 pietatis,
3299 3818 3386 3858 me
3417 3802 3645 3863 scilicet.

2081 3893 2324 3949 omnium
2352 3893 2723 3962 prudentiam,
2741 3902 2801 3948 ut
2823 3893 2942 3949 sitis
2966 3896 3021 3948 in
3055 3904 3317 3950 aeternum
3343 3894 3644 3961 viventes;-

2086 3994 2142 4040 et
2172 3986 2259 4041 bis
2296 3984 2601 4055 sequentia.
2654 3986 2750 4039 Est
2794 3985 2957 4040 etiam
2998 3985 3305 4055 speciosum
3342 3987 3602 4057 templum
3626 4028 3644 4053 ,

2082 4076 2340 4147 quoniam
2373 4075 2726 4145 aspectabilis
2754 4084 2873 4131 erat
2897 4077 3078 4147 specie
3106 4079 3200 4148 qui
3241 4078 3392 4133 venit
3422 4079 3489 4133 ad
3522 4092 3644 4140 nos,

395 4177 455 4221 ut
500 4167 1015 4241 irrepreltensibilis.
1058 4172 1119 4227 Et
1150 4173 1279 4238 iste,
1325 4189 1561 4243 sponsus
1612 4183 1698 4231 est
1731 4174 2054 4245 speciosus;
2098 4181 2151 4227 et
2185 4171 2283 4241 ipsi
2310 4170 2636 4240 desponsata
2666 4168 2933 4239 speciosa,
2966 4178 3049 4224 est
3082 4170 3347 4237 Ecclesia,
3383 4180 3643 4242 tanquam

395 4260 771 4318 inmaculata.

449 4373 454 4376 '
851 4364 1006 4450 133
1050 4381 1296 4437 κεφΑΔ.
1341 4380 1517 4435 PMA’.

2637 4373 2865 4431 CAPUT
2894 4371 3072 4430 CXLI.

393 4472 557 4524 Διατί
580 4470 652 4526 τὰ
680 4468 804 4534 Ιερά
833 4472 902 4523 ἐν
930 4471 1007 4535 τῷ
1036 4471 1160 4535 νηῷ
1190 4470 1414 4534 πέπλα,
1444 4474 1539 4525 καί
1574 4473 1606 4524 ὁ
1632 4469 1975 4536 πολυτελὴς

2080 4465 2252 4531 Quam
2281 4466 2341 4520 ob
2370 4482 2590 4520 causam
2609 4484 2766 4521 sacra
2798 4468 2904 4521 sint
2936 4468 2987 4520 in
3015 4466 3205 4535 templo
3242 4466 3423 4536 peplo.
3446 4476 3494 4521 et
3522 4483 3639 4533 prc-

659 4541 911 4609 κόσμος,
942 4541 1043 4594 καί
1076 4542 1113 4609 ἡ
1145 4540 1439 4610 διάφορος
1466 4542 1710 4595 εὐωδία.

470 4630 625 4683 Ἀ).λὰ
650 4631 745 4684 καὶ
770 4631 952 4684 πέπλα
978 4632 1132 4701 τίμια
1150 4632 1228 4701 τῷ
1253 4630 1385 4701 ναῷ,
1408 4632 1489 4685 ὅτι
1517 4649 1536 4684 ι
1567 4634 1593 4684 ό
1618 4631 1750 4694 Θεὸς
1776 4631 1973 4699 εὐπρέ-

398 4736 565 4772 πειαν
595 4719 883 4773 ίινεδύσατο
907 4736 922 4751 ·
961 4738 981 4771 ι
1018 4721 1111 4773 καὶ
1143 4721 1223 4784 είς
1251 4721 1419 4774 τύπον
1445 4720 1546 4789 τῆς
1585 4717 1735 4781 Gaia;
1772 4721 1973 4791 ἀρετῆς

389 4829 453 4864 τε
489 4812 582 4864 καὶ
615 4812 796 4880 δόξης.
830 4812 940 4864 Kal
970 4812 1173 4881 κόσμος
1204 4813 1530 4882 πολυτελὴς,
1570 4812 1653 4865 ὅτι
1685 4812 1810 4876 δόξα
1842 4831 1912 4865 πα
1925 4812 1972 4880 ρ’

393 4902 547 4972 αὐτῷ
567 4943 583 4968 ,
617 4904 716 4955 καὶ
747 4903 1016 4973 ὡραιότης
1046 4904 1196 4972 αύτῴ
1229 4906 1323 4957 καὶ
1357 4905 1575 4965 κάλλος.
1609 4905 1721 4957 Kal
1752 4906 1777 4956 ό
1809 4903 1971 4956 πλοῦ-

388 5009 486 5055 τος
520 4993 669 5061 αὐτῷ
706 4993 815 5046 τῶν
852 4995 1191 5065 δωρημάτων
1230 4996 1416 5058 πολύς.
1458 4997 1566 5049 Kal
1608 4996 1830 5059 εὐωδίας
1874 4994 1970 5047 καὶ

395 5081 586 5153 μύρων
619 5083 833 5154 πλήρης
871 5086 903 5138 ό
934 5085 1118 5149 τόπος.
1164 5103 1185 5137 ι
1234 5087 1409 5156 Ὀσμὴ
1451 5086 1562 5156 γάρ
1610 5086 1803 5156 μύρων
1835 5102 1930 5139 σου
1953 5124 1968 5149 ,

392 5175 585 5244 φησιν,
621 5174 764 5244 ὑπὲρ
802 5179 985 5229 πάντα
1015 5176 1083 5229 τά
1126 5176 1417 5246 ἀρώματα.
1457 5178 1567 5230 Kal
1611 5176 1833 5246 σμύρνα
1873 5177 1968 5230 καὶ

392 5266 598 5332 στακτὴ
630 5264 726 5317 καὶ
760 5264 926 5318 κασία
966 5266 1072 5319 άπὸ
1108 5264 1218 5318 τῶν
1254 5267 1488 5339 ἱματίων
1523 5283 1640 5319 σου.
1686 5285 1706 5319 ι
1748 5266 1967 5334 Ὶμὰτια

386 5353 444 5406 δὲ
481 5353 718 5425 Χριστοῦ
753 5355 804 5407 oi
837 5355 959 5408 κατ’
984 5356 1144 5409 αὐτὸν
1179 5356 1399 5421 ζῶντες.
1433 5358 1524 5409 Aab
1559 5360 1656 5411 σὺν
1687 5362 1798 5418 τοῖς
1832 5356 1966 5408 εύὼ-

386 5444 504 5496 δεσι
544 5447 643 5497 καὶ
683 5446 999 5500 πολυτελέσι
1041 5448 1137 5502 καὶ
1181 5447 1360 5517 ψυχὰς
1403 5448 1499 5501 καὶ
1545 5448 1776 5516 σώματα
1823 5446 1964 5514 ἁγνὰ

388 5533 485 5585 καὶ
509 5533 686 5605 εύὼδη
711 5534 885 5607 τούτῳ
912 5538 1216 5605 προσάγειν
1241 5538 1340 5591 δεῖ.
1373 5536 1526 5590 Ἐπεὶ
1557 5536 1650 5589 καὶ
1675 5537 1800 5599 ναὸς
1824 5534 1962 5590 Θεοῦ

389 5626 556 5693 ἡμεῖς
583 5627 898 5698 ἐξαιρέτως,
922 5628 1109 5698 ὥσπερ
1135 5631 1225 5681 καὶ
1250 5628 1458 5691 Παῦλός
1483 5646 1615 5697 φησι
1636 5645 1651 5659 ·
1680 5629 1775 5682 καὶ
1800 5630 1959 5699 σῶμα

388 5715 483 5767 καὶ
515 5716 655 5786 μέλη
682 5717 918 5787 Χριστοῦ
947 5735 959 5749 ·
995 5722 1085 5773 καὶ
1117 5721 1185 5774 δι’
1209 5721 1357 5792 ἡμᾶς
1386 5719 1451 5773 τά
1482 5720 1717 5791 αἰσθητά
1744 5720 1916 5774 ταῦτα
1943 5762 1955 5788 ,

2166 4537 2330 4589 tiosus
2374 4545 2616 4602 ornatus,
2651 4548 2698 4591 et
2730 4536 3005 4605 multiplex
3032 4537 3284 4606 fragrans
3315 4534 3539 4606 sulﬁtus.

2145 4624 2252 4679 Sed
2279 4634 2331 4680 et
2358 4626 2594 4695 pretiosa
2636 4626 2793 4695 pepla
2828 4633 2958 4681 sunt
3003 4625 3058 4680 in
3100 4626 3326 4697 templo,
3362 4628 3631 4695 quoniam.

2084 4736 2103 4771 t
2139 4716 2284 4772 Deus
2318 4716 2572 4771 decorem
2606 4716 2833 4771 indutus
2860 4724 2978 4782 est;
3012 4734 3031 4767 ι
3070 4725 3121 4771 et
3147 4717 3199 4770 in
3228 4723 3415 4786 typum
3446 4716 3650 4773 divinat

2073 4809 2289 4864 virtutis
2308 4817 2363 4863 et
2380 4808 2589 4878 gloria;
2614 4816 3080 4879 sumptuosusqne
3101 4817 3343 4874 ornatus,
3375 4810 3649 4877 quoniam

2072 4898 2210 4968 apud
2235 4898 2382 4953 illum
2403 4897 2592 4969 gloria,
2611 4897 2823 4967 ipsique
2838 4897 3158 4967 speciositas
3173 4905 3224 4952 et
3249 4898 3594 4967 pulchritudo
3619 4918 3635 4964 ;

2070 4999 2124 5044 et
2170 5005 2456 5045 munerum
2519 4988 2722 5043 divitia:
2778 4990 2883 5059 ipsi
2920 4991 3106 5045 multa:
3129 5001 3275 5045 sunt.
3329 4992 3391 5045 Et
3433 4990 3637 5045 olentia

2072 5091 2457 5152 unguentoque
2513 5081 2706 5150 plenus
2757 5088 2840 5136 est
2894 5082 3073 5137 locus.
3163 5101 3182 5135 ι
3228 5082 3636 5152 Unguentornm

2069 5183 2287 5228 tuorum
2319 5172 2497 5227 bonus
2533 5170 2693 5235 odor,
2722 5171 2918 5241 inquit,
2952 5187 3115 5240 snper
3141 5170 3323 5224 omnia
3352 5179 3635 5235 aromata;

2073 5262 2293 5333 myrrha
2328 5270 2381 5317 et
2412 5268 2585 5316 stacte
2613 5268 2669 5315 et
2701 5260 2848 5316 casia
2887 5275 2915 5310 τι
2951 5257 3293 5314 vestimentis
3327 5259 3490 5313 tuis»
3525 5260 3632 5316 Ve-

2069 5356 2322 5412 stimenta
2348 5368 2476 5409 vero
2502 5353 2704 5409 Christi
2739 5360 2868 5408 sunt
2899 5351 2975 5406 illi
3008 5350 3097 5420 qui
3138 5351 3438 5406 secundum
3458 5350 3637 5421 ipsum

2068 5445 2279 5498 vivunt.
2314 5443 2549 5512 Ideoque
2571 5457 2693 5497 cum
2722 5442 2882 5496 bonis
2912 5439 3279 5510 pretiosisque
3310 5438 3636 5495 odoramen-

2070 5536 2162 5601 tis,
2196 5536 2408 5589 animas
2449 5545 2501 5587 et
2537 5546 2763 5604 corpora
2808 5540 2957 5587 casta
3008 5532 3255 5601 beneque
3298 5529 3497 5587 olentia
3545 5529 3613 5584 ad

2067 5630 2243 5697 ipsum
2274 5625 2581 5696 producere
2619 5632 2834 5695 oportet
2866 5642 2880 5679 :
2915 5623 3184 5694 siquidem
3222 5636 3324 5677 nos
3356 5621 3635 5677 excellen-

2066 5728 2148 5776 tcr
2179 5732 2371 5776 sumus
2420 5718 2512 5775 Dei
2564 5717 2863 5788 templum,
2914 5730 3220 5787 corpusque
3268 5728 3331 5771 ac
3385 5713 3629 5770 membra
