4044 6198
412 286 514 352 351
1213 293 1589 364 SYMEONIS
1616 304 1903 366 THESSA
1914 303 2362 369 LONICENSIS
2386 309 2738 374 ARCHIEP.
3536 320 3636 385 352

411 396 658 466 Christi;
686 409 742 455 et
783 401 884 460 ista
933 405 1213 462 sensibilia
1245 420 1470 480 propter
1497 430 1598 471 nos
1630 424 1756 472 sunt
1788 427 1842 472 et
1869 435 1952 474 ηοξ

2074 414 2109 469 ὃ.
2135 416 2198 488 δὴ
2229 421 2322 473 καὶ
2351 421 2616 476 τυποῦσιν
2649 425 2815 493 ἡμᾶς.
2846 425 3044 495 Νοητοὶ
3076 426 3182 495 γὰρ
3213 428 3370 498 ἡμεῖς
3400 429 3514 499 ἅμα
3547 449 3635 484 τε-

414 490 644 559 ﬁgurant
688 509 702 548 :
749 493 1114 564 intelligentes
1163 501 1307 556 enim
1351 514 1666 562 constamus
1712 511 1873 564 simul
1922 527 1950 565 e

2075 507 2275 578 λοῦμεν
2304 513 2400 564 καὶ
2434 490 2707 584 αίσθητοίξ
2739 515 2847 568 Καὶ
2878 490 3034 568 τοιῖτο
3063 490 3282 586 δηλοῦσι
3311 490 3380 570 τὰ
3408 490 3502 572 τοῦ
3537 519 3635 587 βή-

413 581 718 636 sensibilcs.
761 583 820 637 Et
854 585 957 641 hoc
987 589 1302 658 signiﬁcant
1334 609 1456 664 qua:
1487 610 1614 653 sunt
1642 600 1696 653 in
1725 609 1952 657 sanctua

2077 614 2247 666 ματος
2276 602 2370 654 καὶ
2395 601 2465 654 τὰ
2495 581 2713 669 ἔξωθεν,
2742 606 2818 668 ὡς
2847 606 2941 659 καὶ
2969 605 3059 658 τὸν
3091 581 3318 679 έωτῆρα
3351 581 3633 678 sumsi-

413 671 496 722 rio
519 682 571 723 ct
600 682 753 728 extra
781 675 937 742 illud,
968 680 1110 734 sicut
1138 691 1193 736 et
1218 682 1550 743 Salvatorem
1579 701 1848 758 nostrum,
1877 695 1976 747 du-

413 762 560 828 plum
593 779 691 833 pro
722 768 879 823 nobis
918 769 1154 839 factum,
1190 775 1357 829 Deum
1397 794 1592 835 verum
1628 799 1861 854 vereque
1892 788 1972 840 sic

413 865 743 921 manentem,
775 858 1158 932 hominemque
1183 880 1369 921 verum
1402 878 1458 924 et
1487 870 1808 941 perfectum,
1839 878 1968 945 quin

412 939 556 997 Deus
587 960 709 1002 esse
739 954 1061 1008 cessaverit.

963 1044 1186 1104 CAPUT
1217 1049 1421 1107 CXL".
1925 1039 1950 1065 ⁸

742 1133 817 1189 De
849 1140 1032 1206 populi
1070 1141 1120 1194 in
1155 1146 1347 1213 tempto
1382 1148 1631 1204 statione.

480 1218 637 1274 Stant
666 1236 848 1280 autem
880 1229 1042 1284 etiam
1073 1232 1125 1286 in
1152 1236 1350 1305 templo
1369 1242 1666 1295 secundum
1693 1243 1964 1299 ordinem.

407 1308 472 1361 Et
507 1313 681 1378 primo
709 1318 925 1384 quidem
973 1322 1048 1375 illi
1101 1325 1194 1392 qui
1245 1331 1386 1382 sacri
1415 1330 1757 1388 characteris
1793 1335 1964 1391 cﬁ‘ecti

405 1412 532 1454 sunt
571 1408 866 1478 participes
896 1429 909 1465 :
953 1425 1171 1482 prmstat
1199 1420 1344 1473 enim
1396 1430 1456 1475 ut
1491 1422 1588 1478 Dei
1615 1441 1750 1494 opus
1785 1443 1966 1482 sacer-

405 1495 537 1548 dotii
574 1499 836 1564 sigillum.
868 1503 1072 1561 Deinde
1100 1518 1224 1577 post
1258 1512 1393 1567 istos
1423 1517 1696 1583 monachi,
1737 1519 1830 1588 qui
1866 1521 1966 1575 lai-

403 1586 483 1637 cis
515 1588 770 1645 erunibus
803 1599 1236 1664 superemineat,
1261 1609 1519 1674 tanquam
1545 1615 1742 1675 praeter
1771 1625 1960 1666 omnes

403 1680 696 1746 puriﬁcati,
735 1686 1012 1755 vitamque
1064 1691 1350 1750 celsiorem
1407 1713 1470 1753 ac
1523 1703 1802 1758 caelestem
1844 1721 1954 1760 am—

404 1769 627 1835 plcxati,
667 1777 920 1832 castitate
967 1794 1394 1857 paupertateque
1443 1791 1552 1847 sibi
1591 1794 1855 1860 delectis;
1905 1808 1960 1852 et

403 1869 529 1913 ante
558 1863 726 1921 laicos
761 1882 972 1936 omnes,
1008 1874 1266 1947 ipsosque
1300 1881 1351 1934 in
1396 1885 1721 1941 auctoritate
1755 1889 1956 1944 consti-

403 1958 575 2016 tutos,
607 1967 800 2021 prmter
847 1977 1024 2032 regem
1060 1969 1128 2022 ob
1171 1972 1470 2028 secundum
1513 1977 1776 2040 chrisma,
1809 1994 1960 2035 com-

398 2043 714 2100 munionem
748 2053 1090 2122 participant.
1129 2056 1260 2114 Post
1289 2065 1586 2121 monachos
1616 2077 1793 2123 autem
1822 2109 1836 2132 ,
1870 2085 1958 2125 ve-

399 2132 556 2187 niunt
587 2151 652 2191 ex
677 2139 796 2194 aliis
825 2143 876 2196 hi
904 2147 996 2214 qui
1023 2149 1290 2215 puriﬁcati
1319 2165 1468 2217 sunt,
1506 2155 1632 2211 licet
1653 2159 1788 2213 ordo
1815 2176 1958 2215 nunc

401 2236 642 2283 mutatus
677 2233 768 2287 sit.
807 2234 1058 2293 Attamen
1091 2247 1145 2294 et
1174 2257 1389 2297 sursum
1441 2258 1626 2302 manet
1657 2265 1673 2302 :
1702 2266 1827 2304 nam
1862 2255 1954 2320 qui

399 2319 650 2383 puriores
683 2325 804 2380 aliis
830 2339 982 2396 sunt,
1008 2348 1152 2388 nunc
1179 2338 1338 2390 etiam
1374 2337 1711 2406 frequentius
1736 2345 1880 2412 aliis,
1903 2355 1956 2401 et

399 2406 625 2465 ﬁdenter
658 2415 872 2484 loquor,
907 2426 1310 2481 communionis
1342 2438 1471 2485 sunt
1501 2433 1815 2504 participes.

927 2531 1158 2592 CAPUT
1193 2522 1438 2595 cxuu.’

395 2615 619 2680 Quando
649 2619 937 2690 imperator
970 2627 1113 2682 intra
1141 2647 1352 2756 sacr‘iitm
1406 2634 1554 2690 bema
1607 2643 1955 2697 communicat

980 2707 1028 2751 et
1065 2716 1252 2756 anomo
1295 2721 1346 2756 ο.
1469 2725 1474 2732 ·
1590 2753 1601 2756 -

980 2707 1028 2751 et
1065 2707 1346 2766 quomodo.

470 2777 773 2846 Imperator
811 2783 950 2839 intra
1004 2793 1380 2850 sanctuarium
1412 2801 1778 2856 communicat
1801 2806 1955 2871 juxta

396 2875 608 2930 tempus
633 2881 686 2926 et
717 2872 862 2930 istud
889 2875 1062 2934 solum
1093 2885 1371 2942 unctionis
1401 2896 1456 2944 et
1484 2893 1951 2961 proclamationis,

2073 689 2242 742 πλοῦν
2290 691 2554 760 γεγονότα
2598 692 2664 746 δι’
2690 695 2858 763 ἡμᾶς,
2909 694 3040 749 Θεδν
3084 697 3213 752 ὄντα
3263 700 3355 751 καὶ
3403 701 3632 768 μένοντα

2071 781 2309 849 ἀληθῶς,
2339 783 2434 839 καὶ
2463 784 2748 853 ἄνθρωπον
2775 786 3091 857 ὑπάρξαντα
3117 791 3334 861 ἀληθῶς
3364 792 3458 845 καὶ
3484 791 3630 859 ὄντα,

2070 870 2128 924 τὸ
2159 872 2290 936 Θεὸς
2321 869 2458 928 εἶναι
2493 875 2568 944 μὴ
2596 876 2896 946 τραπέντα.

2617 1057 2866 1110 ΚΕΦᾹΛ.
2907 1058 3082 1116 PMB'.

2148 1175 2153 1179 .
2201 1143 2338 1210 Περὶ
2371 1142 2482 1211 τῆς
2513 1144 2582 1197 ἐν
2612 1146 2691 1210 τῷ
2722 1147 2846 1213 ναῷ
2878 1151 3154 1218 στάσεως
3181 1157 3288 1212 τοῦ
3320 1161 3493 1217 λαοῦ.

2139 1231 2417 1288 Ἵστανται
2446 1235 2503 1287 δὲ
2532 1237 2624 1290 καὶ
2653 1239 2794 1292 κατὰ
2820 1241 2971 1306 τάξιν
2997 1243 3053 1295 ὲν
3077 1245 3152 1315 τῷ
3177 1247 3290 1318 ναῷ
3310 1265 3323 1278 ·
3355 1253 3447 1304 καὶ
3479 1254 3624 1324 πρῶ-

2065 1337 2155 1373 τον
2193 1322 2326 1391 μὲν,
2359 1325 2408 1377 oi
2443 1327 2595 1396 ἱερᾶς
2632 1333 3028 1400 μετεσχηκότες
3066 1339 3360 1406 σφραγῖδος
3383 1357 3398 1373 ο
3434 1322 3628 1413 ὑπερέ-

2065 1428 2149 1478 χει
2183 1413 2290 1480 γὰρ
2322 1412 2398 1476 ὡς
2430 1415 2525 1467 τοῦ
2561 1416 2698 1470 Θεοῦ
2735 1418 2896 1487 ἔργον
2930 1423 2962 1491 ἡ
2999 1428 3235 1493 σφραγῖς
3268 1432 3366 1499 τῆς
3406 1412 3631 1502 ἱερωσύ-

2067 1515 2161 1565 νης
2187 1514 2202 1530 ⁶
2237 1497 2354 1555 εἶτα
2390 1505 2528 1572 μετὰ
2563 1506 2786 1572 τούτους
2819 1512 2869 1563 οἱ
2909 1516 3136 1584 μοναχοὶ
3161 1557 3175 1582 ,
3213 1519 3263 1570 οἳ
3299 1521 3394 1573 καὶ
3427 1523 3630 1577 λαῖκᾷν

2067 1589 2283 1644 πάντων
2315 1592 2623 1664 ὲξέχουσιν,
2657 1598 2922 1672 ὡςπαρὰ
2957 1604 3160 1670 πάντας
3190 1612 3593 1683 κεκαθαρμένοι
3613 1660 3628 1680 ,

2063 1684 2275 1752 καὶτῆς
2299 1684 2636 1758 ὑψηλοτέρας
2662 1691 3054 1763 ἐπειλημμένοι
3076 1701 3168 1753 καὶ
3189 1703 3441 1773 οὐρανίου
3464 1708 3627 1776 ζωῆς,

2061 1773 2160 1841 τὴν
2200 1775 2424 1840 ἁγνείαν
2468 1780 2562 1831 καὶ
2608 1783 2882 1852 πτωχείαν
2923 1787 3188 1857 ἑλόμενοι.
3228 1793 3336 1845 Καὶ
3377 1798 3483 1865 πρὸ

2061 1865 2267 1918 λαῖκῶν
2311 1868 2561 1934 πάντων,
2604 1873 2696 1926 καὶ
2741 1875 2922 1932 αὐτῶν
2965 1879 3028 1950 δὴ
3067 1881 3177 1935 τῶν
3218 1885 3277 1937 ἐν
3323 1885 3626 1956 ἐξουσίαις,

2062 1956 2202 2024 πλὴν
2235 1959 2497 2028 βασιλέως
2530 1961 2617 2016 διὰ
2647 1964 2707 2015 τὸ
2735 1965 2988 2039 δεύτερον
3017 1973 3226 2043 χρίσμα
3251 2016 3266 2040 ,
3298 1983 3408 2044 τοῖς
3439 2000 3627 2035 κοινω-

2061 2045 2177 2109 νίας
2221 2048 2528 2117 μετέχουσι.
2565 2051 2720 2104 Μετὰ
2755 2054 2881 2118 τοὺς
2917 2062 3185 2128 μοναχοὺς
3216 2063 3271 2116 δὲ
3305 2067 3356 2117 oi
3389 2067 3498 2119 τῶν
3533 2069 3626 2121 ἄλ·-

2060 2134 2166 2186 λων
2201 2137 2640 2208 κεκαθαρμένοι,
2673 2142 2727 2193 εί
2761 2143 2854 2197 καὶ
2887 2147 2919 2215 ή
2958 2149 3104 2212 τάξις
3139 2152 3263 2220 ἄρτι
3299 2155 3583 2224 ἠλλοίωται
3609 2175 3624 2192 ο

2059 2225 2173 2277 ἀλλ’
2198 2228 2348 2296 ὅμως
2375 2229 2469 2281 καὶ
2499 2230 2663 2284 πάλιν
2693 2235 2869 2300 μένει,
2902 2239 2949 2290 οἱ
2979 2241 3354 2314 καθαρώτεροι
3385 2248 3494 2318 γὰρ
3518 2250 3625 2302 τῶν

2058 2315 2233 2369 ἄλλων
2273 2318 2370 2370 καὶ
2414 2318 2508 2373 νῦν
2557 2325 2942 2395 συνεχέστερον
2983 2329 3088 2383 τῶν
3127 2333 3305 2388 ἄλλων
3350 2315 3625 2409 καὶνμετὰ

2061 2405 2298 2478 θάρρους
2330 2410 2504 2464 εἰπεῖν
2531 2414 2631 2482 τῆς
2663 2419 2949 2481 κοινωνίας
2981 2423 3320 2494 μετέχουσιν.

2608 2527 2858 2584 ΚΕΦᾹΛ.
2900 2532 3076 2588 ΡΜῐν.

2058 2612 2208 2665 Πότε
2245 2615 2279 2667 ὀ
2310 2613 2613 2684 ,βασιλεὺς
2649 2619 2831 2745 ἕνδοῖρ
2868 2626 2973 2703 τρῦ
3005 2627 3280 2699 ,βήματος
3319 2641 3620 2708 κοινωνεῖ,

2703 2707 2778 2744 κα
2835 2709 2981 2745 πωτι.

2703 2707 2801 2745 και
2835 2709 2981 2759 πως.

2139 2776 2199 2828 ὐ
2243 2774 2496 2844 βασιλεὺς
2529 2780 2586 2833 δὲ
2621 2773 2772 2835 ἔνδον
2803 2784 2898 2838 τοῦ
2938 2787 3182 2859 βήματος
3215 2800 3465 2851 κοινωνεῖ
3499 2799 3622 2854 κατ’

2056 2865 2221 2918 αὐτὸν
2247 2869 2342 2920 καὶ
2373 2867 2533 2936 μόνον
2561 2871 2652 2924 τὸν
2681 2875 2871 2940 καιρδν
2897 2876 2998 2945 τῆς
3027 2881 3264 2949 κρίσεως
3294 2887 3387 2938 καὶ
3417 2889 3618 2955 ἀναγο-

393 2971 574 3016 tamen
607 2973 729 3031 post
753 2966 1036 3037 diaconos,
1086 2981 1136 3028 et
1171 2976 1316 3030 sicut
1346 2987 1398 3033 et
1431 2957 1673 3051 antiquis
1705 2985 1952 3054 imagini-

2060 2957 2300 3026 ρεύσεως
2328 2974 2342 2990 ο
2381 2959 2523 3028 πλὴν
2559 2962 2698 3030 μετὰ
2727 2967 2854 3027 τοὺς
2887 2967 3198 3039 διακόνους,
3234 2976 3328 3027 καὶ
3361 2976 3436 3039 ὡς
3471 2981 3616 3047 παρά

392 3052 496 3104 lius
528 3055 884 3122 cognovimus
911 3097 924 3120 ,
963 3076 1071 3116 non
1117 3064 1169 3118 in
1200 3081 1356 3121 sacra
1390 3085 1572 3125 mensa
1598 3113 1613 3136 ,
1655 3074 1747 3128 sed
1778 3076 1956 3144 posito

392 3143 606 3210 oblique
641 3146 955 3202 antiminsio
981 3164 1142 3218 super
1165 3156 1458 3223 quamdam
1479 3143 1805 3218 mensulam.
1841 3165 1958 3221 Ete-

391 3235 504 3285 nim
539 3236 826 3302 poutiﬁces
867 3241 1088 3308 quidem
1124 3246 1278 3314 prius
1309 3259 1362 3303 et
1409 3253 1720 3310 sacerdotes
1761 3265 1814 3310 et
1840 3258 1954 3312 dia-

391 3327 538 3386 coni.
587 3343 651 3380 ex
695 3344 864 3394 more,
899 3332 1175 3389 viviﬁcum
1230 3353 1423 3408 panem
1472 3349 1526 3396 et
1572 3358 1638 3398 ex
1674 3350 1953 3404 consuetis

399 3417 568 3471 sacris
597 3418 862 3476 calicibus
914 3423 1154 3480 divinum
1208 3431 1529 3499 sanguinem
1584 3437 1949 3506 participant;

397 3512 583 3571 postea
616 3522 744 3562 vero
794 3525 887 3566 rex
928 3515 1198 3571 accedens
1242 3520 1646 3577 sanctissimum
1683 3540 1880 3594 panem
1921 3545 1951 3584 a

398 3599 704 3662 patriarcha
745 3604 906 3656 manu
941 3609 1128 3673 sumit,
1153 3609 1302 3664 velut
1329 3612 1576 3682 diaconi;
1603 3624 1656 3670 et
1681 3618 1950 3674 viviﬁeum

391 3692 710 3758 sanguinem
741 3695 808 3749 ab
841 3695 960 3765 ipso
984 3700 1314 3768 patriarcha,
1342 3705 1518 3770 labiis,
1541 3706 1680 3762 sicut
1709 3709 1949 3774 diaconi,

392 3783 676 3852 participat
704 3801 735 3838 e
761 3801 916 3843 sacro
943 3790 1115 3845 calice
1167 3803 1388 3862 propter
1421 3795 1598 3864 ipsum
1631 3810 1844 3868 parato.
1883 3802 1952 3856 Et

395 3873 444 3928 id
481 3875 715 3945 desuper
746 3879 921 3935 fuerat
968 3882 1294 3951 dispositum
1330 3904 1345 3945 :
1379 3888 1543 3943 istum
1574 3891 1837 3947 honorem
1864 3908 1952 3949 ac-

387 3967 530 4034 cepit
559 3969 629 4022 οι)
659 3971 806 4038 regni
845 3971 1084 4028 chrisma
1106 4015 1122 4039 ,
1154 3983 1408 4046 tauquam
1440 3982 1671 4034 maximi
1705 3985 1950 4038 domina-

391 4058 526 4111 toris
555 4058 812 4115 Ecclesiae
843 4072 1047 4119 sanctae
1073 4065 1249 4121 locum
1278 4061 1527 4139 adeptus,
1560 4073 1831 4143 istiusque
1858 4075 1952 4130 dc-

387 4147 571 4203 lcnsor
597 4161 842 4217 vocatus,
869 4163 924 4209 et
951 4165 1202 4226 tanquam
1248 4160 1506 4218 Christus
1544 4164 1800 4229 Domini,
1853 4182 1949 4237 po-

387 4240 609 4309 pulique
629 4243 923 4298 Christiani
961 4256 1013 4300 et
1039 4248 1304 4305 universa:
1333 4260 1490 4306 terrm
1523 4255 1814 4320 imperator
1841 4257 1948 4310 ele-

384 4340 543 4383 ctus:
579 4333 718 4384 velut
749 4335 869 4399 pius
915 4335 1058 4389 enim
1105 4340 1267 4391 etiam
1317 4352 1442 4393 cum
1493 4341 1757 4396 Ecclesia:
1798 4343 1944 4398 clero

390 4433 808 4477 Conmmeratus
835 4433 935 4478 cst.

943 4692 1169 4749 CAPUT
1200 4692 1418 4751 CXLIV.

668 4782 940 4846 Quomodo
965 4788 1328 4852 proclamatur
1358 4789 1661 4854 imperator.

455 4869 705 4941 Ideoque,
734 4874 786 4926 in
823 4876 1194 4941 coronatione,
1238 4878 1409 4944 primo
1436 4878 1650 4945 quidem
1678 4879 1946 4932 acclama-

384 4976 472 5018 tur
498 4981 524 5016 a
553 4965 901 5033 principibus,
945 4966 988 5019 si
1025 4983 1116 5036 per
1144 4970 1487 5022 traditionem
1526 4985 1746 5038 regnum
1773 4986 1942 5024 oecu-

386 5065 499 5122 pat,
526 5055 910 5110 extollentibus
941 5056 1086 5111 illum
1114 5073 1280 5126 super
1303 5060 1590 5114 militarem
1615 5062 1929 5132 clypeumin

381 5158 673 5214 conspectu
719 5147 941 5216 populi;
974 5149 1118 5216 quod
1170 5151 1244 5203 rei
1275 5151 1529 5206 militaris
1564 5153 1854 5221 imperium
1890 5162 1946 5206 ct

383 5251 607 5304 regnum
657 5239 882 5292 indicat.
912 5240 977 5294 Et
1024 5255 1053 5292 ιι
1089 5241 1430 5306 dignioribus
1477 5244 1773 5306 extollitur,
1823 5253 1942 5296 Iau-

381 5341 546 5391 quam
585 5326 828 5393 ipsorum
879 5330 1216 5398 principatus
1258 5341 1314 5386 ct
1364 5343 1528 5400 caput
1578 5336 1776 5386 factus.
1815 5333 1877 5388 Et
1911 5350 1939 5387 a

387 5415 652 5468 militibus
677 5426 733 5470 et
763 5419 957 5486 populo
987 5421 1250 5476 adoratur
1283 5421 1587 5490 fauSIisquc
1611 5424 1944 5484 clamor-ilius

383 5505 669 5574 excipitur,
716 5518 771 5560 ut
804 5509 1042 5576 ipsorum
1075 5512 1384 5566 dominator
1415 5524 1656 5568 creatus.
1705 5517 1766 5568 Et
1801 5517 1940 5569 dona

389 5597 601 5660 tribuit,
639 5607 696 5651 ut
725 5599 980 5654 dominus
1006 5611 1057 5654 et
1094 5599 1408 5657 benefactor
1437 5614 1489 5658 et
1519 5609 1764 5673 provisor
1803 5621 1938 5662 con-

384 5687 630 5743 Stitutus.
665 5689 863 5745 Deinde
896 5693 1040 5745 venit
1073 5695 1126 5747 in
1158 5694 1451 5751 Ecclesium
1476 5738 1489 5761 ,
1537 5698 1830 5753 ostendens
1881 5716 1938 5754 se

2059 3049 2167 3100 τῶν
2192 3050 2437 3104 παλαιῶν
2465 3055 2866 3111 ὑποτυπώσεων
2896 3060 3158 3130 ἔγνωμεν,
3188 3065 3287 3117 οὐκ
3314 3067 3370 3118 ὲν
3395 3071 3460 3137 τῇ
3491 3070 3618 3139 ἁγίᾳ

2057 3143 2326 3214 τραπέζῃ,
2359 3144 2494 3199 ἀλλά
2524 3146 2807 3217 τιθεμένου
2837 3151 2900 3204 ὲκ
2931 3151 3162 3221 πλαγίου
3191 3158 3526 3227 ἀντιμινσίου
3558 3163 3617 3213 ὲν

2057 3234 2409 3306 τραπεζακίῳ
2451 3237 2576 3292 τινί.
2627 3240 2690 3292 Οἱ
2739 3241 2839 3307 μὲν
2880 3243 2992 3315 γὰρ
3037 3246 3313 3315 ἀρχιερεῖς
3361 3253 3620 3320 πρότερον

2057 3325 2148 3377 καὶ
2185 3327 2348 3395 ἱερεῖς
2384 3329 2478 3382 καὶ
2515 3330 2751 3383 διάκονοι
2793 3334 2934 3386 κατὰ
2969 3336 3028 3387 τὺ
3067 3337 3188 3401 ἔθος
3222 3339 3314 3393 τοῦ
3353 3340 3616 3405 ξωοποιοΰ

2055 3417 2221 3486 ἄρτου
2248 3421 2343 3472 καὶ
2368 3420 2431 3471 ὲκ
2456 3421 2563 3472 τῶν
2590 3423 2836 3492 συνήθων
2864 3425 3026 3496 ἱερῶν
3049 3430 3326 3498 ποτηρίων
3352 3433 3445 3484 τοῦ
3472 3432 3616 3486 θείου

2054 3509 2284 3576 αἵματος
2315 3513 2637 3582 μετέχουσι·
2672 3517 2810 3584 μετὰ
2835 3517 3004 3571 ταῦτα
3035 3519 3091 3572 δὲ
3122 3524 3435 3590 προσελθὼν
3462 3528 3490 3577 ὁ
3522 3523 3618 3594 βα-

2056 3596 2253 3663 σιλεὺς,
2284 3602 2373 3655 τὸν
2403 3603 2704 3668 ἁγιώτατον
2732 3607 2897 3676 ἄρτον
2927 3613 2992 3680 τῇ
3026 3613 3170 3681 χειρὶ
3199 3617 3348 3684 παρὰ
3379 3617 3486 3670 τοῦ
3509 3637 3616 3671 πα-

2052 3691 2310 3762 τριάρχου
2336 3692 2603 3762 λαμϐάνει
2629 3697 2703 3758 ὡς
2730 3699 2779 3751 oi
2807 3699 3042 3754 διάκονοι
3064 3719 3077 3731 ·
3112 3709 3206 3759 καὶ
3229 3707 3323 3759 τοῦ
3351 3709 3614 3771 ζωοποιοῦ

2054 3782 2286 3849 αἵματος
2328 3786 2460 3855 παρ’
2491 3787 2656 3840 αὑτοῦ
2699 3787 2792 3840 τοῦ
2837 3793 3186 3861 πατριάρχου
3229 3801 3342 3859 τοῖς
3381 3800 3616 3868 χείλεσιν

2050 3873 2124 3937 ὡς
2155 3877 2206 3928 οί
2235 3877 2472 3932 διάκονοι
2501 3883 2748 3933 κοινωνεῖ
2777 3883 2840 3934 ἐκ
2868 3882 2962 3935 τοῦ
2993 3884 3061 3936 δι’
3083 3885 3251 3940 αὐτὸν
3277 3888 3614 3959 ἡτοιμασμέ-

2051 3983 2142 4018 νου
2171 3967 2315 4037 ίεροῦ
2345 3969 2630 4038 ποτηρίου.
2657 3971 2769 4024 Καὶ
2793 3971 2950 4024 τοῦτο
2975 3968 3041 4043 ἦν
3069 3978 3455 4045 νενομισμένον
3478 3980 3614 4031 ἄνω-

2053 4058 2163 4113 θεν,
2197 4061 2303 4112 Καὶ
2329 4061 2533 4131 ταύτην
2558 4062 2746 4130 εἴληφε
2769 4066 2868 4134 τὴν
2895 4066 3060 4134 τιμὴν
3087 4067 3173 4119 διὰ
3198 4067 3257 4120 τὸ
3285 4069 3489 4136 χρίσμα
3512 4071 3609 4138 τῆς
3670 4083 3674 4086 '

2052 4147 2344 4220 βασιλείας,
2377 4151 2451 4215 ὡς
2489 4153 2580 4207 καὶ
2610 4153 2937 4208 δεσποτάτου
2968 4156 3069 4223 τῆς
3110 4157 3259 4226 ἱερᾶς
3291 4159 3614 4231 Ἐκκλησίας

2052 4240 2212 4294 τόπον
2257 4241 2473 4305 λαϐὼν,
2527 4241 2623 4294 καὶ
2671 4242 2952 4315 δεφὲνσωρ
3001 4246 3207 4317 ταύτης
3255 4251 3610 4319 ἐπικληθεὶς.

2051 4334 2143 4386 καὶ
2172 4333 2246 4394 ὡς
2274 4332 2509 4402 Χριστὸς
2538 4333 2778 4402 Κυρίου,
2810 4336 2906 4388 καὶ
2935 4336 3026 4389 τοῦ
3057 4337 3452 4408 Χριστιυνύμου
3482 4340 3610 4392 λαοῦ

2051 4424 2299 4492 βχσιλεὺς
2331 4425 2768 4493 προχειρισθεὶς,
2802 4428 2895 4478 καὶ
2925 4429 3104 4497 πάσης
3135 4430 3236 4498 τῆς
3264 4432 3609 4499 οἱκουμὲνης.

2057 4516 2146 4575 Ὠς
2181 4514 2288 4583 γὰρ
2327 4513 2587 4584 εὐσεϐὴς,
2625 4517 2719 4568 καὶ
2751 4517 2828 4586 τῷ
2872 4519 3056 4589 κλήρῳ
3100 4520 3478 4591 συνηριθμήοη
3512 4521 3609 4588 τῆς

2061 4605 2407 4676 Ἐκκλησίας.

2597 4699 2845 4754 ΚΕΦΑΛ.
2890 4703 3066 4757 ΡΜΔ’.

2290 4793 2488 4858 ”οπως
2521 4793 2945 4861 ἀναγορεύεται
2982 4796 3013 4847 ό
3038 4795 3364 4861 βασιλεὺς.

2115 4883 2205 4935 Διί)
2233 4883 2326 4936 καὶ
2357 4885 2414 4935 ὲν
2443 4884 2521 4952 τῷ
2551 4884 2840 4951 στέφεσθαι
2873 4887 3136 4957 πρότερον
3167 4886 3264 4956 μὲν
3293 4885 3614 4954 ἀναγορεύε-

2046 4991 2130 5026 ται
2171 4974 2276 5026 ὑπδ
2320 4974 2608 5042 βασιλέων,
2643 4976 2691 5026 εξ
2735 4976 2874 5028 κατὰ
2915 4976 3165 5045 διαδοχὴν
3195 4978 3294 5046 τὴν
3331 4978 3612 5046 βασιλείαν

2045 5066 2286 5127 πλουτεῖ,
2320 5067 2666 5134 ἁνυψούντων
2699 5067 2860 5120 αὑτὸν
2891 5068 2982 5119 ἐπὶ
3015 5070 3412 5137 στρατιωτικῆς
3442 5071 3610 5122 ἀσπί-

2043 5157 2131 5216 δος
2169 5158 2399 5209 ἐνώπιον
2433 5157 2528 5209 τοῦ
2564 5158 2693 5210 λαοῦ
2718 5199 2732 5219 ,
2763 5157 2792 5210 ὃ
2828 5161 2925 5227 τὴν
2961 5161 3295 5227 στρατηγίαν
3329 5160 3482 5227 δηλοῖ
3515 5165 3611 5214 καὶ

2045 5247 2340 5316 βασιλείαν.
2377 5248 2485 5299 Καὶ
2517 5247 2621 5299 ὑπὸ
2653 5248 3039 5316 ἀξιωματικῶν
3072 5251 3290 5318 αἴρεται
3313 5291 3326 5312 ,
3361 5251 3436 5311 ὡς
3467 5252 3610 5319 ἀρχὴ

2042 5338 2250 5390 τούτων
2277 5337 2564 5403 γινόμενος
2601 5336 2760 5407 134
2789 5339 2880 5391 καὶ
2910 5340 3141 5407 κεφαλή.
3173 5341 3280 5392 Καὶ
3313 5342 3418 5393 ὑπὸ
3447 5358 3612 5408 στρα-

2041 5429 2252 5482 τιωτῶν
2281 5430 2376 5482 καὶ
2404 5429 2496 5483 τοῦ
2524 5429 2696 5499 δήμου
2725 5434 3111 5502 προσκυνεῖται
3141 5432 3233 5485 καὶ
3258 5433 3603 5500 εὐφημεῖται,

2042 5521 2115 5583 ὡς
2145 5521 2412 5588 δεσπότης
2443 5522 2622 5575 αὐτῶν
2651 5523 2912 5588 γεγονώς.
2948 5523 3055 5574 Καὶ
3085 5523 3240 5590 δῶρα
3259 5523 3502 5586 δίδωσιν,
3534 5522 3608 5583 ὡς

2047 5609 2230 5678 κύριος
2259 5609 2350 5660 καὶ
2376 5610 2671 5678 εὐεργέτης
2696 5612 2790 5664 καὶ
2814 5612 3120 5682 προνοητὴς
3147 5613 3446 5672 καταστάς.
3478 5607 3605 5663 Εἶτα

2050 5702 2126 5761 εἰς
2161 5699 2258 5765 τὴν
2297 5699 2626 5768 Ἐκκλησίαν
2661 5702 2944 5764 εἰσελθὼν,
2982 5702 3194 5762 δεικνὺς
3231 5701 3328 5769 τὴν
3363 5704 3438 5764 είς
3475 5700 3605 5753 Θεδν
