4044 6198
392 294 497 355 355

898 400 1125 454 CAPUT
1160 399 1432 454 (iXLVLll.

386 496 537 561 Quod
570 496 691 546 «tlim
720 510 892 558 preces
923 497 973 544 in
1016 492 1254 545 Ecclesia
1283 493 1444 546 etiam
1495 507 1589 561 pro
1643 490 1950 559 proceribus

505 577 551 617 et
581 565 700 616 viris
733 564 785 615 in
816 564 1071 630 dignitate
1098 564 1392 616 constitutis
1417 562 1825 632 peragebantur.

456 655 568 707 iloc
601 654 764 706 etiam
802 668 936 707 sane
992 662 1113 721 post
1160 654 1292 723 imp.
1341 670 1467 723 erga
1501 661 1729 707 cancros
1777 652 1835 706 in
1868 651 1956 705 ἀίε-

387 747 589 815 gnitate
640 745 969 798 constitutos
1027 745 1378 800 ciiiciebatur.
1417 744 1627 798 Etenim
1691 751 1816 813 post
1841 743 1953 813 eje-

387 841 629 892 ctionem
685 839 999 906 rrgiumque
1053 838 1498 905 propositionem,
1553 836 1604 889 in
1661 836 1952 891 ecclesiam

388 930 831 994 adducebantur,
865 936 917 981 et
952 943 1047 995 pro
1075 929 1247 981 sacris
1272 923 1478 997 januis,
1516 942 1680 996 super
1714 941 1955 980 mensam

389 1018 706 1071 antiminsio
735 1018 931 1086 posito,
989 1030 1108 1085 qum
1137 1025 1268 1070 sunt
1295 1016 1565 1068 orationis
1594 1025 1756 1082 atque
1796 1015 1960 1067 benc-

388 1107 645 1161 dirtionis
677 1121 705 1159 a
739 1106 1043 1174 patriarcha
1077 1106 1297 1159 ﬁebant.
1335 1103 1400 1157 Et
1430 1104 1551 1157 ideo
1595 1110 1722 1168 puto
1747 1101 1955 1170 negotia

391 1198 591 1249 ducum
626 1196 839 1249 illorum
876 1194 1049 1250 fuisse
1079 1207 1359 1263 prospera,
1387 1206 1496 1262 quo
1537 1191 1799 1246 Ecclesiae
1824 1190 1957 1245 sub-

393 1285 765 1348 mitterentur,
791 1291 843 1335 ct
870 1298 1059 1337 sacras
1092 1282 1348 1338 Ecclesia:
1389 1297 1577 1351 preces
1623 1280 1956 1349 acciperent.

392 1372 503 1427 Rex
535 1388 660 1427 vero
688 1374 972 1443 postquam
999 1382 1192 1427 unctus
1210 1380 1296 1426 est
1321 1380 1373 1426 et
1405 1370 1675 1441 pontificis
1697 1371 1765 1423 de
1792 1384 1957 1423 manu

394 1466 831 1519 benedictionem
863 1463 1099 1533 accepit,
1137 1461 1369 1517 assumit
1400 1477 1564 1531 super
1604 1466 1771 1529 caput
1803 1473 1959 1514 coro-

1171 287 1546 349 SYMEONIS
1579 283 2329 347 'l'llESSAl.0NlCENS!S
2368 282 2719 348 ARCHIEP.

1986 412 2027 464 Α

3509 283 3609 352 ,ηδ

2606 398 2853 453 ΚΕΦΔΛ.
2894 398 3077 452 PMH’.

2058 490 2187 545 "Ott
2218 490 2316 545 καί
2347 491 2445 545 ἐπὶ
2474 482 2884 555 ἀξιωματικῶν
2911 488 3062 558 εὐχὴ
3096 490 3214 545 ὑπὸ
3242 484 3353 558 τῆς
3383 493 3625 561 Ἐκκληο

2530 562 2672 627 σίας
2702 562 2845 629 πρὶν
2874 561 3155 615 ἐτελεῖτο.

2133 653 2199 707 Ὅ
2228 653 2295 723 δὴ
2324 654 2421 707 καὶ
2452 651 2593 725 μετὰ
2617 652 2745 715 τοῦς
2776 651 3019 721 βασιλεῖς
3046 650 3142 707 καὶ
3169 653 3252 717 εις
3273 654 3403 717 τούς
3422 654 3627 720 ’ἀλλους

2055 742 2165 797 τῶν
2202 742 2595 814 ἀξιωματικῶν
2628 743 2883 797 ἐτελεῖτο.
2919 744 3075 798 Μετά
3114 743 3223 814 γὰρ
3257 743 3359 813 τὴν
3395 747 3628 817 ἐκλογὴν

2057 834 2154 887 καὶ
2177 834 2275 903 τὴν
2301 831 2585 904 βασιλικὴν
2613 830 2916 903 πρόϐλησιν
2942 835 3285 905 προσήγοντο
3309 839 3375 907 τῇ
3403 838 3625 907 Ἐκκλη-

2060 926 2152 995 σίᾳ
2175 964 2189 988 ,
2221 928 2318 979 καὶ
2353 926 2459 997 πρὸ
2489 925 2596 978 τῶν
2627 925 2804 993 ἁγίων
2835 924 3016 995 θυρῶν
3046 927 3140 979 ἐπὶ
3171 928 3450 998 τραπέζης
3481 930 3629 983 ἀντι·
3671 922 3678 929 ’

2062 1014 2275 1083 μινσίου
2307 1014 2615 1085 τιθεμένου,
2646 1015 2716 1070 τὰ
2741 1016 2841 1086 τῆς
2873 1016 3041 1086 εὐχῆς
3068 1016 3162 1070 καὶ
3190 1014 3447 1086 εὐλογίας
3476 1020 3627 1090 παρά

2059 1102 2153 1160 τοῦ
2185 1108 2527 1177 πατριάρχου
2566 1107 2722 1178 135
2755 1107 2987 1177 ἐγίνετο.
3018 1110 3128 1161 Καὶ
3157 1108 3246 1162 διὰ
3275 1109 3438 1163 τοῦτο
3469 1106 3629 1179 οἴμαι

2057 1199 2128 1252 τὰ
2153 1198 2262 1251 τῶν
2291 1199 2569 1268 ἀρχόντων
2599 1197 2825 1253 ἐκείνων
2856 1193 3195 1263 εὐοδοῦσθαι,
3222 1201 3310 1253 διὰ
3337 1201 3399 1256 τὸ
3429 1201 3631 1255 ὐποκύδ

2061 1303 2218 1340 πτειν
2241 1290 2308 1358 τῇ
2338 1287 2660 1358 Ἐκκλησία,
2687 1288 2781 1341 καὶ
2806 1290 2906 1352 τὰς
2936 1288 3088 1359 ίερὰς
3116 1286 3416 1359 λαμϐάνειν
3442 1287 3626 1359 εὐχάς.

2073 1371 2132 1429 Ὀ
2159 1376 2216 1430 δέ
2243 1390 2307 1444 γε
2341 1377 2594 1447 βασιλεὺς
2624 1379 2763 1445 μετά
2788 1379 2847 1432 τὸ
2876 1378 3167 1448 χρισθῆναί
3190 1395 3245 1432 τε
3277 1378 3374 1432 καὶ
3404 1379 3629 1449 εὐλογηο

2062 1466 2220 1536 θῆναι
2250 1468 2611 1539 ἀρχιερατικῇ
2641 1469 2817 1539 χειρὶ,
2849 1468 2947 1523 καὶ
2976 1470 3036 1522 τὸ
3068 1468 3291 1540 στέμμα
3317 1470 3507 1523 λαϐεῖν
3535 1470 3629 1523 ἐπὶ

394 1574 515 1611 nam
546 1575 559 1624 ;
589 1570 641 1611 et
694 1572 936 1622 crucem,
962 1557 1015 1611 in
1044 1556 1256 1624 signum
1284 1554 1527 1625 pietatis;
1554 1562 1606 1610 et
1642 1554 1956 1619 candorem,

2068 1556 2326 1627 κεφαλῆς,
2355 1558 2451 1611 καὶ
2480 1559 2571 1611 τὸν
2602 1554 2845 1630 σταυρὸν
2867 1560 2947 1621 είς
2973 1559 3171 1630 δεῖγμα
3196 1561 3296 1630 τῆς
3322 1560 3627 1624 εὐσεϐείας,

392 1650 484 1719 qui
520 1650 692 1716 pulvis
723 1658 805 1703 est
838 1649 892 1703 in
926 1648 1222 1719 mandylio,
1277 1646 1561 1717 potestatis
1585 1646 1957 1716 corruptibili-

2062 1650 2156 1701 καὶ
2183 1650 2283 1717 τὴν
2312 1650 2570 1711 ἀκακίαν.
2600 1651 2738 1720 ὅπερ
2767 1649 2897 1720 χοῦς
2922 1651 3071 1705 εστιν
3102 1652 3160 1705 ἐν
3192 1652 3489 1721 μανδυλίῳ,
3528 1669 3630 1720 σηο

395 1752 557 1795 tutem
598 1751 650 1794 ct
698 1742 893 1797 exinde
950 1741 1314 1795 humilitatem
1385 1740 1738 1809 signiticans;
1799 1747 1851 1792 et
1887 1738 1955 1793 ab

2068 1744 2253 1810 μαῖνον
2277 1742 2337 1795 τὸ
2369 1742 2609 1812 φθαρτὸν
2633 1743 2734 1813 τῆς
2759 1742 2957 1813 ἀρχῆς,
2984 1742 3081 1796 καὶ
3104 1742 3202 1813 τὴν
3223 1745 3288 1796 ἐκ
3315 1742 3506 1796 τούτου
3533 1758 3631 1796 τα-

392 1833 647 1887 ntnnibus
682 1832 1074 1887 acclamatione
1102 1830 1280 1886 iattsta
1310 1830 1567 1900 dignatus
1593 1829 1817 1885 recedit.

930 1997 1157 2059 CAPUT
1194 1998 1428 2055 CXLIX.

392 2094 534 2161 Quid
565 2091 827 2165 signiﬁcet
867 2095 1004 2163 quod
1024 2109 1118 2159 pro
1154 2109 1306 2165 sacro
1334 2092 1498 2161 pallio
1538 2107 1701 2165 super
1728 2094 1955 2158 impera.

464 2163 626 2217 torius
665 2178 827 2218 vestes
859 2166 1145 2231 imperator
1175 2164 1372 2228 induit,
1419 2172 1469 2216 et
1516 2164 1644 2231 quid
1684 2163 1872 2215 innuat
1898 2177 1960 2215 ex

463 2236 561 2287 levi
592 2236 728 2304 ligno
755 2244 1041 2298 sceptrum.

468 2324 644 2390 Super
672 2324 873 2391 regalia
899 2323 1222 2377 vestimenta
1249 2336 1465 2377 sacrum
1487 2323 1648 2376 etiam
1674 2322 1964 2376 indumen-

395 2424 509 2468 tum
539 2412 995 2476 circumducitur,
1014 2414 1158 2479 quod
1180 2421 1264 2466 est
1283 2412 1464 2481 magni
1482 2412 1865 2475 dominatoris,
1889 2411 1963 2465 si-

394 2504 665 2573 gniﬁcans
700 2502 1130 2557 moderationem
1158 2514 1210 2557 et
1231 2503 1685 2568 benevolentiam,
1709 2518 1869 2572 quam
1908 2504 1961 2558 in

396 2593 695 2648 Ecclesiam
722 2604 981 2659 praestare
996 2593 1182 2657 debet,
1209 2602 1262 2647 et
1290 2609 1499 2661 pacem.
1534 2592 1712 2649 Sumit
1744 2608 1965 2664 quoque

392 2698 626 2754 Vtrgam,
656 2699 765 2737 non
794 2683 1089 2752 quamdam
1117 2697 1334 2751 gravem
1382 2699 1447 2737 ac
1493 2684 1712 2749 duram,
1758 2682 1851 2737 sed
1886 2684 1966 2737 le-

394 2789 513 2855 uem
549 2790 613 2829 ac
650 2775 890 2841 dulcem,
942 2775 1009 2828 ad
1044 2775 1426 2845 corrigendum
1463 2775 1517 2829 in
1577 2774 1822 2841 lenitate,
1857 2790 1963 2829 non

396 2876 576 2919 autem
632 2863 699 2919 ad
746 2866 1094 2920 irascendum
1124 2878 1181 2920 et
1240 2864 1628 2921 destruendum
1663 2904 1678 2929 ,
1743 2877 1843 2918 nec
1895 2864 1964 2918 ad

394 2956 789 3013 conterendqu
820 2968 876 3013 et
902 2955 1216 3012 delendum.

989 3044 1217 3102 CAPUT
1256 3044 1365 3101 CL.

400 3137 564 3205 Quid,
600 3140 737 3207 quod
789 3138 841 3193 in
872 3138 1073 3193 Sancta
1114 3141 1403 3207 imperator
1452 3156 1615 3194 novus
1646 3138 1961 3208 ingreditur.

472 3229 537 3283 Et
588 3232 662 3284 ita
720 3230 1063 3306 progreditur
1092 3240 1219 3286 ante
1250 3240 1469 3287 sanctos
1508 3242 1795 3301 martyres,
1831 3243 1967 3300 quo-

399 3323 544 3376 niam
586 3324 719 3377 bene
751 3338 935 3393 regere
969 3323 1128 3378 debet
1157 3333 1211 3379 et
1238 3325 1525 3393 pacilicare
1554 3322 1879 3386 Ecclesiam,
1904 3330 1959 3374 et

400 3423 525 3469 ante
552 3414 697 3468 illam
758 3416 1031 3485 progredi,
1086 3426 1141 3471 et
1209 3417 1347 3471 bene
1408 3414 1677 3469 moderari
1706 3414 1876 3477 illam,
1907 3420 1963 3466 et

399 3505 743 3560 turbulentos
770 3507 1047 3575 persequi,
1087 3519 1392 3577 cogereque
1432 3518 1620 3559 omnes
1655 3502 1733 3558 illi
1763 3501 1961 3572 subjici

394 3604 450 3649 et
509 3612 630 3652 esse
665 3612 871 3653 servos.
908 3596 1043 3651 Nam
1093 3607 1147 3653 et
1183 3600 1300 3668 ipse
1322 3597 1641 3654 servitutem
1686 3602 1743 3652 et
1797 3594 1957 3650 ﬁdem

397 3688 472 3741 illi
511 3689 797 3756 promittit,
839 3703 946 3743 non
978 3678 1154 3743 tectus
1186 3696 1314 3742 ante
1362 3686 1639 3742 tremenda
1682 3686 1961 3757 mysteria,

397 3778 774 3846 progrediens,
830 3776 1310 3846 obedientiamque
1348 3786 1608 3846 tanquam
1658 3776 1851 3837 matri,
1884 3773 1959 3827 illi

400 3876 701 3935 pra-stans;
758 3868 1053 3939 pollicetur.
1078 3868 1242 3923 etiam
1307 3868 1452 3937 quod
1513 3870 1617 3923 erit
1675 3882 1773 3935 per
1821 3867 1961 3919 viam

398 3974 651 4022 currens,
682 3976 800 4029 qua:
850 3959 1152 4016 secundum
1204 3961 1372 4015 Deum
1400 3970 1504 4025 est,
1538 3968 1741 4015 rectam
1770 3966 1824 4013 et
1854 3974 1963 4014 non

396 4050 707 4115 erraticum,
739 4051 803 4104 ad
856 4066 1079 4121 regnum
1127 4052 1391 4106 caelorum
1447 4050 1757 4104 ducentem.
1808 4049 1964 4103 Post-

397 4156 556 4208 quam
582 4142 727 4196 cnitn
759 4143 1018 4212 templum
1078 4142 1435 4212 percucurrit,
1467 4142 1520 4195 in
1585 4142 1800 4211 signum
1842 4142 1965 4194 vita:

398 4249 521 4302 quae
552 4249 696 4288 nunc
719 4244 826 4299 cst,
869 4236 933 4288 ad
966 4245 1150 4303 portas
1180 4234 1368 4288 altaris
1394 4231 1673 4297 consistit,
1711 4230 1803 4286 ubi
1832 4243 1964 4286 sane

399 4336 507 4379 stat
534 4340 701 4394 prope
738 4325 1053 4379 sacerdotes
1082 4338 1180 4393 pro
1222 4326 1340 4391 ipso
1371 4324 1752 4391 deprecantes,
1786 4328 1843 4375 ut
1875 4336 1963 4376 rc-

1990 3055 2037 3119 C

2061 1834 2321 1887 πείνωσιν
2341 1875 2357 1902 ,
2390 1837 2487 1889 καὶ
2518 1835 2669 1905 παρὰ
2702 1837 2920 1891 πάντων
2950 1836 3050 1904 τῆς
3085 1836 3363 1906 εὐφημίας
3396 1834 3631 1905 ἀξιωθῆ-

2064 1942 2151 1979 ναι
2181 1926 2276 1979 καὶ
2307 1924 2614 1983 κατελθεῖν.

2601 2020 2853 2077 ΚΕΦΑΛ.
2904 2018 3085 2076 ΡΜΘ’.

2070 2103 2129 2161 Tt
2154 2107 2222 2160 τὸ
2260 2107 2340 2174 ὡς
2364 2110 2637 2177 μανδύας
2659 2110 2839 2178 ἱερὸν,
2866 2104 2899 2163 ὃ
2927 2106 3128 2163 ἐπάνω
3154 2109 3274 2164 τῶν
3286 2107 3632 2174 ,βασιλικῶν

2134 2178 2485 2246 ἐνδυμάτων
2508 2181 2797 2247 λαμϐάνει
2827 2180 2860 2233 ὁ
2881 2180 3184 2246 ,βασιλεὺς
3203 2195 3218 2211 ’
3249 2180 3351 2234 καί
3374 2178 3432 2233 τι
3451 2178 3491 2245 ἠ
3512 2180 3631 2232 ἀπὸ

2134 2248 2366 2327 κούφου
2400 2249 2591 2311 ξύλου
2612 2248 2861 2317 ῥάϐδος.

2147 2336 2365 2390 Ἐπάνω
2420 2336 2530 2391 τῶν
2583 2337 2874 2408 βασιλείων
2917 2337 3013 2392 καὶ
3042 2339 3186 2409 ίερδν
3220 2339 3425 2410 ἔνδυμα
3473 2359 3630 2410 περι-

2069 2430 2346 2496 ϐάλλεται,
2377 2431 2405 2484 δ
2432 2432 2765 2489 δεσποτάτου
2794 2434 2930 2501 ἐστὶ,
2963 2433 3063 2505 τὴν
3094 2435 3349 2500 εὐταξίαν
3374 2440 3633 2506 σημαῖνον

2066 2522 2161 2574 καὶ
2184 2522 2281 2593 τὴν
2314 2522 2620 2588 εὐλάϐειαν,
2650 2525 2716 2595 ἢν
2757 2525 2963 2594 ὀφείλει
3008 2530 3075 2598 τῇ
3120 2520 3417 2599 Ἐκκλησία
3462 2533 3633 2582 ποιεῖν

2065 2612 2161 2663 καὶ
2194 2610 2294 2681 τὴν
2322 2613 2565 2680 εἰρήνην.
2617 2614 2727 2669 Καὶ
2758 2614 2838 2667 ἔτι
2874 2613 3066 2681 ῥάϐδον
3110 2616 3400 2686 λαμϐάνει,
3428 2619 3490 2671 οὐ
3540 2619 3633 2688 βας

2068 2702 2217 2770 ρεῐάν
2249 2718 2370 2756 τινα
2410 2704 2503 2756 καὶ
2538 2704 2801 2773 σκληρὰν,
2837 2706 2954 2759 ἀλλ’
3006 2707 3254 2779 ἐλαφράν
3287 2722 3348 2761 τε
3406 2710 3498 2761 καὶ
3534 2727 3637 2780 μα-

2066 2788 2255 2862 λακὴν,
2284 2792 2373 2846 διὰ
2408 2793 2469 2846 τδ
2512 2794 2858 2849 παιδευτικὸν
2891 2796 2947 2850 ἒν
3004 2798 3268 2869 πραότητι
3304 2799 3505 2870 καὶμὴ
3538 2802 3631 2870 ὀρ-

2068 2882 2219 2950 γίλον
2266 2884 2360 2937 καὶ
2408 2882 2727 2955 φθαρτικὸν,
2780 2886 2915 2957 μηδὲ
2968 2886 3257 2956 συντρίϐον
3305 2890 3398 2942 καὶ
3442 2891 3633 2960 ἀφανί-

2070 2971 2180 3036 ζον.

2633 3066 2885 3121 ΚΕΦΔΛ.
2944 3068 3072 3123 PN'.

2178 3156 2241 3212 Τί
2262 3160 2327 3211 τὸ
2350 3158 2682 3213 εὶσοδεύειν
2704 3162 2793 3226 είς
2820 3162 2892 3214 τὰ
2927 3162 3091 3229 Ἅγιοι
3113 3162 3220 3215 τὸν
3238 3164 3528 3227 βασιλέα.

2142 3248 2251 3302 Καὶ
2296 3248 2405 3304 τῶν
2441 3248 2613 3317 ἁγίων
2659 3244 2802 3304 οὕτω
2844 3247 3269 3320 προπορεύεται,
3320 3256 3633 3326 μαρτυρῶν,

2068 3338 2145 3402 ὡς
2166 3339 2449 3392 εὐτακτεῖν
2472 3339 2676 3406 ὀφείλει
2709 3347 2803 3394 και
2827 3340 3132 3411 είρηνεύειν
3153 3344 3252 3412 τὴν
3286 3344 3633 3415 Ἐκκλησίαν.

2072 3430 2166 3483 καὶ
2197 3430 2631 3502 προπορεύεσθαι
2680 3430 2884 3502 ταύτης
2922 3432 3017 3486 καὶ
3060 3432 3413 3488 κατευθύνειν
3446 3435 3637 3507 αὐτὴν,

2070 3521 2325 3585 καὶτοὺς
2371 3522 2707 3594 ταραχώδεις
2752 3522 2993 3591 διώκειν,
3031 3525 3123 3578 καὶ
3170 3524 3380 3591 πάντας
3434 3527 3641 3581 ὑποκύ-

2074 3624 2228 3664 πτειν
2261 3600 2399 3683 αὐτῇ
2435 3614 2609 3666 ποιεῖν
2635 3613 2730 3666 καὶ
2755 3612 2973 3678 δούλους
3010 3611 3174 3670 εἶναι.
3214 3615 3371 3669 Ἐπεὶ
3411 3616 3507 3670 καὶ
3539 3617 3634 3671 αὐ-

2068 3702 2159 3764 τὸς
2183 3703 2427 3757 δουλείαν
2457 3705 2594 3775 αὐτῇ
2625 3706 2895 3777 μαρτυρεί
2934 3706 3028 3759 καὶ
3058 3705 3262 3772 πίστιν,
3294 3708 3541 3776 ἀσκεπῆς
3565 3706 3641 3762 ὢν

2068 3792 2179 3845 τῶν
2205 3792 2450 3865 φρικτῶν
2483 3794 2801 3866 μυστηρίων
2838 3796 3338 3867 προπορευόμενος,
3370 3797 3466 3851 καὶ
3495 3798 3641 3851 ὐπα-

2070 3884 2201 3954 κοὴν
2232 3884 2508 3956 μητρικὴν
2539 3885 2683 3954 αὐτῇ
2722 3885 3071 3956 ἐξυπηρετῶν
3091 3898 3107 3917 ο
3139 3886 3233 3941 καὶ
3252 3887 3332 3941 ὅτι
3373 3888 3471 3957 τὴν
3502 3890 3643 3943 κατὰ

2069 3976 2203 4029 Θεὸν
2252 3976 2373 4029 ὁδὸν
2413 3977 2565 4030 ἔσται
2619 3978 2849 4047 τρέχων,
2895 3976 2990 4030 καὶ
3049 3977 3146 4048 τὴν
3181 3977 3399 4032 εὐθεῖαν
3447 3982 3543 4035 καὶ
3578 3982 3637 4034 ἀ-

2070 4067 2270 4137 πλανῆ,
2297 4070 2377 4131 είς
2399 4068 2498 4140 τὴν
2526 4067 2805 4137 βασιλείαν
2830 4068 2936 4122 τῶν
2963 4068 3212 4139 οὐρανῶν
3239 4070 3502 4139 ἄγουσαν.
3532 4072 3641 4123 Καὶ

2076 4160 2180 4230 γὰρ
2208 4160 2564 4231 περιδραμὼν
2596 4161 2687 4216 τὸν
2712 4162 2861 4225 ναὸν,
2884 4161 2983 4233 τὴν
3012 4161 3244 4215 ἐνταῦθα
3270 4162 3445 4232 δηλῶν
3472 4163 3637 4234 ζωὴν,

2073 4255 2152 4315 είς
2186 4252 2285 4315 τὰς
2317 4251 2492 4315 πύλας
2533 4252 2625 4306 τοῦ
2659 4254 3048 4324 θυσιαστηρίου
3099 4252 3444 4309 καθίσταται.
3474 4256 3641 4309 Ἔνθα

2073 4343 2139 4413 δὴ
2170 4345 2265 4397 καὶ
2298 4342 2528 4413 πλησίον
2559 4344 2770 4399 ἵσταται
2794 4344 2901 4399 τῶν
2931 4344 3122 4413 ίερίων
3163 4344 3473 4414 εὐχομένων
3505 4345 3639 4413 ὑπὲρ

400 4431 566 4486 gnum
601 4413 806 4468 Christi
838 4413 1106 4468 obtineat.
1148 4414 1314 4467 Paulo
1343 4421 1468 4483 post
1532 4420 1713 4467 autem
1742 4414 1845 4467 hoc
1888 4428 1972 4468 re-

2076 4410 2265 4496 αὐιοῦ,
2295 4410 2478 4502 τυχεῖν
2505 4434 2605 4501 τῆς
2636 4434 2914 4504 βασιλείας
2960 4410 3420 4504 ὶίριστοῦ.”Μετά
3450 4410 3642 4502 μικρὸν

403 4522 570 4575 gnum
602 4508 776 4575 ipsum
811 4507 975 4562 etiam
1009 4505 1062 4560 in
1096 4506 1321 4576 pignore
1348 4506 1533 4562 sumit.

973 4687 1053 4742 CA
1067 4686 1200 4744 PUT
1237 4686 1368 4741 CLI.

439 4776 590 4841 Quod
621 4778 673 4831 in
712 4779 857 4833 bema
885 4780 986 4833 sive
1018 4780 1073 4833 iu
1122 4790 1310 4861 sancta
1354 4780 1615 4849 ingressus
1645 4778 1931 4847 imperator

992 4859 1378 4904 communicat.

477 4938 687 4994 Etenim
716 4950 841 5011 post
870 4942 1013 4996 sacri
1049 4942 1500 5007 celebrationem,
1528 4941 1595 4995 ad
1629 4941 1802 4995 altare
1828 4938 1971 4995 sicut

405 5029 471 5083 ad
504 5030 699 5084 caelum
751 5046 845 5086 res
900 5031 1201 5102 ingressus,
1265 5032 1442 5102 ipsum
1474 5030 1701 5085 caeleste
1741 5042 1969 5099 regnum

404 5120 587 5177 Jesum
643 5123 945 5190 Christum,
998 5124 1165 5181 Deum
1224 5135 1494 5190 nostrum,
1538 5122 1865 5192 participat;
1915 5128 1969 5173 et

410 5216 584 5283 reipsa
618 5225 976 5272 consecratur
1026 5233 1118 5271 rex
1146 5231 1301 5270 sacra
1358 5215 1770 5278 communione,
1801 5222 1859 5267 ut
1890 5213 1969 5265 ait

408 5308 564 5361 divus
596 5307 928 5380 Dionysius;
979 5310 1240 5378 quoniam
1285 5323 1381 5378 per
1406 5308 1581 5377 ipsum
1612 5308 1797 5362 omnia
1836 5320 1969 5360 con-

410 5408 714 5455 secrantur.
761 5401 884 5457 Haec
914 5404 1014 5458 etsi
1046 5410 1173 5458 sunt
1201 5409 1355 5455 extra
1410 5398 1744 5469 subjectum,
1796 5400 1966 5468 siqui-

409 5488 532 5543 dem
563 5491 631 5545 de
658 5493 856 5561 templo
880 5502 964 5547 est
992 5508 1198 5561 sermo,
1251 5502 1379 5549 sunt
1409 5503 1591 5548 tamen
1626 5506 1969 5560 consequen-

409 5581 481 5633 tia
516 5597 532 5633 :
563 5596 686 5636 nam
723 5598 927 5647 sermo,
972 5585 1063 5655 qui
1097 5585 1164 5639 de
1199 5586 1472 5642 stantibus
1505 5584 1561 5639 in
1597 5584 1795 5655 templo
1827 5595 1965 5651 erat,

409 5671 476 5725 ad
505 5672 606 5728 hoc
629 5688 730 5731 nos
752 5677 1061 5733 necessario
1089 5676 1264 5733 duxit.

2076 4524 2132 4576 δὲ
2170 4526 2263 4579 καὶ
2294 4524 2393 4596 τὴν
2439 4526 2719 4595 βασιλείαν
2766 4526 2938 4597 αὐτὴν
2985 4527 3044 4579 ὲν
3103 4525 3383 4599 ἀρραϐῶνι
3430 4525 3637 4596 λαμϐἀ·

2078 4632 2178 4667 νει.

2622 4703 2874 4761 ΚΕΦΑΛ.
2922 4704 3098 4760 PNA'.

2167 4798 2298 4851 Ὅτι
2326 4800 2414 4863 είς
2441 4796 2506 4851 τὸ
2533 4795 2704 4866 ,βῆμα
2732 4801 2765 4851 ό
2786 4796 3091 4880 βασιζεὺς
3118 4799 3547 4869 εἰσερχόμενος

2707 4884 3005 4923 κοινωνει.

2148 4956 2300 5009 Μετὰ
2328 4954 2437 5026 γὰρ
2476 4956 2576 5027 τὴν
2632 4956 2968 5026 ίερουργίαν,
3007 4959 3089 5022 είς
3140 4957 3201 5013 τὸ
3257 4959 3645 5029 θυσιαστήριον

2077 5045 2332 5099 εἰσελθὼν
2359 5045 2433 5109 ὡς
2466 5047 2545 5109 είς
2578 5045 2823 5117 οὐρανὸν,
2861 5048 3032 5115 αὐτῆς
3081 5049 3298 5117 μετέχει
3348 5048 3447 5118 τῆς
3478 5050 3646 5117 οὐρα-

2077 5136 2189 5191 νίου
2218 5137 2494 5207 βασιλείας
2541 5134 2719 5207 Ἰησοῦ
2755 5139 2991 5208 Χριστοῦ
3028 5140 3122 5193 τοῦ
3146 5140 3282 5193 Θεοῦ
3329 5140 3507 5209 ἡμῶν.
3534 5141 3647 5193 Καὶ

2076 5228 2377 5281 τελειοῦται
2420 5228 2590 5291 ὅντως
2618 5228 2873 5298 βασιλεὺς
2923 5232 2990 5300 τῇ
3024 5230 3147 5300 ἱερᾷ
3194 5230 3470 5298 κοινωνίᾳ,
3503 5228 3578 5291 ὡς
3615 5232 3643 5282 ὁ

2078 5319 2216 5382 θεῖός
2242 5336 2375 5389 φησι
2401 5320 2675 5383 Διονύσιος
2694 5337 2709 5353 ’
2734 5320 2816 5374 δτι
2841 5322 3019 5375 πάντα
3037 5321 3337 5374 τελειοῦται
3358 5320 3426 5373 δι’
3450 5319 3639 5386 αὐτῆς.

2076 5409 2258 5463 Ταῦτα
2304 5412 2354 5463 εί
2402 5410 2492 5461 καὶ
2542 5409 2645 5474 ἔξω
2689 5411 2781 5464 τοῦ
2815 5412 3197 5483 προκειμένου*
3234 5411 3363 5477 περὶ
3407 5410 3515 5478 γὰρ
3546 5408 3641 5461 τοῦ

2076 5500 2204 5553 ναοῦ
2237 5502 2265 5553 ὁ
2292 5501 2470 5568 λόγος,
2501 5500 2616 5555 ἀλλ’
2653 5502 2896 5574 ἑπόμενα
2915 5518 2929 5534 ·
2969 5505 3092 5556 ἐπεὶ
3123 5502 3381 5571 περὶτῶν
3417 5498 3643 5570 ἱσταμέ-

2074 5606 2181 5643 νων
2204 5592 2261 5642 ὲν
2288 5590 2365 5659 τῷ
2384 5590 2499 5660 ναῷ
2527 5580 2596 5663 ἦν
2627 5594 2655 5647 δ
2677 5591 2857 5662 λόγος,
2890 5595 2983 5647 καὶ
3008 5594 3087 5657 εἰς
3114 5592 3272 5647 τοῦτο
3307 5591 3452 5662 ἡμᾶς
3476 5589 3644 5655 ἀνατ-

2078 5677 2246 5739 καίως
2276 5678 2513 5762 ἤγαγεντ
