4020 6200
323 290 420 357 357
1582 281 1679 341 DE
1715 279 1919 340 δίκαιε

2022 281 2142 341 ἘΜ
2155 284 2310 345 PLO.
3471 295 3577 362 353

388 404 706 472 Κληρικός.
754 402 1269 472 Ἁναγκαιότατον,
1305 397 1573 457 θειότατε
1599 396 1895 449 δέσποτα.

2076 390 2331 457 Clerian
2359 403 2593 461 Maxime
2621 410 2954 476 necessario,
2975 410 3575 471 divinissitnedomine:

321 501 424 555 Kal
479 499 589 566 γὰρ
644 493 722 566 ἦν
770 497 1106 566 ἀναγκαῖον
1160 494 1259 548 καὶ
1316 493 1447 560 περὶ
1513 493 1727 544 τούτου
1781 505 1896 557 μα-

2022 493 2070 548 le
2106 494 2207 550 hoc
2237 497 2384 550 enim
2417 514 2519 552 nos
2552 500 2765 556 edoceri
2803 518 3025 559 necesse
3053 514 3189 559 erat.

322 595 439 648 θεῖν
450 631 464 645 .

872 677 1127 732 ΚΕΦΑΛ.
1173 675 1349 730 ΡΝΒ’.

2590 676 2820 734 CAPUT
2861 679 3015 736 CLII.

324 779 459 844 Περι
494 787 772 838 στοσεως
813 768 1194 844 ετιστῶνΑκιιί
1226 766 1737 844 ’κατηχουμένωη
1798 767 1898 820 καί

2022 766 2080 821 De
2113 769 2343 822 statione
2375 768 2614 836 ﬁdelium
2643 781 2689 824 et
2727 775 3214 830 catechumenorwn
3243 786 3290 830 et
3339 780 3570 838 peccatis

432 872 434 874 τ
767 839 886 894 τῶν
918 840 1012 893 ἐπ’
1053 838 1452 908 ἐγκλήμασιν.

2614 855 2980 910 gravatorum.

401 936 762 1005 Ἀρχιερεύς.
815 931 975 988 Οὕτω
1025 930 1126 1001 μὲν
1182 929 1276 984 οὐν
1313 931 1528 982 ἵσταται
1581 930 1609 981 ὁ
1666 927 1898 997 εὐσεϐὴς

2077 929 2346 1000 Pontifex.
2419 930 2511 986 Sic
2567 931 2788 1002 quidem
2824 933 2990 1004 igitur
3020 936 3277 992 consistit
3321 939 3443 1007 pius
3478 955 3577 1008 pn-

323 1027 449 1090 λαδς
481 1031 537 1080 ιν
591 1027 672 1096 τῷ
721 1025 858 1094 ναῷ,
888 1023 980 1076 τὸν
1023 1024 1304 1092 ὁρώμενον
1337 1020 1530 1075 τοῦτον
1574 1020 1634 1086 ἐξ
1663 1018 1896 1091 οὐρανοῦ

2022 1025 2164 1080 tulus
2195 1024 2251 1078 in
2303 1025 2527 1095 templo,
2595 1025 2742 1096 quod
2793 1027 3064 1084 visibilem
3120 1030 3265 1085 hunc
3298 1046 3326 1085 a
3357 1032 3495 1088 casio
3525 1045 3572 1088 e:

325 1118 418 1170 καὶ
449 1117 552 1186 γῆς
580 1115 902 1185 σημαίνοντι
931 1115 1139 1184 κόσμον
1162 1129 1176 1143 ·
1210 1116 1309 1169 καὶ
1341 1113 1544 1176 πάντες
1595 1112 1748 1182 μόνοι
1788 1129 1899 1180 χω-

2022 1133 2148 1173 ηιιτιιο
2178 1119 2440 1174 mundum
2473 1118 2767 1189 signiﬁcat.
2802 1119 3009 1178 Omnes
3059 1132 3238 1178 autem
3268 1134 3322 1177 et
3368 1127 3468 1179 soli
3513 1128 3578 1178 li-

328 1209 516 1279 ροῦσιν
555 1209 613 1259 ὲν
650 1206 827 1277 τούτῳ
859 1207 909 1260 οί
941 1207 1211 1272 εὐσεϐεῖς,
1245 1207 1296 1259 οἱ
1335 1207 1394 1259 ὲν
1420 1207 1487 1274 τῇ
1521 1204 1616 1258 τοῦ
1655 1203 1792 1257 Θεοῦ
1826 1205 1898 1274 γῇ

2022 1211 2155 1266 leles
2190 1212 2244 1264 in
2273 1212 2378 1266 boc
2409 1212 2636 1283 degunt.
2666 1215 2759 1284 qui
2804 1214 2860 1268 itt
2889 1214 2978 1270 Dei
3015 1223 3183 1279 terra,
3215 1217 3337 1272 οωιί
3387 1227 3579 1271 ωτι-αξ-

323 1305 413 1354 τὸν
455 1299 552 1352 τοῦ
600 1299 833 1368 οὐρανοῦ
882 1299 978 1351 καὶ
1026 1297 1126 1366 τῆς
1168 1298 1272 1368 γῆς
1301 1296 1540 1359 εὐσεϐῶς
1603 1295 1901 1364 ὑμνοῦντες

2022 1319 2112 1375 tne
2151 1303 2440 1358 Dominum
2467 1305 2554 1374 pie
2584 1306 2868 1361 celebrant
2895 1326 2908 1372 ;
2947 1308 3129 1362 nullus
3156 1319 3336 1363 autem
3361 1310 3584 1363 omnino

251 1459 256 1465 _
325 1395 602 1465 Δεσπότην
624 1410 642 1426 ο
670 1395 731 1448 οὐ
770 1394 877 1463 μὴν
913 1393 970 1446 δέ
998 1409 1082 1457 τις
1112 1393 1221 1446 τῶν
1248 1392 1464 1448 ἀσεϐῶν
1494 1392 1526 1462 ἢ
1573 1390 1900 1474 ἑτεροδόξων

2028 1397 2300 1462 mpiorum
2332 1397 2415 1451 vel
2473 1398 3255 1468 lteterodoxorunt;quoniam
3308 1400 3454 1454 nulla
3501 1413 3586 1453 est

327 1488 555 1540 καθόλου
583 1504 597 1516 ·
630 1487 712 1539 ὅτι
733 1485 856 1538 οὐδὲ
882 1484 1242 1555 συμφώνησις
1263 1484 1486 1554 Χριστῷ
1521 1483 1657 1553 πρὸς
1681 1482 1898 1551 Βελίαρ.

2022 1488 2388 1542 :onvenientia
2422 1487 2644 1544 Christo
2671 1504 2794 1544 cum
2827 1490 3016 1545 Belial.
3051 1491 3212 1546 Stant
3243 1499 3424 1546 autem
3458 1506 3528 1559 po
3565 1502 3585 1544 t

327 1580 604 1632 Ἰστανται
661 1579 718 1631 δὲ
754 1577 849 1630 τοῦ
900 1578 1154 1647 ἄμϐωνος
1186 1576 1412 1629 ὄπισθεν
1447 1577 1577 1645 περὶ
1619 1576 1685 1628 τὰ
1717 1576 1901 1628 κατώο

325 1687 456 1740 τερα
508 1670 570 1739 δὴ
618 1669 712 1722 τοῦ
752 1667 880 1722 ναοῦ
913 1669 962 1720 oi
993 1668 1239 1732 εὐσεϐεῖς
1298 1668 1398 1736 μὲν
1435 1669 1530 1721 καὶ
1567 1668 1666 1736 τὴν
1710 1667 1899 1718 πίστιν

326 1761 738 1830 ὁμολογοῦντες,
775 1760 936 1832 136
965 1759 1261 1829 ἀφώτιστοι
1295 1760 1350 1812 δὲ
1391 1759 1491 1825 ἔτι,
1529 1759 1624 1813 καὶ
1663 1758 1724 1810 τὸ
1758 1757 1900 1810 θεῖον
1935 1740 1975 1795 Β

330 1855 614 1926 βάπτισμα
638 1857 712 1927 μὴ
743 1857 1047 1927 δεξάμενοι.
1070 1857 1160 1908 Διὸ
1192 1856 1285 1910 καὶ
1305 1857 1382 1919 ώς
1413 1855 1580 1925 μήπω
1606 1855 1786 1907 πιστοὶ
1809 1871 1902 1906 τεο

327 1949 488 2012 λέως,
545 1947 680 2016 μηδὲ
740 1947 875 2017 μέλη
929 1945 1344 2017 ὶσφραγισμένα
1403 1945 1507 2014 τῆς
1549 1943 1900 2014 Ἐκκλησίας,

326 2039 427 2104 ἔξω
460 2039 740 2110 βάλλονται
764 2037 872 2093 τῶν
911 2040 1227 2110 μυστηρίων
1253 2037 1642 2108 εἰσαγομένων.
1673 2037 1748 2089 0'3
1782 2037 1889 2106 γὰρ

325 2132 420 2202 τῆς
456 2134 741 2197 κοινωνίας
784 2133 921 2186 Θεοῦ
957 2127 1103 2188 οὗτοι
1156 2132 1319 2196 ἄξιοι.
1372 2132 1480 2184 Καὶ
1525 2127 1906 2193 κατοικοῦντες

327 2225 433 2292 γὰρ
467 2224 564 2294 τὴν
592 2222 687 2276 τοῦ
714 2222 852 2276 Θεοῦ
883 2223 1084 2290 κτίσιν,
1116 2223 1324 2287 ἀνάξιοι
1357 2221 1459 2290 τῆς
1486 2219 1580 2273 τοῦ
1624 2217 1759 2271 Θεοῦ
1813 2235 1908 2286 με-

326 2316 570 2380 τουσίας,
600 2317 675 2379 ὡς
696 2316 797 2386 τὴν
821 2315 1069 2385 φθαρτὴν
1102 2315 1262 2384 μόνον
1291 2313 1548 2382 γέννησιν
1581 2310 1906 2382 ἁσχηκότες,

326 2408 386 2460 οὐ
455 2408 563 2477 μὴν
606 2409 663 2461 δὲ
705 2403 1105 2478 κατηξιωμένοι
1151 2406 1252 2477 τῆς
1298 2405 1609 2474 ἀφθαρσίας
1659 2405 1754 2457 καὶ
1809 2403 1910 2471 τ’ἧς

327 2500 604 2554 ἀθανάτου
636 2498 805 2568 ζωῆς.
853 2499 1172 2565 Ἐξαγονται
1208 2496 1306 2567 μὲν
1344 2488 1492 2548 οὗτοι
1516 2510 1531 2525 ·
1564 2494 1702 2546 ἀλλὰ
1739 2493 1833 2546 καὶ
1860 2493 1910 2546 οί

328 2593 841 2662 παραπεπτωκότες
879 2590 1021 2661 μετά
1065 2589 1127 2643 τὸ
1171 2589 1480 2660 βάπτισμα,
1535 2587 1633 2640 καὶ
1687 2587 1721 2656 ἢ
1775 2586 1911 2640 Θεοῦ

325 2683 557 2754 ἀρνήσει
611 2682 1027 2752 περιπεσόντες,
1062 2681 1096 2752 ἢ
1130 2682 1328 2751 αἵματι
1372 2678 1706 2750 χρανθέντες
1760 2678 1915 2732 ἀδελ·

328 2773 498 2844 φικῷ.
527 2762 686 2844 φόνον
715 2774 1108 2843 ἐργασάμενοι,
1149 2772 1184 2843 ἢ
1227 2772 1323 2825 καὶ
1352 2769 1520 2842 ἕτερά
1548 2786 1673 2822 τινα
1698 2786 1915 2837 πεπρα-

255 2883 265 2892 ’
329 2867 490 2936 χὸτες
522 2868 620 2936 τῆς
657 2867 946 2927 κοινωνίας
981 2864 1342 2933 ἀπείργοντα.

887 2958 1141 3013 ΚΕΦΑΛ.
1186 2957 1358 3014 ΡΝΡ.

422 3053 560 3106 Ὀτι
594 3054 668 3107 οὐ
715 3051 940 3116 πάντες
972 3051 1090 3105 νῦν
1125 3049 1496 3120 ἐξωθοῦνται
1519 3051 1675 3120 μετὰ
1708 3046 1828 3102 τῶν

877 3119 1369 3190 κατηχουμένων.

401 3214 470 3268 Οἶ
502 3214 568 3284 δὴ
611 3213 818 3278 πάντες
845 3212 1146 3278 ἐξωθοῦντα
1183 3213 1454 3283 πρότερον
1480 3212 1593 3266 τῶν
1637 3228 1908 3282 κατηχου-

339 3310 532 3378 μένων
562 3307 958 3378 ἐξερχομένων.
995 3306 1110 3360 Νῦν
1150 3305 1208 3360 δὲ
1232 3307 1320 3360 διὰ
1351 3307 1480 3368 τοὺς
1511 3306 1790 3376 διωγμοὺς
1820 3304 1914 3358 καί⁵

329 3400 427 3462 τὶς
461 3402 706 3469 συνεχεῖς
737 3397 1111 3467 περιστάσεις,
1146 3396 1290 3451 οὕτω
1321 3396 1433 3451 τῶν
1468 3397 1736 3467 Πατάρων
1753 3397 1918 3450 καλὸν

329 3481 478 3544 εἶναι
527 3490 929 3559 λογισαμένων,
961 3489 1368 3560 κατηχούμενοι
1416 3488 1517 3559 μὲν
1540 3488 1639 3542 καὶ
1677 3488 1918 3559 ἀρνησά-

333 3599 498 3651 μενοι
551 3585 648 3634 καὶ
694 3579 1055 3649 φονεύσαντες
1113 3579 1445 3644 ὲξωθοῦνται
1468 3595 1484 3610 ⁶
1530 3577 1584 3632 of
1627 3577 1686 3632 δὲ
1733 3576 1920 3632 λοιποὶ

331 3677 626 3746 βάπτισμα
655 3675 821 3744 μόνον
853 3673 1190 3744 κεκτημένοι
1238 3675 1518 3743 ἀφίενται,
1551 3673 1657 3743 ίδίᾳ
1687 3672 1791 3741 τῆς
1826 3690 1920 3743 με-

329 3769 560 3830 τανοίας
609 3765 792 3818 αὐτῶν
835 3763 988 3833 παρά
1047 3764 1159 3816 τῶν
1219 3764 1613 3834 πνευματικῶν
1658 3763 1920 3833 Πατέρων

329 3859 757 3928 ἐνεργουμένης.
791 3849 955 3910 Οὗτοι
1005 3855 1099 3909 οὖν
1126 3858 1178 3908 οἱ
1229 3853 1592 3926 ὲξωθούμενοι
1638 3856 1768 3926 περὶ
1797 3857 1921 3919 τοὺς

330 3953 624 4022 νάρθηκας
676 3949 942 4012 ἴπανται,
999 3951 1032 4017 ἢ
1076 3949 1170 4002 καὶ
1199 3950 1262 4001 ὲν
1300 3949 1413 4012 τοῖς
1462 3948 1919 4020 κατηχουμένοις,

327 4044 441 4095 τῶν
473 4039 723 4109 φρικτῶν
760 4038 1077 4108 μυστηρίων
1111 4038 1540 4107 ικτελουμένων.

900 4131 1152 4186 ΚΕΦΑΛ.
1187 4129 1354 4185 ΡΝΔ⁹.

543 4230 705 4283 Διατί
726 4227 1041 4297 νάρθηλςες,
1079 4224 1177 4277 καὶ
1209 4223 1719 4292 κατηχουμενεῖα.

398 4390 703 4462 Νάρθηκες
735 4387 792 4442 δὲ
821 4385 1096 4452 λέγονται,
1129 4384 1252 4454 ἦτοι
1278 4380 1388 4434 τῶν
1417 4381 1565 4434 ναῶν
1599 4381 1787 4474 ἀρχαὶ,
1827 4377 1923 4431 καὶ
1956 4420 2000 4474 D

2004 1581 2301 1635 umbonem
2330 1581 2398 1634 ad
2427 1578 2692 1635 inferiora
2733 1580 2943 1650 templi,
2973 1581 3066 1649 qui
3098 1581 3318 1650 quidem
3355 1582 3427 1651 p'i
3451 1593 3581 1636 sunt

2005 1681 2058 1726 et
2082 1671 2240 1753 [idem
2278 1671 2629 1738 confitentur,
2661 1687 2766 1727 non
2802 1681 2984 1728 autem
3016 1672 3195 1727 adhuc
3226 1683 3348 1728 sunt
3381 1672 3586 1726 illumi-

2006 1765 2143 1828 nati,
2179 1779 2283 1836 nec
2308 1764 2551 1819 divinum
2585 1765 2854 1834 baptisma
2888 1775 3274 1835 susceperunt.
3304 1767 3432 1820 Ideo
3460 1776 3580 1821 tan-

2005 1871 2168 1926 quam
2221 1856 2467 1912 nondum
2520 1858 2747 1928 perfecti
2788 1859 2974 1914 lideles
3008 1875 3109 1914 nec
3151 1860 3359 1929 signata
3393 1858 3586 1916 Eccle-

2007 1949 2100 2002 siae
2123 1950 2388 2015 membra,
2416 1950 2689 2017 mysteriis
2715 1950 3045 2005 introductis
3083 1949 3230 2005 foras
3255 1951 3580 2022 ejiciuntur.

2009 2039 2123 2094 Non
2157 2041 2305 2095 enim
2359 2040 2777 2111 participatione
2845 2041 2938 2096 Dei
2981 2040 3073 2097 isti
3118 2042 3266 2114 digni
3319 2053 3478 2105 sunt;
3513 2044 3580 2096 al

2009 2141 2316 2187 creaturam
2349 2133 2493 2188 enim
2527 2132 2619 2188 Dei
2653 2131 3013 2203 pertinentes,
3065 2133 3277 2204 indigni
3333 2141 3463 2188 sunt
3489 2131 3582 2185 Dei

2009 2224 2422 2289 communione,
2457 2225 2614 2295 quasi
2649 2227 3067 2296 corruptibilcm
3117 2235 3326 2280 tantum
3388 2226 3592 2280 nativi-

2013 2322 2180 2370 tatem
2215 2315 2418 2385 adepti,
2450 2329 2556 2369 non
2589 2323 2772 2370 autem
2816 2317 3340 2386 iucorrttplibilitate
3368 2316 3591 2384 vitaque

2015 2405 2307 2460 immortali
2333 2406 2477 2476 digni
2513 2405 2663 2460 facti.
2715 2405 3031 2478 Ejieiuntur
3085 2407 3302 2478 quidem
3347 2406 3465 2473 isti,
3493 2405 3590 2461 sed

2014 2504 2068 2548 et
2100 2494 2174 2547 illi
2206 2496 2298 2565 qui
2355 2504 2477 2565 post
2501 2494 2768 2565 baptisma
2811 2496 2946 2565 lapsi
2974 2508 3121 2561 sunt,
3162 2496 3244 2550 vel
3278 2496 3370 2550 Dei
3421 2513 3588 2566 nega-

2015 2586 2164 2642 tione
2192 2588 2532 2650 ceciderunt.
2575 2587 2657 2643 vel
2691 2589 2836 2644 cmde
2889 2597 3124 2660 patrata,
3177 2589 3442 2662 sanguine
3478 2590 3594 2644 fra-

2016 2685 2173 2732 terno
2204 2675 2395 2731 foedati
2430 2684 2576 2741 sunt,
2612 2677 2694 2732 vel
2724 2678 2830 2731 alia
2864 2679 3110 2748 qumdam
3139 2693 3169 2732 a
3197 2680 3590 2734 communione

2016 2765 2360 2823 excludentia
2394 2777 2878 2840 perpetraverunt.

2586 2941 2817 2997 CAPUT
2855 2941 3035 2999 CLIII.

2023 3036 2178 3103 Quod
2218 3051 2322 3089 non
2353 3051 2529 3089 omnes
2563 3052 2702 3090 nunc
2749 3053 2868 3092 cum
2913 3039 3300 3094 calet/tumentis
3334 3040 3477 3095 exire
3515 3056 3598 3096 cc-

1940 3079 1989 3144 C
2577 3109 2740 3144 rI-n'n
2773 3108 3025 3144 ὅηιηηιειιν

1967 3119 1989 3144 ι

2577 3109 2740 3161 clesia
2761 3108 2829 3177 jtt
2839 3110 3046 3164 bentur.

2090 3197 2152 3252 lli
2178 3211 2393 3259 omnes.
2420 3199 2832 3256 catechumenis
2861 3201 3289 3271 egredientibus,
3326 3201 3480 3273 prius
3501 3200 3602 3272 eji-

2018 3291 2327 3347 cicbantur.
2370 3287 2527 3345 Nunc
2561 3299 2742 3346 autem
2781 3300 3003 3362 propter
3034 3295 3445 3363 persecutiones
3495 3294 3605 3348 fre-

2019 3391 2358 3455 quentesque
2403 3383 2892 3446 circumstantias.
2947 3383 3030 3438 sic
3083 3385 3335 3440 Patr-ibus
3396 3387 3600 3440 bonum

2019 3475 2564 3546 essejudicantibus,
2604 3476 2989 3532 catecltumeni
3013 3477 3229 3547 quidem
3258 3485 3314 3532 et
3345 3485 3606 3548 apostata:

2020 3579 2075 3625 et
2112 3567 2398 3625 homicida:
2419 3568 2754 3638 ejiciuntur;
2805 3569 2987 3623 caeteri
3023 3582 3155 3623 vero
3198 3567 3473 3636 baptisma
3508 3583 3601 3622 so-

2024 3662 2131 3715 lunt
2171 3662 2542 3732 possidentes,
2583 3662 2820 3732 proprio
2851 3671 3000 3715 motu
3031 3661 3385 3716 dimittuntur
3421 3662 3603 3731 pmni-
3687 3653 3690 3656 ’

2025 3754 2205 3807 tentia:
2239 3753 2486 3822 ipsorum
2517 3768 2550 3806 a
2601 3753 2984 3820 spiritualibus
3020 3753 3276 3808 Pati-ibus
3330 3750 3601 3806 excitatur.

2024 3847 2099 3901 llli
2124 3861 2255 3915 ergo
2280 3847 2372 3914 qui
2409 3845 2731 3914 ejiciuntur,
2771 3846 2920 3902 circa
2965 3846 3280 3907 nartlteces,
3315 3843 3397 3899 vel
3429 3844 3480 3896 in
3507 3859 3604 3898 ca-

2027 3939 2388 4003 tccbumenis,
2416 3939 2544 3991 dum
2592 3953 2753 3994 sacra
2789 3938 3050 4010 mysteria
3091 3944 3448 4007 peraguntur,
3475 3950 3604 3990 cou-

2027 4032 2254 4084 sistunt.

2574 4119 2807 4175 CAPUT
2844 4118 3025 4175 CLIV.

2028 4216 2208 4282 Quare
2237 4215 2470 4270 ecclesia:
2491 4215 2748 4269 vestibula
2776 4215 3046 4268 nartheces
3074 4213 3180 4266 sive
3221 4213 3393 4282 ferula
3420 4198 3599 4283 appel-

2326 4287 2510 4339 lantur
2541 4295 2591 4339 et
2619 4286 3119 4340 catecltuutenorum
3152 4284 3292 4338 loca.

2101 4378 2396 4434 Nartlteces
2427 4389 2610 4433 autem
2666 4379 2945 4440 dicuntur,
2977 4377 3092 4433 sive
3126 4378 3451 4447 templorum
3502 4377 3608 4430 ini-

325 4481 810 4552 κατηχουμενεϊα,
843 4478 964 4548 ἦτοι
993 4475 1101 4529 τῶν
1134 4475 1563 4544 κατηχουμένων
1585 4475 1614 4525 ὀ
1646 4469 1820 4534 οἶκος.
1854 4472 1919 4522 ’Λ

2032 4475 2102 4528 tia
2167 4482 2223 4528 et
2264 4473 2714 4540 catecltumenia;
2767 4473 2883 4527 sive
2950 4470 3466 4526 catecbumenorum
3524 4472 3616 4525 se-‘

323 4579 425 4629 καὶ
461 4575 558 4627 διὰ
587 4571 750 4625 τοῦτο
784 4568 1076 4639 ἐπενοήθη,
1105 4567 1193 4620 ἵνα
1217 4565 1314 4620 καὶ
1344 4564 1493 4618 οὗτοι
1531 4563 1600 4617 δι’
1632 4562 1805 4633 ἀκοῆς
1829 4566 1926 4618 καὶ

321 4667 585 4735 ὁράσεως
641 4665 812 4732 μόνης
847 4659 1118 4731 μετέχωσι
1152 4659 1259 4711 τῶν
1311 4655 1496 4720 θείων,
1539 4654 1634 4706 καὶ
1677 4653 1767 4706 διὰ.
1817 4655 1926 4707 τῶν

323 4759 563 4830 χειλέων
585 4755 642 4808 δὲ
672 4753 765 4808 καὶ
804 4752 905 4821 τῆς
935 4751 1187 4820 γλώσσης
1215 4749 1528 4821 ὁμολογῶσι
1558 4749 1659 4817 τὴν
1715 4748 1922 4810 πίστιν,

324 4853 425 4905 καὶ
461 4850 540 4903 τὰ
563 4851 663 4918 τῆς
683 4845 966 4908 εὐσεϐείας
995 4845 1218 4916 ῥήματα
1245 4842 1468 4914 ᾄδωσιν.
1494 4841 1569 4894 Οὐ
1601 4839 1924 4893 κοινωνοῦσι

320 4943 381 4996 δὲ
404 4941 520 5010 τῆς
553 4941 798 5000 στάσεως
820 4937 932 4996 τοῖς
965 4935 1202 4996 πιστοῖς,
1266 4932 1388 4985 οὐδὲ
1417 4931 1517 5001 τῆς
1537 4931 1726 5000 εὐχῆς.
1745 4931 1926 4982 ’Δκοι-

321 5036 574 5101 νώνητοι
603 5029 714 5098 γὰρ
745 5028 839 5082 καὶ
863 5025 1204 5096 διιστάμενοι
1232 5023 1336 5078 ἔτι.
1378 5024 1440 5077 El
1474 5023 1569 5077 οὐν
1595 5024 1693 5094 τῆς
1717 5025 1773 5075 ὲν
1807 5024 1922 5074 λει-

319 5119 577 5195 τουργίᾳ
617 5121 860 5183 στάσεως
892 5121 986 5174 xui.
1014 5119 1180 5188 εὐχῆς
1207 5116 1440 5184 ἀνάξιοι,
1475 5116 1656 5184 πολλῷ
1690 5134 1752 5184 γε
1785 5117 1924 5185 μᾶλ-

322 5221 420 5272 λον
449 5219 560 5287 τῆς
591 5213 977 5286 φρικτωτὰτης
1008 5209 1321 5272 κοινωνίας.
1355 5209 1448 5260 Διὸ
1479 5207 1571 5261 καὶ
1619 5208 1722 5278 γῆς
1767 5209 1925 5275 μόνον

325 5313 654 5382 εἰρήκαμεν
701 5303 897 5369 σώζειν
931 5303 1103 5357 τύπον
1132 5305 1202 5356 τὰ
1235 5305 1294 5355 έν
1331 5299 1412 5370 τῷ
1454 5299 1694 5368 νάρθηκι
1729 5301 1823 5351 καὶ
1857 5299 1926 5352 τὰ

326 5404 443 5458 τῶν
483 5398 938 5470 κατηχουμένων,
975 5395 1068 5458 ιὼς
1126 5393 1282 5462 δίκην
1341 5391 1557 5459 ἀλόγων
1603 5390 1812 5443 τούτων
1845 5391 1926 5443 ἔτι

328 5493 428 5548 ἐπὶ
458 5491 569 5561 τὴν
603 5489 708 5558 γῆν
730 5487 1132 5556 διαιτωμένων,
1167 5484 1264 5537 καὶ
1293 5482 1403 5535 τῶν
1430 5482 1530 5552 μὲν
1564 5483 1638 5550 μὴ
1670 5497 1930 5549 γεγεννη-

334 5587 530 5656 μένων
565 5584 641 5646 εις
674 5581 772 5651 τὴν
806 5579 953 5649 ζωὴν
997 5579 1128 5646 (τῶν
1159 5575 1540 5643 ἀϐαπτίστων)
1566 5573 1674 5626 τῶν
1697 5573 1754 5626 δὲ
1782 5573 1928 5642 (ἦτοι

329 5679 447 5732 τῶν
497 5674 901 5745 ἀρνησαμένων
948 5673 1045 5726 καὶ
1085 5671 1196 5724 τῶν
1257 5669 1808 5740 παραπεπτωκότων)
1851 5667 1926 5740 μὴ

333 5767 487 5823 κατά
521 5764 680 5832 λόγον
709 5761 829 5834 Θεῷ
859 5761 1165 5833 ζησάντων,
1199 5761 1258 5817 ἐν
1289 5763 1354 5830 τῇ
1385 5760 1456 5831 γῇ
1488 5759 1543 5813 δὲ
1575 5759 1670 5812 καὶ
1693 5757 1915 5812 ἄπιστοι

2029 4567 2162 4632 des;
2195 4581 2316 4636 quae
2343 4573 2630 4635 propterea
2655 4565 2962 4634 excogitata
3003 4571 3152 4628 sunt,
3229 4573 3292 4617 ut
3358 4564 3446 4617 isti
3507 4579 3608 4632 per

2027 4659 2364 4713 auditionem
2385 4666 2442 4713 et
2473 4659 2651 4712 visum
2683 4657 2860 4712 solum
2898 4656 3080 4710 divina
3136 4655 3486 4724 participem,
3547 4666 3602 4708 et

2028 4769 2124 4821 per
2173 4752 2410 4822 linguam
2459 4761 2512 4804 et
2564 4749 2706 4802 labia
2752 4748 3115 4802 conﬁteantur
3170 4744 3350 4808 Iidem,
3403 4753 3456 4799 et
3491 4745 3588 4814 pie

2026 4845 2156 4899 tatis
2219 4845 2379 4897 verba
2452 4843 2765 4895 concinant.
2818 4839 2953 4894 Cum
2987 4837 3242 4893 lidelibus
3287 4845 3467 4890 autem
3506 4852 3604 4889 nct.

2028 4940 2080 4992 in
2121 4938 2376 5002 statione,
2427 4950 2525 4988 mc
2565 4935 2616 4988 in
2645 4933 2894 4988 oratione
2944 4932 3416 4988 communicant:
3451 4937 3602 4983 extra

2027 5029 2472 5085 communionem
2517 5025 2894 5102 enimpadhuc
2928 5033 3058 5080 sunt
3126 5032 3181 5078 et
3231 5021 3482 5090 separati.
3542 5021 3600 5074 Si

2027 5123 2256 5193 proinde
2305 5121 2453 5189 digni
2516 5135 2624 5173 non
2691 5127 2822 5174 sunt
2867 5125 2927 5171 ιιι
2985 5116 3216 5184 liturgia’:
3260 5116 3519 5170 assistant
3547 5122 3603 5166 et

2025 5223 2202 5278 orent,
2242 5211 2415 5265 multo
2473 5211 2655 5266 minus
2711 5209 2987 5265 tremenda
3047 5207 3429 5262 communione
3478 5217 3604 5260 su..t

2028 5304 2196 5374 digni.
2238 5302 2366 5357 Ideo
2408 5309 2569 5356 terra:
2618 5309 2828 5354 tantum
2876 5300 3116 5354 diximus
3165 5313 3387 5355 servare
3421 5306 3603 5369 typum

2027 5412 2090 5451 ea
2142 5411 2265 5464 qua:
2316 5405 2444 5449 sunt
2505 5393 2559 5448 in
2631 5393 2891 5446 nartltece
2945 5401 2998 5447 et
3053 5405 3115 5445 ea
3169 5405 3291 5460 que
3351 5389 3607 5446 cateclt--

2031 5504 2312 5544 inenorqu
2379 5494 2538 5549 sunt,
2622 5485 2886 5553 siquidem
2961 5485 3280 5539 animalium
3340 5495 3490 5537 more
3532 5487 3611 5532 vi-

2031 5590 2163 5634 vunt
2214 5579 2393 5633 adhuc
2448 5579 2534 5632 isti
2600 5591 2765 5645 super
2820 5586 3040 5646 tetram,
3091 5577 3207 5632 sive
3241 5575 3335 5644 qui
3365 5577 3607 5629 nondum

2032 5676 2100 5728 ad
2135 5672 2299 5728 vitam
2333 5681 2462 5726 sunt
2489 5671 2729 5741 generati
2765 5669 2896 5742 (non
2923 5668 3204 5740 baptizati)
3236 5669 3352 5723 sive
3382 5665 3476 5738 qui
3501 5665 3609 5735 (vel

2038 5771 2302 5834 apostatae
2333 5763 2414 5820 vel
2453 5764 2792 5835 peccatores)
2854 5775 2961 5818 non
2982 5762 3139 5836 juxta
3191 5759 3464 5820 rationem
3497 5755 3611 5812 Deo
