4044 6198
407 309 512 372 359

1191 295 1572 359 SYMEONIS
1613 284 2368 354 'l‘llESSALONICENSIS
2413 283 2768 345 ARCHIEP.

3540 273 3642 336 360

410 425 618 477 vivunt.
648 422 707 474 ln
736 431 879 474 terra
906 427 1084 471 autem
1110 424 1239 470 sunt
1264 412 1513 467 intideles
1547 419 1602 464 et
1629 409 1844 466 exsules
1876 423 1971 475 pa'
2002 461 2003 464 η

2089 407 2166 458 (αἱ
2197 405 2288 458 τοῦ
2319 401 2644 473 παραδείσου
2675 399 2958 467 ὲξόριστοι.
2991 398 3096 449 Καὶ
3135 393 3297 464 μέχρι
3333 394 3432 462 μὲν
3458 393 3640 461 ζῶμεν

414 515 576 569 radisi
611 532 626 577 ;
658 513 889 579 dumque
917 509 1150 562 vivimus
1178 506 1317 560 hanc
1334 501 1747 571 eorruptibilem
1782 500 1974 559 vitam,

409 605 716 662 slmulcum
763 601 1066 656 inﬁdelibus
1110 607 1162 652 et
1218 591 1686 650 irrationabilibus
1744 589 1801 642 in
1833 601 1978 644 terra

409 699 678 766 degimus,
717 709 812 764 per
857 691 979 746 ﬁdei
1021 689 1302 744 scientiam
1335 686 1405 739 ab
1436 684 1552 738 istis
1577 681 1806 749 separati
1834 697 1847 734 :
1880 694 1980 734 nos

407 793 552 848 enim
579 788 786 845 Christi
821 786 1007 841 ﬁdeles
1035 797 1228 838 sumus
1255 781 1308 834 in
1342 777 1587 839 Christo,
1617 774 1776 844 cujus
1813 773 1978 826 etiam

413 883 620 936 ratione
654 879 908 932 vivimus.
943 873 1094 927 Tunc
1153 883 1334 925 autem
1390 867 1636 923 iniideles
1692 880 1797 918 una
1854 877 1978 916 cum

411 971 790 1044 peccatoribus
835 983 862 1020 a
896 965 1058 1035 justis
1087 961 1510 1031 separabuntur,
1541 966 1596 1012 et
1619 956 1840 1010 omnino
1857 968 1980 1008 eum

410 1064 747 1117 dzemonibus
787 1058 934 1112 foras
971 1056 1262 1125 ejicientttr
1299 1069 1312 1106 :
1344 1051 1500 1105 electi
1555 1063 1682 1103 vero
1715 1046 1813 1102 soli
1856 1058 1980 1099 cum

409 1156 626 1211 Christo
651 1163 700 1208 et
737 1151 944 1220 angelis
975 1153 1214 1211 erunt,et
1245 1142 1452 1199 Christi
1483 1139 1865 1197 communione
1897 1137 1981 1191 di-

411 1251 500 1318 gni
530 1245 938 1316 iudicabuntur.

997 1327 1226 1385 CAPUT
1260 1325 1417 1381 CLV.

413 1430 588 1497 Quare
613 1431 664 1483 in
695 1426 958 1497 prommiis
996 1439 1208 1497 precum
1241 1433 1398 1478 extra
1446 1420 1698 1497 (etapium
1734 1415 1984 1497 consisti-

489 1519 624 1563 mus,
661 1489 708 1553 et
741 1497 872 1567 quid
899 1489 1202 1567 notetpquod
1244 1509 1336 1567 nos
1370 1494 1566 1567 apertis
1597 1491 1769 1567 porti’s
1813 1489 1982 1552 ingre-

480 1561 660 1690 αίὲηιιτ
692 1561 1093 1636 (catechumenis
1121 1572 1166 1616 et
1189 1561 1560 1630 pwuitestibus
1586 1561 1984 1613 extra’manen-

488 1641 526 1692 li
569 1643 676 1704 us).

488 1649 676 1692 libus).

489 1751 598 1806 lloc
626 1753 787 1804 etiam
832 1761 977 1802 nunc
1004 1744 1392 1814 significantes,
1431 1742 1484 1796 in
1529 1725 1850 1810 hymnorum
1885 1737 1983 1794 ex-
2018 1765 2058 1825 Β

415 1841 586 1895 ordiis
641 1840 980 1893 extrinsecus
1026 1843 1260 1900 stamus,
1293 1844 1352 1887 ut
1402 1840 1529 1886 ante
1585 1829 1896 1901 paradisum
1931 1838 1984 1883 et

365 1963 373 1975 -
417 1931 593 1999 ipsum
626 1929 847 1993 coelum,
883 1933 1085 1978 terram
1121 1931 1176 1978 et
1220 1923 1359 1976 hanc
1387 1921 1556 1976 solam
1592 1926 1983 1991 repraesentan-

417 2029 499 2073 tes
536 2025 630 2082 ;et
660 2031 799 2084 smpe
835 2014 1113 2069 rnobiscum
1157 2020 1287 2066 sunt
1336 2011 1686 2080 paenitentes,
1733 2008 1850 2064 sive
1894 2008 1984 2077 qui

415 2110 485 2163 ab
511 2107 776 2178 apostasia
799 2104 1049 2160 conversi
1080 2112 1229 2166 sunt,
1253 2103 1367 2158 sive
1400 2103 1493 2172 qui
1518 2102 1585 2157 de
1616 2099 1986 2156 homicidarils

413 2195 673 2270 operibus
700 2196 916 2263 mutati,
979 2196 1090 2251 sive
1125 2195 1218 2264 qui
1253 2198 1319 2249 de
1348 2193 1466 2250 lidei
1497 2194 1705 2248 ratione
1731 2193 1985 2249 catechu-

416 2292 581 2346 meui.
619 2291 830 2359 Apertis
872 2297 1050 2343 autem
1076 2288 1264 2358 januis
1293 2295 1414 2353 post
1445 2285 1671 2355 hymnos
1715 2287 1986 2343 extrinsec

417 2399 516 2435 cus
548 2377 744 2443 dictos,
776 2394 877 2434 nos
897 2379 1138 2449 quidem,
1168 2387 1224 2430 ut
1253 2377 1306 2430 in
1335 2376 1650 2445 paradisum
1676 2377 1760 2430 vel
1784 2377 1986 2431 malum

419 2472 472 2526 in
508 2471 748 2524 divinum
782 2470 1035 2537 templum
1062 2465 1397 2537 ingredimur
1439 2482 1453 2530 ;
1491 2464 1622 2519 foris
1677 2474 1857 2536 autem
1907 2466 1985 2520 illi

420 2571 641 2616 manent
672 2576 688 2615 :
724 2572 832 2630 quo
865 2558 1207 2628 signiﬁcatur
1245 2557 1398 2612 nobis
1440 2565 1623 2625 aperta
1662 2554 1829 2610 fuisse
1875 2571 1987 2611 coeo

417 2649 572 2704 lestia
604 2663 809 2718 nosque
846 2648 957 2718 iam
991 2647 1043 2700 in
1107 2645 1306 2700 Sancta
1346 2655 1659 2699 sanctorum
1717 2645 1988 2700 invenisse

421 2741 584 2805 viam,
613 2751 667 2795 et
705 2740 770 2792 ad
811 2739 992 2792 lumen
1042 2737 1358 2802 ascendere,
1418 2734 1721 2805 thronoqne
1777 2735 1987 2790 Domini

418 2833 840 2900 propinquantes
865 2828 1206 2884 familiariter
1232 2840 1401 2884 stare.
1427 2826 1507 2882 Ad
1535 2827 1804 2883 orientem
1840 2829 1984 2884 enim

415 2934 471 2977 et
501 2926 564 2978 ad
593 2923 960 2979 sanetuarium
990 2921 1359 2992 procedimus,
1386 2928 1440 2976 et
1503 2928 1762 2990 tanquam
1795 2921 1848 2975 in
1889 2937 1990 2974 nu-

419 3015 597 3084 bibus,
628 3017 682 3070 in
717 3015 913 3070 divinis
950 3014 1128 3068 verbis
1155 3022 1210 3067 et
1255 3012 1492 3082 hymnis,
1525 3021 1582 3066 ut
1611 3013 1666 3066 in
1719 3027 1847 3068 aera
1903 3027 1987 3065 ra-

2083 497 2182 566 τὴν
2212 494 2576 564 φθειρομένην
2631 491 2787 560 τήνδε
2823 489 2987 560 ζωὴν,
3044 488 3179 557 ὁμοῦ
3215 487 3353 556 μετᾶ
3384 485 3491 538 τῶν
3520 487 3646 538 ἀπί-

2084 603 2225 639 στων
2259 588 2355 638 καὶ
2406 585 2514 637 τῶν
2544 584 2754 650 ἀλόγων
2787 583 2886 652 τὴν
2934 583 3036 649 γῆν
3064 578 3434 648 διατρίϐομεν,
3468 595 3643 646 κεχως

2085 676 2330 746 ρισμένοι
2357 675 2562 728 τούτων
2590 675 2743 736 ὄντες
2772 675 2839 744 τῇ
2871 672 3064 742 γνώμῃ
3085 687 3099 703 ·
3131 671 3252 723 ἐπεὶ
3281 671 3439 739 ἡμεῖς
3463 669 3647 720 πιστοὶ

2082 766 2322 837 Χριστοῦ
2377 768 2435 818 ἐν
2483 765 2726 836 Χριστῷ,
2761 758 2854 818 xit
2900 763 3090 817 τούτου
3116 761 3320 824 ζῶντες
3359 759 3642 830 τῷλόγῳ·

2081 859 2202 910 τότε
2243 857 2298 910 δὲ
2325 858 2375 910 οἱ
2399 859 2623 912 ἄπιστοι
2660 857 2779 924 ἅμα
2807 855 2902 910 καὶ
2942 853 3259 924 ἁμαρτωλοὶ
3283 852 3394 906 τῶν
3424 850 3647 905 δικαίων

2082 949 2542 1020 διαιρεθήσονται,
2571 949 2664 1002 καὶ
2693 948 2922 1002 καθόλου
2959 946 3095 1016 μετὰ
3119 944 3227 998 τῶν
3253 943 3521 1012 δαιμόνων
3545 941 3649 1004 ἔξω

2084 1042 2425 1111 ῥιφήσονται.
2464 1041 2717 1093 Ἔσονται
2776 1039 2834 1092 δὲ
2885 1038 3038 1107 μόνοι
3102 1036 3241 1107 μετὰ
3287 1033 3522 1103 Χριστοῦ
3557 1033 3647 1084 καὶ

2083 1130 2192 1183 τῶν
2232 1133 2480 1198 ἀγγέλων
2511 1131 2561 1183 οἱ
2595 1130 2863 1195 ἐκλεκτοὶ,
2896 1131 2990 1183 καὶ
3025 1130 3121 1199 τῆς
3151 1123 3245 1180 τοῦ
3276 1125 3510 1195 Χριστοῦ
3539 1142 3648 1178 κοι-

2084 1221 2280 1284 νωνίας
2310 1222 2733 1292 ἀξιωθήσονται.

2634 1313 2881 1367 ΚΕΦΛΛ.
2924 1307 3096 1371 ΡΝΕ⁹.

2084 1406 2246 1458 Arat!
2271 1405 2340 1457 ἐν
2365 1406 2489 1470 τοῖς
2513 1408 2847 1473 προοιμίοις
2870 1404 2988 1458 τῶν
3013 1401 3369 1473 προσευχῶν
3397 1403 3519 1473 πρὸ,
3535 1401 3653 1455 τῶν

2154 1473 2317 1527 ναῶν
2371 1476 2487 1537 ἐξω
2551 1472 2836 1542 ἱστάμεθα
2857 1490 2872 1506 °
2925 1475 3026 1528 καὶ
3055 1472 3116 1529 τι
3149 1476 3214 1528 τὸ
3241 1472 3646 1544 ἀνοιγομένων

2153 1545 2273 1597 τῶν
2301 1544 2512 1598 πυλῶν
2533 1544 2807 1599 εἰσιέναι.

2156 1699 2328 1756 Τοῦτο
2371 1698 2463 1756 οὖν
2507 1703 2602 1756 καὶ
2637 1705 2733 1758 νῦν
2770 1700 3052 1774 δηλοῦντες
3085 1705 3142 1758 ἐν
3188 1707 3300 1767 τοῖς
3344 1703 3652 1773 προοιμίοις

2085 1795 2192 1846 τῶν
2227 1794 2432 1864 ὓμνων,
2467 1796 2735 1866 ἱστάμεοα
2767 1796 2968 1860 ἔξωθεν
2998 1791 3072 1859 ὡς
3119 1797 3224 1865 πρὸ
3260 1795 3352 1850 τοῦ
3393 1795 3654 1866 παραδί-

2088 1904 2178 1939 σου
2209 1888 2240 1958 ἦ
2272 1887 2368 1940 καὶ
2428 1886 2591 1941 αὐτοῦ
2641 1883 2735 1941 τοῦ
2766 1888 3018 1958 οὐρανοῦ,
3064 1887 3162 1959 τὴν
3195 1887 3297 1957 γῆν
3339 1888 3433 1940 καὶ
3483 1888 3652 1956 μόνην

2085 1979 2400 2042 τυποῦντες.
2437 1982 2546 2034 Καὶ
2592 1981 2687 2034 σὺν
2726 1984 2857 2052 ἡμῖν
2894 1982 3154 2045 πολλάκις
3180 1983 3228 2035 oi
3263 1980 3656 2051 μετανοοῦντές

2086 2075 2245 2133 εἰσιν,
2274 2072 2388 2125 εἴτε
2411 2074 2459 2125 οἱ
2490 2074 2597 2126 ἀπὸ
2623 2074 2726 2144 τῆς
2751 2075 3032 2145 ἀρνήσεως
3063 2075 3507 2146 ἐπιστρέφοντες,
3540 2075 3652 2126 εἴτε

2084 2163 2133 2214 οἱ
2161 2163 2269 2216 ἀπὸ
2297 2163 2404 2215 τῶν
2456 2164 2692 2232 φονικῶν
2720 2163 2918 2235 ἔργων,
2955 2164 3064 2218 εἴτε
3105 2165 3154 2217 οἱ
3201 2164 3292 2218 τὸν
3342 2164 3502 2232 λόγον
3540 2165 3640 2233 τῆς

2087 2253 2323 2312 πίστεως
2350 2255 2767 2324 κατηχούμενοι.
2813 2257 3204 2325 ’Λνοιγομένων
3234 2257 3290 2309 δὲ
3317 2257 3423 2309 τῶν
3464 2257 3651 2308 πυλᾶν

2091 2345 2229 2412 μετὰ
2257 2346 2382 2408 τοὺς
2405 2345 2600 2410 ἔξωθεν
2627 2347 2849 2416 ὕμνους,
2883 2349 3038 2418 ἡμεῖς
3067 2350 3166 2416 μὲν
3189 2350 3552 2420 εἰσερχόμεθα
3576 2351 3652 2411 ὡς

2088 2439 2168 2500 είς
2199 2438 2528 2508 παράδεισον
2561 2439 2592 2508 ἢ
2650 2440 2742 2492 τὸν
2774 2440 3002 2508 οὐρανὸν
3036 2441 3126 2497 τὸν
3170 2442 3312 2494 Θεῑον
3342 2446 3490 2506 ναὸν,
3521 2445 3651 2508 ἔξω-

2089 2527 2179 2580 Θεν
2227 2529 2284 2582 δὲ
2335 2529 2533 2582 ἐκεῖνοι
2569 2530 2829 2600 μένουσι·
2859 2533 3147 2603 δηλοῦντος
3201 2534 3295 2587 τοῦ
3343 2533 3531 2605 ἔργου,
3576 2535 3652 2598 ὡς

2089 2621 2220 2690 ἡμῖν
2251 2619 2496 2692 ἀνεῶχθη
2541 2624 2608 2674 τὰ
2643 2623 2965 2694 ἐπουράνια,
2998 2628 3094 2678 καὶ
3147 2626 3248 2698 τὴν
3273 2627 3354 2690 είς
3385 2627 3454 2679 τὰ
3485 2627 3656 2696 "Arn.

2087 2713 2194 2764 τῶν
2229 2711 2399 2782 ἁγίων
2428 2713 2524 2784 ἤδη
2563 2710 2878 2787 εὑρήκαμεν
2904 2717 3128 2781 εἴσοδον,
3160 2719 3254 2772 καὶ
3287 2720 3652 2788 ἀναϐαίνομεν

2090 2803 2227 2872 πρὸς
2289 2805 2349 2857 τὸ
2395 2806 2530 2874 φῶς,
2593 2808 2685 2859 καὶ
2744 2807 2820 2878 τῷ
2859 2807 3033 2878 θρόνῳ
3081 2810 3288 2881 Κυρίου
3344 2812 3656 2877 ἐγγίζοντες

2091 2894 2482 2963 πλησιάζομεν.
2508 2897 2648 2967 Πρὸς
2671 2896 2746 2950 ἕω
2771 2899 2877 2968 γὰρ
2904 2899 2996 2951 καὶ
3019 2899 3078 2951 τὸ
3101 2900 3252 2971 βῆμα
3283 2903 3652 2971 πορευόμεθα,

2095 2988 2189 3037 καὶ
2215 2985 2573 3056 ἁρπαζόμεθα
2619 2989 2696 3051 ὡς
2743 2991 2801 3044 ὲν
2841 2991 3090 3057 νεφέλαις
3140 2995 3251 3056 τοῖς
3289 2992 3451 3056 θείοις
3477 2993 3653 3061 λόγοις

421 3111 598 3179 pirnur
638 3105 690 3160 in
724 3105 905 3174 templi
928 3105 1168 3175 adytum,
1194 3103 1245 3157 in
1268 3118 1554 3159 occursum
1577 3104 1914 3174 Dominiqui,
1935 3105 1988 3158 in

2094 3078 2187 3129 καὶ
2222 3074 2434 3147 ὕμνοις,
2465 3077 2654 3146 ὥσπερ
2708 3081 2786 3143 είς
2845 3081 3003 3151 ἀέρα,
3053 3083 3142 3134 τὸν
3182 3083 3336 3152 137
3392 3085 3656 3154 ἐνδοτέρω

420 3201 618 3257 coelum
649 3197 992 3252 ascendendo
1025 3211 1121 3251 nos
1146 3197 1294 3264 ipsos
1310 3210 1524 3266 quoque
1545 3197 1799 3260 elevavit,
1818 3211 1987 3266 seque

421 3291 579 3344 nobis
613 3289 751 3342 viam
785 3287 1033 3341 exhibuit
1068 3299 1125 3341 ut
1157 3303 1369 3356 semper
1400 3297 1454 3343 et
1483 3287 1682 3355 ubique
1717 3301 1840 3342 cum
1876 3286 1986 3341 Do-

423 3380 567 3434 mino
603 3393 870 3440 essemus,
911 3377 1004 3446 qui
1044 3392 1143 3447 pro
1190 3379 1352 3432 nobis
1379 3377 1684 3434 immolatus
1737 3386 1837 3432 est.
1863 3376 1987 3432 Ideo

421 3483 474 3526 et
511 3481 678 3540 porta:
707 3471 1024 3540 aperiuntur
1055 3476 1111 3524 et
1139 3469 1255 3524 vela
1293 3470 1581 3532 tolluntdr,
1641 3478 1699 3522 ut
1739 3482 1861 3536 quae
1898 3469 1988 3522 de-

426 3581 641 3619 sursum
668 3572 796 3617 sunt
815 3578 939 3616 eum
977 3562 1045 3616 iis
1065 3577 1184 3631 quae
1207 3561 1488 3626 deorsum,
1527 3561 1803 3614 uniantur.
1831 3559 1988 3614 Cate-

421 3657 675 3710 ebumeni
703 3664 884 3708 autem
945 3663 1000 3708 et
1025 3652 1231 3723 aliqum
1293 3652 1476 3707 caueri
1518 3651 1698 3706 adhuc
1754 3652 1806 3705 in
1843 3661 1987 3704 terra

421 3759 546 3804 sunt
576 3757 628 3801 et
656 3756 804 3802 extra
839 3749 1301 3809 communionem,
1331 3753 1518 3814 utpote
1557 3743 1650 3812 qui
1697 3744 1864 3797 Deum
1893 3758 1985 3798 ne-

421 3848 682 3908 gaverunt
709 3845 805 3890 aut
839 3836 1118 3892 homicidii
1155 3837 1229 3890 rei
1257 3845 1410 3899 sunt,
1465 3843 1517 3888 et
1550 3834 1764 3890 nonnisi
1798 3835 1987 3902 paula-

425 3932 518 3984 tim
554 3931 607 3983 in
658 3929 948 3984 ecclesiam
1008 3928 1465 3992 intromittuntur,
1515 3941 1688 3996 neque
1741 3941 1868 3982 vero
1932 3927 1986 3981 in

421 4021 590 4074 altum
626 4021 949 4087 ascendunt,
992 4019 1102 4074 imo
1131 4027 1184 4072 et
1213 4017 1598 4083 exeluduntur,
1637 4016 1738 4070 nisi
1770 4027 1989 4086 propter

424 4121 742 4182 praesentem
776 4112 938 4166 vitam
965 4121 1019 4166 et
1065 4109 1411 4180 perfectionis
1437 4123 1588 4178 spem
1617 4108 1988 4163 intromittun-

423 4215 529 4259 tur.
589 4204 693 4270 Qui
718 4219 844 4259 vero
884 4203 1134 4257 initiatus
1176 4217 1284 4256 non
1318 4208 1422 4264 est,
1455 4199 1679 4254 omnino
1731 4199 1988 4267 reproba-

425 4302 532 4355 lus,
564 4291 770 4344 nullam
792 4305 916 4344 cum
947 4289 1164 4344 Christo
1195 4288 1637 4342 communionem
1683 4287 1864 4353 habet,
1928 4297 1987 4341 ut

425 4398 522 4437 nec
554 4383 597 4436 is
620 4380 711 4449 qui
743 4379 1118 4449 pmnitentiam
1144 4392 1252 4431 non
1281 4377 1433 4442 facit,
1462 4366 1560 4430 aut
1595 4377 1648 4431 in
1677 4387 1823 4431 statu
1881 4379 1984 4432 im-

2089 3169 2232 3230 ναὸν,
2259 3169 2391 3238 πρὸς
2420 3168 2721 3240 ὑπάντησιν
2746 3173 2840 3225 τοῦ
2875 3176 3099 3240 Κυρίου,
3128 3175 3186 3238 ὃς
3207 3177 3481 3245 ἀνήγαγεν
3509 3178 3656 3245 ἡμᾶς

2089 3259 2199 3312 ἄνω
2247 3261 2328 3322 είς
2377 3261 2469 3313 τὸν
2519 3264 2748 3332 οὐρανὸν
2793 3266 3024 3330 ἀναϐὰς,
3077 3269 3168 3320 καὶ
3187 3268 3496 3338 ιήτοίμασεν
3523 3272 3654 3339 ἡμῖν

2088 3349 2206 3404 ὁδὸν
2237 3349 2450 3416 ἑαυτὸν,
2483 3353 2570 3406 ἵνα
2601 3356 2833 3408 πάντοτε
2869 3357 2966 3409 σὺν
2993 3359 3142 3428 αὐτῷ
3181 3360 3259 3428 τῷ
3288 3361 3478 3430 Κυρίῳ
3521 3364 3658 3415 sed»

2092 3442 2251 3511 μεοα,
2287 3445 2727 3515 ίερουργουμένῳ
2759 3447 2896 3519 ὑπὲρ
2927 3450 3104 3519 ἡμῶν.
3135 3451 3226 3503 Διὸ
3267 3453 3353 3506 καὶ
3393 3455 3446 3504 αἱ
3488 3453 3654 3506 πύλαι

2088 3536 2419 3604 ἀνοίγονται,
2465 3539 2654 3592 καὶτὰ
2697 3541 2973 3611 βηλόΘυρα
3004 3543 3242 3612 αἴρεται,
3281 3547 3354 3608 ὡς
3386 3547 3493 3599 τῶν
3543 3548 3656 3600 ἄνω

2088 3627 2447 3696 ἀνεωγμένων
2491 3635 2584 3683 καὶ
2619 3633 2731 3694 τοῖς
2759 3634 2851 3685 ἐπὶ
2888 3635 2992 3703 γῆς
3039 3637 3386 3690 ἑνωθέντων.
3418 3638 3656 3692 Ἐκεῖνοι

2086 3718 2143 3770 δὲ
2173 3721 2222 3771 οι
2259 3721 2659 3792 κατηχούμενοι
2691 3725 2786 3776 κο.)⁵
2818 3723 3019 3789 λοιποὶ,
3047 3726 3126 3779 ἔτι
3153 3728 3296 3780 εἰσιν
3321 3729 3380 3780 ἐν
3404 3733 3469 3798 τῇ
3496 3733 3589 3797 γῇ,
3619 3732 3651 3800 ἦ

2089 3809 2192 3874 ἔξω
2235 3811 2411 3882 πάντη
2463 3813 2934 3882 καταλειφθέντες,
2963 3817 3038 3878 ὡς
3076 3817 3126 3868 oi
3177 3817 3308 3872 Θεὸν
3341 3819 3657 3888 ἀρνησάμε-

2089 3919 2169 3954 νοι
2201 3904 2295 3955 καὶ
2336 3905 2384 3956 οἱ
2416 3906 2810 3972 πεφονευκότες
2842 3907 2934 3958 τὸν
2959 3907 3207 3976 ἀδελφὺν,
3238 3910 3270 3978 ἦ
3310 3909 3504 3979 μικρὸν
3542 3913 3655 3962 εἰσ-

2089 3992 2330 4054 ελθόντες
2379 3994 2428 4044 oi
2484 3996 2885 4064 κατηχούμενοί
2922 4013 2981 4049 τε
3030 4001 3122 4049 καὶ
3151 3999 3202 4049 οἱ
3234 4000 3291 4051 ὲν
3321 4001 3655 4069 πταίσμασιν

2089 4082 2268 4146 ἄλλοις
2292 4101 2306 4114 ·
2334 4086 2431 4137 οὐκ
2466 4085 2578 4138 ἄνω
2610 4087 2667 4137 δὲ
2688 4086 3096 4154 ἀναόαίνοντες,
3133 4089 3269 4142 ἀλλὰ
3299 4092 3392 4142 καὶ
3425 4090 3649 4154 ὲξιυοούο

2091 4189 2242 4240 μενοι
2304 4173 2425 4242 μετ’
2454 4174 2654 4244 ὀλίγον.
2689 4177 2846 4230 Ἐπεὶ
2903 4181 2996 4231 καὶ
3055 4180 3116 4231 τὺ
3150 4180 3416 4234 εἰσελθεῖν
3450 4187 3651 4252 μικρὸν

2091 4264 2182 4315 νῦν
2216 4264 2303 4315 διὰ
2337 4266 2434 4333 τὴν
2467 4267 2748 4335 παροῦσαν
2790 4267 2935 4340 ζωὴν
2961 4273 3053 4322 καὶ
3084 4271 3183 4341 τὴν
3217 4272 3406 4325 ἐλπίδα
3435 4275 3532 4344 τῆς
3570 4292 3657 4326 τε-

2091 4355 2380 4417 λειώσεως.
2421 4358 2478 4410 Ei
2537 4357 2580 4411 δ’
2627 4359 2888 4430 ἀμύητός.
2907 4380 2993 4423 τις
3043 4363 3292 4429 ἀπέλθοι,
3346 4361 3499 4428 οὗτος
3547 4367 3654 4432 ἔξω

425 4446 759 4539 pmnitentiae
785 4467 1098 4535 defungitur
1164 4476 1219 4520 et
1283 4480 1408 4520 cum
1465 4466 1674 4520 caeteris
1741 4467 1985 4535 reprohis

2092 4446 2368 4539 παντελῶς
2397 4449 2572 4513 ἔσται,
2605 4453 2698 4503 καὶ
2729 4451 2824 4504 τοῦ
2859 4455 3058 4524 μέρους
3089 4456 3331 4528 Χριστοῦ
3354 4457 3652 4527 ἀλλότριος,

424 4557 789 4615 damnationis
839 4572 961 4612 reus
998 4558 1074 4610 iit.
1126 4556 1268 4611 Deus
1327 4556 1589 4612 Dominus
1643 4566 1844 4620 autem,
1896 4561 1986 4628 qni

427 4648 575 4704 solus
605 4647 780 4702 bonus
806 4655 860 4701 et
909 4645 1224 4701 misericors
1261 4655 1366 4710 est,
1391 4645 1480 4699 det
1512 4653 1568 4699 ut
1601 4659 1792 4698 omnes
1814 4648 1906 4715 qui
1931 4648 1986 4701 in

429 4739 604 4808 ipsum
627 4738 875 4804 credunt,
901 4737 1264 4808 baptizatique
1291 4743 1482 4790 suntet
1502 4735 1986 4811 catechizati,eum

428 4828 496 4883 iis
524 4827 614 4896 qui
642 4836 767 4897 post
796 4827 1124 4896 baptismum
1159 4833 1497 4894 peccarunt,
1544 4823 1595 4878 in
1629 4832 1771 4878 statu
1820 4825 1989 4894 pteni-

428 4923 610 4974 tcntia:
637 4919 906 4973 decedant
934 4927 988 4972 et
1011 4931 1135 4972 cum
1165 4915 1388 4970 Christo
1428 4916 1847 4985 coniungantur.
1883 4915 1990 4970 Sed

429 5009 578 5077 impii
604 5021 820 5078 queque
855 5007 922 5060 ad
953 5005 1230 5061 Christum
1286 5012 1672 5060 convertantur
1701 5014 1752 5058 et
1805 5005 1988 5073 gloria:

429 5102 754 5171 participem
779 5100 895 5169 ejus
952 5099 1043 5168 qui
1103 5099 1225 5153 vita:
1282 5097 1455 5151 honor
1492 5105 1545 5150 et
1579 5097 1828 5166 voluptas
1885 5103 1990 5162 est,

430 5206 523 5260 per
545 5206 703 5259 quem
739 5189 954 5261 nosipsi
978 5205 1100 5244 vere
1127 5201 1316 5243 sumus
1346 5194 1400 5242 et
1451 5201 1548 5256 per
1607 5201 1765 5256 quem
1809 5186 1990 5242 omnis

430 5275 680 5334 creatui‘a
719 5278 856 5332 facta
885 5290 985 5334 est.

2091 4538 2166 4600 ὡς
2204 4540 2300 4592 καὶ
2353 4542 2380 4592 ὁ
2417 4541 2492 4612 μὴ
2513 4543 2580 4596 τὰ
2611 4544 2709 4610 τῆς
2757 4549 3051 4614 μετανοίας
3091 4550 3383 4620 ἐνεργῆσαι
3421 4551 3657 4601 σπουδὰ-

2094 4645 2214 4696 σας,
2247 4632 2341 4682 καὶ
2374 4633 2495 4702 δίχα
2555 4637 2850 4702 μετανοίας
2897 4638 3171 4703 ἀπελθὼν,
3220 4641 3317 4694 σὺν
3361 4644 3470 4702 τοῖς
3501 4641 3657 4693 ἀλλος

2091 4722 2260 4789 τρίοις
2293 4721 2448 4775 ἔσται
2480 4726 2827 4796 κατάκριτος.
2869 4728 3028 4783 Ἀλλὰ
3053 4729 3168 4800 δῴῃ
3200 4730 3423 4801 Κύριος,
3454 4730 3658 4800 ἀγαθὸς

2093 4811 2168 4864 ὢν
2196 4815 2292 4867 καὶ
2321 4816 2481 4882 μόνος
2510 4817 2811 4888 οἰκτίρμων
2846 4823 3258 4892 οίκτειρηθῆναι
3290 4823 3497 4885 πάντας
3534 4822 3656 4885 τοὺς

2097 4908 2177 4966 εἰς
2219 4905 2382 4959 αὑτὸν
2447 4908 2821 4976 πιστεύοντας,
2859 4915 2950 4965 καὶ
3011 4916 3402 4982 βαπτισθέντας
3448 4918 3659 4977 πάντας

2099 4999 2558 5068 κατηχουμένους,
2609 5004 2706 5055 σὺν
2742 5006 2856 5064 τοῖς
2895 5007 3254 5076 ,ἡμαρτηκόσι
3302 5008 3438 5076 μετὰ
3465 5007 3524 5059 τὸ
3565 5007 3660 5074 βά-

2098 5105 2330 5158 πτισμα,
2353 5092 2409 5143 ἐν
2441 5093 2701 5165 μετανοίᾳ
2731 5095 2825 5149 τοῦ
2863 5096 3114 5167 σώματος
3166 5097 3422 5164 ἐξελθεῖν,
3459 5099 3552 5150 καὶ
3581 5097 3663 5165 τῷ

2099 5181 2322 5250 Χριστῴ
2365 5183 2652 5252 ἐνωθῆναι.
2700 5187 2863 5241 ’Λλλὰ
2899 5188 2992 5240 καὶ
3025 5190 3150 5250 τοὺς
3197 5188 3412 5251 ἁσεδείς
3443 5191 3662 5255 γένοιτο

2101 5275 2236 5343 πρὸς
2272 5275 2432 5328 αὐτὸν
2463 5278 2552 5330 τὸν
2599 5280 2837 5349 Χριστὸν
2878 5281 3336 5350 ἐπιστρέψαντας,
3363 5280 3661 5348 ἀξιωθῆναι

429 5373 523 5440 τῆς
557 5373 718 5424 αὑτοῦ
749 5373 902 5442 δόξης
924 5388 939 5403 ο
979 5373 1034 5435 ὃς
1082 5375 1176 5424 καὶ
1213 5371 1372 5441 μόνος
1406 5369 1583 5440 τρυφὴ
1616 5371 1710 5423 καὶ
1740 5367 1854 5439 ζωὴ
1893 5370 1985 5422 καὶ
2016 5369 2336 5436 ἀπόλαυσις,
2373 5375 2466 5427 καὶ
2494 5376 2552 5427 τὸ
2580 5376 2747 5440 ὅντως
2792 5376 2850 5430 ὃν
2892 5368 3006 5431 καῖ
3029 5381 3086 5429 τὸ
3114 5375 3254 5432 εἶναι
3314 5380 3456 5448 ἡμᾶς
3519 5379 3660 5442 ἐστι,

430 5465 495 5515 δι’
521 5466 577 5518 ὃν
613 5466 705 5516 καὶ
739 5465 912 5517 πάντα
943 5467 1010 5517 τὰ
1043 5465 1168 5517 ὄντα
1202 5466 1421 5533 γέγονε.

499 5556 755 5612 Clericus.
797 5555 1134 5621 Qua'sumus,
1169 5558 1404 5620 domine,
1455 5564 1511 5610 ut
1567 5572 1660 5626 per
1717 5556 1994 5610 interven-

431 5656 630 5706 tiunem
663 5662 711 5707 ct
739 5666 923 5722 preces
958 5658 1273 5704 Sanctorum
1305 5652 1455 5706 salus
1489 5654 1746 5713 ouinibus
1779 5651 1989 5704 contin-

429 5755 541 5816 gat.

2171 5559 2487 5621 [ιὐιηρικός.
2523 5555 2733 5610 Γένοιτο
2765 5560 2917 5627 ἡμῖν,
2937 5560 3190 5626 δέσποτα,
3218 5561 3332 5624 ταῖς
3360 5560 3462 5614 τῶν
3489 5557 3660 5628 ἁγίων

2100 5649 2285 5718 εὐχαῖς
2319 5650 2351 5718 ἡ
2385 5650 2626 5719 σωτηρία
2651 5653 2770 5713 ,τοῖς
2805 5653 2987 5705 πᾱςιν.
