4044 6198
415 251 510 314 ιθι
1477 239 1576 299 DE
1618 234 1894 298 SACRIS
1927 233 2606 298 ORDINATIONIBUS.

3549 235 3653 298 369

485 361 850 431 "Apzieprtic.
883 358 992 412 Ναὶ
1021 357 1142 420 ταῖς
1175 355 1496 426 πρεσϐείαις
1512 357 1612 426 τῆς
1633 357 1976 426 Θεομήτορος

2159 351 2430 420 Pontifex.
2481 351 2769 407 Faciamus
2803 351 3050 420 proiecto
3085 361 3144 406 ut
3177 351 3416 422 Dciparae
3444 359 3498 406 et
3539 367 3648 407 om-

413 457 502 510 καὶ
553 453 770 506 πάντων
830 450 940 503 τῶν
981 447 1230 516 ἀγγέλων
1261 447 1354 500 καὶ
1389 447 1604 499 πάντων
1648 446 1757 501 τῶν
1807 447 1978 514 ἁγίων

411 547 618 616 γένοιτο
665 541 877 603 πάντας
943 539 1182 606 σωθῆναι
1237 535 1364 598 τοὺς
1421 535 1702 599 εὐσεϐεῖς·
1747 537 1875 600 τοὺς
1923 536 1980 590 δέ

413 634 626 693 ἀσεϐεῖς
657 629 796 700 πρὸς
824 627 1112 681 εὐσέϐειαν
1145 621 1494 692 ἐπιστρέψαι.
1518 621 1628 675 Καὶ
1655 623 1766 676 τῶν
1799 623 1982 692 ἑτερο-

417 727 578 793 δόξων
623 723 694 776 τὰ
726 719 904 790 πλήθη
952 716 1092 786 πρὸς
1129 715 1190 768 τὸ
1224 712 1504 782 όρθόδοξον
1533 711 1726 777 ἐλθεῖν,
1763 712 1976 784 ἀνάγκη

411 821 534 886 γὰρ,
567 813 663 868 καὶ
703 811 926 880 ἀγάπης
957 807 1120 877 ἔργον
1149 803 1305 870 Θεοῦ,
1347 803 1408 857 τὸ
1457 803 1594 875 ὑπὲρ
1636 803 1854 856 πάντων
1887 801 1980 857 εὖ·

411 909 796 1065 χ-ῑὲῗιζρικόε.
833 991 965 1046 Ἰδοὺ
999 989 1094 1044 καὶ
1139 985 1208 1041 τὰ
1247 985 1374 1057 περὶ
1405 985 1500 1039 τοῦ
1545 983 1692 1038 θείου
1727 986 1974 1056 ἔγνωμεν

379 1047 816 1153 ’ναοίξξον
855 1082 1007 1153 αὑτῷ
1039 1079 1168 1152 περὶ
1197 1047 1470 1131 πλείστων
1507 1075 1708 1132 ἄλλων.
1749 1047 1972 1142 Ᾰοιπδν,

407 1184 526 1248 am
560 1181 824 1242 δέσποτα,
867 1174 1058 1230 καὶτὰ
1109 1172 1238 1241 περὶ
1276 1170 1387 1224 τῶν
1436 1168 1598 1239 ιερῶν
1629 1161 1990 1240 χειροτονιῶν

407 1276 535 1342 ἡμῖν
562 1272 828 1344 δήλωσον.

2089 443 2242 498 nium
2277 441 2594 512 angelorum
2627 451 3054 511 sanctorumque
3083 443 3336 511 precibus
3369 457 3558 498 omnes
3585 441 3654 514 pii

2089 532 2399 596 salventur,
2446 532 2594 602 impii
2655 540 2836 588 autem
2893 534 2959 586 ad
3019 531 3177 588 ﬁdem
3248 541 3654 598 convertantur,

2089 637 2152 677 ac
2183 623 2338 677 turba
2371 619 2664 676 inﬁdelium
2697 625 2762 676 ad
2805 621 2962 676 ﬁdem
2994 620 3277 676 accedam.
3303 617 3408 676 Pro
3442 623 3654 677 cunctis

2085 713 2230 768 enim
2257 727 2448 783 preces
2497 711 2732 769 faciendi
2793 714 3089 770 necessitas
3156 713 3413 768 charitati
3460 713 3655 768 divina:

2085 803 2336 860 inbzeret.

2159 987 2412 1043 Clericus.
2473 987 2550 1042 En
2585 1003 2612 1040 a
2659 997 2710 1043 te
2745 985 2920 1042 edocti
2950 1001 3142 1044 sumus
3169 1003 3289 1059 quae
3321 983 3388 1042 ad
3412 987 3654 1042 divinum

2087 1081 2346 1150 templum
2381 1081 2673 1150 pertinent,
2725 1091 2780 1136 et
2811 1095 2934 1136 cum
2973 1082 3090 1152 ejus
3145 1075 3452 1150 cognitione
3487 1081 3654 1135 multa

2087 1173 2194 1226 alia
2225 1174 2494 1229 novimus.
2532 1174 2826 1241 Caeterum,
2897 1183 3086 1230 sancte
3137 1174 3378 1236 domine.
3447 1175 3654 1244 explica

2088 1280 2310 1335 quoque
2339 1265 2496 1322 nobis
2522 1281 2642 1334 quae
2665 1281 2850 1322 sacras
2879 1267 3254 1324 ordinationes
3279 1276 3550 1324 spectant.

1119 1435 1378 1528 ΠΕΡΙ
1451 1441 1680 1528 ΤΩΝ
1749 1439 2074 1526 ΙΕΡΩΝ
2156 1437 2938 1546 ΧΕΙΡΟΤΟΝΙΩΝ.

1406 1650 1522 1710 DE
1567 1651 1865 1716 SACRIS
1911 1649 2226 1715 0RDINA
2241 1649 2530 1714 TIONIB
2547 1651 2663 1712 US.

471 1819 838 1894 Ἀρχιρρεύς.
869 1820 1042 1876 Τοῦτο
1065 1822 1130 1892 δὴ
1157 1825 1255 1878 καὶ
1285 1827 1521 1892 ποιήσω,
1547 1824 1670 1876 ἐπέὶ
1699 1824 1794 1878 καὶ
1813 1824 1980 1890 ἀναγ-

403 1919 560 1969 καῖον
583 1920 700 1980 τοις
733 1915 1056 1986 ίερωμένοις
1083 1917 1218 1986 ἡμῖν
1272 1917 1340 1969 τὰ
1397 1917 1526 1985 περὶ
1582 1917 1690 1968 τῶν
1755 1918 1812 1970 ἐν
1844 1917 1980 1985 ἡμῖν

403 2007 569 2062 θείων
595 2009 830 2061 τελετῶν
891 2009 1018 2071 τοὺς
1062 2008 1252 2075 λόγους
1303 2008 1526 2070 ειδέναι,
1557 2009 1632 2072 ὡς
1679 2007 1746 2062 ἂν
1781 2007 1979 2077 μᾶλλον

399 2099 770 2167 γινώσκοντες
809 2099 936 2152 οἴων
999 2099 1422 2170 κατηξιώθημεν
1477 2099 1838 2169 δωρημάτων,
1887 2099 1976 2151 εὐ·
2007 2136 2054 2195 Β

401 2191 690 2261 γνώμονες
715 2189 893 2244 δοῦλοι
938 2193 1066 2260 περὶ
1114 2191 1206 2244 τὸν
1263 2191 1560 2260 εὐεργέτην
1592 2193 1972 2260 τυγχάνωμεν,

399 2283 496 2336 καὶ
521 2282 619 2334 τοῦ
655 2282 802 2334 θείου
833 2281 995 2350 ἔργου
1024 2282 1190 2336 αὑτοῦ
1209 2283 1304 2352 ὅση
1337 2281 1566 2350 δύναμις
1587 2280 1978 2350 ἐπιμελώμεθα

404 2373 548 2440 μετὰ
569 2371 764 2440 φόϐου,
805 2371 894 2424 ἵνα
945 2373 1042 2424 καὶ
1071 2373 1162 2424 τὸν
1197 2371 1392 2441 μισθὸν
1451 2371 1853 2426 πολλαπλάσιον
1884 2369 1976 2423 εὖ-

403 2478 618 2532 ρωμεν,
655 2463 773 2516 ἀντὶ
838 2461 1037 2532 μικροῦ
1073 2479 1219 2523 τινος
1265 2463 1478 2531 ἀγῶνος
1534 2463 1630 2516 καὶ
1674 2461 1840 2514 πόνου
1879 2461 1976 2531 τὴν

401 2552 548 2620 ὑπὲρ
601 2552 761 2618 λόγον
814 2551 1074 2615 λαϐόντες
1121 2553 1494 2622 ἀντιμισθίαν,
1543 2553 1640 2606 και)⁵
1691 2553 1974 2624 τοιαύτην,

399 2639 520 2691 οἷαν
545 2637 698 2707 παρὰ
727 2637 866 2690 Θεοῦ
901 2637 1212 2708 ἄνθρωπος,
1241 2641 1268 2692 ὁ
1305 2639 1404 2708 μὲν
1433 2639 1493 2692 τὸ
1547 2642 1690 2692 κατὰ
1740 2637 1974 2708 δύναμιν

397 2727 654 2790 δεδωκὼς
679 2726 754 2790 ὡς
795 2727 1000 2796 κτίσμα
1055 2728 1151 2782 καὶ
1195 2727 1719 2798 κτισμάτων-μέρος
1774 2727 1972 2797 βραχὺ,

395 2820 422 2872 ὁ
451 2817 514 2872 δὲ
551 2817 628 2881 ὡς
659 2819 816 2888 μόνος
862 2817 993 2880 Θεὸς
1031 2821 1122 2870 καὶ
1157 2818 1382 2885 κτίστης
1415 2820 1508 2871 καὶ
1542 2818 1720 2872 πάντα
1745 2819 1978 2887 δυνάμε-

398 2927 514 2974 νος,
549 2911 646 2962 καὶ
670 2910 746 2979 μὴ
790 2911 1124 2974 τούναντίον,
1160 2911 1188 2964 ὃ
1235 2909 1504 2980 μηδαμῶς
1557 2910 1694 2974 ὅλως
1743 2911 1974 2978 γένοιτο,

398 3005 734 3074 κατάκρισις
780 3004 928 3059 ἐλθοι
980 3009 1110 3071 τινὶ,
1143 3007 1220 3069 ὡς
1264 3007 1338 3078 μὴ
1389 3006 1449 3060 τὸ
1481 3006 1744 3062 τάλαντον
1795 3006 1978 3068 καλῶς

397 3097 906 3170 ἐμπορευσαμένῳ,
937 3098 971 3170 ἢ
1003 3100 1103 3171 τὴν
1139 3099 1296 3153 θείαν
1331 3101 1470 3169 μνᾶν
1500 3099 1720 3170 ἐκείνην
1751 3099 1828 3162 ὡς
1875 3115 1981 3153 κα-

397 3191 738 3260 ταχώσαντι,
769 3190 804 3260 ἢ
845 3191 988 3245 κατά
1035 3208 1088 3244 τι
1119 3191 1600 3260 παραχαράξαντι.
1663 3191 1804 3243 ’ἀλλ’
1845 3193 1978 3262 ἡμῖν

334 3265 338 3268 ’
397 3281 570 3342 ἵλεως
599 3282 684 3350 εἴη
714 3281 868 3343 Θεὸς,
899 3283 928 3334 ὁ
961 3281 1058 3336 τοῦ
1088 3281 1224 3334 Θεοῦ
1283 3281 1396 3346 ζῶν
1445 3282 1596 3348 Υἱὸς,
1653 3285 1680 3336 ὁ
1715 3283 1840 3346 Tib;
1886 3285 1978 3336 ἀν-

399 3371 632 3441 θρώπου
653 3372 918 3438 γεγονὼς,
949 3373 1046 3426 καὶ
1103 3373 1282 3440 μέγας
1334 3373 1494 3440 μόνος
1547 3373 1838 3444 ἀρχιερεὺς
1873 3374 1980 3445 Ἰη-

2165 1817 2434 1886 Ρτηιίῖρσ.
2505 1813 2620 1871 lloc
2681 1823 2829 1872 certe
2889 1809 3104 1882 faciam,
3167 1828 3292 1873 cum
3351 1819 3508 1875 nobis
3560 1817 3652 1890 qui

2079 1913 2382 1968 consecrati
2447 1927 2640 1968 sumus
2698 1911 2842 1966 scire
2925 1913 3298 1966 necessarium
3363 1913 3434 1969 sit
3483 1915 3652 1967 ratio-

2079 2021 2203 2059 nem
2245 2005 2554 2058 divinorum
2615 2003 3006 2070 mysteriorum
3070 2018 3302 2072 quorum
3355 2005 3652 2073 participes

2081 2111 2294 2158 sumus,
2325 2105 2382 2150 ut
2409 2111 2518 2164 quo
2545 2095 2718 2164 magis
2745 2093 3131 2163 cognoscimus
3159 2095 3360 2164 quibus
3405 2095 3564 2150 donis
3595 2110 3648 2148 et

2081 2187 2270 2256 gratiis
2293 2186 2496 2257 dignati
2529 2199 2744 2248 sumus.
2763 2199 2828 2240 eo
2851 2183 3516 2255 aequioremetgratiorem
3539 2201 3654 2241 ser-

2079 2275 2306 2330 vitutem
2379 2276 2708 2332 benefactori
2759 2286 2948 2331 nostro
3005 2276 3392 2342 exhibeamus,
3451 2288 3508 2330 et
3555 2294 3653 2346 pro

2079 2368 2288 2422 viribus
2317 2367 2504 2424 divino
2531 2369 2682 2437 operi
2721 2370 2930 2438 agendo
2985 2383 3107 2424 cum
3161 2371 3355 2424 timore
3405 2371 3654 2426 studiose

2081 2458 2486 2514 incumbamus.
2515 2463 2632 2526 Qua
2661 2460 2872 2516 ratione
2915 2461 3274 2530 multiplicem
3343 2463 3649 2518 mercedem

2079 2566 2182 2622 pro
2213 2552 2429 2606 modico
2460 2553 2760 2608 certamine
2788 2561 2840 2608 et
2871 2552 3058 2606 labore
3105 2567 3530 2623 consequemur,
3558 2571 3652 2610 re-

2081 2643 2516 2697 munerationem
2549 2642 2886 2712 accipientes
2919 2644 3110 2698 merita
3159 2653 3344 2700 nostra
3379 2647 3653 2700 exceden-

2083 2731 2499 2802 tem,talemque
2530 2733 2744 2801 qualem
2775 2748 2806 2788 a
2839 2731 2948 2786 Deo
2978 2733 3254 2786 hominem
3283 2735 3654 2805 accipere'par

2081 2821 2302 2886 cst,hic
2335 2821 2634 2876 secundum
2657 2822 2804 2878 vires
2850 2823 3122 2888 tribuens,
3183 2834 3238 2878 et
3297 2824 3443 2878 velut
3501 2839 3656 2880 crea-

2079 2921 2202 2966 tura
2257 2923 2310 2966 et
2361 2923 2738 2968 creaturarum
2770 2915 2964 2983 pusilla
2999 2915 3211 2984 portio;
3271 2915 3360 2970 ille
3389 2925 3446 2970 ut
3501 2919 3654 2972 solus

2081 3011 2300 3058 creator
2321 3012 2376 3057 et
2404 3005 2770 3072 omnipotens.
2807 3003 3008 3058 Contra
3043 3013 3224 3059 autem
3287 3007 3436 3060 nullo
3495 3007 3654 3062 modo

2083 3095 2212 3149 fiat:
2249 3095 2632 3152 condemnatio
2687 3111 2784 3166 pro
2821 3097 3072 3153 mercede
3101 3098 3152 3150 ei
3179 3099 3528 3164 retribuatur,
3561 3100 3654 3170 qui

2083 3189 2152 3244 de
2183 3189 2386 3244 talento
2409 3187 2516 3244 sibi
2541 3189 2748 3244 credito
2779 3197 2924 3244 recte
2957 3203 3063 3242 non
3131 3188 3292 3244 fuerit
3323 3191 3653 3260 negotiatus.

2083 3281 2168 3334 vel
2201 3280 2442 3334 divinam
2479 3280 2626 3334 illam
2653 3295 2836 3334 mnam
2871 3280 2926 3334 in
2963 3289 3168 3334 terram
3233 3281 3527 3346 defoderit,
3560 3293 3658 3336 aut

2081 3371 2266 3440 ahquo
2297 3371 2460 3426 modo
2499 3370 2906 3426 adulteraverit.
2937 3371 3042 3428 Sed
3073 3373 3338 3442 pmpitius
3377 3374 3448 3429 sit
3500 3375 3658 3431 nobis

399 3464 556 3529 σοῦς,
593 3466 624 3516 ὁ
651 3463 846 3534 Σωτὴρ
883 3463 974 3516 τοῦ
1001 3463 1233 3533 κόσμου,
1267 3464 1295 3516 ό
1335 3465 1592 3536 Χριστὸς,
1621 3468 1648 3518 ὁ
1687 3466 1972 3534 ἀμίαντος,

2083 3464 2248 3530 Deus,
2285 3463 2378 3518 Dei
2409 3464 2516 3518 vivi
2555 3463 2756 3529 Filius,
2787 3471 2844 3520 et
2877 3465 3028 3520 solus
3063 3479 3294 3534 magnus
3343 3471 3658 3539 episcopus,

393 3555 426 3608 ὁ
451 3555 610 3618 ὅσιός
637 3572 704 3608 τε
719 3555 816 3609 καὶ
849 3555 1076 3621 ἄκακος,
1105 3558 1132 3608 ὁ
1165 3555 1522 3626 είρηνάρχης,
1547 3558 1576 3610 ὁ
1607 3559 1969 3626 εἰρηνοποιδς,

395 3649 425 3702 ὁ
452 3651 642 3720 πρᾶος
674 3648 774 3718 τὴν
801 3647 1026 3719 καρδίαν
1055 3648 1148 3702 καὶ
1186 3649 1462 3715 ταπεινὸς,
1493 3651 1522 3703 ὁ
1573 3651 1778 3722 ποιμὴν
1821 3655 1848 3704 ὁ
1875 3669 1973 3705 κα·-

393 3737 511 3806 λδς,
547 3740 648 3792 καὶ
689 3739 859 3801 τιθεὶς
903 3739 1004 3810 τὴν
1057 3739 1235 3810 ψυχὴν
1279 3741 1422 3810 ὑπὲρ
1465 3741 1574 3795 τῶν
1641 3743 1970 3812 προϐάτων·

395 3835 496 3889 καὶ
519 3831 634 3902 δῴη
657 3833 942 3900 ἀγαπῆσαι
969 3832 1132 3884 αὐτὸν
1158 3833 1378 3896 ὀλικῶς,
1412 3835 1510 3888 καὶ
1532 3835 1606 3899 ὡς
1640 3834 1795 3904 φίλον
1823 3837 1974 3907 αὐτῷ

395 3919 460 3972 ἐν
491 3918 668 3988 αὐτῷ,
707 3917 876 3972 αὐτοῦ
915 3921 1180 3990 ποιμᾶναι
1211 3921 1273 3974 τὸ
1333 3925 1609 3990 ποίμνιον,
1643 3925 1736 3977 καὶ
1768 3925 1835 3978 τὰ
1874 3927 1974 3993 τῆς

397 4009 556 4072 θείας
598 4009 902 4080 ίερωσύνής
940 4011 1110 4065 αὐτοῦ
1144 4013 1218 4076 ὡς
1267 4015 1531 4085 βουλητὸν
1563 4015 1712 4086 αὺτῷ
1743 4016 1976 4070 ἕκαστον

396 4099 564 4170 ἡμῶν
595 4101 738 4153 κατᾶ
765 4103 856 4154 τὸν
883 4103 1246 4157 ἐπιϐάλλοντα
1277 4105 1486 4174 βαθμὸν
1512 4105 1789 4159 ἐκτελέσαι

397 4208 460 4245 τε
503 4196 601 4245 καὶ
638 4195 946 4264 πληρῶσαι,
987 4199 1078 4248 καὶ
1115 4198 1382 4265 ἐνωοῆναι
1408 4198 1576 4268 αὐτῷ,
1611 4198 1980 4268 εὐηρεστηκό-

397 4297 500 4345 τας
527 4284 700 4352 αὐτῷ,
748 4285 846 4338 καὶ
875 4287 974 4338 σὺν
1017 4289 1084 4358 τῇ
1117 4289 1236 4358 θείᾳ
1273 4289 1475 4360 ποίμνῃ
1509 4288 1674 4342 αὐτοῦ
1708 4289 1765 4341 ἐν
1831 4289 1976 4356 αὐτῷ

400 4377 497 4426 καὶ
532 4377 680 4444 ἡμᾶς
711 4377 969 4448 σωθῆναι.
1013 4379 1270 4448 ’Λρκτέον
1307 4381 1362 4432 δὲ
1395 4381 1496 4452 ἤδη
1537 4383 1666 4450 περὶ
1719 4377 1814 4433 τοῦ
1846 4395 1978 4450 προ-

399 4469 678 4537 κειμένου.

989 4663 1238 4722 ΚΕΦΑΔ.
1281 4663 1466 4738 qu'.

401 4773 532 4830 Ὅτι
563 4777 674 4829 δύω
707 4781 1066 4846 χειροτονίαι
1099 4781 1215 4843 ἕξω
1243 4783 1345 4834 τοῦ
1383 4783 1682 4850 βήματος.
1714 4784 1977 4852 ἀναγνώ-

367 4917 373 4922 _
469 4863 626 4900 στου
657 4835 754 4924 argi
793 4835 1238 4924 {Daedtuxdroui
1283 4835 1578 4924 τρεῗςυδὲῗ
1736 4853 1814 4916 τῷ
1838 4835 1974 4918 ’,βψ

2089 4835 2117 4839 _
2141 4835 2233 4840 μ.--
2277 4835 2633 4844 --_....--.-..-..
2667 4835 2818 4846 μη...
2849 4835 2997 4848 .,.,.....
3039 4835 3144 4852 σηυ
3171 4835 3466 4854 ,πριαιμη-

2161 4859 2376 4912 leuet-is
2427 4873 2472 4912 et
2530 4863 2845 4916 subdiaconi
2877 4883 2896 4918 .·
2945 4869 2998 4918 in
3041 4869 3242 4922 bemate
3296 4883 3466 4924 autem

463 4934 610 4983 ματι
632 4959 646 4982 ,
707 4917 1011 4982 διακόνου,
1045 4921 1454 4988 πρεσϐυτέρου
1486 4923 1584 4973 καὶ
1616 4917 1974 4978 ἐπισκόπου.

477 5009 585 5058 Δύο
617 5009 720 5076 μὲν
760 5005 852 5061 οὖν
888 5009 994 5061 είσι
1049 5011 1378 5079 χειροθεσίαι
1425 5011 1529 5076 ἔξω
1584 5013 1677 5064 τοῦ
1711 5013 1974 5082 βήματος,

397 5095 432 5162 ἡ
467 5097 568 5150 τοῦ
627 5097 982 5165 ἀναγνώστου
1033 5101 1126 5152 καὶ
1182 5099 1557 5156 ὑποδιακόνου.
1607 5105 1724 5156 Εἰσὶ
1764 5104 1818 5156 δὲ
1882 5109 1977 5158 καὶ

399 5187 592 5252 ἄλλαι,
621 5187 900 5258 ὀφφικίων
935 5192 1158 5261 δηλαδὴ,
1189 5194 1282 5245 καὶ
1308 5193 1342 5261 ἡ
1370 5194 1463 5245 τοῦ
1499 5197 1794 5248 δεποτάτου
1819 5197 1850 5266 ἦ
1875 5215 1974 5264 κη-

401 5279 644 5348 ωφὸρου
668 5283 846 5333 εἰπεῖν
885 5285 988 5352 πρὸ
1019 5289 1126 5336 τῶν
1148 5288 1512 5352 άναγνωστῶν
1543 5291 1827 5358 γινομένη,
1856 5291 1976 5360 ἣτις

397 5373 504 5423 οὐκ
539 5369 635 5424 οἷδ’
672 5374 817 5438 ὅπως
850 5375 948 5428 οὐκ
982 5379 1285 5447 ἐνεργεῖται
1310 5395 1324 5411 ⁶
1357 5381 1548 5448 ὥσπερ
1592 5381 1646 5434 δὲ
1677 5383 1770 5434 νῦν
1803 5383 1974 5446 ἐξέλι-

403 5477 532 5512 πεν.
576 5461 664 5514 Ἐν
689 5463 742 5514 δὲ
783 5467 848 5532 τῇ
882 5466 990 5516 τῶν
1045 5467 1483 5521 Θεσσαλονικέων
1527 5471 1830 5544 Ἐκκλησία
1882 5475 1976 5527 καὶ

401 5551 512 5614 πρὸ
535 5553 716 5619 ὀλίγου
753 5553 895 5620 αὕτη
923 5551 1014 5624 ἦν,
1045 5559 1137 5609 καὶ
1153 5561 1270 5620 ταῖς
1301 5561 1558 5630 ἀρχαίαις
1594 5563 1974 5617 ὑποτυπώσεσι

404 5641 732 5710 γέγραπται.
779 5641 1078 5713 Ἐξαίρετοι
1113 5647 1166 5700 δὲ
1201 5653 1527 5718 χειροτονίαι
1561 5653 1708 5715 ἐντὸς
1755 5653 1846 5706 τοῦ
1879 5655 1974 5723 βξ,-

613 5743 880 5803 ΡΑτιωει.
922 5745 1034 5802 (ἓιι
1077 5748 1252 5810 CLV.

2084 3557 2334 3612 Salvator
2369 3556 2580 3624 mundi,
2621 3557 2716 3627 qui
2747 3557 2998 3613 Christus
3019 3564 3126 3622 est,
3165 3573 3356 3627 purus,
3409 3565 3656 3626 sanctus,

2085 3649 2291 3716 peccati
2323 3663 2542 3719 expers,
2602 3651 2858 3720 princeps
2893 3649 3063 3720 pacis.
3105 3651 3364 3719 pacisque
3405 3655 3660 3708 concilia-

2083 3749 2190 3805 tor,
2219 3741 2382 3795 corde
2413 3743 2560 3795 mitis
2592 3749 2646 3796 et
2677 3741 2922 3808 humilis,
2955 3741 3046 3812 qui
3089 3741 3268 3796 bonus
3303 3752 3388 3798 est
3439 3755 3653 3812 pastor,

2085 3835 2320 3886 animam
2365 3848 2574 3902 ponens
2619 3849 2718 3902 pro
2768 3835 2968 3889 ovibus
3001 3834 3138 3899 suis,
3173 3835 3446 3904 donetque
3501 3837 3658 3890 nobis

2085 3923 2262 3990 ipsum
2287 3939 2472 3978 amare
2503 3933 2614 3978 toto
2648 3923 2854 3990 animo,
2915 3935 3080 3996 atque
3132 3935 3192 3981 ut
3239 3928 3339 3997 ipsi
3393 3929 3654 3998 placitum

2085 4025 2166 4066 est
2199 4029 2292 4082 per
2317 4016 2492 4082 ipsum
2519 4015 2692 4084 ipsius
2725 4017 2866 4072 ovile
2919 4033 3166 4086 pascere,
3197 4027 3252 4074 et
3291 4036 3452 4076 sacra
3483 4021 3654 4076 divini

2085 4104 2204 4172 ejus
2230 4107 2514 4160 sacerdotii
2550 4123 2778 4162 munera
2811 4124 3255 4181 unumquemque
3292 4123 3657 4169 nostrumsc-

2085 4195 2326 4248 eundum
2365 4197 2593 4264 gradum
2654 4198 2756 4266 ipsi
2817 4200 3156 4268 impositum,
3209 4201 3328 4270 ejus
3389 4205 3654 4258 Voluntati

2085 4289 2449 4356 obsequentes
2496 4291 2758 4358 perlicere
2783 4301 2840 4348 et
2881 4293 3202 4364 adimplere,
3261 4304 3318 4348 ut
3369 4313 3492 4351 cum
3551 4298 3652 4366 ipsi

2087 4379 2474 4447 placuerimus,
2501 4384 2548 4436 ei
2599 4385 2816 4438 tandem
2879 4386 3154 4451 uniamur,
3206 4397 3263 4442 et
3315 4405 3410 4459 per
3471 4391 3652 4460 ipsum

2085 4485 2211 4524 cum
2239 4473 2427 4526 divino
2453 4475 2571 4544 ejus
2597 4491 2760 4546 grege
2793 4493 2896 4532 nos
2918 4494 3134 4549 quoque
3165 4481 3463 4538 salvemur.
3497 4481 3654 4537 Nunc

2087 4564 2325 4618 materiae
2360 4569 2652 4636 propositze
2681 4569 2986 4624 inchoanda
3029 4577 3304 4628 tractatio.

2657 4679 2886 4737 CAPUT
2927 4683 3102 4738 CLVI.

2089 4787 2234 4872 Dii-(Is
2275 4791 2633 4872 ordinationes
2654 4804 2818 4872 extra
2835 4797 2997 4872 _bema
3039 4799 3146 4852 sive
3171 4803 3473 4854 sacrarium
3515 4806 3654 4872 fieri,

2161 4887 2376 4940 ll'f-IUII?
2427 4887 2470 4912 et
2530 4887 2843 4916 attuutucum
2877 4887 2895 4918 .'
2945 4887 2998 4918 lu
3041 4887 3242 4922 veritate
3296 4887 3466 4924 autem
3527 4887 3654 4940 tres,

2155 4931 2390 4992 diacoa,
2419 4932 2710 5000 presbyteri
2741 4947 2898 5004 atque
2934 4939 3186 5008 episcopi.

2159 5021 2283 5074 Duae
2316 5035 2444 5076 sunt
2471 5023 2640 5091 igitur
2664 5037 2813 5080 extra
2847 5033 3224 5084 sanctuarium
3259 5047 3514 5086 manuum
3549 5033 3652 5086 im-

2087 5113 2410 5182 positioues,
2442 5115 2662 5170 lectoris
2696 5126 2750 5172 et
2785 5121 3168 5189 hypodiaconi.
3219 5122 3361 5176 Sunt
3405 5135 3457 5178 et
3513 5129 3676 5188 alue;

2085 5203 2386 5258 oiliciorum
2417 5201 2689 5270 videlicet,
2719 5219 2772 5262 et
2799 5211 3068 5280 deputati,
3097 5213 3234 5280 sive,
3263 5223 3320 5268 ut
3347 5217 3418 5269 ita
3452 5216 3651 5275 dicam.

2084 5291 2372 5355 eercoferi,
2401 5309 2522 5362 quae
2560 5305 2686 5350 ante
2723 5299 2979 5353 lectorem
3017 5301 3348 5362 celebratur.
3399 5309 3506 5362 Ista
3555 5325 3650 5362 ne-

2082 5383 2197 5435 Scio
2224 5399 2328 5452 qua
2363 5383 2572 5439 ratione
2603 5401 2711 5440 non
2743 5391 2799 5442 lit
2826 5391 3076 5459 amplius,
3097 5401 3152 5447 et
3185 5411 3331 5450 nunc
3359 5400 3518 5452 velut:
3552 5401 3650 5452 dc-

2083 5475 2214 5527 licit.
2253 5473 2478 5544 Vigebat
2507 5489 2688 5532 autem
2719 5491 2846 5552 ante
2876 5498 3108 5552 paucum
3153 5496 3364 5558 tempus
3401 5491 3452 5544 in
3483 5489 3652 5546 Thcs-

2080 5581 2138 5620 sa
2167 5566 2232 5618 iu:
2273 5565 2540 5634 Ecclesia,
2575 5581 2626 5624 et
2655 5571 2706 5624 in
2735 5575 2978 5646 antiquis
3025 5579 3358 5636 formulariis
3385 5583 3652 5638 describi-

2081 5665 2187 5710 tur.
2231 5656 2626 5718 Ordinationes
2662 5679 2840 5723 autem
2883 5669 3094 5726 eximiae
3125 5683 3174 5725 et
3232 5673 3445 5743 proptie
3485 5675 3649 5732 dictae

3183 5772 3251 5832 1').
