4044 6198
326 273 428 334 363

1146 263 1288 322 SYM
1304 260 1529 320 EONIS
1569 254 1865 317 Tl—IESSA
1877 252 2340 316 LONICENSiS
2381 248 2740 309 ARCHIEP.

3458 235 3560 298 3M

324 399 445 453 quae
469 381 611 434 intra
641 377 1017 433 sanctuarinm
1051 375 1187 429 tinnit
1221 374 1354 426 etin
1387 373 1502 441 ipsa
1537 370 1884 425 sanctissima
1922 423 1924 430 Α

2010 385 2201 435 ματα,
2237 365 2329 419 καὶ
2355 366 2412 417 ἐν
2438 366 2504 434 τῇ
2567 361 2837 433 ἱερωτάτῃ
2872 354 3116 428 τραπέζῃ
3153 355 3232 417 είς
3267 352 3436 406 τύπον
3468 354 3562 423 τῆς

325 487 539 531 mensa,
594 480 706 522 tres
775 477 904 520 sunt
963 467 1018 518 in
1046 464 1336 518 Trinitatis
1364 461 1772 517 similitudinem
1827 463 1893 516 dc

325 561 522 631 quibus
548 558 788 626 loquitur
845 564 1072 610 sanctus
1109 555 1432 620 Dionysius,
1463 551 1710 615 diaconi,
1771 566 1894 619 pre-

329 651 536 721 sbyteri
566 661 619 704 et
655 649 917 718 episcopi.
965 649 1129 701 Istam
1165 646 1384 716 quidam
1411 652 1566 698 vocat
1619 643 1894 697 ministra-

323 747 559 806 tionem,
592 741 742 797 velut
775 740 838 794 ad
878 740 1185 794 ministrum
1238 737 1623 807 pertinentem,
1657 744 1711 789 et
1758 734 1891 787 dua-

323 838 425 892 bus
455 837 576 890 aliis
613 834 1046 900 suliordinatam.
1083 829 1226 884 Nihil
1283 831 1425 882 enim
1478 828 1726 882 minister
1777 829 1893 881 sive

324 930 593 983 diaconus
623 929 742 981 sine
776 926 1032 995 episeOpo
1057 923 1136 976 vel
1173 922 1490 991 presbytero
1541 919 1690 972 facit.
1745 917 1894 974 llanc

326 1031 504 1073 autem
536 1007 910 1089 perfeeiivam,
966 1031 1086 1081 qua:
1139 1014 1348 1069 scilicet
1394 1012 1459 1065 ad
1516 1011 1891 1080 presbyterum

326 1119 558 1183 spectat,
620 1126 846 1181 quaeque
875 1108 1129 1164 sacriﬁcii
1178 1117 1234 1160 ct
1259 1104 1603 1173 baptismatis
1642 1101 1895 1172 mysteria

325 1216 377 1258 et
400 1204 500 1256 alia
536 1204 783 1272 quaedam
820 1209 1099 1271 operatur,
1130 1214 1235 1251 non
1298 1204 1478 1250 autem
1531 1194 1712 1248 omnia
1743 1209 1757 1256 ;
1796 1207 1893 1248 nec

325 1299 469 1349 enim
497 1295 891 1348 ordinationes.
925 1289 1055 1344 Nam
1107 1288 1336 1360 gratiam
1374 1286 1892 1339 communicativam

329 1403 436 1440 non
490 1386 675 1449 habet,
729 1400 903 1453 neque
958 1381 1158 1450 aliquid
1217 1379 1359 1432 aliud
1413 1374 1766 1445 ιιιιιΐιοιὶνιιιη
1811 1373 1896 1427 vel

332 1477 748 1528 illizaninatitum
778 1475 1076 1543 producere
1106 1478 1302 1539 potest,
1328 1467 1418 1520 sed
1481 1466 1736 1535 mysteria
1807 1479 1896 1519 so-

330 1568 438 1621 lum
473 1578 526 1620 et
551 1567 876 1634 haptismmn
903 1564 1183 1632 perlicere.

889 1652 1114 1708 CAPUT
1156 1651 1358 1706 CLVII.

427 1746 622 1801 Omnia
667 1743 1033 1798 ecclesiastica
1073 1761 1102 1794 a
1138 1743 1251 1794 solo
1297 1741 1482 1809 perﬁci
1529 1740 1794 1808 episc0po.

403 1905 598 1957 Verum
633 1900 924 1969 episcopus
953 1897 1294 1952 illuminandi
1321 1899 1426 1954 vim
1458 1897 1637 1959 habet,
1662 1909 1728 1948 eo
1754 1892 1898 1962 quod

333 1995 544 2048 Patrem
602 1995 869 2046 luminum
926 1992 1212 2058 imitatur,
1265 1990 1546 2060 ipsiusque
1627 1989 1889 2041 virtutem

332 2087 547 2143 abunde
581 2086 854 2156 possidet,
880 2093 929 2137 et
958 2099 1056 2154 per
1077 2084 1269 2153 ,ipsum
1303 2083 1482 2136 omnis
1535 2081 1694 2144 ordo,
1744 2093 1905 2134 omne

335 2181 654 2252 mysterium
715 2189 770 2232 et
809 2185 1236 2231 sacramentum.
1307 2174 1426 2244 Ipse
1485 2173 1628 2227 enim
1683 2172 1905 2226 ordina-

336 2273 482 2325 tione
508 2284 606 2323 sua
635 2279 688 2323 et
717 2269 1004 2337 baptizare
1033 2267 1197 2328 valet,
1228 2264 1390 2320 simul
1422 2273 1475 2319 et
1535 2278 1752 2318 sacrum
1806 2277 1907 2316 un-

332 2371 589 2432 guentum
650 2361 954 2423 coniicere;
1006 2368 1062 2411 et
1112 2372 1232 2426 quae
1276 2357 1345 2410 ad
1403 2355 1790 2421 ministerium,
1852 2362 1908 2408 et

339 2452 756 2522 perfectionem,
801 2462 856 2504 et
884 2449 1342 2502 illuminationem
1379 2447 1676 2516 pertinent,
1744 2445 1906 2516 perli-

335 2562 481 2612 cere,
506 2554 560 2600 et
598 2546 797 2614 legere,
823 2553 874 2598 et
912 2543 1168 2612 psallere,
1203 2549 1258 2594 et
1293 2539 1591 2594 monachos
1611 2538 1909 2594 constitue-

335 2652 416 2703 re,
447 2645 501 2692 ct
527 2638 719 2690 domos
741 2635 1018 2700 dedicare,
1051 2643 1108 2689 et
1148 2633 1352 2703 gradus
1411 2633 1527 2686 sive
1580 2631 1751 2685 ollicia
1796 2631 1910 2686 dis~

335 2731 598 2796 tribuere,
635 2738 690 2782 et
754 2725 1107 2781 matrimonio
1166 2725 1514 2794 conjungere,
1559 2731 1614 2777 et
1671 2724 1907 2792 virgines

335 2837 667 2893 congregare
702 2829 756 2876 et
787 2832 1139 2882 consecrare,
1167 2818 1351 2872 omnia
1381 2816 1622 2884 denique
1651 2830 1748 2884 per
1788 2829 1912 2883 gra-

338 2917 468 2969 tiam
502 2913 706 2968 Christi
748 2922 1038 2982 praestare;
1090 2909 1275 2962 omnia
1332 2908 1475 2961 enim
1537 2905 1910 2960 ecclesiastica

336 3012 404 3063 ab
437 3009 553 3078 ipso
581 3007 726 3062 velut
756 3004 979 3058 luminis
1006 3003 1158 3056 fonte
1194 3001 1585 3070 perﬁciuntur;
1649 2998 1769 3053 ideo
1797 2998 1910 3066 epi-

340 3115 540 3169 scopus
599 3097 989 3151 illuminativus
1014 3102 1258 3148 vocatur.
1309 3091 1460 3144 Nunc
1489 3100 1669 3143 autem
1731 3089 1798 3142 ab
1845 3102 1910 3143 eo

337 3190 521 3259 gratia:
550 3188 693 3244 dono
742 3186 1090 3254 incipiemus,
1120 3182 1264 3250 quod
1315 3193 1396 3235 est
1458 3181 1704 3234 omnium
1743 3178 1912 3233 mini-

340 3295 510 3339 mum,
543 3289 600 3330 ut
624 3276 772 3332 brevi
803 3277 867 3329 ad
901 3274 1200 3345 perfectum
1224 3272 1575 3327 accedamus.
1598 3272 1710 3324 Hoc
1741 3269 1910 3323 etiam

343 3375 415 3424 ita
447 3372 623 3424 visum
656 3377 741 3422 est
766 3381 960 3436 magno
992 3364 1268 3434 Dionysio,
1301 3363 1390 3432 qui
1425 3379 1455 3416 a
1509 3363 1742 3416 diacono
1775 3362 1912 3416 inci-

342 3464 499 3532 piens
537 3457 602 3513 ad
659 3457 972 3526 episcopum
1011 3468 1337 3524 progressus
1370 3460 1470 3508 est.
1510 3451 1620 3506 Nos
1659 3452 1826 3520 igitur
1859 3458 1912 3504 et

343 3555 410 3607 de
436 3548 540 3606 hoc
555 3559 610 3604 et
630 3549 696 3603 de
714 3549 834 3603 aliis
859 3562 1074 3617 qucque
1093 3547 1272 3600 dicere
1292 3545 1552 3608 volentes,
1577 3558 1604 3596 a
1629 3543 1804 3612 primo
1825 3556 1912 3596 sa-

343 3641 572 3698 cerdotii
607 3639 960 3701 charismate,
993 3635 1403 3705 quilectoratus
1427 3642 1534 3699 est,
1556 3632 1911 3701 incipiemus.

888 3747 1115 3803 CAPUT
1153 3745 1383 3801 CLVIII.

528 3844 804 3909 Quomodo
847 3843 1016 3896 lector
1052 3841 1116 3895 ab
1149 3841 1392 3910 episcopo
1432 3838 1726 3893 ordinetur.

415 3960 514 4015 llic
567 3975 695 4030 ergo
743 3958 810 4013 ad
859 3959 1172 4026 episcopum
1235 3953 1545 4015 adducitur,
1580 3953 1704 4006 dato
1763 3948 1914 4018 prius

345 4053 660 4107 testimonio
686 4051 826 4120 quod
861 4057 1066 4104 sanctae
1096 4047 1168 4102 sit
1199 4046 1342 4111 vitae,
1369 4043 1515 4115 quod
1563 4057 1719 4098 sacra
1783 4057 1912 4095 con-

351 4143 658 4200 tcrsatione
689 4153 742 4196 et
803 4141 1148 4210 promotione
1178 4139 1396 4207 dignus,
1457 4136 1774 4203 litterasque
1825 4147 1915 4186 sa-

348 4253 472 4289 cras
533 4233 806 4288 didicerit.
851 4233 1156 4301 Episc0pns
1209 4240 1390 4283 autem
1455 4241 1668 4280 sacram
1719 4227 1913 4277 stolam

349 4327 598 4387 indutus,
629 4334 680 4380 et
712 4324 960 4390 pallium,
987 4321 1132 4389 quod
1179 4321 1234 4372 in
1284 4318 1435 4372 onmi
1485 4318 1626 4371 sacri
1670 4313 1911 4383 mysterii

1998 458 2222 528 Tp-.&60;
2247 458 2416 527 τρεῖς,
2454 457 2585 518 περὶ
2608 449 2680 505 ὧν
2709 453 2805 505 καὶ
2828 452 2856 504 ὁ
2883 449 3030 520 ἱερός
3067 464 3201 528 φησι
3255 444 3555 506 Διονύσιος·

1998 523 2157 619 ἡ-τοῦ
2190 523 2465 610 διακόνου,
2497 547 2530 615 ἡ
2565 543 2660 598 τοῦ
2688 541 3090 613 πρεσϐυτέρου,
3113 523 3210 591 καὶ
3241 537 3273 606 ἡ
3329 534 3424 588 τοῦ
3449 536 3568 588 ἐπι-

2001 641 2228 695 σκόπου.
2263 639 2373 693 Καὶ
2397 638 2496 708 τὴν
2519 637 2618 707 μέν
2645 652 2777 705 φησι
2829 630 3211 700 λειτουργικὴν
3242 627 3320 692 ὡς
3362 627 3568 706 ὑπηρέ-

1997 753 2113 801 του,
2149 735 2241 788 καὶ
2275 735 2332 784 ἐν
2356 735 2476 794 ταῖς
2508 730 2602 783 δύο
2661 729 2897 797 ἔχουσαν
2934 723 3129 787 τάξιν’
3189 720 3343 774 οὐδὲν
3395 721 3505 788 γὰρ
3539 719 3567 770 ὸ

1995 823 2375 894 λειτουργικδς
2398 823 2524 892 -ῆτοι
2577 821 2826 881 διάκονος
2851 817 3066 886 ἐνεργεῖ
3093 813 3218 884 δίχα
3266 811 3566 864 ἐπισκόπου

2001 917 2034 988 ἢ
2072 915 2447 986 πρεσϐυτέρου
2472 930 2486 945 ο
2518 913 2616 984 τὴν
2667 911 2723 975 δε
2761 906 3100 976 τελεστικὴν,
3137 906 3236 974 τὴν
3284 903 3381 956 τοῦ
3437 918 3568 970 πρε·
3625 948 3630 953 .

2006 1006 2271 1076 σϐυτέρου
2301 1002 2564 1075 δηλονότι,
2623 1001 2720 1060 τὰς
2756 999 2976 1060 τελετὰς
3025 995 3146 1064 μὲν,
3194 994 3294 1062 τὴν
3343 992 3442 1060 τῆς
3490 992 3565 1042 is.

2004 1101 2277 1171 ρουργίας
2313 1100 2410 1152 καὶ
2439 1099 2533 1150 τοῦ
2599 1096 2976 1167 βαπτίσματος
3020 1091 3114 1144 καὶ
3165 1090 3363 1159 ἐτέρας
3414 1077 3564 1155 ἐνερ-

1999 1193 2225 1259 γοῦσαψ
2283 1192 2343 1244 οὐ
2395 1191 2494 1253 τὰς
2550 1191 2730 1250 πάσας
2780 1187 2876 1252 -δέ,
2925 1183 3046 1237 οὐδὲ
3137 1183 3244 1254 μὴν
3325 1197 3567 1251 χειροτο-

1999 1285 2140 1345 νίας.
2191 1284 2303 1336 Καὶ
2350 1283 2460 1354 γὰρ
2521 1283 2581 1335 ού
2638 1282 2736 1352 τὴν
2791 1276 3150 1350 μεταδοτικὴν
3213 1274 3326 1344 ἔχει
3367 1275 3565 1342 χάριν,

1958 1373 1960 1376 ’
1998 1375 2107 1426 οὐδ’
2161 1373 2324 1426 ἄλλον
2383 1372 2698 1424 τελεστικδν
2749 1371 2788 1440 ,ἢ
2825 1368 3155 1439 φωτιστικὺν
3202 1365 3447 1435 ἐνεργεῖν
3486 1362 3571 1426 ἐξα-

2001 1466 2211 1535 ισχύει·
2278 1464 2455 1518 τελεῖν
2507 1464 2561 1519 δὲ
2612 1462 2774 1533 μόνον
2826 1464 2893 1515 τὰ
2955 1458 3196 1531 μυστικὰ
3241 1459 3336 1510 καὶ
3385 1456 3445 1510 τὸ
3477 1454 3568 1524 βά-

2002 1575 2229 1628 πτισμα.

2571 1649 2824 1702 ΚΕΦΑΛ.
2855 1643 3025 1701 ΡΝΖ’.

1931 1719 1971 1773 Β
2002 1745 2131 1796 Ὀτι
2162 1741 2361 1837 mire?
2390 1742 2461 1796 τὰ
2489 1739 2994 1837 τῆςλἚίικυίησιάς
3028 1738 3216 1807 μόνος
3261 1737 3491 1806 ἐνεργεῖ
3539 1739 3571 1790 ό

2603 1812 2964 1873 ἐπίσκοπος.

2093 1908 2151 1961 Ὀ
2186 1907 2242 1960 δέ
2269 1923 2332 1974 γε
2389 1903 2655 1975 ίεράρχης
2694 1880 3024 1970 φωτισττικός
3057 1902 3226 1965 ἐστιν,
3261 1903 3342 1954 ὅτι
3387 1901 3570 1968 μιμεῖ-

2007 2016 2102 2052 ται
2131 2000 2224 2052 τὸν
2257 1997 2476 2067 Πατέρα
2504 1997 2614 2050 τῶν
2646 1995 2863 2065 φώτων,
2896 1995 2990 2048 καὶ
3033 1995 3133 2063 τὴν
3155 1992 3319 2047 αὑτοῦ
3352 1992 3574 2044 πλουτεῖ

2013 2073 2249 2160 δύναμιν
2270 2106 2285 2120 ο
2323 2091 2419 2143 καὶ
2449 2090 2598 2141 πᾶσα
2623 2087 2797 2153 τάξις,
2827 2090 2922 2141 καὶ
2946 2087 3059 2139 πᾶν
3115 2088 3439 2156 μυστήριον,
3477 2085 3572 2137 καὶ

2007 2185 2159 2236 πᾶσα
2187 2180 2380 2251 τελετὴ
2410 2181 2479 2233 δι’
2536 2178 2727 2233 αὐτοῦ.
2784 2178 2957 2243 Αὐτὸς
2990 2178 3099 2248 γὰρ
3145 2178 3236 2230 καὶ
3293 2175 3572 2246 βαπτίζειν

2007 2275 2152 2346 ἅμα,
2177 2275 2270 2328 καὶ
2306 2273 2478 2344 μύρον
2508 2274 2775 2342 ἐνεργεῖν,
2809 2273 2905 2326 καὶ
2954 2270 3335 2342 λειτουργικδν
3357 2272 3450 2323 καὶ
3485 2286 3574 2323 τε·

2007 2365 2258 2418 λεστικδν
2299 2362 2586 2418 ἀποτελεῖν
2637 2364 2734 2418 καὶ
2783 2361 3114 2432 φωτιστικδν
3152 2364 3219 2432 τῇ
3274 2359 3575 2432 χειροτονίᾳ

2011 2456 2191 2526 ἰσχύει
2215 2473 2228 2486 ·
2263 2456 2360 2508 καὶ
2393 2455 2817 2524 ἀναγινώσκειν,
2851 2455 2945 2508 καὶ
2983 2453 3229 2524 ψάλλειν,
3289 2453 3382 2505 κει)⁸
3413 2453 3576 2522 μονά-

2011 2548 2205 2612 ζοντας
2236 2547 2526 2617 καθιστᾷν,
2550 2547 2642 2600 καὶ
2665 2545 2961 2617 καθιεροῦν
2981 2545 3187 2609 οἴκους,
3221 2547 3315 2599 καὶ
3337 2545 3575 2614 βαθμοὺς

2011 2642 2291 2709 χορηγεῖν,
2351 2640 2446 2692 καὶ
2494 2638 2632 2706 πρὸς
2665 2638 2846 2707 γάμον
2884 2642 3195 2703 συνάπτειν,
3228 2639 3324 2688 καὶ
3375 2637 3576 2706 παρθε-

2013 2731 2268 2793 νεύοντας
2295 2733 2576 2799 συνιστᾷν,
2608 2731 2708 2784 καὶ
2731 2730 2910 2783 πάντα
2936 2731 3110 2783 ποιεῖν
3137 2731 3323 2800 χάριτι
3341 2729 3577 2799 Χριστοῦ

2011 2823 2258 2876 δύναται.
2301 2823 2390 2886 Ὠς
2424 2823 2533 2893 γὰρ
2561 2821 2669 2875 ἀπὸ
2701 2823 2886 2890 πηγῆς
2918 2822 3116 2890 φωτὸς,
3175 2823 3350 2873 πάντα
3381 2820 3448 2872 δι’
3477 2821 3575 2871 αὑ·-

2011 2915 2104 2969 τοῦ
2126 2915 2191 2967 τὰ
2217 2915 2316 2984 τῆς
2345 2914 2676 2983 Ἐκκλησίας
2701 2913 2937 2965 τελεῖται
2963 2929 2976 2943 ·
3012 2912 3094 2965 διὸ
3115 2917 3210 2965 καὶ
3250 2913 3576 2978 φωτιστικδς

2013 3006 2339 3076 ὀνομάζεται
2368 3008 2396 3058 ὁ
2431 3006 2754 3069 ἐπίσκοπος.
2789 3005 2938 3068 Τέως
2977 3005 3035 3058 δέ
3069 3006 3173 3076 ήδη
3215 3006 3325 3059 ἀπὸ
3369 3005 3465 3058 τοῦ
3495 3006 3577 3059 δο-

2015 3099 2240 3160 κοῦντος
2269 3098 2601 3168 μικροτέρου
2625 3098 2733 3150 τῶν
2758 3096 3099 3167 δωρημὰτων
3147 3097 3455 3166 ἀρχόμεθα,
3503 3098 3579 3161 ὡς

2015 3191 2081 3244 ἂν
2111 3191 2252 3244 κατὰ
2303 3191 2477 3260 βραχὺ
2537 3193 2614 3251 εἰς
2642 3189 2703 3243 τὸ
2749 3188 2953 3241 τέλειον
2989 3187 3252 3258 ἔλθωμεν.
3289 3188 3459 3242 Τοῦτο
3521 3189 3577 3241 δὲ

2014 3284 2108 3336 καὶ
2131 3282 2205 3353 τῷ
2239 3284 2464 3355 μεγάλῳ
2488 3283 2650 3335 καλὸν
2681 3281 2928 3352 ἐγνώσθη
2980 3282 3280 3352 Διονυσίῳο
3335 3284 3424 3334 καὶ
3471 3284 3577 3336 ἀπὸ

2012 3375 2107 3428 τοῦ
2161 3375 2410 3427 διακόνου
2445 3373 2774 3444 ἀρξάμενος,
2829 3375 2910 3436 είς
2969 3375 3066 3425 τὸν
3096 3374 3393 3426 ἐπίσκοπον
3422 3369 3576 3444 ἦλθε.

2014 3469 2122 3520 Καὶ
2181 3468 2348 3536 ἡμεῖς
2405 3466 2586 3518 τοίνυν
2654 3467 2752 3520 καὶ
2831 3468 2959 3535 περὶ
3032 3465 3140 3518 τῶν
3197 3465 3372 3519 ἄλλων
3434 3468 3579 3534 ἐρεῖν

2016 3557 2330 3628 βουλόμενοι
2381 3556 2490 3609 ἀπὸ
2547 3556 2645 3610 τοῦ
2696 3556 2914 3624 πρώτου
2973 3556 3081 3608 τῶν
3129 3555 3229 3624 τῆς
3277 3555 3576 3625 ἱερωσύνης

2015 3647 2371 3718 χαρισμάτων
2390 3646 2709 3716 ἀρξώμεθα.
2733 3647 2888 3700 Ἐστι
2919 3646 2974 3698 δέ
2999 3646 3060 3698 τὸ
3087 3645 3180 3699 τοῦ
3202 3646 3573 3714 ἀναγνώστου.

2123 3752 2125 3754 ’
2559 3758 3018 3814 KE¢AA.Pan

2015 3851 2208 3919 Ὅπως
2230 3855 2262 3906 ὀ
2287 3839 2684 3922 ἀναγνώστης
2712 3853 2832 3906 ὑπὸ
2863 3849 2968 3903 τοῦ
2996 3851 3275 3919 ιεράρχου
3298 3850 3571 3903 τελεῖται.

2090 3966 2260 4029 Οὗτος
2287 3958 2468 4020 τοίνυν
2503 3964 2834 4048 προσάγεται
2860 3963 2937 4033 τῷ
2965 3967 3235 4035 ἀρχιερεῖ,
3294 3982 3580 4034 μαρτυρη-

2018 4057 2128 4120 θεὶς
2163 4053 2305 4110 εἶναι
2341 4056 2439 4108 τοῦ
2469 4054 2636 4122 ἁγνοῦ
2676 4054 2817 4123 βίου,
2849 4059 2945 4107 καὶ
3002 4055 3153 4119 ἄξιος
3185 4057 3474 4126 ἀναγωγῆς
3510 4059 3582 4108 ie-

2021 4151 2141 4220 ρᾶς,
2178 4150 2269 4201 καὶ
2299 4151 2365 4201 τὰ
2400 4150 2520 4217 ἱερὰ
2554 4148 2709 4210 εἰδὼς
2733 4148 3060 4216 γράμματα.
3098 4150 3202 4199 Καὶ
3224 4150 3251 4201 ὁ
3288 4147 3578 4217 ἀρχιερεὺς

2021 4239 2373 4306 ἐνδεδυμένος
2399 4237 2593 4308 στολὴν
2630 4237 2802 4307 ἱερὰν,
2838 4238 2932 4290 καὶ
2976 4239 3034 4290 τὸ
3074 4237 3410 4309 ώμοφόριον,
3442 4241 3469 4292 ὃ
3517 4240 3580 4307 δὴ
3667 4290 3670 4293 .

2020 4331 2113 4382 ἐπὶ
2148 4333 2294 4400 πάσῃ
2324 4330 2478 4398 φέρει
2503 4329 2622 4400 ἱερᾷ
2644 4329 2854 4398 τελετῇ,
2887 4329 3044 4383 τοῦτο
3072 4333 3178 4402 γὰρ
3213 4334 3443 4384 ἐκτυποῖ
3489 4332 3581 4382 τὸν

349 4415 688 4471 uitifectioue
723 4425 936 4484 gestare
975 4415 1115 4467 solet
1167 4412 1295 4478 (hoc
1350 4409 1498 4463 enim
1561 4413 1916 4474 reprmsentat

2032 4419 2240 4488 Ἰησοῦν
2286 4423 2419 4475 Θεὸν
2460 4423 2590 4476 ὄντα
2634 4423 2730 4475 καὶ
2789 4423 3171 4491 σαρκωθέντα,
3229 4425 3443 4492 εὐλογεῖ
3495 4424 3582 4474 τὸν

348 4510 532 4563 Jesum
561 4507 728 4560 Deum
763 4512 817 4559 et
839 4505 1225 4570 incarnatum),
1261 4500 1367 4554 Deo
1394 4499 1686 4562 benedicit,
1713 4498 1913 4566 gratias

348 4600 742 4654 convenienter
773 4610 940 4666 agens
961 4597 1015 4648 in
1047 4594 1194 4648 omni
1228 4591 1321 4648 Dei
1357 4607 1540 4660 opere,
1569 4591 1661 4645 sed
1683 4593 1916 4644 maxime

351 4707 448 4762 pt‘O
481 4690 698 4742 homine
729 4689 822 4758 qui
857 4689 908 4741 in
959 4688 1126 4754 ipsius
1161 4685 1522 4738 miniSIerium
1563 4682 1800 4752 eligitur.
1829 4680 1917 4739 Fif-

353 4786 463 4838 nita
492 4782 728 4851 Trisagii
754 4780 1000 4835 oratione
1038 4793 1066 4830 a
1095 4778 1313 4831 clericis
1338 4775 1622 4829 luminaria
1679 4775 1918 4829 terrenti-

354 4878 478 4940 bus,
511 4874 638 4941 quia
687 4881 798 4924 tum
831 4868 1158 4922 illuminatio
1196 4867 1254 4919 lit
1283 4875 1337 4919 et
1373 4865 1545 4933 gratia
1595 4862 1919 4916 communi-

351 4973 529 5030 ca}ur,
560 4962 852 5028 episcopus
908 4965 1114 5009 vestem
1178 4959 1389 5022 nigram
1425 4967 1545 5022 qua:
1591 4950 1918 5005 humiiitatis

353 5068 407 5109 et
443 5053 682 5122 religiosi
728 5050 940 5105 timoris
993 5048 1301 5118 symbolum
1359 5057 1462 5110 est,
1522 5044 1816 5106 benedicit,
1863 5050 1918 5096 et

355 5144 789 5201 consecrandum
819 5141 972 5210 jubet
1004 5155 1122 5193 eam
1178 5138 1422 5192 induere.
1478 5135 1596 5202 Quo
1647 5134 1790 5187 facto
1853 5134 1919 5185 ad

355 5257 478 5294 eum
513 5237 828 5298 adducitur,
857 5243 910 5288 et
937 5232 1297 5292 benedicitur,
1331 5228 1487 5296 signo
1521 5227 1702 5280 crucis
1732 5226 1800 5277 ab
1855 5239 1919 5277 eo

359 5339 438 5382 ter
469 5343 632 5380 manu
664 5335 919 5395 peracto:
949 5333 1133 5392 postea
1168 5321 1507 5390 ohsignatur.
1533 5317 1744 5372 Tondet
1774 5317 1917 5370 enim

354 5422 642 5490 episcopus
679 5419 905 5487 capillos
936 5416 1130 5485 capitis
1189 5414 1306 5483 ejus
1341 5413 1393 5465 in
1437 5412 1663 5481 ﬁguram
1715 5409 1916 5471 crucis,

355 5513 594 5565 divinum
628 5520 678 5564 et
703 5505 1038 5564 tremendum
1063 5506 1348 5560 Trinitatis
1389 5519 1587 5557 nomen
1610 5515 1776 5570 super
1799 5515 1919 5554 eum

358 5602 641 5662 invocans,
687 5617 750 5654 ex
787 5616 889 5670 qua
921 5597 1097 5654 omnis
1134 5612 1289 5652 sacra
1322 5595 1667 5649 consecratio
1701 5601 1753 5645 et
1801 5606 1918 5660 my-

359 5691 606 5747 sterium.
638 5688 875 5746 Primum
906 5690 1121 5760 quidem
1149 5687 1374 5756 capillos
1406 5688 1459 5739 in
1494 5684 1697 5739 vertice
1722 5682 1913 5750 Capitis

2019 4512 2153 4565 Θεὸν
2187 4503 2530 4584 εὐχαριστῶν
2553 4515 2832 4584 ἁρμοδίως
2893 4516 2986 4567 ἐπὶ
3027 4517 3192 4568 παντὶ
3243 4517 3391 4586 ἔργῳ
3427 4515 3579 4577 Θεοῦ,

2019 4601 2114 4653 καὶ
2143 4601 2378 4670 μάλιστα
2402 4603 2494 4655 ἐπὶ
2521 4603 2795 4672 ἀνθρώπῳ
2819 4605 2896 4666 είς
2916 4604 3221 4674 ὑπηρεσίαν
3243 4605 3584 4672 ἐκλεγομένῳ

2019 4691 2206 4748 αὑτοῦ.
2241 4694 2350 4746 Καὶ
2375 4693 2477 4761 τῆς
2509 4695 2819 4764 προσευχῆς
2843 4693 2936 4747 τοῦ
2982 4694 3281 4764 Τρισαγίου
3310 4697 3460 4762 παρὰ
3479 4696 3585 4746 τῶν

2020 4784 2302 4850 κληρικῶν
2333 4783 2706 4852 τελεσθείσης,
2761 4785 2918 4852 φῶτα
2958 4780 3444 4855 κρατούντων,’ὃτι
3477 4803 3583 4852 φω-

2020 4877 2215 4944 τισμὸς
2244 4876 2456 4943 γίνεται
2481 4877 2576 4928 καὶ
2611 4876 2814 4929 δίδοται
2846 4877 3022 4945 χάρις,
3055 4880 3082 4929 ὁ
3138 4878 3401 4946 ἱεράρχης
3460 4878 3586 4944 ipti-

2022 4983 2138 5020 τιον
2171 4967 2480 5037 εὐλογήσας
2526 4967 2717 5036 μέλαν,
2781 4968 2996 5021 κελεύει
3045 4968 3204 5022 τοῦτο
3266 4968 3587 5021 ἐνδύσασθαι

2025 5057 2116 5109 τὸν
2146 5057 2492 5127 τελούμενον,
2517 5059 2578 5110 τὸ
2604 5059 2859 5113 ταπεινὸν
2899 5061 2994 5113 καὶ
3028 5060 3260 5122 εύλαεὲς
3290 5061 3390 5128 τῆς
3442 5059 3587 5128 ζωῆς

2022 5148 2312 5216 δηλοῦντος
2339 5148 2433 5201 τοῦ
2473 5151 2724 5218 μέλανος.
2780 5147 2914 5205 Εἶτα
2965 5151 3156 5220 ἄγεται
3184 5155 3212 5206 ὁ
3266 5152 3588 5222 τελούμενος

2023 5236 2160 5303 πρὸς
2191 5234 2374 5300 αὐτὸν,
2411 5240 2505 5288 καὶ
2545 5236 2851 5304 εὐλογεῖται
2896 5242 2960 5309 τῇ
2999 5240 3144 5309 χειρὶ
3178 5239 3337 5308 139
3365 5256 3588 5310 σταυρο-

2023 5325 2179 5388 ειδῶς
2209 5327 2337 5395 παρ’
2364 5326 2531 5378 αὑτοῦ
2565 5329 2704 5396 τρίς.
2742 5326 2873 5382 Εἶτα
2903 5333 2995 5383 καὶ
3045 5332 3428 5400 σφραγίζεται.
3457 5332 3588 5385 Κεί-

2025 5434 2107 5486 ρει
2143 5417 2250 5485 γὰρ
2278 5418 2374 5480 τὰς
2405 5418 2576 5471 αὑτοῦ
2608 5421 2799 5490 τρίχας
2825 5423 2924 5490 τῆς
2949 5422 3191 5492 κεφαλῆς
3220 5426 3585 5494 σῖαυροειδὼς

2023 5510 2050 5558 ὁ
2077 5509 2392 5577 ἀρχιερεὺς,
2435 5511 2497 5562 τὸ
2521 5511 2660 5563 θεῖον
2692 5515 2783 5565 καὶ
2818 5517 3046 5583 φρικτὸν
3091 5514 3263 5584 ὄνομα
3321 5519 3588 5582 ἐπιλέγων

2024 5598 2171 5664 αὐτῷ
2213 5599 2310 5667 τῆς
2367 5598 2619 5670 Τριὰδος,
2658 5603 2714 5667 ἐξ
2761 5599 2827 5673 ἧς
2885 5606 3215 5679 πᾶσακίερὰ
3251 5607 3442 5675 τελετὴ
3499 5609 3591 5660 καὶ

2029 5689 2352 5758 μυστήριον.
2388 5691 2498 5745 Καὶ
2531 5695 2746 5762 πρῶτον
2781 5699 2881 5764 μὲν
2922 5697 3063 5766 κειτᾷ
3113 5700 3360 5768 κορυφὴν
3393 5699 3602 5767 κείρω-γ
