4044 6198
444 327 550 391 365

1506 325 1600 385 DE
1638 323 1905 385 SACRIS
1947 322 2129 383 ORDl
2144 318 2643 381 NATIONIBUS.

3580 317 3684 382 36‘3

441 443 543 507 τὰς
570 439 764 513 τρίχας
798 450 987 510 φησιν,
1026 459 1044 493 ι
1111 441 1201 503 Εἰς
1256 442 1315 493 τὸ
1363 442 1531 511 ὄνομα
1588 441 1683 494 τοῦ
1718 441 1955 509 Πατρός
1991 458 2009 491 ι

2145 437 2311 492 oudet
2329 437 2517 491 dicens
2542 453 2555 490 :
2581 454 2598 487 ι
2621 437 2679 492 In
2700 438 2922 491 nomine
2940 436 3152 506 Patris;
3177 458 3193 492 ι
3214 446 3400 510 postea
3430 438 3484 491 in
3509 436 3688 492 fronte

447 530 568 588 εἶτα
594 533 737 587 κατὰ
765 533 829 586 τὸ
884 533 1162 602 μέτωπον,
1213 534 1407 601 λέγων,
1449 554 1467 587 ι
1503 534 1717 587 καὶτοῦ
1781 532 1911 586 Υἱοῦ
1931 547 1963 593 °_
1992 551 2010 584 ι

448 621 567 678 εἶτα
594 626 658 678 ὲκ
682 624 932 692 πλαγίων
950 624 1049 693 τῆς
1081 627 1329 697 κεφαλῆς
1357 626 1598 691 δεξιόθεν
1626 625 1819 693 λέγων,
1862 643 1879 675 ι
1910 623 2020 676 Καὶ

448 712 543 766 τοῦ
569 711 727 781 ἁγίου
753 713 1095 782 Πνεύματος*
1138 732 1157 766 ι
1196 709 1315 769 εἶτα
1350 716 1415 768 ἐκ
1464 714 1712 782 πλαγίων
1742 713 1905 767 πάλιν
1953 714 2019 765 ἐκ

450 804 560 857 τῶν
623 805 951 873 ἀριστερῶν,
1010 805 1245 875 σταυρὸν
1298 805 1543 873 τελειῶν,
1593 805 1692 859 xal
1738 805 2017 874 ἐπιφέρει,

457 914 476 948 ι
513 896 750 949 Πάντοτε
788 896 885 948 νῦν
916 896 1008 949 καὶ
1032 896 1142 951 ἀεί.
1179 915 1198 949 ι
1232 898 1437 961 Πάντες
1465 898 1521 952 δὲ
1550 898 1756 968 ἑκάστῃ
1793 896 2022 966 ἐπικλη-

452 1004 537 1041 σει
566 988 629 1040 τὸ
652 986 829 1059 Ἀμὴν
859 989 1135 1056 λέγουσιν,
1165 989 1557 1059 ὁμολογοῦντες
1623 990 1742 1059 ἅμα
1792 988 1889 1041 καὶ
1936 986 2021 1056 βε-

454 1080 777 1149 ϐαιούμενοι
841 1082 911 1134 τὰ
962 1080 1114 1152 παρὰ
1158 1082 1253 1135 τοῦ
1309 1083 1636 1152 ἀρχιερέως.
1675 1081 1788 1135 Καὶ
1826 1081 1861 1149 ἠ
1921 1080 2021 1151 μὲν

452 1173 748 1243 ἀφαίρεσις
780 1174 889 1227 τῶν
932 1173 1140 1245 τριχῶν
1198 1175 1296 1242 τὴν
1341 1175 1674 1246 καθιέρωσιν
1716 1173 2019 1245 σημαίνει·

452 1267 535 1319 ὅτι
573 1266 632 1318 αί
666 1266 853 1336 τρίχες
896 1265 1021 1318 ὅλου
1059 1264 1154 1319 τοῦ
1210 1266 1463 1336 σώματος
1520 1267 1890 1337 ἐξανθήματα,
1930 1269 2025 1320 καὶ

455 1358 714 1428 ἀπαρχὴν
744 1357 864 1426 Θεῷ
891 1358 1332 1430 προσενεχθῆναι
1366 1361 1430 1412 ὲκ
1461 1359 1556 1412 τοῦ
1598 1358 1893 1429 ἀνθρώπου
1928 1376 2025 1427 σητ-

457 1448 678 1517 μαίνει·
714 1448 1077 1517 σταυροειδῶς
1106 1448 1163 1502 δὲ
1193 1448 1283 1502 διὰ
1312 1450 1405 1502 τὸν
1464 1449 1699 1519 Ἰησοῦν,
1743 1451 1827 1503 ὅτι
1860 1450 2025 1512 αὐτὸς

454 1538 765 1605 σαρκωθεὶς
792 1541 883 1591 κει)⁸
907 1538 1243 1608 σταυρωοεὶς
1272 1540 1492 1607 ἁγιάζει
1511 1554 1525 1567 ’
1555 1538 1642 1592 ἐπ’
1662 1539 1891 1608 ὀνόματι
1920 1541 2022 1608 τῆς

454 1630 688 1698 Τριάδος
716 1630 795 1695 δὲ,
846 1631 928 1683 ὅτι
955 1629 1097 1698 αὕτη
1139 1631 1538 1702 ἡδημιουργδς
1589 1631 1695 1684 τῶν
1752 1631 1889 1684 ὅλων
1931 1629 2025 1684 καὶ⁵

454 1720 811 1786 τελειοποιδς,
844 1722 873 1773 6
902 1721 1059 1790 μόνος
1092 1721 1251 1784 Θεός.

982 1836 1241 1890 ΚΕΦΔΛ.
1283 1836 1454 1892 ΡΝΘ’.

454 1928 625 1984 Διατί
650 1926 912 1998 σφραγὶς
928 1928 999 1981 ἐν
1030 1926 1110 1993 τῷ
1133 1926 1492 1998 ἀναγνώστῃ
1514 1943 1529 1957 ⁸
1551 1926 1649 1981 καὶ
1674 1927 1764 1980 ὅτι
1790 1926 1827 1993 ἡ
1843 1945 1977 1996 κου]
1992 1934 2030 1982 ὰ

810 1998 1040 2066 ὀφείλει
1087 1997 1346 2051 πάντοτε
1382 1998 1677 2066 γίνεσθαι.

534 2089 801 2160 Ὕστερον
822 2087 879 2141 δὲ
907 2087 999 2141 ἐπὶ
1028 2087 1130 2157 τῆς
1168 2086 1435 2157 κορυφῆς,
1476 2088 1535 2140 ὲν
1664 2089 1698 2157 ἡ
1750 2088 1894 2160 ἀρχὴ
1931 2090 2032 2158 τῆς

457 2182 686 2250 κουρᾶς,
716 2179 920 2250 μείζων
958 2178 992 2249 ἡ
1027 2178 1203 2248 κουρὰ
1223 2177 1377 2247 παρὰ
1439 2176 1708 2249 κληρικοῦ
1757 2196 1902 2239 τινος
1950 2180 2031 2246 γί-

456 2275 744 2337 νεται,ὅτι
784 2271 995 2342 κεφαλὴ
1027 2270 1245 2325 πάντων
1306 2269 1401 2323 καὶ
1451 2269 1666 2340 κορυφὴ
1703 2271 1731 2322 6
1772 2270 2030 2339 Χριστόςδ

461 2368 561 2422 καὶ
594 2366 757 2429 αὐτὸς
793 2365 1033 2435 σφραγίς
1072 2365 1191 2416 ἐστι
1236 2362 1331 2417 καὶ
1379 2364 1608 2431 σημεῖον
1654 2362 1778 2441 ’τοῖς
1834 2360 2026 2414 τελου-

462 2463 652 2531 μένοις
683 2461 763 2522 εις
814 2457 1010 2511 αὐτόν·
1066 2455 1163 2509 καὶ
1215 2454 1377 2519 αὐτὸς
1412 2454 1628 2518 τούτοις
1670 2452 2031 2524 ἑπικὰθηται,

461 2555 562 2608 καὶ
606 2554 668 2606 τὸ
722 2549 1058 2623 ἡγεμονικὸν
1120 2550 1376 2618 ἁγιάζει,
1419 2547 1518 2601 καὶ
1578 2546 1789 2616 κεφαλὴ
1852 2544 2034 2599 αὐτῶν

461 2648 605 2701 ἐστι.
631 2644 746 2713 Τῆς
785 2643 1083 2713 σφραγῖδος
1105 2637 1198 2696 οὖν
1229 2640 1481 2711 μείζονος
1519 2640 1817 2709 γινομένης
1850 2640 1917 2709 τῇ
1944 2656 2036 2691 κο·-

470 2742 639 2811 ρυφῇ.
678 2739 745 2792 ἵν’
780 2739 889 2791 ἀπὸ
939 2736 1146 2804 ταύτης
1204 2733 1395 2804 ῶσπερ
1447 2732 1555 2785 ἀπὸ
1587 2731 1744 2802 ῥίζης
1804 2732 1884 2794 είς
1914 2729 2035 2784 ὅλον

460 2832 595 2902 ἔλθῃ
647 2830 740 2883 τὸν
770 2828 1056 2898 ἄνθρωπον
1082 2829 1108 2880 6
1147 2824 1443 2914 ἁγιασμὸς,
1494 2822 1832 2892 προσάγεται
1868 2819 2032 2873 πάλιν

464 2926 567 2998 ἤδη
604 2922 891 2984 ἀνατεθεὶς
930 2920 1020 2973 διὰ
1048 2918 1146 2988 τῆς
1173 2912 1399 2986 κούρᾶς,
1423 2914 1519 2968 καὶ
1557 2912 1832 2982 φαινολίου
1876 2913 2034 2965 εὐλο-

465 3016 711 3086 γημένοι»
743 3014 863 3083 ἦτοι
890 3010 1177 3081 καμισίου,
1206 3009 1346 3073 ὅπερ
1372 3007 1480 3060 τῶν
1516 3005 1678 3075 ἱερῶν
1709 3002 2034 3074 ἐνδυμάτων

2123 527 2312 583 dicens
2335 530 2363 582 :‘
2382 547 2399 580 ι
2432 529 2497 583 Ει
2526 527 2647 583 Filii
2668 547 2717 595 ς»
2745 528 2945 586 deinde
2974 546 3037 586 ex
3063 531 3231 586 latere
3256 530 3449 601 capitis
3471 528 3684 589 dextro.

2120 622 2307 676 dicens
2334 636 2348 673 :
2381 639 2400 673 ι
2426 623 2492 677 Et
2525 621 2767 691 Spiritus
2801 624 3008 691 sancti;
3043 642 3061 675 ι
3097 625 3410 693 iterumque
3432 638 3498 677 ex
3521 621 3689 675 latere

2121 711 2349 767 sinistro
2381 727 2596 769 crucem
2626 714 2856 785 perﬁcit,
2882 716 3144 782 inferens,
3171 733 3191 764 ι
3216 714 3431 785 Ubique
3463 727 3608 768 nunc
3637 723 3690 765 ct

2122 818 2357 873 semper.
2388 821 2406 855 ι
2446 803 2650 861 Omnes
2696 816 2876 862 autem
2902 807 2967 863 ad
2986 820 3444 876 unamquamque
3472 804 3690 858 invoca-

2124 895 2327 953 tionem
2364 899 2720 967 respondent,
2782 901 2977 967 Amen,
3026 902 3354 958 conﬁtentes
3412 898 3576 955 simul
3637 906 3690 949 ct

2123 991 2517 1047 couﬁrmantes
2560 1007 2682 1062 quae
2731 995 2802 1049 ab
2852 996 3111 1065 episcopo
3139 995 3297 1050 ﬁunt.
3352 990 3688 1061 Capillorum

2124 1091 2306 1135 autem
2337 1081 2606 1139 detractio
2637 1093 2689 1140 et
2716 1087 2949 1142 resectio
3010 1086 3487 1142 consecrationem
3513 1074 3686 1151 signf-

2124 1171 2283 1237 ﬁcat;
2311 1174 2496 1243 capilli
2527 1176 2670 1230 enim
2708 1177 2870 1232 totius
2915 1185 3041 1233 sunt
3076 1170 3322 1247 corporis
3352 1204 3355 1209 λ
3380 1173 3592 1229 ﬁosculi
3624 1171 3692 1225 de

2126 1278 2192 1319 eo
2221 1262 2646 1333 emorescentes,
2677 1269 2769 1338 qui
2802 1268 3142 1325 detractione
3171 1284 3271 1324 sua
3307 1267 3554 1323 indicant
3579 1262 3689 1333 pri-

2125 1356 2305 1412 mitias
2334 1359 2401 1412 ab
2431 1358 2649 1415 homine
2682 1361 2789 1418 Deo
2820 1362 3023 1417 oﬁ‘erri.
3065 1361 3151 1417 Fit
3183 1370 3362 1416 autem
3399 1360 3486 1412 illa
3518 1356 3693 1426 capil-

2126 1444 2303 1500 lorum
2356 1450 2588 1504 resectio
2638 1450 2692 1504 in
2732 1453 2912 1507 crucis
2959 1452 3187 1521 ﬁguram
3222 1458 3444 1520 prepter
3470 1446 3652 1501 Jesum
3678 1485 3692 1505 ,

2126 1538 2384 1606 quoniam
2445 1540 2563 1610 ipse
2597 1542 2918 1611 incarnatus
2949 1551 3002 1598 et
3034 1541 3328 1598 crucifixus
3351 1536 3690 1597 sanctiﬁcat;

2128 1628 2182 1683 in
2215 1631 2436 1687 nomine
2491 1642 2671 1689 autem
2727 1633 3035 1699 Trinitatis,
3071 1632 3331 1704 quoniam
3363 1630 3513 1684 solus
3553 1625 3697 1681 Deus

2126 1730 2208 1777 est
2252 1716 2497 1777 omnium
2558 1733 2775 1781 creator
2822 1740 2876 1782 et
2932 1732 3357 1781 consummatur.

2691 1841 2920 1896 CAPUT
2961 1840 3140 1897 CLIX.

2136 1932 2318 1998 Quare
2344 1936 2617 2006 signaculo
2651 1945 2874 1988 utantur
2897 1935 2950 1988 in
2977 1934 3193 2006 lectore,
3228 1942 3277 1985 et
3310 1930 3450 2002 quod
3480 1941 3695 1984 tonsura

2627 2006 2812 2074 ubique
2842 2006 2959 2074 [teri
2984 2004 3192 2058 debeat.

2204 2090 2487 2148 Postremo
2518 2091 2575 2146 ﬁt
2618 2092 2671 2146 iu
2710 2094 2935 2157 vertice,
2987 2106 3016 2145 a
3079 2106 3190 2160 quo
3240 2098 3467 2144 tonsura
3508 2088 3698 2157 incipit

2134 2183 2333 2255 (major
2364 2184 2508 2239 enim
2551 2188 2778 2239 tonsura
2811 2184 3098 2254 etintcgra
3127 2184 3195 2239 ab
3255 2184 3442 2253 aliquo
3494 2181 3699 2236 clerico

2134 2276 2457 2347 perﬁcitur),
2486 2277 2743 2348 quoniam
2765 2277 3019 2333 Christus
3051 2276 3293 2332 omnium
3323 2284 3407 2331 est
3435 2279 3617 2343 caput,
3645 2286 3701 2325 et.

2133 2379 2340 2435 vertex,
2364 2370 2714 2441 sigillumque
2745 2380 2798 2424 et
2826 2369 3040 2439 signum
3064 2368 3131 2423 iis
3151 2369 3242 2436 qui
3271 2375 3489 2438 propter
3521 2369 3699 2435 ipsum

2134 2461 2518 2531 perﬁciuntur.
2554 2462 2675 2534 Ipse
2719 2477 2935 2534 quoque
2966 2461 3032 2519 iis
3077 2461 3296 2525 insidet,
3346 2470 3402 2516 et
3460 2470 3701 2515 rectores

2135 2553 2461 2621 sanctiﬁcat,
2495 2568 2798 2623 eorumque
2825 2563 2909 2609 est
2937 2564 3123 2624 caput.
3157 2553 3422 2611 Confecto
3456 2556 3623 2627 igitur
3648 2560 3700 2610 in

2134 2647 2340 2700 vertice
2412 2645 2617 2716 majore
2641 2646 2844 2716 sigillo,
2895 2653 2953 2701 ut
3001 2646 3175 2716 ipsius
3222 2648 3581 2705 sanctiﬁcatio
3634 2654 3704 2703 ab

2134 2752 2200 2793 eo
2236 2739 2385 2793 velut
2421 2750 2451 2789 a
2486 2736 2669 2791 radice
2720 2737 2775 2792 in
2827 2736 3145 2792 universum
3176 2736 3450 2794 hominem
3516 2757 3702 2812 perve-

2136 2830 2272 2895 niat,
2300 2828 2496 2882 iterum
2524 2827 2820 2883 adducitur
2848 2828 2915 2884 ad
2940 2830 3284 2900 episcopum,
3313 2832 3427 2901 jam
3463 2850 3555 2903 per
3584 2848 3701 2891 tou-

2136 2934 2323 2975 suram
2401 2929 2801 2987 consecratus,
2852 2929 2908 2975 et
2967 2921 3221 2989 pbenolio
3280 2923 3395 2980 sive
3452 2928 3700 2993 camisia,

2137 3011 2281 3080 quod
2308 3020 2390 3067 est
2418 3026 2702 3066 sacrorum
2736 3010 3181 3068 indumentorum
3214 3014 3447 3083 primum
3507 3027 3560 3073 ct
3594 3022 3702 3075 vel-

462 3112 613 3165 ὲστὶν
647 3107 902 3178 ἀπαρχὴ,
934 3102 1096 3158 τοῦτο
1124 3103 1224 3175 τὴν
1243 3104 1405 3172 χεῖρα
1434 3101 1528 3154 τοῦ
1559 3098 1815 3169 ίεράρχου
1848 3098 2031 3151 ἀσπαο

2139 3106 2215 3159 ιιιὶ
2261 3105 2535 3175 primitiae,
2566 3104 2876 3170 benedicta,
2909 3122 3241 3179 manumque
3262 3109 3535 3179 pontiﬁcis
3574 3114 3706 3172 deo-

466 3206 693 3273 ςὸμενος
733 3200 978 3253 ἐνδύεται
1030 3196 1107 3268 τῷ
1133 3195 1411 3266 τραχήλῳ,
1456 3195 1532 3259 ὠς
1589 3192 1695 3245 ύπὺ
1740 3191 1831 3245 τὸν
1867 3189 2032 3258 ζυγὸν

466 3296 641 3353 ἐλθὼν
674 3296 773 3366 τῆς
824 3291 1146 3364 ἱερωσύνης,
1184 3290 1280 3343 καὶ
1314 3289 1419 3343 ὑπὸ
1464 3289 1566 3359 τὴν
1610 3287 1823 3359 σκέπην
1872 3302 2033 3354 γεγο-

466 3387 572 3451 νὼς
595 3385 691 3440 τού
726 3383 886 3449 Θεοῦ,
908 3382 1005 3435 καὶ
1039 3379 1441 3451 ἀφιερούμενος
1473 3380 1553 3439 είς
1600 3375 1908 3447 ὑπηρεσίαν
1957 3374 2035 3443 τῷ

465 3480 606 3550 Θεῷ.
647 3473 780 3530 Εἶτα
807 3474 993 3529 ὲπάνω
1018 3473 1114 3542 τῆς
1151 3469 1450 3541 σφραγῖδος
1500 3468 1861 3548 σφραγίζεται
1890 3467 2032 3536 τρίς.

467 3572 578 3624 Kal
611 3569 845 3639 θεμένου
886 3566 985 3637 τὴν
1018 3565 1181 3634 χεῖρα
1210 3564 1305 3615 ἐπὶ
1340 3563 1407 3632 τῇ
1436 3560 1695 3629 σφραγῖδι
1717 3558 1812 3613 τοῦ
1848 3559 2036 3629 ίεράρ-

465 3679 592 3735 χοι),
629 3660 727 3730 τὴν
759 3656 1134 3725 σκεπαστικὴν
1172 3654 1403 3722 δύναμιν
1439 3649 1887 3726 ἐπιδεικνυμένου
1939 3650 2035 3704 τοῦ

466 3753 641 3819 Θεοῦ,
664 3752 759 3806 καὶ
797 3748 880 3804 ὅτι
935 3747 1259 3817 μεταδίδωσι
1318 3745 1574 3817 χάριτος,
1621 3742 1844 3813 εὔχεται
1883 3742 2037 3827 οὗτος

470 3844 800 3916 ἁγιασθῆναι
866 3842 957 3894 τὸν
1022 3839 1400 3908 τελειούμενον
1455 3834 1849 3904 ἐκλελεγμένον
1907 3835 2036 3887 ὄντα

470 3940 643 4010 αὐτῷ.
691 3935 787 3991 καὶ
845 3933 984 4004 μετὰ
1042 3924 1227 4000 πάσης
1279 3929 1472 3997 σοφίας
1502 3944 1561 3980 τε
1618 3928 1715 3980 καὶ
1772 3926 2037 3987 συνέσεως

476 4030 753 4087 ποιεῖσθαι
777 4028 875 4098 τὴν
902 4025 1207 4091 ἀνάγνωσίν
1239 4041 1298 4076 τε
1331 4022 1426 4077 καὶ
1455 4019 1686 4092 μελέτην
1721 4019 1834 4072 τῶν
1877 4017 2039 4071 θείων

477 4121 698 4188 λογίων.
732 4117 843 4171 Kal
884 4115 1058 4177 οὕτως
1086 4106 1435 4183 εὐχαριστῶν
1467 4110 1666 4163 τελειοί
1705 4108 1771 4162 τὰ
1801 4108 1903 4179 τῆς
1953 4108 2042 4161 εύ-

473 4215 602 4285 χῆςο
632 4211 787 4264 Μετὰ
815 4206 912 4276 τὴν
940 4204 1104 4273 εὐχὴν
1139 4204 1193 4256 δὲ
1234 4200 1531 4272 σφραγίζει
1566 4200 1733 4254 πάλιν
1776 4200 1941 4253 αὐτὸν
1959 4200 2039 4261 εἰς

474 4303 783 4359 τελείωσιν.
810 4297 920 4350 Kal
950 4294 1248 4366 εἰρηνεύων
1276 4294 1367 4345 διὰ
1394 4293 1498 4363 τὴν
1550 4294 1614 4345 ὲκ
1646 4290 1782 4345 Θεοῦ
1814 4293 2039 4361 εἰρήνην

473 4402 569 4450 καὶ
600 4396 699 4463 τὴν
730 4394 787 4446 ὲν
818 4388 937 4460 Θεῷ
962 4389 1159 4442 ἕνωσιν
1182 4425 1197 4451 ,
1228 4386 1403 4438 εἰπεῖν
1442 4386 1830 4455 προτρέπεται,
1865 4383 1911 4434 εἰ
1940 4381 2039 4453 μὲν

2140 3198 2383 3254 sculatus
2412 3213 2509 3268 per
2564 3198 2759 3254 collum
2796 3197 3060 3263 induitur,
3094 3216 3200 3255 non
3226 3216 3386 3260 secus
3416 3220 3480 3260 ac
3518 3208 3564 3264 si
3620 3209 3707 3278 ju-

2141 3304 2267 3358 gum
2302 3288 2595 3345 sacerdotii
2645 3288 2874 3353 subiret,
2923 3288 3126 3360 Deique
3169 3296 3489 3360 protectioni
3544 3297 3708 3366 subji-

2141 3390 2377 3444 ceretur,
2424 3388 2479 3437 et
2513 3381 2819 3436 ministerio
2874 3381 3249 3438 devoveretur.
3307 3384 3508 3442 Deinde
3556 3389 3708 3459 signo

2141 3472 2321 3527 crucis
2371 3481 2452 3526 ter
2476 3472 2795 3541 obsignatur
2822 3488 2986 3541 super
3035 3472 3270 3542 sigillum
3321 3483 3543 3532 tonsura
3594 3480 3709 3533 im-

2144 3572 2412 3627 pressum.
2454 3559 2518 3613 Et
2551 3562 2846 3629 episcopus
2876 3576 3082 3628 ponens
3116 3578 3335 3618 manum
3382 3582 3551 3638 super
3579 3569 3706 3623 illud

2144 3648 2391 3716 sigillum-
2410 3650 2535 3720 (qua
2571 3665 2629 3707 re
2656 3652 2831 3707 virtus
2884 3652 2977 3707 Dei
3032 3663 3325 3725 protegens
3367 3666 3423 3712 et
3479 3661 3707 3728 gratiam

2144 3744 2559 3798 communicans
2582 3743 2651 3798 ab
2682 3759 2746 3800 eo
2777 3745 3225 3815 demonstratur),
3248 3745 3416 3801 Deum
3456 3761 3710 3818 precatur

2147 3845 2207 3887 ut
2243 3835 2680 3889 consecrandum
2716 3835 2821 3888 sibi
2875 3836 3112 3889 electum
3138 3838 3465 3904 satictiﬁcet,
3502 3849 3555 3895 et
3584 3856 3707 3896 cum

2146 3926 2294 3980 omni
2334 3926 2603 3995 sapientia
2631 3934 2686 3981 et
2716 3926 2998 3996 prudentia
3029 3928 3332 3983 divinorum
3363 3934 3708 3988 oraculorum

2150 4018 2436 4073 lectionem
2470 4026 2527 4072 et
2562 4017 2972 4081 meditationem
3035 4031 3306 4087 exerceat,
3358 4024 3549 4094 sicque
3589 4042 3713 4096 gra-

2150 4111 2252 4163 t‘as
2280 4124 2445 4179 agens
2468 4109 2609 4163 hanc
2632 4111 2934 4164 orationem
2970 4112 3228 4181 complet.
3255 4114 3516 4171 Oratione
3563 4131 3715 4172 eom-

2151 4202 2296 4271 pleta
2341 4204 2536 4255 iterum
2566 4201 2818 4269 obsignat
2852 4217 2974 4256 cum
3002 4204 3069 4257 ad
3100 4206 3428 4260 sacramenti
3459 4222 3715 4264 consum-

2150 4294 2469 4369 mationem,
2509 4307 2806 4362 pacemque
2835 4292 2913 4347 illi
2942 4307 3195 4363 precatur
3253 4306 3472 4367 propter
3524 4314 3712 4369 pacem

2152 4399 2183 4437 a
2223 4382 2329 4439 Deo
2353 4383 2726 4449 obtinendam,
2751 4395 2804 4439 et
2834 4400 2957 4440 cum
2990 4402 3055 4443 eo
3105 4387 3401 4456 unionem;
3432 4400 3487 4444 et
3534 4392 3717 4445 diceie

474 4487 834 4554 ἀναγνώστης
864 4481 1002 4544 ἐστὶ,
1036 4478 1345 4550 περικοπὴν
1372 4475 1739 4545 ἀποστολικήν
1758 4489 1773 4504 '
1812 4475 1861 4527 εἰ
1889 4472 1946 4526 δέ
1976 4489 2033 4541 γε

2148 4490 2269 4530 eum
2310 4475 2484 4544 jubet,
2525 4475 2571 4530 si
2609 4474 2660 4529 in
2692 4475 2949 4531 lectorem
2973 4478 3262 4536 ordinatus
3293 4490 3398 4547 est,
3430 4482 3714 4537 lectionem

475 4579 712 4647 ψάλτης,
736 4577 802 4628 ὲκ
837 4573 935 4628 τοῦ
962 4571 1278 4639 Ψαλτῆρος.
1309 4568 1417 4621 Καὶ
1456 4566 1633 4629 οὓτως
1659 4567 1882 4637 εἰρήνην
1921 4566 2046 4630 δοὺς

475 4670 628 4738 αύτῷ
662 4668 759 4722 καὶ
786 4665 1114 4735 εὐξάμενος,
1174 4661 1403 4715 ἀπολύει
1453 4662 1518 4730 τῇ
1551 4659 1815 4730 σφραγῖδι
1847 4658 2047 4712 πάντο-

473 4764 569 4816 θεν
599 4760 857 4830 τειχίζων
904 4758 1068 4812 αὑτὸν
1095 4756 1189 4808 τὸν
1233 4753 1583 4824 τελούμενον.
1637 4754 1681 4805 Τ
1688 4752 1795 4815 ws;
1858 4750 1917 4804 δὲ
1953 4751 2047 4802 καὶ

468 4861 595 4919 ταῖς
619 4856 812 4926 ῥήσεσι
846 4850 958 4903 τῶν
985 4846 1452 4911 ἀναγνωσθέντων
1478 4843 1834 4914 προσέχουσι,
1857 4843 1954 4897 καὶ
1967 4841 2040 4905 ὡς

470 4949 745 5019 προοίμια
778 4945 875 4998 καὶ
903 4942 1182 5010 δείγματα
1219 4940 1407 5010 έχουσι
1439 4937 1644 5001 ταύτας
1685 4937 1786 5005 τῆς
1816 4936 1925 4989 τῶν
1954 4952 2046 4988 τερ

467 5049 565 5097 λου
572 5046 751 5111 μένων
784 5038 948 5105 ζωῆς.

1074 5128 1326 5180 ΚΕΦΔΛ.
1360 5123 1477 5180 PE'.

640 5224 787 5277 Ὅσα
816 5220 1049 5289 ὀφείλει
1083 5219 1117 5271 ὁ
1148 5216 1547 5286 ἀναγνώστης
1576 5213 1867 5284 ἐνεργεῖν.

542 5341 733 5401 Οὕτως
787 5332 882 5390 οὖν
931 5337 959 5386 6
1007 5336 1087 5396 είς
1143 5332 1500 5400 ἀναγνώστην
1568 5330 1848 5391 καταστὰς
1891 5322 2044 5390 οὗτος

469 5437 572 5495 τάς
612 5438 673 5483 τε
702 5430 851 5490 θείας
907 5432 986 5499 τῷ
1014 5428 1130 5497 λαῴ
1166 5428 1352 5479 ἔκτοτε
1414 5426 1865 5492 ύπαναγινπῖισκει
1909 5422 2049 5490 Γρα-

470 5528 604 5594 φὰς,
635 5520 1075 5593 προτρεπόμενος
1101 5520 1207 5571 ὑπὸ
1236 5519 1505 5573 διακόνων
1527 5518 1561 5588 ἦ
1592 5518 1810 5585 ἱερέων,
1847 5516 1915 5567 τὰ
1938 5515 2048 5565 τῶν

471 5615 771 5687 προφητῶν
801 5612 1001 5683 δηλαδὴ
1038 5612 1135 5665 καὶ
1161 5612 1277 5663 τῶν
1307 5608 1624 5663 ἀποστόλων
1684 5607 1811 5673 ἱερὰ
1864 5604 2045 5669 λόγια,

470 5709 767 5776 ἱστάμενος
822 5706 879 5755 ἐν
924 5703 1002 5773 τῷ
1044 5704 1195 5773 μέσῳ
1241 5704 1317 5763 ὠς
1355 5698 1722 5770 ὲσφράγισται
1771 5695 2043 5762 ὰσκεπής.

490 5799 648 5851 Ἀλλὰ
681 5796 775 5850 καὶ
802 5797 881 5859 εἰς
906 5798 967 5847 τὸ
1000 5796 1148 5865 βῆμα
1185 5796 1377 5864 χωρῶν
1402 5794 1477 5856 ὡς
1508 5791 1601 5846 τοῦ
1626 5790 1872 5861 βήματος
1903 5787 2044 5857 ὑπη-

2151 4579 2217 4618 ex
2282 4562 2578 4633 Apostolo;
2629 4566 2673 4620 si
2731 4580 2857 4619 vero
2895 4567 3375 4637 iueautorem,ex
3431 4569 3714 4628 Psalterio.

2150 4658 2348 4726 Sicque
2381 4657 2506 4712 data
2548 4658 2623 4711 illi
2658 4673 2793 4727 pace
2824 4670 2878 4712 et
2908 4671 3184 4728 precatus,
3216 4675 3599 4720 consecratum
3630 4668 3713 4721 di-

2151 4752 2318 4804 mittit
2343 4751 2585 4819 undique
2618 4753 2774 4819 signo
2801 4754 2981 4808 crucis
3011 4756 3153 4807 velut
3188 4771 3347 4809 muro
3376 4758 3616 4811 cinctum
3662 4774 3716 4813 et

2154 4841 2443 4895 munitum.
2483 4840 2743 4896 Nonnulli
2780 4845 2963 4900 verbis
2998 4845 3167 4899 lectis
3198 4847 3508 4912 attendunt,
3547 4864 3719 4917 eaque

2151 4934 2298 4987 velut
2353 4934 2574 5000 praatttia
2607 4944 2659 4988 et
2685 4946 3005 5004 argumenta
3051 4938 3248 4992 futura:
3274 4947 3716 4993 consecratorum

2151 5025 2273 5080 vita:
2293 5025 2591 5079 aestimant.

2737 5118 2965 5174 CAPUT
3006 5120 3167 5176 CLX.

2396 5215 2656 5281 Quanam
2704 5217 2924 5272 debeant
2959 5235 2991 5270 a
3035 5218 3229 5273 lectore
3265 5220 3465 5288 peragi.

2222 5331 2312 5385 Sic
2344 5330 2511 5400 igitur
2541 5331 2633 5402 qui
2685 5333 2855 5387 lector
2883 5334 3217 5389 constitutus
3242 5338 3327 5390 est
3380 5335 3508 5407 legit
3538 5336 3606 5391 ab
3656 5354 3722 5393 co

2152 5432 2395 5491 tempore
2426 5422 2744 5494 Scripturas
2782 5435 3004 5495 propter
3031 5424 3283 5494 populum
3305 5430 3530 5497 positas,
3567 5444 3721 5484 sacra

2150 5513 2356 5569 scilicet
2379 5515 2761 5586 prophetarum
2784 5524 2839 5570 ct
2869 5516 3240 5585 apostolorum
3263 5520 3509 5585 oracula,
3542 5534 3571 5572 ιι
3606 5521 3723 5574 dia-

2149 5606 2307 5660 conis
2345 5609 2423 5660 vel
2457 5606 3022 5676 presbyterisjussus,
3047 5618 3198 5664 stans
3223 5611 3275 5664 in
3311 5613 3511 5677 medio,
3537 5628 3725 5682 aperto

2148 5698 2327 5767 capite
2351 5713 2417 5753 eo
2450 5698 2610 5754 modo
2663 5714 2772 5768 quo
2804 5700 3135 5771 obsignatas
3158 5715 3264 5758 est.
3306 5703 3417 5758 Nec
3474 5703 3578 5758 hoc
3609 5715 3725 5757 tau-

2148 5796 2286 5854 tum,
2324 5804 2510 5845 verum
2557 5788 2719 5844 elisum
2770 5794 3145 5849 sanctuat‘ium
3170 5795 3481 5865 ingrediens
3513 5804 3571 5849 ut
3602 5808 3725 5847 sau-
