4044 6198
356 321 456 379 367
959 357 966 363 .
1175 292 1558 371 SY‘MEONts
1582 304 2337 369 THESSALONICENSlS
2378 300 2739 383 ABCIIIEP.
3496 285 3598 347 368
3642 270 3649 285 ⁷

359 429 554 485 ctuarii
588 428 863 493 minister,
903 425 1110 479 lumina
1142 422 1414 484 accendit,
1468 423 1759 491 ignemque
1789 418 1945 472 all‘ert

2059 416 2239 485 ρέτης,
2275 413 2510 467 ἀνάπτει
2544 410 2722 479 φῶτα,
2763 406 2855 461 καὶ
2886 404 2997 475 πῦρ
3021 404 3288 473 προσάγει
3319 400 3401 471 τῷ
3451 400 3607 469 ίερεῐ,

363 521 659 585 sacerdoti,
691 518 1054 589 praeceditque
1084 530 1275 572 cereos
1310 526 1574 569 accensos
1597 521 1723 567 ante
1746 518 1934 565 sancta

364 612 506 666 dona
549 617 809 681 gestans;
866 607 1168 661 oblationes
1214 617 1459 674 quoque,
1513 610 1567 655 et
1612 614 1832 669 aquam,
1886 605 1940 649 et

366 702 626 758 fervidam
662 700 931 755 sacerdoti
965 698 1141 764 affert,
1173 705 1227 752 et
1262 703 1492 751 exornat
1525 707 1645 763 quae
1697 693 1761 743 ad
1795 699 1931 744 tem-

364 798 508 866 plum
565 783 832 862 spectaui,
891 800 1197 859 caeteraque
1229 786 1640 849 subministrat;
1700 783 1931 853 hymnos

359 903 577 957 quoque
600 885 816 939 divinos
850 881 1212 952 psallentibus
1273 877 1542 948 praecinit,
1598 875 1713 929 sive
1763 886 1930 926 cano-

365 998 484 1036 nem
521 980 731 1047 incipit,
758 988 942 1047 atque,
986 985 1045 1030 ut
1096 974 1344 1029 absolute
1378 972 1581 1032 dicam,
1622 967 1933 1025 divinorum

367 1075 612 1128 minister
639 1082 721 1127 est
749 1074 801 1125 in
832 1070 1055 1139 templo.
1087 1066 1211 1122 llaec
1245 1074 1425 1119 autem
1457 1060 1641 1117 omnia
1670 1073 1793 1114 cum
1830 1055 1940 1125 pie-

366 1184 475 1225 tate
500 1178 553 1223 et
583 1180 819 1223 tremore
846 1181 1009 1235 agere
1040 1166 1224 1227 debet,
1251 1172 1305 1217 et
1326 1173 1566 1229 quarum
1597 1167 1782 1210 rerum
1838 1150 1941 1204 mi-

364 1272 537 1319 nister
567 1274 674 1327 est,
708 1266 1028 1329 attendere;
1065 1260 1304 1330 cogitare
1327 1269 1546 1326 quoque
1583 1269 1640 1308 se
1673 1251 1765 1304 Dei
1798 1264 1941 1315 esse,

364 1367 413 1412 ct
471 1372 664 1410 eorum
726 1354 820 1423 qui
880 1354 945 1405 ad
1013 1368 1136 1407 cum
1202 1348 1770 1421 appmpinquant;et
1816 1356 1942 1395 cum

363 1488 390 1527 ⁵
926 1558 1104 1613 ΟΑΡΙ]
1120 1557 1155 1611 Ϊ
1198 1555 1382 1611 CLXI.

959 1654 1030 1706 De
1076 1652 1421 1704 subdiacono.

436 1747 567 1803 Post
613 1749 842 1802 lectores
918 1743 1187 1813 sequitur,
1221 1752 1279 1796 ut
1335 1740 1592 1804 diximus,
1657 1737 1945 1793 subdiaco-

2046 510 2142 559 καὶ
2179 504 2584 574 προπορεύεται
2635 499 3088 568 λαμπαδηφορῶν
3137 497 3246 549 τῶν
3279 493 3470 562 ἁγίων,
3516 494 3614 546 καὶ

2042 599 2144 660 τὰς
2194 596 2533 667 προσφορὰς,
2584 596 2679 647 καὶ
2713 593 2774 644 το
2811 591 2976 660 ὕδωρ,
3034 588 3131 642 καὶ
3175 587 3236 640 τὸ
3292 587 3414 650 ζέον
3456 584 3611 654 φέρει

2043 691 2216 758 αὐτῷ,
2242 690 2338 742 καὶ
2371 689 2637 756 εὑκοσμεῖ
2665 687 2732 738 τὰ
2759 684 2852 737 τοῦ
2890 681 3045 745 ναοῦ,
3084 682 3180 733 καὶ
3217 679 3283 733 τὰ
3309 679 3443 733 ἄλλα
3470 678 3611 747 ὁπη-

2048 782 2215 851 ρετεῖ,
2252 781 2346 832 καὶ
2418 779 2544 839 τοῦς
2608 774 2785 836 θείους
2844 772 3103 842 προλέγει
3153 769 3266 831 τοῖς
3321 766 3612 836 ψάλλουσιν

2040 874 2262 944 ὕμνους.
2292 851 2409 941 ἦτοι
2446 870 2801 938 κανοναρχεί*
2838 867 2929 920 καί
2968 865 3155 925 ἁπλῶς
3183 860 3468 930 ὑπηρέτης
3501 857 3610 910 τῶν

2044 966 2203 1020 θείων
2233 965 2382 1017 ἐστὶν
2436 964 2493 1016 ἐν
2527 963 2606 1031 τῷ
2636 960 2773 1028 ναῷ.
2824 959 2920 1020 Ὃς
2951 956 3018 1027 δὴ
3077 954 3172 1009 καὶ
3222 951 3430 1021 ὀφείλει
3491 946 3609 1019 μετ’

2042 1056 2322 1119 εὐλαϐείας
2354 1056 2530 1108 πάντα
2575 1055 2768 1114 ποιεῖν,
2810 1050 2904 1103 καὶ
2934 1048 3231 1117 γινώσκειν
3258 1044 3422 1097 τίνων
3476 1041 3614 1107 ύπη-

2045 1152 2207 1223 ρέτης
2245 1148 2405 1218 140
2436 1148 2572 1209 ἐστὶ,
2596 1146 2691 1198 καὶ
2719 1144 2800 1197 ὅτι
2830 1140 2990 1205 Θεοῦ,
3017 1139 3110 1193 καὶ
3150 1140 3257 1190 τῶν
3286 1134 3614 1203 ἐγγιζόντων

2044 1241 2195 1298 ἐστὶν
2222 1240 2392 1308 αὐτῷ,
2428 1240 2521 1291 καὶ
2552 1238 2691 1306 μετὰ
2719 1234 2829 1287 τῶν
2870 1232 3043 1301 ἁγίων
3082 1229 3367 1302 ὑπηρετεῖ,
3427 1225 3610 1278 ὲκείσε

2047 1335 2270 1405 βαίνων,
2300 1332 2435 1382 ὅπου
2466 1328 2733 1399 χωροῦσιν
2756 1328 2803 1379 oi
2842 1323 3088 1394 ἄγγελοι.

394 1448 572 1503 ant-tis
611 1461 670 1501 se
708 1446 1040 1509 ministrare,
1098 1443 1335 1511 illucque
1395 1438 1655 1494 accedere
1706 1448 1816 1505 quo
1875 1447 1935 1489 se
1973 1414 2268 1485 conferunt
2304 1426 2486 1495 angeli
2513 1436 2565 1479 et
2597 1423 2868 1477 habitant.

2619 1537 2871 1592 ΚΕΦΑΛ.
2903 1532 3069 1588 PEA'.

2524 1629 2663 1698 Περὶ
2692 1625 3132 1683 ὺποδιακὸνων.

2118 1728 2275 1782 Μετὰ
2313 1724 2533 1785 τούτους
2564 1724 2690 1783 τοὺς
2745 1717 3125 1786 ἀναγνώστας,
3173 1713 3248 1774 ὡς
3282 1712 3518 1782 ἔφημεν,
3588 1712 3622 1779 ἠ

367 1856 562 1893 norum
600 1840 761 1903 ordo,
794 1836 886 1905 qtti
949 1837 1216 1888 lcetoratu
1280 1830 1555 1886 excelsior
1593 1838 1697 1895 est,
1756 1834 1943 1896 utpote

2059 1819 2199 1883 τάξις
2224 1817 2333 1870 τῶν
2364 1812 2736 1883 ὑποδιακόνων
2791 1812 2960 1873 ἐστὶν,
3009 1809 3129 1878 ἥτις
3163 1806 3255 1859 καὶ
3290 1805 3618 1874 ὑψηλοτέρα,

367 1933 613 1987 diacnnis
644 1940 853 1984 tantum
882 1926 1247 1996 postpositus.
1305 1921 1628 1977 Lectoribus
1675 1928 1859 1973 autem
1887 1925 1943 1971 et

367 2025 551 2091 psaltis
583 2024 703 2076 licet
740 2028 862 2091 post
888 2030 1204 2087 susceptum
1234 2016 1483 2069 divinum
1528 2011 1771 2081 sigillum
1812 2009 1948 2077 legi-

367 2118 500 2169 timo
560 2112 909 2166 matrimonio
956 2109 1157 2179 juugi;
1200 2105 1554 2162 subdiaconis
1620 2114 1800 2158 autem
1840 2116 1951 2156 non

367 2206 623 2274 amplius.
661 2203 738 2256 Illi
778 2203 945 2271 igitur
981 2210 1272 2271 postquam
1306 2198 1531 2253 lectoris
1562 2197 1805 2267 sigillum
1840 2195 1948 2263 pri-

368 2312 512 2348 mum
563 2300 915 2362 acceperunt,
947 2300 1001 2344 et
1034 2290 1194 2344 'hene
1253 2288 1659 2352 ministrarunt,
1712 2295 1953 2350 tempore

372 2385 498 2437 huic
539 2381 867 2435 ordinationi
927 2378 1290 2449 suscipienda:
1345 2377 1574 2430 definito
1626 2377 1950 2431 oder-untur.

372 2472 613 2540 Tempus
670 2476 959 2522 autemest
998 2481 1175 2521 annus
1203 2465 1376 2521 aetatis
1406 2465 1722 2521 vicesimus.

941 2647 1167 2704 CAPUT
1198 2645 1406 2703 CLXII.

832 2740 1160 2796 Subdiaconi
1205 2738 1497 2793 ordinatio.

447 2831 896 2901 Pontiﬁceigitur
931 2840 1111 2885 stante
1154 2840 1280 2882 ante
1303 2838 1486 2898 portas
1536 2827 1737 2896 regias,
1789 2826 1954 2879 missa

374 2926 615 2980 nondum
640 2927 877 2994 incepta,
899 2921 1195 2975 adducitur
1211 2921 1303 2990 qui
1328 2935 1520 2974 manus
1553 2919 1953 2989 impositionem

373 3018 693 3074 subdiaconi
727 3028 1052 3084 accepturus
1088 3023 1194 3076 est.
1238 3023 1438 3067 vestem
1477 3014 1682 3080 nigram
1731 3010 1955 3065 indutus

374 3123 428 3167 et
450 3114 813 3182 porpliyreum
851 3108 1163 3163 camisiutn.
1196 3105 1695 3173 Accendunturque
1720 3104 1954 3155 lumina-

2050 1912 2124 1975 ώς
2164 1912 2305 1979 μετὰ
2347 1908 2476 1969 τοῦς
2521 1906 2801 1967 διακόνους
2848 1898 3006 1956 οὖσα.
3069 1900 3178 1953 Καὶ
3235 1899 3284 1950 οἱ
3336 1897 3435 1967 μὲν
3491 1899 3622 1949 ἁνα-

2053 2004 2299 2072 γνῶσται
2328 2002 2423 2054 καὶ
2457 1998 2658 2067 ψάλται
2696 1996 2833 2066 μετὰ
2860 1995 2957 2065 τὴν
3012 1990 3284 2061 σφραγῖδα
3331 1990 3430 2058 τὴν
3474 1988 3626 2041 Θείαν

2055 2094 2149 2146 καί
2176 2097 2257 2156 είς
2291 2092 2472 2160 γάμον
2506 2089 2731 2152 ἔννομον
2765 2086 2940 2139 ἐλθεῖν
2994 2081 3405 2153 συγχωροῦνται
3440 2096 3455 2109 ⁸
3497 2086 3625 2133 ὑπο-

2055 2188 2292 2240 διάκονοι
2320 2184 2377 2237 δὲ
2406 2182 2615 2236 οὐκέτι.
2645 2179 2811 2233 Οὗτοι
2848 2178 3029 2230 τοίνυν
3055 2179 3153 2248 τὴν
3185 2175 3459 2244 σφραγῖδα
3495 2175 3626 2244 πρό-

2054 2296 2212 2349 τερον
2237 2278 2331 2330 τοῦ
2356 2274 2709 2343 ἀναγνώστου
2740 2272 3025 2336 λαϐόντες,
3058 2271 3152 2323 καὶ
3187 2269 3369 2332 καλῶς
3419 2268 3627 2337 ἐξυπη-

2060 2372 2410 2439 ρετήσαντες,
2445 2369 2503 2420 ὲν
2535 2366 2615 2436 τῷ
2645 2364 2936 2435 ὡρισμένῳ
2958 2361 3136 2432 καιρῷ
3165 2362 3262 2430 τῆς
3293 2359 3627 2429 χειροτονίας
3718 2356 3723 2357 ί

2054 2461 2261 2531 ταύτης
2288 2457 2591 2527 ἀξιωθῆναι
2656 2458 3054 2526 προσάγονται.
3110 2454 3320 2524 Καιρδς
3354 2452 3412 2505 δὲ
3449 2452 3627 2514 αὐτοῖς

2057 2552 2117 2605 τὸ
2144 2552 2396 2605 εἰκοστὸν
2424 2549 2570 2614 ἔτος.

2590 2642 2842 2695 ΚΕΦΔΛ.
2877 2639 3047 2695 ΡΞΒ¹.

2442 2734 2788 2801 Χειροτονία
2817 2732 3253 2789 ὑποδιακόνου.

2128 2828 2236 2881 Τοῦ
2264 2828 2569 2898 ἀρχιερέως
2601 2828 2785 2880 τοίνυν
2819 2827 3109 2897 ἱσταμένου
3143 2826 3490 2897 ἠλλαγμένου
3522 2828 3629 2897 πρδ

2056 2921 2168 2974 τῶν
2195 2919 2494 2991 βασιλικῶν
2536 2917 2743 2982 πυλῶν,
2780 2918 2948 2989 μήπω
2981 2918 3298 2989 ἀρξαμένης
3345 2918 3445 2989 τῆς
3483 2920 3630 2989 ἱερᾶς

2057 3012 2429 3081 λειτουργίας,
2486 3010 2828 3079 προσάγεται
2883 3012 2910 3062 ὁ
2964 3008 3060 3079 τὴν
3104 3010 3463 3081 -χειροθεσίαν
3536 3011 3631 3062 τοῦ

2061 3102 2423 3158 ύποδιακόνου
2457 3102 2776 3172 λαμϐάνων,
2815 3103 2955 3168 μετὰ
2989 3103 3088 3155 τοῦ
3125 3103 3353 3173 μέλανος
3408 3105 3628 3173 ίματίου

375 3206 479 3269 ria,
512 3204 654 3272 quod
695 3204 746 3256 in
780 3201 927 3255 omni
953 3200 1295 3255 ordinatione
1329 3197 1442 3250 ﬁeri
1476 3196 1611 3251 solet
1640 3194 1693 3248 in
1728 3193 1951 3262 gloriam

2062 3194 2280 3247 καὶτοῦ
2309 3185 2595 3263 πορφυροῦ
2632 3194 2915 3263 καμισίου,
2962 3195 3357 3263 ἀναπτομένων
3413 3194 3628 3263 φώτων.

380 3296 561 3365 magni
628 3290 900 3355 Luminis,
929 3300 983 3345 et
1031 3288 1555 3345 demonstrationem
1602 3284 1958 3339 illuminatio-

377 3390 463 3443 nis
491 3387 752 3441 divinitus
782 3382 1234 3441 suluninistratze.
1268 3378 1471 3433 Deinde
1491 3377 1647 3446 jussu
1678 3376 1953 3446 pontiﬁcis

376 3479 659 3534 camisium
686 3477 931 3547 deponit,
958 3484 1013 3528 et
1086 3472 1405 3531 sticliarium
1459 3468 1638 3523 induit
1698 3467 1956 3537 pontiﬁce

377 3573 557 3640 ipsum
611 3567 984 3623 benedicente.
1022 3564 1126 3619 Sed
1168 3565 1318 3633 prius
1355 3563 1420 3616 ad
1457 3562 1719 3615 orientem
1762 3572 1957 3613 versus

380 3673 461 3714 ter
485 3661 652 3714 Deum
702 3658 893 3712 adorat
951 3664 1230 3709 auctorem
1293 3660 1348 3705 et
1408 3651 1952 3706 subministratorem

380 3751 863 3812 illumiuationutn,
893 3748 1037 3800 velut
1082 3745 1147 3799 ad
1178 3744 1438 3812 majorem
1470 3740 1952 3806 illmuiuationem,

378 3859 497 3914 qua:
528 3843 792 3897 sticbario
838 3838 1201 3908 signiﬁcatur,
1248 3837 1533 3891 accedens.
1588 3832 1955 3901 Porphyream

380 3937 601 4003 quidem
630 3944 829 3987 testem
847 3932 1017 3994 exuit,
1045 3946 1166 3998 quae
1220 3928 1490 3998 passionis
1537 3924 1801 3979 indicium
1852 3929 1954 3987 est,

383 4037 565 4098 utpote
598 4027 799 4081 vibices
828 4024 1007 4077 adhuc
1034 4020 1479 4092 sanguinolentus
1522 4019 1793 4074 indicans.
1881 4068 1885 4073 .

927 4203 1158 4259 CAPUT
1197 4200 1428 4256 CLXIII.

383 4302 557 4363 Quare
597 4298 827 4352 candida
861 4297 1041 4347 tunica
1068 4296 1173 4347 sive
1200 4292 1453 4345 stic/tario
1485 4291 1740 4343 induatur
1772 4289 1953 4360 cinga-

866 4377 1049 4433 turque
1084 4364 1462 4416 subdiaconus.

456 4460 561 4514 Sed
583 4460 762 4512 album
793 4455 1110 4511 sticharium
1145 4454 1483 4507 demonstrat
1507 4450 1753 4520 puriores
1778 4450 1961 4521 gloria:

2060 3287 2230 3339 Τοῦτο
2264 3286 2320 3338 δὲ
2352 3287 2564 3353 γίνεται
2614 3286 2672 3337 ὲν
2719 3286 2869 3354 πάσῃ
2910 3286 3220 3357 χειροτονίᾳ
3272 3287 3353 3349 είς
3382 3304 3440 3338 τε
3470 3287 3633 3353 δόξαν

2059 3379 2152 3430 τοῦ
2188 3377 2428 3448 μεγάλου
2459 3380 2657 3446 φωτὸς,
2693 3379 2789 3431 καὶ
2826 3382 2905 3442 εἰς
2962 3377 3190 3442 ἔνδειξιν
3234 3379 3326 3433 τοῦ
3360 3398 3631 3451 χορηγου-

2066 3470 2229 3535 μένου
2262 3468 2548 3538 φωτισμοῦ
2588 3468 2758 3522 θείου.
2800 3470 2909 3521 Καὶ
2941 3470 3304 3540 ἀρχιερατικῇ
3346 3475 3628 3541 προσταγῇ

2059 3560 2379 3613 ἀποτίθεται
2432 3560 2528 3630 μὲν
2558 3560 2619 3613 τὸ
2648 3560 2908 3629 καμίσιον
2930 3576 2943 3591 ·
2977 3560 3218 3614 ἐνδύεται
3246 3563 3302 3615 δὲ
3328 3576 3628 3634 στιχαριον,

2062 3653 2466 3722 εὐλογήσαντος
2528 3652 2660 3705 αὐτὸ
2692 3652 2788 3705 τοῦ
2828 3653 3154 3724 ἀρχιερέως,
3192 3656 3459 3724 πρότερον
3512 3658 3631 3725 τρὶς

2062 3745 2452 3815 προσκυνήσας
2496 3743 2640 3796 κατὰ
2697 3744 2963 3805 ἀνατολὰς
3016 3743 3093 3814 τῷ
3129 3745 3250 3812 6εῷ
3276 3745 3373 3815 τῷ.
3408 3748 3629 3816 χορηγῷ

2057 3840 2165 3890 τῶν
2190 3837 2582 3906 φωτισμάτων.
2616 3838 2800 3904 Ὅπερ
2847 3837 3128 3906 στιχὰριον
3184 3838 3355 3906 δηλοῖ,
3390 3839 3461 3902 ὡς
3496 3844 3628 3909 πρὸς

2064 3928 2290 4001 μείζονα
2319 3928 2544 3999 ἔρχεται
2581 3927 2891 3997 φωτισμὸν,
2923 3928 2981 3980 τὸ
3006 3929 3326 4000 πορφυροῦν
3374 3933 3471 3998 μὲν
3495 3934 3630 3985 ἁποο

2057 4021 2259 4084 δυθεὶς,
2288 4020 2317 4074 ὃ
2346 4020 2650 4089 παθητικόν
2695 4022 2831 4087 ὲστι,
2875 4022 3002 4086 τοὺς
3061 4020 3340 4092 μώλωπας
3374 4024 3454 4077 ἔτι
3507 4028 3633 4087 τοὺς

2060 4113 2387 4185 αἱματώδεις
2422 4102 2641 4183 δηλοῦν.

2584 4219 2595 4228 ·
2616 4207 2870 4263 ΚΕΦᾹΛ.
2900 4208 3065 4262 ΡΞΓ’.

2061 4298 2225 4352 Arati
2253 4298 2827 4369 λευκὸνξστιχάριον
2861 4301 3307 4368 περιϐάλλεται,
3348 4303 3443 4355 καί
3473 4319 3629 4369 napi.

2448 4366 2736 4428 ζώννὺτὰι
2774 4375 2805 4425 ό
2837 4366 3270 4438 ὐπὸδιάκονος.

2135 4460 2210 4513 Τδ
2232 4459 2426 4540 λευκδν
2494 4459 2551 4512 δὲ
2599 4460 2877 4530 στιχάριον
2928 4462 3029 4532 τὴν
3090 4461 3485 4533 καθαρωτέραν
3539 4465 3633 4531 τῆς

388 4554 477 4607 Dei
543 4550 744 4616 radios,
790 4549 1156 4615 amictumque
1182 4544 1611 4615 perturbationis
1657 4552 1952 4613 expertem.

2064 4552 2223 4622 δόξης
2248 4551 2338 4604 τοῦ
2376 4530 2516 4604 θεοῦ
2548 4524 2843 4621 περιδολὴν
2901 4524 3089 4621 ἀπαθῆ
3144 4524 3455 4621 ἐμφαίνων.
3507 4524 3636 4606 Είτι

386 4646 522 4699 Eum
554 4648 715 4699 etiam
741 4642 989 4710 cingunt,
1020 4648 1077 4692 ut
1104 4642 1329 4693 doceant
1360 4651 1483 4691 eum
1510 4652 1616 4689 non
1655 4650 1816 4706 posse
1842 4650 1961 4689 am-

386 4739 529 4809 plius
562 4746 763 4789 vestem
795 4732 1061 4787 castitatis
1116 4744 1217 4786 suo
1238 4729 1469 4783 arbitrio
1506 4728 1809 4797 possidere,
1867 4727 1960 4783 sed

386 4834 558 4901 ipsam
589 4831 730 4883 circa
763 4827 977 4881 lumbos
1023 4826 1141 4895 ejus
1185 4823 1239 4878 in
1283 4822 1595 4876 humilitate
1647 4819 1957 4890 constringi

388 4941 484 4993 μοι·
518 4921 933 4989 temperantiam
974 4927 1025 4971 et
1052 4920 1383 4978 castitatem,
1416 4930 1538 4968 cum
1588 4912 1641 4966 in
1686 4921 1961 4982 posterum

354 5036 359 5051 ι
390 5030 612 5067 uxorem
651 5013 850 5065 ducere
869 5024 974 5063 non
1000 5008 1195 5077 possit.
1227 5006 1428 5060 Adiens
1452 5006 1615 5074 igitur
1640 5005 1960 5072 episcopum

389 5118 457 5160 ab
493 5120 557 5159 eo
587 5104 855 5173 signatur,
891 5100 1015 5169 quia
1047 5097 1207 5151 .lesus
1242 5096 1334 5165 qui
1362 5096 1725 5148 mortilicatus
1774 5102 1857 5146 est
1912 5096 1967 5143 et

391 5197 544 5257 ιιι-ιι,
580 5197 753 5263 ipsum
787 5194 1092 5261 inaugurat,
1120 5198 1172 5242 et
1205 5188 1305 5256 ipsi
1338 5193 1716 5240 consecratur.
1777 5182 1967 5235 Manus

391 5302 607 5356 qucque
632 5286 706 5338 illi
740 5285 1057 5352 imponitur,
1083 5279 1341 5356 quoniam
1371 5279 1549 5330 oratio
1596 5292 1635 5343 ,ει
1686 5276 1793 5329 Deo
1837 5290 1967 5345 gra-

392 5382 523 5434 tiam
552 5388 605 5455 ct
643 5378 1036 5447 protectionem
1073 5372 1285 5443 recipit.
1313 5371 1427 5438 Ipsa
1463 5379 1641 5423 autem
1700 5378 1783 5423 cst
1813 5368 1967 5438 ejus—

392 5471 538 5525 modt
572 5487 583 5523 :
623 5486 640 5517 ι
676 5467 811 5533 Quia
847 5477 900 5520 tu
928 5465 1157 5536 posuisti
1201 5466 1251 5517 in
1285 5463 1526 5518 Ecclesii
1557 5462 1761 5532 gradus
1794 5472 1851 5516 et
1879 5477 1967 5514 or-

390 5565 567 5625 dines,
612 5562 756 5613 liuue
787 5572 1002 5627 qucque
1032 5559 1271 5626 suscipe,
1309 5562 1367 5609 ut
1398 5569 1458 5607 as
1487 5563 1539 5609 et
1569 5554 1743 5623 portis
1780 5552 1964 5621 templi

394 5656 565 5708 sancti
599 5654 698 5714 tui,
726 5670 743 5703 ι
778 5661 884 5706 etc.
917 5648 976 5703 Et
1008 5665 1129 5704 cum
1155 5650 1357 5716 gratias
1379 5649 1506 5717 egit,
1526 5660 1760 5714 eumque
1784 5645 1975 5714 signa-

398 5748 493 5808 ιηὶι,
528 5746 745 5796 mantile
781 5745 1011 5814 imponit
1067 5744 1360 5813 cpiscopus
1402 5740 1517 5807 ejus
1571 5738 1821 5804 humero,
1857 5755 1965 5791 ma-

2066 4644 2159 4696 καὶ
2182 4642 2621 4714 περιζωννύουσι
2652 4643 2865 4711 τοῦτον,
2922 4644 3004 4695 ἔτι
3041 4644 3116 4715 μὴ
3173 4644 3465 4707 ἁπολύτως
3497 4645 3638 4715 ἔχειν

2067 4735 2368 4804 δυνάμενον
2397 4734 2495 4803 τὴν
2526 4735 2625 4803 τῆς
2648 4735 2875 4801 ἁγνείας
2911 4735 3127 4806 στολὴν,
3163 4736 3303 4789 ἀλλὰ
3341 4740 3639 4808 περισφίγ-

2069 4843 2192 4895 γειν
2221 4826 2396 4896 αὐτὴν
2430 4829 2486 4878 ὲν
2520 4825 2849 4878 ταπεινώσει
2895 4828 3027 4897 περὶ
3062 4825 3161 4896 τὴν
3216 4827 3388 4894 ὀσφὺν
3443 4828 3640 4881 ἑαυτοῦ

2066 4919 2152 4971 διὰ
2191 4920 2289 4988 τῆς
2316 4918 2677 4989 σωφροσύνης
2709 4919 2804 4971 καὶ
2851 4919 2951 4980 τῖς
2998 4918 3264 4987 ἁγνείαςο
3297 4921 3421 4973 ἐπεὶ
3461 4921 3553 4973 καὶ
3580 4922 3641 4974 οὐ

2069 5009 2294 5063 δύναται
2321 5009 2626 5079 λαμϐάνειν
2675 5010 2755 5061 ἔτι
2784 5012 3040 5076 γυναῖκα.
3074 5012 3524 5081 Προσερχόμενος
3542 5012 3638 5065 οῦν

2072 5101 2457 5171 σφραγίζεται,
2495 5102 2576 5153 ὅτι
2610 5102 2638 5154 ὁ
2659 5100 2956 5169 νεκρωθεὶς
2991 5102 3083 5155 καὶ
3108 5102 3215 5165 ζῶν
3246 5102 3461 5169 Ἰησοῦς
3483 5103 3642 5167 οὗτος

2072 5194 2232 5247 αὐτὸν
2260 5194 2484 5257 τελειοῖ,
2530 5196 2623 5245 καὶ
2653 5193 2804 5266 αὑτῷ
2854 5194 3191 5247 ἀνατίθεται.
3246 5196 3353 5247 Καὶ
3397 5195 3647 5264 χειροθε-

2073 5283 2364 5351 τούμενος,
2390 5284 2470 5335 ὅτι
2506 5283 2615 5335 ἀπὸ
2645 5283 2783 5338 Θεοῦ
2823 5284 2921 5354 τὴν
2956 5286 3117 5355 χάριν
3147 5285 3258 5353 ἔχει
3286 5286 3381 5337 καὶ
3412 5288 3644 5355 σκέπην,

2072 5374 2138 5425 τὰ
2166 5374 2264 5442 τῆς
2316 5375 2481 5443 εὐχῆς
2516 5374 2755 5443 δέχεται.
2824 5374 2973 5443 Αὕτη
3029 5374 3085 5427 δέ
3116 5376 3285 5439 ἐστιν,
3321 5376 3401 5428 ὅτι
3438 5393 3457 5426 ι
3496 5376 3568 5429 Σὺ
3621 5379 3650 5429 ὁ

2076 5466 2300 5543 θέμενος
2331 5466 2388 5518 ὲν
2428 5470 2494 5535 τῇ
2522 5466 2826 5538 Ἐκκλησία
2886 5465 3129 5537 βαθμοὺς
3161 5467 3260 5518 καὶ
3293 5466 3496 5531 τάξεις,
3551 5470 3647 5520 καὶ

2080 5557 2273 5616 τοῦτον
2316 5558 2630 5626 πρόσδεξαι,
2663 5560 2736 5622 ὼς
2780 5559 2845 5612 ἂν
2899 5559 3237 5629 παρίσταται
3280 5561 3403 5623 ταῖς
3451 5561 3646 5621 πύλαις

2076 5648 2174 5701 τοῦ
2221 5649 2350 5702 ναοῦ
2415 5649 2509 5701 τοῦ
2563 5652 2721 5718 ἁγίου
2786 5668 2903 5714 σου,
2956 5650 3095 5704 ὥστε
3150 5652 3417 5706 ἀνάπτειν
3460 5651 3650 5721 λύχνον

2086 5745 2451 5807 σκηνώματος
2506 5742 2665 5805 δόξης
2713 5760 2831 5810 σου,
2894 5743 2984 5796 καὶ
3022 5744 3229 5797 τέλειον
3278 5740 3416 5798 εἶναι
3466 5745 3647 5799 δοῦλόν
