4044 6198
392 335 492 398 31ῗ9
1449 344 1549 404 DE
1593 344 1864 405 SACBIS
1920 342 2618 409 ORDINATIONlBUS.
3528 354 3632 413 37)

393 453 514 503 σὺν·
555 469 573 500 ι
612 449 706 503 καὶ
734 451 947 525 ὅσαπερ
997 456 1134 511 ἄλλα
1187 456 1426 527 εὒχεται.
1478 460 1590 512 Καὶ
1627 460 1954 530 εὐχαριστή-

2074 461 2216 514 tibus
2248 471 2428 515 autem
2461 459 2774 516 malluvium
2830 463 3028 526 tradit;
3063 462 3180 532 ipse
3223 479 3351 522 vero
3394 464 3632 536 episcopi

390 557 504 607 σσς,
561 543 655 594 καὶ
713 545 1024 614 σφραγίσας
1060 547 1244 613 αὑτὸν,
1292 549 1602 616 ἐπιτίθησιν
1663 547 1831 602 αὑτοῦ
1882 548 1960 618 τῷ

2077 567 2255 606 nauus
2283 553 2626 607 deosculatus
2657 553 2768 607 hate
2800 553 3014 622 accipit.
3059 554 3321 625 lluncque
3373 553 3634 610 honorem

391 634 520 704 ὤμῳ
557 636 874 705 μανδύλιον.
902 639 1034 702 Ταῖς
1065 640 1122 693 δὲ
1153 641 1310 710 χερσὶ
1334 641 1612 711 χερνίϐιον
1641 641 1733 692 καὶ
1759 639 1962 713 ξέστην

2072 642 2107 696 3i
2134 642 2328 703 defert,
2365 659 2430 697 eo
2460 643 2604 712 quod
2633 645 2939 712 bujusmodi
2969 645 3334 700 ministerium
3365 660 3631 700 consecu-

388 727 634 797 παρέχει.
690 729 802 782 Καὶ
845 731 1008 795 αὐτὸς
1047 733 1434 803 ἀσπαζόμενος
1477 737 1576 797 τὰς
1628 733 1723 788 τοῦ
1778 735 1966 804 ἀρχιε-

2072 741 2158 787 tus
2195 743 2297 788 est.
2332 735 2636 804 Episcopus
2670 744 2847 791 autem
2868 751 3062 791 manus
3088 738 3351 801 extendit,
3405 744 3460 792 et
3501 751 3632 792 con-

343 855 346 858 .
391 821 518 887 ρέως
548 823 764 891 χεῖρας,
788 823 967 878 ταῦτα
1012 824 1304 894 λαμϐάνει,
1329 825 1496 895 τιμὴν
1541 826 1740 904 διδοὺς,
1776 826 1850 890 ὡς
1879 829 1961 882 ὅτι

2071 833 2224 877 sucta
2261 825 2474 893 recipit.

386 911 637 967 τοιούτων
689 913 994 984 τετύχηκεν
1054 907 1339 985 ὑπηρέτης
1385 912 1548 972 εἶναι.
1579 918 1636 971 ’0
1682 918 1949 989 ίεράρχης
1988 914 2045 969 δὲ
2076 913 2315 979 ὑφαπλοῖ
2369 913 2465 976 τὰς
2509 914 2717 985 χεῖρας,
2761 915 2857 968 καὶ
2914 916 2975 968 τὸ
3009 915 3187 986 νίμμα
3215 915 3451 987 δέχεται.

913 1006 1168 1062 ΚΕΦΑΛ.
1198 1005 1352 1062 ΡΞΔ⁹.

617 1094 778 1148 ’Ὀσα
807 1095 1170 1165 ἐνεργοῦσιν
1196 1099 1252 1151 cl
1305 1097 1728 1154 ὐποδιάκονοι.

453 1183 566 1238 Καὶ
592 1184 766 1248 οὓτως
821 1185 1221 1254 εὐλογούμενος
1278 1190 1306 1242 6
1337 1188 1638 1253 τελεσθεὶς,
1671 1191 1768 1245 καὶ
1828 1193 1955 1256 τοὺς

387 1276 779 1341 ὑποδιακόνους
832 1277 1252 1347 ἀσπασάμενος,
1309 1279 1386 1342 ὡς
1434 1283 1715 1351 όμοταγὴς
1771 1283 1955 1347 αὐτοῖς

387 1368 650 1437 γεγονὼς,
681 1370 1008 1441 ἀπέρχεται,
1041 1371 1282 1424 ικτελῶν
1313 1372 1383 1425 τὰ
1440 1373 1549 1428 τῶν
1579 1374 1955 1429 ὑποδιακόνων

391 1460 486 1510 σὺν
513 1459 724 1522 αὐτοῖς.
757 1460 871 1512 Καὶ
903 1459 1177 1528 φυλάσσει
1225 1460 1326 1530 μὲν
1370 1461 1468 1523 τὰς
1519 1461 1695 1524 πύλας
1741 1463 1837 1526 τὰς
1886 1465 1960 1515 ἱε-

392 1548 512 1617 ρὲς.
548 1548 638 1602 ἵνα
675 1550 751 1619 μή
778 1567 865 1612 τις
893 1550 1004 1603 τῶν
1031 1550 1270 1615 ἀναξίων
1299 1551 1449 1606 ἔνδον
1491 1552 1710 1626 εἰσέλθῃ
1737 1555 1831 1606 τοῦ
1863 1555 1958 1624 βή..

390 1656 581 1709 ματος’
609 1641 845 1696 ἅπτεται
879 1642 938 1696 δὲ
1006 1643 1118 1696 τῶν
1169 1643 1330 1712 ίερῶν
1393 1645 1625 1711 σκευῶν,
1660 1645 1757 1698 καὶ
1797 1645 1957 1698 εὐκό-

387 1749 545 1801 σμως
573 1735 716 1788 αὐτὰ
761 1735 1152 1803 κατατίθησιν,
1184 1736 1265 1798 είς
1309 1735 1370 1788 τὸ
1399 1735 1526 1799 τοὺς
1564 1737 1732 1808 ἱερεῖς
1758 1755 1960 1807 προσε-

389 1824 583 1891 νέγκαι
612 1823 765 1896 141
799 1825 870 1878 τὰ
907 1823 1082 1892 δῶρα,
1102 1825 1410 1895 εὑρηκότας
1435 1826 1831 1897 ἡτοιμασμένα.
1851 1827 1958 1880 Καὶ

386 1917 440 1967 ἐν
470 1919 540 1984 τῇ
576 1917 810 1988 μεγίστῃ
843 1917 901 1970 δὲ
955 1917 1148 1986 είσόδῳ
1207 1916 1386 1970 ταῦτα
1420 1917 1840 1988 ὑποδεχόμενος,
1885 1919 1954 1971 τὰ
1986 1898 2030 1957 Β

389 2007 785 2068 περιττεύοντα
815 2008 958 2077 λέγω
986 2009 1096 2062 τῶν
1151 2009 1318 2079 ἱερῶν
1365 2010 1602 2075 σκευῶν,
1653 2011 1956 2082 περιφυλά-

385 2101 470 2166 ξαι
506 2103 622 2162 τοῖς
663 2100 969 2168 ὑπηρέταις
995 2102 1234 2156 δίδωσιν.
1270 2101 1346 2155 Οὐ
1401 2103 1513 2172 γὰρ
1542 2102 1818 2156 ἅπτεσθαι
1863 2103 1954 2155 Θε-

387 2198 542 2261 μιτδν
570 2193 778 2246 τούτων
803 2194 987 2256 ἄλλοις
1015 2195 1125 2246 τῶν
1153 2194 1587 2265 ὑποδεεστέρων.
1615 2196 1756 2257 Τοὺς
1781 2211 1954 2263 κατη-

383 2285 686 2354 γουμένους
707 2302 766 2337 τε
801 2284 995 2350 ἐξωθεί
1024 2287 1164 2338 κατὰ
1217 2285 1434 2356 καιρὸν,
1474 2287 1562 2340 ὅτε
1597 2288 1762 2355 φησὶν
1784 2288 1813 2339 6
1837 2287 1956 2340 διά-ρ

385 2397 566 2443 κονος,
598 2397 617 2430 ι
646 2378 712 2432 Οί
743 2378 1173 2449 κατηχούμενοι,
1207 2379 1525 2449 προέλθετε.
1562 2397 1580 2432 ι
1614 2381 1722 2432 Καὶ
1758 2381 1814 2433 ὲν
1841 2383 1962 2442 ταῖς
2008 2383 2009 2386 “

383 2473 688 2536 λιτανείαις
731 2474 824 2524 τὸν
856 2473 1088 2541 σταυρὸν
1119 2471 1276 2532 οὗτος
1316 2471 1584 2542 κατέχων,
1618 2473 1963 2540 προπορεύε-

385 2583 495 2620 ται.
545 2565 712 2617 ’Λλλὰ
740 2567 834 2618 καὶ
867 2565 966 2634 τὴν
998 2564 1056 2616 ὲν
1095 2565 1158 2633 τῇ
1183 2563 1308 2632 θείᾳ
1337 2563 1588 2633 τραπέζῃ
1620 2563 1842 2632 λυχνίαν
1868 2565 1963 2617 καὶ

385 2657 443 2708 τὸ
469 2657 762 2725 τρικῆριον
793 2654 888 2709 τοῦ
950 2655 1195 2723 βήματος
1247 2653 1341 2705 καὶ
1376 2655 1445 2705 τὰ
1479 2654 1635 2721 φῶτα
1664 2655 1713 2706 ol
1745 2655 1966 2707 ὑποδιά-

387 2765 541 2802 κονοι
602 2748 1010 2816 εὐτρεπίζουσι.
1046 2747 1135 2800 Διὸ
1188 2748 1284 2801 καὶ
1317 2747 1456 2816 μετὰ
1504 2745 1631 2808 τοὺς
1681 2745 1964 2808 διακόνους

393 2842 502 2910 πρὸ
529 2841 642 2891 τῶν
681 2839 842 2908 ἱερῶν
877 2839 1064 2893 πυλῶν
1093 2841 1151 2892 ὲν
1179 2842 1332 2909 πάσῃ
1363 2837 1674 2908 ἱερουργίᾳ,
1727 2839 1816 2890 ὅτε
1861 2837 1968 2908 χρὴ

391 2931 697 3000 ὑπηρετεῖν
727 2930 805 2999 τῷ
831 2933 1097 3001 ἀρχιερεῖ,
1132 2933 1534 3000 προσέρχονται
1555 2929 1727 2993 οὗτοι,
1749 2931 1839 2981 καὶ
1858 2929 1970 2981 τῶν

2601 1006 2828 1062 CAPUT
2865 1007 3092 1063 CLXIV.

2275 1100 2536 1165 Quaenam
2580 1101 2916 1155 subdiaconix
2952 1103 3248 1172 peragenda
3290 1106 3417 1160 sint.

2063 1179 2066 1182 ’
2133 1191 2334 1263 Sicque
2351 1193 2632 1249 ordinatus
2661 1193 3014 1259 bcnedicitur,
3046 1204 3099 1249 et
3126 1197 3371 1253 salutans
3407 1197 3627 1251 subdia-

2063 1299 2252 1350 conos,
2290 1293 2348 1338 ιιι
2388 1283 2560 1340 factus
2583 1284 2830 1354 ejusdem
2864 1285 3090 1350 ordinis,
3122 1286 3185 1338 ad
3211 1302 3305 1342 eos
3321 1288 3452 1352 abit,
3479 1301 3635 1343 exsc-

2063 1385 2288 1429 cuturns
2310 1376 2768 1430 subdiaconorum
2816 1376 3037 1442 munia;
3069 1363 3413 1448 custoditque
3447 1389 3631 1450 portas

2063 1481 2276 1523 sacras.
2312 1481 2376 1519 ne
2418 1467 2541 1536 quis
2568 1467 2928 1536 profanorum
2969 1467 3109 1522 intra
3139 1470 3507 1524 sanctuarium
3549 1470 3632 1525 in-

2060 1557 2384 1626 grediatur:
2425 1557 2596 1626 tangit
2625 1573 2842 1626 quoque
2895 1573 3024 1611 vasa
3071 1573 3248 1623 sacra,
3301 1569 3353 1614 et
3404 1561 3630 1631 pttlrltm

2063 1647 2256 1701 ordine
2287 1663 2349 1702 ea
2382 1649 2644 1715 disponit,
2676 1659 2734 1703 ul
2760 1651 3076 1704 sacerdotes
3133 1661 3432 1719 praeparata
3477 1653 3632 1708 inve-

2063 1741 2282 1794 nientes
2305 1740 2448 1794 dona
2483 1740 2752 1804 deferant,
2784 1750 2837 1796 et
2868 1741 2921 1796 in
2990 1743 3228 1798 maximo
3289 1743 3512 1798 introitu
3568 1760 3631 1800 ea

2063 1832 2398 1902 Suscipiens,
2456 1849 2607 1896 vasa,
2666 1837 2912 1905 inquam,
2973 1851 3126 1890 sacra
3175 1852 3295 1903 qum
3341 1848 3633 1906 supersunt
3720 1854 3729 1861 ·

2055 1934 2426 1990 conservat,et
2445 1926 2709 1980 ministris
2740 1928 2876 1995 (sive
2906 1927 3255 1983 subtliaconis
3279 1928 3419 1999 aliis)
3447 1930 3625 1984 tradit.

2058 2017 2164 2070 Fas
2188 2017 2336 2070 enim
2373 2031 2479 2070 non
2515 2026 2597 2072 est
2623 2017 2975 2074 inferioribus
3004 2034 3163 2088 quam
3219 2019 3308 2074 isti
3371 2028 3518 2084 sunt,
3565 2036 3627 2074 ca

2058 2117 2304 2178 tangere.
2336 2107 2765 2165 Catechumcnos
2813 2125 3032 2179 quoque
3085 2111 3310 2180 expellit
3388 2122 3633 2181 tempore

2059 2200 2377 2262 constituto,
2411 2216 2532 2254 cum
2560 2201 2767 2256 scilicet
2795 2201 2926 2255 dicit
2959 2201 3242 2268 diaconus,
3286 2221 3304 2254 ι
3353 2203 3629 2258 Catechu-

2058 2291 2223 2355 meni,
2253 2291 2588 2358 procedite.»
2628 2290 2680 2344 In
2707 2292 2914 2344 litaniis
2933 2307 3150 2346 erucem
3181 2303 3379 2349 tenens
3407 2304 3632 2349 caeteros

2065 2382 2338 2448 praecedit.
2372 2379 2703 2435 Subdiaconi
2739 2380 2960 2450 insuper
2992 2391 3291 2436 ccreostata
3334 2385 3397 2436 ‘irt
3452 2383 3632 2438 divina

2067 2486 2277 2535 mensa,
2312 2479 2363 2528 et
2395 2473 2668 2527 tt'icerium
2700 2473 3024 2540 sanctuarii,
3053 2484 3106 2528 et
3138 2473 3429 2530 luminaria
3494 2491 3635 2544 prm-

2038 2575 2257 2632 parant
2286 2573 2339 2617 et
2374 2565 2658 2618 adornant.
2695 2562 2822 2617 Ideo
2856 2565 2907 2622 in
2945 2566 3092 2617 omni
3139 2579 3292 2618 sacra
3326 2567 3637 2633 operatiOue

2066 2672 2186 2708 cum
2215 2656 2468 2724 episeopo
2499 2655 2901 2709 inserviendum
2955 2664 3059 2721 est,
3117 2656 3384 2709 accedunt
3438 2655 3512 2709 illi
3568 2657 3634 2714 ad

2073 2762 2258 2802 sacras
2283 2757 2466 2816 portas
2520 2757 2636 2815 post
2687 2747 2968 2809 diacoaos,
3034 2747 3217 2816 ibique
3256 2747 3635 2816 mysteriorum

2077 2839 2457 2894 communione
2485 2838 2762 2899 fruuntur.
2802 2839 2892 2894 Sic
2946 2854 3005 2892 se
3058 2838 3257 2892 habent
3294 2853 3358 2892 ea
3403 2852 3523 2906 quin
3568 2839 3635 2890 ad

2080 2931 2446 2988 subdiaconos
2473 2932 2587 2986 sive
2620 2931 2902 2986 ministros
2934 2932 3224 3004 pertinent.

387 3026 707 3096 μυστηρίων
739 3027 1078 3080 κοινωνοῦσι.
1113 3028 1223 3081 Καὶ
1253 3030 1321 3080 τὰ
1363 3026 1461 3096 μὲν
1499 3026 1610 3081 τῶν
1669 3024 2056 3092 ύποδιακόνων,
2085 3026 2204 3097 ἦτοι
2237 3027 2552 3098 ὑπηρετῶν,
2587 3025 2756 3080 οὕτω.

948 3117 1202 3172 ΚΕΦᾹΑ.
1234 3115 1397 3171 ΡΞΕ’.

904 3204 1065 3276 ’Περὶ
1116 3211 1416 3262 διακόνων

450 3303 600 3359 Μετ’
631 3302 832 3363 αὐτοὺς
862 3301 920 3354 δέ
965 3302 1106 3353 εἰσιν
1133 3301 1183 3353 οἱ
1217 3301 1480 3362 διάκονοι,
1513 3301 1563 3352 οί
1599 3303 1691 3353 καὶ
1721 3299 1968 3371 λειτουρ-

383 3397 470 3462 γοὶ
497 3403 604 3450 καὶ
653 3394 878 3449 Λευῖται
909 3393 983 3457 ὡς
1024 3386 1132 3447 ἀπὸ
1172 3392 1282 3447 τῶν
1314 3394 1558 3463 νομικῶν
1597 3395 1822 3448 ἐκείνων
1867 3411 1969 3448 κα·-

387 3487 678 3559 λούμενοι.
711 3488 860 3557 Πλὴν
895 3485 1050 3539 οὐδὲν
1077 3485 1194 3538 ἴσον
1239 3483 1452 3548 τούτοις
1496 3501 1557 3536 τε
1589 3485 1681 3538 καὶ
1715 3486 1829 3546 τοῖς
1870 3501 1975 3536 πα-

388 3580 593 3641 λαιοῖς·
628 3579 710 3631 δτι
752 3573 882 3648 σκιᾷ
915 3577 1014 3639 μὲν
1037 3578 1240 3629 ἐκεῖνοι
1275 3576 1586 3644 ὲλάτρευον,
1639 3575 1786 3628 οὗτοι
1817 3575 1873 3627 δέ
1903 3592 1966 3642 γε

389 3673 455 3740 τῇ
516 3669 778 3740 ἀληθείᾳ.
826 3669 936 3721 Καὶ
1000 3669 1112 3730 τοῖς
1177 3667 1320 3720 ἑπτὰ
1372 3667 1482 3719 τῶν
1539 3668 1599 3718 ἐν
1649 3666 1970 3726 ἀποστόλοις

388 3761 685 3827 διακόνων,
743 3755 819 3816 ῶν
873 3763 902 3814 6
955 3759 1230 3828 Στέφανος
1286 3759 1505 3830 πρῶτος
1564 3753 1658 3827 ἦν,
1706 3757 1852 3810 οὗτοι
1904 3756 1968 3823 δὴ

393 3854 777 3924 συναρίομιοι.
858 3852 922 3905 Οἳ
977 3851 1073 3904 καὶ
1132 3851 1196 3904 οὑ
1254 3851 1416 3920 μόνον
1475 3853 1590 3912 τοῖς
1625 3849 1972 3920 μυστηρίοις

2633 3117 2864 3175 CAPUT
2903 3120 3109 3176 CLXV.

2671 3211 2743 3264 De
2773 3211 3036 3270 diaconus.

2141 3303 2268 3357 Post
2293 3304 2393 3358 hos
2414 3304 2637 3358 veniunt
2669 3303 2907 3370 diaconi,
2942 3308 3030 3376 qui
3057 3315 3110 3363 et
3145 3306 3384 3361 ministri
3429 3315 3483 3362 ot
3536 3308 3638 3362 Le-

2069 3396 2193 3449 vita:
2245 3397 2394 3448 velut
2425 3412 2454 3449 a
2481 3396 2745 3465 legalibus
2783 3398 2890 3453 illis
2924 3398 3201 3452 dicuntur.
3253 3397 3638 3454 Verumtamen

2073 3487 2207 3540 nihil
2235 3495 2316 3540 est
2375 3488 2581 3556 ecquale
2643 3487 2762 3543 istis
2817 3497 2870 3542 et
2928 3489 3214 3555 antiquis;
3267 3490 3522 3557 quoniam
3586 3491 3652 3546 hi.

2075 3577 2283 3630 umbra:
2318 3578 2649 3639 serviebant,
2674 3579 2746 3630 illi
2776 3593 2905 3632 vero
2935 3578 3169 3640 veritati,
3219 3585 3274 3632 ct
3325 3580 3641 3646 apostolicis

2078 3667 2339 3731 diacnnis,
2369 3682 2601 3735 quorum
2637 3667 2946 3736 Stephanus
2985 3669 3192 3737 primus
3217 3676 3353 3733 erat,
3376 3667 3644 3728 adnume-

2080 3766 2304 3822 rantur;
2340 3759 2544 3827 quique
2571 3775 2672 3812 non
2702 3760 2874 3814 solum
2903 3760 3175 3830 mysteriis
3197 3759 3524 3820 inserviunt,
3544 3763 3637 3814 Sed

2079 3850 2240 3902 etiam
2263 3849 2644 3905 administrant
2680 3866 2742 3904 ea
2773 3866 2890 3920 qua:
2937 3851 2988 3911 in
3018 3852 3246 3909 ecclesia
3295 3860 3421 3911 sunt
3442 3851 3635 3910 cilicia.

388 3946 718 4019 ὑπηρετεῖν,
744 3944 880 3998 ἀλλὰ
901 3945 965 4014 δὴ
989 3943 1086 3997 καὶ
1112 3942 1483 4012 ἑξοικονομεϊν
1513 3941 1772 3996 δύνανται
1800 3941 1868 3994 τὰ
1909 3942 1967 3996 ὲν
2006 3941 2070 4010 τῇ
2101 3940 2371 4010 ἐκκλησίᾳ
2403 3940 2801 4010 διακονήματα.

956 4059 1210 4113 ΚΕΦΑΛ.
1237 4057 1414 4126 ΡΞΤ.

389 4177 515 4231 Ὀτι
554 4174 829 4228 διάκονοι
855 4171 1013 4235 ,κατὰ
1048 4169 1192 4234 τοὺς
1249 4168 1400 4224 ἑπτὰ
1431 4171 1701 4238 ἐκείνους
1735 4173 1973 4240 καίκρι-

461 4246 561 4300 ταὶ
629 4244 731 4298 καὶ
803 4241 1259 4311 διακονημὰτων
1307 4242 1610 4310 μεγίστων
1665 4243 1971 4312 οἰκονόμοι

459 4316 895 4371 καθίστανται.

460 4410 584 4464 Καὶ
611 4405 776 4460 τούτο
803 4406 936 4476 ἄχρι
964 4405 1060 4460 τοῦ
1090 4406 1186 4462 νῦν
1205 4407 1342 4478 όρᾷν
1370 4421 1521 4458 εστιν
1553 4403 1968 4474 ένεργούμενον.

2593 4056 2820 4113 CAPUT
2849 4057 3102 4113 CLXVL

2083 4169 2235 4236 Quod
2282 4170 2510 4235 diaconi,
2547 4169 2763 4223 illorum
2809 4179 3001 4236 septem
3043 4185 3204 4230 more,
3239 4176 3289 4222 et
3331 4168 3541 4236 judice:
3593 4179 3644 4224 et

2153 4242 2682 4294 administrationum
2727 4243 3080 4297 maximarum
3115 4249 3395 4294 curatores
3443 4242 3648 4296 consti-
3718 4304 3722 4308 ι

2151 4321 2386 4365 tuantur.

2150 4402 2263 4458 Hoc
2289 4404 2448 4457 etiam
2480 4403 2585 4458 huc.
2616 4419 2789 4472 usque
2816 4402 2930 4464 ﬂeri
2963 4403 3146 4461 videre
3166 4415 3270 4459 est.
3329 4402 3640 4474 Pta'cipuos

387 4499 536 4564 Τοὺς
566 4499 676 4568 γὰρ
705 4498 995 4565 ἐκκρίτους
1027 4498 1136 4553 τῶν
1159 4498 1422 4553 διακόνων
1469 4494 1566 4547 καὶ
1618 4495 1699 4558 είς
1737 4495 1966 4548 ἐπισκό-

2075 4496 2286 4550 enimet
2316 4495 2548 4549 selectos
2575 4511 2604 4550 e
2658 4495 2905 4550 diacouis
2933 4495 2984 4548 in
3051 4495 3437 4565 episcoporum
3497 4494 3646 4550 ordi-

385 4613 515 4648 πων
545 4593 705 4658 τάξιν
749 4593 963 4647 τιθέασι
985 4609 1000 4624 ο
1043 4595 1140 4647 καὶ
1173 4591 1440 4661 σταυροὺς
1477 4589 1578 4661 μὲν
1635 4589 1850 4659 ἔχουσιν
1879 4590 1971 4647 ἰπὶ

386 4683 670 4753 κεφαλῆς,
704 4683 890 4752 κριταὶ
938 4681 998 4735 δὲ
1047 4682 1282 4736 τελοῦσι.
1316 4681 1426 4735 Καὶ
1460 4684 1488 4735 6
1521 4681 1622 4750 μὲν
1668 4679 1851 4733 αὐτῶν
1902 4682 1967 4732 τὰ

384 4771 788 4847 τῆς-μεγάλης
835 4772 1164 4842 Ἐκκλησίας
1217 4772 1495 4840 οἰκονομεῖ
1549 4771 1690 4838 ὑπέρ
1744 4785 1806 4822 τε
1863 4769 1970 4820 τῶν

385 4865 683 4936 κληρικῶν
741 4864 836 4917 καὶ
884 4864 996 4918 τῶν
1029 4864 1298 4933 πενήτων,
1358 4862 1498 4917 κατὰ
1544 4862 1635 4913 τὸν
1675 4859 1970 4929 ἱερώτατον

385 4957 683 5024 Στέφανον
712 4969 724 4982 ⁸
754 4955 782 5005 6
815 4954 870 5007 δὲ
917 4953 988 5006 τὰ
1016 4953 1124 5005 τῶν
1162 4953 1326 5020 ἱερῶν
1363 4953 1542 5022 μονῶν
1568 4967 1583 4982 ·
1618 4954 1645 5005 6
1676 4952 1735 5004 δὲ
1763 4951 1831 5003 τὰ
1860 4951 1971 5002 τῶν

387 5047 567 5118 ἱερῶν
600 5046 832 5108 σκευῶν,
864 5045 1084 5113 καὶτῆς
1111 5045 1580 5113 ὲκκλησιαστικῆς
1612 5045 1866 5110 εὐταξίας
1898 5059 1916 5080 ο

383 5139 447 5191 δὲ
497 5137 575 5190 τὰ
622 5136 736 5190 τῶν
787 5136 981 5204 ἱερέων
1011 5135 1278 5188 διευθετεί
1322 5138 1419 5207 καὶ
1467 5136 1576 5188 τῶν
1611 5136 1850 5204 κρίσεων
1881 5135 1975 5186 καὶ

386 5227 816 5299 χαρτοφυλακεῑ
839 5228 908 5279 τὰ
944 5228 1315 5299 πεπραγμένα
1342 5242 1358 5261 ο
1391 5228 1419 5280 6
1450 5226 1506 5279 δὲ
1559 5226 1626 5278 τὰ
1661 5227 1768 5278 τῶν
1814 5227 1974 5297 ἱερῶν

383 5325 571 5378 οἴκων
597 5320 880 5393 φροντίζει
920 5321 1031 5375 τῶν
1083 5324 1143 5375 ἐν
1185 5324 1252 5392 τῇ
1285 5321 1462 5386 πόλει,
1509 5320 1658 5382 ὅπως
1695 5319 1972 5382 εὐτάκτως

385 5414 596 5484 εχωσι,
627 5413 724 5465 καὶ
755 5412 990 5482 μάλιστα
1027 5412 1096 5466 τὰ
1119 5411 1216 5465 τοῦ
1250 5413 1494 5482 βήματος
1520 5428 1534 5442 ο
1589 5413 1616 5464 6
1645 5411 1702 5464 δὲ
1753 5411 1821 5466 τὰ
1862 5409 1970 5463 τῶν

386 5503 848 5574 ἐπιστρεφόντων
877 5503 1088 5556 ἐκδικεϊ
1127 5505 1224 5556 καὶ
1276 5503 1575 5572 οἰκονομεῖ,
1636 5500 1731 5554 καὶ
1784 5500 1970 5563 ἁπλῶς

387 5598 423 5664 ἡ
456 5593 696 5664 τοιαύτη
741 5592 891 5658 τάξις
943 5593 1042 5647 καὶ
1089 5595 1202 5657 τοῖς
1260 5593 1518 5664 μεγάλοις
1571 5593 1750 5664 ἔργοις
1783 5591 1970 5662 ἐγκρίο

389 5703 583 5742 νεται.

2080 4601 2204 4642 nem
2237 4585 2530 4642 admittunt
2562 4602 2792 4642 :cruces
2816 4602 3036 4655 quoque
3071 4587 3121 4640 in
3167 4589 3348 4658 capite
3407 4597 3644 4657 gestant,

2078 4688 2132 4733 et
2152 4678 2363 4747 judices
2395 4679 2823 4736 constituuntur.
2852 4670 3054 4733 EOrum
3087 4681 3302 4748 quidem
3360 4697 3502 4736 unus
3529 4698 3648 4750 qua:

2078 4771 2142 4824 ad
2173 4770 2419 4840 Magnam
2450 4768 2743 4823 Ecclesiam
2777 4768 3049 4837 pertinent
3105 4777 3214 4822 tam
3275 4783 3375 4837 pro
3428 4769 3644 4828 clericis

2076 4877 2238 4930 quam
2272 4861 2602 4930 pauperibus
2637 4861 2990 4916 administrat
3014 4861 3168 4930 juxta
3225 4861 3636 4915 sanctissimum

2058 4940 2413 5020 'Stephanum
2453 4973 2466 5006 :
2500 4952 2642 5006 alius
2697 4968 2825 5007 vero
2880 4969 3002 5022 quae
3055 4953 3119 5007 ad
3177 4968 3331 5019 sacra
3384 4960 3639 5007 tantum:

2081 5043 2220 5100 alius
2243 5059 2362 5118 quae
2384 5044 2448 5096 ad
2472 5058 2798 5110 vasa_sacra,
2834 5053 2887 5099 et
2919 5045 3356 5100 ecclesiasticam
3398 5045 3642 5116 discipli-

2082 5148 2246 5186 nam:
2279 5133 2416 5186 alius
2445 5149 2567 5202 qua!
2621 5143 2750 5189 sunt
2805 5134 3148 5189 sacerdotum
3205 5144 3259 5188 et
3307 5135 3642 5202 judiciorum

2081 5225 2224 5278 inter
2263 5239 2355 5277 eos
2381 5224 2808 5281 exercendorum
2837 5223 3078 5292 disponit
3105 5231 3158 5276 et
3210 5233 3386 5288 curat,
3418 5236 3646 5294 actaque

2079 5313 2358 5379 describit,
2403 5311 2640 5366 archivis
2680 5313 2890 5375 inserit,
2919 5321 2971 5364 et
2996 5311 3234 5366 custodit
3265 5329 3278 5366 :
3309 5312 3650 5369 aliussacra-

2080 5404 2686 5473 rumdomuumquaain
2721 5403 2853 5456 urbe
2914 5412 3064 5468 sunt,
3120 5419 3310 5468 curam
3376 5405 3535 5474 gerit,
3591 5415 3650 5468 ut

2081 5499 2265 5562 omnia
2302 5498 2356 5554 in
2383 5498 2464 5551 eis
2505 5497 2642 5550 bene
2672 5493 2730 5550 se
2755 5495 3015 5560 habeant,
3050 5497 3354 5566 praesertim
3411 5513 3530 5566 qua:
3582 5498 3646 5562 ad

2081 5591 2437 5646 ecclesiarum
2473 5587 2836 5642 sanctuaria:
2891 5589 3032 5644 alius
3079 5589 3144 5642 ad
3197 5576 3512 5657 religionem
3567 5589 3650 5641 vt-l

2084 5681 2366 5736 meliorem
2401 5681 2609 5749 frugem
2638 5695 2936 5736 conversos
2967 5679 3196 5753 protegit
3253 5687 3306 5734 ot
3353 5689 3654 5754 procurat,

392 5787 596 5853 atque.
625 5789 684 5836 ut
719 5777 964 5858 absolute
995 5777 1196 5846 dicam,
1227 5779 1356 5836 ordo
1389 5778 1492 5835 istc
1511 5779 1575 5839 ad
1604 5793 1794 5851 ntagua
1825 5793 2055 5851 queque
2084 5779 2290 5848 agenda
2325 5777 2656 5834 admittitur.
