4044 6198
304 321 403 382 371

857 430 1082 486 CAPUT
1111 432 1364 488 CLXVII.

306 544 484 610 Quare
536 544 887 599 subdiaconus
938 547 1014 599 vel
1054 549 1307 602 diaconus
1357 548 1684 603 ordinandus
1719 552 1883 604 testi.»

376 615 550 691 monia
592 624 814 668 ornatur
858 631 889 670 ο
937 626 1127 686 septem
1162 618 1496 691 presbyteris,
1545 635 1647 673 non
1686 638 1717 673 a
1751 620 1871 674 dia-

368 698 534 738 601118.

380 794 721 865 Quapropter
744 797 834 866 qui
864 796 917 850 in
946 797 1240 853 diaconum
1293 802 1693 870 promovendos
1756 810 1866 870 est,

306 900 413 939 non
444 886 595 956 prius
613 887 899 943 ordinatur
927 904 1090 959 quam
1129 891 1273 946 sicut
1306 892 1675 949 subdiaconus
1714 893 1871 949 testi-

304 980 547 1034 monium
576 979 829 1037 idoneum
863 982 1198 1053 praestiterit,
1217 992 1272 1039 et
1289 985 1412 1039 vitae
1436 993 1640 1040 saneta:
1667 1000 1869 1041 conve-

302 1068 481 1124 niens.
520 1068 699 1125 Veluti
737 1086 861 1126 cum
907 1069 1244 1142 Stephanum
1294 1081 1708 1142 promoverunt,
1762 1087 1868 1128 non

304 1158 452 1226 prius
470 1161 871 1215 constituerunt
891 1176 1014 1217 eum
1050 1163 1338 1217 diaconum
1370 1176 1536 1232 quam
1578 1161 1869 1232 eosnovis-

301 1257 443 1312 sent,
478 1259 530 1303 et
563 1250 936 1306 testimonium
964 1253 1308 1324 accepissent
1331 1267 1455 1308 eum
1488 1251 1697 1323 Spiritu
1744 1267 1868 1308 san-

303 1347 390 1393 cto
420 1340 661 1409 plenum,
700 1343 967 1413 sapientia
996 1352 1053 1400 et
1073 1346 1277 1400 Virtute
1310 1345 1625 1415 praeditum.
1684 1342 1869 1399 Testi~

304 1430 548 1484 nioninm
574 1431 740 1503 igitur
775 1434 841 1490 de
873 1448 939 1489 eo
963 1435 1249 1504 perhibent
1279 1445 1485 1505 septem
1540 1434 1868 1505 presbyteri,

302 1540 408 1579 non
428 1535 608 1579 autem
632 1525 872 1589 diaconi,
902 1527 1163 1596 quoniam
1195 1526 1569 1581 testimonium
1603 1525 1748 1595 quod
1802 1523 1869 1580 de

301 1633 366 1670 eo
398 1617 743 1686 perhibetur,
773 1616 1075 1688 perfectum
1107 1632 1229 1673 esse
1264 1618 1424 1673 debet
1451 1630 1505 1674 et
1542 1632 1570 1672 a
1612 1616 1868 1687 perfectis

308 1709 595 1765 redditum.

828 1801 1053 1860 CAPUT
1081 1802 1360 1858 CLXVIII.

376 1918 530 1984 Quod
559 1931 820 1976 maturum
855 1923 1009 1976 annis
1052 1922 1408 1976 ordinandum
1437 1938 1548 1976 esse
1576 1930 1794 1989 oportet.

376 2076 546 2130 Debet
574 2090 787 2145 quoque
824 2090 946 2131 esse
984 2076 1162 2131 artatis
1210 2076 1484 2147 perfectas,
1547 2093 1618 2133 ne
1651 2078 1725 2133 sit
1815 2078 1870 2132 in

297 2168 553 2236 operibus
586 2166 985 2235 reprobandus.
1028 2164 1161 2220 Nam
1199 2166 1245 2221 si
1281 2167 1373 2235 qui
1418 2174 1577 2221 aetate
1619 2166 1863 2221 nondum

299 2271 385 2315 est
414 2259 675 2329 perlecta,
704 2259 840 2313 nihil
868 2260 1083 2312 ﬁrmum
1115 2266 1170 2314 et
1202 2269 1379 2314 ratum
1409 2260 1464 2313 in
1497 2261 1661 2316 rebus
1685 2260 1871 2315 mundi

303 2365 463 2419 agere
499 2359 701 2421 potest,
740 2350 912 2406 multo
936 2351 1110 2421 magis
1141 2352 1313 2407 aetatis
1344 2365 1468 2407 esse
1484 2352 1646 2407 debet
1693 2350 1874 2421 perle-

302 2452 402 2497 cta:
437 2444 530 2512 qui
564 2442 767 2497 divinis
803 2443 968 2497 rebus
992 2443 1243 2507 inservit,
1272 2452 1332 2497 ut
1362 2457 1628 2497 annorum
1650 2456 1873 2496 numero

302 2543 356 2587 et
381 2534 729 2587 securitatem
754 2542 805 2586 et
836 2531 1175 2603 maiestatem
1201 2534 1303 2587 sibi
1332 2532 1601 2587 conciliet.
1627 2530 1737 2586 lloe
1758 2541 1872 2585 sta-

306 2632 465 2677 tuunt
502 2621 671 2676 divini
696 2619 918 2675 Patrum
951 2622 1157 2691 Spiritu
1192 2630 1386 2678 sancto
1421 2630 1671 2676 actorum
1707 2633 1873 2674 cano-

228 2714 241 2733 ’
302 2730 401 2770 nes
436 2715 527 2783 qui
566 2730 652 2770 res
679 2728 869 2769 omnes
897 2715 1475 2771 ecclesiasticasmodo
1500 2720 1872 2768 consentaneo

300 2808 600 2877 disponunt
628 2815 682 2860 et
725 2805 1001 2876 digerunt.
1064 2806 1121 2862 Si
1164 2816 1343 2861 autem
1394 2805 1644 2861 nonnulli
1701 2805 1869 2861 divini

300 2898 540 2967 episcopi
570 2897 902 2954 discretione
929 2900 1164 2970 quadam
1196 2899 1328 2955 istos
1364 2915 1538 2955 annos
1574 2899 1630 2955 in
1683 2913 1869 2953 mona-

299 2992 420 3047 chis
447 2991 552 3046 siLi
583 2991 817 3047 subditis
842 2992 1091 3047 breviant
1118 2998 1173 3045 et
1215 2992 1568 3055 contrahunt,
1612 2991 1715 3046 hoc
1748 2990 1871 3046 ideo

1123 295 1501 389 svnsoms
1534 328 2296 393 TllESSALONlCENSlS
2336 335 2697 394 AltCIllEP.
3436 336 3541 396 372

1898 441 1946 496 Λ
2536 446 2783 496 ΚΕΦΑΛ.
2815 442 2975 496 ΡΞΖ’.
3528 439 3551 461 ⁸

2536 446 2783 498 ΚΕΦΑΛ.
2815 442 2975 498 ΡΞΖ’.

1974 555 2141 608 Atat!
2206 556 2588 625 μαρτυρεῖται
2656 559 2690 610 ό
2743 558 2995 625 μέλλων
3070 558 3539 626 χειροτονεῖσθαι

2047 625 2476 697 ὐποδιάκονος,
2517 626 2553 693 ἣ
2586 626 2889 697 διάκονος.
2931 627 3031 682 καὶ
3060 628 3180 681 ὑπὸ
3216 631 3543 697 πρεσϐυτέ-

2038 712 2167 762 ρων
2197 696 2368 761 ἑπτὰ,
2402 697 2501 749 καί
2532 694 2667 766 οὐχί
2698 696 3013 752 διακόνων.

2057 807 2117 861 '0
2136 808 2347 879 μέλλων
2380 809 2564 864 τοίνυν
2611 810 2867 877 γενέσθαι
2895 811 3143 874 διάκονος
3183 813 3245 869 οὗ
3277 813 3539 884 πρότερον

1970 898 2393 970 χειροτονεῖται,
2447 903 2496 955 εί
2553 902 2628 971 μὴ
2667 904 2980 973 μαρτυρίαν
3019 903 3213 975 ἱκανὴν
3268 905 3539 959 ἀποδώσει

1970 993 2050 1063 τῷ
2091 993 2189 1064 βίῳ
2235 994 2625 1064 ἁρμόζουσαν,
2667 995 2744 1058 ὡς
2803 995 2900 1049 καὶ
2944 998 2973 1050 ὁ
3010 996 3381 1060 ὐποδιάκονος.
3414 998 3538 1051 Ὀτι

1973 1084 2070 1136 καὶ
2097 1084 2259 1151 ἠνίκα
2291 1085 2741 1154 προεχειρίσαντο
2768 1087 3064 1156 Στέφανον,
3083 1088 3145 1142 οὐ
3179 1089 3445 1159 πρότερον
3472 1088 3537 1142 ἂν

1972 1179 2404 1250 κατεστήσαντο,
2436 1180 2485 1232 εἰ
2521 1181 2596 1250 μὴ
2630 1179 2739 1250 ἄρα
2788 1180 2973 1251 πλήρη
3026 1180 3343 1252 Πνεύματος
3378 1182 3535 1249 ἁγίου

1970 1267 2218 1334 ἔγνωσαν
2249 1268 2414 1324 αὑτὸν
2464 1269 2558 1322 καὶ
2586 1268 2783 1339 σοφίας
2813 1287 2873 1324 τε
2928 1270 3023 1324 καὶ
3073 1270 3381 1341 δυνάμεως.
3428 1270 3537 1326 Καὶ

1971 1358 2134 1413 τοῦτο
2194 1359 2691 1430 ἔπεμαρτύρησαν.
2763 1362 3144 1434 Μαρτυρεῖται
3205 1363 3385 1417 τοίνυν
3431 1362 3537 1416 ὑπὸ

1972 1451 2115 1504 ἑπτὰ
2180 1450 2592 1522 πρεσϐυτέρων,
2647 1458 2747 1521 καὶ,
2794 1455 2917 1525 οὐχὶ
2968 1455 3255 1521 διακόνων,
3308 1456 3390 1509 ὅτι
3449 1471 3536 1509 τε-

1970 1542 2124 1595 λείαν
2156 1537 2301 1597 εῖναι
2331 1544 2414 1599 δεῖ
2466 1545 2564 1598 καὶ
2590 1543 2747 1613 παρὰ
2793 1545 3022 1601 τελείων
3078 1546 3178 1618 τὴν
3227 1548 3535 1618 μαρτυρίαν

1970 1632 2138 1703 αὐτῷ.

2515 1817 2557 1869 Κ
2571 1817 2765 1872 ΕΦΑΛ.
2804 1818 2969 1874 ΡΞΗ’.

1973 1934 2103 1986 Ὀτι
2158 1936 2403 1988 τελείων
2472 1929 2626 1989 εἴναι
2681 1935 2790 2059 (ξεῖ
2839 1937 2947 1990 τόν
3000 1934 3533 2003 χειροτονοιτμενον

2606 2022 2676 2059 γο
2716 2023 2861 2059 νων.

2602 2022 2861 2073 χρονων.

2045 2096 2155 2150 Καὶ
2187 2095 2407 2150 τελείων
2434 2095 2490 2148 δὲ
2515 2090 2789 2149 εἶναιτῶν
2829 2095 3040 2165 χρόνων
3074 2095 3299 2164 ὀφείλει,
3329 2098 3425 2151 καὶ⁵
3458 2098 3533 2167 μὴ

1973 2189 2039 2256 τῇ
2082 2187 2271 2257 ἡλικίᾳ
2303 2184 2491 2254 ἀτελῆ,
2523 2185 2609 2237 ῖνα
2638 2184 2713 2253 μὴ
2746 2184 2834 2253 εἴη
2859 2184 2954 2238 ἐπὶ
2972 2186 3085 2246 τοῖς
3109 2184 3295 2255 ἔργοις
3325 2186 3532 2254 ἀπρόσ-

1971 2278 2175 2338 δεκτος.
2203 2277 2264 2329 Et
2298 2276 2408 2346 γὰρ
2437 2274 2512 2346 μὴ
2539 2276 2568 2329 ό
2608 2274 2688 2346 τῷ
2718 2276 2894 2347 χρόνῳ
2940 2276 3148 2340 τέλειος
3190 2276 3249 2329 ὲν
3281 2279 3393 2340 τοῖς
3430 2274 3528 2330 τοῦ

1974 2368 2181 2436 κόσμου
2209 2367 2487 2431 ἀδέὂαιος,
2518 2366 2699 2436 πολλῷ
2731 2383 2795 2433 γε
2826 2367 2890 2436 δὴ
2924 2365 3117 2419 τοῦτον
3146 2363 3287 2420 εῖναι
3329 2367 3534 2420 τέλειον

1973 2458 2100 2528 χρὴ,
2134 2457 2222 2510 τὸν
2253 2458 2311 2509 ὲν
2334 2458 2449 2519 τοῖς
2502 2455 2669 2518 θείοις
2699 2454 3174 2526 ὑπηρετοὺμενον,
3220 2456 3297 2519 ὡς
3332 2456 3428 2508 καὶ
3455 2455 3533 2524 τῷ

1972 2551 2152 2620 χρόνῳ
2215 2549 2275 2602 τὸ
2329 2547 2571 2618 ἀσφαλές
2619 2565 2678 2601 τε
2734 2550 2828 2602 καὶ
2878 2548 3174 2618 σεϐάσμιον
3222 2548 3387 2617 ἔχειν.
3429 2547 3536 2601 Καὶ

1971 2637 2132 2692 τοῦτο
2159 2638 2208 2689 οί
2237 2638 2305 2690 τὰ
2337 2636 2516 2691 πάντα
2547 2637 2884 2707 κοσμοῦντές
2924 2654 2984 2691 τε
3039 2639 3133 2691 καὶ
3180 2638 3537 2708 ρυθμίζοντες

1973 2729 2107 2782 θεῖοι
2140 2729 2367 2793 κανόνες
2396 2730 2505 2783 τῶν
2534 2729 3001 2799 πνευματοφόρων
3034 2731 3292 2799 Πατέρων
3334 2731 3497 2797 φασίν
3516 2745 3532 2760 σ

1972 2823 2018 2875 εί
2041 2821 2134 2874 καί
2162 2838 2308 2884 τινες
2335 2823 2426 2875 ἐπὶ
2466 2822 2722 2893 μοναχοῖς
2760 2820 3031 2892 διακρίσει
3071 2821 3226 2893 142
3267 2821 3428 2874 θείων
3464 2821 3535 2873 ιε-

1973 2915 2195 2985 ραρχῶν
2252 2914 2344 2969 τὸν
2407 2914 2605 2985 χρόνον
2664 2916 2779 2977 τοῖς
2827 2914 3293 2984 ὑποτασσομένοις
3349 2913 3535 2966 συντέ-

1975 3024 2199 3077 μνουσιν
2230 3007 2378 3061 ἔστιν
2401 3007 2511 3060 ὅτε.
2529 3005 2767 3061 Ἐπεὶού
2794 3005 2854 3059 τὸ
2882 3005 3093 3075 θέλημα
3126 3006 3336 3060 ἑαυτῶν
3356 3005 3535 3066 αὐτοῖς

302 3086 361 3139 ﬁt
387 3084 533 3154 quod
591 3083 878 3138 monachis
921 3083 1254 3139 voluntatem
1313 3098 1469 3137 suam
1523 3082 1705 3138 facere
1755 3099 1863 3137 non

1970 3102 2142 3162 ἐστιν,
2192 3100 2309 3153 ἀλλ’
2364 3101 2593 3169 ἑτέροις.
2659 3077 2803 3151 Καὶ.
2824 3098 2879 3151 εί
2925 3115 2990 3167 γε
3041 3098 3200 3151 τοῦτο
3253 3099 3448 3167 φανείη
3477 3097 3537 3151 ὃν

302 3179 449 3238 licet.
477 3176 572 3231 sed
604 3176 859 3231 aliorum.
886 3175 1038 3241 Quod
1069 3176 1114 3230 si
1152 3178 1253 3231 hoc
1297 3191 1488 3231 verum
1541 3191 1662 3232 esse
1687 3176 1862 3230 visum

301 3267 489 3332 fuerit,
523 3268 708 3324 l'orsan
743 3270 1019 3325 claudere
1065 3268 1393 3324 rationabile
1447 3269 1573 3325 erit.
1615 3270 1869 3323 Attamen

300 3373 420 3429 quae
443 3372 473 3412 a
494 3373 700 3415 canone
722 3368 924 3414 statuta
956 3369 1082 3414 sunt
1101 3358 1395 3415 observare
1420 3358 1614 3423 decet;
1644 3357 1697 3413 id
1726 3358 1869 3413 enim

299 3459 384 3506 est
429 3451 721 3520 subjectio.
767 3451 1074 3507 Adducitnr
1129 3465 1266 3521 ergo
1328 3450 1422 3518 qui
1468 3448 1869 3504 ordinationem

300 3542 622 3599 diaconatus
652 3543 918 3614 suscipit;
956 3544 1307 3615 primumque
1368 3540 1743 3597 testimonium
1794 3529 1871 3593 illi

303 3635 641 3704 perhibetur,
672 3650 781 3689 non
817 3650 846 3689 a
870 3635 1089 3691 duobus
1110 3634 1193 3689 vel
1226 3633 1424 3700 tribus,
1482 3631 1576 3687 sed
1608 3644 1639 3685 a
1663 3637 1869 3700 septem

307 3730 666 3801 presbyteris,
690 3736 751 3783 ut
808 3743 1100 3784 accessure
1158 3726 1226 3780 ad
1268 3723 1445 3781 sancti
1486 3721 1726 3793 Spiritus
1773 3720 1873 3775 mi-

305 3824 617 3879 nisterium.
651 3822 775 3876 Ideo
802 3837 830 3875 a
865 3821 1123 3892 perlectis
1162 3819 1396 3876 testibus
1416 3817 1668 3874 videlicet
1694 3828 1875 3870 sacer-

302 3916 545 3981 dotibus,
567 3924 618 3970 et
640 3929 760 3985 qua:
782 3913 1018 3985 Spiritus
1046 3920 1174 3968 sunt
1190 3909 1427 3981 perfecte
1446 3906 1869 3980 possidentibus,

301 4010 459 4079 juxta
488 4023 777 4063 numerum
812 4006 1052 4076 eligitur,
1092 4013 1152 4059 ut
1219 4003 1375 4057 ﬁrma
1406 4002 1546 4058 sitet
1591 4009 1711 4056 rata
1756 4013 1875 4067 quae

305 4117 400 4170 per
421 4115 516 4155 eos
544 4100 603 4154 ﬁt
634 4099 830 4155 electio
858 4106 913 4154 et
943 4096 1338 4152 testimonium.
1401 4091 1536 4148 Nam
1590 4105 1874 4147 sacrorum

306 4190 962 4261 Ecclesiremysteriorum
990 4187 1301 4242 ministrum
1324 4191 1539 4253 oportet
1575 4182 1645 4237 ab
1699 4179 1878 4236 omni-

306 4284 409 4338 bus
431 4283 582 4354 eligi,
612 4292 669 4337 ut
697 4281 893 4337 electio
916 4280 1229 4349 suspicione
1254 4286 1430 4343 vacet,
1457 4284 1511 4330 et
1537 4276 1608 4328 sit
1634 4285 1828 4329 secura
1854 4284 1875 4340 ;

306 4392 430 4431 cum
463 4390 653 4431 omnes
721 4372 1000 4441 Stephano
1046 4367 1418 4424 testimonium
1473 4364 1870 4435 perbibuerint,

1974 3193 2191 3262 ἀληθὲς,
2223 3191 2351 3253 ἴσως
2372 3191 2466 3244 καί
2488 3208 2612 3245 τινα
2634 3190 2745 3257 ἔξει
2770 3190 2926 3258 λόγον
2955 3190 3015 3243 τὸ
3053 3191 3357 3259 συντεμεῖν.
3389 3188 3535 3258 Πλὴν

1972 3286 2041 3342 τὰ
2097 3283 2532 3355 κεκανονισμένα
2573 3282 2858 3353 τηρεῖσθαι
2918 3281 3076 3335 δέον·
3129 3281 3288 3334 τοῦτο
3344 3284 3452 3352 γὰρ
3498 3280 3532 3350 ἡ

1973 3378 2247 3449 ὑποταγή.
2293 3374 2669 3446 Προσέρχεται
2711 3374 2898 3427 τοίνυν
2945 3375 2975 3427 ό
3026 3373 3128 3443 τὴν
3188 3374 3532 3443 χειροτονίαν

1972 3470 2284 3539 δεξόμενος.
2324 3467 2434 3520 Καὶ
2460 3467 2728 3535 πρότερον
2758 3462 2862 3534 μὲν
2917 3465 3278 3535 μαρτυρεῖται
3307 3462 3404 3534 οὐχ
3434 3463 3537 3515 ὑπὸ

1922 3582 1927 3589 ε
1973 3561 2069 3617 δύο
2101 3561 2135 3631 ἢ
2167 3559 2358 3630 τριῶν,
2398 3557 2515 3612 ἀλλ’
2557 3558 2662 3610 ὑπὸ
2691 3558 2832 3610 ἑπτὰ
2860 3556 3249 3624 πρεσϐυτέρων
3277 3554 3351 3617 ὡς
3410 3553 3534 3623 μὲλ-

1974 3655 2082 3708 low
2108 3652 2283 3707 ἐλθεῖν
2309 3653 2388 3715 είς
2418 3652 2517 3720 τὴν
2539 3649 2821 3704 διακονίαν
2839 3648 2934 3702 τοῦ
2965 3647 3302 3718 Πνεῦματος.
3336 3647 3427 3698 Διὸ
3443 3644 3536 3698 καὶ

1977 3746 2085 3801 ὑπὸ
2114 3744 2338 3799 τελείων
2373 3745 2663 3814 μαρτύρων
2691 3742 2882 3811 ίερέων
2915 3740 3011 3793 καὶ
3058 3741 3128 3792 τὰ
3156 3737 3251 3791 τοῦ
3290 3736 3537 3805 Πνεῦμα-

1974 3854 2068 3901 τος
2096 3835 2329 3907 ἐχόντων
2350 3834 2573 3897 τελείως
2602 3834 2697 3888 καὶ
2740 3833 2886 3887 κατὰ
2935 3834 3031 3886 τὸν
3060 3830 3293 3901 ἀριθμὸν
3320 3830 3536 3897 ἐκλέγε-

1974 3944 2083 3992 ται,
2117 3928 2201 3979 ίνα
2236 3924 2426 3995 βεσαία
2522 3923 2609 3979 διὰ
2641 3924 2864 3977 πάντων
2891 3925 2923 3991 ὴ
2950 3923 3151 4001 ἐκλογή
3177 3938 3238 3974 τε
3277 3922 3373 3974 κοιλ⁵
3396 3937 3537 3991 μαρ-

1976 4017 2173 4089 τυρία*
2203 4018 2287 4070 ὅτι
2318 4016 2414 4070 καὶ
2460 4017 2553 4068 τὸν
2583 4016 2903 4085 λειτουργὸν
2935 4014 3043 4068 τῶν
3067 4017 3163 4083 τῆς
3206 4013 3534 4083 Ἐκκλησίας

1980 4108 2144 4177 ίερῶν
2172 4106 2493 4178 μυστηρίων
2528 4105 2633 4159 ὑπὸ
2679 4106 2899 4159 πάντων
2938 4105 3263 4172 ἐκλέγεσθαι
3294 4104 3399 4175 χρὴ
3450 4104 3538 4157 διὰ

1978 4201 2038 4255 τὸ
2067 4200 2382 4253 ἀνύποπτόν
2410 4215 2468 4252 τε
2501 4200 2595 4252 καὶ
2633 4198 2905 4267 ἀσφαλές.
2944 4197 3099 4251 Ἐπεὶ
3128 4198 3223 4251 καὶ
3268 4197 3540 4266 Στέφανος

1955 4291 2085 4351 ,ὑπὸ
2127 4292 2346 4367 πάντων
2391 4290 2749 4360 ἐμαρτυρήθη
2791 4289 3008 4359 πλήρης
3059 4288 3253 4357 σοφίας
3321 4288 3417 4341 καὶ
3454 4286 3541 4339 πί-

1979 4398 2173 4444 στεως.
2204 4380 2268 4433 Ui
2318 4379 2597 4449 μάρτυρες
2650 4377 2708 4431 δὲ
2770 4378 3001 4440 οἰκείαις
3058 4380 3215 4446 χερσὶ
3285 4376 3540 4429 πιστοῦν-

310 4468 459 4535 quod
491 4464 759 4535 sapientia
787 4472 839 4516 et
880 4461 986 4515 ﬁde
1020 4460 1210 4530 plenus
1250 4459 1434 4513 fuerit.
1466 4456 1658 4512 Testes
1689 4468 1870 4511 autem

1979 4489 2068 4526 ται
2127 4471 2228 4545 τὴν
2274 4448 2607 4542 μαρτυρίαν,
2664 4470 2739 4533 ὼς
2770 4470 2868 4523 καὶ
2917 4472 2983 4540 τῇ
3039 4470 3290 4551 πολιτεῐᾳ
3337 4468 3429 4521 τοῦ
3469 4470 3539 4519 te-

311 4557 548 4627 propriis
590 4555 844 4609 manibus
872 4551 1250 4607 testimonium
1298 4565 1459 4605 suum
1520 4548 1871 4612 conﬁrmant,

310 4651 563 4705 videlicet
594 4647 738 4718 quod
770 4647 1017 4701 moribus
1042 4654 1096 4699 et
1123 4646 1244 4699 vita:
1274 4641 1528 4698 instituto
1550 4640 1750 4712 dignus
1804 4641 1875 4695 sit

311 4741 621 4798 sacerdotio
646 4738 820 4811 fungi,
851 4744 907 4793 et
923 4736 1067 4809 quod
1089 4736 1160 4792 sit
1184 4743 1342 4790 aztate
1360 4735 1426 4789 ad
1452 4732 1873 4788 ministrandnm

311 4834 567 4906 perlecta.

839 4920 1064 4977 CAPUT
1093 4919 1327 4977 CLXIX.

818 5016 1102 5073 Ordinatio
1145 5015 1375 5069 diaconi.

383 5117 439 5172 Si
466 5116 708 5169 nondum
741 5110 1112 5166 subdiaconus
1140 5107 1317 5162 laetus
1351 5116 1454 5173 est,
1477 5109 1650 5175 prius,
1710 5114 1771 5160 ut
1798 5105 1881 5160 di-

1982 4562 2179 4631 ρᾶσθαι
2211 4561 2360 4629 ἄξιός
2390 4561 2532 4625 ἐστι,
2563 4560 2659 4614 καὶ
2693 4558 2794 4629 τῷ
2823 4558 3002 4630 χρόνῳ
3046 4558 3251 4621 τέλειος
3296 4555 3390 4609 τοῦ
3429 4556 3541 4609 δια-

1981 4655 2177 4710 κονεῖν.

2550 4921 2804 4976 ΚΕΦΑΔ.
2841 4920 3005 4976 ΡΞΘ’.

2438 5014 2780 5083 Χειροτονία
2802 5014 3110 5068 διακόνου.

2052 5106 2168 5162 Καὶ
2195 5108 2243 5160 εί
2304 5108 2403 5176 μὲν
2453 5106 2608 5160 οὔπω
2649 5105 3006 5168 ὑποδιάκονος
3049 5105 3265 5173 γέγονε,
3312 5104 3544 5159 τελεῖται

316 5210 517 5271 ximus,
539 5212 894 5260 censecratur
921 5200 976 5255 in
999 5197 1389 5255 subdiaconum
1406 5206 1694 5267 antequam
1713 5196 1870 5252 missa

1985 5199 2270 5268 πρότερον,
2294 5197 2367 5260 ὠς
2408 5195 2639 5267 ἔφημεν,
2671 5196 2752 5259 είς
2788 5196 3163 5260 ὑποδιάκονον,
3197 5196 3302 5267 πρὸ
3330 5195 3425 5249 τοῦ
3449 5196 3545 5264 τῆς

320 5299 627 5360 incltae-tur,
656 5294 915 5365 episeopo
934 5292 987 5346 in
1021 5290 1369 5345 inferioribus
1391 5288 1563 5359 portis
1591 5287 1639 5342 ei
1659 5302 1870 5341 manum

1989 5288 2303 5359 ἱερουργίας
2332 5286 2681 5357 ἐνάρξασθαι,
2708 5286 2955 5341 κάτωθεν
2978 5288 3034 5339 ὲν
3061 5288 3182 5363 ταῖς
3212 5285 3409 5349 πύλαις
3437 5301 3545 5361 χει-

318 5393 649 5457 imponcnte,
705 5392 759 5437 et
796 5397 919 5438 enm
983 5388 1360 5444 consecrante,
1414 5393 1538 5433 cum
1607 5379 1870 5433 ministret

1990 5380 2385 5450 ροθετήσαντος
2408 5379 2569 5432 αὑτὸν
2594 5379 2687 5433 καὶ
2725 5380 3046 5442 τελέσαντος
3078 5378 3174 5432 τοῦ
3220 5378 3541 5449 ἀρχιερέως.
3568 5418 3597 5429 -

324 5492 430 5531 ιιοη
464 5475 721 5545 precibus
750 5489 870 5544 qua:
896 5472 1031 5527 ﬁunt
1070 5472 1121 5525 in
1150 5471 1331 5537 altari,
1364 5468 1457 5525 sed
1486 5470 1554 5523 iis
1611 5470 1701 5537 qui
1736 5479 1870 5523 exte-

1999 5472 2154 5527 Ἒπεὶ
2188 5471 2280 5525 καὶ
2321 5471 2380 5523 οὐ
2427 5471 2547 5533 ταῖς
2598 5472 2927 5542 προσευχαῖς
2980 5470 3077 5523 τοῦ
3136 5469 3543 5539 θυσιαστηρίου,

316 5568 429 5621 rius
451 5575 601 5628 sunt,
632 5563 867 5631 aliisque
890 5563 1191 5617 secundum
1222 5558 1451 5628 gratiam
1505 5558 1785 5626 operibus.
1824 5555 1870 5611 S1

1988 5562 2125 5616 ἀλλὰ
2169 5563 2284 5623 τοῖς
2316 5560 2516 5625 ἔξωθεν
2557 5561 2653 5614 καὶ
2688 5563 2800 5623 τοῖς
2849 5561 2990 5616 κατὰ
3033 5559 3220 5632 χρείαν
3245 5560 3425 5623 ἄλλοις
3456 5560 3547 5630 ἐρα

324 5672 453 5713 vero
484 5655 635 5726 prius
669 5654 951 5709 ordinatus
979 5661 1060 5704 est
1090 5649 1479 5713 subdiaconus,
1515 5647 1742 5702 idoneus
1800 5659 1870 5703 est

1992 5669 2109 5720 γοις
2176 5652 2461 5722 ὑπηρετεῖ.
2512 5653 2575 5705 Εί
2626 5653 2681 5706 δὲ
2716 5652 3290 5722 προκεχειροτόνηται,
3324 5650 3543 5721 ἕτοιμος

326 5759 383 5801 ut
426 5755 548 5818 post
578 5754 890 5801 sanctorum
948 5744 1208 5798 donorum
1247 5740 1709 5795 consecrationem
1761 5752 1870 5798 anu

1992 5743 2088 5810 ὣν,
2130 5743 2267 5812 μετὰ
2296 5742 2393 5810 τὴν
2414 5744 2523 5797 τῶν
2568 5743 2725 5797 θείων
2763 5742 2951 5802 δώρων
2982 5742 3259 5797 τελείωσιν
3294 5740 3401 5807 πρὸ
3448 5740 3544 5803 τῆς
