4044 6198
367 330 370 332 ‘
461 322 566 381 373
1521 313 1614 388 De
1659 329 1938 389 SACRIS
1968 328 2668 392 ORDINATIONIBUS.
3599 332 3684 393 374

462 443 780 522 τελευταίας
813 445 1002 514 εὐχῆς,
1030 447 1192 514 σιγῆς
1242 449 1564 518 γινομένης,
1625 452 1744 518 ἦτοι
1791 452 1896 522 πρὸ
1925 454 2020 507 τοῦ
2054 495 2059 506 .

2130 454 2461 515 postremam
2487 450 2796 504 orationem
2832 448 3054 503 silentio
3080 447 3247 511 facto,
3281 447 3395 502 sive
3417 458 3707 517 antequam

461 535 636 587 εἰπεῖν
667 515 760 588 «tu
783 535 1052 602 διάκονον,
1111 533 1142 591 ι’
1171 515 1398 594 Πάντων
1417 515 1524 594 τῶν
1577 515 1751 609 ἁγίων
1820 515 1925 614 μνη
1936 564 2033 614 μο-

2139 539 2404 594 diaconus
2459 541 2627 606 dicat,
2689 541 2937 596 omnium
3015 549 3332 596 sanctorum
3389 541 3707 594 memoriam

461 626 772 689 νεύσαντες,
810 647 828 680 ι
868 629 976 699 πρὸ
1007 630 1201 684 τούτου
1227 633 1350 703 τρὶς
1389 633 1521 696 στὰς
1556 637 1612 688 ὲν
1633 635 1710 705 τῷ
1740 637 1914 706 μέσῳ,
1936 639 2033 692 καὶ

2136 640 2379 699 agentes,
2403 641 2481 685 ter
2513 632 2566 686 in
2617 631 2796 686 medio
2831 640 3001 698 stans,
3041 640 3122 686 ter
3165 631 3304 686 elata
3371 645 3503 684 voce
3570 631 3707 682 dicat

459 721 580 790 τρὶς
606 720 851 774 ἀνειπὼν
873 722 1139 793 ὲκφώνως
1160 725 1242 786 τὸ,
1291 745 1308 778 ι
1347 727 1504 780 Ὀσοι
1541 731 1746 794 πιστοὶ,
1782 749 1801 782 ι
1835 731 1896 785 τὸ
1932 733 2033 802 μὲν

2138 722 2300 776 illud:
2329 723 2679 792 «Quicunque
2699 724 2905 779 lideles.
2924 745 2940 776 ι
2965 729 3084 790 Quo
3103 724 3322 793 quidem
3344 739 3407 776 ex
3429 738 3534 776 uua
3561 736 3708 789 parte

458 813 752 882 ἐκπληρῶν
796 815 898 884 τὴν
951 814 1046 869 τοῦ
1099 817 1458 872 ὑποδιακόνου
1501 820 1850 892 λειτουργίαν
1903 826 2033 888 τοὺς

2135 814 2454 881 exsequitur
2475 832 2691 871 sacrum
2735 816 3054 872 subdiaconi
3110 816 3499 877 ministerium,
3566 816 3709 883 ipsus

460 906 908 974 κατηχουμένοινς
943 907 1302 972 ὲκῦάλλοντος
1337 913 1430 963 καὶ
1461 911 1587 974 τοὺς
1651 913 1882 976 πιστοὺς
1939 914 2034 984 μό-

2135 907 2560 963 catecbumeuos
2593 908 2866 978 ejiciente,
2902 919 2957 962 et
2996 908 3180 963 ﬁdeles
3215 908 3365 962 solus
3393 907 3456 960 ad
3492 921 3707 961 sacram

457 1013 580 1058 νους
604 997 683 1058 εἷς
715 997 816 1068 τὴν
864 999 1183 1069 ἱερουργίαν
1219 1003 1311 1054 καὶ
1345 1002 1632 1056 κοινωνίαν
1667 1004 1921 1071 ἀφιέντος
1973 1021 2031 1057 τε

2137 1005 2518 1072 mysteriorum
2550 1005 2969 1060 celebrationem
3035 1013 3090 1060 et
3114 1003 3562 1058 communionem
3613 999 3706 1053 ad-

461 1090 556 1140 xai.
587 1089 858 1157 συγκαλου
869 1091 1053 1159 μένου,
1085 1091 1115 1145 ὃ
1174 1095 1270 1146 καὶ
1301 1093 1452 1147 ἔστιν
1507 1095 1534 1146 ὀ
1571 1094 1917 1167 βεδαιότερος
1948 1096 2032 1149 λο-

2137 1095 2385 1150 mittente
2436 1108 2490 1150 et
2517 1109 2876 1152 convocaute.
2915 1097 3046 1162 Qua:
3098 1096 3330 1165 hujusce
3373 1094 3448 1149 rei
3501 1093 3707 1147 [iunior

462 1181 662 1249 γισμός
687 1198 701 1212 ο
740 1182 948 1252 μέλλων
979 1186 1089 1255 γὰρ
1139 1187 1566 1256 χειροτονεῖσθαι
1604 1188 1872 1253 διάκονος,
1919 1183 2031 1242 οἷον

2133 1196 2186 1241 et
2211 1188 2438 1243 solidior
2467 1189 2606 1244 ratio
2625 1198 2728 1244 est.
2771 1188 3049 1244 Diaconus
3081 1189 3230 1244 enim
3279 1187 3504 1255 jamjam
3563 1185 3707 1238 ordi-

459 1271 751 1323 ἀποδίδωσι
783 1273 843 1325 τὸ
875 1273 966 1327 τοῦ
998 1275 1358 1329 ὑποδιακόνου
1387 1276 1567 1346 ἔργον,
1599 1279 1676 1340 ὡς
1705 1279 1798 1332 καὶ
1839 1279 1869 1330 ὁ
1912 1297 2031 1350 χει-

2134 1279 2350 1334 nandus
2392 1281 2557 1335 veluti
2590 1281 2767 1336 reddit
2797 1290 2849 1335 et
2885 1281 3107 1336 exhibet
3157 1279 3481 1335 subdiacoui
3544 1293 3703 1346 Opus,

463 1364 798 1430 ροτονεῖσθαι
855 1366 1070 1436 μέλλων
1125 1369 1502 1440 πρεσϐύτερος
1548 1371 1918 1441 ἀναγινώσκει
1968 1377 2032 1428 τὸ

2134 1386 2240 1426 non
2272 1387 2430 1427 secus
2457 1388 2520 1427 ac.
2551 1373 2838 1444 presbyter
2884 1374 3224 1428 ordinandus
3286 1373 3416 1442 legit
3466 1371 3707 1437 Evange-

461 1455 816 1522 Εὖαγγέλιον,
852 1461 948 1512 καὶ
999 1460 1068 1513 τὰ
1120 1461 1254 1528 ἅγια
1305 1463 1400 1516 ἐπὶ
1443 1465 1693 1534 κεφαλῆς
1739 1467 1884 1521 κατὰ
1931 1469 2032 1537 τὴν

2133 1463 2287 1528 lium,
2315 1472 2611 1534 sanctaque
2629 1480 2790 1532 super
2826 1475 2988 1530 caput
3011 1467 3060 1517 in
3132 1464 3355 1516 introitu
3399 1469 3599 1530 gestat.
3628 1460 3702 1512 Ita

461 1543 668 1596 εἴσοδον
724 1546 921 1617 φέρειι
986 1549 1047 1602 τδ
1110 1549 1168 1602 δὲ
1237 1552 1534 1622 μαρτυρῶν
1615 1556 1750 1608 πᾶσι
1817 1559 2032 1622 πιστοῖς

2133 1572 2352 1627 quoque
2381 1559 2474 1626 qui
2509 1573 2577 1612 ex
2615 1558 2956 1612 subdiacono
2989 1559 3038 1607 in
3074 1559 3366 1609 diaconum
3400 1554 3705 1616 ordinatur,

453 1636 652 1690 ἑαυτὸν
713 1641 742 1691 ὁ
777 1645 1208 1712 χειροτονεῖσθαι
1270 1647 1483 1714 μέλλων
1538 1648 1896 1714 ύποδιάκονος
1950 1653 2032 1716 είς

2131 1650 2394 1705 omnibus
2423 1649 2675 1704 ﬁdelibus
2699 1658 2935 1704 testatur
2967 1665 3024 1700 se
3060 1663 3252 1714 purum
3279 1657 3332 1698 et
3389 1642 3698 1698 immacula

451 1727 732 1848 sz‘xovov,
765 1734 871 1848 .ώὲ
909 1735 1147 1808 καθαρὸς
1203 1739 1281 1796 ὢν
1322 1743 1418 1797 ἐπὶ
1459 1745 1701 1814 μάρτυσι
1758 1749 1892 1802 πᾶσι
1934 1749 2030 1803 καὶ

2115 1725 2300 1796 ἰιιιηει
2340 1752 2417 1798 tot
2449 1743 2680 1800 testibus
2727 1751 2781 1797 et
2844 1757 2871 1796 a
2933 1739 3043 1794 Deo
3102 1740 3337 1792 maxime
3382 1735 3705 1806 judicatum,

454 1819 696 1888 μάλιστα
722 1824 800 1894 τῷ
831 1826 971 1897 Θεῷ,
1015 1833 1462 1904 χειροτονηθῆναι
1494 1837 1881 1908 προσέρχεται.

870 1827 971 1897 ιεῷ,
1015 1833 1462 1904 χειροτονηθῆναι
1494 1837 1881 1908 προσέρχεται.
2059 1819 2103 1848 ⁸³
2132 1837 2467 1891 consecrari.

525 1912 721 1967 Τοίνυν
748 1917 885 1984 μετά
916 1919 1014 1990 τὴν
1051 1923 1238 1992 εὐχὴν,
1275 1943 1296 1976 ι
1326 1925 1438 1980 Καὶ
1465 1927 1622 1981 ἔσται
1647 1930 1716 1983 τὰ
1772 1932 1894 2002 ιλέη
1929 1931 2026 1986 τοῦ

2202 1929 2333 1987 Post
2362 1931 2662 1986 orationem
2697 1930 2883 1998 igitur,
2923 1939 2977 1984 et
3003 1939 3292 1998 postquam
3341 1927 3549 1980 dictum
3574 1931 3650 1976 est
3689 1939 3700 1974 :

451 2005 690 2071 μεγάλου
723 2008 885 2074 Θεοῦ,
931 2031 949 2063 ι
1003 2014 1255 2068 κελεύσει
1299 2017 1394 2071 τοῦ
1440 2020 1745 2091 ἀρχιερέως
1779 2023 1886 2076 ὑπὸ
1936 2024 2028 2078 δύο

2136 2041 2154 2074 ι
2180 2021 2244 2077 Ει
2264 2033 2424 2078 erunt
2454 2021 2840 2077 misericoridaa
2865 2021 3048 2091 magni
3084 2019 3198 2086 Dei,
3227 2038 3246 2070 ›
3269 2019 3428 2088 jussu
3459 2015 3697 2085 episcopi

445 2096 719 2152 διακόνων
751 2103 828 2164 εις
859 2103 918 2156 τδ
953 2105 1106 2175 βῆμα
1153 2109 1461 2178 είσάγεται.
1498 2114 1607 2168 Καὶ
1637 2116 2028 2184 ἀναπτομένων

2131 2114 2422 2169 adducitur
2452 2129 2481 2168 a
2515 2113 2736 2168 duobus
2790 2113 3060 2176 diaconis,
3131 2120 3184 2166 et
3221 2111 3274 2164 in
3330 2108 3703 2164 sanctuarimn

449 2187 648 2253 φώτων
672 2193 754 2253 εἰς
781 2195 936 2258 δόξαν
965 2197 1100 2250 Θεοῦ
1129 2199 1224 2252 τοῦ
1281 2203 1498 2272 πρώτου
1557 2207 1755 2274 φωτὸς,
1800 2208 1893 2260 καὶ
1921 2208 2028 2261 δεῖ·

2129 2206 2499 2261 inlroducitur
2529 2223 2543 2272 ;
2571 2205 2929 2274 accensisque
2981 2202 3348 2258 luminaribus
3384 2201 3438 2254 in
3475 2198 3703 2268 gloriam

447 2299 567 2348 γμα
598 2285 693 2338 τοῦ
721 2287 869 2340 θείου
894 2293 1208 2360 φωτισμοῦ,
1257 2296 1380 2363 τρὶς
1413 2297 1474 2348 τὸ
1509 2297 1898 2370 θυσιαστήριον
1932 2319 2029 2354 πε-

2131 2299 2224 2354 Dei
2257 2300 2420 2370 primi
2459 2300 2708 2365 luminis,
2732 2308 2785 2353 et
2813 2297 3338 2354 demonstrationem
3359 2294 3554 2348 divinm
3584 2293 3704 2345 illit-

450 2376 758 2445 ριέρχεται,
814 2385 1320 2452 παρακρατούντων
1367 2389 1530 2443 αὐτὸν
1580 2392 1689 2444 τῶν
1741 2394 2024 2461 διακόνων,

2130 2389 2466 2458 minationis,
2489 2401 2573 2445 ter
2601 2392 2774 2446 altare
2795 2390 3284 2453 circumambulat,
3316 2386 3626 2441 tenentibus
3649 2390 3701 2436 et

445 2470 545 2522 καὶ
576 2471 785 2541 ἐτέρων
834 2481 1304 2549 προηγουμένων,
1347 2483 1442 2534 καὶ
1485 2485 1708 2554 χορείαν
1734 2487 2029 2540 συνιστών-

2127 2485 2454 2540 ducentibus
2514 2499 2640 2539 eum
2693 2484 2942 2539 diacouis
2998 2483 3233 2551 aliisque
3266 2478 3705 2550 praecedentibus

445 2580 579 2630 των,
606 2566 700 2618 καὶ
737 2569 815 2628 τδ,
846 2587 865 2619 ι
914 2570 1095 2635 ’Ἅγιοι
1140 2574 1436 2644 μάρτυρες,
1490 2594 1508 2626 ι
1557 2575 1820 2644 ἑκφώνως
1870 2579 2026 2647 ᾀδόν-

2126 2578 2384 2631 choream
2409 2578 2900 2647 componentibus,
2937 2587 2990 2631 et
3031 2576 3173 2630 elata
3235 2587 3368 2626 voce
3422 2573 3703 2642 hymnum,

445 2672 580 2719 των,
613 2660 710 2715 καὶ
733 2661 816 2725 τὸ,
856 2678 876 2712 ι
916 2663 1056 2729 Δόξα
1086 2681 1192 2730 σοι,
1235 2667 1442 2736 Χριστὲ
1476 2669 1504 2721 ὁ
1541 2668 1694 2730 Θεὸς,
1725 2687 1744 2720 ι
1784 2670 1878 2722 καὶ
1907 2671 2025 2740 τρὶς

2135 2688 2152 2722 ι
2191 2669 2374 2726 Sancti
2408 2680 2695 2740 martyres,
2720 2689 2737 2722 ι
2763 2671 3107 2734 canentibus,
3129 2679 3293 2738 atque
3319 2667 3506 2728 etiam,
3541 2683 3558 2713 ι
3579 2663 3706 2718 Clu—

445 2749 908 2818 προσκυνούντων
942 2753 1000 2804 ὲν
1037 2757 1104 2823 τῇ
1140 2758 1388 2827 τραπέζῃ
1424 2756 1572 2822 ἅπαξ
1603 2759 1748 2812 κατὰ
1781 2759 2025 2827 χορείαν,

2128 2763 2205 2815 ria
2243 2762 2359 2828 tibi,
2394 2763 2610 2818 Christe
2641 2762 2826 2829 Deus;
2869 2782 2886 2814 ι
2919 2771 3002 2816 ter
3055 2763 3218 2817 etiam
3257 2758 3618 2815 reverentiam
3651 2765 3703 2808 cl.

445 2841 527 2902 ὡς
551 2843 609 2894 ὲν
637 2843 716 2910 τῷ
747 2844 839 2896 τοῦ
867 2845 1003 2900 Θεοῦ
1042 2848 1239 2918 θρόνῳ,
1285 2848 1454 2903 αὐτοῦ
1483 2849 1578 2903 τοῦ
1629 2851 1866 2921 Χριστοῦ
1914 2851 2026 2914 τοῖς

2126 2853 2540 2910 inclinationem
2584 2863 2790 2910 sanctae
2834 2869 3033 2908 mensae
3081 2852 3429 2914 facientibus,
3449 2849 3617 2904 semel
3651 2848 3701 2902 in

450 2935 778 3003 μυστηρίοις
806 2938 985 2992 ἐκεῖσε
1009 2941 1379 3011 προκειμένου
1401 2942 1496 2994 καὶ
1522 2941 1863 3011 καθημένου.
1890 2944 2024 3013 Τρὶς

2132 2961 2456 3015 unaquaque
2485 2948 2709 3011 chorea,
2735 2947 2851 3002 sive
2884 2946 3074 3000 altaris
3104 2944 3487 3000 circumitione
3539 2940 3702 2996 veluti

450 3028 553 3094 μέν
580 3021 674 3080 οὖν
705 3029 974 3084 κυκλοῦσι
1004 3031 1091 3084 διὰ
1127 3034 1226 3102 τὴν
1273 3036 1440 3102 τιμὴν
1469 3035 1568 3102 τῆς
1604 3035 1834 3103 Τριάδος
1855 3052 1869 3066 ο
1907 3037 2024 3089 διά-

2125 3035 2342 3093 Christo
2375 3039 2497 3107 ipso
2525 3039 2576 3091 in
2609 3037 2805 3092 throno
2832 3037 2925 3091 Dei
2960 3037 3071 3091 illic
3121 3035 3460 3091 consistente
3515 3043 3568 3088 et
3618 3047 3703 3085 se-

447 3137 598 3172 κονοι
630 3121 686 3173 δὲ
726 3125 1204 3192 παρακρατοῦσιν,
1231 3126 1424 3196 ἐπειδὴ
1469 3126 1655 3195 μέλλει
1685 3128 1764 3184 είς
1799 3127 1896 3196 τὴν
1929 3128 2022 3180 τά·

2127 3129 2290 3184 dente
2320 3145 2443 3184 cum
2470 3130 2723 3200 mysteria
2749 3129 3116 3184 ceiebraut'ur.
3145 3126 3250 3181 'l‘er
3280 3127 3444 3196 igitur
3475 3125 3706 3180 circum-

449 3212 536 3277 ξιν
566 3216 747 3268 αὐτῶν
787 3217 960 3269 ἐλθεῖν
986 3235 1001 3250 ο
1029 3214 1183 3288 ᾆσμα
1215 3219 1270 3271 δὲ
1307 3219 1496 3290 ᾅδεται
1549 3220 1658 3273 τῶν
1705 3219 2024 3290 μαρτύρων,

2129 3233 2262 3276 eunt
2308 3223 2372 3276 iu-
2408 3221 2668 3276 honorem
2711 3220 3019 3274 Trinitatis.
3055 3219 3279 3272 Diaconi
3339 3224 3522 3270 autem
3579 3229 3702 3269 eum

449 3308 535 3360 ὅτι
562 3309 658 3360 καὶ
679 3311 706 3361 ὁ
744 3309 1161 3380 προσαγόμενος
1191 3312 1395 3392 ἥθλησε
1437 3312 1638 3382 βιώσας
1669 3314 1876 3377 καλῶς,
1934 3315 2027 3368 καὶ

2131 3318 2338 3377 tenent,
2372 3326 2437 3365 eo
2471 3311 2614 3381 qttod
2648 3311 2713 3364 ad
2747 3326 2937 3364 eorum
2973 3310 3222 3363 ordinem
3283 3316 3337 3360 et
3382 3307 3703 3376 dignitatem

449 3401 549 3469 τὴν
575 3403 763 3454 πίστιν
801 3403 1061 3471 ἐτήρησε,
1098 3406 1196 3458 καὶ
1235 3408 1337 3470 τὴν
1366 3405 1594 3471 ἁγνείαν
1647 3405 1902 3472 ἐφύλαξε,
1934 3407 2028 3460 καὶ

2130 3405 2498 3458 accerseudus
2518 3414 2619 3458 est.
2661 3405 2947 3458 Catiticum
2979 3413 3160 3458 autem
3223 3415 3526 3472 martyrum
3555 3399 3705 3455 cani-

449 3495 539 3547 διᾶ
567 3495 730 3547 τοῦτο
785 3496 1180 3564 στεφανοῦται.
1239 3497 1404 3550 Ὅθεν
1437 3499 1536 3550 καὶ
1577 3498 1702 3560 τοὺς
1737 3498 2026 3567 μάρτυρας

2130 3505 2236 3556 tur.
2271 3511 2335 3550 eo
2365 3495 2509 3565 quod
2539 3497 2631 3565 qui
2681 3497 2993 3559 adducitur,
3039 3495 3199 3564 hujus
3249 3497 3372 3546 vitae
3428 3504 3703 3548 certamen

451 3591 827 3658 συγχορευτὰς
851 3591 973 3642 τότε
1004 3591 1364 3660 ὴἘκκλησία
1395 3593 1770 3656 ἐπικαλεῖται,
1809 3593 1902 3644 καὶ
1933 3593 2025 3643 τὸν

2130 3588 2356 3658 pulchre
2387 3589 2618 3658 peregit,
2647 3589 2805 3642 [idem
2833 3589 3094 3653 servavit,
3123 3589 3425 3641 castitatem
3461 3588 3703 3640 custodi-

450 3683 598 3735 θεῖον
636 3683 788 3735 ἔλεον
813 3681 1053 3744 satae;
1073 3683 1204 3750 ἡμῖν
1229 3682 1478 3736 ἐπελθεῖν
1513 3682 1844 3736 ἐκδυσωττεῖ.
1861 3682 2025 3736 Ἀλλὰ

2129 3681 2226 3746 vit,
2258 3689 2312 3734 et
2348 3693 2632 3749 propterea
2669 3690 2990 3736 coronatur.
3019 3680 3159 3734 Hinc
3185 3689 3297 3734 tum
3324 3679 3564 3731 Ecclesia
3594 3696 3700 3732 non

452 3773 550 3826 xui.
571 3772 665 3825 τὸν
693 3772 1029 3842 τελετάρχην
1063 3771 1320 3842 Χριστὸν,
1351 3772 1413 3824 τὸ
1441 3771 1552 3824 τῶν
1582 3771 1900 3826 ἀποστόλων
1930 3777 2026 3825 καὶ

2129 3773 2304 3827 solum
2329 3782 2595 3842 martyres
2632 3773 2846 3826 choreae
2870 3774 3050 3826 socios
3075 3772 3312 3839 invocat,
3353 3769 3703 3837 divinumque

390 3858 394 3860 ’
450 3865 563 3916 τῶν
598 3864 898 3934 μαρτύρων
926 3863 1267 3931 ἀγαλλίαμα,
1321 3862 1596 3933 λαμπρῶς
1633 3864 1728 3916 καὶ
1777 3863 1987 3925 δικαίως

2129 3866 2565 3918 misericordiam
2600 3865 2756 3917 nobis
2780 3865 2970 3917 adesse
3007 3873 3060 3916 et
3095 3864 3316 3933 largiter
3349 3863 3570 3916 aﬂiuere
3602 3862 3693 3913 itii-

450 3956 533 4008 ὅτι
563 3955 660 4022 τῆς
697 3957 854 4022 νίκης
889 3953 1112 4008 καὶτῶν
1137 3954 1423 4021 στεφάνων
1457 3947 1613 4017 οὗτος
1645 3955 1673 4007 ὁ
1702 3954 1942 4024 ἀρχηγός
1964 3970 2025 4006 τε

2127 3964 2324 4023 petrat,
2365 3974 2550 4010 verum
2579 3958 2742 4009 etiam
2775 3957 3154 4023 ltinll‘TlOI'lllll
3213 3954 3514 4020 principem
3539 3953 3699 4006 Chri-

451 4048 547 4098 καὶ
606 4049 812 4112 αἴτιος,
871 4047 946 4109 ὡς
1004 4046 1098 4099 καὶ
1145 4046 1434 4098 ἀποθανὼν
1490 4045 1632 4115 ὑπὲρ
1675 4047 1856 4114 ἡμῶν,
1932 4045 2025 4098 καὶ

2129 4056 2294 4108 stum,
2327 4047 2694 4114 apostolorum
2731 4055 2783 4098 rt
2815 4055 3110 4114 martyrum
3139 4045 3394 4112 gaudium
3444 4042 3702 4111 prmclare

450 4137 838 4207 6n:pst’,¢u€eic
868 4137 942 4208 τῷ
978 4137 1222 4207 νικῆσαι,
1249 4137 1548 4206 δοξολογεῖ.
1585 4137 1748 4190 Ἀλλά
1785 4138 1879 4189 καὶ
1923 4137 2023 4205 τῆς

2127 4151 2176 4194 et
2209 4139 2353 4208 justo
2383 4141 2565 4193 laudat
2589 4149 2640 4191 et
2677 4141 2941 4202 celebrat,
2968 4141 3222 4207 quoniam
3263 4139 3377 4205 ipse
3407 4147 3487 4191 est
3529 4136 3701 4188 victo-

452 4229 683 4295 Τριάδος
734 4228 792 4280 τὸ
836 4227 1125 4297 ὕμοούσιον
1175 4229 1257 4280 δεῖ
1317 4229 1616 4299 κηρύττειν
1651 4242 1667 4261 '
1715 4227 1855 4299 αὕτη
1915 4229 2023 4299 γὰρ

2127 4231 2222 4286 ria:
2256 4244 2308 4284 et
2343 4245 2666 4286 coronarum
2705 4247 2900 4299 pra'ses
2945 4239 2998 4283 et
3034 4241 3242 4294 auctor,
3270 4239 3455 4297 utpote
3479 4229 3570 4296 qui
3607 4243 3702 4297 pro

449 4323 481 4384 ἡ
530 4319 697 4380 ὄντως
737 4319 1064 4386 ἀγαλλίασις
1122 4322 1391 4391 καὶιχαρά
1421 4324 1486 4391 τῇ
1519 4321 1626 4374 τῶν
1656 4319 2024 4390 ἑορταζόντων

2129 4323 2288 4375 nobis
2329 4330 2578 4376 mortuus
2616 4315 2719 4385 est,
2757 4331 2919 4397 atque
2965 4331 3022 4374 ut
3055 4321 3340 4373 vincamus
3391 4319 3703 4385 superexal—

452 4413 510 4463 ὲν
548 4413 800 4480 οὐρανοῖς
827 4415 1038 4483 χορείᾳ,
1072 4414 1170 4465 καὶ
1199 4414 1434 4482 μάλιστα
1458 4413 1550 4466 ἐπὶ
1583 4414 2024 4484 καθιερώσειάνο

2133 4425 2300 4470 tatus.
2336 4414 2444 4469 Nec
2473 4417 2574 4469 hoc
2616 4425 2848 4478 tantmn,
2885 4415 2976 4468 sed
3001 4415 3164 4467 etiam
3227 4413 3565 4482 przcdicauda
3619 4423 3703 4465 est

449 4504 574 4572 δρὸς
607 4503 754 4574 ἱεροῦ
785 4505 879 4556 καὶ
898 4481 1178 4575 ύπηρέτου
1203 4481 1322 4558 τῶν
1353 4504 1490 4568 ἄνω.
1751 4481 1761 4484 -

2134 4510 2186 4563 in
2218 4519 2407 4564 sancta
2445 4507 2732 4561 ‘Triuitate
2781 4506 3338 4559 consubstautialitas.
3390 4498 3508 4574 Ipsa
3561 4506 3701 4559 ertitu

454 4611 581 4650 rere
613 4606 697 4649 est
735 4596 1022 4652 exsultatio
1067 4605 1122 4652 et
1156 4597 1414 4668 gaudium
1472 4598 1686 4654 choreae
1740 4597 1937 4654 festum
1992 4601 2044 4655 iu
2099 4602 2252 4656 caelis
2299 4603 2714 4665 Celebrantium,
2771 4603 3003 4655 maxime
3036 4617 3157 4654 cum
3189 4599 3450 4652 sacerdos
3479 4609 3532 4654 et
3577 4615 3702 4654 san-

452 4702 666 4746 ctorum
703 4692 954 4747 minister
994 4703 1370 4748 consecratur.

527 4786 681 4839 Μετὰ
707 4787 806 4856 τὴν
839 4791 1064 4858 τριττὴν
1092 4784 1186 4842 οὖν
1214 4790 1455 4860 χορείαν,
1484 4792 1540 4843 ὲν
1669 4792 1762 4843 καὶ
1803 4793 2027 4860 ἄγγελοι

2214 4791 2342 4845 Post
2377 4791 2591 4843 tertiam
2631 4787 3070 4855 igiturchoream
3102 4801 3263 4854 quam
3290 4785 3703 4854 angeiiquoque

455 4878 615 4949 143
653 4879 1054 4946 συγχορεύουσι
1117 4883 1323 4950 μᾶλλον
1379 4883 1538 4950 ἡμῶν
1583 4883 2022 4952 εὐφραινόμενοι,

2135 4895 2299 4953 agunt
2327 4882 2530 4948 majore
2567 4895 2731 4948 quam
2765 4894 2865 4933 nos
2900 4879 3081 4934 latitia
3117 4880 3238 4947 (nos
3267 4879 3410 4931 enim
3440 4878 3701 4942 cognitio-

452 4969 598 5036 ὑπὲρ
627 4970 776 5038 ἡμᾶς
810 4970 921 5038 γάρ
955 4971 1060 5022 εἰσι
1093 4973 1158 5041 τῇ
1191 4971 1418 5039 γνώσει,
1442 4971 1671 5034 καὶτοῖς
1713 4975 2021 5041 γινομένοις

2132 4993 2199 5030 ne
2230 4974 2585 5034 antecedunt,
2627 4982 2680 5024 et
2709 4988 2828 5039 qum
2870 4974 3006 5024 liunt
3040 4972 3210 5036 magis
3241 4985 3402 5037 quam
3435 4984 3533 5021 nos
3579 4984 3701 5020 seu--

452 5061 770 5124 ἐξίστανται
814 5061 977 5114 πλέον
999 5062 1160 5130 ἡμῶν
1193 5064 1601 5131 αἰσθανόμενοι,
1632 5065 1970 5132 προσάγεται
2000 5069 2026 5117 ὁ

2132 5071 2325 5122 tientes
2357 5081 2541 5119 eorum
2569 5066 2934 5119 admiratione
2967 5063 3280 5131 capiuntur)
3316 5081 3328 5115 :
3363 5061 3701 5114 ordinandus

452 5153 942 5222 χειροτονούμενος
969 5153 1047 5223 τῷ
1079 5157 1354 5224 ἀρχιερεῖ,
1390 5157 1696 5216 δεικνύντος
1711 5156 1806 5208 τοῦ
1840 5158 2026 5224 ἔργου,

2131 5161 2183 5214 in
2210 5169 2559 5228 conspectum
2593 5157 2831 5226 episcopi
2866 5156 3158 5208 adducitur
3193 5168 3358 5220 Opere
3381 5152 3701 5206 ostendente

451 5245 530 5305 ὡς
570 5243 796 5312 ἐξελέγη
824 5262 882 5296 τε
915 5247 1010 5298 καὶ
1051 5245 1233 5307 ἱκανὸς
1263 5246 1496 5316 δειχθεὶς
1527 5246 1604 5315 τῷ
1630 5247 1750 5315 Θεῷ
1789 5248 2030 5315 λειτουρη

2131 5251 2274 5319 quod
2304 5251 2510 5303 electus
2565 5257 2666 5312 cst,
2699 5258 2751 5300 et
2814 5251 3176 5315 pratsentatur
3227 5252 3383 5296 antea
3440 5244 3699 5311 probatus

451 5336 576 5403 γεῖν
609 5336 1065 5404 προσκομίζεται.
1108 5336 1422 5390 ’Υποκλίνει
1478 5339 1660 5391 τοίνυν
1701 5339 1801 5408 τὴν
1854 5355 2028 5405 κεφα-

2133 5341 2362 5394 idoueus
2397 5350 2454 5392 ut
2487 5338 2594 5392 Deo
2624 5337 2920 5391 ministret.
2954 5335 3188 5388 Inclinat
3231 5335 3394 5403 igitur
3441 5344 3604 5403 eaput
3640 5336 3691 5386 iu

449 5428 579 5495 λὴν,
614 5427 830 5490 δεικνὺς
860 5429 961 5497 τὴν
987 5429 1256 5494 δουλείαν,
1285 5414 1376 5483 καὶ
1405 5429 1480 5492 ὡς
1530 5429 1648 5499 μετ’
1676 5431 2027 5500 εὐχαριστίας

2131 5433 2410 5485 Sct'vitntis
2437 5441 2840 5499 argumentum,
2865 5437 3028 5496 atque
3050 5436 3109 5481 ut
3137 5427 3479 5482 demonstret
3499 5447 3554 5480 δι·
3576 5444 3694 5480 t'uttt

457 5516 555 5566 καὶ
613 5515 1002 5579 ταπεινώσεως
1062 5517 1277 5586 δέχεται
1335 5519 1405 5571 τὰ
1457 5518 1561 5588 τῆς
1618 5517 1860 5589 χάριτος.
1920 5519 2032 5573 Καὶ

2130 5523 2426 5592 gratiarum
2446 5524 2658 5576 actione
2673 5531 2728 5576 et
2748 5521 3051 5574 humilitate
3070 5522 3258 5589 gratim
3281 5521 3416 5572 dona
3439 5518 3697 5585 recipere.

459 5603 827 5674 σφραγίζεται
859 5607 1048 5674 τρίτον
1107 5608 1206 5678 τὴν
1250 5609 1499 5677 κεφαλὴν
1554 5611 1652 5678 τῆς
1689 5610 2030 5679 χειροτονίας

2135 5613 2241 5668 Ter
2271 5617 2323 5668 in
2345 5619 2522 5683 capite
2554 5629 2718 5669 cruce
2745 5615 2991 5680 signatur
3037 5614 3090 5666 in
3152 5612 3421 5683 primitias
3475 5613 3697 5666 ordina-

457 5697 539 5756 εἰς
565 5695 840 5766 ἀπαρχὴν,
871 5697 973 5766 τῆς
1001 5699 1222 5768 τριττῆς
1250 5699 1399 5762 θείας
1430 5701 1780 5763 ὑποστάσεως
1805 5703 2037 5755 ἐπιϐοω-

2136 5706 2326 5768 tionis,
2364 5708 2538 5762 tribus
2570 5706 2771 5760 divinis
2806 5706 3093 5760 Trinitatis
3142 5704 3388 5775 personis
3430 5705 3699 5774 superip-

469 5788 639 5854 μένης
665 5786 836 5856 αὐτῷ,
872 5789 953 5842 ὅτι
983 5791 1090 5844 πᾶν
1121 5790 1352 5862 δώρημα
1385 5793 1441 5859 ἐξ
1474 5793 1644 5863 αὐτῆς
1673 5795 1758 5848 διὰ
1789 5795 1883 5848 τοῦ
1914 5796 2034 5849 ενι»

2138 5813 2258 5852 sum
2290 5798 2428 5853 elata
2469 5813 2597 5853 voce
2635 5799 2922 5865 invocatis,
2963 5798 3089 5866 quia
3131 5814 3193 5853 ex
3226 5799 3340 5867 ipsa
3384 5809 3546 5850 omne
3600 5795 3697 5848 d0-
