  <div class='ocr_page' id='page_1' title='image "/cluster/home/n/w/nwhite01/storage/ocr_20150623/155/hvd.32044069650117/193.png"; bbox 0 0 4044 6198; ppageno 0'>
   <div class='ocr_carea' id='block_1_1' title="bbox 318 336 426 399">
    <p class='ocr_par' dir='ltr' id='par_1_1' title="bbox 318 336 426 399">
     <span class='ocr_line' id='line_1_1' title="bbox 318 336 426 399; baseline 0 0"><span class='ocrx_word' id='word_1_1' title='bbox 318 336 426 399; x_wconf 80' lang='grc'><strong>375</strong></span> 
     </span>
    </p>
   </div>
   <div class='ocr_carea' id='block_1_2' title="bbox 315 459 1886 532">
    <p class='ocr_par' dir='ltr' id='par_1_2' title="bbox 315 459 1886 532">
     <span class='ocr_line' id='line_1_2' title="bbox 315 459 1886 532; baseline 0.013 -25"><span class='ocrx_word' id='word_1_2' title='bbox 315 470 442 508; x_wconf 90' lang='lat' dir='ltr'><strong>num</strong></span> <span class='ocrx_word' id='word_1_3' title='bbox 471 469 568 526; x_wconf 91' lang='lat' dir='ltr'><strong>per</strong></span> <span class='ocrx_word' id='word_1_4' title='bbox 599 470 766 512; x_wconf 88' lang='lat' dir='ltr'><strong>unum</strong></span> <span class='ocrx_word' id='word_1_5' title='bbox 791 472 856 513; x_wconf 83' lang='lat' dir='ltr'><strong>ex</strong></span> <span class='ocrx_word' id='word_1_6' title='bbox 885 459 1004 527; x_wconf 82' lang='lat' dir='ltr'><strong>ipsa</strong></span> <span class='ocrx_word' id='word_1_7' title='bbox 1040 462 1267 518; x_wconf 83' lang='lat' dir='ltr'><strong>verbum</strong></span> <span class='ocrx_word' id='word_1_8' title='bbox 1327 467 1693 532; x_wconf 86' lang='lat' dir='ltr'><strong>incarnatum,</strong></span> <span class='ocrx_word' id='word_1_9' title='bbox 1745 479 1797 527; x_wconf 90' lang='lat' dir='ltr'><strong>et</strong></span> <span class='ocrx_word' id='word_1_10' title='bbox 1832 473 1886 527; x_wconf 90' lang='lat' dir='ltr'><strong>in</strong></span> 
     </span>
    </p>
   </div>
   <div class='ocr_carea' id='block_1_3' title="bbox 311 549 1936 634">
    <p class='ocr_par' dir='ltr' id='par_1_3' title="bbox 311 549 1936 634">
     <span class='ocr_line' id='line_1_3' title="bbox 311 549 1936 634; baseline 0.013 -34"><span class='ocrx_word' id='word_1_11' title='bbox 311 562 478 602; x_wconf 88' lang='lat' dir='ltr'><strong>carne</strong></span> <span class='ocrx_word' id='word_1_12' title='bbox 525 549 872 605; x_wconf 77' lang='lat' dir='ltr'><strong>cruciﬁxum.</strong></span> <span class='ocrx_word' id='word_1_13' title='bbox 901 549 1109 609; x_wconf 83' lang='lat' dir='ltr'><strong>Deinde</strong></span> <span class='ocrx_word' id='word_1_14' title='bbox 1144 571 1313 612; x_wconf 89' lang='lat' dir='ltr'><strong>unum</strong></span> <span class='ocrx_word' id='word_1_15' title='bbox 1383 562 1718 629; x_wconf 77' lang='lat' dir='ltr'><strong>genuﬁectit,</strong></span> <span class='ocrx_word' id='word_1_16' title='bbox 1776 580 1884 634; x_wconf 90' lang='lat' dir='ltr'><strong>quo</strong></span> <span class='ocrx_word' id='word_1_17' title='bbox 1919 549 1936 581; x_wconf 48' lang='lat' dir='ltr'><strong>‘I</strong></span> 
     </span>
    </p>
   </div>
   <div class='ocr_carea' id='block_1_4' title="bbox 311 638 1888 714">
    <p class='ocr_par' dir='ltr' id='par_1_4' title="bbox 311 638 1888 714">
     <span class='ocr_line' id='line_1_4' title="bbox 311 638 1888 714; baseline 0.014 -22"><span class='ocrx_word' id='word_1_18' title='bbox 311 638 706 704; x_wconf 75' lang='lat' dir='ltr'><strong>subiectionem</strong></span> <span class='ocrx_word' id='word_1_19' title='bbox 760 657 917 696; x_wconf 89' lang='lat' dir='ltr'><strong>suam</strong></span> <span class='ocrx_word' id='word_1_20' title='bbox 978 655 1033 700; x_wconf 92' lang='lat' dir='ltr'><strong>et</strong></span> <span class='ocrx_word' id='word_1_21' title='bbox 1091 642 1564 709; x_wconf 87' lang='lat' dir='ltr'><strong>consecrationem</strong></span> <span class='ocrx_word' id='word_1_22' title='bbox 1631 664 1888 714; x_wconf 76' lang='lat' dir='ltr'><strong>testatur.</strong></span> 
     </span>
    </p>
   </div>
   <div class='ocr_carea' id='block_1_5' title="bbox 310 728 1888 816">
    <p class='ocr_par' dir='ltr' id='par_1_5' title="bbox 310 728 1888 816">
     <span class='ocr_line' id='line_1_5' title="bbox 310 728 1888 816; baseline 0.015 -34"><span class='ocrx_word' id='word_1_23' title='bbox 310 728 619 786; x_wconf 82' lang='lat' dir='ltr'><strong>Adducitur</strong></span> <span class='ocrx_word' id='word_1_24' title='bbox 652 732 822 798; x_wconf 89' lang='lat' dir='ltr'><strong>enim,</strong></span> <span class='ocrx_word' id='word_1_25' title='bbox 850 737 1133 804; x_wconf 92' lang='lat' dir='ltr'><strong>quoniam,</strong></span> <span class='ocrx_word' id='word_1_26' title='bbox 1167 749 1227 794; x_wconf 94' lang='lat' dir='ltr'><strong>ut</strong></span> <span class='ocrx_word' id='word_1_27' title='bbox 1261 742 1339 796; x_wconf 91' lang='lat' dir='ltr'><strong>ait</strong></span> <span class='ocrx_word' id='word_1_28' title='bbox 1380 743 1696 816; x_wconf 81' lang='lat' dir='ltr'><strong>Dionysius,</strong></span> <span class='ocrx_word' id='word_1_29' title='bbox 1723 765 1888 804; x_wconf 89' lang='lat' dir='ltr'><strong>unum</strong></span> 
     </span>
    </p>
   </div>
   <div class='ocr_carea' id='block_1_6' title="bbox 309 821 1886 908">
    <p class='ocr_par' dir='ltr' id='par_1_6' title="bbox 309 821 1886 908">
     <span class='ocr_line' id='line_1_6' title="bbox 309 821 1886 908; baseline 0.013 -34"><span class='ocrx_word' id='word_1_30' title='bbox 309 831 363 874; x_wconf 91' lang='lat' dir='ltr'><strong>et</strong></span> <span class='ocrx_word' id='word_1_31' title='bbox 382 821 558 876; x_wconf 91' lang='lat' dir='ltr'><strong>solum</strong></span> <span class='ocrx_word' id='word_1_32' title='bbox 585 825 1055 882; x_wconf 84' lang='lat' dir='ltr'><strong>sacri&#39;ministerii</strong></span> <span class='ocrx_word' id='word_1_33' title='bbox 1087 831 1288 902; x_wconf 89' lang='lat' dir='ltr'><strong>accipit</strong></span> <span class='ocrx_word' id='word_1_34' title='bbox 1314 833 1538 903; x_wconf 90' lang='lat' dir='ltr'><strong>donum,</strong></span> <span class='ocrx_word' id='word_1_35' title='bbox 1558 839 1886 908; x_wconf 82' lang='lat' dir='ltr'><strong>ministrare,</strong></span> 
     </span>
    </p>
   </div>
   <div class='ocr_carea' id='block_1_7' title="bbox 307 912 1886 996">
    <p class='ocr_par' dir='ltr' id='par_1_7' title="bbox 307 912 1886 996">
     <span class='ocr_line' id='line_1_7' title="bbox 307 912 1886 996; baseline 0.016 -32"><span class='ocrx_word' id='word_1_36' title='bbox 307 912 588 969; x_wconf 79' lang='lat' dir='ltr'><strong>exhortari</strong></span> <span class='ocrx_word' id='word_1_37' title='bbox 647 925 700 970; x_wconf 91' lang='lat' dir='ltr'><strong>et</strong></span> <span class='ocrx_word' id='word_1_38' title='bbox 735 918 1101 978; x_wconf 89' lang='lat' dir='ltr'><strong>cateehizare.</strong></span> <span class='ocrx_word' id='word_1_39' title='bbox 1153 921 1287 978; x_wconf 85' lang='lat' dir='ltr'><strong>Nam</strong></span> <span class='ocrx_word' id='word_1_40' title='bbox 1339 927 1561 983; x_wconf 85' lang='lat' dir='ltr'><strong>adducit</strong></span> <span class='ocrx_word' id='word_1_41' title='bbox 1597 931 1799 996; x_wconf 87' lang='lat' dir='ltr'><strong>solum,</strong></span> <span class='ocrx_word' id='word_1_42' title='bbox 1835 947 1886 990; x_wconf 90' lang='lat' dir='ltr'><strong>et</strong></span> 
     </span>
    </p>
   </div>
   <div class='ocr_carea' id='block_1_8' title="bbox 306 1003 1886 1083">
    <p class='ocr_par' dir='ltr' id='par_1_8' title="bbox 306 1003 1886 1083">
     <span class='ocr_line' id='line_1_8' title="bbox 306 1003 1886 1083; baseline 0.015 -28"><span class='ocrx_word' id='word_1_43' title='bbox 306 1003 649 1066; x_wconf 78' lang='lat' dir='ltr'><strong>exhortatur.</strong></span> <span class='ocrx_word' id='word_1_44' title='bbox 683 1014 737 1060; x_wconf 92' lang='lat' dir='ltr'><strong>et</strong></span> <span class='ocrx_word' id='word_1_45' title='bbox 763 1009 1037 1065; x_wconf 78' lang='lat' dir='ltr'><strong>exclamat</strong></span> <span class='ocrx_word' id='word_1_46' title='bbox 1089 1021 1148 1066; x_wconf 92' lang='lat' dir='ltr'><strong>ut</strong></span> <span class='ocrx_word' id='word_1_47' title='bbox 1195 1015 1483 1083; x_wconf 80' lang='lat' dir='ltr'><strong>accedant,</strong></span> <span class='ocrx_word' id='word_1_48' title='bbox 1538 1010 1671 1075; x_wconf 55' lang='lat' dir='ltr'><strong>non.</strong></span> <span class='ocrx_word' id='word_1_49' title='bbox 1706 1031 1886 1078; x_wconf 80' lang='lat' dir='ltr'><strong>[amen</strong></span> 
     </span>
    </p>
   </div>
   <div class='ocr_carea' id='block_1_9' title="bbox 314 1093 1890 1167">
    <p class='ocr_par' dir='ltr' id='par_1_9' title="bbox 314 1093 1890 1167">
     <span class='ocr_line' id='line_1_9' title="bbox 314 1093 1890 1167; baseline 0.011 -20"><span class='ocrx_word' id='word_1_50' title='bbox 314 1093 562 1162; x_wconf 87' lang='lat' dir='ltr'><strong>perﬁcit;</strong></span> <span class='ocrx_word' id='word_1_51' title='bbox 589 1094 715 1152; x_wconf 84' lang='lat' dir='ltr'><strong>dicit</strong></span> <span class='ocrx_word' id='word_1_52' title='bbox 751 1099 921 1163; x_wconf 89' lang='lat' dir='ltr'><strong>enim,</strong></span> <span class='ocrx_word' id='word_1_53' title='bbox 955 1119 974 1152; x_wconf 86' lang='grc'><strong>‹</strong></span> <span class='ocrx_word' id='word_1_54' title='bbox 1007 1101 1297 1167; x_wconf 61' lang='lat' dir='ltr'><strong>Benedic,»</strong></span> <span class='ocrx_word' id='word_1_55' title='bbox 1325 1121 1430 1160; x_wconf 92' lang='lat' dir='ltr'><strong>non</strong></span> <span class='ocrx_word' id='word_1_56' title='bbox 1455 1116 1635 1163; x_wconf 89' lang='lat' dir='ltr'><strong>autem</strong></span> <span class='ocrx_word' id='word_1_57' title='bbox 1667 1111 1890 1167; x_wconf 90' lang='lat' dir='ltr'><strong>benedi-</strong></span> 
     </span>
    </p>
   </div>
   <div class='ocr_carea' id='block_1_10' title="bbox 307 1184 1887 1269">
    <p class='ocr_par' dir='ltr' id='par_1_10' title="bbox 307 1184 1887 1269">
     <span class='ocr_line' id='line_1_10' title="bbox 307 1184 1887 1269; baseline 0.012 -31"><span class='ocrx_word' id='word_1_58' title='bbox 307 1184 384 1238; x_wconf 90' lang='lat' dir='ltr'><strong>cit</strong></span> <span class='ocrx_word' id='word_1_59' title='bbox 425 1203 439 1240; x_wconf 90' lang='lat'><strong>:</strong></span> <span class='ocrx_word' id='word_1_60' title='bbox 493 1205 511 1238; x_wconf 79' lang='grc' dir='ltr'><strong>ι</strong></span> <span class='ocrx_word' id='word_1_61' title='bbox 542 1187 609 1241; x_wconf 87' lang='lat' dir='ltr'><strong>Et</strong></span> <span class='ocrx_word' id='word_1_62' title='bbox 642 1187 930 1244; x_wconf 91' lang='lat' dir='ltr'><strong>Dominum</strong></span> <span class='ocrx_word' id='word_1_63' title='bbox 957 1191 1336 1262; x_wconf 79' lang='lat' dir='ltr'><strong>deprecemUr,</strong></span> <span class='ocrx_word' id='word_1_64' title='bbox 1368 1215 1386 1249; x_wconf 73' lang='grc' dir='ltr'><strong>ι</strong></span> <span class='ocrx_word' id='word_1_65' title='bbox 1423 1199 1759 1269; x_wconf 75' lang='lat' dir='ltr'><strong>exhortatur,</strong></span> <span class='ocrx_word' id='word_1_66' title='bbox 1791 1203 1887 1257; x_wconf 90' lang='lat' dir='ltr'><strong>sed</strong></span> 
     </span>
    </p>
   </div>
   <div class='ocr_carea' id='block_1_11' title="bbox 308 1281 1887 1352">
    <p class='ocr_par' dir='ltr' id='par_1_11' title="bbox 308 1281 1887 1352">
     <span class='ocr_line' id='line_1_11' title="bbox 308 1281 1887 1352; baseline 0.013 -23"><span class='ocrx_word' id='word_1_67' title='bbox 308 1289 414 1329; x_wconf 89' lang='lat' dir='ltr'><strong>non</strong></span> <span class='ocrx_word' id='word_1_68' title='bbox 436 1287 732 1346; x_wconf 90' lang='lat' dir='ltr'><strong>precatur:</strong></span> <span class='ocrx_word' id='word_1_69' title='bbox 758 1290 812 1334; x_wconf 89' lang='lat' dir='ltr'><strong>et</strong></span> <span class='ocrx_word' id='word_1_70' title='bbox 850 1299 870 1334; x_wconf 77' lang='grc' dir='ltr'><strong>ι</strong></span> <span class='ocrx_word' id='word_1_71' title='bbox 902 1281 1190 1352; x_wconf 84' lang='lat' dir='ltr'><strong>Sapienter</strong></span> <span class='ocrx_word' id='word_1_72' title='bbox 1213 1288 1581 1352; x_wconf 88' lang='lat' dir='ltr'><strong>attendamus,</strong></span> <span class='ocrx_word' id='word_1_73' title='bbox 1615 1311 1634 1343; x_wconf 70' lang='grc' dir='ltr'><strong>ι</strong></span> <span class='ocrx_word' id='word_1_74' title='bbox 1659 1308 1765 1348; x_wconf 91' lang='lat' dir='ltr'><strong>non</strong></span> <span class='ocrx_word' id='word_1_75' title='bbox 1787 1311 1887 1348; x_wconf 86' lang='lat' dir='ltr'><strong>au-</strong></span> 
     </span>
    </p>
   </div>
   <div class='ocr_carea' id='block_1_12' title="bbox 308 1361 1886 1444">
    <p class='ocr_par' dir='ltr' id='par_1_12' title="bbox 308 1361 1886 1444">
     <span class='ocr_line' id='line_1_12' title="bbox 308 1361 1886 1444; baseline 0.013 -25"><span class='ocrx_word' id='word_1_76' title='bbox 308 1375 415 1420; x_wconf 90' lang='lat' dir='ltr'><strong>tem</strong></span> <span class='ocrx_word' id='word_1_77' title='bbox 437 1361 683 1438; x_wconf 88' lang='lat' dir='ltr'><strong>perﬁcit.</strong></span> <span class='ocrx_word' id='word_1_78' title='bbox 712 1369 783 1427; x_wconf 86' lang='lat' dir='ltr'><strong>Se</strong></span> <span class='ocrx_word' id='word_1_79' title='bbox 811 1373 974 1427; x_wconf 85' lang='lat' dir='ltr'><strong>habet</strong></span> <span class='ocrx_word' id='word_1_80' title='bbox 1002 1375 1171 1444; x_wconf 81' lang='lat' dir='ltr'><strong>igitur</strong></span> <span class='ocrx_word' id='word_1_81' title='bbox 1203 1386 1263 1430; x_wconf 92' lang='lat' dir='ltr'><strong>ut</strong></span> <span class='ocrx_word' id='word_1_82' title='bbox 1290 1380 1633 1442; x_wconf 86' lang='lat' dir='ltr'><strong>ministrans.</strong></span> <span class='ocrx_word' id='word_1_83' title='bbox 1685 1398 1789 1438; x_wconf 91' lang='lat' dir='ltr'><strong>non</strong></span> <span class='ocrx_word' id='word_1_84' title='bbox 1827 1395 1886 1440; x_wconf 90' lang='lat' dir='ltr'><strong>ut</strong></span> 
     </span>
    </p>
   </div>
   <div class='ocr_carea' id='block_1_13' title="bbox 307 1461 1884 1544">
    <p class='ocr_par' dir='ltr' id='par_1_13' title="bbox 307 1461 1884 1544">
     <span class='ocr_line' id='line_1_13' title="bbox 307 1461 1884 1544; baseline 0.01 -28"><span class='ocrx_word' id='word_1_85' title='bbox 307 1461 619 1529; x_wconf 83' lang='lat' dir='ltr'><strong>perﬁciens.</strong></span> <span class='ocrx_word' id='word_1_86' title='bbox 659 1464 839 1520; x_wconf 89' lang='lat' dir='ltr'><strong>Uuum</strong></span> <span class='ocrx_word' id='word_1_87' title='bbox 875 1476 928 1522; x_wconf 92' lang='lat' dir='ltr'><strong>et</strong></span> <span class='ocrx_word' id='word_1_88' title='bbox 961 1468 1138 1522; x_wconf 90' lang='lat' dir='ltr'><strong>solum</strong></span> <span class='ocrx_word' id='word_1_89' title='bbox 1171 1485 1309 1540; x_wconf 76' lang='lat' dir='ltr'><strong>genu</strong></span> <span class='ocrx_word' id='word_1_90' title='bbox 1339 1471 1528 1539; x_wconf 84' lang='lat' dir='ltr'><strong>ﬂectit,</strong></span> <span class='ocrx_word' id='word_1_91' title='bbox 1554 1476 1680 1544; x_wconf 88' lang='lat' dir='ltr'><strong>quia</strong></span> <span class='ocrx_word' id='word_1_92' title='bbox 1721 1477 1884 1534; x_wconf 90' lang='lat' dir='ltr'><strong>unius</strong></span> 
     </span>
    </p>
   </div>
   <div class='ocr_carea' id='block_1_14' title="bbox 307 1552 1885 1635">
    <p class='ocr_par' dir='ltr' id='par_1_14' title="bbox 307 1552 1885 1635">
     <span class='ocr_line' id='line_1_14' title="bbox 307 1552 1885 1635; baseline 0.013 -30"><span class='ocrx_word' id='word_1_93' title='bbox 307 1552 522 1607; x_wconf 87' lang='lat' dir='ltr'><strong>scilicet</strong></span> <span class='ocrx_word' id='word_1_94' title='bbox 557 1555 727 1611; x_wconf 85' lang='lat' dir='ltr'><strong>divini</strong></span> <span class='ocrx_word' id='word_1_95' title='bbox 757 1558 1052 1612; x_wconf 85' lang='lat' dir='ltr'><strong>ministerii</strong></span> <span class='ocrx_word' id='word_1_96' title='bbox 1087 1562 1443 1617; x_wconf 84' lang='lat' dir='ltr'><strong>constituitur</strong></span> <span class='ocrx_word' id='word_1_97' title='bbox 1470 1565 1885 1635; x_wconf 82' lang='lat' dir='ltr'><strong>minister;hoc</strong></span> 
     </span>
    </p>
   </div>
   <div class='ocr_carea' id='block_1_15' title="bbox 304 1647 1883 1729">
    <p class='ocr_par' dir='ltr' id='par_1_15' title="bbox 304 1647 1883 1729">
     <span class='ocr_line' id='line_1_15' title="bbox 304 1647 1883 1729; baseline 0.011 -31"><span class='ocrx_word' id='word_1_98' title='bbox 304 1654 484 1698; x_wconf 84' lang='lat' dir='ltr'><strong>autem</strong></span> <span class='ocrx_word' id='word_1_99' title='bbox 512 1661 618 1701; x_wconf 93' lang='lat' dir='ltr'><strong>non</strong></span> <span class='ocrx_word' id='word_1_100' title='bbox 647 1661 674 1700; x_wconf 93' lang='lat' dir='ltr'><strong>a</strong></span> <span class='ocrx_word' id='word_1_101' title='bbox 697 1647 903 1718; x_wconf 81' lang='lat' dir='ltr'><strong>seipse,</strong></span> <span class='ocrx_word' id='word_1_102' title='bbox 939 1650 1034 1705; x_wconf 82' lang='lat' dir='ltr'><strong>sed</strong></span> <span class='ocrx_word' id='word_1_103' title='bbox 1071 1653 1436 1721; x_wconf 91' lang='lat' dir='ltr'><strong>permissione</strong></span> <span class='ocrx_word' id='word_1_104' title='bbox 1480 1670 1508 1710; x_wconf 89' lang='lat' dir='ltr'><strong>a</strong></span> <span class='ocrx_word' id='word_1_105' title='bbox 1562 1658 1883 1729; x_wconf 82' lang='lat' dir='ltr'><strong>presbytero</strong></span> 
     </span>
    </p>
   </div>
   <div class='ocr_carea' id='block_1_16' title="bbox 305 1741 1882 1816">
    <p class='ocr_par' dir='ltr' id='par_1_16' title="bbox 305 1741 1882 1816">
     <span class='ocr_line' id='line_1_16' title="bbox 305 1741 1882 1816; baseline 0.011 -26"><span class='ocrx_word' id='word_1_106' title='bbox 305 1744 526 1806; x_wconf 83' lang='lat' dir='ltr'><strong>accepta</strong></span> <span class='ocrx_word' id='word_1_107' title='bbox 553 1755 568 1805; x_wconf 91' lang='lat'>;</span> <span class='ocrx_word' id='word_1_108' title='bbox 595 1749 675 1794; x_wconf 89' lang='lat' dir='ltr'><strong>est</strong></span> <span class='ocrx_word' id='word_1_109' title='bbox 707 1741 853 1795; x_wconf 88' lang='lat' dir='ltr'><strong>enim</strong></span> <span class='ocrx_word' id='word_1_110' title='bbox 878 1743 1103 1800; x_wconf 87' lang='lat' dir='ltr'><strong>alterius</strong></span> <span class='ocrx_word' id='word_1_111' title='bbox 1130 1751 1384 1816; x_wconf 84' lang='lat' dir='ltr'><strong>petestati</strong></span> <span class='ocrx_word' id='word_1_112' title='bbox 1410 1749 1699 1808; x_wconf 79' lang='lat' dir='ltr'><strong>obnoxius.</strong></span> <span class='ocrx_word' id='word_1_113' title='bbox 1725 1752 1882 1811; x_wconf 85' lang='lat' dir='ltr'><strong>Post-</strong></span> 
     </span>
    </p>
   </div>
   <div class='ocr_carea' id='block_1_17' title="bbox 1135 349 2699 432">
    <p class='ocr_par' dir='ltr' id='par_1_17' title="bbox 1135 349 2699 432">
     <span class='ocr_line' id='line_1_17' title="bbox 1135 349 2699 432; baseline 0.015 -23"><span class='ocrx_word' id='word_1_114' title='bbox 1135 349 1513 414; x_wconf 84' lang='lat' dir='ltr'><strong>SYMEONIS</strong></span> <span class='ocrx_word' id='word_1_115' title='bbox 1554 352 2306 426; x_wconf 64' lang='lat' dir='ltr'><strong>THESS:\LONICENSIS</strong></span> <span class='ocrx_word' id='word_1_116' title='bbox 2343 367 2545 430; x_wconf 73' lang='lat' dir='ltr'><strong>ARClI</strong></span> <span class='ocrx_word' id='word_1_117' title='bbox 2559 367 2699 432; x_wconf 89' lang='lat' dir='ltr'><strong>lEP.</strong></span> 
     </span>
    </p>
   </div>
   <div class='ocr_carea' id='block_1_18' title="bbox 3457 368 3560 433">
    <p class='ocr_par' dir='ltr' id='par_1_18' title="bbox 3457 368 3560 433">
     <span class='ocr_line' id='line_1_18' title="bbox 3457 368 3560 433; baseline -0.01 0"><span class='ocrx_word' id='word_1_118' title='bbox 3457 368 3560 433; x_wconf 72' lang='lat'><strong>376</strong></span> 
     </span>
    </p>
   </div>
   <div class='ocr_carea' id='block_1_19' title="bbox 1994 477 3561 556">
    <p class='ocr_par' dir='ltr' id='par_1_19' title="bbox 1994 477 3561 556">
     <span class='ocr_line' id='line_1_19' title="bbox 1994 477 3561 556; baseline 0.006 -28"><span class='ocrx_word' id='word_1_119' title='bbox 1994 477 2166 547; x_wconf 77' lang='grc' dir='ltr'>αὐτῆς</span> <span class='ocrx_word' id='word_1_120' title='bbox 2193 480 2720 552; x_wconf 74' lang='grc' dir='ltr'>ἔνανθρωπήσαντος</span> <span class='ocrx_word' id='word_1_121' title='bbox 2755 484 2928 554; x_wconf 81' lang='grc' dir='ltr'>Λόγου</span> <span class='ocrx_word' id='word_1_122' title='bbox 2973 483 3068 538; x_wconf 74' lang='grc' dir='ltr'>καὶ</span> <span class='ocrx_word' id='word_1_123' title='bbox 3103 484 3262 556; x_wconf 72' lang='grc' dir='ltr'>σαρκὶ</span> <span class='ocrx_word' id='word_1_124' title='bbox 3320 502 3561 554; x_wconf 73' lang='grc' dir='ltr'>σταυρω-</span> 
     </span>
    </p>
   </div>
   <div class='ocr_carea' id='block_1_20' title="bbox 1998 564 3564 644">
    <p class='ocr_par' dir='ltr' id='par_1_20' title="bbox 1998 564 3564 644">
     <span class='ocr_line' id='line_1_20' title="bbox 1998 564 3564 644; baseline 0.005 -26"><span class='ocrx_word' id='word_1_125' title='bbox 1998 565 2204 629; x_wconf 80' lang='grc' dir='ltr'>θέντος.</span> <span class='ocrx_word' id='word_1_126' title='bbox 2237 564 2372 623; x_wconf 76' lang='grc' dir='ltr'>Εἶτα</span> <span class='ocrx_word' id='word_1_127' title='bbox 2402 572 2574 624; x_wconf 79' lang='grc' dir='ltr'><strong>κλίνει</strong></span> <span class='ocrx_word' id='word_1_128' title='bbox 2602 571 2661 624; x_wconf 77' lang='grc' dir='ltr'>τὸ</span> <span class='ocrx_word' id='word_1_129' title='bbox 2717 573 2807 625; x_wconf 83' lang='grc' dir='ltr'>ἓν.</span> <span class='ocrx_word' id='word_1_130' title='bbox 2828 574 2976 638; x_wconf 88' lang='grc' dir='ltr'>γόνυ,</span> <span class='ocrx_word' id='word_1_131' title='bbox 3016 572 3132 641; x_wconf 72' lang='grc' dir='ltr'><strong>ἅμα</strong></span> <span class='ocrx_word' id='word_1_132' title='bbox 3175 575 3269 626; x_wconf 73' lang='grc' dir='ltr'>καὶ</span> <span class='ocrx_word' id='word_1_133' title='bbox 3296 575 3396 644; x_wconf 82' lang='grc' dir='ltr'><strong>τὴν</strong></span> <span class='ocrx_word' id='word_1_134' title='bbox 3430 577 3564 628; x_wconf 79' lang='grc' dir='ltr'>ὑποσ-</span> 
     </span>
    </p>
   </div>
   <div class='ocr_carea' id='block_1_21' title="bbox 1992 658 3560 738">
    <p class='ocr_par' dir='ltr' id='par_1_21' title="bbox 1992 658 3560 738">
     <span class='ocr_line' id='line_1_21' title="bbox 1992 658 3560 738; baseline 0.006 -27"><span class='ocrx_word' id='word_1_135' title='bbox 1992 658 2166 730; x_wconf 75' lang='grc' dir='ltr'>ταγὴν</span> <span class='ocrx_word' id='word_1_136' title='bbox 2189 661 2404 726; x_wconf 77' lang='grc' dir='ltr'>δεικνὺς</span> <span class='ocrx_word' id='word_1_137' title='bbox 2443 666 2536 717; x_wconf 72' lang='grc' dir='ltr'><strong>καὶ</strong></span> <span class='ocrx_word' id='word_1_138' title='bbox 2564 665 2663 735; x_wconf 73' lang='grc' dir='ltr'><strong>τὴν</strong></span> <span class='ocrx_word' id='word_1_139' title='bbox 2691 666 3019 736; x_wconf 77' lang='grc' dir='ltr'>ἀφιέρωσιν.</span> <span class='ocrx_word' id='word_1_140' title='bbox 3055 668 3404 736; x_wconf 84' lang='grc' dir='ltr'>Προσάγεται</span> <span class='ocrx_word' id='word_1_141' title='bbox 3430 669 3560 738; x_wconf 63' lang='grc' dir='ltr'>γάρ,</span> 
     </span>
    </p>
   </div>
   <div class='ocr_carea' id='block_1_22' title="bbox 1993 754 3537 829">
    <p class='ocr_par' dir='ltr' id='par_1_22' title="bbox 1993 754 3537 829">
     <span class='ocr_line' id='line_1_22' title="bbox 1993 754 3537 829; baseline 0.003 -22"><span class='ocrx_word' id='word_1_142' title='bbox 1993 754 2075 808; x_wconf 83' lang='grc' dir='ltr'>ὅτι</span> <span class='ocrx_word' id='word_1_143' title='bbox 2100 755 2196 808; x_wconf 73' lang='grc' dir='ltr'><strong>καὶ</strong></span> <span class='ocrx_word' id='word_1_144' title='bbox 2247 754 2306 808; x_wconf 79' lang='grc' dir='ltr'>ἓν</span> <span class='ocrx_word' id='word_1_145' title='bbox 2335 757 2429 809; x_wconf 69' lang='grc' dir='ltr'>καὶ</span> <span class='ocrx_word' id='word_1_146' title='bbox 2466 756 2629 826; x_wconf 82' lang='grc' dir='ltr'>μόνον</span> <span class='ocrx_word' id='word_1_147' title='bbox 2664 757 2763 821; x_wconf 82' lang='grc' dir='ltr'>τ’ής</span> <span class='ocrx_word' id='word_1_148' title='bbox 2791 759 2942 828; x_wconf 80' lang='grc' dir='ltr'>ἱερᾶς</span> <span class='ocrx_word' id='word_1_149' title='bbox 2977 757 3322 827; x_wconf 80' lang='grc' dir='ltr'><strong>λειτουργίας</strong></span> <span class='ocrx_word' id='word_1_150' title='bbox 3354 759 3537 829; x_wconf 79' lang='grc' dir='ltr'>λαμῦά</span> 
     </span>
    </p>
   </div>
   <div class='ocr_carea' id='block_1_23' title="bbox 1995 845 3563 930">
    <p class='ocr_par' dir='ltr' id='par_1_23' title="bbox 1995 845 3563 930">
     <span class='ocr_line' id='line_1_23' title="bbox 1995 845 3563 930; baseline 0.006 -34"><span class='ocrx_word' id='word_1_151' title='bbox 1995 862 2076 897; x_wconf 87' lang='grc' dir='ltr'><strong>νει</strong></span> <span class='ocrx_word' id='word_1_152' title='bbox 2100 845 2369 915; x_wconf 82' lang='grc' dir='ltr'><strong>χάρισμα,</strong></span> <span class='ocrx_word' id='word_1_153' title='bbox 2397 847 2472 908; x_wconf 85' lang='grc' dir='ltr'>ὥς</span> <span class='ocrx_word' id='word_1_154' title='bbox 2503 864 2636 918; x_wconf 77' lang='grc' dir='ltr'>φησι</span> <span class='ocrx_word' id='word_1_155' title='bbox 2669 848 2966 913; x_wconf 84' lang='grc' dir='ltr'>Διονύσιος,</span> <span class='ocrx_word' id='word_1_156' title='bbox 2995 849 3055 902; x_wconf 79' lang='grc' dir='ltr'>τὸ</span> <span class='ocrx_word' id='word_1_157' title='bbox 3093 850 3447 930; x_wconf 63' lang='grc' dir='ltr'>ἐξυπηρετεῖν</span> <span class='ocrx_word' id='word_1_158' title='bbox 3470 854 3563 906; x_wconf 66' lang='grc' dir='ltr'><strong>καὶ</strong></span> 
     </span>
    </p>
   </div>
   <div class='ocr_carea' id='block_1_24' title="bbox 1993 938 3561 1012">
    <p class='ocr_par' dir='ltr' id='par_1_24' title="bbox 1993 938 3561 1012">
     <span class='ocr_line' id='line_1_24' title="bbox 1993 938 3561 1012; baseline 0.003 -23"><span class='ocrx_word' id='word_1_159' title='bbox 1993 938 2422 1007; x_wconf 78' lang='grc' dir='ltr'>προσκαλεῖσθαι</span> <span class='ocrx_word' id='word_1_160' title='bbox 2466 941 2558 993; x_wconf 75' lang='grc' dir='ltr'>καὶ</span> <span class='ocrx_word' id='word_1_161' title='bbox 2593 943 2879 1010; x_wconf 84' lang='grc' dir='ltr'>κατηχεῖν.</span> <span class='ocrx_word' id='word_1_162' title='bbox 2943 943 3221 1012; x_wconf 75' lang='grc' dir='ltr'><strong>Προσάγει</strong></span> <span class='ocrx_word' id='word_1_163' title='bbox 3257 943 3364 1012; x_wconf 70' lang='grc' dir='ltr'><strong>γάρ</strong></span> <span class='ocrx_word' id='word_1_164' title='bbox 3399 945 3561 1010; x_wconf 72' lang='grc' dir='ltr'>μόνον</span> 
     </span>
    </p>
   </div>
   <div class='ocr_carea' id='block_1_25' title="bbox 1991 1031 3558 1104">
    <p class='ocr_par' dir='ltr' id='par_1_25' title="bbox 1991 1031 3558 1104">
     <span class='ocr_line' id='line_1_25' title="bbox 1991 1031 3558 1104; baseline 0.004 -24"><span class='ocrx_word' id='word_1_165' title='bbox 1991 1031 2084 1081; x_wconf 82' lang='grc' dir='ltr'>καὶ</span> <span class='ocrx_word' id='word_1_166' title='bbox 2148 1031 2540 1101; x_wconf 59' lang='grc' dir='ltr'>παραγγέλλει,</span> <span class='ocrx_word' id='word_1_167' title='bbox 2570 1034 2665 1086; x_wconf 70' lang='grc' dir='ltr'>καὶ</span> <span class='ocrx_word' id='word_1_168' title='bbox 2707 1035 3026 1102; x_wconf 83' lang='grc' dir='ltr'>προσφωνεῖ</span> <span class='ocrx_word' id='word_1_169' title='bbox 3077 1035 3434 1104; x_wconf 78' lang='grc' dir='ltr'>προσελθεῖν·</span> <span class='ocrx_word' id='word_1_170' title='bbox 3498 1035 3558 1089; x_wconf 75' lang='grc' dir='ltr'>οὗ</span> 
     </span>
    </p>
   </div>
   <div class='ocr_carea' id='block_1_26' title="bbox 1993 1120 3558 1197">
    <p class='ocr_par' dir='ltr' id='par_1_26' title="bbox 1993 1120 3558 1197">
     <span class='ocr_line' id='line_1_26' title="bbox 1993 1120 3558 1197; baseline 0.004 -23"><span class='ocrx_word' id='word_1_171' title='bbox 1993 1120 2101 1190; x_wconf 83' lang='grc' dir='ltr'>μὴν</span> <span class='ocrx_word' id='word_1_172' title='bbox 2141 1121 2196 1174; x_wconf 79' lang='grc' dir='ltr'><strong>δὲ</strong></span> <span class='ocrx_word' id='word_1_173' title='bbox 2228 1123 2322 1176; x_wconf 73' lang='grc' dir='ltr'><strong>καὶ</strong></span> <span class='ocrx_word' id='word_1_174' title='bbox 2366 1125 2565 1177; x_wconf 88' lang='grc' dir='ltr'>τελειοῖ</span> <span class='ocrx_word' id='word_1_175' title='bbox 2589 1141 2603 1154; x_wconf 71' lang='grc' dir='ltr'><strong>ο</strong></span> <span class='ocrx_word' id='word_1_176' title='bbox 2650 1146 2668 1177; x_wconf 76' lang='grc' dir='ltr'><strong>ι</strong></span> <span class='ocrx_word' id='word_1_177' title='bbox 2699 1127 3009 1197; x_wconf 74' lang='grc' dir='ltr'>Εὐλόγησον</span> <span class='ocrx_word' id='word_1_178' title='bbox 3056 1145 3075 1179; x_wconf 73' lang='grc' dir='ltr'><strong>ι</strong></span> <span class='ocrx_word' id='word_1_179' title='bbox 3113 1127 3220 1196; x_wconf 89' lang='grc' dir='ltr'><strong>γάρ</strong></span> <span class='ocrx_word' id='word_1_180' title='bbox 3257 1143 3421 1196; x_wconf 70' lang='grc' dir='ltr'>φησι*</span> <span class='ocrx_word' id='word_1_181' title='bbox 3467 1129 3558 1181; x_wconf 73' lang='grc' dir='ltr'><strong>καὶ</strong></span> 
     </span>
    </p>
   </div>
   <div class='ocr_carea' id='block_1_27' title="bbox 1988 1212 3556 1289">
    <p class='ocr_par' dir='ltr' id='par_1_27' title="bbox 1988 1212 3556 1289">
     <span class='ocr_line' id='line_1_27' title="bbox 1988 1212 3556 1289; baseline 0.005 -25"><span class='ocrx_word' id='word_1_182' title='bbox 1988 1212 2088 1265; x_wconf 81' lang='grc' dir='ltr'><strong>οὐκ</strong></span> <span class='ocrx_word' id='word_1_183' title='bbox 2112 1213 2348 1282; x_wconf 78' lang='grc' dir='ltr'>εὐλογεῖ.</span> <span class='ocrx_word' id='word_1_184' title='bbox 2390 1216 2522 1278; x_wconf 84' lang='lat' dir='ltr'><strong>Kal,</strong></span> <span class='ocrx_word' id='word_1_185' title='bbox 2558 1236 2578 1270; x_wconf 75' lang='grc' dir='ltr'><strong>ι</strong></span> <span class='ocrx_word' id='word_1_186' title='bbox 2613 1215 2720 1271; x_wconf 87' lang='grc' dir='ltr'>Τοῦ</span> <span class='ocrx_word' id='word_1_187' title='bbox 2760 1217 2970 1287; x_wconf 89' lang='grc' dir='ltr'>Κυρίου</span> <span class='ocrx_word' id='word_1_188' title='bbox 3024 1218 3330 1289; x_wconf 80' lang='grc' dir='ltr'>δεηθῶμεν,</span> <span class='ocrx_word' id='word_1_189' title='bbox 3360 1239 3378 1270; x_wconf 74' lang='grc' dir='ltr'><strong>ι</strong></span> <span class='ocrx_word' id='word_1_190' title='bbox 3427 1237 3556 1287; x_wconf 78' lang='grc' dir='ltr'>προ·</span> 
     </span>
    </p>
   </div>
   <div class='ocr_carea' id='block_1_28' title="bbox 1987 1303 3559 1382">
    <p class='ocr_par' dir='ltr' id='par_1_28' title="bbox 1987 1303 3559 1382">
     <span class='ocr_line' id='line_1_28' title="bbox 1987 1303 3559 1382; baseline 0.006 -27"><span class='ocrx_word' id='word_1_191' title='bbox 1987 1303 2288 1372; x_wconf 84' lang='grc' dir='ltr'>τρέπεται⁶</span> <span class='ocrx_word' id='word_1_192' title='bbox 2321 1306 2421 1361; x_wconf 72' lang='grc' dir='ltr'>οὐκ</span> <span class='ocrx_word' id='word_1_193' title='bbox 2450 1306 2668 1379; x_wconf 63' lang='grc' dir='ltr'>εὔχεται</span> <span class='ocrx_word' id='word_1_194' title='bbox 2699 1309 2779 1363; x_wconf 87' lang='grc' dir='ltr'><strong>δέ.</strong></span> <span class='ocrx_word' id='word_1_195' title='bbox 2808 1311 2943 1376; x_wconf 89' lang='lat' dir='ltr'><strong>Kal,</strong></span> <span class='ocrx_word' id='word_1_196' title='bbox 2989 1331 3008 1363; x_wconf 83' lang='grc'><strong><em>‹</em></strong></span> <span class='ocrx_word' id='word_1_197' title='bbox 3047 1311 3138 1363; x_wconf 88' lang='grc' dir='ltr'>Ἐν</span> <span class='ocrx_word' id='word_1_198' title='bbox 3198 1312 3358 1382; x_wconf 71' lang='grc' dir='ltr'>σοφίᾳ,</span> <span class='ocrx_word' id='word_1_199' title='bbox 3392 1329 3559 1378; x_wconf 80' lang='grc' dir='ltr'>προσ-</span> 
     </span>
    </p>
   </div>
   <div class='ocr_carea' id='block_1_29' title="bbox 1990 1395 3555 1467">
    <p class='ocr_par' dir='ltr' id='par_1_29' title="bbox 1990 1395 3555 1467">
     <span class='ocr_line' id='line_1_29' title="bbox 1990 1395 3555 1467; baseline 0.004 -20"><span class='ocrx_word' id='word_1_200' title='bbox 1990 1395 2210 1465; x_wconf 82' lang='grc' dir='ltr'>σχῶμεν</span> <span class='ocrx_word' id='word_1_201' title='bbox 2241 1413 2257 1429; x_wconf 76' lang='grc' dir='ltr'><strong><em>ο</em></strong></span> <span class='ocrx_word' id='word_1_202' title='bbox 2293 1417 2312 1451; x_wconf 70' lang='grc' dir='ltr'><strong>ι</strong></span> <span class='ocrx_word' id='word_1_203' title='bbox 2349 1399 2408 1452; x_wconf 77' lang='grc' dir='ltr'><strong>οὐ</strong></span> <span class='ocrx_word' id='word_1_204' title='bbox 2457 1401 2658 1454; x_wconf 86' lang='grc' dir='ltr'>τελειοῖ</span> <span class='ocrx_word' id='word_1_205' title='bbox 2705 1403 2787 1457; x_wconf 87' lang='grc' dir='ltr'><strong>δέ.</strong></span> <span class='ocrx_word' id='word_1_206' title='bbox 2839 1402 2930 1467; x_wconf 85' lang='grc' dir='ltr'>Ὠς</span> <span class='ocrx_word' id='word_1_207' title='bbox 2962 1404 3228 1457; x_wconf 83' lang='grc' dir='ltr'>διακονῶν</span> <span class='ocrx_word' id='word_1_208' title='bbox 3256 1404 3435 1456; x_wconf 83' lang='grc' dir='ltr'>τοίνυν</span> <span class='ocrx_word' id='word_1_209' title='bbox 3460 1402 3555 1467; x_wconf 79' lang='grc' dir='ltr'>ὣν,</span> 
     </span>
    </p>
   </div>
   <div class='ocr_carea' id='block_1_30' title="bbox 1988 1488 3556 1562">
    <p class='ocr_par' dir='ltr' id='par_1_30' title="bbox 1988 1488 3556 1562">
     <span class='ocr_line' id='line_1_30' title="bbox 1988 1488 3556 1562; baseline 0.004 -22"><span class='ocrx_word' id='word_1_210' title='bbox 1988 1488 2086 1540; x_wconf 70' lang='grc' dir='ltr'><strong>καὶ</strong></span> <span class='ocrx_word' id='word_1_211' title='bbox 2129 1488 2189 1540; x_wconf 77' lang='grc' dir='ltr'><strong>οὐ</strong></span> <span class='ocrx_word' id='word_1_212' title='bbox 2219 1489 2468 1551; x_wconf 83' lang='grc' dir='ltr'>τελειῶν,</span> <span class='ocrx_word' id='word_1_213' title='bbox 2498 1493 2558 1544; x_wconf 81' lang='grc' dir='ltr'><strong>τὸ</strong></span> <span class='ocrx_word' id='word_1_214' title='bbox 2613 1492 2673 1546; x_wconf 78' lang='grc' dir='ltr'>ἓν</span> <span class='ocrx_word' id='word_1_215' title='bbox 2704 1491 2876 1546; x_wconf 81' lang='grc' dir='ltr'>κλίνει</span> <span class='ocrx_word' id='word_1_216' title='bbox 2930 1497 3025 1548; x_wconf 69' lang='grc' dir='ltr'><strong>καὶ</strong></span> <span class='ocrx_word' id='word_1_217' title='bbox 3067 1495 3230 1562; x_wconf 87' lang='grc' dir='ltr'>μόνον</span> <span class='ocrx_word' id='word_1_218' title='bbox 3281 1495 3442 1562; x_wconf 77' lang='grc' dir='ltr'>γόνυο</span> <span class='ocrx_word' id='word_1_219' title='bbox 3475 1494 3556 1547; x_wconf 82' lang='grc' dir='ltr'>ὅτι</span> 
     </span>
    </p>
   </div>
   <div class='ocr_carea' id='block_1_31' title="bbox 1988 1580 3554 1656">
    <p class='ocr_par' dir='ltr' id='par_1_31' title="bbox 1988 1580 3554 1656">
     <span class='ocr_line' id='line_1_31' title="bbox 1988 1580 3554 1656; baseline 0.003 -24"><span class='ocrx_word' id='word_1_220' title='bbox 1988 1580 2080 1633; x_wconf 69' lang='grc' dir='ltr'>καὶ</span> <span class='ocrx_word' id='word_1_221' title='bbox 2132 1581 2247 1643; x_wconf 79' lang='grc' dir='ltr'>ἑνὸς</span> <span class='ocrx_word' id='word_1_222' title='bbox 2273 1582 2372 1650; x_wconf 77' lang='grc' dir='ltr'>τῆς</span> <span class='ocrx_word' id='word_1_223' title='bbox 2401 1582 2552 1648; x_wconf 92' lang='grc' dir='ltr'>θείας</span> <span class='ocrx_word' id='word_1_224' title='bbox 2581 1585 2863 1650; x_wconf 78' lang='grc' dir='ltr'>διακονίας</span> <span class='ocrx_word' id='word_1_225' title='bbox 2895 1586 3174 1656; x_wconf 81' lang='grc' dir='ltr'><strong>ὑπηρέτης</strong></span> <span class='ocrx_word' id='word_1_226' title='bbox 3207 1585 3554 1640; x_wconf 77' lang='grc' dir='ltr'>καθίσταται·</span> 
     </span>
    </p>
   </div>
   <div class='ocr_carea' id='block_1_32' title="bbox 1992 1671 3554 1745">
    <p class='ocr_par' dir='ltr' id='par_1_32' title="bbox 1992 1671 3554 1745">
     <span class='ocr_line' id='line_1_32' title="bbox 1992 1671 3554 1745; baseline 0.003 -22"><span class='ocrx_word' id='word_1_227' title='bbox 1992 1673 2088 1725; x_wconf 73' lang='grc' dir='ltr'>καὶ</span> <span class='ocrx_word' id='word_1_228' title='bbox 2115 1671 2273 1723; x_wconf 90' lang='grc' dir='ltr'>τοῦτο</span> <span class='ocrx_word' id='word_1_229' title='bbox 2300 1671 2378 1736; x_wconf 79' lang='grc' dir='ltr'><strong>δὲ,</strong></span> <span class='ocrx_word' id='word_1_230' title='bbox 2405 1672 2505 1742; x_wconf 82' lang='grc' dir='ltr'>τὴν</span> <span class='ocrx_word' id='word_1_231' title='bbox 2555 1674 2762 1728; x_wconf 77' lang='grc' dir='ltr'>ἔνδοσιν</span> <span class='ocrx_word' id='word_1_232' title='bbox 2811 1675 3108 1744; x_wconf 80' lang='grc' dir='ltr'>λαμϐάνων</span> <span class='ocrx_word' id='word_1_233' title='bbox 3157 1675 3288 1745; x_wconf 82' lang='grc' dir='ltr'>παρ’</span> <span class='ocrx_word' id='word_1_234' title='bbox 3341 1677 3554 1743; x_wconf 79' lang='grc' dir='ltr'><strong>ἱερέως,</strong></span> 
     </span>
    </p>
   </div>
   <div class='ocr_carea' id='block_1_33' title="bbox 1987 1762 3557 1836">
    <p class='ocr_par' dir='ltr' id='par_1_33' title="bbox 1987 1762 3557 1836">
     <span class='ocr_line' id='line_1_33' title="bbox 1987 1762 3557 1836; baseline 0.002 -22"><span class='ocrx_word' id='word_1_235' title='bbox 1987 1762 2081 1815; x_wconf 73' lang='grc' dir='ltr'>καὶ</span> <span class='ocrx_word' id='word_1_236' title='bbox 2115 1762 2176 1815; x_wconf 82' lang='grc' dir='ltr'><strong>οὐ</strong></span> <span class='ocrx_word' id='word_1_237' title='bbox 2205 1763 2334 1832; x_wconf 74' lang='grc' dir='ltr'>παρ’</span> <span class='ocrx_word' id='word_1_238' title='bbox 2371 1762 2592 1818; x_wconf 82' lang='grc' dir='ltr'>ἑαυτοῦ.</span> <span class='ocrx_word' id='word_1_239' title='bbox 2629 1765 3016 1836; x_wconf 80' lang='grc' dir='ltr'>Λειτουργικδς</span> <span class='ocrx_word' id='word_1_240' title='bbox 3047 1767 3179 1836; x_wconf 89' lang='grc' dir='ltr'>γάρ.</span> <span class='ocrx_word' id='word_1_241' title='bbox 3211 1766 3414 1828; x_wconf 81' lang='grc' dir='ltr'>Κλίνας</span> <span class='ocrx_word' id='word_1_242' title='bbox 3445 1765 3557 1818; x_wconf 85' lang='grc' dir='ltr'>τοί-</span> 
     </span>
    </p>
   </div>
   <div class='ocr_carea' id='block_1_34' title="bbox 303 1829 1893 1929">
    <p class='ocr_par' dir='ltr' id='par_1_34' title="bbox 303 1829 1884 1917">
     <span class='ocr_line' id='line_1_34' title="bbox 303 1829 1884 1917; baseline 0.015 -38"><span class='ocrx_word' id='word_1_243' title='bbox 303 1843 465 1896; x_wconf 90' lang='lat' dir='ltr'><strong>quam</strong></span> <span class='ocrx_word' id='word_1_244' title='bbox 491 1829 655 1900; x_wconf 79' lang='lat' dir='ltr'><strong>igitur</strong></span> <span class='ocrx_word' id='word_1_245' title='bbox 687 1848 826 1903; x_wconf 61' lang='lat' dir='ltr'><strong>genu</strong></span> <span class='ocrx_word' id='word_1_246' title='bbox 865 1833 1094 1900; x_wconf 80' lang='lat' dir='ltr'><strong>ﬂexerit,</strong></span> <span class='ocrx_word' id='word_1_247' title='bbox 1145 1848 1197 1894; x_wconf 89' lang='lat' dir='ltr'><strong>et</strong></span> <span class='ocrx_word' id='word_1_248' title='bbox 1244 1856 1412 1896; x_wconf 64' lang='lat' dir='ltr'><strong>sacrae</strong></span> <span class='ocrx_word' id='word_1_249' title='bbox 1457 1859 1658 1900; x_wconf 67' lang='lat' dir='ltr'><strong>mensae</strong></span> <span class='ocrx_word' id='word_1_250' title='bbox 1706 1849 1884 1917; x_wconf 86' lang='lat' dir='ltr'><strong>capite</strong></span> 
     </span>
    </p>
   </div>
   <div class='ocr_carea' id='block_1_35' title="bbox 1981 1829 3557 1929">
    <p class='ocr_par' dir='ltr' id='par_1_35' title="bbox 1988 1829 3557 1929">
     <span class='ocr_line' id='line_1_35' title="bbox 1988 1829 3557 1929; baseline 0.003 -26"><span class='ocrx_word' id='word_1_251' title='bbox 1988 1869 2082 1904; x_wconf 89' lang='grc' dir='ltr'><strong>νυν</strong></span> <span class='ocrx_word' id='word_1_252' title='bbox 2123 1852 2180 1906; x_wconf 80' lang='grc' dir='ltr'><strong>τὸ</strong></span> <span class='ocrx_word' id='word_1_253' title='bbox 2207 1829 2359 1919; x_wconf 82' lang='grc' dir='ltr'>γόνυ,</span> <span class='ocrx_word' id='word_1_254' title='bbox 2391 1857 2486 1908; x_wconf 70' lang='grc' dir='ltr'>καὶ</span> <span class='ocrx_word' id='word_1_255' title='bbox 2523 1858 2588 1925; x_wconf 87' lang='grc' dir='ltr'>τῇ</span> <span class='ocrx_word' id='word_1_256' title='bbox 2641 1829 2892 1929; x_wconf 62' lang='grc' dir='ltr'>τραπέξῂ</span> <span class='ocrx_word' id='word_1_257' title='bbox 2923 1858 2988 1925; x_wconf 81' lang='grc' dir='ltr'>τῇ</span> <span class='ocrx_word' id='word_1_258' title='bbox 3041 1829 3163 1927; x_wconf 65' lang='grc' dir='ltr'><strong>ιὲρᾷ</strong></span> <span class='ocrx_word' id='word_1_259' title='bbox 3195 1858 3557 1928; x_wconf 82' lang='grc' dir='ltr'>προσερείσας</span> 
     </span>
    </p>
   </div>
   <div class='ocr_carea' id='block_1_36' title="bbox 305 1923 1877 2003">
    <p class='ocr_par' dir='ltr' id='par_1_36' title="bbox 305 1923 1877 2003">
     <span class='ocr_line' id='line_1_36' title="bbox 305 1923 1877 2003; baseline 0.011 -28"><span class='ocrx_word' id='word_1_260' title='bbox 305 1923 637 1987; x_wconf 89' lang='lat' dir='ltr'><strong>incubuerit,</strong></span> <span class='ocrx_word' id='word_1_261' title='bbox 675 1940 742 1980; x_wconf 91' lang='lat' dir='ltr'><strong>eo</strong></span> <span class='ocrx_word' id='word_1_262' title='bbox 771 1928 919 1995; x_wconf 86' lang='lat' dir='ltr'><strong>quod</strong></span> <span class='ocrx_word' id='word_1_263' title='bbox 964 1929 1078 1997; x_wconf 89' lang='lat' dir='ltr'><strong>ipsa</strong></span> <span class='ocrx_word' id='word_1_264' title='bbox 1115 1930 1394 1987; x_wconf 88' lang='lat' dir='ltr'><strong>Christum</strong></span> <span class='ocrx_word' id='word_1_265' title='bbox 1459 1936 1731 2003; x_wconf 82' lang='lat' dir='ltr'><strong>signiﬁcat</strong></span> <span class='ocrx_word' id='word_1_266' title='bbox 1759 1955 1877 1994; x_wconf 90' lang='lat' dir='ltr'><strong>om-</strong></span> 
     </span>
    </p>
   </div>
   <div class='ocr_carea' id='block_1_37' title="bbox 304 2014 1876 2098">
    <p class='ocr_par' dir='ltr' id='par_1_37' title="bbox 304 2014 1876 2098">
     <span class='ocr_line' id='line_1_37' title="bbox 304 2014 1876 2098; baseline 0.013 -34"><span class='ocrx_word' id='word_1_267' title='bbox 304 2014 450 2067; x_wconf 90' lang='lat' dir='ltr'><strong>nium</strong></span> <span class='ocrx_word' id='word_1_268' title='bbox 477 2024 659 2084; x_wconf 84' lang='lat' dir='ltr'><strong>caput,</strong></span> <span class='ocrx_word' id='word_1_269' title='bbox 682 2025 737 2071; x_wconf 91' lang='lat' dir='ltr'><strong>et</strong></span> <span class='ocrx_word' id='word_1_270' title='bbox 763 2019 814 2072; x_wconf 88' lang='lat' dir='ltr'><strong>itt</strong></span> <span class='ocrx_word' id='word_1_271' title='bbox 859 2019 975 2088; x_wconf 82' lang='lat' dir='ltr'><strong>ipsa</strong></span> <span class='ocrx_word' id='word_1_272' title='bbox 1015 2029 1100 2076; x_wconf 83' lang='lat' dir='ltr'><strong>est</strong></span> <span class='ocrx_word' id='word_1_273' title='bbox 1154 2034 1489 2089; x_wconf 83' lang='lat' dir='ltr'><strong>unguentum</strong></span> <span class='ocrx_word' id='word_1_274' title='bbox 1543 2029 1876 2098; x_wconf 84' lang='lat' dir='ltr'><strong>chrismatis,</strong></span> 
     </span>
    </p>
   </div>
   <div class='ocr_carea' id='block_1_38' title="bbox 303 2105 1875 2188">
    <p class='ocr_par' dir='ltr' id='par_1_38' title="bbox 303 2105 1875 2188">
     <span class='ocr_line' id='line_1_38' title="bbox 303 2105 1875 2188; baseline 0.01 -30"><span class='ocrx_word' id='word_1_275' title='bbox 303 2105 540 2174; x_wconf 85' lang='lat' dir='ltr'><strong>Spiritus</strong></span> <span class='ocrx_word' id='word_1_276' title='bbox 571 2109 768 2177; x_wconf 79' lang='lat' dir='ltr'><strong>gratia,</strong></span> <span class='ocrx_word' id='word_1_277' title='bbox 804 2112 1059 2182; x_wconf 85' lang='lat' dir='ltr'><strong>mysteria</strong></span> <span class='ocrx_word' id='word_1_278' title='bbox 1086 2130 1326 2185; x_wconf 85' lang='lat' dir='ltr'><strong>quoque,</strong></span> <span class='ocrx_word' id='word_1_279' title='bbox 1384 2119 1673 2188; x_wconf 82' lang='lat' dir='ltr'><strong>ipsiusntet</strong></span> <span class='ocrx_word' id='word_1_280' title='bbox 1723 2121 1875 2187; x_wconf 81' lang='lat' dir='ltr'><strong>Jesu,</strong></span> 
     </span>
    </p>
   </div>
   <div class='ocr_carea' id='block_1_39' title="bbox 305 2200 1878 2280">
    <p class='ocr_par' dir='ltr' id='par_1_39' title="bbox 305 2200 1878 2280">
     <span class='ocr_line' id='line_1_39' title="bbox 305 2200 1878 2280; baseline 0.013 -30"><span class='ocrx_word' id='word_1_281' title='bbox 305 2200 584 2268; x_wconf 91' lang='lat' dir='ltr'><strong>proposita</strong></span> <span class='ocrx_word' id='word_1_282' title='bbox 620 2211 748 2258; x_wconf 91' lang='lat' dir='ltr'><strong>tunc</strong></span> <span class='ocrx_word' id='word_1_283' title='bbox 782 2211 836 2258; x_wconf 90' lang='lat' dir='ltr'><strong>et</strong></span> <span class='ocrx_word' id='word_1_284' title='bbox 873 2213 1059 2274; x_wconf 87' lang='lat' dir='ltr'><strong>aperta</strong></span> <span class='ocrx_word' id='word_1_285' title='bbox 1093 2225 1107 2262; x_wconf 90' lang='lat'><strong>:</strong></span> <span class='ocrx_word' id='word_1_286' title='bbox 1154 2209 1594 2280; x_wconf 83' lang='lat' dir='ltr'><strong>quandoquidem</strong></span> <span class='ocrx_word' id='word_1_287' title='bbox 1652 2215 1878 2270; x_wconf 86' lang='lat' dir='ltr'><strong>adduci-</strong></span> 
     </span>
    </p>
   </div>
   <div class='ocr_carea' id='block_1_40' title="bbox 306 2291 1875 2378">
    <p class='ocr_par' dir='ltr' id='par_1_40' title="bbox 306 2291 1875 2378">
     <span class='ocr_line' id='line_1_40' title="bbox 306 2291 1875 2378; baseline 0.014 -35"><span class='ocrx_word' id='word_1_288' title='bbox 306 2301 394 2345; x_wconf 87' lang='lat' dir='ltr'><strong>tur</strong></span> <span class='ocrx_word' id='word_1_289' title='bbox 417 2291 669 2349; x_wconf 90' lang='lat' dir='ltr'><strong>minister</strong></span> <span class='ocrx_word' id='word_1_290' title='bbox 690 2295 763 2362; x_wconf 87' lang='lat' dir='ltr'><strong>ei,</strong></span> <span class='ocrx_word' id='word_1_291' title='bbox 797 2298 888 2364; x_wconf 91' lang='lat' dir='ltr'><strong>qui</strong></span> <span class='ocrx_word' id='word_1_292' title='bbox 935 2309 1154 2369; x_wconf 89' lang='lat' dir='ltr'><strong>propter</strong></span> <span class='ocrx_word' id='word_1_293' title='bbox 1211 2317 1310 2360; x_wconf 88' lang='lat' dir='ltr'><strong>nos</strong></span> <span class='ocrx_word' id='word_1_294' title='bbox 1366 2306 1706 2364; x_wconf 82' lang='lat' dir='ltr'><strong>sacriﬁcatus</strong></span> <span class='ocrx_word' id='word_1_295' title='bbox 1751 2318 1875 2378; x_wconf 89' lang='lat' dir='ltr'><strong>est;</strong></span> 
     </span>
    </p>
   </div>
   <div class='ocr_carea' id='block_1_41' title="bbox 303 2381 1874 2470">
    <p class='ocr_par' dir='ltr' id='par_1_41' title="bbox 303 2381 1874 2470">
     <span class='ocr_line' id='line_1_41' title="bbox 303 2381 1874 2470; baseline 0.011 -34"><span class='ocrx_word' id='word_1_296' title='bbox 303 2393 356 2438; x_wconf 87' lang='lat' dir='ltr'><strong>et</strong></span> <span class='ocrx_word' id='word_1_297' title='bbox 395 2383 570 2454; x_wconf 87' lang='lat' dir='ltr'><strong>ipsius</strong></span> <span class='ocrx_word' id='word_1_298' title='bbox 595 2388 819 2442; x_wconf 88' lang='lat' dir='ltr'><strong>oracula</strong></span> <span class='ocrx_word' id='word_1_299' title='bbox 851 2404 1052 2446; x_wconf 74' lang='lat' dir='ltr'><strong>mensa:</strong></span> <span class='ocrx_word' id='word_1_300' title='bbox 1092 2408 1214 2462; x_wconf 84' lang='lat' dir='ltr'><strong>quae</strong></span> <span class='ocrx_word' id='word_1_301' title='bbox 1256 2400 1374 2465; x_wconf 84' lang='lat' dir='ltr'><strong>ejus</strong></span> <span class='ocrx_word' id='word_1_302' title='bbox 1418 2381 1512 2454; x_wconf 86' lang='lat' dir='ltr'><strong>est</strong></span> <span class='ocrx_word' id='word_1_303' title='bbox 1563 2402 1874 2470; x_wconf 88' lang='lat' dir='ltr'><strong>sepulcrum</strong></span> 
     </span>
    </p>
   </div>
   <div class='ocr_carea' id='block_1_42' title="bbox 305 2473 1878 2554">
    <p class='ocr_par' dir='ltr' id='par_1_42' title="bbox 305 2473 1878 2554">
     <span class='ocr_line' id='line_1_42' title="bbox 305 2473 1878 2554; baseline 0.01 -28"><span class='ocrx_word' id='word_1_304' title='bbox 305 2473 559 2542; x_wconf 86' lang='lat' dir='ltr'><strong>imposita</strong></span> <span class='ocrx_word' id='word_1_305' title='bbox 601 2484 751 2540; x_wconf 91' lang='lat' dir='ltr'><strong>sunt,</strong></span> <span class='ocrx_word' id='word_1_306' title='bbox 782 2485 836 2532; x_wconf 90' lang='lat' dir='ltr'><strong>et</strong></span> <span class='ocrx_word' id='word_1_307' title='bbox 863 2479 1056 2535; x_wconf 88' lang='lat' dir='ltr'><strong>subtus</strong></span> <span class='ocrx_word' id='word_1_308' title='bbox 1089 2481 1230 2538; x_wconf 86' lang='lat' dir='ltr'><strong>hanc</strong></span> <span class='ocrx_word' id='word_1_309' title='bbox 1282 2484 1523 2554; x_wconf 85' lang='lat' dir='ltr'><strong>reliquiae</strong></span> <span class='ocrx_word' id='word_1_310' title='bbox 1574 2495 1701 2541; x_wconf 89' lang='lat' dir='ltr'><strong>sunt</strong></span> <span class='ocrx_word' id='word_1_311' title='bbox 1752 2503 1878 2542; x_wconf 85' lang='lat' dir='ltr'><strong>sau-</strong></span> 
     </span>
    </p>
   </div>
   <div class='ocr_carea' id='block_1_43' title="bbox 304 2569 1874 2642">
    <p class='ocr_par' dir='ltr' id='par_1_43' title="bbox 304 2569 1874 2642">
     <span class='ocr_line' id='line_1_43' title="bbox 304 2569 1874 2642; baseline 0.01 -28"><span class='ocrx_word' id='word_1_312' title='bbox 304 2573 518 2618; x_wconf 84' lang='lat' dir='ltr'><strong>ctorum</strong></span> <span class='ocrx_word' id='word_1_313' title='bbox 547 2572 846 2634; x_wconf 88' lang='lat' dir='ltr'><strong>martyrum</strong></span> <span class='ocrx_word' id='word_1_314' title='bbox 871 2582 1009 2636; x_wconf 93' lang='lat' dir='ltr'><strong>quos</strong></span> <span class='ocrx_word' id='word_1_315' title='bbox 1036 2569 1100 2624; x_wconf 85' lang='lat' dir='ltr'><strong>ad</strong></span> <span class='ocrx_word' id='word_1_316' title='bbox 1131 2569 1394 2626; x_wconf 81' lang='lat' dir='ltr'><strong>auxilium</strong></span> <span class='ocrx_word' id='word_1_317' title='bbox 1426 2573 1656 2642; x_wconf 91' lang='lat' dir='ltr'><strong>hymnus</strong></span> <span class='ocrx_word' id='word_1_318' title='bbox 1720 2574 1874 2629; x_wconf 88' lang='lat' dir='ltr'><strong>invo-</strong></span> 
     </span>
    </p>
   </div>
   <div class='ocr_carea' id='block_1_44' title="bbox 303 2655 1876 2735">
    <p class='ocr_par' dir='ltr' id='par_1_44' title="bbox 303 2655 1876 2735">
     <span class='ocr_line' id='line_1_44' title="bbox 303 2655 1876 2735; baseline 0.007 -28"><span class='ocrx_word' id='word_1_319' title='bbox 303 2655 447 2710; x_wconf 71' lang='lat' dir='ltr'><strong>cavit</strong></span> <span class='ocrx_word' id='word_1_320' title='bbox 475 2672 491 2722; x_wconf 90' lang='lat'>;</span> <span class='ocrx_word' id='word_1_321' title='bbox 521 2656 646 2725; x_wconf 88' lang='lat' dir='ltr'><strong>quia</strong></span> <span class='ocrx_word' id='word_1_322' title='bbox 667 2657 760 2726; x_wconf 88' lang='lat' dir='ltr'><strong>qui</strong></span> <span class='ocrx_word' id='word_1_323' title='bbox 787 2657 1079 2714; x_wconf 86' lang='lat' dir='ltr'><strong>adducitur</strong></span> <span class='ocrx_word' id='word_1_324' title='bbox 1111 2662 1380 2716; x_wconf 87' lang='lat' dir='ltr'><strong>electione</strong></span> <span class='ocrx_word' id='word_1_325' title='bbox 1445 2673 1654 2735; x_wconf 89' lang='lat' dir='ltr'><strong>martyr</strong></span> <span class='ocrx_word' id='word_1_326' title='bbox 1681 2673 1784 2730; x_wconf 91' lang='lat' dir='ltr'><strong>est,</strong></span> <span class='ocrx_word' id='word_1_327' title='bbox 1822 2672 1876 2718; x_wconf 92' lang='lat' dir='ltr'><strong>et</strong></span> 
     </span>
    </p>
   </div>
   <div class='ocr_carea' id='block_1_45' title="bbox 302 2749 1875 2823">
    <p class='ocr_par' dir='ltr' id='par_1_45' title="bbox 302 2749 1875 2823">
     <span class='ocr_line' id='line_1_45' title="bbox 302 2749 1875 2823; baseline 0.008 -23"><span class='ocrx_word' id='word_1_328' title='bbox 302 2750 468 2802; x_wconf 85' lang='lat' dir='ltr'><strong>vitam</strong></span> <span class='ocrx_word' id='word_1_329' title='bbox 498 2749 582 2818; x_wconf 92' lang='lat' dir='ltr'><strong>pie</strong></span> <span class='ocrx_word' id='word_1_330' title='bbox 612 2753 843 2821; x_wconf 81' lang='lat' dir='ltr'><strong>peregit,</strong></span> <span class='ocrx_word' id='word_1_331' title='bbox 881 2760 933 2806; x_wconf 91' lang='lat' dir='ltr'><strong>et</strong></span> <span class='ocrx_word' id='word_1_332' title='bbox 953 2768 1086 2822; x_wconf 91' lang='lat' dir='ltr'><strong>pure</strong></span> <span class='ocrx_word' id='word_1_333' title='bbox 1117 2764 1236 2823; x_wconf 91' lang='lat' dir='ltr'><strong>post</strong></span> <span class='ocrx_word' id='word_1_334' title='bbox 1270 2754 1502 2810; x_wconf 81' lang='lat' dir='ltr'><strong>frontem</strong></span> <span class='ocrx_word' id='word_1_335' title='bbox 1532 2772 1733 2812; x_wconf 67' lang='lat' dir='ltr'><strong>mensae</strong></span> <span class='ocrx_word' id='word_1_336' title='bbox 1765 2757 1875 2812; x_wconf 84' lang='lat' dir='ltr'><strong>alli-</strong></span> 
     </span>
    </p>
   </div>
   <div class='ocr_carea' id='block_1_46' title="bbox 304 2840 1872 2914">
    <p class='ocr_par' dir='ltr' id='par_1_46' title="bbox 304 2840 1872 2914">
     <span class='ocr_line' id='line_1_46' title="bbox 304 2840 1872 2914; baseline 0.006 -20"><span class='ocrx_word' id='word_1_337' title='bbox 304 2840 634 2898; x_wconf 84' lang='lat' dir='ltr'><strong>xachsum</strong></span> <span class='ocrx_word' id='word_1_338' title='bbox 698 2844 839 2914; x_wconf 88' lang='lat' dir='ltr'><strong>apud</strong></span> <span class='ocrx_word' id='word_1_339' title='bbox 872 2860 928 2900; x_wconf 88' lang='lat' dir='ltr'><strong>se</strong></span> <span class='ocrx_word' id='word_1_340' title='bbox 987 2845 1258 2901; x_wconf 84' lang='lat' dir='ltr'><strong>invocavit</strong></span> <span class='ocrx_word' id='word_1_341' title='bbox 1318 2848 1383 2902; x_wconf 91' lang='lat' dir='ltr'><strong>ad</strong></span> <span class='ocrx_word' id='word_1_342' title='bbox 1442 2848 1872 2904; x_wconf 85' lang='lat' dir='ltr'><strong>misericordiam</strong></span> 
     </span>
    </p>
   </div>
   <div class='ocr_carea' id='block_1_47' title="bbox 304 2934 1876 3004">
    <p class='ocr_par' dir='ltr' id='par_1_47' title="bbox 304 2934 1876 3004">
     <span class='ocr_line' id='line_1_47' title="bbox 304 2934 1876 3004; baseline 0.007 -17"><span class='ocrx_word' id='word_1_343' title='bbox 304 2934 474 3002; x_wconf 91' lang='lat' dir='ltr'><strong>ipsius</strong></span> <span class='ocrx_word' id='word_1_344' title='bbox 506 2934 608 2989; x_wconf 84' lang='lat' dir='ltr'><strong>sibi</strong></span> <span class='ocrx_word' id='word_1_345' title='bbox 632 2937 1054 3004; x_wconf 86' lang='lat' dir='ltr'><strong>conciliandam,</strong></span> <span class='ocrx_word' id='word_1_346' title='bbox 1084 2949 1137 2993; x_wconf 90' lang='lat' dir='ltr'><strong>et</strong></span> <span class='ocrx_word' id='word_1_347' title='bbox 1166 2939 1559 2996; x_wconf 84' lang='lat' dir='ltr'><strong>habitationem</strong></span> <span class='ocrx_word' id='word_1_348' title='bbox 1612 2941 1790 2996; x_wconf 88' lang='lat' dir='ltr'><strong>Patris</strong></span> <span class='ocrx_word' id='word_1_349' title='bbox 1823 2953 1876 2998; x_wconf 88' lang='lat' dir='ltr'><strong>et</strong></span> 
     </span>
    </p>
   </div>
   <div class='ocr_carea' id='block_1_48' title="bbox 305 3026 1874 3102">
    <p class='ocr_par' dir='ltr' id='par_1_48' title="bbox 305 3026 1874 3102">
     <span class='ocr_line' id='line_1_48' title="bbox 305 3026 1874 3102; baseline 0.006 -24"><span class='ocrx_word' id='word_1_350' title='bbox 305 3026 542 3094; x_wconf 89' lang='lat' dir='ltr'><strong>Spiritus</strong></span> <span class='ocrx_word' id='word_1_351' title='bbox 573 3029 1014 3095; x_wconf 87' lang='lat' dir='ltr'><strong>promerendam,</strong></span> <span class='ocrx_word' id='word_1_352' title='bbox 1056 3030 1287 3096; x_wconf 89' lang='lat' dir='ltr'><strong>suscipit</strong></span> <span class='ocrx_word' id='word_1_353' title='bbox 1316 3046 1483 3099; x_wconf 86' lang='lat' dir='ltr'><strong>supra</strong></span> <span class='ocrx_word' id='word_1_354' title='bbox 1544 3042 1708 3102; x_wconf 88' lang='lat' dir='ltr'><strong>caput</strong></span> <span class='ocrx_word' id='word_1_355' title='bbox 1755 3033 1874 3101; x_wconf 85' lang='lat' dir='ltr'><strong>epi-</strong></span> 
     </span>
    </p>
   </div>
   <div class='ocr_carea' id='block_1_49' title="bbox 303 3117 1873 3193">
    <p class='ocr_par' dir='ltr' id='par_1_49' title="bbox 303 3117 1873 3193">
     <span class='ocr_line' id='line_1_49' title="bbox 303 3117 1873 3193; baseline 0.004 -23"><span class='ocrx_word' id='word_1_356' title='bbox 303 3117 575 3186; x_wconf 87' lang='lat' dir='ltr'><strong>scopalem</strong></span> <span class='ocrx_word' id='word_1_357' title='bbox 602 3117 902 3183; x_wconf 81' lang='lat' dir='ltr'><strong>dexteram,</strong></span> <span class='ocrx_word' id='word_1_358' title='bbox 933 3134 1050 3188; x_wconf 66' lang='lat' dir='ltr'><strong>quae</strong></span> <span class='ocrx_word' id='word_1_359' title='bbox 1080 3120 1418 3176; x_wconf 87' lang='lat' dir='ltr'><strong>demonstrat</strong></span> <span class='ocrx_word' id='word_1_360' title='bbox 1449 3123 1636 3192; x_wconf 66' lang='lat' dir='ltr'><strong>gratiae</strong></span> <span class='ocrx_word' id='word_1_361' title='bbox 1657 3124 1873 3193; x_wconf 58' lang='lat' dir='ltr'><strong>,adum-</strong></span> 
     </span>
    </p>
   </div>
   <div class='ocr_carea' id='block_1_50' title="bbox 305 3206 1945 3284">
    <p class='ocr_par' dir='ltr' id='par_1_50' title="bbox 305 3206 1945 3284">
     <span class='ocr_line' id='line_1_50' title="bbox 305 3206 1945 3284; baseline 0.006 -24"><span class='ocrx_word' id='word_1_362' title='bbox 305 3206 632 3272; x_wconf 88' lang='lat' dir='ltr'><strong>brationem,</strong></span> <span class='ocrx_word' id='word_1_363' title='bbox 681 3216 736 3263; x_wconf 92' lang='lat' dir='ltr'><strong>et</strong></span> <span class='ocrx_word' id='word_1_364' title='bbox 795 3209 940 3274; x_wconf 76' lang='lat' dir='ltr'><strong>illius</strong></span> <span class='ocrx_word' id='word_1_365' title='bbox 1006 3226 1036 3263; x_wconf 88' lang='lat' dir='ltr'><strong>a</strong></span> <span class='ocrx_word' id='word_1_366' title='bbox 1109 3212 1329 3266; x_wconf 83' lang='lat' dir='ltr'><strong>Christo</strong></span> <span class='ocrx_word' id='word_1_367' title='bbox 1378 3207 1945 3284; x_wconf 82' lang='lat' dir='ltr'><strong>participationem,C</strong></span> 
     </span>
    </p>
   </div>
   <div class='ocr_carea' id='block_1_51' title="bbox 306 3297 1874 3376">
    <p class='ocr_par' dir='ltr' id='par_1_51' title="bbox 306 3297 1874 3376">
     <span class='ocr_line' id='line_1_51' title="bbox 306 3297 1874 3376; baseline 0.006 -26"><span class='ocrx_word' id='word_1_368' title='bbox 306 3297 749 3368; x_wconf 85' lang='lat' dir='ltr'><strong>quandoquidem</strong></span> <span class='ocrx_word' id='word_1_369' title='bbox 783 3310 838 3354; x_wconf 89' lang='lat' dir='ltr'><strong>et</strong></span> <span class='ocrx_word' id='word_1_370' title='bbox 873 3301 987 3370; x_wconf 83' lang='lat' dir='ltr'><strong>ipse</strong></span> <span class='ocrx_word' id='word_1_371' title='bbox 1020 3305 1278 3368; x_wconf 84' lang='lat' dir='ltr'><strong>apostolis</strong></span> <span class='ocrx_word' id='word_1_372' title='bbox 1314 3320 1507 3360; x_wconf 86' lang='lat' dir='ltr'><strong>manus</strong></span> <span class='ocrx_word' id='word_1_373' title='bbox 1531 3309 1874 3376; x_wconf 83' lang='lat' dir='ltr'><strong>imposuerit.</strong></span> 
     </span>
    </p>
   </div>
   <div class='ocr_carea' id='block_1_52' title="bbox 304 3391 1876 3463">
    <p class='ocr_par' dir='ltr' id='par_1_52' title="bbox 304 3391 1876 3463">
     <span class='ocr_line' id='line_1_52' title="bbox 304 3391 1876 3463; baseline 0.01 -24"><span class='ocrx_word' id='word_1_374' title='bbox 304 3391 426 3458; x_wconf 86' lang='lat' dir='ltr'><strong>Ipse</strong></span> <span class='ocrx_word' id='word_1_375' title='bbox 453 3391 651 3445; x_wconf 84' lang='lat' dir='ltr'><strong>ctenim</strong></span> <span class='ocrx_word' id='word_1_376' title='bbox 672 3391 892 3446; x_wconf 87' lang='lat' dir='ltr'><strong>elevans</strong></span> <span class='ocrx_word' id='word_1_377' title='bbox 920 3409 1131 3458; x_wconf 78' lang='lat' dir='ltr'><strong>manus,</strong></span> <span class='ocrx_word' id='word_1_378' title='bbox 1152 3396 1310 3461; x_wconf 75' lang='lat' dir='ltr'><strong>dixit,</strong></span> <span class='ocrx_word' id='word_1_379' title='bbox 1340 3415 1356 3448; x_wconf 77' lang='grc' dir='ltr'><strong>ι</strong></span> <span class='ocrx_word' id='word_1_380' title='bbox 1385 3397 1618 3452; x_wconf 61' lang='lat' dir='ltr'><strong>Benedic</strong></span> <span class='ocrx_word' id='word_1_381' title='bbox 1642 3415 1786 3463; x_wconf 67' lang='lat' dir='ltr'><strong>eos,»</strong></span> <span class='ocrx_word' id='word_1_382' title='bbox 1822 3410 1876 3455; x_wconf 88' lang='lat' dir='ltr'><strong>et</strong></span> 
     </span>
    </p>
   </div>
   <div class='ocr_carea' id='block_1_53' title="bbox 307 3480 1876 3556">
    <p class='ocr_par' dir='ltr' id='par_1_53' title="bbox 307 3480 1876 3556">
     <span class='ocr_line' id='line_1_53' title="bbox 307 3480 1876 3556; baseline 0.008 -22"><span class='ocrx_word' id='word_1_383' title='bbox 307 3480 546 3550; x_wconf 87' lang='lat' dir='ltr'><strong>Spiritus</strong></span> <span class='ocrx_word' id='word_1_384' title='bbox 579 3481 919 3538; x_wconf 86' lang='lat' dir='ltr'><strong>descendens</strong></span> <span class='ocrx_word' id='word_1_385' title='bbox 950 3487 1220 3554; x_wconf 88' lang='lat' dir='ltr'><strong>capitibus</strong></span> <span class='ocrx_word' id='word_1_386' title='bbox 1268 3504 1459 3542; x_wconf 90' lang='lat' dir='ltr'><strong>eorum</strong></span> <span class='ocrx_word' id='word_1_387' title='bbox 1501 3489 1731 3556; x_wconf 89' lang='lat' dir='ltr'><strong>insedit;</strong></span> <span class='ocrx_word' id='word_1_388' title='bbox 1756 3491 1876 3546; x_wconf 90' lang='lat' dir='ltr'><strong>ideo</strong></span> 
     </span>
    </p>
   </div>
   <div class='ocr_carea' id='block_1_54' title="bbox 305 3577 1873 3654">
    <p class='ocr_par' dir='ltr' id='par_1_54' title="bbox 305 3577 1873 3654">
     <span class='ocr_line' id='line_1_54' title="bbox 305 3577 1873 3654; baseline 0.01 -28"><span class='ocrx_word' id='word_1_389' title='bbox 305 3589 562 3630; x_wconf 88' lang='lat' dir='ltr'><strong>manuum</strong></span> <span class='ocrx_word' id='word_1_390' title='bbox 599 3577 949 3647; x_wconf 75' lang='lat' dir='ltr'><strong>itnposit’one</strong></span> <span class='ocrx_word' id='word_1_391' title='bbox 980 3581 1204 3648; x_wconf 80' lang='lat' dir='ltr'><strong>gratiam</strong></span> <span class='ocrx_word' id='word_1_392' title='bbox 1263 3596 1453 3638; x_wconf 89' lang='lat' dir='ltr'><strong>omnes</strong></span> <span class='ocrx_word' id='word_1_393' title='bbox 1512 3583 1873 3654; x_wconf 86' lang='lat' dir='ltr'><strong>accipiebant.</strong></span> 
     </span>
    </p>
   </div>
   <div class='ocr_carea' id='block_1_55' title="bbox 304 3664 1876 3737">
    <p class='ocr_par' dir='ltr' id='par_1_55' title="bbox 304 3664 1876 3737">
     <span class='ocr_line' id='line_1_55' title="bbox 304 3664 1876 3737; baseline 0.008 -19"><span class='ocrx_word' id='word_1_394' title='bbox 304 3664 370 3720; x_wconf 81' lang='lat' dir='ltr'><strong>Et</strong></span> <span class='ocrx_word' id='word_1_395' title='bbox 399 3667 541 3721; x_wconf 88' lang='lat' dir='ltr'><strong>sicut</strong></span> <span class='ocrx_word' id='word_1_396' title='bbox 573 3683 764 3724; x_wconf 88' lang='lat' dir='ltr'><strong>manus</strong></span> <span class='ocrx_word' id='word_1_397' title='bbox 791 3671 880 3725; x_wconf 87' lang='lat' dir='ltr'><strong>Dei</strong></span> <span class='ocrx_word' id='word_1_398' title='bbox 908 3688 1007 3727; x_wconf 90' lang='lat' dir='ltr'><strong>nos</strong></span> <span class='ocrx_word' id='word_1_399' title='bbox 1037 3683 1384 3737; x_wconf 82' lang='lat' dir='ltr'><strong>creaverunt,</strong></span> <span class='ocrx_word' id='word_1_400' title='bbox 1418 3676 1498 3730; x_wconf 90' lang='lat' dir='ltr'><strong>sic</strong></span> <span class='ocrx_word' id='word_1_401' title='bbox 1565 3692 1709 3731; x_wconf 90' lang='lat' dir='ltr'><strong>nunc</strong></span> <span class='ocrx_word' id='word_1_402' title='bbox 1759 3693 1876 3731; x_wconf 85' lang='lat' dir='ltr'><strong>ma-</strong></span> 
     </span>
    </p>
   </div>
   <div class='ocr_carea' id='block_1_56' title="bbox 305 3759 1872 3830">
    <p class='ocr_par' dir='ltr' id='par_1_56' title="bbox 305 3759 1872 3830">
     <span class='ocr_line' id='line_1_56' title="bbox 305 3759 1872 3830; baseline 0.006 -20"><span class='ocrx_word' id='word_1_403' title='bbox 305 3774 408 3812; x_wconf 87' lang='lat' dir='ltr'><strong>nus</strong></span> <span class='ocrx_word' id='word_1_404' title='bbox 460 3759 702 3830; x_wconf 88' lang='lat' dir='ltr'><strong>disponit</strong></span> <span class='ocrx_word' id='word_1_405' title='bbox 751 3763 814 3816; x_wconf 89' lang='lat' dir='ltr'><strong>ad</strong></span> <span class='ocrx_word' id='word_1_406' title='bbox 871 3764 1320 3820; x_wconf 83' lang='lat' dir='ltr'><strong>reformationem</strong></span> <span class='ocrx_word' id='word_1_407' title='bbox 1382 3775 1435 3820; x_wconf 84' lang='lat' dir='ltr'><strong>ct</strong></span> <span class='ocrx_word' id='word_1_408' title='bbox 1483 3767 1872 3822; x_wconf 88' lang='lat' dir='ltr'><strong>recreationem</strong></span> 
     </span>
    </p>
   </div>
   <div class='ocr_carea' id='block_1_57' title="bbox 305 3853 1874 3923">
    <p class='ocr_par' dir='ltr' id='par_1_57' title="bbox 305 3853 1874 3923">
     <span class='ocr_line' id='line_1_57' title="bbox 305 3853 1874 3923; baseline 0.003 -17"><span class='ocrx_word' id='word_1_409' title='bbox 305 3853 608 3908; x_wconf 89' lang='lat' dir='ltr'><strong>hominum.</strong></span> <span class='ocrx_word' id='word_1_410' title='bbox 637 3854 700 3908; x_wconf 88' lang='lat' dir='ltr'><strong>Et</strong></span> <span class='ocrx_word' id='word_1_411' title='bbox 729 3855 990 3923; x_wconf 87' lang='lat' dir='ltr'><strong>quoniam</strong></span> <span class='ocrx_word' id='word_1_412' title='bbox 1025 3875 1037 3912; x_wconf 84' lang='lat'><strong>:</strong></span> <span class='ocrx_word' id='word_1_413' title='bbox 1071 3873 1090 3909; x_wconf 81' lang='grc' dir='ltr'><strong>ι</strong></span> <span class='ocrx_word' id='word_1_414' title='bbox 1118 3857 1350 3913; x_wconf 69' lang='lat' dir='ltr'><strong>Dextera</strong></span> <span class='ocrx_word' id='word_1_415' title='bbox 1381 3857 1589 3913; x_wconf 89' lang='lat' dir='ltr'><strong>Domini</strong></span> <span class='ocrx_word' id='word_1_416' title='bbox 1616 3859 1739 3913; x_wconf 83' lang='lat' dir='ltr'><strong>fecit</strong></span> <span class='ocrx_word' id='word_1_417' title='bbox 1763 3858 1874 3912; x_wconf 65' lang='lat' dir='ltr'><strong>vir-</strong></span> 
     </span>
    </p>
   </div>
   <div class='ocr_carea' id='block_1_58' title="bbox 305 3945 1879 4013">
    <p class='ocr_par' dir='ltr' id='par_1_58' title="bbox 305 3945 1879 4013">
     <span class='ocr_line' id='line_1_58' title="bbox 305 3945 1879 4013; baseline 0.005 -21"><span class='ocrx_word' id='word_1_418' title='bbox 305 3952 510 4010; x_wconf 85' lang='lat' dir='ltr'><strong>tutem;</strong></span> <span class='ocrx_word' id='word_1_419' title='bbox 552 3952 604 3998; x_wconf 84' lang='lat' dir='ltr'><strong>et</strong></span> <span class='ocrx_word' id='word_1_420' title='bbox 628 3947 845 4000; x_wconf 73' lang='lat' dir='ltr'><strong>dextera</strong></span> <span class='ocrx_word' id='word_1_421' title='bbox 875 3945 1088 4009; x_wconf 87' lang='lat' dir='ltr'><strong>Domini</strong></span> <span class='ocrx_word' id='word_1_422' title='bbox 1122 3950 1346 4013; x_wconf 85' lang='lat' dir='ltr'><strong>exaltat,</strong></span> <span class='ocrx_word' id='word_1_423' title='bbox 1371 3957 1425 4004; x_wconf 89' lang='lat' dir='ltr'><strong>et</strong></span> <span class='ocrx_word' id='word_1_424' title='bbox 1450 3949 1672 4004; x_wconf 80' lang='lat' dir='ltr'><strong>dextera</strong></span> <span class='ocrx_word' id='word_1_425' title='bbox 1697 3948 1879 4002; x_wconf 89' lang='lat' dir='ltr'><strong>Domi-</strong></span> 
     </span>
    </p>
   </div>
   <div class='ocr_carea' id='block_1_59' title="bbox 305 4035 1872 4111">
    <p class='ocr_par' dir='ltr' id='par_1_59' title="bbox 305 4035 1872 4111">
     <span class='ocr_line' id='line_1_59' title="bbox 305 4035 1872 4111; baseline 0.004 -23"><span class='ocrx_word' id='word_1_426' title='bbox 305 4037 356 4088; x_wconf 92' lang='lat' dir='ltr'><strong>ni</strong></span> <span class='ocrx_word' id='word_1_427' title='bbox 378 4035 678 4104; x_wconf 72' lang='lat' dir='ltr'><strong>gloriﬁcata</strong></span> <span class='ocrx_word' id='word_1_428' title='bbox 697 4047 781 4092; x_wconf 89' lang='lat' dir='ltr'><strong>est</strong></span> <span class='ocrx_word' id='word_1_429' title='bbox 813 4039 865 4092; x_wconf 90' lang='lat' dir='ltr'><strong>in</strong></span> <span class='ocrx_word' id='word_1_430' title='bbox 899 4040 1098 4095; x_wconf 85' lang='lat' dir='ltr'><strong>virtute</strong></span> <span class='ocrx_word' id='word_1_431' title='bbox 1128 4057 1143 4108; x_wconf 88' lang='lat'><strong>;</strong></span> <span class='ocrx_word' id='word_1_432' title='bbox 1177 4059 1196 4093; x_wconf 77' lang='grc' dir='ltr'><strong>ι</strong></span> <span class='ocrx_word' id='word_1_433' title='bbox 1219 4042 1481 4108; x_wconf 89' lang='lat' dir='ltr'><strong>scriptum</strong></span> <span class='ocrx_word' id='word_1_434' title='bbox 1501 4057 1717 4111; x_wconf 91' lang='lat' dir='ltr'><strong>quoque</strong></span> <span class='ocrx_word' id='word_1_435' title='bbox 1743 4049 1824 4096; x_wconf 89' lang='lat' dir='ltr'><strong>est</strong></span> <span class='ocrx_word' id='word_1_436' title='bbox 1859 4059 1872 4094; x_wconf 89' lang='lat'><strong>:</strong></span> 
     </span>
    </p>
   </div>
   <div class='ocr_carea' id='block_1_60' title="bbox 309 4129 1876 4194">
    <p class='ocr_par' dir='ltr' id='par_1_60' title="bbox 309 4129 1876 4194">
     <span class='ocr_line' id='line_1_60' title="bbox 309 4129 1876 4194; baseline 0.006 -15"><span class='ocrx_word' id='word_1_437' title='bbox 309 4146 331 4179; x_wconf 73' lang='grc' dir='ltr'><strong>ι</strong></span> <span class='ocrx_word' id='word_1_438' title='bbox 368 4129 596 4184; x_wconf 79' lang='lat' dir='ltr'><strong>Dextera</strong></span> <span class='ocrx_word' id='word_1_439' title='bbox 631 4140 742 4193; x_wconf 90' lang='lat' dir='ltr'><strong>tua,</strong></span> <span class='ocrx_word' id='word_1_440' title='bbox 775 4139 830 4185; x_wconf 92' lang='lat' dir='ltr'><strong>ct</strong></span> <span class='ocrx_word' id='word_1_441' title='bbox 871 4131 1155 4186; x_wconf 89' lang='lat' dir='ltr'><strong>brachium</strong></span> <span class='ocrx_word' id='word_1_442' title='bbox 1205 4142 1358 4187; x_wconf 92' lang='lat' dir='ltr'><strong>tuum</strong></span> <span class='ocrx_word' id='word_1_443' title='bbox 1391 4132 1560 4190; x_wconf 85' lang='lat' dir='ltr'><strong>Filius</strong></span> <span class='ocrx_word' id='word_1_444' title='bbox 1590 4131 1791 4194; x_wconf 86' lang='lat' dir='ltr'><strong>Patris,</strong></span> <span class='ocrx_word' id='word_1_445' title='bbox 1823 4141 1876 4188; x_wconf 88' lang='lat' dir='ltr'><strong>et</strong></span> 
     </span>
    </p>
   </div>
   <div class='ocr_carea' id='block_1_61' title="bbox 305 4221 1875 4294">
    <p class='ocr_par' dir='ltr' id='par_1_61' title="bbox 305 4221 1875 4294">
     <span class='ocr_line' id='line_1_61' title="bbox 305 4221 1875 4294; baseline 0.005 -22"><span class='ocrx_word' id='word_1_446' title='bbox 305 4221 636 4276; x_wconf 85' lang='lat' dir='ltr'><strong>illuminatio</strong></span> <span class='ocrx_word' id='word_1_447' title='bbox 669 4221 822 4278; x_wconf 85' lang='lat' dir='ltr'><strong>laciei</strong></span> <span class='ocrx_word' id='word_1_448' title='bbox 864 4233 988 4289; x_wconf 69' lang='lat' dir='ltr'><strong>ttae,</strong></span> <span class='ocrx_word' id='word_1_449' title='bbox 1025 4224 1261 4292; x_wconf 84' lang='lat' dir='ltr'><strong>Spiritus</strong></span> <span class='ocrx_word' id='word_1_450' title='bbox 1294 4235 1518 4280; x_wconf 87' lang='lat' dir='ltr'><strong>sanctus</strong></span> <span class='ocrx_word' id='word_1_451' title='bbox 1548 4242 1563 4292; x_wconf 87' lang='lat'><strong>;</strong></span> <span class='ocrx_word' id='word_1_452' title='bbox 1613 4226 1732 4294; x_wconf 91' lang='lat' dir='ltr'><strong>ipsa</strong></span> <span class='ocrx_word' id='word_1_453' title='bbox 1791 4241 1875 4280; x_wconf 90' lang='lat' dir='ltr'><strong>me</strong></span> 
     </span>
    </p>
   </div>
   <div class='ocr_carea' id='block_1_62' title="bbox 303 4303 1870 4370">
    <p class='ocr_par' dir='ltr' id='par_1_62' title="bbox 303 4303 1870 4370">
     <span class='ocr_line' id='line_1_62' title="bbox 303 4303 1870 4370; baseline 0.005 -8"><span class='ocrx_word' id='word_1_454' title='bbox 303 4311 647 4366; x_wconf 76' lang='lat' dir='ltr'><strong>deduxerunt</strong></span> <span class='ocrx_word' id='word_1_455' title='bbox 700 4321 754 4368; x_wconf 86' lang='lat' dir='ltr'><strong>et</strong></span> <span class='ocrx_word' id='word_1_456' title='bbox 815 4303 1160 4367; x_wconf 79' lang='lat' dir='ltr'><strong>adduxerunt</strong></span> <span class='ocrx_word' id='word_1_457' title='bbox 1228 4317 1280 4368; x_wconf 93' lang='lat' dir='ltr'><strong>in</strong></span> <span class='ocrx_word' id='word_1_458' title='bbox 1338 4325 1576 4370; x_wconf 85' lang='lat' dir='ltr'><strong>montem</strong></span> <span class='ocrx_word' id='word_1_459' title='bbox 1625 4325 1870 4370; x_wconf 87' lang='lat' dir='ltr'><strong>sanctum</strong></span> 
     </span>
    </p>
   </div>
   <div class='ocr_carea' id='block_1_63' title="bbox 305 4405 1875 4471">
    <p class='ocr_par' dir='ltr' id='par_1_63' title="bbox 305 4405 1875 4471">
     <span class='ocr_line' id='line_1_63' title="bbox 305 4405 1875 4471; baseline 0.005 -16"><span class='ocrx_word' id='word_1_460' title='bbox 305 4412 484 4467; x_wconf 90' lang='lat' dir='ltr'><strong>tuum,</strong></span> <span class='ocrx_word' id='word_1_461' title='bbox 510 4405 674 4457; x_wconf 82' lang='lat' dir='ltr'><strong>altam</strong></span> <span class='ocrx_word' id='word_1_462' title='bbox 703 4405 846 4458; x_wconf 90' lang='lat' dir='ltr'><strong>illam</strong></span> <span class='ocrx_word' id='word_1_463' title='bbox 879 4414 932 4458; x_wconf 84' lang='lat' dir='ltr'><strong>et</strong></span> <span class='ocrx_word' id='word_1_464' title='bbox 960 4405 1237 4460; x_wconf 69' lang='lat' dir='ltr'><strong>caelestem</strong></span> <span class='ocrx_word' id='word_1_465' title='bbox 1287 4405 1584 4460; x_wconf 85' lang='lat' dir='ltr'><strong>Ecclesiam</strong></span> <span class='ocrx_word' id='word_1_466' title='bbox 1618 4416 1787 4471; x_wconf 88' lang='lat' dir='ltr'><strong>tuam,</strong></span> <span class='ocrx_word' id='word_1_467' title='bbox 1822 4418 1875 4463; x_wconf 90' lang='lat' dir='ltr'><strong>et</strong></span> 
     </span>
    </p>
   </div>
   <div class='ocr_carea' id='block_1_64' title="bbox 1983 1945 3550 2018">
    <p class='ocr_par' dir='ltr' id='par_1_64' title="bbox 1983 1945 3550 2018">
     <span class='ocr_line' id='line_1_64' title="bbox 1983 1945 3550 2018; baseline 0.004 -23"><span class='ocrx_word' id='word_1_468' title='bbox 1983 1946 2082 2012; x_wconf 84' lang='grc' dir='ltr'><strong>τὴν</strong></span> <span class='ocrx_word' id='word_1_469' title='bbox 2136 1945 2404 2015; x_wconf 76' lang='grc' dir='ltr'>κεφαλὴν,</span> <span class='ocrx_word' id='word_1_470' title='bbox 2437 1947 2518 1999; x_wconf 73' lang='grc' dir='ltr'>ὅτι</span> <span class='ocrx_word' id='word_1_471' title='bbox 2553 1945 2692 2018; x_wconf 73' lang='grc' dir='ltr'>αὕτη</span> <span class='ocrx_word' id='word_1_472' title='bbox 2745 1950 2835 2001; x_wconf 77' lang='grc' dir='ltr'><strong>τὸν</strong></span> <span class='ocrx_word' id='word_1_473' title='bbox 2879 1948 3113 2017; x_wconf 79' lang='grc' dir='ltr'>Χριστὸν</span> <span class='ocrx_word' id='word_1_474' title='bbox 3145 1949 3399 2018; x_wconf 82' lang='grc' dir='ltr'>σημαίνει</span> <span class='ocrx_word' id='word_1_475' title='bbox 3449 1949 3550 2018; x_wconf 69' lang='grc' dir='ltr'>τὴν</span> 
     </span>
    </p>
   </div>
   <div class='ocr_carea' id='block_1_65' title="bbox 1982 2037 3554 2114">
    <p class='ocr_par' dir='ltr' id='par_1_65' title="bbox 1982 2037 3554 2114">
     <span class='ocr_line' id='line_1_65' title="bbox 1982 2037 3554 2114; baseline 0.003 -24"><span class='ocrx_word' id='word_1_476' title='bbox 1982 2037 2094 2090; x_wconf 83' lang='grc' dir='ltr'><strong>τῶν</strong></span> <span class='ocrx_word' id='word_1_477' title='bbox 2124 2037 2380 2092; x_wconf 80' lang='grc' dir='ltr'>ἁπάντων</span> <span class='ocrx_word' id='word_1_478' title='bbox 2407 2039 2672 2107; x_wconf 80' lang='grc' dir='ltr'>κεφαλὴν,</span> <span class='ocrx_word' id='word_1_479' title='bbox 2698 2042 2790 2094; x_wconf 68' lang='grc' dir='ltr'><strong>καὶ</strong></span> <span class='ocrx_word' id='word_1_480' title='bbox 2824 2042 2880 2094; x_wconf 83' lang='grc' dir='ltr'>ὲν</span> <span class='ocrx_word' id='word_1_481' title='bbox 2913 2041 3050 2112; x_wconf 73' lang='grc' dir='ltr'>αὐτῇ</span> <span class='ocrx_word' id='word_1_482' title='bbox 3075 2043 3135 2094; x_wconf 71' lang='grc' dir='ltr'>τὸ</span> <span class='ocrx_word' id='word_1_483' title='bbox 3179 2041 3352 2111; x_wconf 76' lang='grc' dir='ltr'>μύρον</span> <span class='ocrx_word' id='word_1_484' title='bbox 3395 2043 3428 2114; x_wconf 77' lang='grc' dir='ltr'>ἡ</span> <span class='ocrx_word' id='word_1_485' title='bbox 3455 2042 3554 2110; x_wconf 83' lang='grc' dir='ltr'><strong>χά-</strong></span> 
     </span>
    </p>
   </div>
   <div class='ocr_carea' id='block_1_66' title="bbox 1985 2127 3548 2202">
    <p class='ocr_par' dir='ltr' id='par_1_66' title="bbox 1985 2127 3548 2202">
     <span class='ocr_line' id='line_1_66' title="bbox 1985 2127 3548 2202; baseline 0.003 -22"><span class='ocrx_word' id='word_1_486' title='bbox 1985 2146 2073 2198; x_wconf 91' lang='grc' dir='ltr'><strong>ρις</strong></span> <span class='ocrx_word' id='word_1_487' title='bbox 2107 2127 2204 2181; x_wconf 83' lang='grc' dir='ltr'><strong>τοῦ</strong></span> <span class='ocrx_word' id='word_1_488' title='bbox 2234 2129 2575 2199; x_wconf 73' lang='grc' dir='ltr'>Πνεῦματος,</span> <span class='ocrx_word' id='word_1_489' title='bbox 2610 2131 2702 2184; x_wconf 79' lang='grc' dir='ltr'>καὶ</span> <span class='ocrx_word' id='word_1_490' title='bbox 2737 2131 2803 2184; x_wconf 82' lang='grc' dir='ltr'>τὰ</span> <span class='ocrx_word' id='word_1_491' title='bbox 2860 2133 3139 2202; x_wconf 81' lang='grc' dir='ltr'>μυστήρια</span> <span class='ocrx_word' id='word_1_492' title='bbox 3172 2131 3250 2197; x_wconf 77' lang='grc' dir='ltr'><strong>δὲ,</strong></span> <span class='ocrx_word' id='word_1_493' title='bbox 3282 2133 3444 2195; x_wconf 71' lang='grc' dir='ltr'>αὐτὸς</span> <span class='ocrx_word' id='word_1_494' title='bbox 3484 2132 3548 2195; x_wconf 83' lang='grc' dir='ltr'><strong>δὴ</strong></span> 
     </span>
    </p>
   </div>
   <div class='ocr_carea' id='block_1_67' title="bbox 1979 2219 3552 2294">
    <p class='ocr_par' dir='ltr' id='par_1_67' title="bbox 1979 2219 3552 2294">
     <span class='ocr_line' id='line_1_67' title="bbox 1979 2219 3552 2294; baseline 0.001 -20"><span class='ocrx_word' id='word_1_495' title='bbox 1979 2221 2008 2274; x_wconf 97' lang='lat'><strong>6</strong></span> <span class='ocrx_word' id='word_1_496' title='bbox 2033 2219 2267 2290; x_wconf 74' lang='grc' dir='ltr'>Ἰησοῦς,</span> <span class='ocrx_word' id='word_1_497' title='bbox 2294 2222 2632 2292; x_wconf 83' lang='grc' dir='ltr'>προκείμενα</span> <span class='ocrx_word' id='word_1_498' title='bbox 2662 2224 2783 2276; x_wconf 87' lang='grc' dir='ltr'>τότε</span> <span class='ocrx_word' id='word_1_499' title='bbox 2834 2225 2930 2278; x_wconf 81' lang='grc' dir='ltr'>καὶ</span> <span class='ocrx_word' id='word_1_500' title='bbox 2956 2226 3399 2294; x_wconf 82' lang='grc' dir='ltr'>άπερικάλυπτα,</span> <span class='ocrx_word' id='word_1_501' title='bbox 3431 2225 3552 2277; x_wconf 69' lang='grc' dir='ltr'>ἐπεὶ</span> 
     </span>
    </p>
   </div>
   <div class='ocr_carea' id='block_1_68' title="bbox 1980 2312 3548 2388">
    <p class='ocr_par' dir='ltr' id='par_1_68' title="bbox 1980 2312 3548 2388">
     <span class='ocr_line' id='line_1_68' title="bbox 1980 2312 3548 2388; baseline 0.003 -24"><span class='ocrx_word' id='word_1_502' title='bbox 1980 2313 2076 2366; x_wconf 77' lang='grc' dir='ltr'><strong>καὶ</strong></span> <span class='ocrx_word' id='word_1_503' title='bbox 2105 2312 2255 2382; x_wconf 70' lang='grc' dir='ltr'>αὐτῷ</span> <span class='ocrx_word' id='word_1_504' title='bbox 2282 2314 2625 2384; x_wconf 79' lang='grc' dir='ltr'>προσάγεται</span> <span class='ocrx_word' id='word_1_505' title='bbox 2663 2315 2994 2386; x_wconf 84' lang='grc' dir='ltr'>λειτουργῶν</span> <span class='ocrx_word' id='word_1_506' title='bbox 3044 2317 3120 2388; x_wconf 83' lang='grc' dir='ltr'>τῷ</span> <span class='ocrx_word' id='word_1_507' title='bbox 3156 2319 3225 2372; x_wconf 80' lang='grc' dir='ltr'><strong>δι’</strong></span> <span class='ocrx_word' id='word_1_508' title='bbox 3281 2319 3427 2386; x_wconf 80' lang='grc' dir='ltr'>ἡμᾶς</span> <span class='ocrx_word' id='word_1_509' title='bbox 3464 2337 3548 2370; x_wconf 72' lang='grc' dir='ltr'>τῖ-</span> 
     </span>
    </p>
   </div>
   <div class='ocr_carea' id='block_1_69' title="bbox 1981 2402 3550 2481">
    <p class='ocr_par' dir='ltr' id='par_1_69' title="bbox 1981 2402 3550 2481">
     <span class='ocr_line' id='line_1_69' title="bbox 1981 2402 3550 2481; baseline 0.003 -25"><span class='ocrx_word' id='word_1_510' title='bbox 1981 2402 2225 2474; x_wconf 86' lang='grc' dir='ltr'>θυμένῳ,</span> <span class='ocrx_word' id='word_1_511' title='bbox 2258 2406 2453 2460; x_wconf 76' lang='grc' dir='ltr'>καὶτὰ</span> <span class='ocrx_word' id='word_1_512' title='bbox 2497 2407 2652 2474; x_wconf 85' lang='grc' dir='ltr'>λόγια</span> <span class='ocrx_word' id='word_1_513' title='bbox 2708 2409 2902 2462; x_wconf 73' lang='grc' dir='ltr'>τούτου</span> <span class='ocrx_word' id='word_1_514' title='bbox 2961 2411 3018 2463; x_wconf 79' lang='grc' dir='ltr'>ἐν</span> <span class='ocrx_word' id='word_1_515' title='bbox 3057 2413 3124 2481; x_wconf 75' lang='grc' dir='ltr'>τῇ</span> <span class='ocrx_word' id='word_1_516' title='bbox 3170 2409 3416 2480; x_wconf 76' lang='grc' dir='ltr'>τραπέζῃ</span> <span class='ocrx_word' id='word_1_517' title='bbox 3474 2409 3550 2478; x_wconf 82' lang='grc' dir='ltr'>τῷ</span> 
     </span>
    </p>
   </div>
   <div class='ocr_carea' id='block_1_70' title="bbox 1981 2498 3550 2570">
    <p class='ocr_par' dir='ltr' id='par_1_70' title="bbox 1981 2498 3550 2570">
     <span class='ocr_line' id='line_1_70' title="bbox 1981 2498 3550 2570; baseline 0.002 -21"><span class='ocrx_word' id='word_1_518' title='bbox 1981 2498 2148 2550; x_wconf 80' lang='grc' dir='ltr'>αὐτοῦ</span> <span class='ocrx_word' id='word_1_519' title='bbox 2196 2499 2465 2568; x_wconf 83' lang='grc' dir='ltr'>μνήματι,</span> <span class='ocrx_word' id='word_1_520' title='bbox 2517 2503 2612 2554; x_wconf 67' lang='grc' dir='ltr'><strong>καὶ</strong></span> <span class='ocrx_word' id='word_1_521' title='bbox 2657 2501 2918 2555; x_wconf 77' lang='grc' dir='ltr'>ὑποκάτω</span> <span class='ocrx_word' id='word_1_522' title='bbox 2963 2503 3171 2570; x_wconf 82' lang='grc' dir='ltr'>ταύτης</span> <span class='ocrx_word' id='word_1_523' title='bbox 3223 2501 3292 2554; x_wconf 87' lang='grc' dir='ltr'>τὰ</span> <span class='ocrx_word' id='word_1_524' title='bbox 3320 2502 3550 2569; x_wconf 85' lang='grc' dir='ltr'>λείψανα</span> 
     </span>
    </p>
   </div>
   <div class='ocr_carea' id='block_1_71' title="bbox 1979 2589 3551 2664">
    <p class='ocr_par' dir='ltr' id='par_1_71' title="bbox 1979 2589 3551 2664">
     <span class='ocr_line' id='line_1_71' title="bbox 1979 2589 3551 2664; baseline 0.002 -22"><span class='ocrx_word' id='word_1_525' title='bbox 1979 2589 2089 2642; x_wconf 86' lang='grc' dir='ltr'><strong>τῶν</strong></span> <span class='ocrx_word' id='word_1_526' title='bbox 2126 2591 2447 2660; x_wconf 85' lang='grc' dir='ltr'>μαρτύρων,</span> <span class='ocrx_word' id='word_1_527' title='bbox 2500 2591 2594 2655; x_wconf 74' lang='grc' dir='ltr'><strong>οὓς</strong></span> <span class='ocrx_word' id='word_1_528' title='bbox 2621 2593 2685 2662; x_wconf 80' lang='grc' dir='ltr'><strong>δὴ</strong></span> <span class='ocrx_word' id='word_1_529' title='bbox 2733 2594 2825 2646; x_wconf 72' lang='grc' dir='ltr'>καὶ</span> <span class='ocrx_word' id='word_1_530' title='bbox 2878 2596 3014 2664; x_wconf 74' lang='grc' dir='ltr'>πρὸς</span> <span class='ocrx_word' id='word_1_531' title='bbox 3053 2593 3276 2663; x_wconf 80' lang='grc' dir='ltr'>ἀρωγὴν</span> <span class='ocrx_word' id='word_1_532' title='bbox 3311 2595 3338 2646; x_wconf 85' lang='lat'><strong>6</strong></span> <span class='ocrx_word' id='word_1_533' title='bbox 3381 2592 3551 2662; x_wconf 87' lang='grc' dir='ltr'>ῦμνος</span> 
     </span>
    </p>
   </div>
   <div class='ocr_carea' id='block_1_72' title="bbox 1978 2681 3549 2755">
    <p class='ocr_par' dir='ltr' id='par_1_72' title="bbox 1978 2681 3549 2755">
     <span class='ocr_line' id='line_1_72' title="bbox 1978 2681 3549 2755; baseline 0.001 -22"><span class='ocrx_word' id='word_1_534' title='bbox 1978 2681 2375 2739; x_wconf 75' lang='grc' dir='ltr'>ἐπεκαλέσατο.</span> <span class='ocrx_word' id='word_1_535' title='bbox 2406 2683 2545 2755; x_wconf 13' lang='grc' dir='ltr'>ᾲὊτι</span> <span class='ocrx_word' id='word_1_536' title='bbox 2580 2685 2674 2737; x_wconf 74' lang='grc' dir='ltr'>καὶ</span> <span class='ocrx_word' id='word_1_537' title='bbox 2711 2687 2737 2737; x_wconf 89' lang='lat'><strong>6</strong></span> <span class='ocrx_word' id='word_1_538' title='bbox 2765 2687 3173 2755; x_wconf 82' lang='grc' dir='ltr'>προσαγόμενος</span> <span class='ocrx_word' id='word_1_539' title='bbox 3232 2686 3444 2755; x_wconf 80' lang='grc' dir='ltr'>μάρτυς</span> <span class='ocrx_word' id='word_1_540' title='bbox 3482 2686 3549 2754; x_wconf 78' lang='grc' dir='ltr'>τῇ</span> 
     </span>
    </p>
   </div>
   <div class='ocr_carea' id='block_1_73' title="bbox 1985 2753 3613 2848">
    <p class='ocr_par' dir='ltr' id='par_1_73' title="bbox 1985 2775 3613 2848">
     <span class='ocr_line' id='line_1_73' title="bbox 1985 2775 3613 2848; baseline 0.001 -21"><span class='ocrx_word' id='word_1_541' title='bbox 1985 2775 2311 2844; x_wconf 82' lang='grc' dir='ltr'>προαιρέσει</span> <span class='ocrx_word' id='word_1_542' title='bbox 2369 2776 2608 2840; x_wconf 73' lang='grc' dir='ltr'>εὐσεϐῶς</span> <span class='ocrx_word' id='word_1_543' title='bbox 2669 2779 3127 2848; x_wconf 83' lang='grc' dir='ltr'>πολιτευσάμενος</span> <span class='ocrx_word' id='word_1_544' title='bbox 3185 2778 3282 2832; x_wconf 80' lang='grc' dir='ltr'>καὶ</span> <span class='ocrx_word' id='word_1_545' title='bbox 3343 2777 3541 2846; x_wconf 79' lang='grc' dir='ltr'>ἁγνῶς,</span> <span class='ocrx_word' id='word_1_546' title='bbox 3608 2820 3613 2824; x_wconf 95' lang='grc'>.</span> 
     </span>
    </p>
   </div>
   <div class='ocr_carea' id='block_1_74' title="bbox 1980 2867 3549 2941">
    <p class='ocr_par' dir='ltr' id='par_1_74' title="bbox 1980 2867 3549 2941">
     <span class='ocr_line' id='line_1_74' title="bbox 1980 2867 3549 2941; baseline 0.001 -22"><span class='ocrx_word' id='word_1_547' title='bbox 1980 2869 2116 2938; x_wconf 70' lang='grc' dir='ltr'>μετά</span> <span class='ocrx_word' id='word_1_548' title='bbox 2149 2867 2244 2921; x_wconf 87' lang='grc' dir='ltr'><strong>τοῦ</strong></span> <span class='ocrx_word' id='word_1_549' title='bbox 2274 2869 2480 2938; x_wconf 80' lang='grc' dir='ltr'>ἐρεῖσαι</span> <span class='ocrx_word' id='word_1_550' title='bbox 2507 2869 2566 2920; x_wconf 79' lang='grc' dir='ltr'><strong>τὸ</strong></span> <span class='ocrx_word' id='word_1_551' title='bbox 2605 2871 2855 2936; x_wconf 82' lang='grc' dir='ltr'>μέτωπον</span> <span class='ocrx_word' id='word_1_552' title='bbox 2889 2873 2954 2941; x_wconf 83' lang='grc' dir='ltr'>τῇ</span> <span class='ocrx_word' id='word_1_553' title='bbox 2983 2871 3231 2941; x_wconf 76' lang='grc' dir='ltr'>τραπέζῃ</span> <span class='ocrx_word' id='word_1_554' title='bbox 3260 2871 3381 2924; x_wconf 81' lang='grc' dir='ltr'>καθ’</span> <span class='ocrx_word' id='word_1_555' title='bbox 3424 2872 3549 2923; x_wconf 79' lang='grc' dir='ltr'>ἐαυ-</span> 
     </span>
    </p>
   </div>
   <div class='ocr_carea' id='block_1_75' title="bbox 1976 2959 3550 3030">
    <p class='ocr_par' dir='ltr' id='par_1_75' title="bbox 1976 2959 3550 3030">
     <span class='ocr_line' id='line_1_75' title="bbox 1976 2959 3550 3030; baseline 0.001 -18"><span class='ocrx_word' id='word_1_556' title='bbox 1976 2961 2066 3012; x_wconf 63' lang='grc' dir='ltr'>τὶν</span> <span class='ocrx_word' id='word_1_557' title='bbox 2101 2961 2190 3013; x_wconf 72' lang='grc' dir='ltr'>τὸν</span> <span class='ocrx_word' id='word_1_558' title='bbox 2213 2959 2426 3030; x_wconf 76' lang='grc' dir='ltr'>Ἰησοῦν</span> <span class='ocrx_word' id='word_1_559' title='bbox 2471 2963 2551 3024; x_wconf 83' lang='grc' dir='ltr'><strong>είς</strong></span> <span class='ocrx_word' id='word_1_560' title='bbox 2582 2961 2730 3015; x_wconf 77' lang='grc' dir='ltr'>ἔλεον</span> <span class='ocrx_word' id='word_1_561' title='bbox 2759 2963 2957 3017; x_wconf 78' lang='grc' dir='ltr'>ἑαυτοῦ</span> <span class='ocrx_word' id='word_1_562' title='bbox 3000 2965 3094 3016; x_wconf 79' lang='grc' dir='ltr'>καὶ</span> <span class='ocrx_word' id='word_1_563' title='bbox 3141 2964 3422 3018; x_wconf 83' lang='grc' dir='ltr'>κατοικίαν</span> <span class='ocrx_word' id='word_1_564' title='bbox 3457 2962 3550 3027; x_wconf 72' lang='grc' dir='ltr'><strong>σὺν</strong></span> 
     </span>
    </p>
   </div>
   <div class='ocr_carea' id='block_1_76' title="bbox 1980 3053 3550 3124">
    <p class='ocr_par' dir='ltr' id='par_1_76' title="bbox 1980 3053 3550 3124">
     <span class='ocr_line' id='line_1_76' title="bbox 1980 3053 3550 3124; baseline 0.001 -20"><span class='ocrx_word' id='word_1_565' title='bbox 1980 3053 2153 3122; x_wconf 78' lang='lat' dir='ltr'><strong>Ilath</strong></span> <span class='ocrx_word' id='word_1_566' title='bbox 2195 3055 2289 3107; x_wconf 67' lang='grc' dir='ltr'><strong>καλ⁸</strong></span> <span class='ocrx_word' id='word_1_567' title='bbox 2326 3054 2606 3112; x_wconf 75' lang='grc' dir='ltr'>Πνεῦματι</span> <span class='ocrx_word' id='word_1_568' title='bbox 2640 3055 3092 3122; x_wconf 72' lang='grc' dir='ltr'>ἐπικαλούμενος,</span> <span class='ocrx_word' id='word_1_569' title='bbox 3149 3055 3251 3124; x_wconf 73' lang='grc' dir='ltr'><strong>τὴν</strong></span> <span class='ocrx_word' id='word_1_570' title='bbox 3285 3054 3550 3124; x_wconf 82' lang='grc' dir='ltr'>ἀρχιερα-</span> 
     </span>
    </p>
   </div>
   <div class='ocr_carea' id='block_1_77' title="bbox 1980 3144 3550 3223">
    <p class='ocr_par' dir='ltr' id='par_1_77' title="bbox 1980 3144 3550 3223">
     <span class='ocr_line' id='line_1_77' title="bbox 1980 3144 3550 3223; baseline 0.003 -28"><span class='ocrx_word' id='word_1_571' title='bbox 1980 3144 2135 3212; x_wconf 80' lang='grc' dir='ltr'>τικὴν</span> <span class='ocrx_word' id='word_1_572' title='bbox 2168 3146 2352 3199; x_wconf 80' lang='grc' dir='ltr'>ἐπάνω</span> <span class='ocrx_word' id='word_1_573' title='bbox 2386 3147 2483 3213; x_wconf 80' lang='grc' dir='ltr'>τῆς</span> <span class='ocrx_word' id='word_1_574' title='bbox 2509 3146 2754 3215; x_wconf 79' lang='grc' dir='ltr'>κεφαλῆς</span> <span class='ocrx_word' id='word_1_575' title='bbox 2802 3147 3347 3223; x_wconf 19' lang='grc' dir='ltr'>ὲπιδέχεταιιδεξιάν,</span> <span class='ocrx_word' id='word_1_576' title='bbox 3388 3147 3550 3216; x_wconf 80' lang='grc' dir='ltr'>ἦδει-</span> 
     </span>
    </p>
   </div>
   <div class='ocr_carea' id='block_1_78' title="bbox 1981 3235 3548 3307">
    <p class='ocr_par' dir='ltr' id='par_1_78' title="bbox 1981 3235 3548 3307">
     <span class='ocr_line' id='line_1_78' title="bbox 1981 3235 3548 3307; baseline 0.002 -21"><span class='ocrx_word' id='word_1_577' title='bbox 1981 3235 2137 3288; x_wconf 85' lang='grc' dir='ltr'>κνύει</span> <span class='ocrx_word' id='word_1_578' title='bbox 2178 3235 2238 3288; x_wconf 80' lang='grc' dir='ltr'>τὸ</span> <span class='ocrx_word' id='word_1_579' title='bbox 2263 3235 2590 3300; x_wconf 81' lang='grc' dir='ltr'>ὲπισκιάζον</span> <span class='ocrx_word' id='word_1_580' title='bbox 2624 3237 2725 3306; x_wconf 81' lang='grc' dir='ltr'><strong>τῆς</strong></span> <span class='ocrx_word' id='word_1_581' title='bbox 2765 3237 3011 3307; x_wconf 85' lang='grc' dir='ltr'>χάριτος,</span> <span class='ocrx_word' id='word_1_582' title='bbox 3055 3237 3152 3291; x_wconf 84' lang='grc' dir='ltr'>καὶ</span> <span class='ocrx_word' id='word_1_583' title='bbox 3194 3237 3256 3290; x_wconf 76' lang='grc' dir='ltr'>τὸ</span> <span class='ocrx_word' id='word_1_584' title='bbox 3316 3237 3548 3290; x_wconf 73' lang='grc' dir='ltr'>ἀπὸτοῦ</span> 
     </span>
    </p>
   </div>
   <div class='ocr_carea' id='block_1_79' title="bbox 1979 3327 3550 3396">
    <p class='ocr_par' dir='ltr' id='par_1_79' title="bbox 1979 3327 3550 3396">
     <span class='ocr_line' id='line_1_79' title="bbox 1979 3327 3550 3396; baseline 0.001 -18"><span class='ocrx_word' id='word_1_585' title='bbox 1979 3327 2220 3396; x_wconf 80' lang='grc' dir='ltr'>Χριστοῦ</span> <span class='ocrx_word' id='word_1_586' title='bbox 2251 3328 2609 3395; x_wconf 79' lang='grc' dir='ltr'>μεταδοτικόν</span> <span class='ocrx_word' id='word_1_587' title='bbox 2630 3346 2642 3358; x_wconf 89' lang='grc'><strong>·</strong></span> <span class='ocrx_word' id='word_1_588' title='bbox 2673 3331 2794 3382; x_wconf 76' lang='grc' dir='ltr'>ἐπεὶ</span> <span class='ocrx_word' id='word_1_589' title='bbox 2828 3331 2921 3384; x_wconf 76' lang='grc' dir='ltr'><strong>καὶ</strong></span> <span class='ocrx_word' id='word_1_590' title='bbox 2955 3331 3065 3393; x_wconf 82' lang='grc' dir='ltr'>τοῖς</span> <span class='ocrx_word' id='word_1_591' title='bbox 3097 3330 3420 3392; x_wconf 81' lang='grc' dir='ltr'>ἀποστόλοις</span> <span class='ocrx_word' id='word_1_592' title='bbox 3453 3329 3550 3391; x_wconf 71' lang='grc' dir='ltr'><strong>τὰς</strong></span> 
     </span>
    </p>
   </div>
   <div class='ocr_carea' id='block_1_80' title="bbox 1981 3419 3546 3492">
    <p class='ocr_par' dir='ltr' id='par_1_80' title="bbox 1981 3419 3546 3492">
     <span class='ocr_line' id='line_1_80' title="bbox 1981 3419 3546 3492; baseline 0.003 -23"><span class='ocrx_word' id='word_1_593' title='bbox 1981 3419 2169 3488; x_wconf 83' lang='grc' dir='ltr'>χεῖρας</span> <span class='ocrx_word' id='word_1_594' title='bbox 2206 3420 2466 3487; x_wconf 74' lang='grc' dir='ltr'>ἐπέθηκε.</span> <span class='ocrx_word' id='word_1_595' title='bbox 2492 3420 2600 3473; x_wconf 85' lang='lat' dir='ltr'><strong>Kal</strong></span> <span class='ocrx_word' id='word_1_596' title='bbox 2633 3421 2798 3484; x_wconf 74' lang='grc' dir='ltr'>αὐτὸς</span> <span class='ocrx_word' id='word_1_597' title='bbox 2830 3421 2940 3492; x_wconf 73' lang='grc' dir='ltr'>γὰρ</span> <span class='ocrx_word' id='word_1_598' title='bbox 2966 3423 3177 3492; x_wconf 61' lang='grc' dir='ltr'>ἐπάρας</span> <span class='ocrx_word' id='word_1_599' title='bbox 3211 3425 3307 3486; x_wconf 80' lang='grc' dir='ltr'><strong>τάς</strong></span> <span class='ocrx_word' id='word_1_600' title='bbox 3341 3426 3546 3492; x_wconf 71' lang='grc' dir='ltr'>χεῖρας,</span> 
     </span>
    </p>
   </div>
   <div class='ocr_carea' id='block_1_81' title="bbox 1980 3510 3551 3585">
    <p class='ocr_par' dir='ltr' id='par_1_81' title="bbox 1980 3510 3551 3585">
     <span class='ocr_line' id='line_1_81' title="bbox 1980 3510 3551 3585; baseline 0.002 -23"><span class='ocrx_word' id='word_1_601' title='bbox 1980 3512 2170 3579; x_wconf 73' lang='grc' dir='ltr'>φησὶν,</span> <span class='ocrx_word' id='word_1_602' title='bbox 2194 3529 2212 3560; x_wconf 78' lang='grc' dir='ltr'><strong>ι</strong></span> <span class='ocrx_word' id='word_1_603' title='bbox 2237 3510 2547 3578; x_wconf 76' lang='grc' dir='ltr'>Εὑλόγησον</span> <span class='ocrx_word' id='word_1_604' title='bbox 2567 3513 2781 3576; x_wconf 75' lang='grc' dir='ltr'>αὐτούς.</span> <span class='ocrx_word' id='word_1_605' title='bbox 2799 3532 2816 3565; x_wconf 68' lang='grc' dir='ltr'><strong>ι</strong></span> <span class='ocrx_word' id='word_1_606' title='bbox 2841 3513 2944 3566; x_wconf 75' lang='grc' dir='ltr'><strong>Καὶ</strong></span> <span class='ocrx_word' id='word_1_607' title='bbox 2967 3514 3027 3567; x_wconf 72' lang='grc' dir='ltr'>τὸ</span> <span class='ocrx_word' id='word_1_608' title='bbox 3046 3513 3265 3585; x_wconf 82' lang='grc' dir='ltr'>Πνεῦμα</span> <span class='ocrx_word' id='word_1_609' title='bbox 3286 3516 3339 3568; x_wconf 75' lang='grc' dir='ltr'>δὲ</span> <span class='ocrx_word' id='word_1_610' title='bbox 3363 3514 3551 3566; x_wconf 81' lang='grc' dir='ltr'>κατελ-</span> 
     </span>
    </p>
   </div>
   <div class='ocr_carea' id='block_1_82' title="bbox 1981 3601 3546 3680">
    <p class='ocr_par' dir='ltr' id='par_1_82' title="bbox 1981 3601 3546 3680">
     <span class='ocr_line' id='line_1_82' title="bbox 1981 3601 3546 3680; baseline 0.004 -28"><span class='ocrx_word' id='word_1_611' title='bbox 1981 3601 2095 3665; x_wconf 80' lang='grc' dir='ltr'>θὸν,</span> <span class='ocrx_word' id='word_1_612' title='bbox 2131 3605 2250 3665; x_wconf 87' lang='grc' dir='ltr'>ταῖς</span> <span class='ocrx_word' id='word_1_613' title='bbox 2309 3605 2576 3672; x_wconf 80' lang='grc' dir='ltr'>κεφαλαῖς</span> <span class='ocrx_word' id='word_1_614' title='bbox 2624 3606 2804 3658; x_wconf 80' lang='grc' dir='ltr'>αὐτῶν</span> <span class='ocrx_word' id='word_1_615' title='bbox 2836 3607 3152 3661; x_wconf 82' lang='grc' dir='ltr'>ὲπεκάθισε.</span> <span class='ocrx_word' id='word_1_616' title='bbox 3212 3608 3302 3660; x_wconf 82' lang='grc' dir='ltr'>Διὸ</span> <span class='ocrx_word' id='word_1_617' title='bbox 3359 3607 3450 3660; x_wconf 73' lang='grc' dir='ltr'>καὶ</span> <span class='ocrx_word' id='word_1_618' title='bbox 3481 3610 3546 3680; x_wconf 76' lang='grc' dir='ltr'>τῇ</span> 
     </span>
    </p>
   </div>
   <div class='ocr_carea' id='block_1_83' title="bbox 1979 3694 3542 3768">
    <p class='ocr_par' dir='ltr' id='par_1_83' title="bbox 1979 3694 3542 3768">
     <span class='ocr_line' id='line_1_83' title="bbox 1979 3694 3542 3768; baseline 0.004 -24"><span class='ocrx_word' id='word_1_619' title='bbox 1979 3694 2088 3746; x_wconf 83' lang='grc' dir='ltr'><strong>τῶν</strong></span> <span class='ocrx_word' id='word_1_620' title='bbox 2119 3695 2320 3762; x_wconf 82' lang='grc' dir='ltr'>χειρῶν</span> <span class='ocrx_word' id='word_1_621' title='bbox 2364 3696 2602 3750; x_wconf 79' lang='grc' dir='ltr'>ἐπιθέσει</span> <span class='ocrx_word' id='word_1_622' title='bbox 2634 3697 2834 3760; x_wconf 87' lang='grc' dir='ltr'>πάντες</span> <span class='ocrx_word' id='word_1_623' title='bbox 2862 3699 2963 3768; x_wconf 75' lang='grc' dir='ltr'>τὴν</span> <span class='ocrx_word' id='word_1_624' title='bbox 3022 3699 3184 3767; x_wconf 82' lang='grc' dir='ltr'>χάριν</span> <span class='ocrx_word' id='word_1_625' title='bbox 3215 3699 3542 3768; x_wconf 75' lang='grc' dir='ltr'>ἐλάμϐανον.</span> 
     </span>
    </p>
   </div>
   <div class='ocr_carea' id='block_1_84' title="bbox 1978 3782 3547 3857">
    <p class='ocr_par' dir='ltr' id='par_1_84' title="bbox 1978 3782 3547 3857">
     <span class='ocr_line' id='line_1_84' title="bbox 1978 3782 3547 3857; baseline 0.003 -23"><span class='ocrx_word' id='word_1_626' title='bbox 1978 3782 2086 3835; x_wconf 74' lang='grc' dir='ltr'><strong>Καὶ</strong></span> <span class='ocrx_word' id='word_1_627' title='bbox 2119 3783 2312 3853; x_wconf 82' lang='grc' dir='ltr'>ὥσπερ</span> <span class='ocrx_word' id='word_1_628' title='bbox 2346 3785 2400 3836; x_wconf 87' lang='grc' dir='ltr'>αἱ</span> <span class='ocrx_word' id='word_1_629' title='bbox 2435 3787 2618 3856; x_wconf 89' lang='grc' dir='ltr'>χεῖρες</span> <span class='ocrx_word' id='word_1_630' title='bbox 2653 3786 2788 3840; x_wconf 86' lang='grc' dir='ltr'>Θεοῦ</span> <span class='ocrx_word' id='word_1_631' title='bbox 2817 3789 2965 3857; x_wconf 81' lang='grc' dir='ltr'>ἡμᾶς</span> <span class='ocrx_word' id='word_1_632' title='bbox 2999 3787 3260 3850; x_wconf 81' lang='grc' dir='ltr'>ἔπλασαν,</span> <span class='ocrx_word' id='word_1_633' title='bbox 3309 3790 3401 3841; x_wconf 74' lang='grc' dir='ltr'>καὶ</span> <span class='ocrx_word' id='word_1_634' title='bbox 3454 3788 3547 3838; x_wconf 74' lang='grc' dir='ltr'><strong>νῦν</strong></span> 
     </span>
    </p>
   </div>
   <div class='ocr_carea' id='block_1_85' title="bbox 1979 3874 3545 3948">
    <p class='ocr_par' dir='ltr' id='par_1_85' title="bbox 1979 3874 3545 3948">
     <span class='ocr_line' id='line_1_85' title="bbox 1979 3874 3545 3948; baseline 0.004 -23"><span class='ocrx_word' id='word_1_635' title='bbox 1979 3874 2103 3944; x_wconf 66' lang='grc' dir='ltr'>χεὶρ</span> <span class='ocrx_word' id='word_1_636' title='bbox 2155 3874 2494 3945; x_wconf 78' lang='grc' dir='ltr'>ἐξοικονομεῖ</span> <span class='ocrx_word' id='word_1_637' title='bbox 2538 3877 2676 3946; x_wconf 79' lang='grc' dir='ltr'>πρὸς</span> <span class='ocrx_word' id='word_1_638' title='bbox 2723 3877 3034 3932; x_wconf 82' lang='grc' dir='ltr'>ἀνάπλασιν</span> <span class='ocrx_word' id='word_1_639' title='bbox 3079 3880 3188 3930; x_wconf 83' lang='grc' dir='ltr'><strong>τῶν</strong></span> <span class='ocrx_word' id='word_1_640' title='bbox 3223 3879 3545 3948; x_wconf 62' lang='grc' dir='ltr'>ἀνθρώπων).</span> 
     </span>
    </p>
   </div>
   <div class='ocr_carea' id='block_1_86' title="bbox 1977 3967 3548 4042">
    <p class='ocr_par' dir='ltr' id='par_1_86' title="bbox 1977 3967 3548 4042">
     <span class='ocr_line' id='line_1_86' title="bbox 1977 3967 3548 4042; baseline 0.003 -24"><span class='ocrx_word' id='word_1_641' title='bbox 1977 3967 2088 4019; x_wconf 81' lang='grc' dir='ltr'><strong>Καὶ</strong></span> <span class='ocrx_word' id='word_1_642' title='bbox 2128 3967 2213 4019; x_wconf 84' lang='grc' dir='ltr'><strong>ὅτι</strong></span> <span class='ocrx_word' id='word_1_643' title='bbox 2241 3986 2259 4018; x_wconf 74' lang='grc' dir='ltr'><strong>ι</strong></span> <span class='ocrx_word' id='word_1_644' title='bbox 2289 3967 2450 4033; x_wconf 80' lang='grc' dir='ltr'>Δεξιά</span> <span class='ocrx_word' id='word_1_645' title='bbox 2473 3970 2678 4039; x_wconf 85' lang='grc' dir='ltr'>Κυρίου</span> <span class='ocrx_word' id='word_1_646' title='bbox 2711 3971 2933 4039; x_wconf 76' lang='grc' dir='ltr'>ἐποίησε</span> <span class='ocrx_word' id='word_1_647' title='bbox 2979 3971 3231 4042; x_wconf 84' lang='grc' dir='ltr'>δύναμιν,</span> <span class='ocrx_word' id='word_1_648' title='bbox 3275 3972 3368 4024; x_wconf 69' lang='grc' dir='ltr'><strong>καὶ</strong></span> <span class='ocrx_word' id='word_1_649' title='bbox 3401 3969 3548 4034; x_wconf 79' lang='grc' dir='ltr'>δεξεὰ</span> 
     </span>
    </p>
   </div>
   <div class='ocr_carea' id='block_1_87' title="bbox 1978 4060 3549 4134">
    <p class='ocr_par' dir='ltr' id='par_1_87' title="bbox 1978 4060 3549 4134">
     <span class='ocr_line' id='line_1_87' title="bbox 1978 4060 3549 4134; baseline 0.001 -21"><span class='ocrx_word' id='word_1_650' title='bbox 1978 4060 2185 4130; x_wconf 84' lang='grc' dir='ltr'>Κυρίου</span> <span class='ocrx_word' id='word_1_651' title='bbox 2240 4061 2384 4130; x_wconf 71' lang='grc' dir='ltr'>ὑψοῖ,</span> <span class='ocrx_word' id='word_1_652' title='bbox 2430 4063 2525 4115; x_wconf 70' lang='grc' dir='ltr'>καὶ</span> <span class='ocrx_word' id='word_1_653' title='bbox 2585 4065 2618 4132; x_wconf 80' lang='grc' dir='ltr'><strong>ὴ</strong></span> <span class='ocrx_word' id='word_1_654' title='bbox 2656 4062 2803 4127; x_wconf 78' lang='grc' dir='ltr'>δεξιά</span> <span class='ocrx_word' id='word_1_655' title='bbox 2853 4064 3060 4134; x_wconf 79' lang='grc' dir='ltr'>Κυρίου</span> <span class='ocrx_word' id='word_1_656' title='bbox 3133 4065 3442 4128; x_wconf 79' lang='grc' dir='ltr'>δεδόξασται</span> <span class='ocrx_word' id='word_1_657' title='bbox 3491 4067 3549 4115; x_wconf 83' lang='grc' dir='ltr'><strong>ἐν</strong></span> 
     </span>
    </p>
   </div>
   <div class='ocr_carea' id='block_1_88' title="bbox 1980 4151 3547 4226">
    <p class='ocr_par' dir='ltr' id='par_1_88' title="bbox 1980 4151 3547 4226">
     <span class='ocr_line' id='line_1_88' title="bbox 1980 4151 3547 4226; baseline 0.003 -23"><span class='ocrx_word' id='word_1_658' title='bbox 1980 4151 2142 4221; x_wconf 82' lang='grc' dir='ltr'>ίσχύι,</span> <span class='ocrx_word' id='word_1_659' title='bbox 2166 4170 2184 4203; x_wconf 75' lang='grc' dir='ltr'><strong>ι</strong></span> <span class='ocrx_word' id='word_1_660' title='bbox 2209 4152 2519 4221; x_wconf 82' lang='grc' dir='ltr'>γέγραπται</span> <span class='ocrx_word' id='word_1_661' title='bbox 2548 4155 2664 4217; x_wconf 70' lang='grc' dir='ltr'>καὶ,</span> <span class='ocrx_word' id='word_1_662' title='bbox 2689 4172 2707 4205; x_wconf 74' lang='grc' dir='ltr'><strong>ι</strong></span> <span class='ocrx_word' id='word_1_663' title='bbox 2740 4152 2805 4206; x_wconf 81' lang='grc' dir='ltr'><strong><em>Ἠ</em></strong></span> <span class='ocrx_word' id='word_1_664' title='bbox 2833 4154 2983 4220; x_wconf 78' lang='grc' dir='ltr'>δεξιά</span> <span class='ocrx_word' id='word_1_665' title='bbox 3013 4172 3105 4208; x_wconf 89' lang='grc' dir='ltr'><strong>σου</strong></span> <span class='ocrx_word' id='word_1_666' title='bbox 3131 4157 3222 4209; x_wconf 74' lang='grc' dir='ltr'><strong>καὶ</strong></span> <span class='ocrx_word' id='word_1_667' title='bbox 3244 4159 3270 4208; x_wconf 87' lang='lat'><strong>6</strong></span> <span class='ocrx_word' id='word_1_668' title='bbox 3308 4156 3547 4226; x_wconf 84' lang='grc' dir='ltr'>βραχίων</span> 
     </span>
    </p>
   </div>
   <div class='ocr_carea' id='block_1_89' title="bbox 1978 4243 3547 4318">
    <p class='ocr_par' dir='ltr' id='par_1_89' title="bbox 1978 4243 3547 4318">
     <span class='ocr_line' id='line_1_89' title="bbox 1978 4243 3547 4318; baseline 0.004 -25"><span class='ocrx_word' id='word_1_669' title='bbox 1978 4259 2073 4294; x_wconf 90' lang='grc' dir='ltr'><strong>σου</strong></span> <span class='ocrx_word' id='word_1_670' title='bbox 2095 4282 2111 4307; x_wconf 87' lang='grc'><strong>,</strong></span> <span class='ocrx_word' id='word_1_671' title='bbox 2140 4244 2167 4294; x_wconf 92' lang='lat'><strong>6</strong></span> <span class='ocrx_word' id='word_1_672' title='bbox 2201 4243 2326 4305; x_wconf 75' lang='grc' dir='ltr'>Υἱὸς</span> <span class='ocrx_word' id='word_1_673' title='bbox 2353 4243 2445 4296; x_wconf 89' lang='grc' dir='ltr'><strong>τοῦ</strong></span> <span class='ocrx_word' id='word_1_674' title='bbox 2477 4245 2707 4313; x_wconf 70' lang='grc' dir='ltr'>Πατρδς,</span> <span class='ocrx_word' id='word_1_675' title='bbox 2733 4246 2828 4297; x_wconf 72' lang='grc' dir='ltr'><strong>καὶ</strong></span> <span class='ocrx_word' id='word_1_676' title='bbox 2859 4249 2886 4299; x_wconf 89' lang='lat'><strong>6</strong></span> <span class='ocrx_word' id='word_1_677' title='bbox 2919 4249 3201 4316; x_wconf 77' lang='grc' dir='ltr'>φωτισμὺς</span> <span class='ocrx_word' id='word_1_678' title='bbox 3249 4247 3342 4301; x_wconf 87' lang='grc' dir='ltr'><strong>τοῦ</strong></span> <span class='ocrx_word' id='word_1_679' title='bbox 3380 4266 3547 4318; x_wconf 43' lang='grc' dir='ltr'>πρασ-</span> 
     </span>
    </p>
   </div>
   <div class='ocr_carea' id='block_1_90' title="bbox 1973 4332 3543 4408">
    <p class='ocr_par' dir='ltr' id='par_1_90' title="bbox 1973 4332 3543 4408">
     <span class='ocr_line' id='line_1_90' title="bbox 1973 4332 3543 4408; baseline 0.004 -23"><span class='ocrx_word' id='word_1_680' title='bbox 1973 4332 2126 4386; x_wconf 83' lang='grc' dir='ltr'>ὡπου</span> <span class='ocrx_word' id='word_1_681' title='bbox 2186 4335 2381 4395; x_wconf 71' lang='grc' dir='ltr'>σου,τὸ</span> <span class='ocrx_word' id='word_1_682' title='bbox 2420 4335 2647 4403; x_wconf 87' lang='grc' dir='ltr'>Πνεῦμα</span> <span class='ocrx_word' id='word_1_683' title='bbox 2677 4337 2735 4388; x_wconf 76' lang='grc' dir='ltr'><strong>τὸ</strong></span> <span class='ocrx_word' id='word_1_684' title='bbox 2761 4337 2938 4403; x_wconf 80' lang='grc' dir='ltr'>ἅγιον,</span> <span class='ocrx_word' id='word_1_685' title='bbox 2963 4337 3102 4392; x_wconf 81' lang='grc' dir='ltr'>αὐτά</span> <span class='ocrx_word' id='word_1_686' title='bbox 3135 4355 3200 4406; x_wconf 88' lang='grc' dir='ltr'><strong>με</strong></span> <span class='ocrx_word' id='word_1_687' title='bbox 3232 4337 3543 4408; x_wconf 74' lang='grc' dir='ltr'>ὡδήγησαν,</span> 
     </span>
    </p>
   </div>
   <div class='ocr_carea' id='block_1_91' title="bbox 1980 4423 3547 4497">
    <p class='ocr_par' dir='ltr' id='par_1_91' title="bbox 1980 4423 3547 4497">
     <span class='ocr_line' id='line_1_91' title="bbox 1980 4423 3547 4497; baseline 0.004 -25"><span class='ocrx_word' id='word_1_688' title='bbox 1980 4424 2076 4473; x_wconf 76' lang='grc' dir='ltr'>καὶ</span> <span class='ocrx_word' id='word_1_689' title='bbox 2106 4423 2311 4492; x_wconf 79' lang='grc' dir='ltr'>ἦγαγόν</span> <span class='ocrx_word' id='word_1_690' title='bbox 2343 4440 2410 4493; x_wconf 88' lang='grc' dir='ltr'><strong>με</strong></span> <span class='ocrx_word' id='word_1_691' title='bbox 2449 4425 2530 4486; x_wconf 82' lang='grc' dir='ltr'>εἰς</span> <span class='ocrx_word' id='word_1_692' title='bbox 2555 4423 2682 4492; x_wconf 80' lang='grc' dir='ltr'>ὅρος</span> <span class='ocrx_word' id='word_1_693' title='bbox 2711 4425 2868 4492; x_wconf 78' lang='grc' dir='ltr'>ἅγιόν</span> <span class='ocrx_word' id='word_1_694' title='bbox 2900 4443 3017 4490; x_wconf 87' lang='grc' dir='ltr'>σου,</span> <span class='ocrx_word' id='word_1_695' title='bbox 3074 4428 3175 4496; x_wconf 72' lang='grc' dir='ltr'><strong>τὴν</strong></span> <span class='ocrx_word' id='word_1_696' title='bbox 3208 4426 3419 4497; x_wconf 72' lang='grc' dir='ltr'>ὑψηλὴν</span> <span class='ocrx_word' id='word_1_697' title='bbox 3454 4429 3547 4480; x_wconf 77' lang='grc' dir='ltr'>καὶ</span> 
     </span>
    </p>
   </div>
   <div class='ocr_carea' id='block_1_92' title="bbox 308 4493 1893 4596">
    <p class='ocr_par' dir='ltr' id='par_1_92' title="bbox 308 4493 1871 4568">
     <span class='ocr_line' id='line_1_92' title="bbox 308 4493 1871 4568; baseline 0.003 -20"><span class='ocrx_word' id='word_1_698' title='bbox 308 4496 360 4548; x_wconf 88' lang='lat' dir='ltr'><strong>in</strong></span> <span class='ocrx_word' id='word_1_699' title='bbox 391 4493 741 4552; x_wconf 86' lang='lat' dir='ltr'><strong>tabernacula</strong></span> <span class='ocrx_word' id='word_1_700' title='bbox 778 4503 889 4564; x_wconf 91' lang='lat' dir='ltr'><strong>tua,</strong></span> <span class='ocrx_word' id='word_1_701' title='bbox 928 4495 979 4550; x_wconf 90' lang='lat' dir='ltr'><strong>in</strong></span> <span class='ocrx_word' id='word_1_702' title='bbox 1007 4495 1207 4566; x_wconf 88' lang='lat' dir='ltr'><strong>quibus</strong></span> <span class='ocrx_word' id='word_1_703' title='bbox 1235 4496 1349 4566; x_wconf 89' lang='lat' dir='ltr'><strong>ipse</strong></span> <span class='ocrx_word' id='word_1_704' title='bbox 1390 4495 1597 4558; x_wconf 88' lang='lat' dir='ltr'><strong>habitat</strong></span> <span class='ocrx_word' id='word_1_705' title='bbox 1644 4498 1738 4568; x_wconf 84' lang='lat' dir='ltr'><strong>qui</strong></span> <span class='ocrx_word' id='word_1_706' title='bbox 1789 4506 1871 4555; x_wconf 90' lang='lat' dir='ltr'><strong>est</strong></span> 
     </span>
    </p>
   </div>
   <div class='ocr_carea' id='block_1_93' title="bbox 1981 4493 3546 4596">
    <p class='ocr_par' dir='ltr' id='par_1_93' title="bbox 1981 4513 3546 4587">
     <span class='ocr_line' id='line_1_93' title="bbox 1981 4513 3546 4587; baseline 0.004 -22"><span class='ocrx_word' id='word_1_707' title='bbox 1981 4513 2303 4586; x_wconf 80' lang='grc' dir='ltr'>ἑπουράνιόν</span> <span class='ocrx_word' id='word_1_708' title='bbox 2333 4531 2428 4567; x_wconf 89' lang='grc' dir='ltr'><strong>σου</strong></span> <span class='ocrx_word' id='word_1_709' title='bbox 2475 4513 2831 4585; x_wconf 78' lang='grc' dir='ltr'>Ἐκκλησίαν,</span> <span class='ocrx_word' id='word_1_710' title='bbox 2864 4518 2960 4569; x_wconf 59' lang='grc' dir='ltr'><strong>καὶ⁸</strong></span> <span class='ocrx_word' id='word_1_711' title='bbox 2999 4517 3078 4580; x_wconf 88' lang='grc' dir='ltr'><strong>είς</strong></span> <span class='ocrx_word' id='word_1_712' title='bbox 3104 4519 3169 4569; x_wconf 69' lang='grc' dir='ltr'><strong>τά</strong></span> <span class='ocrx_word' id='word_1_713' title='bbox 3205 4517 3546 4587; x_wconf 83' lang='grc' dir='ltr'>σκηνώματά</span> 
     </span>
    </p>
   </div>
   <div class='ocr_carea' id='block_1_94' title="bbox 303 4586 778 4650">
    <p class='ocr_par' dir='ltr' id='par_1_94' title="bbox 303 4586 778 4650">
     <span class='ocr_line' id='line_1_94' title="bbox 303 4586 778 4650; baseline -0.004 -10"><span class='ocrx_word' id='word_1_714' title='bbox 303 4588 359 4640; x_wconf 82' lang='lat' dir='ltr'><strong>in</strong></span> <span class='ocrx_word' id='word_1_715' title='bbox 391 4586 725 4650; x_wconf 68' lang='lat' dir='ltr'><strong>coalestibus.</strong></span> <span class='ocrx_word' id='word_1_716' title='bbox 761 4604 778 4638; x_wconf 74' lang='grc' dir='ltr'><strong>ι</strong></span> 
     </span>
    </p>
   </div>
   <div class='ocr_carea' id='block_1_95' title="bbox 371 4775 1866 4832">
    <p class='ocr_par' dir='ltr' id='par_1_95' title="bbox 371 4775 1866 4832">
     <span class='ocr_line' id='line_1_95' title="bbox 371 4775 1866 4832; baseline 0 -2"><span class='ocrx_word' id='word_1_717' title='bbox 371 4775 503 4830; x_wconf 89' lang='lat' dir='ltr'><strong>Cum</strong></span> <span class='ocrx_word' id='word_1_718' title='bbox 527 4785 703 4829; x_wconf 87' lang='lat' dir='ltr'><strong>autem</strong></span> <span class='ocrx_word' id='word_1_719' title='bbox 723 4775 984 4831; x_wconf 81' lang='lat' dir='ltr'><strong>diaconus</strong></span> <span class='ocrx_word' id='word_1_720' title='bbox 1006 4775 1421 4832; x_wconf 84' lang='lat' dir='ltr'><strong>exclamaverit:</strong></span> <span class='ocrx_word' id='word_1_721' title='bbox 1449 4775 1866 4832; x_wconf 64' lang='lat' dir='ltr'><strong>«Attendamus»</strong></span> 
     </span>
    </p>
   </div>
   <div class='ocr_carea' id='block_1_96' title="bbox 302 4867 1873 4943">
    <p class='ocr_par' dir='ltr' id='par_1_96' title="bbox 302 4867 1873 4943">
     <span class='ocr_line' id='line_1_96' title="bbox 302 4867 1873 4943; baseline 0.002 -22"><span class='ocrx_word' id='word_1_722' title='bbox 302 4869 540 4937; x_wconf 83' lang='lat' dir='ltr'><strong>(Oportet</strong></span> <span class='ocrx_word' id='word_1_723' title='bbox 568 4867 712 4921; x_wconf 89' lang='lat' dir='ltr'><strong>enim</strong></span> <span class='ocrx_word' id='word_1_724' title='bbox 745 4867 909 4924; x_wconf 89' lang='lat' dir='ltr'><strong>rebus</strong></span> <span class='ocrx_word' id='word_1_725' title='bbox 949 4870 1199 4943; x_wconf 79' lang='lat' dir='ltr'><strong>maximis</strong></span> <span class='ocrx_word' id='word_1_726' title='bbox 1255 4884 1447 4926; x_wconf 87' lang='lat' dir='ltr'><strong>omnes</strong></span> <span class='ocrx_word' id='word_1_727' title='bbox 1483 4872 1782 4936; x_wconf 77' lang='lat' dir='ltr'><strong>attendere,</strong></span> <span class='ocrx_word' id='word_1_728' title='bbox 1820 4880 1873 4924; x_wconf 86' lang='lat' dir='ltr'><strong>et</strong></span> 
     </span>
    </p>
   </div>
   <div class='ocr_carea' id='block_1_97' title="bbox 302 4958 1871 5034">
    <p class='ocr_par' dir='ltr' id='par_1_97' title="bbox 302 4958 1871 5034">
     <span class='ocr_line' id='line_1_97' title="bbox 302 4958 1871 5034; baseline 0.004 -24"><span class='ocrx_word' id='word_1_729' title='bbox 302 4967 415 5013; x_wconf 82' lang='lat' dir='ltr'><strong>tum</strong></span> <span class='ocrx_word' id='word_1_730' title='bbox 456 4958 714 5016; x_wconf 84' lang='lat' dir='ltr'><strong>decenter</strong></span> <span class='ocrx_word' id='word_1_731' title='bbox 749 4974 873 5014; x_wconf 87' lang='lat' dir='ltr'><strong>sese</strong></span> <span class='ocrx_word' id='word_1_732' title='bbox 909 4975 1237 5030; x_wconf 87' lang='lat' dir='ltr'><strong>componere</strong></span> <span class='ocrx_word' id='word_1_733' title='bbox 1269 4971 1324 5016; x_wconf 91' lang='lat' dir='ltr'><strong>et</strong></span> <span class='ocrx_word' id='word_1_734' title='bbox 1389 4962 1694 5034; x_wconf 76' lang='lat' dir='ltr'><strong>colligere),</strong></span> <span class='ocrx_word' id='word_1_735' title='bbox 1760 4963 1871 5033; x_wconf 88' lang='lat' dir='ltr'><strong>cpi-</strong></span> 
     </span>
    </p>
   </div>
   <div class='ocr_carea' id='block_1_98' title="bbox 299 5049 1870 5121">
    <p class='ocr_par' dir='ltr' id='par_1_98' title="bbox 299 5049 1870 5121">
     <span class='ocr_line' id='line_1_98' title="bbox 299 5049 1870 5121; baseline 0.004 -18"><span class='ocrx_word' id='word_1_736' title='bbox 299 5064 504 5121; x_wconf 82' lang='lat' dir='ltr'><strong>sc0pus</strong></span> <span class='ocrx_word' id='word_1_737' title='bbox 521 5049 684 5105; x_wconf 90' lang='lat' dir='ltr'><strong>edicit</strong></span> <span class='ocrx_word' id='word_1_738' title='bbox 708 5049 852 5105; x_wconf 89' lang='lat' dir='ltr'><strong>clara</strong></span> <span class='ocrx_word' id='word_1_739' title='bbox 877 5065 1040 5105; x_wconf 83' lang='lat' dir='ltr'><strong>voce:</strong></span> <span class='ocrx_word' id='word_1_740' title='bbox 1065 5070 1082 5102; x_wconf 76' lang='grc' dir='ltr'><strong>ι</strong></span> <span class='ocrx_word' id='word_1_741' title='bbox 1108 5050 1293 5105; x_wconf 80' lang='lat' dir='ltr'><strong>Divina</strong></span> <span class='ocrx_word' id='word_1_742' title='bbox 1322 5055 1514 5120; x_wconf 81' lang='lat' dir='ltr'><strong>gratia,</strong></span> <span class='ocrx_word' id='word_1_743' title='bbox 1531 5072 1550 5105; x_wconf 72' lang='grc' dir='ltr'><strong>ι</strong></span> <span class='ocrx_word' id='word_1_744' title='bbox 1575 5054 1870 5110; x_wconf 88' lang='lat' dir='ltr'><strong>testiﬁcans</strong></span> 
     </span>
    </p>
   </div>
   <div class='ocr_carea' id='block_1_99' title="bbox 303 5142 1868 5211">
    <p class='ocr_par' dir='ltr' id='par_1_99' title="bbox 303 5142 1868 5211">
     <span class='ocr_line' id='line_1_99' title="bbox 303 5142 1868 5211; baseline 0.003 -18"><span class='ocrx_word' id='word_1_745' title='bbox 303 5143 532 5208; x_wconf 73' lang='lat' dir='ltr'><strong>gratiam</strong></span> <span class='ocrx_word' id='word_1_746' title='bbox 569 5156 859 5203; x_wconf 82' lang='lat' dir='ltr'><strong>commune</strong></span> <span class='ocrx_word' id='word_1_747' title='bbox 893 5157 1013 5198; x_wconf 88' lang='lat' dir='ltr'><strong>esse</strong></span> <span class='ocrx_word' id='word_1_748' title='bbox 1036 5142 1236 5196; x_wconf 89' lang='lat' dir='ltr'><strong>donum</strong></span> <span class='ocrx_word' id='word_1_749' title='bbox 1293 5143 1595 5211; x_wconf 83' lang='lat' dir='ltr'><strong>Trinitatis,</strong></span> <span class='ocrx_word' id='word_1_750' title='bbox 1653 5155 1707 5202; x_wconf 89' lang='lat' dir='ltr'><strong>et</strong></span> <span class='ocrx_word' id='word_1_751' title='bbox 1749 5162 1868 5199; x_wconf 90' lang='lat' dir='ltr'><strong>eam</strong></span> 
     </span>
    </p>
   </div>
   <div class='ocr_carea' id='block_1_100' title="bbox 301 5234 1860 5306">
    <p class='ocr_par' dir='ltr' id='par_1_100' title="bbox 301 5234 1860 5306">
     <span class='ocr_line' id='line_1_100' title="bbox 301 5234 1860 5306; baseline 0.005 -24"><span class='ocrx_word' id='word_1_752' title='bbox 301 5236 596 5290; x_wconf 65' lang='lat' dir='ltr'><strong>aduocans.</strong></span> <span class='ocrx_word' id='word_1_753' title='bbox 623 5236 879 5306; x_wconf 81' lang='lat' dir='ltr'><strong>Adjuugit</strong></span> <span class='ocrx_word' id='word_1_754' title='bbox 911 5254 923 5289; x_wconf 92' lang='lat'><strong>:</strong></span> <span class='ocrx_word' id='word_1_755' title='bbox 963 5253 980 5288; x_wconf 85' lang='lat' dir='ltr'><strong>t</strong></span> <span class='ocrx_word' id='word_1_756' title='bbox 1014 5234 1141 5301; x_wconf 68' lang='lat' dir='ltr'><strong>Qum</strong></span> <span class='ocrx_word' id='word_1_757' title='bbox 1165 5237 1612 5305; x_wconf 86' lang='lat' dir='ltr'><strong>semperinﬁrma</strong></span> <span class='ocrx_word' id='word_1_758' title='bbox 1639 5247 1811 5293; x_wconf 88' lang='lat' dir='ltr'><strong>curat.</strong></span> <span class='ocrx_word' id='word_1_759' title='bbox 1843 5256 1860 5290; x_wconf 76' lang='grc' dir='ltr'><strong>ι</strong></span> 
     </span>
    </p>
   </div>
   <div class='ocr_carea' id='block_1_101' title="bbox 302 5323 1866 5399">
    <p class='ocr_par' dir='ltr' id='par_1_101' title="bbox 302 5323 1866 5399">
     <span class='ocr_line' id='line_1_101' title="bbox 302 5323 1866 5399; baseline 0.006 -25"><span class='ocrx_word' id='word_1_760' title='bbox 302 5323 545 5379; x_wconf 83' lang='lat' dir='ltr'><strong>llutniles</strong></span> <span class='ocrx_word' id='word_1_761' title='bbox 584 5327 727 5380; x_wconf 89' lang='lat' dir='ltr'><strong>enim</strong></span> <span class='ocrx_word' id='word_1_762' title='bbox 765 5342 954 5385; x_wconf 86' lang='lat' dir='ltr'><strong>smnus</strong></span> <span class='ocrx_word' id='word_1_763' title='bbox 985 5335 1038 5380; x_wconf 89' lang='lat' dir='ltr'><strong>et</strong></span> <span class='ocrx_word' id='word_1_764' title='bbox 1066 5327 1356 5383; x_wconf 90' lang='lat' dir='ltr'><strong>admodum</strong></span> <span class='ocrx_word' id='word_1_765' title='bbox 1387 5328 1615 5394; x_wconf 89' lang='lat' dir='ltr'><strong>inﬁrmi,</strong></span> <span class='ocrx_word' id='word_1_766' title='bbox 1639 5345 1866 5399; x_wconf 66' lang='lat' dir='ltr'><strong>prmser-</strong></span> 
     </span>
    </p>
   </div>
   <div class='ocr_carea' id='block_1_102' title="bbox 300 5412 1867 5487">
    <p class='ocr_par' dir='ltr' id='par_1_102' title="bbox 300 5412 1867 5487">
     <span class='ocr_line' id='line_1_102' title="bbox 300 5412 1867 5487; baseline 0.006 -25"><span class='ocrx_word' id='word_1_767' title='bbox 300 5412 394 5464; x_wconf 93' lang='lat' dir='ltr'><strong>tim</strong></span> <span class='ocrx_word' id='word_1_768' title='bbox 427 5413 491 5464; x_wconf 86' lang='lat' dir='ltr'><strong>ad</strong></span> <span class='ocrx_word' id='word_1_769' title='bbox 537 5414 650 5465; x_wconf 77' lang='lat' dir='ltr'><strong>haec</strong></span> <span class='ocrx_word' id='word_1_770' title='bbox 686 5413 778 5468; x_wconf 87' lang='lat' dir='ltr'><strong>Dei</strong></span> <span class='ocrx_word' id='word_1_771' title='bbox 809 5429 995 5484; x_wconf 85' lang='lat' dir='ltr'><strong>opera.</strong></span> <span class='ocrx_word' id='word_1_772' title='bbox 1028 5415 1368 5487; x_wconf 86' lang='lat' dir='ltr'><strong>Quapropter</strong></span> <span class='ocrx_word' id='word_1_773' title='bbox 1427 5418 1494 5472; x_wconf 90' lang='lat' dir='ltr'><strong>ab</strong></span> <span class='ocrx_word' id='word_1_774' title='bbox 1550 5432 1613 5472; x_wconf 84' lang='lat' dir='ltr'><strong>ea</strong></span> <span class='ocrx_word' id='word_1_775' title='bbox 1680 5429 1867 5474; x_wconf 89' lang='lat' dir='ltr'><strong>manat</strong></span> 
     </span>
    </p>
   </div>
   <div class='ocr_carea' id='block_1_103' title="bbox 303 5503 1865 5574">
    <p class='ocr_par' dir='ltr' id='par_1_103' title="bbox 303 5503 1865 5574">
     <span class='ocr_line' id='line_1_103' title="bbox 303 5503 1865 5574; baseline 0.006 -19"><span class='ocrx_word' id='word_1_776' title='bbox 303 5503 518 5556; x_wconf 78' lang='lat' dir='ltr'><strong>curatio</strong></span> <span class='ocrx_word' id='word_1_777' title='bbox 538 5503 918 5559; x_wconf 84' lang='lat' dir='ltr'><strong>inﬁrmitatum</strong></span> <span class='ocrx_word' id='word_1_778' title='bbox 949 5517 1281 5574; x_wconf 87' lang='lat' dir='ltr'><strong>nostrarum,</strong></span> <span class='ocrx_word' id='word_1_779' title='bbox 1304 5510 1445 5564; x_wconf 85' lang='lat' dir='ltr'><strong>hanc</strong></span> <span class='ocrx_word' id='word_1_780' title='bbox 1465 5511 1668 5564; x_wconf 87' lang='lat' dir='ltr'><strong>etenim</strong></span> <span class='ocrx_word' id='word_1_781' title='bbox 1698 5513 1865 5564; x_wconf 66' lang='lat' dir='ltr'><strong>virtu-</strong></span> 
     </span>
    </p>
   </div>
   <div class='ocr_carea' id='block_1_104' title="bbox 302 5594 1864 5670">
    <p class='ocr_par' dir='ltr' id='par_1_104' title="bbox 302 5594 1864 5670">
     <span class='ocr_line' id='line_1_104' title="bbox 302 5594 1864 5670; baseline 0.006 -25"><span class='ocrx_word' id='word_1_782' title='bbox 302 5603 408 5645; x_wconf 87' lang='lat' dir='ltr'><strong>tem</strong></span> <span class='ocrx_word' id='word_1_783' title='bbox 437 5594 699 5663; x_wconf 85' lang='lat' dir='ltr'><strong>possidet.</strong></span> <span class='ocrx_word' id='word_1_784' title='bbox 733 5613 753 5646; x_wconf 73' lang='grc' dir='ltr'><strong>ι</strong></span> <span class='ocrx_word' id='word_1_785' title='bbox 782 5594 843 5648; x_wconf 86' lang='lat' dir='ltr'><strong>Et</strong></span> <span class='ocrx_word' id='word_1_786' title='bbox 867 5594 1176 5651; x_wconf 86' lang='lat' dir='ltr'><strong>deﬁcientia</strong></span> <span class='ocrx_word' id='word_1_787' title='bbox 1202 5599 1437 5668; x_wconf 82' lang='lat' dir='ltr'><strong>supplet,</strong></span> <span class='ocrx_word' id='word_1_788' title='bbox 1463 5618 1480 5646; x_wconf 73' lang='grc' dir='ltr'><strong>ι</strong></span> <span class='ocrx_word' id='word_1_789' title='bbox 1529 5600 1721 5670; x_wconf 65' lang='grc' dir='ltr'><strong>ἰηίιῖιίι.</strong></span> <span class='ocrx_word' id='word_1_790' title='bbox 1749 5599 1864 5654; x_wconf 83' lang='grc' dir='ltr'><strong>Νοη</strong></span> 
     </span>
    </p>
   </div>
   <div class='ocr_carea' id='block_1_105' title="bbox 297 5685 1866 5760">
    <p class='ocr_par' dir='ltr' id='par_1_105' title="bbox 297 5685 1866 5760">
     <span class='ocr_line' id='line_1_105' title="bbox 297 5685 1866 5760; baseline 0.003 -23"><span class='ocrx_word' id='word_1_791' title='bbox 297 5685 442 5738; x_wconf 88' lang='lat' dir='ltr'><strong>enim</strong></span> <span class='ocrx_word' id='word_1_792' title='bbox 473 5701 573 5739; x_wconf 83' lang='lat' dir='ltr'><strong>nos</strong></span> <span class='ocrx_word' id='word_1_793' title='bbox 605 5701 632 5740; x_wconf 93' lang='lat' dir='ltr'><strong>a</strong></span> <span class='ocrx_word' id='word_1_794' title='bbox 661 5687 819 5743; x_wconf 86' lang='lat' dir='ltr'><strong>nobis</strong></span> <span class='ocrx_word' id='word_1_795' title='bbox 859 5685 991 5756; x_wconf 85' lang='lat' dir='ltr'><strong>ipsis</strong></span> <span class='ocrx_word' id='word_1_796' title='bbox 1023 5686 1225 5757; x_wconf 88' lang='lat' dir='ltr'><strong>aliquid</strong></span> <span class='ocrx_word' id='word_1_797' title='bbox 1269 5691 1613 5760; x_wconf 87' lang='lat' dir='ltr'><strong>possidemus</strong></span> <span class='ocrx_word' id='word_1_798' title='bbox 1642 5704 1736 5746; x_wconf 90' lang='lat' dir='ltr'><strong>aut</strong></span> <span class='ocrx_word' id='word_1_799' title='bbox 1775 5709 1866 5744; x_wconf 73' lang='lat' dir='ltr'><strong>va.</strong></span> 
     </span>
    </p>
   </div>
   <div class='ocr_carea' id='block_1_106' title="bbox 205 5779 1863 5855">
    <p class='ocr_par' dir='ltr' id='par_1_106' title="bbox 205 5779 1863 5855">
     <span class='ocr_line' id='line_1_106' title="bbox 205 5779 1863 5855; baseline 0.005 -26"><span class='ocrx_word' id='word_1_800' title='bbox 205 5835 218 5844; x_wconf 37' lang='grc' dir='ltr'><em>η</em></span> <span class='ocrx_word' id='word_1_801' title='bbox 300 5780 499 5846; x_wconf 85' lang='lat' dir='ltr'><strong>lemus,</strong></span> <span class='ocrx_word' id='word_1_802' title='bbox 555 5779 648 5834; x_wconf 82' lang='lat' dir='ltr'><strong>sed</strong></span> <span class='ocrx_word' id='word_1_803' title='bbox 683 5780 796 5850; x_wconf 88' lang='lat' dir='ltr'><strong>ipsa</strong></span> <span class='ocrx_word' id='word_1_804' title='bbox 830 5789 912 5836; x_wconf 82' lang='lat' dir='ltr'><strong>est</strong></span> <span class='ocrx_word' id='word_1_805' title='bbox 957 5781 1129 5849; x_wconf 82' lang='lat' dir='ltr'><strong>gratia</strong></span> <span class='ocrx_word' id='word_1_806' title='bbox 1169 5797 1288 5852; x_wconf 74' lang='lat' dir='ltr'><strong>qua:</strong></span> <span class='ocrx_word' id='word_1_807' title='bbox 1342 5784 1524 5838; x_wconf 88' lang='lat' dir='ltr'><strong>omnia</strong></span> <span class='ocrx_word' id='word_1_808' title='bbox 1570 5793 1766 5855; x_wconf 84' lang='lat' dir='ltr'><strong>potest,</strong></span> <span class='ocrx_word' id='word_1_809' title='bbox 1811 5795 1863 5840; x_wconf 93' lang='lat' dir='ltr'><strong>et</strong></span> 
     </span>
    </p>
   </div>
   <div class='ocr_carea' id='block_1_107' title="bbox 1980 4601 3545 4678">
    <p class='ocr_par' dir='ltr' id='par_1_107' title="bbox 1980 4601 3545 4678">
     <span class='ocr_line' id='line_1_107' title="bbox 1980 4601 3545 4678; baseline 0.004 -20"><span class='ocrx_word' id='word_1_810' title='bbox 1980 4623 2096 4670; x_wconf 87' lang='grc' dir='ltr'>σου,</span> <span class='ocrx_word' id='word_1_811' title='bbox 2130 4606 2188 4658; x_wconf 80' lang='grc' dir='ltr'>ὲν</span> <span class='ocrx_word' id='word_1_812' title='bbox 2212 4601 2295 4669; x_wconf 83' lang='grc' dir='ltr'>οἷς</span> <span class='ocrx_word' id='word_1_813' title='bbox 2327 4605 2488 4667; x_wconf 80' lang='grc' dir='ltr'>αὐτὸς</span> <span class='ocrx_word' id='word_1_814' title='bbox 2526 4607 2830 4678; x_wconf 78' lang='grc' dir='ltr'>ὲνσκηνοῖς,</span> <span class='ocrx_word' id='word_1_815' title='bbox 2863 4610 2890 4662; x_wconf 91' lang='lat'><strong>6</strong></span> <span class='ocrx_word' id='word_1_816' title='bbox 2925 4608 3203 4666; x_wconf 79' lang='grc' dir='ltr'>κατοικῶν</span> <span class='ocrx_word' id='word_1_817' title='bbox 3231 4611 3289 4666; x_wconf 81' lang='grc' dir='ltr'>ὲν</span> <span class='ocrx_word' id='word_1_818' title='bbox 3316 4613 3426 4673; x_wconf 86' lang='grc' dir='ltr'>τοῖς</span> <span class='ocrx_word' id='word_1_819' title='bbox 3459 4611 3545 4664; x_wconf 77' lang='grc' dir='ltr'><strong>οὑ-</strong></span> 
     </span>
    </p>
   </div>
   <div class='ocr_carea' id='block_1_108' title="bbox 1980 4699 2242 4769">
    <p class='ocr_par' dir='ltr' id='par_1_108' title="bbox 1980 4699 2242 4769">
     <span class='ocr_line' id='line_1_108' title="bbox 1980 4699 2242 4769; baseline -0.008 -18"><span class='ocrx_word' id='word_1_820' title='bbox 1980 4699 2180 4769; x_wconf 83' lang='grc' dir='ltr'>ρανοῐς.</span> <span class='ocrx_word' id='word_1_821' title='bbox 2222 4715 2242 4749; x_wconf 72' lang='grc' dir='ltr'>δ</span> 
     </span>
    </p>
   </div>
   <div class='ocr_carea' id='block_1_109' title="bbox 2047 4787 3539 4864">
    <p class='ocr_par' dir='ltr' id='par_1_109' title="bbox 2047 4787 3539 4864">
     <span class='ocr_line' id='line_1_109' title="bbox 2047 4787 3539 4864; baseline 0.001 -22"><span class='ocrx_word' id='word_1_822' title='bbox 2047 4789 2157 4842; x_wconf 83' lang='lat' dir='ltr'><strong>Kal</strong></span> <span class='ocrx_word' id='word_1_823' title='bbox 2185 4787 2283 4842; x_wconf 87' lang='grc' dir='ltr'><strong>τοῦ</strong></span> <span class='ocrx_word' id='word_1_824' title='bbox 2313 4789 2562 4842; x_wconf 79' lang='grc' dir='ltr'>διακόνου</span> <span class='ocrx_word' id='word_1_825' title='bbox 2596 4795 2931 4862; x_wconf 88' lang='grc' dir='ltr'>κεκραγότος</span> <span class='ocrx_word' id='word_1_826' title='bbox 2956 4792 3067 4856; x_wconf 78' lang='grc' dir='ltr'>τδ,‹</span> <span class='ocrx_word' id='word_1_827' title='bbox 3095 4793 3488 4864; x_wconf 82' lang='grc' dir='ltr'>Πρόσσχωμεν,</span> <span class='ocrx_word' id='word_1_828' title='bbox 3522 4812 3539 4844; x_wconf 75' lang='grc' dir='ltr'><strong>ι</strong></span> 
     </span>
    </p>
   </div>
   <div class='ocr_carea' id='block_1_110' title="bbox 1976 4878 3544 4952">
    <p class='ocr_par' dir='ltr' id='par_1_110' title="bbox 1976 4878 3544 4952">
     <span class='ocr_line' id='line_1_110' title="bbox 1976 4878 3544 4952; baseline 0.004 -22"><span class='ocrx_word' id='word_1_829' title='bbox 1976 4878 2057 4930; x_wconf 79' lang='grc' dir='ltr'>δεῖ</span> <span class='ocrx_word' id='word_1_830' title='bbox 2101 4879 2208 4948; x_wconf 69' lang='grc' dir='ltr'><strong>γάρ</strong></span> <span class='ocrx_word' id='word_1_831' title='bbox 2256 4881 2366 4942; x_wconf 88' lang='grc' dir='ltr'>τοῖς</span> <span class='ocrx_word' id='word_1_832' title='bbox 2410 4880 2690 4948; x_wconf 84' lang='grc' dir='ltr'>μεγίστοις</span> <span class='ocrx_word' id='word_1_833' title='bbox 2737 4882 2881 4935; x_wconf 79' lang='grc' dir='ltr'>οὕτω</span> <span class='ocrx_word' id='word_1_834' title='bbox 2926 4883 3132 4945; x_wconf 84' lang='grc' dir='ltr'>πάντας</span> <span class='ocrx_word' id='word_1_835' title='bbox 3162 4886 3452 4952; x_wconf 77' lang='grc' dir='ltr'>προσέχειν</span> <span class='ocrx_word' id='word_1_836' title='bbox 3484 4900 3544 4936; x_wconf 88' lang='grc' dir='ltr'><strong>τε</strong></span> 
     </span>
    </p>
   </div>
   <div class='ocr_carea' id='block_1_111' title="bbox 1976 4969 3546 5040">
    <p class='ocr_par' dir='ltr' id='par_1_111' title="bbox 1976 4969 3546 5040">
     <span class='ocr_line' id='line_1_111' title="bbox 1976 4969 3546 5040; baseline 0.004 -20"><span class='ocrx_word' id='word_1_837' title='bbox 1976 4969 2072 5020; x_wconf 74' lang='grc' dir='ltr'><strong>καὶ</strong></span> <span class='ocrx_word' id='word_1_838' title='bbox 2112 4970 2519 5034; x_wconf 75' lang='grc' dir='ltr'>συστέλλεσθαι,</span> <span class='ocrx_word' id='word_1_839' title='bbox 2548 4973 2574 5023; x_wconf 90' lang='lat'><strong>6</strong></span> <span class='ocrx_word' id='word_1_840' title='bbox 2610 4973 2899 5040; x_wconf 77' lang='grc' dir='ltr'>ἀρχιερεὺς</span> <span class='ocrx_word' id='word_1_841' title='bbox 2940 4975 3192 5040; x_wconf 81' lang='grc' dir='ltr'>ὲκφωνεί,</span> <span class='ocrx_word' id='word_1_842' title='bbox 3239 4991 3258 5024; x_wconf 85' lang='grc'><em>‹</em></span> <span class='ocrx_word' id='word_1_843' title='bbox 3316 4974 3378 5026; x_wconf 84' lang='grc' dir='ltr'><strong>Ἦ</strong></span> <span class='ocrx_word' id='word_1_844' title='bbox 3427 4974 3546 5026; x_wconf 83' lang='grc' dir='ltr'>Θεία</span> 
     </span>
    </p>
   </div>
   <div class='ocr_carea' id='block_1_112' title="bbox 1976 5059 3544 5134">
    <p class='ocr_par' dir='ltr' id='par_1_112' title="bbox 1976 5059 3544 5134">
     <span class='ocr_line' id='line_1_112' title="bbox 1976 5059 3544 5134; baseline 0.001 -22"><span class='ocrx_word' id='word_1_845' title='bbox 1976 5060 2137 5130; x_wconf 86' lang='grc' dir='ltr'>χάρις</span> <span class='ocrx_word' id='word_1_846' title='bbox 2163 5077 2176 5091; x_wconf 78' lang='grc' dir='ltr'><strong>ο</strong></span> <span class='ocrx_word' id='word_1_847' title='bbox 2207 5081 2234 5114; x_wconf 71' lang='grc' dir='ltr'>ι</span> <span class='ocrx_word' id='word_1_848' title='bbox 2265 5061 2364 5128; x_wconf 77' lang='grc' dir='ltr'>τῆς</span> <span class='ocrx_word' id='word_1_849' title='bbox 2401 5060 2632 5130; x_wconf 84' lang='grc' dir='ltr'>Τριάδος</span> <span class='ocrx_word' id='word_1_850' title='bbox 2675 5059 2813 5116; x_wconf 76' lang='grc' dir='ltr'>εἶναι</span> <span class='ocrx_word' id='word_1_851' title='bbox 2865 5064 3050 5133; x_wconf 86' lang='grc' dir='ltr'>κοινὴν</span> <span class='ocrx_word' id='word_1_852' title='bbox 3103 5065 3398 5134; x_wconf 84' lang='grc' dir='ltr'>μαρτυρῶν</span> <span class='ocrx_word' id='word_1_853' title='bbox 3443 5066 3544 5133; x_wconf 81' lang='grc' dir='ltr'><strong>τὴν</strong></span> 
     </span>
    </p>
   </div>
   <div class='ocr_carea' id='block_1_113' title="bbox 1975 5151 3541 5224">
    <p class='ocr_par' dir='ltr' id='par_1_113' title="bbox 1975 5151 3541 5224">
     <span class='ocr_line' id='line_1_113' title="bbox 1975 5151 3541 5224; baseline 0.002 -21"><span class='ocrx_word' id='word_1_854' title='bbox 1975 5151 2226 5221; x_wconf 77' lang='grc' dir='ltr'>δωρεάν,</span> <span class='ocrx_word' id='word_1_855' title='bbox 2278 5153 2372 5205; x_wconf 80' lang='grc' dir='ltr'>καὶ</span> <span class='ocrx_word' id='word_1_856' title='bbox 2423 5153 2630 5221; x_wconf 79' lang='grc' dir='ltr'>ταύτην</span> <span class='ocrx_word' id='word_1_857' title='bbox 2666 5153 3121 5224; x_wconf 73' lang='grc' dir='ltr'>ἐπικαλούμενος.</span> <span class='ocrx_word' id='word_1_858' title='bbox 3174 5155 3285 5208; x_wconf 81' lang='grc' dir='ltr'>Καὶ</span> <span class='ocrx_word' id='word_1_859' title='bbox 3321 5156 3541 5221; x_wconf 75' lang='grc' dir='ltr'>ἐπάγει,</span> 
     </span>
    </p>
   </div>
   <div class='ocr_carea' id='block_1_114' title="bbox 1983 5241 3543 5314">
    <p class='ocr_par' dir='ltr' id='par_1_114' title="bbox 1983 5241 3543 5314">
     <span class='ocr_line' id='line_1_114' title="bbox 1983 5241 3543 5314; baseline 0.004 -22"><span class='ocrx_word' id='word_1_860' title='bbox 1983 5260 1999 5292; x_wconf 80' lang='grc' dir='ltr'><strong>ι</strong></span> <span class='ocrx_word' id='word_1_861' title='bbox 2051 5241 2116 5294; x_wconf 82' lang='grc' dir='ltr'>’Π</span> <span class='ocrx_word' id='word_1_862' title='bbox 2162 5241 2392 5295; x_wconf 80' lang='grc' dir='ltr'>πάντοτε</span> <span class='ocrx_word' id='word_1_863' title='bbox 2425 5243 2493 5295; x_wconf 79' lang='grc' dir='ltr'><strong>τά</strong></span> <span class='ocrx_word' id='word_1_864' title='bbox 2535 5243 2737 5312; x_wconf 81' lang='grc' dir='ltr'>ἀσθενῆ</span> <span class='ocrx_word' id='word_1_865' title='bbox 2777 5245 3180 5314; x_wconf 82' lang='grc' dir='ltr'>θεραπεύουσα.</span> <span class='ocrx_word' id='word_1_866' title='bbox 3228 5267 3246 5298; x_wconf 74' lang='grc' dir='ltr'><strong>ι</strong></span> <span class='ocrx_word' id='word_1_867' title='bbox 3280 5248 3543 5302; x_wconf 77' lang='grc' dir='ltr'>Ταπεινοὶ</span> 
     </span>
    </p>
   </div>
   <div class='ocr_carea' id='block_1_115' title="bbox 1975 5334 3582 5408">
    <p class='ocr_par' dir='ltr' id='par_1_115' title="bbox 1975 5334 3582 5408">
     <span class='ocr_line' id='line_1_115' title="bbox 1975 5334 3582 5408; baseline 0.004 -22"><span class='ocrx_word' id='word_1_868' title='bbox 1975 5334 2083 5403; x_wconf 81' lang='grc' dir='ltr'><strong>γάρ</strong></span> <span class='ocrx_word' id='word_1_869' title='bbox 2138 5335 2297 5402; x_wconf 68' lang='grc' dir='ltr'><strong>⁴ἡμεῖς</strong></span> <span class='ocrx_word' id='word_1_870' title='bbox 2337 5335 2430 5386; x_wconf 71' lang='grc' dir='ltr'><strong>καὶ</strong></span> <span class='ocrx_word' id='word_1_871' title='bbox 2484 5334 2605 5387; x_wconf 85' lang='grc' dir='ltr'>λίαν</span> <span class='ocrx_word' id='word_1_872' title='bbox 2651 5335 2920 5398; x_wconf 86' lang='grc' dir='ltr'>ἀσθενεῖς,</span> <span class='ocrx_word' id='word_1_873' title='bbox 2975 5339 3070 5390; x_wconf 75' lang='grc' dir='ltr'>καὶ</span> <span class='ocrx_word' id='word_1_874' title='bbox 3114 5339 3351 5406; x_wconf 85' lang='grc' dir='ltr'>μάλιστα</span> <span class='ocrx_word' id='word_1_875' title='bbox 3406 5339 3582 5408; x_wconf 72' lang='grc' dir='ltr'>πρὸς.</span> 
     </span>
    </p>
   </div>
   <div class='ocr_carea' id='block_1_116' title="bbox 1971 5425 3541 5502">
    <p class='ocr_par' dir='ltr' id='par_1_116' title="bbox 1971 5425 3541 5502">
     <span class='ocr_line' id='line_1_116' title="bbox 1971 5425 3541 5502; baseline 0.004 -25"><span class='ocrx_word' id='word_1_876' title='bbox 1971 5425 2209 5478; x_wconf 60' lang='grc' dir='ltr'>τοιαῦτα,</span> <span class='ocrx_word' id='word_1_877' title='bbox 2233 5425 2326 5478; x_wconf 83' lang='grc' dir='ltr'><strong>τοῦ</strong></span> <span class='ocrx_word' id='word_1_878' title='bbox 2377 5426 2513 5480; x_wconf 71' lang='grc' dir='ltr'>Θεοῦ</span> <span class='ocrx_word' id='word_1_879' title='bbox 2567 5426 2723 5497; x_wconf 78' lang='grc' dir='ltr'>ἔργα.</span> <span class='ocrx_word' id='word_1_880' title='bbox 2777 5429 2867 5481; x_wconf 83' lang='grc' dir='ltr'><strong>Διδ</strong></span> <span class='ocrx_word' id='word_1_881' title='bbox 2914 5431 3007 5483; x_wconf 80' lang='grc' dir='ltr'><strong>καὶ</strong></span> <span class='ocrx_word' id='word_1_882' title='bbox 3049 5433 3082 5500; x_wconf 81' lang='grc' dir='ltr'><strong>ἡ</strong></span> <span class='ocrx_word' id='word_1_883' title='bbox 3129 5431 3391 5502; x_wconf 81' lang='grc' dir='ltr'>θεραπεία</span> <span class='ocrx_word' id='word_1_884' title='bbox 3431 5434 3541 5485; x_wconf 81' lang='grc' dir='ltr'><strong>τῶν</strong></span> 
     </span>
    </p>
   </div>
   <div class='ocr_carea' id='block_1_117' title="bbox 1950 5515 3540 5593">
    <p class='ocr_par' dir='ltr' id='par_1_117' title="bbox 1950 5515 3540 5593">
     <span class='ocr_line' id='line_1_117' title="bbox 1950 5515 3540 5593; baseline 0.004 -27"><span class='ocrx_word' id='word_1_885' title='bbox 1950 5515 2216 5579; x_wconf 68' lang='grc' dir='ltr'><strong>⁵όισθενῶν</strong></span> <span class='ocrx_word' id='word_1_886' title='bbox 2252 5517 2409 5585; x_wconf 76' lang='grc' dir='ltr'>ἡμῶν</span> <span class='ocrx_word' id='word_1_887' title='bbox 2458 5518 2590 5584; x_wconf 79' lang='grc' dir='ltr'>παρ’</span> <span class='ocrx_word' id='word_1_888' title='bbox 2621 5519 2791 5587; x_wconf 81' lang='grc' dir='ltr'>αὐτῆς</span> <span class='ocrx_word' id='word_1_889' title='bbox 2819 5535 2833 5548; x_wconf 87' lang='grc'><strong>·</strong></span> <span class='ocrx_word' id='word_1_890' title='bbox 2865 5519 2999 5591; x_wconf 76' lang='grc' dir='ltr'>αὕτη</span> <span class='ocrx_word' id='word_1_891' title='bbox 3045 5520 3153 5590; x_wconf 84' lang='grc' dir='ltr'>γὰρ</span> <span class='ocrx_word' id='word_1_892' title='bbox 3187 5521 3415 5593; x_wconf 66' lang='grc' dir='ltr'>παρέχει</span> <span class='ocrx_word' id='word_1_893' title='bbox 3441 5523 3540 5590; x_wconf 80' lang='grc' dir='ltr'>τὴν</span> 
     </span>
    </p>
   </div>
   <div class='ocr_carea' id='block_1_118' title="bbox 1971 5607 3539 5682">
    <p class='ocr_par' dir='ltr' id='par_1_118' title="bbox 1971 5607 3539 5682">
     <span class='ocr_line' id='line_1_118' title="bbox 1971 5607 3539 5682; baseline 0.005 -24"><span class='ocrx_word' id='word_1_894' title='bbox 1971 5607 2221 5674; x_wconf 80' lang='grc' dir='ltr'>δύναμιν.</span> <span class='ocrx_word' id='word_1_895' title='bbox 2261 5624 2277 5658; x_wconf 84' lang='lat' dir='ltr'><strong>t</strong></span> <span class='ocrx_word' id='word_1_896' title='bbox 2324 5607 2432 5660; x_wconf 74' lang='grc' dir='ltr'><strong>Καὶ</strong></span> <span class='ocrx_word' id='word_1_897' title='bbox 2466 5608 2532 5661; x_wconf 86' lang='grc' dir='ltr'><strong>τά</strong></span> <span class='ocrx_word' id='word_1_898' title='bbox 2563 5608 2878 5662; x_wconf 72' lang='grc' dir='ltr'>ἐλλείποντα</span> <span class='ocrx_word' id='word_1_899' title='bbox 2905 5612 3331 5682; x_wconf 81' lang='grc' dir='ltr'>άναπληροῦσα,</span> <span class='ocrx_word' id='word_1_900' title='bbox 3367 5631 3386 5665; x_wconf 72' lang='grc' dir='ltr'><strong>ι</strong></span> <span class='ocrx_word' id='word_1_901' title='bbox 3435 5632 3539 5682; x_wconf 73' lang='grc' dir='ltr'><strong>φη-</strong></span> 
     </span>
    </p>
   </div>
   <div class='ocr_carea' id='block_1_119' title="bbox 1973 5699 3538 5774">
    <p class='ocr_par' dir='ltr' id='par_1_119' title="bbox 1973 5699 3538 5774">
     <span class='ocr_line' id='line_1_119' title="bbox 1973 5699 3538 5774; baseline 0.006 -25"><span class='ocrx_word' id='word_1_902' title='bbox 1973 5699 2078 5750; x_wconf 88' lang='grc' dir='ltr'>σίν.</span> <span class='ocrx_word' id='word_1_903' title='bbox 2099 5699 2173 5750; x_wconf 83' lang='grc' dir='ltr'><strong>Οὐ</strong></span> <span class='ocrx_word' id='word_1_904' title='bbox 2193 5699 2302 5767; x_wconf 85' lang='grc' dir='ltr'>γὰρ</span> <span class='ocrx_word' id='word_1_905' title='bbox 2334 5700 2490 5768; x_wconf 82' lang='grc' dir='ltr'>ἡμεῖς</span> <span class='ocrx_word' id='word_1_906' title='bbox 2512 5701 2605 5767; x_wconf 75' lang='grc' dir='ltr'><strong>ἀφ’</strong></span> <span class='ocrx_word' id='word_1_907' title='bbox 2629 5702 2838 5754; x_wconf 79' lang='grc' dir='ltr'>ἑαυτῶν</span> <span class='ocrx_word' id='word_1_908' title='bbox 2862 5719 2914 5755; x_wconf 87' lang='grc' dir='ltr'><strong>τι</strong></span> <span class='ocrx_word' id='word_1_909' title='bbox 2945 5704 3263 5773; x_wconf 81' lang='grc' dir='ltr'>κεκ’τήμεθα</span> <span class='ocrx_word' id='word_1_910' title='bbox 3289 5704 3320 5774; x_wconf 70' lang='grc' dir='ltr'>ἢ</span> <span class='ocrx_word' id='word_1_911' title='bbox 3355 5705 3538 5774; x_wconf 78' lang='grc' dir='ltr'>ίσχύο-</span> 
     </span>
    </p>
   </div>
   <div class='ocr_carea' id='block_1_120' title="bbox 1975 5785 3532 5867">
    <p class='ocr_par' dir='ltr' id='par_1_120' title="bbox 1975 5785 3532 5867">
     <span class='ocr_line' id='line_1_120' title="bbox 1975 5785 3532 5867; baseline 0.009 -29"><span class='ocrx_word' id='word_1_912' title='bbox 1975 5805 2092 5857; x_wconf 80' lang='grc' dir='ltr'>μεν,</span> <span class='ocrx_word' id='word_1_913' title='bbox 2122 5785 2235 5841; x_wconf 79' lang='grc' dir='ltr'>ἀλλ’</span> <span class='ocrx_word' id='word_1_914' title='bbox 2268 5787 2403 5859; x_wconf 81' lang='grc' dir='ltr'>αὐτὴ</span> <span class='ocrx_word' id='word_1_915' title='bbox 2443 5791 2474 5859; x_wconf 72' lang='grc' dir='ltr'>ἡ</span> <span class='ocrx_word' id='word_1_916' title='bbox 2523 5789 2616 5844; x_wconf 87' lang='grc' dir='ltr'><strong>τοῦ</strong></span> <span class='ocrx_word' id='word_1_917' title='bbox 2644 5790 2781 5844; x_wconf 85' lang='grc' dir='ltr'>Θεοῦ</span> <span class='ocrx_word' id='word_1_918' title='bbox 2803 5793 2963 5863; x_wconf 82' lang='grc' dir='ltr'>χάρις</span> <span class='ocrx_word' id='word_1_919' title='bbox 2996 5795 3028 5866; x_wconf 71' lang='grc' dir='ltr'><strong>ἡ</strong></span> <span class='ocrx_word' id='word_1_920' title='bbox 3067 5795 3239 5849; x_wconf 90' lang='grc' dir='ltr'>πάντα</span> <span class='ocrx_word' id='word_1_921' title='bbox 3275 5797 3532 5867; x_wconf 78' lang='grc' dir='ltr'>ίσχύουσά</span> 
     </span>
    </p>
   </div>
  </div>
