4044 6198
310 248 413 307 37‘)

1115 252 1195 310 ΞΥ
1210 249 1496 311 ΜΕΟΝΙΞ
1556 244 2323 309 TllESSALONICENSIS
2361 249 2701 309 ARCHIEP

3458 247 3560 307 380

312 362 418 414 bus
455 360 700 415 ﬁdelibus
730 377 908 422 orare.
955 371 1007 417 et
1070 379 1257 419 eorum
1302 363 1622 418 memoriam
1683 361 1926 424 fat-erm;

2011 363 2215 425 τὸλεως,
2251 362 2346 415 καὶ
2395 362 2596 421 παντὸς
2642 360 2736 412 τοῦ
2789 361 3189 428 Χριττωνύμου
3230 361 3384 413 λαοῦ.
3420 382 3436 409 ι
3478 363 3567 413 Δεῖ

312 449 467 506 Tunc
494 452 640 505 enim
674 451 920 523 locuples
964 455 1203 525 Spiritus
1262 455 1490 510 donatio
1527 454 1781 509 omnibus
1834 455 1887 509 in

314 543 631 600 certaminis
654 545 937 614 przemium
987 547 1358 618 dispensatur.

843 751 1075 809 CAPUT
1134 754 1350 811 CLXX.

315 858 469 938 Quod
502 864 829 938 ordinandus
859 868 1073 938 quando
1128 867 1413 921 ordinatur
1441 884 1616 933 preces
1657 884 1753 938 pro
1780 886 1889 922 om.

384 932 535 1069 irtibus
571 934 792 1002 fundere
826 936 995 1004 debet,
1032 954 1224 1008 easque
1258 946 1381 993 tunc
1411 932 1782 993 maxime'esse
1812 941 1893 1008 ef-

407 1019 596 1057 tcaces.

407 1019 596 1057 160688.

388 1093 569 1163 Ipsum
604 1113 822 1169 quoque
854 1097 1227 1155 ordinandum
1287 1113 1416 1156 tunc
1445 1111 1657 1171 oportet
1692 1103 1892 1157 arden-

322 1185 428 1240 tius
463 1203 558 1256 pro
590 1191 845 1247 omnibus
877 1192 1241 1248 intercedere.
1290 1190 1425 1246 Nam
1475 1203 1529 1246 ut
1562 1207 1589 1245 a
1636 1191 1891 1248 Patribns

321 1279 637 1347 didicimus,
664 1299 1005 1354 quiscunque
1022 1285 1357 1340 ordinandus
1388 1284 1687 1341 secundum
1722 1284 1891 1339 Deum

322 1381 453 1426 tunc
488 1385 742 1443 precatus
772 1376 957 1442 fuerit,
998 1378 1219 1447 accipit,
1250 1390 1303 1432 et
1352 1394 1450 1447 pro
1475 1378 1675 1448 quibus
1729 1377 1895 1431 ratio-

320 1464 580 1519 nabiliter
611 1467 847 1536 petierit,
897 1468 1132 1534 obtinet,
1176 1470 1320 1525 velut
1358 1478 1471 1524 tum
1517 1468 1894 1524 sanctiﬁcatus

322 1565 377 1608 et
416 1559 586 1624 gratia
621 1560 877 1614 donatus.
907 1562 1034 1616 Ideo
1059 1564 1258 1630 smpius
1284 1564 1485 1618 multos
1513 1561 1741 1616 fratrum
1799 1560 1893 1631 qui

325 1647 725 1703 ortlinabantur
778 1654 986 1720 rogavi,
1047 1660 1106 1707 ut
1160 1669 1284 1708 cum
1338 1656 1743 1717 ordinarentur,
1797 1670 1894 1717 pro

327 1755 414 1793 me
445 1754 686 1806 orarent,
722 1753 776 1798 et
812 1745 917 1797 mei
976 1746 1420 1810 recordarentur,
1460 1756 1517 1802 ut
1582 1748 1894 1803 misericor-
1923 1727 1973 1785 Β

328 1833 475 1887 diam
504 1851 531 1887 a
569 1836 674 1889 Deo
704 1851 1089 1907 censequerer.
1122 1837 1426 1909 Episcopus
1449 1841 1615 1910 igitur
1654 1842 1899 1898 recitatis

325 1928 706 1997 rogationibus
740 1946 959 1985 manum
996 1931 1203 1987 habens
1235 1933 1401 2002 capiti
1459 1933 1634 2002 ipsius
1669 1936 1899 2002 imposi-

323 2030 458 2084 lant,
495 2036 593 2089 per
622 2037 741 2075 eam
767 2023 913 2076 enim
955 2024 1132 2093 gratia
1171 2036 1457 2094 operatur,
1496 2024 1792 2080 secundant
1818 2026 1903 2080 di-

323 2114 398 2167 cit
423 2116 753 2181 orationem,
780 2130 887 2185 qua
916 2117 1157 2187 postulat
1191 2118 1552 2173 ordinandum
1578 2134 1675 2187 per
1700 2119 1901 2173 adven-

324 2216 440 2259 tum
476 2209 654 2261 sancti
684 2207 927 2277 Spiritus
969 2210 1167 2279 repleri
1219 2210 1346 2277 fide,
1373 2211 1666 2280 sapientia,
1696 2212 1901 2265 virtute

325 2307 379 2348 ct
413 2298 872 2355 sanctiﬁcatione.
908 2298 1030 2355 Hice
1058 2312 1242 2357 autem
1276 2318 1405 2358 vera
1437 2317 1563 2357 cum
1592 2302 1903 2357 humilitate

329 2388 665 2454 ait,dicens,
705 2405 765 2445 se
791 2406 1051 2446 manuum
1102 2409 1329 2449 suarum
1389 2396 1729 2464 impositioni
1792 2413 1901 2449 non

330 2484 626 2551 confidere,
661 2488 755 2542 sed
810 2504 907 2559 per
961 2490 1156 2545 divina:
1212 2492 1601 2547 misericordiae
1636 2493 1904 2548 visitatio-

332 2593 453 2630 trem
512 2577 691 2647 dignis
745 2581 973 2649 gratiam
1002 2582 1344 2650 donari;ita
1396 2593 1456 2640 ut
1502 2600 1599 2653 per
1642 2601 1903 2640 manuum

335 2670 743 2737 impositionem
768 2673 965 2728 divinae
996 2676 1393 2732 misericordia:
1432 2678 1672 2733 visitatio
1699 2677 1905 2748 signiti-

334 2772 512 2824 rclttl‘,
542 2772 596 2817 et
646 2766 821 2833 gratia
859 2768 1105 2839 indignis
1159 2769 1440 2826 adveniat.
1478 2770 1689 2826 Deinde
1728 2772 1906 2827 velte-

333 2863 543 2909 menter
576 2860 713 2926 petit
746 2874 872 2914 eum
905 2862 973 2916 ab
1015 2863 1163 2916 omni
1197 2873 1422 2931 peccato
1474 2879 1598 2919 esse
1629 2864 1905 2930 alienum,

335 2947 464 3003 uuia
490 2950 671 3005 nullus
703 2962 786 3006 est
816 2969 842 3005 a
896 2955 1110 3009 macula
1153 2971 1349 3025 purus,
1390 2957 1688 3027 nullusque
1760 2959 1908 3015 suni-

1993 454 2101 524 γὰρ
2141 455 2210 524 τῇ
2260 453 2605 521 ἐπιφοιτήσει
2649 451 2752 520 τῆς
2814 453 3038 521 χάριτος
3093 453 3312 506 πάντων
3362 453 3566 506 πιστῶν

1996 545 2395 614 ὅπερεύχεσθαι
2448 545 2542 598 καὶ
2596 545 2961 613 μεμνῆσθαι·
3005 545 3239 597 πλουσία
3287 545 3395 612 γὰρ
3445 545 3565 597 τότε

1994 641 2028 707 ή
2052 639 2231 710 δωρεὰ
2261 639 2353 694 τοῦ
2390 638 2706 709 Πνεύματος
2731 643 2904 691 ’πᾶσιν
2951 638 3397 708 ἐπιΰραεεύεται.

2566 754 2816 807 ΚΕΦΑΛ.
2851 752 2971 808 PO'.

1996 865 2128 918 Ὀτι
2159 868 2229 921 ἐν
2264 866 2345 931 τῷ
2390 865 2859 935 χειροτονεῖσθαι
2901 866 3003 917 τὸν
3044 868 3570 932 χειροτονούιιρι-ον

2064 937 2160 989 δεῖ
2181 938 2427 991 πάντων
2442 936 2905 1004 ὑπερεύχεσθαιυ
2931 937 3236 1005 ἀνύσιμον
3262 938 3372 1007 γὰρ
3394 939 3569 991 τοῦτο

2066 1009 2201 1062 τότε
2221 1008 2483 1076 μᾶλλον.

2068 1100 2178 1152 Καὶ
2222 1100 2385 1153 αὑτὸν
2433 1101 2491 1153 δέ
2532 1101 2625 1154 τὸν
2660 1100 3142 1171 χειροτονούμενον
3192 1099 3300 1169 χρὴ
3347 1097 3569 1151 πάντων

1996 1191 2398 1262 ὐπερεύχεσθαι
2445 1193 2779 1262 θερμότερον
2809 1194 2952 1245 τότε.
2993 1191 3081 1254 Ὠς
3124 1192 3233 1259 γὰρ
3261 1193 3414 1260 παρὰ
3461 1193 3569 1244 Πα-

1995 1283 2169 1353 τέρων
2201 1286 2504 1354 ἐμάθομεν,
2532 1286 2633 1338 ὅσα
2665 1286 2733 1339 ἂν
2762 1285 2884 1337 τότε
2931 1284 3072 1337 κατὰ
3111 1284 3243 1336 Θεὸν
3272 1287 3300 1337 ὀ
3327 1300 3571 1352 χειροτο-

1997 1377 2259 1447 νούμενος
2309 1376 2546 1445 εθξαιτο,
2582 1377 2850 1447 λαμϐάνει
2900 1375 3052 1444 παρὰ
3091 1374 3224 1427 Θεοῦ
3253 1392 3267 1405 ο
3298 1376 3393 1426 καὶ
3429 1373 3568 1442 ὑπὲρ

1995 1463 2073 1527 ὧν
2108 1472 2323 1539 αἰτήσει
2355 1471 2498 1524 κατὰ
2543 1470 2702 1538 λόγον
2732 1470 3002 1540 εὑρίσκει,
3043 1468 3118 1531 ὡς
3163 1466 3526 1535 ἀγιαξόμενος
3550 1504 3567 1528 ,

1997 1566 2095 1618 καὶ
2132 1565 2232 1634 τὴν
2260 1566 2419 1633 γάριν
2453 1564 2765 1633 δεχόμενος.
2828 1562 2920 1615 Διὸ
2968 1558 3126 1628 κάγὼ
3155 1558 3415 1620 πολλάκις
3445 1557 3577 1609 πολ-

1996 1656 2146 1719 λοὺς,
2184 1656 2407 1723 ἀδελφέ,
2433 1657 2541 1708 τῶν
2569 1654 3070 1726 χειροτονουμένων
3123 1653 3357 1723 ἠξίωσα,
3399 1653 3458 1703 ἐν
3494 1648 3572 1718 τῷ

2001 1749 2425 1819 χειροτονεῖσθαι
2460 1747 2717 1818 εὔχεσθαι
2767 1747 2909 1817 ὑπὲρ
2944 1744 3098 1813 ἐμοῦ,
3132 1747 3229 1798 καὶ
3269 1743 3579 1814 μνησθῆναί

2007 1864 2109 1915 μου
2162 1846 2281 1899 τότε
2309 1886 2323 1910 ,
2361 1845 2501 1907 ὥστε
2548 1845 2865 1915 ἐλεηθῆναι.
2913 1843 2974 1895 '0
3009 1841 3301 1913 ἀρχιερεὺς
3349 1835 3442 1893 οὖν
3484 1839 3578 1890 καὶ

2003 1940 2112 1993 τῶν
2138 1941 2411 2009 αἰτήσεων
2438 1938 2772 2008 λεγομένων,
2799 1938 2899 2007 τὴν
2927 1938 3088 2006 χεῖρα
3115 1935 3253 2005 ἔχων
3292 1931 3578 1999 ἐπικειμέ-

2003 2053 2103 2105 νην
2133 2037 2198 2105 τῇ
2231 2031 2400 2087 αὐτοῦ
2444 2033 2684 2101 κεφαλῇ,
2716 2031 2785 2085 δι’
2814 2031 2985 2099 αὐτῆς
3016 2029 3128 2097 γὰρ
3156 2029 3189 2098 ή
3232 2026 3398 2097 χάρις
3426 2026 3580 2095 ἐνερ-

2004 2131 2111 2196 γεῖ,
2153 2128 2249 2181 καὶ
2290 2127 2391 2196 τὴν
2436 2125 2701 2194 δευτέραν
2752 2125 2891 2193 μετὰ
2925 2124 3024 2185 τὰς
3054 2122 3299 2191 αἰτήσεις
3336 2119 3580 2187 ἐπιλέγει

2005 2218 2195 2288 εὐχήν.
2229 2216 2338 2268 Καὶ
2375 2213 2735 2284 πληρωθῆναι
2786 2214 3083 2278 ἐξαιτεϊται
3109 2214 3201 2264 τὸν
3240 2208 3581 2281 χειροτονούο

2009 2326 2171 2379 μενον
2197 2309 2435 2370 πίστεως
2471 2307 2565 2360 καὶ
2614 2307 2811 2374 σοφίας
2861 2306 2954 2357 καὶ
2983 2303 3268 2372 δυνάμεως
3302 2302 3395 2355 καὶ
3421 2301 3581 2368 άγια-

2009 2403 2146 2470 σμοῦ
2171 2404 2238 2472 τῇ
2265 2400 2611 2471 ἐπιφοιτήσει
2662 2399 2754 2451 τοῦ
2814 2399 2963 2452 θείου
2996 2396 3336 2465 Πνεύματος.
3374 2396 3484 2448 Καὶ
3518 2395 3581 2447 ἐν

2007 2494 2197 2563 ἀληθεῖ
2221 2492 2552 2545 ταπεινώσει
2576 2489 2735 2563 145
2770 2490 2946 2543 ταῦτά
2983 2508 3115 2558 φησι
3144 2489 3341 2557 λέγων,
3371 2488 3450 2540 ὅτι
3479 2488 3579 2539 οὑκ

2007 2586 2066 2637 ἐν
2096 2587 2161 2653 τῇ
2196 2584 2439 2637 ἐπιθέσει
2473 2582 2583 2635 τῶν
2631 2580 2797 2635 αὐτοῦ
2844 2581 3044 2651 χειρῶν
3095 2581 3311 2649 θαρρεῖ,
3369 2577 3487 2632 ἀλλ’
3522 2579 3581 2630 ἐν

2006 2680 2074 2747 τῇ
2114 2678 2389 2747 ἐπισκοπῇ
2422 2674 2519 2727 τοῦ
2565 2673 2715 2727 θείου
2751 2673 2960 2735 ἐλέους,
2994 2672 3233 2725 δίδοσθαι
3272 2671 3436 2740 χάριν
3467 2670 3582 2731 τοῖς

2008 2762 2184 2832 ἀξίοις
2216 2787 2232 2802 θ
2269 2768 2409 2823 ὥστε
2448 2768 2539 2821 διὰ
2567 2766 2671 2831 τῆς
2720 2765 3018 2828 ἐπιθέσεως
3038 2765 3148 2817 τῶν
3193 2764 3454 2834 χειρῶνιή
3483 2762 3580 2814 τοῦ

2010 2864 2154 2916 θείου
2203 2863 2384 2925 ἐλέους
2434 2860 2710 2929 ἐπισκοπὴ
2764 2858 3041 2929 δηλοῦται,
3086 2858 3180 2911 καὶ
3222 2858 3303 2910 ὅτι
3340 2858 3372 2924 ή
3416 2857 3577 2926 χάρις

2010 2958 2121 3017 τοῖς
2158 2954 2329 3019 ἀξίοις
2357 2954 2638 3024 ἐπιφοιτᾷ.
2678 2949 2813 3006 Εἶτα
2850 2958 2943 3005 καὶ
2991 2953 3175 3020 πάσης
3208 2949 3371 3003 αὑτὸν
3398 2950 3582 3017 ἀμαρ-

335 3040 489 3093 aiens
518 3043 582 3093 ad
634 3044 954 3111 ltujusmodi
990 3047 1318 3102 ministeria.
1364 3048 1507 3103 Petit
1562 3050 1793 3121 insuper
1845 3060 1906 3105 ut

2012 3041 2131 3103 τίας
2165 3042 2325 3104 ἐκτὸς
2354 3043 2610 3111 γενέσθαι
2668 3041 2939 3094 δυσιοπεϊί
2971 3041 3053 3095 ὅτι
3113 3040 3291 3102 οὐδεὶς
3344 3038 3585 3107 καθαρὸς

334 3148 459 3185 rum
502 3132 637 3187 bene
672 3136 1070 3190 ministraverit
1103 3137 1306 3193 laboris
1329 3139 1635 3194 mercedem
1677 3156 1705 3194 a
1748 3141 1907 3196 Chri-

260 3292 268 3299 l
333 3238 420 3281 sto
447 3227 699 3295 accipiat.
737 3228 939 3298 Sicque
966 3228 1077 3283 Deo
1108 3230 1219 3283 alta
1250 3245 1381 3285 voce
1414 3232 1636 3287 laudato
1668 3234 1910 3301 (oportet

333 3318 478 3369 enim
522 3319 725 3387 gratias
751 3319 829 3373 illi
853 3335 1017 3388 agere
1052 3336 1152 3389 pro
1183 3322 1443 3378 omnibus
1467 3322 1667 3379 divinis
1696 3324 1910 3393 donis),

335 3420 417 3462 ter
447 3412 645 3479 iterum
681 3410 834 3466 illum
892 3412 1163 3481 signando
1198 3416 1443 3485 mysterii
1476 3417 1913 3471 consummatio-

336 3518 460 3556 nem
501 3503 797 3575 adimplet;
829 3504 1029 3561 deiude
1078 3507 1391 3561 ordinatqu
1422 3522 1452 3563 e
1485 3522 1680 3564 mensa
1724 3508 1910 3580 erigit.

1766 3676 1799 3699 ἦ

869 3792 1102 3849 CAPUT
1144 3795 1381 3850 CLXXI.

340 3877 494 3944 Quod
530 3881 801 3951 episcopus
839 3884 891 3937 in
937 3889 1272 3941 ordinatione
1305 3889 1663 3943 ordinandum
1721 3892 1916 3959 triplici

824 3959 1097 4026 signaculo
1133 3971 1425 4014 Cullaet‘ral.

411 4045 609 4114 Aspice
642 4057 827 4103 autem
862 4056 918 4104 et
943 4052 1165 4106 attende
1191 4050 1514 4109 Trinitatem
1542 4055 1745 4125 ubique
1771 4071 1909 4125 pra!-

338 4136 596 4206 dicatam,
639 4149 693 4194 et
727 4152 1042 4210 operantem
1069 4144 1122 4197 in
1156 4144 1336 4215 nobis,
1361 4156 1525 4215 atque
1553 4146 1737 4203 divina
1772 4151 1915 4205 dona

339 4242 842 4288 tonsummantem.
881 4235 1188 4305 Episcopus
1215 4238 1361 4292 enim
1386 4237 1690 4294 adductum
1720 4242 1910 4296 statim

340 4329 423 4374 ter
449 4337 611 4376 cruce
667 4324 869 4392 signat,
907 4326 959 4378 in
1025 4326 1303 4395 primitias
1361 4330 1802 4387 consecrationis
1855 4343 1911 4386 et

2014 3134 2123 3188 ἀπὸ
2151 3133 2348 3204 ῥύπου,
2393 3137 2486 3187 καὶ
2517 3133 2695 3195 οὐδεὶς
2760 3131 2946 3194 ἱκανὸς
2990 3131 3126 3201 πρὸς
3171 3129 3431 3192 τοιαύτας
3472 3128 3587 3182 διασ

2013 3228 2230 3290 κονίας’
2276 3228 2371 3278 καὶ
2416 3225 2599 3289 καλῶς
2644 3226 3045 3293 διακονήσαντα
3105 3224 3198 3276 τὸν
3249 3222 3442 3293 μισθὸν
3488 3220 3585 3275 τοῦ

2014 3317 2186 3371 κόπου
2222 3318 2409 3372 λαϐεῖν
2446 3318 2598 3387 παρὰ
2624 3317 2719 3370 τοῦ
2755 3315 3021 3387 Χριστοῦ.
3052 3315 3163 3369 Καὶ
3190 3313 3364 3378 οὕτως
3407 3313 3584 3381 ἐκφώ-

2014 3427 2120 3473 νως
2164 3411 2255 3464 τὸν
2286 3410 2418 3464 Θεὸν
2449 3410 2772 3481 ἀνυμνήσας
2809 3408 3184 3479 (εὐχαριστεῖν
3216 3406 3325 3476 γὰρ
3370 3405 3452 3458 δεῖ
3493 3406 3587 3456 ἐϊέί⁵

2015 3503 2152 3555 πᾶσι
2176 3502 2288 3564 τοῖς
2322 3501 2489 3564 θείοις
2524 3499 2761 3571 δώροις),
2798 3499 2921 3569 τρὶς
2948 3499 3110 3552 πάλιν
3137 3497 3454 3569 σφραγίζει,
3489 3496 3587 3565 τήν

2015 3596 2294 3649 τελείωσιν
2329 3581 2603 3665 ἐνεργῶν·
2656 3595 2753 3647 καὶ
2809 3594 3000 3664 ἁνιστᾷ
3034 3592 3139 3663 τῆς
3184 3592 3466 3663 τραπέζης
3495 3588 3587 3645 τὸν

2015 3687 2495 3758 χειροτονηθέντα.

2570 3801 2821 3854 ΚΕΦΑΛ.
2859 3797 3024 3855 POA'.

2020 3892 2152 3948 Ὀτι
2186 3894 2314 3960 τρίς
2348 3892 2420 3947 ἐν
2468 3890 2544 3959 τῇ
2585 3894 2920 3960 χειροτονίᾳ
2956 3894 3161 3962 τριττῇ
3218 3893 3500 3962 σφραγῖδι
3557 3897 3592 3948 d

2174 3962 2456 4032 ιεράρχης
2481 3980 2545 4015 τε
2559 3964 2705 4017 λειοῖ
2730 3964 2835 4017 τὸν
2874 3966 3428 4034 χειροτονούμενον.

2092 4054 2203 4107 Καὶ
2244 4054 2346 4122 ὅρα
2380 4053 2647 4106 πάντοθεν
2687 4053 2787 4123 τὴν
2839 4054 3045 4120 Τριὰδα
3083 4056 3502 4125 κηρυσσομένην
3530 4072 3590 4108 τε

2019 4148 2114 4199 καὶ
2167 4143 2503 4215 ἐνεργοῦσαν
2560 4146 2617 4198 ἐν
2667 4146 2799 4214 ήμῐν
2851 4148 2947 4199 καὶ
2993 4145 3307 4199 τελειοῦσαν
3357 4147 3426 4199 τὰ
3472 4146 3590 4199 θεῖα

2019 4238 2342 4308 δωρήματα.
2395 4237 2618 4307 Πρῶτον
2685 4237 2784 4306 μὲν
2838 4238 2948 4307 γὰρ
3003 4238 3162 4301 εὐθὺς
3213 4238 3590 4308 προσαχθέντα

2023 4330 2319 4402 σφραγίζει
2363 4331 2484 4399 τρὶς
2527 4331 2665 4399 ὅπερ
2729 4331 2879 4384 ἐστὶν
2922 4332 3147 4401 ἀπαρχὴ
3179 4331 3277 4398 τῆς
3330 4329 3594 4398 καθιερώ-

340 4414 730 4469 ordinationis.
789 4414 994 4470 Deinde
1046 4419 1291 4474 secundo
1322 4419 1521 4474 iterum
1562 4436 1685 4475 eum
1736 4423 1915 4493 signat

2020 4437 2161 4483 σεως
2187 4420 2285 4474 atati.
2309 4420 2670 4491 χειροτονίαςο
2706 4414 2826 4473 εἶτα
2866 4419 3120 4490 δεύτερον
3161 4419 3324 4473 πάλιν
3355 4420 3591 4489 σφραγί-

341 4512 426 4555 tct‘
466 4516 589 4573 post
620 4506 1026 4563 invocationem
1056 4511 1252 4567 divina:
1291 4514 1510 4583 gratiae,
1537 4523 1591 4569 et
1629 4517 1684 4569 in
1712 4531 1778 4571 eo
1817 4532 1917 4587 per

345 4611 565 4651 trucem
596 4610 856 4669 operatur
912 4601 1115 4657 donum
1141 4607 1330 4673 gratia:
1353 4608 1407 4659 in
1436 4607 1618 4662 medio
1654 4610 1916 4679 mysterio

346 4704 444 4755 per
469 4688 724 4744 virtutem
755 4688 1068 4760 Trinitatis,
1101 4696 1362 4750 omnibus
1394 4712 1517 4751 cum
1539 4706 1707 4752 cantu
1728 4698 1919 4755 dicen-

343 4781 490 4835 tibus
517 4800 532 4832 ι
558 4780 719 4851 Kyrie
741 4784 965 4840 eleison.
982 4805 1000 4838 ι
1024 4784 1212 4843 Tertio
1234 4790 1464 4859 denique
1484 4800 1606 4861 post
1632 4792 1917 4847 orationes

345 4874 724 4938 pronuntiatus
749 4875 943 4930 iterum
975 4877 1128 4931 illum
1173 4887 1254 4932 ter
1283 4895 1446 4935 cruce
1475 4880 1678 4950 signat,
1712 4892 1771 4935 ut
1804 4883 1916 4951 jam

346 4981 441 5034 per
476 4964 716 5018 divinam
754 4968 1006 5023 virtutem
1039 4985 1068 5024 a
1115 4986 1172 5025 se
1204 4970 1415 5041 integre
1444 4983 1835 5036 consecratum
1863 4982 1918 5028 et

345 5061 709 5117 tunstitutum
757 5063 837 5118 vel
874 5063 1191 5128 diaconum,
1250 5066 1335 5119 vel
1390 5066 1791 5137 presbyterum,
1839 5068 1920 5122 \el

344 5156 691 5226 episcopum.
728 5160 785 5211 lu
818 5158 924 5212 illis
954 5158 1101 5213 enim
1162 5168 1245 5212 ter
1279 5159 1534 5213 similiter
1605 5159 1656 5213 id
1721 5159 1805 5226 ﬁt,
1863 5172 1921 5216 ut

350 5251 606 5306 laudetur
635 5266 690 5307 et
720 5253 1030 5309 celebretur
1065 5252 1330 5318 Trinitas,
1364 5266 1530 5325 atque
1553 5256 1711 5324 signo
1739 5257 1922 5311 crucis

347 5342 566 5408 operari
591 5342 936 5409 ostendatur,
968 5344 1022 5399 in
1062 5345 1333 5413 principio
1362 5345 1572 5400 scilicet
1607 5348 1810 5415 operis,
1868 5348 1922 5400 in

353 5433 555 5498 melio,
591 5441 645 5487 et
679 5434 731 5486 in
779 5434 887 5489 ﬁne
922 5450 940 5487 :
977 5436 1239 5504 quoniam
1273 5451 1335 5489 ea
1378 5435 1492 5488 sola
1547 5451 1712 5490 causa
1759 5446 1840 5491 est
1868 5447 1924 5493 et

351 5526 546 5593 nepti,
595 5535 649 5581 et
704 5522 1005 5595 profectus,
1053 5538 1110 5583 et
1150 5529 1545 5593 exsecutionis,
1574 5547 1694 5599 qtt:e
1758 5530 1922 5585 etiam

354 5616 600 5673 Trinitas
633 5618 779 5672 Deus
810 5627 914 5684 est,
938 5619 1184 5674 omnium
1223 5635 1401 5673 rerum
1428 5635 1617 5675 causa.
1657 5620 1924 5675 Praeterea

360 5726 487 5765 cum
544 5711 651 5763 sint
720 5721 828 5767 tres
882 5713 1111 5779 borum,
1169 5721 1225 5766 ut
1268 5713 1618 5781 angelorum,
1682 5713 1920 5779 ordines,

2021 4513 2104 4577 ζει
2160 4516 2283 4582 τρὶς
2333 4511 2473 4582 μετὰ
2522 4512 2621 4581 τὴν
2679 4511 2970 4580 ἐπίκλησιν
3014 4515 3115 4581 τῆς
3160 4512 3313 4575 θείας
3348 4514 3591 4583 χάριτος,

2019 4603 2262 4674 ἐνεργῶν
2297 4605 2355 4656 ἐν
2383 4602 2532 4673 αὐτῷ
2570 4603 2657 4656 διὰ
2701 4603 2797 4656 τοῦ
2850 4602 3091 4672 σταυροῦ
3141 4605 3288 4655 κατὰ
3329 4602 3391 4656 τὸ
3427 4605 3590 4673 μέσον

2019 4696 2120 4765 τῆς
2154 4695 2376 4765 τελετῆς
2431 4696 2490 4747 ἐν
2533 4697 2600 4766 τῇ
2651 4694 2847 4764 Τριάδι
2875 4695 2939 4747 τὸ
2964 4693 3218 4765 δώρημα,
3249 4694 3469 4747 πάντων
3507 4695 3593 4745 λε-

2018 4789 2228 4855 γόντων
2257 4785 2339 4847 τὸ,
2378 4803 2396 4835 ι
2437 4783 2631 4855 Κύριε,
2662 4784 2908 4852 ἐλέησον,
2948 4800 2968 4834 ι
3008 4784 3125 4851 μετ’
3159 4781 3323 4853 ᾠδῆς·
3357 4783 3454 4834 καὶ
3482 4780 3591 4849 τρί-

2017 4894 2111 4932 τον
2151 4878 2250 4949 ’ήδη
2301 4876 2437 4947 μετὰ
2469 4877 2567 4938 τὰς
2600 4875 2766 4945 εὐχὰς
2811 4878 2931 4942 τρὶς
2964 4874 3126 4929 πάλιν
3155 4872 3472 4942 σφραγίζει,
3504 4873 3581 4933 ὡς

2020 4968 2314 5030 τελειώσας
2366 4968 2463 5019 καὶ
2519 4965 2980 5033 ἀποκαταστήσας
3014 4965 3138 5035 θείᾳ
3186 4965 3412 5034 δυνάμει
3469 4964 3590 5016 ὁλο-

2021 5062 2193 5123 τελῶς
2245 5061 2278 5129 ἢ
2311 5059 2708 5130 λειτουργὸν,ἦ
2757 5058 3153 5126 πρεσϐύτερον,
3189 5057 3221 5127 ἢ
3266 5058 3592 5109 ἐπίσκοπον.

2023 5155 2133 5207 Καὶ
2176 5153 2263 5206 ἐπ’
2298 5152 2527 5214 ἐκείνοις
2572 5152 2681 5222 γὰρ
2717 5151 2916 5221 ὁμοίως
2946 5151 3157 5218 γίνεται
3203 5150 3325 5219 τρὶς
3355 5150 3386 5219 ή
3421 5147 3594 5217 Τριὰς

2025 5251 2343 5318 ὑμνουμένη
2372 5248 2467 5302 καὶ
2500 5247 2801 5316 ἐνεργοῦσα
2842 5248 2909 5317 τῇ
2947 5245 3229 5315 σφραγῖδι,
3266 5245 3322 5296 ἐν
3362 5244 3502 5313 ἀρχῇ
3532 5259 3593 5294 τε

2025 5342 2119 5395 τοῦ
2152 5341 2335 5409 ἔργου,
2372 5341 2467 5393 καὶ
2493 5340 2558 5407 τῇ
2616 5339 2894 5407 μεσότητι,
2940 5338 3037 5389 καὶ
3070 5335 3146 5404 τῷ
3192 5336 3359 5387 τέλει’
3387 5335 3471 5387 ὅτι
3500 5333 3594 5384 καὶ

2026 5432 2121 5504 τού
2155 5433 2425 5504 ἄρξασθαι
2466 5426 2628 5494 εἶναι,
2667 5430 2761 5482 καὶ
2796 5428 2891 5482 τοῦ
2940 5428 3279 5496 προκόπτειν
3305 5466 3319 5489 ,
3355 5425 3452 5478 καὶ
3502 5422 3596 5477 τοῦ

2028 5502 2108 5589 εἰς
2149 5502 2297 5587 τέλος
2348 5524 2545 5588 ἐλθεῖν,
2593 5521 2735 5592 αὕτη
2769 5522 2904 5593 μόνη
2942 5521 3092 5574 αἰτία
3111 5561 3125 5586 ,
3151 5522 3184 5589 ή
3208 5521 3303 5571 καὶ
3331 5520 3440 5571 τῶν
3463 5518 3597 5570 ὅλων

2030 5620 2179 5672 αἰτία.
2209 5620 2236 5670 ὀ
2257 5619 2389 5680 Θεὸς
2420 5619 2452 5685 ἡ
2474 5616 2643 5685 Τριάς
2675 5616 2845 5668 ἐστιν.
2873 5613 3040 5665 ’Δλλὰ
3071 5612 3167 5666 καὶ
3194 5611 3267 5674 ὼς
3293 5607 3597 5679 άγγελικῶν

2030 5713 2256 5766 τουτωνὶ⁵
2289 5711 2394 5765 τῶν
2413 5711 2579 5782 τριῶν
2612 5707 2787 5762 οὐσῶν
2812 5707 3038 5773 τάξεων,
3057 5706 3326 5767 διακόνου,
3362 5702 3599 5768 πρεσϐυ-
