4044 6198
405 339 511 401 333

1214 335 1594 397 SYMEONIS
1632 332 2391 395 TIIESSALONICENSIS
2458 334 2815 397 ARCilIEP.

3538 336 3638 400 384

408 464 620 509 tantum
671 470 763 511 sex
792 454 889 510 alas
914 452 1245 524 signiﬁcant,
1273 470 1459 509 verum
1492 454 1655 508 ctiam
1706 450 1964 507 Cruciﬂxi

2078 467 2097 499 ι
2135 447 2346 515 Ἄγιος,
2375 448 2551 516 ἅγιος,
2587 450 2763 517 ἅγιος,
2801 469 2818 502 ι
2861 449 3145 505 ἐκϐοῶσιν.
3186 450 3349 505 Ἀλλὰ
3401 453 3497 505 καὶ
3539 454 3631 507 τοῦ

406 557 590 616 typum
622 557 834 614 gerunt.
867 547 979 601 Alae
1010 547 1157 601 enim
1186 560 1436 615 superna:
1476 554 1529 601 et
1555 545 1784 600 infernae
1820 552 1971 607 sunt,

403 638 568 692 veluti
605 639 807 708 lignum
837 640 1017 694 crucis
1051 647 1291 694 erectum
1320 655 1334 705 ;
1366 654 1487 708 quae
1513 654 1642 693 vero
1690 652 1754 691 ex
1788 636 1972 691 lateri-

404 729 508 783 bus
538 744 707 784 cornu
760 740 1156 801 repracsentant
1204 742 1257 786 et
1312 731 1517 800 lignum
1575 739 1969 785 transversum.

404 817 530 872 Ideo
559 818 807 875 diaconis
844 829 900 875 ut
958 820 1242 889 Seraphim
1281 819 1643 888 ﬁgurantibus
1694 819 1970 873 ﬂabellum

402 909 711 977 apontiﬂce
750 910 1007 963 traditur.
1051 909 1189 963 illud
1248 918 1432 963 autem
1486 909 1601 962 alas
1652 907 1971 975 angelorum

400 1000 672 1069 designat,
706 1000 822 1069 ipsa
851 1016 1070 1070 quoque
1097 1000 1393 1056 Cherubim
1428 1008 1481 1055 et
1505 999 1821 1069 Seraphim.
1846 1013 1971 1052 cum

396 1100 458 1146 et
502 1092 788 1161 Seraphim
818 1092 1089 1146 ﬂabellum
1118 1092 1390 1162 depictum
1420 1091 1676 1156 habeant,
1736 1105 1857 1159 quae
1892 1104 1972 1160 ty-

398 1198 528 1247 pum
604 1180 804 1251 gerunt
856 1198 1044 1237 eorum
1110 1198 1232 1252 qua:
1278 1184 1331 1236 in
1390 1183 1508 1253 iege
1566 1181 1972 1237 obumbrabant

399 1289 606 1337 arcam,
634 1282 687 1330 et
723 1291 787 1330 ea
830 1291 950 1345 qum
1001 1275 1203 1331 Sancta
1246 1284 1564 1329 sanctorum
1620 1275 1968 1330 dicebantur.

397 1364 533 1419 Nam
583 1366 629 1420 si
691 1368 806 1421 haec
836 1375 965 1421 tunc
1021 1367 1254 1421 erantin
1291 1366 1507 1429 umbra,
1566 1367 1741 1420 multo
1797 1367 1971 1435 magis

400 1460 634 1513 veritate
666 1470 1016 1529 comparente
1048 1459 1227 1515 locum
1288 1459 1487 1514 habere
1548 1460 1768 1513 debent.
1832 1458 1971 1512 Sunt

404 1550 569 1602 etiam
611 1550 699 1604 hic
735 1566 866 1605 vere
907 1551 1230 1621 angelorum
1264 1550 1666 1616 multitudines,
1721 1558 1774 1604 et
1818 1551 1970 1605 multi

2076 540 2485 607 σταυρωθέντος
2520 544 2577 594 ὲν
2605 542 2780 607 τούτῳ
2813 542 2995 612 ἔχουσι
3038 530 3211 597 τύπον
3241 545 3310 598 τὰ
3336 544 3635 615 ἃξαπτέρυ-

2072 646 2165 697 γα.
2215 631 2296 684 Τἁ
2349 632 2460 685 ἄνω
2515 632 2612 700 μὲν
2643 633 2872 702 γὰρκαὶ
2926 634 3081 687 κάτω
3127 637 3303 702 πτερά
3355 636 3543 708 ὥσπερ
3576 639 3637 692 τὸ

2076 720 2248 790 ίκρίον
2299 722 2417 775 ἐστὶ
2458 722 2552 777 τοῦ
2605 724 2841 793 σταυροῦ
2867 741 2881 755 ο
2910 725 2975 778 τὰ
3008 725 3065 778 δὲ
3094 727 3155 779 ἐκ
3188 726 3434 793 πλαγίων
3464 733 3639 801 πτερὰ

2070 815 2132 867 τὸ
2175 815 2365 885 κέρας.
2417 816 2508 868 Διὸ
2559 820 2651 869 καὶ
2692 820 2804 881 τοῖς
2845 818 3117 882 διακόνοις
3165 819 3241 883 ὡς
3273 820 3341 873 τὰ
3389 823 3639 891 Σεραφὶμ

2072 905 2400 971 ὲκτυτεοῦσι,
2432 908 2530 959 καὶ
2563 910 2799 976 ριπίδιον
2857 910 3059 963 δίδοται
3115 911 3267 981 παρὰ
3306 913 3399 964 τοῦ
3453 915 3639 982 ἀρχιε-

2075 996 2216 1067 ρέως
2241 1013 2257 1029 ⁸
2288 999 2421 1052 αὐτὸ
2467 1000 2523 1053 δὲ
2554 1001 2653 1060 τὰς
2690 1002 2967 1070 πτέρυγας
3001 1003 3152 1071 δηλοῖ
3206 1006 3315 1057 τῶν
3356 1007 3601 1073 ἀγγέλων
3624 1023 3639 1035 '

2073 1088 2167 1139 xui.
2215 1088 2354 1142 αὐτὰ
2398 1090 2468 1144 τὰ
2514 1092 2799 1161 Χερουὸίμ
2843 1109 2902 1146 τε
2941 1093 3037 1147 καὶ
3086 1094 3337 1163 Σεραφιμ
3380 1094 3640 1162 ἐξεικονι-

2074 1177 2249 1246 σμένα
2277 1178 2415 1249 ἔχει·
2452 1181 2548 1233 καὶ
2587 1182 2809 1234 ἐκείνων
2844 1183 3070 1252 φέρουσι
3124 1183 3297 1237 τύπον
3326 1184 3432 1237 τῶν
3466 1186 3523 1238 ὲν
3562 1185 3638 1255 τῷ

2072 1269 2243 1339 νόμῳ,
2273 1271 2706 1335 ὲπισκιαζόντων
2733 1274 2832 1342 τὴν
2859 1273 3091 1327 κιϐωτὸν
3134 1277 3228 1327 καὶ
3261 1276 3329 1328 τὰ
3368 1276 3640 1344 λεγόμενα

2073 1362 2244 1429 Ἅγια
2290 1362 2400 1414 τῶν
2446 1362 2639 1428 ἁγίων.
2678 1363 2741 1417 Ei
2772 1364 2881 1433 γὰρ
2913 1365 3035 1418 τότε
3088 1361 3156 1437 ἦν
3189 1368 3244 1419 ὲν
3272 1370 3337 1437 τῇ
3381 1370 3530 1438 σκιᾷ,
3561 1367 3641 1420 δεῖ

2076 1454 2277 1521 μᾶλλον
2316 1454 2553 1509 ἐνταῦθα
2586 1452 2749 1522 εῖναι,
2783 1457 3047 1525 φανείσης
3075 1458 3173 1527 τῆς
3200 1460 3481 1528 ἀληθείας.
3516 1460 3638 1512 Εἰσὶ

2071 1543 2128 1597 δὲ
2158 1544 2253 1597 καὶ
2283 1544 2497 1614 ἀληθῶς
2528 1546 2707 1616 πλήθη
2762 1540 2864 1602 ὧδε
2921 1548 3193 1615 ἀγγέλων.
3239 1550 3348 1601 Καὶ
3397 1550 3636 1603 πλεῖστοι

406 1640 631 1695 Patrum
693 1650 1009 1696 nostrorum
1050 1657 1144 1697 eos
1200 1643 1457 1696 viderunt
1509 1650 1563 1697 et
1616 1642 1968 1711 contemplati

2072 1634 2299 1698 τούτους
2344 1635 2686 1706 πληροῦντας
2714 1637 2807 1690 τὸν
2855 1633 3005 1691 οἶκον
3043 1638 3152 1691 τῶν
3187 1639 3451 1709 Πατέρων
3481 1639 3636 1709 ήμῶν

404 1740 534 1786 sunt
560 1732 782 1787 domum
813 1734 1109 1803 replentes.
1135 1734 1467 1803 Angelorum
1509 1741 1689 1788 autem
1721 1732 1967 1788 ordinem

2076 1724 2410 1779 ἐθεάσαντο·
2478 1727 2573 1779 καὶ
2616 1728 2773 1781 αὐτοὶ
2826 1728 2883 1781 δὲ
2935 1729 2986 1782 οἱ
3038 1729 3132 1784 τοῦ
3187 1730 3333 1800 ἱεροῦ
3391 1730 3631 1800 βήματος

402 1832 459 1877 et
497 1824 645 1879 vices
673 1826 972 1892 sustinent,
1002 1826 1093 1893 qui
1118 1826 1186 1879 ad
1208 1840 1424 1879 sacrum
1469 1825 1640 1879 altare
1673 1825 1964 1892 pertinent.

2073 1817 2230 1883 τάξιν
2257 1818 2438 1889 ἔχουσι
2468 1821 2577 1875 τῶν
2626 1822 2874 1891 ἀγγέλων
2897 1839 2913 1855 ·
2950 1824 3098 1895 ὅμως
3125 1824 3180 1877 δὲ
3210 1796 3308 1877 οῦκ
3339 1796 3634 1893 ἀπόῦλητοι

406 1914 706 1983 Ιιρὶἱρίριιᾶί
734 1925 913 1970 tamen
949 1932 1057 1971 non
1091 1926 1222 1971 sunt
1253 1932 1435 1971 rerum
1496 1916 1804 1971 divinarum
1857 1917 1967 1987 typi

398 2016 455 2060 et
482 2006 770 2076 imagines,
804 2006 1001 2077 quippe
1033 2008 1125 2078 qui
1185 2023 1288 2063 nos
1320 2006 1387 2061 ad
1438 2014 1727 2079 prototypa
1778 2022 1971 2061 manu-

406 2102 638 2158 ducunt.
1468 2186 1471 2191 Ι

930 2190 1159 2247 CAPUT
1189 2190 1445 2246 CLXXV.

399 2304 544 2369 Quid
608 2306 865 2376 signiﬁcet
916 2309 1057 2375 quod
1108 2308 1362 2360 diaconus
1430 2308 1703 2362 osculatur
1757 2324 1969 2361 sarram

470 2392 725 2443 mensam,
777 2393 1094 2446 manumque
1137 2387 1186 2431 et
1216 2394 1404 2448 genam
1450 2380 1678 2447 episcopi
1704 2388 1751 2432 et
1784 2379 1969 2432 diaco-

485 2461 602 2500 nos.

474 2559 720 2616 Tradens
746 2561 912 2631 igitur
941 2562 1232 2631 cpiscopus
1264 2562 1497 2616 diacono
1520 2562 1815 2629 flabellum,
1841 2578 1965 2618 eum

395 2652 553 2721 jubet
605 2653 841 2723 primum
888 2654 1125 2709 osculari
1185 2669 1397 2709 sacram
1462 2670 1732 2718 mensam,
1784 2664 1970 2726 utpote

398 2745 492 2812 qui
528 2742 585 2798 in
626 2760 687 2799 ea
723 2744 951 2815 gratiam
1006 2746 1333 2815 susceperit,
1359 2744 1557 2800 deinde
1601 2761 1821 2799 manum
1855 2747 1971 2815 epi-

400 2839 696 2909 scopalem,
736 2840 881 2894 velut
921 2854 1019 2909 per
1051 2839 1225 2908 ipsam
1258 2838 1597 2894 ordinatum.
1636 2836 1825 2893 Tertio
1880 2852 1970 2903 ge-

400 2947 523 2983 nam
585 2938 811 3001 propter
850 2930 1200 2996 charitatem,
1238 2943 1291 2986 et
1333 2933 1386 2985 in
1423 2930 1625 2985 divinis
1663 2930 1966 2995 unionem;

396 3031 453 3075 et
488 3022 631 3091 quod
662 3022 915 3077 amabilis
958 3024 1029 3076 sit
1054 3022 1106 3076 in
1141 3023 1360 3076 Christo
1388 3022 1479 3091 qui
1517 3022 1655 3076 bona
1687 3036 1782 3090 per
1808 3021 1969 3089 spiri-

2071 1909 2166 1961 καὶ
2214 1910 2265 1962 oi
2314 1910 2422 1964 τῶν
2463 1910 2623 1965 θείων
2664 1912 2850 1981 τύποι,
2887 1913 2963 1979 ὡς
2996 1914 3472 1987 χειραγωγοῦντες
3500 1913 3636 1987 πρὸς

2070 2001 2140 2053 τὰ
2190 2004 2543 2073 πρωτότυπα.

2629 2188 2850 2243 ΚΕΦΑΛ
2865 2231 2879 2244 .
2914 2188 3082 2245 POE'.

2078 2297 2140 2349 Τί
2190 2297 2256 2373 τὸ
2304 2300 2677 2373 ἠοξπάζεσθαι
2705 2305 2808 2357 τὸν
2856 2303 3146 2359 διάκονον
3180 2306 3295 2373 τὴν
3321 2308 3632 2371 τράπεζαν,

2143 2367 2259 2447 τὴν
2298 2369 2490 2447 χᾼεῖρα-
2515 2374 2611 2425 καὶ
2670 2373 2924 2441 παρειὰν
2973 2376 3082 2430 τοῦ
3128 2367 3447 2447 ἀρχιερέως
3474 2420 3488 2443 ,
3518 2367 3635 2433 rami

2142 2438 2283 2503 τοὺς
2313 2440 2657 2508 διακόνους.

2146 2548 2449 2617 Παρασχὼν
2477 2552 2657 2604 τοίνυν
2699 2554 2726 2605 6
2758 2555 3020 2633 ἱεράρχης
3053 2557 3132 2627 τῷ
3169 2557 3404 2629 διακόνῳ
3452 2574 3544 2614 και
3574 2560 3635 2614 τδ

2072 2639 2329 2708 ῥιπίδιον,
2365 2642 2577 2695 κελεύει
2631 2644 2818 2699 τοῦτον
2871 2648 3227 2704 ἀσπάσασθαι
3270 2653 3491 2721 πρῶτον
3532 2653 3632 2724 τὴν

2073 2729 2226 2798 ἱερὰν
2265 2732 2547 2798 τράπεζαν
2581 2735 2656 2797 ὡς
2689 2737 2746 2789 ἐν
2779 2737 2916 2809 αὐτῇ
2968 2738 3066 2809 τὴν
3107 2741 3269 2811 χάριν
3299 2742 3589 2811 δεξάμενον
3614 2762 3628 2775 ·

2072 2818 2195 2875 εἶτα
2228 2825 2323 2876 καὶ
2356 2825 2453 2893 τὴν
2495 2827 2888 2899 ἀρχιερατικὴν
2917 2832 3073 2901 χεῖρα
3100 2830 3174 2894 ὡς
3214 2835 3280 2887 δι’
3320 2834 3492 2903 αὐτῆς
3520 2854 3635 2904 χειο

2074 2919 2432 2987 ροτονηθέντα
2452 2938 2468 2953 ·
2502 2923 2599 2974 καὶ
2634 2921 2817 2991 τρίτον
2845 2923 2944 2993 τὴν
2979 2924 3217 2995 παρειὰν
3254 2927 3341 2980 διὰ
3370 2928 3467 2997 τὴν
3497 2929 3635 2995 ἀγά-

2071 3024 2181 3073 πην
2218 3010 2311 3062 καὶ
2347 3011 2543 3064 ἕνωσιν
2574 3012 2711 3080 πρὸς
2751 3014 2819 3066 τὰ
2857 3014 2996 3067 θεῖα·
3047 3018 3142 3069 καὶ
3187 3018 3270 3071 ὅτι
3322 3019 3549 3089 ἔραστδς
3576 3021 3633 3074 ἐν

399 3123 513 3167 tum
538 3114 839 3178 distribuit,
872 3124 925 3167 et
956 3114 1191 3168 dilectus
1244 3115 1335 3183 qui
1374 3113 1608 3181 accepit.
1665 3113 1861 3167 Postea
1913 3125 1964 3169 et

2070 3100 2289 3170 Χριστῷ
2323 3104 2349 3154 6
2390 3104 2458 3155 τὰ
2501 3105 2683 3170 ἀγαθὰ
2729 3100 3002 3177 πνεύματι
3048 3111 3247 3180 νέμων,
3281 3114 3375 3165 καὶ
3417 3114 3633 3183 ἀγαπη-

396 3204 661 3259 diaconos
680 3205 984 3267 osculatur,
1021 3205 1173 3274 prius
1207 3206 1649 3273 uniuscujusque
1680 3205 1959 3259 horarium

398 3295 755 3364 deosculans;
788 3301 1172 3353 demonstrans
1204 3298 1303 3351 hac
1326 3298 1562 3360 actione,
1599 3306 1651 3350 et
1686 3298 1846 3351 veluti
1884 3300 1965 3351 di-

397 3400 551 3448 cens,
579 3384 685 3439 Per
718 3387 821 3442 hoc
854 3387 1061 3442 donum
1095 3387 1251 3443 vobis
1278 3403 1396 3443 sum
1429 3389 1620 3441 unitus
1665 3396 1716 3441 et
1738 3389 1965 3455 mqnalis

401 3477 601 3543 iactus,
629 3487 681 3535 et
712 3495 879 3534 unum
930 3482 1232 3547 vobiscum,
1290 3482 1645 3549 ejusdemque
1684 3480 1963 3534 vobiscum

396 3568 629 3624 ordinis.
663 3570 741 3624 Illi
769 3585 898 3625 vero
928 3572 1128 3625 invidia
1178 3572 1369 3641 procul
1423 3571 1477 3624 in
1511 3570 1783 3624 cbaritate
1842 3585 1963 3622 eum

400 3659 720 3729 resalutant,
753 3677 979 3734 seseque
1013 3665 1392 3719 demonstrant
1429 3662 1563 3718 socii
1591 3661 1674 3716 sui
1705 3670 1755 3716 et
1784 3676 1961 3730 atqua-

399 3750 466 3804 lis
499 3759 771 3807 amatores
808 3753 876 3808 ab
927 3753 1046 3824 ipso
1099 3753 1151 3807 in
1194 3754 1386 3824 spiritu
1439 3753 1630 3815 amati,
1692 3761 1744 3806 et
1793 3752 1966 3822 ipsius

400 3851 668 3899 amantes.
701 3843 970 3899 Diacunus
1011 3845 1176 3914 igitur
1206 3845 1287 3900 sic
1340 3853 1700 3899 consecratus
1728 3851 1781 3896 et
1835 3858 1967 3897 con-

399 3944 703 3988 summatus
738 3943 845 3990 stat
892 3934 956 3989 ad
995 3936 1436 4000 ministrantium,
1474 3934 1742 3989 ﬂabellmu
1800 3950 1963 3987 manu

402 4029 618 4086 tenens,
661 4025 835 4080 donec
885 4037 1070 4081 sancta
1116 4027 1452 4082 extollantur
1498 4036 1553 4080 et
1589 4026 1968 4080 demonstren-

402 4121 509 4171 tur.
547 4112 702 4169 Tunc
756 4117 890 4171 illud
923 4117 1153 4188 deponit
1201 4118 1355 4173 [inito
1394 4118 1720 4179 ministerio,
1754 4115 1966 4171 accedit

400 4208 544 4260 enim
583 4209 985 4265 communionis
1011 4216 1247 4278 tempus.
1283 4210 1407 4264 Ideo
1441 4219 1725 4278 postquam
1748 4208 1968 4277 episce-

401 4313 502 4366 pus
553 4309 608 4353 et
655 4301 963 4371 presbyteri
1031 4301 1606 4367 communicaverunt,
1664 4302 1780 4370 ipse
1838 4310 1968 4355 ante

399 4390 646 4455 quemvis
671 4389 834 4442 alium
884 4390 1173 4444 diaconum
1205 4407 1327 4445 eum
1376 4392 1465 4461 pio
1502 4392 1695 4445 timore
1728 4390 1962 4454 accedit,

2065 3192 2155 3254 τὸς
2188 3196 2215 3245 6
2245 3194 2441 3249 λαϐὼν.
2480 3192 2611 3251 Εἶτα
2680 3200 2773 3251 καὶ
2826 3202 2950 3263 τοὺς
2997 3202 3275 3267 διακόνους
3331 3206 3632 3271 ἀσπάζεται

2066 3283 2350 3354 πρότερον,
2388 3287 2446 3338 ὲν
2493 3289 2708 3357 ἑκάστῳ
2739 3290 2921 3343 καὶτὸ
2952 3291 3191 3361 ὠράριον
3229 3295 3631 3364 ἀσπαζόμενος,

2067 3375 2282 3438 δεικνὺς
2327 3378 2421 3429 καὶ
2471 3380 2635 3432 οἱονεὶ
2702 3382 2895 3448 λέγων,
2938 3384 3021 3436 ὅτι
3065 3385 3163 3438 Διὰ
3210 3386 3401 3440 τούτου
3432 3389 3494 3456 δὴ
3533 3388 3630 3442 τοῦ

2070 3465 2413 3536 χαρίσματος
2440 3469 2570 3537 ὑμῖν
2598 3469 2839 3540 ἠνώθην,
2870 3474 2961 3527 καὶ
2990 3476 3265 3547 ὀμοταγὴς
3289 3478 3509 3545 γέγονα,
3539 3482 3632 3531 καὶ

2065 3558 2126 3609 ἓν
2175 3560 2291 3628 εἰμι
2326 3561 2443 3629 μεθ’
2491 3563 2666 3631 ὑμῶν,
2715 3567 2805 3617 καὶ
2860 3568 2963 3635 τῆς·
3003 3569 3175 3638 αὐτῆς
3222 3570 3350 3639 ὑμῖν
3398 3574 3625 3637 τάξεως.

2067 3650 2129 3702 Οἱ
2163 3650 2221 3703 δὲ
2263 3652 2459 3719 φθόνου
2496 3656 2664 3724 χωρῖς
2692 3657 2751 3707 ὲν
2788 3657 2978 3731 ἀγάπῃ
3028 3661 3465 3726 ἀντασπάζονται
3499 3664 3627 3721 τοῦ·

2065 3759 2178 3805 τον,
2214 3745 2308 3797 καὶ
2331 3746 2554 3815 ἐρασταὶ
2603 3748 2696 3799 τοῦ
2741 3751 3049 3819 ὁμοταγοῦς
3083 3755 3179 3807 καὶ
3228 3755 3502 3826 ἀγαπητοὶ
3533 3760 3631 3813 καὶ

2067 3836 2391 3903 ἀγαπῶντες
2431 3841 2490 3892 ὲν
2536 3840 2810 3911 πνεύματι
2838 3842 3169 3899 δείκνυνται.
3202 3846 3390 3910 Οῦτως
3420 3846 3513 3903 οῦν
3542 3869 3630 3904 τε-

2066 3929 2311 3993 λειωθεὶς
2360 3932 2389 3984 6
2434 3933 2701 3999 διάκονος,
2735 3935 2873 4004 πρὸς
2904 3938 2964 3989 τὸ
3014 3938 3368 4006 ἐξυπηρετεῖν
3390 3941 3624 4005 ἵσταται,

2065 4022 2127 4075 τὸ
2161 4024 2396 4093 ριπίδιον
2453 4026 2699 4095 κατέχων
2724 4029 2787 4096 τῇ
2814 4029 2978 4099 χειρὶ,
3009 4030 3115 4092 ἕως
3146 4024 3207 4083 οῦ
3259 4032 3515 4100 ὑψωθῶσι
3557 4036 3624 4089 τὰ

2068 4113 2218 4182 ἅγια.
2251 4115 2385 4168 Τότε
2416 4116 2473 4169 δὲ
2503 4116 2685 4187 τίθησι
2718 4118 2873 4171 τοῦτο
2899 4120 2997 4187 τῆς
3030 4120 3334 4190 ὑπηρεσίας
3361 4126 3627 4177 τελεσθεί-

2069 4222 2189 4276 σης’
2218 4208 2438 4278 ἔρχεται
2478 4209 2583 4279 γὰρ
2620 4210 2651 4277 ἡ
2682 4210 2959 4266 κοινωνία.
2997 4212 3088 4265 Διδ
3122 4212 3330 4267 καὶτοῦ
3371 4214 3621 4284 ίεράρχου

2070 4297 2293 4351 καὶτῶν
2324 4299 2516 4368 ἱερέων
2550 4303 2952 4370 μετασχόντων,
2991 4303 3088 4355 καὶ
3131 4302 3283 4367 οὗτος
3316 4306 3433 4373 μετ’
3464 4308 3623 4359 εὐλα-

2071 4387 2223 4450 6είας
2257 4389 2571 4458 προσελθὼν
2631 4395 2735 4461 πρὸ
2782 4393 2985 4455 παντὸς
3025 4392 3184 4446 ἄλλον
3233 4394 3501 4459 διακόνου,
3536 4397 3627 4449 τὸν

404 4489 451 4531 ιι
480 4479 723 4532 divinum
753 4495 969 4549 panem,
1003 4482 1247 4535 utmuris
1268 4491 1352 4535 est
1378 4482 1648 4544 diaconis,
1682 4496 1847 4534 manu
1898 4481 1966 4536 ab

2072 4480 2213 4533 θεῖον
2246 4481 2409 4550 άρτον
2456 4482 2906 4552 λαμϐάνει-παρὰ
2958 4485 3053 4537 τοῦ
3080 4486 3333 4555 ἱεράρχου
3363 4490 3427 4554 τῇ
3460 4490 3625 4558 χειρὶ,

399 4571 660 4640 episcopo
714 4572 931 4641 accipit,
962 4581 1016 4628 et
1044 4573 1234 4629 ealicis
1267 4572 1476 4642 aliquid
1527 4573 1688 4627 labiis
1716 4573 1967 4643 degustat

401 4670 525 4713 ante
570 4675 763 4717 omnes
823 4661 999 4729 alios;
1062 4678 1172 4732 pra:
1221 4665 1432 4717 cmteris
1484 4662 1626 4717 enim
1664 4672 1724 4716 ut
1778 4678 1967 4718 recens

400 4760 756 4806 consecratus
816 4752 1115 4807 honoratur
1166 4761 1388 4823 propter
1413 4753 1615 4808 divinae
1669 4754 1859 4824 gratiae
1909 4755 1963 4809 in

401 4841 521 4911 ipso
552 4842 956 4899 innovationem
989 4854 1042 4899 et
1077 4846 1569 4902 consecrationem.

895 4956 1123 5013 CAPUT
1179 4957 1461 5013 CLXXVI.

404 5048 580 5114 Quare
611 5050 889 5112 diaconus,
925 5065 1017 5103 nec
1052 5065 1152 5104 non
1184 5051 1451 5119 presbyter
1477 5063 1679 5118 septem
1707 5051 1816 5104 dies
1841 5067 1963 5106 con-

718 5122 889 5172 tinuos
913 5136 1065 5173 sacro
1099 5120 1262 5193 ofﬁcio
1299 5122 1653 5189 pet-fungitur.

478 5210 541 5263 Et
566 5219 770 5278 septem
801 5210 995 5264 diebus
1021 5210 1301 5264 continuis
1333 5223 1459 5263 cum
1486 5216 1769 5265 sacerdote
1804 5212 1967 5265 mini-

404 5311 564 5365 strat,
607 5312 719 5356 tum
778 5304 847 5357 ob
900 5303 1216 5357 honoranda
1257 5301 1495 5370 Spiritus
1526 5302 1765 5371 gratuita
1798 5304 1963 5369 dona,

405 5404 517 5446 tum
556 5402 612 5447 ut
656 5394 836 5462 operis
882 5394 1122 5448 habitmn
1172 5394 1460 5447 contrahat
1491 5403 1663 5460 ,tum
1702 5395 1863 5448 etiam
1901 5410 1968 5449 ne

406 5484 575 5537 divini
608 5485 789 5553 operis
812 5484 991 5553 aliqua
1023 5485 1114 5538 ﬁat
1148 5485 1483 5553 interruptio
1513 5485 1723 5555 integra
1752 5485 1964 5539 dierum

408 5573 768 5639 hebdomade,
801 5588 918 5643 quae
951 5574 1252 5643 prcsentem
1282 5582 1524 5629 nostram
1560 5575 1723 5627 vitam
1761 5574 1969 5643 signiti-

405 5679 486 5719 rat
517 5668 945 5735 septimanarum
982 5682 1129 5720 more
1154 5675 1591 5734 prmtcrcuntcm,
1614 5668 1787 5735 inqua
1831 5666 1966 5719 inte-

406 5771 498 5825 gra
530 5754 621 5809 Dei
651 5772 786 5823 opus
846 5756 1218 5811 indesinenter
1258 5756 1436 5812 facere
1489 5757 1773 5811 debemus.
1829 5754 1959 5809 Nam

2067 4570 2142 4633 ὡς
2174 4570 2294 4633 ἔθος
2345 4574 2454 4635 τοῖς
2489 4575 2789 4639 διακόνοις,
2810 4576 2904 4628 καὶ
2937 4577 3031 4629 τοῦ
3068 4578 3329 4647 ποτηρίου
3379 4582 3491 4640 τοῖς
3518 4579 3629 4647 χεί-

2068 4660 2184 4712 λεσι
2244 4661 2352 4731 πρὸ
2399 4663 2507 4715 τῶν
2554 4663 2730 4717 ἄλλων
2764 4681 2779 4696 ·
2807 4663 2881 4728 ὡς
2932 4665 3061 4735 ἄρτι
3108 4666 3217 4735 γὰρ
3248 4666 3626 4735 καθιερωθεὶς,

2070 4754 2406 4821 προτιμᾶται
2438 4752 2527 4813 διὰ
2559 4754 2651 4808 τὸν
2686 4755 2744 4807 ὲν
2776 4754 2925 4824 αὐτῷ
2968 4757 3067 4824 τῆς
3093 4755 3242 4820 θείας
3275 4757 3628 4826 ὲγκαινισμὸν

2070 4842 2315 4911 χάριτος.

2496 4953 2650 5025 ιω
2709 4955 2961 5010 ΚΕΦΑΛ.
3019 4956 3199 5023 poq'.

2069 5046 2231 5099 Διατί
2278 5046 2426 5101 ἑπτὰ
2452 5047 2674 5114 ἡμέρας
2705 5045 3100 5112 ἀδιαλείπτως
3135 5050 3167 5101 ό
3193 5048 3629 5116 χειροτονηθείς

2207 5116 2487 5181 διάκονος
2518 5116 2870 5184 λειτουργεῖ,
2911 5119 3009 5169 καὶ
3064 5120 3486 5184 πρεσϐύτερος.

2138 5211 2251 5264 Καὶ
2295 5211 2388 5262 ἐπὶ
2425 5209 2641 5278 ἡμέρας
2670 5208 2726 5261 δὲ
2772 5208 2915 5261 ἑπτὰ
2949 5211 3193 5280 συνεχῶς
3225 5211 3323 5263 σὺν
3367 5210 3446 5281 τῷ
3496 5212 3633 5282 ἱερεῖ

2069 5303 2380 5372 λειτουργεῖ
2403 5301 2496 5353 καὶ
2518 5300 2606 5353 διὰ
2635 5299 2734 5370 τὴν
2774 5302 2944 5370 τιμὴν
2975 5300 3081 5354 τῶν
3126 5303 3488 5371 χαρισμάτων
3532 5304 3627 5357 τοῦ

2073 5394 2413 5463 Πνεύματος,
2456 5394 2551 5446 καὶ
2577 5391 2652 5454 ὡς
2680 5391 2745 5445 ἂν
2797 5394 2877 5455 είς
2901 5391 3013 5456 ἕξιν
3037 5391 3166 5463 ἔλθῃ
3195 5392 3289 5445 τοῦ
3320 5391 3505 5462 ἔργου,
3535 5394 3631 5446 καὶ

2068 5486 2157 5538 ἵνα
2211 5485 2285 5553 μὴ
2319 5483 2553 5553 διακοπή
2615 5500 2702 5546 τις
2751 5484 2846 5536 τοῦ
2884 5484 3030 5537 θείου
3085 5484 3248 5555 ἔργου
3281 5485 3506 5553 γένηται
3561 5486 3625 5551 τῇ

2070 5574 2327 5643 ὲόδομάδι
2373 5574 2482 5626 τῶν
2535 5574 2780 5644 ἡμερῶν,
2814 5576 2937 5644 ἥτις
2993 5575 3145 5645 δηλοῖ
3197 5578 3296 5645 τὴν
3346 5573 3628 5644 παροῦσαν

2070 5663 2446 5733 ὲῦδοματικῶς
2478 5663 2830 5732 διερχομένην
2855 5663 3011 5732 ἡμῶν
3030 5663 3198 5734 ζωὴν,
3233 5665 3291 5717 ἐν
3386 5662 3534 5733 πάσῃ
3568 5663 3627 5714 τδ

2071 5756 2228 5823 ἔργον
2261 5754 2355 5807 τοῦ
2391 5754 2527 5806 Θεοῦ
2577 5754 2934 5818 ἀδιαλείπτως
2970 5758 3144 5809 ποιεῖν
3178 5755 3484 5823 ὀφείλομεν.
3534 5750 3625 5808 Ἐν
