4044 6198
344 288 445 354 385

1373 285 1469 345 DE
1511 285 1778 346 SACRIS
1815 285 2306 359 ORDINATIQN
2322 285 2521 348 IBUS.

3486 289 3593 353 386

344 402 448 470 γὰρ
475 399 554 470 τῷ
588 399 839 470 μέλλοντι
865 399 965 470 μία
1011 400 1164 454 ἔσται
1193 399 1285 452 καί
1309 398 1588 467 ἁδιάδοχος
1621 399 1653 468 ἡ
1687 399 1870 469 ἡμέρα
1893 435 1905 458 ,

2020 398 2073 452 in
2109 396 2297 452 futuro
2333 413 2439 454 una
2471 407 2555 453 est
2593 404 2648 453 et
2682 398 3036 455 successione
3067 414 3262 457 carens
3287 399 3426 466 dies,
3484 415 3590 457 uua

341 494 432 548 καὶ
451 492 544 547 τοῦ
578 493 725 547 θείου
758 493 922 563 ἔργου
957 493 1153 563 τελετὴ
1192 493 1290 563 μία
1331 492 1426 546 καὶ
1460 492 1906 552 άκατάπαυστος.

339 586 445 640 Καὶ
467 585 612 639 οὕτω
647 584 750 654 μὲν
795 584 1036 639 τελεῖται
1073 587 1107 654 ὴ
1137 585 1231 638 τοῦ
1283 583 1536 638 διακόνου
1581 581 1906 653 χειροτονία.

882 761 1138 817 ΚΕΦᾹΛ.
1179 763 1348 818 ΡΟΖ⁹.

722 851 865 919 Περὶ
924 851 1031 906 τοῦ
1077 853 1515 920 πρεσϐυτέρου.

403 943 511 999 Τοῦ
535 943 914 1016 πρεσϐυτέρου
938 943 1022 1016 δὲ,
1043 943 1101 1007 δς
1132 943 1228 996 καὶ
1250 943 1560 1007 τελεστικὸς
1581 944 1908 1014 ὀνομάζεται

336 1037 483 1106 παρὰ
517 1035 612 1087 τοῦ
643 1034 787 1088 θείου
822 1034 1131 1100 Διονυσίου,
1174 1035 1249 1098 ὼς
1281 1035 1540 1098 πολλάκις
1573 1037 1905 1106 εἰρήκαμεν,

335 1127 419 1196 διὰ
447 1125 509 1178 τὸ
539 1127 636 1188 τάς
669 1126 890 1188 τελετάς
932 1125 1198 1196 ἐνεργεῖν,
1231 1120 1344 1178 οἷον
1373 1126 1472 1195 τὴν
1507 1127 1823 1192 κοινωνίαν,
1849 1126 1910 1178 τὸ

336 1217 641 1288 βάπτισμα,
675 1217 887 1280 καὶτὰς
920 1218 1252 1287 προσευχάς,
1279 1217 1340 1271 ού
1379 1218 1488 1288 μὴν
1522 1218 1578 1270 δὲ
1606 1219 1706 1289 τὴν
1744 1236 1910 1290 μετα-

334 1309 550 1380 δοτικὴν
583 1310 728 1380 ἔχειν
756 1312 938 1380 χάριν,
972 1309 1082 1363 οὐδ’
1129 1310 1290 1363 ἄλλον
1312 1309 1488 1364 τελεῖν
1545 1312 1701 1382 ἱερέα
1750 1310 1909 1364 δύνα-

334 1409 482 1467 σθαι,
535 1403 712 1468 οὕτως
767 1406 977 1459 ἄνωθεν
1035 1406 1362 1475 ἐνεργεῖται.
1410 1405 1759 1470 Ἐξετάζεται
1809 1406 1909 1460 καὶ

329 1490 478 1560 οὗτος
510 1497 664 1566 παρὰ
691 1495 785 1550 τοῦ
824 1497 1084 1568 ίεράρχου
1131 1497 1262 1567 περί
1293 1514 1352 1550 τε
1391 1495 1510 1568 βίου
1543 1497 1640 1551 καὶ
1679 1499 1905 1568 χρόνον.

883 1670 1137 1726 ΚΕΦΑΔ.
1175 1672 1354 1726 ΡΟΗ’.

329 1780 493 1834 Διατί
519 1779 840 1850 τριάκοντα
896 1783 1136 1852 χρόνων
1189 1784 1614 1854 χειροτονεῖται
1648 1789 1906 1856 πρεσϐύ-

1018 1871 1210 1922 τερος.

393 1943 710 2014 Τριάκοντα
745 1944 803 1998 δὲ
835 1943 998 2008 οὗτος
1034 1946 1239 2015 ὀφείλει
1299 1941 1438 2002 εἷναι
1484 1949 1639 2005 ἑτῶν,
1671 1950 1761 2004 Διὸ
1815 1952 1909 2005 καὶ

231 2105 236 2111 ι
326 2041 710 2112 πρεσϐύτερος
744 2039 1100 2110 ὀνομάζεται,
1128 2040 1204 2106 ῶς
1245 2042 1340 2094 τὸν
1377 2043 1664 2098 νεανίσκον
1699 2045 1904 2114 ὑπερα-

324 2133 517 2198 ναὸἁς,
549 2132 647 2185 καὶ
685 2132 772 2184 τὸν
803 2131 1043 2202 Χριστὸν
1077 2134 1143 2203 τῇ
1173 2132 1362 2204 ἡλικία
1403 2134 1766 2204 μιμούμενος.
1795 2137 1905 2189 Καὶ

325 2225 490 2288 αὐτὸς
519 2224 630 2294 γὰρ
681 2223 954 2278 διδάσκειν
993 2223 1326 2296 ἀρξάμενος,
1360 2227 1501 2294 μετὰ
1528 2227 1589 2278 τὸ
1626 2226 1814 2280 λαϐεῖν
1849 2228 1908 2281 τὸ

289 2311 616 2388 ’Βάπτισμα
664 2317 760 2371 καὶ
807 2317 908 2386 τὴν
963 2319 1026 2371 ἐκ
1065 2317 1159 2369 τοῦ
1214 2318 1430 2388 Πατρὶς
1487 2322 1798 2391 μαρτυρίαν
1850 2323 1908 2375 ὲν

326 2409 634 2478 Πνεύματι,
663 2407 693 2460 δ
719 2405 784 2480 δὴ
816 2407 908 2460 καὶ
931 2407 1007 2469 ὡς
1037 2409 1344 2477 χειροτονία
1375 2404 1442 2478 ἦν
1476 2410 1629 2479 παρὰ
1659 2409 1754 2476 τοῦ
1803 2411 1908 2462 [Ια-

327 2501 478 2571 τρὸς,
536 2519 555 2552 ι
591 2501 890 2571 τριάκοντα
933 2495 1004 2570 ἦν
1049 2499 1186 2553 ἐτῶν
1237 2501 1560 2571 ἀρχόμενος,
1599 2521 1619 2573 ι¹
1654 2501 1906 2572 καθάπερ

327 2595 534 2664 γράφει
588 2595 824 2656 Λουκᾶς.
869 2592 980 2646 Καὶ
1024 2589 1175 2656 οὗτος
1221 2591 1400 2646 τοίνυν
1443 2597 1508 2663 τῇ
1548 2595 1735 2664 ἡλικίᾳ
1767 2589 1905 2647 εἶναι

327 2681 539 2751 ὀρεὶλει
571 2682 801 2750 τέλειος,
850 2684 932 2737 ὃτι
979 2685 1075 2736 καὶ
1121 2685 1300 2751 ἱερεὺς
1330 2683 1592 2750 Χριστοῦ,
1637 2685 1732 2735 καὶ
1765 2683 1907 2736 διδά-

327 2774 554 2842 σκαλος,
591 2775 687 2828 καὶ
725 2775 981 2846 τελεστὴς
1015 2773 1122 2828 τῶν
1158 2773 1318 2828 θείων
1344 2773 1691 2828 καθίσταται.

897 2954 1147 3008 ΚΕΦΛΛ.
1177 2953 1344 3008 ΡΟΘ’.

730 3049 1070 3117 Χειροτονίιι
1093 3045 1528 3116 πρεσϐυτέρου.

392 3141 794 3212 Μαρτυρηθεὶς
830 3137 926 3194 οὖν
969 3142 1068 3193 καὶ
1117 3139 1281 3202 αὐτὸς
1331 3139 1438 3192 ὑπὸ
1491 3137 1904 3211 πρεσϐυτέρων,

328 3237 416 3287 καὶ
451 3234 644 3297 ἱκανὸς
670 3234 804 3304 πρὸς
827 3234 887 3285 τὸ
908 3233 1069 3303 ἔργον
1093 3232 1362 3300 ὲκλεγεὶς,
1393 3233 1732 3302 προσάγεται
1758 3233 1907 3284 τελε-

329 3329 548 3397 σθῆναι.
597 3328 708 3380 Καὶ
763 3328 1197 3396 προηγουμένως
1248 3328 1305 3377 ὲν
1337 3328 1402 3395 τῇ
1453 3325 1714 3394 προθέσει
1743 3325 1908 3396 ἄρτος

325 3419 584 3489 δεύτερος
618 3419 676 3470 ἒν
721 3420 787 3488 τῇ
837 3419 1181 3488 προσκομιδῇ
1237 3415 1690 3485 προσκομίζεται,
1722 3416 1794 3478 ὡς
1842 3417 1909 3470 ἂν

326 3515 513 3566 τοῦτον
575 3513 795 3583 δέξηται
854 3516 976 3574 ταῖς
1060 3510 1218 3580 χερσὶ
1279 3509 1729 3580 χειροτονηθείς·
1789 3507 1909 3562 εἶτα

327 3603 752 3677 ίερουργοῦντος
816 3604 909 3656 τοῦ
962 3603 1244 3672 ίεράρχου,
1310 3601 1750 3671 συλλειτουργῶν
1812 3601 1908 3653 καὶ

328 3700 484 3761 αὐτὸς
514 3696 589 3748 τά
615 3694 710 3747 τοῦ
736 3693 1122 3764 ἁρχιδιακόνου
1147 3693 1312 3746 τελεῖ.
1347 3693 1456 3746 Καὶ
1488 3693 1550 3746 τὸ
1570 3691 1908 3761 Εὑαγγέλιον

327 3789 488 3857 λέγει,
556 3787 814 3855 εὐλογίαν
863 3785 1174 3856 δεχόμενος.
1227 3783 1338 3838 Καὶ
1391 3783 1485 3836 τὸν
1541 3784 1686 3836 θεῖον
1744 3785 1910 3852 ἄρτον

326 3882 414 3933 ἐπὶ
448 3878 706 3948 κεφαλῆς
737 3879 795 3930 ὲν
826 3880 890 3946 τῇ
927 3877 1141 3949 μεγάλῃ
1176 3878 1332 3947 φέρει
1364 3875 1577 3945 είσόδῳ,
1608 3876 1684 3939 ὼς
1714 3877 1782 3929 τὰ
1805 3877 1907 3946 τῆς

323 3970 606 4032 διακονίας
636 3967 943 4030 ἀποδιδούς.
999 3967 1122 4021 Τῶν
1158 3966 1324 4020 θείων
1356 3965 1451 4020 οὖν
1495 3967 1685 4037 δώρων
1723 3967 1909 4018 τεθέν-

324 4078 454 4130 των,
484 4062 591 4116 καὶ
615 4061 712 4114 τοῦ
750 4061 1268 4130 καταπετάσματος,
1297 4059 1326 4112 ὅ
1381 4059 1533 4112 ἐστιν
1561 4058 1589 4110 ὀ
1622 4059 1752 4128 άὴρ,
1785 4057 1908 4126 ἦτοι

321 4159 350 4210 ὀ
383 4157 589 4227 ἀμνὸς,
629 4155 919 4223 κάθηταιό
943 4152 1236 4225 ἀρχιερεύς
1264 4168 1278 4183 ο
1313 4151 1405 4204 καὶ
1441 4152 1702 4204 ἅπτονται
1728 4151 1906 4218 φῶτα,

322 4253 420 4321 τὴν
463 4248 685 4318 λάμψιν
715 4247 984 4317 δηλοῦντα
1033 4247 1129 4299 καὶ
1161 4244 1496 4313 φωτοδοσίαν
1526 4243 1627 4310 τῆς
1661 4243 1904 4312 χάριτος.

324 4343 437 4396 Καὶ
462 4336 627 4404 οὗτος
669 4341 697 4393 ὁ
728 4336 1174 4410 χειροτονηθῆναι
1241 4336 1449 4406 μέλλων
1481 4337 1588 4388 ὑπὸ
1617 4334 1904 4398 διακόνων,

1929 3061 1976 3128 C

2018 503 2237 558 quoque
2290 499 2344 544 et
2407 489 2730 546 indeﬂciens
2763 490 2934 546 divini
2964 493 3150 561 operis
3217 491 3481 561 perfectio
3536 504 3594 548 et

2017 580 2442 636 consummatio.
2484 579 2600 638 lloe
2641 582 2802 638 modo
2849 583 3130 653 perﬁcitur
3176 583 3395 640 diaconi
3447 585 3594 641 ordi-

2019 671 2188 727 natio.

2503 764 2733 822 CAPUT
2787 765 3091 821 CLXXVII.

2587 857 2661 911 De
2691 859 3010 928 presbytero.

2091 947 2400 1021 Presbyter,
2433 951 2527 1022 qui
2565 967 2593 1006 a
2627 951 2888 1022 Dionysio
2921 952 3200 1009 teiesticus
3233 952 3349 1009 sive
3384 964 3590 1026 mystc-

2017 1039 2226 1092 riorum
2261 1047 2520 1108 operator
2571 1047 2816 1106 vocatur,
2864 1049 2919 1093 ut
2965 1039 3166 1107 saapius
3196 1039 3457 1105 diximus,
3525 1056 3590 1095 cn

2017 1132 2162 1200 quod
2195 1133 2453 1203 mysteria
2506 1131 2831 1188 conﬁciendi
2864 1133 3124 1188 virtutem
3170 1133 3386 1198 habeat,
3422 1133 3589 1189 veluti

2017 1224 2492 1292 communionem,
2547 1224 2881 1294 baptismum
2913 1233 2966 1278 et
3005 1239 3220 1294 preces,
3259 1241 3369 1280 non
3404 1234 3586 1280 tamen

2016 1313 2244 1384 gratiam
2302 1315 2460 1368 istam
2514 1330 2638 1370 cum
2693 1316 2865 1372 altero
2926 1318 3414 1382 communicandi,
3487 1334 3588 1373 ne-

2016 1420 2124 1475 que
2151 1405 2316 1459 alium
2370 1408 2424 1460 in
2485 1409 2860 1477 presbyterum
2922 1410 3316 1475 consecrandi,
3383 1411 3466 1466 sic
3517 1417 3589 1466 ab

2018 1495 2248 1565 antiquo
2278 1504 2518 1552 creatur.
2546 1495 2847 1566 lnquiritur
2877 1497 2945 1552 ab
2965 1499 3221 1568 episcopo
3267 1499 3333 1554 de
3368 1499 3480 1554 vita
3533 1508 3590 1556 ct

2015 1592 2196 1638 aetate.

2501 1676 2734 1734 CAPUT
2768 1676 3093 1734 CLXXVIII.

2017 1787 2195 1854 Quare
2229 1791 2449 1860 triginta
2481 1807 2748 1846 annorum
2790 1802 2947 1848 (etate
2979 1799 3252 1866 presbyter
3282 1795 3583 1852 ordinatur.

2083 1949 2330 2022 Triginta
2357 1964 2538 2009 autem
2573 1968 2842 2009 annorum
2879 1968 3004 2010 esse
3041 1953 3245 2021 debet;
3282 1954 3407 2010 ideo
3465 1972 3588 2023 pre-

2011 2047 2219 2116 sbyter,
2258 2046 2312 2101 id
2346 2055 2450 2113 est,
2496 2047 2685 2102 senior
2719 2045 3054 2110 nominatur,
3090 2045 3249 2101 veluti
3287 2046 3582 2114 juvenitem

2009 2147 2224 2194 aetatem
2273 2152 2685 2209 supergressus,
2741 2145 2795 2192 et
2856 2135 3138 2192 Christum
3198 2145 3358 2192 aetate
3403 2140 3586 2206 expri-

2009 2241 2186 2282 mens.
2254 2227 2377 2297 ipse
2427 2229 2573 2283 enim
2637 2227 2836 2282 docere
2899 2228 3065 2295 coepit
3121 2238 3247 2298 post
3300 2240 3580 2298 acceptum

2011 2321 2370 2390 baptismum,
2398 2319 2787 2390 redditumque
2842 2319 2911 2373 de
2957 2319 3076 2389 ipso
3105 2320 3157 2374 in
3194 2320 3399 2390 Spiritu
3431 2324 3586 2376 testi-

2013 2415 2282 2478 monium,
2309 2413 2402 2482 qui
2437 2411 2586 2466 velut
2616 2410 2979 2466 ordinationis
3005 2426 3033 2464 a
3068 2409 3228 2466 Patre
3261 2411 3434 2466 vicem
3495 2429 3588 2482 ge-

2009 2505 2184 2560 rebat.
2223 2502 2429 2559 Scribit
2479 2504 2624 2559 enim
2681 2502 2897 2558 Lucas:
2932 2521 2950 2555 ι
2985 2503 3049 2557 Et
3107 2503 3222 2574 ipse
3264 2504 3424 2560 Jesus
3467 2513 3586 2561 erat

2009 2595 2280 2663 incipiens
2303 2595 2459 2666 quasi
2486 2610 2756 2656 annorum
2793 2595 3083 2666 triginta;
3107 2596 3203 2650 Ille
3236 2595 3402 2666 igitur
3425 2607 3586 2652 mtate

2010 2683 2288 2754 perfectus
2336 2700 2458 2740 esse
2494 2684 2679 2748 debet,
2713 2687 2976 2754 quoniam
3020 2684 3229 2742 Christi
3289 2687 3584 2742 constitui-

2011 2785 2101 2831 tur
2121 2778 2403 2843 sacerdos,
2459 2792 2644 2832 rerum
2680 2779 2990 2834 divinarum
3038 2777 3231 2835 doctor
3262 2787 3317 2834 et
3370 2793 3582 2850 mysta-

1966 2903 1973 2913 ε
2010 2883 2203 2938 gogus.

2540 2961 2765 3018 CAPUT
2798 2960 3077 3017 CLXXIX.

2489 3057 2780 3113 Ordinatio
2831 3058 3143 3129 presbyteri.

2083 3147 2483 3204 Testimonium
2541 3151 2707 3219 igitur
2766 3165 2794 3203 a
2847 3149 3182 3220 presbyteris
3223 3147 3487 3216 referens,
3533 3161 3586 3207 et

2011 3242 2242 3298 idoneus
2273 3243 2339 3296 ad
2370 3242 2476 3297 hoc
2509 3257 2648 3313 opus
2679 3242 2893 3296 electus
2943 3241 3240 3295 adducitur
3283 3251 3343 3295 ut
3393 3256 3586 3298 conse-

2010 3345 2216 3390 cretur.
2260 3334 2369 3390 Sed
2401 3343 2559 3389 antea
2614 3333 2894 3388 secundus
2926 3333 3083 3403 panis
3125 3333 3179 3387 in
3216 3348 3403 3388 mensa
3453 3349 3584 3404 pro-

2011 3429 2302 3497 positionis
2364 3428 2417 3482 in
2461 3428 2736 3482 oblatione
2767 3442 2889 3495 qua:
2938 3427 2992 3481 in
3029 3441 3092 3482 ea
3138 3426 3216 3491 ﬁt,
3245 3425 3490 3493 oﬂertur,
3529 3437 3585 3482 ut

2010 3517 2296 3570 ordinatus
2329 3530 2455 3570 eum
2489 3516 2744 3570 manibus
2787 3516 3046 3586 accipiat.
3077 3515 3270 3571 Postea
3302 3532 3457 3574 sacra
3505 3516 3586 3570 fa-

2011 3607 2190 3662 ciente
2221 3607 2482 3676 episc0po
2522 3606 2825 3672 ministrat,
2851 3617 2904 3662 et
2933 3623 3054 3675 qua:
3079 3613 3205 3661 sunt
3235 3608 3584 3661 archidiaco-

2012 3700 2064 3753 ni
2099 3699 2248 3766 faeit,
2279 3709 2329 3754 et
2370 3709 2596 3769 accepta
2629 3698 3016 3754 benedictione
3043 3699 3400 3768 Evangelium
3432 3699 3581 3768 legit,

2011 3791 2369 3862 divinumque
2401 3805 2596 3860 panem
2635 3804 2800 3858 super
2833 3800 2998 3857 caput
3026 3789 3078 3841 in
3132 3803 3330 3857 magno
3354 3788 3582 3844 introitu

2014 3891 2210 3951 gestat,
2240 3883 2565 3936 diaconatus
2588 3880 2764 3934 otiicio
2785 3881 2865 3934 sic
2891 3880 3144 3946 fungens.
3177 3877 3382 3934 Positis
3419 3879 3585 3950 igitur

2013 3973 2215 4028 divinis
2245 3973 2424 4038 donis,
2455 3979 2510 4025 et
2540 3971 2659 4026 velo
2681 3971 2825 4040 quod
2856 3984 2950 4024 aer
2983 3970 3205 4036 dicitur,
3237 3971 3352 4026 sive
3382 3987 3582 4041 agnus,

2013 4064 2165 4119 sedet
2194 4064 2505 4133 episcOpus,
2560 4069 2616 4115 et
2676 4061 3054 4114 accenduntur
3108 4061 3416 4122 luminaria,
3463 4080 3585 4134 qua:

2014 4154 2467 4209 illuminationem
2493 4153 2828 4223 signiﬁcant,
2861 4162 2914 4207 et
2945 4153 3084 4206 lucis
3110 4169 3204 4220 per
3236 4155 3465 4224 gratiam
3489 4157 3586 4209 du-

2014 4244 2311 4298 nationem.
2377 4241 2514 4296 Tum
2571 4241 2916 4297 ordinandus
2974 4249 3153 4302 tentus
3225 4258 3253 4296 a
3311 4244 3584 4304 diaconis,

2016 4343 2200 4403 utpote
2235 4333 2435 4403 prioris
2469 4335 2552 4388 sui
2589 4335 2822 4414 ordinis,
2847 4335 3067 4388 ducitur
3105 4350 3279 4402 usque
3307 4335 3372 4389 ad
3400 4351 3584 4403 sacras

325 4436 425 4504 τῆς
459 4432 691 4504 πρώτης
722 4430 889 4486 αὐτοῦ
925 4429 1134 4494 τάξεως
1181 4426 1450 4495 δηλονότι,
1507 4422 1905 4494 παρακρατού-

2014 4426 2316 4480 sanctuarii
2351 4420 2561 4496 portas.
2618 4425 2967 4481 Demonstrat
3003 4426 3255 4495 equidem
3299 4442 3358 4481 se
3411 4427 3584 4482 adhuc

325 4544 492 4597 μενος
549 4527 777 4594 φέρεται
827 4521 958 4592 άχρι
1009 4520 1103 4572 καὶ
1153 4519 1263 4570 τῶν
1316 4515 1408 4569 τοῦ
1446 4516 1692 4586 βήματος
1744 4513 1906 4583 ἱερῶν

323 4619 544 4684 πυλῶν,
581 4614 935 4684 δεικνύμενος
973 4611 1074 4682 μὲν
1124 4611 1218 4662 καὶ
1250 4611 1406 4671 πᾶσι,
1442 4608 1534 4660 καὶ
1557 4606 1631 4668 ὡς
1660 4605 1907 4667 διάκονος

321 4712 402 4764 ἔτι
435 4714 592 4778 παρὰ
625 4707 733 4760 τῶν
758 4707 1045 4776 ὁμοταγῶν
1088 4703 1454 4771 κατεχόμενος
1476 4715 1490 4729 ·
1525 4699 1648 4750 ἐπεὶ
1687 4697 1744 4749 δὲ
1773 4697 1908 4765 φθά-

323 4819 436 4854 σειε
471 4803 574 4864 τὰς
605 4798 801 4860 πύλας,
853 4797 1074 4864 ἀφίεται
1128 4797 1225 4864 μὲν
1279 4793 1431 4862 παρὰ
1475 4792 1583 4844 τῶν
1615 4790 1902 4851 διακόνων,

319 4898 448 4950 ἐπεὶ
475 4898 578 4962 τῆς
614 4892 821 4956 τάξεως
855 4889 1065 4941 τούτων
1112 4887 1374 4940 ἐπέκεινα.
1404 4885 1613 4954 γίνεται
1641 4900 1654 4914 °
1692 4883 1906 4951 λαμόἁ-

321 5006 476 5042 νουσι
504 4987 565 5039 δὲ
596 4983 787 5038 τοῦτον
820 4982 916 5034 δύο
957 4980 1066 5033 τῶν
1111 4978 1507 5049 πρεσϐυτέρων
1536 4977 1586 5028 οί
1619 4974 1862 5043 ἔκκριτοι
1889 5012 1906 5036 ,

321 5083 448 5136 ἐπεὶ
473 5080 615 5150 πρὸς
642 5081 740 5147 τὴν
787 5075 941 5141 τάξιν
973 5074 1194 5143 ἔρχεται
1225 5073 1455 5124 τούτων.
1489 5069 1596 5121 Ka‘t
1626 5069 1721 5121 τοῦ
1749 5069 1906 5136 ἀρχι-

319 5175 584 5227 διακὸνου
635 5173 734 5222 καὶ
766 5167 972 5220 λοιπῶν
1006 5167 1180 5218 ἄλλων
1217 5162 1649 5231 προηγουμένων
1685 5159 1901 5228 ἱερέων,

323 5267 618 5320 κυκλεῖται
655 5267 749 5316 καὶ
802 5259 1027 5330 χορείαν
1083 5258 1230 5309 ποιεῖ
1283 5257 1406 5324 περὶ
1441 5253 1539 5323 τὴν
1593 5252 1743 5306 θείαν
1770 5252 1905 5320 τρά-

322 5359 498 5421 πεζαν
525 5358 676 5424 τρὶς,
705 5352 967 5406 συνιστῶν
1007 5352 1102 5402 καὶ
1152 5350 1310 5410 αὐτὸς
1361 5345 1582 5417 χορείαν
1620 5344 1773 5414 ἱερὰν
1804 5344 1904 5409 ἁγ-

323 5450 503 5516 γέλων
531 5449 626 5500 καὶ
661 5445 874 5516 ἱερέων*
903 5443 1000 5496 καὶ
1020 5443 1140 5513 τρὶς
1171 5442 1381 5511 ταύτην
1411 5442 1574 5504 τελεῖ,
1607 5439 1706 5507 τὴν
1737 5437 1904 5507 Τριά-

321 5543 387 5594 ὃα
410 5538 738 5607 δοξολογῶν,
776 5535 905 5600 τοὺς
927 5533 1118 5602 ἁγίους
1151 5535 1441 5604 μάρτυρας
1470 5527 1704 5582 ὲκκαλού
1715 5543 1899 5598 μενος,

323 5635 739 5704 ἀγωνισάμενος
768 5634 865 5686 καὶ
899 5631 1062 5692 αὐτὸς
1105 5629 1163 5683 ὲν
1193 5625 1419 5697 Χριστῷ
1449 5624 1544 5676 καί
1592 5620 1896 5690 ὲναθλήσας

323 5732 388 5796 τῇ
407 5726 659 5796 πολιτείᾳ
681 5727 769 5779 διὰ
795 5723 1035 5796 Χρ;στὸν
1061 5741 1075 5756 ·
1102 5722 1194 5793 καὶ
1216 5721 1242 5774 ὁ
1267 5717 1497 5787 Χριστος
1529 5717 1892 5782 δοξολογεῑται

2018 4519 2311 4574 diaconum
2343 4533 2489 4584 esse,
2537 4533 2660 4572 cum
2693 4517 2762 4572 ab
2801 4517 3102 4586 aequalibus
3143 4526 3411 4572 teneatur.
3449 4518 3584 4573 Cum

2018 4624 2146 4664 vero
2175 4611 2486 4679 pervenerit
2518 4610 2585 4663 ad
2634 4619 2840 4676 portas,
2873 4624 2901 4661 a
2943 4609 3191 4664 diaconis
3223 4611 3444 4678 quidem
3501 4611 3584 4663 di-

2017 4701 2275 4766 mittitur,
2297 4716 2364 4755 eo
2387 4700 2528 4770 quod
2567 4701 2710 4754 ultra
2749 4716 2939 4754 eorum
2973 4702 3220 4756 ordinem
3265 4716 3580 4768 promoui..-

2017 4801 2128 4845 tur.
2159 4791 2338 4861 Ipsum
2365 4800 2545 4845 autem
2573 4792 2877 4860 suscipiunt
2898 4792 3008 4844 duo
3027 4808 3056 4844 e
3085 4789 3417 4861 presbyteris
3448 4807 3581 4858 prm-

2014 4884 2180 4948 eipui,
2215 4883 2339 4951 quia
2373 4881 2440 4934 ad
2465 4897 2654 4935 eorum
2678 4883 2924 4934 ordinem
2984 4881 3248 4949 procedit.
3296 4880 3557 4936 Archidia

2019 4988 2160 5025 cono
2195 4982 2381 5026 autem
2421 4983 2472 5025 et
2501 4972 2716 5026 caeteris
2768 4970 3149 5026 sacerdotibus
3212 4973 3580 5040 pra-euntibus

2017 5074 2100 5118 ter
2124 5063 2382 5118 circumit
2413 5070 2466 5116 et
2489 5062 2746 5117 choreatn
2777 5061 2911 5116 facit
2955 5061 3102 5115 circa
3139 5060 3376 5113 divinam
3429 5073 3575 5113 men-

2014 5171 2154 5220 sam,
2187 5153 2446 5224 ciiiugcns
2485 5153 2600 5223 ipse
2628 5160 2682 5207 et
2733 5153 3126 5206 commendans
3164 5152 3483 5220 angelorum
3528 5158 3586 5204 et

2015 5247 2370 5315 sacerdotum
2419 5243 2702 5298 choream.
2753 5241 2860 5297 Ter
2941 5248 3123 5295 autem
3176 5254 3296 5295 eam
3339 5239 3576 5306 conlicit_

2014 5339 2336 5393 Trinitatem
2367 5333 2621 5388 laudibus
2644 5334 2956 5394 celebrans,
2977 5343 3034 5386 et
3063 5341 3286 5386 sanctos
3312 5341 3580 5402 martyres

2014 5436 2301 5496 invocans,
2333 5431 2448 5498 ipse
2497 5443 2715 5499 quoque
2749 5426 2942 5497 agonis
2994 5427 3048 5480 in
3085 5425 3306 5482 Christo
3335 5428 3572 5483 decerta-

2015 5539 2136 5592 tor,~
2171 5536 2226 5582 et
2275 5532 2497 5594 promer
2544 5521 2822 5576 Christum
2880 5521 2934 5575 in
2988 5519 3246 5576 Ecclesia:
3291 5520 3580 5590 discipLua

2015 5619 2186 5672 multa
2215 5630 2436 5688 passus.
2471 5615 2758 5670 Postremo
2787 5612 3044 5671 Christus
3065 5613 3341 5678 laudatur,
3367 5621 3426 5667 ut
3448 5627 3581 5682 apu-

2014 5711 2282 5770 stolorum
2316 5708 2597 5782 gaudium,
2635 5717 2689 5763 et
2730 5707 3061 5765 athletarqu
3123 5709 3238 5764 sive
3271 5707 3573 5762 decertata-
