4044 6198
394 310 498 374 ἓ87

1218 302 1601 365 SYMEONIS
1631 298 2386 362 TIIESSALONICENSIS
2420 300 2782 363 ARCIIIEP.

3536 282 3638 365 ass

395 438 516 479 rnm
539 423 870 480 exsultatio:
902 434 1134 490 quorum
1180 416 1499 489 pra‘dicatio
1553 429 1671 472 erat
1728 418 1968 470 Trinitas

2082 416 2401 480 τελευταῖον,
2434 415 2541 466 τῶν
2576 414 2887 467 ἀποστόλων
2919 414 2991 477 ὠς
3029 415 3315 485 καύχημα,
3347 418 3444 468 καὶ
3474 418 3638 488 ἀθλη-

394 512 873 571 consubstantialis
894 526 1013 581 tunc
1040 526 1231 567 omnes
1254 509 1542 581 glorificat.

466 694 558 748 Sic
584 693 725 747 facta
763 690 962 746 chorea
1010 696 1066 743 et
1105 686 1298 741 altaris
1325 684 1583 749 circuitu,
1623 681 1916 736 adducitur
1941 696 1967 733 a

395 786 731 857 presbyteris
778 784 924 839 velut
967 782 1197 847 electus,
1234 787 1291 833 et
1336 778 1402 831 ad
1453 775 1696 831 divinum
1735 786 1873 842 opus
1920 780 1972 822 cl.

394 880 663 948 gratiam,
689 884 957 947 quantum
988 868 1249 942 possibile
1274 878 1383 931 cst,
1426 868 1661 923 idoneus
1700 871 1967 932 repertus.

398 975 701 1042 Episcopus
726 977 905 1024 autem
939 965 1193 1019 alacriter
1229 962 1425 1029 surgit.
1456 959 1573 1014 Non
1607 956 1751 1011 enim
1780 954 1972 1008 tardus

396 1077 481 1123 est
511 1068 658 1121 circa
715 1062 807 1117 Dei
863 1060 1028 1123 dona,
1076 1057 1169 1112 sed
1233 1062 1567 1126 praaparatus
1634 1058 1689 1104 et
1727 1048 2015 1119 gaudens

397 1156 583 1210 statim
613 1153 796 1223 signat
826 1147 1115 1204 ordinandi
1156 1154 1340 1214 caput,
1376 1142 1645 1211 primitias
1662 1138 1966 1193 ordinatio.

368 1249 485 1303 .nis
540 1263 650 1316 per
702 1244 894 1314 triplex
962 1241 1142 1295 crucis
1210 1235 1553 1306 signaculum
1637 1230 1959 1299 decerpens.

399 1334 960 1394 Deindeordiuandus
989 1330 1177 1385 ambos
1206 1328 1372 1397 pedes
1391 1326 1560 1379 ﬂectit
1590 1331 1815 1392 propter
1850 1333 1963 1374 ser-

401 1433 639 1487 vitutem
664 1434 720 1482 et
752 1426 815 1480 ad
852 1424 1024 1477 Deum
1054 1432 1333 1475 accessum
1365 1434 1377 1469 :
1430 1412 1788 1469 consecratur
1826 1410 1975 1465 extim

400 1526 467 1581 ad
501 1522 730 1591 majora.
766 1516 1035 1583 Quoniam
1074 1520 1256 1565 autem
1286 1508 1441 1577 prius
1488 1507 1974 1571 diaconatusgra-

402 1622 531 1672 tiam
564 1610 829 1679 suscepit,
863 1615 917 1660 et
942 1604 1196 1658 minister
1224 1608 1531 1662 erat,nunc
1554 1610 1685 1651 vero
1713 1594 1976 1649 sacerdos

400 1706 722 1765 ctinitiator
761 1710 1043 1755 sacrorum
1077 1691 1489 1761 mysteriorum,
1535 1695 1589 1742 et
1640 1688 1975 1748 orationum,

2071 508 2177 560 τῶν
2197 507 2534 575 ἀγαλλίαμα,
2559 500 2632 559 ὧν
2662 507 2717 559 τὸ
2742 508 3007 575 κήρυγμα
3026 503 3095 576 ἦν
3129 508 3160 576 ἡ
3185 507 3357 576 Τριάς
3387 507 3419 576 ἡ
3447 508 3637 575 ὁμοσύ-

2075 616 2207 661 σιος,
2439 599 2562 668 ἥτις
2590 600 2690 651 καὶ
2719 598 2931 662 πάντας
2955 598 3192 663 δοξάζει.

2146 689 2253 742 Καὶ
2293 689 2438 741 οὕτω
2470 690 2570 758 τῆς
2629 690 2848 760 χορείας
2913 691 3309 760 γεγενημένης,
3364 690 3469 743 ύπδ
3526 689 3635 744 τῶν

2074 778 2462 849 πρεσϐυτέρων
2521 780 2884 849 προσάγεται,
2927 780 3004 842 ὡς
3052 782 3319 848 ὲκλεγεὶς,
3368 782 3463 833 καὶ
3508 781 3644 850 πρὸς

2073 869 2133 920 τὸ
2169 869 2310 921 θεῖον
2356 870 2518 938 ἔργον
2566 871 2664 924 καὶ
2714 870 2812 940 τὴν
2863 870 3024 940 χάριν
3060 870 3240 932 ἱκανὸς
3290 870 3531 939 εὑρεθεδρς
3568 869 3643 934 ὡς

2075 964 2332 1031 ἐγχωρεῖ.
2394 962 2455 1014 Ὀ
2483 961 2776 1033 ἀρχιερεὺς
2823 962 2881 1014 δὲ
2925 962 3159 1031 ἑτοίμως
3209 962 3535 1016 ἀνίσταταιο
3581 964 3642 1015 οὐ

2074 1057 2183 1125 γὰρ
2208 1054 2488 1121 διαμέλλει
2524 1055 2739 1119 περὶτὰ
2766 1053 2859 1107 τοῦ
2888 1054 3023 1107 Θεοῦ
3051 1055 3222 1125 δῶρα,
3255 1055 3373 1110 ἀλλ’
3423 1055 3640 1124 ἕτοιμος

2076 1146 2175 1197 καὶ
2209 1144 2415 1214 χαίρων
2446 1144 2585 1197 ἐστί.
2629 1144 2734 1196 Καὶ
2770 1144 2931 1207 εὐθὺς
2986 1143 3278 1213 σφραγίζει
3330 1146 3423 1197 τοῦ
3468 1162 3645 1215 χειρο·

2077 1237 2405 1299 τονουμένου
2444 1235 2542 1307 τὴν
2574 1236 2837 1306 κεφαλὴν,
2878 1237 2976 1306 τὴν
3028 1237 3285 1308 ἀπαρχὴν
3336 1237 3422 1289 διὰ
3468 1253 3643 1303 σφρα-

2076 1328 2224 1395 γῖδος
2277 1326 2520 1398 τρισσῶς
2569 1328 2669 1395 τῆς
2717 1327 3058 1396 χειροτονίας
3116 1327 3460 1394 ποιούμενος.
3518 1322 3646 1379 Εἷτά

2076 1421 2199 1483 τοὺς
2227 1417 2319 1473 δύο
2370 1419 2539 1482 πόδας
2584 1423 2612 1472 ὁ
2669 1419 3148 1490 χειροτονούμενος
3204 1421 3416 1485 κλίνας,
3453 1422 3540 1475 διά
3589 1439 3645 1473 τε

2076 1512 2175 1578 τὴν
2196 1510 2440 1564 δουλείαν
2470 1512 2563 1564 καὶ
2589 1510 2687 1580 τὴν
2724 1513 3113 1581 προσαγωγὴν,
3157 1512 3504 1580 καθιεροῦται
3536 1515 3641 1581 γὰρ

2079 1600 2217 1670 πρὸς
2242 1599 2311 1653 τὰ
2338 1599 2531 1669 μείζω,
2558 1603 2652 1654 καὶ
2685 1602 2766 1654 ὅτι
2816 1601 2915 1672 τὴν
2950 1602 3049 1667 τῆς
3079 1603 3359 1665 διακονίας
3382 1603 3648 1673 πρότερον

2078 1690 2260 1742 λαϐὼν
2312 1691 2477 1760 χάριν
2517 1692 2610 1746 καὶ
2668 1691 2983 1761 λειτουργὸς
3039 1692 3136 1758 ὢν,
3193 1694 3287 1745 νῦν
3338 1697 3432 1746 καὶ
3469 1694 3647 1763 ἱερεὺς

400 1809 457 1854 et
487 1792 857 1867 baptismatis,
889 1796 946 1844 et
1006 1774 1261 1841 sacrificii
1303 1779 1683 1841 constituitur,
1738 1776 1971 1831 frontem

2082 1783 2175 1833 xxi.
2216 1781 2475 1849 τελεστὴς
2509 1783 2621 1836 τῶν
2654 1784 2818 1853 ἱερῶν
2868 1784 3120 1847 τελετῶν,
3152 1784 3259 1838 τῶν
3305 1785 3644 1854 προσευχῶν,

403 1887 560 1943 altari
611 1881 839 1952 imponit
866 1886 919 1934 et
949 1877 1098 1932 velut
1126 1871 1528 1943 alligitaAltare
1557 1869 1702 1924 enim
1735 1875 1820 1923 est
1850 1882 1973 1937 gra-

402 1982 492 2033 tiae
525 1976 791 2031 donorum
823 1971 1141 2025 thesaurus.
1183 1964 1491 2035 Episcopus
1526 1972 1706 2017 autem
1747 1975 1971 2014 manum

387 2070 688 2135 imponens
719 2062 858 2132 (ipsa
883 2070 967 2115 est
997 2059 1143 2112 enim
1166 2053 1628 2111 communicativa
1654 2050 1972 2106 donationis

402 2155 575 2211 divini
634 2149 947 2211 sacerdotii,
1000 2156 1055 2202 et
1109 2147 1353 2199 imitatur
1400 2142 1853 2212 omnipotentem,
1919 2150 1976 2195 et

404 2248 590 2302 omnia
628 2251 967 2311 cperantem,
1026 2242 1423 2306 protegentem,
1457 2233 1754 2302 omniaque
1798 2230 1974 2300 inspi-

406 2338 643 2392 cientem
666 2341 719 2387 et
743 2332 1116 2386 moderantem
1146 2328 1241 2383 Dei
1267 2325 1602 2397 dexteram),
1628 2325 1852 2380 invocat
1888 2322 1975 2376 di-

408 2431 589 2483 vinam
621 2426 876 2497 gratiam,
898 2435 953 2479 et
979 2421 1408 2478 consecrandum
1432 2436 1463 2475 e
1488 2420 1723 2475 diacono
1748 2418 1975 2489 presby-

410 2535 584 2579 terum
616 2528 788 2587 creat,
831 2518 1065 2590 gratiam
1121 2516 1361 2587 Spiritus
1386 2514 1690 2572 ordinando
1721 2513 1977 2568 advenire

408 2619 733 2686 deprecans.
751 2612 1015 2665 Omnibus
1039 2608 1351 2664 dicentibus
1370 2617 1470 2671 ter,
1498 2606 1691 2677 «Kyrie
1713 2606 1972 2671 eleison,»

412 2707 529 2773 ipse
562 2705 855 2774 episcopus
890 2710 970 2757 ter
1003 2702 1185 2768 signat
1219 2698 1511 2754 ordinandi
1547 2705 1731 2767 caput,
1763 2699 1977 2768 signum

411 2798 593 2853 crucis
624 2796 947 2866 imprimens
980 2791 1336 2863 perfectionis
1364 2790 1732 2861 operativum.
1779 2788 1869 2843 Sic
1900 2788 1977 2841 fa-

411 2899 495 2945 cta
521 2889 692 2959 prima
726 2900 887 2956 prece
911 2892 967 2940 et
1015 2883 1416 2939 exclamatione
1473 2880 1542 2934 ad
1596 2880 1791 2945 Deum,
1852 2889 1977 2948 post

413 2983 724 3053 rogationes
752 2995 782 3034 a
814 2978 994 3049 primo
1021 2977 1343 3047 presbytero
1374 2975 1651 3037 recitatas,
1686 2981 1740 3026 et
1779 2986 1978 3025 secun-

410 3074 533 3126 dam
570 3086 807 3141 precem,
829 3070 1059 3139 ejusque
1088 3066 1544 3123 exclamationem
1573 3063 1736 3134 erigit
1758 3063 1979 3117 ordina-

411 3173 530 3215 tum
568 3176 598 3214 e
631 3175 789 3215 sacra
827 3172 1013 3214 mensa
1039 3174 1054 3225 ;
1090 3159 1165 3212 ita
1193 3159 1604 3219 demonstrans,
1631 3163 1690 3209 ut
1721 3152 1978 3219 diximus,

412 3250 656 3308 divinum
703 3263 995 3304 ascensum
1040 3248 1161 3318 ejus
1215 3248 1282 3301 ab
1318 3245 1708 3301 humilioribus
1739 3245 1808 3300 ad
1837 3243 1982 3298 divi-

414 3341 591 3405 niora,
618 3348 674 3393 et
722 3338 936 3403 altiora,
997 3337 1390 3405 melioremque
1447 3342 1503 3390 et
1544 3333 1982 3405 praestantiorem

413 3440 649 3487 statum:
677 3431 1063 3483 demonstrans
1091 3441 1311 3497 quoque
1339 3427 1484 3496 quod
1512 3423 1675 3481 Jesus
1699 3424 1985 3481 descendit

413 3540 444 3576 e
464 3520 643 3585 caelis,
663 3528 719 3574 et
750 3519 914 3575 homo
944 3518 1121 3573 factus
1144 3517 1429 3573 descendit
1454 3532 1551 3588 per
1573 3530 1791 3572 crucem
1808 3530 1983 3586 usque

413 3612 482 3667 ad
511 3611 740 3676 inferos,
770 3610 1154 3666 etsuscitatus
1185 3618 1240 3664 et
1290 3609 1558 3664 excitatus
1586 3648 1602 3673 ,
1652 3623 1754 3662 nos
1797 3622 1980 3662 secum

416 3704 726 3767 suscitavit,
765 3710 820 3756 et
850 3707 1124 3756 suscitans
1154 3700 1379 3756 exaltat.
1408 3698 1523 3755 Hoc
1552 3699 1720 3769 igitur
1756 3699 1809 3752 in
1829 3697 1981 3753 omni

414 3796 730 3851 adoratioue
753 3801 807 3848 et
846 3792 1216 3863 prostratione
1244 3791 1642 3862 significamus,
1668 3804 1793 3844 cum
1822 3789 1982 3844 incli-

416 3904 611 3944 namus
659 3903 759 3943 nos
792 3896 845 3941 et
874 3885 1165 3954 erigimus,
1191 3883 1467 3939 Christum
1511 3883 1882 3945 descendisse,
1929 3891 1984 3936 et

413 3996 474 4035 se
529 3979 848 4045 suscitasse,
899 3992 1001 4033 nos
1026 3989 1249 4047 quoque
1300 3973 1487 4045 lapsos
1548 3988 1740 4030 secum
1796 3972 1980 4029 susci-

417 4083 582 4127 tasse.

942 4268 1172 4326 CAPUT
1192 4267 1452 4325 CLXXX.

417 4364 595 4430 Quare
631 4362 902 4432 presbyter
944 4359 1229 4417 horarium,
1257 4360 1363 4432 sive
1400 4356 1592 4432 stolam
1640 4367 1806 4427 gestat
1846 4357 1982 4410 velut

679 4433 743 4484 de
771 4433 906 4483 collo
942 4439 1063 4481 ante
1097 4439 1278 4496 pectus
1309 4429 1704 4495 dependentem.

486 4523 679 4577 Postea
717 4522 995 4575 liorarium
1020 4534 1049 4572 a
1079 4518 1308 4574 sinistro
1339 4519 1570 4572 humero
1600 4517 1655 4571 in
1699 4518 1981 4572 dexterum

416 4613 703 4677 transfert,
735 4611 881 4682 quod
914 4609 1185 4680 posterius
1215 4617 1298 4665 est
1318 4608 1562 4664 anterius
1586 4623 1777 4680 agens,
1801 4620 1855 4663 et
1882 4612 1985 4663 hoc

420 4706 578 4761 modo
615 4704 761 4760 velut
788 4704 891 4759 sub
924 4704 1113 4774 jugum
1140 4702 1303 4758 mittit
1333 4701 1730 4757 ordinandum.
1759 4701 1988 4770 Conspi-

365 4849 372 4863 ,
417 4812 543 4852 cere
559 4796 703 4851 enim
733 4794 895 4850 debet
939 4803 991 4849 et
1016 4793 1363 4849 considerare
1391 4807 1487 4863 per
1511 4791 1783 4863 symbola,
1811 4804 1981 4860 quam

419 4887 690 4957 acceperit
741 4886 1013 4956 gratiam;
1075 4894 1130 4940 et
1186 4887 1425 4955 primum
1480 4882 1627 4955 quod
1678 4883 1984 4939 secundum

421 4994 587 5033 unum
621 4987 675 5033 et
703 4980 879 5032 solum
910 4976 1238 5031 diaconatus
1265 4991 1403 5047 opus
1455 4975 1793 5031 contraxerit
1839 4974 1988 5028 debi-

423 5080 536 5123 tum
572 5086 585 5121 :
624 5084 769 5123 nunc
798 5083 929 5123 vero
979 5068 1050 5122 ad
1088 5068 1344 5138 mysteria
1373 5075 1428 5121 et
1454 5065 1827 5122 sacerdotium
1865 5063 1988 5117 nni-

430 5178 670 5228 vcrsum,
719 5160 862 5216 unde
898 5160 1073 5230 majus
1129 5160 1204 5215 illi
1262 5158 1536 5229 impendet
1566 5159 1776 5228 iugum,
1809 5160 1882 5212 ita
1930 5168 1988 5213 ut

432 5263 602 5308 totius
672 5254 853 5323 operis
902 5253 1097 5308 debeat
1145 5266 1267 5307 esse
1324 5251 1573 5305 minister
1623 5259 1677 5305 et
1744 5262 1983 5306 curator.

425 5344 546 5399 lJeo
605 5348 842 5402 secundo
890 5348 1149 5417 cingitur,
1198 5345 1347 5402 velut
1406 5353 1631 5399 vocatus
1690 5343 1757 5397 ad
1809 5343 1987 5411 majus

424 5453 584 5507 opus.

920 5527 1151 5583 CAPUT
1198 5526 1485 5583 CLXXXI.

872 5620 1013 5684 Quid
1060 5621 1250 5688 penula
1303 5622 1531 5675 dent-tet.

498 5710 767 5765 l"lta:ttolio
812 5726 1025 5780 quoque
1078 5711 1365 5765 induitur:
1415 5712 1557 5782 quod
1606 5710 1982 5766 indumentum

2009 4456 2060 4515 D

2083 1875 2174 1927 καὶ
2210 1874 2303 1925 τοῦ
2338 1873 2859 1944 βαπτίσματος,’καὶ
2884 1876 2981 1946 τῆς
3031 1878 3342 1948 ἱερουργίας
3384 1878 3647 1930 καθίστασ-

2080 1968 2191 2028 τάι,
2223 1968 2281 2017 τὸ
2308 1964 2565 2032 μέτωπον
2588 1980 2755 2035 προσε
2767 1966 2929 2035 ρείδει
2951 1967 3029 2037 τῷ
3055 1967 3428 2040 θυσιαστηρίῳ
3454 1985 3467 2000 ο
3492 1968 3648 2022 τοῦτο

2082 2054 2726 2134 γάρ⁵τῶνγχαρισμάτων
2767 2057 2794 2107 ὀ
2825 2054 3123 2126 θησαυρός.
3176 2054 3237 2112 Ὀ
3288 2061 3552 2131 ίεράρχης
3593 2062 3648 2114 δὲ

2083 2145 2180 2214 τὴν
2210 2149 2367 2215 χεῖρα
2402 2146 2635 2209 ἐπιθεὶς,
2672 2144 2815 2214 αὕτη
2844 2149 2952 2218 γὰρ
3080 2150 3180 2219 τῆς
3237 2150 3445 2222 δωρεᾶς
3482 2171 3648 2222 μετα·
3740 2205 3751 2219 ,

2072 2230 2270 2308 δοτικὴ
2299 2237 2399 2308 τῆς
2423 2238 2576 2301 Θείας
2606 2239 2928 2310 ἱερωσύνης,
2957 2243 2989 2311 ή
3035 2241 3130 2295 καὶ
3176 2246 3267 2297 τὸν
3308 2246 3646 2317 παντουργόν
3752 2264 3759 2272 ·

2080 2342 2142 2379 τε
2168 2330 2263 2380 καὶ
2288 2329 2702 2399 παντοδύναμον
2729 2331 3113 2403 έκμιμουμένη
3146 2335 3240 2387 καὶ
3272 2338 3644 2406 σκιπαστικὴν

2083 2421 2178 2475 καὶ
2207 2422 2657 2475 παντεπίσκοπον
2717 2423 2924 2491 δεξιὰν,
2973 2424 3318 2482 ἐπικαλεῖται
3356 2429 3454 2499 τὴν
3497 2430 3645 2482 θείαν

2081 2511 2265 2581 χάριν,
2293 2512 2391 2564 καὶ
2425 2512 2533 2565 ἀπὸ
2581 2514 2834 2568 διακόνου
2884 2515 3257 2587 πρεσϐύτερον
3288 2516 3523 2590 καθιοτᾷ
3556 2522 3647 2573 τὸν

2081 2604 2405 2673 τελούμενον
2431 2621 2445 2637 ο
2480 2607 2575 2658 καὶ
2601 2606 2701 2675 τὴν
2730 2607 2898 2678 χάριν
2938 2608 3187 2663 ἐπελθεῖν
3215 2609 3291 2679 τῷ
3317 2628 3650 2681 χειροτονου-

2087 2695 2233 2765 μένῳ
2258 2695 2352 2748 τοῦ
2382 2696 2703 2767 Πνεύματος
2754 2700 3150 2771 ἐπευξάμενος,
3199 2703 3415 2757 πάντων
3466 2705 3650 2772 λεγόν-

2091 2802 2201 2840 των
2232 2787 2315 2849 τὸ,
2342 2806 2370 2840 ·‹
2409 2790 2605 2861 Κύριε,
2634 2791 2877 2861 ἐλέησον,
2918 2811 2936 2845 ι
2973 2795 3113 2863 τρὶς,
3140 2788 3357 2860 αὐτὸςὸ
3390 2796 3651 2868 ίεράρχης

2087 2878 2376 2948 σφραγίζει
2400 2884 2520 2950 τρὶς
2549 2883 2649 2953 τὴν
2677 2882 2770 2936 τοῦ
2803 2885 3247 2955 χειροτονομένου
3283 2887 3527 2958 κεφαλὴν
3548 2889 3646 2957 τὴν

2082 2971 2413 3025 τελειοποιὸν
2442 2974 2681 3057 ἐνεργῶν
2731 2976 3030 3047 σφραγῖδα.
3062 2978 3177 3031 Καὶ
3197 2977 3341 3032 οὕτω
3372 2980 3471 3047 τὴν
3503 2982 3649 3049 πρώ-

2087 3079 2188 3131 την
2222 3065 2387 3133 εύχὴν
2420 3066 2816 3136 ποιησάμενος,
2873 3069 2967 3119 καὶ
3009 3068 3333 3137 ὲκφωνήσας
3386 3069 3522 3139 μετά
3553 3070 3651 3134 τὰς

2087 3154 2329 3221 αἰτήσεις
2362 3155 2467 3207 ὑπὸ
2516 3157 2888 3227 πρεσϐυτέρου
2937 3158 3033 3210 τοῦ
3085 3159 3302 3229 πρώτου
3352 3160 3651 3229 γενομένας

2080 3246 2181 3298 καὶ
2223 3246 2320 3317 τὴν
2348 3248 2607 3318 δευτέραν
2634 3249 2798 3319 εὐχὴν
2824 3249 2917 3302 καὶ
2965 3247 3299 3320 ὲκςρὼνησιν,
3332 3251 3525 3321 ἀνιστᾷ
3557 3253 3651 3304 τὸν

2084 3338 2534 3408 χειροτονηθέντα
2581 3341 2645 3392 ἐκ
2702 3343 2800 3410 τῆς
2841 3326 2993 3410 ίερᾶς
3050 3340 3332 3411 τραπέζης
3362 3358 3377 3373 ο
3434 3342 3651 3406 δεικνὺς

2085 3428 2247 3482 αὑτοῦ
2274 3430 2372 3500 τὴν
2393 3428 2501 3482 ἀπὸ
2522 3416 2632 3483 τῶν
2649 3432 3048 3498 ταπεινοτέρων
3078 3433 3170 3485 ἐπὶ
3195 3433 3263 3485 τὰ
3291 3432 3536 3502 θειότερα
3555 3434 3651 3485 καὶ

2086 3521 2397 3602 ὑψηλότερα
2425 3520 2578 3575 θείαν
2601 3522 2892 3589 ἀνάϐασιν,
2930 3524 3007 3589 ὡς
3041 3525 3368 3595 εἰρήκαμεν,
3401 3516 3496 3577 καὶ
3547 3524 3650 3593 τὴν

2086 3613 2223 3681 πρὸς
2251 3613 2318 3667 τά
2343 3612 2579 3682 κρείττω
2616 3616 2807 3669 στάσιν
2834 3631 2849 3646 '
2876 3618 2969 3670 καὶ
2999 3618 3080 3670 ὅτι
3100 3619 3126 3670 ὁ
3154 3616 3427 3671 κατελθὼν
3456 3618 3517 3670 ὲκ
3541 3619 3651 3670 τῶν

2084 3706 2329 3775 οὐρανῶν
2356 3710 2454 3770 καὶ
2478 3702 2916 3781 ἒνανθρωπήσας
2962 3709 3172 3779 Ἰησοῦς
3206 3710 3334 3781 ἄχρι
3366 3712 3459 3764 τοῦ
3519 3712 3647 3783 ᾆδον

2084 3796 2171 3850 διὰ
2214 3797 2452 3869 σταυροῦ
2485 3801 2744 3870 κατῆλθε,
2794 3803 2891 3855 καὶ
2926 3803 3183 3868 ἀναστὰς
3221 3805 3316 3857 καὶ
3344 3803 3650 3872 ἀνυψωθεὶς

2085 3890 2231 3959 ἡμᾶς
2262 3891 2646 3959 συνανέστησε,
2698 3892 2792 3945 καὶ
2844 3892 3081 3947 ἀνιστῶν
3131 3894 3329 3963 ἀνυψοϊ
3360 3894 3645 3964 διηνεκῶς.

2087 3980 2260 4033 Τοῦτο
2289 3980 2381 4034 οὖν
2408 3984 2504 4037 καὶ
2525 3984 2617 4035 ἐπὶ
2641 3984 2792 4057 πάσῃ
2822 3985 3193 4055 προσκυνήσει
3222 3985 3508 4055 δηλοῦμεν,
3536 3985 3651 4038 κλί-

2085 4072 2273 4134 νοντές
2306 4088 2367 4123 τε
2408 4073 2506 4125 καὶ
2535 4074 2911 4143 ἀνιστάμενοι,
2936 4076 3017 4128 ὅτι
3048 4076 3283 4143 κατῆλθε
3316 4077 3410 4129 καὶ
3451 4075 3648 4147 ἀνῆλθε

2088 4162 2346 4233 Χριστὸς,
2380 4163 2475 4216 καὶ
2507 4165 2656 4235 ἡμᾶς
2682 4166 2948 4228 πεσόντας
2963 4168 3277 4237 ἀνήγειρεν.

2654 4276 2906 4332 ΚΕΦΑΛ.
2953 4279 3082 4332 Pll'.

2086 4365 2252 4449 Διατζ
2278 4366 2346 4419 τὸ
2378 4365 2633 4449 ὠράρςον
2652 4368 2750 4449 ἐπὶ
2776 4368 2885 4421 τὸν
2925 4370 3234 4449 τράχηλοι(
3270 4373 3478 4449 αὐᾼτοῦ,
3509 4374 3547 4443 ἣ
3581 4375 3650 4428 τὸ

2224 4438 2658 4505 ἑπιτραχήλιον
2687 4441 2721 4492 ὁ
2751 4438 3159 4508 πρεσϐύτερος
3201 4444 3508 4511 λαμϐάνει.

2158 4520 2413 4578 Εἶτα-καὶ
2442 4526 2503 4578 τὸ
2531 4525 2773 4598 ὠράριον
2803 4528 2914 4581 ἀπὸ
2940 4529 3033 4582 τοῦ
3070 4531 3361 4602 ἀριστεροῦ
3383 4532 3536 4603 ῶμου
3558 4535 3650 4586 ἐπὶ

2084 4614 2177 4667 τὸν
2213 4613 2388 4681 δεξιὸν
2418 4617 2741 4687 μεταφέρει,
2770 4617 2831 4671 τὸ
2863 4618 3091 4673 ὄπισθεν
3138 4622 3289 4690 ἄγων
3315 4623 3647 4693 ἔμπροσθεν,

2086 4708 2181 4761 καὶ
2218 4707 2295 4770 ὡς
2331 4709 2435 4761 ὑπὸ
2471 4707 2635 4776 ζυγὸν
2665 4710 2755 4763 τὸν
2801 4713 3284 4783 χειροτονούμενον
3318 4717 3508 4773 ποιῶν.
3538 4718 3651 4771 Καὶ

2085 4798 2194 4866 γὰρ
2214 4800 2347 4869 ὁρᾷν
2369 4799 2574 4868 ὀφείλει
2598 4801 2694 4855 καὶ
2718 4800 2806 4855 διὰ
2827 4803 2935 4855 τῶν
2966 4820 3026 4855 συ
3035 4804 3270 4875 μὸόλων,
3292 4806 3468 4877 ἥνπερ
3492 4808 3653 4860 ἔλαϐε

2086 4890 2245 4961 χάριν
2269 4904 2283 4920 ⁸
2318 4892 2413 4944 καὶ
2451 4893 2535 4945 ὃτι
2588 4894 2808 4963 πρῶτον
2849 4895 2952 4964 μὲν
2983 4896 3106 4950 καθ’
3139 4896 3199 4951 ἓν
3233 4900 3327 4952 καὶ
3360 4899 3525 4968 μόνον
3554 4901 3654 4967 τῆς

2084 4982 2363 5045 διακονίας
2396 4983 2557 5054 ἔργον
2609 4985 2823 5056 ὑπῆρχε
2863 4986 3203 5058 κεκτημένος
3251 4989 3349 5059 τὴν
3398 4988 3652 5060 ὀφειλὴν,

2086 5071 2183 5127 νῦν
2208 5072 2267 5124 δὲ
2301 5073 2438 5143 πρὸς
2466 5074 2565 5136 τὰς
2595 5075 2815 5138 τελετὰς
2866 5078 2964 5129 καὶ
2994 5077 3091 5147 τὴν
3127 5077 3431 5148 ίερωσύνην
3482 5077 3611 5147 ὅλην
3635 5092 3650 5107 ’

2088 5163 2182 5215 καὶ
2211 5163 2412 5233 μείζων
2447 5164 2595 5235 αὐτῷ
2625 5166 2653 5217 ὁ
2677 5165 2840 5235 ζυγὸς
2862 5168 2958 5220 καὶ
2987 5168 3109 5221 ὅλου
3136 5169 3229 5220 τοῦ
3252 5169 3420 5239 ἔργου
3450 5167 3655 5237 ὀφείλει

2089 5249 2230 5308 εἶναι
2262 5255 2543 5326 ὑπηρέτης
2572 5258 2667 5310 καὶ
2698 5260 3049 5331 φροντιστής.
3086 5260 3179 5312 Διὸ
3202 5260 3297 5313 καὶ
3316 5262 3378 5313 ὲκ
3398 5260 3653 5328 δευτέρου

2089 5343 2375 5409 ζὼννυται,
2411 5345 2486 5409 ὡς
2523 5347 2659 5417 πρὸς
2705 5351 2890 5418 μεῖζον
2925 5349 3148 5420 κληθεὶς
3180 5350 3366 5421 ἔργον.

2657 5532 2913 5588 ΚΕΦΑΛ.
2946 5531 3121 5587 PﬂA'.

2452 5626 2511 5679 Τί
2536 5628 2817 5694 σημαίνει
2849 5628 2913 5679 τὸ
2943 5630 3281 5695 φαινόλιογ.

2166 5714 2272 5767 Καὶ
2304 5716 2580 5784 φαινὲλιον
2619 5718 2998 5787 περιϐάλλεται
3033 5735 3048 5749 ·
3104 5720 3241 5775 ὅπερ
3295 5716 3495 5783 ἔνδυμα
3529 5713 3659 5767 λευ-
