4044 6198
367 267 478 331 389

1429 267 1524 327 DE
1564 266 1832 326 SACRIS
1874 265 2360 326 ORDINATION
2377 269 2574 335 ιηυε.

3512 277 3620 339 390

369 386 468 439 κέν
498 387 616 436 ἐστι
643 381 767 450 δίχα
802 379 1095 449 μανικεων,
1119 380 1241 434 ὅλον
1266 382 1620 451 περιστέλλον
1641 383 1704 435 τδ
1739 383 1898 452 σῶμα
1919 397 1936 416 ο

2045 390 2125 437 est
2155 383 2340 439 album
2395 386 2515 440 sine
2544 387 2775 444 manicis
2805 397 2977 442 totum
3006 391 3360 446 circumdatis
3386 405 3437 448 et
3487 411 3612 464 ope-

370 473 564 529 λευκδν
618 471 737 541 μὲν,
775 471 862 523 διὰ
906 472 1008 537 τὴν
1047 471 1398 542 καθαρότητα
1449 473 1549 525 καὶ
1609 473 1943 540 ἁγιωσύνην,

371 569 472 621 καὶ
511 567 610 636 τὴν
642 565 742 630 τῆς
774 564 926 626 θείας
950 561 1110 632 δόξης
1149 563 1467 634 περιϐολὴν,
1501 566 1580 617 ὅτι
1603 565 1632 617 6
1671 564 1804 628 Θεὸς
1831 565 1950 634 φῶς

370 662 512 720 ἔστι,
566 658 660 710 καὶ
711 655 1156 724 ἀναϐαλλόμενος
1194 655 1311 725 φῶς
1368 658 1442 721 ὡς
1490 659 1731 726 ἱμάτιον,
1762 658 1856 710 καὶ
1893 657 1945 709 οἱ

369 751 595 820 ἄγγελοι
647 749 851 819 λευκήν
905 749 1111 818 ἐσθῆτα
1167 748 1634 820 περιϐεϐλημένοι
1683 751 1944 812 πολλάκις

365 845 667 914 ὤφθησαν
697 845 798 897 οὐκ
822 845 943 914 ἔχον
973 845 1029 898 δὲ
1066 844 1294 913 μανεκια
1327 844 1418 896 διὰ
1447 845 1510 896 τὸ
1544 844 1819 898 ἐκτυποῦν
1851 845 1945 897 τὸν

370 939 600 998 σάκκον,
635 937 694 988 ὃν
719 937 746 987 6
773 936 967 1004 Σωτὴρ
1001 935 1407 1004 ιμπσιζὸμενος
1432 936 1745 989 ἐνεδύσατο·
1785 952 1944 1005 περι-

367 1029 608 1081 στέλλων
636 1029 693 1080 es
729 1027 851 1080 ὅλον
878 1027 940 1080 τὸ
973 1027 1132 1096 σῶμα
1163 1027 1291 1097 ἄχρι
1323 1029 1418 1081 καὶ⁵
1463 1029 1573 1082 τῶν
1622 1029 1799 1083 ποδῶν
1832 1027 1942 1081 ἀπὸ

362 1120 613 1188 κεφαλῆς
641 1119 730 1171 διὰ
757 1119 855 1188 τήν
886 1119 1095 1173 ἄνωθεν
1129 1121 1256 1189 περὶ
1292 1121 1439 1190 ἡμᾶς
1464 1122 1745 1190 πρόνοιαν,
1767 1123 1861 1175 καὶ
1880 1123 1940 1174 τὸ

364 1210 686 1263 συνεκτικὸν
706 1209 802 1263 τοῦ
826 1209 964 1262 Θεοῦ
993 1210 1087 1262 καὶ
1117 1211 1472 1280 φυλακτικόν.
1506 1212 1727 1282 Αἴρεται
1750 1215 1806 1267 δὲ
1837 1213 1941 1268 ὑπὸ

363 1300 477 1352 τῶν
505 1299 706 1369 χειρῶν
737 1303 802 1353 ὲκ
827 1301 1060 1369 πλαγίου
1086 1303 1143 1354 ὲν
1174 1301 1252 1365 τῷ
1283 1303 1461 1374 καιρῷ
1491 1305 1598 1357 τῶν
1653 1307 1818 1373 ἱερῶν
1848 1307 1940 1378 έρ-

363 1408 503 1458 γων,
533 1387 646 1442 οἷον
675 1393 747 1454 ὡς
783 1393 958 1461 πτερὰ
983 1393 1272 1460 γινόμενον
1307 1394 1395 1448 διὰ
1421 1397 1482 1448 τὸ
1521 1399 1814 1466 ἁγγελικὸν
1841 1400 1940 1466 τῆς

365 1480 564 1542 ἀξίας*
594 1479 688 1532 καὶ
727 1481 808 1532 ὅτι
860 1482 916 1534 αἱ
962 1485 1145 1550 χεῖρες
1195 1482 1262 1534 δι’
1311 1484 1478 1537 αὑτοῦ
1518 1487 1846 1556 φαινόμεναι
1879 1490 1940 1542 τὸ

363 1571 671 1636 πρακτικὸν
697 1571 1030 1640 ἐμφαίνουσι
1083 1573 1178 1625 καὶ
1207 1574 1431 1644 ἐνεργὸν
1462 1575 1558 1629 τοῦ
1584 1577 1743 1642 Θεοῦ,
1773 1580 1832 1632 ὲν
1857 1575 1938 1643 οἷς

361 1665 391 1716 6
425 1665 612 1732 ἱερεὺς
648 1665 881 1733 ἐνεργεῖ.
912 1664 1140 1734 Πρῶτον
1181 1666 1281 1734 μὲν
1311 1665 1404 1719 οῦν
1448 1668 1773 1739 ἀναγορεύει
1817 1671 1939 1724 τοῦ-

2052 473 2202 529 riens
2252 489 2473 546 corpus.
2533 478 2730 532 Album
2787 488 2867 532 est
2918 491 3141 550 propter
3201 483 3514 551 puritatem.
3566 496 3620 537 tt

2049 566 2419 632 sanctitatem,
2444 576 2496 623 et
2526 567 2722 623 divina:
2749 570 2934 640 gloria:
2969 572 3227 625 amictum
3255 590 3270 638 ;
3308 572 3449 627 Deus
3469 574 3614 626 enim

2048 656 2284 710 amictus
2311 666 2393 710 est
2430 657 2709 713 lumine’ut
2743 661 3087 729 vestimento,
3117 673 3164 716 et
3195 662 3370 730 angeli
3405 670 3609 718 vestem

2047 745 2225 799 albam
2257 749 2439 802 amicti
2471 751 2672 818 smpius
2701 763 3087 821 apparuerunt.
3143 753 3370 808 Manicis
3430 765 3610 808 autem

2045 847 2221 901 caret,
2283 849 2340 892 ttt
2410 852 2831 910 repraesentetur
2885 859 3085 901 saccus
3137 862 3298 916 quem
3362 845 3614 900 Salvator

2047 931 2212 997 pedes
2244 932 2346 986 iter
2374 933 2579 989 faciens
2603 935 2885 990 induebat.
2919 937 3173 1007 Coeperit
3223 948 3403 992 autem
3436 946 3606 992 totum
3670 971 3682 990 ι

2045 1033 2242 1083 corpus
2269 1037 2296 1075 a
2333 1025 2509 1093 capite
2540 1027 2605 1079 ad
2642 1028 2804 1095 pedes
2840 1044 3014 1098 usque
3067 1040 3288 1099 propter
3318 1045 3605 1098 Sttpernatn

2044 1125 2170 1182 erga
2199 1129 2300 1167 nos
2343 1115 2763 1184 providentiam,
2793 1129 2850 1175 et
2896 1119 2987 1172 Dei
3048 1122 3304 1176 virtutem
3357 1138 3464 1190 qua
3513 1117 3632 1177 nos

2044 1205 2285 1258 continet
2305 1215 2358 1259 et
2382 1218 2690 1263 conservat.
2725 1210 2975 1268 Manibus
3004 1228 3132 1267 vero
3172 1214 3440 1268 attollitur
3472 1230 3499 1265 a
3531 1215 3610 1267 la-

2045 1300 2157 1347 tere
2205 1294 2332 1348 dum
2374 1310 2530 1350 sacra
2569 1298 2706 1352 ﬁttnt
2741 1315 2941 1369 opera;
2979 1317 3087 1372 quo
3139 1304 3243 1358 alis
3279 1306 3370 1358 ﬁat
3429 1307 3610 1360 cousi-

2045 1383 2170 1438 mile
2191 1394 2412 1455 propter
2431 1387 2843 1458 signiﬁcandam
2867 1393 3162 1463 angelicam
3187 1409 3349 1463 quam
3378 1395 3607 1465 adeptus

2041 1484 2126 1528 est
2151 1475 2510 1544 dignitatem;
2566 1486 2732 1550 atque
2799 1483 2964 1534 etiam
2999 1498 3064 1536 eo
3094 1485 3238 1553 quod
3289 1486 3393 1540 ista
3425 1486 3608 1538 eleva-

2044 1566 2192 1622 tione
2225 1583 2418 1625 manus
2466 1570 2640 1640 ipsius
2693 1585 3019 1641 apparentes
3055 1577 3394 1645 operationis
3430 1581 3605 1631 virtu-

2048 1666 2152 1712 tem
2186 1659 2488 1725 declarant,
2534 1671 2588 1718 et
2617 1663 2884 1718 internam
2919 1666 3012 1720 Dei
3068 1669 3504 1738 c00perationetu
3558 1671 3610 1724 itt

359 1771 456 1808 τον
479 1755 508 1806 6
537 1755 802 1825 ῐεράρχης
837 1755 896 1806 ὲν
919 1755 998 1822 τῷ
1045 1754 1104 1807 τὸ
1151 1754 1391 1824 ὠράριον
1441 1735 1740 1825 λαμϐάνειν
1779 1759 1937 1832 149

2045 1749 2108 1802 iis
2131 1763 2252 1818 quae
2282 1751 2539 1808 sacerdos
2570 1763 2851 1823 Operatur.
2914 1759 3152 1813 Primum
3175 1735 3352 1830 igitur
3395 1763 3612 1830 episco-

362 1846 430 1898 ὲκ
459 1846 556 1897 τοῦ
581 1845 874 1916 ἀριστεροῦ
923 1843 1078 1913 ὤμου
1109 1845 1356 1910 ὃπισθεν,
1397 1848 1495 1900 καὶ
1549 1849 1632 1911 εἱς
1673 1850 1733 1901 τὸ
1765 1851 1939 1914 δεξιον

358 1938 665 2001 ἐπιθεῖναι,
710 1938 820 1990 τῶν
872 1938 968 1991 δύο
1000 1938 1187 2007 μερῶν
1233 1939 1549 2007 γενομένων
1581 1940 1890 2010 ἔμπροσθεν
1923 1958 1936 1973 ·

357 2030 504 2098 ὅπερ
528 2029 650 2082 τότε
677 2031 823 2081 ἐστὶν
848 2029 1236 2100 ἑπιτραχήλιον
1259 2030 1483 2083 ὲκτελού
1493 2048 1654 2100 μενον
1675 2035 1769 2084 καὶ
1799 2033 1940 2086 οῦτω

358 2121 701 2190 καλούμενον
729 2136 745 2152 ⁸
777 2122 930 2190 δηλοῖ
965 2121 1022 2174 δὲ
1075 2122 1176 2190 τήν
1230 2122 1444 2176 ἄνωθεν
1485 2123 1788 2178 κατιοῦσαν
1827 2126 1938 2179 ἀπὸ

362 2213 614 2279 κεφαλῆς
667 2213 852 2282 χάριν,
897 2211 975 2275 ὡς
1031 2212 1202 2282 μύρον
1249 2214 1345 2266 ἐπὶ
1393 2214 1662 2282 κεφαλῆς,
1711 2215 1878 2285 φησὶν
1911 2217 1939 2268 6

359 2303 551 2366 A3616,
581 2304 644 2356 τὸ
683 2304 1015 2357 καταϐαῖνον
1050 2305 1143 2357 ἐπὶ
1171 2305 1272 2376 τὴν
1301 2303 1416 2359 ὢαν
1460 2307 1556 2359 τοῦ
1611 2307 1937 2378 ἐνδύματος,

358 2395 458 2445 καὶ
491 2395 584 2446 τὸν
614 2395 852 2464 χρηστὸν
883 2394 1049 2461 ζυγὸν
1074 2395 1174 2464 τῆς
1203 2395 1505 2465 ἱερωσύνης
1535 2397 1632 2450 τοῦ
1662 2398 1932 2467 Χριστοῦ,

359 2487 460 2538 καὶ
497 2484 573 2548 ῶς
637 2485 772 2554 φασι
796 2503 964 2549 τινες,
1015 2485 1076 2539 τδ
1110 2486 1445 2556 ἑλκυσθῆναι
1485 2487 1624 2559 πρὸς
1677 2489 1739 2542 τὸ
1765 2489 1939 2553 πάθος

364 2577 537 2631 αὐτὸν
563 2579 657 2631 τὸν
691 2578 927 2648 σταυρὸν
971 2577 1062 2630 ἐπ’
1091 2577 1260 2648 ὤμων
1304 2579 1639 2648 κατέχοντα·
1677 2581 1801 2634 ἐπεὶ
1847 2582 1941 2634 καὶ

360 2671 532 2732 acta;
561 2672 589 2723 6
623 2670 802 2742 ἱερεὺς
857 2671 926 2724 τὰ
969 2671 1064 2724 τοῦ
1117 2670 1324 2734 πάθους
1365 2672 1646 2742 μυστήρια
1697 2674 1940 2742 ἐνεργεῖν

361 2764 727 2830 κατηξὶωται.
750 2761 921 2816 Τοῦτο
937 2763 1120 2816 τοίνυν
1149 2763 1350 2816 ὲνδύων
1382 2764 1548 2816 αὐτὸν
1571 2767 1598 2817 6
1623 2766 1936 2836 ἀρχιερεὺς,

360 2857 536 2923 φησιν
559 2873 578 2905 ι
611 2855 815 2921 Ἀξιος.
852 2872 870 2906 ι
898 2855 1005 2907 Kal.
1029 2837 1305 2923 φαινόλιον
1335 2853 1363 2907 ὃ
1385 2855 1692 2926 εἰρήκαμεν
1721 2858 1942 2912 ἐπιϐάλ-

359 2950 472 3000 λων
505 2945 648 2999 οὕτω
677 2950 868 3016 φησιν,
906 2965 924 2997 ι
963 2947 1149 3012 ’Λξιος
1174 2963 1188 2976 ·
1231 2965 1249 2998 ι
1288 2947 1584 3016 εὐχόμενος
1606 2950 1764 3002 τοῦτο
1797 2945 1938 3004 εἴναι

2044 1855 2146 1908 pus
2177 1840 2322 1896 hunc
2353 1844 2634 1898 renuntiat
2674 1853 2730 1899 et
2771 1847 3126 1915 deprtedieat,
3158 1867 3280 1904 cum
3331 1851 3608 1907 borarium

2043 1933 2261 2002 accipit,
2285 1943 2338 1990 et
2363 1949 2427 1989 ex
2484 1939 2791 2006 posteriore
2817 1948 2972 2008 parte
3027 1941 3234 1998 sinistri
3299 1945 3508 2001 humeri
3555 1948 3608 2002 in

2042 2026 2323 2081 dexteram
2366 2028 2616 2097 imponit,
2647 2029 2863 2086 duabus
2924 2035 3171 2101 partibus
3203 2038 3443 2092 anterius
3478 2056 3612 2108 pen-

2042 2117 2320 2185 dentibus,
2352 2120 2498 2190 quod
2544 2131 2674 2178 tunc
2719 2133 2804 2178 est
2858 2125 3160 2194 perrectum
3199 2129 3611 2200 ὲπιτραχήλιον,

2044 2211 2438 2280 supercollare,
2467 2221 2521 2268 et
2550 2211 2621 2268 ita
2653 2223 2904 2271 vocatur.
2936 2215 3140 2273 Iudicat
3167 2228 3347 2275 autem
3379 2223 3606 2289 gratiam

2043 2299 2279 2370 desuper
2324 2317 2353 2356 a
2395 2304 2572 2372 capite
2597 2304 3040 2372 descendentem,
3070 2319 3131 2363 ut
3180 2309 3360 2379 inquit
3416 2310 3607 2374 David,

2041 2392 2191 2447 velut
2233 2402 2574 2464 unguentum
2606 2410 2768 2465 super
2805 2407 2966 2464 caput
3000 2397 3336 2454 descendens
3367 2400 3434 2454 ad
3489 2402 3610 2455 ﬁm-

2024 2483 2216 2540 'briam
2279 2486 2614 2553 vestimenti,
2667 2496 2723 2542 et
2770 2487 2974 2543 bonum
3035 2489 3333 2545 sacerdotii
3402 2492 3606 2546 Christi

2038 2576 2266 2647 iugum;
2305 2586 2381 2641 et,
2423 2585 2483 2632 ut
2520 2578 2978 2649 dicuntquitlam,
3018 2589 3076 2635 ut
3129 2580 3469 2652 signiﬁcetur
3487 2598 3611 2638 eum

2042 2667 2622 2736 gestantem-humeris
2670 2683 2891 2725 crucem
2946 2671 3014 2725 ad
3067 2673 3378 2742 passionem
3441 2676 3608 2737 trahi,

2041 2774 2164 2815 cum
2201 2760 2318 2828 ipse
2368 2761 2630 2816 sacerdos
2690 2762 2963 2832 passionis
3017 2765 3274 2833 mysteria
3330 2774 3607 2833 operetur.

2044 2850 2273 2905 Horario
2298 2851 2462 2920 igitur
2484 2865 2604 2905 eum
2630 2852 2864 2908 induens
2881 2855 3160 2918 sacerdos,
3182 2856 3276 2918 ait,
3304 2873 3322 2906 ι
3347 2855 3602 2926 Dignus.)

2046 2940 2110 2995 Et
2133 2940 2459 3011 phamolion,
2487 2951 2546 2996 ut
2575 2941 2835 3009 diximus,
2866 2943 2967 3014 ipsi
3000 2944 3282 3013 imponens
3311 2948 3444 3001 dicit
3476 2964 3612 3016 quo-

359 3041 532 3094 αὐτὸν
579 3038 730 3104 ἄξιον
759 3040 852 3093 καὶ
883 3038 974 3090 ἐπὶ
1006 3040 1174 3092 πᾶσιν
1218 3040 1499 3109 ὁμολογῶν
1526 3080 1540 3103 ,
1601 3046 1696 3097 καὶ
1739 3043 1822 3095 ὅτι
1861 3043 1936 3106 ὡς

2045 3049 2192 3105 quo:
2225 3051 2244 3086 ι
2272 3035 2496 3105 Dignus.
2530 3053 2549 3086 ι
2581 3035 2747 3104 Optat
2773 3051 2897 3090 eum
2931 3050 3054 3092 esse
3074 3037 3320 3107 dignum,
3347 3049 3400 3091 et
3423 3055 3605 3093 coram

357 3133 513 3196 ἄξιος
563 3131 779 3186 ἔλαϐεν.
826 3131 916 3184 Ἑν
954 3127 1037 3194 οἷς
1076 3133 1172 3185 καὶ
1229 3133 1626 3188 ταπεινοῦσθαι
1684 3135 1790 3205 χρὴ
1845 3138 1936 3189 τδν

356 3225 720 3295 λαμϐάνοντα
742 3241 756 3255 ·
787 3225 872 3288 τίς
894 3226 1002 3295 γὰρ
1030 3225 1214 3290 ἄξιοςς
1249 3225 1422 3278 Τοῦτο
1456 3227 1560 3296 γὰρ
1593 3227 1688 3279 καὶ
1715 3229 1763 3280 οἱ
1785 3228 1936 3291 ἐντὸς

357 3318 634 3388 ψάλλουσι
665 3315 759 3368 τοῦ
792 3317 1040 3387 βήματος
1070 3317 1167 3370 καὶ
1215 3317 1397 3383 ἐκτὸς,
1434 3319 1524 3370 τὸν
1556 3318 1818 3388 ἀρχιερέα
1853 3336 1940 3388 μι-

362 3408 658 3479 μούμενοι.
687 3403 820 3460 Εἶτα
847 3408 1217 3478 προτρέπεται
1253 3409 1355 3477 τὴν
1389 3408 1549 3477 ἱερὰν
1586 3407 1938 3460 ἀσπάσασθαι

358 3494 651 3566 τράπεζαν
693 3496 770 3559 ὡς
814 3496 998 3567 πλήρη
1039 3497 1287 3567 χάριτος,
1324 3498 1418 3550 καὶ
1443 3497 1519 3559 ὠς
1547 3498 1604 3548 ὲν
1639 3498 1774 3569 αὐτῇ
1807 3499 1938 3552 καθ-

357 3588 690 3657 αγιασθείς·
754 3585 870 3641 εἶτα
924 3591 1023 3658 τὴν
1075 3589 1467 3659 ἀρχιερατικὴν
1513 3589 1716 3655 δεξιὰν,
1746 3589 1822 3653 ὡς
1869 3589 1937 3642 δι’

362 3681 532 3750 αὐτῆς
563 3679 964 3749 χειροτονηθείς
991 3696 1006 3711 ο
1033 3680 1234 3734 καὶέτι
1271 3681 1371 3752 τὴν
1397 3681 1638 3750 παρειὰν
1659 3721 1674 3744 ,
1703 3681 1793 3734 διὰ
1839 3682 1938 3750 τὴν

369 3772 516 3824 θείαν
548 3772 774 3840 ἀγάπην
803 3787 862 3822 τε
915 3772 1010 3824 καὶ⁵
1039 3773 1264 3842 εἰρήνην
1289 3813 1305 3836 ,
1363 3774 1459 3824 καὶ
1512 3775 1593 3826 ὅτι
1632 3773 1863 3845 ὄργανον
1903 3779 1936 3844 ἡ

367 3864 569 3926 tapeti
598 3861 710 3914 τῶν
749 3861 926 3931 εὐχῶν
953 3877 968 3890 '
1009 3863 1102 3914 καὶ
1129 3863 1213 3915 ὃτι
1245 3863 1476 3931 ἀγαπῶν
1509 3863 1606 3916 καὶ
1656 3866 1938 3935 ἀγαπητὸς

365 3953 460 4005 καὶ
492 3953 521 4003 6
555 3953 726 4007 τελῶν
757 3956 854 4006 καὶ
880 3955 908 4006 ὀ
931 3952 1276 4023 τελούμενος.
1305 3955 1403 4007 Διὰ
1432 3953 1593 4008 τοῦτο
1617 3957 1713 4008 καὶ
1736 3957 1938 4019 πάντες

360 4045 734 4114 πρεσϐύτεροι
759 4046 1041 4114 χαίροντες
1074 4043 1412 4109 ἀσπάζονται
1456 4044 1650 4098 τοῦτον
1692 4046 1766 4108 ὼς
1810 4047 1940 4114 ὁμο·-

358 4139 506 4206 ταγῆ
534 4139 824 4206 γεγονότα,
853 4137 947 4190 καὶ
974 4138 1034 4189 τὺ
1063 4136 1164 4206 τῆς
1197 4136 1422 4206 ἀγάπης
1450 4138 1546 4190 καὶ
1567 4136 1667 4206 τῆς
1688 4135 1940 4200 ὲνὼσεως

358 4232 777 4284 ἐπιδείκνυνται
807 4247 820 4261 ·
857 4232 952 4283 καὶ
981 4228 1147 4289 εὐθὺς
1187 4229 1404 4281 ἵσταται
1435 4229 1853 4296 ὲπικλινόμενος
1878 4229 1940 4280 ἐκ

361 4322 598 4389 πλαγίου
627 4325 694 4391 τῇ
728 4319 1003 4394 τραπέζῃ,
1058 4320 1180 4373 κ;.θ’
1233 4320 1427 4372 ἑαυτὸν
1471 4319 1787 4390 εὐχόμενος,
1833 4320 1940 4382 ἕως

2041 3129 2298 3184 omnibus
2325 3129 2544 3195 fatetur,
2576 3137 2630 3184 et
2655 3129 2803 3184 velut
2835 3129 3059 3201 dignum
3098 3133 3373 3200 accepisse
3430 3132 3609 3202 digni-

2041 3229 2227 3276 tatem.
2257 3221 2374 3286 Qua
2405 3223 2457 3275 in
2491 3236 2550 3276 re
2570 3224 2877 3277 modestum
2909 3236 3032 3278 esse
3060 3231 3114 3278 et
3154 3223 3419 3278 ltuutiletn
3448 3241 3608 3295 opor—

2043 3317 2118 3367 ιει
2138 3313 2520 3382 accipientem.
2555 3311 2688 3378 Quis
2712 3313 2858 3368 enim
2885 3312 3129 3383 dignus?
3154 3315 3270 3370 Hoc
3308 3315 3450 3370 idem
3481 3333 3615 3370 can-

2039 3411 2163 3458 tant
2197 3405 2289 3472 qui
2327 3413 2456 3458 sunt
2487 3404 2628 3457 intra
2667 3412 2722 3458 et
2765 3413 2918 3459 extra
2944 3407 3363 3471 isanctuarium,
3398 3407 3612 3476 episco-

2043 3505 2172 3567 ‘pum
2205 3495 2505 3550 imitantes.
2527 3495 2730 3549 Deinde
2749 3496 3075 3550 admonetur
3097 3497 3335 3551 osculari
3362 3507 3608 3551 sanctam

2043 3601 2310 3649 mensam,
2339 3596 2401 3640 ut
2431 3587 2620 3655 gratiae
2640 3586 2874 3654 plenam,
2895 3595 3060 3656 atque
3093 3597 3150 3641 ut
3177 3588 3229 3642 in
3259 3588 3373 3656 ipsa
3403 3591 3609 3642 sancti-

2043 3676 2242 3732 ﬁcatus
2277 3691 2291 3729 :
2327 3687 2513 3746 postea
2540 3678 2905 3746 episcopalem
2943 3679 3246 3743 dexteram,
3281 3686 3339 3731 ut
3367 3694 3463 3747 per
3485 3694 3604 3733 eam

2043 3768 2352 3834 ordinatus,
2389 3779 2442 3824 et
2468 3770 2688 3838 insuper
2719 3785 2885 3838 genas
2929 3782 3150 3840 propter
3183 3769 3422 3825 divinam
3481 3772 3612 3826 cha-

2045 3860 2264 3915 ritatem
2309 3871 2363 3914 et
2415 3875 2625 3928 pacem,
2661 3869 2714 3914 et
2760 3876 2826 3916 eo
2871 3862 3014 3932 quod
3064 3876 3215 3934 genae
3244 3876 3466 3932 precum
3499 3863 3611 3919 sint

2043 3959 2386 4021 organon,et
2417 3951 2674 4021 quoniam
2699 3963 2846 4006 amat
2890 3963 2944 4008 et
2974 3963 3209 4020 amatur,
3249 3966 3534 4009 consecrat
3561 3967 3613 4008 et

2043 4053 2414 4101 consecratur.
2448 4043 2682 4116 Propter
2713 4045 2815 4100 hoc
2850 4060 3041 4100 omnes
3067 4047 3365 4116 presbyteri
3421 4047 3610 4102 laetan-

2043 4143 2126 4191 tes
2151 4129 2272 4189 cnm
2309 4146 2369 4190 ut
2402 4136 2666 4205 aequalem
2696 4143 2749 4191 et
2779 4135 3022 4207 ejusdem
3044 4137 3252 4191 ordinis
3277 4137 3480 4191 factum
3521 4155 3612 4194 sa-

2047 4221 2246 4291 tutant,
2279 4226 2466 4296 illique
2493 4228 2877 4282 demonstrant
2936 4227 3223 4284 charitatis
3277 4234 3331 4283 et
3391 4227 3612 4283 unionis

2046 4318 2344 4375 vinculum.
2378 4319 2473 4373 His
2505 4321 2740 4388 peractis
2771 4319 2916 4374 illico
2946 4321 3292 4374 statalatere
3315 4319 3612 4374 inclinatos

361 4417 509 4484 ἀρθῇ
540 4414 603 4466 τὸ
643 4411 1070 4480 καταπέτασμα,
1106 4410 1200 4463 καὶ
1253 4412 1282 4464 6
1315 4410 1456 4474 θεῖος
1503 4412 1730 4480 γένηται
1762 4411 1940 4465 ἀσπα-

2048 4427 2269 4476 mensae,
2294 4421 2346 4467 et
2378 4412 2429 4465 in
2466 4411 2647 4482 seipso
2697 4421 2821 4467 orat
2843 4411 3015 4467 donec
3073 4411 3297 4466 tollatur
3326 4412 3526 4478 velum,
3563 4428 3616 4468 et

364 4510 528 4574 σμός.
561 4504 702 4559 Τότε
737 4506 850 4575 γὰρ
887 4503 1043 4566 αὖθις
1077 4502 1185 4572 πρὸ
1213 4502 1324 4555 τῶν
1350 4503 1529 4556 ἄλλων
1548 4501 1941 4572 πρεσϐυτέρων

362 4601 691 4668 ἐρχόμενος,
727 4596 874 4649 ποιεῖ
903 4596 974 4648 τὰ
998 4594 1092 4648 τοῦ
1121 4593 1442 4664 ἀσπασμοῦ.
1469 4595 1574 4646 Kal.
1606 4595 1766 4646 πάλιν
1789 4593 1944 4647 ἵστα-

359 4708 453 4742 ται
489 4687 914 4757 ύποκλινόμενος
957 4688 1025 4758 τῇ
1062 4687 1184 4758 θεία
1233 4683 1506 4757 τραπέζῃ,
1569 4685 1667 4738 καὶ
1717 4685 1813 4740 τὸν
1844 4685 1941 4740 τοῦ

362 4778 512 4834 Θεοῦ
545 4777 952 4847 ἐκκαλούμενος
992 4779 1165 4830 ἔλεον.
1213 4777 1218 4782 ’

926 4891 1178 4945 ΚΕΦΔΛ.
1215 4891 1391 4946 PIIB'.

362 4986 566 5048 ὀπως
601 4985 634 5038 ὀ
689 4987 843 5048 θειος
882 4983 1174 5054 ἇρτοςτῷ
1229 4985 1740 5054 χειροτονουμένῳ
1804 4985 1946 5054 ἱερεῖ

505 5053 974 5123 παρακαταθήκη
1001 5053 1252 5106 δίδοται.
1283 5055 1351 5106 Ὅ
1387 5054 1484 5106 καὶ
1516 5057 1800 5122 φρικτόν.

371 5163 377 5167 ·
449 5147 652 5200 Ἠνίκα
685 5146 742 5199 δὲ
783 5147 812 5198 6
855 5147 1146 5216 ἀρχιερεὺς
1174 5145 1456 5216 σφραγίσῃ
1505 5146 1597 5197 καὶ
1637 5147 1832 5218 τελέσῃ
1879 5146 1948 5200 τὰ

363 5241 526 5310 δῶρα
555 5242 624 5310 τῇ
673 5237 962 5307 ἐπικλήσει
1012 5237 1107 5290 τοῦ
1157 5237 1305 5291 θείου
1342 5238 1680 5309 Πνεύματος,
1717 5239 1838 5292 τότε
1883 5239 1947 5309 δὴ

364 5332 772 5402 προσκαλεῖται
804 5330 965 5383 πάλιν
992 5331 1022 5382 6
1060 5329 1488 5401 χειροτονηθείς.
1525 5331 1634 5383 Καὶ
1653 5328 1835 5383 λαϐὼν
1859 5330 1950 5382 τὸν

367 5425 631 5493 δεύτερον
666 5424 997 5493 ἡγιασμένον
1016 5424 1222 5477 τέλειον
1249 5424 1416 5494 ἄρτον
1453 5427 1522 5494 τῇ
1549 5423 1744 5495 δεξιᾷὸ
1767 5426 1952 5493 ἀρχιεο

261 5573 276 5582 ,
371 5519 530 5589 ρεὺς,
561 5515 746 5570 δίδωσι
775 5515 966 5569 τοῦτον
995 5515 1074 5586 τῷ
1111 5517 1570 5586 χειροτονηθέντι,
1620 5518 1719 5579 τὰς
1771 5517 1954 5570 παλὰ-

372 5626 485 5684 tu;
513 5607 875 5672 σταυροειδῶς
902 5607 1241 5661 ὲκτυποῦντι
1274 5609 1353 5671 εἰς
1403 5609 1502 5677 τὴν
1524 5607 1617 5660 τοῦ
1654 5607 1798 5660 θείου
1851 5609 1956 5662 πά-
1975 5595 1989 5610 ’

377 5702 503 5764 θους
556 5702 784 5765 ἔνδειξιν
810 5712 835 5732 θ
876 5701 972 5755 καὶ
1004 5701 1086 5754 ὅτι
1117 5701 1214 5765 τὰς
1255 5703 1508 5772 παλάμας
1541 5701 1753 5773 ἐτρώθη
1808 5702 1950 5770 ὑπὲρ

2047 4500 2227 4554 divina
2286 4501 2378 4554 tlat
2426 4501 2705 4556 salutatio.
2771 4501 2911 4556 Tum
2966 4502 3112 4556 enim
3167 4503 3612 4574 presbyterorum

2046 4589 2259 4658 primus
2312 4592 2484 4657 venit,
2532 4600 2586 4647 et.
2637 4607 2758 4663 quae
2805 4602 2933 4648 sunt
2985 4594 3333 4648 salutationis
3383 4598 3616 4663 peragit,

2046 4682 2359 4754 iterumque
2409 4693 2518 4740 stat
2563 4686 2762 4740 divina:
2799 4700 3001 4741 mensa:
3034 4687 3355 4750 inclinatus,
3414 4697 3464 4740 et
3519 4688 3614 4740 Dei

2046 4774 2480 4831 miscricordiam
2515 4777 2800 4834 invocans.

2575 4888 2804 4944 CAPUT
2881 4890 3187 4946 CLXXXII.

2050 4979 2169 5048 Qua
2203 4980 2409 5034 ratione
2439 4982 2648 5035 divinus
2701 4984 2856 5053 panis
2883 4985 3153 5037 tremendi
3187 4984 3409 5053 depositi
3442 4985 3615 5038 instar

2431 5056 2592 5104 datur
2625 5057 2872 5106 ordinato
2912 5056 3232 5124 presbytero.

2120 5143 2258 5199 Cum
2295 5151 2478 5199 autem
2510 5145 2800 5215 episcopus
2823 5146 3144 5214 signaverit,
3177 5157 3229 5200 et
3261 5160 3616 5200 consumma-

2053 5238 2192 5288 verit
2220 5235 2364 5290 dona
2403 5236 2752 5291 invocatione
2781 5238 2952 5290 divini
2990 5236 3269 5306 Spiritus;
3305 5245 3432 5289 tunc
3457 5235 3621 5292 advo-

2054 5336 2207 5380 c;ttur
2276 5331 2471 5382 iterum
2523 5328 2832 5393 ordinatus,
2882 5335 2936 5382 et
2983 5327 3276 5397 episcopus
3349 5328 3623 5396 aCCipiClls

2056 5422 2278 5475 dextera
2321 5436 2483 5475 manu
2512 5422 2808 5476 secundum
2838 5436 3033 5492 panem
3067 5419 3337 5490 integrum
3374 5424 3622 5477 sanctiﬁ-

2057 5524 2235 5566 cattttu
2273 5514 2322 5566 ei
2354 5513 2542 5578 tradit,
2565 5506 2778 5583 'palutas
2811 5514 2864 5566 itt
2923 5513 3141 5566 modum
3169 5513 3352 5567 crucis
3402 5528 3623 5579 compu-

2058 5607 2210 5659 ucnti
2247 5607 2298 5658 in
2330 5605 2526 5658 divinae
2550 5603 2823 5673 passionis
2863 5603 3413 5670 demonstrationem,
3463 5612 3625 5670 atque

2065 5679 2224 5753 etiatt:
2251 5716 2315 5756 ρο
2345 5700 2487 5769 quod
2518 5699 2571 5753 itt
2609 5699 2804 5769 palmis
2831 5697 3149 5755 vulneratus
3177 5709 3262 5754 cst
3307 5713 3406 5768 pro
3461 5706 3622 5752 notus
