4044 6198
455 261 558 325 391

1233 260 1610 320 SYMEONIS
1648 258 2404 319 TIIESSALONICENSIS
2446 256 2799 316 ARCHIEP.

3595 245 3700 309 39?.

445 376 762 441 cruciﬁxus,
799 376 845 430 ei
881 372 971 443 qui
1012 372 1141 428 dicit
1174 387 1188 423 :
1240 392 1256 423 ι
1294 372 1499 442 Accipe
1555 372 1658 427 hoc
1689 372 2023 441 depositum,

2130 374 2283 442 ἡμῶν
2311 377 2338 427 6
2374 373 2734 438 σταυρωθείς.
2775 371 2885 423 Καί
2922 387 3078 447 φησι,
3119 388 3137 421 ι
3173 368 3321 422 Δάὄε
3363 365 3571 436 ταύτην
3599 364 3700 436 τὴν

446 467 691 535 illudque
716 464 930 519 custodi
971 466 1036 518 ad
1071 464 1362 518 adventum
1408 462 1650 529 Domini,
1676 478 1800 518 cum
1833 462 1964 516 illud
1992 479 2021 516 a

449 569 502 611 te
536 556 900 625 requisiturus
930 563 1034 612 est.
1066 575 1085 607 ι
1133 555 1236 610 Res
1268 555 1383 609 haec
1430 563 1665 609 tremore
1693 561 1747 608 et
1801 554 2027 608 horrore

445 646 669 700 omnino
700 647 855 715 plena
889 656 992 701 est.
1023 644 1275 719 Ostendit
1312 645 1460 698 enim
1493 659 1613 698 cum
1642 644 2023 714 mysteriorum

449 735 541 791 Dei
566 752 911 792 (economum
954 736 1180 798 factum,
1216 750 1384 805 seque
1411 734 1837 789 sacriﬁcandum
1868 748 2028 787 accc-

446 831 593 899 pisse
612 828 795 882 Jesum
841 830 1018 898 ipsum
1046 843 1237 897 panem
1275 829 1563 891 viventem,
1592 833 1647 880 et
1683 840 1790 879 non
1815 823 1981 878 alium
2009 841 2024 891 ;

448 923 736 989 ipsumque
767 931 820 973 et
864 918 1005 972 illius
1055 917 1427 972 sacerdotium
1461 924 1519 969 ut
1566 916 1873 984 depositum
1926 915 2025 982 ipsi

450 1011 718 1065 creditum
759 1026 901 1072 esse,
936 1024 1109 1077 eaque
1141 1009 1314 1062 teucri
1353 1021 1611 1072 servare;
1651 1003 2026 1059 sacerdotium

446 1104 721 1164 videlicet,
754 1111 809 1155 et
842 1116 1053 1155 sacram
1080 1101 1355 1155 actionem
1382 1097 1756 1160 immaculata,
1790 1111 1855 1150 eo
1882 1098 2027 1165 quod

450 1197 710 1250 Dominus
747 1195 1009 1249 rationem
1047 1190 1549 1247 administrationis
1591 1190 1824 1244 istorqu
1856 1187 1924 1241 ab
1961 1203 2027 1242 eo

451 1290 708 1358 requiret.

937 1397 1164 1454 CAPUT
1227 1396 1563 1450 CLXXXIII.

523 1495 674 1559 Quod
705 1491 923 1563 periculi
951 1492 1161 1559 plenum
1193 1498 1267 1605 e’st
1305 1503 1473 1540 ειπερ-αξ
1519 1485 1694 1540 missa:
1734 1484 1960 1552 ofﬁcium

1106 1574 1201 1605 nea
1234 1572 1392 1605 mere.

1106 1572 1392 1627 negligere.

520 1654 622 1710 Ubi
662 1667 809 1707 nunc
845 1660 975 1705 sunt
1030 1651 1124 1719 qni
1197 1646 1494 1705 sacerdmii
1549 1647 1724 1718 gratia
1783 1651 2025 1712 accepta,

2128 462 2629 530 παρακαταθήκην,
2668 464 2766 514 καὶ
2799 460 3034 529 φύλαξον
3080 460 3253 529 αὐτὴν
3286 460 3413 528 ἄχρι
3449 461 3549 528 τῆς
3600 475 3702 512 πα-

2130 555 2356 624 ρουσίας
2390 553 2484 606 τοῦ
2522 554 2754 624 Κυρίου,
2784 553 2874 605 ὅτε
2912 550 3044 622 παρ’
3092 549 3259 604 αὐτοῦ
3292 548 3504 619 μέλλεις
3532 550 3705 601 ἀπαι-

2127 646 2338 698 τεῖσθαι
2375 645 2569 714 αὑτήν,
2604 651 2644 696 ⁸»
2710 642 2880 696 Τοῦτο
2941 641 3144 711 φρίκης
3201 643 3421 710 ἀπάτης
3482 638 3702 708 μεστόν.

2127 738 2378 789 Δείκνυσι
2416 737 2548 808 γὰρ,
2595 738 2670 799 ὡς
2702 736 2983 804 οἰκονόμος
3024 736 3133 788 τῶν
3171 733 3267 787 τοῦ
3312 732 3448 786 Θεοῦ
3492 750 3704 803 μυστη-

2130 830 2263 898 ρίων
2294 829 2529 897 γίνεται,
2573 828 2667 880 καὶ
2702 828 2803 880 οὐκ
2829 828 3009 891 ἄλλον,
3057 826 3193 879 ἀλλὰ
3227 826 3317 877 τὸν
3368 825 3578 895 Ἰησοῦν
3610 829 3700 878 τὸν

2129 919 2313 983 ζῶντα
2352 922 2517 989 ἄρτον
2566 918 2840 988 λαμϐάνει
2879 918 3214 988 ἱερουργεῖν,
3266 916 3361 969 καὶ
3394 916 3489 984 τὴν
3539 917 3701 983 ἱερω-

2132 1010 2301 1080 σύνην
2329 1010 2496 1062 αὐτοῦ
2528 1009 2621 1062 καὶ
2655 1008 2819 1061 αὑτὸν
2847 1008 2921 1071 ὠς
2948 1005 3421 1076 παρακαταθήκην
3450 1004 3706 1056 πιστεύε-

2129 1122 2217 1157 ται
2244 1121 2258 1135 ο
2297 1102 2393 1159 καὶ
2426 1104 2634 1172 ὀφείλει
2673 1104 2860 1172 τηρεῖν
2911 1099 3104 1167 ταῦτα,
3139 1099 3237 1169 τὴν
3295 1098 3597 1167 ἱερωσύνην
3646 1115 3703 1149 τε

2134 1199 2229 1249 καὶ
2284 1196 2477 1249 ἑαυτὸν
2528 1193 2846 1263 ἀμώμητα·
2901 1194 2983 1245 ὅτι
3016 1193 3111 1245 καὶ
3163 1192 3295 1260 παρ’
3333 1190 3497 1245 αὑτοῦ
3531 1188 3705 1243 ταῦτα

2130 1286 2605 1356 ἀπαιτηθήσονται
2636 1284 2731 1335 τοῦ
2769 1284 3003 1353 Κυρίου.

2672 1394 2924 1447 ΚΕΦΑΛ.
2963 1390 3135 1446 ΡΠΓ’.

2205 1489 2324 1542 Ὅτι
2352 1486 2747 1541 ἐπικίνδυνον
2774 1484 2839 1537 τὸ
2862 1483 3114 1553 ἀμελεῖν
3138 1483 3248 1552 τῆς
3275 1484 3631 1552 ἱερουργίας.

2203 1642 2313 1698 1Ιοῦ
2347 1646 2454 1714 ἄρα
2498 1645 2635 1697 εἰσὶν
2667 1643 2793 1715 ἄρτι
2835 1644 2885 1695 οἱ
2919 1642 3016 1711 τὴν
3046 1642 3212 1712 χάριν
3260 1644 3361 1713 τῆς
3393 1642 3704 1712 ἱερωσύνης

449 1747 625 1801 omcia
656 1744 1021 1801 sacerdotalia
1056 1743 1388 1813 quibusdam
1441 1738 1834 1795 occasionibus
1906 1736 2023 1806 pie-

2130 1738 2408 1802 λαϐόντες,
2448 1738 2542 1791 καὶ
2575 1739 2671 1791 ἐπὶ
2720 1737 3029 1806 προφάσεσί
3068 1750 3204 1797 τισι.
3238 1737 3333 1790 κα)⁵
3359 1738 3424 1805 τῇ
3470 1736 3706 1807 δοκούσῃ

450 1841 578 1893 tatis
645 1837 880 1911 Speciem
917 1845 970 1890 et
1027 1833 1367 1904 opinionem,
1410 1846 1596 1886 revera
1648 1839 1829 1884 autem
1888 1824 2025 1881 nihil

450 1928 667 2001 pietatis
698 1926 1025 1982 habentibus
1082 1924 1389 1993 negligunt,
1444 1930 1496 1976 et
1551 1920 1749 1991 supine
1801 1919 2024 1981 habent,

449 2010 844 2075 semeltantum
896 2017 1062 2085 idque
1116 2013 1487 2085 perfunctorie
1530 2027 1593 2067 ea
1643 2011 2028 2082 contingentes

449 2124 503 2168 et
531 2110 888 2167 exercentes?
925 2107 1247 2177 llujusmodi
1282 2107 1551 2160 rationem
1583 2104 1807 2160 incuriae
1835 2116 2029 2174 postu-

453 2206 733 2273 labuntur,
762 2202 1021 2269 quidnam
1080 2198 1245 2252 fuerit
1294 2200 1439 2266 quod
1475 2210 1571 2251 eos
1608 2197 1675 2250 ab
1716 2194 2025 2249 exercendo

451 2310 680 2349 munere
712 2291 1074 2360 prohibuerit.
1106 2289 1245 2343 Tum
1270 2290 1415 2343 enim
1449 2287 1828 2355 paenitentiam
1865 2302 2028 2356 agen-

453 2397 533 2437 tes
586 2399 616 2437 a
677 2381 971 2437 sacerdotii
1027 2382 1293 2435 exercitio
1354 2379 1573 2449 penitus
1617 2390 2026 2433 removeantur.

451 2475 704 2544 Quandiu
747 2482 928 2527 autem
964 2473 1338 2527 sacerdotium
1363 2474 1584 2534 retines,
1617 2479 1671 2524 et
1703 2485 1808 2524 non
1840 2468 2027 2538 prohi-

455 2570 622 2634 heris,
655 2568 806 2637 operi
835 2581 993 2622 sacro
1046 2574 1313 2635 quantum
1376 2563 1581 2618 homini
1648 2562 1765 2617 fieri
1827 2562 2028 2633 poterit

454 2664 672 2718 insiste.
715 2662 811 2716 Est
834 2659 981 2715 enim
1005 2673 1141 2729 opus
1169 2656 1300 2712 illud
1322 2656 1513 2711 mundi
1543 2654 1694 2710 salus
1722 2663 1773 2709 et
1804 2669 2027 2710 conser-

455 2750 626 2806 vatio.

524 2842 818 2909 Postquam
856 2837 1024 2907 igitur
1050 2834 1294 2907 episcopi
1333 2849 1553 2891 manum
1585 2836 1866 2892 osculatus
1919 2845 2024 2915 est,

450 2944 507 2990 et
564 2949 687 2989 cum
743 2930 927 2986 cordis
982 2930 1314 2985 contritione
1368 2944 1624 2999 egressus
1659 2940 1766 2995 est,
1827 2929 2025 2996 defert,

452 3027 621 3079 elatas
648 3039 842 3078 manus
868 3022 1097 3086 habens,
1128 3035 1349 3076 sacrum
1406 3035 1605 3090 panem
1636 3022 1703 3076 ad
1752 3038 2021 3086 mensam,

2135 1830 2255 1901 μὲν,
2290 1830 2364 1899 μὴ
2414 1830 2550 1901 οὔσῃ
2579 1830 2634 1881 δὲ
2670 1828 2953 1898 εὐλαϐείᾳ,
2983 1830 3157 1898 οἰήσει
3181 1826 3238 1881 δὲ
3274 1828 3474 1898 μᾶλλον
3500 1829 3703 1891 εἰπεῖν,

2129 1923 2239 1977 τῶν
2273 1923 2371 1988 τῆς
2408 1920 2714 1991 ἱερωσύνης
2740 1920 3183 1990 καταμελοῦντες
3214 1919 3309 1972 καὶ
3340 1920 3525 1989 ἀργῶς
3546 1921 3705 1989 ’ἔχον-

2129 2033 2245 2080 τες,
2292 2015 2439 2081 ἅπαξ
2470 2014 2526 2067 δὲ
2561 2015 2723 2084 μόνον
2755 2009 2866 2067 οἷον
2897 2014 3216 2082 ἁπτόμενοι,
3251 2016 3347 2067 καὶ
3374 2016 3449 2075 ὡς
3477 2016 3535 2066 ἐν
3568 2032 3706 2084 παρ-

2130 2106 2280 2175 έργῳ
2304 2105 2620 2172 ποιοῦντες;
2651 2099 2812 2159 Οὗτοι
2833 2105 2925 2159 τὸν
2950 2105 3107 2173 λόγον
3133 2108 3233 2174 τῆς
3256 2104 3515 2174 ἀμελείας
3537 2106 3704 2159 ἁπαι-

2130 2197 2481 2268 τηθήσονται,
2517 2198 2567 2250 εί
2604 2199 2676 2267 μή
2709 2214 2815 2249 που
2846 2197 2907 2250 τὸ
2938 2198 3148 2249 κωλύον
3184 2199 3300 2250 ἐστί
3326 2215 3379 2250 τι
3405 2214 3419 2229 ο
3446 2199 3567 2251 τότε
3593 2198 3707 2267 γὰρ

2131 2290 2239 2341 τῶν
2271 2292 2368 2359 τῆς
2403 2289 2705 2358 ἱερωσύνης
2743 2289 2971 2341 καθόλου
3008 2280 3398 2358 μετανοοῦντες
3455 2290 3709 2359 ἀποστή-

2130 2398 2335 2435 τωσαν.
2384 2381 2500 2449 Ἐφ’
2536 2382 2658 2434 ὅσον
2688 2382 2743 2433 δὲ
2776 2381 2973 2450 ἀντέχῃ
3006 2382 3248 2450 ταύτης,
3277 2383 3370 2433 καὶ
3400 2383 3459 2434 ού
3499 2382 3709 2434 κωλύει

2129 2471 2204 2534 ὡς
2243 2472 2469 2525 δυνατὸν
2528 2471 2802 2543 ἀνθρώπῳ
2862 2472 3014 2541 παρά
3045 2490 3192 2534 τινος
3240 2472 3334 2523 τοῦ
3369 2473 3703 2542 ἱερουργεῖν,

2132 2562 2262 2633 ἔχου
2294 2563 2390 2617 τοῦ
2424 2563 2611 2632 ἔργου,
2641 2564 2725 2616 ὅτι
2763 2563 2851 2616 τοῦ
2887 2566 3093 2633 κόσμου
3126 2564 3243 2615 ἐστὶ
3272 2567 3557 2634 σωτήριον.

2214 2832 2634 2902 Ἀσπασάμενος
2664 2830 2755 2884 οὖν
2800 2830 2898 2903 τὴν
2948 2834 3108 2900 χεῖρα
3137 2832 3231 2885 τοῦ
3290 2832 3570 2903 ἱεράρχου,
3608 2836 3707 2886 καὶ

2134 2928 2275 2995 μετὰ
2306 2924 2599 2994 συντριὸῆς
2629 2923 2901 2988 ἀπελθὼν,
2937 2925 3049 2977 ἄνω
3077 2926 3175 2987 τὰς
3218 2928 3405 2995 χεῖρας
3448 2926 3585 2995 ἔχων
3637 2928 3707 2979 ὲν

2134 3021 2202 3087 τῇ
2235 3016 2485 3087 τραπέζῃ
2513 3017 2604 3070 τὸν
2635 3017 2799 3086 ἄρτον
2854 3016 3034 3088 φέρων
3066 3019 3157 3071 τὸν
3214 3018 3381 3088 ἱερὸν,
3433 3019 3525 3071 καὶ
3578 3024 3707 3085 ταῖς

450 3120 505 3165 et
532 3112 708 3181 capite
732 3109 981 3164 manibus
1027 3110 1375 3163 incumbente
1398 3120 1540 3175 orat,
1597 3112 1918 3165 memoriam
1948 3111 2025 3165 fa-

2132 3108 2318 3179 χερσὶν
2343 3110 2697 3178 ἐπικειμένην
2721 3111 2819 3179 τὴν
2843 3109 3110 3179 κεφαλὴν,
3144 3109 3383 3180 εὔχεται,
3414 3114 3709 3181 μεμνημέ-

452 3204 603 3257 ιίειιε
634 3210 687 3255 et
713 3200 801 3254 sui
836 3200 1007 3268 ipsius
1030 3210 1085 3254 et
1117 3199 1355 3269 episcopi
1387 3201 1479 3269 qui
1521 3200 1696 3269 ipsum
1732 3201 2026 3268 ordinavit,

452 3294 807 3362 omniumque
844 3290 1173 3345 clericorum
1208 3298 1261 3345 et.
1312 3290 1602 3357 laicorum,
1662 3293 2029 3363 omnibusque

452 3385 682 3439 salutem
731 3383 1029 3452 deposcit:
1080 3382 1380 3436 viventium
1417 3398 1638 3453 quoque
1687 3385 2031 3441 orthodoxo-

455 3492 574 3529 rum
610 3484 662 3530 et
693 3486 1032 3529 mortuorum
1065 3476 1408 3532 recordatur.
1461 3474 1642 3543 Ipsum
1673 3475 1816 3530 enim
1844 3477 2029 3530 Domi-

442 3564 582 3622 num
626 3566 883 3635 manibus
917 3573 1086 3631 tenet,
1150 3566 1381 3636 ejusque
1431 3582 1629 3623 manus
1660 3582 1791 3623 vasa
1846 3576 2023 3635 sunt;

454 3662 572 3727 ipse
619 3658 707 3727 qui
742 3666 957 3711 tenetur
984 3655 1143 3711 Jesus
1191 3657 1466 3722 Christus,
1501 3668 1586 3713 est
1615 3659 1664 3715 ei
1692 3670 1744 3714 et
1776 3660 2029 3716 manibus

452 3765 505 3804 ct
538 3750 700 3817 capiti
731 3748 936 3802 unedo.
969 3748 1094 3802 Edeo
1119 3748 1207 3802 hic
1243 3759 1302 3802 ut
1328 3757 1381 3802 et
1410 3748 1465 3802 in
1486 3749 1736 3805 omnibus
1768 3751 2029 3806 innovaut

454 3843 630 3897 Latini
680 3842 1030 3911 presbyteros
1099 3854 1229 3895 suos
1294 3840 1449 3910 legali
1525 3856 1677 3896 more
1739 3855 2027 3913 tingentes,

452 3938 597 4003 quod
644 3932 934 4002 Dionysius
967 3946 1074 3985 non
1107 3932 1257 3986 dicit.
1294 3929 1371 3985 Ita
1403 3940 1560 3989 stans
1588 3934 1880 4005 presbyter
1907 3947 2031 4005 post

450 4024 648 4092 capitis
682 4022 1114 4089 inclinationem,
1138 4030 1193 4076 et
1215 4023 1516 4078 orationem
1543 4042 1559 4080 :
1593 4043 1610 4075 ι
1637 4024 1892 4093 Attende,
1919 4025 2026 4081 Do-

452 4117 597 4169 mine
625 4114 753 4169 Jesu
787 4113 1025 4179 Christe,
1057 4133 1075 4165 ι
1107 4114 1433 4169 admonetur
1469 4115 1689 4183 iterum,
1722 4130 1775 4173 et
1806 4119 1911 4173 fert
1942 4120 2028 4173 di-

453 4208 632 4263 vinum
672 4221 890 4276 panem,
931 4214 985 4260 et
1019 4205 1072 4258 in
1115 4205 1272 4260 disco
1313 4207 1485 4276 ponit,
1524 4224 1649 4263 cum
1678 4211 1749 4264 sit
1784 4211 2029 4265 exaltan-

451 4299 575 4353 dus.
619 4297 757 4351 Tum
792 4301 938 4351 enim
979 4297 1269 4365 episcopus
1335 4299 1579 4352 divinum
1616 4316 1809 4368 panem
1845 4303 1901 4354 in
1934 4302 2023 4355 di-

451 4406 543 4445 sco
576 4391 805 4457 positum
869 4390 1064 4453 elevat,
1105 4398 1158 4441 et
1210 4388 1353 4442 hunc
1388 4389 1550 4443 simul
1583 4406 1670 4455 eo,
1711 4390 1887 4446 Unum
1945 4403 2030 4449 est

450 4481 595 4534 enim
636 4476 840 4532 Christi
891 4492 1116 4545 corpus.
1173 4476 1263 4532 Sic
1294 4494 1418 4533 cunt
1453 4480 1644 4533 hostia:
1696 4482 2021 4538 divisionem

455 4572 680 4639 peregit,
710 4584 831 4638 qua:
864 4578 1115 4638 spectant
1140 4570 1206 4623 ad
1232 4571 1483 4624 unionem
1527 4573 1695 4641 partis
1735 4574 1853 4643 ejus
1901 4591 2025 4631 cum

452 4662 642 4725 calice,
667 4669 718 4712 et
747 4674 863 4726 qum
898 4656 965 4710 ad
996 4660 1437 4712 communionem
1464 4674 1563 4728 pro
1608 4676 1762 4715 more
1789 4663 2024 4735 perficit.

403 4742 421 4823 ,ἓ
453 4755 746 4822 Postquam
780 4753 944 4821 igitur
978 4752 1344 4807 sanctissimis
1398 4753 1676 4821 mysteriis
1720 4756 2028 4809 communi-

454 4848 595 4900 cavit
619 4847 1076 4914 episcopus,ante
1109 4852 1335 4899 cancros
1388 4845 1736 4916 presbyteros
1765 4847 2029 4901 venitor-

453 4939 691 5001 dinatus,
729 4939 933 4989 honore
961 4940 1068 5003 pra:
1090 4936 1303 4990 caeteris
1332 4936 1553 4990 habitus
1576 4945 1801 5005 propter
1835 4953 2025 4994 recens

453 5038 729 5098 acceptam
762 5028 1013 5097 gratiam,
1041 5037 1095 5081 et
1152 5030 1558 5081 renovationem
1592 5043 1623 5080 a
1664 5029 1851 5084 divino
1900 5028 2027 5099 Spi-

454 5132 557 5175 ritu
588 5122 698 5190 jam
732 5118 951 5172 factam.
995 5118 1320 5186 Undejnxta
1371 5120 1822 5175 consuetudinem
1891 5122 2026 5174 vivi-

452 5198 536 5268 lici
562 5215 717 5283 panis
757 5213 1029 5282 particeps
1070 5226 1166 5280 per
1190 5213 1507 5280 episcopum
1546 5211 1747 5279 factus,
1807 5221 1861 5268 et
1891 5213 2025 5267 dex-

451 5314 621 5357 teram
658 5313 710 5356 ct
746 5319 937 5372 genam
966 5303 1082 5370 ejus
1132 5302 1431 5365 osculatur,
1484 5300 1682 5355 deinde
1738 5305 2019 5355 tremcn-lo

457 5395 617 5449 calici
669 5397 1058 5448 communicat.
1122 5393 1387 5449 Redditus
1429 5394 1508 5447 sic
1552 5406 1677 5447 vere
1724 5392 2021 5461 perfectus,

450 5499 505 5541 et
546 5487 824 5539 tremenda
869 5470 1258 5540 communione
1314 5486 1587 5554 sigillantc
1618 5496 1672 5539 et
1701 5487 2021 5554 ohsignante

451 5590 851 5635 sacramentum
887 5582 1271 5645 ordinationis,
1311 5582 1363 5636 in
1403 5582 1636 5651 quodam
1670 5581 1788 5635 loco
1834 5582 2021 5635 altaris

453 5672 722 5736 subsistit,
752 5680 801 5726 et
825 5671 1256 5727 sacratissimum
1288 5674 1510 5727 calicem
1548 5673 1798 5727 manibus
1824 5682 2016 5728 tenens

2134 3217 2221 3262 νος
2249 3201 2342 3253 καὶ
2370 3200 2511 3269 ὑπὲρ
2541 3200 2737 3253 ἑαυτοῦ
2775 3200 2869 3253 καὶ
2905 3200 3000 3253 τοῦ
3031 3204 3508 3272 χειροτονήσαντος
3544 3202 3712 3273 150

2132 3289 2293 3343 αὑτὸν
2328 3291 2611 3361 ἱερὰρχου,
2649 3292 2742 3345 καὶ
2779 3292 2999 3345 πάντων
3039 3294 3335 3362 ἱερατικῶν
3363 3311 3421 3347 τε
3454 3295 3547 3348 καὶ
3577 3297 3709 3347 λαῖ-

2131 3382 2243 3433 κῶν
2264 3398 2277 3412 ·
2296 3384 2386 3433 καὶ
2414 3381 2511 3449 τὴν
2547 3383 2824 3453 σωτηρίαν
2863 3385 3067 3438 ἅπασιν
3090 3386 3414 3451 ἑξαιτείται·
3446 3388 3537 3439 καὶ
3567 3386 3712 3451 ζών-

2131 3491 2242 3527 των
2271 3473 2569 3544 ὀρθοδὸξων
2600 3478 2695 3528 καὶ
2721 3476 3034 3531 τεθνεώτων
3066 3479 3371 3550 μέμνηται’
3396 3481 3559 3534 αὑτὸν
3590 3480 3707 3552 γὰρ

2120 3565 2249 3626 ταῖς
2280 3568 2437 3635 χερσὶ
2466 3565 2684 3635 κατέχει
2707 3569 2796 3620 τὸν
2844 3569 3050 3640 Κύριον
3073 3586 3086 3601 ·
3114 3572 3207 3622 καὶ
3241 3572 3295 3621 αἱ
3319 3573 3500 3641 χεῖρες
3524 3573 3700 3625 αὑτοῦ

2134 3652 2278 3724 ὑπὲρ
2307 3655 2375 3708 τὰ
2426 3656 2545 3725 ἱερά
2573 3657 2679 3709 εἱσι
2722 3656 2891 3727 σκεύη
2919 3673 2934 3687 ·
2969 3663 3065 3710 καὶ
3116 3660 3143 3710 6
3191 3662 3554 3730 κατεχόμενος
3593 3663 3710 3732 Ἰη-⁵

2132 3743 2260 3807 σοῦς
2293 3743 2549 3814 Χριστὸς,
2584 3741 2740 3808 οὗτος
2800 3747 3011 3817 χρίσμα
3050 3747 3199 3818 αύτῷ
3240 3752 3334 3802 καὶ
3384 3754 3506 3814 ταῖς
3540 3754 3708 3823 χερσὶ

2131 3836 2226 3886 καὶ
2248 3838 2312 3905 τῇ
2342 3837 2579 3906 κεφαλῇ.
2612 3838 2702 3890 Διὸ
2728 3840 2824 3891 καὶ
2848 3832 2947 3891 ὧδε
2971 3839 3044 3897 ὡς
3075 3839 3168 3892 καὶ
3203 3841 3260 3892 ἐν
3290 3842 3422 3894 πᾶσι
3454 3860 3709 3895 καινοτο-

2134 3926 2299 3996 μοῦσι
2346 3927 2591 3994 Λατῖνοι,
2624 3933 2753 3991 τοὺς
2790 3932 2971 3984 αὐτῶν
3022 3931 3429 4001 πρεσϐυτέρους
3462 3935 3708 4001 νομικῶς

2131 4020 2378 4089 χρίοντες
2405 4034 2420 4048 ’
2469 4019 2607 4090 ὅπερ
2642 4019 2704 4073 οὗ
2739 4038 2874 4092 φησι
2923 4024 3219 4087 Διονύσιος.
3257 4023 3416 4078 Οὕτω
3460 4025 3515 4078 δὲ
3550 4027 3710 4077 ἱστά-

2135 4127 2314 4178 μενος,
2354 4112 2493 4181 μετὰ
2546 4114 2649 4181 τὴν
2700 4115 3121 4182 κεφαλοκλισίαν
3164 4117 3192 4168 6
3245 4118 3425 4187 ἱερεὺς
3477 4120 3567 4169 καὶ
3600 4119 3707 4184 τὴν

2131 4201 2296 4272 εὐχὴν
2314 4203 2395 4268 τὸ,
2430 4222 2447 4254 ι
2476 4204 2776 4273 Πρόσσχες,
2802 4206 2974 4274 Κύριε
3019 4206 3196 4276 ἰησοῦ
3218 4208 3443 4289 ξριστὲ,
3473 4227 3492 4260 ι
3528 4225 3705 4279 προσ-

2131 4291 2377 4343 καλεῖται
2441 4293 2640 4345 πάλινο
2688 4295 2782 4347 καὶ
2823 4298 2980 4365 φέρει
3045 4297 3137 4349 τὸν
3183 4298 3327 4351 θεῖον
3360 4300 3545 4368 ἄρτον,
3602 4300 3703 4351 καὶ

2133 4383 2349 4453 τίθησιν
2383 4386 2542 4438 αὑτὸν
2575 4389 2633 4438 ὲν
2670 4388 2747 4458 τῷ
2791 4390 2982 4458 δίσκῳ,
3011 4390 3133 4442 ἐπεὶ
3166 4391 3353 4460 μέλλει
3408 4391 3698 4460 ὗψοῦσθαι.

2137 4477 2272 4529 Τότε
2314 4477 2417 4547 γὰρ
2454 4481 2482 4531 6
2515 4479 2779 4549 ἱερὰρχης
2830 4481 2921 4532 τόν
2971 4498 3029 4532 τε
3060 4484 3117 4534 ἐν
3152 4482 3229 4550 τῷ
3255 4482 3423 4550 δίσκῳ
3475 4483 3707 4551 προκείο

2132 4584 2291 4637 μενον
2330 4569 2471 4621 θεῖον
2504 4572 2669 4639 ἄρτον
2722 4572 2816 4623 καὶ
2867 4572 3030 4625 αὑτὸν
3061 4573 3256 4641 ἀνυψοί
3286 4573 3423 4641 ὁμοῦ
3445 4590 3461 4606 ο
3498 4574 3555 4625 ἓν
3584 4574 3697 4642 γάρ

2129 4661 2245 4712 ἐστι
2294 4660 2356 4714 τὸ
2395 4661 2554 4730 σῶμα
2603 4663 2867 4731 Χριστοῦ.
2906 4665 3016 4717 Καὶ
3056 4663 3197 4717 οὕτω
3242 4664 3467 4734 μελίσας
3500 4665 3566 4716 τὰ
3596 4668 3700 4734 τῆς

2128 4752 2377 4814 ἑνὼσεως
2401 4754 2494 4807 τοῦ
2527 4756 2814 4825 ποτηρίου,
2847 4758 2941 4808 καὶ
2976 4757 3044 4809 τὰ
3079 4757 3178 4825 τῆς
3232 4760 3516 4819 κοινωνίας
3555 4759 3703 4811 κατὰ

2127 4845 2189 4897 τὸ
2218 4846 2339 4908 ἔθος
2368 4846 2578 4899 ἐκτελεῖ
2599 4862 2610 4873 ·
2646 4848 3074 4917 κοινωνήσαντος
3106 4848 3199 4901 οὖν
3230 4848 3340 4905 τῶν
3372 4848 3702 4915 ἁγιωτάτων

2128 4933 2219 4986 τοῦ
2251 4936 2507 5005 ἱεράρχου
2544 4935 2652 5007 πρὸ
2683 4936 2793 4989 τῶν
2841 4937 3015 4990 ἄλλων
3068 4938 3479 5006 πρεσϐδτὲρων,
3517 4942 3541 4991 ὁ
3572 4957 3694 5008 χει-

2130 5027 2438 5097 ροτονηθεὶς
2472 5028 2692 5097 ἔρχεται
2710 5028 3123 5097 προτιμώμενος
3150 5031 3276 5099 ἄρτι
3298 5029 3385 5083 διὰ
3405 5030 3506 5097 τὴν
3531 5032 3695 5098 χάριν

2128 5118 2223 5170 καὶ
2272 5120 2332 5170 τὸ
2366 5119 2775 5187 ὲγκαινισθῆναι
2826 5120 2925 5189 ήδη
2967 5120 3070 5172 ὑπὸ
3111 5118 3203 5171 τοῦ
3252 5119 3399 5171 θείου
3434 5120 3694 5188 [Ινεύμαα

2127 5226 2236 5271 τος.
2269 5209 2430 5261 Ὀθεν
2481 5211 2573 5262 καὶ
2617 5210 2758 5263 κατὰ
2792 5212 2851 5261 τὸ
2894 5210 3036 5274 ἔθος,
3083 5211 3177 5263 τοῦ
3213 5210 3483 5273 ζωοποιοῦ
3524 5228 3697 5278 μετα-

2128 5301 2272 5370 σχὼν
2308 5302 2499 5371 ἄρτου,
2553 5301 2733 5353 λαϐὼν
2763 5302 2915 5371 παρὰ
2964 5301 3057 5357 τοῦ
3093 5302 3421 5372 ἀρχιερέως,
3451 5306 3545 5356 καὶ
3593 5302 3695 5372 τὴν

2125 5394 2304 5458 δεξιὰν
2355 5392 2581 5461 atat/rip;
2634 5396 2867 5464 παρειὰν
2923 5394 3089 5446 αὐτοῦ
3142 5395 3556 5463 ἀσπασάμενος,
3592 5395 3690 5445 καὶ

2126 5490 2466 5554 κοινωνήσας
2496 5485 2589 5538 τοῦ
2616 5485 2847 5554 φρικτοῦ
2880 5487 3168 5555 ποτηρίου,
3200 5487 3292 5538 καὶ
3319 5484 3462 5539 οὕτω
3480 5484 3689 5548 τέλειος

2124 5577 2289 5639 ὅντως
2336 5576 2599 5645 γεγονὼς,
2631 5580 2728 5646 τῆς
2766 5578 3001 5647 φρικτῆς
3039 5578 3325 5639 κοινωνίας
3356 5581 3689 5645 ἐπισφραγι-

2126 5669 2325 5739 ζούσης
2359 5671 2456 5737 τὴν
2485 5671 2704 5736 τελετὴν
2740 5671 2838 5737 τῆς
2895 5671 3282 5738 χειροτονίας,-
3308 5669 3364 5723 ἐν
3399 5686 3499 5723 τινι
3533 5668 3684 5733 τόπῳ
