4044 6198
439 347 546 410 805
1285 341 1668 403 SYMEONIS
1705 340 2031 400 THESSAl

2136 335 2457 397 ilCENSiS
2492 330 2849 393 AllClllEP.
3564 320 3661 384 θεῖε

432 467 600 522 ctam,
651 454 930 524 adaptata.
979 450 1193 507 Vestem
1226 451 1373 505 enim
1409 450 1719 520 huiusmodi
1770 451 2031 511 lectores,

2136 449 2324 518 μάτιον
2384 448 2471 500 καὶ
2530 445 2873 513 ἀναγνῶσται
2926 442 3018 495 καὶ
3071 440 3269 509 ψάλται
3330 440 3419 491 καὶ
3471 438 3666 498 πάντες

431 553 486 597 et
538 542 746 610 psaltze,
782 555 1083 609 omnesque
1134 540 1448 594 sacerdotes
1494 549 1715 607 propter
1759 538 2000 593 divinum

2136 537 2505 591 νδιδῦσκονται
2573 538 2738 605 ἱερεῖς
2802 534 2886 587 διὰ
2958 533 3056 602 την
3120 530 3270 585 θείαν
3340 529 3667 600 ὑπηρεσίαν,

436 633 802 687 ministerium
835 632 1090 696 induttnt,
1121 647 1186 685 eo
1230 631 1374 700 quod
1429 630 1693 697 ejusmodi
1727 629 1894 684 vestis
1927 628 2003 681 fa-

2136 634 2244 684 >στε
2297 632 2371 700 μὴ
2425 628 2693 682 ἅπτεσθαί
2744 643 2888 689 τινος
2945 625 3054 679 τῶν
3100 624 3286 693 ἱερῶν,
3334 623 3367 691 ἢ
3411 624 3522 685 τοῖς
3572 621 3670 687 τῆς

430 724 536 779 cile
575 730 930 777 connectatur
969 732 1036 779 et.
1070 721 1356 788 adaptetur
1384 720 1687 788 cuicunque
1713 717 2001 784 sacrrdoti;

2136 724 2410 794 ερωσύνης
2458 720 2685 790 ἀμφίοις
2715 718 2877 781 εὐθὺς
2919 717 3158 788 χρῆσθαι
3201 716 3337 785 μετά
3384 716 3491 767 τῶν
3526 714 3660 765 ἐνδυ.

434 816 515 869 vel
539 814 685 884 quod
710 815 938 884 quilibet
956 830 1017 869 ea
1039 814 1260 868 indutus
1288 813 1439 867 nullo
1458 812 1674 881 negotio
1694 811 2006 865 saeculota-

2136 817 2296 869 ιάτων
2346 814 2588 884 ἀμέσως,
2646 812 2757 865 τῶν
2810 809 3113 879 κοσμικῶν,
3156 808 3224 860 δι’
3276 800 3349 860 ὧν
3408 806 3672 861 ἅπτονται

438 908 516 962 les
535 917 713 963 vestes
738 907 963 961 induere
989 906 1155 975 possit
1172 905 1484 959 immediate
1506 919 1627 958 cum
1653 901 2005 958 saecularibus

2136 908 2201 957 :a‘t
2223 903 2331 957 τῶν
2356 901 2453 956 τοῦ
2474 899 2721 972 σώματος
2747 899 3040 973 χρειωδιῖιν.

436 986 634 1070 quibus
655 997 913 1069 conjungi
931 1007 1161 1068 possunt
1179 1012 1301 1067 qua:
1316 1006 1443 1051 sunt
1463 994 1678 1066 corpori
1702 995 2004 1049 commoda.

2641 1098 2892 1152 ΚΕΦΑΛ.
2931 1094 3115 1163 Puer.

927 1108 1157 1165 CAPUT
1180 1106 1512 1164 CLXXXVI.

443 1203 518 1259 De
546 1206 719 1260 sacris
760 1204 1098 1269 uestimentis,
1132 1203 1317 1283 tunica
1348 1200 1621 1268 ampliore,
1666 1198 1921 1254 subucula
1958 1208 2007 1252 et

1109 1280 1337 1324 ca'terts.
1488 1310 1491 1313 μ

2136 1194 2250 1261 ἵερὶ
2302 1190 2478 1260 ἱερῶν
2510 1191 2880 1261 ἐνδυμάτων,
2936 1189 3201 1257 ἱματίου,
3254 1188 3538 1257 καμισίου
3575 1187 3673 1240 καὶ

2693 1259 2812 1313 τῶν
2835 1260 3090 1313 λοιπῶν.

1109 1287 1337 1326 σαίεηε.
1488 1310 1491 1313 ι

2693 1287 2717 1312 ἴ
2728 1287 2811 1313 ων
2835 1287 2971 1313 Αυιδι
2984 1287 3090 1313 ων.

515 1363 668 1419 Unde
691 1372 773 1419 est
800 1362 946 1433 quod
972 1361 1145 1416 lector
1170 1368 1459 1429 antequam
1489 1357 1723 1428 sigillum
1754 1356 2010 1428 accipiat,

2184 1354 2347 1407 Ὅθεν
2392 1353 2488 1406 καὶ
2552 1352 2717 1414 εὐθὺς
2783 1351 2889 1419 πρὸ
2950 1350 3045 1420 τῆς
3116 1349 3411 1422 σφραγῖδος
3467 1350 3496 1402 ὁ
3543 1366 3677 1401 ava-

441 1455 624 1513 stzttitn
653 1469 778 1509 cum
806 1450 1215 1508 benedicendns
1238 1459 1346 1514 est,
1390 1449 1523 1503 illud
1559 1448 1766 1512 induat,
1795 1448 2008 1518 nigrum

2136 1442 2361 1511 ’νώστης
2409 1441 2567 1497 τοῦτο
2630 1441 3022 1510 εὐλογοῦμενος
3068 1441 3456 1510 ἀμφιέννυται,
3506 1440 3679 1510 μέλαν

445 1560 665 1622 propter
713 1548 1081 1603 humilitatem
1132 1544 1570 1616 signiﬁcandam,
1631 1551 1690 1596 ut
1750 1542 2010 1609 diximus,

2136 1553 2190 1599 ιν,
2224 1534 2311 1589 διὰ
2345 1534 2443 1605 τὴν
2472 1533 2803 1587 ταπείνωσιν
2827 1532 2902 1595 ὼς
2933 1532 3235 1602 εἰρήκαμέν
3265 1549 3323 1585 τε
3363 1532 3459 1586 καὶ
3487 1549 3678 1585 συστοι⁵

440 1653 503 1698 et
543 1641 710 1696 animi
757 1637 1275 1707 compressionem:
1322 1636 1435 1691 haec
1465 1638 1611 1691 enim
1655 1642 1784 1691 sunt
1832 1635 2011 1692 luctus

2136 1627 2211 1697 ,ην
2232 1641 2246 1657 ·
2280 1625 2503 1678 τοιαῦτα
2533 1624 2640 1696 γὰρ
2694 1625 2763 1677 τὰ
2801 1622 2896 1677 τοῦ
2933 1625 3190 1686 πένθους·
3221 1624 3317 1676 καὶ
3343 1623 3471 1694 ἄχρι
3499 1624 3677 1677 ποδῶν

444 1734 623 1803 signa.
671 1730 923 1800 Ampium
969 1742 1192 1799 quoque
1235 1736 1288 1782 et
1326 1726 1547 1797 longum
1587 1734 1693 1791 est,
1740 1727 1803 1780 ad
1848 1726 2010 1795 pedes

2136 1719 2207 1772 :al
2253 1718 2566 1789 εὐρύχωρον
2609 1718 2697 1771 διὰ
2758 1718 2858 1788 την
2893 1716 3179 1777 εὐλάϐειαν
3208 1718 3346 1785 μετὰ
3389 1720 3488 1789 τῆς
3523 1719 3680 1779 θείας

447 1836 624 1890 usque
686 1819 1004 1890 pertingens
1057 1826 1275 1889 propter
1330 1817 1583 1888 pietatem
1647 1828 1699 1872 et
1769 1816 2012 1872 divinam

2136 1809 2361 1877 ιγάπης.
2391 1809 2502 1863 Καὶ
2547 1806 2964 1878 περιζώννυται,
2997 1808 3087 1861 διὰ
3115 1806 3177 1860 τὸ
3207 1808 3443 1876 ὀφείλειν
3474 1808 3679 1877 ὑπηρεο

444 1912 791 1967 charitatem.
830 1908 1293 1978 Circumcingitur
1330 1908 1494 1967 etiam
1528 1923 1594 1964 eo
1657 1911 1804 1979 quod
1854 1907 2013 1963 mini-

2136 1902 2249 1953 :eiv.
2280 1898 2521 1966 Σταυροῦ
2551 1900 2607 1953 δὲ
2636 1898 2806 1955 τύπον
2830 1901 3015 1969 ἐπέχει
3040 1900 3118 1970 τῷ
3161 1902 3327 1971 μήκει
3354 1918 3412 1954 τε
3442 1901 3538 1953 καὶ
3567 1902 3680 1963 τοῖς

444 2013 623 2059 strare
653 2000 837 2056 debet.
885 1999 1078 2054 Crucis
1127 2012 1343 2068 quoque
1374 1999 1598 2069 llguram
1653 2007 1796 2053 tenet
1844 1997 2015 2067 longi-

2136 1994 2416 2056 ιανικίοις.
2440 1992 2627 2047 Ταῦτα
2667 1993 2765 2063 μὲν
2780 1991 2872 2046 οὖν
2894 1993 2962 2045 τὰ
3003 1994 3196 2061 ἱμάτια
3221 1991 3377 2044 κοινὰ
3399 1994 3557 2055 πᾶσι,
3584 1993 3681 2044 καὶ

448 2094 637 2147 tudine
674 2100 727 2146 et
774 2090 1029 2145 manicis.
1078 2088 1202 2145 llaec
1248 2090 1418 2159 igitur
1455 2084 1783 2144 vestimenta
1834 2088 2015 2143 omni-

2136 2089 2194 2149 ὓς
2240 2102 2425 2156 φασιν,
2480 2086 2543 2138 ἐκ
2595 2083 2882 2155 βασιλικῆς
2938 2084 3168 2156 δωρεᾶς,
3225 2086 3305 2147 είς
3365 2084 3530 2153 τιμὴν
3580 2084 3681 2150 τῆς

449 2185 549 2238 bus
579 2181 891 2236 communia
942 2188 1097 2243 sunt,
1142 2186 1330 2248 atque,
1368 2189 1426 2235 ut
1469 2178 1695 2247 dicitur,
1735 2194 1803 2235 ex
1845 2178 2015 2249 impe-

2136 2176 2459 2247 ηερωσύνης·
2506 2178 2588 2230 ὅτι
2635 2178 2730 2229 καὶ
2770 2176 3126 2246 συγκλητικοὶ
3172 2175 3348 2231 ταῦτα
3405 2174 3679 2228 ὲνῖύονται

446 2274 660 2329 ratorio
686 2275 829 2328 dono
878 2280 933 2327 et
968 2271 1251 2341 privilegio
1286 2271 1341 2326 in
1374 2270 1637 2326 honorem
1669 2270 1961 2327 sacerdotii
1996 2287 2012 2336 ;

2136 2268 2213 2322 ιαὶ
2233 2267 2299 2319 τὰ
2325 2265 2563 2329 σκιάδια,
2595 2268 2689 2320 καὶ
2729 2267 2882 2319 αὐτοὶ
2912 2270 2960 2320 οἱ
2999 2267 3259 2336 βασιλεῖς.
3299 2268 3459 2320 ’Ίδιον
3485 2268 3541 2321 δὲ
3577 2271 3676 2338 τῆς

449 2374 737 2422 senatores
761 2363 907 2419 enim
941 2362 1009 2418 iis
1038 2364 1370 2427 vestiuntur,
1408 2363 1676 2419 umbellas
1703 2364 1867 2418 etiam
1895 2364 2017 2419 sive

2136 2360 2325 2425 τάξεως
2368 2358 2533 2412 αὐτοῦ
2579 2360 2607 2411 ὁ
2650 2359 3005 2431 ἀναγνώστης
3047 2360 3308 2429 κέκτηται
3356 2360 3579 2429 ἔνδυμα,
3625 2363 3685 2411 τὸ

452 2455 625 2524 pileos
655 2453 755 2523 ipsi
796 2447 1154 2521 imperatores
1211 2459 1447 2523 gestant.
1508 2451 1786 2521 Propriam
1835 2461 2018 2508 autem

2136 2452 2458 2520 ιαλούμενον
2486 2450 2742 2520 καμίσιον
2762 2467 2773 2481 ο
2808 2452 2945 2521 ὅπερ
2975 2452 3007 2520 ἢ
3035 2451 3175 2504 κατὰ
3212 2452 3380 2504 τύπον
3406 2452 3680 2519 φαινολξνου

449 2548 659 2604 ordinis
691 2547 776 2602 sui
813 2554 1017 2601 vestem
1051 2544 1212 2601 habet
1255 2546 1446 2608 lector,
1478 2559 1599 2614 qua:
1628 2544 1893 2600 camisiou
1930 2558 2024 2599 vo-

2136 2543 2240 2596 ὲστὶ
2291 2542 2512 2615 μικροῦ,
2561 2544 2594 2613 ἥ
2640 2544 2916 2614 στιχάριον
2964 2545 3029 2597 ἐκ
3070 2544 3239 2611 λίνου,
3289 2545 3391 2617 τὴν
3429 2546 3682 2615 ἀπαρχὴν

451 2648 628 2703 catur,
686 2638 954 2707 habetque
1006 2637 1260 2706 phamolii
1319 2636 1473 2705 parvi
1526 2636 1607 2690 vel
1658 2635 1900 2690 stiebarii
1953 2651 2021 2691 et

2136 2637 2218 2706 τῆς
2253 2635 2552 2706 ἱερωσύνης
2584 2634 2798 2703 δηλοῦν,
2835 2634 2915 2687 διὸ
2942 2636 3037 2688 κα)⁵
3069 2635 3266 2706 μικρόν
3292 2637 3430 2700 ἐστι,
3460 2638 3554 2691 καὶ
3584 2637 3684 2705 τὴν

454 2730 849 2801 ιὶιιοιῐίευιιοω.
879 2738 934 2782 et
954 2727 1247 2783 sacerdotii
1304 2725 1599 2798 primitias,
1641 2742 1764 2780 cum
1794 2742 2022 2796 parvum

2136 2730 2230 2785 ὶπὸ
2269 2729 2365 2783 τοῦ
2404 2729 2537 2782 Θεοῦ
2595 2730 2840 2797 σκέπην·
2892 2729 2985 2783 καὶ
3030 2729 3062 2798 ἢ
3106 2730 3445 2800 πορφυροῦν,
3492 2731 3580 2783 διὰ
3624 2731 3686 2783 τὸ

456 2826 551 2890 sit,
583 2832 639 2878 et
689 2821 1075 2892 perfectionem
1126 2834 1155 2875 a
1198 2818 1310 2875 Deo
1359 2826 1702 2903 emanautem
1754 2818 2022 2889 designat.

2136 2817 2449 2891 πορφυροῦν
2482 2817 2575 2872 τοῦ
2611 2819 2861 2887 Σωτῆρος
2910 2818 3145 2889 ἱμάτιον,
3188 2820 3221 2890 ἢ
3272 2820 3462 2874 λευκὸν
3505 2820 3594 2873 διὰ
3623 2820 3687 2872 τὸ

456 2917 549 2974 Est
578 2926 758 2970 autem
781 2911 1265 2982 colorispurpurei
1301 2922 1523 2982 propter
1553 2925 1879 2981 purpuream
1912 2910 2028 2964 Sal-

2136 2911 2366 2982 καθαρὸν
2416 2910 2515 2980 τῆς
2568 2907 2893 2980 ἱερωσύνης,
2949 2910 3044 2963 καὶ
3099 2911 3190 2964 τὸν
3249 2912 3357 2965 ἀπὸ
3402 2911 3498 2965 τοῦ
3549 2913 3685 2966 Θεοῦ

456 3007 919 3071 vaturisvestem,
953 3003 1036 3058 vel
1086 3002 1215 3069 albi,
1268 3013 1492 3073 propter
1555 3001 1849 3057 sacerdotii
1879 3001 2028 3070 puri-

456 3109 643 3162 tatem,
692 3106 747 3151 et
797 3094 1251 3149 illuminationem
1304 3108 1334 3147 a
1388 3086 1499 3147 Deo
1542 3090 1822 3147 liuentem.
1879 3092 2023 3157 Qua-

2126 3004 2427 3074 φωτισμόν.
2473 3002 2663 3055 Τοίνυν
2693 3002 2743 3053 οι
2790 3001 3030 3057 διάκονοί
3078 3018 3137 3056 τε
3174 3002 3282 3057 καὶ
3327 3005 3493 3073 ἱερεῖς
3524 3007 3685 3075 ὃμοια

2128 3099 2239 3160 τοῖς
2303 3095 2539 3166 ἱματίοις
2598 3096 2807 3151 ἄνωθεν
2869 3096 3146 3150 ἐνδύονται
3207 3097 3388 3167 ἄμφια
3448 3101 3542 3154 καὶ
3596 3102 3690 3152 ἐπὶ

460 3196 683 3257 prOpter
733 3185 950 3240 diaconi
1004 3194 1061 3240 et
1090 3183 1405 3239 sacerdotes
1439 3184 1759 3239 vestimenta
1790 3182 2028 3238 induunt

2136 3165 2369 3257 κεφαλῆς
2410 3187 2477 3239 τὰ
2514 3187 2750 3255 σκιάδια,
2787 3186 2880 3241 καὶ
2924 3188 3084 3242 λοιπὰ
3126 3165 3329 3261 συνήθη
3381 3191 3688 3260 φορὲματα,

460 3279 546 3332 bis
576 3275 778 3332 itnatiis
806 3290 1043 3345 superne
1077 3275 1302 3339 similia,
1333 3283 1389 3329 et
1420 3274 1683 3329 umbellas
1718 3275 1771 3329 in
1829 3274 2025 3346 capite,

459 3381 767 3436 caeteraque
794 3367 995 3439 gestari
1021 3366 1199 3431 solita,
1233 3367 1414 3421 omnia
1447 3367 1626 3422 crucis
1658 3367 1886 3438 ﬁguram
1933 3382 2028 3422 ex-

461 3459 770 3528 primentia,
807 3467 865 3512 ut
894 3466 948 3512 et
976 3456 1090 3526 ipsa
1117 3455 1374 3512 umbella.
1403 3454 1536 3510 Jure
1571 3471 1702 3512 sane
1723 3457 2029 3525 meritoque

460 3565 585 3604 cum
609 3548 853 3603 cruciﬁxi
889 3558 1115 3618 propter
1146 3561 1244 3601 nos
1275 3547 1387 3601 sint
1418 3548 1676 3615 ministri,
1730 3564 1838 3618 non
1868 3564 2029 3605 secus

460 3653 526 3694 ac
557 3638 705 3708 iiqui
733 3617 902 3705 supra
938 3647 1104 3707 caput
1141 3638 1397 3704 maxime,
1437 3652 1630 3693 cruces
1682 3617 1915 3711 gestant.
1950 3638 2029 3694 En

464 3731 726 3783 hactenus
753 3744 875 3799 qua:
904 3728 971 3783 ad
990 3728 1252 3784 diaconos
1280 3737 1334 3784 et
1355 3729 1705 3800 presbyteros
1732 3731 2028 3801 pertinent,

461 3822 873 3892 explicavimus.

536 3914 791 3968 Clericus.
821 3911 1067 3979 Gratias,
1093 3910 1338 3979 domine,
1371 3911 1607 3983 agimus.
1657 3912 1749 3982 qui
1802 3928 2025 3969 sensum

463 4009 535 4073 de
584 4006 847 4061 omnibus
906 4015 1152 4073 apertum
1202 4003 1495 4067 habemus,
1550 4018 1749 4072 resque
1794 4004 2029 4071 divinas,

464 4097 608 4167 quod
641 4096 707 4151 ad
732 4110 855 4163 nos,
877 4096 1188 4158 edocenter,
1224 4109 1361 4164 quas
1412 4095 1555 4150 inter
1604 4095 1739 4149 nihil
1786 4104 1867 4150 est
1925 4096 2030 4149 bu-

465 4190 633 4245 Inani.

533 4278 801 4348 Pontifex.
827 4277 995 4346 thui
1021 4276 1173 4331 ﬁeret
1200 4284 1257 4329 ut
1284 4277 1580 4347 quidquam
1616 4278 1907 4334 interesset
1934 4277 2034 4331 hu-

467 4371 613 4425 mani
644 4369 698 4424 in
724 4369 885 4424 rebus
905 4367 999 4421 Dei
1025 4367 1049 4420 ?
1073 4358 1334 4436 quidnam
1364 4382 1497 4423 vero
1522 4369 1577 4423 in
1647 4370 1813 4424 rebus
1868 4367 2029 4422 Verbi

2130 3280 2305 3333 πάντα
2324 3280 2562 3351 σταυρὸν
2589 3281 2952 3348 ἐκτυποῦντα,
2974 3281 3049 3344 ὡς
3071 3282 3165 3335 καὶ
3187 3283 3319 3335 αὐτὸ
3336 3284 3396 3337 τὸ
3415 3285 3657 3344 σκιάδιον
3673 3301 3688 3315 ⁸

2130 3373 2254 3427 ἐπεὶ
2277 3373 2370 3427 καὶ
2396 3370 2491 3427 τοῦ
2516 3374 2936 3444 ὲσταυρωμένου
2963 3373 3030 3426 δι’
3059 3375 3205 3443 ἡμᾶς
3226 3377 3333 3427 εισι
3363 3375 3692 3445 λειτουργοὶ⁹

2128 3461 2205 3527 ὡς
2258 3464 2350 3517 καὶ
2400 3466 2492 3517 ἐπὶ
2541 3465 2639 3534 τῆς
2694 3465 2975 3534 κεφαλῆς»
2999 3465 3202 3534 μᾶλλον
3239 3466 3367 3529 τοὺς
3423 3469 3694 3537 σταυροὺς

2132 3555 2406 3625 φέροντες.
2457 3555 2589 3610 ἰδοὺ
2624 3558 2711 3609 καὶ
2746 3558 2817 3611 τὰ
2851 3557 2980 3625 περὶ
3020 3556 3284 3611 διακόνων
3320 3558 3415 3612 καὶ
3449 3560 3698 3629 πρεσϐυ-

2130 3646 2303 3719 τέρων
2334 3647 2463 3716 ὑμῖν
2498 3649 2822 3720 εἰρήκαμεν.
2936 3648 2939 3649 ⁷

2205 3914 2436 3979 Κληρικ
2464 3914 2532 3976 ’ς.
2579 3911 3047 3981 Εὐχαριστοῦμεν,
3104 3912 3360 3975 δέσποτα,
3421 3912 3515 3965 ἐπὶ
3562 3914 3700 3966 πᾶσι

2131 4002 2223 4055 τὸν
2283 4002 2408 4056 νοῦν
2453 4004 2869 4073 διανοιγόμενοι,
2916 4006 3011 4056 καὶ
3043 4006 3109 4057 τὰ
3158 4004 3279 4056 καθ’
3330 4006 3478 4075 ἡμᾶς
3517 4006 3696 4058 πάντα

2134 4093 2254 4145 θεῖα
2292 4093 2675 4162 μανθάνοντες,
2705 4095 2801 4148 καὶ
2830 4096 2912 4149 ὅτι
2947 4094 3102 4148 οὐδὲν
3127 4094 3470 4164 ἀνθρώπινον
3498 4098 3555 4149 ὲν
3586 4098 3701 4159 τοῖς

2138 4184 2320 4251 ἱεροῖς.

2219 4276 2583 4346 Ἀρχιερεύς.
2614 4275 2724 4331 Καὶ
2751 4277 2868 4342 πῶς
2910 4278 3018 4349 ἄρα
3064 4279 3411 4349 ἆνθρωπινόν
3439 4296 3492 4332 τι
3540 4278 3697 4332 ἔσται

2134 4367 2269 4429 ὅλως
2301 4370 2357 4418 ὲν
2390 4371 2499 4431 τοῖς
2547 4366 2641 4420 τοῦ
2685 4368 2859 4435 Θεοῦ;
2897 4371 2968 4424 Ἢ
3001 4373 3151 4424 ποῖον
3190 4371 3249 4425 ιν
3283 4373 3395 4433 τοῖς
3425 4369 3519 4423 τοῦ
3560 4369 3705 4423 Θεοῦ

466 4462 560 4516 Dei
588 4472 681 4514 aut
718 4469 873 4513 extra
946 4464 1042 4511 aut
1092 4470 1257 4526 supra
1314 4457 1575 4513 rationem
1635 4473 1742 4513 non
1796 4457 2031 4514 estlaut

2138 4458 2311 4527 Λόγου
2346 4460 2406 4512 οὐ
2444 4458 2582 4529 μετὰ
2612 4460 2771 4529 λόγου
2801 4463 2894 4515 καὶ
2924 4463 3065 4517 κατὰ
3097 4463 3291 4531 λόγονς
3332 4464 3405 4517 Ἦ
3435 4463 3552 4526 πῶς
3586 4465 3705 4532 ἄρα

466 4553 741 4622 quomodo
767 4548 821 4603 in
853 4548 1029 4603 rebus
1048 4546 1289 4617 Spiritus
1322 4549 1653 4603 sanctissimi
1697 4549 1882 4604 omnia
1925 4565 2032 4604 non

467 4650 656 4699 essent
680 4638 912 4699 sancta?
938 4638 1128 4694 Divina
1180 4653 1373 4710 nempe
1397 4640 1660 4695 rationem
1686 4653 1942 4710 superant
1979 4648 2035 4695 et

471 4743 654 4789 sancta
684 4720 833 4787 sunt.

952 4823 1179 4880 CAPUT
1208 4822 1564 4879 CLXXXVII.

1050 4915 1127 4969 De
1154 4918 1414 4984 episcopo.

542 5013 658 5067 Jatn
689 5010 983 5080 incipimus
1035 5008 1100 5062 de
1133 5022 1325 5077 magna
1356 5007 1448 5062 illa
1487 5008 1685 5075 gratia,
1718 5006 2039 5061 illuminati-

473 5124 538 5160 vo
566 5107 781 5161 scilicet
812 5102 1193 5172 episcoporum
1216 5099 1428 5166 ordine,
1464 5102 1628 5154 verba
1658 5102 1837 5155 facere
1868 5117 1882 5165 ;
1916 5100 2037 5155 ideo

472 5213 570 5269 pro
611 5196 822 5250 viribus
874 5193 1021 5246 illam
1079 5188 1597 5267 cautemplabimur,
1644 5201 1697 5243 et
1743 5190 2040 5259 explicabi-

472 5306 616 5354 mus,
641 5289 766 5342 hcet
814 5286 957 5339 vires
993 5290 1213 5338 nostras
1240 5290 1458 5351 superet
1492 5281 1684 5334 borum
1744 5282 2040 5349 intelligen-

471 5381 570 5433 tia.
609 5378 705 5432 Est
729 5376 871 5435 enim
910 5375 1183 5428 donorum
1216 5388 1339 5443 qua:
1366 5371 1675 5427 hominibus
1702 5390 1729 5424 a
1761 5372 1869 5426 Deo
1902 5373 2039 5426 tiuut

476 5466 771 5521 maximum
805 5474 857 5519 et
891 5464 1378 5533 perfectissimum,
1412 5478 1441 5517 a
1494 5480 1606 5533 quo
1658 5464 1835 5517 omnis
1871 5465 2043 5518 dona-

473 5563 550 5611 tin
576 5567 629 5613 et
678 5555 1008 5609 illuminatio
1057 5556 1392 5608 immittitur.
1426 5553 1539 5623 Ipsa
1576 5562 1660 5608 est
1714 5555 2038 5607 fundamen-

470 5664 605 5714 tum,
638 5648 988 5718 principium,
1019 5659 1067 5701 et
1097 5647 1217 5701 fons
1242 5647 1482 5717 pietatis,
1516 5648 1669 5699 radix
1719 5662 1835 5716 qua:
1881 5646 2036 5699 Chri-

470 5753 617 5798 stum
656 5742 831 5810 ipsum
864 5753 945 5807 re;
965 5745 1214 5793 rwsetttat
1239 5749 1291 5792 et
1331 5745 1524 5806 gestat.
1546 5736 1885 5805 Quapropter
1916 5752 2034 5791 eum

2141 4550 2197 4601 ὲν
2227 4553 2336 4614 τοῖς
2382 4551 2476 4604 τοῦ
2522 4553 2791 4621 παναγίου
2846 4553 3161 4623 Πνεῦματος
3206 4555 3304 4624 οὐχ
3340 4554 3472 4623 ἅγια
3523 4554 3706 4607 πάντα

2137 4639 2329 4706 terat;
2378 4641 2579 4695 Λοιπὸν
2617 4645 2713 4698 καὶ
2754 4646 2874 4698 θεῖα
2914 4648 3056 4697 κατὰ
3103 4645 3195 4699 τὸν
3225 4644 3381 4711 λόγον
3409 4645 3505 4707 καὶ
3545 4644 3706 4710 ἅγια.

2696 4828 2946 4883 ΚΕΦΑΛ.
2979 4828 3147 4885 ΡΠΖ’.

2671 4918 2810 4986 Περὶ
2831 4920 3168 4988 ἀρχιερέως.

2224 5008 2530 5079 Ἀρχόμεθα
2568 5005 2661 5064 οῦν
2701 5010 2800 5080 ἤδη
2845 5012 2939 5064 καὶ
2997 5013 3126 5080 περὶ
3176 5013 3286 5066 τῶν
3314 5016 3412 5083 τῆς
3464 5016 3712 5081 μεγάλης

2142 5099 2362 5168 χάριτος
2403 5101 2499 5168 τῆς
2536 5102 2872 5171 φωτιστικῆς
2926 5102 3126 5168 τάξεως
3177 5106 3322 5172 ἐρεῖν
3371 5104 3480 5157 τῶν
3514 5107 3713 5175 ἀρχιε-

2147 5191 2303 5258 ρέων.
2375 5194 2466 5243 Διὸ
2524 5195 2617 5246 καὶ
2674 5194 2803 5263 περὶ
2862 5192 3070 5264 ταύτης
3130 5194 3499 5265 θεωρήσωμεν
3566 5198 3711 5248 κατὰ⁵

2142 5278 2410 5348 δύναμιν·
2458 5282 2595 5351 ὑπὲρ
2631 5283 2780 5350 ἡμᾶς
2810 5281 2922 5350 γὰρ
2963 5282 3054 5335 καὶ
3103 5282 3311 5357 τούτων
3350 5284 3377 5334 ὁ
3422 5282 3569 5348 νοῦς,
3623 5282 3711 5335 ὅτι

2143 5371 2237 5422 καὶ
2290 5371 2414 5438 περὶ
2457 5371 2549 5422 τοῦ
2589 5371 2850 5441 μεγίστου
2897 5374 2991 5424 καὶ
3034 5374 3369 5426 τελεωτὰτου
3389 5372 3561 5441 δώρου
3599 5375 3711 5424 τῶν

2144 5459 2268 5512 καθ’
2301 5462 2446 5530 ἡμᾶς
2489 5463 2656 5527 ἐστιν,
2686 5463 2777 5531 ἀφ’
2816 5462 2875 5514 οῦ
2920 5464 2983 5534 δὴ
3031 5465 3139 5516 πᾶν
3180 5464 3412 5535 δώρημα
3446 5465 3577 5531 ἡμῖν
3613 5465 3712 5515 καὶ

2143 5552 2422 5620 φωτισμὸς
2469 5553 2931 5622 καταπέμπεταισ
2987 5558 3081 5608 καὶ
3135 5554 3382 5623 θεμέλιος
3427 5555 3567 5621 αῦτη
3615 5570 3714 5604 και

2142 5642 2305 5711 ἀρχὴ,
2327 5643 2416 5695 καὶ
2438 5643 2587 5713 πηγὴ
2604 5645 2657 5696 δὲ
2684 5644 2783 5713 τῆς
2814 5644 2971 5714 152
2992 5646 3271 5707 εὐσεϐεἱας
3302 5647 3417 5698 ἔστί
3448 5646 3539 5697 καὶ
3558 5644 3709 5710 ῥίζα,

2146 5735 2357 5789 καὶτὸν
2388 5736 2623 5804 Χριστὸν
2675 5736 2833 5790 αὖτὶν
2879 5737 3199 5801 ἐξεικονίζει
3253 5738 3343 5790 καὶ
3396 5737 3567 5806 φέρει.
3618 5735 3710 5785 ΔΑΒ
