4044 6198
428 310 531 403 399
1267 331 1646 394 SYMEONIS
1685 327 2433 390 THESSALONICENSIS
2473 328 2825 406 AltClllEP.
3568 321 3669 393 too

426 465 515 508 eat
549 450 638 522 qui
662 450 765 507 snb
800 451 921 521 ipso
982 457 1112 505 sunt
1162 448 1475 518 episc0pns,
1520 444 1818 512 primorum
1860 458 1991 510 apo-

2115 442 2451 509 τυγκαλείται
2500 445 2627 507 τοὺς
2664 444 2951 506 τελοῦντας
3008 442 3099 496 ὑπ’
3153 442 3321 497 αὐτὸν
3364 445 3666 516 ἀρχιερεῖς,

425 545 691 599 ειοΙονιιῐη
722 541 969 597 ordinem
1013 546 1283 600 tenentes,
1326 537 1607 605 ipsiusque
1636 533 1880 605 gratiam
1937 542 1993 585 et

2115 533 2193 602 τὴν
2227 533 2335 586 τῶν
2370 532 2602 603 πρώτων
2655 536 2967 588 ἀποστόλων
3001 536 3157 601 τάξιν
3206 536 3525 606 ἐπέχοντας,
3575 539 3667 588 καὶ

423 637 680 689 virtutem
739 633 809 687 ab
858 647 924 686 eo
982 640 1288 685 emanatam
1340 625 1707 697 possidentes,
1769 637 1993 692 remque

2115 623 2192 694 ςὴν
2221 624 2386 677 αὐτοῦ
2416 626 2550 696 παρ’
2571 625 2734 678 αὑτοῦ
2762 627 3066 696 ἐσχηκότας
3092 627 3255 698 χάριν
3280 628 3371 680 καὶ
3403 627 3667 697 δύναμιν·

425 742 549 779 cum
602 725 670 779 iis
709 724 1093 777 comnmnicat.
1128 719 1263 774 Cum
1291 719 1455 789 igitur
1482 732 1620 785 opus
1645 716 1715 769 sit
1747 715 1992 769 divinum

2115 716 2191 767 ιαὶ
2222 714 2498 769 κοινοῦται
2536 717 2595 769 τὸ
2634 716 2817 787 ἔργον.
2868 720 3024 773 Ἐπεὶ
3074 718 3168 772 οὖν
3197 720 3342 772 θεῖον
3389 718 3549 772 τοῦτο
3578 721 3670 771 καὶ

427 827 481 869 et
515 813 899 879 desiderabile,
934 828 1125 867 omnes
1152 812 1219 865 ad
1260 813 1359 864 hoc
1390 806 1746 863 conveniunt.
1788 805 1843 858 Si
1876 820 1995 858 om-

2115 807 2345 875 ιραστὸν,
2389 808 2588 871 πάντες
2619 810 2710 859 ἐπὶ
2741 808 2911 873 τούτῳ
2942 809 3312 864 συντίθενται·
3362 812 3456 862 καὶ
3486 811 3540 862 εἰ
3573 811 3671 879 μὲν

432 923 528 961 nes
561 907 854 975 provincia
899 903 1142 973 episcopi
1182 902 1405 959 adsunt.
1442 901 1581 955 bene
1613 907 1713 952 est.
1749 895 1862 951 Hoc
1902 910 1994 964 po-

2115 899 2146 948 ›ἱ
2187 898 2286 965 τῆς
2315 898 2584 967 ἐπαρχίας
2626 899 2850 970 πάρεισι
2883 901 3111 967 πάντες,
3143 901 3306 954 καλὸν
3328 917 3343 931 ·
3376 900 3533 953 τοῦτο
3562 904 3672 970 γὰρ

429 999 601 1054 stnLat
627 998 890 1051 canonica
944 992 1295 1055 constitutio,
1330 1006 1578 1060 epusquc
1603 998 1686 1043 est
1712 998 1764 1042 et
1791 1001 1994 1056 praece-

2115 987 2194 1041 ιαὶ
2219 989 2254 1056 ἡ
2296 988 2529 1058 διαταγὴ
2581 989 2693 1044 τῶν
2724 993 2964 1045 κανόνων
2994 991 3270 1061 βούλεται,
3304 994 3399 1046 καὶ
3439 995 3673 1045 ἀποστο-

428 1099 580 1158 ptum
607 1087 1007 1157 apostolicum;
1060 1099 1250 1138 omnes
1290 1082 1437 1137 enim
1490 1080 1718 1134 aderant
1772 1078 1825 1131 in
1889 1078 1999 1131 ele-

2115 1079 2248 1130 ttxdv
2278 1080 2427 1132 ἐστιν
2476 1080 2638 1150 ἔργον
2691 1098 2753 1134 τε
2800 1084 2895 1135 καὶ
2946 1083 3266 1152 διάταγμᾶο
3319 1084 3518 1145 πάντες
3562 1084 3671 1151 γὰρ

430 1182 616 1235 ctione
671 1177 929 1233 Matthiae.
957 1175 1016 1230 Si
1065 1175 1169 1230 hoc
1200 1174 1316 1228 ﬁeri
1366 1188 1473 1245 non
1521 1181 1721 1242 potest,
1753 1184 1817 1223 ex
1847 1167 1998 1222 omni

2115 1167 2237 1239 ἦσαν
2273 1171 2366 1224 ἐπὶ
2403 1174 2466 1242 τῇ
2497 1173 2664 1243 ψήφῳ
2703 1173 2946 1227 Ματθίου
2975 1189 2990 1204 ⁶
3023 1178 3070 1228 εί
3099 1175 3145 1228 δ’
3178 1176 3236 1227 ού
3275 1175 3521 1240 δυνατὸν,
3553 1176 3675 1241 ὲξά-

430 1281 575 1326 rcetu
614 1280 723 1325 tres
752 1268 935 1325 adsint
968 1277 1190 1338 propter
1211 1274 1456 1320 sanctam
1489 1262 1837 1325 Trinitatem,
1865 1272 1999 1325 quo-

2115 1280 2299 1325 παντος
2340 1258 2479 1316 εἶναι
2533 1266 2684 1335 τρεῖς
2734 1265 2823 1318 διὰ
2852 1265 2952 1334 τὴν
2990 1264 3233 1335 Τριάδα·
3269 1266 3349 1320 ὅτι
3398 1266 3536 1337 αῦτη
3567 1268 3674 1320 τῶν

432 1360 711 1416 niamhaec
746 1366 830 1415 est
855 1361 1099 1413 omnium
1127 1357 1361 1410 creatrix
1399 1364 1455 1408 et
1503 1352 1812 1422 perfectrix,
1842 1357 2002 1403 cane-

2115 1354 2237 1408 5λων
2267 1355 2602 1426 δημιουργός
2629 1373 2689 1409 τε
2723 1357 2817 1410 καὶ
2846 1357 3203 1422 τελειοποιὸς,
3235 1360 3674 1427 συμφωνούντων

434 1450 511 1506 ris
543 1445 1045 1507 consentientibus,
1074 1451 1130 1498 et
1160 1458 1281 1511 quae
1310 1442 1380 1498 de
1409 1442 1510 1496 hac
1544 1442 1811 1515 electione
1854 1437 2001 1509 judi-

2115 1447 2284 1510 ιύτοῖς
2336 1449 2432 1501 καὶ
2468 1448 2876 1520 ἀνατιθεμένων
2915 1450 2985 1502 τὰ
3034 1451 3164 1527 περὶ
3201 1450 3391 1504 τούτου
3431 1451 3525 1504 καὶ
3567 1450 3674 1503 τῶν

431 1549 580 1605 eant,
642 1536 1051 1593 mandantibus.
1114 1533 1229 1588 lloc
1296 1534 1349 1586 in
1410 1533 1614 1587 Christi
1674 1532 2002 1600 baptismate

2115 1540 2322 1594 λοιπῶν.
2384 1539 2556 1594 Τοῦτο
2610 1542 2668 1595 δὲ
2715 1544 2824 1606 καὶ,
2859 1542 2950 1595 ἐπὶ
2998 1542 3075 1612 τῷ
3126 1543 3464 1612 βαπτίσματι
3493 1541 3670 1611 ὤφθη,

432 1628 980 1701 οοηερὶοἱιιιτ,οι⁵διιέ
1017 1640 1142 1680 cum
1168 1623 1378 1695 Spiritu
1404 1632 1603 1678 sancto
1629 1622 1999 1677 testimonium

2115 1632 2513 1701 μαρτυροῦντος
2547 1635 2639 1686 τὸν
2684 1632 2812 1687 Υίὸν
2843 1633 2937 1687 τοῦ
2992 1634 3205 1703 Πατρδς
3253 1625 3470 1687 καὶτοῦ
3507 1635 3675 1697 Πνεῦ-

433 1727 501 1780 de
539 1723 676 1777 Filio
717 1719 1057 1791 perhibente.
1119 1715 1178 1770 lu
1225 1712 1731 1784 Transllguralione
1784 1727 2003 1782 quoque

2115 1738 2272 1788 ματος
2300 1736 2314 1751 ⁸
2361 1723 2456 1775 κα)⁹
2488 1724 2546 1776 ὲν
2578 1724 2644 1793 τῇ
2681 1724 3154 1794 Μεταμορφώσει,
3188 1726 3379 1779 ἑαυτόν
3410 1743 3467 1778 τε
3518 1725 3673 1795 153

436 1814 606 1868 Filius
633 1783 756 1865 cum
792 1811 859 1864 iis
914 1811 980 1862 de
1029 1807 1212 1876 scipso
1248 1783 1476 1861 testatus
1537 1814 1642 1871 est,
1690 1805 2000 1874 baptizatus

2115 1812 2205 1866 σὺύ
2242 1812 2450 1877 τούτοις
2499 1813 2594 1868 τοῦ
2633 1813 2759 1868 Υίοῦ
2805 1815 3231 1885 μαρτυροῦντος,
3273 1816 3671 1885 βαπτιζομένιυ

435 1917 538 1970 est,
560 1904 901 1971 gratiamque
934 1900 1105 1965 dedit,
1138 1908 1191 1954 et
1215 1899 1401 1952 divino
1426 1898 1633 1951 lumine
1665 1899 1997 1952 coruscavit.

2115 1906 2201 1956 καὶ
2223 1903 2461 1967 διδόντος
2489 1904 2590 1975 τὴν
2632 1906 2813 1976 χάριν,
2851 1908 2946 1959 καὶ
2992 1906 3121 1976 θείῳ
3163 1907 3302 1976 φωτί⁵
3341 1906 3670 1975 λάμποντις.

436 1998 561 2050 ideo
600 1995 655 2048 in
701 1993 914 2047 duobus
945 1992 1024 2045 vel
1074 1991 1252 2045 tribus
1301 1989 1553 2052 testibus,
1604 1988 1803 2057 inquit,
1838 1989 2002 2047 stabit

2115 1995 2198 2048 Διὸ
2223 1998 2339 2060 καὶ,
2367 2014 2385 2047 ι
2407 1996 2532 2050 Ἐπὶ
2560 1998 2664 2052 δύο
2687 1999 2982 2070 μαρτύρων
3013 2001 3045 2071 ἢ
3075 1999 3262 2068 τριῶν,
3290 2003 3442 2071 φησὶ,
3469 2001 3673 2068 σταθὴ-

434 2100 598 2142 olone
663 2084 888 2139 verbum
926 2083 966 2137 ‘.
1023 2082 1083 2136 In
1136 2080 1402 2151 apostolis
1456 2082 1595 2135 idem
1652 2082 2000 2136 observatum

2115 2103 2267 2141 σεται
2295 2090 2402 2142 πᾶν
2430 2091 2608 2160 ῥῆμα.
2652 2112 2668 2143 ι
2710 2094 2821 2146 Καὶ
2862 2094 2921 2146 ἐν
2950 2096 3061 2156 τοῖς
3096 2094 3415 2155 ἁποστόωις
3435 2094 3490 2145 δὲ
3518 2092 3673 2145 τοῦεο

436 2178 560 2233 fuit.
594 2176 729 2232 Tres
750 2178 896 2231 enim
935 2190 966 2231 a
1001 2174 1214 2230 caeteris
1242 2177 1480 2241 exempti
1513 2173 1675 2229 electi
1730 2181 1878 2237 sunt,
1904 2171 2003 2226 Pe-

2115 2174 2197 2250 ἦνο
2239 2180 2401 2249 Τρεῖς
2454 2182 2564 2251 γὰρ
2602 2182 2869 2252 ἐξαίρετοι
2904 2184 3251 2255 ἀπελέγησαν
3295 2185 3403 2237 τῶν
3446 2185 3669 2246 λοιπῶν,

436 2279 578 2334 trus,
609 2268 872 2335 Joannes,
912 2277 968 2323 et
1020 2265 1256 2339 Jacobus
1278 2265 1450 2322 frater
1498 2264 1737 2329 Domini,
1770 2268 1885 2334 qui,
1942 2272 2003 2320 ut

2115 2270 2339 2341 Πέτρος,
2400 2272 2652 2344 Ἰωάννης
2701 2291 2759 2326 τε
2816 2275 2908 2328 καὶ
2946 2276 3197 2339 Ἰάκωϐος
3242 2278 3277 2328 ὁ.
3322 2276 3416 2329 τοῦ
3467 2277 3673 2346 Κυρίου

435 2364 509 2416 ait
539 2362 763 2425 Paulus,
791 2360 1114 2414 videbantur
1144 2373 1270 2413 esse
1292 2358 1579 2414 columnas.
1606 2355 1743 2411 Tres
1779 2371 2002 2427 quoque

2115 2361 2352 2429 ἀδελφὸς,
2388 2366 2438 2417 οἱ
2469 2365 2753 2428 δοκοῦντες
2776 2366 2957 2419 στῦλοι
2983 2364 3142 2429 εἶναι.
3176 2368 3251 2432 ὡς
3279 2368 3488 2431 Παῦλὸς
3517 2385 3673 2437 φησι.

434 2454 693 2509 Servator
725 2467 836 2521 prae
889 2451 1101 2506 caeteris
1153 2460 1208 2504 et
1255 2450 1453 2504 eximie
1505 2450 1785 2519 mysteriis
1833 2450 2002 2516 majo-

2115 2457 2219 2508 Katl.
2250 2458 2409 2520 αὐτὸς
2443 2460 2472 2511 ὁ
2515 2460 2705 2529 Σωτὴρ
2734 2463 2885 2529 τρεῖς
2933 2463 3225 2531 ἐξαιρέτως
3267 2458 3413 2531 εἶχεν
3462 2465 3674 2523 ὲν.τοίς

433 2547 587 2601 ribus
618 2542 891 2606 adhibuit,
922 2541 1167 2607 Petrum,
1190 2538 1480 2606 Joannem,
1505 2551 1562 2595 et
1598 2541 1743 2594 illius
1770 2556 2003 2597 consan-

2115 2548 2326 2615 μείζοσι
2376 2553 2718 2619 μυστηρίοις,
2769 2553 2860 2606 τὸν
2902 2554 3106 2624 Πέτρον
3140 2555 3234 2608 καὶ
3282 2554 3536 2623 Ἰωάννην
3582 2556 3674 2606 καὶ

432 2636 690 2705 gnineum
742 2629 1032 2686 Iacobum.
1087 2630 1352 2686 Omnibus
1389 2629 1557 2699 igitur
1617 2630 1999 2700 praesentibus,

2115 2643 2200 2694 τὸν
2248 2645 2520 2713 ὁμαίμονα
2572 2648 2763 2698 τούτου
2818 2646 3095 2701 Ἰάκωϐον.
3144 2647 3265 2700 Τῶν
3320 2649 3536 2700 πάντων
3581 2643 3676 2699 οὗν

433 2726 518 2780 vel
545 2724 860 2780 necessario
894 2724 1091 2788 tribus,
1126 2723 1335 2793 primus
1395 2725 1687 2792 episcopus
1716 2722 1870 2791 jubet
1907 2737 2002 2776 eos

2115 2733 2293 2799 ὗντων,
2340 2736 2371 2805 ἢ
2431 2736 2553 2790 κατ’
2590 2740 2838 2808 ἀνάγκην
2881 2739 3072 2809 τριῶν,
3123 2740 3337 2793 κελεύει
3385 2739 3595 2802 τούτοις
3646 2741 3674 2791 ὁ

428 2818 489 2873 in
546 2820 667 2873 loco
706 2831 866 2873 sacro
916 2816 1128 2881 sedere,
1175 2826 1230 2870 et
1283 2814 1542 2885 suffragia
1582 2816 1733 2869 dare.
1777 2813 2002 2884 Oportet

2115 2825 2323 2896 πρῶτος
2372 2828 2661 2895 ἀρχιερεὺς
2705 2831 2762 2881 ὲν
2800 2831 2953 2899 τόπῳ
2988 2831 3115 2900 ίερῷ
3163 2832 3411 2895 καθίσαι,
3458 2832 3547 2883 καὶ
3577 2833 3676 2892 τὰς

428 2910 577 2967 enim
609 2909 793 2965 divina
844 2908 1032 2965 divino
1087 2907 1246 2977 jussu
1292 2914 1361 2961 .et
1418 2907 1803 2961 exhortatione
1862 2907 1997 2960 tieri.

2115 2915 2323 2984 ψήφους
2371 2918 2703 2985 ποιήσασθαι
2728 2936 2743 2950 ⁶
2797 2920 2879 2974 ὅτι
2919 2921 3050 2990 θείῳ
3082 2923 3416 2992 κελεύσματι
3451 2922 3518 2976 τὰ
3556 2922 3677 2975 θεῖα

434 3000 556 3069 Ipse
582 3001 798 3068 quidem
827 2999 1038 3069 primus
1094 3012 1216 3051 cum
1247 2997 1316 3053 iis
1346 3012 1453 3050 non
1507 2997 1831 3066 ingreditur,
1867 3006 2001 3050 tunc

2115 3006 2355 3074 γίνεσθαι
2390 3010 2517 3079 χρή.
2565 3011 2675 3064 Καὶ
2705 3012 2867 3075 αὐτὸς
2906 3014 3005 3083 μὲν
3039 3015 3068 3066 ὁ
3097 3014 3312 3085 πρῶτος
3361 3017 3461 3068 σὺν
3492 3015 3677 3074 αὐτοῖς

437 3090 521 3143 vel
548 3091 649 3143 hoc
708 3090 829 3159 ipso
881 3086 1065 3143 Jesum
1118 3087 1285 3141 Deum
1320 3095 1374 3141 et
1427 3089 1699 3142 hominem
1738 3088 1997 3160 ﬁgurans,

2115 3101 2208 3153 οὐκ
2241 3101 2455 3171 ἔρχεται
2486 3105 2626 3170 τότε,
2662 3105 2851 3158 τυπῶν
2879 3108 2980 3159 κάν
3009 3108 3185 3179 τούτῳ
3211 3109 3301 3163 τὸν
3330 3110 3677 3179 θεάνθρωπον

425 3181 525 3248 qui
572 3193 802 3247 corpore
849 3180 1048 3234 absens
1105 3187 1433 3247 potestatem
1497 3194 1653 3233 suam
1709 3179 1883 3243 dedit,
1952 3190 2003 3235 et

2122 3189 2349 3258 Ἰησοῦν,
2370 3191 2454 3244 ὅτι
2482 3193 2576 3245 καὶ
2600 3196 2933 3264 σωματικῶς
2964 3197 3039 3267 μὴ
3071 3196 3283 3267 παρὼν,
3305 3200 3403 3269 τὴν
3431 3197 3678 3264 ἐξουσίαν

428 3285 533 3338 per
562 3284 659 3323 eos
699 3279 963 3339 operatur
996 3268 1090 3337 qui
1155 3269 1239 3321 sui
1298 3276 1446 3324 sunt.
1482 3268 1589 3323 Nec
1619 3269 1721 3323 hoc
1769 3277 2003 3335 tantum,

2115 3278 2274 3332 αὐτοῦ
2319 3281 2441 3343 δοὺς
2489 3284 2708 3356 ἐνεργεδ
2736 3285 2825 3338 διὰ
2861 3286 2970 3340 τῶν
3016 3287 3224 3340 αὑτοῦ·
3275 3290 3368 3342 καὶ
3417 3290 3477 3343 οὐ
3516 3287 3678 3341 τοῦτο

435 3362 531 3415 sed
562 3362 729 3414 etiam
766 3370 823 3414 ut
858 3359 1006 3414 vices
1038 3358 1241 3413 Christi
1278 3374 1448 3425 agens
1504 3360 1748 3413 divinum
1807 3360 2003 3413 suifra-

2115 3372 2291 3442 μόνον,
2327 3373 2441 3425 ἀλλ’
2475 3374 2561 3428 ἵνα
2595 3376 2696 3446 τὴν
2739 3376 2892 3433 θείαν
2920 3378 3104 3449 ψῆφον
3174 3379 3330 3445 οὗτος
3363 3380 3520 3445 αὖθις
3555 3385 3687 3434 ἐπι-

433 3453 582 3523 ginm
619 3451 733 3521 ipse
767 3452 960 3505 iterum
995 3450 1247 3520 obsignet
1305 3461 1359 3506 et
1396 3450 1679 3521 approbet.
1708 3449 1786 3506 Ne
1822 3463 2003 3506 autem

2115 3465 2412 3537 σφραγίσῃ.
2445 3467 2537 3520 τὸν
2574 3468 2737 3523 τόπον
2783 3471 3021 3542 Χριστοῦ
3073 3474 3315 3542 πληρῶν.
3349 3474 3465 3526 Ἵνα
3491 3473 3549 3527 δὲ
3599 3475 3683 3544 μὴ

438 3544 691 3598 videatur
719 3557 845 3597 eum
878 3542 1011 3613 ipsis
1036 3556 1142 3596 non
1178 3556 1359 3611 agere,
1389 3546 1481 3598 sed
1537 3544 1668 3612 ipsis
1698 3544 2003 3598 assentiens

2115 3557 2201 3609 καὶ
2232 3556 2357 3623 δόξῃ
2385 3559 2467 3611 ὅτι
2493 3551 2559 3612 οὗ
2598 3564 2973 3633 συμπράττων
3009 3566 3177 3632 ἐστὶν,
3214 3565 3289 3628 ῶς
3314 3565 3379 3619 ἂν
3420 3542 3684 3636 φαίνηται

432 3646 490 3689 et
531 3634 803 3689 unanimis
826 3643 1104 3704 appareat,
1137 3635 1372 3703 aliquem
1406 3651 1470 3690 ex
1512 3635 1581 3690 iis
1637 3636 1729 3705 qui
1772 3635 1847 3689 illi
1900 3637 2003 3689 mi-

2115 3650 2285 3705 συνὼν
2338 3653 2433 3705 καὶ
2488 3645 2997 3726 συμψηφιζόμενοςξ
3061 3659 3445 3729 τοποτηρητὴν
3504 3634 3683 3712 αὑτοῦ

437 3727 675 3779 nistrant
728 3725 846 3779 vice
888 3740 987 3780 sua
1046 3724 1360 3778 iuncturum
1423 3740 1546 3780 cum
1603 3725 1673 3779 iis
1729 3729 1915 3789 mittit,
1976 3741 2003 3782 ε

2115 3742 2318 3811 πέμπει
2366 3742 2464 3796 σὺν
2495 3746 2680 3806 αὺτοῖς
2727 3745 2836 3797 τῶν
2891 3745 3041 3815 αύτῷ
3085 3746 3543 3815 λειτουργούντων
3569 3747 3685 3798 an}.

338 3810 346 3817 ’
432 3816 587 3869 clero
615 3814 900 3894 selectum,
955 3814 1047 3882 qui
1080 3813 1424 3883 potissimum
1471 3830 1591 3869 esse
1621 3817 1762 3869 solet
1792 3819 2003 3871 charte-

2115 3810 2201 3886 τοῦ
2230 3833 2431 3902 κλήρου
2469 3835 2559 3889 τὸν
2596 3835 2851 3905 ἔκκριτον
2881 3838 2942 3900 ὃς
2971 3810 3390 3907 ἑξαιρέτωςτκαὶ
3420 3840 3448 3890 ό
3478 3853 3680 3907 χάρτο-

434 3906 662 3975 phylax.
875 3899 890 3912 ’

2115 3924 2283 3993 φύλαξ
2311 3899 2446 3978 ὲὲττί.
2702 3899 2713 3905 ’
3016 3899 3025 3902 ἡ
3096 3899 3109 3907 ’
3245 3899 3283 3943 ⁷

1007 3991 1234 4049 CAPUT
1280 3993 1437 4049 CXC.
1722 4040 1737 4051 .

2123 3991 2133 3993 ’
2695 4016 2947 4073 ΚΕΦΑΛ.
2977 4016 3093 4085 Ρις.

440 4108 561 4172 Qua
615 4106 822 4162 ratione
870 4106 1009 4161 inter
1058 4106 1418 4176 suffragante:
1476 4104 1742 4177 episwpos
1804 4110 2005 4165 medius

932 4129 1025 4230 me;
1058 4129 1418 4230 ηιξκιξωὶιεῖ
1476 4129 1742 4177 σμιεευρυδ
1804 4129 2003 4165 rusum:

932 4195 959 4231 ε
1028 4189 1073 4230 et
1107 4195 1132 4229 c
1153 4193 1234 4230 ιον
1261 4192 1324 4246 ορ
1344 4193 1394 4246 ty
1419 4193 1511 4244 ex.

2115 4129 2311 4195 Ὅπως
2352 4130 2384 4182 ὀ
2421 4129 2810 4198 χαρτοςρύλαξ
2850 4131 3046 4200 μέσον
3077 4131 3327 4198 κάθηται
3382 4133 3501 4187 τῶν
3556 4136 3684 4203 ψη·-

2534 4200 2862 4246 ωιῖοιιένων
2896 4201 3272 4246 ἐπισκόπων-

2532 4200 2862 4267 φιζομένων
2896 4201 3272 4256 ἐπισκόπων.

506 4269 629 4325 Ideo
660 4272 713 4324 in
743 4268 923 4324 medio
965 4268 1350 4337 episcoporum
1380 4270 1554 4333 sedet,
1587 4282 1695 4322 non
1737 4280 1795 4323 ut
1845 4268 2003 4323 char-

2177 4293 2269 4345 Διὸ
2295 4292 2389 4346 καὶ
2424 4293 2584 4362 μέσον
2609 4292 2844 4362 κάθηται
2894 4295 3003 4349 τῶν
3058 4296 3382 4370 ἀρχιερέων⁹
3449 4295 3547 4367 οὐχ
3600 4296 3679 4359 ὡς

440 4364 717 4431 tophylax,
753 4374 816 4413 ea
845 4359 989 4413 enim
1011 4358 1221 4411 ratione
1252 4356 1570 4411 cathedram
1607 4360 1750 4414 inter
1793 4361 2003 4429 episeo-

2115 4356 2476 4451 χαρτοφύλαξ,
2540 4382 2663 4437 οὐδὲ
2695 4356 2805 4454 γάρ
2837 4356 3107 4456 καθέδραν.
3214 4356 3547 4450 ἐπισκόποις.
3582 4356 3681 4439 οῦξ

439 4466 537 4519 pos
560 4464 670 4503 non
720 4448 927 4514 habet;
964 4450 1051 4502 vel
1082 4446 1287 4515 aliquis
1321 4449 1465 4500 alius
1515 4448 1767 4514 clericus,
1819 4455 1913 4506 sed
1947 4465 2002 4506 ut

2115 4446 2196 4539 τος
2222 4446 2349 4545 ἔχει,
2386 4475 2417 4545 ἢ
2456 4476 2613 4539 ἄλλος
2639 4446 2718 4539 τις
2745 4446 3027 4549 κ’ληρικὸςΙ,
3077 4480 3193 4532 ἀλλ’

439 4543 587 4593 vices
633 4553 801 4609 agens
846 4538 1023 4607 magni
1067 4536 1333 4606 episcopi.
1382 4535 1548 4592 Sedet
1599 4540 1763 4608 igitur
1810 4550 1863 4595 et
1909 4558 2004 4612 per

439 4632 690 4687 ordinem
719 4632 1017 4700 interrogat
1048 4631 1355 4700 episcopos,
1393 4647 1502 4685 non
1539 4641 1717 4687 tamen
1780 4648 1904 4688 cum
1937 4636 2003 4688 iis

438 4720 906 4789 fertsullragium.
937 4717 1121 4788 Magni
1172 4720 1316 4774 enim
1338 4722 1580 4792 episcopi
1632 4725 1899 4777 sententia
1936 4727 2003 4778 ab

440 4813 601 4867 initio
622 4813 750 4868 data
789 4820 893 4878 est,
948 4821 1007 4866 ut
1064 4813 1307 4883 episcopi
1372 4814 1693 4885 Snﬂ'ragium
1752 4817 2001 4882 ferrent;

2115 4813 2483 4918 ἀπαρχιῆςείςι
2508 4813 2569 4900 τὸ
2614 4813 2740 4910 τοὺς
2782 4813 3117 4911 ἐπισκόποιῗς
3158 4813 3535 4917 ,ψηφίσασθακ
3579 4813 3682 4899 ’ὁο-

438 4905 749 4974 iterumque
778 4904 1001 4958 dabitur
1037 4905 1207 4959 llnitis
1264 4906 1558 4978 suifragiis,
1585 4924 1650 4962 eo
1678 4911 1820 4977 quod
1860 4910 2003 4963 illius

2115 4940 2334 5009 θήσεται
2358 4940 2401 4992 δ’
2429 4937 2586 5003 αὖθις
2617 4940 2845 5010 ὕστερον
2884 4940 2992 4993 τῶν
3043 4940 3241 5010 ψήφων
3278 4940 3634 4991 τελεσθεισῶν
3663 4954 3678 4967 ’

443 4997 713 5050 sententia
740 4994 939 5048 divinae
968 4998 1136 5048 sortis
1168 4996 1343 5050 locum
1373 5000 1598 5052 tenebit.
1630 5000 1858 5070 Propter
1907 5003 2003 5056 hoc

2115 5034 2197 5085 ὅτε
2234 5036 2325 5087 καὶ
2349 5035 2380 5101 ἡ
2408 5033 2598 5085 τούτου
2632 4994 2827 5102 γνώμη
2887 5034 2962 5096 ὼς
2989 4994 3131 5097 θεῖος
3152 5034 3350 5103 κλῆρος
3373 5034 3545 5085 ἔσται.
3579 5036 3681 5084 Διὰ

442 5097 638 5156 praeter
688 5086 978 5156 episcopos
1024 5088 1118 5156 qui
1164 5089 1275 5143 illic
1310 5100 1438 5145 sunt
1492 5092 1677 5147 nullus
1708 5093 1846 5146 alius
1907 5096 2003 5148 l'ert

442 5177 785 5230 sutl'ratzium.

2115 5124 2268 5177 τοῦτο
2301 5124 2441 5193 πλὴν
2473 5125 2580 5178 τῶν
2615 5126 2932 5179 ἐπισκόπων
2963 5128 3143 5179 ἐκεῖσε
3178 5127 3334 5187 ἄλλος
3359 5141 3443 5187 τις
3478 5126 3537 5177 οὐ
3571 5124 3679 5193 ψη-

410 5242 425 5255 .
442 5192 785 5248 suuragtum.

2111 4573 2208 4640 τὴς
2236 4569 2329 4623 τοῦ
2361 4570 2599 4639 μεγάλου
2634 4574 2954 4642 ἀρχιερέως.
2983 4574 3230 4642 Κάθηται
3267 4573 3324 4627 δὲ
3366 4573 3457 4625 καὶ
3502 4575 3682 4642 ἐρωτᾷ

2114 4663 2252 4714 κατὰ
2280 4662 2434 4726 τάξιν
2466 4664 2591 4725 τοὺς
2618 4663 2948 4724 ἐπισκόπους
2988 4664 3083 4715 ὀὐ
3116 4664 3221 4732 μὴν
3244 4664 3678 4732 συμψηφίξεται.

2121 4753 2185 4809 'll
2216 4756 2324 4826 γάρ
2353 4756 2547 4826 γνώμη
2586 4756 2678 4808 τοῦ
2715 4757 2951 4823 μεγάλου
2991 4757 3295 4827 ἀρχιερέως
3338 4758 3547 4810 δέδοται
3579 4759 3681 4825 μὲν

2114 5214 2349 5282 φίζεται.

1002 5352 1230 5409 CAPUT
1256 5354 1443 5413 CXCI.

2655 5381 2906 5435 ΚΕΦΔΛ.
2956 5360 3118 5447 pm.

512 5444 666 5509 Quod
695 5461 869 5511 preces
902 5446 1035 5515 [iam
1080 5463 1199 5502 cum
1244 5450 1504 5520 suffragia
1542 5451 1757 5516 ferenda
1786 5464 1929 5509 sunt.

2255 5468 2376 5521 Ὅτι
2414 5471 2727 5540 προσευχὴ
2762 5444 3083 5543 τίνεταῑλεν
3116 5473 3242 5539 ταῖς
3284 5476 3531 5543 ψήφοις.

512 5535 869 5591 Venientibus
902 5538 1065 5608 igitur
1112 5540 1222 5598 illis
1250 5556 1376 5597 cum
1432 5546 1855 5617 cbartophylace
1893 5563 2001 5620 quo

2199 5557 2495 5614 Ἐλθόντων
2529 5562 2708 5615 τοίνυν
2758 5563 2963 5617 τούτων
2988 5534 3085 5617 σὺν
3141 5565 3217 5634 τῷ
3277 5566 3674 5637 χαρτοφύλακι,

510 5719 527 5751 ⁸
561 5718 714 5773 Deut.
751 5737 871 5786 nx,
898 5722 989 5778 15.

3240 4480 3317 4542 ὡς
3375 4497 3680 4548 ronorqpr;
3760 4496 3763 4497 '
