4044 6198
458 288 562 347 4‘37

1305 283 1689 346 SYMEONIS
1750 284 2505 347 THESSALONICBNSIS
2548 284 2908 349 ARCHIEP.

3578 283 3673 348 LM

457 405 577 471 ipso
601 410 679 457 est
705 400 880 455 divina
909 401 1169 471 synodus,
1189 403 1453 457 advocant
1474 412 1528 458 et
1560 403 1869 459 adsciscunt
1904 418 2033 458 san-
2062 449 2064 458 ι

2148 420 2243 468 τιν,
2270 402 2344 465 ὡς
2399 422 2417 455 ι
2442 401 2498 455 Ὀ
2518 403 2815 470 άγιώτατος
2840 401 3166 472 ἀρχιεπίσκο
3177 415 3269 462 nec
3291 401 3431 470 καὶή
3453 404 3570 470 περὶ
3588 405 3677 455 αὖ-

460 495 701 545 rtitalem
743 501 888 544 tuam
923 494 974 546 in
1004 494 1317 563 episcopum
1347 494 1710 548 sanctissime
1740 492 1808 547 N.
1859 492 2023 560 hujus

460 582 772 637 Ecclesiae.»
801 581 916 649 Ipse
940 592 1117 637 autem
1143 593 1255 640 hac
1277 584 1529 649 audiens,
1555 585 1817 650 modeste,
1845 593 1905 638 ut
1929 586 2027 639 de-

457 683 563 735 cet,
602 671 669 725 de
736 687 793 725 se
829 673 1088 740 loquitur,
1122 685 1171 726 et
1204 689 1261 728 se
1283 684 1529 728 excusat.
1560 673 1761 728 Deinde
1791 674 2026 742 primum

456 764 663 833 gratias
689 762 801 817 Deo
829 763 959 833 agit.
997 766 1087 833 qui
1117 780 1238 819 eum
1264 780 1425 833 supra
1477 766 1730 820 meritum
1763 764 2028 819 honorare

455 853 711 916 dignatus
736 859 859 919 est;
911 863 1093 923 postea
1129 855 1557 924 archiepiscopo,
1594 862 1649 907 et
1682 868 1852 909 sacra:
1895 868 2030 924 syn-

455 946 583 1006 odo,
647 944 736 1014 qui
776 960 900 997 eum
933 944 1243 1015 huiusmodi
1269 948 1451 1015 operis
1480 946 1789 999 ministrum
1846 945 2028 1014 elege-

458 1044 608 1099 runt,
631 1045 684 1091 et
700 1050 764 1090 eo
785 1037 997 1107 dignari
1023 1037 1331 1092 voluerunt.
1360 1037 1601 1107 Denique
1625 1045 1683 1091 ut
1704 1038 1793 1092 Dei
1818 1039 2029 1092 amicus

461 1128 631 1183 Deum
661 1129 747 1198 pie
776 1129 1099 1197 deprecatur
1158 1139 1217 1183 ut
1270 1132 1443 1201 ipsius
1476 1134 1650 1201 gratia
1715 1139 1771 1186 ct
1830 1132 2033 1202 eligen-

462 1221 598 1275 lium
634 1224 889 1290 precibus
946 1225 1283 1293 provinciam
1343 1224 1443 1279 sibi
1481 1225 1827 1280 commissam
1886 1233 2033 1281 recte

461 1308 829 1367 administret.
846 1312 963 1367 Hoc
979 1312 1140 1368 modo
1161 1328 1395 1383 sponsus
1415 1312 1668 1368 Ecclesiae
1690 1311 1792 1369 sibi
1809 1314 2033 1369 deman-

462 1403 602 1457 datae
624 1403 677 1457 in
706 1414 1001 1475 conspectu
1042 1408 1237 1462 throni
1302 1408 1530 1468 Christi,
1574 1417 1630 1462 et
1692 1408 2032 1463 monumenti

463 1496 601 1561 ejus,
638 1503 1066 1567 sanctorumque
1117 1498 1428 1567 angelorum
1461 1509 1514 1554 et
1572 1498 1851 1553 hominum
1900 1512 2034 1553 con-

464 1588 734 1640 stituitur.
750 1586 885 1641 Cum
915 1598 1093 1644 autem
1135 1591 1495 1655 consenserit,
1516 1599 1568 1643 et
1586 1590 1884 1646 Ecclesiam
1907 1606 2033 1646 sus-

464 1676 686 1742 ceperit,
718 1677 784 1731 de
814 1691 877 1732 ea
907 1691 1093 1732 curam
1123 1680 1398 1748 providam
1448 1680 1645 1735 habere
1670 1689 1904 1736 tenetur.
1934 1680 2030 1735 llis

464 1767 544 1820 sic
567 1769 799 1835 peractis
819 1784 939 1838 qua:
959 1770 1229 1839 pertinent
1245 1770 1312 1824 ad
1332 1770 1733 1827 ordinationem
1746 1781 1800 1828 et
1834 1787 2026 1828 conse-

467 1857 763 1914 crationem
786 1870 1188 1931 praeparantur.

882 2002 885 2003 ,
977 1952 1203 2025 CAPUT
1231 1953 1515 2009 cxcvut.

886 2046 962 2099 De
985 2044 1315 2100 ordinatione
1344 2048 1592 2117 episcopi.

538 2130 774 2214 Instante
808 2135 971 2205 igitur
1003 2137 1094 2191 die
1116 2137 1492 2202 dicta,omncs
1507 2138 1746 2211 episcopi
1768 2142 2036 2199 electores

468 2237 863 2297 congregantur
894 2244 913 2295 ;
937 2229 1091 2284 adest
1112 2244 1329 2299 quoque
1358 2231 1803 2303 archiepiscopus
1825 2235 2038 2289 ordina-

472 2318 676 2370 tionem
710 2333 833 2371 cum
861 2318 992 2387 ipsis
1024 2320 1287 2387 facturus,
1321 2322 1401 2375 vel
1433 2323 1612 2389 potius
1636 2322 1891 2379 Christus
1910 2340 2039 2394 ope-

474 2422 599 2459 rans
628 2421 750 2476 qua:
780 2409 1055 2475 pecularia
1113 2418 1261 2477 sunt,
1319 2427 1545 2481 quaeque
1613 2416 1727 2481 ipse
1793 2416 2035 2470 tradidit.

472 2498 845 2568 Congregatur
861 2515 1078 2569 quoque
1108 2502 1285 2555 omnis
1326 2503 1456 2558 cieri
1482 2504 1792 2573 multitudo,
1813 2515 1867 2561 et
1886 2514 2040 2562 ante-

474 2606 637 2659 quam
672 2591 837 2646 missa
858 2592 1163 2659 inclinetur,
1196 2594 1492 2648 anabathra
1525 2596 1763 2665 ponitur,
1796 2606 1851 2652 et
1876 2613 2043 2667 super

476 2697 594 2733 eam
624 2682 854 2737 thronus
885 2684 938 2736 in
970 2698 1080 2753 quo
1104 2683 1264 2738 sedet
1291 2699 1522 2754 magnus
1553 2686 1864 2756 epise0pus,
1902 2688 2039 2742 inira

478 2789 606 2827 vero
620 2791 684 2829 ex
702 2783 931 2845 utraque
951 2785 1101 2847 parte
1119 2776 1278 2844 positi
1306 2776 1536 2833 suntalii
1558 2778 1634 2832 tht
1653 2779 1738 2833 oni
1762 2780 1815 2834 in
1841 2782 2044 2851 quibus

479 2866 670 2921 sedent
694 2868 963 2937 episcopi.

1002 3046 1228 3104 CAPUT
1261 3047 1490 3105 CXCIX.

661 3158 736 3214 De
765 3160 878 3230 ejus
912 3162 1233 3232 confessione
1262 3165 1532 3235 primoque
1562 3168 1857 3237 signaculo.

536 3316 756 3379 Deinde
785 3326 1035 3374 cantores
1065 3318 1345 3374 venientes
1376 3321 1611 3390 primum
1645 3321 1875 3378 adorant
1938 3339 2051 3378 ma-

485 3425 648 3478 gnum
680 3409 1018 3479 episcopum,
1052 3422 1112 3465 ut
1135 3410 1758 3468 SalvatoremChristum
1785 3415 2047 3470 sacerdo-

488 3511 604 3554 tum
657 3501 978 3570 princ'pem,
1036 3501 1227 3557 faustis
1277 3502 1763 3561 acclamationibus
1818 3507 2051 3577 ingemi-

489 3601 703 3656 nantes,
750 3612 766 3643 ι
807 3592 863 3645 in
908 3594 1109 3649 multos
1138 3608 1334 3660 annos,
1383 3596 1637 3663 domine;
1673 3614 1691 3648 ι
1722 3613 1834 3666 quo
1889 3614 2049 3653 suum

486 3694 719 3756 propter
742 3684 987 3740 divinum
1020 3700 1157 3754 opus
1182 3688 1433 3753 gaudium
1468 3700 1586 3741 non’
1608 3689 1767 3744 modo
1824 3690 2052 3745 demon-

487 3785 686 3845 strant,
717 3792 905 3831 verum
935 3776 1100 3833 etiam
1130 3776 1207 3832 illi
1243 3778 1555 3833 continuam
1619 3788 1675 3835 et
1737 3791 2051 3851 perpetuam

489 3871 545 3923 in
573 3884 736 3938 opere
762 3870 1223 3938 perseverantiam
1256 3868 1645 3940 deprecantur.
1680 3872 1947 3943 Deinceps
2000 3882 2056 3928 et

489 3963 671 4017 caeteri
712 3961 896 4017 clerici
925 3975 1019 4028 per
1038 3960 1282 4016 ordinem
1321 3962 1518 4017 similia
1549 3961 1777 4030 faciunt,
1809 3972 1864 4018 et
1908 3967 2055 4021 stant

486 4054 646 4125 juxta
675 4054 921 4108 ordinem
961 4054 1051 4121 qui
1105 4054 1451 4121 peculiariter
1492 4053 1557 4110 de
1586 4056 1804 4109 hac.re
1849 4056 2055 4113 descri-

490 4159 617 4219 plus
638 4158 743 4204 est.
762 4148 1001 4203 Tandem
1028 4148 1173 4201 venit
1191 4148 1395 4202 electus
1418 4149 1845 4215 praecedentibus
1876 4151 2052 4220 ipsum

491 4239 724 4304 clericis,
762 4238 985 4306 ipsoque
1010 4236 1452 4308 cliartOphylace,
1490 4246 1545 4292 et
1572 4237 1822 4293 ministro
1851 4239 1943 4307 qui
1988 4256 2057 4296 ex

489 4332 607 4387 suis
629 4333 696 4385 ab
722 4328 877 4383 initio
899 4326 974 4381 illi
999 4327 1209 4382 aderat.

1079 4440 1305 4496 CAPUT
1359 4440 1466 4499 CC.

494 4534 634 4602 Quid
660 4534 905 4588 deitatem
939 4532 994 4587 in
1025 4530 1138 4587 solo
1164 4533 1456 4653 ἀριειὶξρισ.
1474 4544 1575 4588 (res
1596 4534 1768 4604 ﬂuvii,
1793 4536 1981 4592 civitas
2011 4549 2057 4593 et

1172 4620 1293 4653 nam
1318 4621 1371 4653 a.

1172 4620 1371 4671 aquam.

563 4698 698 4753 Cum
727 4712 854 4753 vero
879 4697 1087 4753 electus
1118 4705 1230 4752 tres
1261 4696 1452 4753 ﬂuvios
1484 4699 1802 4766 pertransiit
1829 4699 1882 4754 in
1940 4700 2059 4757 solo

494 4808 590 4863 per
616 4805 843 4862 gypsum
876 4790 1159 4860 liguratos,
1190 4789 1280 4859 qui
1313 4790 1573 4845 doctrina:
1599 4789 1804 4845 donum
1828 4791 1895 4846 ad
1914 4793 2058 4861 quod

492 4893 718 4940 vocatus
740 4890 848 4948 est,
874 4879 1207 4947 signiﬁcant,
1245 4879 1500 4934 subsistit
1557 4896 1717 4951 super
1773 4881 1959 4935 urbem
1991 4881 2061 4933 ob

493 4976 682 5031 oculos
709 4974 1037 5043 descriptam
1068 4987 1190 5041 qua:
1217 4970 1387 5039 ipsius
1416 4970 1786 5039 episcopatum
1830 4971 2056 5035 indicat,

496 5071 550 5122 in
586 5066 747 5134 cujus
779 5064 1109 5119 'summitate
1170 5061 1349 5132 aquila
1407 5061 1663 5116 similiter
1709 5059 2057 5127 describitur,

498 5158 810 5229 puritatem,
838 5154 1241 5221 rectitudinem,
1290 5162 1343 5208 et
1390 5152 1729 5207 altitudinem
1783 5151 2064 5221 theologize

502 5250 874 5316 subindicans,
904 5247 1048 5315 quod
1079 5247 1141 5300 de
1176 5244 1283 5298 tilio
1308 5244 1531 5299 tonitrui
1564 5244 1833 5313 theologo,
1896 5242 2065 5297 disci.

500 5341 630 5409 pulo
656 5339 884 5408 virgine,
919 5338 1010 5406 qui
1056 5338 1109 5389 in
1130 5333 1331 5389 Christi
1357 5332 1476 5385 sinu
1536 5333 1880 5400 requiescere
1927 5330 2067 5384 sole-

404 5454 409 5461 ι
504 5432 618 5497 bat,
649 5431 807 5498 vulgo
838 5429 1105 5483 scribunt.
1138 5426 1266 5479 ideo
1294 5423 1431 5498 lucis
1463 5422 1643 5477 radios
1677 5421 1839 5475 habet
1885 5421 2064 5490 aquila

504 5524 596 5592 qui
615 5497 973 5591 theologicum
991 5527 1043 5572 et
1083 5518 1254 5588 gratia
1274 5497 1534 5570 donatum
1553 5511 1881 5584 signiﬁcant.
1903 5512 2067 5568 Stans

506 5617 672 5683 igitur
719 5627 884 5683 super
946 5612 1091 5665 illam
1156 5609 1370 5675 urbem,
1427 5607 1600 5677 ipsius
1654 5604 2066 5673 inscriptionem

512 5710 726 5764 recitat.
783 5721 903 5765 quae
960 5701 1316 5756 dicendorum
1383 5701 1731 5752 securitatem
1793 5694 2056 5749 declarat.

2058 1727 2110 1790 B

2130 494 2220 546 τδν
2243 494 2360 546 θεία
2389 493 2603 555 σύνοδος
2639 492 3074 561 προσκαλοῦνται
3121 491 3280 560 156
3314 493 3409 559 τὴν
3452 492 3678 559 ἁγιωσύ-

2129 602 2227 653 νην
2258 602 2350 639 σου
2374 588 2454 648 εἰς
2479 584 2744 655 ἀρχιερέα
2780 584 2879 653 τῆς
2903 583 3050 638 δεῖνα
3080 582 3393 649 ἁγιωτάτης
3460 583 3676 650 Ἐκκλη-

2131 677 2276 740 σίας.
2305 696 2323 730 ι
2346 678 2403 731 '0
2426 675 2725 742 δὲ,τούτων
2748 675 3010 738 ἀκούσας,
3028 674 3375 740 ἀπολογεῖται
3396 673 3463 726 τὰ
3485 674 3675 728 εἰκότα.

2131 768 2240 819 Καὶ
2264 766 2579 835 εὐχαριστεῖ
2615 766 2830 837 πρῶτον
2857 763 2934 834 τῷ
2967 763 3107 832 Θεῷ,
3136 762 3391 827 ἀξιωθεὶς
3415 764 3519 817 τῶν
3548 764 3683 834 ὑπὲρ

2129 859 2293 914 αὐτόν
2320 873 2337 889 ⁸
2365 854 2483 911 εἶτα
2514 857 2594 928 τῷ
2626 858 3044 929 ἁρχιεπισκόπῳ
3066 857 3161 910 καὶ
3186 858 3252 926 τῇ
3302 858 3423 926 ἱερᾷ
3468 858 3681 925 σονόῗῳ,

2128 950 2374 1005 τοιούτου
2401 952 2563 1021 ἔργου
2609 950 2773 1004 αὑτὸν
2821 950 3102 1019 ὑπηρέτην
3145 948 3545 1019 ἐκλεξαμένοις,
3596 953 3683 1003 καὶ

2132 1044 2213 1103 είς
2236 1042 2393 1095 τοῦτο
2425 1041 2763 1107 καταξιῶσαι
2790 1039 3104 1108 θελήσασιν.
3141 1035 3274 1094 Εἶτα
3317 1039 3410 1092 καὶ
3456 1039 3684 1108 εὔχεται,

2132 1132 2314 1195 καλῶς
2340 1132 2435 1185 καὶ
2458 1131 2536 1194 ὡς
2574 1131 2692 1200 Θεῷ
2719 1131 2873 1197 φίλον
2933 1131 3122 1199 χάριτι
3156 1126 3323 1181 αὑτοῦ
3375 1128 3469 1180 καὶ
3511 1129 3686 1196 εὐχαῖς

2132 1225 2244 1277 τῶν
2271 1224 2654 1292 ἐκλεξαμίνων
2678 1223 2996 1291 διακονῆσαι
3014 1222 3109 1274 καὶ
3134 1220 3416 1273 ἐκτελέσαι
3441 1220 3499 1272 τὸ
3525 1222 3688 1288 ἐγχει-

2138 1315 2346 1386 ρισθέν.
2376 1314 2483 1368 Καὶ
2514 1313 2688 1376 οὕτως
2716 1312 2879 1376 αὐτὸς
2907 1314 3005 1383 μὲν
3035 1311 3283 1382 μνηστὴρ
3333 1313 3431 1379 τῆς
3469 1312 3692 1379 ἐγχειρε-

2136 1405 2355 1476 σθείσης
2387 1404 2683 1473 ἐκκλησίας
2711 1400 2939 1455 ἐνώπιον
2983 1400 3076 1454 τοῦ
3106 1401 3299 1470 θρόνου
3339 1398 3573 1468 Χριστοῦ
3605 1401 3691 1451 καὶ

2134 1498 2229 1550 τοῦ
2256 1498 2563 1568 μνήματος,
2580 1498 2673 1550 καὶ
2698 1497 2806 1549 τῶν
2826 1493 2997 1562 ἁγίων
3020 1493 3269 1562 ἀγγέλων
3288 1495 3384 1547 καὶ
3403 1491 3497 1544 ἀνθ
3508 1494 3694 1559 ρώπων

2134 1591 2393 1659 κατέστη,
2426 1589 2796 1659 συμφωνήσας
2828 1604 2887 1639 τε
2922 1587 3016 1639 καὶ
3039 1582 3486 1653 παραλαόὼντὴν
3516 1584 3695 1648 ἐκκληι-

2139 1683 2283 1749 σίαν,
2306 1683 2398 1735 καὶ
2432 1681 2739 1750 φροντίζειν
2772 1678 2976 1747 ταύτης
3016 1679 3111 1730 καὶ
3165 1675 3510 1747 προνοεῖσθαι
3561 1675 3697 1742 ὀφεί-

2134 1773 2263 1827 λων·
2293 1772 2360 1825 τὰ
2378 1771 2477 1840 τῆς
2500 1770 2841 1842 χειροτονίας
2860 1769 2918 1823 δὲ
2945 1769 3045 1839 ήδη
3099 1766 3239 1837 μετὰ
3264 1764 3426 1819 τοῦτο
3468 1768 3560 1818 xal.
3605 1765 3699 1832 τῆς

2135 1862 2468 1928 τελειώσεως
2494 1864 2871 1934 ἑτοιμάζεται.

2699 1957 2951 2011 ΚΕΦΑΛ.
2978 1955 3165 2024 mir.

2451 2044 2591 2113 Napi
2628 2046 3004 2113 χειροτονίας
3028 2044 3397 2099 ἐπισκόπου.

2207 2137 2320 2207 Τῆς
2349 2130 2443 2190 οὗν
2472 2136 2670 2206 κυρίας
2696 2137 3015 2205 ἐπιστάσης,
3064 2136 3391 2202 συνάγονται
3441 2133 3536 2200 μὶν
3580 2117 3735 2185 πάν·’

2137 2248 2229 2294 τες
2254 2231 2303 2283 oi
2334 2229 2704 2300 ψηφισάμενοι
2746 2230 3047 2299 ἀρχιερεῖς,
3075 2229 3317 2296 πάρεστι
3355 2227 3412 2279 δὲ
3460 2227 3488 2277 ὀ
3534 2225 3719 2294 ἀρχιεον

2142 2322 2407 2383 πίσκοττος
2450 2320 2549 2390 τὴν
2576 2321 2913 2392 χειροτονίαν
2945 2321 3043 2373 σὺν
3082 2320 3266 2382 αὐτοῖς
3310 2317 3606 2370 ἑκτελέσων
3634 2331 3648 2345 ο
3680 2317 3706 2367 ὁ

2140 2414 2376 2482 Χριστὸς
2407 2414 2463 2466 δὲ
2498 2412 2700 2482 μᾶλλον
2729 2414 2904 2465 εἰπεῖν
2935 2411 3001 2463 δι’
3031 2410 3208 2464 αὐτῶν
3234 2408 3479 2479 ἐνεργῶν
3525 2407 3591 2459 τὰ
3638 2406 3708 2458 oi-

2142 2508 2263 2558 κεῖα
2294 2505 2388 2557 καὶ
2418 2504 2453 2559 ἃ
2484 2504 2861 2573 παραδέδωκε.
2895 2502 3318 2571 Συναθροίζεται
3348 2504 3404 2555 δὲ
3433 2501 3524 2554 καὶ
3574 2497 3709 2552 ἅπαν

2144 2597 2351 2665 πλῆθος
2384 2597 2479 2649 τοῦ
2512 2597 2741 2667 κλήρου,
2771 2595 2864 2647 καὶ
2904 2595 2986 2648 ἔτι
3020 2596 3129 2647 τῶν
3181 2594 3413 2648 λαῖκῶν.
3474 2593 3579 2647 Καὶ
3614 2590 3709 2659 πρὸ

2146 2690 2246 2762 μὲν
2273 2690 2370 2759 τῆς
2394 2690 2544 2758 ἱερᾶς
2575 2687 2913 2758 λειτουργίας
2948 2689 2979 2755 ἡ
3018 2685 3308 2754 ἀναϐάθρα
3347 2685 3573 2743 τίθεται,
3624 2682 3711 2734 καὶ

2146 2780 2496 2851 κάθηταιὲπὶ
2523 2778 2715 2849 θρόνου
2750 2779 2808 2831 ιν
2864 2779 3000 2848 αὐτῇ
3040 2780 3071 2831 δ
3143 2777 3323 2847 μέγας
3381 2775 3661 2848 ἀρχιερεύς
3695 2790 3708 2805 ·

2146 2870 2296 2924 κάτω
2317 2870 2373 2922 δὲ
2402 2869 2584 2939 ἓτεροι
2615 2867 2959 2939 ἑκατέρωθεν
2992 2867 3174 2933 θρόνοι
3198 2882 3214 2898 ’
3244 2870 3346 2921 καὶ
3408 2867 3494 2919 ἐπ’
3526 2863 3712 2927 αὐτοὺς

2146 2959 2199 3011 οἱ
2231 2959 2551 3013 ἐπίσκοποι.

2693 3046 2945 3103 κεοΑΑ.
2999 3042 3163 3115 mea

2219 3160 2357 3229 Περὶ
2389 3158 2507 3214 τῶν
2538 3158 2649 3227 τῆς
2695 3159 3052 3229 ὁμολογίας,
3106 3157 3207 3213 καὶ
3253 3159 3375 3228 τῆς
3419 3158 3652 3229 πρώτης

2757 3228 3111 3298 σφραγῖδος.

2222 3321 2331 3375 Καὶ
2359 3320 2532 3383 οὕτως
2564 3320 2613 3372 οἱ
2641 3318 2844 3389 ψάλται
2881 3320 2981 3390 μὲν
3005 3320 3320 3390 ἐρχόμενοι,
3374 3322 3590 3391 πρῶτον
3630 3318 3717 3371 τὸν

2154 3411 2331 3482 μέγαν
2363 3410 2764 3481 προσκυνοῦσιν
2800 3410 2878 3473 ὡς
2898 3410 2989 3463 τὸν
3020 3410 3248 3480 Σωτῆρα
3272 3412 3514 3483 Χριστὸν
3544 3414 3719 3478 ἀρχιε-

2155 3505 2273 3572 ρέα,
2299 3507 2391 3555 καὶ
2420 3500 2728 3572 εὐφημοῦσι
2754 3502 2895 3571 τρὶς,
2942 3520 2961 3554 ι
3000 3502 3094 3565 Εἰς
3138 3502 3313 3555 πολλὰ
3365 3504 3484 3572 ἔτη,
3532 3502 3718 3554 δέσπο-

2151 3612 2243 3661 τα,
2275 3613 2293 3646 ι
2344 3594 2613 3662 λέγοντες,
2657 3595 2749 3647 ἐπὶ
2799 3594 2875 3663 τῷ
2924 3592 3055 3664 θείῳ
3087 3594 3374 3664 χαίροντες
3414 3594 3579 3665 ἔργῳ,
3624 3593 3715 3644 καὶ

2151 3688 2250 3755 τὴν
2279 3687 2358 3748 είς
2385 3686 2446 3739 τὸ
2474 3685 2722 3756 διηνεκὲς
2752 3684 3015 3755 διαμονὴν
3060 3684 3256 3738 τούτου
3305 3686 3408 3739 καὶ
3464 3684 3721 3755 ἐργασίαν

2153 3777 2440 3848 εὐχόμενοι
2466 3793 2481 3807 ⁸
2535 3776 2733 3845 ἑφεξῆς
2778 3776 2835 3829 δὲ
2863 3774 2914 3829 οἱ
2942 3776 3119 3830 λοιίιιςοὶ¹
3166 3777 3430 3845 κληρικοὶ
3466 3777 3606 3830 κατᾶ
3634 3775 3724 3827 τά·

2155 3870 2235 3934 ξιν
2264 3868 2608 3931 ἐκτελοῦντες
2632 3868 2699 3921 τὰ
2724 3869 2911 3937 ὃμοια,
2945 3868 3039 3921 καὶ
3063 3869 3203 3921 κατὰ
3224 3867 3385 3933 τάξιν
3429 3868 3720 3936 ἱστάμενοι,

2152 3962 2227 4024 ὡς
2260 3962 2407 4032 καὶὴ
2441 3957 2682 4024 διάταξις
2720 3960 2848 4031 περὶ
2872 3960 3065 4013 τούτου
3089 3961 3366 4015 διατυποϊ.
3409 3960 3515 4014 Καὶ
3546 3959 3722 4012 τελευ-

2154 4056 2304 4107 ταῖον
2345 4055 2373 4105 ὁ
2416 4050 2724 4122 ὑποψήφιος
2781 4051 3038 4123 ἔρχεται,
3077 4055 3517 4123 προηγουμένων
3568 4047 3723 4102 αὑτοῦ

2155 4143 2455 4214 κληρικῶν,
2494 4142 2588 4195 καὶ
2608 4141 2774 4196 αὐτοῦ
2801 4142 2896 4196 τοῦ
2936 4143 3375 4214 χαρτοφὺλακος,
3426 4144 3503 4205 ὡς
3528 4141 3729 4211 ἀξιοπί-

2157 4250 2281 4287 στου
2320 4236 2416 4288 καὶ
2450 4234 2557 4288 τῶν
2590 4233 2854 4288 τοιούτων
2881 4235 3120 4307 ἐξαρχῆς
3163 4235 3473 4306 ὑπηρέτου.
3767 4223 3770 4226 ’

2758 4434 3009 4489 ΚΕΦΑΛ.
3050 4434 3126 4487 ε’.

2164 4525 2228 4579 Τί
2248 4524 2506 4593 δηλοῦσι
2535 4523 2606 4578 τὰ
2631 4523 2725 4577 ἐπ’
2757 4523 3019 4592 ἐδάφους
3041 4525 3547 4593 ἁνιστορούμενα,
3578 4520 3730 4591 τρεῖς

2399 4593 2675 4664 ποταμοὶ,
2734 4593 2773 4660 ἡ
2807 4594 2985 4659 πόλις
3025 4611 3089 4647 τε
3114 4594 3209 4647 καὶ
3237 4598 3269 4649 ὀ
3294 4595 3493 4660 ἀετός.

2235 4688 2331 4751 '0;
2367 4686 2433 4757 δὴ
2464 4685 2773 4757 ὑποψήφιος
2816 4687 2966 4755 τρεῖς
3024 4686 3305 4753 ποταμοὺς
3345 4686 3598 4751 διελθὼν,
3648 4681 3730 4739 ἐπ’

2160 4778 2385 4844 ἐδάφους
2418 4776 2506 4831 διὰ
2539 4774 2713 4843 γύψου
2742 4768 3186 4837 ἐκτυπωθέντας,
3233 4775 3292 4827 τδ
3324 4775 3426 4843 τῆς
3482 4776 3734 4829 διδασκα-

2160 4870 2278 4931 λίας
2302 4870 2387 4936 ἐφ’
2428 4859 2472 4935 ᾧ
2506 4866 2710 4934 ἐκλήθη
2750 4863 3046 4931 δηλοῦντας
3093 4866 3365 4937 χάρισμα,
3400 4867 3585 4921 ἐπάνω
3634 4866 3732 4919 πό-

2160 4961 2293 5023 λεως
2324 4961 2535 5012 ἵσταται
2582 4956 3062 5026 ἁνιστορουμὲνης,
3125 4958 3228 5024 τὴν
3280 4958 3596 5027 ἐπισκοπὴν
3646 4957 3736 5026 δη-

2162 5055 2357 5123 λούσης
2378 5054 2563 5117 αὑτοῦ,
2596 5045 2662 5121 ἧς
2696 5051 2789 5103 ἐπὶ
2819 5052 2885 5119 τῇ
2916 5053 3124 5120 κορυφῇ
3173 5050 3326 5114 ἀετὸς
3362 5052 3569 5120 ὁμοίως
3620 5053 3733 5104 ἀνιο

2165 5147 2456 5216 στορεῖται,
2479 5144 2538 5196 τδ
2557 5142 2796 5213 καθαρὸν
2824 5144 2917 5195 καὶ
2943 5141 3101 5212 ὀρθὸν
3136 5143 3234 5212 τῆς
3259 5143 3544 5211 θεολογίας
3563 5144 3656 5198 καὶ
3677 5142 3735 5196 τὸ

2164 5237 2368 5307 ὑψηχὸν
2384 5234 2741 5304 ὑπεμφαίνων
2775 5251 2788 5263 ’
2812 5234 2840 5286 ὃ
2859 5234 2920 5301 δὴ
2950 5237 3043 5288 καὶ
3067 5234 3307 5303 περὶτοῦ
3338 5236 3458 5287 υίοῦ
3470 5239 3566 5302 τῆς
3586 5235 3735 5303 βρονι

2164 5329 2261 5396 τῆς
2286 5330 2379 5380 τοῦ
2405 5326 2671 5393 Θεολόγου
2726 5326 2969 5396 μαθητοῦ
3019 5326 3113 5380 καὶ
3165 5326 3442 5397 παρθένου
3488 5328 3585 5380 τοῦ
3642 5326 3734 5379 καὶ

2166 5418 2483 5487 ὲπιστηθίου
2511 5418 2802 5488 γράφουσι.
2834 5417 2926 5471 Διὸ
2952 5420 3048 5472 καὶ
3068 5421 3324 5487 φεγγεῖον
3356 5418 3472 5487 ἔχει
3494 5420 3523 5471 δ
3557 5416 3734 5483 ἀετὸς,

2167 5512 2240 5573 ὡς
2267 5509 2325 5562 τὸ
2359 5508 2670 5576 θεολογικδν
2718 5508 2814 5561 καὶ
2844 5510 3285 5578 κεχαριτωμένον
3334 5508 3537 5579 δηλῶν.
3597 5506 3735 5570 xm

2168 5599 2260 5655 οὖν
2310 5601 2405 5653 ἐπὶ
2454 5600 2551 5669 τῆς
2612 5600 2840 5663 πόλεως,
2872 5600 3183 5668 ἐπιγραφὴν
3209 5600 3356 5667 λέγει
3402 5597 3624 5662 ἑαυτοῦ,
3677 5596 3736 5648 τὸ

2172 5694 2409 5762 ἀσφαλὲς
2434 5680 2610 5762 δηλῶν
2638 5693 2761 5761 περὶ
2790 5693 2897 5745 τῶν
2928 5692 3230 5761 μελλόντων
3261 5691 3515 5761 ῥηθῆναι.
3585 5689 3739 5743 Ἐπι-
