4034 6192
340 284 449 346 809
1366 292 1467 353 DE
1512 292 1780 354 SACRIS
1822 294 1900 353 ()I

2004 294 2523 359 iNATIONlBUS.
3476 291 3588 357 4Ῑο

332 395 480 462 λέγει
514 395 567 448 δὲ
600 394 655 448 th
687 396 830 465 ίερδν
857 398 956 466 τῆς
986 399 1217 465 πίστεως
1258 400 1536 473 Σύμῦολον
1583 406 1760 476 ὀρθῶς
1820 407 1900 460 καλ

2020 404 2225 463 Deinde
2252 423 2469 464 sacrum
2501 408 2622 463 fidei
2653 406 2969 481 Symbolum
2996 418 3143 466 recte
3204 419 3256 465 et
3320 410 3587 468 invariate

336 487 413 548 ὡς
441 487 589 556 παρά
619 488 727 542 τῶν
755 490 1013 561 Πατέρων
1038 492 1221 563 ἐτέθη,
1281 498 1376 548 καὶ
1407 496 1476 549 τὰ
1510 495 1673 551 λοιπὰ
1701 497 1779 549 ἔτι
1807 498 1900 564 τῆς

2012 498 2197 566 refert,
2229 508 2289 553 ut
2325 516 2353 552 a
2394 500 2647 557 Patribus
2682 502 2917 571 positum
2959 510 3064 570 est,
3114 511 3450 572 ceterasque
3495 518 3591 558 or-

336 579 444 631 τῶν
478 579 768 647 όρθοδόξων
808 582 1068 651 Πατέρων
1098 584 1389 653 ὁμολογίας
1430 603 1446 619 ’
1485 590 1574 641 καὶ
1602 590 1684 641 ὅτι
1737 590 1797 642 οὗ
1822 590 1900 641 δέ-

2012 589 2381 647 thodoxorum
2413 591 2632 647 Patrum
2659 593 3060 650 confessiones.
3088 594 3331 649 Amrmat
3365 607 3591 663 quoque

336 669 476 722 δωκέ
515 688 568 721 τι
591 674 726 738 πρὸς
752 675 811 725 τὸ
843 675 1018 728 ἐλθεῖν
1049 677 1131 738 είς
1158 676 1258 747 τὴν
1282 677 1587 749 ἐπισκοπὴν
1613 696 1627 709 ’
1686 682 1780 733 καὶ
1832 682 1905 744 ὡς

337 760 591 829 καθαρῶς
630 766 724 817 καὶ
757 766 1058 835 ἀμέμπτως
1084 768 1350 837 διοικήσει
1386 768 1482 840 τὴν
1511 773 1769 841 ποίμνην.
1794 772 1906 827 Kal

334 852 486 917 τέλος
517 854 664 923 λέγει
690 857 786 924 τὴν
818 858 954 911 ἰδίαν
988 860 1334 934 ὑπογραφὴν,
1371 864 1438 918 δι’
1482 859 1549 938 ἧς
1603 864 1674 918 τὰ
1724 885 1906 935 προειο

335 942 552 1011 ρημένα
580 947 871 1014 σφραγίζει
899 966 957 1001 τε
986 950 1079 1002 καὶ
1127 952 1397 1020 ὁμολογεῖ,
1452 956 1768 1024 μαρτυρῶν,
1830 956 1905 1019 ὡς

333 1036 429 1086 καὶ
467 1036 533 1087 τὰ
562 1036 814 1105 όρθόδοξα
848 1041 1019 1094 ταῦτα
1046 1045 1109 1113 τῇ
1151 1044 1346 1097 ἑαυτοῦ
1398 1047 1625 1117 κηρύξει
1672 1048 1901 1121 ποίμνῃ,

331 1124 368 1179 ἃ
395 1126 455 1194 δὴ
488 1130 582 1181 καὶ
638 1130 1089 1203 καθωμολόγησε,
1131 1140 1221 1189 καὶ
1267 1138 1347 1201 είς
1395 1139 1544 1203 τέλος
1581 1140 1754 1195 ταῦτα
1808 1161 1907 1212 φυ-

331 1217 501 1283 λάξει.

803 1341 964 1412 157
1006 1346 1259 1401 KroAA.
1316 1345 1441 1402 zA'.

643 1432 781 1498 Περὶ
819 1432 930 1500 τῆς
959 1435 1202 1504 πρώτης
1243 1439 1598 1510 σφραγῖδος.

402 1518 628 1574 Τούτων
662 1520 757 1576 οὖν
788 1526 1149 1580 τελεσθέντων
1172 1567 1187 1589 .
1221 1533 1303 1593 εἰς
1335 1532 1424 1583 τὸν
1456 1534 1617 1587 ἀετὸν
1663 1531 1904 1602 ἔρχεται,

329 1612 431 1675 τὴν
468 1611 748 1679 θεολογίαν
774 1616 974 1689 δηλαδὴ
1004 1621 1097 1672 καὶ
1130 1620 1191 1673 τὸ
1236 1622 1336 1690 τῆς
1365 1623 1717 1686 διδασκαλίας
1748 1622 1904 1693 ὕψος.

2010 698 2069 739 se
2101 682 2167 737 ad
2198 684 2574 755 episcopatum
2606 687 3010 756 assequendum
3039 686 3175 740 nihil
3207 685 3446 751 dedisse,
3495 701 3585 741 se-

2008 788 2116 842 que
2138 775 2281 830 ovile
2314 791 2475 830 suum
2508 785 2697 833 sancte
2720 787 2774 833 et
2803 779 3364 848 irreprehensibiliter
3391 779 3593 847 guber-

2008 874 2291 922 naturum.
2328 867 2573 934 Denique
2600 870 2874 940 propriam
2926 871 3379 940 subscriptionem
3441 870 3586 923 reci-

2009 966 2086 1012 tat
2118 974 2212 1028 per
2234 975 2397 1030 quam
2424 977 2544 1032 quae
2573 963 2713 1018 dicta
2739 970 2886 1024 sunt,
2936 963 3243 1026 conﬁrmat,
3299 972 3352 1016 et
3410 961 3589 1017 conli-

2012 1059 2175 1118 tetur,
2211 1060 2520 1120 protestans
2547 1068 2606 1108 se
2640 1054 2784 1108 hanc
2836 1053 3139 1107 doctrinam
3193 1053 3583 1116 orthodoxam,

2010 1159 2237 1213 quaeque
2266 1144 2553 1202 confessus
2586 1155 2691 1212 est,
2723 1148 2871 1218 gregi
2895 1159 2997 1204 suo
3027 1147 3478 1219 praedicatorum,
3530 1151 3591 1200 et

2007 1235 2077 1290 ad
2099 1237 2258 1291 linem
2279 1254 2447 1309 usque
2465 1248 2832 1294 servaturum.

2572 1351 2797 1408 CAPUT
2853 1351 2984 1408 CCI.

2502 1441 2581 1496 De
2607 1447 2777 1511 primo
2807 1444 3101 1513 signaculo.

2080 1535 2175 1592 llis
2205 1540 2461 1607 peractis,
2499 1538 2562 1590 ad
2587 1540 2827 1606 aquilam
2864 1538 3130 1605 procedit,
3164 1539 3229 1593 ad
3257 1539 3588 1609 theologiam

2006 1629 2281 1692 videlicet.
2316 1639 2371 1685 et
2391 1630 2657 1685 doctrinae
2690 1629 3102 1686 sublimitatem.
3160 1629 3360 1685 Postea
3408 1631 3587 1697 capite

331 1702 442 1755 Καὶ
473 1706 626 1776 παρά
659 1708 752 1759 τοῦ
788 1709 1203 1779 χαρτοφύλακος
1258 1714 1359 1781 τὴν
1401 1715 1651 1789 κεφαλὴν
1680 1734 1900 1785 γυμνω-

2009 1720 2182 1786 ipsius
2199 1736 2225 1773 a
2244 1720 2668 1792 chartophylace
2686 1721 2889 1775 nudato
2907 1736 3002 1789 per
3020 1721 3159 1789 quod
3178 1723 3405 1787 gratiam
3427 1736 3583 1776 acce-

330 1794 466 1856 θεὶς,
496 1796 564 1849 δι’
596 1798 662 1866 ἢν
700 1799 888 1867 μέλλει
938 1801 1237 1869 λαμϐάνειν
1282 1804 1479 1875 χάριν,
1514 1807 1606 1859 καὶ
1656 1808 1905 1879 κεφαλὴν

330 1891 530 1944 ἑαυτοῦ
568 1895 863 1963 μαρτυρῶν
911 1897 1002 1948 τὸν
1039 1896 1293 1963 Χριστὸν,
1330 1901 1424 1953 καὶ
1459 1901 1551 1954 τὸν
1579 1902 1774 1956 ἑαυτοῦ
1810 1902 1906 1972 ἀρ-

327 1982 689 2062 χιεπίσκοπον
714 2025 729 2049 ,
762 1986 834 2039 δι’
859 1987 917 2040 οὗ
951 1988 1043 2041 καὶ
1082 1991 1182 2059 τὴν
1210 1994 1549 2063 χειροτονίαν
1593 1994 1659 2049 λα
1672 1994 1865 2064 μὸἀνει
1885 2036 1901 2056 .

329 2073 616 2127 ὐποκλίνει
648 2076 747 2144 τὴν
778 2080 1023 2149 κεφαλὴν
1044 2121 1060 2143 ,
1088 2081 1304 2146 δεικνὺς
1329 2084 1430 2151 τὴν
1466 2086 1771 2156 ὑποταγὴν.
1809 2088 1905 2141 καὶ

328 2163 429 2231 τὴν
459 2164 518 2215 έν
549 2167 877 2221 ταπεινώσει
903 2171 1002 2238 τῆς
1051 2173 1147 2226 τοῦ
1192 2174 1436 2243 Χριστοῦ
1467 2177 1691 2246 χάριτος
1722 2196 1903 2249 παρα·

326 2254 517 2324 sum.
555 2258 685 2310 ’Καὶ
729 2259 824 2312 τοῦ
858 2262 1271 2331 χαρτοφύλακος
1325 2264 1591 2333 βοῶντος,
1630 2287 1648 2319 ι
1703 2269 1906 2322 Κελεῦσ-

329 2367 486 2414 σατε,
519 2370 538 2402 s
575 2352 901 2421 κατέχοντος
933 2356 1024 2406 τὸν
1056 2357 1497 2425 σφραγιζόμενον
1526 2359 1634 2412 ἀπὸ
1656 2359 1751 2413 τοῦ
1774 2352 1903 2431 τρα-

324 2442 522 2510 χῆλου,
559 2443 874 2499 ἀνίστανται
911 2447 964 2498 οἱ
996 2448 1308 2508 ἐπίσκοποι,
1339 2452 1435 2503 καὶ
1478 2452 1537 2502 ὲν
1582 2454 1648 2521 τῇ
1703 2453 1902 2508 ἀναδά-

326 2532 438 2605 θρᾳ
466 2537 495 2588 ὁ
536 2537 971 2607 ἀρχιεπίσκοπος
988 2556 1002 2571 ·
1034 2541 1128 2593 καὶ
1162 2540 1373 2595 ἄνωθεν
1404 2542 1505 2609 τὴν
1538 2546 1695 2613 χεῖρα
1728 2545 1903 2599 ἐκτεί-

324 2648 438 2683 νων
488 2632 583 2684 καὶ
624 2633 943 2700 σφραγίζων
978 2634 1193 2697 τοῦτον,
1220 2636 1411 2706 φησὶν,
1444 2655 1463 2689 ι
1504 2636 1579 2695 Ἡ
1616 2639 1775 2707 χάρις
1806 2639 1899 2692 τοῦ

326 2723 604 2791 παναγίου
658 2724 977 2792 Πνεῦματος
1034 2725 1122 2778 διὰ
1176 2726 1277 2795 τῆς
1336 2728 1498 2795 ἡμῶν
1550 2730 1901 2798 μετριότητος

324 2816 740 2885 προχειρίζεταί
797 2834 855 2869 σε
915 2818 1215 2873 ἐπίσκοπον
1262 2820 1295 2890 ἢ
1354 2814 1760 2891 μητροπολίτην
1802 2821 1901 2892 τῆς

323 2907 501 2971 δεῖνα,
540 2927 559 2960 s
593 2908 687 2961 καὶ
727 2909 796 2961 τά
828 2909 994 2964 λοιπά
1014 2926 1030 2943 ο
1068 2912 1239 2965 ποιῶν
1271 2912 1504 2983 σταυρὸν
1543 2916 1600 2966 ὲν
1629 2914 1707 2983 τῷ
1735 2914 1897 2980 τέλει,

328 2999 636 3065 σημαίνων,
665 2996 741 3059 ὡς
772 2999 873 3053 οὐκ
905 3000 1087 3063 αὐτὸς,
1129 3000 1263 3055 ἀλλὰ
1304 3001 1370 3054 δι’
1404 3002 1574 3057 αὑτοῦ
1601 3006 1629 3057 ὁ
1663 3006 1901 3073 Χριστὸς

2006 1821 2199 1882 pturus
2215 1823 2293 1869 est
2307 1854 2320 1875 ,
2342 1822 2551 1869 testans
2570 1814 2851 1869 Christum
2868 1825 2919 1868 et
2933 1813 3405 1882 archiepiscopum
3419 1829 3585 1868 suum

2007 1921 2037 1959 a
2068 1919 2177 1974 quo
2208 1905 2514 1967 ordinatur,
2560 1905 2665 1960 sibi
2698 1917 2863 1975 caput
2883 1922 3024 1970 esse,
3061 1904 3192 1959 illud
3225 1905 3467 1963 inclinat.
3501 1907 3585 1961 in-

2005 1996 2304 2050 clinatione
2339 1997 2735 2066 subiectionem
2802 1998 3210 2061 demonstrans,
3263 2006 3317 2051 et
3378 1998 3579 2052 Christi

2006 2089 2193 2158 gratim
2224 2105 2346 2143 cum
2404 2090 2713 2143 humilitate
2766 2090 3160 2158 acceptionem.
3239 2090 3584 2161 Chartophy-

2004 2182 2123 2236 lace
2147 2189 2325 2235 autem
2362 2189 2580 2235 tenente
2612 2197 2736 2236 eum
2767 2182 2859 2248 qui
2891 2181 3191 2251 signandus
3216 2192 3298 2236 est
3324 2197 3421 2251 per
3470 2180 3583 2235 col-

2004 2270 2137 2332 lum.
2163 2280 2216 2326 et
2243 2273 2585 2326 exclamante
2629 2291 2644 2329 :
2686 2290 2705 2323 ι
2751 2269 2962 2335 Jubete.
2994 2290 3017 2327 s
3052 2279 3286 2342 surgunt
3313 2271 3581 2343 episcopi,

2004 2375 2057 2419 et
2083 2364 2174 2435 qui
2209 2372 2292 2419 est
2326 2363 2379 2419 in
2408 2364 2708 2419 anabathra
2739 2364 3183 2434 archiepiscopus
3213 2364 3581 2432 ;extendeus-

2004 2468 2113 2523 que
2168 2468 2389 2507 manum
2424 2454 2680 2522 desuper,
2715 2463 2769 2508 et
2800 2458 2924 2507 cum
2960 2468 3123 2508 cruce
3172 2454 3418 2524 signans,
3455 2452 3533 2507 ait
3559 2469 3578 2507 :

2010 2565 2029 2598 ι
2053 2546 2236 2600 Gratia
2253 2546 2580 2601 sanctissimi
2602 2545 2837 2614 Spiritus
2850 2560 2947 2613 per
2958 2545 3382 2599 mediocritatem
3400 2557 3577 2597 meam

2005 2645 2289 2703 promovet
2325 2644 2374 2688 te
2412 2636 2465 2688 in
2486 2636 2806 2704 episcopum
2844 2636 2928 2689 vel
2989 2634 3391 2703 metropolitam
3446 2633 3582 2687 civi-

2006 2723 2132 2777 tatis
2165 2722 2256 2787 N.,
2281 2732 2336 2778 et
2362 2724 2589 2793 reliqua.
2628 2742 2648 2776 ι
2683 2725 2743 2776 1η
2796 2724 2900 2776 [ine
2930 2734 3113 2777 autem
3149 2720 3331 2775 crucis
3364 2720 3579 2789 signum

2007 2815 2159 2880 facit,
2190 2830 2298 2884 quo
2330 2815 2669 2869 demonstrat
2697 2828 2807 2869 non
2836 2826 2918 2877 se,
2951 2813 3044 2868 sed
3074 2812 3354 2867 Christum
3382 2827 3480 2881 per
3501 2812 3585 2880 ip-

2003 2924 2122 2961 sum
2158 2908 2437 2963 ordinare.
2474 2905 2674 2963 Psaltis
2733 2915 2910 2962 autem
2971 2905 3319 2959 cantantibus
3390 2903 3523 2958 illud
3561 2925 3576 2961 :

2012 3018 2033 3051 s
2060 3003 2119 3053 In
2153 2999 2353 3055 multos
2369 3014 2566 3063 annos,
2591 2998 2808 3054 domine
2832 3017 2850 3050 ›
2880 2997 3166 3069 (orandum
3190 2989 3335 3050 enim
3357 3001 3439 3049 est
3459 3008 3583 3063 gra-

327 3090 653 3157 χειροτονεῖ.
710 3090 819 3143 Kal
869 3090 979 3144 τῶν
1032 3091 1255 3160 ψαλτῶν
1322 3094 1561 3163 ᾀδόντων
1612 3097 1714 3161 τὸ,
1748 3116 1768 3151 ι
1805 3100 1898 3162 El;

2004 3094 2136 3155 tiam
2168 3091 2262 3146 Dei
2292 3092 2448 3146 nobis
2475 3091 2692 3145 abunde
2748 3089 3133 3161 suppeditari),
3182 3084 3429 3143 ascendit
3468 3084 3579 3141 ele-

327 3179 503 3233 πολλὰ
557 3181 679 3251 ἔτη.
730 3182 973 3235 δέσποτα
999 3224 1014 3247 ,
1060 3202 1077 3235 ι
1120 3185 1344 3239 εὐκτέον
1388 3186 1498 3255 γὰρ
1536 3188 1621 3240 δεῖ
1670 3186 1901 3243 εἶναιτὸ

326 3272 687 3341 χορηγεῖσθαι
711 3273 808 3341 τὴν
846 3275 941 3326 τοῦ
982 3274 1121 3327 Θεοῦ
1158 3276 1317 3345 χάριν
1352 3278 1503 3347 ὑμῖν,
1540 3281 1567 3331 ὁ
1594 3280 1901 3350 ὑποψήφιος

326 3364 719 3437 ἀνερχόμενος,
741 3367 1099 3430 καθεσθέντος
1123 3370 1211 3421 τοῦ
1236 3372 1689 3439 ἀρχιεπισκόπου,
1715 3376 1900 3428 ἀσπά-

294 3452 483 3517 λζεται
536 3454 729 3508 τούτου
772 3456 831 3507 τὸ
870 3457 1037 3523 γόνυ,
1089 3458 1165 3513 ὡς
1213 3462 1349 3528 πρὸς
1398 3462 1531 3516 Θεὸν
1565 3463 1764 3517 κλίνων
1804 3467 1901 3519 καὶ

330 3544 416 3595 διὰ
448 3544 547 3614 τὴν
570 3544 839 3597 δουλείανο
874 3547 970 3600 καὶ
996 3548 1096 3615 τὴν
1133 3548 1317 3613 δεξιὰν
1340 3552 1414 3613 ὡς
1446 3550 1724 3619 ὑπουργὸν
1752 3552 1898 3605 θείου

329 3637 517 3706 ἔργου,
552 3638 647 3690 καὶ
678 3641 753 3701 ὡς
785 3637 974 3691 τοῦτον
1006 3642 1467 3709 χειροτονήσασαν
1492 3659 1506 3673 ’
1543 3642 1639 3695 καὶ
1667 3644 1768 3710 τὴν
1796 3660 1902 3695 πα-

332 3729 479 3793 ρειὰν
508 3728 595 3782 διὰ
618 3729 717 3799 τὴν
735 3730 793 3782 ὲν
820 3730 1039 3800 Χριστῷ
1061 3732 1290 3802 ἀγάπην
1326 3736 1421 3787 καὶ
1442 3734 1657 3790 ἕνωσιν.
1700 3735 1900 3804 ’Δπερ-

332 3820 557 3887 χόμινος
589 3821 643 3873 δὲ
696 3821 790 3873 καὶ
848 3822 986 3893 πρὸς
1040 3824 1170 3887 τοὺς
1220 3824 1639 3895 ψηφισαμένους
1671 3828 1900 3881 ἐπισκό-

332 3928 488 3980 item,
536 3912 845 3975 ἀσπάζεται
883 3914 1107 3977 τούτους
1154 3918 1297 3968 κατὰ
1344 3917 1406 3968 τὸ
1450 3918 1648 3986 στόμα,
1689 3919 1763 3981 ὡς
1794 3920 1895 3989 ἤδη

327 4004 633 4074 ἀρξάμενος
665 4006 871 4059 τούτων
906 4007 1161 4073 γενέσθαι
1196 4010 1475 4077 όμοταγὴς
1502 4048 1517 4070 ,
1558 4010 1655 4062 καὶ
1696 4010 1783 4062 διὰ
1828 4010 1898 4063 τὰ

328 4097 448 4164 ιερὰ
484 4096 686 4147 τούτων
719 4096 871 4164 χείλη
911 4097 978 4151 τὰ
1027 4098 1192 4150 αὐτὸν
1233 4097 1595 4168 ψηφισάμενα
1618 4140 1634 4164 ,
1682 4101 1777 4152 καὶ
1810 4100 1899 4155 διὰ

325 4185 425 4252 τὴν
471 4187 531 4236 ὲν
578 4185 800 4254 Χριστῷ
840 4186 1065 4253 ἀγάπην
1098 4204 1157 4240 τε
1206 4189 1303 4241 καὶ
1347 4188 1595 4258 εἰρήνην⁸
1629 4189 1727 4241 καὶ
1754 4188 1900 4243 οὕτω

232 4298 233 4301 η
325 4276 492 4330 πάλιν
538 4278 630 4329 ἐπὶ
658 4274 755 4330 τοῦ
805 4278 967 4330 ἀετοῦ
1002 4279 1319 4349 ἱστάμενος,
1352 4280 1636 4343 ὑποκλίνει
1677 4281 1778 4349 τὴν
1807 4297 1898 4334 κι-

325 4368 526 4437 φαλήν.
566 4368 674 4421 Καὶ
732 4366 826 4421 τοῦ
858 4370 1271 4438 χαρτοφύλακος
1305 4370 1557 4440 λέγοντος
1609 4371 1691 4433 τὺ.
1727 4389 1747 4424 ι
1785 4374 1897 4426 Κε-

2005 3191 2149 3249 ctus,
2175 3190 2230 3239 et
2260 3183 2485 3238 sedente
2514 3183 2929 3254 archiepiscopo
2949 3183 3095 3239 illius
3115 3182 3396 3238 osculatur
3418 3195 3580 3252 genu,

2003 3290 2126 3331 sese
2154 3274 2304 3329 velut
2336 3290 2523 3329 coram
2550 3275 2662 3331 Deo
2691 3275 2983 3340 inclinans,
3013 3284 3121 3329 tam
3156 3284 3382 3345 propter
3405 3274 3575 3330 servi-

2004 3375 2171 3420 tutem
2208 3366 2559 3422 indicandam
2584 3382 2747 3437 quam
2771 3376 2992 3437 propter
3019 3367 3298 3421 dexteram
3324 3363 3446 3435 ejus
3461 3379 3584 3435 qua:

2000 3456 2171 3512 divini
2201 3458 2386 3529 operis
2413 3466 2497 3513 est
2520 3458 2783 3527 adiutrix,
2812 3473 3046 3529 quaeque
3070 3459 3247 3527 ipsum
3279 3456 3580 3512 ordinavit.

2001 3548 2206 3604 Genam
2239 3565 2457 3620 quoque
2487 3552 2768 3606 osculatur
2799 3560 2858 3605 ut
2878 3546 3211 3607 ordinatur-is
3243 3550 3327 3604 sui
3362 3558 3585 3618 prepter

2002 3642 2324 3696 charitatem
2358 3645 2411 3695 in
2442 3642 2684 3705 Christo,
2741 3652 2795 3696 et
2846 3642 3126 3697 unionem.
3179 3641 3306 3696 Abit
3362 3655 3584 3709 quoque

2000 3731 2067 3784 ad
2100 3731 2393 3803 episcopos
2416 3732 2688 3786 electores
2718 3745 2859 3800 quos
2889 3731 2941 3785 in
3002 3746 3099 3786 ore
3158 3731 3466 3795 osculatur,
3520 3737 3584 3783 ut

1994 3826 2109 3895 jam
2142 3840 2265 3879 cum
2299 3824 2363 3878 iis
2388 3823 2658 3893 incipiens
2698 3822 2945 3893 ejusdem
2983 3837 3109 3877 esse
3168 3821 3401 3885 ordinis,
3464 3828 3580 3874 tum

1998 3916 2161 3970 etiam
2196 3921 2415 3983 propter
2440 3926 2599 3969 sacra
2627 3912 2768 3967 labia
2800 3928 2922 3981 quae
2953 3913 3128 3982 ipsum
3161 3912 3472 3980 elegerunt,
3523 3918 3581 3966 et

2000 4008 2054 4062 in
2071 4006 2289 4061 Christo
2311 4005 2630 4060 charitatem
2649 4014 2705 4059 et
2734 4020 2946 4073 pacem.
2981 4004 3073 4059 Sic
3108 4006 3309 4059 iterum
3338 4003 3405 4057 ad
3422 4002 3580 4073 aqui-

2000 4099 2107 4152 lam
2139 4097 2393 4154 subsistit
2448 4096 2628 4166 capite
2683 4095 2972 4151 inclinato.
3036 4095 3101 4153 Et
3154 4093 3580 4165 chartopbylace

1998 4191 2233 4254 dicente,
2261 4207 2281 4241 ι
2315 4188 2534 4253 Jubete,
2568 4206 2588 4241 ι
2629 4196 2865 4257 surgunt
2912 4189 3108 4243 iterum
3141 4196 3198 4242 et
3230 4189 3473 4257 episcopi
3525 4193 3581 4240 et

1999 4280 2114 4347 ipse
2144 4279 2608 4351 archiepiscopus,
2633 4280 2723 4349 qui
2756 4293 2921 4333 manu
2981 4279 3206 4334 extensa
3260 4279 3531 4334 exclamat
3561 4295 3576 4333 ι

2008 4391 2027 4425 ι
2058 4372 2245 4427 Gratia
2267 4372 2607 4429 sanctissimi
2626 4370 2865 4442 Spiritus
2882 4370 2951 4427 sit
2982 4380 3183 4438 tecum,
3209 4387 3229 4423 ι
3259 4369 3581 4441 eumquesi-

324 4458 577 4523 λεύσατε,
621 4479 639 4511 ι
668 4462 1060 4516 ὑπανίστανται
1090 4458 1247 4525 αὖθις
1275 4463 1411 4516 οἵτε
1450 4464 1765 4527 ἐπίσκοποι,
1800 4466 1896 4517 καὶ

2004 4478 2174 4534 guans
2191 4462 2436 4517 dimittit.

325 4555 488 4615 αὐτὸς
533 4557 562 4606 ὁ
606 4556 1057 4623 ἀρχιεπίσκοπος.
1147 4557 1257 4611 Kal
1311 4557 1410 4626 τὴν
1460 4560 1618 4628 χεῖρα
1662 4559 1945 4624 ἐκτείνων,
2022 4559 2303 4626 ἐκφωνεῖ·
2371 4575 2390 4610 s
2455 4556 2522 4610 'H
2570 4556 2730 4628 χάρις
2786 4554 2883 4609 τοῦ
2940 4556 3211 4624 παναγίου
3264 4554 3578 4626 Πνεύματος

323 4646 477 4699 ἔσται
541 4646 683 4714 μετά
731 4647 848 4701 σοῦ.
890 4665 908 4698 t
946 4649 1055 4701 Kal
1113 4650 1436 4718 σφραγίζων
1497 4651 1703 4720 αὐτὸν,
1758 4650 2010 4707 ἀπολύει.

898 4760 1150 4818 ΚΕΦᾹΔ.
1217 4761 1337 4818 ΣΒ’.

324 4864 455 4947 Ὀζι
487 4866 554 4917 τὸ
599 4868 850 4947 μήνυμα
894 4872 1012 4939 μὲν
1046 4876 1375 4947 συμφωνία
1423 4891 1489 4930 τε
1530 4875 1628 4947 καὶ
1681 4879 1901 4947 συμϐό-

392 4894 455 4918 νιι
487 4894 554 4917 τυ
599 4894 850 4937 partth
894 4894 1012 4939 μεν
1046 4894 1131 4927 συ

392 4939 541 5007 gata
581 4940 677 4989 καὶ
724 4941 1023 5007 ιινῆστρσ.
1105 4894 1174 5007 1f!

394 5091 499 5153 ξος
529 5075 889 5153 ἁρῤαόᾦνες,
932 5081 971 5149 ἡ
1006 5075 1293 5153 ὁμόλὸῇιά
1320 5084 1419 5137 καὶ
1453 5084 1491 5152 ἡ
1519 5075 1775 5153 σφρᾶγίξ
1803 5075 1901 5140 zeal

398 5146 431 5196 ό
461 5145 813 5214 ἀσπασμός.

399 5255 510 5307 Kal
546 5256 722 5318 οὕτως
745 5261 774 5312 ό
812 5261 915 5329 μὲν
945 5262 1252 5333 ὑποψήςροος
1282 5266 1381 5337 ἤδη
1410 5266 1540 5330 τοὺς
1570 5266 1902 5337 ἀρῤαὸῶνας

328 5345 451 5415 ἔσχε
498 5348 598 5414 τῆς
642 5350 1010 5423 Ἐκκλησίας⁶
1058 5358 1156 5409 καὶ
1212 5358 1417 5421 τέλειος
1460 5362 1720 5428 τυγχάνει
1774 5376 1881 5428 μνη

331 5439 486 5507 στῆρ,
518 5439 617 5511 τὴν
664 5446 935 5512 σφραγῖδα
972 5446 1179 5518 ταύτην
1205 5451 1326 5502 ἀντὶ⁵
1355 5450 1655 5505 δακτυλίου
1686 5451 1901 5519 λαμϐά-

329 5546 453 5594 νων,
492 5535 586 5585 καὶ
626 5534 718 5587 τον
763 5537 951 5605 ἀπαθῆ
987 5541 1082 5591 καὶ
1128 5539 1273 5610 ἱερὸν
1308 5541 1602 5609 ἀσπασμὸν
1635 5542 1898 5610 ποιούμε-

329 5639 437 5685 νος,
474 5623 548 5686 ὦς
602 5643 733 5694 φησι
773 5628 1010 5696 Παῦλος,
1046 5632 1433 5701 ἀσπαζόμενος
1466 5634 1528 5687 ὲν
1558 5634 1701 5703 ἁγίῳ
1740 5633 1898 5702 φιλήο

331 5730 484 5781 μιτι,
520 5718 611 5769 καὶ
643 5722 787 5789 χειρὶ
812 5721 915 5792 ήδη
963 5722 1064 5793 τὴν
1093 5725 1388 5795 ἐκκλησίαν
1429 5728 1895 5797 παραλαμϐάνων.

1190 4945 1302 5010 τῆς
1341 4945 1592 5013 προικὸς
1641 4947 1709 4999 δὲ
1757 4945 1905 5001 ἀπό-

396 5004 804 5084 δοσις-κιιί-ςὰ
839 5004 963 5084 θεῖα
995 5004 1297 5079 θεώρητρἁ
1337 5004 1435 5068 καὶ
1490 5017 1544 5067 οἱ
1573 5004 1700 5083 -τῆς
1742 5017 1903 5084 χάρι-

2602 4762 2830 4819 CAPUT
2869 4762 3024 4817 CCII.

2011 4878 2169 4943 Quod
2199 4879 2449 4932 solemnis
2494 4880 2817 4932 renuntiatio
2852 4878 2921 4930 sit
2972 4876 3141 4929 instar
3168 4890 3454 4928 consensus
3486 4874 3582 4927 do~

2087 4958 2451 5002 armentorum
2511 4958 2559 5001 et
2611 4950 3076 5000 instrumentorum
3127 4946 3580 5009 desponsationis:

2083 5020 2220 5071 dotis
2263 5030 2436 5072 autem
2475 5019 2713 5077 traditio.
2746 5026 3033 5084 sanctaque
3080 5031 3299 5069 munera
3332 5016 3580 5067 dotalitia

2084 5099 2133 5141 et
2185 5090 2513 5140 arrhabones
2542 5089 2732 5154 gratia:
2773 5094 2894 5139 sunt
2935 5085 3219 5153 confessio,
3252 5084 3579 5153 signaculum

2077 5158 2269 5221 crucis,
2302 5158 2664 5225 osculumque.

2078 5271 2189 5325 line
2224 5273 2387 5326 modo
2417 5272 2626 5326 electus
2650 5269 2845 5324 arrhas
2874 5267 3299 5321 matrimoniales
3326 5265 3581 5321 Ecclesiae

2003 5362 2381 5429 consequitur,
2415 5361 2581 5429 ﬁtque
2616 5358 2854 5429 perfecte
2885 5358 3030 5411 illius
3064 5372 3327 5422 sponsus,
3352 5364 3406 5411 et
3450 5372 3578 5410 cru-

2002 5450 2083 5505 cis
2118 5450 2249 5503 illud
2282 5451 2497 5518 signum
2525 5465 2625 5517 pro
2655 5448 2858 5501 annulo
2895 5446 3123 5516 nuptiali
3159 5447 3383 5517 accipit,
3413 5461 3576 5501 oscu-

1998 5543 2226 5608 lumque
2255 5556 2468 5596 sacrum
2501 5537 2694 5594 aﬂectu
2756 5541 2993 5593 humano
3041 5548 3319 5593 carentem
3386 5537 3574 5604 tradit,

2010 5641 2067 5686 ut
2098 5634 2173 5687 ait
2203 5632 2383 5696 Palus,
2418 5632 2721 5688 salutantes
2760 5633 2813 5686 in
2841 5631 3027 5685 osculo
3060 5639 3273 5695 sancto,
3297 5640 3351 5684 et
3388 5628 3571 5689 Eecle:

2008 5726 2144 5778 siam
2174 5724 2282 5795 jam
2314 5726 2411 5796 ipsi
2447 5724 2700 5780 traditam
2736 5741 2900 5780 manu
2931 5724 3149 5797 accipit.
3178 5722 3303 5779 ideo
3326 5730 3379 5777 et
3428 5722 3576 5778 iam
