4034 6192
439 260 550 321 ᾼἺῗ)

1232 262 1380 323 SYM
1394 260 1631 321 EONIS
1655 256 2435 325 TIIESSALONICENSIS
2476 262 2838 323 ARCHIEP.
2869 230 2879 243 Ι

3580 265 3682 328 ιιι

440 379 526 425 tcr
558 390 577 421 ε
615 370 777 439 Kyrie
809 368 1037 435 eleison,
1076 388 1094 422 ι
1127 369 1432 426 secundum
1477 371 1715 442 sigillum
1744 371 1802 425 fit
1855 387 2020 442 super
2048 388 2065 438 λ

2141 375 2188 426 τὰ
2222 374 2280 424 ἐν
2306 370 2455 441 αύτῷ
2489 372 2851 441 γεγραμμένα
2886 371 3120 439 ὲκφωνεϊ
3145 371 3173 421 6
3200 371 3488 440 ἀρχιερεύς
3509 389 3525 405 ·
3558 394 3578 425 t
3608 375 3671 428 Ἥ

442 475 608 532 caput
654 457 1040 516 consecrandi.

1004 770 1233 827 CAPUT
1271 773 1448 829 CCVI.

554 879 735 944 Quare
766 879 1110 966 Evangelium
1158 885 1449 966 ordinandi
1485 888 1714 956 episcopi
1749 889 1917 958 capiti

1064 967 1388 1020 imponitur.

522 1064 641 1118 Mox
677 1066 1027 1133 Evangelittm
1059 1069 1321 1134 aperitur,
1352 1070 1495 1136 quod
1525 1068 1775 1131 Christus
1805 1079 1911 1133 est,
1966 1081 2020 1127 et

451 1171 546 1223 per
575 1156 751 1224 ipsum
788 1156 1027 1211 Ecclesia
1054 1157 1173 1224 cjtts
1210 1165 1301 1224 ;et
1336 1169 1581 1224 apertum
1615 1162 1834 1229 ponitur
1856 1179 2022 1229 super

448 1256 607 1310 caput
632 1254 685 1300 et
717 1249 989 1302 cervicem
1046 1242 1356 1304 ordinandi.
1400 1252 1515 1315 Qua
1546 1253 1763 1305 actione
1815 1254 2022 1322 signiti-

445 1345 599 1409 catur
621 1336 902 1394 Christum
935 1340 1133 1395 habere
1167 1356 1264 1408 pro
1297 1342 1492 1409 capite,
1544 1344 1638 1407 qui
1704 1342 1882 1398 factus
1938 1353 2023 1401 est

447 1432 710 1486 Ecclesia:
766 1441 933 1501 caput
960 1440 1014 1487 et
1039 1436 1221 1487 omnia
1275 1450 1397 1502 quae
1427 1435 1629 1489 Christi
1683 1446 1811 1491 sunt
1867 1437 2021 1493 illum

446 1536 801 1590 cognoscere.
837 1538 1166 1592 omnemque
1198 1525 1343 1580 illius
1397 1526 1789 1593 cognitionem,
1847 1543 2024 1595 quan-

449 1623 558 1665 tum
581 1615 731 1674 licet.
750 1616 951 1669 habere
976 1632 988 1682 ;
1009 1631 1130 1668 cum
1158 1618 1521 1670 constituatur
1539 1619 1590 1672 in
1606 1634 1667 1674 ea
1690 1636 1808 1688 qua!
1825 1620 2027 1688 princi-

2117 465 2238 517 θεία
2291 464 2453 533 χάρις
2488 481 2505 514 ι
2542 465 2638 517 καὶ
2685 464 2752 517 τὰ
2788 462 2951 531 ἑξῆςο
2983 463 3079 517 καὶ
3107 461 3201 516 τοῦ
3226 503 3240 527 ,
3276 482 3295 515 ι
3336 462 3501 533 Κύριε
3531 466 3669 536 ὲλέη-

2117 572 2229 614 σον,
2270 574 2288 606 ›
2324 556 2442 622 τρίς
2477 555 2764 625 ᾀδομένου.
2801 555 2833 622 ἠ
2864 554 3096 624 δευτέρα
3153 556 3362 621 γίνεται
3395 557 3451 607 ὲν
3490 559 3552 625 τῇ
3582 574 3667 609 κε-

2118 647 2264 715 φαλῇ
2294 645 2391 699 τοῦ
2433 646 2765 715 τελουμένου
2797 646 3058 716 σφραγίς.

2705 762 2959 817 nam.
3000 761 3132 828 εις-ν.

2119 879 2287 932 Διατί
2316 877 2381 933 r6
2423 876 2798 945 Εὐαγγέλιον
2827 877 3047 929 τίθεται
3076 875 3154 942 τῇ
3182 876 3289 928 τοῦ
3323 893 3676 944 χειροτονουο

2184 980 2191 985 ε
2486 947 2677 1016 μένου
2709 946 3024 1014 ἀρχιερέως
3056 949 3251 1015 κεφαλ
3260 945 3314 1013 ᾗ.

2195 1062 2307 1116 Καὶ
2338 1061 2500 1125 εὐθὺς
2530 1061 2593 1115 τδ
2633 1060 2969 1128 Εὐαγγέλιον
2998 1059 3331 1127 ἀνοίγνυται·
3363 1061 3392 1114 6
3420 1061 3482 1128 δὴ
3508 1063 3679 1133 όΧρι-

2125 1156 2250 1221 στός
2298 1159 2435 1216 ἐστι,
2478 1155 2572 1207 καὶ
2625 1153 2697 1206 δι’
2726 1153 2893 1206 αὑτοῦ
2949 1155 2982 1215 ἢ
3028 1152 3328 1221 Ἐκκλησία
3373 1154 3555 1209 αὐτοῦ’
3594 1158 3681 1208 καὶ

2124 1249 2216 1303 ἐπὶ
2243 1249 2340 1317 τῆς
2369 1248 2614 1319 κεφαλῆς
2646 1248 2995 1320 ἀνεῳγμένον
3039 1250 3136 1302 καὶ
3168 1247 3263 1303 τοῦ
3294 1249 3564 1319 τραχήλου
3594 1251 3682 1303 τοῦ

2123 1341 2602 1411 χειροτονουμένου
2634 1340 2880 1394 τίθεταιο
2924 1339 3210 1411 δηλοῦντος
3257 1339 3352 1394 τοῦ
3399 1340 3581 1409 ἔργου,
3613 1342 3685 1405 ὡς

2124 1433 2214 1486 τὸν
2251 1431 2491 1502 Χριστὸν
2538 1430 2652 1500 ἔχει
2686 1431 2948 1505 κεφαλῂν,
2981 1430 3193 1500 κεφαλὴ
3225 1431 3321 1501 τῆς
3362 1431 3683 1499 Ἐκκλησῑας

2126 1523 2433 1593 γινόμενος,
2477 1524 2569 1575 καὶ
2601 1524 2781 1576 πάντα
2832 1522 2901 1575 τὰ
2959 1522 3052 1575 τοῦ
3088 1522 3328 1591 Χριστοῦ
3358 1523 3464 1592 χρὴ
3500 1524 3687 1576 εἰδέναι

2127 1614 2337 1677 τοῦτον,
2379 1613 2475 1667 καί
2520 1615 2700 1666 πᾶσαν
2750 1613 2893 1683 ἔχειν
2928 1611 3027 1683 τὴν
3062 1615 3264 1679 γνῶσιν
3296 1612 3461 1665 αὑτοῦ
3497 1613 3569 1674 ὡς
3605 1615 3689 1680 ἐγ-

449 1715 631 1771 patum
663 1706 783 1774 ejus
814 1716 1060 1772 Spectaut
1088 1723 1104 1759 :
1136 1722 1351 1760 omnem
1388 1719 1644 1776 praetr-rea
1677 1721 1938 1771 mentum.
1972 1720 2025 1765 et
2057 1717 2065 1771 1

2141 1694 2313 1775 (ὡρεῖ,
2348 1705 2471 1757 ἐπεὶ
2501 1706 2595 1757 καὶ
2641 1704 2771 1772 περὶ
2799 1703 2861 1756 τὸ
2893 1702 3217 1772 ἡγεμονικὸν
3247 1703 3414 1756 αὐτοῦ
3450 1704 3649 1757 τίθεται
3675 1720 3688 1735 ο

451 1798 740 1859 rationem,
766 1805 818 1848 et
853 1812 1047 1851 sensus
1081 1799 1377 1852 secundum
1408 1798 1684 1854 Christum
1740 1800 2031 1855 eﬂ‘ormare

451 1899 504 1939 et
533 1888 968 1953 accommodare,
993 1892 1227 1959 eumque
1251 1892 1516 1945 cervicem
1551 1894 1652 1945 levi
1677 1893 1876 1947 Christi
1894 1895 2029 1966 jngo

452 1981 796 2045 submittere,
840 1982 1087 2050 nihilque
1120 1998 1293 2045 agere,
1339 1994 1537 2052 praeter
1594 1986 1771 2053 ipsius
1812 1996 2033 2042 Sentcne

453 2072 581 2126 tiam
606 2089 620 2139 ;
650 2074 906 2140 quoniam
934 2074 1229 2130 Ecclesiam
1257 2076 1429 2145 ipsius
1455 2091 1623 2147 super
1644 2088 1807 2147 caput
1831 2087 1883 2133 et
1908 2095 2031 2132 cer-

455 2171 622 2218 vicem
660 2182 751 2233 per
780 2169 1131 2235 livaugelium
1165 2169 1431 2238 suscepit.
1467 2168 1544 2223 Eo
1598 2170 1761 2240 igitur
1819 2180 2031 2239 aperto,

452 2266 506 2310 et
537 2257 813 2325 imposito,
852 2259 1139 2327 sacrisque
1176 2260 1369 2317 litteris
1397 2260 1686 2315 ordinandi
1742 2262 1905 2330 capiti
1955 2263 2036 2316 iu-

455 2349 857 2412 eumbentibus.
890 2350 1176 2420 episcOpus
1200 2350 1428 2419 primam
1485 2366 1699 2420 precem
1732 2363 1989 2420 precatur
2018 2370 2033 2408 :

463 2460 482 2489 σ
513 2437 775 2493 UtHerus
805 2451 856 2495 et
884 2442 1142 2497 Dominus
1167 2443 1305 2498 lleus
1323 2452 1514 2498 noster
1545 2446 1636 2511 qui
1665 2446 1954 2499 constituit
1981 2446 2032 2498 in

463 2532 701 2587 Ecclesia
721 2534 949 2598 primum
971 2535 1268 2601 apostolos,
1285 2536 1522 2591 secundo
1539 2537 1856 2607 prophetas,
1876 2538 2037 2592 tertio

460 2622 729 2687 doctores,
754 2641 772 2674 ι
803 2632 856 2677 et
888 2624 1114 2693 reliqua,
1152 2644 1171 2675 σ
1201 2627 1409 2695 quique
1437 2626 1583 2681 hunc
1602 2628 1815 2681 vocavit
1837 2627 1901 2680 ad
1925 2627 2040 2697 epi-

459 2713 728 2780 smpalem
750 2715 1065 2783 dignitatem
1091 2730 1183 2783 per
1201 2731 1421 2770 manum
1445 2733 1616 2771 meam
1636 2727 1687 2772 et
1706 2719 2035 2788 reliquorum

457 2804 926 2873 coepiscoporum,
956 2806 1274 2859 corroboret
1310 2822 1405 2874 per
1431 2808 1724 2861 adventum
1757 2815 1814 2862 et
1868 2815 2038 2861 virtu-

463 2903 591 2958 tem,
611 2906 664 2951 et
679 2899 904 2966 gratiam
928 2899 1097 2953 sancti
1121 2898 1380 2969 Spiritus,
1400 2900 1537 2955 sicut
1556 2900 1832 2968 apostolos
1850 2915 2039 2953 corro-

463 2989 675 3043 boravit
698 2999 746 3044 et
777 2993 1087 3059 prophetas,
1115 2999 1167 3045 et
1194 3002 1356 3058 ungat
1379 2993 1837 3061 quemadmodum
1861 3007 2037 3062 rcges,

2131 1800 2227 1853 καὶ
2261 1798 2435 1851 πάντα
2463 1797 2589 1850 νοῦν
2620 1799 2714 1850 καὶ
2742 1797 2905 1865 λόγον
2933 1798 3027 1849 καὶ
3052 1798 3149 1857 τὰς
3182 1797 3469 1864 αἰσθήσεις
3498 1797 3692 1849 τυποῦν

2134 1891 2229 1943 καὶ
2256 1890 2543 1960 ῥυθμίζειν
2574 1888 2718 1941 κατὰ
2748 1889 3006 1957 Χριστὸν,
3048 1890 3140 1942 καὶ
3164 1889 3268 1941 ὑπὸ
3293 1890 3386 1941 τὸν
3416 1888 3576 1956 ζυγὸν
3608 1888 3691 1941 τοῦ

2134 1982 2376 2050 Χριστοῦ
2403 1983 2497 2034 τὸν
2534 1982 2902 2050 ἐλαφρότατον
2928 1982 3071 2050 ἔχειν
3093 1982 3185 2034 τὸν
3217 1982 3443 2050 αὐχένα,
3473 1983 3567 2035 καὶ
3603 1999 3696 2049 μη-

2134 2072 2225 2125 δὲν
2259 2074 2524 2143 πράττειν
2553 2073 2706 2141 παρὰ
2733 2069 2962 2141 γνώμην
2989 2071 3177 2136 αὑτοῦ,
3219 2072 3304 2124 ὅτι
3331 2075 3427 2127 καὶ
3455 2072 3550 2140 τὴν
3580 2070 3697 2124 Ἐκ-

2136 2165 2368 2232 κλησίαν
2416 2163 2579 2218 αὐτοῦ
2632 2163 2727 2217 ἐπὶ
2778 2163 2877 2231 τῆς
2918 2164 3165 2232 κεφαλῆς
3212 2165 3313 2218 καὶ
3356 2164 3450 2217 τοῦ
3482 2164 3700 2233 αὐχένος

2136 2258 2223 2311 διὰ
2252 2255 2347 2311 τοῦ
2384 2256 2717 2325 Εὑαγγελίου
2768 2255 3007 2323 ἐδέξατο.
3034 2256 3243 2310 Τούτου
3298 2252 3395 2311 οὖν
3424 2256 3700 2327 ἀνεῳγμέ-

2137 2370 2231 2405 νου
2275 2350 2560 2413 τεθέντος,
2603 2350 2712 2403 τῶν
2769 2350 3115 2419 γραμμάτων
3156 2351 3267 2404 τῶν
3307 2350 3472 2421 ἱερῶν
3504 2353 3700 2403 ἐπικει-

2142 2445 2319 2511 μένων
2346 2446 2411 2513 τῇ
2448 2440 2543 2495 τοῦ
2572 2441 2900 2510 τελουμένου
2932 2441 3173 2510 κεφαλῇ,
3222 2444 3249 2495 6
3278 2443 3572 2513 ἀρχιερεὺς
3604 2444 3699 2509 τὴν

2140 2536 2363 2605 πρώτην
2390 2535 2555 2604 εὐχὴν
2593 2532 2833 2603 εὔχεται·
2868 2534 2955 2586 ἵνα
2986 2531 3030 2586 '6
3062 2533 3348 2601 Δεσπότης
3386 2535 3479 2587 καὶ
3509 2533 3702 2601 Κύριος
3751 2572 3765 2580 .

2137 2629 2165 2681 6
2195 2629 2326 2690 Θεὸς
2362 2626 2518 2696 ήμῶν
2547 2628 2575 2681 6
2624 2629 2976 2694 καταστήσας
3011 2626 3067 2678 ὲν
3115 2628 3182 2697 τῇ
3225 2626 3527 2697 Ἐκκλησία
3560 2625 3705 2694 πρῶ-

2138 2739 2229 2774 τον
2284 2719 2637 2783 ἀποστόλους,
2672 2717 2927 2789 δεύτερον
2980 2719 3271 2787 προφήτας
3298 2759 3314 2783 ,
3353 2717 3532 2790 τρίτον
3565 2717 3703 2769 διδα-

2141 2816 2396 2879 σκάλους,
2453 2816 2547 2867 καὶ
2600 2811 2669 2865 τὰ
2700 2812 2889 2877 λοιπὰ,
2922 2813 2949 2864 6
2984 2812 3080 2865 καὶ
3114 2810 3307 2864 τοῦτον
3357 2813 3594 2876 καλέσας
3627 2814 3702 2874 είς

2138 2907 2238 2975 τὴν
2267 2905 2662 2976 ἀρχιερατικὴν
2688 2903 2867 2968 ἀξίαν,
2904 2902 2993 2955 διὰ
3046 2902 3231 2972 χειρδς
3268 2902 3442 2956 αὐτοῦ
3477 2904 3573 2955 καὶ
3602 2902 3702 2954 τῶν

2141 2998 2343 3051 λοιπῶν
2374 2995 2791 3049 συνεπισκόπων
2845 2996 2909 3062 τῇ
2945 2995 3295 3063 ἐπιφοιτήσει
3334 2997 3428 3048 καὶ
3479 2995 3700 3061 δυνάμει

463 3096 511 3138 et
543 3083 847 3139 sanctiﬁch
872 3094 929 3136 ut
956 3085 1231 3153 principes
1260 3084 1629 3150 sacerdotum,
1682 3094 1735 3137 et
1803 3098 1869 3138 eo
1922 3086 2039 3138 sine

2144 3088 2240 3143 καὶ
2271 3090 2455 3159 χάριτι
2483 3086 2578 3140 τοῦ
2613 3086 2770 3154 ἁγίου
2822 3085 3137 3154 Πνεύματος
3165 3084 3460 3155 ὲνισχύσῃ,
3490 3087 3563 3147 ὡς
3589 3086 3705 3139 τοὺς

468 3189 693 3244 peccato
713 3187 765 3231 et
797 3178 1002 3228 macula
1029 3185 1378 3235 conservato.
1415 3185 1467 3229 et
1489 3177 1809 3245 episcopatu
1846 3187 2042 3231 ornato

2145 3180 2474 3241 ἀποστόλους
2520 3177 2793 3245 ὲνίσχυσε,
2834 3176 2929 3228 κοιλ⁸
2977 3175 3286 3245 προφήτας,
3322 3176 3420 3227 καὶ
3449 3176 3608 3248 χρίσῃ
3638 3174 3708 3236 ὡς

468 3270 520 3322 iu
559 3270 705 3324 omni
732 3284 939 3322 mormn
969 3268 1232 3335 gravitate
1264 3276 1315 3321 et
1349 3270 1639 3321 severitate
1658 3278 1905 3322 sanctum
1959 3267 2042 3323 cf-

2144 3271 2271 3334 τοὺς
2301 3271 2564 3340 βασιλεῖς,
2602 3268 2697 3322 καὶ
2730 3268 2935 3336 ἁγιάσῃ
2989 3266 3063 3329 ὡς
3113 3266 3239 3328 τοὺς
3283 3266 3583 3336 ἀρχιερεῖς,
3619 3264 3705 3316 καὶ

470 3359 635 3421 liciat,
679 3370 736 3413 ut
771 3362 1003 3429 postulet
1035 3376 1155 3427 qua:
1185 3359 1250 3411 ad
1283 3360 1464 3427 populi
1495 3360 1723 3413 salutem
1773 3369 2041 3428 spectant,

2145 3364 2514 3431 ἀνεπίληπτον
2562 3358 2729 3413 αὑτοῦ
2755 3358 2997 3427 τηρήσας
3026 3356 3125 3427 τὴν
3166 3357 3583 3428 ἀρχιερωσύνην
3618 3374 3714 3409 κα-

466 3463 520 3506 et
552 3452 618 3506 ad
653 3452 1016 3505 obedientiam
1046 3452 1146 3520 ipsi
1203 3450 1588 3520 praestandam.
1635 3470 1652 3503 ι
1681 3450 1836 3517 Quod
1887 3452 2046 3521 equi-

2144 3453 2436 3523 τακοσμῶν
2491 3452 2550 3503 ὲν
2604 3452 2753 3522 πάσῃ
2820 3450 3158 3519 σεμνότητι,
3215 3449 3379 3512 ἅγιον
3420 3448 3707 3518 ἀναδείξῃ’

468 3546 589 3599 dem
622 3545 917 3599 maximum
945 3553 1028 3599 est
1057 3544 1258 3597 donum
1292 3560 1307 3611 ;
1351 3554 1405 3598 et
1430 3558 1614 3598 revera
1641 3544 1879 3597 maxima
1903 3545 2045 3598 dona

2147 3548 2286 3601 ὥστε
2326 3544 2594 3599 αἰτεῖσθαι
2648 3543 2715 3595 τὰ
2760 3541 2899 3609 πρὸς
2940 3542 3219 3609 σωτηρίαν
3260 3540 3360 3592 τοῦ
3420 3540 3583 3605 λαοῦ,
3621 3540 3713 3591 καὶ

475 3636 588 3690 hmc
619 3651 772 3689 sacra
807 3637 1060 3705 praecatio
1091 3635 1312 3703 praebet,
1346 3650 1467 3687 cum
1502 3633 1681 3687 tradat
1726 3634 2042 3688 ordinando

2147 3634 2447 3689 ὑπακούειν
2483 3632 2647 3687 αὐτὸν
2680 3630 2880 3687 αὐτοῦ’
2915 3628 2942 3682 6
2973 3628 3034 3698 δὴ
3064 3629 3124 3680 τὸ
3161 3629 3424 3699 μέγιστόν
3475 3632 3587 3682 ἐστι
3622 3626 3717 3680 δὼ-

473 3730 845 3796 ap'ostolurum
882 3737 935 3781 et
962 3727 1345 3795 prophetarum
1384 3724 1664 3779 virtutem.
1705 3725 2049 3794 Quapropter

2153 3744 2324 3799 ρημα.
2362 3725 2467 3778 Kal.
2515 3724 2683 3785 ὅντως
2723 3722 2959 3793 μέγιστα
2995 3720 3116 3772 λίαν
3148 3719 3459 3790 παρέχεται
3510 3720 3713 3789 δῶραή
3808 3792 3811 3795 ἰ

474 3818 719 3889 episcopi
773 3817 935 3872 donis
998 3815 1187 3886 gratiae
1240 3814 1554 3884 apostolicis
1611 3823 1666 3868 et
1716 3814 2050 3885 propheticis

2154 3819 2275 3886 ίερὰ
2302 3816 2440 3882 αὕτη
2471 3814 2630 3884 εὐχὴ.
2659 3813 2759 3882 τὴν
2793 3811 2946 3881 ἰσχὺν
2977 3810 3085 3862 τῶν
3108 3810 3437 3863 ἀποστόλων
3462 3812 3552 3863 καὶ
3586 3825 3715 3878 προ-

476 3913 755 3967 l‘ruuntur.
800 3911 957 3965 lluuc
1006 3918 1189 3964 autem
1252 3909 1592 3979 ungendum,
1648 3907 1851 3976 inquit,
1883 3925 1902 3958 t
1943 3922 2047 3959 non

2153 3910 2338 3981 φητῶν
2367 3907 2443 3977 τῷ
2465 3904 2929 3977 χειροτονουμένῳ
2967 3901 3206 3955 διδοῦσα.
3238 3901 3334 3953 Διὸ
3367 3904 3460 3954 καὶ
3489 3904 3716 3954 ἀποσκο-

472 4016 630 4054 secus
664 4016 727 4055 ac
756 4015 908 4068 reges
941 4015 956 4064 ;
994 4016 1013 4049 ι
1043 3997 1298 4066 quoniam
1332 3996 1409 4051 illi
1438 3995 1783 4067 angebantur
1829 3990 1949 4049 oleo
1998 4004 2055 4049 et

2153 4000 2282 4055 λικὰ
2334 4002 2429 4052 καὶ
2478 3995 2795 4066 προφητικὰ
2824 3994 2874 4045 οί
2914 3995 3197 4063 ἀρχιερεῖς
3257 3993 3580 4062 χαρίσματα
3634 3989 3719 4042 κέ-

473 4092 665 4159 spiritu
701 4108 713 4158 ;
743 4099 795 4143 et
823 4104 966 4144 nunc
992 4089 1151 4142 etiam
1191 4101 1346 4157 reges
1375 4094 1653 4154 unguntur
1677 4084 1745 4138 ab
1772 4082 2047 4147 Ecclesia,

370 4178 387 4191 ’
476 4183 836 4250 principatum
852 4182 920 4234 ah
937 4196 995 4235 ea
1020 4180 1400 4247 suscipientes.
1419 4174 1668 4246 Episcopi
1696 4192 1913 4247 quoque
1932 4191 2053 4245 pro-

479 4282 949 4345 pterpotestatemo
975 4280 994 4325 t
1018 4271 1375 4337 principatum
1393 4271 1564 4338 gratia
1586 4268 1824 4337 Spiritus
1844 4283 2054 4336 ungun-

480 4379 569 4421 tur
594 4385 607 4420 :
640 4386 656 4417 t
684 4366 995 4418 Constitues
1010 4378 1127 4425 eos,
1149 4362 1324 4427 inquit
1342 4360 1646 4427 Scriptura,
1669 4360 1941 4427 principes
1958 4374 2047 4412 su-

481 4474 576 4527 per
602 4472 819 4511 omnem
850 4464 1073 4509 terram.
1111 4472 1128 4502 »
1157 4450 1473 4507 Sanctificat
1513 4458 1695 4505 autem
1732 4465 1855 4504 eum
1905 4450 2049 4504 sicut

482 4548 756 4620 principes
786 4547 1153 4611 sacerdotum,
1183 4552 1238 4597 et
1272 4543 1526 4610 antiquos
1579 4542 1701 4596 illos
1762 4540 2049 4594 Melchise-

483 4644 641 4706 dech,
666 4641 843 4693 Aaron
869 4648 922 4692 et
946 4636 1161 4691 Samuel
1187 4654 1201 4703 ;
1227 4645 1284 4689 ut
1308 4637 1474 4689 etiam
1500 4633 1775 4703 apostolos
1804 4648 1942 4701 quos
1968 4650 2055 4688 sa-

482 4749 607 4790 cros
642 4733 827 4803 gratia:
850 4730 1126 4800 principes
1155 4740 1209 4782 et
1237 4734 1439 4797 mystas
1470 4725 1779 4791 constituit,
1807 4735 1865 4778 ut
1896 4725 1949 4778 in
1975 4726 2056 4777 al-

484 4838 604 4881 tare
627 4840 927 4894 supernum
960 4820 1315 4891 ingrediatur,
1347 4826 1399 4873 et
1422 4818 1634 4886 Aguum
1660 4818 1931 4872 viventem
1961 4832 2053 4871 sa-

484 4922 715 4986 crilit‘et,
735 4928 791 4972 et.
805 4932 901 4987 pro
915 4914 1167 4969 omnibus
1183 4912 1503 4982 prepitietur
1526 4927 1543 4977 ;
1562 4918 1723 4979 atque
1742 4916 1801 4962 ut
1819 4909 2062 4962 sanetili-

486 5008 1003 5080 catusingrediatur
1033 5006 1085 5058 iu
1120 5004 1319 5058 Sancta
1344 5011 1683 5062 sanctorum,
1718 5009 1770 5052 et
1789 5014 1910 5068 qua:
1941 5011 2063 5052 vere

488 5117 674 5159 saneta
703 5113 852 5161 sunt.
880 5107 1157 5170 operetur,
1187 5104 1618 5164 permaneatque
1657 5092 1745 5145 Ι)ιεὶ
1802 5090 2064 5145 sacerdos

490 5193 987 5263 irrepreheusihilis
1008 5199 1060 5246 et
1085 5189 1492 5247 immaculatus,
1521 5185 1669 5239 omni
1722 5185 1955 5254 puritate
2011 5187 2066 5234 et

491 5305 706 5361 utut-um
766 5288 1030 5357 gravitate
1085 5293 1336 5345 ornatus,
1397 5282 1849 5347 demonstretque
1903 5280 2063 5330 linem

493 5396 743 5442 sanctum
772 5384 862 5438 Dei
895 5384 1181 5439 sanctitate
1205 5390 1254 5436 et
1284 5381 1457 5452 gratia
1486 5377 1845 5433 cumulatum.

2158 4109 2410 4162 κτηνται.
2449 4090 2652 4158 Χρίσαι
2696 4087 2755 4139 δὲ
2784 4084 2974 4138 τοῦτον
3007 4086 3170 4152 φησιν
3196 4083 3269 4146 ὡς
3298 4083 3717 4169 τοὺςρασιὶείς,

2153 4186 2238 4239 ὅτι
2266 4182 2360 4234 καὶ
2386 4180 2531 4233 οὗτοι
2562 4179 2812 4248 ἐχρίοντο
2837 4177 3002 4245 ἐλαίῳ
3031 4177 3121 4227 καὶ
3154 4174 3463 4243 Πνεύματι.
3500 4174 3604 4227 Καὶ
3631 4172 3719 4224 νῦν

2153 4275 2199 4327 οἱ
2244 4272 2479 4339 βασιλεῖς
2523 4271 2768 4341 χρίονται
2799 4272 2946 4339 παρὰ
2982 4269 3081 4338 τῆς
3122 4269 3488 4339 Ἐκκλησίας,
3521 4268 3581 4320 τὸ
3624 4268 3722 4334 ἁρ-

2154 4380 2340 4434 χοντες
2375 4358 2515 4413 εἶναι
2575 4359 2705 4430 παρ’
2737 4360 2904 4427 αὐτῆς
2953 4357 3323 4426 λαμϐάνοντες
3350 4374 3366 4389 ’
3404 4358 3500 4410 καὶ
3539 4358 3588 4410 οί
3628 4359 3719 4423 ἀρε

2156 4456 2360 4525 χιερεῖς
2406 4452 2463 4507 δὲ
2501 4452 2589 4506 διὰ
2647 4450 2747 4521 τὴν
2796 4450 3049 4516 ἐξουσίαν
3100 4451 3195 4502 καὶ
3256 4448 3359 4519 τὴν
3415 4450 3599 4520 ἀρχὴν
3632 4446 3720 4499 τοῦ

2156 4545 2520 4614 Πνεύματος,
2582 4545 2646 4613 τῇ
2702 4543 2890 4611 χάριτι
2941 4541 3254 4611 χριόμενοι.
3290 4559 3308 4591 t
3348 4543 3725 4608 Καταστήσεις

2155 4640 2265 4708 γὰρ
2291 4638 2513 4699 αὐτοὺς,
2550 4635 2742 4705 φησὶν,
2769 4634 3036 4703 ἄρχοντας
3069 4632 3163 4683 ἐπὶ
3197 4633 3381 4684 πᾶσαν
3412 4631 3513 4702 τὴν
3546 4632 3663 4700 γῆν.
3701 4647 3719 4681 ι

2165 4730 2414 4798 Ἀγιὰζει
2459 4728 2519 4782 δὲ
2565 4725 2756 4780 τοῦτον
2798 4724 2875 4788 ὡς
2919 4724 3046 4786 τοὺς
3096 4724 3417 4794 ἀρχιερεῖς,
3457 4725 3553 4777 καὶ
3604 4723 3726 4784 τοὺς

2155 4823 2323 4875 πάλαι
2366 4818 2464 4887 μὲν
2499 4815 2783 4880 ἐκείνους,
2834 4816 2925 4866 τον
2970 4814 3342 4882 Μελχισεδὲκ,
3382 4815 3475 4867 τδν
3516 4812 3726 4883 Ἀαρών

2156 4927 2217 4962 τε
2265 4908 2361 4960 καὶ
2413 4903 2692 4974 Σαμουὴλ,
2747 4903 2884 4957 ἀλλὰ
2933 4901 3028 4956 καὶ
3075 4902 3206 4965 τοὺς
3254 4902 3592 4963 ἀποστόλους
3638 4899 3729 4954 καὶ

2160 4999 2424 5067 ίερὰρχας
2478 4995 2579 5059 τῆς
2630 4993 2879 5063 χάριτος,
2932 4992 3074 5060 ὑπὲρ
3102 4992 3192 5044 τὸν
3226 4992 3392 5062 νόμον
3432 4991 3727 5055 καθιστῶν,

2160 5088 2301 5142 ὥστε
2359 5087 2439 5149 είς
2483 5085 2544 5140 τδ
2596 5086 2713 5139 ἄνω
2766 5084 3159 5155 θυσιαστήριον
3209 5084 3461 5149 εἰσιέναι,
3493 5083 3589 5137 καὶ
3638 5082 3731 5135 τὸν

2161 5181 2336 5244 ζῶντα
2368 5177 2518 5231 θύειν
2553 5177 2746 5247 ἀμνὸν,
2780 5178 2875 5229 καὶ
2920 5177 3064 5247 ὑπὲρ
3093 5177 3312 5229 πάντων
3362 5174 3690 5230 ἱλάσκεσθαι
3711 5211 3728 5237 ,

2164 5274 2256 5323 καὶ
2294 5271 2454 5340 160
2487 5268 2822 5341 ἡγιασμένον
2880 5266 3057 5334 εἶναι,
3110 5268 3185 5331 ὡς
3230 5268 3296 5322 ἂν
3349 5269 3432 5331 είς
3468 5270 3536 5322 τὰ
3567 5268 3732 5332 Ἅγια

2166 5367 2275 5421 τῶν
2324 5367 2497 5435 ἁγίων
2548 5366 2868 5437 εἰσέρχηται
2930 5367 3024 5419 καὶ
3082 5367 3223 5420 αύτὰ
3274 5365 3342 5421 τὰ
3397 5366 3571 5426 ὅντως
3605 5364 3731 5430 ἅγια

494 5481 687 5550 ἐνεργῇ
738 5477 829 5528 καὶ
869 5475 1235 5543 ἀνεπίληπτον
1276 5474 1439 5525 αὑτὸν
1505 5470 1688 5541 μένειν
1738 5467 1888 5537 ἱερέα
1935 5463 2094 5527 Θεοῦ,
2132 5462 2229 5515 καὶ
2285 5462 2759 5531 κατακοσμεῖσθαι
2826 5459 2977 5531 πάσῃ
3028 5460 3357 5530 σεμνότητι·
3418 5459 3514 5510 καὶ
3583 5457 3736 5517 τέλος

494 5574 647 5642 ἓγιον
679 5567 972 5634 ἀναδεῖξαι,
1005 5567 1438 5637 πεπληρωμένον
1471 5565 1569 5635 τῆς
1596 5562 1728 5619 Θεοῦ
1753 5559 2051 5630 Δἁγιότητός
2078 5574 2137 5610 τε
2177 5562 2267 5611 καῖ
2305 5558 2549 5628 χάριτος.
