4034 6192
309 347 402 411 ili

782 518 787 521 ‹
866 477 1120 533 ΚΕΦᾹᾹ.
1191 472 1305 529 ΣΖ’.

308 620 463 675 Διατί
486 617 595 671 τὸν
607 613 904 684 ἀρχιερέα,
932 637 948 664 ι
977 612 1250 684 Δ-ἐσετοτᾳ
1276 609 1404 678 ἅγιε
1423 626 1457 684 Δι
1486 607 1739 676 λέγουσι
1771 606 1871 659 καὶ

577 679 849 755 percitur
875 682 1035 747 αὑτῷ
1068 682 1178 747 τὴν
1204 679 1580 747 ἁγιωσύνην.

376 800 479 854 Διὰ
519 797 679 851 τοῦτο
716 796 824 864 γὰρ
860 793 993 857 καὶ,
1040 809 1059 843 ι
1095 792 1344 845 Δέσποτα
1379 788 1541 857 ἅγιε,
1577 804 1595 839 ι
1635 787 1731 840 καὶ
1783 802 1878 855 με·

309 896 480 963 γάὶην
528 890 677 959 αὐτῷ
726 890 825 957 τὴν
875 884 1190 952 ἁγιωσύνην
1246 882 1525 950 λέγουσιν,
1563 878 1752 947 ἐπειδὴ
1782 877 1879 931 καὶ

312 990 415 1048 τοῖς
444 985 626 1044 ἄλλοις
659 981 757 1051 μὲν
788 978 1027 1049 ἱερεῦσιν
1058 973 1342 1043 ἁγιωσύνη
1371 973 1492 1024 ἐστὶ⁵
1522 972 1620 1038 τῆς
1654 970 1878 1039 χάριτος

308 1071 697 1140 ἁγιαζομένοις
752 1071 810 1119 ἐν
844 1067 1126 1134 ιινεύματι
1153 1103 1166 1127 ,
1206 1061 1502 1131 ἐξαιρέτως
1556 1060 1612 1112 δὲ
1668 1058 1746 1127 τῷ
1781 1060 1881 1127 ἁρ-

308 1163 503 1231 χεερεῖ,
543 1157 1015 1228 χειροτονουμὲνῳ
1052 1155 1108 1205 ἐν
1148 1152 1429 1221 Πνεύματι
1459 1152 1622 1221 ἁγίῳ.
1652 1150 1760 1202 Καὶ
1792 1148 1879 1200 τὶν

308 1254 533 1323 βασιλέα
561 1253 618 1304 δέ
645 1252 817 1319 χρίων
851 1251 878 1302 ὁ
920 1249 1219 1318 ἀρχιερεὺς
1270 1246 1427 1312 ἅγιον
1461 1241 1836 1311 ἁνακηρύττει
1861 1256 1877 1272 ο

309 1347 441 1401 ι).λά
474 1346 624 1414 μόνῳ
649 1343 798 1410 λόγῳ
823 1344 890 1411 τῇ
922 1338 1258 1410 ἀνακηρύξει
1288 1337 1425 1406 φησί
1448 1336 1538 1388 διὰ
1569 1336 1635 1386 τὸ
1668 1334 1880 1404 χρίσμα

308 1439 365 1491 τὸ
426 1437 588 1505 ἅγιον
642 1435 738 1489 τοῦ
801 1432 951 1504 ἱεροῦ
1008 1431 1208 1502 μύρου,
1256 1429 1314 1495 ἐξ
1355 1446 1418 1481 ου
1449 1427 1513 1497 δὴ
1544 1429 1638 1480 καὶ
1680 1427 1880 1486 πάντες

303 1530 490 1582 πιστοὶ
516 1528 783 1597 χρίονται,
830 1527 924 1578 καὶ
950 1522 1098 1589 ἅγιοι
1154 1521 1537 1589 ὀνομάζονται.
1575 1535 1594 1568 ι
1633 1518 1884 1585 Ἀδελφο)⁵

300 1621 479 1689 ἅγιοι,
515 1617 727 1679 Παῦλός
763 1631 919 1685 φησι,
948 1613 1197 1683 κλήσεως
1224 1609 1552 1679 ἐπουρανίου
1580 1608 1825 1678 μέτοχοι.
1858 1625 1877 1658 ι

304 1738 377 1750 -
396 1728 415 1762 ι
443 1710 550 1763 Τὸν
581 1708 846 1778 ἀρχιερέα
871 1706 927 1759 δὲ
956 1703 1258 1768 ἀνάδειξον,
1284 1703 1475 1771 φησὶν,
1509 1699 1687 1765 ἅγιον.
1719 1718 1738 1751 ι
1774 1698 1885 1753 Καὶ

298 1800 455 1853 οὕτω
481 1798 775 1868 χειροτονεῖ
801 1798 922 1858 ταῖς
966 1795 1152 1864 εὐχαῖς
1181 1792 1356 1861 ἅγιον.
1397 1792 1505 1844 Καὶ
1538 1794 1565 1844 ὁ
1600 1792 1696 1859 μέν
1726 1789 1891 1859 βασι-α

301 1893 434 1953 λεύς
458 1893 527 1942 τὰ
544 1891 639 1959 τῆς
662 1888 961 1957 ἱερωσύνης
981 1886 1084 1938 οὐκ
1129 1885 1265 1955 ἔχει,
1299 1885 1418 1937 οὐδὲ
1436 1886 1505 1938 τὰ
1524 1884 1633 1936 τῶν
1651 1883 1883 1936 ἀποστό-

301 1982 418 2033 λων
447 1981 543 2032 καὶ
570 1978 865 2049 προφητῶν
893 1980 987 2028 καὶ
1035 1973 1371 2028 δ.δασκάλων
1400 1974 1719 2044 χαρίσματα
1739 1991 1751 2004 ·
1782 1973 1881 2043 μό-
1918 1992 1923 1997 λ

300 2090 400 2126 νον
428 2071 487 2123 δὲ
515 2068 912 2139 ἀναγορεύεται
947 2066 1105 2135 ἅγιος
1140 2067 1207 2137 τῇ
1238 2068 1418 2136 χρίσει
1451 2063 1546 2118 τοῦ
1586 2062 1785 2134 μύρου.
1822 2064 1882 2118 ’0

300 2163 363 2216 δὲ
424 2162 715 2231 ἀρχιερεὺς
772 2158 871 2211 σὺν
932 2157 1119 2218 αὐτοῖς
1168 2159 1282 2219 τοῖς
1336 2156 1644 2227 χαρίσμασι
1680 2156 1775 2209 καὶ
1822 2156 1885 2208 τὸ

304 2258 471 2324 ἅγιος
517 2251 655 2306 εἶναι
684 2252 772 2303 διὰ
802 2250 913 2302 τῶν
948 2247 1122 2317 εὐχῶν
1154 2249 1253 2316 τῆς
1280 2251 1620 2319 χειροτονίας
1665 2248 1881 2318 λαμϐά-

302 2362 429 2401 νει·
478 2345 539 2397 τὸ
574 2343 631 2396 δὲ
677 2341 886 2412 μεῖζον,
940 2341 1028 2392 ἵνα
1088 2340 1183 2390 καὶ
1225 2338 1311 2407 ἐφ’
1340 2334 1421 2400 οἷς
1461 2339 1601 2409 ὑπὲρ
1641 2340 1741 2406 τῆς
1787 2338 1883 2391 τοῦ

301 2439 450 2495 λαοῦ
478 2437 757 2507 σωτηρίας
797 2436 1033 2489 αἰτεῖται
1069 2431 1545 2503 καθυπακούηται.
1590 2433 1777 2487 Ταῦτα
1805 2436 1882 2486 εἰσ

305 2532 498 2603 ρηκὼς
523 2572 541 2598 ,
580 2530 855 2600 ἐκφωνεῖ,
899 2545 917 2579 ι
957 2527 1084 2597 Ὀτι
1118 2526 1376 2597 ήγίασταί
1417 2542 1512 2579 σου
1559 2528 1619 2579 τὸ
1668 2526 1841 2597 ὄνομα
1867 2567 1885 2595 ,

302 2623 630 2688 δεδόξασταί
662 2639 756 2675 σου
787 2623 818 2691 ή
855 2620 1125 2690 βασιλεία·
1171 2637 1190 2671 ι
1227 2619 1313 2671 ὃτι
1345 2618 1505 2689 μόνος
1536 2619 1698 2688 φύσει
1729 2620 1884 2686 ἆγιος

301 2719 329 2768 ό
362 2716 504 2777 Θεὸς
552 2716 650 2765 καὶ
685 2712 1085 2779 δεδοξασμένος·
1114 2712 1270 2775 ἐστὶ,
1309 2710 1404 2763 καὶ
1438 2710 1601 2774 αὐτὸς
1632 2713 1659 2764 ὁ
1713 2711 1885 2777 ἁγιά-

304 2809 425 2873 ζων
459 2805 557 2857 καὶ
586 2804 847 2870 δοξάζων,
881 2804 978 2855 καὶ
1014 2802 1175 2871 μόνος
1229 2800 1304 2853 ὣν
1351 2801 1604 2871 βασιλεὺς
1638 2803 1733 2856 καὶ
1780 2804 1885 2875 ἀρ-

305 2898 555 2968 χιερεύς.
591 2897 699 2973 Καὶ
741 2895 1024 2963 ἐκφωνῶν,
1076 2895 1309 2963 ἀνυμνεῖ
1351 2892 1448 2955 τὴν
1490 2894 1719 2963 ἰ’ριὰδα,
1755 2898 1888 2965 παρ’

304 2987 376 3061 ἧς
412 2990 593 3042 πάντα
626 2989 882 3054 τελεῖται,
913 2987 1010 3041 καὶ
1058 2983 1124 3057 ἧς
1160 2988 1227 3039 τὰ
1274 2985 1508 3039 τοιαῦτα
1558 2988 1886 3056 δωρήματα.

318 3082 489 3137 Ἀλλὰ
513 3088 609 3134 καί
642 3084 675 3151 ή
711 3081 1000 3150 ἐπίκλησις
1030 3082 1129 3149 τῆς
1162 3077 1398 3148 Τριαδος
1429 3078 1505 3140 ὡς
1539 3080 1634 3131 καὶ
1660 3080 1755 3131 ἐπὶ
1793 3077 1886 3130 τοῦ

1333 342 1435 403 DE
1477 341 1746 401 SACRIS
1776 335 2471 402 URDINATlONlBUS.

3448 323 3553 387 413

2537 464 2765 521 CAPUT
2804 461 3004 519 CCVII.

1979 607 2157 672 Quare
2200 607 2492 671 episcopum
2519 604 2862 670 alloquentes.
2900 617 2917 650 ι
2948 597 3201 653 Sanctum
3228 596 3500 672 dominum
3534 614 3553 647 ι

1983 669 2316 744 ξιιιιηειιροηι
2346 669 2396 728 et
2419 690 2659 743 magnam
2694 673 2772 724 illi
2818 672 3055 724 tribuunt
3087 669 3518 722 sanctimoniam.

2048 790 2280 860 Propter
2326 790 2429 844 hoc
2459 788 2627 852 enim,
2667 805 2685 837 ι
2729 785 2954 840 Domine
2988 796 3200 845 sancte,
3245 800 3265 833 ι
3303 797 3552 851 magnam

1979 882 2175 937 dicunt
2215 896 2342 936 esse
2376 880 2524 934 illius
2556 878 2999 939 sanctimoniam,
3027 872 3469 944 quandoquidem
3504 881 3560 924 et

1981 974 2104 1030 aliis
2130 973 2465 1043 presbyteris
2497 970 2864 1031 sanctimonia
2896 969 3037 1022 inest
3074 953 3264 1037 gratiae
3313 980 3405 1034 per
3440 964 3559 1031 Spi-

1978 1068 2148 1121 ritum
2182 1064 2581 1120 sanctiﬁcantis
2606 1103 2624 1129 ,
2685 1064 2989 1132 praesertim
3019 1074 3147 1114 vero
3182 1058 3440 1127 episcopo
3464 1059 3556 1124 qui

1982 1166 2208 1215 sanctus
2241 1160 2548 1213 ordinatur.
2584 1155 2892 1227 Episcopus
2929 1132 3555 1217 autenfimperatorem

1982 1266 2213 1321 ungens,
2240 1266 2363 1305 eum
2389 1260 2641 1304 sanctum
2668 1250 2990 1318 proclamat,
3024 1246 3118 1300 sed
3153 1245 3321 1299 verbo
3347 1252 3556 1297 tantum

1984 1341 2089 1396 boc
2120 1356 2214 1410 per
2248 1341 2735 1410 proclamationem
2788 1339 2941 1403 dicit,
2972 1346 3195 1405 propter
3243 1337 3555 1389 unctionem

1984 1431 2128 1485 sacri
2191 1431 2413 1501 ungenti
2475 1430 2815 1492 chrismatis,
2867 1443 2897 1482 a
2950 1444 3061 1497 quo
3116 1426 3301 1480 ﬁdeles
3367 1439 3560 1480 omnes

1984 1529 2039 1577 et
2101 1530 2385 1591 unguntur
2438 1531 2493 1576 et
2542 1521 2715 1577 sancti
2772 1519 3225 1573 denominantur.
3285 1536 3306 1568 ‹
3340 1515 3561 1569 Fratres

1985 1615 2187 1677 sancti,
2244 1614 2422 1682 inquit
2456 1613 2683 1680 Paulus,
2715 1613 3020 1667 vocationis
3047 1610 3289 1665 caelestis
3340 1607 3563 1676 partici-

1988 1719 2106 1773 pes.
2134 1723 2258 1756 ι--ι
2284 1703 2453 1758 Efﬁce
2480 1704 2656 1767 illum,
2676 1706 2876 1774 inquit,
2894 1707 3211 1775 episcopum
3232 1711 3503 1763 sanctum,
3534 1715 3554 1748 ι

1990 1805 2043 1852 et
2072 1798 2144 1852 ita
2180 1798 2331 1852 illum
2367 1797 2585 1852 ordinat
2633 1796 2889 1865 precibus
2940 1796 3239 1852 sanctitate
3270 1793 3559 1846 donatum.

1985 1886 2285 1957 Imperator
2312 1887 2567 1957 equidem
2594 1902 2717 1956 quae
2744 1896 2873 1941 sunt
2904 1886 3196 1940 sacerdotii
3232 1900 3342 1938 non
3374 1885 3558 1949 habet,

1986 1991 2164 2046 neque
2220 1978 2620 2046 apostolorum,
2656 1978 3092 2047 prophetarum,
3146 1985 3239 2029 aut
3267 1974 3548 2029 doctorum

1984 2069 2148 2125 dona.
2182 2068 2369 2123 Solum
2422 2071 2770 2123 renuntiatur
2829 2068 3079 2139 pontifex
3117 2067 3370 2123 unctione
3409 2054 3558 2123 ebri-

1987 2161 2180 2215 smatis
2215 2162 2231 2214 τ
2267 2174 2455 2214 verum
2481 2159 2773 2228 episcOpus
2807 2174 2902 2229 per
2952 2174 3143 2228 preces
3191 2158 3559 2213 ordinationis

1987 2252 2185 2322 accipit
2215 2267 2338 2307 cum
2374 2251 2510 2320 ipsis
2535 2252 2697 2307 donis
2737 2260 2790 2306 et
2820 2246 3071 2305 sanctum
3109 2266 3232 2307 esse
3258 2289 3274 2316 ,
3314 2262 3368 2305 et
3410 2250 3553 2320 quod

1987 2344 2162 2414 majus
2205 2352 2327 2410 est,
2362 2353 2420 2399 ut
2456 2345 2507 2398 in
2542 2344 2610 2399 iis
2657 2360 2777 2414 qua:
2808 2359 2905 2414 pro
2967 2342 3217 2413 alicuius
3250 2343 3424 2417 salute
3466 2359 3561 2412 po-

1988 2437 2301 2501 stulaverit,
2331 2437 2675 2493 exaudiatur.
2714 2437 2839 2492 llaec
2868 2450 2993 2491 cum
3033 2436 3252 2501 dixerit,
3285 2434 3392 2488 alta
3432 2450 3562 2488 voce

1990 2535 2308 2600 pronuntiat
2354 2531 2622 2585 orationis
2675 2530 3087 2585 conclusionem
3135 2545 3151 2583 :
3213 2546 3231 2578 ι
3289 2529 3557 2593 Quoniam

1988 2624 2388 2695 sanctificatum
2448 2630 2534 2677 est
2586 2638 2784 2695 nomen
2839 2630 3015 2684 tuum,
3070 2619 3430 2687 glorificatum
3479 2628 3564 2672 est

1990 2728 2212 2783 regnum
2264 2724 2434 2767 tuum.
2472 2731 2492 2764 ι
2528 2714 2668 2780 Quia
2722 2714 2874 2768 solus
2916 2720 3002 2766 est
3036 2722 3228 2766 natura
3256 2702 3396 2766 Deus
3428 2725 3561 2763 sau-

1991 2815 2110 2861 ctus
2136 2843 2152 2869 ,
2193 2813 2245 2860 et
2281 2805 2619 2875 gloriﬁcatus
2680 2822 2695 2859 :
2735 2805 2853 2874 ipse
2908 2818 3125 2874 quoque
3174 2810 3259 2857 est
3288 2802 3381 2871 qui
3427 2817 3562 2855 san-

1989 2897 2211 2963 etiﬁcat,
2246 2906 2299 2952 et
2328 2896 2626 2968 gloriﬁcat,
2662 2898 2863 2967 quique
2907 2912 3001 2950 rex
3033 2896 3186 2950 solus
3219 2903 3303 2950 est
3337 2903 3394 2949 et
3436 2896 3559 2963 epi-

1989 3003 2209 3060 scopus.
2231 2990 2426 3045 Postea
2445 2991 2764 3046 exclamans
2794 2989 2982 3045 laudat
3003 2987 3352 3054 Trinitatem,
3388 3002 3420 3040 a
3449 3004 3557 3055 qua

1991 3083 2176 3136 omnia
2232 3091 2648 3147 consecrantur,
2682 3092 2739 3137 et
2765 3068 2768 3071 Α
2797 3083 2954 3151 cujus
2999 3091 3127 3135 sunt
3170 3082 3353 3136 omnia
3419 3080 3565 3147 ejus-

309 3175 698 3245 βαπτίσματος
737 3173 1113 3243 τελεσιουργεῖ
1156 3174 1253 3226 καὶ
1280 3172 1519 3227 ἐνταῦθα
1552 3172 1646 3225 καὶ
1689 3176 1747 3227 ἐν
1778 3177 1885 3228 πά-

1994 3174 2139 3229 modi
2172 3175 2335 3230 dona.
2380 3174 2581 3231 Verum
2613 3178 2759 3231 enim
2793 3192 2923 3230 vero
2955 3174 3241 3230 Trinitatis
3291 3174 3564 3228 invocatio

310 3284 442 3330 σαις
472 3267 648 3336 ἱεραῖς
676 3265 947 3328 τελεταῖς.

262 3623 273 3631 μ
382 3552 525 3611 Εἶτα
556 3553 708 3625 παρὰ
753 3553 847 3607 τοῦ
878 3551 1096 3625 πρώτου
1126 3552 1235 3606 τῶν
1266 3552 1536 3608 συνόντων
1582 3549 1888 3622 ἀρχιερέων

312 3651 369 3702 αἰ
421 3649 671 3718 αἰτήσεις
721 3646 945 3709 εἰκότως
982 3644 1236 3713 λέγονται
1266 3685 1280 3709 ,
1311 3645 1454 3699 κατὰ
1489 3643 1679 3697 τοῦτον
1706 3644 1769 3712 δὴ
1798 3642 1891 3693 τὸν

321 3743 507 3812 καιρὸν
534 3784 549 3805 ,
584 3740 726 3809 ὑπὲρ
762 3739 858 3809 τῆς
915 3739 1122 3793 ἄνωθεν
1169 3736 1398 3806 εἰρήνης
1459 3737 1554 3790 καὶ
1608 3734 1889 3805 σωτηρίας

324 3834 577 3886 ἁπάντων
604 3869 620 3893 ,
673 3829 766 3884 τοῦ
808 3828 1244 3901 ἀρχιεπισκόπου
1296 3828 1372 3891 ὡς
1422 3826 1778 3897 ἐνεργοῦντος
1826 3831 1889 3877 τὸ

318 3924 597 3975 θειότατον
639 3919 825 3990 ἔργον,
856 3922 953 3973 καὶ
996 3920 1091 3972 τοῦ
1122 3919 1286 3989 ἔργου
1326 3918 1435 3972 τῶν
1464 3916 1667 3987 χειρῶν
1696 3913 1884 3981 αὐτοῦ,

310 4017 413 4086 τῆς
471 4013 806 4085 χειροτονίας
842 4012 1046 4084 δηλαδὴ
1102 4013 1199 4065 καὶ
1249 4010 1346 4064 τοῦ
1401 4014 1885 4082 χειροτονουμένου

294 4104 509 4171 αὐτοῦ,
543 4104 654 4157 τῶν
701 4103 944 4156 εὐσεϐῶν
992 4120 1053 4157 τε
1089 4103 1354 4174 βασιλέων
1380 4103 1482 4173 τῆς
1519 4102 1756 4169 πόλεως,
1794 4101 1890 4154 καὶ

310 4196 537 4250 πάντων
568 4196 797 4249 πιστῶνο
828 4197 924 4251 καὶ
949 4196 1032 4263 τὸ,
1072 4215 1091 4248 ι
1130 4195 1329 4267 Κύριε,
1361 4196 1606 4267 ἐλέησον,
1633 4214 1651 4248 ι
1688 4197 1740 4249 οἰ
1775 4197 1911 4266 λοι-⁸

309 4289 411 4343 ποι
441 4287 877 4360 ἀποκρίνονταιθ
934 4288 1388 4360 μαρτυρουμένου
1438 4288 1534 4342 τοῦ
1578 4288 1767 4359 ἔργου,
1806 4290 1888 4343 ὅτι

308 4384 474 4451 παρὰ
517 4383 736 4435 πάντῶν
767 4379 1007 4434 τελεῖται
1040 4381 1305 4451 ἰεράρχης
1333 4396 1348 4411 ο
1378 4382 1477 4433 καὶ
1512 4380 1715 4444 πάντες
1749 4398 1886 4451 συμ-

1998 3276 2056 3321 υι
2091 3267 2144 3321 in
2180 3267 2525 3335 baptismate,
2556 3269 2630 3324 ita
2658 3278 2711 3325 et
2740 3270 2851 3333 hic,
2897 3276 2951 3322 et
3002 3268 3057 3322 in
3090 3267 3347 3321 omnibus
3390 3267 3567 3331 sacris

1998 3358 2297 3428 mysteriis,
2346 3374 2533 3417 sacras
2594 3359 2935 3415 initiationes
2996 3368 3054 3415 et
3117 3360 3565 3414 consecratioucs

1996 3459 2275 3520 operatur.

2068 3562 2337 3633 Deinceps
2388 3565 2702 3633 rogationes
2741 3580 2807 3619 eo
2853 3574 3094 3633 tempore
3127 3579 3154 3617 a
3210 3564 3389 3633 primo
3429 3580 3556 3618 eon-

1998 3667 2341 3726 gregatomtn
2373 3658 2751 3725 episcoporum
2784 3654 2981 3709 merito
3020 3653 3283 3707 dicuntur
3342 3668 3439 3720 pro
3474 3670 3564 3706 sn-

1996 3749 2162 3816 perna
2195 3760 2346 3815 pace,
2378 3759 2434 3801 et
2482 3748 2727 3800 omnium
2774 3747 2968 3811 salute,
3016 3758 3117 3814 pro
3150 3744 3564 3813 archiepiscopo

1996 3841 2143 3892 velut
2171 3846 2433 3908 operante
2462 3839 2860 3893 divinissitnum
2885 3853 3022 3905 opus
3063 3856 3076 3892 :
3102 3845 3156 3890 et
3184 3850 3281 3906 pro
3300 3837 3564 3915 operibus

1999 3942 2258 3981 manuum
2297 3926 2438 3994 ejus,
2474 3926 2818 3980 ordinatione
2849 3926 3095 3994 scilicet;
3134 3942 3229 3995 pro
3261 3927 3382 3995 ipso
3427 3942 3564 3995 quo.

1996 4032 2105 4088 que
2124 4016 2452 4081 ordinando,
2482 4024 2538 4070 et
2566 3999 2670 4085 piis
2704 4016 3128 4082 imperatoribus
3160 4031 3175 4082 ;
3209 4031 3305 4084 pro
3350 4015 3482 4070 urbe
3512 4025 3564 4069 (fl

1996 4111 2254 4165 omnibus
2310 4108 2579 4163 ﬁdelibus.
2638 4106 2853 4176 Reliqui
2891 4108 3238 4176 respondent
3271 4124 3287 4161 :
3316 4123 3334 4158 ι
3380 4105 3565 4176 Kyrtc,

1996 4203 2224 4259 eleison.
2270 4220 2289 4255 ι
2326 4202 2444 4272 ipso
2497 4202 2642 4257 facto
2694 4174 2930 4256 testante
2976 4174 3101 4255 eum
3170 4199 3241 4254 ab
3309 4174 3565 4253 omnibus

1996 4297 2316 4367 episcopum
2347 4295 2694 4362 consecrari;
2726 4308 2918 4349 omnes
2965 4292 3112 4349 enim
3162 4292 3403 4362 episcopi
3440 4306 3565 4347 cum

1998 4389 2410 4457 archiepiscopo
2441 4388 2837 4446 consentiunt.
2896 4393 2951 4439 et
3002 4396 3460 4454 comprecantur,
3513 4396 3567 4438 ιιι

310 4470 565 4541 ςιωνοῦσι
596 4471 671 4541 τῷ
692 4472 1107 4542 ἁρχιεπισκόπῳ
1138 4471 1235 4524 καὶ
1269 4472 1623 4541 συνεύχονται
1644 4476 1737 4525 καὶ
1764 4489 1886 4539 συγ-

1996 4480 2342 4540 coordinant,
2387 4494 2508 4533 cum
2574 4477 2736 4533 simul
2795 4477 3118 4545 contingant
3175 4477 3565 4547 suscipienttm

309 4562 727 4635 χειροτονοῦσιν
749 4564 899 4633 αὐτῷ
930 4565 980 4617 oi
1024 4565 1338 4634 ἀρχιερεῖς·
1370 4563 1493 4616 ἐπεὶ
1525 4565 1619 4616 καὶ
1648 4567 1889 4632 συνεφάι⁸

310 4670 552 4707 πτονται
597 4652 696 4706 τοῦ
725 4656 826 4725 τὴν
866 4655 1205 4725 χειροτονίαν
1262 4654 1553 4725 δεχομένου
1583 4666 1598 4684 ⁵
1647 4654 1809 4707 τοῦτο
1837 4655 1894 4707 δὲ

306 4746 395 4799 ἐν
408 4747 549 4813 μόνῃ
584 4744 888 4796 ἐπισκόπου
925 4744 1239 4814 χειροτονίᾳ
1272 4744 1507 4797 τελεῖται
1537 4758 1550 4770 '
1596 4746 1692 4796 καὶ
1722 4744 1807 4797 ὅτι
1834 4747 1891 4798 ἐν

305 4836 546 4904 τοιαύτῃ
579 4835 814 4907 μεγίστῃ
849 4835 1028 4905 δωρεᾷ
1065 4836 1160 4888 καὶ
1194 4837 1539 4907 ἐπιφοιτήσει
1587 4837 1683 4890 τοῦ
1738 4838 1887 4890 θείου

212 4932 213 4935 “
310 4928 641 4995 Πνεύματος
667 4926 749 4978 δεῖ
775 4928 994 4981 πάντων
1030 4929 1347 4999 μεμνῆσθαι
1394 4930 1503 4983 τῶν
1543 4932 1772 4995 πιστῶν,
1806 4930 1893 4982 ἵνα

306 5017 557 5087 τύχωσιν
605 5016 785 5079 ἐλέους
831 5018 925 5071 καὶ
963 5018 1239 5088 σωτηρίας
1275 5019 1372 5073 καὶ
1406 5020 1652 5089 χάριτος.
1698 5019 1757 5072 Ὀ
1794 5020 1893 5089 ἀρ-

304 5109 676 5177 χιεπίσκοπος
703 5109 760 5160 δὲ
789 5110 886 5180 τὴν
919 5113 1080 5179 χεῖρα
1099 5112 1239 5180 ἔχων
1270 5113 1653 5183 ἐπικειμένην,
1686 5112 1761 5176 ὡς
1788 5113 1890 5185 τὴν

305 5204 693 5275 σκεπαστικὴν
727 5206 821 5257 καὶ
870 5205 1248 5275 φρουρητικὴν
1287 5205 1450 5275 χάριν
1488 5203 1761 5274 δηλοῦσαν
1791 5204 1886 5257 τοῦ

305 5295 473 5359 Θεοῦ,
509 5295 609 5349 καὶ
655 5298 751 5365 τήν
775 5296 886 5366 ιτοῦ
933 5296 1094 5365 ἁγίου
1138 5296 1455 5368 Πνεύματος
1492 5296 1793 5366 ἐπιδημίαν
1828 5312 1887 5347 τε

305 5390 406 5440 καὶ
436 5388 717 5458 ἐνέργειαν
763 5388 857 5443 κάι
895 5388 1221 5442 ἐπισκίασινι
1243 5390 1560 5459 γινομένην,
1599 5389 1803 5458 μᾶλὶον
1829 5387 1887 5440 δὲ

307 5482 739 5550 κατασκήνωσιν
785 5484 844 5534 ἐν
900 5481 977 5550 τῷ
1044 5482 1514 5551 χειροτονουμένῳ
1566 5484 1663 5550 τῆς
1720 5483 1921 5551 χάρμ’

306 5587 428 5635 τος,
466 5572 604 5640 μετὰ
628 5573 727 5635 τὰς
750 5571 1019 5643 αἰτήσεις,
1038 5572 1202 5634 εὐθὺς
1231 5576 1324 5626 καὶ
1359 5575 1458 5642 τὴν
1479 5573 1738 5646 δευτέραν
1764 5575 1887 5624 ἐπι-

309 5661 472 5731 φέρει
507 5662 692 5733 εὐχὴν,
726 5663 827 5732 τήν
874 5666 1036 5736 χεῖρα
1094 5662 1235 5735 ἔχων
1284 5663 1373 5717 ἀεὶ
1423 5665 1783 5735 ἐπικειμένην
1816 5668 1882 5735 τῇ

307 5752 409 5808 τοῦ
440 5754 951 5843 χειροτονουμένων⁹
977 5755 1232 5830 κεφαλῇ·
1263 5754 1441 5827 δηλῶν
1467 5797 1483 5825 ,
1531 5756 1607 5822 ὡς
1665 5758 1882 5829 ὅσαπερ

1998 4572 2421 4627 ordinationem.
2461 4569 2575 4623 Hoc
2622 4577 2800 4623 autem
2834 4570 2892 4620 lit
2932 4566 2985 4620 itt
3047 4567 3160 4620 sola
3198 4568 3440 4635 epiScopi
3471 4582 3564 4620 0t-

1996 4663 2315 4728 dinatione;
2354 4662 2609 4731 quoniam
2646 4660 2699 4712 in
2739 4663 2838 4713 hac
2871 4658 3107 4711 maxima
3162 4656 3474 4721 denationa,
3509 4664 3564 4707 et

1998 4752 2237 4823 Spiritus
2273 4755 2366 4808 Dei
2421 4750 2739 4806 accessione
2790 4750 3031 4803 omnium
3067 4748 3306 4802 ﬁdelium
3364 4762 3566 4800 memo-

1997 4846 2133 4899 riam
2173 4858 2333 4915 agere
2384 4850 2636 4909 Oportet,
2696 4850 2752 4895 ut
2791 4839 3248 4903 misericordiam,
3304 4840 3562 4900 salutem,

1993 4944 2051 4988 et
2074 4938 2301 5002 gratiam
2326 4941 2753 4999 consequantur.
2775 4929 3230 5000 Arcbiepiscopus
3254 4942 3432 4981 autem
3453 4943 3565 4980 nta-

1996 5041 2124 5080 nutn
2168 5025 2331 5079 habet
2378 5024 2692 5093 impositam
2719 5064 2733 5087 ,
2776 5032 2835 5074 ut
2886 5024 3114 5091 gratiam
3168 5022 3259 5074 Dei
3295 5019 3565 5086 sigttiliCt-t

1994 5116 2403 5186 protectricem,
2429 5122 2484 5170 et
2514 5115 2997 5177 conservatricem,
3033 5123 3089 5164 et
3113 5112 3287 5165 sancti
3324 5106 3563 5178 Spiritus

1995 5211 2283 5263 adventum
2314 5209 2638 5261 etvirtutem
2664 5247 2679 5271 ,
2707 5202 2759 5260 et
2786 5205 3257 5258 obumbrationem
3280 5212 3393 5255 tum
3425 5202 3562 5267 ﬁeri,

1992 5300 2172 5368 p0tius
2203 5314 2333 5354 vero
2380 5298 2569 5368 gratiae
2613 5298 2667 5351 in
2725 5294 3032 5349 ordinando
3086 5294 3559 5349 inhabitationem.

1992 5391 2257 5446 Recitatis
2313 5390 2715 5460 rogationibus,
2758 5389 2940 5442 statim
2995 5386 3062 5441 ad
3116 5388 3408 5441 secundam
3443 5402 3566 5457 pro-

1991 5485 2234 5552 greditur
2277 5484 2607 5545 orationem,
2652 5478 3121 5550 manum'semp‘er
3158 5478 3364 5534 habens
3397 5480 3563 5548 capiti

1992 5576 2136 5630 illius
2170 5577 2261 5644 qui
2302 5572 2591 5628 ordinatur
2644 5573 2980 5642 impositam.
3017 5571 3133 5638 Qua
3162 5574 3371 5626 ratione
3399 5572 3560 5625 docet

1989 5680 2328 5739 quaecunque
2398 5672 2653 5733 precatur
2701 5663 2947 5718 efﬁcacia
2984 5678 3163 5737 .esse,
3223 5676 3402 5727 ctca,
3467 5663 3561 5730 qui

1992 5774 2189 5843 manus
2223 5756 2573 5828 inspositione
2620 5756 2878 5824 donatur,
2931 5757 3197 5829 accipere.
3241 5754 3429 5812 Oratio
3465 5773 3563 5809 au-
