4034 6192
504 330 611 394 42.)

1286 330 1669 391 SYMEONIS
1707 328 2463 395 'I‘llESSALDNlCENSIS
2504 336 2859 397 ARClIIEP.

3635 336 3732 401 ‘24

498 451 649 503 tione
687 460 917 517 operum
971 451 1121 499 tanta
1180 442 1547 498 admiratione
1598 455 1651 497 ct
1705 450 1930 513 stupore
1986 443 2111 507 di-1

2193 447 2355 501 τοίνυν
2387 452 2803 519 κηρυσσομὲνου
2824 491 2837 511 .
2875 452 2966 502 καὶ
2999 450 3098 519 τῆς
3136 450 3401 520 μυστικῆς
3437 452 3617 514 Θυσίας
3651 457 3732 506 ὲκ-

500 538 912 610 gnissimorutn.
950 534 1244 605 Evangelio
1276 536 1441 603 igitur
1500 534 1827 605 praedicato,
1869 545 1924 588 et
1964 549 2079 605 my-

2178 538 2507 609 τελουμένης
2547 542 2653 593 ἀπὸ
2684 540 2778 593 τοῦ
2817 542 3146 609 Εὑαγγελίου
3179 541 3308 611 ἄχρι
3361 544 3451 595 καὶ
3482 543 3571 596 τοῦ
3603 545 3697 611 μέλ

500 634 641 688 stico
671 630 947 687 sacriﬁcio
1004 628 1255 684 conlecto
1309 629 1379 682 ab
1433 627 1727 695 Evangelia
1781 643 1955 697 usque
2008 628 2076 681 ad

2193 631 2294 684 ietv
2325 631 2493 700 ὑψοῦν
2523 633 2591 685 τὰ
2625 632 2744 685 θεῖα
2780 633 3076 704 μυστήρια,
3110 631 3252 685 οὔτω
3282 632 3347 702 δὴ
3388 635 3528 686 ποιεῖ
3557 634 3638 689 διὰ
3669 637 3731 688 τὰ

501 737 715 793 tempus
746 739 855 794 quo
906 729 1038 778 sunt
1093 718 1384 775 exaltanda
1424 719 1685 789 mysteria
1717 718 1900 771 divina
1931 756 1947 783 ,
2000 718 2081 772 sic

2193 722 2557 793 προειρημένα
2579 738 2592 754 °
2631 725 2711 776 ὅτι
2748 724 2841 777 καὶ¹
2880 724 2914 794 ἡ
2952 724 3233 794 ἱερουργία
3267 724 3424 795 ἔργον
3457 726 3618 779 αὑτοῦ
3646 728 3733 780 τιιῦ

502 817 632 872 facit
679 825 901 885 propter
950 822 1014 868 ea
1048 828 1168 883 qua:
1198 811 1343 864 dicta
1391 822 1540 871 sunt,
1578 807 1838 877 quoniam
1892 822 2079 862 sacro-

2182 814 2437 883 Σωτῆρος
2479 816 2640 884 ἡμῶν
2667 831 2681 847 ⁸
2722 818 2816 869 καὶ
2858 815 3017 878 αὐτὸς
3057 819 3084 869 ό
3123 814 3191 868 δι’
3219 816 3373 885 ἡμῶν
3415 817 3521 869 τῶν
3559 817 3737 888 ἱερέων

505 923 626 961 rum
676 906 924 976 operatio
962 904 1268 959 Salvatoris
1299 902 1473 957 nostri
1508 915 1648 970 opus
1703 907 1808 963 est,
1862 908 1915 952 ct
1964 899 2084 968 ipse

2193 904 2347 958 αὐτοῦ
2398 906 2491 959 καὶ⁹
2536 906 2740 960 δούλων
2796 906 3100 977 ίερουργῶν
3143 914 3237 960 καὶ
3287 908 3739 977 ἱερουργούμενος.

505 1009 589 1055 est
620 1000 712 1069 qui
751 1014 846 1068 per
882 1012 984 1051 nos
1030 995 1343 1051 sacerdotes
1372 1001 1431 1048 et
1476 1006 1663 1047 servos
1695 1006 1824 1046 suos
1875 991 2083 1044 sacriii-

2198 994 2287 1058 Ἐξ
2313 998 2487 1066 ἀρχῆς
2515 996 2570 1050 δὲ
2596 996 2697 1066 τῆς
2728 996 3099 1066 λειτουργίας,
3130 998 3224 1050 καὶ
3251 1000 3309 1051 ὲν
3335 1002 3400 1069 τῇ
3430 998 3628 1067 ὑψώσει
3654 1000 3741 1051 τοῦ

508 1101 598 1143 cat
626 1099 677 1144 et
708 1091 1073 1144 sacriﬁcatur.
1106 1087 1151 1140 Α
1184 1083 1457 1156 principio
1509 1091 1690 1136 autem
1742 1081 1924 1135 missae
1952 1081 2084 1133 etin

2193 1085 2329 1139 θείου
2361 1089 2527 1158 ἄρτου
2546 1131 2560 1153 ,
2582 1092 2687 1143 ’καὶ
2718 1091 2837 1153 ταῖς
2866 1090 3230 1160 χειροτονίαις
3251 1128 3267 1153 ,
3300 1092 3392 1144 καὶ
3421 1094 3535 1153 ταῖς
3566 1084 3741 1153 ἄλλαις

509 1181 846 1236 ελοιιαιὶοιιο
876 1179 1046 1233 divini
1080 1177 1238 1248 panis
1262 1214 1279 1241 ,
1323 1186 1377 1230 et
1432 1175 1487 1229 in
1536 1169 1999 1236 ordinationibus,
2032 1179 2093 1253 et.

518 1273 574 1328 in
607 1274 734 1329 aliis
784 1273 959 1328 sacris
1012 1270 1308 1342 mysteriis,
1360 1265 1651 1336 episcopus
1714 1279 1970 1333 semper,
2028 1270 2088 1316 ut

510 1365 718 1420 dictum
768 1376 889 1431 est,
938 1360 1105 1433 pallio
1154 1359 1224 1413 ab
1282 1356 1529 1412 humeris
1579 1355 1634 1409 in
1687 1354 1876 1409 orbein
1954 1351 2078 1406 cin-

514 1456 680 1525 gitur.

1094 1565 1326 1621 CAPUT
1366 1562 1526 1620 CCX.

488 1680 658 1751 'Qnid
709 1699 808 1737 uox
855 1680 1080 1749 Dignus,
1118 1695 1274 1751 quam
1315 1693 1475 1747 super
1514 1676 1812 1730 ordinando
1851 1690 2092 1751 ριόηιιητ

2188 1180 2359 1248 ἱεραῖς
2387 1181 2663 1245 τελεταῖς,
2698 1182 2926 1236 πάντοτε
2957 1182 3065 1235 ἀπὸ
3095 1181 3203 1235 τῶν
3233 1180 3399 1253 ὤμων
3430 1184 3642 1253 κύκλῳ,
3672 1184 3741 1246 ὡς

2188 1270 2430 1343 εἴρηται,
2464 1271 2622 1327 τοῦτο
2650 1273 3042 1344 περιϐάλλεται
3071 1274 3099 1327 ό
3125 1274 3443 1345 ἀρχιερεύς.

2770 1565 3027 1621 ΚΕΦΔΔ.
3066 1564 3171 1622 ΣΥ.

2190 1678 2255 1735 Τί
2295 1682 2360 1732 τὸ
2392 1679 2576 1744 ’Δξιος
2603 1678 2703 1732 ἐπὶ
2742 1676 2822 1744 τῷ
2857 1680 3369 1747 χειροτονουμένφ
3409 1678 3745 1745 λεγόμενον,

585 1757 715 1836 tium
739 1770 756 1806 :
780 1764 825 1833 et
850 1746 975 1838 quid
1007 1746 1245 1802 osculum
1282 1746 1452 1802 sacrae
1482 1762 1694 1812 mensae,
1718 1758 1892 1815 etquo
1926 1746 2087 1810 primi

2261 1748 2367 1826 acui
2401 1748 2433 1838 ξ
2480 1746 2961 1838 ἀσπεισμὸςβῆς
2984 1766 3070 1832 ,τε
3111 1748 3274 1838 ἱερᾶς
3290 1747 3622 1838 ,τραξέζηῃ
3641 1748 3745 1838 1καί

581 1823 807 1889 episcopi
856 1821 1096 1873 destruit
1143 1833 1459 1888 genamquc,
1522 1825 1572 1869 et
1632 1828 1948 1871 cwterorum
1983 1830 2085 1868 ora

582 1894 880 1947 osculatur.

592 2005 750 2074 Quod
809 2004 973 2059 etiam
1033 2012 1162 2056 tunc
1215 2000 1505 2057 ordinatus
1537 2015 1566 2055 a
1600 1999 1778 2070 primo
1833 1997 2092 2068 episcopo

514 2101 814 2169 accipiens,
849 2096 1048 2151 collum
1082 2093 1351 2159 induitur,
1386 2102 1441 2147 et
1478 2094 1678 2164 dignus
1719 2091 2090 2155 renuntiatur,

515 2201 705 2261 utpote
738 2206 766 2242 a
801 2189 911 2242 Deo
960 2186 1157 2255 dignus
1185 2184 1436 2248 eﬂ'ectus,
1467 2193 1518 2239 et
1543 2184 1669 2238 talis
1699 2183 1765 2237 ab
1804 2172 2013 2249 angelis
2040 2189 2093 2235 et

516 2283 836 2339 hominibus
885 2279 1163 2347 cognitus.
1201 2287 1364 2345 atque
1398 2277 1453 2331 in
1507 2262 1784 2345 posterum
1823 2273 2094 2342 obligatus

515 2375 667 2443 operi
713 2369 981 2437 condigne
1020 2377 1075 2421 et
1101 2368 1409 2421 condecore
1439 2369 1625 2420 vivere
1652 2373 1705 2420 ct
1748 2363 2092 2426 conversari,

516 2462 571 2520 et
618 2479 685 2519 eo
734 2462 957 2531 dignum
998 2458 1168 2513 veluti
1223 2457 1482 2528 precibus
1517 2464 1572 2511 et
1602 2456 1749 2510 votis
1802 2462 2093 2523 acceptum

514 2569 638 2610 sese
680 2553 942 2624 prmbere.
985 2549 1183 2604 Postea
1218 2563 1342 2602 eum
1373 2546 1656 2601 osculatur
1699 2545 1951 2615 pontifex
1979 2584 1995 2611 ,
2031 2552 2092 2600 ut

518 2655 738 2716 propter
792 2640 982 2712 gratiae
1036 2638 1470 2709 magnitudinem
1524 2638 1628 2694 sibi
1662 2638 1996 2700 amabilem,
2039 2644 2093 2690 et

518 2752 613 2808 per
641 2737 820 2806 ipsum
847 2730 1041 2801 aequali
1086 2733 1295 2786 honore
1323 2733 1640 2796 fruentem,
1689 2739 1743 2786 et
1783 2730 1837 2785 in
1868 2728 2095 2784 Christo

517 2826 917 2884 sanctiﬁcatum
944 2832 1001 2879 et
1040 2824 1280 2878 unitum.
1314 2819 1432 2892 Ipse
1452 2835 1671 2891 quoque
1694 2833 1910 2876 sacram
1943 2834 2095 2873 men-

518 2935 638 2974 sam
666 2919 957 2973 osculatur
982 2954 997 2979 ,
1025 2930 1146 2970 eam
1175 2923 1232 2968 ut
1253 2914 1439 2984 gratim
1468 2913 1736 2969 oﬂicinam
1791 2915 2091 2977 honoratis,

520 3011 720 3083 ingua
764 3019 815 3063 et
848 3014 1205 3062 consecratus
1242 3015 1349 3069 est,
1396 3015 1450 3058 et
1481 3003 1886 3058 ordinationem
1939 3016 2096 3056 accc-

2260 1815 2368 1874 τοῦ
2399 1815 2719 1895 ἀρχιερᾷωρ
2741 1819 2849 1895 τοᾷ
2881 1816 3116 1895 περιέποι)
3145 1816 3313 1895 ὲν-τᾶ
3344 1816 3535 1895 δεξιᾷ,
3562 1816 3655 1869 καὶ
3684 1815 3749 1885 τῇ

2262 1887 2495 1956 παρειᾷ,
2526 1888 2624 1942 καὶ
2651 1888 2771 1942 τῶν
2808 1888 3043 1942 λοιπῶν
3065 1888 3135 1941 ἐν
3164 1887 3242 1952 τῷ
3270 1887 3544 1957 στόματι.
3583 1900 3609 1909 ”

2264 2000 2445 2072 Ὅπερ
2479 1999 2544 2072 δὴ
2582 2000 2677 2055 καὶ
2706 2000 2829 2055 τότε
2863 1999 3264 2071 χειροτονηθεὶς
3286 2038 3303 2064 ,
3337 1998 3649 2052 ὲπενδύεται
3679 1996 3747 2067 τῷ

2190 2094 2449 2163 τραχήλῳ
2497 2094 2652 2164 παρὰ
2693 2093 2790 2147 τοῦ
2842 2091 3059 2162 πρώτου
3109 2094 3371 2163 ίεράρχου
3426 2090 3621 2154 λιϐὼν,
3665 2091 3750 2145 καὶ

2192 2184 2580 2253 ἀναγορεύεται
2614 2185 2762 2251 ἄξιος
2783 2223 2799 2248 ,
2828 2184 3095 2254 ὼςπαρὰ
3129 2184 3265 2238 Θεοῦ
3305 2184 3548 2252 γεγονὼς
3581 2182 3714 2248 ἄξιος
3735 2221 3750 2247 ο

2193 2276 2285 2328 καὶ
2319 2275 2560 2343 γνωστὸς
2594 2273 2670 2327 ὣν
2706 2278 2819 2338 τοῖς
2853 2268 3106 2343 ἀγγέλοις
3141 2277 3236 2328 καὶ
3267 2279 3385 2339 τοῖς
3422 2275 3750 2345 ἀνθρώποις,

2193 2368 2287 2418 καὶ
2322 2367 2489 2433 ἀξίως
2522 2366 2615 2420 τοῦ
2656 2367 2817 2437 ἔργου
2852 2368 3082 2435 ὀφείλων
3114 2368 3538 2434 πολιτεύεσθαι,
3570 2369 3656 2420 καὶ
3683 2366 3751 2427 ὠς

2194 2458 2357 2529 εὐχὴν
2387 2458 2547 2512 τοῦτο
2581 2460 2874 2529 δεχόμενος
2910 2462 3060 2526 ἄξιος
3098 2454 3258 2514 εἶναι.
3294 2456 3436 2513 Εἶτα
3471 2460 3753 2524 ἀσπάζεται

2192 2548 2383 2601 τοῦτον
2421 2550 2449 2601 ὁ
2497 2549 2775 2620 ίεράρχης,
2818 2551 2894 2614 ὡς
2938 2551 3164 2621 ἑραστδν
3202 2550 3359 2619 αὐτῷ
3402 2550 3488 2603 διὰ
3524 2550 3583 2603 τὸ
3624 2549 3750 2615 μέγα

2193 2638 2291 2708 τῆς
2321 2641 2541 2710 χάριτος
2572 2642 2667 2693 καὶ
2686 2642 2761 2704 ὡς
2791 2643 3035 2711 ὁμοταγῆ
3062 2641 3130 2695 δι’
3155 2643 3348 2705 αὐτοῦ,
3384 2647 3475 2695 καὶ
3505 2641 3751 2711 ἡγιασμέο

2193 2747 2282 2784 νον
2309 2732 2366 2783 ὲν
2394 2732 2613 2802 Χριστῷ
2638 2732 2732 2785 καὶ
2756 2734 3030 2803 ἡνωμένον
3052 2749 3065 2762 ’
3096 2736 3188 2788 καὶ
3215 2732 3476 2802 αὑτδςδὲ,
3498 2735 3594 2804 τὴν
3620 2736 3755 2802 ἱερὰν

2193 2822 2475 2893 τράπεζαν
2503 2823 2891 2892 ἀσπασάμενος
2915 2867 2930 2890 ,
2964 2824 3139 2893 τιμῶν
3172 2824 3347 2894 αὐτην
3386 2826 3460 2888 ὡς
3487 2825 3584 2893 τῆς
3614 2828 3756 2894 χάρι-

2194 2932 2284 2978 τος
2316 2918 2705 2986 ἐργαστήριον,
2738 2919 2795 2970 ὲν
2917 2919 3010 2971 καὶ
3038 2918 3381 2984 τετέλεσται,
3414 2923 3504 2972 καὶ
3532 2921 3625 2989 τὴν
3652 2935 3756 2987 xst-

2197 3009 2442 3078 ροτονίαν
2467 3007 2702 3072 ἐδέξατο,
2728 3012 2822 3060 καὶ
2845 3013 2943 3076 τὴν
2970 3010 3451 3079 χειροτονήσασαν,
3473 3012 3768 3074 ἀσπάζεται·

520 3101 620 3171 pit.
675 3097 976 3155 OscuIatur
1008 3096 1175 3150 etiam
1226 3093 1505 3150 dexteram
1552 3110 1676 3164 qua:
1710 3094 1891 3163 ipsum
1940 3092 2088 3147 ordi-

2193 3100 2394 3165 δεξιὰν,
2429 3099 2505 3161 ὠς
2545 3100 2635 3151 καὶ
2674 3099 2842 3167 αὐτὴν
2878 3099 3218 3169 ήγιασμένην
3256 3104 3365 3153 καὶ.
3405 3097 3758 3171 κεχαριτωμέ-

521 3191 715 3255 navit,
753 3188 913 3258 quasi
967 3194 1024 3241 et
1077 3187 1196 3256 ipsa
1252 3184 1325 3239 sit
1382 3184 1751 3249 sanctiﬁcata,
1811 3192 1867 3238 et
1920 3184 2090 3254 gratia

521 3281 784 3344 abundet,
819 3292 1049 3346 eamque
1086 3276 1534 3331 communicandi
1562 3276 1652 3344 jus
1686 3274 1907 3339 haheat,
1936 3275 2094 3328 item-

519 3386 630 3443 que
658 3368 975 3443 pertictendl
1020 3374 1075 3424 et
1122 3365 1485 3422 consecrandi
1529 3380 1627 3436 per
1661 3364 1929 3435 Spiritum
1966 3379 2096 3419 san-

519 3472 695 3530 ctum,
731 3470 787 3517 et
820 3460 1254 3517 benedictionem
1285 3458 1572 3530 largiendi,
1604 3457 1900 3533 divinaque
1953 3459 2095 3512 dona

524 3550 941 3623 distribuendit
975 3564 1071 3620 per
1102 3563 1268 3622 quam
1301 3559 1355 3605 et
1386 3550 1503 3619 ipse
1548 3547 1835 3603 ordinatus
1866 3556 1951 3603 est
1988 3546 2099 3617 epi-

522 3658 721 3715 scopus
750 3681 768 3709 ,
798 3653 853 3698 et
884 3650 1324 3699 consummatus.
1379 3640 1671 3695 Osculatur
1694 3640 1918 3710 insuper
1965 3653 2100 3709 pon-

523 3736 690 3792 titicis
724 3749 919 3806 genam
968 3743 1023 3789 ut
1055 3734 1325 3789 sermonis
1380 3732 1842 3800 instrumentum,
1884 3740 1943 3786 ut
1976 3746 2099 3802 pre-

519 3842 648 3883 cum
710 3827 1261 3895 ministram,atque
1293 3824 1455 3881 etiam
1492 3831 1718 3895 propter
1772 3823 2097 3878 charitatem

518 3933 573 3979 et
630 3923 915 3978 unionem.
966 3919 1134 3975 Amat
1189 3918 1337 3974 enim
1378 3929 1434 3974 et
1473 3918 1592 3988 ipse
1643 3916 2099 3971 communicantis

520 4018 773 4087 gratiam.
816 4013 883 4070 Ut
937 4021 1120 4068 autem
1173 4021 1394 4066 amatus
1453 4019 1509 4064 et
1569 4008 1809 4063 dilectus
1862 4022 1988 4062 vere
2042 4006 2096 4060 in

518 4109 741 4163 Christo
771 4107 891 4163 solo
917 4105 1139 4160 amabili
1164 4112 1313 4157 amat
1344 4110 1400 4156 et
1424 4100 1624 4171 diligit.
1655 4098 1885 4153 Mendax
1916 4106 2097 4153 autem

519 4200 795 4263 osculum,
825 4208 883 4251 ut
917 4194 1105 4263 ludas,
1147 4198 1253 4264 non
1278 4191 1414 4262 ﬁgit,
1444 4204 1544 4247 nec
1573 4190 1749 4261 alapis
1775 4202 1970 4260 genam
1997 4203 2101 4242 ca:-

519 4290 602 4345 dit
627 4297 687 4345 ut
719 4287 982 4353 deicidte;
1028 4287 1122 4341 sed
1148 4294 1345 4340 contra
1389 4281 1578 4338 osculo
1612 4291 1844 4337 testatur
1875 4296 1938 4338 se
1976 4296 2097 4337 eam

468 4408 473 4415 ν
525 4383 822 4445 honorare,
856 4386 1219 4445 sanctamque
1245 4375 1521 4445 judicare,
1560 4382 1615 4428 et
1655 4356 2095 4440 dilectissimum,

520 4483 686 4542 atque
721 4470 883 4524 etiam
920 4483 979 4524 se
1007 4468 1249 4537 ejusdem
1285 4465 1498 4520 ordinis
1525 4479 1649 4520 cum
1676 4449 1936 4535 episcOpo
1966 4479 2098 4520 con-

521 4574 796 4628 secrante,
828 4562 954 4616 licet
985 4559 1086 4613 sub
1116 4573 1201 4624 eo,
1234 4572 1359 4612 esse
1389 4554 1620 4611 factum.
1680 4555 1794 4611 Hoc
1824 4566 1908 4611 est
1949 4557 2093 4612 enim

519 4672 710 4713 eorum
743 4668 964 4709 manum
995 4659 1049 4706 et
1083 4664 1247 4720 genas
1277 4649 1541 4715 osculari,
1577 4663 1684 4704 non
1715 4656 1899 4704 autem
1931 4647 2096 4705 labia.

523 4750 656 4804 Nam
689 4749 845 4803 labiis
876 4746 1162 4801 osculatur
1193 4742 1299 4798 sibi
1351 4741 1544 4796 ordine
1604 4740 1839 4813 aequales
1867 4782 1882 4809 ,
1914 4754 1967 4798 et
2002 4742 2097 4813 qui

523 4852 651 4897 ante
682 4842 861 4909 ipsum
895 4836 1135 4892 ordinati
1161 4845 1288 4890 sunt
1308 4834 1583 4904 epiSCopi,
1609 4843 1666 4889 et
1715 4835 1783 4889 ab
1818 4834 1950 4904 ipsis
1979 4850 2098 4887 mu-

523 4936 631 4989 tuis
661 4932 864 4987 osculis
898 4931 1203 4984 honoratur
1228 4965 1242 4991 ,
1277 4936 1334 4981 ut
1366 4928 1502 4997 ipsis
1562 4927 1750 4982 unitus
1777 4967 1791 4993 ,
1852 4936 1910 4982 ut
1970 4927 2099 4980 cha-

522 5029 805 5089 rissimus,
834 5031 892 5076 ut
925 5024 1099 5091 gratia
1147 5020 1332 5073 divina
1367 5019 1629 5083 donatus,
1663 5029 1719 5073 ut
1752 5020 1958 5090 collega
2004 5021 2097 5073 iis-

524 5122 647 5172 dem
722 5114 1026 5170 secuudum
1092 5112 1274 5165 omnia
1342 5113 1724 5180 prmrogativis
1793 5112 2092 5181 dignatus,

522 5223 712 5262 amans
743 5216 797 5260 et
827 5215 1062 5269 amatus,
1104 5202 1388 5274 paciﬁcus,
1430 5212 1486 5257 et
1531 5213 1877 5272 cooperator,
1930 5212 2095 5273 atque

523 5309 585 5351 ut
621 5299 676 5350 in
706 5296 905 5350 divinis
954 5294 1232 5365 mysteriis
1261 5306 1453 5346 eorum
1481 5295 1878 5348 comministcr.

1086 5401 1315 5459 CAPUT
1354 5400 1532 5457 CCXI.

599 5498 728 5563 Quis
755 5499 823 5550 sit
852 5497 985 5549 ritus
1016 5496 1181 5549 osculi
1224 5498 1279 5548 in
1312 5496 1646 5549 ordinatione
1675 5496 2013 5564 patriarchw.

484 4974 517 5009 ἐν

482 5010 503 5041 g.

600 5649 753 5706 Unde
785 5652 841 5702 in
872 5649 1313 5703 ordinationibus
1362 5650 1897 5720 archiepiscoporum
1926 5691 1940 5715 ,
2000 5668 2093 5720 pa-

526 5752 891 5795 triarcharum
947 5744 1201 5807 scilicet,
1261 5745 1573 5810 patriarcha
1625 5745 1937 5807 ordinatus,
1991 5762 2089 5799 nec

2200 3208 2320 3260 νην,
2359 3190 2456 3243 καὶ
2493 3190 2553 3244 τὸ
2594 3191 2942 3261 μἐταδοτικδν
2980 3193 3079 3259 τῆς
3119 3193 3353 3263 χάριτος
3395 3193 3636 3263 ἔχουσαν,
3673 3190 3758 3243 καὶ

2199 3282 2517 3351 τελεστικὴν
2545 3284 2602 3334 ὲν
2631 3282 2770 3352 ἁγίῳ
2798 3283 3075 3352 Πνεῦματι
3106 3287 3200 3336 καὶ
3229 3284 3490 3351 εὐλογίας
3517 3283 3751 3355 χορηγὸν,

2198 3376 2293 3429 καὶ
2314 3375 2669 3447 χαρισμάτων
2700 3376 2862 3429 Θείων
2892 3375 3257 3446 παρεκτικὴν,
3290 3377 3362 3431 δι’
3395 3372 3463 3451 ἦς
3496 3378 3587 3432 καὶ
3612 3376 3755 3438 οὗτος

2198 3465 2483 3536 ἀρχιερεὺς
2534 3467 2972 3536 κεχειροτόνηται
3026 3468 3118 3519 καὶ
3167 3468 3506 3525 τετέλεσται.
3544 3470 3658 3522 Ἔτι
3705 3466 3755 3519 ci:

2198 3556 2293 3609 καὶ
2319 3556 2418 3624 τὴν
2446 3554 2542 3609 τοῦ
2577 3556 2830 3626 ἱεράρχου
2862 3558 3171 3621 ἀσπάζεται
3203 3560 3474 3628 παρειὰν,
3503 3559 3574 3622 ὡς
3603 3558 3758 3628 ὄργα-

2199 3665 2290 3702 νον
2320 3648 2413 3701 τοῦ
2444 3648 2625 3717 λόγου,
2655 3650 2731 3712 ὡς
2764 3650 3031 3721 ὑπηρέτιν
3059 3650 3166 3702 τῶν
3197 3650 3399 3720 εὐχῶν,
3434 3655 3524 3703 καὶ
3554 3651 3636 3705 διὰ
3666 3649 3755 3717 τὴν

2199 3739 2420 3807 ἀγάπην
2449 3755 2508 3791 τε
2541 3741 2634 3794 καὶ
2665 3739 2881 3794 ἕνωσιν.
2919 3740 3050 3811 Ἐρᾷ
3081 3740 3192 3809 γὰρ
3227 3743 3325 3794 καὶ
3358 3741 3519 3805 αὐτὸς
3548 3742 3637 3793 τοῦ
3669 3758 3755 3811 με·

2198 3829 2448 3892 ταδόντος
2490 3829 2589 3900 τὴν
2636 3830 2817 3901 χάριν,
2867 3831 2961 3884 καὶ
3010 3832 3242 3899 ἀγαπῶν
3294 3834 3414 3886 ἐστι
3464 3836 3557 3888 καὶ
3602 3833 3756 3900 φιλῶν

2198 3919 2416 3989 ἀληθῶς
2443 3921 2500 3972 ὲν
2527 3920 2749 3991 Χριστῷ
2774 3921 2853 3989 τῷ
2878 3920 3092 3990 ἐραστῷ
3120 3922 3289 3991 μόνῳ,
3319 3924 3396 3986 ὡς
3424 3926 3515 3977 καὶ
3540 3920 3755 3989 ἀγαπώο

2203 4026 2363 4079 μενος
2393 4010 2491 4063 καὶ
2518 4010 2839 4080 φιλούμενος
2859 4027 2874 4041 ·
2901 4012 2995 4064 καὶ
3024 4011 3107 4066 ὅτι
3129 4014 3188 4065 οὺ
3210 4012 3425 4081 ψευδῶς
3447 4012 3754 4077 ἀσπάζεται,

2198 4101 2274 4163 ὡς
2304 4100 2332 4152 ό
2363 4098 2600 4165 Ἰούδας,
2632 4101 2752 4152 οὐδὲ
2784 4100 3004 4171 ῥαπίζει
3034 4104 3134 4171 την
3160 4106 3407 4171 παρειὰν
3428 4146 3442 4169 ,
3473 4102 3546 4166 ὡς
3574 4103 3622 4155 ol
3652 4101 3756 4153 θει-

2200 4191 2415 4245 κτόνοι’
2450 4191 2586 4246 ἀλλὰ
2623 4192 2825 4262 μᾶλλον
2853 4193 3058 4262 ταύτην
3089 4195 3260 4264 τιμᾷ,
3296 4196 3395 4248 καὶ
3432 4197 3590 4263 ἁγίαν
3618 4195 3756 4264 insi-

2199 4297 2292 4335 ται
2316 4282 2408 4335 καὶ
2435 4281 2718 4350 φιλτάτην,
2747 4284 2840 4345 καὶ
2866 4285 2946 4336 ὅτι
2975 4283 3067 4336 καὶ
3093 4284 3257 4347 αὐτὸς
3276 4285 3379 4355 τῆς
3402 4286 3571 4354 αὐτῆς
3593 4284 3664 4354 τῷ
3692 4284 3758 4334 ι.-

2202 4374 2382 4445 ράρχῃ
2426 4373 2718 4445 γεγένηται
2765 4376 3004 4442 τάξεως,
3050 4376 3098 4427 εἱ
3146 4377 3241 4428 καὶ
3290 4378 3386 4431 ὑπ’
3416 4378 3580 4430 αὐτόν
3630 4380 3755 4428 ἐστι.

2130 4446 2173 4500 D
2199 4466 2366 4519 Τοῦτο
2406 4466 2515 4534 γὰρ
2552 4468 2612 4518 τὸ
2652 4468 2750 4535 τὴν
2790 4468 2947 4535 χεῖρα
2992 4468 3084 4520 καὶ
3126 4471 3364 4537 παρειὰν
3406 4466 3755 4531 ἀσπάζεσθαι,

2198 4560 2293 4611 καὶ
2319 4558 2381 4609 οὐ
2407 4555 2476 4609 τὰ
2503 4557 2657 4627 χείλη
2689 4557 2888 4611 αὐτῶν.
2924 4558 3254 4622 Ἀσπάζεται
3288 4561 3400 4631 γὰρ
3427 4565 3537 4622 τοῖς
3568 4560 3755 4628 χείλεσι

2196 4648 2321 4712 τοὺς
2349 4650 2443 4702 καὶ
2472 4648 2614 4703 κατὰ
2640 4649 2737 4719 τὴν
2763 4649 2918 4713 τάξιν
2947 4650 3095 4712 ἴσους
3126 4651 3220 4703 καὶ
3248 4654 3348 4720 τὴν
3383 4653 3555 4721 ἀρχὴν
3581 4656 3759 4718 ἀρχιεο

2197 4744 2334 4811 ρεῖς,
2380 4742 2474 4794 καὶ
2516 4741 2644 4810 παρ’
2670 4740 2849 4793 αὐτῶν
2881 4741 3289 4805 ἁντασπάζεται
3332 4743 3488 4812 163
3523 4742 3595 4804 ὡς
3632 4742 3757 4808 ἠνω-

2201 4832 2390 4903 μένος,
2419 4831 2493 4894 ὡς
2524 4833 2778 4899 φίλτατος
2797 4870 2813 4897 ,
2843 4831 2917 4894 ὡς
2945 4831 3042 4893 τὴν
3074 4832 3225 4885 θείαν
3252 4835 3414 4903 χάριν
3446 4833 3655 4890 λαϐὼν,
3680 4830 3754 4887 ὡς

2198 4919 2494 4993 ὁμοταγὴς,
2523 4920 2629 4973 τῶν
2662 4922 2791 4975 ῐσων
2823 4923 2964 4974 κατὰ
2994 4924 3171 4977 πάντα
3198 4924 3523 4992 ἠξιωμένος,
3557 4922 3646 4974 καὶ
3675 4935 3755 4986 φι-

2198 5016 2328 5082 λῶν,
2353 5018 2445 5067 καὶ
2473 5015 2813 5085 φιλούμενος,
2840 5017 2934 5066 καὶ
2962 5017 3236 5085 εἰρηνικὸς
3266 5018 3356 5068 καὶ
3388 5014 3661 5083 συνεργὸς,
3682 5010 3751 5071 ὡς

2199 5110 2255 5160 ὲν
2282 5111 2392 5171 τοῖς
2426 5107 2589 5171 Θείοις
2624 5109 3055 5178 συλλειτουργός.

2758 5402 3010 5453 ΚΕΦᾹΛ.
3054 5401 3197 5455 ΣΙΑν.

2199 5478 2397 5561 Ὀπωξ-
2442 5498 2474 5549 ό
2517 5494 2844 5563 ἀσπασμὸς
2890 5495 2959 5577 ἐις
3002 5494 3075 5561 τῇ
3122 5493 3455 5561 χειροτονίᾳ
3498 5490 3605 5565 τοῦ
3651 5503 3751 5541 πα-

2829 5580 3132 5632 τριαρχου.

2273 5662 2432 5713 Ὅθεν
2476 5660 2571 5711 καὶ
2614 5659 2670 5710 ὲν
2716 5658 2833 5718 ταῖς
2879 5656 2987 5707 τῶν
3033 5655 3489 5724 ἁρχιεπισκύπων
3534 5664 3755 5719 χειροτο-

2196 5755 2353 5818 νίαις,
2397 5752 2502 5804 τῶν
2529 5749 2881 5819 πατριαρχῶν
2923 5747 3144 5817 δηλαδη,
3170 5749 3229 5799 οὐ
3271 5747 3375 5800 τὸν
3418 5742 3697 5807 ἀσπασμὸν
3737 5736 3761 5787 ό
