4034 6192
1505 143 1526 170 \

318 255 423 322 425

1373 265 1473 326 DE
1513 265 1780 328 SACRIS
1817 265 2512 352 ORDINATIONIBUS.

3471 255 3577 322 HG

315 370 716 444 χειροτονηθεὶς
745 373 1091 445 πατριάρχης
1119 376 1357 432 ποιεῖται
1385 379 1464 442 είς
1489 379 1588 448 τὴν
1612 380 1772 449 χεῖρα
1799 377 1894 432 τοῦ

2016 394 2225 435 :nanum
2255 378 2568 434 ordinantis
2595 389 2694 431 nec
2723 389 2892 446 genas
2949 373 3259 437 osculatur,
3302 372 3399 428 sed
3457 372 3576 440 pri-

317 465 797 533 χειροτονήσαντος
836 467 932 520 καὶ
967 467 1068 537 τὴν
1107 468 1343 538 παρειάν
1366 484 1381 500 ο
1423 469 1539 522 ἀλλ’
1565 469 1896 538 ἀσπασάμε-

305 569 406 632 νος
441 554 660 623 πρῶτον
692 557 790 626 τὴν
828 557 980 612 θείαν
1015 560 1327 628 τράπεζαν,
1361 562 1766 632 ἀνέρχεταιείς
1797 563 1897 632 τὴν

319 648 560 716 κρηπῖδα
583 664 596 678 ·
631 651 723 702 καὶ
755 649 847 702 τὸν
882 651 1172 722 ἀσπασμὸν
1203 655 1440 706 ποιεῖται
1477 653 1620 706 κατὰ
1653 654 1712 706 τδ
1753 654 1894 718 ἔθος,

315 739 410 792 τοῦ
449 741 550 807 μὲν
583 744 1064 812 χειροτονήσαντος
1099 744 1263 798 αὐτὸν
1298 745 1395 815 τὴν
1432 747 1584 814 ίερὰν
1617 745 1898 813 τράπεζαν

317 831 703 900 ἀσπαζομένου
733 836 1022 904 πρότερον,
1049 834 1125 897 ὡς
1151 835 1260 888 τῶν
1292 836 1454 904 ίερῶν
1479 835 1660 906 ἔργων
1689 837 1892 905 πηγὴν,

316 921 434 976 εἶτα
459 927 560 995 τὴν
591 921 750 997 χεῖρα
781 928 874 990 τοῦ
906 929 1380 1000 χειροτονηθέντας
1411 929 1752 999 πατριάρχου
1776 969 1791 990 ,
1822 928 1896 991 ὼς

317 1014 537 1082 πρώτου
563 1019 932 1081 καταστάντος
955 1018 1034 1086 τῷ
1057 1019 1187 1088 Θείῳ
1211 1020 1487 1088 Πνεῦματι
1511 1020 1604 1072 καὶ
1627 1021 1897 1089 πατριάρ-

315 1122 414 1173 χου
449 1107 661 1173 αὐτῶν,
696 1111 789 1162 καὶ
819 1111 906 1162 διὰ
937 1109 1037 1178 τὴν
1069 1109 1264 1164 ἕνωσιν
1293 1114 1372 1173 εἰς
1401 1112 1464 1162 τὸ
1495 1114 1703 1178 στόμα,
1735 1110 1768 1178 ἢ
1800 1109 1899 1180 τὴν

316 1199 552 1265 παρειάν
583 1199 670 1252 διὰ
697 1201 796 1270 τὴν
830 1202 1112 1274 ὑποταγὴν
1138 1218 1152 1233 ’
1193 1204 1394 1274 ὁμοέως
1424 1202 1480 1254 δὲ
1515 1202 1608 1255 καὶ
1639 1203 1688 1254 οἱ
1721 1202 1900 1254 λοιποὶ

314 1289 593 1360 ἀρχιερεῖς
621 1293 670 1344 oi
703 1293 801 1346 σὺν
829 1293 978 1364 αὐτῷ
1012 1295 1202 1348 τοῦτον
1233 1295 1734 1368 χειροτονήσαντες.

683 1397 686 1400 ’
890 1409 938 1460 Κ
951 1408 1142 1460 ΕΦΑΛ.
1185 1408 1331 1460 ΣΙΒ’.

315 1519 456 1586 Περὶ
507 1519 738 1586 τάξεως
791 1521 1192 1590 πατριαρχῶν,
1250 1521 1748 1588 ἀρχιεπισκόπων
1797 1519 1896 1573 καὶ

919 1592 1294 1645 ἐπισκόπων.

385 1703 454 1754 Εἰ
489 1705 598 1772 γάρ
629 1703 726 1756 καὶ
759 1705 856 1772 μία
885 1705 918 1772 ὴ
947 1704 1046 1770 τῆς
1079 1704 1389 1772 ἐπισκοπῆς
1421 1705 1582 1773 χάρις
1613 1704 1706 1758 καὶ
1741 1703 1898 1758 δύναιο

317 1794 410 1862 μίς
435 1811 498 1846 τε
529 1795 621 1846 καὶ
645 1795 800 1860 τάξις
831 1797 894 1847 ἐκ
921 1796 1016 1848 τοῦ
1048 1795 1205 1860 Θεοῦ,
1232 1795 1323 1848 τοῦ
1354 1798 1572 1864 πρώτου
1605 1797 1700 1848 καὶ
1736 1796 1896 1865 μόνου

313 1886 534 1952 Πατρὺς
563 1887 656 1937 καὶ
690 1887 988 1939 ἐπισκόπου
1013 1927 1026 1948 ,
1060 1887 1196 1939 ἀλλὰ
1225 1887 1316 1938 καὶ
1346 1885 1584 1956 πατριάς
1640 1886 1750 1955 ἔχει
1793 1887 1900 1940 υίό-

311 1979 487 2048 τητάς
517 1996 576 2031 τε
605 1981 698 2032 καὶ
729 1979 963 2049 χάριτας
993 1979 1308 2049 διαφόρους,
1337 1979 1412 2041 ὡς
1443 1981 1536 2032 καὶ
1569 1979 1775 2046 ἑκάστη
1803 1979 1902 2033 τά·

313 2069 394 2134 εις
419 2114 436 2136 ,
471 2072 592 2123 ἐπεὶ
633 2071 822 2141 Πατὴρ
853 2074 948 2123 καὶ
979 2070 1108 2134 Υἱὸς
1137 2071 1234 2123 καὶ
1264 2071 1419 2137 ἅγιον
1453 2069 1678 2139 Πνεῦμα
1707 2071 1740 2140 ή
1771 2070 1902 2122 Θεό-

310 2181 440 2232 της.
471 2165 580 2217 Καὶ
614 2163 714 2233 μία
747 2164 848 2234 μὲν
873 2167 938 2234 τῇ
967 2163 1160 2233 Τριάδι
1189 2165 1221 2232 ἡ
1250 2163 1446 2230 φύσιςο
1476 2162 1534 2215 ἓν
1560 2163 1614 2216 δὲ
1641 2163 1701 2215 τὸ
1729 2162 1902 2216 αἴτιον

308 2257 336 2308 ὸ
373 2256 606 2326 Πατὴρ,
643 2251 798 2324 ᾧπερ
831 2255 860 2308 ὁ
893 2255 1022 2318 Υίὸς
1060 2255 1156 2308 καὶ
1187 2254 1246 2308 τὸ
1281 2254 1509 2324 Πνεῦμα
1549 2255 1689 2308 κατά
1724 2255 1903 2308 πάντα

313 2353 538 2405 ὑπείκει
565 2367 580 2382 ο
613 2351 709 2405 καὶ
739 2351 796 2404 ἓν
830 2349 1042 2420 θέλημα
1070 2350 1278 2402 τούτων
1297 2393 1312 2412 ,
1347 2349 1443 2402 καὶ
1475 2349 1573 2416 μία
1602 2348 1816 2415 κίνησίς
1844 2366 1904 2401 τε

309 2441 418 2496 καὶ
451 2441 706 2510 δύναμις.
748 2441 845 2516 Ἐκ
874 2441 976 2510 τῆς
1007 2441 1237 2512 Τριάδος
1273 2441 1330 2494 δὲ
1366 2441 1464 2493 καὶ
1495 2441 1646 2492 πᾶσα
1682 2439 1904 2506 εὐταξία

308 2535 436 2588 ἄνω
467 2549 530 2586 τε
563 2534 660 2586 καὶ
697 2533 851 2586 κάτω
887 2533 1026 2588 ὲστί.
1067 2532 1158 2586 Διὸ
1197 2534 1294 2587 καὶ
1331 2531 1558 2601 πρώτην
1599 2532 1774 2602 μέσην
1811 2532 1906 2585 καὶ

309 2625 644 2678 τελευταίαν
677 2626 833 2692 τάξιν
867 2626 1070 2694 ἑκάστη
1105 2625 1215 2678 τῶν
1251 2624 1364 2677 ἄνω
1397 2623 1604 2688 τάξεων
1639 2624 1698 2675 ὲν
1735 2623 1904 2692 ἑαυτῇ

313 2719 590 2787 κέκτηται
617 2733 632 2747 ο
665 2719 758 2770 καὶ
785 2717 1125 2771 διδασκάλων
1153 2717 1262 2771 εἰσὶ
1291 2716 1387 2771 καὶ
1419 2717 1478 2771 ἐν
1505 2717 1736 2780 ἐκείνοις
1763 2714 1908 2768 διδά-

311 2809 514 2863 σκαλοι
545 2809 641 2863 καὶ
668 2809 930 2880 Πατέρων
961 2807 1227 2879 Πατέρες.

903 3015 1155 3070 ΚΕΦΔΛ.
1197 3014 1335 3070 XII".

2003 485 2154 526 mum
2185 469 2426 526 divinam
2483 481 2726 522 mensam
2763 467 3046 521 osculatus
3079 463 3328 520 ascendit
3377 460 3445 516 ad
3499 460 3579 514 al-

2003 562 2140 617 taris
2193 560 2526 630 crepidinem
2549 599 2564 623 ,
2601 569 2655 613 et
2709 573 2860 612 more
2893 565 3155 612 consueto
3193 551 3360 608 tradit
3411 565 3578 605 oscu-

2006 654 2142 708 lum.
2178 652 2476 720 Postquam
2513 652 2688 721 ipsius
2735 649 3021 704 ordinator
3055 662 3271 702 sacram
3330 658 3578 706 mensam

2007 743 2241 812 primum
2299 744 2581 798 osculatus
2616 741 2805 805 fuerit,
2853 750 2910 793 ut
2961 753 3248 794 sacrarum
3303 735 3580 804 Operatio-

2007 851 2139 890 num
2191 835 2435 900 fontem,
2484 835 2770 889 osculatur
2799 833 3037 888 ordinati
3098 831 3426 899 patriarclne
3471 842 3583 878 mz-

2007 942 2136 980 num
2163 967 2178 992 ,
2217 937 2276 980 ut
2307 927 2493 980 divino
2547 926 2753 995 Spiritu
2817 923 3118 980 secundum
3151 922 3336 976 omnia
3393 917 3582 988 primi,

2005 1027 2060 1071 et
2099 1017 2339 1085 ipsorum
2373 1019 2720 1087 patriarchae,
2749 1033 2810 1072 os
2839 1032 3058 1087 quoque
3086 1015 3258 1083 ipsius
3295 1010 3578 1065 osculatur

2007 1119 2230 1178 propter
2261 1111 2542 1176 unionem,
2573 1111 2656 1166 vel
2684 1126 2876 1180 genam
2907 1119 3129 1180 pr0ptcr
3161 1104 3580 1174 subiectionem;

2005 1202 2258 1256 similiter
2297 1203 2507 1258 faciunt
2539 1205 2721 1258 caeteri
2779 1203 3062 1273 episcopi,
3120 1200 3215 1270 qui
3271 1212 3398 1252 cum
3462 1195 3584 1264 ipso

2007 1295 2156 1348 hunc
2195 1293 2616 1350 ordinaverunt.
2697 1315 2704 1324 ι

2573 1407 2804 1464 CAPUT
2845 1406 3052 1464 CCXII.

2113 1519 2190 1572 De
2215 1520 2399 1574 ordine
2429 1524 2858 1603 patriarcharum
2893 1564 2906 1582 .
2943 1523 3479 1590 archiepiscoporum,

2597 1609 2979 1660 eptscoporum.

2083 1699 2194 1766 Etsi
2253 1704 2398 1756 enim
2433 1719 2544 1758 una
2586 1717 2668 1760 est
2699 1707 3046 1776 episcopatus
3071 1707 3266 1774 gratia,
3298 1712 3352 1759 et.
3386 1704 3586 1764 virtus,

2003 1801 2056 1848 et
2081 1793 2216 1847 ordo
2252 1809 2317 1847 ex
2356 1796 2489 1858 Deo,
2523 1796 2700 1864 primo
2733 1807 2788 1851 et
2844 1799 2958 1852 solo
3011 1797 3172 1850 Patre
3230 1807 3285 1850 ct
3331 1796 3591 1864 episc0po

2003 1901 2288 1950 emanans,
2325 1889 2532 1958 patrias
2567 1897 2750 1944 tamen
2806 1890 2992 1954 habet,
3055 1889 3350 1942 ﬁliationes
3382 1896 3436 1942 et
3469 1902 3593 1956 gra-

2005 1977 2111 2032 tias
2150 1977 2511 2042 differentes,
2549 1989 2609 2033 nt
2663 1981 3045 2050 unusquisque
3103 1980 3240 2034 ordo
3301 1979 3586 2048 postulat.

2006 2085 2130 2123 cum
2166 2069 2350 2137 Pater,
2391 2081 2442 2126 et
2481 2071 2650 2126 Filius
2686 2083 2738 2127 et
2775 2071 3014 2142 Spiritus
3064 2083 3293 2126 sanctus
3323 2085 3432 2124 una
3479 2071 3590 2124 sint

2006 2161 2062 2216 in
2096 2161 2370 2218 Trinitale
2409 2165 2670 2219 divinitas
2713 2172 2768 2217 et
2791 2172 3009 2218 natura.
3051 2163 3230 2218 Unum
3272 2171 3456 2217 autem
3505 2170 3592 2215 est

2005 2253 2342 2326 principium
2381 2256 2562 2323 Pater,
2624 2256 3084 2325 quemadmodum
3116 2255 3287 2310 Filius
3327 2264 3380 2309 et
3416 2251 3594 2323 Spiri-

2007 2353 2118 2410 tus,
2145 2349 2446 2402 secnndum
2485 2347 2670 2402 omnia
2699 2349 3057 2402 consentiens
3085 2363 3100 2413 ;
3136 2363 3244 2401 una
3275 2361 3466 2402 eorum
3501 2360 3594 2398 vo-

2007 2437 2210 2498 luntas.
2248 2450 2297 2494 et
2324 2454 2431 2494 una
2468 2439 2636 2494 motio
2665 2448 2718 2495 et
2741 2442 2947 2495 virtus.
2983 2440 3058 2494 Ex
3085 2439 3358 2494 Trinitate
3403 2445 3590 2494 autem

2009 2544 2174 2585 omne
2208 2531 2378 2586 decus
2413 2542 2466 2587 et
2505 2533 2682 2586 bonus
2707 2533 2841 2587 ordo
2889 2541 2998 2586 tam
3032 2547 3216 2587 rerum
3246 2531 3595 2600 superiorum

2011 2637 2172 2691 quam
2221 2622 2546 2676 inferiorum
2587 2625 2854 2691 procedit.
2899 2625 3021 2678 Ideo
3070 2624 3452 2692 unusquisque
3499 2635 3596 2676 su-

2011 2717 2290 2785 periorum
2347 2716 2600 2770 ordinum
2661 2719 2715 2770 in
2775 2732 2834 2770 se
2867 2717 3113 2786 possidet
3153 2717 3430 2786 primum,
3483 2728 3597 2768 tne-

2013 2809 2163 2863 dium
2221 2819 2273 2862 et
2305 2821 2646 2878 postremum
2693 2811 2963 2876 ordinem,
2997 2817 3162 2879 atque
3203 2825 3232 2864 e
3277 2809 3596 2864 doctoribus

2012 2905 2119 2962 est,
2159 2907 2215 2952 et
2251 2898 2303 2950 in
2336 2897 2402 2950 iis
2429 2909 2558 2952 sunt
2593 2899 2865 2964 doctores,
2899 2910 2952 2952 et
2981 2899 3202 2952 Patrum
3238 2899 3454 2954 Patres.

2545 3013 2775 3094 amur
2815 3013 3048 3068 ccxnt.

312 3131 483 3186 Κατὰ
529 3131 832 3194 Λατίνων,
881 3129 972 3183 ὅτι
1019 3129 1086 3182 ἓν
1126 3130 1320 3198 μόνον
1347 3117 1432 3182 τὸ
1480 3128 1680 3198 αἴτιον
1721 3128 1791 3181 ἐν
1833 3127 1906 3198 τῇ

2016 3129 2212 3184 Contra
2241 3125 2484 3186 Latinos,
2517 3143 2678 3179 unam
2715 3137 2923 3178 tantam:
2952 3143 3174 3180 causam
3200 3127 3256 3180 in
3283 3125 3384 3181 SS.
3417 3125 3596 3180 Trini-

355 3201 562 3269 Τριάδι
597 3203 630 3254 ὁ
663 3193 888 3268 Πατὴρ,
925 3201 1026 3253 ἵνα
1056 3193 1141 3268 μῆ
1177 3199 1450 3268 διάφοροι
1481 3193 1636 3252 ὦσιν
1668 3199 1870 3268 ἀρχαί.

399 3315 567 3368 Ἐπεὶ
611 3315 705 3366 καὶ
751 3315 809 3366 ἐν
853 3317 918 3383 τῇ
963 3312 1260 3381 ἁσυγχύτῳ
1305 3313 1398 3364 καὶ
1442 3309 1773 3380 προανὰρχῳ
1817 3311 1912 3364 καὶ

316 3408 570 3474 συμφυεί
620 3407 716 3459 καὶ
759 3405 1002 3474 ὁμοδόξτρ
1051 3404 1246 3474 Τριάδι
1297 3402 1452 3466 τάξις
1501 3404 1668 3466 ἐστὶν,
1722 3402 1911 3472 ὥσπερ

314 3499 540 3568 ἔφημεν
559 3515 574 3530 ν
607 3497 698 3550 καὶ
729 3499 756 3549 ὁ
787 3497 886 3565 μὲν
915 3496 1105 3564 Πατὴρ
1135 3498 1231 3548 καὶ
1261 3495 1526 3559 ἀναίτιος,
1552 3493 1620 3546 τὰ
1646 3493 1699 3545 δὲ
1732 3495 1790 3557 ἐξ
1818 3494 1914 3544 αὐ-

313 3585 410 3638 τοῦ
455 3585 558 3637 καὶ
600 3583 820 3638 αἰτιατά
848 3599 862 3614 ο
906 3583 1004 3638 καὶ
1040 3583 1246 3636 τούτων
1282 3583 1342 3636 τὸ
1389 3583 1489 3651 μὲν
1524 3581 1785 3650 γεννητὸν
1819 3585 1912 3634 καὶ

319 3677 470 3742 Υἱὸς,
500 3677 566 3728 τὸ
593 3676 648 3728 δὲ
675 3677 1007 3746 ὲκπορευτον
1032 3675 1128 3728 καὶ
1158 3675 1314 3744 ἅγιον
1345 3673 1570 3742 Πνεῦμα
1597 3690 1608 3703 ·
1642 3674 1738 3726 καὶ
1764 3673 1914 3740 ὅμως

323 3769 631 3839 ἀδιαίρετος
664 3769 696 3838 ἠ
731 3769 902 3838 Τριάς
925 3808 942 3833 ,
977 3768 1074 3820 καὶ
1108 3768 1206 3836 μία
1234 3767 1435 3834 ταύτης
1464 3765 1538 3826 ὡς
1572 3767 1663 3817 καὶ
1695 3767 1726 3834 ἡ
1755 3765 1914 3816 οὐσία

321 3859 439 3910 ἐστὶ
469 3860 574 3912 καὶ
604 3861 636 3926 ἠ
669 3859 895 3928 δύναμις
918 3874 930 3887 ·
965 3859 1025 3922 ἐξ
1055 3859 1226 3926 αὐτῆς
1254 3854 1347 3910 οὖν
1377 3857 1472 3908 καὶ
1503 3858 1653 3908 πᾶσα
1687 3856 1912 3924 πατριὰ,

319 3951 541 4012 Ila-316;
575 3967 712 4021 φησι
737 3968 750 3983 ·
785 3953 883 4004 καὶ
909 3951 1062 4017 τάξις
1092 3953 1151 4003 ὲν
1181 3951 1396 4020 οὐρανῷ
1425 3967 1484 4001 τε
1518 3951 1612 4002 καὶ
1645 3949 1735 3999 ἐπὶ
1787 3948 1912 4015 γῆς.

320 4043 494 4098 Ἐπεὶ
529 4045 589 4096 δὲ
622 4045 832 4113 ἥκομεν
865 4037 966 4096 ὧδε
1001 4044 1097 4096 σὺν
1115 4043 1256 4112 Θεῷ,
1294 4042 1489 4113 μικρὸν
1523 4041 1912 4110 θεωρήσωμεν,

313 4139 478 4200 ὅπως
527 4140 628 4189 καὶ
676 4137 708 4206 ἡ
754 4135 849 4188 τοῦ
898 4135 1244 4206 πατριάρχου
1293 4133 1597 4204 χειροτονία
1639 4132 1911 4185 τελεῖται·

314 4233 422 4283 καὶ
459 4231 510 4281 εί
545 4227 843 4290 ἐπίσκοπος
878 4213 1061 4292 ἐστίν,
1097 4229 1246 4289 ὅπως
1280 4225 1604 4279 καθίσταται
1642 4225 1917 4294 πατριάρ-

309 4339 454 4393 χης,
489 4321 584 4374 καὶ
612 4323 661 4372 εἰ
695 4321 769 4390 μὴ
803 4318 950 4374 ἐστιν
977 4319 1299 4382 ἐπίσκοπος,
1329 4319 1455 4384 ἄξια
1483 4319 1594 4387 γὰρ
1623 4321 1716 4370 καὶ
1746 4317 1916 4369 ταῦτα

2067 3209 2174 3252 tate
2196 3215 2308 3252 esse
2339 3198 2575 3260 Patrem,
2613 3213 2673 3249 ne
2701 3197 2858 3264 plura
2892 3199 3158 3266 principia
3180 3199 3525 3252 inducantur.

2088 3311 2569 3380 Quandoquidem.
2605 3318 2664 3364 ut
2695 3311 2934 3364 diximus
2963 3349 2978 3371 ,
3015 3311 3152 3364 ordo
3184 3319 3267 3365 est
3315 3312 3368 3363 in
3420 3309 3605 3366 Trini-

2017 3414 2125 3460 tate
2159 3403 2470 3466 inconl‘nsa,
2506 3404 2986 3465 consubstantiali,
3013 3417 3109 3470 per
3137 3404 3319 3456 omnia
3345 3403 3448 3456 sibi
3472 3418 3604 3457 con-

2017 3498 2307 3558 sentiente,
2341 3511 2464 3564 quze
2495 3497 2615 3549 sine
2662 3497 2933 3564 principio
2979 3503 3064 3548 est
3113 3505 3168 3548 et
3201 3511 3362 3548 omne
3395 3495 3603 3564 princi-

2017 3589 2166 3658 pium
2196 3589 2546 3648 antecedens,
2584 3587 2976 3654 l’atcrqnidem
3012 3585 3131 3638 sine
3173 3585 3443 3653 principio
3477 3597 3599 3654 est;

2017 3697 2138 3751 quie
2169 3695 2296 3734 vero
2336 3696 2398 3734 ex
2443 3683 2582 3748 ipso,
2621 3679 2946 3747 primipiata
2993 3680 3271 3740 dicuntur,
3306 3683 3358 3730 et
3402 3677 3598 3730 horum

2019 3787 2186 3826 unum
2217 3781 2303 3826 est
2334 3771 2604 3839 genitum,
2627 3785 2822 3837 nempe
2856 3767 3296 3832 Filius,alterum
3331 3766 3604 3836 procedit,

2019 3881 2212 3933 nempe
2249 3861 2490 3932 Spiritus
2545 3869 2794 3915 sanctus.
2848 3861 2944 3914 Est
3004 3873 3184 3913 tamen
3250 3859 3602 3914 indivisibilis

2019 3957 2284 4016 Trinitas,
2322 3968 2542 4022 ultaque
2571 3963 2654 4006 est
2689 3953 2837 4007 illius
2865 3968 2922 4004 ιιι
2948 3951 3280 4014 substantia,
3309 3953 3382 4004 ita
3411 3960 3465 4006 et
3493 3953 3606 4006 vir—

2021 4057 2130 4103 tus.
2163 4049 2236 4101 Ex
2275 4048 2390 4116 ipsa
2425 4047 2592 4115 igitur
2626 4054 2752 4108 est,
2791 4054 2848 4096 ut
2887 4045 2964 4096 ait
3015 4043 3240 4108 Paulus,
3275 4044 3456 4099 omnis
3506 4061 3605 4114 pas

2021 4143 2251 4196 ternitas
2294 4151 2347 4194 et
2393 4139 2527 4194 ordo
2579 4137 2636 4191 in
2681 4137 2822 4191 coelo
2855 4136 2992 4190 etin
3039 4147 3205 4190 terra.
3234 4135 3370 4190 Cum
3413 4136 3602 4206 igitur,

2023 4233 2132 4284 Deo
2161 4232 2394 4295 favente,
2431 4231 2536 4282 huc
2577 4229 2983 4292 devenerimus,
3019 4222 3208 4298 paucis
3241 4229 3606 4282 edisseremns

2023 4339 2129 4394 qua
2171 4325 2384 4376 ratione
2417 4321 2739 4391 patriarcha?
2763 4321 3041 4376 ordinatio
3093 4321 3416 4390 perﬁcitur;
3465 4329 3519 4376 et
3557 4322 3606 4378 si

309 4415 593 4483 θεωρίας.
625 4413 774 4482 Πλὴν
803 4413 871 4465 τά
900 4411 995 4464 τοῦ
1031 4411 1337 4462 ἐπισκόπου
1370 4413 1425 4463 ἐν
1454 4409 1656 4476 ὀλίγοις
1687 4411 1906 4460 τελέσω-

2024 4417 2322 4484 episcopus
2349 4421 2451 4478 est,
2485 4429 2591 4483 qua
2623 4416 2837 4467 ratione
2868 4414 3225 4468 constituitur
3271 4415 3604 4482 patriarcha;

311 4525 454 4578 μεν.
487 4507 644 4560 Μετὰ
670 4507 760 4559 τὸν
785 4505 1077 4574 ἀσπασμὸν
1103 4505 1258 4565 οὗτος
1281 4505 1372 4556 τὸν
1400 4505 1576 4573 ἱερδν,
1609 4505 1698 4555 τοῦ
1729 4503 1913 4572 ίεράρ-

305 4615 420 4668 κου
459 4596 862 4664 ἀσπασαμένου
895 4593 1052 4656 αὖθις
1079 4595 1176 4664 τὴν
1206 4593 1359 4662 ἱερὰν
1388 4592 1685 4662 τράπεζαν,
1721 4592 1813 4642 καὶ
1840 4593 1920 4649 εἰς

303 4686 376 4737 τὸ
427 4685 730 4752 σύνθρονον
775 4683 1091 4744 ἀνελθόντος
1135 4681 1324 4751 ὥσπερ
1365 4684 1442 4744 εἱς
1485 4681 1575 4732 τὸν
1619 4682 1850 4749 οὐρανὸν
1893 4680 1920 4729 ὁ

301 4777 611 4848 Χριστὸς,
647 4775 744 4828 καὶ
776 4778 802 4828 ὁ
839 4775 1244 4844 χειροτονηθεὶς
1279 4776 1449 4842 αὐτὴν
1486 4773 1880 4840 ἀσπασάμενος
1903 4810 1919 4834 ,

303 4872 630 4940 ἀνέρχεται
657 4885 670 4900 °
707 4870 801 4920 καὶ
843 4871 904 4919 ὲκ
943 4866 1137 4932 δεξιῶν
1173 4866 1391 4920 ἵσταται
1425 4865 1519 4918 τοῦ
1564 4865 1784 4934 πρώτου
1826 4866 1924 4932 ἀρ-

301 4979 400 5032 χιε
415 4963 567 5030 ρέως
591 5001 606 5026 ,
638 4959 715 5021 ὼς
743 4959 841 5028 τὴν
873 4957 1098 5028 πρώτην
1131 4959 1285 5024 τάξιν
1315 4956 1455 5026 ἔχων
1493 4957 1642 5025 παρὰ
1672 4956 1797 5017 τοὺς
1829 4955 1922 5007 ἄλ·-

303 5056 462 5116 λους
496 5054 618 5104 τότε
651 5051 1009 5116 ἐπισκόπους,
1042 5050 1144 5120 ἤδη
1176 5053 1241 5120 τῇ
1275 5051 1473 5122 χάριτι.
1493 5047 1918 5118 χειροτονηθεὶς,

303 5149 416 5202 καὶ
447 5144 555 5214 τῆς
587 5145 775 5215 φήμης
805 5143 912 5194 τῶν
946 5141 1213 5212 βασιλέων
1245 5143 1342 5196 καὶ
1369 5143 1460 5194 τοῦ
1490 5141 1708 5211 πρώτου
1736 5142 1924 5210 ἀρχιε-

309 5243 478 5312 ρέως
505 5239 816 5308 γινομένης,
841 5237 1058 5290 ἵσταται
1086 5236 1226 5306 μετὰ
1249 5238 1355 5291 τῶν
1379 5235 1584 5290 λοιπῶν
1607 5234 1922 5288 ἐπισκόπων

307 5333 438 5388 ὑπὸ
467 5335 630 5403 χεῖρα
656 5329 732 5385 ὣν
763 5331 854 5383 καὶ
885 5329 1071 5393 αὑτός.

601 5773 877 5834 ΡΑ-ιιιοι..
913 5764 1034 5829 Gn.
1097 5759 1262 5827 CLV.

2030 4516 2086 4560 et
2125 4522 2232 4576 qua
2265 4507 2495 4570 ratione,
2523 4505 2566 4560 si
2615 4521 2726 4560 non
2776 4514 2860 4560 est
2913 4505 3226 4576 episcopus.
3269 4503 3410 4560 Sunt
3462 4507 3608 4560 enim

2027 4599 2140 4652 hatc
2187 4600 2654 4668 conten'iplatione
2688 4608 2742 4653 et
2784 4599 3222 4654 consideratione
3265 4601 3426 4668 digna
3469 4617 3481 4651 :
3517 4589 3610 4654 vei

2027 4706 2146 4744 rum
2203 4707 2324 4759 qua:
2360 4703 2488 4744 sunt
2539 4690 2784 4758 episcopi
2823 4692 3014 4757 paucis
3063 4693 3428 4759 perliciemus.
3479 4690 3610 4747 Post

2029 4795 2246 4834 sacram
2283 4783 2443 4835 istam
2503 4783 2890 4834 salutationem
2946 4783 3417 4851 arclnepisc0pus,
3451 4799 3614 4836 oscu-

1989 4893 1996 4898 ·
2028 4873 2168 4926 latus
2198 4873 2396 4926 iterum
2425 4887 2634 4926 sacram
2671 4889 2940 4938 mensam,
2983 4873 3036 4926 in
3075 4875 3330 4926 thronum
3359 4887 3612 4927 commu-

2031 4979 2156 5018 nem
2217 4963 2488 5026 ascendit,
2548 4973 2606 5016 ut
2663 4963 2920 5019 Christus
2979 4967 3030 5018 in
3068 4967 3276 5028 cmlos;
3316 4966 3610 5022 ordinatus

2032 5072 2251 5127 quoque
2284 5057 2532 5110 eamdem
2567 5057 2847 5112 osculatus
2891 5059 3159 5124 ascendit,
3216 5069 3272 5112 et
3323 5073 3354 5112 a
3402 5057 3611 5113 dextris

2035 5151 2194 5222 primi
2229 5149 2474 5218 episcopi
2512 5150 2714 5214 adstat,
2755 5159 2918 5220 atque
2961 5161 3020 5203 ut
3071 5166 3196 5203 mox
3251 5160 3613 5208 consecratus

2031 5241 2269 5310 primum
2341 5239 2482 5293 inter
2561 5243 2854 5311 episcopos
2920 5242 3100 5295 locum
3181 5249 3312 5294 tunc
3375 5239 3609 5300 obtinet.

2035 5333 2242 5388 Deinde
2291 5334 2436 5386 facta
2469 5331 2860 5403 imperatorum
2904 5341 2960 5387 et
2993 5333 3158 5402 primi
3206 5333 3610 5406 archiepiscopi

2037 5427 2221 5481 fausta
2270 5425 2702 5496 acclamatione,
2757 5434 2866 5482 stat
2895 5433 2949 5481 et
2988 5426 3108 5497 ipse
3142 5427 3246 5484 sub
3279 5443 3443 5483 manu
3486 5442 3613 5482 cum

2036 5518 2250 5575 caeteris
2291 5519 2591 5591 episcopis.

3145 5747 3219 5811 114-
