4034 6192
311 293 415 357 429

1370 290 1469 350 es
1497 284 1766 349 SACRIS
1807 266 2523 346 OR‘DINATIONIBUS.‘

3471 292 3580 359 430

310 408 560 481 ρασμοϊς,
606 406 700 459 καὶ
749 405 869 469 ταῖς
928 405 1220 477 ταραχαῖς.
1290 395 1380 459 Ἑν
1428 407 1494 476 τῇ
1547 398 1777 473 Μεγὲὐςῃ
1828 394 1872 454 δὲ

1992 394 2081 451 illa
2117 402 2377 463 cessavit,
2412 411 2467 455 et
2498 401 2550 456 in
2583 402 2699 458 sola
2743 402 2937 476 Magna
3004 406 3235 462 ecclesia
3295 412 3580 484 peragitur

312 498 467 568 μόνον
510 497 721 564 γίνεται
762 495 1053 567 ἐκκλησίᾳ.
1120 496 1229 549 Καὶ
1278 495 1636 567 προτεθέντος
1691 494 1884 566 θρόνου

310 592 364 643 ἓν
398 583 443 658 ᾧ
489 587 724 657 κάθηται
761 589 789 641 ό
822 589 1278 658 ἀρχιεπίσκοπος,
1316 588 1411 641 καὶ
1460 586 1669 641 πέπλου
1722 585 1886 655 συνή-

304 685 451 748 θους,
483 683 588 736 ὐπὸ
634 681 827 753 ἱερέως
862 681 1032 752 εὐχῆς
1080 683 1373 751 γινομένης
1425 681 1521 733 καὶ
1555 679 1883 749 Τρισαγίου,

206 780 212 786 ’
304 779 411 830 τῶν
456 776 892 830 ἐπισκοπειανῶν
926 775 1232 845 παρόντων,
1267 778 1361 827 καὶ
1393 772 1888 843 λαμπαδηφορούν-

303 886 409 922 των
453 867 733 930 ἁπάντων,
774 864 1104 926 κυκλοῦντος
1157 866 1254 918 καὶ
1297 863 1391 917 τοῦ
1447 863 1605 929 λαοῦ,
1643 865 1886 934 impavi-

304 961 455 1025 ζεται
504 963 656 1027 παρά
684 977 742 1011 τε
774 958 870 1011 τοῦ
901 957 1120 1026 πρώτου
1169 957 1277 1010 τῶν
1331 956 1523 1024 ἱερέων
1569 955 1661 1008 καὶ
1699 955 1885 1007 δευτε-

304 1052 554 1122 ρεύοντος
603 1054 633 1105 ό
679 1049 1080 1121 χειροτονηθεὶς
1138 1048 1456 1120 ἀρχιερεὺς,
1518 1048 1639 1117 τρὶς
1696 1048 1755 1099 ὲν
1806 1046 1885 1117 τῷ

304 1144 477 1215 θρόνῳ
525 1143 600 1206 ὡς
652 1143 749 1196 καὶ
795 1142 887 1196 τὸν
949 1142 1296 1213 πατριάρχην
1355 1143 1412 1194 ἐν
1467 1141 1545 1210 τῷ
1604 1138 1882 1208 συνορόνῳ

302 1237 695 1305 ὲγκαθιζόντων
745 1237 910 1290 αὐτὸν
942 1235 1049 1288 τῶν
1099 1236 1311 1306 ἱερέων,
1342 1236 1439 1288 καὶ
1491 1232 1883 1300 ὲκφωνοὺντων

299 1330 356 1385 τὸ
385 1349 406 1382 ι
450 1330 675 1395 ’Δξιος·
715 1348 733 1381 ι
781 1325 899 1382 εἶτα
957 1327 1275 1396 καθημένου
1322 1325 1511 1391 αὐτοῦ,
1567 1322 1882 1394 εὐφημοῦσι

299 1422 424 1486 τούς
456 1421 704 1486 εὐσεϐεῖς
740 1419 1004 1490 βασιλεῖς,
1031 1419 1124 1472 τὸν
1168 1418 1625 1489 ἀρχιεπίσκοπον,
1657 1417 1753 1469 καὶ
1784 1415 1884 1467 αὐ-

295 1513 385 1567 τὸν
433 1513 529 1566 τὸν
581 1511 1073 1583 χειροτονηθέντα*
1132 1511 1228 1563 καὶ
1290 1509 1467 1572 οὕτως
1524 1507 1905 1564 ἀπολύουσιν.›

306 1606 363 1659 '0
392 1605 453 1659 δέ
493 1621 561 1673 γε
598 1606 729 1665 λαὸς
777 1604 1244 1674 προσερχόμενος,
1275 1603 1414 1655 ἀλλὰ
1455 1601 1520 1674 δὴ
1574 1602 1687 1677 xui,
1717 1604 1879 1672 ἱερω-

299 1699 475 1769 μένοι,
522 1697 858 1762 ἀσπάζονται
912 1696 1012 1765 τὴν
1040 1694 1133 1749 τοῦ
1168 1693 1642 1766 χειροτονηθέντας
1693 1683 1873 1763 χεῖρα,

1994 487 2048 541 in
2078 486 2227 544 hunc
2260 492 2476 547 modum
2507 493 2852 563 :Przrparato
2885 509 2939 552 ct
2974 500 3252 567 proposito
3280 496 3480 560 throno
3523 508 3581 564 in

1986 588 2105 643 ‘quo
2155 576 2309 632 sedet
2367 581 2854 651 archiepiscopus,
2915 596 2968 640 et
3028 589 3186 656 peplo
3250 591 3417 647 solito
3475 593 3581 664 ipsi

1995 667 2277 735 adaptato,
2317 671 2575 741 factaque
2603 690 2765 743 prece
2802 692 2831 732 a
2887 680 3231 750 presbytero,
3260 691 3313 737 et
3350 701 3585 755 pi'atsen-

1987 756 2144 814 tibus
2187 761 2561 830 episeo‘pianis
2591 768 2850 823 omnibus
2891 771 3155 841 trisagion
3222 777 3580 832 cantantibus

1991 861 2259 908 etrereos
2295 854 2683 924 deferentibus,
2736 868 2792 914 et
2855 863 3228 919 circunulante
3280 868 3435 937 plebe
3491 871 3580 925 in—

1995 944 2340 1000 throuizatur
2415 951 2708 1007 ordinatus
2766 954 3058 1024 episcopus
3131 972 3159 1011 a
3228 961 3576 1017 sacerdomm

1994 1039 2192 1106 primo.
2228 1048 2282 1094 et
2315 1055 2381 1095 co
2411 1043 2504 1111 qui
2542 1055 2668 1114 post
2705 1048 2882 1117 ipsum
2917 1052 3196 1107 secundus
3222 1058 3356 1123 agit,
3385 1065 3575 1124 terque

1995 1148 2021 1184 a
2057 1135 2393 1205 presbyteris
2421 1139 2475 1192 in
2510 1139 2710 1196 throno
2738 1143 3062 1209 collocatur,
3113 1149 3571 1219 exclamantibus,

1998 1243 2016 1276 ι
2055 1224 2278 1296 Dignus.
2313 1247 2332 1281 ι
2371 1228 2575 1287 Deinde
2606 1249 2670 1288 eo
2699 1236 2925 1292 sedente
2973 1238 3170 1296 faustis
3221 1244 3575 1300 acclamatio-

1993 1316 2177 1382 nibus,
2239 1320 2595 1391 imperatores
2648 1339 3062 1398 prosequuntur
3100 1335 3576 1407 archiepiscopum

1992 1417 2047 1462 et
2081 1412 2257 1480 ipsum
2287 1412 2627 1476 ordinatum.
2660 1427 2713 1471 et
2742 1419 2823 1474 sic
2882 1422 3218 1480 celebratum
3268 1430 3575 1488 dimittunt.

1993 1504 2233 1573 Populus
2257 1520 2438 1562 autent
2476 1511 2771 1577 accedens,
2799 1524 2965 1582 atque
3018 1517 3183 1571 etiam
3244 1520 3430 1577 clerici
3480 1538 3574 1578 aa-

1992 1596 2128 1650 crati
2160 1596 2483 1651 osculantur
2509 1599 2745 1656 ordinati
2777 1618 3025 1669 manum,
3056 1616 3110 1659 et
3166 1607 3571 1666 benedicuntur

1992 1686 2085 1754 qui
2129 1703 2253 1742 cum
2292 1687 2394 1743 Iide
2422 1702 2785 1746 concurrunt.
2827 1692 2965 1747 Cum
2994 1697 3141 1751 enim
3170 1697 3241 1752 sit
3266 1714 3460 1757 recens
3489 1717 3575 1757 or-

296 1793 388 1846 καὶ
446 1789 823 1859 εὐλογοῦνται,
874 1788 1018 1859 μετὰ
1074 1789 1311 1851 πίστεως
1362 1788 1694 1858 τρέχοντες·
1732 1790 1872 1839 ἔπει-

1990 1778 2231 1844 dinatus,
2264 1786 2412 1836 totus
2444 1791 2530 1837 est
2561 1797 2827 1855 purgatus
2856 1795 2909 1842 et
2963 1788 3324 1856 illuminatus,
3360 1794 3569 1865 gratia-

291 1886 471 1957 δήπερ
502 1886 695 1938 νεωστὶ
721 1885 1128 1956 χειροτονηθεὶς
1161 1884 1280 1946 ὅλος
1309 1884 1424 1936 ἐστὶ
1460 1882 1878 1951 κεκαθαρμένος

290 1995 347 2031 τε
393 1980 495 2031 καὶ
548 1979 984 2048 πεφωτισμένος.
1012 1979 1106 2032 κει)⁵
1146 1977 1223 2047 τῷ
1252 1976 1596 2045 ἐγκαινισμῷ
1646 1977 1677 2045 ἡ
1715 1978 1876 2046 χάρις

493 2070 880 2141 δαψιλέστερον
907 2072 1227 2140 χορηγεῖται
1261 2070 1413 2139 παρὰ
1460 2069 1571 2123 τῶν
1598 2069 1876 2122 λαϐόντων

286 2164 461 2233 αὐτὴν
487 2163 715 2218 ἄνωθεν.
739 2162 872 2217 Τότε
889 2163 947 2217 δὲ
976 2162 1099 2215 οὐδὲ
1128 2162 1401 2216 κωλύεται
1428 2163 1673 2230 εὐλογεῖν
1708 2161 1874 2229 ἄλλης

284 2253 355 2307 ὣν
402 2255 706 2317 ἐπίσκοπος
740 2254 950 2316 πόλεως
973 2298 989 2321 ,
1024 2253 1148 2307 ἐπεὶ
1199 2253 1262 2307 τὸ
1310 2253 1593 2321 ἐνδόσιμον
1630 2253 1766 2323 ἔχει,
1799 2254 1875 2317 ὡς

250 2343 413 2414 κᾶρτι
463 2345 887 2415 χειροτονηθείς.
918 2343 1206 2414 Λαμϐἀνει
1257 2345 1315 2397 δὲ
1362 2347 1457 2398 καὶ
1501 2346 1594 2398 τὸν
1626 2345 1871 2415 μανδύαν

284 2438 434 2506 μετὰ
485 2437 593 2489 τῶν
641 2436 901 2505 ποταμῶν
932 2436 1008 2498 ὡς
1046 2435 1388 2504 διδάσκαλος,
1427 2435 1543 2499 τοῦ,
1586 2455 1605 2488 α
1650 2438 1743 2490 Ἐκ
1766 2436 1875 2489 τῶν

281 2526 535 2596 οὐρανῶν
584 2527 746 2592 ἐδέξω
776 2527 873 2599 τὴν
906 2528 1058 2581 θείαν
1105 2527 1292 2599 χάριν,
1343 2547 1361 2580 ι
1399 2528 1697 2597 λεγομένου
1724 2542 1739 2558 ⁸
1788 2528 1873 2581 ὅτι

281 2621 367 2673 xxi
421 2619 532 2672 ἀπὸ
559 2621 671 2672 τῶν
718 2621 966 2689 οὐρανῶν
994 2622 1027 2689 ἡ
1058 2622 1220 2692 χάρις
1248 2622 1378 2691 ἡμῖν
1406 2621 1698 2691 ἐκκέχυται
1722 2637 1736 2653 ·
1777 2622 1872 2674 καὶ

281 2714 338 2766 τὺ
409 2714 699 2783 ἑγκόλπιον
754 2713 831 2775 ὡς
893 2714 1075 2767 ἔνθεον
1135 2714 1474 2785 ἀρραϐῶναο
1522 2716 1604 2767 ὅτι
1660 2716 1755 2767 καὶ
1811 2716 1872 2767 τὸ

280 2804 587 2874 πρόσωπον
624 2804 778 2874 φέρει
809 2803 1070 2873 Χριστοῦ,
1099 2804 1195 2857 καὶ
1230 2806 1287 2856 ἐν
1333 2802 1555 2874 Χριστῷ
1591 2803 1687 2856 τοῦ
1719 2804 1872 2874 πρώ-

277 2910 368 2949 του
413 2896 719 2965 ἀρχιερέως
740 2912 756 2928 ·
786 2897 877 2948 καὶ
906 2896 989 2948 ὅτι
1023 2898 1257 2965 νυμφίος
1290 2898 1481 2962 γέγονε
1509 2897 1608 2965 τῆς
1644 2896 1871 2966 Ἐκκλη-

282 2987 405 3051 σίας
466 2987 728 3058 Χριστοῦ,
754 2970 852 3040 καλ.
900 2990 958 3041 ὲν
1013 2989 1092 3058 τῷ
1125 2987 1305 3058 καιρῷ
1360 2987 1458 3057 τῆς
1510 2988 1889 3058 νυμφεύσεως

280 3080 468 3132 πᾶσαν
525 3079 785 3148 κέκτηται
838 3079 937 3147 τὴν
986 3078 1172 3133 ἄδειαν
1241 3078 1489 3146 εὐλογεῖν
1542 3096 1601 3131 τε
1654 3082 1751 3131 καὶ
1782 3077 1872 3132 εὐ-

282 3174 502 3241 χισθαι,
531 3172 599 3243 ἢν
626 3173 723 3224 καὶ
765 3174 794 3224 ὁ
834 3171 1062 3241 γνήσιος
1112 3169 1275 3232 αὐτὸς
1311 3170 1601 3242 ἀρχιερεύς
1626 3183 1640 3197 ·
1668 3171 1730 3224 οὐ
1766 3170 1873 3240 μὴν

280 3263 335 3316 δὲ
370 3264 733 3333 χειροτονεῖν.
762 3263 871 3315 Καὶ
901 3260 1116 3329 εὐλογεϊ
1145 3261 1202 3314 δὲ
1225 3262 1515 3333 παρρησίᾳ
1545 3262 1666 3315 κατ’
1700 3261 1872 3329 αὐτὴν

285 3355 453 3426 μόνην
485 3353 588 3426 τὴν
614 3353 853 3426 ἡμέραν.

860 3461 1110 3521 ΚΕΦΑΛ.
1155 3464 1298 3521 ΣῙΖ’.

282 3556 444 3610 Atat!
472 3553 890 3624 προπέμπεται
927 3556 998 3610 ἐν
1056 3557 1133 3625 τῇ
1177 3560 1372 3631 πόλει,
1414 3559 1513 3614 καί
1571 3560 1818 3631 εὐλογεῖ
1838 3563 1871 3615 ό

843 3630 1249 3696 χειροτονηθει
1255 3650 1309 3695 ς.

351 3720 439 3774 Διὸ
472 3718 575 3773 καὶ
596 3716 740 3790 ’μετὰ
768 3719 870 3791 τὴν
894 3721 1177 3789 τράπεζαν
1203 3722 1664 3791 ὲπικαθεζόμενος
1691 3725 1864 3795 ἵππῳ,

291 3813 466 3867 κυκλοῖ
529 3811 632 3883 την
668 3812 825 3866 πόλιν
875 3813 1346 3884 δορυφορούμενος
1371 3832 1383 3846 ·
1418 3817 1515 3868 καὶ
1572 3817 1865 3885 σφραγίζει

284 3904 486 3968 πάντας
515 3904 614 3957 καὶ
647 3904 881 3973 εὐλογεῖ,
916 3905 1159 3973 ἁγιάζων
1183 3908 1249 3975 τῇ
1284 3907 1540 3976 σφραγῖδι
1564 3907 1660 3976 τὴν
1686 3908 1863 3974 πόλιν,

278 4000 371 4053 καὶ
396 3999 768 4069 ἐπευχόμενος
793 3999 868 4064 ὡς
904 4000 1089 4062 καινός
1134 4000 1378 4068 γεγονὼς
1425 4003 1732 4073 ἀρχιερεὺς,
1765 4003 1865 4068 τῆς

275 4090 732 4161 ὲγκαινισθείσης
762 4090 914 4161 αὐτῷ
956 4091 1268 4160 μεταδιδοὺς
1297 4093 1448 4156 θείας
1480 4093 1726 4164 χάριτος,
1768 4094 1865 4147 καὶ

272 4183 557 4255 ἁγιασμδν
584 4186 653 4255 τῇ
692 4184 916 4257 εὐλογίᾳ
946 4185 1223 4258 χορηγῶν,

849 4476 1105 4529 ΚΕΦΔΛ.
1169 4477 1317 4532 zm'.
1416 4436 1425 4449 ³
1893 4467 1945 4527 ι)

271 4589 340 4643 Tl
368 4590 443 4643 τὸ
468 4588 764 4643 ἀπελθεῖν
785 4591 872 4655 εις
892 4590 1001 4643 τὸν
1021 4589 1291 4654 βασιλέα
1317 4590 1413 4643 καὶ
1442 4592 1735 4656 εὔξασθαι
1754 4593 1863 4648 τὸν

338 4661 573 4730 νεωστὶ
634 4660 1133 4730 χειροτονηθέντα
1189 4661 1486 4730 ἀρχιερέα.
1553 4666 1651 4718 καὶ
1699 4664 1863 4730 ὅπως

336 4729 536 4784 τοῦτο
565 4728 803 4796 πρῶτον
828 4730 1084 4799 ἐγίνετο.

334 4819 439 4871 Διὸ
467 4818 531 4889 δὴ
562 4820 655 4871 καὶ
676 4818 752 4880 ὡς
779 4820 918 4888 πρὸς
943 4819 1077 4872 Θεὸν
1122 4821 1440 4892 παρρησίαν
1470 4823 1606 4893 ἔχων
1654 4826 1751 4878 καὶ
1793 4818 1860 4896 τῇ

263 4910 590 4979 χειροτονίᾳ
612 4908 932 4979 δυνάμενος,
970 4910 1061 4963 καὶ
1093 4910 1170 4979 τῷ
1207 4911 1418 4979 βασιλεῖ
1454 4914 1731 4981 πέμπεται
1767 4914 1861 4967 εὐ-

265 4997 506 5067 ξόμενος
531 4997 674 5067 ὑπὲρ
694 4997 884 5061 αὐτοῦ,
926 5001 1020 5053 καὶ
1046 4998 1162 5069 ἅμα
1187 5000 1263 5064 ὡς
1290 5003 1513 5072 χριστὸς
1546 5004 1751 5072 Κυρίου
1782 5002 1860 5074 τῷ

263 5088 583 5160 Πνεῦματι,
631 5089 727 5142 τὸν
768 5089 990 5160 χριστὸν
1040 5091 1242 5163 Κυρίου
1280 5093 1357 5164 τῷ
1412 5093 1568 5164 μύρῳ
1618 5094 1862 5165 εὐλογῶν

262 5183 364 5236 καὶ
389 5179 668 5253 ἑνισχύων
696 5183 813 5244 ταῖς
844 5182 1055 5252 εὐχαῖς.
1091 5175 1255 5238 Ὅθεν
1289 5187 1383 5239 καὶ
1414 5185 1667 5241 ἀπελθὼν
1702 5186 1861 5258 εὐχε-

263 5289 359 5326 ται
397 5273 477 5327 τὰ
508 5275 644 5343 πρὸς
677 5276 953 5344 σωτηρίαν
983 5274 1154 5345 αὐτῷ·
1220 5278 1307 5330 ὅτε
1343 5280 1436 5330 καὶ
1467 5279 1730 5348 πρότερον
1763 5281 1861 5351 μὲν

263 5365 492 5433 ἐγίνετο
522 5363 790 5435 θεοφιλῶς
836 5380 895 5418 τε
942 5366 1038 5418 καὶ
1073 5366 1302 5429 δεόντως
1349 5369 1588 5438 ήτάξις,
1629 5373 1708 5424 διὸ
1765 5372 1860 5425 καὶ

263 5457 545 5527 ἁνύσιμος
573 5453 642 5528 ἦν
669 5459 704 5528 ἡ
737 5455 830 5510 τοῦ
866 5457 1168 5529 ἀρχιερέως
1202 5460 1336 5530 εὐχή
1370 5477 1384 5491 '
1412 5461 1508 5515 νῦν
1535 5463 1592 5515 δὲ
1638 5463 1862 5518 τούναν-

258 5552 391 5604 τίον
422 5550 738 5619 γινόμενον,
772 5549 1056 5620 ἄπρακτον
1093 5550 1190 5622 τὴν
1218 5552 1382 5624 εὐχήν
1433 5554 1752 5625 ἀποφαίνει.
1788 5557 1861 5610 Τὸ

266 5643 637 5712 ἁρχαῖονγὰρ
677 5641 801 5703 ἔθος
848 5638 941 5711 ἦν,
968 5643 1051 5695 ὅτι
1086 5643 1555 5715 ἀποστελλομένου
1609 5646 1706 5701 τοῦ
1741 5650 1861 5719 ραι·

268 5724 641 5806 φερενδαρξοιὶ
672 5735 813 5805 μετὰ
858 5734 953 5789 τοῦ
988 5737 1292 5807 ἀρχιερέως
1339 5739 1421 5804 εἰς
1467 5739 1536 5796 τὰ
1584 5739 1855 5810 βασίλεια,

1985 1887 2091 1935 que
2123 1872 2174 1923 in
2208 1871 2310 1925 hac
2345 1887 2481 1927 nova
2511 1879 2929 1933 consecratione
2956 1880 3335 1939 abundantius
3383 1886 3452 1940 ab
3501 1887 3570 1943 iis

1984 1959 2363 2028 suppeditatur
2399 1961 2490 2030 qui
2520 1978 2639 2018 eam
2693 1980 2931 2036 superne
2969 1983 3321 2040 acceperunt.
3376 1975 3570 2047 Neque

1983 2050 2147 2104 etiam
2175 2060 2307 2107 tunc
2336 2053 2663 2113 benedicere
2693 2059 3039 2129 prohibetur,
3080 2064 3210 2120 licet
3245 2067 3469 2125 alterius
3496 2071 3571 2126 sit

1985 2140 2139 2195 urbis
2170 2142 2482 2213 episcopus,
2514 2160 2640 2201 cum
2675 2148 2837 2217 hujus
2876 2153 2977 2217 rei,
3015 2164 3075 2210 ut
3110 2171 3302 2212 recens
3336 2160 3570 2214 ordina-

1984 2240 2072 2285 tus
2094 2272 2108 2295 ,
2150 2242 2479 2302 potestatem
2509 2238 2732 2296 habeat.
2763 2241 2980 2314 Accipit
3012 2262 3233 2318 quoque
3277 2253 3571 2323 mandyam

1981 2323 2098 2379 sive
2132 2326 2355 2394 pallium
2387 2330 2713 2387 undulatum
2749 2334 2892 2391 velut
2919 2338 3134 2406 doctor,
3160 2340 3291 2396 dum
3324 2343 3523 2400 dicitur
3552 2363 3571 2403 :

1989 2437 2009 2470 ι
2041 2417 2119 2475 De
2141 2421 2297 2478 ccelis
2332 2425 2594 2493 accepisti
2630 2426 2869 2483 divinam
2910 2432 3142 2501 gratiam
3169 2452 3185 2503 ;
3219 2455 3239 2489 ι
3293 2437 3422 2507 quia
3448 2455 3573 2510 gra-

1983 2509 2054 2563 tia
2095 2523 2126 2565 e
2156 2512 2311 2569 cmlis
2338 2513 2392 2568 in
2422 2530 2520 2568 nos
2550 2516 2720 2572 eIIusa
2750 2529 2857 2583 est,
2890 2528 2943 2575 et
2968 2537 3067 2593 per
3087 2526 3429 2597 encolpiunt,
3450 2509 3571 2588 sive

1982 2616 2079 2669 per
2110 2606 2291 2659 crucis
2325 2606 2573 2675 reliquiis
2593 2608 2831 2678 gravidae
2861 2628 2986 2681 quae
3040 2616 3182 2670 collo
3212 2622 3570 2689 .appenditur

1981 2695 2359 2761 traditionem,
2396 2709 2457 2753 ut
2512 2716 2610 2770 per
2644 2701 2892 2757 divinum
2955 2707 3321 2765 arrhabonem
3369 2713 3571 2769 contir-

1981 2797 2198 2841 matnr:
2234 2786 2496 2859 quoniam
2540 2794 2704 2848 etiam
2738 2811 3026 2865 personam
3055 2798 3263 2855 Christi
3307 2805 3568 2872 sustinet,

1978 2886 2034 2932 et
2067 2879 2120 2932 in
2149 2879 2373 2937 Christo
2404 2885 2565 2954 primi
2598 2886 3024 2957 episcOpi.Quia
3058 2890 3297 2963 denique
3328 2911 3566 2966 sponsus

1980 2967 2236 3027 Ecclesize
2269 2971 2475 3030 Christi
2506 2974 2684 3032 factus
2731 2983 2834 3042 est,
2878 2987 2932 3033 et
2986 2980 3087 3036 hac
3113 2983 3326 3041 ratione
3348 3001 3570 3046 omnem

1982 3058 2145 3115 habet
2179 3069 2502 3129 potestatem
2540 3066 2918 3130 benedicendi,
2958 3076 3025 3125 ‘et
3078 3073 3339 3140 precandi
3399 3094 3565 3148 quam

1978 3166 2276 3222 germanus
2308 3155 2454 3209 illius
2478 3157 2631 3213 urbis
2663 3158 2975 3228 episcopus,
3031 3175 3140 3216 non
3170 3171 3356 3220 tamen
3411 3168 3568 3224 ordi-

1982 3245 2169 3300 nandi.
2204 3245 2489 3302 Bcncdicit
2523 3257 2704 3305 autem
2741 3252 2961 3321 publice
2984 3261 3038 3309 et
3070 3257 3412 3315 conﬁdenter
3469 3276 3568 3332 per

1981 3337 2128 3392 hunc
2149 3338 2324 3393 solum
2351 3340 2520 3396 diem.

2509 3456 2742 3513 CAPUT
2781 3457 3033 3517 CCXVII.

1980 3542 2157 3608 Quare
2181 3547 2448 3602 civitatem
2479 3553 2772 3618 perequitat
2798 3569 2974 3606 recens
2999 3556 3282 3613 ordinatus
3318 3566 3370 3611 et
3398 3556 3563 3615 benc-

2346 3620 2630 3672 dictionem
2663 3623 2893 3689 impcrtit
2923 3626 3188 3682 omnibus.

2050 3705 2175 3761 Ideo
2207 3719 2495 3778 postquam
2532 3711 2600 3764 ab
2633 3711 2792 3767 altari
2824 3717 3072 3783 recessit,
3107 3732 3251 3786 equo
3313 3718 3562 3779 insidens

1976 3807 2131 3867 gyrat
2165 3801 2351 3853 urbem
2371 3842 2387 3869 ,
2411 3802 2705 3855 satellitum
2735 3813 3073 3859 armatorum
3098 3822 3302 3862 corona
3321 3811 3562 3883 cinctus,

1976 3890 2267 3956 crucisque
2300 3890 2458 3959 signo
2489 3891 2672 3960 signat
2712 3907 2927 3959 omnes,
2985 3905 3041 3949 et
3097 3897 3410 3956 benedicit:
3462 3918 3559 3957 ur-

1975 3980 2096 4034 bem
2150 3996 2370 4049 quoque
2425 3982 2584 4051 signo
2638 3985 2821 4038 erucis
2858 3988 3207 4055 sanctiﬁcat;
3245 4002 3300 4046 et
3365 4006 3556 4060 preces

1974 4071 2183 4124 [ueiens
2208 4084 2265 4124 ut
2296 4086 2470 4125 novus
2504 4072 2684 4127 faetus
2724 4075 3021 4144 episcopus
3049 4078 3290 4135 divinam
3328 4082 3558 4155 insuper

1973 4164 2201 4231 gratiam
2244 4177 2349 4234 qua
2400 4179 2494 4231 per
2546 4177 2742 4218 novam
2790 4168 3260 4223 consecrationem
3319 4172 3557 4231 donatus

1971 4266 2079 4319 est,
2105 4257 2494 4322 communicat,
2533 4267 2587 4311 et
2635 4258 3126 4315 sanctiﬁcationem
3172 4263 3558 4324 benedictione

1973 4346 2227 4417 largitur.

2500 4461 2727 4519 CAPUT
2758 4462 3036 4524 CCXVIII.

1969 4580 2147 4647 Quare
2203 4596 2379 4634 recens
2418 4580 2698 4636 ordinatus
2747 4585 3021 4650 episcOpus
3075 4583 3184 4639 abit
3227 4585 3554 4655 adimpera-

2036 4661 2200 4724 torem
2226 4662 2273 4704 et
2305 4668 2400 4720 pro
2423 4668 2481 4705 eo
2515 4664 2779 4715 precatur,
2811 4662 2863 4706 et
2899 4656 3160 4721 quomodo
3204 4656 3301 4710 hoc
3348 4660 3553 4724 pridem

2035 4720 2236 4787 factum
2273 4724 2455 4791 fuerit.
2911 4720 2919 4721 ί
3349 4720 3357 4724 ’
3392 4743 3401 4751 ‘

2036 4806 2399 4878 Quapropter,
2435 4817 2493 4862 ut
2542 4809 2687 4878 apud
2721 4809 2891 4866 Deum
2925 4814 3312 4869 confidentiam
3349 4831 3545 4872 conse-

1965 4912 2149 4967 cutus,
2182 4914 2235 4957 et
2269 4900 2618 4956 ordinatione
2648 4920 2746 4957 sua
2786 4914 3004 4974 potens,
3037 4909 3105 4962 ad
3157 4909 3543 4974 imperatorem

1967 4997 2203 5049 mittitur
2234 4994 2350 5065 ipse
2390 4995 2528 5049 bene
2576 5004 2927 5063 precaturus,
2957 5009 3009 5054 et
3068 5000 3237 5055 simul
3292 5010 3352 5055 ut
3403 5002 3546 5057 chri~

1967 5098 2085 5143 stus
2117 5087 2325 5141 Domini
2362 5104 2456 5156 per
2490 5086 2775 5156 Spiritum,
2800 5090 3065 5144 christum
3112 5091 3322 5146 Domini
3362 5092 3543 5149 cbris-

1965 5190 2110 5236 mate
2162 5180 2365 5235 factum
2421 5180 2714 5243 benedicit.
2773 5192 2826 5237 et
2883 5183 3139 5251 precibus
3196 5184 3540 5242 corroborat.

1968 5274 2122 5332 Unde
2158 5274 2223 5328 ad
2255 5290 2379 5330 eum
2417 5276 2747 5346 accedit,.ct
2793 5292 2914 5346 qua:
2966 5277 3229 5331 salutaria
3279 5287 3428 5344 sunt,
3492 5279 3546 5339 ei

1964 5378 2241 5439 precatur.
2294 5369 2395 5425 IIic
2444 5370 2579 5424 ordo
2628 5371 2778 5439 prius
2823 5372 3082 5423 decenter
3127 5380 3181 5425 et
3236 5372 3542 5426 secundum

1964 5461 2132 5517 Deum
2167 5472 2411 5519 amanter
2438 5462 2874 5530 observabatur;
2908 5462 3033 5517 ideo
3060 5463 3304 5533 episcopi
3361 5466 3542 5518 oratio

1964 5554 2259 5624 plurimum
2291 5563 2409 5609 crat
2436 5554 2586 5609 utilis
2606 5563 2660 5610 et
2688 5554 2904 5609 enicas.
2927 5552 3086 5609 Nunc
3135 5570 3265 5609 vero
3323 5564 3544 5610 contra-

1964 5651 2108 5702 rium
2141 5648 2490 5703 observatum
2524 5648 2827 5702 orationem
2863 5647 3043 5703 reddit
3069 5647 3341 5702 inutilem.
3386 5648 3540 5704 Anti-

1963 5743 2149 5814 qul'tus
2174 5756 2289 5797 mos
2321 5752 2440 5798 erat
2473 5751 2532 5796 ut
2584 5741 2896 5797 mitteretur
2920 5740 3360 5810 _rcfercndarius
3419 5758 3540 5797 eum
