4034 6192
466 259 567 326 631

1285 212 1678 320 srtmoms
1720 257 2484 321 THESS-ALONICENSIS
2527 256 2888 318 ARCHIEP.

3606 254 3702 321 432

465 374 725 445 episcopo
755 371 808 427 in
833 370 1066 427 Caesaris
1098 369 1391 440 palatium,
1456 371 1689 442 piusque
1747 371 2042 440 imperator
2070 437 2071 440 η

2161 369 2322 424 ἐποίει
2378 373 2723 440 παράστασιν
2763 369 2790 420 6
2824 363 3060 434 εὐσεϐὴς
3097 360 3377 432 βασιλεὺς,
3413 364 3504 416 καὶ
3560 367 3704 436 ἐρχό-

466 468 756 522 srationem
791 465 992 518 faceret
1024 462 1200 518 donec
1236 465 1446 517 veniret
1471 463 1784 532 episcopus.
1813 461 1888 516 Eo
1935 462 2039 532 igi-

467 569 555 612 tur
580 558 873 614 accedente
909 553 1124 610 diccbat
1149 553 1455 610 diaconus:
1487 572 1504 606 ι
1538 553 1830 608 Dominum
1855 554 2046 624 depre-

468 665 709 711 cemur,»
739 656 794 702 et
822 646 1113 716 episcopus
1137 645 1443 700 orationem
1473 644 1704 714 legebat,
1739 652 2047 713 praestoque

467 749 582 797 erat
605 739 975 802 thuribulum,
1010 746 1066 790 ut
1091 736 1359 791 scribitur
1393 736 1444 789 in
1475 734 1597 789 Vita
1617 735 1790 789 sancti
1819 735 2044 804 Amphi-

466 832 656 889 lochii.
697 829 811 885 lloc
843 844 988 883 nunc
1013 827 1143 882 facit
1169 826 1480 898 patriarcha
1525 825 1715 894 quinta
1741 825 1828 879 die
1859 838 2000 880 nova
2027 842 2040 878 :

467 929 758 997 episcopus
794 928 1021 990 accepto
1045 920 1347 982 tburibulo,
1381 918 1544 972 thure
1593 919 1820 973 incenso
1877 918 2044 984 impe-

467 1029 701 1072 ratorem
740 1015 1032 1086 perfundit,
1065 1023 1118 1067 ct
1145 1027 1268 1066 cum
1300 1011 1418 1080 ipso
1466 1010 1840 1064 communicat
1902 1008 2043 1062 divi-

465 1130 590 1166 nam
627 1111 856 1180 gratiam
889 1117 943 1164 et
970 1105 1481 1161 sanctificationem.
1511 1103 1823 1157 lnclinante
1879 1110 2045 1170 caput

466 1210 820 1276 imperatore,
857 1212 913 1254 ιιι
937 1197 1272 1268 significatur
1301 1197 1354 1248 in
1388 1196 1511 1250 Vita
1569 1193 1744 1248 sancti
1807 1192 2042 1245 Ambro-

466 1298 556 1360 sii,
603 1293 952 1364 impertiebat
1005 1289 1082 1343 illi
1132 1285 1570 1342 benedictionem
1620 1283 1934 1352 episcopus,
1989 1290 2046 1334 ut

467 1404 657 1445 recens
687 1386 998 1444 ordinatus,
1037 1391 1090 1434 et
1127 1377 1238 1447 jam
1274 1376 1480 1445 Spiritu
1508 1375 1821 1435 innovatus,
1856 1382 1909 1426 et
1956 1387 2046 1424 va-

465 1487 584 1538 lens
614 1483 668 1536 in
702 1477 924 1534 Christo
955 1473 1281 1528 benedicere
1340 1475 1394 1521 et
1447 1465 1809 1520 sanctificare.
1852 1463 2044 1544 Postea

468 1577 852 1644 imperatorem
885 1567 938 1621 in
967 1580 1062 1619 ore
1097 1561 1448 1618 osculabatur
1484 1567 1704 1628 propter
1748 1572 1867 1609 eam
1926 1570 2046 1623 quae

468 1665 522 1718 in
572 1661 794 1716 Christo
816 1664 899 1710 est
933 1668 1145 1724 pacem,
1183 1651 1503 1706 charilatem
1559 1656 1612 1701 et
1658 1648 2048 1701 sanctificatio-

2153 479 2312 533 μενος
2345 463 2372 516 6
2421 463 2734 532 ἀρχιερεὺς,
2789 457 2887 511 τοῦ
2936 457 3186 510 διακόνου
3245 455 3515 522 λέγοντος,
3554 475 3572 508 ι
3607 457 3704 511 Τοῦ

2147 555 2355 625 Κυρίου
2374 555 2678 623 δεηθῶμεν,
2712 571 2731 604 ι
2772 550 3113 618 ἀνεγίνωσκε
3157 549 3257 616 τὴν
3291 549 3476 618 εὐχὴν,
3504 550 3592 600 καὶ
3625 550 3704 602 δν-

2146 665 2238 710 τος
2267 646 2556 716 θυμιατοῦ,
2589 647 2663 706 ὡς
2697 645 2792 697 καὶ
2817 645 2873 695 ὲν
2910 642 2988 711 τῷ
3017 640 3116 710 βίῳ
3148 639 3242 693 τοῦ
3273 639 3418 692 θείου
3467 640 3705 709 Ἀμιιςοιλο⁴

2147 741 2268 808 χίου
2293 740 2624 808 γέγραπται,
2651 735 2809 788 τοῦτο
2836 733 2892 786 δὲ
2925 730 3018 785 νῦν
3057 733 3084 784 6
3124 730 3471 800 πατριάρχης
3513 733 3576 800 τῇ
3621 733 3708 799 νέᾳ

2147 831 2382 900 Πέμπτῃ
2415 831 2581 888 ποιεῖ,
2629 826 2927 894 λαμϐάνων
2959 824 2988 876 ὁ
3017 823 3309 892 ἀρχιερεὺς
3351 823 3411 874 τὺ
3439 820 3704 890 θυμιατδν,

2148 920 2349 988 ὲθυμία
2379 919 2471 970 τὸν
2509 916 2756 986 βασιλέα,
2802 912 3118 982 μεταδιδοὺς
3145 910 3295 979 αὐτῷ
3328 909 3476 971 Θείας
3503 911 3711 979 χάριτος

2148 1015 2243 1068 καὶ
2275 1010 2580 1080 ἀγιασμοῦ,
2618 1009 2714 1060 καὶ
2764 1005 3149 1064 ὐποκλίνοντος
3180 1002 3272 1054 τοῦ
3323 1001 3583 1071 βασιλέως
3624 1003 3711 1070 τὴν

2149 1104 2412 1173 κεφαλὴν,
2460 1102 2535 1165 ὼς
2594 1101 2688 1153 καὶ
2742 1100 2798 1150 ὲν
2829 1097 2906 1164 τῷ
2960 1095 3060 1165 βίῳ
3109 1093 3206 1146 τοῦ
3271 1093 3428 1160 ἁγίου
3475 1091 3715 1158 δηλοῦται

2161 1194 2512 1263 ’Λμὸροσίου,
2548 1191 2722 1243 ἐδίδου
2776 1186 3030 1254 εὐλογίαν
3059 1185 3208 1253 αὐτῷ
3240 1184 3268 1236 6
3316 1185 3621 1253 ἀρχιερεὺς.
3648 1183 3716 1242 ὡς

2149 1285 2346 1336 νεωστὶ
2372 1280 2771 1352 χειροτονηθεὶς
2807 1279 2900 1332 καὶ
2927 1275 3296 1343 ὲγκαινισϐεὶς
3325 1275 3425 1344 ἤδη
3449 1273 3524 1341 τῷ
3560 1273 3717 1325 [1νεύ-

2152 1393 2304 1444 ματι,
2343 1375 2434 1426 καὶ
2465 1373 2665 1441 ἰσχύων
2683 1374 2740 1424 ὲν
2767 1368 2990 1438 Χριστῷ
3023 1369 3250 1438 εἰρήνην
3306 1383 3366 1417 τε
3391 1369 3482 1416 καὶ
3509 1367 3716 1432 ἀγάπην

2150 1469 2243 1520 καὶ
2267 1469 2358 1518 τὸν
2389 1466 2664 1532 ἁγιασμόν
2690 1477 2703 1490 ·
2741 1463 2898 1529 ἅγιος
2943 1461 3051 1528 γὰρ
3083 1463 3149 1528 τῇ
3199 1457 3454 1512 κοινωνία
3487 1455 3592 1508 τῶν
3625 1473 3720 1524 pu-

2153 1553 2390 1622 στηρίων
2425 1554 2518 1605 καὶ
2545 1553 2610 1620 τῇ
2659 1548 2968 1619 χειροτονίᾳ
3019 1551 3045 1601 6
3077 1547 3396 1617 ἀρχιερεύς.
3453 1547 3610 1598 Ἀλλὰ
3633 1547 3717 1596 καὶ

2133 1647 2224 1710 ὡς
2244 1645 2528 1698 κοινωνίαν
2550 1644 2687 1714 μετὰ
2706 1643 2800 1694 τοῦ
2828 1641 3088 1711 βασιλέως
3120 1641 3259 1709 ἔχων
3288 1642 3354 1709 τῇ
3375 1636 3670 1708 χειροτονίᾳ
3696 1639 3720 1688 6

468 1768 614 1808 nem.
647 1750 880 1804 Sanctus
914 1745 1059 1800 enim
1092 1752 1172 1796 est
1205 1741 1499 1812 episcopus
1566 1754 1673 1792 non
1726 1737 1890 1792 modo
1937 1752 2054 1809 my-

2164 1737 2452 1807 ἀρχιερεὺς
2472 1736 2630 1787 τοῦτο
2655 1733 2850 1786 ἐποίειο
2871 1735 2952 1786 ὅτι
2976 1735 3002 1786 6
3037 1734 3132 1802 μὲν
3156 1731 3233 1801 τῷ
3264 1731 3528 1801 χρίσματι
3558 1730 3719 1796 ἅγιος,

470 1845 762 1899 steriorum
783 1835 1170 1893 communione
1193 1841 1248 1888 et
1283 1833 1653 1894 ordinatione,
1677 1844 1866 1884 verum
1884 1830 2047 1884 etiam

469 1935 574 1990 hoc
601 1933 730 1987 facit
763 1939 823 1984 ut
851 1929 1060 1984 habens
1091 1925 1439 1980 ordinatione
1471 1939 1569 1979 sua
1625 1937 1750 1977 cum
1801 1923 2044 1992 impera-

470 2038 586 2082 tore
637 2022 1101 2077 communionem.
1166 2016 1300 2070 Nam
1378 2015 1675 2085 religiosus
1750 2015 2048 2083 imperator

468 2117 768 2181 chrismate
845 2111 1062 2182 quidem
1124 2117 1346 2163 sanctus
1411 2117 1514 2171 est,
1568 2107 1860 2175 episcopus
1917 2119 2046 2159 vero

467 2208 832 2265 ordinatione.
862 2203 990 2257 Post
1019 2201 1267 2255 osculum
1294 2199 1598 2252 honorabat
1628 2202 1923 2266 cpiscopus
1965 2196 2049 2250 in-

470 2300 768 2354 clinatione
790 2292 985 2362 capitis
1027 2293 1411 2360 irnperatorem
1442 2295 1662 2358 propter
1705 2288 2044 2341 mundanam

469 2397 819 2460 potestatem,
848 2395 901 2439 et
930 2382 1271 2437 discedebat.
1301 2379 1453 2433 Multi
1508 2379 1884 2449 religiosorum
1944 2378 2048 2430 int-

469 2491 785 2554 peratorum
811 2495 933 2534 eum
960 2477 1281 2531 muneribus
1315 2475 1615 2539 donabant,
1654 2481 1716 2526 ut
1755 2488 1854 2542 pro
1913 2471 2048 2541 ipsis

469 2586 775 2648 precatum,
811 2583 863 2627 et
890 2570 1188 2624 honorifice
1214 2567 1580 2628 dimittebant,
1621 2578 1679 2620 ttt
1731 2565 2044 2620 sanctifica»

475 2682 610 2729 tum.
645 2671 736 2725 Sic
777 2681 1007 2735 magnus
1032 2663 1433 2718 Constantinus
1467 2675 1575 2717 non
1612 2661 1772 2713 tnodo
1799 2659 2044 2711 divinum

2148 1833 2265 1902 ἦτοι
2315 1834 2342 1884 ὁ
2393 1832 2620 1899 εὐσετῖὴς
2680 1828 2954 1898 βασιλεὺς,
3018 1831 3045 1880 6
3079 1829 3137 1880 δέ
3164 1845 3226 1895 γε
3255 1826 3552 1896 ἀρχιερεὺς
3582 1824 3725 1890 ἅγιος

2145 1925 2211 1992 τῇ
2235 1923 2558 1993 χειροτονίᾳ.
2627 1923 2778 1975 Μετὰ
2815 1922 2871 1974 δὲ
2897 1923 2985 1974 τὸν
3065 1920 3363 1989 ἁσπχσμὶν
3420 1915 3726 1987 προσκυνῶν

2147 2017 2210 2083 τῇ
2242 2012 2455 2083 κεφαλῇ
2489 2013 2579 2064 τὸν
2622 2010 2846 2081 βασιλέα
2880 2011 2967 2064 διὰ
3001 2011 3101 2081 τὴν
3159 2010 3438 2079 κοσμικὴν
3471 2007 3726 2071 ἐξουσίαν,

2145 2106 2428 2174 ἀπήρχετο
2453 2107 2480 2156 6
2517 2105 2830 2174 ἀρχιερεύς.
2868 2103 3059 2156 Πολλοὶ
3092 2102 3149 2156 δὲ
3179 2102 3284 2155 τῶν
3319 2100 3560 2153 εὐσεϐῶν
3590 2099 3730 2168 βατι-

2156 2195 2294 2249 λέων
2326 2195 2420 2249 καὶ
2439 2195 2738 2266 ἐδωροῦντο
2756 2193 2932 2263 τούτῳ
2955 2194 3029 2258 ὡς
3051 2194 3343 2264 εὐξαμένῳ
3379 2193 3515 2260 ὑπὲρ
3539 2188 3728 2252 αὐτῶν,

2154 2292 2249 2344 καὶ
2284 2293 2642 2362 προέπεμπον
2688 2291 2763 2353 ὡς
2813 2291 3172 2361 ἡγιασμένον,
3213 2290 3287 2354 ὡς
3317 2292 3419 2344 καὶ
3449 2291 3727 2342 Κωνσταν-

2155 2385 2298 2445 τίνος
2325 2384 2352 2434 6
2382 2384 2594 2450 Μέγας,
2628 2381 2687 2434 οὐ
2717 2381 2809 2434 τὸν
2838 2382 2979 2436 Θεῖον
3022 2382 3355 2451 Σίλϐεστρον
3390 2382 3566 2449 μόνον,
3598 2377 3728 2431 ἀλλὰ

2164 2475 2260 2526 καὶ
2295 2475 2422 2536 τοὺς
2458 2475 2514 2526 ὲν
2571 2477 2640 2544 τῇ
2692 2473 2898 2540 συνόδῳ
2933 2475 3142 2536 πάντας
3174 2473 3370 2542 σχεδὸν
3401 2471 3731 2542 προπέμπων

2156 2565 2354 2627 αὐτοὺς
2395 2567 2490 2618 καὶ
2534 2565 2710 2633 τιμῶν
2767 2566 2860 2616 καὶ
2908 2563 3248 2635 δωρούμενος
3277 2563 3619 2632 καθεωρᾶτο,
3647 2561 3730 2613 καὶ

2157 2657 2224 2709 τὰ
2251 2655 2342 2708 διὰ
2399 2657 2638 2724 Χριστὸν
2671 2655 2916 2708 παθόντα
2950 2656 3104 2724 τίμια
3135 2654 3352 2709 τούτων
3391 2657 3523 2726 μέλη
3554 2654 3732 2723 τιμῶν.

472 2767 834 2838 Sylrestrnnt,
861 2737 1142 2815 sedctiam
1175 2757 1462 2826 episcopos
1496 2768 1665 2822 prope
1713 2767 1905 2806 omnes
1953 2750 2044 2818 qni
2084 2757 2244 2802 erant
2281 2749 2337 2801 in
2377 2748 2586 2818 synodo
2616 2748 2916 2804 honorifice
2982 2749 3364 2803 comitabatur
3402 2759 3455 2803 ct
3517 2750 3737 2803 deduce-

472 2865 583 2926 bat,
625 2871 677 2914 ct
737 2856 1183 2926 conspiciebatur
1241 2852 1624 2920 largitionibus
1687 2863 1784 2902 eos

1887 2862 2248 2916 prosequens,
2301 2854 2357 2901 et
2444 2847 2687 2899 membra
2738 2860 2930 2899 eorum
2979 2845 3074 2916 qui
3155 2856 3394 2916 preptcr
3477 2847 3736 2902 Christum

472 2956 618 3026 passi
674 2954 925 3015 fuuant,
986 2957 1042 3002 ut
1074 2946 1289 3000 caeteris
1317 2945 1517 3013 magis
1580 2941 1842 3012 pretiosa,
1873 2944 2170 2994 honorans.

1019 3065 1249 3120 CAPUT
1281 3065 1508 3119 C(LXlX.

475 3163 628 3229 Quod
653 3160 964 3229 episcopalis
1008 3160 1243 3229 dignitas
1271 3173 1372 3229 non
1407 3159 1480 3208 ita
1509 3167 1560 3208 ut
1590 3159 1735 3224 prius
1761 3157 2057 3208 honoratur

714 3249 743 3282 α
785 3230 1012 3298 reg.bus,
1066 3228 1201 3278 unde
1237 3231 1317 3278 ira
1352 3227 1443 3278 Dei
1473 3238 1810 3293 provocatur.

554 3413 712 3467 Nunc
737 3417 912 3462 autem
952 3406 1006 3459 fit
1035 3405 1260 3457 omnino
1293 3403 1652 3457 contrarium.
1696 3401 2058 3472 Exspectatur

479 3506 699 3574 quidem
726 3501 1037 3570 cpiscolms,
1075 3497 1243 3560 venit,
1281 3504 1565 3564 precatur;
1625 3496 1827 3549 nullFus
1876 3504 2056 3548 tamen

481 3595 706 3650 honoris
741 3598 966 3662 propter
995 3589 1273 3640 Christum
1335 3585 1533 3653 dignus
1595 3583 1898 3652 judicatur,
1961 3584 2052 3636 sed

481 3690 662 3759 potius
688 3685 1076 3746 deder-oratur,
1113 3689 1164 3732 et
1223 3695 1286 3732 eo
1319 3678 1413 3747 qui
1472 3677 1818 3734 benedicitur
1886 3677 2058 3730 multo

483 3783 662 3836 minor
691 3776 948 3836 habetur,
981 3784 1033 3828 et
1068 3773 1214 3825 illius
1257 3769 1566 3824 secundum
1597 3769 1912 3822 servitutem
1961 3768 2062 3819 mi-

484 3869 980 3929 nister‘leCtoribus
1010 3866 1189 3928 vilior,
1226 3863 1318 3932 qni
1357 3861 1445 3916 die
1499 3861 1694 3930 quinto
1741 3874 1882 3912 novo
1935 3873 2058 3912 cum

481 3964 789 4036 patriarcha
815 3972 866 4014 et
899 3957 1112 4014 caeteris
1165 3953 1383 4008 clericis
1430 3951 1779 4019 imperatoris
1839 3963 2058 4004 manum

479 4071 757 4127 genasque
786 4053 1129 4108 osculantur.
1165 4048 1444 4102 Accedens
1474 4046 1618 4100 enim
1656 4060 1842 4099 coram
1886 4045 2059 4113 impe-

486 4160 668 4202 ratore
694 4160 814 4202 sese
855 4143 1178 4212 prosternit,
1207 4149 1258 4195 et
1295 4147 1548 4208 precatus
1600 4137 1751 4192 illius
1781 4136 2060 4192 dexteram

484 4244 782 4296 osculatur.

1045 4431 1273 4488 CAPUT
1314 4427 1520 4483 CCXX.

485 4555 638 4620 Quod
673 4550 942 4604 canonicis
974 4546 1451 4620 constitutionibus
1484 4544 1763 4620 adversum
1795 4552 1891 4606 est,
1942 4543 2055 4610 epi-

553 4639 732 4691 scopos
754 4623 991 4675 dextrum
1021 4619 1151 4685 regis
1183 4615 1440 4691 osculari,
1460 4627 1504 4666 et
1527 4614 1802 4691 episcopos
1829 4629 1889 4665 ac
1920 4629 2059 4680 prwo

529 4682 749 4764 positos
781 4710 812 4745 a
849 4707 966 4760 rege
1001 4682 1273 4757 transponi
1301 4689 1353 4738 in
1382 4689 1491 4738 alia
1520 4682 1658 4737 locu.

557 4868 843 4937 Quomodo
904 4867 994 4936 qui
1030 4876 1286 4936 precatus
1315 4876 1398 4919 est
1432 4865 1534 4917 hoc
1592 4863 1754 4917 facit?
1779 4864 2057 4930 Quamob-

488 4979 602 5019 rem
645 4963 942 5032 imperator
969 4957 1272 5012 sacerdotis
1303 4970 1523 5008 manum
1569 4956 1878 5019 osculatur,
1914 4958 2062 5010 ordi-

491 5063 654 5108 natus
685 5069 812 5107 vero
839 5053 1127 5119 episcopus
1163 5055 1289 5115 post
1316 5048 1628 5102 orationem
1680 5049 1921 5101 habitam
1958 5049 2062 5101 im-

492 5146 759 5214 peratoris
798 5139 1193 5196 manum?lloc
1229 5139 1284 5193 fit
1338 5141 1492 5208 plane
1544 5147 1740 5207 praeter
1794 5140 2061 5193 rationem

495 5248 548 5288 et
577 5237 1062 5302 inconsequenter.
1086 5230 1221 5286 Vide
1255 5246 1384 5285 vero
1419 5240 1682 5301 quantum
1719 5239 1773 5284 ct
1802 5231 1962 5300 quale
1995 5233 2067 5285 sit

494 5326 544 5377 id
565 5326 712 5394 quod
734 5327 810 5379 fit.
830 5323 1216 5380 Sanctificatus
1236 5319 1465 5390 Spiritu,
1485 5327 1839 5376 consecratus
1857 5324 2065 5389 episco-

498 5414 726 5482 pus,qui
760 5427 977 5464 manum
1003 5411 1166 5465 habet
1191 5411 1612 5473 sanctificatam,
1642 5410 1714 5463 ita
1745 5418 1801 5463 ut
1822 5413 1990 5480 possit
2015 5418 2067 5463 et

499 5504 773 5570 ordinare,
790 5513 842 5557 et
862 5502 1204 5567 benedicere,
1229 5511 1284 5556 et
1316 5516 1478 5556 cruce
1503 5502 1720 5569 signare
1750 5503 1900 5556 viros
1928 5503 2064 5571 pios,

496 5593 612 5662 ipse
659 5593 911 5647 manibus
943 5591 1160 5660 ligatur.
1195 5591 1384 5647 Manus
1403 5606 1532 5646 vero
1553 5593 1616 5646 ad
1640 5593 2066 5647 benedicendum

499 5700 604 5739 non
636 5691 1001 5751 consecratas,
1036 5683 1128 5740 sed
1165 5684 1466 5741 mundanas
1489 5695 1540 5741 et
1566 5685 1877 5748 bellicosas,
1913 5685 2070 5739 labiis

2079 3050 2128 3113 C

2619 3064 2778 3134 166
2826 3062 3077 3117 tte-MA.
3131 3064 3274 3116 me.

2162 3156 2292 3229 "Ott
2338 3158 2409 3209 οὺ
2444 3154 2676 3229 τιμᾶται
2716 3157 2832 3229 νῦν
2885 3158 2922 3222 ή
2975 3159 3405 3229 ἀρχιερωσύνη
3451 3160 3605 3229 παρὰ
3635 3158 3743 3214 τῶν

2225 3227 2542 3298 βασιλέων
2572 3227 2651 3291 ὡς
2687 3227 2982 3294 πρότερον
3007 3244 3019 3257 ·
3068 3226 3165 3279 διὰ
3218 3227 3408 3282 τοῦτο
3468 3226 3739 3298 ὀργίζεται

2235 3297 2403 3361 Θεός.

2231 3407 2343 3460 Νῦν
2375 3407 2430 3459 δὲ
2463 3407 2774 3460 τούναντίον
2808 3411 3019 3475 γίνεται
3052 3409 3232 3462 ᾶπαν-
3266 3414 3366 3466 καὶ
3396 3416 3428 3483 ἡ
3473 3417 3740 3484 παράστα-

2164 3516 2245 3562 σις
2277 3499 2375 3568 μὲν
2397 3498 2652 3561 τελεῖται,
2685 3501 2778 3551 καὶ
2805 3501 2831 3551 6
2862 3501 3150 3570 ἀρχιερεὺς
3177 3503 3479 3572 ἐρχόμενος
3507 3505 3736 3575 εὔχεται·

2161 3591 2220 3642 οὐ
2257 3591 2424 3660 τιμῆς
2453 3591 2509 3642 δέ
2539 3606 2682 3652 τινος
2712 3592 2798 3643 διὰ
2826 3592 3066 3659 Χριστὸν
3093 3593 3368 3658 ἀξιοῦται,
3402 3597 3516 3651 ἀλλ’
3552 3598 3742 3663 ἀτιμά-

2163 3682 2316 3746 ζεται
2345 3682 2568 3749 μᾶλλον,
2601 3684 2698 3735 καὶ
2730 3683 2802 3743 ὼς
2836 3684 3076 3736 ἐλάττων
3119 3685 3260 3738 κατὰ
3297 3689 3432 3741 πολὺ
3456 3689 3738 3741 ’δείκνυται

2161 3771 2258 3823 τοῦ
2284 3773 2698 3841 εὐλογηθέντος,
2729 3775 2824 3826 καὶ
2859 3775 2999 3828 κατὰ
3030 3776 3277 3829 δουλείαν
3317 3780 3618 3850 ὑπηρέτης,
3654 3780 3742 3831 καὶ

2162 3866 2270 3917 τῶν
2309 3865 2675 3933 ἀναγνωστῶν
2711 3866 3116 3936 εὐτελέστερος,
3164 3868 3272 3920 τῶν
3319 3875 3462 3924 κατὰ
3496 3875 3592 3938 τὴν
3622 3872 3739 3922 νέαν

2215 3958 2426 4028 ἐμπτην
2459 3959 2862 4028 ἀσπαζομένων
2895 3960 2983 4013 τὸν
3012 3960 3235 4028 βασιλέα
3260 3964 3343 4024 εἷς
3385 3981 3443 4015 τε
3473 3964 3571 4033 τὴν
3591 3966 3742 4034 χεῖρα

2164 4049 2258 4102 καλ⁹
2291 4049 2389 4116 τὴν
2417 4049 2653 4119 παρειὰν
2691 4050 2830 4118 μετὰ
2881 4051 2990 4102 τῶν
3043 4051 3325 4120 κληρικῶν
3379 4055 3600 4108 καὶτοῦ
3647 4071 3744 4105 πα-

2164 4141 2448 4210 τριάρχου.
2503 4140 2824 4209 Προσελοὼν
2879 4143 2984 4210 γὰρ
3035 4143 3112 4213 τῷ
3167 4143 3388 4211 βασιλεῖ
3437 4147 3742 4214 προσκυνεῖ,

2165 4233 2258 4284 καὶ
2287 4231 2384 4300 τὴν
2411 4231 2578 4286 αὐτοῦ
2613 4230 2706 4284 τοῦ
2737 4232 3002 4300 βασιλέως
3036 4235 3350 4298 ἀσπὰζεται
3401 4241 3561 4308 χεῖρα
3610 4235 3743 4297 μετᾶ

2165 4323 2224 4375 τὸ
2269 4322 2550 4386 εὔξασθαι.

2747 4438 2998 4493 ΚΕΦᾹΛ.
3051 4440 3175 4492 ΣΚ’.

2170 4551 2391 4630 Ὀτιῳτὸ
2415 4549 2787 4630 ἀσπᾴζεᾳθαι
2811 4553 3105 4630 ἀρχιερεῖς
3143 4553 3258 4630 τῂν
3292 4556 3403 4608 τοῦ
3441 4557 3745 4630 ,ϐασιλέως

2239 4621 2407 4695 χεῖρα
2426 4623 2583 4695 παρὰ
2613 4621 2726 4695 τὴν
2752 4623 3085 4695 κανονςικὴν
3119 4623 3315 4695 τάξιν·
3355 4629 3452 4677 καὶ
3491 4628 3558 4679 τὸ
3576 4643 3744 4695 μετα-

2240 4691 2438 4763 (ξέσεις
2468 4692 2818 4743 ἐπισκόπων
2839 4691 2939 4746 καί
2983 4694 3336 4763 ἡγουμένων
3396 4691 3595 4749 ποιεῖῦ
3645 4697 3746 4750 τὸν

2232 4760 2512 4822 βασιλέα.

2241 4873 2351 4925 Kal.
2408 4874 2524 4937 πῶς
2579 4875 2606 4926 6
2656 4875 2948 4944 εὐχόμενος
2998 4875 3156 4929 τοῦτο
3209 4880 3390 4946 ποιεῖ;
3447 4881 3561 4932 Καὶ
3609 4876 3745 4932 διατί

2168 4960 2545 5031 πρεσϐυτέρου
2582 4963 2682 5032 μὲν
2731 4963 2828 5026 τὰς
2874 4967 3062 5035 χεῖρας
3097 4966 3412 5030 ἀσπάζεται
3475 4970 3743 5039 βασιλεὺς,

2168 5051 2459 5122 ἀρχιερεὺς
2494 5051 2548 5105 δὲ
2580 5057 2984 5124 χειροτονηθεὶς
3010 5059 3102 5110 καὶ
3125 5060 3444 5128 εὐχόμενος,
3467 5061 3568 5130 τὴν
3601 5063 3753 5130 χεῖρα

2169 5142 2264 5194 τοῦ
2301 5142 2562 5212 βασιλέως
2589 5160 2604 5209 ;
2635 5144 2806 5198 Τοῦτο
2832 5146 2985 5217 παρὰ
3018 5149 3200 5202 πᾶσαν
3249 5150 3582 5203 ἀκολουθίαν
3617 5151 3750 5203 ἐστί.

2175 5233 2282 5285 Καὶ
2311 5234 2411 5303 ὅρα
2440 5234 2499 5286 τὸ
2533 5236 2820 5304 γινόμενον
2852 5238 3072 5294 ὅσον.⁹0
3104 5242 3446 5310 ήγιασμὲνος
3478 5242 3554 5311 τῷ
3587 5243 3753 5294 five-J-

2177 5340 2331 5392 ματι,
2364 5325 2391 5376 6
2422 5326 2779 5394 καθιερωοε“ις
2820 5330 3133 5399 ἀρχιερεὺς,
3187 5332 3215 5383 6
3245 5332 3342 5398 τὴν
3401 5335 3565 5401 χεῖρα
3599 5334 3755 5400 ἁγια-

2177 5413 2346 5476 σθεῒς,
2376 5413 2518 5467 ὥστε
2571 5421 2903 5486 χειροτονεῖν
2925 5419 3188 5474 δύνασθαι
3236 5423 3329 5473 καὶ
3385 5424 3633 5492 εὐλογεῖν
3664 5423 3753 5474 καὶ

2178 5503 2506 5572 σφραγίζειν
2543 5507 2666 5566 τούς
2697 5506 2963 5575 εὐσεϐεῖς,
2995 5510 3155 5572 αὐτὸς
3190 5511 3384 5579 δεσμεῖ
3418 5514 3516 5574 τὰς
3543 5516 3750 5580 χεῖρας,

2177 5600 2273 5652 καὶ
2303 5601 2400 5662 τὰς
2425 5603 2501 5675 μὴ
2535 5604 2945 5675 καθιερωμένος
2971 5608 3049 5672 είς
3073 5607 3132 5662 τὸ
3163 5606 3425 5671 εὐλογεῖν,
3460 5601 3598 5656 ἀλλὰ
3631 5617 3754 5654 κυσ-

2182 5687 2347 5756 μικὰς
2373 5691 2467 5743 καὶ
2501 5697 2870 5763 στρατηγικὰς
2907 5699 3119 5762 χεῖρας,
3154 5694 3467 5755 ἀσπάζεται
3495 5690 3753 5747 δουλικῶς
