  <div class='ocr_page' id='page_1' title='image "/cluster/home/n/w/nwhite01/storage/ocr_20150623/155/hvd.32044069650117/222.png"; bbox 0 0 4034 6192; ppageno 0'>
   <div class='ocr_carea' id='block_1_1' title="bbox 286 331 386 396">
    <p class='ocr_par' dir='ltr' id='par_1_1' title="bbox 286 331 386 396">
     <span class='ocr_line' id='line_1_1' title="bbox 286 331 386 396; baseline 0.01 -1"><span class='ocrx_word' id='word_1_1' title='bbox 286 331 386 396; x_wconf 64' lang='grc'><strong>433</strong></span> 
     </span>
    </p>
   </div>
   <div class='ocr_carea' id='block_1_2' title="bbox 1357 339 2482 416">
    <p class='ocr_par' dir='ltr' id='par_1_2' title="bbox 1357 339 2482 416">
     <span class='ocr_line' id='line_1_2' title="bbox 1357 339 2482 416; baseline 0.015 -20"><span class='ocrx_word' id='word_1_2' title='bbox 1357 341 1455 399; x_wconf 73' lang='grc' dir='ltr'><strong>ηε</strong></span> <span class='ocrx_word' id='word_1_3' title='bbox 1487 339 1706 400; x_wconf 78' lang='lat' dir='ltr'><strong>SACRI</strong></span> <span class='ocrx_word' id='word_1_4' title='bbox 1720 341 1760 400; x_wconf 89' lang='lat' dir='ltr'><strong>S</strong></span> <span class='ocrx_word' id='word_1_5' title='bbox 1795 341 2482 416; x_wconf 79' lang='lat' dir='ltr'><strong>ORDINATIONIBUS.</strong></span> 
     </span>
    </p>
   </div>
   <div class='ocr_carea' id='block_1_3' title="bbox 3439 361 3542 424">
    <p class='ocr_par' dir='ltr' id='par_1_3' title="bbox 3439 361 3542 424">
     <span class='ocr_line' id='line_1_3' title="bbox 3439 361 3542 424; baseline -0.019 0"><span class='ocrx_word' id='word_1_6' title='bbox 3439 361 3542 424; x_wconf 70' lang='lat'><strong>43£</strong></span> 
     </span>
    </p>
   </div>
   <div class='ocr_carea' id='block_1_4' title="bbox 281 431 1861 542">
    <p class='ocr_par' dir='ltr' id='par_1_4' title="bbox 281 431 1861 524">
     <span class='ocr_line' id='line_1_4' title="bbox 281 431 1861 524; baseline 0.003 -22"><span class='ocrx_word' id='word_1_7' title='bbox 281 450 512 522; x_wconf 78' lang='grc' dir='ltr'><strong>χείλεσιν</strong></span> <span class='ocrx_word' id='word_1_8' title='bbox 535 449 702 517; x_wconf 76' lang='grc' dir='ltr'><strong>ἱεροῖς</strong></span> <span class='ocrx_word' id='word_1_9' title='bbox 731 449 824 503; x_wconf 70' lang='grc' dir='ltr'><strong>καὶ</strong></span> <span class='ocrx_word' id='word_1_10' title='bbox 849 451 1224 522; x_wconf 70' lang='grc' dir='ltr'><strong>ἡγιασμένοις,</strong></span> <span class='ocrx_word' id='word_1_11' title='bbox 1245 451 1372 522; x_wconf 79' lang='grc' dir='ltr'><strong>χθὲς</strong></span> <span class='ocrx_word' id='word_1_12' title='bbox 1401 453 1500 524; x_wconf 79' lang='grc' dir='ltr'><strong>ἠδη</strong></span> <span class='ocrx_word' id='word_1_13' title='bbox 1530 431 1626 505; x_wconf 77' lang='grc' dir='ltr'><strong>καὶ</strong></span> <span class='ocrx_word' id='word_1_14' title='bbox 1657 449 1778 508; x_wconf 85' lang='grc' dir='ltr'><strong>καθ’</strong></span> <span class='ocrx_word' id='word_1_15' title='bbox 1803 454 1861 516; x_wconf 84' lang='grc' dir='ltr'><strong>ἡ·</strong></span> 
     </span>
    </p>
   </div>
   <div class='ocr_carea' id='block_1_5' title="bbox 1968 431 3544 542">
    <p class='ocr_par' dir='ltr' id='par_1_5' title="bbox 1968 450 3544 542">
     <span class='ocr_line' id='line_1_5' title="bbox 1968 450 3544 542; baseline 0.021 -32"><span class='ocrx_word' id='word_1_16' title='bbox 1968 450 2140 514; x_wconf 82' lang='lat' dir='ltr'><strong>sacris</strong></span> <span class='ocrx_word' id='word_1_17' title='bbox 2173 471 2225 515; x_wconf 90' lang='lat' dir='ltr'><strong>et</strong></span> <span class='ocrx_word' id='word_1_18' title='bbox 2270 466 2647 534; x_wconf 81' lang='lat' dir='ltr'><strong>sanctiﬁcatis,</strong></span> <span class='ocrx_word' id='word_1_19' title='bbox 2681 481 2802 538; x_wconf 67' lang='lat' dir='ltr'><strong>qua!</strong></span> <span class='ocrx_word' id='word_1_20' title='bbox 2829 469 2937 541; x_wconf 88' lang='lat' dir='ltr'><strong>jam</strong></span> <span class='ocrx_word' id='word_1_21' title='bbox 2977 467 3094 526; x_wconf 84' lang='lat' dir='ltr'><strong>heri</strong></span> <span class='ocrx_word' id='word_1_22' title='bbox 3119 479 3172 526; x_wconf 87' lang='lat' dir='ltr'><strong>et</strong></span> <span class='ocrx_word' id='word_1_23' title='bbox 3213 487 3544 542; x_wconf 66' lang='lat' dir='ltr'><strong>unoquoque</strong></span> 
     </span>
    </p>
   </div>
   <div class='ocr_carea' id='block_1_6' title="bbox 285 541 1858 614">
    <p class='ocr_par' dir='ltr' id='par_1_6' title="bbox 285 541 1858 614">
     <span class='ocr_line' id='line_1_6' title="bbox 285 541 1858 614; baseline 0.001 -18"><span class='ocrx_word' id='word_1_24' title='bbox 285 541 454 612; x_wconf 73' lang='grc' dir='ltr'><strong>μέραν</strong></span> <span class='ocrx_word' id='word_1_25' title='bbox 485 544 549 612; x_wconf 83' lang='grc' dir='ltr'><strong>τῇ</strong></span> <span class='ocrx_word' id='word_1_26' title='bbox 589 544 792 612; x_wconf 73' lang='grc' dir='ltr'><strong>φρικτῇ</strong></span> <span class='ocrx_word' id='word_1_27' title='bbox 830 543 1209 612; x_wconf 70' lang='grc' dir='ltr'><strong>προσψαύουσι</strong></span> <span class='ocrx_word' id='word_1_28' title='bbox 1243 545 1520 614; x_wconf 71' lang='grc' dir='ltr'>κοινωνίᾳ.</span> <span class='ocrx_word' id='word_1_29' title='bbox 1566 543 1727 596; x_wconf 75' lang='grc' dir='ltr'>Ἀλλὰ</span> <span class='ocrx_word' id='word_1_30' title='bbox 1767 543 1858 598; x_wconf 83' lang='grc' dir='ltr'><strong>καὶ</strong></span> 
     </span>
    </p>
   </div>
   <div class='ocr_carea' id='block_1_7' title="bbox 281 635 1858 710">
    <p class='ocr_par' dir='ltr' id='par_1_7' title="bbox 281 635 1858 710">
     <span class='ocr_line' id='line_1_7' title="bbox 281 635 1858 710; baseline 0.002 -21"><span class='ocrx_word' id='word_1_31' title='bbox 281 635 594 705; x_wconf 81' lang='grc' dir='ltr'><strong>καθημένου</strong></span> <span class='ocrx_word' id='word_1_32' title='bbox 617 635 710 688; x_wconf 84' lang='grc' dir='ltr'><strong>τοῦ</strong></span> <span class='ocrx_word' id='word_1_33' title='bbox 743 635 1008 705; x_wconf 83' lang='grc' dir='ltr'><strong>βασιλέως</strong></span> <span class='ocrx_word' id='word_1_34' title='bbox 1057 639 1412 710; x_wconf 83' lang='grc' dir='ltr'><strong>παρίσταται.</strong></span> <span class='ocrx_word' id='word_1_35' title='bbox 1463 639 1647 692; x_wconf 85' lang='grc' dir='ltr'><strong>Ταῦτα</strong></span> <span class='ocrx_word' id='word_1_36' title='bbox 1681 641 1726 692; x_wconf 87' lang='grc' dir='ltr'><strong>εί</strong></span> <span class='ocrx_word' id='word_1_37' title='bbox 1760 639 1858 708; x_wconf 81' lang='grc' dir='ltr'><strong>μὲν</strong></span> 
     </span>
    </p>
   </div>
   <div class='ocr_carea' id='block_1_8' title="bbox 285 723 1850 801">
    <p class='ocr_par' dir='ltr' id='par_1_8' title="bbox 285 723 1850 801">
     <span class='ocr_line' id='line_1_8' title="bbox 285 723 1850 801; baseline 0.001 -21"><span class='ocrx_word' id='word_1_38' title='bbox 285 727 497 794; x_wconf 76' lang='grc' dir='ltr'><strong>ἰδιώτης</strong></span> <span class='ocrx_word' id='word_1_39' title='bbox 527 723 594 798; x_wconf 81' lang='grc' dir='ltr'><strong>ἦν</strong></span> <span class='ocrx_word' id='word_1_40' title='bbox 623 728 754 780; x_wconf 58' lang='grc' dir='ltr'><strong>ἔδει·</strong></span> <span class='ocrx_word' id='word_1_41' title='bbox 791 728 913 780; x_wconf 78' lang='grc' dir='ltr'><strong>ἐπεὶ</strong></span> <span class='ocrx_word' id='word_1_42' title='bbox 953 729 1065 794; x_wconf 75' lang='grc' dir='ltr'><strong>καὶ,</strong></span> <span class='ocrx_word' id='word_1_43' title='bbox 1117 749 1136 781; x_wconf 79' lang='grc' dir='ltr'><strong>ι</strong></span> <span class='ocrx_word' id='word_1_44' title='bbox 1169 731 1274 784; x_wconf 76' lang='grc' dir='ltr'><strong>Τὸν</strong></span> <span class='ocrx_word' id='word_1_45' title='bbox 1300 731 1526 800; x_wconf 67' lang='grc' dir='ltr'><strong>βασιλέα</strong></span> <span class='ocrx_word' id='word_1_46' title='bbox 1580 734 1798 801; x_wconf 82' lang='grc' dir='ltr'><strong>τιμᾶτε.</strong></span> <span class='ocrx_word' id='word_1_47' title='bbox 1833 749 1850 782; x_wconf 75' lang='grc' dir='ltr'><strong>ι</strong></span> 
     </span>
    </p>
   </div>
   <div class='ocr_carea' id='block_1_9' title="bbox 283 819 1858 893">
    <p class='ocr_par' dir='ltr' id='par_1_9' title="bbox 283 819 1858 893">
     <span class='ocr_line' id='line_1_9' title="bbox 283 819 1858 893; baseline 0.002 -21"><span class='ocrx_word' id='word_1_48' title='bbox 283 819 444 889; x_wconf 73' lang='grc' dir='ltr'><strong>φησὶν</strong></span> <span class='ocrx_word' id='word_1_49' title='bbox 471 821 498 870; x_wconf 73' lang='lat'><em>5</em></span> <span class='ocrx_word' id='word_1_50' title='bbox 569 821 891 884; x_wconf 82' lang='grc' dir='ltr'><strong>Ἀπόστολος</strong></span> <span class='ocrx_word' id='word_1_51' title='bbox 915 839 928 852; x_wconf 80' lang='grc'><strong>’</strong></span> <span class='ocrx_word' id='word_1_52' title='bbox 984 823 1030 874; x_wconf 78' lang='grc' dir='ltr'><strong>εξ</strong></span> <span class='ocrx_word' id='word_1_53' title='bbox 1077 822 1133 876; x_wconf 83' lang='grc' dir='ltr'><strong>δὲ</strong></span> <span class='ocrx_word' id='word_1_54' title='bbox 1163 821 1402 892; x_wconf 81' lang='grc' dir='ltr'><strong>Χριστοῦ</strong></span> <span class='ocrx_word' id='word_1_55' title='bbox 1435 823 1728 893; x_wconf 76' lang='grc' dir='ltr'><strong>ἀρχιερεὺς</strong></span> <span class='ocrx_word' id='word_1_56' title='bbox 1763 824 1858 876; x_wconf 75' lang='grc' dir='ltr'><strong>καὶ</strong></span> 
     </span>
    </p>
   </div>
   <div class='ocr_carea' id='block_1_10' title="bbox 280 912 1856 986">
    <p class='ocr_par' dir='ltr' id='par_1_10' title="bbox 280 912 1856 986">
     <span class='ocr_line' id='line_1_10' title="bbox 280 912 1856 986; baseline 0.001 -21"><span class='ocrx_word' id='word_1_57' title='bbox 280 913 366 966; x_wconf 79' lang='grc' dir='ltr'><strong>τὸν</strong></span> <span class='ocrx_word' id='word_1_58' title='bbox 397 912 565 966; x_wconf 73' lang='grc' dir='ltr'>τόπον</span> <span class='ocrx_word' id='word_1_59' title='bbox 598 913 691 966; x_wconf 89' lang='grc' dir='ltr'><strong>τοῦ</strong></span> <span class='ocrx_word' id='word_1_60' title='bbox 717 914 954 984; x_wconf 80' lang='grc' dir='ltr'><strong>Χριστοῦ</strong></span> <span class='ocrx_word' id='word_1_61' title='bbox 990 933 1159 986; x_wconf 86' lang='grc' dir='ltr'><strong>κεκτη</strong></span> <span class='ocrx_word' id='word_1_62' title='bbox 1173 916 1355 984; x_wconf 80' lang='grc' dir='ltr'>μένος,</span> <span class='ocrx_word' id='word_1_63' title='bbox 1391 917 1452 968; x_wconf 86' lang='grc' dir='ltr'><strong>οὐ</strong></span> <span class='ocrx_word' id='word_1_64' title='bbox 1481 917 1562 968; x_wconf 78' lang='grc' dir='ltr'><strong>δεῖ</strong></span> <span class='ocrx_word' id='word_1_65' title='bbox 1606 915 1746 968; x_wconf 73' lang='grc' dir='ltr'>οὕτω</span> <span class='ocrx_word' id='word_1_66' title='bbox 1771 916 1856 984; x_wconf 83' lang='grc' dir='ltr'><strong>γί-</strong></span> 
     </span>
    </p>
   </div>
   <div class='ocr_carea' id='block_1_11' title="bbox 281 1005 1856 1078">
    <p class='ocr_par' dir='ltr' id='par_1_11' title="bbox 281 1005 1856 1078">
     <span class='ocr_line' id='line_1_11' title="bbox 281 1005 1856 1078; baseline 0.002 -21"><span class='ocrx_word' id='word_1_67' title='bbox 281 1005 487 1058; x_wconf 85' lang='grc' dir='ltr'><strong>νεσθαι⁶</strong></span> <span class='ocrx_word' id='word_1_68' title='bbox 512 1009 592 1063; x_wconf 79' lang='grc' dir='ltr'><strong>εἰς</strong></span> <span class='ocrx_word' id='word_1_69' title='bbox 627 1007 864 1074; x_wconf 70' lang='grc' dir='ltr'><strong>Χριστὶν</strong></span> <span class='ocrx_word' id='word_1_70' title='bbox 892 1007 1001 1075; x_wconf 74' lang='grc' dir='ltr'><strong>γὰρ</strong></span> <span class='ocrx_word' id='word_1_71' title='bbox 1040 1009 1328 1078; x_wconf 77' lang='grc' dir='ltr'><strong>ἀνατρέχει</strong></span> <span class='ocrx_word' id='word_1_72' title='bbox 1361 1010 1394 1077; x_wconf 80' lang='grc' dir='ltr'>ἡ</span> <span class='ocrx_word' id='word_1_73' title='bbox 1431 1009 1624 1077; x_wconf 81' lang='grc' dir='ltr'><strong>ἀτιμία</strong></span> <span class='ocrx_word' id='word_1_74' title='bbox 1645 1025 1657 1038; x_wconf 87' lang='grc'><strong>·</strong></span> <span class='ocrx_word' id='word_1_75' title='bbox 1686 1009 1770 1060; x_wconf 83' lang='grc' dir='ltr'><strong>ὅτι</strong></span> <span class='ocrx_word' id='word_1_76' title='bbox 1795 1011 1856 1061; x_wconf 85' lang='grc' dir='ltr'><strong>ού</strong></span> 
     </span>
    </p>
   </div>
   <div class='ocr_carea' id='block_1_12' title="bbox 277 1093 1857 1170">
    <p class='ocr_par' dir='ltr' id='par_1_12' title="bbox 277 1093 1857 1170">
     <span class='ocr_line' id='line_1_12' title="bbox 277 1093 1857 1170; baseline 0.001 -20"><span class='ocrx_word' id='word_1_77' title='bbox 277 1097 382 1150; x_wconf 70' lang='grc' dir='ltr'><strong>τῶν</strong></span> <span class='ocrx_word' id='word_1_78' title='bbox 429 1099 638 1150; x_wconf 76' lang='grc' dir='ltr'><strong>πολλῶν</strong></span> <span class='ocrx_word' id='word_1_79' title='bbox 661 1093 742 1159; x_wconf 77' lang='grc' dir='ltr'><strong>εἷς</strong></span> <span class='ocrx_word' id='word_1_80' title='bbox 774 1101 940 1162; x_wconf 76' lang='grc' dir='ltr'><strong>ἐστιν,</strong></span> <span class='ocrx_word' id='word_1_81' title='bbox 987 1101 1122 1152; x_wconf 76' lang='grc' dir='ltr'><strong>ἀλλὰ</strong></span> <span class='ocrx_word' id='word_1_82' title='bbox 1151 1100 1258 1152; x_wconf 81' lang='grc' dir='ltr'><strong>τῶν</strong></span> <span class='ocrx_word' id='word_1_83' title='bbox 1309 1103 1728 1170; x_wconf 77' lang='grc' dir='ltr'><strong>ἀφιερωμένων,</strong></span> <span class='ocrx_word' id='word_1_84' title='bbox 1763 1101 1857 1152; x_wconf 80' lang='grc' dir='ltr'><strong>καὶ</strong></span> 
     </span>
    </p>
   </div>
   <div class='ocr_carea' id='block_1_13' title="bbox 277 1191 1858 1262">
    <p class='ocr_par' dir='ltr' id='par_1_13' title="bbox 277 1191 1858 1262">
     <span class='ocr_line' id='line_1_13' title="bbox 277 1191 1858 1262; baseline 0.003 -20"><span class='ocrx_word' id='word_1_85' title='bbox 277 1191 382 1243; x_wconf 83' lang='grc' dir='ltr'><strong>τῶν</strong></span> <span class='ocrx_word' id='word_1_86' title='bbox 412 1195 512 1258; x_wconf 79' lang='grc' dir='ltr'>τὴν</span> <span class='ocrx_word' id='word_1_87' title='bbox 542 1192 910 1262; x_wconf 81' lang='grc' dir='ltr'><strong>ἀποστολικὴν</strong></span> <span class='ocrx_word' id='word_1_88' title='bbox 942 1193 1362 1262; x_wconf 63' lang='grc' dir='ltr'><strong>πλουτησάντιιιν</strong></span> <span class='ocrx_word' id='word_1_89' title='bbox 1397 1193 1651 1262; x_wconf 84' lang='grc' dir='ltr'><strong>δύναμιν.</strong></span> <span class='ocrx_word' id='word_1_90' title='bbox 1697 1193 1858 1246; x_wconf 79' lang='grc' dir='ltr'><strong>’Λλλὰ</strong></span> 
     </span>
    </p>
   </div>
   <div class='ocr_carea' id='block_1_14' title="bbox 278 1279 1856 1351">
    <p class='ocr_par' dir='ltr' id='par_1_14' title="bbox 278 1279 1856 1351">
     <span class='ocr_line' id='line_1_14' title="bbox 278 1279 1856 1351; baseline 0 -19"><span class='ocrx_word' id='word_1_91' title='bbox 278 1279 472 1340; x_wconf 77' lang='grc' dir='ltr'><strong>ταῦτα,</strong></span> <span class='ocrx_word' id='word_1_92' title='bbox 498 1280 557 1332; x_wconf 82' lang='grc' dir='ltr'><strong>ού</strong></span> <span class='ocrx_word' id='word_1_93' title='bbox 591 1279 848 1332; x_wconf 85' lang='grc' dir='ltr'><strong>τοσοῦτον</strong></span> <span class='ocrx_word' id='word_1_94' title='bbox 879 1282 987 1334; x_wconf 86' lang='grc' dir='ltr'><strong>ἀπὸ</strong></span> <span class='ocrx_word' id='word_1_95' title='bbox 1016 1281 1124 1334; x_wconf 86' lang='grc' dir='ltr'><strong>τῶν</strong></span> <span class='ocrx_word' id='word_1_96' title='bbox 1147 1281 1436 1351; x_wconf 79' lang='grc' dir='ltr'><strong>βασιλέων,</strong></span> <span class='ocrx_word' id='word_1_97' title='bbox 1477 1283 1600 1335; x_wconf 81' lang='grc' dir='ltr'><strong>ὅσον</strong></span> <span class='ocrx_word' id='word_1_98' title='bbox 1627 1283 1733 1334; x_wconf 72' lang='grc' dir='ltr'><strong>ἀπὸ</strong></span> <span class='ocrx_word' id='word_1_99' title='bbox 1763 1299 1856 1334; x_wconf 72' lang='grc' dir='ltr'><strong>κσ-</strong></span> 
     </span>
    </p>
   </div>
   <div class='ocr_carea' id='block_1_15' title="bbox 277 1371 1858 1442">
    <p class='ocr_par' dir='ltr' id='par_1_15' title="bbox 277 1371 1858 1442">
     <span class='ocr_line' id='line_1_15' title="bbox 277 1371 1858 1442; baseline 0.003 -20"><span class='ocrx_word' id='word_1_100' title='bbox 277 1371 460 1422; x_wconf 78' lang='grc' dir='ltr'>λάκων</span> <span class='ocrx_word' id='word_1_101' title='bbox 514 1372 822 1440; x_wconf 75' lang='grc' dir='ltr'><strong>ἀνθρώπων</strong></span> <span class='ocrx_word' id='word_1_102' title='bbox 871 1375 1088 1440; x_wconf 78' lang='grc' dir='ltr'><strong>γέγονε,</strong></span> <span class='ocrx_word' id='word_1_103' title='bbox 1143 1377 1605 1442; x_wconf 71' lang='grc' dir='ltr'><strong>παραπεισάντων</strong></span> <span class='ocrx_word' id='word_1_104' title='bbox 1658 1375 1858 1434; x_wconf 76' lang='grc' dir='ltr'><strong>αὐτοὺς</strong></span> 
     </span>
    </p>
   </div>
   <div class='ocr_carea' id='block_1_16' title="bbox 277 1460 1857 1532">
    <p class='ocr_par' dir='ltr' id='par_1_16' title="bbox 277 1460 1857 1532">
     <span class='ocr_line' id='line_1_16' title="bbox 277 1460 1857 1532; baseline 0.002 -18"><span class='ocrx_word' id='word_1_105' title='bbox 277 1460 644 1530; x_wconf 76' lang='grc' dir='ltr'><strong>ἀνθρωπίνοις</strong></span> <span class='ocrx_word' id='word_1_106' title='bbox 669 1463 851 1532; x_wconf 82' lang='grc' dir='ltr'><strong>λόγοις</strong></span> <span class='ocrx_word' id='word_1_107' title='bbox 882 1466 1124 1532; x_wconf 74' lang='grc' dir='ltr'><strong>ἐνεργεῖν</strong></span> <span class='ocrx_word' id='word_1_108' title='bbox 1154 1465 1245 1518; x_wconf 75' lang='grc' dir='ltr'>καὶ</span> <span class='ocrx_word' id='word_1_109' title='bbox 1279 1464 1348 1515; x_wconf 79' lang='grc' dir='ltr'><strong>τὰ</strong></span> <span class='ocrx_word' id='word_1_110' title='bbox 1379 1463 1572 1532; x_wconf 74' lang='grc' dir='ltr'><strong>μείζω,</strong></span> <span class='ocrx_word' id='word_1_111' title='bbox 1595 1463 1732 1514; x_wconf 74' lang='grc' dir='ltr'>ὥστε</span> <span class='ocrx_word' id='word_1_112' title='bbox 1763 1466 1857 1518; x_wconf 75' lang='grc' dir='ltr'><strong>καὶ</strong></span> 
     </span>
    </p>
   </div>
   <div class='ocr_carea' id='block_1_17' title="bbox 279 1554 1858 1622">
    <p class='ocr_par' dir='ltr' id='par_1_17' title="bbox 279 1554 1858 1622">
     <span class='ocr_line' id='line_1_17' title="bbox 279 1554 1858 1622; baseline 0.002 -16"><span class='ocrx_word' id='word_1_113' title='bbox 279 1554 636 1622; x_wconf 77' lang='grc' dir='ltr'><strong>προϐιὸάζειν</strong></span> <span class='ocrx_word' id='word_1_114' title='bbox 667 1558 1025 1620; x_wconf 75' lang='grc' dir='ltr'><strong>ἐπισκόπους,</strong></span> <span class='ocrx_word' id='word_1_115' title='bbox 1055 1557 1148 1609; x_wconf 73' lang='grc' dir='ltr'><strong>καὶ</strong></span> <span class='ocrx_word' id='word_1_116' title='bbox 1183 1557 1499 1622; x_wconf 74' lang='grc' dir='ltr'><strong>μεταθέσεις</strong></span> <span class='ocrx_word' id='word_1_117' title='bbox 1534 1559 1722 1608; x_wconf 78' lang='grc' dir='ltr'><strong>ποιεῖν.</strong></span> <span class='ocrx_word' id='word_1_118' title='bbox 1757 1557 1858 1609; x_wconf 81' lang='grc' dir='ltr'><strong>Βα-</strong></span> 
     </span>
    </p>
   </div>
   <div class='ocr_carea' id='block_1_18' title="bbox 279 1645 1858 1722">
    <p class='ocr_par' dir='ltr' id='par_1_18' title="bbox 279 1645 1858 1722">
     <span class='ocr_line' id='line_1_18' title="bbox 279 1645 1858 1722; baseline 0.003 -26"><span class='ocrx_word' id='word_1_119' title='bbox 279 1645 400 1699; x_wconf 76' lang='grc' dir='ltr'><strong>ϐαίί</strong></span> <span class='ocrx_word' id='word_1_120' title='bbox 431 1647 525 1700; x_wconf 84' lang='grc' dir='ltr'><strong>τὸν</strong></span> <span class='ocrx_word' id='word_1_121' title='bbox 554 1649 1066 1722; x_wconf 62' lang='grc' dir='ltr'><strong>κεχειροτονημένον</strong></span> <span class='ocrx_word' id='word_1_122' title='bbox 1104 1649 1180 1719; x_wconf 82' lang='grc' dir='ltr'><strong>τῷ</strong></span> <span class='ocrx_word' id='word_1_123' title='bbox 1212 1649 1489 1716; x_wconf 73' lang='grc' dir='ltr'><strong>Πνεύματι</strong></span> <span class='ocrx_word' id='word_1_124' title='bbox 1541 1649 1705 1717; x_wconf 78' lang='grc' dir='ltr'><strong>τῆσδε</strong></span> <span class='ocrx_word' id='word_1_125' title='bbox 1761 1649 1858 1716; x_wconf 72' lang='grc' dir='ltr'><strong>τῆς</strong></span> 
     </span>
    </p>
   </div>
   <div class='ocr_carea' id='block_1_19' title="bbox 288 1735 1855 1808">
    <p class='ocr_par' dir='ltr' id='par_1_19' title="bbox 288 1735 1855 1808">
     <span class='ocr_line' id='line_1_19' title="bbox 288 1735 1855 1808; baseline 0.001 -20"><span class='ocrx_word' id='word_1_126' title='bbox 288 1735 620 1804; x_wconf 84' lang='grc' dir='ltr'><strong>Ἐκκλησίας</strong></span> <span class='ocrx_word' id='word_1_127' title='bbox 658 1737 916 1806; x_wconf 83' lang='grc' dir='ltr'><strong>ποιμένα,</strong></span> <span class='ocrx_word' id='word_1_128' title='bbox 968 1738 1158 1808; x_wconf 77' lang='grc' dir='ltr'><strong>ἑτέρας</strong></span> <span class='ocrx_word' id='word_1_129' title='bbox 1218 1739 1452 1806; x_wconf 81' lang='grc' dir='ltr'><strong>ποιμένα</strong></span> <span class='ocrx_word' id='word_1_130' title='bbox 1495 1735 1855 1790; x_wconf 74' lang='grc' dir='ltr'>καθίστασθαι</span> 
     </span>
    </p>
   </div>
   <div class='ocr_carea' id='block_1_20' title="bbox 1965 551 3543 633">
    <p class='ocr_par' dir='ltr' id='par_1_20' title="bbox 1965 551 3543 633">
     <span class='ocr_line' id='line_1_20' title="bbox 1965 551 3543 633; baseline 0.01 -30"><span class='ocrx_word' id='word_1_131' title='bbox 1965 551 2054 606; x_wconf 87' lang='lat' dir='ltr'><strong>die</strong></span> <span class='ocrx_word' id='word_1_132' title='bbox 2089 557 2430 611; x_wconf 86' lang='lat' dir='ltr'><strong>tremendam</strong></span> <span class='ocrx_word' id='word_1_133' title='bbox 2466 560 2908 616; x_wconf 82' lang='lat' dir='ltr'><strong>communionem</strong></span> <span class='ocrx_word' id='word_1_134' title='bbox 2944 563 3239 633; x_wconf 81' lang='lat' dir='ltr'><strong>attingunt,</strong></span> <span class='ocrx_word' id='word_1_135' title='bbox 3275 581 3384 620; x_wconf 88' lang='lat' dir='ltr'><strong>non</strong></span> <span class='ocrx_word' id='word_1_136' title='bbox 3423 576 3543 618; x_wconf 88' lang='lat' dir='ltr'><strong>tan-</strong></span> 
     </span>
    </p>
   </div>
   <div class='ocr_carea' id='block_1_21' title="bbox 1965 649 3542 725">
    <p class='ocr_par' dir='ltr' id='par_1_21' title="bbox 1965 649 3542 725">
     <span class='ocr_line' id='line_1_21' title="bbox 1965 649 3542 725; baseline 0.01 -29"><span class='ocrx_word' id='word_1_137' title='bbox 1965 651 2080 699; x_wconf 90' lang='lat' dir='ltr'><strong>tum</strong></span> <span class='ocrx_word' id='word_1_138' title='bbox 2115 649 2389 702; x_wconf 76' lang='lat' dir='ltr'><strong>serviliter</strong></span> <span class='ocrx_word' id='word_1_139' title='bbox 2411 653 2710 719; x_wconf 75' lang='lat' dir='ltr'><strong>osculatur,</strong></span> <span class='ocrx_word' id='word_1_140' title='bbox 2735 655 2828 710; x_wconf 87' lang='lat' dir='ltr'><strong>sed</strong></span> <span class='ocrx_word' id='word_1_141' title='bbox 2859 655 3023 710; x_wconf 89' lang='lat' dir='ltr'><strong>etiam</strong></span> <span class='ocrx_word' id='word_1_142' title='bbox 3057 657 3266 712; x_wconf 87' lang='lat' dir='ltr'><strong>sedenti</strong></span> <span class='ocrx_word' id='word_1_143' title='bbox 3305 657 3542 725; x_wconf 85' lang='lat' dir='ltr'><strong>impera-</strong></span> 
     </span>
    </p>
   </div>
   <div class='ocr_carea' id='block_1_22' title="bbox 1963 739 3536 817">
    <p class='ocr_par' dir='ltr' id='par_1_22' title="bbox 1963 739 3536 817">
     <span class='ocr_line' id='line_1_22' title="bbox 1963 739 3536 817; baseline 0.008 -28"><span class='ocrx_word' id='word_1_144' title='bbox 1963 739 2068 790; x_wconf 85' lang='lat' dir='ltr'><strong>tori</strong></span> <span class='ocrx_word' id='word_1_145' title='bbox 2104 741 2306 793; x_wconf 90' lang='lat' dir='ltr'><strong>adstat.</strong></span> <span class='ocrx_word' id='word_1_146' title='bbox 2335 741 2390 794; x_wconf 94' lang='lat' dir='ltr'><strong>Si</strong></span> <span class='ocrx_word' id='word_1_147' title='bbox 2423 742 2632 810; x_wconf 83' lang='lat' dir='ltr'><strong>privata</strong></span> <span class='ocrx_word' id='word_1_148' title='bbox 2667 761 2897 814; x_wconf 85' lang='lat' dir='ltr'><strong>persona</strong></span> <span class='ocrx_word' id='word_1_149' title='bbox 2945 756 3112 810; x_wconf 86' lang='lat' dir='ltr'><strong>esset.</strong></span> <span class='ocrx_word' id='word_1_150' title='bbox 3150 748 3264 803; x_wconf 58' lang='lat' dir='ltr'><strong>haec</strong></span> <span class='ocrx_word' id='word_1_151' title='bbox 3320 748 3536 817; x_wconf 86' lang='lat' dir='ltr'><strong>quidem</strong></span> 
     </span>
    </p>
   </div>
   <div class='ocr_carea' id='block_1_23' title="bbox 1963 829 3538 906">
    <p class='ocr_par' dir='ltr' id='par_1_23' title="bbox 1963 829 3538 906">
     <span class='ocr_line' id='line_1_23' title="bbox 1963 829 3538 906; baseline 0.004 -23"><span class='ocrx_word' id='word_1_152' title='bbox 1963 829 2043 883; x_wconf 87' lang='lat' dir='ltr'><strong>sic</strong></span> <span class='ocrx_word' id='word_1_153' title='bbox 2075 829 2186 882; x_wconf 81' lang='lat' dir='ltr'><strong>ﬁeri</strong></span> <span class='ocrx_word' id='word_1_154' title='bbox 2215 839 2510 899; x_wconf 83' lang='lat' dir='ltr'><strong>Oporteret,</strong></span> <span class='ocrx_word' id='word_1_155' title='bbox 2534 848 2658 888; x_wconf 89' lang='lat' dir='ltr'><strong>cum</strong></span> <span class='ocrx_word' id='word_1_156' title='bbox 2687 837 2886 892; x_wconf 81' lang='lat' dir='ltr'><strong>dixerit</strong></span> <span class='ocrx_word' id='word_1_157' title='bbox 2909 839 3231 904; x_wconf 83' lang='lat' dir='ltr'><strong>Apostolus:</strong></span> <span class='ocrx_word' id='word_1_158' title='bbox 3271 857 3290 890; x_wconf 86' lang='grc'>‹</span> <span class='ocrx_word' id='word_1_159' title='bbox 3339 838 3538 906; x_wconf 80' lang='lat' dir='ltr'><strong>Regem</strong></span> 
     </span>
    </p>
   </div>
   <div class='ocr_carea' id='block_1_24' title="bbox 1966 919 3543 1000">
    <p class='ocr_par' dir='ltr' id='par_1_24' title="bbox 1966 919 3543 1000">
     <span class='ocr_line' id='line_1_24' title="bbox 1966 919 3543 1000; baseline 0.006 -30"><span class='ocrx_word' id='word_1_160' title='bbox 1966 919 2254 976; x_wconf 86' lang='lat' dir='ltr'><strong>honorate.</strong></span> <span class='ocrx_word' id='word_1_161' title='bbox 2301 942 2318 974; x_wconf 81' lang='grc' dir='ltr'>ι</span> <span class='ocrx_word' id='word_1_162' title='bbox 2364 925 2417 977; x_wconf 81' lang='lat' dir='ltr'><strong>Si</strong></span> <span class='ocrx_word' id='word_1_163' title='bbox 2453 941 2579 980; x_wconf 84' lang='lat' dir='ltr'><strong>vero</strong></span> <span class='ocrx_word' id='word_1_164' title='bbox 2609 927 2808 982; x_wconf 85' lang='lat' dir='ltr'><strong>Christi</strong></span> <span class='ocrx_word' id='word_1_165' title='bbox 2838 937 2924 984; x_wconf 85' lang='lat' dir='ltr'><strong>est</strong></span> <span class='ocrx_word' id='word_1_166' title='bbox 2954 930 3269 1000; x_wconf 86' lang='lat' dir='ltr'><strong>episcopus,</strong></span> <span class='ocrx_word' id='word_1_167' title='bbox 3292 939 3347 984; x_wconf 86' lang='lat' dir='ltr'><strong>et</strong></span> <span class='ocrx_word' id='word_1_168' title='bbox 3385 927 3543 982; x_wconf 86' lang='lat' dir='ltr'><strong>Chri-</strong></span> 
     </span>
    </p>
   </div>
   <div class='ocr_carea' id='block_1_25' title="bbox 1964 1011 3539 1091">
    <p class='ocr_par' dir='ltr' id='par_1_25' title="bbox 1964 1011 3539 1091">
     <span class='ocr_line' id='line_1_25' title="bbox 1964 1011 3539 1091; baseline 0.004 -26"><span class='ocrx_word' id='word_1_169' title='bbox 1964 1011 2031 1065; x_wconf 89' lang='lat' dir='ltr'><strong>sti</strong></span> <span class='ocrx_word' id='word_1_170' title='bbox 2062 1011 2243 1066; x_wconf 85' lang='lat' dir='ltr'><strong>locum</strong></span> <span class='ocrx_word' id='word_1_171' title='bbox 2275 1023 2484 1078; x_wconf 84' lang='lat' dir='ltr'><strong>tenens,</strong></span> <span class='ocrx_word' id='word_1_172' title='bbox 2519 1019 2596 1073; x_wconf 92' lang='lat' dir='ltr'><strong>sic</strong></span> <span class='ocrx_word' id='word_1_173' title='bbox 2634 1019 2746 1074; x_wconf 79' lang='lat' dir='ltr'><strong>fieri</strong></span> <span class='ocrx_word' id='word_1_174' title='bbox 2785 1037 2892 1076; x_wconf 90' lang='lat' dir='ltr'><strong>non</strong></span> <span class='ocrx_word' id='word_1_175' title='bbox 2942 1031 3202 1091; x_wconf 84' lang='lat' dir='ltr'><strong>oportet;</strong></span> <span class='ocrx_word' id='word_1_176' title='bbox 3260 1022 3311 1074; x_wconf 92' lang='lat' dir='ltr'><strong>in</strong></span> <span class='ocrx_word' id='word_1_177' title='bbox 3377 1019 3539 1073; x_wconf 81' lang='lat' dir='ltr'><strong>Chri—</strong></span> 
     </span>
    </p>
   </div>
   <div class='ocr_carea' id='block_1_26' title="bbox 1964 1101 3540 1179">
    <p class='ocr_par' dir='ltr' id='par_1_26' title="bbox 1964 1101 3540 1179">
     <span class='ocr_line' id='line_1_26' title="bbox 1964 1101 3540 1179; baseline 0.007 -29"><span class='ocrx_word' id='word_1_178' title='bbox 1964 1107 2104 1151; x_wconf 86' lang='lat' dir='ltr'><strong>stum</strong></span> <span class='ocrx_word' id='word_1_179' title='bbox 2138 1101 2280 1154; x_wconf 90' lang='lat' dir='ltr'><strong>enim</strong></span> <span class='ocrx_word' id='word_1_180' title='bbox 2317 1108 2550 1159; x_wconf 87' lang='lat' dir='ltr'><strong>recurrit</strong></span> <span class='ocrx_word' id='word_1_181' title='bbox 2583 1106 2846 1173; x_wconf 87' lang='lat' dir='ltr'><strong>dedecus,</strong></span> <span class='ocrx_word' id='word_1_182' title='bbox 2879 1111 3138 1179; x_wconf 88' lang='lat' dir='ltr'><strong>quoniam</strong></span> <span class='ocrx_word' id='word_1_183' title='bbox 3168 1126 3274 1165; x_wconf 92' lang='lat' dir='ltr'><strong>non</strong></span> <span class='ocrx_word' id='word_1_184' title='bbox 3309 1124 3337 1164; x_wconf 92' lang='lat' dir='ltr'><strong>e</strong></span> <span class='ocrx_word' id='word_1_185' title='bbox 3378 1110 3540 1176; x_wconf 82' lang='lat' dir='ltr'><strong>vulgo</strong></span> 
     </span>
    </p>
   </div>
   <div class='ocr_carea' id='block_1_27' title="bbox 1965 1187 3538 1264">
    <p class='ocr_par' dir='ltr' id='par_1_27' title="bbox 1965 1187 3538 1264">
     <span class='ocr_line' id='line_1_27' title="bbox 1965 1187 3538 1264; baseline 0.008 -24"><span class='ocrx_word' id='word_1_186' title='bbox 1965 1187 2052 1242; x_wconf 90' lang='lat' dir='ltr'><strong>ille</strong></span> <span class='ocrx_word' id='word_1_187' title='bbox 2099 1201 2204 1253; x_wconf 88' lang='lat' dir='ltr'><strong>est,</strong></span> <span class='ocrx_word' id='word_1_188' title='bbox 2253 1194 2344 1247; x_wconf 88' lang='lat' dir='ltr'><strong>sed</strong></span> <span class='ocrx_word' id='word_1_189' title='bbox 2403 1209 2434 1248; x_wconf 90' lang='lat' dir='ltr'><strong>e</strong></span> <span class='ocrx_word' id='word_1_190' title='bbox 2489 1199 2739 1264; x_wconf 83' lang='lat' dir='ltr'><strong>personis</strong></span> <span class='ocrx_word' id='word_1_191' title='bbox 2793 1203 3152 1264; x_wconf 82' lang='lat' dir='ltr'><strong>consecratis,</strong></span> <span class='ocrx_word' id='word_1_192' title='bbox 3185 1209 3238 1255; x_wconf 90' lang='lat' dir='ltr'><strong>et</strong></span> <span class='ocrx_word' id='word_1_193' title='bbox 3281 1201 3538 1253; x_wconf 81' lang='lat' dir='ltr'><strong>virtutem</strong></span> 
     </span>
    </p>
   </div>
   <div class='ocr_carea' id='block_1_28' title="bbox 1965 1283 3536 1359">
    <p class='ocr_par' dir='ltr' id='par_1_28' title="bbox 1965 1283 3536 1359">
     <span class='ocr_line' id='line_1_28' title="bbox 1965 1283 3536 1359; baseline 0.008 -27"><span class='ocrx_word' id='word_1_194' title='bbox 1965 1283 2320 1350; x_wconf 87' lang='lat' dir='ltr'><strong>apostolicam</strong></span> <span class='ocrx_word' id='word_1_195' title='bbox 2353 1289 2579 1356; x_wconf 78' lang='lat' dir='ltr'><strong>copiose</strong></span> <span class='ocrx_word' id='word_1_196' title='bbox 2613 1292 3026 1359; x_wconf 85' lang='lat' dir='ltr'><strong>possidentibus</strong></span> <span class='ocrx_word' id='word_1_197' title='bbox 3079 1291 3274 1346; x_wconf 85' lang='lat' dir='ltr'><strong>Verum</strong></span> <span class='ocrx_word' id='word_1_198' title='bbox 3301 1291 3401 1344; x_wconf 87' lang='lat' dir='ltr'><strong>ista</strong></span> <span class='ocrx_word' id='word_1_199' title='bbox 3432 1307 3536 1344; x_wconf 91' lang='lat' dir='ltr'><strong>non</strong></span> 
     </span>
    </p>
   </div>
   <div class='ocr_carea' id='block_1_29' title="bbox 1962 1375 3537 1449">
    <p class='ocr_par' dir='ltr' id='par_1_29' title="bbox 1962 1375 3537 1449">
     <span class='ocr_line' id='line_1_29' title="bbox 1962 1375 3537 1449; baseline 0.007 -25"><span class='ocrx_word' id='word_1_200' title='bbox 1962 1381 2071 1426; x_wconf 88' lang='lat' dir='ltr'><strong>tam</strong></span> <span class='ocrx_word' id='word_1_201' title='bbox 2101 1375 2167 1426; x_wconf 90' lang='lat' dir='ltr'><strong>ab</strong></span> <span class='ocrx_word' id='word_1_202' title='bbox 2201 1376 2629 1444; x_wconf 87' lang='lat' dir='ltr'><strong>imperatorilms</strong></span> <span class='ocrx_word' id='word_1_203' title='bbox 2662 1397 2824 1449; x_wconf 85' lang='lat' dir='ltr'><strong>quam</strong></span> <span class='ocrx_word' id='word_1_204' title='bbox 2855 1383 2924 1436; x_wconf 87' lang='lat' dir='ltr'><strong>ab</strong></span> <span class='ocrx_word' id='word_1_205' title='bbox 2971 1382 3349 1436; x_wconf 82' lang='lat' dir='ltr'><strong>adulatoribus</strong></span> <span class='ocrx_word' id='word_1_206' title='bbox 3379 1381 3537 1446; x_wconf 87' lang='lat' dir='ltr'><strong>liunt,</strong></span> 
     </span>
    </p>
   </div>
   <div class='ocr_carea' id='block_1_30' title="bbox 1963 1464 3540 1540">
    <p class='ocr_par' dir='ltr' id='par_1_30' title="bbox 1963 1464 3540 1540">
     <span class='ocr_line' id='line_1_30' title="bbox 1963 1464 3540 1540; baseline 0.006 -26"><span class='ocrx_word' id='word_1_207' title='bbox 1963 1464 2054 1532; x_wconf 90' lang='lat' dir='ltr'><strong>qui</strong></span> <span class='ocrx_word' id='word_1_208' title='bbox 2096 1481 2191 1518; x_wconf 83' lang='lat' dir='ltr'><strong>eos</strong></span> <span class='ocrx_word' id='word_1_209' title='bbox 2223 1467 2478 1523; x_wconf 82' lang='lat' dir='ltr'><strong>hum-mis</strong></span> <span class='ocrx_word' id='word_1_210' title='bbox 2517 1472 2696 1526; x_wconf 80' lang='lat' dir='ltr'><strong>verbis</strong></span> <span class='ocrx_word' id='word_1_211' title='bbox 2734 1473 2866 1526; x_wconf 87' lang='lat' dir='ltr'><strong>l&#39;alsa</strong></span> <span class='ocrx_word' id='word_1_212' title='bbox 2911 1473 3265 1540; x_wconf 87' lang='lat' dir='ltr'><strong>persuasione</strong></span> <span class='ocrx_word' id='word_1_213' title='bbox 3300 1488 3540 1526; x_wconf 90' lang='lat' dir='ltr'><strong>commo-</strong></span> 
     </span>
    </p>
   </div>
   <div class='ocr_carea' id='block_1_31' title="bbox 1963 1556 3542 1629">
    <p class='ocr_par' dir='ltr' id='par_1_31' title="bbox 1963 1556 3542 1629">
     <span class='ocr_line' id='line_1_31' title="bbox 1963 1556 3542 1629; baseline 0.006 -23"><span class='ocrx_word' id='word_1_214' title='bbox 1963 1563 2086 1608; x_wconf 85' lang='lat' dir='ltr'><strong>vent</strong></span> <span class='ocrx_word' id='word_1_215' title='bbox 2141 1556 2206 1609; x_wconf 87' lang='lat' dir='ltr'><strong>ad</strong></span> <span class='ocrx_word' id='word_1_216' title='bbox 2262 1560 2467 1628; x_wconf 82' lang='lat' dir='ltr'><strong>majora</strong></span> <span class='ocrx_word' id='word_1_217' title='bbox 2525 1564 2972 1629; x_wconf 84' lang='lat' dir='ltr'><strong>perpetrandum,</strong></span> <span class='ocrx_word' id='word_1_218' title='bbox 3017 1563 3088 1616; x_wconf 90' lang='lat' dir='ltr'><strong>ita</strong></span> <span class='ocrx_word' id='word_1_219' title='bbox 3125 1573 3186 1618; x_wconf 90' lang='lat' dir='ltr'><strong>ut</strong></span> <span class='ocrx_word' id='word_1_220' title='bbox 3218 1563 3452 1616; x_wconf 87' lang='lat' dir='ltr'><strong>audeant</strong></span> <span class='ocrx_word' id='word_1_221' title='bbox 3487 1571 3542 1615; x_wconf 88' lang='lat' dir='ltr'><strong>et</strong></span> 
     </span>
    </p>
   </div>
   <div class='ocr_carea' id='block_1_32' title="bbox 1963 1652 3544 1720">
    <p class='ocr_par' dir='ltr' id='par_1_32' title="bbox 1963 1652 3544 1720">
     <span class='ocr_line' id='line_1_32' title="bbox 1963 1652 3544 1720; baseline 0.006 -22"><span class='ocrx_word' id='word_1_222' title='bbox 1963 1661 2290 1714; x_wconf 80' lang='lat' dir='ltr'><strong>promovere</strong></span> <span class='ocrx_word' id='word_1_223' title='bbox 2329 1652 2639 1720; x_wconf 48' lang='lat' dir='ltr'><strong>epis-conos.</strong></span> <span class='ocrx_word' id='word_1_224' title='bbox 2669 1663 2722 1708; x_wconf 84' lang='lat' dir='ltr'><strong>et</strong></span> <span class='ocrx_word' id='word_1_225' title='bbox 2759 1657 3146 1711; x_wconf 81' lang='lat' dir='ltr'><strong>translationes</strong></span> <span class='ocrx_word' id='word_1_226' title='bbox 3198 1655 3398 1710; x_wconf 79' lang='lat' dir='ltr'><strong>facere.</strong></span> <span class='ocrx_word' id='word_1_227' title='bbox 3441 1657 3544 1708; x_wconf 87' lang='lat' dir='ltr'><strong>Pa-</strong></span> 
     </span>
    </p>
   </div>
   <div class='ocr_carea' id='block_1_33' title="bbox 1965 1740 3544 1818">
    <p class='ocr_par' dir='ltr' id='par_1_33' title="bbox 1965 1740 3544 1818">
     <span class='ocr_line' id='line_1_33' title="bbox 1965 1740 3544 1818; baseline 0.008 -30"><span class='ocrx_word' id='word_1_228' title='bbox 1965 1740 2079 1806; x_wconf 57' lang='lat' dir='ltr'><strong>pae!</strong></span> <span class='ocrx_word' id='word_1_229' title='bbox 2117 1741 2428 1794; x_wconf 80' lang='lat' dir='ltr'><strong>ordinatum</strong></span> <span class='ocrx_word' id='word_1_230' title='bbox 2481 1759 2574 1811; x_wconf 81' lang='lat' dir='ltr'><strong>per</strong></span> <span class='ocrx_word' id='word_1_231' title='bbox 2612 1745 2874 1814; x_wconf 86' lang='lat' dir='ltr'><strong>Spiritum</strong></span> <span class='ocrx_word' id='word_1_232' title='bbox 2925 1759 3174 1802; x_wconf 87' lang='lat' dir='ltr'><strong>sanctum</strong></span> <span class='ocrx_word' id='word_1_233' title='bbox 3225 1747 3389 1818; x_wconf 82' lang='lat' dir='ltr'><strong>hujus</strong></span> <span class='ocrx_word' id='word_1_234' title='bbox 3443 1747 3544 1800; x_wconf 85' lang='lat' dir='ltr'><strong>Ec-</strong></span> 
     </span>
    </p>
   </div>
   <div class='ocr_carea' id='block_1_34' title="bbox 275 1825 1861 1908">
    <p class='ocr_par' dir='ltr' id='par_1_34' title="bbox 275 1829 1860 1902">
     <span class='ocr_line' id='line_1_34' title="bbox 275 1829 1860 1902; baseline 0.001 -22"><span class='ocrx_word' id='word_1_235' title='bbox 275 1829 428 1893; x_wconf 76' lang='grc' dir='ltr'><strong>παρὰ</strong></span> <span class='ocrx_word' id='word_1_236' title='bbox 466 1829 576 1881; x_wconf 83' lang='grc' dir='ltr'>τῶν</span> <span class='ocrx_word' id='word_1_237' title='bbox 627 1829 702 1898; x_wconf 85' lang='grc' dir='ltr'>μὴ</span> <span class='ocrx_word' id='word_1_238' title='bbox 745 1830 977 1899; x_wconf 82' lang='grc' dir='ltr'><strong>ἐχόντων</strong></span> <span class='ocrx_word' id='word_1_239' title='bbox 1013 1835 1110 1899; x_wconf 80' lang='grc' dir='ltr'><strong>τὴν</strong></span> <span class='ocrx_word' id='word_1_240' title='bbox 1147 1830 1244 1896; x_wconf 77' lang='grc' dir='ltr'><strong>τῆς</strong></span> <span class='ocrx_word' id='word_1_241' title='bbox 1293 1831 1595 1902; x_wconf 74' lang='grc' dir='ltr'><strong>ἱερωσύνης</strong></span> <span class='ocrx_word' id='word_1_242' title='bbox 1627 1830 1860 1898; x_wconf 69' lang='grc' dir='ltr'><strong>δύναμιν</strong></span> 
     </span>
    </p>
   </div>
   <div class='ocr_carea' id='block_1_35' title="bbox 1968 1825 3541 1908">
    <p class='ocr_par' dir='ltr' id='par_1_35' title="bbox 1968 1829 3541 1908">
     <span class='ocr_line' id='line_1_35' title="bbox 1968 1829 3541 1908; baseline 0.006 -25"><span class='ocrx_word' id='word_1_243' title='bbox 1968 1829 2148 1883; x_wconf 78' lang='lat' dir='ltr'><strong>clesizr.</strong></span> <span class='ocrx_word' id='word_1_244' title='bbox 2191 1845 2464 1900; x_wconf 77' lang='lat' dir='ltr'><strong>pastorem</strong></span> <span class='ocrx_word' id='word_1_245' title='bbox 2502 1835 2570 1887; x_wconf 88' lang='lat' dir='ltr'><strong>ab</strong></span> <span class='ocrx_word' id='word_1_246' title='bbox 2601 1837 2666 1888; x_wconf 91' lang='lat' dir='ltr'><strong>iis</strong></span> <span class='ocrx_word' id='word_1_247' title='bbox 2714 1839 2971 1892; x_wconf 84' lang='lat' dir='ltr'><strong>constitui</strong></span> <span class='ocrx_word' id='word_1_248' title='bbox 3007 1840 3233 1894; x_wconf 77' lang='lat' dir='ltr'><strong>a&#39;tcrius</strong></span> <span class='ocrx_word' id='word_1_249' title='bbox 3265 1849 3541 1908; x_wconf 72' lang='lat' dir='ltr'><strong>pastorem</strong></span> 
     </span>
    </p>
   </div>
   <div class='ocr_carea' id='block_1_36' title="bbox 274 1920 1858 1992">
    <p class='ocr_par' dir='ltr' id='par_1_36' title="bbox 274 1920 1858 1992">
     <span class='ocr_line' id='line_1_36' title="bbox 274 1920 1858 1992; baseline 0.002 -21"><span class='ocrx_word' id='word_1_250' title='bbox 274 1921 364 1972; x_wconf 74' lang='grc' dir='ltr'><strong>καὶ</strong></span> <span class='ocrx_word' id='word_1_251' title='bbox 421 1920 734 1990; x_wconf 74' lang='grc' dir='ltr'><strong>ἐνέργειαν,</strong></span> <span class='ocrx_word' id='word_1_252' title='bbox 801 1921 897 1974; x_wconf 74' lang='grc' dir='ltr'><strong>καὶ</strong></span> <span class='ocrx_word' id='word_1_253' title='bbox 953 1922 1104 1991; x_wconf 75' lang='grc' dir='ltr'><strong>παρὰ</strong></span> <span class='ocrx_word' id='word_1_254' title='bbox 1155 1924 1384 1992; x_wconf 79' lang='grc' dir='ltr'><strong>γνώμην</strong></span> <span class='ocrx_word' id='word_1_255' title='bbox 1457 1921 1552 1974; x_wconf 87' lang='grc' dir='ltr'><strong>τοῦ</strong></span> <span class='ocrx_word' id='word_1_256' title='bbox 1607 1922 1858 1982; x_wconf 73' lang='grc' dir='ltr'><strong>Πνεῦμα-</strong></span> 
     </span>
    </p>
   </div>
   <div class='ocr_carea' id='block_1_37' title="bbox 271 2011 422 2075">
    <p class='ocr_par' dir='ltr' id='par_1_37' title="bbox 271 2011 422 2075">
     <span class='ocr_line' id='line_1_37' title="bbox 271 2011 422 2075; baseline 0.007 -13"><span class='ocrx_word' id='word_1_257' title='bbox 271 2027 360 2075; x_wconf 89' lang='grc' dir='ltr'><strong>τος</strong></span> <span class='ocrx_word' id='word_1_258' title='bbox 406 2011 422 2063; x_wconf 87' lang='lat'><strong>!</strong></span> 
     </span>
    </p>
   </div>
   <div class='ocr_carea' id='block_1_38' title="bbox 829 2128 1306 2184">
    <p class='ocr_par' dir='ltr' id='par_1_38' title="bbox 829 2128 1306 2184">
     <span class='ocr_line' id='line_1_38' title="bbox 829 2128 1306 2184; baseline 0.004 -2"><span class='ocrx_word' id='word_1_259' title='bbox 829 2128 1078 2182; x_wconf 78' lang='grc' dir='ltr'><strong>ΚΕΦΛΛ.</strong></span> <span class='ocrx_word' id='word_1_260' title='bbox 1124 2129 1272 2183; x_wconf 78' lang='grc' dir='ltr'><strong>ΣΚΑ’</strong></span> <span class='ocrx_word' id='word_1_261' title='bbox 1291 2169 1306 2184; x_wconf 92' lang='grc'><strong>.</strong></span> 
     </span>
    </p>
   </div>
   <div class='ocr_carea' id='block_1_39' title="bbox 272 2239 1860 2312">
    <p class='ocr_par' dir='ltr' id='par_1_39' title="bbox 272 2239 1860 2312">
     <span class='ocr_line' id='line_1_39' title="bbox 272 2239 1860 2312; baseline 0.003 -18"><span class='ocrx_word' id='word_1_262' title='bbox 272 2239 408 2294; x_wconf 82' lang='grc' dir='ltr'><strong>ὀτι</strong></span> <span class='ocrx_word' id='word_1_263' title='bbox 431 2241 504 2293; x_wconf 84' lang='grc' dir='ltr'><strong>οὐ</strong></span> <span class='ocrx_word' id='word_1_264' title='bbox 535 2239 626 2312; x_wconf 55' lang='lat' dir='ltr'><strong>de?</strong></span> <span class='ocrx_word' id='word_1_265' title='bbox 647 2240 790 2306; x_wconf 84' lang='grc' dir='ltr'><strong>τοὺς</strong></span> <span class='ocrx_word' id='word_1_266' title='bbox 824 2243 976 2296; x_wconf 83' lang='grc' dir='ltr'><strong>κατὰ</strong></span> <span class='ocrx_word' id='word_1_267' title='bbox 1009 2245 1246 2310; x_wconf 80' lang='grc' dir='ltr'><strong>κόσμον</strong></span> <span class='ocrx_word' id='word_1_268' title='bbox 1285 2244 1584 2312; x_wconf 76' lang='grc' dir='ltr'><strong>ἄρχοντας</strong></span> <span class='ocrx_word' id='word_1_269' title='bbox 1635 2247 1704 2298; x_wconf 79' lang='grc' dir='ltr'><strong>τὰ</strong></span> <span class='ocrx_word' id='word_1_270' title='bbox 1733 2245 1860 2310; x_wconf 80' lang='grc' dir='ltr'><strong>ιερὰ</strong></span> 
     </span>
    </p>
   </div>
   <div class='ocr_carea' id='block_1_40' title="bbox 334 2311 1860 2382">
    <p class='ocr_par' dir='ltr' id='par_1_40' title="bbox 334 2311 1860 2382">
     <span class='ocr_line' id='line_1_40' title="bbox 334 2311 1860 2382; baseline 0.005 -21"><span class='ocrx_word' id='word_1_271' title='bbox 334 2311 712 2382; x_wconf 70' lang='grc' dir='ltr'><strong>ρίκειοῦσθιιι</strong></span> <span class='ocrx_word' id='word_1_272' title='bbox 747 2356 758 2374; x_wconf 82' lang='grc'><strong>,</strong></span> <span class='ocrx_word' id='word_1_273' title='bbox 791 2313 887 2364; x_wconf 75' lang='grc' dir='ltr'><strong>καὶ</strong></span> <span class='ocrx_word' id='word_1_274' title='bbox 905 2315 1261 2382; x_wconf 51' lang='grc' dir='ltr'><strong>λογίζεσθαι</strong></span> <span class='ocrx_word' id='word_1_275' title='bbox 1291 2311 1629 2382; x_wconf 69' lang='grc' dir='ltr'><strong>κερδαίνειν</strong></span> <span class='ocrx_word' id='word_1_276' title='bbox 1649 2316 1716 2368; x_wconf 84' lang='grc' dir='ltr'><strong>ἐκ</strong></span> <span class='ocrx_word' id='word_1_277' title='bbox 1741 2313 1860 2369; x_wconf 85' lang='grc' dir='ltr'><strong>τῶν</strong></span> 
     </span>
    </p>
   </div>
   <div class='ocr_carea' id='block_1_41' title="bbox 333 2380 1107 2450">
    <p class='ocr_par' dir='ltr' id='par_1_41' title="bbox 333 2380 1107 2450">
     <span class='ocr_line' id='line_1_41' title="bbox 333 2380 1107 2450; baseline 0.003 -15"><span class='ocrx_word' id='word_1_278' title='bbox 333 2380 824 2450; x_wconf 73' lang='grc' dir='ltr'><strong>ἁνατεθειμένων</strong></span> <span class='ocrx_word' id='word_1_279' title='bbox 855 2380 935 2446; x_wconf 82' lang='grc' dir='ltr'><strong>τῷ</strong></span> <span class='ocrx_word' id='word_1_280' title='bbox 965 2380 1107 2448; x_wconf 80' lang='grc' dir='ltr'><strong>Θεῷ.</strong></span> 
     </span>
    </p>
   </div>
   <div class='ocr_carea' id='block_1_42' title="bbox 333 2471 1860 2548">
    <p class='ocr_par' dir='ltr' id='par_1_42' title="bbox 333 2471 1860 2548">
     <span class='ocr_line' id='line_1_42' title="bbox 333 2471 1860 2548; baseline 0.005 -24"><span class='ocrx_word' id='word_1_281' title='bbox 333 2473 408 2524; x_wconf 77' lang='lat' dir='ltr'><strong>Ei</strong></span> <span class='ocrx_word' id='word_1_282' title='bbox 435 2471 516 2524; x_wconf 86' lang='grc' dir='ltr'><strong>δεῖ</strong></span> <span class='ocrx_word' id='word_1_283' title='bbox 563 2473 700 2542; x_wconf 76' lang='grc' dir='ltr'><strong>πρὸς</strong></span> <span class='ocrx_word' id='word_1_284' title='bbox 741 2472 1034 2544; x_wconf 78' lang='grc' dir='ltr'><strong>οἰκοδομὴν</strong></span> <span class='ocrx_word' id='word_1_285' title='bbox 1092 2477 1434 2546; x_wconf 84' lang='grc' dir='ltr'><strong>καταστῆναι</strong></span> <span class='ocrx_word' id='word_1_286' title='bbox 1493 2480 1630 2548; x_wconf 75' lang='grc' dir='ltr'><strong>πρὸς</strong></span> <span class='ocrx_word' id='word_1_287' title='bbox 1687 2479 1860 2548; x_wconf 75' lang='grc' dir='ltr'><strong>μείζω</strong></span> 
     </span>
    </p>
   </div>
   <div class='ocr_carea' id='block_1_43' title="bbox 267 2562 1858 2640">
    <p class='ocr_par' dir='ltr' id='par_1_43' title="bbox 267 2562 1858 2640">
     <span class='ocr_line' id='line_1_43' title="bbox 267 2562 1858 2640; baseline 0.005 -24"><span class='ocrx_word' id='word_1_288' title='bbox 267 2562 370 2616; x_wconf 71' lang='grc' dir='ltr'><strong>πολ</strong></span> <span class='ocrx_word' id='word_1_289' title='bbox 385 2581 460 2630; x_wconf 86' lang='grc' dir='ltr'><strong>ιν,</strong></span> <span class='ocrx_word' id='word_1_290' title='bbox 493 2565 646 2633; x_wconf 77' lang='grc' dir='ltr'><strong>παρὰ</strong></span> <span class='ocrx_word' id='word_1_291' title='bbox 681 2564 773 2616; x_wconf 88' lang='grc' dir='ltr'><strong>τοῦ</strong></span> <span class='ocrx_word' id='word_1_292' title='bbox 806 2565 1122 2632; x_wconf 81' lang='grc' dir='ltr'><strong>Πνεύματος</strong></span> <span class='ocrx_word' id='word_1_293' title='bbox 1155 2567 1308 2621; x_wconf 78' lang='grc' dir='ltr'><strong>ἔσται</strong></span> <span class='ocrx_word' id='word_1_294' title='bbox 1338 2568 1518 2632; x_wconf 80' lang='grc' dir='ltr'><strong>τοῦτο,</strong></span> <span class='ocrx_word' id='word_1_295' title='bbox 1547 2571 1674 2638; x_wconf 81' lang='grc' dir='ltr'><strong>παρ’</strong></span> <span class='ocrx_word' id='word_1_296' title='bbox 1711 2565 1770 2624; x_wconf 72' lang='grc' dir='ltr'>οὗ</span> <span class='ocrx_word' id='word_1_297' title='bbox 1796 2572 1858 2640; x_wconf 84' lang='grc' dir='ltr'><strong>δὴ</strong></span> 
     </span>
    </p>
   </div>
   <div class='ocr_carea' id='block_1_44' title="bbox 265 2656 1857 2730">
    <p class='ocr_par' dir='ltr' id='par_1_44' title="bbox 265 2656 1857 2730">
     <span class='ocr_line' id='line_1_44' title="bbox 265 2656 1857 2730; baseline 0.003 -20"><span class='ocrx_word' id='word_1_298' title='bbox 265 2659 360 2712; x_wconf 74' lang='grc' dir='ltr'><strong>καὶ</strong></span> <span class='ocrx_word' id='word_1_299' title='bbox 399 2656 865 2726; x_wconf 82' lang='grc' dir='ltr'><strong>κεχειροτόνηται,</strong></span> <span class='ocrx_word' id='word_1_300' title='bbox 891 2658 951 2711; x_wconf 81' lang='grc' dir='ltr'>οὐ</span> <span class='ocrx_word' id='word_1_301' title='bbox 983 2658 1138 2728; x_wconf 74' lang='grc' dir='ltr'><strong>παρὰ</strong></span> <span class='ocrx_word' id='word_1_302' title='bbox 1163 2659 1264 2728; x_wconf 78' lang='grc' dir='ltr'><strong>τῆς</strong></span> <span class='ocrx_word' id='word_1_303' title='bbox 1291 2663 1563 2730; x_wconf 80' lang='grc' dir='ltr'>κοσμικῆς</span> <span class='ocrx_word' id='word_1_304' title='bbox 1589 2662 1857 2726; x_wconf 77' lang='grc' dir='ltr'><strong>ἐξουσίας.</strong></span> 
     </span>
    </p>
   </div>
   <div class='ocr_carea' id='block_1_45' title="bbox 279 2749 1861 2824">
    <p class='ocr_par' dir='ltr' id='par_1_45' title="bbox 279 2749 1861 2824">
     <span class='ocr_line' id='line_1_45' title="bbox 279 2749 1861 2824; baseline 0.004 -22"><span class='ocrx_word' id='word_1_305' title='bbox 279 2750 454 2803; x_wconf 69' lang='grc' dir='ltr'><strong>Ἀλλὰ</strong></span> <span class='ocrx_word' id='word_1_306' title='bbox 487 2750 582 2802; x_wconf 78' lang='grc' dir='ltr'><strong>καὶ</strong></span> <span class='ocrx_word' id='word_1_307' title='bbox 610 2749 1016 2820; x_wconf 83' lang='grc' dir='ltr'><strong>καθηγούμενοι</strong></span> <span class='ocrx_word' id='word_1_308' title='bbox 1048 2751 1258 2822; x_wconf 83' lang='grc' dir='ltr'>ἀνδρῶν</span> <span class='ocrx_word' id='word_1_309' title='bbox 1296 2754 1580 2822; x_wconf 85' lang='grc' dir='ltr'><strong>μοναστῶν</strong></span> <span class='ocrx_word' id='word_1_310' title='bbox 1613 2756 1704 2808; x_wconf 78' lang='grc' dir='ltr'><strong>καὶ</strong></span> <span class='ocrx_word' id='word_1_311' title='bbox 1743 2755 1861 2824; x_wconf 82' lang='grc' dir='ltr'><strong>Θεῷ</strong></span> 
     </span>
    </p>
   </div>
   <div class='ocr_carea' id='block_1_46' title="bbox 263 2843 1858 2915">
    <p class='ocr_par' dir='ltr' id='par_1_46' title="bbox 263 2843 1858 2915">
     <span class='ocr_line' id='line_1_46' title="bbox 263 2843 1858 2915; baseline 0.001 -19"><span class='ocrx_word' id='word_1_312' title='bbox 263 2843 726 2911; x_wconf 63' lang='grc' dir='ltr'><strong>καθιερωμένων,</strong></span> <span class='ocrx_word' id='word_1_313' title='bbox 762 2843 858 2895; x_wconf 75' lang='grc' dir='ltr'><strong>καὶ</strong></span> <span class='ocrx_word' id='word_1_314' title='bbox 879 2843 1064 2912; x_wconf 68' lang='grc' dir='ltr'><strong>ψυχῶν</strong></span> <span class='ocrx_word' id='word_1_315' title='bbox 1084 2845 1264 2913; x_wconf 76' lang='grc' dir='ltr'><strong>χάριτι</strong></span> <span class='ocrx_word' id='word_1_316' title='bbox 1287 2843 1426 2896; x_wconf 84' lang='grc' dir='ltr'><strong>Θεοῦ</strong></span> <span class='ocrx_word' id='word_1_317' title='bbox 1491 2845 1858 2915; x_wconf 83' lang='grc' dir='ltr'><strong>προεστῶτες,</strong></span> 
     </span>
    </p>
   </div>
   <div class='ocr_carea' id='block_1_47' title="bbox 265 2934 1862 3006">
    <p class='ocr_par' dir='ltr' id='par_1_47' title="bbox 265 2934 1862 3006">
     <span class='ocr_line' id='line_1_47' title="bbox 265 2934 1862 3006; baseline 0.002 -19"><span class='ocrx_word' id='word_1_318' title='bbox 265 2936 421 2989; x_wconf 73' lang='grc' dir='ltr'>οὕτω</span> <span class='ocrx_word' id='word_1_319' title='bbox 465 2934 620 3006; x_wconf 84' lang='grc' dir='ltr'><strong>παρὰ</strong></span> <span class='ocrx_word' id='word_1_320' title='bbox 651 2934 711 2988; x_wconf 79' lang='grc' dir='ltr'><strong>τὸ</strong></span> <span class='ocrx_word' id='word_1_321' title='bbox 761 2934 856 2988; x_wconf 86' lang='grc' dir='ltr'><strong>τοῦ</strong></span> <span class='ocrx_word' id='word_1_322' title='bbox 897 2935 1213 3006; x_wconf 83' lang='grc' dir='ltr'><strong>Πνεύματος</strong></span> <span class='ocrx_word' id='word_1_323' title='bbox 1247 2935 1463 3006; x_wconf 83' lang='grc' dir='ltr'><strong>θέλημα</strong></span> <span class='ocrx_word' id='word_1_324' title='bbox 1515 2937 1703 2988; x_wconf 76' lang='grc' dir='ltr'>πολλοὶ</span> <span class='ocrx_word' id='word_1_325' title='bbox 1758 2937 1862 2990; x_wconf 87' lang='grc' dir='ltr'><strong>δεί-</strong></span> 
     </span>
    </p>
   </div>
   <div class='ocr_carea' id='block_1_48' title="bbox 263 3026 1862 3097">
    <p class='ocr_par' dir='ltr' id='par_1_48' title="bbox 263 3026 1862 3097">
     <span class='ocr_line' id='line_1_48' title="bbox 263 3026 1862 3097; baseline 0.003 -17"><span class='ocrx_word' id='word_1_326' title='bbox 263 3043 508 3082; x_wconf 82' lang='grc' dir='ltr'><strong>κνυνται</strong></span> <span class='ocrx_word' id='word_1_327' title='bbox 535 3045 550 3061; x_wconf 78' lang='grc' dir='ltr'><strong><em>ο</em></strong></span> <span class='ocrx_word' id='word_1_328' title='bbox 590 3029 687 3080; x_wconf 75' lang='grc' dir='ltr'><strong>καὶ</strong></span> <span class='ocrx_word' id='word_1_329' title='bbox 713 3026 900 3082; x_wconf 82' lang='grc' dir='ltr'>λύουσι</span> <span class='ocrx_word' id='word_1_330' title='bbox 938 3027 1034 3081; x_wconf 71' lang='grc' dir='ltr'><strong>καὶ</strong></span> <span class='ocrx_word' id='word_1_331' title='bbox 1081 3027 1368 3097; x_wconf 83' lang='grc' dir='ltr'><strong>δεσμοῦσι,</strong></span> <span class='ocrx_word' id='word_1_332' title='bbox 1419 3029 1674 3090; x_wconf 76' lang='grc' dir='ltr'><strong>λαϐόντες</strong></span> <span class='ocrx_word' id='word_1_333' title='bbox 1705 3030 1862 3084; x_wconf 89' lang='grc' dir='ltr'><strong>τοῦτο</strong></span> 
     </span>
    </p>
   </div>
   <div class='ocr_carea' id='block_1_49' title="bbox 267 3118 1859 3191">
    <p class='ocr_par' dir='ltr' id='par_1_49' title="bbox 267 3118 1859 3191">
     <span class='ocr_line' id='line_1_49' title="bbox 267 3118 1859 3191; baseline -0.001 -17"><span class='ocrx_word' id='word_1_334' title='bbox 267 3122 422 3191; x_wconf 71' lang='grc' dir='ltr'><strong>’παρὰ</strong></span> <span class='ocrx_word' id='word_1_335' title='bbox 438 3121 558 3172; x_wconf 82' lang='grc' dir='ltr'><strong>τῶν</strong></span> <span class='ocrx_word' id='word_1_336' title='bbox 579 3119 653 3188; x_wconf 84' lang='grc' dir='ltr'><strong>μὴ</strong></span> <span class='ocrx_word' id='word_1_337' title='bbox 675 3118 950 3172; x_wconf 79' lang='grc' dir='ltr'><strong>λαϐόντων</strong></span> <span class='ocrx_word' id='word_1_338' title='bbox 970 3121 1070 3188; x_wconf 84' lang='grc' dir='ltr'><strong>τὴν</strong></span> <span class='ocrx_word' id='word_1_339' title='bbox 1099 3119 1192 3172; x_wconf 88' lang='grc' dir='ltr'><strong>τοῦ</strong></span> <span class='ocrx_word' id='word_1_340' title='bbox 1227 3120 1567 3190; x_wconf 77' lang='grc' dir='ltr'><strong>χαρίσματος</strong></span> <span class='ocrx_word' id='word_1_341' title='bbox 1601 3121 1859 3189; x_wconf 78' lang='grc' dir='ltr'><strong>δύναμιν·</strong></span> 
     </span>
    </p>
   </div>
   <div class='ocr_carea' id='block_1_50' title="bbox 266 3201 1858 3284">
    <p class='ocr_par' dir='ltr' id='par_1_50' title="bbox 266 3201 1858 3284">
     <span class='ocr_line' id='line_1_50' title="bbox 266 3201 1858 3284; baseline 0 -21"><span class='ocrx_word' id='word_1_342' title='bbox 266 3215 362 3266; x_wconf 73' lang='grc' dir='ltr'><strong>καὶ</strong></span> <span class='ocrx_word' id='word_1_343' title='bbox 385 3211 832 3284; x_wconf 84' lang='grc' dir='ltr'><strong>χειροτονοῦνται</strong></span> <span class='ocrx_word' id='word_1_344' title='bbox 859 3211 954 3263; x_wconf 71' lang='grc' dir='ltr'><strong>καὶ</strong></span> <span class='ocrx_word' id='word_1_345' title='bbox 980 3209 1190 3264; x_wconf 85' lang='grc' dir='ltr'>πολλῶν</span> <span class='ocrx_word' id='word_1_346' title='bbox 1216 3201 1464 3280; x_wconf 70' lang='grc' dir='ltr'><strong>ἄρχουσι,</strong></span> <span class='ocrx_word' id='word_1_347' title='bbox 1499 3212 1666 3277; x_wconf 78' lang='grc' dir='ltr'><strong>μηδὲν</strong></span> <span class='ocrx_word' id='word_1_348' title='bbox 1696 3229 1858 3281; x_wconf 83' lang='grc' dir='ltr'><strong>φρον-</strong></span> 
     </span>
    </p>
   </div>
   <div class='ocr_carea' id='block_1_51' title="bbox 265 3303 1859 3374">
    <p class='ocr_par' dir='ltr' id='par_1_51' title="bbox 265 3303 1859 3374">
     <span class='ocr_line' id='line_1_51' title="bbox 265 3303 1859 3374; baseline 0.001 -18"><span class='ocrx_word' id='word_1_349' title='bbox 265 3303 520 3369; x_wconf 76' lang='grc' dir='ltr'><strong>τίζοντες</strong></span> <span class='ocrx_word' id='word_1_350' title='bbox 547 3303 682 3366; x_wconf 79' lang='grc' dir='ltr'>ὅλως</span> <span class='ocrx_word' id='word_1_351' title='bbox 713 3303 822 3356; x_wconf 84' lang='grc' dir='ltr'><strong>τῶν</strong></span> <span class='ocrx_word' id='word_1_352' title='bbox 869 3305 1102 3374; x_wconf 64' lang='grc' dir='ltr'><strong>ἐχόντων</strong></span> <span class='ocrx_word' id='word_1_353' title='bbox 1133 3303 1196 3356; x_wconf 81' lang='grc' dir='ltr'><strong>τὸ</strong></span> <span class='ocrx_word' id='word_1_354' title='bbox 1235 3303 1500 3374; x_wconf 83' lang='grc' dir='ltr'><strong>χάρισμα.</strong></span> <span class='ocrx_word' id='word_1_355' title='bbox 1547 3304 1638 3356; x_wconf 81' lang='grc' dir='ltr'><strong>Διὸ</strong></span> <span class='ocrx_word' id='word_1_356' title='bbox 1665 3306 1758 3356; x_wconf 80' lang='grc' dir='ltr'><strong>καὶ</strong></span> <span class='ocrx_word' id='word_1_357' title='bbox 1791 3304 1859 3357; x_wconf 70' lang='grc' dir='ltr'>τὰ</span> 
     </span>
    </p>
   </div>
   <div class='ocr_carea' id='block_1_52' title="bbox 267 3392 1859 3466">
    <p class='ocr_par' dir='ltr' id='par_1_52' title="bbox 267 3392 1859 3466">
     <span class='ocr_line' id='line_1_52' title="bbox 267 3392 1859 3466; baseline 0 -19"><span class='ocrx_word' id='word_1_358' title='bbox 267 3395 668 3466; x_wconf 81' lang='grc' dir='ltr'><strong>συντρίμματα</strong></span> <span class='ocrx_word' id='word_1_359' title='bbox 699 3392 857 3463; x_wconf 79' lang='grc' dir='ltr'><strong>ἡμῶν</strong></span> <span class='ocrx_word' id='word_1_360' title='bbox 897 3394 1072 3446; x_wconf 77' lang='grc' dir='ltr'>πολλὰ</span> <span class='ocrx_word' id='word_1_361' title='bbox 1101 3393 1314 3461; x_wconf 75' lang='grc' dir='ltr'><strong>γέγονε,</strong></span> <span class='ocrx_word' id='word_1_362' title='bbox 1353 3395 1450 3446; x_wconf 80' lang='grc' dir='ltr'><strong>καὶ</strong></span> <span class='ocrx_word' id='word_1_363' title='bbox 1490 3393 1859 3464; x_wconf 79' lang='grc' dir='ltr'><strong>ὲσμικρύνθη-</strong></span> 
     </span>
    </p>
   </div>
   <div class='ocr_carea' id='block_1_53' title="bbox 271 3482 1857 3554">
    <p class='ocr_par' dir='ltr' id='par_1_53' title="bbox 271 3482 1857 3554">
     <span class='ocr_line' id='line_1_53' title="bbox 271 3482 1857 3554; baseline -0.003 -15"><span class='ocrx_word' id='word_1_364' title='bbox 271 3503 396 3554; x_wconf 83' lang='grc' dir='ltr'><strong>μεν,</strong></span> <span class='ocrx_word' id='word_1_365' title='bbox 427 3485 532 3540; x_wconf 62' lang='grc' dir='ltr'><strong>και)⁹</strong></span> <span class='ocrx_word' id='word_1_366' title='bbox 553 3483 824 3549; x_wconf 75' lang='grc' dir='ltr'><strong>ὀλιγοστοὶ</strong></span> <span class='ocrx_word' id='word_1_367' title='bbox 854 3483 1008 3550; x_wconf 85' lang='grc' dir='ltr'><strong>παρά</strong></span> <span class='ocrx_word' id='word_1_368' title='bbox 1039 3483 1217 3535; x_wconf 85' lang='grc' dir='ltr'><strong>πάντα</strong></span> <span class='ocrx_word' id='word_1_369' title='bbox 1255 3483 1320 3534; x_wconf 73' lang='grc' dir='ltr'><strong>τὰ</strong></span> <span class='ocrx_word' id='word_1_370' title='bbox 1355 3482 1482 3552; x_wconf 74' lang='grc' dir='ltr'><strong>ἔθνη</strong></span> <span class='ocrx_word' id='word_1_371' title='bbox 1523 3483 1857 3551; x_wconf 76' lang='grc' dir='ltr'><strong>γεγόναμεν·</strong></span> 
     </span>
    </p>
   </div>
   <div class='ocr_carea' id='block_1_54' title="bbox 269 3575 1861 3646">
    <p class='ocr_par' dir='ltr' id='par_1_54' title="bbox 269 3575 1861 3646">
     <span class='ocr_line' id='line_1_54' title="bbox 269 3575 1861 3646; baseline -0.001 -18"><span class='ocrx_word' id='word_1_372' title='bbox 269 3576 362 3630; x_wconf 82' lang='grc' dir='ltr'><strong>καὶ</strong></span> <span class='ocrx_word' id='word_1_373' title='bbox 399 3577 497 3646; x_wconf 75' lang='grc' dir='ltr'><strong>βίᾳ</strong></span> <span class='ocrx_word' id='word_1_374' title='bbox 529 3575 872 3628; x_wconf 64' lang='grc' dir='ltr'><strong>σπευδόντων</strong></span> <span class='ocrx_word' id='word_1_375' title='bbox 899 3575 1008 3628; x_wconf 80' lang='grc' dir='ltr'><strong>τῶν</strong></span> <span class='ocrx_word' id='word_1_376' title='bbox 1063 3576 1140 3645; x_wconf 84' lang='grc' dir='ltr'><strong>μὴ</strong></span> <span class='ocrx_word' id='word_1_377' title='bbox 1170 3575 1524 3640; x_wconf 83' lang='grc' dir='ltr'>καθηκόντων</span> <span class='ocrx_word' id='word_1_378' title='bbox 1575 3575 1768 3644; x_wconf 82' lang='grc' dir='ltr'><strong>ἄρχειν</strong></span> <span class='ocrx_word' id='word_1_379' title='bbox 1803 3593 1861 3627; x_wconf 85' lang='grc' dir='ltr'><strong>τε</strong></span> 
     </span>
    </p>
   </div>
   <div class='ocr_carea' id='block_1_55' title="bbox 275 3664 1858 3739">
    <p class='ocr_par' dir='ltr' id='par_1_55' title="bbox 275 3664 1858 3739">
     <span class='ocr_line' id='line_1_55' title="bbox 275 3664 1858 3739; baseline -0.003 -19"><span class='ocrx_word' id='word_1_380' title='bbox 275 3670 366 3722; x_wconf 73' lang='grc' dir='ltr'><strong>καὶ</strong></span> <span class='ocrx_word' id='word_1_381' title='bbox 401 3667 778 3739; x_wconf 69' lang='grc' dir='ltr'><strong>ἐφάπτεσθαι,</strong></span> <span class='ocrx_word' id='word_1_382' title='bbox 840 3666 1209 3736; x_wconf 80' lang='grc' dir='ltr'><strong>κατάρχουσιν</strong></span> <span class='ocrx_word' id='word_1_383' title='bbox 1234 3664 1394 3735; x_wconf 78' lang='grc' dir='ltr'><strong>ἡμῶν</strong></span> <span class='ocrx_word' id='word_1_384' title='bbox 1449 3665 1501 3717; x_wconf 76' lang='grc' dir='ltr'><strong>οἱ</strong></span> <span class='ocrx_word' id='word_1_385' title='bbox 1537 3665 1809 3735; x_wconf 75' lang='grc' dir='ltr'>ἀλλότριοι</span> <span class='ocrx_word' id='word_1_386' title='bbox 1843 3681 1858 3696; x_wconf 90' lang='grc'><strong>·</strong></span> 
     </span>
    </p>
   </div>
   <div class='ocr_carea' id='block_1_56' title="bbox 283 3755 1862 3832">
    <p class='ocr_par' dir='ltr' id='par_1_56' title="bbox 283 3755 1862 3832">
     <span class='ocr_line' id='line_1_56' title="bbox 283 3755 1862 3832; baseline -0.004 -18"><span class='ocrx_word' id='word_1_387' title='bbox 283 3763 366 3815; x_wconf 78' lang='grc' dir='ltr'><strong>καὶ</strong></span> <span class='ocrx_word' id='word_1_388' title='bbox 386 3762 458 3815; x_wconf 79' lang='grc' dir='ltr'>τὰ</span> <span class='ocrx_word' id='word_1_389' title='bbox 495 3761 576 3832; x_wconf 79' lang='grc' dir='ltr'><strong>μὴ</strong></span> <span class='ocrx_word' id='word_1_390' title='bbox 611 3759 736 3828; x_wconf 80' lang='grc' dir='ltr'><strong>φίλα</strong></span> <span class='ocrx_word' id='word_1_391' title='bbox 763 3759 898 3812; x_wconf 82' lang='grc' dir='ltr'><strong>Θεοῦ</strong></span> <span class='ocrx_word' id='word_1_392' title='bbox 921 3757 1240 3822; x_wconf 77' lang='grc' dir='ltr'><strong>ποιούντων,</strong></span> <span class='ocrx_word' id='word_1_393' title='bbox 1266 3759 1316 3809; x_wconf 78' lang='lat' dir='ltr'><strong>oi</strong></span> <span class='ocrx_word' id='word_1_394' title='bbox 1355 3755 1542 3828; x_wconf 72' lang='grc' dir='ltr'><strong>ἐχθροὶ</strong></span> <span class='ocrx_word' id='word_1_395' title='bbox 1576 3757 1734 3825; x_wconf 82' lang='grc' dir='ltr'><strong>ἡμῶν</strong></span> <span class='ocrx_word' id='word_1_396' title='bbox 1769 3757 1862 3808; x_wconf 75' lang='grc' dir='ltr'><strong>καὶ</strong></span> 
     </span>
    </p>
   </div>
   <div class='ocr_carea' id='block_1_57' title="bbox 277 3848 1864 3918">
    <p class='ocr_par' dir='ltr' id='par_1_57' title="bbox 277 3848 1864 3918">
     <span class='ocr_line' id='line_1_57' title="bbox 277 3848 1864 3918; baseline -0.002 -15"><span class='ocrx_word' id='word_1_397' title='bbox 277 3850 366 3904; x_wconf 83' lang='grc' dir='ltr'><strong>τοῦ</strong></span> <span class='ocrx_word' id='word_1_398' title='bbox 395 3853 544 3906; x_wconf 82' lang='grc' dir='ltr'><strong>Θεοῦ</strong></span> <span class='ocrx_word' id='word_1_399' title='bbox 574 3849 886 3910; x_wconf 81' lang='grc' dir='ltr'><strong>ἀκολούθως</strong></span> <span class='ocrx_word' id='word_1_400' title='bbox 931 3851 1062 3918; x_wconf 79' lang='grc' dir='ltr'>ἡμῖν</span> <span class='ocrx_word' id='word_1_401' title='bbox 1097 3848 1620 3916; x_wconf 79' lang='grc' dir='ltr'><strong>κατεπεμσαίνουσι.</strong></span> <span class='ocrx_word' id='word_1_402' title='bbox 1658 3849 1765 3901; x_wconf 74' lang='grc' dir='ltr'><strong>Καὶ</strong></span> <span class='ocrx_word' id='word_1_403' title='bbox 1797 3849 1864 3900; x_wconf 80' lang='grc' dir='ltr'>τὰ</span> 
     </span>
    </p>
   </div>
   <div class='ocr_carea' id='block_1_58' title="bbox 275 3941 1864 4016">
    <p class='ocr_par' dir='ltr' id='par_1_58' title="bbox 275 3941 1864 4016">
     <span class='ocr_line' id='line_1_58' title="bbox 275 3941 1864 4016; baseline -0.003 -20"><span class='ocrx_word' id='word_1_404' title='bbox 275 3945 400 4016; x_wconf 78' lang='grc' dir='ltr'><strong>ιερὰ</strong></span> <span class='ocrx_word' id='word_1_405' title='bbox 429 3943 807 4013; x_wconf 72' lang='grc' dir='ltr'><strong>οἰκειούμενοι</strong></span> <span class='ocrx_word' id='word_1_406' title='bbox 841 3945 936 3997; x_wconf 70' lang='grc' dir='ltr'>καὶ</span> <span class='ocrx_word' id='word_1_407' title='bbox 961 3943 1294 4008; x_wconf 76' lang='grc' dir='ltr'><strong>κοινοῦντες,</strong></span> <span class='ocrx_word' id='word_1_408' title='bbox 1329 3943 1392 3994; x_wconf 81' lang='grc' dir='ltr'><strong>ὲκ</strong></span> <span class='ocrx_word' id='word_1_409' title='bbox 1440 3941 1550 3994; x_wconf 85' lang='grc' dir='ltr'><strong>τῶν</strong></span> <span class='ocrx_word' id='word_1_410' title='bbox 1587 3942 1864 3994; x_wconf 84' lang='grc' dir='ltr'><strong>ἀνατεθει-</strong></span> 
     </span>
    </p>
   </div>
   <div class='ocr_carea' id='block_1_59' title="bbox 270 4033 1868 4109">
    <p class='ocr_par' dir='ltr' id='par_1_59' title="bbox 270 4033 1868 4109">
     <span class='ocr_line' id='line_1_59' title="bbox 270 4033 1868 4109; baseline -0.004 -16"><span class='ocrx_word' id='word_1_411' title='bbox 270 4039 458 4109; x_wconf 82' lang='grc' dir='ltr'><strong>μένων</strong></span> <span class='ocrx_word' id='word_1_412' title='bbox 497 4037 580 4108; x_wconf 84' lang='grc' dir='ltr'>τῷ</span> <span class='ocrx_word' id='word_1_413' title='bbox 611 4037 731 4106; x_wconf 85' lang='grc' dir='ltr'><strong>Θεῷ</strong></span> <span class='ocrx_word' id='word_1_414' title='bbox 783 4035 1128 4103; x_wconf 76' lang='grc' dir='ltr'><strong>λογιζόμενοι</strong></span> <span class='ocrx_word' id='word_1_415' title='bbox 1183 4035 1305 4102; x_wconf 76' lang='grc' dir='ltr'><strong>(φεῦ</strong></span> <span class='ocrx_word' id='word_1_416' title='bbox 1335 4034 1374 4104; x_wconf 78' lang='grc' dir='ltr'><strong>ί)</strong></span> <span class='ocrx_word' id='word_1_417' title='bbox 1437 4033 1762 4104; x_wconf 81' lang='grc' dir='ltr'><strong>κερδαίνειν.</strong></span> <span class='ocrx_word' id='word_1_418' title='bbox 1797 4036 1868 4086; x_wconf 76' lang='grc' dir='ltr'><strong>τὰ,</strong></span> 
     </span>
    </p>
   </div>
   <div class='ocr_carea' id='block_1_60' title="bbox 267 4123 1863 4199">
    <p class='ocr_par' dir='ltr' id='par_1_60' title="bbox 267 4123 1863 4199">
     <span class='ocr_line' id='line_1_60' title="bbox 267 4123 1863 4199; baseline -0.007 -15"><span class='ocrx_word' id='word_1_419' title='bbox 267 4131 380 4185; x_wconf 77' lang='grc' dir='ltr'><strong>[δια</strong></span> <span class='ocrx_word' id='word_1_420' title='bbox 413 4129 586 4199; x_wconf 84' lang='grc' dir='ltr'><strong>ἡμῶν</strong></span> <span class='ocrx_word' id='word_1_421' title='bbox 605 4126 864 4180; x_wconf 80' lang='grc' dir='ltr'><strong>ἁπωλέσα</strong></span> <span class='ocrx_word' id='word_1_422' title='bbox 876 4141 994 4194; x_wconf 72' lang='grc' dir='ltr'><strong>μενο</strong></span> <span class='ocrx_word' id='word_1_423' title='bbox 1015 4124 1110 4176; x_wconf 79' lang='grc' dir='ltr'><strong>καὶ</strong></span> <span class='ocrx_word' id='word_1_424' title='bbox 1137 4123 1480 4193; x_wconf 68' lang='grc' dir='ltr'><strong>καρποῦνται</strong></span> <span class='ocrx_word' id='word_1_425' title='bbox 1509 4123 1576 4175; x_wconf 83' lang='grc' dir='ltr'><strong>τὰ</strong></span> <span class='ocrx_word' id='word_1_426' title='bbox 1597 4123 1863 4193; x_wconf 79' lang='grc' dir='ltr'><strong>ἡμέτερα,</strong></span> 
     </span>
    </p>
   </div>
   <div class='ocr_carea' id='block_1_61' title="bbox 263 4215 1864 4292">
    <p class='ocr_par' dir='ltr' id='par_1_61' title="bbox 263 4215 1864 4292">
     <span class='ocr_line' id='line_1_61' title="bbox 263 4215 1864 4292; baseline -0.006 -18"><span class='ocrx_word' id='word_1_427' title='bbox 263 4223 438 4292; x_wconf 77' lang='grc'><strong>16⁷</strong></span> <span class='ocrx_word' id='word_1_428' title='bbox 471 4221 572 4274; x_wconf 70' lang='grc' dir='ltr'><strong>καλ⁵</strong></span> <span class='ocrx_word' id='word_1_429' title='bbox 601 4219 808 4272; x_wconf 70' lang='grc' dir='ltr'><strong>ἔδονται</strong></span> <span class='ocrx_word' id='word_1_430' title='bbox 841 4217 1074 4270; x_wconf 75' lang='grc' dir='ltr'>ἐνώπιον</span> <span class='ocrx_word' id='word_1_431' title='bbox 1099 4217 1254 4286; x_wconf 83' lang='grc' dir='ltr'><strong>ἡμῶν</strong></span> <span class='ocrx_word' id='word_1_432' title='bbox 1275 4215 1325 4267; x_wconf 76' lang='lat' dir='ltr'><strong>oi</strong></span> <span class='ocrx_word' id='word_1_433' title='bbox 1350 4216 1684 4270; x_wconf 82' lang='grc' dir='ltr'><strong>ὑπεναντίοι.</strong></span> <span class='ocrx_word' id='word_1_434' title='bbox 1725 4216 1864 4268; x_wconf 81' lang='grc' dir='ltr'>Ἀλλ’</span> 
     </span>
    </p>
   </div>
   <div class='ocr_carea' id='block_1_62' title="bbox 257 4307 1868 4380">
    <p class='ocr_par' dir='ltr' id='par_1_62' title="bbox 257 4307 1868 4380">
     <span class='ocr_line' id='line_1_62' title="bbox 257 4307 1868 4380; baseline -0.004 -14"><span class='ocrx_word' id='word_1_435' title='bbox 257 4315 380 4368; x_wconf 85' lang='grc' dir='ltr'><strong>εῐθε</strong></span> <span class='ocrx_word' id='word_1_436' title='bbox 411 4313 634 4380; x_wconf 80' lang='grc' dir='ltr'><strong>γένοιτό</strong></span> <span class='ocrx_word' id='word_1_437' title='bbox 661 4329 744 4373; x_wconf 90' lang='grc' dir='ltr'><strong>τις</strong></span> <span class='ocrx_word' id='word_1_438' title='bbox 765 4311 1034 4378; x_wconf 77' lang='grc' dir='ltr'><strong>Θεραπεία</strong></span> <span class='ocrx_word' id='word_1_439' title='bbox 1065 4309 1159 4361; x_wconf 83' lang='grc' dir='ltr'><strong>τοῦ</strong></span> <span class='ocrx_word' id='word_1_440' title='bbox 1192 4307 1369 4360; x_wconf 82' lang='grc' dir='ltr'>δεινοῦ</span> <span class='ocrx_word' id='word_1_441' title='bbox 1398 4307 1612 4374; x_wconf 87' lang='grc' dir='ltr'><strong>τούτου,</strong></span> <span class='ocrx_word' id='word_1_442' title='bbox 1640 4309 1736 4360; x_wconf 73' lang='grc' dir='ltr'><strong>καὶ</strong></span> <span class='ocrx_word' id='word_1_443' title='bbox 1755 4309 1868 4375; x_wconf 74' lang='grc' dir='ltr'><strong>εἵη-</strong></span> 
     </span>
    </p>
   </div>
   <div class='ocr_carea' id='block_1_63' title="bbox 253 4397 1863 4473">
    <p class='ocr_par' dir='ltr' id='par_1_63' title="bbox 253 4397 1863 4473">
     <span class='ocr_line' id='line_1_63' title="bbox 253 4397 1863 4473; baseline -0.006 -15"><span class='ocrx_word' id='word_1_444' title='bbox 253 4421 366 4460; x_wconf 84' lang='grc' dir='ltr'><strong>σαν</strong></span> <span class='ocrx_word' id='word_1_445' title='bbox 401 4405 514 4473; x_wconf 84' lang='grc' dir='ltr'><strong>μὲν</strong></span> <span class='ocrx_word' id='word_1_446' title='bbox 547 4403 616 4455; x_wconf 76' lang='grc' dir='ltr'><strong>τὰ</strong></span> <span class='ocrx_word' id='word_1_447' title='bbox 635 4403 728 4455; x_wconf 88' lang='grc' dir='ltr'><strong>τοῦ</strong></span> <span class='ocrx_word' id='word_1_448' title='bbox 760 4402 1037 4470; x_wconf 75' lang='grc' dir='ltr'><strong>Καίσαρος</strong></span> <span class='ocrx_word' id='word_1_449' title='bbox 1083 4399 1385 4468; x_wconf 77' lang='grc' dir='ltr'><strong>Καίσαρος,</strong></span> <span class='ocrx_word' id='word_1_450' title='bbox 1410 4400 1480 4450; x_wconf 84' lang='grc' dir='ltr'><strong>τὰ</strong></span> <span class='ocrx_word' id='word_1_451' title='bbox 1503 4397 1594 4450; x_wconf 87' lang='grc' dir='ltr'><strong>τοῦ</strong></span> <span class='ocrx_word' id='word_1_452' title='bbox 1639 4397 1774 4448; x_wconf 84' lang='grc' dir='ltr'><strong>Θεοῦ</strong></span> <span class='ocrx_word' id='word_1_453' title='bbox 1809 4397 1863 4448; x_wconf 81' lang='grc' dir='ltr'><strong>δὲ</strong></span> 
     </span>
    </p>
   </div>
   <div class='ocr_carea' id='block_1_64' title="bbox 249 4490 1868 4561">
    <p class='ocr_par' dir='ltr' id='par_1_64' title="bbox 249 4490 1868 4561">
     <span class='ocr_line' id='line_1_64' title="bbox 249 4490 1868 4561; baseline -0.005 -11"><span class='ocrx_word' id='word_1_454' title='bbox 249 4497 356 4550; x_wconf 80' lang='grc' dir='ltr'><strong>τοῦ</strong></span> <span class='ocrx_word' id='word_1_455' title='bbox 375 4495 554 4560; x_wconf 81' lang='grc' dir='ltr'><strong>Θεοῦ,</strong></span> <span class='ocrx_word' id='word_1_456' title='bbox 569 4494 642 4556; x_wconf 82' lang='grc' dir='ltr'><strong>ὡς</strong></span> <span class='ocrx_word' id='word_1_457' title='bbox 664 4493 730 4546; x_wconf 84' lang='grc' dir='ltr'>ἂν</span> <span class='ocrx_word' id='word_1_458' title='bbox 749 4493 844 4546; x_wconf 58' lang='grc' dir='ltr'><strong>καὶ⁵</strong></span> <span class='ocrx_word' id='word_1_459' title='bbox 857 4492 1138 4561; x_wconf 62' lang='grc' dir='ltr'>ἠξιωμένα</span> <span class='ocrx_word' id='word_1_460' title='bbox 1153 4491 1372 4544; x_wconf 77' lang='grc' dir='ltr'><strong>ᾶπαντα</strong></span> <span class='ocrx_word' id='word_1_461' title='bbox 1396 4491 1604 4557; x_wconf 80' lang='grc' dir='ltr'><strong>γένοιτο</strong></span> <span class='ocrx_word' id='word_1_462' title='bbox 1623 4490 1868 4557; x_wconf 79' lang='grc' dir='ltr'><strong>εὐλογίας</strong></span> 
     </span>
    </p>
   </div>
   <div class='ocr_carea' id='block_1_65' title="bbox 245 4581 1866 4652">
    <p class='ocr_par' dir='ltr' id='par_1_65' title="bbox 245 4581 1866 4652">
     <span class='ocr_line' id='line_1_65' title="bbox 245 4581 1866 4652; baseline -0.006 -11"><span class='ocrx_word' id='word_1_463' title='bbox 245 4589 352 4641; x_wconf 78' lang='grc' dir='ltr'><strong>τοῦ</strong></span> <span class='ocrx_word' id='word_1_464' title='bbox 387 4585 563 4652; x_wconf 83' lang='grc' dir='ltr'><strong>Θεοῦ,</strong></span> <span class='ocrx_word' id='word_1_465' title='bbox 592 4585 688 4638; x_wconf 75' lang='grc' dir='ltr'><strong>καὶ</strong></span> <span class='ocrx_word' id='word_1_466' title='bbox 717 4586 788 4637; x_wconf 80' lang='grc' dir='ltr'><strong>τὰ</strong></span> <span class='ocrx_word' id='word_1_467' title='bbox 812 4584 932 4651; x_wconf 75' lang='grc' dir='ltr'><strong>ἱερὰ</strong></span> <span class='ocrx_word' id='word_1_468' title='bbox 971 4583 1368 4650; x_wconf 83' lang='grc' dir='ltr'><strong>συνιστάμενα,</strong></span> <span class='ocrx_word' id='word_1_469' title='bbox 1405 4582 1498 4634; x_wconf 81' lang='grc' dir='ltr'>καὶ</span> <span class='ocrx_word' id='word_1_470' title='bbox 1521 4581 1590 4633; x_wconf 84' lang='grc' dir='ltr'><strong>τὰ</strong></span> <span class='ocrx_word' id='word_1_471' title='bbox 1619 4581 1866 4651; x_wconf 80' lang='grc' dir='ltr'><strong>κοσμικὰ</strong></span> 
     </span>
    </p>
   </div>
   <div class='ocr_carea' id='block_1_66' title="bbox 247 4671 1869 4746">
    <p class='ocr_par' dir='ltr' id='par_1_66' title="bbox 247 4671 1869 4746">
     <span class='ocr_line' id='line_1_66' title="bbox 247 4671 1869 4746; baseline -0.005 -14"><span class='ocrx_word' id='word_1_472' title='bbox 247 4677 648 4746; x_wconf 72' lang='grc' dir='ltr'><strong>αὐξανόμενα,</strong></span> <span class='ocrx_word' id='word_1_473' title='bbox 680 4677 774 4728; x_wconf 82' lang='grc' dir='ltr'><strong>καὶ</strong></span> <span class='ocrx_word' id='word_1_474' title='bbox 809 4675 884 4744; x_wconf 79' lang='grc' dir='ltr'><strong>μὴ</strong></span> <span class='ocrx_word' id='word_1_475' title='bbox 907 4671 1244 4736; x_wconf 84' lang='grc' dir='ltr'><strong>τούναντίον,</strong></span> <span class='ocrx_word' id='word_1_476' title='bbox 1275 4673 1370 4726; x_wconf 64' lang='grc' dir='ltr'><strong>ὑπ’</strong></span> <span class='ocrx_word' id='word_1_477' title='bbox 1419 4672 1666 4742; x_wconf 81' lang='grc' dir='ltr'><strong>ἀλλήλων</strong></span> <span class='ocrx_word' id='word_1_478' title='bbox 1717 4675 1869 4742; x_wconf 77' lang='grc' dir='ltr'><strong>φθει-</strong></span> 
     </span>
    </p>
   </div>
   <div class='ocr_carea' id='block_1_67' title="bbox 245 4763 1867 4842">
    <p class='ocr_par' dir='ltr' id='par_1_67' title="bbox 245 4763 1867 4842">
     <span class='ocr_line' id='line_1_67' title="bbox 245 4763 1867 4842; baseline -0.006 -17"><span class='ocrx_word' id='word_1_479' title='bbox 245 4773 507 4842; x_wconf 70' lang='grc' dir='ltr'><strong>ρόμενον</strong></span> <span class='ocrx_word' id='word_1_480' title='bbox 535 4770 622 4821; x_wconf 79' lang='grc' dir='ltr'>ὅτι</span> <span class='ocrx_word' id='word_1_481' title='bbox 661 4767 756 4820; x_wconf 76' lang='grc' dir='ltr'><strong>καὶ</strong></span> <span class='ocrx_word' id='word_1_482' title='bbox 787 4769 814 4820; x_wconf 87' lang='grc' dir='ltr'><strong>ὁ</strong></span> <span class='ocrx_word' id='word_1_483' title='bbox 875 4765 1120 4835; x_wconf 74' lang='grc' dir='ltr'><strong>ἀρχῆθεν</strong></span> <span class='ocrx_word' id='word_1_484' title='bbox 1168 4765 1429 4835; x_wconf 80' lang='grc' dir='ltr'><strong>πολέμιος</strong></span> <span class='ocrx_word' id='word_1_485' title='bbox 1487 4769 1580 4818; x_wconf 82' lang='grc' dir='ltr'><strong>καὶ</strong></span> <span class='ocrx_word' id='word_1_486' title='bbox 1631 4763 1867 4836; x_wconf 79' lang='grc' dir='ltr'>φθορεὺς</span> 
     </span>
    </p>
   </div>
   <div class='ocr_carea' id='block_1_68' title="bbox 243 4857 1867 4926">
    <p class='ocr_par' dir='ltr' id='par_1_68' title="bbox 243 4857 1867 4926">
     <span class='ocr_line' id='line_1_68' title="bbox 243 4857 1867 4926; baseline -0.004 -12"><span class='ocrx_word' id='word_1_487' title='bbox 243 4863 446 4924; x_wconf 66' lang='grc' dir='ltr'><strong>δεινὶς</strong></span> <span class='ocrx_word' id='word_1_488' title='bbox 481 4861 538 4912; x_wconf 81' lang='grc' dir='ltr'><strong>ὲν</strong></span> <span class='ocrx_word' id='word_1_489' title='bbox 563 4858 777 4918; x_wconf 83' lang='grc' dir='ltr'>τούτοις</span> <span class='ocrx_word' id='word_1_490' title='bbox 808 4857 1052 4920; x_wconf 80' lang='grc' dir='ltr'><strong>σπεύδει,</strong></span> <span class='ocrx_word' id='word_1_491' title='bbox 1084 4859 1233 4920; x_wconf 81' lang='grc' dir='ltr'>ὅπως</span> <span class='ocrx_word' id='word_1_492' title='bbox 1265 4859 1362 4910; x_wconf 70' lang='grc' dir='ltr'><strong>καὶ</strong></span> <span class='ocrx_word' id='word_1_493' title='bbox 1399 4857 1706 4926; x_wconf 75' lang='grc' dir='ltr'><strong>ἱεροσυλίαν</strong></span> <span class='ocrx_word' id='word_1_494' title='bbox 1755 4859 1867 4918; x_wconf 80' lang='grc' dir='ltr'>τοῖς</span> 
     </span>
    </p>
   </div>
   <div class='ocr_carea' id='block_1_69' title="bbox 245 4947 1868 5022">
    <p class='ocr_par' dir='ltr' id='par_1_69' title="bbox 245 4947 1868 5022">
     <span class='ocr_line' id='line_1_69' title="bbox 245 4947 1868 5022; baseline -0.005 -14"><span class='ocrx_word' id='word_1_495' title='bbox 245 4953 533 5008; x_wconf 78' lang='grc' dir='ltr'><strong>εὐσεϐέσι</strong></span> <span class='ocrx_word' id='word_1_496' title='bbox 559 4950 900 5022; x_wconf 76' lang='grc' dir='ltr'><strong>προστρίψῃ,</strong></span> <span class='ocrx_word' id='word_1_497' title='bbox 947 4949 1042 5002; x_wconf 83' lang='grc' dir='ltr'><strong>καὶ</strong></span> <span class='ocrx_word' id='word_1_498' title='bbox 1077 4949 1188 5002; x_wconf 83' lang='grc' dir='ltr'><strong>τῶν</strong></span> <span class='ocrx_word' id='word_1_499' title='bbox 1239 4947 1402 5018; x_wconf 82' lang='grc' dir='ltr'><strong>ἱερῶν</strong></span> <span class='ocrx_word' id='word_1_500' title='bbox 1456 4949 1548 5000; x_wconf 72' lang='grc' dir='ltr'><strong>καὶ</strong></span> <span class='ocrx_word' id='word_1_501' title='bbox 1580 4947 1742 5000; x_wconf 80' lang='grc' dir='ltr'>θείων</span> <span class='ocrx_word' id='word_1_502' title='bbox 1769 4947 1868 5016; x_wconf 78' lang='grc' dir='ltr'><strong>τὴν</strong></span> 
     </span>
    </p>
   </div>
   <div class='ocr_carea' id='block_1_70' title="bbox 245 5039 1866 5116">
    <p class='ocr_par' dir='ltr' id='par_1_70' title="bbox 245 5039 1866 5116">
     <span class='ocr_line' id='line_1_70' title="bbox 245 5039 1866 5116; baseline -0.006 -14"><span class='ocrx_word' id='word_1_503' title='bbox 245 5047 606 5114; x_wconf 71' lang='grc' dir='ltr'>καθαίρεσιν</span> <span class='ocrx_word' id='word_1_504' title='bbox 655 5043 954 5116; x_wconf 75' lang='grc' dir='ltr'><strong>ὲνεργήσῃ,</strong></span> <span class='ocrx_word' id='word_1_505' title='bbox 996 5041 1132 5096; x_wconf 82' lang='grc' dir='ltr'><strong>ἀλλὰ</strong></span> <span class='ocrx_word' id='word_1_506' title='bbox 1159 5039 1514 5110; x_wconf 74' lang='grc' dir='ltr'><strong>καθαιρεθείη</strong></span> <span class='ocrx_word' id='word_1_507' title='bbox 1548 5039 1697 5108; x_wconf 84' lang='grc' dir='ltr'><strong>παρὰ</strong></span> <span class='ocrx_word' id='word_1_508' title='bbox 1733 5039 1866 5092; x_wconf 85' lang='grc' dir='ltr'><strong>Θεοῦ</strong></span> 
     </span>
    </p>
   </div>
   <div class='ocr_carea' id='block_1_71' title="bbox 243 5131 1868 5206">
    <p class='ocr_par' dir='ltr' id='par_1_71' title="bbox 243 5131 1868 5206">
     <span class='ocr_line' id='line_1_71' title="bbox 243 5131 1868 5206; baseline -0.006 -12"><span class='ocrx_word' id='word_1_509' title='bbox 243 5141 276 5194; x_wconf 79' lang='grc' dir='ltr'><strong>ὁ</strong></span> <span class='ocrx_word' id='word_1_510' title='bbox 313 5136 604 5206; x_wconf 80' lang='grc' dir='ltr'><strong>πονηρὸς,</strong></span> <span class='ocrx_word' id='word_1_511' title='bbox 649 5136 746 5188; x_wconf 79' lang='grc' dir='ltr'><strong>καὶ</strong></span> <span class='ocrx_word' id='word_1_512' title='bbox 793 5135 1026 5206; x_wconf 77' lang='grc' dir='ltr'><strong>ζήσαιεν</strong></span> <span class='ocrx_word' id='word_1_513' title='bbox 1078 5133 1324 5196; x_wconf 76' lang='grc' dir='ltr'><strong>εὐσεϐῶς</strong></span> <span class='ocrx_word' id='word_1_514' title='bbox 1379 5133 1474 5186; x_wconf 74' lang='grc' dir='ltr'><strong>καὶ</strong></span> <span class='ocrx_word' id='word_1_515' title='bbox 1529 5131 1794 5200; x_wconf 83' lang='grc' dir='ltr'>θεοφιλῶς</span> <span class='ocrx_word' id='word_1_516' title='bbox 1820 5135 1868 5184; x_wconf 82' lang='lat' dir='ltr'><strong>oi</strong></span> 
     </span>
    </p>
   </div>
   <div class='ocr_carea' id='block_1_72' title="bbox 247 5225 1868 5295">
    <p class='ocr_par' dir='ltr' id='par_1_72' title="bbox 247 5225 1868 5295">
     <span class='ocr_line' id='line_1_72' title="bbox 247 5225 1868 5295; baseline -0.006 -9"><span class='ocrx_word' id='word_1_517' title='bbox 247 5231 466 5286; x_wconf 81' lang='grc' dir='ltr'><strong>πιστοί</strong></span> <span class='ocrx_word' id='word_1_518' title='bbox 497 5246 560 5283; x_wconf 86' lang='grc' dir='ltr'><strong>τε</strong></span> <span class='ocrx_word' id='word_1_519' title='bbox 583 5229 680 5282; x_wconf 73' lang='grc' dir='ltr'><strong>καὶ</strong></span> <span class='ocrx_word' id='word_1_520' title='bbox 712 5228 976 5291; x_wconf 76' lang='grc' dir='ltr'><strong>εὐσεϐεῖς,</strong></span> <span class='ocrx_word' id='word_1_521' title='bbox 1007 5227 1102 5280; x_wconf 72' lang='grc' dir='ltr'><strong>καὶ</strong></span> <span class='ocrx_word' id='word_1_522' title='bbox 1133 5225 1330 5295; x_wconf 77' lang='grc' dir='ltr'><strong>μισθὸν</strong></span> <span class='ocrx_word' id='word_1_523' title='bbox 1371 5226 1472 5295; x_wconf 84' lang='grc' dir='ltr'><strong>τῆς</strong></span> <span class='ocrx_word' id='word_1_524' title='bbox 1521 5225 1868 5295; x_wconf 83' lang='grc' dir='ltr'><strong>φιλοχρίστου</strong></span> 
     </span>
    </p>
   </div>
   <div class='ocr_carea' id='block_1_73' title="bbox 245 5316 1869 5395">
    <p class='ocr_par' dir='ltr' id='par_1_73' title="bbox 245 5316 1869 5395">
     <span class='ocr_line' id='line_1_73' title="bbox 245 5316 1869 5395; baseline -0.013 -15"><span class='ocrx_word' id='word_1_525' title='bbox 245 5325 508 5395; x_wconf 78' lang='grc' dir='ltr'><strong>γνώμης</strong></span> <span class='ocrx_word' id='word_1_526' title='bbox 537 5321 728 5392; x_wconf 73' lang='grc' dir='ltr'><strong>εἴησαν</strong></span> <span class='ocrx_word' id='word_1_527' title='bbox 757 5318 1109 5389; x_wconf 82' lang='grc' dir='ltr'><strong>κομιζόμενοι</strong></span> <span class='ocrx_word' id='word_1_528' title='bbox 1139 5317 1198 5371; x_wconf 86' lang='grc' dir='ltr'><strong>ὲν</strong></span> <span class='ocrx_word' id='word_1_529' title='bbox 1222 5316 1468 5387; x_wconf 85' lang='grc' dir='ltr'><strong>Χριστῷ,</strong></span> <span class='ocrx_word' id='word_1_530' title='bbox 1499 5319 1599 5386; x_wconf 82' lang='grc' dir='ltr'><strong>τὴν</strong></span> <span class='ocrx_word' id='word_1_531' title='bbox 1627 5317 1737 5370; x_wconf 83' lang='grc' dir='ltr'><strong>τῶν</strong></span> <span class='ocrx_word' id='word_1_532' title='bbox 1764 5317 1869 5370; x_wconf 84' lang='grc' dir='ltr'><strong>δει-</strong></span> 
     </span>
    </p>
   </div>
   <div class='ocr_carea' id='block_1_74' title="bbox 247 5407 1872 5484">
    <p class='ocr_par' dir='ltr' id='par_1_74' title="bbox 247 5407 1872 5484">
     <span class='ocr_line' id='line_1_74' title="bbox 247 5407 1872 5484; baseline -0.007 -13"><span class='ocrx_word' id='word_1_533' title='bbox 247 5417 370 5471; x_wconf 82' lang='grc' dir='ltr'><strong>νῶν</strong></span> <span class='ocrx_word' id='word_1_534' title='bbox 399 5413 754 5484; x_wconf 76' lang='grc' dir='ltr'><strong>ἐλευθερίαν,</strong></span> <span class='ocrx_word' id='word_1_535' title='bbox 787 5413 880 5464; x_wconf 79' lang='grc' dir='ltr'><strong>καὶ</strong></span> <span class='ocrx_word' id='word_1_536' title='bbox 897 5410 992 5482; x_wconf 84' lang='grc' dir='ltr'><strong>τὴν</strong></span> <span class='ocrx_word' id='word_1_537' title='bbox 1015 5411 1128 5466; x_wconf 86' lang='grc' dir='ltr'><strong>τῶν</strong></span> <span class='ocrx_word' id='word_1_538' title='bbox 1149 5411 1375 5478; x_wconf 81' lang='grc' dir='ltr'><strong>ἀγαθῶν</strong></span> <span class='ocrx_word' id='word_1_539' title='bbox 1407 5409 1670 5463; x_wconf 79' lang='grc' dir='ltr'><strong>παντοίαν</strong></span> <span class='ocrx_word' id='word_1_540' title='bbox 1699 5407 1872 5462; x_wconf 71' lang='grc' dir='ltr'><strong>ἐπαύο</strong></span> 
     </span>
    </p>
   </div>
   <div class='ocr_carea' id='block_1_75' title="bbox 249 5501 1868 5580">
    <p class='ocr_par' dir='ltr' id='par_1_75' title="bbox 249 5501 1868 5580">
     <span class='ocr_line' id='line_1_75' title="bbox 249 5501 1868 5580; baseline -0.006 -18"><span class='ocrx_word' id='word_1_541' title='bbox 249 5509 458 5580; x_wconf 81' lang='grc' dir='ltr'><strong>ξησιν.</strong></span> <span class='ocrx_word' id='word_1_542' title='bbox 507 5506 564 5558; x_wconf 89' lang='lat'><strong>&#39;0</strong></span> <span class='ocrx_word' id='word_1_543' title='bbox 605 5505 1002 5576; x_wconf 73' lang='grc' dir='ltr'><strong>χειροτονηθεὶς</strong></span> <span class='ocrx_word' id='word_1_544' title='bbox 1025 5503 1084 5558; x_wconf 72' lang='grc' dir='ltr'><strong>δὲ</strong></span> <span class='ocrx_word' id='word_1_545' title='bbox 1108 5503 1409 5574; x_wconf 78' lang='grc' dir='ltr'><strong>ἀρχιερεὺς</strong></span> <span class='ocrx_word' id='word_1_546' title='bbox 1429 5502 1533 5556; x_wconf 74' lang='grc' dir='ltr'><strong>,καὶ</strong></span> <span class='ocrx_word' id='word_1_547' title='bbox 1560 5501 1652 5555; x_wconf 80' lang='grc' dir='ltr'><strong>τὸν</strong></span> <span class='ocrx_word' id='word_1_548' title='bbox 1681 5501 1868 5554; x_wconf 85' lang='grc' dir='ltr'><strong>τελευ-</strong></span> 
     </span>
    </p>
   </div>
   <div class='ocr_carea' id='block_1_76' title="bbox 247 5593 1874 5668">
    <p class='ocr_par' dir='ltr' id='par_1_76' title="bbox 247 5593 1874 5668">
     <span class='ocr_line' id='line_1_76' title="bbox 247 5593 1874 5668; baseline -0.004 -14"><span class='ocrx_word' id='word_1_549' title='bbox 247 5601 424 5654; x_wconf 81' lang='grc' dir='ltr'><strong>ταῖον</strong></span> <span class='ocrx_word' id='word_1_550' title='bbox 453 5598 519 5650; x_wconf 79' lang='grc' dir='ltr'><strong>ὲν</strong></span> <span class='ocrx_word' id='word_1_551' title='bbox 546 5599 612 5668; x_wconf 82' lang='grc' dir='ltr'><strong>τῇ</strong></span> <span class='ocrx_word' id='word_1_552' title='bbox 647 5595 854 5667; x_wconf 78' lang='grc' dir='ltr'><strong>συνόδῳ</strong></span> <span class='ocrx_word' id='word_1_553' title='bbox 885 5597 1124 5668; x_wconf 85' lang='grc' dir='ltr'><strong>ποιήσας</strong></span> <span class='ocrx_word' id='word_1_554' title='bbox 1163 5593 1487 5663; x_wconf 70' lang='grc' dir='ltr'><strong>ἀσπασμὸν,</strong></span> <span class='ocrx_word' id='word_1_555' title='bbox 1541 5593 1636 5647; x_wconf 70' lang='grc' dir='ltr'><strong>καὶ</strong></span> <span class='ocrx_word' id='word_1_556' title='bbox 1673 5593 1764 5648; x_wconf 70' lang='grc' dir='ltr'><strong>τὸν</strong></span> <span class='ocrx_word' id='word_1_557' title='bbox 1794 5595 1874 5647; x_wconf 83' lang='grc' dir='ltr'><strong>οἰ-</strong></span> 
     </span>
    </p>
   </div>
   <div class='ocr_carea' id='block_1_77' title="bbox 249 5685 1873 5758">
    <p class='ocr_par' dir='ltr' id='par_1_77' title="bbox 249 5685 1873 5758">
     <span class='ocr_line' id='line_1_77' title="bbox 249 5685 1873 5758; baseline -0.005 -10"><span class='ocrx_word' id='word_1_558' title='bbox 249 5695 420 5748; x_wconf 72' lang='grc' dir='ltr'><strong>κεῖον</strong></span> <span class='ocrx_word' id='word_1_559' title='bbox 451 5689 624 5743; x_wconf 79' lang='grc' dir='ltr'>τόπον</span> <span class='ocrx_word' id='word_1_560' title='bbox 665 5687 868 5753; x_wconf 76' lang='grc' dir='ltr'><strong>λαϐὼν,</strong></span> <span class='ocrx_word' id='word_1_561' title='bbox 898 5689 1080 5742; x_wconf 75' lang='grc' dir='ltr'><strong>οὐκέτι</strong></span> <span class='ocrx_word' id='word_1_562' title='bbox 1114 5685 1308 5758; x_wconf 84' lang='grc' dir='ltr'><strong>χρείαν</strong></span> <span class='ocrx_word' id='word_1_563' title='bbox 1351 5685 1553 5756; x_wconf 78' lang='grc' dir='ltr'><strong>ἑτέρων</strong></span> <span class='ocrx_word' id='word_1_564' title='bbox 1582 5685 1692 5740; x_wconf 85' lang='grc' dir='ltr'><strong>τῶν</strong></span> <span class='ocrx_word' id='word_1_565' title='bbox 1731 5687 1873 5740; x_wconf 84' lang='grc' dir='ltr'><strong>κατὰ</strong></span> 
     </span>
    </p>
   </div>
   <div class='ocr_carea' id='block_1_78' title="bbox 253 5775 1868 5853">
    <p class='ocr_par' dir='ltr' id='par_1_78' title="bbox 253 5775 1868 5853">
     <span class='ocr_line' id='line_1_78' title="bbox 253 5775 1868 5853; baseline -0.005 -13"><span class='ocrx_word' id='word_1_566' title='bbox 253 5785 452 5840; x_wconf 79' lang='grc' dir='ltr'><strong>τύπον</strong></span> <span class='ocrx_word' id='word_1_567' title='bbox 479 5779 618 5852; x_wconf 79' lang='grc' dir='ltr'><strong>ἔχει·</strong></span> <span class='ocrx_word' id='word_1_568' title='bbox 653 5779 770 5840; x_wconf 76' lang='grc' dir='ltr'><strong>ἀλλ’</strong></span> <span class='ocrx_word' id='word_1_569' title='bbox 799 5778 876 5844; x_wconf 82' lang='grc' dir='ltr'>ὡς</span> <span class='ocrx_word' id='word_1_570' title='bbox 902 5780 1194 5853; x_wconf 82' lang='grc' dir='ltr'><strong>ἀρχιερεὺς</strong></span> <span class='ocrx_word' id='word_1_571' title='bbox 1228 5775 1326 5845; x_wconf 84' lang='grc' dir='ltr'><strong>ὢν,</strong></span> <span class='ocrx_word' id='word_1_572' title='bbox 1358 5777 1470 5834; x_wconf 82' lang='grc' dir='ltr'><strong>τῶν</strong></span> <span class='ocrx_word' id='word_1_573' title='bbox 1497 5777 1596 5850; x_wconf 76' lang='grc' dir='ltr'><strong>τῆς</strong></span> <span class='ocrx_word' id='word_1_574' title='bbox 1645 5777 1868 5850; x_wconf 79' lang='grc' dir='ltr'><strong>Ἐκκλη-</strong></span> 
     </span>
    </p>
   </div>
   <div class='ocr_carea' id='block_1_79' title="bbox 1889 3163 1932 3220">
    <p class='ocr_par' dir='ltr' id='par_1_79' title="bbox 1889 3163 1932 3220">
     <span class='ocr_line' id='line_1_79' title="bbox 1889 3163 1932 3220; baseline 0 -5"><span class='ocrx_word' id='word_1_575' title='bbox 1889 3163 1932 3220; x_wconf 83' lang='lat' dir='ltr'><strong>C</strong></span> 
     </span>
    </p>
   </div>
   <div class='ocr_carea' id='block_1_80' title="bbox 1963 1922 3540 1997">
    <p class='ocr_par' dir='ltr' id='par_1_80' title="bbox 1963 1922 3540 1997">
     <span class='ocr_line' id='line_1_80' title="bbox 1963 1922 3540 1997; baseline 0.007 -24"><span class='ocrx_word' id='word_1_576' title='bbox 1963 1922 2054 1989; x_wconf 92' lang='lat' dir='ltr'><strong>qui</strong></span> <span class='ocrx_word' id='word_1_577' title='bbox 2086 1938 2190 1976; x_wconf 89' lang='lat' dir='ltr'><strong>non</strong></span> <span class='ocrx_word' id='word_1_578' title='bbox 2233 1925 2429 1977; x_wconf 83' lang='lat' dir='ltr'><strong>habent</strong></span> <span class='ocrx_word' id='word_1_579' title='bbox 2463 1928 2758 1981; x_wconf 81' lang='lat' dir='ltr'><strong>sacerdotii</strong></span> <span class='ocrx_word' id='word_1_580' title='bbox 2795 1939 3120 1997; x_wconf 84' lang='lat' dir='ltr'><strong>potestatem</strong></span> <span class='ocrx_word' id='word_1_581' title='bbox 3180 1939 3234 1986; x_wconf 90' lang='lat' dir='ltr'><strong>et</strong></span> <span class='ocrx_word' id='word_1_582' title='bbox 3260 1932 3540 1994; x_wconf 81' lang='lat' dir='ltr'><strong>virtutem,</strong></span> 
     </span>
    </p>
   </div>
   <div class='ocr_carea' id='block_1_81' title="bbox 1961 2011 2913 2084">
    <p class='ocr_par' dir='ltr' id='par_1_81' title="bbox 1961 2011 2913 2084">
     <span class='ocr_line' id='line_1_81' title="bbox 1961 2011 2913 2084; baseline 0.009 -20"><span class='ocrx_word' id='word_1_583' title='bbox 1961 2022 2010 2064; x_wconf 88' lang='lat' dir='ltr'><strong>ct</strong></span> <span class='ocrx_word' id='word_1_584' title='bbox 2044 2025 2242 2082; x_wconf 66' lang='lat' dir='ltr'><strong>praeter</strong></span> <span class='ocrx_word' id='word_1_585' title='bbox 2270 2011 2511 2084; x_wconf 91' lang='lat' dir='ltr'><strong>Spiritus</strong></span> <span class='ocrx_word' id='word_1_586' title='bbox 2545 2020 2913 2073; x_wconf 76' lang='lat' dir='ltr'><strong>sentmtiam!</strong></span> 
     </span>
    </p>
   </div>
   <div class='ocr_carea' id='block_1_82' title="bbox 2515 2199 3011 2256">
    <p class='ocr_par' dir='ltr' id='par_1_82' title="bbox 2515 2199 3011 2256">
     <span class='ocr_line' id='line_1_82' title="bbox 2515 2199 3011 2256; baseline 0 0"><span class='ocrx_word' id='word_1_587' title='bbox 2515 2199 2749 2256; x_wconf 83' lang='lat' dir='ltr'><strong>CAPUT</strong></span> <span class='ocrx_word' id='word_1_588' title='bbox 2782 2200 3011 2256; x_wconf 78' lang='lat' dir='ltr'><strong>CCXXI.</strong></span> 
     </span>
    </p>
   </div>
   <div class='ocr_carea' id='block_1_83' title="bbox 1964 2317 3542 2386">
    <p class='ocr_par' dir='ltr' id='par_1_83' title="bbox 1964 2317 3542 2386">
     <span class='ocr_line' id='line_1_83' title="bbox 1964 2317 3542 2386; baseline 0.004 -18"><span class='ocrx_word' id='word_1_589' title='bbox 1964 2317 2120 2382; x_wconf 83' lang='lat' dir='ltr'><strong>Quod</strong></span> <span class='ocrx_word' id='word_1_590' title='bbox 2169 2318 2430 2386; x_wconf 83' lang='lat' dir='ltr'><strong>principes</strong></span> <span class='ocrx_word' id='word_1_591' title='bbox 2465 2319 2746 2372; x_wconf 65' lang='lat' dir='ltr'><strong>saeculares</strong></span> <span class='ocrx_word' id='word_1_592' title='bbox 2784 2335 2886 2372; x_wconf 88' lang='lat' dir='ltr'><strong>non</strong></span> <span class='ocrx_word' id='word_1_593' title='bbox 2921 2321 3104 2374; x_wconf 84' lang='lat' dir='ltr'><strong>debent</strong></span> <span class='ocrx_word' id='word_1_594' title='bbox 3147 2336 3303 2374; x_wconf 84' lang='lat' dir='ltr'><strong>sacra</strong></span> <span class='ocrx_word' id='word_1_595' title='bbox 3333 2334 3542 2383; x_wconf 79' lang='lat' dir='ltr'><strong>curare,</strong></span> 
     </span>
    </p>
   </div>
   <div class='ocr_carea' id='block_1_84' title="bbox 2070 2389 3427 2459">
    <p class='ocr_par' dir='ltr' id='par_1_84' title="bbox 2070 2389 3427 2459">
     <span class='ocr_line' id='line_1_84' title="bbox 2070 2389 3427 2459; baseline 0.003 -19"><span class='ocrx_word' id='word_1_596' title='bbox 2070 2399 2224 2458; x_wconf 84' lang='lat' dir='ltr'><strong>atque</strong></span> <span class='ocrx_word' id='word_1_597' title='bbox 2251 2405 2314 2441; x_wconf 80' lang='lat' dir='ltr'><strong>ea:</strong></span> <span class='ocrx_word' id='word_1_598' title='bbox 2343 2390 2496 2443; x_wconf 79' lang='lat' dir='ltr'><strong>rebus</strong></span> <span class='ocrx_word' id='word_1_599' title='bbox 2527 2389 2636 2443; x_wconf 86' lang='lat' dir='ltr'><strong>Deo</strong></span> <span class='ocrx_word' id='word_1_600' title='bbox 2657 2391 2975 2444; x_wconf 79' lang='lat' dir='ltr'><strong>consecratis</strong></span> <span class='ocrx_word' id='word_1_601' title='bbox 3008 2392 3216 2444; x_wconf 84' lang='lat' dir='ltr'><strong>lucrum</strong></span> <span class='ocrx_word' id='word_1_602' title='bbox 3235 2401 3427 2459; x_wconf 82' lang='lat' dir='ltr'><strong>petere.</strong></span> 
     </span>
    </p>
   </div>
   <div class='ocr_carea' id='block_1_85' title="bbox 2041 2566 3542 2638">
    <p class='ocr_par' dir='ltr' id='par_1_85' title="bbox 2041 2566 3542 2638">
     <span class='ocr_line' id='line_1_85' title="bbox 2041 2566 3542 2638; baseline 0.003 -18"><span class='ocrx_word' id='word_1_603' title='bbox 2041 2566 2096 2620; x_wconf 90' lang='lat' dir='ltr'><strong>Si</strong></span> <span class='ocrx_word' id='word_1_604' title='bbox 2131 2567 2511 2624; x_wconf 75' lang='lat' dir='ltr'><strong>:cdiﬁcationis</strong></span> <span class='ocrx_word' id='word_1_605' title='bbox 2549 2567 2810 2625; x_wconf 77' lang='lat' dir='ltr'><strong>Ecclesia:</strong></span> <span class='ocrx_word' id='word_1_606' title='bbox 2847 2585 3010 2624; x_wconf 82' lang='lat' dir='ltr'><strong>causa</strong></span> <span class='ocrx_word' id='word_1_607' title='bbox 3036 2578 3247 2638; x_wconf 88' lang='lat' dir='ltr'><strong>oportet</strong></span> <span class='ocrx_word' id='word_1_608' title='bbox 3305 2569 3542 2638; x_wconf 84' lang='lat' dir='ltr'><strong>aliquem</strong></span> 
     </span>
    </p>
   </div>
   <div class='ocr_carea' id='block_1_86' title="bbox 1965 2659 3554 2734">
    <p class='ocr_par' dir='ltr' id='par_1_86' title="bbox 1965 2659 3554 2734">
     <span class='ocr_line' id='line_1_86' title="bbox 1965 2659 3554 2734; baseline 0.001 -19"><span class='ocrx_word' id='word_1_609' title='bbox 1965 2661 2286 2728; x_wconf 86' lang='lat' dir='ltr'><strong>episc0pum</strong></span> <span class='ocrx_word' id='word_1_610' title='bbox 2321 2659 2374 2714; x_wconf 92' lang='lat' dir='ltr'><strong>in</strong></span> <span class='ocrx_word' id='word_1_611' title='bbox 2411 2661 2608 2731; x_wconf 88' lang='lat' dir='ltr'><strong>majori</strong></span> <span class='ocrx_word' id='word_1_612' title='bbox 2639 2662 2772 2716; x_wconf 86' lang='lat' dir='ltr'><strong>urbe</strong></span> <span class='ocrx_word' id='word_1_613' title='bbox 2799 2662 3084 2727; x_wconf 86' lang='lat' dir='ltr'><strong>constitui,</strong></span> <span class='ocrx_word' id='word_1_614' title='bbox 3118 2663 3220 2716; x_wconf 90' lang='lat' dir='ltr'><strong>hoc</strong></span> <span class='ocrx_word' id='word_1_615' title='bbox 3253 2678 3280 2716; x_wconf 90' lang='lat' dir='ltr'><strong>a</strong></span> <span class='ocrx_word' id='word_1_616' title='bbox 3339 2663 3554 2734; x_wconf 78' lang='lat' dir='ltr'><strong>Spirittt</strong></span> 
     </span>
    </p>
   </div>
   <div class='ocr_carea' id='block_1_87' title="bbox 1965 2752 3545 2826">
    <p class='ocr_par' dir='ltr' id='par_1_87' title="bbox 1965 2752 3545 2826">
     <span class='ocr_line' id='line_1_87' title="bbox 1965 2752 3545 2826; baseline -0.001 -20"><span class='ocrx_word' id='word_1_617' title='bbox 1965 2752 2320 2806; x_wconf 82' lang='lat' dir='ltr'><strong>Statnendum</strong></span> <span class='ocrx_word' id='word_1_618' title='bbox 2361 2761 2465 2818; x_wconf 90' lang='lat' dir='ltr'><strong>est,</strong></span> <span class='ocrx_word' id='word_1_619' title='bbox 2491 2767 2519 2806; x_wconf 86' lang='lat' dir='ltr'><strong>a</strong></span> <span class='ocrx_word' id='word_1_620' title='bbox 2552 2764 2736 2826; x_wconf 82' lang='lat' dir='ltr'><strong>quoet</strong></span> <span class='ocrx_word' id='word_1_621' title='bbox 2763 2755 3049 2808; x_wconf 88' lang='lat' dir='ltr'><strong>ordinatus</strong></span> <span class='ocrx_word' id='word_1_622' title='bbox 3087 2761 3192 2816; x_wconf 84' lang='lat' dir='ltr'><strong>est,</strong></span> <span class='ocrx_word' id='word_1_623' title='bbox 3228 2769 3334 2808; x_wconf 79' lang='lat' dir='ltr'><strong>non</strong></span> <span class='ocrx_word' id='word_1_624' title='bbox 3363 2761 3545 2807; x_wconf 82' lang='lat' dir='ltr'><strong>autem</strong></span> 
     </span>
    </p>
   </div>
   <div class='ocr_carea' id='block_1_88' title="bbox 1965 2845 3546 2914">
    <p class='ocr_par' dir='ltr' id='par_1_88' title="bbox 1965 2845 3546 2914">
     <span class='ocr_line' id='line_1_88' title="bbox 1965 2845 3546 2914; baseline 0.001 -17"><span class='ocrx_word' id='word_1_625' title='bbox 1965 2859 1992 2897; x_wconf 90' lang='lat' dir='ltr'><strong>a</strong></span> <span class='ocrx_word' id='word_1_626' title='bbox 2031 2845 2306 2898; x_wconf 79' lang='lat' dir='ltr'><strong>mundana</strong></span> <span class='ocrx_word' id='word_1_627' title='bbox 2343 2853 2629 2914; x_wconf 87' lang='lat' dir='ltr'><strong>potestate.</strong></span> <span class='ocrx_word' id='word_1_628' title='bbox 2660 2845 2810 2900; x_wconf 83' lang='lat' dir='ltr'><strong>Multi</strong></span> <span class='ocrx_word' id='word_1_629' title='bbox 2842 2849 3006 2900; x_wconf 89' lang='lat' dir='ltr'><strong>etiam</strong></span> <span class='ocrx_word' id='word_1_630' title='bbox 3041 2845 3210 2901; x_wconf 88' lang='lat' dir='ltr'><strong>duces</strong></span> <span class='ocrx_word' id='word_1_631' title='bbox 3237 2855 3290 2900; x_wconf 84' lang='lat' dir='ltr'><strong>et</strong></span> <span class='ocrx_word' id='word_1_632' title='bbox 3322 2846 3546 2900; x_wconf 87' lang='lat' dir='ltr'><strong>abbates</strong></span> 
     </span>
    </p>
   </div>
   <div class='ocr_carea' id='block_1_89' title="bbox 1967 2935 3544 3007">
    <p class='ocr_par' dir='ltr' id='par_1_89' title="bbox 1967 2935 3544 3007">
     <span class='ocr_line' id='line_1_89' title="bbox 1967 2935 3544 3007; baseline 0.001 -19"><span class='ocrx_word' id='word_1_633' title='bbox 1967 2936 2386 3003; x_wconf 83' lang='lat' dir='ltr'><strong>monachorum,</strong></span> <span class='ocrx_word' id='word_1_634' title='bbox 2421 2937 2515 3006; x_wconf 91' lang='lat' dir='ltr'><strong>qui</strong></span> <span class='ocrx_word' id='word_1_635' title='bbox 2579 2936 2689 2992; x_wconf 86' lang='lat' dir='ltr'><strong>Deo</strong></span> <span class='ocrx_word' id='word_1_636' title='bbox 2730 2938 3034 2993; x_wconf 88' lang='lat' dir='ltr'><strong>consecrati</strong></span> <span class='ocrx_word' id='word_1_637' title='bbox 3065 2947 3214 3000; x_wconf 88' lang='lat' dir='ltr'><strong>sunt,</strong></span> <span class='ocrx_word' id='word_1_638' title='bbox 3259 2947 3312 2993; x_wconf 90' lang='lat' dir='ltr'><strong>et</strong></span> <span class='ocrx_word' id='word_1_639' title='bbox 3369 2935 3544 3007; x_wconf 81' lang='lat' dir='ltr'><strong>gratia</strong></span> 
     </span>
    </p>
   </div>
   <div class='ocr_carea' id='block_1_90' title="bbox 1969 3027 3546 3102">
    <p class='ocr_par' dir='ltr' id='par_1_90' title="bbox 1969 3027 3546 3102">
     <span class='ocr_line' id='line_1_90' title="bbox 1969 3027 3546 3102; baseline 0.001 -22"><span class='ocrx_word' id='word_1_640' title='bbox 1969 3027 2060 3082; x_wconf 74' lang='lat' dir='ltr'><strong>Dei</strong></span> <span class='ocrx_word' id='word_1_641' title='bbox 2097 3031 2388 3086; x_wconf 87' lang='lat' dir='ltr'><strong>animabus</strong></span> <span class='ocrx_word' id='word_1_642' title='bbox 2423 3040 2689 3099; x_wconf 64' lang='lat' dir='ltr'><strong>prazsunt,</strong></span> <span class='ocrx_word' id='word_1_643' title='bbox 2717 3032 2797 3086; x_wconf 88' lang='lat' dir='ltr'><strong>sic</strong></span> <span class='ocrx_word' id='word_1_644' title='bbox 2838 3041 3031 3099; x_wconf 83' lang='lat' dir='ltr'><strong>praeter</strong></span> <span class='ocrx_word' id='word_1_645' title='bbox 3074 3031 3316 3102; x_wconf 87' lang='lat' dir='ltr'><strong>Spiritus</strong></span> <span class='ocrx_word' id='word_1_646' title='bbox 3355 3029 3546 3082; x_wconf 89' lang='lat' dir='ltr'><strong>volun-</strong></span> 
     </span>
    </p>
   </div>
   <div class='ocr_carea' id='block_1_91' title="bbox 1968 3120 3544 3190">
    <p class='ocr_par' dir='ltr' id='par_1_91' title="bbox 1968 3120 3544 3190">
     <span class='ocr_line' id='line_1_91' title="bbox 1968 3120 3544 3190; baseline -0.001 -18"><span class='ocrx_word' id='word_1_647' title='bbox 1968 3127 2131 3172; x_wconf 89' lang='lat' dir='ltr'><strong>tatem</strong></span> <span class='ocrx_word' id='word_1_648' title='bbox 2163 3135 2324 3189; x_wconf 84' lang='lat' dir='ltr'><strong>agerc</strong></span> <span class='ocrx_word' id='word_1_649' title='bbox 2361 3121 2795 3190; x_wconf 86' lang='lat' dir='ltr'><strong>convincuntur;</strong></span> <span class='ocrx_word' id='word_1_650' title='bbox 2826 3125 3042 3178; x_wconf 91' lang='lat' dir='ltr'><strong>solvunt</strong></span> <span class='ocrx_word' id='word_1_651' title='bbox 3079 3123 3222 3190; x_wconf 85' lang='lat' dir='ltr'><strong>enim</strong></span> <span class='ocrx_word' id='word_1_652' title='bbox 3248 3131 3302 3175; x_wconf 91' lang='lat' dir='ltr'><strong>et</strong></span> <span class='ocrx_word' id='word_1_653' title='bbox 3355 3120 3544 3190; x_wconf 81' lang='lat' dir='ltr'><strong>ligant,</strong></span> 
     </span>
    </p>
   </div>
   <div class='ocr_carea' id='block_1_92' title="bbox 1969 3211 3546 3283">
    <p class='ocr_par' dir='ltr' id='par_1_92' title="bbox 1969 3211 3546 3283">
     <span class='ocr_line' id='line_1_92' title="bbox 1969 3211 3546 3283; baseline -0.001 -19"><span class='ocrx_word' id='word_1_654' title='bbox 1969 3211 2125 3266; x_wconf 92' lang='lat' dir='ltr'><strong>abiis</strong></span> <span class='ocrx_word' id='word_1_655' title='bbox 2159 3221 2428 3281; x_wconf 86' lang='lat' dir='ltr'><strong>potestate</strong></span> <span class='ocrx_word' id='word_1_656' title='bbox 2455 3221 2702 3282; x_wconf 88' lang='lat' dir='ltr'><strong>accepta,</strong></span> <span class='ocrx_word' id='word_1_657' title='bbox 2745 3215 2836 3283; x_wconf 86' lang='lat' dir='ltr'><strong>qni</strong></span> <span class='ocrx_word' id='word_1_658' title='bbox 2892 3212 3078 3281; x_wconf 80' lang='lat' dir='ltr'><strong>gratiae</strong></span> <span class='ocrx_word' id='word_1_659' title='bbox 3125 3213 3378 3265; x_wconf 87' lang='lat' dir='ltr'><strong>virtutem</strong></span> <span class='ocrx_word' id='word_1_660' title='bbox 3439 3224 3546 3264; x_wconf 91' lang='lat' dir='ltr'><strong>non</strong></span> 
     </span>
    </p>
   </div>
   <div class='ocr_carea' id='block_1_93' title="bbox 1969 3303 3546 3374">
    <p class='ocr_par' dir='ltr' id='par_1_93' title="bbox 1969 3303 3546 3374">
     <span class='ocr_line' id='line_1_93' title="bbox 1969 3303 3546 3374; baseline -0.003 -16"><span class='ocrx_word' id='word_1_661' title='bbox 1969 3313 2320 3374; x_wconf 86' lang='lat' dir='ltr'><strong>acceperunt.</strong></span> <span class='ocrx_word' id='word_1_662' title='bbox 2349 3303 2682 3358; x_wconf 88' lang='lat' dir='ltr'><strong>Ordinantur</strong></span> <span class='ocrx_word' id='word_1_663' title='bbox 2737 3321 2975 3374; x_wconf 87' lang='lat' dir='ltr'><strong>quoque,</strong></span> <span class='ocrx_word' id='word_1_664' title='bbox 3012 3304 3310 3372; x_wconf 88' lang='lat' dir='ltr'><strong>multisque</strong></span> <span class='ocrx_word' id='word_1_665' title='bbox 3371 3303 3546 3370; x_wconf 86' lang='lat' dir='ltr'><strong>impe-</strong></span> 
     </span>
    </p>
   </div>
   <div class='ocr_carea' id='block_1_94' title="bbox 1971 3391 3550 3464">
    <p class='ocr_par' dir='ltr' id='par_1_94' title="bbox 1971 3391 3550 3464">
     <span class='ocr_line' id='line_1_94' title="bbox 1971 3391 3550 3464; baseline -0.003 -14"><span class='ocrx_word' id='word_1_666' title='bbox 1971 3405 2111 3458; x_wconf 85' lang='lat' dir='ltr'><strong>rant,</strong></span> <span class='ocrx_word' id='word_1_667' title='bbox 2149 3396 2281 3450; x_wconf 87' lang='lat' dir='ltr'><strong>nihil</strong></span> <span class='ocrx_word' id='word_1_668' title='bbox 2315 3397 2537 3450; x_wconf 88' lang='lat' dir='ltr'><strong>omnino</strong></span> <span class='ocrx_word' id='word_1_669' title='bbox 2603 3405 2860 3450; x_wconf 85' lang='lat' dir='ltr'><strong>curantes</strong></span> <span class='ocrx_word' id='word_1_670' title='bbox 2905 3412 3000 3451; x_wconf 90' lang='lat' dir='ltr'><strong>eos</strong></span> <span class='ocrx_word' id='word_1_671' title='bbox 3069 3397 3160 3464; x_wconf 88' lang='lat' dir='ltr'><strong>qui</strong></span> <span class='ocrx_word' id='word_1_672' title='bbox 3215 3395 3401 3462; x_wconf 75' lang='lat' dir='ltr'><strong>gratiae</strong></span> <span class='ocrx_word' id='word_1_673' title='bbox 3453 3391 3550 3446; x_wconf 16' lang='lat' dir='ltr'><strong>do.-</strong></span> 
     </span>
    </p>
   </div>
   <div class='ocr_carea' id='block_1_95' title="bbox 1974 3486 3552 3556">
    <p class='ocr_par' dir='ltr' id='par_1_95' title="bbox 1974 3486 3552 3556">
     <span class='ocr_line' id='line_1_95' title="bbox 1974 3486 3552 3556; baseline -0.003 -14"><span class='ocrx_word' id='word_1_674' title='bbox 1974 3505 2099 3542; x_wconf 87' lang='lat' dir='ltr'><strong>nnm</strong></span> <span class='ocrx_word' id='word_1_675' title='bbox 2127 3489 2426 3556; x_wconf 88' lang='lat' dir='ltr'><strong>possident.</strong></span> <span class='ocrx_word' id='word_1_676' title='bbox 2461 3487 2586 3542; x_wconf 86' lang='lat' dir='ltr'><strong>ldeo</strong></span> <span class='ocrx_word' id='word_1_677' title='bbox 2631 3488 2953 3544; x_wconf 79' lang='lat' dir='ltr'><strong>alﬂictiones</strong></span> <span class='ocrx_word' id='word_1_678' title='bbox 2985 3496 3038 3541; x_wconf 91' lang='lat' dir='ltr'><strong>et</strong></span> <span class='ocrx_word' id='word_1_679' title='bbox 3067 3486 3422 3540; x_wconf 89' lang='lat' dir='ltr'><strong>cnntusiones</strong></span> <span class='ocrx_word' id='word_1_680' title='bbox 3454 3499 3552 3538; x_wconf 91' lang='lat' dir='ltr'><strong>uo-</strong></span> 
     </span>
    </p>
   </div>
   <div class='ocr_carea' id='block_1_96' title="bbox 1972 3574 3549 3647">
    <p class='ocr_par' dir='ltr' id='par_1_96' title="bbox 1972 3574 3549 3647">
     <span class='ocr_line' id='line_1_96' title="bbox 1972 3574 3549 3647; baseline -0.003 -14"><span class='ocrx_word' id='word_1_681' title='bbox 1972 3587 2101 3633; x_wconf 71' lang='lat' dir='ltr'><strong>strte</strong></span> <span class='ocrx_word' id='word_1_682' title='bbox 2133 3579 2316 3631; x_wconf 59' lang='lat' dir='ltr'><strong>multa</strong></span> <span class='ocrx_word' id='word_1_683' title='bbox 2344 3577 2496 3634; x_wconf 60' lang='lat' dir='ltr'><strong>facta:</strong></span> <span class='ocrx_word' id='word_1_684' title='bbox 2542 3587 2689 3640; x_wconf 86' lang='lat' dir='ltr'><strong>sunt,</strong></span> <span class='ocrx_word' id='word_1_685' title='bbox 2737 3589 2790 3632; x_wconf 90' lang='lat' dir='ltr'><strong>et</strong></span> <span class='ocrx_word' id='word_1_686' title='bbox 2840 3593 2950 3647; x_wconf 68' lang='lat' dir='ltr'><strong>pra:</strong></span> <span class='ocrx_word' id='word_1_687' title='bbox 2989 3578 3244 3631; x_wconf 81' lang='lat' dir='ltr'><strong>omnibus</strong></span> <span class='ocrx_word' id='word_1_688' title='bbox 3297 3574 3549 3643; x_wconf 78' lang='lat' dir='ltr'><strong>gentibus</strong></span> 
     </span>
    </p>
   </div>
   <div class='ocr_carea' id='block_1_97' title="bbox 1971 3667 3546 3739">
    <p class='ocr_par' dir='ltr' id='par_1_97' title="bbox 1971 3667 3546 3739">
     <span class='ocr_line' id='line_1_97' title="bbox 1971 3667 3546 3739; baseline -0.003 -15"><span class='ocrx_word' id='word_1_689' title='bbox 1971 3671 2432 3739; x_wconf 76' lang='lat' dir='ltr'><strong>contemptibiles,</strong></span> <span class='ocrx_word' id='word_1_690' title='bbox 2459 3683 2511 3725; x_wconf 89' lang='lat' dir='ltr'><strong>et</strong></span> <span class='ocrx_word' id='word_1_691' title='bbox 2567 3671 2775 3724; x_wconf 88' lang='lat' dir='ltr'><strong>minimi</strong></span> <span class='ocrx_word' id='word_1_692' title='bbox 2837 3670 3008 3724; x_wconf 88' lang='lat' dir='ltr'><strong>habiti</strong></span> <span class='ocrx_word' id='word_1_693' title='bbox 3047 3685 3256 3732; x_wconf 86' lang='lat' dir='ltr'><strong>sumus,</strong></span> <span class='ocrx_word' id='word_1_694' title='bbox 3313 3678 3368 3722; x_wconf 91' lang='lat' dir='ltr'><strong>et</strong></span> <span class='ocrx_word' id='word_1_695' title='bbox 3418 3667 3546 3720; x_wconf 92' lang='lat' dir='ltr'><strong>dum</strong></span> 
     </span>
    </p>
   </div>
   <div class='ocr_carea' id='block_1_98' title="bbox 1972 3758 3550 3828">
    <p class='ocr_par' dir='ltr' id='par_1_98' title="bbox 1972 3758 3550 3828">
     <span class='ocr_line' id='line_1_98' title="bbox 1972 3758 3550 3828; baseline -0.002 -15"><span class='ocrx_word' id='word_1_696' title='bbox 1972 3760 2238 3813; x_wconf 82' lang='lat' dir='ltr'><strong>violenter</strong></span> <span class='ocrx_word' id='word_1_697' title='bbox 2261 3759 2584 3814; x_wconf 80' lang='lat' dir='ltr'><strong>festinamus</strong></span> <span class='ocrx_word' id='word_1_698' title='bbox 2616 3776 2675 3815; x_wconf 80' lang='lat' dir='ltr'><strong>ea</strong></span> <span class='ocrx_word' id='word_1_699' title='bbox 2700 3775 2818 3828; x_wconf 70' lang='lat' dir='ltr'><strong>qum</strong></span> <span class='ocrx_word' id='word_1_700' title='bbox 2849 3775 2960 3812; x_wconf 89' lang='lat' dir='ltr'><strong>non</strong></span> <span class='ocrx_word' id='word_1_701' title='bbox 2991 3760 3144 3814; x_wconf 86' lang='lat' dir='ltr'><strong>decet</strong></span> <span class='ocrx_word' id='word_1_702' title='bbox 3175 3758 3462 3826; x_wconf 78' lang='lat' dir='ltr'><strong>attingere,</strong></span> <span class='ocrx_word' id='word_1_703' title='bbox 3497 3763 3550 3810; x_wconf 84' lang='lat' dir='ltr'><strong>et</strong></span> 
     </span>
    </p>
   </div>
   <div class='ocr_carea' id='block_1_99' title="bbox 1975 3847 3550 3916">
    <p class='ocr_par' dir='ltr' id='par_1_99' title="bbox 1975 3847 3550 3916">
     <span class='ocr_line' id='line_1_99' title="bbox 1975 3847 3550 3916; baseline -0.002 -15"><span class='ocrx_word' id='word_1_704' title='bbox 1975 3849 2041 3902; x_wconf 89' lang='lat' dir='ltr'><strong>iis</strong></span> <span class='ocrx_word' id='word_1_705' title='bbox 2083 3862 2222 3916; x_wconf 87' lang='lat' dir='ltr'><strong>quos</strong></span> <span class='ocrx_word' id='word_1_706' title='bbox 2273 3865 2380 3902; x_wconf 88' lang='lat' dir='ltr'><strong>non</strong></span> <span class='ocrx_word' id='word_1_707' title='bbox 2420 3857 2634 3916; x_wconf 85' lang='lat' dir='ltr'><strong>oportet</strong></span> <span class='ocrx_word' id='word_1_708' title='bbox 2691 3849 2985 3916; x_wconf 88' lang='lat' dir='ltr'><strong>imperare,</strong></span> <span class='ocrx_word' id='word_1_709' title='bbox 3031 3847 3187 3902; x_wconf 89' lang='lat' dir='ltr'><strong>nobis</strong></span> <span class='ocrx_word' id='word_1_710' title='bbox 3233 3847 3550 3916; x_wconf 69' lang='lat' dir='ltr'><strong>alienigenae</strong></span> 
     </span>
    </p>
   </div>
   <div class='ocr_carea' id='block_1_100' title="bbox 1975 3937 3545 4008">
    <p class='ocr_par' dir='ltr' id='par_1_100' title="bbox 1975 3937 3545 4008">
     <span class='ocr_line' id='line_1_100' title="bbox 1975 3937 3545 4008; baseline -0.003 -15"><span class='ocrx_word' id='word_1_711' title='bbox 1975 3941 2370 4005; x_wconf 86' lang='lat' dir='ltr'><strong>dominantur;</strong></span> <span class='ocrx_word' id='word_1_712' title='bbox 2399 3939 2632 4007; x_wconf 88' lang='lat' dir='ltr'><strong>dumque</strong></span> <span class='ocrx_word' id='word_1_713' title='bbox 2668 3939 2898 3994; x_wconf 77' lang='lat' dir='ltr'><strong>facimus</strong></span> <span class='ocrx_word' id='word_1_714' title='bbox 2932 3953 3052 4008; x_wconf 63' lang='lat' dir='ltr'><strong>quae</strong></span> <span class='ocrx_word' id='word_1_715' title='bbox 3085 3939 3194 3990; x_wconf 91' lang='lat' dir='ltr'><strong>Deo</strong></span> <span class='ocrx_word' id='word_1_716' title='bbox 3231 3937 3545 4005; x_wconf 86' lang='lat' dir='ltr'><strong>displicent,</strong></span> 
     </span>
    </p>
   </div>
   <div class='ocr_carea' id='block_1_101' title="bbox 1975 4021 3552 4097">
    <p class='ocr_par' dir='ltr' id='par_1_101' title="bbox 1975 4021 3552 4097">
     <span class='ocr_line' id='line_1_101' title="bbox 1975 4021 3552 4097; baseline -0.004 -12"><span class='ocrx_word' id='word_1_717' title='bbox 1975 4031 2184 4086; x_wconf 82' lang='lat' dir='ltr'><strong>inimici</strong></span> <span class='ocrx_word' id='word_1_718' title='bbox 2230 4030 2403 4085; x_wconf 84' lang='lat' dir='ltr'><strong>nostri</strong></span> <span class='ocrx_word' id='word_1_719' title='bbox 2439 4029 2645 4097; x_wconf 85' lang='lat' dir='ltr'><strong>Deique</strong></span> <span class='ocrx_word' id='word_1_720' title='bbox 2707 4021 3105 4097; x_wconf 52' lang='lat' dir='ltr'><strong>co‘nsequcnler</strong></span> <span class='ocrx_word' id='word_1_721' title='bbox 3161 4027 3315 4083; x_wconf 82' lang='lat' dir='ltr'><strong>nobis</strong></span> <span class='ocrx_word' id='word_1_722' title='bbox 3375 4028 3552 4082; x_wconf 84' lang='lat' dir='ltr'><strong>insui-</strong></span> 
     </span>
    </p>
   </div>
   <div class='ocr_carea' id='block_1_102' title="bbox 1977 4119 3552 4189">
    <p class='ocr_par' dir='ltr' id='par_1_102' title="bbox 1977 4119 3552 4189">
     <span class='ocr_line' id='line_1_102' title="bbox 1977 4119 3552 4189; baseline -0.004 -10"><span class='ocrx_word' id='word_1_723' title='bbox 1977 4135 2115 4186; x_wconf 91' lang='lat' dir='ltr'><strong>tant,</strong></span> <span class='ocrx_word' id='word_1_724' title='bbox 2140 4133 2192 4177; x_wconf 86' lang='lat' dir='ltr'><strong>ct</strong></span> <span class='ocrx_word' id='word_1_725' title='bbox 2219 4137 2340 4188; x_wconf 77' lang='lat' dir='ltr'><strong>qnze</strong></span> <span class='ocrx_word' id='word_1_726' title='bbox 2369 4121 2526 4175; x_wconf 91' lang='lat' dir='ltr'><strong>nobis</strong></span> <span class='ocrx_word' id='word_1_727' title='bbox 2556 4135 2710 4174; x_wconf 88' lang='lat' dir='ltr'><strong>sacra</strong></span> <span class='ocrx_word' id='word_1_728' title='bbox 2770 4131 2921 4182; x_wconf 89' lang='lat' dir='ltr'><strong>sunt,</strong></span> <span class='ocrx_word' id='word_1_729' title='bbox 2978 4119 3281 4186; x_wconf 85' lang='lat' dir='ltr'><strong>possident,</strong></span> <span class='ocrx_word' id='word_1_730' title='bbox 3335 4121 3552 4189; x_wconf 87' lang='lat' dir='ltr'><strong>Deoque</strong></span> 
     </span>
    </p>
   </div>
   <div class='ocr_carea' id='block_1_103' title="bbox 1977 4211 3548 4284">
    <p class='ocr_par' dir='ltr' id='par_1_103' title="bbox 1977 4211 3548 4284">
     <span class='ocr_line' id='line_1_103' title="bbox 1977 4211 3548 4284; baseline -0.004 -16"><span class='ocrx_word' id='word_1_731' title='bbox 1977 4215 2309 4272; x_wconf 75' lang='lat' dir='ltr'><strong>r-o::secratis</strong></span> <span class='ocrx_word' id='word_1_732' title='bbox 2351 4215 2634 4284; x_wconf 88' lang='lat' dir='ltr'><strong>potiuntur</strong></span> <span class='ocrx_word' id='word_1_733' title='bbox 2660 4229 2676 4279; x_wconf 89' lang='lat'><strong>;</strong></span> <span class='ocrx_word' id='word_1_734' title='bbox 2710 4214 2845 4266; x_wconf 78' lang='lat' dir='ltr'><strong>eheu</strong></span> <span class='ocrx_word' id='word_1_735' title='bbox 2875 4213 2888 4266; x_wconf 91' lang='grc' dir='ltr'><strong>ι</strong></span> <span class='ocrx_word' id='word_1_736' title='bbox 2917 4211 3293 4266; x_wconf 82' lang='lat' dir='ltr'><strong>existimantes</strong></span> <span class='ocrx_word' id='word_1_737' title='bbox 3341 4211 3548 4264; x_wconf 90' lang='lat' dir='ltr'><strong>lucrum</strong></span> 
     </span>
    </p>
   </div>
   <div class='ocr_carea' id='block_1_104' title="bbox 1976 4303 3548 4377">
    <p class='ocr_par' dir='ltr' id='par_1_104' title="bbox 1976 4303 3548 4377">
     <span class='ocr_line' id='line_1_104' title="bbox 1976 4303 3548 4377; baseline -0.002 -16"><span class='ocrx_word' id='word_1_738' title='bbox 1976 4308 2193 4377; x_wconf 76' lang='lat' dir='ltr'><strong>aliquod</strong></span> <span class='ocrx_word' id='word_1_739' title='bbox 2223 4307 2424 4368; x_wconf 79' lang='lat' dir='ltr'><strong>facere,</strong></span> <span class='ocrx_word' id='word_1_740' title='bbox 2460 4303 2680 4375; x_wconf 83' lang='lat' dir='ltr'><strong>propria</strong></span> <span class='ocrx_word' id='word_1_741' title='bbox 2715 4315 2899 4359; x_wconf 88' lang='lat' dir='ltr'><strong>nostra</strong></span> <span class='ocrx_word' id='word_1_742' title='bbox 2926 4305 3286 4373; x_wconf 84' lang='lat' dir='ltr'><strong>perdidimus.</strong></span> <span class='ocrx_word' id='word_1_743' title='bbox 3349 4305 3548 4358; x_wconf 81' lang='lat' dir='ltr'><strong>Messes</strong></span> 
     </span>
    </p>
   </div>
   <div class='ocr_carea' id='block_1_105' title="bbox 1977 4396 3552 4468">
    <p class='ocr_par' dir='ltr' id='par_1_105' title="bbox 1977 4396 3552 4468">
     <span class='ocr_line' id='line_1_105' title="bbox 1977 4396 3552 4468; baseline -0.003 -14"><span class='ocrx_word' id='word_1_744' title='bbox 1977 4411 2030 4454; x_wconf 90' lang='lat' dir='ltr'><strong>et</strong></span> <span class='ocrx_word' id='word_1_745' title='bbox 2061 4401 2277 4453; x_wconf 79' lang='lat' dir='ltr'><strong>fructus</strong></span> <span class='ocrx_word' id='word_1_746' title='bbox 2316 4409 2536 4452; x_wconf 89' lang='lat' dir='ltr'><strong>nostros</strong></span> <span class='ocrx_word' id='word_1_747' title='bbox 2567 4397 2838 4468; x_wconf 81' lang='lat' dir='ltr'><strong>colligunt</strong></span> <span class='ocrx_word' id='word_1_748' title='bbox 2891 4396 3100 4451; x_wconf 87' lang='lat' dir='ltr'><strong>inimici</strong></span> <span class='ocrx_word' id='word_1_749' title='bbox 3160 4397 3357 4462; x_wconf 88' lang='lat' dir='ltr'><strong>nostri,</strong></span> <span class='ocrx_word' id='word_1_750' title='bbox 3379 4412 3552 4466; x_wconf 87' lang='lat' dir='ltr'><strong>eaque</strong></span> 
     </span>
    </p>
   </div>
   <div class='ocr_carea' id='block_1_106' title="bbox 1907 4481 3553 4567">
    <p class='ocr_par' dir='ltr' id='par_1_106' title="bbox 1907 4481 3553 4567">
     <span class='ocr_line' id='line_1_106' title="bbox 1907 4481 3553 4567; baseline -0.004 -23"><span class='ocrx_word' id='word_1_751' title='bbox 1907 4515 1946 4567; x_wconf 80' lang='grc' dir='ltr'><strong>ι)</strong></span> <span class='ocrx_word' id='word_1_752' title='bbox 1979 4500 2104 4544; x_wconf 88' lang='lat' dir='ltr'><strong>ante</strong></span> <span class='ocrx_word' id='word_1_753' title='bbox 2143 4491 2334 4544; x_wconf 56' lang='lat' dir='ltr'><strong>opulos</strong></span> <span class='ocrx_word' id='word_1_754' title='bbox 2379 4497 2598 4543; x_wconf 89' lang='lat' dir='ltr'><strong>nostros</strong></span> <span class='ocrx_word' id='word_1_755' title='bbox 2663 4488 2977 4542; x_wconf 90' lang='lat' dir='ltr'><strong>comedunt.</strong></span> <span class='ocrx_word' id='word_1_756' title='bbox 3033 4481 3135 4540; x_wconf 76' lang='lat' dir='ltr'><strong>Sed</strong></span> <span class='ocrx_word' id='word_1_757' title='bbox 3187 4488 3393 4540; x_wconf 90' lang='lat' dir='ltr'><strong>utinam</strong></span> <span class='ocrx_word' id='word_1_758' title='bbox 3461 4489 3553 4540; x_wconf 84' lang='lat' dir='ltr'><strong>liat</strong></span> 
     </span>
    </p>
   </div>
   <div class='ocr_carea' id='block_1_107' title="bbox 1976 4579 3552 4652">
    <p class='ocr_par' dir='ltr' id='par_1_107' title="bbox 1976 4579 3552 4652">
     <span class='ocr_line' id='line_1_107' title="bbox 1976 4579 3552 4652; baseline -0.001 -17"><span class='ocrx_word' id='word_1_759' title='bbox 1976 4583 2136 4652; x_wconf 88' lang='lat' dir='ltr'><strong>hujus</strong></span> <span class='ocrx_word' id='word_1_760' title='bbox 2165 4581 2480 4652; x_wconf 79' lang='lat' dir='ltr'><strong>gravissimi</strong></span> <span class='ocrx_word' id='word_1_761' title='bbox 2515 4581 2640 4635; x_wconf 85' lang='lat' dir='ltr'><strong>mali</strong></span> <span class='ocrx_word' id='word_1_762' title='bbox 2672 4580 2920 4649; x_wconf 64' lang='lat' dir='ltr'><strong>quaedam</strong></span> <span class='ocrx_word' id='word_1_763' title='bbox 2949 4579 3184 4641; x_wconf 87' lang='lat' dir='ltr'><strong>sanatio,</strong></span> <span class='ocrx_word' id='word_1_764' title='bbox 3213 4588 3265 4632; x_wconf 93' lang='lat' dir='ltr'><strong>et</strong></span> <span class='ocrx_word' id='word_1_765' title='bbox 3287 4595 3404 4648; x_wconf 87' lang='lat' dir='ltr'><strong>quae</strong></span> <span class='ocrx_word' id='word_1_766' title='bbox 3421 4591 3552 4634; x_wconf 88' lang='lat' dir='ltr'><strong>sunt</strong></span> 
     </span>
    </p>
   </div>
   <div class='ocr_carea' id='block_1_108' title="bbox 1971 4669 3554 4739">
    <p class='ocr_par' dir='ltr' id='par_1_108' title="bbox 1971 4669 3554 4739">
     <span class='ocr_line' id='line_1_108' title="bbox 1971 4669 3554 4739; baseline -0.004 -9"><span class='ocrx_word' id='word_1_767' title='bbox 1971 4677 2214 4731; x_wconf 61' lang='lat' dir='ltr'><strong>Caesaris</strong></span> <span class='ocrx_word' id='word_1_768' title='bbox 2247 4675 2599 4728; x_wconf 89' lang='lat' dir='ltr'><strong>dimittantur</strong></span> <span class='ocrx_word' id='word_1_769' title='bbox 2633 4672 2858 4737; x_wconf 61' lang='lat' dir='ltr'><strong>Caesari,</strong></span> <span class='ocrx_word' id='word_1_770' title='bbox 2885 4679 2938 4724; x_wconf 90' lang='lat' dir='ltr'><strong>et</strong></span> <span class='ocrx_word' id='word_1_771' title='bbox 2998 4687 3119 4739; x_wconf 72' lang='lat' dir='ltr'><strong>quae</strong></span> <span class='ocrx_word' id='word_1_772' title='bbox 3170 4669 3262 4726; x_wconf 85' lang='lat' dir='ltr'><strong>Dei</strong></span> <span class='ocrx_word' id='word_1_773' title='bbox 3305 4671 3437 4734; x_wconf 81' lang='lat' dir='ltr'><strong>Deo,</strong></span> <span class='ocrx_word' id='word_1_774' title='bbox 3493 4682 3554 4724; x_wconf 90' lang='lat' dir='ltr'><strong>ut</strong></span> 
     </span>
    </p>
   </div>
   <div class='ocr_carea' id='block_1_109' title="bbox 1973 4762 3551 4832">
    <p class='ocr_par' dir='ltr' id='par_1_109' title="bbox 1973 4762 3551 4832">
     <span class='ocr_line' id='line_1_109' title="bbox 1973 4762 3551 4832; baseline -0.004 -10"><span class='ocrx_word' id='word_1_775' title='bbox 1973 4770 2154 4822; x_wconf 86' lang='lat' dir='ltr'><strong>omnia</strong></span> <span class='ocrx_word' id='word_1_776' title='bbox 2193 4768 2323 4820; x_wconf 79' lang='lat' dir='ltr'><strong>[iant</strong></span> <span class='ocrx_word' id='word_1_777' title='bbox 2369 4764 2462 4818; x_wconf 88' lang='lat' dir='ltr'><strong>Dei</strong></span> <span class='ocrx_word' id='word_1_778' title='bbox 2497 4763 2877 4816; x_wconf 87' lang='lat' dir='ltr'><strong>benedictione</strong></span> <span class='ocrx_word' id='word_1_779' title='bbox 2920 4762 3102 4830; x_wconf 71' lang='lat' dir='ltr'><strong>digna,</strong></span> <span class='ocrx_word' id='word_1_780' title='bbox 3139 4763 3551 4832; x_wconf 73' lang='lat' dir='ltr'><strong>consistuntque</strong></span> 
     </span>
    </p>
   </div>
   <div class='ocr_carea' id='block_1_110' title="bbox 1973 4851 3548 4922">
    <p class='ocr_par' dir='ltr' id='par_1_110' title="bbox 1973 4851 3548 4922">
     <span class='ocr_line' id='line_1_110' title="bbox 1973 4851 3548 4922; baseline -0.004 -11"><span class='ocrx_word' id='word_1_781' title='bbox 1973 4871 2126 4911; x_wconf 89' lang='lat' dir='ltr'><strong>sacra</strong></span> <span class='ocrx_word' id='word_1_782' title='bbox 2179 4866 2234 4909; x_wconf 88' lang='lat' dir='ltr'><strong>et</strong></span> <span class='ocrx_word' id='word_1_783' title='bbox 2274 4863 2694 4914; x_wconf 64' lang='lat' dir='ltr'><strong>conserventur,</strong></span> <span class='ocrx_word' id='word_1_784' title='bbox 2749 4863 2802 4905; x_wconf 85' lang='lat' dir='ltr'><strong>et</strong></span> <span class='ocrx_word' id='word_1_785' title='bbox 2851 4851 3138 4907; x_wconf 73' lang='lat' dir='ltr'><strong>saecularia</strong></span> <span class='ocrx_word' id='word_1_786' title='bbox 3200 4855 3548 4922; x_wconf 78' lang='lat' dir='ltr'><strong>augeantur;</strong></span> 
     </span>
    </p>
   </div>
   <div class='ocr_carea' id='block_1_111' title="bbox 1974 4944 3551 5012">
    <p class='ocr_par' dir='ltr' id='par_1_111' title="bbox 1974 4944 3551 5012">
     <span class='ocr_line' id='line_1_111' title="bbox 1974 4944 3551 5012; baseline -0.006 -8"><span class='ocrx_word' id='word_1_787' title='bbox 1974 4965 2082 5004; x_wconf 90' lang='lat' dir='ltr'><strong>non</strong></span> <span class='ocrx_word' id='word_1_788' title='bbox 2119 4955 2300 5002; x_wconf 86' lang='lat' dir='ltr'><strong>autem</strong></span> <span class='ocrx_word' id='word_1_789' title='bbox 2342 4947 2703 5011; x_wconf 87' lang='lat' dir='ltr'><strong>contrarium,</strong></span> <span class='ocrx_word' id='word_1_790' title='bbox 2735 4955 2788 4997; x_wconf 85' lang='grc' dir='ltr'><strong>ιιι</strong></span> <span class='ocrx_word' id='word_1_791' title='bbox 2815 4945 2883 5000; x_wconf 89' lang='lat' dir='ltr'><strong>ab</strong></span> <span class='ocrx_word' id='word_1_792' title='bbox 2916 4944 3150 4998; x_wconf 87' lang='lat' dir='ltr'><strong>invicem</strong></span> <span class='ocrx_word' id='word_1_793' title='bbox 3193 4959 3551 5012; x_wconf 87' lang='lat' dir='ltr'><strong>corrumpan-</strong></span> 
     </span>
    </p>
   </div>
   <div class='ocr_carea' id='block_1_112' title="bbox 1974 5038 3551 5110">
    <p class='ocr_par' dir='ltr' id='par_1_112' title="bbox 1974 5038 3551 5110">
     <span class='ocr_line' id='line_1_112' title="bbox 1974 5038 3551 5110; baseline -0.005 -13"><span class='ocrx_word' id='word_1_794' title='bbox 1974 5053 2083 5097; x_wconf 91' lang='lat' dir='ltr'><strong>tur.</strong></span> <span class='ocrx_word' id='word_1_795' title='bbox 2109 5039 2378 5108; x_wconf 88' lang='lat' dir='ltr'><strong>Quoniam</strong></span> <span class='ocrx_word' id='word_1_796' title='bbox 2414 5040 2508 5109; x_wconf 89' lang='lat' dir='ltr'><strong>qui</strong></span> <span class='ocrx_word' id='word_1_797' title='bbox 2565 5055 2592 5092; x_wconf 89' lang='lat' dir='ltr'><strong>a</strong></span> <span class='ocrx_word' id='word_1_798' title='bbox 2629 5040 2896 5110; x_wconf 86' lang='lat' dir='ltr'><strong>principio</strong></span> <span class='ocrx_word' id='word_1_799' title='bbox 2948 5038 3206 5093; x_wconf 90' lang='lat' dir='ltr'><strong>inimicus</strong></span> <span class='ocrx_word' id='word_1_800' title='bbox 3236 5047 3421 5091; x_wconf 89' lang='lat' dir='ltr'><strong>noster</strong></span> <span class='ocrx_word' id='word_1_801' title='bbox 3466 5045 3551 5090; x_wconf 89' lang='lat' dir='ltr'><strong>est</strong></span> 
     </span>
    </p>
   </div>
   <div class='ocr_carea' id='block_1_113' title="bbox 1974 5130 3550 5204">
    <p class='ocr_par' dir='ltr' id='par_1_113' title="bbox 1974 5130 3550 5204">
     <span class='ocr_line' id='line_1_113' title="bbox 1974 5130 3550 5204; baseline -0.004 -14"><span class='ocrx_word' id='word_1_802' title='bbox 1974 5146 2028 5190; x_wconf 89' lang='lat' dir='ltr'><strong>et</strong></span> <span class='ocrx_word' id='word_1_803' title='bbox 2085 5137 2351 5190; x_wconf 87' lang='lat' dir='ltr'><strong>molestus</strong></span> <span class='ocrx_word' id='word_1_804' title='bbox 2386 5144 2700 5202; x_wconf 86' lang='lat' dir='ltr'><strong>corruptor,</strong></span> <span class='ocrx_word' id='word_1_805' title='bbox 2735 5133 2786 5186; x_wconf 95' lang='lat' dir='ltr'><strong>in</strong></span> <span class='ocrx_word' id='word_1_806' title='bbox 2849 5133 3117 5204; x_wconf 88' lang='lat' dir='ltr'><strong>ejusmodi</strong></span> <span class='ocrx_word' id='word_1_807' title='bbox 3169 5133 3332 5187; x_wconf 89' lang='lat' dir='ltr'><strong>rebus</strong></span> <span class='ocrx_word' id='word_1_808' title='bbox 3395 5130 3550 5186; x_wconf 75' lang='lat' dir='ltr'><strong>testi-</strong></span> 
     </span>
    </p>
   </div>
   <div class='ocr_carea' id='block_1_114' title="bbox 1975 5221 3550 5293">
    <p class='ocr_par' dir='ltr' id='par_1_114' title="bbox 1975 5221 3550 5293">
     <span class='ocr_line' id='line_1_114' title="bbox 1975 5221 3550 5293; baseline -0.006 -11"><span class='ocrx_word' id='word_1_809' title='bbox 1975 5237 2092 5293; x_wconf 88' lang='lat' dir='ltr'><strong>nat,</strong></span> <span class='ocrx_word' id='word_1_810' title='bbox 2125 5235 2184 5281; x_wconf 85' lang='grc' dir='ltr'><strong>ιιι</strong></span> <span class='ocrx_word' id='word_1_811' title='bbox 2213 5225 2580 5281; x_wconf 84' lang='lat' dir='ltr'><strong>sacerdotium</strong></span> <span class='ocrx_word' id='word_1_812' title='bbox 2610 5239 2730 5277; x_wconf 88' lang='lat' dir='ltr'><strong>cum</strong></span> <span class='ocrx_word' id='word_1_813' title='bbox 2791 5225 2926 5278; x_wconf 80' lang='lat' dir='ltr'><strong>viris</strong></span> <span class='ocrx_word' id='word_1_814' title='bbox 2961 5225 3065 5292; x_wconf 88' lang='lat' dir='ltr'><strong>piis</strong></span> <span class='ocrx_word' id='word_1_815' title='bbox 3125 5224 3451 5288; x_wconf 87' lang='lat' dir='ltr'><strong>committat,</strong></span> <span class='ocrx_word' id='word_1_816' title='bbox 3490 5221 3550 5276; x_wconf 87' lang='lat' dir='ltr'><strong>il-</strong></span> 
     </span>
    </p>
   </div>
   <div class='ocr_carea' id='block_1_115' title="bbox 1975 5313 3546 5389">
    <p class='ocr_par' dir='ltr' id='par_1_115' title="bbox 1975 5313 3546 5389">
     <span class='ocr_line' id='line_1_115' title="bbox 1975 5313 3546 5389; baseline -0.006 -13"><span class='ocrx_word' id='word_1_817' title='bbox 1975 5319 2177 5389; x_wconf 87' lang='lat' dir='ltr'><strong>ludque</strong></span> <span class='ocrx_word' id='word_1_818' title='bbox 2227 5325 2448 5383; x_wconf 87' lang='lat' dir='ltr'><strong>atterat,</strong></span> <span class='ocrx_word' id='word_1_819' title='bbox 2494 5331 2760 5383; x_wconf 77' lang='lat' dir='ltr'><strong>sacraque</strong></span> <span class='ocrx_word' id='word_1_820' title='bbox 2809 5325 2870 5368; x_wconf 60' lang='lat' dir='ltr'><strong>et&#39;</strong></span> <span class='ocrx_word' id='word_1_821' title='bbox 2914 5315 3100 5370; x_wconf 84' lang='lat' dir='ltr'><strong>divina</strong></span> <span class='ocrx_word' id='word_1_822' title='bbox 3152 5323 3380 5370; x_wconf 88' lang='lat' dir='ltr'><strong>evertat.</strong></span> <span class='ocrx_word' id='word_1_823' title='bbox 3442 5313 3546 5368; x_wconf 84' lang='lat' dir='ltr'><strong>Sed</strong></span> 
     </span>
    </p>
   </div>
   <div class='ocr_carea' id='block_1_116' title="bbox 1974 5403 3550 5473">
    <p class='ocr_par' dir='ltr' id='par_1_116' title="bbox 1974 5403 3550 5473">
     <span class='ocr_line' id='line_1_116' title="bbox 1974 5403 3550 5473; baseline -0.001 -13"><span class='ocrx_word' id='word_1_824' title='bbox 1974 5413 2306 5461; x_wconf 82' lang='lat' dir='ltr'><strong>evertatttra</strong></span> <span class='ocrx_word' id='word_1_825' title='bbox 2369 5403 2598 5457; x_wconf 88' lang='lat' dir='ltr'><strong>Domino</strong></span> <span class='ocrx_word' id='word_1_826' title='bbox 2657 5404 2854 5468; x_wconf 87' lang='lat' dir='ltr'><strong>malus,</strong></span> <span class='ocrx_word' id='word_1_827' title='bbox 2897 5412 3191 5473; x_wconf 82' lang='lat' dir='ltr'><strong>vivantque</strong></span> <span class='ocrx_word' id='word_1_828' title='bbox 3248 5411 3438 5458; x_wconf 76' lang='lat' dir='ltr'><strong>sancte</strong></span> <span class='ocrx_word' id='word_1_829' title='bbox 3495 5412 3550 5458; x_wconf 80' lang='lat' dir='ltr'><strong>et</strong></span> 
     </span>
    </p>
   </div>
   <div class='ocr_carea' id='block_1_117' title="bbox 1975 5493 3546 5562">
    <p class='ocr_par' dir='ltr' id='par_1_117' title="bbox 1975 5493 3546 5562">
     <span class='ocr_line' id='line_1_117' title="bbox 1975 5493 3546 5562; baseline 0 -13"><span class='ocrx_word' id='word_1_830' title='bbox 1975 5496 2090 5552; x_wconf 89' lang='lat' dir='ltr'><strong>Deo</strong></span> <span class='ocrx_word' id='word_1_831' title='bbox 2131 5504 2380 5550; x_wconf 89' lang='lat' dir='ltr'><strong>amanter</strong></span> <span class='ocrx_word' id='word_1_832' title='bbox 2410 5493 2593 5548; x_wconf 84' lang='lat' dir='ltr'><strong>lideles</strong></span> <span class='ocrx_word' id='word_1_833' title='bbox 2625 5507 2680 5548; x_wconf 88' lang='lat' dir='ltr'><strong>et</strong></span> <span class='ocrx_word' id='word_1_834' title='bbox 2727 5493 2944 5559; x_wconf 89' lang='lat' dir='ltr'><strong>pietatis</strong></span> <span class='ocrx_word' id='word_1_835' title='bbox 2991 5497 3244 5562; x_wconf 88' lang='lat' dir='ltr'><strong>studiosi,</strong></span> <span class='ocrx_word' id='word_1_836' title='bbox 3309 5505 3362 5552; x_wconf 90' lang='lat' dir='ltr'><strong>et</strong></span> <span class='ocrx_word' id='word_1_837' title='bbox 3403 5511 3546 5550; x_wconf 89' lang='lat' dir='ltr'><strong>mer-</strong></span> 
     </span>
    </p>
   </div>
   <div class='ocr_carea' id='block_1_118' title="bbox 1977 5584 3550 5657">
    <p class='ocr_par' dir='ltr' id='par_1_118' title="bbox 1977 5584 3550 5657">
     <span class='ocr_line' id='line_1_118' title="bbox 1977 5584 3550 5657; baseline -0.001 -14"><span class='ocrx_word' id='word_1_838' title='bbox 1977 5588 2164 5644; x_wconf 88' lang='lat' dir='ltr'><strong>cedem</strong></span> <span class='ocrx_word' id='word_1_839' title='bbox 2200 5585 2486 5642; x_wconf 73' lang='lat' dir='ltr'><strong>sententia:</strong></span> <span class='ocrx_word' id='word_1_840' title='bbox 2515 5584 2735 5641; x_wconf 89' lang='lat' dir='ltr'><strong>Christo</strong></span> <span class='ocrx_word' id='word_1_841' title='bbox 2765 5586 2984 5642; x_wconf 80' lang='lat' dir='ltr'><strong>dilectae</strong></span> <span class='ocrx_word' id='word_1_842' title='bbox 3013 5597 3310 5657; x_wconf 85' lang='lat' dir='ltr'><strong>reportent,</strong></span> <span class='ocrx_word' id='word_1_843' title='bbox 3379 5589 3550 5644; x_wconf 86' lang='lat' dir='ltr'><strong>liber-</strong></span> 
     </span>
    </p>
   </div>
   <div class='ocr_carea' id='block_1_119' title="bbox 1979 5667 3549 5752">
    <p class='ocr_par' dir='ltr' id='par_1_119' title="bbox 1979 5667 3549 5752">
     <span class='ocr_line' id='line_1_119' title="bbox 1979 5667 3549 5752; baseline 0.001 -17"><span class='ocrx_word' id='word_1_844' title='bbox 1979 5689 2258 5748; x_wconf 87' lang='lat' dir='ltr'><strong>tatemque</strong></span> <span class='ocrx_word' id='word_1_845' title='bbox 2282 5667 2377 5746; x_wconf 83' lang='lat' dir='ltr'><strong>per</strong></span> <span class='ocrx_word' id='word_1_846' title='bbox 2409 5677 2693 5734; x_wconf 89' lang='lat' dir='ltr'><strong>Christum</strong></span> <span class='ocrx_word' id='word_1_847' title='bbox 2740 5679 2807 5736; x_wconf 88' lang='lat' dir='ltr'><strong>ab</strong></span> <span class='ocrx_word' id='word_1_848' title='bbox 2841 5678 2926 5735; x_wconf 91' lang='lat' dir='ltr'><strong>his</strong></span> <span class='ocrx_word' id='word_1_849' title='bbox 2957 5681 3216 5752; x_wconf 83' lang='lat' dir='ltr'><strong>gravibus</strong></span> <span class='ocrx_word' id='word_1_850' title='bbox 3259 5680 3549 5747; x_wconf 87' lang='lat' dir='ltr'><strong>molestiis,</strong></span> 
     </span>
    </p>
   </div>
   <div class='ocr_carea' id='block_1_120' title="bbox 1978 5767 3552 5846">
    <p class='ocr_par' dir='ltr' id='par_1_120' title="bbox 1978 5767 3552 5846">
     <span class='ocr_line' id='line_1_120' title="bbox 1978 5767 3552 5846; baseline -0.002 -13"><span class='ocrx_word' id='word_1_851' title='bbox 1978 5767 2452 5843; x_wconf 78' lang='lat' dir='ltr'><strong>omnifariumque</strong></span> <span class='ocrx_word' id='word_1_852' title='bbox 2511 5769 2780 5828; x_wconf 88' lang='lat' dir='ltr'><strong>bonorum</strong></span> <span class='ocrx_word' id='word_1_853' title='bbox 2842 5783 3218 5846; x_wconf 86' lang='lat' dir='ltr'><strong>angrnentum.</strong></span> <span class='ocrx_word' id='word_1_854' title='bbox 3255 5771 3552 5830; x_wconf 83' lang='lat' dir='ltr'><strong>Ordinatus</strong></span> 
     </span>
    </p>
   </div>
  </div>
