  <div class='ocr_page' id='page_1' title='image "/cluster/home/n/w/nwhite01/storage/ocr_20150623/155/hvd.32044069650117/223.png"; bbox 0 0 4034 6192; ppageno 0'>
   <div class='ocr_carea' id='block_1_1' title="bbox 459 319 564 372">
    <p class='ocr_par' dir='ltr' id='par_1_1' title="bbox 459 319 564 372">
     <span class='ocr_line' id='line_1_1' title="bbox 459 319 564 372; baseline 0.019 -2"><span class='ocrx_word' id='word_1_1' title='bbox 459 319 564 372; x_wconf 67' lang='grc'><strong>435</strong></span> 
     </span>
    </p>
   </div>
   <div class='ocr_carea' id='block_1_2' title="bbox 1303 313 2866 378">
    <p class='ocr_par' dir='ltr' id='par_1_2' title="bbox 1303 313 2866 378">
     <span class='ocr_line' id='line_1_2' title="bbox 1303 313 2866 378; baseline -0.001 -3"><span class='ocrx_word' id='word_1_2' title='bbox 1303 315 1683 377; x_wconf 70' lang='lat' dir='ltr'><strong>SYMEONIS</strong></span> <span class='ocrx_word' id='word_1_3' title='bbox 1718 314 2469 378; x_wconf 81' lang='lat' dir='ltr'><strong>THESSALONICENSIS</strong></span> <span class='ocrx_word' id='word_1_4' title='bbox 2507 313 2866 376; x_wconf 79' lang='lat' dir='ltr'><strong>ARCHIEP.</strong></span> 
     </span>
    </p>
   </div>
   <div class='ocr_carea' id='block_1_3' title="bbox 3611 305 3709 369">
    <p class='ocr_par' dir='ltr' id='par_1_3' title="bbox 3611 305 3709 369">
     <span class='ocr_line' id='line_1_3' title="bbox 3611 305 3709 369; baseline 0.031 -3"><span class='ocrx_word' id='word_1_5' title='bbox 3611 305 3709 369; x_wconf 74' lang='grc'><strong>436</strong></span> 
     </span>
    </p>
   </div>
   <div class='ocr_carea' id='block_1_4' title="bbox 461 419 2079 501">
    <p class='ocr_par' dir='ltr' id='par_1_4' title="bbox 461 426 2079 501">
     <span class='ocr_line' id='line_1_4' title="bbox 461 426 2079 501; baseline 0.007 -23"><span class='ocrx_word' id='word_1_6' title='bbox 461 432 648 479; x_wconf 77' lang='lat' dir='ltr'><strong>autem</strong></span> <span class='ocrx_word' id='word_1_7' title='bbox 682 426 997 496; x_wconf 83' lang='lat' dir='ltr'><strong>episcOpus,</strong></span> <span class='ocrx_word' id='word_1_8' title='bbox 1026 437 1414 497; x_wconf 87' lang='lat' dir='ltr'><strong>postremaque</strong></span> <span class='ocrx_word' id='word_1_9' title='bbox 1444 429 1781 484; x_wconf 72' lang='lat' dir='ltr'><strong>salutatione</strong></span> <span class='ocrx_word' id='word_1_10' title='bbox 1839 431 1891 484; x_wconf 91' lang='lat' dir='ltr'><strong>in</strong></span> <span class='ocrx_word' id='word_1_11' title='bbox 1951 447 2042 501; x_wconf 82' lang='lat' dir='ltr'><strong>sy-</strong></span> <span class='ocrx_word' id='word_1_12' title='bbox 2076 482 2079 489; x_wconf 86' lang='lat'><strong>.</strong></span> 
     </span>
    </p>
   </div>
   <div class='ocr_carea' id='block_1_5' title="bbox 2170 419 3700 501">
    <p class='ocr_par' dir='ltr' id='par_1_5' title="bbox 2170 419 3700 496">
     <span class='ocr_line' id='line_1_5' title="bbox 2170 419 3700 496; baseline -0.008 -14"><span class='ocrx_word' id='word_1_13' title='bbox 2170 429 2276 493; x_wconf 73' lang='grc' dir='ltr'>πίας</span> <span class='ocrx_word' id='word_1_14' title='bbox 2311 427 2476 482; x_wconf 79' lang='grc' dir='ltr'>αὐτοῦ</span> <span class='ocrx_word' id='word_1_15' title='bbox 2524 426 2840 496; x_wconf 74' lang='grc' dir='ltr'>φροντίζει·</span> <span class='ocrx_word' id='word_1_16' title='bbox 2877 422 3141 493; x_wconf 81' lang='grc' dir='ltr'>συνεργεῖ</span> <span class='ocrx_word' id='word_1_17' title='bbox 3173 420 3231 475; x_wconf 67' lang='grc' dir='ltr'>δὲ</span> <span class='ocrx_word' id='word_1_18' title='bbox 3284 419 3377 472; x_wconf 76' lang='grc' dir='ltr'><strong>καὶ</strong></span> <span class='ocrx_word' id='word_1_19' title='bbox 3421 421 3526 480; x_wconf 78' lang='grc' dir='ltr'>τοῖς</span> <span class='ocrx_word' id='word_1_20' title='bbox 3554 419 3700 488; x_wconf 73' lang='grc' dir='ltr'>ίιροτς</span> 
     </span>
    </p>
   </div>
   <div class='ocr_carea' id='block_1_6' title="bbox 465 518 2044 592">
    <p class='ocr_par' dir='ltr' id='par_1_6' title="bbox 465 518 2044 592">
     <span class='ocr_line' id='line_1_6' title="bbox 465 518 2044 592; baseline 0.003 -20"><span class='ocrx_word' id='word_1_21' title='bbox 465 519 612 572; x_wconf 85' lang='lat' dir='ltr'><strong>nodo</strong></span> <span class='ocrx_word' id='word_1_22' title='bbox 643 518 869 574; x_wconf 82' lang='lat' dir='ltr'><strong>functus</strong></span> <span class='ocrx_word' id='word_1_23' title='bbox 899 521 1180 589; x_wconf 87' lang='lat' dir='ltr'><strong>proprium</strong></span> <span class='ocrx_word' id='word_1_24' title='bbox 1228 520 1407 574; x_wconf 90' lang='lat' dir='ltr'><strong>locum</strong></span> <span class='ocrx_word' id='word_1_25' title='bbox 1456 531 1710 592; x_wconf 81' lang='lat' dir='ltr'><strong>occupat,</strong></span> <span class='ocrx_word' id='word_1_26' title='bbox 1759 540 1863 577; x_wconf 91' lang='lat' dir='ltr'><strong>non</strong></span> <span class='ocrx_word' id='word_1_27' title='bbox 1929 539 2044 576; x_wconf 87' lang='lat' dir='ltr'><strong>am-</strong></span> 
     </span>
    </p>
   </div>
   <div class='ocr_carea' id='block_1_7' title="bbox 463 607 2045 682">
    <p class='ocr_par' dir='ltr' id='par_1_7' title="bbox 463 607 2045 682">
     <span class='ocr_line' id='line_1_7' title="bbox 463 607 2045 682; baseline 0.003 -22"><span class='ocrx_word' id='word_1_28' title='bbox 463 607 611 677; x_wconf 86' lang='lat' dir='ltr'><strong>plius</strong></span> <span class='ocrx_word' id='word_1_29' title='bbox 637 618 757 678; x_wconf 80' lang='lat' dir='ltr'><strong>eget</strong></span> <span class='ocrx_word' id='word_1_30' title='bbox 783 611 998 665; x_wconf 65' lang='lat' dir='ltr'><strong>ueteris</strong></span> <span class='ocrx_word' id='word_1_31' title='bbox 1050 626 1171 682; x_wconf 79' lang='lat' dir='ltr'><strong>qua:</strong></span> <span class='ocrx_word' id='word_1_32' title='bbox 1226 619 1354 681; x_wconf 83' lang='lat' dir='ltr'><strong>typo</strong></span> <span class='ocrx_word' id='word_1_33' title='bbox 1410 614 1784 676; x_wconf 88' lang='lat' dir='ltr'><strong>continentur,</strong></span> <span class='ocrx_word' id='word_1_34' title='bbox 1839 613 1934 666; x_wconf 87' lang='lat' dir='ltr'><strong>sed</strong></span> <span class='ocrx_word' id='word_1_35' title='bbox 1986 622 2045 665; x_wconf 87' lang='lat' dir='ltr'><strong>ut</strong></span> 
     </span>
    </p>
   </div>
   <div class='ocr_carea' id='block_1_8' title="bbox 2154 507 3697 592">
    <p class='ocr_par' dir='ltr' id='par_1_8' title="bbox 2154 507 3697 592">
     <span class='ocr_line' id='line_1_8' title="bbox 2154 507 3697 592; baseline -0.007 -20"><span class='ocrx_word' id='word_1_36' title='bbox 2154 523 2339 592; x_wconf 77' lang='grc' dir='ltr'><strong>ἔργοις</strong></span> <span class='ocrx_word' id='word_1_37' title='bbox 2371 519 2736 589; x_wconf 76' lang='grc' dir='ltr'>παραϐάλλων</span> <span class='ocrx_word' id='word_1_38' title='bbox 2760 519 2827 587; x_wconf 81' lang='grc' dir='ltr'>τῇ</span> <span class='ocrx_word' id='word_1_39' title='bbox 2863 515 3090 586; x_wconf 85' lang='grc' dir='ltr'><strong>συνόδῳ,</strong></span> <span class='ocrx_word' id='word_1_40' title='bbox 3129 513 3224 567; x_wconf 69' lang='grc' dir='ltr'><strong>καὶ</strong></span> <span class='ocrx_word' id='word_1_41' title='bbox 3253 511 3346 581; x_wconf 73' lang='grc' dir='ltr'><strong>ἀφ’</strong></span> <span class='ocrx_word' id='word_1_42' title='bbox 3389 507 3596 573; x_wconf 69' lang='grc' dir='ltr'>ἑαυτοῦ,</span> <span class='ocrx_word' id='word_1_43' title='bbox 3619 509 3697 568; x_wconf 66' lang='grc' dir='ltr'><strong>δτι</strong></span> 
     </span>
    </p>
   </div>
   <div class='ocr_carea' id='block_1_9' title="bbox 2153 610 2998 686">
    <p class='ocr_par' dir='ltr' id='par_1_9' title="bbox 2153 610 2998 686">
     <span class='ocr_line' id='line_1_9' title="bbox 2153 610 2998 686; baseline -0.002 -20"><span class='ocrx_word' id='word_1_44' title='bbox 2153 615 2332 686; x_wconf 82' lang='grc' dir='ltr'><strong>χρεία,</strong></span> <span class='ocrx_word' id='word_1_45' title='bbox 2371 614 2468 668; x_wconf 75' lang='grc' dir='ltr'>καὶ</span> <span class='ocrx_word' id='word_1_46' title='bbox 2493 610 2998 682; x_wconf 77' lang='grc' dir='ltr'><strong>προσκαλούμενος.</strong></span> 
     </span>
    </p>
   </div>
   <div class='ocr_carea' id='block_1_10' title="bbox 462 696 3707 776">
    <p class='ocr_par' dir='ltr' id='par_1_10' title="bbox 462 696 3707 776">
     <span class='ocr_line' id='line_1_10' title="bbox 462 696 3707 776; baseline -0.002 -20"><span class='ocrx_word' id='word_1_47' title='bbox 462 704 757 771; x_wconf 69' lang='grc' dir='ltr'>εβτεοορυε</span> <span class='ocrx_word' id='word_1_48' title='bbox 785 703 1058 758; x_wconf 74' lang='lat' dir='ltr'><strong>cxsistcns</strong></span> <span class='ocrx_word' id='word_1_49' title='bbox 1089 719 1209 774; x_wconf 68' lang='lat' dir='ltr'><strong>quae</strong></span> <span class='ocrx_word' id='word_1_50' title='bbox 1241 702 1307 756; x_wconf 89' lang='lat' dir='ltr'><strong>ad</strong></span> <span class='ocrx_word' id='word_1_51' title='bbox 1355 719 1509 758; x_wconf 86' lang='lat' dir='ltr'><strong>suam</strong></span> <span class='ocrx_word' id='word_1_52' title='bbox 1544 704 1845 758; x_wconf 79' lang='lat' dir='ltr'><strong>Eeclcsiam</strong></span> <span class='ocrx_word' id='word_1_53' title='bbox 1888 710 2158 773; x_wconf 84' lang='lat' dir='ltr'><strong>spectant,</strong></span> <span class='ocrx_word' id='word_1_54' title='bbox 2183 715 2363 760; x_wconf 88' lang='lat' dir='ltr'><strong>curat.</strong></span> <span class='ocrx_word' id='word_1_55' title='bbox 2422 706 2763 776; x_wconf 82' lang='lat' dir='ltr'><strong>Cuoperatur</strong></span> <span class='ocrx_word' id='word_1_56' title='bbox 2829 716 3051 773; x_wconf 85' lang='lat' dir='ltr'><strong>quoque</strong></span> <span class='ocrx_word' id='word_1_57' title='bbox 3107 697 3284 755; x_wconf 86' lang='lat' dir='ltr'><strong>sacris</strong></span> <span class='ocrx_word' id='word_1_58' title='bbox 3344 696 3592 766; x_wconf 80' lang='lat' dir='ltr'><strong>operibus</strong></span> <span class='ocrx_word' id='word_1_59' title='bbox 3625 708 3707 750; x_wconf 86' lang='lat' dir='ltr'><strong>ac-</strong></span> 
     </span>
    </p>
   </div>
   <div class='ocr_carea' id='block_1_11' title="bbox 460 800 2256 872">
    <p class='ocr_par' dir='ltr' id='par_1_11' title="bbox 460 800 2256 872">
     <span class='ocr_line' id='line_1_11' title="bbox 460 800 2256 872; baseline 0.002 -20"><span class='ocrx_word' id='word_1_60' title='bbox 460 800 662 854; x_wconf 83' lang='lat' dir='ltr'><strong>cedens</strong></span> <span class='ocrx_word' id='word_1_61' title='bbox 695 801 760 855; x_wconf 90' lang='lat' dir='ltr'><strong>ad</strong></span> <span class='ocrx_word' id='word_1_62' title='bbox 787 800 1055 872; x_wconf 85' lang='lat' dir='ltr'><strong>synodum</strong></span> <span class='ocrx_word' id='word_1_63' title='bbox 1081 816 1109 855; x_wconf 86' lang='lat' dir='ltr'><strong>a</strong></span> <span class='ocrx_word' id='word_1_64' title='bbox 1135 804 1340 870; x_wconf 85' lang='lat' dir='ltr'><strong>seipse,</strong></span> <span class='ocrx_word' id='word_1_65' title='bbox 1384 817 1507 855; x_wconf 89' lang='lat' dir='ltr'><strong>cum</strong></span> <span class='ocrx_word' id='word_1_66' title='bbox 1541 817 1678 872; x_wconf 88' lang='lat' dir='ltr'><strong>epus</strong></span> <span class='ocrx_word' id='word_1_67' title='bbox 1706 810 1812 867; x_wconf 84' lang='lat' dir='ltr'><strong>cst,</strong></span> <span class='ocrx_word' id='word_1_68' title='bbox 1851 811 1907 855; x_wconf 91' lang='lat' dir='ltr'><strong>et</strong></span> <span class='ocrx_word' id='word_1_69' title='bbox 1935 803 2256 858; x_wconf 83' lang='lat' dir='ltr'><strong>advocatus.</strong></span> 
     </span>
    </p>
   </div>
   <div class='ocr_carea' id='block_1_12' title="bbox 991 919 1523 979">
    <p class='ocr_par' dir='ltr' id='par_1_12' title="bbox 991 919 1523 979">
     <span class='ocr_line' id='line_1_12' title="bbox 991 919 1523 979; baseline -0.004 -4"><span class='ocrx_word' id='word_1_70' title='bbox 991 919 1222 979; x_wconf 82' lang='lat' dir='ltr'><strong>CAPUT</strong></span> <span class='ocrx_word' id='word_1_71' title='bbox 1261 921 1523 978; x_wconf 76' lang='lat' dir='ltr'><strong>CCXXII.</strong></span> 
     </span>
    </p>
   </div>
   <div class='ocr_carea' id='block_1_13' title="bbox 465 1012 2049 1084">
    <p class='ocr_par' dir='ltr' id='par_1_13' title="bbox 465 1012 2049 1084">
     <span class='ocr_line' id='line_1_13' title="bbox 465 1012 2049 1084; baseline -0.001 -16"><span class='ocrx_word' id='word_1_72' title='bbox 465 1012 621 1077; x_wconf 81' lang='lat' dir='ltr'><strong>Quod</strong></span> <span class='ocrx_word' id='word_1_73' title='bbox 681 1016 950 1084; x_wconf 73' lang='lat' dir='ltr'><strong>episcopus</strong></span> <span class='ocrx_word' id='word_1_74' title='bbox 1008 1015 1201 1068; x_wconf 78' lang='lat' dir='ltr'><strong>electus</strong></span> <span class='ocrx_word' id='word_1_75' title='bbox 1248 1024 1326 1068; x_wconf 85' lang='lat' dir='ltr'><strong>ter</strong></span> <span class='ocrx_word' id='word_1_76' title='bbox 1368 1016 1605 1084; x_wconf 79' lang='lat' dir='ltr'><strong>osculum</strong></span> <span class='ocrx_word' id='word_1_77' title='bbox 1660 1015 1796 1083; x_wconf 74' lang='lat' dir='ltr'><strong>ﬁgit,</strong></span> <span class='ocrx_word' id='word_1_78' title='bbox 1829 1023 1877 1068; x_wconf 86' lang='lat' dir='ltr'><strong>et</strong></span> <span class='ocrx_word' id='word_1_79' title='bbox 1921 1030 2049 1084; x_wconf 70' lang='grc' dir='ltr'>(μων</span> 
     </span>
    </p>
   </div>
   <div class='ocr_carea' id='block_1_14' title="bbox 815 1083 1691 1155">
    <p class='ocr_par' dir='ltr' id='par_1_14' title="bbox 815 1083 1691 1155">
     <span class='ocr_line' id='line_1_14' title="bbox 815 1083 1691 1155; baseline 0.006 -19"><span class='ocrx_word' id='word_1_80' title='bbox 815 1086 971 1138; x_wconf 86' lang='lat' dir='ltr'><strong>modo</strong></span> <span class='ocrx_word' id='word_1_81' title='bbox 1020 1085 1258 1138; x_wconf 79' lang='lat' dir='ltr'><strong>osculum</strong></span> <span class='ocrx_word' id='word_1_82' title='bbox 1299 1089 1539 1155; x_wconf 84' lang='lat' dir='ltr'><strong>quodque</strong></span> <span class='ocrx_word' id='word_1_83' title='bbox 1570 1083 1691 1151; x_wconf 78' lang='lat' dir='ltr'><strong>ﬁat.</strong></span> 
     </span>
    </p>
   </div>
   <div class='ocr_carea' id='block_1_15' title="bbox 533 1172 2046 1248">
    <p class='ocr_par' dir='ltr' id='par_1_15' title="bbox 533 1172 2046 1248">
     <span class='ocr_line' id='line_1_15' title="bbox 533 1172 2046 1248; baseline 0.001 -17"><span class='ocrx_word' id='word_1_84' title='bbox 533 1172 797 1231; x_wconf 82' lang='lat' dir='ltr'><strong>Osculum</strong></span> <span class='ocrx_word' id='word_1_85' title='bbox 835 1185 922 1232; x_wconf 89' lang='lat' dir='ltr'><strong>ter</strong></span> <span class='ocrx_word' id='word_1_86' title='bbox 945 1177 1109 1231; x_wconf 90' lang='lat' dir='ltr'><strong>datur</strong></span> <span class='ocrx_word' id='word_1_87' title='bbox 1141 1178 1450 1231; x_wconf 89' lang='lat' dir='ltr'><strong>ordinando</strong></span> <span class='ocrx_word' id='word_1_88' title='bbox 1477 1188 1676 1248; x_wconf 58' lang='lat' dir='ltr'><strong>pravter</strong></span> <span class='ocrx_word' id='word_1_89' title='bbox 1716 1179 1846 1233; x_wconf 89' lang='lat' dir='ltr'><strong>illud</strong></span> <span class='ocrx_word' id='word_1_90' title='bbox 1901 1177 2046 1248; x_wconf 86' lang='lat' dir='ltr'><strong>quod</strong></span> 
     </span>
    </p>
   </div>
   <div class='ocr_carea' id='block_1_16' title="bbox 466 1265 2068 1340">
    <p class='ocr_par' dir='ltr' id='par_1_16' title="bbox 466 1265 2068 1340">
     <span class='ocr_line' id='line_1_16' title="bbox 466 1265 2068 1340; baseline 0.001 -17"><span class='ocrx_word' id='word_1_91' title='bbox 466 1268 599 1323; x_wconf 84' lang='lat' dir='ltr'><strong>litin</strong></span> <span class='ocrx_word' id='word_1_92' title='bbox 629 1270 970 1323; x_wconf 84' lang='lat' dir='ltr'><strong>sanctuatio.</strong></span> <span class='ocrx_word' id='word_1_93' title='bbox 1003 1269 1245 1323; x_wconf 83' lang='lat' dir='ltr'><strong>Primum</strong></span> <span class='ocrx_word' id='word_1_94' title='bbox 1307 1269 1527 1339; x_wconf 84' lang='lat' dir='ltr'><strong>quidem</strong></span> <span class='ocrx_word' id='word_1_95' title='bbox 1582 1281 1704 1340; x_wconf 90' lang='lat' dir='ltr'><strong>post</strong></span> <span class='ocrx_word' id='word_1_96' title='bbox 1751 1265 2068 1324; x_wconf 47' lang='lat' dir='ltr'><strong>iudicatio?</strong></span> 
     </span>
    </p>
   </div>
   <div class='ocr_carea' id='block_1_17' title="bbox 466 1359 2044 1430">
    <p class='ocr_par' dir='ltr' id='par_1_17' title="bbox 466 1359 2044 1430">
     <span class='ocr_line' id='line_1_17' title="bbox 466 1359 2044 1430; baseline 0.001 -17"><span class='ocrx_word' id='word_1_97' title='bbox 466 1375 614 1425; x_wconf 90' lang='lat' dir='ltr'><strong>nem,</strong></span> <span class='ocrx_word' id='word_1_98' title='bbox 643 1369 829 1430; x_wconf 87' lang='lat' dir='ltr'><strong>utpote</strong></span> <span class='ocrx_word' id='word_1_99' title='bbox 866 1369 980 1413; x_wconf 91' lang='lat' dir='ltr'><strong>tum</strong></span> <span class='ocrx_word' id='word_1_100' title='bbox 1035 1359 1214 1414; x_wconf 85' lang='lat' dir='ltr'><strong>factus</strong></span> <span class='ocrx_word' id='word_1_101' title='bbox 1267 1360 1530 1414; x_wconf 73' lang='lat' dir='ltr'><strong>Ecclesia:</strong></span> <span class='ocrx_word' id='word_1_102' title='bbox 1595 1376 1833 1429; x_wconf 88' lang='lat' dir='ltr'><strong>sponsus</strong></span> <span class='ocrx_word' id='word_1_103' title='bbox 1885 1359 2044 1428; x_wconf 81' lang='lat' dir='ltr'><strong><em>cujus</em></strong></span> 
     </span>
    </p>
   </div>
   <div class='ocr_carea' id='block_1_18' title="bbox 465 1451 2046 1520">
    <p class='ocr_par' dir='ltr' id='par_1_18' title="bbox 465 1451 2046 1520">
     <span class='ocr_line' id='line_1_18' title="bbox 465 1451 2046 1520; baseline 0.001 -17"><span class='ocrx_word' id='word_1_104' title='bbox 465 1453 874 1518; x_wconf 82' lang='lat' dir='ltr'><strong>possessionem</strong></span> <span class='ocrx_word' id='word_1_105' title='bbox 909 1452 1246 1520; x_wconf 71' lang='lat' dir='ltr'><strong>aggreditur.</strong></span> <span class='ocrx_word' id='word_1_106' title='bbox 1273 1451 1409 1505; x_wconf 82' lang='lat' dir='ltr'><strong>Cum</strong></span> <span class='ocrx_word' id='word_1_107' title='bbox 1461 1451 1716 1506; x_wconf 82' lang='lat' dir='ltr'><strong>videlicet</strong></span> <span class='ocrx_word' id='word_1_108' title='bbox 1766 1453 1918 1506; x_wconf 90' lang='lat' dir='ltr'><strong>nullo</strong></span> <span class='ocrx_word' id='word_1_109' title='bbox 1951 1465 2046 1505; x_wconf 80' lang='lat' dir='ltr'><strong>ex-</strong></span> 
     </span>
    </p>
   </div>
   <div class='ocr_carea' id='block_1_19' title="bbox 469 1541 2050 1610">
    <p class='ocr_par' dir='ltr' id='par_1_19' title="bbox 469 1541 2050 1610">
     <span class='ocr_line' id='line_1_19' title="bbox 469 1541 2050 1610; baseline 0.002 -17"><span class='ocrx_word' id='word_1_110' title='bbox 469 1541 699 1594; x_wconf 82' lang='lat' dir='ltr'><strong>sistcnte</strong></span> <span class='ocrx_word' id='word_1_111' title='bbox 747 1542 1101 1595; x_wconf 80' lang='lat' dir='ltr'><strong>suaveolente</strong></span> <span class='ocrx_word' id='word_1_112' title='bbox 1136 1543 1316 1597; x_wconf 80' lang='lat' dir='ltr'><strong>suliitu</strong></span> <span class='ocrx_word' id='word_1_113' title='bbox 1352 1544 1434 1596; x_wconf 82' lang='lat' dir='ltr'><strong>vel</strong></span> <span class='ocrx_word' id='word_1_114' title='bbox 1471 1559 1625 1597; x_wconf 87' lang='lat' dir='ltr'><strong>roseo</strong></span> <span class='ocrx_word' id='word_1_115' title='bbox 1642 1545 1857 1610; x_wconf 84' lang='lat' dir='ltr'><strong>liquore</strong></span> <span class='ocrx_word' id='word_1_116' title='bbox 1879 1543 2050 1597; x_wconf 87' lang='lat' dir='ltr'><strong>addu-</strong></span> 
     </span>
    </p>
   </div>
   <div class='ocr_carea' id='block_1_20' title="bbox 470 1633 2048 1704">
    <p class='ocr_par' dir='ltr' id='par_1_20' title="bbox 470 1633 2048 1704">
     <span class='ocr_line' id='line_1_20' title="bbox 470 1633 2048 1704; baseline 0.003 -19"><span class='ocrx_word' id='word_1_117' title='bbox 470 1633 611 1685; x_wconf 86' lang='lat' dir='ltr'><strong>citur</strong></span> <span class='ocrx_word' id='word_1_118' title='bbox 641 1634 983 1687; x_wconf 86' lang='lat' dir='ltr'><strong>ordinandus</strong></span> <span class='ocrx_word' id='word_1_119' title='bbox 1014 1635 1080 1687; x_wconf 89' lang='lat' dir='ltr'><strong>ad</strong></span> <span class='ocrx_word' id='word_1_120' title='bbox 1128 1635 1605 1704; x_wconf 85' lang='lat' dir='ltr'><strong>archiepiscopum</strong></span> <span class='ocrx_word' id='word_1_121' title='bbox 1657 1638 1960 1700; x_wconf 84' lang='lat' dir='ltr'><strong>sedentem,</strong></span> <span class='ocrx_word' id='word_1_122' title='bbox 1995 1646 2048 1690; x_wconf 92' lang='lat' dir='ltr'><strong>ct</strong></span> 
     </span>
    </p>
   </div>
   <div class='ocr_carea' id='block_1_21' title="bbox 471 1722 2049 1797">
    <p class='ocr_par' dir='ltr' id='par_1_21' title="bbox 471 1722 2049 1797">
     <span class='ocr_line' id='line_1_21' title="bbox 471 1722 2049 1797; baseline 0.006 -25"><span class='ocrx_word' id='word_1_123' title='bbox 471 1722 536 1774; x_wconf 88' lang='lat' dir='ltr'><strong>ad</strong></span> <span class='ocrx_word' id='word_1_124' title='bbox 573 1722 862 1792; x_wconf 79' lang='lat' dir='ltr'><strong>episcopos</strong></span> <span class='ocrx_word' id='word_1_125' title='bbox 895 1725 1038 1778; x_wconf 86' lang='lat' dir='ltr'><strong>circa</strong></span> <span class='ocrx_word' id='word_1_126' title='bbox 1075 1726 1248 1794; x_wconf 91' lang='lat' dir='ltr'><strong>ipsum</strong></span> <span class='ocrx_word' id='word_1_127' title='bbox 1285 1743 1351 1780; x_wconf 79' lang='lat' dir='ltr'><strong>ex</strong></span> <span class='ocrx_word' id='word_1_128' title='bbox 1384 1737 1614 1795; x_wconf 89' lang='lat' dir='ltr'><strong>utraque</strong></span> <span class='ocrx_word' id='word_1_129' title='bbox 1664 1739 1820 1797; x_wconf 86' lang='lat' dir='ltr'><strong>parte</strong></span> <span class='ocrx_word' id='word_1_130' title='bbox 1852 1731 2049 1784; x_wconf 88' lang='lat' dir='ltr'><strong>seden-</strong></span> 
     </span>
    </p>
   </div>
   <div class='ocr_carea' id='block_1_22' title="bbox 2709 912 3172 971">
    <p class='ocr_par' dir='ltr' id='par_1_22' title="bbox 2709 912 3172 971">
     <span class='ocr_line' id='line_1_22' title="bbox 2709 912 3172 971; baseline -0.011 0"><span class='ocrx_word' id='word_1_131' title='bbox 2709 917 2962 971; x_wconf 75' lang='grc' dir='ltr'>ΚΕΦΑΔ.</span> <span class='ocrx_word' id='word_1_132' title='bbox 3002 912 3172 969; x_wconf 82' lang='grc' dir='ltr'><strong>ΣΚΒ’.</strong></span> 
     </span>
    </p>
   </div>
   <div class='ocr_carea' id='block_1_23' title="bbox 2154 1002 3711 1081">
    <p class='ocr_par' dir='ltr' id='par_1_23' title="bbox 2154 1002 3711 1081">
     <span class='ocr_line' id='line_1_23' title="bbox 2154 1002 3711 1081; baseline -0.01 -12"><span class='ocrx_word' id='word_1_133' title='bbox 2154 1015 2290 1068; x_wconf 81' lang='grc' dir='ltr'>Ὅτι</span> <span class='ocrx_word' id='word_1_134' title='bbox 2341 1014 2472 1081; x_wconf 77' lang='grc' dir='ltr'>τρὶς</span> <span class='ocrx_word' id='word_1_135' title='bbox 2547 1011 2801 1065; x_wconf 80' lang='grc' dir='ltr'>ποιεῖται</span> <span class='ocrx_word' id='word_1_136' title='bbox 2839 1010 2948 1081; x_wconf 54' lang='grc' dir='ltr'><strong>τὸν</strong></span> <span class='ocrx_word' id='word_1_137' title='bbox 2993 1006 3326 1081; x_wconf 62' lang='grc' dir='ltr'>ἁσπίασμὸν</span> <span class='ocrx_word' id='word_1_138' title='bbox 3353 1007 3386 1058; x_wconf 85' lang='grc' dir='ltr'><strong>ό</strong></span> <span class='ocrx_word' id='word_1_139' title='bbox 3418 1002 3711 1081; x_wconf 75' lang='grc' dir='ltr'>ᾀρχιερεὺς</span> 
     </span>
    </p>
   </div>
   <div class='ocr_carea' id='block_1_24' title="bbox 2260 1075 3615 1154">
    <p class='ocr_par' dir='ltr' id='par_1_24' title="bbox 2260 1075 3615 1154">
     <span class='ocr_line' id='line_1_24' title="bbox 2260 1075 3615 1154; baseline -0.01 -16"><span class='ocrx_word' id='word_1_140' title='bbox 2260 1075 2729 1154; x_wconf 62' lang='grc' dir='ltr'>χειροὗονηθείς·</span> <span class='ocrx_word' id='word_1_141' title='bbox 2775 1080 2873 1135; x_wconf 76' lang='grc' dir='ltr'><strong>καί</strong></span> <span class='ocrx_word' id='word_1_142' title='bbox 2909 1079 3068 1144; x_wconf 79' lang='grc' dir='ltr'>ὅπως</span> <span class='ocrx_word' id='word_1_143' title='bbox 3097 1077 3355 1141; x_wconf 76' lang='grc' dir='ltr'>ἕκαστος</span> <span class='ocrx_word' id='word_1_144' title='bbox 3377 1075 3615 1144; x_wconf 76' lang='grc' dir='ltr'>γίνεται.</span> 
     </span>
    </p>
   </div>
   <div class='ocr_carea' id='block_1_25' title="bbox 2232 1160 3712 1240">
    <p class='ocr_par' dir='ltr' id='par_1_25' title="bbox 2232 1160 3712 1240">
     <span class='ocr_line' id='line_1_25' title="bbox 2232 1160 3712 1240; baseline -0.009 -14"><span class='ocrx_word' id='word_1_145' title='bbox 2232 1172 2294 1225; x_wconf 86' lang='lat'><strong>&#39;0</strong></span> <span class='ocrx_word' id='word_1_146' title='bbox 2345 1171 2639 1240; x_wconf 82' lang='grc' dir='ltr'>ἀσπασμὸς</span> <span class='ocrx_word' id='word_1_147' title='bbox 2675 1170 2731 1224; x_wconf 75' lang='grc' dir='ltr'>δὲ</span> <span class='ocrx_word' id='word_1_148' title='bbox 2772 1168 2850 1239; x_wconf 80' lang='grc' dir='ltr'>τῷ</span> <span class='ocrx_word' id='word_1_149' title='bbox 2892 1164 3358 1239; x_wconf 81' lang='grc' dir='ltr'>χειροτονουμένφ</span> <span class='ocrx_word' id='word_1_150' title='bbox 3382 1203 3397 1229; x_wconf 90' lang='grc'><strong>,</strong></span> <span class='ocrx_word' id='word_1_151' title='bbox 3445 1162 3584 1231; x_wconf 81' lang='grc' dir='ltr'>πλὴν</span> <span class='ocrx_word' id='word_1_152' title='bbox 3625 1160 3712 1213; x_wconf 82' lang='grc' dir='ltr'>τοῦ</span> 
     </span>
    </p>
   </div>
   <div class='ocr_carea' id='block_1_26' title="bbox 2152 1253 3718 1335">
    <p class='ocr_par' dir='ltr' id='par_1_26' title="bbox 2152 1253 3718 1335">
     <span class='ocr_line' id='line_1_26' title="bbox 2152 1253 3718 1335; baseline -0.01 -16"><span class='ocrx_word' id='word_1_153' title='bbox 2152 1266 2208 1327; x_wconf 69' lang='grc' dir='ltr'>ὲν</span> <span class='ocrx_word' id='word_1_154' title='bbox 2244 1265 2322 1335; x_wconf 82' lang='grc' dir='ltr'><strong>τῷ</strong></span> <span class='ocrx_word' id='word_1_155' title='bbox 2344 1264 2551 1334; x_wconf 80' lang='grc' dir='ltr'>βήματι</span> <span class='ocrx_word' id='word_1_156' title='bbox 2587 1263 2941 1331; x_wconf 79' lang='grc' dir='ltr'>τελουμένου,</span> <span class='ocrx_word' id='word_1_157' title='bbox 2970 1260 3180 1326; x_wconf 87' lang='grc' dir='ltr'>γίνεται</span> <span class='ocrx_word' id='word_1_158' title='bbox 3209 1257 3350 1326; x_wconf 82' lang='grc' dir='ltr'>τρίς·</span> <span class='ocrx_word' id='word_1_159' title='bbox 3382 1255 3592 1326; x_wconf 79' lang='grc' dir='ltr'>πρῶτον</span> <span class='ocrx_word' id='word_1_160' title='bbox 3625 1253 3718 1322; x_wconf 76' lang='grc' dir='ltr'><strong>μὲν</strong></span> 
     </span>
    </p>
   </div>
   <div class='ocr_carea' id='block_1_27' title="bbox 2161 1345 3720 1426">
    <p class='ocr_par' dir='ltr' id='par_1_27' title="bbox 2161 1345 3720 1426">
     <span class='ocr_line' id='line_1_27' title="bbox 2161 1345 3720 1426; baseline -0.011 -15"><span class='ocrx_word' id='word_1_161' title='bbox 2161 1359 2300 1426; x_wconf 78' lang='grc' dir='ltr'>μετὰ</span> <span class='ocrx_word' id='word_1_162' title='bbox 2338 1357 2398 1410; x_wconf 80' lang='grc' dir='ltr'><strong>τὸ</strong></span> <span class='ocrx_word' id='word_1_163' title='bbox 2432 1358 2659 1426; x_wconf 82' lang='grc' dir='ltr'>μήνυμα</span> <span class='ocrx_word' id='word_1_164' title='bbox 2684 1356 2759 1417; x_wconf 83' lang='grc' dir='ltr'><strong>ὡς</strong></span> <span class='ocrx_word' id='word_1_165' title='bbox 2782 1354 3068 1422; x_wconf 78' lang='grc' dir='ltr'>γεγονότος</span> <span class='ocrx_word' id='word_1_166' title='bbox 3099 1349 3268 1404; x_wconf 78' lang='grc' dir='ltr'>αὐτοῦ</span> <span class='ocrx_word' id='word_1_167' title='bbox 3296 1347 3604 1418; x_wconf 77' lang='grc' dir='ltr'><strong>μνηστῆρος</strong></span> <span class='ocrx_word' id='word_1_168' title='bbox 3628 1345 3720 1412; x_wconf 81' lang='grc' dir='ltr'>τῆς</span> 
     </span>
    </p>
   </div>
   <div class='ocr_carea' id='block_1_28' title="bbox 2154 1437 3722 1520">
    <p class='ocr_par' dir='ltr' id='par_1_28' title="bbox 2154 1437 3722 1520">
     <span class='ocr_line' id='line_1_28' title="bbox 2154 1437 3722 1520; baseline -0.01 -17"><span class='ocrx_word' id='word_1_169' title='bbox 2154 1450 2473 1520; x_wconf 73' lang='grc' dir='ltr'>ἐκκλησίας,</span> <span class='ocrx_word' id='word_1_170' title='bbox 2505 1446 2572 1520; x_wconf 79' lang='grc' dir='ltr'>ἧς</span> <span class='ocrx_word' id='word_1_171' title='bbox 2615 1450 2714 1520; x_wconf 80' lang='grc' dir='ltr'><strong>τὴν</strong></span> <span class='ocrx_word' id='word_1_172' title='bbox 2743 1447 3057 1518; x_wconf 77' lang='grc' dir='ltr'>ἐγχείρισαν</span> <span class='ocrx_word' id='word_1_173' title='bbox 3091 1445 3330 1512; x_wconf 81' lang='grc' dir='ltr'>δέχεται,</span> <span class='ocrx_word' id='word_1_174' title='bbox 3365 1443 3453 1493; x_wconf 83' lang='grc' dir='ltr'>ὅτε</span> <span class='ocrx_word' id='word_1_175' title='bbox 3483 1439 3557 1508; x_wconf 80' lang='grc' dir='ltr'>μὴ</span> <span class='ocrx_word' id='word_1_176' title='bbox 3581 1437 3722 1492; x_wconf 81' lang='grc' dir='ltr'>εὐόσ-</span> 
     </span>
    </p>
   </div>
   <div class='ocr_carea' id='block_1_29' title="bbox 2159 1530 3722 1612">
    <p class='ocr_par' dir='ltr' id='par_1_29' title="bbox 2159 1530 3722 1612">
     <span class='ocr_line' id='line_1_29' title="bbox 2159 1530 3722 1612; baseline -0.009 -17"><span class='ocrx_word' id='word_1_177' title='bbox 2159 1560 2262 1612; x_wconf 87' lang='grc' dir='ltr'><strong>μου</strong></span> <span class='ocrx_word' id='word_1_178' title='bbox 2294 1542 2446 1604; x_wconf 78' lang='grc' dir='ltr'>ὄντος</span> <span class='ocrx_word' id='word_1_179' title='bbox 2487 1543 2656 1604; x_wconf 88' lang='grc' dir='ltr'>τινὸς,</span> <span class='ocrx_word' id='word_1_180' title='bbox 2703 1540 3051 1609; x_wconf 85' lang='grc' dir='ltr'>Θυμιὰματος</span> <span class='ocrx_word' id='word_1_181' title='bbox 3100 1533 3407 1604; x_wconf 76' lang='grc' dir='ltr'>δηλονότιῆ</span> <span class='ocrx_word' id='word_1_182' title='bbox 3447 1530 3722 1603; x_wconf 76' lang='grc' dir='ltr'>ῥοδοσταγ-</span> 
     </span>
    </p>
   </div>
   <div class='ocr_carea' id='block_1_30' title="bbox 2165 1623 3724 1705">
    <p class='ocr_par' dir='ltr' id='par_1_30' title="bbox 2165 1623 3724 1705">
     <span class='ocr_line' id='line_1_30' title="bbox 2165 1623 3724 1705; baseline -0.011 -14"><span class='ocrx_word' id='word_1_183' title='bbox 2165 1653 2361 1704; x_wconf 81' lang='grc' dir='ltr'>ματος,</span> <span class='ocrx_word' id='word_1_184' title='bbox 2395 1634 2716 1705; x_wconf 73' lang='grc' dir='ltr'>καθημένου</span> <span class='ocrx_word' id='word_1_185' title='bbox 2746 1631 2842 1686; x_wconf 79' lang='grc' dir='ltr'><strong>τοῦ</strong></span> <span class='ocrx_word' id='word_1_186' title='bbox 2875 1630 3310 1702; x_wconf 84' lang='grc' dir='ltr'>ἁρχιεπισκόπου</span> <span class='ocrx_word' id='word_1_187' title='bbox 3365 1627 3462 1680; x_wconf 71' lang='grc' dir='ltr'><strong>καὶ</strong></span> <span class='ocrx_word' id='word_1_188' title='bbox 3500 1625 3603 1677; x_wconf 81' lang='grc' dir='ltr'>τῶν</span> <span class='ocrx_word' id='word_1_189' title='bbox 3634 1623 3724 1691; x_wconf 84' lang='grc' dir='ltr'><strong>ἀρ-</strong></span> 
     </span>
    </p>
   </div>
   <div class='ocr_carea' id='block_1_31' title="bbox 2158 1714 3720 1795">
    <p class='ocr_par' dir='ltr' id='par_1_31' title="bbox 2158 1714 3720 1795">
     <span class='ocr_line' id='line_1_31' title="bbox 2158 1714 3720 1795; baseline -0.008 -17"><span class='ocrx_word' id='word_1_190' title='bbox 2158 1726 2390 1795; x_wconf 86' lang='grc' dir='ltr'>χιερέων</span> <span class='ocrx_word' id='word_1_191' title='bbox 2421 1725 2786 1794; x_wconf 78' lang='grc' dir='ltr'>ἑκατέρωθεν,</span> <span class='ocrx_word' id='word_1_192' title='bbox 2811 1722 3221 1792; x_wconf 76' lang='grc' dir='ltr'>προσαγόμενος</span> <span class='ocrx_word' id='word_1_193' title='bbox 3251 1717 3550 1790; x_wconf 77' lang='grc' dir='ltr'>προσκυνεῖ</span> <span class='ocrx_word' id='word_1_194' title='bbox 3581 1714 3720 1782; x_wconf 77' lang='grc' dir='ltr'>τρίς·</span> 
     </span>
    </p>
   </div>
   <div class='ocr_carea' id='block_1_32' title="bbox 473 1803 2079 1896">
    <p class='ocr_par' dir='ltr' id='par_1_32' title="bbox 473 1818 2048 1888">
     <span class='ocr_line' id='line_1_32' title="bbox 473 1818 2048 1888; baseline 0.006 -24"><span class='ocrx_word' id='word_1_195' title='bbox 473 1822 577 1876; x_wconf 85' lang='lat' dir='ltr'><strong>tes,</strong></span> <span class='ocrx_word' id='word_1_196' title='bbox 609 1823 798 1884; x_wconf 84' lang='lat' dir='ltr'><strong>terque</strong></span> <span class='ocrx_word' id='word_1_197' title='bbox 827 1829 948 1869; x_wconf 88' lang='lat' dir='ltr'><strong>sese</strong></span> <span class='ocrx_word' id='word_1_198' title='bbox 971 1818 1292 1884; x_wconf 81' lang='lat' dir='ltr'><strong>prosternit,</strong></span> <span class='ocrx_word' id='word_1_199' title='bbox 1326 1828 1381 1872; x_wconf 90' lang='lat' dir='ltr'><strong>et</strong></span> <span class='ocrx_word' id='word_1_200' title='bbox 1409 1819 1698 1874; x_wconf 79' lang='lat' dir='ltr'><strong>oswlatur</strong></span> <span class='ocrx_word' id='word_1_201' title='bbox 1731 1836 1896 1888; x_wconf 85' lang='lat' dir='ltr'><strong>genu,</strong></span> <span class='ocrx_word' id='word_1_202' title='bbox 1933 1836 2048 1874; x_wconf 88' lang='lat' dir='ltr'><strong>ma-</strong></span> 
     </span>
    </p>
   </div>
   <div class='ocr_carea' id='block_1_33' title="bbox 2170 1803 3728 1896">
    <p class='ocr_par' dir='ltr' id='par_1_33' title="bbox 2170 1803 3728 1885">
     <span class='ocr_line' id='line_1_33' title="bbox 2170 1803 3728 1885; baseline -0.01 -13"><span class='ocrx_word' id='word_1_203' title='bbox 2170 1820 2252 1872; x_wconf 72' lang='grc' dir='ltr'>ιιαὶ</span> <span class='ocrx_word' id='word_1_204' title='bbox 2282 1817 2666 1885; x_wconf 80' lang='grc' dir='ltr'>ἀσπαζόμενος</span> <span class='ocrx_word' id='word_1_205' title='bbox 2710 1817 2841 1884; x_wconf 83' lang='grc' dir='ltr'>γόνυ</span> <span class='ocrx_word' id='word_1_206' title='bbox 2891 1815 2985 1868; x_wconf 70' lang='grc' dir='ltr'><strong>καὶ</strong></span> <span class='ocrx_word' id='word_1_207' title='bbox 3032 1817 3192 1884; x_wconf 82' lang='grc' dir='ltr'>χεῖρα</span> <span class='ocrx_word' id='word_1_208' title='bbox 3225 1813 3319 1865; x_wconf 66' lang='grc' dir='ltr'><strong>καὶ</strong></span> <span class='ocrx_word' id='word_1_209' title='bbox 3369 1808 3599 1880; x_wconf 72' lang='grc' dir='ltr'>παρειὰν</span> <span class='ocrx_word' id='word_1_210' title='bbox 3640 1803 3728 1859; x_wconf 78' lang='grc' dir='ltr'>τοῦ</span> 
     </span>
    </p>
   </div>
   <div class='ocr_carea' id='block_1_34' title="bbox 471 1901 2048 1981">
    <p class='ocr_par' dir='ltr' id='par_1_34' title="bbox 471 1901 2048 1981">
     <span class='ocr_line' id='line_1_34' title="bbox 471 1901 2048 1981; baseline 0.005 -23"><span class='ocrx_word' id='word_1_211' title='bbox 471 1920 602 1958; x_wconf 89' lang='lat' dir='ltr'><strong>num</strong></span> <span class='ocrx_word' id='word_1_212' title='bbox 661 1917 713 1958; x_wconf 86' lang='lat' dir='ltr'><strong>et</strong></span> <span class='ocrx_word' id='word_1_213' title='bbox 747 1922 939 1975; x_wconf 77' lang='lat' dir='ltr'><strong>genam</strong></span> <span class='ocrx_word' id='word_1_214' title='bbox 980 1909 1276 1976; x_wconf 88' lang='lat' dir='ltr'><strong>pontiltcis,</strong></span> <span class='ocrx_word' id='word_1_215' title='bbox 1304 1919 1357 1963; x_wconf 90' lang='lat' dir='ltr'><strong>et</strong></span> <span class='ocrx_word' id='word_1_216' title='bbox 1394 1910 1447 1963; x_wconf 91' lang='lat' dir='ltr'><strong>in</strong></span> <span class='ocrx_word' id='word_1_217' title='bbox 1486 1927 1580 1965; x_wconf 92' lang='lat' dir='ltr'><strong>ore</strong></span> <span class='ocrx_word' id='word_1_218' title='bbox 1607 1912 1898 1981; x_wconf 82' lang='lat' dir='ltr'><strong>episcopos</strong></span> <span class='ocrx_word' id='word_1_219' title='bbox 1934 1901 2048 1966; x_wconf 86' lang='lat' dir='ltr'><strong>tum</strong></span> 
     </span>
    </p>
   </div>
   <div class='ocr_carea' id='block_1_35' title="bbox 473 1997 2054 2071">
    <p class='ocr_par' dir='ltr' id='par_1_35' title="bbox 473 1997 2054 2071">
     <span class='ocr_line' id='line_1_35' title="bbox 473 1997 2054 2071; baseline 0.005 -19"><span class='ocrx_word' id='word_1_220' title='bbox 473 1997 722 2052; x_wconf 80' lang='lat' dir='ltr'><strong>sedentes</strong></span> <span class='ocrx_word' id='word_1_221' title='bbox 750 2018 765 2063; x_wconf 86' lang='lat'>;</span> <span class='ocrx_word' id='word_1_222' title='bbox 805 2000 1048 2053; x_wconf 86' lang='lat' dir='ltr'><strong>nondum</strong></span> <span class='ocrx_word' id='word_1_223' title='bbox 1082 2000 1227 2054; x_wconf 89' lang='lat' dir='ltr'><strong>enim</strong></span> <span class='ocrx_word' id='word_1_224' title='bbox 1262 2013 1344 2056; x_wconf 90' lang='lat' dir='ltr'><strong>est</strong></span> <span class='ocrx_word' id='word_1_225' title='bbox 1375 2003 1687 2071; x_wconf 86' lang='lat' dir='ltr'><strong>episc0pus,</strong></span> <span class='ocrx_word' id='word_1_226' title='bbox 1714 2003 1903 2071; x_wconf 81' lang='lat' dir='ltr'><strong>jussus</strong></span> <span class='ocrx_word' id='word_1_227' title='bbox 1955 2020 2054 2060; x_wconf 88' lang='lat' dir='ltr'><strong>au-</strong></span> 
     </span>
    </p>
   </div>
   <div class='ocr_carea' id='block_1_36' title="bbox 471 2091 2052 2164">
    <p class='ocr_par' dir='ltr' id='par_1_36' title="bbox 471 2091 2052 2164">
     <span class='ocr_line' id='line_1_36' title="bbox 471 2091 2052 2164; baseline 0.006 -22"><span class='ocrx_word' id='word_1_228' title='bbox 471 2099 581 2143; x_wconf 88' lang='lat' dir='ltr'><strong>tem</strong></span> <span class='ocrx_word' id='word_1_229' title='bbox 620 2092 796 2156; x_wconf 83' lang='lat' dir='ltr'><strong>sedet,</strong></span> <span class='ocrx_word' id='word_1_230' title='bbox 827 2106 936 2145; x_wconf 89' lang='lat' dir='ltr'><strong>non</strong></span> <span class='ocrx_word' id='word_1_231' title='bbox 972 2093 1024 2145; x_wconf 91' lang='lat' dir='ltr'><strong>in</strong></span> <span class='ocrx_word' id='word_1_232' title='bbox 1051 2091 1250 2146; x_wconf 88' lang='lat' dir='ltr'><strong>throno</strong></span> <span class='ocrx_word' id='word_1_233' title='bbox 1286 2094 1602 2162; x_wconf 85' lang='lat' dir='ltr'><strong>episcopali,</strong></span> <span class='ocrx_word' id='word_1_234' title='bbox 1645 2096 1738 2150; x_wconf 88' lang='lat' dir='ltr'><strong>sed</strong></span> <span class='ocrx_word' id='word_1_235' title='bbox 1798 2096 2052 2164; x_wconf 83' lang='lat' dir='ltr'><strong>privatim</strong></span> 
     </span>
    </p>
   </div>
   <div class='ocr_carea' id='block_1_37' title="bbox 474 2180 2052 2255">
    <p class='ocr_par' dir='ltr' id='par_1_37' title="bbox 474 2180 2052 2255">
     <span class='ocr_line' id='line_1_37' title="bbox 474 2180 2052 2255; baseline 0.003 -21"><span class='ocrx_word' id='word_1_236' title='bbox 474 2180 730 2246; x_wconf 76' lang='lat' dir='ltr'><strong>inferius,</strong></span> <span class='ocrx_word' id='word_1_237' title='bbox 772 2182 824 2236; x_wconf 83' lang='lat' dir='ltr'><strong>in</strong></span> <span class='ocrx_word' id='word_1_238' title='bbox 859 2183 981 2238; x_wconf 86' lang='lat' dir='ltr'><strong>loco</strong></span> <span class='ocrx_word' id='word_1_239' title='bbox 1011 2184 1396 2253; x_wconf 87' lang='lat' dir='ltr'><strong>depressiore:</strong></span> <span class='ocrx_word' id='word_1_240' title='bbox 1430 2201 1540 2254; x_wconf 88' lang='lat' dir='ltr'><strong>quo</strong></span> <span class='ocrx_word' id='word_1_241' title='bbox 1561 2184 1899 2255; x_wconf 79' lang='lat' dir='ltr'><strong>signiﬁcatur</strong></span> <span class='ocrx_word' id='word_1_242' title='bbox 1929 2201 2052 2240; x_wconf 88' lang='lat' dir='ltr'><strong>eum</strong></span> 
     </span>
    </p>
   </div>
   <div class='ocr_carea' id='block_1_38' title="bbox 475 2271 2054 2344">
    <p class='ocr_par' dir='ltr' id='par_1_38' title="bbox 475 2271 2054 2344">
     <span class='ocr_line' id='line_1_38' title="bbox 475 2271 2054 2344; baseline 0.001 -18"><span class='ocrx_word' id='word_1_243' title='bbox 475 2271 779 2327; x_wconf 76' lang='lat' dir='ltr'><strong>Ecclesium</strong></span> <span class='ocrx_word' id='word_1_244' title='bbox 811 2283 1022 2328; x_wconf 87' lang='lat' dir='ltr'><strong>tantum</strong></span> <span class='ocrx_word' id='word_1_245' title='bbox 1052 2275 1434 2343; x_wconf 87' lang='lat' dir='ltr'><strong>despondisse,</strong></span> <span class='ocrx_word' id='word_1_246' title='bbox 1469 2285 1522 2328; x_wconf 87' lang='lat' dir='ltr'><strong>et</strong></span> <span class='ocrx_word' id='word_1_247' title='bbox 1551 2276 1890 2344; x_wconf 88' lang='lat' dir='ltr'><strong>sponsalium</strong></span> <span class='ocrx_word' id='word_1_248' title='bbox 1939 2274 2054 2344; x_wconf 84' lang='lat' dir='ltr'><strong>pti-</strong></span> 
     </span>
    </p>
   </div>
   <div class='ocr_carea' id='block_1_39' title="bbox 424 2362 2056 2433">
    <p class='ocr_par' dir='ltr' id='par_1_39' title="bbox 424 2362 2056 2433">
     <span class='ocr_line' id='line_1_39' title="bbox 424 2362 2056 2433; baseline -0.001 -17"><span class='ocrx_word' id='word_1_249' title='bbox 424 2374 434 2381; x_wconf 82' lang='lat'>‘</span> <span class='ocrx_word' id='word_1_250' title='bbox 477 2363 665 2417; x_wconf 80' lang='lat' dir='ltr'><strong>mitias</strong></span> <span class='ocrx_word' id='word_1_251' title='bbox 694 2364 998 2433; x_wconf 83' lang='lat' dir='ltr'><strong>accepisse,</strong></span> <span class='ocrx_word' id='word_1_252' title='bbox 1037 2364 1278 2417; x_wconf 90' lang='lat' dir='ltr'><strong>nondum</strong></span> <span class='ocrx_word' id='word_1_253' title='bbox 1315 2364 1458 2417; x_wconf 84' lang='lat' dir='ltr'><strong>enim</strong></span> <span class='ocrx_word' id='word_1_254' title='bbox 1503 2365 1586 2416; x_wconf 74' lang='lat' dir='ltr'><strong>vir</strong></span> <span class='ocrx_word' id='word_1_255' title='bbox 1641 2363 1760 2432; x_wconf 84' lang='lat' dir='ltr'><strong>ejus</strong></span> <span class='ocrx_word' id='word_1_256' title='bbox 1817 2373 1924 2426; x_wconf 89' lang='lat' dir='ltr'><strong>est,</strong></span> <span class='ocrx_word' id='word_1_257' title='bbox 1973 2362 2056 2416; x_wconf 87' lang='lat' dir='ltr'><strong>vel</strong></span> 
     </span>
    </p>
   </div>
   <div class='ocr_carea' id='block_1_40' title="bbox 479 2436 2057 2523">
    <p class='ocr_par' dir='ltr' id='par_1_40' title="bbox 479 2436 2057 2523">
     <span class='ocr_line' id='line_1_40' title="bbox 479 2436 2057 2523; baseline 0 -17"><span class='ocrx_word' id='word_1_258' title='bbox 479 2454 732 2508; x_wconf 89' lang='lat' dir='ltr'><strong>maritus.</strong></span> <span class='ocrx_word' id='word_1_259' title='bbox 759 2436 886 2508; x_wconf 87' lang='lat' dir='ltr'><strong>Ideo</strong></span> <span class='ocrx_word' id='word_1_260' title='bbox 914 2453 1065 2508; x_wconf 82' lang='lat' dir='ltr'><strong>velut</strong></span> <span class='ocrx_word' id='word_1_261' title='bbox 1089 2452 1186 2523; x_wconf 87' lang='lat' dir='ltr'><strong>qui</strong></span> <span class='ocrx_word' id='word_1_262' title='bbox 1217 2461 1430 2507; x_wconf 89' lang='lat' dir='ltr'><strong>tantum</strong></span> <span class='ocrx_word' id='word_1_263' title='bbox 1456 2453 1664 2508; x_wconf 89' lang='lat' dir='ltr'><strong>dederit</strong></span> <span class='ocrx_word' id='word_1_264' title='bbox 1698 2454 1944 2523; x_wconf 88' lang='lat' dir='ltr'><strong>sytnbola</strong></span> <span class='ocrx_word' id='word_1_265' title='bbox 2003 2461 2057 2507; x_wconf 90' lang='lat' dir='ltr'><strong>et</strong></span> 
     </span>
    </p>
   </div>
   <div class='ocr_carea' id='block_1_41' title="bbox 481 2546 2058 2618">
    <p class='ocr_par' dir='ltr' id='par_1_41' title="bbox 481 2546 2058 2618">
     <span class='ocr_line' id='line_1_41' title="bbox 481 2546 2058 2618; baseline 0.001 -19"><span class='ocrx_word' id='word_1_266' title='bbox 481 2547 858 2602; x_wconf 80' lang='lat' dir='ltr'><strong>arrltabonum</strong></span> <span class='ocrx_word' id='word_1_267' title='bbox 915 2548 1187 2618; x_wconf 90' lang='lat' dir='ltr'><strong>primitias</strong></span> <span class='ocrx_word' id='word_1_268' title='bbox 1244 2562 1372 2602; x_wconf 92' lang='lat' dir='ltr'><strong>cum</strong></span> <span class='ocrx_word' id='word_1_269' title='bbox 1428 2549 1620 2602; x_wconf 84' lang='lat' dir='ltr'><strong>amicis</strong></span> <span class='ocrx_word' id='word_1_270' title='bbox 1678 2557 1732 2601; x_wconf 87' lang='lat' dir='ltr'><strong>et</strong></span> <span class='ocrx_word' id='word_1_271' title='bbox 1793 2546 2058 2601; x_wconf 76' lang='lat' dir='ltr'><strong>fratribus</strong></span> 
     </span>
    </p>
   </div>
   <div class='ocr_carea' id='block_1_42' title="bbox 477 2638 2054 2709">
    <p class='ocr_par' dir='ltr' id='par_1_42' title="bbox 477 2638 2054 2709">
     <span class='ocr_line' id='line_1_42' title="bbox 477 2638 2054 2709; baseline -0.003 -15"><span class='ocrx_word' id='word_1_272' title='bbox 477 2653 692 2707; x_wconf 75' lang='lat' dir='ltr'><strong>sponsae</strong></span> <span class='ocrx_word' id='word_1_273' title='bbox 724 2654 786 2694; x_wconf 89' lang='lat' dir='ltr'><strong>ea</strong></span> <span class='ocrx_word' id='word_1_274' title='bbox 811 2639 1026 2708; x_wconf 84' lang='lat' dir='ltr'><strong>peragit</strong></span> <span class='ocrx_word' id='word_1_275' title='bbox 1050 2639 1264 2709; x_wconf 32' lang='lat' dir='ltr'><strong>quas-ad</strong></span> <span class='ocrx_word' id='word_1_276' title='bbox 1298 2638 1595 2696; x_wconf 82' lang='lat' dir='ltr'><strong>amicitiam</strong></span> <span class='ocrx_word' id='word_1_277' title='bbox 1621 2638 2054 2693; x_wconf 81' lang='lat' dir='ltr'><strong>conﬁrmandam</strong></span> 
     </span>
    </p>
   </div>
   <div class='ocr_carea' id='block_1_43' title="bbox 480 2731 2062 2800">
    <p class='ocr_par' dir='ltr' id='par_1_43' title="bbox 480 2731 2062 2800">
     <span class='ocr_line' id='line_1_43' title="bbox 480 2731 2062 2800; baseline -0.001 -16"><span class='ocrx_word' id='word_1_278' title='bbox 480 2731 825 2798; x_wconf 74' lang='lat' dir='ltr'><strong>inserviunt;</strong></span> <span class='ocrx_word' id='word_1_279' title='bbox 860 2731 1004 2786; x_wconf 88' lang='lat' dir='ltr'><strong>unde</strong></span> <span class='ocrx_word' id='word_1_280' title='bbox 1031 2747 1125 2786; x_wconf 88' lang='lat' dir='ltr'><strong>eos</strong></span> <span class='ocrx_word' id='word_1_281' title='bbox 1147 2731 1430 2787; x_wconf 85' lang='lat' dir='ltr'><strong>osculatur</strong></span> <span class='ocrx_word' id='word_1_282' title='bbox 1463 2742 1523 2784; x_wconf 92' lang='lat' dir='ltr'><strong>ut</strong></span> <span class='ocrx_word' id='word_1_283' title='bbox 1572 2731 1684 2800; x_wconf 86' lang='lat' dir='ltr'><strong>jam</strong></span> <span class='ocrx_word' id='word_1_284' title='bbox 1738 2731 1972 2792; x_wconf 87' lang='lat' dir='ltr'><strong>amicus,</strong></span> <span class='ocrx_word' id='word_1_285' title='bbox 2007 2738 2062 2784; x_wconf 88' lang='lat' dir='ltr'><strong>et</strong></span> 
     </span>
    </p>
   </div>
   <div class='ocr_carea' id='block_1_44' title="bbox 478 2824 2060 2891">
    <p class='ocr_par' dir='ltr' id='par_1_44' title="bbox 478 2824 2060 2891">
     <span class='ocr_line' id='line_1_44' title="bbox 478 2824 2060 2891; baseline -0.001 -14"><span class='ocrx_word' id='word_1_286' title='bbox 478 2825 786 2881; x_wconf 79' lang='lat' dir='ltr'><strong>sedcteum</strong></span> <span class='ocrx_word' id='word_1_287' title='bbox 819 2824 918 2891; x_wconf 87' lang='lat' dir='ltr'><strong>eis,</strong></span> <span class='ocrx_word' id='word_1_288' title='bbox 956 2837 1009 2880; x_wconf 88' lang='lat' dir='ltr'><strong>et</strong></span> <span class='ocrx_word' id='word_1_289' title='bbox 1061 2824 1299 2881; x_wconf 88' lang='lat' dir='ltr'><strong>consulit</strong></span> <span class='ocrx_word' id='word_1_290' title='bbox 1341 2839 1465 2879; x_wconf 92' lang='lat' dir='ltr'><strong>cum</strong></span> <span class='ocrx_word' id='word_1_291' title='bbox 1523 2824 1642 2890; x_wconf 87' lang='lat' dir='ltr'><strong>eis;</strong></span> <span class='ocrx_word' id='word_1_292' title='bbox 1709 2838 1815 2878; x_wconf 87' lang='lat' dir='ltr'><strong>non</strong></span> <span class='ocrx_word' id='word_1_293' title='bbox 1879 2834 2060 2877; x_wconf 81' lang='lat' dir='ltr'><strong>tamen</strong></span> 
     </span>
    </p>
   </div>
   <div class='ocr_carea' id='block_1_45' title="bbox 482 2916 2058 2982">
    <p class='ocr_par' dir='ltr' id='par_1_45' title="bbox 482 2916 2058 2982">
     <span class='ocr_line' id='line_1_45' title="bbox 482 2916 2058 2982; baseline 0.001 -14"><span class='ocrx_word' id='word_1_294' title='bbox 482 2917 758 2982; x_wconf 86' lang='lat' dir='ltr'><strong>considet,</strong></span> <span class='ocrx_word' id='word_1_295' title='bbox 789 2931 913 2970; x_wconf 87' lang='lat' dir='ltr'><strong>cum</strong></span> <span class='ocrx_word' id='word_1_296' title='bbox 952 2917 1210 2971; x_wconf 89' lang='lat' dir='ltr'><strong>thronum</strong></span> <span class='ocrx_word' id='word_1_297' title='bbox 1247 2917 1490 2974; x_wconf 89' lang='lat' dir='ltr'><strong>nondum</strong></span> <span class='ocrx_word' id='word_1_298' title='bbox 1533 2924 1823 2972; x_wconf 85' lang='lat' dir='ltr'><strong>assecutus</strong></span> <span class='ocrx_word' id='word_1_299' title='bbox 1873 2916 2058 2982; x_wconf 83' lang='lat' dir='ltr'><strong>fuerit,</strong></span> 
     </span>
    </p>
   </div>
   <div class='ocr_carea' id='block_1_46' title="bbox 483 3005 2063 3077">
    <p class='ocr_par' dir='ltr' id='par_1_46' title="bbox 483 3005 2063 3077">
     <span class='ocr_line' id='line_1_46' title="bbox 483 3005 2063 3077; baseline 0.001 -19"><span class='ocrx_word' id='word_1_300' title='bbox 483 3020 584 3060; x_wconf 82' lang='lat' dir='ltr'><strong>nec</strong></span> <span class='ocrx_word' id='word_1_301' title='bbox 622 3007 885 3060; x_wconf 87' lang='lat' dir='ltr'><strong>honorem</strong></span> <span class='ocrx_word' id='word_1_302' title='bbox 918 3015 972 3061; x_wconf 90' lang='lat' dir='ltr'><strong>et</strong></span> <span class='ocrx_word' id='word_1_303' title='bbox 997 3005 1324 3077; x_wconf 79' lang='lat' dir='ltr'><strong>dignitatem</strong></span> <span class='ocrx_word' id='word_1_304' title='bbox 1374 3005 1554 3060; x_wconf 91' lang='lat' dir='ltr'><strong>Patris</strong></span> <span class='ocrx_word' id='word_1_305' title='bbox 1612 3005 1905 3070; x_wconf 57' lang='lat' dir='ltr'><strong>Ecclesia;</strong></span> <span class='ocrx_word' id='word_1_306' title='bbox 1960 3019 2063 3059; x_wconf 91' lang='lat' dir='ltr'><strong>nec</strong></span> 
     </span>
    </p>
   </div>
   <div class='ocr_carea' id='block_1_47' title="bbox 481 3096 2059 3167">
    <p class='ocr_par' dir='ltr' id='par_1_47' title="bbox 481 3096 2059 3167">
     <span class='ocr_line' id='line_1_47' title="bbox 481 3096 2059 3167; baseline 0 -16"><span class='ocrx_word' id='word_1_307' title='bbox 481 3096 627 3151; x_wconf 87' lang='lat' dir='ltr'><strong>enim</strong></span> <span class='ocrx_word' id='word_1_308' title='bbox 658 3096 795 3167; x_wconf 90' lang='lat' dir='ltr'><strong>ipsis</strong></span> <span class='ocrx_word' id='word_1_309' title='bbox 832 3107 1182 3166; x_wconf 88' lang='lat' dir='ltr'><strong>cooperatur,</strong></span> <span class='ocrx_word' id='word_1_310' title='bbox 1219 3113 1342 3152; x_wconf 90' lang='lat' dir='ltr'><strong>cum</strong></span> <span class='ocrx_word' id='word_1_311' title='bbox 1379 3097 1640 3152; x_wconf 90' lang='lat' dir='ltr'><strong>ordinare</strong></span> <span class='ocrx_word' id='word_1_312' title='bbox 1705 3113 1814 3153; x_wconf 89' lang='lat' dir='ltr'><strong>non</strong></span> <span class='ocrx_word' id='word_1_313' title='bbox 1864 3099 2059 3166; x_wconf 90' lang='lat' dir='ltr'><strong>possit.</strong></span> 
     </span>
    </p>
   </div>
   <div class='ocr_carea' id='block_1_48' title="bbox 484 3187 2137 3254">
    <p class='ocr_par' dir='ltr' id='par_1_48' title="bbox 484 3187 2137 3254">
     <span class='ocr_line' id='line_1_48' title="bbox 484 3187 2137 3254; baseline 0.002 -13"><span class='ocrx_word' id='word_1_314' title='bbox 484 3189 790 3244; x_wconf 83' lang='lat' dir='ltr'><strong>Consilium</strong></span> <span class='ocrx_word' id='word_1_315' title='bbox 818 3203 946 3244; x_wconf 82' lang='lat' dir='ltr'><strong>vero</strong></span> <span class='ocrx_word' id='word_1_316' title='bbox 969 3187 1063 3243; x_wconf 92' lang='lat' dir='ltr'><strong>dat</strong></span> <span class='ocrx_word' id='word_1_317' title='bbox 1094 3190 1301 3254; x_wconf 90' lang='lat' dir='ltr'><strong>solum,</strong></span> <span class='ocrx_word' id='word_1_318' title='bbox 1336 3191 1454 3245; x_wconf 88' lang='lat' dir='ltr'><strong>sive</strong></span> <span class='ocrx_word' id='word_1_319' title='bbox 1477 3191 1806 3245; x_wconf 88' lang='lat' dir='ltr'><strong>sententiam</strong></span> <span class='ocrx_word' id='word_1_320' title='bbox 1830 3189 1986 3254; x_wconf 88' lang='lat' dir='ltr'><strong>dicit,</strong></span> <span class='ocrx_word' id='word_1_321' title='bbox 2006 3196 2064 3244; x_wconf 89' lang='lat' dir='ltr'><strong>et</strong></span> <span class='ocrx_word' id='word_1_322' title='bbox 2091 3189 2137 3254; x_wconf 90' lang='lat' dir='ltr'>C</span> 
     </span>
    </p>
   </div>
   <div class='ocr_carea' id='block_1_49' title="bbox 485 3283 2068 3353">
    <p class='ocr_par' dir='ltr' id='par_1_49' title="bbox 485 3283 2068 3353">
     <span class='ocr_line' id='line_1_49' title="bbox 485 3283 2068 3353; baseline 0.002 -18"><span class='ocrx_word' id='word_1_323' title='bbox 485 3294 676 3336; x_wconf 85' lang='lat' dir='ltr'><strong>eorum</strong></span> <span class='ocrx_word' id='word_1_324' title='bbox 718 3296 839 3349; x_wconf 82' lang='lat' dir='ltr'><strong>quae</strong></span> <span class='ocrx_word' id='word_1_325' title='bbox 893 3290 1024 3335; x_wconf 88' lang='lat' dir='ltr'><strong>sunt</strong></span> <span class='ocrx_word' id='word_1_326' title='bbox 1063 3296 1280 3352; x_wconf 79' lang='lat' dir='ltr'><strong>sponsae</strong></span> <span class='ocrx_word' id='word_1_327' title='bbox 1309 3297 1499 3336; x_wconf 86' lang='lat' dir='ltr'><strong>curam</strong></span> <span class='ocrx_word' id='word_1_328' title='bbox 1550 3283 1709 3352; x_wconf 77' lang='lat' dir='ltr'><strong>gerit,</strong></span> <span class='ocrx_word' id='word_1_329' title='bbox 1767 3283 2068 3353; x_wconf 85' lang='lat' dir='ltr'><strong>possessio-</strong></span> 
     </span>
    </p>
   </div>
   <div class='ocr_carea' id='block_1_50' title="bbox 486 3361 2069 3448">
    <p class='ocr_par' dir='ltr' id='par_1_50' title="bbox 486 3361 2069 3448">
     <span class='ocr_line' id='line_1_50' title="bbox 486 3361 2069 3448; baseline -0.001 -18"><span class='ocrx_word' id='word_1_330' title='bbox 486 3392 617 3430; x_wconf 90' lang='lat' dir='ltr'><strong>num</strong></span> <span class='ocrx_word' id='word_1_331' title='bbox 650 3376 864 3432; x_wconf 87' lang='lat' dir='ltr'><strong>scilicet</strong></span> <span class='ocrx_word' id='word_1_332' title='bbox 897 3386 950 3433; x_wconf 90' lang='lat' dir='ltr'><strong>et</strong></span> <span class='ocrx_word' id='word_1_333' title='bbox 982 3377 1327 3448; x_wconf 81' lang='lat' dir='ltr'><strong>negotiorum</strong></span> <span class='ocrx_word' id='word_1_334' title='bbox 1364 3361 1752 3431; x_wconf 90' lang='lat' dir='ltr'><strong>adEeclesiam</strong></span> <span class='ocrx_word' id='word_1_335' title='bbox 1813 3383 2069 3446; x_wconf 83' lang='lat' dir='ltr'><strong>spectan-</strong></span> 
     </span>
    </p>
   </div>
   <div class='ocr_carea' id='block_1_51' title="bbox 487 3468 2067 3541">
    <p class='ocr_par' dir='ltr' id='par_1_51' title="bbox 487 3468 2067 3541">
     <span class='ocr_line' id='line_1_51' title="bbox 487 3468 2067 3541; baseline 0.001 -21"><span class='ocrx_word' id='word_1_336' title='bbox 487 3471 652 3524; x_wconf 89' lang='lat' dir='ltr'><strong>tiutn.</strong></span> <span class='ocrx_word' id='word_1_337' title='bbox 686 3468 940 3524; x_wconf 84' lang='lat' dir='ltr'><strong>Secunda</strong></span> <span class='ocrx_word' id='word_1_338' title='bbox 975 3469 1240 3526; x_wconf 86' lang='lat' dir='ltr'><strong>salutatio</strong></span> <span class='ocrx_word' id='word_1_339' title='bbox 1273 3470 1332 3523; x_wconf 86' lang='lat' dir='ltr'><strong>lit</strong></span> <span class='ocrx_word' id='word_1_340' title='bbox 1361 3486 1484 3524; x_wconf 89' lang='lat' dir='ltr'><strong>cum</strong></span> <span class='ocrx_word' id='word_1_341' title='bbox 1519 3471 1879 3541; x_wconf 77' lang='lat' dir='ltr'><strong>perﬁciuntur</strong></span> <span class='ocrx_word' id='word_1_342' title='bbox 1898 3483 2067 3539; x_wconf 86' lang='lat' dir='ltr'><strong>spon-</strong></span> 
     </span>
    </p>
   </div>
   <div class='ocr_carea' id='block_1_52' title="bbox 487 3561 2070 3634">
    <p class='ocr_par' dir='ltr' id='par_1_52' title="bbox 487 3561 2070 3634">
     <span class='ocr_line' id='line_1_52' title="bbox 487 3561 2070 3634; baseline 0.001 -20"><span class='ocrx_word' id='word_1_343' title='bbox 487 3561 646 3627; x_wconf 88' lang='lat' dir='ltr'><strong>salia,</strong></span> <span class='ocrx_word' id='word_1_344' title='bbox 707 3562 983 3633; x_wconf 83' lang='lat' dir='ltr'><strong>traditque</strong></span> <span class='ocrx_word' id='word_1_345' title='bbox 1038 3577 1279 3634; x_wconf 86' lang='lat' dir='ltr'><strong>sponsus</strong></span> <span class='ocrx_word' id='word_1_346' title='bbox 1341 3574 1396 3618; x_wconf 89' lang='lat' dir='ltr'><strong>et</strong></span> <span class='ocrx_word' id='word_1_347' title='bbox 1452 3563 1653 3634; x_wconf 87' lang='lat' dir='ltr'><strong>accipit</strong></span> <span class='ocrx_word' id='word_1_348' title='bbox 1722 3563 1962 3632; x_wconf 75' lang='lat' dir='ltr'><strong>pignora“</strong></span> <span class='ocrx_word' id='word_1_349' title='bbox 2015 3573 2070 3616; x_wconf 90' lang='lat' dir='ltr'><strong>et</strong></span> 
     </span>
    </p>
   </div>
   <div class='ocr_carea' id='block_1_53' title="bbox 488 3656 2067 3724">
    <p class='ocr_par' dir='ltr' id='par_1_53' title="bbox 488 3656 2067 3724">
     <span class='ocr_line' id='line_1_53' title="bbox 488 3656 2067 3724; baseline 0.002 -16"><span class='ocrx_word' id='word_1_350' title='bbox 488 3667 706 3711; x_wconf 84' lang='lat' dir='ltr'><strong>mutuas</strong></span> <span class='ocrx_word' id='word_1_351' title='bbox 736 3657 1063 3712; x_wconf 85' lang='lat' dir='ltr'><strong>donationes</strong></span> <span class='ocrx_word' id='word_1_352' title='bbox 1092 3667 1220 3712; x_wconf 85' lang='lat' dir='ltr'><strong>ante</strong></span> <span class='ocrx_word' id='word_1_353' title='bbox 1253 3658 1666 3712; x_wconf 88' lang='lat' dir='ltr'><strong>matrimonium</strong></span> <span class='ocrx_word' id='word_1_354' title='bbox 1706 3656 1818 3710; x_wconf 83' lang='lat' dir='ltr'><strong>ﬁeri</strong></span> <span class='ocrx_word' id='word_1_355' title='bbox 1853 3657 2067 3724; x_wconf 90' lang='lat' dir='ltr'><strong>solitas,</strong></span> 
     </span>
    </p>
   </div>
   <div class='ocr_carea' id='block_1_54' title="bbox 485 3749 2070 3820">
    <p class='ocr_par' dir='ltr' id='par_1_54' title="bbox 485 3749 2070 3820">
     <span class='ocr_line' id='line_1_54' title="bbox 485 3749 2070 3820; baseline 0 -18"><span class='ocrx_word' id='word_1_356' title='bbox 485 3766 660 3817; x_wconf 81' lang='lat' dir='ltr'><strong>eaque</strong></span> <span class='ocrx_word' id='word_1_357' title='bbox 686 3750 793 3817; x_wconf 73' lang='lat' dir='ltr'><strong>agit</strong></span> <span class='ocrx_word' id='word_1_358' title='bbox 819 3765 940 3817; x_wconf 73' lang='lat' dir='ltr'><strong>qua:</strong></span> <span class='ocrx_word' id='word_1_359' title='bbox 973 3749 1120 3804; x_wconf 86' lang='lat' dir='ltr'><strong>Patri</strong></span> <span class='ocrx_word' id='word_1_360' title='bbox 1152 3751 1510 3810; x_wconf 74' lang='lat' dir='ltr'><strong>conveniunt,</strong></span> <span class='ocrx_word' id='word_1_361' title='bbox 1542 3758 1596 3803; x_wconf 88' lang='lat' dir='ltr'><strong>ct</strong></span> <span class='ocrx_word' id='word_1_362' title='bbox 1645 3751 1710 3803; x_wconf 78' lang='lat' dir='ltr'><strong>ad</strong></span> <span class='ocrx_word' id='word_1_363' title='bbox 1753 3753 1932 3820; x_wconf 88' lang='lat' dir='ltr'><strong>ipsum</strong></span> <span class='ocrx_word' id='word_1_364' title='bbox 1985 3765 2070 3802; x_wconf 80' lang='lat' dir='ltr'><strong>re-</strong></span> 
     </span>
    </p>
   </div>
   <div class='ocr_carea' id='block_1_55' title="bbox 488 3841 2070 3912">
    <p class='ocr_par' dir='ltr' id='par_1_55' title="bbox 488 3841 2070 3912">
     <span class='ocr_line' id='line_1_55' title="bbox 488 3841 2070 3912; baseline 0.002 -20"><span class='ocrx_word' id='word_1_365' title='bbox 488 3842 763 3907; x_wconf 78' lang='lat' dir='ltr'><strong>feruntur,</strong></span> <span class='ocrx_word' id='word_1_366' title='bbox 801 3843 968 3897; x_wconf 84' lang='lat' dir='ltr'><strong>veluti</strong></span> <span class='ocrx_word' id='word_1_367' title='bbox 1021 3842 1164 3912; x_wconf 86' lang='lat' dir='ltr'><strong>quod</strong></span> <span class='ocrx_word' id='word_1_368' title='bbox 1226 3853 1430 3896; x_wconf 90' lang='lat' dir='ltr'><strong>rectam</strong></span> <span class='ocrx_word' id='word_1_369' title='bbox 1471 3841 1632 3896; x_wconf 76' lang='lat' dir='ltr'><strong>(idem</strong></span> <span class='ocrx_word' id='word_1_370' title='bbox 1677 3842 1988 3904; x_wconf 77' lang='lat' dir='ltr'><strong>confessus,</strong></span> <span class='ocrx_word' id='word_1_371' title='bbox 2018 3853 2070 3895; x_wconf 89' lang='lat' dir='ltr'><strong>et</strong></span> 
     </span>
    </p>
   </div>
   <div class='ocr_carea' id='block_1_56' title="bbox 485 3932 2068 3989">
    <p class='ocr_par' dir='ltr' id='par_1_56' title="bbox 485 3932 2068 3989">
     <span class='ocr_line' id='line_1_56' title="bbox 485 3932 2068 3989; baseline -0.001 -1"><span class='ocrx_word' id='word_1_372' title='bbox 485 3935 850 3988; x_wconf 84' lang='lat' dir='ltr'><strong>oeconomiam</strong></span> <span class='ocrx_word' id='word_1_373' title='bbox 879 3934 982 3988; x_wconf 85' lang='lat' dir='ltr'><strong>sibi</strong></span> <span class='ocrx_word' id='word_1_374' title='bbox 1013 3934 1277 3988; x_wconf 87' lang='lat' dir='ltr'><strong>creditam</strong></span> <span class='ocrx_word' id='word_1_375' title='bbox 1306 3949 1366 3989; x_wconf 79' lang='lat' dir='ltr'><strong>se</strong></span> <span class='ocrx_word' id='word_1_376' title='bbox 1392 3935 1527 3988; x_wconf 88' lang='lat' dir='ltr'><strong>bene</strong></span> <span class='ocrx_word' id='word_1_377' title='bbox 1551 3932 2068 3987; x_wconf 86' lang='lat' dir='ltr'><strong>administraturum</strong></span> 
     </span>
    </p>
   </div>
   <div class='ocr_carea' id='block_1_57' title="bbox 486 4022 2072 4094">
    <p class='ocr_par' dir='ltr' id='par_1_57' title="bbox 486 4022 2072 4094">
     <span class='ocr_line' id='line_1_57' title="bbox 486 4022 2072 4094; baseline -0.003 -17"><span class='ocrx_word' id='word_1_378' title='bbox 486 4025 704 4080; x_wconf 86' lang='lat' dir='ltr'><strong>sincere</strong></span> <span class='ocrx_word' id='word_1_379' title='bbox 743 4025 1023 4093; x_wconf 87' lang='lat' dir='ltr'><strong>pollicitus</strong></span> <span class='ocrx_word' id='word_1_380' title='bbox 1049 4024 1320 4094; x_wconf 86' lang='lat' dir='ltr'><strong>primitias</strong></span> <span class='ocrx_word' id='word_1_381' title='bbox 1353 4022 1691 4078; x_wconf 87' lang='lat' dir='ltr'><strong>matrimonii</strong></span> <span class='ocrx_word' id='word_1_382' title='bbox 1727 4022 1984 4090; x_wconf 89' lang='lat' dir='ltr'><strong>accipiat,</strong></span> <span class='ocrx_word' id='word_1_383' title='bbox 2018 4031 2072 4074; x_wconf 85' lang='lat' dir='ltr'><strong>et</strong></span> 
     </span>
    </p>
   </div>
   <div class='ocr_carea' id='block_1_58' title="bbox 488 4115 2068 4187">
    <p class='ocr_par' dir='ltr' id='par_1_58' title="bbox 488 4115 2068 4187">
     <span class='ocr_line' id='line_1_58' title="bbox 488 4115 2068 4187; baseline -0.001 -17"><span class='ocrx_word' id='word_1_384' title='bbox 488 4119 540 4170; x_wconf 89' lang='lat' dir='ltr'><strong>in</strong></span> <span class='ocrx_word' id='word_1_385' title='bbox 584 4117 730 4171; x_wconf 89' lang='lat' dir='ltr'><strong>illius</strong></span> <span class='ocrx_word' id='word_1_386' title='bbox 768 4119 1174 4187; x_wconf 85' lang='lat' dir='ltr'><strong>possessionem</strong></span> <span class='ocrx_word' id='word_1_387' title='bbox 1219 4133 1316 4187; x_wconf 89' lang='lat' dir='ltr'><strong>per</strong></span> <span class='ocrx_word' id='word_1_388' title='bbox 1359 4133 1587 4185; x_wconf 85' lang='lat' dir='ltr'><strong>parvum</strong></span> <span class='ocrx_word' id='word_1_389' title='bbox 1625 4116 1867 4184; x_wconf 78' lang='lat' dir='ltr'><strong>sigillum</strong></span> <span class='ocrx_word' id='word_1_390' title='bbox 1903 4115 2068 4169; x_wconf 81' lang='lat' dir='ltr'><strong>Veluti</strong></span> 
     </span>
    </p>
   </div>
   <div class='ocr_carea' id='block_1_59' title="bbox 487 4207 2067 4277">
    <p class='ocr_par' dir='ltr' id='par_1_59' title="bbox 487 4207 2067 4277">
     <span class='ocr_line' id='line_1_59' title="bbox 487 4207 2067 4277; baseline -0.003 -15"><span class='ocrx_word' id='word_1_391' title='bbox 487 4225 583 4277; x_wconf 91' lang='lat' dir='ltr'><strong>per</strong></span> <span class='ocrx_word' id='word_1_392' title='bbox 608 4210 970 4262; x_wconf 71' lang='lat' dir='ltr'><strong>art-bubonem</strong></span> <span class='ocrx_word' id='word_1_393' title='bbox 1029 4209 1298 4262; x_wconf 85' lang='lat' dir='ltr'><strong>mittatur.</strong></span> <span class='ocrx_word' id='word_1_394' title='bbox 1371 4207 1525 4262; x_wconf 88' lang='lat' dir='ltr'><strong>Tunc</strong></span> <span class='ocrx_word' id='word_1_395' title='bbox 1585 4210 1731 4260; x_wconf 90' lang='lat' dir='ltr'><strong>enim</strong></span> <span class='ocrx_word' id='word_1_396' title='bbox 1790 4207 1910 4261; x_wconf 88' lang='lat' dir='ltr'><strong>sine</strong></span> <span class='ocrx_word' id='word_1_397' title='bbox 1964 4222 2067 4259; x_wconf 89' lang='lat' dir='ltr'><strong>un-</strong></span> 
     </span>
    </p>
   </div>
   <div class='ocr_carea' id='block_1_60' title="bbox 491 4298 2072 4371">
    <p class='ocr_par' dir='ltr' id='par_1_60' title="bbox 491 4298 2072 4371">
     <span class='ocr_line' id='line_1_60' title="bbox 491 4298 2072 4371; baseline -0.002 -17"><span class='ocrx_word' id='word_1_398' title='bbox 491 4312 694 4371; x_wconf 77' lang='lat' dir='ltr'><strong>guento</strong></span> <span class='ocrx_word' id='word_1_399' title='bbox 733 4311 787 4354; x_wconf 85' lang='lat' dir='ltr'><strong>et</strong></span> <span class='ocrx_word' id='word_1_400' title='bbox 819 4303 1002 4354; x_wconf 84' lang='lat' dir='ltr'><strong>sullitu</strong></span> <span class='ocrx_word' id='word_1_401' title='bbox 1039 4301 1291 4356; x_wconf 85' lang='lat' dir='ltr'><strong>osculum</strong></span> <span class='ocrx_word' id='word_1_402' title='bbox 1319 4300 1469 4354; x_wconf 82' lang='lat' dir='ltr'><strong>facit.</strong></span> <span class='ocrx_word' id='word_1_403' title='bbox 1510 4298 1774 4354; x_wconf 82' lang='lat' dir='ltr'><strong>Osculum</strong></span> <span class='ocrx_word' id='word_1_404' title='bbox 1799 4313 1928 4352; x_wconf 81' lang='lat' dir='ltr'><strong>vero</strong></span> <span class='ocrx_word' id='word_1_405' title='bbox 1983 4314 2072 4352; x_wconf 91' lang='lat' dir='ltr'><strong>or-</strong></span> 
     </span>
    </p>
   </div>
   <div class='ocr_carea' id='block_1_61' title="bbox 487 4390 2069 4461">
    <p class='ocr_par' dir='ltr' id='par_1_61' title="bbox 487 4390 2069 4461">
     <span class='ocr_line' id='line_1_61' title="bbox 487 4390 2069 4461; baseline -0.002 -13"><span class='ocrx_word' id='word_1_406' title='bbox 487 4393 797 4448; x_wconf 84' lang='lat' dir='ltr'><strong>dinationis</strong></span> <span class='ocrx_word' id='word_1_407' title='bbox 827 4391 972 4461; x_wconf 90' lang='lat' dir='ltr'><strong>quod</strong></span> <span class='ocrx_word' id='word_1_408' title='bbox 1006 4391 1062 4444; x_wconf 86' lang='lat' dir='ltr'><strong>lit</strong></span> <span class='ocrx_word' id='word_1_409' title='bbox 1091 4392 1142 4444; x_wconf 89' lang='lat' dir='ltr'><strong>in</strong></span> <span class='ocrx_word' id='word_1_410' title='bbox 1188 4391 1511 4445; x_wconf 85' lang='lat' dir='ltr'><strong>sanctuario</strong></span> <span class='ocrx_word' id='word_1_411' title='bbox 1571 4390 2069 4446; x_wconf 76' lang='lat' dir='ltr'><strong>consmnmativum</strong></span> 
     </span>
    </p>
   </div>
   <div class='ocr_carea' id='block_1_62' title="bbox 488 4481 2070 4552">
    <p class='ocr_par' dir='ltr' id='par_1_62' title="bbox 488 4481 2070 4552">
     <span class='ocr_line' id='line_1_62' title="bbox 488 4481 2070 4552; baseline 0.001 -17"><span class='ocrx_word' id='word_1_412' title='bbox 488 4496 572 4538; x_wconf 77' lang='lat' dir='ltr'><strong>cst</strong></span> <span class='ocrx_word' id='word_1_413' title='bbox 603 4495 656 4538; x_wconf 88' lang='lat' dir='ltr'><strong>et</strong></span> <span class='ocrx_word' id='word_1_414' title='bbox 681 4483 1089 4538; x_wconf 83' lang='lat' dir='ltr'><strong>matrimoniiet</strong></span> <span class='ocrx_word' id='word_1_415' title='bbox 1141 4483 1386 4548; x_wconf 88' lang='lat' dir='ltr'><strong>unionis,</strong></span> <span class='ocrx_word' id='word_1_416' title='bbox 1420 4483 1549 4552; x_wconf 83' lang='lat' dir='ltr'><strong>quia</strong></span> <span class='ocrx_word' id='word_1_417' title='bbox 1605 4481 1688 4535; x_wconf 80' lang='lat' dir='ltr'><strong>vir</strong></span> <span class='ocrx_word' id='word_1_418' title='bbox 1734 4490 1788 4535; x_wconf 89' lang='lat' dir='ltr'><strong>et</strong></span> <span class='ocrx_word' id='word_1_419' title='bbox 1839 4481 2070 4536; x_wconf 87' lang='lat' dir='ltr'><strong>maritus</strong></span> 
     </span>
    </p>
   </div>
   <div class='ocr_carea' id='block_1_63' title="bbox 490 4573 2071 4641">
    <p class='ocr_par' dir='ltr' id='par_1_63' title="bbox 490 4573 2071 4641">
     <span class='ocr_line' id='line_1_63' title="bbox 490 4573 2071 4641; baseline 0 -11"><span class='ocrx_word' id='word_1_420' title='bbox 490 4577 749 4631; x_wconf 72' lang='lat' dir='ltr'><strong>Ecclesia:</strong></span> <span class='ocrx_word' id='word_1_421' title='bbox 789 4577 1172 4632; x_wconf 89' lang='lat' dir='ltr'><strong>constituitur.</strong></span> <span class='ocrx_word' id='word_1_422' title='bbox 1214 4573 1320 4630; x_wconf 89' lang='lat' dir='ltr'><strong>Sed</strong></span> <span class='ocrx_word' id='word_1_423' title='bbox 1350 4577 1417 4631; x_wconf 90' lang='lat' dir='ltr'><strong>de</strong></span> <span class='ocrx_word' id='word_1_424' title='bbox 1457 4589 1520 4630; x_wconf 89' lang='lat' dir='ltr'><strong>eo</strong></span> <span class='ocrx_word' id='word_1_425' title='bbox 1563 4575 1768 4631; x_wconf 88' lang='lat' dir='ltr'><strong>dictum</strong></span> <span class='ocrx_word' id='word_1_426' title='bbox 1801 4585 1908 4641; x_wconf 87' lang='lat' dir='ltr'><strong>est,</strong></span> <span class='ocrx_word' id='word_1_427' title='bbox 1948 4591 2071 4630; x_wconf 87' lang='lat' dir='ltr'><strong>cum</strong></span> 
     </span>
    </p>
   </div>
   <div class='ocr_carea' id='block_1_64' title="bbox 490 4667 2074 4724">
    <p class='ocr_par' dir='ltr' id='par_1_64' title="bbox 490 4667 2074 4724">
     <span class='ocr_line' id='line_1_64' title="bbox 490 4667 2074 4724; baseline 0 -2"><span class='ocrx_word' id='word_1_428' title='bbox 490 4672 555 4722; x_wconf 84' lang='lat' dir='ltr'><strong>de</strong></span> <span class='ocrx_word' id='word_1_429' title='bbox 576 4668 930 4723; x_wconf 86' lang='lat' dir='ltr'><strong>ordinatione</strong></span> <span class='ocrx_word' id='word_1_430' title='bbox 966 4669 1129 4723; x_wconf 78' lang='lat' dir='ltr'><strong>verba</strong></span> <span class='ocrx_word' id='word_1_431' title='bbox 1165 4668 1492 4723; x_wconf 82' lang='lat' dir='ltr'><strong>faceremus.</strong></span> <span class='ocrx_word' id='word_1_432' title='bbox 1529 4667 1687 4722; x_wconf 85' lang='lat' dir='ltr'><strong>Nunc</strong></span> <span class='ocrx_word' id='word_1_433' title='bbox 1738 4676 1924 4722; x_wconf 82' lang='lat' dir='ltr'><strong>autem</strong></span> <span class='ocrx_word' id='word_1_434' title='bbox 1966 4677 2074 4724; x_wconf 87' lang='lat' dir='ltr'><strong>ter-</strong></span> 
     </span>
    </p>
   </div>
   <div class='ocr_carea' id='block_1_65' title="bbox 491 4759 2074 4830">
    <p class='ocr_par' dir='ltr' id='par_1_65' title="bbox 491 4759 2074 4830">
     <span class='ocr_line' id='line_1_65' title="bbox 491 4759 2074 4830; baseline 0.004 -20"><span class='ocrx_word' id='word_1_435' title='bbox 491 4763 623 4815; x_wconf 89' lang='lat' dir='ltr'><strong>tium</strong></span> <span class='ocrx_word' id='word_1_436' title='bbox 658 4761 892 4816; x_wconf 87' lang='lat' dir='ltr'><strong>dicimus</strong></span> <span class='ocrx_word' id='word_1_437' title='bbox 920 4760 1052 4814; x_wconf 86' lang='lat' dir='ltr'><strong>illud</strong></span> <span class='ocrx_word' id='word_1_438' title='bbox 1075 4761 1222 4830; x_wconf 84' lang='lat' dir='ltr'><strong>quod</strong></span> <span class='ocrx_word' id='word_1_439' title='bbox 1253 4762 1308 4814; x_wconf 91' lang='lat' dir='ltr'><strong>lit</strong></span> <span class='ocrx_word' id='word_1_440' title='bbox 1331 4771 1487 4815; x_wconf 73' lang='lat' dir='ltr'><strong>extra</strong></span> <span class='ocrx_word' id='word_1_441' title='bbox 1531 4759 1935 4825; x_wconf 87' lang='lat' dir='ltr'><strong>sanctuarium,</strong></span> <span class='ocrx_word' id='word_1_442' title='bbox 1961 4762 2074 4817; x_wconf 83' lang='lat' dir='ltr'><strong>sic-</strong></span> 
     </span>
    </p>
   </div>
   <div class='ocr_carea' id='block_1_66' title="bbox 491 4852 2073 4923">
    <p class='ocr_par' dir='ltr' id='par_1_66' title="bbox 491 4852 2073 4923">
     <span class='ocr_line' id='line_1_66' title="bbox 491 4852 2073 4923; baseline -0.001 -18"><span class='ocrx_word' id='word_1_443' title='bbox 491 4864 548 4908; x_wconf 90' lang='lat' dir='ltr'><strong>ut</strong></span> <span class='ocrx_word' id='word_1_444' title='bbox 578 4865 634 4910; x_wconf 89' lang='lat' dir='ltr'><strong>et</strong></span> <span class='ocrx_word' id='word_1_445' title='bbox 669 4852 776 4908; x_wconf 84' lang='lat' dir='ltr'><strong>alia</strong></span> <span class='ocrx_word' id='word_1_446' title='bbox 829 4854 1038 4918; x_wconf 84' lang='lat' dir='ltr'><strong>oscula,</strong></span> <span class='ocrx_word' id='word_1_447' title='bbox 1075 4853 1204 4907; x_wconf 88' lang='lat' dir='ltr'><strong>illud</strong></span> <span class='ocrx_word' id='word_1_448' title='bbox 1250 4867 1446 4922; x_wconf 89' lang='lat' dir='ltr'><strong>nempe</strong></span> <span class='ocrx_word' id='word_1_449' title='bbox 1468 4853 1610 4921; x_wconf 86' lang='lat' dir='ltr'><strong>quod</strong></span> <span class='ocrx_word' id='word_1_450' title='bbox 1639 4853 1698 4907; x_wconf 81' lang='lat' dir='ltr'><strong>ﬁt</strong></span> <span class='ocrx_word' id='word_1_451' title='bbox 1758 4853 1810 4906; x_wconf 92' lang='lat' dir='ltr'><strong>in</strong></span> <span class='ocrx_word' id='word_1_452' title='bbox 1844 4855 2073 4923; x_wconf 84' lang='lat' dir='ltr'><strong>synodo,</strong></span> 
     </span>
    </p>
   </div>
   <div class='ocr_carea' id='block_1_67' title="bbox 489 4946 2074 5017">
    <p class='ocr_par' dir='ltr' id='par_1_67' title="bbox 489 4946 2074 5017">
     <span class='ocr_line' id='line_1_67' title="bbox 489 4946 2074 5017; baseline 0 -16"><span class='ocrx_word' id='word_1_453' title='bbox 489 4957 689 5017; x_wconf 81' lang='lat' dir='ltr'><strong>etpost</strong></span> <span class='ocrx_word' id='word_1_454' title='bbox 730 4946 1160 5010; x_wconf 83' lang='lat' dir='ltr'><strong>ordinationem,</strong></span> <span class='ocrx_word' id='word_1_455' title='bbox 1212 4960 1335 5000; x_wconf 90' lang='lat' dir='ltr'><strong>eum</strong></span> <span class='ocrx_word' id='word_1_456' title='bbox 1388 4961 1580 5002; x_wconf 88' lang='lat' dir='ltr'><strong>recens</strong></span> <span class='ocrx_word' id='word_1_457' title='bbox 1637 4946 1926 5002; x_wconf 90' lang='lat' dir='ltr'><strong>ordinatus</strong></span> <span class='ocrx_word' id='word_1_458' title='bbox 1980 4963 2074 5001; x_wconf 78' lang='lat' dir='ltr'><strong>ve-</strong></span> 
     </span>
    </p>
   </div>
   <div class='ocr_carea' id='block_1_68' title="bbox 493 5028 2076 5107">
    <p class='ocr_par' dir='ltr' id='par_1_68' title="bbox 493 5028 2076 5107">
     <span class='ocr_line' id='line_1_68' title="bbox 493 5028 2076 5107; baseline 0 -15"><span class='ocrx_word' id='word_1_459' title='bbox 493 5040 649 5094; x_wconf 86' lang='lat' dir='ltr'><strong>niens</strong></span> <span class='ocrx_word' id='word_1_460' title='bbox 687 5038 1010 5094; x_wconf 88' lang='lat' dir='ltr'><strong>sedentibus</strong></span> <span class='ocrx_word' id='word_1_461' title='bbox 1062 5038 1482 5106; x_wconf 85' lang='lat' dir='ltr'><strong>archiepiscopo</strong></span> <span class='ocrx_word' id='word_1_462' title='bbox 1542 5047 1600 5092; x_wconf 90' lang='lat' dir='ltr'><strong>et</strong></span> <span class='ocrx_word' id='word_1_463' title='bbox 1659 5028 1934 5107; x_wconf 86' lang='lat' dir='ltr'><strong>episcopis</strong></span> <span class='ocrx_word' id='word_1_464' title='bbox 1991 5047 2076 5092; x_wconf 90' lang='lat' dir='ltr'><strong>ter</strong></span> 
     </span>
    </p>
   </div>
   <div class='ocr_carea' id='block_1_69' title="bbox 491 5130 2074 5199">
    <p class='ocr_par' dir='ltr' id='par_1_69' title="bbox 491 5130 2074 5199">
     <span class='ocr_line' id='line_1_69' title="bbox 491 5130 2074 5199; baseline -0.001 -13"><span class='ocrx_word' id='word_1_465' title='bbox 491 5147 613 5186; x_wconf 89' lang='lat' dir='ltr'><strong>sese</strong></span> <span class='ocrx_word' id='word_1_466' title='bbox 639 5130 943 5198; x_wconf 75' lang='lat' dir='ltr'><strong>prosternit</strong></span> <span class='ocrx_word' id='word_1_467' title='bbox 973 5145 1160 5185; x_wconf 87' lang='lat' dir='ltr'><strong>coram</strong></span> <span class='ocrx_word' id='word_1_468' title='bbox 1199 5145 1396 5197; x_wconf 82' lang='lat' dir='ltr'><strong>magno</strong></span> <span class='ocrx_word' id='word_1_469' title='bbox 1432 5130 1711 5199; x_wconf 81' lang='lat' dir='ltr'><strong>pontiﬁce,</strong></span> <span class='ocrx_word' id='word_1_470' title='bbox 1752 5139 1810 5184; x_wconf 93' lang='lat' dir='ltr'><strong>ut</strong></span> <span class='ocrx_word' id='word_1_471' title='bbox 1841 5130 2074 5199; x_wconf 85' lang='lat' dir='ltr'><strong>subjec-</strong></span> 
     </span>
    </p>
   </div>
   <div class='ocr_carea' id='block_1_70' title="bbox 494 5223 2072 5284">
    <p class='ocr_par' dir='ltr' id='par_1_70' title="bbox 494 5223 2072 5284">
     <span class='ocr_line' id='line_1_70' title="bbox 494 5223 2072 5284; baseline 0.001 -9"><span class='ocrx_word' id='word_1_472' title='bbox 494 5225 696 5278; x_wconf 84' lang='lat' dir='ltr'><strong>tionem</strong></span> <span class='ocrx_word' id='word_1_473' title='bbox 760 5240 916 5278; x_wconf 88' lang='lat' dir='ltr'><strong>suam</strong></span> <span class='ocrx_word' id='word_1_474' title='bbox 959 5225 1325 5284; x_wconf 86' lang='lat' dir='ltr'><strong>demonstret,</strong></span> <span class='ocrx_word' id='word_1_475' title='bbox 1359 5235 1411 5278; x_wconf 89' lang='lat' dir='ltr'><strong>et</strong></span> <span class='ocrx_word' id='word_1_476' title='bbox 1459 5223 1783 5278; x_wconf 89' lang='lat' dir='ltr'><strong>Trinitatem</strong></span> <span class='ocrx_word' id='word_1_477' title='bbox 1821 5223 2072 5278; x_wconf 83' lang='lat' dir='ltr'><strong>honoret.</strong></span> 
     </span>
    </p>
   </div>
   <div class='ocr_carea' id='block_1_71' title="bbox 493 5316 2074 5387">
    <p class='ocr_par' dir='ltr' id='par_1_71' title="bbox 493 5316 2074 5387">
     <span class='ocr_line' id='line_1_71' title="bbox 493 5316 2074 5387; baseline 0.001 -19"><span class='ocrx_word' id='word_1_478' title='bbox 493 5319 694 5371; x_wconf 80' lang='lat' dir='ltr'><strong>l‘ustea</strong></span> <span class='ocrx_word' id='word_1_479' title='bbox 727 5329 987 5387; x_wconf 73' lang='lat' dir='ltr'><strong>surgente</strong></span> <span class='ocrx_word' id='word_1_480' title='bbox 1025 5317 1305 5384; x_wconf 89' lang='lat' dir='ltr'><strong>paululum</strong></span> <span class='ocrx_word' id='word_1_481' title='bbox 1337 5316 1775 5384; x_wconf 87' lang='lat' dir='ltr'><strong>archiepiscopo,</strong></span> <span class='ocrx_word' id='word_1_482' title='bbox 1815 5328 1872 5372; x_wconf 89' lang='lat' dir='ltr'><strong>ut</strong></span> <span class='ocrx_word' id='word_1_483' title='bbox 1899 5319 2074 5386; x_wconf 88' lang='lat' dir='ltr'><strong>ipsum</strong></span> 
     </span>
    </p>
   </div>
   <div class='ocr_carea' id='block_1_72' title="bbox 495 5408 2076 5481">
    <p class='ocr_par' dir='ltr' id='par_1_72' title="bbox 495 5408 2076 5481">
     <span class='ocr_line' id='line_1_72' title="bbox 495 5408 2076 5481; baseline 0 -19"><span class='ocrx_word' id='word_1_484' title='bbox 495 5414 724 5463; x_wconf 79' lang='lat' dir='ltr'><strong>honoret</strong></span> <span class='ocrx_word' id='word_1_485' title='bbox 753 5411 893 5462; x_wconf 81' lang='lat' dir='ltr'><strong>velut</strong></span> <span class='ocrx_word' id='word_1_486' title='bbox 929 5411 1274 5481; x_wconf 83' lang='lat' dir='ltr'><strong>episcOpum,</strong></span> <span class='ocrx_word' id='word_1_487' title='bbox 1308 5408 1590 5463; x_wconf 83' lang='lat' dir='ltr'><strong>stantibus</strong></span> <span class='ocrx_word' id='word_1_488' title='bbox 1617 5423 1749 5463; x_wconf 81' lang='lat' dir='ltr'><strong>vero</strong></span> <span class='ocrx_word' id='word_1_489' title='bbox 1781 5409 1905 5463; x_wconf 89' lang='lat' dir='ltr'><strong>aliis</strong></span> <span class='ocrx_word' id='word_1_490' title='bbox 1963 5410 2076 5477; x_wconf 90' lang='lat' dir='ltr'><strong>epi-</strong></span> 
     </span>
    </p>
   </div>
   <div class='ocr_carea' id='block_1_73' title="bbox 492 5501 2078 5578">
    <p class='ocr_par' dir='ltr' id='par_1_73' title="bbox 492 5501 2078 5578">
     <span class='ocr_line' id='line_1_73' title="bbox 492 5501 2078 5578; baseline 0 -23"><span class='ocrx_word' id='word_1_491' title='bbox 492 5507 701 5578; x_wconf 57' lang='lat' dir='ltr'><strong>scopjs,</strong></span> <span class='ocrx_word' id='word_1_492' title='bbox 734 5503 962 5570; x_wconf 73' lang='lat' dir='ltr'><strong>thuulis</strong></span> <span class='ocrx_word' id='word_1_493' title='bbox 993 5504 1136 5555; x_wconf 91' lang='lat' dir='ltr'><strong>enim</strong></span> <span class='ocrx_word' id='word_1_494' title='bbox 1167 5512 1250 5555; x_wconf 85' lang='lat' dir='ltr'><strong>est</strong></span> <span class='ocrx_word' id='word_1_495' title='bbox 1282 5503 1384 5564; x_wconf 88' lang='lat' dir='ltr'><strong>eis,</strong></span> <span class='ocrx_word' id='word_1_496' title='bbox 1429 5515 1482 5555; x_wconf 89' lang='lat' dir='ltr'><strong>et</strong></span> <span class='ocrx_word' id='word_1_497' title='bbox 1535 5501 1780 5570; x_wconf 80' lang='lat' dir='ltr'><strong>ejusdem</strong></span> <span class='ocrx_word' id='word_1_498' title='bbox 1833 5501 2078 5567; x_wconf 88' lang='lat' dir='ltr'><strong>honoris,</strong></span> 
     </span>
    </p>
   </div>
   <div class='ocr_carea' id='block_1_74' title="bbox 494 5594 2080 5660">
    <p class='ocr_par' dir='ltr' id='par_1_74' title="bbox 494 5594 2080 5660">
     <span class='ocr_line' id='line_1_74' title="bbox 494 5594 2080 5660; baseline 0.002 -14"><span class='ocrx_word' id='word_1_499' title='bbox 494 5595 706 5649; x_wconf 80' lang='lat' dir='ltr'><strong>accedit</strong></span> <span class='ocrx_word' id='word_1_500' title='bbox 760 5605 813 5647; x_wconf 89' lang='lat' dir='ltr'><strong>et</strong></span> <span class='ocrx_word' id='word_1_501' title='bbox 854 5607 1175 5647; x_wconf 87' lang='lat' dir='ltr'><strong>consuetam</strong></span> <span class='ocrx_word' id='word_1_502' title='bbox 1228 5595 1359 5648; x_wconf 77' lang='lat' dir='ltr'><strong>facit</strong></span> <span class='ocrx_word' id='word_1_503' title='bbox 1408 5595 1830 5660; x_wconf 85' lang='lat' dir='ltr'><strong>salutationem;</strong></span> <span class='ocrx_word' id='word_1_504' title='bbox 1868 5594 2080 5649; x_wconf 85' lang='lat' dir='ltr'><strong>archie-</strong></span> 
     </span>
    </p>
   </div>
   <div class='ocr_carea' id='block_1_75' title="bbox 495 5688 2075 5758">
    <p class='ocr_par' dir='ltr' id='par_1_75' title="bbox 495 5688 2075 5758">
     <span class='ocr_line' id='line_1_75' title="bbox 495 5688 2075 5758; baseline 0.001 -18"><span class='ocrx_word' id='word_1_505' title='bbox 495 5689 701 5758; x_wconf 73' lang='lat' dir='ltr'><strong>piscopi</strong></span> <span class='ocrx_word' id='word_1_506' title='bbox 737 5688 952 5740; x_wconf 78' lang='lat' dir='ltr'><strong>scilicet</strong></span> <span class='ocrx_word' id='word_1_507' title='bbox 988 5702 1154 5753; x_wconf 77' lang='lat' dir='ltr'><strong>genu,</strong></span> <span class='ocrx_word' id='word_1_508' title='bbox 1197 5704 1416 5740; x_wconf 87' lang='lat' dir='ltr'><strong>manum</strong></span> <span class='ocrx_word' id='word_1_509' title='bbox 1452 5700 1506 5742; x_wconf 88' lang='lat' dir='ltr'><strong>et</strong></span> <span class='ocrx_word' id='word_1_510' title='bbox 1533 5705 1726 5758; x_wconf 81' lang='lat' dir='ltr'><strong>genam</strong></span> <span class='ocrx_word' id='word_1_511' title='bbox 1759 5691 2075 5754; x_wconf 82' lang='lat' dir='ltr'><strong>osculatur;</strong></span> 
     </span>
    </p>
   </div>
   <div class='ocr_carea' id='block_1_76' title="bbox 498 5765 2078 5855">
    <p class='ocr_par' dir='ltr' id='par_1_76' title="bbox 498 5765 2078 5855">
     <span class='ocr_line' id='line_1_76' title="bbox 498 5765 2078 5855; baseline -0.008 -16"><span class='ocrx_word' id='word_1_512' title='bbox 498 5781 786 5855; x_wconf 58' lang='lat' dir='ltr'><strong>cpiscopus</strong></span> <span class='ocrx_word' id='word_1_513' title='bbox 820 5795 945 5834; x_wconf 72' lang='lat' dir='ltr'><strong>vero</strong></span> <span class='ocrx_word' id='word_1_514' title='bbox 971 5791 1182 5838; x_wconf 85' lang='lat' dir='ltr'><strong>stantes</strong></span> <span class='ocrx_word' id='word_1_515' title='bbox 1220 5765 1272 5837; x_wconf 85' lang='lat' dir='ltr'><strong>in</strong></span> <span class='ocrx_word' id='word_1_516' title='bbox 1306 5797 1419 5838; x_wconf 85' lang='lat' dir='ltr'><strong>ore.</strong></span> <span class='ocrx_word' id='word_1_517' title='bbox 1457 5781 1567 5840; x_wconf 86' lang='lat' dir='ltr'><strong>lloc</strong></span> <span class='ocrx_word' id='word_1_518' title='bbox 1606 5790 1827 5853; x_wconf 74' lang='lat' dir='ltr'><strong>peran</strong></span> <span class='ocrx_word' id='word_1_519' title='bbox 1880 5783 2078 5839; x_wconf 67' lang='lat' dir='ltr'><strong>iterum</strong></span> 
     </span>
    </p>
   </div>
   <div class='ocr_carea' id='block_1_77' title="bbox 2160 1899 3729 1980">
    <p class='ocr_par' dir='ltr' id='par_1_77' title="bbox 2160 1899 3729 1980">
     <span class='ocr_line' id='line_1_77' title="bbox 2160 1899 3729 1980; baseline -0.009 -17"><span class='ocrx_word' id='word_1_520' title='bbox 2160 1911 2437 1980; x_wconf 84' lang='grc' dir='ltr'>ίεράρχου,</span> <span class='ocrx_word' id='word_1_521' title='bbox 2465 1912 2560 1963; x_wconf 61' lang='grc' dir='ltr'><strong>καί¹</strong></span> <span class='ocrx_word' id='word_1_522' title='bbox 2591 1909 2726 1971; x_wconf 76' lang='grc' dir='ltr'>τοὺς</span> <span class='ocrx_word' id='word_1_523' title='bbox 2760 1908 3040 1978; x_wconf 81' lang='grc' dir='ltr'>ἀρχιερεῖς</span> <span class='ocrx_word' id='word_1_524' title='bbox 3071 1906 3152 1968; x_wconf 89' lang='grc' dir='ltr'><strong>είς</strong></span> <span class='ocrx_word' id='word_1_525' title='bbox 3185 1904 3247 1957; x_wconf 80' lang='grc' dir='ltr'><strong>τὸ</strong></span> <span class='ocrx_word' id='word_1_526' title='bbox 3287 1903 3470 1972; x_wconf 60' lang='grc' dir='ltr'>στόμα,</span> <span class='ocrx_word' id='word_1_527' title='bbox 3499 1899 3729 1966; x_wconf 82' lang='grc' dir='ltr'>καθημέ-</span> 
     </span>
    </p>
   </div>
   <div class='ocr_carea' id='block_1_78' title="bbox 2159 1984 3729 2069">
    <p class='ocr_par' dir='ltr' id='par_1_78' title="bbox 2159 1991 3729 2069">
     <span class='ocr_line' id='line_1_78' title="bbox 2159 1991 3729 2069; baseline -0.009 -13"><span class='ocrx_word' id='word_1_528' title='bbox 2159 2021 2282 2066; x_wconf 90' lang='grc' dir='ltr'>νους</span> <span class='ocrx_word' id='word_1_529' title='bbox 2313 2002 2410 2055; x_wconf 74' lang='grc' dir='ltr'><strong>καὶ</strong></span> <span class='ocrx_word' id='word_1_530' title='bbox 2444 2002 2668 2066; x_wconf 79' lang='grc' dir='ltr'>αὐτοὺς,</span> <span class='ocrx_word' id='word_1_531' title='bbox 2699 1991 2774 2054; x_wconf 73' lang='grc' dir='ltr'><strong>ού</strong></span> <span class='ocrx_word' id='word_1_532' title='bbox 2795 2001 2904 2069; x_wconf 83' lang='grc' dir='ltr'><strong>γὰρ</strong></span> <span class='ocrx_word' id='word_1_533' title='bbox 2927 1998 3223 2060; x_wconf 84' lang='grc' dir='ltr'>ὲπίσκοπός</span> <span class='ocrx_word' id='word_1_534' title='bbox 3247 1999 3398 2050; x_wconf 77' lang='grc' dir='ltr'>ἐστιν</span> <span class='ocrx_word' id='word_1_535' title='bbox 3425 1996 3525 2060; x_wconf 77' lang='grc' dir='ltr'>ἔτι,</span> <span class='ocrx_word' id='word_1_536' title='bbox 3554 1992 3729 2046; x_wconf 85' lang='grc' dir='ltr'>κελευ-</span> 
     </span>
    </p>
   </div>
   <div class='ocr_carea' id='block_1_79' title="bbox 2160 2082 3731 2162">
    <p class='ocr_par' dir='ltr' id='par_1_79' title="bbox 2160 2082 3731 2162">
     <span class='ocr_line' id='line_1_79' title="bbox 2160 2082 3731 2162; baseline -0.009 -15"><span class='ocrx_word' id='word_1_537' title='bbox 2160 2095 2312 2157; x_wconf 79' lang='grc' dir='ltr'>σθεὶς</span> <span class='ocrx_word' id='word_1_538' title='bbox 2348 2093 2608 2162; x_wconf 81' lang='grc' dir='ltr'>κάθηται,</span> <span class='ocrx_word' id='word_1_539' title='bbox 2655 2093 2757 2146; x_wconf 86' lang='grc' dir='ltr'><strong>ούκ</strong></span> <span class='ocrx_word' id='word_1_540' title='bbox 2789 2094 2847 2145; x_wconf 84' lang='grc' dir='ltr'>ὲν</span> <span class='ocrx_word' id='word_1_541' title='bbox 2874 2091 3052 2162; x_wconf 83' lang='grc' dir='ltr'>θρόνῳ</span> <span class='ocrx_word' id='word_1_542' title='bbox 3081 2089 3190 2142; x_wconf 85' lang='grc' dir='ltr'><strong>τῶν</strong></span> <span class='ocrx_word' id='word_1_543' title='bbox 3242 2088 3580 2146; x_wconf 76' lang='grc' dir='ltr'>ἐπισκόπων,</span> <span class='ocrx_word' id='word_1_544' title='bbox 3618 2082 3731 2135; x_wconf 77' lang='grc' dir='ltr'>ἀλλ’</span> 
     </span>
    </p>
   </div>
   <div class='ocr_carea' id='block_1_80' title="bbox 2164 2171 3734 2256">
    <p class='ocr_par' dir='ltr' id='par_1_80' title="bbox 2164 2171 3734 2256">
     <span class='ocr_line' id='line_1_80' title="bbox 2164 2171 3734 2256; baseline -0.005 -18"><span class='ocrx_word' id='word_1_545' title='bbox 2164 2186 2294 2256; x_wconf 76' lang='grc' dir='ltr'>ίδία,</span> <span class='ocrx_word' id='word_1_546' title='bbox 2324 2185 2572 2238; x_wconf 81' lang='grc' dir='ltr'>κάτωθεν</span> <span class='ocrx_word' id='word_1_547' title='bbox 2598 2185 2656 2236; x_wconf 82' lang='grc' dir='ltr'><strong>ὲν</strong></span> <span class='ocrx_word' id='word_1_548' title='bbox 2692 2182 2973 2254; x_wconf 80' lang='grc' dir='ltr'>ὑφειμένῳ</span> <span class='ocrx_word' id='word_1_549' title='bbox 3006 2182 3136 2247; x_wconf 73' lang='grc' dir='ltr'>τινὶ,</span> <span class='ocrx_word' id='word_1_550' title='bbox 3174 2178 3510 2250; x_wconf 85' lang='grc' dir='ltr'>δηλουμένου</span> <span class='ocrx_word' id='word_1_551' title='bbox 3542 2177 3601 2226; x_wconf 79' lang='grc' dir='ltr'>ὲκ</span> <span class='ocrx_word' id='word_1_552' title='bbox 3623 2171 3734 2230; x_wconf 59' lang='grc' dir='ltr'>τοῦ·</span> 
     </span>
    </p>
   </div>
   <div class='ocr_carea' id='block_1_81' title="bbox 2159 2264 3732 2347">
    <p class='ocr_par' dir='ltr' id='par_1_81' title="bbox 2159 2264 3732 2347">
     <span class='ocr_line' id='line_1_81' title="bbox 2159 2264 3732 2347; baseline -0.009 -16"><span class='ocrx_word' id='word_1_553' title='bbox 2159 2295 2276 2343; x_wconf 89' lang='grc' dir='ltr'>του,</span> <span class='ocrx_word' id='word_1_554' title='bbox 2329 2278 2403 2335; x_wconf 82' lang='grc' dir='ltr'>ὡς</span> <span class='ocrx_word' id='word_1_555' title='bbox 2447 2277 2728 2347; x_wconf 78' lang='grc' dir='ltr'>ἡρμόσατο</span> <span class='ocrx_word' id='word_1_556' title='bbox 2781 2275 2942 2346; x_wconf 79' lang='grc' dir='ltr'>μόνον</span> <span class='ocrx_word' id='word_1_557' title='bbox 2989 2273 3090 2342; x_wconf 84' lang='grc' dir='ltr'><strong>τὴν</strong></span> <span class='ocrx_word' id='word_1_558' title='bbox 3142 2270 3477 2341; x_wconf 71' lang='grc' dir='ltr'>ἐκκλησίαν,</span> <span class='ocrx_word' id='word_1_559' title='bbox 3511 2269 3603 2322; x_wconf 70' lang='grc' dir='ltr'>καὶ</span> <span class='ocrx_word' id='word_1_560' title='bbox 3639 2264 3732 2332; x_wconf 78' lang='grc' dir='ltr'>τῆς</span> 
     </span>
    </p>
   </div>
   <div class='ocr_carea' id='block_1_82' title="bbox 2164 2357 3733 2440">
    <p class='ocr_par' dir='ltr' id='par_1_82' title="bbox 2164 2357 3733 2440">
     <span class='ocr_line' id='line_1_82' title="bbox 2164 2357 3733 2440; baseline -0.01 -16"><span class='ocrx_word' id='word_1_561' title='bbox 2164 2371 2460 2440; x_wconf 84' lang='grc' dir='ltr'>μνηστείας</span> <span class='ocrx_word' id='word_1_562' title='bbox 2482 2368 2643 2421; x_wconf 75' lang='grc' dir='ltr'>ἔλαϐε</span> <span class='ocrx_word' id='word_1_563' title='bbox 2679 2367 2776 2438; x_wconf 82' lang='grc' dir='ltr'>τὴν</span> <span class='ocrx_word' id='word_1_564' title='bbox 2800 2365 3078 2435; x_wconf 81' lang='grc' dir='ltr'>ἀπαρχὴν,</span> <span class='ocrx_word' id='word_1_565' title='bbox 3112 2365 3332 2418; x_wconf 76' lang='grc' dir='ltr'>οὐδέπω</span> <span class='ocrx_word' id='word_1_566' title='bbox 3361 2363 3418 2414; x_wconf 79' lang='grc' dir='ltr'>δέ</span> <span class='ocrx_word' id='word_1_567' title='bbox 3443 2364 3583 2414; x_wconf 73' lang='grc' dir='ltr'>εστιν</span> <span class='ocrx_word' id='word_1_568' title='bbox 3608 2357 3733 2426; x_wconf 67' lang='grc' dir='ltr'>ἀνὴρ</span> 
     </span>
    </p>
   </div>
   <div class='ocr_carea' id='block_1_83' title="bbox 2161 2450 3734 2532">
    <p class='ocr_par' dir='ltr' id='par_1_83' title="bbox 2161 2450 3734 2532">
     <span class='ocr_line' id='line_1_83' title="bbox 2161 2450 3734 2532; baseline -0.01 -16"><span class='ocrx_word' id='word_1_569' title='bbox 2161 2465 2195 2526; x_wconf 84' lang='grc' dir='ltr'><strong>ἢ</strong></span> <span class='ocrx_word' id='word_1_570' title='bbox 2245 2463 2501 2532; x_wconf 76' lang='grc' dir='ltr'>νυμφίος.</span> <span class='ocrx_word' id='word_1_571' title='bbox 2552 2460 2644 2514; x_wconf 77' lang='grc' dir='ltr'>Διὸ</span> <span class='ocrx_word' id='word_1_572' title='bbox 2678 2461 2755 2524; x_wconf 85' lang='grc' dir='ltr'>ὼς</span> <span class='ocrx_word' id='word_1_573' title='bbox 2793 2459 2954 2530; x_wconf 87' lang='grc' dir='ltr'>μόνον</span> <span class='ocrx_word' id='word_1_574' title='bbox 2987 2457 3055 2511; x_wconf 82' lang='grc' dir='ltr'>τὰ</span> <span class='ocrx_word' id='word_1_575' title='bbox 3107 2456 3424 2525; x_wconf 71' lang='grc' dir='ltr'>συμϐόλαια</span> <span class='ocrx_word' id='word_1_576' title='bbox 3463 2455 3603 2516; x_wconf 80' lang='grc' dir='ltr'>δοὺς.</span> <span class='ocrx_word' id='word_1_577' title='bbox 3649 2450 3734 2503; x_wconf 75' lang='grc' dir='ltr'>καὶ</span> 
     </span>
    </p>
   </div>
   <div class='ocr_carea' id='block_1_84' title="bbox 2163 2543 3737 2628">
    <p class='ocr_par' dir='ltr' id='par_1_84' title="bbox 2163 2543 3737 2628">
     <span class='ocr_line' id='line_1_84' title="bbox 2163 2543 3737 2628; baseline -0.01 -18"><span class='ocrx_word' id='word_1_578' title='bbox 2163 2559 2274 2611; x_wconf 85' lang='grc' dir='ltr'><strong>τῶν</strong></span> <span class='ocrx_word' id='word_1_579' title='bbox 2299 2556 2639 2628; x_wconf 77' lang='grc' dir='ltr'>ἀρῤαϐώνων</span> <span class='ocrx_word' id='word_1_580' title='bbox 2677 2554 2778 2616; x_wconf 83' lang='grc' dir='ltr'>τὰς</span> <span class='ocrx_word' id='word_1_581' title='bbox 2819 2552 3098 2621; x_wconf 84' lang='grc' dir='ltr'>ἀπαρχὰς,</span> <span class='ocrx_word' id='word_1_582' title='bbox 3137 2550 3273 2619; x_wconf 76' lang='grc' dir='ltr'>μετὰ</span> <span class='ocrx_word' id='word_1_583' title='bbox 3305 2548 3424 2600; x_wconf 83' lang='grc' dir='ltr'>τῶν</span> <span class='ocrx_word' id='word_1_584' title='bbox 3457 2546 3620 2614; x_wconf 85' lang='grc' dir='ltr'>φίλων</span> <span class='ocrx_word' id='word_1_585' title='bbox 3650 2543 3737 2611; x_wconf 85' lang='grc' dir='ltr'><strong>τῆς</strong></span> 
     </span>
    </p>
   </div>
   <div class='ocr_carea' id='block_1_85' title="bbox 2164 2637 3734 2716">
    <p class='ocr_par' dir='ltr' id='par_1_85' title="bbox 2164 2637 3734 2716">
     <span class='ocr_line' id='line_1_85' title="bbox 2164 2637 3734 2716; baseline -0.011 -14"><span class='ocrx_word' id='word_1_586' title='bbox 2164 2648 2384 2716; x_wconf 72' lang='grc' dir='ltr'>νύμφης</span> <span class='ocrx_word' id='word_1_587' title='bbox 2411 2646 2509 2701; x_wconf 80' lang='grc' dir='ltr'>καὶ</span> <span class='ocrx_word' id='word_1_588' title='bbox 2533 2644 2783 2714; x_wconf 83' lang='grc' dir='ltr'>ἀδελφῶν</span> <span class='ocrx_word' id='word_1_589' title='bbox 2805 2645 3043 2697; x_wconf 84' lang='grc' dir='ltr'>ποιεῖται</span> <span class='ocrx_word' id='word_1_590' title='bbox 3070 2642 3139 2694; x_wconf 85' lang='grc' dir='ltr'>τὰ</span> <span class='ocrx_word' id='word_1_591' title='bbox 3154 2641 3255 2709; x_wconf 80' lang='grc' dir='ltr'>τῆς</span> <span class='ocrx_word' id='word_1_592' title='bbox 3275 2639 3467 2708; x_wconf 84' lang='grc' dir='ltr'>φιλίας</span> <span class='ocrx_word' id='word_1_593' title='bbox 3496 2637 3734 2705; x_wconf 68' lang='grc' dir='ltr'>ἐνέχυρα.</span> 
     </span>
    </p>
   </div>
   <div class='ocr_carea' id='block_1_86' title="bbox 2163 2729 3738 2806">
    <p class='ocr_par' dir='ltr' id='par_1_86' title="bbox 2163 2729 3738 2806">
     <span class='ocr_line' id='line_1_86' title="bbox 2163 2729 3738 2806; baseline -0.011 -10"><span class='ocrx_word' id='word_1_594' title='bbox 2163 2745 2272 2797; x_wconf 73' lang='grc' dir='ltr'>Καὶ</span> <span class='ocrx_word' id='word_1_595' title='bbox 2307 2740 2617 2804; x_wconf 75' lang='grc' dir='ltr'>ἀσπάζεται</span> <span class='ocrx_word' id='word_1_596' title='bbox 2647 2739 2720 2802; x_wconf 85' lang='grc' dir='ltr'>ὡς</span> <span class='ocrx_word' id='word_1_597' title='bbox 2769 2738 2920 2806; x_wconf 82' lang='grc' dir='ltr'>φίλος</span> <span class='ocrx_word' id='word_1_598' title='bbox 2951 2736 3076 2805; x_wconf 78' lang='grc' dir='ltr'>ἥδη,</span> <span class='ocrx_word' id='word_1_599' title='bbox 3113 2736 3210 2788; x_wconf 82' lang='grc' dir='ltr'>καὶ</span> <span class='ocrx_word' id='word_1_600' title='bbox 3255 2733 3503 2802; x_wconf 79' lang='grc' dir='ltr'>κάθηται</span> <span class='ocrx_word' id='word_1_601' title='bbox 3533 2732 3626 2782; x_wconf 72' lang='grc' dir='ltr'><strong>σὺν</strong></span> <span class='ocrx_word' id='word_1_602' title='bbox 3653 2729 3738 2778; x_wconf 84' lang='grc' dir='ltr'><strong>αὺ-</strong></span> 
     </span>
    </p>
   </div>
   <div class='ocr_carea' id='block_1_87' title="bbox 2165 2822 3738 2903">
    <p class='ocr_par' dir='ltr' id='par_1_87' title="bbox 2165 2822 3738 2903">
     <span class='ocr_line' id='line_1_87' title="bbox 2165 2822 3738 2903; baseline -0.012 -15"><span class='ocrx_word' id='word_1_603' title='bbox 2165 2836 2304 2898; x_wconf 90' lang='grc' dir='ltr'>τοῖς,</span> <span class='ocrx_word' id='word_1_604' title='bbox 2347 2833 2442 2887; x_wconf 77' lang='grc' dir='ltr'>καὶ</span> <span class='ocrx_word' id='word_1_605' title='bbox 2484 2831 2803 2903; x_wconf 82' lang='grc' dir='ltr'>βουλεύεται</span> <span class='ocrx_word' id='word_1_606' title='bbox 2856 2831 2974 2897; x_wconf 85' lang='grc' dir='ltr'>μετ’</span> <span class='ocrx_word' id='word_1_607' title='bbox 3023 2828 3226 2882; x_wconf 75' lang='grc' dir='ltr'>αὐτῶν.</span> <span class='ocrx_word' id='word_1_608' title='bbox 3275 2826 3362 2880; x_wconf 75' lang='grc' dir='ltr'><strong>Οὐ</strong></span> <span class='ocrx_word' id='word_1_609' title='bbox 3411 2822 3738 2890; x_wconf 74' lang='grc' dir='ltr'>συγκαθηται</span> 
     </span>
    </p>
   </div>
   <div class='ocr_carea' id='block_1_88' title="bbox 2163 2907 3739 2993">
    <p class='ocr_par' dir='ltr' id='par_1_88' title="bbox 2163 2907 3739 2993">
     <span class='ocr_line' id='line_1_88' title="bbox 2163 2907 3739 2993; baseline -0.005 -12"><span class='ocrx_word' id='word_1_610' title='bbox 2163 2929 2240 2993; x_wconf 77' lang='grc' dir='ltr'><strong>δὲ,</strong></span> <span class='ocrx_word' id='word_1_611' title='bbox 2274 2925 2398 2980; x_wconf 71' lang='grc' dir='ltr'>ἐπεὶ</span> <span class='ocrx_word' id='word_1_612' title='bbox 2434 2925 2557 2980; x_wconf 81' lang='grc' dir='ltr'>οὐδὲ</span> <span class='ocrx_word' id='word_1_613' title='bbox 2588 2924 2681 2978; x_wconf 81' lang='grc' dir='ltr'>τοῦ</span> <span class='ocrx_word' id='word_1_614' title='bbox 2715 2907 2908 2992; x_wconf 83' lang='grc' dir='ltr'>θρόνου</span> <span class='ocrx_word' id='word_1_615' title='bbox 2937 2924 3258 2992; x_wconf 82' lang='grc' dir='ltr'>τετύχηκεν,</span> <span class='ocrx_word' id='word_1_616' title='bbox 3293 2918 3425 2972; x_wconf 71' lang='grc' dir='ltr'>οὐδὲ</span> <span class='ocrx_word' id='word_1_617' title='bbox 3455 2919 3552 2987; x_wconf 83' lang='grc' dir='ltr'>τῆς</span> <span class='ocrx_word' id='word_1_618' title='bbox 3585 2913 3739 2980; x_wconf 74' lang='grc' dir='ltr'>τιμῆς</span> 
     </span>
    </p>
   </div>
   <div class='ocr_carea' id='block_1_89' title="bbox 2164 3008 3739 3089">
    <p class='ocr_par' dir='ltr' id='par_1_89' title="bbox 2164 3008 3739 3089">
     <span class='ocr_line' id='line_1_89' title="bbox 2164 3008 3739 3089; baseline -0.006 -14"><span class='ocrx_word' id='word_1_619' title='bbox 2164 3021 2260 3075; x_wconf 83' lang='grc' dir='ltr'>τοῦ</span> <span class='ocrx_word' id='word_1_620' title='bbox 2291 3019 2506 3089; x_wconf 74' lang='grc' dir='ltr'>[ἰατρὸς</span> <span class='ocrx_word' id='word_1_621' title='bbox 2541 3017 2710 3087; x_wconf 80' lang='grc' dir='ltr'>αὐτῆς</span> <span class='ocrx_word' id='word_1_622' title='bbox 2748 3017 2843 3071; x_wconf 81' lang='grc' dir='ltr'>καὶ</span> <span class='ocrx_word' id='word_1_623' title='bbox 2881 3016 3062 3080; x_wconf 78' lang='grc' dir='ltr'>ἀξίας·</span> <span class='ocrx_word' id='word_1_624' title='bbox 3091 3013 3213 3068; x_wconf 81' lang='grc' dir='ltr'>οὐδέ</span> <span class='ocrx_word' id='word_1_625' title='bbox 3246 3029 3310 3080; x_wconf 87' lang='grc' dir='ltr'><strong>γε</strong></span> <span class='ocrx_word' id='word_1_626' title='bbox 3377 3008 3739 3079; x_wconf 71' lang='grc' dir='ltr'>συμπράττει.</span> 
     </span>
    </p>
   </div>
   <div class='ocr_carea' id='block_1_90' title="bbox 2169 3097 3742 3182">
    <p class='ocr_par' dir='ltr' id='par_1_90' title="bbox 2169 3097 3742 3182">
     <span class='ocr_line' id='line_1_90' title="bbox 2169 3097 3742 3182; baseline -0.013 -14"><span class='ocrx_word' id='word_1_627' title='bbox 2169 3113 2252 3168; x_wconf 84' lang='grc' dir='ltr'>ὅτι</span> <span class='ocrx_word' id='word_1_628' title='bbox 2285 3112 2408 3167; x_wconf 78' lang='grc' dir='ltr'>οὐδὲ</span> <span class='ocrx_word' id='word_1_629' title='bbox 2455 3112 2788 3182; x_wconf 80' lang='grc' dir='ltr'>χειροτονεῖν</span> <span class='ocrx_word' id='word_1_630' title='bbox 2841 3108 3098 3162; x_wconf 84' lang='grc' dir='ltr'>δύναται·</span> <span class='ocrx_word' id='word_1_631' title='bbox 3163 3103 3494 3174; x_wconf 58' lang='grc' dir='ltr'>συμϐουλὴν,</span> <span class='ocrx_word' id='word_1_632' title='bbox 3534 3100 3589 3153; x_wconf 77' lang='grc' dir='ltr'>δὲ</span> <span class='ocrx_word' id='word_1_633' title='bbox 3635 3097 3742 3166; x_wconf 77' lang='grc' dir='ltr'>ἦτοι</span> 
     </span>
    </p>
   </div>
   <div class='ocr_carea' id='block_1_91' title="bbox 2168 3187 3747 3277">
    <p class='ocr_par' dir='ltr' id='par_1_91' title="bbox 2168 3187 3747 3277">
     <span class='ocr_line' id='line_1_91' title="bbox 2168 3187 3747 3277; baseline -0.014 -16"><span class='ocrx_word' id='word_1_634' title='bbox 2168 3205 2397 3277; x_wconf 82' lang='grc' dir='ltr'>γνώμην</span> <span class='ocrx_word' id='word_1_635' title='bbox 2423 3205 2519 3259; x_wconf 78' lang='grc' dir='ltr'>καὶ</span> <span class='ocrx_word' id='word_1_636' title='bbox 2546 3204 2714 3276; x_wconf 88' lang='grc' dir='ltr'>μόνον</span> <span class='ocrx_word' id='word_1_637' title='bbox 2738 3202 2942 3267; x_wconf 83' lang='grc' dir='ltr'>δίδωσι,</span> <span class='ocrx_word' id='word_1_638' title='bbox 2966 3201 3060 3253; x_wconf 83' lang='grc' dir='ltr'><strong>καὶ</strong></span> <span class='ocrx_word' id='word_1_639' title='bbox 3090 3198 3201 3251; x_wconf 86' lang='grc' dir='ltr'>τῶν</span> <span class='ocrx_word' id='word_1_640' title='bbox 3221 3198 3318 3265; x_wconf 78' lang='grc' dir='ltr'>τῆς</span> <span class='ocrx_word' id='word_1_641' title='bbox 3357 3195 3573 3265; x_wconf 83' lang='grc' dir='ltr'>νύμφης</span> <span class='ocrx_word' id='word_1_642' title='bbox 3597 3187 3747 3259; x_wconf 68' lang='grc' dir='ltr'>φρονη</span> 
     </span>
    </p>
   </div>
   <div class='ocr_carea' id='block_1_92' title="bbox 2168 3287 3742 3369">
    <p class='ocr_par' dir='ltr' id='par_1_92' title="bbox 2168 3287 3742 3369">
     <span class='ocr_line' id='line_1_92' title="bbox 2168 3287 3742 3369; baseline -0.005 -15"><span class='ocrx_word' id='word_1_643' title='bbox 2168 3301 2308 3363; x_wconf 78' lang='grc' dir='ltr'>τίζει</span> <span class='ocrx_word' id='word_1_644' title='bbox 2341 3299 2644 3369; x_wconf 78' lang='grc' dir='ltr'>κτημάτων</span> <span class='ocrx_word' id='word_1_645' title='bbox 2681 3295 2882 3369; x_wconf 82' lang='grc' dir='ltr'>δηλαδὴ</span> <span class='ocrx_word' id='word_1_646' title='bbox 2911 3293 3009 3350; x_wconf 82' lang='grc' dir='ltr'>καὶ</span> <span class='ocrx_word' id='word_1_647' title='bbox 3034 3292 3393 3367; x_wconf 74' lang='grc' dir='ltr'>πραγμάτων</span> <span class='ocrx_word' id='word_1_648' title='bbox 3421 3290 3523 3363; x_wconf 78' lang='grc' dir='ltr'>τῆς</span> <span class='ocrx_word' id='word_1_649' title='bbox 3553 3287 3742 3361; x_wconf 70' lang='grc' dir='ltr'>ἐκκλη-</span> 
     </span>
    </p>
   </div>
   <div class='ocr_carea' id='block_1_93' title="bbox 2171 3383 3742 3460">
    <p class='ocr_par' dir='ltr' id='par_1_93' title="bbox 2171 3383 3742 3460">
     <span class='ocr_line' id='line_1_93' title="bbox 2171 3383 3742 3460; baseline -0.007 -14"><span class='ocrx_word' id='word_1_650' title='bbox 2171 3393 2314 3456; x_wconf 85' lang='grc' dir='ltr'>σίας.</span> <span class='ocrx_word' id='word_1_651' title='bbox 2389 3391 2448 3446; x_wconf 87' lang='lat'><strong>&#39;0</strong></span> <span class='ocrx_word' id='word_1_652' title='bbox 2507 3391 2765 3460; x_wconf 78' lang='grc' dir='ltr'>δεύτερος</span> <span class='ocrx_word' id='word_1_653' title='bbox 2811 3391 2868 3443; x_wconf 81' lang='grc' dir='ltr'>δὲ</span> <span class='ocrx_word' id='word_1_654' title='bbox 2924 3390 3237 3458; x_wconf 74' lang='grc' dir='ltr'>ἀσπασμὸς,</span> <span class='ocrx_word' id='word_1_655' title='bbox 3296 3389 3390 3442; x_wconf 82' lang='grc' dir='ltr'><strong>ὅτε</strong></span> <span class='ocrx_word' id='word_1_656' title='bbox 3461 3383 3742 3441; x_wconf 82' lang='grc' dir='ltr'>τελεσθῶσι</span> 
     </span>
    </p>
   </div>
   <div class='ocr_carea' id='block_1_94' title="bbox 2169 3475 3743 3554">
    <p class='ocr_par' dir='ltr' id='par_1_94' title="bbox 2169 3475 3743 3554">
     <span class='ocr_line' id='line_1_94' title="bbox 2169 3475 3743 3554; baseline -0.01 -15"><span class='ocrx_word' id='word_1_657' title='bbox 2169 3486 2240 3539; x_wconf 73' lang='grc' dir='ltr'>τὰ</span> <span class='ocrx_word' id='word_1_658' title='bbox 2273 3484 2551 3554; x_wconf 77' lang='grc' dir='ltr'>μνῆστρα,</span> <span class='ocrx_word' id='word_1_659' title='bbox 2591 3483 2688 3536; x_wconf 78' lang='grc' dir='ltr'>καὶ</span> <span class='ocrx_word' id='word_1_660' title='bbox 2721 3483 2846 3546; x_wconf 78' lang='grc' dir='ltr'>δοὺς</span> <span class='ocrx_word' id='word_1_661' title='bbox 2891 3483 3018 3546; x_wconf 76' lang='grc' dir='ltr'>τοὺς</span> <span class='ocrx_word' id='word_1_662' title='bbox 3055 3480 3389 3552; x_wconf 73' lang='grc' dir='ltr'>ἀρραϐῶνας</span> <span class='ocrx_word' id='word_1_663' title='bbox 3432 3482 3525 3532; x_wconf 71' lang='grc' dir='ltr'><strong>καὶ</strong></span> <span class='ocrx_word' id='word_1_664' title='bbox 3550 3475 3743 3536; x_wconf 73' lang='grc' dir='ltr'>λαϐὼν,</span> 
     </span>
    </p>
   </div>
   <div class='ocr_carea' id='block_1_95' title="bbox 2171 3564 3746 3645">
    <p class='ocr_par' dir='ltr' id='par_1_95' title="bbox 2171 3564 3746 3645">
     <span class='ocr_line' id='line_1_95' title="bbox 2171 3564 3746 3645; baseline -0.008 -15"><span class='ocrx_word' id='word_1_665' title='bbox 2171 3578 2268 3630; x_wconf 76' lang='grc' dir='ltr'><strong>καὶ</strong></span> <span class='ocrx_word' id='word_1_666' title='bbox 2302 3576 2400 3640; x_wconf 76' lang='grc' dir='ltr'>τὰς</span> <span class='ocrx_word' id='word_1_667' title='bbox 2433 3576 2541 3645; x_wconf 76' lang='grc' dir='ltr'><strong>πρὸ</strong></span> <span class='ocrx_word' id='word_1_668' title='bbox 2581 3573 2675 3628; x_wconf 81' lang='grc' dir='ltr'>τοῦ</span> <span class='ocrx_word' id='word_1_669' title='bbox 2707 3574 2886 3643; x_wconf 83' lang='grc' dir='ltr'>γάμου</span> <span class='ocrx_word' id='word_1_670' title='bbox 2916 3573 3128 3642; x_wconf 77' lang='grc' dir='ltr'>δωρεὰς</span> <span class='ocrx_word' id='word_1_671' title='bbox 3153 3574 3244 3626; x_wconf 76' lang='grc' dir='ltr'><strong>καὶ</strong></span> <span class='ocrx_word' id='word_1_672' title='bbox 3277 3575 3349 3627; x_wconf 81' lang='grc' dir='ltr'><strong>τὰ</strong></span> <span class='ocrx_word' id='word_1_673' title='bbox 3382 3564 3746 3641; x_wconf 83' lang='grc' dir='ltr'>σύμφωνα.τῷ</span> 
     </span>
    </p>
   </div>
   <div class='ocr_carea' id='block_1_96' title="bbox 2171 3659 3744 3738">
    <p class='ocr_par' dir='ltr' id='par_1_96' title="bbox 2171 3659 3744 3738">
     <span class='ocr_line' id='line_1_96' title="bbox 2171 3659 3744 3738; baseline -0.006 -17"><span class='ocrx_word' id='word_1_674' title='bbox 2171 3670 2368 3738; x_wconf 75' lang='grc' dir='ltr'>Πατρὶ,</span> <span class='ocrx_word' id='word_1_675' title='bbox 2421 3665 2535 3721; x_wconf 79' lang='grc' dir='ltr'>οἷον</span> <span class='ocrx_word' id='word_1_676' title='bbox 2571 3669 2671 3736; x_wconf 79' lang='grc' dir='ltr'>τὴν</span> <span class='ocrx_word' id='word_1_677' title='bbox 2725 3668 2909 3720; x_wconf 77' lang='grc' dir='ltr'>πίστιν</span> <span class='ocrx_word' id='word_1_678' title='bbox 2957 3666 3123 3735; x_wconf 78' lang='grc' dir='ltr'>ὀρθὴν</span> <span class='ocrx_word' id='word_1_679' title='bbox 3155 3666 3609 3735; x_wconf 73' lang='grc' dir='ltr'>ἀνομολογήσας,</span> <span class='ocrx_word' id='word_1_680' title='bbox 3657 3659 3744 3713; x_wconf 72' lang='grc' dir='ltr'><strong>καί</strong></span> 
     </span>
    </p>
   </div>
   <div class='ocr_carea' id='block_1_97' title="bbox 2170 3757 3744 3830">
    <p class='ocr_par' dir='ltr' id='par_1_97' title="bbox 2170 3757 3744 3830">
     <span class='ocr_line' id='line_1_97' title="bbox 2170 3757 3744 3830; baseline -0.004 -19"><span class='ocrx_word' id='word_1_681' title='bbox 2170 3760 2412 3830; x_wconf 87' lang='grc' dir='ltr'>γνησίως</span> <span class='ocrx_word' id='word_1_682' title='bbox 2443 3759 2543 3827; x_wconf 74' lang='grc' dir='ltr'><strong>τὴν</strong></span> <span class='ocrx_word' id='word_1_683' title='bbox 2573 3758 3032 3828; x_wconf 67' lang='grc' dir='ltr'>ἐμπιστευθεῖσαν</span> <span class='ocrx_word' id='word_1_684' title='bbox 3070 3759 3386 3826; x_wconf 70' lang='grc' dir='ltr'>οἰκονομεῖν</span> <span class='ocrx_word' id='word_1_685' title='bbox 3411 3757 3744 3822; x_wconf 85' lang='grc' dir='ltr'>καθυποσχε-</span> 
     </span>
    </p>
   </div>
   <div class='ocr_carea' id='block_1_98' title="bbox 2172 3846 3748 3922">
    <p class='ocr_par' dir='ltr' id='par_1_98' title="bbox 2172 3846 3748 3922">
     <span class='ocr_line' id='line_1_98' title="bbox 2172 3846 3748 3922; baseline -0.006 -17"><span class='ocrx_word' id='word_1_686' title='bbox 2172 3853 2307 3915; x_wconf 67' lang='grc' dir='ltr'>θεὶς,</span> <span class='ocrx_word' id='word_1_687' title='bbox 2358 3853 2458 3914; x_wconf 86' lang='grc' dir='ltr'>τὰς</span> <span class='ocrx_word' id='word_1_688' title='bbox 2502 3851 2756 3922; x_wconf 70' lang='grc' dir='ltr'>ἀπαρχὰς</span> <span class='ocrx_word' id='word_1_689' title='bbox 2796 3851 2894 3917; x_wconf 82' lang='grc' dir='ltr'>τῆς</span> <span class='ocrx_word' id='word_1_690' title='bbox 2945 3850 3304 3919; x_wconf 81' lang='grc' dir='ltr'>νυμφεύσεως</span> <span class='ocrx_word' id='word_1_691' title='bbox 3353 3848 3517 3920; x_wconf 79' lang='grc' dir='ltr'>λάϐῃ,</span> <span class='ocrx_word' id='word_1_692' title='bbox 3566 3849 3654 3900; x_wconf 76' lang='grc' dir='ltr'><strong>καὶ</strong></span> <span class='ocrx_word' id='word_1_693' title='bbox 3687 3846 3748 3912; x_wconf 78' lang='grc' dir='ltr'>τῇ</span> 
     </span>
    </p>
   </div>
   <div class='ocr_carea' id='block_1_99' title="bbox 2175 3935 3748 4014">
    <p class='ocr_par' dir='ltr' id='par_1_99' title="bbox 2175 3935 3748 4014">
     <span class='ocr_line' id='line_1_99' title="bbox 2175 3935 3748 4014; baseline -0.004 -20"><span class='ocrx_word' id='word_1_694' title='bbox 2175 3944 2348 4014; x_wconf 79' lang='grc' dir='ltr'>μικρᾷ</span> <span class='ocrx_word' id='word_1_695' title='bbox 2381 3943 2645 4013; x_wconf 82' lang='grc' dir='ltr'>σφραγῖδι</span> <span class='ocrx_word' id='word_1_696' title='bbox 2675 3942 2878 4010; x_wconf 85' lang='grc' dir='ltr'>ταύτην</span> <span class='ocrx_word' id='word_1_697' title='bbox 2903 3942 2975 4003; x_wconf 86' lang='grc' dir='ltr'>ὼς</span> <span class='ocrx_word' id='word_1_698' title='bbox 3007 3943 3064 3993; x_wconf 83' lang='grc' dir='ltr'><strong>ἐν</strong></span> <span class='ocrx_word' id='word_1_699' title='bbox 3097 3941 3388 4011; x_wconf 78' lang='grc' dir='ltr'>ἀρραὁῶνι</span> <span class='ocrx_word' id='word_1_700' title='bbox 3417 3935 3748 4008; x_wconf 81' lang='grc' dir='ltr'>ὲγχειρισθῇ.</span> 
     </span>
    </p>
   </div>
   <div class='ocr_carea' id='block_1_100' title="bbox 2173 4030 3750 4106">
    <p class='ocr_par' dir='ltr' id='par_1_100' title="bbox 2173 4030 3750 4106">
     <span class='ocr_line' id='line_1_100' title="bbox 2173 4030 3750 4106; baseline -0.008 -15"><span class='ocrx_word' id='word_1_701' title='bbox 2173 4038 2284 4092; x_wconf 73' lang='grc' dir='ltr'><strong>Καὶ</strong></span> <span class='ocrx_word' id='word_1_702' title='bbox 2318 4037 2439 4090; x_wconf 87' lang='grc' dir='ltr'>τότε</span> <span class='ocrx_word' id='word_1_703' title='bbox 2477 4036 2587 4106; x_wconf 80' lang='grc' dir='ltr'>γὰρ</span> <span class='ocrx_word' id='word_1_704' title='bbox 2627 4034 2750 4104; x_wconf 83' lang='grc' dir='ltr'>δίχα</span> <span class='ocrx_word' id='word_1_705' title='bbox 2797 4033 2972 4102; x_wconf 88' lang='grc' dir='ltr'>μύρου</span> <span class='ocrx_word' id='word_1_706' title='bbox 3008 4034 3100 4086; x_wconf 78' lang='grc' dir='ltr'>καὶ</span> <span class='ocrx_word' id='word_1_707' title='bbox 3133 4033 3487 4102; x_wconf 84' lang='grc' dir='ltr'>θυμιάματος</span> <span class='ocrx_word' id='word_1_708' title='bbox 3530 4030 3750 4082; x_wconf 83' lang='grc' dir='ltr'>ποιεῖται</span> 
     </span>
    </p>
   </div>
   <div class='ocr_carea' id='block_1_101' title="bbox 2171 4119 3746 4195">
    <p class='ocr_par' dir='ltr' id='par_1_101' title="bbox 2171 4119 3746 4195">
     <span class='ocr_line' id='line_1_101' title="bbox 2171 4119 3746 4195; baseline -0.006 -13"><span class='ocrx_word' id='word_1_709' title='bbox 2171 4130 2263 4182; x_wconf 68' lang='grc' dir='ltr'><strong>τὸν</strong></span> <span class='ocrx_word' id='word_1_710' title='bbox 2294 4128 2613 4195; x_wconf 82' lang='grc' dir='ltr'>ἀσπασμόν.</span> <span class='ocrx_word' id='word_1_711' title='bbox 2659 4125 2876 4178; x_wconf 82' lang='grc' dir='ltr'>Γίνεται</span> <span class='ocrx_word' id='word_1_712' title='bbox 2929 4124 2986 4176; x_wconf 68' lang='grc' dir='ltr'><strong>δὲ</strong></span> <span class='ocrx_word' id='word_1_713' title='bbox 3035 4122 3130 4176; x_wconf 76' lang='grc' dir='ltr'>καὶ</span> <span class='ocrx_word' id='word_1_714' title='bbox 3169 4125 3196 4175; x_wconf 86' lang='grc' dir='ltr'>ὀ</span> <span class='ocrx_word' id='word_1_715' title='bbox 3228 4124 3333 4191; x_wconf 86' lang='grc' dir='ltr'>τῆς</span> <span class='ocrx_word' id='word_1_716' title='bbox 3383 4119 3746 4192; x_wconf 79' lang='grc' dir='ltr'>χειροτονίας,</span> 
     </span>
    </p>
   </div>
   <div class='ocr_carea' id='block_1_102' title="bbox 2172 4206 3750 4282">
    <p class='ocr_par' dir='ltr' id='par_1_102' title="bbox 2172 4206 3750 4282">
     <span class='ocr_line' id='line_1_102' title="bbox 2172 4206 3750 4282; baseline -0.008 -11"><span class='ocrx_word' id='word_1_717' title='bbox 2172 4219 2230 4282; x_wconf 84' lang='grc' dir='ltr'>ὃς</span> <span class='ocrx_word' id='word_1_718' title='bbox 2260 4219 2411 4280; x_wconf 74' lang='grc' dir='ltr'>ἐντός</span> <span class='ocrx_word' id='word_1_719' title='bbox 2441 4219 2556 4270; x_wconf 81' lang='grc' dir='ltr'>ἐστι</span> <span class='ocrx_word' id='word_1_720' title='bbox 2583 4215 2680 4268; x_wconf 80' lang='grc' dir='ltr'>καὶ</span> <span class='ocrx_word' id='word_1_721' title='bbox 2702 4213 3010 4276; x_wconf 80' lang='grc' dir='ltr'>τελεστικὸς</span> <span class='ocrx_word' id='word_1_722' title='bbox 3031 4213 3126 4266; x_wconf 80' lang='grc' dir='ltr'>καὶ</span> <span class='ocrx_word' id='word_1_723' title='bbox 3154 4212 3256 4280; x_wconf 80' lang='grc' dir='ltr'>τῆς</span> <span class='ocrx_word' id='word_1_724' title='bbox 3283 4211 3641 4282; x_wconf 85' lang='grc' dir='ltr'>νυμφεύσεως</span> <span class='ocrx_word' id='word_1_725' title='bbox 3661 4206 3750 4260; x_wconf 79' lang='grc' dir='ltr'>καὶ</span> 
     </span>
    </p>
   </div>
   <div class='ocr_carea' id='block_1_103' title="bbox 2174 4298 3756 4376">
    <p class='ocr_par' dir='ltr' id='par_1_103' title="bbox 2174 4298 3756 4376">
     <span class='ocr_line' id='line_1_103' title="bbox 2174 4298 3756 4376; baseline -0.008 -14"><span class='ocrx_word' id='word_1_726' title='bbox 2174 4310 2444 4372; x_wconf 83' lang='grc' dir='ltr'>ὲνὼσεως·</span> <span class='ocrx_word' id='word_1_727' title='bbox 2476 4309 2561 4361; x_wconf 83' lang='grc' dir='ltr'>ὅτι</span> <span class='ocrx_word' id='word_1_728' title='bbox 2593 4306 2731 4376; x_wconf 80' lang='grc' dir='ltr'>ἀνὴρ</span> <span class='ocrx_word' id='word_1_729' title='bbox 2762 4306 2855 4358; x_wconf 77' lang='grc' dir='ltr'>καὶ</span> <span class='ocrx_word' id='word_1_730' title='bbox 2881 4305 3112 4375; x_wconf 80' lang='grc' dir='ltr'>νυμφίος</span> <span class='ocrx_word' id='word_1_731' title='bbox 3142 4307 3241 4372; x_wconf 85' lang='grc' dir='ltr'>τῆς</span> <span class='ocrx_word' id='word_1_732' title='bbox 3272 4304 3577 4373; x_wconf 78' lang='grc' dir='ltr'>ἐκκλησίας</span> <span class='ocrx_word' id='word_1_733' title='bbox 3598 4298 3756 4353; x_wconf 79' lang='grc' dir='ltr'>κατέ-</span> 
     </span>
    </p>
   </div>
   <div class='ocr_carea' id='block_1_104' title="bbox 2177 4390 3756 4472">
    <p class='ocr_par' dir='ltr' id='par_1_104' title="bbox 2177 4390 3756 4472">
     <span class='ocr_line' id='line_1_104' title="bbox 2177 4390 3756 4472; baseline -0.009 -16"><span class='ocrx_word' id='word_1_734' title='bbox 2177 4420 2301 4472; x_wconf 89' lang='grc' dir='ltr'>στη.</span> <span class='ocrx_word' id='word_1_735' title='bbox 2353 4402 2497 4454; x_wconf 85' lang='grc' dir='ltr'>Ἀλλ’</span> <span class='ocrx_word' id='word_1_736' title='bbox 2531 4403 2560 4452; x_wconf 84' lang='grc' dir='ltr'><em>ὁ</em></span> <span class='ocrx_word' id='word_1_737' title='bbox 2593 4401 2721 4468; x_wconf 77' lang='grc' dir='ltr'>περὶ</span> <span class='ocrx_word' id='word_1_738' title='bbox 2761 4398 2954 4451; x_wconf 88' lang='grc' dir='ltr'>τούτου</span> <span class='ocrx_word' id='word_1_739' title='bbox 3000 4398 3056 4450; x_wconf 85' lang='grc' dir='ltr'>ὲν</span> <span class='ocrx_word' id='word_1_740' title='bbox 3101 4399 3168 4466; x_wconf 84' lang='grc' dir='ltr'>τῇ</span> <span class='ocrx_word' id='word_1_741' title='bbox 3211 4397 3522 4466; x_wconf 77' lang='grc' dir='ltr'>χειροτονίᾳ</span> <span class='ocrx_word' id='word_1_742' title='bbox 3565 4390 3756 4464; x_wconf 73' lang='grc' dir='ltr'>ἐρρέθη</span> 
     </span>
    </p>
   </div>
   <div class='ocr_carea' id='block_1_105' title="bbox 2176 4485 3756 4560">
    <p class='ocr_par' dir='ltr' id='par_1_105' title="bbox 2176 4485 3756 4560">
     <span class='ocr_line' id='line_1_105' title="bbox 2176 4485 3756 4560; baseline -0.007 -15"><span class='ocrx_word' id='word_1_743' title='bbox 2176 4494 2356 4560; x_wconf 82' lang='grc' dir='ltr'>λόγος.</span> <span class='ocrx_word' id='word_1_744' title='bbox 2413 4490 2524 4544; x_wconf 72' lang='grc' dir='ltr'><strong>Νῦν</strong></span> <span class='ocrx_word' id='word_1_745' title='bbox 2573 4490 2628 4542; x_wconf 85' lang='grc' dir='ltr'>δὲ</span> <span class='ocrx_word' id='word_1_746' title='bbox 2665 4490 2849 4559; x_wconf 83' lang='grc' dir='ltr'>τρίτον</span> <span class='ocrx_word' id='word_1_747' title='bbox 2889 4489 3070 4558; x_wconf 76' lang='grc' dir='ltr'>φαμὲν</span> <span class='ocrx_word' id='word_1_748' title='bbox 3099 4490 3191 4540; x_wconf 70' lang='grc' dir='ltr'><strong>τὸν</strong></span> <span class='ocrx_word' id='word_1_749' title='bbox 3218 4486 3427 4552; x_wconf 76' lang='grc' dir='ltr'>ἔξωθεν</span> <span class='ocrx_word' id='word_1_750' title='bbox 3455 4485 3552 4538; x_wconf 78' lang='grc' dir='ltr'>τοῦ</span> <span class='ocrx_word' id='word_1_751' title='bbox 3589 4485 3756 4552; x_wconf 81' lang='grc' dir='ltr'>βήμα-</span> 
     </span>
    </p>
   </div>
   <div class='ocr_carea' id='block_1_106' title="bbox 2177 4572 3758 4646">
    <p class='ocr_par' dir='ltr' id='par_1_106' title="bbox 2177 4572 3758 4646">
     <span class='ocr_line' id='line_1_106' title="bbox 2177 4572 3758 4646; baseline -0.006 -11"><span class='ocrx_word' id='word_1_752' title='bbox 2177 4600 2290 4646; x_wconf 85' lang='grc' dir='ltr'>τος,</span> <span class='ocrx_word' id='word_1_753' title='bbox 2345 4583 2420 4645; x_wconf 89' lang='grc' dir='ltr'>ὡς</span> <span class='ocrx_word' id='word_1_754' title='bbox 2475 4583 2572 4634; x_wconf 75' lang='grc' dir='ltr'><strong>καὶ</strong></span> <span class='ocrx_word' id='word_1_755' title='bbox 2629 4581 2756 4642; x_wconf 79' lang='grc' dir='ltr'>τοὺς</span> <span class='ocrx_word' id='word_1_756' title='bbox 2813 4579 3006 4642; x_wconf 84' lang='grc' dir='ltr'>ἄλλους</span> <span class='ocrx_word' id='word_1_757' title='bbox 3059 4577 3412 4646; x_wconf 83' lang='grc' dir='ltr'>ἀσπασμοὺς,</span> <span class='ocrx_word' id='word_1_758' title='bbox 3465 4577 3557 4629; x_wconf 69' lang='grc' dir='ltr'>τὸν</span> <span class='ocrx_word' id='word_1_759' title='bbox 3593 4578 3647 4626; x_wconf 81' lang='grc' dir='ltr'>ὲν</span> <span class='ocrx_word' id='word_1_760' title='bbox 3695 4572 3758 4641; x_wconf 74' lang='grc' dir='ltr'>τῇ</span> 
     </span>
    </p>
   </div>
   <div class='ocr_carea' id='block_1_107' title="bbox 2181 4661 3760 4742">
    <p class='ocr_par' dir='ltr' id='par_1_107' title="bbox 2181 4661 3760 4742">
     <span class='ocr_line' id='line_1_107' title="bbox 2181 4661 3760 4742; baseline -0.007 -16"><span class='ocrx_word' id='word_1_761' title='bbox 2181 4674 2413 4742; x_wconf 83' lang='grc' dir='ltr'>συνόδῳ,</span> <span class='ocrx_word' id='word_1_762' title='bbox 2474 4671 2571 4725; x_wconf 84' lang='grc' dir='ltr'>καὶ</span> <span class='ocrx_word' id='word_1_763' title='bbox 2609 4670 2752 4739; x_wconf 78' lang='grc' dir='ltr'>μετὰ</span> <span class='ocrx_word' id='word_1_764' title='bbox 2801 4669 2900 4740; x_wconf 85' lang='grc' dir='ltr'><strong>τὴν</strong></span> <span class='ocrx_word' id='word_1_765' title='bbox 2954 4669 3323 4740; x_wconf 81' lang='grc' dir='ltr'>χειροτονίαν·</span> <span class='ocrx_word' id='word_1_766' title='bbox 3377 4671 3468 4721; x_wconf 85' lang='grc' dir='ltr'>ὅτε</span> <span class='ocrx_word' id='word_1_767' title='bbox 3523 4664 3690 4718; x_wconf 80' lang='grc' dir='ltr'>ἐλθὼν</span> <span class='ocrx_word' id='word_1_768' title='bbox 3732 4661 3760 4712; x_wconf 81' lang='grc' dir='ltr'><strong>ὁ</strong></span> 
     </span>
    </p>
   </div>
   <div class='ocr_carea' id='block_1_108' title="bbox 2181 4757 3762 4836">
    <p class='ocr_par' dir='ltr' id='par_1_108' title="bbox 2181 4757 3762 4836">
     <span class='ocr_line' id='line_1_108' title="bbox 2181 4757 3762 4836; baseline -0.007 -15"><span class='ocrx_word' id='word_1_769' title='bbox 2181 4770 2378 4821; x_wconf 58' lang='grc' dir='ltr'><strong>νεωστὶ⁵</strong></span> <span class='ocrx_word' id='word_1_770' title='bbox 2408 4765 2834 4836; x_wconf 72' lang='grc' dir='ltr'>χειροτονηθεὶς,</span> <span class='ocrx_word' id='word_1_771' title='bbox 2884 4764 2976 4817; x_wconf 76' lang='grc' dir='ltr'>τοῦ</span> <span class='ocrx_word' id='word_1_772' title='bbox 3034 4762 3477 4832; x_wconf 86' lang='grc' dir='ltr'>ἀρχιεπισκόπου</span> <span class='ocrx_word' id='word_1_773' title='bbox 3527 4760 3622 4812; x_wconf 69' lang='grc' dir='ltr'><strong>καὶ</strong></span> <span class='ocrx_word' id='word_1_774' title='bbox 3659 4757 3762 4810; x_wconf 80' lang='grc' dir='ltr'><strong>τῶν</strong></span> 
     </span>
    </p>
   </div>
   <div class='ocr_carea' id='block_1_109' title="bbox 2179 4847 3764 4930">
    <p class='ocr_par' dir='ltr' id='par_1_109' title="bbox 2179 4847 3764 4930">
     <span class='ocr_line' id='line_1_109' title="bbox 2179 4847 3764 4930; baseline -0.008 -18"><span class='ocrx_word' id='word_1_775' title='bbox 2179 4860 2486 4930; x_wconf 80' lang='grc' dir='ltr'>ἀρχιερέων</span> <span class='ocrx_word' id='word_1_776' title='bbox 2512 4857 2863 4926; x_wconf 78' lang='grc' dir='ltr'>καθημένων,</span> <span class='ocrx_word' id='word_1_777' title='bbox 2909 4855 3214 4926; x_wconf 77' lang='grc' dir='ltr'>προσκυνεῖ</span> <span class='ocrx_word' id='word_1_778' title='bbox 3255 4853 3380 4922; x_wconf 81' lang='grc' dir='ltr'>τρὶς</span> <span class='ocrx_word' id='word_1_779' title='bbox 3429 4852 3508 4922; x_wconf 82' lang='grc' dir='ltr'>τῷ</span> <span class='ocrx_word' id='word_1_780' title='bbox 3547 4847 3764 4920; x_wconf 79' lang='grc' dir='ltr'>μεγάλῳ</span> 
     </span>
    </p>
   </div>
   <div class='ocr_carea' id='block_1_110' title="bbox 2181 4942 3764 5024">
    <p class='ocr_par' dir='ltr' id='par_1_110' title="bbox 2181 4942 3764 5024">
     <span class='ocr_line' id='line_1_110' title="bbox 2181 4942 3764 5024; baseline -0.011 -18"><span class='ocrx_word' id='word_1_781' title='bbox 2181 4954 2455 5024; x_wconf 81' lang='grc' dir='ltr'>ἀρχιερεῖ,</span> <span class='ocrx_word' id='word_1_782' title='bbox 2491 4951 2590 5018; x_wconf 81' lang='grc' dir='ltr'>τὴν</span> <span class='ocrx_word' id='word_1_783' title='bbox 2633 4947 2914 5016; x_wconf 78' lang='grc' dir='ltr'>ὑποταγὴν</span> <span class='ocrx_word' id='word_1_784' title='bbox 2949 4946 3116 5001; x_wconf 83' lang='grc' dir='ltr'>αὑτοῦ</span> <span class='ocrx_word' id='word_1_785' title='bbox 3149 4945 3391 5008; x_wconf 83' lang='grc' dir='ltr'>δεικνὺς,</span> <span class='ocrx_word' id='word_1_786' title='bbox 3447 4945 3544 4998; x_wconf 82' lang='grc' dir='ltr'><strong>καὶ</strong></span> <span class='ocrx_word' id='word_1_787' title='bbox 3591 4942 3764 5009; x_wconf 85' lang='grc' dir='ltr'>τιμῶν</span> 
     </span>
    </p>
   </div>
   <div class='ocr_carea' id='block_1_111' title="bbox 2179 5033 3766 5114">
    <p class='ocr_par' dir='ltr' id='par_1_111' title="bbox 2179 5033 3766 5114">
     <span class='ocr_line' id='line_1_111' title="bbox 2179 5033 3766 5114; baseline -0.009 -16"><span class='ocrx_word' id='word_1_788' title='bbox 2179 5047 2280 5114; x_wconf 82' lang='grc' dir='ltr'><strong>τὴν</strong></span> <span class='ocrx_word' id='word_1_789' title='bbox 2319 5044 2547 5114; x_wconf 78' lang='grc' dir='ltr'>Τριάδα.</span> <span class='ocrx_word' id='word_1_790' title='bbox 2595 5040 2727 5096; x_wconf 74' lang='grc' dir='ltr'>Εἶτα</span> <span class='ocrx_word' id='word_1_791' title='bbox 2781 5040 3123 5112; x_wconf 84' lang='grc' dir='ltr'>προσελθὼν,</span> <span class='ocrx_word' id='word_1_792' title='bbox 3175 5039 3633 5106; x_wconf 77' lang='grc' dir='ltr'>ὑπανισταμὲνου</span> <span class='ocrx_word' id='word_1_793' title='bbox 3677 5033 3766 5086; x_wconf 77' lang='grc' dir='ltr'>καὶ</span> 
     </span>
    </p>
   </div>
   <div class='ocr_carea' id='block_1_112' title="bbox 2181 5130 3768 5208">
    <p class='ocr_par' dir='ltr' id='par_1_112' title="bbox 2181 5130 3768 5208">
     <span class='ocr_line' id='line_1_112' title="bbox 2181 5130 3768 5208; baseline -0.006 -16"><span class='ocrx_word' id='word_1_794' title='bbox 2181 5140 2275 5192; x_wconf 74' lang='grc' dir='ltr'>τοῦ</span> <span class='ocrx_word' id='word_1_795' title='bbox 2312 5139 2751 5208; x_wconf 84' lang='grc' dir='ltr'>ἀρχιεπισκόπου</span> <span class='ocrx_word' id='word_1_796' title='bbox 2782 5137 3002 5207; x_wconf 82' lang='grc' dir='ltr'>μικρὸν,</span> <span class='ocrx_word' id='word_1_797' title='bbox 3050 5135 3321 5205; x_wconf 82' lang='grc' dir='ltr'>τιμῶντος</span> <span class='ocrx_word' id='word_1_798' title='bbox 3351 5135 3518 5187; x_wconf 63' lang='grc' dir='ltr'>αὐτὸν</span> <span class='ocrx_word' id='word_1_799' title='bbox 3563 5131 3637 5194; x_wconf 80' lang='grc' dir='ltr'>ὡς</span> <span class='ocrx_word' id='word_1_800' title='bbox 3671 5130 3768 5197; x_wconf 80' lang='grc' dir='ltr'><strong>ἀρ·-</strong></span> 
     </span>
    </p>
   </div>
   <div class='ocr_carea' id='block_1_113' title="bbox 2185 5222 3816 5326">
    <p class='ocr_par' dir='ltr' id='par_1_113' title="bbox 2185 5222 3816 5326">
     <span class='ocr_line' id='line_1_113' title="bbox 2185 5222 3816 5326; baseline -0.006 -45"><span class='ocrx_word' id='word_1_801' title='bbox 2185 5231 2397 5300; x_wconf 85' lang='grc' dir='ltr'>χιερέα,</span> <span class='ocrx_word' id='word_1_802' title='bbox 2446 5229 2681 5286; x_wconf 75' lang='grc' dir='ltr'>καὶτῶν</span> <span class='ocrx_word' id='word_1_803' title='bbox 2714 5229 2890 5284; x_wconf 77' lang='grc' dir='ltr'>ἄλλων</span> <span class='ocrx_word' id='word_1_804' title='bbox 2939 5229 2997 5281; x_wconf 81' lang='grc' dir='ltr'><strong>δὲ</strong></span> <span class='ocrx_word' id='word_1_805' title='bbox 3050 5228 3364 5298; x_wconf 82' lang='grc' dir='ltr'>ίσταμένων</span> <span class='ocrx_word' id='word_1_806' title='bbox 3422 5222 3816 5326; x_wconf 37' lang='grc' dir='ltr'>ἁρχιερέωνὝ</span> 
     </span>
    </p>
   </div>
   <div class='ocr_carea' id='block_1_114' title="bbox 2184 5314 3767 5390">
    <p class='ocr_par' dir='ltr' id='par_1_114' title="bbox 2184 5314 3767 5390">
     <span class='ocr_line' id='line_1_114' title="bbox 2184 5314 3767 5390; baseline -0.009 -13"><span class='ocrx_word' id='word_1_807' title='bbox 2184 5327 2297 5384; x_wconf 72' lang='grc' dir='ltr'>ἴσος</span> <span class='ocrx_word' id='word_1_808' title='bbox 2333 5323 2444 5390; x_wconf 81' lang='grc' dir='ltr'>γάρ</span> <span class='ocrx_word' id='word_1_809' title='bbox 2509 5325 2658 5374; x_wconf 78' lang='grc' dir='ltr'>ἐστιν</span> <span class='ocrx_word' id='word_1_810' title='bbox 2687 5323 2874 5384; x_wconf 84' lang='grc' dir='ltr'>αὐτοῖς</span> <span class='ocrx_word' id='word_1_811' title='bbox 2906 5322 3008 5375; x_wconf 73' lang='grc' dir='ltr'>καὶ·</span> <span class='ocrx_word' id='word_1_812' title='bbox 3030 5319 3344 5389; x_wconf 77' lang='grc' dir='ltr'>όματαγής,</span> <span class='ocrx_word' id='word_1_813' title='bbox 3399 5319 3646 5371; x_wconf 82' lang='grc' dir='ltr'>ποιεῖται</span> <span class='ocrx_word' id='word_1_814' title='bbox 3677 5314 3767 5365; x_wconf 77' lang='grc' dir='ltr'>τὸν</span> 
     </span>
    </p>
   </div>
   <div class='ocr_carea' id='block_1_115' title="bbox 2185 5405 3768 5485">
    <p class='ocr_par' dir='ltr' id='par_1_115' title="bbox 2185 5405 3768 5485">
     <span class='ocr_line' id='line_1_115' title="bbox 2185 5405 3768 5485; baseline -0.006 -19"><span class='ocrx_word' id='word_1_815' title='bbox 2185 5414 2480 5484; x_wconf 75' lang='grc' dir='ltr'>ἀσπασμὸν</span> <span class='ocrx_word' id='word_1_816' title='bbox 2513 5413 2784 5485; x_wconf 82' lang='grc' dir='ltr'>συνήθως·</span> <span class='ocrx_word' id='word_1_817' title='bbox 2821 5414 2915 5467; x_wconf 71' lang='grc' dir='ltr'><strong>καὶ</strong></span> <span class='ocrx_word' id='word_1_818' title='bbox 2953 5414 3046 5466; x_wconf 74' lang='grc' dir='ltr'><strong>τὸν</strong></span> <span class='ocrx_word' id='word_1_819' title='bbox 3085 5412 3186 5482; x_wconf 79' lang='grc' dir='ltr'>μὲν</span> <span class='ocrx_word' id='word_1_820' title='bbox 3217 5410 3660 5482; x_wconf 77' lang='grc' dir='ltr'>ἁρχιεπίσκοπον</span> <span class='ocrx_word' id='word_1_821' title='bbox 3690 5405 3768 5465; x_wconf 82' lang='grc' dir='ltr'><strong>είς</strong></span> 
     </span>
    </p>
   </div>
   <div class='ocr_carea' id='block_1_116' title="bbox 2185 5498 3764 5575">
    <p class='ocr_par' dir='ltr' id='par_1_116' title="bbox 2185 5498 3764 5575">
     <span class='ocr_line' id='line_1_116' title="bbox 2185 5498 3764 5575; baseline -0.008 -17"><span class='ocrx_word' id='word_1_822' title='bbox 2185 5507 2250 5559; x_wconf 67' lang='grc' dir='ltr'>τὸ</span> <span class='ocrx_word' id='word_1_823' title='bbox 2275 5507 2402 5572; x_wconf 83' lang='grc' dir='ltr'>γόνυ</span> <span class='ocrx_word' id='word_1_824' title='bbox 2437 5505 2536 5557; x_wconf 73' lang='grc' dir='ltr'>καὶ.</span> <span class='ocrx_word' id='word_1_825' title='bbox 2581 5507 2681 5574; x_wconf 75' lang='grc' dir='ltr'>τὴν</span> <span class='ocrx_word' id='word_1_826' title='bbox 2713 5507 2871 5574; x_wconf 82' lang='grc' dir='ltr'>χεῖρα</span> <span class='ocrx_word' id='word_1_827' title='bbox 2904 5505 2999 5558; x_wconf 72' lang='grc' dir='ltr'><strong>καὶ</strong></span> <span class='ocrx_word' id='word_1_828' title='bbox 3027 5506 3128 5575; x_wconf 83' lang='grc' dir='ltr'>τὴν</span> <span class='ocrx_word' id='word_1_829' title='bbox 3163 5503 3403 5573; x_wconf 76' lang='grc' dir='ltr'>παρειὰν</span> <span class='ocrx_word' id='word_1_830' title='bbox 3435 5498 3764 5564; x_wconf 76' lang='grc' dir='ltr'>ἀσπάζεται,</span> 
     </span>
    </p>
   </div>
   <div class='ocr_carea' id='block_1_117' title="bbox 2186 5589 3764 5668">
    <p class='ocr_par' dir='ltr' id='par_1_117' title="bbox 2186 5589 3764 5668">
     <span class='ocr_line' id='line_1_117' title="bbox 2186 5589 3764 5668; baseline -0.007 -17"><span class='ocrx_word' id='word_1_831' title='bbox 2186 5601 2312 5661; x_wconf 78' lang='grc' dir='ltr'>τοὺς</span> <span class='ocrx_word' id='word_1_832' title='bbox 2346 5600 2624 5666; x_wconf 80' lang='grc' dir='ltr'>ἀρχιερεῖς</span> <span class='ocrx_word' id='word_1_833' title='bbox 2666 5598 2720 5649; x_wconf 73' lang='grc' dir='ltr'>δὲ</span> <span class='ocrx_word' id='word_1_834' title='bbox 2771 5598 3101 5668; x_wconf 68' lang='grc' dir='ltr'>ἱσταμένους</span> <span class='ocrx_word' id='word_1_835' title='bbox 3145 5596 3307 5668; x_wconf 75' lang='lat'><strong>168</strong></span> <span class='ocrx_word' id='word_1_836' title='bbox 3347 5597 3430 5657; x_wconf 86' lang='grc' dir='ltr'><strong>είς</strong></span> <span class='ocrx_word' id='word_1_837' title='bbox 3478 5593 3541 5644; x_wconf 82' lang='grc' dir='ltr'>τὸ</span> <span class='ocrx_word' id='word_1_838' title='bbox 3572 5589 3764 5658; x_wconf 78' lang='grc' dir='ltr'>στόμα.</span> 
     </span>
    </p>
   </div>
   <div class='ocr_carea' id='block_1_118' title="bbox 2191 5684 3768 5764">
    <p class='ocr_par' dir='ltr' id='par_1_118' title="bbox 2191 5684 3768 5756">
     <span class='ocr_line' id='line_1_118' title="bbox 2191 5684 3768 5756; baseline -0.008 -15"><span class='ocrx_word' id='word_1_839' title='bbox 2191 5692 2297 5742; x_wconf 73' lang='grc' dir='ltr'>Καὶ</span> <span class='ocrx_word' id='word_1_840' title='bbox 2319 5689 2460 5741; x_wconf 72' lang='grc' dir='ltr'>οὕτω</span> <span class='ocrx_word' id='word_1_841' title='bbox 2493 5689 2653 5740; x_wconf 74' lang='grc' dir='ltr'>πάλιν</span> <span class='ocrx_word' id='word_1_842' title='bbox 2682 5688 2848 5756; x_wconf 79' lang='grc' dir='ltr'>μέσον</span> <span class='ocrx_word' id='word_1_843' title='bbox 2883 5690 3037 5754; x_wconf 68' lang='grc' dir='ltr'>στὰς,</span> <span class='ocrx_word' id='word_1_844' title='bbox 3072 5690 3164 5741; x_wconf 77' lang='grc' dir='ltr'><strong>καὶ</strong></span> <span class='ocrx_word' id='word_1_845' title='bbox 3193 5689 3282 5740; x_wconf 80' lang='grc' dir='ltr'><strong>τὸν</strong></span> <span class='ocrx_word' id='word_1_846' title='bbox 3328 5684 3768 5755; x_wconf 80' lang='grc' dir='ltr'>ἀρχιεπίσκοπον</span> 
     </span>
    </p>
   </div>
   <div class='ocr_carea' id='block_1_119' title="bbox 2188 5773 3768 5853">
    <p class='ocr_par' dir='ltr' id='par_1_119' title="bbox 2188 5773 3768 5853">
     <span class='ocr_line' id='line_1_119' title="bbox 2188 5773 3768 5853; baseline -0.003 -17"><span class='ocrx_word' id='word_1_847' title='bbox 2188 5780 2599 5853; x_wconf 78' lang='grc' dir='ltr'>προσκυνήσας,</span> <span class='ocrx_word' id='word_1_848' title='bbox 2650 5779 2939 5834; x_wconf 82' lang='grc' dir='ltr'>κελεύεται.</span> <span class='ocrx_word' id='word_1_849' title='bbox 2983 5781 3336 5853; x_wconf 76' lang='grc' dir='ltr'>καθεσθῆναι·</span> <span class='ocrx_word' id='word_1_850' title='bbox 3370 5779 3483 5852; x_wconf 43' lang='grc' dir='ltr'>,καὶ</span> <span class='ocrx_word' id='word_1_851' title='bbox 3533 5773 3768 5845; x_wconf 69' lang='grc' dir='ltr'>κάθηται</span> 
     </span>
    </p>
   </div>
  </div>
