4034 6192
303 285 403 350 437

1371 294 1468 353 DE
1513 295 1787 358 SACRIS
1815 297 2509 370 ΟΒΒΙΝΑΤΙΟΝΙΒΠΞ.

3459 309 3566 375 438

297 405 378 466 εἷς
402 403 492 456 τὸν
515 404 680 458 τόπον
708 405 808 476 τῆς
838 407 1009 475 αὐτῆς
1049 409 1408 479 Ἐκκλησῑας,
1437 413 1538 483 ἤδη
1565 416 1660 468 καὶ
1689 415 1878 470 τοῦτον

1995 426 2042 480 in
2071 430 2253 484 medio
2277 437 2410 495 stat,
2437 441 2488 486 et
2525 440 2816 502 postquam
2877 445 3000 488 sese
3046 445 3232 486 coram
3291 431 3568 500 archiepi-

297 495 656 566 παραλαϐών.
697 498 788 550 Διὸ
830 497 925 550 καὶ
970 499 998 550 6
1041 499 1338 570 ἀσπασμὸς
1381 503 1612 568 γίνεται,
1647 503 1734 557 ἵνα
1783 506 1878 560 καὶ

297 587 390 641 τὸν
414 589 602 655 Θρόνον
629 589 796 642 αὐτοῦ
837 591 978 662 λάῦῃ
1023 592 1118 645 κοιλ⁴
1168 595 1542 666 συγκάοεδρος
1574 597 1878 668 ἀναγορευ-

297 681 361 752 θῇ
413 685 510 750 τῆς
566 683 783 736 συνόδου
824 685 919 738 καὶ
973 688 1298 756 συγκριτής.
1337 689 1449 742 Καὶ
1493 689 1559 760 δὴ
1611 690 1750 744 κατὰ
1781 692 1881 762 τὴν

295 775 448 841 τάξιν
471 776 564 829 τοῦ
584 776 772 846 θρόνου
793 777 957 832 αὐτοῦ
986 781 1078 832 καὶ
1101 781 1198 850 τὴν
1226 781 1394 851 τιμὴν
1418 781 1552 850 ἔχει’
1581 789 1678 837 καὶ
1705 783 1878 856 κάθη-

297 883 388 920 ται
424 869 515 919 καὶ
541 869 898 938 γνωμοδοτεί,
945 872 1038 923 καὶ
1064 871 1132 924 τὰ
1164 871 1328 924 λοιπὰ
1356 873 1594 942 ἐνεργεῖ.

861 1161 1110 1214 ΚΕΦΑΛ.
1149 1160 1320 1216 ΣΚΓ.

296 1277 464 1330 Arati
497 1278 567 1328 ἐν
593 1275 674 1342 τῷ
721 1277 896 1343 τρίτῳ
930 1277 1032 1330 καὶ
1079 1278 1406 1340 τελευταίῳ
1437 1277 1744 1345 ἀσπασμῷ
1785 1281 1885 1331 θυ-

365 1349 564 1416 μίαμα
587 1347 738 1416 μετὰ
760 1345 1260 1416 ροδοστάγματος
1311 1349 1750 1416 προσφέρεταιέ
1787 1347 1884 1400 καὶ

368 1415 506 1484 περὶ
545 1415 652 1484 τῆς
690 1416 1024 1486 λεγομένης
1072 1415 1372 1483 πράξεως,
1429 1417 1560 1486 ἦτοι
1617 1415 1886 1486 γράμμα-

363 1503 492 1551 τος,
529 1487 600 1538 τὰ
633 1487 762 1554 περὶ
798 1485 908 1553 τῆς
939 1490 1319 1554 χειροτονίας
1341 1485 1705 1554 δηλοῦντος.

377 1602 538 1654 Ἐπεὶ
567 1601 625 1654 δὲ
667 1601 840 1653 ταῦτα
887 1601 975 1654 διὰ
1023 1603 1124 1670 τῆς
1157 1601 1378 1672 χάριτος
1409 1600 1594 1664 ἔλαϐε,
1638 1602 1734 1654 καὶ
1779 1600 1888 1654 τῶν

295 1695 551 1763 εὐόσμων
582 1693 955 1763 προσφέρεται
1008 1709 1082 1760 τι,
1119 1686 1230 1746 οἷον
1267 1693 1636 1762 ροδόσταγμα,
1667 1693 1760 1746 καὶ
1793 1692 1887 1744 θυ-

300 1788 490 1856 μίαμα
515 1787 603 1840 διὰ
625 1785 716 1838 τοῦ
745 1787 836 1838 ἐπὶ
865 1785 968 1854 τῆς
1005 1785 1283 1852 εὐταξίας,
1314 1785 1370 1848 ὃς
1403 1786 1498 1837 καὶ
1529 1786 1884 1854 προηγεῖται,
1920 1780 1962 1836 Β

297 1881 392 1932 καὶ
429 1881 522 1930 τὶν
561 1879 1016 1948 χειροτονηθέντα
1047 1881 1103 1932 ὲν
1132 1878 1341 1940 τούτοις
1376 1878 1510 1929 πᾶσι
1544 1875 1884 1945 προπέμπει.

295 1971 487 2034 eam;
550 1971 642 2024 οὗν
691 1976 719 2024 6
787 1971 1195 2042 χειροτονηθεὶς
1252 1971 1549 2040 ἀρχιερεὺς
1613 1968 1888 2030 καταστὰς

293 2067 480 2120 πάντα
505 2066 576 2118 τὰ
609 2065 978 2135 νενομισμένα
1003 2065 1310 2118 τετέλεκεν.
1344 2065 1438 2125 “0;
1465 2062 1562 2114 καὶ
1593 2061 1888 2130 ἐγγράφως

292 2158 570 2228 λαμϐάνει
621 2157 691 2209 τὰ
727 2157 856 2228 περὶ
908 2155 1074 2210 αὑτοῦ
1125 2157 1496 2225 ὑπομνήματα
1538 2158 1618 2219 εἰς
1649 2155 1886 2225 δήλωσιν

293 2249 628 2318 ἀσφαλείας,
663 2250 902 2319 γράμμα
928 2248 1108 2302 λαϐὼν
1135 2249 1310 2301 πάντα
1341 2251 1594 2318 περιέχον
1625 2251 1724 2314 τὴν
1753 2249 1888 2302 ἁνα-

291 2327 492 2412 γωγὴν
529 2342 718 2406 αὐτοῦ,
747 2344 844 2410 τὴν
877 2341 1202 2412 ἱερωσύνην,
1227 2343 1317 2394 τὸν
1344 2341 1480 2411 βίον,
1514 2341 1612 2403 τὰς
1639 2340 1878 2410 ψήφους,

294 2434 386 2486 καὶ
417 2433 532 2484 ὑπὸ
565 2432 730 2485 τίνων
755 2431 1081 2502 ἐψήφισται,
1113 2433 1204 2484 καὶ
1237 2433 1385 2494 ὅπως
1418 2432 1516 2500 τὴν
1547 2430 1888 2500 ἀρχιερωσύ-

291 2540 387 2592 νην
425 2523 735 2585 κανονικῶς
767 2523 980 2576 ἔλαϐεν.
1042 2525 1105 2576 Ὃ
1154 2523 1218 2592 δὴ
1267 2524 1364 2576 καὶ
1398 2523 1424 2574 6
1458 2521 1889 2592 ἀρχιεπίσκοπος

291 2614 644 2683 ὑπογράφει,
677 2614 772 2668 καὶ
805 2613 1002 2684 βούλλῃ
1051 2613 1226 2678 οἰκείᾳ
1287 2613 1607 2682 σφραγίζει,
1643 2613 1719 2675 ὡς
1753 2612 1818 2666 ἄν
1853 2613 1884 2682 ἡ

289 2705 370 2770 εἰς
391 2706 501 2778 τὴν
533 2707 845 2778 ἐπισκοπὴν
868 2707 1204 2770 κατάστασις
1229 2707 1586 2776 ὲμμάρτυρος
1614 2704 1804 2758 τούτου

861 2997 1108 3060 ΚΕΦΑΛ.
1151 2996 1322 3050 ΣΚΔ’.

295 3093 428 3161 Περὶ
475 3093 912 3158 καταστάσεως
938 3091 1036 3144 καὶ
1065 3091 1462 3164 χειρρτονίας,
1491 3089 1883 3159 πατριάρχου.
1912 3115 1957 3178 C

375 3185 541 3237 Ἐπεὶ
592 3183 648 3236 δὲ
701 3183 798 3236 καὶ
842 3185 871 3236 6
923 3185 1271 3253 πατριάρχης
1307 3183 1630 3244 ἐπίσκοπος,
1680 3181 1884 3251 ἴδωμεν

298 3279 391 3332 καὶ
416 3277 498 3332 τὰ
524 3275 647 3330 κατ’
675 3276 841 3328 αὑτὸν
873 3277 931 3328 ὲν
963 3277 1032 3344 τῇ
1068 3275 1378 3346 χειροτονίᾳ
1414 3272 1509 3327 τοῦ
1556 3272 1882 3328 ἐπισκόπου.

301 3371 658 3442 Πατριάρχου
712 3368 850 3438 πρὸς
903 3367 1037 3420 Θεὸν
1089 3368 1500 3436 μεταστάντος,
1551 3365 1728 3427 οὐδεὶς
1779 3365 1888 3418 τῶν

301 3465 612 3536 ἀρχιερέων
642 3465 708 3534 τῇ
743 3461 970 3533 Μεγάλῃ
1000 3461 1139 3535 ᾷλως
1201 3459 1474 3530 ἐκκλησίᾳ
1523 3457 1884 3530 παραϐάλλει,

302 3557 388 3610 ἱνα
423 3557 508 3626 μὴ
547 3555 624 3619 ὡς
657 3553 923 3623 ἐπιϐάτης
969 3551 1219 3624 λογισθῇ.
1253 3551 1362 3604 Τοῦ
1409 3550 1678 3622 βασιλέως
1709 3551 1780 3604 δὲ
1812 3547 1889 3612 ὡς

302 3653 531 3704 ἔκδικον
564 3649 665 3716 τῆς
705 3647 1040 3716 Ἐκκλησίας
1083 3645 1404 3716 προτροπὴν
1435 3643 1642 3698 ἄνωθεν
1673 3643 1886 3712 ἔχοντος

309 3744 406 3796 τῶν
433 3742 608 3796 θείων
649 3740 934 3807 Πατέρων,
992 3737 1210 3790 σύνοδον
1263 3736 1414 3806 ἱερὰν
1477 3735 1667 3788 τούτου
1725 3733 1888 3803 χάριν

309 3837 566 3903 συνάγειν
615 3831 962 3901 ἀρχιερέων,
1020 3819 1182 3890 αὐτὸς
1239 3828 1304 3899 δὴ
1359 3827 1387 3879 6
1433 3825 1686 3898 βασιλεὺς
1762 3824 1890 3886 τοὺς

303 3924 731 3995 πλησιοχώρους
767 3921 1160 3992 προσκαλεῖται
1191 3921 1280 3974 διὰ
1313 3919 1757 3991 προσταγμάτων
1787 3918 1890 3986 ἀρ-

303 4019 540 4085 χιερεῖς.
571 4011 680 4068 Καὶ
713 4009 1094 4079 συναχθέντων
1129 4009 1330 4074 αὐτῶν,
1365 4009 1565 4072 πάντες
1593 4008 1724 4061 οἵτε
1756 4009 1892 4075 πρό-

303 4123 468 4176 τερον
499 4104 654 4165 ὄντες
682 4103 740 4155 ὲν
771 4104 836 4172 τῇ
865 4101 1076 4174 μεγάλῃ
1110 4099 1284 4166 πόλει,
1310 4101 1362 4154 οἵ
1381 4118 1442 4154 τε
1474 4099 1638 4153 συναθ
1651 4099 1892 4170 ροισθὲν-

301 4211 394 4257 τες
454 4191 662 4258 ἔξωθεν
715 4191 830 4243 ὅσοι
877 4189 1116 4242 δυνατὸν
1157 4189 1354 4252 ἐλθεῖν,
1411 4190 1536 4241 ἐπεὶ
1584 4189 1678 4242 καὶ
1733 4187 1891 4256 εἴπερ

305 4290 522 4346 πάντες
550 4279 708 4353 ἦσαν
729 4285 1027 4346 κανονικοὶ,
1063 4282 1158 4334 τοῦ
1207 4281 1471 4350 βασιλέως
1507 4281 1892 4351 προστάγματι

303 4377 448 4447 ὁμοῦ
482 4377 816 4442 συνάγονται
867 4377 926 4426 ὲν
975 4372 1106 4442 ἱερῴ
1148 4371 1302 4443 τόπῳ
1345 4373 1448 4426 ἐνί.
1497 4373 1608 4425 Καὶ
1650 4371 1807 4424 τοῦτο
1835 4373 1892 4424 δὲ

1985 534 2152 590 scopo
2188 523 2494 589 inclinavit,
2520 524 2769 580 assidere
2797 523 3047 595 jubetur.
3083 523 3249 581 Sedet
3297 535 3474 579 autem
3509 525 3561 580 iu

1985 614 2106 668 loco
2131 615 2378 670 ecclesim
2423 633 2536 673 sua:
2570 618 2756 674 debito
2783 661 2800 686 ,
2827 619 2941 689 jam
2963 619 3112 675 illius
3141 627 3400 687 capturus
3433 633 3562 687 pos-

1985 707 2324 776 sessionem;
2357 708 2482 764 ideo
2503 711 2650 765 enim
2687 713 2746 764 lit
2769 711 2859 766 illa
2893 712 3176 774 salutatio,
3209 721 3269 765 ut
3299 712 3556 765 thronum

1985 813 2150 852 suum
2175 801 2436 870 accipiat,
2474 811 2528 856 et
2557 802 2753 872 synodi
2787 802 3168 872 promulgatur
3205 817 3472 860 assessor.
3507 810 3563 855 et

1985 906 2108 946 cum
2141 892 2264 947 aliis
2310 892 2498 962 judcx.
2533 891 2668 947 Nam
2727 894 3030 949 secundum
3079 893 3324 949 ordinem
3379 895 3562 948 throni

1987 983 2072 1038 sui
2107 995 2158 1039 ct
2185 985 2512 1049 honoratur,
2544 995 2596 1040 et
2627 987 2801 1052 sedet,
2845 997 2900 1042 et
2949 988 3276 1043 sententiam
3329 987 3478 1051 dicit,
3514 993 3568 1040 et

1985 1085 2182 1130 caetera
2211 1092 2495 1146 operatur.

2513 1193 2744 1249 CAPUT
2774 1193 3051 1252 CCXXI".

1995 1303 2178 1370 Quare
2214 1307 2282 1360 ad
2311 1310 2526 1362 tertium
2557 1319 2612 1382 Act
2651 1311 2898 1382 ultimum
2929 1311 3165 1365 osculum
3216 1314 3416 1382 suﬁims
3449 1328 3564 1364 cum

2063 1393 2210 1444 aqua
2247 1393 2462 1431 rosacea
2503 1379 2748 1444 offertur,
2777 1394 2826 1434 et
2865 1381 2932 1434 de
2981 1383 3187 1435 actione
3235 1379 3342 1436 sire
3374 1386 3568 1448 scripto

2070 1462 2172 1514 quo
2206 1448 2404 1518 singuli
2447 1450 2798 1504 ordinationis
2829 1453 2962 1504 ritus
2987 1465 3343 1520 exponuntur.

2063 1617 2198 1674 Cum
2235 1629 2416 1677 autem
2464 1639 2562 1692 per
2591 1625 2826 1695 gratiam
2888 1627 3005 1682 haec
3071 1632 3364 1699 acceperit,
3410 1633 3572 1688 amart.

1995 1712 2200 1782 aliquid
2259 1716 2612 1782 suaveolens,
2669 1717 2838 1772 veluti
2887 1735 3109 1777 roseum
3167 1723 3457 1796 liquorem,
3517 1735 3570 1780 et

1990 1817 2110 1872 quae
2140 1803 2382 1862 suﬂltum
2414 1817 2538 1875 apta
2566 1817 2694 1863 sunt
2731 1810 2930 1876 facere,
2961 1828 3056 1881 per
3081 1827 3208 1867 eum
3265 1816 3360 1884 qui
3401 1831 3570 1871 caere-

1991 1896 2195 1951 moniis
2227 1902 2424 1955 ordine
2453 1901 2682 1970 agendis
2716 1905 3044 1974 praepositus
3072 1913 3175 1972 est,
3209 1908 3302 1976 qui
3359 1909 3413 1963 in
3469 1910 3570 1964 hu-

1988 1987 2231 2070 iusmodi
2262 1999 2316 2046 et
2343 1993 2520 2061 praeit,
2568 2003 2624 2048 et
2647 1995 2960 2050 ordinatum
2979 1997 3219 2053 deducit.
3244 1999 3378 2054 Cum
3409 2001 3570 2067 igitur

1990 2079 2071 2134 sic
2101 2080 2386 2152 episcopus
2428 2085 2726 2142 institutus
2767 2087 2954 2142 omnia
3009 2105 3130 2156 qua:
3187 2091 3395 2157 legibus
3449 2105 3568 2146 sta-

1993 2179 2108 2224 tuta
2145 2183 2272 2228 sunt
2301 2173 2616 2243 perfecerit.
2647 2177 2856 2248 scripto
2887 2181 3054 2235 etiam
3091 2183 3287 2252 accipit
3311 2183 3570 2238 testiﬁca-

1991 2263 2192 2318 tionem
2225 2266 2538 2322 securitatis
2559 2284 2726 2324 causa
2751 2286 2944 2326 eorum
2985 2289 3105 2342 quae
3141 2279 3206 2329 de
3257 2276 3375 2344 ipso
3422 2277 3566 2330 dicta

1989 2353 2202 2410 laetave
2249 2367 2419 2424 sunt;
2475 2358 2715 2428 diploma
2771 2377 2965 2434 nempe
3017 2369 3199 2420 omnia
3254 2367 3566 2434 continens,

1991 2447 2390 2504 institutionem
2429 2451 2625 2520 ipsius,
2662 2470 2868 2520 mores,
2925 2460 3317 2524 sacerdotium,
3375 2461 3570 2516 suﬂ‘ra-

1989 2539 2096 2608 gia,
2131 2549 2184 2594 et
2215 2557 2242 2596 a
2273 2542 2476 2611 quibus
2505 2545 2763 2618 suffragia
2797 2551 3053 2620 ’accepit,
3107 2567 3284 2620 quave
3355 2555 3566 2609 ratione

1990 2628 2370 2698 episcopatum
2407 2633 2672 2689 canonice
2721 2639 2982 2706 suscepit.
3023 2638 3134 2694 iloc
3191 2643 3560 2696 testimonium

1990 2720 2442 2792 archiepiscopus
2480 2725 2777 2780 subscribit
2807 2738 2859 2782 et
2885 2729 3028 2783 bulla
3051 2735 3267 2800 propria
3295 2735 3566 2803 obsignat,

1991 2818 2050 2861 ut
2077 2809 2146 2863 sit
2179 2810 2254 2864 illi
2291 2815 2656 2880 promotionis
2688 2827 2741 2872 et
2774 2818 3142 2877 institutionis
3185 2822 3250 2876 ad
3284 2823 3568 2893 episcopa—

1992 2910 2103 2956 tum
2129 2902 2458 2959 testiﬁcatio.

2509 2996 2736 3054 CAPUT
2775 2997 3056 3058 CCXXIV.

2097 3085 2176 3140 De
2225 3089 2605 3144 constitutione
2653 3101 2704 3146 et
2751 3094 3086 3147 ordinatione
3113 3097 3454 3164 patriarcluc.

2060 3177 2197 3234 Cum
2236 3189 2422 3236 autem
2454 3183 2750 3251 episcopus
2801 3185 2863 3240 ﬁt
2897 3187 3244 3254 patriarcha,
3285 3189 3570 3246 videamus

1987 3271 2118 3339 quid
2155 3271 2210 3326 in
2235 3273 2358 3342 ejus
2392 3277 2815 3332 consecratione
2868 3267 3152 3333 observari
3213 3281 3407 3336 soleat.
3463 3281 3569 3335 Pa-

1989 3363 2228 3418 triarcha
2255 3378 2324 3418 ex
2365 3365 2468 3418 hac
2499 3365 2607 3420 vita
2639 3367 2706 3420 a’d
2749 3368 2917 3424 Deum
2944 3369 3192 3440 proiecto
3233 3373 3420 3428 nullus
3451 3389 3572 3428 om-

1989 3454 2122 3510 nino
2151 3455 2536 3525 episcoporum
2559 3458 2630 3514 ad
2675 3458 2920 3530 Magnam
2985 3462 3276 3518 ecclesiam
3335 3465 3568 3530 accedit,

1991 3549 2058 3598 n'e
2081 3547 2266 3602 sedem
2303 3547 2448 3602 hanc
2479 3549 2740 3607 invadere
2763 3552 2903 3609 velle
2928 3554 3182 3610 videatur
3207 3575 3222 3612 :
3247 3557 3342 3612 sed
3397 3558 3570 3627 impe-

1990 3642 2140 3690 rator
2158 3650 2219 3691 ea
2246 3636 2314 3694 de
2367 3653 2534 3696 causa
2575 3654 2788 3696 sacram
2853 3645 3236 3714 episcoporum
3293 3648 3566 3714 synodum

1990 3736 2280 3792 convocat,
2311 3745 2376 3784 ea
2427 3741 2592 3788 utens
2659 3735 2988 3790 auctoritate
3037 3737 3144 3792 sibi
3181 3739 3482 3808 antiquitus
3537 3757 3568 3796 a

1991 3819 2195 3875 divinis
2237 3821 2492 3879 Patribus
2548 3837 2606 3879 ut
2637 3825 2900 3882 Ecclesiae
2941 3828 3222 3885 defensori
3285 3847 3568 3890 concessa.

1990 3909 2234 3968 Advocat
2263 3912 2428 3982 igitur
2449 3914 2502 3967 in
2531 3915 2745 3980 urbem,
2783 3917 2949 3986 regiis
2977 3919 3094 3974 suis
3113 3919 3332 3986 litteris,
3359 3921 3572 3979 vicinos

1991 4003 2278 4072 episc0pos
2326 4013 2590 4073 quantum
2643 4007 2759 4060 lieri
2821 4015 3045 4076 potest;
3103 4025 3227 4064 nam
3281 4012 3327 4067 si
3383 4029 3571 4070 omnes

1994 4093 2270 4160 adessent,
2289 4111 2380 4151 res
2401 4107 2550 4151 esset
2579 4097 2739 4167 plane
2765 4102 3050 4155 canonica.
3069 4099 3150 4156 Illi
3185 4103 3349 4174 igitur
3377 4121 3572 4162 secun-

1995 4188 2122 4241 dum
2157 4189 2342 4257 regias
2367 4188 2580 4244 litteras
2617 4181 2783 4245 simul
2814 4207 2939 4245 cum
2983 4193 3051 4248 iis
3083 4195 3176 4262 qui
3210 4195 3260 4247 in
3294 4197 3425 4249 urbe
3457 4207 3571 4248 tum

1995 4279 2361 4332 versanturin
2396 4279 2517 4334 loco
2549 4293 2708 4334 sacro
2760 4292 3188 4354 congregantur.
3221 4285 3298 4339 Ex
3349 4288 3572 4355 antiqua

1999 4379 2180 4425 autem
2233 4373 2636 4429 consuetudine
2690 4363 2812 4430 soli'
2856 4391 2963 4430 non
3012 4389 3453 4448 congregantur,
3509 4395 3576 4434 ne

301 4471 550 4538 ἀρχαῖον
598 4466 721 4530 ἔθος
773 4467 832 4518 τὸ
883 4465 958 4535 μὴ
1021 4465 1218 4534 μόνους
1269 4464 1622 4532 συνάγεσθαι,
1674 4465 1760 4517 ἴνα
1819 4465 1894 4535 μὴ

1999 4463 2294 4518 schismata
2325 4465 2468 4521 inter
2505 4479 2600 4520 eos
2630 4477 2683 4521 et
2733 4467 3004 4525 tumultus
3039 4471 3380 4540 contingant.
3430 4473 3575 4527 Con-

303 4562 602 4632 σχίσματά
625 4577 750 4612 τινα
777 4559 1018 4628 συμϐαίη
1045 4557 1298 4625 γενέσθαι
1319 4559 1416 4611 καὶ
1437 4559 1705 4628 ταραχάς.
1729 4559 1898 4610 Συνά-

301 4671 512 4722 γονται
543 4653 600 4705 δὲ
631 4653 731 4706 οὐκ
759 4653 818 4704 ὲν
844 4651 922 4719 τῷ
957 4651 1182 4720 μεγάλῳ
1216 4650 1326 4718 ναῷ
1349 4651 1440 4703 1:03
1473 4651 1895 4720 πατριαρχείου,

301 4749 392 4803 ὅτι
433 4745 792 4814 πατριάρχης
833 4744 934 4796 οὐκ
979 4743 1116 4806 ἔστι,
1159 4743 1254 4794 καὶ
1305 4742 1478 4794 οὗτινι
1513 4742 1664 4795 ἄδεια
1719 4745 1897 4796 ἐκεῖσε

303 4837 686 4908 παραϐαλεῖν,
707 4836 822 4890 ἀλλ’
851 4838 908 4888 ὲν
943 4836 1022 4904 τῷ
1051 4835 1158 4888 τῶν
1193 4835 1362 4902 ἁγίων
1401 4835 1740 4900 ’Λποστόλων
1772 4836 1904 4905 θείῳ

303 4929 504 5003 σηκῷ,
543 4929 632 4981 διὰ
660 4929 760 4996 τὴν
789 4929 948 4997 χάριν
981 4928 1090 4980 τῶν
1139 4927 1474 4992 ἀποστόλων,
1513 4927 1606 4980 καὶ
1647 4929 1730 4981 ὅτι
1772 4929 1902 4980 ἀπο-

303 5023 572 5076 στολικὸί
599 5025 662 5072 τὸ
686 5021 1086 5088 λειτούργημα,
1141 5022 1236 5072 καὶ
1281 5020 1470 5090 κύκλῳ
1501 5021 1559 5073 δὲ
1599 5023 1657 5075 αἱ
1690 5023 1902 5082 εἰκόνες

301 5115 420 5168 τῶν
451 5110 794 5174 ἀποστόλων,
819 5110 895 5173 ὡς
925 5113 1020 5164 καὶ
1051 5113 1110 5164 ὲν
1139 5111 1216 5181 τῷ
1243 5110 1564 5182 ψηφιφορξῳ
1589 5113 1638 5164 oi
1671 5113 1904 5164 ditiore-

301 5211 394 5260 λοι
431 5205 832 5274 ἀνιστόρηνται
860 5204 1070 5258 ἄνωθεν
1109 5205 1174 5256 τὸ
1201 5204 1426 5272 Πνεῦμα
1457 5205 1758 5274 δεχόμενοι.
1793 5206 1904 5274 Τῆς

307 5299 492 5368 εὐχῆς
531 5293 648 5361 οὖν,
683 5297 901 5348 καὶτῶν
931 5296 1100 5364 τριῶν
1129 5295 1325 5364 φώτων
1369 5297 1464 5350 καὶ
1494 5298 1588 5352 τοῦ
1621 5299 1908 5368 θυμιάμα-

307 5408 432 5458 τος,
461 5391 572 5444 καὶ
595 5390 688 5442 τοῦ
717 5384 1093 5457 μνημοσύνου,
1139 5387 1232 5440 καὶ
1261 5389 1358 5458 τῆς
1395 5389 1710 5453 ἀπολύσεως
1754 5391 1904 5460 παρὰ

313 5484 412 5540 τοῦ
452 5481 684 5552 πρώτου
711 5480 1014 5549 ἀρχιερέως
1039 5479 1402 5533 τελεσθέντων
1427 5523 1442 5546 ,
1480 5481 1908 5549 συμψαλλόντων

315 5579 419 5632 καὶ
481 5573 902 5643 συνευχομένων
965 5575 1058 5626 καὶ
1119 5572 1228 5625 τῶν
1281 5573 1506 5639 λοιπῶν,
1565 5576 1708 5628 κατὰ
1755 5577 1910 5642 τάξιν

317 5672 628 5741 κάθηνται,
663 5668 822 5739 μόνον
847 5668 942 5722 τοῦ
973 5666 1392 5739 χαρτοφύλακος
1431 5668 1612 5732 αὐτοῖς
1641 5686 1908 5738 συμπαρ-

321 5765 508 5826 όντος,
545 5761 640 5815 καὶ⁸
681 5759 752 5823 ὡς
803 5758 922 5822 ἔθος
965 5761 1022 5812 αἱ
1072 5758 1242 5828 ψῆφοι
1289 5761 1348 5814 ἐν
1378 5761 1524 5830 τρισὶ
1571 5759 1912 5830 προσώποις,

2000 4567 2300 4628 gregantur
2331 4567 2514 4613 autem
2573 4574 2682 4614 non
2725 4561 2778 4614 in
2823 4575 3020 4631 magno
3071 4565 3384 4631 patriarchii
3449 4575 3580 4618 tem-

2003 4649 2112 4719 plo,
2136 4661 2201 4703 eo
2239 4649 2380 4718 quod
2416 4663 2522 4702 non
2549 4659 2634 4704 est
2689 4651 3024 4719 patriarcha,
3089 4655 3404 4722 nominique
3454 4655 3579 4708 licet

2002 4742 2134 4796 illud
2167 4739 2447 4804 accedere,
2472 4741 2565 4794 sed
2605 4741 2660 4796 in
2699 4743 2881 4795 divina
2923 4743 3244 4797 Sanctorum
3293 4745 3580 4812 Apostolo-

2003 4851 2124 4890 rum
2177 4833 2430 4900 ecclesia,
2489 4843 2602 4886 tum
2650 4843 2872 4904 propter
2921 4837 3152 4905 gratiam
3201 4839 3574 4904 apostolicam,

2006 4936 2120 4981 tum
2157 4935 2382 4995 propter
2445 4925 2816 4980 ministerium
2855 4927 3232 4996 apostolicum.
3281 4927 3440 4982 Circa
3484 4945 3580 4983 eos

2005 5035 2256 5089 appensa:
2291 5027 2422 5073 sunt
2453 5019 2835 5088 apostolorum
2869 5021 3156 5088 imagines,
3184 5021 3330 5074 velut
3375 5021 3429 5072 in
3462 5019 3580 5074 loco

2007 5111 2390 5181 sulira-giorum
2417 5109 2770 5165 ferendarum
2811 5109 3038 5164 historia
3067 5111 3440 5180 apostolorum
3469 5125 3582 5164 ι-ω·

2009 5207 2140 5258 litus
2163 5201 2428 5272 Spiritum
2467 5202 2847 5272 recipientium
2885 5201 3105 5270 depingi
3161 5210 3424 5256 consueta
3473 5212 3575 5258 est.

2008 5297 2266 5351 Oratione
2297 5295 2460 5362 igitur
2486 5303 2539 5350 et
2571 5295 2748 5348 tribus
2783 5293 3101 5356 luminibus,
3134 5301 3188 5348 et
3221 5293 3400 5349 thuris
3432 5295 3581 5349 solli-

2013 5399 2094 5452 tu,
2126 5396 2180 5439 et
2207 5387 2563 5448 monimento,
2598 5393 2650 5437 et
2696 5383 3042 5437 absolutione
3097 5387 3166 5438 ab
3201 5383 3580 5454 episcoporum

2011 5481 2188 5550 primo
2247 5475 2504 5547 perfectis
2541 5515 2556 5540 ,
2615 5474 2827 5530 caeteris
2890 5474 3054 5529 simul
3111 5477 3474 5545 psallentibus
3530 5487 3585 5531 et

1994 5568 2490 5638 'comprecantibus
2520 5565 2712 5620 ordine
2743 5567 2951 5632 sedent,
2989 5569 3108 5623 solo
3161 5571 3586 5640 chartophylace

2017 5663 2150 5731 ipsis
2211 5659 2553 5714 considente.
2646 5656 2912 5725 Sullragia
3008 5667 3190 5714 autem
3285 5663 3586 5713 secundum

2021 5751 2530 5816 consuetudinem,
2597 5763 2656 5806 ut
2714 5749 2974 5816 diximus,
3033 5753 3086 5806 in
3144 5761 3254 5808 tres
3329 5763 3590 5819 personas
