4034 6192
433 298 541 363 439

1247 303 1626 366 SYMEONIS
1659 302 2418 366 THESSALONICENSIS
2463 305 2820 371 ARCHIEP.

3556 304 3652 369 440
3721 345 3726 352 -

437 415 706 480 feruntur,
730 416 945 485 lataque
979 416 1047 470 ad
1083 416 1466 485 imperatorem
1514 433 1543 471 a
1575 419 2037 486 cltartOphylace.

2123 418 2176 480 ὓς
2208 420 2534 487 είρήκαμεν,
2571 419 2833 484 γίνονται.
2887 416 2998 470 Καὶ
3042 417 3139 479 τὰς
3173 415 3379 484 ψήφους
3411 417 3600 480 ταύτας
3626 424 3652 472 ό

437 516 494 561 et
527 507 741 561 duobus
769 508 1044 575 episcopis
1065 508 1408 565 deferuntur.
1444 509 1620 564 Unius
1647 509 1714 564 de
1750 508 1923 563 tribus
1973 521 2003 560 a

439 598 676 651 concilio
766 600 1062 652 nominatis
1125 600 1323 654 electio
1388 600 1694 669 antiquitus
1776 600 2010 668 impera-

441 686 567 748 t0ri,
610 696 668 739 ut
702 699 887 752 uncto,
917 704 945 742 a
981 688 1237 742 Patrihus
1297 690 1561 758 permissa
1604 700 1707 754 est,
1763 705 1826 744 eo
1863 689 2006 757 quod

439 789 630 830 omnes
657 787 783 831 sunt
824 795 852 832 a
918 781 1128 850 synodo
1171 781 1350 846 electi,
1385 791 1441 835 et
1499 782 1643 852 digiti
1684 797 1749 836 eo
1805 781 2008 836 honore

433 866 683 936 judicati.

957 984 1186 1039 CAPUT
1231 985 1482 1041 CCXXV.

546 1097 698 1161 Quod
723 1099 786 1150 ab
811 1100 1127 1173 imperatore
1166 1103 1278 1170 ipso
1306 1116 1557 1170 prasente
1587 1103 1902 1173 dignitatem

817 1171 1125 1237 patriarcha
1161 1179 1352 1225 electus
1386 1175 1627 1242 suscipit.

507 1259 612 1325 Qui
645 1261 808 1331 igitur
838 1278 868 1316 e
901 1264 1075 1317 tribus
1107 1263 1313 1318 electus
1342 1276 1447 1328 est,
1501 1276 1552 1319 et
1591 1265 1919 1327 declaratus.
1957 1273 2011 1319 et

438 1353 506 1406 ab
539 1353 653 1422 ipso
689 1357 1021 1422 imperatore
1044 1366 1312 1423 praesente
1354 1357 1549 1423 dignus
1598 1358 2008 1426 pronuntiatus,

437 1443 543 1497 hoc
571 1444 716 1497 enim
759 1445 815 1497 iit
849 1455 908 1497 ut
945 1446 1237 1514 plurimum
1265 1455 1488 1514 propter
1519 1447 1699 1514 operis
1737 1448 2010 1514 magnitu-

437 1533 620 1587 dinem
658 1543 712 1587 et
759 1549 924 1602 grave
953 1536 1189 1589 actionis
1221 1545 1574 1600 momentum,
1607 1540 1750 1606 quod
1798 1536 1893 1604 qui
1919 1553 2014 1589 no-

441 1629 658 1685 verunt,
691 1631 1033 1683 reverentur,
1074 1623 1323 1676 electioni
1351 1627 1664 1678 consentire
1693 1640 2010 1693 persuasus,

439 1721 612 1782 eaque
678 1720 922 1777 accepta,
958 1709 1161 1763 indicta
1209 1711 1296 1765 die
1341 1713 1761 1766 declarationem
1790 1715 2010 1781 exeipit,

439 1799 757 1863 convocatis
793 1802 1050 1855 omnibus
1083 1801 1174 1869 qui
1207 1802 1313 1854 illic
1343 1812 1492 1867 sunt,
1525 1805 1819 1873 episcopis,
1853 1820 2007 1871 prcs-

437 1888 666 1958 byteris,
698 1889 1164 1953 archimandritis,
1188 1892 1531 1960 hegumenis,
1559 1895 1726 1957 clero,
1753 1904 1806 1948 et
1829 1893 2014 1962 populi

440 1994 637 2048 magna
671 1989 845 2048 parte,
884 1981 1032 2033 velut
1089 1992 1340 2050 promoto
1377 1985 1650 2037 communi
1683 1985 1864 2047 Patre,
1900 1998 2015 2037 om-

441 2070 604 2124 nibus
661 2085 875 2140 quoque
940 2072 1278 2140 principibus
1328 2074 1605 2142 lampades
1635 2077 2010 2145 gestantibus,

441 2159 584 2213 facta
618 2175 798 2230 prece,
834 2171 893 2214 ut
921 2160 1127 2214 dictum
1156 2172 1258 2227 est,
1293 2164 1362 2217 ab
1393 2165 1568 2218 electo
1596 2167 1932 2233 patriarcha,
1961 2176 2018 2219 et

443 2251 787 2316 ditnissione,
831 2253 1092 2308 solemnis
1133 2254 1233 2307 illa
1252 2257 1574 2322 patriarchae
1610 2257 1771 2310 electi
1833 2256 2018 2312 deela-

441 2342 585 2396 ratio
619 2343 732 2396 sive
773 2342 1034 2397 iudicatio
1068 2359 1096 2396 a
1135 2345 1391 2399 maximis
1425 2347 1720 2400 senatoriis
1751 2347 2016 2416 principi-

443 2431 547 2484 bus
585 2433 998 2500 pronuntiatur.
1033 2433 1384 2501 Imperatoris
1416 2434 1558 2486 enim
1595 2448 1881 2501 personam
1923 2450 2016 2502 ge-

441 2529 597 2586 runt,
629 2522 928 2590 imperator
957 2537 1086 2576 vero
1121 2539 1242 2591 quae
1273 2524 1468 2592 synodi
1496 2534 1623 2578 sunt
1650 2525 2014 2593 administrat,

443 2621 505 2667 ut
540 2620 740 2667 unctus
771 2614 1007 2680 Domini,
1043 2623 1096 2666 et
1135 2613 1390 2668 defensor
1415 2623 1580 2682 atque
1626 2613 1880 2674 minister
1908 2611 2014 2666 Ec-

442 2705 626 2760 clesia:
650 2720 775 2764 cum
810 2714 1008 2761 unctus
1053 2713 1156 2771 est,
1187 2709 1539 2769 constitutus,
1566 2704 1731 2774 idque
1759 2713 1868 2757 tum
1897 2704 2017 2772 pol-

443 2794 648 2850 licitus.

935 2885 1162 2942 CAPUT
1224 2886 1512 2958 ccxx“.

591 3000 869 3066 Quomodo
899 3002 998 3070 ﬁat
1028 3002 1294 3055 decretum
1334 3005 1397 3055 de
1441 3002 1555 3070 ejus
1597 3003 1871 3058 electione.

2108 509 2453 576 χαρτοφύλαξ
2512 510 2651 575 μετὰ
2697 510 2791 560 δύο
2832 508 3132 576 ἀρχιερέων
3183 510 3544 574 προκομίζει
3583 511 3654 580 τῷ

2110 598 2340 667 βασιλεῖ.
2365 599 2554 669 Τούτῳ
2581 598 2638 651 δὲ
2667 600 2876 651 ἀνεῖται
2902 597 3110 651 ἄνωθεν
3137 597 3246 650 ἀπὸ
3279 598 3383 650 τῶν
3413 599 3656 668 Πατέρων

2107 691 2183 752 ὡς
2214 692 2556 760 κεχρισμένῳ
2603 690 2831 759 βασιλεῖ,
2863 691 2896 760 ή
2949 692 3054 742 ἀπὸ
3082 689 3189 742 τῶν
3235 690 3400 759 τριῶν
3433 692 3655 759 ἐκλογὴ,

2106 781 2188 833 ὅτι
2242 782 2624 850 ἐκλελεγμένοι
2682 783 2790 834 εἰσὶ
2840 782 2989 851 παρὰ
3042 779 3140 849 τῆς
3223 780 3436 832 συνόδου
3479 784 3566 836 καὶ
3612 781 3658 835 οἱ

2107 874 2255 942 τρεῖς
2291 874 2605 942 κεκριμένοι
2632 875 2794 940 ἄξιοι.

2676 988 2929 1040 ΚΕΦΑΛ.
2963 987 3132 1040 ΣΚΕ’.

2113 1099 2242 1150 Ὀτι
2261 1100 2292 1151 ὀ
2309 1098 2609 1165 βασιλεὺς
2632 1100 2706 1153 δι’
2731 1099 2952 1154 ἑαυτοῦ
2981 1099 3146 1164 ἀξιοῖ
3166 1099 3271 1153 τὸν
3299 1097 3664 1168 ψηφισθέντα

2359 1169 2474 1236 τὴν
2506 1172 2931 1238 πατριαρχείαν
2969 1169 3438 1233 καταδέξασθαι.

2193 1261 2251 1315 Ὀ
2287 1261 2379 1313 οὖν
2412 1262 2474 1313 ἐκ
2499 1265 2609 1314 τῶν
2636 1262 2801 1331 τριῶν
2829 1261 3074 1327 ὲκλεγεὶς
3100 1262 3193 1313 καὶ
3220 1258 3589 1328 διαμηνυθεὶς,
3633 1259 3662 1327 ἢ

2113 1349 2204 1401 καὶ
2234 1351 2366 1419 παρ’
2407 1349 2572 1402 αὐτοῦ
2603 1349 2856 1414 ἀξιωθεὶς
2900 1348 3352 1418 παραγενομένου
3395 1347 3552 1416 169
3579 1342 3665 1397 τοῦ

2115 1437 2396 1507 βασιλέως,
2437 1437 2596 1490 τοῦτο
2624 1439 2732 1504 γὰρ
2777 1439 2874 1492 καὶ
2905 1440 2998 1492 ἐπὶ
3031 1437 3194 1490 πλέον
3231 1438 3444 1506 γίνεται
3487 1437 3570 1489 διὰ
3602 1435 3660 1487 τὸ

2118 1529 2260 1595 μέγα
2289 1529 2382 1581 τοῦ
2411 1529 2573 1598 ἔργου
2619 1531 2715 1581 καὶ
2763 1532 2823 1581 τὸ
2852 1529 3245 1598 παραιτεῖσθαι
3281 1530 3384 1598 τὴν
3440 1528 3666 1597 μεγάλην

2114 1619 2434 1688 ἐγχείρησιν
2470 1621 2596 1682 τοὺς
2644 1619 2873 1687 εἰδότας,
2907 1619 2982 1683 ὡς
3015 1619 3448 1689 εὐλαϐουμένους
3487 1619 3665 1684 αὐτὴν,

2116 1710 2144 1760 ό
2182 1710 2422 1773 πεισθεὶς
2462 1711 2558 1763 καὶ
2600 1711 3054 1779 καταδεξάμενος,
3088 1713 3143 1763 ὲν
3175 1711 3459 1781 ὡρισμένῃ
3502 1710 3672 1776 ἡμέρᾳ

2114 1799 2176 1851 τὸ
2205 1805 2431 1870 μήνυμα
2472 1803 2691 1870 δέχεται
2729 1804 2947 1856 πάντων
2983 1803 3341 1874 συνηγμένων
3378 1803 3555 1854 ἐκεῖσε
3582 1801 3671 1868 ἀρο

2117 1892 2368 1961 χιερέων,
2422 1895 2631 1965 ίερέων,
2689 1895 3151 1964 άρχιμανδριτῶν,
3200 1893 3540 1964 ἡγουμένων,
3585 1891 3670 1943 τοῦ

2119 1983 2343 2050 κλήρου,
2393 1985 2488 2036 καὶ
2522 1985 2776 2038 πλείστου
2811 1985 2963 2051 λαοῦ,
2997 1985 3071 2048 ὠς
3101 1983 3194 2037 τοῦ
3223 1983 3410 2037 κοινοῦ
3464 2000 3674 2054 προχει-

2120 2072 2408 2143 ριζομένου
2455 2076 2688 2144 Πατρὸς,
2727 2077 2821 2129 καὶ
2869 2075 3147 2146 ἀρχόντων
3198 2072 3677 2144 λαμπαδηφορούν-

2116 2180 2225 2216 των
2260 2163 2539 2219 ἁπάντων.
2573 2165 2683 2218 Καὶ
2713 2165 2812 2233 τῆς
2857 2166 3023 2234 εὐχῆς
3057 2165 3378 2234 γινομένης,
3410 2163 3484 2225 ὡς
3535 2162 3676 2232 εἴρη-

2117 2273 2231 2320 ται,
2255 2257 2405 2326 παρὰ
2430 2255 2522 2308 τοῦ
2559 2257 2872 2325 ὐποψηφίου
2905 2258 3273 2326 πατριάρχου,
3302 2261 3403 2308 καὶ
3431 2254 3678 2308 ἀπολύον-

2117 2363 2232 2410 τος,
2262 2349 2321 2399 το
2349 2350 2580 2416 μήνυμα
2609 2347 2809 2401 δίδοται
2836 2349 2966 2417 παρ’
2999 2347 3274 2418 ἀρχόντων
3304 2345 3678 2415 συγκλητικῶν

2117 2438 2226 2491 τῶν
2251 2438 2548 2508 μεγίστων,
2584 2439 2678 2490 τοῦ
2705 2438 2970 2508 βασιλέως
2991 2440 3100 2508 γὰρ
3128 2439 3363 2507 φέρουσι
3385 2438 3444 2490 τὸ
3477 2437 3681 2507 πρόσω-

2121 2547 2245 2583 πον.
2293 2530 2354 2582 Ὀ
2389 2529 2645 2600 βασιλεὺς
2686 2530 2744 2583 δὲ
2772 2533 2839 2584 τὰ
2873 2532 2972 2600 τῆς
3024 2530 3241 2584 συνόδου
3297 2531 3584 2601 ὑπηρετεῖ,
3611 2527 3682 2588 ὠς

2119 2621 2354 2690 Χριστὸς
2409 2624 2616 2694 Κυρίου
2677 2624 2772 2676 καὶ
2823 2623 3100 2692 δεφὲνσωρ
3153 2624 3246 2675 καὶ
3272 2621 3556 2694 ὑπηρέτης
3591 2620 3683 2688 τῆς
3775 2639 3779 2643 ·

2129 2714 2460 2784 Ἐκκλησίας
2495 2717 2797 2781 καταστὰς,
2855 2717 2911 2768 ἐν
2963 2715 3043 2786 τῷ
3093 2716 3357 2785 χρίεσθαι
3408 2711 3683 2768 καὶτοῦτο

2117 2805 2582 2876 καθυποσχεθείς.

2638 2871 2918 2954 ⁸ΚΕΦΛΑ.
2956 2902 3144 2968 Σκεῖν.

2490 3013 2688 3078 Ὅπως
2724 3014 2790 3066 τὸ
2831 3009 3080 3081 μήνυμα
3106 3013 3364 3080 γίνεται.

516 3093 862 3164 Quapropter
894 3095 989 3164 qui
1037 3095 1456 3151 declarationem
1506 3100 1882 3166 pronuntiant,
1937 3099 2018 3153 sic

2192 3105 2283 3159 Διὸ
2322 3103 2418 3157 καὶ
2439 3105 2488 3157 οί
2525 3105 2584 3157 τὸ
2616 3105 2845 3173 μήνυμα
2869 3103 3127 3181 ,λέγοντες
3157 3103 3301 3156 οὕτω
3341 3105 3534 3173 φασιν
3574 3122 3592 3156 t
3632 3103 3688 3156 '0

447 3189 748 3258 loquuntur
777 3206 791 3240 :
831 3206 848 3238 ι
890 3187 1070 3242 Fortis
1107 3197 1160 3242 et
1211 3197 1434 3244 sanctus
1463 3189 1724 3243 Dominus
1756 3198 1940 3243 noster
1967 3197 2021 3243 et

449 3279 766 3346 imperator,
802 3287 856 3330 et
911 3278 1093 3330 divina
1124 3292 1391 3347 sacraque
1421 3288 1474 3332 et
1521 3293 1714 3348 magna
1776 3277 2020 3348 synodus

450 3370 724 3424 advocant
805 3371 1150 3424 sanetitatem
1214 3369 1370 3423 tuam’
1435 3371 1501 3424 ad
1581 3370 2018 3424 excelsissimum

455 3463 711 3517 thronum
746 3462 1059 3530 patriarclni
1088 3461 1675 3530 Constantinopolitani
1704 3480 1716 3515 :
1748 3479 1767 3512 ι
1815 3470 2019 3514 testan-

449 3561 534 3608 tes
557 3554 702 3621 quod
733 3555 1027 3622 imperator
1077 3568 1183 3606 non
1219 3567 1248 3604 a
1271 3554 1473 3620 seipso,
1506 3551 1604 3605 sed
1637 3566 1757 3620 qua:
1778 3551 2021 3621 synodus

450 3645 642 3698 statuit
671 3644 834 3698 simul
883 3658 1005 3697 cum
1058 3645 1266 3713 synodo
1317 3643 1654 3711 pronuntiat,
1723 3653 1776 3696 et
1846 3641 2020 3695 solum

453 3737 819 3792 ministerium
853 3738 940 3792 hic
995 3742 1216 3806 praebet.

933 3849 1159 3906 CAPUT
1199 3849 1499 3906 CCXXVII.

456 3971 655 4027 Contra
686 3987 773 4026 eos
806 3973 896 4045 qui
927 3972 1108 4030 dicunt
1142 3973 1280 4111 qfuod
1326 3973 1616 4039 imperator
1652 3949 2018 4038 patriam/tam

1194 4055 1318 4096 uctl.

1194 4055 1318 4096 uctl.

533 4167 875 4236 Quapropter
928 4170 1202 4230 nugantur
1259 4162 1479 4231 quidam
1509 4177 1691 4217 rerum
1761 4175 2023 4216 novarum

460 4263 775 4315 inventores
799 4257 1005 4311 invidia
1033 4255 1274 4323 impulsi,
1307 4269 1426 4307 cum
1459 4254 1648 4308 dicunt
1684 4274 1697 4306 :
1726 4254 2028 4322 Imperator

463 4351 826 4420 patriarcham
855 4356 1026 4402 creat.
1062 4345 1219 4398 Nullo
1248 4346 1408 4398 modo
1449 4345 1500 4397 id
1538 4345 1670 4399 facit
1708 4347 2023 4414 imperator,

460 4445 556 4498 sed
596 4441 838 4510 synodus
885 4440 1231 4492 ministrante
1269 4439 1358 4506 pio
1412 4438 1764 4505 imperatore,
1815 4448 1874 4492 ut
1929 4439 2024 4491 de-
2053 4477 2104 4535 Β

460 4542 822 4589 monstratum
854 4539 1109 4597 est;non
1177 4537 1386 4583 tantum
1450 4528 1708 4596 quoniam
1770 4528 2023 4583 defensor

457 4637 562 4691 est,
597 4634 650 4679 et
691 4625 982 4692 imperator
1045 4630 1243 4676 unctus
1305 4621 1372 4674 ab
1422 4619 1685 4684 Ecclesia,
1714 4619 1806 4673 sed
1857 4619 2021 4674 etiam

460 4731 516 4773 ut
555 4727 902 4788 cooperetttr,
939 4726 993 4770 et
1039 4714 1336 4776 ministret,
1395 4725 1448 4768 et
1515 4712 1729 4783 diligat,
1759 4720 1813 4766 et
1863 4711 2019 4764 ﬁrma

458 4820 744 4866 conservet
798 4825 916 4877 quae
967 4808 1032 4862 ad
1098 4805 1394 4861 Ecclesiam
1458 4811 1742 4873 spectant;
1811 4811 2026 4856 tenetur

459 4905 604 4958 enim
658 4909 876 4970 propter
930 4899 1183 4954 Ecclesia:
1215 4912 1401 4966 pacem
1434 4897 1547 4950 haec
1578 4896 1722 4949 inter
1759 4895 2022 4949 orthodo-

461 5010 562 5050 χοε
607 4994 918 5047 observare.
959 4991 1270 5060 Postquam;
1305 4986 1472 5055 igitur
1529 4986 1732 5039 electus
1784 4999 1907 5039 sese
1957 4986 2024 5038 ab

462 5100 626 5140 nitere
647 5083 930 5150 subeundo
960 5081 1204 5135 modeste
1236 5089 1290 5134 et
1324 5078 1551 5132 honeste
1585 5077 1887 5139 excusavit,
1922 5074 2024 5127 Ec—

458 5179 793 5246 clesiamquc
821 5175 1083 5242 suscepit,
1107 5187 1298 5226 omnes
1343 5171 1584 5241 episeOpi
1636 5169 1788 5222 illum
1824 5170 2026 5222 adeunt

460 5280 512 5323 et
542 5269 861 5325 adoratioue
907 5267 1118 5327 colunt,
1157 5261 1410 5317 similiter
1455 5260 1637 5315 clerici
1675 5268 1728 5313 et
1769 5259 1890 5311 laici
1936 5257 2026 5309 be-

461 5361 768 5416 nedictione
805 5359 872 5412 ab
921 5372 986 5411 eo
1035 5365 1279 5424 accepta,
1310 5354 1438 5422 quia
1484 5366 1720 5420 sponsus
1770 5347 2027 5402 Ecclesia:

461 5461 564 5507 est.
609 5450 665 5505 Si
698 5450 864 5519 igitur
894 5449 984 5501 ille
1015 5449 1224 5501 electus
1257 5444 1566 5514 patriarcha
1595 5443 1886 5512 episcopus
1920 5448 2025 5500 est,

461 5541 803 5601 ordinatione
831 5555 938 5592 non
974 5546 1114 5607 eget,
1142 5536 1237 5591 sed
1285 5545 1490 5590 tantum
1543 5534 1955 5598 enthronismo;
1981 5535 2026 5587 si

465 5649 591 5689 vero
652 5634 954 5702 presbyter.
1011 5630 1300 5685 ordinatur
1356 5638 1412 5685 et.
1458 5630 1510 5682 in
1574 5628 1828 5682 thronum
1917 5627 2030 5681 col-

467 5733 693 5790 locatur.

2127 3195 2389 3266 κραταιὸς
2443 3197 2538 3248 καὶ
2583 3194 2739 3262 ἅγιος
2775 3195 2932 3264 ἡμῶν
2967 3195 3233 3265 αὐθέντης
3283 3198 3392 3249 καὶ
3420 3197 3685 3266 βασιὶως,

2124 3285 2279 3355 καὶὴ
2311 3284 2432 3336 θεία
2479 3283 2572 3335 κοιλ⁵
2628 3283 2750 3353 ίερὰ
2797 3285 2894 3335 καὶ
2947 3283 3155 3352 μεγάλη
3187 3282 3415 3348 σύνοδος
3459 3299 3687 3354 προσκα-

2125 3374 2344 3429 λοῦνται
2375 3375 2476 3443 τὴν
2510 3375 2825 3444 ἁγιωσύνην
2855 3391 2948 3426 σου
2981 3376 3059 3437 είς
3083 3375 3172 3428 τὸν
3204 3375 3545 3445 ὑψηλότατον
3572 3373 3688 3444 θρό-

2125 3483 2214 3520 νον
2259 3467 2354 3520 τοῦ
2403 3471 2798 3538 πατριαρχείου
2831 3469 2928 3538 τῆς
2976 3468 3633 3529 Κωνσταντινουπόλεως·
3663 3482 3682 3517 ι

2130 3559 2558 3628 μαρτυροῦντες,
2592 3559 2666 3621 ὡς
2698 3560 2796 3628 οὐχ
2821 3561 2848 3610 ὁ
2881 3561 3136 3629 βασιλεὺς
3165 3559 3255 3627 ἀφ’
3284 3559 3507 3624 ἑαυτοῦ,
3558 3558 3688 3610 ἀλλὰ

2126 3651 2192 3701 τὰ
2217 3650 2314 3716 τῆς
2351 3651 2566 3703 συνόδου
2604 3652 2740 3719 μετὰ
2768 3651 2865 3718 τῆς
2905 3651 3124 3703 συνόδου
3158 3650 3382 3720 μηνύει,
3418 3650 3511 3706 καὶ
3537 3649 3688 3720 μόνον

2126 3743 2411 3812 ὑπηρετεῖ.

2677 3859 2931 3912 ΚΕΦΑΛ.
2975 3857 3141 3909 ΣΚΖ’.

2129 3971 2290 4026 Κατὰ
2341 3969 2463 4024 τῶν
2512 3972 2816 4054 λεγόντων*
2862 3969 2953 4023 ὅτι
3009 3973 3042 4054 ό
3083 3970 3392 4050 ,ϐασιλεὺς
3438 3969 3544 4024 τόν
3587 3982 3694 4022 ua-

2672 4052 2960 4108 τριᾱρχην
2988 4052 3164 4093 ποίει.

2198 4159 2502 4230 Φλυαροῢσι
2529 4157 2710 4210 τοίνυν
2755 4157 2806 4208 oi
2848 4157 3098 4221 λέγοντες
3146 4157 3469 4226 καινοτόμοι
3519 4155 3692 4226 φθόνῳ

2131 4251 2469 4321 βαλλόμενοι,
2504 4251 2577 4312 ὡς
2623 4250 2680 4302 Ὀ
2707 4248 2960 4317 βασιλεὺς
3007 4251 3097 4302 τὸν
3144 4250 3496 4320 πατριάρχην
3531 4250 3689 4300 ποιεῖ’

2129 4346 2378 4413 οὐδαμῶς
2411 4347 2518 4416 γὰρ
2570 4349 2598 4398 ό
2643 4345 2920 4416 βασιλεὺς,
2975 4345 3152 4414 ἀλλ’ἢ
3193 4345 3413 4407 σύνοδος
3461 4342 3693 4411 ἐνεργεῖ,

2131 4437 2639 4508 ὲξυπηρετουμένου
2675 4444 2834 4508 μόνον
2866 4441 2960 4493 τοῦ
3000 4439 3264 4508 βασιλέως
3303 4441 3566 4504 εὐσεϐοῦς
3609 4441 3694 4492 δν-

2131 4548 2242 4595 τος,
2302 4534 2377 4593 ὡς
2404 4534 2690 4588 δέδεικταιο
2732 4538 2793 4587 οὐ
2842 4535 3000 4603 μόνον
3033 4535 3114 4585 ὃτι
3153 4533 3368 4596 ἕκδικός
3427 4537 3564 4598 ἐστι,
3607 4533 3696 4584 καὶ

2133 4623 2385 4691 βασιλεὺς
2433 4623 2674 4693 χρισθεὶς
2714 4626 2778 4675 ὲκ
2803 4624 2902 4692 τῆς
2937 4622 3282 4692 Ἐκκλησίας,
3309 4623 3441 4676 ἀλλ’
3475 4624 3561 4676 ἵνα
3606 4621 3696 4673 καὶ

2133 4714 2409 4784 συνεργῶν
2437 4717 2522 4782 εἴη
2553 4715 2643 4765 καὶ
2669 4713 2977 4783 ὑπηρετῶν,
3015 4715 3109 4766 καὶ
3135 4714 3338 4783 στέργῃ
3381 4715 3477 4768 καὶ
3507 4713 3695 4781 βέϐαια

2130 4809 2268 4876 τηρῇ
2299 4808 2368 4858 τὰ
2417 4809 2515 4876 τῆς
2558 4807 2905 4875 Ἐκκλησίας,
2961 4807 3314 4876 ὀφειλομένου
3361 4807 3458 4859 καὶ
3505 4803 3694 4854 τούτου

2130 4899 2188 4949 ἐν
2225 4899 2337 4959 τοῖς
2370 4897 2672 4961 όρϐοδόξοις
2706 4898 3013 4969 τηρεῖσθαι,
3065 4899 3152 4950 διὰ
3201 4898 3298 4966 τὴν
3343 4897 3570 4965 εἰρήνην
3599 4895 3697 4962 τῆς

2143 4988 2486 5055 Ἐκκλησίας.
2533 4989 2997 5058 Ἀπολογουμένου
3029 4985 3122 5042 οὖν
3143 4989 3238 5040 καὶ
3266 4988 3359 5041 τοῦ
3386 4986 3698 5054 ὐποψηφίου

2131 5085 2196 5138 τὰ
2226 5084 2430 5149 εἰκότα,
2455 5085 2553 5138 καὶ
2586 5083 3022 5153 καταδεξαμένου
3047 5085 3144 5152 τὴν
3183 5084 3541 5154 Ἐκκλησίαν,
3566 5083 3700 5136 πᾶν·

2131 5194 2219 5238 τες
2255 5178 2531 5247 ἀρχιερεῖς
2563 5177 2958 5248 προσέρχονται
2994 5177 3170 5247 τούτῳ
3200 5179 3293 5230 καὶ
3321 5176 3699 5244 προσκύνησιν

2131 5271 2519 5338 ἀπονέμουσιν,
2562 5271 2760 5340 ὁμοίιος
2793 5271 3047 5340 κληρικοί
3076 5286 3136 5322 τε
3183 5271 3276 5322 καὶ
3323 5267 3528 5329 λαῖκοὶ,
3565 5267 3702 5334 λαμ-

2133 5361 2387 5423 ϐάνοντες
2446 5361 2698 5428 εὐλογίαν
2754 5363 2837 5414 ὅτι
2894 5362 3151 5430 μνήστωρ
3211 5361 3308 5430 τῆς
3371 5357 3700 5426 Ἐκκλησίας

2133 5452 2299 5504 ἐστίν.
2327 5446 2494 5515 Οὗτος
2522 5452 2637 5518 οὖν,
2667 5455 2715 5506 εί
2745 5453 2845 5521 μὲν
2874 5455 2938 5504 ἐκ
2967 5451 3074 5505 τῶν
3100 5452 3406 5520 ἀρχιερέων
3433 5450 3604 5513 ἐστὶν,
3632 5444 3698 5500 οὐ

2135 5545 2305 5598 δεῖται
2341 5547 2702 5616 χειροτονίας,
2751 5545 2886 5599 ἀλλὰ
2941 5545 3104 5614 μόνον
3136 5539 3500 5613 ἐνθρονισμοῦ
3521 5555 3536 5570 ⁸
3564 5540 3613 5592 εί
3645 5537 3701 5590 δὲ

2139 5635 2338 5708 ἱερεὺς,
2379 5641 2768 5708 χειροτονεῖται
2800 5639 2894 5691 καὶ
2923 5636 3318 5706 ὲνορονίζεται.
