4034 6192
455 332 559 394 447

1207 329 1596 392 SYMEONIS
1623 325 2390 390 THESSALONICENSIS
2427 330 2783 393 ARCUIEP.

3591 331 3684 396 4i8

371 463 376 466 ί
456 444 726 506 rantibus,
788 442 932 498 etin
982 443 1102 496 loco
1160 451 1424 497 consueto
1491 455 1678 496 sacras
1740 439 1909 496 stolas
1951 455 2040 493 ve-

2163 438 2256 491 τῶν
2289 442 2710 512 μητροπολιτῶν
2737 442 3212 514 προσκυνούντων,
3248 443 3341 494 καὶ
3375 445 3427 496 ὲν
3450 445 3525 514 τῷ
3573 464 3687 503 συν-

453 535 768 602 σιίεηιίὺιιε,
799 535 892 604 qui
934 545 1120 604 postea
1176 534 1229 588 in
1274 545 1517 602 tempore
1554 533 1819 587 introitus
1855 529 2036 584 missa!

453 628 810 678 advocantur.
847 622 1075 678 introitu
1131 624 1273 678 facto
1307 622 1483 678 I‘austa
1522 621 1845 676 acclamatio
1895 617 2035 674 infe-

454 723 574 776 rius
625 735 734 775 non
769 721 850 785 ﬁt,
888 721 982 777 sed
1039 722 1090 776 in
1139 723 1471 793 synthrono,
1506 722 1654 776 velut
1708 721 1760 774 in
1792 719 2037 787 episcopi

455 815 820 868 ordinatione.
861 814 1110 885 Trisagio
1151 815 1446 870 decantato
1503 824 1555 869 et
1596 815 1849 868 oratione
1887 814 2036 867 ﬁnita

457 906 600 960 cerei
633 907 948 972 traduntur,
987 915 1041 961 et
1091 909 1311 982 plurimi
1368 909 1748 962 accenduntur
1817 915 2042 977 propter

457 996 695 1066 Spiritus
739 999 968 1067 gratiam
1000 999 1433 1072 significandam,
1474 1016 1592 1070 qua:
1641 1009 1756 1054 tum
1813 999 1866 1053 in
1928 999 2043 1067 epi-

458 1104 634 1158 scopo
673 1089 965 1145 innovatur
1017 1092 1083 1145 ad
1137 1092 1388 1146 Ecclesiae
1458 1093 1740 1147 catholica:
1813 1092 2044 1146 admini-

460 1183 778 1237 strationem
855 1183 1252 1252 suscipiendam
1313 1194 1367 1238 et
1447 1183 1867 1254 aggrediendam
1948 1201 2045 1254 per

462 1273 632 1340 ipsius
663 1275 716 1326 in
744 1276 930 1328 divino
959 1277 1156 1330 throno
1190 1257 1560 1343 patriarchico
1595 1277 2040 1331 collocationem.

461 1361 804 1416 Credendum
836 1366 978 1418 enim
1014 1377 1096 1422 est
1134 1370 1363 1436 gratiam
1411 1369 1783 1424 abundantius
1835 1379 1888 1423 et
1921 1385 2047 1439 pro-

463 1452 638 1507 fusius
672 1455 724 1507 in
758 1471 880 1509 eum
916 1456 1192 1520 advenire,
1227 1466 1284 1511 ut
1330 1459 1724 1513 corroboretur
1769 1459 1835 1512 ad
1871 1458 2048 1528 majus

462 1543 704 1597 divinum
735 1560 872 1614 opus
912 1554 966 1600 et
1007 1548 1368 1602 ministerium
1405 1564 1502 1617 pro
1551 1550 1807 1604 omnibus
1861 1548 2048 1603 Eccle—

466 1635 564 1686 siis
604 1636 974 1692 subeundum.
1018 1637 1152 1692 Nam
1237 1641 1536 1693 secundum
1626 1642 2040 1711 proportionem

469 1725 756 1779 ministerii
797 1727 1131 1790 dcmandati,
1160 1731 1334 1799 major
1367 1733 1662 1802 unicuique
1693 1733 2046 1797 illuminatio,

467 1823 522 1868 ct
573 1818 767 1882 gratia,
799 1827 852 1872 et
903 1820 1076 1874 virtus
1113 1837 1141 1874 a
1177 1823 1288 1876 Deo
1317 1826 1740 1893 suppeditatur:
1773 1844 1790 1877 ι
1833 1824 2048 1880 Haben--

469 1914 577 1970 tes,
615 1907 814 1976 inquit,
849 1911 1179 1968 donationes
1209 1914 1526 1970 differentes
1571 1917 1874 1971 secundum
1921 1931 2048 1986 gra-

471 1997 601 2050 tiam
665 1999 822 2052 nohis
857 2001 1063 2063 datam,
1133 2004 1249 2058 sive
1316 2006 1658 2074 prorihctiam
1745 2007 2046 2060 secundum

468 2091 736 2145 rationem
777 2092 930 2157 ﬁdei,
962 2095 1075 2148 sive
1106 2095 1494 2163 ministerium,
1519 2098 1572 2150 in
1608 2098 1971 2154 ministrando
1995 2116 2043 2166 ςο

467 2182 678 2251 reliqua
715 2185 940 2254 insuper
992 2197 1280 2240 enumerat
1319 2189 1636 2258 Apostolus.

543 2276 809 2331 Ceterum
874 2280 1184 2347 patriarcha
1220 2280 1346 2337 licet
1381 2284 1697 2354 episcopus,
1741 2287 2049 2342 secundum

471 2376 657 2422 tamen
695 2370 1058 2426 ministerium
1110 2391 1220 2442 quo
1278 2375 1527 2446 iungitur
1563 2380 1826 2448 majorem
1858 2383 2055 2453 accipit

472 2465 721 2532 gratiam,
779 2468 1167 2525 maxime-cum
1228 2473 1283 2526 in
1343 2473 1611 2542 dignitate
1643 2475 1732 2527 illa
1765 2479 2054 2531 constitui-

473 2565 584 2608 tur.
621 2556 744 2610 ldeo
782 2560 1164 2615 accenduntur
1201 2563 1520 2628 luminaria,
1563 2564 1818 2618 omnibus
1857 2566 2055 2618 stanti-

472 2651 576 2702 bus
634 2653 934 2705 secundum
996 2655 1244 2708 ordinem
1300 2671 1459 2710 suum
1515 2657 1568 2710 in
1621 2658 1882 2726 gradibus
1915 2659 2053 2722 suis,

472 2739 692 2810 duoque
736 2745 894 2812 primi
951 2747 1193 2816 episcopi
1229 2747 1520 2816 prodeunt,
1556 2758 1608 2802 et
1654 2750 1884 2803 electum
1915 2749 2059 2804 acci-

474 2837 631 2904 piunt
675 2851 738 2892 ex
775 2846 1012 2907 utroque
1073 2830 1268 2903 latere,
1295 2849 1348 2893 et
1385 2840 1439 2892 in
1493 2839 1736 2894 divinum
1796 2840 2054 2895 thronum

472 2931 768 2998 collocant,
830 2933 1250 3002 exclamantque
1320 2933 1476 2999 illud,
1536 2953 1551 2986 ι
1592 2933 1814 3003 Dignus,
1856 2953 1874 2986 ›
1913 2935 2056 3004 quod

473 3036 660 3093 postea
696 3032 777 3077 ter
827 3036 1081 3078 cantatur
1112 3025 1180 3078 ab
1233 3023 1489 3079 omnibus
1520 3026 1691 3078 sacris
1745 3024 2059 3082 hominibus

2141 530 2262 600 ήθει
2293 533 2447 602 τόπῳ
2491 533 2590 596 τὰς
2631 535 2781 603 ἱερὰς
2836 533 3315 604 περιϐαλλομένων
3348 533 3550 597 στολὰς,
3606 539 3690 590 καὶ

2140 625 2652 694 προσκαλουμένων
2695 625 2942 694 συνήθως
2977 626 3034 680 ὲν
3067 625 3146 694 τῷ
3196 626 3375 694 καιρῷ
3423 627 3516 696 τῆς
3558 629 3690 682 εἱσό-

2141 715 2253 770 δου.
2291 714 2439 768 Μετά
2463 716 2560 786 τὴν
2591 717 2800 770 εἴσοδον
2829 718 2886 770 δὲ
2929 720 2961 788 ἡ
3025 720 3183 788 φήμη
3213 719 3362 771 κάτω
3390 719 3447 770 ού
3481 719 3689 789 γίνεται,

2143 806 2257 860 ἀλλ’
2287 807 2363 872 ὡς
2388 810 2446 861 ὲν
2473 809 2782 880 ἀρχιερέως
2815 812 3144 882 χειροτονίᾳ,
3175 813 3234 865 ὲν
3290 810 3366 880 τῷ
3421 814 3691 882 σννθρόνῳ.

2143 901 2299 954 Μετά
2327 903 2435 973 γὰρ
2464 903 2524 956 τὸ
2559 904 2856 974 Τρισάγιον
2930 905 3024 956 καὶ
3049 905 3149 971 τὴν
3181 904 3374 974 εὐχὴν,
3426 905 3698 974 κηροδοσία

2145 995 2381 1062 γίνεται,
2412 997 2813 1066 ἀναπτομένων
2840 996 3035 1065 φώτων
3058 997 3271 1050 πολλῶν
3300 997 3386 1050 διὰ
3429 998 3521 1066 τήν
3550 999 3695 1067 χάριν

2148 1085 2243 1139 τοῦ
2281 1089 2627 1153 ῐῖνεύματος,
2680 1088 3144 1158 ὲγκαινιζομένην
3194 1087 3272 1156 τῷ
3311 1088 3532 1159 ἱεράρχῃ
3579 1091 3702 1158 πρὸς

2148 1179 2250 1248 τὴν
2283 1179 2379 1246 τῆς
2437 1179 2734 1248 καθολικῆς
2780 1179 3112 1250 Ἐκκλησίας
3151 1181 3462 1248 οἱκονομίαν
3505 1197 3559 1232 τε
3617 1183 3703 1234 καὶ

2149 1269 2471 1340 ἐγχείρησιν
2504 1270 2589 1323 διὰ
2615 1273 2710 1341 τῆς
2741 1272 2800 1323 ὲν
2822 1271 2898 1341 τῷ
2933 1271 3062 1339 θείῳ
3118 1271 3293 1342 θρόνῳ
3346 1273 3420 1340 τῷ
3456 1289 3706 1342 πατριάρ-

2151 1362 2292 1430 χικῷ
2331 1363 2486 1428 ἱερᾶς
2537 1363 2936 1433 καθιδρύσεως.
2983 1365 3304 1434 Ἐπιφοιτᾷν
3357 1365 3462 1436 γὰρ
3505 1365 3706 1434 oud/2M-

2152 1471 2344 1522 στερον
2397 1454 2547 1524 αὐτῷ
2607 1456 2946 1520 πιστευτέον,
2991 1457 3066 1518 ὡς
3135 1457 3408 1527 ἐνισχύειν
3477 1459 3603 1528 πρὸς
3657 1459 3710 1509 τδ

2156 1545 2343 1615 μεῖζον
2371 1546 2512 1613 ὑπὲρ
2544 1547 2739 1598 πασῶν
2763 1547 2874 1600 τῶν
2906 1549 3216 1617 ἐκκλησιῶν
3251 1549 3433 1602 ἔνθεον
3459 1549 3609 1619 ἔργον
3628 1551 3710 1603 καὶ

2155 1638 2537 1708 ὑπηρέτημα⁶
2595 1641 2678 1691 ὅτι.
2733 1641 2830 1693 καὶ
2881 1639 3148 1710 ελλαμψις
3191 1641 3396 1708 μείζων
3428 1643 3519 1692 καὶ
3569 1642 3710 1710 χάρις

2155 1730 2248 1782 καὶ
2277 1730 2511 1800 δύναμις
2536 1729 2682 1786 κατά
2710 1732 2808 1798 τὴν
2839 1731 3136 1800 ἀναλογίαν
3167 1733 3266 1801 τῆς
3299 1732 3568 1793 διακονίας
3598 1732 3714 1784 ἑκά-

2155 1840 2264 1890 στῳ
2326 1825 2665 1893 χορηγεῖται.
2707 1843 2725 1874 ‹
2759 1824 3016 1892 Ἔχοντες
3071 1825 3166 1888 δὲ,
3199 1825 3367 1894 φησὶ,
3422 1825 3714 1894 χαρίσματα

2154 1916 2299 1968 κατά
2350 1916 2452 1985 τὴν
2501 1916 2663 1985 χάριν
2701 1915 2798 1985 τὴν
2852 1916 3105 1969 δοθεῖσαν
3166 1917 3299 1985 ἡμῖν
3335 1915 3586 1985 διάφορα,
3618 1916 3715 1968 εἴτε

2155 2007 2500 2076 προφητείαν
2577 2009 2718 2062 κατά
2780 2008 2878 2076 τὴν
2928 2008 3224 2075 ἀναλογίαν
3291 2009 3397 2075 τῆς
3459 2011 3716 2070 πίστεως.

2155 2100 2266 2151 εῖτε
2299 2098 2580 2151 διακονίαν
2610 2099 2666 2150 ὲν
2694 2101 2760 2169 τῇ
2793 2099 3064 2170 διακονία,
3095 2118 3112 2150 ι
3148 2099 3244 2153 καὶ
3275 2087 3447 2152 λοιπά
3479 2099 3721 2151 ἔτικατα-

2153 2194 2325 2263 λέγει.

2229 2285 2434 2339 Λοιπὸν
2462 2287 2490 2338 ὁ
2526 2285 2874 2356 πατριάρχης
2905 2287 2964 2338 ἐἱ
2993 2288 3088 2339 καὶ
3140 2286 3471 2353 ἐπίσκοπος,
3514 2285 3621 2339 ἀλλ’
3643 2282 3726 2340 οὖν

2158 2377 2301 2432 κατὰ
2331 2377 2432 2446 τὴν
2465 2377 2746 2430 διακονίαν
2772 2379 2870 2430 καὶ
2901 2376 3074 2446 μείζω
3103 2378 3381 2447 λαμϐάνει
3435 2381 3607 2450 χάριν,
3644 2380 3727 2432 καὶ

2164 2469 2374 2541 μᾶλλον
2397 2472 2454 2522 ἐν
2495 2470 2572 2539 τῷ
2597 2471 3098 2526 ἀποκαθίστασθαι.
3140 2471 3303 2524 Ὅθεν
3367 2474 3460 2526 καὶ
3505 2474 3726 2526 ἀναπτο-

2161 2563 2339 2634 μένων
2363 2562 2472 2615 τῶν
2500 2560 2717 2630 φώτων,
2753 2563 2974 2616 πάντων
3009 2563 3325 2630 ἱσταμένων
3360 2567 3417 2618 ἐν
3448 2566 3564 2625 ταῖς
3605 2562 3724 2632 βαθ-

2161 2655 2282 2722 μίσι
2315 2654 2461 2708 κατά
2488 2655 2589 2723 τὴν
2631 2654 2808 2720 τάξιν,
2835 2655 2940 2708 ὑπὸ
2962 2655 3057 2709 δύο
3111 2655 3222 2709 τῶν
3265 2657 3503 2726 πρώτων
3556 2658 3726 2723 ἀρχιε-

2164 2748 2309 2820 ρέων
2345 2747 2798 2816 ὲγκαθιδρύεται,
2836 2745 3232 2815 λαμϐανόντων
3273 2749 3441 2802 αὐτὸν
3476 2748 3728 2817 ἑκατέρω·

2160 2841 2273 2905 θεν,
2302 2843 2396 2894 καὶ
2414 2840 2492 2912 τῷ
2508 2841 2637 2908 θείῳ
2655 2841 2681 2892 θ
2694 2841 2831 2911 ρόνῳ
2855 2841 3284 2908 ὲγκαθιζόντων,
3317 2843 3410 2896 καὶ
3430 2841 3728 2894 ἐκϐοῶντων

2159 2933 2222 2986 τὸ
2255 2935 2476 3001 Ἄξιος.
2522 2936 2588 2990 Ὃ
2619 2935 2683 3004 δὴ
2709 2936 2808 2988 καὶ
2829 2935 3098 3004 «tamen:
3127 2935 3247 3006 τρὶς
3278 2935 3436 3006 παρά
3469 2933 3727 2994 τῶνέντὸς

2161 3029 2384 3080 πάντων
2415 3027 2751 3096 ἱερωμένων,
2783 3027 2876 3079 καὶ
2911 3029 3031 3096 τρὶς
3061 3027 3214 3096 παρά
3247 3028 3366 3081 τῶν
3410 3025 3565 3089 ἐκτὸς
3607 3023 3732 3093 ψαλ-

474 3117 566 3186 qui
606 3125 732 3170 sunt
781 3117 923 3169 intra
999 3117 1393 3182 sanctuarium,
1451 3126 1640 3187 terque
1671 3118 1738 3172 ab
1803 3117 2060 3172 omnibus

2163 3119 2272 3172 τῶν
2318 3135 2378 3170 τε
2415 3118 2508 3172 καὶ
2531 3118 2838 3188 κληρικῶν.
2879 3120 2986 3170 Καὶ
3017 3120 3082 3172 ὲκ
3113 3119 3377 3190 δευτέρου
3424 3115 3574 3179 αὖθις
3624 3118 3729 3168 ἀνι-

475 3211 568 3280 qui
623 3219 749 3263 sunt
783 3216 960 3273 extra,
1000 3209 1191 3278 psaltis
1225 3219 1276 3263 et
1310 3209 1548 3264 clericis.
1626 3210 1824 3263 Iterum
1857 3225 2056 3264 secun-

474 3305 544 3356 do
605 3310 854 3369 surgunt,
914 3310 968 3355 et
1020 3302 1210 3356 sedent
1265 3301 1586 3365 clamantes.
1624 3322 1642 3352 ‹
1685 3303 1912 3372 Dignus,
1949 3321 1967 3352 ι
2005 3311 2058 3356 et

476 3393 672 3448 iterum
704 3401 788 3448 ter
818 3392 964 3448 intus
1015 3399 1070 3446 et
1131 3400 1284 3447 extra
1318 3395 1692 3448 sanetuarium
1746 3395 1876 3449 illm]
1916 3395 2058 3463 psal-

477 3485 640 3551 litur;
675 3493 730 3540 et
781 3484 942 3539 tertio
973 3485 1225 3539 similiter
1278 3485 1346 3539 ab
1376 3486 1443 3540 iis
1483 3487 1537 3540 in
1579 3490 1760 3540 selem
1818 3486 2056 3538 colloca-

477 3588 588 3641 tur,
623 3584 836 3645 terque,
878 3595 894 3628 ι
953 3575 1181 3646 Dignus,
1245 3595 1263 3628 ι
1336 3576 1554 3642 dicitur,
1606 3587 1660 3631 et
1723 3577 1994 3646 psallitur,
2027 3590 2056 3629 a

477 3669 711 3724 sacratis
742 3670 903 3736 intra,
938 3679 990 3725 et
1022 3685 1050 3724 a
1087 3670 1277 3739 psaltis
1332 3683 1510 3726 extra.
1568 3673 1723 3725 Tunc
1793 3670 1971 3724 fausta
2001 3671 2060 3723 ﬁt

479 3763 821 3829 acclamatio,
849 3780 970 3834 qua:
1001 3773 1086 3820 est
1134 3779 1353 3820 sacrum
1405 3765 1677 3835 quoddam
1737 3765 2057 3836 mysterium

479 3854 681 3912 Christi
704 3871 867 3912 cruce
889 3866 941 3912 et
971 3865 1150 3912 morte
1172 3872 1270 3912 sua
1297 3857 1587 3922 vincentis,
1612 3868 1665 3912 et
1687 3873 1850 3913 carne
1875 3873 2060 3913 resur-

481 3951 678 4019 gentis,
719 3959 774 4004 et
807 3950 1051 4015 exaltati,
1085 3951 1348 4005 mundum
1412 3951 1516 4006 ﬁde
1571 3952 1636 4006 ad
1668 3967 1726 4008 se
1770 3953 2084 4010 trahentis.’

486 4058 506 4092 ι
543 4043 662 4111 Ipsa
693 4051 776 4096 est
828 4045 971 4096 enim
1008 4041 1238 4095 victoria
1289 4057 1409 4111 qua:
1435 4043 1699 4096 mundum
1743 4042 1896 4109 vicit,
1928 4044 2060 4100 ﬁdes

481 4140 692 4195 nostra,
728 4148 746 4181 ι
783 4139 840 4184 ut
865 4131 936 4184 ait
964 4131 1196 4185 dilectus
1219 4131 1541 4201 discipulus.
1574 4131 1705 4197 Qua:
1731 4148 1826 4202 per
1849 4135 2062 4202 episco-

480 4236 578 4290 pos
610 4222 812 4276 Christi
841 4237 1067 4293 regnum
1103 4223 1246 4291 quod
1282 4233 1435 4276 antea
1463 4222 1738 4277 Christum
1772 4239 2066 4294 perseque-

481 4315 664 4380 batur,
705 4313 925 4367 Christo
980 4313 1214 4382 subegit.
1270 4311 1391 4366 Ideo
1451 4314 1505 4366 in
1539 4313 1641 4368 hac
1669 4311 2062 4370 acclamatione

480 4406 845 4473 imperatores
877 4405 1244 4472 praedicantur
1305 4404 1402 4473 pii,
1455 4419 1566 4458 non
1632 4404 1899 4471 inlideles,
1960 4420 2062 4461 nec

2168 3211 2338 3264 στῶσί
2372 3229 2433 3264 τε
2468 3212 2564 3265 καὶ¹
2588 3212 2902 3276 καθίζουσι,
2967 3213 3198 3283 βοῶντες
3251 3213 3321 3265 τὺ
3372 3214 3594 3278 Ἀξιος.
3633 3209 3734 3264 Καὶ

2166 3305 2334 3357 πάλιν
2371 3303 2530 3358 τοῦτο
2585 3308 2705 3375 τρῖς
2761 3305 2912 3367 ἐντός
2948 3322 3006 3356 τε
3059 3306 3155 3358 καὶ
3213 3304 3424 3368 ἔξωθεν
3460 3304 3729 3375 ψάλλεται.

2168 3395 2282 3448 Kal.
2311 3395 2496 3461 τρίτον
2535 3395 2740 3464 ὁμοίως
2769 3394 3139 3462 ὲνθρονίξεται
3168 3395 3303 3462 παρ’
3336 3397 3535 3459 αὐτῶν,
3565 3395 3652 3447 καὶ
3678 3392 3734 3446 τὸ

2171 3506 2190 3538 ι
2237 3487 2422 3552 Ἄξιος
2462 3506 2478 3538 υ
2518 3486 2740 3556 λέγεται
2775 3489 2871 3542 καὶ
2895 3487 3162 3556 (ἐνάλλεται
3217 3489 3348 3556 τρὶς
3381 3489 3528 3557 παρά
3551 3504 3612 3539 τε
3639 3485 3735 3539 τῶν

2169 3579 2484 3649 ἱερωμένων
2525 3578 2696 3643 ἐντὸς,
2722 3577 2819 3630 καὶ
2849 3578 3000 3647 παρά
3032 3577 3142 3630 τῶν
3161 3576 3392 3646 ψαλτῶν
3433 3576 3612 3639 ἐκτός.
3638 3573 3738 3627 Kal.

2167 3673 2290 3725 τότε
2321 3673 2354 3740 ἡ
2389 3671 2551 3741 φήμη
2587 3671 2800 3738 γίνεται
2824 3685 2839 3701 ⁸
2875 3671 2999 3741 ἥτις
3033 3669 3097 3740 δὴ
3127 3671 3222 3722 καὶ
3261 3671 3392 3740 ἱερά
3421 3672 3535 3723 ἐστι
3557 3665 3736 3735 τελετὴ

2168 3763 2264 3816 τοῦ
2301 3763 2544 3832 Χριστοῦ
2603 3763 2932 3832 νικήσαντος
2977 3761 3054 3830 τῷ
3105 3763 3332 3832 σταυρῷ
3383 3761 3480 3815 καὶ
3515 3758 3738 3827 θανάτῳ,

2169 3857 2265 3908 καὶ
2298 3856 2636 3919 ἀναστάντος
2676 3856 2844 3926 σαρκὶ
2871 3854 2967 3907 κοιὶ⁷
2995 3853 3407 3922 ἀνυψωθέντος,
3428 3853 3518 3906 τὸν
3548 3851 3739 3918 κόσμον

2169 3947 2499 4010 ἐλκύσαντος
2527 3951 2593 4017 τῇ
2628 3947 2808 4001 πίστει
2839 3946 3207 4002 αύτοῦ.Ἐπεὶ
3242 3948 3342 4000 καὶ
3385 3965 3404 3997 ‹
3439 3944 3583 4012 Δῦτη
3605 3941 3741 3994 ἐστὶν

2170 4043 2202 4110 ἡ
2236 4041 2414 4111 νίκηὴ
2448 4043 2720 4109 νικήσασα
2769 4039 2860 4091 τὸν
2883 4039 3110 4105 κόσμον,
3169 4041 3202 4108 ἡ
3238 4039 3428 4100 πίστις
3462 4035 3634 4108 ἡμῶν,
3670 4052 3686 4082 ι
3716 4034 3741 4083 ό

2169 4133 2528 4203 ἠγαπημένοις
2565 4132 2765 4200 φησίν·
2821 4133 2946 4203 ἥτις
2997 4132 3092 4185 καὶ
3147 4133 3238 4184 διὰ
3303 4126 3742 4210 τῶν.ἀρχιερέων

2169 4225 2414 4296 Χριστοῦ
2448 4225 2547 4295 τὴν
2583 4224 2864 4296 βασιλείαν
2905 4224 3003 4294 τὴν
3034 4225 3124 4277 τὸν
3153 4225 3399 4294 Χριστὸν
3451 4223 3578 4290 πρὶν
3627 4215 3744 4269 Eub-

2171 4336 2375 4373 κουσαν
2429 4317 2506 4388 τῷ
2545 4316 2768 4388 Χριστῷ
2814 4315 3184 4380 καθυπέταξε.
3237 4316 3332 4369 Διὸ
3378 4316 3474 4368 καὶ
3516 4309 3745 4382 βασιλεῖς

2174 4408 2653 4478 ἀνακηρύττονται
2703 4407 2974 4472 εὐσεϐεῖς,
3007 4407 3107 4460 οὐκ
3143 4408 3393 4469 ἄπιστοι,
3427 4405 3547 4458 οὐδὲ
3576 4400 3744 4471 ἑτερό-
3782 4452 3788 4478 ε

481 4501 661 4556 aliena
689 4500 980 4567 sapientes,
1049 4514 1348 4568 eorumque
1381 4500 1510 4554 anni
1571 4508 1832 4569 optantur
1883 4500 2060 4568 multi,

2173 4474 2394 4574 cppovevq.
2425 4502 2539 4556 Καὶ
2580 4501 2789 4554 τούτων
2820 4499 2994 4552 πολλὰ
3021 4499 3274 4566 λέγονται
3305 4497 3376 4551 τά
3415 4498 3534 4565 ἐτη,
3567 4495 3644 4557 εἱς
3691 4491 3747 4543 τὸ
3781 4474 3791 4531 ἶ

481 4594 560 4646 uti
622 4600 978 4662 permaneant
1033 4607 1298 4661 semper;
1359 4607 1485 4646 nam
1537 4593 1690 4662 regni
1719 4592 1924 4649 Christi
1955 4608 2063 4648 non

483 4683 588 4740 erit
652 4683 796 4739 ﬁnis.
870 4680 1231 4753 Episcopatus
1289 4692 1470 4738 autem
1539 4699 1663 4739 cum
1725 4700 1890 4755 regno
1950 4686 2068 4740 fau-

482 4777 588 4830 stis
622 4775 1113 4830 acclamationibus
1159 4773 1532 4840 denuntiatur,
1560 4790 1625 4830 eo
1674 4775 1820 4844 quod
1855 4777 2068 4844 episeo-

483 4882 642 4943 patus
698 4887 924 4939 regnum
992 4871 1212 4926 Christo
1261 4873 1496 4942 subegit,
1524 4883 1579 4927 ct
1627 4872 2082 4927 Christianorum

482 4964 770 5035 imperium
837 4961 1162 5030 constituit;
1224 4963 1430 5018 Christi
1498 4974 1629 5017 vero
1699 4977 1926 5032 regnum
1985 4972 2070 5018 est

410 5059 413 5063 ’
482 5068 785 5122 :eternnm;
821 5055 1022 5110 dicitur
1092 5056 1289 5110 enim:
1353 5075 1372 5107 ‹
1408 5053 1490 5108 Τιι
1581 5069 1643 5110 es
1695 5054 1952 5110 sacerdos
2015 5055 2067 5108 in

483 5147 764 5207 saeculum,
799 5147 901 5199 hoc
927 5153 1012 5200 est
1042 5161 1277 5215 semper,
1311 5145 1612 5200 secundum
1644 5145 1897 5200 ordinem
1934 5143 2067 5199 Mel-

487 5237 804 5302 chisedech,
847 5256 864 5287 ι
904 5252 1009 5290 non
1055 5247 1237 5291 autem
1272 5236 1574 5291 secundum
1607 5236 1804 5305 legem.
1872 5235 1944 5290 Ea
2003 5236 2072 5290 de

487 5343 653 5382 causa
685 5329 950 5382 clamante
983 5329 1239 5394 diacono,
1269 5347 1286 5380 ι
1325 5328 1614 5398 Sapienter
1645 5327 2016 5390 attendamus,
2047 5348 2064 5379 ι

483 5420 592 5474 alta
628 5435 758 5474 voce
787 5420 997 5487 profert
1034 5421 1369 5489 patriarcha,
1412 5439 1430 5472 ‹
1467 5419 1574 5473 Pax
1624 5419 1903 5474 omnibus.
1937 5437 1954 5470 υ
1991 5420 2071 5470 Ad

487 5510 635 5580 quod
693 5525 910 5574 omnes,
941 5519 998 5564 ut
1058 5511 1319 5579 diximus,
1387 5527 1585 5582 magna
1636 5529 1760 5568 cum
1815 5525 1948 5567 cura
1989 5519 2074 5564 at-

490 5603 715 5657 tendere
757 5613 1009 5673 oportet;
1059 5605 1348 5673 episcopos
1399 5621 1526 5661 vero
1583 5613 1638 5660 et
1712 5605 2074 5676 presbyteros

494 5700 733 5748 attentos
765 5704 907 5748 stare
931 5703 984 5749 ct
1017 5695 1063 5748 ci
1098 5695 1448 5764 respondere,
1499 5716 1517 5749 ι
1549 5695 1611 5750 Ει
1647 5696 1861 5767 spiritui
1893 5705 2007 5761 tuo,
2050 5714 2066 5744 ι

498 5785 685 5856 sicque
737 5787 970 5853 scdcrc;
1037 5787 1296 5858 populum
1361 5789 1614 5848 similiter
1673 5804 1806 5859 pace
1854 5798 2073 5859 accepta

2170 4592 2450 4662 διαμένειν
2481 4590 2610 4643 ἀεί·
2641 4591 2725 4643 ὅτι
2773 4591 2867 4641 καὶ
2898 4589 2996 4659 τῆς
3044 4588 3330 4659 βασιλείας
3369 4585 3610 4659 Χριστοῦ
3656 4581 3748 4636 οὐκ

2171 4683 2324 4734 ἔσται
2353 4679 2534 4744 τέλος.
2562 4680 2666 4733 Καί
2698 4681 2731 4750 ἡ
2765 4678 3153 4749 ἀρχιερωσύνη
3185 4679 3241 4730 δὲ
3277 4679 3377 4730 σὺν
3407 4679 3473 4746 τῇ
3511 4669 3749 4746 βασιλείᾳ

2173 4772 2594 4844 ἀναγορεύεται,
2628 4770 2712 4823 ὅτι
2744 4769 2838 4821 καὶ
2871 4771 2903 4838 ἡ
2933 4767 3319 4838 ἀρχιερωσύνη
3352 4767 3453 4838 τὴν
3477 4762 3750 4837 βασιλείαν

2173 4865 2400 4936 Χριστῷ
2431 4863 2806 4928 καθυπέταξε,
2851 4862 2943 4916 καὶ
2975 4863 3111 4932 αῦτη
3148 4861 3247 4932 τὴν
3274 4856 3624 4931 Χριστιανῶν
3657 4854 3748 4925 βα-

2177 4959 2387 5012 σιλείαν
2427 4958 2693 5027 καθιστᾷ·
2729 4956 2824 5008 καὶ
2871 4957 2904 5025 ὴ
2935 4953 3030 5008 τοῦ
3082 4953 3320 5024 Χριστοῦ
3367 4947 3751 5024 ἀρχιερωσύνη

2173 5051 2412 5112 αἰώνιος.
2468 5068 2486 5101 ι
2529 5050 2599 5101 Σὺ
2629 5049 2809 5118 ἱερεὺς
2850 5048 2978 5118 γὰρ,
3027 5048 3216 5116 φησὶν,
3267 5047 3350 5109 εἰς
3411 5046 3502 5098 τὸν
3562 5041 3752 5100 αἱῶνα,

2174 5143 2417 5196 τουτέςτι
2445 5141 2761 5204 διαπαντὸς,
2791 5139 2934 5192 κατὰ
3003 5137 3103 5208 τὴν
3144 5139 3297 5202 τάξιν
3332 5133 3692 5205 Μελχισεδὲκ,
3731 5147 3748 5179 ι

2177 5234 2271 5284 καὶ
2292 5232 2352 5283 ού
2383 5232 2522 5283 κατά
2547 5231 2732 5298 νόμον.
2753 5227 3040 5292 Καὶοῦτω,
3069 5245 3085 5279 ι
3115 5229 3284 5296 Σοφία
3315 5225 3746 5293 πρόσσχωμεν,›

2178 5327 2470 5396 κράζοντος
2524 5324 2618 5376 τοῦ
2655 5322 2930 5387 διακόνου,
2996 5322 3078 5385 τὸ,
3127 5301 3392 5389 (Εἰρήνη
3427 5320 3617 5378 πᾶσιν,
3657 5331 3673 5363 ι
3729 5313 3755 5361 ὁ

2180 5419 2527 5488 πατριάρχης
2565 5417 2824 5481 ἐκφωνεῖ.
2863 5415 2998 5482 Περὶ
3053 5405 3139 5478 οῦ,
3170 5411 3245 5472 ὠς
3290 5410 3622 5480 εἰρήκαμεν,
3651 5404 3755 5456 ἔδει

2179 5509 2487 5580 φροντίζειν
2521 5507 2730 5568 πάντας
2755 5521 2768 5534 ·
2809 5505 2905 5557 καὶ
2934 5505 3015 5556 δεῖ
3063 5501 3394 5575 φροντίζειν,
3447 5498 3544 5552 καλ⁵
3574 5497 3756 5565 ἀρχιε-

2183 5605 2296 5672 ρεῖς
2353 5602 2451 5654 καὶ
2521 5600 2686 5668 ἱερεῖς
2739 5595 3018 5660 ἵστασθαι,
3074 5595 3170 5648 καὶ
3218 5592 3548 5659 ἀντιφωνεῖν
3587 5583 3754 5652 αὐτῷ,

2188 5716 2206 5748 ι
2244 5697 2350 5749 Καὶ
2382 5693 2460 5763 τῷ
2509 5691 2785 5760 πνεύματί
2836 5707 2927 5742 σου
2955 5705 2968 5720 ’
3009 5707 3028 5740 ι
3075 5689 3170 5742 καὶ
3219 5683 3366 5739 οὕτω
3411 5678 3753 5744 καθέζεσθαι,

2181 5789 2274 5844 καὶ
2307 5788 2395 5842 τὸν
2449 5785 2578 5840 λαῖον
2607 5783 2807 5854 ὁμοίως
2840 5781 3134 5853 δεξάμενον
3179 5781 3274 5853 τὴν
3314 5777 3558 5848 εἱρήνην,
3596 5789 3613 5822 ι
3651 5770 3755 5822 Καὶ
