4034 6192
289 263 377 329 £49
1263 255 1364 315 DE
1406 253 1671 315 SACRIS
1708 249 2404 314 ORDlNATIONIBUS.

3124 176 3137 203 1

3398 253 3508 321 420

289 374 355 444 τῷ
383 368 650 439 πθεὺματί
680 384 797 432 σου,
837 387 853 418 ι
891 330 1243 439 βοᾷν..Τοῦτο
1263 368 1428 439 γὰρὴ
1462 365 1555 420 τοῦ
1581 365 1830 436 Σωτῆρος

1938 362 2005 416 Et
2031 362 2253 430 Spiritui
2282 373 2371 420 tuo
2392 377 2672 420 resonare.
2730 364 2855 420 [late
2877 372 2962 422 est
2987 367 3134 423 enim
3198 368 3509 428 Servatoris

289 467 404 537 πρὸς
431 463 577 532 ἡμᾶς
618 460 959 530 κληρονομία
990 460 1085 512 καὶ
1113 459 1312 528 δωρεὰ,
1353 460 1448 512 καὶ
1474 460 1507 529 ἠ
1540 458 1833 513 τελευταία

287 558 419 627 εὐχὴ,
449 553 512 606 τὸ
542 552 601 605 ἓν
644 546 787 605 εἶναι
841 551 959 619 μετ’
994 548 1189 603 αὐτοῦ’
1233 550 1387 619 καὶὴ
1429 547 1626 619 πρώτη
1679 547 1831 618 φωνὴ

289 647 410 718 μετὰ
433 643 530 712 τὴν
557 642 875 706 ἀνάστασιν,
909 658 928 691 ι
954 641 1159 711 Εἰρήνη
1191 641 1340 708 ὑμῖν.
1372 658 1392 691 ι
1426 640 1534 692 Καὶ
1563 638 1651 692 διὰ
1672 638 1831 691 τοῦτο

285 738 405 793 οὕτω
430 736 659 806 λαμπρὰ
679 734 772 788 καὶ
794 736 826 805 ἡ
860 736 917 786 ὲν
948 732 1023 803 τῷ
1059 732 1333 802 συνθρόνῳ
1356 731 1451 785 τοῦ
1486 732 1829 800 πατριάρχου

287 833 472 900 γίνεται
502 828 907 898 ἐγκαθίδρυσις,
937 824 1338 888 ἴνακαθεσθεὶς
1366 823 1554 891 ὥσπερ
1580 826 1607 875 6
1638 821 1830 892 Σωτὴρ

284 924 351 985 εἰς
364 921 481 983 τοὺς
497 920 782 989 οὐρανοὺς,
814 920 912 988 τὴν
941 918 1165 987 εἰρήνην
1196 916 1406 968 ἐκεῖθεν
1431 917 1601 969 ἅπασι
1630 914 1739 984 δῴη
1770 931 1828 965 τε

283 1015 362 1068 καὶ
389 1011 619 1083 κηρύξαι
643 1027 654 1042 ’
682 1011 756 1072 ὡς
787 1010 883 1062 καὶ
910 1008 1121 1061 ἐκεῖθεν
1163 1007 1241 1077 τῷ
1277 1005 1548 1075 τρικηρίῳ
1595 1006 1824 1071 εὐλογεῖ,

279 1108 342 1170 ὡς
368 1107 470 1161 ἀπὸ
492 1104 583 1158 τοῦ
615 1103 870 1173 οὐρανίου
907 1101 1101 1170 θρόνου
1135 1102 1233 1171 τὴν
1269 1101 1367 1168 τῆς
1395 1098 1628 1169 Τριάδος
1661 1098 1831 1166 παρέ-

280 1216 375 1268 χων
396 1197 559 1265 χάριν
589 1196 686 1248 καὶ
735 1194 1003 1263 ἕλλαμψιν
1043 1192 1133 1245 διὰ
1196 1189 1291 1244 τοῦ
1343 1191 1617 1260 Σωτῆρος.
1655 1190 1735 1242 Τὰ
1774 1190 1830 1242 δὲ

277 1290 451 1359 ἐφεξῆς
486 1288 561 1351 ὡς
593 1290 653 1339 ὲν
683 1286 887 1349 πάσαις
919 1286 1042 1348 ταῖς
1076 1282 1444 1355 λειτουργίαις
1496 1281 1704 1350 γίνεται
1733 1294 1747 1309 ⁸
1781 1282 1830 1334 εί

278 1384 365 1452 μὲν
389 1381 677 1453 ἀρχιερεὺς
712 1377 799 1450 ἦν,
835 1378 1029 1441 οὕτως.

740 1559 896 1630 173
928 1557 1158 1612 ΚΕΦΑΛ
1210 1555 1375 1611 ΣΛΓ’.

276 1675 455 1740 Ὅπως
498 1673 538 1740 ἠ
564 1674 901 1742 χειροτονία
921 1672 1027 1725 τοῦ
1057 1670 1429 1738 πατριάρχου
1458 1668 1710 1736 γίνεται,
1738 1664 1827 1735 μὴ

570 1744 757 1808 ὅντως
785 1745 1077 1810 πρότερον
1104 1742 1468 1795 ἐπισκόπου.

335 1837 467 1891 Εἰδὲ
507 1835 884 1906 πρεσϐύτερος
917 1836 1012 1887 καὶ
1044 1834 1145 1886 οὐκ
1199 1832 1496 1902 ἀρχιερεὺς
1540 1833 1568 1885 6
1618 1831 1832 1902 ὑποψή-

273 1930 379 1999 φιός
405 1931 546 1995 ἐστι,
588 1928 978 1999 χειροτονεῖται
1013 1925 1233 1995 πρῶτον
1259 1923 1559 1986 ἐπίσκοπος
1583 1939 1598 1956 ο
1637 1922 1830 1976 ἔπειτα

271 2021 646 2092 ἐνθρσνίζεται.
701 2018 1032 2071 Ἐπισκόπου
1074 2017 1183 2086 γὰρ
1229 2019 1257 2070 6
1313 2014 1502 2085 θρόνος
1529 2030 1543 2045 '
1606 2016 1690 2069 δτι
1737 2016 1832 2069 καὶ

271 2114 555 2174 ἐπίσκοπος
587 2111 688 2178 τὴν
713 2110 807 2163 τοῦ
847 2108 1094 2178 Χριστοῦ
1141 2108 1367 2161 πλουτεῖ
1408 2108 1660 2177 δύναμιν.
1723 2109 1831 2162 Καὶ

273 2205 462 2271 γίνεται
488 2203 663 2266 οὓτως
689 2203 722 2273 ή
756 2202 1086 2272 χειροτονία.
1122 2201 1217 2261 Εἰς
1241 2202 1302 2255 τὸ
1330 2199 1637 2269 ἁγιώτατον
1666 2198 1834 2252 εἰσελ-

273 2295 366 2349 θὼν
392 2293 574 2365 βῆμα,
606 2296 902 2364 προσκυνεί
931 2293 1030 2363 τὴν
1061 2294 1214 2364 ἱερὰν
1231 2294 1513 2363 τράπεζαν
1542 2292 1633 2345 καὶ
1653 2292 1832 2346 ἀσπά-

271 2387 407 2452 ζεται
429 2390 455 2439 6
495 2385 809 2455 ὖποψήφιος
840 2385 1187 2455 πατριάρχης
1209 2386 1344 2438 ’καὶ
1376 2385 1509 2454 περὶ
1562 2385 1661 2446 τὰς
1697 2383 1831 2453 βαθ-

272 2478 417 2548 μίδας
454 2476 558 2531 τοῦ
610 2477 757 2531 θείου
819 2477 1113 2546 συνθρόνου
1164 2478 1480 2547 γενόμενος,
1535 2480 1835 2547 προσκυνεῖ

271 2569 398 2622 κατὰ
443 2569 720 2632 ἀνατολὰς
756 2570 899 2640 τρίς.
937 2569 1045 2620 Καὶ
1077 2567 1146 2620 τὰ
1198 2569 1563 2638 ἀρχιερατικὰ
1627 2568 1829 2621 ἐνδιδύ-

272 2674 445 2714 σκεται
499 2661 617 2714 τῶν
644 2659 1121 2731 ἐκκλησιαστικῶν
1176 2660 1442 2713 διακόνων
1474 2661 1549 2723 ὡς
1585 2659 1832 2726 ἀγγέλων

270 2751 355 2814 τὰς
384 2753 546 2823 ἱερὰς
574 2753 940 2823 ἐνδεδομένων
977 2750 1173 2813 στολὰς
1205 2752 1424 2822 πρῶτον
1456 2751 1709 2819 εὐλογίαν
1742 2752 1834 2803 λα-

271 2844 460 2898 ϐόντων
532 2847 666 2915 παρ’
724 2844 886 2898 αὑτοῦ
960 2847 1054 2897 καὶ
1115 2843 1285 2906 οὕτως
1348 2844 1832 2913 ἐξυπηρετούντων

269 2935 420 3005 αὐτῷ.
451 2935 521 2991 Οἱ
563 2937 836 3006 ἀρχιερεῖς
867 2935 924 2988 δὲ
977 2934 1114 3003 μετὰ
1151 2934 1404 3001 μανδύων
1456 2935 1704 2988 ἵστανται
1740 2935 1833 3005 μό-

1938 454 2226 509 Ιιιειειιίιοε
2286 463 2340 508 et
2368 455 2590 510 donatio
2645 456 2802 511 nobis
2868 472 3153 525 concessa,
3201 468 3509 526 postrema-

1934 561 2041 616 que
2066 548 2261 613 oratio,
2292 555 2351 602 ut
2381 563 2547 602 unum
2589 564 2709 604 cum
2771 550 2891 619 ipso
2917 552 3112 606 simus.
3169 552 3347 608 Prima
3373 572 3510 626 quo-

1934 649 2041 704 que
2073 635 2244 703 ipsius
2275 652 2375 690 vox
2403 648 2525 707 post
2562 641 3039 703 resurrectionem.
3082 659 3101 692 ι
3134 643 3245 697 Pax
3278 646 3451 700 vobis.
3484 665 3502 698 ι

1934 724 2227 795 Propterea
2260 728 2545 783 collocatio
2587 731 2911 797 patriarcha:
2966 733 3019 785 in
3069 735 3321 789 thronum
3349 753 3509 793 suum

1936 828 2042 871 tam
2072 819 2352 887 magnifice
2375 828 2631 888 tantoque
2664 822 2719 874 fit
2744 838 2865 877 cum
2894 835 3180 893 apparatu,
3211 837 3291 895 ut,
3318 845 3513 898 quem-

1934 908 2224 961 admodum
2267 910 2524 984 Servator
2599 912 2794 968 sedens
2834 914 2888 967 in
2918 917 3075 971 caelis
3140 932 3326 985 pacem
3388 922 3514 976 inde

1934 998 2185 1051 omnibus
2224 999 2387 1052 donat
2432 1009 2487 1054 et
2524 1002 2803 1070 prmdicat,
2864 1006 2935 1058 ita
2972 1009 3276 1075 patriarcha
3328 1026 3357 1063 e
3387 1013 3513 1068 sede

1934 1105 2029 1144 sua
2094 1090 2316 1146 tricerio
2389 1093 2695 1155 beneJicat.
2756 1097 2903 1150 velut
2957 1114 2985 1151 a
3039 1100 3251 1155 caelesti
3316 1104 3515 1159 throno

1935 1183 2179 1252 prmbeus
2213 1198 2308 1252 per
2340 1184 2688 1240 Servatur-em
2721 1187 3010 1244 Trinitatis
3066 1197 3293 1259 gratiam
3340 1204 3394 1248 et
3449 1197 3513 1250 il-

1932 1275 2374 1332 luminationem.
2404 1277 2534 1343 Qua:
2569 1289 2897 1348 sequuntur,
2929 1281 3121 1337 eodem
3155 1286 3317 1340 modo
3350 1286 3507 1354 ﬁunt,

1933 1382 2041 1434 quo
2077 1368 2128 1420 in
2163 1368 2373 1423 ueteris
2405 1369 2659 1440 liturgiis.
2696 1369 2753 1425 Si
2783 1374 3075 1441 episcopus
3118 1385 3220 1443 est,
3263 1377 3338 1431 ita
3372 1378 3430 1432 fit
3454 1388 3511 1433 ut

1933 1460 2163 1513 dictum.

2422 1552 2650 1608 CAPUT
2681 1555 3009 1612 CCXXXIII.

1936 1662 2211 1729 Quomodo
2264 1668 2549 1751 ordinatio
2590 1672 2915 1751 potriarehw
2971 1674 3064 1742 ﬁat
3106 1677 3197 1746 qui
3243 1679 3513 1749 episcopus

2462 1749 2616 1791 antea
2643 1758 2746 1793 non
2785 1749 2980 1811 fuerat.

2008 1826 2061 1881 Si
2098 1843 2225 1881 vero
2254 1829 2459 1883 electus
2490 1830 2774 1901 presbyter
2799 1846 2904 1896 est,
2933 1850 3038 1890 non
3076 1839 3383 1909 episcopus,
3424 1858 3513 1898 or-

1936 1919 2157 1974 dinatur
2205 1922 2435 1987 primum
2507 1924 2834 1993 cpiscopus;
2898 1939 3083 1997 postea
3146 1931 3201 1985 in
3257 1935 3510 1991 thronum

1936 2010 2259 2064 collocatur.
2307 2012 2384 2064 Ad
2425 2013 2742 2082 episcopum
2794 2016 2937 2069 enim
2976 2018 3209 2073 thronus
3251 2024 3505 2091 pertinet,

1934 2118 1999 2158 eo
2038 2103 2181 2173 quod
2210 2104 2412 2158 Christi
2464 2106 2717 2160 virtutem
2786 2108 3005 2163 abunde
3057 2114 3356 2179 possideat.
3394 2115 3508 2170 "oe

1934 2203 2115 2248 autem
2148 2194 2266 2248 ritu‘
2296 2196 2351 2249 tit
2385 2195 2680 2250 ordinatio.
2716 2196 3031 2254 Patriarcha
3068 2203 3300 2272 electus,
3345 2221 3510 2260 sauc-

1936 2286 2205 2340 tissitnum
2242 2286 2554 2356 ingrediens
2582 2288 2845 2353 tribunal,
2882 2292 3071 2345 adorat
3117 2308 3327 2348 sacram
3364 2314 3392 2346 ιι
3415 2313 3511 2351 eu-

1936 2392 2052 2430 sam
2112 2385 2167 2431 et
2218 2378 2514 2432 osculatur.
2556 2378 2693 2433 Cum
2754 2396 2884 2435 vero
2930 2385 3237 2451 pervenerit
3287 2387 3353 2440 ad
3387 2404 3511 2457 gra-

1935 2468 2037 2523 dus
2077 2469 2245 2523 divini
2319 2471 2633 2540 synthroni,
2668 2481 2748 2527 ter
2782 2474 2849 2528 ad
2898 2476 3161 2530 orientem
3216 2477 3428 2545 adorat,
3459 2493 3512 2535 et

1937 2568 2114 2615 restes
2175 2562 2514 2632 episcopales
2574 2564 2840 2620 induitur.
2906 2567 3279 2625 Ecclesiastici
3328 2586 3508 2625 autem

1932 2649 2174 2715 diaconi,
2234 2653 2378 2707 sicut
2409 2655 2587 2726 angeli
2621 2671 2806 2711 sacras
2881 2658 3051 2715 stolas
3130 2662 3246 2716 sive
3297 2664 3510 2718 tunicas

1937 2742 2134 2806 induti,
2170 2744 2603 2802 benedictionem
2641 2748 2875 2817 primum
2913 2751 2982 2803 ab
3021 2767 3088 2807 eo
3118 2754 3418 2822 accipiunt,
3452 2765 3509 2809 et

1935 2839 1981 2888 ei
2016 2835 2095 2890 sic
2139 2836 2473 2893 ministrant.
2540 2839 2791 2911 Episcopi
2840 2852 3020 2897 autem
3076 2861 3199 2899 cum
3261 2849 3509 2919 mandyis

1947 2927 2061 2981 sive
2125 2928 2301 3000 longis
2370 2931 2549 2999 palliis
2600 2942 2747 2987 stunt
2798 2944 3031 2991 tantum.
3085 2938 3283 2994 Omnes
3346 2940 3511 3009 igitur

270 3044 367 3083 νον.
397 3029 591 3082 Πάντα
613 3025 707 3079 οὖν
737 3027 1097 3095 ἐνδυσάμενος
1126 3026 1195 3079 τὰ
1223 3026 1606 3095 ἀρχιερατικὰ,
1643 3027 1832 3097 στιχά-

1938 3020 2329 3076 archieraticas
2372 3032 2547 3077 vestes
2605 3024 2851 3086 indutus.
2910 3027 3229 3082 sticharium
3276 3031 3511 3085 undula-

273 3135 376 3188 ριον
400 3120 544 3187 μετὰ
580 3116 869 3188 ποταμῶν,
904 3118 991 3170 διὰ
1018 3118 1078 3170 τὸ
1108 3118 1272 3184 ἁγνόν
1329 3133 1387 3168 τε
1422 3119 1518 3172 καὶ
1546 3118 1645 3186 τὴν
1678 3117 1829 3171 διδα-

271 3208 499 3277 σκαλίαν,
563 3209 653 3261 διὰ
677 3207 779 3276 τὴν
809 3208 1015 3262 ἄνωθεν
1060 3207 1222 3277 χάριν
1280 3207 1687 3277 ἐπιτραχήλιον,
1736 3212 1831 3261 καὶ

271 3299 431 3373 ζώνην
485 3301 588 3357 καὶ
639 3301 982 3369 ἐπιγονάτιον
1031 3299 1122 3353 διὰ
1169 3299 1268 3368 τὴν
1323 3299 1679 3369 σωφροσύνην
1738 3301 1831 3352 καὶ

274 3393 413 3463 ἰσχὺν
447 3393 602 3447 κατὰ
649 3392 884 3445 θανάτου
922 3391 1016 3442 καὶ
1060 3390 1242 3460 νίκην,
1276 3390 1583 3458 ἐπιμάνικά
1617 3408 1672 3443 τε
1739 3396 1832 3444 καὶ

273 3485 458 3539 σάκκον
489 3485 589 3538 διὰ
634 3484 732 3553 τὴν
787 3484 939 3536 θείαν
980 3483 1266 3551 ἐνέργειαν
1306 3482 1400 3534 καὶ
1451 3481 1551 3550 τὴν
1606 3481 1693 3533 διὰ
1737 3481 1830 3533 τοῦ

272 3573 459 3637 πάθους
487 3573 827 3643 ἀφθαρσίαν,
854 3572 1167 3640 ὡμοιρόριον
1197 3570 1355 3640 μόνον
1396 3570 1457 3623 οὐ
1504 3570 1831 3640 περιδοὶλλε⁸

271 3678 375 3718 ται·
406 3664 575 3719 τοῦτο
618 3665 728 3733 γὰρ
764 3663 894 3716 ῖδιον
930 3662 1258 3715 ἐπισκόπου.
1746 3648 1751 3653 ’

815 3862 856 3914 Κ
870 3860 1066 3916 ΕΦΔΛ.
1117 3862 1276 3915 ΣΛΔ’.

270 3976 380 4033 Ὅτι
406 3980 507 4036 καὶ
556 3984 592 4035 ό
616 3967 987 4048 πατριάρχης
1031 3980 1150 4033 ὑπὸ
1183 3981 1324 4045 τοὺς
1370 3983 1634 4047 κανόνας
1662 3981 1830 4034 ἐστί’

328 4052 423 4103 καὶ
472 4050 721 4119 μέλλων
750 4050 1215 4119 χειροτονεῖσθαι
1259 4051 1598 4115 ἐπίσκοπος
1626 4051 1834 4105 δίδωσι

327 4119 441 4187 τὴν
470 4117 804 4189 ὁμολογίαν
840 4118 1025 4170 αὑτοῦ
1057 4117 1131 4185 τῇ
1175 4120 1532 4186 Ἐκκλησίᾳ.

325 4212 486 4266 Μετὰ
521 4211 622 4265 τοῦ
682 4211 888 4263 σάκκου
945 4206 1038 4263 οὖν
1086 4211 1236 4275 στὰς,
1286 4212 1504 4273 δεικνὺς
1552 4210 1627 4274 ὡς
1683 4210 1838 4265 οὔπω

262 4300 565 4362 ἐπίσκοπος
605 4299 821 4352 πάντων
884 4298 1194 4367 ἱσταμένων
1232 4300 1536 4369 ἀρχιερέων
1578 4300 1673 4352 καὶ
1706 4301 1839 4369 κληο

1937 3118 2046 3165 tum
2077 3120 2298 3180 propter
2321 3113 2611 3182 puritatem
2637 3122 2693 3169 et
2730 3118 3057 3186 doctrinam,
3098 3121 3508 3188 opitrachelium

1936 3203 2049 3257 sive
2080 3203 2274 3257 stolam
2308 3205 2726 3272 sacerdotalem,
2759 3218 2812 3263 et
2864 3224 3056 3264 zonam
3107 3224 3329 3283 prepter
3383 3233 3511 3282 gra-

1939 3298 2064 3348 tiam
2103 3309 2339 3362 superne
2404 3297 2731 3362 venientem,
2811 3305 3206 3372 supergrttuale
3288 3320 3512 3376 pt‘Opter

1938 3387 2345 3456 temperantiam
2414 3398 2469 3443 et
2540 3389 2915 3446 fortitudinem
2992 3406 3181 3450 contra
3255 3410 3508 3467 mortem,

1936 3475 2113 3544 deque
2142 3491 2205 3531 ea
2259 3477 2565 3545 victoriam,
2608 3485 3060 3547 supertnanicalia
3122 3503 3249 3544 vero
3278 3500 3331 3546 et
3386 3509 3510 3548 sac-

1937 3582 2061 3621 cum
2103 3579 2324 3637 propter
2361 3571 2600 3625 divinam
2655 3575 2935 3642 virtutem,
2981 3590 3034 3631 et
3071 3594 3168 3647 per
3223 3584 3509 3649 passiones

1940 3661 2429 3727 immortalitatem,
2493 3667 2665 3719 solum
2712 3676 2797 3723 est
2850 3670 3069 3739 p'allium
3107 3688 3214 3742 quo
3254 3689 3364 3729 non
3419 3676 3507 3731 iu-

1940 3753 2161 3821 duitur;
2204 3763 2287 3809 est
2320 3757 2465 3811 enim
2515 3759 2755 3827 episcOpi
2819 3764 3116 3831 proprium.

2426 3871 2652 3927 CAPUT
2691 3872 3014 3929 CCXXXIV.

1940 3983 2307 4063 Putriarcham
2370 3987 2838 4063 quoqtte_subesse
2905 3990 3214 4063 501191150118,
3262 4003 3417 4063 atque
3461 3998 3510 4051 si
3546 3999 3559 4006 ’

2010 4056 2279 4129 ερίδεοηιιε
2305 4122 2314 4129 ι
2344 4054 2672 4129 ordinandus
2733 4068 2807 4110 est
2837 4100 2852 4122 ,
2903 4054 3288 4129 confessionem
3329 4054 3509 4119 'suam

2013 4126 2163 4177 edere
2190 4122 2461 4176 Ecclesiw.
2610 4128 2616 4134 ’

2015 4216 2178 4271 Stans
2204 4216 2368 4286 igitur
2408 4231 2530 4269 cum
2570 4231 2755 4281 sacco,
2791 4228 2846 4272 et
2898 4221 3001 4276 hoc
3043 4223 3232 4277 habitu
3278 4224 3509 4279 demon-

1944 4319 2125 4364 strans
2155 4324 2214 4363 se
2246 4309 2485 4362 nondum
2511 4324 2634 4364 esse
2673 4311 3016 4381 episcopum,
3062 4314 3334 4371 stantibus
3373 4332 3511 4385 quo-

262 4392 431 4461 ρικῶν
458 4392 531 4444 τὰ
560 4391 655 4444 τοῦ
688 4391 911 4452 κανόνος
940 4390 1202 4459 ἐκπληροῖ
1230 4406 1242 4418 ·
1293 4392 1387 4442 καὶ
1415 4392 1513 4458 τὴν
1547 4390 1833 4459 ὁμολογίαν

1946 4414 2049 4469 quc
2073 4396 2330 4451 omnibus
2364 4397 2640 4466 episcopis
2669 4406 2722 4450 et
2751 4398 2984 4463 clericis,
3014 4400 3105 4470 qni
3138 4413 3435 4473 supersunt
3478 4421 3510 4459 e

261 4483 425 4537 αὑτοῦ
457 4483 695 4538 ἐνώπιον
749 4482 897 4549 λέγει
939 4481 1177 4547 πάντων,
1207 4481 1304 4551 τὴν
1342 4484 1524 4534 πίστιν
1553 4482 1718 4552 ὀρθὴν
1764 4482 1839 4535 ὄι-

254 4573 403 4639 δοὺς,
436 4575 514 4638 ὡς
552 4576 728 4642 δῶρον
756 4574 857 4642 τῆς
911 4570 1270 4640 νυμφεύσεως
1323 4572 1583 4639 καθαρόν.
1645 4571 1704 4626 Ὀ
1739 4572 1838 4642 μὲν

256 4666 365 4736 γὰρ
398 4666 698 4735 ἀρχιερεὺς
727 4665 807 4726 εἰς
837 4666 1185 4735 πατριάρχην
1225 4664 1673 4733 μετατιθέμενος,
1714 4664 1838 4727 δοὺς

253 4758 499 4829 ὲξαρχῆς
529 4760 632 4829 τὴν
665 4756 958 4828 ὁμολογίαν
1011 4760 1068 4809 ἐν
1120 4757 1196 4825 τῷ
1253 4757 1707 4826 χειροτονεῖσθαι,
1738 4758 1838 4810 οὐκ

255 4850 368 4920 ἔχει
427 4851 629 4920 χρείαν
673 4847 826 4913 αὖθις
877 4849 1059 4917 λέγειν
1090 4850 1302 4917 αὐτὴν·
1340 4844 1499 4912 οὗτος
1556 4849 1611 4902 δὲ
1670 4850 1838 4919 μήπω

253 4943 566 5003 ἐπίσκοπος
597 4941 859 5010 γεγονὼς,
892 4941 1112 5011 ἀνάγκη
1144 4941 1352 5010 ταύτην
1385 4940 1567 4993 δοῦναι
1600 4941 1707 5011 πρὸ
1738 4943 1837 5011 τῆς

252 5035 606 5105 χειροτονίας
632 5037 698 5103 τῇ
737 5033 1063 5105 Ἐκκλησίᾳ,
1120 5033 1217 5087 καὶ
1247 5034 1396 5094 ἐντος
1446 5032 1654 5100 ταύτην
1684 5032 1837 5099 λέγει

250 5126 344 5180 τοῦ
387 5127 669 5198 βήματος,
709 5126 782 5189 ὼς
807 5128 1027 5179 πάντων
1057 5126 1165 5178 τῶν
1217 5127 1276 5178 ὲν
1303 5125 1380 5194 τῷ
1417 5125 1622 5195 βήματι
1652 5124 1838 5194 ἄρχων

254 5220 308 5270 ἑν
338 5218 638 5288 Πνεῦματι
692 5216 1093 5285 καθιστάμενος
1142 5217 1238 5269 κοιλ⁹
1296 5217 1509 5287 Πατήρ.
1567 5216 1747 5282 Αὐτὴν
1779 5216 1836 5268 δὲ

252 5306 401 5375 λέγει
424 5307 497 5376 ἢν
526 5305 626 5358 καὶ
649 5307 851 5369 πάντες
883 5309 931 5359 oi
952 5305 1253 5376 ὑποψήφιοι
1284 5308 1565 5378 ἀρχιερεῖς
1592 5308 1835 5375 λέγουσι,

254 5401 426 5470 χωρὶς
463 5401 634 5469 μόνον
653 5400 748 5453 τοῦ
773 5399 1180 5453 ὑποτάσσεσθαι
1204 5398 1282 5469 τῷ
1310 5400 1647 5470 πατριάρχῃ.
1685 5400 1840 5452 Ἐπεὶ

255 5492 362 5561 γάρ
396 5493 573 5555 αὐτὸς
618 5493 967 5563 πατριάρχης
1021 5491 1502 5563 χειροτονούμενός
1559 5494 1701 5555 ἐστι,
1730 5491 1837 5544 τίνι

257 5580 693 5653 ὑποταγήσεται,
718 5582 919 5653 ,ἀλλ’ἢ
975 5585 1088 5646 τοῖς
1140 5584 1332 5636 κανόσι
1386 5585 1480 5635 καὶ
1522 5584 1706 5652 μόνον,
1745 5580 1839 5645 οὒς

257 5672 348 5727 καὶ
374 5672 645 5742 ὁμολογεῖ
692 5671 1025 5742 φυλάσσειν;
1060 5672 1174 5742 Τῆς
1207 5674 1503 5743 ὁμολογίας
1535 5672 1651 5729 οὖν
1688 5675 1837 5727 τελε-

1943 4505 2152 4544 canone
2218 4489 2479 4558 complet,
2518 4500 2574 4542 et
2627 4490 3033 4545 confessionem
3101 4509 3259 4548 suam
3322 4490 3541 4551 coraut'

1941 4582 2198 4637 Omnibus
2240 4582 2455 4643 recitat,
2489 4589 2693 4634 rectam
2721 4581 2880 4634 tidem
2907 4593 2967 4637 ut
2993 4599 3186 4652 purum
3216 4590 3505 4658 desponsa-

1943 4673 2106 4726 tionis
2134 4687 2247 4727 sua:
2273 4672 2476 4726 donum
2509 4685 2811 4739 exponens.
2852 4672 2955 4737 Qui
2989 4675 3282 4744 epismpus
3312 4681 3381 4731 ad
3418 4695 3511 4745 pa-

1943 4764 2298 4818 triarchatum
2332 4761 2682 4823 transfertur,
2716 4762 2808 4829 qui
2841 4762 3243 4818 confessionem
3266 4767 3333 4821 ab
3355 4769 3511 4823 initio

1942 4852 2090 4906 dedit
2118 4866 2241 4905 cum
2297 4848 2670 4913 ordinaretur,
2706 4864 2811 4902 non
2850 4864 2993 4918 opus
3044 4851 3208 4905 habet
3244 4868 3365 4907 eam
3412 4857 3511 4909 ite-

1942 4955 2060 4994 rum
2087 4938 2355 5008 proferre.
2385 4937 2491 4993 Sed
2523 4953 2648 4993 cum
2682 4938 2926 4992 nondum
2962 4938 3139 4994 factus
3160 4951 3245 4997 est
3294 4949 3511 5012 epist'o-

1942 5047 2065 5101 pus,
2097 5045 2323 5086 necesse
2364 5038 2448 5085 est
2483 5040 2543 5087 ut
2588 5040 2715 5084 ante
2763 5031 3163 5086 ordinationem
3207 5050 3360 5089 suam
3386 5036 3511 5092 edat

1942 5130 2088 5184 illam
2120 5128 2172 5183 in
2205 5126 2467 5191 Ecclesia,
2490 5135 2542 5180 et
2578 5127 2719 5181 intra
2755 5130 3152 5191 sanctuarium,
3179 5138 3237 5181 ut
3264 5129 3508 5183 omnium

1942 5220 2035 5290 qui
2059 5228 2189 5273 sunt
2216 5219 2269 5272 in
2299 5218 2615 5273 sanctuario
2640 5218 2897 5287 princeps
2924 5227 2978 5272 et
3010 5217 3171 5271 Pater
3209 5233 3302 5288 per
3331 5220 3511 5290 Spiri-

1944 5320 2053 5365 tum
2091 5312 2442 5365 constitutus.
2502 5310 2755 5362 Eamdem
2805 5319 2984 5363 autem
3026 5308 3139 5363 edit
3195 5325 3358 5379 quam
3395 5327 3512 5365 om-

1944 5417 2042 5457 nes
2071 5402 2229 5456 electi
2264 5401 2507 5471 episcopi
2536 5402 2697 5455 edere
2724 5401 2900 5455 solent
2930 5418 2945 5468 ;
2995 5415 3060 5455 eo
3083 5400 3259 5456 solum
3284 5412 3511 5472 excepto

1944 5493 2087 5563 quod
2123 5492 2517 5562 subiectionem
2549 5493 2874 5563 patriarcha:
2900 5508 3005 5546 non
3041 5496 3307 5562 promittit
3337 5513 3353 5561 ;
3384 5511 3507 5550 cum

1942 5586 2085 5641 enim
2120 5585 2173 5640 iu
2207 5586 2571 5654 patriarcbam
2603 5584 2907 5653 ordinetur,
2928 5586 3015 5641 cui
3036 5586 3377 5655 subjicietur,
3404 5588 3508 5642 nisi

1943 5676 2116 5732 solum
2169 5678 2473 5735 canonibus
2505 5693 2646 5750 quos
2687 5681 2983 5735 confitetur
3023 5692 3081 5736 se
3121 5681 3511 5736 servaturum?
