  <div class='ocr_page' id='page_1' title='image "/cluster/home/n/w/nwhite01/storage/ocr_20150623/155/hvd.32044069650117/235.png"; bbox 0 0 4034 6192; ppageno 0'>
   <div class='ocr_carea' id='block_1_1' title="bbox 486 214 589 279">
    <p class='ocr_par' dir='ltr' id='par_1_1' title="bbox 486 214 589 279">
     <span class='ocr_line' id='line_1_1' title="bbox 486 214 589 279; baseline 0.019 -2"><span class='ocrx_word' id='word_1_1' title='bbox 486 214 589 279; x_wconf 72' lang='grc' dir='ltr'>λίῐιθ</span> 
     </span>
    </p>
   </div>
   <div class='ocr_carea' id='block_1_2' title="bbox 1263 215 2873 281">
    <p class='ocr_par' dir='ltr' id='par_1_2' title="bbox 1263 215 2873 281">
     <span class='ocr_line' id='line_1_2' title="bbox 1263 215 2873 281; baseline 0.002 -4"><span class='ocrx_word' id='word_1_2' title='bbox 1263 217 1646 278; x_wconf 69' lang='lat' dir='ltr'><strong>SYMEONIS</strong></span> <span class='ocrx_word' id='word_1_3' title='bbox 1688 215 2456 278; x_wconf 72' lang='lat' dir='ltr'><strong>THESSALONICENSIS</strong></span> <span class='ocrx_word' id='word_1_4' title='bbox 2509 218 2873 281; x_wconf 82' lang='lat' dir='ltr'><strong>ARClIIEP.</strong></span> 
     </span>
    </p>
   </div>
   <div class='ocr_carea' id='block_1_3' title="bbox 3610 226 3701 293">
    <p class='ocr_par' dir='ltr' id='par_1_3' title="bbox 3610 226 3701 293">
     <span class='ocr_line' id='line_1_3' title="bbox 3610 226 3701 293; baseline 0.055 -5"><span class='ocrx_word' id='word_1_5' title='bbox 3610 226 3701 293; x_wconf 76' lang='grc' dir='ltr'>ίῦθ</span> 
     </span>
    </p>
   </div>
   <div class='ocr_carea' id='block_1_4' title="bbox 483 326 2077 407">
    <p class='ocr_par' dir='ltr' id='par_1_4' title="bbox 483 326 2052 400">
     <span class='ocr_line' id='line_1_4' title="bbox 483 326 2052 400; baseline -0.001 -18"><span class='ocrx_word' id='word_1_6' title='bbox 483 331 559 383; x_wconf 88' lang='lat' dir='ltr'><strong>vit</strong></span> <span class='ocrx_word' id='word_1_7' title='bbox 587 342 683 398; x_wconf 83' lang='lat' dir='ltr'><strong>per</strong></span> <span class='ocrx_word' id='word_1_8' title='bbox 716 328 900 398; x_wconf 78' lang='lat' dir='ltr'><strong>igneas</strong></span> <span class='ocrx_word' id='word_1_9' title='bbox 932 327 1052 384; x_wconf 85' lang='lat' dir='ltr'><strong>illas</strong></span> <span class='ocrx_word' id='word_1_10' title='bbox 1095 328 1312 400; x_wconf 76' lang='lat' dir='ltr'><strong>linguas</strong></span> <span class='ocrx_word' id='word_1_11' title='bbox 1347 326 1607 398; x_wconf 86' lang='lat' dir='ltr'><strong>Spiritus</strong></span> <span class='ocrx_word' id='word_1_12' title='bbox 1632 330 1924 399; x_wconf 78' lang='lat' dir='ltr'><strong>unicuique</strong></span> <span class='ocrx_word' id='word_1_13' title='bbox 1961 344 2052 382; x_wconf 86' lang='lat' dir='ltr'><strong>eo-</strong></span> 
     </span>
    </p>
   </div>
   <div class='ocr_carea' id='block_1_5' title="bbox 2166 326 3702 407">
    <p class='ocr_par' dir='ltr' id='par_1_5' title="bbox 2166 329 3702 407">
     <span class='ocr_line' id='line_1_5' title="bbox 2166 329 3702 407; baseline 0.008 -25"><span class='ocrx_word' id='word_1_14' title='bbox 2166 332 2275 387; x_wconf 76' lang='grc' dir='ltr'>ταῖς</span> <span class='ocrx_word' id='word_1_15' title='bbox 2338 329 2609 400; x_wconf 79' lang='grc' dir='ltr'><strong>ἐμπύροις</strong></span> <span class='ocrx_word' id='word_1_16' title='bbox 2658 332 2901 392; x_wconf 76' lang='grc' dir='ltr'><strong>ἐκείναις</strong></span> <span class='ocrx_word' id='word_1_17' title='bbox 2961 329 3238 399; x_wconf 73' lang='grc' dir='ltr'><strong>γλώσσαις</strong></span> <span class='ocrx_word' id='word_1_18' title='bbox 3287 333 3377 387; x_wconf 81' lang='grc' dir='ltr'>τοῦ</span> <span class='ocrx_word' id='word_1_19' title='bbox 3415 336 3702 407; x_wconf 78' lang='grc' dir='ltr'>Πνεύματος</span> 
     </span>
    </p>
   </div>
   <div class='ocr_carea' id='block_1_6' title="bbox 476 421 2058 501">
    <p class='ocr_par' dir='ltr' id='par_1_6' title="bbox 476 421 2058 501">
     <span class='ocr_line' id='line_1_6' title="bbox 476 421 2058 501; baseline 0 -26"><span class='ocrx_word' id='word_1_20' title='bbox 476 437 598 475; x_wconf 86' lang='lat' dir='ltr'><strong>rum</strong></span> <span class='ocrx_word' id='word_1_21' title='bbox 653 421 979 501; x_wconf 80' lang='lat' dir='ltr'><strong>distributas</strong></span> <span class='ocrx_word' id='word_1_22' title='bbox 1013 431 1066 475; x_wconf 91' lang='lat' dir='ltr'><strong>et</strong></span> <span class='ocrx_word' id='word_1_23' title='bbox 1099 422 1425 477; x_wconf 68' lang='lat' dir='ltr'><strong>insidentes.</strong></span> <span class='ocrx_word' id='word_1_24' title='bbox 1461 423 1614 499; x_wconf 87' lang='lat' dir='ltr'><strong>Unde</strong></span> <span class='ocrx_word' id='word_1_25' title='bbox 1646 438 1837 476; x_wconf 84' lang='lat' dir='ltr'><strong>omnes</strong></span> <span class='ocrx_word' id='word_1_26' title='bbox 1876 438 2058 491; x_wconf 62' lang='lat' dir='ltr'><strong>atqua-</strong></span> 
     </span>
    </p>
   </div>
   <div class='ocr_carea' id='block_1_7' title="bbox 479 514 2058 584">
    <p class='ocr_par' dir='ltr' id='par_1_7' title="bbox 479 514 2058 584">
     <span class='ocr_line' id='line_1_7' title="bbox 479 514 2058 584; baseline -0.001 -18"><span class='ocrx_word' id='word_1_27' title='bbox 479 514 842 583; x_wconf 83' lang='lat' dir='ltr'><strong>lem_gratiam</strong></span> <span class='ocrx_word' id='word_1_28' title='bbox 882 525 1238 583; x_wconf 85' lang='lat' dir='ltr'><strong>acceperunt,</strong></span> <span class='ocrx_word' id='word_1_29' title='bbox 1271 523 1324 569; x_wconf 87' lang='lat' dir='ltr'><strong>et</strong></span> <span class='ocrx_word' id='word_1_30' title='bbox 1363 514 1570 584; x_wconf 89' lang='lat' dir='ltr'><strong>Spiritu</strong></span> <span class='ocrx_word' id='word_1_31' title='bbox 1628 524 1825 569; x_wconf 84' lang='lat' dir='ltr'><strong>sancto</strong></span> <span class='ocrx_word' id='word_1_32' title='bbox 1872 514 2058 583; x_wconf 86' lang='lat' dir='ltr'><strong>repleti</strong></span> 
     </span>
    </p>
   </div>
   <div class='ocr_carea' id='block_1_8' title="bbox 479 603 2062 675">
    <p class='ocr_par' dir='ltr' id='par_1_8' title="bbox 479 603 2062 675">
     <span class='ocr_line' id='line_1_8' title="bbox 479 603 2062 675; baseline 0.003 -19"><span class='ocrx_word' id='word_1_33' title='bbox 479 615 629 658; x_wconf 86' lang='lat' dir='ltr'><strong>sunt.</strong></span> <span class='ocrx_word' id='word_1_34' title='bbox 665 603 792 659; x_wconf 83' lang='lat' dir='ltr'><strong>Ideo</strong></span> <span class='ocrx_word' id='word_1_35' title='bbox 834 607 993 660; x_wconf 86' lang='lat' dir='ltr'><strong>electi</strong></span> <span class='ocrx_word' id='word_1_36' title='bbox 1019 617 1149 660; x_wconf 79' lang='lat' dir='ltr'><strong>stitit</strong></span> <span class='ocrx_word' id='word_1_37' title='bbox 1181 608 1250 660; x_wconf 84' lang='lat' dir='ltr'><strong>ab</strong></span> <span class='ocrx_word' id='word_1_38' title='bbox 1272 607 1428 661; x_wconf 89' lang='lat' dir='ltr'><strong>initio</strong></span> <span class='ocrx_word' id='word_1_39' title='bbox 1459 608 1736 675; x_wconf 79' lang='lat' dir='ltr'><strong>discipuli,</strong></span> <span class='ocrx_word' id='word_1_40' title='bbox 1767 617 1819 661; x_wconf 87' lang='lat' dir='ltr'><strong>et</strong></span> <span class='ocrx_word' id='word_1_41' title='bbox 1851 608 2062 661; x_wconf 74' lang='lat' dir='ltr'><strong>adores</strong></span> 
     </span>
    </p>
   </div>
   <div class='ocr_carea' id='block_1_9' title="bbox 480 697 2058 770">
    <p class='ocr_par' dir='ltr' id='par_1_9' title="bbox 480 697 2058 770">
     <span class='ocr_line' id='line_1_9' title="bbox 480 697 2058 770; baseline 0.003 -24"><span class='ocrx_word' id='word_1_42' title='bbox 480 697 722 765; x_wconf 88' lang='lat' dir='ltr'><strong>perditas</strong></span> <span class='ocrx_word' id='word_1_43' title='bbox 759 700 931 763; x_wconf 82' lang='lat' dir='ltr'><strong>missi,</strong></span> <span class='ocrx_word' id='word_1_44' title='bbox 967 700 1270 767; x_wconf 80' lang='lat' dir='ltr'><strong>etgratiam</strong></span> <span class='ocrx_word' id='word_1_45' title='bbox 1302 710 1636 770; x_wconf 83' lang='lat' dir='ltr'><strong>acceperunt</strong></span> <span class='ocrx_word' id='word_1_46' title='bbox 1668 740 1682 765; x_wconf 92' lang='lat'><strong>,</strong></span> <span class='ocrx_word' id='word_1_47' title='bbox 1725 709 1779 754; x_wconf 85' lang='lat' dir='ltr'><strong>et</strong></span> <span class='ocrx_word' id='word_1_48' title='bbox 1828 701 2058 767; x_wconf 79' lang='lat' dir='ltr'><strong>gratiam</strong></span> 
     </span>
    </p>
   </div>
   <div class='ocr_carea' id='block_1_10' title="bbox 478 786 2062 857">
    <p class='ocr_par' dir='ltr' id='par_1_10' title="bbox 478 786 2062 857">
     <span class='ocr_line' id='line_1_10' title="bbox 478 786 2062 857; baseline 0.001 -21"><span class='ocrx_word' id='word_1_49' title='bbox 478 796 535 839; x_wconf 86' lang='lat' dir='ltr'><strong>nt</strong></span> <span class='ocrx_word' id='word_1_50' title='bbox 567 786 692 842; x_wconf 86' lang='lat' dir='ltr'><strong>aliis</strong></span> <span class='ocrx_word' id='word_1_51' title='bbox 720 788 1031 857; x_wconf 76' lang='lat' dir='ltr'><strong>praeberent</strong></span> <span class='ocrx_word' id='word_1_52' title='bbox 1059 789 1224 857; x_wconf 88' lang='lat' dir='ltr'><strong>jussi.</strong></span> <span class='ocrx_word' id='word_1_53' title='bbox 1258 788 1367 843; x_wconf 82' lang='lat' dir='ltr'><strong>Nec</strong></span> <span class='ocrx_word' id='word_1_54' title='bbox 1389 800 1566 844; x_wconf 90' lang='lat' dir='ltr'><strong>tamen</strong></span> <span class='ocrx_word' id='word_1_55' title='bbox 1600 791 1702 843; x_wconf 88' lang='lat' dir='ltr'><strong>hoc</strong></span> <span class='ocrx_word' id='word_1_56' title='bbox 1739 789 1900 842; x_wconf 85' lang='lat' dir='ltr'><strong>modo</strong></span> <span class='ocrx_word' id='word_1_57' title='bbox 1933 802 2062 856; x_wconf 83' lang='lat' dir='ltr'><strong>per-</strong></span> 
     </span>
    </p>
   </div>
   <div class='ocr_carea' id='block_1_11' title="bbox 478 881 2060 953">
    <p class='ocr_par' dir='ltr' id='par_1_11' title="bbox 478 881 2060 953">
     <span class='ocr_line' id='line_1_11' title="bbox 478 881 2060 953; baseline 0.001 -18"><span class='ocrx_word' id='word_1_58' title='bbox 478 884 617 937; x_wconf 89' lang='lat' dir='ltr'><strong>fecte</strong></span> <span class='ocrx_word' id='word_1_59' title='bbox 644 883 946 936; x_wconf 78' lang='lat' dir='ltr'><strong>consecrati</strong></span> <span class='ocrx_word' id='word_1_60' title='bbox 982 890 1130 937; x_wconf 89' lang='lat' dir='ltr'><strong>sunt.</strong></span> <span class='ocrx_word' id='word_1_61' title='bbox 1158 881 1409 936; x_wconf 81' lang='lat' dir='ltr'><strong>Nondum</strong></span> <span class='ocrx_word' id='word_1_62' title='bbox 1438 883 1582 936; x_wconf 88' lang='lat' dir='ltr'><strong>enim</strong></span> <span class='ocrx_word' id='word_1_63' title='bbox 1616 883 1926 951; x_wconf 69' lang='lat' dir='ltr'><strong>propitiatio</strong></span> <span class='ocrx_word' id='word_1_64' title='bbox 1965 898 2060 953; x_wconf 91' lang='lat' dir='ltr'><strong>pro</strong></span> 
     </span>
    </p>
   </div>
   <div class='ocr_carea' id='block_1_12' title="bbox 478 973 2062 1037">
    <p class='ocr_par' dir='ltr' id='par_1_12' title="bbox 478 973 2062 1037">
     <span class='ocr_line' id='line_1_12' title="bbox 478 973 2062 1037; baseline 0 -9"><span class='ocrx_word' id='word_1_65' title='bbox 478 976 736 1029; x_wconf 88' lang='lat' dir='ltr'><strong>omnibus</strong></span> <span class='ocrx_word' id='word_1_66' title='bbox 759 974 939 1028; x_wconf 85' lang='lat' dir='ltr'><strong>oblata</strong></span> <span class='ocrx_word' id='word_1_67' title='bbox 968 974 1146 1027; x_wconf 87' lang='lat' dir='ltr'><strong>fuerat</strong></span> <span class='ocrx_word' id='word_1_68' title='bbox 1178 973 1346 1037; x_wconf 78' lang='lat' dir='ltr'><strong>Patri,</strong></span> <span class='ocrx_word' id='word_1_69' title='bbox 1397 975 1615 1027; x_wconf 79' lang='lat' dir='ltr'><strong>victima</strong></span> <span class='ocrx_word' id='word_1_70' title='bbox 1653 986 1704 1027; x_wconf 90' lang='lat' dir='ltr'><strong>et</strong></span> <span class='ocrx_word' id='word_1_71' title='bbox 1748 976 1925 1029; x_wconf 84' lang='lat' dir='ltr'><strong>liosua</strong></span> <span class='ocrx_word' id='word_1_72' title='bbox 1963 990 2062 1029; x_wconf 83' lang='lat' dir='ltr'><strong>vo-</strong></span> 
     </span>
    </p>
   </div>
   <div class='ocr_carea' id='block_1_13' title="bbox 478 1066 2062 1134">
    <p class='ocr_par' dir='ltr' id='par_1_13' title="bbox 478 1066 2062 1134">
     <span class='ocr_line' id='line_1_13' title="bbox 478 1066 2062 1134; baseline -0.001 -13"><span class='ocrx_word' id='word_1_73' title='bbox 478 1068 718 1121; x_wconf 80' lang='lat' dir='ltr'><strong>luntaria</strong></span> <span class='ocrx_word' id='word_1_74' title='bbox 751 1067 1196 1129; x_wconf 80' lang='lat' dir='ltr'><strong>etimmaculata,</strong></span> <span class='ocrx_word' id='word_1_75' title='bbox 1238 1066 1506 1134; x_wconf 82' lang='lat' dir='ltr'><strong>benignus</strong></span> <span class='ocrx_word' id='word_1_76' title='bbox 1557 1066 1764 1119; x_wconf 78' lang='lat' dir='ltr'><strong>scilicet</strong></span> <span class='ocrx_word' id='word_1_77' title='bbox 1791 1067 1929 1120; x_wconf 82' lang='lat' dir='ltr'><strong>Deus</strong></span> <span class='ocrx_word' id='word_1_78' title='bbox 1965 1082 2062 1119; x_wconf 83' lang='lat' dir='ltr'><strong>no-</strong></span> 
     </span>
    </p>
   </div>
   <div class='ocr_carea' id='block_1_14' title="bbox 476 1157 2061 1227">
    <p class='ocr_par' dir='ltr' id='par_1_14' title="bbox 476 1157 2061 1227">
     <span class='ocr_line' id='line_1_14' title="bbox 476 1157 2061 1227; baseline -0.001 -16"><span class='ocrx_word' id='word_1_79' title='bbox 476 1168 611 1220; x_wconf 88' lang='lat' dir='ltr'><strong>ster,</strong></span> <span class='ocrx_word' id='word_1_80' title='bbox 638 1159 727 1227; x_wconf 84' lang='lat' dir='ltr'><strong>qui</strong></span> <span class='ocrx_word' id='word_1_81' title='bbox 759 1158 873 1227; x_wconf 90' lang='lat' dir='ltr'><strong>ipse</strong></span> <span class='ocrx_word' id='word_1_82' title='bbox 905 1172 1001 1226; x_wconf 89' lang='lat' dir='ltr'><strong>pro</strong></span> <span class='ocrx_word' id='word_1_83' title='bbox 1025 1158 1184 1212; x_wconf 89' lang='lat' dir='ltr'><strong>nobis</strong></span> <span class='ocrx_word' id='word_1_84' title='bbox 1215 1158 1561 1211; x_wconf 77' lang='lat' dir='ltr'><strong>sacrificulus</strong></span> <span class='ocrx_word' id='word_1_85' title='bbox 1589 1168 1695 1223; x_wconf 87' lang='lat' dir='ltr'><strong>est,</strong></span> <span class='ocrx_word' id='word_1_86' title='bbox 1722 1167 1773 1210; x_wconf 89' lang='lat' dir='ltr'><strong>et</strong></span> <span class='ocrx_word' id='word_1_87' title='bbox 1804 1157 2061 1226; x_wconf 72' lang='lat' dir='ltr'><strong>primitiae</strong></span> 
     </span>
    </p>
   </div>
   <div class='ocr_carea' id='block_1_15' title="bbox 482 1248 2057 1316">
    <p class='ocr_par' dir='ltr' id='par_1_15' title="bbox 482 1248 2057 1316">
     <span class='ocr_line' id='line_1_15' title="bbox 482 1248 2057 1316; baseline -0.001 -13"><span class='ocrx_word' id='word_1_88' title='bbox 482 1262 696 1304; x_wconf 75' lang='lat' dir='ltr'><strong>natura:</strong></span> <span class='ocrx_word' id='word_1_89' title='bbox 735 1260 938 1303; x_wconf 76' lang='lat' dir='ltr'><strong>uestra:</strong></span> <span class='ocrx_word' id='word_1_90' title='bbox 976 1252 1177 1311; x_wconf 86' lang='lat' dir='ltr'><strong>factus,</strong></span> <span class='ocrx_word' id='word_1_91' title='bbox 1210 1250 1375 1302; x_wconf 81' lang='lat' dir='ltr'><strong>homo</strong></span> <span class='ocrx_word' id='word_1_92' title='bbox 1414 1265 1509 1316; x_wconf 87' lang='lat' dir='ltr'><strong>pro</strong></span> <span class='ocrx_word' id='word_1_93' title='bbox 1555 1249 1716 1301; x_wconf 82' lang='lat' dir='ltr'><strong>nobis</strong></span> <span class='ocrx_word' id='word_1_94' title='bbox 1750 1248 1930 1302; x_wconf 89' lang='lat' dir='ltr'><strong>factus</strong></span> <span class='ocrx_word' id='word_1_95' title='bbox 1954 1257 2057 1303; x_wconf 85' lang='lat' dir='ltr'><strong>est.</strong></span> 
     </span>
    </p>
   </div>
   <div class='ocr_carea' id='block_1_16' title="bbox 474 1342 2061 1414">
    <p class='ocr_par' dir='ltr' id='par_1_16' title="bbox 474 1342 2061 1414">
     <span class='ocr_line' id='line_1_16' title="bbox 474 1342 2061 1414; baseline -0.002 -19"><span class='ocrx_word' id='word_1_96' title='bbox 474 1344 570 1401; x_wconf 82' lang='lat' dir='ltr'><strong>Ille</strong></span> <span class='ocrx_word' id='word_1_97' title='bbox 606 1343 775 1414; x_wconf 74' lang='lat' dir='ltr'><strong>igitur</strong></span> <span class='ocrx_word' id='word_1_98' title='bbox 829 1343 986 1396; x_wconf 82' lang='lat' dir='ltr'><strong>nobis</strong></span> <span class='ocrx_word' id='word_1_99' title='bbox 1058 1343 1362 1395; x_wconf 85' lang='lat' dir='ltr'><strong>clementer</strong></span> <span class='ocrx_word' id='word_1_100' title='bbox 1402 1344 1588 1393; x_wconf 88' lang='lat' dir='ltr'><strong>unitus</strong></span> <span class='ocrx_word' id='word_1_101' title='bbox 1642 1344 1829 1393; x_wconf 81' lang='lat' dir='ltr'><strong>statim</strong></span> <span class='ocrx_word' id='word_1_102' title='bbox 1871 1342 2061 1411; x_wconf 64' lang='lat' dir='ltr'><strong>gratia:</strong></span> 
     </span>
    </p>
   </div>
   <div class='ocr_carea' id='block_1_17' title="bbox 474 1432 2060 1502">
    <p class='ocr_par' dir='ltr' id='par_1_17' title="bbox 474 1432 2060 1502">
     <span class='ocr_line' id='line_1_17' title="bbox 474 1432 2060 1502; baseline 0 -16"><span class='ocrx_word' id='word_1_103' title='bbox 474 1436 619 1488; x_wconf 85' lang='lat' dir='ltr'><strong>dona</strong></span> <span class='ocrx_word' id='word_1_104' title='bbox 668 1435 825 1488; x_wconf 77' lang='lat' dir='ltr'><strong>nobis</strong></span> <span class='ocrx_word' id='word_1_105' title='bbox 874 1435 1131 1502; x_wconf 54' lang='lat' dir='ltr'><strong>praebuit.</strong></span> <span class='ocrx_word' id='word_1_106' title='bbox 1182 1432 1240 1484; x_wconf 77' lang='lat' dir='ltr'><strong>Et</strong></span> <span class='ocrx_word' id='word_1_107' title='bbox 1304 1436 1543 1502; x_wconf 85' lang='lat' dir='ltr'><strong>primum</strong></span> <span class='ocrx_word' id='word_1_108' title='bbox 1608 1441 1853 1485; x_wconf 80' lang='lat' dir='ltr'><strong>sant-lani</strong></span> <span class='ocrx_word' id='word_1_109' title='bbox 1887 1433 2060 1501; x_wconf 80' lang='lat' dir='ltr'><strong>ipsius</strong></span> 
     </span>
    </p>
   </div>
   <div class='ocr_carea' id='block_1_18' title="bbox 479 1522 2059 1594">
    <p class='ocr_par' dir='ltr' id='par_1_18' title="bbox 479 1522 2059 1594">
     <span class='ocr_line' id='line_1_18' title="bbox 479 1522 2059 1594; baseline -0.001 -16"><span class='ocrx_word' id='word_1_110' title='bbox 479 1535 705 1578; x_wconf 87' lang='lat' dir='ltr'><strong>matrem</strong></span> <span class='ocrx_word' id='word_1_111' title='bbox 728 1538 784 1578; x_wconf 88' lang='lat' dir='ltr'><strong>et</strong></span> <span class='ocrx_word' id='word_1_112' title='bbox 832 1525 1111 1594; x_wconf 81' lang='lat' dir='ltr'><strong>Virginem</strong></span> <span class='ocrx_word' id='word_1_113' title='bbox 1158 1523 1393 1575; x_wconf 84' lang='lat' dir='ltr'><strong>adventu</strong></span> <span class='ocrx_word' id='word_1_114' title='bbox 1443 1522 1698 1591; x_wconf 76' lang='lat' dir='ltr'><strong>Spiritus,</strong></span> <span class='ocrx_word' id='word_1_115' title='bbox 1734 1524 1905 1591; x_wconf 77' lang='lat' dir='ltr'><strong>gratia</strong></span> <span class='ocrx_word' id='word_1_116' title='bbox 1961 1539 2059 1577; x_wconf 85' lang='lat' dir='ltr'><strong>sua</strong></span> 
     </span>
    </p>
   </div>
   <div class='ocr_carea' id='block_1_19' title="bbox 475 1615 2059 1682">
    <p class='ocr_par' dir='ltr' id='par_1_19' title="bbox 475 1615 2059 1682">
     <span class='ocr_line' id='line_1_19' title="bbox 475 1615 2059 1682; baseline -0.001 -14"><span class='ocrx_word' id='word_1_117' title='bbox 475 1616 811 1668; x_wconf 85' lang='lat' dir='ltr'><strong>cumulatam</strong></span> <span class='ocrx_word' id='word_1_118' title='bbox 843 1618 909 1667; x_wconf 87' lang='lat' dir='ltr'><strong>ad</strong></span> <span class='ocrx_word' id='word_1_119' title='bbox 946 1618 1081 1667; x_wconf 88' lang='lat' dir='ltr'><strong>bene</strong></span> <span class='ocrx_word' id='word_1_120' title='bbox 1122 1615 1441 1682; x_wconf 77' lang='lat' dir='ltr'><strong>gestandum</strong></span> <span class='ocrx_word' id='word_1_121' title='bbox 1509 1615 1701 1665; x_wconf 67' lang='lat' dir='ltr'><strong>iterum</strong></span> <span class='ocrx_word' id='word_1_122' title='bbox 1734 1616 2059 1668; x_wconf 69' lang='lat' dir='ltr'><strong>corrobora-</strong></span> 
     </span>
    </p>
   </div>
   <div class='ocr_carea' id='block_1_20' title="bbox 474 1685 2136 1775">
    <p class='ocr_par' dir='ltr' id='par_1_20' title="bbox 474 1685 2136 1775">
     <span class='ocr_line' id='line_1_20' title="bbox 474 1685 2136 1775; baseline 0.001 -18"><span class='ocrx_word' id='word_1_123' title='bbox 474 1708 557 1759; x_wconf 78' lang='lat' dir='ltr'><strong>vit</strong></span> <span class='ocrx_word' id='word_1_124' title='bbox 585 1723 597 1770; x_wconf 91' lang='lat'><strong>;</strong></span> <span class='ocrx_word' id='word_1_125' title='bbox 629 1715 792 1774; x_wconf 83' lang='lat' dir='ltr'><strong>atque</strong></span> <span class='ocrx_word' id='word_1_126' title='bbox 825 1716 881 1758; x_wconf 88' lang='lat' dir='ltr'><strong>ut</strong></span> <span class='ocrx_word' id='word_1_127' title='bbox 911 1707 1088 1774; x_wconf 83' lang='lat' dir='ltr'><strong>ipsum</strong></span> <span class='ocrx_word' id='word_1_128' title='bbox 1128 1722 1191 1758; x_wconf 76' lang='lat' dir='ltr'><strong>ex</strong></span> <span class='ocrx_word' id='word_1_129' title='bbox 1229 1722 1287 1759; x_wconf 85' lang='lat' dir='ltr'><strong>sc</strong></span> <span class='ocrx_word' id='word_1_130' title='bbox 1323 1706 1675 1759; x_wconf 55' lang='lat' dir='ltr'><strong>iuellaliilitcr</strong></span> <span class='ocrx_word' id='word_1_131' title='bbox 1702 1716 1755 1759; x_wconf 82' lang='lat' dir='ltr'><strong>et</strong></span> <span class='ocrx_word' id='word_1_132' title='bbox 1787 1707 1838 1759; x_wconf 87' lang='lat' dir='ltr'><strong>in</strong></span> <span class='ocrx_word' id='word_1_133' title='bbox 1874 1722 2059 1775; x_wconf 83' lang='lat' dir='ltr'><strong>peiso-</strong></span> <span class='ocrx_word' id='word_1_134' title='bbox 2090 1685 2136 1745; x_wconf 74' lang='grc' dir='ltr'><strong><em>Β</em></strong></span> 
     </span>
    </p>
   </div>
   <div class='ocr_carea' id='block_1_21' title="bbox 481 1797 2054 1867">
    <p class='ocr_par' dir='ltr' id='par_1_21' title="bbox 481 1797 2054 1867">
     <span class='ocr_line' id='line_1_21' title="bbox 481 1797 2054 1867; baseline 0.002 -16"><span class='ocrx_word' id='word_1_135' title='bbox 481 1812 567 1851; x_wconf 71' lang='lat' dir='ltr'><strong>me</strong></span> <span class='ocrx_word' id='word_1_136' title='bbox 595 1826 600 1830; x_wconf 92' lang='lat'><strong><em>-</em></strong></span> <span class='ocrx_word' id='word_1_137' title='bbox 633 1799 891 1850; x_wconf 84' lang='lat' dir='ltr'><strong>unitatem</strong></span> <span class='ocrx_word' id='word_1_138' title='bbox 947 1797 1293 1851; x_wconf 73' lang='lat' dir='ltr'><strong>inCarnatum</strong></span> <span class='ocrx_word' id='word_1_139' title='bbox 1344 1799 1484 1852; x_wconf 87' lang='lat' dir='ltr'><strong>ferre</strong></span> <span class='ocrx_word' id='word_1_140' title='bbox 1524 1809 1728 1867; x_wconf 79' lang='lat' dir='ltr'><strong>posset,</strong></span> <span class='ocrx_word' id='word_1_141' title='bbox 1797 1801 2054 1854; x_wconf 73' lang='lat' dir='ltr'><strong>virtutem</strong></span> 
     </span>
    </p>
   </div>
   <div class='ocr_carea' id='block_1_22' title="bbox 473 1886 2057 1961">
    <p class='ocr_par' dir='ltr' id='par_1_22' title="bbox 473 1886 2057 1961">
     <span class='ocr_line' id='line_1_22' title="bbox 473 1886 2057 1961; baseline 0.005 -22"><span class='ocrx_word' id='word_1_142' title='bbox 473 1890 727 1956; x_wconf 62' lang='lat' dir='ltr'><strong>praebuit,</strong></span> <span class='ocrx_word' id='word_1_143' title='bbox 764 1898 818 1941; x_wconf 89' lang='lat' dir='ltr'><strong>et</strong></span> <span class='ocrx_word' id='word_1_144' title='bbox 844 1886 1119 1957; x_wconf 70' lang='lat' dir='ltr'><strong>Virginem</strong></span> <span class='ocrx_word' id='word_1_145' title='bbox 1166 1905 1352 1958; x_wconf 80' lang='lat' dir='ltr'><strong>puram</strong></span> <span class='ocrx_word' id='word_1_146' title='bbox 1386 1901 1515 1944; x_wconf 85' lang='lat' dir='ltr'><strong>ante</strong></span> <span class='ocrx_word' id='word_1_147' title='bbox 1558 1902 1800 1959; x_wconf 71' lang='lat' dir='ltr'><strong>partum,</strong></span> <span class='ocrx_word' id='word_1_148' title='bbox 1836 1894 2057 1961; x_wconf 84' lang='lat' dir='ltr'><strong>parien-</strong></span> 
     </span>
    </p>
   </div>
   <div class='ocr_carea' id='block_1_23' title="bbox 478 1984 2057 2049">
    <p class='ocr_par' dir='ltr' id='par_1_23' title="bbox 478 1984 2057 2049">
     <span class='ocr_line' id='line_1_23' title="bbox 478 1984 2057 2049; baseline 0.005 -18"><span class='ocrx_word' id='word_1_149' title='bbox 478 1990 611 2042; x_wconf 88' lang='lat' dir='ltr'><strong>tem,</strong></span> <span class='ocrx_word' id='word_1_150' title='bbox 651 1988 703 2032; x_wconf 88' lang='lat' dir='ltr'><strong>et</strong></span> <span class='ocrx_word' id='word_1_151' title='bbox 739 1989 861 2047; x_wconf 88' lang='lat' dir='ltr'><strong>post</strong></span> <span class='ocrx_word' id='word_1_152' title='bbox 894 1988 1111 2049; x_wconf 88' lang='lat' dir='ltr'><strong>partum</strong></span> <span class='ocrx_word' id='word_1_153' title='bbox 1148 1985 1522 2035; x_wconf 69' lang='lat' dir='ltr'><strong>consmvavit.</strong></span> <span class='ocrx_word' id='word_1_154' title='bbox 1562 1985 1756 2037; x_wconf 76' lang='lat' dir='ltr'><strong>Postea</strong></span> <span class='ocrx_word' id='word_1_155' title='bbox 1811 2002 1934 2037; x_wconf 83' lang='lat' dir='ltr'><strong>cum</strong></span> <span class='ocrx_word' id='word_1_156' title='bbox 1962 1984 2057 2039; x_wconf 75' lang='lat' dir='ltr'><strong>Jo-</strong></span> 
     </span>
    </p>
   </div>
   <div class='ocr_carea' id='block_1_24' title="bbox 476 2071 2057 2141">
    <p class='ocr_par' dir='ltr' id='par_1_24' title="bbox 476 2071 2057 2141">
     <span class='ocr_line' id='line_1_24' title="bbox 476 2071 2057 2141; baseline 0.005 -20"><span class='ocrx_word' id='word_1_157' title='bbox 476 2071 655 2138; x_wconf 88' lang='lat' dir='ltr'><strong>sepho</strong></span> <span class='ocrx_word' id='word_1_158' title='bbox 683 2072 1074 2139; x_wconf 74' lang='lat' dir='ltr'><strong>mysteriorum</strong></span> <span class='ocrx_word' id='word_1_159' title='bbox 1112 2072 1479 2139; x_wconf 52' lang='lat' dir='ltr'><strong>engiiitioiiem</strong></span> <span class='ocrx_word' id='word_1_160' title='bbox 1526 2076 1767 2141; x_wconf 78' lang='lat' dir='ltr'><strong>gratiose</strong></span> <span class='ocrx_word' id='word_1_161' title='bbox 1805 2090 2057 2129; x_wconf 76' lang='lat' dir='ltr'><strong>COittltlll°</strong></span> 
     </span>
    </p>
   </div>
   <div class='ocr_carea' id='block_1_25' title="bbox 474 2162 2060 2238">
    <p class='ocr_par' dir='ltr' id='par_1_25' title="bbox 474 2162 2060 2238">
     <span class='ocr_line' id='line_1_25' title="bbox 474 2162 2060 2238; baseline 0.005 -22"><span class='ocrx_word' id='word_1_162' title='bbox 474 2165 705 2217; x_wconf 77' lang='lat' dir='ltr'><strong>nicavit.</strong></span> <span class='ocrx_word' id='word_1_163' title='bbox 762 2162 967 2218; x_wconf 75' lang='lat' dir='ltr'><strong>Deinde</strong></span> <span class='ocrx_word' id='word_1_164' title='bbox 1007 2166 1181 2235; x_wconf 81' lang='lat' dir='ltr'><strong>magis</strong></span> <span class='ocrx_word' id='word_1_165' title='bbox 1219 2166 1375 2234; x_wconf 80' lang='lat' dir='ltr'><strong>longe</strong></span> <span class='ocrx_word' id='word_1_166' title='bbox 1403 2165 1642 2231; x_wconf 78' lang='lat' dir='ltr'><strong>dissitis,</strong></span> <span class='ocrx_word' id='word_1_167' title='bbox 1673 2168 1935 2229; x_wconf 86' lang='lat' dir='ltr'><strong>ethnicis,</strong></span> <span class='ocrx_word' id='word_1_168' title='bbox 1974 2171 2060 2238; x_wconf 87' lang='lat' dir='ltr'><strong>pie</strong></span> 
     </span>
    </p>
   </div>
   <div class='ocr_carea' id='block_1_26' title="bbox 476 2258 2058 2328">
    <p class='ocr_par' dir='ltr' id='par_1_26' title="bbox 476 2258 2058 2328">
     <span class='ocr_line' id='line_1_26' title="bbox 476 2258 2058 2328; baseline 0.004 -21"><span class='ocrx_word' id='word_1_169' title='bbox 476 2264 657 2309; x_wconf 72' lang='lat' dir='ltr'><strong>tamen</strong></span> <span class='ocrx_word' id='word_1_170' title='bbox 698 2258 1011 2312; x_wconf 74' lang='lat' dir='ltr'><strong>viventibus</strong></span> <span class='ocrx_word' id='word_1_171' title='bbox 1058 2260 1298 2328; x_wconf 84' lang='lat' dir='ltr'><strong>seipsuin</strong></span> <span class='ocrx_word' id='word_1_172' title='bbox 1337 2275 1432 2327; x_wconf 88' lang='lat' dir='ltr'><strong>per</strong></span> <span class='ocrx_word' id='word_1_173' title='bbox 1471 2261 1685 2313; x_wconf 72' lang='lat' dir='ltr'><strong>stellam</strong></span> <span class='ocrx_word' id='word_1_174' title='bbox 1737 2260 2058 2315; x_wconf 89' lang='lat' dir='ltr'><strong>manifesta-</strong></span> 
     </span>
    </p>
   </div>
   <div class='ocr_carea' id='block_1_27' title="bbox 477 2349 2059 2421">
    <p class='ocr_par' dir='ltr' id='par_1_27' title="bbox 477 2349 2059 2421">
     <span class='ocr_line' id='line_1_27' title="bbox 477 2349 2059 2421; baseline 0.005 -24"><span class='ocrx_word' id='word_1_175' title='bbox 477 2349 573 2412; x_wconf 83' lang='lat' dir='ltr'><strong>vit,</strong></span> <span class='ocrx_word' id='word_1_176' title='bbox 605 2350 657 2401; x_wconf 91' lang='lat' dir='ltr'><strong>in</strong></span> <span class='ocrx_word' id='word_1_177' title='bbox 690 2366 855 2416; x_wconf 83' lang='lat' dir='ltr'><strong>specu</strong></span> <span class='ocrx_word' id='word_1_178' title='bbox 893 2358 946 2403; x_wconf 89' lang='lat' dir='ltr'><strong>et</strong></span> <span class='ocrx_word' id='word_1_179' title='bbox 978 2352 1207 2419; x_wconf 64' lang='lat' dir='ltr'><strong>prtesepi</strong></span> <span class='ocrx_word' id='word_1_180' title='bbox 1241 2354 1535 2420; x_wconf 84' lang='lat' dir='ltr'><strong>jacentem.</strong></span> <span class='ocrx_word' id='word_1_181' title='bbox 1574 2352 1650 2405; x_wconf 90' lang='lat' dir='ltr'><strong>lta</strong></span> <span class='ocrx_word' id='word_1_182' title='bbox 1682 2369 1903 2421; x_wconf 71' lang='lat' dir='ltr'><strong>quoque</strong></span> <span class='ocrx_word' id='word_1_183' title='bbox 1959 2370 2059 2405; x_wconf 86' lang='lat' dir='ltr'><strong>an-</strong></span> 
     </span>
    </p>
   </div>
   <div class='ocr_carea' id='block_1_28' title="bbox 475 2439 2062 2512">
    <p class='ocr_par' dir='ltr' id='par_1_28' title="bbox 475 2439 2062 2512">
     <span class='ocr_line' id='line_1_28' title="bbox 475 2439 2062 2512; baseline 0.003 -21"><span class='ocrx_word' id='word_1_184' title='bbox 475 2439 612 2507; x_wconf 83' lang='lat' dir='ltr'><strong>gelis</strong></span> <span class='ocrx_word' id='word_1_185' title='bbox 646 2448 698 2491; x_wconf 86' lang='lat' dir='ltr'><strong>et</strong></span> <span class='ocrx_word' id='word_1_186' title='bbox 732 2440 1051 2507; x_wconf 81' lang='lat' dir='ltr'><strong>pastoribus</strong></span> <span class='ocrx_word' id='word_1_187' title='bbox 1094 2441 1526 2510; x_wconf 82' lang='lat' dir='ltr'><strong>simplicioribus</strong></span> <span class='ocrx_word' id='word_1_188' title='bbox 1584 2454 1809 2512; x_wconf 87' lang='lat' dir='ltr'><strong>propter</strong></span> <span class='ocrx_word' id='word_1_189' title='bbox 1872 2443 2062 2512; x_wconf 74' lang='lat' dir='ltr'><strong>imagi-</strong></span> 
     </span>
    </p>
   </div>
   <div class='ocr_carea' id='block_1_29' title="bbox 478 2529 2062 2599">
    <p class='ocr_par' dir='ltr' id='par_1_29' title="bbox 478 2529 2062 2599">
     <span class='ocr_line' id='line_1_29' title="bbox 478 2529 2062 2599; baseline 0.005 -22"><span class='ocrx_word' id='word_1_190' title='bbox 478 2529 566 2581; x_wconf 86' lang='lat' dir='ltr'><strong>nis</strong></span> <span class='ocrx_word' id='word_1_191' title='bbox 598 2529 907 2596; x_wconf 81' lang='lat' dir='ltr'><strong>analugiaiu</strong></span> <span class='ocrx_word' id='word_1_192' title='bbox 954 2536 1010 2582; x_wconf 88' lang='lat' dir='ltr'><strong>et</strong></span> <span class='ocrx_word' id='word_1_193' title='bbox 1054 2532 1424 2599; x_wconf 68' lang='lat' dir='ltr'><strong>mqualitatem</strong></span> <span class='ocrx_word' id='word_1_194' title='bbox 1478 2532 1721 2584; x_wconf 87' lang='lat' dir='ltr'><strong>innotuit</strong></span> <span class='ocrx_word' id='word_1_195' title='bbox 1761 2549 1775 2597; x_wconf 90' lang='lat'><strong>;</strong></span> <span class='ocrx_word' id='word_1_196' title='bbox 1812 2548 1935 2585; x_wconf 88' lang='lat' dir='ltr'><strong>nam</strong></span> <span class='ocrx_word' id='word_1_197' title='bbox 1971 2548 2062 2599; x_wconf 89' lang='lat' dir='ltr'><strong>pa-</strong></span> 
     </span>
    </p>
   </div>
   <div class='ocr_carea' id='block_1_30' title="bbox 478 2621 2060 2689">
    <p class='ocr_par' dir='ltr' id='par_1_30' title="bbox 478 2621 2060 2689">
     <span class='ocr_line' id='line_1_30' title="bbox 478 2621 2060 2689; baseline 0 -13"><span class='ocrx_word' id='word_1_198' title='bbox 478 2633 597 2676; x_wconf 85' lang='lat' dir='ltr'><strong>stor</strong></span> <span class='ocrx_word' id='word_1_199' title='bbox 632 2624 749 2689; x_wconf 49' lang='lat' dir='ltr'><strong>ipse</strong></span> <span class='ocrx_word' id='word_1_200' title='bbox 771 2633 877 2684; x_wconf 87' lang='lat' dir='ltr'><strong>est,</strong></span> <span class='ocrx_word' id='word_1_201' title='bbox 904 2621 1031 2674; x_wconf 83' lang='lat' dir='ltr'><strong>licet</strong></span> <span class='ocrx_word' id='word_1_202' title='bbox 1055 2623 1388 2684; x_wconf 86' lang='lat' dir='ltr'><strong>animarum,</strong></span> <span class='ocrx_word' id='word_1_203' title='bbox 1411 2633 1465 2676; x_wconf 88' lang='lat' dir='ltr'><strong>et</strong></span> <span class='ocrx_word' id='word_1_204' title='bbox 1492 2623 1673 2675; x_wconf 82' lang='lat' dir='ltr'><strong>ovium</strong></span> <span class='ocrx_word' id='word_1_205' title='bbox 1712 2624 2060 2677; x_wconf 84' lang='lat' dir='ltr'><strong>rationalium</strong></span> 
     </span>
    </p>
   </div>
   <div class='ocr_carea' id='block_1_31' title="bbox 482 2713 2064 2795">
    <p class='ocr_par' dir='ltr' id='par_1_31' title="bbox 482 2713 2064 2795">
     <span class='ocr_line' id='line_1_31' title="bbox 482 2713 2064 2795; baseline 0.003 -30"><span class='ocrx_word' id='word_1_206' title='bbox 482 2713 748 2768; x_wconf 75' lang='lat' dir='ltr'><strong>Dominus</strong></span> <span class='ocrx_word' id='word_1_207' title='bbox 782 2715 927 2767; x_wconf 83' lang='lat' dir='ltr'><strong>velut</strong></span> <span class='ocrx_word' id='word_1_208' title='bbox 966 2714 1058 2782; x_wconf 92' lang='lat' dir='ltr'><strong>qui</strong></span> <span class='ocrx_word' id='word_1_209' title='bbox 1085 2727 1181 2767; x_wconf 87' lang='lat' dir='ltr'><strong>eos</strong></span> <span class='ocrx_word' id='word_1_210' title='bbox 1214 2715 1446 2788; x_wconf 57' lang='lat' dir='ltr'><strong>creavit,</strong></span> <span class='ocrx_word' id='word_1_211' title='bbox 1487 2715 1765 2768; x_wconf 79' lang='lat' dir='ltr'><strong>beneficiis</strong></span> <span class='ocrx_word' id='word_1_212' title='bbox 1808 2716 2064 2795; x_wconf 66' lang='lat' dir='ltr'><strong>atlicit,et</strong></span> 
     </span>
    </p>
   </div>
   <div class='ocr_carea' id='block_1_32' title="bbox 480 2807 2065 2877">
    <p class='ocr_par' dir='ltr' id='par_1_32' title="bbox 480 2807 2065 2877">
     <span class='ocr_line' id='line_1_32' title="bbox 480 2807 2065 2877; baseline 0.002 -19"><span class='ocrx_word' id='word_1_213' title='bbox 480 2823 673 2876; x_wconf 65' lang='lat' dir='ltr'><strong>magna</strong></span> <span class='ocrx_word' id='word_1_214' title='bbox 703 2821 827 2861; x_wconf 89' lang='lat' dir='ltr'><strong>cum</strong></span> <span class='ocrx_word' id='word_1_215' title='bbox 861 2822 993 2861; x_wconf 90' lang='lat' dir='ltr'><strong>cura</strong></span> <span class='ocrx_word' id='word_1_216' title='bbox 1024 2807 1264 2861; x_wconf 86' lang='lat' dir='ltr'><strong>custodit</strong></span> <span class='ocrx_word' id='word_1_217' title='bbox 1294 2817 1349 2861; x_wconf 90' lang='lat' dir='ltr'><strong>et</strong></span> <span class='ocrx_word' id='word_1_218' title='bbox 1382 2809 1714 2863; x_wconf 67' lang='lat' dir='ltr'><strong>immortalis</strong></span> <span class='ocrx_word' id='word_1_219' title='bbox 1750 2811 1863 2877; x_wconf 87' lang='lat' dir='ltr'><strong>ipse</strong></span> <span class='ocrx_word' id='word_1_220' title='bbox 1917 2809 2065 2863; x_wconf 72' lang='lat' dir='ltr'><strong>exsi-</strong></span> 
     </span>
    </p>
   </div>
   <div class='ocr_carea' id='block_1_33' title="bbox 473 2892 2063 2969">
    <p class='ocr_par' dir='ltr' id='par_1_33' title="bbox 473 2892 2063 2969">
     <span class='ocr_line' id='line_1_33' title="bbox 473 2892 2063 2969; baseline 0 -15"><span class='ocrx_word' id='word_1_221' title='bbox 473 2892 642 2955; x_wconf 54' lang='lat' dir='ltr'><strong>~stetis</strong></span> <span class='ocrx_word' id='word_1_222' title='bbox 677 2910 934 2969; x_wconf 83' lang='lat' dir='ltr'><strong>perpetua</strong></span> <span class='ocrx_word' id='word_1_223' title='bbox 986 2899 1264 2969; x_wconf 78' lang='lat' dir='ltr'><strong>vigilantia</strong></span> <span class='ocrx_word' id='word_1_224' title='bbox 1313 2898 1447 2967; x_wconf 87' lang='lat' dir='ltr'><strong>ipsis</strong></span> <span class='ocrx_word' id='word_1_225' title='bbox 1474 2898 1741 2967; x_wconf 75' lang='lat' dir='ltr'><strong>providet.</strong></span> <span class='ocrx_word' id='word_1_226' title='bbox 1794 2899 2063 2955; x_wconf 66' lang='lat' dir='ltr'><strong>Praeterea</strong></span> 
     </span>
    </p>
   </div>
   <div class='ocr_carea' id='block_1_34' title="bbox 2170 419 3703 493">
    <p class='ocr_par' dir='ltr' id='par_1_34' title="bbox 2170 419 3703 493">
     <span class='ocr_line' id='line_1_34' title="bbox 2170 419 3703 493; baseline 0.008 -21"><span class='ocrx_word' id='word_1_227' title='bbox 2170 421 2326 489; x_wconf 76' lang='lat'><strong>177</strong></span> <span class='ocrx_word' id='word_1_228' title='bbox 2361 419 2834 489; x_wconf 81' lang='grc' dir='ltr'>διαμερισθείσαις</span> <span class='ocrx_word' id='word_1_229' title='bbox 2865 421 3072 485; x_wconf 80' lang='grc' dir='ltr'>αὐτοῖς,</span> <span class='ocrx_word' id='word_1_230' title='bbox 3107 424 3161 476; x_wconf 83' lang='grc' dir='ltr'>αἶ</span> <span class='ocrx_word' id='word_1_231' title='bbox 3199 424 3291 477; x_wconf 75' lang='grc' dir='ltr'>καὶ</span> <span class='ocrx_word' id='word_1_232' title='bbox 3334 426 3415 493; x_wconf 79' lang='grc' dir='ltr'>ἐφ’</span> <span class='ocrx_word' id='word_1_233' title='bbox 3456 428 3544 481; x_wconf 75' lang='grc' dir='ltr'><strong>ἕνα</strong></span> <span class='ocrx_word' id='word_1_234' title='bbox 3587 431 3703 484; x_wconf 79' lang='grc' dir='ltr'>ἐκα-</span> 
     </span>
    </p>
   </div>
   <div class='ocr_carea' id='block_1_35' title="bbox 2167 511 3703 585">
    <p class='ocr_par' dir='ltr' id='par_1_35' title="bbox 2167 511 3703 585">
     <span class='ocr_line' id='line_1_35' title="bbox 2167 511 3703 585; baseline 0.007 -23"><span class='ocrx_word' id='word_1_235' title='bbox 2167 528 2292 563; x_wconf 81' lang='grc' dir='ltr'>στον</span> <span class='ocrx_word' id='word_1_236' title='bbox 2319 511 2501 564; x_wconf 77' lang='grc' dir='ltr'>αὐτῶν</span> <span class='ocrx_word' id='word_1_237' title='bbox 2534 513 2871 565; x_wconf 71' lang='grc' dir='ltr'>ἐπεκάθισαν</span> <span class='ocrx_word' id='word_1_238' title='bbox 2893 531 2906 545; x_wconf 90' lang='grc'>·</span> <span class='ocrx_word' id='word_1_239' title='bbox 2932 514 3056 567; x_wconf 80' lang='grc' dir='ltr'>ἐπεὶ</span> <span class='ocrx_word' id='word_1_240' title='bbox 3082 515 3175 567; x_wconf 75' lang='grc' dir='ltr'><strong>καὶ</strong></span> <span class='ocrx_word' id='word_1_241' title='bbox 3199 516 3320 585; x_wconf 78' lang='grc' dir='ltr'>ἴσην</span> <span class='ocrx_word' id='word_1_242' title='bbox 3347 516 3573 582; x_wconf 65' lang='grc' dir='ltr'>ἅπαντες</span> <span class='ocrx_word' id='word_1_243' title='bbox 3597 521 3703 573; x_wconf 65' lang='grc' dir='ltr'>ἕλα-</span> 
     </span>
    </p>
   </div>
   <div class='ocr_carea' id='block_1_36' title="bbox 2165 602 3703 682">
    <p class='ocr_par' dir='ltr' id='par_1_36' title="bbox 2165 602 3703 682">
     <span class='ocr_line' id='line_1_36' title="bbox 2165 602 3703 682; baseline 0.008 -29"><span class='ocrx_word' id='word_1_244' title='bbox 2165 602 2257 656; x_wconf 77' lang='grc' dir='ltr'>ὁον</span> <span class='ocrx_word' id='word_1_245' title='bbox 2284 606 2383 673; x_wconf 82' lang='grc' dir='ltr'>τὴν</span> <span class='ocrx_word' id='word_1_246' title='bbox 2414 605 2601 674; x_wconf 78' lang='grc' dir='ltr'>χάριν,</span> <span class='ocrx_word' id='word_1_247' title='bbox 2631 606 2727 657; x_wconf 72' lang='grc' dir='ltr'>καὶ</span> <span class='ocrx_word' id='word_1_248' title='bbox 2749 607 2950 669; x_wconf 78' lang='grc' dir='ltr'>πάντες</span> <span class='ocrx_word' id='word_1_249' title='bbox 2981 608 3138 675; x_wconf 80' lang='grc' dir='ltr'>ἁγίου</span> <span class='ocrx_word' id='word_1_250' title='bbox 3166 607 3476 677; x_wconf 78' lang='grc' dir='ltr'>Πνεύματος</span> <span class='ocrx_word' id='word_1_251' title='bbox 3502 614 3703 682; x_wconf 76' lang='grc' dir='ltr'>ἐνεπλήο</span> 
     </span>
    </p>
   </div>
   <div class='ocr_carea' id='block_1_37' title="bbox 2165 695 3706 774">
    <p class='ocr_par' dir='ltr' id='par_1_37' title="bbox 2165 695 3706 774">
     <span class='ocr_line' id='line_1_37' title="bbox 2165 695 3706 774; baseline 0.008 -27"><span class='ocrx_word' id='word_1_252' title='bbox 2165 695 2407 763; x_wconf 84' lang='grc' dir='ltr'>σθησαν·</span> <span class='ocrx_word' id='word_1_253' title='bbox 2447 699 2570 750; x_wconf 78' lang='grc' dir='ltr'>ἐπεὶ</span> <span class='ocrx_word' id='word_1_254' title='bbox 2618 701 2713 752; x_wconf 81' lang='grc' dir='ltr'><strong>καὶ</strong></span> <span class='ocrx_word' id='word_1_255' title='bbox 2757 700 3088 769; x_wconf 78' lang='grc' dir='ltr'>ἐξελέγησαν</span> <span class='ocrx_word' id='word_1_256' title='bbox 3129 701 3228 768; x_wconf 82' lang='grc' dir='ltr'>μὲν</span> <span class='ocrx_word' id='word_1_257' title='bbox 3267 702 3514 771; x_wconf 76' lang='grc' dir='ltr'>ἁπαρχῆς</span> <span class='ocrx_word' id='word_1_258' title='bbox 3542 707 3589 757; x_wconf 84' lang='lat' dir='ltr'><strong>ot</strong></span> <span class='ocrx_word' id='word_1_259' title='bbox 3621 725 3706 774; x_wconf 78' lang='grc' dir='ltr'>μα-</span> 
     </span>
    </p>
   </div>
   <div class='ocr_carea' id='block_1_38' title="bbox 2166 788 3706 862">
    <p class='ocr_par' dir='ltr' id='par_1_38' title="bbox 2166 788 3706 862">
     <span class='ocr_line' id='line_1_38' title="bbox 2166 788 3706 862; baseline 0.006 -22"><span class='ocrx_word' id='word_1_260' title='bbox 2166 788 2350 857; x_wconf 80' lang='grc' dir='ltr'>θηταὶ,</span> <span class='ocrx_word' id='word_1_261' title='bbox 2378 791 2474 842; x_wconf 75' lang='grc' dir='ltr'>καὶ</span> <span class='ocrx_word' id='word_1_262' title='bbox 2504 792 2895 860; x_wconf 73' lang='grc' dir='ltr'><strong>ἀπεστάλησαν</strong></span> <span class='ocrx_word' id='word_1_263' title='bbox 2934 794 3016 855; x_wconf 81' lang='grc' dir='ltr'>εἰς</span> <span class='ocrx_word' id='word_1_264' title='bbox 3050 792 3120 846; x_wconf 77' lang='grc' dir='ltr'>τὰ</span> <span class='ocrx_word' id='word_1_265' title='bbox 3156 791 3403 862; x_wconf 74' lang='grc' dir='ltr'>πρόϐατα</span> <span class='ocrx_word' id='word_1_266' title='bbox 3427 796 3494 846; x_wconf 70' lang='grc' dir='ltr'>τὰ</span> <span class='ocrx_word' id='word_1_267' title='bbox 3519 797 3706 851; x_wconf 82' lang='grc' dir='ltr'>ἀπολω-</span> 
     </span>
    </p>
   </div>
   <div class='ocr_carea' id='block_1_39' title="bbox 2163 883 3711 961">
    <p class='ocr_par' dir='ltr' id='par_1_39' title="bbox 2163 883 3711 961">
     <span class='ocr_line' id='line_1_39' title="bbox 2163 883 3711 961; baseline 0.008 -27"><span class='ocrx_word' id='word_1_268' title='bbox 2163 883 2328 941; x_wconf 78' lang='grc' dir='ltr'>λότα,</span> <span class='ocrx_word' id='word_1_269' title='bbox 2385 887 2477 935; x_wconf 70' lang='grc' dir='ltr'><strong>καὶ</strong></span> <span class='ocrx_word' id='word_1_270' title='bbox 2526 885 2735 954; x_wconf 74' lang='grc' dir='ltr'>δωρεὰν</span> <span class='ocrx_word' id='word_1_271' title='bbox 2788 886 3000 953; x_wconf 73' lang='grc' dir='ltr'>ἔλαϐον,</span> <span class='ocrx_word' id='word_1_272' title='bbox 3065 890 3160 940; x_wconf 73' lang='grc' dir='ltr'><strong>καὶ</strong></span> <span class='ocrx_word' id='word_1_273' title='bbox 3215 889 3422 957; x_wconf 75' lang='grc' dir='ltr'>δωρεὰν</span> <span class='ocrx_word' id='word_1_274' title='bbox 3475 894 3711 961; x_wconf 81' lang='grc' dir='ltr'>παρέχειν</span> 
     </span>
    </p>
   </div>
   <div class='ocr_carea' id='block_1_40' title="bbox 2166 977 3712 1043">
    <p class='ocr_par' dir='ltr' id='par_1_40' title="bbox 2166 977 3712 1043">
     <span class='ocr_line' id='line_1_40' title="bbox 2166 977 3712 1043; baseline 0.005 -15"><span class='ocrx_word' id='word_1_275' title='bbox 2166 977 2473 1043; x_wconf 75' lang='grc' dir='ltr'>ἐτάχθησαν</span> <span class='ocrx_word' id='word_1_276' title='bbox 2492 992 2505 1005; x_wconf 76' lang='grc'><strong><em>⁸</em></strong></span> <span class='ocrx_word' id='word_1_277' title='bbox 2538 977 2598 1029; x_wconf 71' lang='grc' dir='ltr'><strong>οὗ</strong></span> <span class='ocrx_word' id='word_1_278' title='bbox 2613 995 2697 1029; x_wconf 81' lang='grc' dir='ltr'><strong>πω</strong></span> <span class='ocrx_word' id='word_1_279' title='bbox 2724 979 2779 1030; x_wconf 78' lang='grc' dir='ltr'>δὲ</span> <span class='ocrx_word' id='word_1_280' title='bbox 2799 980 2892 1031; x_wconf 74' lang='grc' dir='ltr'><strong>καὶ</strong></span> <span class='ocrx_word' id='word_1_281' title='bbox 2926 980 3305 1033; x_wconf 79' lang='grc' dir='ltr'>τετελείωνται</span> <span class='ocrx_word' id='word_1_282' title='bbox 3328 998 3338 1011; x_wconf 79' lang='grc' dir='ltr'><strong><em>σ</em></strong></span> <span class='ocrx_word' id='word_1_283' title='bbox 3363 982 3443 1032; x_wconf 84' lang='grc' dir='ltr'>ὅτι</span> <span class='ocrx_word' id='word_1_284' title='bbox 3468 984 3554 1034; x_wconf 72' lang='grc' dir='ltr'>καὶ</span> <span class='ocrx_word' id='word_1_285' title='bbox 3575 983 3712 1036; x_wconf 65' lang='grc' dir='ltr'>οὕτω</span> 
     </span>
    </p>
   </div>
   <div class='ocr_carea' id='block_1_41' title="bbox 2162 1067 3715 1142">
    <p class='ocr_par' dir='ltr' id='par_1_41' title="bbox 2162 1067 3715 1142">
     <span class='ocr_line' id='line_1_41' title="bbox 2162 1067 3715 1142; baseline 0.007 -25"><span class='ocrx_word' id='word_1_286' title='bbox 2162 1067 2226 1118; x_wconf 75' lang='grc' dir='ltr'>τὸ</span> <span class='ocrx_word' id='word_1_287' title='bbox 2279 1067 2592 1137; x_wconf 74' lang='grc' dir='ltr'><strong>ἱλαστήριον</strong></span> <span class='ocrx_word' id='word_1_288' title='bbox 2643 1071 2989 1139; x_wconf 72' lang='grc' dir='ltr'><strong>προσηνέχθη</strong></span> <span class='ocrx_word' id='word_1_289' title='bbox 3043 1074 3140 1135; x_wconf 72' lang='grc' dir='ltr'>καὶ</span> <span class='ocrx_word' id='word_1_290' title='bbox 3188 1072 3250 1124; x_wconf 81' lang='grc' dir='ltr'>τὸ</span> <span class='ocrx_word' id='word_1_291' title='bbox 3299 1072 3436 1142; x_wconf 83' lang='grc' dir='ltr'>ὑπὲρ</span> <span class='ocrx_word' id='word_1_292' title='bbox 3481 1075 3715 1130; x_wconf 74' lang='grc' dir='ltr'>ἁπάντιιιν</span> 
     </span>
    </p>
   </div>
   <div class='ocr_carea' id='block_1_42' title="bbox 2165 1157 3716 1237">
    <p class='ocr_par' dir='ltr' id='par_1_42' title="bbox 2165 1157 3716 1237">
     <span class='ocr_line' id='line_1_42' title="bbox 2165 1157 3716 1237; baseline 0.006 -28"><span class='ocrx_word' id='word_1_293' title='bbox 2165 1157 2481 1212; x_wconf 61' lang='grc' dir='ltr'>ἐθςλὸθυτον</span> <span class='ocrx_word' id='word_1_294' title='bbox 2525 1163 2757 1229; x_wconf 82' lang='grc' dir='ltr'>σφάγιον</span> <span class='ocrx_word' id='word_1_295' title='bbox 2802 1163 2895 1215; x_wconf 74' lang='grc' dir='ltr'>καὶ</span> <span class='ocrx_word' id='word_1_296' title='bbox 2942 1163 3090 1232; x_wconf 76' lang='grc' dir='ltr'>θῦμα</span> <span class='ocrx_word' id='word_1_297' title='bbox 3138 1164 3372 1233; x_wconf 82' lang='grc' dir='ltr'><strong>ἄμωμον</strong></span> <span class='ocrx_word' id='word_1_298' title='bbox 3415 1167 3490 1235; x_wconf 81' lang='grc' dir='ltr'>τῷ</span> <span class='ocrx_word' id='word_1_299' title='bbox 3537 1170 3716 1237; x_wconf 68' lang='lat' dir='ltr'><strong>“arpi,</strong></span> 
     </span>
    </p>
   </div>
   <div class='ocr_carea' id='block_1_43' title="bbox 2164 1247 3778 1327">
    <p class='ocr_par' dir='ltr' id='par_1_43' title="bbox 2164 1247 3778 1327">
     <span class='ocr_line' id='line_1_43' title="bbox 2164 1247 3778 1327; baseline 0.008 -26"><span class='ocrx_word' id='word_1_300' title='bbox 2164 1250 2323 1312; x_wconf 66' lang='grc' dir='ltr'>αὖῖὸς</span> <span class='ocrx_word' id='word_1_301' title='bbox 2356 1247 2390 1302; x_wconf 85' lang='grc' dir='ltr'><strong>’ὁ</strong></span> <span class='ocrx_word' id='word_1_302' title='bbox 2437 1251 2576 1321; x_wconf 80' lang='grc' dir='ltr'>ὑπὲρ</span> <span class='ocrx_word' id='word_1_303' title='bbox 2617 1255 2775 1323; x_wconf 74' lang='grc' dir='ltr'>ἡμῶν</span> <span class='ocrx_word' id='word_1_304' title='bbox 2821 1255 3025 1318; x_wconf 75' lang='grc' dir='ltr'>τυθεὶς,</span> <span class='ocrx_word' id='word_1_305' title='bbox 3057 1258 3085 1308; x_wconf 88' lang='grc' dir='ltr'><strong>ό</strong></span> <span class='ocrx_word' id='word_1_306' title='bbox 3126 1256 3325 1322; x_wconf 73' lang='grc' dir='ltr'>ἀγαθὸς</span> <span class='ocrx_word' id='word_1_307' title='bbox 3356 1257 3486 1319; x_wconf 75' lang='grc' dir='ltr'>Θεὸς</span> <span class='ocrx_word' id='word_1_308' title='bbox 3523 1258 3718 1327; x_wconf 78' lang='grc' dir='ltr'>ὴμῶνό</span> <span class='ocrx_word' id='word_1_309' title='bbox 3760 1279 3778 1325; x_wconf 52' lang='grc' dir='ltr'><strong>ς</strong></span> 
     </span>
    </p>
   </div>
   <div class='ocr_carea' id='block_1_44' title="bbox 2164 1342 3719 1418">
    <p class='ocr_par' dir='ltr' id='par_1_44' title="bbox 2164 1342 3719 1418">
     <span class='ocr_line' id='line_1_44' title="bbox 2164 1342 3719 1418; baseline 0.01 -28"><span class='ocrx_word' id='word_1_310' title='bbox 2164 1343 2255 1391; x_wconf 75' lang='grc' dir='ltr'><strong>καὶ</strong></span> <span class='ocrx_word' id='word_1_311' title='bbox 2299 1342 2525 1412; x_wconf 76' lang='grc' dir='ltr'>ἀπαρχὴ</span> <span class='ocrx_word' id='word_1_312' title='bbox 2562 1345 2660 1414; x_wconf 80' lang='grc' dir='ltr'>τῆς</span> <span class='ocrx_word' id='word_1_313' title='bbox 2695 1345 2915 1413; x_wconf 74' lang='grc' dir='ltr'>φύσεως</span> <span class='ocrx_word' id='word_1_314' title='bbox 2955 1348 3110 1416; x_wconf 83' lang='grc' dir='ltr'>ἡμῶν</span> <span class='ocrx_word' id='word_1_315' title='bbox 3154 1349 3418 1416; x_wconf 85' lang='grc' dir='ltr'>γεγονὼς,</span> <span class='ocrx_word' id='word_1_316' title='bbox 3463 1351 3719 1418; x_wconf 82' lang='grc' dir='ltr'>ἐνανθρω-</span> 
     </span>
    </p>
   </div>
   <div class='ocr_carea' id='block_1_45' title="bbox 2164 1432 3720 1511">
    <p class='ocr_par' dir='ltr' id='par_1_45' title="bbox 2164 1432 3720 1511">
     <span class='ocr_line' id='line_1_45' title="bbox 2164 1432 3720 1511; baseline 0.006 -26"><span class='ocrx_word' id='word_1_317' title='bbox 2164 1435 2346 1502; x_wconf 84' lang='grc' dir='ltr'>πὴσας</span> <span class='ocrx_word' id='word_1_318' title='bbox 2377 1437 2517 1506; x_wconf 72' lang='grc' dir='ltr'>ὑπὲρ</span> <span class='ocrx_word' id='word_1_319' title='bbox 2542 1438 2719 1505; x_wconf 84' lang='grc' dir='ltr'>ἡμῶν.</span> <span class='ocrx_word' id='word_1_320' title='bbox 2748 1432 2918 1495; x_wconf 73' lang='grc' dir='ltr'>Οὗτος</span> <span class='ocrx_word' id='word_1_321' title='bbox 2942 1439 3034 1492; x_wconf 78' lang='grc' dir='ltr'>οὖν</span> <span class='ocrx_word' id='word_1_322' title='bbox 3065 1441 3287 1503; x_wconf 67' lang='grc' dir='ltr'>ἐνωθεὶς</span> <span class='ocrx_word' id='word_1_323' title='bbox 3311 1442 3441 1511; x_wconf 82' lang='grc' dir='ltr'>ἡμῖν</span> <span class='ocrx_word' id='word_1_324' title='bbox 3464 1442 3720 1511; x_wconf 64' lang='grc' dir='ltr'>εὐσπλαγ-</span> 
     </span>
    </p>
   </div>
   <div class='ocr_carea' id='block_1_46' title="bbox 2164 1526 3722 1602">
    <p class='ocr_par' dir='ltr' id='par_1_46' title="bbox 2164 1526 3722 1602">
     <span class='ocr_line' id='line_1_46' title="bbox 2164 1526 3722 1602; baseline 0.01 -27"><span class='ocrx_word' id='word_1_325' title='bbox 2164 1526 2307 1595; x_wconf 82' lang='grc' dir='ltr'>χνίᾳ,</span> <span class='ocrx_word' id='word_1_326' title='bbox 2341 1526 2501 1590; x_wconf 67' lang='grc' dir='ltr'>εὐθὺς</span> <span class='ocrx_word' id='word_1_327' title='bbox 2538 1530 2672 1597; x_wconf 80' lang='grc' dir='ltr'>ἡμῖν</span> <span class='ocrx_word' id='word_1_328' title='bbox 2705 1534 2935 1599; x_wconf 79' lang='grc' dir='ltr'>παρεῖχε</span> <span class='ocrx_word' id='word_1_329' title='bbox 2965 1532 3032 1584; x_wconf 75' lang='grc' dir='ltr'><strong>τὰ</strong></span> <span class='ocrx_word' id='word_1_330' title='bbox 3057 1532 3208 1601; x_wconf 82' lang='grc' dir='ltr'>δῶρα</span> <span class='ocrx_word' id='word_1_331' title='bbox 3234 1534 3333 1601; x_wconf 80' lang='grc' dir='ltr'>τῆς</span> <span class='ocrx_word' id='word_1_332' title='bbox 3361 1535 3599 1602; x_wconf 80' lang='grc' dir='ltr'>χάριτος.</span> <span class='ocrx_word' id='word_1_333' title='bbox 3627 1538 3722 1590; x_wconf 61' lang='grc' dir='ltr'><strong>Καὶ</strong></span> 
     </span>
    </p>
   </div>
   <div class='ocr_carea' id='block_1_47' title="bbox 2165 1620 3725 1695">
    <p class='ocr_par' dir='ltr' id='par_1_47' title="bbox 2165 1620 3725 1695">
     <span class='ocr_line' id='line_1_47' title="bbox 2165 1620 3725 1695; baseline 0.006 -25"><span class='ocrx_word' id='word_1_334' title='bbox 2165 1620 2383 1687; x_wconf 81' lang='grc' dir='ltr'>πρῶτον</span> <span class='ocrx_word' id='word_1_335' title='bbox 2418 1620 2515 1688; x_wconf 81' lang='grc' dir='ltr'>μὲν</span> <span class='ocrx_word' id='word_1_336' title='bbox 2552 1622 2651 1689; x_wconf 75' lang='grc' dir='ltr'>τὴν</span> <span class='ocrx_word' id='word_1_337' title='bbox 2683 1623 2848 1688; x_wconf 84' lang='grc' dir='ltr'>ἁγίαν</span> <span class='ocrx_word' id='word_1_338' title='bbox 2879 1623 3044 1675; x_wconf 83' lang='grc' dir='ltr'>αὑτοῦ</span> <span class='ocrx_word' id='word_1_339' title='bbox 3074 1626 3170 1676; x_wconf 80' lang='grc' dir='ltr'>καὶ</span> <span class='ocrx_word' id='word_1_340' title='bbox 3208 1626 3487 1694; x_wconf 82' lang='grc' dir='ltr'>παρθένον</span> <span class='ocrx_word' id='word_1_341' title='bbox 3514 1629 3725 1695; x_wconf 70' lang='grc' dir='ltr'>Μητέρα</span> 
     </span>
    </p>
   </div>
   <div class='ocr_carea' id='block_1_48' title="bbox 2166 1712 3727 1787">
    <p class='ocr_par' dir='ltr' id='par_1_48' title="bbox 2166 1712 3727 1787">
     <span class='ocr_line' id='line_1_48' title="bbox 2166 1712 3727 1787; baseline 0.004 -25"><span class='ocrx_word' id='word_1_342' title='bbox 2166 1712 2302 1780; x_wconf 79' lang='grc' dir='ltr'>πρὸς</span> <span class='ocrx_word' id='word_1_343' title='bbox 2324 1712 2421 1780; x_wconf 79' lang='grc' dir='ltr'><strong>τὴν</strong></span> <span class='ocrx_word' id='word_1_344' title='bbox 2451 1714 2753 1783; x_wconf 79' lang='grc' dir='ltr'>κυοφορίαν</span> <span class='ocrx_word' id='word_1_345' title='bbox 2781 1715 3028 1784; x_wconf 82' lang='grc' dir='ltr'>ἐνίσχυσε</span> <span class='ocrx_word' id='word_1_346' title='bbox 3055 1719 3124 1787; x_wconf 76' lang='grc' dir='ltr'>τῇ</span> <span class='ocrx_word' id='word_1_347' title='bbox 3151 1717 3435 1771; x_wconf 85' lang='grc' dir='ltr'>ἐπελεύσει</span> <span class='ocrx_word' id='word_1_348' title='bbox 3459 1718 3550 1771; x_wconf 77' lang='grc' dir='ltr'><strong>τοῦ</strong></span> <span class='ocrx_word' id='word_1_349' title='bbox 3575 1719 3727 1771; x_wconf 75' lang='grc' dir='ltr'>Πνεῦ-</span> 
     </span>
    </p>
   </div>
   <div class='ocr_carea' id='block_1_49' title="bbox 2168 1804 3729 1880">
    <p class='ocr_par' dir='ltr' id='par_1_49' title="bbox 2168 1804 3729 1880">
     <span class='ocr_line' id='line_1_49' title="bbox 2168 1804 3729 1880; baseline 0.004 -25"><span class='ocrx_word' id='word_1_350' title='bbox 2168 1821 2357 1872; x_wconf 85' lang='grc' dir='ltr'>ματος,</span> <span class='ocrx_word' id='word_1_351' title='bbox 2392 1804 2688 1873; x_wconf 72' lang='grc' dir='ltr'>πληρώσας</span> <span class='ocrx_word' id='word_1_352' title='bbox 2718 1806 2890 1875; x_wconf 76' lang='grc' dir='ltr'>αὐτὴν</span> <span class='ocrx_word' id='word_1_353' title='bbox 2948 1807 3057 1859; x_wconf 89' lang='grc' dir='ltr'><strong>τῶν</strong></span> <span class='ocrx_word' id='word_1_354' title='bbox 3110 1809 3276 1861; x_wconf 78' lang='grc' dir='ltr'>αὐτοῦ</span> <span class='ocrx_word' id='word_1_355' title='bbox 3342 1810 3595 1880; x_wconf 74' lang='grc' dir='ltr'>χαρίτων,</span> <span class='ocrx_word' id='word_1_356' title='bbox 3643 1813 3729 1864; x_wconf 67' lang='grc' dir='ltr'><strong>καὶ</strong></span> 
     </span>
    </p>
   </div>
   <div class='ocr_carea' id='block_1_50' title="bbox 2167 1896 3729 1973">
    <p class='ocr_par' dir='ltr' id='par_1_50' title="bbox 2167 1896 3729 1973">
     <span class='ocr_line' id='line_1_50' title="bbox 2167 1896 3729 1973; baseline 0.006 -26"><span class='ocrx_word' id='word_1_357' title='bbox 2167 1896 2302 1961; x_wconf 80' lang='grc' dir='ltr'>πρὸς</span> <span class='ocrx_word' id='word_1_358' title='bbox 2335 1897 2396 1948; x_wconf 74' lang='grc' dir='ltr'><strong>τὸ</strong></span> <span class='ocrx_word' id='word_1_359' title='bbox 2423 1897 2806 1959; x_wconf 77' lang='grc' dir='ltr'>ἐνυποστάτιυς</span> <span class='ocrx_word' id='word_1_360' title='bbox 2828 1900 2993 1950; x_wconf 73' lang='grc' dir='ltr'>αὑτὸν</span> <span class='ocrx_word' id='word_1_361' title='bbox 3023 1898 3286 1953; x_wconf 80' lang='grc' dir='ltr'>δύνασθαι</span> <span class='ocrx_word' id='word_1_362' title='bbox 3319 1903 3509 1970; x_wconf 86' lang='grc' dir='ltr'>φέρειν</span> <span class='ocrx_word' id='word_1_363' title='bbox 3541 1921 3729 1973; x_wconf 77' lang='grc' dir='ltr'>σεσαρ-</span> 
     </span>
    </p>
   </div>
   <div class='ocr_carea' id='block_1_51' title="bbox 2163 1987 3730 2064">
    <p class='ocr_par' dir='ltr' id='par_1_51' title="bbox 2163 1987 3730 2064">
     <span class='ocr_line' id='line_1_51' title="bbox 2163 1987 3730 2064; baseline 0.004 -23"><span class='ocrx_word' id='word_1_364' title='bbox 2163 1987 2414 2056; x_wconf 86' lang='grc' dir='ltr'>κωμένον</span> <span class='ocrx_word' id='word_1_365' title='bbox 2446 1988 2503 2052; x_wconf 84' lang='grc' dir='ltr'><strong>ἐξ</strong></span> <span class='ocrx_word' id='word_1_366' title='bbox 2535 1990 2709 2056; x_wconf 78' lang='grc' dir='ltr'>αὐτῆς</span> <span class='ocrx_word' id='word_1_367' title='bbox 2745 1991 3100 2061; x_wconf 79' lang='grc' dir='ltr'>ἁπορῤήτως,</span> <span class='ocrx_word' id='word_1_368' title='bbox 3137 1994 3374 2064; x_wconf 79' lang='grc' dir='ltr'>δύναμιν</span> <span class='ocrx_word' id='word_1_369' title='bbox 3402 1997 3730 2064; x_wconf 78' lang='grc' dir='ltr'>παρασχόμε-</span> 
     </span>
    </p>
   </div>
   <div class='ocr_carea' id='block_1_52' title="bbox 2164 2078 3735 2155">
    <p class='ocr_par' dir='ltr' id='par_1_52' title="bbox 2164 2078 3735 2155">
     <span class='ocr_line' id='line_1_52' title="bbox 2164 2078 3735 2155; baseline 0.005 -25"><span class='ocrx_word' id='word_1_370' title='bbox 2164 2095 2273 2143; x_wconf 86' lang='grc' dir='ltr'>νος,</span> <span class='ocrx_word' id='word_1_371' title='bbox 2309 2078 2405 2131; x_wconf 76' lang='grc' dir='ltr'><strong>καὶ</strong></span> <span class='ocrx_word' id='word_1_372' title='bbox 2441 2079 2710 2145; x_wconf 79' lang='grc' dir='ltr'>παρθένον</span> <span class='ocrx_word' id='word_1_373' title='bbox 2759 2081 3095 2149; x_wconf 78' lang='grc' dir='ltr'>διαφυλάξας</span> <span class='ocrx_word' id='word_1_374' title='bbox 3141 2082 3217 2147; x_wconf 85' lang='grc' dir='ltr'>ὡς</span> <span class='ocrx_word' id='word_1_375' title='bbox 3268 2086 3373 2138; x_wconf 75' lang='grc' dir='ltr'><strong>καὶ</strong></span> <span class='ocrx_word' id='word_1_376' title='bbox 3425 2084 3532 2155; x_wconf 76' lang='grc' dir='ltr'><strong>πρδ</strong></span> <span class='ocrx_word' id='word_1_377' title='bbox 3588 2086 3735 2138; x_wconf 81' lang='grc' dir='ltr'>τόκου</span> 
     </span>
    </p>
   </div>
   <div class='ocr_carea' id='block_1_53' title="bbox 2165 2170 3737 2247">
    <p class='ocr_par' dir='ltr' id='par_1_53' title="bbox 2165 2170 3737 2247">
     <span class='ocr_line' id='line_1_53' title="bbox 2165 2170 3737 2247; baseline 0.003 -24"><span class='ocrx_word' id='word_1_378' title='bbox 2165 2172 2260 2223; x_wconf 80' lang='grc' dir='ltr'><strong>καὶ</strong></span> <span class='ocrx_word' id='word_1_379' title='bbox 2294 2170 2589 2225; x_wconf 75' lang='grc' dir='ltr'>τίκτουσαν</span> <span class='ocrx_word' id='word_1_380' title='bbox 2637 2176 2731 2226; x_wconf 81' lang='grc' dir='ltr'><strong>καὶ</strong></span> <span class='ocrx_word' id='word_1_381' title='bbox 2788 2176 2929 2241; x_wconf 58' lang='grc' dir='ltr'>μετα</span> <span class='ocrx_word' id='word_1_382' title='bbox 2978 2176 3138 2228; x_wconf 71' lang='grc' dir='ltr'>τόκον</span> <span class='ocrx_word' id='word_1_383' title='bbox 3174 2178 3358 2247; x_wconf 80' lang='grc' dir='ltr'>ἁγνήν</span> <span class='ocrx_word' id='word_1_384' title='bbox 3385 2193 3400 2208; x_wconf 76' lang='grc' dir='ltr'><strong>ο</strong></span> <span class='ocrx_word' id='word_1_385' title='bbox 3440 2179 3627 2231; x_wconf 74' lang='grc' dir='ltr'>ἔπειτα</span> <span class='ocrx_word' id='word_1_386' title='bbox 3665 2179 3737 2246; x_wconf 72' lang='grc' dir='ltr'><strong>τῷ</strong></span> 
     </span>
    </p>
   </div>
   <div class='ocr_carea' id='block_1_54' title="bbox 2179 2263 3737 2340">
    <p class='ocr_par' dir='ltr' id='par_1_54' title="bbox 2179 2263 3737 2340">
     <span class='ocr_line' id='line_1_54' title="bbox 2179 2263 3737 2340; baseline 0.004 -26"><span class='ocrx_word' id='word_1_387' title='bbox 2179 2263 2376 2333; x_wconf 79' lang='grc' dir='ltr'>Ἰωσὴφ</span> <span class='ocrx_word' id='word_1_388' title='bbox 2410 2265 2615 2331; x_wconf 87' lang='grc' dir='ltr'>γνῶναι</span> <span class='ocrx_word' id='word_1_389' title='bbox 2645 2265 2707 2318; x_wconf 81' lang='grc' dir='ltr'><strong>τὸ</strong></span> <span class='ocrx_word' id='word_1_390' title='bbox 2741 2268 3044 2336; x_wconf 85' lang='grc' dir='ltr'>μυστήριον</span> <span class='ocrx_word' id='word_1_391' title='bbox 3076 2270 3140 2339; x_wconf 84' lang='grc' dir='ltr'>τῇ</span> <span class='ocrx_word' id='word_1_392' title='bbox 3174 2270 3737 2340; x_wconf 68' lang='grc' dir='ltr'>χάριτιχορηγήσαςο</span> 
     </span>
    </p>
   </div>
   <div class='ocr_carea' id='block_1_55' title="bbox 2166 2352 3741 2430">
    <p class='ocr_par' dir='ltr' id='par_1_55' title="bbox 2166 2352 3741 2430">
     <span class='ocr_line' id='line_1_55' title="bbox 2166 2352 3741 2430; baseline 0.006 -23"><span class='ocrx_word' id='word_1_393' title='bbox 2166 2352 2285 2407; x_wconf 74' lang='grc' dir='ltr'>εἶτα</span> <span class='ocrx_word' id='word_1_394' title='bbox 2317 2359 2427 2419; x_wconf 83' lang='grc' dir='ltr'>τοῖς</span> <span class='ocrx_word' id='word_1_395' title='bbox 2459 2358 2673 2424; x_wconf 67' lang='grc' dir='ltr'>Μάγοις</span> <span class='ocrx_word' id='word_1_396' title='bbox 2710 2360 2988 2430; x_wconf 78' lang='grc' dir='ltr'>μακρόθεν</span> <span class='ocrx_word' id='word_1_397' title='bbox 3029 2357 3152 2414; x_wconf 80' lang='grc' dir='ltr'>οὖσι</span> <span class='ocrx_word' id='word_1_398' title='bbox 3199 2364 3303 2417; x_wconf 65' lang='grc' dir='ltr'>καὶ</span> <span class='ocrx_word' id='word_1_399' title='bbox 3358 2365 3584 2427; x_wconf 77' lang='grc' dir='ltr'>ἐθνικῶς</span> <span class='ocrx_word' id='word_1_400' title='bbox 3618 2364 3741 2427; x_wconf 75' lang='grc' dir='ltr'>ζῶσι</span> 
     </span>
    </p>
   </div>
   <div class='ocr_carea' id='block_1_56' title="bbox 2168 2446 3740 2526">
    <p class='ocr_par' dir='ltr' id='par_1_56' title="bbox 2168 2446 3740 2526">
     <span class='ocr_line' id='line_1_56' title="bbox 2168 2446 3740 2526; baseline 0.008 -28"><span class='ocrx_word' id='word_1_401' title='bbox 2168 2446 2260 2499; x_wconf 72' lang='grc' dir='ltr'><strong>καὶ</strong></span> <span class='ocrx_word' id='word_1_402' title='bbox 2296 2448 2523 2515; x_wconf 85' lang='grc' dir='ltr'>ἐναγῶς,</span> <span class='ocrx_word' id='word_1_403' title='bbox 2561 2450 2758 2503; x_wconf 71' lang='grc' dir='ltr'>ἐαυεὸν</span> <span class='ocrx_word' id='word_1_404' title='bbox 2792 2451 2881 2504; x_wconf 79' lang='grc' dir='ltr'>διὰ</span> <span class='ocrx_word' id='word_1_405' title='bbox 2914 2454 3009 2506; x_wconf 81' lang='grc' dir='ltr'>τοῦ</span> <span class='ocrx_word' id='word_1_406' title='bbox 3050 2456 3280 2525; x_wconf 84' lang='grc' dir='ltr'>ἀστέρος</span> <span class='ocrx_word' id='word_1_407' title='bbox 3334 2458 3622 2526; x_wconf 80' lang='grc' dir='ltr'>γνωρίσας,</span> <span class='ocrx_word' id='word_1_408' title='bbox 3656 2455 3740 2511; x_wconf 72' lang='grc' dir='ltr'>καὶ</span> 
     </span>
    </p>
   </div>
   <div class='ocr_carea' id='block_1_57' title="bbox 2167 2536 3737 2615">
    <p class='ocr_par' dir='ltr' id='par_1_57' title="bbox 2167 2536 3737 2615">
     <span class='ocr_line' id='line_1_57' title="bbox 2167 2536 3737 2615; baseline 0.009 -29"><span class='ocrx_word' id='word_1_409' title='bbox 2167 2536 2225 2587; x_wconf 87' lang='grc' dir='ltr'><strong>ἐν</strong></span> <span class='ocrx_word' id='word_1_410' title='bbox 2275 2537 2354 2604; x_wconf 84' lang='grc' dir='ltr'><strong>τῷ</strong></span> <span class='ocrx_word' id='word_1_411' title='bbox 2401 2538 2653 2608; x_wconf 77' lang='grc' dir='ltr'>σπηλαίῳ</span> <span class='ocrx_word' id='word_1_412' title='bbox 2700 2542 2794 2592; x_wconf 80' lang='grc' dir='ltr'>καὶ</span> <span class='ocrx_word' id='word_1_413' title='bbox 2843 2542 3018 2615; x_wconf 68' lang='grc' dir='ltr'>φάτνῃ</span> <span class='ocrx_word' id='word_1_414' title='bbox 3052 2545 3338 2613; x_wconf 79' lang='grc' dir='ltr'>κείμενος,</span> <span class='ocrx_word' id='word_1_415' title='bbox 3367 2547 3440 2610; x_wconf 86' lang='grc' dir='ltr'>ὡς</span> <span class='ocrx_word' id='word_1_416' title='bbox 3489 2551 3581 2602; x_wconf 74' lang='grc' dir='ltr'><strong>καὶ</strong></span> <span class='ocrx_word' id='word_1_417' title='bbox 3630 2550 3737 2609; x_wconf 80' lang='grc' dir='ltr'>τοῖς</span> 
     </span>
    </p>
   </div>
   <div class='ocr_carea' id='block_1_58' title="bbox 2168 2628 3737 2712">
    <p class='ocr_par' dir='ltr' id='par_1_58' title="bbox 2168 2628 3737 2712">
     <span class='ocr_line' id='line_1_58' title="bbox 2168 2628 3737 2712; baseline 0.011 -33"><span class='ocrx_word' id='word_1_418' title='bbox 2168 2628 2444 2693; x_wconf 81' lang='grc' dir='ltr'>ἀγγέλοις,</span> <span class='ocrx_word' id='word_1_419' title='bbox 2473 2632 2567 2682; x_wconf 74' lang='grc' dir='ltr'><strong>καὶ</strong></span> <span class='ocrx_word' id='word_1_420' title='bbox 2598 2634 2710 2695; x_wconf 83' lang='grc' dir='ltr'>τοῖς</span> <span class='ocrx_word' id='word_1_421' title='bbox 2759 2635 2985 2702; x_wconf 84' lang='grc' dir='ltr'>ποιμέσι</span> <span class='ocrx_word' id='word_1_422' title='bbox 3034 2639 3146 2699; x_wconf 78' lang='grc' dir='ltr'>τοῖς</span> <span class='ocrx_word' id='word_1_423' title='bbox 3180 2638 3615 2712; x_wconf 75' lang='grc' dir='ltr'>ἁπλοῖκωτέροις</span> <span class='ocrx_word' id='word_1_424' title='bbox 3643 2646 3737 2711; x_wconf 86' lang='grc' dir='ltr'>ἐμ-</span> 
     </span>
    </p>
   </div>
   <div class='ocr_carea' id='block_1_59' title="bbox 2167 2719 3740 2803">
    <p class='ocr_par' dir='ltr' id='par_1_59' title="bbox 2167 2719 3740 2803">
     <span class='ocr_line' id='line_1_59' title="bbox 2167 2719 3740 2803; baseline 0.011 -35"><span class='ocrx_word' id='word_1_425' title='bbox 2167 2719 2469 2783; x_wconf 73' lang='grc' dir='ltr'>φανισθεὶς,</span> <span class='ocrx_word' id='word_1_426' title='bbox 2502 2721 2591 2773; x_wconf 81' lang='grc' dir='ltr'>διὰ</span> <span class='ocrx_word' id='word_1_427' title='bbox 2624 2723 2683 2775; x_wconf 78' lang='grc' dir='ltr'>τὸ</span> <span class='ocrx_word' id='word_1_428' title='bbox 2716 2723 2830 2778; x_wconf 81' lang='grc' dir='ltr'>ἴσον</span> <span class='ocrx_word' id='word_1_429' title='bbox 2863 2726 2965 2794; x_wconf 79' lang='grc' dir='ltr'>τῆς</span> <span class='ocrx_word' id='word_1_430' title='bbox 2993 2728 3205 2792; x_wconf 84' lang='grc' dir='ltr'>εἰκόνος</span> <span class='ocrx_word' id='word_1_431' title='bbox 3228 2747 3244 2761; x_wconf 77' lang='grc' dir='ltr'><strong>ο</strong></span> <span class='ocrx_word' id='word_1_432' title='bbox 3274 2730 3359 2784; x_wconf 86' lang='grc' dir='ltr'><strong>ὅτι</strong></span> <span class='ocrx_word' id='word_1_433' title='bbox 3395 2733 3597 2803; x_wconf 83' lang='grc' dir='ltr'>ποιμὴν</span> <span class='ocrx_word' id='word_1_434' title='bbox 3654 2737 3740 2785; x_wconf 66' lang='grc' dir='ltr'>καὶ.</span> 
     </span>
    </p>
   </div>
   <div class='ocr_carea' id='block_1_60' title="bbox 2167 2808 3742 2892">
    <p class='ocr_par' dir='ltr' id='par_1_60' title="bbox 2167 2808 3742 2892">
     <span class='ocr_line' id='line_1_60' title="bbox 2167 2808 3742 2892; baseline 0.011 -31"><span class='ocrx_word' id='word_1_435' title='bbox 2167 2808 2350 2874; x_wconf 79' lang='grc' dir='ltr'>αὐτὸς,</span> <span class='ocrx_word' id='word_1_436' title='bbox 2388 2813 2437 2864; x_wconf 76' lang='grc' dir='ltr'>εἰ</span> <span class='ocrx_word' id='word_1_437' title='bbox 2472 2814 2567 2865; x_wconf 84' lang='grc' dir='ltr'>καὶ</span> <span class='ocrx_word' id='word_1_438' title='bbox 2597 2813 2786 2886; x_wconf 77' lang='grc' dir='ltr'>ψυχῶν</span> <span class='ocrx_word' id='word_1_439' title='bbox 2831 2820 2926 2871; x_wconf 84' lang='grc' dir='ltr'><strong>καὶ</strong></span> <span class='ocrx_word' id='word_1_440' title='bbox 2975 2819 3273 2888; x_wconf 74' lang='grc' dir='ltr'>προϐάτων</span> <span class='ocrx_word' id='word_1_441' title='bbox 3304 2824 3541 2892; x_wconf 83' lang='grc' dir='ltr'>λογικῶν</span> <span class='ocrx_word' id='word_1_442' title='bbox 3561 2825 3742 2878; x_wconf 81' lang='grc' dir='ltr'>δεσπό-</span> 
     </span>
    </p>
   </div>
   <div class='ocr_carea' id='block_1_61' title="bbox 2168 2901 3762 2987">
    <p class='ocr_par' dir='ltr' id='par_1_61' title="bbox 2168 2901 3762 2987">
     <span class='ocr_line' id='line_1_61' title="bbox 2168 2901 3762 2987; baseline 0.011 -34"><span class='ocrx_word' id='word_1_443' title='bbox 2168 2917 2268 2970; x_wconf 79' lang='grc' dir='ltr'><strong>της</strong></span> <span class='ocrx_word' id='word_1_444' title='bbox 2297 2901 2369 2965; x_wconf 86' lang='grc' dir='ltr'>ὡς</span> <span class='ocrx_word' id='word_1_445' title='bbox 2398 2904 2625 2975; x_wconf 82' lang='grc' dir='ltr'>κτίστης</span> <span class='ocrx_word' id='word_1_446' title='bbox 2652 2910 2745 2960; x_wconf 78' lang='grc' dir='ltr'>καὶ</span> <span class='ocrx_word' id='word_1_447' title='bbox 2774 2911 2972 2980; x_wconf 81' lang='grc' dir='ltr'>νομεὺς</span> <span class='ocrx_word' id='word_1_448' title='bbox 2997 2915 3426 2983; x_wconf 85' lang='grc' dir='ltr'>παραγεγονὼς,</span> <span class='ocrx_word' id='word_1_449' title='bbox 3451 2920 3545 2970; x_wconf 78' lang='grc' dir='ltr'><strong>καὶ</strong></span> <span class='ocrx_word' id='word_1_450' title='bbox 3574 2910 3762 2987; x_wconf 73' lang='grc' dir='ltr'>φύλαξ’</span> 
     </span>
    </p>
   </div>
   <div class='ocr_carea' id='block_1_62' title="bbox 476 2989 2077 3085">
    <p class='ocr_par' dir='ltr' id='par_1_62' title="bbox 476 2989 2059 3060">
     <span class='ocr_line' id='line_1_62' title="bbox 476 2989 2059 3060; baseline 0.003 -17"><span class='ocrx_word' id='word_1_451' title='bbox 476 3001 530 3045; x_wconf 84' lang='lat' dir='ltr'><strong>et</strong></span> <span class='ocrx_word' id='word_1_452' title='bbox 558 2991 823 3056; x_wconf 90' lang='lat' dir='ltr'><strong>Simeoni,</strong></span> <span class='ocrx_word' id='word_1_453' title='bbox 847 2990 1334 3060; x_wconf 75' lang='lat' dir='ltr'><strong>quiappellabatur</strong></span> <span class='ocrx_word' id='word_1_454' title='bbox 1354 2989 1569 3056; x_wconf 82' lang='lat' dir='ltr'><strong>Justus,</strong></span> <span class='ocrx_word' id='word_1_455' title='bbox 1598 2992 1835 3047; x_wconf 90' lang='lat' dir='ltr'><strong>innotuit</strong></span> <span class='ocrx_word' id='word_1_456' title='bbox 1858 2992 2059 3057; x_wconf 78' lang='lat' dir='ltr'><strong>infans,</strong></span> 
     </span>
    </p>
   </div>
   <div class='ocr_carea' id='block_1_63' title="bbox 2166 2989 3745 3085">
    <p class='ocr_par' dir='ltr' id='par_1_63' title="bbox 2170 2992 3745 3080">
     <span class='ocr_line' id='line_1_63' title="bbox 2170 2992 3745 3080; baseline 0.014 -37"><span class='ocrx_word' id='word_1_457' title='bbox 2170 2992 2245 3055; x_wconf 79' lang='grc' dir='ltr'>ὡς</span> <span class='ocrx_word' id='word_1_458' title='bbox 2282 2995 2560 3064; x_wconf 83' lang='grc' dir='ltr'>κηδεμὼν,</span> <span class='ocrx_word' id='word_1_459' title='bbox 2591 3004 2685 3051; x_wconf 79' lang='grc' dir='ltr'><strong>καὶ</strong></span> <span class='ocrx_word' id='word_1_460' title='bbox 2716 2999 2793 3062; x_wconf 83' lang='grc' dir='ltr'>ὡς</span> <span class='ocrx_word' id='word_1_461' title='bbox 2820 3005 3120 3072; x_wconf 83' lang='grc' dir='ltr'>ἀγρυπνῶν</span> <span class='ocrx_word' id='word_1_462' title='bbox 3150 3005 3223 3059; x_wconf 85' lang='grc' dir='ltr'>δι’</span> <span class='ocrx_word' id='word_1_463' title='bbox 3267 3009 3421 3079; x_wconf 82' lang='grc' dir='ltr'>ἡμᾶς</span> <span class='ocrx_word' id='word_1_464' title='bbox 3450 3012 3745 3080; x_wconf 80' lang='grc' dir='ltr'>προνοητὴς</span> 
     </span>
    </p>
   </div>
   <div class='ocr_carea' id='block_1_64' title="bbox 478 3081 2065 3152">
    <p class='ocr_par' dir='ltr' id='par_1_64' title="bbox 478 3081 2065 3152">
     <span class='ocr_line' id='line_1_64' title="bbox 478 3081 2065 3152; baseline 0.003 -18"><span class='ocrx_word' id='word_1_465' title='bbox 478 3093 535 3135; x_wconf 90' lang='lat' dir='ltr'><strong>et</strong></span> <span class='ocrx_word' id='word_1_466' title='bbox 564 3083 633 3136; x_wconf 87' lang='lat' dir='ltr'><strong>ab</strong></span> <span class='ocrx_word' id='word_1_467' title='bbox 666 3096 732 3135; x_wconf 92' lang='lat' dir='ltr'><strong>eo</strong></span> <span class='ocrx_word' id='word_1_468' title='bbox 758 3083 980 3151; x_wconf 79' lang='lat' dir='ltr'><strong>agnitus</strong></span> <span class='ocrx_word' id='word_1_469' title='bbox 1008 3089 1090 3136; x_wconf 85' lang='lat' dir='ltr'><strong>est</strong></span> <span class='ocrx_word' id='word_1_470' title='bbox 1124 3081 1307 3148; x_wconf 85' lang='lat' dir='ltr'><strong>Deus;</strong></span> <span class='ocrx_word' id='word_1_471' title='bbox 1339 3083 1511 3137; x_wconf 65' lang='lat' dir='ltr'><strong>Anum</strong></span> <span class='ocrx_word' id='word_1_472' title='bbox 1538 3084 1835 3137; x_wconf 86' lang='lat' dir='ltr'><strong>similiter:</strong></span> <span class='ocrx_word' id='word_1_473' title='bbox 1868 3087 2065 3152; x_wconf 90' lang='lat' dir='ltr'><strong>purius</strong></span> 
     </span>
    </p>
   </div>
   <div class='ocr_carea' id='block_1_65' title="bbox 482 3173 2067 3245">
    <p class='ocr_par' dir='ltr' id='par_1_65' title="bbox 482 3173 2067 3245">
     <span class='ocr_line' id='line_1_65' title="bbox 482 3173 2067 3245; baseline 0.007 -22"><span class='ocrx_word' id='word_1_474' title='bbox 482 3189 614 3227; x_wconf 88' lang='lat' dir='ltr'><strong>vero</strong></span> <span class='ocrx_word' id='word_1_475' title='bbox 668 3184 722 3228; x_wconf 85' lang='lat' dir='ltr'><strong>et</strong></span> <span class='ocrx_word' id='word_1_476' title='bbox 756 3174 1059 3240; x_wconf 80' lang='lat' dir='ltr'><strong>perfectius</strong></span> <span class='ocrx_word' id='word_1_477' title='bbox 1122 3173 1413 3241; x_wconf 71' lang='lat' dir='ltr'><strong>Baptistae,</strong></span> <span class='ocrx_word' id='word_1_478' title='bbox 1448 3175 1544 3244; x_wconf 91' lang='lat' dir='ltr'><strong>qui</strong></span> <span class='ocrx_word' id='word_1_479' title='bbox 1583 3184 1710 3229; x_wconf 85' lang='lat' dir='ltr'><strong>ante</strong></span> <span class='ocrx_word' id='word_1_480' title='bbox 1739 3178 2067 3245; x_wconf 70' lang='lat' dir='ltr'><strong>pranlieatus</strong></span> 
     </span>
    </p>
   </div>
   <div class='ocr_carea' id='block_1_66' title="bbox 483 3265 2069 3338">
    <p class='ocr_par' dir='ltr' id='par_1_66' title="bbox 483 3265 2069 3338">
     <span class='ocr_line' id='line_1_66' title="bbox 483 3265 2069 3338; baseline 0.006 -22"><span class='ocrx_word' id='word_1_481' title='bbox 483 3266 661 3318; x_wconf 81' lang='lat' dir='ltr'><strong>fuerat</strong></span> <span class='ocrx_word' id='word_1_482' title='bbox 685 3266 936 3318; x_wconf 80' lang='lat' dir='ltr'><strong>amicus:</strong></span> <span class='ocrx_word' id='word_1_483' title='bbox 972 3266 1179 3333; x_wconf 83' lang='lat' dir='ltr'><strong>quique</strong></span> <span class='ocrx_word' id='word_1_484' title='bbox 1206 3265 1259 3318; x_wconf 90' lang='lat' dir='ltr'><strong>in</strong></span> <span class='ocrx_word' id='word_1_485' title='bbox 1290 3267 1549 3321; x_wconf 90' lang='lat' dir='ltr'><strong>omnibus</strong></span> <span class='ocrx_word' id='word_1_486' title='bbox 1576 3268 1704 3321; x_wconf 83' lang='lat' dir='ltr'><strong>etin</strong></span> <span class='ocrx_word' id='word_1_487' title='bbox 1740 3271 1855 3338; x_wconf 85' lang='lat' dir='ltr'><strong>ipsa</strong></span> <span class='ocrx_word' id='word_1_488' title='bbox 1890 3281 2069 3326; x_wconf 84' lang='lat' dir='ltr'><strong>morte</strong></span> 
     </span>
    </p>
   </div>
   <div class='ocr_carea' id='block_1_67' title="bbox 482 3354 2067 3423">
    <p class='ocr_par' dir='ltr' id='par_1_67' title="bbox 482 3354 2067 3423">
     <span class='ocr_line' id='line_1_67' title="bbox 482 3354 2067 3423; baseline 0.006 -16"><span class='ocrx_word' id='word_1_489' title='bbox 482 3356 657 3423; x_wconf 82' lang='lat' dir='ltr'><strong>ipsius</strong></span> <span class='ocrx_word' id='word_1_490' title='bbox 696 3371 1006 3423; x_wconf 69' lang='lat' dir='ltr'><strong>pl‘iCCUI&#39;SOI‘</strong></span> <span class='ocrx_word' id='word_1_491' title='bbox 1039 3356 1239 3409; x_wconf 79' lang='lat' dir='ltr'><strong>fuerat.</strong></span> <span class='ocrx_word' id='word_1_492' title='bbox 1269 3354 1528 3411; x_wconf 90' lang='lat' dir='ltr'><strong>Omnium</strong></span> <span class='ocrx_word' id='word_1_493' title='bbox 1561 3370 1745 3414; x_wconf 89' lang='lat' dir='ltr'><strong>autem</strong></span> <span class='ocrx_word' id='word_1_494' title='bbox 1770 3361 2067 3417; x_wconf 79' lang='lat' dir='ltr'><strong>evidentis-</strong></span> 
     </span>
    </p>
   </div>
   <div class='ocr_carea' id='block_1_68' title="bbox 481 3448 2061 3522">
    <p class='ocr_par' dir='ltr' id='par_1_68' title="bbox 481 3448 2061 3522">
     <span class='ocr_line' id='line_1_68' title="bbox 481 3448 2061 3522; baseline 0.005 -21"><span class='ocrx_word' id='word_1_495' title='bbox 481 3449 619 3501; x_wconf 87' lang='lat' dir='ltr'><strong>sime</strong></span> <span class='ocrx_word' id='word_1_496' title='bbox 655 3448 830 3516; x_wconf 86' lang='lat' dir='ltr'><strong>ipsius</strong></span> <span class='ocrx_word' id='word_1_497' title='bbox 865 3448 1174 3516; x_wconf 84' lang='lat' dir='ltr'><strong>discipulis,</strong></span> <span class='ocrx_word' id='word_1_498' title='bbox 1207 3464 1349 3517; x_wconf 90' lang='lat' dir='ltr'><strong>quos</strong></span> <span class='ocrx_word' id='word_1_499' title='bbox 1381 3465 1700 3519; x_wconf 66' lang='lat' dir='ltr'><strong>praeparans</strong></span> <span class='ocrx_word' id='word_1_500' title='bbox 1740 3452 1805 3505; x_wconf 91' lang='lat' dir='ltr'><strong>ad</strong></span> <span class='ocrx_word' id='word_1_501' title='bbox 1840 3463 2061 3522; x_wconf 62' lang='grc' dir='ltr'>προδιο-</span> 
     </span>
    </p>
   </div>
   <div class='ocr_carea' id='block_1_69' title="bbox 483 3538 2067 3614">
    <p class='ocr_par' dir='ltr' id='par_1_69' title="bbox 483 3538 2067 3614">
     <span class='ocr_line' id='line_1_69' title="bbox 483 3538 2067 3614; baseline 0.007 -25"><span class='ocrx_word' id='word_1_502' title='bbox 483 3541 675 3603; x_wconf 86' lang='lat' dir='ltr'><strong>latum,</strong></span> <span class='ocrx_word' id='word_1_503' title='bbox 708 3548 761 3591; x_wconf 89' lang='lat' dir='ltr'><strong>et</strong></span> <span class='ocrx_word' id='word_1_504' title='bbox 785 3540 950 3592; x_wconf 90' lang='lat' dir='ltr'><strong>totius</strong></span> <span class='ocrx_word' id='word_1_505' title='bbox 970 3538 1156 3592; x_wconf 89' lang='lat' dir='ltr'><strong>mundi</strong></span> <span class='ocrx_word' id='word_1_506' title='bbox 1177 3555 1205 3592; x_wconf 89' lang='lat' dir='ltr'><strong>e</strong></span> <span class='ocrx_word' id='word_1_507' title='bbox 1220 3549 1503 3609; x_wconf 86' lang='lat' dir='ltr'><strong>apturam,</strong></span> <span class='ocrx_word' id='word_1_508' title='bbox 1531 3544 1745 3597; x_wconf 84' lang='lat' dir='ltr'><strong>vocavit</strong></span> <span class='ocrx_word' id='word_1_509' title='bbox 1765 3545 2067 3614; x_wconf 80' lang='lat' dir='ltr'><strong>piscatores</strong></span> 
     </span>
    </p>
   </div>
   <div class='ocr_carea' id='block_1_70' title="bbox 484 3631 2065 3705">
    <p class='ocr_par' dir='ltr' id='par_1_70' title="bbox 484 3631 2065 3705">
     <span class='ocr_line' id='line_1_70' title="bbox 484 3631 2065 3705; baseline 0.006 -23"><span class='ocrx_word' id='word_1_510' title='bbox 484 3631 993 3696; x_wconf 83' lang='lat' dir='ltr'><strong>hominum,luim-n</strong></span> <span class='ocrx_word' id='word_1_511' title='bbox 1028 3643 1080 3686; x_wconf 90' lang='lat' dir='ltr'><strong>et</strong></span> <span class='ocrx_word' id='word_1_512' title='bbox 1107 3637 1187 3686; x_wconf 85' lang='lat' dir='ltr'><strong>sat</strong></span> <span class='ocrx_word' id='word_1_513' title='bbox 1225 3635 1677 3703; x_wconf 87' lang='lat' dir='ltr'><strong>mundi,judices</strong></span> <span class='ocrx_word' id='word_1_514' title='bbox 1704 3646 1756 3689; x_wconf 90' lang='lat' dir='ltr'><strong>et</strong></span> <span class='ocrx_word' id='word_1_515' title='bbox 1792 3649 2065 3705; x_wconf 85' lang='lat' dir='ltr'><strong>pastores,</strong></span> 
     </span>
    </p>
   </div>
   <div class='ocr_carea' id='block_1_71' title="bbox 481 3722 2065 3797">
    <p class='ocr_par' dir='ltr' id='par_1_71' title="bbox 481 3722 2065 3797">
     <span class='ocr_line' id='line_1_71' title="bbox 481 3722 2065 3797; baseline 0.006 -25"><span class='ocrx_word' id='word_1_516' title='bbox 481 3730 535 3773; x_wconf 89' lang='lat' dir='ltr'><strong>et</strong></span> <span class='ocrx_word' id='word_1_517' title='bbox 566 3732 784 3785; x_wconf 73' lang='lat' dir='ltr'><strong>caetera,</strong></span> <span class='ocrx_word' id='word_1_518' title='bbox 812 3722 1127 3792; x_wconf 84' lang='lat' dir='ltr'><strong>quibusque</strong></span> <span class='ocrx_word' id='word_1_519' title='bbox 1158 3723 1442 3789; x_wconf 85' lang='lat' dir='ltr'><strong>paulatim,</strong></span> <span class='ocrx_word' id='word_1_520' title='bbox 1480 3737 1535 3777; x_wconf 87' lang='lat' dir='ltr'><strong>ut</strong></span> <span class='ocrx_word' id='word_1_521' title='bbox 1560 3726 1905 3793; x_wconf 79' lang='lat' dir='ltr'><strong>expediebat,</strong></span> <span class='ocrx_word' id='word_1_522' title='bbox 1944 3743 2065 3797; x_wconf 78' lang='lat' dir='ltr'><strong>gra-</strong></span> 
     </span>
    </p>
   </div>
   <div class='ocr_carea' id='block_1_72' title="bbox 483 3802 2063 3885">
    <p class='ocr_par' dir='ltr' id='par_1_72' title="bbox 483 3802 2063 3885">
     <span class='ocr_line' id='line_1_72' title="bbox 483 3802 2063 3885; baseline 0.007 -22"><span class='ocrx_word' id='word_1_523' title='bbox 483 3811 611 3864; x_wconf 89' lang='lat' dir='ltr'><strong>tiam</strong></span> <span class='ocrx_word' id='word_1_524' title='bbox 642 3811 818 3866; x_wconf 85' lang='lat' dir='ltr'><strong>dedit.</strong></span> <span class='ocrx_word' id='word_1_525' title='bbox 843 3811 1081 3867; x_wconf 86' lang='lat' dir='ltr'><strong>Tandem</strong></span> <span class='ocrx_word' id='word_1_526' title='bbox 1127 3802 1185 3866; x_wconf 82' lang='lat' dir='ltr'><strong>tit</strong></span> <span class='ocrx_word' id='word_1_527' title='bbox 1217 3816 1532 3871; x_wconf 87' lang='lat' dir='ltr'><strong>communis</strong></span> <span class='ocrx_word' id='word_1_528' title='bbox 1563 3816 1786 3871; x_wconf 84' lang='lat' dir='ltr'><strong>victima</strong></span> <span class='ocrx_word' id='word_1_529' title='bbox 1823 3820 2063 3885; x_wconf 86' lang='lat' dir='ltr'><strong>oblatus,</strong></span> 
     </span>
    </p>
   </div>
   <div class='ocr_carea' id='block_1_73' title="bbox 485 3903 2065 3979">
    <p class='ocr_par' dir='ltr' id='par_1_73' title="bbox 485 3903 2065 3979">
     <span class='ocr_line' id='line_1_73' title="bbox 485 3903 2065 3979; baseline 0.008 -25"><span class='ocrx_word' id='word_1_530' title='bbox 485 3903 775 3957; x_wconf 87' lang='lat' dir='ltr'><strong>inimicitia</strong></span> <span class='ocrx_word' id='word_1_531' title='bbox 809 3905 984 3958; x_wconf 87' lang='lat' dir='ltr'><strong>soluta</strong></span> <span class='ocrx_word' id='word_1_532' title='bbox 1014 3906 1365 3960; x_wconf 78' lang='lat' dir='ltr'><strong>etexinantta</strong></span> <span class='ocrx_word' id='word_1_533' title='bbox 1396 3919 1591 3970; x_wconf 85' lang='lat' dir='ltr'><strong>morte,</strong></span> <span class='ocrx_word' id='word_1_534' title='bbox 1628 3922 1948 3979; x_wconf 87' lang='lat' dir='ltr'><strong>assumptus</strong></span> <span class='ocrx_word' id='word_1_535' title='bbox 1981 3922 2065 3965; x_wconf 87' lang='lat' dir='ltr'><strong>est</strong></span> 
     </span>
    </p>
   </div>
   <div class='ocr_carea' id='block_1_74' title="bbox 482 3995 2064 4071">
    <p class='ocr_par' dir='ltr' id='par_1_74' title="bbox 482 3995 2064 4071">
     <span class='ocr_line' id='line_1_74' title="bbox 482 3995 2064 4071; baseline 0.007 -23"><span class='ocrx_word' id='word_1_536' title='bbox 482 3995 551 4049; x_wconf 86' lang='lat' dir='ltr'><strong>ad</strong></span> <span class='ocrx_word' id='word_1_537' title='bbox 610 3995 829 4051; x_wconf 80' lang='lat' dir='ltr'><strong>Patrem</strong></span> <span class='ocrx_word' id='word_1_538' title='bbox 883 3996 1142 4053; x_wconf 84' lang='lat' dir='ltr'><strong>deferens</strong></span> <span class='ocrx_word' id='word_1_539' title='bbox 1179 3999 1479 4065; x_wconf 82' lang='lat' dir='ltr'><strong>victimam,</strong></span> <span class='ocrx_word' id='word_1_540' title='bbox 1529 4000 1825 4071; x_wconf 86' lang='lat' dir='ltr'><strong>divinoque</strong></span> <span class='ocrx_word' id='word_1_541' title='bbox 1858 4004 2064 4059; x_wconf 77' lang='lat' dir='ltr'><strong>honore</strong></span> 
     </span>
    </p>
   </div>
   <div class='ocr_carea' id='block_1_75' title="bbox 481 4087 2065 4164">
    <p class='ocr_par' dir='ltr' id='par_1_75' title="bbox 481 4087 2065 4164">
     <span class='ocr_line' id='line_1_75' title="bbox 481 4087 2065 4164; baseline 0.006 -24"><span class='ocrx_word' id='word_1_542' title='bbox 481 4087 737 4140; x_wconf 85' lang='lat' dir='ltr'><strong>cxaltavit</strong></span> <span class='ocrx_word' id='word_1_543' title='bbox 787 4098 1040 4143; x_wconf 85' lang='lat' dir='ltr'><strong>naturam</strong></span> <span class='ocrx_word' id='word_1_544' title='bbox 1083 4090 1404 4144; x_wconf 83' lang='lat' dir='ltr'><strong>humanam.</strong></span> <span class='ocrx_word' id='word_1_545' title='bbox 1462 4091 1709 4162; x_wconf 88' lang='lat' dir='ltr'><strong>Denique</strong></span> <span class='ocrx_word' id='word_1_546' title='bbox 1763 4097 1921 4149; x_wconf 88' lang='lat' dir='ltr'><strong>nobis</strong></span> <span class='ocrx_word' id='word_1_547' title='bbox 1969 4111 2065 4164; x_wconf 87' lang='lat' dir='ltr'><strong>per</strong></span> 
     </span>
    </p>
   </div>
   <div class='ocr_carea' id='block_1_76' title="bbox 484 4179 2064 4257">
    <p class='ocr_par' dir='ltr' id='par_1_76' title="bbox 484 4179 2064 4257">
     <span class='ocr_line' id='line_1_76' title="bbox 484 4179 2064 4257; baseline 0.007 -25"><span class='ocrx_word' id='word_1_548' title='bbox 484 4179 668 4247; x_wconf 87' lang='lat' dir='ltr'><strong>ipsum</strong></span> <span class='ocrx_word' id='word_1_549' title='bbox 698 4179 848 4234; x_wconf 86' lang='lat' dir='ltr'><strong>Patri</strong></span> <span class='ocrx_word' id='word_1_550' title='bbox 876 4184 1249 4238; x_wconf 83' lang='lat' dir='ltr'><strong>reconciliatis</strong></span> <span class='ocrx_word' id='word_1_551' title='bbox 1274 4185 1657 4251; x_wconf 80' lang='lat' dir='ltr'><strong>perfeCtiorem</strong></span> <span class='ocrx_word' id='word_1_552' title='bbox 1683 4192 1915 4257; x_wconf 78' lang='lat' dir='ltr'><strong>gratiam</strong></span> <span class='ocrx_word' id='word_1_553' title='bbox 1936 4204 2064 4242; x_wconf 87' lang='lat' dir='ltr'><strong>cnn-</strong></span> 
     </span>
    </p>
   </div>
   <div class='ocr_carea' id='block_1_77' title="bbox 483 4273 2064 4348">
    <p class='ocr_par' dir='ltr' id='par_1_77' title="bbox 483 4273 2064 4348">
     <span class='ocr_line' id='line_1_77' title="bbox 483 4273 2064 4348; baseline 0.006 -24"><span class='ocrx_word' id='word_1_554' title='bbox 483 4274 674 4336; x_wconf 86' lang='lat' dir='ltr'><strong>cessit,</strong></span> <span class='ocrx_word' id='word_1_555' title='bbox 708 4273 941 4340; x_wconf 69' lang='lat' dir='ltr'><strong>fonsmie</strong></span> <span class='ocrx_word' id='word_1_556' title='bbox 976 4277 1274 4342; x_wconf 78' lang='lat' dir='ltr'><strong>gratiarum</strong></span> <span class='ocrx_word' id='word_1_557' title='bbox 1305 4275 1621 4330; x_wconf 75' lang='lat' dir='ltr'><strong>Paraeletus</strong></span> <span class='ocrx_word' id='word_1_558' title='bbox 1642 4279 1803 4333; x_wconf 90' lang='lat' dir='ltr'><strong>nobis</strong></span> <span class='ocrx_word' id='word_1_559' title='bbox 1825 4295 2064 4348; x_wconf 65' lang='lat' dir='ltr'><strong>praesens</strong></span> 
     </span>
    </p>
   </div>
   <div class='ocr_carea' id='block_1_78' title="bbox 2168 3084 3747 3172">
    <p class='ocr_par' dir='ltr' id='par_1_78' title="bbox 2168 3084 3747 3172">
     <span class='ocr_line' id='line_1_78' title="bbox 2168 3084 3747 3172; baseline 0.013 -35"><span class='ocrx_word' id='word_1_560' title='bbox 2168 3084 2244 3138; x_wconf 79' lang='grc' dir='ltr'>ὢν</span> <span class='ocrx_word' id='word_1_561' title='bbox 2277 3087 2546 3151; x_wconf 83' lang='grc' dir='ltr'>ἀθάνατος</span> <span class='ocrx_word' id='word_1_562' title='bbox 2569 3104 2582 3119; x_wconf 75' lang='grc' dir='ltr'><strong>ο</strong></span> <span class='ocrx_word' id='word_1_563' title='bbox 2616 3090 2809 3145; x_wconf 78' lang='grc' dir='ltr'>ἔπειτα</span> <span class='ocrx_word' id='word_1_564' title='bbox 2846 3096 2984 3163; x_wconf 84' lang='grc' dir='ltr'>μετὰ</span> <span class='ocrx_word' id='word_1_565' title='bbox 3018 3097 3178 3151; x_wconf 86' lang='grc' dir='ltr'>τοῦτο</span> <span class='ocrx_word' id='word_1_566' title='bbox 3225 3100 3313 3169; x_wconf 83' lang='grc' dir='ltr'>τῷ</span> <span class='ocrx_word' id='word_1_567' title='bbox 3364 3102 3592 3169; x_wconf 85' lang='grc' dir='ltr'>Συμεὼν</span> <span class='ocrx_word' id='word_1_568' title='bbox 3624 3119 3747 3172; x_wconf 86' lang='grc' dir='ltr'>προ-</span> 
     </span>
    </p>
   </div>
   <div class='ocr_carea' id='block_1_79' title="bbox 2169 3180 3758 3267">
    <p class='ocr_par' dir='ltr' id='par_1_79' title="bbox 2169 3180 3758 3267">
     <span class='ocr_line' id='line_1_79' title="bbox 2169 3180 3758 3267; baseline 0.014 -40"><span class='ocrx_word' id='word_1_569' title='bbox 2169 3180 2566 3247; x_wconf 70' lang='grc' dir='ltr'>χρηματι.σθεὶς</span> <span class='ocrx_word' id='word_1_570' title='bbox 2601 3182 2677 3246; x_wconf 85' lang='grc' dir='ltr'>ὡς</span> <span class='ocrx_word' id='word_1_571' title='bbox 2710 3185 2927 3258; x_wconf 82' lang='grc' dir='ltr'>δικαίῳ,</span> <span class='ocrx_word' id='word_1_572' title='bbox 2969 3193 3065 3242; x_wconf 81' lang='grc' dir='ltr'><strong>καὶ</strong></span> <span class='ocrx_word' id='word_1_573' title='bbox 3119 3192 3495 3261; x_wconf 74' lang='grc' dir='ltr'>ἐμφανισθεὶς</span> <span class='ocrx_word' id='word_1_574' title='bbox 3542 3195 3758 3267; x_wconf 69' lang='grc' dir='ltr'>νήπιοςζ</span> 
     </span>
    </p>
   </div>
   <div class='ocr_carea' id='block_1_80' title="bbox 2168 3268 3745 3355">
    <p class='ocr_par' dir='ltr' id='par_1_80' title="bbox 2168 3268 3745 3355">
     <span class='ocr_line' id='line_1_80' title="bbox 2168 3268 3745 3355; baseline 0.013 -36"><span class='ocrx_word' id='word_1_575' title='bbox 2168 3268 2263 3319; x_wconf 81' lang='grc' dir='ltr'><strong>καὶ</strong></span> <span class='ocrx_word' id='word_1_576' title='bbox 2311 3268 2386 3332; x_wconf 83' lang='grc' dir='ltr'>ὡς</span> <span class='ocrx_word' id='word_1_577' title='bbox 2432 3271 2565 3332; x_wconf 77' lang='grc' dir='ltr'>Θεὸς</span> <span class='ocrx_word' id='word_1_578' title='bbox 2598 3277 2923 3343; x_wconf 82' lang='grc' dir='ltr'>γνωρισθείς</span> <span class='ocrx_word' id='word_1_579' title='bbox 2946 3293 2959 3307; x_wconf 89' lang='grc'><strong>·</strong></span> <span class='ocrx_word' id='word_1_580' title='bbox 2994 3281 3087 3332; x_wconf 76' lang='grc' dir='ltr'>καὶ</span> <span class='ocrx_word' id='word_1_581' title='bbox 3117 3285 3182 3351; x_wconf 84' lang='grc' dir='ltr'>τῇ</span> <span class='ocrx_word' id='word_1_582' title='bbox 3218 3285 3395 3355; x_wconf 72' lang='grc' dir='ltr'>Ἀινῃ</span> <span class='ocrx_word' id='word_1_583' title='bbox 3427 3286 3487 3338; x_wconf 77' lang='grc' dir='ltr'>δὲ</span> <span class='ocrx_word' id='word_1_584' title='bbox 3520 3287 3710 3354; x_wconf 78' lang='grc' dir='ltr'>ὁμοίως</span> <span class='ocrx_word' id='word_1_585' title='bbox 3733 3302 3745 3314; x_wconf 87' lang='grc'><em>’</em></span> 
     </span>
    </p>
   </div>
   <div class='ocr_carea' id='block_1_81' title="bbox 2169 3358 3747 3447">
    <p class='ocr_par' dir='ltr' id='par_1_81' title="bbox 2169 3358 3747 3447">
     <span class='ocr_line' id='line_1_81' title="bbox 2169 3358 3747 3447; baseline 0.013 -38"><span class='ocrx_word' id='word_1_586' title='bbox 2169 3358 2556 3430; x_wconf 83' lang='grc' dir='ltr'>καθαρώτερον</span> <span class='ocrx_word' id='word_1_587' title='bbox 2611 3364 2669 3417; x_wconf 86' lang='grc' dir='ltr'><strong>δέ</strong></span> <span class='ocrx_word' id='word_1_588' title='bbox 2713 3366 2792 3437; x_wconf 80' lang='grc' dir='ltr'>τῷ</span> <span class='ocrx_word' id='word_1_589' title='bbox 2844 3367 3127 3441; x_wconf 76' lang='grc' dir='ltr'>Βαπτιστῇ</span> <span class='ocrx_word' id='word_1_590' title='bbox 3180 3376 3280 3427; x_wconf 80' lang='grc' dir='ltr'><strong>καὶ</strong></span> <span class='ocrx_word' id='word_1_591' title='bbox 3335 3379 3747 3447; x_wconf 77' lang='grc' dir='ltr'>προκηρύξαντι</span> 
     </span>
    </p>
   </div>
   <div class='ocr_carea' id='block_1_82' title="bbox 2170 3450 3751 3539">
    <p class='ocr_par' dir='ltr' id='par_1_82' title="bbox 2170 3450 3751 3539">
     <span class='ocr_line' id='line_1_82' title="bbox 2170 3450 3751 3539; baseline 0.012 -39"><span class='ocrx_word' id='word_1_592' title='bbox 2170 3450 2309 3520; x_wconf 80' lang='grc' dir='ltr'>φίλῳ</span> <span class='ocrx_word' id='word_1_593' title='bbox 2340 3453 2435 3504; x_wconf 81' lang='grc' dir='ltr'>καὶ</span> <span class='ocrx_word' id='word_1_594' title='bbox 2471 3456 2843 3526; x_wconf 83' lang='grc' dir='ltr'>προδραμόντι</span> <span class='ocrx_word' id='word_1_595' title='bbox 2869 3454 2927 3513; x_wconf 80' lang='grc' dir='ltr'><strong>ἐν</strong></span> <span class='ocrx_word' id='word_1_596' title='bbox 2951 3467 3110 3526; x_wconf 76' lang='grc' dir='ltr'>πᾶσι,</span> <span class='ocrx_word' id='word_1_597' title='bbox 3139 3466 3235 3518; x_wconf 74' lang='grc' dir='ltr'><strong>καὶ</strong></span> <span class='ocrx_word' id='word_1_598' title='bbox 3268 3470 3353 3538; x_wconf 79' lang='grc' dir='ltr'>τῴ</span> <span class='ocrx_word' id='word_1_599' title='bbox 3379 3470 3598 3539; x_wconf 68' lang='grc' dir='ltr'>θανάτῳ</span> <span class='ocrx_word' id='word_1_600' title='bbox 3621 3486 3634 3499; x_wconf 88' lang='grc'><strong>·</strong></span> <span class='ocrx_word' id='word_1_601' title='bbox 3660 3469 3751 3521; x_wconf 76' lang='grc' dir='ltr'>καὶ</span> 
     </span>
    </p>
   </div>
   <div class='ocr_carea' id='block_1_83' title="bbox 2168 3542 3751 3626">
    <p class='ocr_par' dir='ltr' id='par_1_83' title="bbox 2168 3542 3751 3626">
     <span class='ocr_line' id='line_1_83' title="bbox 2168 3542 3751 3626; baseline 0.016 -35"><span class='ocrx_word' id='word_1_602' title='bbox 2168 3542 2578 3614; x_wconf 78' lang='grc' dir='ltr'>ἐμφανέστερον</span> <span class='ocrx_word' id='word_1_603' title='bbox 2609 3548 2690 3600; x_wconf 80' lang='grc' dir='ltr'><strong>ἐτι</strong></span> <span class='ocrx_word' id='word_1_604' title='bbox 2717 3552 2829 3611; x_wconf 89' lang='grc' dir='ltr'>τοῖς</span> <span class='ocrx_word' id='word_1_605' title='bbox 2856 3553 3023 3605; x_wconf 79' lang='grc' dir='ltr'>αὐτοῦ</span> <span class='ocrx_word' id='word_1_606' title='bbox 3061 3557 3365 3626; x_wconf 85' lang='grc' dir='ltr'>μαθηταῖς.</span> <span class='ocrx_word' id='word_1_607' title='bbox 3400 3559 3510 3622; x_wconf 82' lang='grc' dir='ltr'><strong>Οὓς</strong></span> <span class='ocrx_word' id='word_1_608' title='bbox 3538 3562 3631 3614; x_wconf 72' lang='grc' dir='ltr'>καὶ</span> <span class='ocrx_word' id='word_1_609' title='bbox 3653 3579 3751 3615; x_wconf 82' lang='grc' dir='ltr'>κα·</span> 
     </span>
    </p>
   </div>
   <div class='ocr_carea' id='block_1_84' title="bbox 2168 3632 3753 3721">
    <p class='ocr_par' dir='ltr' id='par_1_84' title="bbox 2168 3632 3753 3721">
     <span class='ocr_line' id='line_1_84' title="bbox 2168 3632 3753 3721; baseline 0.014 -39"><span class='ocrx_word' id='word_1_610' title='bbox 2168 3632 2442 3701; x_wconf 72' lang='grc' dir='ltr'>ταρτίζων</span> <span class='ocrx_word' id='word_1_611' title='bbox 2476 3637 2613 3705; x_wconf 71' lang='grc' dir='ltr'>πρὸς</span> <span class='ocrx_word' id='word_1_612' title='bbox 2640 3638 2740 3707; x_wconf 75' lang='grc' dir='ltr'>τὴν</span> <span class='ocrx_word' id='word_1_613' title='bbox 2775 3642 3080 3713; x_wconf 79' lang='grc' dir='ltr'>ἀποστολὴν</span> <span class='ocrx_word' id='word_1_614' title='bbox 3113 3652 3211 3700; x_wconf 74' lang='grc' dir='ltr'>καὶ</span> <span class='ocrx_word' id='word_1_615' title='bbox 3261 3652 3369 3719; x_wconf 75' lang='grc' dir='ltr'><strong>τὴν</strong></span> <span class='ocrx_word' id='word_1_616' title='bbox 3411 3654 3753 3721; x_wconf 80' lang='grc' dir='ltr'>παγκόσμιον</span> 
     </span>
    </p>
   </div>
   <div class='ocr_carea' id='block_1_85' title="bbox 2168 3724 3754 3813">
    <p class='ocr_par' dir='ltr' id='par_1_85' title="bbox 2168 3724 3754 3813">
     <span class='ocr_line' id='line_1_85' title="bbox 2168 3724 3754 3813; baseline 0.013 -35"><span class='ocrx_word' id='word_1_617' title='bbox 2168 3724 2368 3794; x_wconf 80' lang='grc' dir='ltr'>ἄγραν,</span> <span class='ocrx_word' id='word_1_618' title='bbox 2418 3727 2593 3791; x_wconf 80' lang='grc' dir='ltr'>ἁλιεῖς</span> <span class='ocrx_word' id='word_1_619' title='bbox 2640 3731 2951 3800; x_wconf 80' lang='grc' dir='ltr'>ἀνθρώπων</span> <span class='ocrx_word' id='word_1_620' title='bbox 2978 3738 3228 3806; x_wconf 63' lang='grc' dir='ltr'>ἐκάλεσε,</span> <span class='ocrx_word' id='word_1_621' title='bbox 3259 3745 3361 3796; x_wconf 85' lang='grc' dir='ltr'>καὶ</span> <span class='ocrx_word' id='word_1_622' title='bbox 3397 3745 3515 3813; x_wconf 84' lang='grc' dir='ltr'><strong>φῶς</strong></span> <span class='ocrx_word' id='word_1_623' title='bbox 3546 3745 3639 3797; x_wconf 76' lang='grc' dir='ltr'>τοῦ</span> <span class='ocrx_word' id='word_1_624' title='bbox 3669 3746 3754 3797; x_wconf 67' lang='lat' dir='ltr'><strong>x5-</strong></span> 
     </span>
    </p>
   </div>
   <div class='ocr_carea' id='block_1_86' title="bbox 2170 3821 3751 3905">
    <p class='ocr_par' dir='ltr' id='par_1_86' title="bbox 2170 3821 3751 3905">
     <span class='ocr_line' id='line_1_86' title="bbox 2170 3821 3751 3905; baseline 0.014 -37"><span class='ocrx_word' id='word_1_625' title='bbox 2170 3833 2332 3886; x_wconf 83' lang='grc' dir='ltr'>σμου,</span> <span class='ocrx_word' id='word_1_626' title='bbox 2384 3821 2480 3872; x_wconf 74' lang='grc' dir='ltr'><strong>καὶ</strong></span> <span class='ocrx_word' id='word_1_627' title='bbox 2527 3821 2661 3884; x_wconf 79' lang='grc' dir='ltr'>ἃλας</span> <span class='ocrx_word' id='word_1_628' title='bbox 2710 3825 2806 3878; x_wconf 77' lang='grc' dir='ltr'>καὶ</span> <span class='ocrx_word' id='word_1_629' title='bbox 2840 3828 3035 3897; x_wconf 81' lang='grc' dir='ltr'>κριτὰς</span> <span class='ocrx_word' id='word_1_630' title='bbox 3088 3833 3179 3883; x_wconf 72' lang='grc' dir='ltr'>καὶ</span> <span class='ocrx_word' id='word_1_631' title='bbox 3228 3837 3535 3905; x_wconf 84' lang='grc' dir='ltr'>ποιμένας,</span> <span class='ocrx_word' id='word_1_632' title='bbox 3562 3839 3653 3891; x_wconf 69' lang='grc' dir='ltr'><strong>καὶ</strong></span> <span class='ocrx_word' id='word_1_633' title='bbox 3687 3839 3751 3890; x_wconf 70' lang='grc' dir='ltr'>τὰ</span> 
     </span>
    </p>
   </div>
   <div class='ocr_carea' id='block_1_87' title="bbox 2165 3908 3754 3997">
    <p class='ocr_par' dir='ltr' id='par_1_87' title="bbox 2165 3908 3754 3997">
     <span class='ocr_line' id='line_1_87' title="bbox 2165 3908 3754 3997; baseline 0.013 -38"><span class='ocrx_word' id='word_1_634' title='bbox 2165 3908 2349 3974; x_wconf 71' lang='grc' dir='ltr'>λοιπὰ,</span> <span class='ocrx_word' id='word_1_635' title='bbox 2395 3913 2491 3964; x_wconf 79' lang='grc' dir='ltr'>καὶ</span> <span class='ocrx_word' id='word_1_636' title='bbox 2541 3912 2663 3965; x_wconf 84' lang='grc' dir='ltr'>κατ’</span> <span class='ocrx_word' id='word_1_637' title='bbox 2705 3915 2889 3983; x_wconf 80' lang='grc' dir='ltr'>ὀλίγον</span> <span class='ocrx_word' id='word_1_638' title='bbox 2922 3918 3103 3982; x_wconf 65' lang='grc' dir='ltr'>διδοὺς</span> <span class='ocrx_word' id='word_1_639' title='bbox 3135 3916 3328 3987; x_wconf 68' lang='grc' dir='ltr'>αὐτοῖς</span> <span class='ocrx_word' id='word_1_640' title='bbox 3381 3926 3462 3991; x_wconf 83' lang='grc' dir='ltr'>ὡς</span> <span class='ocrx_word' id='word_1_641' title='bbox 3496 3928 3754 3997; x_wconf 67' lang='grc' dir='ltr'>ἐνεχώρει</span> 
     </span>
    </p>
   </div>
   <div class='ocr_carea' id='block_1_88' title="bbox 2165 4002 3755 4084">
    <p class='ocr_par' dir='ltr' id='par_1_88' title="bbox 2165 4002 3755 4084">
     <span class='ocr_line' id='line_1_88' title="bbox 2165 4002 3755 4084; baseline 0.009 -33"><span class='ocrx_word' id='word_1_642' title='bbox 2165 4002 2262 4062; x_wconf 73' lang='grc' dir='ltr'><strong>τὰς</strong></span> <span class='ocrx_word' id='word_1_643' title='bbox 2300 4002 2551 4071; x_wconf 74' lang='grc' dir='ltr'>χάριτας,</span> <span class='ocrx_word' id='word_1_644' title='bbox 2586 4003 2743 4065; x_wconf 86' lang='grc' dir='ltr'>τέλος</span> <span class='ocrx_word' id='word_1_645' title='bbox 2790 4009 2944 4077; x_wconf 84' lang='grc' dir='ltr'>κοινὴ</span> <span class='ocrx_word' id='word_1_646' title='bbox 2995 4009 3156 4064; x_wconf 81' lang='grc' dir='ltr'>θυσία</span> <span class='ocrx_word' id='word_1_647' title='bbox 3205 4016 3632 4084; x_wconf 71' lang='grc' dir='ltr'>προσενεχθεὶς,</span> <span class='ocrx_word' id='word_1_648' title='bbox 3667 4023 3755 4067; x_wconf 74' lang='lat' dir='ltr'><strong>xxi.</strong></span> 
     </span>
    </p>
   </div>
   <div class='ocr_carea' id='block_1_89' title="bbox 2157 4089 3758 4176">
    <p class='ocr_par' dir='ltr' id='par_1_89' title="bbox 2157 4089 3758 4176">
     <span class='ocr_line' id='line_1_89' title="bbox 2157 4089 3758 4176; baseline 0.012 -34"><span class='ocrx_word' id='word_1_649' title='bbox 2157 4091 2265 4161; x_wconf 70' lang='grc' dir='ltr'><strong>⁷τὴν</strong></span> <span class='ocrx_word' id='word_1_650' title='bbox 2292 4092 2490 4160; x_wconf 74' lang='grc' dir='ltr'>ἔχθραν</span> <span class='ocrx_word' id='word_1_651' title='bbox 2522 4094 2709 4160; x_wconf 81' lang='grc' dir='ltr'>λύσας,</span> <span class='ocrx_word' id='word_1_652' title='bbox 2744 4100 2839 4151; x_wconf 78' lang='grc' dir='ltr'>καὶ</span> <span class='ocrx_word' id='word_1_653' title='bbox 2865 4099 2956 4151; x_wconf 75' lang='grc' dir='ltr'><strong>τὸν</strong></span> <span class='ocrx_word' id='word_1_654' title='bbox 2987 4100 3217 4156; x_wconf 84' lang='grc' dir='ltr'>θάνατον</span> <span class='ocrx_word' id='word_1_655' title='bbox 3244 4110 3642 4176; x_wconf 76' lang='grc' dir='ltr'>καταργήσας,</span> <span class='ocrx_word' id='word_1_656' title='bbox 3666 4089 3758 4161; x_wconf 55' lang='lat' dir='ltr'><strong>xui.</strong></span> 
     </span>
    </p>
   </div>
   <div class='ocr_carea' id='block_1_90' title="bbox 2164 4185 3754 4272">
    <p class='ocr_par' dir='ltr' id='par_1_90' title="bbox 2164 4185 3754 4272">
     <span class='ocr_line' id='line_1_90' title="bbox 2164 4185 3754 4272; baseline 0.014 -36"><span class='ocrx_word' id='word_1_657' title='bbox 2164 4185 2493 4254; x_wconf 73' lang='grc' dir='ltr'>ἀναληφθεὶς</span> <span class='ocrx_word' id='word_1_658' title='bbox 2517 4189 2651 4259; x_wconf 82' lang='grc' dir='ltr'>πρὸς</span> <span class='ocrx_word' id='word_1_659' title='bbox 2670 4192 2761 4244; x_wconf 65' lang='grc' dir='ltr'><strong>τὸν</strong></span> <span class='ocrx_word' id='word_1_660' title='bbox 2790 4194 3033 4264; x_wconf 84' lang='grc' dir='ltr'>Πατέρα,</span> <span class='ocrx_word' id='word_1_661' title='bbox 3064 4198 3159 4251; x_wconf 79' lang='grc' dir='ltr'>καὶ</span> <span class='ocrx_word' id='word_1_662' title='bbox 3182 4199 3504 4270; x_wconf 79' lang='grc' dir='ltr'>ἀνενεγκὼν</span> <span class='ocrx_word' id='word_1_663' title='bbox 3535 4208 3636 4272; x_wconf 81' lang='grc' dir='ltr'>τὴν</span> <span class='ocrx_word' id='word_1_664' title='bbox 3662 4206 3754 4256; x_wconf 73' lang='lat' dir='ltr'><strong>Oa-</strong></span> 
     </span>
    </p>
   </div>
   <div class='ocr_carea' id='block_1_91' title="bbox 2168 4277 3760 4368">
    <p class='ocr_par' dir='ltr' id='par_1_91' title="bbox 2168 4277 3760 4368">
     <span class='ocr_line' id='line_1_91' title="bbox 2168 4277 3760 4368; baseline 0.016 -40"><span class='ocrx_word' id='word_1_665' title='bbox 2168 4277 2307 4343; x_wconf 88' lang='grc' dir='ltr'>σίαν,</span> <span class='ocrx_word' id='word_1_666' title='bbox 2363 4282 2454 4332; x_wconf 78' lang='grc' dir='ltr'><strong>καὶ</strong></span> <span class='ocrx_word' id='word_1_667' title='bbox 2511 4287 2645 4354; x_wconf 84' lang='grc' dir='ltr'>τιμῇ</span> <span class='ocrx_word' id='word_1_668' title='bbox 2714 4286 2935 4356; x_wconf 52' lang='lat' dir='ltr'><strong>suam;</strong></span> <span class='ocrx_word' id='word_1_669' title='bbox 2965 4294 3029 4359; x_wconf 81' lang='grc' dir='ltr'>τῇ</span> <span class='ocrx_word' id='word_1_670' title='bbox 3069 4292 3222 4363; x_wconf 78' lang='grc' dir='ltr'>θεῖκῇ</span> <span class='ocrx_word' id='word_1_671' title='bbox 3274 4297 3339 4348; x_wconf 75' lang='grc' dir='ltr'>τὸ</span> <span class='ocrx_word' id='word_1_672' title='bbox 3387 4298 3760 4368; x_wconf 56' lang='grc' dir='ltr'>ἀνθρθὺπινον.</span> 
     </span>
    </p>
   </div>
   <div class='ocr_carea' id='block_1_92' title="bbox 489 4363 2077 4458">
    <p class='ocr_par' dir='ltr' id='par_1_92' title="bbox 489 4363 2058 4438">
     <span class='ocr_line' id='line_1_92' title="bbox 489 4363 2058 4438; baseline 0.006 -23"><span class='ocrx_word' id='word_1_673' title='bbox 489 4363 689 4427; x_wconf 81' lang='lat' dir='ltr'><strong>adfuit,</strong></span> <span class='ocrx_word' id='word_1_674' title='bbox 727 4378 757 4415; x_wconf 88' lang='lat' dir='ltr'><strong>a</strong></span> <span class='ocrx_word' id='word_1_675' title='bbox 790 4365 950 4417; x_wconf 87' lang='lat' dir='ltr'><strong>nobis</strong></span> <span class='ocrx_word' id='word_1_676' title='bbox 985 4379 1208 4432; x_wconf 77' lang='lat' dir='ltr'><strong>peregre</strong></span> <span class='ocrx_word' id='word_1_677' title='bbox 1249 4382 1356 4419; x_wconf 89' lang='lat' dir='ltr'><strong>non</strong></span> <span class='ocrx_word' id='word_1_678' title='bbox 1408 4368 1700 4423; x_wconf 86' lang='lat' dir='ltr'><strong>discedens</strong></span> <span class='ocrx_word' id='word_1_679' title='bbox 1756 4381 1863 4438; x_wconf 64' lang='lat' dir='ltr'><strong>(est</strong></span> <span class='ocrx_word' id='word_1_680' title='bbox 1914 4374 2058 4425; x_wconf 85' lang='lat' dir='ltr'><strong>enim</strong></span> 
     </span>
    </p>
   </div>
   <div class='ocr_carea' id='block_1_93' title="bbox 2166 4363 3758 4458">
    <p class='ocr_par' dir='ltr' id='par_1_93' title="bbox 2167 4363 3758 4458">
     <span class='ocr_line' id='line_1_93' title="bbox 2167 4363 3758 4458; baseline 0.013 -37"><span class='ocrx_word' id='word_1_681' title='bbox 2167 4370 2317 4431; x_wconf 87' lang='grc' dir='ltr'>τέλος</span> <span class='ocrx_word' id='word_1_682' title='bbox 2350 4375 2462 4435; x_wconf 87' lang='grc' dir='ltr'>τοῖς</span> <span class='ocrx_word' id='word_1_683' title='bbox 2494 4377 2921 4445; x_wconf 80' lang='grc' dir='ltr'>καταλλαγεῖσιν</span> <span class='ocrx_word' id='word_1_684' title='bbox 2969 4383 3103 4452; x_wconf 78' lang='grc' dir='ltr'>ἡμῖν</span> <span class='ocrx_word' id='word_1_685' title='bbox 3138 4384 3207 4437; x_wconf 79' lang='grc' dir='ltr'>δι’</span> <span class='ocrx_word' id='word_1_686' title='bbox 3257 4386 3436 4441; x_wconf 76' lang='grc' dir='ltr'>αὐτοῦ</span> <span class='ocrx_word' id='word_1_687' title='bbox 3468 4363 3549 4458; x_wconf 73' lang='grc' dir='ltr'><strong>τῷ</strong></span> <span class='ocrx_word' id='word_1_688' title='bbox 3589 4392 3758 4457; x_wconf 77' lang='grc' dir='ltr'>Πατρὶ</span> 
     </span>
    </p>
   </div>
   <div class='ocr_carea' id='block_1_94' title="bbox 485 4455 2058 4530">
    <p class='ocr_par' dir='ltr' id='par_1_94' title="bbox 485 4455 2058 4530">
     <span class='ocr_line' id='line_1_94' title="bbox 485 4455 2058 4530; baseline 0.005 -23"><span class='ocrx_word' id='word_1_689' title='bbox 485 4455 705 4521; x_wconf 89' lang='lat' dir='ltr'><strong>ubique,</strong></span> <span class='ocrx_word' id='word_1_690' title='bbox 736 4466 794 4507; x_wconf 88' lang='lat' dir='ltr'><strong>ut</strong></span> <span class='ocrx_word' id='word_1_691' title='bbox 840 4455 1023 4507; x_wconf 90' lang='lat' dir='ltr'><strong>omnia</strong></span> <span class='ocrx_word' id='word_1_692' title='bbox 1066 4472 1280 4523; x_wconf 87' lang='lat' dir='ltr'><strong>semper</strong></span> <span class='ocrx_word' id='word_1_693' title='bbox 1324 4458 1609 4513; x_wconf 80' lang='lat' dir='ltr'><strong>vivificaris</strong></span> <span class='ocrx_word' id='word_1_694' title='bbox 1644 4470 1695 4512; x_wconf 86' lang='lat' dir='ltr'><strong>et</strong></span> <span class='ocrx_word' id='word_1_695' title='bbox 1721 4471 2058 4530; x_wconf 86' lang='lat' dir='ltr'><strong>continens),</strong></span> 
     </span>
    </p>
   </div>
   <div class='ocr_carea' id='block_1_95' title="bbox 487 4546 2063 4621">
    <p class='ocr_par' dir='ltr' id='par_1_95' title="bbox 487 4546 2063 4621">
     <span class='ocr_line' id='line_1_95' title="bbox 487 4546 2063 4621; baseline 0.006 -21"><span class='ocrx_word' id='word_1_696' title='bbox 487 4546 581 4600; x_wconf 84' lang='lat' dir='ltr'><strong>sed</strong></span> <span class='ocrx_word' id='word_1_697' title='bbox 639 4548 878 4615; x_wconf 79' lang='lat' dir='ltr'><strong>seipsum</strong></span> <span class='ocrx_word' id='word_1_698' title='bbox 938 4548 1320 4615; x_wconf 81' lang='lat' dir='ltr'><strong>manifestans,</strong></span> <span class='ocrx_word' id='word_1_699' title='bbox 1359 4559 1413 4619; x_wconf 86' lang='lat' dir='ltr'><strong>et</strong></span> <span class='ocrx_word' id='word_1_700' title='bbox 1469 4553 1731 4621; x_wconf 78' lang='lat' dir='ltr'><strong>purgatis,</strong></span> <span class='ocrx_word' id='word_1_701' title='bbox 1783 4562 2063 4609; x_wconf 86' lang='lat' dir='ltr'><strong>transmu-</strong></span> 
     </span>
    </p>
   </div>
   <div class='ocr_carea' id='block_1_96' title="bbox 490 4636 2063 4710">
    <p class='ocr_par' dir='ltr' id='par_1_96' title="bbox 490 4636 2063 4710">
     <span class='ocr_line' id='line_1_96' title="bbox 490 4636 2063 4710; baseline 0.007 -19"><span class='ocrx_word' id='word_1_702' title='bbox 490 4637 730 4706; x_wconf 85' lang='lat' dir='ltr'><strong>talisque</strong></span> <span class='ocrx_word' id='word_1_703' title='bbox 791 4653 886 4706; x_wconf 82' lang='lat' dir='ltr'><strong>per</strong></span> <span class='ocrx_word' id='word_1_704' title='bbox 941 4636 1136 4692; x_wconf 76' lang='lat' dir='ltr'><strong>Filium</strong></span> <span class='ocrx_word' id='word_1_705' title='bbox 1206 4640 1386 4696; x_wconf 86' lang='lat' dir='ltr'><strong>Patris</strong></span> <span class='ocrx_word' id='word_1_706' title='bbox 1447 4644 1791 4710; x_wconf 81' lang='lat' dir='ltr'><strong>beneplacito</strong></span> <span class='ocrx_word' id='word_1_707' title='bbox 1852 4658 1905 4700; x_wconf 82' lang='lat' dir='ltr'><strong>et</strong></span> <span class='ocrx_word' id='word_1_708' title='bbox 1954 4652 2063 4702; x_wconf 88' lang='lat' dir='ltr'><strong>vir-</strong></span> 
     </span>
    </p>
   </div>
   <div class='ocr_carea' id='block_1_97' title="bbox 490 4731 2057 4811">
    <p class='ocr_par' dir='ltr' id='par_1_97' title="bbox 490 4731 2057 4811">
     <span class='ocr_line' id='line_1_97' title="bbox 490 4731 2057 4811; baseline 0.01 -30"><span class='ocrx_word' id='word_1_709' title='bbox 490 4741 608 4785; x_wconf 88' lang='lat' dir='ltr'><strong>tute</strong></span> <span class='ocrx_word' id='word_1_710' title='bbox 659 4731 904 4799; x_wconf 88' lang='lat' dir='ltr'><strong>propria,</strong></span> <span class='ocrx_word' id='word_1_711' title='bbox 935 4740 994 4784; x_wconf 89' lang='lat' dir='ltr'><strong>ut</strong></span> <span class='ocrx_word' id='word_1_712' title='bbox 1029 4732 1077 4785; x_wconf 88' lang='lat' dir='ltr'><strong>ei</strong></span> <span class='ocrx_word' id='word_1_713' title='bbox 1112 4734 1602 4791; x_wconf 82' lang='lat' dir='ltr'><strong>consubstantialis</strong></span> <span class='ocrx_word' id='word_1_714' title='bbox 1625 4746 1680 4792; x_wconf 90' lang='lat' dir='ltr'><strong>et</strong></span> <span class='ocrx_word' id='word_1_715' title='bbox 1708 4750 2057 4811; x_wconf 86' lang='lat' dir='ltr'><strong>cooperator,</strong></span> 
     </span>
    </p>
   </div>
   <div class='ocr_carea' id='block_1_98' title="bbox 490 4823 2066 4902">
    <p class='ocr_par' dir='ltr' id='par_1_98' title="bbox 490 4823 2066 4902">
     <span class='ocr_line' id='line_1_98' title="bbox 490 4823 2066 4902; baseline 0.01 -27"><span class='ocrx_word' id='word_1_716' title='bbox 490 4823 692 4877; x_wconf 64' lang='lat' dir='ltr'><strong>clarius</strong></span> <span class='ocrx_word' id='word_1_717' title='bbox 727 4829 782 4876; x_wconf 87' lang='lat' dir='ltr'><strong>et</strong></span> <span class='ocrx_word' id='word_1_718' title='bbox 816 4823 1123 4877; x_wconf 88' lang='lat' dir='ltr'><strong>evidentius</strong></span> <span class='ocrx_word' id='word_1_719' title='bbox 1153 4840 1275 4880; x_wconf 89' lang='lat' dir='ltr'><strong>sese</strong></span> <span class='ocrx_word' id='word_1_720' title='bbox 1310 4826 1719 4894; x_wconf 83' lang='lat' dir='ltr'><strong>demonstrans,</strong></span> <span class='ocrx_word' id='word_1_721' title='bbox 1754 4841 1808 4886; x_wconf 89' lang='lat' dir='ltr'><strong>et</strong></span> <span class='ocrx_word' id='word_1_722' title='bbox 1858 4835 2066 4902; x_wconf 83' lang='lat' dir='ltr'><strong>patefa-</strong></span> 
     </span>
    </p>
   </div>
   <div class='ocr_carea' id='block_1_99' title="bbox 490 4915 2065 4998">
    <p class='ocr_par' dir='ltr' id='par_1_99' title="bbox 490 4915 2065 4998">
     <span class='ocr_line' id='line_1_99' title="bbox 490 4915 2065 4998; baseline 0.01 -31"><span class='ocrx_word' id='word_1_723' title='bbox 490 4915 685 4981; x_wconf 75' lang='lat' dir='ltr'><strong>ciens;</strong></span> <span class='ocrx_word' id='word_1_724' title='bbox 747 4924 943 4983; x_wconf 72' lang='lat' dir='ltr'><strong>atque,</strong></span> <span class='ocrx_word' id='word_1_725' title='bbox 994 4923 1053 4969; x_wconf 87' lang='lat' dir='ltr'><strong>ut</strong></span> <span class='ocrx_word' id='word_1_726' title='bbox 1106 4917 1176 4971; x_wconf 89' lang='lat' dir='ltr'><strong>ita</strong></span> <span class='ocrx_word' id='word_1_727' title='bbox 1208 4917 1413 4984; x_wconf 84' lang='lat' dir='ltr'><strong>dicam,</strong></span> <span class='ocrx_word' id='word_1_728' title='bbox 1450 4930 1596 4977; x_wconf 82' lang='lat' dir='ltr'><strong>totus</strong></span> <span class='ocrx_word' id='word_1_729' title='bbox 1647 4923 1702 4977; x_wconf 92' lang='lat' dir='ltr'><strong>in</strong></span> <span class='ocrx_word' id='word_1_730' title='bbox 1765 4925 1927 4982; x_wconf 85' lang='lat' dir='ltr'><strong>nobis</strong></span> <span class='ocrx_word' id='word_1_731' title='bbox 1971 4943 2065 4998; x_wconf 87' lang='lat' dir='ltr'><strong>per</strong></span> 
     </span>
    </p>
   </div>
   <div class='ocr_carea' id='block_1_100' title="bbox 492 5004 2065 5090">
    <p class='ocr_par' dir='ltr' id='par_1_100' title="bbox 492 5004 2065 5090">
     <span class='ocr_line' id='line_1_100' title="bbox 492 5004 2065 5090; baseline 0.011 -32"><span class='ocrx_word' id='word_1_732' title='bbox 492 5006 724 5076; x_wconf 76' lang='lat' dir='ltr'><strong>gratiam</strong></span> <span class='ocrx_word' id='word_1_733' title='bbox 758 5004 1094 5073; x_wconf 83' lang='lat' dir='ltr'><strong>inhabitans,</strong></span> <span class='ocrx_word' id='word_1_734' title='bbox 1124 5018 1179 5064; x_wconf 91' lang='lat' dir='ltr'><strong>et</strong></span> <span class='ocrx_word' id='word_1_735' title='bbox 1223 5010 1276 5062; x_wconf 91' lang='lat' dir='ltr'><strong>in</strong></span> <span class='ocrx_word' id='word_1_736' title='bbox 1316 5027 1647 5082; x_wconf 87' lang='lat' dir='ltr'><strong>unoquoque</strong></span> <span class='ocrx_word' id='word_1_737' title='bbox 1684 5016 1917 5082; x_wconf 86' lang='lat' dir='ltr'><strong>divisus,</strong></span> <span class='ocrx_word' id='word_1_738' title='bbox 1949 5021 2065 5090; x_wconf 86' lang='lat' dir='ltr'><strong>ipse</strong></span> 
     </span>
    </p>
   </div>
   <div class='ocr_carea' id='block_1_101' title="bbox 494 5096 2064 5179">
    <p class='ocr_par' dir='ltr' id='par_1_101' title="bbox 494 5096 2064 5179">
     <span class='ocr_line' id='line_1_101' title="bbox 494 5096 2064 5179; baseline 0.012 -29"><span class='ocrx_word' id='word_1_739' title='bbox 494 5109 675 5151; x_wconf 88' lang='lat' dir='ltr'><strong>tamen</strong></span> <span class='ocrx_word' id='word_1_740' title='bbox 711 5096 981 5152; x_wconf 68' lang='lat' dir='ltr'><strong>indivisus</strong></span> <span class='ocrx_word' id='word_1_741' title='bbox 1039 5116 1388 5169; x_wconf 89' lang='lat' dir='ltr'><strong>permanens.</strong></span> <span class='ocrx_word' id='word_1_742' title='bbox 1441 5104 1651 5174; x_wconf 85' lang='lat' dir='ltr'><strong>Gratia,</strong></span> <span class='ocrx_word' id='word_1_743' title='bbox 1697 5120 1755 5162; x_wconf 89' lang='lat' dir='ltr'><strong>ut</strong></span> <span class='ocrx_word' id='word_1_744' title='bbox 1800 5112 2064 5179; x_wconf 80' lang='lat' dir='ltr'><strong>diximus,</strong></span> 
     </span>
    </p>
   </div>
   <div class='ocr_carea' id='block_1_102' title="bbox 452 5185 2065 5261">
    <p class='ocr_par' dir='ltr' id='par_1_102' title="bbox 452 5185 2065 5261">
     <span class='ocr_line' id='line_1_102' title="bbox 452 5185 2065 5261; baseline 0.011 -24"><span class='ocrx_word' id='word_1_745' title='bbox 452 5216 457 5221; x_wconf 58' lang='grc' dir='ltr'><strong><em>μ</em></strong></span> <span class='ocrx_word' id='word_1_746' title='bbox 502 5185 810 5249; x_wconf 85' lang='lat' dir='ltr'><strong>inhabitat,</strong></span> <span class='ocrx_word' id='word_1_747' title='bbox 850 5201 953 5240; x_wconf 89' lang='lat' dir='ltr'><strong>non</strong></span> <span class='ocrx_word' id='word_1_748' title='bbox 1018 5195 1201 5241; x_wconf 82' lang='lat' dir='ltr'><strong>tamen</strong></span> <span class='ocrx_word' id='word_1_749' title='bbox 1253 5194 1657 5261; x_wconf 83' lang='lat' dir='ltr'><strong>personaliter,</strong></span> <span class='ocrx_word' id='word_1_750' title='bbox 1692 5195 1824 5251; x_wconf 83' lang='lat' dir='ltr'><strong>licet</strong></span> <span class='ocrx_word' id='word_1_751' title='bbox 1867 5211 2065 5255; x_wconf 84' lang='lat' dir='ltr'><strong>natura</strong></span> 
     </span>
    </p>
   </div>
   <div class='ocr_carea' id='block_1_103' title="bbox 497 5277 2066 5352">
    <p class='ocr_par' dir='ltr' id='par_1_103' title="bbox 497 5277 2066 5352">
     <span class='ocr_line' id='line_1_103' title="bbox 497 5277 2066 5352; baseline 0.01 -23"><span class='ocrx_word' id='word_1_752' title='bbox 497 5292 741 5346; x_wconf 70' lang='lat' dir='ltr'><strong>praesens</strong></span> <span class='ocrx_word' id='word_1_753' title='bbox 799 5278 872 5332; x_wconf 86' lang='lat' dir='ltr'><strong>sit</strong></span> <span class='ocrx_word' id='word_1_754' title='bbox 918 5277 1145 5348; x_wconf 80' lang='lat' dir='ltr'><strong>ubique,</strong></span> <span class='ocrx_word' id='word_1_755' title='bbox 1198 5290 1251 5335; x_wconf 84' lang='lat' dir='ltr'><strong>et</strong></span> <span class='ocrx_word' id='word_1_756' title='bbox 1307 5298 1474 5350; x_wconf 87' lang='lat' dir='ltr'><strong>super</strong></span> <span class='ocrx_word' id='word_1_757' title='bbox 1532 5286 1714 5341; x_wconf 84' lang='lat' dir='ltr'><strong>omnia</strong></span> <span class='ocrx_word' id='word_1_758' title='bbox 1748 5327 1763 5352; x_wconf 93' lang='lat'><strong>,</strong></span> <span class='ocrx_word' id='word_1_759' title='bbox 1818 5289 2066 5346; x_wconf 82' lang='lat' dir='ltr'><strong>infinitus</strong></span> 
     </span>
    </p>
   </div>
   <div class='ocr_carea' id='block_1_104' title="bbox 494 5367 2067 5450">
    <p class='ocr_par' dir='ltr' id='par_1_104' title="bbox 494 5367 2067 5450">
     <span class='ocr_line' id='line_1_104' title="bbox 494 5367 2067 5450; baseline 0.011 -31"><span class='ocrx_word' id='word_1_760' title='bbox 494 5368 794 5421; x_wconf 82' lang='lat' dir='ltr'><strong>exsistcns.</strong></span> <span class='ocrx_word' id='word_1_761' title='bbox 832 5367 949 5424; x_wconf 85' lang='lat' dir='ltr'><strong>Non</strong></span> <span class='ocrx_word' id='word_1_762' title='bbox 976 5372 1120 5425; x_wconf 87' lang='lat' dir='ltr'><strong>enim</strong></span> <span class='ocrx_word' id='word_1_763' title='bbox 1151 5387 1383 5442; x_wconf 84' lang='lat' dir='ltr'><strong>persona</strong></span> <span class='ocrx_word' id='word_1_764' title='bbox 1406 5376 1743 5443; x_wconf 66' lang='lat' dir='ltr'><strong>ineat-natur,</strong></span> <span class='ocrx_word' id='word_1_765' title='bbox 1777 5391 1943 5450; x_wconf 80' lang='lat' dir='ltr'><strong>atque</strong></span> <span class='ocrx_word' id='word_1_766' title='bbox 1967 5397 2067 5436; x_wconf 84' lang='lat' dir='ltr'><strong>no-</strong></span> 
     </span>
    </p>
   </div>
   <div class='ocr_carea' id='block_1_105' title="bbox 491 5458 2066 5539">
    <p class='ocr_par' dir='ltr' id='par_1_105' title="bbox 491 5458 2066 5539">
     <span class='ocr_line' id='line_1_105' title="bbox 491 5458 2066 5539; baseline 0.011 -28"><span class='ocrx_word' id='word_1_767' title='bbox 491 5458 581 5511; x_wconf 86' lang='lat' dir='ltr'><strong>bis</strong></span> <span class='ocrx_word' id='word_1_768' title='bbox 608 5459 768 5532; x_wconf 68' lang='lat' dir='ltr'><strong>inest,</strong></span> <span class='ocrx_word' id='word_1_769' title='bbox 795 5459 939 5513; x_wconf 88' lang='lat' dir='ltr'><strong>sicut</strong></span> <span class='ocrx_word' id='word_1_770' title='bbox 971 5476 1074 5517; x_wconf 89' lang='lat' dir='ltr'><strong>nec</strong></span> <span class='ocrx_word' id='word_1_771' title='bbox 1103 5463 1286 5531; x_wconf 82' lang='lat' dir='ltr'><strong>Pater,</strong></span> <span class='ocrx_word' id='word_1_772' title='bbox 1320 5466 1415 5522; x_wconf 86' lang='lat' dir='ltr'><strong>sed</strong></span> <span class='ocrx_word' id='word_1_773' title='bbox 1449 5482 1546 5536; x_wconf 88' lang='lat' dir='ltr'><strong>per</strong></span> <span class='ocrx_word' id='word_1_774' title='bbox 1574 5472 2066 5539; x_wconf 62' lang='lat' dir='ltr'><strong>gratiamiinnobis</strong></span> 
     </span>
    </p>
   </div>
   <div class='ocr_carea' id='block_1_106' title="bbox 493 5549 2067 5627">
    <p class='ocr_par' dir='ltr' id='par_1_106' title="bbox 493 5549 2067 5627">
     <span class='ocr_line' id='line_1_106' title="bbox 493 5549 2067 5627; baseline 0.011 -26"><span class='ocrx_word' id='word_1_775' title='bbox 493 5557 545 5601; x_wconf 90' lang='lat' dir='ltr'><strong>et</strong></span> <span class='ocrx_word' id='word_1_776' title='bbox 574 5549 865 5616; x_wconf 88' lang='lat' dir='ltr'><strong>inhabitat,</strong></span> <span class='ocrx_word' id='word_1_777' title='bbox 889 5562 941 5604; x_wconf 90' lang='lat' dir='ltr'><strong>et</strong></span> <span class='ocrx_word' id='word_1_778' title='bbox 971 5566 1170 5617; x_wconf 89' lang='lat' dir='ltr'><strong>manet,</strong></span> <span class='ocrx_word' id='word_1_779' title='bbox 1197 5566 1249 5610; x_wconf 90' lang='lat' dir='ltr'><strong>et</strong></span> <span class='ocrx_word' id='word_1_780' title='bbox 1278 5569 1558 5627; x_wconf 85' lang='lat' dir='ltr'><strong>operatur.</strong></span> <span class='ocrx_word' id='word_1_781' title='bbox 1594 5560 1754 5615; x_wconf 73' lang='lat' dir='ltr'><strong>Solus</strong></span> <span class='ocrx_word' id='word_1_782' title='bbox 1786 5562 1954 5618; x_wconf 80' lang='lat' dir='ltr'><strong>Filius</strong></span> <span class='ocrx_word' id='word_1_783' title='bbox 1988 5567 2067 5618; x_wconf 90' lang='lat' dir='ltr'><strong>in-</strong></span> 
     </span>
    </p>
   </div>
   <div class='ocr_carea' id='block_1_107' title="bbox 494 5633 2065 5720">
    <p class='ocr_par' dir='ltr' id='par_1_107' title="bbox 494 5633 2065 5720">
     <span class='ocr_line' id='line_1_107' title="bbox 494 5633 2065 5720; baseline 0.011 -25"><span class='ocrx_word' id='word_1_784' title='bbox 494 5650 756 5696; x_wconf 82' lang='lat' dir='ltr'><strong>carnatus</strong></span> <span class='ocrx_word' id='word_1_785' title='bbox 773 5651 878 5709; x_wconf 89' lang='lat' dir='ltr'><strong>est,</strong></span> <span class='ocrx_word' id='word_1_786' title='bbox 906 5643 957 5696; x_wconf 92' lang='lat' dir='ltr'><strong>in</strong></span> <span class='ocrx_word' id='word_1_787' title='bbox 996 5645 1155 5701; x_wconf 89' lang='lat' dir='ltr'><strong>nobis</strong></span> <span class='ocrx_word' id='word_1_788' title='bbox 1187 5633 1363 5704; x_wconf 66' lang='lat' dir='ltr'><strong>tamen</strong></span> <span class='ocrx_word' id='word_1_789' title='bbox 1386 5656 1750 5720; x_wconf 65' lang='lat' dir='ltr'><strong>personaliter</strong></span> <span class='ocrx_word' id='word_1_790' title='bbox 1774 5672 1882 5709; x_wconf 87' lang='lat' dir='ltr'><strong>non</strong></span> <span class='ocrx_word' id='word_1_791' title='bbox 1912 5657 2065 5712; x_wconf 86' lang='lat' dir='ltr'><strong>habi-</strong></span> 
     </span>
    </p>
   </div>
   <div class='ocr_carea' id='block_1_108' title="bbox 2164 4462 3758 4552">
    <p class='ocr_par' dir='ltr' id='par_1_108' title="bbox 2164 4462 3758 4552">
     <span class='ocr_line' id='line_1_108' title="bbox 2164 4462 3758 4552; baseline 0.013 -40"><span class='ocrx_word' id='word_1_792' title='bbox 2164 4462 2265 4552; x_wconf 84' lang='grc' dir='ltr'>τὴν</span> <span class='ocrx_word' id='word_1_793' title='bbox 2317 4465 2844 4539; x_wconf 78' lang='grc' dir='ltr'>τελεωτέραν.χάριν</span> <span class='ocrx_word' id='word_1_794' title='bbox 2890 4474 3201 4549; x_wconf 77' lang='grc' dir='ltr'>ἀπέστειλε.</span> <span class='ocrx_word' id='word_1_795' title='bbox 3234 4479 3355 4532; x_wconf 84' lang='grc' dir='ltr'><strong>Καὶ</strong></span> <span class='ocrx_word' id='word_1_796' title='bbox 3386 4466 3423 4551; x_wconf 13' lang='grc' dir='ltr'><strong>ὴν</strong></span> <span class='ocrx_word' id='word_1_797' title='bbox 3457 4484 3613 4552; x_wconf 82' lang='grc' dir='ltr'>πηγὴ</span> <span class='ocrx_word' id='word_1_798' title='bbox 3647 4482 3758 4535; x_wconf 87' lang='grc' dir='ltr'><strong>τῶν</strong></span> 
     </span>
    </p>
   </div>
   <div class='ocr_carea' id='block_1_109' title="bbox 2163 4551 3759 4643">
    <p class='ocr_par' dir='ltr' id='par_1_109' title="bbox 2163 4551 3759 4643">
     <span class='ocr_line' id='line_1_109' title="bbox 2163 4551 3759 4643; baseline 0.013 -38"><span class='ocrx_word' id='word_1_799' title='bbox 2163 4551 2508 4624; x_wconf 71' lang='grc' dir='ltr'>δωρημάτων</span> <span class='ocrx_word' id='word_1_800' title='bbox 2562 4561 2692 4629; x_wconf 81' lang='grc' dir='ltr'>ἡμῖν</span> <span class='ocrx_word' id='word_1_801' title='bbox 2724 4564 2753 4615; x_wconf 81' lang='grc' dir='ltr'>ὁ</span> <span class='ocrx_word' id='word_1_802' title='bbox 2794 4564 3159 4635; x_wconf 81' lang='grc' dir='ltr'>Ἠαράκλητος</span> <span class='ocrx_word' id='word_1_803' title='bbox 3211 4551 3611 4643; x_wconf 77' lang='grc' dir='ltr'>ἐπεδήμησεν,</span> <span class='ocrx_word' id='word_1_804' title='bbox 3659 4573 3759 4626; x_wconf 80' lang='grc' dir='ltr'><strong>οὐκ</strong></span> 
     </span>
    </p>
   </div>
   <div class='ocr_carea' id='block_1_110' title="bbox 2165 4645 3759 4731">
    <p class='ocr_par' dir='ltr' id='par_1_110' title="bbox 2165 4645 3759 4731">
     <span class='ocr_line' id='line_1_110' title="bbox 2165 4645 3759 4731; baseline 0.014 -35"><span class='ocrx_word' id='word_1_805' title='bbox 2165 4645 2485 4717; x_wconf 84' lang='grc' dir='ltr'>ἀποδημῶν,</span> <span class='ocrx_word' id='word_1_806' title='bbox 2517 4653 2612 4703; x_wconf 80' lang='grc' dir='ltr'><strong>καὶ</strong></span> <span class='ocrx_word' id='word_1_807' title='bbox 2640 4654 2748 4723; x_wconf 81' lang='grc' dir='ltr'>γάρ</span> <span class='ocrx_word' id='word_1_808' title='bbox 2780 4656 2896 4708; x_wconf 89' lang='grc' dir='ltr'>ἐστι</span> <span class='ocrx_word' id='word_1_809' title='bbox 2951 4660 3253 4730; x_wconf 75' lang='grc' dir='ltr'>πανταχοῦ,</span> <span class='ocrx_word' id='word_1_810' title='bbox 3285 4663 3365 4727; x_wconf 84' lang='grc' dir='ltr'>ὡς</span> <span class='ocrx_word' id='word_1_811' title='bbox 3402 4666 3589 4720; x_wconf 83' lang='grc' dir='ltr'>πάντα</span> <span class='ocrx_word' id='word_1_812' title='bbox 3623 4665 3759 4731; x_wconf 78' lang='grc' dir='ltr'>ζωο-</span> 
     </span>
    </p>
   </div>
   <div class='ocr_carea' id='block_1_111' title="bbox 2165 4738 3760 4823">
    <p class='ocr_par' dir='ltr' id='par_1_111' title="bbox 2165 4738 3760 4823">
     <span class='ocr_line' id='line_1_111' title="bbox 2165 4738 3760 4823; baseline 0.013 -35"><span class='ocrx_word' id='word_1_813' title='bbox 2165 4738 2340 4803; x_wconf 86' lang='grc' dir='ltr'>γονῶν</span> <span class='ocrx_word' id='word_1_814' title='bbox 2372 4742 2468 4792; x_wconf 64' lang='grc' dir='ltr'><strong>καὶ</strong></span> <span class='ocrx_word' id='word_1_815' title='bbox 2500 4744 2766 4813; x_wconf 86' lang='grc' dir='ltr'>συνέχων,</span> <span class='ocrx_word' id='word_1_816' title='bbox 2793 4746 2927 4800; x_wconf 78' lang='grc' dir='ltr'>ἀλλὰ</span> <span class='ocrx_word' id='word_1_817' title='bbox 2957 4752 3211 4820; x_wconf 78' lang='grc' dir='ltr'>φανερῶν</span> <span class='ocrx_word' id='word_1_818' title='bbox 3263 4753 3498 4823; x_wconf 73' lang='grc' dir='ltr'>ἑαυτὸν,</span> <span class='ocrx_word' id='word_1_819' title='bbox 3534 4757 3629 4810; x_wconf 80' lang='grc' dir='ltr'>καὶ</span> <span class='ocrx_word' id='word_1_820' title='bbox 3654 4759 3760 4819; x_wconf 80' lang='grc' dir='ltr'>τοῖς</span> 
     </span>
    </p>
   </div>
   <div class='ocr_carea' id='block_1_112' title="bbox 2166 4829 3760 4909">
    <p class='ocr_par' dir='ltr' id='par_1_112' title="bbox 2166 4829 3760 4909">
     <span class='ocr_line' id='line_1_112' title="bbox 2166 4829 3760 4909; baseline 0.012 -28"><span class='ocrx_word' id='word_1_821' title='bbox 2166 4829 2490 4900; x_wconf 76' lang='grc' dir='ltr'>καθαρθείσι</span> <span class='ocrx_word' id='word_1_822' title='bbox 2538 4836 2633 4889; x_wconf 77' lang='grc' dir='ltr'>καὶ</span> <span class='ocrx_word' id='word_1_823' title='bbox 2683 4838 3140 4909; x_wconf 84' lang='grc' dir='ltr'>ἀναμορφωθείσι</span> <span class='ocrx_word' id='word_1_824' title='bbox 3173 4843 3266 4898; x_wconf 84' lang='grc' dir='ltr'>διὰ</span> <span class='ocrx_word' id='word_1_825' title='bbox 3324 4846 3453 4900; x_wconf 77' lang='grc' dir='ltr'>τοῦ,</span> <span class='ocrx_word' id='word_1_826' title='bbox 3484 4848 3623 4902; x_wconf 86' lang='grc' dir='ltr'>Υἱοῦ</span> <span class='ocrx_word' id='word_1_827' title='bbox 3669 4845 3760 4902; x_wconf 69' lang='grc' dir='ltr'>τοῦ</span> 
     </span>
    </p>
   </div>
   <div class='ocr_carea' id='block_1_113' title="bbox 2169 4924 3759 5011">
    <p class='ocr_par' dir='ltr' id='par_1_113' title="bbox 2169 4924 3759 5011">
     <span class='ocr_line' id='line_1_113' title="bbox 2169 4924 3759 5011; baseline 0.013 -38"><span class='ocrx_word' id='word_1_828' title='bbox 2169 4924 2384 4992; x_wconf 77' lang='grc' dir='ltr'>Πατρδς</span> <span class='ocrx_word' id='word_1_829' title='bbox 2418 4926 2659 4999; x_wconf 70' lang='grc' dir='ltr'>εὐδοκία,</span> <span class='ocrx_word' id='word_1_830' title='bbox 2689 4932 2782 4984; x_wconf 76' lang='grc' dir='ltr'>καὶ</span> <span class='ocrx_word' id='word_1_831' title='bbox 2815 4935 3081 5006; x_wconf 68' lang='grc' dir='ltr'><strong>συνεργίᾳΔ</strong></span> <span class='ocrx_word' id='word_1_832' title='bbox 3114 4936 3244 5007; x_wconf 74' lang='grc' dir='ltr'>ἰδίᾳ,</span> <span class='ocrx_word' id='word_1_833' title='bbox 3270 4937 3351 5001; x_wconf 83' lang='grc' dir='ltr'>ὡς</span> <span class='ocrx_word' id='word_1_834' title='bbox 3400 4944 3673 5011; x_wconf 81' lang='grc' dir='ltr'>συμφυής</span> <span class='ocrx_word' id='word_1_835' title='bbox 3702 4957 3759 4994; x_wconf 86' lang='grc' dir='ltr'><strong>τε</strong></span> 
     </span>
    </p>
   </div>
   <div class='ocr_carea' id='block_1_114' title="bbox 2166 5015 3760 5101">
    <p class='ocr_par' dir='ltr' id='par_1_114' title="bbox 2166 5015 3760 5101">
     <span class='ocr_line' id='line_1_114' title="bbox 2166 5015 3760 5101; baseline 0.014 -36"><span class='ocrx_word' id='word_1_836' title='bbox 2166 5015 2260 5066; x_wconf 76' lang='grc' dir='ltr'><strong>καὶ</strong></span> <span class='ocrx_word' id='word_1_837' title='bbox 2284 5018 2568 5085; x_wconf 75' lang='grc' dir='ltr'>συνεργὸς,</span> <span class='ocrx_word' id='word_1_838' title='bbox 2587 5021 3023 5095; x_wconf 79' lang='grc' dir='ltr'>ἐμφανιζόμενο;</span> <span class='ocrx_word' id='word_1_839' title='bbox 3047 5029 3477 5101; x_wconf 86' lang='grc' dir='ltr'>ἐναργέστερον,</span> <span class='ocrx_word' id='word_1_840' title='bbox 3502 5036 3602 5088; x_wconf 76' lang='grc' dir='ltr'>καὶ</span> <span class='ocrx_word' id='word_1_841' title='bbox 3623 5036 3760 5099; x_wconf 85' lang='grc' dir='ltr'>ὅλως</span> 
     </span>
    </p>
   </div>
   <div class='ocr_carea' id='block_1_115' title="bbox 2167 5105 3764 5197">
    <p class='ocr_par' dir='ltr' id='par_1_115' title="bbox 2167 5105 3764 5197">
     <span class='ocr_line' id='line_1_115' title="bbox 2167 5105 3764 5197; baseline 0.016 -42"><span class='ocrx_word' id='word_1_842' title='bbox 2167 5105 2241 5167; x_wconf 86' lang='grc' dir='ltr'>ὡς</span> <span class='ocrx_word' id='word_1_843' title='bbox 2269 5108 2445 5159; x_wconf 83' lang='grc' dir='ltr'>εἰπεῖν</span> <span class='ocrx_word' id='word_1_844' title='bbox 2479 5113 2575 5162; x_wconf 78' lang='grc' dir='ltr'>καὶ</span> <span class='ocrx_word' id='word_1_845' title='bbox 2604 5114 2670 5182; x_wconf 83' lang='grc' dir='ltr'>τῇ</span> <span class='ocrx_word' id='word_1_846' title='bbox 2705 5114 2891 5185; x_wconf 82' lang='grc' dir='ltr'>χάριτι</span> <span class='ocrx_word' id='word_1_847' title='bbox 2926 5119 3206 5191; x_wconf 80' lang='grc' dir='ltr'>ἐνσκηνῶν</span> <span class='ocrx_word' id='word_1_848' title='bbox 3241 5123 3346 5175; x_wconf 80' lang='grc' dir='ltr'><strong>καὶ</strong></span> <span class='ocrx_word' id='word_1_849' title='bbox 3391 5126 3764 5197; x_wconf 75' lang='grc' dir='ltr'>μεριζόμενος</span> 
     </span>
    </p>
   </div>
   <div class='ocr_carea' id='block_1_116' title="bbox 2168 5197 3765 5283">
    <p class='ocr_par' dir='ltr' id='par_1_116' title="bbox 2168 5197 3765 5283">
     <span class='ocr_line' id='line_1_116' title="bbox 2168 5197 3765 5283; baseline 0.018 -36"><span class='ocrx_word' id='word_1_850' title='bbox 2168 5197 2225 5248; x_wconf 85' lang='grc' dir='ltr'><strong>ἐν</strong></span> <span class='ocrx_word' id='word_1_851' title='bbox 2274 5199 2512 5271; x_wconf 79' lang='grc' dir='ltr'>ἑκάστῳ,</span> <span class='ocrx_word' id='word_1_852' title='bbox 2559 5206 2655 5256; x_wconf 82' lang='grc' dir='ltr'>καὶ</span> <span class='ocrx_word' id='word_1_853' title='bbox 2690 5208 2870 5275; x_wconf 81' lang='grc' dir='ltr'>μένων</span> <span class='ocrx_word' id='word_1_854' title='bbox 2916 5212 3217 5282; x_wconf 80' lang='grc' dir='ltr'>ἀμέριστός</span> <span class='ocrx_word' id='word_1_855' title='bbox 3262 5229 3327 5266; x_wconf 85' lang='grc' dir='ltr'><strong>τε</strong></span> <span class='ocrx_word' id='word_1_856' title='bbox 3375 5217 3476 5269; x_wconf 80' lang='grc' dir='ltr'>καὶ</span> <span class='ocrx_word' id='word_1_857' title='bbox 3511 5220 3542 5271; x_wconf 84' lang='grc' dir='ltr'><strong><em>ὁ</em></strong></span> <span class='ocrx_word' id='word_1_858' title='bbox 3578 5219 3765 5283; x_wconf 80' lang='grc' dir='ltr'>αὑτός.</span> 
     </span>
    </p>
   </div>
   <div class='ocr_carea' id='block_1_117' title="bbox 2168 5289 3769 5382">
    <p class='ocr_par' dir='ltr' id='par_1_117' title="bbox 2168 5289 3769 5382">
     <span class='ocr_line' id='line_1_117' title="bbox 2168 5289 3769 5382; baseline 0.016 -42"><span class='ocrx_word' id='word_1_859' title='bbox 2168 5289 2245 5359; x_wconf 78' lang='grc' dir='ltr'><strong>Τῇ</strong></span> <span class='ocrx_word' id='word_1_860' title='bbox 2282 5291 2467 5361; x_wconf 77' lang='grc' dir='ltr'>χάριτι</span> <span class='ocrx_word' id='word_1_861' title='bbox 2501 5293 2580 5359; x_wconf 83' lang='grc' dir='ltr'><strong>δέ,</strong></span> <span class='ocrx_word' id='word_1_862' title='bbox 2611 5296 2689 5360; x_wconf 83' lang='grc' dir='ltr'>ὼς</span> <span class='ocrx_word' id='word_1_863' title='bbox 2717 5299 2966 5370; x_wconf 76' lang='grc' dir='ltr'>εἴπομεν,</span> <span class='ocrx_word' id='word_1_864' title='bbox 2993 5305 3266 5374; x_wconf 81' lang='grc' dir='ltr'>ἐνσκηνοτ,</span> <span class='ocrx_word' id='word_1_865' title='bbox 3293 5307 3359 5359; x_wconf 83' lang='grc' dir='ltr'>οὐ</span> <span class='ocrx_word' id='word_1_866' title='bbox 3388 5310 3505 5377; x_wconf 81' lang='grc' dir='ltr'>μὴν</span> <span class='ocrx_word' id='word_1_867' title='bbox 3523 5314 3594 5382; x_wconf 78' lang='grc' dir='ltr'>τῇ</span> <span class='ocrx_word' id='word_1_868' title='bbox 3631 5312 3769 5364; x_wconf 82' lang='grc' dir='ltr'>ὐπο-</span> 
     </span>
    </p>
   </div>
   <div class='ocr_carea' id='block_1_118' title="bbox 2170 5382 3767 5471">
    <p class='ocr_par' dir='ltr' id='par_1_118' title="bbox 2170 5382 3767 5471">
     <span class='ocr_line' id='line_1_118' title="bbox 2170 5382 3767 5471; baseline 0.014 -40"><span class='ocrx_word' id='word_1_869' title='bbox 2170 5382 2383 5448; x_wconf 77' lang='grc' dir='ltr'>σῖάσει,</span> <span class='ocrx_word' id='word_1_870' title='bbox 2409 5384 2457 5436; x_wconf 86' lang='grc' dir='ltr'><strong>εί</strong></span> <span class='ocrx_word' id='word_1_871' title='bbox 2488 5390 2584 5439; x_wconf 66' lang='grc' dir='ltr'>καὶ</span> <span class='ocrx_word' id='word_1_872' title='bbox 2607 5386 2770 5456; x_wconf 83' lang='grc' dir='ltr'>φύσει</span> <span class='ocrx_word' id='word_1_873' title='bbox 2804 5394 2997 5461; x_wconf 84' lang='grc' dir='ltr'>παρών</span> <span class='ocrx_word' id='word_1_874' title='bbox 3026 5396 3142 5447; x_wconf 85' lang='grc' dir='ltr'>ἐστι</span> <span class='ocrx_word' id='word_1_875' title='bbox 3173 5394 3465 5470; x_wconf 65' lang='grc' dir='ltr'>παννέαχοῦ</span> <span class='ocrx_word' id='word_1_876' title='bbox 3496 5407 3592 5455; x_wconf 70' lang='grc' dir='ltr'><strong>καὶ</strong></span> <span class='ocrx_word' id='word_1_877' title='bbox 3622 5402 3767 5471; x_wconf 75' lang='grc' dir='ltr'>ὑπὲρ</span> 
     </span>
    </p>
   </div>
   <div class='ocr_carea' id='block_1_119' title="bbox 2167 5473 3767 5561">
    <p class='ocr_par' dir='ltr' id='par_1_119' title="bbox 2167 5473 3767 5561">
     <span class='ocr_line' id='line_1_119' title="bbox 2167 5473 3767 5561; baseline 0.013 -35"><span class='ocrx_word' id='word_1_878' title='bbox 2167 5473 2227 5526; x_wconf 87' lang='grc' dir='ltr'><strong>τὸ</strong></span> <span class='ocrx_word' id='word_1_879' title='bbox 2277 5476 2408 5541; x_wconf 81' lang='grc' dir='ltr'>πᾶν,</span> <span class='ocrx_word' id='word_1_880' title='bbox 2458 5479 2852 5552; x_wconf 83' lang='grc' dir='ltr'>ἁπεριόριστος</span> <span class='ocrx_word' id='word_1_881' title='bbox 2909 5483 3007 5540; x_wconf 79' lang='grc' dir='ltr'><strong>ὢν.</strong></span> <span class='ocrx_word' id='word_1_882' title='bbox 3045 5487 3122 5539; x_wconf 78' lang='grc' dir='ltr'>Οὐ</span> <span class='ocrx_word' id='word_1_883' title='bbox 3158 5487 3268 5557; x_wconf 80' lang='grc' dir='ltr'>γὰρ</span> <span class='ocrx_word' id='word_1_884' title='bbox 3320 5492 3393 5561; x_wconf 83' lang='grc' dir='ltr'>τῇ</span> <span class='ocrx_word' id='word_1_885' title='bbox 3456 5492 3767 5547; x_wconf 73' lang='grc' dir='ltr'>ὑποστάσει</span> 
     </span>
    </p>
   </div>
   <div class='ocr_carea' id='block_1_120' title="bbox 2169 5564 3767 5653">
    <p class='ocr_par' dir='ltr' id='par_1_120' title="bbox 2169 5564 3767 5653">
     <span class='ocr_line' id='line_1_120' title="bbox 2169 5564 3767 5653; baseline 0.014 -38"><span class='ocrx_word' id='word_1_886' title='bbox 2169 5564 2472 5635; x_wconf 85' lang='grc' dir='ltr'>σαρκοῦται</span> <span class='ocrx_word' id='word_1_887' title='bbox 2503 5572 2596 5622; x_wconf 79' lang='grc' dir='ltr'><strong>καὶ</strong></span> <span class='ocrx_word' id='word_1_888' title='bbox 2627 5574 2685 5625; x_wconf 81' lang='grc' dir='ltr'><strong>ἐν</strong></span> <span class='ocrx_word' id='word_1_889' title='bbox 2710 5574 2844 5643; x_wconf 81' lang='grc' dir='ltr'>ἡμῖν</span> <span class='ocrx_word' id='word_1_890' title='bbox 2865 5576 3097 5643; x_wconf 81' lang='grc' dir='ltr'>γίνεται,</span> <span class='ocrx_word' id='word_1_891' title='bbox 3124 5578 3318 5649; x_wconf 79' lang='grc' dir='ltr'>ὥσπερ</span> <span class='ocrx_word' id='word_1_892' title='bbox 3345 5580 3463 5633; x_wconf 71' lang='grc' dir='ltr'>οὐδ’</span> <span class='ocrx_word' id='word_1_893' title='bbox 3484 5585 3515 5635; x_wconf 90' lang='grc' dir='ltr'><strong>ό</strong></span> <span class='ocrx_word' id='word_1_894' title='bbox 3550 5584 3767 5653; x_wconf 83' lang='grc' dir='ltr'>Πατήρ.</span> 
     </span>
    </p>
   </div>
   <div class='ocr_carea' id='block_1_121' title="bbox 2183 5656 3766 5743">
    <p class='ocr_par' dir='ltr' id='par_1_121' title="bbox 2183 5656 3766 5743">
     <span class='ocr_line' id='line_1_121' title="bbox 2183 5656 3766 5743; baseline 0.012 -36"><span class='ocrx_word' id='word_1_895' title='bbox 2183 5656 2470 5728; x_wconf 84' lang='grc' dir='ltr'>Ἐνσκηνοί</span> <span class='ocrx_word' id='word_1_896' title='bbox 2497 5659 2553 5713; x_wconf 83' lang='grc' dir='ltr'><strong>δὲ</strong></span> <span class='ocrx_word' id='word_1_897' title='bbox 2596 5664 2691 5719; x_wconf 86' lang='grc' dir='ltr'>καὶ</span> <span class='ocrx_word' id='word_1_898' title='bbox 2739 5668 2891 5735; x_wconf 86' lang='grc' dir='ltr'>μένει</span> <span class='ocrx_word' id='word_1_899' title='bbox 2921 5668 3017 5725; x_wconf 73' lang='grc' dir='ltr'>καὶ</span> <span class='ocrx_word' id='word_1_900' title='bbox 3046 5672 3260 5741; x_wconf 75' lang='grc' dir='ltr'>ἐνεργεί</span> <span class='ocrx_word' id='word_1_901' title='bbox 3295 5674 3371 5741; x_wconf 76' lang='grc' dir='ltr'>τῇ</span> <span class='ocrx_word' id='word_1_902' title='bbox 3403 5672 3620 5743; x_wconf 75' lang='grc' dir='ltr'>χάριτι.</span> <span class='ocrx_word' id='word_1_903' title='bbox 3655 5675 3766 5728; x_wconf 73' lang='lat' dir='ltr'><strong>M6-</strong></span> 
     </span>
    </p>
   </div>
  </div>
