4034 6192
314 282 411 346 465

1335 285 1431 345 DE
1462 288 1735 347 SACRIS
1772 257 2466 356 0RDINATIONIBUS.

3464 288 3569 349 466

316 397 392 458 δος
418 397 469 448 ὲν
499 396 739 460 ἐκείναις
767 397 1056 454 ἐπιϐοᾶται
1107 401 1228 464 ταῖς
1264 402 1588 465 καθολικαῖς
1633 405 1728 456 καὶ
1758 420 1871 455 κοι-

1989 404 2156 459 munis
2182 412 2386 460 sanctae
2444 403 2734 458 Trinitatis
2773 404 2825 456 in
2880 403 3001 457 istis
3064 402 3470 456 universalilms
3511 413 3565 455 et

314 490 421 550 ναῖς
444 488 830 559 χειροτονίαις,
852 492 951 543 καὶ
980 492 1038 545 ὲν
1070 494 1135 562 τῇ
1162 492 1285 563 ἱερᾷ
1310 496 1406 546 καὶ
1454 494 1575 565 θείᾳ
1599 496 1868 566 τραπέζῃ.

326 582 403 634 Ἐν
427 582 656 642 ταύταις
692 582 747 633 δὲ
790 580 992 646 ἔξωθεν
1023 582 1118 637 τοῦ
1167 583 1417 654 βήματος
1462 586 1775 652 γινομέναις
1800 586 1874 641 ὼε

314 675 573 745 διαφόρων
601 674 802 738 ἔξωθεν
835 676 1150 738 διακονιῶν.
1179 679 1241 731 οὐ
1289 679 1509 745 λέγεται
1534 678 1732 743 οὕτως,
1759 679 1872 731 ἀλλ’

316 768 685 828 ὐποκλίναντος
716 768 811 820 τοῦ
846 771 1331 839 χειροτονουμένου
1394 771 1484 824 διὰ
1544 772 1640 825 τοῦ
1674 789 1874 842 χαρτο·

313 856 538 924 φύλακος
566 857 665 933 τὴν
696 858 966 928 κεφαλὴν,
1005 860 1227 929 ἀσκεπῆ
1249 860 1461 929 ταύτην
1508 860 1747 931 ἔχοντος,
1800 861 1876 922 ὡς

311 947 667 1016 λαμϐάνοντος
697 949 809 1002 ἀπὸ
835 951 930 1004 τοῦ
969 952 1213 1020 Χριστοῦ
1247 953 1339 1005 διὰ
1388 953 1486 1006 τοῦ
1546 955 1875 1023 ἀρχιερέως,

311 1038 396 1091 καὶ
420 1038 496 1099 ὡς
539 1029 913 1110 ὑποκειμένου
968 1043 1143 1111 αὐτῷ,
1178 1046 1273 1096 καὶ
1321 1045 1401 1104 τὸ.
1434 1064 1451 1095 ι
1487 1045 1820 1105 Κελεύσατε,
1852 1066 1871 1098 ι

309 1128 397 1181 τοῦ
429 1131 860 1199 Χαρτοφύλακος
914 1134 1187 1201 λέγοντος,
1223 1136 1506 1189 ἀνίσταται
1544 1139 1572 1190 ὁ
1599 1139 1877 1207 ίεράρχης,

308 1218 376 1281 ὼς
402 1218 546 1272 Θείον
574 1221 635 1273 τὸ
670 1221 831 1290 ἔργον
858 1224 1055 1291 δηλῶν,
1088 1226 1181 1277 καὶ
1204 1226 1279 1288 ὡς
1326 1229 1559 1297 παρέχει
1610 1229 1879 1297 χάρισμα,

308 1311 394 1363 ml.
415 1312 515 1379 τὴν
545 1316 706 1381 χεῖρα
734 1315 1002 1378 ἐκτείνας,
1047 1336 1065 1368 ι
1105 1317 1172 1371 'II
1203 1318 1385 1388 χάρις,
1419 1320 1593 1386 λέγει,
1617 1319 1714 1372 τοῦ
1748 1336 1883 1370 παν-

306 1401 453 1468 αγίου
484 1403 808 1471 Πνεύματος
858 1409 1267 1476 προχειρίζεταί
1324 1426 1383 1461 σε
1440 1411 1473 1479 ἧ
1530 1410 1882 1481 οἰκονόμονῆ

305 1493 488 1561 ἔτερόν
549 1512 601 1547 τι
651 1497 750 1565 τῆς
799 1498 925 1551 καθ’
955 1500 1101 1567 ἡμᾶς
1152 1501 1461 1569 ἁγιωτάτης
1493 1501 1880 1570 Ἔκκλησίας.»

308 1586 406 1636 Καὶ
432 1585 605 1648 εὐθὺς
634 1589 930 1657 σφραγίζει
966 1589 1180 1642 τοῦτον.
1244 1592 1352 1643 Καὶ
1386 1590 1625 1660 κάθηται
1651 1594 1677 1643 ὁ
1701 1593 1888 1661 ἀρχιε-

307 1675 446 1743 ρεύς.
484 1677 595 1728 Καὶ
628 1678 679 1729 οἱ
711 1678 809 1746 μὲν
840 1679 1061 1748 ᾅδοντες
1101 1679 1367 1748 ψάλλουσι
1401 1682 1487 1744 τὸ,
1529 1700 1546 1730 ι
1590 1682 1685 1742 Εἰς
1714 1682 1887 1736 πολλὰ

1979 496 2369 549 communibus
2431 495 2869 549 ordinationibus
2924 495 3238 557 invocatur,
3284 495 3443 557 idque
3509 497 3614 550 ﬁl_

1983 588 2034 639 in
2067 602 2221 641 sacra
2252 594 2305 640 et
2354 586 2536 640 divina
2571 601 2781 642 mensa.
2812 587 2867 639 In
2914 587 2980 639 iis
3036 595 3216 637 autem
3259 584 3583 641 ordinatim

1982 678 2144 733 nibus
2174 694 2296 748 quae
2325 681 2458 732 fiunt
2494 687 2645 733 extra
2677 680 3077 740 sanctuarium,
3114 684 3298 744 utpote
3336 691 3567 742 quorum

1981 770 2286 824 ministeria
2322 769 2469 821 varia
2500 777 2627 822 sunt
2651 778 2705 822 et
2744 768 3043 827 exteriora.
3090 781 3194 820 non
3220 768 3293 820 ita
3339 766 3566 819 dicitur.

1985 859 2089 916 Sed
2122 860 2423 914 ordinando
2449 870 2610 927 caput
2634 860 2911 913 admonitu
2936 858 3383 927 cltartophylacis
3410 859 3570 909 incli-

1982 962 2172 1011 nante.
2200 961 2255 1007 et
2280 953 2554 1007 detectum
2584 953 2845 1018 habente,
2869 952 3014 1005 velut
3040 952 3270 1021 gratiam
3296 966 3323 1003 a
3348 949 3572 1005 Clu-isto

1984 1057 2079 1111 per
2108 1043 2433 1112 episcopum
2486 1043 2808 1109 accipiente,
2852 1050 3015 1111 atque
3074 1051 3133 1095 ut
3180 1042 3256 1095 illi
3298 1042 3569 1109 subjecto,

1985 1143 2207 1202 tumque
2257 1135 2706 1205 cliartophylaee,
2748 1152 2767 1187 ι
2806 1134 3024 1198 Jubetc,
3071 1153 3090 1185 ι
3139 1135 3571 1201 pronuntiante,

1987 1226 2162 1294 surgit
2182 1226 2495 1295 episcopus,
2536 1228 2686 1282 velut
2707 1228 2953 1282 divinum
2979 1242 3120 1296 opus
3149 1227 3490 1297 signiﬁcans,
3520 1236 3575 1281 et

1989 1323 2223 1383 gratiam
2253 1318 2411 1382 quasi
2464 1319 2737 1387 praebens,
2797 1333 3133 1385 manumque
3163 1319 3467 1373 extendens
3494 1320 3575 1373 sic

1988 1397 2121 1460 dicit
2149 1424 2162 1461 :
2205 1425 2224 1458 ι
2267 1406 2450 1461 Gratia
2492 1409 2830 1464 sanctissimi
2858 1410 3098 1479 Spiritus
3121 1420 3404 1479 promovet
3432 1420 3504 1473 te,
3549 1428 3567 1461 ι

1991 1498 2075 1550 vel
2132 1511 2507 1560 oeconomum,
2539 1500 2621 1551 vel
2680 1500 2900 1568 aliquod
2942 1500 3089 1554 aliud
3120 1500 3419 1554 ciliciorum
3455 1517 3575 1569 quae
3619 1508 3650 1577 ,ι

1993 1587 2048 1642 in
2101 1587 2447 1642 sanctissima
2509 1588 2753 1643 Ecclesia
2796 1600 2982 1645 nostra
3033 1590 3472 1657 frequentantur.
3510 1590 3577 1643 Et

1992 1679 2178 1732 statim
2205 1694 2370 1733 cruce
2391 1681 2539 1733 illum
2559 1681 2761 1749 signat,
2786 1696 2896 1748 quo
2915 1683 3062 1736 facto
3087 1684 3241 1738 sedet
3260 1684 3574 1749 episcopus.
3652 1690 3662 1725 '-

311 1766 423 1835 ἐτη,
449 1785 470 1817 ι
515 1767 968 1838 εὐχαριστοῦντες
996 1771 1137 1840 Θεῷ,
1160 1772 1253 1825 καὶ
1280 1772 1636 1841 ἐπευχόμενοι
1661 1773 1749 1826 διὰ
1780 1774 1885 1827 τῶν

1989 1770 2212 1826 Interim
2255 1780 2506 1825 cantatur
2535 1773 2880 1834 acclamatio,
2918 1791 2938 1824 ι
2982 1775 3059 1827 Ad
3097 1776 3512 1839 multosannos,
3552 1794 3570 1826 ι

303 1858 610 1926 ἀρχιερέων
635 1860 724 1911 ἀεὶ
780 1861 882 1929 τὴν
915 1862 1250 1931 Ἐκκλησίαν
1293 1866 1631 1934 προκόπτειν
1689 1870 1786 1921 καὶ
1819 1869 1886 1922 τὰ

303 1950 621 2016 χαρίσματα
681 1949 939 2006 δίδοσθαι.
991 1952 1050 2004 'U
1085 1955 1492 2023 χειροτονηθεὶς
1539 1958 1596 2009 δὲ
1653 1958 1886 2025 προσελ-

302 2039 425 2103 οὼν,
450 2042 768 2106 ἀσπάζεται
799 2044 859 2095 τὸ
889 2046 1021 2111 γόνυ
1038 2046 1238 2116 διάτὴν
1257 2048 1562 2117 ὑποταγὴν.
1595 2049 1696 2117 τὴν
1726 2051 1886 2118 χεῖρα

300 2130 370 2193 ὡς
400 2133 705 2186 τελέσασαν
736 2134 835 2202 τὴν
880 2136 1061 2200 δεξιὰν
1108 2137 1203 2190 τοῦ
1256 2140 1585 2210 ἀρχιερέως,
1633 2142 1732 2194 καὶ
1789 2143 1888 2208 τὴν

301 2224 542 2291 παρειάν
571 2225 661 2277 διά
689 2226 787 2295 τὴν
819 2227 1018 2279 ἕνωσιν
1050 2230 1145 2280 καὶ
1176 2232 1422 2299 ἀγάπην.
1476 2228 1611 2286 Εἶτα
1637 2232 1732 2285 καὶ
1761 2233 1887 2294 τοὺς

301 2317 353 2367 ἂν
374 2316 449 2385 τῷ
472 2315 668 2388 οίκείῳ
695 2318 1005 2381 ἀσπάζεται
1039 2322 1307 2388 τάγματι,
1373 2323 1423 2374 εί
1461 2324 1705 2394 πρῶτος,
1760 2324 1886 2383 τοὺς

300 2409 576 2478 πρώτους,
604 2413 654 2463 εί
679 2411 735 2463 δὲ
764 2411 1042 2482 δεύτερος,
1080 2416 1209 2476 τοὺς
1234 2414 1545 2483 δευτέρους,
1583 2417 1657 2479 ὡς
1687 2417 1886 2484 ὁμοτα-

299 2500 398 2567 γὴς
420 2499 694 2566 γεγονώς.
729 2502 837 2553 Καὶ
868 2501 1013 2554 οὕτω
1038 2504 1201 2556 πάλιν
1250 2506 1411 2567 στὰς,
1448 2510 1542 2558 καὶ
1574 2506 1668 2559 τὸν
1701 2507 1887 2575 ἀρχιε-

302 2586 396 2657 ρέα
423 2593 844 2659 προσκυνήσας,
906 2592 1253 2662 εὐχαριστῶν
1300 2594 1378 2663 τῷ
1426 2596 1751 2663 χαρίσματι,
1805 2595 1886 2657 είς

300 2680 387 2733 τὸν
410 2683 625 2735 οἰκεῖον
655 2683 818 2735 τόπον
846 2682 906 2736 δν
934 2686 1405 2757 κεχειροτόνηται,
1436 2688 1683 2742 ἄπεισιν.

871 2887 1124 2941 ΚΕΦΛΛ.
1178 2889 1356 2942 ΣΜΖ’.

302 2998 425 3069 Ὀζι
461 3001 524 3051 ol
568 2998 788 3069 πρῶτοι
834 3001 931 3069 καὶ
974 3001 1162 3066 νριταὶ
1227 3000 1743 3069 χειροτονούιιενοι
1787 3001 1882 3052 κη)

368 3068 750 3163 Ιξὺαγζγέζλιον
803 3068 1082 3135 δέχονται
1134 3068 1262 3135 ταῖς
1323 3072 1494 3138 χερσὶ
1554 3070 1718 3137 παρὰ
1778 3069 1885 3122 τοῦ
1918 3109 1962 3163 c

368 3139 722 3204 ἀρχιερέως.

372 3228 435 3279 Ei
484 3228 549 3280 δὲ
578 3229 688 3279 τῶν
723 3232 925 3298 κριτῶν
978 3232 1095 3282 ἐστι
1160 3232 1255 3283 καὶ
1320 3230 1426 3283 τῶν
1483 3229 1736 3301 πρώτων,
1801 3231 1892 3281 καὶ

303 3318 641 3387 Εὐαγγέλιον
719 3320 870 3391 αὐτῴ
936 3323 966 3374 ὁ
1020 3323 1316 3391 ἀρχιερεὺς
1373 3323 1557 3375 δίδωσι
1638 3323 1743 3391 πρὸ
1799 3322 1891 3374 τοῦ

304 3413 611 3482 ἀσπασμοῦ
659 3413 949 3480 ἐπιλέγων,
989 3433 1006 3464 ι
1034 3411 1202 3466 Εἴπεν
1237 3416 1265 3467 ὁ
1297 3414 1517 3483 Κύριος.
1559 3415 1647 3467 Ἐν
1693 3409 1738 3481 ᾧ
1770 3413 1891 3481 κρί-

306 3518 432 3571 ματι
458 3503 709 3573 κρίνετε,
740 3505 1088 3574 κριθήσεσθε·
1130 3523 1149 3555 ι
1189 3504 1423 3573 φοϐεροῦ
1479 3503 1631 3565 ὄντος
1659 3502 1756 3555 τοῦ
1806 3503 1891 3555 λό-

302 3610 419 3660 γου·
464 3594 550 3656 ὡς
577 3594 685 3665 γάρ
716 3597 896 3665 κρινεῖ
951 3596 1297 3664 κριθήσεταυ
1345 3595 1439 3648 καὶ
1495 3595 1577 3646 ὅτι
1632 3594 1773 3646 κατὰ
1830 3594 1890 3646 τὸ

306 3685 643 3755 Εὑαγγέλιον
688 3686 896 3754 ὀφείλει
922 3687 1148 3755 κρίνειν,
1190 3687 1309 3750 καὶ,
1336 3686 1409 3748 ὡς
1447 3685 1577 3739 αὑτό
1622 3700 1778 3753 φησι,
1811 3685 1884 3752 μὴ

304 3777 767 3847 κατ’ὗψιν,άλλὰ
822 3779 921 3848 τὴν
975 3779 1193 3831 δικαίαν
1254 3778 1438 3847 κρίσιν
1486 3778 1712 3846 κρίνειν.
1778 3774 1887 3826 Καὶ

301 3867 441 3922 οῦτω
492 3871 738 3922 ποιεῖται
800 3871 893 3921 τὸν
924 3869 1238 3936 ἀσπασμόν.
1297 3868 1370 3920 Τὸ
1398 3862 1492 3921 οὖν
1535 3868 1727 3927 εἰπεῖν,
1763 3884 1783 3916 ι
1824 3866 1888 3918 Ἥ

301 3960 417 4012 θεία
442 3962 611 4029 χάρις
644 3961 738 4012 τοῦ
770 3961 1039 4026 παναγίου
1077 3960 1419 4025 Πνεῦματος,
1454 3977 1472 4007 ι
1505 3959 1566 4010 οὐ
1597 3957 1885 4010 καθολικόν

301 4067 351 4102 τι
384 4056 482 4106 καὶ
515 4053 726 4105 τέλειόν
762 4053 923 4121 180
950 4068 1085 4122 φησι
1115 4052 1386 4120 χάρισμα,
1422 4049 1641 4102 καὶὰπο
1664 4048 1883 4100 ὑποδια-

192 4141 199 4147 ’
298 4145 461 4196 κόνου
491 4146 576 4204 εἰς
604 4144 905 4203 διακονίαν,
936 4143 968 4212 ἢ
997 4142 1104 4193 ἀπὸ
1130 4141 1381 4193 διακόνου
1446 4140 1527 4202 είς
1577 4136 1885 4205 πρεσϐύτε-

301 4250 394 4301 ρον
418 4233 701 4297 ὲκτελοῦν,
739 4233 878 4286 ἀλλὰ
903 4233 1135 4302 μένοντα
1165 4233 1414 4286 διάκονον
1442 4231 1474 4300 ἢ
1509 4230 1885 4299 πρεσϐύτερον

297 4322 360 4374 ἐν
389 4341 446 4376 τι
485 4322 867 4391 λειτούργημα
890 4324 1060 4390 ἱερὸν,
1091 4324 1230 4392 πρὸς
1247 4321 1499 4381 εὐταξίαν
1528 4322 1622 4389 τῆς
1656 4319 1886 4384 Ἐκκλη-

1994 1877 2099 1929 qua
2132 1861 2326 1931 gratia:
2359 1861 2470 1917 Deo
2500 1873 2757 1930 aguntur,
2786 1874 3117 1933 optaturque
3143 1865 3441 1921 Ecclesiam
3482 1882 3575 1935 per

1989 1953 2282 2021 episcopos
2331 1967 2549 2023 semper
2608 1955 2895 2024 prolicere,
2953 1965 3006 2011 et
3060 1960 3271 2026 augeri,
3322 1957 3575 2026 donaque

1989 2041 2264 2097 conferre.
2295 2043 2492 2099 Postea
2538 2047 2827 2101 ordinatus
2856 2047 2921 2101 ad
2961 2047 3310 2102 ordinantem
3344 2049 3573 2111 accedit,

1990 2134 2255 2205 illiusque
2297 2152 2437 2205 genu
2506 2138 2791 2193 osculatur
2854 2150 3077 2209 propter
3122 2140 3573 2208 subjectioitem;

1997 2243 2246 2293 manuni,
2308 2239 2365 2281 ut
2396 2230 2656 2298 ‘cpiscopi
2714 2234 2989 2286 dexteram
3032 2247 3151 2301 qua:
3173 2214 3573 2286 ordinationem

1994 2320 2246 2387 perfecit,
2302 2330 2356 2375 et
2405 2337 2598 2389 genam
2654 2320 2873 2391 propter
2926 2324 3184 2377 unionem
3236 2331 3287 2377 et
3318 2325 3574 2392 gratiam.

1992 2411 2086 2465 llis
2115 2413 2254 2465 actis
2282 2414 2563 2465 osculatur
2585 2429 2802 2482 quoque
2819 2430 2916 2468 eos
2934 2414 3023 2479 qui
3044 2422 3173 2468 sunt
3196 2414 3278 2469 Siti
3318 2413 3573 2470 ordinis:

1990 2503 2035 2558 si
2069 2504 2226 2571 primi
2255 2503 2487 2566 ordinis,
2518 2505 2758 2573 primos;
2792 2506 2836 2558 si
2874 2506 3121 2564 secundi.
3167 2505 3462 2568 secundus,
3514 2513 3571 2556 ut

1989 2610 2177 2648 eorum
2213 2595 2415 2663 collega
2446 2595 2640 2650 fictus.
2675 2596 2877 2665 Sicque
2914 2597 3109 2650 iterum
3145 2597 3451 2650 humillime
3484 2611 3573 2649 sa-

1992 2684 2160 2737 lutato
2177 2685 2459 2752 episcopo,
2493 2684 2543 2736 in
2581 2686 2757 2737 locmn
2780 2684 3058 2752 proprium
3081 2684 3145 2737 ad
3170 2698 3328 2751 quem
3353 2682 3577 2735 ordina-

1991 2783 2081 2831 tus
2110 2783 2213 2838 est,
2247 2776 2380 2836 abit,
2406 2776 2613 2845 gratias
2645 2791 2810 2845 agens
2836 2777 2903 2828 de
2935 2778 3079 2829 dono
3115 2783 3391 2842 suscepto.

2493 2885 2671 2940 CAPU
2686 2884 2728 2937 T
2770 2883 3070 2940 CCXLV".

2069 2998 2224 3064 Quod
2252 3000 2511 3066 primum
2538 2999 2814 3065 etjudices
2845 2998 3078 3050 ordinati
3114 2995 3457 3066 Evangelium
3478 3013 3505 3049 ε

2376 3067 2618 3120 itionibus
2654 3068 2883 3135 episcopi
2925 3068 3217 3134 accipiunt.

2065 3226 2120 3280 Si
2158 3241 2285 3282 vero
2314 3244 2343 3280 e
2384 3242 2614 3280 numero
2647 3234 2729 3280 est
2751 3226 3055 3295 primorum
3096 3226 3368 3293 judicum,
3395 3226 3576 3279 Fit-ano

1996 3319 2314 3387 geliumque
2367 3320 2471 3385 ipsi
2505 3319 2599 3372 dat
2651 3319 2963 3388 cpiscopus,
2998 3326 3125 3371 ante
3168 3318 3422 3372 osculum
3462 3319 3576 3372 bazc

1994 3411 2215 3476 adjicit:
2255 3430 2274 3462 ι
2324 3410 2459 3464 Dicit
2492 3409 2776 3473 Dominus,
2816 3409 2875 3463 In
2910 3423 3020 3476 quo
3053 3407 3264 3477 judicio
3288 3410 3573 3477 judicatis.

1988 3497 2391 3563 judicabimiui.
2427 3520 2443 3551 ι
2506 3499 2852 3554 'l‘remendus
2904 3515 3112 3563 sermo,
3151 3508 3211 3553 ut
3271 3501 3416 3554 enim
3451 3502 3575 3564 quis

1986 3589 2278 3658 judicabit,
2336 3592 2696 3659 judicabitur.
2758 3590 2985 3660 Oportet
3047 3594 3197 3644 cnim
3268 3591 3572 3644 secundum

1993 3680 2343 3748 Evangelium
2366 3683 2614 3750 judicare
2638 3700 2653 3749 ;
2690 3691 2875 3752 atque,
2900 3690 2958 3735 ut
2987 3683 3101 3750 ipse
3128 3683 3221 3744 ait,
3250 3697 3357 3735 non
3376 3697 3575 3736 si'cun-

1990 3773 2117 3826 dum
2165 3775 2432 3840 speciem,
2481 3776 2576 3829 sed
2617 3783 2825 3829 rectum
2854 3773 3128 3842 judicium
3162 3773 3429 3840 judicare.
3478 3772 3573 3825 llis

1990 3866 2150 3917 dictis
2189 3865 2575 3919 salutationem
2607 3866 2948 3933 exsequitur.
2989 3863 3137 3918 Istud
3165 3866 3333 3933 igitur
3366 3865 3568 3927 diem»,

1997 3968 2014 4001 ι
2051 3949 2238 4004 Gratia
2280 3952 2611 4006 sanctissimi
2656 3952 2918 4020 Spiritus,
2956 3972 2972 4004 ι
3006 3953 3317 4008 universale
3346 3953 3569 4023 aliquod

1988 4054 2041 4097 et
2090 4042 2394 4107 perfectum
2436 4046 2639 4099 donum
2685 4059 2793 4097 non
2842 4045 3137 4110 signiﬁcat,
3201 4060 3301 4100 nec
3343 4039 3574 4100 exsub~

1988 4133 2223 4187 (liacuno
2285 4134 2598 4196 diaconum,
2638 4136 2719 4189 vel
2761 4152 2825 4189 ex
2868 4136 3101 4190 diacono
3162 4138 3568 4208 presbysterum

1989 4239 2338 4287 consecrare,
2368 4225 2462 4278 sed
2513 4224 2756 4294 aliquem
2805 4237 3245 4295 perseverantem
3277 4227 3331 4280 in
3384 4228 3571 4283 diaco-

1987 4325 2117 4369 natu
2152 4317 2235 4370 Vc]
2273 4318 2650 4385 presbyteratu
2687 4334 2855 4371 unum
2912 4319 3142 4388 aliquod
3196 4319 3565 4376 ministerium

299 4412 423 4472 σίας
448 4412 726 4500 ἐνεργεῖν.
763 4413 829 4464 Ὅ
854 4412 917 4479 δὴ
942 4411 1051 4464 ἀπὸ
1077 4411 1178 4479 τῆς
1219 4412 1443 4480 χάριτος
1486 4408 1756 4478 λαμϐάνει
1788 4404 1883 4458 τοῦ

1992 4423 2210 4462 sacrum
2240 4413 2304 4459 ad
2336 4409 2538 4461 bonum
2570 4408 2827 4464 Ecclesia:
2850 4408 3101 4465 ordinem
3129 4413 3565 4467 conservandum

295 4489 649 4567 Πνεύματος,
681 4499 802 4569 ἦτοι
835 4500 943 4552 ἀπὸ
968 4499 1078 4554 τῶν
1098 4499 1372 4569 διαφόρων
1393 4498 1752 4568 χαρισμάτων
1777 4494 1886 4547 τῶν

294 4591 443 4643 κατὰ
481 4590 772 4659 προκοπὴν
788 4591 1021 4661 ρὲκάστῳ
1067 4592 1314 4661 τάγματι
1366 4589 1686 4659 διδομένων,
1728 4601 1887 4654 μερι-

295 4680 391 4732 κδν
420 4681 485 4733 ὃν
514 4682 612 4734 καὶ
636 4682 693 4733 ἒν
718 4681 952 4736 ένί.Ἕτε
962 4698 1054 4751 ρος
1092 4674 1200 4751 γὰρ
1229 4680 1322 4733 τοῦ
1354 4679 1520 4734 αὐτοῦ
1554 4675 1765 4748 βαθμοῦ
1793 4674 1889 4726 κοιλ⁹

291 4771 593 4841 τάγματος
642 4772 909 4841 κέκτηται
947 4772 1108 4826 πάλιν
1168 4772 1319 4826 ἄλλο’
1375 4771 1471 4824 καὶ⁸
1518 4770 1698 4824 πάντα
1745 4765 1888 4820 κατὰ

292 4858 458 4931 λόγον
495 4863 569 4915 τὰ
588 4862 687 4931 τῆς
716 4862 1046 4932 Ἐκκλησίας
1071 4863 1198 4915 εἰσί.

868 5175 1116 5228 ΚΕΦΑΛ.
1172 5176 1265 5228 ΣΜ
1276 5177 1354 5228 ιιι.

296 5289 433 5343 Ὀτι
455 5287 538 5341 τὰ
563 5287 682 5339 τῶν
714 5286 1010 5357 ὀρφακίων
1043 5289 1154 5355 τῆς
1179 5288 1550 5354 Ἕκκλησίης
1586 5302 1887 5357 ,ερίιιμενοι

372 5359 753 5425 ὀφείλουσιν
790 5357 1082 5423 ἐνεργεῖν,
1120 5359 1217 5411 καί
1246 5361 1358 5424 οὐχ
1394 5360 1474 5423 ὡς
1506 5360 1577 5410 ἕν
1624 5373 1745 5411 τισι
1793 5359 1889 5411 τό-

371 5445 550 5489 ποις,
572 5428 651 5490 ὡς
674 5429 773 5480 καὶ
811 5426 882 5495 τῇ
910 5427 1299 5494 Τραπεζοῦντι
1337 5430 1556 5483 λατκυί.

371 5519 579 5572 Ταῦτα
608 5519 662 5572 δὲ
687 5520 757 5571 τὰ
786 5519 910 5587 ἱερὰ
952 5519 1401 5589 λειτουργήματα
1461 5523 1519 5571 ὲν
1568 5516 1885 5589 ἱερωμένοις

302 5610 622 5677 ὀφείλουσιν
653 5606 794 5662 εἶναι
821 5609 1093 5671 διακόνοις
1111 5627 1173 5662 τε
1208 5613 1303 5663 καὶ
1325 5610 1738 5681 πρεσϐυτέροις,
1791 5612 1886 5663 καὶ

307 5702 410 5755 οὐκ
432 5704 497 5757 ιν
525 5702 754 5771 ἀνδράσι
774 5703 1057 5771 κοσμικαῖς
1092 5702 1185 5755 καὶ
1216 5701 1290 5772 μὴ
1316 5702 1618 5772 ἱερωσύνην
1646 5700 1880 5769 ἔχουσιν·

1860 5935 1893 5951 Α

1994 4498 2222 4568 insuper
2252 4502 2488 4568 operari.
2525 4500 2660 4556 Illud
2680 4518 2806 4556 vero
2834 4518 2863 4556 a
2888 4503 3060 4570 gratia
3084 4504 3326 4573 Spiritus
3347 4506 3566 4573 accipit.

1991 4591 2242 4648 videlicet
2267 4606 2296 4645 a
2325 4592 2702 4648 dilferentibus
2740 4594 2926 4660 gratiae
2950 4596 3112 4650 donis
3133 4611 3254 4666 qua:
3276 4597 3570 4666 unicuique

1990 4685 2194 4746 ordini,
2218 4693 2277 4737 ut
2300 4685 2424 4738 inde
2465 4694 2731 4755 augeatur
2752 4696 2805 4737 et
2828 4686 3161 4754 perﬁciatur,
3186 4688 3564 4743 conferuntur.

1990 4776 2226 4834 Partiale
2265 4776 2427 4845 igitur
2458 4787 2562 4842 est,
2593 4783 2649 4831 et
2707 4778 2799 4830 uni
2834 4779 3024 4847 gradui
3086 4779 3376 4834 inhaerens.
3411 4781 3568 4834 Alius

1992 4868 2136 4919 enim
2168 4866 2412 4933 ejusdem
2443 4870 2647 4935 gradus
2682 4877 2736 4922 et
2772 4868 2983 4926 ordinis
3025 4871 3221 4937 iterum
3261 4871 3409 4925 aliud
3444 4886 3568 4939 pos-

1992 4959 2169 5016 sidet;
2208 4958 2339 5010 tiuut
2364 4968 2543 5010 autem
2578 4959 2691 5011 haec
2748 4964 2931 5013 omnia
2981 4961 3283 5016 secundum
3308 4961 3566 5016 Ecclesia:

1991 5051 2362 5104 deﬁnitionem
2398 5062 2450 5103 et
2482 5054 2956 5108 consuetudinem.

2477 5162 2706 5218 CAPUT
2751 5166 3072 5222 CCXLVIII.
3117 5207 3133 5222 .

1994 5279 2148 5345 Quod
2173 5293 2341 5330 sacra?
2372 5291 2613 5351 persona:
2643 5265 2839 5351 ofﬁciis
2866 5280 3241 5351 ecclesiasticis
3285 5282 3434 5351 [unci
3473 5280 3566 5334 dc-

2062 5350 2202 5411 bent,
2236 5359 2284 5401 et
2319 5364 2441 5409 non,
2467 5345 2601 5398 sicut
2647 5345 2965 5415 quibusdam
3004 5351 3059 5402 in
3110 5352 3238 5404 locis
3267 5345 3314 5402 et
3368 5352 3566 5420 Trape-

2062 5431 2237 5480 zunte,
2267 5420 2413 5473 laici.

2061 5509 2254 5563 Omnia
2280 5522 2463 5567 autem
2508 5512 2609 5565 ista
2659 5525 2813 5564 sacra
2856 5510 3032 5564 oﬂicia
3067 5512 3304 5565 conferri
3367 5513 3566 5565 debent

1992 5600 2123 5654 viris
2154 5603 2404 5667 sacratis,
2464 5602 2709 5655 diaconis
2791 5600 3045 5656 videlicet
3097 5611 3149 5655 et
3206 5601 3561 5671 presbyteris,

1991 5709 2117 5749 non
2152 5702 2331 5749 autem
2391 5694 2769 5759 saecularibus,
2829 5704 2880 5749 et
2941 5695 3246 5751 sacerdotio
3301 5695 3571 5750 noudunt
