4034 6192
470 273 573 334 467

1251 279 1634 343 SYMEONIS
1665 285 2426 357 TllESSALONICENSIS
2464 297 2828 361 ARCHIEP.

3591 305 3685 368 488

467 385 760 441 ordinatis.
782 384 918 442 Nam
938 386 1112 443 cilicia
1145 389 1235 445 illa
1269 406 1424 446 sacra
1441 405 1565 448 sunt
1595 404 1647 450 et
1674 412 1768 464 per
1803 398 2037 466 sigillum

2143 404 2227 456 ὅτι
2255 406 2376 474 ίερά
2407 408 2581 462 ταῦτα
2602 412 2699 461 καὶ
2731 409 2817 462 διὰ
2839 408 3137 479 σφραγῖδος
3170 408 3571 482 ἀρχιερατικῆς,
3599 417 3684 467 καὶ

397 549 408 557 _
468 477 777 546 episcopale
844 487 900 533 et
959 482 1188 551 gratiam
1253 485 1553 552 spiritalem
1612 489 2035 557 imprimuntur;

470 570 643 635 eaqite
669 585 775 623 non
796 581 1007 639 oportet
1031 589 1315 628 assumere
1344 577 1434 644 qui
1461 578 1805 633 ordinatione
1827 591 2034 645 carent,

470 665 529 710 ttt
582 657 698 711 fieri
751 659 890 714 solet
926 661 979 714 itt
1027 661 1521 730 Trapezuntiorutn
1575 671 1885 737 metropoli.
1925 670 2036 726 lloc

466 748 609 800 enim
639 759 720 802 est
753 763 943 804 contra
979 754 1225 808 ordinem
1290 760 1654 826 canonicum;
1711 771 1764 814 et
1800 763 2037 817 maxime

464 838 589 905 quia
630 840 859 896 istorum
891 844 1193 899 ciliciorum
1250 848 1484 916 plurima
1542 852 1727 907 multis
1774 855 2035 909 sacerdo-

465 931 609 985 tibus
640 943 899 1001 prassnut.
935 936 1095 991 Nullo
1124 940 1286 993 modo
1342 950 1528 997 autem
1576 953 1792 1013 oportet
1843 948 2037 1002 ordine

462 1034 733 1080 carentem
767 1036 986 1081 sacrato
1017 1029 1175 1084 alicui
1211 1047 1469 1100 praeesse.

976 1144 1206 1199 CAPUT
1243 1146 1522 1204 CCXLIX.

461 1229 617 1295 Quod
656 1234 902 1288 monachi
935 1252 1039 1290 non
1070 1238 1305 1377 ordinati
1357 1258 1471 1322 .non
1520 1243 1742 1299 debeant
1780 1250 2032 1303 constitui

1073 1324 1166 1361 con
1195 1326 1409 1365 essent.

1073 1324 1409 1365 conlessartt.

534 1391 742 1450 Similis
761 1397 901 1450 ratio
934 1408 1021 1452 est
1050 1399 1116 1454 de
1159 1400 1339 1454 otIicio
1372 1404 1634 1471 Spiritalis
1661 1394 2030 1476 paternitatis.

458 1485 598 1538 lliutl
623 1489 1015 1543 conferendum
1042 1506 1146 1544 non
1172 1503 1255 1545 est
1275 1496 1557 1550 monachis
1587 1498 1789 1564 idiotis,
1825 1505 2029 1559 nullam

461 1593 690 1643 prorsus
719 1580 1124 1635 ordinationem
1153 1582 1500 1640 habentibus.
1528 1587 1662 1643 Nam
1690 1592 1826 1646 adeo
1846 1609 2032 1650 sacra-

459 1670 731 1724 tissimum
792 1672 894 1726 hoc
945 1683 1048 1734 est.
1111 1686 1164 1727 ut
1217 1676 1349 1730 solis
1383 1679 1658 1749 episcopis
1715 1688 2028 1749 conveniat,

456 1776 567 1815 neu
621 1771 802 1818 autem
864 1766 1220 1836 presbyteris.
1274 1773 1734 1837 quemadmodum
1791 1794 2028 1835 canones

457 1854 784 1922 loquuntur.
821 1858 894 1911 Eo
927 1871 1107 1912 autem
1151 1861 1326 1915 ollicio
1372 1864 1675 1933 funguntur
1723 1872 2027 1941 presbyteri

458 1958 685 2015 urgente
720 1950 1046 2005 necessitate
1085 1966 1208 2004 cum
1265 1955 1482 2008 licentia
1506 1960 1770 2029 episc0pi,
1825 1964 2028 2033 illoque

458 2041 707 2103 absente,
764 2057 870 2096 non
938 2056 1225 2111 praesente.
1265 2048 1506 2102 Crimina
1565 2061 1743 2106 tamen
1798 2057 2028 2124 majora,

460 2133 627 2187 veluti
669 2143 798 2188 sunt
841 2137 963 2190 fidei
998 2138 1311 2206 almcgatie,
1351 2141 1726 2208 homicidium,
1753 2157 1807 2201 et
1842 2164 2029 2217 pcrso-

459 2241 648 2279 narum
729 2241 1009 2280 sacrarum
1067 2229 1254 2297 lapsus
1324 2232 1389 2284 atl
1444 2233 1760 2302 cpiscOpunt
1825 2238 2029 2293 referre

459 2325 704 2383 oportet;
742 2325 795 2367 ct
848 2318 949 2370 alia
997 2333 1337 2389 quaecunque
1392 2321 1597 2388 fugiunt
1658 2334 1713 2378 et
1759 2328 2029 2382 creetlttnt

394 2476 401 2483 η
458 2408 832 2472 Cognitionem
909 2410 1263 2478 sttscipientis
1325 2414 1772 2480 confessionem,
1843 2420 2026 2472 omnia

455 2514 672 2566 quoque.
706 2514 865 2567 agere
919 2516 1041 2553 cum
1096 2502 1334 2571 episcopi
1389 2504 1654 2570 consilio;
1715 2523 1839 2561 nam
1893 2528 2030 2580 opus

456 2590 588 2643 illtttl
628 2599 712 2645 est
736 2592 979 2661 episcopi
1016 2596 1319 2661 proprium.

1029 2703 1257 2759 CAPUT
1302 2706 1453 2763 CCL.

457 2793 638 2861 Quare
677 2797 990 2849 mandatum
1021 2798 1182 2851 datur
1215 2800 1303 2865 (nrt
1327 2803 1677 2869 episcopalem
1734 2809 2027 2861 auctori'a-

916 2878 1017 2920 tem
1043 2870 1559 2931 detttmtstrandnm).

526 2961 592 3014 Et
645 2959 1002 3014 manifestum
1050 2972 1131 3015 cst
1166 2978 1233 3015 cx
1290 2964 1479 3019 litteris
1534 2969 1927 3033 permissoriis.
1966 2971 2022 3023 Si

2146 494 2375 566 χάριτος
2443 501 2827 569 πνευματικῆς
2886 502 3279 571 ἐνεργούμενα.
3330 502 3434 554 Καὶ
3462 504 3685 573 τοὺςξμὴ

2141 588 2519 656 κεκτημένους
2550 591 2891 658 χειροτονίαν
2920 592 2979 645 ού
3004 592 3087 645 δεῖ
3118 592 3417 660 λαμϐάνειν
3443 593 3591 658 αὑτά,
3619 595 3686 659 ὡς

2139 675 2199 726 ἐν
2228 679 2294 747 τῇ
2340 681 2672 748 μητροπόλει
2702 681 3164 750 Τραπεζουντίων
3190 682 3510 752 ἐνεργεῖται.
3543 684 3689 752 Παρᾶ

2139 764 2240 835 τὴν
2271 766 2426 830 τάξιν
2455 769 2563 837 γὰρ
2590 768 2771 834 τοῦτο,
2834 772 2930 824 καὶ
2985 772 3189 839 μᾶλλον
3217 772 3300 824 ὅτι
3349 770 3567 824 πλεῖστα
3591 772 3690 824 τῶν

2137 858 2407 926 ὀφφικίων
2434 860 2642 914 τούτων
2701 864 2795 917 καὶ
2852 864 3065 917 πολλῶν
3098 864 3292 934 ίερέων
3359 864 3688 933 προΐσταται.

2136 951 2248 1004 Καὶ
2302 951 2539 1015 ούδόλως
2587 952 2697 1025 χρὴ
2751 954 3055 1024 ἱερωμένου
3107 956 3255 1020 τινὸς
3299 956 3691 1027 ἀχειροτόνητον

2136 1045 2511 1113 «poscebant

2684 1164 2929 1219 ΚΕΦΑΛ.
2980 1166 3159 1220 ΣΜΘ⁹.

2137 1252 2260 1307 Ὅτι
2291 1254 2436 1309 οὐδὲ
2462 1254 2696 1322 ιδιώτας
2718 1258 3030 1345 μαντικοὺς
3061 1258 3178 1326 χρὴ
3209 1255 3501 1326 καθιστᾷν
3529 1272 3701 1312 πνευ-

2769 1346 3085 1396 partemve.

2217 1414 2453 1482 Ὁμοίως
2474 1417 2531 1470 δὲ
2570 1417 2666 1469 καὶ
2708 1417 2769 1470 τὸ
2801 1418 2901 1485 τῆς
2927 1418 3311 1485 πνευματικῆς
3366 1416 3696 1485 πατρότητος

2136 1507 2508 1578 λειτούργημα
2541 1508 2603 1560 οὗ
2659 1509 2766 1580 χρὴ
2797 1510 3092 1579 δωρεῖσθαι
3131 1511 3389 1578 μοναχοῖς
3450 1508 3698 1572 ἰδιώταις,

2134 1600 2471 1669 χειροτονίαν
2498 1600 2635 1662 ὅλως
2669 1600 2742 1671 μὴ
2768 1600 3008 1670 ἔχουσιν.
3047 1601 3202 1653 Ἐπεὶ
3256 1600 3513 1652 τοσοῦτον
3553 1599 3697 1667 ἱερώ-

2134 1707 2296 1743 τατον
2318 1691 2501 1755 τοῦτο,
2565 1693 2647 1744 ὅτι
2704 1694 2883 1759 μόνων
2944 1692 3260 1745 ἐπισκόπων
3326 1695 3445 1744 ἐστὶ
3513 1690 3605 1745 καὶ
3643 1691 3699 1742 ού

2134 1779 2548 1848 πρεσϐυτέρων.
2577 1781 2654 1841 ὡς
2673 1781 2722 1832 ei
2753 1781 2975 1840 κανόνες
3009 1783 3163 1847 φασί.
3199 1779 3274 1833 Τὸ
3307 1781 3699 1850 πρεσϐυτέρους

2137 1873 2194 1925 δὲ
2222 1874 2486 1942 ἐνεργεῖν,
2521 1872 2583 1923 τὸ
2616 1872 2861 1924 τοιοῦτον
2893 1873 3014 1923 κατ’
3046 1872 3298 1940 ἀνάγκην
3332 1873 3568 1940 γίνεται,
3617 1872 3702 1925 καὶ

2142 1966 2279 2037 μετά
2313 1964 2626 2034 προτροπῆς
2651 1965 2972 2026 ἐπισκόπου,
3003 1964 3096 2015 καὶ
3132 1964 3369 2027 ἀπόντος
3402 1963 3584 2023 αὐτοῦ,
3643 1962 3702 2014 ού

2138 2059 2427 2128 παρόντος.
2460 2055 2571 2107 Καὶ
2600 2055 2668 2107 τά
2705 2054 2877 2123 μείζω
2906 2055 2962 2107 δὲ
2986 2055 3095 2106 τῶν
3147 2055 3537 2124 ἐγκλημάτων,
3593 2054 3705 2122 ἢτοι

2136 2150 2366 2219 ἄρνησιν
2398 2148 2658 2208 πίστεως,
2720 2147 2817 2199 καὶ
2861 2146 3091 2215 φονικὴν
3157 2148 3463 2215 ἁμαρτίαν,
3506 2146 3595 2199 καὶ
3640 2146 3704 2199 τὰ

2136 2243 2243 2294 τῶν
2274 2241 2568 2308 ίερατικῶν
2605 2241 2892 2308 πτώματα,
2961 2241 3043 2301 είς
3072 2240 3163 2291 τὸν
3221 2240 3527 2291 ἐπίσκοπον
3583 2238 3704 2289 ἁνα-

2136 2329 2400 2396 φέρεσθαι
2439 2331 2565 2400 χρὴ,
2592 2332 2685 2383 καὶ
2719 2332 2929 2394 ὅσαπερ
2959 2330 3120 2398 ἕτερα
3152 2331 3451 2397 διαφεύγει
3502 2328 3599 2397 τὴν
3617 2326 3706 2380 τοῦ

2135 2420 2532 2489 ἀναδεχομένου
2558 2421 2780 2486 γνῶσιν,
2820 2422 2915 2473 καὶ
2946 2422 3123 2473 πάντα
3159 2421 3428 2489 πράττειν
3456 2421 3593 2487 μετά
3615 2419 3708 2483 τῆς

2134 2510 2228 2562 τοῦ
2263 2511 2562 2563 ἐπισκόπου
2592 2510 2807 2581 βουλῆς·
2838 2513 2919 2564 ὅτι
2952 2512 3046 2565 τοῦ
3093 2511 3404 2565 ἐπισκόπου
3465 2511 3527 2563 τὸ
3554 2510 3708 2578 ἔργον

2134 2602 2290 2655 ἴδιον.

2702 2716 2959 2771 ΚΕΦΑΛ.
3015 2716 3146 2771 EN’.

2535 2810 2700 2865 Διατί
2758 2811 3031 2878 ἐνταλμα
3069 2810 3299 2862 δίδοται
3316 2849 3329 2862 .

2206 2971 2315 3022 Καὶ
2344 2970 2504 3040 δῆλον
2529 2970 2638 3024 ἀπὸ
2683 2970 2779 3022 τοῦ
2814 2968 3216 3037 προτρεπτικοῦ
3267 2969 3630 3039 γράμματος·
3661 2965 3710 3047 εί

455 3049 600 3104 enim
639 3051 1085 3121 presbyterorum
1121 3055 1222 3107 hoc
1255 3066 1401 3109 esset
1448 3058 1728 3126 proprium
1763 3060 2023 3124 oflirium,

2132 3062 2242 3130 γὰρ
2299 3062 2394 3114 τοῦ
2452 3062 2831 3131 πρεσϐυτέρου
2871 3057 2961 3129 ἦν,
3022 3062 3122 3113 ούκ
3163 3061 3230 3114 ἂν
3270 3063 3572 3129 προτροπῇ
3623 3061 3714 3112 καὶ

453 3156 562 3194 non
594 3141 857 3197 darentur
888 3144 995 3197 illis
1034 3144 1275 3205 licentia,
1312 3157 1365 3199 ct
1414 3151 1729 3203 ιιιειιιίιλιιηιι
1783 3155 1847 3202 ad
1879 3154 2026 3205 exci-

453 3234 683 3299 piendas
732 3233 1133 3289 confessiones.
1189 3237 1329 3303 Ergo
1378 3238 1424 3289 si
1473 3254 1710 3293 canones
1755 3241 1870 3295 IIIPC
1914 3254 2025 3296 tam

451 3335 655 3379 nttcttte
694 3336 745 3379 et
770 3327 1016 3379 studiose
1042 3326 1107 3380 de
1153 3328 1485 3396 presbyteris
1518 3333 1881 3396 constituunt,
1916 3350 2025 3401 quo

452 3414 576 3480 jure
604 3418 708 3470 hoc
740 3418 1065 3470 conceditur
1094 3416 1160 3469 iis
1189 3417 1280 3485 qui
1301 3418 1449 3471 nullo
1479 3421 1786 3475 sacerdotio
1830 3426 2026 3477 fruun-

452 3507 581 3559 tur?
610 3506 835 3576 Oportet
860 3507 1002 3560 enim
1045 3506 1422 3562 confessiones
1452 3510 1809 3577 excipientem
1844 3523 1895 3567 et
1930 3517 2027 3569 be-

451 3602 708 3655 nedicere
738 3609 793 3654 et
821 3600 1123 3654 orationem
1154 3600 1516 3655 absolutionis
1549 3617 1711 3670 super
1740 3603 2026 3660 absolven-

452 3692 580 3745 dum
628 3692 831 3755 dicere,
884 3698 937 3745 et
965 3691 1270 3761 indulgere,
1317 3701 1371 3747 et
1412 3709 1604 3763 paruas
1635 3695 1935 3764 imponere,
1970 3707 2027 3753 ct

454 3800 549 3839 eos
575 3786 667 3855 qui
691 3784 843 3853 digni
874 3792 1023 3847 sunt,
1088 3784 1398 3839 divinorum
1442 3788 1831 3856 mysteriorum
1863 3792 2031 3859 parti-

452 3880 602 3948 cipes
629 3876 829 3931 facere.
864 3878 980 3942 Qua
1022 3878 1234 3932 ratione
1261 3877 1377 3933 haec
1411 3880 1595 3933 omnia
1628 3882 1891 3950 perﬁciet.
1927 3884 2023 3953 qui

453 3971 585 4024 nulli
608 3969 918 4024 sacerdotio
948 3979 1035 4024 est
1071 3969 1362 4025 initiatus?
1393 3970 1544 4026 Dicet
1587 3970 1770 4026 forsan
1800 3974 2023 4042 aliquis,

449 4061 508 4115 1d
546 4061 826 4130 prazstabit
878 4069 1096 4131 propter
1126 4062 1545 4132 permissionem
1578 4062 1839 4132 episc0pi,
1865 4074 1920 4118 et
1958 4080 2026 4119 co

451 4154 598 4222 quod
632 4156 701 4208 ad
738 4169 861 4208 eum
897 4154 1011 4207 haec
1040 4155 1224 4208 omitia
1262 4152 1466 4222 refert;
1497 4169 1686 4209 verum
1712 4170 1832 4224 quae
1863 4155 2025 4225 hujus

449 4245 531 4299 rei
594 4245 917 4309 necessitas,
965 4252 1090 4298 com
1149 4243 1459 4297 canonibns
1521 4257 1629 4295 non
1683 4244 2027 4298 consentiat?

450 4335 586 4390 Na'n
620 4336 663 4389 si
697 4336 765 4389 de
799 4333 1133 4402 presbyteris
1163 4334 1244 4386 sic
1301 4334 1603 4401 loquuntur
1656 4347 1921 4398 canones,
1963 4343 2024 4387 ut

2131 3151 2467 3220 ἐνταλτηρίῳ
2500 3152 2721 3205 ἐδίδοτο.
2759 3153 2818 3204 Et
2850 3150 2945 3203 οὖν
2971 3152 3064 3204 ἐπὶ
3093 3150 3468 3219 πρεσϐυτέρῳ
3488 3148 3712 3216 τοσαύτη

2129 3243 2160 3307 ή
2194 3241 2435 3311 προσοχὴ
2468 3242 2562 3293 καὶ
2611 3241 2842 3309 διαταγὴ
2895 3241 3049 3309 παρὰ
3101 3241 3212 3292 τῶν
3271 3243 3549 3302 κανόνων,
3600 3239 3715 3300 πῶς

2128 3330 2236 3399 ἄρα
2268 3332 2442 3401 τούτῳ
2495 3333 2805 3400 δοθήσεται,
2839 3332 3140 3401 ἱερωσύνην
3208 3331 3286 3401 μὴ
3349 3333 3709 3400 κεκτημένῖρ;

2128 3426 2223 3476 Δεῖ
2257 3424 2363 3492 γάρ
2394 3426 2487 3476 τὸν
2521 3424 2942 3493 ἐξομολογήσεις
2970 3424 3263 3493 δεχόμενον
3311 3428 3409 3477 καὶ
3452 3424 3710 3490 εὐλογεῖν,

2129 3518 2221 3565 καὶ
2257 3515 2425 3584 εὐχὴν
2456 3514 2860 3583 συγχωρήσεως
2901 3514 3204 3581 ἐπιλέγειν,
3252 3518 3348 3567 καὶ
3381 3517 3708 3584 συγχωρεῖν,

2128 3608 2222 3658 καὶ
2251 3606 2535 3675 ἐπιτιμᾷν,
2566 3604 2660 3657 καὶ
2688 3604 2797 3656 τῶν
2827 3603 2990 3657 θείων
3036 3610 3325 3658 κοινωνεῖν
3394 3606 3711 3675 μυστηρίων

2128 3701 2255 3760 τοὺς
2288 3700 2493 3763 ἀξίους.
2536 3700 2645 3751 Καὶ
2687 3698 2804 3757 πῶς
2838 3699 3163 3768 ἐνεργήσειε
3230 3700 3413 3753 ταῦτα
3452 3699 3482 3750 ὁ
3516 3698 3591 3769 μὴ
3623 3714 3713 3751 κε-

2128 3791 2402 3860 κτημένος
2464 3790 2806 3859 ίερωσύνην;
2851 3792 3011 3849 Ἴσως
3043 3790 3087 3841 δ’
3113 3789 3261 3843 εἴποι
3302 3808 3412 3856 τις,
3489 3793 3589 3843 Διά
3617 3791 3713 3855 τὴν

2127 3879 2332 3932 ἔνδοσιν
2358 3883 2449 3931 καὶ
2476 3880 2535 3930 τὸ
2558 3878 2925 3946 ἀναφέρεσθαι
2957 3879 3128 3931 ταῦτα
3160 3879 3236 3946 τῷ
3299 3883 3574 3950 ἀρχιερεῖ.
3607 3878 3714 3931 Καὶ

2126 3973 2210 4034 τίς
2231 3974 2264 4042 ἡ
2299 3972 2551 4039 ἀνάγκης
2586 3970 2710 4022 ἐπεὶ
2739 3972 2800 4021 ού
2841 3970 3150 4022 κανονικόν.
3174 3972 3236 4022 El
3266 3973 3382 4041 γὰρ
3413 3970 3561 4023 οὕτω
3591 3970 3713 4036 περὶ

2128 4062 2238 4114 τῶν
2277 4062 2666 4130 πρεσϐυτέρων
2704 4062 2753 4113 οἱ
2786 4061 3011 4122 κανόνες
3041 4062 3227 4129 φασὶν,
3250 4064 3329 4125 ὡς
3393 4065 3519 4117 κατ’
3550 4065 3714 4128 ἀνάγ-

2127 4169 2232 4220 κην
2289 4153 2728 4221 ὑπηρετήσουσιν
2780 4152 3014 4213 ἀπόντος
3063 4153 3158 4205 τοῦ
3216 4154 3556 4220 ἐπισκόπου,
3623 4155 3715 4208 καὶ

2127 4246 2411 4313 προτροπῇ
2471 4243 2565 4294 τοῦ
2614 4244 2941 4303 ἐπισκόπου,
2987 4243 3103 4306 πῶς
3131 4244 3291 4297 τοῦτο
3354 4248 3647 4317 ἐνεργήσει
3688 4247 3716 4296 ὀ

2130 4333 2203 4402 μὴ
2236 4331 2532 4400 ἱερωσύνην
2563 4330 2778 4396 λαϐώνς
2807 4332 2926 4383 ἐπεὶ
2962 4331 3053 4383 καὶ
3084 4333 3190 4383 τῶν
3234 4335 3585 4396 ἀποστόλων,
3619 4353 3720 4402 φα-

409 4415 412 4418 ’
454 4429 507 4478 itt
535 4439 599 4478 eo
627 4432 837 4477 tantum
867 4421 1182 4474 ministrent
1212 4436 1334 4474 cum
1359 4421 1659 4476 necessitas
1689 4421 1740 4475 id
1760 4423 2022 4490 postulat,

2131 4424 2212 4475 σὶν
2238 4424 2288 4475 οἱ
2323 4424 2584 4490 Πατέρες,
2606 4424 2639 4490 η
2678 4424 2834 4491 χάρις
2865 4420 3003 4491 αὓτη
3033 4422 3149 4473 ἐστί
3182 4439 3195 4454 ·
3238 4423 3353 4476 τῶν
3397 4425 3717 4493 ἀποστόλων

453 4518 605 4569 abest
662 4514 976 4583 episcopus,
1010 4521 1217 4567 etcum
1283 4512 1431 4567 illius
1494 4511 1735 4568 absentis
1784 4513 2023 4574 licentia,

456 4607 732 4674 quomodo
757 4607 808 4662 id
836 4605 1146 4675 operabitur
1161 4604 1252 4672 qui
1270 4604 1635 4663 sacerdotium
1655 4620 1764 4658 non
1785 4604 2029 4673 accepit?

462 4701 661 4753 Dicunt
710 4698 853 4753 enim
904 4695 1095 4751 Patres
1152 4694 1295 4748 hanc
1320 4709 1444 4749 esse
1515 4694 1850 4763 ipsissimam
1884 4710 2024 4764 apo-

458 4801 723 4855 stolorum
787 4797 1059 4867 gratiam;
1128 4794 1504 4864 apostolorum
1552 4802 1733 4854 autem
1793 4793 2023 4864 gratiam
2074 4862 2079 4865 _

456 4891 660 4945 habent
708 4888 974 4958 episcopi,
1013 4901 1120 4940 non
1153 4885 1495 4957 presbyteri;
1530 4885 1833 4955 presbyteri
1870 4899 2022 4957 yero,

458 4993 514 5036 ttt
546 4983 742 5038 iterum
771 4979 933 5033 iidem
965 4978 1176 5041 dicunt,
1233 4978 1574 5045 septuaginta
1630 4975 2022 5042 discipulorum

456 5074 684 5142 gratiam
722 5070 1023 5139 possident.
1056 5067 1399 5137 QuaprOptcr
1431 5064 1680 5119 fidelibus
1710 5064 1800 5132 qui
1838 5062 2028 5117 Sama-

458 5164 550 5216 rize
585 5178 612 5213 a
644 5160 916 5232 Philippo.
941 5173 1049 5211 uno
1085 5174 1148 5210 ex
1209 5164 1414 5225 septem
1464 5153 1707 5208 diaconis
1766 5153 2020 5220 baptizati

458 5254 698 5314 fuerant,
733 5252 926 5306 Petrus
950 5258 1007 5303 et
1034 5246 1274 5301 Joannes
1295 5260 1491 5299 manus
1527 5246 1924 5313 imposuerunt,
1957 5258 2022 5297 ea

457 5346 523 5395 de
575 5348 761 5395 causa‘
796 5342 862 5395 de
908 5339 1215 5394 Jerusalem
1281 5337 1580 5390 Samariam
1634 5336 1912 5389 venientes
1965 5343 2024 5386 ut

457 5429 716 5499 Spiritum
744 5437 989 5481 sanctum
1012 5428 1355 5494 acciperent;
1384 5426 1511 5477 illud
1540 5440 1666 5477 vero
1689 5436 2021 5490 unguentum

459 5523 526 5575 ab
558 5522 818 5589 episcopo
850 5520 965 5572 solo
994 5517 1305 5579 conficitur,
1346 5515 1506 5583 cujus
1538 5516 1612 5567 rci
1649 5516 1877 5583 gratiam
1916 5530 2021 5567 non

457 5611 621 5665 habet
650 5608 953 5679 presbyter.
979 5606 1340 5661 Diaconorum
1369 5617 1548 5659 autem
1579 5607 1630 5658 in
1667 5604 1768 5658 hoc
1791 5606 2027 5657 maxime

458 5699 765 5757 ministerio
819 5711 1086 5770 nusquam
1124 5697 1482 5749 meminerunt
1518 5710 1773 5749 canones.
1813 5694 1948 5765 Ergo
1979 5695 2022 5749 si

2129 4512 2186 4565 δὲ
2226 4513 2327 4582 τὴν
2361 4514 2522 4581 χάριν
2545 4512 2758 4580 ἔχουσιν
2773 4514 2822 4563 ei
2848 4511 3157 4576 ἐπίσκοποι,
3189 4514 3285 4564 καὶ
3317 4513 3447 4582 οὐχὶ
3480 4514 3721 4583 πρεσϐύ-

2128 4620 2274 4674 τεροι
2308 4605 2403 4655 ὀί
2460 4604 2821 4674 πρεσϐύτεροι
2894 4603 2952 4655 δὲ
3017 4604 3115 4674 τὴν
3178 4604 3291 4657 τῶν
3342 4606 3721 4675 ἐϐδομήκοντα

2128 4694 2442 4761 κέκτηνται,
2466 4694 2628 4745 πάλιν
2657 4693 2908 4760 λέγουσιν
2924 4686 3092 4747 οὗτοι.
3121 4693 3214 4745 Διὸ
3243 4700 3344 4748 καὶ
3370 4699 3491 4760 τοῖς
3524 4697 3723 4766 βαπτιο

2131 4785 2335 4837 σθεῖσιν
2359 4783 2465 4836 ὑπὸ
2486 4784 2757 4837 Φιλίππου
2789 4785 2908 4846 ἐνὸς
2942 4785 3053 4838 τῶν
3084 4785 3225 4838 ἑπτὰ
3256 4786 3540 4841 διακόνων
3581 4791 3638 4839 ἐν
3656 4790 3720 4858 τῇ

2129 4878 2412 4948 Σαμαρείᾳ
2443 4881 2655 4940 πιστοῖς
2702 4878 2928 4949 Πέτρος,
2963 4879 3058 4932 καὶ
3098 4879 3365 4947 Ἰωάννης
3392 4882 3497 4944 τάς
3531 4883 3724 4953 χεῖρας

2128 4970 2445 5021 ἐπετίθεσαν
2474 4970 2824 5034 ἀπελθόντες,
2850 4971 2937 5022 ἳνα
2964 4970 3170 5023 λάϐωσι
3231 4970 3471 5040 Πνεῦμα.
3512 4976 3668 5039 ἆγιον
3705 4986 3720 5002 ο

2126 5058 2156 5111 δ
2182 5060 2245 5128 δη
2277 5061 2336 5111 τὸ
2367 5060 2535 5130 μύρον
2552 5060 2688 5124 ἐστὶ,
2711 5059 2839 5129 παρ’
2862 5061 3163 5113 ἐπισκόπου
3189 5060 3359 5129 μόνου
3390 5064 3715 5131 γινόμενον,

2127 5145 2190 5204 οὗ
2211 5150 2307 5219 τὴν
2323 5153 2483 5221 χάριν
2511 5154 2611 5204 οὐκ
2639 5151 2751 5221 ἔχει
2778 5152 3174 5221 πρεσϐύτερος.
3217 5154 3327 5204 Καὶ
3351 5152 3620 5207 διακόνου
3665 5156 3721 5205 δὲ

2127 5244 2355 5306 ούδόλως
2380 5246 2749 5312 μέμνηνταιοί
2787 5246 3011 5306 κανόνες
3045 5246 3102 5295 ἐν
3129 5247 3195 5311 τῇ
3238 5245 3489 5316 μεγίστῃ
3532 5246 3714 5319 ταύτῃ

2128 5334 2424 5402 ὑπηρεσίᾳ.
2455 5335 2515 5386 Ei
2547 5333 2638 5385 οὖν
2663 5333 3024 5403 πρεσϐύτεροι
3057 5335 3223 5402 χωρὶς
3260 5333 3430 5403 181
3479 5353 3724 5404 προτρο-

2128 5424 2235 5490 πῆς
2268 5423 2366 5474 οὐκ
2402 5424 2617 5493 ἔχουσιν
2646 5424 2853 5489 ἄδειαν,
2884 5426 2979 5476 καὶ
3005 5424 3265 5476 διακόνων
3290 5426 3345 5474 et
3387 5425 3623 5484 κανόνες
3661 5426 3722 5477 ού

2131 5516 2456 5583 μέμνηνται,
2489 5514 2602 5575 πῶς
2632 5514 2822 5582 ἕτερος
2853 5513 3071 5580 ἰδιώτης
3114 5513 3187 5583 μὴ
3216 5515 3540 5582 ίερωσύνην
3583 5516 3726 5573 ὅλως

2128 5602 2330 5667 λαϐὼν,
2360 5605 2700 5674 ὑπηρετήσει
2752 5604 2927 5674 τούτῳ
2958 5604 3035 5673 τῷ
3092 5607 3392 5673 μυστηρίῳ
3456 5608 3556 5657 καὶ
3592 5605 3724 5673 ἱερῷ

2130 5695 2224 5764 τῆς
2255 5698 2539 5765 μετανοίας
2564 5696 2997 5767 λειτουργήματι
3024 5712 3040 5764 ;
3073 5695 3205 5768 Περὶ
3235 5694 3303 5747 οὗ
3340 5697 3414 5766 δὴ
3438 5698 3539 5749 καὶ
3578 5699 3728 5751 κατὰ
