4034 6192
323 295 426 361 489

1619 312 1664 370 D
1677 312 1716 370 E
1759 311 2255 377 ΡίΕΝΙΤΕΝἸῚΛ.

3453 315 3562 380 4θο

387 409 480 463 Ἐν
509 411 576 481 τῇ
613 413 872 484 μετανοίᾳ
898 413 954 469 δὲ
1008 415 1102 470 καὶ
1131 417 1190 470 τὸ
1220 419 1320 486 τῆς
1361 423 1646 488 μετανοίας
1677 421 1870 490 ἀγγελι

2071 425 2131 478 1η
2195 428 2518 496 paenitentia
2589 444 2715 485 vero
2771 439 2824 485 et
2886 429 3222 500 pcenitentire
3282 430 3558 502 angelicus

318 501 413 554 κον
441 501 755 572 εὑρίσκεται
779 505 982 574 σχῆμαο
1009 508 1138 576 περὶ
1161 501 1222 563 οὗ
1247 511 1310 580 δὴ
1337 511 1431 565 καὶ
1457 515 1889 584 προειρήκαμεν.

321 593 464 663 Πλὴν
493 595 794 663 ἀναγκαῖον
825 597 985 651 πάλιν
1025 601 1168 667 ἐρεῖν
1235 603 1383 666 ὅπως
1437 621 1496 674 τε
1537 605 1700 674 189
1724 605 1894 657 τελεῖ·-

317 701 428 752 ται,
463 687 559 740 καὶ
581 689 648 742 τὰ
665 689 921 757 περὶτῶν
952 691 1236 760 συμϐόλων
1269 695 1457 750 αὑτοῦ.

875 803 1123 860 ΚΕΦᾹΛ.
1165 807 1332 866 ΣΞΕ⁹.’

315 890 480 945 Διατί
507 889 574 946 τό
601 887 724 948 τῶν
741 894 1054 1028 μονακῶγζ
1073 897 1286 967 σχῆμα
1322 898 1650 970 ἁγγσλικὸν
1675 899 1889 971 ὀνομά-

1042 983 1192 1022 εται.

1042 983 1166 1022 εται
1177 1007 1192 1021 ο

381 1050 550 1106 Ἀλλὰ
579 1054 695 1117 πῶς
751 1056 1046 1126 μετανοίας
1085 1059 1271 1128 σχῆμα
1301 1059 1638 1129 λέγεταικαὶ
1667 1061 1904 1132 ἀγγελιολ

312 1144 440 1210 κόν;
494 1146 616 1198 ἐπεὶ
659 1147 720 1199 οὐ
779 1150 1202 1220 περιπίπτουσιν
1237 1151 1480 1219 ἄγγελοι,
1513 1151 1660 1207 εῖποι
1691 1169 1774 1218 τις
1797 1155 1884 1222 ἂν,

307 1235 394 1287 ὅτι
439 1236 558 1289 οὐδὲ
581 1237 741 1304 φύσει
773 1238 834 1290 τὸ
856 1239 1212 1308 περιπίπτειν
1246 1243 1452 1306 αὐτοῖς.
1490 1245 1588 1308 Ὃς
1617 1245 1884 1313 ἀκουέτω,

307 1329 384 1388 ὡς
413 1327 476 1380 τδ
501 1327 770 1396 ἄτρεπτον
797 1329 896 1384 καὶ
934 1332 1186 1386 ἄπτωτον
1219 1332 1355 1387 Θεοῦ
1399 1335 1586 1406 μόνου,
1619 1337 1709 1390 ἀεὶ
1733 1323 1885 1402 ὄντος

305 1418 406 1470 καὶ
439 1417 800 1472 ἀναλλοιώτου
848 1420 1122 1490 μένοντος.
1172 1420 1298 1487 Τοῖς
1343 1425 1672 1495 ἀρξαμένοις
1699 1428 1757 1482 δὲ
1789 1429 1886 1482 καὶ

305 1512 551 1573 κτιστοῖς
600 1509 882 1577 ἀλλοίωσις
909 1513 1127 1570 ἕπεται.
1195 1517 1305 1570 Καὶ
1334 1516 1514 1586 δῆλον,
1541 1518 1618 1584 ὥς
1648 1537 1793 1584 τινες
1825 1523 1887 1575 ἐκ

300 1603 418 1656 τῶν
474 1603 722 1672 ἀγγέλων
753 1605 1258 1678 περιπεπτῶκασιν,
1318 1611 1456 1665 ἀλλὰ
1499 1613 1562 1666 τδ
1595 1616 1884 1684 προσέχειν

1997 515 2272 572 invenitur
2301 519 2516 576 habitus
2549 536 2564 575 :
2594 521 2661 576 de
2695 537 2802 591 quo
2827 519 2936 590 jam
2971 536 3136 592 supra
3177 521 3438 579 diximus.
3471 525 3564 576 At.

1995 613 2172 660 tamen
2209 612 2572 664 necessarium
2606 621 2688 666 est
2717 612 2911 665 iterum
2943 612 3216 681 quomodo
3241 613 3564 668 conliciatur
3681 641 3712 662 ο

1991 706 2045 752 et
2085 697 2150 752 de
2176 699 2294 770 ejtts
2327 701 2587 770 symbolis
2622 703 2822 755 dicere.

2525 791 2755 873 caper
2783 793 3032 851 CCLXV.

1993 879 2170 946 Quare
2196 883 2578 950 pauitantialis
2618 895 2672 958 et
2721 889 3049 958 monaehalis
3083 886 3294 942 habitus
3327 887 3562 958 angelico

2483 957 2691 1036 nomine
2721 957 3019 1026 appellatur
3047 961 3074 1014 .9

2063 1043 2167 1098 Sed
2209 1045 2480 1113 quomodo
2513 1047 2850 1116 paenitentiae
2897 1050 3116 1106 habitus
3151 1050 3351 1105 dicitur
3394 1064 3559 1120 ange-

1988 1133 2145 1200 licus,
2174 1135 2408 1192 fortasse
2458 1137 2603 1194 dicet
2647 1139 2866 1207 aliquis,
2897 1125 3048 1195 cum,
3069 1143 3246 1210 angeli
3307 1156 3416 1196 non
3465 1157 3560 1194 ca-

1989 1227 2138 1292 dant,
2167 1239 2356 1280 uatura
2389 1243 2492 1284 non
2527 1239 2610 1286 est
2653 1231 2732 1287 eis
2773 1241 2834 1286 ut
2863 1233 3059 1288 cadere
3087 1233 3333 1304 possint?
3361 1231 3562 1287 Audiat

1989 1316 2092 1372 iste
2121 1319 2616 1376 immutabilitatem
2672 1331 2726 1378 et
2755 1323 3170 1394 impeccanliam
3219 1323 3390 1378 solius
3433 1337 3556 1379 esse

1993 1407 2082 1463 Dei
2118 1411 2210 1482 qui
2243 1426 2459 1482 semper
2497 1421 2583 1468 est
2625 1423 2678 1468 et
2723 1414 3080 1470 immutabilis
3121 1423 3422 1484 permanet,
3473 1429 3560 1469 res

1989 1512 2167 1554 autem
2202 1517 2322 1570 qua:
2361 1513 2642 1572 coeperunt
2691 1515 2746 1560 et
2795 1514 2990 1562 creata:
3021 1515 3152 1561 sunt
3187 1507 3418 1562 mutatio
3471 1521 3560 1561 se-

1987 1592 2190 1660 quitur,
2224 1594 2368 1664 quod
2419 1595 2584 1664 liquet
2651 1611 2772 1652 cum
2817 1597 3062 1652 nonnulli
3087 1612 3154 1651 ex
3182 1597 3389 1666 angelis
3423 1597 3558 1666 lapsi

302 1694 528 1762 αὐτοὺς,
561 1698 656 1750 καὶ⁸
707 1699 1116 1765 ταπεινοῦσθαι,
1151 1704 1266 1766 ,καὶ
1295 1703 1544 1758 ὑπείκειν
1591 1683 1730 1776 θεῷ,
1770 1683 1877 1762 ita}

1990 1683 2190 1739 fuerint
2207 1703 2224 1752 ;
2255 1687 2349 1742 sed
2393 1701 2488 1742 eos
2519 1687 2626 1744 Deo
2655 1689 2952 1755 adhaerere,
2983 1705 3164 1746 coram
3197 1704 3264 1746 eo
3287 1689 3556 1744 humiliari

300 1786 656 1859 λειτουργοὺς
703 1786 844 1845 εῖναι
901 1793 1201 1864 καθαροὺς,
1253 1797 1348 1849 καὶ
1379 1800 1554 1852 ποιεῖν
1577 1799 1640 1853 τὸ
1671 1800 1877 1871 θέλημα

1984 1775 2140 1844 eique
2185 1779 2431 1846 obedire,
2461 1781 2696 1836 mundos
2723 1797 2847 1838 esse
2893 1783 3194 1848 ministros,
3226 1781 3410 1838 facere
3435 1778 3555 1851 ejus

301 1878 496 1944 αὐτοῦ,
525 1880 666 1936 καθὰ
688 1881 1024 1952 γέγραπται,
1043 1884 1204 1939 τοῦτό
1227 1889 1342 1942 ἐστι
1365 1888 1424 1942 τδ
1445 1889 1706 1957 ἀγγέλους
1723 1887 1882 1948 εἶναι.

303 1972 576 2041 Ἀγγελος
604 1975 712 2044 γὰρ
739 1977 768 2029 ό
791 1977 1134 2046 ἀναγγέλλων
1170 1977 1238 2032 τὰ
1261 1979 1354 2032 τοῦ
1382 1979 1541 2034 Θεοῦ.
1599 1981 1764 2037 Ὅθεν
1793 1985 1888 2036 καὶ

302 2065 560 2133 μοναχὺς,
590 2065 638 2118 εί
676 2069 772 2120 καὶ
817 2068 914 2133 τῆς
971 2070 1480 2140 παραπεπτωκυίας
1518 2072 1734 2142 φύσεώς
1767 2076 1882 2128 ἐστι

299 2157 410 2209 τῶν
439 2156 768 2226 ἀνθρώπων,
819 2159 934 2212 ἀλλ’
969 2161 1124 2230 ἰσχὺν
1181 2160 1310 2232 ἔσχε
1368 2163 1745 2234 προθυμηθεὶς
1789 2165 1882 2218 τοῦ

302 2252 494 2304 πατεῖν
555 2249 738 2305 ὲπάνω
775 2251 956 2320 ὄφεων
993 2254 1088 2306 καὶ
1126 2255 1432 2325 σκορπίων,
1459 2257 1552 2308 καὶ
1579 2257 1673 2309 ἐπὶ
1701 2258 1882 2311 πᾶσαν

301 2344 398 2413 τὴν
421 2344 657 2414 δύναμιν
705 2345 799 2399 τοῦ
863 2345 1080 2416 ἐχθροῦ.
1131 2347 1242 2402 Καὶ
1291 2348 1444 2402 οὐδὲν
1499 2348 1660 2402 αὑτὸν
1695 2349 1754 2402 οὐ
1805 2350 1900 2419 μὴ·

302 2434 574 2506 ἀδικήσει.
600 2435 986 2505 Ἐξερχόμενες
1045 2439 1226 2494 τοίνυν
1283 2439 1444 2503 οὗτος
1491 2438 1586 2494 τοῦ
1621 2440 1760 2510 βίου,
1788 2443 1881 2500 καὶ

301 2527 508 2597 κόσμον
535 2529 630 2581 καὶ
657 2529 848 2596 γονέας
875 2529 1236 2598 καὶγυναῖκα
1269 2533 1363 2584 καὶ
1401 2531 1567 2585 τέκνα
1599 2534 1694 2586 καὶ
1722 2533 1880 2586 ἁδελ-

302 2621 436 2688 φοῦς
487 2619 712 2688 ἀφιεὶς,
769 2621 868 2690 τὴν
915 2621 1026 2676 τῶν
1088 2622 1334 2691 ἀγγέλων
1393 2626 1644 2692 μιμεῖται
1707 2625 1875 2694 ζωήν.

314 2710 722 2780 ’Δπροσπαθεῖς
765 2711 872 2780 γὰρ
909 2705 1054 2766 οὗτοι
1093 2713 1202 2766 τῶν
1233 2713 1401 2774 κάτω,
1441 2715 1534 2767 καὶ
1577 2715 1652 2786 μὴ
1687 2717 1879 2784 γενεὰν

302 2803 508 2872 σαρκὸς
566 2803 800 2872 ἔχοντες,
859 2805 995 2858 ἀλλὰ
1047 2805 1228 2859 καὶτὸ
1251 2807 1434 2862 δοῦναι
1477 2807 1652 2875 λόγον,
1699 2809 1877 2878 αἴρειν

305 2895 386 2948 ἐπ’
417 2893 588 2963 ὤμων
611 2895 842 2964 Χριστοῦ
877 2896 969 2948 τὸν
1011 2898 1260 2967 σταυρὸν,
1314 2900 1410 2950 καὶ
1440 2901 1616 2969 τούτῳ
1649 2900 1874 2954 ἀκολου-

301 2987 412 3040 θεῖν
441 2986 563 3039 κατ’
607 2988 772 3056 ἴχνος,
806 2991 898 3040 καὶ
931 2988 1174 3057 ὑπήκοον
1215 2984 1380 3054 εἶναι,
1415 2989 1510 3042 καὶ
1531 2991 1875 3062 ἀρνήσασθαι

1989 1866 2324 1926 voluntatem
2353 1873 2494 1926 sicut
2537 1875 2800 1942 scriptum
2837 1884 2940 1940 est,
2979 1875 3094 1930 haec
3123 1883 3206 1930 est
3233 1875 3554 1944 angelorum

1987 1959 2247 2014 conditio.
2295 1961 2430 2016 Nam
2459 1966 2684 2035 angelus
2715 1966 2858 2021 idem
2891 1975 3050 2022 sonat
3089 1982 3154 2022 ac
3184 1982 3366 2022 rerum
3407 1966 3553 2022 divi-

1985 2064 2180 2104 narum
2227 2053 2472 2109 nuntius.
2537 2055 2691 2111 Unde
2721 2068 2774 2110 et
2805 2058 3125 2122 monachus,
3159 2059 3262 2114 etsi
3287 2059 3450 2128 lapsa:
3481 2057 3554 2114 sit

1986 2140 2270 2198 hominum
2315 2153 2544 2210 natttrtn,
2591 2159 2852 2215 attamen,
2903 2149 2950 2204 si
2997 2150 3278 2206 voluntate
3318 2149 3552 2212 ferveat,

1985 2231 2238 2287 virtutem
2273 2235 2436 2291 habet
2462 2239 2770 2294 ambulandi
2807 2256 2974 2310 super
3001 2250 3280 2312 serpentes
3309 2251 3364 2296 et
3400 2256 3554 2297 scor-

1985 2321 2175 2392 piones
2237 2333 2291 2380 et
2349 2343 2514 2398 super
2574 2345 2790 2385 omnem
2841 2333 3048 2388 inimici
3103 2342 3452 2404 potestatem,
3500 2345 3554 2389 et

1983 2418 2120 2472 nihil
2152 2419 2200 2474 ei
2245 2422 2476 2478 nocebit.
2531 2425 2629 2480 llic
2681 2428 2845 2498 igitur
2877 2444 2907 2484 e
2933 2430 3041 2485 vita
3073 2445 3352 2501 egressus,
3393 2447 3552 2486 mun-

1983 2510 2164 2577 doque
2191 2521 2244 2566 et
2276 2517 2618 2583 parentibus,
2651 2520 2894 2586 muliere.
2935 2521 3061 2577 ﬁliis
3099 2532 3260 2602 atque
3291 2524 3549 2578 fratribus

1981 2600 2275 2671 derelictis,
2333 2607 2498 2660 vitam
2553 2612 2868 2680 angelorum
2925 2600 3203 2680 imitatur;
3271 2617 3358 2671 isti
3403 2617 3548 2671 enint

1981 2693 2128 2748 nullo
2165 2699 2506 2752 terrestrium
2543 2716 2730 2758 amore
2759 2713 3032 2770 tenentur,
3066 2723 3244 2776 neque
3275 2709 3546 2764 carnalem

1981 2785 2184 2841 habent
2263 2791 2760 2861 propinquitatem,
2841 2797 2936 2852 sed
3011 2798 3232 2870 insuper
3284 2801 3548 2858 rationem

1979 2879 2320 2946 submittere,
2353 2897 2518 2952 super
2555 2885 2811 2941 humeros
2853 2903 3072 2945 crucem
3097 2890 3302 2947 Christi
3333 2895 3546 2961 tollere,

1977 2972 2096 3041 ejus
2128 2975 2283 3043 sequi
2315 2978 2562 3048 vestigia,
2591 2979 2822 3034 docilem
2857 2994 3000 3048 esse,
3033 2987 3216 3040 omnia
3249 2990 3543 3059 abnegare,

301 3075 504 3142 πάντα,
526 3077 620 3128 καὶ
649 3077 724 3147 μὴ
757 3080 928 3131 ποιεῖν
947 3080 1148 3132 οἰκεῖον
1171 3079 1403 3150 θέλημα,
1437 3079 1598 3151 ἔργον
1625 3084 1873 3151 ἀγγέλων

1980 3067 2258 3135 propriam
2327 3069 2653 3126 voluntatem
2714 3089 2822 3130 non
2879 3077 3076 3139 facere,
3139 3079 3238 3133 hoc
3281 3089 3361 3134 est
3409 3097 3548 3150 opus

301 3167 468 3222 ἐστίν.
493 3187 511 3221 ι
545 3169 822 3236 Εὐλογεῖτε
851 3170 978 3241 γὰρ,
1012 3171 1274 3239 φησὶ,τὸν
1305 3171 1526 3244 Κύριον,
1550 3174 1748 3238 πάντες
1771 3175 1876 3245 ἄγ-

301 3256 450 3326 γελοι
472 3255 662 3311 αὑτοῦ.
683 3255 920 3311 ’Δυνατοὶ
956 3261 1124 3328 ἰσχύϊ,
1155 3261 1432 3324 ποιοῦντες
1473 3262 1562 3317 τὸν
1594 3262 1750 3331 λόγον
1779 3265 1876 3319 αὐ-

299 3349 414 3412 τοῦ,
439 3347 534 3400 τοῦ
565 3348 798 3402 ἀκοῦσαι
827 3349 924 3418 τῆς
953 3351 1134 3420 φωνῆς
1171 3351 1264 3404 τοῦ
1294 3351 1454 3418 λόγου
1485 3353 1676 3409 αὐτοῦ.
1705 3355 1873 3409 Εὐλο-

300 3444 444 3508 γεῖτε
471 3440 566 3492 τὸν
597 3440 822 3510 Κύριον,
847 3443 1020 3494 πᾶσαι
1052 3441 1108 3494 αἱ
1133 3443 1391 3512 δυνάμεις
1417 3443 1604 3510 αὐτοῦ,
1635 3445 1874 3519 λειτουρ-

299 3533 384 3602 γοὶ
413 3531 606 3600 αὐτοῦ,
641 3533 690 3585 οἱ
713 3533 990 3596 ποιοῦντες
1030 3535 1090 3587 τὸ
1123 3535 1334 3606 θέλημα
1365 3537 1582 3592 αὑτοῦ.»
1631 3539 1826 3610 Ὁρᾶτε
1855 3557 1871 3608 ;

310 3626 444 3680 Ἰδοὺ
489 3624 612 3678 καθ’
658 3626 916 3695 ὁμοίωσιν
951 3627 1200 3694 ἀγγέλων
1228 3629 1292 3683 τὸ
1328 3629 1540 3701 σχῆμα,
1575 3631 1670 3685 καὶ
1701 3631 1870 3687 αὐτοῦ

313 3717 485 3789 Ἰησοῦ
525 3717 786 3788 Χριστοῦ,
813 3717 932 3783 τοῦ,
961 3719 1056 3788 Μὴ
1089 3719 1156 3772 τὸ
1183 3719 1416 3790 θέλημά
1452 3741 1590 3792 μου,
1619 3723 1780 3778 ἀλλὰ
1803 3726 1870 3779 τὸ

307 3810 416 3864 σὸν
443 3809 728 3877 γενέσθω,
749 3810 1046 3880 εὐξαμένου
1079 3812 1218 3882 πρὸς
1247 3814 1338 3866 τὸν
1372 3816 1610 3885 Πατέρα.
1647 3817 1738 3870 Διὸ
1774 3819 1869 3871 καὶ

301 3903 574 3966 Διονύσιος
601 3902 758 3955 τοῦτο
789 3901 850 3955 τὸ
883 3903 1066 3974 σχῆμα
1099 3905 1398 3975 ὑπέρτερον
1431 3909 1498 3977 τῇ
1533 3907 1868 3981 καθαρότητι

297 3993 392 4046 καὶ
415 3993 516 4063 τῆς
547 3993 656 4048 τῶν
707 3996 764 4048 ἐν
794 3994 984 4065 κόσμῳ
1019 3995 1336 4050 ἐπισκόπων
1363 3997 1512 4066 ζωῆς
1533 4015 1715 4069 φησιν.

837 4107 1086 4161 ΚΕΦΛΛ.
1103 4121 1114 4134 ·
1129 4107 1303 4175 23.7.

293 4198 461 4253 Διατι
508 4197 800 4273 ἐπιπλέοῖ
828 4201 884 4252 οί
915 4199 1033 4273 νῦν
1063 4203 1150 4266 εις
1181 4200 1529 4267 ἐπισκοπὴν
1577 4203 1865 4273 ἀγόμενοι

662 4267 902 4337 πρῶτον
937 4271 1206 4340 γίνονται
1234 4273 1514 4340 μοναχοί.

365 4357 462 4412 Διὸ
491 4357 586 4412 καὶ
621 4359 656 4429 ἡ
685 4359 782 4412 τοῦ
830 4359 1070 4430 Χριστοῦ
1118 4359 1436 4430 Ἐκκλησία,
1487 4362 1614 4425 τοὺς
1647 4362 1864 4427 πλείους

1981 3157 2321 3226 angelorum.
2393 3162 2482 3216 Ait
2540 3163 2740 3219 enim:
2817 3165 3176 3222 «Benedicite
3231 3170 3547 3234 Dominum,

1981 3269 2172 3310 omnes
2222 3257 2398 3326 angeli
2449 3259 2604 3330 ejus,
2679 3269 2925 3330 potentes
2983 3265 3223 3330 virtute,
3279 3265 3542 3324 facientes

1981 3347 2204 3400 verbum
2256 3348 2404 3403 illius
2459 3351 2525 3406 ad
2585 3353 2908 3409 audiendam
2971 3371 3159 3412 vocem
3227 3373 3546 3415 sermonum

1979 3437 2117 3505 ejus.
2149 3437 2458 3498 Benedicite
2523 3442 2834 3511 Dominum,
2895 3463 3086 3504 omnes
3134 3453 3360 3508 virtutes
3407 3454 3546 3523 ejus.

1979 3529 2216 3585 ministri
2303 3534 2472 3602 ejus,
2539 3537 2630 3606 qui
2693 3537 2858 3594 facite
2913 3541 3252 3597 voluntatem
3333 3547 3473 3614 ejus.
3521 3567 3542 3600 ι

1979 3617 2292 3677 Videtisne?
2336 3623 2418 3678 En
2453 3625 2669 3681 habitus
2701 3628 2790 3683 ille
2835 3639 2918 3684 est
2947 3632 3250 3686 secundum
3281 3635 3544 3690 similitu—

1977 3709 2158 3766 dinem
2194 3715 2506 3783 angelorum
2537 3725 2594 3772 et
2619 3719 2790 3788 ipsius
2819 3719 2945 3774 .lesu
2977 3721 3174 3775 Chii-ti
3199 3723 3292 3792 qui
3329 3721 3542 3780 Patrem

1976 3800 2372 3872 deprecabatur
2402 3807 2590 3864 dicens
2617 3827 2631 3862 :
2695 3829 2713 3860 ι
2743 3811 2858 3864 Non
2897 3827 3012 3865 mea
3045 3813 3294 3868 voluntas
3323 3815 3414 3868 sed
3449 3824 3542 3870 tua

1975 3892 2088 3947 ﬁat.
2117 3913 2137 3945 ι
2197 3897 2320 3950 Ideo
2355 3897 2648 3971 Dionysius
2708 3902 2846 3957 dixit
2887 3905 3031 3958 hunc
3083 3905 3250 3973 ipsius
3277 3909 3398 3960 vita:
3425 3911 3542 3976 rpi-

1975 3997 2262 4055 scoporum
2313 3987 2408 4058 qui
2456 3989 2511 4042 in
2535 3992 2737 4046 mundo
2768 4001 2895 4047 sunt
2917 3993 3226 4063 integritate
3262 4006 3540 4065 praestare.

2501 4103 2730 4160 CAPUT
2761 4085 3038 4160 CCLXVI.

1977 4197 2156 4266 Quare
2187 4209 2240 4254 tu
2263 4198 2549 4267 plurimum
2583 4199 2672 4267 qui
2701 4214 2838 4252 nunc
2867 4199 2938 4253 ad
2975 4201 3334 4268 episcopum»:
3358 4219 3538 4268 perue-

2317 4270 2495 4332 niunt,
2523 4271 2672 4337 prius
2714 4271 2848 4338 ﬁunt
2885 4270 3171 4324 monachi?

2041 4357 2408 4424 Quamobrem
2451 4358 2654 4414 Christi
2709 4358 2950 4414 Ecclesia
3001 4359 3290 4430 plerosque
3346 4377 3534 4418 eorum

289 4451 406 4505 τῶν
429 4451 508 4513 είς
539 4451 845 4523 ἐπισκοπὴν
868 4451 1154 4520 ἀγομένων
1187 4452 1316 4522 ἄρτι
1351 4453 1428 4522 τῷ
1461 4453 1588 4525 θείῳ
1625 4457 1864 4525 σχήματι

1980 4465 2108 4521 quos
2137 4451 2298 4506 modo
2321 4449 2386 4506 ad
2416 4451 2788 4521 episcopatum
2811 4451 3022 4507 extollit.
3043 4453 3194 4523 prius
3217 4455 3320 4512 hoc
3353 4457 3538 4513 habitu

289 4541 474 4610 τούτῳ
511 4542 937 4612 κατακοσμοῦσα
985 4543 1271 4612 πρότερον,
1306 4543 1478 4607 οὕτως
1538 4547 1872 4611 ἐπισκόπους

292 4635 556 4703 natura},
607 4633 676 4689 τὰ
725 4635 956 4704 μέγιστα
1001 4635 1094 4688 καὶ
1137 4635 1268 4704 ἅγια
1291 4635 1400 4689 τῶν
1427 4637 1600 4704 ἁγίων
1628 4637 1704 4708 τῷ
1733 4655 1874 4693 παν-

289 4727 436 4796 αγίῳ
463 4725 933 4795 ὲξασφαλιζομὲνη
980 4726 1074 4778 καὶ
1105 4725 1258 4796 ’ἱερῷ
1309 4727 1574 4798 σχήματι.
1639 4727 1784 4799 Ὅρα
1814 4729 1870 4783 δὲ

289 4820 392 4872 καὶ
421 4819 574 4882 ὃπως
629 4818 866 4873 τελεῖται
917 4819 952 4888 ἡ
996 4816 1088 4870 τοῦ
1154 4819 1456 4890 μοναχικοῦ
1505 4821 1782 4890 σχήματος
1812 4819 1870 4874 ἰν

289 4911 340 4964 Χ
348 4909 520 4981 ριστῷ
549 4909 670 4964 θεία
699 4909 913 4978 τελετή.

853 5001 1102 5057 ΚΕΦΑΛ.
1151 4999 1312 5056 ΣΞΖἌ

521 5089 530 5103 ’
613 5083 1114 5158 Περῑμοναχικῆς
1145 5090 1532 5156 τελειώσεως.

367 5185 744 5254 Προσερχεται
769 5183 798 5234 ὁ
825 5183 1056 5251 μονὰσαι
1103 5181 1426 5252 βουλόμενος
1451 5167 1744 5250 ¹ἑκουσίως,
1781 5187 1870 5236 καὶ¹

290 5277 418 5341 δοὺς
441 5277 600 5341 λόγον
629 5273 732 5344 τῆς
761 5274 906 5328 κατὰ
923 5273 1056 5328 Θεὸν
1083 5273 1246 5344 ζωῆς,
1275 5273 1634 5344 δοκιμάζεται
1657 5277 1714 5328 ἐν
1739 5275 1870 5345 ὥρι-

293 5370 486 5440 σμένῳ
510 5365 836 5436 καιρῷ,,καὶ
855 5363 1039 5418 πίστιν
1067 5363 1191 5428 δοὺς
1213 5365 1320 5418 ἀπὸ
1346 5367 1446 5436 τῆς
1462 5365 1626 5419 αὐτοῦ
1659 5365 1866 5436 βιοτῆς,

291 5461 393 5516 καὶ
422 5461 522 5530 τὴν
545 5455 829 5512 τελείωσιν
871 5455 964 5509 τοῦ
996 5443 1273 5526 σχήματος
1310 5457 1643 5526 ἐκζητήσας,
1677 5455 1760 5508 ῖνα
1792 5455 1868 5526 μὴ

291 5551 423 5624 δόξῃ
451 5549 694 5620 βιασθεὶς
722 5547 757 5618 ἢ
808 5545 1199 5615 ἀναγκασθεὶς,
1235 5547 1573 5617 προσάγεται
1609 5545 1688 5616 τῷ
1716 5546 1826 5616 ναῷ
1849 5561 1865 5578 ο

294 5643 422 5697 ἐπεὶ
451 5641 526 5705 ὡς
549 5641 720 5711 δῶρον
771 5639 1159 5710 προσφέρεται,
1212 5637 1424 5707 ἐξάγων
1461 5639 1624 5701 αὐτὸς
1675 5637 1868 5692 ἑαυτὸν

297 5733 398 5790 τοῦ
422 5733 630 5806 κόσμου
646 5745 662 5762 ·
681 5731 776 5785 κει)⁴
799 5731 904 5799 πρὸ
923 5730 1030 5782 τῶν
1054 5729 1236 5783 πυλῶν
1253 5731 1490 5800 ἵσταται,
1515 5731 1636 5785 ἐπεὶ
1657 5728 1868 5784 οὐδέπω

645 5826 913 5888 Parnm.
959 5826 1076 5888 Cn.
1123 5825 1300 5887 CLV.

1973 4543 2268 4598 adornatos
2332 4543 2411 4599 sic
2465 4543 2753 4614 episcopos
2811 4547 3132 4612 constituit,
3195 4550 3428 4605 maxima
3485 4562 3542 4607 ct

1973 4645 2158 4690 sancta
2185 4643 2498 4690 sanctorum
2529 4636 2630 4691 hoc
2661 4636 3009 4692 sanctissimo
3041 4653 3306 4710 sacroque
3349 4643 3536 4699 habitu

1971 4726 2370 4781 conﬁrmando.
2433 4725 2565 4782 Vide
2589 4737 2770 4782 autem
2793 4729 3070 4794 quomodo
3101 4732 3190 4786 fiat
3235 4735 3538 4793 monaehie'

1973 4813 2188 4870 habitus
2209 4816 2264 4869 in
2285 4815 2506 4872 Christo
2533 4817 2720 4872 divina
2747 4821 3115 4876 consecratio.
3143 4833 3148 4838 '

2481 4991 2714 5050 CAPUT
2777 4991 3080 5050 CCLXVII.

2360 5085 2438 5139 De
2470 5085 2772 5140 monachali
2799 5087 3148 5155 perfectione.

2039 5174 2270 5230 Accedit
2306 5175 2400 5244 qui
2432 5175 2669 5230 libenter
2715 5177 2834 5230 vult
2861 5169 3128 5231 'monachi
3157 5177 3320 5232 vitam
3355 5192 3538 5249 agere,

1969 5275 2023 5320 et
2043 5267 2169 5321 data
2201 5267 2414 5320 ratione
2439 5266 2568 5320 vitae
2605 5281 2727 5336 qutc
2771 5277 2860 5322 est
2892 5269 3194 5322 Secundum
3245 5270 3435 5337 Deum,
3481 5271 3534 5326 in

1971 5365 2215 5428 tempore
2251 5357 2554 5412 constituto
2610 5359 2904 5426 probatur;
2953 5358 3154 5414 deinde
3201 5360 3360 5418 [idem
3401 5363 3539 5419 dans

1969 5465 2070 5520 per
2131 5463 2284 5503 suam
2348 5449 2844 5518 conversationem,
2919 5459 2974 5506 et
3037 5465 3254 5508 sacrum
3316 5454 3540 5510 habitus

1969 5538 2232 5595 induendi
2275 5539 2442 5594 ritum
2465 5551 2788 5608 exposcens,
2819 5555 2892 5596 ne
2919 5541 3172 5598 videatur
3198 5544 3308 5599 vim
3341 5559 3537 5616 passus

1972 5641 2134 5703 atque
2157 5639 2402 5696 coactus,
2425 5631 2684 5702 templum
2707 5632 2839 5701 adit,
2873 5633 3130 5704 quoniam
3159 5637 3305 5692 velut
3331 5638 3534 5694 donum

1971 5721 2322 5794 semetipsum
2369 5721 2549 5793 oli'ert,
2581 5733 2637 5780 et
2685 5739 2786 5796 pro
2835 5724 3046 5783 foribus
3098 5737 3224 5794 stat,
3277 5727 3532 5800 quoniam

3067 5817 3134 5880 lli
