4034 6192
274 301 375 364 493

1573 306 1669 365 DE
1711 303 2224 367 PCENITENTIA.

3403 309 3504 372 49·λί

268 412 478 482 Αογικδν
503 411 581 480 τῷ
612 409 877 476 κτίσαντι,
912 413 1249 480 κατηχείται.
1283 414 1390 466 Καὶ
1430 413 1800 490 τῆς-τελειοτά

1931 416 2251 480 luntarium,
2284 419 2464 474 virum
2496 431 2550 476 et
2577 421 2918 487 rationabile,
2947 424 3264 492 instruitur,
3291 437 3346 484 et
3379 444 3504 501 per-

265 524 360 574 της
393 504 539 572 ζωῆς
593 504 884 572 ὑφηγεῖται
919 502 1067 570 αὐτῷ
1097 505 1123 557 ὁ
1174 504 1356 572 ἱερεὺς
1387 509 1486 575 τὴν
1521 505 1824 562 πολιτείαν.

267 595 466 654 Καὶὼς
503 592 755 646 πεινάσαι
787 591 920 660 ἔχει,
963 595 1057 645 καὶ
1102 594 1349 664 aream.
1390 596 1484 648 καὶ
1515 598 1828 666 γυμνητεῦ-

268 707 353 742 σαι
379 689 466 741 διὰ
519 688 776 757 Χριστὸν,
816 688 905 740 τὸν
955 688 1126 742 ταῦτα
1175 691 1417 744 παθόντα
1472 692 1613 760 ὑπὲρ
1645 695 1828 764 ἡμῶν,

266 784 354 835 καὶ
377 780 739 843 ὀνειδισθῆναι
769 777 863 830 καὶ
892 778 1256 849 χλευασθῆναι
1286 781 1377 833 καὶ
1404 781 1704 853 διωχθῆναι
1733 784 1828 836 καὶ

265 874 436 926 πὰντα
492 870 681 922 παθεῖν
739 868 810 920 δι’
873 871 1059 932 αὐτὸν,
1121 873 1215 923 καὶ
1245 872 1477 945 χαίρειν,
1511 875 1601 926 ὅτε
1653 873 1828 927 ταῦτα

261 966 434 1019 πάντα
460 967 617 1017 πάθοι
643 963 730 1017 διὰ
765 948 1033 1034 Χριστόν·
1069 963 1162 1016 καὶ
1189 964 1270 1016 ὅτι
1307 966 1535 1034 μεγίστη
1562 965 1593 1033 ἡ
1625 965 1826 1034 δωρεά·

259 1060 348 1108 καὶ
402 1057 655 1126 δεύτερον
711 1056 994 1127 βάπτισμα
1018 1056 1308 1124 λαμϐάνει,
1355 1057 1450 1108 καὶ
1501 1057 1827 1127 καθαίρεται

258 1148 362 1200 τῶν
392 1147 718 1217 ἁμαρτιῶν·
783 1150 877 1202 καὶ
933 1149 1046 1210 υίὸς
1080 1147 1254 1215 φωτὸς
1307 1147 1624 1200 δείκνυταιο
1675 1148 1769 1201 καὶ
1801 1148 1828 1199 ό

258 1242 464 1308 Κύριος
517 1242 675 1309 ἡμῶν
726 1241 813 1293 ἐπέ
849 1241 994 1308 αὐτῷ
1026 1241 1206 1310 χαίρει
1246 1240 1385 1308 μετὰ
1439 1240 1547 1292 τῶν
1576 1241 1826 1308 ἀγγέλων

255 1333 442 1397 αὑτοῦ,
478 1333 622 1385 θύων
675 1331 826 1403 αὖτῷ
859 1333 953 1385 τὸν
1017 1335 1217 1402 μόσχον
1246 1333 1338 1384 τὸν
1388 1331 1653 1395 σιτευτὸν,
1689 1332 1826 1402 ὅπερ

255 1428 404 1480 ἐστὶν
434 1427 600 1480 αὑτοῦ
632 1427 693 1479 τὸ
722 1426 882 1494 σῶμα
924 1426 1016 1478 καὶ
1041 1421 1200 1494 αἷμα.
1235 1425 1344 1479 Καὶ
1366 1427 1516 1488 ὅπως
1548 1425 1827 1492 ἀντιλογία

256 1517 350 1585 μὲν
395 1518 492 1568 καὶ
515 1515 764 1582 ἀνηκοΐα,
796 1515 1146 1584 ὑπερηφανία
1167 1531 1223 1566 τε
1248 1515 1340 1566 καὶ
1359 1514 1426 1566 τὰ
1455 1513 1620 1566 λοιπὰ
1648 1513 1826 1567 πάντα

191 1657 193 1659 ,
254 1606 423 1668 δεινὰ,
456 1603 787 1677 πόρῤωιῑῗεν
810 1605 905 1658 ἀπ’
925 1604 1112 1669 αὑτοῦ,
1145 1605 1369 1656 πλουτεῖ
1398 1604 1455 1656 δὲ
1503 1603 1601 1673 τὴν
1632 1602 1826 1657 ταπεί-

252 1717 419 1752 νωσιν
443 1700 538 1752 καὶ
567 1699 664 1770 τὴν
694 1699 939 1767 ὑπακοὴν
977 1699 1072 1751 καὶ
1115 1696 1472 1765 φιλαδελφίαν
1512 1697 1608 1749 καὶ
1649 1694 1826 1748 ἐπιεί-

253 1807 435 1857 κειαν,
469 1791 572 1861 τὴν
596 1789 827 1859 μελέτην
857 1807 914 1842 τε
949 1789 1043 1843 καὶ⁵
1075 1790 1378 1856 ἀνάγνωσιν
1409 1789 1518 1841 τῶν
1549 1787 1708 1841 θείων
1734 1787 1821 1840 λο-

251 1887 408 1953 γίων,
443 1886 540 1937 καὶ
593 1886 825 1955 τήρησιν
866 1884 966 1953 τῆς
1004 1883 1239 1953 καρδίας
1271 1881 1378 1934 ἀπὸ
1407 1880 1516 1933 τῶν
1559 1879 1824 1952 ῥυπαρῶν

251 1977 534 2047 λογισμῶν
563 1993 577 2007 ·
601 1977 680 2030 ἔτι
712 1977 766 2028 δὲ
797 1975 1058 2044 ἐργασίαν
1096 1975 1194 2050 τὴν
1230 1972 1370 2026 κατὰ
1413 1971 1644 2042 δύναμιν
1680 1991 1692 2003 ·
1729 1973 1827 2025 καὶ¹

251 2070 405 2130 τέλος
437 2067 762 2136 ἐξαγγελίαν
813 2067 918 2121 τῶν
975 2069 1074 2133 τῆς
1106 2065 1342 2136 καρδίας
1387 2064 1657 2133 κρυπτῶν
1683 2065 1827 2118 κατὰ

251 2162 342 2221 τὰς
377 2160 531 2228 ἱεράς
565 2177 621 2212 τε
647 2159 739 2211 καὶ
770 2157 920 2220 θείας
959 2158 1265 2225 ὑποθήκας.
1297 2156 1390 2208 ίΔι¹
1419 2150 1494 2209 ὧν
1524 2155 1824 2221 δείκνυται,

253 2248 321 2310 ὡς
343 2250 459 2315 ἄρα
497 2248 668 2312 καλῶς
694 2247 906 2317 εἴρηται
933 2248 992 2299 τὸ
1029 2246 1220 2316 σχῆμα
1251 2245 1312 2299 τὸ
1339 2243 1503 2314 ἅγιον
1543 2246 1602 2296 ὲν
1633 2246 1697 2314 τῇ
1734 2261 1828 2314 με·

254 2336 443 2404 τανοίᾳ
482 2329 643 2389 εἶναι.

809 2425 1058 2478 ΚΕΦΑΛ.
1107 2425 1274 2478 ΣοΑ’.

506 2521 567 2571 Τί
599 2519 636 2586 ἡ
669 2518 787 2571 τῶν
812 2517 1029 2586 τριχῶν
1048 2517 1326 2586 σημαίνει
1361 2515 1572 2582 κουρά.

314 2607 514 2662 Ταῦτα
537 2605 630 2661 οὖν
665 2609 842 2661 πάντα
873 2607 1320 2676 καθομολογήσας
1372 2606 1460 2657 ἐπ’
1497 2604 1672 2658 ἐλπίδι
1726 2606 1827 2674 τῆς

252 2702 536 2772 δυνάμεως
564 2703 658 2755 τοῦ
683 2702 943 2772 Χριστοῦ,
969 2702 1062 2753 καὶ
1091 2699 1494 2768 συνταξάμενος
1525 2699 1584 2750 ὲν
1615 2701 1828 2762 τούτοις

256 2796 444 2862 μένειν
475 2794 604 2864 ἄχρι
633 2793 816 2856 τέλους
850 2793 996 2862 ζωῆς
1033 2790 1222 2856 αὑτοῦ,
1255 2791 1520 2851 ἑκουσίως
1552 2791 1658 2858 γὰρ
1690 2791 1830 2859 Χρι-

253 2887 357 2956 στῷ
394 2884 734 2950 ἁνατίθεται,
793 2885 1035 2954 κείρεται
1090 2880 1457 2951 σταυροειδῶς
1505 2880 1604 2944 τὰς
1632 2881 1830 2952 τρίχας

251 2979 342 3046 τῆς
369 2978 625 3046 κεφαλῆς
661 2982 740 3040 εἰς
765 2978 822 3032 τὸ
843 2978 1015 3048 ὄνομα
1045 2978 1143 3046 τῆς
1167 2975 1396 3046 Τριάδος
1424 2991 1439 3006 ο
1475 2975 1566 3028 διὰ
1597 2975 1695 3045 μὲν
1723 2975 1830 3045 τῆς

1935 505 2245 562 lectissimae
2283 509 2410 565 vita:
2431 514 2899 569 conversationem
2938 515 3087 570 illum
3127 517 3287 574 docet
3315 534 3498 577 sacer-

1935 600 2053 674 dos,
2105 601 2281 670 aperit
2330 603 2493 656 etiam
2548 613 2809 673 quantum
2867 608 3078 664 esurire
3123 612 3394 681 oportebit
3450 627 3504 669 ct

1934 690 2087 745 sitire
2143 702 2198 746 et
2255 695 2438 749 nudus
2470 709 2590 750 esse
2629 706 2856 767 propter
2906 698 3185 755 Christum
3239 704 3330 773 qui
3378 706 3500 761 talia

1933 793 2154 853 propter
2202 801 2301 840 nos
2357 788 2629 853 toleravit,
2675 805 2890 845 necnon
2939 790 3155 860 injuriis
3200 795 3393 852 lacessi
3447 807 3501 853 et

1933 875 2105 942 illudi,
2171 887 2224 931 et
2281 880 2712 947 persecutionem
2766 881 2878 950 pati
2935 886 3227 954 omniaque
3277 897 3501 959 propter

1932 982 2057 1020 eum
2115 967 2275 1034 ferre,
2331 979 2383 1023 et
2414 971 2649 1038 gaudere
2679 975 2896 1041 quando
2924 959 3022 1029 ista
3055 978 3236 1029 omnia
3279 988 3502 1050 propter

1931 1057 2204 1113 Christum
2239 1062 2494 1129 patietur,
2559 1072 2614 1118 et
2640 1067 2900 1134 quoniam
2949 1069 3050 1122 hoc
3078 1077 3165 1123 est
3197 1071 3496 1125 maximum

1931 1148 2158 1216 donum,
2187 1160 2242 1205 et
2277 1153 2402 1220 quia
2435 1155 2744 1209 secundum
2774 1144 2971 1227 accipit
3001 1159 3351 1228 baptismum,
3386 1173 3441 1217 et
3471 1179 3502 1218 a

1931 1242 2169 1308 peccatis
2212 1244 2528 1310 mundatur,
2576 1255 2630 1301 et
2691 1248 2832 1304 filius
2890 1250 3028 1305 lucis
3084 1255 3412 1322 ostenditur,
3446 1267 3504 1311 et

1932 1322 2194 1382 Dominus
2221 1340 2406 1385 noster
2452 1335 2520 1386 de
2574 1348 2640 1388 eo
2688 1338 2886 1402 gaudet
2945 1354 3065 1393 cum
3104 1343 3310 1408 angelis
3357 1345 3496 1413 ejus,

1931 1417 2184 1473 occidens
2235 1421 2284 1474 ei
2325 1424 2548 1477 vitulum
2583 1427 2908 1496 saginatum,
2937 1433 3078 1499 quod
3107 1442 3190 1486 est
3218 1434 3352 1503 {ejus
3376 1450 3501 1490 cor-

1931 1523 2037 1577 pus
2058 1519 2112 1562 et
2143 1512 2364 1581 sanguis
2392 1530 2406 1578 ;
2459 1515 2661 1571 indicat
2692 1519 2855 1574 etiam
2883 1523 3159 1586 quomodo
3187 1524 3416 1579 rebellio
3445 1535 3499 1580 et

1933 1597 2303 1655 inobedientia
2335 1611 2500 1673 atque
2528 1609 2783 1677 superbia
2813 1620 3118 1683 cwteraque
3142 1616 3282 1668 mala
3316 1617 3499 1672 omnia

1928 1691 2115 1758 procul
2159 1693 2230 1746 ab
2258 1709 2322 1748 eo
2351 1696 2528 1751 futura
2561 1700 2693 1767 sint,
2727 1703 2819 1757 sed
2861 1718 2983 1758 eum
3005 1705 3224 1760 divitem
3258 1706 3496 1762 futurum

1928 1795 2051 1835 esse
2098 1783 2424 1864 humilitate,
2478 1791 2828 1858 obeulientia,
2883 1795 3122 1851 fraterna
3181 1799 3494 1863 dilectione,

1932 1874 2376 1942 mansuetudine,
2410 1879 2764 1938 meditatione
2799 1893 2849 1938 et
2883 1887 3159 1954 agnitione
3189 1889 3496 1945 divinorum

1929 1977 2266 2032 sermonum,
2299 1983 2512 2024 necnon
2537 1986 2633 2026 cor
2653 1988 2772 2028 esse
2803 1985 3143 2032 servaturum
3171 1980 3238 2035 ab
3267 1981 3498 2051 impuris

1929 2058 2344 2123 cognitionibus
2373 2072 2704 2133 etquantum
2738 2069 2932 2136 poterit
2949 2081 3323 2139 operaturum.
3346 2073 3500 2130 Deni-

1927 2161 2032 2214 que
2061 2148 2376 2206 abscondita
2397 2155 2575 2208 cordis
2606 2158 2918 2213 manifestat
2941 2161 3242 2215 secundum
3277 2175 3495 2221 sanctas

1927 2237 2654 2309 dit'inasqueinstitutiones.
2682 2247 2888 2312 Quibus
2903 2253 3226 2319 ostenditur,
3250 2255 3494 2311 habitum

1931 2340 2176 2384 sanctum
2208 2347 2351 2396 esse,
2378 2344 2539 2404 prout
2572 2347 2716 2391 recte
2763 2340 3017 2409 diximus,
3065 2343 3117 2397 in
3153 2347 3493 2414 pwnitentia.

2439 2423 2668 2480 CAPUT
2705 2426 2979 2485 CCLXXI.

2210 2513 2351 2578 Quid
2374 2516 2569 2571 indicet
2612 2529 2831 2574 tonsura
2870 2525 3210 2594 capillorum.

1998 2599 2205 2664 lJcirco
2261 2604 2375 2660 htec
2423 2607 2605 2662 omnia
2661 2609 2944 2668 confessus
3009 2616 3064 2669 in
3120 2632 3218 2686 spe
3279 2618 3495 2677 virtutis

1927 2693 2166 2760 Christi,
2205 2706 2261 2750 et
2296 2697 2554 2754 fratribus
2587 2711 2872 2772 cooptatus
2907 2705 3048 2762 inter
3085 2722 3179 2764 eos
3218 2725 3389 2782 usque
3426 2714 3495 2768 ad

1930 2784 2092 2841 tinem
2123 2785 2249 2843 vita:
2279 2803 2390 2844 suae
2417 2805 2824 2862 permansurus,
2847 2796 3083 2853 libenter
3103 2801 3250 2857 enim
3277 2803 3497 2860 Christo

1929 2876 2171 2943 dicatur,
2206 2879 2260 2935 in
2289 2882 2509 2936 modum
2545 2885 2724 2940 crucis
2758 2887 2969 2956 capillis
2997 2891 3194 2962 capitis
3232 2894 3495 2952 tondetur

1931 2965 1986 3020 in
2031 2968 2257 3024 nomine
2288 2970 2590 3039 Trinitatis,
2627 2990 2728 3044 per
2759 2975 3082 3036 Trinitatem
3115 2995 3492 3057 consecratus,

251 3069 486 3138 Τριάδος
513 3069 853 3138 τελούμενος,
883 3068 973 3120 διὰ
1003 3067 1059 3120 δὲ
1083 3065 1180 3121 τοῦ
1231 3063 1469 3136 σταυροῦ
1491 3065 1592 3136 τὴν
1617 3065 1825 3137 νέκρω-

1931 3073 2025 3128 per
2067 3075 2284 3116 crucem
2327 3078 2460 3120 vero
2500 3081 2560 3122 se
2608 3077 2880 3124 mortuum
2927 3073 3132 3130 mundo
3163 3078 3491 3144 ostendens,

253 3175 331 3212 σιν
355 3161 456 3213 τοῦ
501 3162 709 3230 κόσμου
741 3160 937 3232 δηλῶν,
970 3160 1065 3212 καὶ
1118 3157 1554 3229 σφραγιζόμενος
1575 3157 1654 3227 τῷ
1685 3158 1826 3228 ὑπὲρ

255 3251 408 3321 19],
444 3253 604 3321 ἡμῶν
656 3252 1060 3322 σταυρωθέντι·
1109 3251 1198 3304 διὰ
1247 3249 1305 3304 δὲ
1352 3249 1453 3319 τῆς
1484 3250 1830 3320 ἀφαιρέσεως

251 3347 341 3397 καὶ
369 3344 579 3412 κουρᾶς
601 3344 708 3397 τῶν
736 3338 939 3412 τριχῶν
961 3341 1216 3410 ἀπαρχὴν
1248 3341 1312 3394 ὲκ
1346 3340 1440 3394 τοῦ
1475 3341 1731 3410 σώματος
1753 3341 1830 3405 ὡς

250 3431 446 3486 θυσίαν
477 3434 802 3503 προσφέρων
827 3434 905 3504 τῷ
931 3434 1119 3504 Κυρίῳ
1140 3450 1155 3467 ο
1187 3435 1269 3488 ὅτι
1302 3434 1424 3496 ὅλος
1460 3433 1826 3504 προσάγεται,

207 3569 212 3572 .
254 3526 342 3578 καὶ
370 3525 702 3594 ἀφιεροῦται
732 3525 972 3594 Χριστῷ,
1024 3525 1120 3579 καὶ
1147 3525 1222 3588 ὡς
1247 3526 1339 3595 ’τὰ
1380 3525 1620 3595 περιττὰ
1651 3525 1829 3580 πάντα

251 3620 342 3673 καὶ
366 3618 449 3671 τὰ
475 3616 570 3670 τοῦ
599 3617 808 3687 κόσμου
841 3617 1264 3688 ἀποτιθέμενος.

801 3733 1048 3790 ΚΕΦΑΛ.
1101 3733 1268 3787 ΣΟΒ’.

351 3826 421 3881 Τί
425 3847 462 3894 ς
490 3827 529 3896 ἡ
551 3825 807 3896 δύναμις
829 3825 950 3879 τῶν
970 3824 1085 3893 πρὸ
1114 3823 1226 3893 τῆς
1248 3825 1472 3895 κουρᾶς
1497 3825 1718 3894 εὐχῶν.

317 3987 440 4056 Πρὸ
469 3986 569 4056 τῆς
611 3984 816 4054 κουρᾶς
861 3983 936 4051 δὲ,
991 3984 1128 4054 μετὰ
1157 3982 1256 4046 τὰς
1290 3983 1639 4053 ὑποσχέσεις,
1662 3984 1829 4055 εὐχὰς

246 4081 400 4150 παρᾶ
427 4077 530 4132 τοῦ
557 4079 744 4147 ἱερέως
763 4078 974 4147 δέχεται
1001 4077 1173 4148 ίεράς.
1210 4077 1320 4130 Καὶ
1345 4080 1378 4148 η
1415 4079 1511 4148 μὲν
1544 4078 1715 4146 ἔστιν,
1741 4080 1829 4132 ἵνα

241 4174 269 4222 ὁ
303 4169 728 4237 πανοικτίρμων
749 4170 883 4232 Θεὸς
909 4169 1228 4233 ὑποδέξαιτο
1280 4169 1448 4223 αὑτὸν
1491 4171 1566 4233 ὡς
1589 4171 1826 4240 προσελ-

242 4261 415 4314 θόντα
439 4299 459 4325 ,
491 4264 585 4314 καὶ
616 4258 1048 4327 ὑπαγκαλίσαιτο
1075 4259 1149 4322 ὡς
1171 4259 1262 4312 τὸν
1279 4260 1512 4327 ἄσωτον,
1540 4261 1636 4314 καὶ
1662 4261 1828 4330 ὑπερ-

241 4352 491 4404 ασπίσαι
548 4349 710 4402 αὐτοῦ
745 4349 834 4400 διὰ
862 4348 987 4410 τοὺς
1029 4350 1114 4400 ἀεὶ
1172 4347 1549 4417 πολεμοῦντας
1571 4365 1585 4380 ο
1616 4350 1712 4402 καὶ
1738 4349 1826 4401 ἵνα.

239 4445 492 4496 πάντοτε
524 4441 620 4493 σὺν
661 4439 808 4507 αὐτῷ
838 4435 898 4512 ᾖ,
926 4438 1251 4507 ζεύφραίνων
1285 4436 1447 4490 αὐτοῦ
1481 4441 1574 4490 καὶ
1603 4439 1824 4506 γλυκαί-

239 4549 353 4586 νων
375 4537 487 4602 τὴν
517 4531 742 4600 καρδίαν
763 4533 829 4600 τῇ
863 4530 1207 4600 παρακλήσει
1259 4528 1356 4581 τοῦ
1393 4527 1541 4581 θείου
1578 4529 1827 4600 Πνεύμα-

236 4641 356 4690 τος,
391 4622 567 4690 ἀξιῶν
601 4623 762 4675 αὐτὸν
785 4622 881 4674 καὶ
908 4622 1008 4687 τῆς
1067 4605 1285 4690 μερίδος
1314 4619 1423 4672 τῶν
1450 4619 1634 4685 ὁσίων,
1668 4614 1742 4676 ὦν
1771 4619 1832 4672 τὸ

240 4716 450 4785 σχῆμα
499 4712 762 4778 ἐνδύεται,
817 4712 906 4766 ἵνα
938 4713 1033 4765 καὶ
1083 4712 1183 4765 σὺν
1229 4711 1412 4775 αὐτοῖς
1443 4711 1832 4782 κληρονομήσῃ

234 4808 340 4877 τὴν
381 4803 672 4874 βασιλείαν
702 4803 810 4856 τῶν
831 4802 1101 4872 οὐρανῶν,
1123 4803 1180 4855 ὲν
1211 4803 1360 4870 αὗτῷ
1389 4802 1467 4871 τῷ
1487 4802 1734 4873 Χριστῷ,
1771 4804 1832 4855 ὅν

236 4899 339 4952 καὶ
370 4897 598 4964 εὑλογεί
631 4896 730 4948 σὺν
763 4894 838 4964 τῷ
882 4896 1057 4964 Πατρὶ
1091 4895 1185 4947 κα)⁵
1215 4893 1292 4963 τῷ
1322 4893 1627 4963 ΙΙνεὺματι.
1677 4893 1828 4962 Αὕτη

233 4991 350 5060 γὰρ
384 4991 424 5060 ἡ
457 4987 652 5056 κλῆσις
683 4986 861 5039 πάντα
896 4987 963 5038 τὰ
994 4986 1110 5038 θεία
1140 4985 1344 5050 δίδωσι,
1385 4985 1478 5036 καὶ
1508 4983 1598 5036 τὸν
1647 4983 1832 5036 τελού-

238 5100 418 5152 μενον
441 5079 664 5132 τελειοί.
692 5079 927 5131 Ἔπειτα
960 5077 1269 5146 σφραγίσας
1306 5075 1492 5141 αὐτὸν,
1547 5076 1644 5129 καὶ
1695 5080 1828 5146 πρὸς

239 5171 531 5233 ἀνατολὰς
576 5170 858 5239 στραφεὶς,
917 5168 1015 5238 τὴν
1065 5167 1400 5236 τελεωτέραν
1431 5167 1580 5234 λέγει
1632 5167 1820 5236 εὐχὴν,

235 5265 329 5319 ἐπ’
354 5265 602 5331 ἐδάφους
625 5263 878 5330 κειμένου
910 5260 1005 5312 τοῦ
1052 5259 1405 5328 τελουμένου.
1453 5276 1472 5310 ι
1514 5259 1576 5312 '0
1607 5256 1706 5322 ὢν,
1737 5257 1834 5310 es-

236 5373 456 5421 σποτα,
491 5353 683 5423 Κύριε,
709 5354 738 5405 ὁ
785 5352 922 5422 μετὰ
956 5351 1048 5404 τοῦ
1082 5350 1284 5414 ζῶντος
1333 5351 1431 5404 καὶ
1460 5350 1829 5404 ἐνυποστάτου

236 5448 432 5515 Λόγου
471 5462 588 5511 σου,
617 5445 713 5497 καὶ
743 5443 838 5496 τοῦ
868 5443 1020 5513 παρὰ
1051 5441 1143 5494 σοῦ
1180 5439 1622 5510 ἐκπορευομένου
1660 5439 1830 5493 Πνεύ-

238 5553 426 5605 ματος
459 5535 558 5602 τῆς
592 5533 850 5604 ἀληθείας
876 5546 890 5561 ⁸
934 5552 952 5585 ι
993 5532 1052 5584 ὃν
1084 5532 1177 5585 καὶ
1217 5531 1346 5584 Θεὸν
1367 5531 1612 5598 ἀγγέλων
1643 5533 1830 5601 φησὶν,

235 5624 283 5696 ᾧ
323 5631 432 5681 καὶ
457 5627 529 5679 τὰ
561 5627 813 5696 Σεραφὶμ
845 5625 1213 5694 παρίστανται
1237 5622 1604 5691 ἀνυμνοῦντα,
1645 5626 1738 5674 καὶ
1773 5623 1834 5675 τὸ

245 5719 373 5787 φῶς
426 5715 496 5769 ,εδ
541 5715 790 5787 ἀληθινὸν
848 5716 907 5768 τὸ
966 5713 1200 5783 φωτίζον
1258 5712 1462 5779 πάντα,
1498 5711 1660 5765 αὑτὸν
1695 5707 1833 5766 εἶναι

1929 3157 1984 3205 et
2025 3154 2381 3238 conﬁrmatus
2428 3158 2479 3214 ei
2525 3161 2617 3228 qui
2671 3177 2774 3232 pro
2821 3163 2981 3220 nobis
3025 3166 3129 3222 fuit
3155 3170 3494 3239 crucifixus;

1930 3256 2027 3311 per
2063 3253 2345 3303 tonsuram
2379 3258 2562 3306 autem
2594 3259 2650 3307 et
2678 3268 2925 3311 rasuram
2960 3259 3150 3328 capitis
3189 3264 3347 3331 quasi
3383 3267 3500 3334 prio

1929 3336 2112 3392 mitias
2137 3352 2205 3393 ex
2233 3355 2462 3410 corpore
2491 3343 2550 3398 in
2581 3347 2910 3404 sacriﬁcium
2943 3350 3054 3407 Deo
3083 3353 3323 3421 oll'erret,
3356 3372 3497 3429 quo.

1929 3427 2076 3480 niam
2126 3427 2242 3496 ipse
2283 3438 2429 3485 totus
2475 3431 2704 3489 oll'ertur
2749 3445 2806 3508 et
2851 3438 3082 3497 Domino
3116 3427 3492 3517 consecratur,

1929 3528 1985 3572 et
2015 3519 2167 3588 quasi
2201 3520 2381 3575 omnia
2417 3523 2687 3592 superﬂua
2719 3536 2775 3582 et
2801 3531 3078 3588 mundana
3114 3533 3406 3606 abjiceret.

2419 3727 2650 3783 CAPUT
2689 3730 2986 3788 CCLXXII.

1930 3814 2189 3882 Quaenam
2217 3815 2540 3886 signiﬁcatio
2567 3835 2781 3888 precum
2821 3841 2937 3894 qua:
2972 3833 3206 3884 tuumne
3255 3833 3497 3899 premit-

2621 3898 2826 3946 (untur.

1998 3982 2068 4033 At
2096 3987 2223 4034 ante
2246 3988 2548 4048 tonsuram,
2575 3993 2701 4053 post
2728 3996 2974 4040 votorum
2996 3991 3492 4059 nuncupationem,

1928 4084 2119 4140 preces
2163 4084 2345 4126 sacras
2382 4086 2414 4125 a
2457 4073 2743 4128 sacerdote
2786 4075 3010 4145 accipit.
3047 4077 3225 4133 Prima
3272 4081 3494 4150 quidem

1929 4173 2013 4217 est
2035 4172 2094 4217 ut
2116 4163 2278 4218 totius
2302 4164 2689 4220 misericordiae
2712 4167 2855 4222 Deus
2881 4168 3031 4223 illum
3059 4179 3120 4224 ut
3146 4173 3498 4231 accedentem

1928 4255 2210 4324 suscipiat,
2249 4263 2304 4310 et
2350 4257 2711 4326 amplectatur
2740 4268 2800 4314 ut
2825 4260 3148 4332 'prodigum,
3179 4273 3235 4319 et
3281 4274 3500 4322 tueatur

1930 4343 2192 4398 adversus
2253 4344 2503 4401 inimicos
2561 4346 2765 4417 iugiter
2835 4351 3235 4419 aggredientes.
3318 4353 3500 4425 thue

1933 4448 2151 4504 semper
2182 4434 2253 4490 sit
2279 4450 2404 4490 cum
2439 4452 2526 4500 eo,
2553 4437 2832 4493 delectans
2860 4450 2916 4495 et
2945 4441 3230 4498 laetiticans
3254 4459 3349 4500 cor
3378 4446 3501 4517 ejus

1934 4525 2306 4590 consolatione
2357 4525 2627 4596 Spiritus,
2676 4542 2801 4581 eum
2852 4529 3086 4598 dignane
3141 4535 3233 4602 qui
3287 4546 3497 4604 partem

1934 4615 2130 4671 habeat
2174 4630 2297 4670 cum
2348 4615 2554 4671 sanctis
2599 4632 2831 4686 quorum
2878 4617 3054 4673 induit
3102 4619 3391 4688 habitum;
3442 4636 3500 4678 ut

1933 4720 2057 4760 cum
2113 4706 2193 4760 eis
2246 4715 2611 4773 consequatur
2666 4722 2892 4776 regnum
2949 4708 3210 4762 caelorum
3267 4711 3321 4764 in
3382 4711 3501 4780 ipso

1931 4796 2150 4851 Christo
2181 4796 2340 4864 quem
2381 4795 2657 4850 benedicit
2689 4812 2815 4851 cum
2850 4797 3008 4851 Patre
3039 4805 3094 4852 et
3128 4798 3373 4867 Spiritu;
3408 4800 3498 4854 illa
3567 4834 3581 4876 ί,

1931 4888 2078 4942 enim
2115 4888 2388 4942 invocatio
2418 4887 2602 4940 divina
2635 4886 2728 4940 dat
2757 4887 2942 4941 omnia
2972 4897 3027 4942 et
3057 4887 3334 4943 initiatum
3373 4905 3500 4958 per—
3569 4879 3582 4909 ’³

1933 4977 2066 5033 ﬁcit.
2093 4976 2296 5032 Deinde
2321 4993 2444 5032 eum
2475 4977 2697 5048 signans
2721 4987 2776 5031 et
2808 4977 2876 5031 ad
2907 4978 3175 5032 orientem
3199 4991 3498 5035 conversus

1932 5068 2318 5139 perfectiorem
2371 5068 2508 5123 dicit
2546 5067 2855 5123 orationem
2881 5107 2897 5132 ,
2933 5069 3148 5123 initiato
3186 5068 3406 5139 jacente
3441 5070 3499 5126 in

1931 5160 2248 5234 pavimento
2281 5177 2294 5214 :
2328 5178 2346 5211 ι
2381 5161 2420 5212 0
2448 5169 2504 5214 tu
2533 5161 2625 5226 qui
2658 5175 2742 5224 es,
2773 5151 3191 5224 DomineDeus,
3217 5175 3344 5216 cum
3377 5163 3500 5217 vivo

1932 5265 1988 5310 et
2027 5255 2480 5310 consubstantiali
2520 5256 2696 5310 Verbo
2729 5266 2858 5321 tuo,
2899 5266 2955 5312 et
3001 5255 3330 5327 procedente
3369 5271 3401 5310 a
3447 5263 3506 5311 te

1935 5343 2147 5412 Spiritu
2202 5342 2542 5398 veritatis....
2603 5363 2624 5398 ι
2658 5384 2673 5410 ,
2739 5359 2902 5415 quem
2938 5345 3126 5401 -Deum
3180 5346 3501 5416 angelorum

1934 5435 2197 5506 appellat,
2239 5435 2326 5490 cui
2380 5434 2666 5506 Seraphim
2712 5437 3057 5494 concinendo
3103 5439 3506 5507 circumstant,

1933 5542 2168 5594 eumque
2204 5543 2394 5582 verum
2428 5543 2552 5583 esse
2599 5528 2782 5583 lumen
2824 5545 2934 5588 quo
2977 5531 3353 5587 illuminantur
3387 5545 3508 5585 om-

1935 5619 2048 5682 nia,
2070 5621 2223 5690 cujus
2256 5623 2550 5691 splendore
2581 5631 2829 5692 stupent,
2861 5632 2970 5678 tota
2995 5638 3358 5692 supernorum
3390 5623 3505 5692 pri-

1936 5710 2334 5780 mogenitorum
2391 5712 2632 5768 Ecclesia
2707 5723 2971 5782 testatur,
3029 5723 3084 5768 et
3139 5721 3395 5785 precatur
3448 5721 3508 5766 ut
