4034 6192
485 274 593 336 495

1283 273 1422 332 SYM
1436 273 1658 332 EONIS
1685 274 1783 331 ΤΠ
1801 273 1972 332 ESSA
1985 271 2156 354 LON}
2169 270 2355 330 CENS
2369 274 2381 330 l
2394 271 2433 329 S
2461 274 2498 328 Α
2511 270 2653 328 ῐὶΟῐΙ
2671 269 2684 324 l
2703 267 2811 326 ΕΡ.

3586 271 3679 336 406

482 386 668 443 oculos
685 384 930 439 demittat
955 381 1492 451 superliumilitatcm
1519 382 1716 435 initiati
1741 381 1830 450 qui
1857 395 2038 434 coram

2161 384 2435 451 ιαρτυρεῖ,
2467 381 2884 450 δυσωπούμενον
2916 379 3018 432 ὑπὸ
3051 379 3228 448 πάσης
3248 378 3548 448 ἐπουρανίου
3573 384 3681 437 Ἐκ-

482 476 668 530 multis
687 484 808 529 vota
841 474 1200 541 nuncupavit,
1221 482 1418 527 etcum
1447 473 1696 526 admittat
1728 473 1781 526 in
1816 472 2046 541 gratiam

485 567 796 635 adoptionis
825 582 986 636 quam
1018 566 1072 618 in
1107 581 1264 619 sacro
1300 565 1625 632 baptismate
1660 564 1890 618 redemit
1923 579 2051 633 pro-

484 670 605 731 pter
647 659 794 712 hunc
852 657 1092 712 habitum
1142 657 1388 726 angelico
1425 655 1797 721 simillimum;
1836 655 2047 726 ﬂagitat

482 755 645 808 etiam
677 762 734 806 ιιι
764 755 866 806 iste
892 751 945 804 in
975 767 1041 806 eo
1073 758 1344 811 servetur,
1369 758 1426 802 et
1454 747 1714 802 induatur
1755 749 1950 802 robore
1980 746 2048 800 ad

483 845 835 916 pugnandum
869 853 1062 898 contra
1099 843 1427 897 invisibilem
1460 841 1768 906 inimicum,
1800 851 1855 896 ct
1879 841 2051 909 subji-

481 937 704 990 riendas
749 936 929 989 carnis
966 935 1292 988 rchelliones
1337 935 1539 1012 virtute
1576 934 1834 1002 Spiritus,
1878 945 2047 1003 utque

481 1037 647 1081 exuto
680 1038 862 1079 vetere
901 1025 1156 1087 homine,
1193 1040 1391 1076 novum
1427 1023 1618 1078 induat
1642 1064 1656 1086 ,
1699 1027 1754 1077 in
1794 1026 2048 1090 omnibus

481 1133 828 1173 commorans
868 1125 924 1171 et
961 1116 1208 1170 oratione
1260 1115 1518 1168 insistens
1567 1124 1625 1169 ιιι
1668 1117 1814 1169 vivat
1853 1115 1942 1168 ille
1993 1117 2046 1169 in

482 1213 768 1267 sanctitate
796 1221 849 1263 et
879 1210 1090 1278 justitia
1116 1249 1129 1269 ,
1167 1210 1259 1260 liat
1293 1207 1380 1260 Dei
1415 1207 1836 1278 instrumentum
1873 1217 1926 1262 et
1953 1209 2048 1261 ha-

481 1303 776 1357 bitaculum
827 1302 1098 1369 Spiritus,
1145 1309 1200 1352 et
1245 1299 1444 1368 dignus
1485 1299 1751 1352 habeatur
1789 1300 1880 1368 qui
1923 1313 2046 1353 cum

481 1394 735 1446 omnibus
762 1391 952 1446 electis
991 1405 1216 1456 regnum
1249 1388 1509 1442 cmlorum
1541 1389 1818 1452 obtineat,
1855 1389 2049 1456 depre-

482 1493 654 1536 catur.
686 1482 748 1535 Et
783 1496 967 1535 vocem
997 1479 1266 1535 extollens
1299 1477 1572 1532 benedicit
1606 1477 1952 1534 Trinitatem.
1979 1494 2048 1532 cx

483 1591 588 1645 qua
622 1590 785 1627 omne
821 1573 976 1625 nobis
1015 1570 1165 1624 venit
1203 1573 1406 1623 denunt
1434 1567 1738 1637 perfectum
1765 1585 1780 1632 ;
1812 1580 1867 1622 et
1899 1579 2050 1637 post-

484 1685 644 1738 quam
679 1683 863 1736 pacem
896 1667 1148 1720 omnibus
1175 1665 1570 1736 pronuntiavit,
1595 1675 1650 1720 et
1677 1665 1814 1720 dixit
1840 1683 1856 1720 :
1891 1665 2049 1718 incli-

485 1771 610 1814 natc
641 1759 818 1827 capita
857 1769 1054 1823 vestra,
1084 1773 1274 1810 omnes
1310 1756 1582 1810 inclinant
1619 1773 1743 1810 cum
1777 1758 2048 1811 monacho

486 1867 660 1920 nuper
711 1851 943 1912 initiato,
989 1849 1080 1918 qui
1122 1863 1229 1900 non
1277 1863 1499 1901 manum
1556 1847 1827 1916 pontificis
1883 1848 2050 1901 habet

487 1945 840 2013 impositam,
890 1958 996 1995 non
1045 1942 1190 1995 enim
1231 1940 1627 1995 ordinationem
1672 1939 1908 2010 accipit,
1951 1942 2045 1995 srd

485 2035 826 2089 solummodo
873 2033 1072 2086 librum
1116 2048 1338 2100 precum
1371 2047 1534 2101 super
1567 2041 1730 2101 caput
1767 2033 2002 2101 positum
2033 2077 2046 2097 ,

482 2129 611 2182 dum
641 2142 824 2180 sacras
859 2141 1048 2194 preces
1083 2123 1330 2192 susi-ipit.
1372 2123 1604 2177 Adbibet
1632 2131 1761 2193 ergo
1791 2127 2048 2178 sacerdos

485 2219 644 2270 aliam
693 2217 996 2269 orationem
1049 2234 1062 2269 :
1121 2233 1139 2266 ι
1200 2216 1398 2270 Sancte
1455 2215 1684 2269 Domine
1734 2215 2045 2279 virtutum,

486 2308 645 2363 Pater
679 2307 890 2360 Doniini
924 2306 1098 2360 nostri
1131 2305 1257 2359 Jesu
1291 2306 1492 2360 Chi-isti
1517 2347 1530 2366 .
1572 2307 1788 2375 suscipe
1825 2322 2044 2360 servum

489 2409 639 2448 tuum
680 2396 866 2450 istum.
905 2413 922 2444 ›
960 2393 1024 2448 Et
1061 2405 1140 2448 ter
1171 2395 1348 2464 signat
1391 2411 1514 2448 eum
1562 2395 1614 2448 in
1657 2396 2046 2465 perfectionem

488 2488 684 2541 initiati
723 2485 1015 2551 monachi,
1060 2485 1334 2554 simulque
1383 2487 1437 2538 in
1487 2486 1713 2554 gloriam
1765 2485 2050 2540 Trini'atis

488 2581 576 2635 cui
613 2581 760 2634 illum
799 2588 1085 2634 consecrat
1108 2619 1121 2642 ,
1164 2589 1221 2633 et
1255 2587 1450 2633 caetera
1485 2579 1812 2649 deprecatus
1837 2579 2046 2638 elevata

489 2689 642 2737 voce,
672 2672 970 2726 benedicit.
1007 2672 1071 2726 Et
1117 2686 1415 2725 conversus
1455 2671 1726 2740 iacentem
1771 2673 1953 2740 erigit,
1997 2672 2049 2726 id

487 2766 741 2830 ‘nnut-ns,
770 2780 894 2818 eum
929 2779 992 2818 ex
1035 2774 1262 2833 peccato
1307 2747 1632 2826 surrexisse,
1667 2763 2048 2817 remissionem

485 2869 865 2921 consecutum,
891 2867 937 2911 et
963 2863 1252 2925 exceptum
1280 2855 1448 2910 fuisse
1467 2872 1494 2909 a
1520 2855 1702 2917 l’atrc,
1723 2871 2048 2925 rursumque

488 2954 542 3006 In
583 2949 749 3002 lilium
783 2949 1122 3016 adoptatum,
1160 2946 1235 3000 illi
1282 2947 1513 3016 primam
1567 2948 1815 3016 puritatis
1855 2950 2046 3002 stolam

488 3041 816 3101 reddidisse,
839 3039 1247 3106 collocasseque
1275 3053 1397 3092 cum
1453 3039 1686 3106 angelis.
1713 3040 2056 3107 Quapmpter
2087 3077 2126 3130 Ο

489 3131 634 3185 illius
665 3131 946 3184 dexteram
981 3129 1273 3197 arripiens,
1306 3129 1455 3182 illum
1509 3129 1671 3200 erigit
1703 3131 1980 3194 sacerdos,
2006 3141 2058 3185 ct

489 3223 789 3276 ostendens
823 3219 1174 3287 Evangelium
1201 3259 1214 3282 ,
1250 3229 1504 3288 tanquam
1545 3220 1884 3275 Salvatorcm
1922 3221 2055 3276 illud

490 3313 798 3368 deosculari
832 3313 1068 3374 mandat,
1094 3311 1239 3379 quod
1263 3311 1442 3364 innuit
1465 3313 1716 3380 amplecti
1741 3321 1798 3367 et
1828 3314 2060 3368 deoscu-

512 3405 591 3459 ari
631 3403 870 3457 Patrem.
909 3402 1046 3455 Tum
1086 3401 1238 3455 addit
1273 3418 1288 3455 :
1326 3401 1489 3464 Ecce,
1526 3403 1778 3458 Christus
1814 3405 2061 3459 invisibi-

489 3495 615 3549 liter
651 3496 748 3549 hic
797 3493 972 3555 adest,
1024 3501 1318 3566 monetque
1364 3503 1420 3546 ut
1470 3503 1679 3547 attento
1724 3495 1908 3549 animo
1958 3496 2057 3561 sis,

498 3601 676 3655 neque
726 3587 776 3638 in
827 3594 1104 3655 posterum
1163 3585 1348 3638 cadas.
1397 3584 1666 3649 Quoniam
1727 3603 1884 3640 nemo
1935 3605 2060 3642 eum

491 3681 635 3748 cogit
686 3679 757 3731 ita
804 3687 860 3730 ut
910 3677 1112 3730 invitus
1157 3678 1377 3742 veniat,
1411 3678 1505 3733 sed
1543 3679 1776 3733 libenter
1824 3682 2054 3736 accedit.

492 3771 645 3840 Quod
688 3771 758 3824 ita
792 3769 1119 3835 conﬁtetur,
1181 3784 1376 3837 nempe
1407 3784 1469 3823 ex
1524 3770 1802 3840 preposito
1848 3772 2057 3826 venire.

496 3862 626 3916 Dein
657 3877 871 3914 rursum
903 3860 979 3914 ait
1009 3859 1266 3914 sacerdos
1300 3878 1314 3915 :
1349 3879 1368 3911 ι
1405 3860 1543 3914 Ecce
1572 3862 1826 3915 Christus
1866 3862 2062 3915 invisi-

496 3954 674 4007 biliter
703 3952 790 4006 hic
817 3952 991 4017 adest,
1013 3963 1068 4005 et
1097 3953 1218 4006 vide
1246 3953 1312 4006 ad
1339 3967 1498 4020 quem
1527 3953 1762 4014 accedis,
1781 3952 2060 4006 Christum

494 4044 736 4107 scilicet,
774 4042 861 4097 cui
907 4043 1254 4113 conjungeris
1282 4083 1296 4107 ,
1344 4043 1444 4111 ipsi
1493 4043 1640 4096 enim
1674 4043 1888 4096 Christo
1920 4043 2062 4097 adu-

494 4133 663 4196 naris,
700 4141 755 4188 et
787 4132 873 4186 cui
911 4133 1286 4196 abrenuntias,
1323 4148 1520 4202 nempe
1562 4133 1767 4187 mundo
1801 4143 1855 4189 et
1894 4134 2062 4188 rebus

493 4223 704 4277 mundi.
743 4241 764 4274 ι
807 4221 1060 4291 Dansque
1097 4222 1370 4276 forticulas
1402 4239 1415 4276 :
1455 4240 1474 4273 ι
1519 4222 1738 4291 Accipe,
1773 4223 1973 4290 inquit,
2009 4230 2062 4276 et

494 4315 626 4368 mihi
660 4314 897 4376 t‘cdde-r,
923 4323 981 4366 ut
1015 4323 1374 4382 Spontaneam
1404 4313 1658 4367 ostendat
1688 4315 2058 4367 voluntatem.

2152 473 2378 540 κλησίας
2405 473 2516 524 τῶν
2546 474 2660 526 ἄνω
2699 471 3081 541 πρωτοτόκων,
3127 471 3223 524 καὶ
3266 470 3356 522 ἐπὶ
3383 471 3476 538 τὴν
3505 475 3679 525 ταπεία

2151 583 2315 619 νωσιν
2365 565 2584 635 εὖχεται
2617 565 2911 633 ἐπιϐλέψαι
2950 563 3044 616 τοῦ
3079 564 3424 632 τελουμένου,
3449 566 3537 618 τοῦ
3569 567 3685 619 πολ-

2151 657 2260 709 λῶν
2288 656 2520 708 ἐνώπιον
2542 657 2983 724 ὁμολογήσαντος
3013 656 3080 706 τὰ
3105 655 3206 720 τῆς
3235 654 3582 722 ὑποσχέσεως.
3602 657 3688 710 καὶ

2153 747 2388 816 συνάψαι
2417 747 2495 816 τῷ
2514 747 2819 817 χαρίσματι
2849 747 2945 816 τῆς
2975 745 3255 806 υἱοθεσίας
3283 745 3359 815 τῷ
3387 747 3442 798 ὲν
3461 745 3533 816 τῷ
3565 748 3690 814 ἁγίῳ

2153 839 2494 912 βαπτίσματι
2525 839 2613 892 διὰ
2645 837 2738 891 τοῦ
2767 837 3144 906 ἀγγελοειδοῦς
3185 837 3374 890 τούτου
3415 839 3688 908 σχήματος,

2152 936 2245 986 καὶ
2273 931 2578 1000 τηρηθῆναι
2601 931 2660 982 ὲν
2691 929 2860 998 αὐτῷ,
2884 931 2976 981 καὶ
3001 927 3438 996 ὲνδυναμωοῆναι
3461 929 3587 998 πρὸς
3609 929 3692 980 τὸν

2148 1023 2244 1076 τοῦ
2271 1024 2508 1092 ἀοράτου
2539 1021 2738 1092 ἐχθροῦ
2789 1023 3048 1090 πόλεμον,
3101 1021 3456 1074 καταϐάλλειν
3508 1037 3563 1075 τε
3601 1023 3692 1082 τὰς

2149 1117 2247 1184 τῆς
2275 1117 2478 1186 σαρκὸς
2505 1115 2900 1176 ἐπαναστάσεις
2921 1117 2986 1183 τῇ
3009 1112 3240 1180 δυνάμει
3265 1110 3356 1165 τοῦ
3380 1111 3695 1179 Πνεύματος.

2152 1210 2248 1262 καὶ
2270 1209 2362 1262 τὸν
2390 1207 2620 1260 παλαιὸν
2645 1205 3108 1275 ἀποδαλλὸμενον,
3137 1205 3227 1258 τὸν
3255 1203 3373 1257 νέον
3397 1202 3697 1256 ἐνδύσασθαι

2151 1302 2462 1370 ἄνθρωπον,
2487 1301 2582 1352 καὶ
2611 1301 2667 1352 ἐν
2701 1301 2866 1352 πᾶσιν
2883 1297 3166 1368 ὀχυρώσας
3194 1298 3290 1350 καὶ
3337 1295 3607 1364 ἐνισχύσας
3639 1299 3696 1363 τῇ

2150 1395 2306 1464 εὐχῇ,
2337 1392 2474 1446 ὥστε
2501 1391 2600 1462 ζῇν
2629 1394 2686 1444 ὲν
2713 1391 2955 1459 ὁσιότητι
3007 1391 3103 1444 καὶ
3131 1387 3473 1457 δικαιοσύνῃ,
3506 1387 3593 1439 καὶ
3618 1386 3700 1456 ὄρ·

2150 1501 2313 1552 γανον
2336 1484 2588 1552 γενέσθαι
2615 1480 2776 1546 Θεοῦ,
2809 1482 2903 1534 καὶ
2937 1479 3357 1548 κατοικητήριον
3381 1476 3700 1545 Πνεύματοε,

2151 1577 2647 1646 ἀξιωθῆναι-τοῦτον
2676 1577 2904 1628 αἰτεῖται
2931 1575 3026 1625 σὺν
3057 1574 3191 1626 πᾶσι
3207 1573 3318 1634 τοῖς
3337 1570 3599 1630 ἐκλεκτοῖς
3614 1567 3703 1632 τῆς

2153 1670 2423 1737 βασιλείας
2454 1667 2560 1720 τῶν
2593 1665 2860 1736 οὐρανῶν.
2886 1665 2993 1718 Kal
3008 1663 3334 1732 ἔξιφωνήσας
3351 1660 3604 1728 δοξολοτεῖ
3620 1659 3706 1726 τὴν

2161 1763 2205 1814 Τ
2213 1762 2388 1832 ριάδα,
2422 1759 2554 1828 παρ’
2597 1754 2662 1830 ἦς
2690 1759 2836 1812 ἅπαν
2859 1759 2992 1827 ἡμῖν
3019 1756 3338 1826 χορηγεῖται
3385 1751 3604 1820 δώρημα
3630 1751 3706 1802 τέ-

2164 1853 2325 1906 λειον.
2359 1853 2464 1905 Καὶ
2491 1852 2586 1920 τὴν
2619 1850 2841 1919 εἰρήνην
2892 1848 3307 1916 ὲκφωνήσαντος
3337 1847 3488 1907 πᾶσι,
3520 1851 3608 1896 καὶ
3654 1839 3708 1892 τδ

2162 1945 2335 1996 κλῖναι
2389 1945 2485 2003 τας
2541 1944 2798 2010 κεφαλὰς,
2833 1941 3030 2000 πάντες
3059 1937 3326 1999 κλίνουσι,
3365 1935 3462 2006 τὴν
3483 1931 3708 1986 δουλείαν

2165 2035 2572 2096 ὑποδεικνύντες
2607 2035 2702 2087 συν
2725 2033 2800 2101 τῷ
2835 2031 3150 2099 τελουμένῳ¹
3174 2027 3393 2098 μοναχῷ
3417 2042 3429 2055 ·
3451 2025 3505 2088 ὃς
3534 2025 3593 2091 δὴ
3625 2023 3710 2076 καὶ

2165 2131 2226 2183 οὒ
2259 2129 2356 2199 τὴν
2385 2131 2542 2198 χεῖρα
2575 2126 2667 2180 τοῦ
2700 2125 2954 2194 ίεράρχου
2977 2123 3087 2192 ἔχει
3116 2119 3486 2190 ἐπικειμένην,
3518 2115 3574 2168 οὖ
3616 2114 3711 2182 γὰρ

2163 2220 2492 2292 χειροτονίαν
2513 2220 2748 2288 δέχεται,
2779 2218 2913 2271 ἀλλὰ
2941 2218 3000 2270 τ’)
3047 2214 3249 2286 βιϐλίον
3301 2213 3406 2266 τῶν
3437 2212 3599 2279 εὐχῶν
3632 2207 3713 2275 μοι

2164 2328 2254 2363 νον
2283 2309 2375 2362 ἐπὶ
2403 2309 2661 2376 κεφαλῆς,
2689 2308 2785 2370 τὰς
2812 2306 2962 2374 ἱερὰς
2992 2304 3153 2375 εὐχὰς
3174 2303 3484 2372 δεχόμενος.
3505 2299 3715 2361 Ἐπὰγει

2163 2403 2256 2456 οῦν
2287 2405 2315 2454 0
2345 2401 2523 2472 ἱερεὺς
2547 2401 2639 2452 καὶ
2669 2400 2764 2470 τὴν
2787 2399 2981 2468 ἑτέραν
3010 2396 3403 2466 εὖχὴν,ι“Ἀγιε
3435 2393 3599 2460 Κύριε
3621 2389 3717 2442 τῶν

2173 2494 2476 2562 δυνάμεων,
2505 2496 2531 2544 0
2553 2493 2737 2560 Πατὴρ
2757 2490 2850 2542 τοῦ
2879 2489 3080 2559 Κυρίου
3102 2488 3259 2558 ἡμῶν
3275 2485 3456 2555 Ἰησοῦ
3478 2479 3715 2553 Χριστοῦ,

2167 2585 2456 2651 πρόσεεξαι
2487 2584 2578 2636 τὸν
2623 2583 2808 2635 δοῦλόν
2847 2598 2938 2634 σου
2969 2583 2996 2633 0
3023 2581 3188 2634 δεῖνα.
3231 2597 3251 2631 ι
3297 2579 3404 2631 Καὶ
3451 2573 3720 2643 σφραγίξει

2161 2677 2348 2730 τοῦτον
2379 2677 2496 2745 τρῖς
2537 2676 2612 2737 είς
2645 2676 2923 2727 τελείωσιν
2965 2674 3079 2742 ἃμα
3098 2671 3194 2725 τοῦ
3215 2670 3544 2738 τελουμένου
3575 2681 3721 2734 μονα-

2163 2769 2282 2840 χοῦ.
2314 2768 2405 2822 καὶ
2424 2768 2579 2831 δῧξσιν
2615 2765 2712 2834 τῆς
2742 2764 2989 2833 Τριὰδος,
3040 2763 3294 2832 ἀφιερῶν
3338 2760 3522 2814 τοῦτον
3574 2757 3722 2823 αὓτῇ.

2166 2865 2259 2916 καὶ
2285 2863 2352 2916 τὰ
2372 2860 2532 2913 λοιπὰ
2565 2856 3020 2927 ὑπερευξάμενος,
3051 2857 3300 2923 ὲκφωνεῖ
3330 2855 3424 2907 καὶ
3451 2848 3726 2915 δοξολογεί.

2167 2951 2278 3004 Καὶ
2300 2949 2556 3020 στραφεὶς
2582 2949 2782 3017 ἐγείρει
2812 2947 2905 3001 τὸν
2934 2947 3205 3016 κείμενον,
3231 2942 3564 3036 Gsmvbc‘tb;
3589 2939 3728 3002 ἐξαν-

2161 3048 2293 3113 έστη
2346 3047 2446 3112 τῆς
2496 3042 2788 3113 ἁμαρτίας,
2836 3042 2930 3093 καλ⁵
2992 3039 3090 3111 τὴν
3151 3039 3358 3106 ἄφεσιν
3414 3030 3593 3097 ἕλάὃε,
3644 3030 3728 3084 καὶ

2163 3136 2526 3207 προσεδέξατο
2571 3135 2763 3188 τοῦτον
2785 3135 2813 3186 0
2839 3133 3050 3202 Πατὴρ,
3078 3132 3173 3186 καὶ
3214 3134 3303 3196 είς
3333 3132 3432 3201 τὴν
3464 3125 3723 3182 υἱοθεσίαν

2162 3229 2352 3296 ἀνάγει
2393 3227 2576 3290 πάλιν,
2609 3228 2702 3279 καὶ
2731 3227 2830 3296 τὴν
2859 3225 3130 3295 προτέραν
3171 3225 3372 3294 στολὴν
3404 3225 3504 3291 τῆς
3531 3221 3723 3288 καθάρ·

2163 3338 2297 3382 σεως
2327 3319 2530 3382 δίδωσι,
2573 3321 2667 3370 καὶ
2695 3317 2835 3386 μετὰ
2866 3318 2976 3370 τῶν
3011 3315 3269 3384 ἀγγέλων
3313 3316 3614 3369 συντάττει.
3641 3310 3725 3362 Δ.δ

2162 3413 2256 3466 καὶ
2285 3410 2464 3464 λαϐὼν
2494 3411 2657 3465 αὐτὸν
2685 3412 2781 3479 τῆς
2808 3409 2992 3473 δεξιᾶς
3019 3410 3076 3461 ὲν
3099 3407 3174 3477 τῷ
3207 3411 3436 3479 ἀνιστᾷν
3462 3409 3489 3460 0
3529 3404 3720 3475 ἱερεὺς,

2163 3505 2254 3557 καὶ
2282 3503 2341 3556 τὸ
2374 3501 2701 3570 Εὐαγγέλιον
2738 3501 3023 3564 ὑποδείξας
3054 3500 3129 3564 ὡς
3157 3499 3252 3553 τὸν
3282 3500 3537 3568 Σωτῆρα,
3563 3497 3725 3550 03mi-

2165 3597 2359 3648 σασοαι
2405 3597 2552 3664 λέγει
2595 3597 2750 3658 αὐτὸ,
2789 3596 2818 3648 ὃ
2855 3597 3005 3665 δηλοῖ
3039 3596 3100 3649 τὸ
3146 3594 3615 3662 ὲναγκαλίσασθαι
3643 3595 3732 3643 καὶ

2163 3687 2532 3757 καταφιλῆσαι
2559 3688 2650 3741 τὸν
2680 3689 2918 3760 Πατέρα.
2973 3683 3105 3741 Εἶτα
3134 3690 3232 3741 και
3279 3704 3470 3758 φησιν,
3503 3703 3523 3739 ι
3557 3683 3681 3738 Ἰδοὺ
3707 3684 3732 3734 0

2163 3779 2396 3845 Χριστὸς
2447 3779 2692 3848 ἀοράτως
2739 3778 2972 3833 ἐνταῦθα
3032 3780 3290 3849 πάρεστι.
3332 3799 3352 3832 ι
3383 3778 3493 3832 Καὶ
3527 3793 3734 3846 παραγο

2163 3869 2341 3938 γέλλει
2383 3873 2691 3940 προσέχειν,
2730 3871 2870 3925 ὥστε
2909 3871 3105 3942 μηκέτι
3136 3875 3364 3927 πεσεῖν·
3415 3872 3536 3926 ἐπεὶ
3563 3870 3728 3930 οὐδεὶς

2164 3961 2462 4029 ἀναγκάζει
2491 3963 2677 4015 τοῦτον
2705 3962 2846 4015 ὥστε
2877 3964 3152 4027 ἀκουσίως
3180 3965 3363 4018 ὲλοεῖν
3387 3981 3403 3996 °
3435 3962 3553 4017 ἀλλ’
3582 3963 3734 4014 ἑκου-

2167 4055 2289 4105 σίως
2319 4056 2701 4123 προσέρχεται,
2736 4055 2844 4107 Καὶ
2876 4054 3030 4107 τοῦτο
3063 4055 3238 4118 οῦτως
3270 4055 3558 4124 ὁμολογεῖ,
3582 4053 3656 4113 ὡς
3676 4051 3735 4102 ὲκ

2167 4145 2535 4212 προαιρέσεως
2559 4147 2801 4212 ἔρχεται.
2841 4142 2971 4196 Εἶτα
3021 4144 3180 4196 πάλιν
3213 4148 3391 4214 φησὶν
3433 4147 3462 4198 0
3517 4142 3729 4214 ἱερεύς·

2174 4252 2190 4282 ι
2233 4234 2361 4286 Ἰδοὺ
2393 4236 2420 4286 0
2453 4235 2686 4304 Χριστος
2718 4235 2961 4304 ἀορίτως
3021 4235 3258 4292 ἐνταῦθα
3331 4239 3592 4309 πάρεστι,
3647 4237 3736 4288 καὶ

2172 4323 2329 4391 βλέπε
2352 4325 2455 4377 τίνι
2480 4325 2756 4396 προσέρχῃ
2778 4342 2790 4355 ·
2814 4325 2890 4393 τῷ
2921 4327 3144 4396 Χριστῷ
3165 4327 3418 4395 δηλονότι
3440 4346 3455 4362 ·
3491 4329 3598 4382 τίνι
3626 4343 3741 4380 συν·

496 4405 563 4461 Ει
603 4404 646 4458 si
675 4404 789 4473 ipse
822 4401 1040 4471 quidem
1088 4404 1280 4473 recipit.
1317 4413 1468 4469 pater
1498 4404 1589 4472 qui
1622 4415 1904 4458 tonsuram
1945 4404 2056 4459 fac-

2166 4415 2336 4483 τὰσσῃ
2359 4431 2372 4446 ο
2405 4415 2485 4466 ὅτι
2520 4415 2666 4482 αὐτῇ
2705 4415 2782 4483 τῷ
2819 4416 3040 4485 Χριστῷ
3066 4433 3081 4448 ·
3132 4417 3228 4469 καὶ
3277 4421 3388 4472 τίνι
3420 4419 3703 4486 ἀποτάσσῃ
3727 4428 3741 4443 ⁸

497 4506 654 4548 turus
683 4502 765 4548 est
796 4493 1078 4556 sacerdos,
1115 4493 1230 4562 ipsc
1262 4494 1458 4548 iterum
1486 4495 1656 4548 sumit
1692 4495 1964 4549 forticulas
1993 4497 2061 4550 ab

497 4585 712 4641 initiato
749 4585 1018 4638 monacho
1047 4585 1141 4653 qui
1173 4585 1325 4654 prius
1376 4599 1503 4639 eum
1527 4585 1898 4655 amplectitur.
1923 4589 1986 4642 At
2015 4587 2060 4640 si

498 4676 598 4730 has
628 4675 824 4746 accipit
865 4691 1096 4746 sponsor
1119 4716 1134 4740 ,
1170 4675 1366 4730 deinde
1399 4690 1490 4730 cas
1523 4676 1614 4730 dat
1650 4676 1963 4740 sacerdoti,
2008 4687 2063 4732 et

495 4783 689 4826 rursus
721 4767 979 4822 sacerdos
1024 4767 1234 4821 initiata
1262 4767 1459 4830 tradit,
1503 4781 1676 4837 eoque
1712 4767 1909 4822 iterum
1942 4786 2062 4823 am-

493 4860 769 4930 plectente
807 4867 862 4912 et
905 4859 1023 4914 illas
1064 4859 1312 4928 sponsori
1362 4864 1660 4929 praebente,
1700 4859 1819 4929 ipse
1864 4861 2060 4914 itermn

494 4967 590 5006 eas
619 4950 798 5006 reddit
825 4951 1116 5005 sacerdoti.
1153 4951 1307 5015 Quod
1343 4952 1399 5004 lit
1435 4951 1578 5006 trina
1617 4953 1755 5014 vice,
1789 4965 1845 5007 et
1876 4954 1929 5006 in
1969 4956 2064 5009 lto-

463 5058 687 5098 ‘norem
722 5042 1037 5108 Trinitatis,
1073 5052 1128 5096 et
1171 5043 1222 5095 in
1263 5042 1734 5098 conﬁrmationem
1768 5044 1884 5112 ejus
1914 5045 2058 5115 quod

497 5141 700 5192 factum
743 5148 850 5192 est.
888 5136 1155 5190 Sacerdos
1187 5150 1316 5188 vero
1365 5135 1522 5191 tertia
1569 5136 1687 5190 vice
1729 5137 2006 5207 accipiens
2042 5155 2057 5192 :

502 5250 520 5279 ο
560 5228 720 5293 Ecce,
758 5231 854 5293 ait,
891 5244 923 5282 e
961 5244 1122 5282 manu
1183 5227 1385 5282 Christi
1419 5241 1513 5282 eas
1555 5229 1760 5297 accipis
1795 5246 1855 5295 »ς
1897 5232 2060 5285 ιοιτὶ-

495 5320 605 5373 bile
623 5322 847 5376 verbum
870 5329 1160 5374 tremorem
1175 5319 1447 5374 incutiens
1462 5320 1834 5376 audientibus.
1851 5321 2060 5378 Deinde

498 5430 720 5468 sumens
746 5415 1019 5470 lorliculas
1041 5415 1174 5468 dicit
1201 5433 1215 5478 ;
1247 5435 1266 5467 ι
1296 5415 1622 5470 Benedictus
1655 5413 1797 5470 Deus
1824 5417 1918 5484 qui
1948 5415 2060 5470 vult

497 5521 686 5562 omnes
717 5507 894 5560 salvos
929 5507 1042 5561 ﬁeri
1085 5525 1104 5559 ι
1131 5546 1146 5570 ,
1181 5518 1238 5562 et
1269 5509 1492 5578 reliqua.
1523 5507 1656 5563 Nam
1698 5519 1914 5579 oportet
1951 5507 2058 5564 Do-

497 5601 648 5654 mino
697 5598 898 5669 gratias
949 5615 1108 5670 agere
1163 5600 1230 5654 de
1279 5601 1534 5656 omnibus
1582 5603 1880 5658 salutiferis
1930 5618 2058 5672 ope-

500 5691 667 5746 ribus.
701 5689 891 5744 Statim
920 5706 1047 5759 ergo
1075 5690 1261 5745 tondet
1297 5705 1417 5746 eum
1455 5696 1713 5750 sacerdos
1753 5697 1803 5750 in
1837 5697 2054 5751 nomine

2167 4498 2276 4554 οἷον
2301 4503 2449 4572 αὐτῷ
2469 4502 2544 4572 τῷ
2573 4503 2761 4573 κόσμῳ
2780 4505 2935 4575 192
2957 4507 3048 4558 καὶ
3065 4508 3174 4568 τοῖς
3203 4509 3304 4561 τοῦ
3331 4509 3570 4577 κόσμου.
3607 4505 3743 4559 «Καὶ

2166 4595 2286 4656 δοὺς
2327 4595 2474 4664 αὐτῷ
2530 4596 2586 4648 τὸ
2647 4597 2914 4664 ψαλίάιον,
2957 4616 2974 4650 ι
3012 4599 3158 4652 Λάϐε
3200 4599 3298 4651 καὶ
3349 4601 3541 4662 ἐπίδος
3572 4615 3684 4668 μοι.
3716 4613 3734 4646 I

2167 4688 2350 4756 φησὶν,
2375 4687 2457 4739 ἵνα
2487 4687 2546 4739 τὸ
2569 4688 2814 4740 ἑκούσιον
2847 4689 3021 4758 δείξῃ.
3056 4691 3164 4742 Καὶ
3190 4691 3240 4741 εί
3277 4690 3382 4758 μὲν
3405 4690 3572 4753 αὐτός
3597 4690 3744 4742 ἐστιν

2167 4778 2554 4848 ἀναδεχόμενος
2592 4779 2688 4831 καὶ
2728 4781 2934 4850 Πατὴρ,
2967 4783 2994 4832 0
3033 4783 3126 4834 καὶ
3174 4783 3502 4852 ἀποκείρων
3542 4782 3742 4854 ίερεὺς.

2165 4869 2323 4925 αὐτὸς
2356 4869 2621 4938 λαμϐάνει
2657 4870 2717 4924 τὸ
2755 4871 3000 4939 ψαλίδιον
3033 4871 3190 4926 πάλιν
3217 4874 3332 4926 ἁπῦ
3355 4874 3453 4928 τοῦ
3491 4873 3747 4943 τελουμέ-

2165 4976 2257 5010 νου
2289 4961 2543 5029 μοναχοῦ,
2587 4961 2975 5030 ἀσπασαμένου
3022 4963 3213 5016 τούτου
3257 4966 3566 5036 πρότερον.
3613 4968 3676 5020 Εἰ
3703 4964 3746 5018 δ’

2163 5050 2254 5104 οῦν
2286 5051 2551 5120 λαμϐάνει
2584 5055 2611 5107 0
2640 5055 2897 5123 ἁνάδοχος
2922 5055 3097 5120 τοῦτο,
3133 5059 3226 5110 καὶ
3248 5058 3479 5119 δίδωσιν
3513 5061 3647 5114 αὐτὸ
3673 5058 3748 5127 τῷ

2166 5144 2318 5211 ἱερεῖ.
2359 5145 2465 5198 Καὶ
2497 5147 2525 5198 0
2554 5145 2735 5214 ἱερεὺς
2784 5148 2949 5201 πάλιν
3001 5151 3234 5220 παρέχει
3274 5153 3358 5221 τῷ
3398 5154 3744 5220 τελουμένῳ·

2163 5229 2224 5286 οῦ
2256 5235 2351 5288 καὶ
2381 5234 2756 5305 ἀσπαζομένου
2811 5239 2972 5292 πάλιν
3019 5243 3112 5293 καὶ
3172 5242 3419 5305 διδόντος
3468 5244 3632 5296 τοῦτο
3673 5239 3748 5309 τῷ

2163 5326 2425 5396 ἀναδόχῳ,
2461 5326 2621 5390 αὐτὸς
2653 5328 2831 5382 δίδωσι
2883 5331 3050 5383 πάλιν
3104 5332 3182 5401 τῷ
3221 5333 3387 5402 ἱερεῖ.
3451 5335 3565 5388 Καὶ
3594 5333 3749 5386 τοῦτο

2163 5423 2370 5490 γίνεται
2393 5419 2484 5472 ἐπὶ
2515 5418 2652 5489 τρὶς,
2687 5419 2766 5481 είς
2792 5437 2849 5472 τε
2879 5421 3044 5490 τιμὴν
3074 5421 3170 5490 τῆς
3218 5421 3486 5491 Τριάδος,
3525 5426 3621 5476 καὶ
3654 5421 3743 5476 τοῦ

2164 5511 2448 5581 γινομένου
2483 5510 2793 5580 βεϐαίωσιν.
2830 5511 2940 5564 Καὶ
2983 5515 3012 5566 0
3034 5515 3209 5582 ἱερεὺς
3237 5514 3302 5564 τὸ
3336 5515 3532 5581 τρίτον
3549 5514 3744 5574 διδοὺς,

2162 5606 2362 5674 φησίνο
2405 5621 2424 5654 ι
2475 5603 2608 5656 Ἰδοὺ
2660 5605 2723 5656 ὲκ
2753 5604 2852 5673 τῆς
2905 5604 3085 5675 χειρὸς
3115 5603 3202 5657 τοῦ
3247 5605 3500 5676 Χριστοῦ
3530 5604 3740 5674 λαμϐά-

2163 5714 2273 5762 νεις
2309 5695 2459 5750 αὐτό.
2497 5713 2516 5746 ι
2570 5696 2805 5767 Φοΰερος
2849 5700 2876 5751 0
2901 5697 3076 5767 λόγος.
3119 5697 3206 5752 καὶ
3240 5699 3459 5770 φρίκην
3491 5697 3740 5768 ἐμποιῶν
