4034 6192
515 342 586 408 69
596 347 623 407 ζ)

1352 347 1495 407 SYM
1509 347 1738 409 EONIS
1779 345 2555 411 THESSALONICENSIS
2595 345 2953 409 ARCHIEP.

3656 345 3750 406 500

507 461 650 514 viam
682 458 996 530 Evangelii,
1041 476 1215 531 usque
1244 461 1374 516 dum
1411 477 1572 531 supra
1602 475 1832 516 currens
1861 461 1953 516 ubi
1985 475 2081 513 no-
2114 468 2146 519 Α

2234 459 2392 524 ακίας
2423 461 2522 514 καὶ
2547 460 2787 529 φθονερὰ
2817 459 3007 530 θηρία,
3041 458 3136 511 καὶ
3159 455 3562 526 ἀμεταστρεπτὶ
3587 457 3742 530 τρέχῃ
3775 501 3778 504 ,

507 565 619 608 stra
652 553 1000 607 conversatio
1033 562 1116 606 est
1141 594 1156 618 ,
1184 553 1250 608 ad
1281 553 1479 608 cmlum
1510 553 1812 621 perveniat.
1847 550 2088 621 Denique

508 644 850 715 chlamydem
894 645 1043 699 velut
1073 646 1256 699 omnia
1300 646 1760 715 complectentem
1803 645 1982 710 addit,
2023 642 2090 698 ad

507 753 668 808 quam
705 737 920 792 claricri
964 753 1094 792 mre
1127 738 1381 793 sacerdos
1418 738 1593 793 dicit:
1637 738 1750 792 «Tu
1791 737 1960 793 frater
1992 755 2094 794 no-

508 838 646 894 ster,
671 828 856 897 accipe
887 844 1140 897 magnum
1168 837 1222 883 et
1245 828 1553 899 angelicum
1589 829 1836 884 habitum
1908 829 1964 884 in
1993 845 2092 885 no-

510 921 660 975 mine
691 920 958 979 Patris.et
992 919 1209 983 Filii,et
1244 921 1479 990 Spiritus
1509 923 1684 977 sancti
1733 942 1750 974 ι
1780 963 1794 989 ,
1834 923 2092 991 quoniam

514 1013 634 1068 haec
684 1013 850 1070 vesds
884 1023 970 1068 est
1021 1014 1426 1082 perlectissima
1474 1023 1530 1069 et
1577 1014 1760 1069 omnia
1803 1016 2092 1082 continet,

515 1121 729 1160 necnon
760 1105 1012 1159 universa
1051 1105 1291 1160 custodit
1326 1114 1812 1176 protegentemque
1847 1106 1938 1161 Dei
1971 1106 2098 1159 vir-

517 1207 690 1253 tutem
734 1198 984 1252 ostendit
1035 1209 1090 1252 et
1143 1199 1416 1269 signiﬁcat
1463 1209 1630 1270 atque
1679 1200 2096 1264 austeritatem,

515 1289 774 1360 pietatem
811 1305 874 1344 ac
909 1290 1276 1346 humilitatem
1314 1293 1441 1348 vita:
1472 1293 1820 1359 monasticae,
1866 1302 1920 1347 et
1959 1308 2099 1360 quo-

452 1421 473 1454 .,
519 1382 662 1436 niam
697 1397 878 1451 neque
912 1398 1108 1437 manus
1138 1399 1241 1438 nec
1280 1385 1429 1440 aliud
1472 1384 1756 1454 quidpiam
1793 1385 2100 1440 membrum

467 1475 474 1530 ἓ
523 1475 826 1529 secundum
864 1475 1003 1529 hanc
1037 1475 1200 1530 vitam
1231 1475 1350 1529 viva
1384 1486 1439 1531 et
1469 1476 1533 1530 ad
1566 1477 1872 1530 mundanas
1906 1490 2102 1545 opera-

522 1566 704 1620 tiones
740 1566 932 1628 libera.
966 1567 1061 1622 sed
1099 1568 1281 1620 omnia
1317 1577 1532 1622 mortua
1568 1567 1734 1622 habet
1775 1567 2102 1623 monachus.

521 1653 707 1709 Solum
736 1672 866 1712 vero
895 1657 1121 1712 liberum
1159 1659 1321 1714 habet
1343 1669 1504 1728 caput
1525 1659 1590 1714 ad
1623 1661 1789 1715 Deum
1823 1669 2102 1730 spectans,

522 1750 614 1818 qui
653 1757 736 1803 est
766 1761 934 1820 caput
965 1752 1377 1813 universorum.
1415 1768 1612 1822 resque
1646 1752 1740 1808 Dei
1773 1753 2018 1824 cogitans
2051 1761 2107 1808 et

2190 556 2289 624 τὴν
2320 554 2440 607 ὁδὸν
2492 553 2586 608 τοῦ
2637 552 2998 622 Εὐαγγελίου,
3051 548 3207 620 193
3265 547 3467 612 ἕωςςᾶν
3497 548 3604 603 ἄνω
3629 550 3743 619 δρα-

2196 643 2337 713 μὼν,
2368 644 2504 698 ὅπου
2535 645 2697 715 ἡμῶν
2739 645 2800 698 τὸ
2837 643 3142 712 πολίτευμα
3195 642 3253 694 ἐν
3292 639 3535 710 οὐρανοῖς
3563 656 3744 693 καταν-

2191 737 2358 808 τήσῃ,
2393 737 2704 791 τελευταῖον
2735 737 2815 804 δὲ,
2844 737 2921 800 ὡς
2951 734 3302 805 περιεκτικδν
3356 733 3569 786 πάντων
3603 748 3750 800 περι·-

2193 833 2450 889 6ἀλλεται
2477 833 2578 904 τὴν
2611 834 2891 902 μανδύαν,
2926 834 2985 884 ἐν
3017 824 3061 900 ᾧ
3095 831 3192 884 καὶ
3239 827 3556 898 τρανότερόν
3602 843 3752 895 φησιν

2193 926 2221 980 6
2252 927 2457 998 ἱερεὺς,
2488 943 2507 978 ι
2555 925 2614 979 '0
2636 924 2865 993 ἁδελφὸς
2894 923 3053 993 ἡμῶν
3090 922 3118 974 6
3166 920 3314 973 δεῖνα
3344 919 3504 971 ἔλαϐε
3533 918 3591 970 τὸ
3623 917 3756 986 μέγα

2195 1020 2289 1074 καὶ¹
2308 1019 2601 1088 ὰγγελικδν
2651 1019 2845 1089 σχῆμα
2880 1018 2963 1080 εἰς
2994 1016 3055 1070 τδ
3085 1015 3262 1084 ὄνομα
3288 1013 3384 1068 τοῦ
3421 1012 3651 1083 Πατρδς,
3673 1014 3758 1066 καὶ

2195 1113 2290 1166 τοῦ
2318 1111 2472 1179 Υίοῦ,
2499 1114 2595 1167 καὶ
2620 1112 2716 1166 τοῦ
2753 1113 2912 1182 ἁγίου
2952 1109 3296 1180 Πνεύματος,
3344 1126 3362 1160 ι
3403 1107 3478 1171 ὡς
3509 1105 3764 1159 τελεώτα·

2196 1221 2289 1259 τον
2316 1205 2448 1258 ὄντα
2481 1205 2576 1259 καὶ
2611 1206 2964 1277 περιεκτικδν
2995 1205 3235 1268 πάντων,
3267 1202 3364 1256 καὶ
3393 1201 3490 1270 τὴν
3523 1199 3766 1268 φυλακτι-

2200 1297 2303 1366 κὴν
2342 1296 2575 1366 καθόλου
2637 1298 2735 1350 καὶ
2795 1298 3174 1364 σκεπαστικὴν
3228 1293 3327 1348 τοῦ
3376 1292 3511 1348 Θεοῦ
3551 1293 3766 1362 δύναμιν
3810 1311 3818 1319 ·

2199 1388 2467 1459 δηλοῦντα
2496 1405 2557 1442 τε
2593 1388 2690 1443 καὶ
2727 1387 3065 1458 σημαίνοντα
3086 1403 3102 1420 ο
3162 1387 3252 1441 καὶ
3279 1385 3360 1439 ἔτι
3405 1385 3467 1437 τδ
3496 1381 3768 1437 συνεσταλ-

2207 1482 2369 1554 μένον
2400 1483 2497 1536 καὶ
2518 1481 2750 1544 εὐλαϐὲς
2771 1482 2870 1536 καὶ
2894 1480 3152 1536 ταπεινὸν
3167 1481 3266 1550 τῆς
3289 1477 3590 1551 μοναχικῆς
3615 1475 3767 1543 ζωῆς.

2205 1577 2303 1632 atat
2327 1576 2410 1630 ὅτι
2445 1575 2508 1628 οὐ
2531 1576 2724 1646 χεῖρας
2751 1574 2786 1646 ἦ
2815 1591 2870 1628 τι
2901 1573 3009 1628 τῶν
3040 1574 3216 1642 μελῶν
3241 1574 3384 1627 κατὰ
3405 1572 3497 1625 τὸν
3532 1571 3640 1641 βίον
3665 1569 3770 1638 ἔχει

2207 1667 2389 1732 ζῶντα
2421 1669 2449 1720 ὁ
2480 1665 2848 1737 μοναχδς,καὶ
2876 1666 3013 1735 πρὸς
3043 1666 3320 1737 κοσμικὴν
3347 1663 3608 1736 ἐργασίαν
3637 1662 3773 1716 ἑλεύ-
3823 1710 3825 1712 ,

2210 1761 2369 1830 θερα,
2423 1759 2557 1812 ἀλλὰ
2613 1757 2799 1812 πάντα
2843 1760 3034 1825 νεκρά.
3097 1757 3288 1828 Μόνην
3315 1757 3372 1811 δὲ
3400 1757 3498 1827 τὴν
3548 1753 3776 1823 κεφαλὴν

524 1841 591 1897 ad
638 1856 762 1897 eum
811 1859 1205 1915 approperans.
1256 1846 1394 1899 Illud
1448 1859 1632 1901 autem
1675 1823 2146 1901 habeticucullo1

2234 1823 2511 1920 ,λευθέραν
2541 1850 2680 1920 ἔχει,
2717 1849 2853 1920 πρὶς
2875 1823 3010 1902 Θεδν
3037 1823 3256 1919 ὁρῶσαν
3279 1849 3385 1918 τὴν
3413 1823 3519 1900 τίῦν
3541 1846 3780 1900 ἁπάντων

525 1933 929 1989 circumdatum
965 1947 1191 2008 propter
1226 1938 1615 2003 humilitatem,
1659 1947 1714 1995 et
1750 1953 1819 1993 ne
1850 1937 2104 1993 sensibus

527 2025 600 2080 ibi
633 2027 877 2084 collectis
912 2029 1119 2083 nullum
1159 2033 1232 2085 sit
1266 2031 1723 2100 integumentum.

2213 1943 2484 2012 κεφαλὴν,
2511 1941 2606 1994 καὶ
2636 1939 2706 1994 τὰ
2733 1940 2947 1993 ἐκείνου
2978 1939 3311 2010 φρονοῦσαν,
3342 1941 3440 1994 καὶ
3473 1937 3606 2008 πρὸς
3633 1934 3780 1988 αὐτὸν

2214 2034 2649 2104 ἀνατρέχουσαν.
2703 2031 2868 2084 Ἀλλὰ
2918 2034 3016 2086 καὶ
3039 2031 3247 2099 ταύτην
3297 2028 3782 2100 περιστελλομένην

527 2123 604 2193 τῷ
639 2121 939 2193 κουκουλίῳ
982 2122 1072 2177 διὰ
1123 2122 1221 2194 τὴν
1277 2125 1800 2197 ταπεινοφροσύνην,
1846 2131 1941 2184 καὶ
1965 2129 2087 2200 μηδ’
2117 2129 2298 2183 ἐκεῖσε
2329 2127 2398 2180 τὰ
2429 2125 2764 2195 αἰσθητήρια
2814 2120 3244 2192 ἁπερικάλυπτα
3305 2122 3523 2193 ἔχοντα.

1028 2235 1258 2294 CAPUT
1304 2237 1628 2294 CCLXXIV.

535 2330 686 2395 Quod
756 2333 1039 2386 monac/nu
1104 2331 1289 2384 habitu
1355 2348 1452 2385 suo
1504 2333 1868 2389 conditionem
1930 2337 2117 2390 mortis

1057 2400 1257 2457 Christi
1301 2404 1563 2459 inritatur.

609 2496 840 2565 Insuper
876 2493 1233 2549 monasticam
1264 2508 1431 2562 agens
1467 2495 1632 2549 vitam
1677 2506 1924 2553 mortuus
1956 2504 2041 2552 cst
2064 2504 2119 2550 et

539 2592 689 2657 quasi
719 2589 772 2642 in
795 2587 1046 2656 sepulcro
1079 2587 1310 2656 positus.
1347 2586 1471 2642 Ideo
1499 2587 1744 2658 chlamys
1769 2588 1985 2657 quidem
2009 2588 2124 2643 rel-

543 2689 601 2736 ut
622 2681 934 2750 sepulcrum
957 2719 972 2744 ,
1023 2687 1202 2734 vestes
1232 2688 1412 2734 autem
1443 2679 1733 2735 interiores
1793 2681 2120 2752 sepulcralia

545 2773 790 2828 referunt
822 2772 1137 2826 indumenta
1163 2812 1180 2837 ,
1220 2785 1414 2839 nempe
1446 2770 1631 2825 tunica
1665 2780 1719 2824 et
1754 2781 1967 2826 ca'tcra.
1997 2771 2126 2825 Pas—

546 2868 758 2921 sioncm
795 2879 924 2918 vero
976 2878 1071 2933 per
1103 2877 1321 2917 crucem
1359 2873 1792 2916 consummatam
1827 2863 2126 2917 ostendunt

548 2971 654 3012 tam
703 2957 987 3027 scapularc
1019 2971 1179 3025 quam
1210 2954 1330 3007 aliae
1358 2965 1575 3018 vestes;
1630 2954 1928 3009 cruciﬁxus
1977 2953 2125 3008 enim

549 3051 849 3104 monachus
877 3056 961 3101 cst
993 3045 1221 3110 mundo,
1252 3044 1396 3114 quod
1435 3054 1690 3099 caeterum
1722 3045 2003 3114 promisit;
2038 3059 2132 3098 cu-

2772 2237 3025 2290 ΚΕΦΑΛ.
3069 2237 3229 2289 ΣΟΔ’.

2227 2333 2356 2387 Ὀτι
2387 2331 2502 2401 τὴν
2527 2329 2631 2385 τοῦ
2657 2329 2914 2398 Χριστοῦ
2943 2327 3243 2401 νέκρωσιν
3270 2326 3377 2381 καὶ
3405 2325 3502 2379 διὰ
3521 2324 3624 2378 τοῦ
3651 2321 3785 2391 σχή-

2575 2418 2766 2469 ματος
2795 2399 3053 2468 μιμεῖται
3086 2401 3119 2452 ό
3155 2400 3458 2466 μοναχός.

2309 2494 2472 2549 Ἀλλὰ
2501 2495 2592 2546 καὶ
2623 2494 2703 2546 δτι
2738 2492 2930 2562 νεκρὸς
2972 2491 2999 2542 6
3029 2489 3277 2558 μονάζων
3316 2489 3396 2559 τῷ
3446 2489 3565 2561 βίῳ,
3599 2491 3687 2544 καὶ
3721 2489 3787 2552 ὡς

2227 2589 2286 2640 ἐν
2317 2587 2472 2656 τάφῳ
2519 2585 2669 2638 ἐστί’
2731 2583 2812 2637 διὸ
2851 2585 2946 2639 καὶ
2983 2583 3060 2646 ὡς
3089 2582 3259 2649 τάφος
3307 2583 3410 2652 μὲν
3464 2584 3492 2637 6
3524 2580 3785 2652 μανδύα;’

2229 2681 2462 2749 ἐντάφια
2489 2680 2546 2733 δὲ
2605 2679 2674 2732 τὰ
2703 2678 2875 2739 ἐντὸς.
2905 2680 2932 2730 ὁ
2965 2676 3132 2748 χιτὼν
3161 2677 3501 2749 δηλαδὴ-καὶ
3532 2677 3594 2729 τὰ
3623 2674 3788 2728 λοιπά.

2224 2772 2459 2844 Δηλοῦσι
2511 2771 2655 2825 δὲτὸ
2701 2771 2788 2825 διὰ
2839 2768 3074 2834 σταυροῦ
3115 2768 3288 2831 πάθος
3344 2771 3372 2822 6
3427 2767 3683 2828 ἁνάλαϐος
3707 2764 3792 2818 καὶ

2229 2869 2296 2920 τὰ
2353 2865 2512 2920 ἄλλα.
2584 2864 3030 2934 Ἐσταυρωμένος
3075 2867 3186 2932 γὰρ
3237 2861 3328 2932 τῷ
3366 2863 3556 2931 κόσμῳ
3609 2859 3792 2912 ἐστὶνὸ

2233 2957 2467 3025 μοναχός
2493 2972 2508 2988 ο
2545 2957 2638 3010 καὶ
2669 2954 2827 3007 τοῦτο
2859 2955 2924 3023 δὴ
2955 2952 3369 3022 καθυπέσχετο.
3399 2952 3472 3004 T6
3499 2953 3552 3004 δὲ
3581 2947 3794 3002 κουκού-

2230 3049 2346 3103 λιον
2377 3049 2484 3103 ἀπὸ
2516 3047 2759 3118 κεφαλῆς
2787 3047 2864 3110 ὡς
2895 3046 3197 3116 σουδάριον.
3229 3047 3354 3099 Καὶ
3386 3047 3503 3108 δλος
3535 3045 3620 3096 τὸν
3653 3058 3796 3094 σταυ-

548 3139 722 3192 cullus
742 3146 925 3192 autem
950 3153 979 3189 a
1012 3135 1190 3206 capite
1212 3134 1456 3204 pendens
1488 3136 1636 3190 velut
1664 3135 1848 3200 siudo,
1882 3149 1947 3187 ex
1977 3134 2127 3188 omni

2237 3139 2477 3209 ρωθέντα
2517 3139 2656 3209 ὑπὲρ
2695 3138 2853 3208 ἡμῶν
2893 3139 2987 3190 καὶ
3020 3137 3377 3191 ἀποθανόντα
3415 3137 3507 3190 καὶ
3539 3133 3838 3203 είληθέντα⁹

550 3239 701 3301 parte
726 3229 1048 3284 cruciﬁxum
1079 3243 1178 3297 pro
1213 3227 1375 3280 nobis
1402 3236 1457 3281 et
1486 3236 1762 3293 mortuum
1799 3226 2132 3280 involutum-

552 3338 658 3392 que
721 3322 776 3376 in
819 3320 1225 3391 scpulcralihus
1277 3319 1612 3375 indumentis
1658 3335 1721 3374 ac
1751 3319 1986 3374 sindone
2028 3318 2134 3374 Do-

553 3414 760 3468 minum
792 3412 1056 3478 imitatur,
1092 3419 1151 3466 ut
1185 3410 1642 3481 quemadmodum
1682 3425 1780 3481 per
1813 3410 1981 3465 vitam
2010 3425 2133 3465 cum

555 3523 620 3560 ro
647 3507 942 3561 cruciﬁxus
973 3515 1056 3560 cst
1093 3515 1149 3561 et
1184 3513 1456 3570 mortuus,
1494 3506 1565 3559 ita
1599 3519 1724 3562 cum
1757 3519 1824 3560 eo
1862 3514 2135 3575 resurgat,

557 3606 613 3651 et
642 3597 932 3659 cnultctur,
966 3607 1020 3650 ct
1057 3597 1233 3651 Incres
1264 3604 1521 3665 appareat
1551 3597 1762 3665 paterni
1803 3596 1924 3664 ejus
1957 3596 2134 3666 regni,

559 3692 938 3758 honorumque
960 3687 1114 3743 nobis
1139 3696 1452 3758 paratorum
1480 3703 1510 3742 a
1535 3687 1924 3744 constitutione
1952 3687 2138 3744 tnundi

561 3783 832 3852 particeps
875 3783 1240 3846 exhibeatur;
1278 3796 1400 3851 quae
1429 3780 1477 3834 ei
1513 3781 1834 3849 deprecatur
1859 3781 2136 3846 sacerdos,

559 3886 846 3946 postquam
879 3886 1125 3930 sanctum
1150 3875 1447 3944 sumpserit
1480 3871 1746 3928 habitum.
1776 3873 1966 3928 Statim
1993 3875 2140 3928 enim

561 3983 756 4022 novam
783 3967 972 4035 adjicit
1001 3967 1332 4031 orationem,
1363 3975 1416 4020 et
1449 3975 1703 4036 precatur
1729 3973 1786 4019 ut
1807 3965 1946 4020 Deus
1967 3966 2142 4021 bonus

565 4071 620 4114 ct
650 4059 824 4114 ﬁdelis
863 4059 914 4110 in
947 4057 1232 4129 promissis
1265 4056 1379 4110 suis
1412 4064 1467 4110 et
1500 4054 1654 4123 cujus
1692 4055 1834 4110 dona
1871 4065 2000 4111 sunt
2025 4056 2143 4110 sine

569 4149 921 4219 pcenitcntia,
955 4149 1048 4203 det
1081 4148 1132 4202 ei
1163 4147 1631 4203 conversationem
1666 4147 1861 4202 bonam
1891 4155 1948 4202 et
1977 4149 2143 4203 honee

568 4253 708 4299 stam
742 4259 806 4296 ac
841 4241 1379 4312 irreprehensibilcm
1423 4248 1477 4293 et
1509 4241 1560 4292 in
1600 4239 2034 4296 sanctiﬁcatione
2069 4240 2148 4294 vi-

571 4353 706 4391 vens
741 4317 1127 4390 intemeratum
1159 4331 1431 4387 custodiat
1462 4330 1705 4385 habitum
1740 4347 1900 4400 quem
1938 4331 2144 4396 induit;

570 4442 627 4485 et
655 4429 948 4482 annuntiat
994 4425 1330 4496 singularum
1369 4423 1602 4476 vestium
1639 4438 1857 4477 sensum
1892 4433 1946 4477 et
1980 4424 2150 4477 virtu-

578 4534 709 4584 tem,
735 4519 992 4588 quoniam
1025 4517 1206 4570 tunica
1231 4515 1450 4585 quidem
1482 4513 2000 4583 divinamjustitiam
2027 4513 2147 4567 loco

577 4609 1031 4681 transgressionis
1074 4608 1284 4671 induit;
1321 4622 1458 4662 zona
1501 4615 1684 4660 autem
1733 4605 2149 4659 mortiﬁcatione

576 4703 819 4772 corporis
845 4710 900 4756 et
925 4700 1242 4756 castimonia
1263 4700 1615 4766 semetipsum
1643 4699 2019 4763 circumdedit,
2040 4699 2156 4754 haec

578 4799 724 4850 enim
783 4796 924 4850 circa
959 4809 1119 4848 rencs
1151 4794 1406 4855 mittitur.
1442 4803 1497 4848 ut
1548 4792 1994 4862 concupiscentia
2027 4791 2154 4860 qui-

579 4888 704 4944 dem
730 4887 800 4941 sit
820 4895 1086 4946 mortuus,
1113 4885 1313 4938 virtute
1345 4899 1474 4941 vero
1504 4884 1918 4954 magnanimus;
1945 4884 2156 4938 cucullo

582 4978 871 5034 salutarem
902 4977 1133 5045 sumpsit
1163 4976 1523 5029 humilitatem
1552 5016 1568 5041 ,
1603 4985 1660 5029 ut
1695 4985 1874 5029 mente
1904 4990 2023 5044 qure
2060 4973 2155 5028 toti

587 5072 818 5141 imperat
849 5067 1053 5123 homini
1087 5067 1308 5121 humilia
1339 5067 1575 5131 sentiat,
1602 5076 1658 5121 et
1689 5068 1827 5121 bene
1855 5081 2048 5122 sensus
2076 5066 2160 5119 in-

585 5171 798 5232 Struat;
835 5161 955 5216 ideo
988 5160 1134 5214 illam
1173 5158 1305 5215 dicit
1355 5158 1564 5226 galeam
1603 5159 1836 5224 salutis;
1886 5157 2159 5227 scapulari

588 5273 719 5311 vero
780 5269 943 5310 cruce
974 5254 1072 5320 ait,
1101 5263 1155 5307 et
1185 5251 1291 5307 ﬁde
1335 5265 1456 5306 sese
1486 5250 1810 5314 adornavit,
1842 5249 1974 5304 illud
2005 5249 2155 5304 enim

587 5346 756 5400 habet
793 5345 1018 5414 ﬁguram
1047 5341 1250 5406 crucis,
1285 5355 1390 5410 qua
1424 5341 1622 5395 Christi
1651 5341 1812 5394 ltdem
1839 5347 1895 5394 et
1925 5347 2158 5393 mortem

593 5445 852 5502 testatur;
883 5435 1082 5489 amictu
1111 5445 1312 5500 autem,
1339 5433 1503 5501 pallio
1528 5432 1737 5486 scilicet
1767 5440 1821 5486 ct
1853 5431 2162 5500 chlamyde,

595 5526 788 5582 stolam
832 5525 1257 5579 immortalitatis
1299 5533 1358 5576 ut
1403 5522 1624 5577 loricam
1659 5521 1890 5575 ferream
1915 5519 2018 5573 sibi
2050 5518 2162 5572 cir-

593 5618 868 5689 cumjecit,
893 5627 948 5672 et
973 5631 1069 5686 pro
1096 5616 1337 5687 pelliceis
1360 5616 1624 5674 vestibus.
1656 5612 1837 5679 divina
1865 5619 2164 5670 exornatus

597 5715 771 5782 gratia
803 5710 1110 5780 splenduit;
1151 5709 1409 5763 sandaliis
1439 5725 1567 5764 vero
1599 5715 1926 5776 potestatem
1951 5705 2162 5774 accepit

599 5802 920 5874 peragrandi
953 5801 1090 5856 viam
1127 5817 1246 5871 qua:
1282 5799 1432 5855 ducit
1479 5800 1544 5857 ad
1579 5799 1808 5855 salutent
1846 5806 1898 5853 et
1931 5811 2117 5868 pacem
2147 5836 2161 5865 ,

2181 4487 2224 4542 D

2234 3236 2347 3298 τοῖς
2378 3235 2657 3302 ἐνταφίοις
2692 3253 2749 3288 τε
2786 3237 2879 3288 καὶ
2906 3233 2984 3305 τῷ
3031 3234 3300 3306 σουδαρίῳ
3365 3235 3672 3304 ἐκμιμετται
3710 3231 3796 3281 Δε-

2238 3327 2482 3397 σπότηνθ
2522 3327 2610 3392 ἴλῃ
2661 3327 2738 3390 ὡς
2791 3325 3198 3396 συσταυρωθεὶς
3230 3326 3318 3396 τῷ
3363 3327 3462 3396 βίῳ
3493 3325 3582 3377 καὶ
3627 3337 3794 3374 συννε-

2237 3420 2474 3488 κρωθεὶς
2530 3420 2719 3488 αὐτῷ,
2754 3419 2872 3474 καὶ·
2914 3420 3219 3488 συναναστῇ
3285 3421 3379 3472 καὶ
3439 3413 3794 3483 συνανυῷωθῇ.

2239 3515 2334 3567 καὶ
2372 3513 2814 3584 συγκληρονόμος
2849 3511 2988 3582 ὀφθῇ
3020 3512 3118 3580 τῆς
3158 3512 3443 3581 Πατρικῆς
3476 3509 3631 3563 αὑτοῦ
3663 3509 3795 3575 βασι-

2240 3605 2412 3668 λείας,
2457 3607 2552 3658 καὶ
2589 3606 2700 3658 τῶν
2722 3605 2940 3672 ἀγαθῶν
2971 3604 3077 3657 τῶν
3102 3605 3527 3672 ἡτοιμασμένων
3553 3603 3677 3670 ἡμῖν
3705 3597 3797 3666 πρὸ

2241 3697 2545 3765 καταϐολῆς
2585 3697 2790 3766 κόσμου
2826 3695 3079 3757 κοινωνὸς
3131 3697 3404 3766 ἀναφανῇ.
3439 3697 3504 3748 Ἃ
3541 3691 3796 3759 XIV-5515‘

2242 3808 2329 3842 ται
2353 3789 2500 3858 αύτῷ
2531 3791 2557 3842 ὁ
2589 3789 2766 3858 ἱερεὺς
2799 3788 2936 3858 μετὰ
2966 3786 3026 3838 τὸ
3059 3776 3242 3838 λαϐεῖν
3265 3786 3328 3838 τὸ
3352 3785 3535 3854 σχῆμα
3552 3784 3610 3836 τὸ
3641 3783 3800 3847 ἆγιον.

2244 3881 2423 3943 Εὐθὺς
2457 3881 2566 3950 γὰρ
2603 3881 2856 3951 ἐπιφέρει
2903 3879 3066 3932 πάλιν
3108 3879 3277 3947 εὐχήν
3303 3895 3317 3908 ·
3356 3880 3451 3929 καὶ
3489 3874 3698 3944 εύχεται
3725 3872 3799 3922 ἶνα

2244 3975 2272 4026 6
2306 3975 2440 4036 Θεὸς
2471 3975 2498 4026 6
2529 3973 2753 4040 ἀγαθὸς,
2801 3973 2830 4024 6
2862 3970 3054 4033 πιστὸς
3089 3970 3147 4022 ἐν
3178 3971 3298 4031 ταῖς
3334 3968 3681 4035 ἐπαγγελίαις
3711 3963 3800 4014 αὖ·

2247 4063 2341 4118 τοῦ
2372 4066 2464 4118 καὶ
2514 4067 2573 4117 ἐν
2601 4065 2713 4125 τοῖς
2742 4061 3080 4132 χαρίσμασιν
3131 4059 3550 4127 ἀμεταμέλητος
3587 4055 3678 4117 ὢν,
3705 4053 3802 4121 δῴη

2249 4156 2398 4228 αὐτῷ
2438 4156 2556 4226 βίον
2604 4155 2916 4226 εὐσχήμονα
2967 4154 3059 4206 καὶ
3109 4151 3395 4205 πολιτείαν
3448 4153 3691 4220 ἐνάρετον
3721 4143 3804 4198 κλὶ

2249 4249 2718 4316 ἀκατάγνωστον,
2767 4243 2864 4299 καὶ
2893 4245 2948 4297 ἐν
3001 4241 3264 4311 ἁγιασμῷ
3311 4241 3554 4311 ζήσαντα
3600 4235 3805 4294 ἄσπιλον

2251 4341 2581 4407 διατηρῆσαι
2627 4338 2688 4391 τὸ
2723 4337 2910 4407 σχῆμα
2959 4335 2987 4388 ὃ
3031 4333 3364 4387 ἐνεδύσατο(
3395 4333 3503 4386 Καὶ
3540 4327 3808 4394 καταλέγει

2254 4431 2489 4484 ἑκάστου
2518 4429 2636 4487 τῶν¹
2659 4427 2974 4496 ἐνδυμάτων
2999 4426 3096 4492 τὴν
3123 4423 3334 4477 ἔννοιάν
3369 4439 3426 4474 τε
3456 4423 3548 4475 καὶ
3575 4420 3806 4483 δύναμιν

2254 4522 2336 4574 ὅτι
2366 4519 2442 4588 τῷ
2500 4519 2598 4588 μὲν
2648 4518 2836 4588 χιτῶνι
2868 4516 2967 4585 τὴν
2999 4515 3146 4566 θείαν
3186 4515 3539 4584 δικαιοσύνην
3587 4510 3698 4564 ἀντὶ
3721 4506 3810 4574 τῆς

2258 4612 2630 4681 παραϐάσεως
2671 4608 2964 4662 ἐνεδύσατο
2987 4623 3002 4638 ο
3027 4610 3091 4676 τῇ
3143 4605 3199 4658 δὲ
3236 4605 3383 4676 ζώνῃ
3434 4607 3532 4674 τὴν
3567 4603 3812 4662 νέκρωσιν

2256 4704 2352 4759 τοῦ
2393 4705 2649 4773 σώματος
2679 4703 2774 4755 καὶ
2807 4701 2904 4770 τὴν
2938 4698 3296 4769 σωφροσύνην
3326 4701 3384 4751 ἐν
3424 4696 3602 4766 ἐαυτῷ
3639 4688 3811 4761 περιέ-

2260 4798 2401 4851 θετο.
2455 4796 2611 4850 Ἐπεὶ
2647 4797 2730 4848 ὅτι
2763 4795 2854 4847 καὶ
2884 4793 3010 4864 περὶ
3035 4793 3133 4863 τὴν
3173 4793 3368 4859 ὀσφὺν,
3394 4792 3482 4844 ἵνα
3511 4787 3696 4855 νεκρὸς
3727 4783 3813 4853 μὲν

2259 4887 2292 4963 ᾖ
2333 4892 2406 4960 τῇ
2465 4889 2754 4956 ἐπιθυμίᾳ,
2798 4887 3042 4955 ἀνδρεῖος
3090 4885 3144 4938 δέ
3191 4886 3312 4946 ταῖς
3366 4883 3612 4952 ἀρεταῖς.
3647 4877 3732 4944 Τῷ
3765 4873 3812 4926 δὲ

2262 4979 2567 5047 κουκουλίῳ
2613 4977 2712 5047 τὴν
2749 4973 3250 5044 ταπεινοφροσύνην
3286 4973 3370 5034 είς
3415 4969 3684 5038 σωτηρίαν
3727 4980 3815 5014 πε·

2265 5068 2599 5139 ριεϐάλλετο.
2636 5067 2798 5120 Ὥστε
2841 5066 2928 5118 διὰ
2967 5063 3062 5116 τού
3089 5058 3436 5131 ιὴγεμονικοῦ
3493 5059 3558 5110 τὰ
3605 5049 3815 5107 ταπεινὰ

2264 5137 2486 5224 ιρρονεῑν
2519 5154 2613 5204 καὶ
2646 5152 2825 5214 καλῶς
2855 5151 2952 5215 τὰς
2999 5150 3280 5220 αἰσθήσεις
3316 5145 3700 5213 παιδαγωγεῖν.
3733 5137 3814 5190 Διὸ

2266 5248 2362 5298 καὶ
2417 5245 2852 5314 περικεφαλαίαν
2909 5242 3178 5312 σωτηρίου
3229 5239 3387 5294 τοῦτό
3432 5254 3584 5306 φησι.
3638 5231 3723 5300 Τῷ
3766 5228 3814 5280 δὲ

2265 5339 2546 5408 ἀναλάὅῳ,
2577 5338 2652 5406 τῷ
2678 5337 2895 5406 σταυρῷ
2945 5338 3038 5387 καὶ
3073 5339 3137 5405 τῇ
3187 5335 3368 5386 πίστει
3421 5323 3813 5393 κατεκοσμήθη,

2267 5433 2424 5501 φησί.
2459 5432 2642 5483 Τύπον
2686 5430 2794 5498 γὰρ
2825 5421 2977 5491 οὗτος
3022 5428 3134 5497 ἔχει
3185 5422 3441 5493 σταυροῦ,
3475 5420 3543 5474 δι’
3588 5413 3646 5470 οὗ
3674 5416 3704 5480 ἡ
3732 5408 3815 5462 τοὖ

2269 5522 2506 5589 Χριστοῦ
2544 5523 2720 5582 πίστις
2752 5537 2809 5572 τε
2835 5524 2926 5571 καὶ
2959 5520 2992 5586 ἡ
3022 5519 3286 5586 νέκρωσις
3327 5510 3702 5581 μαρτυρεῖται.
3736 5497 3815 5564 Τῷ

2269 5615 2324 5666 δὲ
2361 5612 2714 5681 περιϐολαίῳ,
2762 5611 2839 5680 τῷ
2873 5609 3080 5676 παλλίῳ
3107 5604 3305 5675 δηλαδὴ
3345 5617 3438 5654 και
3483 5598 3558 5667 τῷ
3599 5591 3814 5663 μανδύέν

2274 5707 2466 5775 στολὴν
2508 5704 2817 5772 ἀφθαρσίας
2871 5703 2946 5764 ὡς
2989 5701 3214 5768 θώρακα
3265 5693 3484 5763 ἰσχυρὸν
3528 5683 3809 5754 περιέθετο.

2276 5797 2386 5852 Καὶ
2419 5795 2537 5849 ἀντὶ
2563 5796 2669 5847 τῶν
2714 5794 3050 5864 δερμα-,τίνων
3093 5789 3329 5862 χιτώνων
3391 5784 3509 5851 θεῖα
3559 5771 3844 5841 κουραῖε-
