4034 6192
466 304 573 363 503

1285 312 1666 376 SYMEONIS
1689 313 2444 378 THESSALONICENSIS
2485 315 2632 376 ΑΒΕ
2643 317 2848 380 [ΙΙΕΡ.

3575 322 3671 387 504

461 418 628 474 6ὗντα
652 420 713 474 τὸ
742 421 948 490 σχῆμα.
991 424 1102 479 Kal
1129 423 1350 496 ᾄδουσιν
1399 429 1842 499 εὐφραινόμενοι.
1873 427 1949 482 Τὸ
1975 427 2032 480 δὲ
2072 429 2352 502 ᾀδόμενον,
2394 449 2413 482 ι
2455 428 2824 498 Ἑπιγνῶμεν,
2848 427 3090 498 ἀδελφοὶ,
3133 427 3229 482 τοῦ
3270 431 3550 502 μυστηρίου
3589 438 3674 506 τὴν

458 513 709 584 δύναμιν.
747 533 766 566 ι
804 515 900 578 Τίς
926 516 982 569 δὲ
1009 517 1184 590 αὖτης
1225 539 1244 574 ι
1282 520 1472 588 Ὅπως
1498 524 1590 578 τὸν
1623 527 1687 580 ἐκ
1727 529 1828 597 τῆς
1860 526 2137 596 ἁμαρτίας
2183 525 2322 595 πρὸς
2370 525 2470 596 τὴν
2519 524 2795 596 πατρικὴν
2856 524 3218 578 ἐπανελθόντα
3263 525 3440 582 ἑστίαν
3475 531 3500 581 ὁ
3556 550 3679 585 παν·

458 609 660 700 ἀγαθος
713 611 901 683 Πατὴρ
949 618 1377 688 προῢπαντήσας
1423 621 1750 687 ἀσπάζεται.
1805 641 1824 674 ι
1884 623 1996 676 Kal
2035 622 2160 686 δοὺς
2225 622 2287 676 τὸ
2315 622 2534 693 πρῶτον
2561 621 2799 693 ἀξίωμα,
2831 622 2971 690 μετὰ
3002 622 3110 677 τῶν
3151 623 3264 678 ἄνω
3322 626 3544 680 ποιεῖται
3589 629 3678 700 τὴν

457 698 712 765 εὐταξίαν
769 702 861 756 καὶ
920 705 1284 778 εὐφροσύνην,
1318 701 1500 776 ’θύσας
1544 712 1634 766 τὸν
1693 713 1895 784 μόσχον
1940 713 2032 770 τδν
2070 715 2338 770 σιτευτόν.

982 826 1213 884 CAPUT
1261 829 1486 886 CCLXX
1499 832 1564 888 V.

461 911 634 982 Quod,
661 927 776 982 post
807 918 1045 996 osculum
1069 932 1120 975 et
1163 924 1494 978 acrimonias
1529 926 1821 990 uniuersas,
1851 942 2035 996 supre-

640 1003 782 1041 mum
831 989 1102 1055 bonorum,
1127 1009 1296 1048 sacrm
1322 1011 1480 1049 curua:
1509 989 1828 1052 communio.

531 1075 829 1148 Propterea
865 1090 993 1150 post
1033 1085 1428 1141 oscillationem
1481 1087 1809 1143 sacriﬁcium
1857 1087 2034 1159 agitur

461 1167 620 1223 vituli
652 1170 907 1239 viventis,
935 1182 989 1228 et
1019 1175 1318 1231 secundum
1351 1177 1601 1233 ordinem
1634 1188 1689 1233 et
1719 1194 2031 1250 congruen-

461 1273 545 1317 ter
579 1261 651 1317 ita
685 1262 762 1329 fit,
791 1277 913 1318 cum
943 1254 1297 1332 ahApostolo
1330 1271 1628 1340 appelletur
1657 1271 1824 1326 divini
1862 1273 2034 1326 Evan-

423 1370 426 1374 ·
461 1353 582 1424 ςειιίί
611 1356 991 1412 summarium.
1025 1359 1126 1424 Qui
1161 1361 1406 1415 habitum
1440 1365 1670 1432 sumpsit
1699 1373 1824 1417 ante
1854 1362 2032 1419 Evat‘t-

462 1445 661 1513 gelium
692 1457 748 1502 et
776 1457 998 1504 sanctos
1047 1450 1255 1505 lumina
1285 1451 1523 1507 ferentes
1571 1455 1937 1524 prOgreditur,
1973 1466 2031 1510 ut

468 1537 630 1593 miles
656 1538 858 1593 Christi
894 1549 948 1594 et
990 1540 1241 1597 minister
1265 1543 1618 1598 constitutus.
1661 1545 1729 1598 Et
1772 1546 2029 1600 memoria

460 1632 658 1701 dignus
689 1633 923 1688 habetur
953 1633 1007 1688 in
1035 1634 1377 1690 orationibus
1413 1645 1602 1706 utpote
1637 1637 1688 1691 in
1730 1638 1866 1692 cmlo
1897 1653 2026 1692 cono

458 1723 696 1794 scriptus
726 1733 781 1780 ct
811 1727 982 1780 choro
1014 1725 1243 1782 fratrum
1280 1729 1569 1784 adunatus.
1600 1728 1844 1799 Denique
1878 1746 2030 1785 Cont-

460 1817 726 1872 munione
794 1817 1266 1874 divinissimorum
1326 1821 1706 1877 mvsteriorum
1757 1823 2026 1886 donatur,

456 1911 698 1965 ccclesiis
739 1911 983 1982 vivatque
1010 1929 1212 1969 mensm
1241 1915 1512 1986 particeps
1542 1924 1815 1970 ostensus.
1864 1917 1931 1970 Et
1958 1917 2027 1970 ita

456 2018 583 2058 cum
625 2005 824 2076 gaudio
851 2006 1096 2061 omnium
1145 2009 1459 2063 canentium
1503 2017 1559 2062 et
1603 2009 1934 2076 precantium
1971 2019 2029 2063 ut

457 2093 549 2148 ille
578 2094 705 2150 vitis
737 2096 946 2151 Domini
977 2096 1318 2168 disponatur,
1344 2098 1412 2154 ad
1444 2099 1756 2154 sensibilem
1787 2115 2024 2153 mensam

2703 835 2952 889 ΚΕΦΑΛ.
2987 831 3150 888 ΣοΕ’.

2138 926 2270 980 "Ott
2312 907 2463 1000 μετὰ
2514 928 2624 1000 τύιῖ
2654 927 2989 1000 ἁσπιζσμᾷν
3031 928 3127 1000 κειὶ
3187 927 3262 1000 Τὰ
3305 927 3415 995 τῆς
3459 931 3684 1000 τελετῆς

2304 995 2525 1065 πάντα,
2559 997 2735 1064 τέλος
2758 995 2878 1051 τῶν
2904 995 3144 1068 ἀγαθῶν
3168 997 3205 1065 ἠ
3240 999 3534 1054 κοινωνία.

2205 1089 2298 1142 Διὸ
2332 1090 2427 1144 καὶ
2461 1091 2601 1162 μετὰ
2646 1092 2738 1146 τὸν
2770 1090 3064 1160 ἀσπασμὸν
3099 1092 3132 1160 ὴ
3167 1092 3447 1162 ἱερουργία
3472 1092 3687 1146 τελεῖται

2133 1180 2226 1234 τοῦ
2259 1181 2460 1246 ζῶντος
2493 1181 2724 1253 μόσχουο
2762 1185 2855 1236 καὶ
2898 1183 3042 1238 κατὰ
3068 1183 3222 1250 τάξιν
3263 1183 3586 1255 ἁρμοδίωςῆ
3633 1201 3688 1237 τε

2135 1274 2230 1325 τοῦ
2275 1274 2598 1330 Ἀποστόλου
2628 1276 2904 1345 περικοπὴ
2938 1275 3031 1328 καὶ
3053 1275 3148 1328 τοῦ
3193 1275 3342 1328 θείου
3372 1275 3688 1343 Εὖαγγελίου

2134 1363 2594 1431 ἀναγινώσκεται.
2655 1367 2764 1418 Καὶ
2801 1368 2828 1419 ὁ
2875 1364 2936 1418 τὸ
2985 1367 3171 1435 σχῆμα
3231 1363 3434 1430 λαϐὼν,
3481 1365 3689 1419 καὶτοῦ

2132 1454 2468 1524 Εὑαγγελίου
2507 1457 2601 1510 καὶ
2640 1457 2751 1510 τῶν
2788 1456 2958 1524 ἁγίων
3011 1457 3459 1526 λαμπαδηφορῶν
3496 1474 3689 1527 προποο

2137 1547 2377 1618 patietur,
2411 1548 2487 1612 ὡς
2523 1548 2869 1618 στρατιώτης
2903 1549 3143 1618 Χριστοῦ
3181 1547 3276 1600 καὶ
3308 1547 3572 1617 ὕπερέτης
3596 1565 3690 1600 κα-

2131 1641 2358 1702 ταστάς.
2390 1641 2502 1693 Kal
2537 1641 2758 1710 μνήμης
2790 1640 3037 1706 ἀξιοῦται
3068 1641 3125 1692 ὲν
3156 1641 3276 1700 ταῖς
3307 1640 3601 1709 αἱτήσεσιν,
3627 1640 3694 1699 ὡς

2133 1732 2512 1800 καταγραφεὶς
2543 1735 2602 1784 ὲν
2655 1733 2768 1796 τοῖς
2801 1733 3074 1804 οὐρανοῖς,
3120 1733 3214 1786 καὶ
3246 1735 3316 1803 τῇ
3369 1732 3553 1804 χορείᾳ
3596 1733 3696 1784 τῶν

2134 1824 2383 1892 ἀδελφῶν
2415 1824 2726 1893 συνταγείς.
2777 1826 2888 1880 Kal
2917 1821 3248 1878 *τελευταῖον
3279 1826 3377 1894 τῆς
3423 1825 3695 1886 κοινωνίας

2131 1911 2237 1963 τῶν
2267 1910 2557 1965 θειοτάτων
2598 1911 2974 1978 καταξιοῢται,
3023 1914 3121 1980 τῆς
3166 1913 3568 1983 ¹ὑπερουροινίου
3614 1915 3699 1965 καὶ

2131 2002 2313 2070 ζώσης
2361 2002 2643 2074 τραπέζης
2685 2004 2942 2067 κοινωνὸς
2980 2003 3349 2074 ἀποδειχθείς.
3405 2005 3512 2057 Kal
3565 2002 3701 2055 οὕτω

2137 2095 2253 2161 μετ’
2284 2095 2628 2166 εὐφροσύνης
2659 2096 2877 2149 πάντων
2911 2096 3146 2167 ᾀδόντων
3177 2098 3268 2150 καὶ
3296 2097 3604 2166 εὐχομένων
3629 2095 3698 2155 ὡς

459 2188 701 2252 procedit
727 2203 848 2241 cum
874 2189 1037 2247 sociis
1060 2190 1247 2245 laetitia
1281 2191 1557 2262 perfusus.
1585 2191 1651 2246 Et
1675 2200 1805 2249 tunc
1831 2207 2027 2246 vacans

2140 2184 2376 2252 Ξμπελον
2403 2186 2612 2257 Κυρίου
2654 2187 3086 2255 καταρτισθῆναι
3123 2189 3311 2250 αὑτὸν,
3351 2188 3445 2240 καὶ
3491 2189 3569 2249 είς
3611 2185 3702 2255 τὴν

457 2279 823 2344 orationibus,
868 2281 1190 2337 obedientizc
1231 2293 1285 2338 et
1318 2284 1663 2348 ministerio,
1717 2284 1768 2336 in
1803 2282 2023 2338 humili-

462 2380 568 2424 tate
601 2385 826 2425 currens
876 2372 1016 2426 viam
1066 2374 1190 2428 vitae
1238 2373 1519 2429 Christum
1571 2376 1839 2444 sequitur,
1871 2376 2028 2442 cujus

457 2460 643 2530 gloria:
688 2462 1105 2532 participatione
1166 2465 1369 2519 utinam
1425 2465 1667 2520 universi
1726 2465 2027 2520 habeantur

456 2553 605 2624 digiti
639 2569 734 2621 per
764 2553 884 2624 ejus
923 2557 1378 2612 misericordiam.
1421 2556 1498 2611 En
1531 2559 1698 2628 igitur
1724 2558 2026 2612 doctrinam

458 2645 526 2698 de
559 2646 900 2714 poenitentia,
933 2658 988 2700 ut
1035 2648 1194 2703 nobis
1242 2648 1340 2702 fuit
1372 2649 1630 2718 possibile
1655 2649 2028 2717 exposuimus.

456 2750 669 2790 necnon
700 2737 768 2791 de
803 2737 994 2792 habitu
1026 2748 1239 2802 sancto,
1270 2741 1526 2809 quoniam
1560 2740 1839 2809 angelieas
1869 2749 1949 2794 est
1978 2748 2033 2794 et

459 2831 790 2898 rceoitcntiae
817 2831 1060 2887 habitus.
1094 2831 1355 2902 Superest
1397 2845 1453 2887 ut
1497 2834 1562 2889 de
1607 2834 1818 2888 duobus
1849 2834 2030 2888 adhuc

465 2925 689 2993 reliquis
721 2924 993 2995 mysteriis
1023 2923 1279 2979 Ecclesiae
1318 2925 1631 2979 summatim
1675 2926 1939 2986 dicamus,
1970 2933 2029 2977 ut

456 3032 619 3071 nume
663 3017 802 3086 quod
852 3017 1199 3086 promisimus
1243 3016 1575 3087 expleamus,
1620 3026 1673 3071 et
1731 3017 1797 3072 ad
1859 3017 2018 3070 tinem

463 3122 784 3177 peragamus
823 3122 1154 3161 sermonem.

537 3378 795 3436 Clericus.
821 3379 1032 3433 Bonum
1068 3389 1169 3448 cst,
1207 3379 1549 3435 sanctissime
1576 3380 1816 3444 domine,
1839 3394 2030 3450 quem-

461 3469 749 3527 admodum
791 3472 855 3528 de
885 3471 1028 3537 aliis,
1060 3472 1131 3526 ita
1173 3481 1227 3527 et
1260 3473 1328 3528 de
1354 3473 1473 3528 istis
1511 3490 1610 3529 nos
1635 3473 1887 3529 edocerc.

2136 2275 2402 2345 αἰσθητὴν
2447 2276 2742 2343 πορεύεται
2765 2277 3066 2346 τράπεζαν,
3101 2279 3211 2340 τοῖς
3240 2277 3542 2346 ὁμοταγέσι
3589 2291 3704 2328 σιν-

2135 2369 2561 2438 ευφραινόμενος
2591 2384 2607 2401 ο
2650 2369 2929 2437 σχολάζων
2972 2370 3155 2424 ἔκτοτε
3212 2372 3339 2434 ταῖς
3386 2370 3705 2438 προσευχαῖς

2137 2462 2230 2513 καὶ
2259 2463 2322 2531 τῇ
2358 2460 2572 2531 ὑπακοῇ
2606 2461 2699 2514 καὶ
2730 2461 2998 2532 διακονίᾳ,
3032 2465 3088 2515 ὲν
3111 2464 3447 2516 ταπεινώσει
3477 2459 3570 2530 τὴν
3599 2459 3708 2512 ὁδὸν

2133 2555 2345 2625 τρέχων
2373 2554 2479 2624 τῆς
2501 2554 2668 2626 ζωῆς,
2702 2557 2798 2610 καὶ
2825 2556 3208 2610 ἐπακολουθῶν
3251 2557 3335 2627 τῷ
3372 2554 3586 2626 Χριστῷ
3607 2570 3620 2584 ·
3651 2545 3706 2604 οὗ

2133 2647 2228 2698 καὶ
2276 2647 2477 2708 πάντες
2507 2647 2881 2730 ἀξιωθείημεν
2928 2647 3026 2716 τῆς
3059 2648 3219 2716 δόξης
3271 2648 3374 2701 καὶ
3427 2643 3703 2705 κοινωνίας

2135 2735 2273 2790 ἐλέει
2319 2737 2505 2793 αὑτοῦ.
2555 2738 2687 2792 Ἰδοὺ
2727 2738 2906 2792 τοίνυν
2938 2740 3033 2792 καὶ
3063 2739 3130 2792 τὰ
3174 2739 3276 2808 τῆς
3324 2737 3608 2809 μετανοίας
3637 2734 3708 2796 ὡς

2139 2828 2256 2882 ἐνδν
2299 2831 2432 2899 ἡμῖν
2485 2831 2856 2901 ὲξεθήκαμεν,
2891 2831 2988 2884 καὶ
3031 2830 3100 2884 τὰ
3141 2829 3236 2883 τοῦ
3298 2820 3579 2900 σχήματος
3621 2824 3708 2878 τοῦ

2140 2919 2311 2990 ίεροῧο
2347 2922 2422 2984 ὡς
2449 2927 2538 2976 καὶ
2573 2922 2890 2988 ἀγγελικοῦ,
2935 2922 3148 2992 καὶτῆς
3177 2924 3477 2990 μετανοίας
3505 2921 3709 2990 σχήμα-

2137 3031 2228 3078 τος
2265 3014 2438 3078 ὄντος.
2491 3015 2693 3068 Λοιπὸν
2728 3016 2976 3079 καὶπερὶ
3015 3013 3124 3066 τῶν
3147 3014 3240 3066 δύο
3290 3016 3376 3067 ἔτι
3409 3011 3712 3068 ὑπολοίπων

2141 3109 2458 3179 μυστηρίων
2497 3107 2596 3177 τῆς
2635 3107 2968 3176 Ἔκκλησίας
3009 3105 3151 3159 κατὰ
3178 3103 3410 3174 σύνοψιν
3453 3107 3707 3174 εἴπωμεν,

2134 3198 2207 3262 ὡς
2239 3198 2302 3252 ἂν
2352 3199 2510 3269 195
2544 3199 2611 3252 τὰ
2660 3197 2760 3267 τῆς
2789 3197 3135 3267 ὑποσχέσεως
3177 3197 3580 3268 ἐκτελέσωμεν,
3627 3195 3714 3247 καὶ

2139 3293 2220 3355 είς
2243 3292 2396 3351 τέλος
2422 3293 2510 3345 τὸν
2539 3293 2698 3361 λόγον
2724 3291 3040 3360 ἀγάγωμεν.

2171 3383 2528 3450 ’Κληρικόςκ
2591 3381 2792 3446 Καλὸν,
2853 3379 3121 3448 ἁγιώτατε
3171 3378 3445 3447 δέσποτα,
3480 3379 3556 3443 ὡς
3590 3377 3714 3450 περὶ

2139 3475 2247 3529 τῶν
2278 3475 2476 3542 ἄλλων,
2512 3475 2605 3528 καὶ
2638 3475 2767 3544 περὶ
2801 3473 3005 3526 τούτων
3038 3469 3231 3539 μαθεῖν
3264 3471 3448 3541 ἡμᾶς.

2008 3803 2165 3859 ΠΕΡΙ

902 3983 1206 4102 ΤΟΥ
1269 3982 1812 4101 ΤΙΜΙΟΥ
1866 3982 2638 4102 ΝΟΜΙΜΟΥ
2673 3982 3242 4102 ΓΑΜΟΥ.

2056 4307 2206 4405 σε’

781 4530 1455 4648 HONESTO
1541 4535 1723 4646 ET
1815 4529 2505 4644 LEGITIMO
2627 4528 3389 4645 CONJUGIO.

539 4923 808 4993 Pontifex.
841 4918 1045 4990 Etiam
1076 4919 1353 4991 loquimur
1387 4917 1456 4973 de
1491 4911 1838 4970 matrimonio
1870 4911 2029 4983 quale
2053 4911 2100 4976 α

462 5017 764 5076 secundum
799 5015 1036 5071 divinam
1068 5011 1342 5067 licentiam
1375 5011 1518 5064 inter
1548 5007 1797 5064 homines
1825 5004 2036 5072 pertici-

470 5123 563 5169 tur
593 5109 660 5165 ab
690 5107 772 5164 eis
803 5107 898 5178 qui
938 5104 1241 5161 secundum
1280 5100 1542 5157 mundum
1573 5098 1773 5179 Ovolunt
1823 5097 2028 5159 vivere,

471 5209 694 5273 propter
726 5198 896 5254 solam
929 5196 1223 5251 liberorum
1272 5189 1678 5262 generationem
1722 5196 1777 5242 et
1807 5199 2034 5240 coirces-

475 5307 599 5348 sum
641 5300 724 5346 csl
757 5299 981 5361 propter
1029 5295 1262 5341 mortem
1303 5297 1366 5336 ex
1403 5277 1766 5335 inobedientia
1798 5291 2034 5344 sequen-

470 5395 607 5450 tem,
640 5393 720 5445 ut.
755 5381 1060 5452 usquedum
1109 5394 1209 5450 per
1253 5375 1527 5431 Christum
1562 5371 1775 5426 venerit
1822 5369 1930 5424 vita
1983 5377 2039 5422 et

472 5474 882 5537 immortalitas,
909 5485 1152 5543 przesens
1175 5465 1548 5536 corruptibilis
1574 5459 1888 5532 permaneat
1908 5459 2032 5523 vita,

2217 4908 2574 4978 'Apztepezic.
2611 4907 2721 4962 Kal
2763 4905 2994 4976 λέγομεν
3038 4909 3137 4980 ἤδη
3173 4911 3307 4981 περὶ
3364 4912 3466 4966 τοῦ
3521 4912 3730 4984 γάμου,

2141 5001 2290 5064 ὅστις
2322 5001 2465 5055 κατὰ
2515 5000 2668 5054 θείαν
2727 4998 3075 5070 συγχώρησιν
3126 5003 3182 5056 ὲν
3211 5003 3546 5074 ἀνθρώποις
3579 5006 3734 5059 ἐστὶν

2142 5093 2557 5164 ἐνεργούμενος,
2604 5092 2720 5154 τοῖς
2779 5093 2922 5145 κατὰ
2957 5093 3164 5163 κόσμον
3215 5095 3452 5150 θέλουσι
3486 5099 3612 5168 ζῇν,
3649 5098 3735 5151 διὰ

2146 5183 2318 5254 μόνην
2373 5182 2740 5246 παιδοποιίαν,
2769 5183 2865 5234 καί⁸
2921 5183 3346 5254 συγκεχώρηται
3396 5188 3492 5240 διὰ
3524 5190 3620 5242 τὸν
3672 5191 3735 5241 ὲκ

2143 5273 2244 5342 τῆς
2285 5271 2575 5342 παρακοῆς
2629 5270 3142 5340 ἐπακολουθήσαντα
3180 5273 3455 5342 θάνατον,
3493 5278 3583 5332 ἵνα
3633 5278 3735 5338 ἕως

2143 5363 2210 5417 ἂν
2268 5361 2398 5433 ἔλθῃ
2444 5363 2477 5432 ἡ
2523 5361 2612 5414 διὰ
2643 5361 2737 5414 τοῦ
2779 5362 3021 5430 Χριστοῦ
3068 5363 3181 5434 ζωὴ
3216 5365 3318 5417 καὶ
3367 5367 3672 5429 ἀθανασία,
3706 5367 3734 5418 ὁ

2139 5453 2331 5525 παρὼν
2356 5455 2593 5525 φθαρτδς
2626 5452 2856 5524 διαμένῃ
2900 5453 3038 5522 βίος,
3074 5456 3169 5507 καὶ
3215 5455 3298 5526 μὴ
3344 5458 3526 5530 χωρὶς
3555 5457 3734 5511 ἐὐλο-

467 5577 638 5622 etne
667 5564 787 5620 sine
835 5561 1216 5615 benedictione
1268 5556 1338 5611 sit
1391 5553 1676 5610 hominum
1719 5549 2037 5605 constitutio

2140 5547 2264 5614 γίας
2301 5543 2472 5616 ἡτῶν
2518 5543 2823 5616 ἀνθρώπων
2849 5547 2935 5616 εἴη
2986 5546 3264 5616 καταϐολὴ
3305 5550 3406 5601 καὶ
3451 5551 3602 5620 ἀρχὴ
3634 5553 3730 5602 καὶ

471 5666 639 5727 atque
665 5651 1020 5726 principium,
1052 5665 1156 5705 nec
1180 5647 1267 5703 isti
1295 5648 1495 5715 absque
1523 5659 1586 5698 ea
1616 5641 1781 5696 vitam
1818 5639 2034 5704 habeat,

468 5757 640 5816 utque
675 5743 1022 5802 matrimonio
1063 5741 1131 5796 ab
1167 5740 1487 5795 intemerata
1530 5731 1769 5789 Ecclesia
1802 5728 2029 5785 benedi-

2134 5637 2196 5690 τὸ
2227 5631 2368 5689 εἶναι
2388 5636 2612 5698 τούτους
2642 5638 2700 5689 ὲν
2732 5637 2852 5707 βίῳ,
2888 5637 2980 5690 καὶ
3018 5637 3094 5700 ὡς
3125 5638 3279 5704 παρὰ
3322 5639 3428 5708 τῆς
3488 5641 3729 5694 ἀσπίλου

2151 5724 2478 5795 Ἐκκλησίας
2518 5724 2617 5798 τὴν
2645 5727 2896 5797 εὐλογίαν
2923 5726 3135 5798 ἔχοντος
3169 5725 3272 5779 τοῦ
3303 5729 3519 5794 γάμου,
3558 5727 3735 5782 σπεύσ-
