4034 6192
313 238 424 304 505

1627 247 1730 310 DE
1771 249 2294 313 MATRIMONIO.

3466 257 3570 318 506

311 355 482 408 δωσιν
525 356 576 409 οί
625 356 684 410 ἐν
710 356 883 427 τούτῳ
930 357 1151 413 ἄσπιλοι
1191 354 1334 414 εἶναι
1383 360 1458 426 ὡς
1506 361 1760 434 ἐγχωρεῖ,
1793 364 1875 416 καί

1991 362 2228 418 rtioncm
2262 371 2582 429 consecuta,
2609 364 2864 420 studeant
2889 363 3150 436 ceujuges
3173 362 3228 418 in
3253 377 3338 428 eo,
3370 371 3430 420 ut
3452 362 3568 420 fieri

311 447 564 517 ἐννόμως
611 449 707 501 καὶ
754 449 877 520 δίχα
908 449 1079 520 ψόγου
1117 453 1212 506 καὶ
1260 453 1434 524 ῥύπου
1481 457 1888 520 συνάπτωνται,

309 541 414 590 καὶ
474 538 544 602 ὡς
602 540 776 594 εἰπεῖν
803 540 1033 610 ἄμωμον
1093 544 1187 598 καὶ
1214 543 1292 608 ὡς
1349 545 1680 616 παρθενικδν
1721 547 1888 614 ἐγγὺς

309 629 612 697 φυλάσσειν
643 633 735 686 τὸν
759 633 960 702 γάμον.

869 727 1118 784 ΚΕΦΔΛ.
1151 731 1328 798 Σοεῖν.

595 885 600 888 _
629 819 798 874 Διατῖ
831 821 1120 890 στέφανοι
1154 825 1222 877 ἐν
1258 823 1338 890 τῷ
1385 823 1570 896 γάμῳ.

384 909 483 964 Διὶ
523 911 682 966 τοῦτο
713 913 822 984 γὰρ
869 916 964 969 καὶ
1013 917 1266 984 στέφανοι
1315 917 1578 986 τίθενται,
1614 920 1702 974 διὰ
1758 921 1888 986 τοὺς

303 1002 620 1066 παρθένους
651 1002 746 1056 καὶ
780 1005 1077 1076 καθαροὺς,
1105 1007 1185 1062 ὅτι
1222 1009 1582 1065 συνάπτονται
1633 1011 1884 1078 ἄσπιλοι,

301 1093 408 1148 καὶ
431 1093 506 1158 ὡς
528 1093 626 1164 τὴν
655 1095 957 1162 παρθενίαν
983 1097 1114 1167 ἄχρι
1137 1099 1232 1152 τοῦ
1262 1102 1444 1169 γάμου
1473 1104 1888 1173 συντετηρήκα-

303 1204 418 1241 σιν.
463 1188 526 1241 Ὃ
554 1187 616 1257 δὴ
649 1188 741 1240 καὶ
769 1190 866 1242 ἀπ’
898 1189 1066 1257 αὐτῆς
1089 1191 1188 1258 τῆς
1235 1195 1456 1262 φύσεως
1503 1195 1889 1264 μαρτυρούμε-

299 1297 400 1333 νον
423 1282 585 1336 καλὸν
615 1278 780 1344 εἶναι,
820 1284 847 1334 6
885 1285 1292 1354 συναπτόμενος
1325 1289 1390 1357 τῇ
1437 1286 1621 1358 νύμφῃ
1653 1289 1888 1357 νυμφίος

301 1373 418 1438 πρὸ
439 1372 642 1435 παντὸς
666 1371 824 1426 τοῦτο
843 1373 1091 1442 βούλεται
1119 1376 1417 1444 κεκτῆσθαι
1439 1377 1633 1448 αὐτὴν,
1658 1377 1718 1432 τὺ
1741 1394 1888 1446 παρ-

303 1464 462 1516 θένον
495 1460 634 1519 εἶναι
674 1467 766 1520 καὶ
793 1467 1062 1538 καθαρὰν,
1103 1474 1198 1520 καὶ
1235 1467 1308 1538 μὴ
1348 1467 1540 1538 ἐτέρου
1567 1468 1736 1534 τινὸς,
1769 1469 1886 1522 ἀλλ’

297 1555 474 1609 αὐτοῦ
498 1563 590 1610 καὶ
619 1558 782 1626 μόνου
809 1555 946 1612 εἶναι
983 1562 1078 1613 καὶ
1126 1561 1395 1630 κληθῆναι
1429 1564 1682 1628 γυναῖκα.
1713 1561 1880 1615 Ὅθεν

295 1649 402 1701 καὶ
433 1649 595 1704 αὑτὸν
621 1651 1030 1705 ἐκδιδάσκεσθαι
1063 1652 1166 1723 χρὴ
1189 1653 1432 1708 τοιοῦτον
1461 1655 1652 1708 ἐαυτὸν
1685 1657 1876 1726 τηρεῖν

291 1741 542 1808 νυμφίον
578 1741 820 1812 καθαρὸν
870 1745 936 1814 τῇ
977 1743 1187 1816 νύμφῃ.
1219 1743 1316 1798 καὶ
1365 1745 1536 1814 αὐτῆς
1562 1745 1750 1814 ἄνδρα,
1782 1747 1880 1800 καὶ

293 1831 402 1901 οὐχ
437 1832 654 1906 ἐτέρας.
695 1835 804 1887 Καὶ
860 1837 908 1887 εί
939 1835 1121 1894 τοῦτο.
1149 1836 1489 1906 εὐλογημένη
1550 1839 1584 1906 ὴ
1617 1837 1872 1907 συζυγία,

293 1924 400 1977 καὶ
455 1926 488 1996 ἡ
541 1927 718 1995 κοίτη,
771 1909 1186 1983 κατὰ’Παῦλον
1236 1933 1434 1998 εἰπεῖν,
1494 1933 1725 1995 ἄσπιλος
1781 1935 1878 1986 καὶ

293 2017 604 2090 ἀμίαντος·
647 2021 740 2073 καὶ
776 2022 870 2074 ἐπὶ
891 2009 896 2014 ’
919 2022 998 2090 τῷ
1029 2023 1194 2092 γάμῳ
1227 2025 1400 2091 τούτῳ
1443 2024 1628 2079 τελεία
1727 2027 1880 2080 εὐλο-

293 2110 402 2176 γία
421 2127 436 2141 ι
463 2109 557 2162 καὶ
581 2111 608 2160 6
631 2111 870 2180 Χριστὸς
904 2115 1285 2182 παραγίνεται.
1313 2117 1375 2168 Εἰ
1405 2117 1462 2168 δέ
1493 2118 1877 2186 νενοθευμένος

295 2201 329 2254 6
375 2200 554 2270 γάμος
581 2206 672 2256 καὶ
700 2203 890 2272 ρύπων
925 2205 1198 2274 ἔμπλεως,
1236 2207 1353 2269 πῶς
1381 2207 1490 2272 ἄρα
1539 2209 1714 2261 ἐκεῖσε
1744 2209 1878 2279 Χρι-

299 2291 462 2359 στὸς,
509 2295 536 2346 ὁ
583 2295 968 2366 καθαρώτατος
998 2300 1181 2366 μόνος,
1215 2301 1311 2352 καὶ
1357 2300 1467 2352 τῶν
1515 2299 1705 2370 ψυχῶν
1735 2320 1875 2371 νυμ-

303 2384 426 2451 φίος
475 2381 628 2452 irit};
653 2403 712 2439 τε
774 2389 868 2441 καὶ
902 2388 1170 2458 domum;
1211 2391 1460 2444 Ἀπέστω
1513 2392 1695 2445 τοίνυν
1725 2393 1876 2446 πᾶσα

297 2478 532 2546 πορνεία
561 2478 654 2530 τοῦ
687 2479 874 2548 τιμίου
902 2481 1080 2549 γάμου
1107 2483 1202 2534 καὶ
1232 2483 1456 2554 ἁρπαγή
1484 2499 1498 2514 ο
1531 2487 1627 2537 καὶ
1657 2486 1874 2556 μοιχεία

296 2571 454 2622 πᾶσα
522 2570 747 2642 πόρρω,
807 2575 902 2626 καὶ
948 2575 1044 2626 σὺν
1083 2573 1256 2647 ταύτῃ
1311 2576 1344 2644 ἡ
1379 2576 1612 2646 βδελυρὰ
1667 2577 1762 2630 καὶ
1815 2577 1876 2630 τὸ

297 2662 468 2730 γένος
497 2663 800 2734 συγχέουσα
833 2665 1126 2736 αίμομιξία
1153 2685 1211 2720 τε
1245 2667 1340 2721 καὶ
1370 2667 1708 2737 πολυγαμία.
1763 2669 1874 2722 Καὶ

291 2755 372 2809 τὰ
395 2753 490 2810 τοῦ
525 2757 672 2827 ῐεροῦ
693 2757 864 2828 τόμου
891 2759 1206 2813 ἁκατάλυτα
1251 2759 1624 2830 φυλαττέσθω,
1662 2759 1748 2813 ἵνα
1781 2761 1874 2814 καὶ

289 2849 471 2918 τόμος
505 2851 589 2919 εἴη
624 2850 868 2912 ἐνὼσεως
893 2853 987 2904 καὶ
1023 2853 1094 2920 μὴ
1122 2852 1481 2915 διαστάσεως,
1513 2851 1586 2912 ὡς
1627 2849 1738 2902 τῶν
1775 2867 1874 2902 κα-

291 2940 414 3000 κῶς
443 2943 868 3010 συναπτομένων
891 2943 1276 3014 χωριζομένων
1309 2941 1507 3010 μᾶλλον
1548 2943 1644 2995 καὶ
1668 2941 1871 2994 διιστα-

1993 463 2188 524 potest,
2209 453 2514 509 ibtemcrati
2535 471 2674 510 esse.
2695 454 2756 510 Et
2780 457 2858 511 sic
2873 455 3167 528 licite.sine
3191 453 3570 521 reprehensio-

1989 560 2060 598 ne
2101 553 2156 600 ct
2187 546 2392 614 absque
2424 545 2542 600 labe
2557 545 3074 617 conjunguntur,ita
3095 543 3569 614 utirreprcbensi-

1989 634 2099 690 bile
2122 637 2332 692 dicatur
2351 650 2398 691 et
2420 640 2570 708 quasi
2597 637 2858 705 virginale
2877 647 3122 693 servetur
3141 635 3566 689 matrimonium.

2491 729 2721 785 CAPUT
2754 727 3074 787 CCLXXVI.

2287 822 2466 890 Quare
2491 827 2695 880 coronis
2721 827 2776 878 in
2805 827 3004 892 nuptiis
3047 833 3286 880 utantur.

2061 912 2142 968 0b
2179 913 2320 969 banc
2351 913 2496 970 enim
2525 930 2744 969 causam
2777 927 3054 984 ponuntur
3082 933 3296 972 corona:
3330 930 3556 991 propter

1988 1005 2354 1076 virginitatem
2407 1014 2460 1062 et
2505 1005 2808 1061 castitatem
2851 1023 3037 1063 eorum
3105 1010 3194 1078 qui
3251 1012 3566 1071 iutemerati

1987 1097 2318 1166 copulantur
2365 1107 2418 1151 et
2461 1097 2586 1167 quia
2627 1098 2998 1169 virginitatem
3039 1117 3210 1172 usque
3259 1105 3324 1157 ad
3379 1107 3565 1160 matri-

1988 1189 2231 1244 monium
2274 1189 2727 1258 custodiverunt;
2762 1193 2906 1261 quod
2943 1193 3057 1263 ipsa
3101 1205 3296 1250 natura
3330 1207 3564 1253 testatur

1986 1277 2192 1333 bonum
2222 1294 2364 1346 esse,
2393 1295 2623 1348 sponsus
2644 1282 2788 1338 enim
2825 1299 3038 1354 sponsae
3063 1291 3408 1342 consoe'atus
3437 1299 3564 1346 ante

1987 1383 2385 1439 quemcumque
2415 1371 2530 1425 vult
2556 1387 2673 1426 eam
2705 1373 3007 1442 possidere,
3036 1375 3116 1430 ita'
3140 1387 3198 1431 ut
3233 1377 3382 1448 virgo
3410 1380 3480 1434 sit
3509 1390 3564 1435 et

1993 1474 2146 1529 pura,
2181 1475 2354 1529 neque
2385 1461 2678 1530 cujuslibet
2704 1464 2948 1523 alterius.
2985 1467 3079 1521 sed
3110 1483 3228 1520 eam
3263 1470 3344 1524 sui
3375 1469 3553 1526 solius

1989 1567 2152 1616 esse,
2201 1567 2468 1624 suamque
2536 1555 2716 1610 vocari
2785 1556 3044 1612 feminam
3101 1561 3351 1627 requirit.
3401 1562 3560 1618 Unde

1991 1643 2166 1711 ipsum
2196 1653 2415 1714 oportet
2461 1646 2708 1702 ediscere
2747 1647 2907 1703 talem
2948 1650 3302 1718 semetipsum
3348 1667 3562 1721 sponsae

1986 1754 2180 1808 purum
2208 1755 2342 1806 esse
2374 1752 2718 1796 servaturum
2742 1784 2758 1809 ,
2792 1743 2864 1797 ita
2896 1753 2954 1796 ut
2982 1745 3050 1797 sit
3082 1745 3199 1812 eius
3233 1746 3334 1808 vir,
3361 1757 3412 1802 ct
3449 1765 3559 1804 non

1977 1831 2242 1900 alterius;
2270 1833 2414 1902 quod
2447 1835 2492 1888 si
2523 1834 2687 1898 adsit,
2714 1835 3056 1890 benedictum
3091 1837 3194 1891 erit
3219 1839 3556 1909 coniugium,

1984 1933 2044 1980 et
2082 1925 2287 1990 cubile,
2329 1935 2389 1981 ut
2419 1928 2723 1980 secundum
2761 1925 2992 1981 Paulum
3042 1928 3252 1996 loquar,
3291 1931 3559 1988 immacu-

1979 2017 2154 2072 latum
2195 2017 2300 2072 erit
2345 2025 2400 2072 et
2451 2019 2739 2079 illibatum,
2780 2027 2835 2073 et
2879 2035 3048 2088 super
3079 2019 3186 2075 tale
3217 2023 3556 2078 connubium

1981 2111 2141 2180 plena
2173 2113 2290 2168 erit
2315 2111 2646 2178 benedictio,
2677 2121 2731 2166 et
2769 2111 3022 2168 Christus
3057 2113 3106 2168 ei
3140 2093 3336 2170 aderit.
3371 2117 3476 2170 Sed
3509 2118 3556 2171 si

1977 2203 2240 2274 pollutum
2266 2205 2337 2259 sit
2365 2205 2768 2259 matrimonium
2787 2213 2840 2260 et
2859 2207 2982 2260 labe
3011 2205 3252 2276 plenum,
3276 2211 3553 2278 quomodo

1980 2296 2142 2367 igitur
2173 2294 2244 2349 ibi
2273 2295 2522 2376 Chgistus
2554 2295 2646 2365 qui
2679 2295 2830 2351 solus
2876 2298 3212 2365 purissimus
3242 2307 3325 2352 est
3353 2309 3406 2354 et
3432 2301 3553 2353 ani-

1979 2403 2185 2443 marum
2223 2403 2459 2457 sponsus
2493 2397 2716 2442 sanctus
2746 2400 2802 2442 et
2832 2386 3368 2458 ir'reprehensibilis?
3399 2391 3556 2446 Absit

1978 2482 2144 2551 igitur
2177 2481 2244 2535 ab
2295 2481 2600 2536 honorabili
2641 2481 2898 2550 coniugio
2933 2481 3113 2536 omnis
3162 2481 3456 2537 fornicatio
3498 2492 3552 2538 et

1977 2583 2185 2644 raptus,
2237 2573 2427 2643 procul
2475 2572 2618 2627 absit
2651 2587 2814 2628 omne
2858 2573 3211 2636 adulterium,
3245 2583 3298 2628 et
3333 2589 3454 2628 cum
3488 2591 3556 2631 eo

1977 2667 2316 2731 obscenium,
2345 2681 2452 2736 quo
2485 2666 2747 2720 miscetur
2807 2681 2978 2735 genus
3007 2667 3274 2721 incestum
3294 2668 3471 2722 scelus
3501 2673 3553 2724 et

1975 2759 2302 2829 polygamia,
2361 2767 2416 2813 et
2465 2759 2720 2812 inviolate
2769 2769 3059 2814 serventur
3099 2759 3237 2814 sacri
3277 2757 3556 2829 (Bitualis)

1977 2849 2098 2904 libri
2133 2859 2358 2909 statuta.
2389 2859 2448 2904 ut
2481 2850 2620 2904 liber
2652 2851 2724 2906 sit
2749 2851 2989 2920 uniouis,
3025 2866 3129 2906 non
3162 2851 3552 2920 separationis,

1974 2957 2096 2996 eum
2120 2943 2256 2999 male
2280 2943 2740 3009 conveniant,sed
2767 2945 2945 3012 potius
2967 2943 3258 2998 abscedant
3275 2945 3364 3013 qui
3391 2961 3416 2996 a
3441 2945 3554 2999 Deo

293 3037 482 3099 μένων
515 3033 668 3086 Θεοῦ⁶
700 3035 796 3086 καὶ
817 3035 898 3087 ὅτι
928 3034 992 3087 ἐκ
1030 3035 1124 3087 τοῦ
1163 3032 1388 3087 λύεσθαι
1417 3031 1610 3086 τοῦτον
1651 3032 1864 3102 ταραχὴ

1976 3036 2198 3104 distant;
2234 3037 2568 3105 etquoniam
2605 3037 2650 3091 si
2687 3035 2919 3091 violetur
2968 3036 3056 3090 bic
3089 3035 3250 3102 liber,
3288 3035 3416 3088 hinc
3443 3045 3551 3089 tur-

291 3124 452 3176 εσται
481 3129 545 3194 τῇ
591 3124 909 3197 Ἑκκλησίᾳ.
945 3127 1056 3180 Καὶ
1086 3127 1114 3179 ὁ
1152 3127 1252 3195 μὲν
1303 3129 1534 3194 δίγαμος
1589 3125 1870 3188 κανονιςό-

295 3209 652 3284 μενοςέστω,
690 3219 833 3271 καθὰ
877 3235 1048 3286 φασιν
1080 3218 1126 3270 oi
1179 3219 1445 3289 Πατέρες.
1479 3217 1541 3270 '0
1598 3217 1870 3285 τρίγαμος

290 3307 356 3360 δέ
386 3308 567 3362 πλέον.
599 3309 710 3362 Καὶ
731 3309 885 3373 οὗτος
915 3309 1108 3380 τρίτην
1137 3309 1356 3376 ἀγέσθω
1390 3310 1463 3380 μὴ
1511 3310 1680 3363 τέκνα
1725 3308 1866 3378 ἔχων

291 3401 426 3471 ἄχρι
465 3401 558 3455 τοῦ
603 3403 1068 3474 τεσσαρακοστοῦ.
1095 3401 1186 3474 Τῷ
1245 3403 1410 3456 τέκνα
1457 3401 1511 3456 δὲ
1544 3401 1904 3472 κεκτημένῳ.

297 3493 388 3546 τὸν
424 3495 862 3564 τεσσαρακοστὸν
903 3495 1184 3550 τελέσαντι
1217 3495 1411 3566 χρόνον
1465 3491 1694 3564 ἀσυγχὼ
1710 3509 1870 3564 ρητος

297 3585 448 3642 ἐσται
493 3587 526 3658 ἡ
575 3589 864 3658 τριγαμία,
899 3591 926 3642 ὁ
977 3589 1123 3660 ἱερός
1177 3605 1311 3660 φησι
1356 3589 1542 3658 τόμος.
1594 3588 1676 3642 Τὰ
1741 3587 1870 3653 περὶ

305 3679 502 3734 τούτων
532 3677 630 3736 οῦν
689 3681 790 3736 σὺν
815 3689 826 3700 ‘
848 3681 1108 3754 ἀκριϐείᾳ
1156 3681 1318 3748 ἔστω,
1347 3682 1443 3736 καὶ
1485 3684 1728 3752 προσοχῇ
1757 3683 1869 3745 τοῖς

297 3773 634 3842 προστάταις
656 3773 768 3826 τῶν
799 3773 1112 3844 ἐκκλησιῶν
1140 3773 1532 3850 ἐνεργούμενα.
1567 3772 1871 3841 Θεωρήσω-

291 3879 398 3930 μεν
426 3863 484 3916 δέ
511 3864 608 3917 καὶ
629 3863 780 3926 ὅπως
809 3865 837 3917 6
861 3863 1040 3933 γάμος
1069 3861 1316 3934 νομίμως
1345 3863 1571 3934 ἄρχεται
1596 3861 1864 3930 γίνεσθαι.

287 3953 356 4008 El
387 3953 490 4026 μὲν
528 3957 764 4027 πατέρες
787 3957 902 4018 τοῖς
956 3957 1384 4026 συναπτομένοις
1428 3955 1584 4024 είσὶν,
1621 3954 1766 4009 οῦτοι
1804 3954 1870 4025 δὴ

285 4047 388 4102 καὶ
414 4047 800 4118 συμφωνοῦσιν
831 4047 1107 4115 ἀλλήλοις,
1137 4050 1231 4103 καὶ
1255 4049 1355 4112 τὰς
1382 4047 1609 4116 γνώμας
1639 4047 1778 4118 πρὸς
1807 4046 1869 4099 τὸ

285 4139 452 4209 ἔργον
493 4141 738 4196 ἱστῶσιν.
789 4136 925 4195 Εἶτα
978 4137 1081 4194 καῖ
1119 4141 1335 4212 ἡμέρας
1367 4141 1698 4205 ἐπιστάσης,
1725 4137 1868 4192 ὥστε

283 4233 571 4300 γραφῆναι
630 4232 725 4285 καὶ
779 4233 849 4288 τὰ
907 4231 1240 4301 συμϐόλαια,
1279 4233 1624 4303 συνάθροισις
1670 4232 1870 4303 τιμίων

283 4321 505 4390 γίνεται
569 4321 804 4392 ἀνδρῶν,
840 4322 1149 4394 μαρτυρίας
1182 4323 1346 4393 χάριν
1407 4325 1501 4377 τοῦ
1553 4321 1860 4393 γινομένου,
1896 4358 1942 4416 D

283 4413 392 4466 καὶ
429 4413 510 4466 ὅτι
543 4415 780 4483 νομίμου
807 4416 983 4486 γάμου
1007 4415 1361 4486 συνάλλαγμα
1393 4417 1716 4486 ἐνεργεῖται.
1774 4414 1866 4469 Διδ

281 4503 390 4556 καὶ
423 4503 642 4574 νομικὸς
669 4505 1113 4575 ἀποτεταγμένος
1151 4505 1290 4572 ἐστὶ,
1322 4507 1416 4560 καὶ
1461 4507 1529 4560 τά
1562 4503 1868 4575 συμϐόλαια

281 4596 531 4665 γράφει,
594 4598 690 4650 καὶ
754 4596 1154 4668 σιγνογραφίας
1216 4597 1326 4651 τῶν
1393 4597 1870 4652 συναλλαττόντων

281 4687 534 4740 ποιεῖται
558 4687 646 4741 διὰ
677 4687 933 4759 σταυροῦ,
955 4689 1130 4759 δηλῶν
1157 4689 1234 4755 ὡς
1257 4692 1321 4744 ἐκ
1349 4689 1444 4744 τοῦ
1468 4691 1602 4744 Θεοῦ
1625 4689 1686 4744 τὸ
1705 4691 1869 4760 ἔργον

283 4779 432 4846 ἐστὶ,
467 4781 562 4833 καὶ
616 4781 674 4834 ἐν
705 4781 930 4853 Χριστῷ
987 4782 1238 4854 ἄρχεται,
1295 4783 1408 4837 τῶν
1474 4782 1868 4853 μελλονύμφων

283 4873 392 4926 καὶ
419 4871 526 4925 τῶν
555 4873 808 4944 πατέρων
833 4874 1012 4927 αὐτῶν
1041 4874 1139 4928 τοῦ
1167 4875 1416 4946 καλάμου
1447 4876 1863 4945 ἐφαπτομένων,

285 4965 354 5018 τδ
399 4963 648 5018 ἑκούσιον
681 4965 772 5018 καὶ
798 4965 1125 5024 οίκειοοελές
1177 4963 1608 5035 ἐνδεικνυμένων
1651 4967 1713 5019 ἐκ
1743 4964 1866 5019 τού-

257 5068 421 5113 του·
457 5054 552 5108 καὶ
595 5054 678 5108 ὅτι
733 5055 972 5126 Χριστὸς
1032 5056 1298 5112 συνάπτει
1344 5055 1564 5119 αὐτούς.
1625 5055 1716 5108 Διὸ
1771 5055 1868 5110 καὶ

295 5145 442 5212 πρὸς
473 5145 636 5199 αύτδν
663 5147 1030 5215 προσκυνοῦσι
1061 5149 1301 5220 πρῶτον,
1325 5149 1420 5201 καὶ
1469 5146 1614 5201 οὕτω
1641 5147 1736 5201 τοῦ
1761 5165 1865 5201 διας

287 5235 476 5306 λάμου
511 5239 846 5304 ἐφάπτονται
867 5252 884 5268 ⁸
916 5240 1011 5294 καὶ
1039 5241 1230 5294 τούτου
1259 5240 1464 5302 ἕνεκεν,
1499 5239 1583 5292 ὅτι
1631 5239 1865 5308 Χριστὸς

289 5322 477 5376 συνδεῖ
507 5322 734 5388 τούτους
753 5343 768 5358 ·
801 5327 894 5379 καὶ
919 5328 1202 5399 σταυρικοὶ
1234 5328 1484 5398 λέγονται
1515 5327 1726 5398 δεσμοί.
1757 5328 1867 5381 Καὶ

287 5415 395 5470 οὐκ
425 5413 546 5482 ἐξὸν
577 5416 740 5488 196
761 5416 958 5482 αὐτοὺς
985 5419 1136 5474 λύειν
1173 5419 1294 5491 δίχα
1323 5419 1487 5474 τινῶν
1516 5417 1866 5488 παρακολουο

291 5507 560 5578 ϐημάτων
585 5511 854 5578 νομίμων,
905 5509 1188 5578 τοιούτων,
1247 5511 1323 5575 ὡς
1375 5513 1470 5564 καὶ
1527 5513 1622 5564 ἐπὶ
1655 5511 1870 5564 τετελε-

293 5601 482 5668 σμένῳ
501 5597 583 5668 τῷ
603 5600 789 5670 γάμῳ.
809 5601 870 5654 Et
896 5600 941 5655 δ’
969 5596 1081 5661 οὖν,
1107 5601 1260 5656 ἐσται
1284 5603 1597 5672 παρανομία
1623 5601 1658 5670 ἡ
1686 5603 1862 5666 λύσις.

293 5691 404 5745 Τοῦ
437 5690 638 5760 καιροῦ
671 5693 726 5746 δὲ
751 5694 1076 5758 ἐπιστάντος
1105 5693 1213 5748 τῶν
1239 5693 1457 5766 γάμων,
1489 5695 1571 5759 είς
1609 5694 1703 5748 τὸν
1734 5694 1860 5750 ναδν

1971 3127 2190 3183 babitur
2231 3127 2504 3184 Ecclesia.
2537 3125 2793 3196 Bigamus
2830 3127 3050 3197 quidem
3077 3127 3360 3196 dirigatur,
3391 3137 3550 3196 prout

1971 3219 2228 3276 dixerunt
2263 3219 2480 3286 Patres,
2549 3219 2618 3274 de
2661 3219 2892 3290 trigamo
2935 3229 3120 3274 autem
3164 3218 3314 3288 plura
3350 3226 3551 3272 statuta

1971 3323 2120 3366 sunt.
2157 3307 2258 3366 llic
2286 3311 2502 3366 tertiam
2527 3309 2690 3365 ducat
2726 3325 2974 3377 uxorem,
3003 3310 3047 3364 si
3076 3310 3276 3364 liberos
3314 3323 3420 3364 non
3451 3309 3550 3363 ba-

1970 3402 2289 3473 beat,usque
2318 3403 2384 3457 ad
2410 3418 2611 3456 annum
2635 3403 3140 3474 quadragesimum;
3169 3401 3263 3456 sed
3285 3402 3327 3456 si
3349 3401 3552 3458 liberos

1971 3493 2260 3560 habeat,et
2285 3495 2396 3564 jam
2419 3494 2892 3564 quadragesimum
2923 3495 3165 3565 attigerit
3206 3509 3434 3558 annum,
3461 3503 3546 3548 to-

1971 3585 2132 3640 lerari
2152 3599 2257 3640 neu
2293 3585 2724 3656 poterittertium
2757 3587 3548 3654 matrimonium,saccrinquit

1973 3677 2130 3734 liber.
2159 3677 2292 3743 Qua:
2319 3677 2386 3731 de
2416 3676 2504 3732 bis
2535 3683 2790 3732 accurate
2827 3686 2881 3731 et
2907 3677 3194 3746 diligenter
3217 3675 3547 3730 abEcclesiae

1969 3767 2240 3840 prtefectis
2277 3769 2697 3837 adimpleautur.
2747 3765 2946 3821 Verum
3005 3765 3364 3835 inspiciamus
3409 3779 3547 3834 quo—

1970 3861 2135 3918 modo
2163 3861 2574 3916 matrimonium
2601 3860 2890 3915 honestum
2923 3873 3045 3914 esse
3079 3858 3324 3927 incipiat.
3357 3857 3412 3912 Si
3441 3873 3544 3928 pa-

1969 3961 2084 4008 tres
2111 3949 2330 4021 quidem
2363 3959 2490 4004 suut
2519 3949 2999 4012 convenientibus,
3027 3948 3101 4002 illi
3139 3949 3278 4002 inter
3309 3963 3368 4003 se
3401 3963 3538 4001 con-

1969 4043 2251 4106 sentiunt,
2286 4057 2491 4112 suaque
2519 4027 2748 4097 consilia
2789 4039 2856 4095 ad
2904 4054 3041 4110 opus
3099 4040 3298 4095 iniunt.
3333 4038 3546 4093 Deinde

1970 4137 2060 4193 die
2091 4135 2408 4200 constituta,
2441 4143 2500 4190 ut
2529 4133 2788 4203 nuptialis
2818 4133 3092 4189 scribatur
3133 4133 3332 4203 pactio,
3369 4133 3542 4187 bono-

1971 4225 2176 4281 rabiles
2219 4233 2620 4297 congregantur
2653 4224 2780 4286 viri,
2828 4223 2971 4294 quod
3005 4223 3063 4278 lit
3093 4224 3262 4296 gratia
3293 4224 3544 4280 testimo-

1970 4320 2069 4384 nii,
2096 4328 2150 4374 et
2172 4320 2428 4389 quoniam
2457 4318 2636 4389 legalis
2659 4319 2992 4373 matrimonii
3015 4327 3332 4374 contractus
3355 4319 3541 4374 initur.

1971 4412 2099 4468 Ideo
2130 4416 2294 4469 etiam
2329 4413 2414 4467 vir
2445 4413 2598 4468 adest
2623 4429 2651 4465 a
2678 4411 2795 4482 lege
2827 4411 3146 4484 designatus
3165 4414 3256 4482 qui
3288 4413 3543 4484 conjuga-

1971 4507 2050 4561 les
2085 4505 2276 4562 scribit
2307 4505 2557 4572 tabulas;
2602 4512 2656 4559 et
2704 4504 2939 4574 sigillum
2991 4503 3442 4575 desponsatorum
3485 4505 3543 4558 ﬁt
3594 4519 3598 4522 '

1972 4613 2070 4668 per
2115 4613 2357 4663 crucem,
2407 4593 2512 4678 quo
2559 4606 2708 4672 patet
2742 4611 2879 4666 opus
2928 4611 2994 4650 ex
3045 4597 3154 4652 Deo
3202 4611 3341 4653 esse.
3375 4609 3428 4652 et
3485 4597 3542 4651 in

1967 4691 2190 4746 Christo
2224 4691 2464 4760 incipere
2488 4727 2504 4754 ,
2555 4689 2752 4744 futuris
2780 4689 3100 4760 conjugibus
3128 4698 3183 4743 et
3215 4705 3401 4743 eorum
3439 4703 3540 4758 pa-

1971 4784 2145 4839 tribus
2171 4782 2436 4838 calamum
2462 4780 2828 4851 tangentibus,
2863 4782 2931 4834 ita
2967 4781 3198 4852 singulis
3229 4781 3538 4836 libertatem

1969 4885 2024 4930 et
2043 4882 2395 4944 spontaneam
2416 4873 2743 4926 voluntatem
2771 4871 2876 4926 isto
2891 4871 3050 4926 modo
3077 4871 3539 4940 exprimentibus,

1969 4977 2026 5022 et
2089 4966 2349 5035 quoniam
2386 4962 2636 5018 Christus
2682 4977 2776 5018 eos
2829 4963 3133 5032 conjungit.
3195 4961 3536 5030 Quapropter

1967 5057 2116 5112 hunc
2145 5041 2381 5124 primum
2414 5052 2663 5119 adorant,
2686 5061 2744 5108 et
2768 5053 2964 5108 deinde
2987 5054 3252 5108 calamum
3287 5061 3538 5123 tangunt.

1967 5161 2021 5204 et
2083 5146 2343 5217 quoniam
2383 5143 2635 5200 Christus
2667 5159 2762 5200 eos
2809 5145 3029 5214 alligat,
3065 5145 3244 5200 crucis
3277 5145 3538 5200 dicuntur

1969 5238 2204 5302 vincula,
2242 5251 2419 5306 neque
2451 5235 2577 5292 licet
2625 5251 2687 5292 ea
2748 5237 2959 5291 solvere
3003 5237 3132 5306 quin
3179 5237 3426 5306 quaedam
3471 5251 3536 5292 ex

1967 5331 2084 5402 lege
2115 5337 2545 5398 consequantur,
2578 5328 2766 5384 eadem
2799 5341 2866 5382 ac
2897 5328 2965 5382 de
2986 5327 3230 5397 perfecto
3257 5330 3542 5385 matrimo-

1967 5421 2081 5482 nio,
2107 5421 2150 5475 si
2181 5435 2360 5484 secus,
2397 5423 2680 5489 peccatum
2725 5421 2828 5474 erit
2861 5420 3078 5476 solut-io.
3105 5421 3306 5478 Verum
3339 5439 3536 5493 super-

1975 5513 2228 5568 veniente
2261 5512 2573 5581 nuptiarum
2625 5511 2735 5574 tlie,
2771 5511 3034 5581 templum
3063 5503 3267 5568 adeunt
3296 5531 3534 5584 sponsus

1965 5611 2022 5658 et
2047 5597 2270 5670 sponsa,
2302 5615 2424 5655 nam
2464 5617 2492 5655 a
2525 5599 2634 5655 Deo
2654 5601 2882 5672 ejusque
2907 5601 3142 5657 Ecclesia
3165 5604 3248 5658 vir
3271 5604 3533 5660 l'etninam

1971 5695 2190 5766 accipit,
2227 5703 2280 5749 et
2310 5692 2590 5760 sacerdos,
2631 5707 2785 5750 sacra
2815 5694 2950 5751 stola
2982 5695 3227 5764 indutus,
3289 5697 3524 5768 primum
