4034 6192
261 291 366 356 513

1573 284 1670 346 DE
1706 279 2238 344 ΜᾹΊἮΙΜΟΝΙΟ.

3431 269 3531 330 514

258 405 424 462 αὐτοῦ
447 420 460 436 ⁸
489 407 626 459 ὅπου
683 406 775 458 καὶ.
813 403 903 458 διὰ
949 405 1058 457 τῶν
1095 404 1286 473 δώρων
1325 401 1488 466 αὐτὸς
1524 399 1841 474 ἱερουργού-

1949 396 2154 452 donum
2187 396 2300 462 ipse
2340 391 2394 446 in
2419 389 2750 446 sacrificium
2781 385 3034 450 oﬂ‘ertur,
3074 395 3130 442 et
3187 385 3530 455 producitur.

259 499 422 569 μενός
487 503 641 562 ἐστι,
712 499 806 550 καὶ
863 498 1200 565 προτίθεται,
1261 499 1356 550 καὶ
1416 498 1583 567 μέσος
1645 497 1844 566 ὁρᾶται

255 590 440 657 ήμῶν.
464 585 594 642 Εἶτα
621 587 718 642 καὶ
737 587 845 640 ἀπὸ
863 587 960 642 τοῦ
993 587 1174 642 κοινοῦ
1197 588 1380 642 δίδωσι
1417 587 1700 658 ποτηρίου.
1735 587 1844 639 Καὶ

255 683 338 746 τὸ,
381 700 400 733 ι
443 680 708 750 Ποτήριον
731 679 998 748 σωτηρίου
1021 677 1316 749 λήψομαι,ι
1354 679 1636 748 ψάλλεται.
1674 677 1846 732 Τοῦτο

251 775 312 826 δὲ
347 774 438 827 διὰ
496 774 565 826 τὰ
601 774 846 840 πανάγια
896 771 1072 843 δῶρα,
1104 772 1199 826 καὶ
1254 773 1335 834 είς
1389 773 1617 840 σημεῖον
1653 773 1754 841 τῆς
1785 772 1846 822 ἐν

251 868 575 940 εὐφροσύνῃ
607 867 714 920 ἀπὸ
741 867 836 920 τοῦ
873 865 1012 919 Θεοῦ
1051 864 1302 929 ἑνώσεως
1327 882 1342 894 ·
1377 868 1472 918 καὶ
1496 867 1579 919 ὅτι
1610 865 1718 918 ἀπὸ
1745 868 1845 936 τῆς

250 963 489 1028 εὲρήνης
539 960 632 1012 καὶ
686 959 940 1026 ὁμονοίας
989 957 1142 1012 ἔσται
1203 957 1390 1022 αὐτοῖς
1423 959 1456 1027 ή
1505 956 1841 1027 εὐφροσύνη.

249 1051 389 1114 Τοῖς
424 1053 500 1121 μὴ
535 1053 742 1113 ἱκανοῖς
793 1051 850 1104 δὲ
899 1051 1000 1119 τῆς
1057 1052 1368 1116 κοινωνίας,
1401 1046 1515 1104 οἷον
1561 1050 1842 1120 διγάμοις,

247 1145 352 1198 καὶ
386 1144 612 1216 ὁμοίοις,
643 1144 704 1196 οὐ
735 1143 803 1196 τὰ
827 1144 952 1196 θεῖα
977 1143 1179 1196 δίδοται
1203 1143 1376 1214 δῶρα,
1409 1142 1546 1197 ἁλλὰ
1572 1145 1634 1196 τὺ
1664 1143 1846 1196 κοινὸν

245 1238 524 1306 ποτήριον
559 1237 716 1305 μόνον
745 1237 825 1298 εἰς
859 1236 1084 1305 μερικδν
1119 1235 1394 1304 ἁγιασμδν
1427 1233 1522 1287 καί¹
1553 1234 1844 1288 κοινωνίαν

245 1330 476 1397 ἀγαθήν
505 1346 564 1381 τε
615 1328 712 1381 καὶ
764 1328 956 1382 ἕνωσιν
1011 1329 1070 1380 ἐν
1107 1327 1332 1398 εὐλογίᾳ
1382 1327 1543 1381 Θεοῦ.
1577 1323 1708 1380 Εἶτα
1745 1327 1839 1380 καὶ

247 1423 518 1485 ἐκτενοῦς
571 1422 810 1490 δεήσεως
854 1420 1174 1490 γινομένης,
1207 1421 1304 1473 καὶ
1345 1419 1846 1490 μνημονευομένων

245 1515 400 1586 ὁμοῦΔ
429 1515 540 1568 τῶν
594 1513 1020 1581 συζευχοέντων,
1052 1513 1128 1576 ὡς
1180 1512 1284 1582 ήδη
1337 1513 1726 1580 γεγενημένων
1759 1511 1842 1578 ἓν,

245 1607 352 1659 καὶ
413 1604 512 1658 τοῦ
573 1604 982 1674 ἀναδεξαμένου
1039 1604 1114 1666 ὡς
1168 1602 1438 1672 συνεργοῦ
1502 1603 1596 1655 τοῦ
1651 1603 1843 1672 ἔργου,

252 1718 273 1752 ι
315 1700 452 1753 Ὂτι
509 1699 780 1768 ἐλεήμων,
813 1716 832 1749 ι
869 1699 1122 1766 ἐκφωνεί,
1148 1697 1242 1750 τὸν
1277 1696 1418 1749 θεῖον
1451 1695 1602 1748 ἔλεον
1657 1696 1843 1756 αὐτοῖς

247 1791 630 1860 ἐπευχόμενος
661 1804 676 1819 ο
735 1790 828 1842 καὶ
879 1789 960 1842 ὅτι
1017 1788 1125 1842 ἀπὸ
1175 1788 1268 1841 τοῦ
1319 1788 1502 1851 ἐλέους
1551 1786 1647 1840 τοῦ
1703 1785 1839 1840 Θεοῦ

245 1883 452 1936 ταῦτα.
503 1877 636 1936 Εἶτα
688 1881 780 1934 καὶ
837 1880 1027 1951 ὥσπερ
1086 1881 1285 1942 αὐτοὺς
1343 1879 1600 1950 κατηχῶν
1643 1896 1702 1932 τε
1751 1877 1847 1932 καὶ

247 1972 548 2036 νουθετῶν,
583 1972 678 2025 καὶ
705 1973 806 2042 τὴν
833 1971 1058 2041 εἰρήνην
1085 1971 1473 2040 ἐπευχόμενος,
1501 1969 1843 2023 ἁποστολικὰ

249 2067 548 2132 ἐπιφέρει,
601 2063 796 2132 λέγων,
868 2062 1176 2132 Ἀδελφοί,
1232 2062 1470 2132 χαίρετε
1523 2060 1594 2114 ἐν
1647 2063 1846 2128 Κυρίῳ

249 2155 540 2220 πάντοτε,
575 2175 593 2208 ι
630 2158 723 2210 καὶ
773 2154 842 2209 τὰ
878 2155 1040 2226 ἑξῆς·
1068 2155 1162 2208 καὶ
1194 2155 1278 2221 τδ,
1315 2173 1334 2205 ι
1383 2155 1442 2209 Ὀ
1479 2155 1608 2217 Θεὸς
1641 2155 1736 2224 τῆς
1768 2156 1843 2206 εἰ·

255 2251 430 2318 ρήνης
461 2249 620 2302 ἔσται
649 2247 772 2316 μεθ’
795 2247 950 2317 ὑμῶν
979 2246 1234 2302 πάντοτε.
1264 2265 1282 2300 ι
1307 2248 1418 2300 Καὶ
1439 2247 1602 2306 εὐθὺς
1631 2245 1843 2316 λαμϐά-

253 2359 362 2396 νων
415 2342 618 2403 αὐτοὺς
663 2343 728 2394 ὲκ
781 2339 891 2392 τῶν
923 2339 1148 2410 χειρῶν,
1175 2339 1250 2402 ὡς
1279 2338 1417 2408 πρὸς
1450 2340 1510 2392 τὸ
1545 2339 1842 2410 Θυσιαστή-

263 2453 376 2506 ριον
425 2435 574 2501 ἄγει,
606 2435 698 2488 καὶ
733 2434 954 2506 χορείαν
1005 2433 1348 2503 ποιούμενος,
1388 2434 1503 2505 ᾄδει
1563 2433 1705 2503 μετᾶ
1734 2435 1842 2488 τῶν

256 2524 598 2596 ψαλλόντων,
632 2525 690 2578 ἐν
735 2523 960 2594 Χριστῷ
993 2525 1446 2594 εὐφραινόμενος,
1482 2526 1566 2590 τὸ,
1604 2544 1622 2576 ι
1653 2525 1840 2595 Ἀγιοι

256 2619 546 2689 μάρτυρες
602 2637 621 2670 ι
651 2620 724 2677 ὡς
753 2618 848 2669 ἐπὶ
875 2617 1178 2687 χειροτονίᾳ
1202 2631 1215 2646 ·
1247 2617 1444 2682 καὶτὸ,
1482 2636 1500 2670 ι
1537 2615 1672 2682 Δόξα
1734 2633 1838 2682 σοι,

253 2712 418 2782 φησὶ,
445 2709 652 2778 Χριστὲ
691 2709 898 2773 ὸ-Θεδς,
933 2708 1247 2762 ἀποστόλων
1299 2707 1578 2779 καύχημα.
1635 2728 1652 2761 ι
1709 2710 1841 2762 Κοι-

251 2804 422 2860 νωνοὶ
443 2804 554 2872 γὰρ
583 2801 824 2872 Χριστοῦ
851 2803 949 2855 καὶ
972 2799 1082 2852 τῶν
1105 2800 1282 2866 ἁγίων
1309 2799 1478 2852 αὐτοῦ
1517 2802 1564 2854 οί
1591 2801 1838 2866 εὐσεϐῶς

251 2899 353 2952 καὶ
415 2895 712 2965 σωφρόνως
738 2891 1026 2962 ζήσαντες.
1060 2893 1154 2944 καὶ
1210 2891 1293 2943 ὅτι
1343 2892 1402 2943 οὐ
1446 2891 1613 2961 σαρκὶ
1654 2893 1839 2963 μόνον,

251 2989 396 3042 ἀλλὰ
447 2988 593 3056 ψυχῇ
647 2985 848 3055 μᾶλλον
903 2985 1008 3055 χρὴ
1071 2983 1466 3049 συνάπτεσθαι,
1507 2985 1594 3038 διά
1639 3003 1699 3038 τε
1745 2988 1844 3056 τῆς

253 3081 429 3149 ὀρθῆς
458 3082 618 3150 ήμῶν
649 3077 909 3143 πίστεως,
943 3077 1036 3130 καὶ
1071 3077 1178 3129 τῶν
1207 3077 1306 3144 τῆς
1339 3076 1626 3139 εὐσεϐείας
1662 3079 1843 3145 θεοφι-
1872 3121 1914 3176 c

257 3174 372 3228 λῶν
429 3173 628 3241 ἔργων,
657 3172 744 3223 ἵνα
804 3170 900 3224 καὶ
953 3169 1158 3238 ἀληθὴς
1265 3169 1519 3237 συζυγία,
1545 3171 1638 3222 καὶ
1669 3171 1844 3240 γάμος

254 3265 556 3334 ἀμίαντος,
585 3263 680 3316 καὶ
708 3263 958 3316 κοινωνοὶ
984 3255 1088 3316 dm
1133 3261 1372 3330 Χριστοῦ
1407 3261 1499 3314 καὶ
1529 3262 1636 3314 τῶν
1674 3264 1846 3331 ἁγίων

255 3356 454 3420 αὐτοῦ,
513 3354 606 3406 καὶ
657 3353 858 3422 μᾶλλον
919 3353 1030 3404 τῶν
1081 3354 1176 3422 τῆς
1243 3343 1446 3423 σαρκὸς
1489 3371 1840 3425 καταφρονη-

255 3450 476 3503 σάντων
513 3447 642 3515 ἄχρι
675 3447 770 3499 καὶ
833 3444 1155 3512 μαρτυρίου.
1189 3443 1296 3498 Καὶ
1324 3442 1496 3506 οὕτως
1525 3447 1692 3516 εὐχὴν
1748 3447 1844 3500 ἐπὶ

255 3536 322 3604 τῇ
349 3534 506 3586 λύσει
556 3533 664 3584 τῶν
711 3533 993 3593 στεφάνων
1025 3533 1222 3600 ἐπάγει
1255 3549 1270 3563 ο
1309 3533 1394 3586 ἵνα
1421 3534 1450 3586 ὁ
1485 3533 1609 3598 δοὺς
1659 3536 1846 3599 αὐτοῖς

257 3627 383 3689 τοὺς
443 3625 744 3690 στεφάνους
771 3624 852 3687 είς
893 3625 1120 3694 σημεῖον
1181 3624 1278 3694 τῆς
1333 3625 1712 3695 σωφροσύνης,
1743 3627 1841 3682 καὶ

265 3717 354 3770 τδν
381 3717 514 3787 ἄχρι
544 3716 639 3770 τοῦ
689 3719 870 3784 γάμου
917 3717 1098 3770 αὐτῶν
1144 3718 1242 3784 τῆς
1273 3717 1498 3782 ἁγνείας
1533 3718 1630 3770 καὶ
1663 3719 1837 3774 καθα-

265 3812 488 3882 ρότητος
518 3811 732 3880 μισθὸν,
774 3810 858 3864 ὅτι
893 3810 1046 3878 ἁγνοὶ
1079 3810 1214 3878 προς
1247 3811 1428 3880 γάμον
1459 3812 1838 3882 συνήφθησαν,

255 3904 424 3966 αὐτὸς
452 3905 549 3958 καὶ
573 3904 674 3974 τὴν
705 3902 860 3957 λύσιν
890 3905 1000 3958 τῶν
1028 3904 1313 3973 στεφάνων
1345 3905 1506 3975 199
1538 3906 1838 3979 εὐλογήσῃ.

253 3995 356 4050 καὶ
385 3995 758 4050 ἀδιάσπαστον
785 3995 955 4066 αὐτὴν
979 3996 1196 4066 τηρήσῃ
1217 3984 1602 4065 τὴνσυζυγίαν
1629 3999 1724 4052 καὶ
1745 3997 1842 4067 τὴν

255 4085 594 4154 συνάφειαν,
659 4087 746 4140 ἵνα
805 4086 1116 4158 συμφώνως
1173 4088 1477 4156 εὐλογῶσιν
1549 4089 1716 4142 αὐτοῦ
1773 4091 1834 4143 τ’)

253 4179 432 4250 ὄνομα
493 4178 590 4258 τοῦ
641 4179 876 4247 Πατρύς,
911 4180 1010 4232 καὶ
1056 4177 1150 4232 τοῦ
1185 4179 1342 4245 Υίοῦ,
1393 4181 1488 4236 καὶ
1537 4180 1633 4234 τοῦ
1683 4182 1840 4249 ἁγίου

255 4271 608 4339 Ιινεύματος,
646 4271 902 4326 πάντοτε.
945 4272 1098 4324 Ἐπεὶ
1130 4273 1225 4324 καὶ
1255 4271 1408 4336 οὗτός
1438 4275 1586 4326 ἐστιν
1609 4276 1638 4326 ὁ
1665 4275 1842 4328 πάντα

253 4363 398 4433 πρὶς
434 4364 495 4416 τὸ
547 4365 826 4433 συμφέρον
872 4363 1096 4433 ἀγανῶς
1138 4364 1525 4435 ἑξοικονομῶν.
1559 4361 1694 4418 Elea.
1749 4365 1840 4418 τὸν

1948 496 2002 540 et
2024 485 2076 538 in
2107 483 2286 538 medio
2309 491 2552 536 nostrum
2575 479 2933 550 conspicitur.
2957 478 3150 532 Postea
3178 475 3347 530 dates
3383 491 3532 530 com-

1907 621 1912 624 _
1949 573 2102 628 muni
2135 573 2324 634 calice,
2355 579 2411 627 et
2432 577 2718 626 cantatur:
2778 585 2795 618 ι
2833 565 3073 621 Calicem
3116 553 3371 618 salutaris
3431 577 3525 616 ac-

1946 667 2168 736 cipiam.
2209 683 2227 716 D
2265 664 2412 717 Dona
2459 675 2589 716 vero
2647 657 2988 715 sanctissima
3023 657 3157 710 ﬁunt
3212 656 3266 708 in
3315 653 3526 723 signum

1949 755 2172 812 unionis
2201 772 2230 810 a
2259 753 2368 808 Deo
2410 755 2466 808 in
2493 752 2688 822 gaudio
2722 751 2888 816 initae,
2931 757 2986 803 et
3019 747 3279 816 quoniam
3307 760 3337 800 a
3383 759 3518 815 pace

1947 859 2000 903 et
2029 846 2322 902 concordia
2349 843 2454 898 erit
2480 844 2558 897 eis
2620 842 2826 896 laetitia.
2881 839 2994 894 lllis
3047 846 3224 892 autem
3307 837 3396 904 qui
3457 833 3578 888 ad.

1949 941 2392 996 communionem
2423 952 2530 990 non
2563 943 2691 990 sunt
2728 932 3049 1004 comparati,
3109 929 3258 982 velut
3287 927 3514 998 bigantis

1947 1043 2002 1086 et
2029 1031 2320 1094 similibus,
2355 1029 2540 1082 divina
2569 1043 2672 1080 non
2718 1027 2919 1080 dantur
2973 1021 3256 1092 mysteria,
3292 1019 3406 1078 Tseti
3437 1033 3522 1070 So-

1885 1147 1894 1156 -
1949 1120 2229 1174 lummodo
2254 1116 2399 1171 calix
2425 1113 2737 1170 commmiis
2766 1113 2832 1166 ad
2893 1107 3282 1178 aliquantulam
3325 1105 3528 1160 sancti-

1951 1211 2280 1275 ﬁcationem,
2337 1210 2402 1262 ad
2431 1209 2627 1262 bonum
2652 1201 3103 1260 communitatem
3161 1209 3216 1254 et
3260 1197 3523 1252 unionem

1935 1303 2002 1358 .in
2035 1301 2424 1358 benedictione
2452 1299 2573 1354 Dei.
2605 1297 2810 1350 Deinde
2835 1295 2996 1364 longa
3025 1291 3271 1347 oratione
3301 1289 3436 1345 facta
3474 1289 3525 1342 in

1947 1408 2052 1462 qua
2079 1391 2240 1446 simul
2283 1393 2350 1446 de
2383 1389 2710 1459 ennjugibus
2739 1384 3056 1440 recordatur
3076 1393 3332 1451 tanquam
3359 1395 3527 1434 unum

1943 1484 2056 1553 jam
2120 1482 2296 1546 factis,
2357 1495 2591 1550 eumque
2631 1486 2892 1532 eounotat
2933 1473 3028 1544 qui
3085 1489 3224 1543 Opus
3287 1471 3521 1541 adjuvit,

1948 1576 2244 1646 quoniam,
2279 1574 2474 1644 inquit,
2522 1569 2838 1626 misericors
2871 1577 2974 1634 est,
3005 1569 3242 1622 divinam
3297 1565 3378 1618 eis
3435 1579 3525 1632 po-

1951 1669 2122 1723 stulat
2181 1664 2634 1726 misericordiam,
2705 1670 2760 1716 et
2821 1660 3106 1715 denuntiat
3157 1657 3271 1710 lucc
3321 1671 3442 1710 csse
3495 1669 3526 1707 ιι

1877 1765 1914 1819 Β
1947 1761 2128 1816 divina
2158 1756 2560 1813 misericordia.
2610 1754 2804 1808 Postea
2858 1753 3016 1823 quasi
3073 1766 3170 1805 eos
3200 1749 3443 1804 edocens
3471 1755 3529 1801 et

1953 1855 2251 1917 instruens,
2283 1859 2466 1919 optata
2526 1863 2691 1918 pace,
2758 1845 3057 1916 apostolica
3122 1841 3290 1897 refert
3340 1842 3526 1906 verba,

1953 1947 2138 2001 dicens
2174 1961 2189 1999 :
2228 1961 2246 1995 ι
2287 1943 2532 2005 Fratres,
2553 1939 2782 2011 gaudete
2819 1938 2876 1992 in
2903 1938 3132 1992 Domino
3159 1947 3397 2004 semper,
3431 1950 3450 1982 ι
3475 1939 3529 1986 et

1951 2039 2180 2107 reliqua,
2215 2051 2279 2090 ac
2305 2035 2471 2090 illud:
2510 2054 2528 2086 ι
2571 2035 2715 2088 Deus
2742 2032 2886 2101 pacis
2918 2031 3024 2083 erit
3053 2029 3334 2082 vobiscum
3375 2039 3520 2078 sem-

1951 2147 2068 2203 per,
2096 2149 2114 2182 ι
2152 2130 2382 2194 illosque
2421 2141 2586 2181 manu
2612 2123 3050 2195 apprehendens,
3077 2121 3226 2175 velut
3263 2117 3327 2171 ad
3347 2116 3520 2170 altare

1950 2221 2118 2285 ducit,
2149 2229 2204 2276 et
2233 2219 2374 2275 facta
2403 2219 2626 2282 chorea,
2659 2223 2840 2269 cantat
2865 2227 2991 2266 cum
3057 2207 3432 2266 cantatoribus
3463 2206 3518 2259 iu

1949 2313 2166 2369 Christo
2191 2312 2433 2366 ltetatus:
2475 2328 2494 2361 ι
2533 2307 2720 2363 Sancti
2753 2315 3019 2374 martyres
3083 2323 3129 2370 ι,
3162 2312 3421 2368 tanquam
3467 2297 3524 2351 in

1949 2405 2313 2466 ordinatione,
2365 2413 2419 2458 et
2457 2400 2626 2456 illud:
2689 2415 2708 2451 ι
2744 2397 2927 2454 Gloria
2987 2398 3104 2464 tibi,
3165 2395 3260 2456 ait,
3305 2392 3522 2448 Christe

1949 2499 2114 2563 Deus,
2145 2497 2510 2567 apostolorum
2537 2493 2725 2560 decus,
2753 2511 2772 2544 ι
2809 2507 2934 2545 nam
2978 2489 3108 2545 socii
3155 2489 3290 2540 tiunt
3319 2484 3526 2542 Christi

1948 2601 2000 2647 et
2032 2601 2342 2646 sanctorum
2395 2589 2516 2658 ejus
2573 2587 2665 2658 qui
2705 2587 2794 2656 pie
2825 2574 2891 2640 et
2935 2583 3160 2655 paciﬁce
3187 2583 3399 2648 vivunt,
3469 2589 3525 2633 et

1947 2683 2204 2755 quoniatn
2259 2697 2548 2738 noncarne
2613 2689 2822 2736 tantunt
2856 2677 2948 2732 sed
3009 2675 3192 2747 potius
3219 2673 3399 2730 anima
3431 2687 3524 2726 co-

1949 2776 2122 2846 pulari
2175 2785 2390 2845 Oportet
2431 2790 2528 2846 per
2580 2781 2782 2828 rectam
2815 2769 2973 2824 (idem
3001 2778 3243 2824 nostram
3271 2779 3324 2824 et
3361 2779 3524 2836 opera

1950 2870 2167 2940 pietatis
2195 2870 2302 2924 Deo
2333 2867 2692 2937 beneplacita,
2728 2875 2786 2920 ut
2813 2879 3002 2920 verum
3058 2867 3129 2918 sit
3180 2863 3523 2932 conjugium,

1949 2971 2006 3018 et
2080 2960 2412 3016 conuuhium
2476 2958 2838 3029 impollulum,
2916 2965 2973 3010 et
3036 2955 3240 3036 Christi
3294 2954 3523 3024 ejusque

1953 3067 2264 3109 sanctorum
2298 3055 2408 3107 sint
2445 3053 2604 3118 socii,
2628 3051 2901 3121 praecipue
2933 3064 3151 3104 carnem
3179 3049 3523 3118 aspernando

1951 3165 2130 3219 usque
2151 3148 2218 3201 ad
2255 3147 2596 3216 martyrium,
2649 3155 2704 3200 et
2735 3145 2811 3199 sic
2828 3145 3130 3198 orationem
3176 3143 3228 3196 iu
3253 3143 3522 3198 solutione

1949 3256 2274 3298 coronarum
2311 3239 2604 3310 protrahit,
2632 3249 2692 3293 ut
2727 3238 2820 3308 qui
2855 3237 3006 3292 dedit
3067 3239 3147 3292 eis
3183 3251 3414 3292 coronas
3465 3235 3521 3289 in

1949 3335 2162 3406 signum
2191 3334 2549 3396 castimoniae,
2585 3343 2638 3386 et
2671 3331 2724 3384 in
2757 3329 3060 3386 mercedem
3092 3345 3280 3384 eorum
3313 3327 3522 3398 purita—

1953 3431 2022 3486 tis
2049 3445 2114 3484 ac
2135 3427 2414 3484 munditiae
2435 3440 2608 3494 usque
2663 3425 2730 3478 ad
2761 3423 3173 3478 matrimonium
3207 3431 3519 3486 asservatze,

1947 3521 2202 3594 quoniam
2271 3519 2392 3589 puri
2448 3519 2502 3572 in
2547 3517 2958 3572 matrimonium
3036 3516 3320 3586 conjuncti
3364 3527 3514 3584 sunt,

1947 3614 2066 3684 ipse
2115 3611 2276 3665 etiam
2330 3624 2654 3664 coronarum
2709 3610 3038 3663 solutionem
3087 3608 3398 3675 benedicat,
3449 3619 3508 3664 et

1949 3703 2331 3760 indissolu-bile
2374 3703 2646 3758 custodiat
2672 3717 2861 3756 eorum
2899 3701 3214 3771 conjugium
3250 3715 3313 3754 ac
3341 3701 3519 3756 socie-

1943 3803 2130 3860 tatem,
2168 3804 2226 3850 ut
2257 3810 2365 3850 una
2395 3809 2527 3850 voce
2555 3794 2760 3865 iugiter
2785 3793 3114 3849 benedicant
3137 3793 3256 3862 ejus
3289 3807 3512 3860 nomen,

1944 3889 2217 3956 Patris-,et
2246 3887 2389 3955 Filii,
2416 3896 2470 3942 ct
2496 3889 2668 3942 sancti
2705 3886 2960 3955 Spiritus,
2987 3901 3153 3955 quum
3187 3887 3302 3956 ipse
3327 3887 3398 3940 sit
3426 3886 3520 3954 qui

1943 3982 2122 4036 omnia
2163 3981 2218 4034 in
2276 3981 2478 4034 bonum
2533 3979 2832 4048 dispensat.
2907 3979 3170 4046 Deinceps
3225 3988 3514 4049 postquam

1941 4075 2218 4130 Christum
2247 4072 2583 4126 invocaverit
2615 4083 2671 4126 ut
2705 4073 2878 4141 gratia
2915 4071 3174 4141 Matriset
3199 4082 3513 4128 sanctetum

1943 4165 2062 4234 ejus
2119 4161 2552 4218 misericordiane
2613 4161 2869 4216 omnibus
2933 4163 3102 4217 donet
3151 4175 3206 4217 et
3258 4164 3514 4221 salutem.

1943 4271 2038 4310 eos
2069 4255 2312 4318 dimittit,
2365 4261 2420 4308 et
2475 4252 2751 4308 benedicti
2819 4253 2886 4308 ab
2917 4269 2985 4308 co
3037 4270 3208 4324 nuper
3235 4256 3514 4325 conjugati

1943 4348 2162 4404 domum
2197 4359 2320 4401 cum
2371 4345 2570 4416 gaudio
2603 4353 2854 4414 pergunt.
2889 4345 2994 4401 Ista
3033 4346 3252 4416 quidem
3303 4347 3370 4402 de
3400 4365 3517 4402 ma-

251 4456 498 4525 Χριστὸν
525 4458 1016 4524 ἐπικαλεσάμενος,
1048 4459 1138 4512 διὰ
1161 4460 1258 4527 τῆς
1289 4458 1516 4529 Μητρὸς
1548 4457 1714 4512 αὐτοῦ
1739 4457 1837 4512 καὶ

1947 4437 2343 4504 trimonio,jnec
2359 4444 2574 4505 oportet
2601 4437 2753 4505 plura
2776 4436 2976 4494 dicere.
2995 4438 3128 4492 Nam
3153 4439 3252 4496 etsi
3269 4441 3514 4508 quaedam

253 4547 370 4602 τῶν
411 4548 584 4614 ἁγίων
611 4547 776 4600 αὐτοῦ
817 4547 968 4600 ἔλεον
1013 4549 1150 4600 πᾶσι
1185 4547 1368 4602 δοῦναι
1394 4550 1491 4602 καὶ
1533 4549 1838 4618 σωτηρίαν,

252 4636 510 4694 ἀπολύει.
537 4637 648 4691 Καὶ
671 4635 1058 4707 εὐλογούμενοι
1085 4637 1216 4707 παρ’
1247 4637 1412 4690 αὐτοῦ
1439 4638 1488 4690 οί
1517 4637 1834 4706 νεόνυμφοι,

251 4732 401 4785 οῐκοι
437 4731 575 4800 μετὰ
628 4731 807 4800 χαρᾶς
857 4729 1198 4799 πορεύονται.
1240 4729 1428 4783 Ταῦτα
1479 4728 1578 4798 μὲν
1625 4723 1718 4782 οὖν
1745 4731 1842 4782 καὶ

251 4824 326 4878 τὰ
345 4823 442 4876 τοῦ
472 4825 673 4893 γάμου,
699 4824 794 4876 καὶ
832 4822 894 4874 οὐ
928 4823 1034 4892 χρὴ
1066 4822 1234 4875 πλείω
1261 4821 1462 4888 λέγειν.
1503 4819 1565 4872 Ei
1601 4819 1716 4892 γὰρ
1745 4821 1837 4873 καὶ

253 4913 516 4984 ζητήσεις
549 4913 675 4984 περὶ
729 4913 908 4982 γάμου
961 4912 1106 4974 τινές
1163 4915 1322 4978 είσιν,
1357 4909 1472 4964 ἀλλ’
1525 4909 1586 4963 οὐ
1643 4909 1838 4978 καιρὸς

253 5008 406 5077 ἡμᾶς
461 5005 588 5074 περὶ
633 5003 841 5057 τούτων
897 5003 1118 5071 λέγειν·
1159 5005 1241 5056 ὅτι
1293 5006 1388 5056 καὶ
1425 5003 1556 5074 περὶ
1620 5003 1836 5056 πάντων

254 5096 450 5165 σαφῶς
516 5097 664 5166 ἡμᾶς
725 5095 1132 5148 ἐκδιδάσκουσιν
1206 5095 1257 5147 oi
1333 5095 1596 5164 Πατέρες.
1655 5093 1832 5148 Μόνον

253 5190 554 5256 ἀναγκαῖον
601 5188 762 5241 τοῦτο
815 5187 1030 5257 μαθεῖν,
1057 5187 1134 5248 ὡς
1191 5187 1240 5240 οί
1276 5187 1638 5254 συναφοὲντες
1672 5187 1836 5256 γάμῳ

255 5283 411 5350 παρὰ
439 5280 574 5334 Θεοῦ
603 5281 981 5352 συνήσθησαν,
1011 5279 1107 5332 καὶ
1159 5279 1392 5348 καθαροὶ
1431 5280 1498 5349 τῇ
1549 5279 1835 5347 ἐπικλήσει

255 5372 354 5426 τοῦ
400 5371 666 5442 καθαροῦ.
698 5372 1051 5442 Τηρειτωσαν
1094 5367 1190 5426 οῦν
1223 5370 1478 5441 ἀλλήλοις
1530 5371 1836 5442 ἁμόλυντον

253 5467 349 5520 τὸν
371 5465 566 5534 γάμον,
601 5465 698 5518 καὶ
729 5467 785 5516 ἐν
835 5465 1028 5535 εἰρήνῃ
1059 5467 1152 5518 καὶ
1186 5463 1445 5533 εὐλαϐείᾳ
1480 5462 1792 5533 μενέτωσαν
1815 5479 1830 5494 ·

252 5561 348 5612 καὶ
379 5557 408 5610 ὃ
437 5557 630 5610 ἔλαὸον
657 5555 807 5627 παρὰ
842 5554 938 5610 τοῦ
973 5555 1136 5624 Θεοῦ,
1167 5556 1268 5627 τὴν
1309 5555 1506 5608 ἕνωσιν
1536 5556 1595 5608 ἐν
1638 5554 1834 5625 σεμνό-

253 5663 401 5716 τητι,
433 5647 527 5700 καὶ
555 5646 780 5718 ἀγάπην
823 5649 882 5701 ἐν
928 5650 1280 5720 σωφροσύνῃ,
1311 5648 1407 5702 καὶ
1441 5645 1746 5717 συμϐίωσιν
1774 5647 1832 5701 ἐν

255 5737 480 5804 ὁμονοίᾳ
503 5755 563 5792 τε
591 5741 704 5798 καὶ,
729 5742 920 5808 εἰρήνῃ
951 5739 1027 5805 ὡς
1075 5741 1547 5816 παρακατρθήκην
1577 5737 1831 5808 ἀλλήλοις

1943 4531 2052 4586 sint
2077 4530 2144 4586 de
2172 4529 2523 4584 matrimonio
2552 4529 2902 4599 quaestiones,
2939 4531 3032 4586 sed
3054 4541 3268 4603 tempus
3301 4547 3410 4588 non
3431 4543 3518 4588 est

1941 4623 2006 4678 de
2031 4622 2116 4677 his
2141 4621 2377 4685 dicendi,
2409 4621 2666 4690 quoniam
2709 4619 2778 4675 de
2808 4622 3062 4677 omnibus
3085 4621 3366 4694 sapienter
3405 4639 3508 4680 nos

1939 4716 2246 4770 docuerunt
2269 4714 2479 4772 Patres.
2511 4711 2624 4770 lloc
2661 4721 2872 4770 tantum
2895 4717 3108 4770 discere
3139 4715 3509 4770 necessarium

1939 4817 2047 4872 est,
2071 4823 2270 4878 nempe
2297 4809 2649 4864 matrimonio
2685 4809 3013 4878 conjunctos
3040 4823 3070 4862 ει
3113 4807 3226 4863 Deo
3247 4823 3368 4864 esse
3418 4825 3511 4862 so-

1940 4900 2132 4966 ciatos,
2158 4909 2208 4956 et
2229 4915 2396 4970 puros
2425 4915 2521 4970 per
2549 4883 2964 4956 invocationem
2999 4901 3120 4971 ejus
3169 4901 3259 4970 qui
3299 4899 3510 4969 pttrilas

1938 5002 2041 5047 est.
2075 4992 2242 5063 Igitur
2261 4993 2361 5049 sibi
2389 5003 2578 5048 mutuo
2596 4993 2908 5048 custodiant
2927 4973 3199 5050 illibatum
3228 4993 3511 5048 matrimo-

1937 5085 2118 5149 nium,
2143 5093 2200 5139 et
2231 5086 2284 5139 in
2352 5099 2486 5155 pace
2517 5099 2582 5140 ac
2617 5085 2822 5154 pietate
2872 5094 3257 5156 permaneant,
3281 5093 3334 5141 et
3363 5085 3508 5153 quod

1945 5186 2300 5246 acceperunt,
2334 5178 2828 5247 scilicetjunionem
2862 5179 2916 5233 in
2947 5179 3258 5244 sanctitate,
3283 5188 3340 5233 et
3369 5179 3512 5233 cari-

1945 5279 2112 5324 tatem
2146 5272 2198 5326 in
2250 5272 2524 5336 castitate,
2558 5282 2612 5328 et
2641 5273 3092 5327 communitatem
3122 5273 3249 5326 vitae
3287 5272 3341 5325 in
3373 5287 3510 5330 cou-

1936 5365 2118 5418 cordia
2155 5375 2209 5418 et
2264 5379 2396 5432 pace
2449 5373 2506 5418 ut
2537 5365 2884 5419 commissum
2941 5363 3044 5420 sibi
3103 5364 3338 5421 invicem
3373 5381 3508 5423 con-

1935 5465 2174 5522 servent,
2201 5471 2267 5512 ne
2295 5457 2346 5509 in
2369 5457 2628 5512 damnum
2673 5457 2743 5511 ab
2779 5457 2858 5512 eis
2887 5458 3136 5530 exigatur
3169 5462 3309 5514 ratio
3341 5463 3508 5516 casti-

1937 5546 2062 5602 tatis
2091 5555 2526 5616 cazterorumque
2551 5547 2865 5603 divinorum
2895 5563 3144 5618 Operam.
3199 5549 3384 5622 Neque
3435 5555 3505 5610 de

1935 5651 2162 5706 corpore
2223 5645 2464 5702 tantum,
2527 5639 2624 5695 sed
2685 5649 2742 5694 et
2795 5640 2864 5696 de
2921 5641 3122 5697 animis
3148 5643 3262 5698 suis
3287 5655 3506 5710 curent,

1935 5731 2196 5815 quoniam
2253 5729 2500 5804 duplices
2539 5746 2600 5790 se
2665 5731 2895 5804 habent,
2921 5741 3150 5806 nempe“
3181 5751 3246 5792 es
3279 5752 3509 5806 corpore
