4034 6192
344 278 438 353 sat
769 237 772 240 ’
1637 275 1738 334 DE
1779 275 1838 336 s.
1879 271 2326 334 suaesuae.

3483 269 3591 331 5'22

345 395 573 466 ἱλασμὸν
601 393 814 450 ἑαυτῶν
844 393 942 450 καὶ
963 392 1284 450 τελευταίαν
1320 390 1734 463 ἁμαρτημάτων
1774 391 1906 458 ἄφε-

2011 395 2242 443 mortem
2312 385 2608 442 inﬁrmitas
2659 384 2740 440 eis
2793 392 2897 447 est,
2932 397 2998 440 ex
3033 383 3137 440 hoc
3165 383 3288 438 oleo
3319 383 3590 452 quoddam

343 503 446 541 σιν.
479 487 590 540 Καὶ
617 489 666 540 εί
690 486 828 558 πρὸς
861 486 1089 540 θάνατόν
1119 487 1280 552 εἰσιν,
1322 486 1384 540 ὲκ
1417 483 1606 538 τούτου
1638 484 1907 553 τηρεῖται,

339 578 435 632 καὶ
467 577 830 649 κοιμηθέντας
867 579 1066 641 αὐτοὺς
1110 579 1356 648 χρίουσιν
1407 578 1458 630 οί
1514 575 1905 644 προσήκοντες,

338 672 418 735 είς
469 672 740 741 σφραγῖδα
771 669 1076 740 ἱερωτάτην
1105 671 1216 725 τῶν
1250 669 1416 724 ὁσίων
1450 669 1543 723 τοῦ
1583 667 1911 730 ἀπελθόντος

335 763 604 834 λειψάνων
645 763 741 817 καὶ
791 762 958 833 τιμὴν
1014 765 1110 816 καὶ
1150 763 1443 832 ἁγιασμόν.
1495 763 1678 828 Ἀξιοι
1715 761 1822 830 γάρ
1861 759 1909 810 oi

333 853 700 922 ἠγωνισμένοι
755 852 1020 921 τιμᾶσθαι
1075 855 1190 916 τοῖς
1251 855 1418 923 ἱεροῖς
1471 853 1758 922 χρίσμασι·
1814 851 1911 903 καὶ

336 943 734 1014 σφραγίζεσθαι
761 945 1166 1014 δέονοσφραγίδι
1187 945 1231 997 Χ
1241 943 1444 1014 pte-106‘
1458 945 1586 1005 τοὺς
1613 943 1752 996 κατὰ
1777 940 1913 1011 Χρι-

333 1037 460 1090 στὸν
489 1034 791 1106 ζήσαντας.
826 1035 940 1090 Καὶ
985 1037 1068 1090 ἔτι
1097 1037 1410 1107 ἐπιχέουσιν
1442 1036 1621 1089 ἔλαιον
1655 1036 1911 1102 ἐνταφια-

333 1126 586 1195 ζομένοις
619 1127 827 1192 αὐτοῖς,
863 1127 956 1180 τὸν
995 1128 1140 1180 θεῖον
1177 1128 1326 1180 ἔλεον
1359 1117 1772 1197 ἐκκαλούμενοι.
1807 1120 1910 1179 Οὗ-

331 1237 421 1282 τος
454 1221 484 1273 ὁ
519 1220 725 1284 σκοπὸς
755 1219 852 1274 τοῦ
877 1221 1034 1288 ἁγίου
1066 1221 1271 1285 ἐλαίου,
1303 1223 1414 1284 τοϊς
1441 1221 1578 1294 ζῶσι
1607 1220 1908 1291 διδομένου,

327 1311 470 1367 ὥστε
504 1312 672 1382 ζῆσαι
703 1315 796 1368 καὶ
833 1315 1018 1382 μένειν
1051 1313 1526 1384 κεκαθαρμένου;’
1561 1315 1622 1390 ού
1663 1313 1769 1386 μὴν
1797 1313 1910 1378 τοῖς

325 1403 498 1467 ζῶσιν
530 1403 674 1458 ὥστε
717 1407 918 1473 θανεῖν,
974 1407 1068 1460 καὶ
1117 1405 1192 1478 μὴ
1230 1405 1543 1477 προσδοπᾷν
1575 1405 1906 1476 ἐγείρεσθαι·

324 1497 412 1550 ὃτι
441 1499 540 1550 καὶ·
561 1499 655 1552 διὰ
679 1497 838 1552 τοῦτο
870 1499 1074 1568 μᾶλλον
1101 1499 1420 1569 παρέχεται,
1454 1499 1542 1552 ίνα
1571 1498 1758 1570 ἐγείρῃ
1787 1497 1912 1560 τοὺς

307 1566 650 1660 ’χρισθέντας
701 1591 730 1642 ὁ
787 1566 1015 1659 Κύριος,
1065 1566 1275 1645 καὶ-τά
1306 1592 1688 1660 ἁμαρτήματα
1725 1566 1910 1652 αὐτοῖς

322 1683 531 1753 ἀφεθῇ.
557 1683 668 1738 Καὶ
696 1681 852 1736 τοῦτο
882 1684 1116 1738 πάντοτε
1139 1685 1234 1736 καὶ
1255 1684 1352 1753 οὐχ
1381 1684 1528 1748 ἅπαξ
1555 1683 1727 1738 ἔσται.
1752 1682 1908 1734 Ἐπεὶ

319 1773 446 1836 καὶ,
485 1790 506 1824 α
552 1772 995 1842 Ἑξομολογεῖσθε
1047 1773 1322 1843 ἀλλήλοις,
1373 1773 1528 1842 φησὶ,
1565 1773 1632 1825 τὰ
1665 1772 1913 1844 ἁμαρτή-

323 1881 478 1933 ματα
503 1879 517 1894 ·
549 1881 568 1916 ι
621 1865 714 1918 ἀεὶ
744 1864 988 1934 δηλονότι
1015 1865 1108 1917 καὶ
1139 1867 1237 1934 οὐχ
1286 1863 1457 1930 ἅπαξ,
1495 1883 1514 1916 ι
1550 1865 1646 1918 καὶ
1687 1864 1911 1934 εὔχεσθε

317 1955 471 2026 ὑπὲρ
499 1956 767 2026 ἀλλήλων,
795 1958 945 2020 ὅπως
972 1956 1158 2025 ἰαθῆτε
1183 1973 1198 1988 ο
1235 1975 1262 2034 ,ι
1297 1958 1356 2010 οὐ
1393 1957 1542 2026 μίαν,
1569 1956 1704 2011 ἀλλὰ
1735 1957 1912 2025 διηνε-

317 2047 458 2114 κῶς,
495 2050 578 2102 ὅτι
610 2049 709 2102 καὶ
739 2049 829 2102 διὰ
853 2049 1052 2112 παντὸς
1085 2049 1374 2118 πταίομεν.
1405 2048 1576 2102 Τοῦτο
1597 2050 1652 2103 δὲ
1677 2049 1736 2102 τὸ
1761 2050 1911 2120 χρίε-

317 2145 452 2197 σθαι
481 2142 715 2214 ὕστερον
743 2145 808 2196 ὲκ
839 2143 937 2213 τῆς
966 2142 1316 2211 ἀναπτούσης
1346 2147 1406 2195 έν
1437 2142 1513 2212 τῷ
1542 2142 1656 2213 ναῷ
1689 2142 1911 2212 λυχνίας

313 2237 408 2289 διὰ
443 2217 720 2307 σφραγῖδα
757 2238 852 2289 καὶ
884 2234 1164 2304 ἁγιασμδν
1185 2235 1294 2289 τῶν
1322 2235 1593 2304 λειψάνων
1617 2235 1712 2290 τοῦ
1743 2235 1910 2296 ἀπελ-

316 2328 532 2392 θόντος,
564 2327 638 2391 ὥς
665 2327 762 2382 καὶ
792 2329 916 2391 τοῖς
947 2327 1272 2398 μυστηρίοις
1297 2327 1792 2400 προκαθαρθέντων
1815 2329 1908 2382 τοῦ

313 2419 568 2492 Χριστοῦ
605 2420 700 2474 καὶ
731 2421 1086 2492 ήγιασμένων
1121 2420 1200 2490 τῷ
1230 2419 1572 2490 βαπτίσματι
1596 2421 1692 2477 καὶ
1725 2421 1906 2492 μύρῳ,

311 2513 416 2565 καὶ
453 2515 522 2583 τῇ
561 2515 767 2584 φρικτῇ
805 2511 1084 2583 κοινωνίᾳ.
1129 2512 1394 2566 Ἐνταῦθα
1424 2513 1480 2566 δὲ
1513 2515 1606 2566 καί
1635 2525 1784 2577 τινες
1822 2531 1908 2567 τε-

312 2607 484 2676 λετὴν
517 2605 774 2660 ποιοῦσιν
801 2605 984 2659 ἐλαίου
1018 2605 1162 2676 ὑπὲρ
1189 2607 1295 2659 τῶν
1341 2606 1398 2658 ὲν
1447 2605 1672 2676 Χριστῷ
1705 2624 1906 2678 κοιμη-

313 2701 552 2758 θέντων.
597 2703 700 2754 Ἥν
731 2699 826 2754 καὶ
863 2698 972 2753 τῶν
1001 2700 1308 2769 ἀρχιερέων
1337 2699 1483 2762 τινὲς
1516 2699 1620 2767 μὲν
1640 2698 1905 2753 κωλύουσι

313 2790 594 2858 γίνεσθαι,
625 2789 702 2850 ὡς
732 2788 806 2858 μὴ
836 2789 1286 2859 παραδεδομένην
1323 2784 1488 2842 οὖσαν
1513 2792 1575 2842 ὲν
1605 2793 1672 2861 τῇ
1693 2791 1904 2861 Γραφῇο

314 2882 468 2945 τινὲς
515 2881 596 2946 δὲ,
652 2881 736 2946 οὓ,
767 2880 844 2944 ὡς
881 2879 1026 2951 ὑπὲρ
1071 2881 1258 2950 ψυχῶν
1313 2881 1627 2952 γινομένην.
1687 2883 1906 2952 Ἔγωγε

315 2973 412 3029 οὖν
451 2973 528 3038 ὡς
575 2973 836 3045 ἐνεχώρει
891 2975 1022 3044 περὶ
1073 2973 1268 3026 τούτου
1319 2973 1586 3040 ζητήσας,
1634 2967 1794 3044 εὗρον
1829 2974 1906 3035 ὡς

2023 489 2293 540 servatur.
2331 488 2385 534 et
2425 487 2713 550 postquam
2749 477 3110 542 dormierunt,
3161 483 3458 544 praesentes
3493 491 3592 531 eos

2013 577 2225 643 ungunt
2253 573 2303 624 in
2325 569 2560 640 sigillum
2581 569 3026 640 augustissimum
3051 579 3358 622 sanctarum
3387 567 3596 622 obeun-

2011 667 2084 718 tis
2131 664 2506 733 reliquiarum,
2535 661 2917 732 honoremque
2967 669 3018 714 et
3061 659 3590 724 sanctificationem;

2014 769 2139 808 nam
2169 753 2314 822 digni
2343 753 2553 808 suntin
2589 769 2760 824 agone
2787 753 2970 808 luctati
3025 752 3116 822 qui
3175 754 3344 807 sacris
3386 753 3599 805 unctio-

2011 844 2177 900 nibus
2219 843 2582 910 houorentur,
2635 855 2688 900 et
2720 845 2918 915 signari
2953 853 3172 914 oportet
3223 845 3378 914 signo
3411 845 3592 897 crucis

2012 955 2108 994 eos
2135 939 2226 1008 qui
2257 931 2859 994 secundum'Christum
2889 939 3161 992 vixerunt.
3227 939 3455 1000 lnsuper
3485 937 3596 992 eis-

2012 1033 2134 1088 dem
2169 1033 2393 1102 sepultis
2425 1031 2603 1086 oleum
2633 1031 2953 1096 infundunt,
2982 1033 3223 1087 divinam
3263 1032 3589 1084 invocantes

2012 1125 2468 1180 misericordiam.
2523 1124 2624 1180 llic
2657 1136 2740 1181 est
2775 1125 2896 1179 finis
2949 1125 3052 1180 olei
3101 1123 3245 1196 quod
3279 1123 3591 1178 viventibus

2013 1215 2190 1284 datur,
2227 1229 2287 1273 ut
2346 1217 2528 1271 vivant
2591 1225 2642 1272 et
2697 1221 2953 1272 maneant
3011 1218 3242 1288 purgati,
3299 1219 3390 1272 sed
3454 1215 3594 1268 vivis

2011 1323 2359 1382 nequaquam
2392 1311 2675 1366 confertur
2726 1322 2786 1366 ut
2823 1312 3147 1378 moriantur,
3188 1327 3289 1366 nee
3348 1311 3592 1364 sanatio-

2012 1415 2136 1456 nem
2191 1414 2509 1472 exspectare
2563 1405 2794 1475 possint,
2839 1406 3096 1474 quoniam
3151 1405 3329 1474 potius
3379 1401 3445 1457 ad
3487 1403 3590 1456 hoc

2011 1491 2111 1547 fuit
2139 1493 2448 1548 institutum
2483 1505 2536 1550 ut
2565 1505 2760 1551 unctos
2787 1491 3006 1551 allcvict
3046 1497 3325 1560 Dominus,
3365 1497 3418 1549 et
3457 1511 3588 1565 pec-

2011 1593 2130 1636 cata
2163 1583 2295 1651 ipsis
2326 1585 2691 1640 dimittantur.
2745 1585 2900 1652 Quod
2937 1586 3154 1658 iugiter,
3181 1595 3234 1640 et
3261 1603 3366 1642 nun
3399 1586 3590 1651 semel,

2016 1678 2140 1739 erit,
2177 1677 2634 1744 quemadmodum
2689 1687 2742 1732 et
2785 1679 2913 1732 illud
2948 1696 2959 1730 :
3006 1697 3022 1729 ι
3056 1663 3398 1732 Cantilcmini
3431 1673 3596 1732 alter-

2017 1777 2228 1831 utrnm,
2261 1767 2457 1837 inquit,
2489 1779 2710 1838 peccata
2775 1782 2952 1826 vestra
2977 1813 2990 1838 ,
3027 1791 3044 1824 ι
3095 1772 3301 1827 scilicet
3353 1786 3590 1840 semper,

1973 1859 1980 1864 ’
2016 1860 2239 1915 minime
2277 1874 2458 1916 autem
2491 1863 2658 1918 semel
2690 1879 2705 1919 :
2747 1883 2762 1915 ι
2793 1863 2954 1920 Orate
2992 1880 3088 1934 pro
3119 1865 3350 1919 invicem
3389 1853 3446 1918 ut
3485 1863 3592 1917 sal-
3683 1897 3686 1900 -

2013 1952 2274 2015 vemini»,
2336 1968 2442 2006 non
2483 1954 2650 2008 semel
2689 1963 2921 2019 tantum,
2963 1956 3055 2010 scd
3110 1956 3369 2010 continuo
3422 1955 3595 2008 adim-

2011 2045 2270 2112 plendum
2302 2055 2407 2110 est,
2449 2047 2705 2114 quoniam
2759 2048 2990 2117 singulis
3015 2049 3203 2102 diebus
3233 2047 3586 2102 otIendimus.

1971 2133 1976 2138 ’
2014 2131 2194 2186 Semel
2223 2134 2474 2187 autemfit
2503 2136 2772 2204 posterior
2803 2137 2914 2190 luce
2949 2139 3134 2191 unctio
3163 2153 3224 2192 ex
3263 2137 3510 2204 lampade
3533 2139 3586 2190 in

2013 2227 2217 2294 templo
2275 2227 2518 2292 ardente,
2576 2227 2626 2280 in
2687 2229 2920 2299 sigillum
2989 2241 3043 2283 et
3095 2231 3584 2285 sanctificationem

2011 2317 2365 2387 reliquiarum
2413 2318 2555 2372 illius
2591 2319 2682 2387 qui
2713 2321 2823 2375 vita
2856 2322 3125 2388 discessit,
3163 2334 3347 2392 utpOte
3379 2317 3584 2378 Christi

2020 2409 2300 2481 mysteriis
2369 2415 2740 2482 purgatarum
2779 2419 2833 2468 et
2886 2413 3155 2484 baptismo
3208 2427 3590 2486 unguentoque

2012 2509 2067 2554 ct
2126 2500 2405 2555 tremenda
2453 2503 2834 2558 communione
2885 2504 3369 2560 sattrlificalarum.
3437 2505 3589 2559 Nunc

2012 2608 2143 2646 vero
2199 2593 2418 2672 quidam
2501 2607 2901 2650 sacramentum
2960 2597 3066 2651 olei
3131 2599 3430 2652 conficiunt
3467 2609 3590 2650 ‘su-

2011 2699 2109 2756 per
2137 2699 2230 2738 eos
2277 2686 2365 2754 qui
2445 2687 2495 2740 in
2550 2687 2769 2742 Christo
2815 2689 3186 2753 dormierunt,
3249 2689 3391 2758 quod
3459 2705 3592 2741 non-

2010 2777 2142 2831 nulli
2202 2793 2269 2831 ex
2337 2779 2682 2847 pontificibus
2753 2795 2818 2833 ne
2858 2781 2946 2834 fiat
2992 2779 3302 2849 prohibent,
3351 2795 3473 2833 cum
3535 2782 3587 2834 in

2010 2870 2289 2938 Scriptura
2319 2871 2579 2926 traditum
2635 2887 2743 2925 non
2797 2871 2888 2936 sit,
2924 2873 3172 2925 nonnulli
3229 2883 3408 2925 tamen
3474 2889 3582 2926 non

2009 2964 2320 3032 prohibent,
2381 2979 2503 3017 cum
2545 2981 2645 3033 pro
2702 2965 2897 3018 animis
2932 2964 3040 3019 fiat.
3105 2963 3212 3036 Ego
3273 2964 3458 3034 igitur,
3497 2980 3590 3018 or.-

315 3067 528 3134 ἀγαθδν
552 3063 694 3120 εἶναι
725 3068 1030 3135 γίγνεσθαι.
1063 3067 1170 3118 Καὶ
1195 3067 1320 3128 τοὺς
1347 3065 1710 3135 βουλομένους
1734 3067 1906 3118 ποιεῖν

2015 3059 2235 3110 casione
2275 3057 2421 3122 data,
2476 3059 2544 3111 de
2597 3059 2700 3112 hac
2729 3072 2785 3111 re
2820 3055 3392 3127 interrogalusitwcni
3455 3059 3588 3113 illud

314 3160 378 3211 οὐ
413 3162 524 3230 χρὴ
557 3160 816 3214 κωλύειν.
851 3159 997 3231 Πλὴν
1027 3160 1128 3213 οὐκ
1161 3159 1341 3212 ἔλαιον
1373 3159 1532 3212 τοῦτο
1577 3158 1636 3210 τὸ
1667 3159 1908 3228 παραδε·

315 3253 549 3320 διαμένον
586 3252 692 3305 ὑπὸ
723 3252 820 3305 τοῦ
853 3252 1108 3322 Σωτῆρος
1133 3255 1224 3304 καὶ
1251 3251 1361 3304 τῶν
1393 3252 1712 3304 ἀποστόλων
1770 3252 1907 3312 tau,

317 3345 456 3414 περὶ
483 3339 548 3398 οὗ
573 3344 636 3396 τὸ
677 3344 776 3411 μὲν
806 3345 1161 3413 Εὐαγγέλιον,
1210 3345 1286 3406 ὡς
1319 3343 1534 3414 ἔφημεν
1555 3383 1570 3407 ,
1603 3345 1770 3411 λέγει·
1799 3343 1904 3396 Καὶ

315 3438 582 3507 ἤλειφον
632 3438 816 3504 ἐλαίῳ
857 3437 1132 3503 πολλοὺς
1171 3437 1526 3504 ἁρῤώστους
1573 3436 1674 3504 καί
1703 3435 1905 3503 ἐθερά-

315 3546 534 3586 πευον
571 3533 600 3584 ὁ
631 3531 981 3598 Ἀδελφόθεος
1009 3531 1068 3584 δὲ
1106 3531 1210 3584 ὅσα
1251 3531 1310 3583 ἐν
1354 3532 1418 3599 τῇ
1459 3519 1734 3599 Καθολικῇ
1777 3527 1908 3597 περὶ

313 3625 530 3679 τούτων
547 3624 776 3695 γράφει.
804 3625 900 3676 Ἓν
927 3623 1038 3692 γὰρ
1057 3622 1237 3682 τοῦτο,
1265 3621 1358 3675 καὶ
1385 3621 1448 3676 οὐ
1473 3621 1666 3681 πολλὰ,
1693 3625 1786 3674 καὶ
1809 3621 1905 3688 μία

315 3720 529 3789 τελετὴ,
553 3720 644 3772 καὶ
666 3719 724 3770 ἓν
753 3719 856 3771 τῶν
879 3719 1022 3772 ἑπτὰ
1039 3717 1202 3786 202
1228 3716 1565 3786 μυστηρίων.
1604 3714 1746 3767 Ἀλλ’
1767 3715 1906 3784 ὑπὲρ

317 3813 422 3866 τῶν
455 3809 886 3880 κεκοιμημένων
921 3810 1263 3880 προσάγεται
1295 3807 1475 3860 ἔλαιον
1505 3807 1586 3868 εἰς
1615 3822 1904 3875 προσαγω-

311 3904 414 3973 γὴν
438 3901 582 3956 Θεοῦ
637 3904 732 3956 καὶ
780 3901 968 3972 τιμὴν,
1022 3901 1164 3972 ὑπὲρ
1219 3899 1402 3962 ἐλέους
1435 3899 1530 3952 καὶ
1561 3896 1906 3966 συμπαθείας

313 3994 424 4046 τῶν
454 3991 830 4058 ἀπελθόντων,
871 3991 946 4053 ὡς
996 3991 1156 4061 κηροὶ
1195 3993 1290 4044 καὶ
1320 3989 1570 4058 θυμίαμα
1605 3988 1702 4040 καὶ
1743 3987 1907 4039 λοιπὰ

313 4084 482 4156 ἕτερα
514 4083 658 4153 ὑπὲρ
691 4081 873 4136 αὐτῶν
926 4081 1006 4150 τῷ
1059 4081 1170 4152 ναῷ
1211 4082 1304 4135 καὶ
1350 4082 1409 4132 ὲν
1463 4081 1577 4141 τοῖς
1636 4079 1906 4146 ἐνταφίοις

309 4174 498 4229 αὐτῶν
549 4174 996 4244 προσφερόμενα.
1026 4165 1125 4226 Ὧν
1154 4172 1536 4242 προκειμένων
1587 4169 1660 4233 ὡς
1694 4169 1902 4240 δώρων,

311 4267 460 4337 ὑπὲρ
507 4267 620 4318 τῶν
659 4265 1008 4321 ἀπελθόντων
1037 4265 1200 4334 ἡμεῖς
1239 4263 1583 4332 ἱκετεύομεν,
1621 4261 1713 4315 καὶ
1759 4261 1902 4313 θείου
1979 4317 1990 4322 _

309 4359 682 4428 τυγχάνουσιν
723 4359 924 4410 ἐκεῖνοι
950 4357 1154 4420 ἐλέους,
1185 4357 1261 4421 ὡς
1288 4359 1320 4428 ἡ
1347 4355 1648 4422 Ἐκκλησία
1687 4355 1891 4425 διεγερ-

2011 3145 2128 3200 ﬁeri
2169 3149 2368 3202 bonum
2407 3164 2548 3214 esse,
2576 3157 2631 3202 et
2665 3165 2760 3203 eos
2778 3149 2870 3218 qui
2904 3149 3082 3202 facere
3116 3149 3308 3203 volunt
3332 3166 3436 3204 non
3463 3167 3588 3206 esse

2013 3240 2404 3310 prohibendos.
2475 3241 2726 3296 Attamen
2787 3258 2893 3296 non
2953 3239 3276 3296 adhibeatur
3333 3243 3512 3298 oleum
3557 3259 3588 3298 a

2013 3331 2294 3387 Salvatore
2317 3341 2371 3386 et
2399 3333 2658 3402 apostolis
2693 3333 2970 3398 traditum,
3002 3333 3068 3388 de
3096 3351 3204 3404 quo
3235 3333 3586 3406 Evangelium

2012 3424 2157 3494 quod
2215 3427 2497 3479 retulimus
2550 3426 2722 3478 dicit:
2764 3435 2858 3479 cet
2916 3425 3188 3496 ungebaut
3239 3427 3361 3480 oleo
3391 3429 3592 3482 multos

2012 3532 2206 3585 uagi-os,
2241 3527 2293 3571 et
2321 3519 2640 3584 sanabant,»
2688 3519 2755 3572 de
2787 3535 2892 3588 quo
2915 3521 3077 3572 etiam
3113 3517 3207 3574 Dei
3238 3519 3406 3574 frater
3437 3521 3588 3589 plura

2014 3609 2068 3661 in
2124 3609 2391 3664 catholica
2426 3627 2522 3665 sua
2565 3611 2758 3666 scribit
2818 3613 3069 3682 cpistola.
3121 3611 3297 3667 Unum
3328 3613 3473 3667 enim
3507 3628 3592 3669 est

2012 3697 2174 3762 istud,
2197 3710 2248 3754 et
2274 3717 2380 3753 non
2399 3701 2572 3769 plura,
2597 3718 2877 3772 unumque
2896 3711 3318 3768 sacramentum,
3346 3713 3399 3757 et
3420 3719 3586 3756 unum

2010 3805 2075 3842 ex
2109 3801 2315 3858 septem
2346 3791 2645 3862 mysteriis,
2688 3793 2780 3847 sed
2808 3806 2903 3860 pro
2942 3791 3342 3848 dormientibus
3365 3794 3590 3851 adhibe-

2011 3885 2099 3932 tur
2126 3879 2304 3934 oleum
2337 3881 2392 3934 in
2424 3881 2626 3934 cultum
2658 3891 2710 3935 et
2733 3881 2998 3954 honorem
3027 3882 3148 3946 Dei,
3185 3881 3239 3936 in
3277 3883 3588 3938 miseratio-

2017 3986 2139 4024 nem
2171 3979 2224 4024 et
2252 3971 2604 4026 clementiam
2635 3973 2914 4034 defunctis
2940 3975 3355 4043 conciliandam,
3390 3992 3585 4046 quem-

2012 4063 2304 4118 admodum
2358 4066 2542 4130 cerei,‘
2569 4065 2691 4118 thus
2732 4075 2786 4120 et
2830 4075 3020 4119 caetera
3055 4082 3152 4136 pro
3189 4067 3319 4135 ipsis
3355 4067 3408 4121 in
3450 4077 3589 4122 tem-
3675 4077 3680 4086 '

2011 4156 2100 4225 plo
2133 4157 2214 4210 vel
2241 4155 2403 4210 etiam
2435 4155 2486 4210 in
2521 4157 2906 4214 monumentis
2933 4173 3123 4212 eorum
3154 4159 3357 4226 oblata,
3389 4161 3588 4232 quibus

2013 4257 2071 4299 ut
2098 4245 2255 4300 donis
2290 4247 2608 4317 propositis,
2643 4264 2740 4303 nos
2769 4264 2866 4318 pro
2905 4239 3178 4306 defunctis
3205 4252 3584 4322 deprecamur.

2011 4349 2067 4394 et
2099 4341 2172 4394 illi
2201 4341 2442 4398 divinam
2477 4353 2888 4411 consequuntur
2935 4344 3385 4404 misericordiam.
3423 4357 3591 4416 prout

311 4420 494 4516 γούσα
521 4451 792 4516 διδάσκει,
827 4451 922 4506 καὶ
955 4450 1158 4514 πάντες
1194 4420 1380 4520 σχεδὸν
1419 4451 1468 4502 οί
1497 4420 1740 4518 Π-ατέρες
1771 4420 1903 4514 γρά-

2011 4435 2128 4490 inec
2177 4445 2406 4504 ,operata
2459 4435 2619 4490 docet
2655 4437 2917 4501 Ecclesia,
2950 4448 3004 4492 et
3034 4453 3226 4494 omnes
3253 4439 3368 4496 fere
3403 4439 3593 4502 Patres

313 4561 504 4613 φουσι,
544 4544 638 4596 καὶ
668 4543 776 4614 πρὸ
813 4543 1034 4598 πάντων
1079 4545 1108 4596 ὁ
1141 4543 1314 4612 μέγας
1357 4541 1434 4610 τῷ
1464 4543 1580 4594 ὄντι
1629 4541 1724 4594 καὶ
1763 4538 1906 4608 ἱερὸς

325 4637 678 4701 Ἀθανάσιος,
733 4637 866 4706 περί
934 4653 992 4689 τε
1044 4635 1232 4704 κηρῶν
1290 4635 1386 4687 καὶ
1439 4635 1620 4688 ἐλαίου
1677 4634 1907 4703 γράφων

313 4730 463 4782 ὥστε
505 4727 684 4782 ταῦτα
717 4729 1054 4799 προσφέρειν
1101 4727 1244 4797 ὑπὲρ
1290 4726 1398 4779 τῶν
1432 4723 1766 4786 τεθνεώτων,
1807 4724 1908 4776 κᾶν

313 4826 398 4888 εἰς
425 4823 578 4894 χοῦν,
611 4823 716 4876 κάν
746 4823 828 4886 είς
853 4821 995 4890 ἀέρα
1040 4821 1146 4875 ὑπὸ
1193 4819 1361 4888 πυρὸς
1407 4817 1730 4886 διελύθησαν
1755 4831 1768 4845 ·
1805 4815 1902 4900 κα).

313 4919 378 4972 τὸ
405 4918 509 4988 μὲν
537 4917 612 4979 ὡς
639 4915 1047 4985 δλοκάρπωσις,
1075 4913 1136 4966 τὸ
1167 4913 1223 4966 δὲ
1247 4913 1322 4976 ὡς
1351 4911 1512 4964 θυσία
1548 4910 1689 4976 ὑπὲρ
1723 4907 1903 4962 αὐτῶν

311 5009 394 5080 τῷ
439 5007 580 5076 Θεῷ·
618 5007 714 5058 καὶ
749 5007 1048 5076 προσάγειν
1075 5003 1244 5057 ταῦτα
1287 5001 1682 5056 διακελεύεται.
1737 4999 1905 5080 Ὅθεν

313 5104 415 5158 καὶ
441 5103 504 5154 τὸ
533 5101 796 5156 ἀνάπτειν
831 5100 987 5169 φῶτα
1018 5099 1076 5152 έν
1108 5098 1302 5166 τάφοις
1334 5094 1564 5164 νεκρῶν,
1597 5094 1692 5148 καὶ
1728 5092 1907 5176 ἔλαιον

313 5195 627 5264 προσάγειν
661 5193 802 5264 ὑπὲρ
844 5193 1025 5247 αὐτῶν
1085 5190 1226 5260 μετὰ
1266 5189 1579 5261 ίερωτάτων
1615 5186 1810 5256 εὐχῶν,
1844 5185 1904 5237 οὑ

317 5289 614 5342 κωλυτέον·
652 5288 738 5341 ὃτι
787 5289 879 5340 καὶ
932 5285 1139 5354 κηροὺς
1168 5284 1522 5344 ἀνάπτοντες,
1554 5281 1651 5334 καὶ
1707 5275 1904 5344 θυμιά-

319 5398 474 5450 ματα
499 5381 786 5448 φέροντες,
811 5377 956 5447 ὑπὲρ
987 5377 1168 5428 αὐτῶν
1197 5373 1314 5446 Θεῷ
1343 5369 1781 5442 προσευχόμεθα
1812 5368 1904 5420 καὶ

319 5473 440 5535 ιθος
480 5477 546 5542 τῇ
574 5470 898 5542 Ἐκκλησίξι.
929 5469 1124 5538 Ὅμως
1177 5467 1244 5520 τὰ
1308 5467 1436 5536 περὶ
1475 5463 1568 5517 τοῦ
1619 5460 1904 5546 εὺχελαίου

319 5565 654 5632 κατίδωμεν.

541 5819 804 5882 Ρηκοι..
837 5823 955 5880 Gn.
984 5818 1153 5877 CLV.

2009 4515 2287 4593 scribunt,
2331 4537 2386 4583 et
2423 4540 2548 4583 ante
2586 4545 2779 4584 mtmes
2808 4547 2942 4584 vere
2991 4547 3222 4602 magnus
3260 4545 3596 4604 sanctuSqne

2006 4619 2366 4686 Athanasius,
2401 4623 2462 4677 de
2489 4621 2666 4676 cereis
2721 4634 2774 4676 et
2830 4623 2952 4678 oleo
2994 4625 3263 4690 scribens,
3306 4607 3594 4695 quoniam.

2007 4711 2135 4768 dum
2169 4711 2269 4764 ista
2300 4711 2606 4766 ofleruutur
2636 4728 2731 4781 pro
2760 4717 3010 4780 mortuis,
3037 4717 3140 4770 etsi
3169 4718 3222 4770 in
3255 4721 3495 4772 cinerem
3535 4731 3592 4774 et

2011 4803 2067 4857 in
2099 4817 2222 4878 aera
2255 4803 2378 4874 igne
2403 4805 2770 4869 resolvantur,
2805 4805 2953 4859 aliud
2979 4806 3204 4874 quidem
3228 4807 3374 4862 velut
3397 4789 3454 4863 in
3487 4813 3589 4864 ho-

2011 4896 2345 4959 locaustum,
2375 4896 2524 4950 aliud
2564 4911 2692 4950 vero
2723 4904 2980 4966 tanquam
3018 4899 3069 4951 in
3123 4898 3453 4955 sacrificium
3493 4917 3590 4968 pm

2015 4989 2125 5044 illis
2155 4989 2383 5043 offertur
2416 4987 2546 5053 Deo,
2577 4999 2631 5043 et
2661 4989 2748 5042 illa
2781 4989 3027 5058 praecipit
3048 4989 3273 5046 offerre.
3300 4991 3452 5046 Unde
3476 5009 3585 5046 Ilnlt

2015 5080 2416 5150 prebibeudum
2448 5089 2530 5134 est
2569 5095 2640 5134 ne
2676 5083 3052 5134 accendantur
3077 5081 3286 5136 lumina
3323 5083 3378 5135 in
3403 5084 3589 5151 sepul-

2013 5172 2124 5225 cris
2159 5178 2522 5232 mortuorum,
2551 5171 2841 5240 oleumque
2889 5185 2990 5241 pro
3023 5173 3158 5240 ipsis
3196 5187 3318 5226 cum
3351 5175 3591 5228 sanctis-

2015 5261 2170 5317 simis
2199 5261 2458 5332 precibus
2507 5263 2792 5327 offeratur,
2823 5265 3082 5332 quoniam
3131 5273 3188 5318 et
3235 5264 3591 5320 accendendo

2013 5369 2224 5420 cereos,
2250 5363 2304 5410 et
2335 5357 2491 5410 thura
2525 5356 2768 5421 ferendo,
2797 5371 2893 5427 pro
2924 5357 3054 5426 ipsis
3079 5358 3246 5411 Deum
3276 5373 3590 5425 exoramus,

2013 5457 2069 5502 et
2097 5447 2200 5501 iste
2231 5457 2314 5503 est
2345 5464 2460 5502 mos
2489 5447 2758 5503 El‘Cit‘Sim.
2795 5451 2950 5504 [litus
2991 5461 3172 5505 autem
3203 5453 3268 5506 de
3303 5451 3592 5508 Eucbelaro

2015 5541 2268 5597 similiter
2295 5541 2669 5611 inSpiciamus.

3153 5757 3228 5858 17
