4034 6192
497 243 605 310 Si}
1251 285 1274 310 ε
1364 247 1752 316 SYMEONIS
1793 248 2556 347 THESSALONICENSIS
2587 258 2946 326 ARCHIEP.
3649 268 3740 334 52$

920 358 1150 419 CAPUT
1186 359 1609 434 CCLXXXVIII.

2752 378 3003 434 ΚΕΦΑΛ.
3041 375 3218 443 Xﬂll',

946 473 1020 529 De
1051 491 1202 529 sacro
1234 478 1480 534 euchelu’i
1509 479 1639 534 ritu.

571 586 988 659 Congregantur
1022 603 1172 659 ergo,
1218 598 1276 644 ut
1311 591 1570 656 diximus,
1617 602 1824 662 septem
1857 594 2084 666 presby-

499 681 630 748 teri,
669 683 868 752 quibus
901 682 1038 738 stola
1071 699 1224 740 sacra
1257 686 1488 754 indutis,
1514 703 1624 757 quo
1651 689 1990 760 signiﬁcatur
2030 691 2085 744 in

503 772 634 841 ipsis
661 773 916 829 habitans
950 777 1119 846 gratia
1156 776 1414 847 Spiritus,
1451 787 1735 848 postquam
1759 783 1966 851 primus
1992 798 2085 839 eo-

502 880 621 918 rum
661 863 1006 920 benedixerit
1037 876 1258 937 gestans
1295 868 1584 938 imaginem
1617 871 1824 928 Christi
1877 874 1966 942 qui
2003 884 2086 929 est

497 959 743 1011 omnium
773 969 954 1027 caput,
1005 968 1308 1015 nocturnus
1336 976 1505 1016 canon
1545 963 1746 1017 dicitur
1780 980 1876 1034 pro
1904 981 1970 1020 eo
1994 967 2082 1021 cui

504 1061 756 1103 sanctum
798 1049 1085 1104 confertur
1115 1053 1453 1118 oleum.Quo
1483 1052 1634 1108 linito
1664 1055 1846 1111 aerius
1878 1057 2086 1115 instans

507 1144 565 1196 lit
610 1141 824 1204 oratio,
880 1153 935 1196 et
986 1143 1147 1197 datur
1175 1143 1467 1208 absolutio,
1533 1155 1820 1215 postquam
1863 1147 1955 1203 ille
2007 1158 2088 1204 ter

502 1231 868 1299 procumbens
898 1232 966 1286 ab
1001 1222 1256 1287 omnibus
1298 1234 1510 1289 veniam
1559 1237 1752 1304 poscit,
1785 1237 1836 1290 in
1867 1237 2086 1294 confes-

504 1325 716 1378 sionem
751 1324 1036 1380 Trinitatis
1058 1341 1084 1380 a
1108 1341 1214 1395 qua
1249 1342 1412 1380 omne
1441 1326 1645 1381 donum
1675 1327 1996 1398 perfectum,
2031 1338 2087 1385 et

503 1415 571 1468 ad
613 1414 1290 1482 conﬁrmandamrveniam
1323 1417 1375 1470 in
1412 1417 1732 1486 pmuiIentia
1762 1419 2039 1475 obtentam
2068 1459 2086 1486 ,

499 1509 756 1577 quoniam
811 1509 993 1563 omnia
1050 1508 1336 1563 confirmat
1371 1508 1656 1575 Trinitas;
1710 1520 1900 1580 terque
1931 1513 2006 1568 illi
2054 1529 2085 1569 a

503 1599 879 1654 sacerdotibus
903 1599 1219 1655 dimittitur.
1255 1599 1458 1655 Deinde
1487 1601 1863 1658 benedictione
1898 1619 2087 1661 rursus

505 1689 631 1744 data
663 1705 691 1744 a
727 1690 902 1760 primo
939 1691 1244 1755 sacerdote,
1274 1706 1376 1761 pax
1401 1691 1624 1758 dicitur,
1660 1709 1781 1764 qua:
1822 1689 1876 1748 in
1913 1699 2085 1750 omni-

2193 1732 2546 1799 εύλογοῦντος
2580 1729 2675 1784 τοῦ
2707 1729 2929 1802 πρώτου

507 1783 609 1838 bus
643 1783 986 1840 caeremoniis
1027 1785 1416 1855 proclamatur,
1455 1795 1641 1857 utpote
1679 1787 1859 1842 omnia
1906 1790 2090 1844 conti-

507 1893 643 1932 nens
669 1879 736 1933 de
767 1878 966 1948 quibus
996 1888 1214 1948 oportet
1248 1893 1429 1941 orare,
1462 1889 1517 1933 et
1561 1879 1708 1934 illius
1741 1881 1902 1935 etiam
1945 1883 2087 1950 quod

505 1969 801 2024 coniicitur
835 1973 1079 2042 mysterii
1116 1971 1384 2033 meminit,
1420 1987 1719 2041 pacemque
1755 1973 1850 2028 Dei
1883 1972 2089 2044 ﬂagitat

504 2069 560 2116 et
589 2061 708 2129 ejus
739 2061 1196 2117 misericordiam.
1230 2061 1295 2116 Et
1326 2061 1448 2116 data
1489 2077 1652 2132 pace,
1701 2064 1946 2134 factaque
1987 2066 2088 2120 mi-

509 2153 807 2208 sericordis
838 2154 1221 2212 benedictione
1246 2196 1261 2222 ,
1289 2157 1613 2226 quibusdam
1646 2155 1808 2210 dictis
1838 2159 2088 2214 versibus

505 2244 573 2299 ad
631 2247 953 2300 movendam
990 2245 1079 2300 Dei
1131 2246 1504 2311 clementiam,
1535 2263 1561 2300 a
1599 2247 1776 2316 primo
1805 2249 2088 2303 sacerdote

510 2343 565 2387 et
598 2335 813 2389 caveris
846 2335 1108 2400 vicissim,
1134 2337 1333 2392 dicitur
1365 2337 1467 2393 olei
1504 2336 1698 2400 oratio,
1723 2336 2086 2405 oleumquein

506 2441 674 2482 urceo
705 2426 787 2479 vel
845 2426 951 2481 alio
1007 2429 1240 2496 quodam
1302 2444 1429 2482 vase
1485 2429 1813 2483 immittitur.
1913 2428 2086 2482 Simul

517 2529 726 2588 septem
803 2519 1179 2574 accenduntur
1253 2521 1501 2582 lumina,
1575 2523 1730 2592 juxta
1791 2535 2086 2574 numerum

507 2610 901 2675 sacerdotum,
960 2622 1012 2662 et
1045 2613 1108 2664 ad
1168 2611 1519 2680 exprimenda
1582 2612 1819 2680 Spiritus
1875 2611 2088 2666 charis-

516 2712 681 2767 mala,
713 2718 925 2756 necnon
957 2712 1014 2755 ut
1046 2702 1132 2756 fax
1159 2703 1338 2756 divina
1373 2707 1428 2756 Iit
1460 2720 1554 2773 per
1583 2715 1832 2757 sanctum
1862 2705 2041 2756 oleum
2068 2742 2083 2768 ,

507 2806 560 2847 et
587 2795 741 2863 tlllasl
797 2793 1180 2847 holocaustum
1215 2797 1527 2860 mundaque
1563 2793 1739 2848 homia
1791 2792 1899 2847 Deo
1925 2793 2088 2846 oil'er-

506 2895 613 2951 tur,
667 2896 722 2939 ut
777 2901 1177 2954 consequamur
1234 2885 1356 2954 ejus
1411 2884 1865 2938 misericordiam.
1898 2882 2086 2939 Oratio

503 2991 683 3032 autem
720 2979 796 3031 sic
835 2977 956 3032 ait:
1001 2995 1017 3028 ι
1079 2976 1346 3043 Domine,
1410 2975 1462 3029 in
1502 2977 1702 3045 pietate
1750 2986 1839 3030 tua
1872 2984 1928 3030 et
1978 2977 2083 3031 tuis

509 3071 957 3123 mi~crationibus
1010 3085 1212 3123 sanans
1261 3068 1484 3122 vulnera
1543 3081 1775 3132 nosura,
1842 3085 1861 3118 ι
1920 3071 2050 3121 rel'ei

506 3163 656 3214 enim
687 3161 738 3212 in
777 3162 934 3213 nobis
985 3160 1156 3213 sai-cii
1211 3158 1356 3212 illius
1399 3160 1738 3212 sanationem
1765 3197 1780 3222 ,
1816 3173 1976 3226 quem
2020 3175 2085 3213 ex

505 3249 754 3305 Samaria
778 3251 1085 3320 suscipiens
1113 3251 1273 3305 Jesus
1315 3250 1493 3304 Maria:
1527 3251 1759 3320 Virginis
1795 3251 1937 3305 [ilius
1965 3251 2088 3305 vino

506 3354 563 3398 vt
617 3346 741 3398 oleo
794 3345 1046 3407 sanavit,
1103 3359 1298 3412 nempe
1379 3343 1598 3413 proprio
1643 3345 1907 3412 sanguine
1949 3347 2090 3398 suis-

501 3452 608 3506 que
656 3437 1118 3491 miseratiooihus.
1180 3435 1330 3490 [inde
1388 3435 1634 3488 nonnulli
1690 3435 1743 3488 in
1810 3436 2087 3488 vasculum

507 3538 636 3581 ante
666 3528 846 3581 oleum
873 3529 1162 3582 infundunt
1184 3543 1394 3580 vinum.
1418 3526 1612 3581 Postea
1647 3526 2008 3595 deprecantur
2034 3537 2091 3579 ut

509 3619 869 3674 benedicatur
894 3619 1100 3683 oleum,
1132 3619 1419 3688 unetisque
1448 3620 1539 3671 liat
1564 3619 1614 3671 in
1641 3617 2000 3681 sanationem,
2035 3617 2088 3669 in

509 3711 888 3766 liberationem
921 3709 988 3763 ab
1012 3710 1159 3763 omni
1187 3709 1410 3774 damno,
1450 3724 1478 3760 a
1512 3709 1703 3762 morbo
1731 3707 1974 3776 corporis
1995 3749 2010 3772 ,
2059 3722 2089 3761 a

503 3800 805 3873 pollutione
831 3803 1014 3854 carnis
1041 3808 1097 3853 et
1149 3799 1397 3868 spiritus,
1427 3813 1637 3852 necnon
1663 3796 1732 3852 ab
1751 3799 1900 3850 omni
1925 3797 2086 3863 malo,

483 3882 714 3946 scilicet
743 3893 812 3946 ab
843 3892 990 3947 omni
1031 3901 1253 3960 peccato
1295 3900 1349 3944 et
1381 3890 1584 3948 malitia
1607 3928 1621 3952 ,
1660 3900 1718 3941 ut
1747 3890 1799 3940 in
1833 3902 1899 3940 eo
1923 3885 2090 3956 glori-

507 3984 700 4038 licetur
731 3998 930 4037 nomen
967 3980 1091 4050 ejus
1125 3980 1220 4049 qui
1278 3988 1363 4036 est
1415 3978 1467 4036 in
1501 3977 1773 4032 'l‘rinitate
1807 3976 1973 4030 Deus.
2005 3973 2090 4030 Fi-

510 4076 638 4130 uilis
663 4074 956 4142 precibul.
986 4071 1350 4141 omnibusque
1379 4070 1683 4140 orationem
1742 4070 2048 4138 prosecutis
2073 4107 2088 4132 ,

510 4167 718 4234 primus
753 4166 956 4220 iterum
985 4179 1052 4219 ex
1083 4161 1464 4217 sacerdotibus
1497 4171 1628 4225 stat,
1663 4170 1719 4214 et
1750 4161 2045 4214 secundam
2071 4197 2088 4221 ,

508 4273 614 4327 qua
649 4258 941 4313 conﬁcitur
991 4262 1443 4316 sacramentum,
1493 4253 1796 4308 orationem
1843 4266 2090 4320 pronun-

509 4352 627 4404 tiat.

2435 496 2574 566 napi
2608 495 2721 566 τῆς
2751 497 3001 564 τελετῆς
3040 497 3146 552 τοῦ
3173 495 3512 566 εὐχελαίου.

2257 614 2592 682 Συνάγονται
2612 615 2794 668 τοίνυν
2811 617 2859 668 οί
2885 613 3047 680 ἑπτὰ,
3069 613 3249 676 καθὼς
3273 614 3373 685 ἔφη
3384 632 3501 685 μεν,
3521 618 3733 685 πρεσϐύ-

2187 722 2361 776 τεροι·
2412 707 2508 759 καὶ
2540 706 2920 775 ἐνδυσαμένων
2955 706 3052 770 τὰς
3104 706 3256 777 ἱερὰς
3298 707 3498 759 τούτων
3541 709 3735 771 στολὰ·,

2187 798 2288 868 τὴν
2321 802 2381 852 ἐν
2414 800 2599 863 αὐτοῖς
2625 799 2934 870 δηλούντων
2966 800 3126 868 χάριν
3152 798 3247 851 τοῦ
3284 798 3628 868 Πνεύματοςυ
3657 800 3739 852 τοῦ

2187 890 2410 961 πρώτου
2437 892 2620 945 αὐτῶν
2660 891 3082 960 εύλογήσσντος,
3126 890 3298 945 τύπον
3338 891 3618 960 ἐπέχοντος
3658 892 3742 943 τοῦ

2189 983 2448 1056 Χριστοῦ,
2478 984 2538 1048 ὃς
2572 985 2786 1053 κεφαλὴ
2817 983 3037 1037 πάντων
3067 984 3207 1046 ἐστὶ,
3253 984 3513 1053 παννυχὶς
3539 983 3744 1050 λέγεται

2187 1078 2436 1141 κανόνος,
2469 1077 2610 1147 ὑπὲρ
2646 1076 2742 1130 τοῦ
2777 1077 3110 1144 ποιουμένου
3145 1076 3204 1129 τὸ
3231 1075 3388 1143 ἅγιον
3430 1076 3618 1130 ἔλαιον.
3648 1077 3748 1128 Καὶ

2192 1173 2329 1242 μετὰ
2378 1172 2436 1225 τὸ
2469 1171 2621 1234 τέλος
2675 1171 2872 1241 ἐκτενὴ
2931 1172 3074 1242 ὑπὲρ
3109 1169 3298 1234 αὑτοῦ,
3349 1171 3440 1223 καὶ
3483 1169 3745 1231 ἀπόλυσις.

2187 1264 2327 1320 Μεθ’
2355 1268 2422 1336 ἦν
2455 1262 2611 1330 οὗτος
2646 1265 3009 1335 προσπίπτων
3039 1264 3180 1332 τρὶς,
3233 1263 3382 1332 παρὰ
3431 1263 3639 1315 πάντων
3672 1263 3744 1341 αἱ.

2187 1360 2360 1412 τεϊται
2393 1358 2747 1430 συγχώρησιν
2771 1359 2852 1420 είς
2876 1353 3217 1425 ἁνακήρυξιν
3239 1356 3340 1423 τῆς
3368 1353 3614 1425 Τριάὸος,
3640 1371 3737 1421 παρ

2187 1444 2254 1522 ἦς
2287 1450 2436 1504 ἆπαν
2471 1449 2705 1524 δώρημα
2729 1450 2959 1514 τέλειον,
2997 1451 3092 1502 καὶ
3121 1450 3202 1511 είς
3232 1447 3526 1517 βεϐαίωσιν
3555 1445 3647 1514 τῆς
3673 1446 3744 1496 διᾶ

2193 1543 2483 1614 μετανοίας
2513 1545 2940 1615 συγχωρήσεως·
2966 1544 3050 1597 ὅτι
3081 1543 3260 1595 πάντα
3286 1541 3318 1609 ἡ
3347 1540 3514 1610 Τριὰς
3545 1539 3734 1610 βεϐαιοῖ

2191 1640 2285 1692 καὶ
2313 1638 2434 1708 τρῖς
2466 1638 2617 1708 παρὰ
2648 1637 2758 1692 τῶν
2790 1637 2984 1706 ἱερέων
3017 1636 3409 1705 συγχωρεῖται.
3443 1629 3572 1686 Εῖτα
3604 1633 3739 1685 πάλιν

2975 1729 3190 1800 ίερέως,
3222 1727 3292 1780 τὰ
3320 1727 3573 1798 εἰρηνικὰ
3615 1727 3726 1792 λὲγε

2189 1841 2305 1878 ται.
2343 1825 2414 1878 Ἀ
2439 1823 2534 1876 ἐπὶ
2566 1823 2714 1894 πάσῃ
2746 1823 3079 1892 ἐκφωνεῖται
3101 1820 3315 1890 τελετῇ,
3357 1821 3431 1882 ὡς
3458 1819 3740 1889 περιέχοντ;

2191 1915 2394 1979 πάντα,
2432 1915 2573 1984 ὑπὲρ
2629 1907 2705 1968 ὧν
2750 1913 2832 1966 δεῖ
2890 1911 3323 1982 προσεύχεσθαι,
3359 1910 3456 1963 καὶ
3481 1908 3645 1975 αὐτῆς
3671 1908 3726 1973 τί

2189 2008 2597 2079 ἐνεργουμένης
2631 2006 2861 2076 τελετῆς
2893 2005 3245 2076 μεμνημένα,
3293 2005 3393 2058 καὶ
3427 2002 3523 2073 τὴν
3555 2003 3743 2073 εἰρήνη-

2189 2102 2284 2155 τοῦ
2322 2101 2462 2154 Θεοῦ
2491 2101 2857 2171 ἐξαιτούμενα
2889 2099 2983 2153 καὶ
3018 2099 3108 2152 τὸν
3144 2098 3315 2153 ἔλεον.
3373 2099 3482 2151 Καὶ
3511 2099 3641 2167 μετὰ
3671 2095 3747 2165 τὴι

2191 2195 2506 2265 ἐκφώνησιν
2528 2196 2625 2249 καὶ
2652 2192 2966 2262 δοξολογίαν
2988 2191 3084 2247 τοῦ
3116 2191 3437 2263 ἐλεήμονος,
3464 2191 3752 2261 ῳοπαρῖων

2188 2290 2358 2343 τινῶν
2389 2290 2467 2352 είς
2497 2288 2635 2341 Θεοῦ
2665 2287 2977 2357 λεγομένων
3030 2285 3265 2347 ίλέωσιν,
3310 2285 3466 2356 παρὰ
3495 2284 3584 2353 τοῦ
3617 2281 3754 2352 apib-

2188 2398 2283 2434 του
2306 2381 2416 2435 τῶν
2453 2379 2848 2449 πρεσϐυτέρων
2885 2377 2981 2431 καὶ
3036 2377 3146 2431 τῶν
3192 2376 3404 2430 λοιπῶν
3453 2374 3697 2448 καθεξῆς,
3727 2373 3755 2442 ἠ

2187 2473 2284 2526 τοῦ
2317 2473 2501 2526 ἐλαίου
2541 2472 2674 2541 εὐχὴ
2711 2470 3051 2537 ἐπιλέγεται’
3106 2470 3203 2523 καὶ
3254 2469 3442 2522 ἔλαιον
3490 2471 3545 2522 ἐν
3593 2483 3752 2536 φωτα-

2187 2565 2356 2637 γωγῷ
2390 2565 2769 2629 ἐπιϐάλλεται,
2824 2565 2856 2635 ἢ
2913 2565 2973 2616 ἐν
3007 2564 3192 2616 σκεύει
3228 2562 3382 2634 ἄλλῳ
3431 2561 3557 2617 τινί.
3605 2561 3680 2612 Ἐν
3719 2551 3756 2625 ᾧ

2187 2660 2282 2713 καὶ
2315 2659 2456 2712 ἑπτὰ
2481 2659 2783 2713 ἀνάπτεται
2810 2658 2986 2726 φῶτα,
3010 2656 3133 2709 κατ’
3152 2655 3395 2726 ἀριθμὸν
3424 2653 3530 2706 τῶν
3556 2652 3749 2719 ἱερέων.
3802 2682 3804 2684 -

2189 2755 2283 2807 καὶ
2316 2756 2395 2818 είς
2428 2754 2600 2807 τύπον
2634 2752 2744 2804 τῶν
2773 2751 3136 2822 χαρισμάτων
3169 2749 3262 2803 τοῦ
3300 2748 3638 2817 Πνεύματος·
3669 2747 3754 2798 καὶ

2187 2850 2271 2901 ὅτι
2300 2848 2375 2909 ὤς
2405 2846 2597 2916 λυχνία
2630 2845 2749 2902 θεία
2806 2845 2896 2898 διὰ
2945 2845 3040 2897 τοῦ
3098 2845 3254 2910 ἁγίου
3305 2843 3492 2896 ἐλαίου
3535 2842 3746 2908 γίνεται·

2189 2943 2284 2994 καὶ
2307 2938 2382 3002 ὡς
2415 2939 2794 3008 ὁλοκάρπωσις
2832 2936 2926 2989 καὶ
2980 2937 3144 2989 θυσία
3195 2935 3423 3004 καθαρὰ
3477 2930 3593 3001 Θεῷ
3640 2932 3755 2982 ἄνια

2068 3023 2156 3122 ἐς
2190 3035 2438 3103 φέρεται,
2470 3033 2556 3087 ἶνα
2605 3031 2869 3100 τύχοιμεν
2924 3029 3112 3122 ἐλέους
3149 3027 3353 3122 αύτοῦ·
3411 3027 3511 3122 και
3548 3023 3754 3122 ἠῃεὺχῆ

2194 3126 2350 3178 τ·.ῦτ6
2405 3141 2564 3194 φησι,
2608 3123 2836 3191 οΚύριε,
2865 3123 2892 3175 δ
2917 3122 2976 3174 ἐν
3010 3120 3088 3191 τῷ
3119 3121 3258 3173 ἐλέει
3290 3123 3395 3174 καὶ
3432 3121 3542 3181 τοῖς
3571 3118 3754 3185 οίκτιρο

2199 3222 2318 3290 μοῖς
2353 3234 2446 3270 σου
2479 3218 2712 3286 ἰώμενος
2750 3215 2820 3268 τὰ
2855 3215 3250 3285 συντρίμματα
3289 3214 3480 3285 ἡμῶν.
3523 3232 3540 3265 ι
3571 3211 3754 3278 ’Υπεμ-

2195 3312 2378 3379 φαίνει
2435 3311 2544 3380 γὰρ
2599 3310 2697 3363 καὶ
2752 3309 2810 3360 ἐν
2870 3308 3002 3376 ἡμῖν
3048 3305 3147 3376 τὴν
3178 3305 3272 3358 τοῦ
3325 3304 3755 3374 μωλωπισθένῖος

2194 3405 2407 3456 ἐκείνου
2436 3403 2604 3465 ἴασιν,
2621 3401 2680 3453 ὃν
2699 3403 2763 3454 ἐκ
2793 3399 3113 3469 Σαμαρείας
3137 3398 3549 3466 ἀναλαϐόμενος
3572 3396 3758 3460 Ἰηςοίς

2195 3500 2224 3548 ὁ
2260 3497 2368 3548 ἀπὸ
2395 3496 2493 3564 τῆς
2529 3496 2750 3565 Μαρίας
2781 3492 3088 3563 Παρθένου,
3120 3492 3248 3560 οῐνῳ
3279 3493 3387 3544 καὶ
3425 3488 3586 3558 ἐλαίῳ
3614 3485 3755 3540 αὐτὸν

2197 3588 2538 3658 ἐθεράπευσε
2592 3585 2672 3656 τῷ
2717 3587 2911 3655 αἵματι
2945 3583 3139 3637 ἑαυτοῦ
3171 3584 3265 3635 καλ⁵
3304 3585 3423 3645 τοῖς
3454 3579 3755 3648 οἰκτιρμοίς.

2198 3681 2361 3735 Ὅθεν
2415 3681 2511 3734 καὶ
2567 3681 2625 3732 ἐν
2676 3677 2754 3748 τῷ
2789 3678 2978 3732 σκεύει
3012 3676 3120 3748 πρὸ
3147 3675 3243 3729 τοῦ
3290 3675 3480 3729 ἐλαίου
3511 3675 3600 3728 καὶ
3627 3667 3753 3723 οἶνῦν

2196 3791 2340 3838 τινες
2374 3773 2750 3827 ἐπιϐάλλουσι.
2807 3771 2919 3825 Καὶ
2966 3767 3264 3840 ἐπεύχεται
3310 3764 3672 3837 εὐλογηθῆναι
3703 3761 3754 3813 τδ

2197 3871 2394 3933 ἔλαιον,
2431 3867 2574 3920 ὥστε
2633 3865 2890 3935 γενέσθαι
2940 3865 3053 3928 τοῖς
3101 3863 3420 3934 χριομένοις
3476 3863 3553 3924 εἰς
3613 3859 3752 3926 θερι-

2197 3962 2380 4025 πείαν,
2441 3962 2521 4023 είς
2571 3959 2778 4022 πάθους
2837 3958 3041 4020 παντὸς
3071 3955 3419 4024 ἀπαλλαγὴν,
3476 3955 3562 4007 καὶ
3613 3951 3756 4003 νόσων

2198 4055 2474 4124 σώματος,
2510 4053 2606 4105 καὶ
2632 4046 2918 4121 μολυσμοῦ
2953 4048 3156 4118 σαρκός
3191 4064 3252 4100 τε
3293 4048 3390 4101 καὶ
3427 4043 3754 4113 Πνεύματος.

2199 4153 2292 4204 καί
2330 4161 2532 4206 πλντος
2557 4141 2754 4205 κακοῦ,
2783 4142 2905 4212 ἦτοι
2943 4142 3122 4209 πάσης
3151 4138 3434 4208 ἁμαρτίας
3464 4135 3560 4189 καὶ
3603 4147 3746 4194 mur

2201 4247 2342 4314 ρίας,
2375 4243 2462 4295 ίνα
2507 4239 2602 4292 καὶ
2651 4235 2740 4290 ἐπ’
2796 4232 2947 4304 αύτῷ
2993 4231 3229 4301 δοξασθῇ
3281 4229 3451 4282 αὑτοῦ
3501 4229 3558 4280 τὸ
3600 4225 3754 4314 ὄνομα

2197 4312 2292 4389 τοῦ
2332 4337 2390 4386 ἐν
2424 4329 2614 4401 τριάδι
2640 4325 2800 4381 Θεοῦ.
2839 4325 2948 4378 Καὶ
2980 4324 3091 4377 τῶν
3131 4321 3453 4392 τροπαρίων
3491 4312 3753 4372 τελεσθέν-

507 4453 640 4499 των,
682 4436 780 4488 καὶ⁵
832 4434 1051 4488 πάντων
1108 4431 1411 4503 εἰρηκότων
1461 4433 1565 4502 τὴν
1612 4431 1798 4502 εὐχὴν,
1846 4430 2011 4485 πάλιν
2045 4429 2074 4485 ὁ
2114 4430 2332 4503 πρῶτος
2365 4426 2473 4481 τῶν
2528 4423 2721 4496 ἱερέων
2782 4419 3020 4484 ἵσταται,
3079 4414 3173 4469 καὶ
3211 4413 3316 4485 τὴν
3361 4411 3622 4481 δευτέραν
3678 4413 3754 4459 13'

511 4531 764 4601 ὶεστικὴν
800 4531 966 4601 εὐχὴν
1003 4528 1272 4597 ἐπιλέγει.

996 4643 1224 4700 CAPUT
1276 4639 1658 4696 CCLXXXIX.

510 4762 685 4828 Quare
713 4763 767 4816 in
804 4761 1042 4818 omnibus
1070 4757 1417 4813 sacramentis
1448 4754 1685 4824 duplices
1721 4753 2077 4806 adhibeantur

1208 4843 1406 4897 preces.

588 4953 719 5006 Duae
746 4947 892 5004 enim
924 4945 1012 5000 hic
1044 4953 1171 4998 sunt
1209 4941 1485 4995 orationes
1525 4947 1926 4994 sacramentum
1959 4948 2090 4993 con-

511 5045 781 5104 ﬁcientes,
815 5034 1273 5109 quemadmodum
1311 5033 1363 5086 in
1413 5030 1666 5085 omnibus
1698 5029 1992 5100 mysteriis,
2035 5037 2090 5084 et

421 5162 450 5204 νς
512 5135 743 5205 duplicis
767 5142 974 5186 natura:
997 5127 1178 5182 Jcsum
1214 5123 1544 5194 signiﬁcant.
1569 5122 1660 5192 qui
1697 5136 1822 5176 cum
1873 5123 2088 5175 incom-

512 5221 894 5296 prehensibilis
941 5226 1088 5273 esset
1140 5225 1193 5270 et
1241 5216 1599 5282 incorporeus
1642 5226 1706 5265 ac
1749 5209 2078 5274 inell‘abilis,

431 5288 452 5318 ’ί
512 5288 710 5384 corpus
731 5323 952 5383 propter
979 5324 1080 5362 nos
1110 5305 1342 5375 accepit,
1370 5313 1423 5357 et
1453 5300 1961 5372 comprehensibilis
1982 5309 2082 5368 ap-

515 5409 715 5481 paruit,
748 5413 912 5474 utque
962 5405 1102 5456 inter
1135 5398 1389 5453 homines
1419 5405 1769 5449 conversatus
1803 5403 1908 5457 est,
1935 5400 2082 5461 ‘per-

517 5513 741 5556 manens
779 5494 920 5548 Deus
951 5489 1344 5553 immutabilis,
1390 5495 1446 5539 ut
1491 5501 1592 5538 nos
1643 5483 1843 5554 duplici
1875 5483 2085 5536 ratione

514 5597 773 5653 sanaret,
830 5599 1022 5650 nempe
1075 5579 1374 5634 secundum
1411 5576 1682 5634 invisibile
1709 5584 1792 5646 _et
1849 5573 2081 5636 visibilc,

519 5688 752 5742 animum
787 5679 910 5733 dico
941 5688 992 5729 ct
1017 5685 1237 5741 Corpus.

2118 4621 2169 4680 D

2749 4625 3001 4681 ΚΕΦΑΛ.
3036 4620 3204 4675 ΣΠΘ¹.

2260 4750 2426 4805 Διατί
2453 4741 2643 4799 διτταὶ
2678 4737 2854 4810 εὐχαί
2881 4737 2949 4790 ἐν
2981 4733 3132 4791 πᾶσι
3169 4731 3293 4800 τοῖς
3317 4731 3697 4801 μυστηρίοις.

2263 4930 2369 4983 Δύο
2400 4926 2511 4996 γὰρ
2555 4922 2650 4977 καὶ
2710 4918 2944 4974 ἐνταῦθα
2990 4916 3148 4987 εὐχαί
3191 4917 3296 4967 εἶσι
3339 4910 3650 4965 τελεστικαὶ
3686 4907 3755 4966 ὡς

2188 5025 2284 5080 καὶ
2318 5022 2377 5075 ἐν
2417 5019 2551 5072 πᾶσι
2583 5017 2693 5077 τοῖς
2728 5009 3073 5081 μυστηρίοις,
3107 5009 3198 5061 καὶ
3227 5007 3317 5060 τὸν
3366 5003 3532 5072 διφυῆ
3565 4997 3754 5069 σημαί-

2188 5131 2373 5169 νουσιν
2422 5105 2656 5181 Ἰησοῦν.
2688 5108 2784 5167 Ὃς
2829 5104 3069 5172 ἄληπτος
3103 5100 3199 5165 ὢν,
3249 5095 3542 5167 ἂσώματός
3567 5109 3624 5144 τε
3666 5088 3752 5143 καὶ

2186 5207 2485 5275 ἄφραστος,
2516 5199 2612 5253 καὶ
2648 5199 2806 5267 σῶμα
2837 5195 2988 5247 ἔλαϐε
3018 5193 3178 5262 203
3212 5191 3279 5245 δι’
3305 5191 3473 5259 ἡμᾶς,
3494 5185 3587 5239 καὶ
3609 5197 3752 5250 περι-

2187 5297 2388 5366 ληπτδς
2439 5290 2620 5360 ὤφθη,
2667 5289 2762 5341 καὶ
2795 5290 2907 5350 τοῖς
2943 5286 3254 5356 ἀνθρώποις
3304 5277 3748 5344 συνανεστράφη,

2192 5390 2369 5457 μένων
2396 5380 2779 5443 ἀναλλοιώτως
2808 5379 2962 5444 Θεὸς,
2990 5379 3076 5430 ἴνα
3097 5377 3189 5428 καὶ
3215 5375 3357 5446 ἡμᾶς
3384 5369 3585 5430 διπλῶς
3615 5367 3746 5457 κατά

2189 5455 2249 5532 τε
2279 5478 2337 5530 τὺ
2362 5477 2596 5544 ἀόρατον
2626 5473 2719 5525 καὶ
2750 5473 2944 5543 ὁρατὸν
2991 5469 3215 5539 ἁγι-ἀσῃο
3270 5464 3370 5534 τῆν
3408 5459 3581 5531 ψυχὴν
3612 5455 3745 5522 λέγω

2192 5571 2289 5622 καὶ
2314 5569 2370 5622 τὸ
2407 5569 2586 5638 σῶμα.
3013 5547 3019 5553 ’
