4034 6192
335 298 430 358 εις»

907 400 1155 461 usam.
1212 405 1323 474 εις.

344 518 464 576 Ὀτι
494 518 685 576 διπλᾶ
718 522 789 592 τὰ
812 520 1122 592 μυστήρια
1149 521 1218 586 ἐξ
1246 521 1403 587 ὕλης
1436 524 1533 575 καὶ
1566 523 1910 592 πνεύματος

738 591 817 644 δι’
839 590 998 662 ἡμᾶς
1027 592 1286 658 διπλοῦς
1316 592 1516 659 ὄντας.
1722 590 1731 592 ⁷
1764 632 1769 635 -

403 684 513 739 Καὶ
543 684 612 738 τὰ
665 685 947 754 μυστήρια
990 684 1190 738 δέδωκε
1219 683 1405 744 διπλᾶ,
1447 682 1622 754 ὁρατὰ
1654 683 1754 754 μὲν
1782 682 1913 737 ὄντα

336 780 427 834 καὶ
454 780 521 833 ὲκ
554 778 835 846 στοιχείων
873 776 959 830 διὰ
993 776 1055 830 τὸ
1096 776 1256 848 σῶμα
1306 777 1485 849 ἡμῶν,
1527 779 1694 848 νοητὰ
1727 779 1784 833 δὲ
1816 781 1912 833 καὶ

340 871 577 942 μυστικὰ
603 870 699 924 καὶ
729 871 913 943 πλήρη
945 869 1165 941 χάριτος
1199 872 1434 941 ἀοράτου
1476 870 1565 925 διὰ
1595 873 1657 926 τὸ
1690 872 1912 941 πνεῦμα

335 963 525 1035 ἡμῶν·
558 964 643 1017 ὅτι
664 965 779 1026 τοῖς
808 964 1132 1033 μυστηρίοις
1157 963 1394 1027 τούτοις,
1439 968 1533 1018 καὶ
1569 963 1791 1032 σώμασι
1821 964 1914 1016 καὶ

335 1058 536 1128 ψυχαῖς
584 1056 1071 1126 ἀνακαθαιρόμεθᾶ
1122 1073 1203 1111 τε,
1231 1058 1325 1113 καὶ
1370 1057 1757 1127 φωτιζόμεθα,
1820 1059 1914 1109 καὶ

340 1149 535 1212 ἰάσεως
558 1147 676 1218 ἅμα
712 1148 1013 1218 μετέχομεν
1044 1149 1138 1203 xal
1170 1149 1473 1220 άγιασμοῦ.
1505 1149 1596 1203 Διὸ
1624 1149 1719 1203 καὶ
1751 1149 1825 1213 ὡς
1856 1151 1914 1202 ὲν

336 1242 411 1311 τῷ
458 1242 604 1314 ἁγίῳ
634 1242 973 1312 βαπτίσματι
1020 1242 1103 1313 τῷ
1158 1243 1417 1315 ἁγιασμῷ
1465 1242 1561 1298 τοῦ
1598 1242 1790 1308 ὓδατος
1820 1245 1917 1297 καὶ

334 1336 409 1406 τῷ
439 1335 603 1407 μύρῳ
630 1336 809 1391 διτταὶ
839 1336 1017 1406 εὐχαὶ,
1048 1340 1142 1390 καὶ
1176 1339 1234 1391 ἐν
1257 1340 1375 1401 ταῖς
1410 1337 1767 1408 χειροτονίαις
1799 1337 1914 1391 6:1:-

334 1429 447 1495 ταὶ,
470 1428 569 1482 καὶ
596 1430 656 1483 ὲν
682 1428 762 1499 τῷ
801 1428 1083 1500 μοναχικῷ
1129 1430 1373 1501 σχήματι
1409 1430 1465 1484 al
1496 1431 1714 1501 πρῶται
1764 1431 1916 1484 τελε-

337 1523 525 1577 στικαὶ
551 1521 750 1587 διτταὶ,
791 1522 935 1577 οῦτω
964 1523 1029 1592 δὴ
1075 1524 1170 1576 καὶ
1201 1525 1257 1577 ὲν
1286 1524 1365 1594 τῷ
1414 1524 1557 1595 ἁγίῳ
1591 1524 1781 1593 ἐλαίῳ,
1820 1526 1918 1579 καὶ

1596 290 1695 353 DE
1737 296 1799 358 S.
1842 284 2293 357 EUCHELIEO.

1939 434 1987 493 Α

3476 280 3541 357 si

3557 296 3592 356 ﬁ

2584 403 2813 461 CAPUT
2850 403 3048 464 CCXC.

2015 523 2366 579 Sacramenta
2394 539 2458 578 ex
2485 524 2680 589 duplici
2712 539 2767 579 re
2783 535 3045 581 constare.
3077 524 3343 578 materiali
3366 539 3412 578 et
3436 527 3597 593 spirio

2072 596 2189 661 tali,
2212 595 2459 665 quoniam
2493 604 2542 649 et
2571 610 2661 648 nos
2689 610 2753 648 ea:
2774 594 2977 663 duplici
3005 594 3302 648 substantia
3331 612 3535 650 sumus.

2090 686 2190 753 Qui
2222 692 2443 757 insuper
2465 686 2697 757 duplicia
2719 686 2871 742 dedit
2901 687 3183 757 mysteria,
3208 687 3445 744 visiliilia
3470 690 3595 759 qui-
3636 741 3643 747 .

2016 776 2140 832 dem
2171 791 2235 832 ex
2282 777 2572 833 elementis
2609 776 2919 833 constantia
2975 788 3201 848 propter
3250 792 3449 848 corpus
3499 795 3598 834 no-

2017 880 2219 934 atrum,
2258 867 2522 940 spiritalia
2556 878 2739 924 autem
2772 877 2829 923 et
2858 870 3082 940 mystica
3122 878 3285 939 atque
3309 871 3599 927 invisibilis

2019 961 2209 1030 gratia“:
2246 960 2403 1032 plena
2452 968 2675 1030 pr0pter
2714 960 2957 1015 animam
3017 970 3285 1027 nostram,
3336 965 3594 1032 quoniam

2020 1050 2106 1105 his
2137 1050 2428 1118 mysteriis,
2457 1058 2513 1107 et
2562 1065 2792 1121 corpore
2818 1060 2875 1106 et
2918 1052 3117 1121 spiritu
3148 1053 3483 1109 mundamur
3512 1065 3598 1109 at-

2018 1160 2125 1215 que
2146 1144 2538 1211 illutninamur,
2563 1143 2833 1215 simulque
2860 1146 3164 1203 sanationis
3200 1158 3252 1202 et.
3277 1148 3559 1203 sanctiﬁca
3578 1178 3591 1192 -

2020 1237 2188 1292 tionis
2226 1236 2386 1292 ﬁmus
2410 1237 2722 1308 participes.
2756 1236 3102 1309 Quapmpter
3133 1240 3274 1294 sicut
3323 1241 3375 1294 iu
3405 1241 3595 1297 divino

2020 1326 2344 1398 baptismate
2360 1330 2427 1384 ad
2460 1330 2907 1386 sanctiﬁcandum
2932 1347 3123 1402 aquam
3159 1344 3217 1389 et
3256 1345 3596 1403 unguentum

2021 1420 2145 1476 dum
2181 1428 2309 1475 sunt
2333 1421 2612 1476 orationes
2640 1461 2655 1485 ,
2710 1420 2833 1476 duae
2884 1421 2938 1475 in
2966 1423 3442 1490 ordinationibus,
3482 1429 3602 1482 dua:

2022 1513 2187 1568 etiam
2219 1512 2547 1583 principales
2576 1513 2632 1568 in
2681 1513 3015 1569 conferendo
3055 1516 3242 1571 habitu
3272 1520 3595 1586 monasticis,

334 1614 434 1683 τῆς
470 1613 696 1683 πρώτης
728 1615 989 1686 ρηθείσης
1026 1614 1174 1686 παρὰ
1209 1615 1450 1680 πάντων,
1488 1616 1586 1670 καὶ
1616 1618 1915 1689 σφραγῖδος

2037 1619 2097 1663 λιιι
2154 1617 2209 1662 et
2258 1606 2311 1662 in
2341 1614 2529 1663 sancto
2553 1608 2696 1675 oleo;
2730 1615 2786 1662 et
2812 1608 2989 1676 priore
3021 1610 3162 1664 dicta
3197 1612 3267 1667 ab
3306 1615 3599 1677 omnibus.

339 1707 578 1781 σταυροῦ
624 1709 777 1773 θείας
822 1708 1193 1780 τελεσθείσης,
1251 1710 1284 1781 ἡ
1331 1711 1560 1782 δευτέρα
1610 1711 1764 1782 παρὰ
1816 1710 1912 1764 τοῦ

2037 1700 2277 1768 Factaque
2311 1698 2505 1753 divina‘
2534 1699 2717 1754 crucis
2756 1699 2947 1770 signo,
2978 1701 3251 1771 posterior
3283 1704 3394 1758 ﬁta
3428 1704 3605 1782 primo

335 1780 560 1873 πρώτου
589 1801 699 1854 τῶν
739 1802 930 1873 ἱερέων
973 1803 1202 1869 γίνεται,
1240 1780 1300 1855 ὲν
1343 1804 1419 1873 τῷ
1468 1780 1791 1874 σφραγίζειν
1820 1804 1920 1857 αὐ-

2037 1790 2327 1857 sacerdote,
2354 1791 2594 1861 quicum
2624 1790 2841 1861 signat,
2878 1807 3070 1849 omnes
3111 1794 3275 1850 simul
3312 1780 3601 1851 oleum‘si-

335 1893 452 1956 τὸν,
491 1891 902 1962 σφραγιζόντων
946 1892 1082 1962 ὁμοῦ
1124 1894 1218 1947 καὶ
1256 1894 1478 1947 πάντων
1531 1895 1597 1949 τὸ
1647 1894 1847 1959 ἔλαιον,
1882 1895 1917 1966 ἡ

337 1984 435 2038 καὶ
461 1983 608 2038 οὕτω
641 1983 803 2055 φησίν
826 2000 840 2015 ·
879 1968 898 2037 ι
938 1984 1196 2056 Ἀναρχε,
1233 1986 1502 2057 άδιάδοχε,
1539 1986 1662 2055 ἆγιε
1681 1987 1913 2055 ἁγίων.»

336 2074 673 2144 Θαυμαστὸν
697 2075 758 2128 τὸ
787 2074 1092 2145 προοίμιον.
1147 2094 1167 2128 ι
1218 2077 1291 2130 Σὺ
1323 2078 1351 2130 ὀ
1397 2078 1651 2147 άπαρχῆς
1681 2079 1776 2131 καὶ
1831 2080 1923 2131 ἀεὶ

337 2167 616 2235 ιλεήμων,
648 2166 743 2219 καὶ
779 2167 925 2236 ὀσμὴ
956 2166 1209 2239 διαδοχὴν
1238 2167 1402 2240 ἔχων.
1443 2169 1502 2223 Ὀ
1534 2170 1697 2232 αὐτὸς
1728 2170 1837 2240 γὰρ
1872 2166 1924 2222 εἷ

342 2260 442 2311 σὺν
476 2258 558 2327 τῷ
584 2258 700 2329 Υίῷ
731 2275 828 2312 σου
856 2259 949 2312 καὶ
978 2260 1282 2330 Πνεύματι,
1307 2262 1393 2314 ἀεὶ
1418 2262 1605 2330 Πατὴρ
1631 2261 1924 2316 ἀναλλοίω-

341 2365 457 2415 τος,
494 2351 593 2403 καὶ
643 2350 801 2417 ἆγιος
834 2350 943 2404 τῶν
986 2350 1183 2419 ἁγίων,
1226 2352 1473 2405 τουτέστι
1532 2353 1691 2421 μόνος
1746 2352 1923 2421 ἅγιος,

338 2441 435 2496 καὶ
461 2440 576 2495 τῶν
601 2426 980 2513 ἁγιαζομένων
1012 2442 1311 2512 ἁγιασμὸς,
1333 2444 1494 2513 ἡμεῖς
1519 2443 1574 2496 δὲ
1611 2443 1928 2515 ἁμαρτωλοὶ

339 2533 435 2585 καὶ
474 2531 709 2603 πλήρεις
738 2533 940 2595 παντὸς
974 2531 1177 2604 ῥύπου,
1221 2534 1316 2587 καὶ
1368 2536 1445 2597 ὡς
1496 2533 1795 2605 ἀρξάμενοι
1829 2535 1925 2588 άλ-

342 2624 679 2693 λοιούμενοι.
705 2624 799 2677 Διὸ
826 2624 890 2678 σὺ
916 2626 945 2678 ὁ
970 2625 1356 2692 ἐξαποστείλας
1384 2626 1441 2679 ὲν
1474 2626 1608 2678 ἐλέει
1644 2627 1736 2681 τὸν
1771 2644 1927 2696 μονο-

341 2716 481 2787 γενῆ
526 2733 623 2771 σου
654 2716 808 2782 Υἱδν,
847 2717 1078 2786 ίώμενον
1107 2719 1288 2778 πάσας
1332 2720 1429 2781 τὰς
1477 2718 1666 2781 νόσους
1716 2719 1812 2772 καὶ
1859 2718 1928 2772 τὰ

344 2808 502 2878 πάθη
545 2808 722 2878 ἡμῶν,
783 2808 1167 2873 ἔξαπόστειλον
1209 2810 1269 2861 τὸ
1317 2809 1472 2877 ἅγιόν
1539 2826 1632 2862 σου
1682 2808 1925 2878 Πνεῦμα,

345 2904 442 2958 καὶ
472 2903 706 2971 ἁγίασον
737 2904 797 2956 τὸ
825 2904 1005 2956 ἔλαιον
1038 2904 1216 2958 τοῦτο.
1259 2923 1277 2956 ι
1320 2905 1430 2958 Kal
1455 2904 1615 2968 εὐθὺς
1638 2903 1930 2976 σφραγίζει

342 2997 487 3050 αὐτὸ
551 2995 579 3048 ὅ
633 3011 692 3047 τε
746 2996 961 3065 πρῶτος
1010 2996 1215 3064 ἱερεὺς,
1247 2995 1340 3048 καὶ
1373 2993 1489 3065 ἅμα
1549 2998 1786 3055 πάντεςο
1837 3000 1931 3050 καὶ

346 3088 572 3155 ἐπάγει,
616 3104 636 3138 ι
679 3084 911 3157 Ποίησον
940 3085 1073 3140 αὐτὸ
1101 3086 1353 3156 γενέσθαι
1386 3086 1658 3157 χρωμένῳ
1685 3087 1822 3156 τῷδε
1854 3089 1929 3158 τῷ

345 3179 527 3249 δούλῳ
584 3195 680 3231 σου
718 3181 824 3241 δείς
881 3179 1095 3233 τελείαν
1151 3178 1533 3249 ἀπολύτρωσιν
1590 3180 1699 3233 τῶν
1757 3180 1928 3234 αὐτοῦ

347 3271 867 3343 πλημμελημάτων.
903 3290 921 3322 ι
957 3271 1208 3339 Μεγίστη
1259 3270 1429 3331 ὅντως
1474 3272 1505 3342 ἡ
1539 3271 1739 3340 δωρεά.
1777 3289 1795 3323 ι
1836 3273 1929 3337 Ei;

349 3363 635 3432 ἀγιασμδν
675 3363 852 3432 ψυχῆς
885 3364 979 3416 xal
1012 3362 1287 3434 σώματος.
1334 3381 1351 3415 ι
1400 3363 1533 3418 ’ἰδοῦ
1564 3365 1661 3418 καὶ
1704 3365 1935 3437 δευτέρα

352 3459 594 3527 μεγίστη
644 3458 825 3526 χάρις.
881 3474 899 3507 ι
950 3448 1044 3520 Εἰς
1092 3455 1642 3527 βασιλείαςνούρανῶν
1672 3458 1934 3529 κληρονο-

353 3549 508 3617 μίαν.
552 3564 571 3598 ι
616 3548 749 3601 Ἰδοὺ
800 3548 896 3600 xal
944 3547 1006 3600 τὸ
1052 3548 1257 3602 τέλειον
1301 3548 1555 3619 δώρημα,
1607 3550 1640 3619 ἡ
1690 3548 1936 3620 σωτηρία

350 3633 541 3703 ἡμῶν,
598 3634 692 3686 καὶ
732 3632 766 3702 ἡ
820 3634 1159 3703 κληρονομία
1195 3634 1298 3703 τῆς
1348 3635 1443 3689 τοῦ
1487 3637 1623 3690 Θεοῦ
1661 3637 1938 3707 βασιλείας

350 3723 445 3775 καὶ
476 3720 665 3790 δόξης.
693 3722 800 3773 Kal
827 3720 986 3775 τοῦτο
1020 3723 1185 3777 πόθεν
1227 3726 1360 3795 ἡμῖν
1384 3725 1445 3779 τὸ
1477 3726 1680 3795 ἀγαθόν
1708 3745 1722 3792 ;
1762 3746 1779 3779 ι
1813 3728 1937 3782 ’Ότι

351 3812 488 3877 Θεὸς
546 3812 733 3875 ἐλέους
783 3812 874 3865 καὶ
917 3812 1326 3885 φιλανθρωπίας
1376 3816 1668 3887 ὑπάρχεις,
1703 3834 1722 3869 ι
1782 3819 1937 3887 φησί.

355 3907 470 3959 Kal
518 3904 793 3971 δοξολογεϊ
824 3904 1016 3958 τοῦτον
1042 3904 1325 3975 ὲκφώνως,
1356 3907 1449 3960 τὸν
1489 3909 1705 3979 Πατέρα
1735 3912 1833 3964 σῦν
1863 3911 1940 3981 τῷ

355 3997 475 4067 Υίῷ
503 3998 602 4053 καὶ
639 3996 716 4066 τῷ
753 3996 1055 4066 Πνεύματι.
1090 3997 1200 4051 Kal
1245 3996 1419 4062 οὕτως
1452 3999 1552 4069 ἤδη
1606 4000 1942 4075 ἡγιασμένον

355 4092 478 4147 ἐστὶ
533 4092 595 4145 τὸ
649 4090 851 4158 ἔλαιον,
911 4092 1008 4143 καὶ
1065 4090 1295 4161 δύναμιν
1348 4092 1571 4146 πλουτεῖ
1626 4094 1798 4160 θείαν,
1848 4095 1942 4149 καὶ

352 4182 547 4236 πάντα
595 4182 824 4250 παρέχει
879 4179 948 4233 τὰ
1002 4179 1102 4250 τῆς
1153 4182 1321 4253 εὐχῆς
1365 4185 1481 4248 τοῖς
1516 4185 1655 4254 μετὰ
1706 4186 1944 4250 πίστεως

354 4275 702 4346 χρωμένοις.
735 4272 818 4327 Τὰ
855 4274 964 4344 γὰρ
1015 4275 1116 4344 τῆς
1150 4274 1319 4345 εὐχῆς
1370 4276 1570 4347 ἐνεργὰ
1623 4277 1804 4333 πάντα
1855 4278 1946 4352 ρἡ

1961 3144 2005 3205 C

2022 1891 2211 1954 gnant,
2234 1893 2289 1939 et
2311 1884 2391 1941 sic
2408 1884 2523 1940 ait:
2549 1902 2567 1935 ι
2598 1884 2642 1941 Ο
2666 1898 2723 1940 ιιι
2752 1886 2841 1941 cui
2872 1902 2970 1943 inec
3000 1887 3217 1945 initium
3236 1898 3318 1944 est
3345 1907 3521 1961 neque
3543 1893 3603 1947 ιι.

2022 1980 2109 2032 nis
2125 1976 2251 2042 erit,
2273 1985 2459 2033 sancte
2478 1986 2791 2034 sanctorum
2814 1995 2863 2044 ς»
2888 1979 3209 2038 admirabile
3234 1983 3562 2054 principium
3586 1986 3599 2040 !

2030 2086 2049 2121 ι
2080 2079 2136 2124 ιιι
2165 2070 2257 2139 qui
2294 2070 2363 2126 ab
2392 2070 2549 2125 initio
2590 2080 2646 2125 et
2670 2086 2887 2142 semper
2911 2087 2974 2128 es
3000 2075 3336 2138 misericors,
3362 2078 3449 2146 qui
3484 2093 3607 2133 suc-

2024 2174 2299 2213 cessorem
2332 2175 2442 2215 non
2471 2159 2668 2225 habes,
2700 2176 2825 2215 nam
2876 2163 3018 2217 idem
3072 2179 3132 2220 es
3169 2181 3292 2221 cum
3347 2164 3484 2223 Filio
3516 2178 3608 2223 tuo

2026 2260 2081 2305 et
2138 2251 2365 2322 Spiritu,
2397 2267 2618 2324 semper
2664 2252 2829 2310 Pater
2872 2253 3245 2325 immutabilis,
3283 2267 3340 2314 et
3374 2260 3608 2317 Sanctus

2027 2353 2367 2410 sanctorum,
2394 2345 2456 2411 id
2492 2353 2599 2411 est,
2626 2346 2776 2402 solus
2796 2357 3042 2414 sanctus,
3068 2359 3121 2405 et
3143 2351 3606 2408 sanctiticatorum

2028 2434 2395 2493 sanctiﬁcatio
2420 2478 2436 2504 ,
2476 2454 2576 2495 nos
2607 2450 2786 2495 autem
2822 2451 3139 2512 peccatores
3166 2452 3222 2497 et
3256 2445 3401 2513 pleni
3433 2449 3610 2499 OtllniS

2032 2528 2329 2597 spurcitiae,
2358 2539 2412 2584 et
2439 2532 2564 2601 quia
2591 2531 2805 2587 initium
2857 2531 3124 2589 habemus
3170 2534 3453 2591 instabiles
3493 2553 3510 2591 :
3553 2548 3607 2592 tu

2033 2620 2155 2675 ideo
2181 2621 2273 2692 qui
2305 2623 2504 2678 misisti
2534 2623 2592 2678 in
2629 2621 3003 2681 misericordia
3046 2633 3135 2679 tua
3191 2624 3387 2682 Filium
3421 2630 3611 2700 unige-

2033 2710 2205 2764 nitum
2267 2724 2549 2768 sanantem
2612 2728 2803 2770 omnes
2849 2715 3073 2771 morbos
3106 2727 3327 2774 nostros
3378 2720 3610 2792 villaque

2034 2812 2217 2858 nostra
2252 2805 2526 2873 universa,
2561 2807 2749 2861 emitte
2774 2817 3022 2863 sanctum
3056 2808 3323 2879 Spiritum
3364 2820 3538 2879 tuum,
3560 2826 3610 2869 et

2033 2895 2316 2951 sanctiﬁca
2341 2896 2518 2953 oleum
2540 2899 2708 2953 istud.
2741 2916 2760 2951 ι
2798 2899 2866 2954 Ει
2896 2905 3079 2956 statim
3118 2902 3245 2957 illud
3288 2904 3467 2974 signat
3500 2908 3611 2975 pri-

2032 3002 2157 3042 mus
2184 2988 2463 3052 sacerdos,
2510 2989 2783 3061 simulque
2814 2991 3079 3059 universi,
3132 3004 3183 3048 et
3219 2995 3371 3050 addit
3411 3015 3424 3051 :
3462 3016 3480 3048 ι
3510 2997 3612 3053 Fac

2038 3086 2097 3132 ut
2125 3078 2269 3134 istud
2298 3079 2371 3134 sit
2402 3079 2530 3135 huic
2561 3096 2720 3137 servo
2747 3091 2841 3137 tuo
2867 3083 2919 3137 in
2962 3085 3259 3151 perfectam
3290 3089 3612 3159 redemptio-

2038 3182 2223 3224 nema
2285 3170 2523 3241 peccatis
2561 3172 2682 3242 ejus
2745 3174 2970 3241 (donum
3020 3189 3143 3230 vere
3196 3183 3503 3249 magnum),
3560 3182 3613 3236 in

2038 3260 2533 3318 sanctiﬁcationem
2579 3264 2774 3318 animae
2811 3273 2866 3319 et
2913 3266 3164 3337 corporis
3235 3269 3324 3335 (en
3378 3273 3613 3327 secunda

2038 3355 2271 3409 maxima
2310 3356 2530 3428 gratia),
2572 3356 2627 3411 in
2653 3357 3022 3414 luereditatem
3077 3361 3229 3430 regni
3263 3363 3550 3419 caelorum.
3592 3385 3609 3417 ι

2038 3446 2180 3502 Ecce
2217 3447 2417 3502 donum
2455 3447 2759 3518 perfectum
2791 3488 2806 3511 ,
2861 3450 3074 3505 scilicet
3119 3452 3268 3515 salus
3322 3465 3510 3510 nostra
3567 3466 3615 3511 et

2041 3537 2330 3593 hazreditas
2367 3540 2517 3609 regni
2549 3548 2605 3593 et
2636 3539 2823 3610 gloriae
2872 3540 2989 3596 Dei.
3048 3540 3113 3596 Et
3162 3544 3308 3599 unde
3329 3547 3487 3601 nobis
3518 3547 3617 3602 hoc

2042 3629 2292 3684 bonum?
2329 3647 2348 3683 ι
2387 3630 2657 3696 Quoniam
2688 3643 2742 3685 ιιι
2771 3646 2852 3699 cs,
2889 3632 3089 3702 inquit,
3128 3634 3268 3690 Deus
3307 3639 3617 3692 misericor-

2040 3721 2144 3777 dite
2166 3734 2221 3778 et
2256 3722 2635 3794 benignitatis.
2672 3741 2692 3777 ι
2743 3725 2809 3778 Et
2841 3725 2991 3778 illum
3020 3726 3167 3781 clara
3195 3741 3328 3782 voce
3357 3730 3617 3798 gloriﬁcat

2042 3814 2255 3870 Patrem
2290 3827 2414 3870 cum
2453 3816 2590 3870 Filio
2613 3826 2666 3870 et
2695 3814 2923 3885 Spiritu.
2954 3816 3044 3872 Sic
3069 3818 3181 3885 jam
3214 3820 3618 3874 sanctiﬁcatum

2043 3917 2126 3961 cst
2152 3906 2355 3973 oleum,
2381 3908 2675 3977 divinaque
2708 3910 2914 3963 virtute
2943 3912 3183 3978 gaudet,
3237 3920 3293 3965 et
3342 3912 3523 3963 omnia
3564 3912 3619 3965 in

2043 3997 2289 4052 oratione
2320 3997 2594 4052 declarata
2641 3998 2893 4055 ﬁdelibus
2925 4001 2977 4054 in
3008 3999 3114 4055 ﬁde
3144 4002 3325 4056 unctis
3375 4003 3619 4071 imperti-

2047 4097 2159 4150 tur,
2197 4104 2320 4143 nam
2349 4088 2535 4144 omnia
2579 4089 2852 4144 orationis
2885 4091 3047 4146 verba
3083 4102 3213 4145 sunt
3242 4095 3545 4161 operatoria
3592 4115 3620 4146 ιι

2046 4179 2332 4235 sacerdote
2359 4180 2567 4249 prolata
2591 4183 2681 4251 qui
2710 4197 2806 4251 per
2831 4182 3229 4236 ordinationem
3258 4182 3350 4237 Dei
3393 4185 3621 4254 gratiam

2048 4273 2246 4329 induit.
2278 4271 2475 4328 Verum
2501 4286 2627 4345 post
2652 4273 2957 4329 orationem
2995 4274 3293 4346 apostolica
3321 4276 3505 4331 l‘tatris
3529 4276 3622 4331 Dei

358 4383 538 4437 ματα,
576 4364 667 4418 διὰ
698 4365 792 4419 τοῦ
849 4366 1040 4435 ἱερέως
1094 4366 1385 4437 λεγόμενα,
1432 4371 1592 4441 χάριν
1627 4370 1842 4442 ἔχοντος
1876 4375 1932 4443 τῇ

2049 4368 2214 4422 verba
2262 4366 2569 4422 recitantur
2620 4375 2770 4423 recte
2821 4366 2978 4423 nobis
3039 4369 3293 4423 testantia
3338 4368 3483 4424 unde
3525 4370 3622 4423 noli

355 4458 674 4529 χειροτονίᾳ
699 4456 858 4511 Θεοῦ.
892 4458 1047 4512 Μετὰ
1078 4459 1180 4525 τὴν
1224 4458 1390 4533 εὐχὴν
1438 4462 1497 4515 δὲ
1543 4463 1706 4527 εὐθὺς
1745 4465 1815 4518 τὰ
1845 4464 1932 4518 τοῦ

2051 4459 2210 4514 iSIam
2258 4458 2638 4529 acceperimus
2700 4461 3070 4515 traditionem.
3130 4461 3337 4516 Deinde
3380 4471 3622 4515 cantatur

354 4550 674 4619 Θεαδέλφου
708 4549 1147 4619 ἀναγινώσκεται
1178 4551 1517 4607 άποστολικά
1559 4556 1803 4625 ῥήματα,
1851 4571 1948 4611 σα-

359 4642 485 4710 φῶς
515 4643 653 4711 ἡμῖν
685 4644 1094 4713 μαρτυροῦντα,
1130 4642 1257 4697 ὅθεν
1286 4644 1449 4715 ἡμεῐς
1490 4645 1591 4715 τὴν
1642 4646 1947 4717 παράδοσιν

352 4734 575 4803 ταύτην
600 4732 889 4802 ἐλάϐομεν.
927 4730 1061 4787 Εἶτα
1093 4734 1154 4787 τὸ
1194 4734 1513 4806 ’Δλληλοῦῖα
1540 4735 1824 4806 ψάλλεται,
1864 4739 1948 4792 ὅτι

356 4843 422 4879 τε
448 4824 719 4894 ἐπιδημία
744 4825 937 4894 γέγονε
965 4825 1119 4891 θείας
1160 4826 1409 4897 χάριτος,
1442 4828 1538 4883 καὶ
1564 4829 1647 4882 ὅτι
1681 4831 1710 4882 ὁ
1742 4828 1949 4900 Κύριος

354 4916 453 4970 διὰ
482 4914 579 4968 τοῦ
617 4914 954 4985 Εὐαγγελίου
985 4915 1229 4989 ἔρχεται.
1259 4919 1353 4973 Διὸ
1378 4920 1473 4973 καὶ
1492 4920 1573 4984 είς
1593 4920 1753 4988 δόξαν
1782 4920 1949 4976 αὐτοῦ

356 5009 463 5060 καὶ
520 5006 804 5076 άγιασμδν
860 5007 1020 5079 ἡμῶν
1071 5008 1329 5078 θυμίαμα
1383 5010 1816 5082 προσκομίζεται
1871 5012 1951 5073 είς

356 5096 546 5168 ὀσμὴν
569 5098 803 5163 εὐωδίας
860 5099 957 5152 καὶ
986 5099 1276 5169 μετάδοσιν
1305 5099 1456 5166 θείας
1486 5103 1730 5173 χάριτος.
1755 5104 1864 5155 Kal
1891 5102 1953 5156 τὸ

359 5188 713 5258 Εὐαγγέλιον
761 5188 926 5253 εὐθὺς
970 5188 1409 5259 ἀναγινώσκεται
1439 5193 1535 5247 ἐπὶ
1580 5194 1679 5263 τῆς
1709 5193 1953 5262 κεφαλῆς

360 5279 464 5334 τοῦ
516 5279 868 5345 ὲκτελοῦντος
911 5281 1012 5353 τὴν
1046 5281 1271 5352 τελετὴν
1321 5283 1471 5353 παρὰ
1503 5281 1600 5339 τοῦ
1632 5282 1849 5354 πρώτου
1876 5283 1949 5336 ls-

364 5373 519 5443 ρέως
545 5371 624 5435 είς
652 5373 975 5445 άποτροπὴν
1007 5374 1067 5440 ιξ
1101 5372 1268 5429 αὐτοῦ
1310 5374 1511 5437 παντὸς
1550 5376 1822 5441 ἐναντίου,
1872 5374 1954 5439 είς

364 5464 627 5532 εὐλογίαν
665 5464 872 5532 αὐτοῦ,
925 5465 1005 5529 είς
1051 5466 1320 5536 κάθαρσιν
1376 5464 1471 5517 τοῦ
1513 5464 1629 5528 νοὸς
1687 5465 1785 5518 καὶ
1844 5463 1955 5517 τῶν

365 5555 683 5623 αἰσθήσεων
706 5555 957 5611 ἁπασῶν.
986 5556 1096 5608 Kal
1131 5555 1271 5625 μετὰ
1320 5554 1383 5607 τδ
1434 5555 1765 5622 Εὐαγγέλιον
1819 5553 1955 5625 εὐχὴ

366 5645 615 5713 δεήσεως
668 5645 809 5715 ὑπὲρ
859 5647 1108 5715 ἀφέσεως
1164 5647 1452 5716 ἁμαρτιῶν
1498 5645 1663 5699 αὐτοῦ
1707 5646 1955 5714 λέγεται,

2049 4549 2267 4605 alleluia
2292 4590 2307 4614 ,
2340 4549 2598 4619 quoniam
2631 4549 2808 4605 factus
2840 4560 2920 4604 est
2959 4550 3156 4605 divinae
3185 4551 3372 4618 gratim
3420 4551 3623 4605 adven-

2050 4651 2160 4705 tus,
2184 4651 2242 4696 et
2272 4641 2397 4711 quia
2429 4642 2692 4696 Dominus
2716 4656 2810 4711 per
2837 4642 3180 4712 evangelium
3210 4644 3380 4697 venit.
3420 4643 3545 4698 Ideo
3573 4644 3624 4697 in

2051 4733 2281 4803 gloriam
2312 4734 2431 4804 ejus
2474 4741 2530 4787 et
2559 4731 3048 4788 sanctiﬁcationem
3096 4742 3340 4788 nostram
3374 4734 3502 4787 llius
3544 4735 3623 4788 af-

2052 4830 2228 4882 fertur
2262 4826 2317 4881 in
2350 4826 2573 4881 odorem
2624 4825 2928 4891 suavitatis,
2969 4834 3025 4880 et
3073 4827 3625 4881 communicationem

2052 4921 2251 4976 divina:
2288 4916 2494 4989 gratim,
2518 4925 2572 4973 et
2594 4917 2951 4986 Evangelium
2985 4918 3130 4972 illico
3165 4916 3425 4972 recitatur
3463 4933 3624 4987 super

2054 5011 2359 5081 caputeius
2386 5010 2478 5079 qui
2498 5020 2899 5065 sacramentum
2930 5009 3157 5079 suscipit
3187 5025 3218 5065 a
3249 5008 3423 5079 primo
3450 5025 3625 5063 sacer-

2054 5104 2202 5167 dote,
2254 5101 2321 5156 ad
2378 5101 2733 5155 avertendum
2768 5100 2836 5155 ab
2870 5116 2936 5155 eo
2959 5116 3177 5155 omnem
3214 5100 3494 5154 inimicum
3524 5142 3540 5165 ,
3573 5102 3625 5154 in

2054 5194 2493 5250 benedictionem
2524 5193 2691 5259 illius,
2719 5194 2772 5247 in
2800 5195 3172 5264 purgationem
3202 5192 3397 5248 mentis
3424 5205 3475 5247 et
3504 5209 3624 5249 sen-

2055 5298 2215 5338 suum
2244 5281 2512 5337 omnium.
2557 5280 2811 5352 Sed”post
2840 5281 3194 5352 Evangelium
3227 5280 3400 5336 oratio
3433 5282 3624 5351 deprc-

2055 5372 2289 5429 cationis
2343 5386 2444 5443 pro
2500 5372 2827 5428 remissione
2876 5382 3223 5442 peccatomm
3275 5374 3426 5440 ejus,
3470 5386 3625 5444 atque

2056 5465 2231 5536 gratia
2276 5466 2588 5520 sanationis
2632 5473 2739 5519 tam
2787 5466 3088 5534 Corporalis
3128 5483 3293 5536 quam
3329 5467 3627 5537 spiritalis;

2054 5570 2176 5626 qua:
2206 5557 2380 5625 prima
2434 5562 2629 5619 θείνει
2681 5555 2752 5608 ita
2817 5564 2876 5609 ut
2929 5556 3181 5610 audiatur
3229 5557 3448 5621 dicitur,
3503 5574 3627 5614 cum

2057 5645 2237 5700 caeteri
2267 5645 2577 5699 sacerdotes
2616 5643 2778 5699 etiam
2805 5644 3189 5717 deprecentur.
3226 5647 3354 5703 Post
3393 5665 3511 5705 eam
3544 5666 3627 5702 5e-

369 5735 478 5788 xal
537 5737 774 5805 ἰατρείας
821 5738 983 5806 χάριν
1020 5738 1340 5807 σωματικῆς
1380 5754 1441 5791 τε
1482 5738 1578 5792 καὶ
1608 5736 1932 5806 ψυχικῆς·ί

2059 5738 2233 5793 cuncta
2265 5745 2479 5793 secreto
2501 5735 2700 5793 dicitur
2730 5739 2831 5794 alia
2863 5740 3161 5796 secundum
3211 5741 3436 5801 ﬁguram
3468 5760 3551 5802 su.
3574 5759 3627 5795 ia
