4034 6192
462 295 599 358 ι531

1279 296 1660 356 SYMEONIS
1697 296 1985 357 THESSA
1999 298 2451 359 LONICENSIS
2494 301 2691 361 ΑΠΟΙί
2708 301 2850 362 [ΕΡ.

3611 297 3703 360 592

497 421 605 475 que
643 403 1070 462 misericordiam
1120 419 1183 460 ac
1231 403 1629 475 jucunditatem
1671 407 1829 461 nobis
1904 420 2057 461 eom-

2169 406 2263 459 καὶ
2293 406 2603 474 πνεύματα,
2635 408 2730 459 καὶ
2775 404 3106 475 ἀπαλείφειν
3132 398 3458 472 τραύματα,
3502 402 3592 456 καὶ
3623 404 3711 475 ἀρ-

498 512 713 567 parare.

1019 798 1252 878 carm
1290 798 1537 857 ccxcu.

494 888 746 957 Oportere
781 892 1044 945 asservari
1084 894 1223 960 quod
1251 908 1315 944 ea:
1350 890 1596 944 unctione
1639 890 1779 943 sacri
1810 892 1911 945 olei
1939 893 2064 944 reli-

1078 977 1239 1032 quum
1273 972 1473 1015 manet.

565 1051 695 1105 Ideo
726 1051 871 1119 qnod
901 1068 968 1107 ex
1019 1052 1139 1107 olec
1193 1064 1443 1123 superest
1468 1053 1793 1109 servandum
1823 1063 1978 1108 estet
2010 1055 2062 1109 in

495 1145 704 1197 honore
758 1144 1094 1209 habendum,
1137 1159 1240 1199 nec
1277 1144 1573 1214 quidquam
1599 1144 1762 1214 hujus
1786 1145 2068 1214 negligen-

448 1308 454 1312 .
493 1237 644 1288 dum.
680 1233 811 1288 Novi
837 1238 979 1290 enim
1012 1237 1079 1291 de
1115 1236 1218 1291 bac
1254 1254 1332 1301 re,
1367 1238 1509 1292 sicut
1539 1247 1593 1293 et
1621 1238 1686 1292 de
1726 1237 2064 1293 divinissima

494 1327 836 1397 baptismatis
903 1344 1040 1399 aqua
1085 1330 1349 1396 quosdam
1415 1345 1537 1384 esse
1587 1330 1699 1397 qui.
1760 1330 2067 1385 nescientes

495 1421 807 1488 tittsteriutti
842 1421 921 1475 vel
964 1421 1093 1476 illud
1137 1431 1479 1491 respoentes,
1512 1436 1579 1477 eo
1619 1432 1894 1491 utcunque
1925 1420 2069 1475 coci-

493 1513 636 1567 derit
672 1524 923 1578 utuntur,
953 1526 1010 1568 et
1042 1528 1184 1582 sa‘pe
1216 1514 1305 1567 ubi
1339 1530 1447 1568 non
1474 1524 1774 1583 oporteret,
1808 1514 2064 1578 mittitur,

495 1605 577 1658 vel
606 1605 673 1658 ab
705 1605 1037 1658 animalibus
1065 1605 1431 1666 consumitur,
1453 1620 1630 1673 neque
1656 1618 1788 1658 cura
1822 1613 1904 1659 est
1928 1604 2069 1657 mul-

2169 500 2503 568 ρωστήματα
2531 496 2778 567 θραύειν,
2810 497 2905 550 καὶ
2942 494 3207 566 βορϐόρου
3240 490 3517 562 καθαίρειν
3547 492 3712 562 ἀμαρο

2164 587 2322 654 τιῶν,
2353 588 2448 641 καὶ
2483 588 2667 648 ἐλέους
2711 588 2847 643 Θεοῦ
2879 587 3112 661 χορηγὸν
3156 586 3289 658 ἡμῖν
3320 579 3476 652 εἶναι,
3501 582 3713 654 δύναμιν

2166 679 2288 750 ἔχον
2316 681 2410 736 καὶ
2435 680 2772 752 ἱλαρότητος.

2728 792 2984 846 Imma.
3032 789 3189 861 2L3.

2170 887 2299 938 Ὅτι
2343 884 2461 954 χρὴ
2521 885 2958 952 συνηθροῖσθαι
3022 884 3103 954 τὸ,
3147 877 3540 954 καταλειφθὲν
3582 878 3719 949 μετὰ

2450 955 2566 1024 τὴν
2613 951 2817 1024 κρίσιν
2848 954 2959 1009 τοῦ
3004 952 3180 1023 ἁγίου
3227 951 3459 1006 ἐλαίου.

2238 1046 2331 1099 Διὸ
2378 1046 2470 1100 καὶ
2522 1048 2825 1116 φυλακτέον
2877 1048 3075 1113 τοῦτο,
3125 1044 3223 1100 καὶ
3295 1042 3583 1112 τιμητέον,
3636 1042 3719 1094 καὶ

2171 1139 2245 1210 μὴ
2321 1140 2622 1211 ἀμελητέον
2692 1140 2829 1203 ὂλως
2914 1136 3100 1195 αὐτοῦ.
3180 1136 3396 1204 Ἐγνων
3465 1135 3570 1202 γὰρ
3634 1135 3719 1186 καὶ

2169 1233 2299 1300 περὶ
2348 1233 2585 1296 τούτου,
2619 1231 2695 1296 ὡς
2752 1233 2848 1286 καὶ
2909 1230 3040 1299 περὶ
3090 1228 3182 1284 τοῦ
3244 1226 3518 1281 θειοτάτου
3549 1224 3723 1287 ὓδατος

2168 1322 2261 1377 τοῦ
2306 1324 2707 1393 βαπτίσματος,
2734 1323 2881 1384 ὅπως
2920 1318 3244 1389 ἀγνοοῦντες
3265 1316 3492 1378 τινεςτὸ
3529 1318 3724 1385 μυστή-

2172 1430 2306 1481 ριον,
2340 1413 2374 1484 ἢ
2405 1415 2501 1467 καὶ
2532 1412 2985 1482 καταμελοῦντες,
3010 1412 3086 1475 ὡς
3134 1411 3292 1479 ἔτυχε
3331 1409 3537 1471 τούτοις
3568 1406 3725 1477 χρῶν-

2168 1520 2299 1557 ται·
2348 1507 2441 1559 καὶ
2496 1505 2758 1567 πολλάκις
2809 1504 2884 1567 ὡς
2940 1503 3016 1575 μὴ
3054 1501 3231 1571 ὤφελε
3263 1503 3532 1573 ρίπτεται,
3577 1499 3722 1569 ῆκαὶ

2170 1596 2519 1651 ἀναλίσκεται
2550 1597 2655 1650 ὑπὸ
2689 1598 2842 1661 ζώων
2868 1614 2881 1628 ·
2933 1596 3029 1649 καὶ
3064 1595 3124 1649 οὐ
3157 1592 3378 1665 φροντὶς
3401 1592 3527 1660 περὶ
3555 1589 3726 1643 τούτου

495 1695 566 1749 tis
597 1696 665 1749 de
706 1695 820 1749 illo.
856 1695 1045 1749 Sciant
1077 1705 1258 1750 autem
1316 1695 1657 1766 negligentes
1724 1710 1945 1764 gravem
1986 1696 2067 1751 eis

2171 1689 2281 1751 τοῖς
2306 1686 2540 1749 πολλοῖς.
2578 1686 2738 1740 Ἀλλὰ
2766 1685 3008 1753 γνωστὸν
3029 1685 3170 1738 ἔστω
3188 1687 3300 1745 τοῖς
3333 1683 3640 1754 ἀμελοῦσιν,
3657 1683 3724 1746 ὡς

496 1797 714 1857 propter
744 1788 1156 1842 hocimminere
1217 1787 1645 1843 damnationem.
1709 1786 1938 1857 insuper
1998 1787 2067 1842 de

2173 1777 2311 1848 βαρὺ
2333 1776 2392 1830 τὸ
2422 1777 2553 1848 περὶ
2581 1772 2771 1830 τοιῖτου
2806 1778 3148 1848 κατάκριμα.
3201 1774 3360 1829 Ἐπεὶ
3394 1779 3484 1830 καὶ
3515 1776 3572 1828 τὸ
3602 1776 3723 1842 περὶ

496 1882 593 1933 hac
625 1896 683 1934 re
716 1880 1135 1934 ratiocinemur.
1174 1879 1231 1933 Si
1250 1895 1388 1947 aqua
1416 1881 1753 1935 sanctificata
1782 1889 2069 1949 regenerat

458 1958 465 1963 ’
494 1982 545 2023 (ιι
577 1971 840 2026 reformat
874 1972 1179 2037 hominem,
1209 1988 1314 2027 nec
1347 1974 1553 2039 absque
1587 1987 1649 2025 ea
1683 1971 1967 2041 quisquam
1988 1981 2071 2026 est

492 2062 882 2130 Christianus;
939 2063 1120 2117 oleum
1174 2079 1306 2118 vero
1366 2073 1545 2125 sanat,
1608 2074 1662 2118 et
1724 2071 2067 2130 peccaturum

494 2155 872 2211 remissionem
935 2152 1198 2225 impertit,
1234 2165 1401 2225 utque
1450 2155 1502 2209 in
1540 2154 1671 2224 ipsis
1728 2164 1953 2225 propter
1982 2170 2070 2210 me

494 2244 846 2310 superveniat
900 2259 1008 2297 nou
1066 2243 1389 2314 dedignatur
1438 2244 1677 2314 Spiritus
1724 2254 1970 2305 sanctus,
2021 2245 2067 2297 ei

495 2343 676 2389 autem
713 2335 890 2403 placet
913 2335 1137 2388 adunari
1168 2351 1323 2405 aqua:
1345 2344 1399 2390 ct
1424 2335 1544 2390 oleo
1566 2338 1884 2404 exterisque
1914 2350 2069 2389 crea-

498 2426 721 2479 turisae
786 2425 1071 2481 elementis
1118 2436 1341 2495 propter
1398 2442 1573 2481 meam
1620 2428 1961 2482 sanationem
2015 2439 2072 2482 et

494 2517 913 2580 correctionem,
962 2518 1234 2585 quomodo
1307 2518 1657 2571 damnatione
1739 2534 1849 2572 non
1924 2530 2069 2573 esset

495 2608 689 2677 dignus
736 2606 818 2661 vir
877 2607 1053 2661 audax
1090 2608 1185 2676 qui
1240 2607 1328 2662 illa
1381 2607 1686 2663 ellunderet
1743 2620 1797 2663 et
1841 2609 2070 2679 pedibus

494 2698 884 2753 coneulcaret?
915 2699 998 2753 vel
1024 2700 1117 2769 qui
1159 2708 1521 2755 contemnens
1584 2701 1790 2755 sineret
1846 2717 1907 2754 ea
1945 2700 2071 2755 ubi-

494 2805 713 2860 cunque
761 2792 950 2862 projici
985 2804 1039 2847 et
1071 2792 1391 2863 corrumpi?
1433 2793 1523 2864 qui
1582 2793 1636 2847 in
1699 2793 1908 2849 honore
1964 2811 2069 2849 non

497 2884 721 2941 haberet
787 2872 851 2939 ea
880 2886 1078 2954 quibus
1126 2885 1221 2940 Dei
1263 2886 1437 2940 virtus
1490 2886 1888 2941 adumbratur?
1928 2898 1982 2941 et
2016 2886 2070 2940 in

494 2977 692 3047 quibus
732 2978 1040 3034 invocatum
1070 2985 1155 3031 est
1189 2992 1389 3031 nomen
1409 2975 1548 3043 ejus,
1570 2977 1824 3046 illiusque
1854 2975 2069 3046 signum

2168 1869 2359 1923 τούτου
2386 1868 2910 1937 συλλογιζέσθωσαν.
2948 1869 3009 1921 Εἰ
3034 1868 3093 1921 τὸ
3129 1867 3272 1937 ὕδωρ
3316 1865 3573 1935 ἁγιασθὲν
3612 1866 3728 1917 ἀνα-

2171 1963 2338 2031 γεννᾷ
2372 1961 2467 2015 καὶ
2493 1961 2804 2030 ἀναμορφοῖ
2830 1960 2921 2013 τὸν
2955 1961 3265 2030 ἄνθρωπον,
3309 1959 3409 2011 καὶ
3435 1957 3599 2027 χωρὶς
3622 1954 3729 2009 τού-

2171 2070 2267 2105 του
2310 2051 2412 2105 οὐκ
2460 2051 2580 2104 ἔστι
2631 2050 2986 2122 Χριστιανὸς,
3018 2049 3115 2104 καὶ
3147 2049 3208 2101 τδ
3257 2047 3443 2101 ἔλαιον
3487 2046 3544 2099 δὲ
3587 2045 3728 2114 θεραο

2174 2144 2353 2208 πεύει,
2384 2145 2479 2196 καὶ
2521 2143 2814 2213 ἁμαρτιῶν
2841 2141 3146 2212 παρέχεται
3174 2140 3399 2209 ἄφεσιν,
3427 2138 3521 2192 καὶ
3563 2139 3615 2190 ἐν
3645 2136 3730 2190 αὑ-

2171 2241 2283 2301 τοῖς
2327 2237 2394 2291 δι’
2429 2237 2531 2305 ἐμὲ
2579 2237 2867 2306 ὲπιφοιτᾷν
2913 2236 3016 2289 οὐκ
3066 2233 3293 2300 ἀπαξιοῖ
3335 2233 3399 2286 τὸ
3444 2228 3655 2298 Πνεῦμα
3677 2225 3731 2281 τὸ

2172 2329 2350 2396 ἆξσιονο
2388 2327 2598 2381 εὐδοκεῖ
2628 2328 2684 2380 δὲ
2712 2326 2965 2380 ἐνοῦσθαι
2994 2327 3107 2388 τοῖς
3138 2324 3297 2378 ῦδασι
3328 2324 3426 2377 καὶ
3452 2320 3528 2393 τῷ
3560 2316 3729 2386 ἐλαίῳ.

2174 2423 2267 2474 καὶ
2310 2420 2520 2483 λοιποῖς
2570 2420 2751 2482 ἄλλοις
2787 2419 3052 2488 κτίσμασι
3099 2416 3196 2469 καὶ
3251 2415 3577 2486 στοιχείοις,
3609 2409 3732 2481 πρὸς

2171 2513 2271 2582 τὴν
2306 2513 2443 2582 ἐμὴν
2473 2511 2715 2580 ἰατρείαν
2743 2527 2804 2564 τε
2839 2509 2934 2563 καὶ
2978 2508 3284 2581 ἀνόρθωσιν
3314 2525 3332 2541 ο
3386 2508 3501 2572 πῶς
3540 2507 3597 2560 οὗ
3626 2504 3731 2559 τολ-

2178 2612 2376 2683 μητίας
2423 2612 2519 2665 καὶ
2566 2610 2951 2680 κατακρίσεως
2997 2608 3149 2683 ἄξιος
3194 2609 3221 2661 ὁ
3277 2603 3493 2675 ὲκχέων
3538 2616 3596 2654 τε
3648 2596 3733 2651 καὶ

2174 2703 2553 2768 καταπατῶη
2599 2704 2632 2775 ἢ
2692 2700 3105 2771 περιφρονητὴς
3134 2678 3235 2763 ῶν,
3275 2700 3380 2750 καὶ
3427 2688 3733 2763 καταμελῶν

2140 2782 2143 2783 ν
2174 2797 2247 2858 ὡς
2281 2796 2439 2866 ἔτυχε
2474 2795 2650 2849 ταῦτα
2696 2794 2931 2863 χυθῆναί
2965 2808 3023 2845 τε
3069 2790 3165 2844 καὶ
3196 2790 3478 2859 φθαρῆναι
3505 2826 3522 2851 ,
3545 2785 3635 2838 Ital.
3666 2779 3734 2852 μὴ

2173 2887 2375 2958 τιμῶν,
2415 2888 2503 2956 ἐφ’
2540 2879 2621 2951 οἷς
2650 2885 2786 2939 Θεοῦ
2815 2886 3046 2954 δύναμις
3078 2882 3387 2936 ὲπεσκίασε
3414 2896 3430 2948 ;
3480 2879 3573 2933 καὶ
3611 2874 3733 2943 κλῆ-

2175 2998 2261 3044 σις
2292 2980 2459 3033 αὑτοῦ
2486 2981 2544 3032 ὲν
2571 2979 2756 3040 αὐτοῖς
2784 2976 3115 3046 ὠνομάσθη;
3170 2976 3265 3030 καὶ
3319 2973 3562 3043 σφραγὶς
3588 2966 3735 3022 αὐτοῦ

495 3087 590 3140 per
616 3087 833 3124 manum
897 3070 1201 3125 sacerdotis
1250 3069 1451 3124 factum
1501 3070 1623 3124 est?
1670 3068 1819 3124 Scito
1844 3085 1990 3140 ergo,
2039 3083 2072 3123 ο

2176 3074 2265 3127 διὰ
2299 3073 2393 3125 tot}
2427 3072 2668 3142 σταυροῦ
2721 3074 2787 3141 τῇ
2841 3070 3091 3139 ίερατικῇ
3136 3067 3278 3137 χειρὶ
3311 3067 3509 3135 γέγονε
3536 3083 3551 3131 ;
3582 3059 3735 3115 Γινώ-

495 3162 794 3231 negligens,
824 3161 1086 3230 quoniam
1112 3161 1591 3222 condemnaberis,
1612 3172 1776 3230 atque
1804 3176 1927 3216 cum
1962 3160 2070 3216 illis

490 3253 716 3307 audies:
748 3273 766 3305 ι
792 3250 1004 3316 Videte.
1057 3261 1485 3321 contemptores,
1527 3264 1582 3309 et
1614 3253 1983 3320 admiremini,
2016 3264 2074 3310 et

388 3386 393 3389 .
493 3344 889 3413 disperditnini,
933 3365 950 3399 ι
989 3346 1121 3403 dicit
1155 3345 1444 3401 Dominus.
1475 3346 1675 3401 Verum
1704 3357 1760 3402 ut
1792 3348 1934 3403 istud
1958 3362 2069 3401 non

497 3436 732 3501 accidat,
762 3438 857 3491 sed
887 3438 1068 3506 potius
1094 3436 1262 3493 Deum
1307 3438 1676 3508 gloriﬁcantes
1724 3450 1943 3510 propter
1969 3443 2071 3498 hoc

495 3547 523 3581 ιι
563 3529 672 3583 0ιό
698 3530 1073 3603 gloriﬁcemini
1127 3545 1287 3599 quem
1323 3531 1627 3602 gloriﬁcent
1662 3533 1785 3588 coeli
1816 3542 1873 3588 et
1902 3544 2068 3603 terra,

496 3634 547 3676 et
577 3623 734 3693 pfeua
787 3632 913 3678 sunt
961 3623 1143 3678 omnia
1177 3623 1347 3694 gloria
1378 3623 1520 3693 ejus,
1547 3633 1606 3679 ut
1641 3634 1845 3679 canunt
1868 3626 2065 3696 angeli,

496 3726 656 3782 atque
695 3715 1131 3783 pietatisnostrte
1190 3715 1472 3785 nostrique
1531 3715 1760 3771 honoris
1808 3732 1935 3788 erga
1982 3733 2070 3773 res

497 3806 711 3861 ditinas
753 3810 1062 3862 mercedem
1125 3807 1471 3863 abundanter
1505 3808 1919 3878 participemus,
1958 3810 2070 3862 haec

493 3907 550 3949 ut
589 3908 778 3951 sancta
812 3898 1172 3963 honoremus,
1210 3906 1266 3952 et
1290 3908 1351 3953 ut
1383 3906 1600 3968 Oportet
1630 3910 1889 3955 accurate
1949 3916 2072 3954 ser-

495 4004 702 4053 vemus,
734 3998 901 4057 utque
930 3988 981 4043 in
1015 3989 1238 4060 proprio
1266 4004 1531 4061 sacroque
1567 3991 1686 4046 loco
1723 3992 2072 4062 deponantur

496 4082 834 4143 studeamus,
900 4081 1160 4151 quoniam
1213 4080 1337 4144 erit,
1392 4081 1587 4151 inquit,
1651 4084 1826 4137 honor
1853 4085 2069 4153 requies

490 4170 626 4234 ejus,
653 4169 878 4239 piosque
924 4170 1086 4225 facite
1146 4168 1285 4225 ﬁlios
1316 4178 1549 4236 vestros,
1608 4174 1796 4243 eisque
1845 4177 1938 4243 qui
1983 4190 2069 4229 res

490 4265 704 4319 divinas
735 4280 799 4319 ac
824 4267 1018 4320 domus
1067 4267 1189 4334 ejus
1238 4281 1532 4335 rerumque
1562 4267 1615 4320 in
1670 4284 1733 4322 ea
1768 4271 2066 4340 positarum

489 4358 747 4412 decorum
776 4357 1031 4427 diligunt,
1089 4368 1207 4411 orat
1269 4359 1502 4413 Ecclesia
1558 4361 1700 4415 utin
1755 4363 2066 4419 mercedem

491 4450 696 4503 virtute
718 4457 771 4502 et
793 4448 963 4519 gloria
995 4446 1087 4503 Dei
1122 4449 1516 4520 gloriticentur.

561 4624 817 4681 Clericus.
849 4623 1154 4679 Admodum
1201 4634 1285 4681 est
1313 4630 1708 4685 necessarium.
1751 4642 1937 4687 sancte
1968 4634 2068 4687 do-

492 4717 659 4778 mine,
733 4728 789 4772 et
842 4716 1079 4784 perutile
1109 4729 1172 4772 ac
1233 4717 1619 4789 obligatorium
1672 4722 1851 4786 nobis.
1906 4732 2070 4795 prout

491 4804 746 4867 docuisti,
782 4820 873 4860 res
893 4819 1075 4860 sacras
1102 4805 1431 4876 divinaeque
1480 4822 1545 4863 ac
1574 4808 1945 4866 sanctificatas
1973 4812 2069 4865 bo-

468 4911 718 4961 ‘norare,
744 4906 913 4968 atque
959 4890 1344 4968 gravissimum
1385 4899 1569 4957 divina
1595 4902 1802 4972 pariter
1826 4912 1880 4960 et
1910 4917 2068 4960 sacra

490 4990 789 5062 negligere.

560 5089 828 5159 Pontifex.
856 5087 1023 5143 Valde
1058 5087 1454 5155 necessarium,
1488 5088 1676 5153 frater,
1711 5087 2066 5157 quemadmo-

487 5181 618 5237 dum
644 5195 746 5235 nos
785 5180 1027 5236 diximus
1055 5180 1319 5250 vobisque
1350 5181 1693 5236 mandamus.
1726 5178 1831 5236 Sed
1863 5179 2065 5252 injuria

488 5272 606 5340 ejus
636 5275 727 5339 qui
754 5273 1018 5329 adversus
1038 5276 1225 5328 sancta
1264 5272 1632 5343 progreditur,
1663 5272 1927 5342 frequens
1980 5281 2068 5328 est

491 5363 847 5433 negligentia,
892 5364 1088 5421 acerba
1134 5379 1267 5419 vero
1321 5363 1621 5420 damnatio.
1687 5364 1802 5419 lmo
1850 5380 1957 5430 non
2008 5363 2064 5419 in

489 5456 607 5508 istis
636 5466 843 5511 tantum
876 5456 1265 5527 plerarumque
1297 5455 1573 5511 invenitur
1588 5455 1937 5526 negligentia,
1970 5453 2066 5520 sed

490 5547 660 5604 etiam
696 5550 748 5604 iu
782 5549 1033 5604 decentia
1067 5549 1249 5619 templi
1274 5558 1329 5604 et
1358 5548 1678 5615 sanctuarii,
1700 5548 1754 5603 in
1785 5549 2070 5605 tremendo

491 5640 674 5703 altari,
701 5642 752 5695 in
787 5641 958 5695 sacris
990 5641 1229 5703 vasibus,
1261 5651 1319 5696 et
1354 5640 1410 5695 in
1470 5640 1622 5710 ipsis,
1682 5640 1817 5710 proh
1868 5640 2062 5695 dolori

495 5731 771 5801 mysteriis
796 5730 1031 5791 maxime
1061 5730 1389 5793 metuendis.
1424 5731 1554 5788 Nam
1579 5741 1818 5805 tempore
1862 5741 2065 5793 senem

2179 3182 2323 3218 σκων
2350 3164 2461 3228 ἔσο,
2481 3166 2508 3218 δ
2535 3163 2774 3232 ἀμελῶν,
2796 3161 2871 3224 ὡς
2895 3158 3300 3230 κατακριθήση,
3343 3159 3438 3214 καὶ
3466 3154 3580 3227 μετ’
3606 3152 3735 3209 lutei-

2175 3275 2282 3311 νων
2313 3257 2525 3330 ἀκούσῃ
2569 3258 2676 3321 τὸ,
2724 3275 2743 3309 ι
2804 3255 2998 3320 Ἴδετε,
3053 3254 3104 3306 oi
3156 3252 3594 3322 καταφρονηταῖ,
3648 3249 3737 3301 καὶ

2175 3348 2517 3418 θαυμάσατε,
2554 3347 2647 3400 καὶ
2676 3345 3011 3415 ἀφανίσθητε
3039 3386 3054 3411 ,
3088 3363 3108 3397 ι
3136 3344 3283 3413 λέγει
3318 3344 3545 3413 Κύριος.
3610 3336 3738 3394 ⁹Αλλ³

2176 3438 2262 3492 ἶνα
2292 3439 2366 3509 μὴ
2399 3438 2557 3491 τοῦτο
2600 3438 2707 3508 ετη,
2754 3438 2829 3501 ὡς
2876 3436 2933 3489 δὲ
2993 3436 3311 3502 δοξάζοντες
3355 3434 3553 3506 μᾶλλον
3596 3430 3738 3497 Θεὸν,

2173 3530 2260 3584 διὰ
2298 3531 2387 3584 τοῦ
2424 3531 2593 3585 αὑτοῦ
2642 3529 3119 3600 ἁντιδοξασοῶμεν
3169 3528 3329 3598 παρὰ
3380 3528 3536 3595 Θεοῦ,
3568 3525 3624 3580 δν
3662 3523 3736 3577 δο-

2176 3621 2329 3685 ξάζει
2383 3623 2411 3674 ὁ
2465 3620 2693 3692 οὐρανὸς
2738 3621 2831 3675 καὶ
2872 3622 2906 3692 η
2939 3620 3034 3689 γῆ,
3070 3623 3167 3673 καὶ
3216 3621 3403 3691 πλήρη
3459 3617 3619 3673 αὐτοῦ
3649 3615 3737 3683 τῆς

2173 3711 2331 3778 δόξης
2384 3713 2584 3775 πάντα,
2640 3713 2716 3772 ὡς
2776 3712 3041 3780 ὑμνοῦσιν
3098 3712 3147 3766 οἱ
3211 3713 3461 3781 ἄγγελοι,
3516 3710 3607 3764 καὶ
3651 3704 3737 3759 τοῦ

2174 3803 2316 3872 ὑπὲρ
2347 3803 2443 3873 τῆς
2465 3802 2752 3866 εὐλαϐείας
2776 3804 2870 3856 καὶ⁸
2900 3803 2999 3872 τῆς
3033 3802 3114 3865 είς
3143 3803 3212 3855 τὰ
3249 3802 3375 3856 θεῖα
3404 3801 3566 3872 206
3588 3799 3738 3868 τιμῆς

2178 3894 2374 3968 μισθοῦ
2426 3894 2664 3964 δαψιλῶς
2715 3894 3104 3964 μετάσχωμεν,
3138 3894 3394 3964 τιμῶμεν
3450 3893 3621 3947 ταῦτα
3669 3889 3737 3952 ὡς
3788 3926 3789 3929 η

2173 3988 2330 4057 ἅγια,
2365 3985 2463 4043 καὶ
2490 3986 2940 4057 περιστέλλωμεν
2972 3986 3228 4052 δεόντως,
3259 3987 3358 4041 καὶ
3393 3988 3452 4040 ἑν
3500 3984 3740 4048 ίδιάζοντι

2172 4082 2270 4136 καὶ
2307 4078 2438 4151 ἱερῷ
2472 4078 2831 4133 κατατιθέναι
2866 4077 3030 4150 χώρῳ
3058 4078 3475 4150 σπουδάζωμεν.
3510 4079 3628 4131 ὀτι
3652 4075 3738 4128 καὶ

2172 4175 2348 4241 ἔσται,
2380 4175 2567 4244 φησὶν,
2623 4171 2930 4236 ἀνάπαυσις
2960 4172 3128 4227 αὐτοῦ
3178 4174 3339 4243 τιμή*
3370 4172 3467 4227 καὶ
3501 4170 3740 4232 εὐλασεῖς

2172 4269 2380 4321 ποιεῖτε
2410 4265 2539 4326 τοὺς
2571 4263 2723 4327 υίοῦς
2757 4263 2934 4333 ὑμῶν,
2966 4264 3064 4318 καῖ
3100 4264 3216 4327 τοῖς
3254 4264 3517 4331 ἀγαπῶσι
3539 4265 3604 4317 ea
3629 4262 3739 4315 θεῖα

2174 4357 2271 4409 καὶ
2326 4353 2420 4408 τοῦ
2473 4353 2620 4407 θείου
2652 4353 2808 4408 οἴκου
2849 4354 2944 4406 καὶ
2998 4352 3111 4407 τῶν
3145 4354 3203 4406 ἐν
3237 4354 3390 4425 αὐτῷ
3426 4354 3527 4422 τὴν
3554 4352 3740 4422 εὐπρέ-

2097 4452 2151 4513 D
2180 4463 2339 4500 πειαν
2366 4445 2426 4498 τὸ
2459 4443 2905 4513 ἀντιδοξασθῆναι
2956 4442 3079 4515 θείᾳ
3127 4443 3360 4516 δυνάμει
3415 4445 3511 4503 καὶ
3538 4443 3664 4514 645a
3707 4441 3738 4511 ἡ
3765 4482 3768 4489 ί

2185 4537 2483 4606 Ἐκκλησία
2517 4535 2754 4605 εὔχεται.

2262 4629 2588 4695 Κληρικός.
2656 4627 3134 4696 ’Δναγκαιότατον,
3175 4626 3300 4692 ἅγιε
3360 4626 3616 4685 δέσποτα,
3653 4620 3741 4673 καὶ

2170 4719 2450 4788 ἐπωφελὲς
2491 4722 2600 4775 καὶ.
2635 4720 3129 4790 κεχρεωστημὲνον
3162 4719 3332 4789 ἡμῖν,
3367 4717 3445 4780 ὡς
3476 4714 3738 4779 ἐδίδαξας,

2171 4830 2240 4865 τα
2272 4812 2394 4883 ἱερά
2443 4814 2536 4866 καὶ
2571 4812 2691 4865 θεῖα
2732 4812 2828 4866 καὶ
2876 4810 3191 4882 ήγιασμένα
3220 4812 3408 4880 τιμᾷν·
3452 4809 3548 4862 καὶ
3578 4803 3740 4878 βαρύ-

2168 4920 2336 4960 τατον
2362 4904 2422 4958 τὸ
2455 4905 2566 4960 τῶν
2592 4905 2738 4959 οὕτω
2781 4904 2943 4959 θείων
2970 4905 3064 4957 καὶ
3090 4904 3254 4975 ἱερῶν
3280 4904 3530 4973 ἀμελεῖν.

2253 5087 2614 5157 Ἀρχιερεύς.
2682 5085 3168 5155 ’Δναγκαιότατον,
3214 5082 3415 5154 ἀδελφὶ
3441 5123 3459 5149 ,
3508 5082 3584 5143 ὡς
3649 5076 3739 5133 καὶ

2166 5180 2330 5249 ἡμεῖς
2384 5178 2621 5249 ἔφημεν,
2673 5178 2770 5232 καὶ
2842 5178 2989 5250 ὑμᾶς
3058 5174 3539 5248 παραγγέλλομεν.
3603 5167 3740 5225 Ἀλλ’

2168 5270 2408 5343 ιπηρείᾳ
2449 5271 2547 5324 τοῦ
2604 5271 2749 5324 κατά
2800 5270 2910 5326 τῶν
2945 5269 3122 5342 ἁγίων
3164 5266 3470 5341 χωροῦντος
3516 5263 3733 5332 πλείστη

2167 5366 2320 5421 ἐστὶν
2347 5366 2380 5436 ἡ
2414 5363 2670 5435 ἀμέλεια,
2693 5365 2790 5420 καὶ
2825 5365 2858 5434 ἡ
2905 5362 3234 5434 κατάκρισις
3278 5360 3338 5415 δὲ
3371 5357 3603 5432 χαλεπή.
3633 5354 3737 5408 Καὶ

2154 5457 2228 5510 οὐ
2260 5456 2423 5528 μόνον
2475 5459 2535 5511 ὲν
2571 5456 2787 5519 τούτοις
2839 5455 2949 5511 τῶν
3008 5454 3223 5510 πολλῶν
3270 5454 3425 5506 ἐστιν
3486 5448 3731 5518 ἀμέλεια,

2167 5549 2308 5603 ἀλλά
2351 5549 2452 5602 κάν
2492 5551 2560 5620 τῇ
2601 5548 2875 5619 εὐκοσμίᾳ
2902 5547 3000 5602 τοῦ
3052 5544 3184 5601 ναοῦ
3234 5543 3327 5598 καὶ
3357 5542 3449 5597 τοῦ
3480 5541 3730 5610 βήματος,

2170 5640 2266 5693 καὶ
2291 5640 2368 5709 τῷ
2398 5639 2616 5711 φρικτῷ
2647 5639 3059 5710 θυσιαστηρίῳ,
3088 5637 3182 5692 καὶ
3216 5637 3327 5697 τοῖς
3358 5634 3522 5703 ἱεροῖς
3550 5624 3732 5681 σκεύε-

2173 5749 2244 5802 σι,
2305 5733 2398 5787 καὶ
2451 5733 2659 5800 αὐτοῖς,
2705 5734 3050 5813 demiror;
3102 5727 3484 5807 φρικτοτάτοις
3535 5734 3730 5798 μυστηο
