4034 6192
479 276 583 339 535

1321 284 1698 345 SYMEONIS
1731 284 2476 345 TllESSALONICENSiS
2513 282 2866 342 AiiClllEP.

3622 280 3715 343 536

477 392 708 462 quodam
737 391 892 445 modo
912 393 1060 447 utilia
1089 380 1390 462 videantur,
1421 390 1473 452 et
1501 401 1798 453 secundum
1845 401 2054 477 divinos

2159 400 2415 468 λεχθέντα
2448 390 2800 457 διδασκάλους
2828 393 2928 463 τῆς
2965 390 3315 461 Ἐκκλησίας,
3358 391 3708 457 ἀποδέξασθαι

377 483 380 487 ’
479 484 738 541 Ecclesiae
765 484 1024 540 doctores
1057 485 1334 552 dicantur,
1360 489 1450 543 illa
1477 491 1531 544 in
1579 492 1846 544 charitute
1883 491 2051 546 susci-

477 573 652 642 piant,
698 572 1068 643 fratribusque
1103 577 1325 648 legenda
1397 584 1756 648 permittant;
1792 582 1835 636 si
1869 592 2046 636 autem

476 664 679 734 aliquid
717 664 963 721 videatur
993 667 1192 723 bonum
1230 685 1334 724 non
1390 686 1533 737 esse,
1588 689 1780 743 precor
1843 684 1898 732 ut
1953 676 2046 743 qui

475 757 612 811 bene
645 758 746 811 scit
797 759 937 827 quod
973 770 1186 826 oportet
1248 762 1490 819 fraterno
1521 767 1703 818 animo
1749 781 1850 820 nos
1883 767 2051 818 corri-

478 863 604 916 gere
634 865 646 912 ;
683 835 1108 919 cupimus'enim
1147 856 1364 925 corrigi,
1401 856 1612 926 hocque
1647 858 1846 912 acriter
1864 869 2051 928 postu-

476 941 673 1005 lamus,
713 944 972 1010 quoniam
1003 945 1256 1001 volumus
1279 963 1400 1002 esse
1433 951 1635 1003 subditi
1667 949 1822 1004 Matri
1851 961 2049 1004 nostrze

480 1031 751 1098 Ecclesiae,
783 1035 1138 1106 patribusque
1163 1041 1365 1093 nostris
1383 1049 1431 1092 ct
1460 1041 1788 1106 fratribusfin
1808 1042 2045 1107 Christo;

477 1139 659 1194 neque
695 1140 798 1180 nos
826 1128 961 1181 tales
982 1130 1314 1184 aestimamus
1336 1133 1525 1201 qualos
1570 1134 1913 1187 correctione
1940 1151 2044 1188 non

476 1213 832 1285 indigeamus,
866 1232 990 1284 nec,
1013 1220 1167 1288 quasi
1205 1221 1445 1276 scientiae
1495 1223 1702 1292 apicem
1746 1225 2048 1292 consecuti,

475 1307 592 1360 hac
623 1317 798 1378 empta
829 1311 1195 1381 aggredimur,
1225 1315 1471 1381 minime,
1495 1316 1588 1370 sed
1609 1326 1828 1386 propter
1856 1317 2050 1371 fratres

476 1397 528 1450 in
555 1400 877 1455 necessitate
935 1403 1355 1474 interrogantes,
1395 1415 1452 1460 ut
1511 1406 1751 1461 debitum
1789 1408 2048 1463 habentes

473 1489 729 1558 loquendi
759 1507 823 1546 ex
862 1495 1095 1548 maxima
1129 1495 1367 1563 Spiritus
1428 1499 1596 1568 gratia
1662 1491 1820 1554 nobis
1883 1515 2047 1569 supra

473 1593 576 1635 nos
609 1584 778 1647 .data,
811 1592 935 1638 eum
965 1586 1030 1640 ad
1094 1587 1238 1642 hunc
1278 1587 1435 1642 finem
1475 1588 1659 1644 divina
1702 1591 2048 1646 miseratione

471 1675 544 1729 ab
571 1675 811 1730 Ecclesia
842 1678 1045 1733 Christi
1077 1681 1360 1736 constituti
1432 1697 1641 1748 sumus,
1686 1693 1744 1737 ut
1779 1685 1845 1739 de
1879 1685 2049 1739 sacris

2157 491 2224 544 δι’
2281 490 2524 558 ἀγάπην,
2577 487 2674 541 καὶ
2719 484 3116 553 ἀναγινώσκειν
3166 484 3386 553 ἀφιέναι
3414 481 3536 548 τοῦς
3566 484 3709 537 ἀδελο

2158 582 2310 649 φούς·
2345 582 2392 633 εί
2421 582 2477 633 δὲ
2506 579 2648 632 κατά
2686 596 2742 630 τι
2785 577 2957 642 δόξειε
2993 575 3066 648 μὴ
3101 575 3280 638 καλῶς
3305 574 3468 644 ἔχειν,
3499 575 3588 628 τὸν
3615 593 3708 629 κα-

2155 674 2264 735 λῶς
2303 672 2363 724 τὸ
2414 670 2533 724 δέον
2593 669 2774 722 εἰδότα
2809 666 3120 736 ἀδελφικῶς
3155 665 3577 735 διορθώσασθαι.
3611 667 3710 720 ﬂo-

2158 760 2359 831 θοῦμεν
2390 759 2500 831 γὰρ
2534 756 2912 827 διορθοῦσθαι,
2950 757 3045 808 καὶ
3067 755 3362 826 ῗζητοῦμεν
3411 755 3570 809 τοῦτο
3600 756 3715 824 θερ-

2162 853 2298 918 μῶς,
2355 849 2760 923 ὑποτάσσεσθαι
2813 848 3059 909 θέλοντες
3110 850 3176 917 τῇ
3231 863 3290 899 τε
3349 847 3518 918 μητρὶ
3568 850 3716 917 ἡμῶν

2168 942 2465 1011 Ἐκκλησία
2491 982 2505 1006 ,
2539 939 2771 1001 καὶτοῖς
2815 936 3098 1008 Πατρσὶσιν
3135 936 3294 1006 ἡμῶν
3327 939 3420 1007 καὶ
3459 937 3704 1005 ἀδελφοῖς

2157 1036 2214 1089 ὲν
2245 1035 2465 1104 Χριστῷ
2491 1048 2505 1062 ο
2555 1034 2649 1090 καὶ
2699 1031 2819 1086 οὐδὲ
2855 1029 3129 1092 τοιούτους
3169 1029 3392 1090 ἑαυτοὺς
3440 1029 3720 1099 lamas”-

2157 1128 2247 1190 θα,
2290 1127 2364 1190 ώς
2425 1126 2500 1198 μὴ
2557 1124 2864 1198 χρῄζοντας
2920 1122 3284 1192 διορθώσεως.
3324 1122 3467 1175 ’Δὶ-λ’
3502 1123 3612 1176 οὐδ’
3649 1125 3720 1186 ὡς

2156 1223 2313 1290 ἄκροι
2481 1219 2682 1288 γνῶσιν
2712 1219 2826 1280 τοῖς
2865 1215 3127 1280 τοιούτοις
3156 1215 3518 1287 ἐγχειροῦμεν
3546 1217 3720 1288 ἡμεῖς,

2155 1315 2425 1383 οὐδαμῶς·
2473 1313 2561 1366 διὰ
2623 1312 2679 1366 δὲ
2731 1311 2858 1373 τοὺς
2892 1309 3158 1378 ἀδελφοὺς
3189 1307 3312 1360 κατ’
3345 1309 3592 1378 ἀνάγκην
3635 1311 3723 1378 Cn-

2155 1397 2402 1472 τοῦντας,
2438 1407 2512 1470 ώς
2542 1406 2641 1474 τὴν
2670 1403 2896 1474 ὀφειλὴν
2944 1401 3160 1471 ἔχοντες
3189 1401 3378 1454 λαλεῖν
3431 1401 3519 1454 διὰ
3548 1401 3642 1472 τὴν
3669 1404 3722 1455 ὲν

2157 1500 2291 1568 ἡμῖν
2351 1498 2490 1568 ὑπὲρ
2536 1499 2684 1566 ἡμᾶς
2737 1495 3005 1566 μεγίστην
3039 1493 3198 1562 χάριν
3245 1493 3338 1544 τοῦ
3371 1491 3718 1562 Πνεύματος.

2157 1589 2282 1641 ἐπεὶ
2313 1588 2406 1641 καὶ
2436 1588 2513 1649 είς
2549 1586 2708 1640 τοῦτο
2738 1587 2868 1655 θείῳ
2911 1584 3052 1638 ἐλέει
3096 1586 3452 1654 κατέστημεν
3488 1584 3592 1636 ὑπὸ
3627 1585 3722 1653 τῆς

2169 1679 2494 1752 Ἐκκλησίας
2527 1679 2788 1747 Χριστοῦ,
2837 1681 2968 1750 περί
3011 1697 3073 1734 τε
3117 1679 3228 1732 τῶν
3275 1677 3441 1748 ίερῶν
3467 1675 3725 1744 διδαγμά-

475 1767 740 1822 doctrinis
774 1777 826 1822 et
881 1769 1224 1839 dogmatibus
1289 1790 1356 1828 ex
1413 1775 1758 1830 sermonibus
1816 1776 2052 1846 Spititus

2157 1790 2265 1824 των
2299 1789 2356 1824 τε
2409 1773 2505 1825 καὶ
2561 1771 2851 1840 δογμάτων
2905 1776 2967 1825 ὲκ
3021 1772 3128 1826 τῶν
3183 1771 3384 1840 λογίων
3418 1771 3602 1838 λέγειν
3631 1769 3720 1823 τοῦ

477 1862 784 1931 loquamur,
861 1873 918 1918 ιιι
947 1865 1013 1918 de
1069 1866 1385 1922 sacerrintis
1432 1855 1690 1925 Ecclesiae
1750 1870 2051 1940 disciplinis

476 1955 889 2022 cogitemus,'et
921 1957 1053 2011 istas
1081 1959 1196 2026 pari
1233 1960 1446 2015 ratione
1485 1962 1810 2031 impleamus
1839 1971 1895 2017 et
1930 1977 2051 2030 per-

476 2045 801 2114 pendamus,
859 2047 1226 2119 fratribusque
1270 2050 1341 2104 ad
1398 2051 1840 2122 interrogandum
1897 2067 2052 2105 acce-

475 2137 734 2192 dentibus
765 2152 829 2192 ex
858 2137 1153 2210 Scripturis
1189 2144 1640 2213 respondeamus,
1671 2159 1736 2200 ac
1789 2143 2048 2200 salutaria

473 2231 847 2287 consulamus.
903 2231 1070 2302 Igitur
1113 2235 1500 2305 hujus'gratia
1553 2239 1656 2293 ista
1719 2253 1937 2308 quoque
1983 2255 2047 2292 ex

473 2322 832 2378 sanctissimis
858 2323 1157 2394 Scripturis
1183 2327 1448 2382 audemus
1470 2328 1672 2384 dicere.
1706 2328 1812 2383 Sed
1845 2329 1890 2383 si
1925 2330 2049 2398 qni-

447 2413 706 2468 -liusdam
739 2413 998 2471 fratribus
1049 2419 1544 2487 perspicacioribus
1606 2421 1723 2474 her
1759 2421 2050 2474 videantur

474 2505 717 2576 indigere
776 2509 1142 2575 correctione,
1181 2511 1284 2566 hoc
1345 2511 1746 2576 desideramus,
1790 2512 2047 2579 Ecclesiae

475 2595 679 2652 Christi
713 2599 922 2654 ardenti
956 2601 1140 2656 animo
1163 2602 1390 2668 subditi,
1417 2613 1797 2674 ctquaerentes
1821 2605 1872 2658 in
1909 2605 2042 2659 cha—

473 2693 636 2746 ritate
692 2694 1067 2751 obsecramus.
1123 2695 1290 2767 Loqui
1360 2712 1488 2768 ergo
1543 2697 1915 2769 incipiendum
1963 2711 2044 2760 est

473 2783 539 2834 de
594 2783 793 2838 divinis
843 2783 1098 2842 Ecclesia:
1143 2787 1401 2858 precibus
1445 2789 1746 2844 secundum
1805 2800 2040 2844 vestrum

473 2876 920 2942 sciscitationem.

2054 3183 2121 3198 -.

2151 1863 2511 1933 Πνεύματος,
2565 1866 2660 1918 καὶ
2715 1865 2826 1918 τῶν
2898 1866 3211 1936 ίερωτάτων
3269 1865 3585 1934 φροντίζειν
3633 1865 3723 1933 τῆς

2161 1956 2491 2024 Ἐκκλησίας
2522 1957 2810 2022 εῦταξιῶν,
2839 1959 2983 2010 κατὰ
3015 1959 3172 2026 λόγον
3201 1975 3262 2010 τε
3295 1957 3505 2020 ταύτας
3528 1957 3721 2030 διενςρ⁴

2149 2050 2266 2116 γεῖν
2292 2066 2347 2102 τε
2383 2049 2478 2103 καὶ
2517 2052 2682 2117 νοεῖν,
2727 2054 2822 2104 καὶ
2855 2055 2967 2115 τοῖς
2999 2052 3288 2123 προσιοῦσι
3321 2051 3434 2106 τῶν
3483 2051 3722 2117 ἀδελφῶν

2151 2141 2208 2193 ὲν
2233 2142 2556 2212 ἐρωτήσεως
2579 2141 2730 2207 τάξει
2758 2143 2867 2196 ἀπὸ
2897 2143 3004 2197 τῶν
3042 2144 3273 2215 Γραφῶν
3297 2143 3721 2215 ἀποκρίνεσθαι,

2153 2233 2345 2288 καὶτὰ
2372 2237 2616 2305 σωτήρια
2668 2237 2982 2304 παραινεῖν.
3017 2236 3222 2290 Τούτου
3265 2233 3359 2289 οῦν
3421 2236 3584 2304 χάριν
3632 2233 3721 2284 καὶ

2154 2327 2314 2396 ἡμεῖς
2352 2325 2526 2381 ταῦτα
2557 2327 2870 2397 ·τολμῶμεν
2904 2328 3087 2397 λέγειν
3144 2331 3207 2381 ὲκ
3256 2328 3364 2382 τῶν
3406 2327 3722 2395 ἁγιωτάτων

2151 2417 2406 2485 Γραφῶν.
2468 2418 2528 2470 Εἰ
2589 2417 2644 2470 δὲ
2706 2417 2878 2482 δόξειέ
2931 2436 3070 2472 τισιν
3125 2419 3555 2489 ἀκριϐεστέροις
3620 2414 3722 2470 τῶν

2151 2509 2391 2577 ἀδελφῶν
2423 2510 2594 2562 ταῦτα
2640 2509 2980 2580 διορθώσεως
3031 2511 3265 2577 δεῖσθαι,
3299 2510 3581 2579 ποθοῦμεν
3608 2507 3722 2561 τοῦο

2153 2618 2233 2662 το,
2273 2603 2336 2670 τῇ
2390 2587 2686 2672 Ἐκκλησίᾳ⁴
2737 2602 2974 2672 Χριστοῦ
3031 2602 3250 2672 θερμῶς
3310 2604 3366 2656 ἐν
3408 2602 3722 2656 ταπεινώσει

2154 2693 2606 2763 ὑποτατσόμενοι,
2664 2694 2758 2747 καὶ
2795 2693 3087 2763 ζητοῦντες
3142 2695 3197 2747 ιν
3235 2693 3436 2766 ἀγάπῃ
3478 2711 3722 2764 παρακα-

2152 2785 2371 2854 λοῦμεν.
2431 2786 2686 2856 ’Λρκτέον
2717 2787 2896 2840 τοίνυν
2927 2787 3109 2855 λέγειν
3141 2788 3235 2840 καὶ
3255 2791 3384 2856 περὶ
3427 2788 3534 2840 τῶν
3573 2787 3721 2838 θείων

2152 2876 2251 2946 τῆς
2297 2877 2626 2958 Ἐκκλησίας
2691 2879 3016 2952 προσευχῶν
3087 2882 3230 2933 κατὰ
3289 2878 3393 2951 τὴν
3456 2878 3722 2950 ὑμετέραν

2155 2971 2448 3041 ἐρώτησιν.

2003 3309 2166 3365 ΠΕΡΙ

1068 3485 1412 3623 ΤΗΣ
1497 3479 2000 3634 ΘΕΙΑΣ
2049 3427 3158 3618 ΠΡΟΣΕΥΧΗΣ.

1373 3887 1520 3987 DE
1598 3888 1952 3978 SACRA
2029 3884 2828 3978 PRECATIONE.

531 4239 726 4295 Sermo
753 4239 824 4294 de
854 4242 1128 4303 oratione,
1158 4236 1385 4296 fratres.
1409 4232 1611 4295 multus
1651 4248 1736 4296 est
1776 4247 1830 4294 et
1866 4237 2039 4293 maxi-
2062 4238 2111 4303 ο

465 4350 603 4396 mus,
662 4341 845 4399 atque,
899 4341 956 4382 ut
1016 4346 1142 4384 vere
1171 4331 1369 4392 dicam,
1401 4332 1501 4386 hoc
1529 4341 1614 4386 est
1660 4347 1797 4399 opus
1847 4346 1875 4384 a
1927 4330 2040 4384 Deo

466 4424 624 4478 nobis
652 4421 1028 4483 commissum,
1087 4430 1142 4475 et
1202 4420 1498 4490 cujuslibet
1567 4424 1796 4476 alterius
1849 4432 2034 4490 caput.

465 4513 654 4568 Oratio
682 4521 862 4564 autem
900 4520 982 4562 est
1005 4525 1128 4564 cum
1161 4510 1272 4565 Deo
1310 4511 1452 4576 fieri,
1491 4526 1706 4582 semper
1739 4525 1863 4566 esse
1905 4527 2032 4566 cum

467 4601 598 4666 Deo,
634 4600 789 4669 eique
815 4598 1242 4670 conglutinatam
1275 4599 1356 4670 (ut
1383 4600 1519 4654 dixit
1551 4601 1720 4654 D.uid
1754 4606 1769 4667 )
1804 4609 1858 4656 et
1895 4601 2040 4656 inse.

465 4693 760 4762 parabilem
787 4692 999 4748 habere
1029 4693 1289 4757 animam,
1325 4703 1673 4762 mentemque
1703 4694 1774 4748 ita
1802 4695 2037 4758 coniun-

464 4796 602 4840 ctam
635 4793 694 4837 ut
717 4783 871 4836 avelli
892 4790 1144 4852 nequeat.
1180 4781 1266 4835 Ait
1295 4781 1479 4836 enim:
1517 4801 1537 4833 ι
1563 4781 1940 4849 Conglutinata
1957 4789 2042 4836 est

464 4877 642 4930 anima
670 4889 784 4929 mea
805 4884 924 4944 post
953 4881 1006 4928 te
1031 4889 1046 4940 ;
1082 4892 1099 4924 ι
1127 4882 1180 4928 et
1209 4887 1223 4925 :
1252 4892 1270 4925 ι
1301 4874 1481 4929 Sitivit
1504 4875 1681 4930 anima
1701 4890 1820 4930 mea
1845 4891 1860 4943 ;
1891 4894 1909 4926 ι
1938 4883 1991 4928 et
2025 4892 2038 4930 :

469 4987 488 5016 ι
515 4964 667 5021 Sicut
697 4977 892 5020 cervus
919 4963 1192 5018 desiderat
1211 4965 1278 5020 ad
1299 4963 1477 5018 fontes
1503 4979 1788 5035 aquarum,
1805 4966 1874 5018 ita
1899 4965 2042 5020 desi-

463 5060 620 5114 derat
648 5059 828 5114 anima
852 5071 969 5111 mea
997 5057 1062 5110 ad
1089 5066 1163 5120 te.
1183 5056 1344 5121 Deus,
1363 5076 1381 5109 ι
1412 5069 1496 5112 et:
1528 5079 1545 5110 ι
1578 5059 1803 5130 Diligam
1833 5068 1905 5124 te,
1935 5061 2042 5113 Do-

465 5154 632 5210 mine.
658 5150 919 5206 fortitudo
949 5164 1092 5211 mea,
1123 5167 1142 5202 ο
1169 5159 1226 5204 et
1253 5166 1266 5204 :
1305 5167 1324 5201 ι
1356 5151 1548 5204 Anima
1575 5165 1693 5205 mea
1717 5151 1771 5204 in
1793 5151 2044 5205 manibus

467 5249 574 5301 tuis
631 5261 870 5315 semper,
913 5264 932 5296 ι
993 5245 1160 5299 idest
1209 5254 1407 5300 tecum.
1465 5247 1590 5301 Ideo
1648 5247 1784 5301 dixit
1837 5247 2039 5302 etiam:

475 5358 491 5388 ι
526 5338 846 5392 Benedicam
879 5337 1166 5393 Dominum
1201 5343 1254 5394 in
1279 5341 1426 5392 omni
1451 5351 1714 5407 tempore,
1743 5348 1799 5394 et
1829 5355 2043 5409 semper

465 5431 584 5484 laus
617 5432 738 5500 eius
765 5432 818 5484 in
843 5446 937 5484 ore
969 5447 1112 5485 meo.
1149 5450 1166 5482 ι
1227 5431 1343 5484 Iloc
1386 5432 1588 5484 rerum
1615 5449 1737 5487 cum
1775 5432 1908 5498 ipsis
1941 5447 2041 5485 an-

466 5526 768 5589 gelis.cum
806 5522 940 5590 ipsis
995 5524 1268 5577 adnuetur
1321 5523 1487 5576 homo
1554 5525 1688 5579 bOtla
1744 5525 2040 5580 dilectione

468 5617 716 5684 bonoque
749 5615 1040 5677 desiderio.
1075 5625 1129 5669 et
1153 5616 1272 5670 ait:
1312 5634 1329 5666 ι
1364 5615 1602 5670 Laudate
1637 5615 1926 5671 Dominum
1974 5620 2041 5671 de

467 5707 637 5774 cinis.
675 5709 888 5771 laudate
911 5723 1036 5764 eum
1073 5709 1126 5773 in
1163 5709 1430 5776 excelsis;
1454 5709 1661 5762 laudate
1693 5722 1816 5763 eum
1851 5723 2043 5768 omnes

2220 4237 2282 4291 Ὀ
2312 4240 2443 4310 περὶ
2470 4239 2570 4308 τῆς
2599 4238 2909 4308 προσευχῆς
2957 4238 3137 4306 Λόγος,
3165 4236 3418 4306 ἀδελφοὶ,
3465 4236 3631 4294 πολύς
3661 4251 3716 4286 τε

2143 4330 2236 4383 καὶ
2263 4330 2538 4400 μέγιστος,
2569 4331 2688 4396 καὶ,
2727 4329 2803 4394 ώς
2836 4329 3053 4400 ἀληθῶς
3084 4331 3279 4395 εἰπεῖν,
3306 4330 3472 4385 τοῦτο
3505 4333 3634 4396 ἡμῖν
3663 4330 3715 4378 τδ

2145 4425 2579 4494 παραδεδομένον
2623 4423 2784 4494 ἔργον
2820 4425 2925 4477 ἀπὸ
2954 4423 3089 4478 Θεοῦ
3119 4465 3134 4488 ,
3178 4426 3271 4477 καὶ
3316 4425 3524 4481 παντὸς
3560 4424 3592 4477 ἆ
3627 4424 3712 4472 λοι·

2142 4518 2458 4586 κεφάλαιον.
2488 4517 2646 4570 Ἐστι
2693 4517 2749 4569 δὲ
2784 4519 3061 4586 προσευχὴ
3095 4517 3154 4569 τδ
3201 4516 3342 4585 μετὰ
3393 4517 3531 4570 Θεοῦ
3564 4515 3715 4581 γενέ·

2144 4607 2291 4674 σθαι,
2332 4610 2426 4661 καὶ
2477 4610 2562 4661 ἀεὶ
2616 4611 2851 4661 συνεῖναι
2885 4607 3026 4675 Θεῷ,
3057 4610 3153 4660 καὶ
3177 4608 3593 4676 κεκολλημένην
3627 4604 3718 4672 (ὣς

2144 4716 2310 4769 φησιν
2334 4703 2360 4754 ὁ
2385 4699 2566 4767 Δαϐὶδ)
2593 4700 2733 4768 ἔχειν
2763 4699 2911 4767 αὐτῷ
2951 4701 3043 4752 καὶ
3092 4698 3468 4752 ἀδιάσπαστον
3499 4698 3596 4766 τὴν
3621 4695 3720 4764 ψυ-

2144 4791 2268 4860 χὴν.
2296 4793 2391 4845 καὶ
2416 4791 2507 4843 τὸν
2537 4790 2663 4843 νοῦν
2698 4789 3152 4844 ἀναπόσπαστον.
3182 4787 3531 4854 Ἐκολλήθη
3565 4786 3674 4855 γὰρ
3700 4822 3716 4846 ,

2145 4884 2330 4952 φησὶν,
2364 4883 2401 4949 ἡ
2429 4881 2600 4951 ψυχή
2625 4899 2744 4950 μου
2777 4882 2972 4934 ὀπῖσω
2999 4895 3138 4945 σου,
3167 4879 3286 4945 καὶ,
3325 4878 3618 4947 Ἔδίψησε
3646 4875 3720 4928 σὲ

2143 4977 2180 5042 ἡ
2215 4973 2384 5042 ψυχή
2429 4991 2570 5043 μου,
2602 4976 2692 5026 καὶ
2721 5016 2735 5036 ,
2775 4973 2874 5040 Ὧς
2918 4973 3192 5027 ἐπιποθεῖ
3253 4972 3291 5041 ἡ
3338 4974 3570 5040 ἔλαφος
3622 4967 3716 5020 ἐπὶ

2143 5063 2251 5127 τὰς
2279 5063 2476 5130 πηγὰς
2515 5062 2634 5116 τῶν
2660 5062 2920 5123 ὑδάτων,
2945 5061 3139 5125 ὀὕτως
3180 5060 3460 5114 ἐπιποθεῖ
3481 5060 3518 5125 ἠ
3550 5053 3716 5124 Ψυχή

2139 5173 2259 5224 μου
2316 5156 2466 5224 πρικς
2511 5155 2608 5217 σὲ,
2665 5159 2696 5208 d
2745 5157 2920 5220 Θεός’
2982 5157 3100 5217 καὶ,
3132 5154 3446 5222 Ἀγαπήσω
3479 5168 3572 5211 σε,
3611 5149 3719 5202 K15-

2137 5264 2232 5315 ,ριε
2261 5249 2298 5315 ἡ
2329 5248 2510 5315 ίσχύς
2532 5265 2674 5314 μου,
2697 5248 2816 5312 καὶ,
2852 5249 2923 5302 ’11
2949 5248 3120 5315 ψυχή
3145 5264 3264 5315 μου
3289 5247 3358 5300 ἐν
3387 5244 3519 5309 ταῖς
3545 5241 3714 5314 χερσί

2147 5341 2264 5395 σοῦ
2295 5341 2646 5404 διαπαντὸς,
2673 5341 2792 5393 ἀντὶ
2832 5341 2948 5401 τοῦ.
2985 5345 3124 5410 μετά
3155 5341 3271 5395 σοῦ.
3291 5340 3388 5394 Διά
3417 5339 3574 5391 τοῦτο
3603 5334 3714 5399 καὶ,

2149 5431 2518 5500 Εὑλογήσω,
2575 5435 2730 5501 φησὶ,
2767 5433 2875 5485 τὸν
2925 5433 3151 5500 Κύριον
3192 5435 3263 5486 ἐν
3291 5431 3468 5485 παντὶ
3503 5424 3713 5494 καιρῷ.

2148 5524 2264 5587 καὶ,
2289 5523 2622 5588 Διαπαντός
2659 5525 2694 5590 ἡ
2749 5525 2987 5590 alr-3mg
3017 5524 3204 5579 αὐτοῦ
3260 5525 3331 5579 ἐν
3359 5521 3438 5588 τῷ
3467 5516 3713 5588 στόματι

2147 5631 2287 5682 μου.
2321 5612 2430 5668 Καὶ
2463 5617 2602 5682 μετά
2637 5615 2744 5668 τῶν
2775 5617 3031 5683 ἀγγέλων
3073 5618 3129 5670 δὲ
3158 5618 3389 5684 γίνεται,
3431 5613 3710 5677 ἑνούμενος

2153 5709 2337 5770 αὐτοῖς
2381 5709 2457 5778 τῷ
2494 5708 2643 5779 καλῷ
2689 5708 2855 5776 ἔρωτι
2906 5711 2996 5764 καὶ
3065 5710 3234 5782 πόθῳ.
3269 5708 3400 5772 Καὶ,
3469 5702 3707 5766 Alt-sits.
