4034 6192
501 580 629 626 sunt
656 581 711 629 et
756 572 1017 628 secunda.
1050 573 1204 630 Unde
1239 580 1454 633 caeteris
1482 583 1685 649 angelis
1736 588 1828 655 qui
1874 590 2083 645 divino-

507 679 627 716 rutn
674 663 1104 721 ministeriorum
1133 670 1459 734 cognomine
1490 676 1726 744 gaudent
1755 696 1768 733 :
1804 700 1820 731 t
1858 680 2082 738 Benedi-

502 753 610 806 cite
659 754 969 822 Dominum,
1003 757 1077 809 ait
1110 757 1300 823 David,
1335 775 1526 814 omnes
1555 766 1730 835 angeli
1790 768 1928 835 ejus,
1980 786 2081 839 po-

505 854 679 899 tontvs
708 845 927 908 virtute,
957 846 1221 904 facientes
1240 851 1462 905 verbum
1490 853 1638 909 illius
1667 857 1733 910 ad
1755 859 2079 916 audiendam

506 950 693 990 vocem
738 951 1050 992 sermonum
1084 941 1255 1009 ejus.»
1292 940 1452 1006 Nam,
1491 943 1616 1000 licet
1650 947 1783 1003 tales
1819 951 1928 1004 sint
1969 962 2084 1007 stit-

501 1027 594 1081 dio
623 1037 678 1082 et
707 1026 979 1085 ferventes
1015 1030 1069 1084 in
1107 1032 1475 1103 adintplenilis
1531 1039 1823 1106 mandatis,
1870 1042 2083 1114 hocque

502 1120 575 1175 sit
603 1136 741 1189 opus
778 1136 919 1176 verte
962 1122 1288 1181 obedientia:
1356 1136 1411 1181 ct
1443 1129 1785 1198 humilitatis,
1818 1143 2081 1200 attamen,

508 1231 528 1264 ι
566 1212 895 1281 Βιιιιειιίεῑιε,
920 1215 1115 1284 inquit.
1142 1226 1195 1271 et
1225 1218 1525 1288 κίοι-Πίστιιο
1575 1237 1698 1276 eum
1732 1225 1785 1277 in
1811 1226 2027 1291 saecula,
2055 1245 2074 1280 ι

504 1319 844 1373 nequaquam
906 1306 1005 1360 ista
1032 1307 1223 1364 dicens
1260 1311 1411 1379 quasi
1444 1327 1536 1367 eos
1575 1315 1955 1384 compelleret,
1983 1317 2078 1373 sed

504 1406 558 1448 ut
610 1397 739 1449 illud
774 1412 899 1451 cum
936 1398 1059 1453 aliis
1090 1402 1411 1456 muneribus
1436 1402 1556 1458 sine
1585 1404 1691 1459 line
1716 1416 1941 1477 agentes
1984 1408 2083 1463 ho-

505 1502 709 1542 vorans
753 1496 810 1542 et
839 1489 1193 1559 semetipsum
1231 1493 1315 1547 eis
1358 1508 1660 1563 omnesque
1723 1497 2081 1570 coniungens,

504 1580 766 1648 quoniam
807 1580 911 1634 hoc
941 1581 1117 1637 solum
1151 1581 1263 1639 Deo
1295 1584 1541 1641 oﬂ‘ertur.
1571 1587 1779 1643 Etenim
1840 1591 2084 1646 ministc-

510 1671 588 1724 ria
618 1680 838 1740 propter
870 1687 987 1737 nos,
1040 1676 1297 1742 quoniam
1335 1693 1434 1731 nos
1468 1678 1688 1745 quidem
1748 1681 2079 1753 indigemus,

509 1763 621 1817 Deo
658 1777 837 1819 autem
876 1765 1020 1820 nulla
1048 1780 1106 1820 re
1131 1781 1265 1835 opus
1292 1776 1396 1833 est,
1429 1770 1532 1823 ni~i
1573 1781 1631 1825 ιιι
1665 1771 1884 1842 hymnis
1937 1774 2083 1829 cele-

509 1852 699 1908 bretur
757 1864 1010 1924 tanquam
1066 1867 1287 1927 propter
1357 1860 1615 1914 beneficia
1676 1863 1895 1933 dignus,
1939 1865 2081 1935 quod

506 1944 667 1997 etiam
704 1945 762 1998 iit
789 1960 980 2000 eorum
1018 1948 1190 2015 gratia
1217 1949 1417 2017 quibus
1449 1950 1738 2008 benefacit.
1776 1953 1932 2010 Unde
1964 1965 2088 2027 post

507 2045 617 2091 tres
646 2038 1052 2095 excelsissitnos
1096 2040 1340 2105 ordines,
1370 2044 1551 2097 caueri
1602 2046 1955 2103 ministratria
1985 2048 2087 2104 ha-

511 2127 644 2182 bent
680 2130 1006 2199 cognomina
1040 2149 1053 2184 :
1088 2132 1177 2185 alii
1204 2132 1423 2202 quidem
1460 2132 1700 2191 Virtutes
1748 2138 2005 2194 dicuntur
2034 2151 2089 2196 et

508 2228 657 2281 sunt,
690 2221 945 2288 quoniam
978 2222 1232 2277 virtutem
1261 2226 1542 2294 accipiunt
1573 2242 1603 2282 a
1638 2229 1746 2285 Deo
1776 2239 1831 2286 et
1876 2233 2087 2288 ordini-

511 2313 613 2364 bus
636 2311 739 2365 sibi
766 2313 1142 2380 superioribus
1166 2323 1225 2371 et
1251 2316 1602 2375 inferioribus
1626 2320 1885 2377 virtutem
1932 2340 2087 2380 com-

512 2400 825 2466 municant;
859 2404 948 2457 alii
982 2414 1160 2460 autem
1195 2405 1520 2473 Potestatcs,
1563 2413 1822 2481 quoniam
1850 2425 2090 2484 potesta-

488 2498 621 2545 'tcm
659 2494 864 2563 pariter
895 2509 1306 2567 consequuntur
1354 2517 1382 2555 a
1423 2502 1534 2557 Deo
1576 2513 1630 2558 et
1658 2504 1850 2573 primis
1888 2506 2088 2562 ordini-

507 2582 611 2640 bus
661 2594 715 2639 et
740 2587 1095 2645 inferioribus
1113 2600 1433 2661 pnlt‘slalcm
1466 2595 1806 2665 impertiunt.
1828 2597 2092 2653 Similiter

509 2688 566 2732 et
604 2678 1028 2745 Dominationes,
1065 2683 1263 2752 quibus
1296 2684 1437 2741 Deus
1466 2698 1519 2741 et
1543 2688 1703 2754 prittti
1736 2689 2091 2746 dominantur

510 2769 707 2837 angeli,
738 2771 1056 2843 illequidetn
1077 2785 1289 2842 natura,
1322 2777 1374 2832 hi
1398 2794 1524 2833 vero
1550 2779 1815 2850 dignitate
1833 2791 1885 2837 et
1906 2784 2090 2838 scien-

513 2863 584 2915 tia
635 2872 690 2917 et
722 2880 846 2934 qua:
868 2864 1148 2921 ordinibus
1175 2867 1941 2926 humilioribusdOutinantur.
1966 2871 2091 2927 Pari

512 2957 720 3011 ratione
756 2960 841 3014 hic
893 2961 1028 3015 ordo
1055 2961 1250 3017 tertius
1276 2973 1362 3017 est
1387 2972 1441 3018 et
1463 2964 1763 3032 medius,et
1784 2968 2089 3034 praestantia

511 3051 709 3116 gaudet
727 3066 851 3121 erga
878 3052 1152 3117 ultimum,
1176 3054 1433 3122 quoniam
1462 3054 1693 3110 rriertur
1716 3058 1781 3111 ad
1813 3058 1975 3112 Doum
1998 3059 2088 3125 qui
2114 3087 2160 3150 ρ

513 3150 763 3206 potentes
814 3142 944 3196 iacit
970 3151 1024 3197 et
1058 3143 1335 3212 principes
1361 3160 1426 3199 ac
1477 3146 1749 3211 dominos,
1786 3157 1839 3203 ct
1864 3150 2090 3218 insuper

511 3231 783 3287 desiderio
805 3232 1026 3289 ditescit
1054 3249 1117 3289 ac
1156 3235 1315 3289 laude
1338 3251 1458 3303 qua;
1486 3253 1593 3291 non
1648 3239 1851 3294 dciicit.
1879 3240 2093 3298 Rursus

513 3331 696 3377 autem
767 3322 1110 3393 Principatus
1162 3324 1506 3394 appellantur
1570 3326 1771 3397 quibus
1827 3330 2094 3386 movendo

515 3415 856 3485 principatur
894 3415 1106 3484 primus
1147 3416 1406 3485 solusque
1439 3417 1780 3488 principatus
1814 3419 2094 3490 principa-

515 3506 739 3562 lissitnae
797 3506 1099 3574 Trinitatis,
1150 3516 1205 3561 et
1237 3522 1358 3577 quae
1396 3507 1627 3563 subditis
1666 3510 2085 3580 principuntur;

517 3599 842 3670 Archangeli
937 3615 1068 3655 vero
1090 3658 1099 3667 ί
1128 3608 1316 3669 utpote
1386 3600 1547 3672 pritni
1604 3602 1945 3658 voluntatum
2001 3603 2094 3659 Dei

518 3695 789 3765 huiusque
850 3711 1163 3751 sermonum
1223 3696 1397 3751 nuntii
1425 3706 1512 3753 oet
1556 3696 1832 3753 inferioris
1887 3697 2096 3754 ordinis

517 3788 809 3858 principes.
838 3787 1094 3844 Omnium
1131 3788 1305 3843 ultimi
1337 3796 1463 3843 sunt
1486 3789 1686 3862 angeli,
1718 3790 1791 3845 ita
1840 3792 2095 3863 appellati

517 3878 771 3950 quoniam
804 3880 868 3935 ad
896 3880 1128 3936 salutem
1178 3889 1421 3936 nostram
1451 3881 1603 3963 missi
1659 3880 1873 3939 divinas
1904 3883 2099 3939 volun-

518 3982 660 4027 tates
688 3972 1036 4028 annnntiant.
1064 3971 1234 4042 Igitur
1263 3972 1316 4028 hi
1362 3987 1554 4028 omnes
1583 3971 1676 4029 Dei
1705 3972 1929 4043 quidem
1959 3984 2092 4030 sunt

517 4064 973 4122 administratorii
1030 4065 1085 4120 in
1119 4064 1488 4120 ministerium
1516 4063 1671 4120 missi
1724 4075 1948 4137 propter
2002 4082 2099 4122 eos

517 4162 608 4227 qui
638 4158 1010 4214 hmreditatem
1039 4158 1259 4227 capient
1285 4156 1476 4212 salutis
1506 4173 1523 4222 ;
1549 4156 1643 4212 sed
1693 4157 1919 4229 insuper
1966 4173 2093 4228 per-

520 4262 693 4319 petua:
717 4249 981 4306 orationis
1010 4264 1188 4318 operte
1214 4248 1560 4304 incumbunt.
1592 4248 1718 4304 Ideo
1747 4249 1872 4304 dum
1924 4250 2083 4305 nobis

517 4351 785 4412 apparent
832 4342 901 4396 ad
937 4339 1299 4395 ministranda
1324 4338 1606 4402 salutaria,
1641 4354 1922 4410 nunquam
1973 4340 2097 4394 abs-

2248 202 2283 217 α

3634 324 3729 389 540

3447 441 3629 494 τούτου
3658 443 3730 512 τῷ

2185 519 2336 592 πόθῳ
2370 524 2516 580 κατὰ
2561 527 2631 580 τά
2665 527 2946 600 Σεραφὶμ,
2976 532 3070 585 καὶ
3105 533 3238 602 δρᾷν
3266 532 3428 587 αὑτὸν
3463 532 3547 587 ἀεὶ
3576 533 3646 597 ὥς
3668 536 3731 590 τά

2183 612 2492 685 Χερουϐὶμ,
2535 618 2633 671 καὶ
2678 620 2739 672 ιν
2766 621 2963 694 καρδίᾳ
2989 621 3180 678 τοῦτον
3214 623 3359 693 ἔχειν
3400 624 3733 695 ἀναπαυόμε-

2182 722 2273 760 νον
2317 707 2395 770 ὡς
2440 710 2489 762 οί
2527 709 2721 779 Θρόνοι
2746 753 2762 777 ,
2793 713 2894 782 τῆς
2927 715 3240 785 προσευχῆς
3275 717 3419 770 ιατιν
3445 716 3621 787 ἔργον.
3652 718 3733 772 Διδ

2181 800 2282 852 καὶ
2319 801 2482 871 ιργον
2537 801 2816 875 ἐξαίρετον
2844 808 2957 869 τοῖς
3005 807 3245 878 Χριστοῦ
3275 808 3478 871 δούλοις
3505 810 3538 874 ἠ
3574 825 3734 879 προσο

2184 892 2318 962 ευχὴ
2371 894 2525 965 παρά
2556 896 2763 949 πάντω
2798 899 2868 951 τά
2896 898 3007 968 γάρ
3042 899 3177 955 άλλα
3206 901 3483 963 διακονίας
3518 902 3621 954 elei
3646 900 3735 956 καὶ

2182 986 2436 1059 δεύτερα.
2475 988 2640 1044 Ὅθεν
2687 992 2781 1045 καὶ
2814 994 2927 1055 τοῖς
2954 992 3141 1057 ἄλλοις
3175 993 3429 1061 ἀγγέλοις
3466 995 3578 1057 τοῖς
3624 994 3736 1047 διαί

2183 1078 2380 1131 κονιῶν
2418 1078 2581 1133 θείων
2628 1080 2951 1151 ὑπωνυμίας
2996 1086 3385 1155 κεκτημένοις.
3426 1088 3735 1158 Εὐλογεῒτε

2184 1169 2293 1224 τὸν
2323 1171 2545 1238 Κύριον
2569 1212 2586 1236 ,
2614 1178 2785 1242 φησιν
2816 1177 2845 1227 ὁ
2894 1176 3082 1237 Δασὶδ,
3118 1177 3342 1240 πάντες
3372 1177 3610 1247 ἄγγελοι
3636 1181 3736 1234 αὐ·

2184 1264 2314 1327 τοῦ,
2338 1264 2588 1320 δυνατοὶ
2636 1269 2825 1338 ἰσχύϊ,
2859 1269 3177 1337 ποιοῦντες
3233 1270 3375 1336 τοὺς
3406 1272 3623 1340 λόγους
3643 1275 3740 1328 αὖ·

2184 1354 2313 1419 τοῦ,
2344 1356 2451 1412 τοῦ
2488 1358 2755 1415 ἀκοῦσαι
2782 1358 2892 1428 τῆς
2926 1361 3134 1430 φωνῆς
3170 1361 3292 1417 τῶν
3322 1364 3522 1433 λόγων
3542 1365 3738 1422 αὐτοῦ.

2187 1447 2248 1501 El
2278 1450 2389 1519 γὰρ
2419 1451 2514 1503 καὶ
2531 1451 2765 1508 τοιοῦτοι
2788 1453 2868 1523 τῷ
2898 1453 3049 1526 ζήλῳ
3095 1456 3191 1509 καὶ
3233 1455 3310 1524 τῷ
3363 1456 3641 1511 ἐκτελέσαι
3679 1459 3741 1512 τὰ

2184 1543 2641 1611 προστεταγμένα
2668 1543 2884 1616 θερμοὶ,
2914 1547 3011 1599 καὶ
3054 1546 3218 1601 τοῦτο
3247 1548 3308 1601 τὺ
3347 1546 3512 1617 ῑργον
3540 1549 3633 1617 τῆς
3658 1551 3743 1603 8v-

2185 1652 2293 1698 τως
2335 1635 2584 1707 ὑπακοῆς
2630 1654 2692 1691 τε
2744 1640 2839 1692 καὶ
2871 1639 3259 1703 ταπεινώσεως
3288 1682 3303 1707 ,
3335 1640 3458 1695 ἀλλ’
3488 1642 3635 1712 ὅμως
3657 1643 3744 1695 καὶ
3794 1692 3797 1695 ,

2116 1750 2156 1805 Β
2185 1727 2460 1797 εὐλογεῖτε
2498 1732 2594 1784 καὶ
2637 1730 2975 1800 δοξολογεῐτε
3042 1731 3209 1787 αὑτὸν
3254 1734 3527 1789 πάντοτεο
3564 1735 3656 1804 οὐχ
3677 1732 3745 1796 ὡς

2185 1822 2513 1892 προτρέπων
2554 1820 2755 1886 αὐτοὺς
2783 1822 2947 1877 τοῦτο
2977 1823 3177 1891 λέγων,
3210 1822 3327 1878 ἀλλ’
3358 1824 3440 1887 ὠς
3471 1822 3743 1886 ποιοῦντας

2184 1913 2486 1977 ἀπαύστως
2527 1914 2707 1977 τοῦτο,
2741 1918 2840 1969 καὶ
2870 1918 3010 1986 μετὰ
3047 1917 3173 1985 vi}?
3198 1915 3373 1985 άλλη(
3418 1914 3746 1983 λειτουργίας

2185 2008 2398 2076 τιμῶν,
2430 2008 2527 2061 καὶ
2561 2009 2851 2062 συνάπτων
2892 2010 3077 2071 αὐτοῖς
3124 2009 3328 2062 ἑαυτὸν
3387 2010 3479 2062 καὶ
3527 2008 3743 2069 πάντας

2186 2100 2271 2155 ὅτι
2331 2100 2490 2154 τοῦτο
2538 2102 2636 2157 καὶ
2696 2110 2860 2170 μονον
2915 2105 3056 2172 np”;
3110 2104 3246 2157 Θεδν
3276 2104 3653 2175 ἀναφέρεταιο
3690 2102 3743 2157 αι

2187 2192 2456 2247 διακονίαι
2490 2194 2599 2262 γὰρ
2636 2194 2707 2248 δι’
2731 2197 2906 2265 ἡμᾶς,
2936 2195 3019 2250 ὅτι
3065 2198 3231 2265 ἡμεῖς
3266 2196 3372 2266 μὲν
3422 2196 3608 2266 χρείαν
3635 2195 3746 2265 ἔχοι

2192 2301 2314 2353 μεν,
2340 2286 2595 2354 ἀνενδεὴς
2628 2287 2686 2340 δὲ
2736 2289 2765 2341 ὁ
2816 2288 2972 2353 Θεὸς,
3021 2291 3120 2345 καὶ
3166 2288 3331 2361 μόνον
3372 2289 3651 2358 ὑμνεῖσθαι
3677 2288 3747 2352 ὡς

2189 2378 2483 2451 εὐεργέτης
2515 2381 2687 2445 ἄξιος,
2726 2384 2822 2437 καὶ
2850 2382 3009 2437 τοῦτο
3036 2381 3125 2435 διὰ
3175 2382 3307 2446 τοῦς
3359 2381 3740 2453 εὐεργετουμέ·

2189 2489 2332 2534 νους.
2371 2472 2537 2526 Ὅθεν
2576 2473 2715 2543 μετὰ
2754 2474 2853 2538 τάς
2904 2475 3055 2545 τρεῖς
3112 2475 3383 2530 ἀνωτάτω
3440 2473 3657 2541 τάξεις,
3697 2472 3748 2526 αί

2188 2568 2375 2622 λοιπαὶ
2418 2566 2599 2631 τάξεις
2653 2567 3035 2637 λειτουργικάς
3076 2568 3380 2637 ὀνομασίας
3441 2568 3746 2640 κέκτηνται.

2193 2658 2303 2712 Καὶ
2354 2659 2409 2711 al
2449 2659 2547 2726 μὲν
2579 2660 2851 2727 Δυνάμεις
2899 2660 3009 2714 elei.
3063 2663 3161 2712 καὶ
3215 2659 3557 2723 καλοῦνται,
3588 2659 3671 2713 διὰ
3694 2656 3749 2711 τδ

2192 2752 2540 2823 ἐνισχύεσθαί
2568 2768 2630 2805 τε
2667 2752 2816 2821 παρὰ
2841 2751 2976 2805 Θεοῦ
3022 2752 3120 2806 καὶ
3153 2749 3261 2804 τῶν
3298 2751 3446 2821 ὑπέρ
3481 2748 3647 2811 αὐτὰς
3670 2748 3753 2801 οὐ·

2193 2844 2304 2898 σῶν
2334 2844 2564 2910 τάξεων,
2596 2844 2694 2898 καὶ
2730 2844 3004 2915 δνισχύειν
3033 2845 3135 2906 τάς
3157 2842 3586 2915 ὑποδεεστέραςο
3624 2840 3675 2894 αί
3702 2839 3751 2893 δὲ

2196 2936 2492 3005 Ἐξουσίαι,
2523 2939 2612 2992 διὰ
2656 2938 2716 2991 τὸ
2749 2938 3165 3002 ὲξουσιάζεσθαι
3190 2977 3204 2997 .
3234 2936 3450 3003 ὁμοίως
3512 2937 3570 2988 ὲκ
3626 2931 3751 2986 Θεοῦ

2193 3030 2291 3082 καὶ
2330 3030 2439 3082 τῶν
2485 3028 2741 3100 πρώτων,
2778 3031 2872 3082 καὶ
2920 3029 3267 3097 ὲξουσιάζειν
3309 3029 3422 3083 τῶν
3457 3028 3547 3095 ὑφ’
3572 3024 3750 3085 αὑτάς.

2193 3121 2305 3175 Καὶ
2349 3122 2405 3178 αἱ
2462 3121 2805 3192 κυριότητες
2862 3122 3068 3191 ὁμοίως
3098 3160 3114 3185 ,
3162 3121 3321 3191 παρὰ
3363 3119 3501 3173 Θεοῦ
3558 3134 3615 3170 τε
3668 3114 3755 3168 καὶ

2192 3214 2301 3266 τῶν
2352 3215 2639 3284 προτέρων
2712 3214 3104 3282 κυριευόμεναι
3144 3252 3160 3276 ,
3217 3212 3315 3264 τοῦ
3385 3212 3486 3282 μὶν
3555 3208 3705 3277 φύσει
3737 3242 3753 3267 ι

2194 3305 2306 3359 τῶν
2368 3304 2427 3358 δὲ
2465 3307 2543 3375 τῇ·
2573 3304 2700 3375 ἀξίᾳ
2725 3305 2820 3359 καὶ
2877 3303 3102 3371 γνώσει,
3148 3303 3241 3356 καὶ
3292 3302 3407 3354 τῶν
3446 3300 3618 3354 ἄλλων
3664 3312 3755 3348 κυο

2196 3398 2479 3470 ριεύουσαι
2535 3398 2647 3451 τῶν
2689 3397 3097 3467 ὑποδεεστέρων
3156 3395 3378 3458 αὑταῖς.
3440 3392 3665 3461 ὀμοίως
3702 3387 3755 3441 δὲ

2194 3491 2352 3564 τρίτη
2384 3490 2537 3558 τάξις
2575 3490 2714 3562 αῦτη
2748 3490 2842 3545 καὶ
2875 3489 3016 3559 μέση
3070 3489 3186 3543 ἐστὶ
3213 3528 3229 3553 ,
3269 3488 3372 3542 καὶ
3415 3487 3475 3540 τὸ
3513 3485 3754 3553 ὑπεροχιο

2195 3586 2291 3640 κὸν
2314 3585 2479 3657 2ο9
2503 3586 2701 3655 ἔχουσα
2728 3583 2866 3656 πρὸς
2890 3584 2990 3653 τὴν
3010 3580 3358 3644 τελευταίαν,
3406 3581 3489 3633 ὅτι
3516 3576 3647 3645 πρὸς
3674 3572 3755 3625 τὸν

2194 3678 2457 3741 δυνατοὺς
2501 3676 2761 3732 ποιοῦντα
2806 3674 2942 3728 Θεὸν
2983 3674 3078 3728 καὶ
3124 3672 3489 3741 ίξουσιαστάς
3531 3668 3624 3722 καὶ
3669 3683 3757 3717 κυ⁹

2199 3775 2347 3846 ρίους
2399 3773 2679 3841 ἀνάγεται.
2716 3770 2813 3825 καὶ
2870 3769 3139 3840 δευτέρως
3199 3768 3295 3822 καὶ
3344 3766 3438 3821 τὸν
3477 3764 3637 3819 πόθον
3673 3760 3760 3813 καὶ

2195 3869 2295 3938 τὴν
2344 3869 2548 3921 αῐνεσιν
2582 3864 2930 3919 ἀδιάλειπτον
2974 3862 3220 3915 πλουτεῖ.
3270 3856 3439 3921 Αὖθις
3494 3858 3552 3912 δὲ
3605 3852 3759 3925 ἀρχαὶ

2198 3946 2513 4019 καλοῦνται,
2546 3954 2655 4011 ἀπὸ
2682 3954 2785 4023 τῆς
2833 3952 3059 4024 πρώτης
3092 3954 3222 4021 μιᾶς
3261 3952 3447 4023 ἀρχῆς
3479 3951 3578 4019 τῆς
3616 3950 3760 4017 ἀρχι-

2197 4052 2450 4123 κωτάτης
2478 4050 2709 4121 Τριάδος
2736 4047 3041 4119 ἀρχόμεναί
3069 4064 3129 4101 τε
3160 4046 3254 4100 καὶ
3286 4044 3610 4114 κινούμεναι
3628 4081 3645 4107 ,
3675 4039 3761 4092 καὶ

2197 4148 2463 4218 ἄρχουσαι
2513 4144 2628 4198 τῶν
2662 4141 2991 4212 ὑφειμένωνο
3046 4141 3142 4224 καὶ
3169 4138 3541 4209 ’Δρχάγγελοι
3586 4136 3660 4200 δὲ,
3690 4131 3761 4191 ὡς

2197 4239 2307 4293 τῶν
2338 4238 2500 4292 θείων
2533 4236 2858 4307 θελημάτων
2890 4233 2983 4287 καὶ
3009 4232 3185 4302 λόγων
3218 4230 3597 4301 ἑξαγγελτικοὶ
3624 4224 3762 4295 πρῶο

2197 4348 2281 4385 τοι
2312 4331 2410 4385 καὶ
2454 4332 2565 4384 τῶν
2614 4331 2707 4385 ὑπ’
2735 4318 2935 4392 αὐτοὺς
2966 4328 3207 4398 ἐξαρχοι.
3259 4328 3324 4380 (ιι
3376 4325 3434 4380 δὲ
3477 4321 3760 4379 τελευταῖοι
3814 4388 3826 4410 ι

516 4447 625 4500 que
678 4432 893 4502 hymnis
923 4442 979 4486 et
1033 4430 1283 4485 oratione
1318 4429 1755 4500 conspiciuntur,
1813 4439 2090 4486 auctorem

2197 4424 2308 4477 τῶν
2337 4424 2510 4480 ἄλλων
2536 4422 2782 4492 ἄγγελοι,
2812 4423 2887 4487 ὡς
2917 4422 3055 4492 πρὸς
3101 4422 3381 4490 σωτηρίαν
3417 4419 3579 4488 ἡμῶν
3631 4418 3760 4470 ἀποο
3820 4446 3827 4455 -

520 4535 766 4579 nostrum
802 4522 964 4578 nobis
993 4522 1388 4577 annuntiantes
1418 4520 1609 4584 Deum,
1646 4537 1881 4592 eumque
1915 4523 2091 4579 solum

520 4617 735 4689 hymnis
764 4615 1041 4670 celebrare
1070 4614 1486 4685 praecipientes.
1523 4611 1890 4680 Quamobrem
1943 4614 2093 4687 Moy-

516 4712 560 4769 si
599 4714 822 4778 angelus
857 4720 1127 4778 apparens
1175 4721 1191 4760 :
1234 4724 1253 4759 t
1282 4701 1476 4770 'Solve,
1510 4703 1707 4775 inquit,
1757 4705 2097 4762 calceameno

519 4814 632 4857 tum
663 4800 730 4857 de
748 4799 987 4872 pedibus
1017 4797 1146 4860 tuis,
1177 4815 1197 4849 ι
1237 4795 1289 4851 in
1322 4796 1589 4852 honorem
1622 4795 1740 4853 Dei.
1767 4796 1935 4853 Isaias
1958 4812 2095 4852 con-

514 4897 766 4951 cinentes
842 4891 1071 4956 audivit,
1146 4905 1361 4944 necnon
1436 4888 1689 4945 Ezechiel
1750 4899 1807 4945 et
1864 4890 2093 4957 Daniel;

518 4997 768 5057 puSlOl'cs
809 4998 965 5049 vero,
999 4992 1127 5037 nato
1151 4981 1397 5045 Christo,
1425 4980 1836 5036 multitudinem
1890 4982 2097 5038 militia:

516 5074 760 5131 caelestis
787 5080 1195 5143 conspexerunt
1216 5070 1530 5142 angelorum
1559 5070 1899 5126 laudantium
1925 5072 2093 5127 Deum

517 5179 573 5223 ct
603 5167 896 5223 dicentium
929 5184 942 5219 :
977 5185 995 5217 ι
1033 5164 1215 5219 Gloria
1244 5163 1300 5219 in
1332 5162 1620 5220 altissimis
1653 5180 1668 5218 :
1703 5182 1723 5216 ι
1780 5174 1835 5219 et
1860 5165 1913 5218 in
1951 5167 2100 5236 Apo-

519 5261 720 5329 calypsi
765 5258 1000 5315 Joannes
1029 5258 1163 5312 alios
1199 5256 1418 5325 quidem
1450 5264 1733 5311 cantantes
1779 5257 1986 5313 audivit
2033 5274 2098 5315 ac

522 5348 703 5415 viginti
735 5357 969 5414 quatuor
1002 5348 1351 5415 signatosque
1380 5355 1596 5416 propter
1621 5346 1836 5417 Agnutn
1871 5348 1964 5417 qui
2011 5359 2098 5404 est

522 5439 679 5493 vivus
710 5438 803 5493 Dei
838 5453 1015 5509 agnus
1041 5436 1202 5494 Jesus
1245 5437 1523 5505 Christus,
1578 5452 1794 5493 necnon
1843 5439 2093 5510 angelum

519 5534 611 5600 qui
658 5530 708 5585 ci
760 5530 1112 5601 Apocalypsis
1179 5545 1377 5585 arcana
1441 5529 1700 5585 revelarit
1771 5538 1827 5586 et
1911 5532 2093 5588 dixit:

527 5644 547 5674 ε
577 5623 691 5677 Νι)ιὶ
748 5639 835 5678 nte
893 5622 1144 5686 adorare,
1202 5638 1509 5679 conservus
1558 5632 1684 5677 tuus
1732 5639 1877 5685 sum.
1926 5624 2094 5678 Deum

531 5716 717 5774 adora.
763 5734 782 5769 ι
834 5714 1023 5771 Vidcu'
1077 5716 1333 5786 quoniam
1397 5730 1588 5773 omnes
1662 5715 1770 5771 Deo
1830 5716 2091 5774 honorent

2203 4514 2553 4586 στελλόμενοί
2578 4533 2634 4569 τε
2651 4515 2746 4569 καὶ
2777 4516 2844 4569 τά
2872 4516 2994 4568 θεῖα
3017 4512 3301 4584 θελήματα
3322 4509 3759 4579 ἀναγγέλλοντες.

2201 4601 2361 4663 Οὗτοι
2392 4605 2486 4663 οῦν
2513 4608 2755 4671 άπαντες
2783 4607 2881 4677 μὲν
2910 4604 3218 4676 λειτουργοὶ
3248 4604 3386 4657 Θεοῦ
3411 4603 3505 4657 καὶ
3534 4601 3760 4656 διάκονοι

2200 4700 2290 4755 διὰ
2341 4703 2471 4766 τοὺς
2520 4700 2813 4773 μέλλοντας
2854 4699 3217 4769 κληρονομεῖν
3265 4695 3577 4766 σωτηρίαν
3631 4690 3762 4758 πλὴν

2202 4794 2299 4848 καὶ
2331 4793 2433 4864 τὴν
2460 4793 2775 4863 προσευχὴν
2804 4791 3230 4847 ἀκατάπαυστον
3261 4787 3426 4859 ἔργον
3456 4788 3759 4856 κέκτηνται·

2201 4888 2325 4942 ὅθεν
2362 4888 2458 4941 καὶ
2505 4888 2640 4959 ἡμῖν
2682 4887 2750 4941 τά
2789 4884 3112 4957 ωτηριὼδη
3146 4882 3524 4946 διακονοῦντές
3564 4898 3622 4935 τε
3675 4876 3762 4932 καὶ

2204 4978 2651 5050 ἑμφανιζόμενοι,
2681 4979 2743 5034 οῦ
2774 4980 2944 5050 χωρὶς
2978 4975 3167 5048 ῦμνων
3199 4976 3293 5031 καὶ
3329 4974 3636 5046 προσευχῆς
3666 4973 3761 5037 ty.-

2204 5073 2545 5140 φανίζονται,
2576 5072 2672 5126 τὸν
2718 5073 2892 5126 αίτιον
2934 5070 3096 5145 ἡμῶν
3124 5070 3259 5124 Θεδν
3295 5071 3430 5141 ἡμῖν
3465 5065 3759 5135 καταγγέλ-

2201 5166 2404 5231 λοντες,
2440 5165 2534 5219 καὶ
2564 5164 2753 5220 τοῦτον
2786 5165 2949 5235 μόνον
2994 5163 3184 5235 ὑμνεῖν
3217 5162 3648 5232 ὶγκελευόμενοι.
3675 5156 3761 5211 Διδ

2203 5259 2298 5311 καὶ
2327 5257 2535 5327 Μωῦσῇ
2561 5256 2793 5325 ἄγγελος
2820 5254 3029 5326 ὀφθεὶς,
3067 5274 3087 5308 ι
3111 5255 3307 5321 Λῦσον,
3354 5254 3511 5324 φησὶ,
3542 5252 3601 5306 τὸ
3638 5247 3762 5304 ὑπό-

2201 5352 2352 5422 δημα
2391 5353 2455 5406 ὲκ
2483 5352 2590 5405 τῶν
2632 5350 2811 5405 ποδῶν
2841 5365 2934 5403 σου
2967 5348 3051 5413 εἰς
3094 5348 3261 5418 τιμὴν
3294 5347 3388 5401 τοῦ
3419 5343 3577 5399 Θεοῦ.
3608 5360 3626 5395 ι
3660 5338 3760 5395 Καὶ

2201 5445 2231 5497 ὁ
2269 5444 2497 5507 Ἡσαΐας
2528 5444 2843 5512 ὑμνούντων
2872 5442 3093 5513 ἧκουσε,
3128 5440 3222 5494 καὶ
3252 5436 3512 5509 ’Ῑεζεκιὴλ
3537 5435 3628 5489 καὶ
3657 5436 3759 5488 Aa-

2203 5536 2345 5609 νιήλ.
2380 5536 2490 5591 Καὶ
2539 5538 2588 5590 oi
2646 5536 2903 5603 ποιμένες
2958 5535 3036 5598 δὲ,
3100 5532 3338 5604 Χριστοῦ
3385 5528 3759 5599 γεννηθέντος,

2205 5626 2412 5697 πλῆθος
2442 5626 2703 5695 στρατιᾶς
2735 5620 2875 5679 εἶδον
2899 5624 3149 5693 ἀγγέλων
3172 5619 3468 5677 αἰνούντων
3500 5617 3589 5672 τὸν
3610 5613 3755 5673 θεὸν,

2206 5717 2296 5771 καὶ
2335 5715 2414 5784 τὸ,
2456 5735 2475 5769 ι
2510 5714 2649 5783 Δόξα
2680 5716 2741 5769 ὲν
2775 5714 3042 5786 ὑψίστοις,
3084 5733 3101 5767 ι
3128 5712 3418 5784 λεγόντων.
3469 5710 3579 5767 Καὶ
3609 5708 3663 5760 ὲν
3694 5704 3754 5767 τῆ
