4034 6192
257 273 352 334 εις
1383 263 1484 332 DE
1522 271 1761 362 saeua
1806 271 2317 336 PRECATIONE.

3415 279 3522 338 546

254 387 342 436 ut
369 378 667 449 ἁμαρτιῶν
700 377 1100 449 ἀπολύτρωσις,
1139 377 1239 432 ’καὶ
1291 377 1482 449 ψυχῶν
1513 383 1608 433 καὶ
1641 379 1831 447 σωμά-

1940 396 1968 433 a
2003 381 2266 449 peccatis.
2321 381 2627 437 animarum
2660 389 2716 438 et
2761 397 3055 454 corporum
3109 385 3403 454 medicina,
3431 390 3518 443 di-

255 493 354 527 ετ-ιν
401 472 856 542 θεραπευτήρων,
902 472 997 522 καὶ
1032 471 1319 540 φωτισμοῦ
1371 470 1518 524 θείου
1577 473 1834 542 χορηγὸς,

251 565 344 616 καὶ
407 563 592 622 ἐλέους
645 559 782 613 Θεοῦ
844 560 1074 632 βρύσις,
1131 563 1224 615 καὶ
1286 561 1689 631 ἀποκαλύψεων
1743 564 1840 614 καὶ

250 657 510 726 μυήσεων
565 653 726 705 θείων
779 654 836 704 ἐν
887 653 1212 707 ταπεινώσει
1265 654 1589 726 βραδευτὴς,
1641 655 1840 709 καὶ“τὸ

248 748 415 816 μόνον
454 747 744 816 σωτήριον,
777 747 898 798 ἐπεὶ
925 746 1018 799 καὶ
1045 745 1104 799 τὸ
1130 749 1394 816 σωτήριον
1429 748 1585 816 φέρει
1608 749 1665 800 ἐν
1700 749 1834 819 αὐτῇ

253 841 340 893 τοῦ
376 839 510 891 Θεοῦ
543 839 698 908 ἡμιῖιν
735 839 927 906 δνομαθ
968 837 996 890 ὃ
1049 838 1113 906 δὴ
1158 839 1218 891 τὸ
1271 840 1433 908 μόνον
1667 841 1838 909 δνομά

247 932 370 984 ἐστι
399 932 458 983 τὸ
490 931 784 1001 ἐπικληθὲν
815 932 894 993 εἰς
928 932 1097 1000 ἡμᾶς,
1126 931 1301 1000 Ἰησοῦ
1320 933 1557 1002 Χριστοῦ
1587 932 1681 986 τοῦ
1705 934 1834 987 Υἱοῦ

247 1026 348 1078 τοῦ
389 1025 548 1078 θεοῦ.
593 1026 697 1078 Καὶ
733 1025 831 1076 οὐκ
879 1024 1029 1076 ἐστιν
1077 1027 1135 1076 ἐν
1167 1025 1344 1078 οὐδενὶ
1394 1026 1541 1096 ἄλλῳ
1593 1027 1835 1096 σωοῆναι

247 1119 422 1186 ἡμᾶς,
483 1116 557 1178 ὥς
604 1135 769 1196 φησιν
813 1115 1211 1180 ὁἈπὸστολος.
1266 1119 1355 1170 Διὸ
1411 1121 1506 1172 καὶ
1555 1124 1834 1192 προσευχὴ

245 1213 424 1273 ἐστιν,
454 1213 533 1265 ὅτι
559 1213 615 1263 ἐν
645 1211 783 1281 αὐτῇ
812 1212 902 1265 τὸν
933 1213 1075 1265 οεῖον
1105 1211 1473 1282 ἐπιζητοῦμεν
1501 1213 1651 1267 ἔλεον
1676 1232 1689 1247 ·
1739 1216 1836 1268 καὶ

245 1304 409 1374 εὐχὴ,
443 1306 525 1356 ὅτι
560 1305 872 1373 παρέχομεν
900 1305 1128 1369 ἑαυτοὺς
1163 1305 1387 1376 Χριστῷ
1420 1307 1511 1360 διὰ
1545 1309 1645 1377 τῆς
1668 1309 1835 1361 αὑτοῦ

246 1396 604 1463 ἐπικλήσεως
628 1413 642 1427 ⁸
685 1399 779 1449 καὶ
808 1396 1094 1466 ὁμολογία,
1131 1399 1212 1450 ὅτι
1241 1398 1400 1452 τοῦτο
1429 1399 1772 1471 ὁμολογήσας
1809 1403 1837 1455 6

244 1488 484 1558 Πέτρος,
524 1489 936 1557 μεμακάρισται
961 1507 974 1519 ·
1010 1490 1103 1542 καὶ
1135 1490 1451 1560 Πνεύματος
1499 1495 1834 1564 παρεκτικὴ,

243 1579 326 1632 δτι
365 1599 386 1630 α
415 1579 604 1642 Οὐδεὶς
629 1581 776 1647 λέγει
807 1580 1008 1647 Κὸριον
1045 1581 1272 1651 Ἰησοῦν,
1296 1585 1344 1635 εξ
1376 1585 1449 1652 μὴ
1479 1587 1532 1636 ἐν
1557 1587 1837 1655 Π-λεύματι

241 1671 414 1738 ἁγίῳσ
443 1689 462 1723 ι
501 1672 594 1726 καὶ
625 1671 844 1740 δωρεῶν
877 1673 1036 1726 οείων
1065 1676 1322 1742 χορηγὸς,
1367 1677 1448 1729 ὅτι
1473 1678 1600 1730 μιιά
1632 1679 1836 1747 ταύτην

1883 534 1894 543 ο
1943 472 2052 525 vini
2091 473 2314 526 luminis
2347 473 2591 544 largitor,
2629 474 3018 530 misericordiae
3065 477 3158 533 Dei
3213 482 3516 552 scaturigo.

1940 580 2270 621 arcanorum
2324 567 2819 638 mysteriorumque
2861 572 3126 627 revelatio
3183 574 3517 644 divinorum,

1940 660 2114 712 Solum
2165 660 2425 721 salutare.
2487 663 2746 730 quoniam
2782 663 2834 716 in
2885 679 2944 717 se
2990 667 3234 721 continet
3279 669 3518 724 salutare

1939 768 2142 807 nomen
2180 753 2274 807 Dei
2323 754 2517 813 nostri.
2548 754 2688 823 quod
2749 756 2922 808 solum
2959 773 3159 812 nomen
3215 770 3300 814 est
3355 775 3520 830 super

1941 860 2038 898 nos
2089 845 2397 900 invocatum
2439 843 2566 900 Jesu
2601 846 2804 901 Christi
2858 847 2975 902 Filii
3026 848 3140 914 Dei,
3179 860 3233 905 et
3286 867 3396 906 non
3429 864 3515 908 est

1938 936 2084 991 aliud
2117 951 2312 992 romen
2355 939 2408 992 in
2457 955 2566 1007 quo
2597 947 2848 1006 oporteat
2874 954 2970 993 nos
3001 941 3180 996 salvos
3209 941 3348 1006 ﬁeri,
3391 959 3517 1011 per-

1941 1027 2068 1082 inde
2125 1043 2190 1082 ac
2237 1028 2372 1083 dixit
2402 1029 2720 1097 Apostolus.
2771 1028 2897 1084 Ideo
2925 1040 3006 1085 est
3037 1032 3232 1097 oratio,
3259 1038 3518 1102 quoniam

1941 1120 1993 1173 in
2027 1137 2087 1174 ea
2132 1121 2370 1176 divinant
2422 1121 2776 1190 imploramus
2814 1109 3268 1191 misericordiam,
3300 1135 3383 1180 est
3424 1142 3522 1180 vo-

1941 1219 2076 1275 tum,
2109 1215 2366 1281 quoniam
2402 1227 2498 1280 per
2545 1212 2947 1267 invocationem
2984 1215 3100 1284 ejus
3136 1214 3246 1268 Deo
3273 1226 3522 1270 nosmet-

1941 1303 2089 1372 ipsos
2120 1304 2528 1373 mancipanms;
2567 1314 2649 1359 est
2685 1305 2994 1371 confessio,
3027 1307 3282 1376 quoniam
3327 1307 3521 1364 Petrus

1942 1396 2045 1448 hoc
2099 1397 2387 1450 confessus
2419 1397 2610 1451 beatus
2648 1391 2954 1451 declaratus
2987 1410 3109 1464 est;
3167 1411 3251 1454 est
3281 1399 3520 1470 Spiritus

1939 1486 2185 1557 largitor,
2233 1489 2488 1557 quoniam
2545 1504 2709 1542 nemo
2759 1501 2943 1558 potest
2993 1492 3176 1547 dicere
3229 1493 3516 1549 Dominum

1938 1577 2123 1633 Jesntn
2161 1579 2260 1634 nisi
2293 1579 2345 1632 in
2379 1579 2586 1648 Spiritu
2621 1592 2840 1646 sancto;
2878 1593 2960 1636 est
2987 1583 3295 1638 divinorum
3335 1602 3524 1640 mune-

1943 1690 2060 1727 rntn
2091 1674 2271 1735 dator,
2307 1674 2566 1742 quoniam
2602 1684 2828 1744 propter
2858 1691 3000 1741 eam,
3066 1695 3083 1726 ι
3124 1678 3271 1730 Dabo
3309 1679 3421 1743 tibi,
3450 1681 3525 1734 ait

241 1765 407 1816 δώσω
436 1780 540 1827 σοι,
569 1762 644 1832 τῷ
669 1765 861 1834 Πέτρῳ
890 1767 1056 1835 φησὶν
1080 1767 1107 1817 6
1140 1768 1395 1836 Χριστὸς,
1430 1771 1527 1831 τὰς
1557 1771 1704 1833 κλεῖς
1731 1770 1832 1832 τῆς

1938 1766 2187 1820 Christus
2222 1763 2403 1826 Petro.
2431 1766 2612 1820 claves
2643 1767 2793 1838 regni
2825 1769 3121 1832 caalorum;
3160 1789 3178 1820 ι
3215 1780 3296 1824 est
3328 1786 3524 1826 cmun-

167 1870 179 1881 ·
245 1853 538 1923 βασιλείας
573 1855 680 1907 τῶν
713 1855 1013 1926 οὐρανῶν-ι
1053 1858 1146 1912 καὶ
1171 1859 1449 1928 κάθαρσις·
1477 1863 1724 1931 καρδίας,
1757 1865 1837 1916 ὅτι

238 1952 333 2000 τὸν
375 1948 515 2000 Θεὸν
544 1949 646 2019 ὁρᾷ
674 1949 768 2002 καὶ
798 1950 955 2004 καλεῖ
993 1954 1086 2005 καὶ
1123 1953 1377 2023 καθαίρει
1413 1957 1502 2006 τὸν
1540 1957 1831 2026 βλέποντα·

241 2042 340 2092 καὶ
400 2039 586 2105 δίωξις
632 2041 937 2110 δαιμόνων,
992 2045 1074 2097 ὅτι
1131 2047 1189 2098 ἐν
1242 2044 1320 2112 τῷ
1372 2047 1594 2114 ὀνόματι
1662 2050 1836 2119 Ὶησοῦ

243 2129 496 2198 Χριστοῦ
532 2131 872 2201 ἐδιώχθησαν
917 2135 1012 2187 καὶ
1060 2135 1344 2188 διώκονται
1377 2141 1576 2200 πάντες
1630 2141 1678 2191 οἱ
1727 2141 1840 2193 63i-

247 2239 438 2289 μονες·
479 2225 574 2276 καὶ
608 2224 884 2293 ἐνοίκησις
918 2227 1178 2295 Χριστοῦ,
1213 2229 1292 2281 ὅτι
1338 2231 1404 2299 τῇ
1441 2229 1606 2282 αὐτοῦ
1639 2233 1830 2300 μνήμῃ

244 2315 272 2365 ὁ
297 2313 542 2381 Χριστός
577 2316 725 2367 ἐστιν
750 2317 804 2369 ἐν
829 2317 978 2384 ἡμῖν,
1005 2319 1100 2370 καὶ
1126 2318 1213 2370 διὰ
1243 2320 1340 2388 τῆς
1369 2320 1589 2390 μνήμης
1620 2323 1839 2384 ἐνοικεῖ,

245 2409 342 2458 καὶ
377 2405 724 2478 εὐφροσύνης
755 2408 977 2478 πληροῖ.
1004 2428 1021 2460 ι
1056 2409 1368 2480 Ἐμνήσοην
1393 2413 1521 2480 γὰρ,
1559 2415 1714 2482 φησὶ,
1747 2413 1840 2465 τοῦ

247 2499 390 2551 Θεοῦ
415 2505 508 2551 καὶ
531 2500 862 2569 εὐφράνοην.
898 2521 917 2553 ι
952 2503 1062 2554 Καὶ
1085 2505 1468 2572 πνευμ;.τικῶν
1497 2507 1716 2558 ἐννοιῶν
1747 2510 1838 2560 καὶ

248 2590 536 2659 λογισμῶν
564 2593 678 2644 ἐστι
713 2595 886 2662 πηγὴ,
915 2596 996 2646 ὅτι
1031 2596 1268 2664 Χριστός
1302 2597 1451 2648 ἐστιν
1486 2599 1513 2650 ὁ
1558 2597 1836 2668 Θησαυρὶς

248 2684 438 2751 πάσης
470 2685 662 2752 σοφίας
695 2686 792 2738 καὶ
839 2687 1090 2752 γνώσεως
1128 2727 1143 2750 ,
1191 2690 1284 2742 καὶ
1311 2685 1388 2750 οἷς
1429 2691 1627 2745 ἐνοικεῖ
1672 2691 1845 2745 ταῦτα

247 2779 506 2845 χορηγεῖ·
543 2780 638 2830 καὶ
666 2779 952 2848 ἁμαρτιῶν
982 2781 1386 2848 ἀπολύτρωσις.
1413 2783 1493 2834 δτι
1525 2783 1594 2835 δι’
1632 2771 1838 2850 αὐτὴν,

253 2870 438 2922 «Ὅσα
467 2869 678 2934 λύσεις,
708 2872 894 2940 φησιν,
921 2872 1074 2924 ἔσται
1094 2872 1358 2938 λελυμένα
1394 2876 1450 2926 ἐν
1468 2874 1544 2944 τῷ
1570 2874 1834 2942 ούρανῴοι

247 2962 345 3013 καὶ
394 2961 586 3030 ψυχῶν
639 2963 728 3014 καὶ
770 2963 1037 3030 σωμάτων
1076 2965 1535 3035 Θεραπευτήριον,
1565 2969 1668 3032 ὅτι,
1709 2986 1725 3018 ι
1753 2969 1841 3019 Ἑν

248 3053 327 3124 τῷ
353 3055 586 3124 ὀνόματι
630 3055 804 3120 Ἰησοῦ
839 3056 1076 3126 Χριστοῦ
1119 3058 1330 3127 ἐγειραι
1361 3060 1452 3113 καὶ
1487 3061 1832 3130 περιπάτειμ
1865 3090 1908 3150 C

251 3144 416 3213 φησί·
452 3145 567 3208 καλ,
607 3145 828 3203 «Αἰνέα.
867 3145 1012 3198 ἱᾶταὶ
1044 3163 1100 3197 σε
1146 3147 1351 3214 Ἰησοῦς
1375 3151 1401 3200 6
1429 3149 1716 3217 Χριστὸςί
1741 3152 1835 3201 καὶ

251 3235 544 3303 φωτισμοῦ
581 3236 724 3288 Οεέου
776 3237 1034 3304 χορηγὸς,
1084 3239 1168 3290 ὅτι
1225 3241 1457 3308 Χριστὸς
1503 3241 1562 3292 τὸ
1607 3242 1722 3306 φώς
1779 3241 1836 3292 τὸ

252 3325 512 3393 ἀληθινόν
542 3329 674 3389 ἐστε,
734 3328 950 3395 καὶτῆς
980 3328 1365 3401 λαμπρότητος
1414 3332 1584 3384 αῦτοῦ
1616 3337 1705 3384 καὶ
1739 3333 1836 3400 χὰ-

257 3435 409 3486 ριτος
443 3419 771 3486 μεταδίδωσι
795 3422 905 3482 τοῖς
954 3423 1115 3474 αὑτὸν
1165 3423 1633 3492 ἐπικαλουμένοις.
1671 3445 1688 3476 ι
1728 3426 1835 3477 Καὶ

256 3507 426 3573 ἔστω,
458 3505 642 3576 ἐρησὶν,
669 3512 700 3577 ἡ
724 3508 1042 3580 λαμπρότης
1069 3512 1274 3581 Κυρίου
1297 3513 1388 3566 τοῦ
1411 3513 1544 3567 Θεοῦ
1568 3516 1726 3584 ἡμῶν
1751 3515 1835 3583 ἐφ’

255 3601 464 3669 ἡμᾶς’»
503 3604 620 3668 καὶ,
665 3619 684 3653 ι
733 3601 791 3656 ’0
823 3603 1133 3657 ἀκολουθῶν
1163 3605 1286 3674 ἐμοὶ
1331 3605 1443 3670 ἕξει
1471 3606 1530 3658 τὸ
1570 3607 1683 3674 φῶς
1737 3607 1836 3675 τῆς

259 3692 428 3760 ζωῆς,
452 3711 469 3744 ι
498 3694 594 3747 καὶ
618 3695 802 3758 ἐλέους
831 3696 975 3749 Θείου
1004 3697 1216 3769 βρύοις,
1240 3699 1322 3750 ὅτι
1354 3699 1441 3751 τὸν
1476 3699 1618 3751 ἔλεον
1648 3701 1837 3768 ζητοῦ-

265 3799 357 3850 μεν
381 3799 398 3814 ο
434 3784 528 3837 καὶ
561 3785 807 3856 ἐλεήμων
849 3790 874 3840 ὁ
920 3790 1144 3857 Κύριος,
1195 3791 1289 3843 καὶ
1337 3779 1597 3861 οἰκτεέρει
1633 3795 1837 3856 πάντας

256 3875 381 3938 τοὺς
413 3876 881 3946 ἐπικαλουμένους
903 3879 1066 3932 αὐτόν
1091 3895 1103 3908 ⁸
1137 3881 1232 3933 καὶ
1261 3883 1404 3934 ποιεῖ
1434 3881 1530 3950 τὴν
1560 3883 1837 3952 ἐκδίκησιν

253 3967 311 4017 ἐν
339 3970 498 4034 τάχει
537 3968 645 4020 τῶν
691 3968 940 4037 βοώντων
994 3970 1130 4037 πρὸς
1181 3973 1360 4024 αὐτόν·
1419 3973 1511 4025 καὶ
1558 3974 1835 4027 ἀποκαῖού-

246 4060 405 4128 ipng
434 4061 528 4114 xui.
569 4062 821 4128 μυήσεων
857 4062 1016 4116 θείων
1045 4063 1352 4134 βραϐευτὴς
1393 4066 1506 4127 τοῖς
1537 4067 1833 4128 ταπεινοῖς,

248 4152 333 4206 ὅτι
378 4153 479 4204 καὶ
510 4151 588 4221 τῷ
636 4154 773 4206 ἁλιεῖ
805 4155 994 4224 Πέτρῳ
1029 4154 1165 4225 αὕτη
1205 4155 1409 4210 δέδοται
1442 4157 1506 4208 δι’
1556 4156 1832 4209 ἀποκαλύ-

245 4243 402 4312 ψεως
435 4243 530 4296 τοῦ
558 4247 616 4298 ἐν
641 4247 888 4316 οὐρανοῖς
918 4247 1150 4316 Πατρός.
1211 4247 1318 4300 Καὶ
1363 4247 1568 4310 Παῦλος
1609 4249 1832 4318 ἡρπάγη

248 4337 310 4390 ιν
342 4335 597 4407 Χριστῷ,
629 4341 725 4392 καὶ
765 4339 1164 4408 ἀποκαλύψεων
1193 4340 1393 4410 ἤκουσε
1419 4354 1435 4370 ⁸
1484 4343 1576 4394 καὶ
1603 4347 1830 4396 πάντοτε

1942 1859 2090 1910 datio
2137 1859 2336 1922 cordis,
2373 1859 2635 1928 quoniam
2666 1859 2835 1913 Deum
2892 1861 3033 1914 videt
3075 1872 3128 1915 et
3179 1861 3395 1918 invocat
3431 1865 3520 1932 qui

1943 1958 2285 2017 spectantem
2322 1960 2550 2019 purgat;
2589 1958 2672 2004 est
2707 1951 3014 2005 daemonum
3047 1955 3346 2022 propulsio,
3388 1970 3524 2024 quo-

1941 2040 2086 2092 niam
2128 2041 2180 2093 in
2214 2041 2438 2095 nomine
2479 2039 2606 2094 Jesu
2657 2040 2861 2096 Christi
2913 2044 3309 2111 pmpulsantnr
3338 2057 3390 2100 et
3431 2063 3521 2101 ar-

1943 2143 2133 2184 ccntttr
2171 2133 2449 2188 dwuuones
2499 2135 2736 2188 universi
2766 2151 2780 2201 ;
2815 2148 2896 2189 est
2933 2135 3255 2190 inhabitatio
3285 2139 3514 2202 Christi,

1944 2219 2200 2283 quoniam
2239 2233 2334 2287 per
2370 2221 2488 2286 ejus
2521 2223 2837 2274 memoriam
2877 2222 3128 2278 Christus
3157 2235 3240 2280 est
3273 2226 3324 2279 in
3359 2228 3518 2282 nobis

1945 2317 2000 2359 et
2058 2307 2110 2360 in
2145 2307 2304 2362 nobis
2361 2309 2566 2362 habitat
2621 2327 2685 2365 ac
2732 2312 2916 2365 laetitia
2963 2315 3167 2382 replet;
3222 2317 3296 2368 ait
3329 2316 3516 2370 enim:

1918 2421 1966 2453 ,ι
2005 2401 2343 2458 Recordatus
2389 2420 2508 2457 sum
2546 2405 2637 2457 Dei
2682 2417 2736 2458 et
2779 2407 2990 2461 laetatus
3025 2424 3178 2472 smn;
3221 2430 3238 2462 υ
3283 2409 3401 2465 fons
3438 2422 3520 2464 est

1923 2491 2336 2559 .c0gitationnm
2381 2501 2434 2545 et
2480 2495 2833 2570 consiliorum
2873 2498 3225 2566 spiritalium,
3261 2501 3518 2570 quoniam

1943 2579 2197 2636 Christus
2229 2583 2524 2636 thesaurus.
2555 2568 2640 2640 est
2667 2587 2846 2640 omnis
2885 2590 3244 2657 sapient‘met
3273 2591 3518 2646 scientiae

1944 2690 2081 2744 quas
2107 2675 2184 2728 eis
2215 2674 2265 2728 in
2297 2677 2495 2744 quibus
2542 2677 2750 2733 habitat
2793 2679 3072 2748 impertit;
3105 2691 3186 2737 est
3218 2682 3519 2753 redemptio

1945 2783 1974 2820 a
2027 2768 2284 2835 pecratis,
2315 2769 2595 2837 quoniam,
2649 2781 2870 2840 propter
2923 2790 3064 2839 eam,
3123 2795 3139 2824 ι
3173 2774 3519 2846 Qumcunquo

1945 2861 2195 2924 solveris,
2216 2861 2410 2929 inquit,
2431 2862 2710 2917 solventur
2729 2865 2780 2917 in
2805 2866 2956 2920 cadis
2975 2884 2989 2929 ;
3007 2885 3024 2916 ι
3049 2875 3128 2920 est
3146 2868 3446 2922 animarum
3465 2877 3520 2924 et

1926 2967 2234 3020 corporum
2289 2954 2576 3018 medicina,
2609 2956 2865 3025 quoniam
2911 2959 3095 3013 dixit:
3134 2979 3151 3010 ι
3201 2961 3256 3013 In
3302 2961 3520 3015 neruine

1943 3040 2067 3096 Jesu
2094 3044 2294 3100 Christi
2331 3062 2492 3117 surge
2524 3056 2575 3100 ct
2612 3049 2872 3116 ambula;
2907 3069 2924 3102 ι
2958 3059 3012 3104 et
3049 3068 3061 3103 :
3101 3071 3118 3102 ι
3143 3051 3333 3116 ΑΞιιθο,
3368 3063 3520 3106 sanat

1947 3140 1997 3185 te
2051 3133 2309 3189 Dominus
2339 3134 2498 3190 Jesns
2549 3136 2840 3206 Christus;
2884 3157 2904 3190 ι
2935 3149 3016 3193 est
3069 3141 3235 3193 divini
3294 3141 3519 3194 luminis

1947 3225 2166 3290 cﬂusio,
2210 3227 2464 3292 quoniam
2509 3227 2760 3282 Christus
2808 3238 2890 3282 est
2943 3229 3031 3282 lux
3062 3246 3206 3297 vera,
3257 3245 3521 3300 suamque

1945 3316 2118 3372 lucem
2154 3327 2205 3372 et
2238 3320 2465 3387 gratiam
2521 3322 2892 3376 communicat
2944 3321 3323 3380 invocantibus
3371 3341 3517 3380 eum.

1951 3427 1967 3459 ι
2009 3408 2069 3461 Et
2106 3411 2197 3472 εει,
2237 3410 2436 3480 inquit,
2481 3412 2738 3480 Splendor
2770 3413 2982 3468 Domini
3023 3416 3112 3470 Dei
3154 3419 3323 3471 nos:ri
3357 3434 3520 3488 super

1945 3514 2074 3564 nos;
2102 3519 2118 3549 ι
2145 3511 2199 3554 et
2227 3519 2240 3554 :
2269 3520 2284 3547 ι
2310 3502 2411 3568 Qui
2430 3505 2673 3572 sequitur
2693 3521 2777 3558 me
2796 3521 2904 3559 non
2925 3509 3161 3564 ambulat
3183 3511 3233 3564 in
3255 3514 3519 3574 tenebris.

1945 3590 2036 3643 St‘d
2075 3593 2289 3646 habebit
2332 3594 2512 3648 lumen
2547 3597 2706 3660 vitaz;
2739 3615 2758 3646 ι
2791 3609 2874 3651 est
2906 3599 3100 3653 divina:
3130 3603 3520 3657 misericordia,-

1946 3685 2244 3750 scaturigo,
2287 3687 2542 3752 quoniam
2601 3685 2905 3757 ﬂagitamus
2963 3691 3409 3758 miscricordiam,
3465 3707 3517 3748 et

1947 3772 2260 3826 misericors
2297 3786 2381 3830 est
2421 3775 2707 3841 Dominus,
2736 3789 2789 3832 et
2820 3781 3108 3836 misere'nr
3151 3784 3392 3837 omnium
3425 3785 3517 3854 qui

1947 3866 2202 3921 invocant
2229 3883 2377 3932 eum,
2406 3879 2462 3924 et
2491 3871 2605 3924 cito
2647 3871 2809 3927 faciet
2844 3875 3113 3944 judicium
3164 3877 3516 3933 clamantium

1943 3958 2012 4012 ad
2042 3974 2201 4023 eum;
2236 3974 2431 4014 arcana
2477 3972 2531 4016 et
2582 3967 2837 4032 mysteria
2870 3967 3052 4019 divina
3100 3968 3397 4024 humilibus
3424 3988 3514 4026 re-

1948 4053 2109 4114 velat.
2158 4053 2417 4120 quoniam
2475 4055 2592 4124 ipsa
2641 4056 2765 4126 data
2817 4068 2902 4111 est
2956 4058 3208 4126 piscatori
3249 4062 3410 4116 Petro
3448 4079 3514 4118 ex

1945 4145 2278 4200 revelatione
2334 4145 2514 4200 Patris
2572 4147 2663 4216 qui
2738 4147 2792 4202 in
2854 4149 3008 4204 caelis
3067 4159 3170 4214 est,
3218 4161 3273 4207 et
3317 4151 3516 4210 Paulus

1948 4245 2142 4302 raptus
2165 4245 2244 4289 est
2290 4235 2341 4288 in
2378 4236 2599 4290 (lbristo
2628 4251 2936 4306 arcanaque
2989 4239 3150 4294 verba
3183 4242 3412 4304 audivit.
3453 4259 3516 4298 ae

1945 4341 2162 4393 semper
2188 4325 2292 4380 hoe
2315 4334 2607 4396 operatur;
2640 4335 2722 4380 est
2751 4325 2929 4380 solum
2961 4327 3222 4396 salutare,
3255 4331 3514 4399 quoniam

245 4430 420 4484 τοῦτο
448 4431 684 4499 ἐνεργεῖ·
711 4433 807 4484 καὶ
830 4432 890 4484 τὸ
917 4433 1080 4499 μόνον
1122 4433 1414 4502 σωτήριον,
1445 4435 1527 4486 ὅτι
1561 4435 1619 4486 ἐν
1655 4435 1831 4486 οὐδενὶ

1944 4434 2050 4471 non
2081 4427 2166 4472 est
2191 4419 2338 4473 aliud
2382 4435 2604 4485 nomen,
2635 4419 2713 4474 ait
2754 4419 3073 4490 Apostolus.
3119 4423 3172 4476 in
3206 4439 3314 4492 quo
3349 4439 3515 4494 opor-

245 4519 423 4589 ἄλλῳ,
457 4519 622 4591 φησιν
648 4523 673 4573 ὁ
704 4520 1048 4586 ’Δπόστολος,
1071 4521 1186 4574 ἐστι
1225 4521 1462 4589 σωθῆναι
1511 4525 1678 4593 ἡμᾶς.
1721 4526 1828 4577 Καὶ

245 4605 410 4673 οὗτός
447 4611 596 4662 ἐστιν
619 4611 646 4663 ὁ
681 4610 872 4679 Σωτὴρ
902 4611 994 4661 τοῦ
1027 4611 1235 4680 κόσμου
1261 4613 1290 4664 6
1323 4613 1581 4680 Χριστός.
1617 4615 1708 4664 Διὸ
1733 4616 1830 4666 καὶ

245 4698 414 4752 τοῦτο
441 4699 497 4750 ἐν
517 4702 580 4768 τῇ
617 4700 821 4771 ἐσχάτῃ
856 4702 1040 4771 ἡμέρᾳ
1073 4703 1220 4754 πᾶσα
1249 4702 1469 4768 γλῶσσα
1501 4703 1830 4775 ἐξομολογή-

248 4808 411 4843 σεται
442 4791 534 4842 καὶ
565 4793 868 4861 ἀνυμνήσει
902 4791 1099 4845 ἑκοῦσα
1124 4795 1218 4846 καὶ
1247 4795 1479 4862 ἄκουσα,
1501 4797 1583 4848 ὅτι
1625 4796 1830 4866 Κύριος

247 4881 469 4950 Ἰησοῦς
501 4880 753 4950 Χριστος,
790 4885 872 4942 εις
904 4883 1062 4949 δόξαν
1095 4883 1230 4937 Θεοῦ
1266 4887 1498 4956 Πατρός.
1532 4887 1640 4940 Καὶ
1674 4886 1832 4940 τοῦτο

243 4975 308 5027 τὸ
345 4974 760 5042 σημεῖον-ὴμῶν
790 4976 887 5043 τῆς
920 4977 1174 5040 πίστεως,
1201 4978 1325 5031 ἐπεὶ
1369 4979 1466 5030 καὶ
1509 4979 1830 5047 Χριστιανοε

247 5067 427 5131 ἐσμεν
479 5065 572 5116 καὶ
625 5065 956 5136 καλούμεθα,
1008 5069 1464 5140 καὶὴμαρτυρία
1508 5071 1590 5124 ὅτι
1640 5073 1703 5124 ἐκ
1739 5070 1830 5124 τοῦ

243 5155 388 5209 Θεοῦ
429 5158 616 5225 ἐσμεν.
681 5158 793 5210 Πᾶν
847 5161 956 5228 γὰρ
1004 5159 1216 5229 πνεῦμα
1259 5160 1285 5212 ὁ
1317 5161 1569 5228 ὁμολογεῖ
1627 5162 1831 5232 Κύριον

256 5249 476 5317 Ἰησοῦν
511 5249 773 5318 Χριστὸν,
815 5251 870 5301 ἐν
904 5254 1065 5322 σαρκὶ
1106 5252 1422 5319 ἐληλυθότα,
1459 5254 1520 5306 ἐκ
1555 5251 1649 5305 τοῦ
1695 5252 1830 5304 Θεοῦ

244 5342 391 5402 ἐστι,
419 5343 608 5409 φησὶν,
640 5342 713 5404 ὡς
760 5345 1100 5414 τεροέφημεν⁸
1139 5349 1230 5396 καὶ
1294 5346 1351 5396 τὸ
1410 5346 1488 5414 μὴ
1537 5343 1832 5413 ὁμολογοῦν

242 5433 351 5482 οὐκ
381 5433 443 5482 ἐκ
474 5431 568 5483 τοῦ
599 5433 756 5485 Θεοῦ.
796 5436 904 5487 Καὶ
951 5435 1104 5487 τοῦτό
1143 5437 1259 5488 ἐστι
1309 5436 1366 5486 τ’)
1417 5435 1511 5488 τοῦ
1561 5433 1832 5504 Ἀντιχρί-

244 5539 406 5588 στου,
459 5524 518 5576 τὸ
567 5525 642 5595 μὴ
698 5527 994 5595 ὁμολογοῦν
1033 5527 1242 5598 Ἰησοῦν
1274 5529 1529 5597 Χριστόν.
1589 5529 1680 5580 Διὸ
1723 5527 1828 5597 χρὴ

244 5615 465 5676 πάντας
494 5615 655 5668 τοῦτο
691 5618 913 5679 πιστοὺς
950 5619 1008 5669 τὸ
1043 5619 1213 5688 ὁνομα
1241 5619 1605 5682 ἀδιαλείπτως
1638 5620 1831 5686 ὁμολο-

245 5708 373 5773 γεῖν
395 5745 409 5770 ,
438 5708 529 5759 καῖ
565 5707 654 5758 διὰ
684 5707 778 5776 τὴν
806 5708 1137 5778 ἀνακήρυξιν
1186 5711 1284 5779 τῆς
1317 5711 1704 5777 πίστεως,.κα“ι
1743 5710 1829 5762 διὰ

1911 4521 2048 4582 teat
2103 4529 2204 4568 nos
2263 4515 2446 4569 salvos
2503 4515 2642 4576 ﬁeri.
2681 4525 2738 4569 et
2775 4515 2864 4568 bie
2925 4525 3008 4569 est
3051 4515 3298 4570 Salvator
3327 4519 3513 4572 twnili

1931 4605 2210 4668 Christus;
2259 4607 2382 4661 ideo
2422 4607 2477 4660 in
2516 4607 2706 4660 ultima
2764 4606 2852 4660 die
2907 4608 3088 4660 omnis
3141 4608 3321 4676 lingua
3384 4609 3514 4662 illud

1934 4699 2282 4752 conﬁtebitur
2303 4709 2352 4751 et
2381 4699 2696 4766 praedicabit
2718 4697 2898 4752 libens
2929 4699 3009 4751 vel
3036 4699 3229 4759 invita.
3255 4701 3378 4768 quia
3409 4700 3514 4753 Dn-

1935 4791 2119 4844 minus
2157 4789 2408 4845 Christus
2453 4788 2637 4856 Jesus,
2701 4790 2752 4844 in
2811 4791 3039 4860 gloriam
3092 4789 3288 4844 Patris.
3322 4789 3382 4843 Et
3415 4793 3515 4846 hoc

1933 4893 2018 4938 est
2064 4884 2278 4954 signum
2323 4882 2446 4936 ﬁdei
2494 4891 2715 4943 nostrae,
2771 4883 3032 4949 quoniam
3089 4880 3388 4937 ChriStiani
3422 4899 3513 4937 su-

1934 4989 2056 5028 mus
2089 4984 2144 5029 et
2174 4959 2534 5043 appellamur,
2575 4983 2625 5027 et
2672 4971 3046 5027 testimonium
3084 4989 3191 5042 quo
3235 4982 3383 5042 patet
3415 4989 3512 5026 nos

1933 5081 1998 5120 ex
2051 5065 2166 5120 Deo
2219 5081 2343 5120 esse
2379 5082 2392 5118 :
2427 5081 2549 5118 nam
2591 5064 2769 5119 omnis
2816 5065 3044 5134 spiritus
3087 5065 3179 5135 qni
3223 5063 3512 5119 conﬁtetur

1937 5159 2224 5212 Dominum
2275 5155 2460 5211 Jesum
2517 5156 2798 5210 Christum
2853 5157 2906 5209 in
2959 5173 3124 5210 carne
3182 5155 3401 5209 venisse
3447 5171 3511 5209 ex

1934 5248 2048 5304 Deo
2079 5259 2186 5313 est,
2218 5249 2293 5301 ait
2328 5247 2596 5312 Joannes,
2671 5246 3128 5317 quemadmodum
3170 5261 3331 5316 Supra
3372 5245 3511 5302 dixi-

1936 5357 2082 5405 mus,
2115 5352 2168 5395 et
2198 5339 2290 5410 qui
2331 5353 2440 5392 non
2479 5339 2770 5393 conﬁtetur
2803 5355 2908 5392 non
2934 5348 3016 5391 est
3046 5353 3111 5391 ex
3151 5337 3280 5403 Deo,
3312 5347 3367 5393 et
3409 5340 3510 5393 hoc

1936 5444 2020 5490 est
2084 5432 2412 5486 Antichristi
2473 5447 2583 5484 non
2637 5431 2881 5485 conﬁteri
2941 5428 3228 5483 Dominum
3296 5428 3506 5484 Jesntn.

1936 5528 2281 5596 Quapropter
2340 5536 2555 5594 Oportet
2584 5525 2770 5580 ﬁdeles
2817 5524 3105 5580 universos
3135 5538 3332 5584 nomen
3363 5523 3507 5576 istud

1936 5623 2056 5678 sine
2085 5621 2496 5676 intermissione
2523 5621 2767 5674 conﬁteri
2801 5629 2852 5673 et
2887 5629 3111 5690 propter
3155 5617 3502 5688 prtedieatio-

1938 5729 2065 5770 nem
2125 5711 2273 5778 ﬁdei,
2339 5721 2397 5767 et
2448 5720 2669 5781 propter
2727 5711 3049 5766 cbaritatem
3122 5726 3150 5765 a
3206 5725 3312 5782 qua
3371 5709 3486 5762 nihi
