4034 6192
562 278 666 346 547

1315 273 1702 340 SYMEONIS
1730 267 2503 338 THESSALUNICENSIS
2543 266 2916 331 ARClllEP.

3701 271 3794 337 5'8

561 409 792 468 prorsus
821 407 922 449 nos
961 391 1221 448 liberabit
1261 407 1526 462 unquam,
1567 399 1621 444 et
1649 397 1872 460 propter
1911 389 2144 459 gratiam

2256 384 2348 451 τὴν
2382 382 2608 452 ἀγάπην
2651 381 2747 437 τοῦ
2780 381 2988 451 Κυρίου
3035 379 3194 450 ἡμῶν
3219 380 3397 450 Ἰησοῦ
3451 382 3674 448 Reuss-'3
3696 428 3710 448 ,
3737 382 3795 456 ἧς

561 496 622 541 et
649 483 1069 556 indulgentiam,
1091 481 1524 551 redemptionem
1546 496 1610 536 ac
1629 480 1918 537 sanitatem
1942 495 2009 533 cx
2034 479 2139 532 hoc

561 577 787 634 nomine
819 575 1145 641 deris-ataui,
1180 574 1415 645 indeque
1435 583 1612 630 ortam
1647 571 2138 629 sanctiﬁcationem

559 678 617 725 et
651 667 1112 722 illuminationem
1144 681 1210 722 ac
1239 676 1367 722 ante
1393 665 1579 721 omnia
1624 665 1852 720 salutem
1884 680 1899 732 ;
1950 664 2005 718 in
2035 663 2142 718 hoc

557 761 710 816 enim
743 761 932 815 divino
957 759 1184 814 nomine
1213 744 1492 814 mirabilia
1525 759 1772 814 fecerunt
1817 755 2045 827 apostoli
2085 763 2143 810 et

560 853 890 910 docuerunt.
941 853 1110 908 Divus
1155 862 1336 908 autem
1389 853 1466 906 ait
1518 851 1902 922 evangelista:
1966 867 1984 902 ι
2017 847 2144 904 Haec

561 947 765 1015 scripta
797 954 925 1001 sunt
948 953 1004 999 ut
1041 944 1279 1001 credatis
1308 943 1566 1014 quoniam
1593 942 1846 999 Christus
1878 948 1960 997 est
1981 940 2145 998 Jcsus

559 1038 732 1094 Filius
760 1037 852 1093 Dei
886 1056 906 1090 ι
934 1051 1066 1093 ecce
1098 1035 1256 1102 lldes,
1285 1057 1303 1089 ε
1339 1045 1391 1092 et
1423 1046 1480 1092 ut
1526 1037 1818 1092 credentes
1846 1034 2010 1094 vitam
2048 1035 2146 1090 ba-

563 1133 738 1189 beatis
765 1135 824 1188 in
853 1130 1075 1188 nomine
1109 1132 1264 1203 ejus;
1292 1148 1314 1185 ι
1352 1147 1420 1186 cu
1448 1131 1600 1187 salus
1620 1141 1679 1187 et
1705 1131 1838 1185 vita.

1063 1367 1293 1478 CAPUT
1327 1411 1633 1474 CCXCVII.

569 1538 719 1605 Quod
745 1554 922 1593 omnes
951 1535 1241 1593 Christiani
1263 1573 1280 1596 ,
1309 1531 1626 1592 sacerdotes,
1655 1523 1895 1605 monachi
1919 1523 2142 1605 et_laici,

644 1612 825 1664 debent
867 1610 1044 1670 statis,
1065 1615 1320 1675 quantum
1355 1608 1591 1674 possunt,
1618 1597 1934 1666 temporibus
1966 1597 2022 1649 in
2054 1610 2147 1649 no-

642 1681 782 1734 mine
819 1677 1019 1734 Christi
1049 1690 1226 1731 orare.

643 1860 757 1916 lloc
791 1859 958 1931 igitur
988 1871 1214 1924 nomen,
1239 1855 1380 1911 hanc
1399 1852 1705 1910 orationem
1736 1848 1918 1906 omnis
1947 1847 2032 1904 vir
2058 1862 2147 1902 re-

568 1951 1024 2028 ligiosusjugiter
1044 1949 1213 2016 dicat,
1238 1949 1378 2002 hanc
1403 1947 1460 2001 in
1509 1954 1693 2000 mente
1731 1953 1789 1999 et
1817 1942 1872 1998 in
1904 1957 1998 1997 ore
2049 1940 2148 1996 ha—

567 2051 692 2122 beat
743 2054 801 2102 et
850 2043 1067 2109 stando,
1096 2051 1149 2098 et
1203 2041 1312 2097 iter
1359 2038 1631 2103 faciendo,
1686 2045 1742 2092 et
1772 2035 2035 2098 sedendo,
2091 2039 2148 2088 et

568 2155 773 2198 menste
828 2133 1245 2199 discumbendo,
1307 2131 1502 2188 omnia”
1534 2129 1774 2200 denique
1825 2126 2058 2184 dicendo
2093 2133 2150 2179 et

569 2230 846 2296 faciendo,
875 2228 943 2284 ad
974 2227 1026 2283 id
1061 2223 1421 2296 semetipsum
1444 2221 1718 2292 accingat,
1769 2227 1825 2275 et
1858 2217 2146 2274 maximam

574 2323 825 2379 inveniet
873 2317 1320 2388 tranquillitatem
1351 2321 1516 2383 atque
1566 2308 1834 2374 laetitiam,
1881 2304 2148 2378 quemad-

569 2414 796 2471 modum
832 2409 1170 2482 expcrientia
1204 2414 1482 2462 noverunt
1510 2404 1603 2474 qui
1640 2403 1705 2458 de
1733 2416 1798 2456 ea
1833 2415 2020 2455 curam
2053 2398 2152 2452 ha-

571 2506 723 2561 bent.
754 2500 956 2557 Verum
1009 2514 1134 2554 cum
1188 2510 1329 2566 opus
1373 2493 1518 2550 istud
1551 2493 1696 2549 vires
1725 2500 1944 2547 nostras
1977 2503 2151 2559 quan-

569 2598 663 2654 diu
696 2595 748 2652 in
780 2595 886 2652 hac
930 2595 1038 2648 vita
1074 2590 1284 2648 erimus
1329 2595 1621 2658 exsuperet
1665 2593 1720 2640 et
1767 2585 2010 2655 ipsorum
2047 2578 2148 2649 qui

571 2690 627 2746 in
670 2687 852 2745 medio
910 2683 1141 2740 tumultu
1194 2681 1399 2752 degunt
1455 2678 1877 2738 monachorum,
1931 2680 2152 2744 Oportet

570 2781 815 2851 singulos
839 2790 1055 2850 tempus
1107 2776 1309 2831 habere
1347 2772 1413 2828 ad
1456 2771 1559 2828 hoc
1601 2771 1990 2831 constitutum,
2032 2779 2151 2821 om-

571 2891 780 2946 aesque
805 2871 1086 2944 exemplar
1109 2869 1313 2924 habere
1346 2865 1507 2937 huius
1530 2862 1796 2920 orationis
1817 2875 1918 2934 pro
1944 2860 2150 2916 viribus

571 2967 936 3040 adimplenda:
977 2975 1033 3021 et
1055 2959 1368 3018 sacerdotes
1405 2966 1462 3014 et
1510 2955 1813 3012 monachos
1846 2961 1903 3009 et
1953 2952 2146 3008 laicos.

2243 475 2398 530 οὐδὲν
2423 475 2572 546 ἡμᾶς
2603 475 2743 537 δλως
2771 473 3009 545 χωρίσαι
3035 471 3120 526 δεῖ
3143 489 3300 537 ποτε,
3351 476 3444 526 καὶ
3471 472 3557 527 διὰ
3583 476 3674 544 τὴν
3702 477 3798 531 άπὸ

2242 564 2338 646 τοῦ
2369 565 2634 634 ὀνόματος
2663 564 2834 621 αὑτοῦ
2865 565 3028 637 χάριν
3050 565 3144 618 καὶ
3173 565 3371 633 ἄφεσιν
3393 564 3486 618 καὶ
3509 565 3798 636 ἀπολύτρω-

2246 677 2334 713 σιν
2359 661 2451 713 καὶ
2479 659 2799 729 θεραπείαν,
2837 657 3114 727 ἁγιασμόν
3154 673 3222 711 τε·
3265 660 3360 713 καὶ
3403 660 3673 728 φωτισμθιν
3716 661 3798 715 καὶ

2245 750 2352 818 πρὸ
2385 750 2608 803 πάντων
2639 748 2738 818 τὴν
2771 746 3067 818 σωτηρίαν.
3109 745 3201 800 Ἐν
3231 744 3406 816 τούτῳ
3436 747 3542 815 γάρ
3581 745 3653 815 τῷ
3685 746 3800 817 θείῳ

2246 843 2475 910 ὀνόματι
2522 839 2618 894 καὶ
2667 840 2961 908 θαυμαστά
3009 837 3276 908 ἐποίησαν
3302 839 3353 890 oi
3397 836 3682 890 ἀπόστολοι
3717 837 3800 891 καὶ

2246 932 2516 998 ἐδίδαξαν.
2541 930 2653 986 Kal
2671 933 2702 986 ὁ
2721 931 2863 994 θεῖος
2885 930 2940 984 δέ
2964 946 3129 1000 φησιν
3152 927 3582 999 Εὑαγγελιστὴς,
3611 929 3800 983 «Ταῦτα

2247 1027 2304 1081 δέ
2358 1026 2690 1096 γέγραπται,
2723 1024 2812 1079 ῖνα
2862 1024 3193 1094 πιστεύσητε
3228 1022 3310 1076 δτι
3353 1021 3561 1092 Ἰησοῦς
3599 1022 3738 1076 ἐστιν
3777 1027 3800 1078 ὁ

2248 1119 2489 1191 Χριστὸς
2533 1120 2564 1173 ὁ
2611 1118 2737 1182 Υιδς
2783 1117 2877 1172 τοῦ
2909 1116 3082 1170 Θεοῦ·
3124 1134 3144 1168 ε
3181 1115 3291 1172 ἰδοὺ
3337 1116 3370 1184 ἡ
3405 1116 3604 1180 πίστις’
3663 1136 3684 1170 ι
3714 1120 3798 1172 καὶ

2249 1211 2336 1266 ίνα
2371 1210 2747 1276 πιστεύοντες,
2780 1210 2928 1280 ζωὴν
2959 1209 3121 1281 ἔχητε
3153 1210 3211 1264 ἐν
3234 1209 3312 1278 τῷ
3329 1208 3552 1281 ὀνόματι
3584 1211 3797 1266 αὐτοῦ’»

2251 1306 2364 1362 ἰδοὺ
2393 1307 2426 1375 ἠ
2458 1303 2707 1377 σωτηρία
2744 1307 2840 1358 καὶ
2868 1304 2903 1375 ἠ
2931 1304 3069 1374 ζωή.

2807 1419 3066 1475 ΚΕΦΑΛ.
3115 1419 3272 1488 Σιιῑν.

2249 1532 2376 1592 Ὀτι
2410 1531 2634 1600 πάντες
2660 1533 3005 1601 Χριστιανοὶ
3047 1532 3381 1601 (sperauerat,
3424 1532 3672 1601 ιιοναχοι
3719 1531 3802 1584 νο)

2322 1603 2559 1684 λιιῑνκοι.ι
2595 1599 2918 1684 segnem
2953 1601 3071 1684 κὰ]-
3110 1599 3459 1684 ὠριιζμέῖῳς
3491 1603 3560 1655 ἐν
3585 1600 3659 1666 τῷ
3693 1602 3786 1654 ὀνό

2323 1691 2461 1742 uati
2515 1672 2720 1739 Ἰησοῦ
2789 1671 3051 1741 Χριστοῦ
3115 1676 3270 1728 κατὰ
3325 1671 3586 1742 δύναμιν
3642 1687 3803 1740 προσ-

2181 1741 2224 1797 B
2324 1741 2633 1816 εὔχεσθαι.

2323 1859 2544 1930 ταύτην
2575 1858 2673 1915 οὖν
2722 1858 2822 1929 τὴν
2871 1857 3174 1929 ὀνομασίαν
3231 1857 3311 1922 ὡς
3367 1856 3667 1930 προσευχὴν
3714 1857 3806 1911 πᾶς

2251 1951 2482 2022 εὐσεϐὴς
2511 1950 2720 2019 λεγέτω
2747 1949 3042 2014 διαπαντὸς
3074 1950 3170 2006 καὶ
3197 1949 3276 2021 τῷ
3309 1949 3507 2005 ἑαυτοῦ
3533 1947 3612 2003 νοῒ
3643 1947 3730 2001 καὶ
3750 1950 3805 2018 τῇ

2251 2041 2496 2118 γλώσσῃ,
2530 2043 2629 2097 καὶ
2656 2042 2898 2113 στήκων,
2929 2043 3026 2098 καὶ
3069 2041 3293 2110 ὁδεύων,
3331 2042 3428 2097 καὶ
3475 2039 3808 2110 καθεζόμενος

2253 2136 2350 2189 καὶ
2382 2134 2832 2206 άνακλινὸμενος,
2881 2136 2976 2190 καὶ
3003 2135 3187 2189 πάντα
3215 2135 3401 2203 λέγων
3440 2135 3531 2188 καὶ
3575 2133 3806 2202 ἐνεργῶν,

2255 2229 2516 2299 καὶπρὸς
2543 2226 2702 2283 τοῦτό
2741 2229 2938 2283 ἐαυτὸν
2987 2229 3075 2282 ἀεὶ
3114 2227 3563 2299 παραϐιαζέσθωο
3593 2229 3681 2282 καὶ
3730 2243 3808 2294 με·

2253 2320 2444 2391 γίστην
2473 2321 2699 2393 εὑρήσει
2736 2320 2905 2390 212
2936 2319 3179 2391 γαλήνην
3203 2334 3264 2376 τε
3295 2322 3397 2375 καὶ
3422 2319 3612 2391 χαρὰν,
3641 2319 3708 2380 ὡς
3731 2317 3808 2370 iul

2254 2415 2420 2487 πείρᾳ
2449 2415 2653 2478 εἰδότες
2679 2415 2818 2469 εἰσιν
2838 2415 2889 2469 οἱ
2912 2413 3043 2483 περὶ
3064 2413 3238 2484 αὐτῆς
3262 2414 3653 2485 μεριμνῶντες.
3674 2412 3810 2466 Ἐπεὶ

2251 2507 2309 2562 δέ
2337 2504 2496 2560 τοῦτο
2528 2507 2589 2560 τὸ
2618 2505 2780 2578 ἔργον
2805 2506 2948 2577 ύπέρ
2975 2506 3102 2572 τοὺς
3130 2505 3293 2570 θντας
3331 2506 3451 2560 ἐστὶ
3479 2503 3558 2576 τῷ
3589 2504 3701 2576 βίῳ,
3731 2504 3810 2558 nl

2254 2603 2456 2665 αὐτοὺς
2485 2601 2612 2664 τοὺς
2642 2601 2701 2654 ἐν
2733 2600 2886 2671 μέσῳ
2917 2598 3078 2662 ὂντας
3123 2597 3380 2668 θορύϐων
3412 2599 3694 2670 μοναχοὺς,
3724 2597 3810 2651 κᾶν

2251 2693 2564 2764 ὡρισμένον
2591 2687 2736 2746 εἶναι
2768 2693 2852 2746 δεῖ
2878 2693 2936 2745 ἐν
2975 2690 3193 2764 ἐκάστῳ
3223 2691 3282 2744 τὺ
3337 2692 3465 2764 περὶ
3494 2691 3695 2753 τούτου,
3729 2689 3810 2742 καὶ

2257 2786 2469 2849 πάντας
2521 2782 2877 2839 ὑποτύπωσιν
2925 2784 3074 2855 ἔχειν
3121 2786 3338 2854 ταύτην
3384 2784 3484 2854 τὴν
3532 2780 3810 2854 προσευχὴν

2255 2875 2502 2946 ἐνεργεῖν
2533 2873 2674 2928 κατὰ
2697 2873 2952 2944 δύναμιν,
2981 2875 3076 2930 καὶ
3109 2875 3474 2946 ίερωμένους,
3507 2872 3810 2944 μονάζοντᾶς

2254 2983 2316 3020 τε
2351 2967 2448 3020 καὶ
2474 2964 2720 3027 λαῖκούς.
2748 2964 2812 3020 οἱ
2839 2965 2939 3037 μὲν
2969 2964 3062 3020 οὖν
3091 2967 3446 3034 μονάζοντες,
3473 2964 3549 3027 ὡς
3579 2966 3652 3026 εἰς
3673 2963 3810 3016 τοῦτο

572 3060 821 3118 Monachi
851 3057 1072 3130 quidem
1102 3063 1292 3124 utpote
1329 3051 1396 3107 ad
1427 3051 1537 3106 hoc
1565 3047 1800 3105 ordinati
1837 3054 1896 3102 et
1948 3059 2151 3116 urgens

2256 3057 2605 3128 τεταγμένοι,
2637 3057 2733 3111 καὶ
2772 3056 2998 3128 ὀφειλὴν
3045 3057 3436 3130 ἀπαραίτητον
3469 3057 3592 3130 περὶ
3633 3058 3812 3124 ταύτης

572 3157 642 3210 de
679 3170 743 3208 ea
792 3151 1034 3206 ofﬁcium
1075 3148 1367 3209 habentes,
1410 3142 1510 3198 etsi
1546 3141 1603 3196 in
1632 3140 1866 3196 tumultu
1899 3139 2008 3194 sint
2048 3137 2151 3190 mi-

2257 3147 2493 3219 !xovsac,
2522 3151 2570 3202 εί
2609 3150 2704 3204 καὶ
2737 3149 2796 3203 ἐν
2821 3148 3037 3220 θορύϐῳ
3070 3151 3181 3204 εἰσὶ
3210 3149 3652 3223 διακονημάτων,
3681 3149 3812 3219 ὅμως

574 3243 954 3301 nisteriorum.
988 3250 1208 3307 semper
1237 3244 1419 3290 tamen
1453 3239 1726 3287 conentur
1752 3229 1859 3284 hoc
1888 3225 2154 3281 orationis

573 3335 816 3390 debitum
843 3329 1186 3404 persolvere,
1217 3337 1273 3384 et
1307 3324 1600 3380 Dominum
1633 3335 1792 3378 orare
1820 3320 1940 3376 sine
1983 3318 2152 3373 inter-

574 3428 859 3490 missione,
899 3424 1029 3478 lit-et
1058 3419 1290 3491 quadam
1323 3415 1575 3474 molesﬁa
1603 3422 1874 3485 angantur
1895 3419 1989 3466 aut
2017 3424 2156 3465 con-

577 3520 816 3582 fusione,
848 3517 938 3571 illa
964 3515 1126 3570 etiam
1152 3529 1273 3584 quae
1309 3510 1512 3566 mentis
1557 3507 1862 3578 appellatur
1890 3503 1975 3558 vel
2027 3517 2154 3558 vera

575 3609 909 3683 captivitate,
942 3615 1172 3663 caveant
1200 3619 1268 3660 ne
1324 3603 1645 3675 negligenda
1696 3600 1764 3654 ab
1807 3595 2031 3652 inimico
2066 3608 2157 3648 se-

576 3704 868 3764 ducantur,
921 3697 1018 3754 sed
1074 3695 1140 3751 ad
1168 3694 1468 3750 orationem
1505 3691 1753 3751 redeant,
1788 3700 1843 3744 et
1877 3687 2158 3743 rcdientes

577 3795 869 3864 gaudeant.
926 3789 1254 3846 Sacerdotes
1295 3801 1426 3842 vero
1473 3784 1598 3864 huic
1641 3781 1794 3853 operi
1843 3780 2158 3852 indulgeant

577 3862 838 3950 tanquam
901 3881 1208 3954 apostolico
1259 3862 1485 3934 sicutet
1518 3875 1717 3932 divinae
1758 3870 2157 3944 praedicationi,

579 3977 839 4049 quoniam
887 3974 1099 4030 divinas
1137 3969 1397 4041 adimplet
1427 3968 1801 4040 Operationes,
1831 3975 1888 4022 et
1919 3964 2159 4020 charita-

580 4079 689 4123 tcm
743 4063 948 4121 Christi
996 4062 1275 4134 producit.
1326 4061 1384 4115 In
1430 4057 1635 4114 mundo
1683 4066 1865 4112 autem
1911 4055 2160 4110 viventes

581 4171 845 4228 tanquam
909 4153 1144 4226 sigillum
1191 4169 1352 4208 suum
1405 4165 1630 4222 suzrque
1685 4149 1812 4204 iidei
1857 4157 2066 4209 notam,
2103 4157 2164 4199 ut

579 4249 885 4304 custodiam
911 4256 967 4302 et
1000 4243 1488 4301 sanctiﬁcationem
1520 4241 1814 4311 omnisque
1843 4237 2162 4294 tcntatiouis

583 4347 763 4413 fugam
817 4354 916 4408 pro
943 4337 1152 4392 viribus
1203 4335 1344 4389 hanc
1378 4348 1601 4404 operam
1655 4331 1964 4404 perﬁciant.
2010 4328 2164 4385 Unde

586 4437 874 4488 universos
925 4427 1242 4483 sacerdotes
1306 4425 1594 4494 laicosque
1658 4434 1714 4478 et
1761 4423 2064 4478 monachos
2132 4437 2165 4477 ο

569 4537 780 4579 somno
816 4521 1086 4577 excitatos
1110 4517 1390 4573 Christum
1413 4516 1652 4588 cogitare
1674 4514 1909 4586 primum
1928 4521 2167 4586 Oportet,

575 4613 904 4683 Christique
951 4608 1190 4681 primum
1219 4607 1558 4672 meminisse.
1589 4618 1644 4663 et
1675 4608 1808 4663 istas
1831 4606 2014 4662 oumis
2039 4621 2170 4660 con-

587 4708 700 4764 silii
751 4705 1020 4778 primitias
1095 4702 1402 4756 hostiamve
1464 4699 1688 4756 Christo
1749 4699 1971 4764 oﬂ‘erre,
2039 4698 2168 4770 quia

586 4799 793 4856 Clu-isti
814 4799 906 4868 qui
938 4811 1038 4852 nos
1054 4794 1284 4850 salvavit
1303 4803 1359 4850 et
1387 4804 1593 4848 tantum
1617 4793 1819 4848 antavit
1841 4804 1966 4848 ante
1981 4808 2172 4862 quam.

590 4909 807 4963 cunque
832 4890 1220 4961 cngitationem
1257 4888 1535 4943 recordari
1584 4888 1848 4943 debemus
1890 4887 1979 4958 qui
2015 4885 2173 4942 Chri-

592 4985 756 5041 Stiani
807 4997 997 5038 sumus
1047 4991 1104 5036 et
1149 4981 1504 5052 appellamur,
1568 4980 1659 5050 qui
1703 4994 1829 5034 eum
1885 4978 1938 5033 in
1985 4978 2170 5033 divino

593 5078 922 5148 baptismate
954 5074 1252 5137 induimus,
1315 5073 1408 5142 qui
1455 5079 1739 5143 unguento
1793 5069 1913 5142 ejus
1968 5069 2170 5141 signati

593 5184 809 5232 sumus,
857 5178 1210 5235 sanetamque
1264 5163 1410 5218 illius
1463 5177 1690 5218 carnem
1729 5171 1787 5218 et
1838 5163 2168 5231 sanguinem

595 5261 1040 5334 participavimus
1085 5269 1142 5313 et
1194 5256 1606 5328 participamus,
1667 5256 1756 5324 qui
1809 5254 2055 5309 membra
2113 5260 2173 5307 et

599 5355 857 5424 templum
889 5352 1012 5423 ejus
1059 5366 1270 5414 sumus,
1299 5349 1390 5418 qui
1423 5364 1550 5404 eum
1583 5343 1870 5402 induimus
1899 5349 1952 5401 in
2009 5345 2172 5400 nobis

601 5455 946 5510 manentem;
972 5451 1259 5511 propterea
1286 5438 1515 5510 diligere
1546 5454 1670 5493 eutn
1721 5439 1977 5508 illiusque
2029 5453 2173 5492 scm-

603 5553 700 5608 pcr
751 5536 1072 5591 meminisse
1117 5535 1398 5589 debemus.
1449 5530 1603 5586 Unde
1643 5533 2002 5586 constitutum
2036 5539 2175 5584 tem-

603 5643 703 5698 pu-s
737 5626 974 5680 habeant
999 5623 1197 5694 singuli
1228 5637 1325 5692 pro
1363 5636 1461 5675 sua
1495 5619 1752 5675 facultate
1792 5627 1848 5674 et
1877 5619 2170 5688 quamdam

601 5733 913 5773 mensuram
968 5714 1228 5770 orationis
1272 5710 1590 5784 pcragvndze
1638 5720 1694 5766 et
1727 5709 1870 5782 haud
1905 5723 2063 5766 secus
2099 5724 2162 5766 ac

2257 3243 2491 3299 πάντοτε
2541 3241 2925 3314 βιαζέσθωσαν
2969 3242 3180 3315 ταύτην
3235 3245 3495 3318 ἐνεργεῖν
3537 3246 3813 3316 assiliens;

2256 3333 2356 3404 τὴν
2377 3332 2567 3405 εὐχὴν,
2586 3335 2682 3389 καὶ
2706 3335 3111 3408 προσεύχεσθαι
3133 3337 3212 3408 τῷ
3231 3339 3434 3411 Κυρίῳ
3460 3340 3812 3402 ἀδιαλείπτως.

2257 3426 2362 3478 κᾶν
2391 3427 2532 3497 μετά
2561 3427 2890 3498 ρεμδασμοῦ
2927 3429 3023 3483 καὶ
3067 3428 3393 3502 συγχύσεως
3425 3425 3550 3501 ὦσι,
3601 3435 3691 3486 καὶ
3734 3432 3819 3500 τῆς

2259 3517 2607 3589 καλουμένης
2639 3519 2736 3573 τοῦ
2779 3520 2901 3584 νοὸς
2947 3524 3045 3574 καὶ
3096 3519 3267 3593 οὔσης
3323 3526 3708 3597 αἰχμαλωσίας,
3738 3526 3818 3578 xal

2260 3608 2336 3678 μὴ
2369 3609 2456 3663 διὰ
2478 3611 2541 3664 τὸ
2578 3611 2916 3668 κλέπτεσθαι
2954 3615 3059 3670 ὑπὸ
3087 3616 3183 3670 τοῦ
3220 3616 3430 3691 ἐχθροῦ
3459 3620 3688 3691 άμελεῖν,
3718 3620 3818 3674 ἀλλ’

2257 3698 2809 3774 ἐπανέρχεσθαιπρδς
2831 3705 2930 3776 τὴν
2959 3709 3288 3779 προσευχὴν,
3312 3712 3413 3766 καὶ
3439 3713 3645 3784 χαίρειν
3668 3714 3813 3765 ἐπαν-

2258 3791 2592 3860 ερχομένους
2616 3809 2631 3825 ο
2657 3793 2708 3847 οι
2754 3793 3043 3867 ίερωμένοι
3081 3798 3137 3852 δέ
3163 3799 3238 3863 ὡς
3267 3800 3622 3856 ἀποστολικοῦ
3649 3803 3814 3856 τούτου

2263 3885 2740 3954 ἐπιμελείσθωσαν
2790 3887 2956 3958 ἔργον
3007 3891 3098 3945 καὶ
3147 3893 3224 3956 ὡς
3270 3893 3418 3949 θείου
3466 3897 3812 3968 κηρύγματος.

2259 3979 2356 4030 καὶ
2388 3978 2466 4042 ὥς
2512 3977 2632 4032 θεῖα
2687 3982 3042 4052 ἐνεργήματα
3089 3986 3460 4054 ἐκτελοῦντος,
3511 3987 3602 4044 καὶ
3635 3990 3706 4053 ὡς
3733 4008 3817 4042 την

2260 4068 2488 4140 ἀγάπην
2515 4070 2892 4141 παριστῶντος
2918 4072 3011 4128 τοῦ
3046 4074 3313 4146 Χριστοῦ.
3365 4081 3427 4133 Οί
3454 4081 3511 4134 ἐν
3539 4080 3616 4152 τῷ
3647 4080 3817 4152 κόσμῳ

2261 4157 2442 4223 δὲ,ὡς
2470 4161 2745 4239 σφραγῖδα
2801 4162 3006 4236 ταύτην
3061 4165 3273 4223 ἑαυτῶν
3326 4171 3425 4224 καὶ
3478 4174 3697 4244 σημεῖον
3731 4173 3819 4238 τῆς

2263 4251 2522 4318 πίστεως,
2556 4255 2648 4307 καὶ
2675 4254 2924 4325 φυλακὴν
2949 4257 3044 4311 καὶ
3073 4259 3375 4330 άγιασμδν,
3406 4264 3512 4316 καὶ·
3532 4263 3817 4334 πειρασμοῦ

2263 4344 2467 4406 παντὸς
2527 4343 2878 4417 διωκτήριον,
2935 4350 3074 4403 κατὰ
3137 4351 3373 4424 δύναμιν
3423 4356 3818 4428 ἐνεργείτωσαν.

2199 4474 2242 4526 υ
2270 4433 2665 4526 ὐοενηπάντας
2695 4437 3050 4508 ίερωμένους,
3080 4441 3308 4510 λαῖκούς
3340 4462 3401 4500 τε
3435 4449 3528 4502 καὶ
3553 4447 3818 4518 μοναχοῦ·,

2272 4525 2678 4593 ἐξαναστάντας
2708 4531 2802 4584 τοῦ
2838 4529 3030 4598 ὕπνου,
3059 4534 3296 4607 Χριστὸν
3330 4537 3584 4611 ἐννοῆσαι
3627 4539 3823 4612 πρῶτον

2270 4620 2403 4691 χρὴ,
2458 4620 2560 4676 καὶ
2610 4622 2850 4694 Χριστοῦ
2889 4625 3196 4698 μνησθῆναι
3248 4631 3491 4701 πρῶτον,
3540 4634 3630 4686 καὶ
3680 4632 3824 4685 τοῦτο

2273 4711 2457 4783 πάσης
2488 4713 2703 4777 ἐννοίας
2729 4715 2985 4789 ἀπαρχὴν
3013 4718 3107 4772 καὶ
3137 4719 3332 4776 θυσίαν
3369 4727 3734 4794 προσαγαγεῖν
3758 4721 3823 4790 τῷ

2271 4803 2498 4874 Χριστῷ
2524 4823 2540 4838 °
2576 4807 2659 4862 δτι
2690 4810 2784 4862 καὶ
2832 4811 3071 4882 Χριστοῦ
3109 4813 3207 4867 τοῦ
3259 4813 3534 4880 σώσαντος
3573 4816 3712 4888 ἡμᾶς
3741 4814 3823 4867 καὶ

2270 4895 2526 4949 τοσοῦτον
2547 4897 2938 4968 ἀγαπήσαντος
2971 4900 3074 4972 πρὸ
3099 4903 3281 4975 πάσης
3303 4906 3514 4970 ἐννοίας
3540 4905 3823 4977 μνησθῆναι

2279 4986 2382 5050 δεῖ.
2415 4990 2536 5041 ἐπεὶ
2561 4989 2658 5043 καὶ
2695 4991 3016 5062 Χριστιανοί
3046 4996 3214 5065 ἐσμεν
3257 4998 3351 5051 καὶ
3378 4999 3704 5068 καλούμεθα,
3745 4997 3824 5050 καὶ

2271 5081 2642 5150 ἐνεδυσάμεθα
2664 5081 2853 5136 τοῦτον
2874 5085 2950 5154 τῷ
2978 5085 3107 5156 θείῳ
3132 5087 3494 5159 βαπτίσματι,
3526 5093 3617 5144 καὶ
3639 5092 3824 5161 ἐσφρα-

2274 5169 2548 5239 γίσθημεν
2597 5171 2789 5225 τούτου
2835 5174 2912 5243 τῷ
2964 5176 3144 5247 μύρῳ,
3187 5180 3280 5232 καὶ
3333 5180 3433 5248 τῆς
3486 5183 3645 5250 άγέας
3678 5177 3824 5233 αὖτοῦ

2286 5260 2495 5330 σαρκὸς
2527 5263 2622 5314 καὶ
2651 5264 2746 5316 τοῦ
2779 5266 3008 5334 αἵματος
3042 5269 3466 5340 μετεσχήκαμεν
3495 5275 3588 5324 καὶ
3619 5272 3825 5342 μετέχο·

2197 5411 2200 5414 _
2276 5369 2398 5421 μεν,
2430 5353 2526 5405 καὶ
2559 5353 2696 5424 μέλη
2729 5355 2898 5409 αὑτοῦ
2927 5358 3117 5427 ἐσμεν,
3170 5361 3268 5413 καὶ
3315 5361 3464 5427 ναὸς,
3519 5362 3610 5416 καὶ
3657 5361 3826 5415 τοῦτον

2275 5441 2624 5511 ἐνδεδύμεθα,
2653 5445 2748 5514 καὶ
2778 5446 2983 5498 ἐνοικεῖ
3003 5447 3059 5499 ἐν
3097 5448 3253 5517 ἡμῖν,
3284 5451 3379 5501 καὶ
3412 5449 3500 5502 διὰ
3531 5451 3682 5502 τοῦτο
3709 5449 3826 5514 ἀγει-

2275 5534 2384 5603 πᾷν
2416 5533 2598 5599 αὐτὸν,
2656 5535 2753 5588 καὶ
2804 5535 2892 5588 ἀεὶ
2941 5536 3132 5591 τούτου
3182 5539 3497 5609 μεμνῆσθαι
3539 5539 3809 5608 ὀφείλομεν

2277 5624 2440 5677 Ὄοεν
2470 5626 2562 5680 καὶ
2588 5627 2898 5696 ὡρισμένον
2929 5627 3100 5696 ἐχέτω
3139 5633 3247 5692 πᾶς
3277 5629 3470 5700 καιρὸν
3505 5631 3642 5683 κατὰ
3680 5631 3825 5682 66v:-

2278 5730 2373 5781 μιν
2399 5713 2496 5767 καὶ
2519 5715 2750 5785 ἀριθμόν
2777 5731 2895 5771 τινα
2921 5715 3024 5786 τῆς
3052 5721 3358 5791 προσευχῆς
3385 5719 3587 5784 ταύτης
3609 5719 3680 5781 ὡς
3701 5718 3818 5776 ὀξει-
