4034 6192
384 307 490 368 5.59

378 505 544 558 nostri
594 510 647 557 et
687 503 941 558 Ecclesiae
990 518 1110 570 qua:
1182 512 1352 557 estex
1393 503 1641 572 gentibus
1699 512 1945 570 enarrat,

377 597 519 651 illius
575 596 790 664 quidem
860 609 958 664 per
1004 595 1336 663 voluptatem
1406 601 1461 647 et
1523 580 1948 648 inobedientiam

381 688 604 749 mortui,
643 687 809 753 hujus
831 695 1036 749 autem,
1069 695 1254 754 utpote
1289 685 1438 753 prius
1486 685 1737 749 infidelis,
1797 685 1950 739 adul-

377 782 572 834 terium
603 788 860 849 operata»,
894 793 1103 832 necnon
1152 779 1347 832 animae
1404 793 1588 832 necem
1619 787 1672 832 et
1720 787 1949 832 mortem

346 883 561 942 ‘ntpote
617 888 645 926 a
701 872 810 926 Deo
853 870 1128 933 distantis,
1198 885 1346 924 nunc
1396 884 1526 924 vero
1568 870 1946 925 misericordia

379 966 471 1018 Dei
502 973 771 1019 revocata).
809 971 869 1016 ut
906 961 1142 1030 Spiritus
1174 973 1400 1016 sanctus
1440 961 1785 1017 abundanter
1813 961 1865 1015 in
1895 975 1953 1016 se

379 1063 672 1110 renovetur
719 1053 1078 1108 obsecrantis.

904 1164 1133 1220 CAPUT
1166 1164 1411 1220 CCCVII.

383 1260 454 1312 De
479 1259 681 1328 psalmo
720 1257 957 1313 CXVIII
990 1259 1082 1329 qui
1116 1258 1299 1326 incipit
1339 1275 1354 1312 :
1396 1257 1677 1327 Μακάριοι
1720 1257 1766 1308 οἱ
1805 1257 1956 1324 ἆμωο

1109 1345 1221 1396 μοι.

453 1418 649 1472 \'crum
683 1427 803 1486 post
831 1416 996 1480 hunc,
1016 1416 1256 1484 psalmos
1284 1431 1296 1469 :
1335 1435 1352 1466 ‹
1376 1414 1520 1470 Beati
1543 1414 1900 1478 iinmaculati,
1933 1433 1951 1463 ι

382 1513 680 1566 secundum
707 1510 951 1563 ordinem
979 1511 1419 1578 pronuntiamus,
1444 1509 1641 1578 quibus
1669 1509 1720 1561 in
1750 1522 1958 1561 memo-

387 1604 521 1656 riam
545 1605 852 1656 referuntur
878 1602 964 1655 Dei
989 1617 1212 1670 regnum
1239 1610 1290 1655 et
1321 1601 1523 1669 judiria
1548 1611 1596 1654 et
1617 1601 1958 1670 justillcatin-

385 1686 501 1757 nes,
517 1703 568 1746 et
589 1693 897 1748 testimonia
916 1693 1186 1762 verbaque
1204 1700 1256 1744 et
1275 1693 1544 1746 mandata.
1559 1691 1702 1758 Quos
1719 1693 1958 1761 psalmos

1210 305 1590 366 SYMEONIS
1621 305 2066 367 TllESSALON
2083 303 2379 364 [CENSIS
2422 307 2458 359 Α
2475 304 2781 364 RCIilEP.

289 470 294 474 ,
377 414 580 483 risque,
614 411 868 482 quoniam
925 419 1144 480 peccata
1176 410 1348 464 Adam
1407 411 1684 480 totiusque
1717 411 1935 482 generis
1971 417 1986 471 Δ

2075 410 2256 464 ςλείοσι
2291 410 2526 480 λέγομεν
2562 409 2775 480 ὕμνοις.
2817 408 2972 462 Ἐπεί⁵
3019 407 3113 462 καὶ
3146 404 3338 476 ὥσπερ
3377 397 3530 469 οὗτος
3565 407 3633 483 τᾷ

3477 257 3490 266 κ

3525 303 3628 362 56"

2059 503 2155 556 τοῦ
2193 477 2374 568 Ἀδὰμ
2405 477 2498 556 διαὶ
2525 477 2718 555 τὰντοῦ
2751 503 3018 572 ἡμετέρου
3058 501 3256 566 παντὸς
3285 499 3498 569 γένους,
3540 477 3636 552 διαὶ

2059 593 2158 663 τῆς
2208 593 2268 658 ἐξ
2315 593 2484 646 ἐθνῶν
2531 591 2858 662 Ἐκκλησίας
2907 590 3241 662 διαγορεύει,
3276 589 3373 643 τοῦ
3409 590 3511 660 μὲν
3544 589 3638 641 Oa.-

2060 684 2392 746 νατωῦέντος
2425 681 2494 735 δι⁹
2531 684 2728 754 ἡδονῆς
2759 683 2860 753 τῆς
2900 683 3210 752 παρακοῆς,
3258 680 3362 750 τῆς
3395 679 3452 732 δι
3501 681 3638 748 πρό-

2060 793 2220 844 τερον
2251 776 2326 838 ὡς
2360 775 2592 829 ἀπίστου
2615 817 2630 841 ,
2666 775 2914 845 μοιχείαν
2947 771 3347 843 ἐργαζομένης,
3383 771 3459 831 ὡς
3502 771 3639 823 ἀπο·

2064 869 2269 937 στάσης
2311 867 2423 921 ἀπὸ
2473 867 2634 931 Θεοῦ,
2669 869 2761 919 καὶ
2799 869 2958 934 φόνον
2984 865 3162 936 ψυχῆς
3191 865 3290 917 καὶ
3338 861 3636 931 νέκρωσιν,

2062 957 2201 1008 ἐλέει
2230 957 2286 1010 δὲ
2335 957 2471 1010 Θεοῦ
2513 957 3012 1028 ὲπανακληθείσης,
3064 957 3160 1011 καὶ
3207 955 3270 1008 τὸ
3323 953 3548 1025 Πνεῦμα
3576 954 3640 1008 τὸ

1983 1052 1992 1060 ’
2064 1047 2220 1115 ἆγιον
2249 1050 2303 1100 ἐν
2337 1049 2476 1118 αὐτῇ
2519 1047 2760 1114 δαψιλῶς
2791 1047 3139 1116 ἐγκαινισθὲν
3171 1045 3495 1117 δεξαμένης.

2635 1163 2882 1217 ΚΕΦΔΛ.
2945 1164 3069 1217 ΤΖ’.

2361 1257 2499 1326 Περὶ
2529 1256 2645 1310 τῶν
2669 1256 2927 1326 ψαλμῶν
2961 1255 3065 1309 τοῦ
3093 1255 3362 1324 ἀμώμου.

2137 1416 2291 1470 Μετὰ
2339 1415 2530 1472 τοῦτον
2565 1415 2620 1468 δὲ
2653 1415 2779 1478 τοὺς
2815 1413 2911 1466 τοῦ
2955 1414 3191 1484 ἀμώμου
3219 1412 3466 1482 ψαλμοὺς
3503 1413 3641 1465 κατᾶ

2067 1511 2271 1579 στίχον,
2299 1510 2398 1577 τὴν
2433 1507 2528 1562 τοῦ
2579 1507 2715 1561 Θεοῦ
2765 1507 3065 1578 βασιλείαν,
3119 1506 3212 1559 καὶ
3257 1506 3323 1559 τὰ
3371 1505 3638 1575 κρίματα,

2065 1603 2158 1654 καὶ
2189 1602 2255 1654 τὰ
2289 1601 2654 1669 δικαιώματα,
2684 1601 2778 1652 καὶ
2812 1601 2881 1652 τὰ
2921 1597 3220 1668 μαρύτρια,
3244 1597 3342 1650 καὶ
3361 1598 3427 1650 τὰ
3460 1596 3642 1666 λόγια,

2065 1693 2161 1746 καὶ
2195 1693 2320 1753 τοὺς
2352 1693 2572 1762 νόμους,
2599 1694 2676 1754 είς
2706 1693 2928 1762 μνήμην
2954 1689 3361 1760 φέροντας.οὓς
3401 1689 3465 1759 δὴ
3506 1689 3644 1757 ψαλ-

394 1787 619 1840 Jicimus
649 1787 893 1839 etiamin
953 1786 1566 1840 commemorationibns
1620 1795 1938 1840 sanctorum

2075 1785 2193 1845 ιοὺς
2221 1784 2318 1837 καὶ
2346 1785 2401 1836 ὲν
2450 1786 2568 1846 ταῖς
2629 1783 2871 1852 μνήμαις
2898 1780 3131 1850 λέγομεν
3164 1780 3274 1834 τῶν
3305 1779 3500 1848 ἁγίων.
3532 1777 3672 1833 Ka‘t'

395 1890 440 1933 et
495 1879 547 1932 in
608 1877 882 1947 sepultura
939 1876 1173 1931 ﬁdelia-it
1220 1877 1623 1940 defunctorum,
1677 1876 1952 1931 recordati

394 1978 696 2024 sanctorum
723 1968 901 2037 etzvize
926 1967 1220 2022 Salvatoris
1243 1986 1256 2033 ;
1296 1969 1384 2024 li?c
1413 1971 1555 2023 enim
1579 1969 1727 2022 solus
1750 1968 1957 2022 estint-

393 2061 690 2115 maculatus
727 2060 777 2112 in
817 2059 922 2125 via,
947 2076 1157 2114 necnon
1187 2061 1259 2114 illi
1303 2063 1394 2130 qui
1423 2076 1546 2115 eum
1580 2061 1770 2114 imitati
1805 2067 1955 2124 sunt,

393 2165 440 2205 at
488 2151 633 2214 inde,
675 2149 781 2202 Deo
822 2151 922 2202 sibi
978 2151 1287 2219 propitiato,
1325 2153 1500 2206 sancti
1545 2160 1862 2207 evaserunt.

903 2263 1135 2319 CAPUT
1189 2263 1462 2318 CCCVI”.

394 2361 736 2426 Quamobrem
787 2377 940 2418 mane
990 2376 1053 2412 ac
1094 2373 1304 2498 Easque
1371 2359 1622 2411 recitatur
1658 2355 1965 2412 Sumbolum

1174 2445 1242 2482 et.
1373 2463 1378 2466 -

1174 2445 1242 2482 ει.

461 2524 525 2577 Αι
560 2525 743 2578 statim
771 2525 905 2579 istos
938 2533 1062 2591 post
1093 2522 1356 2587 psalmos,
1381 2519 1786 2575 confessionem
1838 2519 1965 2574 ﬁdei

395 2615 626 2668 dicimus
665 2613 964 2667 secundum
1018 2611 1360 2666 traditionem
1397 2622 1693 2678 paternam,
1736 2610 1968 2665 dicenti-

395 2795 563 2858 ritica,
592 2793 785 2847 deinde
837 2793 994 2847 [idem
1036 2793 1338 2857 annuntia;
1383 2808 1401 2842 ι
1457 2791 1572 2844 haec
1618 2799 1801 2845 autern
1833 2793 1964 2845 lides

395 2901 612 2941 sacrum
645 2897 727 2940 est
755 2884 1096 2955 Symbolum.
1129 2884 1283 2938 Alius
1319 2899 1446 2939 vero
1475 2893 1792 2939 sanctorum
1829 2885 1964 2939 dixit

395 2992 644 3048 eportcre
696 2979 852 3033 (idem
887 2976 1122 3032 nuntiari
1166 2992 1324 3030 mane
1367 2987 1418 3031 et
1446 2993 1696 3047 vespere,
1729 2978 1799 3031 ita
1835 2988 1892 3031 ut
1921 2979 1965 3032 si

398 3089 546 3126 mors
572 3071 936 3137 superveniat,
959 3085 1058 3124 nos
1083 3071 1323 3124 inveniat
1351 3071 1399 3123 in
1431 3071 1796 3126 confessione.
1828 3070 1972 3123 Rur-

398 3181 516 3216 stttlt
566 3173 684 3233 post
735 3163 889 3216 [idem
935 3162 1133 3216 dicitur
1183 3163 1359 3216 oratio
1405 3161 1637 3232 'l‘risagii
1677 3173 1730 3218 et
1765 3183 1781 3214 ‹
1810 3163 1970 3218 Pater

403 3264 626 3321 noster;
657 3273 674 3302 ι
713 3269 834 3307 nam
882 3257 934 3306 in
971 3254 1243 3322 principio
1270 3264 1322 3307 et
1353 3255 1405 3308 in
1442 3256 1620 3308 medio
1667 3265 1722 3308 et
1764 3257 1818 3309 in
1867 3255 1972 3308 ﬁne

393 3341 718 3400 Trinitatem
778 3355 996 3412 oportet
1050 3346 1348 3411 celebrare,
1398 3347 1656 3416 quoniam
1713 3348 1826 3417 ipsa
1889 3358 1974 3402 est

397 3437 640 3490 omnium
701 3450 891 3498 causa,
929 3443 984 3489 et
1014 3451 1108 3505 per
1143 3453 1260 3490 eam
1288 3435 1523 3490 facimus
1555 3437 1766 3499 omnia,
1808 3450 1862 3491 et
1915 3439 1968 3492 in

397 3529 652 3582 ottznibus
701 3528 978 3583 etnundati
1007 3529 1436 3583 sanctiﬁcatum.
1465 3528 1663 3584 Postea
1718 3531 1920 3586 dicitur
1955 3551 1968 3586 :

406 3642 422 3670 α
454 3621 589 3673 Ecce
618 3619 863 3687 Sponsus
917 3620 1088 3683 venit,
1130 3639 1148 3672 ι
1202 3636 1309 3690 quo
1355 3622 1693 3690 patefaciunt
1746 3637 1970 3691 scapum

401 3725 682 3768 nocturnae
713 3712 1060 3776 laudationis,
1089 3723 1145 3768 et.
1178 3713 1539 3781 quadragies:
1568 3732 1586 3764 ι
1625 3713 1806 3784 Kyric,
1841 3715 1972 3768 elei-

398 3822 519 3874 son,
549 3828 567 3858 ο
609 3806 833 3876 perinde
865 3821 928 3860 ac
957 3806 1002 3860 si
1051 3804 1289 3859 decimas
1353 3806 1564 3859 dierum
1607 3805 1974 3875 borarumque

401 3913 708 3956 nostrarum
768 3897 876 3954 Deo
933 3900 985 3952 in
1061 3897 1390 3953 sacriﬁcium
1451 3897 1782 3964 oneramus;
1829 3898 1973 3966 quod

403 3994 629 4047 facimus
661 3993 714 4046 in
768 3993 1024 4046 omnibus
1076 3989 1422 4044 orationibus
1479 3989 1910 4046 misericordiam
1945 4005 1972 4043 a

404 4087 512 4139 Deo
545 4102 708 4155 super
743 4086 925 4140 omnia
963 4086 1304 4148 invocantes,
1339 4084 1606 4153 queniatn
1662 4085 1777 4152 ipse
1826 4084 1977 4138 solus

404 4189 577 4246 potest
611 4193 710 4232 nos
740 4177 971 4240 salvare,
1003 4187 1057 4230 et
1085 4177 1210 4245 quia
1245 4176 1596 4230 miseratione
1617 4176 1764 4245 digni
1787 4190 1975 4228 sumus

401 4271 490 4338 qui
527 4269 880 4338 deliquimus,
928 4282 1138 4320 necnon
1175 4267 1304 4335 quia
1339 4281 1443 4318 non
1477 4280 1770 4335 possumus
1800 4266 1978 4318 aliun-

401 4367 466 4417 de
519 4361 743 4421 salvari,
778 4361 884 4413 nisi
931 4359 1044 4412 sola
1109 4357 1201 4409 Dei
1260 4357 1666 4421 misericordia,
1705 4357 1907 4410 nullatn
1946 4371 1975 4409 a

2064 1885 2123 1935 ὲν
2155 1880 2267 1940 τοῖς
2305 1875 2597 1931 ἀπελθοῦσι
2628 1879 2858 1938 πιστοῖς,
2897 1878 2978 1936 εἰς
3042 1876 3267 1943 μνήμην
3320 1873 3426 1924 τῶν
3473 1872 3644 1938 ἁγίων

2064 1973 2322 2042 ἀγόμενοι
2353 1971 2448 2023 καὶ
2490 1973 2587 2036 τῆς
2618 1969 2736 2022 ὁδοῦ
2777 1967 2872 2020 τοῦ
2926 1967 3201 2036 Σωτῆρος.
3243 1957 3410 2027 Οὗτος
3459 1963 3567 2034 γὰρ
3616 1962 3644 2014 ὁ

2070 2065 2229 2134 μόνος
2265 2065 2496 2132 ἄμωμος
2523 2062 2580 2114 ὲν
2610 2061 2735 2129 ὁδῷ,
2773 2059 2868 2112 καὶ
2920 2058 2972 2110 0i
3023 2058 3187 2110 αὑτὸν
3222 2056 3642 2126 μιμησάμενοι,

2069 2157 2164 2208 καὶ
2196 2154 2283 2208 διὰ
2311 2155 2518 2207 τούτων
2543 2153 2685 2204 ῑλεού
2696 2167 2845 2221 μενοι
2874 2150 2964 2202 τὸν
2984 2149 3117 2202 Θεὸν
3147 2149 3241 2201 καὶ
3267 2145 3642 2215 ἁγιαζόμενοι.

2644 2266 2896 2318 ΚΕΦᾹΛ.
2935 2265 3065 2318 TH'.

2069 2357 2231 2413 Διατι
2264 2359 2415 2428 πρωῒ
2444 2357 2542 2412 καὶ
2580 2355 2850 2428 ἑσπέρας
2875 2354 2940 2408 τὸ
2969 2354 3081 2423 τῆς
3114 2354 3382 2417 πίστεως
3403 2352 3647 2422 ,λέγεται

2689 2430 2732 2479 Σ
2739 2427 3022 2494 ύμϐολον.

2141 2529 2297 2582 Μετᾶ
2342 2525 2568 2585 τούτους
2618 2521 2673 2574 δὲ
2726 2519 2888 2581 εὐθὺς
2948 2518 3046 2588 τὴν
3103 2517 3399 2587 ὁμολογίαν
3428 2519 3527 2584 τῆς
3557 2515 3647 2568 πί-

2025 2627 2034 2637 ’
2075 2619 2243 2678 στεως
2274 2612 2506 2681 λέγομεν
2536 2610 2676 2664 κατὰ
2718 2607 3017 2678 παράδοσιν
3052 2606 3345 2676 πατρικὴν.
3379 2605 3648 2674 λεγόντων

395 2704 494 2755 bus
522 2701 727 2755 sanctis
757 2701 1005 2754 l’atribus
1035 2699 1234 2753 nostris
1269 2715 1282 2753 :
1322 2698 1522 2766 «Surge
1557 2709 1609 2751 et
1644 2697 1808 2752 Deum
1846 2699 1964 2767 glo-
2019 2698 2026 2705 “

2072 2705 2182 2758 τῶν
2213 2705 2376 2757 ὁσίων
2432 2700 2591 2772 ἡμῶν
2629 2698 2907 2769 ηατέρων,
2951 2697 3026 2762 ὼς
3075 2717 3092 2750 α
3131 2696 3398 2760 Ἀναστὰς
3435 2695 3648 2763 δοξολό-

2073 2813 2242 2866 γησον
2287 2795 2376 2862 τὸν
2403 2793 2556 2856 Θεὸν,
2601 2787 2723 2844 εἶτα
2753 2792 2850 2860 τὴν
2887 2789 3070 2842 πίστιν
3105 2787 3453 2857 ἁνάγγειλον,
3499 2805 3517 2838 ι
3551 2787 3650 2840 καὶ

2076 2888 2222 2941 ἔστιν
2258 2887 2397 2954 αὕτη
2431 2887 2464 2955 ἠ
2492 2885 2682 2946 πίστις
2714 2883 2774 2936 τὸ
2805 2882 2951 2951 ἱερὸν
2997 2881 3301 2952 Σύμϐολον,
3331 2881 3557 2950 Ἕτερος
3589 2880 3649 2930 δέ

2076 2999 2158 3044 τις
2181 2979 2288 3032 τῶν
2316 2979 2478 3031 ὁσίων
2511 2977 2699 3047 φησὶν,
2728 2975 2801 3038 ὡς
2831 2975 2912 3028 δεῖ
2944 2976 3042 3044 τὴν
3075 2974 3262 3026 πίστιν
3294 2972 3650 3041 ἀναγγέλὶειν

2080 3069 2224 3140 πρωῒ
2260 3073 2351 3123 καὶ
2379 3069 2643 3139 ἑσπέρας,
2697 3068 2784 3120 ἵνα
2836 3068 2930 3121 ἐὰν
2967 3067 3183 3138 ¹ἐπέλθῃ
3215 3066 3466 3130 Θάνατος,
3501 3067 3650 3136 ἡμᾶς

2076 3163 2224 3231 ε’ύροι
2268 3164 2324 3214 ὲν
2356 3163 2422 3230 τῇ
2453 3159 2740 3230 ὁμολογίᾳ.
2775 3161 2930 3214 Μετὰ
2959 3159 3015 3213 δὲ
3064 3159 3162 3230 τὴν
3212 3159 3398 3212 πίστιν
3431 3153 3582 3221 αὖθις
3619 3159 3651 3224 ἡ

2075 3257 2166 3309 τοῦ
2197 3253 2498 3325 Τρισαγίου
2524 3291 2539 3318 ,
2571 3253 2668 3305 καὶ
2709 3251 2802 3306 τοῦ
2847 3271 2865 3303 t
2909 3253 3091 3322 Πάτερ
3123 3252 3304 3322 ἡμῶν,
3348 3270 3366 3303 ι
3417 3269 3653 3323 προσευ-

2075 3349 2169 3418 χὴ.
2214 3347 2304 3399 Ἐν
2333 3347 2474 3417 ἀρχῇ
2528 3345 2638 3415 γὰρ
2693 3345 2785 3398 καὶ
2814 3344 2957 3414 μέσῃ
3009 3344 3107 3398 καὶ
3154 3345 3213 3396 εν
3251 3344 3330 3413 τῷ
3373 3343 3520 3397 τέλει
3553 3347 3655 3412 τὴν

2075 3440 2281 3510 Τριάδα
2309 3439 2390 3493 δεῖ
2419 3439 2705 3507 ἁνυμνεῖν,
2731 3437 2814 3489 ὅτι
2846 3437 3066 3490 πάντων
3093 3436 3232 3508 αῦτη
3257 3436 3427 3502 αἰτία,
3458 3437 3552 3488 καὶ
3584 3437 3654 3488 δι’

2076 3533 2250 3598 αὐτῆς
2269 3530 2601 3602 ὲνεργοῦμεν
2621 3529 2860 3594 ἅπαντα,
2886 3530 2980 3581 καὶ
2997 3531 3055 3582 ὲν
3076 3529 3252 3584 ἅπασι
3271 3529 3572 3598 τελούμεοά
3589 3545 3655 3580 τε

2078 3626 2174 3678 καὶ
2197 3625 2359 3694 217
2395 3622 2797 3694 καθαιρόμεθα.
2825 3619 2959 3676 Εἶτα
2985 3622 3066 3676 ὃτι
3091 3622 3308 3692 ἔρχεται
3328 3621 3356 3674 ὁ
3378 3620 3651 3692 Νυμφίος,

2081 3720 2439 3787 σημαίνοντες
2469 3719 2559 3770 τὸν
2588 3717 2789 3770 σκοπὸν
2813 3715 2910 3786 τῆς
2935 3715 3290 3786 μεσονυκτίου
3320 3713 3652 3782 δοξολογῖας.

2080 3812 2187 3864 Καὶ
2217 3810 2297 3874 τὸ,
2341 3829 2358 3861 r
2401 3809 2598 3879 Κύριε,
2640 3807 2890 3874 ἐλέησον,
2935 3825 2953 3859 ι
2996 3805 3434 3878 τεσσαράκοντα,
3464 3805 3536 3867 ὡς
3565 3805 3657 3857 θυι

2082 3904 2205 3956 σίαν
2236 3899 2706 3965 ἀποδεκατώσεως
2735 3901 2842 3953 τῶν
2876 3901 3104 3970 ήμερών
3141 3899 3296 3968 ἡμῶν
3343 3898 3437 3952 καὶ
3493 3899 3658 3968 ὡρῶν

2078 3996 2154 4066 τῷ
2187 3995 2306 4064 Θεῷ
2335 3993 2800 4063 προσκομίζομεν.
2829 3993 2938 4044 Καὶ
2985 3992 3145 4046 τοῦτο
3175 3990 3439 4061 ποιοῦμεν
3474 3993 3530 4044 ἐν
3557 3993 3659 4046 πάι.

2082 4105 2202 4151 σαις
2228 4089 2347 4150 ταῖς
2379 4089 2731 4158 προσευχαῖς,
2762 4085 2853 4138 τὸν
2883 4087 2947 4137 ἐκ
2981 4083 3116 4137 Θεοῦ
3170 4083 3309 4155 ὑπὲρ
3339 4083 3516 4137 πάντα
3535 4084 3668 4136 ἐπὶ--

2080 4181 2406 4250 καλούμενοι
2448 4180 2626 4232 ἔλεον·
2691 4180 2772 4232 ὅτι
2827 4178 2983 4238 οὗτος
3039 4175 3214 4247 ἰσχύει
3276 4175 3436 4246 μόνος
3480 4175 3657 4228 σῶσαι

2081 4274 2227 4341 ἡμᾶς
2261 4287 2274 4301 ⁶
2311 4273 2402 4324 καὶ
2433 4271 2515 4324 ὃτι
2546 4271 2729 4332 ὲὶέους
2777 4268 2915 4336 ἄξιοι
2959 4267 3488 4344 πεπλημμεληκότες
3518 4282 3531 4296 ·
3563 4253 3664 4320 καῖ

2080 4366 2483 4434 ὃτιούχίκανοὶ
2509 4362 2727 4417 ἄλλοθεν
2763 4363 3025 4431 σωθῆναι,
3078 4361 3126 4412 εί
3183 4359 3260 4430 μὴ
3318 4359 3455 4412 ἐλέει
3511 4360 3661 4428 μόνῳ

404 4455 559 4507 nobis
583 4453 849 4506 habentes
875 4448 1340 4518 propitiationem,
1374 4447 1470 4500 sed
1504 4448 1685 4515 potius
1713 4447 1977 4502 habentes

2082 4458 2238 4521 Θεοῦ,
2271 4458 2421 4511 οὐδὲν
2449 4455 2540 4524 ἀφ’
2571 4455 2778 4509 ἑαυτῶν
2801 4455 3018 4524 ἔχοντες
3040 4453 3306 4524 ἔξίλασμα
3337 4467 3354 4483 ⁸
3407 4455 3456 4507 εί
3489 4453 3562 4520 μὴ
3595 4452 3658 4504 τὸ

404 4543 546 4595 unde
577 4541 844 4593 irascatur
878 4537 1019 4592 Deus
1046 4545 1264 4605 propter
1315 4551 1378 4590 ea
1411 4552 1529 4604 qua:
1579 4546 1976 4612 perpeti-amns,

405 4633 676 4702 loquimur
733 4646 795 4686 ac
863 4631 1188 4698 coaitatnus,
1247 4645 1477 4697 quorum
1543 4645 1709 4683 causa
1769 4629 1977 4699 indigni

404 4745 592 4782 sumus
619 4727 710 4797 qui
741 4727 945 4796 gratias
984 4739 1207 4792 agamus
1237 4725 1634 4792 landemusqne
1671 4739 1733 4775 ac
1786 4722 1981 4790 depre-

406 4837 612 4885 cemur,
669 4819 774 4873 nisi
836 4818 937 4871 boc
993 4817 1336 4870 solummodo
1395 4816 1697 4870 dicamus:
1739 4816 1975 4886 «Kyri‘e,

407 4912 633 4976 elcison,
663 4929 681 4961 ι
717 4919 772 4962 et
831 4909 883 4960 in
921 4908 1096 4960 solum
1145 4907 1552 4960 misericordem
1593 4903 1762 4958 Deum
1797 4920 1982 4974 Spere-

406 5019 549 5059 mus.
611 5001 807 5056 Verum
870 5001 1015 5052 dicto
1072 4998 1522 5067 Kyrie,eleison,
1583 4998 1980 5051 invocationem

408 5097 648 5165 Deipara:
698 5103 882 5164 utpote
931 5107 1054 5144 vere
1109 5091 1394 5158 Seraphim
1431 5088 1856 5144 honorabilioris
1903 5089 1984 5142 fa-

406 5192 603 5248 cimus,
626 5186 884 5256 quoniam
921 5183 1098 5236 adhuc
1135 5184 1245 5252 ipsa
1281 5197 1377 5250 pro
1398 5182 1651 5234 otnnibns
1677 5181 1981 5242 intercedit.

407 5280 471 5331 Et
526 5281 709 5331 statim
779 5279 834 5330 lit
886 5274 1188 5330 Sacerdotis
1234 5273 1409 5327 oratio
1468 5275 1611 5326 velut
1668 5273 1909 5343 sigillum
1966 5287 1982 5326 :

411 5391 427 5421 ι
465 5371 602 5423 Deus
629 5351 950 5422 misereatur
981 5368 1151 5421 nostri
1175 5385 1219 5429 ι,
1268 5381 1431 5434 quant
1480 5365 1783 5418 orationem
1821 5362 1972 5433 Moy-

407 5478 494 5515 ses
554 5461 754 5513 Aaroni
794 5462 974 5512 dicere
1008 5474 1039 5512 a
1091 5457 1199 5510 Deo
1253 5457 1514 5524 praecipit.
1577 5449 1734 5510 lianc
1803 5464 1981 5508 autem

405 5558 563 5608 docte
611 5551 832 5620 scripsit
875 5549 1042 5602 David
1087 5548 1178 5601 Dei
1224 5563 1457 5615 proavus
1519 5547 1573 5601 in
1619 5548 1873 5614 psalmo;
1933 5555 1987 5598 ct

406 5661 523 5719 post
558 5664 675 5702 eam
724 5647 826 5700 alia
866 5644 1042 5698 oratio
1075 5643 1329 5696 Trinitati
1365 5645 1434 5707 ab
1467 5643 1722 5696 omnibus
1766 5656 1985 5711 nuncu-

407 5754 590 5814 patur,
626 5757 743 5808 qnw
789 5735 1150 5793 confessionis
1216 5737 1448 5804 speciem
1489 5736 1764 5805 exprimit,
1816 5751 1976 5804 quam

2086 4548 2520 4620 παροργίζεσθαι
2561 4546 2764 4614 μᾶλλον
2789 4546 2880 4599 τὸν
2902 4545 3035 4598 Θεὸν
3074 4545 3142 4597 δι’
3200 4538 3276 4598 ὧν
3301 4543 3659 4614 ὲνεργοῦμενο

2085 4639 2354 4708 λαλοῦμεν
2377 4655 2434 4692 τε
2463 4638 2555 4692 καὶ
2581 4637 2962 4706 διανοούμεθα,
2991 4635 3063 4688 δι’
3088 4635 3124 4689 ἃ
3149 4635 3258 4689 οὐδ’
3313 4635 3662 4705 εὐχαριστεῖν

2087 4732 2251 4796 ἄξιοι,
2287 4732 2320 4802 ἢ
2347 4729 2670 4796 δοξολογεῖν,
2702 4728 2733 4800 ἢ
2770 4727 3039 4782 αἰτεῖσθαι
3065 4743 3079 4757 ο
3104 4728 3152 4779 εί
3207 4725 3281 4796 μὴ
3314 4725 3472 4778 τοῦτο
3497 4725 3662 4792 μόνον

2084 4825 2284 4890 λαλεῖν,
2313 4823 2392 4888 τὸ,
2428 4841 2446 4875 t
2491 4822 2683 4892 Κύριε,
2705 4821 2950 4891 ἐλέησον,
2987 4840 3004 4872 ι
3045 4821 3137 4874 καὶ
3164 4822 3242 4882 είς
3271 4819 3358 4874 τὸν
3393 4820 3662 4887 ἐλεήμονι

2090 4918 2252 4986 μόνον
2279 4915 2522 4979 ἐλπίζειν
2553 4915 2706 4968 Θεόν.
2750 4915 2903 4968 Μετὰ
2953 4914 3008 4965 δὲ
3075 4914 3156 4979 τὸ,
3196 4931 3214 4965 t
3253 4913 3448 4981 Κύριε.
3507 4912 3630 4978 ἑλέη

2089 5019 2198 5065 σον,
2237 5021 2254 5052 ι
2295 5003 2392 5071 τὴν
2417 5002 2706 5072 ἐπίκλησιν
2734 5003 2833 5071 τῆς
2897 5001 3241 5072 Θεομήτορος
3278 5001 3354 5064 ὡς
3410 5001 3662 5072 τιμιωτέ-

2088 5111 2189 5164 ρας
2216 5093 2323 5148 τῶν
2345 5095 2596 5162 Σεραφὶμ
2627 5094 2842 5163 ἀληθῶς
2886 5093 3214 5161 ποιούμεθα,
3249 5094 3374 5148 ἐπεὶ
3405 5095 3496 5146 καὶ
3557 5096 3663 5162 πρὸ

2086 5187 2305 5239 πάντων
2341 5184 2482 5254 αὕτη
2536 5188 2768 5255 μεσῖτις.
2820 5185 3110 5254 Καὶὴτοῦ
3155 5187 3346 5256 ἱερέως
3401 5185 3533 5254 εὐχὴ
3588 5186 3664 5246 ὡς

2088 5279 2322 5345 σφραγὶς
2361 5278 2544 5340 εὐθὺς,
2575 5277 2656 5339 τὸ,
2687 5295 2704 5326 ‹
2755 5277 2812 5328 Ὀ
2871 5277 3001 5338 Θεὸς
3037 5277 3374 5348 οἰκτειρῆσαι
3406 5277 3551 5346 ἡμᾶς
3577 5291 3592 5306 ο
3640 5295 3658 5326 ι

2085 5369 2261 5438 ἥνπερ
2291 5370 2354 5438 δὴ
2391 5370 2575 5438 εὐχὴν,
2603 5369 2697 5422 καὶ
2721 5370 2960 5438 Μωῦσῆς
2986 5370 3062 5438 τῷ
3103 5369 3316 5440 Ἀαρὼν
3347 5370 3524 5437 λέγειν
3557 5371 3662 5420 ἀπὸ

2086 5461 2220 5513 Θεοῦ
2247 5461 2572 5516 ἐπιτίθεται.
2629 5460 2847 5529 Ταύτην
2889 5462 2942 5514 δὲ
2983 5463 3319 5532 σαφέστερον
3373 5461 3661 5530 ἔγραψενὸ

2087 5552 2382 5622 Θεοπάτωρ
2404 5553 2568 5606 Δαὸὶδ
2600 5556 2656 5606 ὲν
2676 5553 2756 5622 τῷ
2787 5553 3006 5624 ψαλμῷ.
3035 5555 3145 5606 Καὶ
3185 5554 3300 5622 μετ’
3328 5555 3500 5623 αὐτὴν
3551 5554 3660 5604 ἐτέ-

2091 5662 2158 5714 ρα
2179 5645 2313 5715 εὐχὴ
2338 5646 2670 5714 ἀναφέρεται
2703 5645 2856 5714 παρὰ
2884 5647 3102 5699 πάντων
3137 5647 3216 5708 είς
3286 5645 3385 5716 τὴν
3435 5645 3660 5716 Τριάὃι,

2087 5737 2206 5805 ἥτις
2243 5739 2333 5790 καὶ
2363 5736 2438 5799 ὡς
2471 5738 2731 5806 ὁμολογία
2764 5738 2879 5790 ἐστί
2918 5755 2929 5766 ·
2999 5741 3091 5790 καὶ
3150 5738 3356 5798 ταύτην
3403 5738 3520 5798 τρίς
3567 5737 3662 5794 τὴν
