  <div class='ocr_page' id='page_1' title='image "/cluster/home/n/w/nwhite01/storage/ocr_20150623/155/hvd.32044069650117/286.png"; bbox 0 0 4034 6192; ppageno 0'>
   <div class='ocr_carea' id='block_1_1' title="bbox 296 229 388 333">
    <p class='ocr_par' dir='ltr' id='par_1_1' title="bbox 296 229 388 333">
     <span class='ocr_line' id='line_1_1' title="bbox 296 229 388 333; baseline -0.022 0"><span class='ocrx_word' id='word_1_1' title='bbox 296 229 388 333; x_wconf 61' lang='lat' dir='ltr'><strong>at</strong></span> 
     </span>
    </p>
   </div>
   <div class='ocr_carea' id='block_1_2' title="bbox 1465 275 2388 346">
    <p class='ocr_par' dir='ltr' id='par_1_2' title="bbox 1465 275 2388 346">
     <span class='ocr_line' id='line_1_2' title="bbox 1465 275 2388 346; baseline 0.009 -9"><span class='ocrx_word' id='word_1_2' title='bbox 1465 275 1564 337; x_wconf 90' lang='lat' dir='ltr'><strong>DE</strong></span> <span class='ocrx_word' id='word_1_3' title='bbox 1608 278 1844 338; x_wconf 78' lang='lat' dir='ltr'><strong>SACRA</strong></span> <span class='ocrx_word' id='word_1_4' title='bbox 1863 280 1872 286; x_wconf 82' lang='grc'><strong>’</strong></span> <span class='ocrx_word' id='word_1_5' title='bbox 1889 276 2388 346; x_wconf 75' lang='lat' dir='ltr'><strong>PBECATIONE.</strong></span> 
     </span>
    </p>
   </div>
   <div class='ocr_carea' id='block_1_3' title="bbox 3462 280 3564 343">
    <p class='ocr_par' dir='ltr' id='par_1_3' title="bbox 3462 280 3564 343">
     <span class='ocr_line' id='line_1_3' title="bbox 3462 280 3564 343; baseline -0.01 0"><span class='ocrx_word' id='word_1_6' title='bbox 3462 280 3564 343; x_wconf 70' lang='lat'><strong>562</strong></span> 
     </span>
    </p>
   </div>
   <div class='ocr_carea' id='block_1_4' title="bbox 294 383 1892 464">
    <p class='ocr_par' dir='ltr' id='par_1_4' title="bbox 294 383 1870 462">
     <span class='ocr_line' id='line_1_4' title="bbox 294 383 1870 462; baseline 0.004 -26"><span class='ocrx_word' id='word_1_7' title='bbox 294 385 509 454; x_wconf 79' lang='grc' dir='ltr'>ἡμέραν</span> <span class='ocrx_word' id='word_1_8' title='bbox 556 383 789 454; x_wconf 80' lang='grc' dir='ltr'>λέγομεν</span> <span class='ocrx_word' id='word_1_9' title='bbox 839 383 1076 440; x_wconf 74' lang='grc' dir='ltr'>ἐνταῦθα</span> <span class='ocrx_word' id='word_1_10' title='bbox 1122 405 1203 451; x_wconf 88' lang='grc' dir='ltr'><strong>τε,</strong></span> <span class='ocrx_word' id='word_1_11' title='bbox 1251 387 1342 442; x_wconf 79' lang='grc' dir='ltr'>καὶ</span> <span class='ocrx_word' id='word_1_12' title='bbox 1395 391 1462 460; x_wconf 78' lang='grc' dir='ltr'>τῇ</span> <span class='ocrx_word' id='word_1_13' title='bbox 1525 390 1681 460; x_wconf 80' lang='grc' dir='ltr'>τρίτη</span> <span class='ocrx_word' id='word_1_14' title='bbox 1730 390 1870 462; x_wconf 77' lang='grc' dir='ltr'>ῶρᾳ,</span> 
     </span>
    </p>
   </div>
   <div class='ocr_carea' id='block_1_5' title="bbox 1997 383 3559 464">
    <p class='ocr_par' dir='ltr' id='par_1_5' title="bbox 2006 391 3559 464">
     <span class='ocr_line' id='line_1_5' title="bbox 2006 391 3559 464; baseline -0.001 -21"><span class='ocrx_word' id='word_1_15' title='bbox 2006 407 2063 444; x_wconf 81' lang='lat' dir='ltr'><strong>er</strong></span> <span class='ocrx_word' id='word_1_16' title='bbox 2125 393 2182 446; x_wconf 90' lang='lat' dir='ltr'><strong>in</strong></span> <span class='ocrx_word' id='word_1_17' title='bbox 2243 395 2330 448; x_wconf 90' lang='lat' dir='ltr'><strong>die</strong></span> <span class='ocrx_word' id='word_1_18' title='bbox 2377 398 2715 450; x_wconf 80' lang='lat' dir='ltr'><strong>recitamus:</strong></span> <span class='ocrx_word' id='word_1_19' title='bbox 2759 408 2903 448; x_wconf 89' lang='lat' dir='ltr'><strong>nunc</strong></span> <span class='ocrx_word' id='word_1_20' title='bbox 2956 394 3174 464; x_wconf 81' lang='lat' dir='ltr'><strong>quidem</strong></span> <span class='ocrx_word' id='word_1_21' title='bbox 3229 407 3291 447; x_wconf 91' lang='lat' dir='ltr'><strong>ac</strong></span> <span class='ocrx_word' id='word_1_22' title='bbox 3324 392 3376 445; x_wconf 90' lang='lat' dir='ltr'><strong>in</strong></span> <span class='ocrx_word' id='word_1_23' title='bbox 3427 391 3559 444; x_wconf 87' lang='lat' dir='ltr'><strong>hora</strong></span> 
     </span>
    </p>
   </div>
   <div class='ocr_carea' id='block_1_6' title="bbox 296 477 1874 552">
    <p class='ocr_par' dir='ltr' id='par_1_6' title="bbox 296 477 1874 552">
     <span class='ocr_line' id='line_1_6' title="bbox 296 477 1874 552; baseline 0.002 -19"><span class='ocrx_word' id='word_1_24' title='bbox 296 482 390 534; x_wconf 74' lang='grc' dir='ltr'>καὶ</span> <span class='ocrx_word' id='word_1_25' title='bbox 421 479 488 548; x_wconf 81' lang='grc' dir='ltr'>τῇ</span> <span class='ocrx_word' id='word_1_26' title='bbox 522 478 630 532; x_wconf 86' lang='grc' dir='ltr'><strong>τῶν</strong></span> <span class='ocrx_word' id='word_1_27' title='bbox 654 477 998 534; x_wconf 81' lang='grc' dir='ltr'>ἀποδείπνων</span> <span class='ocrx_word' id='word_1_28' title='bbox 1019 480 1321 552; x_wconf 81' lang='grc' dir='ltr'>δοξολογίᾳ,</span> <span class='ocrx_word' id='word_1_29' title='bbox 1369 483 1492 551; x_wconf 74' lang='grc' dir='ltr'>ἥτις</span> <span class='ocrx_word' id='word_1_30' title='bbox 1558 484 1652 536; x_wconf 77' lang='grc' dir='ltr'>καὶ</span> <span class='ocrx_word' id='word_1_31' title='bbox 1721 483 1874 552; x_wconf 75' lang='grc' dir='ltr'>παρὰ</span> 
     </span>
    </p>
   </div>
   <div class='ocr_carea' id='block_1_7' title="bbox 295 571 1877 644">
    <p class='ocr_par' dir='ltr' id='par_1_7' title="bbox 295 571 1877 644">
     <span class='ocr_line' id='line_1_7' title="bbox 295 571 1877 644; baseline -0.001 -18"><span class='ocrx_word' id='word_1_32' title='bbox 295 575 405 635; x_wconf 57' lang='lat' dir='ltr'><strong>cui;</strong></span> <span class='ocrx_word' id='word_1_33' title='bbox 435 571 690 634; x_wconf 76' lang='grc' dir='ltr'><strong>παλαιοῖς</strong></span> <span class='ocrx_word' id='word_1_34' title='bbox 727 571 964 642; x_wconf 80' lang='grc' dir='ltr'>ᾀδομένη</span> <span class='ocrx_word' id='word_1_35' title='bbox 1023 571 1358 640; x_wconf 81' lang='grc' dir='ltr'>εὑρίσκεται,</span> <span class='ocrx_word' id='word_1_36' title='bbox 1427 573 1502 636; x_wconf 83' lang='grc' dir='ltr'>ὡς</span> <span class='ocrx_word' id='word_1_37' title='bbox 1553 572 1647 626; x_wconf 74' lang='grc' dir='ltr'>καὶ</span> <span class='ocrx_word' id='word_1_38' title='bbox 1698 575 1755 626; x_wconf 80' lang='grc' dir='ltr'>ὲν</span> <span class='ocrx_word' id='word_1_39' title='bbox 1809 575 1877 644; x_wconf 79' lang='grc' dir='ltr'><strong>τῇ</strong></span> 
     </span>
    </p>
   </div>
   <div class='ocr_carea' id='block_1_8' title="bbox 299 662 1883 734">
    <p class='ocr_par' dir='ltr' id='par_1_8' title="bbox 299 662 1883 734">
     <span class='ocr_line' id='line_1_8' title="bbox 299 662 1883 734; baseline 0.001 -18"><span class='ocrx_word' id='word_1_40' title='bbox 299 662 524 730; x_wconf 80' lang='grc' dir='ltr'>ἀθλήσει</span> <span class='ocrx_word' id='word_1_41' title='bbox 566 662 662 715; x_wconf 88' lang='grc' dir='ltr'><strong>τοῦ</strong></span> <span class='ocrx_word' id='word_1_42' title='bbox 707 663 1198 733; x_wconf 84' lang='grc' dir='ltr'>μεγαλομάρτυρος</span> <span class='ocrx_word' id='word_1_43' title='bbox 1229 665 1566 734; x_wconf 84' lang='grc' dir='ltr'>Εὐστρατίου</span> <span class='ocrx_word' id='word_1_44' title='bbox 1611 665 1692 729; x_wconf 76' lang='grc' dir='ltr'><strong>τὸ,</strong></span> <span class='ocrx_word' id='word_1_45' title='bbox 1725 683 1743 716; x_wconf 82' lang='grc' dir='ltr'><strong>ι</strong></span> <span class='ocrx_word' id='word_1_46' title='bbox 1782 665 1883 718; x_wconf 77' lang='grc' dir='ltr'><strong>Δέ-</strong></span> 
     </span>
    </p>
   </div>
   <div class='ocr_carea' id='block_1_9' title="bbox 235 754 1880 827">
    <p class='ocr_par' dir='ltr' id='par_1_9' title="bbox 235 754 1880 827">
     <span class='ocr_line' id='line_1_9' title="bbox 235 754 1880 827; baseline 0.001 -18"><span class='ocrx_word' id='word_1_47' title='bbox 235 775 244 782; x_wconf 87' lang='grc'><strong>’</strong></span> <span class='ocrx_word' id='word_1_48' title='bbox 298 771 471 809; x_wconf 76' lang='grc' dir='ltr'>σποτα</span> <span class='ocrx_word' id='word_1_49' title='bbox 497 754 598 807; x_wconf 76' lang='grc' dir='ltr'><strong>Θεὲ</strong></span> <span class='ocrx_word' id='word_1_50' title='bbox 629 757 812 826; x_wconf 82' lang='grc' dir='ltr'>Πάτερ</span> <span class='ocrx_word' id='word_1_51' title='bbox 843 757 1243 827; x_wconf 84' lang='grc' dir='ltr'>παντοκράτορ,</span> <span class='ocrx_word' id='word_1_52' title='bbox 1275 756 1450 826; x_wconf 81' lang='grc' dir='ltr'>Κύριε</span> <span class='ocrx_word' id='word_1_53' title='bbox 1504 757 1603 810; x_wconf 73' lang='grc' dir='ltr'><strong>Υίδ</strong></span> <span class='ocrx_word' id='word_1_54' title='bbox 1654 774 1880 826; x_wconf 82' lang='grc' dir='ltr'>μονογε-</span> 
     </span>
    </p>
   </div>
   <div class='ocr_carea' id='block_1_10' title="bbox 295 847 1872 921">
    <p class='ocr_par' dir='ltr' id='par_1_10' title="bbox 295 847 1872 921">
     <span class='ocr_line' id='line_1_10' title="bbox 295 847 1872 921; baseline 0.001 -19"><span class='ocrx_word' id='word_1_55' title='bbox 295 849 382 903; x_wconf 72' lang='grc' dir='ltr'>νὲς</span> <span class='ocrx_word' id='word_1_56' title='bbox 423 847 600 916; x_wconf 86' lang='grc' dir='ltr'>Ἰησοῦ</span> <span class='ocrx_word' id='word_1_57' title='bbox 632 849 863 920; x_wconf 78' lang='grc' dir='ltr'>Χριστὲ,</span> <span class='ocrx_word' id='word_1_58' title='bbox 902 849 1000 904; x_wconf 77' lang='grc' dir='ltr'>καὶ</span> <span class='ocrx_word' id='word_1_59' title='bbox 1029 850 1183 916; x_wconf 85' lang='grc' dir='ltr'>ἆγιον</span> <span class='ocrx_word' id='word_1_60' title='bbox 1206 850 1458 920; x_wconf 81' lang='grc' dir='ltr'><strong>Πνεῦμα,</strong></span> <span class='ocrx_word' id='word_1_61' title='bbox 1496 851 1595 920; x_wconf 90' lang='grc' dir='ltr'><strong>μία</strong></span> <span class='ocrx_word' id='word_1_62' title='bbox 1647 850 1872 921; x_wconf 86' lang='grc' dir='ltr'>Θεότης,</span> 
     </span>
    </p>
   </div>
   <div class='ocr_carea' id='block_1_11' title="bbox 300 935 1880 1011">
    <p class='ocr_par' dir='ltr' id='par_1_11' title="bbox 300 935 1880 1011">
     <span class='ocr_line' id='line_1_11' title="bbox 300 935 1880 1011; baseline 0.004 -23"><span class='ocrx_word' id='word_1_63' title='bbox 300 936 397 1007; x_wconf 68' lang='grc' dir='ltr'><strong>μία</strong></span> <span class='ocrx_word' id='word_1_64' title='bbox 433 935 683 1006; x_wconf 87' lang='grc' dir='ltr'>δύναμις,</span> <span class='ocrx_word' id='word_1_65' title='bbox 722 958 740 990; x_wconf 71' lang='grc' dir='ltr'><strong>ι</strong></span> <span class='ocrx_word' id='word_1_66' title='bbox 777 939 872 992; x_wconf 78' lang='grc' dir='ltr'>καὶ</span> <span class='ocrx_word' id='word_1_67' title='bbox 921 939 989 994; x_wconf 78' lang='grc' dir='ltr'><strong>τὰ</strong></span> <span class='ocrx_word' id='word_1_68' title='bbox 1049 940 1197 1007; x_wconf 76' lang='grc' dir='ltr'>ἑξῆς.</span> <span class='ocrx_word' id='word_1_69' title='bbox 1246 941 1465 1011; x_wconf 81' lang='grc' dir='ltr'><strong>Ταύτης</strong></span> <span class='ocrx_word' id='word_1_70' title='bbox 1511 941 1880 1009; x_wconf 75' lang='grc' dir='ltr'><strong>τελεσθείσης.</strong></span> 
     </span>
    </p>
   </div>
   <div class='ocr_carea' id='block_1_12' title="bbox 297 1026 1880 1099">
    <p class='ocr_par' dir='ltr' id='par_1_12' title="bbox 297 1026 1880 1099">
     <span class='ocr_line' id='line_1_12' title="bbox 297 1026 1880 1099; baseline 0.003 -22"><span class='ocrx_word' id='word_1_71' title='bbox 297 1027 393 1078; x_wconf 77' lang='grc' dir='ltr'><strong>καὶ</strong></span> <span class='ocrx_word' id='word_1_72' title='bbox 423 1026 485 1079; x_wconf 80' lang='grc' dir='ltr'>τὸ</span> <span class='ocrx_word' id='word_1_73' title='bbox 527 1026 715 1097; x_wconf 83' lang='grc' dir='ltr'>ὥσπερ</span> <span class='ocrx_word' id='word_1_74' title='bbox 755 1028 1028 1098; x_wconf 85' lang='grc' dir='ltr'>μεσώριον</span> <span class='ocrx_word' id='word_1_75' title='bbox 1057 1031 1282 1098; x_wconf 84' lang='grc' dir='ltr'>λέγεται</span> <span class='ocrx_word' id='word_1_76' title='bbox 1308 1029 1404 1084; x_wconf 85' lang='grc' dir='ltr'><strong>τοῦ</strong></span> <span class='ocrx_word' id='word_1_77' title='bbox 1460 1027 1880 1099; x_wconf 87' lang='grc' dir='ltr'>μεσονυκτικοῦ,</span> 
     </span>
    </p>
   </div>
   <div class='ocr_carea' id='block_1_13' title="bbox 298 1114 1882 1192">
    <p class='ocr_par' dir='ltr' id='par_1_13' title="bbox 298 1114 1882 1192">
     <span class='ocr_line' id='line_1_13' title="bbox 298 1114 1882 1192; baseline 0.005 -25"><span class='ocrx_word' id='word_1_78' title='bbox 298 1114 445 1168; x_wconf 85' lang='grc' dir='ltr'>καθά</span> <span class='ocrx_word' id='word_1_79' title='bbox 464 1133 611 1179; x_wconf 87' lang='grc' dir='ltr'>τινες</span> <span class='ocrx_word' id='word_1_80' title='bbox 641 1119 855 1171; x_wconf 82' lang='grc' dir='ltr'>ποιοῦσι</span> <span class='ocrx_word' id='word_1_81' title='bbox 883 1121 979 1173; x_wconf 79' lang='grc' dir='ltr'>καὶ</span> <span class='ocrx_word' id='word_1_82' title='bbox 1013 1119 1072 1172; x_wconf 79' lang='grc' dir='ltr'>ὲν</span> <span class='ocrx_word' id='word_1_83' title='bbox 1099 1123 1220 1182; x_wconf 78' lang='grc' dir='ltr'>ταῖς</span> <span class='ocrx_word' id='word_1_84' title='bbox 1278 1121 1388 1174; x_wconf 91' lang='grc' dir='ltr'><strong>τῶν</strong></span> <span class='ocrx_word' id='word_1_85' title='bbox 1441 1121 1602 1192; x_wconf 82' lang='grc' dir='ltr'>ὡρῶν</span> <span class='ocrx_word' id='word_1_86' title='bbox 1657 1120 1882 1175; x_wconf 86' lang='grc' dir='ltr'>ἀκολου-</span> 
     </span>
    </p>
   </div>
   <div class='ocr_carea' id='block_1_14' title="bbox 300 1206 1883 1280">
    <p class='ocr_par' dir='ltr' id='par_1_14' title="bbox 300 1206 1883 1280">
     <span class='ocr_line' id='line_1_14' title="bbox 300 1206 1883 1280; baseline 0.004 -20"><span class='ocrx_word' id='word_1_87' title='bbox 300 1206 468 1270; x_wconf 88' lang='grc' dir='ltr'>θίαις.</span> <span class='ocrx_word' id='word_1_88' title='bbox 515 1209 656 1261; x_wconf 80' lang='grc' dir='ltr'>Ἀλλ’</span> <span class='ocrx_word' id='word_1_89' title='bbox 683 1211 879 1263; x_wconf 75' lang='grc' dir='ltr'>ἐκεῖνοι</span> <span class='ocrx_word' id='word_1_90' title='bbox 913 1211 1012 1279; x_wconf 76' lang='grc' dir='ltr'>μὲν</span> <span class='ocrx_word' id='word_1_91' title='bbox 1042 1212 1117 1274; x_wconf 84' lang='grc' dir='ltr'>ὠς</span> <span class='ocrx_word' id='word_1_92' title='bbox 1149 1211 1374 1280; x_wconf 75' lang='grc' dir='ltr'>θελητδν</span> <span class='ocrx_word' id='word_1_93' title='bbox 1415 1213 1602 1276; x_wconf 84' lang='grc' dir='ltr'>αὐτοῖς</span> <span class='ocrx_word' id='word_1_94' title='bbox 1661 1212 1738 1275; x_wconf 84' lang='grc' dir='ltr'><strong>ὡς</strong></span> <span class='ocrx_word' id='word_1_95' title='bbox 1791 1215 1883 1266; x_wconf 76' lang='grc' dir='ltr'>καὶ</span> 
     </span>
    </p>
   </div>
   <div class='ocr_carea' id='block_1_15' title="bbox 296 1298 1882 1375">
    <p class='ocr_par' dir='ltr' id='par_1_15' title="bbox 296 1298 1882 1375">
     <span class='ocr_line' id='line_1_15' title="bbox 296 1298 1882 1375; baseline 0.003 -23"><span class='ocrx_word' id='word_1_96' title='bbox 296 1298 465 1362; x_wconf 76' lang='grc' dir='ltr'>ἄλλας</span> <span class='ocrx_word' id='word_1_97' title='bbox 520 1300 843 1365; x_wconf 78' lang='grc' dir='ltr'><strong>ἀκολουθίας</strong></span> <span class='ocrx_word' id='word_1_98' title='bbox 885 1303 1173 1375; x_wconf 81' lang='grc' dir='ltr'>προθυμίᾳ</span> <span class='ocrx_word' id='word_1_99' title='bbox 1220 1304 1430 1358; x_wconf 77' lang='grc' dir='ltr'>ἑαυτῶν</span> <span class='ocrx_word' id='word_1_100' title='bbox 1475 1305 1570 1358; x_wconf 75' lang='grc' dir='ltr'><strong>καὶ</strong></span> <span class='ocrx_word' id='word_1_101' title='bbox 1613 1304 1882 1375; x_wconf 80' lang='grc' dir='ltr'>διακρίσει</span> 
     </span>
    </p>
   </div>
   <div class='ocr_carea' id='block_1_16' title="bbox 299 1391 1882 1464">
    <p class='ocr_par' dir='ltr' id='par_1_16' title="bbox 299 1391 1882 1464">
     <span class='ocr_line' id='line_1_16' title="bbox 299 1391 1882 1464; baseline 0.003 -20"><span class='ocrx_word' id='word_1_102' title='bbox 299 1391 560 1459; x_wconf 84' lang='grc' dir='ltr'>Πατέρων</span> <span class='ocrx_word' id='word_1_103' title='bbox 584 1393 1076 1461; x_wconf 81' lang='grc' dir='ltr'>διενεργείτωσαν·</span> <span class='ocrx_word' id='word_1_104' title='bbox 1139 1394 1208 1447; x_wconf 67' lang='grc' dir='ltr'>τὰ</span> <span class='ocrx_word' id='word_1_105' title='bbox 1263 1394 1630 1464; x_wconf 84' lang='grc' dir='ltr'>νενομισμένα</span> <span class='ocrx_word' id='word_1_106' title='bbox 1669 1396 1726 1448; x_wconf 76' lang='grc' dir='ltr'><strong>δέ</strong></span> <span class='ocrx_word' id='word_1_107' title='bbox 1777 1395 1882 1448; x_wconf 86' lang='grc' dir='ltr'>εἰσι</span> 
     </span>
    </p>
   </div>
   <div class='ocr_carea' id='block_1_17' title="bbox 297 1479 1882 1555">
    <p class='ocr_par' dir='ltr' id='par_1_17' title="bbox 297 1479 1882 1555">
     <span class='ocr_line' id='line_1_17' title="bbox 297 1479 1882 1555; baseline 0.003 -22"><span class='ocrx_word' id='word_1_108' title='bbox 297 1479 495 1536; x_wconf 86' lang='grc' dir='ltr'>ταῦτα.</span> <span class='ocrx_word' id='word_1_109' title='bbox 546 1481 690 1551; x_wconf 84' lang='grc' dir='ltr'><strong>Ἐγὼ</strong></span> <span class='ocrx_word' id='word_1_110' title='bbox 714 1482 771 1536; x_wconf 70' lang='grc' dir='ltr'><strong>δὲ</strong></span> <span class='ocrx_word' id='word_1_111' title='bbox 804 1483 963 1536; x_wconf 87' lang='grc' dir='ltr'>τοῦτο</span> <span class='ocrx_word' id='word_1_112' title='bbox 1004 1484 1170 1555; x_wconf 73' lang='grc' dir='ltr'>εὐχὴν</span> <span class='ocrx_word' id='word_1_113' title='bbox 1199 1485 1340 1555; x_wconf 79' lang='grc' dir='ltr'>ὑπὲρ</span> <span class='ocrx_word' id='word_1_114' title='bbox 1395 1486 1505 1538; x_wconf 87' lang='grc' dir='ltr'><strong>τῶν</strong></span> <span class='ocrx_word' id='word_1_115' title='bbox 1552 1487 1611 1540; x_wconf 82' lang='grc' dir='ltr'>ὲν</span> <span class='ocrx_word' id='word_1_116' title='bbox 1660 1484 1882 1554; x_wconf 81' lang='grc' dir='ltr'>Χριστῷ</span> 
     </span>
    </p>
   </div>
   <div class='ocr_carea' id='block_1_18' title="bbox 295 1575 1880 1647">
    <p class='ocr_par' dir='ltr' id='par_1_18' title="bbox 295 1575 1880 1647">
     <span class='ocr_line' id='line_1_18' title="bbox 295 1575 1880 1647; baseline 0.001 -18"><span class='ocrx_word' id='word_1_117' title='bbox 295 1575 642 1630; x_wconf 69' lang='grc' dir='ltr'>ἀπελθόντων</span> <span class='ocrx_word' id='word_1_118' title='bbox 712 1577 921 1647; x_wconf 81' lang='grc' dir='ltr'>νομίζω</span> <span class='ocrx_word' id='word_1_119' title='bbox 984 1579 1381 1632; x_wconf 68' lang='grc' dir='ltr'><strong>συντεθεῖσθαι.</strong></span> <span class='ocrx_word' id='word_1_120' title='bbox 1440 1581 1571 1643; x_wconf 73' lang='grc' dir='ltr'>Διὸ,</span> <span class='ocrx_word' id='word_1_121' title='bbox 1634 1599 1652 1631; x_wconf 85' lang='grc'><strong><em>‹</em></strong></span> <span class='ocrx_word' id='word_1_122' title='bbox 1692 1579 1880 1642; x_wconf 81' lang='grc' dir='ltr'><strong>Δεῦτε,</strong></span> 
     </span>
    </p>
   </div>
   <div class='ocr_carea' id='block_1_19' title="bbox 295 1664 1880 1740">
    <p class='ocr_par' dir='ltr' id='par_1_19' title="bbox 295 1664 1880 1740">
     <span class='ocr_line' id='line_1_19' title="bbox 295 1664 1880 1740; baseline 0.001 -21"><span class='ocrx_word' id='word_1_123' title='bbox 295 1669 791 1738; x_wconf 78' lang='grc' dir='ltr'>προσκυνήσωμεν,</span> <span class='ocrx_word' id='word_1_124' title='bbox 832 1686 852 1721; x_wconf 72' lang='grc' dir='ltr'><strong>ι</strong></span> <span class='ocrx_word' id='word_1_125' title='bbox 885 1664 1039 1731; x_wconf 83' lang='grc' dir='ltr'>αὖθις</span> <span class='ocrx_word' id='word_1_126' title='bbox 1089 1669 1320 1739; x_wconf 88' lang='grc' dir='ltr'>λέγομεν</span> <span class='ocrx_word' id='word_1_127' title='bbox 1375 1670 1509 1738; x_wconf 81' lang='grc' dir='ltr'>μετὰ</span> <span class='ocrx_word' id='word_1_128' title='bbox 1529 1669 1628 1740; x_wconf 81' lang='grc' dir='ltr'>τὴν</span> <span class='ocrx_word' id='word_1_129' title='bbox 1694 1669 1880 1738; x_wconf 76' lang='grc' dir='ltr'>εὐχὴν,</span> 
     </span>
    </p>
   </div>
   <div class='ocr_carea' id='block_1_20' title="bbox 293 1758 1882 1832">
    <p class='ocr_par' dir='ltr' id='par_1_20' title="bbox 293 1758 1882 1832">
     <span class='ocr_line' id='line_1_20' title="bbox 293 1758 1882 1832; baseline -0.001 -18"><span class='ocrx_word' id='word_1_130' title='bbox 293 1759 386 1814; x_wconf 80' lang='grc' dir='ltr'>καὶ</span> <span class='ocrx_word' id='word_1_131' title='bbox 411 1758 512 1813; x_wconf 89' lang='grc' dir='ltr'><strong>δύο</strong></span> <span class='ocrx_word' id='word_1_132' title='bbox 558 1760 832 1830; x_wconf 81' lang='grc' dir='ltr'>ψαλμοὺς,</span> <span class='ocrx_word' id='word_1_133' title='bbox 866 1760 963 1814; x_wconf 81' lang='grc' dir='ltr'><strong>καί</strong></span> <span class='ocrx_word' id='word_1_134' title='bbox 992 1761 1330 1832; x_wconf 89' lang='grc' dir='ltr'>Τρισαργίου</span> <span class='ocrx_word' id='word_1_135' title='bbox 1366 1761 1555 1831; x_wconf 80' lang='grc' dir='ltr'>εὐχὴν,</span> <span class='ocrx_word' id='word_1_136' title='bbox 1597 1763 1690 1815; x_wconf 67' lang='grc' dir='ltr'>καὶ</span> <span class='ocrx_word' id='word_1_137' title='bbox 1719 1761 1882 1824; x_wconf 79' lang='grc' dir='ltr'>εὐθὺς</span> 
     </span>
    </p>
   </div>
   <div class='ocr_carea' id='block_1_21' title="bbox 299 1852 1880 1926">
    <p class='ocr_par' dir='ltr' id='par_1_21' title="bbox 299 1852 1880 1926">
     <span class='ocr_line' id='line_1_21' title="bbox 299 1852 1880 1926; baseline 0 -20"><span class='ocrx_word' id='word_1_138' title='bbox 299 1854 445 1924; x_wconf 79' lang='grc' dir='ltr'>ὑπὲρ</span> <span class='ocrx_word' id='word_1_139' title='bbox 501 1853 612 1906; x_wconf 89' lang='grc' dir='ltr'><strong>τῶν</strong></span> <span class='ocrx_word' id='word_1_140' title='bbox 661 1853 1086 1926; x_wconf 80' lang='grc' dir='ltr'><strong>κεκοιμημένων</strong></span> <span class='ocrx_word' id='word_1_141' title='bbox 1134 1854 1428 1923; x_wconf 82' lang='grc' dir='ltr'>τροπάρια,</span> <span class='ocrx_word' id='word_1_142' title='bbox 1491 1855 1572 1915; x_wconf 80' lang='grc' dir='ltr'>τὸ,</span> <span class='ocrx_word' id='word_1_143' title='bbox 1623 1871 1641 1904; x_wconf 78' lang='grc' dir='ltr'><strong>ι</strong></span> <span class='ocrx_word' id='word_1_144' title='bbox 1682 1852 1880 1922; x_wconf 83' lang='grc' dir='ltr'>Κύριε,</span> 
     </span>
    </p>
   </div>
   <div class='ocr_carea' id='block_1_22' title="bbox 294 1938 1881 2016">
    <p class='ocr_par' dir='ltr' id='par_1_22' title="bbox 294 1938 1881 2016">
     <span class='ocr_line' id='line_1_22' title="bbox 294 1938 1881 2016; baseline 0.001 -20"><span class='ocrx_word' id='word_1_145' title='bbox 294 1944 549 2013; x_wconf 78' lang='grc' dir='ltr'>ἐλέησον,</span> <span class='ocrx_word' id='word_1_146' title='bbox 583 1938 602 1998; x_wconf 58' lang='grc' dir='ltr'><strong>ὸ</strong></span> <span class='ocrx_word' id='word_1_147' title='bbox 636 1944 960 2008; x_wconf 81' lang='grc' dir='ltr'><strong>δωδεκάκις,</strong></span> <span class='ocrx_word' id='word_1_148' title='bbox 1001 1945 1097 1998; x_wconf 76' lang='grc' dir='ltr'>καὶ</span> <span class='ocrx_word' id='word_1_149' title='bbox 1125 1944 1224 2015; x_wconf 78' lang='grc' dir='ltr'>τὴν</span> <span class='ocrx_word' id='word_1_150' title='bbox 1255 1943 1397 2016; x_wconf 78' lang='grc' dir='ltr'>ὑπὲρ</span> <span class='ocrx_word' id='word_1_151' title='bbox 1463 1945 1646 2000; x_wconf 79' lang='grc' dir='ltr'>αὐτῶν</span> <span class='ocrx_word' id='word_1_152' title='bbox 1693 1946 1881 2015; x_wconf 75' lang='grc' dir='ltr'>εὐχὴν,</span> 
     </span>
    </p>
   </div>
   <div class='ocr_carea' id='block_1_23' title="bbox 201 2037 1886 2118">
    <p class='ocr_par' dir='ltr' id='par_1_23' title="bbox 201 2037 1886 2118">
     <span class='ocr_line' id='line_1_23' title="bbox 201 2037 1886 2118; baseline 0.001 -30"><span class='ocrx_word' id='word_1_153' title='bbox 201 2115 204 2118; x_wconf 3' lang='grc' dir='ltr'><strong>γ</strong></span> <span class='ocrx_word' id='word_1_154' title='bbox 295 2037 374 2102; x_wconf 76' lang='grc' dir='ltr'>τὸ,</span> <span class='ocrx_word' id='word_1_155' title='bbox 420 2057 442 2089; x_wconf 73' lang='grc' dir='ltr'><strong><em>ι</em></strong></span> <span class='ocrx_word' id='word_1_156' title='bbox 481 2039 794 2108; x_wconf 87' lang='grc' dir='ltr'>Μνήσθητι,</span> <span class='ocrx_word' id='word_1_157' title='bbox 828 2040 1022 2109; x_wconf 80' lang='grc' dir='ltr'>Κύριε,</span> <span class='ocrx_word' id='word_1_158' title='bbox 1063 2057 1081 2090; x_wconf 75' lang='grc' dir='ltr'><strong>ι</strong></span> <span class='ocrx_word' id='word_1_159' title='bbox 1112 2039 1208 2093; x_wconf 80' lang='grc' dir='ltr'>καὶ</span> <span class='ocrx_word' id='word_1_160' title='bbox 1229 2038 1401 2101; x_wconf 74' lang='grc' dir='ltr'>οὕτως</span> <span class='ocrx_word' id='word_1_161' title='bbox 1433 2038 1695 2100; x_wconf 77' lang='grc' dir='ltr'>ἀπόλυσις</span> <span class='ocrx_word' id='word_1_162' title='bbox 1742 2037 1886 2105; x_wconf 85' lang='grc' dir='ltr'>γίνε-</span> 
     </span>
    </p>
   </div>
   <div class='ocr_carea' id='block_1_24' title="bbox 299 2130 1884 2202">
    <p class='ocr_par' dir='ltr' id='par_1_24' title="bbox 299 2130 1884 2202">
     <span class='ocr_line' id='line_1_24' title="bbox 299 2130 1884 2202; baseline 0 -20"><span class='ocrx_word' id='word_1_163' title='bbox 299 2145 413 2183; x_wconf 88' lang='grc' dir='ltr'>ται.</span> <span class='ocrx_word' id='word_1_164' title='bbox 455 2130 781 2196; x_wconf 74' lang='grc' dir='ltr'>Ἀναγκαῖον</span> <span class='ocrx_word' id='word_1_165' title='bbox 809 2131 919 2200; x_wconf 84' lang='grc' dir='ltr'><strong>γὰρ</strong></span> <span class='ocrx_word' id='word_1_166' title='bbox 949 2131 1044 2186; x_wconf 69' lang='grc' dir='ltr'><strong>καί⁸</strong></span> <span class='ocrx_word' id='word_1_167' title='bbox 1075 2131 1218 2202; x_wconf 77' lang='grc' dir='ltr'>ὑπὲρ</span> <span class='ocrx_word' id='word_1_168' title='bbox 1265 2131 1376 2184; x_wconf 90' lang='grc' dir='ltr'><strong>τῶν</strong></span> <span class='ocrx_word' id='word_1_169' title='bbox 1423 2130 1738 2184; x_wconf 82' lang='grc' dir='ltr'>τεθνεώτων</span> <span class='ocrx_word' id='word_1_170' title='bbox 1785 2146 1884 2200; x_wconf 79' lang='grc' dir='ltr'>με·</span> 
     </span>
    </p>
   </div>
   <div class='ocr_carea' id='block_1_25' title="bbox 308 2220 1887 2293">
    <p class='ocr_par' dir='ltr' id='par_1_25' title="bbox 308 2220 1887 2293">
     <span class='ocr_line' id='line_1_25' title="bbox 308 2220 1887 2293; baseline 0 -19"><span class='ocrx_word' id='word_1_171' title='bbox 308 2221 799 2292; x_wconf 74' lang='grc' dir='ltr'>μνῆσθαι,ὃτικαὶ</span> <span class='ocrx_word' id='word_1_172' title='bbox 824 2225 985 2293; x_wconf 77' lang='grc' dir='ltr'>ἡμεῖς</span> <span class='ocrx_word' id='word_1_173' title='bbox 1037 2223 1431 2292; x_wconf 76' lang='grc' dir='ltr'>τεθνηξόμεθα,</span> <span class='ocrx_word' id='word_1_174' title='bbox 1493 2223 1588 2275; x_wconf 70' lang='grc' dir='ltr'>καὶ</span> <span class='ocrx_word' id='word_1_175' title='bbox 1653 2220 1887 2291; x_wconf 85' lang='grc' dir='ltr'>μάλιστα</span> 
     </span>
    </p>
   </div>
   <div class='ocr_carea' id='block_1_26' title="bbox 307 2314 1888 2384">
    <p class='ocr_par' dir='ltr' id='par_1_26' title="bbox 307 2314 1888 2384">
     <span class='ocr_line' id='line_1_26' title="bbox 307 2314 1888 2384; baseline 0 -18"><span class='ocrx_word' id='word_1_176' title='bbox 307 2314 453 2366; x_wconf 79' lang='grc' dir='ltr'>κατὰ</span> <span class='ocrx_word' id='word_1_177' title='bbox 475 2315 536 2366; x_wconf 71' lang='grc' dir='ltr'>τὸ</span> <span class='ocrx_word' id='word_1_178' title='bbox 567 2314 922 2382; x_wconf 82' lang='grc' dir='ltr'>μεσονύκτιον</span> <span class='ocrx_word' id='word_1_179' title='bbox 956 2314 1318 2384; x_wconf 73' lang='grc' dir='ltr'><strong>ἐλπιζομένης</strong></span> <span class='ocrx_word' id='word_1_180' title='bbox 1367 2315 1468 2380; x_wconf 73' lang='grc' dir='ltr'>τῆς</span> <span class='ocrx_word' id='word_1_181' title='bbox 1517 2314 1626 2366; x_wconf 86' lang='grc' dir='ltr'><strong>τῶν</strong></span> <span class='ocrx_word' id='word_1_182' title='bbox 1679 2314 1888 2382; x_wconf 84' lang='grc' dir='ltr'>νεκρῶν</span> 
     </span>
    </p>
   </div>
   <div class='ocr_carea' id='block_1_27' title="bbox 301 2405 1890 2478">
    <p class='ocr_par' dir='ltr' id='par_1_27' title="bbox 301 2405 1890 2478">
     <span class='ocr_line' id='line_1_27' title="bbox 301 2405 1890 2478; baseline 0 -19"><span class='ocrx_word' id='word_1_183' title='bbox 301 2407 684 2472; x_wconf 78' lang='grc' dir='ltr'>ἀναστάσεως,</span> <span class='ocrx_word' id='word_1_184' title='bbox 722 2407 818 2462; x_wconf 80' lang='grc' dir='ltr'>καὶ</span> <span class='ocrx_word' id='word_1_185' title='bbox 840 2408 984 2478; x_wconf 72' lang='grc' dir='ltr'>ὑπὲρ</span> <span class='ocrx_word' id='word_1_186' title='bbox 1011 2408 1120 2462; x_wconf 91' lang='grc' dir='ltr'><strong>τῶν</strong></span> <span class='ocrx_word' id='word_1_187' title='bbox 1157 2410 1302 2462; x_wconf 82' lang='grc' dir='ltr'>κατὰ</span> <span class='ocrx_word' id='word_1_188' title='bbox 1335 2408 1516 2476; x_wconf 80' lang='grc' dir='ltr'>σάρκα</span> <span class='ocrx_word' id='word_1_189' title='bbox 1549 2405 1605 2459; x_wconf 81' lang='grc' dir='ltr'><strong>δὲ</strong></span> <span class='ocrx_word' id='word_1_190' title='bbox 1669 2407 1890 2459; x_wconf 83' lang='grc' dir='ltr'>οἰκείων</span> 
     </span>
    </p>
   </div>
   <div class='ocr_carea' id='block_1_28' title="bbox 302 2491 1891 2570">
    <p class='ocr_par' dir='ltr' id='par_1_28' title="bbox 302 2491 1891 2570">
     <span class='ocr_line' id='line_1_28' title="bbox 302 2491 1891 2570; baseline -0.001 -16"><span class='ocrx_word' id='word_1_191' title='bbox 302 2500 395 2554; x_wconf 70' lang='grc' dir='ltr'>καὶ</span> <span class='ocrx_word' id='word_1_192' title='bbox 429 2501 658 2554; x_wconf 81' lang='grc' dir='ltr'>πάντων</span> <span class='ocrx_word' id='word_1_193' title='bbox 677 2501 1023 2556; x_wconf 83' lang='grc' dir='ltr'>ἀπελθόντων</span> <span class='ocrx_word' id='word_1_194' title='bbox 1066 2491 1328 2570; x_wconf 72' lang='grc' dir='ltr'>εὔχεσθαι</span> <span class='ocrx_word' id='word_1_195' title='bbox 1359 2498 1686 2567; x_wconf 85' lang='grc' dir='ltr'>ἀναγκαίως</span> <span class='ocrx_word' id='word_1_196' title='bbox 1713 2515 1727 2531; x_wconf 85' lang='lat'><strong><em>°</em></strong></span> <span class='ocrx_word' id='word_1_197' title='bbox 1755 2499 1891 2567; x_wconf 82' lang='grc' dir='ltr'><strong>ἁγά-</strong></span> 
     </span>
    </p>
   </div>
   <div class='ocr_carea' id='block_1_29' title="bbox 300 2589 1893 2664">
    <p class='ocr_par' dir='ltr' id='par_1_29' title="bbox 300 2589 1893 2664">
     <span class='ocr_line' id='line_1_29' title="bbox 300 2589 1893 2664; baseline -0.001 -20"><span class='ocrx_word' id='word_1_198' title='bbox 300 2592 544 2662; x_wconf 79' lang='grc' dir='ltr'>πηγάρ.</span> <span class='ocrx_word' id='word_1_199' title='bbox 579 2589 938 2664; x_wconf 75' lang='grc' dir='ltr'>Εἷταήύπὲρ</span> <span class='ocrx_word' id='word_1_200' title='bbox 998 2592 1222 2646; x_wconf 82' lang='grc' dir='ltr'>πάντων</span> <span class='ocrx_word' id='word_1_201' title='bbox 1281 2590 1435 2660; x_wconf 83' lang='grc' dir='ltr'>κοινὴ</span> <span class='ocrx_word' id='word_1_202' title='bbox 1488 2589 1622 2660; x_wconf 86' lang='grc' dir='ltr'>εὐχή</span> <span class='ocrx_word' id='word_1_203' title='bbox 1676 2607 1736 2643; x_wconf 87' lang='grc' dir='ltr'><strong>τε</strong></span> <span class='ocrx_word' id='word_1_204' title='bbox 1798 2590 1893 2642; x_wconf 70' lang='grc' dir='ltr'>καὶ</span> 
     </span>
    </p>
   </div>
   <div class='ocr_carea' id='block_1_30' title="bbox 299 2683 1896 2758">
    <p class='ocr_par' dir='ltr' id='par_1_30' title="bbox 299 2683 1896 2758">
     <span class='ocr_line' id='line_1_30' title="bbox 299 2683 1896 2758; baseline -0.001 -22"><span class='ocrx_word' id='word_1_205' title='bbox 299 2683 493 2752; x_wconf 76' lang='grc' dir='ltr'>δέησις</span> <span class='ocrx_word' id='word_1_206' title='bbox 531 2684 766 2754; x_wconf 80' lang='grc' dir='ltr'>γίνεται,</span> <span class='ocrx_word' id='word_1_207' title='bbox 794 2685 890 2739; x_wconf 91' lang='grc' dir='ltr'><strong>τοῦ</strong></span> <span class='ocrx_word' id='word_1_208' title='bbox 927 2685 1119 2755; x_wconf 76' lang='grc' dir='ltr'>ἱερέως</span> <span class='ocrx_word' id='word_1_209' title='bbox 1186 2683 1520 2754; x_wconf 86' lang='grc' dir='ltr'>ἀρχομένου,</span> <span class='ocrx_word' id='word_1_210' title='bbox 1573 2683 1792 2758; x_wconf 83' lang='grc' dir='ltr'>πάντων</span> <span class='ocrx_word' id='word_1_211' title='bbox 1838 2683 1896 2736; x_wconf 68' lang='grc' dir='ltr'><strong>δὲ</strong></span> 
     </span>
    </p>
   </div>
   <div class='ocr_carea' id='block_1_31' title="bbox 306 2773 1897 2848">
    <p class='ocr_par' dir='ltr' id='par_1_31' title="bbox 306 2773 1897 2848">
     <span class='ocr_line' id='line_1_31' title="bbox 306 2773 1897 2848; baseline -0.002 -19"><span class='ocrx_word' id='word_1_212' title='bbox 306 2778 727 2846; x_wconf 81' lang='grc' dir='ltr'>συνευχομένων</span> <span class='ocrx_word' id='word_1_213' title='bbox 801 2777 942 2848; x_wconf 79' lang='grc' dir='ltr'>ὑπὲρ</span> <span class='ocrx_word' id='word_1_214' title='bbox 1006 2777 1113 2831; x_wconf 88' lang='grc' dir='ltr'><strong>τῶν</strong></span> <span class='ocrx_word' id='word_1_215' title='bbox 1160 2775 1376 2830; x_wconf 85' lang='grc' dir='ltr'>πιστῶν</span> <span class='ocrx_word' id='word_1_216' title='bbox 1433 2775 1719 2845; x_wconf 81' lang='grc' dir='ltr'>βασιλέων,</span> <span class='ocrx_word' id='word_1_217' title='bbox 1789 2773 1897 2827; x_wconf 91' lang='grc' dir='ltr'><strong>τῶν</strong></span> 
     </span>
    </p>
   </div>
   <div class='ocr_carea' id='block_1_32' title="bbox 297 2865 1898 2938">
    <p class='ocr_par' dir='ltr' id='par_1_32' title="bbox 297 2865 1898 2938">
     <span class='ocr_line' id='line_1_32' title="bbox 297 2865 1898 2938; baseline 0.001 -20"><span class='ocrx_word' id='word_1_218' title='bbox 297 2865 601 2932; x_wconf 81' lang='grc' dir='ltr'>ὀρθοδόξων</span> <span class='ocrx_word' id='word_1_219' title='bbox 623 2867 947 2938; x_wconf 79' lang='grc' dir='ltr'>ἀρχιερέων,</span> <span class='ocrx_word' id='word_1_220' title='bbox 971 2869 1064 2921; x_wconf 84' lang='grc' dir='ltr'><strong>τοῦ</strong></span> <span class='ocrx_word' id='word_1_221' title='bbox 1092 2866 1510 2936; x_wconf 80' lang='grc' dir='ltr'>καθηγουμένου</span> <span class='ocrx_word' id='word_1_222' title='bbox 1543 2867 1774 2936; x_wconf 75' lang='grc' dir='ltr'>Πατρδς,</span> <span class='ocrx_word' id='word_1_223' title='bbox 1803 2866 1898 2920; x_wconf 78' lang='grc' dir='ltr'>καὶ</span> 
     </span>
    </p>
   </div>
   <div class='ocr_carea' id='block_1_33' title="bbox 301 2956 1898 3029">
    <p class='ocr_par' dir='ltr' id='par_1_33' title="bbox 301 2956 1898 3029">
     <span class='ocr_line' id='line_1_33' title="bbox 301 2956 1898 3029; baseline 0 -20"><span class='ocrx_word' id='word_1_224' title='bbox 301 2960 492 3025; x_wconf 72' lang='grc' dir='ltr'>πάσης</span> <span class='ocrx_word' id='word_1_225' title='bbox 522 2959 621 3026; x_wconf 78' lang='grc' dir='ltr'><strong>τῆς</strong></span> <span class='ocrx_word' id='word_1_226' title='bbox 645 2959 702 3010; x_wconf 79' lang='grc' dir='ltr'>ἐν</span> <span class='ocrx_word' id='word_1_227' title='bbox 730 2959 948 3028; x_wconf 80' lang='grc' dir='ltr'>Χριστῷ</span> <span class='ocrx_word' id='word_1_228' title='bbox 968 2959 1129 3029; x_wconf 80' lang='grc' dir='ltr'>ήμῶν</span> <span class='ocrx_word' id='word_1_229' title='bbox 1161 2959 1526 3029; x_wconf 78' lang='grc' dir='ltr'>ἀδελφότητος</span> <span class='ocrx_word' id='word_1_230' title='bbox 1558 2956 1654 3010; x_wconf 72' lang='grc' dir='ltr'>καὶ</span> <span class='ocrx_word' id='word_1_231' title='bbox 1688 2956 1898 3010; x_wconf 88' lang='grc' dir='ltr'>λοιπῶν</span> 
     </span>
    </p>
   </div>
   <div class='ocr_carea' id='block_1_34' title="bbox 1986 484 3558 555">
    <p class='ocr_par' dir='ltr' id='par_1_34' title="bbox 1986 484 3558 555">
     <span class='ocr_line' id='line_1_34' title="bbox 1986 484 3558 555; baseline -0.001 -19"><span class='ocrx_word' id='word_1_232' title='bbox 1986 485 2142 538; x_wconf 86' lang='lat' dir='ltr'><strong>tertia</strong></span> <span class='ocrx_word' id='word_1_233' title='bbox 2189 494 2354 555; x_wconf 87' lang='lat' dir='ltr'><strong>atque</strong></span> <span class='ocrx_word' id='word_1_234' title='bbox 2393 486 2444 539; x_wconf 92' lang='lat' dir='ltr'><strong>in</strong></span> <span class='ocrx_word' id='word_1_235' title='bbox 2494 486 2673 540; x_wconf 82' lang='lat' dir='ltr'><strong>officio</strong></span> <span class='ocrx_word' id='word_1_236' title='bbox 2707 485 3068 554; x_wconf 28' lang='lat' dir='ltr'><strong>,Completorii</strong></span> <span class='ocrx_word' id='word_1_237' title='bbox 3099 484 3241 552; x_wconf 91' lang='lat' dir='ltr'><strong>quod</strong></span> <span class='ocrx_word' id='word_1_238' title='bbox 3277 491 3398 552; x_wconf 89' lang='lat' dir='ltr'><strong>post</strong></span> <span class='ocrx_word' id='word_1_239' title='bbox 3450 495 3558 535; x_wconf 70' lang='lat' dir='ltr'><strong>caa-</strong></span> 
     </span>
    </p>
   </div>
   <div class='ocr_carea' id='block_1_35' title="bbox 1984 575 3614 648">
    <p class='ocr_par' dir='ltr' id='par_1_35' title="bbox 1984 575 3614 648">
     <span class='ocr_line' id='line_1_35' title="bbox 1984 575 3614 648; baseline -0.001 -20"><span class='ocrx_word' id='word_1_240' title='bbox 1984 591 2107 628; x_wconf 88' lang='lat' dir='ltr'><strong>nam</strong></span> <span class='ocrx_word' id='word_1_241' title='bbox 2168 578 2469 648; x_wconf 80' lang='lat' dir='ltr'><strong>peragitur,</strong></span> <span class='ocrx_word' id='word_1_242' title='bbox 2533 594 2654 648; x_wconf 72' lang='lat' dir='ltr'><strong>quae</strong></span> <span class='ocrx_word' id='word_1_243' title='bbox 2705 579 2867 632; x_wconf 89' lang='lat' dir='ltr'><strong>etiam</strong></span> <span class='ocrx_word' id='word_1_244' title='bbox 2933 577 3002 631; x_wconf 91' lang='lat' dir='ltr'><strong>ab</strong></span> <span class='ocrx_word' id='word_1_245' title='bbox 3042 575 3284 646; x_wconf 77' lang='lat' dir='ltr'><strong>antiquis</strong></span> <span class='ocrx_word' id='word_1_246' title='bbox 3343 583 3614 630; x_wconf 75' lang='lat' dir='ltr'><strong>cantata&#39;</strong></span> 
     </span>
    </p>
   </div>
   <div class='ocr_carea' id='block_1_36' title="bbox 1988 667 3556 740">
    <p class='ocr_par' dir='ltr' id='par_1_36' title="bbox 1988 667 3556 740">
     <span class='ocr_line' id='line_1_36' title="bbox 1988 667 3556 740; baseline -0.004 -17"><span class='ocrx_word' id='word_1_247' title='bbox 1988 669 2162 724; x_wconf 86' lang='lat' dir='ltr'><strong>fuisse</strong></span> <span class='ocrx_word' id='word_1_248' title='bbox 2212 670 2515 740; x_wconf 61' lang='lat' dir='ltr'><strong>invenitur,</strong></span> <span class='ocrx_word' id='word_1_249' title='bbox 2545 673 2684 726; x_wconf 90' lang='lat' dir='ltr'><strong>sicut</strong></span> <span class='ocrx_word' id='word_1_250' title='bbox 2714 680 2767 725; x_wconf 86' lang='lat' dir='ltr'><strong>et</strong></span> <span class='ocrx_word' id='word_1_251' title='bbox 2801 673 2851 724; x_wconf 90' lang='lat' dir='ltr'><strong>in</strong></span> <span class='ocrx_word' id='word_1_252' title='bbox 2889 685 3062 739; x_wconf 81' lang='lat' dir='ltr'><strong>agone</strong></span> <span class='ocrx_word' id='word_1_253' title='bbox 3088 667 3266 730; x_wconf 62' lang='lat' dir='ltr'><strong>magni</strong></span> <span class='ocrx_word' id='word_1_254' title='bbox 3300 667 3556 736; x_wconf 81' lang='lat' dir='ltr'><strong>martyris</strong></span> 
     </span>
    </p>
   </div>
   <div class='ocr_carea' id='block_1_37' title="bbox 1989 759 3561 831">
    <p class='ocr_par' dir='ltr' id='par_1_37' title="bbox 1989 759 3561 831">
     <span class='ocr_line' id='line_1_37' title="bbox 1989 759 3561 831; baseline 0 -19"><span class='ocrx_word' id='word_1_255' title='bbox 1989 759 2250 816; x_wconf 87' lang='lat' dir='ltr'><strong>Eustratii</strong></span> <span class='ocrx_word' id='word_1_256' title='bbox 2287 762 2380 831; x_wconf 92' lang='lat' dir='ltr'><strong>qui</strong></span> <span class='ocrx_word' id='word_1_257' title='bbox 2411 762 2623 816; x_wconf 88' lang='lat' dir='ltr'><strong>dicebat</strong></span> <span class='ocrx_word' id='word_1_258' title='bbox 2657 781 2670 817; x_wconf 91' lang='lat'><strong>:</strong></span> <span class='ocrx_word' id='word_1_259' title='bbox 2703 779 2722 813; x_wconf 79' lang='grc' dir='ltr'><strong>ι</strong></span> <span class='ocrx_word' id='word_1_260' title='bbox 2755 760 2984 814; x_wconf 90' lang='lat' dir='ltr'><strong>Domine</strong></span> <span class='ocrx_word' id='word_1_261' title='bbox 3021 760 3164 814; x_wconf 85' lang='lat' dir='ltr'><strong>Deus</strong></span> <span class='ocrx_word' id='word_1_262' title='bbox 3192 761 3354 815; x_wconf 85' lang='lat' dir='ltr'><strong>Pater</strong></span> <span class='ocrx_word' id='word_1_263' title='bbox 3385 760 3561 812; x_wconf 81' lang='lat' dir='ltr'><strong>omni—</strong></span> 
     </span>
    </p>
   </div>
   <div class='ocr_carea' id='block_1_38' title="bbox 1983 852 3566 924">
    <p class='ocr_par' dir='ltr' id='par_1_38' title="bbox 1983 852 3566 924">
     <span class='ocr_line' id='line_1_38' title="bbox 1983 852 3566 924; baseline -0.001 -19"><span class='ocrx_word' id='word_1_264' title='bbox 1983 861 2198 920; x_wconf 78' lang='lat' dir='ltr'><strong>potens,</strong></span> <span class='ocrx_word' id='word_1_265' title='bbox 2224 853 2447 910; x_wconf 81' lang='lat' dir='ltr'><strong>Domine</strong></span> <span class='ocrx_word' id='word_1_266' title='bbox 2470 853 2570 909; x_wconf 88' lang='lat' dir='ltr'><strong>Fili</strong></span> <span class='ocrx_word' id='word_1_267' title='bbox 2595 854 2871 924; x_wconf 80' lang='lat' dir='ltr'><strong>unigenite</strong></span> <span class='ocrx_word' id='word_1_268' title='bbox 2897 852 3022 907; x_wconf 84' lang='lat' dir='ltr'><strong>Jcsu</strong></span> <span class='ocrx_word' id='word_1_269' title='bbox 3043 853 3281 911; x_wconf 82' lang='lat' dir='ltr'><strong>Christe.</strong></span> <span class='ocrx_word' id='word_1_270' title='bbox 3300 863 3355 906; x_wconf 88' lang='lat' dir='ltr'><strong>et</strong></span> <span class='ocrx_word' id='word_1_271' title='bbox 3377 862 3566 905; x_wconf 92' lang='lat' dir='ltr'><strong>sancte</strong></span> 
     </span>
    </p>
   </div>
   <div class='ocr_carea' id='block_1_39' title="bbox 1991 943 3566 1012">
    <p class='ocr_par' dir='ltr' id='par_1_39' title="bbox 1991 943 3566 1012">
     <span class='ocr_line' id='line_1_39' title="bbox 1991 943 3566 1012; baseline -0.001 -14"><span class='ocrx_word' id='word_1_272' title='bbox 1991 943 2251 1012; x_wconf 89' lang='lat' dir='ltr'><strong>Spiritus,</strong></span> <span class='ocrx_word' id='word_1_273' title='bbox 2287 960 2395 999; x_wconf 91' lang='lat' dir='ltr'><strong>una</strong></span> <span class='ocrx_word' id='word_1_274' title='bbox 2427 946 2628 1010; x_wconf 86' lang='lat' dir='ltr'><strong>Deitas,</strong></span> <span class='ocrx_word' id='word_1_275' title='bbox 2670 962 2773 1000; x_wconf 86' lang='lat' dir='ltr'><strong>una</strong></span> <span class='ocrx_word' id='word_1_276' title='bbox 2809 946 3008 1007; x_wconf 86' lang='lat' dir='ltr'><strong>virtus,</strong></span> <span class='ocrx_word' id='word_1_277' title='bbox 3047 965 3065 996; x_wconf 72' lang='grc' dir='ltr'><strong>ι</strong></span> <span class='ocrx_word' id='word_1_278' title='bbox 3099 953 3153 998; x_wconf 81' lang='lat' dir='ltr'><strong>et</strong></span> <span class='ocrx_word' id='word_1_279' title='bbox 3184 954 3399 998; x_wconf 82' lang='lat' dir='ltr'><strong>caetera.</strong></span> <span class='ocrx_word' id='word_1_280' title='bbox 3446 943 3566 1008; x_wconf 84' lang='lat' dir='ltr'><strong>Qua</strong></span> 
     </span>
    </p>
   </div>
   <div class='ocr_carea' id='block_1_40' title="bbox 1987 1033 3563 1104">
    <p class='ocr_par' dir='ltr' id='par_1_40' title="bbox 1987 1033 3563 1104">
     <span class='ocr_line' id='line_1_40' title="bbox 1987 1033 3563 1104; baseline -0.001 -16"><span class='ocrx_word' id='word_1_281' title='bbox 1987 1033 2160 1097; x_wconf 82' lang='lat' dir='ltr'><strong>tinita,</strong></span> <span class='ocrx_word' id='word_1_282' title='bbox 2218 1036 2392 1090; x_wconf 88' lang='lat' dir='ltr'><strong>media</strong></span> <span class='ocrx_word' id='word_1_283' title='bbox 2432 1036 2633 1090; x_wconf 87' lang='lat' dir='ltr'><strong>dicitur</strong></span> <span class='ocrx_word' id='word_1_284' title='bbox 2685 1036 2844 1090; x_wconf 85' lang='lat' dir='ltr'><strong>oflicii</strong></span> <span class='ocrx_word' id='word_1_285' title='bbox 2905 1035 3160 1089; x_wconf 87' lang='lat' dir='ltr'><strong>nocturni</strong></span> <span class='ocrx_word' id='word_1_286' title='bbox 3226 1034 3563 1104; x_wconf 76' lang='lat' dir='ltr'><strong>deprecatio;</strong></span> 
     </span>
    </p>
   </div>
   <div class='ocr_carea' id='block_1_41' title="bbox 1986 1126 3568 1198">
    <p class='ocr_par' dir='ltr' id='par_1_41' title="bbox 1986 1126 3568 1198">
     <span class='ocr_line' id='line_1_41' title="bbox 1986 1126 3568 1198; baseline -0.002 -17"><span class='ocrx_word' id='word_1_287' title='bbox 1986 1128 2446 1196; x_wconf 90' lang='lat' dir='ltr'><strong>quemadmodum</strong></span> <span class='ocrx_word' id='word_1_288' title='bbox 2481 1129 2689 1184; x_wconf 87' lang='lat' dir='ltr'><strong>faciunt</strong></span> <span class='ocrx_word' id='word_1_289' title='bbox 2728 1130 2950 1198; x_wconf 83' lang='lat' dir='ltr'><strong>quidam</strong></span> <span class='ocrx_word' id='word_1_290' title='bbox 2985 1131 3036 1181; x_wconf 92' lang='lat' dir='ltr'><strong>in</strong></span> <span class='ocrx_word' id='word_1_291' title='bbox 3086 1128 3370 1182; x_wconf 74' lang='lat' dir='ltr'><strong>ordinibus</strong></span> <span class='ocrx_word' id='word_1_292' title='bbox 3406 1126 3568 1180; x_wconf 89' lang='lat' dir='ltr'><strong>bora-</strong></span> 
     </span>
    </p>
   </div>
   <div class='ocr_carea' id='block_1_42' title="bbox 1988 1217 3568 1287">
    <p class='ocr_par' dir='ltr' id='par_1_42' title="bbox 1988 1217 3568 1287">
     <span class='ocr_line' id='line_1_42' title="bbox 1988 1217 3568 1287; baseline -0.001 -15"><span class='ocrx_word' id='word_1_293' title='bbox 1988 1235 2132 1282; x_wconf 91' lang='lat' dir='ltr'><strong>rum,</strong></span> <span class='ocrx_word' id='word_1_294' title='bbox 2174 1221 2268 1273; x_wconf 86' lang='lat' dir='ltr'><strong>sed</strong></span> <span class='ocrx_word' id='word_1_295' title='bbox 2310 1218 2394 1273; x_wconf 88' lang='lat' dir='ltr'><strong>isti</strong></span> <span class='ocrx_word' id='word_1_296' title='bbox 2433 1220 2647 1287; x_wconf 88' lang='lat' dir='ltr'><strong>quidem</strong></span> <span class='ocrx_word' id='word_1_297' title='bbox 2705 1221 2935 1274; x_wconf 83' lang='lat' dir='ltr'><strong>libenter</strong></span> <span class='ocrx_word' id='word_1_298' title='bbox 2981 1218 3109 1273; x_wconf 91' lang='lat' dir='ltr'><strong>illud</strong></span> <span class='ocrx_word' id='word_1_299' title='bbox 3143 1218 3286 1274; x_wconf 89' lang='lat' dir='ltr'><strong>sicut</strong></span> <span class='ocrx_word' id='word_1_300' title='bbox 3341 1224 3395 1271; x_wconf 87' lang='lat' dir='ltr'><strong>et</strong></span> <span class='ocrx_word' id='word_1_301' title='bbox 3429 1217 3568 1270; x_wconf 86' lang='lat' dir='ltr'><strong>alios</strong></span> 
     </span>
    </p>
   </div>
   <div class='ocr_carea' id='block_1_43' title="bbox 1986 1308 3568 1395">
    <p class='ocr_par' dir='ltr' id='par_1_43' title="bbox 1986 1308 3568 1395">
     <span class='ocr_line' id='line_1_43' title="bbox 1986 1308 3568 1395; baseline -0.004 -29"><span class='ocrx_word' id='word_1_302' title='bbox 1986 1311 2206 1366; x_wconf 88' lang='lat' dir='ltr'><strong>ordines</strong></span> <span class='ocrx_word' id='word_1_303' title='bbox 2233 1327 2329 1380; x_wconf 91' lang='lat' dir='ltr'><strong>pro</strong></span> <span class='ocrx_word' id='word_1_304' title='bbox 2359 1327 2469 1367; x_wconf 64' lang='lat' dir='ltr'><strong>sua;</strong></span> <span class='ocrx_word' id='word_1_305' title='bbox 2504 1312 2722 1379; x_wconf 84' lang='lat' dir='ltr'><strong>pietatis</strong></span> <span class='ocrx_word' id='word_1_306' title='bbox 2763 1311 2955 1365; x_wconf 87' lang='lat' dir='ltr'><strong>ardore</strong></span> <span class='ocrx_word' id='word_1_307' title='bbox 3004 1322 3057 1395; x_wconf 53' lang='lat' dir='ltr'><strong>et</strong></span> <span class='ocrx_word' id='word_1_308' title='bbox 3098 1311 3314 1364; x_wconf 85' lang='lat' dir='ltr'><strong>Patrum</strong></span> <span class='ocrx_word' id='word_1_309' title='bbox 3363 1308 3568 1373; x_wconf 84' lang='lat' dir='ltr'><strong>iudicio</strong></span> 
     </span>
    </p>
   </div>
   <div class='ocr_carea' id='block_1_44' title="bbox 1987 1399 3569 1472">
    <p class='ocr_par' dir='ltr' id='par_1_44' title="bbox 1987 1399 3569 1472">
     <span class='ocr_line' id='line_1_44' title="bbox 1987 1399 3569 1472; baseline -0.001 -16"><span class='ocrx_word' id='word_1_310' title='bbox 1987 1402 2277 1457; x_wconf 79' lang='lat' dir='ltr'><strong>observant</strong></span> <span class='ocrx_word' id='word_1_311' title='bbox 2303 1421 2317 1468; x_wconf 91' lang='lat'><strong>;</strong></span> <span class='ocrx_word' id='word_1_312' title='bbox 2349 1404 2462 1458; x_wconf 71' lang='lat' dir='ltr'><strong>htec</strong></span> <span class='ocrx_word' id='word_1_313' title='bbox 2488 1415 2666 1458; x_wconf 89' lang='lat' dir='ltr'><strong>autem</strong></span> <span class='ocrx_word' id='word_1_314' title='bbox 2700 1405 2804 1458; x_wconf 88' lang='lat' dir='ltr'><strong>ista</strong></span> <span class='ocrx_word' id='word_1_315' title='bbox 2837 1413 2962 1457; x_wconf 86' lang='lat' dir='ltr'><strong>sunt.</strong></span> <span class='ocrx_word' id='word_1_316' title='bbox 2993 1410 3282 1472; x_wconf 77' lang='lat' dir='ltr'><strong>praecepta.</strong></span> <span class='ocrx_word' id='word_1_317' title='bbox 3308 1399 3418 1469; x_wconf 84' lang='lat' dir='ltr'><strong>Ego</strong></span> <span class='ocrx_word' id='word_1_318' title='bbox 3439 1414 3569 1454; x_wconf 88' lang='lat' dir='ltr'><strong>vero</strong></span> 
     </span>
    </p>
   </div>
   <div class='ocr_carea' id='block_1_45' title="bbox 1989 1490 3568 1564">
    <p class='ocr_par' dir='ltr' id='par_1_45' title="bbox 1989 1490 3568 1564">
     <span class='ocr_line' id='line_1_45' title="bbox 1989 1490 3568 1564; baseline -0.004 -17"><span class='ocrx_word' id='word_1_319' title='bbox 1989 1493 2129 1547; x_wconf 89' lang='lat' dir='ltr'><strong>hanc</strong></span> <span class='ocrx_word' id='word_1_320' title='bbox 2170 1494 2470 1548; x_wconf 88' lang='lat' dir='ltr'><strong>orationem</strong></span> <span class='ocrx_word' id='word_1_321' title='bbox 2534 1509 2733 1548; x_wconf 89' lang='lat' dir='ltr'><strong>censeo</strong></span> <span class='ocrx_word' id='word_1_322' title='bbox 2775 1509 2873 1564; x_wconf 88' lang='lat' dir='ltr'><strong>pro</strong></span> <span class='ocrx_word' id='word_1_323' title='bbox 2927 1494 3176 1547; x_wconf 89' lang='lat' dir='ltr'><strong>fidelibus</strong></span> <span class='ocrx_word' id='word_1_324' title='bbox 3228 1492 3284 1545; x_wconf 89' lang='lat' dir='ltr'><strong>in</strong></span> <span class='ocrx_word' id='word_1_325' title='bbox 3343 1490 3568 1544; x_wconf 87' lang='lat' dir='ltr'><strong>Christo</strong></span> 
     </span>
    </p>
   </div>
   <div class='ocr_carea' id='block_1_46' title="bbox 1986 1583 3570 1657">
    <p class='ocr_par' dir='ltr' id='par_1_46' title="bbox 1986 1583 3570 1657">
     <span class='ocr_line' id='line_1_46' title="bbox 1986 1583 3570 1657; baseline -0.003 -18"><span class='ocrx_word' id='word_1_326' title='bbox 1986 1586 2260 1641; x_wconf 77' lang='lat' dir='ltr'><strong>defunctis</strong></span> <span class='ocrx_word' id='word_1_327' title='bbox 2292 1588 2499 1657; x_wconf 80' lang='lat' dir='ltr'><strong>peragi.</strong></span> <span class='ocrx_word' id='word_1_328' title='bbox 2525 1585 2653 1640; x_wconf 88' lang='lat' dir='ltr'><strong>Idco</strong></span> <span class='ocrx_word' id='word_1_329' title='bbox 2687 1602 2904 1641; x_wconf 90' lang='lat' dir='ltr'><strong>rursum</strong></span> <span class='ocrx_word' id='word_1_330' title='bbox 2937 1595 3059 1654; x_wconf 90' lang='lat' dir='ltr'><strong>post</strong></span> <span class='ocrx_word' id='word_1_331' title='bbox 3087 1585 3398 1638; x_wconf 88' lang='lat' dir='ltr'><strong>orationem</strong></span> <span class='ocrx_word' id='word_1_332' title='bbox 3435 1583 3570 1637; x_wconf 77' lang='lat' dir='ltr'><strong>dici-</strong></span> 
     </span>
    </p>
   </div>
   <div class='ocr_carea' id='block_1_47' title="bbox 1990 1675 3572 1747">
    <p class='ocr_par' dir='ltr' id='par_1_47' title="bbox 1990 1675 3572 1747">
     <span class='ocr_line' id='line_1_47' title="bbox 1990 1675 3572 1747; baseline -0.004 -15"><span class='ocrx_word' id='word_1_333' title='bbox 1990 1695 2110 1734; x_wconf 88' lang='lat' dir='ltr'><strong>mus</strong></span> <span class='ocrx_word' id='word_1_334' title='bbox 2159 1696 2175 1734; x_wconf 88' lang='lat'><strong>:</strong></span> <span class='ocrx_word' id='word_1_335' title='bbox 2234 1677 2427 1733; x_wconf 81' lang='lat' dir='ltr'><strong>Venite</strong></span> <span class='ocrx_word' id='word_1_336' title='bbox 2484 1680 2794 1742; x_wconf 89' lang='lat' dir='ltr'><strong>adoremus,</strong></span> <span class='ocrx_word' id='word_1_337' title='bbox 2834 1688 2994 1747; x_wconf 89' lang='lat' dir='ltr'><strong>atque</strong></span> <span class='ocrx_word' id='word_1_338' title='bbox 3028 1675 3166 1730; x_wconf 86' lang='lat' dir='ltr'><strong>duos</strong></span> <span class='ocrx_word' id='word_1_339' title='bbox 3222 1676 3467 1745; x_wconf 82' lang='lat' dir='ltr'><strong>psalmos</strong></span> <span class='ocrx_word' id='word_1_340' title='bbox 3515 1685 3572 1726; x_wconf 90' lang='lat' dir='ltr'><strong>et</strong></span> 
     </span>
    </p>
   </div>
   <div class='ocr_carea' id='block_1_48' title="bbox 1987 1768 3570 1842">
    <p class='ocr_par' dir='ltr' id='par_1_48' title="bbox 1987 1768 3570 1842">
     <span class='ocr_line' id='line_1_48' title="bbox 1987 1768 3570 1842; baseline -0.004 -16"><span class='ocrx_word' id='word_1_341' title='bbox 1987 1775 2353 1842; x_wconf 77' lang='lat' dir='ltr'><strong>precationem</strong></span> <span class='ocrx_word' id='word_1_342' title='bbox 2392 1770 2649 1842; x_wconf 78' lang='lat' dir='ltr'><strong>Trisagii.</strong></span> <span class='ocrx_word' id='word_1_343' title='bbox 2684 1773 2981 1840; x_wconf 80' lang='lat' dir='ltr'><strong>statimque</strong></span> <span class='ocrx_word' id='word_1_344' title='bbox 3017 1785 3116 1838; x_wconf 87' lang='lat' dir='ltr'><strong>pro</strong></span> <span class='ocrx_word' id='word_1_345' title='bbox 3164 1768 3570 1822; x_wconf 64' lang='lat' dir='ltr'><strong>dormientibus</strong></span> 
     </span>
    </p>
   </div>
   <div class='ocr_carea' id='block_1_49' title="bbox 1984 1858 3563 1932">
    <p class='ocr_par' dir='ltr' id='par_1_49' title="bbox 1984 1858 3563 1932">
     <span class='ocr_line' id='line_1_49' title="bbox 1984 1858 3563 1932; baseline -0.004 -16"><span class='ocrx_word' id='word_1_346' title='bbox 1984 1863 2285 1918; x_wconf 70' lang='lat' dir='ltr'><strong>versiculos</strong></span> <span class='ocrx_word' id='word_1_347' title='bbox 2319 1863 2634 1923; x_wconf 82' lang='lat' dir='ltr'><strong>recitamus,</strong></span> <span class='ocrx_word' id='word_1_348' title='bbox 2673 1880 2690 1913; x_wconf 84' lang='grc' dir='ltr'><strong>ι</strong></span> <span class='ocrx_word' id='word_1_349' title='bbox 2723 1860 2902 1932; x_wconf 85' lang='lat' dir='ltr'><strong>Kyrie,</strong></span> <span class='ocrx_word' id='word_1_350' title='bbox 2942 1862 3147 1914; x_wconf 86' lang='lat' dir='ltr'><strong>eleison</strong></span> <span class='ocrx_word' id='word_1_351' title='bbox 3182 1878 3199 1908; x_wconf 76' lang='grc' dir='ltr'><strong>ι</strong></span> <span class='ocrx_word' id='word_1_352' title='bbox 3240 1858 3563 1918; x_wconf 78' lang='lat' dir='ltr'><strong>duodecies,</strong></span> 
     </span>
    </p>
   </div>
   <div class='ocr_carea' id='block_1_50' title="bbox 1985 1949 3564 2020">
    <p class='ocr_par' dir='ltr' id='par_1_50' title="bbox 1985 1949 3564 2020">
     <span class='ocr_line' id='line_1_50' title="bbox 1985 1949 3564 2020; baseline -0.004 -12"><span class='ocrx_word' id='word_1_353' title='bbox 1985 1964 2040 2008; x_wconf 91' lang='lat' dir='ltr'><strong>et</strong></span> <span class='ocrx_word' id='word_1_354' title='bbox 2093 1954 2396 2007; x_wconf 84' lang='lat' dir='ltr'><strong>orationem</strong></span> <span class='ocrx_word' id='word_1_355' title='bbox 2459 1968 2556 2020; x_wconf 90' lang='lat' dir='ltr'><strong>pro</strong></span> <span class='ocrx_word' id='word_1_356' title='bbox 2592 1953 2726 2019; x_wconf 88' lang='lat' dir='ltr'><strong>ipsis</strong></span> <span class='ocrx_word' id='word_1_357' title='bbox 2759 1969 2774 2005; x_wconf 91' lang='lat'><strong>:</strong></span> <span class='ocrx_word' id='word_1_358' title='bbox 2813 1969 2830 2001; x_wconf 85' lang='grc'><strong><em>‹</em></strong></span> <span class='ocrx_word' id='word_1_359' title='bbox 2861 1950 3150 2012; x_wconf 79' lang='lat' dir='ltr'><strong>Memento,</strong></span> <span class='ocrx_word' id='word_1_360' title='bbox 3184 1949 3410 2004; x_wconf 89' lang='lat' dir='ltr'><strong>Domine</strong></span> <span class='ocrx_word' id='word_1_361' title='bbox 3437 1969 3454 2000; x_wconf 77' lang='grc' dir='ltr'><strong>ι</strong></span> <span class='ocrx_word' id='word_1_362' title='bbox 3509 1959 3564 2001; x_wconf 90' lang='lat' dir='ltr'><strong>ct</strong></span> 
     </span>
    </p>
   </div>
   <div class='ocr_carea' id='block_1_51' title="bbox 1987 2040 3572 2100">
    <p class='ocr_par' dir='ltr' id='par_1_51' title="bbox 1987 2040 3572 2100">
     <span class='ocr_line' id='line_1_51' title="bbox 1987 2040 3572 2100; baseline -0.003 -1"><span class='ocrx_word' id='word_1_363' title='bbox 1987 2046 2057 2099; x_wconf 87' lang='lat' dir='ltr'><strong>ita</strong></span> <span class='ocrx_word' id='word_1_364' title='bbox 2121 2045 2446 2100; x_wconf 82' lang='lat' dir='ltr'><strong>absolvitur.</strong></span> <span class='ocrx_word' id='word_1_365' title='bbox 2498 2041 2630 2096; x_wconf 83' lang='lat' dir='ltr'><strong>Nam</strong></span> <span class='ocrx_word' id='word_1_366' title='bbox 2689 2043 3058 2097; x_wconf 87' lang='lat' dir='ltr'><strong>necessarium</strong></span> <span class='ocrx_word' id='word_1_367' title='bbox 3111 2048 3196 2094; x_wconf 88' lang='lat' dir='ltr'><strong>est</strong></span> <span class='ocrx_word' id='word_1_368' title='bbox 3255 2040 3572 2094; x_wconf 80' lang='lat' dir='ltr'><strong>meminisse</strong></span> 
     </span>
    </p>
   </div>
   <div class='ocr_carea' id='block_1_52' title="bbox 1987 2131 3568 2204">
    <p class='ocr_par' dir='ltr' id='par_1_52' title="bbox 1987 2131 3568 2204">
     <span class='ocr_line' id='line_1_52' title="bbox 1987 2131 3568 2204; baseline -0.004 -14"><span class='ocrx_word' id='word_1_369' title='bbox 1987 2136 2152 2190; x_wconf 88' lang='lat' dir='ltr'><strong>etiam</strong></span> <span class='ocrx_word' id='word_1_370' title='bbox 2186 2145 2526 2189; x_wconf 90' lang='lat' dir='ltr'><strong>mortuorum</strong></span> <span class='ocrx_word' id='word_1_371' title='bbox 2560 2133 2819 2204; x_wconf 87' lang='lat' dir='ltr'><strong>quoniam</strong></span> <span class='ocrx_word' id='word_1_372' title='bbox 2859 2148 2959 2188; x_wconf 87' lang='lat' dir='ltr'><strong>nos</strong></span> <span class='ocrx_word' id='word_1_373' title='bbox 2991 2147 3210 2202; x_wconf 88' lang='lat' dir='ltr'><strong>quoque</strong></span> <span class='ocrx_word' id='word_1_374' title='bbox 3242 2131 3568 2191; x_wconf 89' lang='lat' dir='ltr'><strong>moriemur.</strong></span> 
     </span>
    </p>
   </div>
   <div class='ocr_carea' id='block_1_53' title="bbox 1989 2225 3570 2294">
    <p class='ocr_par' dir='ltr' id='par_1_53' title="bbox 1989 2225 3570 2294">
     <span class='ocr_line' id='line_1_53' title="bbox 1989 2225 3570 2294; baseline -0.006 -13"><span class='ocrx_word' id='word_1_375' title='bbox 1989 2234 2043 2281; x_wconf 90' lang='lat' dir='ltr'><strong>et</strong></span> <span class='ocrx_word' id='word_1_376' title='bbox 2075 2225 2348 2293; x_wconf 71' lang='lat' dir='ltr'><strong>prmcipue</strong></span> <span class='ocrx_word' id='word_1_377' title='bbox 2381 2225 2560 2278; x_wconf 88' lang='lat' dir='ltr'><strong>media</strong></span> <span class='ocrx_word' id='word_1_378' title='bbox 2589 2233 2750 2278; x_wconf 88' lang='lat' dir='ltr'><strong>nocte</strong></span> <span class='ocrx_word' id='word_1_379' title='bbox 2780 2231 2999 2294; x_wconf 87' lang='lat' dir='ltr'><strong>sperata</strong></span> <span class='ocrx_word' id='word_1_380' title='bbox 3023 2233 3362 2277; x_wconf 89' lang='lat' dir='ltr'><strong>mortuorum</strong></span> <span class='ocrx_word' id='word_1_381' title='bbox 3387 2237 3570 2274; x_wconf 87' lang='lat' dir='ltr'><strong>resur-</strong></span> 
     </span>
    </p>
   </div>
   <div class='ocr_carea' id='block_1_54' title="bbox 1991 2313 3562 2385">
    <p class='ocr_par' dir='ltr' id='par_1_54' title="bbox 1991 2313 3562 2385">
     <span class='ocr_line' id='line_1_54' title="bbox 1991 2313 3562 2385; baseline -0.005 -13"><span class='ocrx_word' id='word_1_382' title='bbox 1991 2318 2254 2382; x_wconf 87' lang='lat' dir='ltr'><strong>rectione,</strong></span> <span class='ocrx_word' id='word_1_383' title='bbox 2287 2325 2341 2371; x_wconf 88' lang='lat' dir='ltr'><strong>ct</strong></span> <span class='ocrx_word' id='word_1_384' title='bbox 2385 2329 2608 2372; x_wconf 82' lang='lat' dir='ltr'><strong>necesse</strong></span> <span class='ocrx_word' id='word_1_385' title='bbox 2653 2324 2737 2371; x_wconf 90' lang='lat' dir='ltr'><strong>est</strong></span> <span class='ocrx_word' id='word_1_386' title='bbox 2774 2329 2868 2385; x_wconf 88' lang='lat' dir='ltr'><strong>pro</strong></span> <span class='ocrx_word' id='word_1_387' title='bbox 2904 2315 3225 2384; x_wconf 82' lang='lat' dir='ltr'><strong>propinquis</strong></span> <span class='ocrx_word' id='word_1_388' title='bbox 3256 2313 3562 2370; x_wconf 86' lang='lat' dir='ltr'><strong>secundum</strong></span> 
     </span>
    </p>
   </div>
   <div class='ocr_carea' id='block_1_55' title="bbox 2001 2405 3572 2478">
    <p class='ocr_par' dir='ltr' id='par_1_55' title="bbox 2001 2405 3572 2478">
     <span class='ocr_line' id='line_1_55' title="bbox 2001 2405 3572 2478; baseline -0.002 -16"><span class='ocrx_word' id='word_1_389' title='bbox 2001 2425 2220 2465; x_wconf 76' lang='lat' dir='ltr'><strong>carnem</strong></span> <span class='ocrx_word' id='word_1_390' title='bbox 2256 2425 2318 2464; x_wconf 82' lang='lat' dir='ltr'><strong>ac</strong></span> <span class='ocrx_word' id='word_1_391' title='bbox 2354 2425 2452 2478; x_wconf 87' lang='lat' dir='ltr'><strong>pro</strong></span> <span class='ocrx_word' id='word_1_392' title='bbox 2500 2409 2760 2463; x_wconf 88' lang='lat' dir='ltr'><strong>omnibus</strong></span> <span class='ocrx_word' id='word_1_393' title='bbox 2811 2405 3085 2462; x_wconf 79' lang='lat' dir='ltr'><strong>defunctis</strong></span> <span class='ocrx_word' id='word_1_394' title='bbox 3133 2421 3406 2462; x_wconf 76' lang='lat' dir='ltr'><strong>exorare:</strong></span> <span class='ocrx_word' id='word_1_395' title='bbox 3470 2407 3572 2459; x_wconf 86' lang='lat' dir='ltr'><strong>hoc</strong></span> 
     </span>
    </p>
   </div>
   <div class='ocr_carea' id='block_1_56' title="bbox 1993 2498 3574 2567">
    <p class='ocr_par' dir='ltr' id='par_1_56' title="bbox 1993 2498 3574 2567">
     <span class='ocr_line' id='line_1_56' title="bbox 1993 2498 3574 2567; baseline -0.006 -11"><span class='ocrx_word' id='word_1_396' title='bbox 1993 2502 2140 2556; x_wconf 85' lang='lat' dir='ltr'><strong>enim</strong></span> <span class='ocrx_word' id='word_1_397' title='bbox 2177 2511 2261 2556; x_wconf 81' lang='lat' dir='ltr'><strong>est</strong></span> <span class='ocrx_word' id='word_1_398' title='bbox 2297 2502 2559 2557; x_wconf 86' lang='lat' dir='ltr'><strong>charitas.</strong></span> <span class='ocrx_word' id='word_1_399' title='bbox 2598 2500 2800 2555; x_wconf 88' lang='lat' dir='ltr'><strong>Deinde</strong></span> <span class='ocrx_word' id='word_1_400' title='bbox 2838 2498 2894 2553; x_wconf 87' lang='lat' dir='ltr'><strong>ftt</strong></span> <span class='ocrx_word' id='word_1_401' title='bbox 2928 2500 3240 2555; x_wconf 86' lang='lat' dir='ltr'><strong>communis</strong></span> <span class='ocrx_word' id='word_1_402' title='bbox 3273 2512 3367 2567; x_wconf 90' lang='lat' dir='ltr'><strong>pro</strong></span> <span class='ocrx_word' id='word_1_403' title='bbox 3395 2498 3574 2552; x_wconf 81' lang='lat' dir='ltr'><strong>omni-</strong></span> 
     </span>
    </p>
   </div>
   <div class='ocr_carea' id='block_1_57' title="bbox 1996 2591 3578 2664">
    <p class='ocr_par' dir='ltr' id='par_1_57' title="bbox 1996 2591 3578 2664">
     <span class='ocr_line' id='line_1_57' title="bbox 1996 2591 3578 2664; baseline -0.003 -16"><span class='ocrx_word' id='word_1_404' title='bbox 1996 2596 2098 2650; x_wconf 90' lang='lat' dir='ltr'><strong>bus</strong></span> <span class='ocrx_word' id='word_1_405' title='bbox 2133 2596 2312 2649; x_wconf 84' lang='lat' dir='ltr'><strong>oratio</strong></span> <span class='ocrx_word' id='word_1_406' title='bbox 2363 2605 2418 2649; x_wconf 88' lang='lat' dir='ltr'><strong>et</strong></span> <span class='ocrx_word' id='word_1_407' title='bbox 2468 2594 2781 2664; x_wconf 86' lang='lat' dir='ltr'><strong>postulatio,</strong></span> <span class='ocrx_word' id='word_1_408' title='bbox 2842 2593 3136 2661; x_wconf 88' lang='lat' dir='ltr'><strong>incipiente</strong></span> <span class='ocrx_word' id='word_1_409' title='bbox 3191 2591 3474 2648; x_wconf 87' lang='lat' dir='ltr'><strong>sacerdote</strong></span> <span class='ocrx_word' id='word_1_410' title='bbox 3523 2600 3578 2644; x_wconf 80' lang='lat' dir='ltr'><strong>ct</strong></span> 
     </span>
    </p>
   </div>
   <div class='ocr_carea' id='block_1_58' title="bbox 1996 2679 3575 2752">
    <p class='ocr_par' dir='ltr' id='par_1_58' title="bbox 1996 2679 3575 2752">
     <span class='ocr_line' id='line_1_58' title="bbox 1996 2679 3575 2752; baseline -0.003 -15"><span class='ocrx_word' id='word_1_411' title='bbox 1996 2683 2250 2738; x_wconf 83' lang='lat' dir='ltr'><strong>omnibus</strong></span> <span class='ocrx_word' id='word_1_412' title='bbox 2282 2684 2443 2738; x_wconf 90' lang='lat' dir='ltr'><strong>simul</strong></span> <span class='ocrx_word' id='word_1_413' title='bbox 2481 2683 2904 2752; x_wconf 85' lang='lat' dir='ltr'><strong>deprecantibus</strong></span> <span class='ocrx_word' id='word_1_414' title='bbox 2937 2697 3032 2752; x_wconf 91' lang='lat' dir='ltr'><strong>pro</strong></span> <span class='ocrx_word' id='word_1_415' title='bbox 3057 2681 3274 2749; x_wconf 83' lang='lat' dir='ltr'><strong>regibus</strong></span> <span class='ocrx_word' id='word_1_416' title='bbox 3304 2679 3575 2741; x_wconf 85' lang='lat' dir='ltr'><strong>fidelibus.</strong></span> 
     </span>
    </p>
   </div>
   <div class='ocr_carea' id='block_1_59' title="bbox 2000 2771 3582 2847">
    <p class='ocr_par' dir='ltr' id='par_1_59' title="bbox 2000 2771 3582 2847">
     <span class='ocr_line' id='line_1_59' title="bbox 2000 2771 3582 2847; baseline -0.004 -19"><span class='ocrx_word' id='word_1_417' title='bbox 2000 2792 2096 2847; x_wconf 89' lang='lat' dir='ltr'><strong>pro</strong></span> <span class='ocrx_word' id='word_1_418' title='bbox 2127 2777 2446 2831; x_wconf 79' lang='lat' dir='ltr'><strong>orthodoxis</strong></span> <span class='ocrx_word' id='word_1_419' title='bbox 2481 2775 2852 2846; x_wconf 85' lang='lat' dir='ltr'><strong>pontificibus,</strong></span> <span class='ocrx_word' id='word_1_420' title='bbox 2883 2790 2980 2844; x_wconf 89' lang='lat' dir='ltr'><strong>pro</strong></span> <span class='ocrx_word' id='word_1_421' title='bbox 3010 2783 3163 2843; x_wconf 85' lang='lat' dir='ltr'><strong>patre</strong></span> <span class='ocrx_word' id='word_1_422' title='bbox 3207 2771 3455 2841; x_wconf 63' lang='lat' dir='ltr'><strong>praeside,</strong></span> <span class='ocrx_word' id='word_1_423' title='bbox 3483 2786 3582 2840; x_wconf 81' lang='lat' dir='ltr'><strong>pro</strong></span> 
     </span>
    </p>
   </div>
   <div class='ocr_carea' id='block_1_60' title="bbox 2002 2862 3572 2926">
    <p class='ocr_par' dir='ltr' id='par_1_60' title="bbox 2002 2862 3572 2926">
     <span class='ocr_line' id='line_1_60' title="bbox 2002 2862 3572 2926; baseline -0.006 0"><span class='ocrx_word' id='word_1_424' title='bbox 2002 2870 2258 2926; x_wconf 87' lang='lat' dir='ltr'><strong>universa</strong></span> <span class='ocrx_word' id='word_1_425' title='bbox 2316 2875 2631 2923; x_wconf 87' lang='lat' dir='ltr'><strong>nostrorum</strong></span> <span class='ocrx_word' id='word_1_426' title='bbox 2691 2867 2742 2920; x_wconf 94' lang='lat' dir='ltr'><strong>in</strong></span> <span class='ocrx_word' id='word_1_427' title='bbox 2796 2865 3021 2920; x_wconf 83' lang='lat' dir='ltr'><strong>Christo</strong></span> <span class='ocrx_word' id='word_1_428' title='bbox 3073 2864 3302 2918; x_wconf 80' lang='lat' dir='ltr'><strong>fratrum</strong></span> <span class='ocrx_word' id='word_1_429' title='bbox 3363 2862 3572 2916; x_wconf 80' lang='lat' dir='ltr'><strong>familia</strong></span> 
     </span>
    </p>
   </div>
   <div class='ocr_carea' id='block_1_61' title="bbox 2002 2954 3579 3031">
    <p class='ocr_par' dir='ltr' id='par_1_61' title="bbox 2002 2954 3579 3031">
     <span class='ocr_line' id='line_1_61' title="bbox 2002 2954 3579 3031; baseline -0.006 -13"><span class='ocrx_word' id='word_1_430' title='bbox 2002 2971 2439 3031; x_wconf 69' lang='lat' dir='ltr'><strong>cmterorumqne</strong></span> <span class='ocrx_word' id='word_1_431' title='bbox 2475 2959 2941 3022; x_wconf 86' lang='lat' dir='ltr'><strong>Christianorum,</strong></span> <span class='ocrx_word' id='word_1_432' title='bbox 2995 2967 3157 3024; x_wconf 88' lang='lat' dir='ltr'><strong>atque</strong></span> <span class='ocrx_word' id='word_1_433' title='bbox 3189 2969 3286 3024; x_wconf 89' lang='lat' dir='ltr'><strong>pro</strong></span> <span class='ocrx_word' id='word_1_434' title='bbox 3329 2954 3579 3022; x_wconf 83' lang='lat' dir='ltr'><strong>patribus</strong></span> 
     </span>
    </p>
   </div>
   <div class='ocr_carea' id='block_1_62' title="bbox 300 3045 1892 3149">
    <p class='ocr_par' dir='ltr' id='par_1_62' title="bbox 300 3046 1892 3116">
     <span class='ocr_line' id='line_1_62' title="bbox 300 3046 1892 3116; baseline 0.001 -17"><span class='ocrx_word' id='word_1_435' title='bbox 300 3047 484 3102; x_wconf 80' lang='grc' dir='ltr'>ἄλλων</span> <span class='ocrx_word' id='word_1_436' title='bbox 518 3047 881 3115; x_wconf 83' lang='grc' dir='ltr'>Χριστιανῶν,</span> <span class='ocrx_word' id='word_1_437' title='bbox 908 3049 1001 3102; x_wconf 69' lang='grc' dir='ltr'>καὶ</span> <span class='ocrx_word' id='word_1_438' title='bbox 1046 3048 1158 3101; x_wconf 89' lang='grc' dir='ltr'><strong>τῶν</strong></span> <span class='ocrx_word' id='word_1_439' title='bbox 1219 3047 1518 3114; x_wconf 82' lang='grc' dir='ltr'>ὀρθοδόξως</span> <span class='ocrx_word' id='word_1_440' title='bbox 1554 3046 1892 3116; x_wconf 64' lang='grc' dir='ltr'>κεκοιμημέε</span> 
     </span>
    </p>
   </div>
   <div class='ocr_carea' id='block_1_63' title="bbox 1997 3045 3576 3149">
    <p class='ocr_par' dir='ltr' id='par_1_63' title="bbox 2005 3045 3576 3116">
     <span class='ocr_line' id='line_1_63' title="bbox 2005 3045 3576 3116; baseline -0.004 -10"><span class='ocrx_word' id='word_1_441' title='bbox 2005 3059 2057 3106; x_wconf 89' lang='lat' dir='ltr'><strong>et</strong></span> <span class='ocrx_word' id='word_1_442' title='bbox 2091 3051 2354 3105; x_wconf 83' lang='lat' dir='ltr'><strong>fratribus</strong></span> <span class='ocrx_word' id='word_1_443' title='bbox 2389 3051 2590 3102; x_wconf 85' lang='lat' dir='ltr'><strong>nostris</strong></span> <span class='ocrx_word' id='word_1_444' title='bbox 2621 3049 2714 3116; x_wconf 92' lang='lat' dir='ltr'><strong>qui</strong></span> <span class='ocrx_word' id='word_1_445' title='bbox 2771 3048 2902 3102; x_wconf 92' lang='lat' dir='ltr'><strong>olim</strong></span> <span class='ocrx_word' id='word_1_446' title='bbox 2937 3047 2990 3100; x_wconf 93' lang='lat' dir='ltr'><strong>in</strong></span> <span class='ocrx_word' id='word_1_447' title='bbox 3041 3045 3145 3100; x_wconf 88' lang='lat' dir='ltr'><strong>fide</strong></span> <span class='ocrx_word' id='word_1_448' title='bbox 3191 3045 3528 3099; x_wconf 84' lang='lat' dir='ltr'><strong>dormierunt</strong></span> <span class='ocrx_word' id='word_1_449' title='bbox 3562 3060 3576 3100; x_wconf 88' lang='lat'><strong>:</strong></span> 
     </span>
    </p>
   </div>
   <div class='ocr_carea' id='block_1_64' title="bbox 301 3137 1899 3209">
    <p class='ocr_par' dir='ltr' id='par_1_64' title="bbox 301 3137 1899 3209">
     <span class='ocr_line' id='line_1_64' title="bbox 301 3137 1899 3209; baseline 0.001 -20"><span class='ocrx_word' id='word_1_450' title='bbox 301 3155 405 3190; x_wconf 90' lang='grc' dir='ltr'><strong>νων</strong></span> <span class='ocrx_word' id='word_1_451' title='bbox 435 3137 608 3191; x_wconf 74' lang='grc' dir='ltr'>πάλιν</span> <span class='ocrx_word' id='word_1_452' title='bbox 635 3139 896 3209; x_wconf 84' lang='grc' dir='ltr'>Πατέρων</span> <span class='ocrx_word' id='word_1_453' title='bbox 922 3139 1015 3192; x_wconf 71' lang='grc' dir='ltr'>καὶ</span> <span class='ocrx_word' id='word_1_454' title='bbox 1046 3139 1295 3207; x_wconf 76' lang='grc' dir='ltr'>ἀδελφῶν</span> <span class='ocrx_word' id='word_1_455' title='bbox 1324 3139 1506 3208; x_wconf 75' lang='grc' dir='ltr'>ἡμῶν,</span> <span class='ocrx_word' id='word_1_456' title='bbox 1538 3138 1899 3209; x_wconf 80' lang='grc' dir='ltr'>χρειωδέστα-</span> 
     </span>
    </p>
   </div>
   <div class='ocr_carea' id='block_1_65' title="bbox 304 3229 1904 3303">
    <p class='ocr_par' dir='ltr' id='par_1_65' title="bbox 304 3229 1904 3303">
     <span class='ocr_line' id='line_1_65' title="bbox 304 3229 1904 3303; baseline 0.004 -24"><span class='ocrx_word' id='word_1_457' title='bbox 304 3244 396 3280; x_wconf 88' lang='grc' dir='ltr'><strong>τον</strong></span> <span class='ocrx_word' id='word_1_458' title='bbox 431 3229 547 3297; x_wconf 70' lang='grc' dir='ltr'><strong>γὰρ</strong></span> <span class='ocrx_word' id='word_1_459' title='bbox 616 3231 676 3284; x_wconf 69' lang='grc' dir='ltr'>ἰν</span> <span class='ocrx_word' id='word_1_460' title='bbox 730 3231 808 3301; x_wconf 82' lang='grc' dir='ltr'>τῷ</span> <span class='ocrx_word' id='word_1_461' title='bbox 861 3231 972 3285; x_wconf 86' lang='grc' dir='ltr'><strong>τῶν</strong></span> <span class='ocrx_word' id='word_1_462' title='bbox 1039 3232 1216 3302; x_wconf 81' lang='grc' dir='ltr'>εὐχῶν</span> <span class='ocrx_word' id='word_1_463' title='bbox 1264 3231 1405 3286; x_wconf 84' lang='grc' dir='ltr'>τέλει</span> <span class='ocrx_word' id='word_1_464' title='bbox 1454 3232 1591 3303; x_wconf 83' lang='grc' dir='ltr'>ὑπὲρ</span> <span class='ocrx_word' id='word_1_465' title='bbox 1645 3231 1904 3286; x_wconf 77' lang='grc' dir='ltr'>ἁπάντων</span> 
     </span>
    </p>
   </div>
   <div class='ocr_carea' id='block_1_66' title="bbox 305 3320 1901 3389">
    <p class='ocr_par' dir='ltr' id='par_1_66' title="bbox 305 3320 1901 3389">
     <span class='ocr_line' id='line_1_66' title="bbox 305 3320 1901 3389; baseline 0.003 -17"><span class='ocrx_word' id='word_1_466' title='bbox 305 3320 644 3389; x_wconf 77' lang='grc' dir='ltr'>μεμνῆσθαι.</span> <span class='ocrx_word' id='word_1_467' title='bbox 685 3323 806 3376; x_wconf 84' lang='grc' dir='ltr'>Ὀτι</span> <span class='ocrx_word' id='word_1_468' title='bbox 849 3322 1010 3378; x_wconf 84' lang='grc' dir='ltr'>τοῦτο</span> <span class='ocrx_word' id='word_1_469' title='bbox 1063 3325 1343 3386; x_wconf 83' lang='grc' dir='ltr'>ποιοῦντες</span> <span class='ocrx_word' id='word_1_470' title='bbox 1372 3322 1614 3386; x_wconf 77' lang='grc' dir='ltr'>ἅπαντες</span> <span class='ocrx_word' id='word_1_471' title='bbox 1650 3323 1901 3377; x_wconf 76' lang='grc' dir='ltr'>ἅπαντα·</span> 
     </span>
    </p>
   </div>
   <div class='ocr_carea' id='block_1_67' title="bbox 301 3412 1904 3485">
    <p class='ocr_par' dir='ltr' id='par_1_67' title="bbox 301 3412 1904 3485">
     <span class='ocr_line' id='line_1_67' title="bbox 301 3412 1904 3485; baseline 0.001 -20"><span class='ocrx_word' id='word_1_472' title='bbox 301 3412 418 3481; x_wconf 82' lang='grc' dir='ltr'>χοῦ,</span> <span class='ocrx_word' id='word_1_473' title='bbox 454 3413 598 3480; x_wconf 78' lang='grc' dir='ltr'>ὑπὲρ</span> <span class='ocrx_word' id='word_1_474' title='bbox 651 3413 895 3484; x_wconf 79' lang='grc' dir='ltr'>ἀλλήλων</span> <span class='ocrx_word' id='word_1_475' title='bbox 959 3415 1236 3485; x_wconf 80' lang='grc' dir='ltr'>εὐχόμεθα</span> <span class='ocrx_word' id='word_1_476' title='bbox 1265 3458 1278 3479; x_wconf 86' lang='grc'><strong>,</strong></span> <span class='ocrx_word' id='word_1_477' title='bbox 1333 3415 1431 3468; x_wconf 75' lang='grc' dir='ltr'>καὶ</span> <span class='ocrx_word' id='word_1_478' title='bbox 1452 3415 1596 3468; x_wconf 79' lang='grc' dir='ltr'>οὕτω</span> <span class='ocrx_word' id='word_1_479' title='bbox 1621 3414 1764 3468; x_wconf 78' lang='grc' dir='ltr'>κατὰ</span> <span class='ocrx_word' id='word_1_480' title='bbox 1811 3415 1904 3466; x_wconf 72' lang='grc' dir='ltr'>τὸν</span> 
     </span>
    </p>
   </div>
   <div class='ocr_carea' id='block_1_68' title="bbox 305 3502 1898 3576">
    <p class='ocr_par' dir='ltr' id='par_1_68' title="bbox 305 3502 1898 3576">
     <span class='ocr_line' id='line_1_68' title="bbox 305 3502 1898 3576; baseline -0.001 -20"><span class='ocrx_word' id='word_1_481' title='bbox 305 3502 611 3572; x_wconf 80' lang='grc' dir='ltr'>Θεάὸελφον</span> <span class='ocrx_word' id='word_1_482' title='bbox 645 3506 794 3558; x_wconf 77' lang='grc' dir='ltr'>ἔσται</span> <span class='ocrx_word' id='word_1_483' title='bbox 822 3505 1038 3576; x_wconf 83' lang='grc' dir='ltr'>ἰαθῆναι</span> <span class='ocrx_word' id='word_1_484' title='bbox 1069 3508 1214 3576; x_wconf 80' lang='grc' dir='ltr'>ἡμᾶς</span> <span class='ocrx_word' id='word_1_485' title='bbox 1235 3506 1330 3560; x_wconf 76' lang='grc' dir='ltr'><strong>καί</strong></span> <span class='ocrx_word' id='word_1_486' title='bbox 1359 3506 1594 3574; x_wconf 77' lang='grc' dir='ltr'>σωθῆναι</span> <span class='ocrx_word' id='word_1_487' title='bbox 1621 3508 1712 3558; x_wconf 65' lang='grc' dir='ltr'><strong>καὶ</strong></span> <span class='ocrx_word' id='word_1_488' title='bbox 1739 3503 1898 3557; x_wconf 78' lang='grc' dir='ltr'>ἑκόν-</span> 
     </span>
    </p>
   </div>
   <div class='ocr_carea' id='block_1_69' title="bbox 306 3595 1903 3668">
    <p class='ocr_par' dir='ltr' id='par_1_69' title="bbox 306 3595 1903 3668">
     <span class='ocr_line' id='line_1_69' title="bbox 306 3595 1903 3668; baseline 0 -20"><span class='ocrx_word' id='word_1_489' title='bbox 306 3613 400 3659; x_wconf 89' lang='grc' dir='ltr'><strong>τας</strong></span> <span class='ocrx_word' id='word_1_490' title='bbox 434 3598 536 3651; x_wconf 81' lang='grc' dir='ltr'>καὶ</span> <span class='ocrx_word' id='word_1_491' title='bbox 560 3599 820 3660; x_wconf 80' lang='grc' dir='ltr'>ἄκοντας.</span> <span class='ocrx_word' id='word_1_492' title='bbox 858 3599 970 3662; x_wconf 81' lang='grc' dir='ltr'><strong>Τὰς</strong></span> <span class='ocrx_word' id='word_1_493' title='bbox 1002 3599 1187 3660; x_wconf 80' lang='grc' dir='ltr'>κοινὰς</span> <span class='ocrx_word' id='word_1_494' title='bbox 1221 3598 1277 3653; x_wconf 80' lang='grc' dir='ltr'><strong>δὲ</strong></span> <span class='ocrx_word' id='word_1_495' title='bbox 1302 3598 1466 3668; x_wconf 76' lang='grc' dir='ltr'>εὐχὰς</span> <span class='ocrx_word' id='word_1_496' title='bbox 1491 3597 1585 3651; x_wconf 78' lang='grc' dir='ltr'><strong>καὶ</strong></span> <span class='ocrx_word' id='word_1_497' title='bbox 1623 3599 1651 3650; x_wconf 89' lang='grc' dir='ltr'>ὁ</span> <span class='ocrx_word' id='word_1_498' title='bbox 1689 3595 1903 3666; x_wconf 86' lang='grc' dir='ltr'>πρῶτος</span> 
     </span>
    </p>
   </div>
   <div class='ocr_carea' id='block_1_70' title="bbox 308 3691 1901 3762">
    <p class='ocr_par' dir='ltr' id='par_1_70' title="bbox 308 3691 1901 3762">
     <span class='ocr_line' id='line_1_70' title="bbox 308 3691 1901 3762; baseline -0.002 -19"><span class='ocrx_word' id='word_1_499' title='bbox 308 3691 703 3760; x_wconf 76' lang='grc' dir='ltr'>ἑπισφραγίζει</span> <span class='ocrx_word' id='word_1_500' title='bbox 723 3733 738 3758; x_wconf 89' lang='grc'><strong>,</strong></span> <span class='ocrx_word' id='word_1_501' title='bbox 770 3691 859 3746; x_wconf 78' lang='grc' dir='ltr'>διὰ</span> <span class='ocrx_word' id='word_1_502' title='bbox 900 3692 1010 3746; x_wconf 89' lang='grc' dir='ltr'><strong>τῶν</strong></span> <span class='ocrx_word' id='word_1_503' title='bbox 1034 3693 1214 3762; x_wconf 82' lang='grc' dir='ltr'>εὐχῶν</span> <span class='ocrx_word' id='word_1_504' title='bbox 1242 3693 1350 3746; x_wconf 89' lang='grc' dir='ltr'><strong>τῶν</strong></span> <span class='ocrx_word' id='word_1_505' title='bbox 1382 3692 1554 3760; x_wconf 80' lang='grc' dir='ltr'>ἁγίων</span> <span class='ocrx_word' id='word_1_506' title='bbox 1586 3691 1746 3758; x_wconf 81' lang='grc' dir='ltr'>ἡμῶν</span> <span class='ocrx_word' id='word_1_507' title='bbox 1792 3691 1901 3741; x_wconf 81' lang='grc' dir='ltr'><strong>Πα-</strong></span> 
     </span>
    </p>
   </div>
   <div class='ocr_carea' id='block_1_71' title="bbox 271 3782 1901 3856">
    <p class='ocr_par' dir='ltr' id='par_1_71' title="bbox 271 3782 1901 3856">
     <span class='ocr_line' id='line_1_71' title="bbox 271 3782 1901 3856; baseline 0.001 -20"><span class='ocrx_word' id='word_1_508' title='bbox 271 3824 278 3830; x_wconf 91' lang='grc'><strong>.</strong></span> <span class='ocrx_word' id='word_1_509' title='bbox 305 3783 483 3856; x_wconf 80' lang='grc' dir='ltr'>τέρων</span> <span class='ocrx_word' id='word_1_510' title='bbox 503 3785 736 3855; x_wconf 80' lang='grc' dir='ltr'>Χριστὸν</span> <span class='ocrx_word' id='word_1_511' title='bbox 756 3785 846 3840; x_wconf 83' lang='grc' dir='ltr'><strong>τὸν</strong></span> <span class='ocrx_word' id='word_1_512' title='bbox 868 3785 1000 3839; x_wconf 79' lang='grc' dir='ltr'>Θεὸν</span> <span class='ocrx_word' id='word_1_513' title='bbox 1035 3785 1234 3856; x_wconf 58' lang='grc' dir='ltr'>ἡμῶνβ</span> <span class='ocrx_word' id='word_1_514' title='bbox 1247 3787 1291 3849; x_wconf 88' lang='grc' dir='ltr'><strong>ἰς</strong></span> <span class='ocrx_word' id='word_1_515' title='bbox 1309 3785 1457 3838; x_wconf 78' lang='grc' dir='ltr'>ἔλεον</span> <span class='ocrx_word' id='word_1_516' title='bbox 1477 3782 1708 3836; x_wconf 76' lang='grc' dir='ltr'>ἐκκαλού</span> <span class='ocrx_word' id='word_1_517' title='bbox 1719 3797 1901 3850; x_wconf 86' lang='grc' dir='ltr'>μενος.</span> 
     </span>
    </p>
   </div>
   <div class='ocr_carea' id='block_1_72' title="bbox 899 3900 1309 3955">
    <p class='ocr_par' dir='ltr' id='par_1_72' title="bbox 899 3900 1309 3955">
     <span class='ocr_line' id='line_1_72' title="bbox 899 3900 1309 3955; baseline -0.002 0"><span class='ocrx_word' id='word_1_518' title='bbox 899 3900 1156 3955; x_wconf 81' lang='grc' dir='ltr'><strong>ΚΕΦΑΛ.</strong></span> <span class='ocrx_word' id='word_1_519' title='bbox 1184 3900 1309 3954; x_wconf 78' lang='grc' dir='ltr'><strong>ΤΘ’.</strong></span> 
     </span>
    </p>
   </div>
   <div class='ocr_carea' id='block_1_73' title="bbox 303 3983 1902 4084">
    <p class='ocr_par' dir='ltr' id='par_1_73' title="bbox 303 3983 1902 4084">
     <span class='ocr_line' id='line_1_73' title="bbox 303 3983 1902 4084; baseline -0.003 -14"><span class='ocrx_word' id='word_1_520' title='bbox 303 4015 442 4084; x_wconf 78' lang='grc' dir='ltr'>Περί</span> <span class='ocrx_word' id='word_1_521' title='bbox 467 3983 584 4082; x_wconf 51' lang='grc' dir='ltr'>τῆς</span> <span class='ocrx_word' id='word_1_522' title='bbox 610 4016 714 4070; x_wconf 79' lang='grc' dir='ltr'><strong>τοῦ</strong></span> <span class='ocrx_word' id='word_1_523' title='bbox 741 4015 958 4084; x_wconf 80' lang='grc' dir='ltr'>ὄρθρου</span> <span class='ocrx_word' id='word_1_524' title='bbox 974 4015 1362 4081; x_wconf 69' lang='grc' dir='ltr'>ἀκολουθίας,</span> <span class='ocrx_word' id='word_1_525' title='bbox 1384 4015 1481 4069; x_wconf 77' lang='grc' dir='ltr'>καὶ</span> <span class='ocrx_word' id='word_1_526' title='bbox 1500 4014 1739 4081; x_wconf 84' lang='grc' dir='ltr'>πρῶτον</span> <span class='ocrx_word' id='word_1_527' title='bbox 1757 4013 1814 4066; x_wconf 81' lang='grc' dir='ltr'><strong>τί</strong></span> <span class='ocrx_word' id='word_1_528' title='bbox 1835 4013 1902 4066; x_wconf 84' lang='grc' dir='ltr'>τὸ</span> 
     </span>
    </p>
   </div>
   <div class='ocr_carea' id='block_1_74' title="bbox 371 4084 1899 4154">
    <p class='ocr_par' dir='ltr' id='par_1_74' title="bbox 371 4084 1899 4154">
     <span class='ocr_line' id='line_1_74' title="bbox 371 4084 1899 4154; baseline -0.001 -14"><span class='ocrx_word' id='word_1_529' title='bbox 371 4088 730 4154; x_wconf 76' lang='grc' dir='ltr'>ἀνοίγεσθαι</span> <span class='ocrx_word' id='word_1_530' title='bbox 760 4087 880 4139; x_wconf 79' lang='grc' dir='ltr'><strong>τῶν</strong></span> <span class='ocrx_word' id='word_1_531' title='bbox 903 4086 1115 4141; x_wconf 78' lang='grc' dir='ltr'>πυλῶν</span> <span class='ocrx_word' id='word_1_532' title='bbox 1131 4084 1240 4140; x_wconf 85' lang='grc' dir='ltr'><strong>τοῦ</strong></span> <span class='ocrx_word' id='word_1_533' title='bbox 1262 4086 1414 4140; x_wconf 83' lang='grc' dir='ltr'>ναοῦ</span> <span class='ocrx_word' id='word_1_534' title='bbox 1454 4088 1527 4138; x_wconf 84' lang='grc' dir='ltr'><strong>τὰ</strong></span> <span class='ocrx_word' id='word_1_535' title='bbox 1552 4085 1899 4152; x_wconf 79' lang='grc' dir='ltr'>βηλόθυρα,</span> 
     </span>
    </p>
   </div>
   <div class='ocr_carea' id='block_1_75' title="bbox 377 4155 1649 4226">
    <p class='ocr_par' dir='ltr' id='par_1_75' title="bbox 377 4155 1649 4226">
     <span class='ocr_line' id='line_1_75' title="bbox 377 4155 1649 4226; baseline -0.003 -15"><span class='ocrx_word' id='word_1_536' title='bbox 377 4158 481 4211; x_wconf 75' lang='grc' dir='ltr'>καὶ</span> <span class='ocrx_word' id='word_1_537' title='bbox 507 4159 894 4226; x_wconf 77' lang='grc' dir='ltr'>είσέρχεσθιιι</span> <span class='ocrx_word' id='word_1_538' title='bbox 916 4155 1120 4220; x_wconf 73' lang='grc' dir='ltr'>ἔνδον,</span> <span class='ocrx_word' id='word_1_539' title='bbox 1149 4155 1249 4209; x_wconf 76' lang='grc' dir='ltr'><strong>καί</strong></span> <span class='ocrx_word' id='word_1_540' title='bbox 1275 4155 1340 4209; x_wconf 81' lang='grc' dir='ltr'>τὸ</span> <span class='ocrx_word' id='word_1_541' title='bbox 1366 4157 1649 4226; x_wconf 80' lang='grc' dir='ltr'>θυμίαμα.</span> 
     </span>
    </p>
   </div>
   <div class='ocr_carea' id='block_1_76' title="bbox 377 4245 1897 4319">
    <p class='ocr_par' dir='ltr' id='par_1_76' title="bbox 377 4245 1897 4319">
     <span class='ocr_line' id='line_1_76' title="bbox 377 4245 1897 4319; baseline -0.001 -19"><span class='ocrx_word' id='word_1_542' title='bbox 377 4248 494 4300; x_wconf 71' lang='grc' dir='ltr'><strong>Καὶ</strong></span> <span class='ocrx_word' id='word_1_543' title='bbox 515 4247 688 4310; x_wconf 76' lang='grc' dir='ltr'>οὕτως</span> <span class='ocrx_word' id='word_1_544' title='bbox 721 4249 750 4302; x_wconf 85' lang='grc' dir='ltr'><strong>ό</strong></span> <span class='ocrx_word' id='word_1_545' title='bbox 779 4247 880 4319; x_wconf 69' lang='grc' dir='ltr'>μὲν</span> <span class='ocrx_word' id='word_1_546' title='bbox 935 4246 1329 4317; x_wconf 82' lang='grc' dir='ltr'>μεσονυκτικδς</span> <span class='ocrx_word' id='word_1_547' title='bbox 1364 4245 1534 4314; x_wconf 80' lang='grc' dir='ltr'>ὕμνος</span> <span class='ocrx_word' id='word_1_548' title='bbox 1559 4245 1897 4298; x_wconf 80' lang='grc' dir='ltr'>τετέλεσται.</span> 
     </span>
    </p>
   </div>
   <div class='ocr_carea' id='block_1_77' title="bbox 301 4336 1899 4408">
    <p class='ocr_par' dir='ltr' id='par_1_77' title="bbox 301 4336 1899 4408">
     <span class='ocr_line' id='line_1_77' title="bbox 301 4336 1899 4408; baseline -0.002 -16"><span class='ocrx_word' id='word_1_549' title='bbox 301 4339 370 4392; x_wconf 78' lang='grc' dir='ltr'><strong>Δί</strong></span> <span class='ocrx_word' id='word_1_550' title='bbox 397 4338 571 4392; x_wconf 83' lang='grc' dir='ltr'>πύλαι</span> <span class='ocrx_word' id='word_1_551' title='bbox 600 4338 656 4392; x_wconf 82' lang='grc' dir='ltr'><strong>δὲ</strong></span> <span class='ocrx_word' id='word_1_552' title='bbox 674 4338 769 4392; x_wconf 84' lang='grc' dir='ltr'><strong>τοῦ</strong></span> <span class='ocrx_word' id='word_1_553' title='bbox 801 4337 931 4392; x_wconf 81' lang='grc' dir='ltr'>ναοῦ</span> <span class='ocrx_word' id='word_1_554' title='bbox 966 4339 1277 4408; x_wconf 83' lang='grc' dir='ltr'>ἀνοίγονται</span> <span class='ocrx_word' id='word_1_555' title='bbox 1308 4339 1381 4401; x_wconf 81' lang='grc' dir='ltr'>ὡς</span> <span class='ocrx_word' id='word_1_556' title='bbox 1412 4340 1442 4391; x_wconf 83' lang='grc' dir='ltr'><strong>ό</strong></span> <span class='ocrx_word' id='word_1_557' title='bbox 1493 4336 1748 4406; x_wconf 82' lang='grc' dir='ltr'>οὐρανὸς,</span> <span class='ocrx_word' id='word_1_558' title='bbox 1802 4336 1899 4390; x_wconf 73' lang='grc' dir='ltr'>καὶ</span> 
     </span>
    </p>
   </div>
   <div class='ocr_carea' id='block_1_78' title="bbox 2005 3137 3583 3214">
    <p class='ocr_par' dir='ltr' id='par_1_78' title="bbox 2005 3137 3583 3214">
     <span class='ocr_line' id='line_1_78' title="bbox 2005 3137 3583 3214; baseline -0.005 -18"><span class='ocrx_word' id='word_1_559' title='bbox 2005 3145 2206 3214; x_wconf 89' lang='lat' dir='ltr'><strong>quippe</strong></span> <span class='ocrx_word' id='word_1_560' title='bbox 2250 3142 2477 3214; x_wconf 87' lang='lat' dir='ltr'><strong>perutile</strong></span> <span class='ocrx_word' id='word_1_561' title='bbox 2505 3153 2589 3197; x_wconf 88' lang='lat' dir='ltr'><strong>est</strong></span> <span class='ocrx_word' id='word_1_562' title='bbox 2616 3142 2669 3195; x_wconf 93' lang='lat' dir='ltr'><strong>in</strong></span> <span class='ocrx_word' id='word_1_563' title='bbox 2701 3140 2808 3194; x_wconf 87' lang='lat' dir='ltr'><strong>fine</strong></span> <span class='ocrx_word' id='word_1_564' title='bbox 2834 3153 3054 3209; x_wconf 87' lang='lat' dir='ltr'><strong>precum</strong></span> <span class='ocrx_word' id='word_1_565' title='bbox 3091 3138 3158 3191; x_wconf 91' lang='lat' dir='ltr'><strong>de</strong></span> <span class='ocrx_word' id='word_1_566' title='bbox 3188 3137 3445 3190; x_wconf 87' lang='lat' dir='ltr'><strong>omnibus</strong></span> <span class='ocrx_word' id='word_1_567' title='bbox 3471 3149 3583 3188; x_wconf 88' lang='lat' dir='ltr'><strong>me-</strong></span> 
     </span>
    </p>
   </div>
   <div class='ocr_carea' id='block_1_79' title="bbox 2005 3227 3580 3302">
    <p class='ocr_par' dir='ltr' id='par_1_79' title="bbox 2005 3227 3580 3302">
     <span class='ocr_line' id='line_1_79' title="bbox 2005 3227 3580 3302; baseline -0.008 -10"><span class='ocrx_word' id='word_1_568' title='bbox 2005 3238 2235 3292; x_wconf 88' lang='lat' dir='ltr'><strong>moriam</strong></span> <span class='ocrx_word' id='word_1_569' title='bbox 2271 3235 2471 3301; x_wconf 85' lang='lat' dir='ltr'><strong>facere,</strong></span> <span class='ocrx_word' id='word_1_570' title='bbox 2521 3234 2778 3302; x_wconf 88' lang='lat' dir='ltr'><strong>quoniam</strong></span> <span class='ocrx_word' id='word_1_571' title='bbox 2836 3233 2908 3286; x_wconf 89' lang='lat' dir='ltr'><strong>ita</strong></span> <span class='ocrx_word' id='word_1_572' title='bbox 2965 3231 3217 3285; x_wconf 88' lang='lat' dir='ltr'><strong>faciendo</strong></span> <span class='ocrx_word' id='word_1_573' title='bbox 3282 3243 3474 3282; x_wconf 85' lang='lat' dir='ltr'><strong>omnes</strong></span> <span class='ocrx_word' id='word_1_574' title='bbox 3525 3227 3580 3280; x_wconf 90' lang='lat' dir='ltr'><strong>in</strong></span> 
     </span>
    </p>
   </div>
   <div class='ocr_carea' id='block_1_80' title="bbox 2005 3321 3582 3398">
    <p class='ocr_par' dir='ltr' id='par_1_80' title="bbox 2005 3321 3582 3398">
     <span class='ocr_line' id='line_1_80' title="bbox 2005 3321 3582 3398; baseline -0.006 -15"><span class='ocrx_word' id='word_1_575' title='bbox 2005 3331 2150 3384; x_wconf 92' lang='lat' dir='ltr'><strong>omni</strong></span> <span class='ocrx_word' id='word_1_576' title='bbox 2200 3329 2320 3383; x_wconf 92' lang='lat' dir='ltr'><strong>loco</strong></span> <span class='ocrx_word' id='word_1_577' title='bbox 2373 3344 2468 3398; x_wconf 89' lang='lat' dir='ltr'><strong>pro</strong></span> <span class='ocrx_word' id='word_1_578' title='bbox 2505 3328 2736 3382; x_wconf 80' lang='lat' dir='ltr'><strong>invicem</strong></span> <span class='ocrx_word' id='word_1_579' title='bbox 2773 3340 3015 3391; x_wconf 89' lang='lat' dir='ltr'><strong>oramus,</strong></span> <span class='ocrx_word' id='word_1_580' title='bbox 3059 3331 3115 3378; x_wconf 84' lang='lat' dir='ltr'><strong>et</strong></span> <span class='ocrx_word' id='word_1_581' title='bbox 3139 3324 3240 3388; x_wconf 89' lang='lat' dir='ltr'><strong>sic,</strong></span> <span class='ocrx_word' id='word_1_582' title='bbox 3280 3321 3582 3376; x_wconf 88' lang='lat' dir='ltr'><strong>secundum</strong></span> 
     </span>
    </p>
   </div>
   <div class='ocr_carea' id='block_1_81' title="bbox 2007 3414 3582 3484">
    <p class='ocr_par' dir='ltr' id='par_1_81' title="bbox 2007 3414 3582 3484">
     <span class='ocr_line' id='line_1_81' title="bbox 2007 3414 3582 3484; baseline -0.006 -8"><span class='ocrx_word' id='word_1_583' title='bbox 2007 3423 2230 3478; x_wconf 84' lang='lat' dir='ltr'><strong>fratrem</strong></span> <span class='ocrx_word' id='word_1_584' title='bbox 2271 3421 2501 3484; x_wconf 87' lang='lat' dir='ltr'><strong>Domini,</strong></span> <span class='ocrx_word' id='word_1_585' title='bbox 2537 3419 2856 3476; x_wconf 88' lang='lat' dir='ltr'><strong>sanabimur</strong></span> <span class='ocrx_word' id='word_1_586' title='bbox 2881 3431 3070 3472; x_wconf 89' lang='lat' dir='ltr'><strong>omnes</strong></span> <span class='ocrx_word' id='word_1_587' title='bbox 3100 3424 3154 3470; x_wconf 88' lang='lat' dir='ltr'><strong>et</strong></span> <span class='ocrx_word' id='word_1_588' title='bbox 3185 3414 3322 3472; x_wconf 84' lang='lat' dir='ltr'><strong>salvi</strong></span> <span class='ocrx_word' id='word_1_589' title='bbox 3375 3415 3582 3468; x_wconf 74' lang='lat' dir='ltr'><strong>erimus</strong></span> 
     </span>
    </p>
   </div>
   <div class='ocr_carea' id='block_1_82' title="bbox 2007 3510 3582 3579">
    <p class='ocr_par' dir='ltr' id='par_1_82' title="bbox 2007 3510 3582 3579">
     <span class='ocr_line' id='line_1_82' title="bbox 2007 3510 3582 3579; baseline -0.005 -11"><span class='ocrx_word' id='word_1_590' title='bbox 2007 3514 2236 3568; x_wconf 85' lang='lat' dir='ltr'><strong>libentes</strong></span> <span class='ocrx_word' id='word_1_591' title='bbox 2267 3521 2320 3567; x_wconf 91' lang='lat' dir='ltr'><strong>et</strong></span> <span class='ocrx_word' id='word_1_592' title='bbox 2348 3512 2527 3567; x_wconf 86' lang='lat' dir='ltr'><strong>inviti.</strong></span> <span class='ocrx_word' id='word_1_593' title='bbox 2563 3510 2925 3579; x_wconf 45' lang='lat' dir='ltr'><strong>.Communcs</strong></span> <span class='ocrx_word' id='word_1_594' title='bbox 2963 3517 3143 3564; x_wconf 88' lang='lat' dir='ltr'><strong>autem</strong></span> <span class='ocrx_word' id='word_1_595' title='bbox 3182 3523 3372 3577; x_wconf 88' lang='lat' dir='ltr'><strong>preces</strong></span> <span class='ocrx_word' id='word_1_596' title='bbox 3425 3522 3582 3576; x_wconf 86' lang='lat' dir='ltr'><strong>supe-</strong></span> 
     </span>
    </p>
   </div>
   <div class='ocr_carea' id='block_1_83' title="bbox 2006 3599 3580 3674">
    <p class='ocr_par' dir='ltr' id='par_1_83' title="bbox 2006 3599 3580 3674">
     <span class='ocr_line' id='line_1_83' title="bbox 2006 3599 3580 3674; baseline -0.004 -14"><span class='ocrx_word' id='word_1_597' title='bbox 2006 3607 2120 3661; x_wconf 89' lang='lat' dir='ltr'><strong>rior</strong></span> <span class='ocrx_word' id='word_1_598' title='bbox 2144 3605 2351 3674; x_wconf 87' lang='lat' dir='ltr'><strong>perficit</strong></span> <span class='ocrx_word' id='word_1_599' title='bbox 2379 3605 2634 3673; x_wconf 87' lang='lat' dir='ltr'><strong>precibus</strong></span> <span class='ocrx_word' id='word_1_600' title='bbox 2665 3617 2980 3659; x_wconf 87' lang='lat' dir='ltr'><strong>sanctorum</strong></span> <span class='ocrx_word' id='word_1_601' title='bbox 3012 3611 3330 3657; x_wconf 89' lang='lat' dir='ltr'><strong>nostrorum</strong></span> <span class='ocrx_word' id='word_1_602' title='bbox 3357 3599 3580 3653; x_wconf 83' lang='lat' dir='ltr'><strong>Patrum</strong></span> 
     </span>
    </p>
   </div>
   <div class='ocr_carea' id='block_1_84' title="bbox 2004 3693 3368 3764">
    <p class='ocr_par' dir='ltr' id='par_1_84' title="bbox 2004 3693 3368 3764">
     <span class='ocr_line' id='line_1_84' title="bbox 2004 3693 3368 3764; baseline -0.004 -11"><span class='ocrx_word' id='word_1_603' title='bbox 2004 3699 2212 3754; x_wconf 88' lang='lat' dir='ltr'><strong>Christi</strong></span> <span class='ocrx_word' id='word_1_604' title='bbox 2249 3697 2337 3754; x_wconf 88' lang='lat' dir='ltr'><strong>Dei</strong></span> <span class='ocrx_word' id='word_1_605' title='bbox 2375 3699 2547 3752; x_wconf 85' lang='lat' dir='ltr'><strong>nostri</strong></span> <span class='ocrx_word' id='word_1_606' title='bbox 2584 3696 3016 3752; x_wconf 88' lang='lat' dir='ltr'><strong>misericordiam</strong></span> <span class='ocrx_word' id='word_1_607' title='bbox 3045 3693 3368 3764; x_wconf 80' lang='lat' dir='ltr'><strong>flagitando.</strong></span> 
     </span>
    </p>
   </div>
   <div class='ocr_carea' id='block_1_85' title="bbox 2550 3889 3054 3946">
    <p class='ocr_par' dir='ltr' id='par_1_85' title="bbox 2550 3889 3054 3946">
     <span class='ocr_line' id='line_1_85' title="bbox 2550 3889 3054 3946; baseline 0 0"><span class='ocrx_word' id='word_1_608' title='bbox 2550 3891 2779 3946; x_wconf 84' lang='lat' dir='ltr'><strong>CAPUT</strong></span> <span class='ocrx_word' id='word_1_609' title='bbox 2827 3889 3054 3946; x_wconf 82' lang='lat' dir='ltr'><strong>CCCIX.</strong></span> 
     </span>
    </p>
   </div>
   <div class='ocr_carea' id='block_1_86' title="bbox 2006 4002 3587 4072">
    <p class='ocr_par' dir='ltr' id='par_1_86' title="bbox 2006 4002 3587 4072">
     <span class='ocr_line' id='line_1_86' title="bbox 2006 4002 3587 4072; baseline -0.004 -10"><span class='ocrx_word' id='word_1_610' title='bbox 2006 4008 2086 4062; x_wconf 84' lang='lat' dir='ltr'><strong>De</strong></span> <span class='ocrx_word' id='word_1_611' title='bbox 2135 4007 2316 4060; x_wconf 80' lang='lat' dir='ltr'><strong>ordine</strong></span> <span class='ocrx_word' id='word_1_612' title='bbox 2349 4003 2603 4059; x_wconf 82' lang='lat' dir='ltr'><strong>matutini</strong></span> <span class='ocrx_word' id='word_1_613' title='bbox 2632 4004 2804 4072; x_wconf 71' lang='lat' dir='ltr'><strong>ofﬁcii,</strong></span> <span class='ocrx_word' id='word_1_614' title='bbox 2831 4013 2878 4059; x_wconf 83' lang='lat' dir='ltr'><strong>et</strong></span> <span class='ocrx_word' id='word_1_615' title='bbox 2912 4006 3138 4072; x_wconf 87' lang='lat' dir='ltr'><strong>primum</strong></span> <span class='ocrx_word' id='word_1_616' title='bbox 3175 4003 3301 4072; x_wconf 86' lang='lat' dir='ltr'><strong>quid</strong></span> <span class='ocrx_word' id='word_1_617' title='bbox 3330 4002 3587 4072; x_wconf 69' lang='lat' dir='ltr'><strong>signiﬁcat</strong></span> 
     </span>
    </p>
   </div>
   <div class='ocr_carea' id='block_1_87' title="bbox 2076 4073 3588 4145">
    <p class='ocr_par' dir='ltr' id='par_1_87' title="bbox 2076 4073 3588 4145">
     <span class='ocr_line' id='line_1_87' title="bbox 2076 4073 3588 4145; baseline -0.005 -13"><span class='ocrx_word' id='word_1_618' title='bbox 2076 4077 2201 4132; x_wconf 76' lang='lat' dir='ltr'><strong>uela</strong></span> <span class='ocrx_word' id='word_1_619' title='bbox 2242 4087 2519 4145; x_wconf 83' lang='lat' dir='ltr'><strong>portarum</strong></span> <span class='ocrx_word' id='word_1_620' title='bbox 2560 4075 2737 4144; x_wconf 77' lang='lat' dir='ltr'><strong>templi</strong></span> <span class='ocrx_word' id='word_1_621' title='bbox 2769 4077 2999 4143; x_wconf 80' lang='lat' dir='ltr'><strong>aperiri,</strong></span> <span class='ocrx_word' id='word_1_622' title='bbox 3036 4085 3193 4143; x_wconf 80' lang='lat' dir='ltr'><strong>atque</strong></span> <span class='ocrx_word' id='word_1_623' title='bbox 3232 4090 3323 4144; x_wconf 82' lang='lat' dir='ltr'><strong>per</strong></span> <span class='ocrx_word' id='word_1_624' title='bbox 3355 4073 3474 4128; x_wconf 79' lang='lat' dir='ltr'><strong>illas</strong></span> <span class='ocrx_word' id='word_1_625' title='bbox 3506 4074 3588 4126; x_wconf 83' lang='lat' dir='ltr'><strong>in-</strong></span> 
     </span>
    </p>
   </div>
   <div class='ocr_carea' id='block_1_88' title="bbox 2074 4146 2880 4215">
    <p class='ocr_par' dir='ltr' id='par_1_88' title="bbox 2074 4146 2880 4215">
     <span class='ocr_line' id='line_1_88' title="bbox 2074 4146 2880 4215; baseline -0.006 -14"><span class='ocrx_word' id='word_1_626' title='bbox 2074 4148 2258 4210; x_wconf 81' lang='lat' dir='ltr'><strong>troire,</strong></span> <span class='ocrx_word' id='word_1_627' title='bbox 2287 4157 2334 4200; x_wconf 86' lang='lat' dir='ltr'><strong>et</strong></span> <span class='ocrx_word' id='word_1_628' title='bbox 2361 4146 2584 4215; x_wconf 67' lang='lat' dir='ltr'><strong>summa.</strong></span> <span class='ocrx_word' id='word_1_629' title='bbox 2873 4179 2880 4186; x_wconf 84' lang='lat'><strong>-</strong></span> 
     </span>
    </p>
   </div>
   <div class='ocr_carea' id='block_1_89' title="bbox 2079 4222 3585 4305">
    <p class='ocr_par' dir='ltr' id='par_1_89' title="bbox 2079 4222 3585 4305">
     <span class='ocr_line' id='line_1_89' title="bbox 2079 4222 3585 4305; baseline -0.002 -12"><span class='ocrx_word' id='word_1_630' title='bbox 2079 4239 2146 4293; x_wconf 86' lang='lat' dir='ltr'><strong>Et.</strong></span> <span class='ocrx_word' id='word_1_631' title='bbox 2178 4239 2258 4294; x_wconf 89' lang='lat' dir='ltr'><strong>sic</strong></span> <span class='ocrx_word' id='word_1_632' title='bbox 2289 4247 2616 4292; x_wconf 82' lang='lat' dir='ltr'><strong>nocturnum</strong></span> <span class='ocrx_word' id='word_1_633' title='bbox 2648 4237 2926 4305; x_wconf 86' lang='lat' dir='ltr'><strong>perficitur</strong></span> <span class='ocrx_word' id='word_1_634' title='bbox 2953 4237 3211 4291; x_wconf 79' lang='lat' dir='ltr'><strong>ofiicinm.</strong></span> <span class='ocrx_word' id='word_1_635' title='bbox 3250 4237 3427 4291; x_wconf 74' lang='lat' dir='ltr'><strong>Porta:</strong></span> <span class='ocrx_word' id='word_1_636' title='bbox 3457 4222 3585 4292; x_wconf 79' lang='lat' dir='ltr'><strong>vero</strong></span> 
     </span>
    </p>
   </div>
   <div class='ocr_carea' id='block_1_90' title="bbox 2006 4330 3583 4401">
    <p class='ocr_par' dir='ltr' id='par_1_90' title="bbox 2006 4330 3583 4401">
     <span class='ocr_line' id='line_1_90' title="bbox 2006 4330 3583 4401; baseline -0.003 -14"><span class='ocrx_word' id='word_1_637' title='bbox 2006 4332 2195 4401; x_wconf 89' lang='lat' dir='ltr'><strong>templi</strong></span> <span class='ocrx_word' id='word_1_638' title='bbox 2233 4330 2560 4400; x_wconf 87' lang='lat' dir='ltr'><strong>aperiuntur</strong></span> <span class='ocrx_word' id='word_1_639' title='bbox 2587 4341 2842 4398; x_wconf 86' lang='lat' dir='ltr'><strong>tanquam</strong></span> <span class='ocrx_word' id='word_1_640' title='bbox 2876 4330 3098 4395; x_wconf 83' lang='lat' dir='ltr'><strong>coelum,</strong></span> <span class='ocrx_word' id='word_1_641' title='bbox 3129 4338 3186 4386; x_wconf 86' lang='lat' dir='ltr'><strong>et</strong></span> <span class='ocrx_word' id='word_1_642' title='bbox 3210 4330 3355 4385; x_wconf 85' lang='lat' dir='ltr'><strong>velut</strong></span> <span class='ocrx_word' id='word_1_643' title='bbox 3384 4345 3412 4382; x_wconf 89' lang='lat' dir='ltr'><strong>a</strong></span> <span class='ocrx_word' id='word_1_644' title='bbox 3443 4339 3583 4384; x_wconf 85' lang='lat' dir='ltr'><strong>terra</strong></span> 
     </span>
    </p>
   </div>
   <div class='ocr_carea' id='block_1_91' title="bbox 301 4422 1892 4501">
    <p class='ocr_par' dir='ltr' id='par_1_91' title="bbox 301 4427 1892 4501">
     <span class='ocr_line' id='line_1_91' title="bbox 301 4427 1892 4501; baseline -0.001 -19"><span class='ocrx_word' id='word_1_645' title='bbox 301 4430 378 4493; x_wconf 82' lang='grc' dir='ltr'>ὡς</span> <span class='ocrx_word' id='word_1_646' title='bbox 406 4431 520 4485; x_wconf 80' lang='grc' dir='ltr'><strong>ἀπὸ</strong></span> <span class='ocrx_word' id='word_1_647' title='bbox 551 4432 650 4501; x_wconf 85' lang='grc' dir='ltr'><strong>τῆς</strong></span> <span class='ocrx_word' id='word_1_648' title='bbox 671 4431 773 4499; x_wconf 82' lang='grc' dir='ltr'>γῆς</span> <span class='ocrx_word' id='word_1_649' title='bbox 795 4431 872 4492; x_wconf 83' lang='grc' dir='ltr'><strong>εἰς</strong></span> <span class='ocrx_word' id='word_1_650' title='bbox 911 4430 1075 4483; x_wconf 81' lang='grc' dir='ltr'>αὐτὸν</span> <span class='ocrx_word' id='word_1_651' title='bbox 1105 4429 1487 4499; x_wconf 76' lang='grc' dir='ltr'>εἰσερχόμεθα.</span> <span class='ocrx_word' id='word_1_652' title='bbox 1521 4427 1681 4482; x_wconf 82' lang='grc' dir='ltr'>Καθὰ</span> <span class='ocrx_word' id='word_1_653' title='bbox 1709 4428 1774 4499; x_wconf 78' lang='grc' dir='ltr'><strong>δὴ</strong></span> <span class='ocrx_word' id='word_1_654' title='bbox 1801 4427 1892 4483; x_wconf 78' lang='grc' dir='ltr'><strong>καί</strong></span> 
     </span>
    </p>
   </div>
   <div class='ocr_carea' id='block_1_92' title="bbox 1997 4422 3584 4501">
    <p class='ocr_par' dir='ltr' id='par_1_92' title="bbox 2006 4422 3584 4493">
     <span class='ocr_line' id='line_1_92' title="bbox 2006 4422 3584 4493; baseline -0.002 -14"><span class='ocrx_word' id='word_1_655' title='bbox 2006 4425 2059 4479; x_wconf 88' lang='lat' dir='ltr'><strong>itt</strong></span> <span class='ocrx_word' id='word_1_656' title='bbox 2115 4423 2250 4478; x_wconf 90' lang='lat' dir='ltr'><strong>illud</strong></span> <span class='ocrx_word' id='word_1_657' title='bbox 2305 4422 2664 4492; x_wconf 82' lang='lat' dir='ltr'><strong>ingredimur,</strong></span> <span class='ocrx_word' id='word_1_658' title='bbox 2707 4423 3166 4493; x_wconf 87' lang='lat' dir='ltr'><strong>quemadmodum</strong></span> <span class='ocrx_word' id='word_1_659' title='bbox 3217 4431 3273 4478; x_wconf 91' lang='lat' dir='ltr'><strong>et</strong></span> <span class='ocrx_word' id='word_1_660' title='bbox 3316 4433 3444 4478; x_wconf 90' lang='lat' dir='ltr'><strong>tunc</strong></span> <span class='ocrx_word' id='word_1_661' title='bbox 3492 4422 3584 4491; x_wconf 80' lang='lat' dir='ltr'><strong>qui</strong></span> 
     </span>
    </p>
   </div>
   <div class='ocr_carea' id='block_1_93' title="bbox 305 4519 1895 4591">
    <p class='ocr_par' dir='ltr' id='par_1_93' title="bbox 305 4519 1895 4591">
     <span class='ocr_line' id='line_1_93' title="bbox 305 4519 1895 4591; baseline -0.001 -15"><span class='ocrx_word' id='word_1_662' title='bbox 305 4523 432 4576; x_wconf 84' lang='grc' dir='ltr'>τότε</span> <span class='ocrx_word' id='word_1_663' title='bbox 485 4522 906 4591; x_wconf 75' lang='grc' dir='ltr'>ἀρπαγήσονται</span> <span class='ocrx_word' id='word_1_664' title='bbox 960 4523 1009 4575; x_wconf 86' lang='grc' dir='ltr'><strong>οἰ</strong></span> <span class='ocrx_word' id='word_1_665' title='bbox 1061 4519 1155 4574; x_wconf 90' lang='grc' dir='ltr'><strong>τοῦ</strong></span> <span class='ocrx_word' id='word_1_666' title='bbox 1222 4519 1460 4590; x_wconf 83' lang='grc' dir='ltr'>Χριστοῦ</span> <span class='ocrx_word' id='word_1_667' title='bbox 1519 4521 1578 4573; x_wconf 77' lang='grc' dir='ltr'>ὲν</span> <span class='ocrx_word' id='word_1_668' title='bbox 1617 4520 1895 4589; x_wconf 80' lang='grc' dir='ltr'>νεφέλαις.</span> 
     </span>
    </p>
   </div>
   <div class='ocr_carea' id='block_1_94' title="bbox 310 4611 1899 4697">
    <p class='ocr_par' dir='ltr' id='par_1_94' title="bbox 310 4611 1899 4697">
     <span class='ocr_line' id='line_1_94' title="bbox 310 4611 1899 4697; baseline -0.002 -30"><span class='ocrx_word' id='word_1_669' title='bbox 310 4616 425 4667; x_wconf 76' lang='grc' dir='ltr'><strong>Καὶ</strong></span> <span class='ocrx_word' id='word_1_670' title='bbox 456 4613 598 4668; x_wconf 79' lang='grc' dir='ltr'>οὕτω</span> <span class='ocrx_word' id='word_1_671' title='bbox 630 4615 860 4668; x_wconf 83' lang='grc' dir='ltr'>πάντοτε</span> <span class='ocrx_word' id='word_1_672' title='bbox 895 4613 993 4668; x_wconf 78' lang='grc' dir='ltr'>σὺν</span> <span class='ocrx_word' id='word_1_673' title='bbox 1047 4613 1244 4697; x_wconf 56' lang='grc' dir='ltr'>Κυρίιε</span> <span class='ocrx_word' id='word_1_674' title='bbox 1266 4611 1503 4682; x_wconf 79' lang='grc' dir='ltr'>ἐσόμεθα</span> <span class='ocrx_word' id='word_1_675' title='bbox 1537 4629 1549 4643; x_wconf 84' lang='lat'><strong><em>°</em></strong></span> <span class='ocrx_word' id='word_1_676' title='bbox 1590 4613 1685 4668; x_wconf 75' lang='grc' dir='ltr'>καὶ</span> <span class='ocrx_word' id='word_1_677' title='bbox 1714 4614 1788 4674; x_wconf 83' lang='grc' dir='ltr'>ὡς</span> <span class='ocrx_word' id='word_1_678' title='bbox 1814 4629 1899 4665; x_wconf 90' lang='grc' dir='ltr'>νε-</span> 
     </span>
    </p>
   </div>
   <div class='ocr_carea' id='block_1_95' title="bbox 311 4704 1896 4776">
    <p class='ocr_par' dir='ltr' id='par_1_95' title="bbox 311 4704 1896 4776">
     <span class='ocr_line' id='line_1_95' title="bbox 311 4704 1896 4776; baseline 0 -19"><span class='ocrx_word' id='word_1_679' title='bbox 311 4706 450 4775; x_wconf 78' lang='grc' dir='ltr'>φέλη</span> <span class='ocrx_word' id='word_1_680' title='bbox 485 4705 541 4759; x_wconf 83' lang='grc' dir='ltr'><strong>δὲ</strong></span> <span class='ocrx_word' id='word_1_681' title='bbox 573 4705 633 4758; x_wconf 75' lang='grc' dir='ltr'>τὸ</span> <span class='ocrx_word' id='word_1_682' title='bbox 673 4705 944 4775; x_wconf 83' lang='grc' dir='ltr'>θυμίαμα,</span> <span class='ocrx_word' id='word_1_683' title='bbox 977 4705 1038 4760; x_wconf 86' lang='grc' dir='ltr'><strong>τδ</strong></span> <span class='ocrx_word' id='word_1_684' title='bbox 1064 4704 1286 4776; x_wconf 83' lang='grc' dir='ltr'>Πνεῦμα</span> <span class='ocrx_word' id='word_1_685' title='bbox 1314 4705 1374 4758; x_wconf 85' lang='grc' dir='ltr'>τὸ</span> <span class='ocrx_word' id='word_1_686' title='bbox 1396 4705 1550 4773; x_wconf 75' lang='grc' dir='ltr'>ἅγιον</span> <span class='ocrx_word' id='word_1_687' title='bbox 1603 4704 1896 4760; x_wconf 78' lang='grc' dir='ltr'>ἐκτυποῦν·</span> 
     </span>
    </p>
   </div>
   <div class='ocr_carea' id='block_1_96' title="bbox 304 4795 1898 4868">
    <p class='ocr_par' dir='ltr' id='par_1_96' title="bbox 304 4795 1898 4868">
     <span class='ocr_line' id='line_1_96' title="bbox 304 4795 1898 4868; baseline -0.003 -18"><span class='ocrx_word' id='word_1_688' title='bbox 304 4796 448 4850; x_wconf 78' lang='grc' dir='ltr'><strong>ἀλλὰ</strong></span> <span class='ocrx_word' id='word_1_689' title='bbox 480 4796 571 4849; x_wconf 79' lang='grc' dir='ltr'>καὶ</span> <span class='ocrx_word' id='word_1_690' title='bbox 606 4795 666 4847; x_wconf 82' lang='grc' dir='ltr'>τὸ</span> <span class='ocrx_word' id='word_1_691' title='bbox 701 4795 1053 4868; x_wconf 81' lang='grc' dir='ltr'>μεταδοτικὸν</span> <span class='ocrx_word' id='word_1_692' title='bbox 1076 4796 1175 4864; x_wconf 77' lang='grc' dir='ltr'>τῆς</span> <span class='ocrx_word' id='word_1_693' title='bbox 1211 4795 1364 4858; x_wconf 87' lang='grc' dir='ltr'>θείας</span> <span class='ocrx_word' id='word_1_694' title='bbox 1393 4795 1812 4866; x_wconf 84' lang='grc' dir='ltr'>αὐτοῦ’χάριτός</span> <span class='ocrx_word' id='word_1_695' title='bbox 1839 4811 1898 4847; x_wconf 86' lang='grc' dir='ltr'><strong>τε</strong></span> 
     </span>
    </p>
   </div>
   <div class='ocr_carea' id='block_1_97' title="bbox 307 4887 1898 4959">
    <p class='ocr_par' dir='ltr' id='par_1_97' title="bbox 307 4887 1898 4959">
     <span class='ocr_line' id='line_1_97' title="bbox 307 4887 1898 4959; baseline -0.001 -17"><span class='ocrx_word' id='word_1_696' title='bbox 307 4891 406 4942; x_wconf 74' lang='grc' dir='ltr'>καὶ</span> <span class='ocrx_word' id='word_1_697' title='bbox 435 4888 692 4956; x_wconf 83' lang='grc' dir='ltr'>εὐῳδίας.</span> <span class='ocrx_word' id='word_1_698' title='bbox 727 4887 904 4950; x_wconf 81' lang='grc' dir='ltr'>Εὐθὺς</span> <span class='ocrx_word' id='word_1_699' title='bbox 940 4889 1049 4959; x_wconf 82' lang='grc' dir='ltr'>γὰρ</span> <span class='ocrx_word' id='word_1_700' title='bbox 1083 4888 1440 4941; x_wconf 76' lang='grc' dir='ltr'>εἰσελθόντων</span> <span class='ocrx_word' id='word_1_701' title='bbox 1467 4889 1749 4954; x_wconf 81' lang='grc' dir='ltr'>ἁπάντων,</span> <span class='ocrx_word' id='word_1_702' title='bbox 1804 4887 1898 4941; x_wconf 93' lang='grc' dir='ltr'><strong>τοῦ</strong></span> 
     </span>
    </p>
   </div>
   <div class='ocr_carea' id='block_1_98' title="bbox 308 4979 1901 5051">
    <p class='ocr_par' dir='ltr' id='par_1_98' title="bbox 308 4979 1901 5051">
     <span class='ocr_line' id='line_1_98' title="bbox 308 4979 1901 5051; baseline -0.002 -16"><span class='ocrx_word' id='word_1_703' title='bbox 308 4982 410 5050; x_wconf 71' lang='grc' dir='ltr'>μὲν</span> <span class='ocrx_word' id='word_1_704' title='bbox 433 4981 854 5050; x_wconf 76' lang='grc' dir='ltr'>καθηγουμένου</span> <span class='ocrx_word' id='word_1_705' title='bbox 885 4981 973 5034; x_wconf 80' lang='grc' dir='ltr'>διὰ</span> <span class='ocrx_word' id='word_1_706' title='bbox 1022 4984 1125 5050; x_wconf 83' lang='grc' dir='ltr'>τῆς</span> <span class='ocrx_word' id='word_1_707' title='bbox 1195 4981 1485 5051; x_wconf 79' lang='grc' dir='ltr'>βασιλικῆς</span> <span class='ocrx_word' id='word_1_708' title='bbox 1517 4980 1684 5050; x_wconf 76' lang='lat'><strong>218</strong></span> <span class='ocrx_word' id='word_1_709' title='bbox 1718 4979 1901 5049; x_wconf 86' lang='grc' dir='ltr'>Πύλης</span> 
     </span>
    </p>
   </div>
   <div class='ocr_carea' id='block_1_99' title="bbox 307 5070 1901 5142">
    <p class='ocr_par' dir='ltr' id='par_1_99' title="bbox 307 5070 1901 5142">
     <span class='ocr_line' id='line_1_99' title="bbox 307 5070 1901 5142; baseline -0.004 -16"><span class='ocrx_word' id='word_1_710' title='bbox 307 5074 386 5137; x_wconf 79' lang='grc' dir='ltr'><strong>ὡς</strong></span> <span class='ocrx_word' id='word_1_711' title='bbox 409 5072 509 5125; x_wconf 88' lang='grc' dir='ltr'><strong>τοῦ</strong></span> <span class='ocrx_word' id='word_1_712' title='bbox 537 5072 776 5142; x_wconf 75' lang='grc' dir='ltr'>Χριστοῦ</span> <span class='ocrx_word' id='word_1_713' title='bbox 807 5071 903 5126; x_wconf 84' lang='grc' dir='ltr'><strong>τοῦ</strong></span> <span class='ocrx_word' id='word_1_714' title='bbox 936 5073 1026 5126; x_wconf 78' lang='grc' dir='ltr'>διὰ</span> <span class='ocrx_word' id='word_1_715' title='bbox 1052 5072 1225 5140; x_wconf 84' lang='grc' dir='ltr'>πύλης</span> <span class='ocrx_word' id='word_1_716' title='bbox 1263 5070 1602 5132; x_wconf 85' lang='grc' dir='ltr'>εἰσελθόντος</span> <span class='ocrx_word' id='word_1_717' title='bbox 1663 5071 1722 5122; x_wconf 83' lang='grc' dir='ltr'>ὲν</span> <span class='ocrx_word' id='word_1_718' title='bbox 1766 5071 1901 5139; x_wconf 81' lang='grc' dir='ltr'>ἡμῖν</span> 
     </span>
    </p>
   </div>
   <div class='ocr_carea' id='block_1_100' title="bbox 307 5159 1901 5234">
    <p class='ocr_par' dir='ltr' id='par_1_100' title="bbox 307 5159 1901 5234">
     <span class='ocr_line' id='line_1_100' title="bbox 307 5159 1901 5234; baseline -0.003 -17"><span class='ocrx_word' id='word_1_719' title='bbox 307 5165 731 5234; x_wconf 81' lang='grc' dir='ltr'>κεκλεισμένης,</span> <span class='ocrx_word' id='word_1_720' title='bbox 763 5165 863 5234; x_wconf 82' lang='grc' dir='ltr'>τῆς</span> <span class='ocrx_word' id='word_1_721' title='bbox 894 5164 1188 5228; x_wconf 85' lang='grc' dir='ltr'>Θεοτόκου,</span> <span class='ocrx_word' id='word_1_722' title='bbox 1230 5163 1325 5216; x_wconf 73' lang='grc' dir='ltr'>καὶ</span> <span class='ocrx_word' id='word_1_723' title='bbox 1351 5162 1462 5214; x_wconf 90' lang='grc' dir='ltr'><strong>τῶν</strong></span> <span class='ocrx_word' id='word_1_724' title='bbox 1490 5159 1739 5230; x_wconf 88' lang='grc' dir='ltr'>οὐρανῶν</span> <span class='ocrx_word' id='word_1_725' title='bbox 1767 5161 1901 5229; x_wconf 78' lang='grc' dir='ltr'>ἡμῖν</span> 
     </span>
    </p>
   </div>
   <div class='ocr_carea' id='block_1_101' title="bbox 312 5250 1900 5318">
    <p class='ocr_par' dir='ltr' id='par_1_101' title="bbox 312 5250 1900 5318">
     <span class='ocr_line' id='line_1_101' title="bbox 312 5250 1900 5318; baseline -0.004 -11"><span class='ocrx_word' id='word_1_726' title='bbox 312 5255 413 5318; x_wconf 76' lang='grc' dir='ltr'>τὰς</span> <span class='ocrx_word' id='word_1_727' title='bbox 438 5254 612 5316; x_wconf 83' lang='grc' dir='ltr'>πύλας</span> <span class='ocrx_word' id='word_1_728' title='bbox 645 5253 982 5318; x_wconf 78' lang='grc' dir='ltr'>ἀνοίξαντος,</span> <span class='ocrx_word' id='word_1_729' title='bbox 1029 5253 1138 5306; x_wconf 89' lang='grc' dir='ltr'><strong>τῶν</strong></span> <span class='ocrx_word' id='word_1_730' title='bbox 1167 5253 1225 5306; x_wconf 78' lang='grc' dir='ltr'><strong>δὲ</strong></span> <span class='ocrx_word' id='word_1_731' title='bbox 1272 5251 1476 5306; x_wconf 88' lang='grc' dir='ltr'>λοιπῶν</span> <span class='ocrx_word' id='word_1_732' title='bbox 1522 5253 1586 5304; x_wconf 78' lang='grc' dir='ltr'>ὲκ</span> <span class='ocrx_word' id='word_1_733' title='bbox 1643 5250 1900 5316; x_wconf 84' lang='grc' dir='ltr'>πλαγίου,</span> 
     </span>
    </p>
   </div>
   <div class='ocr_carea' id='block_1_102' title="bbox 249 5341 1894 5418">
    <p class='ocr_par' dir='ltr' id='par_1_102' title="bbox 249 5341 1894 5418">
     <span class='ocr_line' id='line_1_102' title="bbox 249 5341 1894 5418; baseline -0.006 -17"><span class='ocrx_word' id='word_1_734' title='bbox 249 5375 252 5378; x_wconf 71' lang='lat'><strong><em>~</em></strong></span> <span class='ocrx_word' id='word_1_735' title='bbox 316 5347 394 5410; x_wconf 83' lang='grc' dir='ltr'>ὡς</span> <span class='ocrx_word' id='word_1_736' title='bbox 424 5349 529 5400; x_wconf 83' lang='grc' dir='ltr'>ὐπὸ</span> <span class='ocrx_word' id='word_1_737' title='bbox 551 5348 651 5409; x_wconf 75' lang='grc' dir='ltr'>τὰς</span> <span class='ocrx_word' id='word_1_738' title='bbox 679 5347 956 5418; x_wconf 85' lang='grc' dir='ltr'>πτέρυγας</span> <span class='ocrx_word' id='word_1_739' title='bbox 978 5347 1148 5400; x_wconf 76' lang='grc' dir='ltr'>ὄντων</span> <span class='ocrx_word' id='word_1_740' title='bbox 1170 5345 1334 5398; x_wconf 86' lang='grc' dir='ltr'>αὐτοῦ</span> <span class='ocrx_word' id='word_1_741' title='bbox 1363 5345 1460 5397; x_wconf 72' lang='grc' dir='ltr'>καὶ</span> <span class='ocrx_word' id='word_1_742' title='bbox 1475 5342 1679 5398; x_wconf 80' lang='grc' dir='ltr'>δούλων</span> <span class='ocrx_word' id='word_1_743' title='bbox 1702 5341 1894 5405; x_wconf 86' lang='grc' dir='ltr'>αὐτοῦ,</span> 
     </span>
    </p>
   </div>
   <div class='ocr_carea' id='block_1_103' title="bbox 317 5428 1901 5504">
    <p class='ocr_par' dir='ltr' id='par_1_103' title="bbox 317 5428 1901 5504">
     <span class='ocr_line' id='line_1_103' title="bbox 317 5428 1901 5504; baseline -0.001 -20"><span class='ocrx_word' id='word_1_744' title='bbox 317 5434 346 5484; x_wconf 84' lang='grc' dir='ltr'>ὁ</span> <span class='ocrx_word' id='word_1_745' title='bbox 396 5434 578 5504; x_wconf 77' lang='grc' dir='ltr'>ἱερεὺς</span> <span class='ocrx_word' id='word_1_746' title='bbox 633 5433 744 5487; x_wconf 81' lang='grc' dir='ltr'><strong>ἀπὸ</strong></span> <span class='ocrx_word' id='word_1_747' title='bbox 795 5436 890 5486; x_wconf 82' lang='grc' dir='ltr'><strong>τοῦ</strong></span> <span class='ocrx_word' id='word_1_748' title='bbox 951 5435 1341 5504; x_wconf 83' lang='grc' dir='ltr'>θυσιαστηρίου</span> <span class='ocrx_word' id='word_1_749' title='bbox 1397 5433 1631 5500; x_wconf 83' lang='grc' dir='ltr'>εὐλογεῖ,</span> <span class='ocrx_word' id='word_1_750' title='bbox 1682 5431 1757 5493; x_wconf 86' lang='grc' dir='ltr'>ὠς</span> <span class='ocrx_word' id='word_1_751' title='bbox 1807 5428 1901 5483; x_wconf 90' lang='grc' dir='ltr'><strong>τοῦ</strong></span> 
     </span>
    </p>
   </div>
   <div class='ocr_carea' id='block_1_104' title="bbox 314 5525 1902 5599">
    <p class='ocr_par' dir='ltr' id='par_1_104' title="bbox 314 5525 1902 5599">
     <span class='ocr_line' id='line_1_104' title="bbox 314 5525 1902 5599; baseline -0.002 -20"><span class='ocrx_word' id='word_1_752' title='bbox 314 5525 557 5592; x_wconf 83' lang='grc' dir='ltr'>Χριστοῦ</span> <span class='ocrx_word' id='word_1_753' title='bbox 592 5527 887 5599; x_wconf 78' lang='grc' dir='ltr'>ὑπουργὸς,</span> <span class='ocrx_word' id='word_1_754' title='bbox 923 5528 1090 5582; x_wconf 78' lang='grc' dir='ltr'>αὐτὸν</span> <span class='ocrx_word' id='word_1_755' title='bbox 1135 5529 1372 5593; x_wconf 84' lang='grc' dir='ltr'>εὐλογῶν</span> <span class='ocrx_word' id='word_1_756' title='bbox 1405 5528 1544 5596; x_wconf 68' lang='grc' dir='ltr'>μετὰ</span> <span class='ocrx_word' id='word_1_757' title='bbox 1579 5525 1791 5595; x_wconf 80' lang='grc' dir='ltr'>Πατρός</span> <span class='ocrx_word' id='word_1_758' title='bbox 1841 5541 1902 5577; x_wconf 77' lang='grc' dir='ltr'><strong>τε</strong></span> 
     </span>
    </p>
   </div>
   <div class='ocr_carea' id='block_1_105' title="bbox 319 5616 1905 5690">
    <p class='ocr_par' dir='ltr' id='par_1_105' title="bbox 319 5616 1905 5690">
     <span class='ocr_line' id='line_1_105' title="bbox 319 5616 1905 5690; baseline -0.001 -19"><span class='ocrx_word' id='word_1_759' title='bbox 319 5617 419 5671; x_wconf 81' lang='grc' dir='ltr'>καὶ</span> <span class='ocrx_word' id='word_1_760' title='bbox 451 5618 769 5690; x_wconf 80' lang='grc' dir='ltr'>Πνεύματος</span> <span class='ocrx_word' id='word_1_761' title='bbox 804 5620 1038 5674; x_wconf 78' lang='grc' dir='ltr'>ἐνώπιον</span> <span class='ocrx_word' id='word_1_762' title='bbox 1064 5620 1159 5674; x_wconf 86' lang='grc' dir='ltr'><strong>τοῦ</strong></span> <span class='ocrx_word' id='word_1_763' title='bbox 1204 5619 1396 5690; x_wconf 80' lang='grc' dir='ltr'>θρόνου</span> <span class='ocrx_word' id='word_1_764' title='bbox 1437 5618 1534 5670; x_wconf 70' lang='grc' dir='ltr'>καὶ</span> <span class='ocrx_word' id='word_1_765' title='bbox 1564 5618 1672 5670; x_wconf 85' lang='grc' dir='ltr'><strong>τῶν</strong></span> <span class='ocrx_word' id='word_1_766' title='bbox 1728 5616 1905 5685; x_wconf 85' lang='grc' dir='ltr'>ἁγίων</span> 
     </span>
    </p>
   </div>
   <div class='ocr_carea' id='block_1_106' title="bbox 322 5709 1902 5783">
    <p class='ocr_par' dir='ltr' id='par_1_106' title="bbox 322 5709 1902 5783">
     <span class='ocr_line' id='line_1_106' title="bbox 322 5709 1902 5783; baseline 0.006 -25"><span class='ocrx_word' id='word_1_767' title='bbox 322 5709 652 5776; x_wconf 40' lang='lat' dir='ltr'><strong>(nemihi</strong></span> <span class='ocrx_word' id='word_1_768' title='bbox 668 5713 717 5766; x_wconf 87' lang='grc' dir='ltr'><strong>οἰ</strong></span> <span class='ocrx_word' id='word_1_769' title='bbox 754 5712 855 5781; x_wconf 73' lang='grc' dir='ltr'>μὲν</span> <span class='ocrx_word' id='word_1_770' title='bbox 887 5714 1088 5776; x_wconf 72' lang='grc' dir='ltr'>πάντες</span> <span class='ocrx_word' id='word_1_771' title='bbox 1121 5712 1306 5783; x_wconf 75' lang='grc' dir='ltr'>ᾅδουσι</span> <span class='ocrx_word' id='word_1_772' title='bbox 1341 5711 1430 5764; x_wconf 73' lang='grc' dir='ltr'><strong>τόν</strong></span> <span class='ocrx_word' id='word_1_773' title='bbox 1452 5710 1769 5780; x_wconf 74' lang='grc' dir='ltr'>Τρισάγιον,</span> <span class='ocrx_word' id='word_1_774' title='bbox 1809 5711 1902 5764; x_wconf 74' lang='grc' dir='ltr'>καὶ</span> 
     </span>
    </p>
   </div>
   <div class='ocr_carea' id='block_1_107' title="bbox 2008 4514 3589 4584">
    <p class='ocr_par' dir='ltr' id='par_1_107' title="bbox 2008 4514 3589 4584">
     <span class='ocr_line' id='line_1_107' title="bbox 2008 4514 3589 4584; baseline -0.003 -13"><span class='ocrx_word' id='word_1_775' title='bbox 2008 4524 2138 4572; x_wconf 88' lang='lat' dir='ltr'><strong>sunt</strong></span> <span class='ocrx_word' id='word_1_776' title='bbox 2164 4515 2371 4570; x_wconf 86' lang='lat' dir='ltr'><strong>Christi</strong></span> <span class='ocrx_word' id='word_1_777' title='bbox 2413 4514 2691 4584; x_wconf 87' lang='lat' dir='ltr'><strong>rapientur</strong></span> <span class='ocrx_word' id='word_1_778' title='bbox 2739 4514 2792 4567; x_wconf 91' lang='lat' dir='ltr'><strong>in</strong></span> <span class='ocrx_word' id='word_1_779' title='bbox 2844 4514 3104 4577; x_wconf 90' lang='lat' dir='ltr'><strong>nubibus,</strong></span> <span class='ocrx_word' id='word_1_780' title='bbox 3143 4523 3194 4567; x_wconf 89' lang='lat' dir='ltr'><strong>et</strong></span> <span class='ocrx_word' id='word_1_781' title='bbox 3244 4515 3324 4569; x_wconf 91' lang='lat' dir='ltr'><strong>sic</strong></span> <span class='ocrx_word' id='word_1_782' title='bbox 3372 4529 3589 4582; x_wconf 84' lang='lat' dir='ltr'><strong>semper</strong></span> 
     </span>
    </p>
   </div>
   <div class='ocr_carea' id='block_1_108' title="bbox 2006 4606 3588 4676">
    <p class='ocr_par' dir='ltr' id='par_1_108' title="bbox 2006 4606 3588 4676">
     <span class='ocr_line' id='line_1_108' title="bbox 2006 4606 3588 4676; baseline -0.001 -14"><span class='ocrx_word' id='word_1_783' title='bbox 2006 4623 2130 4662; x_wconf 88' lang='lat' dir='ltr'><strong>cum</strong></span> <span class='ocrx_word' id='word_1_784' title='bbox 2163 4607 2395 4661; x_wconf 87' lang='lat' dir='ltr'><strong>Domino</strong></span> <span class='ocrx_word' id='word_1_785' title='bbox 2442 4607 2692 4672; x_wconf 86' lang='lat' dir='ltr'><strong>erimus;</strong></span> <span class='ocrx_word' id='word_1_786' title='bbox 2745 4606 2960 4661; x_wconf 84' lang='lat' dir='ltr'><strong>suﬂitus</strong></span> <span class='ocrx_word' id='word_1_787' title='bbox 3011 4615 3192 4660; x_wconf 82' lang='lat' dir='ltr'><strong>autem</strong></span> <span class='ocrx_word' id='word_1_788' title='bbox 3226 4607 3380 4676; x_wconf 87' lang='lat' dir='ltr'><strong>quasi</strong></span> <span class='ocrx_word' id='word_1_789' title='bbox 3417 4607 3588 4660; x_wconf 90' lang='lat' dir='ltr'><strong>nubes</strong></span> 
     </span>
    </p>
   </div>
   <div class='ocr_carea' id='block_1_109' title="bbox 2007 4698 3586 4769">
    <p class='ocr_par' dir='ltr' id='par_1_109' title="bbox 2007 4698 3586 4769">
     <span class='ocr_line' id='line_1_109' title="bbox 2007 4698 3586 4769; baseline -0.002 -15"><span class='ocrx_word' id='word_1_790' title='bbox 2007 4715 2121 4769; x_wconf 90' lang='lat' dir='ltr'><strong>quo</strong></span> <span class='ocrx_word' id='word_1_791' title='bbox 2163 4699 2404 4768; x_wconf 86' lang='lat' dir='ltr'><strong>Spiritus</strong></span> <span class='ocrx_word' id='word_1_792' title='bbox 2456 4710 2681 4752; x_wconf 89' lang='lat' dir='ltr'><strong>sanctus</strong></span> <span class='ocrx_word' id='word_1_793' title='bbox 2739 4699 3083 4768; x_wconf 75' lang='lat' dir='ltr'><strong>exprimitur,</strong></span> <span class='ocrx_word' id='word_1_794' title='bbox 3139 4713 3347 4751; x_wconf 88' lang='lat' dir='ltr'><strong>necnon</strong></span> <span class='ocrx_word' id='word_1_795' title='bbox 3387 4698 3586 4751; x_wconf 68' lang='lat' dir='ltr'><strong>divinae</strong></span> 
     </span>
    </p>
   </div>
   <div class='ocr_carea' id='block_1_110' title="bbox 2006 4788 3588 4861">
    <p class='ocr_par' dir='ltr' id='par_1_110' title="bbox 2006 4788 3588 4861">
     <span class='ocr_line' id='line_1_110' title="bbox 2006 4788 3588 4861; baseline -0.001 -16"><span class='ocrx_word' id='word_1_796' title='bbox 2006 4791 2126 4861; x_wconf 85' lang='lat' dir='ltr'><strong>ejus</strong></span> <span class='ocrx_word' id='word_1_797' title='bbox 2156 4793 2344 4860; x_wconf 67' lang='lat' dir='ltr'><strong>gratiae</strong></span> <span class='ocrx_word' id='word_1_798' title='bbox 2368 4791 2607 4858; x_wconf 89' lang='lat' dir='ltr'><strong>bonique</strong></span> <span class='ocrx_word' id='word_1_799' title='bbox 2636 4788 2823 4844; x_wconf 87' lang='lat' dir='ltr'><strong>odoris</strong></span> <span class='ocrx_word' id='word_1_800' title='bbox 2845 4788 3294 4844; x_wconf 87' lang='lat' dir='ltr'><strong>communicatio.</strong></span> <span class='ocrx_word' id='word_1_801' title='bbox 3323 4788 3588 4843; x_wconf 89' lang='lat' dir='ltr'><strong>Omnibus</strong></span> 
     </span>
    </p>
   </div>
   <div class='ocr_carea' id='block_1_111' title="bbox 2007 4878 3589 4948">
    <p class='ocr_par' dir='ltr' id='par_1_111' title="bbox 2007 4878 3589 4948">
     <span class='ocr_line' id='line_1_111' title="bbox 2007 4878 3589 4948; baseline -0.004 -14"><span class='ocrx_word' id='word_1_802' title='bbox 2007 4880 2150 4934; x_wconf 86' lang='lat' dir='ltr'><strong>enim</strong></span> <span class='ocrx_word' id='word_1_803' title='bbox 2189 4879 2476 4948; x_wconf 81' lang='lat' dir='ltr'><strong>ingressis,</strong></span> <span class='ocrx_word' id='word_1_804' title='bbox 2510 4879 2740 4948; x_wconf 56' lang='lat' dir='ltr'><strong>praeside</strong></span> <span class='ocrx_word' id='word_1_805' title='bbox 2790 4878 3007 4947; x_wconf 86' lang='lat' dir='ltr'><strong>quidem</strong></span> <span class='ocrx_word' id='word_1_806' title='bbox 3043 4893 3134 4947; x_wconf 89' lang='lat' dir='ltr'><strong>per</strong></span> <span class='ocrx_word' id='word_1_807' title='bbox 3171 4888 3381 4946; x_wconf 87' lang='lat' dir='ltr'><strong>portam</strong></span> <span class='ocrx_word' id='word_1_808' title='bbox 3439 4894 3589 4948; x_wconf 80' lang='lat' dir='ltr'><strong>rega-</strong></span> 
     </span>
    </p>
   </div>
   <div class='ocr_carea' id='block_1_112' title="bbox 2004 4969 3588 5041">
    <p class='ocr_par' dir='ltr' id='par_1_112' title="bbox 2004 4969 3588 5041">
     <span class='ocr_line' id='line_1_112' title="bbox 2004 4969 3588 5041; baseline -0.003 -14"><span class='ocrx_word' id='word_1_809' title='bbox 2004 4973 2135 5037; x_wconf 88' lang='lat' dir='ltr'><strong>lem,</strong></span> <span class='ocrx_word' id='word_1_810' title='bbox 2184 4973 2331 5026; x_wconf 81' lang='lat' dir='ltr'><strong>velut</strong></span> <span class='ocrx_word' id='word_1_811' title='bbox 2379 4972 2602 5026; x_wconf 87' lang='lat' dir='ltr'><strong>Christo</strong></span> <span class='ocrx_word' id='word_1_812' title='bbox 2637 4987 2733 5041; x_wconf 84' lang='lat' dir='ltr'><strong>per</strong></span> <span class='ocrx_word' id='word_1_813' title='bbox 2780 4981 2995 5040; x_wconf 87' lang='lat' dir='ltr'><strong>portam</strong></span> <span class='ocrx_word' id='word_1_814' title='bbox 3036 4971 3279 5025; x_wconf 86' lang='lat' dir='ltr'><strong>intrante</strong></span> <span class='ocrx_word' id='word_1_815' title='bbox 3325 4970 3378 5023; x_wconf 94' lang='lat' dir='ltr'><strong>in</strong></span> <span class='ocrx_word' id='word_1_816' title='bbox 3431 4969 3588 5022; x_wconf 89' lang='lat' dir='ltr'><strong>nobis</strong></span> 
     </span>
    </p>
   </div>
   <div class='ocr_carea' id='block_1_113' title="bbox 2006 5061 3587 5133">
    <p class='ocr_par' dir='ltr' id='par_1_113' title="bbox 2006 5061 3587 5133">
     <span class='ocr_line' id='line_1_113' title="bbox 2006 5061 3587 5133; baseline -0.002 -15"><span class='ocrx_word' id='word_1_817' title='bbox 2006 5066 2501 5132; x_wconf 69' lang='lat' dir='ltr'><strong>rlausarn,,scilicet</strong></span> <span class='ocrx_word' id='word_1_818' title='bbox 2523 5064 2786 5133; x_wconf 72' lang='lat' dir='ltr'><strong>Dciparzc,</strong></span> <span class='ocrx_word' id='word_1_819' title='bbox 2814 5066 3186 5133; x_wconf 64' lang='lat' dir='ltr'><strong>malorumque</strong></span> <span class='ocrx_word' id='word_1_820' title='bbox 3213 5062 3370 5116; x_wconf 84' lang='lat' dir='ltr'><strong>nobis</strong></span> <span class='ocrx_word' id='word_1_821' title='bbox 3388 5061 3587 5131; x_wconf 84' lang='lat' dir='ltr'><strong>januas</strong></span> 
     </span>
    </p>
   </div>
   <div class='ocr_carea' id='block_1_114' title="bbox 2006 5154 3600 5225">
    <p class='ocr_par' dir='ltr' id='par_1_114' title="bbox 2006 5154 3600 5225">
     <span class='ocr_line' id='line_1_114' title="bbox 2006 5154 3600 5225; baseline 0.001 -16"><span class='ocrx_word' id='word_1_822' title='bbox 2006 5156 2374 5225; x_wconf 76' lang='lat' dir='ltr'><strong>adapericnte,</strong></span> <span class='ocrx_word' id='word_1_823' title='bbox 2407 5157 2618 5210; x_wconf 80' lang='lat' dir='ltr'><strong>caeteris</strong></span> <span class='ocrx_word' id='word_1_824' title='bbox 2653 5171 2782 5208; x_wconf 84' lang='lat' dir='ltr'><strong>vero</strong></span> <span class='ocrx_word' id='word_1_825' title='bbox 2815 5171 2841 5209; x_wconf 90' lang='lat' dir='ltr'><strong>a</strong></span> <span class='ocrx_word' id='word_1_826' title='bbox 2884 5156 3051 5210; x_wconf 84' lang='lat' dir='ltr'><strong>latere</strong></span> <span class='ocrx_word' id='word_1_827' title='bbox 3084 5156 3240 5222; x_wconf 82' lang='lat' dir='ltr'><strong>quasi</strong></span> <span class='ocrx_word' id='word_1_828' title='bbox 3274 5164 3458 5209; x_wconf 78' lang='lat' dir='ltr'><strong>essent</strong></span> <span class='ocrx_word' id='word_1_829' title='bbox 3484 5154 3600 5210; x_wconf 83' lang='lat' dir='ltr'><strong>sub.</strong></span> 
     </span>
    </p>
   </div>
   <div class='ocr_carea' id='block_1_115' title="bbox 2011 5245 3587 5318">
    <p class='ocr_par' dir='ltr' id='par_1_115' title="bbox 2011 5245 3587 5318">
     <span class='ocr_line' id='line_1_115' title="bbox 2011 5245 3587 5318; baseline -0.003 -16"><span class='ocrx_word' id='word_1_830' title='bbox 2011 5249 2115 5302; x_wconf 87' lang='lat' dir='ltr'><strong>alis</strong></span> <span class='ocrx_word' id='word_1_831' title='bbox 2142 5249 2264 5318; x_wconf 77' lang='lat' dir='ltr'><strong>ejus</strong></span> <span class='ocrx_word' id='word_1_832' title='bbox 2293 5259 2346 5301; x_wconf 82' lang='lat' dir='ltr'><strong>et</strong></span> <span class='ocrx_word' id='word_1_833' title='bbox 2373 5249 2517 5302; x_wconf 90' lang='lat' dir='ltr'><strong>illius</strong></span> <span class='ocrx_word' id='word_1_834' title='bbox 2546 5249 2714 5314; x_wconf 77' lang='lat' dir='ltr'><strong>servi,</strong></span> <span class='ocrx_word' id='word_1_835' title='bbox 2738 5247 2996 5303; x_wconf 87' lang='lat' dir='ltr'><strong>sacerdos</strong></span> <span class='ocrx_word' id='word_1_836' title='bbox 3027 5247 3095 5301; x_wconf 91' lang='lat' dir='ltr'><strong>ab</strong></span> <span class='ocrx_word' id='word_1_837' title='bbox 3127 5246 3282 5298; x_wconf 85' lang='lat' dir='ltr'><strong>altari</strong></span> <span class='ocrx_word' id='word_1_838' title='bbox 3316 5245 3587 5299; x_wconf 76' lang='lat' dir='ltr'><strong>bent-dicit</strong></span> 
     </span>
    </p>
   </div>
   <div class='ocr_carea' id='block_1_116' title="bbox 2009 5337 3585 5409">
    <p class='ocr_par' dir='ltr' id='par_1_116' title="bbox 2009 5337 3585 5409">
     <span class='ocr_line' id='line_1_116' title="bbox 2009 5337 3585 5409; baseline -0.001 -18"><span class='ocrx_word' id='word_1_839' title='bbox 2009 5349 2192 5409; x_wconf 89' lang='lat' dir='ltr'><strong>utpote</strong></span> <span class='ocrx_word' id='word_1_840' title='bbox 2216 5337 2422 5394; x_wconf 80' lang='lat' dir='ltr'><strong>Christi</strong></span> <span class='ocrx_word' id='word_1_841' title='bbox 2458 5340 2730 5402; x_wconf 86' lang='lat' dir='ltr'><strong>minister,</strong></span> <span class='ocrx_word' id='word_1_842' title='bbox 2758 5355 2880 5392; x_wconf 90' lang='lat' dir='ltr'><strong>eum</strong></span> <span class='ocrx_word' id='word_1_843' title='bbox 2919 5337 3245 5392; x_wconf 85' lang='lat' dir='ltr'><strong>benedicens</strong></span> <span class='ocrx_word' id='word_1_844' title='bbox 3268 5353 3391 5390; x_wconf 91' lang='lat' dir='ltr'><strong>cum</strong></span> <span class='ocrx_word' id='word_1_845' title='bbox 3429 5337 3585 5389; x_wconf 74' lang='lat' dir='ltr'><strong>l‘atrc</strong></span> 
     </span>
    </p>
   </div>
   <div class='ocr_carea' id='block_1_117' title="bbox 2009 5418 3586 5499">
    <p class='ocr_par' dir='ltr' id='par_1_117' title="bbox 2009 5418 3586 5499">
     <span class='ocr_line' id='line_1_117' title="bbox 2009 5418 3586 5499; baseline 0 -16"><span class='ocrx_word' id='word_1_846' title='bbox 2009 5439 2062 5484; x_wconf 82' lang='lat' dir='ltr'><strong>et</strong></span> <span class='ocrx_word' id='word_1_847' title='bbox 2105 5431 2307 5499; x_wconf 88' lang='lat' dir='ltr'><strong>Spiritu</strong></span> <span class='ocrx_word' id='word_1_848' title='bbox 2347 5431 2402 5484; x_wconf 92' lang='lat' dir='ltr'><strong>in</strong></span> <span class='ocrx_word' id='word_1_849' title='bbox 2438 5439 2736 5499; x_wconf 83' lang='lat' dir='ltr'><strong>conspectu</strong></span> <span class='ocrx_word' id='word_1_850' title='bbox 2771 5429 2950 5483; x_wconf 88' lang='lat' dir='ltr'><strong>throni</strong></span> <span class='ocrx_word' id='word_1_851' title='bbox 2987 5438 3042 5482; x_wconf 87' lang='lat' dir='ltr'><strong>et</strong></span> <span class='ocrx_word' id='word_1_852' title='bbox 3075 5439 3390 5484; x_wconf 86' lang='lat' dir='ltr'><strong>sanctorum</strong></span> <span class='ocrx_word' id='word_1_853' title='bbox 3443 5418 3586 5498; x_wconf 53' lang='lat' dir='ltr'><strong>ej&#39;ns.</strong></span> 
     </span>
    </p>
   </div>
   <div class='ocr_carea' id='block_1_118' title="bbox 2009 5519 3591 5588">
    <p class='ocr_par' dir='ltr' id='par_1_118' title="bbox 2009 5519 3591 5588">
     <span class='ocr_line' id='line_1_118' title="bbox 2009 5519 3591 5588; baseline 0.001 -13"><span class='ocrx_word' id='word_1_854' title='bbox 2009 5522 2075 5576; x_wconf 90' lang='lat' dir='ltr'><strong>Et</strong></span> <span class='ocrx_word' id='word_1_855' title='bbox 2107 5537 2297 5576; x_wconf 86' lang='lat' dir='ltr'><strong>omnes</strong></span> <span class='ocrx_word' id='word_1_856' title='bbox 2329 5529 2551 5574; x_wconf 86' lang='lat' dir='ltr'><strong>cantant</strong></span> <span class='ocrx_word' id='word_1_857' title='bbox 2583 5520 2870 5588; x_wconf 86' lang='lat' dir='ltr'><strong>Trisagion</strong></span> <span class='ocrx_word' id='word_1_858' title='bbox 2923 5537 2984 5576; x_wconf 89' lang='lat' dir='ltr'><strong>ac</strong></span> <span class='ocrx_word' id='word_1_859' title='bbox 3031 5519 3192 5576; x_wconf 80' lang='lat' dir='ltr'><strong>Pater</strong></span> <span class='ocrx_word' id='word_1_860' title='bbox 3229 5533 3434 5586; x_wconf 86' lang='lat' dir='ltr'><strong>noster,</strong></span> <span class='ocrx_word' id='word_1_861' title='bbox 3470 5522 3591 5576; x_wconf 87' lang='lat' dir='ltr'><strong>Tri-</strong></span> 
     </span>
    </p>
   </div>
   <div class='ocr_carea' id='block_1_119' title="bbox 2009 5611 3596 5684">
    <p class='ocr_par' dir='ltr' id='par_1_119' title="bbox 2009 5611 3596 5684">
     <span class='ocr_line' id='line_1_119' title="bbox 2009 5611 3596 5684; baseline 0.001 -16"><span class='ocrx_word' id='word_1_862' title='bbox 2009 5614 2235 5668; x_wconf 85' lang='lat' dir='ltr'><strong>nitatem</strong></span> <span class='ocrx_word' id='word_1_863' title='bbox 2289 5611 2633 5666; x_wconf 85' lang='lat' dir='ltr'><strong>celebrantes</strong></span> <span class='ocrx_word' id='word_1_864' title='bbox 2668 5627 2792 5666; x_wconf 86' lang='lat' dir='ltr'><strong>cum</strong></span> <span class='ocrx_word' id='word_1_865' title='bbox 2843 5613 3068 5684; x_wconf 81' lang='lat' dir='ltr'><strong>angelis,</strong></span> <span class='ocrx_word' id='word_1_866' title='bbox 3106 5623 3159 5669; x_wconf 81' lang='lat' dir='ltr'><strong>et</strong></span> <span class='ocrx_word' id='word_1_867' title='bbox 3209 5613 3461 5668; x_wconf 86' lang='lat' dir='ltr'><strong>traditam</strong></span> <span class='ocrx_word' id='word_1_868' title='bbox 3513 5616 3596 5669; x_wconf 88' lang='lat' dir='ltr'><strong>di-</strong></span> 
     </span>
    </p>
   </div>
   <div class='ocr_carea' id='block_1_120' title="bbox 2011 5705 3595 5782">
    <p class='ocr_par' dir='ltr' id='par_1_120' title="bbox 2011 5705 3595 5782">
     <span class='ocr_line' id='line_1_120' title="bbox 2011 5705 3595 5782; baseline 0.001 -19"><span class='ocrx_word' id='word_1_869' title='bbox 2011 5716 2192 5763; x_wconf 86' lang='lat' dir='ltr'><strong>centes</strong></span> <span class='ocrx_word' id='word_1_870' title='bbox 2223 5709 2546 5764; x_wconf 82' lang='lat' dir='ltr'><strong>orationem.</strong></span> <span class='ocrx_word' id='word_1_871' title='bbox 2585 5705 2656 5763; x_wconf 91' lang='lat' dir='ltr'><strong>Dc</strong></span> <span class='ocrx_word' id='word_1_872' title='bbox 2681 5724 2786 5779; x_wconf 81' lang='lat' dir='ltr'><strong>qua</strong></span> <span class='ocrx_word' id='word_1_873' title='bbox 2819 5707 3053 5780; x_wconf 82' lang='lat' dir='ltr'><strong>Trisagii</strong></span> <span class='ocrx_word' id='word_1_874' title='bbox 3087 5711 3333 5766; x_wconf 87' lang='lat' dir='ltr'><strong>oratione</strong></span> <span class='ocrx_word' id='word_1_875' title='bbox 3361 5709 3595 5782; x_wconf 79' lang='lat' dir='ltr'><strong>dignum</strong></span> 
     </span>
    </p>
   </div>
  </div>
