4034 6192
460 288 558 351 571

1246 291 1627 356 SYiIEONlS
1685 294 2440 363 TlIESSALONlCENSlS
2484 302 2837 360 ARCi-llEP.

3617 296 3717 359 ίιθ8

462 405 560 456 iris
589 419 794 473 suoque
823 404 1066 459 nomine.
1100 403 1160 459 Et
1196 392 1266 459 ita
1299 407 1346 461 si
1377 406 1574 461 festum
1604 409 1821 476 quidem
1855 409 2038 471 fuerit.

2150 413 2257 467 Καὶ
2307 402 2480 473 οὕτως
2532 413 2577 463 εί
2614 413 2711 479 μὲν
2743 411 2926 481 ἑορτὴ,
2975 411 3042 463 τὰ
3077 410 3205 480 περὶ
3240 410 3338 477 τῆς
3379 411 3574 479 ἑορτῆς
3604 412 3720 481 ᾂδε-

464 498 576 550 luec
616 497 681 550 de
723 496 860 552 festo
903 509 1196 553 cautantur
1224 515 1238 567 ;
1267 500 1311 554 si
1367 515 1495 556 vero
1531 501 1703 555 sancti
1753 500 2035 567 cujusdam

466 588 556 638 iiut
589 588 871 650 memoria,
911 589 975 642 de
1004 600 1196 644 sanrto
1227 590 1617 654 concinuntur,
1656 592 1912 659 quoniam
1944 606 2040 660 per

462 680 808 761 incarnatuin
854 690 1046 734 natura
1078 680 1174 735 fuit
1206 682 1565 737 sanctiﬁcata.
1599 684 1666 736 Et
1698 684 1890 737 merito
1927 699 2042 753 my-

462 772 627 827 steria
663 768 1061 829 Nativitatisvct
1104 775 1422 846 Epiphaniae
1457 778 1755 833 Salvatoris
1798 795 1891 847 per
1921 794 2041 832 car-

466 877 587 915 nem
627 863 679 916 in
716 873 873 919 nocte
904 869 1219 934 apparentis
1266 879 1744 937 repraesentantur,
1779 870 2039 939 quoniam

465 955 517 1009 in
552 966 712 1013 nocte
754 957 897 1013 istud
952 959 1160 1014 factum
1197 969 1314 1026 est;
1352 961 1426 1014 ait
1477 962 1621 1016 enim
1662 962 1834 1016 lsaias
1868 982 1881 1015 :
1926 982 1944 1015 ι
1984 961 2038 1016 tn

465 1050 707 1106 tenebris
743 1060 795 1106 et
838 1053 889 1105 iu
925 1056 1114 1106 umbra
1164 1055 1488 1122 ignorantia}
1538 1055 1697 1109 nobis
1726 1056 2042 1110 sedentibus

470 1144 562 1197 lux
604 1159 799 1213 magna
829 1147 1097 1214 apparuit.
1137 1165 1156 1199 ι
1186 1145 1311 1201 Ideo
1337 1155 1391 1201 et
1418 1163 1518 1202 nos
1548 1150 1639 1217 qui
1667 1148 1718 1201 in
1748 1159 1906 1202 nocte
1938 1149 2040 1200 llll-

460 1233 553 1305 jus
586 1235 774 1289 mundi
801 1235 1073 1304 degimus,
1109 1238 1287 1291 media
1316 1248 1477 1292 nocte
1514 1250 1800 1292 venturum
1848 1253 2043 1307 exspe-

467 1335 681 1379 ctamus
713 1327 972 1381 dilectum
1041 1328 1354 1382 animarum
1405 1341 1718 1383 nostrarum
1775 1345 2039 1395 sponsum

466 1427 879 1487 aiuatoremque
914 1430 1182 1474 nostrum.
1220 1420 1422 1488 Sicque
1454 1421 1649 1476 deinde
1683 1421 1933 1475 Psalterii
1962 1437 2041 1476 re-

468 1509 654 1562 citatio
685 1510 994 1575 coniicitur,
1047 1519 1102 1566 et
1150 1520 1272 1581 post
1327 1512 1571 1582 singulos
1613 1522 1735 1568 tres
1784 1514 2042 1581 psalmos,

467 1601 615 1655 dicto
646 1620 664 1653 ι
714 1600 962 1668 Alleluia,
999 1620 1018 1654 ι
1066 1603 1125 1656 lit
1153 1604 1436 1673 doxologia
1469 1622 1483 1659 :
1516 1605 1802 1662 Trinitatis
1827 1608 2044 1676 quidem

467 1708 589 1760 qua:
629 1709 723 1762 per
746 1694 847 1750 has
888 1710 1048 1750 voces
1086 1711 1101 1752 :
1139 1716 1156 1747 ‹
1193 1695 1376 1751 Gloria
1411 1696 1555 1752 Patri
1588 1709 1640 1753 et
1673 1698 1810 1754 Filio
1841 1708 1895 1754 ct
1925 1700 2047 1768 Spi-

2146 520 2272 559 ται·
2306 505 2356 557 εί
2383 505 2426 557 δ’
2461 503 2619 572 ἁγίου
2654 506 2840 572 μνήμη
2885 504 3054 565 τινος,
3112 505 3178 555 τὰ
3210 500 3305 555 τοῦ
3345 502 3527 569 ἁγίου.
3571 502 3721 556 Ἐπεὶ

2142 593 2233 649 διὰ
2272 594 2365 648 τοῦ
2400 595 2773 664 σαρκωοέντος
2810 596 2841 662 ἡ
2892 594 3053 660 φύσις
3082 595 3367 663 ἡγίασται.
3418 596 3529 647 Καὶ
3580 594 3723 647 εἰκόο

2140 702 2251 748 τως
2282 686 2348 739 τὰ
2376 685 2475 753 τῆς
2520 686 2827 754 γεννήσεως
2855 684 2949 737 καὶ
2979 685 3303 753 ἐπιφανείας
3330 684 3426 737 τοῦ
3462 683 3714 752 Σωτῆρος

2147 776 2210 830 τὸ
2251 777 2392 830 κατὰ
2432 776 2611 847 σάρκα
2639 781 2695 829 ὲν
2743 779 2807 846 τῇ
2844 777 3000 829 νυκτὶ
3055 777 3419 830 ὲκτυποῦται·
3472 775 3595 829 ἐπεὶ
3627 776 3722 828 καὶ

2144 871 2199 920 ἐν
2233 870 2386 922 νυκτὶ
2429 869 2796 937 γεγέννηται⁹
2851 870 2933 921 ὅτι
2991 870 3087 921 καὶ
3139 872 3250 931 τοῖς
3292 870 3349 920 ὲν
3399 868 3582 921 σκότει
3633 868 3728 920 καὶ

2145 961 2272 1030 σκιᾷ
2304 960 2400 1027 τῆς
2433 960 2710 1027 ἀγνωσίας
2768 959 3100 1030 καθημένοις
3150 962 3283 1029 ἡμῖν
3341 960 3456 1026 φῶς
3488 958 3548 1010 τὸ
3587 958 3727 1027 μέγα

2144 1052 2433 1118 ἐπέξανεν,
2469 1053 2494 1104 ό
2552 1052 2781 1111 Ἡσαΐας
2825 1053 2977 1122 φησί.
3013 1051 3102 1104 Διὸ
3139 1052 3232 1103 καλ
3271 1050 3321 1103 oi
3347 1048 3423 1111 ώς
3467 1050 3525 1102 ὲν
3572 1049 3728 1100 νυκτὶ

2143 1144 2223 1211 τῷ
2264 1143 2361 1213 βίῳ
2404 1142 2599 1213 τούτῳ,
2652 1143 2708 1196 ὲν
2736 1142 2814 1212 τῷ
2842 1145 2994 1212 μέσῳ
3025 1142 3126 1210 τῆς
3174 1143 3368 1204 νυκτὸς
3424 1141 3600 1193 ἐλθεῖν
3638 1142 3729 1192 τὶν

2143 1234 2417 1302 ἐρώμενον
2436 1234 2565 1301 ἡμῖν
2584 1234 2693 1284 τῶν
2718 1234 2908 1301 ψυχῶν
2928 1233 3163 1301 νυμφίον
3191 1232 3286 1282 καὶ
3311 1230 3470 1301 ἡμῶν
3500 1230 3718 1298 ἐρῶντα

2145 1328 2587 1397 ἀπεκδεχόμεθα.
2624 1329 2733 1381 Καὶ
2766 1326 2912 1379 οὕτω
2935 1324 3174 1393 καθεξῆς
3203 1326 3236 1394 ἦ
3280 1340 3340 1377 τε
3386 1322 3483 1376 τεῦ
3522 1323 3730 1389 eam;-

2149 1437 2242 1486 ρος
2306 1420 2620 1488 στιχολογία
2679 1420 2941 1484 τελεῖται,
2988 1418 3145 1473 ’κατὰ
3177 1420 3325 1488 τρεῖς
3372 1434 3431 1471 τε
3470 1417 3731 1485 ψαλμοὺς

2145 1512 2424 1579 δοξολογία
2458 1512 2597 1582 μετὰ
2644 1512 2706 1564 τὸ
2753 1511 3079 1582 Ἀλληλούῖα
3117 1512 3347 1579 γίνεται,
3371 1511 3466 1579 τῆς
3500 1510 3733 1578 Τριὰδος

2154 1604 2254 1675 μὲν
2285 1603 2374 1658 διὰ
2404 1604 2498 1656 τοῦ
2546 1604 2684 1668 Δόξα
2721 1603 2900 1675 Πατρὶ
2955 1603 3049 1657 καὶ
3096 1604 3209 1671 Υίῷ
3238 1604 3331 1655 καὶ
3382 1602 3523 1672 ἁγίῳ
3557 1600 3731 1653 Πνεύ-

2153 1712 2284 1764 ματι
2318 1695 2807 1763 δοξολογουμένης,
2847 1694 2947 1760 τῆς
3000 1695 3333 1765 σαρκώσεως
3379 1694 3436 1747 δὲ
3484 1692 3579 1746 τοῦ
3627 1692 3736 1765 Λό-

470 1783 596 1839 ritui
639 1795 853 1852 sancto,
890 1803 909 1838 ι
948 1786 1274 1849 celebratur.
1310 1784 1468 1843 Verbi
1503 1806 1629 1843 vero
1659 1791 2049 1847 incarnationis

2152 1806 2250 1856 γου
2276 1788 2364 1841 διὰ
2387 1788 2483 1840 τοῦ
2527 1787 2868 1857 Ἀλληλούῖα,
2903 1790 2932 1842 ὁ
2979 1787 3110 1849 Θεὸς
3141 1786 3364 1857 ἔρχεται
3420 1788 3733 1856 ἑρμηνευο-

468 1887 564 1939 per
592 1874 722 1929 illud
764 1893 782 1926 ι
832 1876 1061 1930 Alleluia
1100 1894 1118 1927 ι
1158 1878 1301 1945 quod
1342 1878 1484 1933 Deus
1538 1882 1684 1934 venit
1718 1882 2044 1950 interpreta-

467 1979 591 2033 tur;
617 1969 760 2037 quod
800 1969 919 2039 ejus
954 1971 1007 2023 in
1047 1979 1244 2025 terram
1278 1973 1568 2026 adventum
1604 1974 1897 2039 signiﬁcnt,
1931 1983 2041 2027 tum

464 2060 703 2128 priorem
762 2074 859 2129 per
910 2076 1130 2115 carnem
1186 2062 1238 2115 in
1292 2073 1611 2132 paupertate
1668 2063 1891 2128 factum,
1929 2075 2040 2118 tum

464 2152 820 2221 posteriorem
861 2167 1024 2221 quem
1075 2152 1128 2206 in
1160 2153 1328 2221 gloria
1364 2154 1677 2207 faciendum
1717 2171 1743 2207 a
1778 2155 1917 2209 caelo
1943 2171 2043 2209 ex-

464 2255 801 2313 spectamus.
849 2242 1045 2301 Postea
1098 2246 1359 2300 lcctiones
1407 2262 1687 2301 sacrorum
1724 2262 2040 2301 sermonum

465 2345 770 2403 ponuntur,
803 2337 859 2391 in
916 2337 1319 2393 institutionem
1361 2337 1598 2407 mysterii
1634 2347 1685 2391 et
1732 2338 2042 2391 enromium

465 2437 783 2483 sanctorum
818 2443 1050 2496 quorum
1082 2429 1350 2484 solemnia
1382 2429 1750 2490 celebrantur,
1785 2428 2041 2497 quoniam

471 2519 525 2573 in
561 2519 657 2573 illo
679 2517 853 2573 futuri
884 2519 1068 2574 saeculi
1102 2520 1429 2588 panegyrico
1457 2529 1511 2572 et
1539 2521 1795 2590 tnystetia
1836 2518 1947 2582 Dci,
1982 2532 2044 2572 ac

468 2611 767 2679 prtesertim
802 2609 1203 2668 incarnationis
1234 2614 1683 2677 celebrabuntur,
1713 2623 1772 2668 et
1799 2628 1924 2667 cum
1962 2612 2045 2667 eis

465 2717 668 2773 agones
694 2714 882 2757 eorum
915 2704 1007 2772 qui
1040 2718 1140 2774 pro
1172 2704 1262 2758 illo
1293 2714 1662 2771 certaverant,
1687 2704 2047 2774 quemadmo-

463 2796 591 2848 dum
629 2796 683 2849 in
726 2795 973 2864 epiuieiis
1020 2797 1163 2867 regis
1193 2806 1246 2852 et
1281 2798 1355 2852 illi
1400 2799 1490 2867 qui
1530 2814 1629 2868 pro
1664 2814 1729 2853 eo
1765 2815 2043 2868 pugnave-

466 2899 614 2942 runt-
650 2890 1065 2943 commemorati
1126 2903 1499 2957 coronantur,
1554 2902 1612 2944 ut
1656 2892 1855 2959 saepius
1908 2891 2046 2945 dixit

464 2981 859 3052 Clirysologus.
888 2979 1089 3037 Verum
1124 2998 1247 3052 posc
1280 2984 1565 3038 lectionem
1608 2993 1856 3038 cantatur
1888 2985 2047 3054 bym-

465 3089 570 3129 nus
599 3073 669 3128 ab
701 3073 787 3129 hls
818 3072 1089 3143 incipiens
1133 3090 1147 3129 :

463 3173 549 3219 est
588 3165 733 3219 velut
786 3165 1059 3234 quoddam
1112 3164 1383 3233 epinicion
1437 3164 1529 3220 Dei
1592 3167 1855 3220 mirabilia
1885 3182 2043 3220 enar-

463 3267 616 3323 rans,
644 3264 698 3311 et
727 3256 780 3310 in
814 3256 1003 3326 primis
1035 3259 1338 3313 animarum
1370 3270 1682 3314 nostrarum
1719 3275 1781 3313 ex
1809 3254 2040 3329 {Egypto

466 3361 663 3417 nempe
691 3359 914 3415 peccato
934 3359 989 3404 et
1012 3364 1201 3405 errore
1226 3350 1291 3404 ad
1315 3349 1473 3404 ﬁdem
1503 3350 1700 3405 Christi
1727 3351 2038 3414 transitum,

467 3440 848 3496 liberationem
911 3453 1155 3498 nostram
1212 3457 1241 3495 a
1302 3442 1583 3497 Pharaone
1635 3452 1688 3496 et
1751 3441 2040 3512 1E3yptiis,

466 3531 688 3586 diabolo
724 3531 934 3587 scilicet
984 3542 1037 3587 et
1068 3532 1431 3595 dzemonibus,
1480 3535 1583 3586 iter
1634 3533 1940 3600 expeditum
1976 3547 2041 3585 ex

467 3624 601 3676 mari
649 3625 1013 3677 teut-itiouum
1066 3623 1186 3678 vita)
1239 3623 1383 3693 quod
1420 3623 1473 3677 in
1529 3625 1698 3687 sicco,
1750 3622 1871 3676 forti
1935 3624 2040 3677 vita

469 3716 751 3785 nullisque
786 3714 1045 3771 ﬂuctibus
1075 3715 1273 3786 agitata
1302 3716 1354 3770 in
1390 3716 1590 3770 virtute
1615 3715 1705 3770 Dei
1740 3725 1789 3770 et
1833 3716 2044 3785 patir-no

470 3810 541 3862 tia
582 3809 997 3864 tribulationum
1032 3809 1176 3864 velut
1219 3807 1370 3876 virga
1411 3810 1591 3863 crucis
1628 3810 1824 3864 virtute
1860 3810 1911 3862 in
1946 3809 2043 3864 ba-

468 3904 671 3971 ptismo
718 3903 956 3957 roborati
1008 3901 1262 3963 facimus,
1317 3902 1690 3956 liberationem
1741 3917 1770 3955 a
1825 3901 2043 3955 deserto

470 3997 676 4065 peccati
737 3997 790 4050 in
842 4011 954 4066 quo
1011 3996 1373 4050 versabantur
1423 4002 1642 4065 propter
1689 4002 1929 4048 nostram
1988 3993 2040 4046 in

470 4094 830 4162 adimplendis
881 4092 1170 4161 preceptis
1218 4092 1534 4160 ignaviam,
1590 4100 1921 4159 nostrasque
1944 4090 2044 4143 ad-

470 4192 664 4237 versus
696 4182 865 4235 Deum
908 4182 1156 4235 laborum
1194 4195 1356 4236 causa
1412 4182 1899 4243 murmuratioues,
1947 4181 2040 4249 qui

472 4286 654 4345 tamen
717 4274 904 4327 nutriti
960 4288 1180 4327 eramus
1234 4273 1404 4327 verbo
1457 4276 1581 4327 vita:
1622 4275 1790 4328 multo
1843 4290 2041 4329 manna

472 4363 836 4433 pra-stantiori
886 4372 935 4414 et
979 4362 1147 4431 potati
1187 4362 1388 4417 ﬂuento
1423 4364 1708 4430 sanguinis
1757 4380 1821 4417 es
1878 4364 2043 4419 latere

2151 1879 2334 1947 μένου,
2365 1878 2393 1931 ὃ
2437 1878 2535 1945 τὴν
2573 1877 2665 1929 ἐπὶ
2716 1875 2822 1946 γῆς
2869 1876 3036 1932 αὑτοῦ
3087 1876 3397 1946 παρουσίαν
3442 1874 3731 1943 σημαίνει,

2146 1972 2246 2042 τήν
2277 1988 2335 2023 τε
2368 1971 2638 2041 πρότερον
2666 1970 2753 2024 διὰ
2794 1970 2999 2035 σαρκὸς
3024 1971 3083 2022 ὲν
3116 1969 3363 2038 πτωχεία
3419 1962 3732 2033 γεγενημέ-

2146 2080 2267 2133 νην,
2304 2063 2400 2116 καὶ
2423 2061 2524 2131 τὴν
2573 2061 2799 2130 ὕστερον
2832 2060 2994 2114 πάλιν
3025 2059 3166 2129 μετὰ
3204 2056 3363 2129 δόξης
3429 2056 3526 2109 ἀπ’
3558 2054 3733 2124 οὐρα-

2151 2156 2243 2208 νοῦ
2276 2156 2369 2222 ὑφ’
2395 2155 2552 2226 ἡμῶν
2584 2153 3052 2223 ἀπεκδεχομένην,.
3104 2151 3216 2207 Καὶ
3256 2150 3594 2218 ἀναγνώσεις
3651 2150 3733 2201 Ee-

2151 2249 2258 2317 ρῶν
2286 2248 2460 2317 λόγων
2488 2246 2757 2311 τίθενται,
2785 2248 2863 2308 είς
2886 2244 3242 2299 διδασκαλίαν
3263 2244 3357 2297 τοῦ
3393 2242 3729 2311 μυστηρίου,

2148 2340 2245 2393 καὶ
2296 2340 2573 2408 ἐγκώμιον
2650 2338 2760 2391 τῶν
2814 2321 3251 2407 ἀνυμνουμένων
3316 2334 3533 2403 ἁγίωνο
3598 2332 3734 2384 ἐπεὶ

2147 2436 2244 2489 καὶ
2274 2436 2331 2487 ὲν
2362 2437 2428 2505 τῇ
2486 2433 2797 2503 πανηγύρει
2840 2433 3023 2502 ἐκείνῃ
3077 2430 3172 2484 τοῦ
3223 2430 3513 2500 μέλλοντος
3565 2428 3598 2497 ἦ
3658 2427 3735 2479 τὰ

2150 2527 2428 2597 μυστήρια
2460 2525 2676 2578 ἔσονται
2726 2523 3154 2591 δοξολογούμενα
3185 2521 3280 2575 τοῦ
3322 2520 3461 2573 Θεοῦ
3522 2522 3614 2573 καὶ
3657 2520 3735 2571 τὰ

2145 2618 2247 2689 τῆς
2276 2618 2754 2687 ’ὲνανθρωπήσεως
2803 2614 3091 2686 μᾶλλον,ἥ
3146 2614 3244 2667 σὺν
3276 2613 3462 2673 αὐτοῖς
3508 2610 3605 2664 καὶ
3656 2612 3737 2664 τὰ
3796 2682 3810 2694 ο

2148 2709 2287 2767 ἆθλα
2323 2713 2431 2765 τῶν
2458 2710 2885 2780 ἀγωνισαμένων
2922 2709 3065 2775 ὑπὲρ
3095 2706 3283 2771 αὑτοῦ,
3315 2702 3481 2774 22υ
3514 2703 3589 2765 ὡς
3626 2705 3732 2755 καὶ

2148 2806 2205 2858 ὲν
2237 2807 2350 2866 τοῖς
2382 2801 2677 2864 ἐπινικίοις
2730 2801 2822 2854 τοῦ
2869 2800 3160 2870 βασιλέως,
3212 2799 3306 2851 καὶ
3351 2798 3401 2849 οἱ
3449 2796 3516 2849 δι’
3561 2794 3736 2852 αὐτὸν

2147 2894 2549 2961 ὲναθλήσαντες
2611 2892 3083 2962 ἀναγορευόμενοι
3150 2887 3573 2958 στεφανοῦνται,
3636 2885 3722 2948 ὡς

2148 2984 2414 3047 πολλάκις
2443 2986 2470 3037 ό
2502 2982 2929 3054 Χρυσορρήμων
2961 2980 3116 3049 φησί.
3164 2978 3322 3033 Μετὰ
3353 2978 3449 3048 τὴν
3475 2976 3734 3041 ἀνάγνω-

1194 3092 1214 3125 ι
1256 3074 1484 3129 Multum
1520 3076 1856 3142 misericors,
1891 3095 1909 3128 ι
1953 3073 2045 3145 qui

2157 3094 2240 3130 σιν
2269 3076 2326 3129 δὲ
2358 3077 2453 3130 καὶ
2485 3076 2513 3128 ὀ
2551 3075 2645 3129 τοῦ
2678 3072 2973 3127 πολυελέου
3008 3072 3199 3159 ᾅδεται
3236 3070 3426 3141 ὕμνος,
3459 3069 3740 3131 ἐπινίκιός

2152 3187 2237 3231 τις
2265 3169 2361 3231 ὢν,
2424 3169 2520 3221 καὶ
2579 3167 2647 3220 τὰ
2675 3166 2772 3219 τοῦ
2806 3164 2944 3218 Θεοῦ
3000 3153 3281 3232 θαύμάσια
3339 3161 3732 3230 διηγούμενος,

2150 3258 2247 3313 καί
2284 3259 2524 3329 μάλιστα
2548 3257 2650 3328 τὴν
2684 3258 2743 3322 ἐξ
2771 3257 3049 3326 Αἰγύπτου
3073 3256 3171 3324 τῆς
3205 3255 3482 3324 ἁμαρτίας
3517 3252 3719 3321 δηλον-

2152 3352 2232 3405 ότι
2305 3352 2399 3404 καὶ
2446 3350 2655 3420 πλάνης
2707 3349 2817 3402 τών
2875 3347 3064 3418 ψυχῶν
3094 3346 3252 3417 ἡμῶν
3309 3347 3447 3415 πρὸς
3486 3343 3585 3413 τὴν
3634 3341 3736 3395 τοῦ

2150 3443 2392 3513 Χριστοῦ
2430 3442 2614 3495 πίστιν
2642 3441 2915 3504 διάϐασιν,
2968 3438 3064 3495 καὶ
3096 3439 3195 3509 τὴν
3261 3439 3325 3491 ὲκ
3382 3436 3476 3489 τοῦ
3524 3435 3740 3503 Φαραὼ

2153 3536 2249 3590 καὶ
2281 3536 2389 3590 τών
2414 3534 2758 3603 Αίγυπτίων,
2790 3531 2887 3586 τοῦ
2933 3531 3181 3586 διαϐόλου
3232 3528 3435 3599 δηλαδὴ
3479 3528 3572 3580 καὶ
3619 3526 3739 3579 τῶν

2150 3629 2444 3699 δαιμόνων,
2488 3626 2808 3697 ἐλευθερίαν
2843 3625 3025 3695 ἡμῶν,
3062 3624 3155 3677 καὶ
3176 3623 3275 3691 τὴν
3311 3622 3375 3673 ὲκ
3396 3621 3492 3687 τῆς
3527 3618 3739 3673 θαλάσο

2153 3739 2252 3791 σης
2283 3721 2393 3773 τῶν
2428 3719 2753 3790 πειρασμῶν
2782 3717 2876 3771 τοῦ
2914 3716 3054 3788 βίου,
3083 3716 3171 3769 διὰ
3199 3714 3395 3784 ξηρᾶς,
3437 3713 3537 3781 τῆς
3572 3714 3737 3780 ἰσχυ-

2157 3816 2255 3883 pi;
2276 3814 2371 3865 καὶ
2392 3812 2714 3879 ἀκυμάντου
2750 3810 2894 3879 ζωῆς
2926 3810 2983 3862 ἐν
3023 3807 3169 3878 ἰσχύϊ
3202 3804 3339 3859 Θεοῦ
3362 3807 3429 3874 τῇ
3459 3805 3737 3873 καρτερίᾳ

2150 3906 2260 3958 τῶν
2327 3903 2560 3972 θλίψεων
2614 3900 2856 3971 εὐσταλῆ
2916 3899 3186 3969 πορείαν,
3249 3896 3326 3959 ὡς
3385 3895 3567 3966 ῥάϐδῳ
3630 3894 3733 3946 τοῦ

2156 3997 2397 4067 σταυροῦ
2432 3999 2496 4064 τῇ
2527 3992 3156 4064 δυνάμειὲνισχυθέντας
3179 3991 3238 4042 ἐν
3260 3989 3337 4059 τῷ
3362 3986 3732 4059 βαπτίσματι,

2153 4080 2247 4141 καὶ
2275 4088 2374 4155 τὴν
2405 4087 2516 4139 ἀπὸ
2539 4086 2638 4153 τῆς
2693 4083 2970 4152 ἐρημικῆς
3008 4079 3307 4141 κακώσεως
3357 4077 3448 4131 διὰ
3506 4077 3607 4145 τὴν
3670 4078 3737 4126 ἐν

2151 4178 2285 4246 ἡμῖν
2311 4175 2591 4246 ρᾳθυμίαν
2613 4176 2671 4226 ὲν
2694 4175 2762 4243 τῇ
2791 4168 3144 4260 ἐκπληρώσει
3181 4169 3291 4221 τῶν
3342 4165 3599 4231 ἐντολῶν,
3633 4165 3735 4217 καὶ

2150 4268 2242 4322 τὸν
2276 4270 2356 4330 είς
2389 4267 2523 4320 Θεὸν
2548 4264 2871 4333 γογγυσμὸν
2909 4264 2997 4316 διὰ
3030 4258 3159 4325 τοῦς
3194 4261 3415 4323 πόνους,
3448 4258 3629 4311 καίτοι
3662 4272 3735 4323 γε

2150 4364 2504 4433 τρεφομένων
2528 4361 2688 4433 ἡμῶν
2726 4359 2805 4429 τῷ
2851 4358 2997 4427 ζωῆς
3032 4358 3187 4427 ἄρτῳ
3243 4355 3385 4425 ὑπὲρ
3431 4353 3490 4406 τὸ
3526 4352 3737 4421 μάννα.

470 4452 672 4507 Christi
700 4451 991 4513 manantis,
1024 4460 1280 4519 tanquam
1321 4467 1385 4505 ex
1428 4453 1526 4506 hac
1557 4454 1662 4506 vita
1691 4454 2044 4519 solutionem,

2152 4456 2263 4508 Καὶ
2292 4451 2673 4522 ποτιζομένων
2710 4450 2788 4521 τῷ
2840 4452 3045 4519 νάματι
3102 4448 3197 4501 τοῦ
3229 4449 3294 4499 ὲκ
3347 4446 3448 4515 τῆς
3482 4444 3734 4512 πλευρᾶς

474 4544 732 4600 Ecclesiae
789 4543 1222 4612 redemptionem
1279 4547 1347 4597 ab
1405 4545 1648 4610 Amalec,
1682 4546 1824 4601 Seon
1876 4556 1932 4601 et
1968 4545 2048 4619 Og

474 4633 669 4702 bisque
698 4632 989 4697 similibus,
1029 4634 1387 4700 Diocletiano,
1418 4633 1737 4703 Maximino,
1785 4638 2046 4707 Apostata

473 4722 738 4796 (Iuliano)
789 4727 1114 4794 ueterisque
1150 4729 1399 4796 tyrannis
1449 4727 1814 4797 impiissimis,
1862 4739 2049 4801 utpote

473 4820 761 4875 destructo
789 4819 1003 4874 illorum
1035 4818 1330 4873 inﬁdelium
1358 4834 1544 4887 regno,
1576 4823 1648 4875 ita
1682 4831 1735 4876 et
1762 4824 2049 4894 tyrannide

473 4911 785 4965 daemonum
819 4909 1019 4979 quibus
1062 4911 1445 4966 tribulationes
1475 4912 1732 4967 accidunt
1758 4915 1962 4970 sanctis
1994 4914 2046 4969 iu

478 5003 581 5057 hac
626 5002 735 5055 vita
768 5011 820 5056 ct
853 5002 1014 5055 varia:
1058 5003 1405 5067 tentationes,
1442 5018 1653 5057 necnon
1704 5006 2045 5060 mansionem

476 5095 528 5149 iu
551 5104 697 5149 terra
727 5095 1133 5163 promissionis,
1164 5106 1217 5150 et
1242 5096 1610 5151 haereditatcm
1644 5098 1920 5153 cmleslem
1953 5114 2050 5167 per

446 5187 660 5243 desum
695 5184 891 5240 Filium
946 5186 1036 5241 Dei
1100 5186 1204 5241 vivi
1257 5189 1346 5257 qui
1395 5200 1480 5243 est
1519 5204 1644 5256 pars
1675 5199 1728 5242 et
1762 5191 2049 5247 litereditas

481 5286 694 5343 nostra,
722 5278 812 5346 qui
866 5294 964 5332 nos
994 5278 1063 5331 ab
1103 5278 1408 5333 inﬁdelibus
1440 5291 1751 5349 segregatos
1786 5283 1852 5335 ad
1887 5282 2053 5336 cmle-

476 5376 611 5421 stem
642 5365 1079 5436 Hierosolymam
1114 5368 1385 5438 perducit,
1419 5371 1714 5423 sacerdotii
1751 5383 1802 5425 et
1840 5372 2051 5426 sacriﬁ-

476 5458 547 5513 cii
580 5458 813 5511 riventis
850 5464 992 5513 dona
1037 5469 1295 5529 tanquam
1336 5477 1563 5530 magnus
1596 5462 1835 5531 pontifex
1886 5463 2049 5533 largi-

479 5560 589 5617 tus,
624 5559 679 5603 ct
716 5561 977 5617 tamquam
1031 5553 1181 5606 solus
1231 5569 1322 5607 rex
1376 5569 1470 5622 per
1505 5565 1759 5608 naturam
1818 5569 2046 5623 regnum

480 5643 723 5695 futurum
771 5641 929 5696 nobis
973 5642 1296 5709 largiturus,
1347 5653 1400 5697 et
1440 5646 1588 5714 regni
1635 5646 1755 5712 ejus
1785 5661 1891 5699 non
1942 5646 2049 5700 erit

481 5733 625 5790 linis.
657 5735 726 5788 At
746 5743 869 5803 post
891 5735 991 5791 ltos
1018 5747 1235 5804 cantus,
1267 5737 1423 5794 electi
1449 5738 1537 5794 alii
1566 5740 1758 5808 psalmi
1784 5746 1838 5796 et
1861 5738 2047 5809 hymni

2150 4543 2389 4615 Χριστοῦ
2420 4544 2676 4613 αἵματος,
2711 4542 2786 4605 ώς
2810 4541 2920 4596 ἀπὸ
2953 4540 3049 4594 τοῦ
3081 4539 3198 4610 βίου
3254 4540 3446 4592 τούτου
3506 4536 3735 4590 ἐλευθε-

2153 4638 2299 4709 ρίαν,
2325 4638 2419 4690 καὶ
2443 4640 2543 4706 τὴν
2570 4637 2633 4688 ὲκ
2658 4635 2754 4687 τοῦ
2778 4632 3028 4703 ’Δμαλὴκ
3057 4634 3150 4685 καὶ
3186 4630 3341 4700 Σηὼν
3374 4630 3466 4684 καὶ
3499 4630 3598 4697 “(ly
3635 4630 3736 4682 καί

2150 4729 2263 4783 τῶν
2290 4727 2496 4797 ὁμοίων
2532 4726 2789 4788 ἐκείνοις,
2823 4722 3220 4793 Διοκλητιανοῦ
3252 4739 3311 4774 τε
3356 4723 3451 4774 καὶ
3481 4721 3729 4789 Μαξιμί-

2151 4837 2244 4875 νου
2284 4821 2379 4872 καὶ
2409 4819 2719 4872 ἁποστάτου
2754 4818 2849 4870 καὶ
2894 4817 3003 4870 τῶν
3035 4815 3240 4868 λοιπῶν
3285 4814 3733 4865 δυσσεϐεστάτων

2152 4912 2434 4982 τυράννων
2464 4950 2478 4975 ,
2536 4912 2636 4980 τῆς
2702 4909 3032 4979 Ἐκκλησίας
3075 4906 3459 4977 ἀπολύτρωσιν
3509 4906 3585 4967 ώς
3631 4906 3734 4972 τῆς

2154 5003 2442 5070 βασιλείας
2477 5003 2704 5055 ἐκείνων
2729 5003 2837 5055 τῶν
2863 5000 3113 5055 ἀπίστων
3146 4997 3586 5067 καταπεσούσης,
3612 4997 3731 5062 ἃμα

2154 5096 2221 5163 τῇ
2255 5093 2529 5163 τυραννίδι
2557 5092 2667 5146 τῶν
2703 5092 3001 5162 δαιμόνων,
3059 5090 3128 5143 δι’
3179 5083 3253 5141 ών
3288 5091 3343 5141 αἱ
3385 5088 3588 5157 θλίψεις
3618 5091 3731 5150 τοῖς

2156 5186 2336 5253 ἁγίοις
2367 5186 2426 5238 ὲν
2454 5185 2592 5256 τῷδε
2624 5185 2705 5255 τῷ
2738 5185 2838 5255 βίῳ
2874 5186 2970 5238 καί¹
3003 5184 3072 5237 τὰ
3112 5180 3333 5235 ποικίλα
3363 5180 3473 5231 τῶν
3503 5194 3729 5249 πειρασο

2158 5280 2295 5351 μῶν,
2317 5281 2413 5333 καὶ
2459 5278 2557 5349 τὴν
2582 5280 2649 5333 ὲκ
2681 5278 2790 5332 τῶν
2840 5275 3164 5349 πειρασμῶν
3197 5292 3257 5328 τε
3288 5273 3383 5326 καὶ
3412 5271 3615 5335 πόνων,
3650 5272 3727 5331 εἰς

2154 5371 2253 5441 τὴν
2280 5371 2384 5439 γῆν
2411 5370 2509 5439 τῆς
2544 5371 2889 5439 ἐπαγγελίας
2906 5369 3333 5439 κατασκήνωσιν
3398 5364 3494 5417 καὶ
3526 5363 3729 5431 κληρου

2154 5468 2350 5538 νομίαν
2383 5468 2477 5521 τὸν
2506 5469 2739 5538 οὐρανὸν
2762 5470 2853 5522 διὰ
2894 5467 3071 5538 Ἰησοῦ
3102 5465 3197 5519 τοῦ
3234 5462 3363 5517 Υίοῦ
3392 5461 3484 5513 τοῦ
3525 5461 3725 5525 ζῶντος

2154 5560 2314 5614 Θεοῦ.
2354 5559 2454 5624 Ὃς
2511 5563 2607 5615 καὶ
2666 5562 2998 5632 κληροδότης
3050 5560 3228 5622 ἔσται,
3265 5558 3359 5609 καὶ
3391 5554 3724 5623 κληρονομία

2155 5654 2312 5722 ἡμῖν,
2343 5655 2440 5708 καὶ
2468 5656 2719 5726 χωρίζων
2753 5658 2903 5725 ἡμᾶς
2935 5654 3046 5707 τῶν
3072 5653 3344 5713 ἀπίστων,
3383 5646 3478 5699 καὶ
3509 5647 3589 5707 εἰς
3627 5645 3724 5712 τὴν

2170 5746 2529 5819 Ἰερουσαλὴμ
2562 5749 2879 5815 ἐμϐιϐάζων
2904 5748 3002 5817 τὴν
3034 5744 3377 5816 ἐπουράνιον,
3410 5738 3506 5791 καὶ
3526 5738 3595 5789 τὰ
3625 5737 3721 5806 τῆς
