4034 6192
375 301 471 354 £6!
1542 303 1641 362 DE
1687 303 1928 363 SACRA
1965 303 2382 362 PliECATIDA
2400 304 2460 365 E.

3523 299 3626 359 5-0

378 412 676 480 ἱερωςύνης
712 415 806 466 καὶ
839 414 1027 478 θυσίας
1054 415 1153 483 τῆς
1189 411 1376 486 ζώσης
1415 416 1491 481 ὡς
1540 419 1714 487 μέγας
1749 419 1940 489 ἱεράρ-

2061 419 2200 474 ’estis
2222 420 2621 474 accommodati
2651 420 2730 472 ve'
2757 417 2963 472 sanctis
2993 414 3346 486 modulantur
3372 413 3464 482 qui
3494 421 3625 468 sunt

378 521 474 574 χης
509 505 823 566 διδοὺς,κα“ι
861 506 936 569 ὡς
962 506 1126 575 μόνος
1177 506 1434 575 βασιλεὺς
1465 509 1608 562 κατὰ
1642 509 1801 577 φύσιν
1826 511 1944 563 δια-

381 597 550 649 οεῖναι
596 597 814 665 μέλλων
845 599 944 665 τὴν
968 599 1252 667 βασιλείαν
1305 602 1405 670 τὴν
1464 601 1792 670 μέλλουσαν.
1835 603 1947 656 Καὶ

377 690 471 754 τῆς
495 689 775 757 βασιλείας
808 689 976 742 αὑτοῦ
1012 691 1114 743 οὐκ
1152 691 1307 743 ἔσται
1332 691 1506 752 τέλος.
1555 693 1710 746 Μετὰ
1768 693 1825 745 δὲ
1879 695 1947 748 τὰ

377 779 595 850 ᾄσματα
627 782 821 846 ταῦτα,
846 784 940 835 καὶ
967 784 1187 850 ὲκλογαὶ
1217 784 1402 853 ἓτεραι
1443 785 1628 854 ῦμνων
1655 786 1949 855 ψαλμικῶν

375 873 713 944 ἁρμόζουσαι
757 877 879 938 ταῖς
914 875 1190 946 ἑορταῖςῆ
1234 877 1346 938 τοῖς
1400 876 1579 943 ἁγίοις
1634 879 1946 948 ἐπᾴδονται.

2049 514 2473 582 prmdicationcs
2511 513 2842 566 mirabilium
2901 511 3014 563 Dei.
3062 509 3260 575 Sicque
3303 507 3627 577 prmdiratur

2051 605 2427 675 Evangelium,
2467 605 2610 674 quod
2671 605 2852 657 omnia
2908 603 3156 670 obsignat
3215 610 3268 654 et
3308 599 3512 667 perlicit
3561 612 3624 650 ac

2053 699 2312 766 mysteria
2344 698 2583 766 profert;
2641 713 2734 764 per
2781 697 2956 764 ipsum
2992 694 3139 759 quod
3178 693 3482 747 celebratur
3516 703 3626 758 my-

2053 791 2280 845 steriqu
2342 791 2542 843 chorea
2596 791 2772 860 agitur
2824 797 2877 840 et
2921 803 3013 856 per
3049 801 3291 840 canones
3333 791 3626 835 cantantur

2055 882 2304 948 epinicia.

377 963 819 1035 προκηρύγματα
868 961 1027 1016 οὖσαι
1095 965 1206 1016 τῶν
1257 965 1582 1035 θαυμασίων
1633 966 1729 1019 τοῦ
1781 967 2079 1021 Θεοῦ.Κα“ι
2113 971 2257 1022 οὕτω
2282 974 2342 1022 τὸ
2376 974 2554 1026 πάντα
2613 971 2922 1041 σφραγίζον
2973 973 3066 1024 καὶ
3119 970 3358 1023 τελειοῦν
3418 970 3516 1024 καὶ
3555 967 3626 1020 τὰ

379 1059 657 1126 μυστήρια
721 1057 1010 1126 παριστῶν
1089 1057 1422 1127 κηρύττεται
1477 1057 1832 1125 Εὑαγγέλιον.
1896 1062 2000 1123 ,Δι’
2055 1062 2226 1116 αὑτοῦ
2297 1065 2355 1116 δὲ
2428 1065 2523 1118 τοῦ
2599 1065 2904 1136 μυστηρίου
2969 1063 3379 1134 φανερωθέντος
3433 1064 3467 1133 η
3531 1079 3625 1132 χο-

378 1153 496 1223 ρεία
527 1150 862 1217 ωνῖσταται,
907 1151 1002 1203 καὶ
1039 1149 1128 1202 διὰ
1171 1149 1281 1202 τῶν
1336 1150 1578 1203 κανόνων
1604 1152 1670 1204 τὰ
1695 1153 1942 1206 ἐπινίκια
1963 1154 2170 1226 ἄδετᾳι.

967 1267 1221 1319 ΚΕΦΑΛ.
1253 1267 1356 1319 ῚἸ’.

378 1361 517 1430 Περὶ
585 1357 706 1414 τῶν
755 1359 828 1414 ἐν
903 1357 1032 1423 τοῖς
1065 1361 1342 1481 ἐκατςόσιν
1394 1357 1706 1428 ᾀδομένων
1781 1357 1954 1421 ᾠδῶν

1099 1447 1266 1481 ννεα.

1099 1447 1266 1482 ννεα.

449 1525 540 1576 Διὸ
567 1523 662 1578 κα)⁵
690 1523 859 1577 πᾶσαι
902 1521 1057 1590 παρὰ
1104 1522 1212 1575 τῶν
1247 1521 1418 1589 ἁγίων
1451 1522 1745 1591 προφητῶν
1778 1520 1954 1590 μελῳ-

375 1615 630 1685 δηθεῖσαι
660 1615 926 1686 πρότερον
956 1614 1373 1683 ἁναμέλπονται
1405 1613 1538 1684 ᾦδαί
1562 1630 1575 1645 ο
1627 1616 1719 1667 καὶ
1755 1614 1946 1684 πρώτη

377 1711 480 1777 μὲν
519 1707 1069 1777 ἠτῆςΜαριὰμ-τοῦ
1103 1707 1380 1770 Μωῦσέως
1440 1708 1531 1760 ἐπὶ
1579 1710 1644 1777 τῇ
1699 1707 1948 1760 διαϐάσει

373 1802 472 1857 τοῦ
524 1802 772 1873 Ἰσραήλο
799 1801 1031 1869 δευτέρα
1066 1800 1122 1853 δὲ
1156 1801 1188 1868 ἡ
1223 1801 1316 1853 τοῦ
1364 1798 1645 1861 Μωῦσέως
1680 1799 1818 1867 μετὰ
1853 1799 1952 1868 τὴν
1984 1795 2026 1849 Β

374 1894 479 1964 τῆς
515 1897 730 1966 ἐρήμου
759 1893 1011 1948 διάϐασιν
1039 1909 1053 1926 ο
1078 1894 1241 1962 τρίτη
1260 1893 1293 1961 ἡ
1323 1892 1424 1961 τῆς
1445 1892 1650 1960 Ἀννης
1683 1891 1823 1960 μετὰ
1853 1891 1952 1959 τῆς

381 1985 727 2054 στειρὼσεως
768 1987 924 2040 λύσιν
973 1989 1068 2041 καὶ
1127 1988 1218 2042 τὸν
1255 1987 1400 2058 ἱερὸν
1456 1987 1668 2056 καρπὸν
1713 1984 1808 2038 τοῦ
1843 1985 1952 2039 Σα-

381 2079 562 2147 μουὴλ
583 2079 1011 2150 εὐχαριστήριος
1042 2081 1324 2150 προσευχὴ
1360 2082 1440 2143 είς
1465 2079 1823 2150 προτύπωσιν
1853 2077 1950 2146 τῆς

379 2170 773 2241 στειρευούσης
811 2172 1081 2241 πρότερον
1145 2170 1497 2240 Ἐκκλησίας.
1533 2170 1642 2222 Ιίαὶ⁵
1702 2185 1955 2240 γεωργη-

380 2263 558 2334 σάσης
591 2264 716 2317 κατ’
746 2264 1106 2333 ἐπαγγελίαν,
1130 2266 1227 2318 καὶ
1243 2262 1510 2332 τεκούσης
1539 2263 1764 2332 ὕστερον
1787 2263 1954 2331 ἱερεῖς

379 2371 441 2409 τε
479 2353 556 2418 ὡς
581 2353 674 2407 τὸν
710 2354 990 2425 Σαμουὴλ,
1021 2354 1120 2407 καὶ
1148 2353 1236 2408 διὰ
1266 2355 1460 2424 ἱερέων
1494 2352 1736 2423 βασιλεῖς
1768 2351 1842 2412 ὡς
1859 2351 1954 2404 τὸν

381 2448 571 2512 Δαδιδ,
601 2449 698 2500 καλ⁸
724 2447 853 2510 τοὺς
882 2449 942 2513 ιξ
966 2446 1153 2510 αὑτοῦ,
1186 2447 1316 2510 τοὺς
1349 2446 1686 2506 ἀποστόλους
1732 2445 1826 2497 καὶ
1881 2444 1956 2496 ἱε-

381 2541 620 2612 ράρχας,
650 2542 744 2594 καὶ
775 2540 844 2592 δι’
875 2541 1062 2594 αὐτῶν
1090 2541 1218 2604 τοὺς
1261 2538 1607 2610 Χριστιανῶν
1657 2537 1900 2608 βασιλεῖς
1935 2551 1949 2566 ο

379 2633 619 2702 τετάρτη
654 2649 713 2685 τε
735 2633 768 2701 η
797 2631 891 2684 τοῦ
919 2631 1257 2700 Ἀὁὸακοὺμ,
1300 2630 1360 2694 ὃς
1395 2630 1484 2682 τὸν
1542 2630 1678 2682 Θεὸν
1708 2631 1772 2682 ὲκ
1817 2629 1954 2681 Θαι-

381 2723 494 2793 μὰν
530 2719 669 2776 εἶδεν
701 2723 760 2789 ἐξ
789 2724 950 2795 δρους
1003 2725 1299 2794 ἐρχόμενον
1344 2723 1667 2788 κατασκίου,
1727 2722 1846 2788 ἦτοι
1896 2719 1956 2784 ἐξ

391 2816 700 2870 ’Δνατολῶν
729 2816 819 2869 τὸν
850 2816 1041 2868 ἄδυτον
1065 2817 1255 2868 Ἥλιον
1286 2814 1520 2884 Χριστὸν
1549 2817 1613 2867 ὲκ
1638 2813 1917 2883 Παρθένου
1936 2827 1950 2842 ⁶

381 2908 616 2978 πέμπτη
650 2908 683 2978 ἠ
712 2906 806 2960 τοῦ
847 2907 1098 2969 Ἡσαΐου,
1128 2907 1184 2971 ὃς
1245 2909 1304 2960 τὸ
1353 2907 1520 2978 τέρας
1567 2905 1952 2976 προήγγειλεν,

379 3000 457 3064 ὡς
496 3019 515 3052 ι
556 3000 690 3053 Ἰδοὺ
721 3002 752 3069 η
785 3000 1065 3068 Παρθένος
1100 3002 1156 3053 ιν
1184 3000 1386 3072 γαστρὶ.
1434 2999 1698 3069 λήψεται,
1729 2999 1826 3052 καὶ
1863 2998 1954 3051 τὸν

391 3093 748 3164 Ἐμμανουήλ
803 3095 1044 3162 τέξεται.
1084 3112 1103 3148 ι
1152 3096 1245 3149 καὶ
1292 3095 1363 3147 τὰ
1414 3095 1580 3148 λοιπὰ
1619 3092 1951 3164 προήγγειλε

381 3185 480 3240 τοῦ
509 3185 824 3257 ἀγαπητοῦ,
861 3188 954 3240 καὶ
987 3186 1085 3258 τὴν
1144 3186 1253 3240 τῶν
1291 3186 1503 3254 νεκρῶν
1555 3185 1910 3249 ἱξανάστασιν
1936 3199 1952 3215 ο

379 3279 517 3348 ἒκτη
547 3279 603 3342 δὲ
631 3282 664 3347 ἡ
695 3280 790 3332 τοῦ
815 3280 970 3332 Ἰωνᾶ
995 3279 1130 3350 ᾠδὴ,
1149 3279 1210 3343 ὃς
1233 3279 1328 3332 τὸν
1359 3272 1676 3350 τριημέρως
1703 3279 1948 3347 ταφέντα

382 3373 479 3422 καὶ
517 3371 833 3427 ἀναστάντα
863 3371 954 3424 διὰ
1001 3370 1098 3424 τοῦ
1159 3372 1358 3438 κήτους
1391 3371 1704 3440 προέγραψε
1727 3387 1742 3402 ο
1785 3369 1879 3423 καὶ
1919 3371 1952 3440 ἡ

381 3463 494 3516 τῶν
536 3462 708 3533 τριῶν
745 3463 956 3518 παίδων
987 3463 1191 3534 ἑϐδόμη
1217 3464 1354 3532 πρὸς
1411 3462 1544 3515 Θεὸν
1573 3464 1832 3534 μελῳδία,
1895 3465 1955 3517 ἐν

382 3559 448 3628 τῇ
473 3558 693 3629 καμίνῳ
745 3560 819 3629 μὴ
860 3557 1239 3628 φλεγομένων,
1295 3557 1377 3620 εἰς
1428 3557 1600 3610 τύπον
1648 3558 1748 3626 τῆς
1803 3556 1956 3619 Θείας

384 3650 719 3721 σαρκώσεως
744 3664 760 3681 ⁸
786 3652 882 3705 καὶ
903 3652 937 3721 ἡ
978 3650 1259 3718 δοξολογία
1287 3649 1469 3704 αὐτῶν
1489 3648 1669 3718 ὀγδόη,
1715 3648 1783 3719 ἢν
1818 3649 1956 3718 μετὰ

385 3745 571 3813 πάσης
611 3743 897 3797 ἐποιοῦντο
937 3744 1036 3807 τῆς
1063 3743 1321 3806 κτίσεως,
1351 3741 1453 3812 τὴν
1485 3741 1584 3809 τῆς
1629 3741 1957 3810 οἰκουμένης

383 3835 606 3903 ἁπὰοης
632 3834 820 3901 σαφῶς
855 3831 1138 3902 δηλοῦντες
1193 3832 1490 3897 ἐπίγνωσιν
1533 3831 1612 3891 είς
1633 3829 1726 3881 τὸν
1757 3845 1961 3896 συγκα-

384 3927 628 3980 ταϐάντα
669 3927 825 3993 Θεὸν,
872 3926 967 4000 κα).
1010 3927 1066 3979 ὲν
1115 3928 1182 3994 τῇ
1241 3925 1461 3994 καμίνῳ
1501 3923 1724 3985 τούτους
1778 3921 1960 3992 δροσί-

389 4035 579 4084 σαντα,
636 4019 776 4073 κατὰ
823 4019 994 4071 τύπον
1041 4017 1132 4070 τοῦ
1188 4019 1482 4087 ἱερωτάτου
1542 4017 1956 4088 βαπτίσματος·

388 4113 482 4164 καὶ
540 4112 734 4180 ὲννάτη
785 4112 842 4164 δὲ
893 4114 926 4183 ἡ
969 4110 1064 4164 τοῦ
1119 4111 1394 4180 Ζαχαρίου
1463 4111 1552 4162 ἐπὶ
1579 4109 1656 4179 τῷ
1694 4107 1792 4177 ισἱῴ
1828 4122 1961 4178 προ·

393 4205 598 4271 φητεὶα
631 4205 685 4256 ἐν
718 4207 784 4274 τῇ
835 4204 1094 4274 γεννήσει
1120 4203 1215 4257 τοῦ
1259 4203 1378 4262 υἱοῦ
1414 4203 1578 4257 αὑτοῦ
1626 4203 1722 4256 τοῦ
1764 4203 1964 4256 Βαπτιο

395 4297 544 4362 ατοῦ,
578 4298 635 4360 ὃς
670 4299 812 4351 κατὰ
841 4299 939 4365 τὴν
971 4297 1168 4367 κλῆσιν
1190 4296 1477 4368 προοίμιον
1527 4297 1622 4350 καὶ⁵
1651 4295 1962 4367 πρόδρομος

387 4389 540 4458 221,
578 4385 648 4461 ἦν
675 4391 772 4459 τῆς
793 4390 1014 4460 χάριτος
1036 4406 1050 4420 ο
1082 4391 1172 4444 καὶ
1201 4391 1298 4443 σὺν
1330 4391 1465 4460 αὐτῇ
1497 4391 1588 4443 καὶ
1618 4389 1724 4459 πρὸ
1758 4390 1962 4458 ταύτης

2599 1274 2826 1329 CAPUT
2879 1275 3075 1330 CCCX.

2055 1369 2129 1422 De
2160 1385 2336 1421 novem
2364 1369 2570 1436 hymnis
2592 1367 2808 1420 Bibtiris.
2829 1369 2917 1436 qui
2943 1384 3005 1419 ex
3030 1367 3300 1420 (Iunonum
3322 1366 3626 1434 μηνίει-ἔρια

2700 1452 2986 1490 canuntur.

2125 1531 2330 1583 Idcirco
2370 1530 2526 1600 prius
2573 1540 2870 1585 cantantur
2919 1532 3133 1585 cantica
3191 1547 3221 1585 ιι
3263 1531 3468 1586 sanctis
3504 1546 3630 1599 pro-

2055 1623 2236 1693 phetis
2297 1623 2568 1678 modulata
2608 1639 2624 1688 ;
2659 1623 2890 1690 primum
2957 1622 3176 1691 quidetu
3235 1621 3418 1676 Mariae
3472 1636 3632 1676 soro-

2061 1717 2134 1770 ris
2168 1715 2388 1784 Moysis,
2439 1714 2566 1768 dum
2607 1715 2773 1770 Israel
2822 1730 2974 1768 mare
3019 1715 3297 1780 transiret,
3333 1715 3628 1791 secundum

2057 1825 2186 1864 vero
2225 1808 2426 1879 Moysis
2477 1815 2598 1878 post
2653 1809 2988 1875 transitum;
3026 1809 3245 1863 tertium
3285 1810 3456 1864 Annae
3505 1815 3631 1877 post

2059 1902 2292 1958 solutam
2344 1902 2688 1956 sterilitatem
2743 1900 3184 1970 productumque
3215 1910 3466 1956 sanctum
3513 1898 3632 1953 fru-

2058 2002 2228 2056 ctum,
2259 2005 2451 2060 nempe
2488 1989 2794 2044 Samuelem
2833 1990 3134 2057 gratiarum
3171 1989 3404 2044 actionis
3431 1987 3626 2054 oratio,

2060 2084 2114 2138 in
2144 2086 2370 2152 lignram
2405 2082 2662 2137 Beelesire.
2715 2081 2865 2150 prius
2897 2079 3101 2134 sterilis
3134 2081 3404 2149 posterius
3446 2089 3629 2136 autent

2059 2176 2416 2245 parturientis
2451 2186 2502 2228 et
2540 2173 2776 2227 ﬁliorum
2831 2173 3085 2237 lsctantis,
3139 2186 3331 2242 nempe
3378 2173 3634 2226 sacerdo-

2059 2279 2173 2324 tum
2207 2266 2481 2322 Samuelis
2516 2267 2708 2330 instar,
2761 2275 2814 2320 et
2846 2271 2959 2334 'per
2994 2264 3309 2320 sacerdotes
3354 2280 3540 2334 regum
3573 2273 3633 2318 ut

2062 2357 2250 2424 David,
2287 2367 2340 2412 et
2375 2357 2601 2414 seminis
2633 2357 2774 2425 ejus,
2811 2358 3292 2426 apostolorumque
3324 2363 3377 2409 et
3411 2353 3633 2423 pontiﬁ-

2059 2467 2204 2516 cum,
2226 2459 2281 2505 et
2318 2467 2412 2522 per
2436 2465 2530 2505 eos
2565 2465 2745 2517 regum
2773 2447 3232 2504 Christianorum.
3255 2445 3522 2512 Quartum
3547 2451 3634 2499 est

2062 2544 2341 2608 Habacuc,
2377 2545 2468 2613 qui
2500 2542 2635 2598 vidit
2672 2541 2840 2596 Deum
2889 2556 2954 2595 ex
3000 2540 3256 2594 Tbarman
3298 2543 3630 2598 venientem.

2059 2633 2126 2687 de
2175 2644 2358 2686 monte
2393 2631 2718 2686 obumbrato
2750 2631 3152 2699 procedentem.
3203 2629 3383 2683 Solem
3423 2627 3633 2683 scilicet

2059 2721 2153 2791 qui
2187 2721 2361 2777 nescit
2387 2735 2641 2776 occasum
2671 2736 2736 2774 ex
2768 2719 2988 2774 Oriente
3009 2720 3076 2775 de
3103 2718 3326 2787 Virgine
3351 2718 3630 2780 Christum

2063 2812 2520 2881 progredientem.
2552 2812 2816 2877 Quintum
2863 2812 3017 2866 Isaia:
3047 2811 3138 2880 qui
3173 2813 3386 2880 signum
3420 2827 3634 2864 annnn-
3705 2839 3712 2848 ς

2063 2906 2215 2960 tiarit
2250 2905 2481 2960 dicensf
2527 2923 2544 2956 ι
2595 2902 2735 2959 Ecce
2772 2903 2932 2972 Virgo
2967 2903 3239 2972 concipiet
3281 2903 3332 2955 in
3368 2911 3540 2965 utero,
3577 2913 3633 2955 ct

2061 2997 2234 3067 parTet
2261 2996 2612 3061 Emmanuel;
2659 3005 2961 3064 creteraque
2989 2997 3052 3049 de
3096 2995 3407 3048 desiderato
3439 2993 3632 3062 praedi-

2063 3091 2139 3144 xit
2193 3105 2254 3144 ac
2309 3097 2650 3144 mortuorum
2691 3090 3176 3145 resurrectionem.
3229 3089 3454 3142 Sextum
3484 3086 3635 3141 Jona:

2056 3182 2147 3251 qui
2197 3196 2293 3250 per
2332 3181 2572 3234 triduum
2639 3182 2885 3250 Sepultus
2915 3182 2970 3234 in
3007 3188 3132 3236 ceto
3170 3180 3632 3234 resurrectiomm

2059 3273 2448 3342 praeliguravit.
2508 3271 2811 3342 Septimum
2865 3283 2952 3328 est
3005 3273 3168 3326 trium
3220 3285 3515 3340 puerorum
3565 3271 3633 3324 ad

2058 3368 2226 3420 Deutn
2260 3366 2538 3420 canticum
2574 3366 2627 3419 in
2660 3365 2884 3420 fornace
2909 3380 3250 3434 nequaquam
3289 3366 3634 3423 adustorum.

2059 3460 2111 3512 in
2158 3461 2382 3528 ttguram
2429 3458 2628 3511 divinae
2663 3457 3078 3511 incarnationis.
3112 3455 3380 3511 Octavum
3407 3467 3500 3510 est
3536 3471 3634 3509 en-

2061 3567 2180 3605 rum
2210 3550 2534 3620 gluriticatio
2574 3564 2884 3619 quamcum
2922 3557 3034 3602 tota
3057 3550 3332 3604 creatione
3367 3547 3634 3612 fecerunt,

2059 3651 2206 3696 recte
2262 3641 2648 3710 patefacicntcs
2708 3641 3074 3708 cognitionem
3147 3641 3418 3696 universa:
3478 3649 3636 3693 terra:

2061 3734 2154 3788 Dei
2201 3735 2294 3803 qui
2341 3751 2465 3788 cum
2514 3734 2592 3789 eis
2625 3734 3053 3804 perambulabat,
3085 3747 3289 3802 eosque
3336 3732 3390 3784 in
3419 3730 3635 3784 camino

2064 3841 2187 3880 rore
2229 3825 2540 3894 Spargebat.
2595 3823 2808 3878 Nonum
2856 3824 3092 3891 denique
3124 3831 3208 3876 est
3250 3819 3532 3876 Zachariae
3569 3819 3638 3872 de

2066 3917 2176 3970 tilio
2206 3915 2600 3984 pr0plietantis,
2642 3915 2694 3966 in
2731 3913 3014 3966 nativitate
3054 3910 3175 3965 Filii
3206 3911 3323 3979 ejus
3355 3909 3632 3978 Baptista'.

2064 4008 2158 4076 qui
2195 4006 2496 4061 secundum
2531 4006 2874 4060 vocationem
2907 4013 3024 4057 erat
3054 4002 3376 4071 prommium
3410 4009 3465 4054 et
3500 4014 3636 4068 pra:-

2063 4115 2256 4155 eursor
2284 4100 2492 4169 gratiae,
2548 4111 2759 4150 necnon
2817 4113 2939 4148 cum
2989 4095 3083 4148 illo
3130 4103 3180 4148 ct
3232 4102 3359 4146 ante
3412 4090 3543 4144 illud
3578 4099 3633 4144 et

2065 4205 2232 4259 super
2271 4188 2478 4253 omnia,
2509 4187 2781 4242 canticum
2813 4187 2931 4255 ejus
2959 4203 3077 4255 quae
3105 4184 3307 4238 eximie
3331 4194 3384 4238 ct
3411 4182 3525 4236 sola
3552 4190 3638 4234 est

2067 4298 2291 4353 prorsus
2337 4281 2661 4334 intemerata
2711 4293 2777 4332 ac
2817 4277 3188 4340 sanctissima,
3213 4284 3380 4330 casta:
3425 4275 3636 4329 scilicet

2067 4375 2312 4444 Deiparze
2343 4372 2525 4426 Mariae
2564 4371 2713 4426 omni
2761 4372 2964 4426 lienore
2992 4369 3348 4440 dignissimae.
3380 4365 3524 4437 quod
3552 4373 3637 4419 est

388 4483 479 4536 καὶ
532 4482 726 4536 πασῶν
777 4483 1090 4552 ἐξαιρέτως,
1144 4484 1242 4552 τῆς
1289 4481 1579 4552 ἐξαιρέτως
1627 4478 1727 4534 καὶ
1783 4481 1953 4551 μόνης

2067 4467 2446 4539 propheticum
2477 4464 2748 4532 simulque
2781 4463 3142 4533 tlteologieum
3167 4471 3547 4529 .sanctmuque
3583 4467 3638 4512 et

390 4576 730 4645 παναμὼμου
758 4577 851 4630 καὶ
883 4575 1190 4644 ὑπεραγίας
1221 4575 1394 4644 ἁγνῆς
1563 4576 1659 4640 τῆς
1691 4573 1956 4626 Θεοτόκου

390 4666 480 4716 καὶ
508 4665 868 4732 ὑπερενδόξου
904 4666 1144 4735 Μαρίας,
1187 4664 1502 4734 προφητική
1543 4681 1600 4714 τε
1638 4664 1732 4714 καὶ
1775 4662 1958 4714 Θεολο-

389 4753 513 4821 γικὴ
546 4754 643 4806 καὶ
674 4755 986 4823 ἡγιασμένη
1024 4755 1116 4806 καὶ
1147 4753 1392 4822 μακαρία
1419 4751 1647 4804 τελοῦσα
1679 4752 1828 4818 παρὰ
1857 4750 1960 4802 πά-

391 4863 503 4909 σας,
535 4845 611 4908 ὡς
662 4846 756 4898 ἐπὶ
814 4845 892 4913 τῷ
941 4844 1290 4914 ἁπειράνδρῳ
1323 4845 1468 4911 τόκῳ
1513 4843 1680 4910 αὐτῆς
1709 4843 1958 4912 ῥηθεῖσι.

408 4931 556 5006 Eu?)
580 4938 733 5007 ἡμῶν
763 4937 856 4991 τοῦ
894 4937 1016 4989 νέου
1047 4934 1262 5004 Ἰσραὴλ
1293 4936 1320 4987 ὁ
1346 4935 1404 5000 ἐξ
1433 4934 1601 5002 αὐτῆς
1633 4937 1960 5002 captiuos-.4,

390 5029 458 5090 ὡς
509 5029 878 5101 ἐπηγγείλατο
921 5029 997 5096 τῷ
1040 5029 1312 5098 Ἀϐραὰμ,
1356 5027 1707 5080 ἀντελάϐετο.
1743 5015 1959 5088 Ταύτας

390 5120 567 5172 τοίνυν
595 5119 695 5182 τὰς
725 5121 878 5172 ἐννέα
907 5119 1070 5190 ᾠδὰς,
1107 5123 1186 5181 εἰς
1211 5120 1433 5188 τρισσδιν
1462 5119 1632 5172 τύπον
1658 5117 1758 5186 τῆς
1787 5119 1959 5188 ὑπερο

393 5209 510 5263 οέου
556 5213 808 5283 Τριάδος,
839 5213 872 5283 ἡ
917 5213 1212 5282 Ἐκκλησία
1241 5212 1366 5263 καθ’
1399 5211 1641 5280 εκάστην
1669 5209 1745 5270 ὡς
1784 5209 1960 5261 ἐπινί-

395 5303 484 5358 κιά
539 5321 600 5356 τε
652 5305 747 5357 καὶ
797 5307 1128 5374 χαριστήρια
1165 5303 1255 5357 διὰ
1287 5302 1396 5355 τῶν
1429 5303 1668 5355 κανόνων
1711 5289 1960 5370 μελῳδεῖ.

396 5396 500 5449 Καὶ
527 5399 676 5466 τρεῖς
707 5400 762 5450 ὲν
784 5398 991 5459 τούτοις
1016 5399 1248 5450 ποιεῖται
1274 5397 1512 5459 στάσεις,
1536 5396 1640 5447 κάν
1663 5395 1837 5464 τούτῳ
1861 5393 1960 5464 τὴν

2063 4575 2174 4630 pra:
2208 4557 2465 4612 omnibus
2511 4571 2858 4626 prosperum,
2906 4563 3091 4622 utpote
3120 4552 3186 4606 de
3215 4560 3478 4619 conceptu
3517 4548 3640 4617 ejus

2065 4655 2184 4708 sine
2231 4650 2439 4706 semine
2472 4649 2667 4703 eﬂ'ecto
2715 4652 3151 4717 pronuntiatum,
3189 4645 3243 4698 in
3273 4659 3384 4712 quo
3412 4655 3512 4696 nos
3543 4655 3639 4694 no-

2064 4761 2190 4798 rum
2236 4743 2402 4798 Israel
2436 4742 2576 4796 Deus
2602 4756 2666 4795 ex
2709 4756 2771 4793 ea
2811 4740 3148 4802 incarnatus,
3179 4733 3637 4806 quemadmodum

2066 4837 2340 4889 Abraham
2383 4836 2716 4903 promissqu
2775 4829 2969 4892 fuerat,
3013 4826 3274 4894 seseepit.
3324 4823 3447 4877 "tce
3477 4823 3640 4890 igitur

2067 4945 2262 4984 novem
2291 4929 2526 4991 cantica,
2570 4927 2624 4979 in
2654 4924 2853 4992 triplex
2890 4923 3103 4992 signum
3136 4917 3492 4974 divinissima:
3521 4914 3641 4968 Tri-

2067 5022 2276 5085 uitatis,
2311 5019 2576 5081 Ecclesia,
2609 5017 2840 5086 singulis
2871 5015 3086 5074 diebus,
3130 5012 3275 5064 velut
3321 5009 3551 5079 epinicia
3587 5017 3641 5061 et

2065 5115 2364 5184 gratiarum
2399 5113 2664 5174 actiones,
2702 5125 2764 5162 ex
2799 5114 3069 5176 pra-cepto
3092 5118 3362 5158 canonum
3397 5101 3640 5153 modula-

2069 5216 2196 5270 tur;
2232 5216 2454 5272 tresque
2508 5202 2560 5254 in
2600 5202 2679 5255 eis
2705 5199 2970 5253 stationes
2998 5196 3148 5260 facit,
3178 5209 3287 5263 quo
3328 5192 3490 5246 etiam
3523 5191 3640 5244 Tri-

2070 5299 2291 5351 nitatem
2329 5297 2585 5356 honorat,
2619 5307 2850 5363 quarum
2879 5305 3039 5341 uuam
3091 5287 3201 5356 agit
3239 5287 3294 5340 in
3339 5286 3447 5340 line
3495 5283 3638 5339 tertii

2073 5389 2297 5455 cantici,
2333 5386 2619 5444 sacerdote
2652 5383 2994 5450 doxologiam
3027 5381 3261 5434 dicente.

397 5489 600 5558 Τριὰδα
652 5492 892 5561 τιμῶσα,
944 5490 1075 5559 μίαν
1104 5489 1202 5558 μὲν
1235 5489 1376 5541 κατὰ
1419 5489 1479 5564 τὸ
1508 5488 1660 5550 τέλος
1720 5489 1816 5557 τῆς
1846 5488 2038 5557 τρίτης
2070 5484 2233 5555 ᾠδῆς,
2268 5481 2363 5537 τοῦ
2399 5482 2585 5550 ἱερέως
2613 5476 3041 5544 δοξολογτιῦντος.

979 5587 1231 5638 ΚΕΦΑΛ.
1263 5584 1412 5637 ΤΙΑ⁸.

887 5677 1025 5745 Περὶ
1069 5675 1469 5745 χαρισμάτων.

469 5765 594 5823 Εἶτα
627 5769 956 5831 καθημένων
988 5774 1080 5823 καὶ
1113 5771 1514 5832 ἁνυμνούντων,
1545 5767 1604 5820 τὸ
1639 5767 1734 5831 μὲν
1759 5766 1851 5819 καὶ
1877 5765 1962 5818 διὰ

2611 5573 2840 5631 CAPUT
2889 5570 3112 5626 (ILCXI.

2078 5671 2150 5724 De
2168 5668 2395 5722 Psalmis
2413 5668 2730 5734 comicisque
2762 5683 2873 5734 (μα’
2893 5682 2923 5717 a
2940 5663 3242 5718 sedentibus
3272 5669 3642 5715 enncruuntur.

2143 5765 2344 5819 Deinde
2403 5761 2722 5815 sedentibus
2770 5759 3036 5824 simulque
3085 5755 3455 5822 laudantibus,
3511 5750 3646 5808 illud
