4034 6192
314 294 412 354 571
1177 284 1564 348 SYMEONIS
1605 283 2366 350 TIIESSALONlCENSIS
2398 292 2752 354 ARCiIIEP.
3465 291 3566 353 5'72

314 405 530 474 quidem
564 413 783 474 propter
817 401 1084 456 modicam
1118 401 1364 470 corporis
1409 400 1650 468 requiem
1677 439 1691 462 ,
1747 397 1891 452 istud

2003 402 2207 472 μικρὰν
2248 403 2346 474 τῆς
2383 405 2584 475 σαρκὸς
2617 405 2946 468 ἀνάπαυσιν,
2977 403 3038 458 τὸ
3071 403 3128 458 δὲ
3175 404 3258 457 ὅτι
3289 403 3385 458 καὶ
3413 405 3584 473 καθη-

317 511 445 548 vero
477 494 737 564 qttoni‘am
766 500 822 546 et
871 492 1129 546 sedentes
1161 501 1216 545 et
1247 499 1458 544 stantes
1481 499 1689 558 oportet
1725 489 1895 544 Deum

316 585 554 648 laudare,
591 601 620 638 e
651 595 964 638 sanctorum
1009 581 1230 650 Scriptis
1283 594 1603 649 argumenta
1653 581 1719 636 de
1757 580 1898 636 festo

316 679 370 731 in
408 691 754 730 communem
795 675 1098 729 doctrinam
1140 677 1412 744 leguntur.

871 789 1101 844 CAPUT
1139 789 1387 844 (ZCCXII.

322 884 395 937 De
423 884 560 938 brevi
586 893 633 936 et
671 881 951 951 diﬂ'usiore
979 884 1051 1004 (lin
1085 894 1330 936 sam-tum
1363 883 1442 936 rei
1470 883 1656 951 festum
1684 867 1922 954 aliquod)

1003 969 1200 1004 tuumo.
1899 996 1902 1000 .

1003 969 1200 1022 tytuno.

391 1048 570 1103 Finito
595 1055 749 1102 sexto
779 1047 996 1100 cantico
1021 1047 1078 1099 fit
1114 1047 1388 1106 similiter.
1413 1047 1691 1100 sacerdote
1730 1047 1899 1101 doxo-
1979 1081 1983 1085 -

320 1143 518 1210 Iogiam
569 1142 819 1206 dicente,
867 1151 923 1194 et
969 1141 1168 1194 dicitur
1224 1141 1382 1193 lectio
1428 1141 1605 1193 brevis
1647 1157 1769 1208 qum
1817 1149 1896 1192 est

321 1235 472 1288 Velut
511 1235 630 1289 laus
693 1235 811 1289 festi
864 1235 919 1286 in
969 1231 1244 1287 versiculo
1278 1241 1579 1295 contracta,
1637 1243 1688 1284 et
1743 1231 1898 1284 lectio

317 1343 538 1396 quoque
565 1327 827 1399 appellata
858 1323 1007 1386 οἶκος
1043 1341 1136 1378 seu
1166 1324 1382 1385 domus,
1420 1330 1608 1392 utpote
1662 1323 1900 1391 comple-

271 1483 282 1494 .
318 1430 472 1476 ctrns
510 1421 562 1474 in
593 1421 883 1488 semetipsa
923 1426 1092 1472 totam
1126 1416 1246 1470 festi
1279 1418 1586 1480 materiam,
1612 1416 1691 1468 vel
1723 1420 1886 1469 vitam

319 1516 586 1582 cujusque
635 1521 989 1572 sanctorum,
1044 1521 1097 1562 et
1149 1509 1202 1561 in
1256 1507 1360 1560 fine
1405 1506 1658 1559 lectionis
1711 1505 1893 1559 brevis

319 1621 470 1660 mora
509 1603 874 1670 interponitur
907 1616 1000 1669 per
1043 1600 1260 1652 brevem
1307 1597 1598 1652 melodiam
1633 1597 1775 1664 qttod
1841 1598 1899 1650 tit

318 1699 480 1752 etiam
512 1698 728 1766 tutando
761 1695 958 1764 legitur
1009 1692 1242 1760 hymnus
1286 1691 1372 1744 cui
1420 1706 1618 1743 nomen
1669 1689 1900 1752 συναξὰ-

322 1806 458 1858 ριον,
501 1791 552 1842 in
605 1804 712 1856 quo
752 1786 1065 1842 summatim
1121 1785 1379 1838 dicuntur
1413 1797 1533 1850 quae
1585 1783 1648 1832 ad
1702 1780 1896 1836 festum

320 1894 568 1950 spvctant
600 1882 677 1934 vel
716 1882 848 1933 Acta
903 1888 1215 1932 sanct0rum
1255 1889 1484 1944 quorum
1529 1875 1581 1926 in
1615 1875 1700 1929 die
1723 1875 1899 1943 agitur

320 1975 610 2034 festivitas,
630 1974 904 2040 simulque
923 1967 1468 2037 comprehenduntur
1485 1975 1546 2020 ut
1570 1968 1620 2020 in
1644 1981 1900 2035 compen-

320 2069 410 2122 dio
433 2083 638 2133 agones
679 2064 796 2130 ejus
820 2064 912 2133 qui
954 2063 1258 2117 celebratur
1280 2072 1334 2116 et
1374 2069 1716 2123 cancrorum,
1749 2074 1812 2113 ac
1846 2060 1898 2114 in

327 2161 562 2215 iambico
597 2161 840 2215 carmine
876 2157 1074 2226 singuli
1131 2171 1318 2210 eorum
1350 2133 1598 2208 laudibus
1627 2168 1896 2207 exornan-

329 2263 440 2307 tur.
492 2254 560 2305 At
613 2263 734 2321 post
777 2261 1028 2304 octavum
1058 2249 1331 2302 canticum
1383 2261 1526 2300 nouo
1575 2245 1892 2315 incipiente,

327 2342 640 2410 magnifirat
690 2341 944 2393 sacerdos
1000 2337 1429 2406 prmstantiorem
1475 2335 1728 2388 omnibus
1771 2350 1897 2388 sau-

325 2434 428 2486 ctis
471 2432 778 2500 Deiparam,
808 2431 896 2484 etti
931 2430 1072 2484 Deus
1105 2445 1228 2482 vere
1265 2427 1391 2480 fecit
1426 2436 1619 2494 magna
1649 2436 1702 2479 et
1735 2425 1901 2478 mira-

323 2522 474 2584 ltilia,
505 2529 690 2588 utpote
715 2536 781 2572 ex
813 2536 874 2572 ea
897 2519 1303 2585 iucarnalusJet
1330 2532 1492 2582 quam
1522 2516 1803 2585 Seraphim
1833 2531 1896 2570 ac

317 2600 612 2667 Cherubim
666 2613 1061 2682 praecellentem
1111 2609 1499 2673 manifestavit,
1537 2609 1693 2676 cujus
1723 2609 1894 2677 gratia

2005 494 2206 559 μένους
2264 495 2359 548 καὶ
2391 496 2717 565 ἱσταμένους
2759 497 2839 550 δεῖ
2885 497 2975 550 τὸν
3016 497 3152 550 Θεὸν
3182 498 3462 566 ἁνυμνεῖν,
3490 498 3577 550 ὅτε

1999 585 2093 636 καὶ
2129 586 2198 637 τά
2228 585 2356 656 περὶ
2399 588 2497 656 τῆς
2544 588 2739 657 ἑορτῆς
2783 589 2865 652 είς
2905 588 3260 644 διδασκαλίαν
3289 588 3472 657 κοινὴν
3513 589 3578 642 ἐκ

2001 676 2106 727 τῶν
2140 677 2311 746 ἁγίων
2342 678 2802 748 ἀναγινώσκεται.

2483 804 2492 810 ~
2581 775 2835 828 ΚΕΦΑΛ.
2878 773 3024 830 ΤῙΒ’.

2353 886 2497 956 Περὶ
2532 887 2857 941 κοντακίου
2892 886 2991 940 καὶ
3028 887 3220 942 οἴκου.

2074 1045 2184 1100 Καὶ
2215 1045 2373 1115 ’μετὰ
2407 1045 2509 1114 τὴν
2545 1045 2712 1113 ἑκτην
2755 1046 3041 1110 ὡσαύτως,
3082 1046 3177 1099 τοῦ
3213 1046 3402 1118 ἱερέως
3433 1048 3578 1114 δοξο-

2001 1137 2309 1204 λογοῦντος,
2351 1138 2412 1189 τὸ
2447 1138 2734 1191 κοντάκιον
2765 1137 3005 1204 λέγεται,
3039 1137 3116 1200 ὠς
3157 1141 3577 1210 συνεπτυγμένη

2003 1233 2060 1283 ἐν
2090 1231 2370 1299 τροπαρίῳ
2402 1227 2644 1296 εὐφημία
2673 1229 2772 1296 τῆς
2805 1229 3001 1299 ἑορτῆς
3028 1243 3042 1260 ·
3087 1228 3181 1282 καὶ
3223 1231 3252 1282 ὁ
3288 1229 3578 1299 λεγόμενος

2001 1316 2172 1384 οἶκος,
2202 1322 2279 1383 ὡς
2328 1321 2601 1390 περιέχων
2651 1321 2709 1382 ἑν
2751 1320 2926 1388 ἑαυτῷ
2972 1322 3180 1384 πάντας
3224 1322 3349 1398 tog;
3387 1323 3578 1390 λόγους

2002 1413 2104 1481 τῆς
2123 1414 2341 1483 ἑορτῆς,
2359 1413 2394 1485 ἢ
2421 1413 2520 1482 τὴν
2553 1412 2738 1482 βιοτὴν
2759 1412 2866 1482 τῶν
2898 1413 3070 1480 ἁγίων
3095 1413 3353 1476 ἑκάστου,
3379 1414 3474 1478 καὶ
3499 1415 3580 1478 είς

2001 1507 2062 1557 τὸ
2080 1506 2230 1568 τέλος
2253 1505 2437 1574 λήγων
2461 1504 2552 1557 τοῦ
2577 1505 2889 1570 κοντακίου,
2916 1506 2972 1556 ἑν
2998 1505 3180 1574 μικρῷ
3206 1506 3577 1575 μελῳδήματιο

2003 1600 2091 1652 ὅτε
2125 1599 2220 1652 καὶ
2250 1598 2312 1651 τὸ
2337 1598 2630 1667 λεγόμενον
2660 1599 3096 1668 ἀναγινώσκεται
3126 1598 3478 1669 Συναξάριον,
3504 1600 3580 1662 ὡς

2005 1692 2036 1760 ἢ
2073 1691 2139 1744 τὰ
2173 1692 2302 1758 περὶ
2332 1691 2431 1756 τῆς
2463 1693 2658 1761 ἑορτῆς
2693 1694 2750 1744 ἑν
2786 1691 3008 1760 συνόψει
3052 1691 3245 1758 λέγων,
3280 1693 3311 1764 ᾗ
3357 1691 3422 1745 τὰ
3453 1693 3580 1762 περὶ

2002 1783 2110 1836 τῶν
2139 1783 2538 1836 τελειωοὲντων
2573 1785 2628 1835 ἑν
2661 1785 2726 1851 τῇ
2756 1783 2943 1854 ἡμέρᾳ
2984 1783 3176 1851 ἁγίων,
3210 1783 3325 1854 ἅμα
3355 1785 3448 1837 καὶ
3483 1782 3576 1837 τοῦ

1999 1874 2396 1943 ἑορταζομὲνου
2433 1875 2527 1926 καὶ
2571 1873 2678 1925 τῶν
2711 1873 2916 1926 λοιπῶν
2954 1875 3010 1925 ἑν
3050 1873 3286 1942 ἐπιτομῇ
3323 1875 3579 1943 περιέχον

1997 1965 2067 2018 τὰ
2102 1965 2425 2034 σκάμματα,
2477 1965 2574 2018 καὶ
2609 1966 2666 2016 ἑν
2708 1964 2924 2033 ἰάμϐοις
2981 1964 3211 2017 ἕκαστον
3262 1963 3444 2016 αὐτῶν
3485 1964 3579 2018 άν-

1997 2058 2207 2128 υμνῶν.
2242 2055 2398 2111 Μετὰ
2420 2057 2476 2109 δὲ
2515 2056 2615 2126 τὴν
2643 2056 2836 2125 ὀγδόην
2862 2058 2920 2106 ἑν
2953 2057 3017 2125 τῇ
3048 2058 3146 2125 τῆς
3182 2055 3406 2121 ἑννάτης
3434 2055 3576 2125 ἀρχῇ

2002 2146 2296 2218 μεγαλύνει
2329 2146 2426 2218 τὴν
2470 2147 2616 2216 ὑπὲρ
2641 2146 2768 2208 τοὺς
2799 2146 2988 2215 ἁγίους
3017 2146 3266 2209 ἅπαντας
3295 2148 3576 2202 Θεοτόκον.

2000 2235 2078 2310 τῌ
2110 2239 2375 2308 μεγαλεῖα
2409 2239 2700 2308 Θαυμαστὰ
2733 2241 2760 2292 ὁ
2790 2241 2924 2303 Θεὸς
2957 2241 3215 2311 ἐποίησεν
3243 2241 3477 2312 ἀληθῶς,
3503 2242 3578 2305 ὡς

2003 2332 2061 2398 ἑξ
2094 2332 2266 2401 αὐτῆς
2303 2330 2631 2401 σαρκωοεὶς,
2663 2333 2758 2386 καὶ
2798 2334 2905 2386 τῶν
2938 2335 3193 2404 Σεραφὶμ
3229 2337 3325 2389 καὶ
3371 2337 3577 2404 Χερουο

1997 2411 2107 2492 ’σὶμ
2160 2423 2432 2486 ἀνέδειξεν
2490 2423 2819 2494 ὑπερτέραν,
2852 2425 2906 2476 ἑν
3013 2425 3105 2477 καὶ
3138 2425 3332 2494 μέλι-εει
3365 2428 3433 2477 τὰ
3479 2426 3579 2493 τῆς

2008 2514 2153 2576 θείας
2182 2515 2323 2585 ᾠδῆς
2357 2515 2550 2584 αὐτῆς.
2592 2515 2683 2568 Ἐν
2711 2515 2787 2585 τῷ
2819 2516 2964 2569 τέλει
2993 2516 3049 2568 δὲ
3073 2518 3168 2586 τῆς
3195 2518 3418 2587 ἑννάτης
3443 2519 3582 2572 αίνεῐ

2003 2607 2099 2676 τὴν
2124 2606 2329 2677 Τριάδα
2367 2607 2503 2675 μετὰ
2537 2609 2647 2662 τῶν
2676 2609 2925 2676 ἀγγέλων
2957 2611 2982 2662 ό
3014 2608 3211 2678 ἱερεύς.

321 2708 563 2763 divinum
603 2708 725 2778 ejus
754 2709 1024 2763 canticum
1068 2708 1396 2763 modulatur.
1435 2709 1697 2775 Deinceps
1724 2708 1777 2761 in
1805 2706 1909 2760 line
1940 2703 2067 2760 noui
2097 2706 2294 2760 cantici
2326 2704 2643 2761 Trinitatem
2688 2707 2871 2761 laudat
2901 2724 3022 2761 cum
3047 2707 3252 2776 angelis
3299 2707 3578 2763 sacerdos.

837 2797 1066 2852 CAPUT
1105 2799 1373 2854 (CCXIII.

327 2891 401 2944 De
435 2891 626 2962 hymno
666 2891 718 2943 in
751 2907 852 2962 quo
896 2907 993 2943 roa:
1023 2891 1402 2962 ἐξαποστειλον
1437 2893 1818 2962 frequentatur,
1850 2901 1898 2946 et

589 2960 652 3014 de
671 2960 916 3014 laudibus
942 2971 988 3014 et
1013 2960 1076 3014 de
1107 2979 1295 3030 magna
1322 2960 1617 3032 domlogia.

391 3053 656 3121 Deinceps
717 3053 914 3107 dicitur
987 3055 1222 3122 hymnus
1288 3059 1508 3110 nomine
1579 3055 1898 3112 emissarios

320 3157 542 3216 propter
577 3146 704 3199 illud
737 3163 750 3199 :
780 3165 797 3199 ι
831 3146 1029 3201 Emitte
1064 3147 1247 3200 lumen
1270 3159 1444 3211 tuum,
1480 3167 1497 3199 ι
1534 3150 1690 3217 quasi
1719 3150 1896 3204 lucem

322 3239 619 3294 infundens
671 3240 854 3294 dictus
913 3248 1040 3294 ante
1110 3241 1350 3308 psalmos
1414 3240 1738 3297 laudativos.
1794 3242 1897 3308 Qui

323 3333 547 3386 laudum
580 3332 774 3401 psalmi
808 3340 973 3386 totam
1007 3341 1312 3386 eonvocant
1337 3342 1391 3385 et
1424 3332 1702 3388 adducunt
1745 3349 1900 3389 crea-

325 3426 550 3488 tionem,
586 3423 808 3491 angclos
839 3423 1050 3476 scilicet
1078 3422 1323 3490 aliasque
1354 3433 1636 3478 creaturas
1669 3423 1732 3476 ad
1784 3425 1899 3477 latt-

324 3515 564 3571 dandum
587 3530 714 3574 eum
747 3515 839 3584 qui
880 3514 1005 3568 fecit
1032 3530 1119 3576 ea,
1155 3528 1278 3567 cum
1317 3514 1569 3569 universa
1617 3514 1705 3568 Dei
1733 3529 1900 3583 opera

325 3617 597 3662 testentur
630 3621 690 3662 se
719 3608 774 3661 in
809 3605 986 3662 Verbo
1011 3616 1065 3661 et
1100 3607 1306 3676 Spiritu
1342 3623 1464 3663 esse
1500 3618 1704 3662 creata.
1754 3607 1904 3663 Dixit

321 3699 491 3761 enim,
520 3708 573 3752 et
602 3699 745 3753 facta
771 3708 917 3764 sunt,
941 3699 1147 3768 inquit;
1185 3700 1299 3768 ipse
1332 3700 1899 3764 n‘taudavit,etcrcata

323 3799 496 3858 sunt;
554 3792 716 3858 dixit,
769 3803 991 3860 propter
1025 3791 1302 3855 Verbum,
1357 3793 1631 3846 mandarit
1683 3803 1902 3861 propter

322 3887 698 3952 operationem
748 3883 1011 3952 Spiritus.
1045 3885 1110 3937 Et
1157 3893 1279 3953 post
1311 3895 1420 3938 tres
1460 3886 1900 3942 accommodatus

324 3977 545 4029 landum
583 3977 846 4042 psalmos,
878 3991 1098 4030 rursum
1125 3977 1324 4030 dicitur
1353 3976 1522 4044 gloria
1550 3979 1600 4030 in
1636 3979 1899 4032 honorem

323 4070 628 4136 Trinitatis,
654 4085 750 4124 seu
781 4085 972 4137 magna
1003 4070 1293 4124 coniicitur
1316 4069 1626 4139 doxologia.
1657 4069 1780 4124 Ilaec
1817 4077 1902 4125 est

323 4177 444 4224 una:
493 4164 560 4216 ah
597 4163 752 4215 initio
801 4162 912 4228 jam
963 4161 1105 4215 dicta
1156 4163 1316 4216 estin
1362 4163 1626 4230 prommio
1672 4163 1898 4231 operis:

329 4275 348 4305 ι
373 4254 550 4309 Gloria
582 4256 632 4307 iu
663 4254 947 4308 altissimis
976 4245 1116 4323 lico;
1147 4272 1165 4304 ι
1191 4269 1335 4306 nunc
1369 4269 1494 4307 vero
1528 4254 1736 4322 integra
1773 4269 1897 4308 cum

322 4356 484 4399 cantu
517 4347 585 4400 ab
627 4345 883 4399 ou'tnihus
929 4343 1096 4396 simul
1143 4343 1366 4409 dicitur,
1403 4359 1526 4397 cum
1581 4345 1897 4414 mysterium

323 4440 378 4491 in
411 4446 524 4490 toto
557 4437 758 4488 mundo
793 4435 958 4487 fuerit
991 4434 1400 4488 manifestatum
1435 4449 1540 4488 non
1591 4435 1899 4504 pastoribus

323 4539 556 4588 tantum,
583 4525 675 4580 sed
723 4534 775 4578 et
829 4526 1080 4594 gentibus
1125 4526 1417 4580 universis.
1459 4524 1582 4580 Ideo
1646 4527 1893 4582 dicitur:
1933 4546 1977 4602 ο

332 4639 350 4670 σ
389 4619 698 4672 Laudamus
739 4627 809 4680 te,
855 4616 1230 4669 benedicimus
1258 4627 1329 4679 te,
1362 4618 1655 4670 adoramus
1685 4627 1755 4682 te,
1785 4618 1900 4686 glo-

326 4710 604 4763 rificamus
652 4719 722 4772 te,
776 4707 976 4772 gratias
1005 4705 1215 4774 agimus
1256 4704 1348 4758 tibi
1401 4716 1619 4774 propter
1653 4721 1899 4776 magnam

323 4803 549 4873 gloriam
591 4811 779 4865 tuam,-
815 4818 833 4852 ι
872 4800 1013 4868 pleni
1040 4799 1185 4852 enim
1219 4806 1346 4850 sunt
1377 4798 1498 4852 creti
1531 4808 1582 4852 et
1612 4807 1754 4852 terra
1787 4801 1903 4867 glo-

327 4896 402 4948 ria
433 4893 571 4962 ejus.
608 4891 820 4960 Cujus?
858 4891 948 4944 Dei
1005 4891 1214 4944 scilicet
1258 4891 1310 4943 iu
1345 4890 1905 4961 Trinitatezquapro-

327 4997 445 5054 pter
494 4984 558 5036 de
606 4982 804 5036 divinis
858 4981 1100 5049 loquitor
1142 4979 1380 5034 Ecclesia
1428 4981 1712 5034 clamans.-
1751 5000 1768 5032 ι
1803 4981 1902 5034 Do-

329 5075 490 5137 mine,
562 5088 651 5125 ιρι
713 5069 958 5126 co:lestis
997 5109 1011 5133 ,
1080 5069 1220 5123 Deus
1275 5068 1432 5122 Pater
1491 5072 1834 5138 onmipotens
1885 5089 1901 5138 ;

329 5165 574 5228 Domine,
599 5162 698 5217 Fili
732 5161 1147 5230 unigeniteJesu
1175 5161 1409 5226 Christe,
1437 5170 1491 5215 et
1512 5175 1700 5216 sancte
1726 5161 1903 5231 Spiri-

329 5269 434 5314 tus.
466 5276 486 5310 ι
537 5257 611 5310 Eu
646 5267 755 5312 tres
785 5273 1044 5322 personas
1071 5254 1386 5324 praedicavit
1421 5256 1656 5324 hymnus
1702 5257 1752 5307 in
1799 5269 1906 5308 una

332 5351 554 5412 lh-itate,
580 5364 700 5400 nam
726 5348 955 5401 dicendo
988 5364 1002 5400 :
1041 5365 1060 5398 ‹
1089 5347 1145 5401 In
1179 5347 1462 5402 altissimis
1487 5348 1612 5410 Deo,
1643 5358 1694 5401 et
1722 5349 1906 5402 lauda-

333 5455 452 5492 mus
481 5449 554 5501 te,
598 5456 616 5489 ι
657 5440 909 5508 ῃιιιρΐιτοὶι
959 5439 1248 5501 unitatem,
1295 5452 1521 5490 numero
1570 5449 1746 5492 autem
1780 5455 1898 5508 per-

323 5545 488 5585 sonas
539 5531 914 5598 proclamavit.
981 5527 1183 5582 Deinde
1254 5526 1348 5581 Dei
1416 5526 1580 5582 Verbi
1647 5529 1899 5582 incarna-

329 5623 532 5676 tionem
573 5621 734 5675 claris
772 5620 952 5675 verbis
985 5619 1221 5674 celebrat
1261 5620 1549 5675 clamans:
1611 5636 1632 5673 ι
1667 5619 1896 5699 Domine

329 5715 491 5782 Deus,
535 5730 707 5786 agnus
758 5713 871 5780 Dei,
906 5731 924 5764 ι
979 5712 1124 5783 quod
1176 5713 1242 5768 ab
1286 5711 1419 5768 Isaia
1470 5722 1520 5768 et
1559 5729 1897 5785 prmcursore

2577 2799 2825 2852 ΚΕΦΛΛ.
2880 2797 3027 2854 ΤΙΓ.

2001 2890 2139 2958 Περὶ
2175 2891 2756 2957 ἐξαποστελλαρίου,
2799 2891 2894 2944 καὶ
2930 2890 3049 2943 τῶν
3081 2891 3293 2958 οἴνων,
3329 2891 3428 2947 καὶ
3470 2890 3578 2959 τῆς

2461 2960 2737 3030 μεγάλης
2769 2961 3151 3031 ὄοξολογίας,

2077 3054 2182 3106 Καὶ
2215 3054 2275 3106 τὸ
2305 3053 2796 3124 ἑξαποστελλάριον
2828 3054 3047 3122 λέγεται
3078 3054 3168 3107 διὰ
3197 3053 3258 3106 τὸ
3287 3072 3307 3106 ι
3349 3053 3579 3120 Ἐξαπό-

2005 3146 2216 3198 στειλον
2255 3145 2315 3198 τὸ
2339 3145 2454 3211 φῶς
2486 3162 2604 3211 σου,
2643 3165 2660 3198 ι
2697 3147 2771 3209 ὡς
2802 3147 3199 3216 φωταγωγικὸν
3227 3147 3331 3215 πρὸ
3356 3147 3462 3198 τῶν
3493 3147 3579 3198 αἴ-

2003 3254 2108 3286 νων
2144 3235 2455 3304 λεγόμενον.
2509 3237 2620 3290 Καὶ
2648 3235 2792 3291 οὕτω
2844 3239 2912 3290 τὰ
2967 3238 3079 3291 τῶν
3117 3239 3283 3292 αῐνων
3307 3239 3575 3307 ἐπάγεται

2005 3329 2191 3379 πᾶσαν
2213 3309 2671 3396 συγκαλουμένων
2695 3328 2791 3398 τὴν
2818 3329 3020 3395 κτίσιν,
3049 3330 3312 3397 ἀγγέλους
3339 3331 3454 3400 ἅμα
3483 3332 3577 3383 καὶ

2005 3417 2181 3470 πάντα
2207 3417 2272 3468 τὰ
2301 3418 2598 3485 κτίσματα.
2634 3419 2713 3480 είς
2742 3419 2836 3484 τὴν
2867 3420 3071 3472 αίνεσιν
3096 3419 3190 3472 τοῦ
3215 3418 3577 3488 πεποιηκότος

2002 3507 2164 3570 αὐτὰ,
2205 3508 2296 3560 καὶ
2327 3507 2509 3560 πάντα
2537 3505 2672 3576 ἔργα
2703 3507 2838 3560 Θεοῦ
2876 3507 3300 3578 μαρτυρούντων
3331 3509 3392 3560 ἑν
3433 3508 3576 3576 λόγῳ

2003 3600 2098 3650 καὶ
2166 3596 2444 3666 Πνεύματι
2501 3600 2785 3666 γεγονότα.
2851 3617 2868 3649 ι
2906 3599 3079 3661 Αὐτὸς
3127 3599 3238 3667 γὰρ
3286 3593 3430 3664 εἶπε,
3481 3601 3575 3652 καὶ

2005 3688 2362 3758 ἐγενήθησαν,
2419 3692 2604 3758 φησὶν,
2664 3690 2826 3752 αὐτὸς
2857 3690 3159 3742 ἐνετείλατο
3189 3690 3283 3742 καὶ
3325 3690 3581 3758 ἐκτίσθη-

2006 3795 2124 3844 σαν,
2168 3798 2185 3830 ι
2225 3781 2303 3843 τὸ,
2349 3775 2516 3842 Eine,
2555 3779 2644 3831 διὰ
2673 3779 2763 3832 τὸν
2787 3781 2962 3848 λόγον,
2995 3780 3056 3832 τὸ
3095 3781 3466 3834 Ἑνετεί.2ατο
3490 3780 3578 3832 διὰ.

2002 3871 2101 3942 τὴν
2130 3873 2412 3940 ἐνέργειαν
2442 3872 2536 3924 τοῦ
2575 3870 2914 3942 Πνεύματος.
2944 3871 3056 3925 Καὶ
3095 3873 3236 3938 μετὰ
3257 3872 3384 3933 τοὺς
3404 3871 3579 3940 ἁρμο-

2002 3963 2147 4026 δίους
2179 3964 2382 4032 ὕμνους
2417 3964 2525 4017 τῶν
2559 3965 2744 4028 ατνων,
2785 3966 2877 4018 καὶ
2905 3964 2987 4030 τὸ,
3029 3981 3046 4016 ι
3081 3965 3234 4027 Δόξα
3261 3965 3358 4017 καὶ
3390 3965 3525 4028 νῦν,
3551 3983 3571 4015 ι

2003 4056 2081 4117 είς
2110 4056 2280 4126 τιμὴν
2305 4055 2403 4124 τῆς
2436 4055 2690 4126 Τριάδος,
2718 4058 2751 4126 ἡ
2777 4056 2987 4125 μεγάλη
3005 4055 3284 4123 δοξολογία
3315 4057 3576 4109 τελεῖται.

2003 4149 2150 4220 Αὕτη
2177 4149 2230 4202 δέ
2260 4152 2405 4204 ἐστιν
2438 4151 2470 4220 ή
2505 4151 2600 4204 καλ⁸
2626 4149 2859 4226 ἑξαρχῆς
2897 4150 3126 4220 ῥηθεῖσα
3160 4153 3215 4202 ὲν
3247 4150 3576 4220 προοιμίοις,

2002 4239 2082 4304 τὸ,
2124 4259 2141 4290 ι
2168 4241 2302 4304 Δόξα
2351 4244 2408 4294 ὲν
2450 4242 2697 4312 ὑψίστοις
2741 4242 2882 4312 θεῷ,
2928 4260 2946 4294 ι
3003 4241 3096 4295 νῦν
3145 4241 3201 4296 δὲ
3237 4240 3577 4310 τελεωτὲρως

2003 4332 2096 4384 καὶ
2139 4334 2276 4401 μετὰ
2327 4335 2522 4404 μέλους
2558 4335 2655 4388 καὶ
2688 4335 2842 4407 παρὰ
2877 4335 3094 4388 πάντων
3144 4333 3378 4406 ᾁδομένη
3418 4331 3579 4401 ὁμοῦ,

2003 4425 2078 4486 ὡς
2114 4425 2210 4477 τοῦ
2246 4428 2550 4498 μυστηρίου
2586 4429 2644 4480 ἑν
2675 4429 2783 4500 ὅλῳ
2825 4428 3233 4500 φανερωθέντος
3261 4427 3336 4495 τῷ
3365 4427 3576 4494 κόσμῳ,

2004 4516 2099 4568 καὶ
2157 4517 2217 4569 οὐ
2275 4519 2385 4578 τοῖς
2435 4519 2659 4588 ποιμέσι
2724 4518 2908 4588 μόνον,
2966 4519 3104 4573 ἀλλὰ
3149 4520 3244 4571 καὶ
3275 4519 3408 4570 πᾶσι
3466 4519 3579 4576 τοῖς

2005 4607 2205 4660 ἔθνεσι.
2263 4608 2353 4661 Διὸ
2403 4611 2520 4673 καὶ,
2555 4629 2574 4661 ι
2616 4609 2926 4680 ’Υμνοῦμέν
2961 4626 3042 4675 σε,
3077 4627 3095 4660 ι
3145 4609 3331 4678 φησὶν,
3371 4626 3389 4659 ι
3432 4607 3582 4660 εὐλο-

2007 4700 2211 4768 γοῦμεν
2248 4719 2329 4767 σε,
2360 4702 2778 4772 προσκυνοῦμὲν
2813 4720 2894 4765 σε,
2946 4701 3335 4771 δοξολογοῦμέν
3384 4710 3465 4762 σε’.
3494 4699 3582 4750 εὖ·

2007 4797 2381 4868 χαριστοῦμέν
2444 4813 2549 4858 σοι,
2601 4796 2688 4848 διὰ
2740 4797 2840 4865 τὴν
2899 4795 3143 4866 μεγάλην
3194 4811 3287 4846 σου
3338 4791 3514 4856 δόξαν.
3555 4808 3573 4841 ι

2010 4891 2227 4960 Ηλήρης
2255 4888 2363 4958 γὰρ
2392 4889 2419 4940 ὁ
2459 4888 2689 4957 οὐρανὸς
2739 4889 2832 4942 κατ⁴
2875 4891 2907 4958 ἡ
2941 4887 3012 4956 γῆ
3047 4889 3238 4955 γέγονε
3288 4885 3383 4951 τῆς
3421 4883 3580 4950 δόξης

2008 4984 2196 5035 αὑτοῦ.
2230 4981 2385 5044 Τίνος
2412 4997 2427 5045 ;
2461 4981 2567 5033 Τοῦ
2596 4982 2651 5032 ἑν
2683 4981 2876 5050 Τριάδι
2903 4979 3063 5032 Θεοῦ.
3094 4979 3185 5032 Διὸ
3219 4979 3314 5031 καὶ
3341 4975 3582 5042 Θεολογεῖ

2005 5077 2036 5142 ἠ
2078 5072 2396 5156 Ἐκκλησία,
2448 5072 2649 5141 βοῶσα,
2706 5089 2725 5122 ι
2778 5071 2950 5139 Κύριε
2997 5071 3218 5142 βασιλεῦ
3267 5070 3577 5140 ἑπουράνιε,

2005 5163 2104 5215 Θεὲ
2138 5165 2317 5230 Πάτερ
2357 5163 2737 5232 παντοκράτορ
2759 5179 2774 5194 ο
2813 5162 2984 5232 Κύριε
3017 5161 3116 5214 Υἱὲ
3151 5161 3435 5229 μονογενὲς
3476 5159 3582 5236 Ἰητ

2007 5253 2101 5306 σοῦ
2146 5255 2370 5324 Χρ;στὲ,
2406 5255 2502 5307 καὶ
2553 5256 2708 5322 ἂγιον
2755 5253 3000 5322 Πνεῦμα.
3041 5272 3059 5304 ι
3116 5253 3244 5306 Ἰδοὺ
3292 5253 3392 5316 τὰς
3428 5254 3578 5322 τρεῖς

2007 5345 2274 5416 ἐκήρυξεν
2311 5346 2649 5422 ὑποστάσεις,
2671 5347 2730 5398 ἑν
2752 5347 2852 5415 μιᾷ
2887 5345 3132 5414 Θεότητι.
3167 5345 3257 5415 Τῷ
3291 5345 3418 5413 γὰρ,
3445 5344 3577 5418 [Eu
3655 5359 3662 5365 ‘

2010 5437 2254 5506 ὑψίστοις
2298 5437 2440 5507 Θεῷ,
2472 5457 2490 5489 ι
2539 5436 2722 5506 λέγειν
2757 5439 2871 5503 καὶ,
2914 5455 2932 5489 ι
2980 5435 3291 5507 ’Υμνοῦμὲν
3339 5453 3422 5500 σε,
3463 5454 3481 5487 ι
3519 5434 3580 5488 τδ

2007 5532 2206 5583 ἑνιαῖον
2269 5531 2527 5600 ἐδήλωσε.
2559 5530 2720 5599 222
2750 5529 2840 5598 Τῷ
2867 5529 2925 5583 δὲ
2954 5529 3194 5600 ἀριθμῷ,
3219 5528 3317 5589 τὰς
3343 5527 3580 5578 ὑποστά-

2008 5639 2119 5685 σεις
2183 5622 2562 5692 κατήγγειλεν.
2620 5619 2752 5674 Εἶτα
2795 5621 2891 5674 καὶ
2931 5620 3028 5692 τὴν
3074 5619 3168 5673 τοῦ
3217 5619 3354 5671 Θεοῦ
3402 5619 3575 5684 Λόγου

2004 5718 2283 5784 σάρκωσεν
2337 5717 2565 5784 ἀνυμνεῖ
2613 5713 2905 5785 λαμπρῶς,
2954 5713 3221 5781 ἑκὸοῶσα,
3270 5731 3286 5761 ι
3333 5711 3504 5781 Κύριε
3547 5709 3575 5762 ὁ
