4034 6192
368 271 466 333 531

1531 267 1632 330 ne
1675 247 1921 330 εΑαιιΑ
1959 267 2474 332 PRECATIONE.

3527 274 3635 338 I132

359 389 508 455 ὅμως
540 384 761 455 θνητοί·
800 385 894 438 καὶ
947 384 1040 438 τὸν
1076 381 1170 436 ἐπὶ
1221 384 1287 454 τῇ
1330 383 1594 438 συστάσει
1623 385 1724 454 τῆς
1754 383 1932 448 οὐσίας

2035 381 2173 437 vitae
2201 391 2404 438 nostrae
2437 382 2720 438 servanda:
2751 383 3124 440 necessarium
3169 385 3410 456 petimus
3439 395 3502 444 ut
3537 390 3638 446 bo-

361 479 518 547 ἠμῶν
542 478 708 546 ἄρτον
735 477 1002 547 αἰτοῦμεν
1031 477 1108 541 ὡς
1135 477 1437 548 ἄνθρωποι,
1467 475 1675 539 εἰδότες
1727 477 1810 528 ὅτι
1844 477 1939 529 καὶ

357 563 516 634 οἶοτος
563 568 716 638 παρὰ
749 569 868 632 005,
909 571 1003 622 καὶ
1040 569 1104 622 σὺ
1158 570 1318 638 μόνος
1362 567 1641 638 ἀνενδεὴς,
1674 567 1836 637 ἡμεῖς
1883 567 1940 620 δὲ

358 664 608 725 ἐπιδεεῖς.
649 663 758 715 Kal
795 665 856 714 ὲν
890 661 974 714 σοὶ
1023 661 1358 733 θαρῤοὖντὲς
1410 655 1626 729 say.an
1652 661 1798 729 Πλὴν
1847 657 1942 728 ζη-

356 755 578 818 τοῦντες
607 755 702 806 τὸν
730 755 916 822 ἄρτον,
956 753 1020 806 οὐ
1065 753 1294 823 περιττὰ
1327 751 1624 823 ζητοῦμεν,
1668 753 1803 806 ἀλλὰ
1849 753 1942 805 τὸν

357 849 436 910 είς
467 847 658 915 χρείαν
683 847 842 915 ήμῶν
869 846 1110 916 σήμερον
1130 861 1146 879 ο
1182 845 1306 898 ἐπεὶ
1337 847 1431 898 καὶ
1457 847 1586 914 περὶ
1617 846 1720 914 τῆς
1749 843 1942 914 αὔριον

363 943 438 1011 μὴ
475 941 811 1010 μεριμνῆσαι
853 939 1249 1010 ἐδιδάχθημενο
1290 941 1386 992 καὶ
1430 938 1512 992 ὅτι
1567 941 1632 994 σὺ
1659 936 1716 993 εἷ
1767 941 1796 994 ό
1849 941 1941 995 καὶ

359 1036 602 1104 σήμερον
629 1032 880 1102 κηδεμὼν
913 1033 1006 1085 καὶ
1048 1029 1237 1100 αὔριον
1265 1031 1360 1085 καὶ
1391 1033 1480 1086 ἀεὶ
1511 1031 1793 1101 ἐσόμενος.
1831 1032 1942 1084 Καὶ

355 1127 436 1178 ἔτι
459 1126 548 1179 τὸν
581 1127 744 1195 ἄρτον
777 1125 936 1194 ἡμῶν
963 1127 1054 1178 τὸν
1087 1125 1362 1177 ἐπιούσιον
1387 1125 1476 1184 δὸς
1509 1127 1642 1196 ἡμῖν
1677 1127 1938 1196 σήμερον,

357 1219 450 1272 τόν
487 1217 668 1281 ζῶντα
705 1218 872 1288 ἄρτον
893 1217 985 1270 τὸν
1014 1217 1357 1286 ἐπουράνιον,
1382 1218 1478 1272 τοῦ
1519 1219 1722 1284 ζῶντος
1759 1219 1935 1286 Λόγου

355 1313 418 1362 τὸ
455 1311 722 1376 πανάγιον
767 1311 950 1378 σῶμα,
990 1309 1130 1380 ὅπερ
1183 1313 1210 1364 ὸ
1255 1311 1331 1379 μὴ
1373 1310 1562 1378 φαγὼν
1595 1311 1656 1363 ού
1711 1311 1940 1378 ζήσεται

356 1403 498 1464 ὅλως
527 1403 684 1456 ποτε.
721 1401 834 1456 Καὶ
859 1401 1136 1466 ὲπιούσιος
1166 1396 1345 1467 οὗτος,
1379 1403 1454 1466 ὡς
1489 1403 1586 1472 τὴν
1617 1401 1798 1472 ψυχὴν
1843 1401 1940 1453 καὶ

359 1497 422 1546 τὸ
455 1495 616 1563 σῶμα
663 1494 937 1563 στηρίζων
971 1495 1064 1548 καὶ
1117 1493 1380 1561 ἁγιάζων,
1429 1495 1524 1548 καὶ
1571 1494 1654 1546 ὅτι
1705 1513 1722 1545 ι
1767 1494 1828 1546 Ὀ
1864 1493 1937 1561 μὴ

357 1583 548 1649 φαγὼν
591 1582 752 1634 αὐτὸν
783 1584 883 1634 οὐκ
921 1581 1034 1651 ἔχει
1069 1581 1216 1652 ζωὴν
1249 1584 1306 1634 ὲν
1337 1582 1486 1648 αὐτῷ
1511 1597 1524 1613 ⁸
1559 1585 1585 1636 ὁ
1617 1582 1674 1635 δὲ
1707 1581 1938 1651 τρώγων

351 1673 518 1725 αὐτὸν
571 1672 796 1742 ζήσεται
827 1675 908 1736 εἰς
950 1674 1044 1726 τὸν
1087 1675 1278 1728 αἰῶνα.
1323 1692 1340 1725 ι
1401 1675 1504 1726 Καὶ
1537 1674 1674 1742 ἄφες
1704 1676 1837 1746 ἡμῖν
1871 1674 1936 1725 τὰ

352 1767 696 1836 ὀφειλήματα
722 1767 900 1837 ἡμῶν,
937 1767 1012 1830 ὡς
1045 1767 1142 1820 καὶ
1177 1768 1337 1836 ἡμεῖς
1369 1767 1606 1835 ἀφίεμεν
1645 1769 1759 1828 τοῖς
1791 1765 1942 1834 ὀφει-

354 1860 538 1923 λέταις
565 1860 750 1927 ήμῶν.
791 1878 810 1910 ι
843 1859 1015 1913 Τοῦτο
1043 1861 1074 1928 ή
1109 1859 1204 1912 τοῦ
1235 1859 1382 1912 θείου
1415 1858 1748 1926 ῐζύαγγελίου
1791 1860 1944 1912 πᾶσα

353 1953 557 2018 γνῶσις
595 1952 686 2005 καὶ
734 1949 990 2020 δύναμιςῖ
1036 1951 1135 2004 Διὰ
1185 1955 1294 2021 γὰρ
1330 1951 1390 2004 τι
1425 1951 1648 2018 ἀφιέναι
1685 1951 1942 2014 τὰςάνοο

355 2045 480 2115 μίας
517 2045 678 2116 ήμῶν
718 2044 812 2098 καὶ
847 2045 1126 2114 ἁμαρτίας
1158 2045 1186 2096 ό
1217 2043 1312 2097 τοῦ
1349 2042 1485 2096 Θεοῦ
1527 2045 1698 2112 Λόγος
1743 2047 1822 2106 εἰς
1851 2043 1944 2096 τὸν

355 2141 564 2210 κόσμον
599 2139 848 2208 ἐλήλυθε,
872 2139 964 2192 καὶ
1004 2136 1331 2208 σαρκωθεὶς,
1373 2137 1551 2190 πάντα
1592 2135 1818 2206 ἔπραξε,
1847 2137 1941 2189 καὶ

351 2231 506 2294 τέλος
541 2231 606 2284 τὸ
638 2225 778 2300 αἷμα
823 2230 1043 2300 ἐξέχεεθ
1083 2229 1176 2283 καὶ
1217 2229 1306 2282 διὰ
1353 2227 1514 2282 τοῦτο
1557 2229 1627 2281 τὰ
1662 2231 1942 2298 μυστήρια

350 2322 586 2376 δέδωκεν
611 2322 689 2383 είς
721 2321 920 2392 ἄφεσιν
945 2320 1236 2392 ἁμαρτιῶν
1262 2335 1279 2353 ’
1311 2323 1404 2373 καὶ
1429 2320 1586 2374 τοῦτο
1611 2319 1812 2384 ἐδίδαξε
1845 2321 1941 2373 καὶ

355 2414 810 2486 νενομοθέτηκεν.
853 2431 870 2464 ι
935 2414 1064 2469 Ἐὰν
1115 2415 1312 2483 ἀφῆτε,
1360 2415 1456 2468 καὶ
1506 2413 1872 2483 ἁφεθήσεσθε,
1916 2436 1932 2465 ι

351 2510 510 2579 φησί.
537 2509 646 2562 Καὶ
672 2507 750 2578 τῷ
781 2507 973 2576 Πέτρῳ
1000 2508 1229 2569 ποσάκις
1255 2507 1614 2577 ὲρωτήσαντι,
1655 2527 1674 2560 ι
1709 2508 1938 2578 ΪΑφήσω

348 2603 430 2670 τῷ
495 2602 884 2671 ἀμαρτήσαντι
914 2599 1014 2666 τῆς
1038 2601 1274 2668 ἡμέρας,
1311 2620 1330 2652 ι
1363 2599 1510 2663 Ἕως
1541 2601 1940 2671 ἑϐδομηκοντά-

349 2712 461 2758 κις,
493 2694 694 2762 ἔφησεν
723 2693 894 2746 ἑπτά·
933 2693 1054 2744 ἀντὶ
1098 2691 1192 2744 τοῦ
1229 2691 1560 2755 ἀπαύστως·
1603 2696 1698 2745 καί
1739 2693 1938 2763 κριτὴν

347 2787 442 2840 τὸν
495 2786 938 2854 προσευχόμενον
995 2783 1259 2853 καθιστᾷ·
1324 2783 1398 2846 ὡς
1461 2785 1510 2836 εί
1565 2781 1935 2850 καταλλαγείη

349 2879 854 2945 καταλλαγήσεται.
891 2877 1004 2930 Καὶ
1031 2877 1080 2929 εί
1114 2875 1352 2943 ἀφῆκεν,
1390 2875 1727 2944 ἀφεθήσεται
1762 2875 1931 2944 αὐτῷ·

347 2973 444 3026 καὶ
477 2972 555 3034 ὡς
581 2970 792 3038 ἀφῆκεν
823 2968 1184 3037 ἀφεθήσεται.
1225 2967 1334 3019 Καὶ
1361 2967 1427 3020 τὰ
1461 2968 1544 3030 είς
1569 2968 1664 3020 τὸν
1706 2967 1934 3036 ἀδελφὸν

2047 474 2224 530 mines
2259 491 2398 544 quos
2443 491 2552 530 non
2601 477 2731 532 latet
2769 479 2921 533 illum
2957 495 2986 532 a
3023 491 3074 534 te
3117 479 3312 534 donari
3343 497 3358 546 ;
3393 489 3450 535 tu
3487 483 3633 538 enim

2042 567 2192 621 solus
2223 567 2376 622 dives
2403 583 2480 633 es,
2515 585 2618 624 nos
2647 573 2824 624 autem
2870 572 3081 640 inopes,
3113 583 3169 628 et
3219 573 3272 628 in
3314 581 3368 629 te
3401 575 3636 630 conlidi-

2045 673 2189 714 mus.
2225 657 2456 729 Insuper
2485 662 2616 714 dum
2649 678 2842 731 panem
2875 665 3184 733 poscimus.
3219 682 3326 720 non
3357 667 3632 736 superflua

2042 749 2318 818 petimus,
2371 751 2470 806 sed
2523 767 2716 822 panem
2769 755 2926 808 nobis
2987 755 3148 810 hodie
3205 758 3622 820 necessarium,

2043 840 2304 906 quoniam
2353 839 2422 896 de
2455 843 2698 897 crastino
2735 859 2802 896 ne
2833 845 3056 898 solliciti
3091 847 3264 901 simus
3295 848 3590 904 didit-imus
3617 891 3632 916 ,

2043 942 2096 985 et
2141 930 2264 999 quia
2295 941 2350 986 tu
2397 949 2456 988 es
2489 943 2764 1004 protector
2795 945 3008 1004 noster,
3049 939 3142 1006 qui
3175 955 3295 994 cras
3327 951 3382 994 et
3417 956 3633 1010 semper

2042 1023 2174 1078 eris.
2215 1023 2444 1096 Insuper
2485 1043 2680 1096 panem
2727 1041 2974 1084 nostrum
3043 1033 3626 1100 supersubstantialem

2043 1116 2110 1169 da
2157 1118 2318 1172 nobis
2363 1119 2526 1174 hodie
2553 1163 2566 1184 ,
2603 1121 2858 1176 videlicet
2901 1123 3083 1178 vivum
3117 1139 3310 1193 panem
3343 1124 3504 1192 coeli,
3547 1125 3627 1180 vi—

2042 1209 2222 1264 ventis
2253 1207 2418 1264 Verbi
2465 1227 2666 1279 corpus
2707 1215 3154 1280 sanctissimum,
3187 1216 3332 1286 quod
3377 1217 3472 1286 qui
3520 1232 3629 1272 non

2044 1303 2480 1367 mamlncaverit,
2515 1321 2622 1358 non
2655 1306 2800 1362 vivet
2827 1324 3108 1379 unquam;
3145 1318 3196 1364 et
3239 1311 3326 1366 hic
3359 1321 3442 1367 est
3477 1313 3634 1380 pan‘s

2043 1394 2622 1462 supersubstautialis,
2653 1406 2841 1466 utpote
2872 1403 3113 1484 animum
3143 1411 3195 1456 et
3223 1417 3423 1471 corpus
3455 1406 3628 1459 susti-

2043 1501 2180 1540 nens
2198 1501 2260 1540 ac
2281 1487 2659 1554 sanctiﬁcans,
2685 1499 2738 1543 et
2769 1491 2862 1559 qui
2893 1508 2999 1546 non
3025 1495 3318 1550 manducat
3355 1512 3480 1552 eum
3525 1512 3629 1550 non

2043 1577 2206 1632 habet
2233 1577 2400 1632 vitam
2430 1579 2481 1634 in
2511 1581 2842 1648 semetipso;
2875 1585 2968 1653 qui
2997 1600 3122 1640 vero
3154 1602 3278 1640 eum
3309 1589 3629 1658 manducat,

2047 1669 2206 1724 viret
2240 1670 2292 1724 in
2336 1673 2560 1726 saecula.
2601 1692 2620 1726 ι
2657 1673 2722 1727 Et
2751 1675 2967 1730 dimitte
2997 1679 3157 1733 nobis
3187 1681 3368 1735 debita
3411 1693 3592 1737 nostra
3615 1723 3630 1744 .

1969 1736 2016 1796 Β
2047 1759 2192 1814 sicut
2219 1771 2272 1815 et
2303 1777 2404 1817 nos
2436 1763 2766 1820 dimittimus
2797 1768 3142 1825 debitoribus
3185 1775 3410 1828 nostris.
3451 1795 3468 1828 ι
3509 1774 3632 1831 Haec

2046 1860 2129 1906 est
2161 1851 2332 1907 divini
2383 1853 2658 1925 Evangelii
2689 1857 2932 1912 doctrina
2981 1869 3144 1926 atque
3185 1865 3452 1931 potentia.
3493 1863 3627 1919 Nam

2047 1952 2106 1996 ut
2157 1944 2508 2000 dimittantur
2551 1947 2747 2003 delicta
2793 1957 2848 2002 et
2891 1964 3115 2018 peccata
3157 1963 3339 2008 nostra
3389 1953 3622 2011 Verbum

2044 2035 2138 2091 Dei
2171 2037 2226 2090 in
2255 2038 2400 2092 hunc
2427 2040 2694 2094 mundum
2726 2041 2874 2094 venit
2901 2081 2918 2105 ,
2951 2050 3004 2098 et
3047 2043 3394 2100 incarnatum
3439 2048 3621 2102 omnia

2043 2127 2210 2193 fecit,
2249 2145 2313 2185 ac
2352 2131 2586 2200 denique
2622 2134 2944 2203 sanguinem
2979 2134 3209 2200 ell'udit',
3250 2133 3317 2192 et'
3341 2147 3626 2209 propterea

2045 2222 2302 2291 mysteria
2343 2222 2494 2277 dedit
2527 2226 2579 2278 in
2624 2225 3006 2280 remissionem
3047 2236 3402 2296 peccatorum
3429 2271 3444 2294 ,
3479 2233 3624 2301 quod

2043 2313 2230 2367 docuit
2259 2327 2324 2368 ac
2357 2315 2638 2369 mandavit
2662 2315 2853 2372 dicens
2887 2335 2901 2371 :
2934 2317 2988 2372 Si
3021 2319 3367 2383 dimiseritis,
3389 2321 3627 2377 dimitte-

2045 2413 2132 2460 tur
2161 2407 2337 2470 vobis,
2367 2417 2420 2460 et
2451 2405 2613 2462 Petro
2639 2409 2940 2464 sciscitanti
2973 2411 3194 2480 quoties
3221 2411 3520 2468 oﬂ‘endenti
3547 2415 3628 2469 di-

2041 2497 2252 2552 mittam
2285 2499 2336 2552 in
2366 2500 2474 2563 die,
2509 2499 2691 2568 Usque
2740 2501 2806 2555 ad
2835 2504 3148 2573 Septuagies
3177 2505 3399 2573 septies,
3426 2509 3624 2575 inquit.

2040 2591 2091 2646 inl
2125 2601 2209 2646 est
2235 2608 2487 2662 semper,
2515 2603 2568 2649 et
2603 2605 2940 2662 precatorem
2975 2599 3264 2654 constituit
3292 2601 3534 2671 judicem
3567 2613 3626 2658 ut

2040 2685 2081 2738 si
2116 2685 2405 2754 ignoverit,
2435 2687 2539 2757 ipsi
2572 2703 2792 2758 quoque
2817 2692 3159 2761 ignoscatur,
3181 2704 3234 2750 et
3259 2696 3304 2752 si
3333 2697 3626 2762 dimiserit,

2039 2776 2140 2846 ipsi
2173 2778 2336 2830 etiam
2371 2777 2707 2842 dit‘nittatur,
2741 2788 2796 2834 et
2821 2781 2961 2834 sicut
2993 2783 3297 2849 dimiserit,
3340 2787 3412 2841 ita
3445 2797 3498 2842 et
3538 2787 3625 2842 di-

2039 2871 2286 2922 mittatur
2315 2869 2404 2935 ei;
2455 2881 2508 2924 et
2553 2872 2718 2926 simul
2761 2872 3091 2931 offensiones
3124 2891 3252 2945 erga
3295 2877 3520 2934 fratrem
3563 2895 3626 2935 nc

2037 2961 2345 3016 Creatorem
2387 2963 2641 3028 adducit,
2671 2965 2813 3033 quod
2863 2966 3036 3020 voluit
3092 2965 3394 3038 Dominus;
3434 2985 3626 3028 omnes

353 3066 448 3118 καὶ
485 3065 566 3126 είς
598 3063 690 3115 τόν
721 3061 1062 3130 πεποιηκότα
1095 3061 1381 3128 ἀνάγεται,
1413 3061 1576 3113 τοῦτο
1600 3059 1932 3129 θελήσαντος

2035 3057 2178 3110 enim
2213 3071 2404 3111 sumus
2434 3066 2628 3110 natura
2663 3073 2854 3126 pares,
2886 3060 3144 3130 servique
3177 3077 3398 3127 omnes,
3433 3079 3626 3120 omnes

351 3155 446 3210 τοῦ
497 3157 796 3208 Δεσπότου.
847 3153 1054 3215 Πάντες
1099 3152 1207 3221 γὰρ
1241 3152 1344 3204 ἴσοι
1375 3154 1440 3220 τῇ
1475 3151 1634 3220 φύσει
1665 3151 1759 3204 καὶ
1793 3151 1929 3220 ὁμοῦ

351 3248 530 3303 δοῦλοι
561 3247 764 3308 πάντες
801 3287 818 3308 ,
846 3245 940 3300 καὶ
971 3245 1173 3308 πάντες
1205 3243 1564 3314 σφαλλόμενοι
1596 3283 1610 3310 ,
1647 3245 1741 3297 καί
1773 3244 1929 3311 ὀλίγα

353 3341 632 3409 ἀφιέντες,
660 3339 886 3392 πλεῖστα
917 3339 982 3392 λα
992 3338 1310 3408 μσάνοντες,
1337 3340 1429 3391 καὶ
1460 3337 1773 3406 ἀνθρώποις
1800 3353 1928 3402 συγσ

353 3435 600 3504 χώρησιν
647 3433 945 3502 νέμοντες,
997 3433 1060 3484 ἐκ
1094 3429 1229 3484 Θεοῦ
1259 3430 1722 3498 συγχωρούμενοι.
1765 3447 1782 3479 ι
1823 3427 1930 3480 Καὶ

356 3526 430 3593 μή
471 3525 794 3592 εἰσενέγκῃς
843 3522 990 3592 ἡμᾶς
1021 3521 1100 3583 είς
1130 3520 1458 3587 πειρασμόν.
1495 3537 1512 3569 ι
1557 3520 1680 3571 Ὅτι
1715 3519 1762 3570 οί
1793 3519 1927 3585 ἐπη-

335 3615 582 3682 ’ρεαοταὶ
615 3615 886 3672 πλεῖστοι,
921 3613 1012 3666 καὶ
1051 3612 1250 3681 φθόνου
1297 3611 1548 3682 πλήρεις,
1582 3609 1674 3662 καὶ
1705 3608 1790 3660 ἀεὶ
1839 3611 1929 3678 ὲχ-

355 3711 496 3778 θροὶ,
529 3709 627 3762 καὶ
657 3705 846 3760 πολλοὶ
873 3707 921 3757 οί
953 3703 1278 3773 πειρασμοὶ,
1312 3705 1374 3754 ἐκ
1418 3701 1711 3770 δαιμόνων,
1750 3699 1807 3766 ἐξ
1836 3700 1930 3751 ἁν-

355 3802 610 3872 θρὼπων,
644 3802 707 3852 ὲκ
739 3797 1014 3867 σώματος,
1048 3795 1106 3862 ἐξ
1133 3795 1464 3866 ἀπροσεξίας
1497 3793 1676 3863 ψυχῆς
1697 3809 1710 3824 ·
1749 3797 1838 3846 καὶ
1870 3793 1928 3844 ἐν

349 3896 518 3947 πᾶσιν
558 3885 706 3945 οὗτοι
733 3889 1162 3958 ἀγωνιζομένοις
1208 3905 1266 3940 τε
1299 3887 1394 3940 καὶ
1427 3885 1715 3958 ῥᾳθύμοις,
1749 3887 1799 3938 εί
1834 3887 1928 3938 καὶ

348 3985 612 4056 ἔμμισθοι
667 3983 870 4054 μᾶλλον
897 3983 948 4034 οἱ
989 3981 1099 4034 τῶν
1129 3979 1353 4033 δικαίων
1387 3979 1522 4048 πρὸς
1553 3977 1784 4046 δοκιμὴν
1831 3976 1928 4029 καὶ

345 4077 650 4131 ἀνάϐασιν·
687 4077 778 4128 καὶ
799 4073 948 4127 οὗτοι
983 4072 1184 4142 μᾶλλον
1216 4071 1498 4141 ὑπομονῆς
1538 4069 1728 4139 χρείαν
1774 4070 1926 4138 ἕχον-

343 4187 436 4233 τες
457 4185 474 4201 ·
509 4170 596 4222 ὃτι
619 4167 734 4233 καὶ,
773 4185 791 4218 ι
821 4165 894 4220 Τὸ
930 4165 1028 4235 μὲν
1057 4163 1274 4232 πνεῦμα
1307 4162 1612 4232 πρόθυμον,
1642 4164 1674 4232 ή
1701 4161 1758 4215 δὲ
1790 4161 1926 4232 σὰρξ

343 4261 602 4329 ἀσθενής.
639 4275 659 4311 ι
707 4257 868 4310 Ἀλλὰ
896 4258 992 4309 καὶ
1017 4256 1197 4324 ἕτεροι
1233 4256 1552 4324 πειρασμοὶ,
1590 4255 1640 4305 εἰ
1676 4253 1926 4324 περιίδης

341 4353 438 4404 τὸν
463 4351 712 4418 ἀδελφὸν,
737 4349 786 4402 εί
823 4346 1174 4418 ὲπηρεάσεις,
1202 4347 1250 4398 εί
1283 4345 1513 4414 θλίψεις,
1547 4345 1640 4398 καὶ
1669 4345 1726 4398 τὺ
1758 4361 1924 4398 κοιτα-

2037 3163 2309 3211 erramus,
2336 3157 2389 3202 et
2419 3163 2591 3217 pauca
2621 3151 2960 3206 ditnittentes
2991 3167 3054 3206 ac
3084 3153 3235 3223 plura
3263 3157 3623 3225 accipientes.

2039 3239 2354 3294 hominibus
2391 3241 2732 3308 ignoscentes
2768 3254 2821 3297 et
2850 3259 2877 3296 a
2913 3244 3025 3302 Deo
3063 3247 3458 3318 indulgentiam
3487 3267 3625 3306 con-

2036 3343 2347 3402 sequentes.
2387 3352 2408 3386 ι
2455 3333 2520 3390 Ει
2567 3352 2634 3390 ne
2666 3351 2766 3392 nos
2801 3337 3030 3396 inducas
3060 3341 3114 3395 in
3157 3331 3554 3408 lentatiouem‘,
3599 3363 3618 3395 ι

2037 3426 2297 3494 quoniam
2358 3441 2712 3496 aggressores
2775 3429 2930 3484 multi
2999 3441 3128 3486 sunt
3199 3435 3342 3504 pleni
3403 3437 3623 3492 invidiae

2037 3529 2360 3585 semperque
2397 3517 2606 3572 inimici
2629 3558 2646 3583 ,
2689 3530 2741 3574 et
2771 3523 3106 3579 tentationes
3140 3527 3324 3580 multa:
3355 3543 3384 3580 e
3416 3528 3618 3581 daemo-

2035 3609 2219 3674 nibus,
2255 3623 2319 3662 ex
2355 3609 2690 3676 hominibus,
2727 3627 2758 3666 e
2791 3628 3042 3683 corpore,
3077 3625 3130 3670 et
3159 3631 3222 3672 ex
3252 3618 3616 3687 imprudentia

2036 3701 2256 3764 animae,
2289 3715 2409 3768 quae
2440 3703 2696 3758 omnibus
2725 3705 2986 3759 accidunt
3022 3715 3129 3762 tam
3167 3703 3382 3763 fortiter
3405 3721 3623 3766 certati-

2038 3791 2186 3845 tibus
2229 3806 2392 3860 quam
2444 3792 2692 3861 ignavis,
2741 3795 2848 3849 nisi
2893 3799 3038 3865 quod
3077 3799 3211 3868 justi
3259 3801 3439 3868 potius
3477 3817 3622 3858 mer-

2037 3881 2226 3936 cedem
2275 3881 2547 3951 accipient
2601 3884 2670 3938 ob
2719 3893 3034 3952 superatam
3091 3888 3511 3959 probationem,
3565 3893 3619 3948 hl

2034 3989 2164 4028 vero
2195 3975 2368 4043 magis
2398 3974 2648 4046 indigent
2678 3977 2982 4031 constantia
3015 3981 3272 4045 quoniam
3320 4001 3339 4034 ι
3387 3983 3618 4054 spiritus

2033 4075 2317 4135 promptus
2345 4074 2427 4121 est
2450 4103 2466 4131 ,
2499 4079 2629 4120 caro
2656 4075 2840 4120 autem
2873 4067 3114 4124 infirma.
3151 4088 3171 4122 ι
3225 4072 3451 4142 insuper
3489 4088 3618 4130 sunt

2033 4157 2152 4212 aliae
2189 4160 2554 4224 tentationes,
2605 4175 2803 4228 nempe
2852 4160 2898 4215 si
2951 4159 3172 4218 fratrem
3216 4164 3528 4234 despicias,
3570 4170 3616 4221 si

2033 4249 2391 4320 aggrediaris,
2442 4250 2489 4304 si
2536 4259 2816 4317 conteras,
2865 4245 2910 4304 si
2950 4249 3135 4306 divina
3184 4263 3507 4312 contemnas
3561 4267 3617 4311 et

2032 4341 2298 4412 negligas.
2333 4339 2462 4396 ideo
2511 4355 2854 4412 quacunque
2888 4340 3222 4400 oﬂ‘entlimus
3259 4344 3312 4398 in
3353 4343 3523 4401 Deum
3561 4359 3617 4402 et

341 4443 614 4514 φρονῆσαι
639 4441 751 4492 τῶν
785 4437 945 4491 θείων
980 4439 1074 4490 καὶ
1116 4437 1417 4505 ἀμελῆσαι.
1466 4437 1559 4488 Arb
1603 4434 1706 4488 κᾶν
1748 4437 1922 4490 ὁπόσα

2035 4433 2250 4489 I‘ratrem
2283 4471 2298 4497 ,
2348 4433 2554 4488 dimitti
2587 4435 2870 4504 poscimus
2915 4450 2979 4490 ex
3027 4451 3092 4490 eo
3139 4439 3281 4506 quod
3329 4455 3429 4496 nos
3465 4443 3618 4512 igne-

339 4533 632 4602 πταίωμεν
665 4531 744 4594 εις
773 4529 904 4584 Θεὸν
937 4532 1032 4582 καὶ
1070 4529 1163 4581 τὸν
1200 4527 1454 4597 ἀδελφόν,
1491 4526 1784 4597 ἐλεηθῆναι
1825 4527 1924 4595 ζη-

339 4626 568 4694 τοῦμεν,
593 4624 658 4674 ὲκ
677 4621 770 4674 τοῦ
797 4620 1016 4687 ἐλεῆσαι
1041 4619 1138 4672 καὶ
1167 4619 1410 4686 ἀφιέναι*
1439 4619 1533 4672 καὶ
1558 4618 1632 4687 μὴ
1657 4617 1924 4670 εἰσελθεῖν

341 4715 426 4778 εἰς
482 4713 812 4784 πειρασμόν.
845 4712 908 4764 Εἰ
951 4711 1010 4763 δὲ
1053 4710 1148 4764 καὶ
1181 4709 1389 4771 δίκαιός
1425 4725 1506 4770 τις
1537 4711 1598 4761 οὐ
1638 4711 1742 4780 χρὴ
1788 4708 1924 4782 θαρ-

341 4805 462 4873 ρεῖν
495 4801 700 4872 ἑαυτῷ,
733 4801 815 4853 ὅτι
851 4800 948 4854 καὶ
975 4801 1041 4852 ὲκ
1067 4795 1162 4851 τοῦ
1193 4797 1586 4852 ταπεινοῦσθαι
1626 4801 1720 4851 καὶ
1752 4801 1924 4852 ἐλεεῖν

343 4895 444 4948 καὶ
463 4896 690 4964 ἀφιέναι
723 4893 878 4944 ἔσται
907 4891 967 4944 τὸ
999 4891 1209 4944 δίκαιον
1247 4885 1408 4943 εἶναι.
1457 4909 1490 4940 ι
1563 4891 1722 4942 Ἀλλὰ
1758 4891 1924 4960 ῥῦσαι

339 4987 496 5054 ἡμᾶς
528 4985 638 5038 ἀπὸ
667 4983 762 5036 τοῦ
798 4981 1064 5052 πονηροῦ.
1117 4999 1137 5032 ι
1187 4981 1314 5034 Ὅτι
1347 4981 1440 5034 καὶ
1476 4981 1566 5044 σὸς
1605 4981 1799 5052 ἐχθρὸς
1833 4984 1924 5036 καὶ

341 5073 525 5143 ήμῶν,
559 5071 657 5126 καὶ
685 5071 949 5133 ἄσπονδος
975 5071 1068 5122 καὶ
1097 5071 1402 5138 ἀκάματος,
1431 5072 1524 5124 καὶ
1557 5073 1722 5143 μανίᾳ
1757 5089 1814 5142 φ;
1832 5075 1923 5142 ρό-

342 5183 510 5236 μενος
531 5180 546 5196 ·
579 5164 675 5218 καὶ
705 5165 950 5226 ἀσθενεῖς
981 5165 1142 5232 ἡμεῖς
1171 5165 1310 5233 πρὸς
1342 5163 1530 5227 αὐτὸν,
1561 5163 1642 5215 ὃτι
1671 5162 1924 5218 λεπτοτέ-

340 5273 446 5326 ρας
482 5255 574 5307 καὶ
605 5252 892 5324 ἀγρύπνου
929 5249 1086 5315 οὗτος
1119 5255 1217 5323 τῆς
1253 5255 1491 5323 φύσεως,
1527 5255 1624 5306 καὶ
1665 5259 1920 5326 πονηρὸς,

339 5347 515 5416 μυρία
549 5344 896 5416 ὲφευρίσκων
922 5346 1016 5396 καὶ
1045 5344 1284 5405 πλέκων,
1321 5346 1414 5396 καὶ
1436 5343 1586 5396 δεινᾶ
1617 5344 1738 5396 κλθ⁹
1766 5347 1922 5416 ήμῶν

333 5441 428 5493 ἀεὶ
462 5419 879 5509 μηχανώμενος.
925 5437 1038 5492 Καὶ
1074 5438 1122 5488 εί
1158 5436 1233 5506 μὴ
1269 5438 1330 5489 σὺ
1366 5434 1702 5506 ἐξαρπάσεις
1725 5439 1752 5490 ὁ
1786 5441 1920 5493 πάνυ·

328 5543 468 5590 των,
501 5527 596 5580 καὶ
626 5526 794 5580 αὑτοῦ
826 5525 920 5580 τοῦ
971 5525 1213 5595 πονηροῦ
1265 5527 1514 5579 διαϐόλου
1549 5529 1644 5580 καὶ
1677 5529 1785 5582 τῶν
1825 5535 1922 5586 σὺν

329 5619 489 5688 αὐτῷ
518 5621 848 5689 δημιουργὸς
869 5621 962 5674 καὶ
988 5621 1288 5690 Δεσπότης,
1313 5619 1387 5678 ib;
1413 5621 1506 5672 καὶ
1533 5620 1640 5672 τῶν
1673 5623 1922 5689 ἀγγέλων

329 5713 432 5765 καὶ
465 5713 644 5782 ἡμῶν,
677 5709 758 5778 τίς
787 5711 1088 5784 ἐξισχύοειε
1118 5713 1426 5782 ρύσλσθλι;
1459 5713 1517 5765 ού
1550 5713 1656 5786 γὰρ
1687 5714 1916 5788 δύναμις

2028 4525 2234 4580 scimus
2277 4539 2342 4579 ac
2389 4525 2760 4590 dimittimus,
2813 4534 2870 4579 et
2921 4541 3031 4581 non
3080 4527 3288 4583 intrare
3338 4529 3393 4584 in
3443 4541 3616 4586 lenta-

2027 4615 2257 4670 tionem.
2285 4613 2487 4670 Verum
2517 4615 2563 4670 si
2589 4617 2712 4686 quis
2733 4615 2914 4687 justus
2945 4615 3130 4682 fuerit,
3161 4635 3266 4671 non
3293 4619 3452 4674 debet
3480 4621 3616 4676 sibi-

2029 4707 2252 4778 metipsi
2288 4709 2589 4769 conlidere.
2618 4711 2876 4778 quoniam
2901 4709 3088 4778 justus
3117 4725 3225 4764 non
3259 4721 3339 4766 est
3377 4713 3484 4768 nisi
3518 4715 3611 4781 qui

2026 4814 2086 4855 se
2133 4800 2421 4864 humiliat,
2459 4799 2552 4868 qui
2591 4801 3022 4855 misericordiam
3065 4800 3198 4855 facit
3251 4815 3318 4857 ac
3364 4805 3606 4858 dimittit.

2031 4910 2050 4943 ι
2087 4891 2191 4947 Sed
2223 4894 2388 4947 libera
2419 4907 2518 4946 nos
2545 4907 2574 4945 a
2608 4893 2774 4954 malo,
2809 4913 2828 4945 ι
2860 4896 3119 4962 quoniam
3154 4903 3278 4950 tuus
3326 4911 3390 4950 ac
3424 4909 3613 4950 nos:er

2025 4997 2105 5039 est
2140 4983 2396 5038 inimicus
2438 4984 2866 5048 infensissimus,
2893 4986 3269 5056 infatigabilis,
3303 4988 3487 5043 furore
3524 5004 3612 5043 ac-

2025 5091 2248 5142 census,
2279 5091 2378 5130 nos
2409 5084 2588 5129 autem
2623 5093 2732 5146 pra:
2764 5079 2855 5131 illo
2888 5078 3115 5142 intirtni,
3147 5079 3406 5148 quoniam
3440 5081 3612 5135 subti-

2027 5169 2180 5222 lioris
2227 5183 2291 5222 ac
2335 5168 2515 5236 vigilis
2556 5180 2636 5223 est
2681 5177 2928 5236 naturae,
2982 5185 3190 5225 necnon
3233 5172 3320 5226 ille
3361 5181 3444 5226 est
3487 5187 3609 5240 per-

2026 5275 2216 5314 vrrsus
2265 5270 2523 5314 sexcenta
2577 5261 2810 5314 moliens
2873 5271 2928 5316 et
2985 5272 3244 5326 struens,
3296 5261 3610 5336 damnaque

2025 5350 2313 5406 adversum
2348 5367 2458 5406 nos-
2482 5367 2694 5418 semper
2723 5354 3070 5422 maehinans,
3122 5371 3150 5409 a
3179 5371 3288 5424 quo
3321 5359 3366 5412 si
3409 5367 3608 5414 tu‘nos

2026 5459 2132 5498 non
2157 5443 2368 5498 crtteris
2394 5445 2486 5514 qui
2514 5444 2754 5498 omnium
2785 5461 2846 5500 es
2869 5455 2921 5500 et
2948 5447 3120 5516 ipsius
3147 5449 3346 5503 diaboli
3375 5468 3604 5521 nequam

2025 5537 2257 5606 ejusque.
2296 5537 2644 5592 consciorum
2695 5549 2911 5592 creator
2957 5549 3013 5594 et
3049 5539 3338 5609 Dominus,
3373 5544 3517 5601 sicut
3555 5555 3606 5601 et

2025 5629 2342 5699 angelorum
2387 5645 2451 5684 ac
2497 5629 2802 5694 hominum,
2829 5630 2953 5700 quis
2990 5647 3090 5688 nos
3139 5649 3330 5689 eruere
3365 5637 3606 5706 poterit?

2027 5717 2146 5773 Non
2188 5721 2331 5774 enim
2367 5720 2652 5776 colluctari
2689 5735 2980 5790 possumus
3009 5735 3198 5783 contra
3229 5725 3604 5784 adversarium
