4034 6192
399 2514 413 2526 .
510 2445 669 2498 nobis
699 2444 1011 2508 mediatrix,
1045 2445 1328 2500 sacerdote
1361 2445 1612 2501 dicente:

487 125 588 189 587

1337 117 1718 181 SYMEONIS
1779 117 1879 176 Τιί
1896 112 2532 175 ESSXLONlCﬂYSlS
2577 111 2930 172 AliClIlEP.

3621 111 3723 181 588

490 258 596 297 una
629 239 844 308 quidem
893 246 974 294 est
1017 236 1356 307 simplexque
1395 235 1487 291 Dei
1536 235 1724 290 vivens
1756 234 2050 304 sapientia,
2083 235 2103 292 Δ

2191 233 2302 300 πλῆ
2343 233 2374 302 ὴ
2403 229 2496 284 τοῦ
2521 231 2653 282 Θεοῦ
2685 231 2833 292 ζῶσα
2866 230 3049 298 σοφία,
3085 229 3155 281 ὲν.
3176 230 3314 299 αὐτῇ
3343 230 3395 282 δὲ
3431 232 3478 282 οἱ
3527 231 3725 298 θησαυ-

488 337 581 391 sod
644 337 698 389 in
757 335 874 404 ipsa
931 341 1057 387 sunt
1107 346 1297 387 omnes
1340 330 1587 385 thesauri
1641 327 1928 399 sapientiae
2000 335 2061 378 et

489 426 750 482 scientiae.
784 429 851 478 At
879 435 999 494 post
1032 423 1407 478 continentem
1432 422 1892 490 deprecationem,
1925 419 2063 472 ﬁunt

490 519 782 589 petitiones
818 533 881 571 ac
933 517 1134 587 capitis
1204 515 1509 578 inclinatio,
1567 513 1826 569 omnibus
1879 511 2061 579 capita

488 609 883 663 inclinantibus
941 617 994 661 et
1053 624 1176 662 cum
1255 607 1474 662 silentio
1544 605 1836 668 stantibus,
1920 602 2061 670 quod

490 701 683 756 eximie
728 700 970 755 debitam
1024 700 1090 754 ad
1147 699 1316 754 Deum
1347 699 1601 768 pietatem
1655 709 1708 752 et
1739 697 2063 753 servitutem

491 791 826 846 manifestat.
916 791 1186 847 Sacerdos
1248 791 1415 860 igitur
1475 806 1504 843 a
1565 790 1681 842 solo
1759 796 2064 854 sanctoque

493 884 723 939 Domino
779 885 870 953 qui
934 884 986 938 in
1024 885 1178 939 oculis
1208 884 1427 952 quident
1481 897 1577 951 per
1627 881 1854 952 gloriam
1907 895 2063 934 suam

493 976 778 1041 inhabitat,
838 987 1034 1030 cuneta
1092 985 1274 1030 autem
1335 976 1618 1044 prospicit,
1680 973 1768 1028 cui
1827 973 2066 1025 animant

495 1085 622 1124 cum
671 1083 900 1137 corpore
950 1067 1302 1130 inelinamus,
1341 1066 1777 1121 benedictionem
1823 1065 2063 1120 divinam

494 1172 548 1217 et
577 1172 922 1231 peccatorum
951 1162 1150 1231 quibus
1182 1162 1437 1215 voluntas
1465 1161 1750 1215 consensit
1789 1160 1873 1214 vel
1900 1157 2068 1213 etiam

495 1262 548 1307 et
578 1267 606 1305 a
634 1253 834 1322 quibus
865 1252 1040 1306 abfuit
1063 1252 1579 1315 veniam,bonorum
1601 1259 1705 1302 tam
1726 1263 1916 1302 eorum
1951 1261 2071 1316 quae

496 1346 550 1399 in
594 1345 798 1399 mundo
846 1362 1006 1413 quam
1043 1360 1164 1414 quae
1219 1359 1379 1411 super
1421 1343 1683 1395 mundum
1729 1349 1858 1394 sunt
1909 1339 2072 1406 largi-

433 1465 435 1468 -
498 1439 702 1490 tionem
737 1439 1084 1506 deprecatus,
1112 1435 1364 1501 exsurgit
1398 1435 1541 1487 velut
1593 1448 1620 1486 a
1669 1431 1777 1484 Deo
1809 1431 2072 1484 corrobo-

431 1532 436 1536 ’
495 1540 669 1592 ratus,
703 1539 755 1582 et
780 1541 1000 1584 erectus
1031 1543 1153 1580 cum
1181 1527 1378 1596 populo
1407 1525 1618 1594 gratias,
1642 1537 1804 1594 agens
1835 1524 2031 1578 clamat
2059 1540 2071 1576 :

2169 327 2251 394 poi
2285 323 2385 392 τῆς
2417 323 2610 391 σοφίας
2640 323 2748 375 εἰσὶ
2783 322 2879 374 καὶ
2924 322 3023 389 τῆς
3053 319 3326 388 γνώσεως.
3361 323 3515 374 Μετὰ
3549 324 3601 375 δὲ
3637 329 3727 390 τὴν

2167 419 2358 484 ἐκτενῆ
2391 415 2574 482 δέησιν
2600 415 2653 466 αἱ
2681 415 2946 482 αἰτήσεις,
2992 413 3085 467 καὶ
3112 414 3144 479 ἡ
3174 414 3271 480 τῆς
3299 413 3728 479 κεφαλοκλισίας,

2167 512 2460 564 κλινόντων
2505 510 2723 563 πάντων
2781 509 2878 570 τὰς
2940 509 3204 578 κεφαλὰς,
3241 511 3334 561 καὶ
3384 511 3524 575 μετὰ
3580 516 3728 575 σιγῆς

2171 604 2480 674 ἱσταμένων
2501 619 2515 634 ο
2549 602 2577 654 ὅ
2605 602 2668 671 δὴ
2697 603 2794 671 τὴν
2831 602 2953 654 καθ’
2985 600 3294 672 ὑπερϐολὴν
3323 604 3578 670 σημαίνει
3610 605 3732 668 πρδς

2169 696 2260 749 τὸν
2295 696 2429 748 Θεὸν
2473 693 2837 763 ὀφειλομένην
2900 693 3212 759 εὐλάϐειαν,
3245 695 3338 745 καὶ
3388 693 3488 761 τὴν
3519 693 3733 757 ἔνδειξιν

2170 791 2268 859 τῆς
2300 787 2568 847 δουλείας.
2601 786 2978 854 Αἱτησάμενος
2999 785 3090 838 οὖν
3121 786 3270 852 παρὰ
3302 784 3396 836 τοῦ
3427 785 3585 853 μόνου
3624 787 3730 838 Κν-

2175 881 2291 950 ρίου
2337 881 2430 932 καὶ
2467 880 2626 947 ἁγίου
2657 881 2682 930 ὀ
2718 879 2919 949 ἱερεὺς,
2957 878 3050 932 τοῦ
3079 880 3136 929 ὲν
3168 877 3393 946 ὑψηλοῖς
3429 879 3527 943 μὲν
3567 896 3738 928 κατοι-

2168 973 2393 1033 κοῦντος
2427 973 2526 1041 τῆς
2571 970 2736 1023 αὐτοῦ
2787 970 2971 1039 δόξης,
3008 970 3187 1042 πάντα
3220 970 3275 1022 δὲ
3327 971 3653 1040 ἐφορῶντος,
3695 963 3732 1035 ᾧ

2173 1065 2266 1117 καὶ
2293 1064 2388 1125 τὰς
2408 1062 2584 1131 ψυχὰς
2617 1066 2712 1114 σὺν
2745 1066 2854 1124 τοῖς
2889 1061 3138 1131 σώμασιν
3167 1061 3569 1128 ὐπεκλίναμεν,
3596 1063 3738 1112 εὐλί-

2173 1157 2300 1224 γίοιν
2353 1157 2504 1209 θείαν
2553 1157 2646 1208 καὶ
2695 1155 2793 1224 τὴν
2847 1156 2955 1207 τῶν
3018 1155 3284 1208 ἑκουσίων
3335 1156 3430 1206 καὶ
3483 1156 3740 1207 ἀκουσίων

2175 1249 2592 1318 ἁμαρτημάτων
2629 1249 3004 1317 συγχώρησιν,
3037 1248 3130 1300 καὶ
3174 1247 3270 1315 τὴν
3306 1246 3415 1298 τῶν
3444 1250 3740 1312 ἐγκωμίων

2177 1337 2396 1405 ἀγαθῶν
2436 1339 2532 1390 καὶ
2565 1338 2673 1390 τῶν
2711 1337 3102 1406 ὑπερκοσμίων
3131 1338 3423 1406 χορηγίαν,
3464 1335 3739 1402 agnam.

2176 1446 2264 1481 ται
2291 1429 2364 1490 ὡς
2399 1428 2706 1498 ἐνισχυοεὶς
2737 1430 2888 1497 παρὰ
2939 1427 3096 1491 Θεοῦ,
3129 1428 3222 1480 καὶ
3256 1427 3575 1494 ἁνεγερθε“ις
3615 1428 3741 1492 μετᾶ

2177 1519 2270 1570 τοῦ
2319 1518 2446 1571 λαοῦ
2479 1521 2572 1572 καὶ
2622 1519 2961 1588 εὐχαριστῶν
2997 1520 3252 1586 ὲκφωνεῖ,
3296 1537 3312 1568 ι
3356 1518 3454 1570 Σὺν
3485 1519 3591 1587 γάρ
3636 1521 3743 1570 ἐστι

506 1638 522 1668 ι
549 1618 725 1672 Tuum
759 1628 842 1672 est
872 1619 1017 1671 enim
1050 1617 1295 1670 misereri
1327 1626 1380 1668 et
1407 1629 1654 1683 parcere.
1693 1632 1710 1664 ι
1748 1611 1904 1666 Tune
1951 1611 2073 1665 facit

2191 1612 2241 1663 τὸ
2283 1611 2454 1664 ἐλεεῖν
2487 1613 2582 1663 καὶ
2638 1610 2854 1674 σώζειν.
2903 1632 2921 1664 ι
2961 1613 3069 1665 Καὶ
3100 1613 3221 1665 τότε
3271 1615 3511 1664 ποιεῖται
3566 1614 3628 1664 τὰ
3653 1614 3744 1678 τῆς

501 1709 836 1764 dimissiuuis
887 1711 1076 1762 ritum.
1140 1707 1204 1759 Ει
1234 1706 1430 1758 iterum
1485 1706 1722 1757 clamat:
1779 1703 2073 1771 Sapientia,

501 1811 724 1871 propter
743 1803 983 1855 additam
1025 1802 1353 1859 orationem,
1387 1808 1442 1850 ut
1478 1797 1794 1852 audiamus.
1835 1797 1937 1851 Sed
1959 1812 2078 1865 quat

501 1904 582 1947 est
615 1893 758 1948 ista?
823 1913 840 1943 ‹
872 1893 973 1959 Qui
1007 1909 1064 1946 es
1107 1892 1425 1946 benedictus
1475 1889 1617 1943 Dens
1670 1900 1856 1943 noster
1891 1891 1943 1942 in
1981 1904 2081 1944 saa-

503 1985 643 2050 cnla,
681 2003 699 2036 )
743 1983 885 2052 quod
922 2000 988 2038 ex
1015 1983 1156 2037 libro
1185 1982 1381 2051 Mnysis
1423 1982 1690 2044 sumitur,
1717 1980 2078 2034 aternitatem

502 2087 560 2132 et
609 2077 1112 2132 immutabilitatetn
1151 2076 1239 2132 Dei
1295 2075 1630 2146 significans,
1686 2077 1754 2128 ab
1806 2075 1923 2143 ipso
1975 2076 2081 2128 Deo

505 2169 750 2226 dictum:
804 2189 820 2222 ι
848 2170 958 2239 Ego
981 2186 1102 2224 sutn
1131 2169 1232 2239 'qui
1257 2185 1402 2234 sum,
1432 2188 1448 2220 ι
1484 2177 1537 2222 et
1570 2185 1582 2222 :
1620 2188 1638 2219 ι
1674 2167 1773 2232 Qui
1809 2175 1893 2222 est
1933 2167 2083 2221 misit

507 2275 615 2315 me.
649 2279 667 2311 ι
725 2261 936 2316 Deinde
1010 2261 1221 2331 angelis
1295 2259 1745 2315 venerabiliorem
1795 2259 2079 2329 Deiparam

509 2354 763 2407 invocant
800 2367 1009 2419 omnes,
1047 2363 1236 2422 utpote
1263 2369 1383 2422 qua:
1411 2363 1494 2408 cst
1543 2368 1706 2422 super
1739 2367 1930 2404 omnes
1985 2364 2082 2419 pro

1677 2464 1692 2494 ι
1723 2444 2082 2499 Sanctissima

510 2535 774 2606 Deipara,
817 2552 1080 2592 sui-curre
1140 2538 1316 2594 nobis.
1349 2557 1366 2590 ›
1420 2540 1486 2593 Ει
1525 2538 1793 2606 denique:
1855 2557 1871 2587 ι
1898 2536 2084 2590 Gloria

513 2628 661 2682 Patri
710 2639 762 2684 et
814 2629 954 2684 Filio
1025 2639 1078 2685 et
1138 2629 1367 2700 Spiritui
1419 2640 1630 2692 sancto,
1665 2651 1683 2681 ι
1747 2634 1800 2684 in
1837 2631 2082 2683 ultimam

492 2723 885 2776 ‘laudationem
956 2731 1160 2776 sanctae
1216 2721 1503 2777 Trinitatis
1558 2723 1796 2775 clamant
1847 2731 2082 2776 stantes.

516 2815 786 2891 Sacerdos
821 2815 981 2870 finem
1019 2815 1252 2884 imponit
1304 2830 1398 2883 per
1443 2816 1774 2878 orationem,
1802 2815 1946 2884 quod
2005 2814 2089 2868 dii

515 2906 709 2962 missio
755 2907 1085 2976 appellatur,
1155 2907 1412 2976 quoniam
1471 2907 1603 2960 nulli
1663 2907 1810 2968 licet,
1880 2907 2085 2961 relictis

2181 1705 2522 1768 ἀπολύσεως.
2547 1705 2657 1758 Καὶ
2681 1705 2742 1757 τὸ
2769 1705 2961 1774 Σοφία
2986 1707 3146 1758 πάλιν
3179 1706 3351 1776 ἐκϐοᾷ
3382 1705 3469 1756 διὰ
3498 1708 3592 1774 τὴν

2181 1797 2417 1866 γομένην
2483 1796 2668 1867 εὐχὴν,
2706 1797 2789 1849 ἵνα
2850 1798 3275 1869 ἀκροασώμεθα.
3336 1800 3430 1861 Ti;
3478 1799 3530 1851 δὲ
3574 1801 3742 1865 αὖτης

2188 1909 2204 1938 ι
2251 1888 2309 1940 '0
2344 1889 2417 1940 ῶν
2450 1888 2738 1957 εὐλογητὸς
2769 1888 2902 1951 Θεὸς
2949 1890 3107 1958 ἡμῶν
3137 1891 3393 1946 πάντοτε.
3444 1909 3461 1940 ι
3497 1892 3657 1943 Τοῦτο
3690 1895 3745 1942 ἐκ

2181 1982 2280 2050 τῆς
2325 1980 2513 2049 βίϐλου
2568 1981 2665 2034 τοῦ
2696 1982 2976 2044 Μωῦσέως
3011 1983 3150 2043 ἐστὶ,
3180 1983 3242 2035 τὺ
3267 1983 3358 2034 ἀεὶ
3383 1981 3440 2034 ὂν
3470 1984 3561 2035 καὶ
3594 1983 3745 2034 ἀνα).-

2182 2069 2406 2123 λοίωτον
2436 2069 2530 2122 τοῦ
2576 2069 2712 2123 Θεοῦ
2744 2073 3033 2140 σημαῖνον,
3083 2072 3216 2140 παρ’
3245 2071 3416 2124 αὐτοῦ
3451 2072 3632 2140 λεχθὲν
3662 2071 3745 2123 τοῦ

2183 2160 2354 2215 Θεοῦ·
2390 2183 2406 2212 ι
2457 2161 2601 2229 Ἐγὼ
2630 2162 2746 2230 εἰμι
2783 2164 2810 2214 ὁ
2843 2161 2942 2227 ὢν,
2978 2181 2996 2214 ι
3033 2164 3151 2226 καὶ,
3187 2180 3207 2214 ε
3244 2164 3308 2215 ’0
3344 2163 3420 2216 ὢν
3449 2165 3745 2217 ἀπέσταλκε

2187 2273 2275 2325 με.
2322 2273 2340 2306 ι
2377 2249 2508 2309 Εἶτα
2549 2255 2647 2322 τὴν
2685 2254 2793 2308 τῶν
2835 2255 3088 2324 ἀγγέλων
3125 2257 3466 2326 τιμιωτέραν
3499 2257 3744 2308 Θεοτόκον

2185 2345 2576 2402 ἱπικαλοῦνται
2615 2346 2816 2410 πάντες
2837 2347 2911 2411 ὡς
2940 2348 3078 2417 ὑπὲρ
3116 2348 3330 2412 πάντας
3363 2345 3739 2418 μεσῖτινοῦσπν

2186 2441 2326 2508 ὑπὲρ
2351 2437 2533 2508 ἡμῶν,
2559 2436 2651 2491 τοῦ
2673 2439 2884 2508 ἱερέως,
2921 2457 2940 2490 ι
2965 2438 3268 2510 ’Υπεραγία
3296 2439 3548 2506 Θεοτόκε,
3581 2439 3747 2508 βοήθει

2186 2534 2340 2601 ἡμῖν,
2379 2549 2396 2581 ι
2428 2531 2703 2595 λέγοντοςο
2744 2530 2852 2584 Καὶ
2892 2530 3202 2585 τελευταῖον
3249 2533 3338 2596 τὸ,
3372 2552 3391 2584 ι
3423 2533 3556 2598 Δόξα
3589 2533 3748 2601 "arpi.

2188 2626 2283 2676 καὶ
2317 2622 2430 2691 Υἱῷ
2460 2623 2550 2675 καὶ
2582 2621 2726 2692 ἁγίῳ
2752 2621 3055 2692 Πνεύματι,
3089 2642 3107 2674 ι
3144 2624 3224 2686 εἰς
3255 2625 3428 2694 228
3456 2625 3750 2691 δοξολογίαν

2186 2717 2507 2770 τελευταίαν
2542 2716 2640 2785 τῆς
2671 2715 2834 2785 ἁγίας
2875 2717 3103 2786 Τριάδος
3147 2718 3618 2788 ἀναφωνησάντων
3652 2717 3749 2766 τῶν

2193 2810 2518 2879 ἱσταμένων,
2547 2812 2576 2862 ὁ
2619 2811 2797 2882 ιερεύς
2833 2813 2892 2866 τὸ
2927 2813 3081 2876 τέλος
3125 2813 3328 2881 ἐπάγει
3390 2813 3454 2866 δι’
3508 2813 3686 2880 εὐχῆς.
3727 2809 3750 2862 δ

2192 2903 2284 2956 καὶ
2317 2904 2577 2966 ἀπόλυσις
2607 2905 2827 2973 λέγεται
2848 2921 2863 2938 ο
2899 2905 3200 2976 ἐπειδήπερ
3231 2908 3341 2960 οὐκ
3376 2906 3520 2958 ἔστιν
3550 2903 3750 2970 ἐξουσία

516 2998 735 3067 hymnis
761 2997 964 3053 divinis
1003 2999 1172 3063 exire,
1212 2998 1308 3051 sed
1350 2998 1472 3051 data
1503 2999 1808 3052 sacer-detis
1843 3000 2084 3053 licentia.

2191 2997 2300 3049 τινὶ
2334 2997 2459 3060 τοὺς
2519 2997 2697 3060 θείους
2755 2997 2964 3068 ὕμνους
3013 2999 3368 3052 καταλιπόντι
3415 2995 3747 3068 πορεύεσθαι,

517 3087 884 3153 Quamobrem
917 3089 1372 3157 quemadmodum
1423 3103 1524 3145 iste
1578 3093 1812 3159 hymnos
1865 3093 2086 3159 incepit,

473 3222 482 3230 .
520 3177 596 3232 ita
633 3178 776 3233 idem
808 3186 861 3232 et
895 3178 1055 3234 ﬁnem
1106 3178 1236 3233 facit
1265 3196 1563 3251 precesque
1598 3181 1868 3250 obsignat.

1019 3379 1246 3435 CAPUT
1274 3381 1593 3438 CCCXXIII.

524 3468 600 3523 De
645 3470 942 3538 precatione
975 3472 1028 3524 in
1081 3472 1186 3539 ﬁne
1219 3474 1344 3554 five.
1381 3474 1692 3551 dimissione
1731 3477 1880 3545 oﬁicii
1931 3479 2095 3534 cccle-

810 3580 824 3586 —
1194 3553 1418 3596 διαειιει.

601 3631 668 3686 Et
726 3633 936 3687 nullum
990 3644 1075 3688 est
1115 3634 1258 3688 aliud
1297 3636 1533 3705 sigillum
1584 3637 1690 3692 nisi
1740 3641 1832 3708 qui
1871 3650 2092 3708 propter

529 3740 634 3778 nos
671 3725 736 3778 ad
785 3741 884 3779 nos
913 3727 1057 3780 venit
1087 3742 1181 3795 per
1213 3741 1454 3781 carnem.
1516 3729 1642 3798 Ipso
1689 3731 1852 3799 igitur
1880 3733 2099 3788 Christo

525 3831 654 3869 vero
684 3815 813 3880 Deo,
859 3827 919 3871 ut
950 3817 1091 3872 dixit
1123 3818 1423 3888 discipulus
1456 3819 1592 3889 ejus'
1618 3819 1862 3878 Joannes
1891 3843 1903 3876 ε
1939 3843 1956 3876 ι
1993 3826 2097 3880 Hic

527 3913 609 3959 est
665 3922 826 3961 verus
887 3906 1031 3963 Deus
1091 3918 1145 3963 et
1202 3909 1311 3963 vita
1363 3919 1645 3976 :nterna,»
1704 3913 1958 3969 invocato
2006 3931 2101 3984 per

530 3997 990 4054 intercessionem
1047 4010 1252 4055 sancta:
1281 4001 1398 4070 eius
1434 4001 1649 4070 Matris,
1682 4020 1750 4066 ex
1783 4021 1888 4076 qua
1917 4007 2101 4062 incar-

531 4102 695 4145 natus
744 4101 850 4155 est,
895 4092 1251 4162 omniumque
1304 4102 1619 4148 sanctorum
1655 4096 1816 4164 ejus;
1852 4113 1975 4151 nam
2034 4101 2100 4154 ad

530 4183 922 4238 ostendendam
983 4200 1254 4238 summam
1293 4185 1680 4255 benignitatem
1731 4202 1886 4242 suam
1938 4190 2103 4245 homo

2191 3087 2306 3142 ἀλλ’
2333 3088 2535 3142 ἐνδόσει
2561 3089 2655 3143 τοῦ
2682 3090 2892 3159 ἱερέως.
2915 3090 3015 3145 Διὰ
3039 3090 3195 3144 τοῦτο
3218 3091 3417 3161 ὥσπερ
3444 3091 3549 3144 τῶν
3579 3089 3752 3157 ὓμνων

2192 3178 2345 3242 οὗτος
2371 3179 2674 3250 ἁπήρξατο,
2714 3181 2897 3234 καὶτὸ
2940 3183 3093 3244 τέλος
3143 3174 3302 3244 οὗτός
3341 3185 3486 3235 ἐστιν
3515 3183 3540 3233 ὁ
3579 3177 3753 3231 ἀποδι-

2193 3271 2336 3338 δοὺς,
2368 3272 2465 3324 καὶ
2499 3271 2916 3343 ὲπισφραγίζων
2950 3275 3020 3328 τὰ
3051 3273 3161 3327 τῶν
3201 3273 3403 3343 εὐχῶν.

2748 3388 2998 3441 ΚΕΦΑΛ.
3032 3389 3206 3444 ΤΚΓθ.

2455 3481 2592 3549 Περὶ
2629 3480 2735 3550 τῆς
2764 3480 2952 3550 εὐχῆς
2981 3481 3092 3552 τῆς
3120 3483 3506 3550 ἀπολύσεως.

2216 3666 2228 3677 -
2267 3641 2377 3694 Καὶ
2427 3642 2461 3710 ἠ
2512 3642 2748 3709 σφραγὶς
2783 3641 2934 3696 οὐδὲν
2967 3642 3094 3696 ἄλλο
3148 3643 3197 3696 εί
3257 3645 3339 3713 μὴ
3367 3645 3395 3696 ὁ
3438 3643 3573 3712 ὑπὲρ
3611 3640 3758 3711 ήμῶν

2201 3729 2372 3782 ἐλθὼν
2399 3731 2534 3801 πρὸς
2573 3733 2723 3801 ἡμᾶς
2777 3732 2867 3786 διὰ
2899 3735 3123 3802 σαρκός.
3161 3733 3347 3788 Αὐτὸν
3377 3730 3470 3787 οὖν
3515 3733 3603 3786 τὸν
3634 3733 3759 3802 Χρι-

2202 3821 2325 3873 στὸν
2355 3821 2447 3874 τὸν
2471 3821 2725 3890 ἀληθινὸν
2752 3823 2905 3888 Θεὸν,
2937 3823 3011 3886 ῶς
3050 3841 3216 3892 φησιν
3259 3825 3286 3875 ὁ
3331 3823 3576 3894 μαθητὴς
3603 3817 3757 3874 αὐτοῦ

2213 3911 2487 3983 Ἰωάννης,
2529 3931 2547 3965 ι
2589 3907 2756 3976 Οὗτός
2785 3916 2934 3966 ἐστιν
2990 3916 3017 3967 ὁ
3074 3914 3332 3984 ἀληθινὸς
3369 3916 3502 3974 Θεὸς
3533 3916 3622 3966 καὶ
3655 3911 3759 3978 ζωὴ

2203 4004 2443 4068 αἰώνιος,
2481 4022 2500 4056 ι
2539 4004 3007 4074 ἐπικαλεσάμενος
3046 4006 3134 4058 διὰ
3185 4006 3296 4058 τῶν
3334 4005 3639 4077 πρεσϐειῶν
3668 4004 3757 4071 τῆς

2157 4115 2164 4122 ‘
2205 4094 2364 4162 ἁγίας
2393 4095 2558 4149 αὑτοῦ
2591 4096 2834 4170 Μητρὸς,
2864 4096 2922 4160 ἐξ
2959 4091 3028 4166 ἦς
3074 4096 3393 4167 ἐσαρκώθη,
3434 4098 3530 4152 καὶ
3559 4098 3760 4149 πάντων

2204 4183 2312 4236 τῶν
2343 4185 2516 4253 ἁγίων
2548 4186 2739 4239 αὐτοῦ’
2797 4189 2891 4240 καὶ
2922 4187 3031 4256 γὰρ
3058 4188 3257 4257 δεῖγμα
3289 4190 3387 4265 τῆς
3431 4189 3606 4261 ἄκρας
3637 4203 3758 4263 χρη-

531 4273 709 4327 factus
736 4284 839 4339 est,
862 4281 918 4326 et
936 4283 1162 4327 matrem
1194 4273 1385 4328 habuit
1415 4275 1758 4344 chorutnque
1781 4288 2097 4334 sanctorum

2210 4275 2469 4345 στότητος
2502 4277 2668 4330 αὐτοῦ
2703 4278 2762 4329 τὸ
2801 4279 3240 4348 ὲνανθρωπῆσαι,
3275 4283 3370 4338 καὶ
3407 4281 3613 4349 μητέρα
3641 4277 3762 4342 κτὴο

533 4366 625 4434 qtti
693 4365 740 4418 ei
799 4365 1164 4432 placuerunt:
1231 4363 1538 4420 «Miserere
1591 4370 1764 4421 nostri
1817 4379 1871 4424 et
1922 4370 2104 4426 salvos

539 4457 690 4518 fac,»
749 4456 985 4524 inquit;
1043 4456 1178 4510 nihil
1235 4458 1378 4510 enim
1416 4472 1443 4510 a
1478 4459 1638 4513 nobis
1703 4461 1965 4518 habemus
1998 4463 2101 4520 nisi

535 4549 680 4618 quod
707 4549 821 4617 ipse
852 4557 1075 4618 prepter
1101 4563 1254 4604 suam
1275 4548 1574 4604 bonitatem
1609 4550 1785 4606 factus
1814 4562 1899 4608 est
1919 4553 2100 4622 homo,

535 4650 590 4695 et
623 4639 794 4694 Mater
817 4641 1102 4710 sanctique
1133 4641 1278 4695 illius
1309 4656 1338 4695 a
1374 4641 1532 4696 nobis
1554 4651 1701 4698 sunt.
1730 4643 1795 4700 Et
1825 4647 1896 4700 ita
1922 4649 2104 4701 statim

535 4747 726 4801 preces
758 4748 857 4802 pro
884 4733 1153 4788 defunctis
1202 4734 1566 4811 persolvimus
1616 4744 1730 4789 tum
1785 4739 2106 4806 proceribus

536 4840 600 4878 ac
630 4826 899 4894 patribus,
929 4835 1039 4878 tum
1073 4825 1372 4879 secundum
1425 4841 1646 4880 carnem
1693 4831 2023 4898 conjunctis,
2052 4841 2108 4886 et

537 4919 616 4972 eis
640 4919 840 4986 quibus
866 4917 1140 4972 debitores
1168 4933 1382 4973 sumus.
1421 4917 1589 4973 Porro
1623 4921 1994 4976 necessarium
2023 4930 2108 4977 est

540 5013 733 5062 horum
771 5008 1107 5074 meminisse,
1141 5009 1405 5078 quoniam
1435 5025 1537 5063 nos
1584 5024 1648 5063 ex
1704 5009 1839 5078 ipsis
1871 5021 1924 5066 et
1981 5027 2107 5066 cum

540 5100 673 5167 ipsis
725 5098 1139 5164 collocabimur,
1195 5099 1756 5167 Dominusque,sieut
1813 5116 1916 5169 pro
1945 5103 2104 5164 vivis,

542 5190 615 5244 ita
653 5199 704 5244 et
733 5205 827 5258 pro
859 5191 1091 5244 mortuis
1118 5205 1312 5258 passus
1342 5199 1425 5244 est
1453 5205 1515 5245 ac
1541 5199 1813 5256 mortuus,
1845 5202 2008 5262 atque
2044 5207 2109 5246 ex

543 5280 646 5338 hoc
673 5282 842 5333 multa
873 5291 959 5335 est
995 5282 1202 5338 utilitas
1232 5291 1343 5335 tum
1382 5282 1460 5336 eis
1489 5297 1720 5351 quorum
1762 5283 2109 5347 recordatur,

544 5381 654 5424 tum
713 5373 842 5441 ipsis
878 5375 1316 5430 recordantibus.
1381 5372 1519 5440 Qua:
1569 5375 2024 5430 commemoratio
2054 5376 2112 5428 tit

543 5476 759 5532 quoque
789 5472 910 5532 post
948 5465 1208 5533 hymnum
1241 5467 1431 5536 primae
1469 5465 1634 5519 hom.

2211 4365 2427 4428 σασθαι,
2486 4367 2582 4418 καὶ
2641 4367 2804 4437 χορὸν
2840 4368 3011 4436 ἁγίων
3062 4371 3550 4440 εὐαρεστησάντων
3600 4367 3758 4436 αὐτῷ.

2211 4473 2234 4508 ‹
2274 4454 2528 4528 Ἐλεήσαι
2579 4460 2726 4528 ἡμᾶς
2775 4461 2869 4512 καλ⁹
2900 4460 3093 4525 σώσαι,
3132 4481 3150 4512 ι
3192 4465 3378 4532 φησίν.
3417 4462 3490 4514 Οὐ
3542 4462 3642 4529 γὰρ
3678 4455 3764 4526 ἀφ’

2208 4550 2414 4602 ἑαυτῶν
2437 4567 2489 4604 τι
2517 4551 2856 4622 κεκτήμεθα,
2896 4553 2928 4622 ἢ
2969 4552 3028 4605 τὸ
3063 4554 3315 4621 γενέσθαι
3346 4555 3505 4607 αὐτὶν
3532 4555 3606 4609 δι’,
3633 4555 3762 4617 ἁγα-

2209 4641 2410 4711 θότητα
2449 4644 2763 4715 ἄνθρωπον,
2799 4645 2894 4697 καὶ
2928 4645 3026 4713 τὴν
3071 4647 3301 4715 Μητέρα
3328 4645 3496 4699 αὐτοῦ
3528 4645 3586 4710 ἐξ
3613 4642 3761 4710 ἡμῶν

2208 4729 2396 4795 οὖσαν,
2419 4732 2516 4785 καὶ
2549 4734 2676 4796 τοὺς
2705 4733 2897 4795 ἁγίους
2933 4736 3121 4788 αὑτοῦ.
3150 4738 3258 4790 Καὶ
3306 4736 3478 4798 οὕτως
3512 4736 3669 4796 εὐθὺς
3698 4732 3762 4783 τὰ

2212 4822 2351 4888 ὑπὲρ
2380 4823 2487 4876 τῶν
2511 4823 2857 4878 ἀπελθόντων
2883 4826 3262 4898 ἐπιτελοῦμεν,
3300 4828 3564 4896 κτιτόρων
3590 4843 3646 4878 τε
3677 4821 3762 4874 καὶ

2211 4914 2466 4990 πατέρων
2508 4916 2691 4984 ἡμῶν,
2726 4917 2821 4969 καὶ⁷
2866 4917 2976 4969 τῶν
3011 4921 3152 4971 κατὰ
3187 4920 3364 4989 σάρκα
3395 4919 3628 4976 οἰκείων,
3679 4913 3765 4964 καὶ

2213 4999 2287 5059 ὧν
2309 5007 2622 5076 ὀφείλομεν.
2669 5009 2992 5077 Ἀναγκαῖον
3019 5010 3075 5063 δὲ
3110 5010 3170 5063 τὺ
3203 5028 3265 5077 με
3277 5009 3509 5077 μνῆσθπιι
3534 5007 3727 5058 τούτων
3747 5043 3761 5065 9

2213 5101 2294 5152 ὅτι
2330 5103 2422 5152 καὶ
2454 5101 2512 5165 ἐξ
2541 5100 2720 5154 αὐτῶν
2768 5102 2947 5171 ἡμεῖς,
3009 5103 3104 5154 καὶ
3142 5104 3240 5155 σὺν
3277 5104 3459 5162 αὐτοῖς
3509 5096 3766 5167 τάχθησὸ-

2219 5191 2357 5260 μεθα
2377 5207 2390 5222 ο
2423 5193 2515 5244 καὶ
2545 5194 2572 5243 ὁ
2599 5192 2787 5260 Σωτὴρ
2834 5191 3022 5263 ὥσπερ
3053 5193 3194 5259 ὑπὲρ
3248 5192 3485 5255 ζώντων,
3511 5192 3602 5242 καὶ
3632 5185 3763 5252 ὑπὲρ

2216 5283 2526 5335 τεθνεώτων
2561 5284 2801 5336 πέπονθε
2857 5285 2953 5336 καὶ
2983 5285 3214 5355 τέθνηκε
3240 5301 3255 5316 ·
3286 5286 3379 5336 καὶ
3425 5285 3534 5343 τοῖς
3571 5292 3766 5348 μνημο-

2217 5374 2526 5442 νευομένοις
2557 5375 2784 5442 πλείστη
2829 5377 2896 5427 ἐκ
2950 5375 3141 5429 τούτου
3178 5379 3210 5444 ἡ
3242 5375 3501 5443 ὠφέλεια,
3531 5372 3616 5423 καὶ
3663 5367 3765 5426 τοῖς

2225 5465 2653 5533 μνημονεύουσιν
2673 5468 2824 5535 ἡμῖν.
2856 5465 3003 5536 Αὕτη
3037 5467 3091 5519 δὲ
3117 5469 3145 5536 ἡ
3173 5471 3362 5538 μνήμη
3395 5467 3490 5518 καὶ
3520 5461 3652 5531 μετὰ
3676 5456 3762 5510 τὸν

2223 5553 2388 5622 ’ὐςινον
2417 5555 2512 5618 τῆς
2551 5554 2774 5624 πρώτης
2811 5555 3018 5622 γίνεται
3048 5557 3218 5626 ὥρας.
