4034 6192
234 149 333 214 591

721 287 944 344 CAPUT
981 290 1302 347 CCCXXVI.

230 404 308 459 De
334 405 538 461 steteris
576 404 734 471 horis,
767 406 945 467 tertia,
976 418 1124 489 sexta
1156 416 1206 461 et
1238 424 1375 462 nona
1403 423 1422 463 :
1454 426 1515 463 ac
1552 412 1711 464 simul
1736 411 1799 465 de

907 494 1100 545 prima.

302 568 490 639 Itaque
535 570 621 625 ille
657 578 739 625 est
766 570 903 626 ordo
936 572 1084 627 horae
1112 575 1333 643 primae;
1386 575 1454 629 ad
1493 576 1709 630 tertiam
1745 582 1799 627 et

226 668 437 717 sextam
466 661 713 718 similiter
735 664 981 734 psallitur
1009 680 1103 734 per
1129 667 1394 729 diversos,
1416 668 1509 723 sed
1533 666 1619 722 bis
1643 667 1795 722 horis

225 762 522 808 consuetos
557 755 792 823 psalmos
837 766 895 841 et,
946 757 1269 821 versiculos,
1321 756 1610 827 Trisagion
1666 772 1795 811 vero

227 853 434 898 tantum
456 846 523 901 ad
558 847 792 911 tertiam,
828 857 1113 917 postquam
1145 849 1483 904 benedixerit
1516 850 1790 911 sacerdos,

226 934 445 995 dicitur,
480 944 534 989 et
564 935 857 992 duodecies
891 952 904 991 :
970 956 990 988 ι
1015 937 1175 1009 Kyrie
1207 940 1432 1001 eleison,
1464 957 1482 991 ι
1521 938 1611 1006 qui
1653 939 1793 993 ritus

224 1025 391 1077 etiam
418 1028 471 1079 in
504 1025 633 1079 hora
667 1029 906 1091 nona,in
936 1029 1306 1098 Completorio
1346 1038 1400 1083 ct
1424 1030 1476 1083 in
1514 1029 1794 1083 Matutinis

224 1114 482 1184 precibus
525 1116 579 1170 in
634 1117 895 1173 honorem
949 1130 1155 1175 sanctae
1188 1120 1473 1175 Trinitatis
1516 1130 1790 1182 servatur,

226 1216 387 1275 prout
437 1222 687 1263 seorsum
755 1209 964 1264 dictum
1021 1221 1106 1266 est
1169 1210 1236 1267 de
1312 1211 1480 1266 simili
1543 1210 1791 1266 oratione

228 1295 481 1365 Trisagii.
509 1296 937 1367 Dicitnrautem,
976 1318 994 1352 ι
1024 1298 1185 1372 Kyrie
1205 1301 1471 1367 cleison,»
1503 1300 1792 1357 duodecies

228 1397 449 1459 propter
488 1388 776 1445 duodecim
819 1391 926 1446 diei
971 1400 1024 1447 et
1054 1390 1340 1448 duodecim
1375 1393 1552 1446 noctis
1603 1394 1788 1457 horas,

230 1481 281 1534 in
313 1481 804 1537 sanctilicationem
835 1493 1078 1538 nostram
1112 1494 1164 1537 et
1195 1485 1263 1537 ad
1293 1482 1591 1551 expiandas
1620 1482 1792 1537 offen-

226 1587 316 1627 sas
360 1573 411 1626 in
463 1573 543 1628 eis
586 1575 931 1640 commissas,
963 1574 1416 1644 quemadmodum
1463 1574 1790 1644 quadragies

227 1663 443 1730 dicitur,
489 1681 506 1715 ι
544 1662 712 1735 Kyrie
747 1666 976 1731 eleisun,
1012 1685 1027 1715 ι
1080 1666 1151 1718 ob
1198 1680 1291 1721 eas
1342 1680 1479 1734 quas
1513 1664 1797 1721 retulimus

223 1771 443 1811 causas.

685 1847 915 1904 CAPUT
984 1846 1333 1905 CCCXXV".

404 1937 478 1995 De
512 1938 741 1995 Psalmis
782 1942 922 1996 hora:
947 1945 1130 2007 tertiw,
1169 1952 1330 1996 sextae
1355 1952 1403 1996 et
1437 1958 1611 1996 nonw.

299 2031 465 2103 Igitur
514 2033 567 2087 in
609 2034 755 2093 horis
803 2034 1054 2105 singulis,
1087 2036 1283 2105 prima,
1319 2035 1499 2101 tertia,
1533 2043 1687 2091 sexta
1738 2044 1791 2089 et

228 2143 370 2181 nona
413 2127 554 2183 istud
590 2127 837 2192 :Venite,
876 2127 1186 2194 adoremus,
1224 2142 1531 2198 sequuntur
1568 2137 1795 2199 propter

226 2230 466 2274 sanetam
500 2219 827 2277 Trinitatem
863 2229 972 2277 tres
1010 2222 1208 2288 psalmi
1258 2223 1322 2276 ad
1360 2222 1550 2277 horam
1583 2236 1798 2277 accom-

228 2312 437 2365 modati
468 2312 521 2365 in
547 2312 808 2368 honorem
833 2311 1118 2370 Trinitatis
1143 2324 1197 2370 et
1226 2315 1511 2371 scientiam
1538 2314 1786 2385 mysterii

226 2404 373 2472 quod
400 2404 449 2456 in
476 2404 574 2457 hac
599 2404 728 2458 hora
763 2406 1059 2474 rccolitur;
1092 2415 1145 2461 et
1168 2406 1626 2477 quemadmodum
1658 2407 1793 2460 hora

228 2493 399 2560 prima
436 2493 675 2561 psalmos
707 2495 1210 2551 hahctmatutinum
1246 2508 1460 2565 tempus
1490 2512 1793 2552 memoran-

233 2592 313 2638 tes
374 2581 732 2652 divinumque
788 2584 1132 2654 splendorem
1196 2587 1500 2642 indicantes
1568 2597 1791 2657 propter

227 2672 589 2728 radiationem
661 2673 814 2737 solis,
875 2675 951 2729 ita
1008 2686 1065 2730 et
1105 2676 1277 2731 tertia:
1330 2676 1523 2746 psalmi
1569 2686 1795 2731 narrant

225 2765 378 2820 dolos
407 2764 721 2821 Judaeorum
759 2768 1008 2839 malaque
1030 2784 1219 2824 eorum
1259 2771 1311 2825 in
1338 2770 1617 2826 Christum
1659 2784 1795 2824 cons

227 2857 391 2924 silia;
425 2857 653 2914 ultimus
680 2876 809 2914 vero
861 2870 1049 2931 utpote
1089 2861 1579 2931 quinquagesimus
1617 2861 1791 2918 divini

1012 157 1151 216 ςΥΜ
1167 154 1387 217 EONIS
1425 160 1714 219 TllESSA
1733 162 2178 231 L'JNlCENSlS
2222 162 2572 232 ARCl-IIEP.

3373 166 3473 240 {'92

2452 284 2702 344 smn.
2738 291 2925 361 τιιςι.

1909 403 2043 470 Περὶ
2081 401 2195 454 τῶν
2231 403 2461 457 λοιπῶν
2495 404 2679 476 ὡρῷγ.
2702 409 2929 474 τρίτης,
2962 409 3140 476 ἕκτης
3169 398 3266 463 καί
3300 400 3472 464 ἐννάο

2216 490 2345 539 της,
2370 476 2521 541 μετὰ
2553 474 2661 542 τῆς
2684 478 2921 544 πρώτης
2945 474 3117 547 ὀμοῦ.

1973 562 2121 633 Αὕτη
2150 560 2241 617 οὖν
2266 566 2297 633 ἡ
2326 566 2423 633 τῆς
2451 566 2672 635 πρώτης
2701 568 2849 637 ὥρας
2870 569 3184 634 ἀκολουθία,
3211 574 3307 626 καὶ
3330 574 3471 627 κατὰ

1900 656 2000 723 τὴν
2021 658 2213 726 τρίτην
2247 657 2397 725 ὥραν
2457 660 2553 712 καὶ
2584 659 2752 728 ἕκτην
2780 662 2985 731 ὁμοίως
3013 664 3275 731 ψάλλεται
3334 667 3472 735 μετὰ

1899 747 2177 817 διαφόρων
2222 748 2454 817 ψαλμῶν
2497 749 2607 802 τῶν
2670 753 2915 820 συνήθων
2968 755 3063 807 καὶ
3130 758 3471 827 τροπαρίων,

1900 840 2200 909 Τρισαγίου
2243 842 2403 911 μόνον
2444 844 2552 910 πρὸ
2582 842 2683 912 τῆς
2715 844 2907 914 τρίτης
2944 844 3094 917 ὥρας
3117 848 3253 915 μετά
3287 849 3349 901 τὸ
3379 845 3469 902 5:5-

1898 932 2127 1001 λογῆσαι
2180 936 2273 986 τὸν
2302 934 2451 1004 ἱερέα
2503 935 2825 1004 λεγομένου,
2879 937 2973 991 καὶ
3031 938 3147 1002 τοῦ,
3189 957 3209 991 t
3274 938 3468 1008 Κύριε,

1899 1025 2144 1094 ἐλέησον,
2190 1045 2208 1077 ι
2242 1025 2449 1080 δώδεκα
2481 1044 2495 1059 ο
2530 1029 2676 1082 ὃκαὶ
2719 1031 2776 1082 ἐν
2825 1032 2889 1100 τῇ
2948 1031 3146 1104 ὲννάτῃ
3197 1033 3313 1101 ὥρᾳ
3379 1038 3471 1087 καὶ

1897 1116 2007 1175 τοῖς
2030 1111 2375 1178 ἀποδείπνοις
2404 1116 2495 1170 καὶ
2520 1116 2596 1186 τῷ
2648 1117 2833 1189 ὄρθρῳ
2894 1119 3016 1183 ἔθος
3058 1121 3213 1175 ἐστὶν
3260 1123 3336 1186 ὡς
3393 1126 3473 1185 εἰς

1895 1204 1995 1272 τὴν
2021 1205 2181 1271 ἁγίαν
2202 1206 2431 1274 Τριαδα,
2489 1207 2564 1270 ὡς
2609 1207 2851 1278 εἴρηται,
2909 1210 3019 1282 ίδίᾳ
3071 1212 3171 1279 τῆς
3216 1211 3472 1279 τοιαύτης

1896 1297 1991 1350 τοῦ
2027 1298 2323 1366 Τρισαγίου
2375 1301 2795 1370 ἀναφερομένης
2859 1304 3197 1371 προσευχῆς.
3258 1303 3367 1356 Καὶ
3390 1304 3471 1361 τὶ.

1903 1407 1919 1439 ι
1958 1388 2153 1459 Κύριε,
2182 1390 2429 1458 ἐλέησον,
2478 1410 2497 1442 ι
2521 1392 2825 1456 δωδεκάκις
2856 1392 3079 1462 λέγεται
3111 1393 3198 1447 διὰ
3227 1395 3287 1446 τὸ
3310 1395 3472 1448 δωδε-

1896 1482 2111 1549 κάωρον
2136 1485 2234 1554 τῆς
2264 1483 2495 1550 ἡμέρας,
2528 1484 2621 1536 καὶ
2655 1485 2716 1538 τὸ
2744 1486 3096 1555 δωδεκάωρον
3121 1486 3217 1552 τῆς
3256 1486 3469 1547 νυκτίς,

1900 1571 1977 1631 είς
2002 1571 2272 1641 ἀγιασμὶν
2297 1572 2452 1641 ἡμῶν
2485 1572 2576 1627 καὶ
2603 1574 2872 1644 κάθαρσιν
2896 1577 3003 1628 ἀπὸ
3032 1593 3139 1628 των
3167 1576 3224 1628 ὲν
3248 1576 3471 1637 ταύταις

1900 1664 2276 1731 πταισμάτων,
2301 1664 2373 1726 ὡς
2399 1666 2491 1717 καὶ
2508 1666 2915 1735 τεσσαράκοντα
2945 1668 3025 1729 τὸ,
3059 1687 3077 1718 ι
3103 1669 3298 1737 Κύριε,
3322 1668 3472 1738 ἐλέη-

1902 1770 2013 1819 σον,
2061 1772 2077 1804 ι
2113 1754 2170 1807 ὲν
2208 1754 2414 1827 ἑκάστῃ
2436 1754 2554 1826 ὥρᾳ
2584 1757 2655 1811 δι’
2683 1756 2746 1819 ἀς
2783 1760 3010 1827 εἴπομεν
3052 1756 3251 1822 αίτίας.

2452 1847 2704 1900 ΚΕΦᾹΔ.
2734 1848 2908 1906 ΤΚΖ’.

1904 1939 2039 2006 Περὶ
2072 1938 2188 1992 τῶν
2215 1936 2479 2007 Ψαλμῶν
2505 1937 2615 2007 τῆς
2633 1939 2853 2008 τρίτης,
2872 1940 3054 2007 ἕκτης
3073 1941 3172 1995 καί
3193 1940 3470 2009 ἐννάτης.

1975 2027 2065 2083 Ἐν
2082 2029 2285 2099 ἑκάστῃ
2304 2027 2396 2082 οὖν
2416 2027 2533 2098 ὥρᾳ
2557 2028 2772 2102 πρώτῃ,
2804 2030 2986 2101 τρίτῃ,
3005 2028 3141 2101 ἕκτῃ
3161 2034 3254 2085 καὶ
3277 2033 3472 2102 ὲννάτῃ

1903 2120 1985 2184 eo,
2029 2137 2047 2171 ι
2090 2117 2251 2173 Δεῦτε
2306 2119 2799 2190 προσκυνήσωμεν,
2838 2140 2856 2173 ι
2905 2121 3018 2191 ἔχει
3075 2124 3194 2193 τρὶς
3239 2124 3329 2178 διὰ
3373 2124 3475 2195 τὴν

1907 2215 2070 2282 ἁγίαν
2105 2215 2309 2287 Τριάδα
2334 2214 2584 2284 ψαλμοὺς
2642 2216 2792 2284 τρεῖς
2842 2216 2936 2269 καὶ
2987 2214 3279 2285 ἀρμοδίους
3334 2214 3471 2285 πρὸς

1903 2309 2001 2375 τὴν
2026 2306 2193 2377 ὥραν,
2218 2307 2305 2361 διὰ
2337 2307 2503 2378 τιμὴν
2541 2307 2641 2376 τῆς
2704 2306 2937 2375 Τριάδος
2979 2309 3076 2362 καὶ
3121 2310 3223 2379 τὴν
3269 2307 3472 2377 γνῶσιν

1905 2404 1998 2456 τοῦ
2025 2401 2081 2455 ἐν
2111 2405 2172 2472 τῇ
2206 2402 2324 2472 ὥρᾳ
2358 2399 2683 2471 μυστηρίου,
2712 2402 2805 2453 καὶ
2828 2400 2904 2463 ὡς
2935 2405 2967 2468 ἠ
2993 2400 3188 2470 πρώτη
3206 2400 3325 2468 ὥρα
3342 2400 3471 2463 τοὺς

1907 2493 2287 2561 μεμνημένους
2310 2491 2404 2544 τοῦ
2436 2490 2582 2562 πρωϊ
2602 2474 2977 2561 ψαλμοὺςκαὶ
3012 2492 3115 2561 τῆς
3142 2492 3297 2556 θείας
3323 2488 3469 2561 λαμ-

1905 2586 2180 2655 πρότητος
2215 2586 2322 2638 ἀπὸ
2348 2584 2448 2653 τῆς
2479 2582 2850 2653 ἀναλὰμψεως
2879 2585 2979 2653 τῆς
3013 2584 3270 2653 ἡλιακῆς,
3295 2583 3471 2647 οὕτως

1902 2680 1950 2731 οί
1980 2680 2078 2743 τῆς
2105 2678 2321 2747 τρίτης,
2364 2674 2432 2729 τὰ
2457 2677 2588 2745 περὶ
2614 2674 2713 2729 τοῦ
2741 2675 2896 2727 δόλου
2938 2676 3046 2729 τῶν
3066 2675 3337 2731 Ἰουδαίων
3376 2676 3470 2728 καὶ

1900 2771 1999 2837 τῆς
2031 2768 2329 2836 ἐπιϐουλῆς
2361 2767 2457 2835 τῆς
2484 2769 2565 2830 είς
2603 2767 2861 2837 Χριστόν.
2914 2768 2976 2821 Ὀ
3004 2768 3060 2821 δὲ
3105 2767 3411 2830 τελευταῖος
3442 2764 3469 2820 ὀ

1904 2860 2269 2928 πεντηκοστὸς
2324 2858 2421 2923 ὣν,
2452 2861 2521 2912 τὰ
2550 2858 2677 2927 περὶ
2709 2860 2808 2927 τῆς
2851 2860 3151 2929 ἐπιδημίας
3190 2860 3285 2914 τοῦ
3319 2859 3469 2911 Θεὶου

226 2948 472 3016 Spiritus
499 2947 798 3004 adventum
837 2951 1129 3021 signiﬁcat.
1171 2950 1370 3006 Psalmi
1409 2961 1595 3007 autem
1631 2964 1797 3008 sexta:

1911 2953 2255 3021 Ιίνεύματος.
2289 2953 2350 3004 Ol
2380 2946 2435 3003 δὲ
2466 2955 2563 3019 τῆς
2597 2950 2762 3019 ἕκτης
2794 2951 2944 3022 ὥρας
2967 2952 3067 3023 τὴν
3098 2953 3473 3006 ἐπανάστασιν

228 3039 376 3094 herae
435 3039 653 3096 Iudaeos
694 3042 996 3097 ostendunt
1053 3043 1326 3098 irruentes
1386 3055 1441 3099 et
1485 3053 1792 3113 quaerentes

1893 3040 2113 3115 δηλοῦσι
2148 3045 2256 3097 τῶν
2291 3042 2589 3107 Ἰουδαίων,
2624 3044 2720 3097 καὶ
2750 3043 2809 3096 τὸ
2842 3044 3078 3114 ζητῆσαι
3126 3044 3226 3114 τὴν
3289 3045 3470 3113 ψυχὴν

225 3133 461 3187 animam
528 3132 766 3195 Domini,
841 3148 1076 3203 eumque
1132 3134 1468 3199 occidentes,
1530 3135 1791 3204 quoniam

1902 3133 1985 3188 τοῦ
2020 3134 2250 3203 Κυρίου,
2284 3135 2379 3186 καὶ
2399 3133 2712 3187 Θανατῶσαι
2745 3134 2929 3200 αὑτὸν,
2959 3136 3082 3188 ἐπεὶ
3114 3136 3276 3188 αὑτὸν
3327 3138 3471 3189 κατὰ

227 3227 371 3278 circa
437 3224 626 3278 horam
672 3231 885 3279 sextam
934 3224 1331 3279 eruciﬁxerunt
1383 3239 1529 3287 eum,
1578 3238 1794 3278 necnon

1902 3229 1991 3298 τὴν
2020 3227 2192 3296 ἕκτην
2229 3226 2583 3296 ἐσταύρωσαν
2609 3227 2779 3298 ὥραν,
2826 3229 2920 3281 καὶ
2974 3228 3036 3281 τὸ
3077 3227 3267 3281 λυπεῖν
3306 3229 3473 3281 αύτὸν

225 3332 349 3370 eum
385 3314 682 3370 allicientes
705 3314 972 3371 conviciis
1001 3325 1052 3368 et
1087 3314 1303 3383 injuriis
1338 3329 1402 3369 ac
1426 3315 1481 3368 in
1535 3314 1611 3368 ira
1638 3329 1793 3384 grasc

227 3414 434 3469 sentes,
466 3413 670 3459 terram
697 3420 915 3475 quoque
939 3415 1265 3460 commotam
1294 3415 1347 3459 et
1371 3404 1611 3459 tenebris
1634 3419 1798 3474 oper-

228 3509 363 3569 tam,
397 3510 460 3552 ae
500 3504 721 3553 cetera.
765 3497 1004 3554 Ultimus
1037 3507 1218 3552 autem
1269 3498 1532 3551 auxilium
1569 3513 1599 3551 a
1640 3498 1797 3551 Patre

227 3591 354 3643 dum
422 3589 775 3643 tribularetur
816 3590 1118 3660 praestitum
1178 3588 1451 3655 exhibet;
1499 3590 1578 3643 ait
1608 3588 1794 3643 enim:

232 3699 253 3730 ο
285 3679 331 3745 Q
354 3680 386 3733 ιί
414 3682 622 3735 habitat
661 3682 716 3734 in
748 3682 1027 3750 adjutorio
1048 3680 1336 3746 Altissimi,
1368 3699 1387 3733 ι
1432 3689 1486 3735 et
1515 3681 1794 3737 victoriam

229 3792 292 3829 cx
338 3776 554 3829 inferno
600 3784 928 3843 reportatam
961 3777 1014 3830 in
1053 3776 1139 3830 his
1165 3794 1177 3830 :
1205 3796 1222 3827 ι
1249 3776 1425 3846 Super
1452 3776 1696 3847 aspidem
1744 3786 1797 3831 ct

233 3864 543 3920 hasiliscum
587 3866 918 3930 ambulabis,
959 3885 980 3919 ι
1032 3876 1090 3923 et
1139 3876 1357 3924 caetera.
1413 3867 1584 3923 Porro
1640 3882 1798 3923 nona:

233 3958 423 4026 psalmi
473 3959 707 4013 salutem
754 3968 999 4016 nostram
1048 3959 1385 4030 patefaciunt
1433 3976 1529 4032 per
1559 3971 1794 4017 mortem

231 4050 438 4105 Christi
492 4060 547 4106 et
600 4050 1037 4109 interfectionem
1076 4056 1250 4109 sancti
1282 4055 1404 4124 ejus
1456 4054 1796 4109 tabernaculi

230 4150 627 4210 comparatam,
686 4152 743 4199 et
808 4145 1070 4215 quoniam
1104 4146 1245 4201 Deus
1287 4146 1442 4211 vivit,
1476 4148 1580 4202 etsi
1631 4161 1798 4201 carne

234 4242 453 4298 propter
515 4246 615 4288 nos
672 4241 917 4289 mortuus
944 4233 1132 4299 fuerit,
1174 4244 1228 4290 et
1258 4236 1435 4290 altare
1486 4249 1590 4305 pro
1634 4236 1799 4291 nobis

234 4322 408 4377 factus
438 4331 616 4388 cst,et
645 4324 1123 4394 adiutorium-tam
1147 4326 1285 4381 vivis
1306 4340 1468 4395 quam
1498 4327 1553 4380 in
1583 4326 1800 4383 inferno
1834 4319 1872 4373 Β

233 4413 286 4468 in
324 4414 447 4469 loco
482 4414 710 4469 ﬂetuum
762 4418 1131 4484 gementibus,
1173 4432 1384 4474 necnon
1424 4420 1564 4475 bona
1616 4419 1799 4474 lactus

230 4504 392 4559 estin
423 4514 565 4559 terra
598 4506 971 4575 exspectatio;
1030 4516 1086 4563 et
1117 4510 1496 4578 captivitatem
1548 4518 1799 4567 nostram

231 4597 523 4659 convertit,
544 4596 755 4652 scilicet
777 4597 990 4653 animas
1016 4609 1255 4665 nostras,
1277 4609 1331 4655 et
1357 4610 1585 4671 peccata
1609 4614 1800 4658 nostra

234 4688 482 4755 remisit;
538 4696 592 4743 et
617 4703 917 4747 conversus
943 4691 1239 4746 viviﬁcavit
1266 4706 1385 4757 nos,
1419 4702 1472 4747 et
1502 4692 1657 4764 plebs
1680 4694 1803 4765 ejus

234 4779 409 4832 laetata
430 4787 518 4835 est
564 4781 619 4835 in
654 4796 740 4847 eo,
794 4798 987 4852 nempe
1034 4783 1093 4836 in
1126 4784 1532 4838 resurrectione
1560 4787 1710 4853 ejus;
1748 4794 1804 4841 et

234 4885 425 4940 pacem
482 4870 701 4926 locutus
752 4883 855 4939 est,
893 4887 1106 4928 necnon
1161 4868 1535 4929 misericordia
1586 4884 1641 4930 et
1700 4892 1802 4947 pax

237 4964 506 5017 esculatte
533 4973 682 5030 sunt,
732 4976 787 5021 et
817 4966 1026 5035 jnstitia
1069 4967 1135 5022 de
1163 4967 1300 5023 casio
1327 4969 1628 5037 prospexit,
1665 4983 1804 5039 quo-

245 5056 395 5110 niam
446 5072 541 5126 per
569 5065 796 5111 mortem
825 5055 1075 5112 Christus
1110 5068 1339 5115 mortem
1384 5058 1698 5123 interfecit;
1750 5072 1807 5113 et

241 5155 384 5202 terra
402 5147 551 5205 dabit
573 5149 809 5205 fructum
829 5165 1014 5215 suum,
1036 5149 1288 5207 videlicet
1323 5150 1612 5206 Dominum
1639 5164 1804 5204 carne

236 5249 628 5309 resurgentem.
674 5241 910 5297 Ultimus
948 5252 1136 5315 autem
1183 5242 1426 5314 psalmus
1460 5260 1475 5296 :
1524 5261 1542 5294 ι
1572 5242 1798 5307 lnclina,

240 5332 489 5396 Domine,
526 5351 544 5385 ι
585 5336 701 5389 haec
727 5336 910 5390 omnia
932 5334 1223 5405 signiﬁcat,
1252 5344 1307 5391 et
1331 5316 1590 5405 quoniam
1617 5337 1806 5404 justus

240 5432 405 5478 estet
444 5424 649 5496 absque
679 5436 907 5497 peccato
931 5429 1024 5498 qui
1063 5444 1160 5499 pro
1198 5429 1355 5484 nobis
1392 5428 1693 5483 cruciﬁxus
1718 5437 1807 5483 est

239 5522 292 5567 ct
322 5524 591 5583 mortuus,
625 5529 679 5573 et
714 5519 1006 5576 miseratur
1043 5532 1097 5577 et
1138 5523 1370 5576 multum
1402 5521 1717 5575 misericors
1750 5528 1805 5575 et

239 5619 428 5669 verax,
459 5614 512 5661 et
551 5607 700 5664 dedit
731 5610 891 5667 nobis
936 5610 1315 5668 fortitudinem
1346 5626 1411 5666 ac
1472 5608 1800 5703 sibimetipsi

1895 3324 1957 3374 ὲν
1981 3324 2094 3383 τοῖς
2122 3322 2451 3391 χλευασμοϊς
2470 3321 2565 3374 καὶ
2593 3324 2712 3384 ταῖς
2744 3320 2959 3391 ὕϐρεσι,
2987 3324 3081 3377 καὶ
3111 3323 3169 3373 ὲν
3196 3321 3332 3391 ὀργῇ
3379 3321 3471 3386 ἑγ-

1895 3414 2097 3475 κοτεῖν,
2127 3414 2220 3467 καὶ
2244 3413 2303 3466 τὸ
2332 3410 2539 3483 τρόμον
2570 3412 2826 3480 γενέσθαι
2860 3414 2919 3467 ὲν
2948 3415 3013 3482 τῇ
3047 3414 3144 3482 γῇ,
3186 3414 3279 3466 καὶ
3341 3413 3469 3466 σκό-

1896 3520 1989 3567 τος
2022 3502 2192 3573 αύτὴν
2222 3502 2481 3572 καλύψαι,
2514 3503 2611 3556 καὶ
2637 3502 2707 3555 τὰ
2740 3503 2925 3556 λοιπά.
2979 3502 3036 3556 '0
3066 3503 3123 3555 δὲ
3156 3503 3469 3565 τελευταίας

1894 3600 1994 3668 τὴν
2045 3600 2151 3653 ἀπὸ
2194 3598 2290 3653 τοῦ
2343 3599 2561 3668 Πατρδς
2617 3600 2676 3652 ἓν
2736 3599 2816 3669 τῷ
2853 3598 3139 3652 Θλίϐεσθαι
3193 3598 3465 3669 βοήθειαν,

1900 3706 1922 3739 ο
1943 3688 2004 3743 '0
2031 3687 2304 3741 κατοικῶν
2335 3688 2461 3756 γὰρ,
2486 3689 2670 3758 φησὶν,
2692 3689 2750 3741 ὲν
2778 3688 3001 3758 βοηθείᾳ
3023 3687 3117 3739 τοῦ
3148 3687 3463 3755 Ὑψίστουμ

1896 3780 1991 3832 καὶ
2024 3779 2123 3845 τὴν
2150 3779 2288 3832 κατά
2307 3778 2398 3831 τοῦ
2427 3778 2556 3848 ᾅδου
2597 3777 2775 3848 νίκην,
2811 3778 2885 3840 ὡς
2920 3797 2937 3830 ι
2984 3778 3105 3830 Ἐπὶ
3134 3778 3336 3830 ἀσπίδα
3375 3778 3470 3828 καὶ

1899 3870 2213 3939 βασιλίσκον
2252 3869 2595 3938 ἐπιϐήσεται,
2630 3887 2649 3921 ι
2687 3870 2782 3921 καὶ
2815 3871 2882 3922 ra
2916 3868 3063 3937 ἑξῆς.
3101 3869 3214 3937 Τῆς
3242 3868 3469 3937 ἐννάτης

1898 3962 1956 4015 δὲ
1990 3964 2039 4015 oi
2068 3962 2297 4032 ψαλμοὶ,
2327 3962 2427 4028 τὴν
2447 3960 2535 4013 διὰ
2566 3960 2800 4013 θανάτου
2838 3960 3081 4026 Χριστοῦ
3107 3959 3203 4013 καὶ
3248 3959 3344 4026 τῆς
3384 3975 3470 4011 νε-

1899 4054 2159 4124 κρὼσεως
2182 4053 2275 4105 τοῦ
2313 4053 2471 4119 ἁγίου
2501 4050 2861 4120 σκηνώματος
2886 4048 3052 4102 αὑτοῦ
3104 4049 3262 4117 ἡμῶν
3295 4064 3472 4116 σωτη-

1903 4148 2022 4217 ρίαν
2056 4163 2069 4176 ·
2107 4149 2201 4199 καὶ
2235 4147 2318 4199 ὅτι
2344 4145 2477 4208 Θεὸς
2500 4142 2609 4207 ζῶν
2639 4146 2804 4206 ἔστιν,
2834 4144 2882 4195 εί
2912 4141 3007 4197 καὶ
3039 4143 3269 4210 τέθνηκε
3305 4144 3474 4208 σαρκὶ

1899 4238 1969 4291 δι’
2002 4240 2149 4308 ἡμᾶς
2185 4255 2198 4267 ·
2254 4237 2350 4291 καὶ
2391 4236 2780 4307 θυσιαστήριον
2836 4238 3063 4302 γέγονεν
3118 4234 3258 4304 ὑπὲρ
3313 4228 3469 4303 ἡμῶν

1903 4330 1994 4382 καὶ
2012 4328 2295 4398 ἀντίληψις
2313 4329 2428 4389 τοῖς
2447 4343 2504 4378 τε
2546 4326 2680 4390 ζῶσι
2714 4326 2808 4378 καὶ
2846 4328 2902 4378 ὲν
2952 4324 3031 4394 τῷ
3094 4323 3197 4396 ᾄδῃ
3256 4326 3337 4387 είς
3380 4324 3476 4376 τὸν

1902 4421 2068 4473 τόπον
2099 4415 2221 4473 οὖσι
2250 4417 2345 4472 τοῦ
2371 4418 2726 4486 κλαυθμῶνος
2761 4432 2775 4448 ⁸
2833 4417 2931 4470 καὶ
2978 4416 3197 4470 εὐδοκία
3250 4415 3473 4483 γέγονεν

1904 4514 1962 4566 ὲν
1991 4515 2065 4583 τῇ
2092 4514 2162 4582 γῇ
2197 4528 2211 4542 ο
2243 4511 2340 4564 καὶ
2369 4509 2467 4580 τὴν
2497 4508 2879 4579 αἰχμαλωσίαν
2912 4508 3070 4578 ἡμῶν
3137 4506 3472 4576 ἀπέστρεψε,

1903 4608 2002 4668 τὰς
2075 4604 2351 4674 ἡμετέρας
2413 4600 2592 4671 ψυχάς
2626 4617 2641 4634 ο
2697 4601 2793 4652 καὶ
2863 4600 2964 4663 τὰς
3027 4601 3257 4669 ἀνομίας
3313 4600 3477 4668 ἡμῶν

1906 4699 2086 4767 ἀφῆκε
2116 4710 2129 4723 ·
2156 4696 2252 4748 καὶ
2279 4692 2612 4763 ἐπιστρέψας
2656 4689 2904 4754 ὲζὼωσεν
2927 4691 3100 4760 ἡμᾶς,
3136 4690 3246 4743 καὶε
3264 4689 3473 4759 ηὔφρα-

1907 4807 1962 4843 νε
1988 4789 2078 4841 τὸν
2115 4786 2241 4841 λαὸν
2273 4783 2438 4840 αὐτοῦ
2468 4787 2535 4854 τῇ
2568 4783 2863 4836 ἀναστάσει
2892 4782 3059 4835 αὐτοῦ
3088 4798 3101 4811 ο
3132 4784 3227 4834 καὶ
3259 4784 3361 4851 τὴν
3398 4782 3476 4834 εί-

1911 4882 2078 4950 ρήνην
2107 4876 2359 4947 ἑλάλησε,
2392 4876 2487 4927 καὶ
2526 4874 2675 4936 ἔλεος
2708 4876 2803 4928 καὶ
2863 4872 3094 4941 ἀλήθεια
3123 4874 3420 4942 συνήντησε
3454 4886 3476 4903 ο

1907 4973 2003 5025 καὶ
2031 4968 2348 5039 δικαιοσύνη
2376 4970 2441 5021 ὲκ
2472 4968 2569 5021 τοῦ
2626 4966 2857 5036 οὐρανοῦ
2904 4966 3181 5032 διέκυψεν,
3213 4965 3334 5017 ἐπεὶ
3386 4962 3477 5016 διὰ

1909 5061 2143 5115 Θανάτου
2174 5059 2407 5129 Χριστὸς
2436 5060 2529 5112 τὸν
2554 5060 2789 5111 θάνατον
2819 5056 2978 5109 ἔλυσε
3016 5072 3031 5088 ν
3086 5057 3184 5111 καί
3212 5058 3244 5123 ή
3280 5056 3352 5123 γῆ
3374 5054 3475 5108 δώ-

1912 5172 1994 5208 σει
2037 5154 2129 5207 τὸν
2157 5152 2374 5223 καρπὸν
2404 5150 2598 5219 αὐτῆς,
2620 5151 2716 5202 τὸν
2740 5150 2905 5219 σαρκὶ
2931 5147 3269 5201 ἀναστάντα.
3302 5146 3414 5199 Καὶ
3448 5147 3476 5198 ὁ

1910 5246 2224 5308 τελευταῖος
2245 5243 2303 5296 δὲ
2334 5244 2415 5308 τὸ,
2453 5262 2470 5294 ι
2508 5242 2724 5306 κλῖνον,
2757 5241 2955 5309 Κύριε,
2995 5258 3016 5290 ι
3063 5240 3245 5292 πάντα
3304 5237 3485 5291 ταῦτα

1912 5337 2191 5409 σημαίνει,
2234 5336 2329 5390 καὶ
2374 5336 2458 5387 ὅτι
2512 5335 2661 5395 ὅσιος
2695 5334 2790 5386 καὶ
2841 5331 3225 5403 ἀναμάρτητος
3272 5331 3301 5382 ὁ
3338 5329 3478 5398 ὑπὲρ

1909 5428 2068 5500 ἡμῶν
2120 5426 2460 5497 σταυρωθεὶς
2507 5426 2630 5477 καὶ⁸
2666 5422 2977 5485 ἀποθανὼν,
3014 5425 3107 5475 καὶ
3154 5421 3475 5488 οἰκτίρμων,

1910 5522 2007 5575 καὶ
2027 5520 2331 5584 πολυέλεος,
2367 5520 2466 5573 καὶ
2494 5518 2748 5588 ἀληθινός
2769 5532 2783 5546 ⁸
2818 5516 2913 5569 καὶ
2934 5515 3139 5569 ἔδωκεν
3166 5514 3303 5584 ἡμῖν
3328 5510 3468 5582 κρά-

1910 5629 2002 5676 τος
2026 5628 2041 5644 ο
2075 5611 2236 5682 230
2267 5610 2361 5665 καὶ
2392 5609 2591 5679 ἑαυτῷ,
2626 5609 2726 5680 υἱῷ
2750 5608 2849 5676 τῆς
2875 5607 3164 5677 παιδίσκης
3186 5603 3350 5660 αὐτοῦ
3380 5619 3476 5672 τε·
