4034 6192
567 374 687 437 593

563 582 658 633 τὸν
684 581 921 649 σταυρὸν
944 581 1112 634 αὑτοῦ
1150 582 1243 635 καὶ
1263 582 1363 653 τὴν
1388 583 1631 654 ἔγερσιν,
1661 586 1729 639 δι’
1762 580 1823 639 οὗ
1854 591 1945 640 καὶ
1964 606 2141 660 κατῃ-

566 673 880 744 σχύνθησαν
910 675 959 728 oi
997 674 1182 745 ἐχθροὶ
1212 675 1402 730 αὐτοῦ.
1436 675 1570 730 Εἶτα
1597 678 1692 732 καὶ
1724 681 2021 750 τροπάρια,
2050 683 2144 734 καὶ

562 766 631 818 τὰ
670 765 903 833 καθεξῆς
931 782 947 797 ο
992 768 1090 820 καὶ
1110 767 1425 821 τελευταῖον
1459 768 1556 831 τὰς
1592 770 1781 839 εὐχάς,
1811 771 1887 835 ὡς
1915 772 2144 842 είρὴκα-

570 874 691 924 μεν,
726 859 869 910 κατὰ
891 857 989 927 τὴν
1014 858 1163 928 ὥραν
1197 859 1521 928 ἀρμοδίους.
1566 861 1623 914 Ὀ
1656 861 1712 914 δέ
1741 879 1803 930 γε
1854 863 2145 931 ἑσπερινδς

566 947 775 1015 γίνεται
803 948 947 1002 οὕτω
979 967 993 980 ·
1032 950 1236 1018 μᾶλλον
1260 952 1315 1004 δὲ
1340 952 1612 1023 πρότερον
1647 955 1746 1023 μὲν
1783 954 1899 1024 ἅμα
1928 957 1994 1024 τῇ
2025 972 2143 1020 τρι-

568 1042 732 1110 θέκτῃ
767 1041 833 1093 τὸ.
866 1042 1146 1111 λεγόμενα
1168 1044 1376 1095 τυπικὰ
1405 1043 1689 1113 ψάλλεται.
1749 1046 1861 1100 Καὶ
1908 1048 2009 1116 δρα
2057 1049 2143 1100 εύ-

569 1133 875 1198 ταξίανκαὶ
898 1134 1102 1199 γνῶσιν
1132 1136 1456 1205 εὑσεόἧηκαλ.
1487 1140 1758 1210 μεγίστην
1778 1141 1877 1209 τῆς
1916 1140 2146 1210 Ἐκκλη-

571 1225 713 1287 σίας.
764 1228 973 1297 Ἐπειδὴ
997 1229 1105 1297 γάρ
1136 1229 1193 1282 τδ
1222 1229 1469 1300 συνεχῶς
1498 1231 1643 1284 κατά
1672 1232 1866 1302 διαστὴ
1878 1248 2025 1301 ματα
2050 1237 2145 1286 καὶ

568 1318 841 1386 διακοπὴν
906 1318 1069 1387 ὡρῶν
1111 1319 1239 1383 τοὺς
1274 1320 1478 1390 ὕμνους
1512 1323 1833 1394 ἀναφέρειν,
1884 1322 1961 1386 ὥς
2020 1341 2145 1377 τινα

570 1408 849 1477 ῥᾳθυμίαν
905 1410 1080 1462 τίκτει
1139 1412 1237 1464 καὶ
1277 1413 1533 1481 ἀκηδίαν,
1584 1416 1679 1468 καὶ
1722 1416 1961 1484 μάλιστα
2025 1417 2142 1479 ταῖς

566 1502 673 1552 τῶν
702 1502 1076 1575 ἀτελεστέρων
1135 1504 1360 1573 ψυχαῖς,
1414 1507 1461 1559 oi
1487 1506 1623 1561 θεῖοι
1659 1509 1902 1578 Πατέρες
1964 1509 2145 1578 ἡμῶν,

566 1596 695 1663 θείῳ
731 1596 1037 1665 κινούμενοι
1068 1596 1367 1667 Πνεύματι,
1394 1598 1579 1663 καλῶς
1637 1602 1700 1654 τὸ
1757 1601 2142 1671 ῥηθησόμενον

566 1690 888 1755 ἐπενόησαν,
922 1688 1039 1757 ἅμα
1082 1691 1184 1760 μὶν
1218 1693 1313 1744 καὶ
1357 1693 1540 1756 πάσας
1579 1693 1722 1748 κατά
1773 1693 2028 1764 διαδοχὴν
2055 1694 2144 1761 γί-

566 1783 755 1835 νεσθαι
788 1784 890 1846 τὰς
924 1782 1237 1851 δοεολογίας
1268 1785 1744 1856 προμηθούμενοι,
1776 1786 1895 1856 ἅμα
1938 1786 1995 1839 δὲ
2051 1787 2145 1840 καὶ

565 1874 794 1942 ἀκηδὲας
822 1876 911 1927 καὶ
946 1876 1210 1946 ἀμελείας
1248 1879 1429 1947 σοφῶς
1448 1878 1849 1949 διορθούμενοι.
2022 1868 2034 1887 ’

1119 1992 1367 2044 ΚΕΦᾹΛ.
1409 1992 1592 2046 ΤΚΗ’.

566 2097 684 2149 Ὀτι
716 2098 904 2175 striata:
938 2103 999 2175 (τί
1028 2084 1476 2175 ἀποίῖουθΐαιίὲν
1506 2108 1661 2173 τρισί
1697 2108 1922 2175 καιροῖς
1946 2106 2147 2173 καλῶς

635 2170 937 2246 τελεῖσθαι
966 2170 1333 2246 strix/incum
1357 2174 1473 2246 761d
1506 2170 1568 2246 re
1608 2170 1806 2246 τιμὴν’
1834 2170 1941 2244 τῆς
1987 2170 2147 2245 Τριάέ

635 2239 763 2305 δος,
790 2241 887 2294 καὶ
926 2243 988 2295 τὸ
1006 2243 1093 2328 μὴ
1116 2245 1411 2313 ῥᾳθυμεῖν
1443 2245 1622 2315 ἡμᾶς.

636 2397 725 2447 Διὸ
758 2399 850 2448 καὶ
885 2398 945 2449 ἐν
976 2401 1184 2468 καιροῖς
1206 2401 1386 2469 τρισὶν
1409 2402 1815 2471 ἀπαραιτήτοις
1844 2404 1933 2455 καί
1972 2404 2146 2471 ἀναγ-

566 2486 875 2553 καιοτέροις
896 2488 975 2549 είς
1000 2487 1161 2552 δόξαν
1197 2491 1292 2542 καὶ
1313 2490 1479 2562 τιμὴν
1512 2490 1605 2544 τοῦ
1656 2492 1794 2544 Θεοῦ
1827 2492 1988 2562 ἡμῶν
2048 2494 2146 2561 τῆς

566 2579 898 2648 ύπερουσίου
952 2579 1185 2650 Τριάδος
1243 2582 1430 2645 πάσας
1505 2582 1819 2648 διετάξαντο
1871 2585 2144 2651 γίνεσθαι.

568 2670 675 2723 Καὶ
732 2669 953 2739 πρῶτον
1013 2672 1113 2741 μὲν
1163 2673 1256 2725 τδν
1322 2672 1463 2742 μετά
1524 2676 1583 2729 τὸ
1632 2676 1988 2744 μεσονύκτιον
2017 2677 2147 2748 ἄχρι

568 2763 783 2833 πρωῖας
834 2764 1050 2834 καιρὸν,
1099 2765 1195 2817 καὶ
1226 2767 1376 2834 τρεῖς
1432 2767 1616 2834 λέγειν
1671 2769 2018 2831 ἀκολουθίας,
2054 2772 2148 2824 καὶ

570 2855 731 2909 τοῦτο
766 2860 845 2919 εἰς
884 2858 1227 2929 ἀνακήρυξιν
1259 2859 1360 2927 τῆς
1392 2860 1623 2929 Τριάδος
1650 2862 1943 2927 καὶδόξαν.
1978 2858 2149 2916 Δῦται

570 2949 628 3001 δέ
662 2950 804 3001 εἰσιν
836 2951 869 3019 ἡ
904 2949 998 3003 τοῦ
1032 2952 1462 3019 μεσονυκτικοῦ,
1513 2953 1546 3021 ἡ
1597 2951 1693 3006 τοῦ
1723 2953 1944 3023 ὄρθρου,
1996 2957 2088 3007 καὶ
2116 2956 2150 3025 ὴ

568 3043 670 3112 τῆς
699 3042 926 3113 πρώτης
960 3042 1129 3114 ὥρας,
1157 3044 1288 3098 καθ’
1318 3046 1519 3115 ἑαυτὴν
1547 3048 1648 3115 μὲν
1688 3043 1843 3111 οὖσα,
1886 3051 2149 3117 ἐνουμένη

570 3136 626 3189 δέ
656 3152 717 3203 γε
751 3134 829 3203 τῷ
852 3133 1055 3205 ὄρθρῳ,
1082 3138 1176 3189 καὶ
1208 3136 1281 3205 μὴ
1310 3140 1384 3201 είς
1419 3138 1518 3199 τὰς
1549 3140 1690 3192 ἑπτὰ
1723 3140 1959 3204 αίνέσεις
1988 3140 2147 3209 ἀριθ-

1712 381 1811 441 DE
1846 382 2085 442 SACRA
2121 383 2630 445 PRECATIONE.

562 491 780 559 νομένῳ
812 488 908 555 τῆς
952 488 1324 561 Θεομήτορος,
1357 491 1453 545 καὶ
1503 497 1732 562 σημεῖον
1782 496 1862 558 είς
1912 498 2141 564 ἀγαθὸν,

2253 498 2362 555 lilio
2394 499 2588 567 puellae
2625 511 2738 552 sua
2770 496 2913 553 facto
2941 497 3203 568 Deiparze,
3236 498 3563 570 signumque
3585 500 3814 569 praebuit
3914 522 3917 523 ν

3715 388 3733 449 ί
3750 390 3827 454 94⁷

2253 592 2308 645 in
2345 592 2571 654 bonum,
2602 605 2821 645 crucem
2850 606 3003 644 suam
3039 600 3093 645 et
3115 591 3597 656 resurrectionem,
3622 593 3821 662 quibus

2251 682 2575 736 confusione
2607 681 2780 750 aperti
2811 689 2955 741 sunt
2986 682 3195 736 inimici
3233 683 3373 753 ejus.
3436 682 3632 739 Postea
3686 685 3821 737 ﬁunt

2249 773 2504 827 versiculi
2533 781 2588 826 et
2614 782 2833 836 cetera,
2862 788 2925 827 ac
2971 774 3191 827 tandem
3226 760 3447 843 preces,
3470 785 3526 829 ut
3560 776 3816 842 diximus,

2252 864 2401 918 horis
2438 862 2891 919 acetinimodatze.
2945 864 3215 919 Similiter
3269 862 3505 936 aguntur
3548 882 3813 936 vesperae,

2251 951 2398 1005 dicta
2447 962 2627 1006 autem
2683 953 2860 1024 typica
2895 954 3198 1023 praesertim
3234 954 3289 1007 in
3342 956 3501 1009 tertia
3561 968 3821 1023 sexlaque

2249 1042 2380 1097 hora
2400 1053 2713 1097 cantantur.
2746 1044 2883 1098 Vide
2913 1047 3191 1116 egregium
3223 1047 3469 1103 ordinem
3498 1051 3749 1118 piamque
3772 1061 3824 1104 et

2248 1134 2504 1189 eximiam
2543 1135 2799 1191 Ecclesiae
2833 1137 3161 1207 scientiam;
3213 1154 3339 1195 nam
3385 1140 3514 1207 quia
3561 1142 3823 1195 continuo

2249 1228 2553 1283 secundum
2589 1230 2870 1287 intervalla
2890 1241 2943 1287 et
2971 1232 3267 1287 discrimen
3292 1234 3554 1288 horarum
3588 1233 3823 1304 hymnos

2248 1319 2479 1389 psallere
2505 1322 2796 1389 quamdam
2829 1332 3054 1395 generat
3086 1326 3371 1396 segnitiem
3409 1334 3464 1383 et
3486 1328 3818 1395 vecordiam,

2248 1416 2304 1463 et
2348 1412 2620 1480 prmcipue
2654 1414 2705 1465 in
2752 1413 3200 1482 imperfectornm
3236 1418 3435 1471 animis
3462 1417 3571 1471 divi
3629 1418 3822 1472 Patres

2252 1501 2628 1556 nostridiviuo
2650 1505 2778 1556 moti
2805 1502 3011 1573 Spiritu
3041 1518 3189 1562 recte
3217 1508 3446 1562 dicenda
3470 1508 3820 1567 invenerunt.

2250 1592 2423 1646 simul
2441 1594 2656 1662 quidem
2686 1606 2951 1651 curantes
2981 1605 3036 1651 ut
3060 1613 3254 1652 omnes
3284 1600 3630 1653 liudationes
3660 1601 3821 1653 vicis-

2250 1688 2351 1741 sim
2399 1687 2552 1751 ﬁant,
2588 1688 2861 1758 simulque
2892 1690 3161 1744 vecordia:
3217 1699 3271 1745 et
3306 1690 3643 1761 negligentiae
3694 1707 3820 1761 pru-

2249 1778 2437 1834 denter
2470 1788 2844 1836 occurrentes.

2702 1979 2932 2037 CAPUT
2980 1981 3352 2038 CCCXXVIII.

2250 2097 2401 2164 Quod
2434 2099 2661 2153 universi
2708 2114 2981 2153 sacrorum
3025 2099 3343 2166 agendorum
3391 2100 3597 2154 ordines
3656 2099 3824 2150 tribus

2326 2171 2645 2236 temporibus
2696 2169 2918 2221 obeundi
2966 2167 3091 2223 bene
3141 2170 3413 2223 constituti
3455 2179 3574 2223 sunt
3617 2180 3824 2236 propter

2324 2242 2572 2322 honorem
2620 2236 2717 2293 SS.
2746 2238 3047 2303 Trinitatis,
3083 2256 3143 2293 ac
3196 2255 3260 2293 ne
3308 2240 3463 2294 otiosi
3506 2240 3822 2311 negligentes

2321 2326 2507 2365 Simus.

2327 2402 2450 2455 Ideo
2482 2403 2534 2455 in
2568 2402 2744 2458 tribus
2777 2402 3117 2470 temporibus
3152 2400 3596 2457 ineluctabilihus
3629 2402 3817 2454 vahle-

2255 2509 2361 2562 que
2398 2496 2724 2549 necessariis
2770 2495 2822 2547 in
2851 2495 3077 2561 gloriam
3111 2504 3164 2548 et
3192 2494 3454 2551 honorem
3515 2495 3605 2549 Dei
3649 2496 3821 2549 nostri

2252 2586 2797 2653 supersubstantialis
2828 2584 3110 2640 Trinitatis
3131 2600 3333 2642 omnes
3352 2586 3466 2639 ﬁeri
3500 2586 3687 2642 laudes
3710 2586 3825 2641 dis~

2258 2687 2591 2748 posuerunt;
2646 2678 2879 2743 primum
2924 2676 3141 2745 quidem
3174 2691 3203 2729 a
3238 2676 3412 2730 media
3451 2688 3609 2731 nocte
3652 2693 3824 2746 usque

2252 2770 2317 2825 ad
2354 2784 2508 2822 mane
2543 2778 2651 2822 tres
2676 2768 2935 2822 dicuntur
2966 2768 3298 2835 agendorum
3333 2768 3554 2822 ordines
3579 2770 3643 2822 ad
3680 2784 3821 2836 pra:-

2255 2860 2539 2915 dicandam
2585 2868 2639 2914 et
2677 2859 3086 2929 gloriﬁcandam
3128 2857 3451 2913 Trinitatem
3484 2876 3497 2925 ;
3532 2876 3652 2929 quae
3702 2872 3827 2914 sunt

2254 2962 2539 3008 nocturna:
2591 2962 2643 3006 et
2697 2953 2979 3006 matutinae
3028 2950 3221 3005 laudes
3270 2960 3432 3021 atque
3477 2952 3652 3021 prima
3694 2952 3824 3005 hora

2255 3059 2376 3113 quze
2408 3059 2502 3112 per
2545 3059 2603 3099 se
2651 3043 2867 3112 quidem
2916 3052 3020 3106 est,
3073 3043 3166 3097 sed
3226 3042 3509 3098 matutinis
3570 3043 3826 3096 laudibus

2253 3137 2501 3205 jungitur
2537 3150 2713 3204 neque
2746 3136 2888 3189 inter
2928 3144 3134 3204 septem
3188 3136 3352 3187 horas
3396 3144 3817 3186 annumeratur.

574 3229 847 3299 μουμένη.
901 3230 1057 3283 Μετά
1103 3230 1159 3283 δὲ
1208 3231 1307 3295 τὴν
1362 3231 1554 3301 τρίτην
1608 3233 1705 3301 τῆς
1736 3232 1949 3304 ἡμέρας
1999 3233 2146 3303 ὥραν

2259 3227 2454 3281 Verum
2486 3235 2604 3297 post
2634 3228 2847 3281 tertiam
2886 3226 2992 3281 diei
3023 3226 3235 3287 horam.
3276 3226 3390 3293 ipse
3422 3226 3479 3278 lit
3530 3229 3679 3278 hora:
3710 3235 3825 3278 ιρι--

572 3322 710 3390 αὑτὴ
737 3320 802 3392 δὴ
837 3324 867 3389 ἠ
904 3322 1000 3388 τῆς
1038 3323 1231 3391 τρίτης
1281 3322 1430 3392 ὥρας
1462 3323 1777 3386 ἀκολουθία,
1812 3324 1906 3376 καὶ
1961 3326 1994 3394 ἡ
2047 3325 2149 3392 τῆς

573 3412 736 3482 ἕκτης
802 3412 941 3481 μετά
998 3413 1092 3465 καὶ
1128 3417 1227 3481 τῆς
1284 3413 1604 3477 ἀκολουθίας
1649 3416 1759 3467 τῶν
1812 3415 2057 3470 τυπικῶν
2091 3418 2149 3472 ἐν

573 3507 747 3574 τούτῳ
778 3507 855 3575 τῷ
882 3507 1057 3575 καιρῷ
1082 3506 1402 3585 ψάλλογται,
1438 3506 1631 3574 τριάδα
1680 3507 2003 3575 δοξολογιῶν
2056 3508 2150 3562 καὶ

572 3592 735 3654 αὗται
768 3600 1075 3671 πληροῦσαι
1105 3603 1185 3664 είς
1247 3599 1412 3670 τιμὴν
1458 3601 1557 3668 τῆς
1610 3600 1937 3670 Τριάδος,εί
1981 3602 2074 3654 καὶ
2115 3602 2148 3672 ἡ

572 3694 681 3747 τῶν
710 3693 957 3746 τυπικῶν
989 3692 1144 3757 τάξις
1170 3696 1288 3754 ταῖς
1315 3693 1455 3745 ἑπτὰ
1489 3693 1762 3745 αίνὲσεσιν
1781 3692 1841 3744 ού
1881 3694 2149 3747 συνάπτε-

573 3802 660 3839 ται
698 3787 793 3839 σὺν
822 3786 888 3854 τῇ
914 3783 1049 3854 ἕκτῃ
1077 3784 1108 3854 ἢ
1139 3786 1205 3855 τῇ
1264 3785 1459 3855 ὲννάτῃ
1493 3784 1726 3836 πάντοτε
1776 3784 2097 3858 ψαλλομένη
2129 3800 2148 3820 ⁸

574 3878 818 3944 καίτοιγε
861 3876 963 3929 ίδία
996 3877 1114 3928 ἐστὶ
1137 3877 1229 3929 καὶ
1286 3876 1405 3928 καθ’
1436 3876 1636 3944 ἑαυτὴν
1676 3879 1768 3930 καὶ
1796 3877 1960 3947 αὕτη,
2021 3879 2149 3948 περὶ

574 3964 640 4040 ἦς
673 3968 766 4021 καὶ
802 3966 937 4036 πρὸς
966 3966 1149 4031 ὀλίγον
1178 3964 1435 4034 ἐροῦμεν.
1494 3965 1629 4034 Περὶ
1658 3964 1713 4016 δὲ
1750 3964 1811 4016 τὸ
1841 3964 1993 4026 τέλος
2049 3965 2147 4033 τῆς

574 4061 785 4130 ἡμέρας
822 4061 855 4127 ἡ
888 4059 987 4127 τῆς
1040 4057 1266 4125 ὲννάτης
1291 4056 1459 4125 ὥρας,
1506 4057 1535 4125 ἡ
1571 4056 1665 4108 τοῦ
1706 4055 1996 4125 ἐσπερινοῦ
2056 4057 2149 4109 καὶ

574 4152 683 4206 τῶν
719 4151 1081 4213 ἀποδείπνων,
1114 4148 1400 4210 συναπτῶς
1436 4150 1517 4210 εἰς
1547 4148 1676 4217 τρία
1709 4148 2019 4217 διῃρημένη
2056 4150 2150 4202 καὶ

579 4245 740 4314 αὕτη,
774 4244 869 4296 καὶ
898 4241 1320 4308 άλλεπαλλήλως
1349 4241 1405 4293 ἐν
1444 4240 1524 4290 ἑνὶ
1586 4240 1760 4308 καιρῲ
1811 4238 2147 4309 ψαλλομένη,

578 4340 675 4408 τὴν
699 4337 905 4404 Τριάδα
940 4338 1033 4389 καὶ
1065 4335 1203 4402 αὕτη
1238 4335 1605 4403 σημαίνουσα,
1632 4333 1724 4384 καὶ
1754 4334 1902 4402 τρεῖς
1945 4333 2044 4401 μὲν
2098 4335 2149 4385 oi

576 4431 668 4484 ταῦ
705 4427 1107 4500 ήμερονυκτίου
1138 4427 1343 4494 καιροὶ,
1377 4428 1525 4494 τρεῖς
1554 4425 1608 4477 δὲ
1638 4427 1696 4477 ὲν
1719 4425 1935 4496 ἑκάστῳ
1969 4427 2149 4496 καιρῷ

577 4527 668 4577 καὶ
692 4527 740 4577 οἱ
770 4525 930 4593 ’ύμνοι
966 4537 980 4551 ⁸
1010 4521 1084 4583 ὠς
1125 4520 1267 4573 κατὰ
1304 4518 1402 4587 μὲν
1434 4520 1560 4580 τοὺς
1589 4519 1738 4587 τρεῖς
1796 4519 2026 4587 καιροὺς
2060 4536 2149 4588 μι-

579 4618 798 4680 μεῖσθαι
824 4615 924 4682 τὴν
953 4613 1283 4682 Ἐκκλησίαν
1336 4611 1426 4662 τὸν
1460 4609 1719 4677 μέγιστον
1778 4609 1997 4679 Δανιὴλ,
2031 4609 2148 4677 τρὶς

538 4687 930 4773 τκαθεκάστην
970 4704 1047 4774 τῷ
1085 4704 1205 4771 θεῷ
1268 4703 1731 4773 προσευχόμενον,
1792 4702 1867 4763 ὡς
1917 4704 1975 4755 ὲν
2025 4706 2148 4766 ταῖς

575 4798 800 4867 ὁράσεσι
829 4797 1140 4866 γέγραπται
1173 4810 1186 4825 '
1221 4794 1362 4848 κατά
1389 4794 1445 4846 δὲ
1482 4793 1541 4846 τὸ
1591 4793 1771 4847 τελεῖν
1819 4796 1970 4862 τρεῖς
2005 4794 2149 4863 [ﬁxo-

575 4889 793 4951 λουθίας
816 4891 875 4942 ἐν
900 4889 1118 4958 ἑκάστῳ
1150 4888 1327 4956 καιρῷ
1355 4885 1465 4938 τῶν
1498 4885 1687 4954 τριῶν,
1728 4885 1798 4938 τὰ
1840 4886 1995 4939 ὲννέα
2059 4903 2149 4955 μι-

579 4980 800 5051 μεῖσθαι
830 4980 1110 5048 τάγματα,
1145 4980 1221 5039 εἰς
1244 4980 1393 5049 τρεῖς
1411 4978 1633 5047 τριάδας
1653 4978 1781 5031 ὄντα
1804 4976 1881 5043 τῷ
1903 4973 2146 5049 ἀριθμῷ,

576 5075 669 5126 καὶ
705 5073 984 5142 ἀσιγήτως
1014 5070 1145 5125 Θεὸν
1175 5070 1583 5140 ἀναμέλποντα.

1130 5187 1175 5237 Κ
1186 5186 1307 5237 an
1318 5186 1359 5238 A
1369 5223 1381 5237 .
1413 5182 1588 5238 TKG’.

577 5279 713 5348 Περὶ
740 5279 855 5347 τῆς
902 5280 1266 5341 ἀκολουθίας
1314 5276 1432 5331 τῶν
1478 5278 1822 5347 λεγομένων
1857 5273 2146 5330 τυπικῶν.

657 5372 721 5422 Ἠ
754 5370 812 5422 δέ
858 5387 921 5439 γε
956 5370 1062 5423 τῶν
1090 5368 1338 5421 τυπικῶν
1364 5369 1655 5424 ἀκολουθία
1678 5370 1826 5422 τόνδε
1861 5369 1954 5421 τὸν
1981 5368 2149 5419 τύπον

482 5502 485 5507 ‹
578 5460 708 5529 ἔχει,
771 5462 848 5520 είς
907 5462 1092 5515 εἰκόνα
1134 5462 1255 5515 τινὰ
1296 5460 1395 5530 τῆς
1448 5462 1604 5530 ἱερᾶς
1658 5460 2023 5531 λειτουργίας,
2058 5461 2146 5512 ὅτε

577 5551 837 5619 ψάλλεται
859 5553 1029 5620 χωρὶς
1059 5549 1405 5621 λειτουργίας
1426 5567 1440 5580 ο
1480 5553 1528 5601 εἰ
1557 5550 1614 5602 δέ
1668 5566 1731 5616 γε
1762 5549 2000 5601 τελεῖται
2056 5553 2148 5602 καί

578 5642 635 5692 ἐν
658 5644 723 5711 τῇ
786 5642 1121 5713 λειτουργίᾳ,
1194 5640 1366 5694 ταῦτα
1413 5640 1763 5712 προλέγεται.
1842 5642 2147 5695 Ψάλλονται

579 5736 687 5800 γὰρ
715 5735 954 5804 ἑξαρχῆς
989 5734 1089 5803 μὲν
1120 5733 1216 5787 δύο
1254 5734 1459 5802 ψαλμοὶ
1485 5733 1802 5800 δοξολογίαν
1830 5734 1967 5802 πρὸς
2013 5734 2148 5786 Θεὸν

583 5824 817 5895 ἔχοντες,
854 5828 946 5882 καὶ
990 5826 1096 5882 τῶν
1151 5826 1372 5895 ἀγαθῶν
1429 5826 1593 5879 αὖτοῦ
1641 5829 1978 5898 μεμνημένοι
2041 5826 2149 5879 τῶν

2252 3319 2342 3373 tiae
2364 3319 2498 3373 ordo
2533 3328 2694 3389 atque.
2725 3330 2893 3373 sertae
2942 3333 3065 3372 cum
3113 3318 3304 3371 ordine
3349 3320 3649 3385 typicorum
3698 3332 3825 3384 qua:

2253 3410 2307 3464 in
2343 3412 2444 3464 hoc
2475 3419 2720 3480 tempore
2749 3412 3054 3479 psalluntnr
3078 3427 3093 3478 ;
3122 3410 3237 3479 ipsa
3264 3410 3483 3479 quidem
3514 3412 3669 3464 trinis
3694 3426 3829 3464 con-

2254 3512 2398 3557 stant
2432 3503 2733 3572 doxologiis
2775 3513 2827 3557 et
2850 3503 3224 3572 adimplentur
3266 3503 3321 3555 in
3351 3502 3612 3555 honorem
3646 3500 3825 3554 Trini-

2254 3594 2403 3659 tatis,
2429 3596 2531 3647 ctsi
2563 3595 2867 3663 typicorum
2893 3595 3027 3649 ordo
3051 3604 3256 3663 scptcm
3278 3594 3685 3646 laudationibus
3718 3610 3823 3644 ιιυιι

2253 3699 2483 3739 numero
2521 3685 2901 3755 conjungntur,
2958 3699 3171 3752 semper
3206 3699 3329 3738 cum
3364 3694 3517 3737 Sexta
3574 3699 3825 3751 nonaque

2253 3776 2387 3829 hora
2418 3775 2759 3837 decantatus,
2786 3773 2912 3827 licet
2950 3776 3065 3840 ipse
3104 3774 3357 3843 proprius
3386 3773 3459 3826 sit
3483 3775 3615 3827 ordo
3641 3789 3735 3841 per
3768 3792 3825 3825 se

2252 3865 2633 3929 constans,-de
2663 3880 2771 3933 quo
2813 3879 2935 3917 mox
2978 3866 3246 3919 dicemus.
3280 3863 3448 3919 Porro
3485 3865 3629 3919 circa
3662 3865 3822 3918 liuent

2251 3959 2357 4014 diei
2394 3958 2596 4012 dicitur
2622 3956 2756 4011 ordo
2787 3971 2945 4011 nona:
2982 3957 3151 4022 horae,
3180 3956 3543 4026 Vesperarum
3578 3966 3629 4011 et
3662 3958 3824 4011 Com-

2251 4050 2488 4122 pletorii,
2531 4048 2645 4119 ipse
2680 4062 2894 4118 quoque
2926 4048 2980 4101 in
3018 4058 3125 4102 tres
3160 4057 3344 4119 partes
3372 4049 3666 4104 continuas
3704 4049 3823 4103 dis-

2251 4147 2455 4200 tinctus
2516 4158 2579 4197 ac
2609 4143 2728 4197 sine
2764 4142 3173 4197 intermissione
3218 4144 3270 4195 in
3308 4159 3415 4197 uno
3458 4153 3700 4213 tempore
3733 4158 3824 4197 ce-

2251 4236 2517 4303 lebratus,
2543 4237 2659 4305 ipse
2692 4237 2855 4290 etiam
2885 4235 3204 4291 Trinitatem
3227 4236 3545 4302 ostendens,
3565 4236 3823 4307 quemad-

2254 4328 2474 4381 modum
2506 4326 2609 4381 tria
2641 4327 2892 4382 nocturni
2927 4324 3086 4381 omcii
3119 4336 3363 4398 tempora
3395 4336 3615 4396 tresque
3641 4328 3823 4399 hymni

2255 4419 2308 4472 in
2334 4416 2577 4489 quolibet
2605 4428 2853 4489 tempore
2878 4419 3077 4474 cantati
3102 4436 3117 4488 ;
3150 4421 3223 4475 ita
3250 4432 3309 4475 ut
3331 4436 3423 4491 per
3446 4422 3546 4476 tria
3581 4429 3824 4490 tempora

2256 4527 2511 4582 magnum
2556 4511 2834 4567 Danielem
2870 4512 3112 4567 imitetur
3139 4513 3379 4569 Ecclesia
3414 4514 3507 4584 qui
3551 4523 3630 4569 ter
3658 4513 3710 4567 in
3738 4513 3827 4567 die

2180 4584 2224 4640 ο
2261 4604 2624 4672 precabatur,
2673 4613 2829 4674 prout
2866 4604 2921 4658 in
2958 4604 3261 4661 visionibus
3306 4606 3566 4673 scriptum
3617 4615 3720 4660 est.
3758 4608 3827 4659 At

2256 4696 2384 4749 dum
2422 4706 2531 4751 tres
2558 4696 2778 4751 ordines
2814 4697 3076 4767 persolvit
3124 4697 3175 4750 in
3208 4696 3440 4766 singulis
3480 4697 3645 4751 trium
3680 4705 3819 4750 tein-

2254 4787 2505 4858 poribus,
2532 4803 2726 4842 novem
2761 4789 3014 4843 imitatur
3052 4787 3363 4857 angelorum
3400 4787 3618 4840 ordines
3648 4787 3739 4854 qui
3768 4787 3820 4841 in

2251 4888 2363 4935 tres
2394 4880 2598 4935 triadcs
2634 4896 2867 4937 numero
2892 4880 3134 4936 distincti
3182 4880 3349 4936 Deum
3385 4879 3503 4933 sine
3532 4879 3641 4932 [lue
3689 4893 3823 4933 con-

2254 4975 2550 5033 celebrant.

2738 5184 2969 5239 CAPUT
3003 5183 3323 5240 CCCXXIX.

2714 5276 2791 5331 De
2820 5280 3009 5331 ordine
3038 5278 3349 5347 typicorum.

2322 5369 2421 5423 Iste
2452 5384 2579 5421 vero
2608 5367 2908 5435 typicorum
2945 5366 3079 5418 ordo
3125 5366 3228 5418 hoc
3258 5366 3367 5435 typi
3408 5365 3630 5420 nomine
3682 5379 3817 5434 gau-

2250 5462 2362 5523 det,
2388 5461 2643 5530 qnoniatn
2682 5448 2968 5527 quamdam
3005 5457 3167 5511 habet
3198 5458 3491 5528 imaginem
3525 5459 3698 5514 sancti
3732 5474 3820 5513 sa-

2254 5553 2465 5615 Crificii,
2493 5550 2722 5619 quando
2775 5558 3066 5602 cantautur
3098 5560 3249 5603 extra
3281 5550 3633 5612 sacrificium,
3667 5554 3811 5620 quod

2253 5647 2298 5699 si
2332 5647 2383 5697 in
2436 5642 2709 5695 sacriﬁcio
2740 5641 3114 5707 perficiuntur.
3146 5652 3277 5696 tunc
3313 5642 3462 5710 prius
3505 5643 3808 5710 przucinun-
3849 5709 3862 5717 _

2255 5747 2364 5789 tur.
2396 5732 2528 5786 Nam
2572 5734 2638 5785 ab
2675 5732 2832 5786 initio
2876 5733 2982 5787 duo
3012 5733 3321 5801 psalluntnr
3358 5733 3550 5802 psalmi
3580 5732 3813 5787 doxolo-

2256 5829 2397 5897 giam
2428 5827 2688 5881 habentes
2722 5824 2785 5879 ad
2820 5822 2991 5879 Deum
3022 5865 3036 5891 ,
3068 5833 3120 5879 et
3172 5824 3557 5881 beneﬁcrorum
3580 5808 3709 5892 "ejus
3744 5820 3814 5874 ad
