4034 6192
399 315 504 379 597

1542 326 1638 384 DE
1676 329 1920 386 SACHA
1969 327 2482 414 l‘liECATlONE.

3551 335 3670 397 598·

399 437 604 499 εἰπεῖν,
643 435 764 504 τρὶς
795 437 894 506 τῆς
929 435 1141 508 ἡμέρας
1173 441 1238 510 τῇ
1275 441 1408 512 ἁγίᾳ
1443 443 1635 512 Τριάδι
1670 444 1974 512 δοξολογίαι

2081 445 2358 514 quoniam,
2395 455 2452 498 ut
2487 459 2674 500 rursus
2707 444 2884 500 dicam
2913 452 3044 510 ,-ter
3073 445 3128 500 in
3164 446 3252 502 die
3283 455 3482 503 sanctae
3526 448 3670 505 Tri-'

397 525 548 594 τρεῖς
567 527 646 586 εἰς
668 525 956 594 ὁμολογίαν
973 529 1138 598 αὐτῆς
1165 533 1258 585 καὶ
1281 533 1849 603 δόξανπροσάγονται,
1870 537 1974 588 ἀπὸ

399 616 494 669 τοῦ
537 617 926 688 θυσιαστηρίου
962 621 1258 690 ἐξαιρέτως
1294 627 1627 696 ἀρχόμεναι,
1665 631 1759 681 καὶ
1800 631 1879 690 εἰς
1915 629 1975 682 τὸ

403 707 784 780 θυσιαστήριον
826 711 892 764 δι’
922 713 1110 782 ίερέως
1153 716 1486 768 τελευτῶσαι
1515 734 1528 747 '
1573 720 1601 769 ὁ
1644 718 1838 788 ὃρθρος
1882 721 1978 789 δηο

403 800 554 868 λαδὴ,
590 803 623 870 ἡ
653 801 762 853 τῶν
791 803 1024 855 τελετῶν
1051 805 1266 877 τελετὴ,
1297 810 1328 875 ἡ
1361 807 1482 878 ιερὰ
1507 809 1848 879 λειτουργία,
1879 812 1974 864 καὶ

401 892 428 941 ὀ
463 891 748 958 ὲσπερινὸς
771 907 784 919 ⁸
813 892 876 952 ἃς
905 895 966 961 δὴ
997 895 1304 962 δοξολογίας
1333 899 1428 952 καὶ
1455 897 1600 962 ἅπας
1627 901 1739 952 τῶν
1769 903 1974 954 πιστῶν

404 981 498 1033 καὶ
533 981 716 1046 λαῖκδς
749 984 968 1037 ἀκούειν
1001 985 1389 1058 ἀπαραιτήτως
1432 990 1553 1042 καθ’
1581 993 1790 1060 ἡμέραν
1825 994 1972 1060 ὀφεί-

401 1076 482 1127 λει
504 1117 515 1139 ,
549 1080 640 1131 καὶ
669 1080 798 1147 περῖ
829 1079 937 1131 τῶν
967 1079 1146 1132 ἄλλων
1175 1079 1485 1151 φροντίζειν
1515 1085 1686 1152 ὁπόση
1720 1085 1969 1152 δύναμις.

399 1169 508 1222 Τνιῦ
549 1169 733 1239 ἱερέως
761 1171 942 1222 τοίνυν
976 1171 1368 1241 εὐλογήσειντος
1399 1175 1454 1226 ἐν
1487 1177 1562 1243 τῷ
1596 1177 1972 1248 θυσιαστηρίῳ

399 1262 473 1323 ὡς
512 1263 566 1313 ἐν
599 1263 814 1332 οὐρανῷ
851 1263 1078 1317 ἐνώπιον
1111 1266 1206 1320 τοῦ
1241 1267 1400 1330 Θεοῦ,
1436 1271 1515 1330 τι,
1561 1288 1578 1320 ι
1602 1270 1764 1322 Δεῦτε
1802 1288 1973 1341 πρισ-

399 1354 751 1422 κννήσωμεν,
791 1373 810 1406 ι
872 1357 988 1425 τρὶς
1021 1357 1150 1424 παρ’
1174 1359 1290 1421 ἑνὸς
1319 1360 1406 1412 διὰ
1433 1361 1530 1430 τὴν
1557 1361 1844 1415 εὐλάϐειαν
1873 1365 1971 1416 καὶ

399 1445 494 1515 τὴν
531 1445 638 1498 τῶν
673 1448 980 1515 λεγομένων
1019 1450 1236 1503 σύνεσιν
1279 1451 1519 1518 λέγεται.
1561 1456 1670 1508 Καὶ
1713 1458 1760 1508 εί
1805 1456 1904 1525 μὲν
1940 1458 1972 1522 ἡ

399 1539 578 1608 ἡμέρα
609 1541 797 1610 κοινὴ,
828 1543 854 1593 ὁ
883 1541 1090 1610 ψαλμὸς
1123 1543 1268 1606 ἅπας
1300 1546 1518 1613 λέγεται
1540 1587 1554 1610 ,
1590 1551 1618 1601 6
1647 1549 1740 1600 τον
1771 1551 1974 1619 Κύριον

397 1631 654 1696 εὑῖοτῶ-ι,
684 1637 774 1684 καὶ
799 1635 898 1703 τὴν
925 1631 1286 1705 δημιουργίαν
1311 1638 1478 1692 αὑτοῦ
1506 1639 1729 1692 ἃπασαν
1756 1642 1974 1709 διηγού-

402 1741 560 1790 μενος
581 1767 594 1788 ,
630 1726 725 1776 καὶ
759 1727 852 1777 ἐπὶ
886 1727 1052 1778 πᾶσιν
1085 1729 1430 1798 εὐχαριστῶν
1457 1745 1471 1760 ·
1507 1733 1628 1788 ἐπεὶ
1662 1735 1755 1785 καὶ
1789 1733 1974 1786 τελευ-

397 1814 576 1882 τώσης
599 1815 698 1884 τῆς
724 1817 958 1886 ἡμέρας,
987 1817 1106 1870 δέον
1133 1797 1270 1888 ὑπὲρ
1298 1820 1557 1874 ἁπάντων
1584 1823 1931 1892 εὐχαριστεῖν
1957 1837 1971 1854 ⁶
2009 1797 2048 1850 Β

396 1903 521 1954 εἰδὲ
545 1905 726 1972 ἡμέρα
750 1905 986 1971 ἐόρτιος,
1025 1905 1156 1976 ἄχρι
1182 1910 1299 1972 τοῦ,
1341 1927 1357 1960 ι
1387 1911 1721 1975 ’Δνοίξαντὸς
1747 1929 1840 1963 σου
1875 1913 1975 1982 τὴν

397 1993 552 2062 χεῖρα
575 2010 623 2045 ἰ
655 1995 750 2046 καὶ
766 1996 886 2048 τότε
911 1998 1061 2066 παρὰ
1098 1999 1311 2052 πάντων
1343 2001 1721 2072 λαμπρότερον
1753 2003 1934 2074 ᾄδεται
1958 2045 1972 2069 ,

398 2086 612 2154 ἑκάστῳ
654 2086 821 2156 στίχῳ
860 2088 959 2158 τὴν
1002 2089 1210 2158 Τριάδα
1259 2092 1477 2146 πάντων
1521 2094 1972 2162 δοξολογούντων,

395 2176 515 2244 ἣτις
547 2176 656 2230 τῶν
691 2177 829 2230 ὂλων
863 2179 1216 2248 δημιουργός.
1253 2183 1358 2234 Τοῦ
1400 2184 1589 2253 ἱερέως
1629 2185 1686 2238 δὲ
1719 2189 1786 2238 τὰ
1826 2189 1976 2257 εἰρη-

399 2268 521 2320 νικά
547 2269 867 2338 εὐξαμένου,
895 2272 990 2324 καὶ
1015 2274 1276 2342 ὲκφώνως
1302 2274 1776 2346 δοξολογήσαντος,
1806 2279 1898 2331 καὶ
1922 2281 1972 2332 oi

397 2359 570 2432 ἕτεροι
615 2361 908 2428 ἐπάγονται
949 2363 1154 2435 ψαλμοὶ
1198 2365 1290 2420 τοῦ
1341 2367 1500 2436 232
1544 2367 1857 2438 Ψαλτῆρος,
1899 2371 1974 2434 ὡς

401 2453 493 2504 καὶ
524 2453 570 2504 oi
605 2454 660 2504 ἐν
690 2453 766 2522 τῷ
799 2453 980 2524 ὄρθρῳ
1010 2457 1384 2524 τετυπωμένοι
1406 2499 1420 2523 ,
1453 2461 1609 2528 εἴπερ
1642 2460 1824 2530 ἡμέρα
1863 2477 1974 2514 κοι-

401 2543 498 2610 νὴ,
533 2543 606 2604 ὡς
640 2542 705 2595 ἂν
739 2545 770 2614 ἡ
805 2544 897 2596 τοῦ
931 2545 1223 2614 Ψαλτῆρος
1259 2545 1440 2614 βίϐλος
1473 2547 1554 2610 εἰς
1591 2546 1798 2616 ὕμνους
1835 2549 1972 2602 Θεοῦ

399 2632 810 2704 ἀποτεταγμένη
847 2634 1126 2705 τελεσθείη
1170 2636 1321 2708 πάσῃ
1358 2639 1424 2706 τῇ
1471 2638 1763 2707 ἑϐδομάδι’
1809 2641 1872 2706 τῇ
1916 2639 1972 2692 δέ

398 2740 462 2792 γε
505 2730 912 2795 τεσσιρακοστῇ
943 2727 1058 2794 δὶς,
1084 2729 1164 2791 είς
1197 2729 1365 2780 πλείω
1397 2729 1564 2782 κόπον
1591 2732 1744 2800 ἡμῶν
1769 2771 1783 2795 ο
1812 2730 1972 2798 δόξαν

397 2835 456 2873 τε
487 2821 578 2872 τοῦ
609 2820 744 2873 Θεοῦ
777 2823 870 2876 καὶ
901 2823 1038 2892 ὑπὲρ
1073 2821 1230 2892 ἡμῶν
1262 2823 1440 2876 αὐτῶν
1472 2825 1774 2889 ὲξιλέωσιν.

950 2939 1200 2992 ΚΕΦΑΛ.
1246 2937 1418 2993 TAB’.

401 3027 528 3081 Ὀτι
557 3029 608 3081 cl
639 3027 794 3102 τρεῖς
826 3027 1042 3102 πρῶτοι
1070 3029 1175 3082 τοῦ
1211 3030 1531 3102 Ψαλτῆρος
1561 3007 1798 3102 ψα.ιῑμοί
1818 3038 1972 3102 ἐξαι-

598 3098 786 3163 ρέτως
821 3103 907 3163 εις
941 3099 1048 3153 τὸν
1082 3102 1305 3167 Κύριον
1335 3098 1392 3154 ἀι
1414 3098 1758 3170 (φέρονται.

466 3189 530 3244 Ei
561 3191 616 3244 δέ
647 3209 709 3260 γε
739 3193 922 3262 ἡμέρα
955 3193 1166 3262 ἑορτῆς,
1202 3195 1336 3262 μετᾶ
1367 3195 1432 3248 τά
1467 3197 1719 3262 τριαδικὸι
1751 3202 1842 3253 καὶ
1869 3204 1966 3274 τὴν

401 3287 676 3355 συναπτὴν
722 3287 770 3337 οἱ
818 3287 966 3354 τρεῖς
1015 3286 1220 3358 πρῶτοι
1269 3285 1360 3339 τοῦ
1413 3288 1702 3359 Ψαλτῆρῡς
1754 3291 1969 3362 ᾅδονται

399 3375 633 3444 ψαλμοὶ,
667 3375 718 3428 οἵ
754 3377 847 3430 xui.
887 3378 966 3440 είς
997 3379 1087 3430 τὸν
1123 3379 1325 3448 Κύριον
1360 3381 1725 3451 ἀναφέρονται
1761 3385 1972 3455 ἐξαιρέ-

398 3483 526 3529 τως.
572 3468 1030 3539 Ἐνανθρωπήσας
1063 3471 1172 3540 γὰρ
1207 3473 1234 3524 ὁ
1274 3471 1365 3524 τοῦ
1401 3473 1537 3525 Θεοῦ
1573 3477 1740 3542 Λόγος
1763 3517 1776 3542 ,
1809 3478 1971 3540 αὐτὸς

399 3559 563 3621 ὅντως
607 3561 766 3628 μόνος
809 3561 1080 3629 μακάριος
1123 3562 1262 3632 ἀνὴρ
1306 3562 1520 3629 γέγονε,
1565 3567 1659 3616 καὶ
1699 3565 1972 3633 ἁμαρτίαν

401 3655 495 3705 οὒκ
523 3653 764 3724 εποίησε,
796 3656 888 3706 καὶ
916 3653 1072 3719 ξύλον
1099 3653 1246 3722 ζωῆς
1276 3657 1410 3716 ἐστι,
1441 3658 1536 3708 καὶ
1567 3657 1778 3725 καρπὸν
1805 3659 1974 3714 πολὺν

351 3787 354 3790 .
400 3747 544 3815 ἡμᾶς
571 3747 696 3808 τοὺς
726 3748 805 3809 είς
837 3747 1000 3798 αὐτὸν
1031 3746 1452 3810 πιστεύσαντας,
1484 3747 1684 3800 δέδωκε
1709 3764 1723 3779 ⁸
1757 3751 1848 3803 καὶ
1879 3753 1972 3822 ζῇ,

405 3840 478 3908 μὴ
524 3837 830 3908 ξηρανθεὶς,
872 3837 948 3894 ὢν
989 3837 1292 3901 ἀθάνατος·
1337 3837 1456 3891 οὐδὲ
1499 3840 1761 3911 ἀπορρέει
1801 3845 1970 3913 ἡμᾶς,

359 3911 366 3918 ’
400 3930 472 3991 ὡς
505 3929 699 3996 φύλλον
729 3929 889 3982 αὑτοῦ
920 3929 1170 3991 ἀειθαλὲς
1197 3928 1289 3981 καὶ
1319 3929 1554 3999 καρπόν.
1591 3931 1728 3995 Τοὺς
1759 3911 1976 3988 (Esaiae?

399 4021 511 4082 δεῖς
559 4020 632 4083 ὡς
681 4021 808 4088 χοῦν
854 4022 942 4072 καὶ
988 4023 1114 4084 τοὺς
1149 4013 1420 4089 ’δαίμονας
1469 4021 1815 4091 ἐκλικμήσει.
1866 4028 1975 4080 Καὶ

400 4113 738 4182 ἑφρυάξαντο
780 4113 898 4168 κατ’
925 4111 1087 4166 αὑτοῦ
1132 4109 1394 4182 βασιλεῖς
1418 4113 1510 4165 καὶ
1551 4113 1848 4183 ἄρχοντες,
1882 4115 1976 4177 οὓς

399 4205 736 4274 ἐμυκτήρισε
771 4205 870 4273 μὲν
896 4206 1141 4272 νικήσας,
1173 4206 1332 4267 αὐτὸς
1362 4203 1418 4256 δὲ
1449 4205 1704 4273 βασιλεὺς
1737 4205 1972 4276 κατέστη

401 4297 502 4366 τῆς
538 4296 860 4366 Ἐκκλησίας
895 4297 1082 4350 αὑτοῦ.
1119 4296 1226 4348 Καὶ
1261 4296 1388 4358 Υἱὸς
1423 4297 1559 4348 Θεοῦ
1597 4297 1748 4362 ἐστι,
1783 4299 1878 4350 καὶ
1907 4297 1978 4351 τὰ

407 4389 535 4457 ἔθνη
566 4389 688 4457 ἔσχε
721 4388 1085 4458 κληρονομίαν
1108 4427 1122 4452 ,
1152 4389 1242 4440 καὶ
1274 4389 1342 4439 τὰ
1375 4388 1584 4457 πέρατα
1618 4390 1848 4460 κατέσχε
1879 4391 1978 4461 τῆς

323 4539 342 4550 ⁹
403 4479 524 4546 γῆς,
567 4480 660 4530 καὶ
701 4478 907 4547 ποιμήν
950 4479 1094 4530 ἐστιν
1140 4477 1377 4547 ἰσχυρός.
1418 4477 1524 4529 Καὶ
1566 4479 1979 4551 ἐπληθύνθησαν

408 4571 504 4636 μὲν
545 4571 592 4621 oi
635 4567 910 4629 θλίϐοντες
959 4567 1160 4630 αὑτὸν,
1204 4569 1300 4620 καὶ
1344 4568 1834 4640 διαλοιδορούμενοι
1882 4574 1979 4625 καὶ

403 4662 710 4724 διώκοντες,
741 4660 790 4712 οἳ
823 4659 914 4713 καὶ
951 4659 1169 4730 σταυρῷ
1199 4661 1360 4712 αὐτον
1391 4660 1744 4714 ἐθανάτωσαν
1769 4679 1781 4692 ·
1816 4664 1979 4726 αὐτὸς

404 4753 461 4804 δὲ
495 4753 589 4804 καὶ
625 4752 762 4820 μετὰ
792 4751 884 4803 τοῦ
922 4753 1134 4820 [ἰατρὸς
1165 4746 1232 4820 ἦν
1265 4753 1490 4819 πάσχων
1525 4754 1728 4819 σαρκὶ,
1763 4753 1978 4824 ἀπαθὴς

405 4843 478 4894 ὢν
500 4845 565 4912 τῇ
595 4843 829 4910 θεότητι,
855 4841 946 4894 καὶ
972 4841 1320 4911 ἁντιλήτττωρ
1345 4839 1499 4912 ὤφθη
1527 4842 1688 4910 ἡμῶν
1711 4843 1804 4896 καὶ
1827 4842 1976 4906 δόξα.

407 4933 516 4985 Καὶ
543 4936 590 4984 εἰ
620 4932 885 5000 ἐκοιμήθη
915 4929 1118 4996 θανὼν,
1146 4931 1258 4986 ἀλλ’
1283 4930 1358 4993 ὡς
1387 4931 1571 4984 ὑπνῶν
1599 4932 1975 5004 ὲξεγήγερται.

405 5025 495 5076 Διὸ
521 5029 634 5088 καὶ,
663 5043 680 5076 ι
721 5023 976 5088 ’Δνάστα,
1009 5042 1026 5075 ι
1059 5025 1213 5092 φησὶ,
1240 5025 1350 5088 καὶ,
1387 5040 1405 5073 ι
1438 5023 1619 5076 Σῶσὸν
1647 5042 1735 5093 με,
1761 5029 1788 5078 ὁ
1811 5025 1974 5088 Θεόςο

403 5117 482 5168 ὅτι
517 5117 580 5167 σὺ
618 5115 824 5176 πάντας
861 5115 1088 5184 ἐχθροὺς
1127 5115 1456 5184 συνέτριψας
1481 5131 1494 5145 ’
1537 5135 1554 5166 ι
1593 5121 1720 5181 καὶ,
1762 5137 1778 5168 ι
1823 5119 1978 5190 Παρὰ

403 5209 497 5260 τοῦ
531 5207 733 5277 Κυρίου
767 5211 796 5269 ἡ
833 5207 1102 5277 σωτηρία,
1127 5208 1221 5260 καὶ
1251 5208 1342 5258 ἐπὶ
1373 5209 1464 5259 τὸν
1494 5207 1621 5260 λαόν
1652 5225 1743 5260 σου
1773 5208 1862 5261 τὸν
1895 5227 1978 5261 πι-

407 5301 526 5354 στὸν
562 5301 706 5368 ἡμᾶς
743 5301 776 5368 ἡ
813 5299 899 5351 διὰ
935 5297 1028 5350 τοῦ
1071 5299 1306 5369 σταυροῦ
1346 5298 1566 5364 εὐλογία
1608 5317 1725 5353 σου.
1767 5319 1786 5351 ι
1823 5301 1975 5352 Μετᾶ

405 5393 526 5452 τοὺς
557 5391 804 5459 ψαλμοὺς
832 5391 886 5443 δὲ
913 5389 1009 5442 τοῦ
1044 5391 1232 5461 ἱερέως
1267 5391 1510 5460 συνήθως
1544 5389 1977 5460 εὐχαριστήσαν-

405 5501 523 5548 τλς,
559 5479 652 5535 imi.
681 5483 776 5552 τὴν
810 5483 1057 5553 μεγάλην
1090 5483 1374 5551 εἰρηκότος
1410 5485 1725 5553 συναπτὴν,
1757 5483 1876 5552 ἢτοι
1910 5485 1976 5538 τὰ

405 5576 680 5644 εἰρηνικὰ,
713 5577 808 5628 καὶ
839 5575 1096 5644 ἐκφώνως
1131 5575 1226 5644 τὴν
1260 5573 1464 5644 Τριάδα
1500 5575 1973 5645 δοξολογήσαντος,

407 5669 492 5726 τὸ,
529 5685 548 5716 ι
591 5665 795 5736 Κύριε,
824 5669 1120 5737 ὲνέκραξα,
1161 5686 1178 5717 ι
1211 5666 1395 5738 ᾄδεται
1431 5668 1528 5717 σὺν
1559 5669 1670 5728 τοῖς
1703 5668 1798 5718 σὺν
1829 5667 1976 5735 αὐτῷ

407 5753 662 5827 Ψαλμοῖς»
687 5761 759 5823 ὡς
791 5760 920 5829 πρὸς
949 5761 1187 5830 ἑσπέραν
1217 5759 1637 5829 συντεθειμένοι,
1669 5759 1759 5812 καὶ
1783 5759 1856 5822 ὡς
1884 5759 1974 5812 δυ’

2080 537 2265 589 uitatis
2298 545 2408 590 tres
2442 537 2781 591 laudationes
2823 540 2878 590 in
2911 539 3316 592 confessionem
3337 549 3390 592 et
3423 539 3650 607 gloriam

2079 625 2224 678 illius
2261 625 2617 689 adhibemur,
2657 627 2724 681 ab
2753 626 2912 681 altari
2933 628 3220 697 insigniter
3252 629 3572 697 incipientes
3601 641 3655 684 et

2081 717 2133 769 in
2168 732 2232 768 eo
2261 733 2356 785 per
2381 717 2726 772 sacerdotem
2759 718 3074 774 desinentes
3097 760 3111 784 ,
3147 720 3396 776 videlicet
3435 723 3652 775 matuti—

2081 821 2228 870 num,
2268 823 2423 862 sacra
2461 810 2708 877 corporis
2739 818 2793 863 et
2841 811 3128 879 sanguinis
3181 810 3386 865 Christi
3431 811 3650 882 liturgia

2080 909 2132 950 et
2169 901 2540 967 vespertinum
2575 899 2811 954 ofﬁcium
2846 942 2860 967 ,
2898 917 3036 971 quas
3067 903 3408 959 laudationes
3447 905 3652 974 singuli

2081 991 2264 1044 fideles
2296 1001 2348 1044 et
2401 993 2566 1046 etiam
2619 993 2742 1046 laici
2773 993 3020 1062 quotidie
3052 994 3252 1050 debent
3287 995 3492 1058 audire,
3529 995 3650 1050 aliis

2081 1095 2208 1131 vero
2253 1083 2518 1136 interesse
2573 1093 2842 1152 quantum
2903 1085 3199 1152 potuerint.
3243 1075 3409 1154 Igitur
3438 1087 3562 1140 data
3594 1087 3648 1140 in

2077 1173 2230 1226 altavi
2269 1176 2410 1227 velut
2441 1175 2494 1228 in
2527 1177 2665 1232 etelo
2699 1177 2752 1230 in
2785 1187 3079 1246 conspectu
3137 1179 3228 1234 Dei
3272 1178 3650 1232 benedictione

2077 1267 2393 1332 sacerdotis,
2431 1269 2562 1322 illud
2600 1287 2617 1320 ι
2659 1267 2852 1323 Venite
2889 1272 3180 1326 adoremus
3230 1289 3246 1321 ι
3301 1281 3382 1325 ter
3415 1257 3500 1324 ab
3533 1286 3642 1325 uno

2077 1361 2142 1411 ad
2180 1359 2434 1428 pietatem
2467 1367 2524 1414 et
2576 1361 2846 1414 dictorum
2887 1363 3299 1431 intelligentiam
3337 1363 3558 1426 dicitur,
3596 1372 3652 1416 et

2075 1449 2118 1502 si
2159 1451 2280 1504 dies
2307 1450 2521 1519 quidem
2557 1455 2867 1506 communis
2898 1454 3079 1515 fuerit,
3123 1463 3266 1507 totus
3297 1455 3540 1522 psalmus
3567 1469 3656 1507 re-

2076 1541 2277 1593 citatur
2325 1556 2432 1610 quo
2478 1542 2818 1596 benedicitur
2872 1542 3163 1603 Dominus,
3223 1545 3474 1597 universa
3531 1545 3660 1612 ejus.

2076 1631 2280 1683 creatio
2311 1641 2618 1696 enarratur,
2651 1631 2948 1701 gratiaeque
2980 1641 3216 1700 aguntur
3263 1632 3332 1685 de
3364 1633 3646 1696 omnibus,

2076 1720 2336 1788 quoniam
2378 1718 2467 1773 die
2495 1731 2944 1788 vesperascente.
2980 1731 3195 1790 oportet
3250 1737 3346 1790 pro
3394 1723 3652 1776 omnibus

2077 1812 2278 1880 gratias
2314 1827 2494 1881 agere.
2519 1811 2716 1866 Verum
2746 1795 2795 1869 si
2818 1816 2938 1870 dies
2971 1816 3201 1869 festivus
3235 1816 3417 1876 fuerit,
3451 1816 3654 1872 dicitur

2079 1917 2250 1969 “Siltlt‘.
2281 1905 2344 1956 ad
2394 1904 2539 1956 hunc
2589 1905 2764 1958 locum
2802 1923 2818 1956 :
2857 1923 2874 1956 ι
2913 1907 3202 1974 Aperiente
3250 1915 3304 1960 te
3336 1923 3580 1970 manum,
3622 1927 3640 1958 ι

2078 2001 2132 2048 et
2166 2001 2294 2046 tunc
2327 1993 2394 2046 ab
2420 1994 2676 2050 omnibus
2709 1996 2924 2050 clariori
2963 2013 3094 2052 voce
3128 2006 3380 2052 cantatur
3415 2000 3646 2066 singulis

2078 2085 2330 2139 versibus
2356 2085 2682 2141 Trinitatem
2731 2088 3134 2144 celebrantibus
3185 2091 3481 2154 universis,
3527 2108 3678 2170 que

2079 2183 2160 2230 est
2193 2176 2436 2230 omnium
2471 2179 2725 2230 creatrix.
2759 2175 3058 2234 Sacerdote
3088 2190 3268 2234 autem
3304 2181 3522 2248 partilica
3553 2181 3649 2258 de-

2079 2277 2320 2337 precato,
2373 2267 2588 2338 altaque
2641 2284 2774 2324 voce
2821 2271 2967 2325 dicta
3013 2273 3079 2326 ab
3113 2289 3175 2327 eo
3209 2272 3522 2340 doxologia,
3557 2273 3648 2326 alii

2079 2357 2459 2424 producuntur
2502 2357 2694 2425 psalmi
2741 2361 3006 2427 psalterii,
3051 2361 3237 2430 quales
3275 2363 3327 2416 in
3382 2365 3652 2418 rnatutino

2079 2447 2277 2512 oﬁicio,
2315 2448 2357 2503 si
2393 2447 2510 2503 dies
2545 2451 2850 2506 communis
2881 2451 3063 2518 fuerit,
3099 2451 3366 2521 designati
3391 2465 3540 2522 sunt,
3575 2458 3650 2511 ita

2077 2547 2137 2591 ut
2161 2538 2298 2592 liber
2327 2538 2567 2608 psalterii
2606 2539 2672 2594 ad
2703 2539 2870 2594 Deum
2903 2544 3234 2598 laudandum
3271 2544 3568 2612 dispositus
3595 2547 3650 2602 in

2079 2627 2416 2682 hebdomade
2453 2629 2796 2693 absolvatur,
2837 2631 2921 2685 bis
2967 2649 3095 2688 vero
3144 2634 3196 2687 in
3225 2637 3654 2707 quadragesima.

2077 2719 2140 2772 ad
2169 2721 2430 2789 majorem
2471 2723 2706 2777 laborem
2735 2725 2891 2778 nobis
2927 2724 3128 2795 Deique
3151 2727 3382 2797 gloriam
3415 2731 3652 2800 ejusque

2077 2825 2172 2878 pro
2214 2811 2371 2867 nobis
2407 2813 2539 2882 ipsis
2581 2814 3024 2883 pr0pitiationem
3061 2820 3518 2889 comparandum.

2533 2926 2760 2981 CAPUT
2822 2929 3172 2986 CCCXXX".

2078 3012 2196 3065 Tres
2232 3016 2487 3082 primores
2511 3015 2760 3100 Psalmos
2783 3021 3122 3100 peculiariter
3157 3023 3225 3086 ad
3251 3023 3519 3079 Christum
3552 3025 3650 3080 Do~

2642 3093 2844 3141 minam
2873 3093 3079 3158 referri.

2151 3177 2418 3234 Ceterum
2453 3189 2576 3249 post
2605 3178 2894 3235 Trinitatis
2928 3184 3184 3251 hymnum
3239 3195 3292 3239 et
3343 3191 3648 3242 orationem

2075 3273 2520 3341 subsequentem,
2555 3273 2599 3326 si
2636 3273 2754 3328 dies
2789 3273 3018 3328 festivus
3049 3277 3140 3342 sit,
3174 3286 3284 3333 tres
3315 3281 3472 3348 primi
3508 3287 3654 3350 psal—

2077 3367 2194 3420 terii
2229 3376 2517 3421 cantantur
2546 3367 2738 3436 psalmi
2768 3367 2856 3435 qui
2888 3369 3233 3431 peculiariter
3262 3373 3326 3424 ad
3357 3371 3647 3430 Dominum

2079 3457 2416 3511 referuntur.
2450 3457 2583 3512 Nam
2625 3458 2972 3513 incarnatum
3017 3459 3106 3514 Dei
3143 3460 3385 3516 Verbum
3417 3508 3432 3530 ,
3467 3467 3645 3532 ipsum

2077 3561 2202 3600 vere
2235 3547 2409 3602 solum
2443 3549 2526 3601 vir
2575 3549 2768 3602 beatus
2799 3549 3000 3605 iactum
3033 3561 3136 3607 est.
3172 3552 3272 3617 Qui
3301 3551 3446 3609 Deus
3479 3555 3652 3611 llomo

2077 3649 2360 3708 peccaturo
2395 3655 2501 3695 non
2535 3639 2683 3704 fecit,
2709 3651 2764 3695 et
2788 3652 2867 3696 est
2893 3643 3094 3711 lignum
3121 3645 3261 3708 vitas,
3293 3645 3643 3714 fructumque

2078 3731 2332 3798 multum,
2365 3746 2464 3785 nos
2518 3730 2727 3785 scilicet
2771 3731 2823 3784 in
2864 3749 2986 3786 eum
3021 3734 3330 3800 credentes,
3367 3739 3646 3805 produxit,

2078 3834 2130 3880 ct
2150 3825 2504 3893 vivit,utpote
2529 3837 2870 3892 nequaquam
2902 3827 3160 3894 siccatus,
3190 3843 3313 3882 cum
3332 3829 3404 3884 sit
3433 3829 3652 3884 immor-

2079 3919 2224 3984 talis;
2260 3933 2356 3972 nos
2387 3933 2516 3972 vero
2543 3932 2648 3971 non
2685 3917 2882 3971 delluet
2917 3919 3010 3986 qui
3061 3919 3252 3973 l'olium
3287 3921 3407 3990 ejus
3449 3923 3652 3990 jugitcr

2077 4011 2251 4063 viride
2286 4021 2338 4063 et
2367 4009 2578 4063 fructus
2614 4023 2828 4073 sumus,
2859 4010 3054 4077 impios
3085 4022 3258 4064 autem
3289 4023 3346 4068 ut
3373 4015 3649 4083 pulverem

2077 4099 2460 4169 diemonesque
2509 4097 2812 4152 ventilabit.
2865 4099 2928 4153 Et
2996 4099 3337 4156 fremuerunt
3385 4106 3650 4159 adversus

2079 4209 2200 4248 cum
2239 4209 2391 4262 reges
2426 4201 2478 4247 et
2513 4193 2788 4263 principes
2839 4197 2976 4260 q'uos
3031 4194 3252 4264 quidem
3301 4197 3654 4252 subsannavit

2079 4285 2320 4340 devictos
2348 4333 2361 4354 ,
2405 4285 2520 4350 ipse
2568 4299 2695 4338 vero
2736 4285 3073 4341 constitutus
3124 4295 3208 4341 est
3255 4303 3349 4342 rex
3397 4287 3652 4344 Ecclesiae

2011 4411 2054 4467 ο
2084 4391 2216 4440 sum,
2248 4385 2301 4432 et
2323 4375 2498 4458 'Filius
2531 4376 2625 4430 Dei
2657 4385 2762 4440 est,
2799 4385 3101 4447 gentesque
3127 4378 3320 4433 habuit
3364 4380 3655 4434 haeredita-

2086 4465 2278 4524 tem'et
2307 4468 2708 4538 possessionem
2757 4483 2914 4522 suam
2959 4471 3227 4524 terminos
3272 4478 3451 4534 terra},
3487 4481 3652 4541 atque

2087 4571 2170 4615 est
2205 4567 2391 4630 pastor
2423 4558 2612 4625 fortis.
2645 4557 2706 4612 Et
2745 4559 3092 4628 multiplicati
3125 4561 3344 4628 quidem
3395 4571 3522 4616 sunt
3553 4564 3650 4632 qui

2084 4653 2344 4706 tribulam
2375 4667 2498 4705 eum
2531 4650 2798 4705 conviciis
2827 4639 3124 4705 allicientes
3156 4661 3210 4705 et
3237 4663 3652 4721 persequentes,

2083 4745 2176 4814 qui
2205 4759 2330 4797 eum
2360 4743 2524 4796 etiam
2553 4740 2926 4810 cruciligendo
2952 4739 3385 4808 interfecerunt;
3415 4743 3528 4810 ipse
3553 4759 3652 4796 au-

2083 4846 2190 4887 tem
2231 4849 2354 4886 eum
2406 4833 2566 4884 l’atre
2607 4839 2724 4884 erat
2770 4845 2936 4885 carne
2969 4831 3208 4899 patiens,
3268 4840 3324 4884 at
3372 4832 3654 4886 divinitate

2081 4943 2187 4981 non
2217 4925 2444 4994 patiens,
2474 4931 2854 4992 pr0tectorque
2885 4931 3070 4979 noster
3098 4932 3151 4977 et
3177 4923 3348 4992 gloria
3375 4925 3651 4992 apparuit;

2081 5013 2206 5069 etsi
2240 5011 2499 5066 dormivit
2537 5019 2808 5075 mortuus,
2843 5013 3000 5080 quasi
3045 5021 3098 5065 et
3144 5027 3335 5066 somno
3384 5015 3652 5068 excitatus

2081 5117 2196 5169 est;
2219 5103 2342 5158 ideo
2366 5103 2580 5172 inquit:
2616 5103 2888 5171 «Exsurge
2908 5113 2960 5157 et
2981 5103 3192 5157 salvum
3230 5119 3316 5158 me
3344 5101 3452 5169 fac,
3490 5103 3651 5167 Deus,

2081 5199 2404 5269 quoniamtu
2435 5213 2624 5251 omnes
2661 5197 2908 5251 inimicos
2930 5197 3286 5264 percussisti;
3321 5215 3340 5248 ι
3370 5207 3423 5250 et
3453 5213 3465 5250 :
3499 5216 3516 5249 ι
3551 5198 3628 5251 Do

2083 5292 2214 5345 mini
2245 5299 2329 5343 est
2349 5291 2518 5352 salus,
2545 5297 2597 5343 et
2623 5303 2783 5356 super
2817 5289 3073 5356 populum
3107 5297 3260 5342 tuum
3293 5289 3529 5357 ﬁdelem,
3557 5307 3655 5344 nos

2083 5383 2316 5444 scilicet.
2365 5391 2452 5435 tua
2495 5397 2591 5450 per
2629 5395 2848 5435 crucem
2880 5379 3206 5435 benedictio.
3251 5399 3268 5432 ι
3319 5381 3490 5437 Porro
3533 5395 3656 5452 post

2081 5475 2341 5544 psalmos,
2405 5475 2594 5544 gratiis
2647 5474 2793 5526 illico
2841 5488 2870 5526 a
2921 5474 3210 5528 sacerdote
3245 5477 3504 5544 peractis.
3541 5492 3626 5528 ma

2081 5585 2293 5638 gnaque
2325 5567 2473 5621 dicta
2512 5566 2761 5621 oratione
2807 5567 3163 5635 subsequcnti
3221 5583 3314 5623 seu
3343 5569 3609 5636 \pacilit'is
3637 5607 3651 5630 .

2085 5677 2294 5717 necnon
2326 5661 2393 5714 ab
2428 5662 2616 5715 eodem
2657 5659 2794 5713 facta
2833 5675 2962 5715 voce
2994 5663 3098 5714 alta
3131 5659 3412 5732 Trinitatis
3446 5662 3652 5730 gloriii-

2082 5755 2320 5820 cationc,
2359 5753 2600 5822 psalmus
2637 5772 2647 5809 :
2696 5771 2714 5804 ι
2757 5751 3007 5824 Domine,
3032 5753 3287 5823 clamavi,
3324 5773 3340 5808 ι
3375 5745 3644 5817 cantatur,
