4094 6194
1305 369 1688 429 SYMEONIS
1718 369 2394 429 TI-IESSALONICENS
2408 371 2474 429 iS
2516 372 2869 437 ARCHIEP.

3600 381 3700 451 600

472 493 597 539 cum
637 482 759 539 aliis
779 480 1156 555 sequentibus.
1183 488 1440 549 tanquam
1482 479 1550 535 ad
1572 496 1853 550 vesperam
1887 496 2039 537 com-

2148 480 2331 551 μίαμα
2374 482 2565 551 νοητὸν
2601 484 3047 554 προσαγόμενοι·
3082 486 3171 539 ὅτε
3212 486 3278 558 δή
3316 489 3409 541 καὶ
3444 490 3699 563 αἰσθητῶς

472 573 632 640 positi
659 579 712 627 et
736 573 881 628 velut
904 573 1187 627 incensum
1228 571 1480 640 spiritale
1510 573 1726 636 directi,
1759 573 1887 626 dum
1917 588 2040 628 scn-

470 663 629 717 sibile
654 663 936 719 incensum
973 662 1083 717 Deo
1131 660 1357 717 oll‘ertur
1409 663 1477 717 ab
1535 663 1696 719 altari
1748 664 2039 734 incipiens,

469 764 763 822 totumque
796 755 1055 824 templum
1090 754 1327 823 impleas
1364 756 1416 807 in
1472 755 1699 825 gloriam
1736 756 1952 811 Domini
1989 767 2041 813 et

472 826 633 902 nobis
661 847 846 901 datum
885 846 943 900 in
969 846 1462 903 sanctiﬁcationcm
1489 884 1504 907 ,
1535 859 1743 899 necnon
1778 848 2035 912 quoniam

475 955 539 991 ex
570 938 768 1007 hymno
793 946 1010 992 cantato
1048 934 1232 990 divina
1281 934 1441 995 nobis
1486 934 1644 988 datur
1675 935 1868 1004 gratia.
1900 936 2037 997 Cum

473 1031 540 1084 de
579 1030 663 1084 his
693 1036 905 1100 agatur.
940 1034 1155 1097 oportet
1185 1026 1349 1085 etiam
1380 1039 1476 1093 pro
1505 1023 1763 1080 facultate
1796 1024 1944 1094 loqui
1975 1026 2041 1079 de

474 1121 729 1191 precibus
758 1120 980 1187 nomine
1030 1118 1379 1189 paciﬁeorum
1413 1116 1575 1171 dictis
1603 1131 1699 1171 seu
1735 1118 1800 1171 de
1830 1117 2038 1186 majore

474 1229 537 1265 ac
568 1212 778 1265 minore
807 1210 1161 1282 subsequenti
1200 1209 1342 1265 dicta
1373 1207 1778 1276 deprecatione,
1817 1205 1884 1261 de
1914 1222 2043 1261 con-

476 1304 675 1366 tinenti
732 1301 1128 1371 supplicatione
1176 1309 1231 1355 et
1286 1299 1353 1354 de
1416 1299 1624 1357 ultimis
1672 1298 2039 1354 orationibus.

479 1390 687 1445 Etenim
726 1408 849 1447 cum
889 1392 944 1447 in
970 1392 1216 1461 quolibet
1243 1390 1402 1447 olllcii
1437 1400 1681 1459 tempore
1715 1398 1770 1445 et
1801 1391 1855 1444 in
1885 1405 2040 1445 sacra

474 1477 861 1545 mysteriorum
886 1479 1103 1546 liturgia
1127 1479 1242 1532 hil’c
1264 1493 1293 1541 a
1318 1478 1693 1541 sacerdotibus
1716 1488 1770 1532 et
1790 1477 2043 1534 diaconi:
2079 1463 2088 1472 ’

482 1566 750 1633 legantur,
787 1568 1157 1637 necessarium
1190 1573 1273 1623 est
1318 1580 1419 1619 nos
1444 1567 1509 1623 de
1540 1566 1619 1619 eis
1646 1582 1807 1635 quam
1840 1566 2043 1636 poteri-

479 1674 601 1715 mus
644 1658 844 1712 habere
874 1658 1180 1723 scientiam,
1211 1672 1321 1713 non
1369 1672 1494 1712 vero
1536 1657 1605 1711 de
1635 1658 1715 1712 eis
1764 1666 2041 1726 utcunque

476 1746 718 1800 evenerit
767 1748 999 1801 versari.
1036 1746 1279 1805 Primum
1307 1747 1527 1816 quidem
1562 1749 1840 1818 aperimus
1868 1764 2043 1818 quare

2143 572 2398 643 Θυμίαμα
2428 574 2505 643 τῷ
2534 574 2654 644 Θεῷ
2683 576 3116 647 προσκομίζεται
3148 578 3257 631 ἀπὸ
3290 578 3382 634 τοῦ
3417 580 3700 655 θυσιαστηο

2143 664 2262 736 ρίου
2294 665 2619 736 ἀρχόμενον,
2647 667 2745 720 καὶ
2770 669 2863 720 τὸν
2889 667 3017 722 ναον
3047 670 3221 722 πάντα
3254 671 3494 740 πληροῦν
3521 676 3598 735 είς
3622 676 3704 728 δᾶ-

2144 754 2241 818 ξιν
2269 754 2424 822 Θεοῦ,
2459 756 2556 815 καὶ
2585 757 2717 826 ήμῖν
2745 758 2826 821 είς
2852 757 3125 826 ἀγιασμὸν
3152 758 3569 830 χορηγούμενον.
3598 765 3704 816 Καὶ

2141 844 2222 896 ὅτι
2258 845 2407 911 παρὰ
2432 845 2532 898 τοῦ
2568 846 2910 915 ὑμνουμένου
2945 850 2977 918 ή
3015 849 3134 902 Θεία
3170 852 3302 920 ήμῖν
3333 851 3579 920 δωρεῖται
3614 857 3703 925 χάο

2147 951 2250 1003 ρις.
2287 934 2552 989 Ἐνταῦθα
2582 938 2638 991 δὲ
2667 940 2698 1006 ή
2709 939 2828 1007 μῶν
2857 941 3182 1008 γεγονότων.
3212 943 3306 996 καὶ
3334 945 3462 1015 περὶ
3489 946 3592 999 τῶν
3622 947 3703 1001 λε-

2145 1026 2395 1093 γομένων
2434 1029 2726 1097 εἰρηνικῶν
2773 1031 2964 1101 ῥητέον
3009 1032 3071 1084 τὸ
3117 1034 3259 1087 κατὰ
3308 1034 3556 1103 δύναμιν,
3593 1039 3707 1108 ήτοι

2143 1118 2240 1186 τῆς
2278 1119 2525 1188 μεγάλης
2563 1125 2842 1193 συναπτῆς
2875 1125 2971 1177 καὶ
3010 1127 3213 1193 μικρᾶς
3247 1126 3581 1199 λεγομένης,
3615 1134 3705 1183 καὶ

2141 1209 2243 1274 τῆς
2272 1209 2523 1273 ἐκτενοῦς
2553 1213 2785 1279 ἱκεσίας,
2812 1214 2908 1268 καὶ
2935 1217 3043 1269 τῶν
3068 1218 3391 1273 τελευταίων
3417 1222 3701 1291 αἰτήσεων.

2157 1298 2310 1351 Ἐπεὶ
2341 1301 2446 1371 γὰρ
2478 1302 2534 1353 ὲν
2566 1303 2731 1354 παντί
2774 1304 2956 1375 καιρῷ
2981 1307 3205 1376 τελετῆς
3233 1309 3325 1362 καὶ
3351 1313 3417 1379 τῇ
3452 1312 3572 1381 ίερᾷ
3600 1312 3706 1364 λειο

2144 1390 2377 1460 τουργίᾳ
2405 1392 2555 1460 παρὰ
2582 1393 2688 1445 τῶν
2722 1395 2913 1462 ἱερέων
2942 1396 3115 1449 ταῦτα
3148 1399 3240 1450 καὶ
3270 1398 3538 1453 διακόνων
3565 1405 3708 1470 λέγε-

2144 1496 2255 1541 ται,
2300 1481 2421 1533 δέον
2468 1484 2564 1534 καὶ
2609 1481 2706 1553 τὴν
2746 1484 2955 1537 τούτων
3001 1486 3205 1553 γνῶσιν
3251 1488 3397 1558 ἔχειν
3443 1491 3586 1559 ἡμᾶς
3635 1492 3707 1555 ὡς

2145 1569 2397 1640 ἐγχωρεῖ,
2439 1573 2535 1623 καὶ
2575 1572 2650 1642 μὴ
2686 1573 2763 1636 ὡς
2800 1574 2960 1644 ἔτυχε
3002 1577 3132 1644 περί
3170 1580 3349 1633 αὐτῶν
3386 1581 3707 1641 διακεῖσθαι.

2148 1660 2254 1710 Καὶ
2286 1660 2501 1730 πρῶτον
2531 1663 2629 1730 μὲν
2657 1665 2860 1734 φαμὲν,
2887 1667 3032 1720 διατί
3059 1670 3313 1739 εἰρηνικὰ
3344 1672 3440 1723 καὶ
3472 1674 3707 1744 συναπτὴ

2147 1747 2385 1817 λέγεται.
2414 1752 2537 1808 ’Ὁτι
2573 1754 2788 1825 πρῶτον
2828 1759 2927 1828 μὲν
2959 1760 3059 1829 τήν
3093 1762 3201 1815 ἀπὸ
3234 1762 3324 1816 τοῦ
3365 1764 3503 1818 Θεοῦ
3537 1768 3625 1818 καὶ
3653 1769 3706 1820 ὲν

475 1839 727 1900 dicantur
777 1836 1002 1907 paciﬁca
1042 1846 1104 1911 et
1152 1838 1446 1907 conjuncta
1477 1840 1828 1907 deprecatio;
1867 1842 2042 1909 primo

2147 1842 2401 1913 ἀλλήλοις
2456 1847 2794 1913 ἐξαιτοῦνται
2831 1826 3118 1925 ⁷εἰρήνηνξ
3175 1855 3369 1910 ἔπειτα
3427 1858 3520 1910 καὶ
3573 1858 3706 1927 ὑπὲρ

474 1926 733 1996 quoniam
758 1941 789 1980 a
820 1926 933 1981 Deo
976 1941 1165 1995 pacem
1213 1928 1355 2001 inter
1402 1938 1659 1997 utrosque
1688 1929 1953 1999 ﬂagitant,
1989 1938 2044 1986 et

474 2014 668 2070 deinde
692 2014 950 2083 quoniam
983 2032 1082 2084 pro
1127 2016 1387 2072 omnibus
1423 2016 1585 2072 simul
1633 2018 1921 2086 conjuncte
1950 2018 2045 2071 de-

472 2106 841 2175 precationem
891 2105 1115 2161 faciunt.
1165 2106 1300 2161 Nam
1354 2106 1499 2162 facta
1548 2122 1579 2161 a
1625 2110 1911 2163 sacerdote
1944 2108 2043 2163 Dei

470 2196 845 2252 benedictione
878 2205 1038 2266 prout
1066 2206 1282 2271 oportet
1309 2213 1430 2252 eum
1456 2200 1690 2268 primum
1713 2200 2035 2275 praedicare,

469 2296 523 2351 et
556 2288 836 2341 celebrare
876 2287 1027 2359 velut
1078 2289 1322 2342 omnium
1357 2299 1637 2359 auctorem
1673 2301 1727 2344 et
1758 2291 1883 2345 boni
1918 2291 2041 2345 uni-

470 2378 612 2441 versi
648 2379 989 2446 largitorem,
1021 2379 1205 2432 statim
1243 2378 1419 2448 inquit
1449 2394 1463 2433 :
1505 2398 1523 2432 t
1561 2378 1619 2435 In
1656 2396 1790 2449 pace
1821 2382 2035 2437 Domini

472 2476 849 2537 deprecemur.
886 2488 905 2520 ι
956 2483 1068 2538 quo
1105 2470 1367 2527 docemur
1396 2488 1585 2541 pacem
1630 2485 1877 2531 nostram
1910 2491 2036 2531 cum

476 2560 583 2634 Deo
613 2559 729 2613 ﬁeri
761 2559 813 2631 in
848 2569 995 2616 recta
1028 2559 1129 2615 ﬁde
1181 2562 1500 2631 mundaque
1543 2565 1878 2631 conscientia
1904 2582 1922 2633 ;
1979 2566 2037 2620 in

470 2651 574 2716 hoc
601 2651 744 2707 enim
774 2638 990 2707 consiat
1040 2668 1140 2722 pax
1191 2670 1313 2717 cum
1362 2653 1517 2720 Deo;
1559 2656 1823 2712 docemur
1870 2662 2036 2721 etiam

470 2758 657 2817 pacem
691 2758 816 2797 cum
842 2744 1094 2809 omnibus
1127 2744 1348 2811 habere,
1380 2746 1587 2817 absque
1610 2748 1687 2804 ira
1716 2758 1772 2804 et
1800 2760 2035 2805 conten-

469 2833 711 2909 tionibus
751 2843 917 2899 stare.
977 2836 1439 2905 quemadmodum
1500 2839 1579 2895 ait
1630 2839 1855 2908 Paulus,
1895 2859 1914 2893 ι
1957 2843 2033 2897 le-

464 2932 655 2977 rantes
714 2938 913 2979 manus
961 2940 1149 2995 puras,
1181 2942 1200 2976 ι
1237 2934 1292 2980 et
1360 2930 1825 2998 quemadmodum
1893 2934 2034 2990 dixit

463 3010 761 3089 Salvator;
796 3028 815 3065 t
852 3014 987 3068 Cum
1029 3016 1289 3071 steteritis
1338 3014 1403 3071 ad
1456 3018 1860 3089 deprecandum
1886 3061 1901 3085 ,
1950 3024 2062 3077 di-~

2146 1935 2403 1997 ἁπάντων
2434 1939 2568 2007 ὁμοῦ
2605 1942 2901 2006 συναπτῶς
2933 1945 3211 1999 ποιοῦνται
3244 1947 3341 2017 τὴν
3372 1947 3580 2019 δέησιν.
3615 1950 3708 2002 Εὐ·

2147 2025 2480 2095 λογήσαντος
2520 2031 2628 2097 γὰρ
2665 2034 2761 2085 τοῦ
2801 2035 2989 2103 ἱερέως
3024 2037 3115 2091 τὸν
3146 2038 3298 2102 Θεὸν,
3338 2040 3419 2103 ὡς
3452 2041 3567 2094 δέον
3601 2042 3711 2093 ἐστὶ

2146 2116 2361 2187 πρῶτον
2406 2121 2570 2176 αὐτὸν
2615 2124 2849 2194 κηρῦξαι
2895 2127 2991 2179 καὶ
3032 2128 3336 2199 ἁνυμνῆσαι
3381 2131 3458 2195 ὡς
3507 2135 3713 2187 πάντων

2143 2209 2315 2275 αἴτιον
2346 2212 2437 2265 καὶ
2475 2216 2711 2284 χορηγὸν
2741 2216 2942 2280 παντὸς
2976 2219 3204 2285 ἀγαθοῦ,
3236 2223 3429 2289 εὐθὺς,
3466 2242 3485 2276 ι
3527 2226 3613 2278 Ἐν
3640 2229 3711 2279 εί-

2146 2300 2281 2371 ρήνη
2302 2343 2317 2365 ,
2351 2304 2483 2369 φησὶ
2505 2343 2521 2368 ,
2554 2306 2650 2358 τοῦ
2683 2307 2888 2376 Κυρίου
2927 2309 3232 2380 δεηθῶμεν.
3270 2331 3287 2364 ι
3324 2315 3503 2370 Τοῦτο
3536 2316 3590 2368 δὲ
3618 2319 3711 2387 τήν

2146 2390 2286 2455 μετὰ
2314 2390 2449 2444 Θεοῦ
2476 2394 2705 2463 εἰρήνην
2728 2396 2887 2467 ήμῶν
2908 2398 3151 2452 διδάσκει
3177 2404 3484 2474 γενομένην
3507 2408 3563 2459 ἐν
3586 2405 3711 2477 ὀρθῇ

2142 2480 2326 2533 πίστει
2356 2484 2449 2539 καὶ
2481 2486 2805 2554 συνειδήσει.
2835 2490 3006 2545 Τοῦτο
3030 2495 3141 2564 γὰρ
3169 2495 3360 2565 είρήνη
3402 2500 3535 2567 μετὰ
3561 2497 3709 2551 Θεοῦ.

2142 2569 2254 2622 Καὶ
2288 2572 2349 2624 τὸ
2390 2574 2695 2649 εἰρηνεύειν
2736 2581 2876 2647 μετὰ
2919 2583 3161 2651 πάντων,
3202 2586 3296 2649 καὶ
3335 2592 3511 2660 χωρὶς
3552 2592 3711 2662 ὀργῆς

2140 2660 2234 2713 καὶ
2260 2662 2627 2734 διαλογισμῶν
2659 2668 2937 2738 ἴστασθαι,
2957 2674 3032 2739 ὦς
3050 2693 3183 2745 φησι
3204 2678 3425 2744 Παῦλος
3447 2722 3462 2745 ,
3493 2700 3513 2735 ι
3534 2660 3713 2753 χεῖρας

2137 2748 2289 2811 ὁσίας
2305 2752 2575 2821 αἴροντας.
2592 2775 2610 2808 ι
2635 2759 2730 2812 καὶ
2750 2759 2825 2822 ὡς
2840 2764 2867 2813 ὁ
2888 2763 3079 2833 Σωτὴρ
3096 2764 3222 2836 ἔφη,
3257 2767 3468 2822 «Ὅταν
3487 2748 3715 2842 στήκητε

2138 2847 2587 2915 προσευχόμενοι,
2632 2851 2820 2922 ἀφίετε
2853 2854 2907 2906 εί
2930 2873 2981 2909 τι
3013 2856 3163 2927 ἔχετε
3195 2861 3337 2914 κατά
3366 2880 3518 2927 τινος
3545 2881 3589 2916 ἰ
3624 2869 3714 2919 καὶ

2159 2936 2251 3027 διὰ
2272 2938 2352 3001 τὸ,
2382 2957 2399 2989 ι
2427 2940 2660 3012 Εἰρήνην
2685 2946 2887 3015 ἀφίημι
2912 2948 3095 3016 ὑμίν-ι
3125 2952 3239 3018 καὶ,
3266 2971 3285 3005 ι
3304 2952 3707 3027 Εἰρήνηὸμῐνοι

2136 3025 2171 3095 ἥ
2198 3028 2291 3079 καὶ
2321 3031 2427 3097 πρὸ
2453 3033 2651 3095 παντὸς
2675 3036 2731 3087 εν
2754 3039 2888 3105 ἡμῖν
2912 3040 3116 3106 ὀφείλει
3140 3037 3281 3098 εἰναι
3302 3060 3316 3074 ⁸
3342 3025 3448 3100 καί
3475 3025 3555 3102 ὅτι
3573 3025 3713 3118 μετὰ

464 3084 662 3157 mittite
703 3102 749 3157 si
782 3103 912 3172 quid
946 3105 1187 3160 habeatis
1218 3108 1478 3163 adversus
1508 3084 1766 3179 aliquem,
1797 3129 1816 3162 ι
1847 3084 1910 3165 ac
1939 3129 2034 3182 per

2137 3120 2475 3192 τήςείρήνης
2504 3126 2650 3194 ήμᾶς
2680 3084 3219 3201 χρήιπροσέύχεσθαι
3246 3153 3261 3166 ·
3291 3137 3374 3191 διὸ
3415 3145 3531 3208 καὶ,
3567 3084 3717 3197 ιμἝν

467 3192 581 3246 haec
615 3192 776 3247 verba
809 3209 825 3247 :
859 3210 879 3243 ι
916 3194 1107 3249 Pacem
1154 3196 1407 3265 relinquo
1454 3197 1636 3263 vobis;
1675 3216 1695 3249 ι
1728 3208 1781 3253 ct
1817 3216 1830 3250 :
1866 3218 1883 3251 ι
1919 3200 2030 3259 Pax

467 3282 618 3304 ..-1.2-
689 3301 699 3304 -
745 3299 841 3304 ---μ
895 3292 1015 3304 ΑΛ.-
1056 3285 1223 3304 -Α-...ξ-
1267 3287 1312 3304 9,4
1403 3287 1482 3304 ,ι’
1565 3289 1576 3304 ι
1619 3290 1629 3304 I
1688 3301 1699 3304 _

2137 3211 2326 3304 είρήνη
2350 3192 2663 3285 τοῦ-κυρίου
2689 3192 2971 3292 δεηθῶ-μεν
2997 3192 3056 3289 ἐξ
3083 3226 3309 3298 ἀρχῆς,›
3341 3192 3713 3304 εὐάῦςτφησῖνζ

465 3282 644 3345 vobis,
687 3301 704 3334 ι
737 3299 859 3359 qua:
891 3292 1022 3340 ante
1048 3285 1232 3340 omnia
1264 3287 1321 3340 in
1358 3287 1518 3343 nobis
1547 3289 1704 3344 debet
1730 3305 1872 3356 esse,
1908 3309 2033 3355 ncc-

464 3389 569 3429 non
596 3377 855 3448 quoniam
900 3362 955 3429 in
997 3390 1130 3444 pace
1167 3390 1387 3432 necesse
1432 3386 1522 3433 est
1570 3394 1670 3435 nos
1723 3379 2032 3451 deprecari,

462 3466 584 3522 ideo
608 3468 677 3521 ab
708 3467 866 3522 initio
886 3466 1026 3547 dixit
1058 3484 1081 3547 ;
1109 3467 1194 3523 «lu
1226 3483 1358 3539 pace
1378 3468 1591 3549 Domini
1616 3472 2026 3542 deprecemur,»

463 3558 802 3625 quoniam,-t
843 3544 958 3615 Nisi
990 3546 1088 3616 vos
1121 3560 1224 3629 ipsi
1257 3546 1600 3627 dimiseritis.
1634 3563 1832 3641 inquit,
1853 3581 2032 3636 neque

461 3648 619 3702 Pater
647 3658 834 3704 noster
862 3648 1099 3705 dimittet
1132 3660 1350 3719 peccata
1378 3661 1600 3709 vestra:
1635 3670 1655 3704 ι
1692 3670 1877 3708 verum
1905 3671 2028 3711 eum

459 3738 698 3810 Deo'pax
730 3756 860 3806 vera
886 3739 979 3810 qui
1005 3741 1505 3811 reconciliationem
1526 3743 1683 3799 nobis
1706 3753 1760 3799 et
1790 3746 2026 3801 salutem

458 3846 558 3901 per
584 3846 745 3899 suam
766 3831 1201 3911 misericordiam,
1227 3832 1460 3903 largitus
1487 3843 1594 3898 est,
1626 3836 1778 3889 addit
1811 3853 1824 3890 :
1865 3857 1880 3886 ι
1922 3837 2027 3894 l’ro

458 3912 693 3999 superna
716 3938 846 3993 pace
873 3934 928 3997 et
952 3927 1130 3996 salute
1158 3926 1465 3981 animarum
1494 3935 1862 3986 nostrarum.»
1891 3931 2026 3988 Nam

458 4000 504 4089 si
544 4015 691 4072 Deus
723 4032 821 4072 nos
860 4017 1154 4073 Clementer
1185 4019 1481 4088 prospiciat
1531 4029 1585 4081 et
1636 4024 2029 4081 reconcilietur

459 4108 641 4177 nobis,
674 4118 860 4167 nostra
894 4110 997 4165 erit
1024 4111 1192 4166 salus.
1228 4112 1431 4168 Deinde
1461 4127 1561 4182 pro
1591 4117 1867 4179 communi
1894 4132 2027 4186 pace

457 4202 709 4273 obsecrat
740 4200 927 4256 dicens
957 4217 973 4257 :
1007 4220 1025 4257 ι
1068 4202 1173 4257 Pro
1202 4218 1335 4272 pace
1366 4205 1553 4257 mundi
1589 4207 1851 4269 universi,
1888 4227 1907 4259 ›
1941 4217 2027 4261 nt-

456 4303 581 4363 pote
610 4295 711 4350 bac
746 4308 777 4353 a
806 4294 913 4347 Deo
944 4292 1220 4364 impertita
1256 4294 1519 4364 nobisque
1551 4297 1619 4349 ad
1650 4313 1768 4351 eam
1796 4314 2024 4368 prorsus

456 4370 804 4453 praeparatis;
828 4372 831 4373 ⁷
855 4385 1006 4445 vides
1039 4394 1303 4453 quantum
1336 4386 1409 4439 sit
1456 4387 1655 4441 bonum
1694 4391 1864 4457 pacis,
1905 4391 2025 4458 ejus

456 4476 630 4544 gratia
666 4472 809 4529 Deus
840 4473 1151 4531 descendit:
1195 4475 1327 4530 «Pro
1350 4476 1492 4531 felici
1526 4486 1670 4533 statu
1704 4494 2019 4543 sanctarum
2056 4507 2102 4565 ο

451 4564 549 4620 Dei
579 4563 999 4628 Ecclesiarumn
1028 4565 1171 4636 quod
1199 4568 1479 4639 continget
1504 4584 1599 4638 per
1628 4585 1814 4640 pacem
1844 4573 1894 4625 in
1920 4574 2020 4628 ille

450 4657 732 4725 vitamque
776 4655 1246 4723 ecclesiasticam;
1284 4658 1538 4713 similiter
1567 4668 1619 4713 et
1652 4660 1799 4730 quod
1832 4664 2017 4731 sequi-

453 4753 543 4798 tur
574 4761 590 4799 :
634 4763 657 4821 ι
690 4744 755 4799 Ει
780 4760 881 4814 pro
915 4745 1161 4811 omnium
1196 4747 1438 4815 unitate;
1480 4767 1499 4801 ι
1537 4765 1733 4820 nempe
1777 4751 1832 4805 in
1870 4763 2018 4807 recta

453 4820 558 4895 (ide
586 4846 640 4892 et
665 4837 935 4919 charitate
963 4838 1181 4908 Deoque
1203 4852 1357 4912 grata
1382 4845 1822 4900 conversatione.
1855 4846 2016 4904 Post-

450 4945 510 5005 ea
552 4938 759 4985 sanctae
808 4928 1007 4993 domus
1058 4924 1304 4987 meminit
1328 4942 1384 4987 et
1422 4935 1741 4990 intrantium
1773 4938 1828 4992 in
1858 4954 1974 4993 eam
2003 4979 2018 5005 ,

450 5002 644 5088 petens
688 5004 751 5073 ut
784 5019 987 5079 bonum
1023 5022 1273 5097 ordinem
1331 5024 1694 5095 decoremque
1727 5002 2020 5100 diligamus

453 5102 546 5163 Dei
576 5111 774 5166 domus
801 5152 818 5178 ,
849 5125 915 5175 ac
946 5112 1000 5165 in
1039 5128 1100 5169 ea
1135 5115 1189 5191 in
1223 5131 1327 5170 una
1378 5127 1557 5172 mente
1592 5120 1795 5190 pioque
1837 5124 2021 5178 animo

449 5204 869 5279 conveniamus.
924 5202 1122 5261 Postea
1171 5207 1422 5262 meminit
1464 5210 1734 5279 pontiﬁcis
1762 5222 1820 5266 ut
1851 5212 2020 5270 fontis

380 5274 389 5283 ’
451 5274 743 5359 sacerdotii
770 5298 1059 5385 omnisque
1092 5274 1505 5354 Christianismi
1532 5317 1546 5365 ;
1575 5304 1922 5375 presbyterii,
1956 5316 2018 5360 ut

448 5386 796 5452 cooperantis
824 5390 997 5453 sacris
1037 5388 1343 5458 mysteriis;
1374 5391 1694 5470 diaconatus
1722 5393 2016 5451 Christiani

416 5524 419 5525 ν
448 5487 512 5544 ut
538 5480 796 5545 mysterio
821 5480 1227 5549 ministrantis;
1264 5482 1392 5537 cleri
1431 5470 1672 5540 nniversi
1710 5496 1768 5540 ut
1801 5486 2019 5559 hymnis

448 5580 514 5620 ac
541 5567 751 5636 reliquo
773 5569 945 5624 cultui
988 5571 1358 5639 inservientis,
1384 5584 1545 5644 atque
1570 5574 1746 5645 plebis
1768 5587 1825 5631 ut
1850 5579 2021 5635 ﬁdelis

448 5665 504 5714 et
541 5659 917 5715 sacerdotibus
965 5661 1072 5716 vita
1116 5663 1327 5733 ﬁdeque
1359 5655 1624 5744 adunataa
1669 5681 1881 5723 necnon
1922 5685 2022 5740 per

448 5767 546 5840 eqs
580 5752 952 5837 sanctiﬁcata.
1009 5752 1223 5811 Viden’.
1246 5772 1422 5827 quare
1461 5757 1754 5828 conjuncta
1806 5762 2022 5846 dicatur

2136 3299 2289 3366 ἐπεὶ,
2323 3320 2343 3354 ι
2382 3304 2441 3355 Εἰ
2469 3304 2526 3357 δὲ
2559 3306 2719 3376 ὑμεῖς
2782 3311 2886 3364 οὐκ
2918 3315 3139 3381 ἀφίετε,
3173 3320 3365 3387 φησὶν,
3408 3299 3717 3380 οὐδὲδήὸνηαη

2133 3390 2236 3462 τὴρ
2267 3394 2422 3464 ήμῶν
2450 3398 2650 3469 ἀφήσει
2681 3402 2750 3455 τὰ
2779 3407 3208 3477 παραπτώματα
3240 3411 3428 3480 ὑμῶν.
3465 3434 3484 3467 ι
3514 3416 3633 3470 Ὅτι
3663 3418 3717 3471 δὲ

2133 3484 2243 3580 απὸ
2278 3486 2372 3580 τοῦ
2419 3489 2556 3543 Θεοῦ
2599 3494 2630 3563 ἡ
2678 3494 2884 3567 ἀληθὴς
2931 3501 3147 3573 εἰρήνη,
3194 3506 3715 3580 καταλὶασσομένου

2132 3575 2265 3645 ἡμῖν
2278 3579 2372 3631 καὶ
2389 3583 2751 3651 χορηγοῦντος
2774 3588 2908 3658 ἐλέῳ
2926 3591 3023 3659 τὴν
3042 3596 3336 3676 σῳτηρίαν,
3356 3598 3383 3649 ὲ
3398 3575 3714 3676 πάγεινὺπὲρ

2132 3948 2317 4013 κοινῆς
2345 3949 2847 4024 δυσωπεηίρήνης,
2878 3957 3070 4025 λέγων,
3117 3962 3326 4034 ι’Υπὲρ
3356 3967 3457 4038 τῆς
3489 3970 3710 4039 εἰρήνης

2129 4036 2222 4090 τοῦ
2268 4040 2579 4108 σύμπαντος
2610 4047 2835 4114 κόσμον,
2871 4067 2889 4098 ι
2912 4049 2984 4112 ὡς
3015 4051 3078 4103 ἐκ
3122 4051 3213 4104 τοῦ
3247 4054 3387 4108 Θεοῦ
3444 4076 3710 4129 χορηγου-

2134 4127 2320 4198 μὲνης,
2350 4134 2442 4183 καὶ
2478 4134 2634 4202 ήμῶν
2683 4137 2819 4205 πρὸς
2853 4140 3058 4211 ταύτην
3102 4143 3299 4207 ὀλικῶς
3351 4127 3712 4220 ἑτοιμαζομέ-

2130 4237 2257 4273 νων.
2296 4222 2455 4293 Ὁρᾷς
2485 4226 2607 4278 ὅσον
2644 4226 2705 4279 τὸ
2736 4229 2835 4298 τῆς
2865 4231 3095 4301 εἰρήνης
3128 4238 3349 4305 χρῆμα;
3389 4240 3481 4294 διὰ
3506 4243 3709 4310 ταύτην

2128 4312 2156 4363 ὁ
2193 4311 2323 4375 Θεὸς
2368 4317 2758 4387 κατελήλυοεν,
2812 4322 2951 4392 ὑπὲρ
2990 4324 3316 4391 εὐσταθείας
3370 4331 3484 4385 τῶν
3540 4333 3710 4402 ἁγίων

2127 4402 2222 4454 τοῦ
2285 4405 2419 4458 Θεοῦ
2487 4407 2861 4480 Ἐκκλησιῶν·
2904 4416 2999 4469 καὶ
3051 4417 3211 4470 τοῦτο
3265 4420 3354 4474 διὰ
3398 4424 3502 4494 τὴν
3537 4427 3596 4477 ὲν
3643 4429 3706 4495 τῇ

2132 4495 2309 4548 πίστει
2353 4499 2598 4567 εἰρήνην,
2634 4504 2729 4555 καὶ
2764 4504 3231 4578 ἔκκλησιαστικὴν
3260 4509 3471 4583 βιοτὴν,
3505 4516 3605 4571 καὶ
3649 4516 3709 4568 τὸ

2124 4585 2389 4654 ἑπόμενον
2419 4589 2629 4659 ὅμοιον,
2663 4595 2757 4646 καὶ
2808 4598 2907 4665 τῆς
2952 4599 3061 4652 τῶν
3091 4602 3309 4654 πάντων
3342 4605 3621 4672 ὲνώσεως,
3649 4609 3706 4661 ὲν

2123 4678 2255 4748 ὀρθῇ
2290 4682 2466 4734 πίστει
2497 4684 2591 4736 καὶ
2623 4686 2815 4769 ἀγάπη
2844 4690 2938 4742 καὶ
2976 4690 3214 4760 Θεοφιλεί
3262 4697 3539 4770 πολιτείᾳ.
3574 4696 3707 4754 Εἶτα

2122 4770 2217 4822 τοῦ
2248 4773 2403 4840 ἁγίου
2457 4775 2735 4847 μέμνηται
2791 4764 2967 4847 οἴκου,
3021 4785 3115 4837 καὶ
3167 4786 3276 4839 τῶν
3320 4764 3611 4845 εἰσιόντων
3643 4794 3707 4846 ἰν

2123 4863 2294 4933 αὐτῷ,
2329 4865 2421 4919 διά
2449 4884 2507 4919 τε
2555 4871 2655 4938 τήν
2704 4873 2983 4939 εὐταξίαν,
3019 4878 3113 4929 καὶ
3146 4878 3206 4931 τὸ
3241 4880 3471 4954 ἀγαπᾷν
3503 4885 3707 4956 εὐπρὲο

2124 4971 2282 5008 πειαν
2313 4958 2464 5010 οίκου
2508 4959 2666 5027 Θεοῦ,
2702 4966 2794 5015 καὶ
2821 4965 2919 5033 τήν
2950 4968 3008 5018 ὲν
3041 4970 3265 5040 ὁμονοίᾳ
3314 4973 3409 5024 καὶ
3446 4974 3707 5045 εὐλαϐείᾳ

2124 5046 2489 5118 συνάθροισιν,
2524 5053 2620 5104 καὶ
2662 5053 2722 5106 τὸ
2776 5058 3076 5126 προσάγειν
3120 5060 3179 5124 ἐξ
3228 5057 3304 5117 ὧν
3345 5062 3706 5139 λαμϐάνομεν

2121 5137 2351 5191 ἀπὸτοῦ
2386 5139 2550 5195 Θεοῦ.
2606 5141 2741 5197 Εἶτα
2798 5147 3073 5218 μέμνηται
3109 5151 3201 5204 τοῦ
3247 5156 3576 5225 ἀρχιερέως,
3607 5137 3705 5220 id);

2124 5229 2307 5299 πηγῆς
2350 5230 2505 5295 ὄντος
2537 5234 2633 5303 τῆς
2671 5236 2995 5308 ἰερωσύνης,
3025 5243 3119 5297 καί
3151 5244 3350 5307 παντὸς
3376 5247 3703 5316 Χριστιανι-

2124 5320 2287 5389 σμοῦ,
2319 5322 2410 5374 τοῦ
2464 5326 2888 5398 πρεσϐυτερίου,
2939 5330 3015 5394 ὼς
3066 5333 3331 5403 συνεργοῦ
3376 5337 3490 5389 τῶν
3538 5339 3704 5407 ἱερῶν

2123 5415 2378 5484 τελετῶν,
2411 5418 2510 5487 τῆς
2554 5421 2614 5473 ὲν
2658 5422 2880 5494 Χριστῷ
2921 5424 3220 5493 διακονίας,
3256 5429 3329 5492 ὼς
3373 5429 3701 5502 λειτουργοῦ

2131 5506 2216 5557 τοῦ
2244 5511 2568 5577 μυστηρίου,
2600 5515 2925 5578 παντὸςρτοῦ
2949 5515 3152 5586 κλήρου
3183 5519 3257 5582 ὡς
3285 5521 3570 5590 ὑπηρέτου
3593 5523 3703 5576 τῶν

2124 5595 2308 5668 ὓμνων
2355 5601 2447 5653 καὶ
2475 5602 2802 5675 τῆς·λοιπῆς
2849 5607 3128 5677 εὐταξίας,
3171 5611 3387 5667 καὶτοῦ
3426 5612 3587 5682 λαοῦ,
3622 5615 3701 5677 ὡς

2124 5692 2329 5779 πιστοῦ(
2354 5696 2448 5751 καὶ
2471 5698 2753 5768 ήνωμένου
2787 5703 2899 5767 τοῖς
2938 5704 3255 5774 ἰερωμένοις
3283 5710 3348 5778 τῇ
3384 5707 3575 5763 πίστει
3604 5708 3701 5761 καὶ

2124 5787 2203 5869 τῷ
2259 5788 2381 5860 βίῳ,
2429 5792 2525 5846 καὶ
2572 5792 2640 5846 δι’
2690 5795 2868 5851 αὐτῶν
2916 5795 3294 5869 ἁγιαζομένου.
3344 5797 3516 5867 Ὀρᾷς
3550 5796 3699 5860 ὅπως
