4094 6194
449 349 548 416 601

1483 393 1500 406 υ
1586 363 1684 424 DE
1726 365 1973 425 SACRA
2012 367 2514 428 l‘llECATlONE.

3612 369 3718 435 602

449 471 697 541 συναπτὴ
739 469 994 542 λόγεταις
1037 475 1324 541 ’Δπαντας
1357 479 1585 548 συνάγει
1616 483 1699 546 εἰς
1748 483 1830 546 ἐν,
1869 484 2002 539 καθά

2107 517 2121 552 ι
2155 488 2271 550 haec
2305 486 2518 543 oratio?
2548 459 2848 548 Universos
2905 483 3188 558 coniungit
3233 483 3289 540 in
3337 497 3526 550 unum,
3557 495 3723 555 prout

449 581 554 634 περ
579 565 608 617 ό
643 564 838 635 Σωτὴρ
867 565 1089 636 ηὔξατο.
1122 569 1279 624 Μετὰ
1307 569 1404 623 τοῦ
1453 571 1586 625 λαοῦ
1643 575 1744 643 μὲν
1794 571 1890 630 οὖν
1936 579 2032 631 καὶ

447 657 570 720 τούς
620 656 865 726 βασιλεῖς
901 659 1106 729 συνῆψε
1161 665 1258 715 καὶ
1311 663 1582 734 ἄρχοντας
1631 669 1724 722 καὶ
1776 671 2029 739 στρατόν.

456 747 599 801 Ἀλλ’
629 749 754 801 ἐπεὶ
787 751 930 819 ὐπδρ
969 751 1064 804 τοῦ
1102 752 1284 806 κοινοῦ
1331 755 1728 828 ἀγωνιζόμενοι
1762 763 1904 815 εἰσιν
1938 764 2029 817 οὖν

441 858 547 907 τοι,
574 844 669 900 καὶ
710 842 817 914 ιδίᾳ
847 844 1058 902 τούτων
1095 850 1396 917 μέμνηται,
1435 852 1675 910 εὐσεϐῶν
1709 855 1873 923 μόνον
1902 875 2031 926 τυγη

449 935 733 1002 χανόντων.
790 937 938 1005 Πλὴν
977 938 1081 1008 ὅρα
1136 939 1211 1003 ὠς
1244 942 1341 995 καὶ
1381 943 1620 1002 ἐνταύοα
1663 949 1759 1001 καὶ
1808 950 1866 1003 ἐν
1908 954 2028 1014 ταῖς

446 1027 734 1090 μυστικαῖς
771 1027 959 1096 εὐχαῖς
994 1029 1094 1099 τῆς
1124 1031 1460 1100 ἱερουργίας,
1491 1036 1584 1090 καὶ
1614 1037 1670 1090 ὲν
1697 1039 1810 1101 τοῖς
1835 1039 2028 1092 διπτύη

442 1133 577 1194 χοις,
611 1107 791 1170 καῖ’ὲν
815 1122 882 1189 τῇ
917 1120 1203 1194 τελευταίᾳ
1250 1125 1407 1196 εὐχῇ,
1439 1127 1562 1199 ἥτις
1598 1131 2026 1202 ὀπισοάμϐωνος

440 1199 678 1275 λέγεται,
718 1209 1103 1283 προτίθησινή
1152 1215 1453 1289 Ἐκκλησία
1493 1228 1616 1286 τοὺς
1649 1199 1928 1296 ἀρχιερεῖς
1960 1245 2021 1287 τε

439 1306 532 1354 καὶ
573 1303 770 1369 ἱερεῖς,
825 1304 922 1357 καὶ
973 1307 1154 1361 πάντα
1209 1309 1303 1363 τὸν
1336 1312 1559 1384 κλῆρον.
1603 1312 1733 1370 Εἶτα
1765 1319 2018 1390 ἐπιφέρει

436 1394 560 1456 τοὺς
588 1393 855 1460 βασιλεῖς,
899 1396 997 1449 καὶ
1027 1396 1189 1452 τοῦτο
1231 1403 1468 1472 νόμιμον
1498 1405 1641 1459 θεῖον
1687 1409 1920 1465 ἄνωθεν.
1959 1410 2020 1463 'O

434 1483 540 1553 γάρ
573 1487 828 1554 χορηγῶν
881 1487 952 1540 τὰ
1003 1489 1098 1542 τοῦ
1147 1491 1428 1564 ἁγιασμοῦ
1480 1500 1878 1570 προτιμότερος
1910 1503 2020 1557 τῶν

434 1577 815 1647 άγιαζομένων
866 1582 1018 1634 ἐστί·
1057 1583 1118 1636 τὸ
1166 1585 1387 1638 ἔλαττον
1425 1591 1532 1660 γάρ
1570 1591 1674 1644 ὐπὸ
1702 1595 1796 1645 τού
1827 1595 2015 1663 κρείτ-

433 1684 585 1733 τονος
611 1671 940 1740 εὐλογεῖται.
985 1676 1128 1728 Ἀλλ’
1158 1679 1259 1732 οὐκ
1287 1676 1380 1733 οἷδ’
1408 1681 1556 1744 ὅπως
1591 1683 1649 1735 ἐν
1677 1702 1788 1738 τισι
1816 1689 1884 1738 τὰ
1918 1687 2016 1754 τῆς

433 1761 640 1826 τάξεως
679 1763 855 1832 πάντη
889 1765 1187 1838 ἠλλοιώθη,
1237 1774 1334 1824 καὶ
1367 1773 1478 1824 τῶν
1530 1777 1815 1846 κοσμικῶν
1852 1781 1902 1834 οῖ
1938 1781 2016 1832 is-

2138 591 2392 650 precatus
2425 591 2510 633 est
2563 579 2836 640 Salvator.
2887 578 3056 649 Igitur
3107 593 3233 640 cum
3290 577 3448 650 plebe
3495 577 3719 648 quidem

2135 687 2289 742 reges
2333 672 2621 742 conjunxit
2668 670 3059 742 principesque
3110 679 3164 728 et
3217 669 3523 726 exercitum
3553 707 3570 734 ,
3621 668 3718 725 sed

2133 777 2258 818 cum
2295 764 2384 820 isti
2426 780 2526 834 pro
2562 764 2842 822 communi
2880 763 3025 819 bono
3057 763 3356 826 luctantur,
3383 760 3718 832 peculiarem

2132 855 2330 910 borum
2367 855 2697 912 mentionem
2742 853 2909 918 facit,
2945 869 3134 910 eorum
3161 862 3345 910 autem
3381 861 3591 908 tantum
3622 850 3718 922 qui

2137 948 2225 1016 pie
2254 949 2472 1006 vivunt.
2499 949 2770 1010 Caeterum
2804 947 2987 1017 aspice
3009 946 3284 1017 quomodo
3315 946 3401 1000 hic
3428 955 3481 1002 et
3510 945 3564 1000 in
3600 960 3718 1016 my—

2131 1041 2286 1096 sticis
2304 1043 2482 1096 sancti
2508 1038 2764 1098 sacrificii
2793 1040 3164 1103 orationibus,
3193 1041 3246 1094 in
3275 1038 3551 1110 diptychis
3582 1049 3634 1092 et
3659 1037 3713 1091 in

2130 1133 2320 1187 ultima
2356 1131 2743 1200 deprecatione
2777 1148 2900 1202 quas
2929 1147 2996 1188 ex
3031 1131 3294 1194 cathedra
3317 1130 3543 1194 dicitur,
3570 1143 3712 1199 prae-

2126 1226 2281 1295 ponit
2321 1224 2578 1286 Ecclesiae
2623 1225 2910 1294 pomilices
2937 1234 2990 1280 et
3034 1224 3351 1286 sacerdotes
3380 1235 3714 1291 omnemque

2124 1317 2353 1381 clerum,
2397 1316 2595 1372 deinde
2626 1317 2877 1386 adiungit
2925 1332 3102 1387 rcges.
3135 1316 3252 1372 Hoc
3304 1316 3448 1370 enim
3498 1314 3709 1384 justum

2122 1420 2209 1464 est
2234 1418 2288 1463 et
2320 1411 2583 1467 divinitus
2610 1411 2924 1472 institutum
2952 1427 2967 1478 ;
3006 1425 3128 1466 nam
3158 1411 3251 1480 qui
3285 1408 3476 1464 tribuit
3501 1423 3566 1461 ea
3591 1421 3713 1476 qua:

2122 1502 2470 1556 sanctitatem
2494 1501 2788 1558 conferunt
2807 1501 3164 1564 sanctiﬁcatis
3187 1511 3272 1558 est
3300 1499 3709 1565 honorabilior;

2121 1592 2268 1660 quod
2312 1592 2457 1648 enim
2491 1592 2673 1648 minus
2720 1603 2808 1647 est
2853 1607 2886 1652 a
2933 1592 3148 1661 majore
3190 1590 3559 1650 benedicitur.
3600 1587 3710 1641 Sed

2125 1686 2308 1742 nescio
2341 1700 2509 1754 quare
2542 1684 2876 1754 quibusdam
2906 1685 2961 1738 in
2989 1683 3128 1740 locis
3167 1685 3258 1740 hie
3281 1683 3419 1739 ordo
3465 1688 3711 1736 mutatus

2124 1777 2350 1840 omnino
2392 1777 2578 1844 fuerit,
2609 1788 2664 1832 et
2695 1793 3074 1847 saepenumero
3121 1775 3442 1834 sacerdotes"
3490 1773 3548 1829 in
3601 1773 3706 1828 mi-

336 1907 338 1910 ,
436 1856 669 1922 ρωμένοι
700 1857 759 1908 ὲν
783 1858 1031 1914 ἐλάττονι
1058 1863 1328 1928 πολλάκις
1359 1840 1672 1923 δείκνυνται
1711 1872 1887 1936 τάξει,
1915 1875 2002 1942 οὐχ

2122 1868 2242 1922 nuri
2272 1867 2466 1924 ordine
2503 1883 2667 1938 quam
2716 1869 2840 1926 laici
2877 1870 3133 1933 videntur
3157 1908 3174 1933 ,
3208 1867 3430 1924 tuinime
3461 1866 3591 1935 quia
3623 1865 3706 1920 in-

433 1948 737 2020 ὐφειμὲνης
765 1951 974 2016 τάξεως
1002 1954 1179 2021 ὄντες,
1218 1957 1356 2011 άλλά
1390 1962 2014 2033 καταδυναστευόμενοι,

429 2040 505 2102 ὡς
533 2041 629 2094 καὶ
650 2043 709 2096 ὲν
735 2042 916 2108 ἄλλοις
950 2048 1236 2103 κάνταῦθα
1264 2053 1394 2122 περὶ
1418 2053 1487 2106 τὰ.
1515 2055 1636 2109 θεῖά
1660 2073 1828 2111 τινων
1857 2077 2014 2132 περιο

428 2137 685 2206 φρονήσει
707 2143 1026 2210 χρωμένων.
1061 2143 1296 2216 Εὐχεται
1319 2144 1458 2218 οὖνὴ
1494 2151 1811 2222 Ἐκκλησία,
1831 2156 2014 2219 καλῶς

428 2229 520 2281 τὸν
538 2230 632 2283 τοῦ
655 2231 868 2287 Παύλου
893 2236 1058 2304 νόμον
1077 2239 1344 2308 τηροῦσα,
1365 2243 1507 2313 ὐπέρ
1536 2261 1595 2297 τε
1613 2245 1722 2298 τῶν
1742 2247 2012 2315 βασιλέων

428 2321 522 2374 καὶ
568 2322 681 2374 τῶν
712 2325 770 2376 ὲν
805 2325 1072 2399 ὑπεροχῇ.
1111 2333 1206 2384 καὶ
1265 2334 1508 2402 μάλιστα
1557 2337 1675 2403 νῦν,
1709 2340 2012 2394 τελούντων

425 2415 636 2469 τούτων
677 2421 929 2484 πιστῶν,
995 2427 1087 2476 καὶ
1131 2427 1274 2499 ὑπὲρ
1323 2428 1420 2480 τοῦ
1471 2433 1852 2502 συμπολεμεῖν
1910 2438 2009 2489 αὐ-

424 2508 535 2570 τοῖς
562 2509 655 2562 τὸν
681 2510 835 2577 Θεὸν,
870 2514 1198 2570 ὑποτάττειν
1228 2536 1288 2572 τε
1319 2521 1503 2586 αὐτοῖς
1531 2525 1660 2588 τοὺς
1688 2527 1816 2579 πολε
1827 2528 2008 2596 μίους,

426 2599 513 2652 ἵνα
537 2601 628 2654 καὶ
662 2603 824 2672 ἡμεῖς
855 2606 1067 2677 ἤρεμον
1095 2611 1190 2664 καὶ
1222 2613 1453 2683 ἡσύχιον
1485 2615 1602 2685 βίον
1650 2617 2009 2689 άγωμεν,,τά

421 2694 520 2761 τῆς
553 2694 833 2760 εὐσεϐείας
865 2701 923 2751 ὲν
970 2703 1264 2774 σεμνότητι
1301 2708 1720 2779 συντηροῦντες.
1769 2713 1921 2776 Ἐπεὶ
1950 2716 2009 2770 δὲ

424 2787 516 2838 καὶ
543 2789 808 2858 φρουρίου
847 2793 1006 2861 χρεία
1041 2795 1198 2866 ἡμῖν,
1247 2797 1323 2860 ὼς
1351 2800 1446 2853 καὶ
1473 2804 1582 2854 τῶν
1619 2807 2008 2874 φρουρούντων

423 2877 722 2948 ἀρχόντων,
760 2885 854 2935 καὶ
890 2889 990 2956 τῆς
1033 2891 1385 2962 φρουρούσης
1434 2895 1855 2968 ὑπερευχόμεθα
1907 2902 2008 2956 πό-

421 2968 574 3034 λεως,
596 2974 690 3026 καὶ
719 2973 810 3028 διὰ
835 2977 932 3046 τὴν
961 2980 1206 3051 ἀγάπην,
1227 2978 1336 3037 καῖ’
1350 2984 1541 3054 λοιπῆς
1569 2991 1751 3061 πάσης
1775 2991 2002 3058 πόλεως’

420 3062 499 3114 ἔτι
532 3062 589 3116 δὲ
624 3065 810 3136 χώρας
839 3068 1092 3142 ἁπάσης,
1115 3074 1196 3126 ὅτι
1220 3075 1320 3129 οὐκ
1349 3077 1406 3130 ἐν
1440 3079 1629 3133 πόλεσι
1661 3084 1844 3152 μόνον,
1870 3086 2006 3141 ἀλλὰ

2120 1959 2336 2016 ferioris
2371 1963 2484 2016 sint
2529 1961 2761 2026 Ordinis,
2804 1961 2896 2019 Sed
2942 1963 3074 2031 quia
3123 1961 3529 2030 deprimuntur,
3565 1973 3708 2014 non-

2115 2053 2284 2106 nullis
2313 2054 2459 2108 sicut
2483 2053 2536 2107 in
2560 2053 2684 2108 aliis
2713 2053 2955 2119 casibus,
2994 2056 3067 2111 ita
3092 2065 3145 2116 et
3167 2055 3221 2108 in
3258 2055 3378 2112 istis
3407 2053 3704 2124 quemdam

2115 2148 2262 2200 circa
2301 2145 2482 2200 divina
2503 2155 2877 2216 contemptum
2902 2149 3337 2213 ostentantibus.
3373 2147 3504 2208 Orat
3536 2149 3703 2223 igitur

2117 2239 2386 2305 Ecclesia,
2421 2249 2568 2294 recte
2604 2251 2820 2296 servata
2850 2240 3006 2300 Pauli
3053 2241 3196 2312 lege,
3247 2257 3345 2311 pro
3394 2241 3616 2311 regibus
3648 2252 3703 2296 et

2114 2334 2370 2386 omnibus
2398 2332 2492 2402 qui
2525 2333 2582 2386 iu
2603 2333 2940 2388 sublimitate
2963 2342 3117 2398 sunt,
3147 2344 3200 2394 et
3222 2348 3370 2390 nunc
3395 2333 3700 2404 praesertim

2115 2440 2239 2476 eum
2279 2425 2366 2478 isti
2413 2425 2604 2482 ﬁdeles
2659 2427 2793 2491 sint,
2852 2437 2911 2482 ut
2939 2426 3088 2482 Deus
3117 2443 3241 2486 cum
3273 2427 3354 2482 eis
3384 2435 3613 2498 pugnet,
3647 2435 3704 2481 et

2116 2519 2381 2577 ininicos
2411 2521 2491 2578 eis
2519 2522 2802 2593 subjiciat,
2851 2532 2912 2578 ut
2948 2539 3048 2579 nos
3095 2539 3316 2593 quoque
3361 2523 3601 2592 quietam
3647 2535 3701 2578 cl

2113 2611 2463 2680 tranquillam
2501 2614 2668 2668 vitam
2714 2629 2964 2682 agamus,
2999 2615 3256 2684 pietatem
3290 2624 3343 2669 et
3374 2618 3691 2676 castitatem

2111 2715 2416 2761 servantes.
2435 2709 2664 2776 Insuper
2689 2725 2814 2760 cum
2847 2709 3095 2766 custodia
3133 2709 3502 2778 indigeamus,
3527 2715 3694 2767 etiam

2111 2811 2210 2866 pro
2241 2800 2677 2856 custodientibus
2723 2802 3068 2874 principibus
3100 2813 3154 2858 et
3186 2819 3286 2874 pro
3334 2806 3696 2862 custodienti-

2111 2889 2214 2944 bus
2243 2891 2458 2946 civibus
2487 2892 2844 2951 obsecramus
2869 2933 2885 2958 ,
2919 2894 2986 2949 ad
3022 2895 3124 2950 hoc
3147 2897 3300 2953 enim
3329 2898 3576 2962 charitas
3607 2899 3693 2954 in-

2109 2985 2269 3050 vitat,
2307 3000 2523 3041 necnon
2556 3002 2655 3056 pro
2707 2988 2914 3058 reliqua
2945 2989 3200 3056 civitate,
3233 2994 3346 3046 imo
3378 3003 3432 3046 et
3463 3008 3567 3063 pro
3605 3008 3696 3050 re-

2109 3076 2276 3146 gione
2306 3080 2592 3143 universa,
2624 3081 2886 3149 quoniam
2930 3097 3039 3137 non
3083 3083 3138 3139 in
3186 3084 3413 3142 urbibus
3456 3095 3694 3155 tantum,

421 3155 514 3206 καὶ
546 3157 603 3208 ἐν
651 3158 870 3229 κώμαις
916 3163 1201 3234 οἰκοῦμεν.
1255 3167 1408 3222 Ἐπεὶ
1456 3170 1513 3223 δὲ
1545 3175 1749 3237 σκοπὸς
1777 3179 1872 3230 τοῦ
1904 3179 2002 3242 τὰς

2109 3169 2204 3226 sed
2235 3170 2290 3226 in
2324 3172 2459 3227 vicis
2486 3187 2707 3242 quoque
2738 3174 3051 3234 habitamus
3085 3195 3100 3244 ;
3137 3193 3328 3233 verum
3361 3197 3486 3235 cum
3521 3183 3692 3239 urbes

419 3244 602 3311 πόλεις
637 3250 821 3319 μένειν
846 3251 933 3305 διὰ
965 3256 1094 3318 τοὺς
1135 3257 1503 3326 ἐνοικοῦντας,
1537 3264 1632 3316 καὶ
1677 3265 1786 3321 τῶν
1816 3268 2000 3324 πίστει

420 3342 584 3409 φησὶν
616 3345 912 3399 οἰκούντων
961 3349 1020 3399 ἐν
1067 3351 1281 3416 αὐταῖς,
1328 3354 1410 3408 ὅτι
1461 3357 1732 3424 οὐκὲξὸν
1781 3362 2001 3418 ἀσεϐῶν

419 3431 841 3504 ὐπερεύχεσθαι.
888 3439 1041 3492 Ἐπεὶ
1071 3441 1126 3494 δέ
1163 3459 1227 3511 γε
1265 3445 1426 3501 πάλιν
1469 3448 1579 3501 τῶν
1615 3455 1998 3509 συνιστὼντων

414 3527 742 3598 τὰσώματα
777 3532 1079 3604 χρῄζομεν,
1113 3537 1287 3594 ταῦτα
1339 3541 1398 3594 δὲ
1448 3542 1522 3603 ὼς
1582 3546 1676 3598 καὶ
1727 3549 1888 3616 ἡμεῖς
1932 3554 1997 3606 ὲκ

414 3618 568 3681 θεοῦ,
601 3620 748 3692 ὑπὲρ
775 3623 1068 3692 εὐκρασίας
1099 3626 1300 3694 ἀέρων,
1345 3632 1501 3700 φησὶ,
1537 3631 1626 3683 διὰ
1656 3633 1718 3685 τὸ
1758 3635 1997 3703 ὑγιεινὸν

413 3711 517 3764 τῶν
550 3716 844 3783 σωμάτων,
880 3717 1139 3789 εὐφορίας
1169 3721 1278 3773 τῶν
1311 3725 1542 3793 καρπῶν
1581 3728 1680 3794 τῆς
1732 3731 1861 3799 γῆς,
1909 3733 1995 3786 διὰ

411 3805 470 3856 τὸ
498 3806 597 3875 τῆς
625 3809 836 3879 τροφῆς
879 3812 1163 3881 χρειῶδες,
1200 3818 1294 3871 καὶ
1328 3818 1534 3888 καιρῶν
1562 3821 1880 3890 εἰρηνικῶν,
1907 3824 1995 3878 διὸ.

411 3897 472 3949 τὸ
521 3903 885 3965 συστατικοὺς
920 3903 1147 3968 τούτους
1198 3907 1298 3979 τῆς
1345 3908 1492 3979 ζωῆς
1545 3907 1709 3978 εῖναι,
1750 3915 1844 3966 καὶ
1892 3917 1992 3985 τῆς

409 3993 600 4061 χρείας
658 3997 814 4066 ἡμῶν
863 3997 956 4050 καὶ
1009 3999 1326 4063 πολιτείας·
1379 4003 1700 4070 στενώσεως
1735 4009 1847 4078 γάρ
1895 4011 1992 4064 καὶ

411 4084 618 4155 φθορᾶς
647 4089 702 4139 al
731 4091 972 4160 ταραχαὶ
1003 4092 1279 4160 πρόξτνιι.
1316 4093 1442 4145 Ὅτι
1477 4095 1533 4147 δὲ
1570 4098 1732 4151 πάλιν
1762 4100 1992 4157 πλεῖστα

409 4183 480 4234 τὰ
529 4184 894 4253 συμϐαίνοντα
939 4189 994 4240 ὲν
1031 4191 1140 4252 τοῖς
1181 4191 1340 4258 ζῶσα,
1393 4194 1488 4246 καὶ
1521 4198 1781 4266 διάφορος
1816 4201 1915 4267 μὲν
1955 4202 1988 4271 ὴ

412 4279 564 4350 βιοτὴ
598 4282 693 4333 καὶ
743 4282 802 4334 τὸ
850 4284 1207 4356 ἐπιῖήδευμα,
1252 4288 1348 4340 καλ⁸
1392 4291 1461 4342 τὰ
1503 4291 1880 4362 συμϐαίνοντα
1929 4297 1989 4350 δὲ

409 4373 661 4444 διάφορα,
706 4375 848 4447 ὑπὲρ
897 4378 1152 4438 ἁπάντων
1177 4380 1315 4449 ὁμοῦ
1357 4384 1552 4446 κοινῶς
1577 4386 1848 4458 εὐχομένη
1878 4409 1986 4461 φησι

407 4468 514 4531 σἰν,
565 4469 707 4538 ὑπὲρ
745 4471 1042 4538 πλεόντων,
1093 4473 1182 4526 διὰ.
1215 4476 1344 4538 τοὺς
1376 4478 1433 4528 ὲν
1484 4478 1751 4552 Θαλάσσῃ,
1777 4483 1987 4538 ὁδοιποο

2108 3279 2216 3319 nou
2250 3274 2509 3318 tnancant
2540 3265 2642 3320 nisi
2679 3276 2901 3336 propter
2926 3269 3166 3332 incolas,
3197 3285 3492 3342 precamur
3524 3275 3689 3330 etiam

2109 3374 2130 3408 ι
2167 3371 2266 3426 pro
2312 3357 2589 3420 ﬁdelibus,
2627 3360 2826 3428 inquit,
2863 3362 3242 3418 habitantibus
3271 3364 3327 3418 in
3359 3366 3463 3430 eis,
3500 3383 3520 3416 ι
3561 3371 3689 3436 quia

2103 3464 2220 3507 non
2245 3449 2368 3504 licet
2397 3465 2494 3519 pro
2518 3451 2830 3508 inﬁdelibus
2873 3454 3189 3524 deprecari.
3219 3456 3287 3524 ἰὴ
3329 3475 3522 3516 rursus
3554 3477 3691 3532 quo-

2103 3539 2250 3593 niam
2274 3541 2362 3596 bis
2385 3542 2692 3614 indigemus
2712 3549 2914 3616 quibus
2941 3558 3288 3605 sustentatur
3314 3567 3536 3623 corpus,
3571 3557 3688 3611 hac

2101 3642 2287 3691 autem
2317 3637 2465 3693 sicut
2497 3650 2550 3693 et
2587 3654 2686 3693 nos
2721 3642 2833 3694 sint
2862 3656 2892 3694 a
2926 3643 3074 3710 Deo,
3104 3660 3329 3702 oramus
3365 3665 3384 3698 ‹
3415 3663 3515 3717 pro
3549 3657 3684 3704 tem-

2103 3729 2252 3797 peric
2283 3730 2452 3793 aer-is,
2487 3730 2690 3799 inquit,
2726 3747 2825 3799 pro
2853 3735 3088 3790 sanitate
3113 3751 3430 3804 corporum.
3463 3756 3566 3811 pro.
3589 3758 3686 3800 co-

2096 3821 2187 3891 pia
2227 3821 2502 3878 lructuum
2533 3834 2689 3879 terrae
2710 3842 2725 3892 ;
2764 3848 2782 3877 ι
2821 3837 3045 3898 propter
3077 3829 3372 3898 utilitatem
3406 3836 3678 3908 ciborum,

2098 3927 2310 3968 necnon
2348 3934 2365 3966 ι
2403 3929 2500 3983 pro
2539 3919 2940 3986 tranquillitate
2984 3928 3292 3992 temporum
3320 3965 3336 3988 ,
3371 3946 3390 3978 ι
3422 3944 3545 3984 cum
3574 3932 3680 3990 ista

2096 4011 2261 4063 vitam
2306 4012 2618 4067 sustineant
2666 4029 2910 4084 ususque
2964 4027 3184 4074 nostros
3215 4030 3268 4075 et
3302 4027 3678 4084 conversatio-

2096 4118 2255 4169 nem;
2294 4106 2578 4178 angustias
2621 4106 2766 4160 enitn
2799 4116 3146 4180 mortemque
3175 4122 3436 4181 generant
3467 4118 3676 4172 tumul-

2095 4201 2203 4249 tus.
2231 4194 2429 4250 Verum
2457 4197 2912 4266 quoniammulta
2944 4209 3213 4273 suntquae
3239 4205 3552 4270 viventibus
3582 4224 3676 4267 ac-
3745 4249 3748 4252 ~

2093 4288 2310 4352 cidunt,
2340 4299 2394 4344 et
2429 4291 2654 4350 diversa
2693 4291 2916 4362 quidem
2950 4294 3061 4348 vita
3096 4311 3384 4370 moresque
3426 4301 3672 4374 diversi,

2093 4385 2313 4440 diversa
2344 4384 2511 4438 etiam
2538 4401 2600 4439 ea
2626 4400 2748 4456 quae
2778 4388 3058 4455 accidunt,
3096 4408 3115 4444 ι
3152 4407 3252 4461 pro
3296 4395 3571 4455 universis
3601 4400 3676 4456 si.

2094 4482 2205 4532 mnl
2240 4482 2290 4532 in
2319 4478 2600 4534 communi
2633 4479 3014 4549 deprecemur,
3059 4502 3079 4536 ι
3137 4486 3338 4559 inquit,
3386 4505 3485 4561 pro
3513 4496 3672 4550 navi-

409 4559 663 4628 ρούντων,
696 4562 788 4616 διὰ
813 4565 939 4629 τοὺς
972 4567 1394 4638 ἀποδημοῦντας
1422 4569 1511 4623 διὰ
1542 4571 1738 4644 ξηρᾶς,
1771 4577 1988 4630 νοσούν-

2107 4572 2378 4640 gentibus,
2410 4588 2599 4627 eorum
2631 4573 2805 4644 gratia
2831 4571 2926 4646 'qui
2963 4577 3020 4632 in
3063 4581 3200 4636 mari
3233 4591 3385 4649 sunt,
3420 4601 3519 4656 pro
3551 4587 3673 4645 via-

403 4669 533 4716 των,
561 4653 682 4712 οἷαν
717 4672 799 4717 τις
833 4659 982 4715 νοσεῖ
1029 4660 1211 4729 νόσον,
1243 4664 1568 4731 καμνόντων
1622 4666 1720 4719 καὶ
1755 4667 1867 4723 τῶν
1896 4686 1986 4722 κοο

404 4745 674 4812 πιώντων,
724 4748 821 4802 καὶ
868 4751 978 4804 τῶν
1027 4755 1547 4823 περιστατουμένων
1597 4760 1983 4830 αίχμαλώτων,

402 4838 512 4890 τῶν
544 4841 602 4890 ὲν
639 4838 908 4905 δουλείαις
945 4842 1138 4908 ὄντων,
1175 4845 1273 4903 καὶ
1305 4847 1520 4907 πάντας
1571 4851 1982 4919 συναγαγοῦσαι,

401 4929 502 4997 τῆς
533 4931 807 5000 σωτηρίας
841 4933 1023 4988 αὐτῶν
1069 4935 1462 5008 ὐπερεύχεται.
1511 4937 1677 5010 Ὁρᾷς
1717 4943 1818 5010 τὴν
1857 4943 1983 4996 Ἐκ-

406 5021 636 5090 κλησίαν
682 5022 775 5077 τὸν
830 5023 964 5082 θεὸν
1020 5026 1370 5096 μιμουμένην
1423 5028 1521 5081 καὶ
1571 5035 1986 5105 προνοουμένην

403 5113 695 5182 άπάντωη
728 5116 1040 5182 Μανῦἁνεις
1065 5119 1121 5170 δὲ
1153 5121 1247 5171 καὶ
1281 5119 1432 5179 ὅπως
1461 5121 1671 5186 πάντας
1695 5127 1981 5192 συνάπτει,

401 5208 497 5258 καὶ
529 5207 673 5277 ὑπὲρ
705 5210 962 5263 ἁπάντων
993 5209 1248 5282 εὔχεται;
1280 5214 1383 5268 Διά
1408 5215 1568 5269 τοῦτο
1599 5215 1707 5287 ἄρα
1737 5219 1984 5292 συναπτὴ

405 5297 542 5369 αὕτη
571 5301 603 5370 ὴ
633 5301 770 5372 εὐχὴ
796 5302 1036 5368 λέγεται.

473 5390 608 5446 Εἶτα
640 5393 782 5463 μετὰ
813 5395 871 5447 τὸ
905 5395 1069 5478 234
1104 5398 1336 5453 καλέσαι
1364 5402 1572 5465 πάντας
1607 5404 1686 5469 εἰς
1713 5405 1810 5474 τὴν
1841 5407 1983 5478 ὑπὲρ

401 5485 620 5540 πάντων
692 5489 880 5559 εὐχὴν,
936 5493 1030 5542 καὶ
1073 5491 1332 5563 δεηθῆναι
1391 5496 1533 5564 ὑπὲρ
1589 5498 1838 5568 αλλήλων
1891 5518 1982 5554 κε-

399 5577 611 5645 λεῦσαι,
652 5583 793 5634 κατὰ
825 5586 925 5651 τὴν
977 5584 1344 5656 ἁποστολικὴν
1399 5589 1642 5658 ἐντολὴν,
1693 5591 1831 5660 πρὸς
1888 5593 1980 5646 τὸν

399 5669 698 5742 δυνάμενον
754 5672 940 5729 δοῦναι
987 5678 1167 5731 πάντα
1215 5680 1508 5749 στρέφεται
1559 5685 1653 5734 καὶ
1701 5685 1979 5738 ἀνατείνε-

399 5776 490 5814 ται
538 5762 773 5834 Κύριον·
834 5765 928 5820 καί
992 5785 1179 5838 φησιν,
1231 5788 1251 5822 ι
1298 5770 1648 5827 Ἀντιλαϐοὗ’
1691 5793 1712 5827 ι
1765 5777 1849 5830 ὃτι
1913 5779 1977 5832 σὺ

402 5855 561 5924 μόνος
623 5859 908 5934 ἀντίληψις
964 5862 1075 5918 τῶν
1118 5863 1372 5940 ,ἀσθενῶν
1417 5870 1524 5945 καὶ
1585 5869 1976 5943 ἀπολλυμένων

2094 4665 2327 4733 toribus,
2358 4681 2552 4722 eorum
2580 4669 2754 4737 gratia
2789 4671 2882 4738 qui
2926 4671 2980 4725 itt
3029 4681 3176 4727 terra
3199 4679 3670 4751 peregrinantur,

2092 4772 2191 4826 pro
2219 4759 2639 4827 aegrotantibus,
2690 4774 3025 4830 quocunque
3073 4763 3264 4820 morbo
3303 4779 3532 4838 aegrotet
3573 4772 3675 4826 ali-

2090 4853 2238 4920 quis,
2272 4866 2372 4921 pro
2403 4851 2786 4906 laborantibus
2818 4862 2871 4907 et
2897 4852 3161 4925 fatigatis,
3192 4871 3292 4927 pro
3343 4861 3573 4940 captivis
3616 4848 3681 4940 et.

2089 4958 2186 5011 pro
2218 4942 2394 4997 servis
2419 4958 2435 5010 ;
2466 4958 2588 5012 qua:
2609 4946 2785 5000 oratio
2805 4959 2998 5002 omnes
3026 4951 3312 5020 complexa
3346 4967 3446 5022 pro
3471 4937 3680 5010 eorum"

2087 5035 2264 5087 Salute
2297 5034 2642 5102 deprecatur.
2691 5034 2937 5093 Videsne
2987 5037 3285 5094 Ecclesiam
3326 5041 3494 5098 Deum
3548 5027 3675 5100 imi-I

2088 5132 2295 5180 tantem
2329 5135 2384 5180 et
2421 5127 2681 5183 omnibus
2732 5131 3151 5198 providentem?
3201 5133 3454 5192 Discisnc
3497 5122 3680 5194 etiam

2086 5219 2367 5289 quomodo
2416 5235 2609 5276 omnes
2653 5223 2941 5293 conjungit
2981 5232 3034 5278 et
3062 5237 3160 5294 pro
3209 5228 3465 5285 omnibus
3499 5233 3675 5291 orat?

2085 5311 2212 5368 Ideo
2245 5315 2412 5392 igitur
2440 5316 2735 5386 c0njuucla
2772 5328 2995 5373 vocatur
3024 5319 3140 5375 haec
3165 5323 3362 5380 oratio.

2156 5411 2227 5463 At
2263 5419 2550 5479 postquam
2585 5426 2777 5465 omnes
2808 5413 3088 5465 vocaverit
3137 5413 3205 5467 ad
3248 5419 3514 5473 orandum
3567 5435 3676 5502 pro

2083 5504 2361 5568 otmtibus,
2398 5514 2448 5556 et
2474 5503 2700 5572 jusserit
2737 5518 2836 5573 pro
2868 5502 3097 5559 invicem
3131 5507 3437 5578 deprecari,
3471 5527 3675 5593 secun-.

2083 5597 2213 5651 dum
2252 5597 2564 5649 mandatum
2591 5596 3121 5667 Apostoli,ad°cum
3170 5601 3262 5670 qui
3305 5603 3490 5657 omnia
3534 5607 3666 5663 dare

2085 5696 2264 5758 potest
2299 5687 2588 5743 Dominum
2631 5692 2970 5746 convertitur
3019 5701 3074 5750 ct
3140 5695 3394 5766 intendit,
3429 5699 3618 5756 dicens
3647 5719 3664 5754 :

2089 5799 2106 5832 ι
2141 5782 2376 5850 Adjuva,
2402 5799 2420 5833 ι
2453 5783 2708 5853 quoniam
2739 5793 2794 5838 tu
2827 5787 2977 5842 solus
3004 5786 3158 5844 nobis
3188 5789 3406 5859 adjutor
3434 5793 3664 5848 esintir.

2083 5877 2187 5932 tuis
2210 5886 2262 5933 et
2290 5878 2649 5948 pereuntibus
2670 5896 2684 5945 ;
2709 5881 2942 5949 malva,»
2979 5883 3238 5955 quoniam
3267 5891 3322 5938 tu
3341 5885 3492 5940 solus
3520 5884 3661 5952 peti-
