  <div class='ocr_page' id='page_1' title='image "/cluster/home/n/w/nwhite01/storage/ocr_20150623/155/hvd.32044069650117/307.png"; bbox 0 0 4094 6194; ppageno 0'>
   <div class='ocr_carea' id='block_1_1' title="bbox 357 380 464 442">
    <p class='ocr_par' dir='ltr' id='par_1_1' title="bbox 357 380 464 442">
     <span class='ocr_line' id='line_1_1' title="bbox 357 380 464 442; baseline 0.009 -1"><span class='ocrx_word' id='word_1_1' title='bbox 357 380 464 442; x_wconf 76' lang='lat'><strong>603</strong></span> 
     </span>
    </p>
   </div>
   <div class='ocr_carea' id='block_1_2' title="bbox 1189 347 2755 440">
    <p class='ocr_par' dir='ltr' id='par_1_2' title="bbox 1189 347 2755 440">
     <span class='ocr_line' id='line_1_2' title="bbox 1189 347 2755 440; baseline -0.002 -1"><span class='ocrx_word' id='word_1_2' title='bbox 1189 379 1570 440; x_wconf 79' lang='lat' dir='ltr'><strong>SYMEONIS</strong></span> <span class='ocrx_word' id='word_1_3' title='bbox 1594 376 2353 438; x_wconf 73' lang='lat' dir='ltr'><strong>THESSALONICENSIS</strong></span> <span class='ocrx_word' id='word_1_4' title='bbox 2396 347 2755 436; x_wconf 65' lang='lat' dir='ltr'><strong>Ananiae.</strong></span> 
     </span>
    </p>
   </div>
   <div class='ocr_carea' id='block_1_3' title="bbox 3516 368 3627 432">
    <p class='ocr_par' dir='ltr' id='par_1_3' title="bbox 3516 368 3627 432">
     <span class='ocr_line' id='line_1_3' title="bbox 3516 368 3627 432; baseline 0 0"><span class='ocrx_word' id='word_1_5' title='bbox 3516 368 3627 432; x_wconf 70' lang='grc'><strong>604</strong></span> 
     </span>
    </p>
   </div>
   <div class='ocr_carea' id='block_1_4' title="bbox 357 493 1960 569">
    <p class='ocr_par' dir='ltr' id='par_1_4' title="bbox 357 497 1933 569">
     <span class='ocr_line' id='line_1_4' title="bbox 357 497 1933 569; baseline -0.003 -17"><span class='ocrx_word' id='word_1_6' title='bbox 357 498 669 553; x_wconf 85' lang='lat' dir='ltr'><strong>clitantium</strong></span> <span class='ocrx_word' id='word_1_7' title='bbox 699 507 751 553; x_wconf 88' lang='lat' dir='ltr'><strong>et</strong></span> <span class='ocrx_word' id='word_1_8' title='bbox 790 498 1200 569; x_wconf 84' lang='lat' dir='ltr'><strong>desperatorum</strong></span> <span class='ocrx_word' id='word_1_9' title='bbox 1229 498 1480 553; x_wconf 86' lang='lat' dir='ltr'><strong>Salvator</strong></span> <span class='ocrx_word' id='word_1_10' title='bbox 1508 513 1521 563; x_wconf 91' lang='lat'><strong>;</strong></span> <span class='ocrx_word' id='word_1_11' title='bbox 1554 516 1570 547; x_wconf 81' lang='grc' dir='ltr'><strong>ι</strong></span> <span class='ocrx_word' id='word_1_12' title='bbox 1602 497 1885 557; x_wconf 85' lang='lat' dir='ltr'><strong>miserere,</strong></span> <span class='ocrx_word' id='word_1_13' title='bbox 1915 513 1933 547; x_wconf 74' lang='grc' dir='ltr'><strong>ι</strong></span> 
     </span>
    </p>
   </div>
   <div class='ocr_carea' id='block_1_5' title="bbox 2053 493 3636 569">
    <p class='ocr_par' dir='ltr' id='par_1_5' title="bbox 2053 493 3636 563">
     <span class='ocr_line' id='line_1_5' title="bbox 2053 493 3636 563; baseline 0.001 -15"><span class='ocrx_word' id='word_1_14' title='bbox 2053 494 2225 563; x_wconf 80' lang='grc' dir='ltr'>ἡμῶν.</span> <span class='ocrx_word' id='word_1_15' title='bbox 2268 512 2287 546; x_wconf 76' lang='grc' dir='ltr'><strong>ι</strong></span> <span class='ocrx_word' id='word_1_16' title='bbox 2327 495 2532 559; x_wconf 84' lang='grc' dir='ltr'>Σὼσον,</span> <span class='ocrx_word' id='word_1_17' title='bbox 2580 514 2599 545; x_wconf 73' lang='grc' dir='ltr'><strong>ι</strong></span> <span class='ocrx_word' id='word_1_18' title='bbox 2646 494 2730 547; x_wconf 81' lang='grc' dir='ltr'>ὅτι</span> <span class='ocrx_word' id='word_1_19' title='bbox 2778 495 2842 547; x_wconf 75' lang='grc' dir='ltr'>σὺ</span> <span class='ocrx_word' id='word_1_20' title='bbox 2905 494 3066 563; x_wconf 81' lang='grc' dir='ltr'>μόνος</span> <span class='ocrx_word' id='word_1_21' title='bbox 3116 493 3228 549; x_wconf 79' lang='grc' dir='ltr'>τῶν</span> <span class='ocrx_word' id='word_1_22' title='bbox 3287 493 3636 550; x_wconf 84' lang='grc' dir='ltr'>κινδυνευόν-</span> 
     </span>
    </p>
   </div>
   <div class='ocr_carea' id='block_1_6' title="bbox 354 588 1945 658">
    <p class='ocr_par' dir='ltr' id='par_1_6' title="bbox 354 588 1945 658">
     <span class='ocr_line' id='line_1_6' title="bbox 354 588 1945 658; baseline -0.001 -15"><span class='ocrx_word' id='word_1_23' title='bbox 354 593 617 658; x_wconf 79' lang='lat' dir='ltr'><strong>quoniam</strong></span> <span class='ocrx_word' id='word_1_24' title='bbox 647 591 782 645; x_wconf 83' lang='lat' dir='ltr'><strong>nihil</strong></span> <span class='ocrx_word' id='word_1_25' title='bbox 815 592 986 647; x_wconf 81' lang='lat' dir='ltr'><strong>habes</strong></span> <span class='ocrx_word' id='word_1_26' title='bbox 1031 608 1060 646; x_wconf 93' lang='lat' dir='ltr'><strong>a</strong></span> <span class='ocrx_word' id='word_1_27' title='bbox 1099 592 1279 658; x_wconf 89' lang='lat' dir='ltr'><strong>nobis,</strong></span> <span class='ocrx_word' id='word_1_28' title='bbox 1320 592 1424 644; x_wconf 88' lang='lat' dir='ltr'><strong>nisi</strong></span> <span class='ocrx_word' id='word_1_29' title='bbox 1464 591 1719 644; x_wconf 87' lang='lat' dir='ltr'><strong>misertus</strong></span> <span class='ocrx_word' id='word_1_30' title='bbox 1751 588 1945 649; x_wconf 80' lang='lat' dir='ltr'><strong>fueris,</strong></span> 
     </span>
    </p>
   </div>
   <div class='ocr_carea' id='block_1_7' title="bbox 352 683 1946 752">
    <p class='ocr_par' dir='ltr' id='par_1_7' title="bbox 352 683 1946 752">
     <span class='ocr_line' id='line_1_7' title="bbox 352 683 1946 752; baseline 0.001 -20"><span class='ocrx_word' id='word_1_31' title='bbox 352 684 444 749; x_wconf 84' lang='lat' dir='ltr'><strong>qui</strong></span> <span class='ocrx_word' id='word_1_32' title='bbox 486 686 799 738; x_wconf 81' lang='lat' dir='ltr'><strong>misericors</strong></span> <span class='ocrx_word' id='word_1_33' title='bbox 823 700 904 747; x_wconf 89' lang='lat' dir='ltr'><strong>es,</strong></span> <span class='ocrx_word' id='word_1_34' title='bbox 931 693 1014 738; x_wconf 78' lang='lat' dir='ltr'><strong>ret</strong></span> <span class='ocrx_word' id='word_1_35' title='bbox 1039 685 1270 747; x_wconf 83' lang='lat' dir='ltr'><strong>custodi,</strong></span> <span class='ocrx_word' id='word_1_36' title='bbox 1290 703 1308 737; x_wconf 72' lang='grc' dir='ltr'><strong>ι</strong></span> <span class='ocrx_word' id='word_1_37' title='bbox 1339 683 1596 752; x_wconf 90' lang='lat' dir='ltr'><strong>quoniam</strong></span> <span class='ocrx_word' id='word_1_38' title='bbox 1624 683 1779 736; x_wconf 86' lang='lat' dir='ltr'><strong>multi</strong></span> <span class='ocrx_word' id='word_1_39' title='bbox 1816 688 1946 735; x_wconf 88' lang='lat' dir='ltr'><strong>sunt</strong></span> 
     </span>
    </p>
   </div>
   <div class='ocr_carea' id='block_1_8' title="bbox 354 778 1948 846">
    <p class='ocr_par' dir='ltr' id='par_1_8' title="bbox 354 778 1948 846">
     <span class='ocr_line' id='line_1_8' title="bbox 354 778 1948 846; baseline 0 -17"><span class='ocrx_word' id='word_1_40' title='bbox 354 779 631 830; x_wconf 84' lang='lat' dir='ltr'><strong>irruentes</strong></span> <span class='ocrx_word' id='word_1_41' title='bbox 654 787 707 830; x_wconf 83' lang='lat' dir='ltr'><strong>et</strong></span> <span class='ocrx_word' id='word_1_42' title='bbox 737 778 1057 833; x_wconf 87' lang='lat' dir='ltr'><strong>tribulantes</strong></span> <span class='ocrx_word' id='word_1_43' title='bbox 1089 778 1270 843; x_wconf 88' lang='lat' dir='ltr'><strong>multi,</strong></span> <span class='ocrx_word' id='word_1_44' title='bbox 1331 778 1589 846; x_wconf 89' lang='lat' dir='ltr'><strong>solusque</strong></span> <span class='ocrx_word' id='word_1_45' title='bbox 1638 791 1739 831; x_wconf 87' lang='lat' dir='ltr'><strong>nos</strong></span> <span class='ocrx_word' id='word_1_46' title='bbox 1794 784 1948 845; x_wconf 86' lang='lat' dir='ltr'><strong>poles</strong></span> 
     </span>
    </p>
   </div>
   <div class='ocr_carea' id='block_1_9' title="bbox 356 867 1947 940">
    <p class='ocr_par' dir='ltr' id='par_1_9' title="bbox 356 867 1947 940">
     <span class='ocr_line' id='line_1_9' title="bbox 356 867 1947 940; baseline -0.003 -17"><span class='ocrx_word' id='word_1_47' title='bbox 356 869 654 933; x_wconf 82' lang='lat' dir='ltr'><strong>castodire,</strong></span> <span class='ocrx_word' id='word_1_48' title='bbox 687 869 852 933; x_wconf 73' lang='lat' dir='ltr'><strong>Deus,</strong></span> <span class='ocrx_word' id='word_1_49' title='bbox 900 871 953 924; x_wconf 90' lang='lat' dir='ltr'><strong>in</strong></span> <span class='ocrx_word' id='word_1_50' title='bbox 989 870 1160 940; x_wconf 80' lang='lat' dir='ltr'><strong>gratia</strong></span> <span class='ocrx_word' id='word_1_51' title='bbox 1187 878 1297 933; x_wconf 91' lang='lat' dir='ltr'><strong>tua,</strong></span> <span class='ocrx_word' id='word_1_52' title='bbox 1334 870 1556 923; x_wconf 88' lang='lat' dir='ltr'><strong>minimc</strong></span> <span class='ocrx_word' id='word_1_53' title='bbox 1585 884 1651 923; x_wconf 79' lang='lat' dir='ltr'><strong>ex</strong></span> <span class='ocrx_word' id='word_1_54' title='bbox 1691 867 1947 935; x_wconf 84' lang='lat' dir='ltr'><strong>operibus</strong></span> 
     </span>
    </p>
   </div>
   <div class='ocr_carea' id='block_1_10' title="bbox 356 958 1969 1032">
    <p class='ocr_par' dir='ltr' id='par_1_10' title="bbox 356 958 1969 1032">
     <span class='ocr_line' id='line_1_10' title="bbox 356 958 1969 1032; baseline -0.002 -17"><span class='ocrx_word' id='word_1_55' title='bbox 356 962 566 1015; x_wconf 88' lang='lat' dir='ltr'><strong>nostiis</strong></span> <span class='ocrx_word' id='word_1_56' title='bbox 596 1000 611 1025; x_wconf 92' lang='lat'><strong>,</strong></span> <span class='ocrx_word' id='word_1_57' title='bbox 645 978 746 1016; x_wconf 88' lang='lat' dir='ltr'><strong>nec</strong></span> <span class='ocrx_word' id='word_1_58' title='bbox 776 978 838 1016; x_wconf 83' lang='lat' dir='ltr'><strong>ex</strong></span> <span class='ocrx_word' id='word_1_59' title='bbox 865 962 1241 1032; x_wconf 67' lang='lat' dir='ltr'><strong>deprecatione</strong></span> <span class='ocrx_word' id='word_1_60' title='bbox 1270 969 1492 1026; x_wconf 87' lang='lat' dir='ltr'><strong>nostra;</strong></span> <span class='ocrx_word' id='word_1_61' title='bbox 1525 975 1644 1013; x_wconf 88' lang='lat' dir='ltr'><strong>nam</strong></span> <span class='ocrx_word' id='word_1_62' title='bbox 1678 958 1969 1012; x_wconf 81' lang='lat' dir='ltr'><strong>immundi</strong></span> 
     </span>
    </p>
   </div>
   <div class='ocr_carea' id='block_1_11' title="bbox 359 1046 1946 1124">
    <p class='ocr_par' dir='ltr' id='par_1_11' title="bbox 359 1046 1946 1124">
     <span class='ocr_line' id='line_1_11' title="bbox 359 1046 1946 1124; baseline -0.003 -18"><span class='ocrx_word' id='word_1_63' title='bbox 359 1069 574 1117; x_wconf 87' lang='lat' dir='ltr'><strong>sumus,</strong></span> <span class='ocrx_word' id='word_1_64' title='bbox 613 1064 913 1124; x_wconf 89' lang='lat' dir='ltr'><strong>nostraque</strong></span> <span class='ocrx_word' id='word_1_65' title='bbox 941 1063 1070 1109; x_wconf 88' lang='lat' dir='ltr'><strong>sunt</strong></span> <span class='ocrx_word' id='word_1_66' title='bbox 1110 1051 1419 1118; x_wconf 88' lang='lat' dir='ltr'><strong>immunda,</strong></span> <span class='ocrx_word' id='word_1_67' title='bbox 1457 1046 1551 1105; x_wconf 84' lang='lat' dir='ltr'><strong>sed</strong></span> <span class='ocrx_word' id='word_1_68' title='bbox 1607 1053 1659 1103; x_wconf 90' lang='lat' dir='ltr'><strong>in</strong></span> <span class='ocrx_word' id='word_1_69' title='bbox 1696 1058 1786 1103; x_wconf 89' lang='lat' dir='ltr'><strong>tua</strong></span> <span class='ocrx_word' id='word_1_70' title='bbox 1820 1059 1946 1102; x_wconf 88' lang='lat' dir='ltr'><strong>tan-</strong></span> 
     </span>
    </p>
   </div>
   <div class='ocr_carea' id='block_1_12' title="bbox 357 1139 1947 1216">
    <p class='ocr_par' dir='ltr' id='par_1_12' title="bbox 357 1139 1947 1216">
     <span class='ocr_line' id='line_1_12' title="bbox 357 1139 1947 1216; baseline -0.004 -15"><span class='ocrx_word' id='word_1_71' title='bbox 357 1156 469 1201; x_wconf 92' lang='lat' dir='ltr'><strong>tum</strong></span> <span class='ocrx_word' id='word_1_72' title='bbox 506 1147 722 1213; x_wconf 75' lang='lat' dir='ltr'><strong>gratia;</strong></span> <span class='ocrx_word' id='word_1_73' title='bbox 783 1148 1113 1216; x_wconf 67' lang='lat' dir='ltr'><strong>praecipuum</strong></span> <span class='ocrx_word' id='word_1_74' title='bbox 1178 1154 1359 1199; x_wconf 88' lang='lat' dir='ltr'><strong>autem</strong></span> <span class='ocrx_word' id='word_1_75' title='bbox 1405 1143 1607 1197; x_wconf 87' lang='lat' dir='ltr'><strong>donum</strong></span> <span class='ocrx_word' id='word_1_76' title='bbox 1668 1139 1947 1213; x_wconf 82' lang='lat' dir='ltr'><strong>Unigeniti</strong></span> 
     </span>
    </p>
   </div>
   <div class='ocr_carea' id='block_1_13' title="bbox 358 1235 1945 1312">
    <p class='ocr_par' dir='ltr' id='par_1_13' title="bbox 358 1235 1945 1312">
     <span class='ocr_line' id='line_1_13' title="bbox 358 1235 1945 1312; baseline -0.006 -17"><span class='ocrx_word' id='word_1_77' title='bbox 358 1244 661 1298; x_wconf 90' lang='lat' dir='ltr'><strong>incarnalio</strong></span> <span class='ocrx_word' id='word_1_78' title='bbox 698 1256 817 1309; x_wconf 71' lang='lat' dir='ltr'><strong>quae</strong></span> <span class='ocrx_word' id='word_1_79' title='bbox 848 1250 902 1295; x_wconf 92' lang='lat' dir='ltr'><strong>et</strong></span> <span class='ocrx_word' id='word_1_80' title='bbox 936 1239 1111 1312; x_wconf 82' lang='lat' dir='ltr'><strong>gratia</strong></span> <span class='ocrx_word' id='word_1_81' title='bbox 1145 1239 1467 1308; x_wconf 77' lang='lat' dir='ltr'><strong>appellatur.</strong></span> <span class='ocrx_word' id='word_1_82' title='bbox 1530 1235 1627 1289; x_wconf 83' lang='lat' dir='ltr'><strong>llis</strong></span> <span class='ocrx_word' id='word_1_83' title='bbox 1654 1235 1945 1289; x_wconf 91' lang='lat' dir='ltr'><strong>Dominum</strong></span> 
     </span>
    </p>
   </div>
   <div class='ocr_carea' id='block_1_14' title="bbox 355 1326 1947 1388">
    <p class='ocr_par' dir='ltr' id='par_1_14' title="bbox 355 1326 1947 1388">
     <span class='ocr_line' id='line_1_14' title="bbox 355 1326 1947 1388; baseline -0.007 -1"><span class='ocrx_word' id='word_1_84' title='bbox 355 1332 855 1387; x_wconf 88' lang='lat' dir='ltr'><strong>misericordiarum</strong></span> <span class='ocrx_word' id='word_1_85' title='bbox 884 1332 1138 1383; x_wconf 83' lang='lat' dir='ltr'><strong>obsecrat</strong></span> <span class='ocrx_word' id='word_1_86' title='bbox 1178 1328 1436 1383; x_wconf 82' lang='lat' dir='ltr'><strong>sacerdos</strong></span> <span class='ocrx_word' id='word_1_87' title='bbox 1471 1342 1484 1388; x_wconf 86' lang='lat'><strong>;</strong></span> <span class='ocrx_word' id='word_1_88' title='bbox 1524 1335 1579 1379; x_wconf 91' lang='lat' dir='ltr'><strong>at</strong></span> <span class='ocrx_word' id='word_1_89' title='bbox 1609 1326 1653 1378; x_wconf 92' lang='lat' dir='ltr'><strong>si</strong></span> <span class='ocrx_word' id='word_1_90' title='bbox 1688 1326 1947 1378; x_wconf 79' lang='lat' dir='ltr'><strong>diaconus</strong></span> 
     </span>
    </p>
   </div>
   <div class='ocr_carea' id='block_1_15' title="bbox 302 1416 1949 1493">
    <p class='ocr_par' dir='ltr' id='par_1_15' title="bbox 302 1416 1949 1493">
     <span class='ocr_line' id='line_1_15' title="bbox 302 1416 1949 1493; baseline -0.004 -18"><span class='ocrx_word' id='word_1_91' title='bbox 302 1456 315 1463; x_wconf 79' lang='lat'><strong><em>-</em></strong></span> <span class='ocrx_word' id='word_1_92' title='bbox 354 1439 414 1477; x_wconf 89' lang='lat' dir='ltr'><strong>ea</strong></span> <span class='ocrx_word' id='word_1_93' title='bbox 444 1424 777 1493; x_wconf 89' lang='lat' dir='ltr'><strong>pronuntiat,</strong></span> <span class='ocrx_word' id='word_1_94' title='bbox 810 1422 999 1475; x_wconf 87' lang='lat' dir='ltr'><strong>eadem</strong></span> <span class='ocrx_word' id='word_1_95' title='bbox 1042 1435 1138 1489; x_wconf 91' lang='lat' dir='ltr'><strong>per</strong></span> <span class='ocrx_word' id='word_1_96' title='bbox 1161 1428 1427 1474; x_wconf 89' lang='lat' dir='ltr'><strong>secretam</strong></span> <span class='ocrx_word' id='word_1_97' title='bbox 1462 1419 1763 1471; x_wconf 89' lang='lat' dir='ltr'><strong>orationem</strong></span> <span class='ocrx_word' id='word_1_98' title='bbox 1798 1416 1949 1470; x_wconf 86' lang='lat' dir='ltr'><strong>intus</strong></span> 
     </span>
    </p>
   </div>
   <div class='ocr_carea' id='block_1_16' title="bbox 353 1508 1944 1585">
    <p class='ocr_par' dir='ltr' id='par_1_16' title="bbox 353 1508 1944 1585">
     <span class='ocr_line' id='line_1_16' title="bbox 353 1508 1944 1585; baseline -0.003 -19"><span class='ocrx_word' id='word_1_99' title='bbox 353 1516 678 1585; x_wconf 69' lang='lat' dir='ltr'><strong>deprecatus</strong></span> <span class='ocrx_word' id='word_1_100' title='bbox 712 1515 971 1569; x_wconf 83' lang='lat' dir='ltr'><strong>sacerdos</strong></span> <span class='ocrx_word' id='word_1_101' title='bbox 1038 1527 1139 1565; x_wconf 90' lang='lat' dir='ltr'><strong>nos</strong></span> <span class='ocrx_word' id='word_1_102' title='bbox 1190 1513 1439 1565; x_wconf 84' lang='lat' dir='ltr'><strong>hortatur</strong></span> <span class='ocrx_word' id='word_1_103' title='bbox 1482 1518 1539 1563; x_wconf 87' lang='lat' dir='ltr'><strong>ut</strong></span> <span class='ocrx_word' id='word_1_104' title='bbox 1586 1525 1713 1577; x_wconf 77' lang='lat' dir='ltr'><strong>erga</strong></span> <span class='ocrx_word' id='word_1_105' title='bbox 1778 1508 1944 1563; x_wconf 90' lang='lat' dir='ltr'><strong>Deum</strong></span> 
     </span>
    </p>
   </div>
   <div class='ocr_carea' id='block_1_17' title="bbox 354 1600 1947 1671">
    <p class='ocr_par' dir='ltr' id='par_1_17' title="bbox 354 1600 1947 1671">
     <span class='ocr_line' id='line_1_17' title="bbox 354 1600 1947 1671; baseline -0.001 -13"><span class='ocrx_word' id='word_1_106' title='bbox 354 1606 844 1659; x_wconf 88' lang='lat' dir='ltr'><strong>commendationis</strong></span> <span class='ocrx_word' id='word_1_107' title='bbox 864 1604 970 1656; x_wconf 87' lang='lat' dir='ltr'><strong>ritu</strong></span> <span class='ocrx_word' id='word_1_108' title='bbox 1006 1603 1324 1671; x_wconf 72' lang='lat' dir='ltr'><strong>fatigamur.</strong></span> <span class='ocrx_word' id='word_1_109' title='bbox 1363 1600 1519 1656; x_wconf 88' lang='lat' dir='ltr'><strong>Disce</strong></span> <span class='ocrx_word' id='word_1_110' title='bbox 1543 1617 1674 1655; x_wconf 86' lang='lat' dir='ltr'><strong>vero</strong></span> <span class='ocrx_word' id='word_1_111' title='bbox 1710 1602 1947 1656; x_wconf 88' lang='lat' dir='ltr'><strong>salutare</strong></span> 
     </span>
    </p>
   </div>
   <div class='ocr_carea' id='block_1_18' title="bbox 354 1694 1941 1759">
    <p class='ocr_par' dir='ltr' id='par_1_18' title="bbox 354 1694 1941 1759">
     <span class='ocr_line' id='line_1_18' title="bbox 354 1694 1941 1759; baseline -0.004 -7"><span class='ocrx_word' id='word_1_112' title='bbox 354 1707 411 1752; x_wconf 92' lang='lat' dir='ltr'><strong>et</strong></span> <span class='ocrx_word' id='word_1_113' title='bbox 440 1698 713 1751; x_wconf 76' lang='lat' dir='ltr'><strong>mirabile.</strong></span> <span class='ocrx_word' id='word_1_114' title='bbox 754 1716 771 1749; x_wconf 83' lang='grc' dir='ltr'><strong>ι</strong></span> <span class='ocrx_word' id='word_1_115' title='bbox 813 1696 1208 1757; x_wconf 78' lang='lat' dir='ltr'><strong>Sanctissimae,</strong></span> <span class='ocrx_word' id='word_1_116' title='bbox 1238 1694 1335 1757; x_wconf 86' lang='lat' dir='ltr'><strong>ait,</strong></span> <span class='ocrx_word' id='word_1_117' title='bbox 1385 1704 1437 1747; x_wconf 88' lang='lat' dir='ltr'><strong>et</strong></span> <span class='ocrx_word' id='word_1_118' title='bbox 1495 1694 1880 1759; x_wconf 62' lang='lat' dir='ltr'><strong>immaculata,</strong></span> <span class='ocrx_word' id='word_1_119' title='bbox 1922 1712 1941 1745; x_wconf 74' lang='grc' dir='ltr'><strong>ι</strong></span> 
     </span>
    </p>
   </div>
   <div class='ocr_carea' id='block_1_19' title="bbox 355 1786 1937 1858">
    <p class='ocr_par' dir='ltr' id='par_1_19' title="bbox 355 1786 1937 1858">
     <span class='ocr_line' id='line_1_19' title="bbox 355 1786 1937 1858; baseline -0.002 -14"><span class='ocrx_word' id='word_1_120' title='bbox 355 1802 408 1844; x_wconf 87' lang='lat' dir='ltr'><strong>ct</strong></span> <span class='ocrx_word' id='word_1_121' title='bbox 442 1802 660 1854; x_wconf 70' lang='lat' dir='ltr'><strong>caetera,</strong></span> <span class='ocrx_word' id='word_1_122' title='bbox 695 1790 965 1858; x_wconf 78' lang='lat' dir='ltr'><strong>praeconia</strong></span> <span class='ocrx_word' id='word_1_123' title='bbox 1005 1787 1299 1841; x_wconf 86' lang='lat' dir='ltr'><strong>admodum</strong></span> <span class='ocrx_word' id='word_1_124' title='bbox 1345 1786 1632 1840; x_wconf 80' lang='lat' dir='ltr'><strong>laudabilis</strong></span> <span class='ocrx_word' id='word_1_125' title='bbox 1677 1786 1937 1854; x_wconf 74' lang='lat' dir='ltr'><strong>Deiparze,</strong></span> 
     </span>
    </p>
   </div>
   <div class='ocr_carea' id='block_1_20' title="bbox 355 1878 1942 1951">
    <p class='ocr_par' dir='ltr' id='par_1_20' title="bbox 355 1878 1942 1951">
     <span class='ocr_line' id='line_1_20' title="bbox 355 1878 1942 1951; baseline -0.001 -16"><span class='ocrx_word' id='word_1_126' title='bbox 355 1892 519 1951; x_wconf 85' lang='lat' dir='ltr'><strong>prout</strong></span> <span class='ocrx_word' id='word_1_127' title='bbox 550 1883 725 1947; x_wconf 85' lang='lat' dir='ltr'><strong>decet,</strong></span> <span class='ocrx_word' id='word_1_128' title='bbox 762 1882 1045 1947; x_wconf 83' lang='lat' dir='ltr'><strong>adjiciens.</strong></span> <span class='ocrx_word' id='word_1_129' title='bbox 1122 1878 1419 1947; x_wconf 74' lang='lat' dir='ltr'><strong>Postquam</strong></span> <span class='ocrx_word' id='word_1_130' title='bbox 1474 1894 1668 1932; x_wconf 76' lang='lat' dir='ltr'><strong>omnes</strong></span> <span class='ocrx_word' id='word_1_131' title='bbox 1720 1889 1942 1933; x_wconf 88' lang='lat' dir='ltr'><strong>sanctos</strong></span> 
     </span>
    </p>
   </div>
   <div class='ocr_carea' id='block_1_21' title="bbox 359 1973 1945 2035">
    <p class='ocr_par' dir='ltr' id='par_1_21' title="bbox 359 1973 1945 2035">
     <span class='ocr_line' id='line_1_21' title="bbox 359 1973 1945 2035; baseline -0.003 -7"><span class='ocrx_word' id='word_1_132' title='bbox 359 1974 868 2035; x_wconf 85' lang='lat' dir='ltr'><strong>memoraverinius,</strong></span> <span class='ocrx_word' id='word_1_133' title='bbox 936 1973 1190 2026; x_wconf 82' lang='lat' dir='ltr'><strong>videlicet</strong></span> <span class='ocrx_word' id='word_1_134' title='bbox 1248 1984 1441 2025; x_wconf 81' lang='lat' dir='ltr'><strong>(lucem</strong></span> <span class='ocrx_word' id='word_1_135' title='bbox 1509 1979 1825 2023; x_wconf 82' lang='lat' dir='ltr'><strong>sanctorum</strong></span> <span class='ocrx_word' id='word_1_136' title='bbox 1891 1979 1945 2024; x_wconf 86' lang='lat' dir='ltr'><strong>et</strong></span> 
     </span>
    </p>
   </div>
   <div class='ocr_carea' id='block_1_22' title="bbox 355 2065 1944 2125">
    <p class='ocr_par' dir='ltr' id='par_1_22' title="bbox 355 2065 1944 2125">
     <span class='ocr_line' id='line_1_22' title="bbox 355 2065 1944 2125; baseline -0.004 -4"><span class='ocrx_word' id='word_1_137' title='bbox 355 2075 633 2121; x_wconf 83' lang='lat' dir='ltr'><strong>auctorem</strong></span> <span class='ocrx_word' id='word_1_138' title='bbox 665 2065 1140 2125; x_wconf 84' lang='lat' dir='ltr'><strong>sanetilicationis,</strong></span> <span class='ocrx_word' id='word_1_139' title='bbox 1179 2078 1390 2116; x_wconf 76' lang='lat' dir='ltr'><strong>necnon</strong></span> <span class='ocrx_word' id='word_1_140' title='bbox 1427 2076 1769 2115; x_wconf 85' lang='lat' dir='ltr'><strong>coinmunem</strong></span> <span class='ocrx_word' id='word_1_141' title='bbox 1824 2076 1944 2115; x_wconf 87' lang='lat' dir='ltr'><strong>me-</strong></span> 
     </span>
    </p>
   </div>
   <div class='ocr_carea' id='block_1_23' title="bbox 356 2152 1946 2221">
    <p class='ocr_par' dir='ltr' id='par_1_23' title="bbox 356 2152 1946 2221">
     <span class='ocr_line' id='line_1_23' title="bbox 356 2152 1946 2221; baseline -0.004 -10"><span class='ocrx_word' id='word_1_142' title='bbox 356 2158 639 2211; x_wconf 87' lang='lat' dir='ltr'><strong>diatricem</strong></span> <span class='ocrx_word' id='word_1_143' title='bbox 670 2156 1027 2221; x_wconf 82' lang='lat' dir='ltr'><strong>divinumque</strong></span> <span class='ocrx_word' id='word_1_144' title='bbox 1054 2154 1485 2207; x_wconf 86' lang='lat' dir='ltr'><strong>instrumentum</strong></span> <span class='ocrx_word' id='word_1_145' title='bbox 1519 2167 1614 2221; x_wconf 85' lang='lat' dir='ltr'><strong>per</strong></span> <span class='ocrx_word' id='word_1_146' title='bbox 1646 2152 1791 2221; x_wconf 87' lang='lat' dir='ltr'><strong>quod</strong></span> <span class='ocrx_word' id='word_1_147' title='bbox 1838 2152 1946 2206; x_wconf 85' lang='lat' dir='ltr'><strong>sal-</strong></span> 
     </span>
    </p>
   </div>
   <div class='ocr_carea' id='block_1_24' title="bbox 356 2246 1944 2313">
    <p class='ocr_par' dir='ltr' id='par_1_24' title="bbox 356 2246 1944 2313">
     <span class='ocr_line' id='line_1_24' title="bbox 356 2246 1944 2313; baseline -0.004 -11"><span class='ocrx_word' id='word_1_148' title='bbox 356 2248 465 2302; x_wconf 85' lang='lat' dir='ltr'><strong>vati</strong></span> <span class='ocrx_word' id='word_1_149' title='bbox 504 2262 694 2300; x_wconf 89' lang='lat' dir='ltr'><strong>sumus</strong></span> <span class='ocrx_word' id='word_1_150' title='bbox 717 2255 879 2313; x_wconf 85' lang='lat' dir='ltr'><strong>atque</strong></span> <span class='ocrx_word' id='word_1_151' title='bbox 910 2246 1155 2297; x_wconf 90' lang='lat' dir='ltr'><strong>omnium</strong></span> <span class='ocrx_word' id='word_1_152' title='bbox 1186 2260 1280 2313; x_wconf 87' lang='lat' dir='ltr'><strong>per</strong></span> <span class='ocrx_word' id='word_1_153' title='bbox 1298 2259 1415 2298; x_wconf 88' lang='lat' dir='ltr'><strong>eam</strong></span> <span class='ocrx_word' id='word_1_154' title='bbox 1443 2246 1944 2307; x_wconf 83' lang='lat' dir='ltr'><strong>sanctiﬁcatorum,</strong></span> 
     </span>
    </p>
   </div>
   <div class='ocr_carea' id='block_1_25' title="bbox 358 2334 1948 2392">
    <p class='ocr_par' dir='ltr' id='par_1_25' title="bbox 358 2334 1948 2392">
     <span class='ocr_line' id='line_1_25' title="bbox 358 2334 1948 2392; baseline -0.002 -3"><span class='ocrx_word' id='word_1_155' title='bbox 358 2354 483 2392; x_wconf 79' lang='lat' dir='ltr'><strong>cum</strong></span> <span class='ocrx_word' id='word_1_156' title='bbox 513 2353 575 2391; x_wconf 80' lang='lat' dir='ltr'><strong>ex</strong></span> <span class='ocrx_word' id='word_1_157' title='bbox 616 2346 798 2389; x_wconf 87' lang='lat' dir='ltr'><strong>nostra</strong></span> <span class='ocrx_word' id='word_1_158' title='bbox 829 2335 941 2389; x_wconf 88' lang='lat' dir='ltr'><strong>sint</strong></span> <span class='ocrx_word' id='word_1_159' title='bbox 971 2346 1166 2388; x_wconf 84' lang='lat' dir='ltr'><strong>natura</strong></span> <span class='ocrx_word' id='word_1_160' title='bbox 1195 2350 1259 2387; x_wconf 89' lang='lat' dir='ltr'><strong>ac</strong></span> <span class='ocrx_word' id='word_1_161' title='bbox 1305 2336 1371 2387; x_wconf 90' lang='lat' dir='ltr'><strong>de</strong></span> <span class='ocrx_word' id='word_1_162' title='bbox 1407 2336 1585 2388; x_wconf 88' lang='lat' dir='ltr'><strong>salute</strong></span> <span class='ocrx_word' id='word_1_163' title='bbox 1615 2345 1806 2388; x_wconf 89' lang='lat' dir='ltr'><strong>nostra</strong></span> <span class='ocrx_word' id='word_1_164' title='bbox 1838 2334 1948 2389; x_wconf 89' lang='lat' dir='ltr'><strong>sol-</strong></span> 
     </span>
    </p>
   </div>
   <div class='ocr_carea' id='block_1_26' title="bbox 358 2426 1945 2496">
    <p class='ocr_par' dir='ltr' id='par_1_26' title="bbox 358 2426 1945 2496">
     <span class='ocr_line' id='line_1_26' title="bbox 358 2426 1945 2496; baseline -0.003 -11"><span class='ocrx_word' id='word_1_165' title='bbox 358 2430 493 2485; x_wconf 84' lang='lat' dir='ltr'><strong>liciti</strong></span> <span class='ocrx_word' id='word_1_166' title='bbox 525 2429 684 2483; x_wconf 81' lang='lat' dir='ltr'><strong>nobis</strong></span> <span class='ocrx_word' id='word_1_167' title='bbox 708 2443 1031 2487; x_wconf 66' lang='lat' dir='ltr'><strong>succurrere</strong></span> <span class='ocrx_word' id='word_1_168' title='bbox 1064 2428 1275 2496; x_wconf 84' lang='lat' dir='ltr'><strong>possint</strong></span> <span class='ocrx_word' id='word_1_169' title='bbox 1307 2427 1397 2495; x_wconf 88' lang='lat' dir='ltr'><strong>qui</strong></span> <span class='ocrx_word' id='word_1_170' title='bbox 1456 2440 1555 2496; x_wconf 90' lang='lat' dir='ltr'><strong>pro</strong></span> <span class='ocrx_word' id='word_1_171' title='bbox 1623 2427 1793 2496; x_wconf 81' lang='lat' dir='ltr'><strong>gloria</strong></span> <span class='ocrx_word' id='word_1_172' title='bbox 1852 2426 1945 2482; x_wconf 83' lang='lat' dir='ltr'><strong>Dei</strong></span> 
     </span>
    </p>
   </div>
   <div class='ocr_carea' id='block_1_27' title="bbox 359 2518 1944 2586">
    <p class='ocr_par' dir='ltr' id='par_1_27' title="bbox 359 2518 1944 2586">
     <span class='ocr_line' id='line_1_27' title="bbox 359 2518 1944 2586; baseline -0.002 -11"><span class='ocrx_word' id='word_1_173' title='bbox 359 2526 728 2583; x_wconf 84' lang='lat' dir='ltr'><strong>cettavernnt,</strong></span> <span class='ocrx_word' id='word_1_174' title='bbox 755 2520 875 2580; x_wconf 83' lang='lat' dir='ltr'><strong>hos,</strong></span> <span class='ocrx_word' id='word_1_175' title='bbox 897 2518 1099 2586; x_wconf 84' lang='lat' dir='ltr'><strong>inquit,</strong></span> <span class='ocrx_word' id='word_1_176' title='bbox 1124 2526 1410 2586; x_wconf 82' lang='lat' dir='ltr'><strong>postquam</strong></span> <span class='ocrx_word' id='word_1_177' title='bbox 1435 2519 1944 2581; x_wconf 87' lang='lat' dir='ltr'><strong>memoraverimus,</strong></span> 
     </span>
    </p>
   </div>
   <div class='ocr_carea' id='block_1_28' title="bbox 357 2611 1946 2673">
    <p class='ocr_par' dir='ltr' id='par_1_28' title="bbox 357 2611 1946 2673">
     <span class='ocr_line' id='line_1_28' title="bbox 357 2611 1946 2673; baseline -0.001 -5"><span class='ocrx_word' id='word_1_178' title='bbox 357 2616 481 2669; x_wconf 88' lang='lat' dir='ltr'><strong>loco</strong></span> <span class='ocrx_word' id='word_1_179' title='bbox 520 2613 711 2667; x_wconf 81' lang='lat' dir='ltr'><strong>vocis:</strong></span> <span class='ocrx_word' id='word_1_180' title='bbox 771 2611 837 2665; x_wconf 89' lang='lat' dir='ltr'><strong>ad</strong></span> <span class='ocrx_word' id='word_1_181' title='bbox 896 2611 1266 2665; x_wconf 81' lang='lat' dir='ltr'><strong>auxiliandum</strong></span> <span class='ocrx_word' id='word_1_182' title='bbox 1327 2611 1793 2673; x_wconf 81' lang='lat' dir='ltr'><strong>advocaverimns,</strong></span> <span class='ocrx_word' id='word_1_183' title='bbox 1851 2627 1946 2666; x_wconf 87' lang='lat' dir='ltr'><strong>seu</strong></span> 
     </span>
    </p>
   </div>
   <div class='ocr_carea' id='block_1_29' title="bbox 352 2704 1945 2767">
    <p class='ocr_par' dir='ltr' id='par_1_29' title="bbox 352 2704 1945 2767">
     <span class='ocr_line' id='line_1_29' title="bbox 352 2704 1945 2767; baseline -0.003 -7"><span class='ocrx_word' id='word_1_184' title='bbox 352 2706 626 2762; x_wconf 85' lang='lat' dir='ltr'><strong>recordati</strong></span> <span class='ocrx_word' id='word_1_185' title='bbox 668 2719 859 2760; x_wconf 85' lang='lat' dir='ltr'><strong>eorum</strong></span> <span class='ocrx_word' id='word_1_186' title='bbox 916 2713 975 2758; x_wconf 92' lang='lat' dir='ltr'><strong>ut</strong></span> <span class='ocrx_word' id='word_1_187' title='bbox 1033 2705 1171 2758; x_wconf 89' lang='lat' dir='ltr'><strong>bene</strong></span> <span class='ocrx_word' id='word_1_188' title='bbox 1240 2704 1307 2759; x_wconf 92' lang='lat' dir='ltr'><strong>de</strong></span> <span class='ocrx_word' id='word_1_189' title='bbox 1357 2704 1515 2758; x_wconf 87' lang='lat' dir='ltr'><strong>nobis</strong></span> <span class='ocrx_word' id='word_1_190' title='bbox 1565 2704 1945 2767; x_wconf 86' lang='lat' dir='ltr'><strong>recordentur,</strong></span> 
     </span>
    </p>
   </div>
   <div class='ocr_carea' id='block_1_30' title="bbox 360 2795 1948 2867">
    <p class='ocr_par' dir='ltr' id='par_1_30' title="bbox 360 2795 1948 2867">
     <span class='ocr_line' id='line_1_30' title="bbox 360 2795 1948 2867; baseline -0.003 -13"><span class='ocrx_word' id='word_1_191' title='bbox 360 2799 747 2867; x_wconf 84' lang='lat' dir='ltr'><strong>nosmetipsos,</strong></span> <span class='ocrx_word' id='word_1_192' title='bbox 774 2799 899 2867; x_wconf 84' lang='lat' dir='ltr'><strong>quia</strong></span> <span class='ocrx_word' id='word_1_193' title='bbox 936 2812 1036 2852; x_wconf 90' lang='lat' dir='ltr'><strong>nos</strong></span> <span class='ocrx_word' id='word_1_194' title='bbox 1092 2795 1202 2849; x_wconf 77' lang='lat' dir='ltr'><strong>Deo</strong></span> <span class='ocrx_word' id='word_1_195' title='bbox 1232 2796 1492 2851; x_wconf 83' lang='lat' dir='ltr'><strong>debemus</strong></span> <span class='ocrx_word' id='word_1_196' title='bbox 1544 2803 1709 2859; x_wconf 85' lang='lat' dir='ltr'><strong>totos,</strong></span> <span class='ocrx_word' id='word_1_197' title='bbox 1765 2796 1948 2863; x_wconf 61' lang='lat' dir='ltr'><strong>proxio</strong></span> 
     </span>
    </p>
   </div>
   <div class='ocr_carea' id='block_1_31' title="bbox 362 2889 1945 2964">
    <p class='ocr_par' dir='ltr' id='par_1_31' title="bbox 362 2889 1945 2964">
     <span class='ocr_line' id='line_1_31' title="bbox 362 2889 1945 2964; baseline -0.002 -17"><span class='ocrx_word' id='word_1_198' title='bbox 362 2909 605 2964; x_wconf 89' lang='lat' dir='ltr'><strong>mosque,</strong></span> <span class='ocrx_word' id='word_1_199' title='bbox 635 2896 763 2964; x_wconf 91' lang='lat' dir='ltr'><strong>quia</strong></span> <span class='ocrx_word' id='word_1_200' title='bbox 827 2906 927 2946; x_wconf 89' lang='lat' dir='ltr'><strong>nos</strong></span> <span class='ocrx_word' id='word_1_201' title='bbox 971 2891 1201 2945; x_wconf 87' lang='lat' dir='ltr'><strong>invicem</strong></span> <span class='ocrx_word' id='word_1_202' title='bbox 1260 2889 1486 2959; x_wconf 81' lang='lat' dir='ltr'><strong>diligere</strong></span> <span class='ocrx_word' id='word_1_203' title='bbox 1538 2889 1675 2956; x_wconf 86' lang='lat' dir='ltr'><strong>jussi</strong></span> <span class='ocrx_word' id='word_1_204' title='bbox 1732 2905 1945 2955; x_wconf 87' lang='lat' dir='ltr'><strong>sumus,</strong></span> 
     </span>
    </p>
   </div>
   <div class='ocr_carea' id='block_1_32' title="bbox 361 2982 1951 3056">
    <p class='ocr_par' dir='ltr' id='par_1_32' title="bbox 361 2982 1951 3056">
     <span class='ocr_line' id='line_1_32' title="bbox 361 2982 1951 3056; baseline -0.001 -17"><span class='ocrx_word' id='word_1_205' title='bbox 361 3003 689 3056; x_wconf 81' lang='lat' dir='ltr'><strong>omnemque</strong></span> <span class='ocrx_word' id='word_1_206' title='bbox 725 2987 890 3040; x_wconf 85' lang='lat' dir='ltr'><strong>vitam</strong></span> <span class='ocrx_word' id='word_1_207' title='bbox 932 2993 1197 3047; x_wconf 88' lang='lat' dir='ltr'><strong>nostrain,</strong></span> <span class='ocrx_word' id='word_1_208' title='bbox 1237 2994 1427 3053; x_wconf 84' lang='lat' dir='ltr'><strong>ulpOte</strong></span> <span class='ocrx_word' id='word_1_209' title='bbox 1450 2982 1543 3037; x_wconf 90' lang='lat' dir='ltr'><strong>cui</strong></span> <span class='ocrx_word' id='word_1_210' title='bbox 1595 2985 1735 3037; x_wconf 87' lang='lat' dir='ltr'><strong>Dens</strong></span> <span class='ocrx_word' id='word_1_211' title='bbox 1769 2984 1951 3051; x_wconf 83' lang='lat' dir='ltr'><strong>provi-</strong></span> 
     </span>
    </p>
   </div>
   <div class='ocr_carea' id='block_1_33' title="bbox 360 3077 1947 3146">
    <p class='ocr_par' dir='ltr' id='par_1_33' title="bbox 360 3077 1947 3146">
     <span class='ocr_line' id='line_1_33' title="bbox 360 3077 1947 3146; baseline -0.001 -14"><span class='ocrx_word' id='word_1_212' title='bbox 360 3083 472 3142; x_wconf 75' lang='lat' dir='ltr'><strong>dct,</strong></span> <span class='ocrx_word' id='word_1_213' title='bbox 517 3087 571 3131; x_wconf 90' lang='lat' dir='ltr'><strong>et</strong></span> <span class='ocrx_word' id='word_1_214' title='bbox 602 3081 802 3146; x_wconf 87' lang='lat' dir='ltr'><strong>pariter</strong></span> <span class='ocrx_word' id='word_1_215' title='bbox 827 3087 1044 3133; x_wconf 83' lang='lat' dir='ltr'><strong>nostras</strong></span> <span class='ocrx_word' id='word_1_216' title='bbox 1071 3080 1121 3130; x_wconf 92' lang='lat' dir='ltr'><strong>in</strong></span> <span class='ocrx_word' id='word_1_217' title='bbox 1151 3091 1212 3129; x_wconf 87' lang='lat' dir='ltr'><strong>ea</strong></span> <span class='ocrx_word' id='word_1_218' title='bbox 1239 3077 1621 3144; x_wconf 70' lang='lat' dir='ltr'><strong>engitationcs,</strong></span> <span class='ocrx_word' id='word_1_219' title='bbox 1665 3092 1947 3131; x_wconf 81' lang='lat' dir='ltr'><strong>sermones</strong></span> 
     </span>
    </p>
   </div>
   <div class='ocr_carea' id='block_1_34' title="bbox 2052 587 3639 659">
    <p class='ocr_par' dir='ltr' id='par_1_34' title="bbox 2052 587 3639 659">
     <span class='ocr_line' id='line_1_34' title="bbox 2052 587 3639 659; baseline 0.001 -18"><span class='ocrx_word' id='word_1_220' title='bbox 2052 605 2160 641; x_wconf 86' lang='grc' dir='ltr'><strong>των</strong></span> <span class='ocrx_word' id='word_1_221' title='bbox 2190 588 2285 640; x_wconf 72' lang='grc' dir='ltr'>καὶ</span> <span class='ocrx_word' id='word_1_222' title='bbox 2323 588 2760 659; x_wconf 81' lang='grc' dir='ltr'><strong>ἀπηλπισμένων</strong></span> <span class='ocrx_word' id='word_1_223' title='bbox 2808 588 3035 658; x_wconf 73' lang='grc' dir='ltr'>Σωτήρο</span> <span class='ocrx_word' id='word_1_224' title='bbox 3079 606 3098 639; x_wconf 76' lang='grc' dir='ltr'><strong>ι</strong></span> <span class='ocrx_word' id='word_1_225' title='bbox 3155 587 3451 658; x_wconf 80' lang='grc' dir='ltr'>Ἐλέησον,</span> <span class='ocrx_word' id='word_1_226' title='bbox 3490 608 3508 641; x_wconf 73' lang='grc' dir='ltr'><strong>ι</strong></span> <span class='ocrx_word' id='word_1_227' title='bbox 3555 592 3639 643; x_wconf 80' lang='grc' dir='ltr'><strong>ὅτι</strong></span> 
     </span>
    </p>
   </div>
   <div class='ocr_carea' id='block_1_35' title="bbox 2054 680 3627 751">
    <p class='ocr_par' dir='ltr' id='par_1_35' title="bbox 2054 680 3627 751">
     <span class='ocr_line' id='line_1_35' title="bbox 2054 680 3627 751; baseline 0.001 -18"><span class='ocrx_word' id='word_1_228' title='bbox 2054 681 2207 734; x_wconf 80' lang='grc' dir='ltr'>οὐδὲν</span> <span class='ocrx_word' id='word_1_229' title='bbox 2248 681 2394 749; x_wconf 78' lang='grc' dir='ltr'>ἔχεις</span> <span class='ocrx_word' id='word_1_230' title='bbox 2428 682 2523 749; x_wconf 73' lang='grc' dir='ltr'>ἀφ’</span> <span class='ocrx_word' id='word_1_231' title='bbox 2573 680 2752 751; x_wconf 78' lang='grc' dir='ltr'>ἡμῶν,</span> <span class='ocrx_word' id='word_1_232' title='bbox 2789 682 2838 733; x_wconf 79' lang='grc' dir='ltr'>εί</span> <span class='ocrx_word' id='word_1_233' title='bbox 2890 682 2964 750; x_wconf 82' lang='grc' dir='ltr'>μὴ</span> <span class='ocrx_word' id='word_1_234' title='bbox 3016 680 3265 750; x_wconf 83' lang='grc' dir='ltr'>ἐλεήσεις</span> <span class='ocrx_word' id='word_1_235' title='bbox 3296 684 3323 733; x_wconf 89' lang='lat'><strong>6</strong></span> <span class='ocrx_word' id='word_1_236' title='bbox 3359 681 3627 751; x_wconf 77' lang='grc' dir='ltr'>ἐλεήμων.</span> 
     </span>
    </p>
   </div>
   <div class='ocr_carea' id='block_1_36' title="bbox 2062 770 3630 840">
    <p class='ocr_par' dir='ltr' id='par_1_36' title="bbox 2062 770 3630 840">
     <span class='ocr_line' id='line_1_36' title="bbox 2062 770 3630 840; baseline 0.001 -17"><span class='ocrx_word' id='word_1_237' title='bbox 2062 788 2081 823; x_wconf 84' lang='grc'><strong><em>‹</em></strong></span> <span class='ocrx_word' id='word_1_238' title='bbox 2111 773 2221 825; x_wconf 82' lang='lat' dir='ltr'><strong>Kal</strong></span> <span class='ocrx_word' id='word_1_239' title='bbox 2249 771 2577 839; x_wconf 83' lang='grc' dir='ltr'>διαφύλαξον</span> <span class='ocrx_word' id='word_1_240' title='bbox 2598 787 2611 801; x_wconf 94' lang='grc'><strong>·</strong></span> <span class='ocrx_word' id='word_1_241' title='bbox 2655 788 2673 820; x_wconf 77' lang='grc' dir='ltr'><strong>ι</strong></span> <span class='ocrx_word' id='word_1_242' title='bbox 2701 770 2784 823; x_wconf 83' lang='grc' dir='ltr'><strong>ὃτι</strong></span> <span class='ocrx_word' id='word_1_243' title='bbox 2815 771 3002 823; x_wconf 71' lang='grc' dir='ltr'>πολλοὶ</span> <span class='ocrx_word' id='word_1_244' title='bbox 3032 772 3081 823; x_wconf 77' lang='lat' dir='ltr'><strong>oi</strong></span> <span class='ocrx_word' id='word_1_245' title='bbox 3108 772 3535 840; x_wconf 70' lang='grc' dir='ltr'>ἐπεμϐαίνοντες</span> <span class='ocrx_word' id='word_1_246' title='bbox 3574 790 3630 825; x_wconf 87' lang='grc' dir='ltr'><strong>τε</strong></span> 
     </span>
    </p>
   </div>
   <div class='ocr_carea' id='block_1_37' title="bbox 2055 863 3631 941">
    <p class='ocr_par' dir='ltr' id='par_1_37' title="bbox 2055 863 3631 941">
     <span class='ocr_line' id='line_1_37' title="bbox 2055 863 3631 941; baseline 0.001 -23"><span class='ocrx_word' id='word_1_247' title='bbox 2055 866 2150 918; x_wconf 76' lang='grc' dir='ltr'><strong>καί</strong></span> <span class='ocrx_word' id='word_1_248' title='bbox 2190 865 2491 926; x_wconf 75' lang='grc' dir='ltr'>θλίϐοντες,</span> <span class='ocrx_word' id='word_1_249' title='bbox 2546 864 2642 917; x_wconf 75' lang='grc' dir='ltr'>καὶ</span> <span class='ocrx_word' id='word_1_250' title='bbox 2681 863 2838 933; x_wconf 83' lang='grc' dir='ltr'>μόνος</span> <span class='ocrx_word' id='word_1_251' title='bbox 2872 863 3098 916; x_wconf 86' lang='grc' dir='ltr'>δύνασαι</span> <span class='ocrx_word' id='word_1_252' title='bbox 3136 865 3631 941; x_wconf 22' lang='grc' dir='ltr'>φυλάττεινλήμᾶς,</span> 
     </span>
    </p>
   </div>
   <div class='ocr_carea' id='block_1_38' title="bbox 2052 953 3633 1024">
    <p class='ocr_par' dir='ltr' id='par_1_38' title="bbox 2052 953 3633 1024">
     <span class='ocr_line' id='line_1_38' title="bbox 2052 953 3633 1024; baseline 0.001 -15"><span class='ocrx_word' id='word_1_253' title='bbox 2052 960 2080 1009; x_wconf 97' lang='lat'><strong>6</strong></span> <span class='ocrx_word' id='word_1_254' title='bbox 2112 956 2269 1018; x_wconf 87' lang='grc' dir='ltr'>Θεὸς,</span> <span class='ocrx_word' id='word_1_255' title='bbox 2303 957 2366 1024; x_wconf 85' lang='grc' dir='ltr'>τῇ</span> <span class='ocrx_word' id='word_1_256' title='bbox 2403 956 2467 1023; x_wconf 83' lang='grc' dir='ltr'>σῇ</span> <span class='ocrx_word' id='word_1_257' title='bbox 2496 954 2711 1024; x_wconf 77' lang='grc' dir='ltr'>χάριτιο</span> <span class='ocrx_word' id='word_1_258' title='bbox 2744 953 2844 1007; x_wconf 85' lang='grc' dir='ltr'>οὐκ</span> <span class='ocrx_word' id='word_1_259' title='bbox 2876 955 2940 1006; x_wconf 85' lang='grc' dir='ltr'><strong>ἐκ</strong></span> <span class='ocrx_word' id='word_1_260' title='bbox 2964 953 3073 1006; x_wconf 86' lang='grc' dir='ltr'>τῶν</span> <span class='ocrx_word' id='word_1_261' title='bbox 3109 955 3395 1023; x_wconf 78' lang='grc' dir='ltr'><strong>ἡμετέρων</strong></span> <span class='ocrx_word' id='word_1_262' title='bbox 3431 957 3633 1024; x_wconf 80' lang='grc' dir='ltr'>ἔργων,</span> 
     </span>
    </p>
   </div>
   <div class='ocr_carea' id='block_1_39' title="bbox 2053 1045 3632 1119">
    <p class='ocr_par' dir='ltr' id='par_1_39' title="bbox 2053 1045 3632 1119">
     <span class='ocr_line' id='line_1_39' title="bbox 2053 1045 3632 1119; baseline 0.003 -20"><span class='ocrx_word' id='word_1_263' title='bbox 2053 1046 2166 1099; x_wconf 76' lang='grc' dir='ltr'>οὐδ’</span> <span class='ocrx_word' id='word_1_264' title='bbox 2227 1048 2293 1098; x_wconf 82' lang='grc' dir='ltr'><strong>ἐκ</strong></span> <span class='ocrx_word' id='word_1_265' title='bbox 2348 1046 2447 1114; x_wconf 79' lang='grc' dir='ltr'>τῆς</span> <span class='ocrx_word' id='word_1_266' title='bbox 2512 1045 2672 1114; x_wconf 83' lang='grc' dir='ltr'>ήμῶν</span> <span class='ocrx_word' id='word_1_267' title='bbox 2726 1046 2960 1108; x_wconf 78' lang='grc' dir='ltr'><strong>ἱκεσίας,</strong></span> <span class='ocrx_word' id='word_1_268' title='bbox 3010 1046 3312 1117; x_wconf 78' lang='grc' dir='ltr'><strong>ἀκάθαρτοι</strong></span> <span class='ocrx_word' id='word_1_269' title='bbox 3362 1051 3491 1119; x_wconf 79' lang='grc' dir='ltr'>γὰρ,</span> <span class='ocrx_word' id='word_1_270' title='bbox 3538 1051 3632 1103; x_wconf 74' lang='grc' dir='ltr'>καὶ</span> 
     </span>
    </p>
   </div>
   <div class='ocr_carea' id='block_1_40' title="bbox 2052 1136 3632 1210">
    <p class='ocr_par' dir='ltr' id='par_1_40' title="bbox 2052 1136 3632 1210">
     <span class='ocr_line' id='line_1_40' title="bbox 2052 1136 3632 1210; baseline 0.001 -19"><span class='ocrx_word' id='word_1_271' title='bbox 2052 1137 2343 1206; x_wconf 82' lang='grc' dir='ltr'>ἀκάθαρτα</span> <span class='ocrx_word' id='word_1_272' title='bbox 2371 1138 2440 1189; x_wconf 73' lang='grc' dir='ltr'><strong>τὰ</strong></span> <span class='ocrx_word' id='word_1_273' title='bbox 2461 1137 2642 1206; x_wconf 77' lang='grc' dir='ltr'>ἡμῶν,</span> <span class='ocrx_word' id='word_1_274' title='bbox 2670 1136 2808 1188; x_wconf 84' lang='grc' dir='ltr'><strong>ἀλλά</strong></span> <span class='ocrx_word' id='word_1_275' title='bbox 2839 1139 2905 1205; x_wconf 82' lang='grc' dir='ltr'>τῇ</span> <span class='ocrx_word' id='word_1_276' title='bbox 2939 1139 3006 1206; x_wconf 83' lang='grc' dir='ltr'>σῇ</span> <span class='ocrx_word' id='word_1_277' title='bbox 3040 1138 3176 1210; x_wconf 79' lang='grc' dir='ltr'>μόνῃ</span> <span class='ocrx_word' id='word_1_278' title='bbox 3204 1138 3413 1209; x_wconf 85' lang='grc' dir='ltr'>χάριτι.</span> <span class='ocrx_word' id='word_1_279' title='bbox 3453 1141 3632 1206; x_wconf 81' lang='grc' dir='ltr'><strong>Ἐξαί-</strong></span> 
     </span>
    </p>
   </div>
   <div class='ocr_carea' id='block_1_41' title="bbox 2058 1229 3628 1301">
    <p class='ocr_par' dir='ltr' id='par_1_41' title="bbox 2058 1229 3628 1301">
     <span class='ocr_line' id='line_1_41' title="bbox 2058 1229 3628 1301; baseline 0.001 -20"><span class='ocrx_word' id='word_1_280' title='bbox 2058 1247 2214 1300; x_wconf 87' lang='grc' dir='ltr'>ρετος</span> <span class='ocrx_word' id='word_1_281' title='bbox 2250 1229 2306 1283; x_wconf 78' lang='grc' dir='ltr'>δὲ</span> <span class='ocrx_word' id='word_1_282' title='bbox 2354 1229 2534 1298; x_wconf 79' lang='grc' dir='ltr'>δωρεὰ</span> <span class='ocrx_word' id='word_1_283' title='bbox 2588 1230 2619 1297; x_wconf 83' lang='grc' dir='ltr'>ὴ</span> <span class='ocrx_word' id='word_1_284' title='bbox 2674 1229 2767 1280; x_wconf 81' lang='grc' dir='ltr'><strong>τού</strong></span> <span class='ocrx_word' id='word_1_285' title='bbox 2822 1230 3166 1295; x_wconf 84' lang='grc' dir='ltr'>Μονογενοῦς</span> <span class='ocrx_word' id='word_1_286' title='bbox 3199 1231 3628 1301; x_wconf 76' lang='grc' dir='ltr'>ἐνανθρὼπησις,</span> 
     </span>
    </p>
   </div>
   <div class='ocr_carea' id='block_1_42' title="bbox 2053 1317 3628 1390">
    <p class='ocr_par' dir='ltr' id='par_1_42' title="bbox 2053 1317 3628 1390">
     <span class='ocr_line' id='line_1_42' title="bbox 2053 1317 3628 1390; baseline 0.004 -18"><span class='ocrx_word' id='word_1_287' title='bbox 2053 1321 2176 1389; x_wconf 78' lang='grc' dir='ltr'>ἣτις</span> <span class='ocrx_word' id='word_1_288' title='bbox 2228 1321 2321 1372; x_wconf 75' lang='grc' dir='ltr'>καὶ</span> <span class='ocrx_word' id='word_1_289' title='bbox 2374 1320 2535 1390; x_wconf 81' lang='grc' dir='ltr'>χάρις</span> <span class='ocrx_word' id='word_1_290' title='bbox 2575 1319 2840 1374; x_wconf 88' lang='grc' dir='ltr'>καλεῖται.</span> <span class='ocrx_word' id='word_1_291' title='bbox 2914 1322 3003 1373; x_wconf 89' lang='grc' dir='ltr'>Ἐν</span> <span class='ocrx_word' id='word_1_292' title='bbox 3052 1322 3262 1385; x_wconf 78' lang='grc' dir='ltr'><strong>τούτοις</strong></span> <span class='ocrx_word' id='word_1_293' title='bbox 3306 1317 3628 1378; x_wconf 71' lang='grc' dir='ltr'>οῖονῖλεων</span> 
     </span>
    </p>
   </div>
   <div class='ocr_carea' id='block_1_43' title="bbox 2056 1412 3629 1481">
    <p class='ocr_par' dir='ltr' id='par_1_43' title="bbox 2056 1412 3629 1481">
     <span class='ocr_line' id='line_1_43' title="bbox 2056 1412 3629 1481; baseline 0.003 -17"><span class='ocrx_word' id='word_1_294' title='bbox 2056 1412 2286 1481; x_wconf 80' lang='grc' dir='ltr'><strong>θέμενος</strong></span> <span class='ocrx_word' id='word_1_295' title='bbox 2317 1412 2344 1464; x_wconf 89' lang='lat'><strong>6</strong></span> <span class='ocrx_word' id='word_1_296' title='bbox 2382 1413 2561 1481; x_wconf 71' lang='grc' dir='ltr'>ἱερεὺς</span> <span class='ocrx_word' id='word_1_297' title='bbox 2583 1412 2673 1463; x_wconf 81' lang='grc' dir='ltr'>τὸν</span> <span class='ocrx_word' id='word_1_298' title='bbox 2703 1412 2859 1477; x_wconf 86' lang='grc' dir='ltr'>Θεὸν,</span> <span class='ocrx_word' id='word_1_299' title='bbox 2890 1414 2935 1465; x_wconf 87' lang='grc' dir='ltr'>εί</span> <span class='ocrx_word' id='word_1_300' title='bbox 2969 1414 3025 1466; x_wconf 83' lang='grc' dir='ltr'>δὲ</span> <span class='ocrx_word' id='word_1_301' title='bbox 3054 1413 3298 1477; x_wconf 76' lang='grc' dir='ltr'>διάκονός</span> <span class='ocrx_word' id='word_1_302' title='bbox 3328 1418 3442 1469; x_wconf 77' lang='grc' dir='ltr'>ἐστι</span> <span class='ocrx_word' id='word_1_303' title='bbox 3473 1418 3629 1470; x_wconf 66' lang='grc' dir='ltr'>τοῦτο</span> 
     </span>
    </p>
   </div>
   <div class='ocr_carea' id='block_1_44' title="bbox 2053 1505 3631 1581">
    <p class='ocr_par' dir='ltr' id='par_1_44' title="bbox 2053 1505 3631 1581">
     <span class='ocr_line' id='line_1_44' title="bbox 2053 1505 3631 1581; baseline 0.006 -25"><span class='ocrx_word' id='word_1_304' title='bbox 2053 1505 2249 1573; x_wconf 74' lang='grc' dir='ltr'>λέγων,</span> <span class='ocrx_word' id='word_1_305' title='bbox 2280 1506 2370 1558; x_wconf 84' lang='grc' dir='ltr'>διὰ</span> <span class='ocrx_word' id='word_1_306' title='bbox 2405 1506 2598 1558; x_wconf 85' lang='grc' dir='ltr'>τούτου</span> <span class='ocrx_word' id='word_1_307' title='bbox 2630 1523 2690 1558; x_wconf 88' lang='grc' dir='ltr'>τε</span> <span class='ocrx_word' id='word_1_308' title='bbox 2723 1507 2819 1559; x_wconf 73' lang='grc' dir='ltr'><strong>καὶ</strong></span> <span class='ocrx_word' id='word_1_309' title='bbox 2847 1509 2947 1577; x_wconf 82' lang='grc' dir='ltr'><strong>τῆς</strong></span> <span class='ocrx_word' id='word_1_310' title='bbox 2986 1512 3257 1579; x_wconf 73' lang='grc' dir='ltr'><strong>μυστικῆς</strong></span> <span class='ocrx_word' id='word_1_311' title='bbox 3288 1511 3435 1563; x_wconf 77' lang='grc' dir='ltr'>ἔνδον</span> <span class='ocrx_word' id='word_1_312' title='bbox 3465 1512 3631 1581; x_wconf 80' lang='grc' dir='ltr'>εὐχῆς</span> 
     </span>
    </p>
   </div>
   <div class='ocr_carea' id='block_1_45' title="bbox 2051 1596 3633 1671">
    <p class='ocr_par' dir='ltr' id='par_1_45' title="bbox 2051 1596 3633 1671">
     <span class='ocr_line' id='line_1_45' title="bbox 2051 1596 3633 1671; baseline 0.004 -22"><span class='ocrx_word' id='word_1_313' title='bbox 2051 1598 2079 1649; x_wconf 88' lang='lat'><strong>6</strong></span> <span class='ocrx_word' id='word_1_314' title='bbox 2122 1598 2324 1666; x_wconf 83' lang='grc' dir='ltr'>ἱερεὺς,</span> <span class='ocrx_word' id='word_1_315' title='bbox 2358 1597 2425 1649; x_wconf 80' lang='grc' dir='ltr'><strong>τὰ</strong></span> <span class='ocrx_word' id='word_1_316' title='bbox 2461 1596 2561 1666; x_wconf 81' lang='grc' dir='ltr'><strong>τῆς</strong></span> <span class='ocrx_word' id='word_1_317' title='bbox 2587 1599 2921 1669; x_wconf 78' lang='grc' dir='ltr'>παραθήκης</span> <span class='ocrx_word' id='word_1_318' title='bbox 2949 1600 3087 1669; x_wconf 85' lang='grc' dir='ltr'>πρὸς</span> <span class='ocrx_word' id='word_1_319' title='bbox 3122 1600 3255 1653; x_wconf 85' lang='grc' dir='ltr'>Θεὸν</span> <span class='ocrx_word' id='word_1_320' title='bbox 3290 1604 3438 1669; x_wconf 73' lang='grc' dir='ltr'>ἡμᾶς</span> <span class='ocrx_word' id='word_1_321' title='bbox 3474 1605 3633 1671; x_wconf 81' lang='grc' dir='ltr'>ποιῆ-</span> 
     </span>
    </p>
   </div>
   <div class='ocr_carea' id='block_1_46' title="bbox 2055 1689 3635 1763">
    <p class='ocr_par' dir='ltr' id='par_1_46' title="bbox 2055 1689 3635 1763">
     <span class='ocr_line' id='line_1_46' title="bbox 2055 1689 3635 1763; baseline 0.003 -22"><span class='ocrx_word' id='word_1_322' title='bbox 2055 1706 2144 1741; x_wconf 90' lang='grc' dir='ltr'><strong>σαι</strong></span> <span class='ocrx_word' id='word_1_323' title='bbox 2209 1689 2606 1743; x_wconf 77' lang='grc' dir='ltr'><strong>διακελεύεται.</strong></span> <span class='ocrx_word' id='word_1_324' title='bbox 2669 1690 2781 1742; x_wconf 83' lang='lat' dir='ltr'><strong>Kal</strong></span> <span class='ocrx_word' id='word_1_325' title='bbox 2838 1691 3076 1759; x_wconf 83' lang='grc' dir='ltr'>μάνθανε</span> <span class='ocrx_word' id='word_1_326' title='bbox 3139 1694 3483 1763; x_wconf 86' lang='grc' dir='ltr'>σωτηριῶδες</span> <span class='ocrx_word' id='word_1_327' title='bbox 3538 1694 3635 1749; x_wconf 75' lang='grc' dir='ltr'>καὶ</span> 
     </span>
    </p>
   </div>
   <div class='ocr_carea' id='block_1_47' title="bbox 2054 1781 3634 1855">
    <p class='ocr_par' dir='ltr' id='par_1_47' title="bbox 2054 1781 3634 1855">
     <span class='ocr_line' id='line_1_47' title="bbox 2054 1781 3634 1855; baseline 0.004 -22"><span class='ocrx_word' id='word_1_328' title='bbox 2054 1781 2395 1851; x_wconf 82' lang='grc' dir='ltr'>θαυμαστόν.</span> <span class='ocrx_word' id='word_1_329' title='bbox 2440 1800 2458 1831; x_wconf 75' lang='grc' dir='ltr'><strong>ι</strong></span> <span class='ocrx_word' id='word_1_330' title='bbox 2496 1784 2607 1851; x_wconf 84' lang='grc' dir='ltr'><strong>Τῆς</strong></span> <span class='ocrx_word' id='word_1_331' title='bbox 2640 1783 2921 1850; x_wconf 84' lang='grc' dir='ltr'>Παναγίας</span> <span class='ocrx_word' id='word_1_332' title='bbox 2955 1784 3250 1853; x_wconf 81' lang='grc' dir='ltr'>ἀχράντου,</span> <span class='ocrx_word' id='word_1_333' title='bbox 3293 1803 3311 1835; x_wconf 84' lang='grc'><strong>›</strong></span> <span class='ocrx_word' id='word_1_334' title='bbox 3352 1784 3508 1855; x_wconf 72' lang='grc' dir='ltr'>φησὶ,</span> <span class='ocrx_word' id='word_1_335' title='bbox 3539 1788 3634 1840; x_wconf 77' lang='grc' dir='ltr'>καὶ</span> 
     </span>
    </p>
   </div>
   <div class='ocr_carea' id='block_1_48' title="bbox 2047 1873 3633 1945">
    <p class='ocr_par' dir='ltr' id='par_1_48' title="bbox 2047 1873 3633 1945">
     <span class='ocr_line' id='line_1_48' title="bbox 2047 1873 3633 1945; baseline 0.003 -20"><span class='ocrx_word' id='word_1_336' title='bbox 2047 1873 2114 1925; x_wconf 76' lang='grc' dir='ltr'><strong>τὰ</strong></span> <span class='ocrx_word' id='word_1_337' title='bbox 2172 1874 2321 1941; x_wconf 74' lang='grc' dir='ltr'>ἑξῆς,</span> <span class='ocrx_word' id='word_1_338' title='bbox 2382 1873 2664 1944; x_wconf 74' lang='grc' dir='ltr'>ἐπιφέρων</span> <span class='ocrx_word' id='word_1_339' title='bbox 2702 1873 2770 1926; x_wconf 75' lang='grc' dir='ltr'>τὰ</span> <span class='ocrx_word' id='word_1_340' title='bbox 2823 1874 2931 1926; x_wconf 85' lang='grc' dir='ltr'><strong>τῶν</strong></span> <span class='ocrx_word' id='word_1_341' title='bbox 2969 1875 3265 1944; x_wconf 81' lang='grc' dir='ltr'>ἐγκωμίων</span> <span class='ocrx_word' id='word_1_342' title='bbox 3324 1877 3424 1945; x_wconf 83' lang='grc' dir='ltr'>τῆς</span> <span class='ocrx_word' id='word_1_343' title='bbox 3458 1895 3633 1929; x_wconf 82' lang='grc' dir='ltr'>πανυ-</span> 
     </span>
    </p>
   </div>
   <div class='ocr_carea' id='block_1_49' title="bbox 2049 1965 3633 2036">
    <p class='ocr_par' dir='ltr' id='par_1_49' title="bbox 2049 1965 3633 2036">
     <span class='ocr_line' id='line_1_49' title="bbox 2049 1965 3633 2036; baseline 0.002 -17"><span class='ocrx_word' id='word_1_344' title='bbox 2049 1966 2256 2036; x_wconf 89' lang='grc' dir='ltr'>μνήτου</span> <span class='ocrx_word' id='word_1_345' title='bbox 2291 1967 2556 2018; x_wconf 86' lang='grc' dir='ltr'>Θεοτόκου</span> <span class='ocrx_word' id='word_1_346' title='bbox 2591 1965 2667 2028; x_wconf 83' lang='grc' dir='ltr'>ὼς</span> <span class='ocrx_word' id='word_1_347' title='bbox 2721 1966 2977 2035; x_wconf 71' lang='grc' dir='ltr'>ἐγχωρεῖ.</span> <span class='ocrx_word' id='word_1_348' title='bbox 3019 1985 3037 2017; x_wconf 73' lang='grc' dir='ltr'><strong>ι</strong></span> <span class='ocrx_word' id='word_1_349' title='bbox 3085 1968 3240 2019; x_wconf 83' lang='grc' dir='ltr'><strong>Μετὰ</strong></span> <span class='ocrx_word' id='word_1_350' title='bbox 3276 1969 3494 2021; x_wconf 82' lang='grc' dir='ltr'>πάντων</span> <span class='ocrx_word' id='word_1_351' title='bbox 3524 1968 3633 2022; x_wconf 84' lang='grc' dir='ltr'><strong>τῶν</strong></span> 
     </span>
    </p>
   </div>
   <div class='ocr_carea' id='block_1_50' title="bbox 2047 2058 3634 2130">
    <p class='ocr_par' dir='ltr' id='par_1_50' title="bbox 2047 2058 3634 2130">
     <span class='ocr_line' id='line_1_50' title="bbox 2047 2058 3634 2130; baseline 0.003 -19"><span class='ocrx_word' id='word_1_352' title='bbox 2047 2060 2221 2126; x_wconf 87' lang='grc' dir='ltr'>ἁγίων</span> <span class='ocrx_word' id='word_1_353' title='bbox 2283 2058 2788 2127; x_wconf 84' lang='grc' dir='ltr'>μνημονεύσαντες.</span> <span class='ocrx_word' id='word_1_354' title='bbox 2844 2070 2889 2109; x_wconf 73' lang='grc' dir='ltr'>ιο</span> <span class='ocrx_word' id='word_1_355' title='bbox 2932 2059 3065 2111; x_wconf 81' lang='grc' dir='ltr'><strong>Ἰδοὺ</strong></span> <span class='ocrx_word' id='word_1_356' title='bbox 3102 2061 3203 2129; x_wconf 78' lang='grc' dir='ltr'><strong>τῆς</strong></span> <span class='ocrx_word' id='word_1_357' title='bbox 3244 2061 3489 2130; x_wconf 81' lang='grc' dir='ltr'><strong>ἀρχηγοῦ</strong></span> <span class='ocrx_word' id='word_1_358' title='bbox 3524 2063 3634 2115; x_wconf 82' lang='grc' dir='ltr'>τῶν</span> 
     </span>
    </p>
   </div>
   <div class='ocr_carea' id='block_1_51' title="bbox 2048 2151 3633 2224">
    <p class='ocr_par' dir='ltr' id='par_1_51' title="bbox 2048 2151 3633 2224">
     <span class='ocr_line' id='line_1_51' title="bbox 2048 2151 3633 2224; baseline 0.003 -20"><span class='ocrx_word' id='word_1_359' title='bbox 2048 2152 2243 2219; x_wconf 83' lang='grc' dir='ltr'>ἁγίων,</span> <span class='ocrx_word' id='word_1_360' title='bbox 2275 2153 2367 2202; x_wconf 74' lang='grc' dir='ltr'>καὶ</span> <span class='ocrx_word' id='word_1_361' title='bbox 2396 2154 2493 2220; x_wconf 84' lang='grc' dir='ltr'><strong>τῆς</strong></span> <span class='ocrx_word' id='word_1_362' title='bbox 2542 2151 2778 2223; x_wconf 77' lang='grc' dir='ltr'><strong>χορηγοῦ</strong></span> <span class='ocrx_word' id='word_1_363' title='bbox 2812 2152 2908 2203; x_wconf 82' lang='grc' dir='ltr'><strong>τοῦ</strong></span> <span class='ocrx_word' id='word_1_364' title='bbox 2936 2153 3234 2221; x_wconf 80' lang='grc' dir='ltr'>ἀγιασμοῦ,</span> <span class='ocrx_word' id='word_1_365' title='bbox 3268 2157 3362 2207; x_wconf 78' lang='grc' dir='ltr'>καὶ</span> <span class='ocrx_word' id='word_1_366' title='bbox 3396 2155 3494 2224; x_wconf 83' lang='grc' dir='ltr'>τῆς</span> <span class='ocrx_word' id='word_1_367' title='bbox 3518 2172 3633 2209; x_wconf 84' lang='grc' dir='ltr'>κοι-</span> 
     </span>
    </p>
   </div>
   <div class='ocr_carea' id='block_1_52' title="bbox 2047 2242 3633 2311">
    <p class='ocr_par' dir='ltr' id='par_1_52' title="bbox 2047 2242 3633 2311">
     <span class='ocr_line' id='line_1_52' title="bbox 2047 2242 3633 2311; baseline 0.003 -16"><span class='ocrx_word' id='word_1_368' title='bbox 2047 2245 2145 2311; x_wconf 74' lang='grc' dir='ltr'>νῆς</span> <span class='ocrx_word' id='word_1_369' title='bbox 2180 2242 2476 2311; x_wconf 76' lang='grc' dir='ltr'>μεσίτιδος,</span> <span class='ocrx_word' id='word_1_370' title='bbox 2511 2242 2604 2295; x_wconf 77' lang='grc' dir='ltr'>καὶ</span> <span class='ocrx_word' id='word_1_371' title='bbox 2641 2242 2733 2293; x_wconf 79' lang='grc' dir='ltr'><strong>τοῦ</strong></span> <span class='ocrx_word' id='word_1_372' title='bbox 2785 2242 2931 2296; x_wconf 89' lang='grc' dir='ltr'>θείου</span> <span class='ocrx_word' id='word_1_373' title='bbox 2962 2245 3199 2311; x_wconf 71' lang='grc' dir='ltr'>ὀργάνου</span> <span class='ocrx_word' id='word_1_374' title='bbox 3234 2245 3301 2296; x_wconf 80' lang='grc' dir='ltr'>δι’</span> <span class='ocrx_word' id='word_1_375' title='bbox 3344 2245 3405 2297; x_wconf 78' lang='grc' dir='ltr'><strong>οὗ</strong></span> <span class='ocrx_word' id='word_1_376' title='bbox 3459 2247 3633 2299; x_wconf 83' lang='grc' dir='ltr'>σεσώ-</span> 
     </span>
    </p>
   </div>
   <div class='ocr_carea' id='block_1_53' title="bbox 2050 2335 3634 2405">
    <p class='ocr_par' dir='ltr' id='par_1_53' title="bbox 2050 2335 3634 2405">
     <span class='ocr_line' id='line_1_53' title="bbox 2050 2335 3634 2405; baseline 0.003 -17"><span class='ocrx_word' id='word_1_377' title='bbox 2050 2336 2251 2403; x_wconf 85' lang='grc' dir='ltr'>σμεθα,</span> <span class='ocrx_word' id='word_1_378' title='bbox 2289 2336 2428 2405; x_wconf 79' lang='grc' dir='ltr'>μετὰ</span> <span class='ocrx_word' id='word_1_379' title='bbox 2462 2336 2569 2387; x_wconf 81' lang='grc' dir='ltr'>τῶν</span> <span class='ocrx_word' id='word_1_380' title='bbox 2608 2335 2964 2405; x_wconf 78' lang='grc' dir='ltr'>ἡγιασμένων</span> <span class='ocrx_word' id='word_1_381' title='bbox 2992 2336 3062 2389; x_wconf 86' lang='grc' dir='ltr'><strong>δι’</strong></span> <span class='ocrx_word' id='word_1_382' title='bbox 3093 2336 3265 2405; x_wconf 76' lang='grc' dir='ltr'>αὐτῆς</span> <span class='ocrx_word' id='word_1_383' title='bbox 3288 2340 3525 2405; x_wconf 86' lang='grc' dir='ltr'>πάντων,</span> <span class='ocrx_word' id='word_1_384' title='bbox 3559 2340 3634 2404; x_wconf 84' lang='grc' dir='ltr'>ὡς</span> 
     </span>
    </p>
   </div>
   <div class='ocr_carea' id='block_1_54' title="bbox 2049 2428 3631 2505">
    <p class='ocr_par' dir='ltr' id='par_1_54' title="bbox 2049 2428 3631 2505">
     <span class='ocr_line' id='line_1_54' title="bbox 2049 2428 3631 2505; baseline 0.004 -24"><span class='ocrx_word' id='word_1_385' title='bbox 2049 2430 2113 2481; x_wconf 87' lang='grc' dir='ltr'><strong>ἐκ</strong></span> <span class='ocrx_word' id='word_1_386' title='bbox 2151 2430 2252 2500; x_wconf 81' lang='grc' dir='ltr'>τῆς</span> <span class='ocrx_word' id='word_1_387' title='bbox 2285 2429 2444 2499; x_wconf 80' lang='grc' dir='ltr'>ἡμῶν</span> <span class='ocrx_word' id='word_1_388' title='bbox 2474 2428 2646 2483; x_wconf 74' lang='grc' dir='ltr'>ὄντων</span> <span class='ocrx_word' id='word_1_389' title='bbox 2693 2428 2931 2496; x_wconf 86' lang='grc' dir='ltr'>φύσεως,</span> <span class='ocrx_word' id='word_1_390' title='bbox 2990 2432 3087 2483; x_wconf 74' lang='grc' dir='ltr'>καὶ</span> <span class='ocrx_word' id='word_1_391' title='bbox 3120 2432 3435 2502; x_wconf 74' lang='grc' dir='ltr'>κηδομένων</span> <span class='ocrx_word' id='word_1_392' title='bbox 3472 2435 3631 2505; x_wconf 70' lang='grc' dir='ltr'>ἡμῶν</span> 
     </span>
    </p>
   </div>
   <div class='ocr_carea' id='block_1_55' title="bbox 2050 2520 3631 2595">
    <p class='ocr_par' dir='ltr' id='par_1_55' title="bbox 2050 2520 3631 2595">
     <span class='ocr_line' id='line_1_55' title="bbox 2050 2520 3631 2595; baseline 0.005 -22"><span class='ocrx_word' id='word_1_393' title='bbox 2050 2522 2145 2575; x_wconf 79' lang='grc' dir='ltr'>καὶ</span> <span class='ocrx_word' id='word_1_394' title='bbox 2171 2520 2493 2591; x_wconf 78' lang='grc' dir='ltr'>δυναμένων</span> <span class='ocrx_word' id='word_1_395' title='bbox 2518 2520 2591 2583; x_wconf 81' lang='grc' dir='ltr'>ὡς</span> <span class='ocrx_word' id='word_1_396' title='bbox 2615 2522 3009 2590; x_wconf 73' lang='grc' dir='ltr'>ἠγωνισμένων</span> <span class='ocrx_word' id='word_1_397' title='bbox 3054 2524 3195 2595; x_wconf 82' lang='grc' dir='ltr'><strong>ὑπὲρ</strong></span> <span class='ocrx_word' id='word_1_398' title='bbox 3220 2526 3320 2594; x_wconf 80' lang='grc' dir='ltr'>τῆς</span> <span class='ocrx_word' id='word_1_399' title='bbox 3350 2527 3505 2595; x_wconf 80' lang='grc' dir='ltr'><strong>δόξης</strong></span> <span class='ocrx_word' id='word_1_400' title='bbox 3535 2527 3631 2581; x_wconf 80' lang='grc' dir='ltr'><strong>τοῦ</strong></span> 
     </span>
    </p>
   </div>
   <div class='ocr_carea' id='block_1_56' title="bbox 2048 2612 3635 2682">
    <p class='ocr_par' dir='ltr' id='par_1_56' title="bbox 2048 2612 3635 2682">
     <span class='ocr_line' id='line_1_56' title="bbox 2048 2612 3635 2682; baseline 0.006 -17"><span class='ocrx_word' id='word_1_401' title='bbox 2048 2612 2208 2677; x_wconf 80' lang='grc' dir='ltr'>Θεοῦ,</span> <span class='ocrx_word' id='word_1_402' title='bbox 2257 2613 2414 2681; x_wconf 73' lang='grc' dir='ltr'>φησι,</span> <span class='ocrx_word' id='word_1_403' title='bbox 2463 2614 2964 2682; x_wconf 82' lang='grc' dir='ltr'><strong>μνημονεύσαντες,</strong></span> <span class='ocrx_word' id='word_1_404' title='bbox 3001 2616 3122 2669; x_wconf 81' lang='grc' dir='ltr'>ἀντὶ</span> <span class='ocrx_word' id='word_1_405' title='bbox 3169 2616 3262 2670; x_wconf 82' lang='grc' dir='ltr'><strong>τοῦ</strong></span> <span class='ocrx_word' id='word_1_406' title='bbox 3302 2620 3635 2673; x_wconf 77' lang='grc' dir='ltr'>ἐπικαλεσά·</span> 
     </span>
    </p>
   </div>
   <div class='ocr_carea' id='block_1_57' title="bbox 2054 2703 3630 2782">
    <p class='ocr_par' dir='ltr' id='par_1_57' title="bbox 2054 2703 3630 2782">
     <span class='ocr_line' id='line_1_57' title="bbox 2054 2703 3630 2782; baseline 0.004 -25"><span class='ocrx_word' id='word_1_407' title='bbox 2054 2722 2228 2775; x_wconf 86' lang='grc' dir='ltr'>μενοι,</span> <span class='ocrx_word' id='word_1_408' title='bbox 2286 2703 2319 2773; x_wconf 75' lang='grc' dir='ltr'>ἢ</span> <span class='ocrx_word' id='word_1_409' title='bbox 2362 2704 2458 2757; x_wconf 74' lang='grc' dir='ltr'>καὶ</span> <span class='ocrx_word' id='word_1_410' title='bbox 2506 2704 2581 2768; x_wconf 84' lang='grc' dir='ltr'>ὡς</span> <span class='ocrx_word' id='word_1_411' title='bbox 2630 2705 2855 2772; x_wconf 81' lang='grc' dir='ltr'>ἀγαθῶς</span> <span class='ocrx_word' id='word_1_412' title='bbox 2904 2709 3275 2777; x_wconf 80' lang='grc' dir='ltr'>μεμνημένων</span> <span class='ocrx_word' id='word_1_413' title='bbox 3303 2712 3459 2779; x_wconf 74' lang='grc' dir='ltr'>ἡμῶν</span> <span class='ocrx_word' id='word_1_414' title='bbox 3489 2730 3630 2782; x_wconf 80' lang='grc' dir='ltr'>μνη-</span> 
     </span>
    </p>
   </div>
   <div class='ocr_carea' id='block_1_58' title="bbox 2054 2796 3630 2876">
    <p class='ocr_par' dir='ltr' id='par_1_58' title="bbox 2054 2796 3630 2876">
     <span class='ocr_line' id='line_1_58' title="bbox 2054 2796 3630 2876; baseline 0.007 -28"><span class='ocrx_word' id='word_1_415' title='bbox 2054 2796 2296 2860; x_wconf 82' lang='grc' dir='ltr'>σθέντες,</span> <span class='ocrx_word' id='word_1_416' title='bbox 2349 2796 2600 2861; x_wconf 81' lang='grc' dir='ltr'>ἑαυτοὺς,</span> <span class='ocrx_word' id='word_1_417' title='bbox 2654 2797 2728 2861; x_wconf 85' lang='grc' dir='ltr'>ὡς</span> <span class='ocrx_word' id='word_1_418' title='bbox 2770 2799 3084 2866; x_wconf 66' lang='grc' dir='ltr'>ὀφείλοντες</span> <span class='ocrx_word' id='word_1_419' title='bbox 3116 2803 3263 2870; x_wconf 73' lang='grc' dir='ltr'>ἡμᾶς</span> <span class='ocrx_word' id='word_1_420' title='bbox 3308 2805 3506 2868; x_wconf 74' lang='grc' dir='ltr'>αὐτοὺς</span> <span class='ocrx_word' id='word_1_421' title='bbox 3555 2807 3630 2876; x_wconf 85' lang='grc' dir='ltr'><strong>τῷ</strong></span> 
     </span>
    </p>
   </div>
   <div class='ocr_carea' id='block_1_59' title="bbox 2050 2885 3633 2967">
    <p class='ocr_par' dir='ltr' id='par_1_59' title="bbox 2050 2885 3633 2967">
     <span class='ocr_line' id='line_1_59' title="bbox 2050 2885 3633 2967; baseline 0.009 -28"><span class='ocrx_word' id='word_1_422' title='bbox 2050 2885 2193 2955; x_wconf 82' lang='grc' dir='ltr'><strong>Θ-ᾦ,</strong></span> <span class='ocrx_word' id='word_1_423' title='bbox 2238 2888 2331 2940; x_wconf 79' lang='grc' dir='ltr'>καὶ</span> <span class='ocrx_word' id='word_1_424' title='bbox 2371 2888 2659 2957; x_wconf 74' lang='grc' dir='ltr'>ἀλλήλους,</span> <span class='ocrx_word' id='word_1_425' title='bbox 2708 2890 2783 2953; x_wconf 82' lang='grc' dir='ltr'><strong>ὡς</strong></span> <span class='ocrx_word' id='word_1_426' title='bbox 2827 2893 2923 2945; x_wconf 76' lang='grc' dir='ltr'>καὶ</span> <span class='ocrx_word' id='word_1_427' title='bbox 2968 2894 3190 2965; x_wconf 78' lang='grc' dir='ltr'>ἀγαπᾷν</span> <span class='ocrx_word' id='word_1_428' title='bbox 3244 2897 3507 2967; x_wconf 78' lang='grc' dir='ltr'>ἀλλήλους</span> <span class='ocrx_word' id='word_1_429' title='bbox 3538 2900 3633 2953; x_wconf 88' lang='grc' dir='ltr'>λα-</span> 
     </span>
    </p>
   </div>
   <div class='ocr_carea' id='block_1_60' title="bbox 2052 2978 3636 3063">
    <p class='ocr_par' dir='ltr' id='par_1_60' title="bbox 2052 2978 3636 3063">
     <span class='ocr_line' id='line_1_60' title="bbox 2052 2978 3636 3063; baseline 0.01 -34"><span class='ocrx_word' id='word_1_430' title='bbox 2052 2978 2237 3043; x_wconf 75' lang='grc' dir='ltr'>ϐόντες</span> <span class='ocrx_word' id='word_1_431' title='bbox 2262 2978 2504 3049; x_wconf 80' lang='grc' dir='ltr'>ἐντολὴν,</span> <span class='ocrx_word' id='word_1_432' title='bbox 2533 2981 2627 3033; x_wconf 76' lang='lat' dir='ltr'><strong>xa‘t</strong></span> <span class='ocrx_word' id='word_1_433' title='bbox 2655 2983 2839 3035; x_wconf 77' lang='grc' dir='ltr'>πᾶσαν</span> <span class='ocrx_word' id='word_1_434' title='bbox 2865 2983 2965 3052; x_wconf 78' lang='grc' dir='ltr'>τὴν</span> <span class='ocrx_word' id='word_1_435' title='bbox 2992 2984 3138 3054; x_wconf 81' lang='grc' dir='ltr'>ζωὴν</span> <span class='ocrx_word' id='word_1_436' title='bbox 3170 2988 3346 3056; x_wconf 72' lang='grc' dir='ltr'>ἡμῶν,</span> <span class='ocrx_word' id='word_1_437' title='bbox 3370 2990 3444 3053; x_wconf 82' lang='grc' dir='ltr'>ὡς</span> <span class='ocrx_word' id='word_1_438' title='bbox 3470 3010 3636 3063; x_wconf 78' lang='grc' dir='ltr'>χορη-</span> 
     </span>
    </p>
   </div>
   <div class='ocr_carea' id='block_1_61' title="bbox 2051 3070 3635 3155">
    <p class='ocr_par' dir='ltr' id='par_1_61' title="bbox 2051 3070 3635 3155">
     <span class='ocr_line' id='line_1_61' title="bbox 2051 3070 3635 3155; baseline 0.009 -34"><span class='ocrx_word' id='word_1_439' title='bbox 2051 3071 2329 3141; x_wconf 82' lang='grc' dir='ltr'>γουμένην</span> <span class='ocrx_word' id='word_1_440' title='bbox 2374 3072 2523 3141; x_wconf 78' lang='grc' dir='ltr'>παρὰ</span> <span class='ocrx_word' id='word_1_441' title='bbox 2570 3073 2728 3140; x_wconf 80' lang='grc' dir='ltr'>Θεοῦ,</span> <span class='ocrx_word' id='word_1_442' title='bbox 2771 3078 2863 3129; x_wconf 81' lang='grc' dir='ltr'>καὶ</span> <span class='ocrx_word' id='word_1_443' title='bbox 2896 3070 3007 3129; x_wconf 76' lang='grc' dir='ltr'>οἷον</span> <span class='ocrx_word' id='word_1_444' title='bbox 3037 3079 3105 3147; x_wconf 74' lang='grc' dir='ltr'><strong>τὰ</strong></span> <span class='ocrx_word' id='word_1_445' title='bbox 3132 3080 3190 3132; x_wconf 87' lang='grc' dir='ltr'><strong>ἐν</strong></span> <span class='ocrx_word' id='word_1_446' title='bbox 3220 3081 3390 3152; x_wconf 79' lang='grc' dir='ltr'>ταύτῃ</span> <span class='ocrx_word' id='word_1_447' title='bbox 3419 3082 3635 3155; x_wconf 83' lang='grc' dir='ltr'>διανοή-</span> 
     </span>
    </p>
   </div>
   <div class='ocr_carea' id='block_1_62' title="bbox 361 3160 1960 3239">
    <p class='ocr_par' dir='ltr' id='par_1_62' title="bbox 361 3164 1940 3234">
     <span class='ocr_line' id='line_1_62' title="bbox 361 3164 1940 3234; baseline -0.003 -13"><span class='ocrx_word' id='word_1_448' title='bbox 361 3183 408 3221; x_wconf 81' lang='lat' dir='ltr'><strong>ei</strong></span> <span class='ocrx_word' id='word_1_449' title='bbox 446 3182 633 3234; x_wconf 80' lang='lat' dir='ltr'><strong>opera,</strong></span> <span class='ocrx_word' id='word_1_450' title='bbox 672 3166 992 3232; x_wconf 87' lang='lat' dir='ltr'><strong>animasque</strong></span> <span class='ocrx_word' id='word_1_451' title='bbox 1023 3180 1086 3219; x_wconf 87' lang='lat' dir='ltr'><strong>ac</strong></span> <span class='ocrx_word' id='word_1_452' title='bbox 1112 3180 1341 3233; x_wconf 84' lang='lat' dir='ltr'><strong>corpora</strong></span> <span class='ocrx_word' id='word_1_453' title='bbox 1372 3165 1593 3217; x_wconf 82' lang='lat' dir='ltr'><strong>Christo</strong></span> <span class='ocrx_word' id='word_1_454' title='bbox 1632 3164 1737 3217; x_wconf 89' lang='lat' dir='ltr'><strong>Deo</strong></span> <span class='ocrx_word' id='word_1_455' title='bbox 1794 3180 1940 3218; x_wconf 86' lang='lat' dir='ltr'><strong>com-</strong></span> 
     </span>
    </p>
   </div>
   <div class='ocr_carea' id='block_1_63' title="bbox 2053 3160 3634 3239">
    <p class='ocr_par' dir='ltr' id='par_1_63' title="bbox 2057 3160 3634 3239">
     <span class='ocr_line' id='line_1_63' title="bbox 2057 3160 3634 3239; baseline 0.011 -30"><span class='ocrx_word' id='word_1_456' title='bbox 2057 3177 2205 3229; x_wconf 72' lang='grc' dir='ltr'>ματα</span> <span class='ocrx_word' id='word_1_457' title='bbox 2254 3160 2350 3212; x_wconf 81' lang='grc' dir='ltr'>καὶ</span> <span class='ocrx_word' id='word_1_458' title='bbox 2398 3162 2623 3230; x_wconf 76' lang='grc' dir='ltr'>ῥήματα</span> <span class='ocrx_word' id='word_1_459' title='bbox 2668 3161 2823 3229; x_wconf 81' lang='grc' dir='ltr'>ἡμῶν</span> <span class='ocrx_word' id='word_1_460' title='bbox 2857 3166 2950 3216; x_wconf 73' lang='grc' dir='ltr'><strong>καὶ</strong></span> <span class='ocrx_word' id='word_1_461' title='bbox 2994 3166 3091 3229; x_wconf 81' lang='grc' dir='ltr'><strong>τὰς</strong></span> <span class='ocrx_word' id='word_1_462' title='bbox 3125 3170 3352 3237; x_wconf 79' lang='grc' dir='ltr'>πράξεις</span> <span class='ocrx_word' id='word_1_463' title='bbox 3401 3176 3492 3225; x_wconf 78' lang='grc' dir='ltr'>καὶ</span> <span class='ocrx_word' id='word_1_464' title='bbox 3531 3176 3634 3239; x_wconf 75' lang='grc' dir='ltr'>τὰς</span> 
     </span>
    </p>
   </div>
   <div class='ocr_carea' id='block_1_64' title="bbox 364 3256 1941 3324">
    <p class='ocr_par' dir='ltr' id='par_1_64' title="bbox 364 3256 1941 3324">
     <span class='ocr_line' id='line_1_64' title="bbox 364 3256 1941 3324; baseline -0.001 -15"><span class='ocrx_word' id='word_1_465' title='bbox 364 3260 702 3322; x_wconf 78' lang='lat' dir='ltr'><strong>nzcndemus,</strong></span> <span class='ocrx_word' id='word_1_466' title='bbox 729 3270 825 3324; x_wconf 92' lang='lat' dir='ltr'><strong>pro</strong></span> <span class='ocrx_word' id='word_1_467' title='bbox 859 3256 1013 3309; x_wconf 87' lang='lat' dir='ltr'><strong>nobis</strong></span> <span class='ocrx_word' id='word_1_468' title='bbox 1049 3257 1333 3308; x_wconf 86' lang='lat' dir='ltr'><strong>immolato</strong></span> <span class='ocrx_word' id='word_1_469' title='bbox 1394 3271 1492 3309; x_wconf 89' lang='lat' dir='ltr'><strong>nos</strong></span> <span class='ocrx_word' id='word_1_470' title='bbox 1525 3256 1671 3324; x_wconf 83' lang='lat' dir='ltr'><strong>ipsos</strong></span> <span class='ocrx_word' id='word_1_471' title='bbox 1707 3256 1941 3309; x_wconf 85' lang='lat' dir='ltr'><strong>hostiam</strong></span> 
     </span>
    </p>
   </div>
   <div class='ocr_carea' id='block_1_65' title="bbox 362 3344 1946 3413">
    <p class='ocr_par' dir='ltr' id='par_1_65' title="bbox 362 3344 1946 3413">
     <span class='ocr_line' id='line_1_65' title="bbox 362 3344 1946 3413; baseline -0.002 -13"><span class='ocrx_word' id='word_1_472' title='bbox 362 3350 629 3400; x_wconf 68' lang='lat' dir='ltr'><strong>virentem</strong></span> <span class='ocrx_word' id='word_1_473' title='bbox 671 3344 965 3399; x_wconf 74' lang='lat' dir='ltr'><strong>oneramus</strong></span> <span class='ocrx_word' id='word_1_474' title='bbox 995 3345 1045 3397; x_wconf 89' lang='lat' dir='ltr'><strong>ci</strong></span> <span class='ocrx_word' id='word_1_475' title='bbox 1096 3345 1188 3413; x_wconf 91' lang='lat' dir='ltr'><strong>qui</strong></span> <span class='ocrx_word' id='word_1_476' title='bbox 1220 3344 1377 3397; x_wconf 88' lang='lat' dir='ltr'><strong>nobis</strong></span> <span class='ocrx_word' id='word_1_477' title='bbox 1410 3348 1764 3413; x_wconf 70' lang='lat' dir='ltr'><strong>semetipsum</strong></span> <span class='ocrx_word' id='word_1_478' title='bbox 1798 3346 1946 3400; x_wconf 86' lang='lat' dir='ltr'><strong>dedit</strong></span> 
     </span>
    </p>
   </div>
   <div class='ocr_carea' id='block_1_66' title="bbox 364 3439 1940 3509">
    <p class='ocr_par' dir='ltr' id='par_1_66' title="bbox 364 3439 1940 3509">
     <span class='ocr_line' id='line_1_66' title="bbox 364 3439 1940 3509; baseline 0 -16"><span class='ocrx_word' id='word_1_479' title='bbox 364 3457 467 3495; x_wconf 85' lang='lat' dir='ltr'><strong>nos</strong></span> <span class='ocrx_word' id='word_1_480' title='bbox 497 3449 639 3492; x_wconf 84' lang='lat' dir='ltr'><strong>totos</strong></span> <span class='ocrx_word' id='word_1_481' title='bbox 673 3439 1050 3501; x_wconf 66' lang='lat' dir='ltr'><strong>cxltibcamus,</strong></span> <span class='ocrx_word' id='word_1_482' title='bbox 1120 3440 1529 3491; x_wconf 81' lang='lat' dir='ltr'><strong>committamus</strong></span> <span class='ocrx_word' id='word_1_483' title='bbox 1590 3455 1689 3491; x_wconf 87' lang='lat' dir='ltr'><strong>nos</strong></span> <span class='ocrx_word' id='word_1_484' title='bbox 1758 3441 1803 3492; x_wconf 88' lang='lat' dir='ltr'><strong>ci</strong></span> <span class='ocrx_word' id='word_1_485' title='bbox 1850 3440 1940 3509; x_wconf 86' lang='lat' dir='ltr'><strong>qui</strong></span> 
     </span>
    </p>
   </div>
   <div class='ocr_carea' id='block_1_67' title="bbox 364 3528 1943 3596">
    <p class='ocr_par' dir='ltr' id='par_1_67' title="bbox 364 3528 1943 3596">
     <span class='ocr_line' id='line_1_67' title="bbox 364 3528 1943 3596; baseline 0.002 -15"><span class='ocrx_word' id='word_1_486' title='bbox 364 3534 599 3581; x_wconf 80' lang='lat' dir='ltr'><strong>animam</strong></span> <span class='ocrx_word' id='word_1_487' title='bbox 633 3544 785 3581; x_wconf 84' lang='lat' dir='ltr'><strong>suam</strong></span> <span class='ocrx_word' id='word_1_488' title='bbox 814 3544 909 3595; x_wconf 88' lang='lat' dir='ltr'><strong>pro</strong></span> <span class='ocrx_word' id='word_1_489' title='bbox 941 3528 1097 3580; x_wconf 90' lang='lat' dir='ltr'><strong>nobis</strong></span> <span class='ocrx_word' id='word_1_490' title='bbox 1131 3528 1331 3596; x_wconf 83' lang='lat' dir='ltr'><strong>posuit,</strong></span> <span class='ocrx_word' id='word_1_491' title='bbox 1361 3542 1413 3580; x_wconf 90' lang='lat' dir='ltr'><strong>et</strong></span> <span class='ocrx_word' id='word_1_492' title='bbox 1443 3528 1496 3580; x_wconf 91' lang='lat' dir='ltr'><strong>in</strong></span> <span class='ocrx_word' id='word_1_493' title='bbox 1528 3528 1705 3581; x_wconf 90' lang='lat' dir='ltr'><strong>cibum</strong></span> <span class='ocrx_word' id='word_1_494' title='bbox 1740 3538 1943 3584; x_wconf 72' lang='lat' dir='ltr'><strong>Somet-</strong></span> 
     </span>
    </p>
   </div>
   <div class='ocr_carea' id='block_1_68' title="bbox 367 3620 1945 3692">
    <p class='ocr_par' dir='ltr' id='par_1_68' title="bbox 367 3620 1945 3692">
     <span class='ocr_line' id='line_1_68' title="bbox 367 3620 1945 3692; baseline 0.001 -18"><span class='ocrx_word' id='word_1_495' title='bbox 367 3626 543 3689; x_wconf 81' lang='lat' dir='ltr'><strong>ipsnm</strong></span> <span class='ocrx_word' id='word_1_496' title='bbox 570 3622 791 3675; x_wconf 80' lang='lat' dir='ltr'><strong>donavit</strong></span> <span class='ocrx_word' id='word_1_497' title='bbox 816 3635 834 3686; x_wconf 82' lang='grc'><strong>;</strong></span> <span class='ocrx_word' id='word_1_498' title='bbox 863 3620 952 3688; x_wconf 85' lang='lat' dir='ltr'><strong>qui</strong></span> <span class='ocrx_word' id='word_1_499' title='bbox 987 3622 1144 3673; x_wconf 88' lang='lat' dir='ltr'><strong>nobis</strong></span> <span class='ocrx_word' id='word_1_500' title='bbox 1183 3621 1434 3687; x_wconf 85' lang='lat' dir='ltr'><strong>providet</strong></span> <span class='ocrx_word' id='word_1_501' title='bbox 1502 3637 1711 3691; x_wconf 89' lang='lat' dir='ltr'><strong>nosque</strong></span> <span class='ocrx_word' id='word_1_502' title='bbox 1769 3624 1945 3692; x_wconf 79' lang='lat' dir='ltr'><strong>diligit</strong></span> 
     </span>
    </p>
   </div>
   <div class='ocr_carea' id='block_1_69' title="bbox 364 3714 1944 3784">
    <p class='ocr_par' dir='ltr' id='par_1_69' title="bbox 364 3714 1944 3784">
     <span class='ocr_line' id='line_1_69' title="bbox 364 3714 1944 3784; baseline 0.001 -16"><span class='ocrx_word' id='word_1_503' title='bbox 364 3730 580 3784; x_wconf 80' lang='lat' dir='ltr'><strong>scinpcr</strong></span> <span class='ocrx_word' id='word_1_504' title='bbox 606 3714 877 3768; x_wconf 86' lang='lat' dir='ltr'><strong>sollicitus</strong></span> <span class='ocrx_word' id='word_1_505' title='bbox 901 3728 1228 3782; x_wconf 76' lang='lat' dir='ltr'><strong>semperque</strong></span> <span class='ocrx_word' id='word_1_506' title='bbox 1252 3714 1469 3767; x_wconf 89' lang='lat' dir='ltr'><strong>salvans</strong></span> <span class='ocrx_word' id='word_1_507' title='bbox 1495 3723 1549 3768; x_wconf 89' lang='lat' dir='ltr'><strong>et</strong></span> <span class='ocrx_word' id='word_1_508' title='bbox 1606 3716 1758 3770; x_wconf 87' lang='lat' dir='ltr'><strong>solus</strong></span> <span class='ocrx_word' id='word_1_509' title='bbox 1823 3715 1944 3770; x_wconf 86' lang='lat' dir='ltr'><strong>Sal-</strong></span> 
     </span>
    </p>
   </div>
   <div class='ocr_carea' id='block_1_70' title="bbox 364 3805 1945 3877">
    <p class='ocr_par' dir='ltr' id='par_1_70' title="bbox 364 3805 1945 3877">
     <span class='ocr_line' id='line_1_70' title="bbox 364 3805 1945 3877; baseline 0.004 -20"><span class='ocrx_word' id='word_1_510' title='bbox 364 3823 535 3870; x_wconf 77' lang='lat' dir='ltr'><strong>vator,</strong></span> <span class='ocrx_word' id='word_1_511' title='bbox 567 3806 823 3877; x_wconf 89' lang='lat' dir='ltr'><strong>quoniam</strong></span> <span class='ocrx_word' id='word_1_512' title='bbox 854 3807 1061 3874; x_wconf 89' lang='lat' dir='ltr'><strong>absque</strong></span> <span class='ocrx_word' id='word_1_513' title='bbox 1099 3805 1187 3859; x_wconf 90' lang='lat' dir='ltr'><strong>illo</strong></span> <span class='ocrx_word' id='word_1_514' title='bbox 1215 3822 1320 3858; x_wconf 88' lang='lat' dir='ltr'><strong>non</strong></span> <span class='ocrx_word' id='word_1_515' title='bbox 1361 3822 1650 3874; x_wconf 79' lang='lat' dir='ltr'><strong>possumus</strong></span> <span class='ocrx_word' id='word_1_516' title='bbox 1677 3822 1821 3873; x_wconf 87' lang='lat' dir='ltr'><strong>esse,</strong></span> <span class='ocrx_word' id='word_1_517' title='bbox 1846 3823 1945 3863; x_wconf 88' lang='lat' dir='ltr'><strong>nec</strong></span> 
     </span>
    </p>
   </div>
   <div class='ocr_carea' id='block_1_71' title="bbox 364 3896 1946 3967">
    <p class='ocr_par' dir='ltr' id='par_1_71' title="bbox 364 3896 1946 3967">
     <span class='ocr_line' id='line_1_71' title="bbox 364 3896 1946 3967; baseline 0.002 -18"><span class='ocrx_word' id='word_1_518' title='bbox 364 3914 564 3964; x_wconf 65' lang='lat' dir='ltr'><strong>Vivere,</strong></span> <span class='ocrx_word' id='word_1_519' title='bbox 600 3912 698 3951; x_wconf 89' lang='lat' dir='ltr'><strong>nec</strong></span> <span class='ocrx_word' id='word_1_520' title='bbox 731 3898 974 3965; x_wconf 78' lang='lat' dir='ltr'><strong>cogitare</strong></span> <span class='ocrx_word' id='word_1_521' title='bbox 1008 3912 1103 3950; x_wconf 87' lang='lat' dir='ltr'><strong>nec</strong></span> <span class='ocrx_word' id='word_1_522' title='bbox 1139 3896 1437 3964; x_wconf 87' lang='lat' dir='ltr'><strong>quidquam</strong></span> <span class='ocrx_word' id='word_1_523' title='bbox 1504 3912 1731 3965; x_wconf 83' lang='lat' dir='ltr'><strong>prorsus</strong></span> <span class='ocrx_word' id='word_1_524' title='bbox 1797 3901 1946 3967; x_wconf 81' lang='lat' dir='ltr'><strong>cogi-</strong></span> 
     </span>
    </p>
   </div>
   <div class='ocr_carea' id='block_1_72' title="bbox 366 3990 1945 4060">
    <p class='ocr_par' dir='ltr' id='par_1_72' title="bbox 366 3990 1945 4060">
     <span class='ocr_line' id='line_1_72' title="bbox 366 3990 1945 4060; baseline 0.003 -19"><span class='ocrx_word' id='word_1_525' title='bbox 366 4005 501 4055; x_wconf 80' lang='lat' dir='ltr'><strong>tare,</strong></span> <span class='ocrx_word' id='word_1_526' title='bbox 533 3991 579 4043; x_wconf 82' lang='lat' dir='ltr'><strong>ci</strong></span> <span class='ocrx_word' id='word_1_527' title='bbox 606 4002 783 4043; x_wconf 82' lang='lat' dir='ltr'><strong>autem</strong></span> <span class='ocrx_word' id='word_1_528' title='bbox 823 3991 1205 4044; x_wconf 84' lang='lat' dir='ltr'><strong>commendata</strong></span> <span class='ocrx_word' id='word_1_529' title='bbox 1242 4004 1403 4043; x_wconf 88' lang='lat' dir='ltr'><strong>nemo</strong></span> <span class='ocrx_word' id='word_1_530' title='bbox 1434 3999 1612 4057; x_wconf 83' lang='lat' dir='ltr'><strong>potest</strong></span> <span class='ocrx_word' id='word_1_531' title='bbox 1638 3990 1847 4060; x_wconf 82' lang='lat' dir='ltr'><strong>eripere</strong></span> <span class='ocrx_word' id='word_1_532' title='bbox 1880 3992 1945 4046; x_wconf 88' lang='lat' dir='ltr'><strong>de</strong></span> 
     </span>
    </p>
   </div>
   <div class='ocr_carea' id='block_1_73' title="bbox 366 4081 1946 4150">
    <p class='ocr_par' dir='ltr' id='par_1_73' title="bbox 366 4081 1946 4150">
     <span class='ocr_line' id='line_1_73' title="bbox 366 4081 1946 4150; baseline 0.001 -15"><span class='ocrx_word' id='word_1_533' title='bbox 366 4083 617 4136; x_wconf 85' lang='lat' dir='ltr'><strong>inanibus</strong></span> <span class='ocrx_word' id='word_1_534' title='bbox 642 4081 822 4137; x_wconf 86' lang='lat' dir='ltr'><strong>Patris</strong></span> <span class='ocrx_word' id='word_1_535' title='bbox 852 4082 971 4150; x_wconf 87' lang='lat' dir='ltr'><strong>ejus</strong></span> <span class='ocrx_word' id='word_1_536' title='bbox 1001 4097 1018 4147; x_wconf 85' lang='lat'><strong>;</strong></span> <span class='ocrx_word' id='word_1_537' title='bbox 1053 4096 1245 4134; x_wconf 87' lang='lat' dir='ltr'><strong>manus</strong></span> <span class='ocrx_word' id='word_1_538' title='bbox 1281 4096 1409 4135; x_wconf 87' lang='lat' dir='ltr'><strong>vero</strong></span> <span class='ocrx_word' id='word_1_539' title='bbox 1458 4092 1585 4135; x_wconf 90' lang='lat' dir='ltr'><strong>sunt</strong></span> <span class='ocrx_word' id='word_1_540' title='bbox 1615 4082 1792 4149; x_wconf 91' lang='lat' dir='ltr'><strong>ipsum</strong></span> <span class='ocrx_word' id='word_1_541' title='bbox 1822 4082 1946 4136; x_wconf 86' lang='lat' dir='ltr'><strong>bra-</strong></span> 
     </span>
    </p>
   </div>
   <div class='ocr_carea' id='block_1_74' title="bbox 280 4174 1944 4245">
    <p class='ocr_par' dir='ltr' id='par_1_74' title="bbox 280 4174 1944 4245">
     <span class='ocr_line' id='line_1_74' title="bbox 280 4174 1944 4245; baseline 0.001 -17"><span class='ocrx_word' id='word_1_542' title='bbox 280 4225 301 4245; x_wconf 70' lang='grc'>,</span> <span class='ocrx_word' id='word_1_543' title='bbox 364 4176 545 4229; x_wconf 84' lang='lat' dir='ltr'><strong>cbiuin</strong></span> <span class='ocrx_word' id='word_1_544' title='bbox 581 4176 697 4243; x_wconf 79' lang='lat' dir='ltr'><strong>ejus</strong></span> <span class='ocrx_word' id='word_1_545' title='bbox 721 4184 773 4226; x_wconf 85' lang='lat' dir='ltr'><strong>ct</strong></span> <span class='ocrx_word' id='word_1_546' title='bbox 826 4180 1046 4227; x_wconf 83' lang='lat' dir='ltr'><strong>sanctus</strong></span> <span class='ocrx_word' id='word_1_547' title='bbox 1109 4174 1385 4242; x_wconf 78' lang='lat' dir='ltr'><strong>Spiritus;</strong></span> <span class='ocrx_word' id='word_1_548' title='bbox 1413 4187 1481 4226; x_wconf 88' lang='lat' dir='ltr'><strong>en</strong></span> <span class='ocrx_word' id='word_1_549' title='bbox 1515 4174 1944 4242; x_wconf 74' lang='lat' dir='ltr'><strong>intelligentibns</strong></span> 
     </span>
    </p>
   </div>
   <div class='ocr_carea' id='block_1_75' title="bbox 367 4264 1943 4335">
    <p class='ocr_par' dir='ltr' id='par_1_75' title="bbox 367 4264 1943 4335">
     <span class='ocr_line' id='line_1_75' title="bbox 367 4264 1943 4335; baseline 0.001 -16"><span class='ocrx_word' id='word_1_550' title='bbox 367 4268 586 4320; x_wconf 76' lang='lat' dir='ltr'><strong>maximi</strong></span> <span class='ocrx_word' id='word_1_551' title='bbox 627 4266 989 4335; x_wconf 86' lang='lat' dir='ltr'><strong>omnibusque</strong></span> <span class='ocrx_word' id='word_1_552' title='bbox 1017 4273 1336 4333; x_wconf 64' lang='lat' dir='ltr'><strong>praestantes</strong></span> <span class='ocrx_word' id='word_1_553' title='bbox 1399 4266 1628 4320; x_wconf 78' lang='lat' dir='ltr'><strong>fructus.</strong></span> <span class='ocrx_word' id='word_1_554' title='bbox 1697 4264 1943 4335; x_wconf 60' lang='lat' dir='ltr'><strong>Quapro-</strong></span> 
     </span>
    </p>
   </div>
   <div class='ocr_carea' id='block_1_76' title="bbox 367 4353 1941 4430">
    <p class='ocr_par' dir='ltr' id='par_1_76' title="bbox 367 4353 1941 4430">
     <span class='ocr_line' id='line_1_76' title="bbox 367 4353 1941 4430; baseline 0.003 -18"><span class='ocrx_word' id='word_1_555' title='bbox 367 4374 482 4430; x_wconf 81' lang='lat' dir='ltr'><strong>pter</strong></span> <span class='ocrx_word' id='word_1_556' title='bbox 506 4365 558 4414; x_wconf 91' lang='lat' dir='ltr'><strong>in</strong></span> <span class='ocrx_word' id='word_1_557' title='bbox 586 4361 707 4412; x_wconf 87' lang='lat' dir='ltr'><strong>aliis</strong></span> <span class='ocrx_word' id='word_1_558' title='bbox 742 4353 933 4413; x_wconf 76' lang='lat' dir='ltr'><strong>olliciis</strong></span> <span class='ocrx_word' id='word_1_559' title='bbox 958 4368 1196 4413; x_wconf 86' lang='lat' dir='ltr'><strong>astantes</strong></span> <span class='ocrx_word' id='word_1_560' title='bbox 1250 4361 1593 4414; x_wconf 87' lang='lat' dir='ltr'><strong>solummodo</strong></span> <span class='ocrx_word' id='word_1_561' title='bbox 1657 4361 1895 4415; x_wconf 90' lang='lat' dir='ltr'><strong>clamant</strong></span> <span class='ocrx_word' id='word_1_562' title='bbox 1926 4380 1941 4416; x_wconf 86' lang='lat'><strong>:</strong></span> 
     </span>
    </p>
   </div>
   <div class='ocr_carea' id='block_1_77' title="bbox 372 4452 1946 4523">
    <p class='ocr_par' dir='ltr' id='par_1_77' title="bbox 372 4452 1946 4523">
     <span class='ocr_line' id='line_1_77' title="bbox 372 4452 1946 4523; baseline 0.002 -19"><span class='ocrx_word' id='word_1_563' title='bbox 372 4474 389 4504; x_wconf 81' lang='grc' dir='ltr'><strong>ι</strong></span> <span class='ocrx_word' id='word_1_564' title='bbox 424 4454 586 4523; x_wconf 76' lang='lat' dir='ltr'><strong>Kyrie</strong></span> <span class='ocrx_word' id='word_1_565' title='bbox 620 4452 845 4515; x_wconf 82' lang='lat' dir='ltr'><strong>elcison,</strong></span> <span class='ocrx_word' id='word_1_566' title='bbox 882 4469 901 4501; x_wconf 75' lang='grc' dir='ltr'><strong>ι</strong></span> <span class='ocrx_word' id='word_1_567' title='bbox 941 4452 1174 4505; x_wconf 86' lang='lat' dir='ltr'><strong>divinam</strong></span> <span class='ocrx_word' id='word_1_568' title='bbox 1232 4452 1583 4520; x_wconf 87' lang='lat' dir='ltr'><strong>implorantes</strong></span> <span class='ocrx_word' id='word_1_569' title='bbox 1635 4454 1946 4509; x_wconf 84' lang='lat' dir='ltr'><strong>misericor-</strong></span> 
     </span>
    </p>
   </div>
   <div class='ocr_carea' id='block_1_78' title="bbox 368 4543 954 4611">
    <p class='ocr_par' dir='ltr' id='par_1_78' title="bbox 368 4543 954 4611">
     <span class='ocr_line' id='line_1_78' title="bbox 368 4543 954 4611; baseline -0.007 -12"><span class='ocrx_word' id='word_1_570' title='bbox 368 4547 509 4599; x_wconf 82' lang='lat' dir='ltr'><strong>diam</strong></span> <span class='ocrx_word' id='word_1_571' title='bbox 542 4561 557 4611; x_wconf 85' lang='grc'><strong>;</strong></span> <span class='ocrx_word' id='word_1_572' title='bbox 591 4543 677 4597; x_wconf 87' lang='lat' dir='ltr'><strong>hic</strong></span> <span class='ocrx_word' id='word_1_573' title='bbox 726 4553 904 4596; x_wconf 83' lang='lat' dir='ltr'><strong>autem</strong></span> <span class='ocrx_word' id='word_1_574' title='bbox 941 4558 954 4595; x_wconf 89' lang='lat'><strong>:</strong></span> 
     </span>
    </p>
   </div>
   <div class='ocr_carea' id='block_1_79' title="bbox 368 4635 1947 4705">
    <p class='ocr_par' dir='ltr' id='par_1_79' title="bbox 368 4635 1947 4705">
     <span class='ocr_line' id='line_1_79' title="bbox 368 4635 1947 4705; baseline 0.002 -14"><span class='ocrx_word' id='word_1_575' title='bbox 368 4647 451 4691; x_wconf 79' lang='lat' dir='ltr'><strong>est</strong></span> <span class='ocrx_word' id='word_1_576' title='bbox 484 4655 498 4691; x_wconf 88' lang='lat'>:</span> <span class='ocrx_word' id='word_1_577' title='bbox 542 4636 661 4689; x_wconf 90' lang='lat' dir='ltr'><strong>&#39;libi</strong></span> <span class='ocrx_word' id='word_1_578' title='bbox 693 4652 792 4690; x_wconf 88' lang='lat' dir='ltr'><strong>nos</strong></span> <span class='ocrx_word' id='word_1_579' title='bbox 819 4635 969 4705; x_wconf 86' lang='lat' dir='ltr'><strong>ipsos</strong></span> <span class='ocrx_word' id='word_1_580' title='bbox 1018 4636 1487 4700; x_wconf 84' lang='lat' dir='ltr'><strong>commendamus,</strong></span> <span class='ocrx_word' id='word_1_581' title='bbox 1513 4636 1731 4694; x_wconf 87' lang='lat' dir='ltr'><strong>Christe</strong></span> <span class='ocrx_word' id='word_1_582' title='bbox 1782 4641 1947 4694; x_wconf 86' lang='lat' dir='ltr'><strong>Deus.</strong></span> 
     </span>
    </p>
   </div>
   <div class='ocr_carea' id='block_1_80' title="bbox 371 4728 1950 4786">
    <p class='ocr_par' dir='ltr' id='par_1_80' title="bbox 371 4728 1950 4786">
     <span class='ocr_line' id='line_1_80' title="bbox 371 4728 1950 4786; baseline 0.003 -4"><span class='ocrx_word' id='word_1_583' title='bbox 371 4730 495 4783; x_wconf 70' lang='lat' dir='ltr'><strong>llaec</strong></span> <span class='ocrx_word' id='word_1_584' title='bbox 527 4740 611 4784; x_wconf 89' lang='lat' dir='ltr'><strong>est</strong></span> <span class='ocrx_word' id='word_1_585' title='bbox 664 4728 1067 4783; x_wconf 85' lang='lat' dir='ltr'><strong>commendatio</strong></span> <span class='ocrx_word' id='word_1_586' title='bbox 1121 4730 1355 4782; x_wconf 79' lang='lat' dir='ltr'><strong>maxime</strong></span> <span class='ocrx_word' id='word_1_587' title='bbox 1403 4731 1716 4786; x_wconf 89' lang='lat' dir='ltr'><strong>necessario</strong></span> <span class='ocrx_word' id='word_1_588' title='bbox 1770 4732 1950 4786; x_wconf 87' lang='lat' dir='ltr'><strong>verbis</strong></span> 
     </span>
    </p>
   </div>
   <div class='ocr_carea' id='block_1_81' title="bbox 370 4821 1948 4894">
    <p class='ocr_par' dir='ltr' id='par_1_81' title="bbox 370 4821 1948 4894">
     <span class='ocr_line' id='line_1_81' title="bbox 370 4821 1948 4894; baseline 0.001 -19"><span class='ocrx_word' id='word_1_589' title='bbox 370 4822 667 4894; x_wconf 79' lang='lat' dir='ltr'><strong>proﬁtenda</strong></span> <span class='ocrx_word' id='word_1_590' title='bbox 696 4838 711 4888; x_wconf 88' lang='lat'>;</span> <span class='ocrx_word' id='word_1_591' title='bbox 748 4835 872 4873; x_wconf 88' lang='lat' dir='ltr'><strong>nam</strong></span> <span class='ocrx_word' id='word_1_592' title='bbox 898 4833 1099 4874; x_wconf 84' lang='lat' dir='ltr'><strong>rectam</strong></span> <span class='ocrx_word' id='word_1_593' title='bbox 1136 4821 1187 4875; x_wconf 91' lang='lat' dir='ltr'><strong>in</strong></span> <span class='ocrx_word' id='word_1_594' title='bbox 1216 4821 1491 4876; x_wconf 80' lang='lat' dir='ltr'><strong>Christum</strong></span> <span class='ocrx_word' id='word_1_595' title='bbox 1526 4823 1684 4877; x_wconf 84' lang='lat' dir='ltr'><strong>[idem</strong></span> <span class='ocrx_word' id='word_1_596' title='bbox 1705 4832 1948 4877; x_wconf 89' lang='lat' dir='ltr'><strong>nostram</strong></span> 
     </span>
    </p>
   </div>
   <div class='ocr_carea' id='block_1_82' title="bbox 370 4911 1947 4986">
    <p class='ocr_par' dir='ltr' id='par_1_82' title="bbox 370 4911 1947 4986">
     <span class='ocr_line' id='line_1_82' title="bbox 370 4911 1947 4986; baseline -0.001 -19"><span class='ocrx_word' id='word_1_597' title='bbox 370 4924 752 4981; x_wconf 79' lang='lat' dir='ltr'><strong>acceptamque</strong></span> <span class='ocrx_word' id='word_1_598' title='bbox 779 4912 941 4965; x_wconf 84' lang='lat' dir='ltr'><strong>eilicit</strong></span> <span class='ocrx_word' id='word_1_599' title='bbox 972 4912 1300 4966; x_wconf 86' lang='lat' dir='ltr'><strong>oblationem</strong></span> <span class='ocrx_word' id='word_1_600' title='bbox 1351 4911 1399 4968; x_wconf 81' lang='lat' dir='ltr'><strong>ei</strong></span> <span class='ocrx_word' id='word_1_601' title='bbox 1451 4929 1517 4967; x_wconf 83' lang='lat' dir='ltr'><strong>ex</strong></span> <span class='ocrx_word' id='word_1_602' title='bbox 1575 4912 1679 4968; x_wconf 78' lang='lat' dir='ltr'><strong>[ide</strong></span> <span class='ocrx_word' id='word_1_603' title='bbox 1728 4914 1947 4986; x_wconf 69' lang='lat' dir='ltr'><strong>faetain,</strong></span> 
     </span>
    </p>
   </div>
   <div class='ocr_carea' id='block_1_83' title="bbox 371 5002 1949 5072">
    <p class='ocr_par' dir='ltr' id='par_1_83' title="bbox 371 5002 1949 5072">
     <span class='ocr_line' id='line_1_83' title="bbox 371 5002 1949 5072; baseline 0.001 -15"><span class='ocrx_word' id='word_1_604' title='bbox 371 5018 469 5057; x_wconf 86' lang='lat' dir='ltr'><strong>nos</strong></span> <span class='ocrx_word' id='word_1_605' title='bbox 502 5003 608 5057; x_wconf 76' lang='lat' dir='ltr'><strong>Dee</strong></span> <span class='ocrx_word' id='word_1_606' title='bbox 627 5004 847 5066; x_wconf 83' lang='lat' dir='ltr'><strong>adunat,</strong></span> <span class='ocrx_word' id='word_1_607' title='bbox 877 5016 1033 5070; x_wconf 86' lang='lat' dir='ltr'><strong>opem</strong></span> <span class='ocrx_word' id='word_1_608' title='bbox 1068 5002 1183 5071; x_wconf 88' lang='lat' dir='ltr'><strong>ejus</strong></span> <span class='ocrx_word' id='word_1_609' title='bbox 1235 5006 1612 5072; x_wconf 83' lang='lat' dir='ltr'><strong>consequitur,</strong></span> <span class='ocrx_word' id='word_1_610' title='bbox 1669 5006 1949 5060; x_wconf 79' lang='lat' dir='ltr'><strong>sanctissi-</strong></span> 
     </span>
    </p>
   </div>
   <div class='ocr_carea' id='block_1_84' title="bbox 373 5094 1948 5164">
    <p class='ocr_par' dir='ltr' id='par_1_84' title="bbox 373 5094 1948 5164">
     <span class='ocr_line' id='line_1_84' title="bbox 373 5094 1948 5164; baseline 0.003 -16"><span class='ocrx_word' id='word_1_611' title='bbox 373 5111 473 5148; x_wconf 80' lang='lat' dir='ltr'><strong>mae</strong></span> <span class='ocrx_word' id='word_1_612' title='bbox 510 5094 670 5150; x_wconf 83' lang='lat' dir='ltr'><strong>Verbi</strong></span> <span class='ocrx_word' id='word_1_613' title='bbox 695 5094 960 5149; x_wconf 75' lang='lat' dir='ltr'><strong>Genitrici</strong></span> <span class='ocrx_word' id='word_1_614' title='bbox 989 5095 1305 5164; x_wconf 82' lang='lat' dir='ltr'><strong>sanctisque</strong></span> <span class='ocrx_word' id='word_1_615' title='bbox 1355 5097 1659 5164; x_wconf 72' lang='lat' dir='ltr'><strong>coniungit,</strong></span> <span class='ocrx_word' id='word_1_616' title='bbox 1690 5098 1948 5153; x_wconf 87' lang='lat' dir='ltr'><strong>interces-</strong></span> 
     </span>
    </p>
   </div>
   <div class='ocr_carea' id='block_1_85' title="bbox 372 5184 1945 5255">
    <p class='ocr_par' dir='ltr' id='par_1_85' title="bbox 372 5184 1945 5255">
     <span class='ocr_line' id='line_1_85' title="bbox 372 5184 1945 5255; baseline 0.002 -14"><span class='ocrx_word' id='word_1_617' title='bbox 372 5186 581 5241; x_wconf 85' lang='lat' dir='ltr'><strong>sionem</strong></span> <span class='ocrx_word' id='word_1_618' title='bbox 607 5202 793 5242; x_wconf 84' lang='lat' dir='ltr'><strong>eoruut</strong></span> <span class='ocrx_word' id='word_1_619' title='bbox 817 5184 1092 5239; x_wconf 76' lang='lat' dir='ltr'><strong>efﬁcacem</strong></span> <span class='ocrx_word' id='word_1_620' title='bbox 1118 5185 1247 5239; x_wconf 80' lang='lat' dir='ltr'><strong>facit</strong></span> <span class='ocrx_word' id='word_1_621' title='bbox 1279 5202 1373 5255; x_wconf 67' lang='lat' dir='ltr'><strong>pro</strong></span> <span class='ocrx_word' id='word_1_622' title='bbox 1404 5188 1582 5242; x_wconf 91' lang='lat' dir='ltr'><strong>nobis.</strong></span> <span class='ocrx_word' id='word_1_623' title='bbox 1613 5188 1761 5242; x_wconf 84' lang='lat' dir='ltr'><strong>llanc</strong></span> <span class='ocrx_word' id='word_1_624' title='bbox 1784 5190 1945 5243; x_wconf 82' lang='lat' dir='ltr'><strong>etiam</strong></span> 
     </span>
    </p>
   </div>
   <div class='ocr_carea' id='block_1_86' title="bbox 376 5274 1947 5355">
    <p class='ocr_par' dir='ltr' id='par_1_86' title="bbox 376 5274 1947 5355">
     <span class='ocr_line' id='line_1_86' title="bbox 376 5274 1947 5355; baseline 0.002 -27"><span class='ocrx_word' id='word_1_625' title='bbox 376 5277 611 5329; x_wconf 75' lang='lat' dir='ltr'><strong>niaxime</strong></span> <span class='ocrx_word' id='word_1_626' title='bbox 643 5276 952 5355; x_wconf 72' lang='lat' dir='ltr'><strong>necessario</strong></span> <span class='ocrx_word' id='word_1_627' title='bbox 1010 5274 1274 5337; x_wconf 77' lang='lat' dir='ltr'><strong>debemus</strong></span> <span class='ocrx_word' id='word_1_628' title='bbox 1333 5276 1591 5345; x_wconf 88' lang='lat' dir='ltr'><strong>operibus</strong></span> <span class='ocrx_word' id='word_1_629' title='bbox 1652 5279 1947 5346; x_wconf 81' lang='lat' dir='ltr'><strong>perlicere;</strong></span> 
     </span>
    </p>
   </div>
   <div class='ocr_carea' id='block_1_87' title="bbox 374 5366 1949 5437">
    <p class='ocr_par' dir='ltr' id='par_1_87' title="bbox 374 5366 1949 5437">
     <span class='ocr_line' id='line_1_87' title="bbox 374 5366 1949 5437; baseline 0.001 -16"><span class='ocrx_word' id='word_1_630' title='bbox 374 5371 634 5436; x_wconf 62' lang='lat' dir='ltr'><strong>cpe-ribus</strong></span> <span class='ocrx_word' id='word_1_631' title='bbox 660 5378 840 5421; x_wconf 87' lang='lat' dir='ltr'><strong>autem</strong></span> <span class='ocrx_word' id='word_1_632' title='bbox 867 5366 1212 5437; x_wconf 84' lang='lat' dir='ltr'><strong>perﬁciemus</strong></span> <span class='ocrx_word' id='word_1_633' title='bbox 1241 5368 1285 5420; x_wconf 88' lang='lat' dir='ltr'><strong>si</strong></span> <span class='ocrx_word' id='word_1_634' title='bbox 1335 5380 1479 5422; x_wconf 85' lang='lat' dir='ltr'><strong>recte</strong></span> <span class='ocrx_word' id='word_1_635' title='bbox 1534 5368 1844 5435; x_wconf 88' lang='lat' dir='ltr'><strong>credamus,</strong></span> <span class='ocrx_word' id='word_1_636' title='bbox 1904 5370 1949 5423; x_wconf 89' lang='lat' dir='ltr'><strong>si</strong></span> 
     </span>
    </p>
   </div>
   <div class='ocr_carea' id='block_1_88' title="bbox 375 5458 1949 5527">
    <p class='ocr_par' dir='ltr' id='par_1_88' title="bbox 375 5458 1949 5527">
     <span class='ocr_line' id='line_1_88' title="bbox 375 5458 1949 5527; baseline 0.002 -18"><span class='ocrx_word' id='word_1_637' title='bbox 375 5460 687 5512; x_wconf 78' lang='lat' dir='ltr'><strong>Christiane</strong></span> <span class='ocrx_word' id='word_1_638' title='bbox 719 5460 965 5511; x_wconf 81' lang='lat' dir='ltr'><strong>vivamus</strong></span> <span class='ocrx_word' id='word_1_639' title='bbox 997 5458 1050 5510; x_wconf 89' lang='lat' dir='ltr'><strong>in</strong></span> <span class='ocrx_word' id='word_1_640' title='bbox 1111 5458 1367 5526; x_wconf 87' lang='lat' dir='ltr'><strong>puritate,</strong></span> <span class='ocrx_word' id='word_1_641' title='bbox 1404 5460 1455 5511; x_wconf 92' lang='lat' dir='ltr'><strong>in</strong></span> <span class='ocrx_word' id='word_1_642' title='bbox 1488 5461 1715 5514; x_wconf 88' lang='lat' dir='ltr'><strong>veritate</strong></span> <span class='ocrx_word' id='word_1_643' title='bbox 1752 5470 1806 5513; x_wconf 89' lang='lat' dir='ltr'><strong>et</strong></span> <span class='ocrx_word' id='word_1_644' title='bbox 1862 5460 1949 5527; x_wconf 86' lang='lat' dir='ltr'><strong>ju-</strong></span> 
     </span>
    </p>
   </div>
   <div class='ocr_carea' id='block_1_89' title="bbox 376 5550 1953 5618">
    <p class='ocr_par' dir='ltr' id='par_1_89' title="bbox 376 5550 1953 5618">
     <span class='ocr_line' id='line_1_89' title="bbox 376 5550 1953 5618; baseline 0 -13"><span class='ocrx_word' id='word_1_645' title='bbox 376 5553 551 5617; x_wconf 67' lang='lat' dir='ltr'><strong>Slllia;</strong></span> <span class='ocrx_word' id='word_1_646' title='bbox 585 5551 629 5603; x_wconf 90' lang='lat' dir='ltr'><strong>si</strong></span> <span class='ocrx_word' id='word_1_647' title='bbox 664 5550 895 5604; x_wconf 81' lang='lat' dir='ltr'><strong>orationi</strong></span> <span class='ocrx_word' id='word_1_648' title='bbox 929 5563 1200 5616; x_wconf 89' lang='lat' dir='ltr'><strong>vacemus,</strong></span> <span class='ocrx_word' id='word_1_649' title='bbox 1233 5550 1491 5618; x_wconf 88' lang='lat' dir='ltr'><strong>quoniam</strong></span> <span class='ocrx_word' id='word_1_650' title='bbox 1524 5550 1633 5604; x_wconf 88' lang='lat' dir='ltr'><strong>Deo</strong></span> <span class='ocrx_word' id='word_1_651' title='bbox 1654 5552 1832 5604; x_wconf 82' lang='lat' dir='ltr'><strong>devoti</strong></span> <span class='ocrx_word' id='word_1_652' title='bbox 1864 5568 1953 5605; x_wconf 90' lang='lat' dir='ltr'><strong>su-</strong></span> 
     </span>
    </p>
   </div>
   <div class='ocr_carea' id='block_1_90' title="bbox 380 5641 1950 5712">
    <p class='ocr_par' dir='ltr' id='par_1_90' title="bbox 380 5641 1950 5712">
     <span class='ocr_line' id='line_1_90' title="bbox 380 5641 1950 5712; baseline 0.001 -17"><span class='ocrx_word' id='word_1_653' title='bbox 380 5659 519 5708; x_wconf 84' lang='lat' dir='ltr'><strong>mus,</strong></span> <span class='ocrx_word' id='word_1_654' title='bbox 548 5643 822 5712; x_wconf 61' lang='lat' dir='ltr'><strong>mysteriis</strong></span> <span class='ocrx_word' id='word_1_655' title='bbox 858 5641 1204 5705; x_wconf 87' lang='lat' dir='ltr'><strong>sanctilicati,</strong></span> <span class='ocrx_word' id='word_1_656' title='bbox 1242 5642 1588 5697; x_wconf 82' lang='lat' dir='ltr'><strong>confessione</strong></span> <span class='ocrx_word' id='word_1_657' title='bbox 1641 5643 1789 5700; x_wconf 87' lang='lat' dir='ltr'><strong>illius</strong></span> <span class='ocrx_word' id='word_1_658' title='bbox 1818 5658 1950 5697; x_wconf 81' lang='lat' dir='ltr'><strong>con-</strong></span> 
     </span>
    </p>
   </div>
   <div class='ocr_carea' id='block_1_91' title="bbox 379 5730 1953 5802">
    <p class='ocr_par' dir='ltr' id='par_1_91' title="bbox 379 5730 1953 5802">
     <span class='ocr_line' id='line_1_91' title="bbox 379 5730 1953 5802; baseline 0.001 -17"><span class='ocrx_word' id='word_1_659' title='bbox 379 5730 1058 5796; x_wconf 42' lang='lat' dir='ltr'><strong>secrati,e’teumeristo</strong></span> <span class='ocrx_word' id='word_1_660' title='bbox 1115 5733 1297 5786; x_wconf 86' lang='lat' dir='ltr'><strong>traJiti</strong></span> <span class='ocrx_word' id='word_1_661' title='bbox 1355 5733 1525 5786; x_wconf 76' lang='lat' dir='ltr'><strong>simus</strong></span> <span class='ocrx_word' id='word_1_662' title='bbox 1573 5741 1734 5802; x_wconf 87' lang='lat' dir='ltr'><strong>atque</strong></span> <span class='ocrx_word' id='word_1_663' title='bbox 1775 5732 1842 5787; x_wconf 86' lang='lat' dir='ltr'><strong>ab</strong></span> <span class='ocrx_word' id='word_1_664' title='bbox 1887 5748 1953 5787; x_wconf 86' lang='lat' dir='ltr'><strong>co</strong></span> 
     </span>
    </p>
   </div>
   <div class='ocr_carea' id='block_1_92' title="bbox 378 5823 1953 5893">
    <p class='ocr_par' dir='ltr' id='par_1_92' title="bbox 378 5823 1953 5893">
     <span class='ocr_line' id='line_1_92' title="bbox 378 5823 1953 5893; baseline 0.001 -15"><span class='ocrx_word' id='word_1_665' title='bbox 378 5823 568 5893; x_wconf 81' lang='lat' dir='ltr'><strong>empti,</strong></span> <span class='ocrx_word' id='word_1_666' title='bbox 603 5823 738 5879; x_wconf 87' lang='lat' dir='ltr'><strong>nihil</strong></span> <span class='ocrx_word' id='word_1_667' title='bbox 774 5823 921 5877; x_wconf 86' lang='lat' dir='ltr'><strong>aliud</strong></span> <span class='ocrx_word' id='word_1_668' title='bbox 986 5823 1089 5878; x_wconf 89' lang='lat' dir='ltr'><strong>nisi</strong></span> <span class='ocrx_word' id='word_1_669' title='bbox 1121 5839 1240 5892; x_wconf 71' lang='lat' dir='ltr'><strong>quae</strong></span> <span class='ocrx_word' id='word_1_670' title='bbox 1299 5833 1427 5878; x_wconf 89' lang='lat' dir='ltr'><strong>sunt</strong></span> <span class='ocrx_word' id='word_1_671' title='bbox 1474 5824 1679 5879; x_wconf 82' lang='lat' dir='ltr'><strong>Christi</strong></span> <span class='ocrx_word' id='word_1_672' title='bbox 1738 5826 1953 5888; x_wconf 85' lang='lat' dir='ltr'><strong>operari</strong></span> 
     </span>
    </p>
   </div>
   <div class='ocr_carea' id='block_1_93' title="bbox 2052 3249 3631 3329">
    <p class='ocr_par' dir='ltr' id='par_1_93' title="bbox 2052 3249 3631 3329">
     <span class='ocr_line' id='line_1_93' title="bbox 2052 3249 3631 3329; baseline 0.007 -28"><span class='ocrx_word' id='word_1_673' title='bbox 2052 3249 2230 3319; x_wconf 71' lang='grc' dir='ltr'>ψυχὰς</span> <span class='ocrx_word' id='word_1_674' title='bbox 2249 3249 2339 3301; x_wconf 76' lang='grc' dir='ltr'>καὶ</span> <span class='ocrx_word' id='word_1_675' title='bbox 2363 3250 2430 3302; x_wconf 70' lang='lat' dir='ltr'><strong>tit</strong></span> <span class='ocrx_word' id='word_1_676' title='bbox 2462 3250 2712 3321; x_wconf 82' lang='grc' dir='ltr'>σώματα,</span> <span class='ocrx_word' id='word_1_677' title='bbox 2736 3253 2970 3326; x_wconf 67' lang='grc' dir='ltr'>Χριστῷ</span> <span class='ocrx_word' id='word_1_678' title='bbox 2987 3254 3061 3322; x_wconf 83' lang='grc' dir='ltr'><strong>τῷ</strong></span> <span class='ocrx_word' id='word_1_679' title='bbox 3084 3256 3200 3325; x_wconf 80' lang='grc' dir='ltr'><strong>Θεῷ</strong></span> <span class='ocrx_word' id='word_1_680' title='bbox 3230 3258 3631 3329; x_wconf 86' lang='grc' dir='ltr'>παραθώμεθα,</span> 
     </span>
    </p>
   </div>
   <div class='ocr_carea' id='block_1_94' title="bbox 2053 3341 3635 3421">
    <p class='ocr_par' dir='ltr' id='par_1_94' title="bbox 2053 3341 3635 3421">
     <span class='ocr_line' id='line_1_94' title="bbox 2053 3341 3635 3421; baseline 0.009 -28"><span class='ocrx_word' id='word_1_681' title='bbox 2053 3341 2130 3406; x_wconf 84' lang='grc' dir='ltr'>τῷ</span> <span class='ocrx_word' id='word_1_682' title='bbox 2160 3341 2376 3394; x_wconf 82' lang='grc' dir='ltr'>τυθέντι</span> <span class='ocrx_word' id='word_1_683' title='bbox 2412 3341 2552 3412; x_wconf 81' lang='grc' dir='ltr'>ὑπὲρ</span> <span class='ocrx_word' id='word_1_684' title='bbox 2584 3343 2742 3412; x_wconf 77' lang='grc' dir='ltr'>ἡμῶν</span> <span class='ocrx_word' id='word_1_685' title='bbox 2769 3345 2995 3409; x_wconf 79' lang='grc' dir='ltr'>ἑαυτοὺς</span> <span class='ocrx_word' id='word_1_686' title='bbox 3026 3347 3214 3400; x_wconf 79' lang='grc' dir='ltr'>θυσίαν</span> <span class='ocrx_word' id='word_1_687' title='bbox 3247 3351 3429 3412; x_wconf 79' lang='grc' dir='ltr'>ζῶσαν</span> <span class='ocrx_word' id='word_1_688' title='bbox 3467 3371 3635 3421; x_wconf 83' lang='grc' dir='ltr'>προσ-</span> 
     </span>
    </p>
   </div>
   <div class='ocr_carea' id='block_1_95' title="bbox 2055 3431 3635 3515">
    <p class='ocr_par' dir='ltr' id='par_1_95' title="bbox 2055 3431 3635 3515">
     <span class='ocr_line' id='line_1_95' title="bbox 2055 3431 3635 3515; baseline 0.009 -30"><span class='ocrx_word' id='word_1_689' title='bbox 2055 3431 2294 3501; x_wconf 83' lang='grc' dir='ltr'>άξωμεν.</span> <span class='ocrx_word' id='word_1_690' title='bbox 2332 3433 2422 3502; x_wconf 84' lang='grc' dir='ltr'><strong>Τῷ</strong></span> <span class='ocrx_word' id='word_1_691' title='bbox 2458 3434 2600 3486; x_wconf 83' lang='grc' dir='ltr'>δόντι</span> <span class='ocrx_word' id='word_1_692' title='bbox 2648 3437 2780 3505; x_wconf 77' lang='grc' dir='ltr'>ἡμῖν</span> <span class='ocrx_word' id='word_1_693' title='bbox 2826 3438 3182 3504; x_wconf 80' lang='grc' dir='ltr'>ἐαυτὸν,·κα“ι</span> <span class='ocrx_word' id='word_1_694' title='bbox 3228 3444 3428 3508; x_wconf 76' lang='grc' dir='ltr'>αὐτοὺς</span> <span class='ocrx_word' id='word_1_695' title='bbox 3473 3449 3635 3515; x_wconf 78' lang='grc' dir='ltr'>ἡμεῖς</span> 
     </span>
    </p>
   </div>
   <div class='ocr_carea' id='block_1_96' title="bbox 2054 3525 3634 3609">
    <p class='ocr_par' dir='ltr' id='par_1_96' title="bbox 2054 3525 3634 3609">
     <span class='ocr_line' id='line_1_96' title="bbox 2054 3525 3634 3609; baseline 0.006 -31"><span class='ocrx_word' id='word_1_696' title='bbox 2054 3525 2251 3588; x_wconf 78' lang='grc' dir='ltr'>ὑλικῶς</span> <span class='ocrx_word' id='word_1_697' title='bbox 2315 3528 2805 3598; x_wconf 79' lang='grc' dir='ltr'>προσκομίσωμεν.</span> <span class='ocrx_word' id='word_1_698' title='bbox 2887 3532 2999 3584; x_wconf 79' lang='grc' dir='ltr'><strong>Καὶ</strong></span> <span class='ocrx_word' id='word_1_699' title='bbox 3066 3533 3430 3606; x_wconf 72' lang='grc' dir='ltr'>θαρρήσωμεν</span> <span class='ocrx_word' id='word_1_700' title='bbox 3486 3541 3634 3609; x_wconf 67' lang='grc' dir='ltr'>ἡμᾶς</span> 
     </span>
    </p>
   </div>
   <div class='ocr_carea' id='block_1_97' title="bbox 2055 3619 3631 3695">
    <p class='ocr_par' dir='ltr' id='par_1_97' title="bbox 2055 3619 3631 3695">
     <span class='ocr_line' id='line_1_97' title="bbox 2055 3619 3631 3695; baseline 0.008 -23"><span class='ocrx_word' id='word_1_701' title='bbox 2055 3619 2202 3687; x_wconf 82' lang='grc' dir='ltr'>αὐτῴ</span> <span class='ocrx_word' id='word_1_702' title='bbox 2237 3619 2314 3687; x_wconf 84' lang='grc' dir='ltr'><strong>τῷ</strong></span> <span class='ocrx_word' id='word_1_703' title='bbox 2348 3619 2448 3690; x_wconf 79' lang='grc' dir='ltr'>τὴν</span> <span class='ocrx_word' id='word_1_704' title='bbox 2479 3620 2659 3690; x_wconf 66' lang='grc' dir='ltr'>ψυχὴν</span> <span class='ocrx_word' id='word_1_705' title='bbox 2709 3621 2849 3692; x_wconf 79' lang='grc' dir='ltr'><strong>ὑπὲρ</strong></span> <span class='ocrx_word' id='word_1_706' title='bbox 2885 3623 3044 3693; x_wconf 82' lang='grc' dir='ltr'>ήμῶν</span> <span class='ocrx_word' id='word_1_707' title='bbox 3089 3627 3379 3694; x_wconf 77' lang='grc' dir='ltr'>τεθεικότι,</span> <span class='ocrx_word' id='word_1_708' title='bbox 3419 3631 3513 3683; x_wconf 86' lang='grc' dir='ltr'>καὶ</span> <span class='ocrx_word' id='word_1_709' title='bbox 3552 3636 3631 3695; x_wconf 80' lang='grc' dir='ltr'>είς</span> 
     </span>
    </p>
   </div>
   <div class='ocr_carea' id='block_1_98' title="bbox 2052 3711 3634 3792">
    <p class='ocr_par' dir='ltr' id='par_1_98' title="bbox 2052 3711 3634 3792">
     <span class='ocr_line' id='line_1_98' title="bbox 2052 3711 3634 3792; baseline 0.01 -31"><span class='ocrx_word' id='word_1_710' title='bbox 2052 3712 2259 3779; x_wconf 75' lang='grc' dir='ltr'>τροφὴν</span> <span class='ocrx_word' id='word_1_711' title='bbox 2314 3711 2504 3763; x_wconf 77' lang='grc' dir='ltr'>ἑαυτὸν</span> <span class='ocrx_word' id='word_1_712' title='bbox 2554 3712 2830 3778; x_wconf 73' lang='grc' dir='ltr'>δεδωκότι,</span> <span class='ocrx_word' id='word_1_713' title='bbox 2892 3715 2984 3768; x_wconf 81' lang='grc' dir='ltr'>καὶ</span> <span class='ocrx_word' id='word_1_714' title='bbox 3041 3721 3426 3791; x_wconf 76' lang='grc' dir='ltr'>προνοουμένῳ</span> <span class='ocrx_word' id='word_1_715' title='bbox 3472 3724 3634 3792; x_wconf 74' lang='grc' dir='ltr'>ἡμῶν</span> 
     </span>
    </p>
   </div>
   <div class='ocr_carea' id='block_1_99' title="bbox 2054 3801 3635 3880">
    <p class='ocr_par' dir='ltr' id='par_1_99' title="bbox 2054 3801 3635 3880">
     <span class='ocr_line' id='line_1_99' title="bbox 2054 3801 3635 3880; baseline 0.011 -28"><span class='ocrx_word' id='word_1_716' title='bbox 2054 3801 2149 3853; x_wconf 72' lang='grc' dir='ltr'><strong>καὶ</strong></span> <span class='ocrx_word' id='word_1_717' title='bbox 2203 3801 2468 3869; x_wconf 79' lang='grc' dir='ltr'>φιλοῦντι,</span> <span class='ocrx_word' id='word_1_718' title='bbox 2531 3805 2622 3856; x_wconf 74' lang='grc' dir='ltr'>καὶ</span> <span class='ocrx_word' id='word_1_719' title='bbox 2674 3806 2763 3858; x_wconf 77' lang='grc' dir='ltr'>ἀεὶ</span> <span class='ocrx_word' id='word_1_720' title='bbox 2817 3807 3098 3880; x_wconf 80' lang='grc' dir='ltr'>κηδομένῳ</span> <span class='ocrx_word' id='word_1_721' title='bbox 3147 3812 3242 3865; x_wconf 76' lang='grc' dir='ltr'>καὶ</span> <span class='ocrx_word' id='word_1_722' title='bbox 3280 3812 3503 3878; x_wconf 81' lang='grc' dir='ltr'>σώζοντι</span> <span class='ocrx_word' id='word_1_723' title='bbox 3540 3817 3635 3870; x_wconf 79' lang='grc' dir='ltr'>καὶ</span> 
     </span>
    </p>
   </div>
   <div class='ocr_carea' id='block_1_100' title="bbox 2058 3894 3635 3970">
    <p class='ocr_par' dir='ltr' id='par_1_100' title="bbox 2058 3894 3635 3970">
     <span class='ocr_line' id='line_1_100' title="bbox 2058 3894 3635 3970; baseline 0.011 -25"><span class='ocrx_word' id='word_1_724' title='bbox 2058 3899 2203 3965; x_wconf 79' lang='grc' dir='ltr'>μόνῳ</span> <span class='ocrx_word' id='word_1_725' title='bbox 2240 3894 2352 3947; x_wconf 80' lang='grc' dir='ltr'>ὃντι</span> <span class='ocrx_word' id='word_1_726' title='bbox 2378 3896 2626 3965; x_wconf 71' lang='grc' dir='ltr'>Σωτῆρισ</span> <span class='ocrx_word' id='word_1_727' title='bbox 2663 3899 2745 3950; x_wconf 84' lang='grc' dir='ltr'>ὅτι</span> <span class='ocrx_word' id='word_1_728' title='bbox 2770 3899 2863 3952; x_wconf 76' lang='grc' dir='ltr'>καὶ</span> <span class='ocrx_word' id='word_1_729' title='bbox 2898 3900 3067 3970; x_wconf 80' lang='grc' dir='ltr'>χωρὶς</span> <span class='ocrx_word' id='word_1_730' title='bbox 3098 3903 3266 3958; x_wconf 76' lang='grc' dir='ltr'>αὑτοῦ</span> <span class='ocrx_word' id='word_1_731' title='bbox 3317 3908 3377 3960; x_wconf 84' lang='grc' dir='ltr'><strong>οὐ</strong></span> <span class='ocrx_word' id='word_1_732' title='bbox 3406 3908 3635 3964; x_wconf 78' lang='grc' dir='ltr'>δυνατὸν</span> 
     </span>
    </p>
   </div>
   <div class='ocr_carea' id='block_1_101' title="bbox 2054 3979 3634 4065">
    <p class='ocr_par' dir='ltr' id='par_1_101' title="bbox 2054 3979 3634 4065">
     <span class='ocr_line' id='line_1_101' title="bbox 2054 3979 3634 4065; baseline 0.015 -31"><span class='ocrx_word' id='word_1_733' title='bbox 2054 3979 2196 4037; x_wconf 73' lang='grc' dir='ltr'>εἶναι</span> <span class='ocrx_word' id='word_1_734' title='bbox 2239 3985 2271 4058; x_wconf 74' lang='grc' dir='ltr'><strong>ἢ</strong></span> <span class='ocrx_word' id='word_1_735' title='bbox 2313 3984 2431 4056; x_wconf 80' lang='grc' dir='ltr'><strong>ζῇν,</strong></span> <span class='ocrx_word' id='word_1_736' title='bbox 2464 3987 2495 4056; x_wconf 82' lang='grc' dir='ltr'>ἢ</span> <span class='ocrx_word' id='word_1_737' title='bbox 2528 3989 2689 4053; x_wconf 84' lang='grc' dir='ltr'>νοεῖν,</span> <span class='ocrx_word' id='word_1_738' title='bbox 2726 3990 2756 4059; x_wconf 78' lang='grc' dir='ltr'>ἢ</span> <span class='ocrx_word' id='word_1_739' title='bbox 2794 3989 2931 4054; x_wconf 85' lang='grc' dir='ltr'>ὅλως</span> <span class='ocrx_word' id='word_1_740' title='bbox 2972 4010 3024 4044; x_wconf 87' lang='grc' dir='ltr'><strong>τι</strong></span> <span class='ocrx_word' id='word_1_741' title='bbox 3056 3994 3302 4065; x_wconf 84' lang='grc' dir='ltr'>ἐνεργεῖν</span> <span class='ocrx_word' id='word_1_742' title='bbox 3325 4012 3338 4026; x_wconf 89' lang='grc'><strong>·</strong></span> <span class='ocrx_word' id='word_1_743' title='bbox 3390 4000 3510 4054; x_wconf 78' lang='grc' dir='ltr'>οὐδὲ</span> <span class='ocrx_word' id='word_1_744' title='bbox 3542 4002 3634 4058; x_wconf 85' lang='grc' dir='ltr'>τὸν</span> 
     </span>
    </p>
   </div>
   <div class='ocr_carea' id='block_1_102' title="bbox 2057 4075 3631 4157">
    <p class='ocr_par' dir='ltr' id='par_1_102' title="bbox 2057 4075 3631 4157">
     <span class='ocr_line' id='line_1_102' title="bbox 2057 4075 3631 4157; baseline 0.015 -32"><span class='ocrx_word' id='word_1_745' title='bbox 2057 4075 2434 4143; x_wconf 80' lang='grc' dir='ltr'><strong>παρατεθέντα</strong></span> <span class='ocrx_word' id='word_1_746' title='bbox 2487 4078 2636 4148; x_wconf 81' lang='grc' dir='ltr'>αὐτῷ</span> <span class='ocrx_word' id='word_1_747' title='bbox 2683 4079 2908 4135; x_wconf 87' lang='grc' dir='ltr'>δύναταί</span> <span class='ocrx_word' id='word_1_748' title='bbox 2950 4101 3034 4147; x_wconf 90' lang='grc' dir='ltr'><strong>τις</strong></span> <span class='ocrx_word' id='word_1_749' title='bbox 3086 4086 3357 4157; x_wconf 74' lang='grc' dir='ltr'>ἁρπάζειν</span> <span class='ocrx_word' id='word_1_750' title='bbox 3408 4095 3471 4145; x_wconf 86' lang='grc' dir='ltr'><strong>ἐκ</strong></span> <span class='ocrx_word' id='word_1_751' title='bbox 3522 4097 3631 4149; x_wconf 83' lang='grc' dir='ltr'><strong>τῶν</strong></span> 
     </span>
    </p>
   </div>
   <div class='ocr_carea' id='block_1_103' title="bbox 2054 4168 3631 4255">
    <p class='ocr_par' dir='ltr' id='par_1_103' title="bbox 2054 4168 3631 4255">
     <span class='ocr_line' id='line_1_103' title="bbox 2054 4168 3631 4255; baseline 0.014 -38"><span class='ocrx_word' id='word_1_752' title='bbox 2054 4168 2257 4236; x_wconf 81' lang='grc' dir='ltr'>χειρῶν</span> <span class='ocrx_word' id='word_1_753' title='bbox 2301 4168 2392 4220; x_wconf 80' lang='grc' dir='ltr'><strong>τοῦ</strong></span> <span class='ocrx_word' id='word_1_754' title='bbox 2430 4171 2642 4239; x_wconf 82' lang='grc' dir='ltr'>Πατρὸς</span> <span class='ocrx_word' id='word_1_755' title='bbox 2689 4174 2880 4231; x_wconf 83' lang='grc' dir='ltr'><strong>αὐτοῦ.</strong></span> <span class='ocrx_word' id='word_1_756' title='bbox 2916 4178 3111 4248; x_wconf 82' lang='grc' dir='ltr'>Χεῖρες</span> <span class='ocrx_word' id='word_1_757' title='bbox 3141 4179 3196 4232; x_wconf 83' lang='grc' dir='ltr'>δὲ</span> <span class='ocrx_word' id='word_1_758' title='bbox 3228 4182 3388 4245; x_wconf 76' lang='grc' dir='ltr'>αὐτὸς</span> <span class='ocrx_word' id='word_1_759' title='bbox 3426 4186 3451 4236; x_wconf 90' lang='lat'><strong>6</strong></span> <span class='ocrx_word' id='word_1_760' title='bbox 3497 4185 3631 4255; x_wconf 71' lang='grc' dir='ltr'>βρα-</span> 
     </span>
    </p>
   </div>
   <div class='ocr_carea' id='block_1_104' title="bbox 2054 4258 3633 4334">
    <p class='ocr_par' dir='ltr' id='par_1_104' title="bbox 2054 4258 3633 4334">
     <span class='ocr_line' id='line_1_104' title="bbox 2054 4258 3633 4334; baseline 0.014 -27"><span class='ocrx_word' id='word_1_761' title='bbox 2054 4258 2208 4327; x_wconf 85' lang='grc' dir='ltr'>χίων,</span> <span class='ocrx_word' id='word_1_762' title='bbox 2260 4258 2351 4310; x_wconf 77' lang='grc' dir='ltr'>καὶ</span> <span class='ocrx_word' id='word_1_763' title='bbox 2385 4259 2447 4311; x_wconf 88' lang='grc' dir='ltr'>τὸ</span> <span class='ocrx_word' id='word_1_764' title='bbox 2482 4262 2706 4331; x_wconf 72' lang='grc' dir='ltr'>Πνεῦμα</span> <span class='ocrx_word' id='word_1_765' title='bbox 2735 4264 2796 4316; x_wconf 74' lang='grc' dir='ltr'>τὸ</span> <span class='ocrx_word' id='word_1_766' title='bbox 2827 4264 3003 4333; x_wconf 79' lang='grc' dir='ltr'>ἅγιον,</span> <span class='ocrx_word' id='word_1_767' title='bbox 3064 4267 3196 4321; x_wconf 72' lang='grc' dir='ltr'>Ἰδοὺ</span> <span class='ocrx_word' id='word_1_768' title='bbox 3236 4274 3351 4334; x_wconf 87' lang='grc' dir='ltr'>τοῖς</span> <span class='ocrx_word' id='word_1_769' title='bbox 3388 4275 3633 4329; x_wconf 79' lang='grc' dir='ltr'>συνιοῦσι</span> 
     </span>
    </p>
   </div>
   <div class='ocr_carea' id='block_1_105' title="bbox 2058 4351 3635 4439">
    <p class='ocr_par' dir='ltr' id='par_1_105' title="bbox 2058 4351 3635 4439">
     <span class='ocr_line' id='line_1_105' title="bbox 2058 4351 3635 4439; baseline 0.015 -39"><span class='ocrx_word' id='word_1_770' title='bbox 2058 4351 2294 4419; x_wconf 85' lang='grc' dir='ltr'>μέγιστα</span> <span class='ocrx_word' id='word_1_771' title='bbox 2342 4353 2410 4405; x_wconf 87' lang='grc' dir='ltr'><strong>τὰ</strong></span> <span class='ocrx_word' id='word_1_772' title='bbox 2446 4355 2509 4406; x_wconf 88' lang='grc' dir='ltr'><strong>ἐκ</strong></span> <span class='ocrx_word' id='word_1_773' title='bbox 2544 4355 2746 4439; x_wconf 79' lang='grc' dir='ltr'>ταύτης</span> <span class='ocrx_word' id='word_1_774' title='bbox 2795 4357 2897 4426; x_wconf 82' lang='grc' dir='ltr'>τῆς</span> <span class='ocrx_word' id='word_1_775' title='bbox 2930 4362 3259 4432; x_wconf 80' lang='grc' dir='ltr'>προσευχῆς,</span> <span class='ocrx_word' id='word_1_776' title='bbox 3294 4368 3385 4419; x_wconf 76' lang='grc' dir='ltr'>καὶ</span> <span class='ocrx_word' id='word_1_777' title='bbox 3444 4368 3513 4420; x_wconf 71' lang='grc' dir='ltr'>τὰ</span> <span class='ocrx_word' id='word_1_778' title='bbox 3548 4387 3635 4422; x_wconf 83' lang='grc' dir='ltr'><strong>τε·</strong></span> 
     </span>
    </p>
   </div>
   <div class='ocr_carea' id='block_1_106' title="bbox 2054 4441 3631 4523">
    <p class='ocr_par' dir='ltr' id='par_1_106' title="bbox 2054 4441 3631 4523">
     <span class='ocr_line' id='line_1_106' title="bbox 2054 4441 3631 4523; baseline 0.013 -28"><span class='ocrx_word' id='word_1_779' title='bbox 2054 4441 2299 4497; x_wconf 82' lang='grc' dir='ltr'>λεὼτατα</span> <span class='ocrx_word' id='word_1_780' title='bbox 2361 4445 2598 4502; x_wconf 77' lang='grc' dir='ltr'>πάντων.</span> <span class='ocrx_word' id='word_1_781' title='bbox 2654 4450 2743 4501; x_wconf 88' lang='grc' dir='ltr'><strong>Διὸ</strong></span> <span class='ocrx_word' id='word_1_782' title='bbox 2799 4452 2893 4504; x_wconf 76' lang='grc' dir='ltr'>καὶ</span> <span class='ocrx_word' id='word_1_783' title='bbox 2946 4454 3002 4505; x_wconf 81' lang='grc' dir='ltr'><strong>ἐν</strong></span> <span class='ocrx_word' id='word_1_784' title='bbox 3062 4453 3161 4523; x_wconf 82' lang='grc' dir='ltr'>μὲν</span> <span class='ocrx_word' id='word_1_785' title='bbox 3192 4459 3304 4520; x_wconf 84' lang='grc' dir='ltr'>τοῖς</span> <span class='ocrx_word' id='word_1_786' title='bbox 3348 4459 3530 4523; x_wconf 79' lang='grc' dir='ltr'>ἄλλοις</span> <span class='ocrx_word' id='word_1_787' title='bbox 3582 4464 3631 4515; x_wconf 85' lang='grc' dir='ltr'><strong>οἱ</strong></span> 
     </span>
    </p>
   </div>
   <div class='ocr_carea' id='block_1_107' title="bbox 1005 4538 1960 4620">
    <p class='ocr_par' dir='ltr' id='par_1_107' title="bbox 1005 4543 1950 4615">
     <span class='ocr_line' id='line_1_107' title="bbox 1005 4543 1950 4615; baseline 0.006 -21"><span class='ocrx_word' id='word_1_788' title='bbox 1005 4561 1023 4594; x_wconf 80' lang='grc' dir='ltr'><strong>ι</strong></span> <span class='ocrx_word' id='word_1_789' title='bbox 1060 4543 1199 4608; x_wconf 85' lang='lat' dir='ltr'><strong>Tibi,</strong></span> <span class='ocrx_word' id='word_1_790' title='bbox 1230 4543 1480 4610; x_wconf 89' lang='lat' dir='ltr'><strong>Domine,</strong></span> <span class='ocrx_word' id='word_1_791' title='bbox 1522 4563 1541 4597; x_wconf 75' lang='grc' dir='ltr'><strong>ι</strong></span> <span class='ocrx_word' id='word_1_792' title='bbox 1583 4544 1864 4615; x_wconf 88' lang='lat' dir='ltr'><strong>inquiunt,</strong></span> <span class='ocrx_word' id='word_1_793' title='bbox 1900 4545 1950 4601; x_wconf 89' lang='lat' dir='ltr'><strong>id</strong></span> 
     </span>
    </p>
   </div>
   <div class='ocr_carea' id='block_1_108' title="bbox 2053 4538 3635 4620">
    <p class='ocr_par' dir='ltr' id='par_1_108' title="bbox 2056 4538 3635 4620">
     <span class='ocr_line' id='line_1_108' title="bbox 2056 4538 3635 4620; baseline 0.008 -30"><span class='ocrx_word' id='word_1_794' title='bbox 2056 4538 2405 4608; x_wconf 83' lang='grc' dir='ltr'>παρεστῶτες</span> <span class='ocrx_word' id='word_1_795' title='bbox 2456 4540 2537 4601; x_wconf 87' lang='grc' dir='ltr'>τὸ,</span> <span class='ocrx_word' id='word_1_796' title='bbox 2600 4559 2617 4591; x_wconf 77' lang='grc' dir='ltr'><strong>ι</strong></span> <span class='ocrx_word' id='word_1_797' title='bbox 2664 4539 2858 4609; x_wconf 82' lang='grc' dir='ltr'>Κύριε,</span> <span class='ocrx_word' id='word_1_798' title='bbox 2908 4542 3151 4614; x_wconf 81' lang='grc' dir='ltr'>ἐλέησον,</span> <span class='ocrx_word' id='word_1_799' title='bbox 3211 4566 3230 4599; x_wconf 76' lang='grc' dir='ltr'><strong>ι</strong></span> <span class='ocrx_word' id='word_1_800' title='bbox 3284 4548 3445 4616; x_wconf 85' lang='grc' dir='ltr'>μόνον</span> <span class='ocrx_word' id='word_1_801' title='bbox 3498 4552 3635 4620; x_wconf 83' lang='grc' dir='ltr'>κρά-</span> 
     </span>
    </p>
   </div>
   <div class='ocr_carea' id='block_1_109' title="bbox 2056 4627 3633 4708">
    <p class='ocr_par' dir='ltr' id='par_1_109' title="bbox 2056 4627 3633 4708">
     <span class='ocr_line' id='line_1_109' title="bbox 2056 4627 3633 4708; baseline 0.01 -29"><span class='ocrx_word' id='word_1_802' title='bbox 2056 4627 2231 4691; x_wconf 78' lang='grc' dir='ltr'>ζουσι,</span> <span class='ocrx_word' id='word_1_803' title='bbox 2266 4630 2358 4681; x_wconf 78' lang='grc' dir='ltr'>τὸν</span> <span class='ocrx_word' id='word_1_804' title='bbox 2406 4630 2551 4683; x_wconf 85' lang='grc' dir='ltr'>θεῖον</span> <span class='ocrx_word' id='word_1_805' title='bbox 2587 4633 3010 4701; x_wconf 78' lang='grc' dir='ltr'>ἐπικαλούμενοι</span> <span class='ocrx_word' id='word_1_806' title='bbox 3041 4635 3212 4701; x_wconf 77' lang='grc' dir='ltr'>ἔλεον,</span> <span class='ocrx_word' id='word_1_807' title='bbox 3261 4640 3498 4692; x_wconf 77' lang='grc' dir='ltr'>ἐνταῦθα</span> <span class='ocrx_word' id='word_1_808' title='bbox 3552 4642 3633 4708; x_wconf 84' lang='grc' dir='ltr'><strong>δέ,</strong></span> 
     </span>
    </p>
   </div>
   <div class='ocr_carea' id='block_1_110' title="bbox 2059 4719 3639 4800">
    <p class='ocr_par' dir='ltr' id='par_1_110' title="bbox 2059 4719 3639 4800">
     <span class='ocr_line' id='line_1_110' title="bbox 2059 4719 3639 4800; baseline 0.01 -30"><span class='ocrx_word' id='word_1_809' title='bbox 2059 4737 2077 4770; x_wconf 77' lang='grc' dir='ltr'><strong>ι</strong></span> <span class='ocrx_word' id='word_1_810' title='bbox 2118 4719 2229 4782; x_wconf 71' lang='grc' dir='ltr'>Σοὶ,</span> <span class='ocrx_word' id='word_1_811' title='bbox 2266 4722 2492 4790; x_wconf 79' lang='grc' dir='ltr'>Κύριε,ι</span> <span class='ocrx_word' id='word_1_812' title='bbox 2531 4725 2728 4790; x_wconf 73' lang='grc' dir='ltr'>φασίνσ</span> <span class='ocrx_word' id='word_1_813' title='bbox 2765 4724 2909 4794; x_wconf 76' lang='grc' dir='ltr'>ἦτοι,</span> <span class='ocrx_word' id='word_1_814' title='bbox 2955 4728 3038 4779; x_wconf 73' lang='grc' dir='ltr'><strong>σοὶ</strong></span> <span class='ocrx_word' id='word_1_815' title='bbox 3081 4729 3330 4795; x_wconf 67' lang='grc' dir='ltr'>ἑαυτοὺς,</span> <span class='ocrx_word' id='word_1_816' title='bbox 3363 4732 3567 4800; x_wconf 85' lang='grc' dir='ltr'>Χριστέ</span> <span class='ocrx_word' id='word_1_817' title='bbox 3611 4737 3639 4786; x_wconf 89' lang='lat'><strong>6</strong></span> 
     </span>
    </p>
   </div>
   <div class='ocr_carea' id='block_1_111' title="bbox 2052 4811 3638 4894">
    <p class='ocr_par' dir='ltr' id='par_1_111' title="bbox 2052 4811 3638 4894">
     <span class='ocr_line' id='line_1_111' title="bbox 2052 4811 3638 4894; baseline 0.011 -32"><span class='ocrx_word' id='word_1_818' title='bbox 2052 4811 2205 4878; x_wconf 83' lang='grc' dir='ltr'>Θεὸς,</span> <span class='ocrx_word' id='word_1_819' title='bbox 2244 4816 2643 4883; x_wconf 81' lang='grc' dir='ltr'>παρατίθεμεν.</span> <span class='ocrx_word' id='word_1_820' title='bbox 2696 4815 2845 4888; x_wconf 78' lang='grc' dir='ltr'>Αὕτη</span> <span class='ocrx_word' id='word_1_821' title='bbox 2895 4822 2928 4882; x_wconf 85' lang='grc' dir='ltr'>ἡ</span> <span class='ocrx_word' id='word_1_822' title='bbox 2990 4822 3299 4890; x_wconf 80' lang='grc' dir='ltr'>παράθεσις</span> <span class='ocrx_word' id='word_1_823' title='bbox 3339 4825 3638 4894; x_wconf 79' lang='grc' dir='ltr'>ἀναγκαιοο</span> 
     </span>
    </p>
   </div>
   <div class='ocr_carea' id='block_1_112' title="bbox 2052 4904 3637 4986">
    <p class='ocr_par' dir='ltr' id='par_1_112' title="bbox 2052 4904 3637 4986">
     <span class='ocr_line' id='line_1_112' title="bbox 2052 4904 3637 4986; baseline 0.01 -33"><span class='ocrx_word' id='word_1_824' title='bbox 2052 4904 2189 4972; x_wconf 85' lang='grc' dir='ltr'>τάτη</span> <span class='ocrx_word' id='word_1_825' title='bbox 2225 4904 2321 4956; x_wconf 78' lang='grc' dir='ltr'>καὶ</span> <span class='ocrx_word' id='word_1_826' title='bbox 2350 4906 2531 4972; x_wconf 80' lang='grc' dir='ltr'>λόγοις</span> <span class='ocrx_word' id='word_1_827' title='bbox 2580 4907 2984 4976; x_wconf 70' lang='grc' dir='ltr'>ὁμολογεῖσθαι.</span> <span class='ocrx_word' id='word_1_828' title='bbox 3023 4914 3133 4985; x_wconf 80' lang='grc' dir='ltr'><strong>Τὴν</strong></span> <span class='ocrx_word' id='word_1_829' title='bbox 3177 4915 3283 4984; x_wconf 83' lang='grc' dir='ltr'>γὰρ</span> <span class='ocrx_word' id='word_1_830' title='bbox 3331 4918 3463 4985; x_wconf 69' lang='grc' dir='ltr'>πρὸς</span> <span class='ocrx_word' id='word_1_831' title='bbox 3498 4919 3637 4986; x_wconf 80' lang='grc' dir='ltr'>Χρι-</span> 
     </span>
    </p>
   </div>
   <div class='ocr_carea' id='block_1_113' title="bbox 2055 4996 3639 5078">
    <p class='ocr_par' dir='ltr' id='par_1_113' title="bbox 2055 4996 3639 5078">
     <span class='ocr_line' id='line_1_113' title="bbox 2055 4996 3639 5078; baseline 0.011 -33"><span class='ocrx_word' id='word_1_832' title='bbox 2055 4996 2177 5047; x_wconf 70' lang='grc' dir='ltr'>στὸν</span> <span class='ocrx_word' id='word_1_833' title='bbox 2208 4996 2374 5066; x_wconf 80' lang='grc' dir='ltr'>ὀρθὴν</span> <span class='ocrx_word' id='word_1_834' title='bbox 2428 4998 2612 5051; x_wconf 83' lang='grc' dir='ltr'>πίστιν</span> <span class='ocrx_word' id='word_1_835' title='bbox 2664 5003 2758 5053; x_wconf 72' lang='grc' dir='ltr'>καὶ</span> <span class='ocrx_word' id='word_1_836' title='bbox 2799 5002 2899 5073; x_wconf 81' lang='grc' dir='ltr'><strong>τὴν</strong></span> <span class='ocrx_word' id='word_1_837' title='bbox 2928 5006 3009 5068; x_wconf 80' lang='grc' dir='ltr'><strong>είς</strong></span> <span class='ocrx_word' id='word_1_838' title='bbox 3055 5005 3221 5059; x_wconf 83' lang='grc' dir='ltr'>αὑτὸν</span> <span class='ocrx_word' id='word_1_839' title='bbox 3266 5008 3543 5078; x_wconf 76' lang='grc' dir='ltr'>ἡμετέραν</span> <span class='ocrx_word' id='word_1_840' title='bbox 3573 5010 3639 5062; x_wconf 86' lang='grc' dir='ltr'><strong>ἐκ</strong></span> 
     </span>
    </p>
   </div>
   <div class='ocr_carea' id='block_1_114' title="bbox 2055 5088 3635 5171">
    <p class='ocr_par' dir='ltr' id='par_1_114' title="bbox 2055 5088 3635 5171">
     <span class='ocr_line' id='line_1_114' title="bbox 2055 5088 3635 5171; baseline 0.011 -34"><span class='ocrx_word' id='word_1_841' title='bbox 2055 5088 2291 5150; x_wconf 87' lang='grc' dir='ltr'>πίστεως</span> <span class='ocrx_word' id='word_1_842' title='bbox 2320 5093 2555 5143; x_wconf 67' lang='grc' dir='ltr'>ποιεῖται</span> <span class='ocrx_word' id='word_1_843' title='bbox 2594 5094 2852 5147; x_wconf 77' lang='grc' dir='ltr'>ἀνάθεσιν</span> <span class='ocrx_word' id='word_1_844' title='bbox 2875 5111 2887 5125; x_wconf 88' lang='grc'><strong>·</strong></span> <span class='ocrx_word' id='word_1_845' title='bbox 2924 5098 3016 5149; x_wconf 76' lang='grc' dir='ltr'><strong>καὶ</strong></span> <span class='ocrx_word' id='word_1_846' title='bbox 3051 5098 3163 5151; x_wconf 78' lang='grc' dir='ltr'>ἑνοῖ</span> <span class='ocrx_word' id='word_1_847' title='bbox 3197 5100 3274 5168; x_wconf 81' lang='grc' dir='ltr'><strong>τῷ</strong></span> <span class='ocrx_word' id='word_1_848' title='bbox 3306 5101 3424 5170; x_wconf 73' lang='grc' dir='ltr'><strong>Θεῷ</strong></span> <span class='ocrx_word' id='word_1_849' title='bbox 3462 5103 3635 5171; x_wconf 72' lang='grc' dir='ltr'>ἡμᾶς,</span> 
     </span>
    </p>
   </div>
   <div class='ocr_carea' id='block_1_115' title="bbox 2054 5181 3638 5261">
    <p class='ocr_par' dir='ltr' id='par_1_115' title="bbox 2054 5181 3638 5261">
     <span class='ocr_line' id='line_1_115' title="bbox 2054 5181 3638 5261; baseline 0.008 -29"><span class='ocrx_word' id='word_1_850' title='bbox 2054 5182 2149 5233; x_wconf 70' lang='grc' dir='ltr'>καὶ</span> <span class='ocrx_word' id='word_1_851' title='bbox 2181 5181 2275 5251; x_wconf 84' lang='grc' dir='ltr'>τὴν</span> <span class='ocrx_word' id='word_1_852' title='bbox 2317 5184 2483 5235; x_wconf 76' lang='grc' dir='ltr'>αὐτοῦ</span> <span class='ocrx_word' id='word_1_853' title='bbox 2522 5187 2825 5239; x_wconf 72' lang='grc' dir='ltr'>ἐπισπᾶται</span> <span class='ocrx_word' id='word_1_854' title='bbox 2859 5188 3135 5259; x_wconf 79' lang='grc' dir='ltr'>βοήθειαν,</span> <span class='ocrx_word' id='word_1_855' title='bbox 3184 5193 3275 5243; x_wconf 81' lang='grc' dir='ltr'>καὶ</span> <span class='ocrx_word' id='word_1_856' title='bbox 3308 5195 3375 5261; x_wconf 84' lang='grc' dir='ltr'>τῇ</span> <span class='ocrx_word' id='word_1_857' title='bbox 3408 5194 3500 5244; x_wconf 76' lang='grc' dir='ltr'><strong>τοῦ</strong></span> <span class='ocrx_word' id='word_1_858' title='bbox 3536 5195 3638 5245; x_wconf 84' lang='grc' dir='ltr'><strong>Λό-</strong></span> 
     </span>
    </p>
   </div>
   <div class='ocr_carea' id='block_1_116' title="bbox 2054 5272 3636 5347">
    <p class='ocr_par' dir='ltr' id='par_1_116' title="bbox 2054 5272 3636 5347">
     <span class='ocr_line' id='line_1_116' title="bbox 2054 5272 3636 5347; baseline 0.009 -26"><span class='ocrx_word' id='word_1_859' title='bbox 2054 5287 2152 5337; x_wconf 89' lang='grc' dir='ltr'><strong>γου</strong></span> <span class='ocrx_word' id='word_1_860' title='bbox 2186 5272 2466 5343; x_wconf 72' lang='grc' dir='ltr'>ὑπεραγίᾳ</span> <span class='ocrx_word' id='word_1_861' title='bbox 2499 5275 2684 5345; x_wconf 74' lang='grc' dir='ltr'>Μητρὶ</span> <span class='ocrx_word' id='word_1_862' title='bbox 2715 5278 2813 5329; x_wconf 78' lang='grc' dir='ltr'>καὶ</span> <span class='ocrx_word' id='word_1_863' title='bbox 2851 5279 2962 5340; x_wconf 87' lang='grc' dir='ltr'>τοῖς</span> <span class='ocrx_word' id='word_1_864' title='bbox 3016 5279 3193 5347; x_wconf 86' lang='grc' dir='ltr'>ἁγίοις</span> <span class='ocrx_word' id='word_1_865' title='bbox 3227 5281 3507 5345; x_wconf 81' lang='grc' dir='ltr'>συνάπτει,</span> <span class='ocrx_word' id='word_1_866' title='bbox 3540 5284 3636 5335; x_wconf 73' lang='grc' dir='ltr'>καὶ</span> 
     </span>
    </p>
   </div>
   <div class='ocr_carea' id='block_1_117' title="bbox 2054 5362 3633 5440">
    <p class='ocr_par' dir='ltr' id='par_1_117' title="bbox 2054 5362 3633 5440">
     <span class='ocr_line' id='line_1_117' title="bbox 2054 5362 3633 5440; baseline 0.008 -29"><span class='ocrx_word' id='word_1_867' title='bbox 2054 5362 2152 5428; x_wconf 81' lang='grc' dir='ltr'><strong>τὴν</strong></span> <span class='ocrx_word' id='word_1_868' title='bbox 2205 5363 2483 5429; x_wconf 78' lang='grc' dir='ltr'>μεσιτείαν</span> <span class='ocrx_word' id='word_1_869' title='bbox 2535 5367 2714 5417; x_wconf 74' lang='grc' dir='ltr'>αὐτῶν</span> <span class='ocrx_word' id='word_1_870' title='bbox 2750 5368 2975 5437; x_wconf 86' lang='grc' dir='ltr'>ἐνεργὸν</span> <span class='ocrx_word' id='word_1_871' title='bbox 3006 5374 3241 5422; x_wconf 77' lang='grc' dir='ltr'>ποιεῖται</span> <span class='ocrx_word' id='word_1_872' title='bbox 3284 5372 3423 5440; x_wconf 75' lang='grc' dir='ltr'><strong>ὑπὲρ</strong></span> <span class='ocrx_word' id='word_1_873' title='bbox 3455 5370 3633 5440; x_wconf 78' lang='grc' dir='ltr'>ἡμῶν.</span> 
     </span>
    </p>
   </div>
   <div class='ocr_carea' id='block_1_118' title="bbox 2056 5454 3636 5534">
    <p class='ocr_par' dir='ltr' id='par_1_118' title="bbox 2056 5454 3636 5534">
     <span class='ocr_line' id='line_1_118' title="bbox 2056 5454 3636 5534; baseline 0.007 -30"><span class='ocrx_word' id='word_1_874' title='bbox 2056 5454 2167 5505; x_wconf 65' lang='grc' dir='ltr'>Καὶ</span> <span class='ocrx_word' id='word_1_875' title='bbox 2191 5454 2374 5523; x_wconf 78' lang='grc' dir='ltr'>ἔργοις</span> <span class='ocrx_word' id='word_1_876' title='bbox 2406 5456 2463 5506; x_wconf 85' lang='grc' dir='ltr'>δὲ</span> <span class='ocrx_word' id='word_1_877' title='bbox 2492 5459 2833 5513; x_wconf 82' lang='grc' dir='ltr'>ἐκτελεῖσθαι</span> <span class='ocrx_word' id='word_1_878' title='bbox 2862 5461 3003 5529; x_wconf 72' lang='grc' dir='ltr'>αὕτη</span> <span class='ocrx_word' id='word_1_879' title='bbox 3030 5462 3163 5534; x_wconf 74' lang='grc' dir='ltr'>παρ’</span> <span class='ocrx_word' id='word_1_880' title='bbox 3191 5466 3348 5533; x_wconf 76' lang='grc' dir='ltr'>ἡμῶν</span> <span class='ocrx_word' id='word_1_881' title='bbox 3374 5465 3435 5516; x_wconf 70' lang='grc' dir='ltr'>τὸ</span> <span class='ocrx_word' id='word_1_882' title='bbox 3466 5468 3636 5529; x_wconf 61' lang='grc' dir='ltr'>ἀναγυ</span> 
     </span>
    </p>
   </div>
   <div class='ocr_carea' id='block_1_119' title="bbox 2056 5546 3637 5626">
    <p class='ocr_par' dir='ltr' id='par_1_119' title="bbox 2056 5546 3637 5626">
     <span class='ocr_line' id='line_1_119' title="bbox 2056 5546 3637 5626; baseline 0.009 -30"><span class='ocrx_word' id='word_1_883' title='bbox 2056 5546 2348 5599; x_wconf 84' lang='grc' dir='ltr'>καιότατον</span> <span class='ocrx_word' id='word_1_884' title='bbox 2376 5550 2586 5617; x_wconf 78' lang='grc' dir='ltr'>χρῆμα.</span> <span class='ocrx_word' id='word_1_885' title='bbox 2619 5550 2691 5600; x_wconf 86' lang='grc' dir='ltr'>Τὸ</span> <span class='ocrx_word' id='word_1_886' title='bbox 2737 5552 2792 5604; x_wconf 87' lang='grc' dir='ltr'><strong>δέ</strong></span> <span class='ocrx_word' id='word_1_887' title='bbox 2827 5553 2896 5605; x_wconf 81' lang='grc' dir='ltr'><strong>δι’</strong></span> <span class='ocrx_word' id='word_1_888' title='bbox 2948 5553 3126 5622; x_wconf 82' lang='grc' dir='ltr'>ἔργων</span> <span class='ocrx_word' id='word_1_889' title='bbox 3152 5557 3299 5608; x_wconf 76' lang='grc' dir='ltr'>ἐστὶν</span> <span class='ocrx_word' id='word_1_890' title='bbox 3342 5557 3516 5626; x_wconf 81' lang='grc' dir='ltr'>ὀρθῶς</span> <span class='ocrx_word' id='word_1_891' title='bbox 3546 5574 3637 5611; x_wconf 80' lang='grc' dir='ltr'>πι-</span> 
     </span>
    </p>
   </div>
   <div class='ocr_carea' id='block_1_120' title="bbox 2061 5639 3639 5721">
    <p class='ocr_par' dir='ltr' id='par_1_120' title="bbox 2061 5639 3639 5721">
     <span class='ocr_line' id='line_1_120' title="bbox 2061 5639 3639 5721; baseline 0.009 -32"><span class='ocrx_word' id='word_1_892' title='bbox 2061 5639 2297 5703; x_wconf 76' lang='grc' dir='ltr'>στεύειν,</span> <span class='ocrx_word' id='word_1_893' title='bbox 2336 5643 2429 5694; x_wconf 74' lang='grc' dir='ltr'>καὶ</span> <span class='ocrx_word' id='word_1_894' title='bbox 2462 5646 2851 5711; x_wconf 66' lang='grc' dir='ltr'>χριστσνικῶς</span> <span class='ocrx_word' id='word_1_895' title='bbox 2898 5648 2956 5698; x_wconf 80' lang='grc' dir='ltr'>ὲν</span> <span class='ocrx_word' id='word_1_896' title='bbox 2988 5647 3324 5717; x_wconf 80' lang='grc' dir='ltr'>καθαρότητι</span> <span class='ocrx_word' id='word_1_897' title='bbox 3363 5650 3460 5719; x_wconf 74' lang='grc' dir='ltr'>ζῇν</span> <span class='ocrx_word' id='word_1_898' title='bbox 3504 5650 3639 5721; x_wconf 80' lang='grc' dir='ltr'>ἁλη-</span> 
     </span>
    </p>
   </div>
   <div class='ocr_carea' id='block_1_121' title="bbox 2059 5730 3633 5813">
    <p class='ocr_par' dir='ltr' id='par_1_121' title="bbox 2059 5730 3633 5813">
     <span class='ocr_line' id='line_1_121' title="bbox 2059 5730 3633 5813; baseline 0.008 -30"><span class='ocrx_word' id='word_1_899' title='bbox 2059 5730 2179 5799; x_wconf 82' lang='grc' dir='ltr'>θείᾳ</span> <span class='ocrx_word' id='word_1_900' title='bbox 2236 5747 2293 5782; x_wconf 86' lang='grc' dir='ltr'>τε</span> <span class='ocrx_word' id='word_1_901' title='bbox 2348 5733 2442 5784; x_wconf 79' lang='grc' dir='ltr'>καὶ</span> <span class='ocrx_word' id='word_1_902' title='bbox 2486 5734 2824 5807; x_wconf 77' lang='grc' dir='ltr'>δικαιοσύνῃ,</span> <span class='ocrx_word' id='word_1_903' title='bbox 2871 5738 2965 5791; x_wconf 74' lang='grc' dir='ltr'><strong>καὶ</strong></span> <span class='ocrx_word' id='word_1_904' title='bbox 2997 5738 3285 5808; x_wconf 77' lang='grc' dir='ltr'>σχολάζειν</span> <span class='ocrx_word' id='word_1_905' title='bbox 3314 5744 3433 5805; x_wconf 81' lang='grc' dir='ltr'>ταῖς</span> <span class='ocrx_word' id='word_1_906' title='bbox 3466 5758 3633 5813; x_wconf 83' lang='grc' dir='ltr'>προσ-</span> 
     </span>
    </p>
   </div>
   <div class='ocr_carea' id='block_1_122' title="bbox 2061 5824 3630 5904">
    <p class='ocr_par' dir='ltr' id='par_1_122' title="bbox 2061 5824 3630 5904">
     <span class='ocr_line' id='line_1_122' title="bbox 2061 5824 3630 5904; baseline 0.01 -31"><span class='ocrx_word' id='word_1_907' title='bbox 2061 5824 2287 5892; x_wconf 76' lang='grc' dir='ltr'>ευχαῖςο</span> <span class='ocrx_word' id='word_1_908' title='bbox 2339 5824 2420 5876; x_wconf 85' lang='grc' dir='ltr'><strong>ὅτι</strong></span> <span class='ocrx_word' id='word_1_909' title='bbox 2490 5826 2898 5899; x_wconf 77' lang='grc' dir='ltr'>ἀνατεθειμένοι</span> <span class='ocrx_word' id='word_1_910' title='bbox 2959 5830 3078 5901; x_wconf 81' lang='grc' dir='ltr'>Θεῷ</span> <span class='ocrx_word' id='word_1_911' title='bbox 3129 5832 3393 5904; x_wconf 79' lang='grc' dir='ltr'>τελοῦμεν</span> <span class='ocrx_word' id='word_1_912' title='bbox 3448 5835 3630 5904; x_wconf 54' lang='grc' dir='ltr'>ἡμᾶς,</span> 
     </span>
    </p>
   </div>
  </div>
