4094 6194
305 441 412 504 605

1506 443 1604 505 Ds
1647 445 1884 508 sacrm
1913 449 2419 512 PllECA'l‘lONE.
2450 409 2456 414 ’

3456 447 3566 515 606

301 555 542 617 καὶτοῖς
587 553 910 624 μυστηρίοις
970 555 1324 625 ἡγιασμένοι,
1379 559 1476 612 καὶ
1522 562 1586 630 τῇ
1616 560 1874 628 ὁμολογία

1997 562 2260 619 lehemus.
2288 565 2361 620 De
2389 566 2490 620 hac
2505 566 2978 622 commendatione
2993 583 3181 624 omnes
3204 568 3567 623 meminerunt

301 645 450 716 αὖτῷ
467 647 862 715 ἀφιερωμένοι,
885 647 977 699 καὶ
993 646 1068 710 ὡς
1085 647 1510 717 παραδεδομένοι
1524 650 1765 719 Χριστῷ,
1783 652 1872 703 καὶ

300 739 672 806 ἠγορασμένοι
699 739 788 791 ὑπ’
824 739 1012 800 αὑτοῦ,
1069 740 1236 809 μηδὲν
1267 741 1395 795 ἄλλο
1432 742 1462 809 ἢ
1499 743 1566 794 τὰ
1598 741 1695 793 τοῦ
1743 741 1876 810 Χρι-

302 829 426 882 στοῦ
473 829 780 896 ὀφείλοντες
815 831 1082 898 ἐνεργεῖν.
1121 831 1256 900 Περὶ
1302 831 1504 899 ταύτης
1551 831 1649 898 τῆς
1700 849 1876 900 παρα-

301 923 474 989 θήκης
523 923 724 982 πάντες
768 923 817 974 οί
872 921 1016 990 ἅγιοι
1077 922 1406 991 μέμνηνται,
1441 923 1538 974 καὶ
1577 923 1604 972 ὁ
1641 922 1830 992 Σωτήρ
1857 939 1870 952 ·

299 1014 396 1065 καὶ
431 1013 531 1083 τὴν
565 1013 900 1084 παραθήκην
944 1015 1162 1084 πρῶτος
1193 1014 1492 1084 πεποίηκεν
1523 1013 1686 1075 αὐτὸς
1718 1015 1774 1065 ὲν
1798 1013 1874 1082 τῷ

303 1107 522 1175 μέλλειν
577 1107 852 1175 πάσχειν,
907 1107 1293 1178 παραθέμενος
1345 1108 1491 1175 ἡμᾶς
1539 1107 1618 1176 τῷ
1675 1107 1872 1178 Πατρλ,

305 1207 324 1246 ι
357 1197 599 1264 Φύλαξον
635 1199 856 1262 αὐτοὺς,
892 1199 1082 1260 εἰπὼν,
1122 1201 1179 1252 ἐν
1231 1200 1311 1268 τῷ
1341 1199 1566 1268 ὀνόματί
1618 1217 1734 1266 σου,
1782 1201 1873 1253 καὶ

299 1288 530 1352 ἁγίασον
562 1291 758 1352 αὐτοὺς
793 1293 850 1342 ὲν
880 1293 944 1360 τῇ
981 1291 1209 1361 ἀληθείᾳ
1249 1308 1367 1357 σου,
1412 1309 1430 1342 ι
1472 1295 1564 1344 καὶ
1609 1293 1675 1344 τὰ
1710 1291 1871 1360 ἐξῆς’

277 1381 533 1474 1’ἀλήθεια
564 1380 622 1433 δὲ
669 1381 850 1443 αὑτός.
888 1381 1075 1434 Ταῦτα
1107 1382 1356 1448 τελέσας,
1391 1383 1778 1450 ὲπισφραγίζει
1807 1385 1872 1452 τῇ

271 1473 610 1542 ῥέκῳωνήσει
642 1475 667 1526 ό
703 1473 881 1541 ἱερεὺς
908 1475 1006 1539 τὴν
1029 1475 1340 1542 δοξολυγίαν
1366 1476 1463 1541 τῆς
1499 1475 1759 1545 Τριάδος,
1792 1475 1872 1538 τὺ,

274 1555 324 1614 ἰ
365 1565 492 1616 Ὅτι
527 1565 726 1633 πρέπει
763 1581 866 1630 σοι,
916 1565 1176 1634 εῖρηκὼς,
1215 1585 1231 1617 ι
1272 1569 1336 1636 τῇ
1382 1567 1634 1636 θεολογίᾳ.
1667 1566 1878 1619 x1160-

302 1655 522 1724 ξολογίᾳ
555 1655 689 1724 ὁμοῦ
732 1656 967 1725 βεϐαιῶν
993 1656 1062 1710 τὰ
1097 1659 1495 1727 προειρημένα,
1535 1659 1630 1710 καὶ
1661 1676 1890 1728 μαρτυ--

301 1745 408 1812 ρῶν
449 1747 525 1806 ὡς
575 1745 749 1798 ταῦτα
799 1745 952 1801 ἔσται
986 1749 1118 1816 ἡμῖν
1155 1747 1263 1799 ἀπὸ
1313 1747 1406 1800 τοῦ
1455 1747 1612 1800 Θεοῦ.
1664 1747 1786 1800 Τῶν
1821 1749 1878 1802 δὲ

301 1835 491 1904 ὕμνων
534 1840 592 1890 ὲν
621 1841 938 1909 τροπαρίοις
978 1841 1010 1908 ἢ
1047 1841 1336 1910 ἰδιομέλοις
1384 1841 1500 1910 ἅμα
1724 1842 1878 1912 λεγο-

307 1930 492 1998 μένων
527 1934 638 1992 τοῖς
677 1933 900 1999 στίχοις,
931 1937 993 2002 τῇ
1035 1933 1132 2000 μὲν
1165 1935 1420 2006 κυριακῇ
1458 1936 1766 2002 ἱσταμένων
1803 1940 1882 2001 είς

303 2021 434 2073 δέκα
463 2022 700 2089 στίχους,
726 2023 815 2074 διὰ
843 2021 903 2073 τὸ
930 2024 1022 2075 τοῦ
1050 2023 1286 2092 ἀριθμοῦ
1307 2023 1533 2090 τέλειον,
1558 2027 1617 2078 ὲν
1641 2027 1698 2080 δὲ
1722 2029 1882 2098 ἑορτῇ

306 2131 457 2176 τινος
486 2113 596 2165 τῶν
640 2114 810 2181 ἁγίων
852 2115 932 2177 είς
967 2117 1193 2186 στίχους
1229 2117 1394 2182 ὀκτὼ,
1433 2117 1520 2171 διὰ
1549 2119 1647 2190 τὴν
1693 2119 1885 2186 ὀγδόην

305 2208 394 2260 καὶ
431 2207 861 2262 ἀκατάπαυστον
889 2209 1128 2280 ἡμέραν,
1155 2209 1212 2261 ὲν
1295 2211 1509 2266 ἔσονται
1543 2213 1590 2264 οί
1623 2211 1714 2264 τοῦ
1746 2210 1884 2264 Θεοῦ

303 2300 566 2363 πάντοτε,
605 2301 698 2353 καὶ
738 2299 834 2352 νῦν
870 2303 978 2354 είσι
1019 2303 1132 2362 τοῖς
1173 2301 1447 2372 πνεύμασι
1483 2306 1580 2356 σὺν
1617 2303 1842 2374 Χριστῷ
1867 2321 1879 2335 ·

304 2395 383 2454 είς
413 2393 479 2455 ἒξ
501 2393 556 2445 δὲ
583 2393 706 2446 καθ’
729 2392 948 2460 ἡμέραν
979 2392 1068 2446 διὰ
1091 2393 1152 2445 τὸ
1176 2394 1317 2464 ὑπὲρ
1342 2395 1441 2463 τὴν
1468 2396 1721 2464 αἴσθησιν
1744 2393 1884 2448 εἶναι

305 2483 638 2553 πενταδικὴν
655 2479 820 2537 οὖσαν
849 2484 975 2545 τοὺς
993 2485 1180 2550 ἁγίους
1207 2485 1320 2546 νῦν,
1340 2485 1435 2538 καὶ
1452 2485 1533 2548 δὶς
1557 2487 1655 2555 τὴν
1681 2487 1886 2556 Τριάδα

309 2578 600 2648 σημαίνειν
618 2579 686 2630 τὰ
702 2577 779 2642 ἒξ,
803 2579 1142 2646 ἑκατέρωθεν
1159 2575 1304 2631 οὗτοι
1322 2579 1372 2632 οἱ
1395 2577 1554 2647 ὕμνοι
1569 2579 1880 2649 ψάλλονται,

305 2670 412 2722 εἴτε
452 2670 580 2738 περὶ
626 2670 722 2739 τῆς
768 2671 1121 2730 ἀναστάσεως
1157 2669 1328 2734 ὄντες,
1373 2673 1479 2724 εἴτε
1527 2672 1658 2742 περὶ
1693 2670 1885 2744 ἐτέρας

311 2763 692 2831 προκειμένης
710 2763 902 2830 ἑορτῆς
928 2762 959 2832 ἢ
992 2761 1168 2829 ἁγίου.
1193 2761 1282 2831 Τῷ
1315 2761 1616 2833 τελευταίῳ
1637 2764 1694 2817 δὲ
1720 2765 1887 2835 στίχῳ

307 2854 354 2905 oi.
407 2853 568 2924 χοροὶ
619 2855 996 2922 συνέρχονται,
1037 2854 1151 2924 ,τὴν
1201 2855 1521 2924 συμφωνίαν
1572 2855 1883 2934 δηλοῦντες.

306 2949 399 3001 καὶ
427 2947 524 3018 τὴν
557 2947 646 3000 διὰ
669 2947 762 2999 τοῦ
797 2947 1046 3017 Σωτῆρος
1075 2947 1170 3002 τοῦ
1197 2947 1406 3018 κόσμου
1433 2947 1636 3012 παντὸς
1663 2950 1886 3004 ἕνωσιν.
1929 3011 1936 3014 _

309 3039 481 3092 Ὅθεν
512 3037 648 3106 ὁμοῦ
685 3038 822 3107 πρὸς
855 3037 917 3090 τὸ
949 3037 1339 3108 θυσιαστήριον
1367 3037 1646 3103 κλίνοντες
1686 3039 1891 3094 ἐκϐοῶ-

311 3151 416 3197 αιν,
461 3151 479 3184 ς
518 3133 644 3184 Ὅτι
676 3131 1024 3200 ὲκραταιώθη
1056 3131 1118 3183 τὸ
1147 3129 1296 3194 ἔλεος
1329 3131 1491 3184 αὐτοῦ
1527 3131 1616 3202 ἐφ’
1645 3133 1793 3202 ἡμᾶς
1815 3151 1828 3164 ·
1861 3152 1880 3186 ι

1989 656 2188 720 sancti,
2219 658 2438 726 ipseque
2479 657 2730 713 Salvator
2757 661 2848 728 qui
2877 659 3401 714 commendationem
3457 659 3567 729 pri-

1987 761 2108 798 mus
2147 749 2271 801 fecit
2305 748 2522 816 jamjam
2561 765 2824 816 passurus
2855 766 2870 816 ;
2907 765 3006 806 nos
3036 750 3178 806 enim
3215 751 3358 804 Patri
3417 765 3568 804 com-

1987 837 2262 890 mendavit
2292 837 2477 892 dicens
2507 855 2522 889 :
2557 856 2575 888 ι
2607 837 2772 892 Serva
2797 835 2800 840 ’
2829 853 2924 892 eos
2959 838 3014 893 in
3084 840 3304 894 nomine
3347 847 3460 900 tuo,
3514 845 3568 892 et

1988 927 2270 980 sanctiﬁea
2299 941 2395 982 eos
2453 929 2504 982 in
2539 929 2766 987 veritate
2795 939 2905 994 tua,
2943 949 2957 981 ι
3001 929 3118 999 ipse
3150 940 3329 983 autem
3380 939 3564 983 estve-

1985 1017 2141 1070 ritas.
2172 1016 2382 1082 Quibus
2407 1019 2599 1087 jussis,
2625 1022 2868 1076 clamans
2903 1021 3156 1089 obsignat
3181 1019 3436 1075 sacerdos
3467 1021 3567 1073 de-

1985 1110 2253 1176 xelogiaut
2317 1109 2602 1164 Trinitatis
2638 1129 2652 1164 :
2693 1129 2712 1161 ι
2754 1110 2831 1164 Te
2891 1112 3083 1174 decet,
3123 1131 3142 1163 ι
3179 1111 3404 1178 dicens,
3471 1109 3564 1164 Dei

1983 1200 2326 1256 confessione
2356 1209 2409 1256 et
2448 1203 2843 1272 gloriﬁcatione
2875 1204 3034 1258 simul
3061 1205 3388 1258 conﬁrmans
3415 1203 3568 1271 prius

1983 1293 2148 1357 dicta,
2184 1303 2508 1364 testausque
2539 1296 2642 1348 ista
2665 1311 2694 1350 a
2725 1293 2834 1350 Deo
2877 1296 3035 1352 nobis
3070 1295 3207 1351 fore.
3243 1295 3411 1350 Porro
3485 1295 3570 1348 di-

1983 1383 2086 1438 ctis
2111 1385 2328 1454 hymnis
2352 1386 2405 1439 iu
2439 1387 2735 1442 versiculos
2765 1389 3129 1456 Sll‘Opllanllle
3155 1386 3427 1442 distinctis
3451 1400 3571 1455 quae

1986 1475 2266 1530 Dominica
2297 1478 2514 1544 quidem
2547 1479 2732 1534 decem
2757 1480 2999 1546 strepliis
3049 1487 3300 1533 constant
3351 1486 3570 1547 propter

1985 1569 2641 1638 uumeriperfeelionem,
2699 1571 2836 1624 festo
2899 1581 3080 1624 autem
3145 1583 3460 1625 sanctorum
3517 1571 3569 1622 iu

1984 1667 2107 1713 octo
2127 1659 2377 1726 stt-Ophas
2399 1659 2753 1728 distinguitur
2772 1673 2990 1729 prepter
3013 1673 3259 1715 octavam
3298 1670 3350 1715 et
3379 1659 3568 1713 indeﬁ-

1985 1753 2216 1805 cientetn
2258 1752 2420 1814 diem,
2457 1753 2510 1804 in
2543 1767 2648 1820 qua
2681 1761 2842 1806 erttnt
2874 1769 3088 1821 semper
3111 1753 3204 1823 qui
3273 1753 3362 1808 Dui
3420 1760 3567 1817 sunt,

1986 1849 2039 1896 et
2068 1859 2213 1897 nunc
2243 1852 2534 1898 versantur
2560 1845 2756 1898 anima:
2782 1860 2902 1898 cum
2928 1843 3164 1908 Christo,
3189 1845 3422 1914 singulis
3443 1858 3572 1900 vero

1917 1907 1954 1963 Β
1985 1934 2177 1988 diebus
2213 1935 2264 1988 in
2299 1951 2392 1988 sex
2429 1936 2706 2004 strophas,
2734 1936 2992 2006 quoniam
3023 1939 3187 1990 modo
3245 1945 3372 1991 sunt
3397 1937 3572 1992 sancti

1986 2043 2148 2094 supra
2167 2029 2406 2097 quinque
2438 2043 2654 2090 sensus,
2697 2027 2893 2096 bisque
2945 2025 3266 2082 Trinitatem
3301 2027 3574 2097 significat

1987 2127 2171 2174 sextus
2203 2134 2510 2183 numerus;
2551 2119 2640 2188 qui
2681 2119 2869 2191 hymni
2921 2119 3180 2186 utrinque
3243 2119 3571 2188 psalluntur,

1987 2209 2098 2263 sive
2131 2210 2181 2263 in
2211 2211 2630 2276 resurrectione,
2656 2211 2770 2265 sive
2812 2215 2864 2264 in
2899 2211 3002 2264 alia
3062 2209 3428 2275 solemnitate,
3485 2210 3572 2264 vel

1989 2301 2040 2353 in
2073 2299 2212 2354 festo
2246 2301 2478 2369 alicujus
2509 2301 2705 2357 sancti.
2739 2302 2808 2356 At
2838 2301 2891 2355 in
2944 2301 3126 2356 ultima
3161 2302 3382 2370 εῑιοοριιτι
3414 2301 3568 2357 chori

1987 2393 2346 2456 conveniunt,
2417 2395 2798 2464 symphoniam
2865 2395 3215 2450 ostendentes
3281 2403 3566 2464 totmuque

1991 2487 2256 2539 mundum
2289 2500 2385 2554 per
2421 2486 2754 2542 Salvatorem
2812 2485 3132 2540 adunatum.
3193 2485 3344 2540 Unde
3401 2485 3568 2541 simul

1988 2577 2160 2631 altare
2189 2593 2379 2633 versus
2407 2577 2735 2634 inclinantes
2759 2577 2995 2632 clamant
3023 2595 3039 2634 :
3079 2597 3095 2630 ι
3127 2577 3394 2644 Quoniam
3427 2593 3560 2632 con-

1989 2669 2200 2722 ﬁrmata
2228 2677 2312 2724 est
2339 2685 2504 2738 super
2533 2685 2632 2724 nos
2677 2669 3050 2724 misericordia
3083 2669 3222 2736 ejus,
3257 2687 3275 2719 ι
3319 2668 3562 2740 gentium

1989 2761 2044 2815 in
2069 2759 2288 2818 Christo
2319 2763 2548 2818 salutem
2577 2762 2965 2832 signiﬁcantes,
3001 2761 3257 2830 quoniam
3291 2762 3346 2816 in
3403 2763 3568 2814 mise-

1990 2854 2222 2909 ricordia
2257 2869 2356 2910 sua
2380 2869 2478 2924 pro
2517 2854 2674 2910 nobis
2704 2869 2917 2924 passus.
2947 2853 3146 2909 virtute
3170 2853 3222 2906 in
3251 2867 3414 2908 cruce
3443 2865 3576 2906 con-

1994 2947 2232 3013 ﬁrmata,
2271 2947 2442 3002 victor
2483 2963 2586 3002 nos
2631 2945 2686 3001 in
2731 2946 3026 3016 semetipso
3080 2944 3442 3016 congregavit.
3495 2943 3565 2998 Et

1990 3041 2185 3096 iterum
2219 3039 2382 3096 simul
2425 3041 2584 3094 modo
2635 3039 2797 3093 etiam
2829 3047 3072 3102 cantant,
3109 3055 3126 3088 ι
3155 3035 3360 3100 Gloria,
3397 3055 3414 3088 ι
3445 3035 3565 3089 sine

1995 3133 2256 3200 temporis
2311 3127 2716 3183 intermissione
2771 3142 2867 3182 seu
2935 3127 3204 3182 divisione
3269 3125 3558 3179 iudivisam

307 3223 407 3293 τὴν
444 3225 501 3273 ἐν
532 3220 756 3291 Χριστῷ
785 3221 892 3272 τῶν
931 3220 1100 3273 ἐθνῶν
1134 3221 1422 3290 δηλοῦντες
1452 3225 1730 3294 σωτηρίαν
1749 3241 1766 3259 ο
1794 3225 1889 3278 καὶ

1995 3223 2282 3278 laudantes
2309 3221 2658 3282 Trinitatem,
2693 3235 2755 3274 ac
2806 3221 3030 3290 insuper
3080 3218 3364 3288 Deiparam
3408 3217 3578 3286 virgi-

307 3319 386 3368 ὅτι
415 3317 474 3368 ὲν
503 3315 642 3366 ἐλέει
665 3313 829 3368 αὐτοῦ
853 3314 993 3384 ὑπὲρ
1020 3311 1176 3384 ἡμῶν
1203 3311 1414 3382 παθὼν⁷
1445 3315 1538 3369 καὶ
1561 3315 1639 3386 τῷ
1666 3315 1886 3388 σταυρῷ

309 3406 476 3460 αὑτοῦ
535 3407 736 3477 κράτος
793 3407 1136 3474 στησάμενος
1185 3407 1280 3459 καὶ
1320 3408 1574 3476 νικήσας,
1625 3409 1774 3476 ἡμᾶς
1815 3409 1878 3459 ἐν

309 3499 484 3566 ἑαυτῷ
525 3497 890 3568 συνηγάγετο.
925 3498 1034 3549 Καὶ
1059 3496 1194 3565 όμοῦ
1237 3497 1402 3549 πάλιν
1445 3498 1526 3562 τὸ,
1567 3517 1585 3549 ι
1621 3498 1757 3562 Δόξα
1793 3501 1889 3554 καὶ

1996 3329 2120 3369 nem
2147 3315 2198 3368 in
2235 3313 2339 3368 ﬁne
2375 3311 2765 3383 gloriﬁcantes,
2797 3312 2922 3367 inde
2959 3311 3266 3366 conﬁtendo
3319 3309 3578 3363 incarna-

1995 3407 2196 3460 tionem
2229 3405 2345 3472 ejus
2373 3405 2467 3473 qui
2498 3420 2562 3459 ex
2592 3419 2656 3458 ea
2716 3405 3031 3459 incarnatus
3077 3413 3161 3457 est
3209 3413 3566 3472 magnamque

1997 3515 2048 3552 et
2083 3509 2473 3569 prmputeiitem
2525 3498 2643 3564 ejus
2683 3498 3149 3553 intercessionem.

309 3591 426 3653 νῦν,
467 3609 486 3642 ι
527 3590 734 3661 ᾄδουσι,
787 3587 1198 3657 δοξολογοῦντες
1244 3589 1568 3659 ἀδιαιρέτως
1630 3591 1729 3659 τὴν
1775 3591 1976 3660 Τριάδα
2021 3593 2119 3658 τὴν
2176 3591 2480 3658 ἀδιαίρετον
2506 3607 2516 3618 ·
2553 3589 2629 3641 ἔτι
2663 3591 2716 3643 δὲ
2749 3592 2844 3642 καὶ
2879 3589 2974 3658 τὴ)
3011 3587 3334 3656 Θεομήτορα
3384 3585 3554 3652 κόρην

319 3685 470 3754 ἐντῷ
508 3685 670 3748 τέλει,
701 3685 788 3736 διὰ
824 3684 924 3754 τὴν
966 3683 1256 3754 ὁμολογίαν
1288 3683 1385 3752 τῆς
1437 3683 1762 3752 σαρκώσεωε,
1821 3685 1914 3737 τοῦ
1969 3687 2024 3751 ἐξ
2083 3687 2248 3752 αὐτῆς
2287 3683 2676 3754 npuuﬁévtog,
2729 3686 2819 3735 zz‘.
2859 3684 2954 3752 τὴν
2995 3683 3166 3749 αὐτῆς
3219 3678 3418 3747 πολλὴν
3469 3677 3560 3729 καὶ

321 3781 538 3852 δυνατὴν
570 3781 874 3852 μεσιτείαν.

879 3947 1102 4000 κΕψΑΑ
1148 3946 1319 3999 'l‘Al“.
2077 3945 2082 3954 '
2379 3919 2390 3922 ’
2476 3941 2704 3997 caeur
2730 3941 3104 3996 cccxxxut.

321 4087 381 4140 Τί
403 4087 688 4152 σημαίνει
716 4083 753 4150 ἡ
792 4083 897 4152 τοῦ
923 4080 1248 4152 ἑσπερινρῦ
1297 4081 1559 4147 εἴσοδος·
1595 4079 1692 4152 καί
1743 4081 1796 4132 τί
1826 4085 1888 4152 τὸ

383 4149 622 4210 mlierem
649 4155 754 4206 τεν
784 4151 942 4220 ἱερέα
973 4151 1070 4204 καὶ
1104 4151 1488 4215 ἀνίστασθαι,
1523 4149 1617 4204 καὶ
1652 4151 1896 4204 ἀναϐαί-

383 4244 517 4280 νειν
539 4229 624 4289 εἰς
655 4225 720 4276 τὸ
745 4221 1201 4288 θυσιαστήριον,
1229 4221 1326 4274 καὶ
1347 4221 1750 4291 είσέρχεσθαι.

391 4341 565 4394 Ἲῗνθα
597 4343 660 4410 δὴ
691 4340 784 4394 καὶ
809 4341 836 4391 ό
875 4339 1056 4410 ἱερεὺς
1117 4339 1349 4392 ποιεῖται
1382 4338 1482 4407 τὴν
1527 4339 1752 4404 είσοδον,
1788 4337 1896 4391 ἀπὸ

315 4437 411 4489 τοῦ
441 4432 844 4506 θυσιαστηρίου
885 4431 1132 4504 ἁσκεπὴς
1158 4432 1513 4501 ἐξερχόμενος
1547 4432 1686 4500 μετὰ
1703 4431 1898 4501 θυμια-

318 4527 414 4581 τοῦ
443 4545 501 4578 τε
528 4523 625 4578 καὶ
653 4525 1020 4594 θυμιάματος,
1060 4524 1154 4576 καὶ
1189 4523 1352 4593 μέσον
1394 4521 1488 4575 τοῦ
1521 4523 1650 4576 ναοΰ
1699 4523 1900 4577 κλίνων

2005 4077 2145 4144 Quid
2166 4078 2459 4148 signi/irent
2491 4079 2767 4143 vespertini
2799 4079 3084 4145 ingrsssus,
3105 4083 3157 4148 et
3175 4090 3269 4126 cur
3290 4072 3511 4148 inclinet
3531 4089 3586 4127 se

2077 4143 2349 4220 sacerdos,
2399 4157 2445 4200 et
2485 4148 2672 4200 iterum
2703 4143 2906 4217 surgit,
2946 4145 3294 4220 ascenditque
3315 4145 3383 4197 ad
3414 4143 3586 4196 altare

2073 4227 2122 4272 et
2148 4219 2463 4288 ingreditur.

2079 4333 2281 4389 Deinde
2305 4331 2558 4387 sacerdos
2594 4332 2898 4400 ingressum
2960 4329 3111 4392 facit,
3143 4345 3206 4384 ex
3241 4329 3398 4384 altari
3439 4329 3585 4384 nudo

2007 4427 2183 4492 capite
2207 4424 2511 4493 egrediens,
2541 4437 2662 4477 cum
2695 4421 2972 4477 thuribulo
2999 4431 3051 4476 et
3071 4423 3251 4487 thure,
3283 4431 3336 4476 et
3386 4423 3436 4475 in
3471 4435 3588 4475 me-

2009 4515 2099 4571 dio
2133 4515 2315 4584 templi
2346 4531 2467 4570 sese
2499 4515 2787 4578 inclinans,
2840 4529 2904 4569 ac
2937 4529 3194 4584 surgens,
3261 4515 3591 4585 signausque
3621 4571 3634 4578 ι

319 4620 416 4671 καὶ
445 4619 760 4687 εὐχόμενος,
791 4619 886 4668 καὶ
936 4615 1298 4684 ἀνιστάμενος
1341 4615 1435 4667 καὶ
1485 4617 1803 4684 σφραγίςων
1829 4615 1889 4684 τῇ

2001 4607 2168 4662 manu
2194 4615 2248 4661 et
2269 4607 2570 4673 thuribulo,
2602 4623 2932 4677 rursumque
2963 4607 3028 4660 ad
3071 4608 3244 4662 altare
3285 4615 3586 4661 revertens.

319 4711 469 4780 χειρὶ
501 4709 596 4761 καὶ
632 4711 708 4776 τῷ
765 4708 1095 4778 θυμιάματι,
1149 4705 1244 4758 καὶ
1289 4705 1369 4766 είς
1400 4706 1462 4757 τὸ
1512 4705 1900 4776 θυσιαστήριον

321 4801 760 4870 ἐπανερχόμενος
784 4795 959 4862 αὖθις.
1007 4797 1288 4868 Τίτούτῳ
1320 4797 1495 4867 δηλῶν
1524 4813 1540 4866 ;
1594 4797 1718 4852 Ὀτι
1749 4798 1844 4851 καὶ
1873 4796 1902 4849 ὁ

319 4893 416 4944 τοῦ
447 4893 582 4943 Θεοῦ
611 4891 922 4960 Μονογενὴς
961 4892 1202 4960 μέχριςή
1214 4889 1330 4960 μῶν
1365 4891 1472 4942 ἀπὸ
1495 4888 1601 4942 τῶν
1635 4890 1904 4960 οὐρανίων

321 4980 607 5034 κατελθὼν
631 4981 857 5050 ἀψίδων,
892 4981 1056 5034 πάλιν
1091 4983 1170 5044 είς
1200 4983 1291 5034 τὸν
1329 4982 1554 5052 οὐρανὸν
1605 4981 1904 5050 ἀνελήλυθε

323 5073 419 5123 καὶ
449 5071 596 5139 ἡμᾶς
615 5071 984 5140 ἐπανήγαγεν.
1015 5071 1180 5124 Ὅθεν
1205 5075 1300 5124 καὶ⁸
1323 5074 1386 5142 τῇ
1414 5071 1682 5135 ἐξελεύσει
1706 5071 1903 5143 ταύτῃ,

325 5162 422 5214 καὶ
456 5165 520 5232 τῇ
551 5161 727 5213 κλίσει
781 5163 877 5229 τῆς
935 5163 1178 5232 κεφαλῆς
1204 5167 1298 5217 καὶ
1327 5163 1648 5233 ἀνορθὼσει,
1685 5155 1781 5214 καῖ
1825 5163 1902 5234 τῷ

327 5255 620 5322 ἔκτοῆσαι,
655 5256 856 5324 (Σοφίᾳ
884 5255 1059 5322 ὀρθο“ι,
1089 5275 1107 5306 ι
1143 5257 1236 5307 καὶ
1274 5256 1573 5327 σφραγίσαι
1603 5254 1680 5322 τῷ
1713 5254 1910 5322 θυμια-

326 5345 589 5414 τηρίῳ,ἣ
627 5345 912 5413 ἀνυῷῶσαι
951 5347 1009 5397 τὸ
1063 5346 1414 5413 Εὑαγγέλιον,
1467 5347 1515 5396 εἰ
1573 5343 1906 5412 Εὐαγγελίου

328 5433 534 5494 εἴσοδός
565 5436 700 5498 ἐστι,
743 5437 836 5488 καὶ
864 5437 941 5496 εἰς
968 5435 1028 5487 τ’)
1061 5435 1213 5504 βῆμα
1257 5435 1597 5501 ἐπανελθεῖν,
1630 5435 1813 5488 πάντα
1841 5433 1908 5486 τὰ

325 5527 432 5594 τῆς
455 5528 764 5596 οἰκονομίας
795 5528 949 5598 δηλοῖ
969 5545 982 5559 ο
1009 5529 1068 5580 τὸ
1101 5527 1338 5593 ἐξελθεῖν
1375 5529 1473 5597 μὲν
1521 5531 1615 5582 καὶ
1643 5530 1910 5598 κατέρχε-

332 5621 458 5671 σθαι
489 5619 583 5689 τὴν
619 5622 920 5674 κατάδασιν
948 5619 1187 5690 Χριστοῦ
1220 5621 1316 5674 καὶ
1359 5621 1685 5674 ταπείνωσιν
1705 5637 1718 5651 ·
1746 5623 1804 5675 τὸ
1829 5623 1913 5673 ἐν-

330 5712 622 5780 δεδεμένον
653 5715 708 5766 δὲ
749 5711 893 5766 εἶναι
923 5713 990 5766 τὰ
1049 5715 1326 5782 ἱερατικά,
1353 5715 1452 5782 τὴν
1502 5715 1783 5784 σάρκωσιν
1808 5731 1822 5744 ·
1853 5715 1914 5766 τὸ

339 5801 508 5870 μέσον
531 5820 592 5855 τε
623 5807 822 5857 στάντα
857 5807 1037 5858 κλῖναι
1083 5805 1182 5876 τὴν
1213 5807 1480 5876 κεφαλὴν,
1527 5806 1586 5857 τὸ
1620 5807 1783 5874 μέσον
1815 5805 1914 5874 τῆς

336 5892 447 5962 γῆς
493 5895 872 5966 σταυρωθῆναι
917 5896 1057 5968 ὑπὲρ
1106 5897 1266 5966 ἡμῶν
1297 5899 1392 5950 καὶ
1446 5895 1762 5958 ἀποθανεῖν,
1819 5897 1912 5948 καὶ

2005 4699 2145 4766 Quid
2203 4701 2288 4754 his
2337 4697 2656 4768 significat?
2714 4699 2870 4763 Quod
2916 4699 3230 4768 unigenitus
3283 4697 3374 4751 Dei
3421 4696 3591 4751 Filius

2007 4806 2182 4859 usque
2213 4790 2278 4843 ad
2314 4805 2415 4842 nos
2453 4809 2484 4844 e
2535 4790 2853 4845 coelestibus
2905 4790 3128 4844 sedibus
3187 4789 3493 4854 descendit,
3534 4798 3590 4862 et

2006 4897 2200 4936 rursus
2223 4881 2276 4934 iu
2303 4881 2502 4934 coelum
2539 4879 2783 4934 ascendit
2817 4896 3028 4950 nosque
3079 4881 3154 4934 ibi
3183 4881 3428 4935 adduxit.
3461 4882 3590 4936 Ideo

2007 4973 2136 5029 dum
2173 4973 2246 5026 ita
2277 4971 2557 5042 egreditur
2606 4977 2660 5024 et
2723 4979 2885 5040 caput
2930 4972 3156 5027 inclinat
3198 4987 3262 5026 ac
3319 4973 3496 5042 erigit,
3537 4984 3592 5028 et

2011 5065 2253 5116 clamat:
2291 5080 2310 5112 ι
2347 5061 2628 5132 Sapientia
2673 5063 2863 5126 creati,
2905 5081 2923 5114 ι
2962 5065 3251 5134 signatque
3293 5065 3590 5131 thurihulo,

2012 5159 2094 5211 vel
2128 5157 2484 5228 Evangeiium
2516 5159 2748 5226 extollit,
2782 5163 2826 5214 si
2873 5161 3156 5230 ingressus
3214 5159 3376 5214 fuerit
3409 5159 3592 5213 Evan-

2012 5249 2156 5318 gelii,
2190 5259 2352 5318 atque
2377 5251 2442 5302 ad
2473 5253 2678 5317 gradus
2705 5253 3018 5319 revertitur,
3053 5251 3234 5306 omnia
3268 5251 3592 5308 (Bconontl'a:

2014 5341 2270 5410 mysteria
2315 5340 2575 5396 ostendit.
2609 5341 2742 5394 Nam
2779 5343 3106 5410 egrediendo
3145 5342 3364 5411 quidem
3398 5355 3452 5397 et
3498 5343 3595 5398 de-

2015 5435 2325 5489 scendendo
2345 5434 2668 5488 descensum
2687 5433 2891 5488 Christi
2921 5435 3193 5504 hujusque
3225 5437 3584 5491 humilitatem

2017 5526 2270 5596 patefacit
2304 5545 2318 5591 ;
2353 5527 2478 5580 dum
2512 5527 2688 5580 Sacris
2718 5526 2972 5580 induitur
3027 5527 3270 5584 vestibus
3337 5529 3593 5583 incarna-

2017 5619 2216 5670 tionem
2252 5617 2456 5671 iudicat
2487 5635 2502 5685 ;
2536 5618 2664 5671 dum
2705 5619 2758 5671 in
2784 5622 2958 5675 medio
2985 5633 3149 5691 caput
3202 5621 3448 5687 inclinat,
3476 5623 3596 5678 Sal-

2017 5719 2259 5764 vatorem
2295 5724 2393 5778 pro
2428 5711 2668 5764 nobisin
2733 5711 2910 5767 medio
2967 5725 3124 5768 terrae
3167 5715 3490 5769 cruciﬁxum
3545 5727 3599 5772 et

2019 5811 2292 5856 mortuum
2336 5811 2496 5872 atque
2527 5804 2576 5857 in
2609 5803 2880 5859 infernum
2941 5785 3360 5862 descendentem
3413 5809 3596 5861 decla-

2021 5905 2122 5950 rat.
2161 5893 2282 5951 ldeo
2312 5895 2363 5949 in
2391 5895 2609 5952 silentio
2644 5907 2915 5970 caputque
2943 5897 3220 5955 inclinans
3249 5901 3590 5966 deprecatur,
