4094 6194
503 377 604 439 ΕΓιἹ

1344 383 1724 446 SYMEONIS
1757 346 2505 446 TIlESSALONlCENSlS
2547 382 2902 444 ARCHIEP.

3658 374 3763 439 608

502 496 761 566 quoniam
790 496 1044 554 Christus
1084 507 1372 570 postquam
1426 503 1782 574 semetipsum
1814 502 1960 557 Patri
1990 503 2089 559 ob-

2193 503 2436 575 είςιᾲδου
2481 498 2764 553 κατελθεῖν
2799 498 2891 550 τὸν
2920 495 3173 566 Σωτῆρα.
3224 492 3389 547 Ὅθεν
3425 491 3518 545 καὶ
3545 492 3603 544 ὲν
3636 496 3759 561 σιγῇ

501 591 685 645 tulerit
708 600 761 644 et
790 590 844 644 in
878 589 1150 647 infernum
1182 594 1543 662 descenderit,
1578 610 1679 651 nos
1712 595 1838 652 inde
1882 596 2027 650 eruit
2060 612 2077 659 ;

501 682 626 737 ideo
651 682 811 737 etiam
842 685 1127 740 incensum
1160 701 1269 756 quo
1300 687 1680 757 signiﬁcantur
1719 697 1904 743 sancta
1930 688 2079 743 illius

499 775 679 829 anima
712 786 875 846 atque
910 780 1017 833 vita
1074 779 1126 833 in
1181 780 1620 850 acceptissimum
1681 781 1903 836 odorem
1970 781 2082 835 Deo

499 870 713 937 oblatae,
745 871 903 925 oﬂ'ert
959 875 1240 936 sacerdos,
1307 875 1393 929 vel
1451 876 1672 929 exhibet
1724 876 2076 946 Evangelium

499 963 644 1016 velut
674 962 847 1031 ipsum
879 964 1188 1033 Dominum,
1238 974 1403 1037 atque
1448 983 1572 1021 cum
1637 983 1702 1022 eo
1759 967 2076 1034 inclinatur,

498 1054 754 1124 quoniam
787 1055 901 1123 ipse
935 1055 1001 1111 ad
1036 1072 1137 1111 nos
1190 1056 1469 1113 descendit
1499 1075 1514 1120 ;
1550 1069 1604 1113 et
1662 1059 1889 1129 erigitur
1938 1074 2078 1129 quo.

501 1147 644 1200 niam
679 1147 795 1216 ipse
826 1149 1069 1203 surrexit
1124 1149 1377 1207 Christus
1426 1166 1640 1221 nosque
1700 1151 2075 1222 congregavit,

498 1235 641 1306 quod
668 1238 927 1307 praedicat
960 1248 1014 1293 et
1042 1240 1379 1296 demonstrat
1422 1242 1541 1297 sive
1597 1256 1815 1298 crucem
1872 1241 2076 1297 faciens

499 1344 622 1385 cum
671 1330 973 1399 thuribulo,
1006 1332 1123 1387 sive
1144 1333 1354 1397 dicens,
1394 1333 1702 1403 cSapientia
1720 1334 1944 1394 erecti.»
1978 1348 2071 1387 seu

498 1423 850 1491 Evangelium
884 1425 1172 1479 extollens.
1208 1426 1340 1479 Dum
1370 1435 1549 1480 autem
1582 1425 1777 1480 iterum
1829 1424 2077 1480 ascendit

498 1523 552 1567 et
572 1514 876 1582 ingreditur
903 1516 968 1570 ad
994 1517 1188 1581 altare,
1218 1517 1532 1573 manifestat
1558 1515 1838 1572 Christum
1869 1532 1898 1571 a
1932 1527 2074 1571 terra

499 1611 839 1671 assumptum
864 1603 917 1657 in
946 1605 1195 1659 eamdem
1257 1619 1420 1675 quam
1472 1615 1790 1673 susceperat
1850 1620 2072 1660 carnem

444 1708 461 1721 ί
502 1708 780 1750 reversum
810 1710 953 1761 esse,
973 1696 1267 1765 semetipso
1296 1712 1395 1766 pro
1430 1697 1591 1752 nobis
1623 1698 1674 1750 in
1708 1697 1946 1751 hostiam
1975 1698 2075 1752 ob-

500 1784 635 1851 lato,
672 1784 939 1854 nobisque
968 1801 1064 1855 per
1092 1800 1216 1840 eum
1267 1786 1519 1842 exaltatis
1577 1798 1631 1841 et
1692 1786 2070 1842 sanctiﬁcatis.

2189 595 2281 648 καὶ
2315 592 2513 646 κλίνων
2543 591 2928 662 προσεύχεται,
2956 590 3039 643 ὅτι
3064 588 3143 658 τῷ
3175 585 3351 656 Πατρὶ
3378 586 3502 650 δοὺς
3549 585 3759 650 ἑαυτὸν,

2186 686 2465 740 κατελθὼν
2517 687 2599 746 είς
2646 684 2738 736 τὸν
2788 682 2943 754 ᾅδην,
2972 680 3146 751 ’ἡμᾶς
3200 680 3411 732 ἐκεῖθεν
3469 678 3760 750 ἐρρύσατο.

2184 780 2276 832 Διὸ
2311 780 2404 832 καὶ
2431 779 2462 848 ἢ
2494 778 2767 847 θυμίαμα,
2798 774 2896 845 τὴν
2918 774 3084 841 ἁγίαν
3106 771 3272 826 αὐτοῦ
3292 771 3475 841 ψυχὴν
3501 771 3595 823 καὶ
3617 767 3763 838 ζωὴν

2184 871 2389 924 τυποῦν
2422 870 2492 924 τά
2527 869 2875 923 εὐωδέστατα
2919 866 3089 928 ὅντως
3119 865 3387 936 προσάγει
3418 865 3446 917 6
3486 862 3686 931 ίερεὺς,
3723 861 3761 930 ἢν

2185 963 2404 1032 κατέχει
2437 962 2499 1014 τὸ
2546 960 2879 1029 Εὑαγγέλιον
2906 958 2982 1021 ὡς
3038 957 3197 1012 αὐτὸν
3254 957 3347 1009 τὸν
3373 954 3611 1026 Κύριον
3666 954 3763 1006 καὶ

2186 1056 2283 1109 σὺν
2318 1053 2467 1123 αὐτῷ
2524 1053 2763 1105 κλίνεται
2792 1064 2806 1080 ⁶
2860 1051 2985 1105 ἐπεὶ
3024 1050 3186 1112 αὐτὸς
3214 1050 3343 1118 ἡμῖν
3403 1045 3716 1116 συγκατέὸη
3742 1059 3759 1077 ⁸

2185 1148 2279 1201 καὶ
2310 1144 2656 1216 ἀνορθοῦται,
2690 1143 2772 1197 ὅτι
2800 1143 2999 1213 ἀνέστη
3045 1140 3280 1212 Χριστὸς
3308 1139 3469 1201 αὐτὸς
3494 1138 3588 1190 καὶ
3614 1135 3761 1206 ἡμᾶς

2186 1240 2497 1308 συνήγειρε.
2558 1237 2668 1290 Kal.
2722 1235 2882 1289 τοῦτο
2929 1233 3197 1303 κηρύσσει
3253 1231 3348 1285 καὶ
3392 1228 3689 1291 δείκνυσιν,
3723 1227 3759 1297 ἦ

2185 1320 2421 1403 σταυροῦ
2453 1327 2731 1400 ποιῶν,τῷ
2775 1324 3122 1397 θυμιατηρίῳ
3151 1323 3247 1376 καὶ
3267 1322 3348 1387 τὸ,
3392 1339 3412 1373 ι
3453 1320 3646 1390 Σοφία,
3672 1318 3762 1371 λέ-

2183 1442 2316 1494 γων,
2351 1423 2502 1493 ὀρθοὶ
2533 1442 2579 1487 ι,
2613 1422 2646 1492 ἢ
2686 1421 2747 1475 τὸ
2779 1418 3116 1487 Εὑαγγέλιον
3155 1414 3395 1482 ἀνυψῶν.
3433 1412 3507 1465 Τὸ
3539 1412 3764 1480 ἀνέρχε-

2184 1518 2308 1570 σθαι
2356 1516 2411 1569 δὲ
2466 1514 2653 1582 πάλιν,
2691 1513 2785 1567 καὶ
2819 1511 3046 1565 εἰσιέναι
3096 1508 3177 1572 είς
3235 1505 3296 1559 τὸ
3351 1503 3758 1572 θυσιαστήριον,

2181 1606 2260 1660 ὅτι
2287 1606 2393 1659 ἀπὸ
2417 1606 2517 1675 τῆς
2544 1605 2649 1673 γῆς
2686 1601 2988 1673 ἀνελήφθη,
3036 1599 3130 1652 καὶ
3179 1596 3307 1650 ἔνθα
3363 1590 3431 1665 ἧν
3466 1592 3760 1661 ἐπανῆλθε,

2184 1697 2303 1767 μεθ’
2326 1692 2394 1768 ἧς
2427 1694 2765 1766 προσείληφε
2792 1692 3018 1761 σαρκὸς,
3048 1690 3149 1757 τὴν
3180 1687 3321 1757 ὑπὲρ
3350 1683 3508 1756 ἡμῶν
3540 1683 3759 1750 ἀνενέγο

2181 1806 2283 1850 κας
2324 1788 2540 1851 θυσίαν,
2604 1787 2675 1840 δι’
2728 1783 2927 1840 ἑαυτοῦ
2969 1786 3066 1839 καὶ
3113 1786 3263 1854 ἡμᾶς
3316 1782 3608 1850 ἀνυψώσας
3665 1777 3766 1832 καὶ

498 1874 612 1933 lloc
639 1877 856 1946 quidem
885 1885 1029 1931 totus
1068 1876 1341 1945 signiﬁcat
1396 1877 1719 1947 ingressus;
1763 1877 1866 1932 hoc
1921 1876 2076 1932 valde

2182 1882 2436 1949 ἁγιάσας.
2469 1880 2580 1935 Καὶ
2603 1880 2753 1934 πᾶσα
2781 1879 2883 1948 μὲν
2913 1877 3119 1940 εἴσοδος
3146 1875 3305 1929 τοῦτο
3351 1874 3624 1944 σημαίνει.
3649 1871 3761 1925 Καὶ
3814 1954 3819 1959 ἢ

498 1970 805 2025 necessario
837 1978 963 2023 ante
988 1970 1170 2023 omnia
1206 1984 1269 2023 ac
1326 1984 1422 2039 per
1462 1970 1641 2023 omnia
1700 1984 1729 2021 a
1776 1967 1935 2024 nobis
1986 1968 2069 2022 di-

493 2062 783 2126 scendum,
821 2062 981 2128 hujus
1018 2077 1235 2132 semper
1266 2061 1583 2117 meminisse
1603 2070 1837 2129 oportet,
1882 2074 2076 2129 nempe

492 2151 548 2206 in
580 2150 684 2209 hoc
710 2167 811 2208 nos
842 2168 964 2209 esse
999 2153 1259 2219 salvatos,
1293 2152 1418 2223 quia
1452 2152 1593 2209 Dens
1627 2152 1693 2207 ad
1722 2168 1821 2208 nos
1852 2152 2077 2207 descen-

492 2242 596 2303 dit.

954 2356 1184 2413 CAPUT
1238 2358 1610 2415 CCCXXXIV.

496 2468 673 2535 Quare
715 2471 769 2523 in
803 2486 1009 2535 vespera
1063 2471 1169 2525 diei
1207 2468 1418 2525 sabbati
1447 2472 1776 2537 splendidior
1808 2474 2075 2540 ingressus

599 2549 651 2595 et
691 2542 744 2594 in
772 2544 975 2595 ceteris
1014 2541 1307 2598 Dominicis
1347 2553 1755 2611 sanctorumque
1790 2543 1963 2611 festis.

571 2702 877 2772 \‘espertini
911 2702 1072 2761 oﬁicii
1109 2703 1389 2776 ingressus
1419 2704 1690 2773 signiﬁcat
1748 2705 1801 2759 in
1865 2705 2074 2762 ultimis

493 2796 707 2851 saeculis
738 2794 852 2850 ﬁeri
884 2794 977 2851 Dei
1007 2796 1353 2855 descensum.
1389 2796 1510 2851 Ideo
1543 2799 1645 2849 hoc
1695 2797 1993 2865 prresertim
2018 2798 2071 2851 in

494 2885 736 2941 sabbatis
764 2896 987 2956 propter
1020 2886 1343 2943 descensum
1380 2885 1583 2941 Christi
1606 2887 1657 2940 in
1700 2888 1904 2943 inferos
1928 2888 2074 2957 ejus-

489 2982 725 3047 demque
749 2980 1203 3035 resnrrectionem
1248 2978 1500 3044 facimus,
1540 2994 1748 3033 necnon
1790 2981 1842 3033 in
1893 2978 2070 3047 festis,

494 3072 753 3138 quoniam
790 3071 883 3141 qui
920 3073 1204 3127 descendit
1232 3072 1565 3126 celebratum
1599 3062 1840 3126 instituit.
1874 3082 2076 3143 myste-

496 3164 658 3229 rium,
693 3173 749 3219 et
786 3164 838 3215 in
901 3172 1220 3217 sanctorum
1265 3164 1901 3228 commcmorationibus,
1931 3180 2070 3232 quo-

2183 1971 2341 2025 τοῦτο
2396 1971 2830 2037 ἀναγκαιότατον
2880 1969 2987 2038 πρὸ
3041 1966 3241 2030 παντὸς
3313 1966 3431 2019 καῖ’
3471 1961 3761 2024 διαπαντὸς

2183 2063 2330 2133 ἡμᾶς
2380 2061 2828 2116 ἐκδιδάσκεσθαιο
2886 2062 2981 2115 καὶ
3029 2060 3222 2113 τούτου
3269 2056 3357 2111 ἀεὶ
3398 2055 3763 2126 μνημονεύειν

2183 2156 2312 2226 χρή·
2348 2155 2431 2208 ὅτι
2463 2154 2555 2207 καὶ
2586 2154 2672 2206 διὰ
2724 2153 2916 2207 τούτου
2959 2151 3269 2222 ἐσώθημεν,
3319 2148 3412 2203 τοῦ
3452 2147 3758 2217 καταϐῆναι

2182 2247 2273 2303 τὸν
2310 2246 2441 2300 Θεὸν
2475 2246 2607 2316 πρὸς
2639 2246 2811 2315 ἡμᾶς.

2742 2359 2995 2416 ΚΕΦΛΛέ
3031 2353 3201 2411 ΤΛΔ’.

2182 2479 2345 2533 Arari
2368 2478 2612 2548 μᾶλλον·
2641 2476 2721 2542 τῷ
2758 2473 3037 2548 Σαϐβάτῳ
3069 2471 3331 2548 ἐσέῐέρας
3374 2469 3762 2548 ,ξιιμ-προτέρα

2253 2551 2291 2616 ἠ
2317 2540 2559 2614 εἵσοδος
2592 2540 2787 2616 emitr
2804 2546 2932 2609 ταῖς
2949 2542 3193 2606 λοιπαῖς
3214 2540 3445 2608 ἑορταῖς
3475 2544 3762 2593 Δεσποτι-

2256 2615 2390 2685 κοῖς
2422 2636 2484 2671 τε
2510 2618 2609 2672 καί
2640 2615 2761 2670 τῶν
2788 2616 2995 2685 ἁγίων.

2260 2713 2326 2765 Ἠ
2351 2711 2444 2766 τοῦ
2475 2708 2766 2781 ἐσπερινοῦ
2794 2708 2853 2762 δὲ
2894 2706 3121 2769 εἴσοδος,
3150 2704 3247 2757 καὶ
3291 2704 3355 2757 τδ
3391 2702 3477 2756 ἐπ’
3512 2702 3763 2772 ἐσχάτων

2177 2802 2287 2857 τῶν
2314 2803 2527 2857 αἰώνων
2565 2801 2819 2872 γενέσθαι
2854 2800 3112 2869 σημαίνει
3158 2796 3256 2866 τὴν
3305 2794 3400 2849 τοῦ
3431 2794 3563 2848 Θεοῦ
3596 2794 3765 2864 236

2181 2897 2619 2966 συγκατάὸασιν.
2648 2895 2740 2948 Διὸ
2762 2895 2857 2947 καὶ
2881 2892 3043 2945 τοῦτο
3077 2891 3281 2963 μᾶλλον
3309 2891 3365 2943 ὲν
3404 2889 3641 2942 Σάϐὃασι
3668 2888 3761 2939 διὰ

2178 2991 2278 3059 τὴν
2317 2993 2396 3051 εἰς
2424 2990 2552 3062 ᾆδον
2580 2988 2806 3042 κάθοδον
2839 2989 2933 3041 καὶ
2975 2988 3276 3047 ἀνάστασιν
3306 2981 3597 3051 ποιοῦμεν,
3661 2981 3760 3033 καὶ

2178 3082 2236 3135 ὲν
2267 3082 2504 3147 ἑορταῖς,
2530 3082 2613 3133 ὅτι
2639 3082 2667 3133 6
2689 3078 2929 3141 καταϐὰς
2950 3080 3011 3131 τὸ
3037 3076 3430 3149 ἑορταζόμενον
3460 3076 3760 3146 μυστήριον

2180 3171 2518 3234 ἐκτετέλεκε,
2580 3170 2675 3224 καὶ
2710 3172 2767 3221 ὲν
2795 3170 3040 3241 μνήμαις
3097 3167 3286 3235 ἁγίων,
3326 3166 3407 3219 ὅτι
3438 3165 3533 3219 καὶ
3556 3165 3759 3226 αὐτοὺς

494 3256 641 3313 niam
677 3255 792 3325 ipse
820 3255 911 3322 qui
943 3255 996 3307 in
1049 3255 1246 3309 caelum
1312 3255 1560 3308 ascendit
1620 3256 1831 3309 animas
1881 3271 2068 3309 eorum

2177 3267 2294 3325 ταῖς
2319 3228 2518 3333 ψυχαῖς
2545 3263 2624 3325 είς
2672 3228 2807 3325 τοὺς,
2853 3228 3117 3332 οξρσινοὺς
3166 3258 3375 3321 ἀναϐὰς
3437 3255 3762 3319 ἀνεϐίϐασε,

462 3323 568 3402 .ibi
604 3323 828 3401 adduxit
862 3360 999 3413 quas
1035 3361 1221 3401 secum
1255 3356 1508 3416 acceptas
1538 3346 1722 3411 habet,
1753 3358 1806 3401 ct
1838 3363 2070 3417 corpora

490 3450 683 3489 eorum
714 3436 1085 3501 resuscitahit,
1113 3442 1171 3490 ut
1196 3451 1292 3491 eos
1318 3451 1505 3492 secum
1528 3446 1668 3492 totos
1703 3439 1898 3494 habent
1927 3454 2071 3494 sem-

492 3544 613 3600 per.

949 3621 1181 3677 CAPUT
1242 3623 1595 3680 CCCXXXV.

596 3714 735 3779 Quid
781 3715 1039 3784 signiﬁcet
1081 3717 1349 3786 ingressus
1380 3719 1437 3771 in
1473 3719 1639 3786 oﬁlcio
1677 3721 1957 3772 matutino.

564 3809 870 3863 Matutinus
926 3819 1108 3863 autem
1162 3811 1217 3863 in
1267 3824 1461 3878 magna
1495 3809 1733 3865 Ecclesia
1791 3813 2069 3881 ingressus

488 3903 679 3955 eadem
731 3901 1025 3971 signiﬁcat,
1082 3900 1336 3955 videlicet
1369 3904 1641 3971 praecipue
1683 3903 1736 3955 in
1791 3901 2067 3955 infernum

491 3995 673 4049 anima
694 3994 972 4049 Christum
998 3995 1369 4064 descendisse,
1406 4006 1459 4051 et
1488 4013 1652 4051 carne
1675 3998 2064 4063 resurrexisse,

491 4098 653 4159 atque
691 4087 759 4142 ab
813 4087 1023 4157 angelis
1052 4088 1400 4157 prmdicatam
1437 4088 1605 4145 fuisse
1638 4089 1785 4145 illius
1821 4104 2070 4145 resurre-

490 4180 752 4237 ctionem.
793 4182 1165 4248 Quamobrem
1216 4184 1363 4238 circa
1396 4182 1698 4238 diluculum
1752 4192 1806 4238 et
1842 4184 1895 4238 in
1938 4199 2070 4253 sug-

490 4284 664 4346 gesto,
710 4277 860 4329 velut
894 4276 946 4328 in
976 4274 1177 4344 lapide,
1220 4284 1481 4345 tanquam
1517 4275 1745 4345 angelus
1771 4277 1853 4330 vcl
1885 4278 2069 4343 potius

497 4370 675 4435 reipsa
713 4367 945 4437 angelus
992 4369 1247 4422 sacerdos
1278 4368 1700 4425 resurrectionis
1741 4369 2065 4439 mysterium

488 4459 808 4515 annuntiat.

981 4546 1209 4605 CAPUT
1224 4549 1602 4609 CCCXXXVI.

491 4663 644 4731 Quod
684 4665 738 4737 in
772 4666 1109 4720 monasteriis
1147 4682 1349 4737 quoque
1372 4667 1456 4722 die
1500 4668 1779 4723 Dominica
1808 4668 1861 4723 in
1891 4677 2069 4722 matu-

498 4742 499 4745 ‘
563 4737 672 4821 tino
692 4736 960 4807 ingressus
982 4738 1045 4806 ﬁt
1064 4739 1132 4791 ad
1166 4736 1569 4795 resurrectionis
1600 4740 2063 4810 signiﬁcationem.

562 4916 669 4971 Iste
688 4924 871 4971 autem
909 4917 1191 4983 ingressus
1220 4919 1272 4973 in
1304 4921 1649 4977 monasteriis
1683 4921 1740 4975 ﬁt
1770 4931 2062 4992 antequam

489 5018 780 5081 cantentur
824 5022 1085 5073 canones,
1138 5009 1323 5064 divino
1370 5010 1508 5067 lecto
1550 5011 1865 5081 Evangelia,
1921 5015 2066 5084 quod

490 5101 816 5156 matutinum
831 5099 1052 5167 dicitur,
1078 5102 1335 5171 quoniam
1358 5117 1420 5157 ea
1440 5118 1561 5174 qua:
1585 5104 1727 5159 circa
1747 5105 2064 5171 diluculum,

491 5194 966 5275 appropinquante
1036 5208 1237 5249 aurora
1269 5209 1365 5250 seu
1416 5197 1502 5250 die
1557 5194 1610 5249 in
1662 5198 2068 5252 resurrectione

489 5286 708 5341 Domini
766 5288 1117 5355 contigerunt
1184 5287 1397 5350 edocet,
1466 5288 1749 5357 egreditur
1805 5289 2068 5345 sacerdos

490 5389 753 5448 tanquam
790 5394 821 5432 e
851 5389 1230 5445 monumento,
1263 5395 1293 5433 e
1336 5382 1623 5435 tremendo
1653 5381 1863 5437 scilicet
1907 5381 2066 5436 altari

488 5479 655 5539 atque
683 5484 715 5524 e
747 5472 953 5524 tumulo
985 5486 1189 5526 mensa:
1208 5485 1398 5537 sacrae,
1440 5471 1646 5527 habens
1684 5471 2063 5543 Evangelium,

484 5562 649 5641 quasi
682 5563 908 5631 angelus
939 5562 1220 5617 Christum
1253 5566 1547 5618 ostendens
1594 5580 1754 5634 quem
1808 5565 2068 5634 pradica-

490 5652 591 5707 \it.
618 5651 687 5705 Et
714 5666 904 5705 omnes
936 5653 1263 5708 accedentes
1304 5654 1554 5717 adorant,
1584 5669 1737 5710 more
1767 5656 2066 5726 discipulo-

488 5758 610 5800 rum
642 5743 1053 5815 mulierumque
1097 5755 1377 5816 unguenta
1410 5755 1770 5815 portantium,
1804 5750 2065 5805 osculan-

485 5843 573 5919 tur
597 5832 953 5906 Evangelium
984 5843 1040 5891 et
1075 5844 1393 5908 sequentem
1427 5835 1724 5891 concinunt
1759 5836 2019 5907 hymnum
2049 5858 2063 5895 :

2088 4563 2142 4626 D

2175 3357 2267 3410 καὶ
2304 3357 2428 3426 μεθ’
2456 3354 2651 3409 ἑαυτοῦ
2684 3354 2866 3410 λαϐὼν
2890 3355 3026 3424 ἔχει,
3058 3353 3152 3407 καὶ
3196 3352 3491 3422 ἀναστήσει
3521 3352 3629 3411 τοῖς
3656 3346 3765 3401 σώ-

2176 3466 2360 3518 μασιν,
2398 3448 2473 3512 ὡς
2509 3448 2578 3502 ἂν
2612 3450 2707 3502 καὶ
2756 3448 3020 3510 ὁλοτελεῖς
3072 3447 3305 3500 πάντοτε
3345 3444 3447 3516 ἔχη
3477 3443 3592 3515 μεθ’
3627 3444 3765 3497 ἑαυ-

2172 3556 2287 3594 του.

2758 3630 3010 3684 ΚΕΦΔΛ.
3054 3627 3226 3682 ΤΛΕ’.

2377 3727 2436 3778 Τί
2457 3725 2745 3792 σημαίνει
2778 3725 2817 3791 ἡ
2845 3724 2915 3776 ἐν
2948 3722 3025 3786 τῷ
3062 3723 3250 3789 ὄρθρῳ
3284 3720 3546 3785 εἷσοδος.

2253 3808 2318 3870 Ἦ
2351 3816 2549 3887 ἑωθινὴ
2582 3816 2639 3869 δὲ
2672 3818 2731 3870 ἐν
2760 3818 2826 3886 τῇ
2865 3814 3394 3885 μεγάλῃἙκκλησίᾳ
3428 3813 3631 3875 εῐσοδος
3659 3813 3760 3866 καὶ

2172 3909 2347 3964 ταῦτα
2389 3907 2670 3977 σημαίνει,
2737 3908 2831 3959 καὶ
2896 3907 3031 3961 αὐτὸ
3090 3907 3384 3977 ἐξαιρέτως
3441 3907 3501 3959 τὸ
3534 3908 3614 3969 είς
3660 3906 3760 3958 τὸν

2171 4002 2305 4073 ᾅδην
2346 4000 2629 4055 κατελθεῖν
2657 4000 2749 4052 τὸν
2781 3998 3018 4069 Χριστὸν
3047 4002 3110 4068 τῇ
3132 3999 3302 4070 ψυχῇ,
3329 4000 3424 4052 καὶ
3452 3997 3757 4069 ἀναστῆναι

2172 4095 2238 4163 τῇ
2276 4090 2463 4160 σαρκὶ,
2492 4092 2587 4143 xa‘t
2633 4089 2740 4142 ὑπὸ
2764 4088 2873 4140 τῶν
2905 4089 3154 4157 ἀγγέὶων
3214 4086 3554 4157 κηρυχθῆναι
3584 4082 3755 4137 αὐτοῦ

2170 4184 2272 4254 τὴν
2298 4183 2618 4235 ἀνάστασιν.
2648 4178 2738 4232 Διὸ
2765 4178 2893 4249 περὶ
2921 4178 3012 4230 τὸν
3051 4176 3251 4249 ὄρθρον
3292 4178 3386 4230 καὶ
3408 4176 3593 4229 ἐπάνω
3653 4174 3751 4226 τοῦ

2172 4276 2426 4344 ἄμϐωνας
2449 4274 2523 4337 ὡς
2560 4272 2655 4326 ἐπὶ
2677 4271 2772 4324 τοῦ
2799 4271 2971 4332 λίθου,
3021 4263 3219 4335 οἷάπερ
3258 4268 3512 4337 ἄγγελος,
3549 4267 3753 4337 μᾶλλον

2169 4371 2224 4424 δὲ
2255 4370 2331 4422 ὣν
2364 4367 2597 4438 ἄγγελος
2620 4368 2648 4421 6
2680 4365 2884 4437 ίερεὺς,
2929 4364 3000 4419 τὰ
3030 4364 3128 4434 τῆς
3155 4361 3506 4424 ἀναστάσεως
3547 4377 3754 4430 καταγ-

2169 4462 2368 4535 γέλλει.

2731 4553 2984 4607 unum.
3026 4554 3213 4622 τΛςῖν.

2175 4670 2296 4726 Ὅτι
2327 4672 2424 4725 ναί
2475 4670 2546 4724 ἐν
2593 4668 2715 4733 τοῖς
2756 4668 3194 4736 μρναστηρίοις
3244 4669 3397 4723 κατὰ
3442 4666 3754 4736 ιιύριακὴν

2247 4689 2296 4726 τι
2327 4684 2424 4725 ναι
2475 4684 2546 4724 εν
2593 4686 2715 4750 τος-ς
2753 4684 3194 4788 ἐιρναστηριοις
3244 4686 3397 4723 κατα
3442 4684 3753 4748 ηυριακην

2247 4741 2487 4807 εἴσοδος
2523 4740 2593 4793 ἐν
2623 4756 2701 4809 τῳ
2782 4739 2944 4807 ρθρῳ
2995 4740 3241 4808 γίνεται,
3279 4743 3366 4806 εις
3416 4740 3612 4792 τύπον
3644 4755 3753 4805 της

2241 4812 2637 4876 ἀναστάσεως
2654 4852 2669 4865 .

2245 4924 2395 4996 Αὕτη
2422 4926 2478 4980 δὲ
2510 4927 2543 4999 ἡ
2575 4927 2780 4991 εἴσοδος
2810 4927 2903 4980 καὶ
2929 4927 2986 4979 ὲν
3026 4929 3147 4988 ταῖς
3176 4925 3367 4994 μοναῖς
3404 4922 3618 4989 γίνεται
3645 4920 3751 4990 πρὸ

2172 5019 2282 5073 τῶν
2331 5020 2609 5091 ᾀδομένων
2641 5022 2905 5085 κανόνων,
2938 5016 3032 5070 τοῦ
3064 5017 3208 5070 θείου
3253 5016 3584 5084 Εὑαγγελίου
3620 5015 3753 5065 ἁνα-

2170 5111 2531 5179 γνωσθέντος,
2575 5109 2670 5162 τοῦ
2697 5108 2993 5176 λεγομένου
3019 5104 3267 5173 ἑωθινοῦ,
3298 5104 3374 5166 ὡς
3403 5105 3470 5158 τά
3499 5104 3627 5173 περὶ
3660 5103 3751 5154 τὸν

2170 5203 2367 5273 ὄρθρον
2395 5202 2488 5256 καὶ
2513 5202 2611 5272 τῆς
2647 5201 2723 5256 ξω
2772 5200 2961 5270 ἔγγὺς.
3008 5201 3128 5267 ἦτοι
3176 5198 3275 5267 τῆς
3323 5198 3537 5268 ἡμέρας
3596 5197 3653 5247 ὲν
3683 5197 3749 5266 τῇ

2172 5294 2467 5347 ἀναστάσει
2497 5294 2591 5346 τοῦ
2623 5292 2831 5365 Κυρίου
2863 5289 3180 5362 πραχθέντα
3202 5289 3564 5349 διδάσκοντος.
3597 5285 3751 5355 ἐξέρα

2170 5402 2326 5457 χεται
2360 5387 2387 5438 6
2414 5386 2593 5454 ἱερεὺς
2639 5386 2832 5455 ὥσπερ
2866 5382 2975 5436 ἀπὸ
3002 5381 3098 5435 τοῦ
3156 5382 3457 5450 μνήματος,
3485 5377 3580 5430 τοῦ
3625 5393 3753 5446 φρι-

2172 5475 2302 5530 κτοῦ
2352 5475 2768 5547 θυσιαστηρίου,
2816 5474 2912 5528 καὶ
2941 5472 3051 5528 ἀπὸ
3084 5472 3179 5525 τοῦ
3222 5472 3396 5539 τάφου
3442 5469 3543 5538 τῆς
3583 5467 3751 5532 ἁγίας

2170 5568 2475 5639 τραπέζης,
2534 5568 2781 5638 κατέχων
2832 5566 2893 5618 τὸ
2978 5565 3314 5634 Εὐαγγὲλιον
3362 5563 3437 5625 ὡς
3492 5560 3751 5629 ἄγγελος,

2169 5658 2385 5720 δεικνὺς
2417 5659 2506 5711 τὸν
2536 5657 2793 5728 Χριστὸν,
2827 5656 2885 5708 ὃν
2909 5654 2974 5725 δὴ
3005 5656 3098 5708 καὶ
3125 5652 3381 5724 ἐκήρυξε.
3436 5652 3546 5706 Καὶ
3572 5666 3753 5721 προσ·
3814 5660 3821 5665 “

2173 5750 2460 5822 ερχόμενοι
2504 5752 2733 5813 πάντες,
2766 5746 3135 5820 προσκυνοῦσί
3173 5763 3233 5799 τε
3284 5745 3359 5809 ὡς
3406 5746 3455 5796 oi.
3505 5742 3752 5813 μαθηταὶ

2172 5846 2265 5899 καὶ
2294 5846 2349 5897 αί
2386 5843 2683 5915 μυροφὸροι
2720 5844 2980 5911 γυναῖκες
3003 5856 3018 5871 '
3074 5839 3169 5895 mi
3198 5836 3354 5891 τοῦτο
3384 5835 3749 5903 ἀσπάζονται,
