4094 6194
228 224 331 289 (09

1394 243 1490 304 DE
1531 245 1768 309 SACRA
1812 233 2323 320 Pascartous.

3379 249 3489 334 an

226 336 622 393 καὶάκό).ουθον
640 339 860 412 ᾄδουσιν
878 343 1041 416 ᾠδὴν,
1065 347 1149 413 τὸ,
1175 364 1195 400 ι
1218 348 1548 408 Ἀνάστασιν
1577 354 1816 425 Χριστοῦ

1937 385 1948 419 ι
1976 367 2452 426 Resurrcctionem
2480 351 2681 427 Christi
2714 352 2953 430 intuiti»
3027 359 3151 434 llaec
3175 355 3340 451 igitur
3356 379 3494 438 nunt

225 431 576 503 θεασάμενοι.
609 451 633 517 ι»
674 436 864 490 Ταῦτα
902 438 1004 509 μὲν
1026 435 1122 494 οὖν
1153 442 1211 494 ἑν
1247 443 1326 513 τῷ
1357 443 1540 517 δρθρῳ
1573 447 1807 516 γίνεται,

225 528 275 578 εί
309 527 404 578 καὶ
439 521 540 578 ὦδε
570 511 713 580 κατά
750 529 943 598 χρείαν
971 529 1224 600 λέγοντες
1261 511 1402 606 περὶ⁷
1573 511 1807 603 εἰσόδου,

223 619 317 669 καὶ
352 617 461 668 τῶν
499 617 815 687 εἰρημένων
843 620 1224 692 ἐμνήσθημεν.
1275 623 1363 678 Ἐν
1399 625 1475 694 τῷ
1534 627 1809 700 ἑσπερινῷ

222 707 278 761 δὲ
305 709 406 778 τῆς
431 709 640 762 εἰσόδου
673 711 1044 783 τελεσθείσης,
1083 716 1180 769 καὶ
1199 715 1371 787 ὖμνου
1408 717 1557 788 ίεροῦ
1592 719 1814 790 λεχθέν-

223 819 339 867 τος,
382 805 613 873 ἀρχαίου
639 822 694 858 τε
734 805 830 860 καὶ
856 806 1122 878 ἁρμοδίου
1158 812 1295 880 πρὸς
1348 811 1447 881 τὴν
1481 813 1723 883 ἑσπέραν
1755 814 1814 865 ἑν

223 892 302 962 τῷ
342 896 657 961 είσοδεύειν,
691 895 750 949 ὃν
779 895 1000 965 λέγουσί
1029 916 1175 963 τινες
1209 901 1361 972 παρὰ
1392 902 1485 956 τοῦ
1515 903 1662 957 θείου
1732 905 1810 958 is-

169 1015 180 1022 ι
226 989 575 1058 ρομάρτυρος
643 990 1032 1060 ’Λθηνογένους
1082 994 1428 1064 συντεθῆναι,
1487 998 1669 1059 καλῶς
1718 998 1814 1052 καὶ

222 1077 325 1146 τὴν
357 1067 564 1147 Τρτάδα
589 1081 684 1133 καὶ
699 1083 796 1152 τὴν
825 1083 1102 1154 σάρκωσιν
1125 1085 1219 1139 τοῦ
1246 1087 1424 1154 Λόγου
1448 1090 1812 1161 κηρύττοντα.

223 1169 347 1233 τοῦ,
381 1187 400 1222 ι
426 1171 542 1232 Φῶς
579 1171 787 1240 ἱλαρὸν,
821 1174 1016 1244 Σοφία,
1059 1195 1079 1226 ›
1103 1179 1272 1248 φησὶν
1298 1179 1327 1230 ὁ
1350 1180 1616 1244 διάκονος.
1654 1183 1762 1234 Καὶ
1787 1183 1816 1235 ὁ

225 1264 523 1330 ἀρχιερεὺς
548 1263 884 1334 καθήμενος,
914 1267 1098 1322 δίδωσι
1140 1272 1242 1340 τὴν
1299 1273 1526 1344 εἰρήνην
1551 1291 1567 1307 ο
1605 1276 1689 1328 ὅτι
1719 1276 1814 1328 καὶ

227 1353 408 1418 αὐτὴν
433 1355 666 1425 Χριστὸς
700 1359 832 1426 ἡμῖν
852 1362 947 1413 καὶ
981 1363 1089 1430 πρὸ
1116 1362 1210 1416 τοῦ
1249 1363 1459 1428 πάθους
1484 1365 1688 1436 ἀφῆκε,
1722 1367 1818 1421 καὶ

225 1444 490 1507 ἀναστὰς,
539 1445 763 1512 δέδωκε,
823 1451 917 1504 καὶ
969 1453 1048 1514 είς
1098 1453 1225 1516 τοὺς
1271 1454 1535 1526 οὐρανοὺς
1588 1455 1814 1521 ἀναϐάς,

229 1535 469 1604 παρέχει
495 1535 784 1608 διηνεκῶς.

797 1653 1050 1710 ΚΕΦΔΛ.
1075 1655 1243 1712 ΤΔΖ’.

228 1741 376 1808 Περὶ
406 1740 522 1794 τῶν
547 1745 676 1798 καθ’
703 1744 1396 1829 ήμέρανηιτροκειμένων,
1411 1759 1468 1811 τί
1489 1758 1675 1814 ταῦτα
1705 1774 1818 1829 ση-
1851 1723 1889 1777 Β

841 1819 1195 1885 μαίνουσινζ

309 1905 420 1993 Ita!
482 1905 643 1970 εὐθὺς
717 1906 989 1978 λαμπρῶς
1055 1913 1118 1966 τὸ
1167 1916 1529 1988 προκείμενον
1607 1920 1816 1993 ᾅδεται.

232 1991 411 2044 Τοῦτο
447 1993 506 2045 δέ
541 1997 747 2067 ἑστινή
800 2000 930 2068 περὶ
979 2001 1083 2071 τῆς
1139 2004 1339 2074 ἑορτῆς
1393 1991 1701 2080 προφητεία
1751 2014 1820 2067 τὰ

236 2087 372 2154 περὶ
403 2085 504 2154 τῆς
525 2087 738 2156 ἡμέρας
772 2090 1092 2147 ἑκδιδάσκον
1141 2097 1437 2166 φαλμικόν.
1481 2102 1592 2155 Καὶ
1617 2103 1695 2174 τῷ
1719 2106 1822 2174 μὲν

232 2179 504 2250 Σαῦΰάτῳ
533 2180 774 2254 ἑσπέρας
802 2184 872 2237 τά
899 2189 1025 2257 περὶ
1063 2187 1166 2258 τῆς
1201 2191 1561 2258 ἀναστάσεως
1609 2213 1820 2265 μαρτυ-

235 2273 357 2340 ρ;ϊ’
381 2272 461 2324 διδ
483 2275 602 2326 τότε
626 2273 723 2344 μὲν
740 2275 1026 2344 ψάλλεται,
1068 2299 1087 2332 ι
1109 2281 1168 2335 '0
1190 2283 1393 2354 Κύριος
1413 2287 1732 2343 ἐϐασίλευσε
1757 2308 1770 2322 ο
1797 2310 1815 2343 ι

235 2363 494 2432 νενίκηκε
523 2365 631 2434 γὰρ
663 2367 756 2419 καὶ
802 2369 1121 2426 ἐϐασίλευσε
1175 2378 1322 2430 κατά
1360 2377 1456 2432 τοῦ
1523 2379 1754 2434 θανάτου
1795 2384 1823 2436 δ

235 2457 505 2521 ἀναστὰς,
542 2457 638 2511 καὶ
672 2460 1008 2530 εὐπρέπειαν
1061 2466 1164 2530 τὴν
1196 2467 1512 2539 ἀφθαρσίαν
1568 2472 1669 2541 τῆς
1718 2474 1823 2542 φύ-

238 2565 378 2610 σεως
415 2548 570 2618 ἡμῶν
613 2552 927 2618 ἐνεδύσατο,
967 2558 1060 2610 καὶ
1089 2558 1186 2628 τῆν
1218 2561 1544 2634 οἶκουμένην
1584 2567 1826 2632 ἀναστὰς

239 2640 572 2709 ἐστερέωσε,
606 2643 977 2700 πιστεύσασαν
1027 2650 1110 2712 είς
1144 2651 1310 2705 αὐτόν
1334 2669 1349 2684 ο
1389 2654 1628 2725 ἑσπέρας
1673 2657 1730 2711 δὲ
1755 2662 1823 2730 τῇ

238 2731 520 2802 κυριακῇ,
550 2751 570 2784 ι
623 2733 752 2788 ’ἰδοὺ
775 2737 838 2806 δὴ
865 2738 1138 2806 εὐλογεῖτε
1179 2741 1271 2796 τὸν
1301 2744 1507 2812 Κύριον
1533 2761 1550 2778 ·
1586 2765 1605 2799 ι
1650 2748 1738 2803 διά
1769 2765 1825 2802 τε

237 2822 368 2884 τοὺς
395 2821 752 2892 εὐλογοῦντας
785 2828 948 2882 αὐτὸν
977 2833 1277 2897 ἀπαύστως
1302 2837 1586 2904 ἀγγέλους,
1611 2842 1704 2893 καὶ
1727 2840 1826 2904 τὰς

240 2911 427 2981 ψυχὰς
456 2917 565 2968 τῶν
592 2918 797 2973 δούλων
832 2923 997 2978 αὑτοῦ
1021 2941 1036 2956 ο
1076 2928 1144 2995 τῇ
1185 2926 1244 2980 δὲ
1279 2928 1512 3001 δευτέρᾳ
1561 2933 1824 3003 ἑσπέρας,

1919 459 1971 514 in
2008 460 2188 518 oﬂicio
2222 464 2516 520 matutino.
2549 465 2617 520 At
2648 466 2829 534 dictis,
2851 479 3014 538 prout
3038 467 3344 542 opus'erat,
3373 491 3494 544 quae

1914 551 1984 606 ad
2026 604 2035 626 ,
2070 553 2379 624 ingressum
2433 568 2704 627 spectant,
2763 562 2828 614 ad
2885 565 3165 632 proposita
3225 580 3494 622 memores

1916 644 2229 700 redeamus.
2292 643 2456 702 Facto
2513 649 2730 718 quidem
2779 652 3029 721 ingressu
3094 655 3146 708 in
3185 657 3494 725 vespertino

1916 731 2118 798 oﬂicio,
2151 736 2406 806 dictoque
2433 743 2634 808 hymno
2663 756 2820 795 sacro
2855 751 3037 800 vetere
3057 751 3112 800 et
3133 745 3202 801 ad
3238 743 3495 816 vesperae

1916 824 2047 880 dum
2081 827 2323 881 intratur
2357 831 2792 900 accommodato,
2828 849 2988 903 quem
3031 820 3274 890 nonnltlli
3330 849 3494 894 autu-

1921 927 2076 973 mant
2113 934 2143 973 a
2196 921 2324 976 divo
2363 934 2662 991 sanctoque
2696 923 2934 996 martyre
2959 925 3313 999 Atltenogené
3344 929 3496 984 co'm-

1920 1010 2155 1078 positum
2195 1011 2388 1077 fuisse,
2436 1028 2546 1082 quo
2593 1013 2834 1070 Trinitas
2877 1026 2930 1072 et
2991 1017 3292 1072 incarnatio
3326 1015 3493 1073 Verbi

1919 1103 2130 1172 egregie
2155 1105 2538 1171 praedicantur,
2570 1107 2854 1163 videlicet:
2887 1129 2905 1161 t
2938 1108 3053 1164 Lux
3086 1111 3259 1176 laeta,»
3300 1111 3488 1165 disco;

1919 1208 2019 1247 nus
2035 1195 2184 1256 dicit.
2219 1198 2582 1266 «Sapientia,»
2611 1207 2664 1252 et
2685 1201 2924 1268 pontifex
2951 1201 3145 1258 sedens
3171 1204 3260 1258 dat
3281 1220 3492 1273 pacem;

1916 1285 2178 1349 quoniam
2211 1287 2463 1345 Christus
2493 1305 2611 1346 eam
2649 1301 2776 1346 ante
2817 1295 3129 1362 passionem
3169 1295 3408 1365 reliquit,
3433 1287 3489 1350 et

1920 1375 2198 1431 redivivus
2231 1375 2400 1443 dedit,
2429 1392 2494 1433 ac
2540 1379 2594 1433 in
2633 1381 2833 1435 etnlnm
2879 1392 3198 1452 assumptus
3230 1385 3493 1440 continuo

1920 1467 2180 1539 impertit.

2371 1665 2600 1728 CAPUT
2657 1671 3059 1728 CCCXXXVU.

1921 1763 1999 1818 De
2056 1765 2264 1833 praeviis
2308 1781 2424 1834 qua:
2453 1767 2712 1906 quotidie;i
2730 1778 3118 1834 proponuntur,
3151 1779 3199 1824 et
3230 1770 3358 1836 quid
3389 1771 3500 1825 haec

2535 1854 2670 1905 srgm
2715 1849 2856 1894 rant.

2535 1854 2856 1905 ngat/uani.

2001 1927 2064 1982 Et
2097 1933 2345 1998 protinus
2390 1932 2536 1988 clara
2583 1948 2714 1987 voce
2767 1943 3058 1990 cantantur
3085 1937 3307 2003 praevia.
3371 1935 3497 1988 Hmc

1921 2029 2102 2072 autem
2135 2020 2268 2073 nihil
2299 2020 2444 2074 aliud
2473 2031 2599 2076 sunt
2641 2038 2803 2090 quam
2839 2024 3082 2092 quaedam
3111 2025 3176 2078 de
3211 2026 3344 2078 festo
3375 2041 3498 2092 pro-

1923 2110 2124 2178 phetia,
2184 2112 2422 2179 psalmus
2480 2127 2565 2168 res
2619 2115 2726 2168 diei
2787 2115 3044 2170 edocens.
3110 2116 3374 2183 Equidem
3436 2116 3492 2169 in

1933 2203 2175 2272 vesperis
2212 2202 2434 2258 Sabbati
2463 2205 2718 2275 mysteria
2755 2208 3175 2264 resurrectionis
3204 2216 3496 2272 testantur,

1926 2294 2158 2364 ideoque
2217 2305 2346 2350 tunc
2403 2297 2652 2365 psallitur
2701 2313 2715 2350 :
2781 2297 3088 2354 «Dominus
3145 2298 3429 2366 regnavit;
3476 2314 3495 2347 ι

1929 2387 2058 2440 vicit.
2087 2385 2249 2452 ;enint
2286 2398 2340 2440 et.
2390 2387 2442 2440 itt
2481 2397 2713 2443 mortem
2751 2390 2997 2458 regnavit
3054 2389 3404 2457 resurgendo,
3447 2394 3502 2442 et

1925 2479 2202 2542 decorem,
2230 2492 2426 2548 nempe
2457 2478 3023 2548 ineorruptibilitatem
3049 2489 3255 2534 natura:
3290 2489 3493 2533 nostrae

1928 2569 2121 2635 induit,
2177 2580 2486 2640 terramque
2541 2572 2877 2642 resurgendo
2930 2570 3264 2626 formavitin
3318 2571 3495 2640 ipsum

1935 2659 2280 2715 credentem.
2341 2661 2540 2716 Verum
2570 2663 2624 2716 in
2665 2665 2913 2732 vesperis
2951 2662 3278 2718 Dominica»:
3314 2681 3333 2713 ι
3359 2660 3499 2716 Ecce

1930 2767 2075 2806 nttnc
2131 2751 2435 2808 hencdicite
2472 2754 2792 2820 Dominum,
2824 2773 2842 2808 ι
2896 2767 3120 2825 propter
3170 2755 3395 2824 angelos
3446 2763 3502 2807 ct

1931 2839 2146 2895 animas
2173 2855 2457 2896 servorum
2503 2841 2625 2911 ejus
2657 2860 2782 2898 eum
2819 2845 2937 2898 sine
2963 2841 3071 2897 line
3102 2843 3502 2898 benedicentcs.

1930 2933 1997 2986 At
2055 2932 2296 3002 vesperis
2365 2933 2616 2989 secundae
2679 2933 2827 2990 ferite
2918 2947 3140 3006 propter
3202 2933 3386 2988 ﬁdeles
3451 2933 3503 2994 in

245 3006 337 3059 διὰ
399 3009 528 3072 τοὺς
568 3009 812 3079 βοῶντας
869 3019 1118 3085 πιστοὺς,
1176 3021 1234 3072 ἑν
1274 3021 1554 3094 μετανοίᾳ,
1612 3025 1828 3078 καὶτὸν

1937 3024 2246 3092 ptenitentia
2284 3025 2586 3081 clamantes
2623 3026 2892 3097 hujusque
2934 3041 3238 3096 prmcmtem
3271 3035 3508 3095 pracur-

253 3101 429 3172 αὐτῆς
469 3103 684 3175 κήρυκα
743 3107 1078 3179 Πρόδρομον.
1129 3131 1148 3164 ι
1203 3113 1410 3184 Κύριος
1448 3112 1830 3170 είσακούσεταί

248 3209 378 3259 μου,
418 3210 440 3244 ι
464 3196 651 3260 φησὶν,
682 3198 770 3248 ιὲν
793 3196 870 3266 τῷ
891 3203 1228 3270 κεκραγέναι
1251 3220 1317 3270 με
1340 3205 1472 3275 πρὸς
1489 3205 1668 3259 αὐτόν’
1686 3226 1704 3258 t
1746 3209 1828 3279 Τῇ

249 3283 412 3355 τρίτῃ
437 3286 494 3340 δὲ
521 3288 784 3360 ἑσπέρας,
807 3290 895 3345 διὰ
933 3293 1030 3362 τὴν
1066 3295 1176 3346 ἀπὸ
1201 3294 1296 3348 τοῦ
1325 3298 1596 3368 σωτηρίου
1627 3299 1833 3363 πάθους

255 3375 539 3446 βοήθειαν,
568 3382 664 3434 καὶ
707 3383 770 3435 τὸ
827 3379 888 3436 ἑν
934 3386 1068 3456 ἡμῖν
1115 3385 1262 3450 ἔλεος
1311 3387 1402 3442 διὰ
1426 3389 1521 3443 τοῦ
1573 3393 1834 3463 σταυροῦ,

259 3487 278 3522 ι
309 3470 383 3524 Τὸ
417 3472 568 3535 ἔλεός
597 3490 715 3538 σου,
743 3473 940 3545 Κύριε,
975 3477 1309 3544 καταδιώξαι
1334 3497 1426 3550 με,
1453 3481 1624 3550 λέγει,
1653 3485 1836 3549 πάσας

255 3564 353 3627 τάς
373 3566 588 3634 ἡμέρας
615 3567 716 3638 τῆς
742 3568 888 3638 ζωῆς
933 3586 1076 3640 μουο
1112 3589 1132 3623 ι
1181 3573 1248 3642 τῇ
1307 3575 1406 3643 τῆς
1461 3576 1716 3645 τετράδος
1776 3577 1834 3630 δὲ

260 3655 471 3727 ἑσπέρᾳ
493 3658 564 3711 τά
596 3659 706 3712 τῶν
747 3661 1108 3726 ’Δποστόλωη
1148 3680 1167 3714 ι
1229 3667 1270 3717 0
1295 3664 1454 3729 Θεὸς,
1475 3665 1748 3734 λέγοντες,
1779 3669 1836 3720 ἑν

266 3748 344 3819 τῷ
368 3749 593 3821 ὀνόματί
619 3769 716 3806 σου
750 3753 927 3808 σῶσόν
983 3772 1070 3825 με.
1109 3774 1128 3808 ι
1167 3754 1278 3808 Καὶ
1315 3758 1424 3828 γὰρ
1457 3756 1524 3809 δι’
1571 3757 1750 3810 αὐτῶν
1780 3760 1836 3810 ἑν

265 3843 484 3913 ὀνόματι
528 3847 735 3916 Κυρίου
767 3848 1111 3918 σεσώσμεθα,
1145 3839 1628 3918 διαταγγειλάντων
1674 3850 1833 3922 237

261 3939 354 3989 καὶ
381 3937 640 4007 κηρύκων
676 3939 840 3992 θείων
867 3939 1321 4010 ἀποδειχθέντων,
1358 3940 1452 3998 τοῦ
1488 3941 1624 3994 Θεοῦ
1649 3959 1837 4015 συνερ-

260 4019 489 4096 γοῦντος
515 4031 808 4084 σωσάντων
847 4033 1015 4099 ἡμᾶς,
1047 4033 1143 4086 καὶ
1173 4032 1265 4086 τὸν
1291 4031 1448 4100 λόγον
1469 4031 1834 4102 βεϐαιοῦντος,

257 4123 334 4184 ὡς
365 4125 706 4194 γέγραπται.
749 4125 906 4179 Κατά
930 4125 987 4178 δὲ
1015 4126 1116 4194 τὴν
1145 4124 1407 4194 πέμπτην
1440 4127 1702 4196 ἑσπέρας,
1739 4126 1837 4196 τὴν

265 4215 513 4284 μεγάλην
575 4215 1034 4286 προανυμνοῦμεν
1103 4217 1357 4288 βοήθειαν
1411 4217 1508 4272 τοῦ
1576 4219 1834 4291 σταυροῦ.

263 4307 436 4368 Αὐτὸς
491 4308 602 4377 γάρ
656 4309 788 4377 ἡμίν
849 4307 1117 4388 ἑϐοήθησε
1177 4311 1341 4379 σαρκὶ
1387 4311 1753 4382 σταυρωθεὶς,
1807 4317 1836 4366 ὁ

1935 3129 2160 3170 sorem:
2216 3135 2234 3166 ι
2275 3116 2538 3173 Dominus
2569 3119 2823 3172 exaudiet
2853 3135 2958 3180 mc.
2991 3117 3194 3187 inquit,
3230 3133 3354 3172 cum
3399 3117 3510 3170 cla-

1937 3219 2158 3258 mavero
2190 3205 2257 3259 ad
2289 3220 2436 3260 eum.
2473 3228 2490 3259 ι
2547 3206 2722 3262 ιπενῖιε
2765 3210 2940 3263 tertiae
2988 3209 3253 3279 vesperis,
3287 3218 3510 3277 propter

1936 3296 2197 3350 auxilium
2227 3311 2258 3351 a
2293 3298 2520 3353 salutari
2572 3299 2829 3368 passione
2878 3309 3047 3369 atque
3077 3296 3510 3354 misericordiam

1939 3385 2096 3440 nobis
2131 3401 2226 3453 per
2262 3401 2483 3441 crucem
2514 3399 2865 3458 comparata,
2896 3389 3029 3443 illttd
3058 3388 3257 3444 dicitur
3285 3405 3301 3442 :
3360 3406 3380 3441 ι
3411 3385 3512 3454 Mi-

1937 3475 2233 3530 sericordia
2267 3484 2378 3538 tua,
2416 3475 2663 3537 Domine.
2723 3477 3094 3548 subsequetur
3137 3494 3224 3532 tne
3255 3476 3513 3533 omnibus

1937 3568 2130 3622 diebus
2180 3566 2304 3622 vita:
2338 3583 2489 3623 mete.
2526 3587 2544 3620 ι
2608 3568 2714 3624 Sed
2770 3577 2982 3639 quat-ue
3007 3572 3154 3625 feria:
3237 3571 3510 3636 vesperis.

1937 3657 2282 3712 celebrantur
2334 3659 2579 3725 Apostoli
2632 3659 2910 3715 dicendo:
2948 3680 2967 3713 ι
2998 3661 3164 3725 Deus,
3200 3663 3253 3714 in
3291 3659 3515 3715 nomine

1943 3763 2035 3803 tuo
2087 3750 2297 3805 salvum
2357 3767 2442 3805 me
2472 3751 2575 3816 fac,
2615 3771 2634 3802 ι
2700 3768 2826 3806 nam
2887 3769 2984 3822 per
3035 3767 3130 3806 eos
3183 3751 3236 3806 itt
3293 3752 3514 3805 nomine

1943 3842 2153 3895 Domini
2196 3843 2328 3896 salvi
2363 3858 2552 3896 sumus
2588 3841 2736 3906 facti,
2761 3843 2853 3912 qui
2883 3844 3266 3896 nuntiaverunt
3294 3851 3346 3893 et
3382 3854 3517 3908 pne-

1949 3932 2273 3986 dicaveruut
2308 3931 2400 3987 Dei
2428 3933 2726 3998 doctrinas,
2756 3933 2988 3988 Domino
3025 3933 3362 3987 salvautibus
3414 3944 3515 3984 nos

1941 4036 2274 4096 c00peraute
2308 4039 2362 4081 et
2394 4043 2706 4082 sermonem
2744 4043 2934 4081 eorum
2971 4027 3517 4088 conlirtnanle,sicut

1942 4121 2209 4189 scriptum
2240 4130 2345 4176 est.
2385 4119 2600 4186 Quintae
2629 4136 2758 4176 vero
2785 4120 2933 4176 feria:
2966 4121 3230 4189 vesperis,
3261 4133 3518 4188 maguum

1941 4212 2124 4266 crucis
2173 4210 2504 4280 adjutm-ium
2564 4211 2821 4267 laudibus
2865 4227 3172 4277 ornamus;
3220 4210 3335 4280 ipse
3369 4211 3512 4264 enim

1944 4319 2044 4358 nos
2071 4302 2280 4373 adjuvit
2333 4319 2498 4360 carne
2544 4305 2847 4360 cruciﬁxus
2901 4306 2993 4376 qui
3044 4304 3171 4360 fecit
3235 4305 3432 4359 malum
3465 4313 3520 4358 et

263 4397 506 4466 ποιήσας
534 4397 628 4448 τὸν
661 4396 892 4464 οὐρανὸν
924 4397 1018 4449 καὶ
1045 4398 1144 4461 τὴν
1191 4400 1318 4469 γῆν.
1355 4401 1630 4469 Ἐσπέρας
1658 4401 1716 4455 δὲ
1765 4404 1830 4472 τῇ

1939 4406 2158 4450 terram.
2196 4397 2446 4468 VeSperis
2472 4410 2652 4454 autem
2688 4401 3014 4455 l’arasceves
3042 4416 3056 4455 :
3104 4397 3301 4464 «Deus,
3332 4413 3520 4453 susce-

259 4490 628 4560 Παρασκευῇ,
653 4507 674 4540 t
720 4487 780 4542 '0
814 4489 968 4553 Θεὸς,
1004 4491 1352 4560 ἀντιλήπτωρ
1385 4510 1486 4564 μου
1525 4491 1598 4558 εἴ,
1641 4513 1661 4547 ›
1710 4495 1842 4565 βοῶ-

259 4600 386 4651 μεν,
422 4583 511 4634 διά
541 4582 639 4653 τὴν
668 4581 880 4653 πληθὺν
904 4584 1014 4638 τῶν
1043 4585 1237 4652 ἁγίων,
1291 4589 1357 4656 τῇ
1402 4588 1683 4656 ἀντιλήψει
1748 4589 1840 4642 τοῦ

256 4675 519 4736 θανόντος
553 4674 693 4742 ὑπὲρ
747 4676 907 4746 ἡμῶν
964 4677 1317 4748 συνηγμένην
1349 4679 1440 4731 καὶ
1498 4677 1841 4749 ἑγερθέντος,

257 4767 356 4818 καὶ
388 4765 489 4827 τάς
519 4764 695 4836 ψυχὰς
729 4767 840 4820 τῶν
871 4767 1327 4838 προαπελθόντων
1361 4769 1602 4823 πιστῶνο
1637 4771 1718 4824 ὅτι
1751 4772 1846 4824 καὶ

260 4861 379 4921 τοῖς
416 4857 594 4926 ἁγίοις
619 4861 646 4913 ὁ
678 4860 810 4924 Θεὸς
847 4861 1133 4932 ἀντίληψις
1172 4863 1388 4930 γέγονε,
1419 4862 1514 4916 καὶ
1544 4864 1658 4927 τοῖς
1681 4864 1848 4917 ἀπελ-

265 4952 426 5024 θοῦσι
456 4952 511 5004 δὲ
534 4952 696 5014 αὐτός
717 4954 867 5006 ἑστιν
891 4953 1064 5016 ἔλεος,
1083 4954 1418 5024 προφθάνων
1445 4955 1524 5020 είς
1551 4957 1848 5026 σωτηρίαν..

277 5046 374 5098 Ἐν
398 5044 458 5097 δὲ
484 5047 603 5108 ταῖς
631 5043 868 5116 ἡμέραις
896 5045 1004 5098 τῶν
1040 5045 1309 5117 νηστειῶν
1369 5047 1692 5116 Ἀλληλούῖα
1729 5050 1848 5102 ἀντὶ

264 5137 640 5206 προκειμένου
677 5137 1000 5207 πρόκειται·
1037 5138 1066 5190 ὃ
1096 5139 1160 5208 δὴ
1191 5141 1398 5194 αῐνεσιν
1429 5140 1688 5211 σημαίνει
1716 5143 1850 5196 Θεοῦ

263 5231 362 5282 καὶ
391 5231 691 5300 ἐπιδημίαν
725 5229 884 5283 Θεοῦ’
920 5231 1014 5285 καὶ
1034 5232 1115 5294 τὸ,
1155 5251 1172 5283 ι
1217 5233 1277 5284 '0
1301 5232 1506 5302 Κύριος
1541 5233 1763 5304 ἔρχεται
1784 5250 1796 5264 ο
1827 5252 1847 5285 ι

264 5338 336 5390 κη
350 5320 546 5388 ρύττον
587 5321 686 5390 μὲν
716 5325 814 5392 τήν
842 5339 902 5376 τε
935 5321 1166 5394 πρώτην
1198 5326 1292 5377 καὶ
1321 5325 1420 5394 τὴν
1452 5325 1715 5394 δευτέραν
1759 5327 1855 5377 αύ-

263 5413 366 5464 τοῦ
402 5414 729 5481 παρουσίαν,
760 5419 1144 5486 προσημαϊνον
1164 5417 1220 5469 δὲ
1241 5417 1336 5470 καὶ
1365 5418 1433 5470 τὰ
1463 5434 1531 5470 πε
1542 5418 1595 5487 ρὶ
1621 5417 1715 5469 τοῦ
1751 5419 1857 5471 πά-

267 5503 401 5566 θους
435 5504 600 5558 αὑτοῦ
623 5508 719 5558 καὶ
751 5506 853 5577 τῆς
879 5507 1172 5577 ἑγέρσεως.
1207 5501 1332 5562 Οἷον
1369 5508 1446 5571 ὡς
1490 5509 1712 5579 ἔρχεται
1751 5526 1859 5560 πα·

268 5595 392 5650 θεῖν
424 5596 520 5650 καὶ
549 5598 843 5670 ἀναστῆναι
870 5601 1010 5670 ὑπὲρ
1047 5600 1205 5671 ἡμῶν
1231 5599 1260 5652 ὁ
1313 5599 1516 5670 Κύριος
1536 5617 1550 5630 ·
1584 5600 1675 5652 καί¹
1697 5597 1856 5668 ἔρχε-

271 5705 370 5742 ται
398 5689 563 5743 πάλιν
598 5689 686 5743 ἐπ’
728 5691 970 5764 ἐσχάτων
1024 5693 1122 5748 τοῦ
1157 5693 1342 5762 κρίναι
1381 5691 1565 5745 πᾶσαν
1600 5690 1702 5759 τὴν
1729 5689 1856 5758 γῆν,

1951 4499 2072 4557 ptor
2115 4503 2268 4545 meus
2305 4506 2386 4557 es,
2417 4510 2436 4543 ι
2488 4493 2786 4549 clamamus
2846 4503 3068 4562 propter
3119 4489 3518 4545 multitudinem

1951 4589 2271 4636 sanctorum
2319 4583 2668 4651 susceptione
2699 4584 2847 4638 illius
2907 4599 3002 4652 pro
3036 4582 3192 4638 nobis
3233 4581 3431 4635 mortui
3467 4590 3522 4634 et

1953 4670 2185 4726 redivivi
2225 4684 2615 4744 congregatam
2647 4681 2702 4729 et
2730 4675 2942 4730 animas
2963 4675 3202 4728 ﬁdelium
3233 4672 3526 4727 defuncto-

1953 4779 2099 4825 rum,
2138 4765 2397 4830 quoniam
2424 4766 2627 4820 sant-tis
2647 4764 2790 4820 Deus
2821 4777 3105 4836 susceptor
3129 4765 3305 4820 factus
3332 4774 3434 4826 est,
3470 4778 3523 4821 et

1955 4857 2342 4936 misericordia
2375 4858 2496 4925 ejus
2527 4857 2616 4924 qui
2649 4857 2799 4926 prius
2828 4858 2880 4910 in
2909 4858 3142 4912 salutem
3165 4865 3415 4910 mortuus
3441 4866 3525 4910 est

1956 4950 2241 5004 defunctis
2292 4949 2624 5020 impertitur.
2679 4948 2786 5004 Sed
2849 4950 2902 5004 in
2956 4949 3150 5004 diebus
3184 4949 3516 5021 jejuniornm

1957 5044 2082 5100 loco
2139 5045 2465 5114 praeviorum
2520 5050 2772 5095 cantatur
2830 5041 3177 5104 «Alleluia,»
3231 5042 3371 5111 quod
3429 5039 3525 5091 Dei

1958 5135 2176 5189 laudem
2213 5133 2488 5203 signiIiCat
2520 5132 2724 5202 Deique
2753 5134 3070 5196 adventum,
3103 5143 3156 5186 et
3197 5133 3334 5185 idem
3370 5143 3527 5183 sonat

1959 5241 2020 5279 ac
2053 5245 2070 5275 ι
2104 5225 2374 5278 Dominus
2405 5224 2572 5288 venit,
2597 5243 2614 5274 ι
2682 5233 2795 5275 ιιιιιι
2831 5223 3067 5292 priorem
3103 5232 3215 5274 tum
3258 5221 3521 5288 posterio-

1962 5333 2076 5373 rem
2113 5318 2232 5385 ejus
2276 5318 2565 5371 adventum
2633 5318 2958 5385 praedicans,
3000 5333 3210 5371 necnon
3261 5317 3531 5382 passinnis

1962 5419 2019 5465 et
2077 5409 2498 5463 resurrectionis
2569 5408 2690 5477 ejus
2758 5409 3014 5477 mysteria
3072 5408 3530 5477 pra-signiﬁcans;

1965 5503 2125 5573 quasi
2164 5502 2482 5556 diceretur:
2535 5499 2691 5554 Venit
2728 5515 2998 5570 passurus
3043 5512 3096 5555 et
3130 5514 3535 5554 reSllI'rCt'ltttus

1968 5613 2068 5669 pro
2095 5596 2255 5651 nobis
2296 5595 2580 5661 Dominus,
2614 5603 2668 5648 et
2705 5596 2884 5649 veniet
2913 5596 3074 5649 etiam
3105 5597 3156 5649 itt
3191 5612 3539 5650 consumma-

1972 5691 2119 5744 tione
2151 5686 2335 5741 επιξυιί
2388 5697 2587 5741 terram
2627 5683 2971 5755 judicaturus
3020 5686 3348 5751 universam,
3382 5699 3436 5740 ut
3474 5688 3539 5741 de
