4094 6194
511 175 613 245 611

1371 171 1752 233 SYMEONIS
1787 167 2541 231 TilESSALONlCENSiS
2575 141 2938 231 ARCHIEP.

3661 158 3770 223 ΗΞ).

513 288 672 344 nobis
703 287 920 344 solliciti
974 299 1036 339 ac
1077 284 1142 339 de
1171 285 1412 354 peccatis
1450 284 1656 338 nostris
1705 280 1852 337 anxii
1896 293 1948 336 et
1981 281 2122 338 Do-l

2213 285 2262 345 ἱις
2296 284 2362 339 ἂν
2396 286 2525 354 περί
2575 285 2730 354 ἡμῶν
2777 285 2991 353 ἔχοντες
3048 279 3147 351 τὴν
3205 277 3464 349 φροντίδα
3514 275 3609 328 καὶ
3661 275 3769 327 τῶν

515 382 723 436 minum
787 384 1174 447 exspectantes
1224 375 1610 437 emundemur,
1663 375 2089 442 studeamusqne

513 489 623 527 non
653 472 882 526 concilia
911 479 964 525 et
992 470 1127 524 festa
1159 484 1344 537 agere,
1377 469 1472 523 sed
1507 470 1556 521 in
1594 467 1788 522 dolore
1817 467 1882 522 ad
1922 466 2089 520 Deum

513 565 774 627 clamare,
819 578 1051 630 eumque
1075 562 1298 616 laudare
1337 577 1400 615 ac.
1429 562 1690 615 invocare
1716 572 1768 614 et
1799 562 2088 614 adventum

512 658 629 726 ejus
651 656 904 724 opperiri.
932 656 1132 709 Prmvia
1156 664 1334 709 autem
1353 657 1420 708 ita
1442 655 1803 722 appellantur,
1833 654 2088 719 quoniam

512 755 639 800 sunt
671 731 932 801 festorum
965 746 1286 813 dierumque
1322 747 1669 813 sequentium
1710 743 1855 796 velut
1905 757 2087 814 prom-

517 853 644 890 mla.

951 1013 1180 1070 CAPUT
1223 1010 1642 1068 thlIXXXVlIl.

549 1120 621 1182 De
648 1130 932 1183 continenti
964 1147 1022 1182 su
1062 1129 1362 1210 pth-alioue.
1426 1140 1471 1181 ct
1525 1126 1588 1178 de
1637 1125 1890 1191 precibus,
1925 1127 2062 1194 quod

966 1200 1176 1252 omnino
1207 1202 1308 1253 sint
1351 1200 1674 1252 neccsm‘iw.

588 1293 719 1347 Post
784 1293 896 1347 haec
962 1299 1250 1344 rontzuens
1303 1292 1358 1342 lit
1393 1291 1588 1354 oratio,
1636 1300 1684 1342 et
1735 1289 2026 1357 petitiones
2061 1303 2087 1339 a

514 1386 796 1440 sacerdote
852 1385 1218 1450 complentur.
1281 1381 1356 1434 Ad
1436 1383 1542 1434 hoc
1603 1380 1824 1448 quidem
1883 1384 2091 1446 Spectat

514 1479 804 1532 continens
827 1476 1024 1535 oratio,
1053 1484 1109 1527 ut
1153 1473 1245 1526 liat
1279 1471 1652 1526 misericordia
1683 1486 1849 1541 super
1871 1483 2087 1534 'orrnes,

516 1579 630 1624 tum
667 1585 821 1638 rcges
859 1569 1067 1644 ﬁdeles.
1105 1575 1217 1620 tum
1255 1565 1358 1621 loci
1393 1564 1744 1644 pontiﬁcem,
1766 1564 2085 1618 monasterii

2195 377 2482 446 ἁμαρτιῶν
2513 377 2672 446 ἡμῶν
2711 376 3084 445 μεριμνῶντες
3113 373 3207 426 καὶ
3236 371 3325 425 τὸν
3363 369 3568 438 Κύριον
3598 368 3773 422 ἀπεκ-

2197 471 2501 538 δεχόμενοι,
2566 468 2987 542 καθαιρὼμεθα,
3029 468 3124 519 καὶ
3177 464 3250 534 μὴ
3281 463 3598 523 σπεύδωμεν
3631 479 3773 512 πανο

2197 564 2486 632 ηγυρίζειν
2545 563 2576 630 ἢ
2617 560 2921 629 ἑορτάζειν,
2965 559 3080 611 ἀλλ’
3133 559 3190 610 ἐν
3235 557 3423 609 πένθει
3456 555 3582 624 βοᾷν
3641 553 3778 620 προς

2197 656 2331 708 Θεζν
2365 655 2459 708 καὶ
2489 655 2682 707 τοῦτον
2716 655 2886 708 αἰνεῖν
2935 653 3028 704 καὶ
3083 647 3488 706 ἐπικαλεῖσθαι,
3544 650 3638 696 καὶ
3682 644 3781 708 τὴν

2195 746 2498 814 ἐπιδημίαν
2539 747 2734 798 τούτου
2770 743 3109 812 ἐκδέχεσθαι.
3153 741 3498 811 Προκείμενα
3524 737 3580 789 δὲ
3625 736 3779 800 λέγε-

2194 856 2304 898 ται,
2336 839 2409 901 ὼς
2451 838 2559 890 τῶν
2587 838 2789 908 ἑορτῶν
2819 836 2916 889 καὶ
2969 836 3076 886 τῶν
3109 831 3497 904 ἐπερχομένων
3555 827 3783 897 ἡμερῶν

2196 931 2482 1002 προοίμια.

2768 1024 3017 1078 ΚΕΦΑΛ.
3038 1024 3215 1077 TAH'.

2198 1139 2338 1207 Περί
2391 1140 2503 1202 τῆς
2543 1138 2832 1202 ἐκτενοῦς
2859 1137 3092 1201 ἱκεσίας
3145 1136 3240 1188 καί
3294 1135 3423 1200 περ)
3466 1134 3586 1187 τῶν
3629 1131 3789 1197 αἰτή-

2447 1225 2630 1271 σεων,
2665 1209 2755 1262 ὅτι
2801 1209 3250 1276 ἀναγκαιότατα
3285 1207 3544 1270 πάντως.

2266 1307 2422 1359 Μετὰ
2453 1303 2626 1356 ταῦτα
2658 1301 2713 1356 δὲ
2748 1305 2781 1370 ἡ
2814 1303 3038 1372 ἐκτενὴς
3073 1303 3280 1371 δέησις,
3310 1301 3403 1354 καὶ
3453 1301 3507 1352 αἰ
3543 1299 3790 1365 αἰτήσεις

2201 1403 2351 1470 παρὰ
2389 1400 2482 1453 τοῦ
2526 1401 2716 1469 ἱερέως
2756 1397 3040 1451 τελοῦνται
3071 1398 3149 1465 ’ἡ
3214 1395 3438 1463 ἐκτενὴς
3495 1393 3596 1459 μὲν
3651 1392 3794 1462 ὺπέρ

2196 1493 2377 1557 ἐλέους
2412 1493 2654 1556 πάντων,
2686 1491 2792 1542 τῶν
2824 1509 2883 1544 τε
2931 1489 3140 1542 πιστῶν
3205 1486 3490 1556 βασιλέων,
3549 1483 3642 1537 καὶ
3697 1479 3793 1534 τοῦ

2201 1586 2346 1638 κατὰ
2374 1585 2538 1637 τόπον
2571 1585 2859 1653 ἱεράρχου,
2892 1583 2988 1634 τοῦ
3018 1581 3160 1634 κατά
3187 1580 3288 1642 τὴν
3320 1577 3486 1646 μονὴν
3515 1575 3796 1646 προεστῶ-

517 1662 827 1732 praesidem,
865 1661 950 1714 vel
1007 1660 1320 1730 provisores
1355 1659 1541 1727 templi
1577 1657 1971 1725 adstantesqne
2007 1673 2096 1710 or-

2213 1692 2312 1737 :o;,
2344 1674 2375 1743 ἢ
2408 1675 2518 1727 τῶν
2552 1673 2646 1726 τοῦ
2677 1673 2821 1726 θείου
2848 1671 3264 1742 προνοουμένων
3297 1669 3446 1731 ναοῦ,
3468 1669 3574 1720 τῶν
3604 1683 3796 1736 περιεο

521 1755 786 1809 thodoxos
850 1763 906 1809 et
966 1768 1155 1809 omnes
1216 1753 1582 1821 undequaque
1644 1750 1849 1804 ﬁdeles.
1900 1748 2098 1804 Preces

525 1864 657 1902 vero
714 1847 850 1901 fiunt
909 1859 966 1901 ut
1021 1854 1302 1914 vesperam
1342 1853 1664 1912 noctemque
1717 1852 1884 1896 totam
1923 1851 2099 1894 trans-

519 1939 732 2010 ig'amns
786 1941 990 2006 absque
1050 1946 1268 2006 peccato
1333 1953 1396 1990 ac
1461 1939 1514 1989 in
1574 1951 1730 2002 pace,
1771 1946 1864 1987 attt
1930 1934 2095 1996 diem,

521 2034 741 2098 quando
778 2046 871 2084 eas
896 2031 948 2084 iu
994 2030 1262 2082 matutino
1293 2027 1525 2082 dicimus
1553 2025 1754 2087 ollicio,
1789 2039 2012 2078 necnon
2044 2034 2100 2075 ut

521 2124 772 2196 angelum
798 2125 945 2192 pacis
968 2123 1245 2178 custodem
1280 2120 1580 2176 habeamus
1612 2119 1808 2173 animae
1827 2129 1877 2171 et
1907 2132 2098 2185 corpo-

523 2217 619 2281 ris,
668 2225 722 2269 et
786 2215 1175 2284 indulgentiam
1220 2214 1708 2280 remissionemque
1750 2221 2100 2280 peccatorum

532 2309 880 2362 inveniamus
909 2325 924 2374 ;
990 2309 1213 2376 insuper
1249 2316 1305 2360 ut
1328 2306 1532 2376 Optima
1563 2306 1917 2371 secundaque
1949 2301 2102 2356 nobis

528 2411 580 2454 et
620 2415 723 2470 pax
770 2401 973 2453 mundo
1011 2400 1415 2469 imparliamnr,
1447 2398 1723 2463 vitamque
1753 2395 2016 2464 reliquam
2049 2395 2102 2448 in

529 2493 850 2562 pmnitentia
882 2503 936 2548 et
967 2509 1096 2562 pace
1151 2493 1524 2554 absolvantus,
1561 2498 1725 2558 atque
1753 2498 1812 2542 ut
1841 2488 2108 2543 Chr-isna-

531 2601 630 2640 nos
666 2586 840 2648 decet,
873 2585 926 2639 in
967 2586 1069 2640 lide
1128 2595 1350 2640 sanctus
1380 2583 1817 2651 tranquillusque
1870 2583 1960 2634 liat
1988 2581 2107 2634 vita:

530 2688 735 2732 nostrae
773 2678 916 2740 linis,
965 2686 1018 2732 et
1074 2675 1585 2747 irreprehcnsibiles
1626 2675 1974 2730 inveniamur
2009 2673 2107 2727 ad-

528 2771 778 2826 veniente
795 2771 1032 2825 Christo.
1067 2769 1294 2840 lnsuper
1323 2786 1418 2840 per
1461 2769 1748 2839 Deiparam
1805 2765 1889 2823 cui
1923 2768 2107 2820 omnia

529 2871 658 2918 sunt
693 2855 974 2934 possibilia
997 2868 1050 2918 et
1086 2877 1181 2932 per
1205 2875 1395 2917 omnes
1434 2870 1655 2917 sanctos
1691 2869 1877 2929 utpote
1905 2860 2109 2916 labori-

2206 1766 2425 1818 στὼτων
2449 1763 2768 1835 ὀρθοδόξων,
2794 1765 2887 1817 καὶ
2916 1764 3024 1816 τῶν
3076 1753 3385 1829 ἁπανταχοῦ
3446 1758 3650 1810 πιστῶν
3672 1773 3683 1787 ·
3740 1759 3796 1809 αί

2205 1858 2451 1926 αἰτήσεις
2475 1857 2551 1920 δὲ,
2589 1855 2732 1909 ὥστε
2763 1855 2862 1924 τὴν
2901 1855 3139 1922 ἑσπέραν
3165 1854 3258 1905 καὶ
3289 1851 3388 1920 τὴν
3417 1850 3585 1903 νύκτα
3614 1851 3797 1903 πᾶσαν

2203 1951 2435 2004 διελθεῖν
2471 1951 2618 2017 ἡμᾶς
2658 1948 3048 2018 ἀναμάρτητον
3100 1948 3194 2000 καὶ
3246 1945 3530 2017 εἰρηνικήν
3557 1958 3571 1972 ·
3605 1944 3638 2012 ἢ
3694 1942 3798 2008 τὴν

2206 2044 2440 2113 ἡμέραν,
2493 2041 2579 2104 ,ὡς
2638 2043 2695 2093 ὲν
2749 2041 2828 2109 τῷ
2895 2039 3078 2112 ὄρθρῳ
3131 2039 3384 2108 λέγομεν,
3433 2037 3528 2088 καὶ
3566 2033 3798 2102 ἄγγελον

2207 2137 2450 2206 εἰρήνης,
2489 2135 2708 2203 φύλακα
2757 2133 2939 2203 ψυχῆς
2999 2133 3094 2186 καὶ
3161 2131 3413 2200 σώματος
3479 2129 3647 2196 ἔχειν,
3698 2129 3796 2180 καὶ

2209 2227 2548 2296 συγγνώμην
2587 2227 2680 2279 καὶ
2714 2227 2910 2295 ἄφεσιν
2947 2226 3129 2295 εὑρεῖν
3187 2224 3294 2276 τῶν
3354 2222 3794 2292 ἁμαρτημάτων.

2210 2322 2304 2372 καὶ
2333 2321 2400 2372 τὰ
2431 2318 2694 2372 κάλλιστα
2731 2319 2827 2372 καὶ
2869 2319 3222 2387 συμφέροντα
3249 2316 3405 2384 ἡμῖν,
3439 2313 3534 2366 καὶ
3597 2311 3694 2380 τὴν
3719 2311 3798 2362 εί-

2211 2415 2384 2482 ρὴνην
2422 2412 2498 2480 τῷ
2531 2412 2720 2479 κόσμῳ
2751 2410 3085 2480 δωρηθῆναι,
3121 2410 3214 2463 καὶ
3243 2408 3305 2461 τὸ
3369 2407 3668 2460 ὑπόλοιπον
3697 2404 3798 2467 τῆς

2210 2503 2353 2570 ζωῆς
2383 2504 2440 2554 ἐν
2485 2501 2750 2573 μετανοίᾳ
2778 2519 2836 2554 τε
2871 2501 2965 2554 καὶ
3003 2501 3298 2569 εἰρηνικῶς
3348 2497 3650 2559 ἐκτελέσαι,
3702 2498 3802 2549 καὶ

2210 2591 2286 2651 ὡς
2317 2593 2517 2660 πρέπει
2547 2593 2916 2661 Χριστιανοῖςι,
2950 2591 3122 2645 πιστά
3153 2610 3212 2644 τε
3249 2592 3344 2644 καὶ
3391 2591 3523 2657 ἅγια
3569 2587 3637 2640 τὰ
3668 2587 3800 2656 τέλη

2212 2679 2368 2749 ἡμῶν
2395 2674 2534 2732 εἶναι
2561 2679 2658 2750 τῆς
2691 2679 2838 2751 ζωῆς
2865 2682 2961 2734 καὶ
2992 2681 3272 2752 εἰρηνικὰ,
3325 2681 3436 2734 καί
3458 2678 3802 2744 εὖαπολογή-

2211 2779 2338 2836 τους
2367 2773 2659 2844 εὑρεθῆναι
2710 2774 3158 2843 παραγενομένου
3213 2771 3454 2843 Χριστοῦ
3485 2789 3500 2804 ο
3558 2771 3652 2823 καὶ
3701 2769 3800 2822 ἐπὶ

2214 2866 2432 2926 τούτοις
2459 2865 2544 2919 διὰ
2566 2869 2664 2936 τῆς
2692 2867 2958 2920 Θεοτόκου
2989 2866 3090 2933 τῆς
3121 2865 3297 2920 πάντα
3325 2863 3652 2933 δυναμένης,
3700 2862 3805 2915 καὶ

528 2953 631 3008 bus
655 2962 708 3006 et
733 2953 1124 3008 certaminibus
1160 2951 1381 3019 liberos,
1445 2959 1499 3007 et
1543 2950 1928 3018 nosmetipsos,
1981 2964 2104 3003 cum

2219 2961 2440 3014 πάντων
2462 2960 2569 3012 τῶν
2604 2959 2797 3028 ἁγίων,
2830 2960 2903 3022 ὠς
2929 2958 3244 3030 παρρησίαν
3301 2961 3416 3019 τοῖς
3473 2956 3658 3019 πόνοις
3704 2954 3804 3008 καὶ

529 3061 560 3098 a
599 3045 708 3098 Deo
735 3044 860 3099 facti
891 3061 991 3100 nos
1019 3047 1066 3099 ci
1097 3043 1384 3108 debemus,
1405 3053 1460 3098 et
1481 3044 1616 3098 alios
1634 3043 1892 3111 quoniam
1927 3042 2110 3106 proxi-

530 3135 632 3189 tnis
661 3134 917 3203 prodesse
975 3146 1246 3203 tenemur,
1303 3135 1379 3188 ait
1416 3135 1562 3190 enim
1597 3151 1610 3187 :
1645 3151 1664 3184 ι
1706 3132 1905 3202 Diliges
1940 3129 2106 3184 Deum

531 3237 586 3282 et
621 3228 1112 3296 proximum’tuum
1174 3229 1316 3282 sicut
1351 3235 1402 3280 te
1451 3227 1652 3295 ipsum,
1703 3243 1721 3275 ι
1763 3234 1930 3278 totam
1970 3238 2106 3292 quu-

533 3337 648 3391 que
686 3323 852 3375 vitam
896 3333 1138 3376 nostram
1187 3328 1245 3373 ut
1283 3334 1312 3372 a
1365 3319 1470 3374 Deo
1513 3320 1690 3387 datam
1745 3318 1966 3372 Christo
2002 3309 2109 3368 Deo

533 3419 1005 3479 commendamus,
1056 3413 1198 3481 quod
1247 3422 1378 3466 tunc
1410 3413 1554 3466 illico
1614 3411 1843 3465 facimus
1878 3412 2059 3466 verbis
2093 3425 2108 3464 :

541 3508 713 3570 «Tihi,
757 3505 1032 3568 Domine,»
1067 3505 1330 3565 dicentes,
1361 3518 1458 3557 nos
1495 3503 1750 3557 videlicet
1777 3504 1923 3573 ipsos
1956 3519 2106 3558 cmu-

536 3598 828 3661 mittimus,
865 3591 1038 3665 'quotl
1086 3594 1347 3649 debemus
1382 3595 1543 3648 etiam
1590 3595 1848 3663 operibus
1898 3595 2104 3661 facere;

534 3707 658 3746 naut
723 3690 812 3758 qui
878 3706 940 3744 se
991 3689 1283 3749 commisit,
1323 3688 1483 3742 debet
1546 3703 1667 3742 esse
1721 3688 1823 3742 sub
1866 3692 2111 3757 [notent‘a

530 3779 652 3855 ejus
698 3785 788 3838 cui
833 3799 891 3838 se
935 3781 1210 3838 commisit
1263 3790 1322 3835 ut
1358 3781 1477 3849 ejus
1507 3781 1750 3836 custodia
1809 3781 2026 3834 fruatur
2057 3791 2111 3835 et

534 3877 876 3948 providentia
918 3876 1060 3930 illius
1117 3875 1373 3944 gaudeat.
1411 3872 1543 3929 Vide
1580 3884 1785 3944 quanta
1815 3875 1954 3928 bona
1989 3890 2112 3938 prc-

536 3986 630 4026 ces
663 3972 780 4025 ista!
810 3968 973 4023 nobis
1015 3977 1265 4038 poscant,
1299 3977 1616 4035 quantaque
1678 3967 2111 4037 intelligentibus

535 4063 876 4132 impertiant.
936 4059 1198 4115 Noviutus
1231 4058 1451 4127 quidem
1483 4065 1701 4112 sanctos
1733 4057 1999 4127 quosdam
2029 4058 2113 4110 vi-

537 4172 626 4210 ros
654 4155 709 4210 in
734 4155 819 4209 his
867 4155 1017 4206 velut
1054 4161 1208 4205 extra
1242 4165 1301 4204 sc
1333 4161 1518 4218 raptos
1551 4159 1604 4204 ct
1637 4159 1749 4204 tota
1796 4160 1977 4205 mente
2015 4150 2111 4203 dc-

536 4256 842 4317 precantes,
891 4245 1108 4312 Dcoque
1139 4241 1464 4311 semetipsos
1493 4242 1983 4307 con'tmendantes;
2017 4243 2108 4295 scd

2218 3052 2402 3116 ἄθλοις
2461 3054 2793 3124 ἐσχηκότων,
2858 3055 2954 3107 καὶ
3001 3053 3265 3116 ἑαυτούς’
3323 3051 3445 3105 ἐπεὶ
3506 3050 3804 3120 ὀφείλομεν

2217 3145 2366 3212 ἡμᾶς
2397 3145 2624 3206 ἑαυτοὺς
2649 3162 2726 3213 τῳ
2770 3145 2889 3214 Θεῷ
2933 3145 3062 3215 παρ’
3109 3142 3276 3197 αὐτοῦ
3341 3143 3648 3212 γεγονότες,
3704 3141 3804 3195 καὶ

2220 3233 2504 3302 ἀλλήλους,
2535 3235 2608 3296 ὡς
2636 3237 2729 3288 καὶ
2758 3234 2884 3298 τοὺς
2918 3233 3148 3306 πλησίον
3173 3234 3404 3304 ὠφελεῖν
3466 3233 3800 3302 ὀφείλοντες,

2224 3344 2244 3376 ι
2287 3327 2619 3395 Ἀγαπήσεις
2648 3328 2776 3395 γὰρ,
2813 3327 3076 3396 eminet!
3134 3326 3266 3379 Θεὸν
3293 3325 3386 3379 καὶ
3429 3325 3519 3378 τὸν
3571 3325 3805 3394 πλησίον

2222 3434 2314 3470 σου
2345 3415 2420 3479 ὡς
2458 3417 2698 3481 ἐαυτὸνρ
2730 3418 2820 3469 καὶ
2849 3417 2944 3486 τὴν
2969 3419 3116 3486 ζωὴν
3139 3419 3293 3488 ἡμῶν
3336 3419 3509 3470 πᾶσαν
3544 3417 3619 3477 ὡς
3651 3416 3806 3483 παρὰ

2219 3507 2354 3561 Θεοῦ
2392 3508 2704 3577 δεδομένην,
2752 3508 2972 3579 Χριστῷ
3021 3508 3096 3578 τῷ
3161 3509 3281 3576 Θεῴ
3331 3507 3674 3578 παραθεῖναι.
3734 3508 3804 3559 ’Ὁ

2221 3607 2316 3653 καὶ
2347 3599 2607 3672 ποιοῦμεν
2633 3601 2792 3665 εὐθὺς
2823 3603 2942 3654 τότε
2965 3603 3078 3664 τοῖς
3109 3604 3336 3670 ῥήμασι,
3371 3621 3388 3651 ι
3418 3602 3528 3660 Σοὶ,
3565 3598 3759 3667 Κύριε,
3779 3617 3798 3650 ι

2220 3691 2470 3759 λέγοντες
2515 3709 2529 3724 ⁸
2565 3695 2790 3757 ἑαυτοὺς
2815 3695 3054 3764 δηλονότι
3088 3693 3516 3764 παρατιθέμεθα,
3553 3691 3804 3759 ὀφείλονο

2219 3800 2308 3845 τες
2334 3783 2425 3837 καὶ
2448 3786 2561 3848 τοῖς
2589 3785 2770 3855 ἔργοις
2798 3783 2956 3838 τοῦτο
2977 3788 3170 3840 ποιεῖν.
3205 3786 3265 3839 '0
3312 3785 3420 3853 γὰρ
3479 3781 3804 3852 παρατιθεὶς

2222 3877 2414 3928 ἑαυτὸν
2446 3876 2549 3929 ὑπὸ
2592 3857 2992 3946 τὴν-ἐξουσίαν
3031 3877 3236 3946 ὀφείλει
3282 3871 3421 3928 εἶναι
3475 3875 3704 3935 ἐκείνου,
3759 3867 3807 3940 ᾧ

2223 3967 2604 4037 παρατίθεται,
2636 3967 2711 4031 ὠς
2749 3970 2814 4022 ἂν
2843 3970 2936 4022 καὶ
2964 3968 3063 4038 τὴν
3091 3966 3255 4021 αὑτοῦ
3297 3967 3497 4034 πλουτῇ
3532 3963 3807 4034 φυλακὴν,

2223 4046 2445 4126 καὶτῆς
2474 4059 2637 4112 αὐτοῦ
2670 4059 2921 4131 ἀπολαύῃ
2978 4060 3250 4127 προνοίας.
3295 4058 3436 4128 Ὅρα
3499 4057 3554 4110 δὲ
3594 4058 3676 4108 ὅτι
3734 4055 3812 4108 τὰ

2226 4157 2460 4226 μέγιστα
2490 4155 2832 4220 ἐξαιτοῦνται
2865 4157 3001 4225 ἡμῖν
3055 4155 3111 4206 αἱ
3176 4153 3422 4222 αἰτήσεις
3475 4143 3658 4212 αὗται,
3704 4153 3810 4202 καὶ

2225 4248 2434 4315 μεγάλα
2470 4249 2583 4310 τοῖς
2639 4247 2820 4299 νοοῦσι
2871 4247 3192 4315 παρέχουσι.
3227 4245 3336 4297 Καὶ
3387 4242 3602 4311 είδοςιέν
3643 4257 3811 4302 τινας

535 4346 591 4392 et
622 4337 756 4390 alios
787 4335 1034 4404 novimus
1065 4334 1289 4386 minime
1331 4332 1490 4386 dictis
1525 4333 1871 4388 intendentes
1901 4348 1965 4386 ex
1993 4333 2112 4385 aui-

2223 4339 2396 4400 θείους
2426 4338 2622 4407 ἄνδρας
2680 4332 2793 4390 οἷον
2850 4339 2908 4390 ὲν
2966 4338 3175 4398 τούτοις
3236 4335 3642 4400 ἐξισταμένους,
3707 4333 3812 4385 καὶ

538 4443 643 4482 ma:
675 4424 1062 4495 imprudentia.
1096 4424 1289 4478 Postea
1323 4425 1388 4476 de
1417 4438 1568 4478 more
1597 4429 1840 4478 clamans
1885 4424 2114 4478 doxolo-

539 4519 683 4589 giam
717 4517 848 4572 facit
876 4515 1132 4571 sacerdos
1157 4529 1453 4585 pacemque
1483 4517 1740 4571 omnibus
1767 4517 2115 4584 deprecatus,

496 4650 497 4654 η
536 4613 806 4684 iussuque
835 4605 963 4665 dato
992 4609 1288 4663 iuclinandi
1320 4607 1498 4676 capita
1550 4608 1602 4661 in
1638 4609 1853 4677 signum
1886 4608 2118 4662 servitu-

537 4705 613 4761 tis
667 4715 723 4759 et
777 4701 1200 4773 deprecationis.
1258 4699 1478 4756 Primus
1516 4701 1632 4770 ipse
1659 4708 1819 4769 caput
1865 4701 2116 4769 inclinat,

537 4797 800 4854 humilem
861 4809 1082 4850 servum
1133 4793 1485 4862 semetipsum
1526 4793 1817 4856 confitens,
1849 4802 2116 4861 ctprcca-

543 4901 630 4944 tur
663 4895 884 4958 preptcr
917 4886 1303 4950 sacerdotimu,
1341 4900 1449 4938 non
1494 4885 1640 4938 enim
1707 4885 1810 4938 sibi
1867 4885 2114 4944 conlidit,

541 4989 596 5034 et
629 4979 730 5046 ipsi
757 4993 902 5048 opus
943 4986 1023 5032 est
1065 4975 1468 5031 misericordia.
1507 4976 1635 5030 ldeo
1675 4977 1759 5044 pie
1791 4975 2116 5044 deprecatur

539 5089 666 5126 cum
699 5071 920 5126 sxlentio
949 5078 1267 5124 contractus
1307 5078 1359 5121 et
1399 5070 1596 5123 anxius
1621 5069 1748 5122 dum
1786 5070 1951 5123 Deum
1986 5071 2118 5122 allo-

541 5164 729 5232 quitur
757 5171 810 5216 ct
852 5161 1138 5216 intercedit
1176 5159 1367 5213 dicens
1414 5177 1427 5212 :
1463 5178 1480 5209 t
1543 5155 1772 5214 Domine
1807 5161 1968 5226 Deus,
2023 5160 2116 5229 qui

539 5256 710 5309 coclos
743 5255 1016 5308 inclinans
1055 5254 1112 5306 in
1169 5251 1403 5306 salutem
1454 5251 1735 5306 heminum
1763 5252 2114 5317 descendisti,

544 5361 651 5399 non
680 5358 866 5400 nostra
896 5345 1270 5415 producimus,
1306 5343 1399 5398 sed
1431 5358 1571 5413 opus
1600 5345 1884 5398 charitatis
1915 5353 2024 5398 tua:
2065 5357 2117 5399 et

540 5440 890 5505 humilitatis,
927 5441 1110 5508 aspice
1145 5454 1308 5508 super
1337 5438 1710 5494 hereditatem
1759 5450 1930 5504 tuam,
1984 5456 2120 5510 quo~

541 5534 686 5586 niam
726 5546 830 5585 non
863 5532 1174 5586 hominibus
1197 5534 1291 5588 sed
1323 5533 1424 5588 tihi
1463 5532 1877 5602 inclinaverunt
1911 5533 2112 5601 capita,

544 5639 703 5680 suam
727 5638 756 5676 a
787 5633 836 5677 te
869 5624 1098 5678 salutem
1129 5623 1510 5694 deposcentes,
1536 5640 1675 5696 quos
1707 5625 1760 5678 in
1790 5624 1940 5680 omni
1974 5636 2116 5681 tem-

2219 4429 2495 4498 ὁλοψύχως
2516 4430 2892 4498 αἰτουμένους,
2925 4428 3018 4479 καὶ
3056 4427 3133 4497 τῷ
3166 4426 3286 4496 Θεῷ
3334 4424 3813 4493 παρατιθεμένους

2219 4519 2464 4584 ἑαυτοὺς,
2501 4519 2576 4581 ὡς
2606 4520 2698 4572 καὶ
2755 4519 2976 4588 ἐτέρους
3035 4517 3165 4587 μηδὲ
3223 4515 3645 4584 αἰσθανομένους
3692 4514 3814 4567 τῶν

2220 4611 2531 4680 λεγομένων
2558 4611 2622 4662 δι’
2645 4610 3004 4681 ἀναισθησίαν
3054 4609 3253 4678 ψυχῆς.
3289 4603 3419 4663 Εἶτα
3448 4607 3692 4673 συνήθως
3749 4608 3816 4658 ἐν

2220 4703 2527 4772 ἐκφωνήσει
2559 4701 2830 4770 δοξολογεῖ
2853 4704 2880 4754 ὁ
2909 4702 3106 4773 ίερεὺς,
3141 4701 3233 4754 καὶ
3255 4700 3352 4768 τὴν
3379 4701 3602 4770 εἰρήνην
3635 4699 3811 4749 ἐπευο

2223 4794 2452 4863 ξάμενος
2478 4797 2614 4848 πᾶσι
2652 4797 2746 4848 καὶ
2797 4795 2976 4847 κλῖναι
3024 4794 3220 4864 βοήσας
3273 4793 3371 4855 τὰς
3435 4791 3672 4859 κεφαλὰς
3723 4794 3815 4852 εἰς

2223 4889 2411 4957 σχῆμα
2442 4887 2688 4949 δουλείας
2717 4888 2809 4938 καὶ
2839 4886 3069 4950 ἱκεσίας,
3101 4885 3318 4955 πρῶτος
3354 4885 3514 4944 αὐτὸς
3540 4881 3811 4946 κλίνεται,

2220 4978 2407 5031 δοῦλον
2437 4977 2690 5031 ταπεινὸν
2725 4976 3002 5046 ὁμολογῶν
3033 4975 3222 5028 ἑαυτόν
3249 4991 3263 5005 ·
3291 4973 3383 5027 καὶ
3407 4973 3697 5041 ἐπεύχεται
3716 4971 3812 5023 διὰ

2219 5072 2318 5141 τὴν
2351 5071 2671 5139 ἱερωσύνην.
2693 5071 2767 5122 Οὐ
2796 5069 2907 5141 γὰρ
2935 5068 3114 5138 ἐαυτῷ
3143 5067 3354 5138 θαρρεῖ,
3379 5067 3473 5118 καὶ
3495 5066 3654 5126 αὐτὸς
3672 5063 3813 5133 χρῄ-

2223 5163 2330 5228 ζων
2354 5163 2555 5224 ἐλέους.
2575 5162 2740 5232 238
2759 5162 2848 5213 Διὸ
2869 5162 2962 5213 καὶ
2981 5159 3272 5229 ἐπεύχεται
3290 5157 3531 5220 εὐλαὸῶς
3552 5155 3644 5207 καὶ
3666 5158 3815 5222 μετᾲ

2224 5258 2380 5325 σιγῆς
2410 5257 2832 5325 συστελλόμενος
2864 5257 2956 5308 καὶ
2985 5254 3238 5322 ἀγωνιῶν
3279 5259 3334 5306 ἐν
3363 5251 3439 5322 τῷ
3480 5251 3618 5321 πρὸς
3670 5249 3815 5301 Θεὸν

2220 5347 2426 5415 ὁμιλεῖν
2449 5363 2504 5398 τε
2525 5348 2617 5399 κοιλ⁹
2648 5346 2956 5416 μεσιτεύειν
2978 5361 2990 5373 ’
3018 5348 3113 5399 καί
3139 5344 3298 5398 τοῦτό
3350 5361 3483 5411 φησι
3509 5358 3523 5372 ·
3575 5359 3594 5391 ι
3633 5339 3813 5410 Κύριε

2221 5442 2248 5492 ὁ
2277 5439 2430 5505 Θεὸς,
2467 5440 2494 5491 ὁ
2525 5438 2712 5502 κλίνας
2741 5438 3004 5508 οὐρανοὺς
3030 5439 3122 5491 καὶ
3153 5436 3395 5499 καταϐὰς
3430 5435 3522 5490 ἐπὶ
3564 5437 3820 5505 σωτηρίᾳ

2223 5532 2331 5585 τῶν
2356 5531 2684 5602 ἀνθρώπων,
2722 5532 2784 5585 οὐ
2817 5533 2884 5584 τὰ
2921 5533 3163 5604 ἡμέτερα
3194 5527 3637 5601 προσαλλόμεθα,
3671 5527 3816 5579 ἀλλὰ

2225 5623 2281 5676 τὶν
2312 5623 2407 5692 τῆς
2431 5624 2525 5693 σῆς
2559 5623 2774 5694 ἀγάπης
2815 5624 2973 5694 ἔργον
3007 5625 3097 5678 καὶ
3129 5621 3531 5685 ταπεινώσεως,
3553 5619 3619 5674 σὺ
3655 5618 3813 5672 ἔπιδε
