4094 6194
421 209 527 272 813

1589 203 1688 270 DE
1731 212 1968 273 SAL'BA
2017 211 2530 284 PilECATIONE.

3586 232 3690 300 614

417 324 510 374 ἐπὶ
529 323 628 391 τὴν
657 320 1022 392 κληρονομίαν
1055 338 1170 387 σου,
1199 322 1284 375 ὅτι
1339 321 1439 376 οὐκ
1479 323 1815 391 ἀνθρώποις,
1868 325 1993 379 ἀλλᾶ

2107 345 2236 399 pore
2297 335 2574 390 custodire
2621 336 2870 408 dignare,
2919 351 2972 396 et
3017 343 3068 396 lu
3098 343 3200 400 hac
3253 345 3384 400 liora
3429 347 3497 400 ab
3531 345 3687 402 omni

419 415 500 465 σοὶ
529 415 625 474 τὰς
655 413 895 481 κεφαλὰς
928 412 1166 477 ἔκλιναν,
1209 414 1308 483 τὴν
1343 415 1508 484 παρὰ
1547 415 1641 467 σοῦ
1687 417 1999 484 αἰτούμενοι

419 506 694 574 σωτηρίαν
713 520 726 532 ·
753 505 848 566 οὓς
879 505 974 557 καὶ
1001 507 1058 558 ἐν
1082 507 1244 559 παντὶ
1269 506 1450 576 καιρῷ
1503 506 1848 576 διαφύλαξον,
1905 511 2000 562 καὶ
2023 537 2026 540 ~

419 599 475 650 ὲν
499 597 576 665 τῷ
613 597 839 666 παρόντι
873 597 979 650 ἀπὸ
1019 598 1224 662 παντὸς
1271 599 1516 652 ἐναντίου
1563 599 1854 667 νοουμένου
1907 602 2001 653 καὶ

420 688 698 756 αἰσθητοῦ.
739 707 758 739 ι
794 690 901 742 Καὶ
937 689 1222 760 θαρρήσας
1245 691 1320 753 ὼς
1367 690 1732 758 ὲπιτεύξεται,
1785 694 2002 747 ἀνίστα-

583 783 674 834 καὶ
699 783 1024 853 ἐκφωνήσεις
1053 784 1304 854 ἀνυμνεῖ.
1343 803 1362 835 ι
1400 785 1502 852 Εῐη
1552 783 1612 836 τὸ
1664 789 1863 853 κράτος
1903 785 2000 852 τῆς

421 875 692 943 βασιλείας
711 893 804 928 σου
831 873 1250 946 εὐλογημένον,›
1282 878 1376 929 καὶ
1407 875 1473 929 τὰ
1503 876 1668 929 λοιπά
1699 891 1712 906 ·
1748 870 1884 941 οἷον,
1924 878 1997 930 Σὺ

419 800 505 834 ται
535 800 549 812 '

2106 419 2425 477 adversario
2449 424 2565 479 sive
2617 428 2888 495 spirituali
2925 432 3040 485 sive
3069 432 3340 486 sensibili.
3383 451 3400 483 ι
3443 433 3509 486 Et
3548 433 3688 488 fidu-

2108 513 2320 568 cialiter
2347 531 2576 586 sperans
2636 535 2695 572 se
2728 523 2892 589 petita
2924 529 3374 586 consecuturum,
3403 524 3600 592 surgit,
3634 533 3690 578 et

2107 601 2352 658 clamans
2384 615 2569 660 cantat
2606 625 2618 660 :
2687 628 2702 660 i
2755 611 2835 664 Sit
2873 613 3110 666 fortiudo
3139 615 3292 681 regni
3327 615 3402 668 tui
3461 615 3689 668 benedi-

2106 699 2215 752 cta,
2253 711 2273 742 ι
2308 704 2361 746 et
2392 705 2609 758 caetera,
2673 702 2826 767 quasi
2860 703 3068 756 diceret
3107 713 3121 756 ξ
3165 701 3247 757 Tu
3305 704 3452 758 solus
3499 719 3558 756 es
3589 719 3682 757 rex

2108 785 2441 854 glorificatus
2468 796 2522 842 et
2552 789 2894 858 benedictus,
2953 805 3006 848 et
3029 796 3212 850 omnia
3269 795 3454 868 potes';
3485 808 3538 850 et
3571 807 3685 850 stas

2115 877 2208 932 tim
2235 881 2640 947 processionem
2663 886 2890 954 peragit.

427 971 682 1040 βασιλεὺς
718 971 878 1039 μόνος
902 971 1291 1040 ὃεδοξασμένος
1327 989 1384 1024 τε
1419 974 1513 1025 καὶ
1541 970 1938 1040 εὐλογημένος,
1961 971 2056 1025 καί
2085 971 2264 1026 πάντα
2294 963 2556 1028 δύνασαι·
2593 977 2689 1030 καὶ
2739 979 2902 1040 εὐθὺς
2947 979 3248 1034 ἐκτελείται
3284 985 3350 1034 τὰ
3383 983 3478 1051 τῆς
3515 982 3686 1051 λιτῆςε

982 1088 1026 1140 Κ
1041 1088 1234 1139 ΕΦΛΛ.
1261 1085 1431 1141 ΤΛΘ’.

417 1177 554 1245 Περὶ
585 1176 693 1244 τῆς
717 1179 788 1230 ἐν
820 1178 898 1244 τῷ
922 1181 1173 1246 νάρθηκι
1214 1177 1410 1244 λιτῆς,
1467 1180 1564 1232 καὶ
1600 1181 1720 1234 τῶν
1767 1183 2000 1236 ⁸ιοισιῶν

767 1248 990 1312 ἔξωθεν
1013 1249 1116 1303 τοῦ
1139 1251 1291 1304 ναοῦ
1306 1251 1645 1304 λιτανειῶν.

486 1340 634 1411 Λῦτη
656 1341 710 1393 δὲ
746 1339 942 1405 ἔξωθεν
981 1343 1034 1392 ὲν
1061 1341 1138 1411 τῷ
1175 1344 1408 1412 νάρθηκι
1435 1345 1579 1398 κατά
1605 1361 1664 1396 τε
1719 1345 2000 1399 Σάϐϐατον

415 1433 645 1499 γίνεται,
672 1435 764 1486 καὶ
787 1437 842 1486 ἐν
873 1437 1107 1505 ἑορταῖς,
1163 1437 1254 1488 καὶ
1308 1440 1366 1490 ἑν
1428 1438 1608 1506 καιρῷ
1660 1439 1715 1490 δὲ
1784 1439 2000 1508 πληγῆς

415 1543 556 1588 τινος
589 1527 926 1598 ἐπελθούσης
963 1529 994 1597 ἢ
1063 1531 1438 1595 περιστάσεως
1507 1531 1768 1584 πλειόνων
1807 1531 1998 1602 ἀθροι-

418 1622 648 1674 σθέντων
674 1623 759 1673 διὰ
793 1623 960 1689 μέσου
984 1625 1081 1692 τῆς
1111 1623 1338 1686 πόλεως,
1374 1624 1526 1693 ἢκαὶ
1564 1625 1768 1688 ἔξωθεν
1802 1625 1994 1694 αὐτῆς,

2580 1093 2812 1147 CAPUT
2853 1095 3223 1151 CCCXXXIX.

2113 1183 2190 1236 De
2217 1185 2547 1252 processione
2565 1188 2616 1239 in
2642 1186 2926 1260 Nartlie‘ce,
2959 1199 3008 1242 et
3038 1194 3236 1245 cirteri's
3257 1203 3403 1244 extra
3430 1192 3681 1260 templum

2583 1259 2824 1325 precibus
2859 1277 2920 1312 ac
2957 1263 3185 1315 titaniis.
3487 1317 3490 1322 .

2181 1344 2307 1400 Πειεο
2340 1363 2468 1402 vero
2504 1350 2648 1403 foras
2674 1351 2732 1403 lit
2777 1350 2831 1404 in
2879 1354 3138 1406 narthece
3163 1369 3260 1424 per
3295 1355 3603 1417 sabbatum,
3631 1361 3684 1408 et

2109 1437 2161 1491 iit
2193 1437 2340 1490 festis
2376 1443 2678 1505 processio,
2707 1458 2918 1496 necnon
2953 1445 3171 1512 quando
3203 1445 3385 1514 aliqua
3413 1461 3680 1514 superve—

2109 1533 2188 1585 nit
2223 1532 2398 1600 plaga,
2433 1533 2516 1586 vel
2545 1534 2698 1587 multi
2723 1545 2923 1590 coeunt
2965 1536 3211 1590 homines
3247 1538 3300 1590 in
3331 1539 3508 1596 medio
3535 1537 3684 1590 urbis

2107 1636 2200 1681 aut
2263 1636 2415 1682 extra
2469 1629 2614 1682 illam
2673 1645 2768 1684 seu
2824 1632 2976 1684 circa
3031 1647 3216 1684 muros
3269 1632 3681 1685 tumultuantes.

415 1715 446 1780 ἢ
473 1716 599 1783 περὶ
627 1714 692 1766 τὰ
719 1714 896 1784 τείχη.
931 1715 1190 1768 Λιτανεία
1219 1715 1276 1768 δέ
1333 1717 1447 1768 ἐστι
1483 1718 1832 1786 παράκλησις
1864 1717 1993 1784 πρὸς

2104 1721 2244 1774 Sunt
2296 1729 2476 1775 autem
2524 1722 2732 1776 litanias
2763 1723 3072 1778 obsecratio
3104 1731 3158 1776 et
3195 1724 3504 1790 deprecatio
3528 1738 3683 1776 com-

415 1805 544 1856 Θεὸν
567 1805 663 1856 καὶ
696 1806 876 1857 ἱκεσία
909 1806 1062 1877 κοινὴ
1097 1809 1192 1859 καὶ
1215 1807 1284 1860 δι’
1337 1808 1510 1876 ὀργὴν
1567 1801 2006 1894 ἐπιφερομένηνξ

414 1897 506 1948 καὶ
555 1897 716 1966 χάριν
753 1899 1104 1968 εὐχαριστίας
1157 1900 1297 1968 ὑπὲρ
1355 1901 1576 1968 ἀγαθῶν
1623 1901 1998 1971 δωρηθέντων.

415 1991 486 2040 Τὸ
511 1990 604 2042 οὖν
639 1990 838 2054 ἔξωθεν
870 1993 1016 2060 ἡμᾶς
1047 1991 1140 2044 τοῦ
1173 1991 1303 2045 ναοῦ
1345 1993 1611 2058 γίνεσθαι,
1655 1994 1752 2062 τὴν
1785 1994 1999 2046 ἔκπτω-

414 2098 498 2134 σιν
529 2082 624 2134 τοῦ
665 2084 1000 2153 παραδείσου
1025 2085 1196 2153 δηλοῖ,
1233 2086 1416 2138 καὶτὸ
1462 2086 1780 2155 κλεισθῆναι
1835 2088 1998 2139 αὐτὸν

413 2177 662 2244 ἡμῖνκαὶ
717 2178 807 2228 τὸν
855 2177 1108 2247 οὐρανόν.
1165 2178 1238 2229 Τὸ
1299 2179 1356 2231 δὲ
1424 2181 1586 2246 μέσον
1641 2181 1738 2247 τῆς
1791 2180 2000 2242 πόλεως

413 2269 724 2336 διέρχεσθαί
753 2286 810 2321 τε
842 2271 934 2322 καὶ
969 2270 1240 2332 πενθικῶς
1283 2272 1481 2342 ἐκϐοᾷν
1529 2273 1589 2324 τὺ
1655 2275 1997 2342 καταχρᾶναι

415 2361 564 2431 δηλοῖ
584 2362 682 2431 τὴν
715 2364 871 2416 πόλιν
901 2366 1022 2424 ταῖς
1075 2365 1372 2432 ἁμαρτίαις
1404 2366 1551 2434 ἡμᾶς
1582 2365 1677 2417 καὶ
1731 2367 1910 2418 πάντα
1931 2367 1998 2417 τὰ

415 2455 469 2504 ἐν
495 2453 661 2522 αὐτῇ.
693 2455 802 2506 Καὶ
835 2456 894 2506 τὸ
922 2454 1120 2518 ἔξωθεν
1150 2455 1206 2508 δὲ
1247 2455 1378 2526 βοᾷν
1421 2457 1517 2508 καὶ
1575 2456 1881 2508 λιτανεύειν
1937 2458 1996 2509 τὺ

411 2544 808 2597 ταπεινοῦσθαι
840 2545 1116 2614 σημαίνει,
1141 2547 1236 2598 καὶ
1266 2543 1518 2610 ἀναξίους
1580 2547 1784 2616 κρίνειν
1844 2549 1996 2616 ἡμᾶς

413 2635 521 2688 ἀπὸ
550 2636 648 2705 τῆς
679 2638 884 2700 πόλεως
915 2637 1128 2705 ἐκὸοᾷν,
1159 2637 1224 2706 ἣν
1261 2638 1642 2699 κατοικοῦντες
1687 2639 1992 2707 κατεμολύ-

413 2745 604 2795 ναμεν,
632 2729 722 2780 καὶ
757 2729 830 2790 ὡς
856 2729 955 2797 τῆς
985 2727 1244 2797 πατρίδος
1285 2731 1382 2796 τῆς
1415 2727 1564 2790 θείας
1614 2727 1702 2782 διὰ
1743 2731 1995 2796 παραϐά-

416 2837 550 2881 σεως
585 2819 1030 2890 μετῳκίσθημεν,
1087 2823 1182 2873 καὶ
1227 2823 1282 2874 ὲν
1354 2822 1492 2892 αὐτῇ
1639 2821 1992 2891 ὲπλάσθημεν

414 2913 588 2978 πόλει,
617 2914 814 2982 μᾶλλον
843 2913 898 2965 δὲ
951 2911 1377 2982 ἀνεπλάσθημεν
1408 2914 1502 2965 καὶ
1548 2913 1653 2964 τῶν
1702 2914 1795 2966 τοῦ
1822 2941 1832 2952 ι
1856 2915 1990 2966 θεοῦ

421 3007 715 3076 ἢξιιῖιμεθα,
773 3005 878 3058 ὐπὸ
929 3005 1025 3058 τοῦ
1080 3005 1256 3072 ὄφεως
1307 3005 1693 3074 πλανηθέντες,
1740 3006 1990 3075 ἀφρόνως

2113 1813 2292 1867 munis
2323 1815 2386 1866 ad
2426 1813 2590 1867 Deum
2631 1815 2788 1870 factae
2812 1817 2878 1870 ad
2911 1815 3262 1870 avertendam
3295 1814 3412 1884 ejus
3451 1817 3608 1878 iram,
3631 1821 3684 1867 et

2109 1905 2348 1973 agendas
2375 1909 2578 1976 gratias
2599 1921 2696 1972 pro
2723 1906 3012 1975 impertitis
3044 1907 3163 1973 ejus
3192 1905 3491 1960 beneﬁciis.
3517 1905 3686 1975 Igitur

2107 1999 2236 2052 dum
2275 2009 2426 2052 extra
2497 1999 2813 2052 narthecem
2867 1998 3209 2066 procedimus
3267 1997 3684 2052 manifestainus

2109 2105 2208 2143 nus
2237 2105 2267 2143 a
2305 2090 2564 2158 paradiso
2616 2091 2906 2154 excidisse,
2958 2089 3218 2158 illumque
3263 2103 3326 2143 ac
3355 2089 3553 2142 coelum
3589 2105 3684 2140 no-

2107 2181 2208 2234 bis.
2245 2196 2370 2236 esse
2433 2181 2698 2235 clausum.
2758 2181 2892 2236 Cum
2935 2177 3168 2235 mediam
3219 2181 3401 2234 urbem
3438 2195 3686 2248 permea-

2107 2289 2227 2336 mus
2257 2273 2310 2327 in
2331 2273 2518 2327 dolore
2549 2277 2874 2337 clamantes,
2912 2273 3251 2327 Ostendimus
3286 2287 3384 2325 nos
3409 2272 3680 2326 civitatem

2103 2375 2156 2418 ct
2185 2365 2366 2418 omnia
2389 2379 2508 2434 quae
2541 2366 2592 2417 in
2631 2379 2692 2417 ea
2725 2372 2854 2418 sunt
2883 2364 3125 2431 peccatis
3161 2357 3584 2417 centatttiuaSse.
3611 2363 3682 2416 At

2103 2458 2227 2510 dum
2254 2467 2410 2510 extra
2446 2455 2634 2509 urbem
2665 2455 2964 2510 clamamus
2985 2465 3038 2509 et
3069 2457 3288 2511 litanias
3325 2460 3558 2524 agimus,
3585 2471 3682 2512 nos

2105 2547 2382 2601 humiliari
2409 2547 2808 2617 signiﬁcamus,
2841 2561 3050 2615 nosque
3090 2557 3410 2615 peccatores
3443 2553 3670 2602 centite-

2101 2657 2226 2695 mur
2273 2641 2576 2694 clamantes
2624 2649 2776 2693 extra
2840 2643 3026 2693 urbem
3089 2655 3249 2708 quam
3313 2641 3680 2696 inhabitantes

2103 2735 2417 2805 polluimus,
2465 2745 2519 2791 et
2567 2741 2786 2805 insuper
2835 2736 3154 2805 migravisse
3183 2735 3234 2787 in
3261 2750 3472 2802 poenam
3499 2747 3678 2790 trans—

2101 2829 2400 2896 gressiouis
2465 2843 2494 2881 a
2550 2829 2736 2882 divina
2767 2829 2960 2896 patria,
3001 2837 3055 2880 et
3111 2825 3166 2880 iu
3227 2841 3289 2880 ea
3353 2826 3571 2880 civitate
3623 2827 3679 2880 in

2099 2935 2204 2989 qua
2239 2920 2406 2972 creati
2448 2934 2640 2974 sumus
2671 2919 2754 2973 vel
2807 2920 2990 2986 potius
3019 2918 3250 2974 recreati
3281 2918 3526 2987 factique
3568 2917 3678 2971 Deo

2100 3011 2268 3081 digni,
2296 3027 2325 3063 a
2361 3023 2613 3078 serpente
2650 3009 2824 3065 delusi
2858 3011 3020 3065 stulte
3065 3010 3308 3078 corrupti
3369 3025 3562 3064 sumus
3597 3021 3682 3063 at-

416 3069 786 3170 Eiseliapqttév
819 3116 876 3150 τε
916 3099 1010 3150 καὶ
1065 3069 1504 3167 ἑϐθεὶιὺχθημενν·
1555 3099 1649 3150 καὶ
1683 3069 1990 3168 τὺνηίερὸν

2097 3117 2200 3172 que
2225 3103 2538 3164 deformati,
2569 3113 2620 3156 et
2649 3101 2824 3156 locum
2863 3111 3116 3155 sanctum
3149 3099 3504 3166 iwdavimus,
3528 3117 3592 3154 ac
3625 3101 3681 3156 in

415 3191 592 3261 χῶρον
618 3190 1128 3263 κατερῤυπώσαμεν
1163 3205 1176 3221 ·
1209 3191 1302 3244 καὶ
1333 3191 1391 3242 ἐν
1446 3191 1702 3260 ἐρημίαις
1763 3192 1988 3243 satirico-

419 3287 526 3353 πῆς
558 3283 693 3337 Θεοῦ
717 3283 1048 3352 αὐλιζόμεθα
1070 3299 1084 3313 ·
1113 3283 1206 3336 καὶ
1235 3284 1292 3335 ὲν
1315 3282 1653 3350 ἀφυλάκτοις
1680 3283 1992 3351 ὃιοδεύομεν

415 3379 618 3438 τόποις.
655 3377 786 3430 Τότε
806 3377 903 3447 μὲν
929 3375 1021 3430 οὖν
1059 3377 1117 3432 ὲν
1144 3375 1224 3444 τῷ
1267 3375 1502 3446 νάρθηκι
1553 3376 1854 3445 ποιούμεθα
1891 3379 1992 3436 τὰς

416 3472 590 3533 λιτάς,
625 3471 708 3524 ὅτι
743 3471 894 3525 κάτω
927 3470 1020 3524 καὶ
1052 3471 1134 3534 είς
1170 3471 1268 3541 τὴν
1297 3470 1455 3539 ἡμῶν
1505 3471 1765 3540 ἐσχατιάν
1799 3472 1991 3540 ἐλήλυ-

417 3563 506 3615 θεν
535 3566 562 3615 ὁ
597 3563 810 3634 Σωτὴρ,
847 3563 936 3616 ἵνα
961 3565 1056 3616 καὶ
1109 3565 1168 3614 ὲν
1222 3560 1400 3631 τούτῳ
1470 3562 1632 3614 αὐτὸν
1693 3563 1988 3629 tisi-Spatia.

417 3658 524 3714 Καὶ
571 3655 646 3719 ὠς
671 3656 778 3724 πρὸ
804 3656 916 3708 τῶν
958 3654 1228 3726 οὐρανίων
1288 3654 1472 3706 πυλῶν
1527 3653 1637 3706 τῶν
1690 3653 1782 3705 τοῦ
1843 3653 1989 3722 ἱεροῦ

416 3749 542 3802 ναοῦ
571 3750 806 3814 ἑστῶτες
838 3747 1291 3818 καθικετεύομεν.
1317 3747 1394 3800 υύ
1426 3745 1534 3817 γὰρ
1567 3746 1706 3810 ἄξιοι
1745 3747 1990 3800 ἀτενίσαι

416 3845 493 3906 εἰς
528 3844 588 3894 τὸ
615 3843 748 3912 ὖῲος
766 3841 856 3896 τοῦ
885 3839 1141 3913 οὐρανοῦ,
1171 3841 1220 3894 εί
1247 3842 1322 3911 μὴ
1352 3839 1742 3900 ἐπανελθόντες
1784 3839 1992 3909 βοήσω-

419 3951 514 4002 μεν
543 3935 606 3986 τὸ
637 3935 979 4002 ἡμάρτομεν
1011 3948 1024 3962 '
1065 3935 1151 3988 ὅτε
1205 3933 1298 3986 καὶ
1353 3933 1512 3996 αὐτὸς
1561 3931 1800 3996 ἐξελθὼν
1856 3934 1992 4001 πρὸς

415 4029 563 4096 ἡμᾶς
587 4027 682 4078 καὶ
715 4028 1146 4096 προαπαντήσας
1173 4025 1567 4095 εὐσπλάγχνως
1621 4023 1992 4092 ὲπαγκαλίσε-

416 4135 528 4172 ται.
561 4117 732 4170 Τοῦτο
757 4117 852 4170 οῦν
877 4118 936 4170 τὸ
973 4117 1081 4188 πρὸ
1113 4116 1222 4168 τῶν
1248 4115 1429 4168 πυλῶν
1466 4113 1752 4180 ἱκετεύειν,
1786 4113 1880 4166 καὶ
1901 4114 1992 4166 τὸν

417 4211 566 4278 ἱερέα
587 4207 1006 4278 προσεύχεσθαι,
1044 4205 1104 4258 τὸ
1137 4205 1235 4274 τὴν
1278 4204 1437 4274 Ἐὂὲμ
1462 4193 1594 4274 ἡμῖν
1619 4201 1716 4256 καὶ
1769 4202 1860 4254 τὸν
1909 4201 1994 4254 οὐ·

421 4301 580 4370 ρανὺν
611 4300 940 4352 ὲκδυσωπεῖν
969 4298 1258 4366 ἀνοιγῆναι
1313 4295 1568 4366 σημαίνει
1595 4311 1610 4326 ·
1673 4295 1874 4360 μᾶλλον
1934 4293 1992 4347 δὲ

2085 3197 2323 3266 desertis
2378 3193 2688 3248 habitamus
2743 3193 2929 3261 procul
2992 3208 3022 3246 a
3077 3193 3450 3256 secundaDei
3503 3193 3685 3262 pravi-

2094 3287 2299 3350 dentia,
2361 3295 2524 3355 atque
2570 3285 2622 3337 in
2680 3285 3000 3354 regionibus
3051 3285 3189 3340 male
3239 3287 3530 3341 custoditis
3577 3287 3682 3340 iter

2097 3377 2346 3432 facimus.
2413 3374 2660 3429 Litanias
2715 3374 2936 3444 quidem
3006 3376 3060 3428 in
3119 3377 3374 3432 narthece
3421 3375 3682 3445 facimtts,

2093 3471 2350 3536 quoniam
2403 3469 2656 3520 deorsum
2707 3466 2775 3520 ad
2845 3475 3090 3520 extrema
3150 3481 3338 3523 nostra
3395 3470 3682 3525 descendit

2095 3559 2365 3621 Salvator,
2400 3567 2456 3611 ut
2493 3559 2544 3610 in
2603 3557 2704 3611 hoc
2769 3573 2896 3612 eum
2953 3559 3332 3627 propitientus.
3395 3559 3678 3630 Tanquam

2095 3665 2216 3702 ante
2245 3651 2441 3717 januas
2465 3650 2598 3703 cinli
2635 3663 2734 3718 pro
2765 3649 2978 3704 foribus
3039 3651 3225 3718 templi
3257 3652 3430 3705 sancti
3465 3654 3668 3720 depre-

2093 3759 2280 3798 camur
2309 3759 2322 3808 ;
2356 3759 2461 3794 non
2497 3743 2642 3794 enim
2672 3757 2860 3796 sumus
2915 3742 3061 3812 digni
3099 3743 3188 3811 qui
3226 3743 3278 3794 itt
3333 3743 3676 3799 altitudinem

2094 3835 2274 3902 templi
2310 3833 2692 3899 suspiciamus,
2757 3833 2859 3887 nisi
2893 3835 3094 3885 reversi
3133 3833 3261 3886 illud
3305 3834 3604 3888 clameth
3651 3855 3664 3889 :

2093 3927 2470 3990 Peccavimus,
2509 3923 2770 3993 quoniam
2812 3925 2928 3993 ipse
2959 3924 3024 3977 ad
3058 3939 3156 3978 nos
3188 3941 3444 3995 egressus
3496 3927 3547 3980 iu
3599 3930 3677 3981 vi-

2095 4017 2341 4072 sceribus
2371 4013 2756 4070 misericordia:
2795 4029 2896 4068 nos
2923 4029 3218 4069 occurrens
3261 4017 3540 4083 amplexus
3569 4029 3671 4072 est.

2093 4110 2278 4178 Itaque
2310 4109 2362 4161 in
2397 4108 2497 4160 hoc
2527 4105 2670 4176 quod
2716 4115 2842 4160 ante
2877 4105 3022 4160 fures
3055 4108 3381 4176 deprecatur
3416 4117 3472 4162 ct
3501 4112 3668 4164 obse-

2094 4213 2208 4256 crat
2245 4203 2523 4265 sacerdos,
2563 4216 2662 4253 nos
2696 4209 2756 4252 ut
2811 4199 2962 4255 Eden
2993 4199 3150 4256 n‘obis
3176 4211 3232 4254 et
3265 4203 3552 4270 paradisus
3581 4218 3676 4270 pa-

2096 4294 2244 4350 teﬁat
2295 4292 2538 4363 ﬂagitare
2591 4292 2960 4362 significatur.
3026 4308 3123 4348 seu
3169 4293 3350 4362 petius
3391 4304 3450 4346 ut
3493 4293 3678 4349 divina

415 4393 482 4442 τὰ
510 4391 628 4443 θεῖα
661 4389 966 4458 σπλάγχνα,
996 4387 1031 4442 ἃ.
1063 4388 1254 4448 δεινῶς
1289 4387 1449 4457 ἡμεῖς
1471 4385 1592 4440 καθ’
1635 4385 1792 4456 ἡμῶν
1851 4385 1988 4438 diris-

2097 4386 2412 4458 aperiantur
2468 4387 2676 4440 viscera
2715 4402 2834 4456 qua:
2888 4387 3153 4441 damnose
3200 4401 3298 4441 nos
3347 4397 3536 4442 contra
3576 4402 3678 4442 nos

418 4483 732 4551 κλείσαμεν.
775 4481 1104 4550 ’[σταμένων
1138 4478 1230 4532 οὖν
1263 4479 1419 4548 ἡμῶν
1449 4479 1669 4543 ἔξωθεν,
1694 4479 1988 4548 ψάλλονται

415 4575 482 4626 τά
519 4573 746 4642 συνήθη.
780 4573 890 4624 Καὶ
927 4573 955 4624 6
1015 4571 1193 4640 ίερεὺς
1238 4571 1338 4633 τὰς
1392 4569 1707 4639 εἰθισμένας
1757 4573 1988 4623 ποιεῖται

415 4667 577 4734 εὐχὰς
631 4666 772 4736 ὑπέρ
807 4683 864 4718 τε
893 4663 988 4717 τοῦ
1013 4664 1143 4718 λαοῦ
1179 4665 1379 4726 παντὸς
1411 4664 1506 4716 καὶ¹
1565 4664 1667 4732 τῆς
1708 4661 1800 4716 τοῦ
1852 4661 1988 4715 Θεοῦ

415 4755 796 4826 κληρονομίας,
833 4757 926 4808 τοῦ
961 4755 1198 4824 σωθῆναι
1233 4754 1426 4824 αὐτὴν,
1463 4754 1560 4807 καὶ
1590 4751 1699 4805 τῶν
1728 4753 1990 4818 Χριστια-

414 4849 519 4900 νῶν
543 4849 700 4916 ἡμῶν
731 4847 1012 4917 ὑψωθῆναι
1039 4846 1098 4898 τὸ
1123 4845 1309 4916 κέρας,
1349 4863 1368 4896 ι
1403 4842 1604 4907 Σῶσον,
1648 4842 1843 4913 Κύριε,
1895 4845 1991 4897 ὲκ-

416 4941 570 5005 ϐοῶν,
601 4939 691 4990 τὸν
722 4939 846 4991 λαόν
870 4955 988 5004 σου,
1031 4955 1050 4988 ι
1088 4937 1182 4990 καὶ
1211 4938 1280 4990 τὰ
1335 4935 1462 5004 ἑξῆς
1492 4949 1506 4964 ⁹
1539 4934 1637 4988 καὶ
1675 4935 1774 4999 τῆς
1807 4936 1988 5005 κοινῆς

419 5031 722 5099 προσευχῆς
771 5027 886 5091 τοῦ,
917 5046 936 5078 ι
993 5027 1188 5096 Κύριε,
1239 5027 1480 5096 ἐλέησον,
1524 5045 1542 5077 ι
1575 5025 1854 5096 ᾀδομένου,
1893 5027 1989 5078 καὶ

415 5123 554 5190 υπὲρ
576 5139 683 5172 των
709 5121 972 5189 βασιλέων
999 5117 1152 5182 αὖθις
1183 5121 1431 5184 αἰτεῖται,
1465 5119 1540 5182 ὡς
1574 5119 1988 5187 προϊσταμένων

414 5215 520 5266 τῶν
551 5215 812 5276 εὐσεϐῶν,
845 5217 936 5266 καὶ
971 5213 1110 5282 ὑπὲρ
1143 5216 1238 5282 τῆς
1277 5214 1516 5284 πίστεως
1545 5212 1986 5282 ἀγωνιζομένων,

413 5307 502 5358 καὶ
530 5306 624 5358 τοῦ
653 5307 791 5358 κατὰ
821 5305 984 5357 τόπον
1039 5305 1344 5374 ἀρχιερέως
1395 5323 1456 5358 τε
1499 5306 1534 5376 ἢ
1591 5305 1824 5376 Πατρὸς,
1895 5306 1990 5357 καὶ

411 5396 592 5465 ψυχῆς
625 5397 1018 5465 Χριστιανικῆς
1075 5397 1314 5465 ἁπάσης,
1352 5399 1446 5450 καὶ
1506 5396 1610 5450 τῶν
1653 5395 1988 5464 Ἐκκλησιῶν

411 5493 504 5558 τῆς
531 5491 774 5559 εἰρήνης,
805 5492 898 5542 καὶ
930 5490 1070 5558 ὑπὲρ
1128 5489 1236 5542 τῶν
1302 5489 1836 5560 προκεκοιμημένων
1897 5505 1988 5542 πι-

412 5581 576 5645 στῶν,
611 5579 962 5652 άναρρὐεώς
997 5598 1057 5633 τε
1087 5581 1195 5633 τῶν
1253 5579 1636 5651 αἰχμαλώτων,
1668 5580 1764 5632 καὶ⁸
1813 5581 1986 5648 ἀναῤ-

414 5671 630 5744 ρὡεως
669 5672 1059 5740 ἀσθενούντων,
1095 5672 1323 5726 καὶτῶν
1375 5670 1698 5726 κοπιώντων
1749 5672 1804 5724 ἐν
1853 5669 1986 5739 Χρι-

2092 4480 2486 4534 conclusiinus.
2529 4477 2698 4534 Nobis
2743 4495 2872 4551 ergo
2919 4479 3053 4535 foris
3085 4480 3376 4546 stantibus,
3410 4489 3676 4536 consueta

2093 4571 2418 4641 psalluntur,
2447 4580 2500 4626 et
2529 4571 2788 4628 sacerdos
2816 4573 3148 4627 constitutas
3182 4587 3371 4642 preces
3405 4573 3532 4628 facit
3575 4587 3678 4643 pro

2091 4674 2291 4720 cuncto
2321 4664 2542 4734 populo,
2587 4681 2684 4733 pro
2718 4664 3038 4720 haereditate
3074 4665 3168 4718 Dei
3208 4673 3265 4718 ut
3296 4665 3443 4718 salva
3477 4667 3588 4728 fiat,
3615 4673 3676 4719 ut

2092 4758 2248 4813 nobis
2297 4757 2628 4814 Christianis
2682 4757 2958 4811 exaltetur
3009 4771 3186 4814 cornu
3240 4764 3532 4820 nostrum,
3562 4758 3674 4812 cla-

2091 4862 2248 4901 mans
2283 4863 2297 4899 :
2347 4865 2366 4898 ι
2404 4847 2586 4910 Salva,
2619 4847 2870 4914 Domine,
2905 4847 3164 4915 populum
3209 4855 3395 4910 tuum,
3435 4865 3454 4896 ι
3496 4856 3678 4900 Her-

2093 4946 2226 4991 tera.
2270 4937 2334 4990 Et
2389 4938 2663 4992 communi
2726 4940 2976 4994 oratione
3039 4939 3216 5002 dicta,
3256 4951 3449 5005 nempe
3507 4936 3670 5006 Kyrie

2043 5077 2052 5082 .
2089 5031 2320 5094 eleison,
2377 5045 2474 5098 pro
2521 5030 2742 5099 regibus
2770 5031 2932 5084 etiam
2995 5037 3246 5100 precatur
3277 5039 3338 5083 ut
3380 5028 3510 5082 viris
3565 5030 3670 5097 piis

2091 5121 2399 5193 praepositis
2433 5123 2613 5187 nobis,
2653 5137 2748 5190 pro
2773 5121 3118 5176 certantibus
3175 5121 3226 5173 in
3257 5121 3486 5189 gratiam
3523 5120 3668 5182 lidei,

2092 5231 2189 5284 pro
2231 5214 2522 5286 pontifice,
2575 5229 2670 5270 seu
2731 5225 2880 5281 patre
2935 5213 3090 5278 loci,
3145 5227 3242 5281 pro
3281 5212 3428 5264 omni
3485 5213 3668 5264 anima

2090 5305 2424 5367 Christiana,
2457 5321 2552 5373 pro
2615 5303 2878 5359 Ecclesiis
2909 5305 3084 5374 pacis,
3122 5318 3218 5371 pro
3251 5303 3501 5357 tidelibus
3533 5303 3668 5356 dor-

2091 5395 2408 5462 mientibus,
2445 5413 2542 5465 pro
2603 5395 2928 5450 liberatione
2961 5396 3328 5465 captivorum,
3387 5409 3486 5463 pro
3520 5394 3669 5448 Sani-

2091 5495 2203 5540 tate
2235 5489 2640 5554 :egromntium,
2703 5501 2804 5555 pro
2864 5487 3240 5542 laborantibus
3273 5487 3324 5540 in
3359 5484 3580 5542 Christo
3613 5495 3670 5538 ιιι

2089 5593 2189 5649 pro
2214 5577 2469 5644 omnibus
2486 5577 2649 5634 sitntil
2667 5577 2953 5633 fratribus.
2975 5579 3040 5633 Et
3059 5593 3274 5633 rursum
3301 5577 3357 5632 ﬁt
3377 5577 3670 5631 continens

2093 5671 2498 5742 vehemensquc
2529 5672 2730 5740 oratio,
2765 5671 2974 5730 scilicet
3027 5670 3194 5743 Kyrie
3242 5671 3468 5737 eleison,
3505 5675 3668 5740 prout
