4094 6194
493 288 600 350 διο

1242 289 1624 352 SYMEONIS
1657 258 2422 351 THESSALUNICENSIS
2465 284 2832 349 ARCHIEP.

3628 282 3741 351 62)

486 415 547 458 et
574 402 756 455 vinum
789 409 972 470 utpote
1011 400 1347 455 sanctilicata
1398 402 1782 458 benedictione
1813 416 2052 472 praesen-

2166 400 2306 451 ἔστιν
2338 401 2366 451 ό
2394 399 2629 468 χορηγός
2658 396 2859 458 παντὸς
2905 396 3134 460 ἀγαθοῦ,
3189 399 3218 450 ό
3275 397 3375 466 μὲν
3424 398 3606 469 ἱερεὺς
3661 401 3739 470 μὴ

488 495 637 549 tibus
662 493 1000 557 dividuntur,
1029 507 1147 561 quae
1172 508 1294 546 eum
1328 492 1433 547 ﬁde
1473 493 1819 548 sumentibus
1855 492 2059 560 imper-

492 588 632 641 tiuut
666 584 991 639 charismata
1029 586 1457 656 sanationesque
1477 595 1531 641 et
1560 587 1665 642 alia
1691 588 1832 642 bona
1865 588 2060 641 multa.

490 679 655 749 Igitur
680 679 781 734 ista
815 680 1033 749 quidem
1070 681 1214 736 linnl
1255 681 1307 735 si
1348 681 1531 752 vigilia
1569 680 1730 734 fuerit
1756 698 1770 746 ;
1796 695 1984 733 verum
2016 679 2062 733 si

490 788 598 827 non
652 772 830 839 fuerit,
893 784 1011 842 post
1082 772 1492 827 inclinationem
1544 774 1739 840 capitis
1797 786 1970 839 neque
2007 770 2066 824 lit

488 864 788 933 processio,
856 878 1029 933 neque
1068 880 1265 933 panum
1324 866 1647 940 benedictio.
1690 864 1793 918 Sed
1850 872 2061 917 tantum

492 956 795 1025 psalluntur
814 957 1175 1024 responsoria,
1196 967 1267 1018 et,
1293 977 1309 1007 ι
1324 955 1476 1010 Nunc
1495 957 1755 1011 alisolvis.
1776 955 1996 1019 dicitur,
2012 964 2065 1008 et

490 1048 732 1115 precatio
762 1046 1012 1116 Trisagii,
1045 1048 1411 1102 etabsolutio.
1441 1050 1506 1100 At
1544 1047 1786 1100 nonnulli
1831 1046 2061 1100 istorum

494 1138 746 1199 studiosi,
770 1154 877 1190 non
906 1137 1043 1192 facta
1072 1137 1252 1207 vigilia
1282 1138 1350 1191 ob
1386 1136 1760 1191 inﬁrmitatem
1800 1138 1983 1191 forsan
2011 1150 2065 1188 et

488 1230 807 1298 paucitatem
860 1229 1132 1296 fratrum,
1191 1229 1597 1298 processionem
1629 1240 1807 1282 tamen
1860 1229 2063 1281 faciunt

489 1323 543 1375 in
560 1321 819 1390 vesperis,
838 1322 1034 1375 deinde
1058 1337 1321 1388 responso
1335 1322 1435 1387 ria,
1458 1331 1512 1375 et
1529 1322 1712 1375 statim
1740 1320 2060 1373 absolvitur.

486 1412 693 1465 Panum
722 1421 896 1466 autent
926 1413 1359 1466 benedictionem
1393 1426 1503 1464 non
1541 1409 1771 1470 faciunt,
1802 1409 2060 1476 quoniam

488 1505 592 1558 ista
631 1504 931 1572 praesertim
958 1504 1295 1569 ob‘laborem
1330 1502 1527 1571 vigilite
1553 1501 1654 1554 fuit
1705 1502 1974 1564 instituta,
2006 1508 2065 1553 ut

491 1596 683 1650 fratres
714 1604 932 1665 accepta
960 1596 1159 1650 Christi
1222 1595 1599 1651 benedictione
1654 1610 1927 1663 parvaque
1993 1595 2065 1646 ob

486 1690 725 1741 laborem
769 1686 1088 1748 reiectione,
1118 1690 1422 1742 orationem
1457 1699 1678 1757 preptt-r
1714 1687 2059 1739 communio-

2167 488 2414 541 ἀπολύων
2443 488 2649 542 ἄπεισιο
2684 487 2939 558 τεθείσης
2996 486 3100 558 γὰρ
3155 487 3539 555 ἀναγνώσεως,
3577 505 3712 542 συνα

2164 580 2315 642 πτῶς
2336 581 2553 648 λέγεται
2586 580 2681 632 καὶ
2713 582 2741 632 ό
2771 580 2988 647 ὄρθρος.
3016 580 3076 631 Οἱ
3109 579 3261 647 ἄρτοι
3288 580 3345 632 δὲ
3380 581 3471 632 καὶ
3507 581 3538 633 ὁ
3596 574 3739 642 οἶνος

2167 671 2244 733 ὡς
2273 673 2601 740 ἡγιασμένοι
2627 673 2692 739 τῇ
2717 669 2940 739 εὐλογίᾳ
2971 669 3339 738 μεταδίδονται
3384 672 3497 732 τοῖς
3537 670 3744 740 παροῦ-

2166 778 2273 823 σιν,
2299 763 2445 832 ἀπερ
2475 761 2568 815 καὶ
2594 764 2706 824 τοῖς
2737 761 3080 829 λαμϐάνουσι
3116 761 3254 829 μετά
3286 760 3540 825 πίστεως,
3578 778 3744 829 μετα-

2163 852 2350 907 δοτικὰ
2377 855 2483 905 εἱσι
2514 854 2894 922 χαρισμάτων,
2943 852 3142 906 ίάσιὼν
3166 869 3224 903 τε
3277 854 3373 904 καὶ
3424 851 3602 903 ἄλλων
3637 852 3742 904 δώ⁴

2168 963 2275 1017 ρων
2308 946 2537 998 πολλῶν.
2567 945 2757 999 Ταῦτα
2783 945 2883 1014 μὲν
2924 944 3017 999 οῦν
3043 945 3274 996 τελεῖται
3307 945 3355 995 εἰ
3401 944 3548 995 ἔστιν
3572 945 3745 1012 ἀγρυσ

2166 1040 2295 1092 πνία
2324 1056 2339 1073 ⁸
2367 1042 2417 1090 εἰ
2445 1039 2547 1092 οὐκ
2578 1039 2795 1100 ἔστιδὲ,
2837 1037 2974 1105 μετὰ
3000 1036 3100 1106 τὴν
3154 1036 3580 1104 κεφαλοκλισίαν
3615 1034 3742 1088 οὔτε

2163 1133 2285 1199 λιτὴ
2307 1134 2539 1201 γίνεται,
2563 1131 2688 1185 οὔτε
2718 1131 3009 1199 εύλόγησις
3038 1129 3147 1181 τῶν
3174 1131 3375 1197 ἀρτων.
3409 1126 3487 1179 Τὰ
3519 1128 3745 1179 ἀποστί-

2163 1241 2258 1293 χου
2284 1224 2337 1275 δὲ
2363 1224 2523 1290 μόνον
2572 1222 2857 1289 ψάλλεται,
2925 1220 3022 1273 καὶ
3075 1220 3157 1285 τὸ,
3197 1238 3216 1271 ι
3251 1219 3359 1271 Νῦν
3396 1220 3676 1281 ἀπολύεις,
3718 1237 3739 1268 ι

2163 1313 2398 1378 λέγεται,
2436 1311 2532 1362 καὶ
2562 1312 2595 1377 ἡ
2627 1309 2721 1361 τοῦ
2759 1308 3055 1377 Τρισαγίου
3096 1306 3396 1376 προσευχὴ,
3454 1309 3549 1357 καὶ
3600 1306 3739 1357 ἀπό-

2165 1405 2337 1463 λυσις.
2373 1402 2496 1453 Τισὶ
2520 1402 2577 1454 δὲ
2610 1400 2744 1468 πρὸς
2773 1400 2947 1453 ταῦτα.
2977 1399 3312 1461 σπουδαίοις,
3342 1399 3436 1449 καὶ
3489 1398 3563 1467 μὴ
3595 1413 3744 1463 γινοο

2168 1499 2336 1565 μένης
2396 1493 2701 1564 ἀγρυπνίας
2745 1493 2814 1545 δι’
2874 1492 3158 1543 ἀσθένειαν
3212 1492 3340 1552 ῐσως
3400 1491 3496 1543 καὶ
3549 1490 3745 1542 σπάνιν

2165 1587 2428 1651 ἀδελφῶν,
2459 1586 2525 1636 τὰ
2553 1584 2652 1653 τῆς
2674 1584 2823 1651 λιτῆς
2855 1584 2909 1634 ἐν
2938 1582 3016 1652 τῷ
3040 1582 3311 1649 ἑσπερινῷ
3335 1581 3543 1647 γίνεται
3568 1597 3583 1610 ·
3620 1574 3742 1631 εἶτα

2167 1683 2233 1731 τὰ
2268 1680 2586 1745 ἀποστίχου,
2622 1676 2715 1728 καὶ
2747 1676 2909 1736 εὐθὺς
2942 1676 2973 1743 ἡ
3010 1675 3295 1727 ἀπόλυσις.
3329 1674 3441 1743 Τὴν
3491 1672 3601 1724 τῶν
3644 1673 3744 1741 ἀρ-

488 1797 609 1835 nem
647 1781 1044 1834 tretnendorum
1079 1784 1457 1849 mysteriorum
1489 1781 1809 1846 producant,
1839 1787 1890 1830 et
1928 1792 2067 1847 pra:-

2170 1786 2276 1820 των
2304 1768 2358 1819 δὲ
2386 1766 2675 1834 εὐλόγησιν
2709 1763 2770 1814 οὐ
2804 1760 3052 1814 ποιοῦσιν
3090 1778 3103 1792 ·
3135 1762 3217 1813 ὅτι
3248 1759 3387 1829 αῦτη
3448 1760 3746 1830 ἐξαιρέτως

486 1874 645 1937 cipue
673 1872 1012 1926 sacerdotes.
1049 1872 1186 1926 Ecce
1216 1878 1586 1942 vespertinum
1621 1888 1716 1926 vos
1772 1870 2061 1925 docuimus

484 1965 755 2030 omcium;
791 1974 1036 2032 superest
1084 1975 1138 2018 ut
1171 1967 1236 2019 de
1277 1967 1631 2036 completorio
1682 1965 1954 2029 dicamus;
1987 1962 2057 2017 de

481 2071 593 2122 quo
616 2057 778 2108 etiam
809 2056 1048 2109 breviter
1075 2056 1445 2112 disseremus.

2164 1862 2256 1913 διὰ
2286 1860 2377 1911 τὸν
2411 1857 2580 1910 κόπον
2623 1854 2929 1921 διετυπὼθη
2983 1855 3081 1923 τῆς
3135 1853 3465 1922 ἀγρυπνίας,
3517 1852 3604 1905 ἵνα
3648 1852 3745 1905 καὶ

2170 1951 2418 2017 εὐλογίας
2480 1946 2741 2016 Χριστοῦ,
2796 1946 2890 1997 καὶ
2957 1947 3160 2014 μικρᾶς
3234 1944 3633 2015 παρακλήσεως

2184 2043 2406 2111 ἀδελφοὶ
2431 2040 2518 2091 διὰ
2552 2038 2643 2090 τὸν
2673 2038 2839 2090 κόπον
2898 2038 3175 2107 τυχόντες,
3202 2036 3386 2089 ἔκτοτε
3433 2034 3745 2105 προσευχὴν

480 2148 572 2200 διὰ
597 2148 696 2218 τὴν
729 2150 1015 2202 κοινωνίαν
1057 2149 1168 2201 τῶν
1214 2153 1457 2219 φρικτὼν
1507 2156 1825 2221 μυστηρίων
1853 2149 2043 2219 ἔχωσι,
2072 2146 2165 2199 καὶ
2208 2141 2442 2213 μάλιστα
2468 2135 2518 2188 οἱ
2555 2132 2864 2202 ἱερωμένοι.
2908 2132 3037 2185 Ἰδοὺ
3069 2132 3163 2185 καὶ
3189 2131 3256 2185 τὰ
3292 2129 3387 2184 τοῦ
3452 2132 3740 2204 ἑσπερινοῖ

485 2246 613 2313 ὑμῖν
665 2244 1000 2301 ἀποδέδοται.
1072 2245 1328 2298 Λείτιεται
1356 2248 1486 2314 περὶ
1554 2248 1659 2299 τῶν
1721 2246 2064 2299 ἀποδείπνων
2095 2242 2296 2294 εἰπεῖν.
2333 2237 2469 2306 Περὶ
2492 2227 2565 2288 ὧν
2599 2236 2692 2287 καὶ
2728 2234 2785 2285 ἐν
2838 2231 3059 2301 συνόψει
3092 2229 3346 2301 ἐροῦμεν.

555 2360 808 2416 Clericus.
859 2360 1131 2429 Adimple,
1163 2372 1352 2416 sancte
1411 2363 1633 2417 domine
1660 2405 1673 2426 ,
1710 2363 1763 2416 in
1797 2363 1899 2415 hoc
1919 2375 2057 2429 quo-

480 2468 592 2523 que
618 2453 920 2508 mercedem
955 2460 1126 2517 tuam,
1160 2462 1220 2505 ut
1273 2460 1383 2507 tota
1427 2454 1585 2509 nobis
1618 2454 1934 2524 perﬁciatur
1964 2450 2061 2505 do-

486 2546 673 2600 ctrinae
697 2544 942 2600 materia.

967 2694 1191 2751 CAPUT
1222 2696 1532 2752 CCCXLIII.

485 2808 561 2863 De
591 2810 771 2864 ordine
792 2809 1116 2879 completort‘i
1152 2812 1302 2879 ofﬁcii
1334 2812 1470 2879 quod
1491 2823 1603 2882 post
1649 2830 1850 2869 caenam
1873 2816 2066 2869 decan-

1190 2889 1356 2937 tatur.

562 2990 834 3059 Pontifex.
878 2992 935 3044 lu
990 2992 1244 3047 maximis
1274 2993 1491 3061 quidem
1532 2996 1876 3051 monasteriis
1917 3009 2065 3050 com-

483 3078 799 3149 pletorium.
829 3089 887 3133 ut
907 3080 1169 3142 diximus.
1200 3082 1363 3136 simul
1390 3098 1513 3136 cum
1544 3088 1786 3151 vesperis
1814 3091 2065 3136 cantatur

2236 2353 2555 2421 Κληρικός.
2594 2351 2907 2431 Πλήρωσον,
2934 2350 3054 2416 ἆγιε
3079 2349 3348 2414 Δέσποτα,
3374 2349 3466 2401 καὶ
3498 2349 3587 2400 τὸν
3613 2350 3743 2416 περὶ

2169 2446 2359 2499 τούτου
2392 2445 2581 2513 μισθόν
2612 2460 2725 2507 σου,
2752 2443 2838 2495 ἵνα
2870 2443 2964 2497 καὶ
2985 2441 3053 2495 τὰ
3098 2442 3196 2506 τῆς
3226 2441 3576 2507 διδασκαλίας
3606 2444 3745 2513 ἡμῖν

2170 2538 2259 2609 εἴη
2292 2538 2468 2595 πάντα
2483 2535 2865 2605 τετελεσμένα.

2730 2692 2975 2746 ΚΕΦᾹΛ.
2996 2693 3173 2745 TMF'.

2334 2807 2469 2874 Περὶ
2500 2805 2606 2873 τῆς
2628 2806 2999 2871 ἀκολουθίας
3019 2804 3135 2858 τῶν
3158 2804 3567 2861 ἀπὀὄείπνων.

2249 2989 2610 3057 Ἀρχιερεύς.
2645 2986 2723 3040 Τὰ
2751 2986 3046 3040 ἁπόδειπνα
3080 2987 3373 3057 ψάλλονται
3407 2989 3465 3040 ἐν
3498 2987 3596 3058 μὲν
3624 2993 3749 3053 ταῖς

2173 3081 2451 3151 μεγίσταις
2473 3079 2760 3148 μοναῖς,ὠς
2773 3078 3093 3147 εἰρήκαμεν,
3115 3078 3229 3143 ἅμα
3248 3077 3323 3146 τῷ
3341 3075 3752 3146 ἐσπερινῷ,πρδ
3776 3084 3781 3087 ”

484 3182 612 3225 ante
638 3172 836 3240 ianuas
871 3173 1076 3239 templi,
1110 3173 1569 3240 quemadmodum
1595 3189 1787 3242 preces
1814 3189 2062 3228 commu-

2166 3174 2271 3224 τῶν
2294 3173 2477 3223 πυλῶν
2505 3170 2597 3222 τοῦ
2626 3170 2781 3234 ναοῦ,
2810 3170 2886 3232 ὡς
2908 3170 3086 3222 κοιναὶ
3109 3169 3320 3238 δεήσεις
3351 3186 3366 3201 ’
3399 3171 3457 3223 ἐν
3488 3171 3597 3232 τοῖς
3624 3187 3751 3223 κοι-

484 3279 606 3319 nes.
624 3263 683 3317 In
712 3263 981 3317 coenobiis
1005 3275 1183 3317 autem
1205 3272 1262 3318 et
1279 3280 1307 3316 a
1335 3265 1562 3333 singulis
1589 3267 1871 3320 monachis
1893 3282 2062 3320 saecu-

492 3352 811 3421 laribusque
840 3352 1211 3407 sacerdotibus
1241 3362 1294 3406 et
1329 3353 1481 3406 laicis
1506 3354 1772 3423 religiosis
1801 3357 2065 3409 recitatur

484 3452 609 3513 post
638 3460 848 3500 coenam
883 3460 1100 3512 vespere
1128 3455 1425 3512 sumptam;
1468 3445 1560 3499 sed
1596 3446 1649 3497 in
1679 3456 1867 3499 sancta
1920 3448 2065 3511 Qua-

486 3534 793 3602 dragesima
825 3544 879 3589 et
913 3536 966 3588 in
998 3537 1208 3604 magnis
1252 3538 1602 3591 monasteriis
1645 3548 1697 3591 ct
1727 3539 1780 3592 in
1808 3539 2066 3594 omnibus

485 3624 621 3679 locis
683 3626 1035 3694 peculiariter
1072 3626 1129 3679 lit
1154 3637 1279 3695 post
1335 3629 1706 3697 vespertinum
1736 3631 1975 3685 ollieium
2009 3642 2067 3684 et

484 3731 694 3771 omnem
720 3733 837 3786 qua:
870 3727 999 3772 tunc
1057 3721 1225 3772 semel
1260 3720 1522 3774 sumitur.
1574 3720 1745 3788 Igitur
1808 3738 2063 3791 maguum

484 3808 707 3875 quidem
736 3816 840 3873 est,
864 3819 919 3864 et
952 3817 1179 3863 vocatur
1217 3820 1418 3864 sancta:
1452 3810 1603 3875 Quad
1618 3812 1893 3880 ragcsimae
1918 3829 2067 3868 com-

484 3901 974 3970 pletorium,acln
1036 3910 1146 3957 tres
1171 3915 1352 3972 partes
1404 3903 1667 3958 dividitur
1727 3905 1778 3957 iu
1838 3907 2062 3973 liguram

483 4000 690 4047 sancta:
720 3991 1008 4047 Trinitatis
1055 4003 1109 4048 et
1169 3995 1612 4063 propitiationem
1653 4002 1808 4049 nobis
1837 4015 2063 4066 compa-

486 4083 806 4152 parandam.
852 4084 1009 4149 Quod
1047 4086 1398 4141 manifestam
1456 4086 1687 4155 Typic.-;
1724 4104 1819 4141 nec
1850 4099 2065 4156 oportet

487 4174 664 4228 fusius
722 4174 1011 4239 disserere,
1041 4190 1163 4228 cum
1194 4178 1642 4244 explicavt'rimus
1679 4195 1797 4247 quae
1837 4182 1901 4230 ad
1942 4194 2067 4247 pre-

486 4280 579 4320 ces
610 4265 725 4321 fere
795 4266 1078 4319 universas
1145 4268 1441 4334 pertinent.
1499 4269 1700 4322 Psalmi
1764 4286 2062 4338 precesque

488 4354 838 4424 Completorii
892 4359 1315 4424 compunctione
1361 4367 1415 4411 et
1465 4360 1809 4413 confesstone
1851 4363 2063 4415 referta:

491 4458 639 4512 sunt,
687 4450 751 4503 ad
785 4450 998 4503 veniam
1030 4462 1084 4503 et
1114 4452 1558 4518 prnpitiatiouem
1620 4455 2055 4520 consequendam

492 4539 728 4605 idonea;
781 4559 1069 4611 precamur
1122 4556 1178 4597 ut
1234 4554 1448 4597 noetetn
1479 4547 1528 4597 in
1561 4562 1713 4613 pace,
1743 4545 1857 4597 sine
1890 4545 2057 4613 pltntl-

496 4639 743 4696 tasmate,
790 4633 994 4700 absque
1043 4634 1338 4702 pollutione
1361 4644 1414 4686 et
1448 4634 1500 4689 in
1532 4634 1827 4689 securitate
1860 4635 2062 4687 transi-

494 4737 705 4791 gamus;
724 4738 941 4805 snecnon
976 4735 1033 4775 ut
1087 4713 1172 4792 pic
1204 4742 1490 4794 surgamus
1518 4738 1757 4793 tempore
1783 4737 2061 4781 nocturna“:

493 4820 548 4865 et
578 4814 858 4866 matutinae
904 4816 1168 4869 orationis
1199 4817 1249 4867 in
1298 4817 1718 4884 eompunctione
1756 4826 1810 4870 et
1838 4824 2056 4885 plelate.

492 4903 725 4956 Parvum
753 4912 931 4956 autem
988 4905 1192 4958 dictum
1238 4907 1363 4973 quia
1413 4909 1630 4962 brevius
1686 4919 1785 4973 est,
1843 4925 2061 4977 uaeque

492 5001 710 5048 constat
739 4995 950 5058 ordine,
970 5012 1067 5048 nec
1095 4998 1147 5049 in
1178 5008 1285 5049 tres
1303 4998 1563 5052 dividitur
1586 5008 1787 5068 partes,
1817 5001 2062 5068 quotidie

494 5084 716 5147 dicitur,
766 5086 922 5155 cujus
955 5086 1148 5154 psalmi
1182 5088 1371 5140 eadem
1430 5099 1660 5157 possunt
1689 5101 1740 5144 et
1769 5106 1830 5144 ex
1863 5107 2060 5162 magno

494 5178 767 5247 eliguntur
795 5176 847 5231 lli
874 5179 962 5245 qui
980 5189 1105 5232 sunt
1137 5182 1372 5234 maxime
1402 5182 1903 5237 accommodi.’i‘res
1932 5192 2061 5237 sunt

496 5276 719 5335 propter
780 5266 1123 5335 Trinitatem,
1149 5280 1202 5324 et
1226 5273 1443 5326 additur
1478 5273 1883 5328 sanctissimqu
1935 5275 2057 5330 ﬁdei

494 5355 811 5426 Symbolum
844 5367 1064 5428 propter
1113 5361 1511 5418 confessionem
1575 5365 1886 5434 religionis;
1930 5366 2060 5421 dici-

496 5460 692 5517 turque
739 5466 752 5502 :
808 5450 1090 5519 «Dignum
1145 5462 1273 5505 est:
1337 5467 1557 5523 propter
1632 5456 2061 5511 incarnationem

492 5538 655 5593 Verbi
698 5548 752 5593 et
784 5538 879 5592 Dei
931 5541 1211 5609 genitricis
1243 5544 1713 5619 intercessionem.
1742 5546 1908 5599 Porro
1941 5555 2062 5615 post

493 5629 837 5697 Symbolum,
862 5640 1019 5696 prout
1038 5648 1063 5682 a
1086 5634 1332 5700 patribus
1352 5637 1554 5689 nostris
1581 5635 1917 5705 accepimus,
1942 5651 2061 5689 eam

512 5718 839 5789 angelusque
868 5727 922 5805 et
947 5732 1169 5781 sanctos
1203 5726 1269 5779 ad
1302 5726 1742 5783 intercedendum
1772 5740 1870 5800 pro
1904 5728 2060 5783 nobis

2166 3263 2359 3324 νοϐίοις
2386 3262 2441 3313 δὲ
2476 3262 2566 3313 καὶ
2594 3264 2652 3314 ὲν
2670 3262 2883 3331 ἑκάστῳ
2916 3260 3023 3313 τῶν
3059 3260 3327 3329 μοναχῶν,
3365 3261 3459 3313 καὶ
3486 3260 3595 3313 τῶν
3655 3278 3754 3312 κο-

2168 3354 2622 3424 σμικῶνὶερέων.
2676 3356 2771 3408 καὶ
2835 3354 2945 3406 τῶν
3002 3353 3247 3406 εὐλαϐῶν
3308 3352 3537 3418 λαῖκῶν,
3607 3356 3752 3421 μετά

2166 3446 2263 3516 τὴν
2314 3448 2371 3497 έν
2433 3448 2641 3517 ἑσπέρᾳ
2692 3448 2900 3516 τροφήν
2934 3462 2948 3477 ο
2979 3448 3042 3515 τῇ
3099 3445 3230 3514 ἀγία
3287 3444 3343 3497 δὲ
3388 3444 3751 3514 Τεσσαρακο-

2170 3541 2292 3611 στῇ,
2327 3540 2423 3593 καὶ
2462 3542 2520 3591 ὲν
2550 3542 2670 3600 ταῖς
2703 3538 2972 3606 μεγάλαις
3016 3535 3207 3606 μοναῖς
3256 3537 3349 3588 καὶ
3387 3538 3572 3601 πᾶσιν,
3638 3538 3751 3605 ἰδία

2172 3633 2308 3701 μετὰ
2338 3632 2429 3685 τὸν
2461 3630 2748 3699 ἑσπερινὺν
2781 3629 2875 3680 καὶ
2900 3628 2998 3696 τὴν
3024 3625 3253 3697 τροφὴν,
3284 3626 3433 3689 ἆπαξ
3451 3626 3751 3694 γινομένην

2166 3726 2309 3777 τότε.
2332 3724 2411 3776 Τὰ
2434 3724 2530 3792 μὲν
2547 3719 2956 3774 οῦνάπόδειπνα
2973 3722 3073 3789 τῆς
3096 3719 3255 3785 ἁγίας
3283 3718 3749 3787 Τεσσαρακοστῆς

2171 3813 2379 3880 μεγάλα
2393 3814 2483 3863 καὶ
2506 3811 2648 3863 οὕτω
2675 3810 2984 3879 καλούμενα
3008 3808 3167 3880 24],
3188 3808 3284 3861 καὶ
3322 3811 3400 3871 εἰς
3430 3810 3578 3878 τρεῖς
3603 3809 3749 3860 διαι-

2169 3904 2382 3971 ροῦνται
2408 3903 2626 3974 μοίρας,
2649 3905 2727 3964 είς
2748 3903 2918 3955 τύπον
2942 3902 3040 3968 τῆς
3061 3888 3491 3971 ἁγίαςντριάδος,
3521 3906 3613 3954 καὶ
3638 3901 3748 3969 τὴν

2169 3995 2307 4063 ὑπὲρ
2345 3994 2497 4062 ἡμῶν
2523 3994 2828 4059 ὲξιλέωσιν.
2864 3992 3227 4067 Καίδηλοῦσι
3260 3994 3389 4064 περὶ
3433 3992 3624 4045 τούτου
3670 3994 3750 4047 τὰ

2168 4086 2406 4141 Τυπικά·
2443 4086 2538 4137 καὶ
2574 4087 2633 4138 οὐ
2688 4088 2792 4154 χρὴ
2844 4085 3180 4155 πλατύτερον
3234 4085 3438 4152 λέγειν,
3504 4086 3747 4155 ἐπείπερ

2168 4180 2262 4232 καὶ
2294 4178 2360 4228 τὰ
2401 4195 2459 4228 πε
2473 4178 2525 4244 pi
2551 4177 2658 4228 τῶν
2692 4176 2866 4245 εὐχῶν
2898 4177 3083 4244 σχεδὸν
3114 4178 3355 4229 ἀπασῶν
3392 4177 3751 4248 ήρμηνεύσα-

2172 4286 2287 4334 μεν.
2332 4267 2441 4318 Καὶ
2490 4268 2539 4317 οἱ
2581 4268 2635 4319 ὲν
2666 4268 2777 4328 τοῖς
2823 4267 3166 4330 ἀποδείπνοις
3201 4268 3405 4339 ψαλμοὶ
3439 4269 3533 4321 καὶ
3562 4270 3619 4321 αἱ
3647 4270 3748 4319 εὐ-

2170 4360 2259 4427 χαὶ
2293 4358 2641 4423 κατανύξεως
2680 4361 2774 4411 καὶ
2808 4359 3274 4429 ἐξομολογήσεως,
3307 4362 3403 4413 καὶ
3436 4362 3566 4428 περὶ⁵
3599 4360 3747 4427 ἀφέο

2171 4464 2304 4509 σεως
2337 4449 2429 4501 καὶ
2465 4450 2732 4517 αἰτήσεως
2787 4450 3054 4518 ἱλασμοῦ,
3103 4451 3196 4503 καὶ
3250 4451 3311 4502 τὸ
3368 4450 3593 4503 διελθεῖν
3639 4449 3750 4519 τὴν

2166 4541 2336 4594 νύκτα
2369 4540 2664 4610 εἰρηνικῶς
2699 4541 3063 4606 ἀφαντάστως
3091 4580 3105 4599 .
3137 4540 3467 4609 ἀμολύντως
3525 4555 3583 4592 τε
3640 4540 3742 4592 καὶ

2164 4633 2567 4702 ἀνενοχλήτωςο
2605 4633 2704 4685 καὶ
2746 4634 3101 4699 διαναστῆναι
3144 4634 3323 4694 καλῶς
3354 4634 3410 4684 ὲν
3444 4633 3520 4701 τῷ
3558 4634 3747 4700 καιρῷ

2166 4725 2267 4791 τῆς
2306 4724 2401 4776 τοῦ
2436 4724 2795 4792 μεσονυκτίου
2839 4727 2932 4776 καὶ
2961 4723 3055 4776 τοῦ
3090 4724 3293 4794 ὄρθρου
3336 4724 3646 4794 προσευχῆς
3676 4726 3744 4777 ιι

2164 4821 2455 4885 κατανύξει
2493 4823 2587 4874 καὶ
2622 4822 2929 4891 προθυμία.
2982 4823 3055 4876 Τὸ
3094 4824 3151 4875 δὲ
3198 4823 3395 4894 μικρὸν
3441 4823 3743 4888 λεγόμενοι

2161 4912 2248 4963 διὰ
2302 4912 2361 4963 τὸ
2416 4911 2890 4983 συνοπτικώτερον
2923 4914 3060 4967 εἶναι
3084 4954 3099 4977 ,
3130 4919 3225 4966 καὶ
3270 4902 3398 4983 μίαν
3433 4913 3744 4985 εἶναικάκο-

2164 4998 2407 5062 λουθίαν,
2438 5002 2530 5052 καὶ
2565 5002 2642 5068 μὴ
2685 5003 2762 5063 είς
2790 5004 2940 5071 τρεῖς
2969 5001 3319 5071 διαιρεῖσθαι,
3361 5001 3484 5054 καθ’
3518 5000 3739 5068 ἡμέραν

2166 5090 2284 5141 ἐστὶ
2328 5089 2644 5159 λεγόμενον,
2677 5092 2773 5145 καὶ
2810 5092 2860 5143 οἱ
2889 5092 3095 5160 ψαλμοὶ
3126 5092 3319 5144 τούτου
3365 5091 3434 5144 τὰ
3471 5090 3609 5143 αύτά
3642 5090 3739 5148 δυ-

2164 5181 2424 5248 νάμενοι,
2481 5182 2576 5233 καὶ
2636 5182 2685 5233 οἱ
2733 5182 3086 5249 καιριώτατοι
3132 5183 3228 5235 τοῦ
3281 5184 3539 5253 μεγάλου.
3574 5184 3743 5253 Τρεῖς

2162 5271 2217 5324 δὲ
2253 5265 2399 5326 οῦτοι
2433 5272 2522 5326 διὰ
2574 5273 2672 5342 τὴν
2713 5274 2920 5344 Τριάδα
2958 5277 3066 5328 εἰσί
3092 5293 3105 5307 '
3140 5277 3234 5330 καὶ
3268 5277 3326 5329 τὸ
3358 5277 3458 5345 τῆς
3500 5278 3745 5340 πίστεως

2166 5362 2471 5427 ἁγιώτατον
2502 5361 2777 5431 Σύμϐολον
2831 5364 2920 5417 διὰ
2961 5366 3061 5431 τὴν
3114 5366 3406 5434 ὁμολογίαν
3459 5371 3556 5433 τῆς
3582 5368 3744 5417 εὐσε-

2164 5453 2333 5516 6είας·
2367 5455 2460 5507 καὶ
2493 5458 2573 5519 τὸ,
2614 5474 2632 5507 ι
2671 5456 2854 5521 ’Δξιόν
2903 5458 3020 5513 ἐστι
3046 5499 3061 5523 ,
3106 5477 3123 5509 ι
3163 5459 3249 5512 διὰ
3286 5459 3383 5526 τὴν
3433 5456 3527 5512 τοῦ
3562 5458 3744 5524 Λόγου

2165 5546 2463 5613 σαρκωςιν,
2499 5550 2592 5600 καὶ
2620 5550 2721 5617 τὴν
2750 5549 2849 5617 τῆς
2876 5551 3220 5620 Θεομήτορος
3253 5550 3554 5619 μεσιτείαν.
3582 5550 3741 5602 Μετὰ

2165 5634 2224 5686 τὸ
2258 5634 2535 5707 Σύμϐολον
2558 5638 2637 5701 δὲ,
2672 5638 2748 5702 ὡς
2785 5638 2936 5709 παρὰ
2980 5639 3091 5692 τῶν
3125 5640 3387 5710 Πατέρων
3420 5638 3577 5708 ἡμῶν
3607 5637 3741 5691 ἑλά-

2166 5727 2351 5794 6ομεν,
2386 5730 2465 5793 εἰς
2519 5730 2813 5801 πρεσϐείαν
2848 5731 3037 5805 αὐτὴν,
3101 5733 3241 5804 ὑπὲρ
3288 5730 3446 5803 ἡμῶν
3481 5732 3575 5786 καὶ
3610 5745 3741 5797 τους
