4094 6194
492 329 604 389 ’6Ξ3
778 384 807 395 κ

1310 328 1620 391 SYMEDN
1635 332 1703 390 iS
1744 329 2191 389 THESSALON
2205 328 2506 389 [CENSIS
2548 323 2903 388 ARCHIEP.

3619 319 3729 385 82’.

488 443 575 496 eis
641 449 860 508 prapter
920 438 1155 508 aliquem
1207 454 1429 507 parvum
1460 441 1695 495 laborem
1728 455 1821 507 per
1847 438 2062 493 miscri-

2168 439 2361 499 αὐτοὺς
2390 439 2462 500 ὡς
2489 438 2716 491 δυνατὸν
2747 439 2840 491 καὶ
2868 435 3147 506 ἐγχωροῦν
3174 436 3326 488 ἔστιν
3351 433 3732 503 ὲκμιμεῐσθαι,

493 530 732 586 cordiam
774 529 866 585 Dei
903 529 1392 586 coliocemur.Nisi
1420 532 1564 586 enim
1600 540 1771 586 totum
1807 532 2063 600 perlicere

491 622 822 691 poterimus,
873 621 966 676 sed
1026 637 1189 691 super
1219 637 1390 691 pauca
1421 633 1475 677 et
1525 639 1690 691 panva
1723 624 1775 675 in
1810 623 2066 677 omnibus

490 724 584 765 eos
612 711 804 764 imitati
870 700 1159 773 fuerimus,
1192 722 1285 764 aut
1318 727 1415 766 nos
1455 712 1724 764 ferventes
1786 709 1852 763 ad
1894 718 2063 763 totum

492 802 828 856 ceufortabit
864 801 1043 866 Deus;
1084 817 1205 856 nam
1241 802 1375 870 ipsis
1414 816 1631 871 qucque
1665 816 1692 853 a
1724 801 1831 855 Deo
1868 801 2062 866 virtus,

492 904 586 947 aut
615 893 766 962 parvi
792 894 971 963 operis
1017 903 1235 961 propter
1281 894 1653 947 inﬁrmitatem
1687 903 1928 947 nostram
1960 894 2064 945 mi-

494 984 782 1047 serebitur,
819 986 1147 1054 donabitque
1170 994 1226 1037 ut
1258 1000 1378 1038 cum
1408 985 1487 1038 eis
1523 986 1880 1039 collocemur.
1912 983 2064 1038 Talis

494 1076 635 1129 enim
678 1074 943 1128 Dominus
968 1112 983 1138 ,
1016 1074 1108 1143 qui
1137 1084 1319 1142 utpote
1351 1076 1547 1139 bonus,
1587 1090 1808 1142 parvam
1840 1090 2062 1129 causam

492 1182 522 1220 a
555 1168 709 1220 nobis
760 1169 1035 1235 exquirat,
1092 1166 1315 1235 ipseque
1381 1177 1553 1221 toltnn
1591 1169 1895 1237 adimplens
1963 1182 2064 1221 nos

496 1258 658 1312 faciat
690 1260 889 1322 salvos.
919 1266 972 1311 et
1000 1274 1123 1313 cum
1150 1259 1324 1313 servis
1357 1260 1471 1311 suis
1528 1268 1585 1312 ut
1619 1259 1859 1327 Optimus
1894 1259 2065 1312 collo-

494 1359 598 1405 cet.
630 1350 891 1420 Typicum
932 1350 1149 1421 quidem
1187 1350 1745 1419 Hierosolymitanum
1769 1351 1823 1404 in
1860 1352 1943 1405 bis
1967 1352 2063 1405 ab-

491 1444 774 1498 solvimus.

1014 1640 1235 1696 CAPUT
1269 1640 1443 1697 CCCX
1453 1642 1560 1698 LV.

496 1750 821 1820 Principium
848 1755 1258 1835 institutionum,
1296 1766 1809 1837 prmcepttonumque
1838 1764 1889 1812 et
1917 1757 2060 1811 ordi-

1064 1840 1143 1878 nis
1173 1835 1497 1879 cantionum.

568 1938 859 1993 Videamus
880 1946 1055 1991 autem
1091 1940 1408 2007 expressius
1442 1941 1693 2010 mysteria
1745 1942 2063 1998 meonomiat

487 2031 689 2085 Clu-isti
716 2032 767 2083 in
796 2045 860 2083 eo
882 2032 973 2098 qui
1002 2030 1125 2097 jure
1155 2032 1353 2085 dicitur
1405 2034 1720 2086 cantionum
1752 2035 1941 2087 ordine
1978 2048 2061 2087 re-

491 2132 835 2191 praesentata,
874 2124 964 2189 qui
1006 2137 1034 2175 a
1081 2124 1327 2188 patribus
1381 2126 1579 2179 nostris
1630 2127 1866 2194 desuper
1901 2128 2061 2180 datus

490 2225 592 2275 est,
628 2225 787 2283 prout
810 2214 1121 2269 didicimus.
1188 2216 1342 2269 Hunc
1371 2198 1557 2268 omnes
1584 2217 1836 2271 Ecclesiae
1869 2218 2060 2270 catho-

490 2307 607 2357 lic:e
636 2322 753 2373 qua:
785 2316 915 2359 sunt
943 2321 1105 2374 super
1134 2319 1330 2359 terram
1363 2322 1485 2359 cum
1523 2308 1750 2361 meludia
1781 2314 1846 2361 ab
1901 2309 2060 2361 initio

493 2394 841 2460 peragebant,
900 2395 1033 2447 nihil
1072 2397 1279 2463 absque
1302 2407 1461 2448 cantu
1484 2397 1728 2451 dicentes
1781 2399 1883 2451 nisi
1915 2399 2060 2452 solas

491 2485 838 2540 sacerdotum
870 2501 1061 2554 preces
1086 2496 1139 2540 et
1168 2488 1523 2541 diaeunorum
1557 2488 1971 2555 pusmlaiiones,
2007 2490 2058 2543 in

489 2578 682 2642 primis
710 2593 838 2630 vero
858 2578 1107 2631 maximae
1136 2578 1659 2649 Constantinopolis,
1690 2583 1988 2635 Antiochia:
2007 2593 2062 2637 et

490 2662 892 2720 Thessalonicae
914 2667 1206 2733 Ecclesiae;
1242 2684 1387 2723 nunc
1433 2680 1612 2724 autem
1650 2672 1701 2725 in
1732 2677 1831 2727 hac
1854 2681 2061 2727 tantum

487 2764 542 2811 et
569 2757 622 2810 in
651 2757 765 2812 sola
795 2759 979 2814 divina
1006 2760 1221 2815 Sanctae
1248 2760 1344 2815 Dei
1375 2759 1666 2831 Sapientia:
1704 2764 1820 2819 aede
1885 2765 2062 2820 adhuc

489 2848 792 2917 perﬁcitur.
826 2849 997 2906 Porro
1043 2853 1134 2908 ille
1161 2854 1240 2907 sic
1285 2868 1344 2909 se
1385 2854 1566 2920 habet,
1603 2856 1853 2911 utetiam
1886 2856 1952 2911 de
1975 2857 2063 2911 illo

491 2938 688 2996 demus
720 2943 1073 3001 intentionem.

984 3205 1214 3262 CAPUT
1246 3210 1418 3266 CCCX
1431 3210 1568 3266 LVI.

921 3319 995 3373 De
1026 3324 1313 3389 vespertina
1339 3327 1603 3381 contione.

564 3431 719 3486 Prius
762 3430 981 3500 quidem
1014 3434 1067 3486 in
1098 3436 1337 3503 vesperis
1397 3438 1643 3494 solebant
1671 3440 1903 3498 ministri
1936 3454 2065 3499 tem-

495 3524 643 3595 plum
679 3524 907 3578 incenso
960 3534 1083 3577 ante
1112 3529 1359 3583 ordinem
1391 3528 1613 3600 implere
1645 3532 1699 3586 in
1723 3535 1949 3604 gloriam
1974 3535 2065 3591 Dei

495 3615 623 3669 etin
650 3613 873 3680 signum
907 3614 1104 3670 divina:
1132 3616 1225 3672 Dei
1249 3621 1458 3687 gloriae,
1493 3637 1615 3691 qua:
1646 3624 1893 3693 implevit
1935 3628 2063 3681 olim

492 3705 926 3770 tabernaculum,
958 3716 1012 3760 et
1044 3724 1150 3762 non
1206 3721 1452 3777 poterant
1517 3713 1729 3785 Moyses
1763 3720 2056 3789 Aaronque

492 3796 701 3866 ingredi
766 3796 818 3850 in
886 3799 1293 3854 tabernaculum
1356 3808 1677 3875 priusquam
1734 3820 2061 3878 assurgeret;

494 3887 743 3941 similiter
791 3890 930 3942 etin
993 3892 1189 3959 templo
1245 3892 1581 3964 Salomonis,
1634 3915 1742 3970 quo
1770 3902 1939 3969 gloria
1968 3903 2065 3955 iut-

491 3983 658 4049 pleto,
688 3996 791 4032 non
823 3990 1075 4047 poterant
1143 3988 1457 4041 sacerdotes
1492 3999 1636 4043 stare
1668 3998 1721 4044 et
1755 3992 2063 4048 ministrare

491 4068 546 4121 in
579 4081 870 4138 conspectu
909 4071 1141 4137 Domini,
1195 4082 1484 4145 antequam
1535 4079 1709 4134 nubes
1741 4080 1830 4135 illa
1868 4060 2064 4137 evane-

492 4171 702 4227 sceret;
732 4170 785 4215 et
806 4161 1011 4231 pariter
1035 4163 1086 4216 in
1122 4166 1388 4219 matutino
1420 4168 1596 4223 oﬁicio
1624 4173 1775 4239 prius
1814 4171 1965 4227 fumo
1994 4191 2059 4228 ex

493 4252 653 4304 thure
692 4263 947 4322 surgente
978 4255 1239 4323 templum
1270 4257 1587 4327 implebant.

986 4516 1211 4575 CAPUT
1231 4520 1570 4580 CCCXLYII.

499 4628 639 4694 Quid
667 4628 870 4697 sumtus
915 4630 1005 4710 qui
1039 4630 1200 4710 tacite
1236 4633 1353 4700 fieri
1383 4636 1514 4710 solet
1548 4646 1669 4693 ante
1715 4646 2059 4710 vespertinum

929 4709 977 4753 et
1011 4704 1329 4756 matutinum
1363 4705 1617 4775 ofﬁciunt.

560 4784 716 4841 Nunc
751 4797 933 4843 autem
964 4790 1092 4843 illud
1158 4806 1263 4845 non
1324 4796 1400 4857 lit,
1452 4797 1559 4851 nisi
1604 4801 1745 4868 quod
1779 4802 1834 4856 in
1895 4806 2057 4862 missa

488 4886 699 4931 tantum
762 4878 1027 4932 diaconus
1057 4890 1149 4935 aut
1178 4886 1431 4940 sacerdos
1490 4898 1609 4956 post
1640 4890 1975 4948 oﬁ‘crtorium
2004 4899 2056 4949 in

490 4970 715 5037 ﬁguram
746 4968 893 5024 illius
917 4972 1103 5040 gloria:
1128 4974 1373 5031 incensat
1404 4978 1575 5033 altare
1612 4980 1665 5035 in
1698 4984 1935 5051 silentio,
1974 4990 2055 5042 vel

489 5068 666 5113 totum
694 5061 1143 5130 templum.Quod
1182 5066 1237 5118 ﬁt
1266 5067 1429 5121 etiam
1465 5070 1516 5122 in
1549 5078 1895 5131 monasteriis
1930 5091 2055 5135 ante

483 5152 753 5207 solemnes
777 5168 1053 5223 vesperas,
1089 5158 1371 5212 sacerdote
1427 5162 1663 5218 divinam
1720 5168 1943 5234 gloriam
2002 5184 2058 5225 et

482 5244 709 5310 gratiam
740 5245 807 5296 ab
841 5246 1032 5312 angelo
1066 5248 1249 5302 datam
1284 5252 1646 5320 signiﬁcante,
1672 5268 1726 5311 et
1788 5264 2049 5328 quoniam

481 5334 637 5399 plena
671 5344 755 5388 est
782 5335 952 5403 gloria
986 5338 1181 5393 domus
1216 5340 1452 5397 Domini.
1486 5345 1674 5416 itaque
1710 5352 1761 5403 in
1822 5368 2051 5422 vesper-

481 5423 591 5481 tina
627 5426 879 5480 cautione
902 5438 1053 5484 stans
1089 5432 1343 5487 sacerdos
1376 5447 1502 5490 ante
1558 5457 1770 5497 sacram
1804 5460 2048 5500 mensam

482 5517 627 5569 velut
651 5516 702 5569 in
728 5515 868 5570 uelo
895 5528 1021 5573 ante
1053 5521 1306 5577 thronum
1346 5524 1463 5591 Dei,
1494 5529 1767 5587 benedicit
1796 5549 1921 5588 eum
1953 5538 2046 5605 qui

477 5615 559 5658 est
590 5607 642 5659 in
668 5606 933 5662 Trinitate
957 5608 1147 5677 Deum,
1207 5630 1551 5687 nequaquam
1580 5622 1809 5679 dicendo
1847 5641 1861 5677 :
1901 5646 1918 5679 ι
1945 5626 2049 5683 Be-

479 5697 723 5756 nedictus
750 5698 912 5768 Deus,
942 5720 960 5752 ι
1005 5703 1108 5759 hoc
1142 5706 1285 5760 enim
1317 5722 1396 5764 est
1430 5712 1704 5768 insolitum
1767 5716 1821 5771 in
1858 5720 2046 5777 ordine

2170 531 2243 588 ὡς
2274 529 2339 583 ἂν
2363 531 2457 581 καὶ
2492 529 2676 591 αὐτοῖς
2705 528 2791 581 διὰ
2833 528 3033 597 μικροῦ
3060 544 3205 589 τινος
3238 525 3404 579 πόνου
3437 523 3570 593 ἐλέῳ
3600 522 3735 576 Θεοῦ

2169 620 2266 673 καὶ
2292 622 2454 689 ἡμεῖς
2496 618 2949 687 συνταχθείημεν.
3003 619 3062 670 Ei
3109 618 3219 686 γὰρ
3253 617 3329 687 μὴ
3385 616 3445 668 τδ
3486 616 3596 668 πᾶν
3624 614 3737 681 ἐξι-

2169 709 2442 778 σχύσομεν
2479 708 2787 772 ἐκτελέσαι,
2829 709 2887 759 tv
2944 708 3111 777 ὀλίγῳ
3154 707 3211 759 δὲ
3258 708 3353 761 καὶ
3410 705 3739 777 βραχυτάτῳ

2167 800 2276 853 ἀπὸ
2326 801 2546 853 πάντων
2597 799 3056 869 ὲκμιμησόμεθα,
3090 799 3122 867 ἢ
3155 800 3253 850 καὶ
3288 801 3365 861 είς
3403 799 3462 851 τὸ
3497 800 3604 850 πᾶν
3631 797 3740 861 ἐξι-

2169 890 2354 958 σκεύσει
2402 891 2887 959 προθυμουμένους
2935 892 2960 939 ό
2998 890 3127 953 Θεὸς
3157 887 3233 951 ὡς
3271 890 3595 950 κάκείνους·
3644 890 3742 939 καὶ

2166 984 2378 1043 τούτοις
2417 986 2525 1051 γὰρ
2560 986 2589 1051 ἡ
2634 985 2790 1051 ἰσχὺς
2832 984 2984 1052 παρὰ
3046 984 3139 1035 τοῦ
3179 981 3334 1045 Θεοῦ,
3372 982 3405 1049 ἢ
3450 980 3528 1049 τῷ
3559 980 3745 1049 μικρῷ

2167 1074 2315 1141 ἔργῳ
2363 1074 2451 1126 διὰ
2486 1074 2584 1141 τὴν
2620 1074 2910 1125 ἀσθένειαν
2956 1075 3327 1141 οἰκτειρὴσει·
3388 1072 3485 1123 καὶ
3534 1072 3593 1123 τὸ
3645 1072 3742 1122 σὺν

2167 1163 2396 1226 ἐκείνοις
2425 1164 2692 1232 ταχθῆναι
2716 1163 3024 1233 χαρίσεται.
3060 1162 3311 1224 Τοιοῦτος
3342 1163 3452 1232 γὰρ
3481 1164 3507 1215 ὁ
3539 1162 3742 1213 Δεσπό-

2165 1273 2286 1325 τηςο
2316 1258 2574 1325 ἀφορμήν
2617 1274 2745 1309 τινα
2781 1259 2941 1324 μόνον
2970 1257 3123 1323 ζητεῖ
3156 1254 3284 1325 παρ’
3319 1256 3498 1323 ἡμῶν,
3535 1256 3740 1322 ἀγαθὸς

2166 1348 2264 1412 ὢν,
2307 1347 2398 1400 καὶ
2450 1348 2610 1409 αὐτὸς
2646 1348 2704 1399 τὸ
2742 1349 2849 1399 πᾶν
2899 1348 3210 1416 ἐκπληρῶν,
3252 1348 3396 1415 ἡμᾶς
3427 1346 3609 1410 σώζει,
3642 1347 3743 1397 καὶ

2165 1445 2279 1503 τοῖς
2312 1441 2477 1493 αὑτοῦ
2518 1442 2799 1493 συιτάττει
2846 1440 3053 1501 δούλοις
3104 1441 3179 1502 ὡς
3212 1440 3582 1509 ὑπεράγαθος.
3621 1440 3734 1492 Καὶ

2164 1535 2232 1585 τὰ
2262 1534 2361 1601 μὲν
2386 1534 2478 1585 τοῦ
2496 1531 3006 1602 Ἰεροσολυμητικοῦ
3038 1530 3268 1584 τυπικοῦ
3297 1533 3355 1584 tv
3394 1532 3628 1594 τούτοις.

2713 1646 2963 1701 ΚΕΦΑΛ.
2998 1646 3178 1699 ΤΜΕ⁸.

2182 1759 2363 1827 Ἀρχὴ
2387 1759 2505 1811 τῶν
2534 1761 2984 1814 ὑποτυπώσεὼν
3008 1780 3074 1815 τε
3113 1764 3212 1817 καί
3237 1763 3586 1829 διατάξεων,
3636 1763 3738 1820 καὶ

2318 1829 2430 1897 τῆς
2460 1830 2802 1898 ᾲσματικῆς
2831 1834 3171 1902 λεγομένης
3198 1836 3585 1903 ᾲκολουθιας.

2237 1939 2470 2007 Ἴδωμεν
2514 1941 2569 1993 δὲ
2632 1942 3116 2013 ἐμφαντικώτερον
3170 1944 3239 1998 τὰ
3294 1949 3393 2016 τῆς
3424 1948 3737 2017 οἰκονομίας

2163 2030 2400 2103 Χριστοῦ
2435 2031 2753 2099 τυπούμενα
2791 2035 2989 2102 μᾶλλον
3020 2038 3113 2088 καὶ
3143 2038 3198 2087 tv
3229 2039 3294 2105 τῇ
3326 2038 3602 2109 ᾁσματικῇ
3635 2056 3737 2091 κα-

2162 2120 2269 2183 λῶς
2297 2120 2570 2190 λεγομένῃ
2618 2121 2918 2191 ἀκολουθίᾳ
2945 2163 2957 2183 ,
2990 2124 3115 2193 ἥτις
3149 2126 3300 2193 παρὰ
3330 2126 3439 2176 τῶν
3472 2126 3734 2196 ιῐατέρων

2163 2214 2320 2283 ἡμῶν
2349 2213 2560 2265 ἄνωθεν
2610 2214 2839 2277 δέδοται,
2874 2215 3129 2285 καθάπερ
3163 2217 3491 2285 εἰρήκαμεν.
3531 2220 3640 2271 Καὶ
3674 2219 3734 2271 αἱ

2162 2304 2453 2357 καθολικαὶ
2488 2305 2544 2357 δὲ
2577 2305 3084 2373 ὲκκλησίαι“’πᾶσαι
3139 2309 3241 2361 ἀνὰ
3271 2311 3369 2376 τὴν
3402 2312 3734 2379 οἰκουμένην

2162 2396 2414 2467 ἀπαρχῆς
2453 2396 2658 2462 ταύτην
2709 2398 2925 2449 ἐτέλουν
2962 2398 3299 2467 μελῳδικῶς,
3361 2401 3527 2469 μηδὲν
3558 2403 3733 2469 χωρὶς

2162 2486 2419 2553 λέγουσαι
2453 2485 2669 2553 μέλους,
2702 2488 2751 2539 εί
2794 2486 2868 2556 μὴ
2927 2487 3023 2549 τὰς
3076 2487 3186 2539 τῶν
3222 2488 3411 2555 ἱερέων
3442 2488 3602 2557 μόνον
3642 2491 3735 2541 εὖ·

2162 2578 2284 2647 χὰς,
2317 2577 2411 2629 καὶ
2454 2577 2552 2639 τὰς
2579 2577 2690 2630 τῶν
2721 2577 2988 2631 διακόνων
3021 2580 3292 2648 αἰτήσεις·
3336 2579 3634 2649 ἐξαιρέτως
3668 2579 3732 2631 δὲ

2164 2670 2218 2720 αἱ
2274 2668 2527 2737 μέγισται
2592 2668 2933 2739 Ἑκκλησίαι,
2996 2671 3096 2740 τῆς
3162 2671 3577 2725 Κωνσταντίνου
3636 2674 3736 2724 καὶ

2176 2758 2505 2826 Ἀντιοχείας
2542 2758 2695 2822 ποτὲ,
2751 2760 2849 2811 καὶ
2907 2760 3315 2831 Θεσσαλονίκης
3348 2774 3363 2788 ⁶
3399 2764 3481 2823 είς
3510 2765 3577 2831 ἢν
3608 2761 3741 2830 ἄρτι

2162 2851 2257 2904 καὶ
2287 2852 2449 2918 μόνον
2489 2852 2545 2902 tv
2586 2851 2733 2920 μόνῳ
2769 2850 2849 2920 τῷ
2880 2851 2977 2920 τῆς
3010 2850 3107 2904 τοῦ
3134 2852 3273 2905 Θεοῦ
3319 2852 3504 2920 Ἀγίας
3536 2853 3744 2922 Σοφίας

2165 2938 2293 3008 θείῳ
2343 2940 2456 3008 ναῷ
2514 2940 2858 3011 ἐνεργεῖσθαι
2898 2942 3311 2996 ὑπολέλειπται.
3345 2944 3500 3013 Ἔχει
3549 2945 3605 2997 δὲ
3640 2943 3741 2997 οὔ·

2162 3046 2269 3091 τως
2298 3068 2312 3091 ,
2370 3028 2457 3081 ῐνα
2510 3029 2605 3082 καὶ
2656 3031 2755 3101 τὴν
2811 3033 2942 3103 περὶ
2990 3032 3201 3085 τούτων
3258 3032 3437 3102 δῶμεν
3482 3033 3740 3105 ὑπόμνη-

2089 3123 2134 3183 C
2166 3136 2269 3172 σιν.

2711 3216 2959 3269 ΚΕΦΑΛ.
2997 3216 3191 3283 ΤΜΕΓ.

2444 3328 2583 3396 Περὶ
2622 3328 2727 3383 τοῦ
2758 3331 3091 3401 ᾁσματικοῦ
3116 3331 3458 3402 ἐσπεριγοῦ.

2250 3442 2338 3494 Ἐν
2398 3442 2498 3511 μὲν
2556 3443 2635 3511 τῷ
2695 3445 3011 3515 ἑσπερινῷ,
3068 3447 3335 3518 πρότερον
3379 3448 3477 3518 μὲν
3507 3444 3577 3520 ἦν
3616 3449 3746 3514 ἔθος

2167 3534 2519 3603 θυμιάματος
2554 3536 2660 3605 πρὸ
2711 3538 2810 3604 τῆς
2856 3537 3178 3602 ἀκολουθίας
3211 3539 3453 3609 πληροῦν
3484 3542 3579 3594 τὸν
3608 3545 3744 3596 ναὸν

2166 3625 2289 3684 τοὺς
2325 3625 2625 3692 ὑπηρέτας,
2653 3628 2733 3687 εἰς
2762 3627 2920 3690 δόξαν
2949 3626 3086 3680 Θεοῦ
3116 3668 3130 3693 ,
3178 3631 3273 3681 καὶ
3318 3630 3487 3682 τύπον
3514 3631 3613 3701 τῆς
3643 3636 3743 3685 τοῦ

2166 3716 2300 3769 Θεοῦ
2324 3716 2471 3779 θείας
2502 3717 2684 3786 δόξης,
2712 3718 2833 3787 ἥτις
2857 3720 3147 3791 ἐπλήρωσε
3190 3739 3322 3775 ποτε
3366 3725 3468 3793 τὴν
3502 3724 3738 3795 σκηνὴν,

2173 3809 2269 3861 καὶ
2319 3809 2425 3863 οὐκ
2466 3809 2699 3877 ἠδύνατο
2733 3813 2971 3880 Μωῦσῆς
3011 3830 3071 3864 τε
3105 3816 3198 3869 καὶ
3234 3815 3444 3886 ’Δαρὼν
3476 3819 3744 3873 είσελθεῖν

2165 3902 2243 3961 εἰς
2271 3899 2367 3969 τὴν
2401 3901 2607 3971 σκηνὴν
2634 3940 2648 3965 ,
2704 3903 2809 3963 ἓως
2852 3903 2913 3955 οῦ
2962 3905 3203 3975 ἐπήρθηο
3234 3908 3435 3976 ὁμοίως
3460 3910 3554 3961 καὶ
3583 3911 3642 3962 ἑν
3659 3912 3740 3980 τῷ

2164 3989 2258 4041 τοῦ
2302 3988 2651 4060 Σολομῶντος
2684 3992 2822 4060 ναῷ,
2879 3994 2969 4046 ὅτε
3024 3995 3408 4065 πληρωθέντος
3446 3990 3546 4069 τῆς
3576 4000 3742 4072 δόξης

2163 4083 2329 4135 αὑτοῦ
2360 4083 2454 4138 τοῦ
2490 4085 2644 4148 ναοῦ,
2682 4086 2782 4137 οὐκ
2820 4087 3083 4156 ἠδύναντο
3126 4091 3176 4142 oi
3211 4091 3377 4161 ίερετς
3410 4092 3605 4162 στῆναι
3633 4101 3738 4147 καὶ

2163 4173 2497 4245 λειτουργεῖν
2530 4176 2763 4230 ἐνώπιον
2818 4180 3054 4250 Κυρίου,
3091 4182 3198 4245 ἓως
3233 4177 3295 4236 οὗ
3349 4185 3565 4252 ἐγένετο
3593 4187 3741 4255 ἁφα-

2162 4266 2257 4331 νὴς
2288 4267 2321 4334 ἡ
2350 4268 2546 4338 νεφέλη
2576 4269 2785 4339 ἐκείνη.
2815 4272 2926 4325 Καὶ
2975 4275 3031 4324 tv
3061 4273 3140 4343 τῷ
3202 4276 3385 4345 ὄρθρῳ
3429 4278 3486 4332 δὲ
3523 4279 3732 4347 ὁμοίως

2163 4357 2433 4426 ἐπλήρουν
2466 4361 2728 4431 πρότερον
2763 4364 2855 4416 τὸν
2905 4365 3029 4418 ναὸν
3062 4367 3275 4421 καπνοῦ
3307 4370 3370 4425 ἐκ
3398 4371 3491 4425 τοῦ
3529 4371 3736 4441 θυμιά-

2090 4457 2134 4511 D
2167 4464 2357 4514 ματος.

2715 4544 2967 4597 ΚΕΦΑΛ.
3000 4546 3180 4601 ΤΜΖ⁹.

2170 4650 2228 4701 Τί
2275 4650 2342 4702 τὸ
2384 4653 2646 4723 θυμίαμα
2674 4654 2743 4707 ἐν
2772 4657 3063 4733 dig-inpr)
3119 4661 3227 4716 τοῦ
3273 4663 3597 4733 ἐσπερινοῦ
3628 4669 3735 4721 και

2762 4728 2869 4781 τοῦ
2907 4728 3143 4796 ὄρθρου.

2232 4810 2346 4863 Νῦν
2372 4813 2427 4865 δὲ
2451 4813 2608 4867 τοῦτο
2644 4816 2705 4867 οὐ
2739 4818 2969 4883 γίνεται,
2994 4822 3041 4873 εί
3080 4820 3156 4890 μὴ
3193 4823 3333 4877 κατὰ
3356 4824 3454 4895 τὴν
3484 4826 3731 4896 λειτουρ-

2160 4904 2290 4968 γίαν
2343 4906 2436 4957 καὶ
2488 4906 2652 4971 μόνον
2699 4911 2727 4960 ὁ
2776 4908 3027 4972 διάκονος
3058 4912 3089 4980 ἧ
3123 4915 3150 4965 ὀ
3183 4915 3383 4982 ίερεὺς,
3443 4918 3582 4983 μετὰ
3630 4920 3733 4985 τὴν

2158 4996 2529 5066 προσκομιὸὴν
2562 4998 2641 5060 εἰς
2700 5000 2870 5052 τύπον
2920 5003 3138 5075 ἐκείνης
3176 5006 3281 5073 τῆς
3337 5008 3520 5076 δόξης,
3557 5007 3734 5079 θυμιᾷ

2155 5082 2215 5131 τὸ
2250 5082 2637 5152 θυσιαστήριον
2686 5089 2745 5139 tv
2787 5091 2999 5161 σιγῇ,ἢ
3054 5095 3271 5147 καὶτὸν
3316 5098 3441 5149 ναὸν
3487 5098 3729 5153 ἅπαντα.

2155 5172 2327 5226 Τοῦτο
2358 5175 2413 5227 δὲ
2443 5177 2653 5242 γίνεται
2684 5183 2779 5233 καὶ
2811 5183 2870 5235 tv
2903 5187 3294 5254 μοναστηρίοις
3348 5189 3456 5259 πρὸ
3499 5189 3594 5242 τοῦ
3626 5207 3728 5257 με-

2154 5264 2319 5331 γάλου
2367 5268 2699 5337 ὲσπερινοῦ,
2756 5274 2855 5343 τὴν
2910 5274 3061 5329 θείαν
3114 5277 3273 5343 δόξαν
3320 5281 3413 5333 καὶ
3453 5282 3613 5349 χάριν
3657 5282 3729 5336 δι’

2153 5358 2390 5424 ἀγγέλου
2426 5369 2842 5434 χορηγουμένην
2868 5368 2962 5419 τοῦ
2992 5372 3179 5438 ἱερέως
3216 5373 3600 5440 σημαίνοντοςθ
3634 5378 3730 5429 καὶ

2151 5445 2232 5498 ὅτι
2265 5447 2480 5519 πλήρης
2501 5451 2661 5521 δόξης
2690 5455 2717 5504 ό
2759 5449 2906 5517 οἶκος
2940 5457 3168 5527 Κυρίου.
3209 5461 3298 5512 Ἐν
3327 5462 3404 5532 τῷ
3433 5463 3732 5535 ᾲσματιδὶᾧ

2153 5537 2426 5608 ἑσπερινῷ
2454 5542 2630 5595 τοίνυν
2664 5545 2794 5608 στὰς
2829 5546 2857 5597 ὀ
2888 5548 3066 5618 ἱερεὺς
3107 5552 3214 5619 πρὸ
3261 5552 3362 5621 τῆς
3397 5555 3558 5621 ἁγίας
3594 5572 3731 5623 τρα-

2148 5628 2319 5698 πέζης
2352 5630 2427 5694 ὼς
2463 5634 2521 5685 tv
2551 5634 2766 5705 οὐρανῷ
2798 5640 2903 5707 πρὸ
2930 5640 3025 5693 τοῦ
3060 5639 3253 5710 θρόνου
3283 5645 3377 5696 τοῦ
3406 5645 3543 5698 Θεοῦ
3573 5647 3728 5699 εύλο·

2147 5724 2235 5792 γεῐ
2278 5724 2367 5778 τὸν
2420 5726 2475 5777 ἐν
2525 5728 2715 5797 Τριάδι
2750 5732 2902 5804 Θεὸν,
2956 5735 3017 5788 οὐ
3075 5736 3270 5806 λέγων,
3309 5758 3328 5791 ι
3361 5739 3671 5811 Εὐλογητὸς
3697 5744 3728 5795 ό
