4094 6194
331 379 441 440 ὃὶδέἶ

1496 376 1594 436 DE
1636 376 1883 438 SACRA
1925 375 2438 440 PRECATIONE.
2531 337 2536 341 ’

3495 375 3600 437 696

326 495 483 555 Θεός·
523 509 541 542 ι
578 491 641 542 οὗ
685 489 795 558 γάρ
824 487 948 550 ἔθος
987 485 1149 540 τοῦτο
1187 487 1244 540 ἐν
1288 488 1357 556 τῇ
1406 487 1566 554 τάξει
1599 488 1698 543 τοῦ
1735 487 1919 556 ᾄσμα-

2023 489 2364 552 cantionum,
2395 488 2654 558 quoniam
2685 485 2752 541 ad
2792 469 3362 541 vetus'i'estamentum
3393 489 3600 540 solum-

325 597 436 643 τοςο
467 582 568 632 ὃτι·
602 578 700 647 τῆς
737 577 983 639 Παλαιᾶς
1041 576 1265 646 Γραφῆς
1317 575 1480 630 τοῦτο
1537 578 1730 648 μόνης.
1763 575 1907 630 Ἀλλ’

324 674 516 742 ὥσπερ
543 677 601 724 ὲν
639 674 703 740 τῇ
736 672 859 741 ίερᾷ
887 669 1226 741 λειτουργίᾳ,
1259 687 1281 723 ι
1331 671 1690 741 Εὐλογημένη
1738 673 1772 741 ἠ
1810 671 1908 740 βα-

328 765 507 816 σιλεία
551 763 649 814 τοῦ
705 761 920 832 Πατρδς
975 762 1073 815 καὶ
1135 761 1231 815 τοῦ
1273 763 1404 816 Υίοῦ
1453 765 1548 817 καὶ
1599 765 1696 816 τοῦ
1746 764 1906 832 ἁγίου

330 855 649 922 ΙΙνεύμαςτος
680 856 938 907 πάντοτεο
977 872 994 904 ι
1042 853 1102 906 τὸ
1135 855 1338 908 ἐνιαῒον
1371 855 1470 924 τῆς
1506 853 1788 925 βασιλείας
1811 857 1908 909 καὶ

327 948 567 1015 φύσεως,
608 946 704 997 καὶ
735 945 797 997 τὺ
827 945 1108 1012 τριαδικὸν
1133 945 1405 1013 θεολογῶν
1431 945 1525 999 τοῦ
1556 946 1715 1010 Θεοῦ,
1744 945 1772 999 δ
1808 947 1910 1013 τῆς

325 1039 548 1106 χάριτός
579 1039 696 1088 ἐστι
724 1038 1029 1106 κήρυγμα,
1081 1037 1112 1105 ἡ
1163 1037 1461 1104 ἐπίγνωσις
1506 1039 1602 1090 καὶ
1649 1039 1910 1106 ὁμολογία

327 1127 488 1198 243
517 1127 612 1179 τοῦ
646 1129 810 1193 μόνου
843 1129 898 1179 ὲν
929 1127 1120 1196 Τριάδι
1145 1128 1302 1182 Θεοῦ.
1329 1131 1438 1182 Καὶ
1466 1129 1627 1192 εὐθὺς
1655 1131 1722 1182 τᾶ
1759 1132 1920 1200 είρη-ν

327 1219 476 1276 una.
508 1215 606 1283 τὴν
657 1218 883 1285 είρήνην
927 1216 1149 1286 πρῶτον
1196 1219 1304 1271 ἀπὸ
1339 1217 1434 1270 τοῦ
1474 1219 1678 1288 Κυρίου
1711 1218 1908 1284 διδοὺς,

327 1306 418 1357 καὶ
462 1305 733 1357 διδάσκων
787 1303 1000 1367 πάντας
1051 1305 1324 1359 αἰτεῖσθαι
1374 1310 1400 1360 ὁ
1445 1307 1649 1377 ἱερεύς.
1713 1307 1910 1361 ’ἰστέον

327 1395 445 1458 οὖν,
473 1396 556 1448 δτι
585 1397 619 1463 η
658 1395 758 1462 τῆς
824 1394 1171 1464 λειτουργίας
1209 1396 1505 1449 ἀκολουθία
1543 1377 1678 1468 μόνη
1717 1396 1909 1452 omitt-

237 1566 248 1576 .
327 1490 546 1540 λειπται
592 1488 734 1541 κιτά
780 1487 877 1556 τὴν
907 1488 1149 1558 ἀρχαίαν
1179 1490 1429 1556 γίνεσθαι
1463 1491 1620 1554 τάξιν
1645 1508 1658 1521 ·
1706 1491 1786 1545 διδ
1816 1494 1910 1545 καὶ

327 1580 501 1643 οὕτως
535 1580 752 1648 εὐλογεῖ
779 1581 872 1632 τὸν
923 1579 1066 1633 Θεὸν
1098 1583 1127 1633 δ
1164 1581 1366 1649 ἱερεὺς,
1415 1584 1510 1636 καὶ
1541 1582 1715 1646 οὕτως
1745 1583 1910 1646 εὐθὺς

328 1673 400 1725 τὰ
430 1673 682 1742 είρηνικὰ
707 1671 881 1739 λέγει,
912 1672 1016 1726 καὶ
1053 1674 1122 1726 τὰ
1147 1675 1278 1744 τρία
1317 1675 1598 1745 ἀντίφωνα
1630 1677 1712 1738 είς
1736 1675 1910 1728 τύπον

330 1765 432 1832 τῆς
453 1763 685 1833 Τριάδος
713 1763 954 1834 ᾅδονται,
1016 1763 1162 1835 ἅπερ
1206 1765 1305 1834 τῆς
1332 1761 1566 1837 ἀρχαίας
1598 1765 1691 1820 τοῦ
1724 1767 1906 1844 ἀσμε-

331 1872 424 1918 τος
465 1856 795 1916 ἀκολουθίας
849 1856 976 1910 εἰσί.
1031 1856 1144 1910 Καὶ
1186 1857 1264 1927 μὴ
1321 1836 1525 1922 εἰδότες
1574 1836 1745 1913 τοῦτόΓ
1766 1876 1913 1923 τινες
1945 1836 1986 1892 Β

332 1949 391 2000 ιν
442 1947 519 2015 τῷ
574 1947 868 2017 ᾄσματικῷ
900 1949 1176 2018 ἑσπερινῷ
1231 1949 1542 2020 λεγομένων
1587 1950 1698 2004 τῶν
1743 1953 1914 2022 τριῶν

332 2041 674 2106 ἀντιφώνων,
720 2040 951 2108 ὕστερον
975 2041 1034 2094 δὲ
1073 2044 1170 2097 καὶ
1207 2044 1302 2096 τοῦ
1334 2045 1655 2112 Τρισαγίου,
1685 2043 1760 2106 ὡς
1807 2044 1917 2096 λει-

332 2131 594 2200 τουργίαν
623 2131 782 2183 τοῦτο
815 2132 1276 2200 κατονομὰζουσι.
1304 2135 1414 2187 Καὶ
1440 2134 1640 2203 μᾶλλον
1667 2135 1717 2187 οί
1750 2137 1913 2204 ἐσχη-

334 2224 490 2284 κότες
530 2223 770 2291 ἀρχῆθεν
807 2223 1016 2292 ταύτην
1072 2224 1137 2292 δὴ
1181 2228 1282 2294 τὴν
1311 2226 1636 2280 ἀκολουθίαν
1671 2228 1719 2280 ol
1764 2229 1915 2279 Κων-

338 2315 842 2368 σταντινουπολῖται
879 2314 1043 2368 τοῦτο
1099 2316 1225 2384 ἄρτι
1266 2319 1634 2387 θαυμάζουσι,
1672 2321 1746 2389 μὴ
1779 2319 1917 2372 εἰδό-

335 2423 429 2468 τες
455 2406 531 2468 ὡς
561 2407 737 2460 ταῦτα
777 2407 1004 2476 διωγμῷ
1037 2407 1286 2462 Λατίνων
1320 2411 1386 2463 τὰ
1436 2410 1705 2465 κάλλιστα
1755 2415 1908 2465 κατέ-

337 2498 497 2550 λιπον
523 2497 619 2566 ἔθη
645 2517 659 2528 ο
695 2497 770 2561 ὡς
799 2500 896 2551 καὶ
921 2500 980 2551 ἐν
1001 2502 1124 2562 ταῖς
1157 2503 1434 2569 νηστεῖαις
1455 2503 1554 2570 τὴν
1578 2504 1674 2569 τῆς
1707 2506 1915 2572 τρ’.τοέ⁶

338 2605 473 2658 κτης
508 2590 662 2659 ίερὰν
697 2591 794 2643 καὶ
838 2592 1076 2662 ἀρχαίαν
1111 2593 1419 2662 ὑπηρεσίαν
1456 2611 1516 2645 τε
1553 2599 1647 2648 καὶ
1672 2597 1917 2660 διάταξιν

339 2683 432 2734 καὶ
471 2683 570 2753 τὴν
624 2681 728 2751 τῆς
755 2682 1062 2754 λεγομένης
1113 2685 1484 2754 παννυχίδοςο
1541 2689 1685 2742 κατά
1735 2692 1918 2742 πᾶσαν

340 2773 581 2842 ἑσπέραν
632 2773 936 2843 γινομένην
982 2775 1137 2839 ποτε,
1200 2777 1297 2828 καὶ
1347 2777 1584 2845 μάλιστα
1633 2783 1774 2834 κατὰ
1821 2783 1918 2849 τὴν

338 2865 501 2932 ἁγίαν
555 2867 808 2935 μεγάλην
860 2866 1343 2939 Τεσσαρακοστὴν,
1382 2872 1478 2922 καὶ
1511 2872 1571 2924 ἑν
1609 2875 1676 2942 τῇ
1726 2873 1921 2945 πρώτῃ

341 2957 567 3034 ταύτης,
587 2961 684 3012 καὶ
705 2962 772 3029 τῇ
803 2960 1019 3032 μεγάλῃ
1055 2959 1331 3026 ὲδδομάδι,
1364 2955 1444 3015 ὧν
1473 2965 1567 3015 καὶ
1597 2964 1756 3034 εὐχαί
1780 2969 1920 3017 εἰσιν

343 3051 642 3117 ἀναγκαῖαι
676 3051 730 3102 αἱ
762 3052 904 3104 κατά
933 3051 1034 3122 τὴν
1081 3053 1388 3122 παννυχίδα
1436 3054 1914 3126 ἐπιγραφόμεναι·

2013 578 2178 634 modo
2201 580 2456 648 pertinet.
2493 577 2596 634 Sed
2631 576 3088 645 quemadmodum
3123 575 3176 629 in
3200 577 3368 630 missa
3399 591 3416 627 ι
3451 593 3468 626 «
3495 576 3600 628 Be-

2013 669 2284 723 nedictum
2323 685 2549 736 regnum
2588 668 2764 724 Patris
2795 677 2849 723 et
2877 667 2998 721 Filii
3031 677 3086 722 et
3125 666 3363 736 Spiritus
3421 669 3610 722 sancti

2010 775 2226 825 semper
2251 779 2296 825 ιη,
2324 763 2586 815 unitatem
2622 760 2830 829 imperii
2859 770 2914 816 et
2944 769 3153 814 natura!
3181 759 3387 824 Deique
3440 757 3599 811 trini-

2012 858 2178 905 tatem
2238 849 2568 921 praedicans,
2603 851 2748 920 quod
2800 860 2883 905 est
2945 851 3133 920 gratia:
3193 848 3502 919 praedicatio
3530 858 3583 901 et

2012 942 2226 1012 agnitio
2257 957 2472 997 necnon
2497 943 2773 998 confessio
2799 943 2969 998 solius
2998 943 3050 996 iu
3086 942 3357 997 Trinitate
3387 941 3500 995 Dei.
3529 939 3594 995 Et

2011 1036 2193 1089 Statim
2226 1035 2449 1103 pacifica
2491 1036 2675 1100 verba,
2716 1051 2907 1105 pacem
2949 1037 3090 1092 enim
3123 1052 3152 1090 a
3204 1035 3435 1089 Domino
3485 1035 3597 1102 pri-

2011 1142 2160 1180 mum
2186 1127 2278 1181 dat
2323 1129 2587 1184 sacerdos
2637 1137 2692 1183 et
2716 1145 2905 1184 omnes
2958 1129 3023 1184 ad
3083 1128 3350 1183 orandum
3385 1129 3594 1181 invitat.

2013 1219 2186 1288 Igitur
2215 1223 2360 1275 scire
2416 1230 2658 1290 oportet,
2712 1222 2974 1291 quoniam
3013 1223 3164 1278 solus
3225 1224 3359 1276 ordo
3419 1221 3598 1274 missa:

2012 1322 2259 1382 superest
2282 1315 2584 1370 secundum
2609 1315 2885 1383 antiquam
2936 1316 3337 1370 institutionem
3371 1330 3598 1368 servan-

2012 1405 2136 1461 dus.
2165 1403 2530 1471 Quamobrem
2565 1407 2638 1461 ita
2664 1407 2936 1462 benedicit
2962 1407 3241 1469 sacerdos,
3293 1418 3346 1461 ct
3374 1409 3447 1462 ita
3473 1424 3600 1478 pro-

2013 1499 2163 1551 tinus
2210 1513 2398 1566 pacem
2447 1497 2611 1564 dicit,
2679 1509 2900 1568 tresque
2953 1501 3259 1568 antiplionaa
3298 1502 3349 1554 in
3410 1509 3595 1572 typum

2011 1585 2298 1644 Trinitatis
2352 1597 2668 1655 cantantur,
2713 1607 2835 1659 quae
2889 1593 2956 1646 ad
3017 1593 3300 1662 antiquum
3328 1595 3600 1650 cantionis

2011 1679 2258 1736 ordinem
2317 1681 2618 1750 pertinent.
2693 1682 2849 1749 Quod
2904 1683 3215 1740 nescientes
3265 1686 3484 1753 quidam
3546 1685 3599 1739 in

2014 1771 2320 1842 vespertina
2351 1773 2607 1828 cautione
2660 1765 2945 1829 dictarum‘
2976 1775 3138 1830 trium
3173 1775 3598 1848 antip‘ionarunt

2017 1873 2071 1917 et
2094 1863 2290 1918 deinde
2340 1862 2600 1934 Trisagii,
2637 1866 2822 1920 missa:
2867 1868 3090 1922 nomine
3150 1867 3252 1922 boc
3304 1867 3602 1937 appellant.

2016 1953 2082 2009 Et
2108 1957 2406 2024 praesertim
2450 1959 2544 2026 qui
2578 1972 2604 2009 a
2629 1957 2900 2026 principio
2925 1959 3090 2013 istum
3119 1958 3432 2014 habuerunt
3459 1959 3609 2015 ordi-

2019 2061 2140 2100 nem
2168 2046 2769 2118 Constantinopolitani
2794 2049 2940 2104 istud
2971 2051 3134 2105 modo
3158 2053 3428 2106 mirantur
3447 2052 3604 2121 igno-

2017 2147 2206 2194 rantes
2242 2155 2301 2194 se
2336 2141 2737 2209 pulcherrimos
2770 2143 2873 2197 bos
2907 2143 3045 2197 ritus
3079 2143 3466 2212 persecutione
3501 2142 3602 2197 La-

2019 2231 2257 2284 tinorum
2291 2232 2564 2296 amisisse,
2590 2232 2733 2288 sicut
2784 2244 2838 2288 et
2878 2234 2930 2288 in
2969 2233 3190 2304 jejuniis
3215 2249 3432 2288 sacrum
3460 2235 3607 2289 anti-

2019 2336 2297 2388 quumque
2358 2323 2532 2377 tertiae
2585 2333 2639 2377 et
2701 2333 2870 2379 sextae
2931 2325 3077 2379 horae
3114 2324 3481 2385 ministerium
3535 2340 3599 2380 ac

2021 2409 2327 2462 institutum
2392 2419 2556 2480 atque
2607 2414 3022 2482 praeceptionem
3069 2415 3339 2484 Παννυχὶς
3372 2414 3598 2478 dictam,

2019 2502 2142 2566 quia
2181 2516 2274 2570 per
2301 2509 2468 2556 totam
2509 2512 2720 2558 noctem
2751 2503 3007 2568 durabat,
3041 2504 3446 2576 quaequondam
3481 2507 3602 2559 sitt-

2020 2591 2160 2656 gnlis
2203 2592 2448 2658 vesperis
2493 2591 2672 2658 ﬁebat,
2729 2593 2781 2647 in
2821 2594 3008 2662 primis
3033 2610 3124 2663 per
3155 2611 3403 2666 magnam
3460 2595 3608 2663 Qua-

2019 2681 2407 2749 dragcsimam,
2465 2692 2520 2738 et
2570 2683 2623 2738 in
2654 2685 2831 2753 prima
2866 2693 3174 2757 magnaque
3205 2687 3370 2757 hujus
3393 2687 3601 2742 hebdo-

2021 2773 2201 2840 made,
2236 2762 2304 2828 οἱ
2339 2776 2539 2844 quibus
2562 2791 2753 2845 preces
2809 2785 2940 2832 sunt
2965 2779 3309 2845 necessarize,
3344 2794 3466 2848 quae
3496 2787 3604 2832 tota

2022 2875 2184 2922 nocte
2213 2867 2574 2931 dicebantur,
2605 2882 2818 2926 necnon
2846 2883 3036 2939 preces
3070 2870 3210 2924 inter
3236 2871 3450 2924 tertiam
3482 2884 3607 2924 sex-

2023 2966 2251 3025 tamque
2293 2956 2483 3010 horam
2541 2955 2846 3011 secundum
2897 2958 3177 3027 antiquam
3229 2958 3602 3022 traditionem,

2021 3062 2144 3116 qua
2175 3049 2360 3101 cantio
2395 3048 2563 3100 horas
2589 3056 2972 3118 repraesentat,
3003 3058 3058 3102 et
3093 3048 3213 3103 ideo
3241 3049 3349 3103 boc
3383 3049 3603 3103 nomine

343 3142 437 3194 καὶ
479 3143 535 3194 at
597 3141 702 3210 τῆς
756 3144 1080 3214 τριτοέκτης
1128 3143 1272 3196 κατὰ
1323 3147 1628 3215 παράδοσιν
1662 3148 1918 3217 ἀρχαίαν,

2025 3150 2260 3194 vocatur
2287 3157 2302 3205 ;
2330 3139 2558 3206 insuper
2618 3155 2808 3210 preces
2841 3149 3044 3195 sancta:
3075 3140 3256 3196 missae
3304 3141 3371 3195 de
3407 3140 3609 3209 quibus

341 3232 514 3285 τύπον
550 3233 660 3284 τῶν
691 3231 851 3302 ὡρῶν
883 3232 1136 3302 ἐχούσης,
1169 3238 1263 3287 καὶ
1291 3233 1451 3288 τοῦτο
1491 3236 1832 3306 καλουμένης
1859 3241 1920 3291 ἐκ

344 3323 440 3376 τοῦ
477 3324 772 3393 ὀνόματος,
813 3325 910 3377 καὶ
946 3325 1046 3393 τῆς
1083 3326 1235 3394 ἱερᾶς
1279 3325 1644 3397 λειτουργίας,
1687 3331 1812 3398 περὶ
1847 3323 1922 3382 ὧν

345 3412 442 3466 ναὶ
470 3412 709 3480 ἐροῦμεν
738 3413 814 3474 ὼς
845 3414 902 3466 ιν
933 3412 1131 3482 βραχεῖ
1167 3414 1293 3483 μετ’
1326 3415 1528 3484 ὀλίγον.
1560 3417 1670 3470 Νῦν
1703 3418 1760 3471 δὲ
1792 3420 1922 3484 περὶ

345 3504 437 3556 τοῦ
459 3502 751 3571 ἐσπερινοῦ
779 3502 1036 3570 λέγομεν,
1063 3502 1136 3565 ὡς
1163 3501 1258 3555 τοῦ
1285 3504 1473 3574 ἱερέως
1500 3505 1932 3574 εὐλογήσαντος,

346 3600 439 3648 καὶ
464 3595 534 3648 τὰ
567 3595 823 3664 εἰρηνικὰ
849 3593 1136 3663 εἰρηκότος
1173 3595 1377 3659 πάντα,
1413 3597 1508 3648 καὶ
1553 3597 1634 3659 τὸ,
1682 3614 1702 3646 «
1747 3597 1924 3648 Ἀντι-

347 3687 533 3752 λασοῦ,
589 3688 784 3752 σῶσον,
818 3686 1064 3754 ἐλέησον,
1129 3705 1148 3738 ι
1183 3689 1232 3738 0i
1258 3688 1460 3755 ψάλται
1515 3687 1697 3750 εὐθὺς,
1762 3707 1780 3739 «
1825 3687 1921 3739 καὶ

364 3779 695 3833 Ἐπὰκουσόν
761 3795 887 3846 μου,
938 3776 1066 3840 δόξα
1097 3794 1201 3842 σοι,
1243 3781 1268 3830 ό
1309 3778 1462 3839 Θεὸς,
1504 3798 1522 3829 ι
1561 3779 1766 3850 ᾅδουςι.
1813 3781 1923 3833 Καὶ

354 3871 648 3935 ἀναγκαῖον
673 3869 734 3922 τὸ
771 3867 1208 3938 μελῳδούμενον,
1241 3869 1452 3923 ἱκεσίαν
1483 3871 1600 3940 ἅμα
1642 3874 1734 3924 καὶ
1770 3873 1920 3937 δοξο-

352 3959 540 4027 λογίαν
573 3961 826 4028 περιέχον
860 3959 997 4013 Θεοῦ
1021 3976 1034 3990 '
1069 3962 1165 4014 καὶ
1193 3961 1253 4013 τό
1287 3963 1387 4027 μὲν
1410 3964 1517 4015 ἀπὸ
1542 3964 1636 4016 τοῦ
1665 3963 1933 4033 Ψαλμοῦ,

356 4070 374 4102 «
410 4052 634 4113 Κλῖνον,
667 4051 864 4118 Κύριε,
895 4052 958 4104 se
987 4049 1081 4115 οῦς
1111 4069 1229 4119 σου,
1255 4053 1352 4107 καὶ
1377 4054 1685 4109 ὲπόικουσόν
1710 4073 1812 4124 μου
1839 4072 1853 4085 ο
1898 4075 1916 4107 ι

348 4146 410 4197 τὸ
453 4144 510 4196 δὲ
557 4143 665 4196 ἀπὸ
695 4143 801 4196 τῶν
831 4143 1104 4212 ἀγγέλων,
1143 4163 1162 4197 «
1198 4146 1335 4210 Δόξα
1367 4148 1424 4199 ὲν
1476 4146 1720 4215 ὑψίστοις
1765 4148 1920 4218 Θεῷο

350 4237 467 4300 καὶ,
504 4253 523 4286 ι
550 4235 774 4306 Πλήρης
829 4239 857 4290 ό
885 4237 1113 4306 οὐρανὸς
1142 4238 1234 4290 καὶ
1262 4239 1294 4308 ἡ
1317 4237 1392 4308 γῆ
1410 4237 1509 4308 τῆς
1533 4238 1692 4307 δόξης
1720 4238 1882 4292 αὐτοῦ
1906 4254 1920 4269 ο

350 4328 465 4390 καὶ,
509 4343 528 4377 «
581 4326 935 4397 Εὐλογημένη
974 4326 1163 4396 ἡδόξα
1195 4328 1422 4397 Κυρίου.
1467 4347 1486 4380 ι
1533 4327 1666 4384 Εἶτά
1698 4347 1864 4398 φησιν
1894 4333 1923 4383 δ

347 4417 557 4489 ἱερεὺς,
597 4434 616 4468 «
652 4415 763 4486 Τῆς
808 4416 1419 4488 Παναγίαςόιχράντου·
1474 4435 1495 4468 ι
1531 4423 1624 4470 καὶ
1661 4419 1923 4486 ὲκφώνως

2023 3233 2105 3287 vel
2135 3232 2376 3314 breviter
2399 3249 2525 3288 mox
2553 3232 2910 3289 disseremus.
2939 3232 3097 3288 Nunc
3127 3248 3255 3288 vero
3277 3232 3344 3288 de
3363 3232 3608 3301 vesperis

2023 3326 2283 3380 dicimus.
2351 3327 2646 3396 Postquam
2702 3342 2834 3398 ergo
2891 3327 3234 3382 benedixerit
3272 3325 3524 3382 sacerdos
3556 3333 3613 3377 et

2025 3433 2210 3486 pacem
2238 3418 2473 3478 dixerit,
2497 3433 2706 3473 necnon
2739 3437 2752 3472 :
2789 3418 3050 3488 «Suscipe
3085 3419 3255 3483 salva,
3289 3418 3603 3475 miserere.»

2029 3518 2286 3564 cantores
2351 3509 2500 3565 illico
2559 3511 2840 3577 psallunt:
2875 3529 2893 3562 «
2933 3511 3001 3565 Et
3034 3511 3230 3566 exaudi
3265 3525 3372 3570 me,
3439 3510 3607 3575 gloria

2023 3599 2144 3660 tibi,
2174 3598 2322 3652 Deus
2348 3618 2364 3648 ι
2398 3598 2544 3666 quod
2595 3600 2767 3653 melos
2795 3609 2880 3654 est
2913 3589 3307 3664 necessarium,
3349 3600 3609 3667 depreca-

2028 3690 2232 3743 tionem
2290 3690 2568 3758 simulque
2619 3691 3077 3759 glorillcationem
3152 3691 3246 3745 Dei
3296 3691 3606 3745 continens.

2025 3781 2261 3834 Cantant
2289 3780 2454 3833 etiam
2514 3781 2646 3836 illud
2684 3797 2713 3834 e
2746 3783 2997 3850 psalmo:
3041 3800 3059 3832 «
3085 3782 3318 3843 inclina,
3360 3780 3608 3844 Domine,

2024 3885 2211 3924 aurem
2247 3881 2416 3933 tuam,
2452 3880 2505 3924 et
2525 3869 2734 3926 ‘exaudi
2792 3887 2902 3930 me.
2934 3891 2952 3923 ι
2978 3872 3396 3943 angelicumque
3440 3874 3610 3926 cantio

2023 3975 2148 4013 cum
2171 3977 2183 4012 :
2207 3960 2418 4014 «Gloria
2438 3961 2492 4013 in
2519 3959 2803 4014 altissimis
2821 3961 2989 4023 Deo,t
3016 3972 3092 4024 et,
3119 3981 3137 4013 «
3155 3960 3300 4014 Pleni
3323 3971 3452 4015 sunt
3483 3963 3606 4015 caeli

2024 4061 2080 4106 et
2109 4062 2251 4104 terra
2274 4051 2445 4120 gloria
2471 4051 2643 4118 ejus,»
2676 4059 2765 4112 et;
2795 4069 2811 4102 «
2829 4050 3120 4106 Benedicta
3143 4052 3312 4122 gloria
3336 4050 3570 4106 Domini.
3587 4071 3605 4104 ι

2028 4138 2290 4208 Deinceps
2319 4139 2573 4193 sacerdos
2623 4138 2699 4192 ait
2732 4153 2747 4194 :
2789 4156 2807 4188 «
2836 4135 3208 4196 sanctissima
3252 4151 3306 4195 et
3333 4141 3606 4195 itnmacu-

2027 4233 2220 4296 lateeo,
2283 4233 2503 4297 altaque
2555 4245 2688 4286 voce
2741 4231 2908 4285 Deum
2964 4231 3018 4286 in
3075 4231 3339 4288 Trinitate
3369 4233 3605 4286 celebrat

2027 4320 2250 4375 dicens:
2286 4336 2304 4370 «
2335 4320 2601 4385 Quoniam
2661 4329 2712 4375 te
2739 4321 2892 4375 decet
2922 4323 3102 4375 omnis
3132 4321 3327 4391 gloria,
3364 4324 3538 4376 bonor
3559 4335 3614 4378 et

2027 4413 2294 4467 adoratio.
2322 4431 2340 4463 ι
2365 4412 2428 4465 Et
2450 4413 2520 4466 ita
2555 4421 2701 4466 totus
2731 4411 2930 4466 dicitur
2960 4412 3202 4483 psalmus
3250 4428 3374 4467 cum
3405 4413 3488 4468 bis
3521 4429 3614 4466 vo-

346 4510 582 4577 ἁνυμνεϊ
625 4509 719 4560 τὸν
760 4511 819 4562 ὲν
870 4507 1059 4578 Τριάδι
1097 4509 1253 4575 Θεὸν,
1307 4527 1326 4560 «
1382 4511 1506 4563 Ὅτι
1567 4511 1767 4582 πρέπει
1818 4529 1921 4580 σοι,

2027 4504 2181 4560 cibus
2216 4520 2228 4554 :
2272 4504 2481 4560 «Gloria
2517 4505 2636 4570 tibi,
2672 4504 2868 4568 Deus,»
2896 4512 2988 4561 et:
3030 4503 3143 4558 «Me
3169 4503 3334 4573 igitur
3357 4504 3608 4565 exaudi,»

347 4601 549 4669 λέγων,
605 4601 757 4653 πᾶσα
809 4599 959 4666 δόξα,
1000 4601 1137 4670 τιμὴ
1171 4602 1268 4655 καὶ
1321 4602 1718 4672 προσκύνησις.
1759 4623 1778 4656 ι
1815 4606 1923 4658 Καὶ

345 4689 493 4742 οὔτω
524 4689 631 4746 πᾶς
665 4690 694 4741 ὁ
727 4689 957 4756 Ψαλμδς
1007 4688 1229 4753 λέγεται
1264 4690 1402 4757 μετὰ
1425 4689 1545 4752 τοῦ,
1581 4707 1600 4739 ι
1643 4690 1778 4754 Δόξα
1820 4709 1924 4755 σοι,

348 4783 375 4833 δ
413 4781 569 4842 Θεός.
613 4798 634 4832 ι
664 4780 737 4834 Τὸ
777 4780 1116 4834 Ἐπάκουσόν
1157 4797 1258 4850 μου
1303 4779 1418 4844 οὖν,
1443 4780 1538 4833 τοῦ
1584 4781 1927 4853 ἐπαγομένου

345 4871 569 4942 ψαλμοῦ
618 4871 908 4941 τυγχάνον,
950 4870 1026 4936 ὡς
1073 4873 1320 4942 εἴρηται.
1363 4870 1533 4924 Τοῦτο
1590 4871 1710 4935 ἔθος
1750 4873 1844 4927 καὶ
1872 4877 1930 4926 ὲν

346 4966 470 5028 τοῖς
504 4964 698 5026 ἄλλαις
723 4963 1070 5027 ἀκολουθίαις
1100 4965 1252 5018 ἐστὶν
1272 4965 1329 5018 ιν
1353 4964 1431 5033 τῷ
1460 4963 1668 5034 ᾅσματι
1690 4981 1705 4997 ο
1739 4965 1933 5037 προλέ-

349 5069 509 5120 γουσι
539 5055 652 5124 γάρ
691 5071 746 5106 τι
778 5055 962 5123 στίχου
1015 5054 1183 5123 μέρος
1231 5055 1320 5107 ἀεὶ
1372 5055 1469 5108 τοῦ
1523 5057 1932 5127 ἐπιφερομένου

349 5144 595 5215 ψαλμοῦ,
624 5145 662 5216 ἢ
699 5146 837 5214 μετά
860 5145 956 5198 τοῦ
996 5146 1345 5212 Ἀλληλούῖα,
1376 5147 1408 5218 ἢ
1445 5150 1562 5214 τοῦ,
1599 5167 1618 5199 «
1659 5149 1798 5213 Δόξα
1820 5165 1925 5210 σοι,

348 5241 378 5292 ὁ
408 5237 568 5304 Θεὸς,
630 5257 649 5289 ³
696 5238 732 5306 ἦ
765 5253 911 5300 τινος
961 5238 1354 5310 ὑτωψάλματος
1414 5227 1982 5312 προοιμιαζόμενοιοδ

351 5326 656 5395 ὑπόψαλμα
729 5326 788 5378 δὲ
839 5325 1060 5395 λέγεται
1130 5329 1218 5382 διὰ
1267 5331 1330 5384 τὸ
1382 5332 1523 5400 μετά
1567 5331 1663 5384 τοῦ
1713 5330 1933 5400 ψαλμοῦ

353 5417 495 5469 κατά
519 5415 702 5485 στίχον
750 5415 994 5487 ᾅδεσθαι.
1050 5419 1158 5471 Καὶ
1194 5419 1410 5487 πρῶτον
1458 5425 1558 5490 μὲν
1587 5423 1678 5474 τὸν
1730 5420 1931 5488 στίχον,

357 5507 551 5560 ἔπειτα
595 5507 652 5559 δὲ
702 5508 861 5560 τοῦτο
912 5509 1171 5576 λέγεσθαι
1197 5526 1211 5542 ο
1253 5505 1384 5577 οἷον,
1426 5531 1444 5563 «
1481 5511 1694 5576 Κλῖνον,
1735 5513 1932 5582 Κύριε,

357 5600 420 5652 ab
450 5597 546 5662 οῦς
575 5615 692 5665 σου,
729 5600 824 5653 καὶ
847 5601 1150 5656 ἆπάκουσόν
1188 5621 1314 5672 μου.
1351 5604 1489 5670 Δόξα
1523 5621 1628 5671 σοι,
1652 5605 1681 5656 ὁ
1701 5604 1832 5668 θεός
1855 5621 1869 5636 ·
1909 5625 1927 5656 ι

361 5689 451 5741 καὶ
483 5689 543 5742 ιν
573 5691 688 5752 τοῖς
727 5688 936 5752 λοιποῖς
965 5691 1188 5760 ὁμοίως.
1241 5692 1329 5746 Ἐν
1359 5696 1475 5757 τοῖς
1515 5697 1819 5764 ὲσπερινοίς
1843 5693 1936 5750 οὖν

364 5779 537 5836 ἅπασι
565 5781 648 5850 τὸ,
687 5799 706 5834 «
747 5781 962 5852 κλῖνον,
997 5781 1192 5852 Κύριε,
1227 5785 1284 5838 τὸ
1316 5784 1406 5850 οὓς
1437 5802 1552 5857 σου,
1593 5807 1610 5841 ι
1647 5787 1933 5858 panem.

2030 4611 2150 4665 quae
2186 4595 2238 4650 in
2307 4596 2518 4664 psalmo
2564 4596 2694 4651 dum
2757 4599 3110 4652 continuatur
3171 4597 3613 4666 interponuntur.

2029 4688 2172 4743 sicut
2198 4688 2410 4743 dictum
2438 4695 2543 4743 est.
2577 4686 2702 4742 Haec
2729 4696 2814 4743 est
2845 4689 3002 4743 enim
3039 4687 3092 4741 in
3148 4688 3402 4741 cautione
3451 4687 3613 4741 etiam

2030 4781 2084 4833 in
2113 4779 2238 4834 aliis
2271 4779 2558 4833 ordinibus
2593 4779 2932 4834 consuetudo
2960 4795 2976 4835 :
3006 4778 3158 4847 prius
3189 4785 3395 4848 partem
3428 4793 3618 4834 versus

2031 4871 2240 4935 dicunt,
2268 4879 2324 4924 et
2352 4868 2584 4938 singulis
2602 4869 2795 4939 psalmi
2817 4868 3122 4923 continuati
3151 4868 3396 4923 versibus
3420 4869 3617 4937 praelu-

2029 4963 2164 5018 dunt
2189 4961 2430 5015 dicentes
2452 4958 2806 5029 Alleluia,§vel
2841 4969 2857 5012 :
2895 4957 3109 5013 «.Gloria
3137 4959 3259 5026 tibi,
3295 4958 3496 5017 Deus.)
3535 4960 3615 5012 vel

2031 5053 2195 5108 alium
2227 5051 2604 5106 intercalarem
2636 5049 2983 5112 versiculum,
3008 5049 3102 5118 qui
3137 5050 3239 5104 hoc
3271 5058 3496 5102 vocatur
3521 5065 3617 5102 no-

2035 5145 2180 5198 mine
2213 5143 2343 5213 quia
2373 5156 2499 5196 cum
2523 5142 2734 5211 psalmo
2759 5140 2900 5194 inter
2939 5153 3134 5194 versus
3161 5149 3434 5194 cantatur.
3490 5138 3614 5192 Pri-

2035 5251 2162 5291 mus
2190 5233 2424 5304 quidem
2444 5233 2644 5286 dicitur
2675 5245 2887 5296 versus,
2917 5242 2972 5285 et
3023 5231 3221 5286 deinde
3251 5231 3344 5284 ille
3371 5229 3617 5285 versicu-

2035 5328 2150 5393 lus,
2169 5325 2402 5396 exempli
2432 5323 2604 5395 gratia
2633 5342 2648 5377 :
2683 5341 2700 5374 «
2730 5321 2962 5391 lnclina,
2980 5322 3226 5388 Domine,
3252 5337 3440 5379 aurem
3463 5333 3610 5377 tuam

2035 5419 2314 5476 etexaudi
2367 5414 2712 5483 me;Gloria
2765 5414 2861 5471 tibi
2913 5415 3124 5478 Deus»,
3177 5424 3232 5470 et
3287 5415 3538 5472 similiter
3564 5415 3620 5469 in

2037 5514 2272 5570 caeteris.
2300 5510 2471 5579 Igitur
2532 5511 2587 5563 in
2622 5508 2932 5576 vespertina
2996 5508 3257 5564 contione
3288 5517 3398 5563 tota
3430 5514 3619 5562 canta-

2042 5617 2130 5661 tur
2159 5622 2173 5658 :
2206 5624 2224 5656 «
2245 5603 2467 5666 lnclinn,
2492 5603 2739 5666 Domine,
2769 5615 2958 5656 aurem
2990 5611 3136 5656 tuam
3166 5620 3213 5660 ι.
3245 5601 3510 5672 quoniam
3538 5588 3648 5656 sol.

2035 5697 2261 5766 justitiae
2309 5694 2590 5749 inclinavit
2611 5693 2780 5750 coelos
2805 5700 2860 5748 et
2905 5694 3186 5749 descendit
3216 5693 3339 5749 licet
3363 5708 3621 5749 occasum

2043 5789 2319 5857 nesciens,
2351 5794 2482 5843 tunc
2514 5799 2664 5862 tero
2695 5785 2974 5845 sensibilis
3008 5785 3281 5844 inclinans
3299 5785 3379 5846 sol
3404 5785 3622 5852 occidit;
