4094 6194
381 337 490 404 6529

1563 344 1659 406 DE
1700 345 1936 406 SACBA
1971 349 2066 408 PR
2081 341 2487 412 ECATlONE.

3511 348 3614 416 630

375 461 436 514 ἐν
472 459 717 530 κάθισ-μα
768 460 954 531 μόνον.
985 460 1060 516 T6
1107 461 1186 526 δὲ,
1225 480 1246 514 «
1285 463 1502 526 κλῖνον,
1535 463 1732 532 Κύριε,
1763 461 1826 514 τὸ
1855 455 1948 524 οὗς

2070 465 2312 532 scilicet,
2341 467 2430 520 cui
2455 467 2768 533 vespertino
2799 475 3043 534 tempore
3073 465 3268 522 alIixus
3299 483 3464 522 carne
3485 485 3632 524 mor-

378 571 496 620 σου,
525 573 547 608 ι
573 556 600 604 6
629 554 870 624 ψαλμδς,
907 556 1000 608 καὶ
1019 557 1233 622 ,ἱκεσίαν
1259 557 1502 628 περιέχει
1530 559 1624 611 καὶ
1643 557 1946 622 δοξολογίαν

377 645 514 712 πρὸς
567 646 726 700 Θεόν.
763 647 872 700 Kal
903 647 1000 700 τὸν
1047 647 1290 702 παθόντα
1337 650 1478 719 ὑπὲρ
1525 649 1686 718 ἡμῶν
1719 649 1950 718 ἁνυμνεϊ

378 735 586 805 Κύριον
645 735 862 805 Ἰησοῦν
899 737 1160 808 Χριστδν,
1193 743 1288 792 καὶ
1335 739 1658 812 οἰκτίρμονά
1687 758 1822 810 φησι
1854 741 1948 796 καὶ

375 827 672 880 πολυέλεον
723 830 819 882 καὶ
870 830 1150 900 ἀληθινόν.
1182 833 1294 886 Καὶ
1324 831 1509 886 δοῦναι
1557 835 1692 904 ἡμῖν
1721 837 1948 902 σημεῖον

375 922 458 982 είς
483 919 691 988 ἀγαθὸν
725 920 1045 988 ἑξαιτείται,
1069 924 1164 978 τὸν
1191 925 1426 997 σταυρὸν
1451 925 1718 996 δηλονότι,
1742 920 1785 994 ᾧ
1811 925 1948 994 πρὸς

373 1013 620 1084 ἑσπέραν
654 1015 1082 1085 προσηλωμένος
1107 1019 1322 1090 σαρκὶὸ
1349 1018 1540 1087 Σωτὴρ
1563 1018 1790 1090 τέθνηκε
1808 1037 1821 1051 ·
1855 1024 1948 1073 καὶ

375 1104 579 1172 κράτος
625 1105 848 1175 δοοῆναι
898 1109 1034 1176 ἡμῖν
1105 1109 1296 1180 ζητεῖ·
1349 1110 1445 1164 καὶ
1495 1113 1732 1181 σωθῆναι
1775 1115 1946 1184 ἡμᾶς.

377 1193 534 1262 Εἶτα,
568 1217 588 1250 «
621 1199 778 1263 Δόξα,
817 1219 836 1251 »
875 1201 1160 1270 μέλπουσι,
1196 1204 1291 1256 καὶ
1319 1206 1347 1256 6
1390 1205 1547 1274 χορδς
1571 1205 1750 1269 ἄλλος,
1786 1227 1802 1258 ι
1837 1208 1948 1260 Καὶ

377 1289 474 1342 νῦν
505 1291 645 1359 μετὰ
675 1291 795 1358 τοῦ,
829 1291 967 1358 Δόξα
995 1310 1102 1358 σοι,
1131 1297 1159 1348 6
1189 1295 1495 1359 Θεός.ιΚαὶ
1528 1297 1734 1352 πάλινὸ
1768 1299 1948 1368 ἱερεὺς

381 1381 586 1450 μικρὰν
617 1383 920 1452 συναπτῆν,
954 1404 974 1437 «
1008 1385 1132 1440 Ἔτι
1158 1389 1252 1442 καὶ
1279 1387 1378 1452 ἔτι,
1415 1405 1434 1440 ι
1467 1387 1562 1442 καὶ
1588 1389 1667 1454 τὸ,
1709 1407 1729 1442 r
1771 1389 1948 1444 Ἀντι-

373 1467 542 1524 λαϐοῦ
563 1488 578 1502 ·
609 1490 630 1524 ι
651 1473 748 1526 καὶ
771 1475 802 1526 6
827 1475 1038 1546 ψάλτης
1064 1477 1184 1546 μετ’
1209 1477 1372 1549 ᾠδῆς,
1401 1497 1422 1531 «
1453 1479 1564 1549 Τὴν
1593 1483 1944 1554 οἰκουμένην,

387 1565 726 1634 ’Ᾱλληὶούῖα.
773 1585 792 1618 »
853 1565 1010 1622 Ἐπεὶ
1043 1569 1152 1640 γὰρ
1201 1565 1358 1624 εἶπεν
1389 1573 1416 1625 6
1457 1572 1635 1642 ἱερεὺς
1690 1573 1827 1644 πρὸς
1857 1573 1950 1627 τὸν

375 1658 408 1706 f
421 1656 531 1721 εδν,
570 1675 588 1708 ι
629 1659 724 1711 Ἀν
763 1657 980 1722 ιλαδοῦ,
1014 1661 1216 1726 σῶσον,
1247 1662 1474 1729 ἐλέησον
1499 1665 1594 1716 καὶ
1621 1664 1950 1732 διαφύλαξον

378 1750 527 1848 ﬁgi;
559 1751 587 1802 6
617 1749 750 1848 Θεὸς
798 1755 866 1848 τῇ
922 1755 990 1848 σῇ
1041 1754 1249 1848 χάριτι,
1315 1775 1335 1808 ι
1387 1757 1584 1824 ἐπάγει
1627 1759 1654 1810 6
1714 1757 1947 1826 ψάλτης,
1985 1795 2026 1848 Β

383 1859 404 1892 ι
444 1839 570 1895 Ὀτι
621 1842 718 1912 τὴν
763 1845 1111 1915 οἰκουμένην,
1150 1847 1178 1898 6
1207 1849 1362 1912 θεὸς,
1400 1848 1708 1913 ἀντιλαϐοὖ,
1746 1850 1942 1911 σῶσον,

375 1933 602 2004 ἐλέησον
653 1937 750 1989 καὶ
811 1936 1012 2004 διαφύλ
1055 1938 1146 2002 ξον
1194 1943 1258 2010 τῇ
1317 1940 1582 2010 ἐπιδημίᾳ
1635 1959 1751 1994 σου.
1807 1960 1825 1991 ›
1876 1943 1942 1994 "U

373 2028 529 2097 δηλοῖ
554 2028 614 2080 τὸ
659 2027 997 2096 Ἀλληλούῖα.
1045 2029 1340 2100 Ἐπιδημία
1369 2033 1476 2098 γὰρ
1497 2031 1655 2092 Θεοῦ,
1681 2034 1774 2084 καὶ
1795 2033 1943 2084 ἔλευ-

379 2137 462 2182 σις
493 2121 586 2172 καὶ
615 2113 890 2189 ἐμφάνεια
917 2119 1054 2174 Θεοῦ
1089 2123 1456 2191 ἑρμηνεύεται
1493 2123 1552 2174 τὸ
1603 2124 1940 2192 Ἀλληλούῖα,

375 2209 472 2261 καὶ
517 2211 618 2277 τῆς
660 2211 980 2280 οίκονομίας
1031 2212 1190 2268 τοῦτό
1235 2215 1384 2266 tam
1427 2216 1703 2284 ἐξαίρετος
1771 2212 1945 2280 αἶνος.

375 2301 468 2353 Διὸ
519 2301 614 2354 καὶ
661 2303 904 2371 συνεχῶς
953 2303 1114 2358 τοῦτο
1160 2305 1290 2376 παρ’
1325 2307 1484 2376 ἡμῶν
1532 2309 1822 2376 ψάλλει-αι,
1855 2311 1949 2364 καὶ

375 2394 482 2460 πρὸ
541 2393 634 2446 τοῦ
695 2395 1030 2463 Εύαγγελίου
1084 2395 1332 2466 λέγεται,
1388 2397 1462 2460 ὡς
1503 2400 1600 2466 τὴν
1639 2403 1948 2470 παρουσίαν

373 2487 616 2558 Χριστοῦ
682 2487 876 2556 δηλοῦν
917 2489 980 2542 τὸ
1058 2489 1402 2559 ’Δλληλούῖασ
1433 2511 1452 2542 «
1496 2492 1756 2560 Ἔρχεται
1815 2495 1946 2562 γὰρ,

377 2583 564 2650 φησιν,
603 2584 630 2632 ὁ
665 2581 820 2643 Θεός’
863 2582 922 2642 ὃς
973 2581 1072 2634 καὶ
1100 2576 1254 2652 ἦλθε,
1289 2584 1385 2636 καὶ
1421 2583 1481 2647 ἐξ
1506 2585 1751 2655 οὐρανῶν
1787 2587 1948 2641 πάλιν

375 2672 676 2726 ἐλεύσεται.
695 2691 712 2725 ι
745 2673 854 2726 Kal
873 2673 902 2726 6
926 2673 1126 2743 ἱερεὺς,
1149 2677 1290 2743 «Τῆς
1316 2677 1592 2744 [Ιαναγίας
1614 2679 1904 2748 ἀχράντου.
1925 2701 1944 2734 »

373 2767 568 2832 εἰπὼν,
623 2770 718 2821 καὶ
777 2768 1058 2840 παραδοὺς
1096 2770 1306 2833 πάντας
1351 2771 1430 2841 τῷ
1466 2771 1584 2839 Θεῷ
1618 2773 1704 2826 διὰ
1733 2775 1950 2826 πάντων

373 2857 482 2914 τῶν
505 2859 700 2928 ἁγίων,
727 2861 982 2929 ὲκφωνεῐ,
1007 2862 1161 2914 (Ὅτι
1183 2863 1276 2916 σὺν
1297 2863 1358 2916 τδ
1376 2865 1626 2932 κράτος,ι
1653 2863 1950 2930 δοξολογῶν

377 2952 472 3004 τὸν
520 2953 578 3005 ὲν
625 2953 826 3022 Τριάδι
863 2953 1028 3024 μόνον
1059 2953 1218 3010 Θεόν.
1249 2955 1360 3010 Kal
1389 2955 1552 3013 εὐθὺς
1581 2958 1610 3007 6
1637 2955 1856 3024 ψάλλων
1887 2956 1952 3008 1:6

377 3044 526 3098 κατὰ·
548 3045 650 3115 τὴν
685 3044 912 3114 ἡμέραν
951 3044 1068 3116 ᾅδει
1103 3047 1486 3116 προκείμενον.
1527 3046 1592 3098 Ὀ
1637 3046 1730 3110 καὶ
1767 3045 1950 3098 τελευ-

375 3137 530 3187 ταῖον
581 3135 888 3202 ἀντίφωνον
919 3134 1142 3202 λέγεται
1189 3133 1276 3186 διὰ
1327 3137 1394 3186 τὰ
1454 3134 1620 3204 ἕτερα
1655 3136 1954 3214 ἀντίφωνα,

375 3227 646 3296 λεγόμενα
681 3227 778 3296 μὲν
814 3226 1032 3294 πρώην,
1081 3225 1354 3294 ἀφεθέντα
1402 3225 1458 3280 δὲ
1501 3227 1616 3281 νῦν.
1675 3227 1762 3296 Τῷ
1817 3227 1952 3280 Σαϐ-

377 3317 530 3388 ϐάτῳ
558 3313 652 3370 οὖν
683 3317 950 3386 ἑσπέρας,
991 3333 1010 3368 «
1063 3316 1378 3384 ’Λναστήτω
1417 3317 1444 3368 6
1472 3317 1626 3379 Θεὸς,
1679 3335 1697 3368 »
1735 3317 1952 3385 λέγεται

374 3407 559 3478 στίχος
596 3403 698 3470 εἷς,
731 3407 828 3460 καὶ
870 3405 999 3470 δόξα
1043 3406 1140 3460 καὶ
1167 3405 1284 3468 νῦν,
1325 3424 1343 3456 »
1381 3405 1478 3459 καὶ
1527 3409 1814 3470 ουναπτῶς
1849 3409 1949 3476 τῷ,

381 3519 402 3554 ε
437 3501 638 3572 Κύριε,
685 3497 984 3568 ἐκέκραξα,
1023 3516 1042 3549 ι
1083 3496 1220 3567 μετὰ
1265 3496 1358 3550 τοῦ
1390 3496 1729 3567 ύποψάλμου,
1776 3516 1794 3549 ι
1839 3499 1952 3566 Τὴν

375 3591 662 3662 ζωηφὸρον
689 3606 782 3642 σου
812 3587 1056 3657 ἔγερσιν,
1082 3587 1280 3658 Κύριε,
1311 3587 1614 3656 δοξάζομεν
1637 3603 1650 3616 ·
1677 3588 1704 3640 ὃ
1735 3589 1952 3653 λέγεται

373 3685 440 3752 τῇ
473 3682 576 3751 μιᾷ
600 3681 878 3749 κυριακῇ.
912 3679 990 3748 Τῇ
1025 3678 1084 3731 δὲ
1113 3678 1304 3748 ἑτέρᾳ,
1347 3696 1366 3730 ι
1406 3679 1522 3747 Τὴν
1553 3679 1822 3747 σωτήριόν
1856 3695 1948 3730 σου

379 3775 616 3846 ἔγερσιν,
661 3773 854 3844 Κύριε,
909 3771 1227 3840 δοξάζομεν,
1291 3790 1320 3823 ι
1354 3771 1450 3826 καὶ
1499 3771 1610 3824 τῶν
1652 3770 1778 3838 ἑξῆς
1809 3771 1952 3822 οὓτω

376 3865 942 3936 λεγομένωνσστίχων,
969 3865 998 3916 6
1033 3861 1214 3931 ἱερεὺς
1245 3864 1486 3916 ποιεῖται
1517 3863 1616 3931 τὴν
1653 3861 1878 3922 εἴσοδον,
1915 3861 1948 3930 ἢ

375 3959 472 4010 καὶ
511 3955 760 4016 πλείονες
789 3954 890 4006 σὺν
921 3951 1075 4021 αὐτῷ
1123 3951 1217 4005 καὶ
1254 3949 1515 4018 διάκονοι,
1547 3949 1804 4020 καθάπερ
1831 3949 1951 4014 έοος

376 4047 516 4110 ἐστὶ,
573 4047 768 4114 φώτων
806 4043 1264 4114 προηγουμένων,
1317 4043 1414 4096 καὶ
1474 4041 1746 4112 θυμιατοῦ
1800 4041 1951 4104 δντος

378 4141 519 4209 μετὰ
564 4137 948 4206 θυμιαμάτων,
998 4137 1082 4198 είς
1125 4136 1296 4190 τύπον
1329 4133 1432 4204 τῆς
1480 4133 1689 4189 ἄνωθεν
1717 4133 1949 4203 τάξεως.

376 4234 475 4286 καὶ
515 4231 806 4300 μετάδοσιν
838 4227 948 4282 ἀπὸ
977 4225 1076 4282 τοῦ
1108 4226 1504 4295 θυσιαστηρίου
1539 4229 1639 4297 τῆς
1686 4227 1780 4280 τοῦ
1813 4225 1950 4278 Θεοῦ

375 4325 622 4394 χάριτος,
653 4321 746 4372 καὶ
771 4321 850 4382 εἰς
877 4318 938 4372 τὸ
977 4317 1256 4372 ἀναθεῖναι
1307 4317 1406 4388 τὴν
1437 4315 1749 4388 προσευχὴν
1791 4315 1951 4386 ἡμῶν

2059 563 2188 610 tuus
2215 566 2300 610 est
2334 556 2670 622 Salvator,et
2695 567 2948 626 precatur
2979 559 3144 614 utdct
3165 558 3324 613 nobis
3343 559 3631 632 fortitudi-

2051 661 2197 710 nem,
2219 647 2510 716 salvosque
2529 663 2630 702 nos
2659 647 2846 704 faciat.
2875 649 3076 704 Deinde
3110 649 3455 704 modulantur
3477 649 3632 706 «Glo-
3707 711 3714 718 ,

2053 736 2187 793 ria.»
2225 737 2472 807 aliusque
2504 739 2706 794 chorus
2739 749 2920 792 cantat
2957 759 2972 794 :
3015 741 3109 794 «Et
3139 755 3335 804 nunc,»
3375 757 3495 796 cum
3525 749 3626 798 hac

2048 825 2230 882 laude:
2249 827 2460 883 «Gloria
2485 829 2807 893 tibt,Dcus.»
2832 828 3104 884 Etiterum
3129 831 3385 885 sacerdos
3407 847 3626 900 parvam

2049 915 2182 972 dicit
2199 917 2558 988 Coujunctam
2577 919 2952 988 (orationem):
2976 919 3062 972 «Et
3087 937 3230 975 nunc
3248 936 3486 990 quoque,
3501 941 3518 972 »
3545 933 3600 977 et
3619 919 3634 956 ³

2052 1003 2352 1075 «Suscipe;
2385 1026 2404 1060 »
2453 1015 2506 1062 et
2525 1007 2766 1062 chorista
2788 1017 3009 1062 cantat:
3041 1005 3314 1074 «Terram,
3339 1011 3622 1064 Alleluia.»

2049 1093 2184 1150 Nam
2224 1108 2516 1168 postquam
2545 1097 2686 1154 dixit
2716 1099 2782 1154 ad
2817 1099 2984 1153 Deum
3021 1099 3306 1158 sacerdos:
3341 1101 3624 1170 «Suscipe,

2049 1190 2221 1257 salva,
2250 1192 2604 1255 miserere,et
2620 1192 2832 1248 custodi
2859 1207 2978 1260 nos,
3013 1193 3174 1254 Deus,
3199 1193 3251 1245 in
3285 1203 3376 1246 tua
3395 1193 3628 1262 gratia,»

2049 1281 2223 1351 pergit
2243 1289 2435 1336 cantor
2451 1281 2681 1338 dicendo
2705 1297 2720 1336 :
2748 1281 3002 1338 «Terram
3033 1281 3174 1336 Deos
3197 1282 3433 1352 suscipe,
3456 1284 3628 1346 salva,

2049 1373 2424 1429 misericordia
2445 1381 2863 1444 prosequere,et
2893 1373 3110 1428 custodi
3135 1378 3189 1428 in
3211 1374 3444 1428 adventu
3475 1381 3590 1432 tuo.
3607 1391 3624 1422 »

2051 1464 2196 1534 quod
2233 1463 2576 1520 demonstrat
2608 1465 2742 1519 illud
2769 1465 3028 1532 Alleluia;
3063 1481 3187 1519 nam
3220 1466 3512 1520 adventant
3539 1463 3632 1518 Dei

2055 1570 2340 1612 accessum
2371 1563 2428 1612 et
2457 1555 2958 1611 manifestationem
2989 1556 3080 1610 Dei
3130 1565 3292 1612 sonat
3339 1570 3442 1610 vos
3484 1556 3630 1608 Alle-

2054 1647 2194 1709 luia,
2234 1655 2290 1702 et
2345 1645 2400 1701 in
2453 1646 2558 1702 hoc
2607 1655 2828 1702 constat
2861 1645 3158 1702 Dominica:
3207 1647 3635 1716 dispensationis

2055 1741 2172 1796 laus
2193 1742 2416 1797 eximia.
2439 1743 2732 1811 PrOpterea
2759 1742 2892 1796 illud
2926 1743 3219 1813 conjuncte
3249 1757 3278 1796 a
3304 1741 3465 1796 nobis
3492 1741 3638 1809 psal-

2061 1832 2190 1886 litur
2213 1842 2268 1888 et
2295 1841 2419 1888 ante
2453 1830 2808 1900 Evangelium
2839 1833 3060 1900 dicitur,
3115 1833 3376 1902 quoniam
3433 1831 3635 1885 Christi

2063 1925 2354 1978 adventum
2379 1923 2652 1992 signiﬁcat
2673 1923 2924 1990 Alleluia;
2955 1923 3034 1978 ait
3061 1923 3227 1976 enim.
3251 1942 3268 1974 «
3286 1921 3446 1977 Venit
3469 1923 3633 1982 Deus.

2061 2009 2153 2078 qui
2180 2011 2291 2080 jam
2329 2010 2500 2074 venit,
2537 2021 2702 2076 atque
2728 2025 2794 2063 ex
2817 2011 2959 2064 coelo
2997 2011 3230 2064 veniet.»
3259 2009 3321 2064 Et
3379 2009 3637 2064 sacerdos

2061 2102 2204 2156 dicta
2235 2102 2480 2156 oratione
2505 2119 2550 2154 :«
2565 2100 2931 2156 Sanctissimae
2949 2109 3000 2154 et
3021 2101 3404 2166 immaculatte,
3419 2119 3438 2152 »
3460 2101 3640 2155 omni--

2063 2198 2166 2250 bus
2195 2197 2302 2249 Deo
2323 2210 2416 2264 pcr
2433 2209 2622 2249 omnes
2641 2203 2858 2248 sanctos
2882 2193 3304 2260 commendatis,
3330 2195 3594 2248 exclamat
3617 2211 3632 2249 :

2065 2287 2362 2354 «Quoniam
2398 2294 2547 2338 tuum
2575 2284 2990 2354 estimperium,
3026 2301 3044 2334 ι
3071 2283 3246 2338 solum
3275 2283 3330 2338 in
3365 2279 3636 2336 Triuitate

2067 2380 2234 2434 Deum
2295 2375 2630 2448 gloriﬁcans.
2687 2373 2752 2428 Et
2809 2374 2996 2429 statim
3055 2373 3298 2428 chorisla
3335 2373 3440 2428 diei
3512 2389 3640 2442 pro-

2065 2473 2181 2546 pria
2243 2479 2468 2532 cantat,
2523 2469 2856 2538 quodetiam
2907 2467 3098 2520 ultima
3121 2466 3325 2520 dicitur
3380 2466 3634 2534 antiplto-

2065 2581 2134 2619 na
2167 2571 2384 2634 propter
2412 2561 2547 2614 alias
2573 2559 2899 2625 autiphonas
2945 2559 3072 2610 olim
3110 2557 3307 2620 dictas,
3339 2572 3481 2609 nunc
3505 2571 3636 2608 vero

2064 2658 2325 2710 omissas.
2346 2655 2532 2724 Itaque
2553 2651 2796 2720 vesperis
2823 2647 3043 2704 Sabbati
3069 2649 3264 2703 dicitur
3289 2663 3474 2702 versus
3497 2664 3637 2702 unus

2058 2751 2347 2818 epsalmo:
2388 2749 2688 2814 «Exsurgat
2731 2745 2893 2806 Deus,
2945 2750 3022 2808 ct,
3061 2741 3273 2805 Gloria,
3297 2753 3368 2806 et,
3397 2739 3570 2803 Nunc,
3610 2757 3631 2792 ι
3713 2807 3725 2822 '

2066 2842 2338 2908 simulque
2372 2839 2616 2910 psalmus
2648 2855 2660 2890 :
2706 2855 2724 2888 «
2769 2835 3016 2898 Domine,
3070 2833 3348 2888 clamavi»
3382 2850 3503 2886 cum
3561 2834 3637 2886 iu-

2067 2933 2322 2989 tcrcalari
2373 2929 2702 2985 versiculo:
2762 2949 2778 2978 «
2834 2927 3112 2982 Viviticam
3175 2925 3633 2980 resurrectionem

2069 3035 2239 3086 tuam,
2271 3019 2520 3084 Domine,
2553 3017 2926 3087 gloriﬁcaums
2957 3037 3006 3080 »,
3047 3015 3192 3086 quod
3225 3016 3400 3086 prima
3435 3015 3636 3070 dicitur

1961 3144 2026 3206 ,ε
2067 3113 2368 3168 Dominica.
2405 3111 2523 3164 Alia
2555 3125 2682 3162 vero
2723 3123 2789 3164 :«
2841 3107 3150 3163 Salutarem
3197 3115 3344 3161 tuam
3396 3123 3638 3162 resurre-

2059 3210 2317 3270 Ctioncm,
2365 3204 2616 3268 Domine,
2653 3201 3025 3273 gloriﬁcamus
3083 3219 3130 3264 »,
3171 3208 3224 3254 et
3255 3201 3636 3270 sequentibus,

2058 3299 2311 3356 similiter
2340 3297 2503 3352 dictis
2533 3298 2805 3354 versibus.
2833 3294 3094 3349 sacerdos
3130 3291 3258 3347 facit
3297 3293 3631 3363 ingressum,

2057 3391 2146 3446 vel
2167 3393 2350 3462 plures
2377 3404 2500 3444 cum
2537 3403 2602 3443 eo
2627 3397 2680 3443 et
2712 3389 3122 3458 diaconi,prout
3155 3395 3237 3441 est
3275 3384 3632 3446 consuetudo.

2057 3483 2366 3538 luminariis
2421 3481 2884 3548 praecedentibus,
2935 3479 3292 3534 thuril‘erario
3347 3479 3634 3532 incensum

2055 3575 2390 3644 portantein
2452 3574 2670 3638 signum
2737 3571 2946 3626 ordinis
3000 3573 3240 3640 desuper
3295 3572 3530 3640 accepti,
3575 3571 3631 3621 in

2056 3665 2566 3720 communicaudam
2599 3663 2670 3718 ab
2695 3663 2854 3716 altari
2875 3661 2968 3716 Dei
3000 3662 3247 3732 gratiam,
3273 3669 3441 3726 utque
3469 3673 3633 3728 supra

2056 3758 2323 3826 dirigatur
2355 3756 2529 3811 oratio
2563 3763 2752 3809 nostra
2813 3767 2870 3807 ut
2901 3769 3097 3822 purum
3153 3751 3392 3820 bonique
3445 3749 3632 3804 odoris

2055 3845 2342 3899 incensum
2371 3841 2832 3912 quemadmodum
2884 3847 3136 3895 cantatus
3161 3841 3236 3893 ait
3265 3839 3506 3907 psalmus
3536 3857 3550 3905 ;
3581 3849 3636 3893 et

2056 3937 2262 3992 dicitur
2291 3935 2490 3998 oratio,
2519 3930 2902 3988 sacerdotibus
2953 3939 3122 4000 caput
3180 3931 3575 3985 inclinantibus
3613 3947 3630 3989 :

2062 4046 2080 4079 «
2117 4025 2354 4095 Vespere
2381 4033 2436 4080 et
2460 4039 2618 4078 mane
2643 4033 2701 4078 et
2737 4023 2964 4077 meridie
3007 4041 3054 4086 »,
3079 4031 3244 4091 prout
3285 4021 3490 4078 dictum
3525 4030 3630 4084 est,

2055 4117 2292 4173 cantatis
2313 4117 2539 4170 omnino
2564 4113 2940 4169 consentiens.
2975 4111 3068 4167 Ait
3095 4113 3240 4167 enim
3277 4131 3290 4168 :
3325 4113 3633 4184 «Dirigatur

2055 4210 2232 4264 oratio
2255 4219 2441 4263 nostra
2471 4207 2611 4262 sicut
2646 4206 2930 4260 incensum
2954 4205 3006 4258 in
3028 4215 3326 4274 Conspectu
3359 4215 3504 4270 tuo,»
3539 4215 3632 4260 et:

2060 4302 2168 4357 «Ne
2183 4303 2420 4358 declines
2443 4317 2534 4358 cor
2553 4309 2808 4356 nostrum
2824 4302 2874 4356 in
2893 4302 3054 4356 verba
3073 4299 3308 4366 malitiae,
3325 4319 3343 4354 ι
3360 4313 3434 4358 et.
3463 4320 3480 4354 «
3495 4299 3636 4356 Erue

521 4414 596 4476 ὡς
647 4411 882 4481 εὔοσμον
938 4413 1032 4464 καὶ
1077 4411 1238 4478 ἁγνὸν
1271 4409 1548 4479 Θυμίαμα,
1609 4409 1756 4462 καθά
1802 4405 1950 4462 καὶό

2057 4410 2156 4450 nos
2190 4396 2256 4450 ab
2287 4393 2542 4450 omnibus
2565 4393 2656 4463 qui
2687 4403 3095 4462 persequuntur
3123 4393 3386 4456 animas;»
3419 4404 3492 4458 et,
3523 4391 3632 4443 «Ad

375 4501 636 4572 ᾁδόμενος
665 4499 816 4568 λέγει
845 4498 1084 4568 ψαλμδς,
1119 4499 1214 4552 καὶ
1253 4499 1286 4568 ή
1315 4498 1474 4570 εὐχὴ,
1521 4499 1814 4552 κλινόντων
1843 4497 1952 4550 τῶν

2059 4497 2110 4542 te
2129 4485 2377 4548 Domine,
2397 4485 2625 4540 Domine
2649 4485 2791 4540 oculi.
2814 4485 2981 4540 nostri
3011 4500 3063 4549 ς»
3095 4497 3170 4548 et,
3202 4483 3309 4542 «Ne
3323 4485 3636 4540 confundas

378 4591 569 4662 ἱερέων
605 4589 904 4660 λεγομένη,
957 4590 1044 4654 τὸ,
1111 4609 1128 4641 «
1195 4591 1467 4660 Ἐσπέρας
1515 4590 1611 4642 καὶ
1657 4587 1803 4658 πρωϊ
1858 4591 1952 4641 καὶ¹

2061 4589 2183 4640 nos,
2206 4573 2344 4630 Deus
2369 4583 2571 4630 noster.
2592 4593 2610 4626 »
2638 4573 3000 4644 Surgentibus
3021 4587 3202 4631 autem
3233 4575 3636 4637 sacerdOtibus,

379 4681 754 4750 μεσημϐρίας,
810 4699 830 4734 ι
901 4680 976 4744 ὥς
1037 4681 1278 4752 εἴρηται,
1348 4679 1626 4751 ἁρμοδίως
1691 4679 1829 4748 πρὸς
1884 4677 1952 4730 τὰ

2058 4667 2244 4724 crucis
2269 4667 2327 4722 lit
2353 4669 2590 4739 signum,
2620 4678 2676 4722 et
2732 4669 2856 4722 ait:
2895 4685 2916 4719 ι
2967 4667 3298 4722 Benedictus
3357 4668 3638 4737 ingressus

374 4771 690 4840 ψαλλόμενα
730 4771 952 4842 ἔχουσα.
1009 4790 1028 4824 «
1083 4771 1428 4826 Κατεύουνον
1475 4773 1606 4841 γὰρ,
1651 4772 1807 4840 φησὶ,
1857 4771 1952 4840 τὴν

2061 4770 2379 4818 sanctorum
2409 4767 2654 4820 tuorum.
2683 4756 2966 4824 Domine,»
2997 4759 3292 4824 etdicitur,
3327 4759 3636 4826 «Sapientia

381 4862 694 4932 προσευχὴν
727 4861 892 4933 245
926 4863 1104 4932 ἡμῶν,
1141 4863 1216 4928 ὡς
1247 4861 1495 4932 ϋυμίαμα
1524 4860 1756 4916 ἐνώπιόν
1781 4877 1896 4926 σου,
1932 4879 1950 4910 »

2058 4851 2284 4916 erecti,»
2325 4865 2450 4904 cum
2477 4849 2635 4919 signo
2695 4849 2880 4904 crucis
2937 4864 3031 4918 per
3073 4845 3458 4918 tlturibulum;
3517 4867 3638 4920 qua:

381 4955 496 5017 καὶ,
522 4971 540 5006 ι
561 4955 654 5024 Μὴ
673 4955 932 5024 ἐκκλίνῃς
949 4955 1048 5016 τὰς
1075 4954 1299 5024 καρδίας
1320 4953 1600 5022 ήμ.ὦν,καὶ
1621 4949 1780 5024 ῥῦσαι
1810 4953 1958 5020 ἡμᾶς

378 5043 446 5094 ἐκ
498 5042 720 5096 πάντων
749 5043 861 5096 τῶν
914 5043 1256 5118 θηρευόντῳν
1289 5045 1388 5105 τὰς
1435 5041 1634 5113 ψυχὰς,
1678 5061 1696 5094 »
1734 5042 1828 5096 καὶ
1872 5042 1958 5095 ὅτι

383 5151 404 5184 «
439 5135 580 5202 Πρὸς
613 5133 695 5195 σὲ,
722 5134 920 5202 Κύριε,
950 5133 1146 5205 Κύριε,
1183 5135 1232 5186 oi
1262 5134 1534 5204 ὀφθαλμοὶ
1563 5133 1742 5204 ήμῶν,
1788 5152 1806 5184 »
1839 5133 1958 5198 καὶ,

385 5241 404 5274 «
453 5225 544 5294 Μὴ
578 5223 957 5294 καταισχύνῃς
991 5225 1160 5294 ἡμᾶς,
1209 5226 1237 5276 6
1283 5225 1414 5288 Θεὸς
1469 5226 1647 5294 ἡμῶν.
1703 5244 1720 5276 »
1787 5228 1896 5280 Καὶ
1927 5225 1962 5296 ἡ

379 5309 718 5382 ἔκφὼνησις.
760 5311 1166 5380 Ἀνισταμένων
1212 5313 1268 5365 δὲ
1297 5313 1406 5366 τῶν
1459 5315 1671 5384 ἱερέων,
1723 5317 1960 5383 σφραγὶς

379 5399 595 5466 γίνεται
655 5401 948 5471 σταυρική.
985 5401 1120 5468 Καὶ,
1173 5420 1192 5454 ι
1251 5401 1648 5473 Εὐλογημένη,
1707 5403 1960 5474 φησὶν,ή

381 5489 588 5554 εἴσοδος
629 5491 738 5544 τῶν
768 5491 940 5559 ἁγίων
978 5507 1096 5558 σου,
1148 5493 1344 5564 Κύριε,
1393 5513 1422 5545 ιι
1467 5493 1563 5548 καὶ
1611 5495 1690 5559 τὸ,
1732 5513 1748 5544 «
1793 5494 1964 5565 Σοφίᾳ

387 5583 561 5649 ὀρθοῖ,
605 5599 623 5633 ι
665 5580 884 5650 λέγεται
943 5583 1084 5652 μετὰ
1136 5583 1440 5653 σταυρικοῦ
1485 5585 1714 5654 σημείου
1743 5585 1830 5640 διὰ
1869 5585 1962 5638 τοῦ

387 5671 780 5742 θυμιατηρίου.
823 5675 889 5726 Ἀ
940 5673 1117 5728 πάντα
1168 5675 1392 5745 δηλοῦσι
1425 5677 1525 5745 τὴν
1583 5677 1670 5729 ἐπ’
1718 5679 1966 5748 ἐσχάτων

389 5763 600 5822 αἰώνων
630 5763 896 5837 καὶ-πρὸς
925 5765 1135 5840 δυσμὰς
1167 5765 1260 5822 τοῦ
1301 5767 1414 5838 βίον
1442 5768 1630 5824 τούτου
1664 5769 1964 5828 κατάϐασιν

2060 4943 2242 4997 omnia
2269 4942 2651 4996 demonstrant
2691 4941 2744 4994 in
2790 4943 3266 4998 consummatione
3304 4943 3632 4997 saeculorum

2059 5043 2114 5089 et
2143 5032 2210 5086 ad
2239 5047 2494 5086 occasum
2533 5031 2698 5098 hujus
2736 5032 2856 5085 vita:
2875 5031 3185 5088 faciendum
3253 5031 3554 5088 Salvatoris
3602 5047 3632 5086 a

2063 5125 2206 5178 cmlo
2245 5123 2594 5184 descensum,
2657 5123 2934 5192 vitamque
2978 5124 3100 5192 ejus
3148 5124 3293 5177 sicut
3349 5123 3632 5176 incensum

2063 5201 2482 5280 san'ctilicatam,
2525 5215 2942 5284 auiumrumque
2980 5226 3290 5268 nostrarum
3319 5215 3386 5269 ad
3419 5213 3634 5268 Patrem

2065 5323 2160 5376 per
2195 5306 2603 5362 sam-tissimqu
2641 5305 2761 5372 ejus
2791 5322 2992 5374 corpus
3023 5306 3439 5368 admissionem,
3471 5323 3636 5374 quam

2065 5400 2196 5453 fecit
2235 5399 2560 5452 humiliatus
2597 5413 2770 5468 usque
2813 5399 2878 5452 ad
2930 5414 3149 5453 crucem
3179 5409 3236 5454 et
3287 5411 3544 5462 mortem,
3587 5409 3643 5454 et

2067 5493 2130 5548 ad
2155 5493 2362 5546 ἰιιῐιιιιυε
2386 5489 2694 5552 descendit,
2716 5499 2770 5543 et
2804 5490 2978 5544 victor
3009 5506 3106 5560 per
3138 5505 3356 5546 crucem
3390 5507 3634 5546 resurre-

2067 5589 2168 5650 xit,
2197 5585 2522 5638 ctasccudit
2575 5583 2642 5636 ad
2686 5581 2886 5637 Sancta
2915 5583 3230 5638 sanctorum
3291 5584 3344 5637 in
3395 5581 3636 5638 curlestia

2067 5679 2228 5733 nobis
2255 5677 2522 5747 patefacto
2557 5676 2828 5743 ingressu.
2889 5679 3119 5746 Propter
3155 5679 3295 5747 quod
3327 5686 3518 5730 cantor
3573 5673 3640 5729 ad

2069 5771 2220 5828 hunc
2249 5785 2488 5834 versum,
2526 5785 2542 5821 «
2587 5765 2845 5840 quoniam
2867 5769 2934 5826 ad
2953 5779 3024 5840 te,
3049 5761 3293 5842 Domine,
3331 5765 3578 5837 Domine,
3615 5785 3636 5819 »
