4094 6194
304 1475 321 1640 Ξ

409 291 521 354 ΜΒ
1225 284 1604 346 SYMEONIS
1639 278 2085 342 THESSALON
2095 275 2394 339 [CENSIS
2431 271 2782 336 ARCHIEP.
3544 262 3649 332 631

403 403 588 473 generi
613 400 909 457 admodum
936 399 1150 454 modico
1181 414 1291 469 pm
1316 398 1574 453 omnibus
1591 399 1701 451 fere
1719 396 1960 462 gentibus

2078 393 2369 461 σωτήριος,
2407 389 2522 442 ἀλλ’
2550 385 2766 456 ἀμυδρᾶ
2810 384 2905 436 καὶ
2949 381 3183 449 σκιώδης
3216 373 3332 433 οἷον
3362 381 3419 433 ἐν
3455 381 3647 451 εἱρκτῇ

403 499 589 566 datum
625 505 727 550 est.
776 494 946 547 Porro
997 492 1142 547 circa
1182 506 1368 544 muros
1417 500 1470 545 et
1523 489 1872 543 fundamenta
1911 484 1970 537 lit

402 593 472 647 ab
534 588 685 642 initio
735 586 964 648 sumtus,
1023 584 1280 653 quoniam
1333 596 1494 650 super
1549 579 1967 633 fundamentum

403 683 774 749 apostolorum
803 687 855 731 et
877 677 1264 746 prophetarum
1314 673 1539 726 fundata
1591 683 1669 725 est
1704 669 1966 730 Ecclesia,

401 783 457 825 et
492 773 577 824 lex
616 770 832 838 quidem
866 769 1090 836 incepit,
1117 767 1316 820 veritas
1356 777 1535 818 autem
1570 761 1807 832 perfecta
1866 769 1967 823 est,

401 872 455 915 et
492 863 617 928 quia
669 861 814 914 sicut
865 858 1271 914 tabernaculum
1334 857 1386 909 in
1441 854 1648 925 Spiritu
1698 859 1888 906 sancto
1941 865 1969 903 a

403 954 585 1021 Moyse
623 960 676 1003 et
731 949 966 1002 Beseleel
1017 948 1122 1000 fuit
1174 947 1523 1005 aediﬁcatum,
1566 953 1771 1014 quanto
1801 942 1972 1010 magis

403 1045 584 1096 divina
622 1042 790 1110 gratia
828 1040 1086 1108 templum
1144 1039 1348 1093 Christi
1401 1038 1723 1092 :edilhatum
1759 1036 1863 1088 fuit
1918 1041 1971 1087 ct

404 1137 709 1193 fundatum,
733 1133 874 1203 quod
901 1133 1308 1187 sanctissimum
1332 1129 1591 1200 exprimit
1620 1143 1820 1197 corpus
1851 1127 1971 1196 ejus

405 1229 457 1280 in
499 1227 714 1293 Virgine
744 1241 808 1278 ex
858 1224 1149 1292 purissimo
1188 1224 1483 1290 divinaque
1537 1223 1656 1291 ejus
1705 1220 1971 1286 sanguine

403 1317 718 1371 coaleswns
771 1316 968 1371 virtute
1026 1314 1264 1382 Spiritus
1351 1313 1547 1368 sancti.
1630 1311 1973 1378 Quapropter

402 1409 532 1461 dum
558 1409 834 1461 adstantes
871 1422 896 1457 a
932 1407 1102 1458 muris
1129 1403 1312 1472 templi
1341 1403 1620 1463 recedunt,
1654 1402 1973 1454 incensante

405 1497 754 1569 rllltdﬂme‘lllu
785 1495 1087 1559 sacerdote,
1131 1502 1183 1546 et
1224 1492 1416 1544 iterum
1470 1490 1752 1548 accedunt,
1789 1489 1973 1542 Domi-

405 1604 534 1647 num
594 1587 900 1640 ostenditur
955 1587 1132 1653 primo
1185 1589 1506 1648 conceptum
1563 1581 1614 1632 in
1654 1579 1873 1648 Virgine
1917 1589 1970 1634 et

406 1683 768 1744 incarnatum,
804 1677 1076 1746 posterius
1110 1691 1236 1729 vero
1267 1690 1364 1729 nos
1389 1674 1544 1742 longe
1576 1673 1644 1725 ab
1665 1687 1730 1724 eo
1761 1673 1967 1725 distan-

2073 485 2130 548 ἐξ
2165 483 2304 551 ὀπῆς
2351 481 2418 532 δι’
2463 478 2663 543 ὑμένος
2698 476 2840 544 αύγὴ
2891 473 3144 543 βραχεῖα,
3174 474 3242 541 ἥν
3277 471 3430 539 δηλοῖ
3453 471 3512 524 τὸ
3560 471 3652 524 θυο

2077 576 2256 644 μίαμα
2289 574 2416 639 περῖ
2447 571 2540 624 τὸν
2585 569 2837 638 νάρθηκα
2879 567 3036 634 μόνον
3091 564 3404 632 γινόμενον,
3438 563 3536 629 τὴν
3566 580 3652 616 νο-

2075 667 2243 734 μικὴν
2281 665 2373 716 καὶ
2430 662 2633 731 σκιώδη
2667 660 2865 729 δηλοῦν
2910 657 3189 728 λατρείαν,
3213 658 3333 725 ἥτις
3359 657 3454 708 καὶ
3489 657 3568 718 είς
3594 655 3652 710 ἐν

2073 757 2191 810 τότε
2223 757 2436 808 δέδοται
2468 755 2625 821 γένος
2669 752 2764 806 καὶ
2815 750 2975 820 μόνον
3004 750 3115 803 τῶν
3159 750 3321 819 250
3355 749 3647 810 Ἰουδαίων,

2074 850 2166 899 καὶ
2195 847 2330 899 αὐτὸ
2368 849 2566 914 μικρὸν
2590 845 2780 898 τελοῦν
2809 844 2961 913 παρᾶ
2986 845 3162 898 πάντα
3191 843 3378 914 σχεδὸν
3407 843 3475 894 τὰ
3497 842 3648 910 ἔθνη.

2075 939 2208 1006 Περὶ
2253 939 2379 998 τοὺς
2410 938 2618 1004 τοίχους
2661 937 2719 989 δὲ
2771 937 2864 987 καὶ
2899 935 3024 995 τοὺς
3055 933 3339 1004 θεμελίους
3371 932 3430 997 ἐξ
3469 931 3647 1002 ἀρχῆς

2073 1028 2133 1079 τὸ
2173 1029 2442 1097 θυμίαμα.
2467 1029 2550 1080 ὅτι
2590 1028 2683 1080 ἐπὶ
2719 1027 2798 1095 τῷ
2856 1026 3098 1095 θεμελίῳ
3152 1026 3262 1079 τῶν
3332 1025 3655 1078 ἀποστόλων

2075 1124 2166 1173 καί
2200 1122 2496 1190 προφητῶν
2527 1121 2874 1190 ᾠκοδόμηται
2899 1122 2930 1190 ἠ
2970 1119 3287 1190 Ἐκκλησία.
3317 1121 3423 1171 Καὶ
3447 1119 3652 1189 ἤρξατο

2079 1214 2177 1281 μὲν
2204 1216 2230 1264 ὀ
2261 1213 2424 1281 νόμος
2452 1228 2465 1241 ·
2493 1212 2741 1264 τετέλεκε
2771 1212 2825 1264 δέ
2871 1215 2904 1282 ἡ
2937 1213 3166 1281 ἀλήθεια
3187 1229 3203 1245 ⁸
3233 1212 3325 1266 καὶ
3352 1213 3433 1265 ὅτι
3459 1211 3651 1281 ὥσπερ

2074 1309 2106 1375 ἡ
2143 1307 2318 1374 σκηνὴ
2354 1307 2635 1374 Πνεῦματι
2663 1306 2803 1374 ἁγίῳ
2834 1305 2938 1359 ὑπὸ
2961 1306 3240 1368 Μωῦσέως
3262 1306 3357 1358 καὶ
3383 1304 3649 1374 Βεσελεὴλ

2075 1396 2354 1466 ἐτελέσθη,
2399 1396 2577 1466 πολλῷ
2614 1397 2815 1464 μᾶλλον
2861 1397 3047 1466 χάριτι
3077 1397 3200 1466 θεία
3231 1397 3258 1448 ὁ
3286 1397 3379 1451 τοῦ
3410 1394 3648 1463 Χριστοῦ

2075 1487 2200 1550 ναὸς
2247 1479 2559 1540 τετέλεσται
2609 1486 2704 1537 καὶ
2753 1485 3167 1554 τεθεμελίωται,
3200 1486 3259 1548 ὃς
3289 1486 3349 1538 τὸ
3380 1487 3650 1551 πανάγιον

2073 1575 2239 1629 αὐτοῧ
2291 1578 2455 1628 τυποῖ
2488 1575 2670 1642 σῶμα,
2712 1575 2917 1628 συστὰν
2956 1578 3012 1628 ἐν
3044 1579 3106 1644 τῇ
3147 1574 3407 1644 Παρθένῳ
3446 1577 3509 1640 ἐκ
3540 1576 3649 1628 τῶν

2075 1668 2259 1734 ἁγνῶν
2292 1670 2384 1722 καὶ
2417 1669 2578 1723 θείων
2616 1669 2864 1738 αίμάτων
2904 1670 3073 1739 αὐτῆς
3122 1670 3462 1740 Πνεύματος·
3489 1667 3648 1736 ἁγίου

403 1780 484 1825 tes
515 1771 591 1824 illi
638 1772 803 1822 fuisse
839 1768 1131 1828 adunatos.
1163 1775 1216 1819 et
1261 1781 1326 1820 ex
1364 1778 1429 1817 eo
1473 1762 1863 1823 sanctiﬁcatos,
1916 1771 1960 1815 cl

2071 1755 2320 1827 δυνάμει.
2351 1758 2442 1811 Διὸ
2471 1758 2565 1810 καὶ
2594 1758 2654 1811 τὸ
2676 1757 3008 1826 ἀφίστασθαι
3036 1759 3145 1810 τῶν
3171 1758 3264 1812 τοῦ
3295 1758 3423 1813 ναοῦ
3449 1758 3648 1826 τοίχων

404 1867 628 1931 insuper
659 1864 836 1930 primo
871 1861 1130 1929 templum
1161 1855 1519 1918 sancti’licari,
1551 1864 1605 1910 et
1633 1855 1828 1910 deinde
1871 1868 1972 1906 nos

404 1972 501 2027 per
533 1955 686 2017 illud,
728 1962 885 2022 prout
942 1952 996 2004 in
1047 1948 1399 2003 tabernaculo
1437 1947 1636 2001 factum
1689 1953 1772 1998 est
1811 1953 1974 2015 atque

401 2047 454 2099 in
489 2056 668 2100 vetere
699 2043 903 2114 templo
940 2057 1060 2111 qua:
1095 2038 1384 2094 Dominum
1423 2039 1754 2100 ﬁgurabant.
1807 2035 1974 2088 Dein-

400 2151 530 2205 ροβε
587 2134 850 2200 templum
923 2129 1227 2200 ingreditur
1291 2128 1543 2183 sacerdos
1611 2123 1968 2186 incensaudo,

403 2229 568 2281 Deum
603 2228 778 2279 inhoc
805 2224 1101 2286 honorans,
1141 2221 1400 2288 illumque
1431 2217 1714 2285 antiquum
1749 2216 1968 2269 imitans

401 2318 638 2370 sumtum
674 2315 842 2383 quiin
869 2311 1065 2366 Sancta
1101 2319 1418 2364 sanctorum
1453 2309 1630 2372 ﬁebat,
1657 2306 1748 2360 sed
1785 2321 1968 2360 sacer-

401 2410 525 2462 dote
552 2406 709 2476 legali
742 2406 896 2473 longe
925 2402 1319 2458 honorabilior.
1343 2407 1526 2467 utpote
1558 2397 1738 2467 magni
1769 2397 1968 2451 solius-

401 2515 507 2568 que
534 2496 811 2552 Pontiﬁcis
837 2495 1006 2562 gratia
1043 2493 1250 2545 ditatus
1288 2491 1435 2543 illius
1464 2490 1556 2558 qui
1583 2490 1851 2543 sacerdos
1882 2497 1967 2543 est

400 2586 704 2640 secundum
738 2584 979 2637 ordinem
1023 2580 1443 2635 Melchisedech.
1483 2577 1588 2632 Sed
1617 2589 1671 2632 et
1695 2579 1832 2632 sicut
1872 2592 1968 2631 an-

400 2678 552 2754 gelus
589 2676 679 2730 Dei
719 2673 1130 2742 omnipotentis,
1167 2671 1308 2724 sicut
1350 2671 1617 2738 scriptum
1651 2679 1756 2732 est,
1784 2683 1966 2722 sacer-

397 2772 496 2822 dos
530 2783 625 2838 per
694 2767 974 2821 incensum
1034 2765 1200 2816 Deum
1273 2763 1449 2829 placat
1492 2761 1961 2830 quemadmodum

399 2861 630 2935 populus
661 2877 757 2930 per
789 2859 1043 2929 psalmos,
1076 2858 1168 2928 qui
1202 2857 1310 2912 Deo
1333 2859 1538 2927 gratias
1588 2865 1755 2927 agunt
1807 2872 1962 2911 eum-

397 2969 501 3022 quc
559 2953 848 3021 pronitium
885 2950 1146 3016 efﬁciunt,
1175 2954 1525 3006 obsecrantes
1577 2950 1739 3004 etiam
1797 2959 1856 3002 ut
1894 2950 1960 3000 ad

397 3059 496 3098 uos
526 3045 707 3096 veniat
758 3053 811 3095 et
864 3043 1259 3106 nianil‘estetur,
1319 3059 1382 3098 ac
1435 3042 1606 3111 ipsius
1659 3041 1960 3095 Salvatoris

399 3133 570 3186 nostri
610 3131 1076 3186 conversationem
1127 3131 1606 3199 pmsigniﬁcantes
1635 3136 1688 3181 et
1733 3143 1960 3196 praeser-

397 3223 490 3275 tim
519 3222 918 3274 immaculatam
944 3221 1084 3274 illius
1103 3223 1264 3274 vitam
1291 3221 1479 3290 agendi
1503 3222 1788 3280 rationem,
1815 3219 1955 3286 quod

397 3323 540 3368 recte
562 3314 894 3366 demonstrat
921 3313 1161 3380 psalmus
1188 3322 1315 3365 tunc
1338 3321 1589 3366 cantatus
1613 3329 1624 3362 :
1655 3310 1832 3364 «Beati
1860 3311 1962 3362 ima

395 3396 669 3467 maculati,
709 3423 726 3456 ι
767 3412 819 3455 et
850 3405 1071 3472 insttpcr
1101 3412 1419 3457 sanctorum
1453 3402 1569 3471 ejus
1598 3403 1781 3463 vitam,
1831 3417 1960 3454 nec-

396 3511 503 3548 non
532 3495 829 3548 Salvatoris
863 3497 1172 3563 passionem
1215 3501 1270 3548 et
1306 3494 1784 3546 resurrectionem.
1834 3491 1960 3545 Ideo

395 3591 495 3642 iste
529 3587 769 3656 psalmus
821 3587 1090 3656 prmcipne
1121 3586 1173 3639 in
1212 3585 1506 3639 Dominicis
1564 3586 1814 3653 psallitur
1854 3600 1956 3638 sre-

394 3681 624 3748 piusque
656 3680 705 3730 in
736 3687 1047 3732 sanctorum
1085 3677 1724 3739 commemorationibus,
1750 3677 1959 3744 primus

394 3787 606 3847 quoque
628 3786 750 3824 cum
785 3770 1025 3824 secundo
1045 3778 1096 3823 et
1130 3770 1323 3825 tertio:
1353 3769 1580 3824 «Beatus
1611 3772 1695 3822 vir
1726 3786 1772 3825 ει
1805 3769 1959 3822 solus

391 3864 535 3917 enim
570 3872 653 3916 est
703 3863 952 3916 Salvator
989 3862 1177 3915 beatus
1230 3865 1332 3922 vir,
1358 3871 1413 3915 et
1469 3862 1853 3915 immaculatus
1903 3862 1956 3913 in

393 3956 478 4007 via
511 3971 528 4020 ;
560 3955 678 4022 ejus
699 3965 874 4008 autem
910 3967 1004 4023 per
1029 3950 1280 4021 gratiam,
1313 3930 1554 4022 ejusdem
1593 3953 1793 4007 sancti.
1845 3951 1953 4019 lgi-

393 4057 483 4100 tur
539 4046 815 4116 ingressus
848 4046 1107 4100 sacerdos
1140 4046 1283 4100 intus
1318 4059 1441 4098 cum
1497 4045 1774 4099 thuribulo
1807 4045 1958 4098 velut

392 4135 447 4186 in
488 4131 687 4186 Sancta
720 4142 1062 4198 sanctorum,
1102 4149 1198 4187 seu
1227 4133 1408 4202 potius
1439 4132 1493 4185 in
1528 4132 1643 4187 loca
1676 4133 1784 4187 illis
1811 4133 1957 4186 mul-

389 4232 446 4278 to
479 4222 747 4292 digniora.
779 4222 830 4274 in
858 4223 958 4276 hoc
989 4230 1219 4276 testatus
1241 4232 1293 4274 et
1315 4221 1558 4274 imitatus
1581 4220 1953 4276 sufﬁmentum

390 4315 670 4375 zachariae
704 4315 794 4382 qui
831 4314 980 4368 solus
1018 4314 1070 4365 iu
1107 4313 1283 4380 adytis
1320 4313 1613 4368 incensans
1652 4329 1952 4382 prarconem

391 4409 579 4475 gratiae
614 4408 667 4459 in
703 4408 898 4457 donum
927 4406 1118 4456 habuit
1146 4405 1411 4458 Joannem
1463 4407 1556 4472 qui
1608 4416 1662 4458 et
1697 4407 1955 4472 praedica-

389 4501 534 4552 tione
559 4508 612 4550 et
637 4497 924 4563 baptismo,
958 4505 1012 4548 et
1064 4497 1172 4548 vita
1230 4506 1284 4548 et
1340 4498 1588 4563 passione
1643 4512 1953 4565 prrecursor

389 4590 492 4642 t‘nit
547 4587 844 4640 Salvatoris
905 4588 1074 4639 nostri
1106 4593 1155 4638 et
1214 4586 1328 4649 Dei,
1367 4602 1586 4640 crucem
1625 4589 1844 4656 accipit,
1900 4597 1954 4642 et

386 4677 591 4745 absque
654 4676 920 4744 lampade,
974 4677 1069 4729 sed
1116 4675 1168 4728 in
1222 4675 1445 4729 silentio
1477 4677 1773 4745 egreditur,
1825 4679 1950 4749 quia

383 4766 543 4826 Jrsus
599 4768 736 4821 Deus
791 4777 997 4830 noster,
1054 4768 1290 4835 impletis
1359 4767 1646 4836 legalibus,
1701 4771 1952 4838 illiusque

386 4873 550 4914 cruce
607 4859 894 4926 praedicata
945 4875 1039 4927 per
1072 4859 1395 4912 docmneuta
1428 4869 1480 4912 et
1534 4861 1949 4929 praedicationes

386 4950 794 5020 prophetarum,
821 4949 938 5016 ipse
960 4964 1082 5002 cum
1118 4949 1420 5003 humilitate
1477 4958 1530 5003 et
1565 4951 1682 5004 sine
1712 4959 1953 5005 ostenta-

383 5041 531 5098 tione
560 5042 627 5094 ad
684 5054 785 5093 nos
836 5041 1003 5101 venit,
1042 5039 1317 5109 vitamque
1363 5042 1601 5095 ostendit
1637 5042 1946 5096 crucilixam

382 5139 437 5187 ei.
481 5140 668 5185 sancte
713 5139 1072 5184 conversatus
1121 5141 1228 5191 est.
1289 5133 1557 5202 istamque
1609 5148 1734 5185 cum
1789 5149 1952 5186 cruce

382 5223 547 5277 vitam
589 5223 1029 5291 appropinquare
1063 5225 1388 5276 monstravit
1419 5226 1482 5275 ad
1523 5224 1800 5276 cwlestem
1828 5239 1950 5291 por-

382 5323 490 5369 tam
528 5326 581 5367 et
617 5318 682 5366 ad
731 5315 1029 5383 angelicam
1079 5315 1572 5367 conversationem.
1604 5314 1951 5382 Quapropter

383 5407 619 5474 impletis
666 5408 921 5459 omnibus
961 5423 988 5459 a
1039 5407 1322 5476 prophetis
1357 5407 1690 5475 praedicatis,
1727 5408 1949 5461 crucili-

381 5517 484 5560 xus
511 5511 615 5564 Cal,
651 5515 860 5553 necnon
883 5511 1156 5564 mortuus,
1191 5500 1487 5562 redivivus,
1521 5500 1667 5554 misit
1698 5501 1788 5568 qui
1817 5517 1949 5568 prai-

380 5597 625 5649 dicarent
656 5604 708 5648 et
765 5593 1103 5662 baptizarent
1149 5594 1201 5646 in
1237 5593 1456 5647 nomine
1511 5593 1682 5646 Patris
1732 5605 1785 5646 et
1825 5591 1944 5647 Filii

377 5697 431 5748 et
463 5684 702 5761 Spiritus
759 5686 953 5745 sancti.
996 5683 1060 5745 Et
1117 5691 1380 5756 quoniam
1441 5685 1733 5748 cruciﬁxus
1788 5688 1943 5745 nobis

1988 3101 2032 3158 C

2001 3236 2011 3244 '
2068 3227 2178 3278 τῶν
2227 3227 2478 3296 ψαλμῶν,
2535 3228 2738 3290 οἵτινες
2783 3230 2877 3282 καὶ
2913 3229 3326 3298 εύχαριστήριοι
3367 3230 3462 3282 καὶ
3519 3229 3640 3280 ἱλα-

2080 1848 2204 1909 τοὺς
2263 1848 2586 1916 ἱσταμένους
2619 1849 2944 1917 θυμιῶντος
2977 1849 3072 1902 τοῦ
3103 1852 3295 1921 ἱερέως
3325 1851 3451 1912 τοὺς
3484 1850 3648 1919 θεμε-

2077 1940 2246 2002 λίους,
2301 1941 2395 1992 καὶ
2429 1942 2590 1995 πάλιν
2624 1942 2900 2008 ἵστασθαι,
2932 1942 2992 1995 τὸ
3023 1942 3239 2013 πρῶτον
3270 1943 3644 2014 συλληφθῆναι

2075 2038 2170 2090 τὸν
2214 2039 2420 2106 Κύριον
2450 2039 2509 2090 ἐν
2538 2041 2605 2108 τῇ
2668 2037 2930 2108 Παρθένῳ
2967 2039 3062 2091 καὶ
3097 2037 3521 2108 ἑνανθρωπῆσαι
3551 2039 3645 2106 δη-

2079 2129 2179 2187 λοῖ,
2215 2127 2444 2196 ὕστερον
2473 2127 2531 2179 δὲ
2562 2129 2706 2196 ἡμᾶς
2749 2130 2967 2199 μακρὰν
2996 2129 3156 2190 ὄντας
3181 2129 3330 2198 αὐτῷ
3355 2128 3642 2198 ἐνωθῆναι,

2074 2222 2167 2272 καὶ
2191 2219 2248 2282 ἐξ
2275 2218 2441 2272 αὑτοῦ
2473 2219 2825 2288 ἁγιασθῆναι.
2853 2207 2988 2272 ἀλλὰ
3024 2222 3119 2274 καὶ
3154 2221 3212 2272 τὸ
3237 2220 3452 2290 πρῶτον
3485 2220 3647 2285 ἁγιά-

2075 2312 2262 2375 ζεσθαι
2291 2311 2384 2364 τὸν
2418 2313 2565 2376 ναὸν,
2601 2307 2718 2364 εἶτα
2753 2313 2900 2382 ἡμᾶς
2931 2313 2999 2366 δι’
3027 2313 3215 2377 αὐτοῦ,
3237 2313 3313 2376 ὡς
3347 2318 3442 2366 καὶ
3486 2316 3545 2366 ἐν
3574 2318 3644 2386 τῇ

2075 2407 2248 2471 σκηνῇ
2302 2404 2519 2472 γέγονε,
2568 2403 2662 2456 καὶ
2717 2405 2793 2472 τῷ
2842 2405 3011 2458 πάλαι
3058 2406 3191 2474 ναῷ,
3226 2407 3260 2458 ἃ
3289 2407 3523 2459 ἐτύπουν
3553 2408 3644 2459 τὶν

2072 2493 2300 2562 Κύριον.
2342 2489 2474 2546 Εἶτα
2507 2493 2602 2546 τὸν
2627 2495 2749 2545 ναὸν
2794 2495 3105 2565 εἰσέρχεται
3135 2498 3163 2548 ὁ
3189 2497 3371 2567 ἱερεὺς
3406 2497 3641 2566 θυμιῶν.
3680 2503 3689 2511 '

2067 2582 2245 2648 τιμῶν
2277 2585 2332 2635 ἐν
2365 2583 2542 2652 τούτῳ
2577 2583 2668 2636 τὸν
2717 2583 2872 2644 Θεὸν,
2917 2586 3010 2637 καὶ
3058 2585 3118 2636 τὸ
3166 2585 3333 2639 πάλαι
3387 2585 3641 2655 θυμίαμα

2069 2675 2474 2742 ἐκμιμούμενος
2507 2675 2566 2727 τὸ
2593 2676 2672 2737 είς
2703 2677 2773 2728 τὰ
2809 2677 2980 2743 Ἀγια
3021 2677 3131 2730 τῶν
3170 2679 3364 2745 ἁγίων,
3387 2679 3642 2749 τιμιώτε-

2070 2784 2161 2834 ρος
2187 2766 2260 2819 ὢν
2281 2768 2490 2819 ἐκείνου
2523 2767 2616 2820 τοῦ
2670 2770 2881 2838 ἱερέως,
2911 2769 2986 2831 ὡς
3020 2770 3116 2836 τὴν
3147 2773 3308 2842 χάριν
3337 2772 3432 2826 τοῦ
3462 2773 3640 2841 μεγά-

2065 2859 2161 2911 λου
2215 2861 2310 2913 xal.
2359 2861 2522 2927 μόνου
2563 2859 2861 2929 ἀρχιερέως
2917 2862 3187 2924 πλουτῶν,
3220 2862 3313 2915 τοῦ
3349 2865 3491 2917 κατὰ
3541 2866 3634 2916 τὸν

2065 2952 2234 3006 τύπον
2265 2953 2621 3022 Μελχισεδέκ.
2654 2954 2817 3006 ’Λλλὰ
2849 2957 2940 3006 καὶ
2965 2956 3041 3017 ὡς
3068 2955 3299 3021 ἄγγελος
3329 2955 3465 3008 Θεοῦ
3503 2974 3640 3008 παν-

2066 3046 2392 3115 τοκράτορος
2415 3047 2444 3098 ὀ
2472 3048 2670 3116 ἱερεὺς,
2698 3046 2839 3099 καθὰ
2854 3048 3186 3116 γέγραπται,
3213 3047 3299 3100 διὰ
3325 3046 3418 3099 τοῦ
3444 3047 3641 3114 θυμιά-

2073 3153 2241 3204 ματος
2264 3140 2354 3188 τὸν
2397 3137 2530 3190 Θεὸν
2561 3137 2937 3207 ἱλασκόμενος,
2977 3138 3167 3209 ὥσπερ
3199 3140 3294 3192 καὶ
3322 3140 3349 3192 ό
3385 3138 3515 3200 λαὸς
3548 3138 3638 3194 διὰ

2068 3318 2281 3387 στήριοί
2332 3322 2438 3372 είσι
2499 3320 2638 3389 πρὸς
2693 3322 2972 3386 Θεὸν,κα¹ι
3025 3323 3162 3391 πρὸς
3196 3322 3256 3374 τὸ
3286 3321 3462 3374 ἐλθεῖν
3501 3321 3640 3390 πρδς

2064 3412 2212 3481 ἡμᾶς
2258 3414 2354 3465 καὶ
2407 3412 2812 3482 ἐμφανισθῆναι
2875 3413 3343 3483 παρακαλοῦντες,
3392 3413 3485 3465 καὶ
3536 3413 3640 3480 τὴν

2063 3503 2339 3556 πολιτείαν
2365 3503 2526 3556 αὐτοῦ
2561 3504 2657 3557 τοῦ
2685 3504 2940 3573 Σωτῆρος
2964 3506 3121 3574 ἡμῶν
3146 3505 3634 3575 προεμφαίνοντες,

2063 3588 2155 3639 καὶ
2190 3588 2424 3656 μάλιστα
2457 3588 2555 3658 τὴν
2603 3585 2840 3658 ἄμωμον
2881 3589 3049 3642 αὑτοῦ
3087 3591 3232 3658 ζωήν
3254 3607 3314 3643 τε
3357 3591 3453 3642 καὶ
3479 3591 3639 3642 πολι-

2061 3679 2210 3730 τείαν
2241 3695 2254 3708 °
2289 3679 2425 3748 ὅπερ
2471 3681 2656 3748 σαφῶς
2697 3682 2790 3732 καὶ
2821 3681 2848 3732 ὁ
2871 3681 3162 3750 λεγόμενος
3203 3683 3464 3750 Ἀμωμος
3497 3683 3640 3735 ἐκδιφ

2059 3771 2248 3824 δάσκει
2269 3788 2284 3805 ⁸
2319 3777 2412 3824 καὶ
2448 3773 2528 3824 ἔτι
2553 3776 2654 3842 τὴν
2681 3777 2796 3825 τῶν
2845 3773 3016 3843 ἁγίων
3044 3773 3209 3826 αὑτοῦ
3249 3774 3435 3844 βιοτήν
3461 3791 3475 3804 ·
3500 3777 3637 3828 ἀλλὰ

2061 3862 2156 3914 καὶ⁹
2179 3863 2244 3917 τὰ
2290 3863 2439 3933 πάθη
2484 3863 2580 3918 τοῦ
2629 3865 2882 3935 Σωτῆρος
2913 3867 3010 3920 καὶ
3061 3869 3161 3935 τὴν
3198 3866 3511 3921 ἀνάστασιν.
3542 3869 3636 3918 Διὸ

2061 3954 2155 4006 καὶ
2181 3948 2332 4017 οὗτος
2365 3956 2658 4022 ἐξαιρέτως
2684 3958 2742 4010 ἐν
2775 3974 2833 4010 τε
2872 3960 3184 4028 Κυριακαίς
3230 3958 3516 4027 ψάλλεται,
3537 3959 3634 4010 καὶ

2057 4047 2114 4100 ἐν
2153 4049 2274 4109 ταῖς
2305 4049 2416 4100 τῶν
2448 4050 2621 4116 ἁγίων
2649 4051 2890 4120 μνήμαις
2919 4051 3200 4112 πολλάκις.
3227 4053 3338 4104 Καὶ
3367 4055 3394 4105 ὁ
3421 4051 3633 4119 πρῶτος

2055 4137 2114 4190 δὲ
2149 4137 2365 4207 ψαλμδς
2403 4141 2500 4193 σὺν
2537 4139 2616 4209 τῷ
2667 4141 2910 4214 δευτέρῳ
2937 4145 3031 4196 καὶ
3077 4148 3264 4214 τρίτῳ,
3291 4143 3352 4197 τὸ
3389 4162 3408 4196 ι
3439 4144 3634 4196 Μακά-

2059 4244 2176 4298 ριος
2229 4230 2368 4300 ἀνήρ
2398 4247 2413 4262 ο
2461 4249 2484 4284 ι
2522 4234 2798 4304 μακάριος
2847 4234 2956 4303 γὰρ
2996 4233 3136 4305 ἀνὴρ
3172 4235 3268 4286 καὶ
3301 4235 3530 4305 ἄμωμος
3571 4239 3630 4288 ἐν

2056 4320 2161 4390 ὁδῷ
2193 4323 2352 4391 μόνος
2377 4326 2406 4377 ὁ
2449 4324 2826 4394 Σωτήρ’ἐστι’
2865 4329 3008 4382 κατὰ
3043 4329 3203 4398 χάριν
3233 4329 3290 4382 δὲ
3316 4328 3510 4381 τούτου
3537 4331 3630 4381 καὶ

1993 4429 2033 4482 ι)
2060 4415 2108 4466 oi
2139 4413 2286 4481 ἅγιοι
2319 4415 2503 4470 αὐτοῦ.
2548 4418 2819 4471 Είσελθὼν
2847 4415 2939 4471 οὖν
2966 4421 2993 4472 ό
3026 4421 3205 4489 ἱερεὺς
3238 4420 3385 4472 ἔνδον
3413 4421 3491 4488 τῷ
3533 4420 3628 4472 θυ-

2024 4499 2026 4503 ’
2067 4500 2301 4566 μιάματι
2333 4501 2409 4564 ὡς
2443 4503 2523 4563 είς
2570 4505 2637 4556 τὰ
2669 4505 2835 4572 Ἀγια
2874 4505 2982 4557 τῶν
3022 4507 3213 4571 ἁγίων,
3245 4507 3446 4574 μᾶλλον
3474 4507 3530 4558 δὲ
3561 4508 3630 4558 τὰ

2061 4591 2264 4644 τούτων
2297 4593 2577 4656 ἐπέκεινα,
2605 4595 2707 4645 κάν
2738 4595 2912 4665 τούτῳ
2963 4601 3254 4668 μαρτυριῦν
3285 4597 3346 4648 τὸ
3374 4598 3627 4668 θυμίαμα

2062 4684 2331 4756 Ζαχαρίου
2379 4684 2474 4736 καὶ
2519 4686 2943 4756 ἐκμιμούμενος,
2982 4687 3041 4750 ὃς
3071 4688 3282 4758 θυμιῶν
3321 4693 3378 4749 ὲν
3416 4690 3628 4753 ἀδύτοις

2066 4777 2246 4843 μόνος,
2270 4777 2361 4828 τὸν
2390 4777 2606 4846 κήρυκα
2639 4778 2737 4846 τῆς
2782 4780 3004 4848 χάριτος
3033 4780 3207 4851 δῶρον
3248 4782 3371 4851 ἔσχε
3397 4783 3489 4836 τὸν
3513 4784 3630 4835 Ίωφ

2061 4867 2244 4936 ἀννην,
2279 4867 2336 4930 ὃς
2369 4869 2683 4937 Πρόδρομος
2717 4866 2786 4940 ἦν
2819 4870 2895 4939 τῷ
2926 4872 3244 4941 κηρύγματι
3289 4874 3383 4926 καὶ
3428 4875 3626 4942 βαπτί-

2062 4973 2225 5024 σματι
2258 4959 2351 5008 καὶ
2376 4961 2441 5027 τῇ
2475 4958 2586 5028 ζωῇ
2612 4963 2706 5011 καὶ
2737 4959 2814 5030 τῷ
2842 4962 3023 5027 πάθει,
3047 4963 3143 5017 τοῦ
3176 4965 3426 5036 Euripo;
3471 4967 3629 5036 ἡμῶν

2060 5047 2157 5097 καὶ
2190 5046 2346 5104 Θεοῦ,
2375 5048 2465 5098 τὸν
2493 5051 2728 5118 σταυρὸν
2764 5051 3051 5118 λαμϐάνει.
3085 5055 3191 5106 Καὶ
3224 5056 3286 5104 ού
3316 5056 3454 5122 μετὰ
3490 5058 3628 5124 λαμ-

2061 5139 2386 5206 προφορίας,
2412 5140 2527 5191 ἀλλ’
2577 5142 2634 5193 ἐν
2675 5147 2797 5212 σιγῇ
2831 5143 3111 5213 ἐξέρχεται
3133 5160 3146 5174 °
3179 5145 3262 5197 ὅτι
3289 5146 3383 5197 καὶ
3418 5147 3628 5216 Ἰησοῦς

2058 5231 2085 5281 ὁ
2123 5227 2255 5290 Θεὸς
2309 5230 2470 5298 ἡμῶν
2515 5231 2624 5284 τῶν
2679 5235 2921 5301 νομικῶν
2977 5235 3343 5303 τελουμένων,
3391 5238 3484 5289 καὶ
3527 5239 3622 5299 τοῦ

2063 5323 2298 5391 σταυροῦ
2331 5325 2492 5376 αὑτοῦ
2541 5332 3061 5399 προκηρυττομένου
3098 5331 3186 5384 διὰ
3219 5332 3327 5383 τῶν
3365 5333 3625 5405 παθημά-

2058 5429 2166 5490 των
2207 5415 2301 5468 καὶ
2350 5419 2726 5484 κηρυγμάτων
2771 5421 2877 5473 τῶν
2927 5424 3242 5491 προφητῶν,
3285 5423 3445 5485 αὐτὸς
3484 5428 3625 5491 μετὰ

2057 5504 2438 5569 ταπεινώσεως
2473 5513 2569 5561 καὶ
2595 5512 2658 5563 οὐ
2679 5515 2999 5580 ’φαντασίας
3034 5515 3168 5583 πρὸς
3196 5518 3343 5585 ἡμᾶς
3365 5511 3624 5585 ἦλθε.καὶ

2057 5596 2304 5659 ὑπέδειξε
2334 5598 2433 5667 τὴν
2462 5601 2888 5671 ἐσταυρωμένην
2915 5604 3079 5675 ζωὴν,
3113 5609 3204 5659 καὶ
3237 5608 3406 5673 ἀγίως
3443 5608 3622 5661 ἐπολι-

2055 5687 2305 5759 nasuta,
2342 5692 2436 5749 καὶ
2490 5693 2817 5769 ἐγγίζουσαν
2873 5697 3039 5765 ἔδειξε
3074 5700 3138 5777 τῇ
3191 5699 3431 5779 οὐρανίῳ
3468 5699 3612 5780 πύλη
