4094 6194
460 302 568 364 6i?

1258 296 1635 357 SYMEONIS
1666 295 1767 355 ΤΗ
1779 288 2111 353 ESSALON
2123 286 2419 348 ICENSIS
2455 280 2807 345 ARCHIEP.

3590 276 3691 339 658

457 425 556 478 pro
599 408 875 463 universis
910 407 1097 463 dedit:
1133 421 1342 460 necnon
1401 416 1591 476 sperat
1656 404 2029 459 {I‘tiilit‘antiattl

2143 404 2231 452 καὶ
2260 399 2685 466 οίγοδολιηῦἧναι
2718 398 2816 463 τὴν
2850 393 2976 445 νέαν
3034 386 3414 459 Ἰερουσαλὴμ,
3465 390 3581 459 ἦτοι
3608 392 3697 458 τὴν

457 515 650 554 novam
680 498 1007 562 Jerusalem,
1039 498 1245 553 scilicet
1267 498 1595 561 Ecclesium,
1629 497 1846 566 quando
1869 504 1925 549 et
1957 496 2038 545 οι·-

460 588 738 642 ferendum
771 588 1020 656 pnedicit
1066 588 1244 641 laudis
1308 588 1669 647 sacriﬁcium,
1724 585 2029 639 confessio-

459 693 582 732 nem
614 678 843 739 Christi,
876 679 1297 748 saginatumque
1328 681 1559 731 vitulum
1611 679 1793 745 ipsum
1854 675 2038 728 Domi-

459 786 612 825 num.
649 771 817 841 Igitur
844 773 1237 825 convenienter
1266 780 1397 825 tunc
1435 786 1531 839 per
1584 785 1777 823 versus
1828 769 2035 820 dicitur

461 863 717 931 psalmus
776 863 1261 933 quingnagesimns
1320 863 1387 915 ab
1418 872 1647 929 utroque
1682 863 1873 913 choro.
1913 874 2038 911 ncc-

458 969 568 1007 non
629 954 739 1007 diei
774 963 864 1006 ant
907 954 1031 1007 festi
1093 954 1206 1007 sive
1269 955 1443 1007 sancti
1515 952 1804 1007 absolutio.
1855 949 2040 1002 Festis

456 1048 673 1115 quidem
702 1047 998 1099 Dominicis
1023 1052 1141 1110 post
1168 1045 1376 1099 «Gloria
1405 1055 1457 1097 et
1478 1044 1661 1097 Nune»
1686 1043 1888 1096 dicitur
1915 1042 2038 1095 festi

457 1139 769 1203 absolutio;
836 1139 1068 1206 singulis
1138 1148 1319 1190 autem
1373 1137 1567 1190 diebus
1624 1136 1895 1189 absolutio
1931 1134 2037 1186 diei

457 1235 672 1303 propria
697 1252 709 1292 :
733 1249 941 1286 necnon
972 1233 1037 1285 ad
1060 1249 1304 1287 versum:
1331 1231 1438 1284 «Ne
1471 1232 1729 1301 projicias
1745 1246 1825 1283 me
1846 1246 1875 1283 a
1906 1229 2041 1282 facie

458 1332 609 1385 tua,»
642 1324 861 1376 dicunt:
902 1342 919 1372 «
940 1323 1209 1376 Auxilium
1228 1323 1667 1376 Christianorum
1693 1339 1740 1385 ;»
1772 1336 1955 1372 verum
1975 1320 2039 1373 ad

460 1414 692 1477 «Gloria,
717 1413 1088 1482 Unigenitns,»
1107 1422 1159 1466 et
1180 1414 1243 1466 ad
1265 1414 1427 1467 verba
1457 1430 1469 1465 :
1500 1410 1786 1464 «Etnunc»
1809 1411 2041 1463 dicunt:

370 1508 377 1559 ἶ
458 1506 1007 1559 «Gloriosissitnam.»
1043 1507 1299 1559 Etstatint
1322 1505 1888 1558 recitantnrcanOnes
1913 1499 2037 1554 festi

378 1586 386 1657 ᾗ
456 1599 537 1648 vel
572 1601 742 1649 sancti
771 1612 908 1664 quos
946 1597 1284 1649 instituimus
1342 1598 1406 1648 ad
1444 1596 1699 1648 decorem
1736 1603 1789 1644 et
1828 1593 2034 1645 bonum

456 1688 712 1741 Ecclesire
746 1689 1026 1746 ordinem,
1068 1701 1290 1738 necnon
1334 1687 1396 1738 ad
1428 1687 1650 1755 gloriam
1688 1684 1779 1752 l)_ei
1814 1683 2040 1751 ejusque

457 1792 793 1834 sanctorum.
824 1778 876 1830 In
929 1788 1055 1831 octo
1091 1777 1311 1843 quidem
1358 1790 1541 1846 partes
1582 1776 1890 1844 psolluntur
1918 1815 1932 1834 .
1988 1776 2032 1827 si

452 1875 562 1925 «lno
632 1882 795 1937 sunt;
840 1874 891 1922 in
929 1886 1020 1924 sex
1062 1886 1189 1923 vero
1245 1872 1289 1923 si
1322 1869 1520 1923 dicitur
1568 1884 1742 1923 canon
1799 1868 2033 1937 Magnus

451 1975 675 2016 sanctus
700 2001 715 2025 ,
750 1971 843 2014 aut
876 1962 929 2014 in
971 1970 1243 2028 quatuor,
1286 1960 1329 2013 si
1376 1960 1573 2012 festum
1618 1975 1722 2012 non
1753 1960 1839 2012 sit.
1874 1959 2034 2023 Quod

461 2058 517 2108 lit
554 2054 621 2106 ad
675 2054 962 2106 utilitatem
1013 2054 1544 2119 incitamentumque
1575 2059 1633 2103 et
1672 2065 2035 2119 perseveran-

460 2146 599 2199 tiam
632 2145 929 2210 jnstorum,
957 2153 1141 2211 utpote
1168 2144 1473 2197 canonihus
1498 2153 1914 2196 consuetorum.
1947 2140 2037 2196 Et-

452 2240 596 2292 enim
634 2238 785 2305 prius
817 2236 1034 2305 quidem
1069 2250 1309 2288 canones
1366 2236 1421 2288 in
1457 2237 1720 2288 cautione
1750 2251 1855 2287 non
1890 2235 2035 2303 psal-

455 2326 727 2388 lebantur,
757 2326 849 2377 sed
879 2335 996 2391 post
1021 2324 1537 2393 quinquagesimum
1576 2325 1864 2391 psalmum,
1894 2321 2035 2375 facta

458 2417 771 2485 conjuncta,
807 2417 1058 2483 protinus
1082 2416 1402 2469 dicebantur
1421 2416 1614 2484 psalmi
1662 2436 1680 2466 «
1704 2414 1967 2468 Landate.
2012 2432 2029 2463 »

458 2509 610 2562 Nunc
634 2524 759 2561 vero
776 2517 897 2575 post
916 2522 1155 2561 canones
1179 2489 1917 2577 ἀίειιιιιιιι*ὲξάποστελλάρια
1937 2521 2034 2559 seu

458 2598 693 2668 hymnus
733 2597 1017 2650 «Emitte.»
1054 2596 1255 2650 Deinde
1286 2612 1447 2665 parva
1470 2598 1785 2665 conjuncta,
1817 2607 1871 2650 et
1892 2596 2036 2652 illico

456 2690 651 2756 psalmi
681 2708 698 2738 «
735 2688 1027 2743 Landate.»
1060 2689 1262 2742 Cantor
1280 2690 1440 2758 primi
1466 2690 1615 2743 chori
1649 2707 1661 2743 :
1712 2709 1729 2741 «
1774 2688 2034 2750 Laudato,

458 2782 653 2849 inquit,
680 2780 961 2831 Dominum
991 2778 1058 2832 de
1084 2778 1258 2840 caelis,
1281 2786 1333 2829 te
1365 2778 1521 2832 decet
1547 2783 1781 2847 hymnus
1804 2783 2025 2839 Deum,»

453 2882 509 2927 et
533 2871 672 2925 alius
701 2871 767 2923 ad
792 2870 956 2922 alium
980 2884 1191 2923 versum
1218 2869 1357 2922 idem
1384 2869 1535 2933 dicit,
1568 2871 1814 2937 aliosque
1841 2884 2034 2924 versus

456 2982 552 3021 sex
587 2965 837 3018 similiter
857 2966 1105 3017 recitant.
1138 2962 1293 3017 Unde
1336 2971 1481 3029 patet
1522 2963 1818 3014 monachos
1844 2979 1873 3014 a
1902 2976 2035 3014 can-

455 3060 606 3110 tione
657 3056 925 3124 originem
959 3056 1184 3120 ducere,
1215 3071 1383 3122 quum
1426 3063 1481 3108 et
1516 3054 1616 3123 ipsi
1663 3056 1728 3105 ab
1768 3054 1922 3106 initio
1956 3055 2036 3107 di-

2154 493 2480 561 Ἐκκλησίαν
2502 490 2715 551 ἐλπίζει
2743 503 2757 517 ⁸
2778 489 2865 541 ὅτε
2891 486 2986 538 καὶ
3027 484 3223 536 ουσίαν
3256 482 3509 543 αἰνέσεως
3541 497 3703 547 προσ-

2141 589 2373 656 αχθῆναι
2435 584 2715 655 προλέγει,
2745 582 2845 649 τὴν
2883 579 3175 649 ὁμολογίαν
3206 574 3468 645 Χριστιῦ,
3500 573 3592 627 καὶ
3617 572 3701 624 τόν

2142 679 2393 730 σιτευτὸν
2456 676 2675 744 μόσχον,
2710 672 2993 726 αὑτδντδν
3052 669 3281 737 Κύριον.
3336 666 3677 732 ῐιεντηκοστὰ.

2146 788 2262 841 ριον
2282 771 2377 822 οὖν
2409 768 2686 837 ἁρμοδίως
2718 768 2775 817 ὲν
2820 764 2997 830 τούτῳ
3030 762 3249 827 λέγεται
3275 758 3416 817 κατὰ
3451 759 3631 823 στίχον
3653 770 3705 803 εν

2142 863 2394 931 ἑκατέρῳ
2413 861 2582 930 χορῷ,
2610 859 2642 927 ἢ
2690 858 2753 907 τὸ
2784 856 2884 923 τῆς
2916 854 3124 923 ἡμέρας
3158 851 3190 920 ἦ
3225 853 3285 901 τὸ
3316 850 3409 916 τῆς
3453 847 3642 915 ἑορτῆς
3672 844 3704 913 ἦ

2143 955 2202 1006 τὸ
2230 953 2321 1006 τοῦ
2372 953 2530 1017 ἁγίου
2573 946 2944 1001 ἁπολυτίκιον.
2986 945 3095 996 Καὶ
3136 946 3213 1003 εἰς
3253 944 3352 1008 μὲν
3402 939 3498 1001 τὰς
3523 939 3709 990 δεσπο-

2142 1046 2302 1107 τικὰς
2358 1043 2575 1110 ἑορτὰς,
2624 1059 2642 1090 ι
2671 1039 2811 1100 Δόξα
2844 1037 2967 1088 καὶ
3024 1035 3141 1098 νῦν,
3190 1052 3209 1085 »
3244 1032 3305 1084 ce
3347 1034 3443 1096 τῆς
3487 1030 3702 1099 ἑορτῆς·

2145 1136 2269 1188 καθ’
2304 1132 2596 1203 ἡμέρανδὲ
2630 1130 2690 1181 τὸ
2728 1132 2827 1197 τῆς
2882 1129 3113 1196 ἡμέρας.
3173 1126 3281 1176 Καὶ
3320 1125 3401 1182 εἰς
3433 1124 3514 1185 τὸ,
3560 1137 3578 1172 t
3620 1121 3706 1189 Μὴ

2146 1226 2459 1298 ἀπορρίψῃς
2498 1220 2566 1292 με
2595 1224 2701 1273 ἀπὸ
2734 1220 2828 1274 τοῦ
2856 1221 3152 1287 προσώπου
3196 1234 3310 1277 σου,
3335 1234 3353 1265 »
3393 1214 3478 1275 τὸ,
3513 1231 3533 1264 ι
3571 1215 3708 1281 Προ-

2149 1316 2344 1368 στασία
2379 1314 2489 1365 τῶν
2518 1308 2874 1381 Χριστιανῶν
2905 1326 2919 1339 ·
2961 1328 2979 1360 »
3020 1311 3096 1369 είς
3129 1307 3184 1358 δὲ
3208 1309 3291 1365 τὸ,
3328 1324 3345 1356 «
3372 1305 3536 1369 Δόξα,
3568 1322 3586 1355 »
3632 1303 3708 1367 τδ,

2150 1428 2169 1458 «
2198 1407 2254 1458 Ὀ
2285 1407 2581 1475 μονογενής
2602 1422 2617 1438 ο
2654 1423 2671 1455 »
2705 1404 2800 1456 καὶ
2823 1405 2901 1463 είς
2932 1404 3012 1465 τὴ,
3048 1419 3065 1451 «
3109 1401 3216 1453 Καὶ
3246 1399 3339 1451 νῦν
3366 1398 3509 1465 «Τὴν
3548 1398 3710 1463 ὐπερ-

2147 1498 2359 1559 ένδοξον
2389 1514 2436 1548 Ἶ
2477 1496 2573 1549 καὶ⁴
2611 1496 2774 1557 εὐθὺς
2797 1498 2844 1547 οἱ
2890 1495 3111 1554 κανόνες
3144 1493 3241 1560 τῆς
3277 1491 3499 1559 ἑορτῆς.
3543 1489 3575 1556 ἢ
3619 1485 3710 1540 tot.)

2148 1591 2331 1657 ἁγίου,
2362 1589 2457 1653 οὓς
2496 1590 2923 1661 προσεοήκαμεν
2973 1587 3040 1640 δι’
3072 1586 3375 1655 εὐκοσμίαν
3410 1586 3572 1653 ἡμεῖς
3624 1582 3713 1633 καὶ

2148 1682 2403 1748 εὐταξίαν
2438 1685 2538 1753 τῆς
2578 1682 2928 1750 Ἐκκλησίας,
2979 1680 3140 1745 δόξαν
3176 1697 3234 1731 τε
3281 1677 3417 1732 Θεοῦ
3463 1677 3557 1729 καὶ
3608 1677 3710 1725 τῶν

2145 1778 2321 1842 ἁγίων
2352 1776 2537 1829 αὐτοῦ.
2574 1777 2668 1838 Είς
2696 1775 2839 1827 ὀκτὼ
2866 1775 2966 1841 μὲν
2992 1773 3285 1842 ψάλλονται
3316 1772 3365 1824 εί
3438 1769 3531 1823 δύο
3559 1768 3711 1821 εἰσίνο

2144 1871 2221 1930 εἰς
2246 1870 2303 1935 ἒξ
2353 1868 2431 1934 δὲ,
2468 1868 2515 1921 εί
2548 1869 2725 1937 μέγας
2774 1868 2965 1934 ἆγιος’
3017 1867 3048 1936 ἢ
3104 1868 3185 1927 είς
3240 1865 3513 1933 τέσσαρα,
3545 1864 3593 1915 εί
3642 1862 3713 1931 μὴ

2145 1961 2540 2031 ἑορταζόμενός
2571 1964 2685 2013 ἐστι
2709 1979 2721 1991 ·
2758 1963 2852 2012 καὶ
2883 1960 2974 2012 διὰ
3008 1961 3107 2029 τὴν
3131 1959 3407 2027 ὠφέλειαν
3430 1958 3509 2021 δὲ,
3544 1958 3714 2025 παρά-

2146 2053 2338 2121 κλησίν
2364 2068 2421 2103 τε
2460 2052 2552 2104 καὶ
2585 2050 2902 2120 προσμονὴν
2932 2051 3042 2102 τῶν
3074 2050 3338 2113 εὐσεϐῶν,
3373 2048 3458 2108 ὡς
3482 2050 3717 2116 εἰθισμέ-

2145 2159 2251 2194 νων
2287 2143 2344 2194 ιν
2375 2143 2487 2202 τοῖς
2519 2141 2731 2195 κανόσι.
2792 2140 3064 2209 Πρότερον
3106 2141 3204 2210 μὲν
3250 2140 3360 2208 γὰρ
3398 2139 3625 2200 κανόνες
3660 2142 3715 2191 ὲν

2143 2233 2220 2302 τῷ
2244 2232 2541 2303 ᾁσματικῷ
2577 2233 2680 2285 οὐκ
2715 2233 3010 2301 ὲψάλλοντο
3035 2248 3049 2263 ·
3088 2232 3224 2286 ἀλλὰ
3287 2235 3437 2300 μετὰ
3467 2234 3557 2285 τὸν
3592 2235 3719 2287 Πεν-

2143 2324 2434 2394 τηκοστον,
2469 2324 2767 2393 γινομένης
2806 2326 3108 2391 συναπτῆς,
3165 2324 3329 2386 εὐθὺς
3366 2325 3627 2393 ἐλέγοντο
3671 2325 3718 2375 οἱ

2151 2438 2169 2468 ι
2206 2418 2416 2469 Αἰνεῖτε
2441 2434 2457 2451 ο
2504 2437 2521 2467 »
2560 2416 2657 2470 νῦν
2708 2416 2765 2469 δὲ
2804 2418 2942 2485 μετὰ
2992 2419 3118 2479 τούς
3153 2419 3385 2480 κανόνας
3431 2419 3498 2469 τὰ
3529 2418 3719 2482 ἐξαπο-

2146 2509 2441 2576 πελλάρια
2469 2508 2745 2574 λέγονται.
2783 2505 2915 2562 Εἶτα
2951 2510 3124 2579 μικρά
3161 2512 3438 2581 συναπτή.
3493 2513 3602 2565 Καὶ
3631 2512 3715 2562 εὐ-

2143 2600 2241 2663 θὺς
2270 2601 2352 2661 τὸ,
2382 2618 2401 2651 «
2441 2600 2671 2652 Δίνεῖτε.
2715 2618 2733 2651 »
2780 2599 2841 2651 '0
2895 2598 3107 2668 ψάλτης
3148 2599 3242 2652 τοῦ
3277 2601 3503 2669 πρώτου
3536 2600 3712 2670 χοροῦ,

2148 2711 2169 2742 «
2203 2693 2413 2745 Αἰνεῖτε
2442 2692 2536 2744 τὸν
2584 2690 2790 2763 Κύριον
2846 2692 2910 2744 ὲκ
2939 2692 3047 2745 τῶν
3074 2692 3321 2762 οὐρανῶν
3352 2710 3365 2724 ·
3402 2694 3489 2746 σοὶ
3520 2693 3711 2762 πρέπει

2144 2786 2316 2852 ὕμνος
2346 2784 2422 2853 τῷ
2441 2783 2584 2853 Θεῷ,
2619 2802 2636 2833 »
2675 2785 2771 2836 καὶ
2800 2786 2827 2836 ό
2857 2784 3046 2853 ἔτερος
3075 2785 3155 2846 είς
3180 2784 3273 2836 τὸν
3305 2784 3503 2855 ἕτερον
3537 2787 3711 2855 στίχον

2141 2883 2202 2931 τὸ
2234 2878 2395 2931 αὐτό*
2430 2879 2525 2930 καὶ
2553 2878 2680 2939 τούς
2706 2878 2931 2938 λοιποὺς
2970 2877 3031 2941 ἐξ
3089 2877 3293 2944 ὁμοίως
3326 2877 3551 2946 λέγουσι
3604 2878 3713 2930 στί·

2143 2986 2292 3038 χούς.
2342 2968 2630 3021 Ἐντεῦθεν
2652 2964 2745 3021 οὖν
2784 2969 2973 3037 δῆλον,
3004 2968 3079 3030 ὡς
3111 2970 3205 3020 καὶ
3251 2970 3318 3023 τὰ
3374 2971 3713 3041 μοναστήρια

2143 3062 2206 3113 ἐκ
2237 3060 2330 3112 τοῦ
2357 3058 2672 3129 ᾀσματικοῦ
2701 3059 2886 3129 ἔχουσι
2925 3058 3024 3121 τὰς
3058 3060 3336 3129 ἀφορμὰς,
3397 3062 3601 3132 ὁμοίως
3656 3063 3712 3113 ἑν

457 3160 623 3202 cant:
667 3148 777 3201 «Te
805 3149 960 3201 decet
1018 3147 1251 3216 hymnus
1281 3147 1505 3199 Deum.»
1543 3146 1712 3200 Porro
1741 3146 1806 3200 ad
1858 3146 1992 3198 illud
2022 3163 2033 3196 :

2153 3155 2278 3214 ταῖς
2308 3154 2507 3221 ἀρχαῖς
2541 3154 2633 3204 καὶ
2654 3152 2807 3205 αὐτοὶ
2832 3152 3103 3219 λέγοντες,
3145 3174 3162 3205 ι
3204 3157 3293 3207 Σοὶ
3318 3159 3429 3225 πρέ.
3443 3176 3526 3210 re:
3551 3157 3712 3225 ὕμνος

464 3237 733 3291 «Landate
751 3238 1036 3290 Dominum
1050 3237 1117 3290 de
1136 3247 1301 3299 terra,
1317 3255 1335 3287 »
1355 3239 1554 3290 dicitur
1587 3252 1605 3289 ι
1622 3255 1635 3287 ι
1651 3236 1778 3289 Date
1800 3236 2030 3305 gloriam

466 3333 630 3395 Deo,»
667 3341 721 3384 et
754 3332 1007 3384 similiter
1038 3332 1103 3383 ad
1137 3346 1229 3384 sex
1260 3345 1452 3384 versus
1484 3339 1795 3397 sequentes.
1824 3310 1941 3383 Sed.
1965 3329 2032 3382 ad

461 3423 613 3477 hazc:
651 3422 986 3475 tExaltatum
1020 3433 1319 3475 estnomen
1349 3423 1519 3491 ejus,»
1551 3424 1737 3477 dicunt
1766 3440 1779 3475 :
1817 3422 2030 3490 «Ipsum

462 3517 618 3568 decet
637 3516 929 3580 laudatio,»
964 3524 1016 3566 et
1052 3516 1122 3567 ita
1151 3513 1219 3565 ad
1248 3530 1536 3583 sequentes
1564 3531 1790 3578 versus;
1825 3518 1890 3569 ad
1917 3530 2031 3569 ver-

461 3623 583 3661 sum
636 3617 853 3663 autent:
892 3625 910 3658 ι
950 3606 1192 3667 Laudent
1228 3623 1424 3662 nomen
1482 3610 1644 3676 ejus;
1700 3607 1883 3661 Gloria
1933 3608 2029 3661 tibi

461 3700 672 3762 Pater,»
701 3704 935 3769 itemque
954 3703 1019 3751 ad
1039 3700 1631 3769 sequentem.AdItunc
1656 3717 1667 3752 :
1700 3698 2031 3763 «Exaltatio-

460 3811 557 3849 nes
587 3795 700 3857 Dei,
734 3795 831 3848 Fili
855 3796 967 3859 Dei,
990 3796 1250 3849 miserere
1279 3796 1491 3855 nobis,»
1519 3796 1759 3863 itemque
1773 3792 1839 3847 ad
1860 3793 2026 3846 alium

461 3905 702 3943 versum.
727 3889 831 3942 Sed
858 3890 923 3943 ad
959 3890 1101 3942 istud
1127 3906 1142 3943 :
1182 3887 1297 3941 «Ad
1328 3888 1636 3957 alligandos
1658 3903 1809 3957 reges
1837 3902 2029 3941 eorum

462 3988 515 4039 in
545 3986 953 4056 compedibus,»
981 3987 1076 4038 lit:
1115 3986 1314 4039 «Parce
1345 3985 1519 4049 nobis,
1549 3983 1793 4044 Domine,
1813 3990 2031 4051 propter

464 4077 724 4147 Spiritum
761 4087 1006 4130 sanetum
1033 4117 1045 4137 ,
1075 4096 1093 4128 «
1124 4077 1405 4139 Dominus,
1440 4078 1516 4129 ait
1542 4074 1765 4141 Paulus,
1795 4076 2032 4143 Spiritus

460 4179 544 4224 est
575 4189 592 4221 »
620 4209 635 4234 ,
671 4180 729 4223 ut
781 4172 1090 4223 celebretur
1146 4168 1411 4233 Trinitas,
1444 4176 1498 4223 et
1554 4168 1809 4222 similiter
1829 4166 1886 4220 lit
1960 4168 2029 4220 ad

460 4276 709 4317 caeteros.
738 4264 814 4314 Ad
843 4264 944 4316 hoc
962 4272 1145 4316 autem
1169 4279 1182 4314 :
1217 4262 1491 4315 «Laudate
1518 4260 1805 4315 Dominum
1825 4262 1877 4314 in
1907 4276 2029 4316 san-

460 4355 560 4406 ctis
587 4355 727 4421 ejus,
750 4353 847 4405 Fili
870 4355 983 4416 Dei,
1019 4356 1278 4406 miserere
1308 4355 1521 4411 nobis.»
1558 4369 1774 4406 rursum
1812 4364 2031 4422 prOptcr

400 4508 405 4521 Ἄ
461 4444 918 4503 incarnationem,
952 4453 1005 4497 et
1041 4446 1243 4511 pariter
1263 4446 1328 4497 ad
1356 4458 1543 4497 versus
1574 4455 1885 4513 sequentes.
1922 4442 2028 4499 Ve-

394 4532 406 4591 ,3
461 4548 580 4585 runt
601 4535 664 4585 ad
687 4536 863 4613 hunc:
890 4534 1159 4587 «Laudate
1176 4551 1294 4587 enin
1313 4536 1364 4587 in
1392 4537 1656 4603 cymbalis
1682 4540 1816 4591 bene
1835 4552 2035 4590 sonan-

463 4627 630 4685 tibus,
656 4625 835 4677 Gloria
864 4625 980 4689 tibi,
1003 4628 1092 4693 qui
1125 4628 1303 4679 lumen
1324 4628 1663 4693 ostendisti,»
1700 4631 1936 4697 itemque
1967 4629 2035 4683 ad

462 4716 712 4768 ttltitnunt
757 4726 873 4782 post
908 4731 1056 4768 eunt.
1097 4716 1316 4781 Deinde,
1367 4716 1723 4771 «Benedictus
1761 4718 2023 4772 Dominus

464 4807 810 4869 Denslsrael,
865 4810 988 4877 quia
1043 4812 1273 4865 visitavit
1334 4813 1547 4866 etfecit
1601 4814 2030 4883 redemptionem

462 4902 631 4972 plebis
652 4917 815 4967 sum,»
844 4904 989 4970 quod
1010 4904 1194 4956 dicunt
1218 4906 1281 4957 ad
1313 4921 1503 4961 omnes
1533 4922 1741 4969 versus,
1774 4910 2033 4976 quoniam

462 4997 516 5048 in
559 4996 640 5047 ltts
680 4999 857 5049 verbis
890 4998 1176 5064 prophetia
1207 5007 1367 5051 estet
1413 5001 1690 5053 canticum
1763 5002 2030 5055 incarna-

462 5090 625 5140 tionis
668 5085 848 5151 Verbi,
880 5105 1088 5142 necnon
1122 5091 1364 5159 ejusdem
1402 5094 1725 5159 prooemium
1760 5104 1809 5145 et
1834 5100 2035 5161 gratia-

462 5197 581 5233 rum
618 5184 760 5233 actio
794 5181 1138 5235 Ptazcnrsore
1162 5193 1216 5235 et
1248 5182 1485 5253 Baptista
1526 5201 1698 5254 nuper
1726 5196 1883 5254 parto
1908 5202 2033 5255 pro-

463 5274 733 5334 numiata,
752 5276 894 5342 quod
916 5277 1188 5327 canticum
1221 5288 1276 5328 ut
1297 5279 1501 5343 gratias
1525 5293 1690 5347 agens
1717 5282 2035 5334 solemnitcr

462 5376 642 5416 eantat
672 5366 929 5419 Ecclc-Sta.
972 5366 1139 5420 Porro
1180 5372 1245 5421 ad
1287 5371 1527 5423 «Gloria»
1568 5372 1754 5425 dicunt
1790 5390 1801 5425 :
1831 5372 2033 5426 «Bene-

463 5456 643 5508 dictus
668 5455 923 5511 Dominus
951 5458 1241 5521 Jesu‘rex,
1263 5465 1389 5530 quia
1425 5464 1704 5525 visitatus,»
1734 5474 1786 5516 et
1818 5466 2023 5549 rce-liqua

463 5547 667 5600 clarius
699 5549 1022 5613 psalluntnr,
1056 5566 1265 5604 HL‘Cll'lll
1301 5552 1367 5605 ad
1424 5557 1582 5606 verba
1615 5568 1628 5605 :
1691 5553 1784 5607 «Et
1824 5547 2027 5617 nunc,»

462 5638 602 5690 idem
623 5640 901 5707 repetitur.
930 5640 1155 5710 Insuper
1178 5644 1405 5698 dicunt:
1433 5644 1771 5716 (Egregiam,
1808 5647 1897 5700 Dei
1927 5647 2029 5701 Ma-

470 5744 581 5785 rem
612 5732 949 5785 celebremus
968 5748 1177 5802 Olllllt'S,
1210 5752 1305 5805 per
1334 5754 1494 5807 quam
1526 5742 1801 5796 consecuti
1834 5756 2026 5796 sumus

2142 3243 2219 3312 τῷ
2248 3244 2386 3312 Θεῷ.
2425 3262 2443 3294 »
2482 3236 2573 3305 Εἰς
2600 3245 2657 3296 δὲ
2682 3244 2762 3299 τδ.
2811 3263 2828 3295 ι
2869 3245 3079 3297 Αἰνεῖτε
3107 3247 3199 3297 τὸν
3249 3248 3461 3317 Κύριον
3519 3251 3582 3302 ὲκ
3610 3248 3711 3317 τῆς

2144 3336 2267 3403 γῆς,
2296 3337 2425 3387 Δότε
2468 3335 2625 3399 δόξαν
2648 3335 2723 3403 τῷ
2753 3334 2895 3402 Θεῷ,
2934 3354 2952 3387 »
2982 3339 3075 3390 καὶ
3104 3340 3182 3400 είς
3201 3339 3328 3401 τοὺς
3356 3341 3583 3405 λοιποὺς
3609 3343 3712 3395 στί-

2142 3444 2269 3497 χους
2298 3427 2379 3492 ἓξ.
2407 3428 2497 3488 Είς
2526 3427 2583 3479 δὲ
2610 3427 2691 3489 τὸ,
2727 3445 2745 3476 t
2810 3426 3032 3495 ’Υψώθη
3066 3429 3127 3480 τὸ
3174 3429 3352 3499 ὄνομα
3391 3435 3709 3498 αὐτού,.αὐ.

2141 3518 2217 3587 τῷ
2240 3523 2438 3586 πρέπει
2466 3517 2671 3579 αι’νεσις
2701 3533 2717 3548 ο
2760 3536 2777 3568 »
2813 3520 2906 3571 καὶ
2939 3522 3063 3581 τοὺς
3123 3521 3272 3590 ἑξῆς.
3312 3524 3411 3587 Εἰς
3438 3527 3520 3589 τδ,
3556 3546 3575 3577 ε
3623 3530 3712 3581 At-

2144 3612 2454 3665 νεσόιτωσαν
2475 3612 2531 3663 δὲ
2548 3612 2609 3663 τὸ
2624 3612 2795 3680 ὄνομα
2816 3612 3003 3677 αὐτοῦ,
3023 3613 3160 3676 Δόξα
3185 3631 3289 3675 σοι.
3320 3618 3447 3684 ᾰγιε
3475 3620 3703 3690 Πάτερί

2142 3706 2236 3756 καὶ
2284 3707 2364 3765 είς
2417 3706 2507 3756 τὸν
2545 3703 2755 3772 ἕτερον,
2803 3706 2880 3763 εἰς
2912 3705 2994 3766 τὸ,
3034 3706 3242 3775 «252
3271 3709 3332 3760 Αἰ
3381 3711 3617 3780 ὑψώσεις
3654 3714 3709 3764 δὲ

2140 3794 2233 3849 τοῦ
2263 3794 2425 3857 Θέοῦ,
2454 3796 2551 3847 Υἱὲ
2598 3796 2759 3858 Θεοῦ,
2793 3796 3018 3862 ἐλέησον
3078 3799 3245 3866 ἡμᾶς,
3284 3798 3307 3850 »
3361 3804 3460 3855 καὶ
3500 3805 3579 3867 είς
3622 3805 3709 3856 τὸν

2140 3889 2328 3957 ἕτερον
2356 3888 2556 3957 στίχον.
2592 3890 2701 3941 Καὶ
2742 3889 2821 3950 είς
2854 3890 2933 3954 τὸ,
2973 3908 2991 3939 ‹
3035 3890 3141 3942 Τοῦ
3180 3892 3340 3958 δῆσαι
3397 3896 3525 3957 τοὺς
3562 3894 3710 3962 βασι-

2139 3981 2252 4042 λείς
2275 3982 2453 4034 αὐτῶν
2479 3983 2538 4033 ὲν
2569 3980 2778 4043 πέδαις,
2816 3982 3004 4033 Φεῖσαι
3034 3983 3216 4051 ἡμῶν,
3266 3985 3471 4055 Κύριε,
3518 3989 3604 4040 διὰ
3654 3986 3714 4039 τὸ

2140 4072 2367 4141 Πνεῦμα
2388 4072 2450 4124 τὸ
2480 4072 2655 4138 ἅγιον.
2688 4091 2705 4123 ι
2763 4072 2822 4125 Ὀ
2847 4073 2904 4124 δὲ
2948 4073 3175 4141 Κύριος,
3224 4075 3443 4139 Παῦλός
3470 4095 3625 4147 φησι,
3652 4078 3710 4129 τὺ

2143 4164 2369 4233 Πνεῦμα
2405 4167 2574 4227 ἐστιν,
2624 4165 2711 4217 ἵνα
2747 4167 3038 4235 ἀνύμνηοῇ
3076 4168 3106 4235 ἡ
3146 4168 3313 4236 ἰ’ριὰς
3342 4186 3357 4199 ·
3391 4173 3486 4223 καὶ
3514 4171 3713 4239 ὁμοίως

2142 4258 2223 4319 είς
2257 4256 2384 4318 τούς
2407 4257 2656 4319 λοιπούς.
2698 4259 2791 4319 El;
2818 4258 2900 4321 τὸ,
2931 4277 2949 4308 ι
2996 4262 3211 4311 Λίνεῖτε
3242 4258 3296 4313 δὲ
3346 4262 3443 4313 τὸν
3476 4262 3609 4315 Θεὸν
3656 4264 3712 4312 ὲν

2140 4353 2252 4413 τοῖς
2280 4350 2459 4416 ἁγίοις
2497 4349 2682 4415 αὐτοῦ,
2715 4351 2809 4403 Υἱὲ
2838 4351 2996 4415 Θεοῦ,
3036 4353 3257 4421 ἐλέησον
3309 4355 3465 4423 ἡμᾶς
3495 4371 3510 4386 ο
3549 4374 3567 4406 »
3626 4356 3713 4408 διὰ

2140 4444 2239 4510 τὴν
2273 4443 2553 4512 σάρκωσιν
2586 4443 2767 4507 πάλιν,
2811 4445 2906 4495 καὶ
2950 4446 3077 4506 τοὺς
3116 4445 3317 4515 ἐφεξῆς
3362 4450 3590 4516 ὁμοίως.
3624 4450 3713 4507 El;

2137 4535 2193 4586 δὲ
2222 4536 2303 4597 τὸ,
2348 4552 2365 4585 ι
2400 4536 2611 4586 Αἰνεῖτε
2645 4534 2805 4586 αὐτὸν
2836 4536 2891 4586 ἐν
2940 4536 3243 4603 κυμόάλοις
3304 4540 3547 4607 εὐήχοις,
3576 4541 3709 4603 Δόξα

2141 4642 2223 4677 σοι
2253 4625 2328 4694 τῷ
2360 4626 2599 4689 δείξαντι
2627 4626 2687 4677 τὸ
2727 4628 2841 4693 φῶς
2870 4643 2883 4656 ·
2930 4644 2947 4676 »
2977 4630 3071 4680 καὶ
3107 4627 3186 4687 είς
3215 4628 3308 4679 τὸν
3348 4628 3540 4682 λοιπὸν
3593 4631 3710 4699 μετ’

2139 4719 2322 4771 αὐτόν.
2375 4713 2527 4783 Εἶτα,
2565 4736 2582 4767 ι
2622 4717 2923 4785 Εὐλογητὸς
2967 4720 3173 4786 Κύριος
3224 4720 3252 4769 ό
3292 4720 3428 4782 Θ;ὸς
3472 4722 3711 4790 Ἰσραὴλ,

2137 4811 2219 4862 ὃτι
2244 4809 2587 4877 ἐπεσκέψατο
2620 4810 2713 4861 καὶ
2764 4809 2991 4878 ἐποίησε
3023 4808 3292 4879 λύτρωσιν
3326 4812 3403 4881 τῷ
3460 4813 3576 4883 λαῷ
3622 4815 3715 4867 αὐ⁴

2137 4901 2254 4955 τοῦ.
2298 4920 2315 4951 »
2370 4902 2478 4953 Kal
2507 4900 2663 4951 τοῦτο
2696 4900 2773 4960 εἰς
2812 4898 3024 4961 πάντας
3061 4899 3281 4966 λέγουσι
3312 4904 3439 4964 τούς
3475 4905 3711 4973 στίχους’

2136 4996 2218 5046 ὅτι
2246 4993 2551 5062 προφητεία
2588 4993 2618 5059 ή
2652 4989 2762 5059 ᾠδὴ
2794 4988 2932 5057 αὐτη
2976 4990 3075 5057 τῆς
3120 4990 3212 5042 τοῦ
3274 4993 3452 5059 Λόγου
3492 5002 3713 5065 σαρκώ-

2140 5103 2276 5145 σεως
2313 5087 2408 5136 καὶ
2443 5084 2731 5152 προοίμιον
2761 5082 2932 5149 αὐτῆς
2963 5082 3057 5133 καὶ
3108 5083 3457 5153 εὐχαριστία,
3492 5090 3588 5140 κα)⁸
3619 5092 3713 5156 ἑγ-

2137 5181 2239 5244 γύς
2277 5183 2335 5232 ἐν
2372 5180 2449 5247 τῷ
2474 5182 2621 5248 τόκῳ
2654 5180 2883 5249 ρηθεῖσα
2910 5187 3003 5237 τοῦ
3036 5184 3349 5255 Προδρόμου
3378 5184 3473 5233 καὶ
3502 5183 3710 5235 Βαπτι-

2139 5272 2287 5331 στοῦ,
2332 5274 2427 5324 καὶ
2454 5274 2528 5334 ὡς
2558 5274 2883 5343 εὐχάριστον
2910 5276 3136 5346 ταύτην,
3174 5276 3449 5345 λαμπρῶς
3516 5275 3634 5345 ᾅδει
3676 5275 3706 5341 ἡ

2150 5367 2464 5435 Ἐκκλησία.
2497 5367 2588 5429 Εἰς
2640 5368 2695 5419 δὲ
2741 5370 2823 5433 τί),
2867 5388 2883 5420 ι
2928 5371 3086 5433 Δόξα,
3148 5370 3457 5437 Εὐλογητὸς
3502 5368 3708 5435 Κύριος

2150 5458 2355 5526 Ἰησοῦς
2385 5463 2412 5512 ό
2446 5459 2724 5528 βασιλεὺς,
2753 5462 2836 5514 ὅτι
2878 5464 3249 5533 ἐπεσκέψατο,
3286 5482 3303 5514 »
3344 5462 3443 5515 καὶ
3489 5461 3551 5512 τὸ
3576 5460 3707 5526 ἑξῆς

2135 5549 2523 5617 γεγωνότερον.
2582 5550 2691 5601 Καὶ
2752 5551 2845 5602 νῦν
2905 5553 2966 5604 τὸ
3018 5554 3172 5608 αὐτό.
3215 5552 3325 5607 Καὶ
3389 5538 3709 5619 περισσὴν(

2142 5659 2161 5691 «
2200 5640 2305 5691 Τοῦ
2336 5639 2472 5692 Θεοῦ
2506 5639 2605 5709 τὴν
2660 5642 2891 5711 Μητέρα
2954 5646 3356 5715 ἀνυμνήσωμεν
3416 5642 3639 5701 πάντες,
3678 5655 3696 5685 ν

2254 5729 2316 5804 ἧς
2364 5732 2705 5801 κομιζόμεθα
2761 5740 3125 5807 πταισμάτων
3193 5734 3566 5806 συγχώρησιν.
3607 5731 3701 5781 καὶ

2134 5733 2200 5785 δι’
2251 5733 2316 5804 ἧς
