4094 6194
370 274 480 340 649

1541 280 1636 342 DE
1677 281 1913 341 SACRA
1966 279 2061 340 Ρῖί
2076 279 2265 339 ΕΟΑΤ
2277 275 2400 337 [ON
2416 276 2484 335 E.

3542 261 3652 326 650

373 391 660 461 ἀντίληψιν
682 393 802 454 ταῖς
832 389 1033 462 ψυχαῖς
1066 391 1245 463 ἡμῶν.
1298 411 1317 446 »
1342 393 1527 447 Ταῦτα
1573 392 1628 444 δὲ
1659 392 1762 462 τὴν
1814 393 1954 444 οἰκο-

2064 389 2400 444 offensarum
2450 384 2834 442 remissionem
2879 392 2933 439 et
2972 381 3304 452 adjutorium
3353 379 3645 436 animabus

377 483 575 554 νομίαν
606 484 1084 554 προκηρυχθεϊσαν
1120 485 1360 555 Χριστοῦ
1432 483 1824 555 μεγαλύνουσι,
1857 485 1954 537 καὶ

380 577 614 648 μάλιστα
633 574 721 630 διὰ
745 577 840 628 τοῦ
885 577 1052 631 τόκου
1079 577 1176 631 τοῦ
1215 576 1556 641 Βαπτιστοῦ,
1603 576 1677 640 ὡς
1709 576 1950 647 προέφηο

379 679 500 733 μεν.
535 661 646 716 Καὶ
678 662 844 727 εὐθὺς
899 665 958 718 ιν
998 664 1075 736 τῷ
1129 665 1346 736 άμόωνι
1398 666 1552 736 παρά
1600 667 1952 734 ἀναγνώστου

375 757 458 823 τὸ,
497 774 517 810 «
567 756 708 823 Δόξα
745 757 802 810 ιν
862 756 1110 828 ὑψίστοις
1162 759 1305 829 Θεῷ,
1358 779 1376 812 »
1434 758 1811 828 λαμϐάνοντος
1863 756 1954 809 τὸν

378 849 613 920 σταυρὸν
640 851 758 910 ταῖς
779 850 962 920 χερσὶ,
1021 851 1116 903 καὶ
1147 852 1205 904 ὲν
1233 849 1312 920 τῷ
1362 849 1578 920 ἄμϐωνι
1639 849 1953 926 ἱσταμένου,

382 942 477 995 καὶ
512 939 948 996 ἐπισυνάπτεται
987 941 1138 1011 παρά
1170 941 1278 994 τῶν
1310 940 1588 1012 ψαλτῶνή
1623 941 1834 1011 μεγάλη
1868 942 1956 996 δο-

381 1030 627 1100 ξολογία.
665 1029 840 1084 Τοῦτο
865 1029 922 1083 δὲ
951 1030 1165 1099 γίνεται
1200 1030 1328 1085 καθ’
1357 1032 1621 1101 ἑκάστην.
1655 1031 1736 1102 Τῇ
1797 1032 1854 1084 δέ
1889 1050 1953 1102 γε

378 1126 634 1196 Κυριακῇ
681 1123 824 1178 κατά
875 1126 968 1177 τὸν
1022 1120 1156 1195 ἦχον
1205 1127 1254 1178 οἱ
1327 1143 1345 1178 ι
1379 1125 1589 1179 Αἰνεῖτε
1619 1143 1638 1177 »
1698 1124 1954 1193 λέγονται

379 1217 518 1286 μετά
538 1216 649 1270 τῶν
686 1215 1055 1286 ὐποψάλμων.
1094 1217 1206 1270 Καὶ
1227 1217 1306 1280 εἰς
1329 1217 1391 1270 τὸ
1413 1217 1566 1282 τέλος
1600 1218 1954 1287 άναστάσιμα

377 1306 674 1377 στιχηράἢ
724 1306 822 1377 τῆς
854 1307 1073 1378 ἑορτῆς,
1119 1307 1152 1378 ἦ
1213 1311 1458 1380 μεγάλου
1509 1309 1690 1379 ἁγίου,
1740 1312 1789 1364 εί
1834 1310 1955 1364 ἔστι

380 1402 567 1470 μνήμη
597 1397 792 1463 αὐτοῦ,
845 1399 983 1465 Δόξα
1037 1401 1098 1453 τὺ
1142 1401 1388 1458 ἑωθινόν.
1431 1403 1520 1457 Ἐν
1548 1397 1592 1472 ᾧ
1623 1403 1824 1468 ετσοδος
1845 1403 1955 1457 τῶν

378 1490 569 1560 ἱερέων
606 1491 748 1560 μετά
801 1491 896 1544 τοῦ
937 1487 1178 1561 σταυροῦ
1231 1493 1330 1548 καὶ
1367 1493 1466 1549 τοῦ
1505 1495 1653 1550 Θείου
1709 1496 1957 1564 Εύαγγε-

377 1583 517 1651 λίου,
547 1584 647 1653 τὴν
691 1584 785 1638 τοῦ
818 1584 1076 1655 Σωτῆρος
1111 1585 1410 1642 ἀνάστασιν
1453 1588 1662 1661 ταύτης
1692 1569 1956 1659 τῆςὲξσό-

374 1677 467 1729 ὅου
520 1676 901 1749 σημαινούσης
945 1679 1077 1748 περὶ
1132 1680 1226 1733 τὸν
1297 1679 1497 1752 ὄρθρον
1554 1682 1955 1754 γεγενημένης.

375 1769 468 1820 Διὸ
493 1767 603 1820 τῶν
626 1768 818 1839 ἱερέων
839 1769 942 1840 τὴν
968 1765 1135 1838 εὐχὴν
1167 1770 1508 1842 κλινομένων
1563 1773 1830 1842 λεγόντων
1855 1777 1952 1844 τῆς

374 1862 585 1916 εἰσόδου
621 1863 678 1915 ὲν
711 1861 788 1931 τῷ
835 1863 1069 1932 ἑωθινῷ,
1106 1863 1136 1916 ὃ
1173 1864 1327 1934 δηλοῖ
1359 1865 1462 1936 τὴν
1519 1867 1600 1929 είς
1658 1868 1806 1937 ἡμᾶς
1859 1871 1955 1921 καὶ

377 1957 506 2026 άίρι
537 1954 632 2009 τοῦ
669 1951 800 2027 ᾅδου
837 1954 1172 2010 ταπείνωσιν
1219 1957 1316 2010 καὶ
1366 1953 1672 2014 κατάϐασιν
1706 1957 1800 2012 τοῦ
1843 1960 1956 2014 Κυ-

378 2049 521 2119 ρίου,
552 2047 646 2101 καὶ
697 2047 1066 2119 ἀγειρομένων
1131 2047 1234 2118 τὴν
1282 2047 1527 2122 ἔγερσιν,
1575 2049 1653 2114 ὡς
1695 2051 1955 2114 πολλάκις

376 2143 700 2212 εἰρήκαμεν,
732 2140 794 2194 τὸ
821 2140 1156 2210 Εὑαγγέλιον
1181 2142 1504 2211 ἀνυψοῦται,
1563 2143 1836 2212 κηρύττον
1863 2146 1955 2198 καὶ

377 2235 508 2288 αὐτὸ
535 2235 636 2304 τὴν
657 2233 960 2289 ἀνάστασιν
989 2234 1086 2288 καὶ
1119 2235 1200 2301 τὸ,
1247 2252 1267 2286 «
1311 2235 1480 2304 Σοφία
1528 2234 1703 2305 ὀρθοὶ,
1739 2255 1756 2287 »
1800 2237 1956 2304 λέγε-

376 2342 492 2392 ται,
527 2327 606 2388 είς
637 2326 902 2396 κήρυγμα
935 2326 1030 2380 καὶ
1066 2325 1226 2379 τοῦτο
1253 2327 1354 2397 τῆς
1419 2327 1798 2396 ἀναστάσεως,
1861 2332 1956 2384 καὶ

377 2417 718 2488 ψαλλομένου
749 2418 830 2480 εις
855 2417 938 2482 τὸ,
970 2435 988 2468 ι
1029 2415 1135 2470 Καὶ
1190 2415 1286 2469 νῦν
1351 2416 1446 2470 καὶ
1503 2417 1610 2483 ἀεὶ,
1664 2419 1934 2489 ὑπερευλο

381 2511 595 2580 γημένη
631 2509 933 2580 ύπάρχειςο
969 2527 988 2562 »
1017 2509 1207 2578 ιπειδὴ
1235 2509 1324 2564 6ιά
1349 2512 1447 2582 τῆς
1475 2511 1743 2565 Θεοτόκου
1779 2513 1812 2583 ἠ
1846 2530 1951 2565 σωο

379 2604 548 2673 ⁸ττερίσι
573 2604 706 2673 ἡμῖν
740 2603 973 2666 δέδοται,
998 2605 1094 2658 καὶ
1114 2603 1146 2672 ἡ
1170 2603 1388 2673 κατάρα
1416 2603 1514 2672 τῆς
1541 2604 1680 2668 Eua;
1714 2605 1952 2660 λέλυται.

387 2694 751 2747 Εἱσελθόντων
799 2691 951 2746 ἔνδον
1000 2693 1111 2748 τῶν
1171 2693 1385 2764 ἱερέων,
1452 2695 1670 2766 πρῶτον
1712 2697 1810 2766 μὲν
1866 2698 1955 2751 ὑπ’

382 2784 733 2854 ἀναγνώστου
777 2785 834 2837 ἑν
866 2784 942 2854 τῷ
971 2784 1189 2854 ἄμϐωνι
1223 2785 1315 2838 τὸν
1349 2785 1584 2855 σταυρὸν
1633 2786 1956 2856 κατέιοντος

381 2880 463 2942 τὸ,
497 2897 516 2931 ι
551 2879 689 2944 Δόξα
725 2879 784 2931 ὲν
830 2877 1080 2946 ὑψίστοις
1115 2877 1255 2948 Θεῷ,
1304 2898 1324 2928 »
1392 2877 1635 2946 λέγεται,
1667 2878 1864 2934 ἔπειτα
1900 2879 1957 2932 δὲ

381 2969 488 3023 ὑπὸ
515 2968 624 3023 τῶν
647 2967 869 3038 ψαλτῶν
896 2967 1218 3040 ᾁσματικῶς
1257 2967 1464 3038 ᾄδεται.
1510 2963 1644 3021 Εἶτα
1684 2970 1834 3031 ἐντὸς
1862 2959 1957 3020 τοῦ

385 3062 533 3132 ἱεροῦ
577 3061 824 3133 βήματος
852 3060 1004 3129 παρα
1033 3059 1141 3115 τῶν
1168 3059 1384 3131 ςίιρέων
1437 3057 1574 3130 όμοῦ
1626 3058 1772 3114 ἅπαν
1804 3060 1958 3128 λέγε-

383 3172 496 3221 ται,
518 3154 624 3207 ἀπὸ
649 3151 766 3219 τοῦ,
820 3151 944 3205 «Ἐν
972 3150 1281 3223 ἀνθρώποις
1327 3151 1564 3216 εὐδοκία.
1599 3171 1620 3206 »
1658 3151 1955 3222 συμφώνου

382 3247 480 3316 τῆς
510 3245 821 3313 δοξολογίας
852 3244 1054 3310 ἔξωθέν
1103 3261 1162 3296 τε
1201 3245 1297 3298 καὶ
1353 3243 1559 3298 ἔσωθεν
1612 3244 1905 3315 γινομένης
1938 3257 1954 3274 ο

380 3340 462 3392 ὃτι
490 3339 583 3392 καὶ
607 3336 706 3405 μία
725 3335 1024 3406 Ἐκκλησία
1054 3335 1144 3390 διά
1177 3337 1270 3389 τοῦ
1326 3335 1564 3407 Χριστοῦ
1615 3336 1728 3390 άνω
1762 3354 1817 3389 τε
1863 3338 1959 3390 καὶ

386 3427 535 3480 κάτω
563 3424 894 3495 γεγόναμεν’
949 3425 1044 3478 καὶ
1092 3423 1251 3476 τοῦτο
1298 3423 1377 3485 είς
1447 3423 1710 3494 κήρυγμα
1750 3425 1844 3477 καὶ
1877 3424 1960 3478 δό-

388 3514 486 3582 ξαν
511 3515 612 3584 τῆς
634 3512 877 3584 Χριστοῦ
929 3512 1308 3574 ἀναστάσεως.
1359 3512 1451 3565 Διὸ
1505 3512 1602 3564 καὶ
1665 3512 1960 3581 τροπάριον

385 3585 766 3675 άναὶστάσιμον
821 3605 903 3667 τὸ,
979 3621 998 3655 ι
1037 3601 1286 3672 Σήμερον
1340 3605 1608 3673 σωτηρία,
1658 3622 1674 3656 »
1741 3604 1797 3656 ὲν
1861 3605 1961 3672 μιᾷ

388 3700 643 3768 κυριακῇ
672 3714 688 3730 ⁶
721 3697 922 3759 καὶτὸ,
962 3714 981 3748 ι
1033 3696 1301 3758 ’Δναστάς
1333 3697 1396 3749 ὲκ
1427 3692 1522 3748 τοῦ
1561 3696 1847 3766 μνήματος
1868 3695 1959 3746 ’ἐν

388 3794 567 3862 ἑτέρα,
607 3811 626 3844 »
661 3791 780 3862 τρὶς
805 3789 1111 3861 ἡδυμελῶς,
1142 3788 1306 3849 ἐκτός
1364 3805 1423 3839 τε
1455 3786 1605 3856 παρά
1664 3787 1772 3839 τῶν
1818 3783 1960 3854 ψαλο

383 3886 514 3948 τῶν,
563 3883 660 3938 καὶ
714 3883 868 3945 ἐντὸς
917 3881 1070 3950 παρά
1113 3880 1221 3934 τῶν
1281 3879 1475 3948 ἱερέων
1517 3877 1799 3948 ψάλλεται,
1859 3878 1959 3946 τῆς

386 3977 640 4045 τοιαύτης
671 3974 880 4039 τάξεως
919 3971 1109 4042 σαφῶς
1148 3968 1504 4040 παρεστώσης
1545 3969 1642 4036 τὴν
1659 3967 1960 4022 ἀνάστασιν

385 4068 479 4121 τοῦ
504 4069 774 4137 Σωτῆρος.
810 4065 901 4118 Διὸ
929 4066 1022 4118 καὶ
1066 4062 1222 4125 εὐθὺς
1272 4062 1352 4125 τὸ,
1395 4078 1413 4112 ι
1460 4058 1787 4129 Ἀνάστηθι,
1851 4051 1962 4112 Κύ-

389 4177 493 4228 ριε,
533 4177 551 4210 »
637 4157 939 4226 ύάλλεταιδ
994 4154 1087 4209 καὶ
1149 4152 1210 4206 τὸ
1269 4151 1490 4206 ἑωθινὸν
1555 4149 1644 4204 ἐπ’
1703 4151 1962 4219 ἄμϐωνος

385 4247 824 4319 ἀναγινώσκεται
860 4246 1191 4316 Εὑαγγέλιον
1247 4246 1398 4314 παρά
1428 4243 1830 4315 πρεσϐυτέρου,
1864 4243 1961 4305 τὴν

384 4341 720 4409 τελεωτέραν
748 4338 900 4404 τάξιν
929 4338 1041 4391 τῶν
1107 4336 1358 4404 ἀγγέλων
1415 4337 1796 4404 ἐμφαίνοντος.
1851 4335 1960 4386 Καὶ

2059 481 2289 538 nostris.
2324 478 2429 534 ista
2461 493 2591 534 vero
2623 473 2974 549 prmdicatam
3011 474 3216 531 Christi
3271 475 3637 529 meonomiam

2058 572 2420 646 magniﬁcam
2468 582 2522 627 et
2573 569 2872 642 praesertim
2929 585 3024 640 per
3074 577 3290 639 partum
3360 566 3639 638 Baptism,

2057 673 2224 739 prout
2245 659 2621 736 praediximus.
2655 659 2718 716 Et
2737 663 2921 718 statim
2953 663 3006 716 in
3033 669 3288 732 suggesto
3313 661 3640 717 inchoatur:

2073 759 2293 817 «Gloria
2328 759 2380 814 in
2406 756 2637 813 excelsis
2665 757 2828 821 Deo,»
2872 772 2900 810 a
2934 757 3138 812 lectore
3172 756 3265 826 qui
3293 756 3348 811 in
3381 758 3640 812 manibus

2057 866 2280 909 crucem
2319 851 2518 921 accipit
2555 861 2708 906 stans
2737 851 2790 903 in
2823 859 3105 919 suggesto,
3171 858 3277 904 eta
3316 847 3640 904 cantoribus

2057 945 2417 1001 continuatur
2450 956 2646 1012 magna
2683 940 2992 1012 doxologia.
3020 936 3134 994 Hoc
3158 948 3338 996 autem
3365 940 3424 995 ﬁt
3445 939 3641 994 diebus
3680 1010 3692 1028 .

2057 1037 2308 1109 singulis.
2329 1035 2611 1092 Dominica
2627 1049 2754 1090 vero
2766 1040 3060 1089 cantantur
3074 1031 3267 1105 psalmi
3293 1049 3308 1086 :
3330 1051 3347 1084 «
3362 1031 3633 1088 Laudato»
3680 1039 3702 1108 g-

2057 1146 2181 1186 cum
2202 1127 2521 1186 intercalari
2549 1125 2844 1192 versiculo,
2877 1128 2999 1184 etin
3022 1125 3208 1183 ﬁnede
3237 1128 3641 1182 resurrectione
3682 1109 3728 1186 νε

2057 1223 2342 1288 versiculi,
2377 1221 2458 1276 vel
2501 1219 2625 1276 festi
2663 1219 2748 1275 vel
2797 1220 2979 1290 magni
3015 1219 3306 1290 cujusdam
3358 1222 3558 1285 sancti,
3592 1221 3640 1274 si

2057 1317 2153 1372 ﬁat
2200 1314 2319 1386 ejus
2377 1313 2853 1376 commemoratio,
2925 1310 3110 1369 Gloria
3187 1323 3244 1370 et
3309 1316 3637 1370 matutinum

2058 1400 2436 1473 Evangelium.
2474 1398 2527 1456 In
2559 1403 2667 1458 isto
2701 1399 2759 1457 ﬁt
2794 1404 3073 1473 ingressus
3105 1405 3454 1460 sacerdotum
3513 1422 3637 1462 cum

2057 1508 2222 1550 cruce
2277 1494 2577 1564 divinoque
2603 1495 2936 1565 Evangelio;
2972 1497 3062 1568 qui
3089 1498 3372 1570 ingressus
3392 1500 3540 1555 circa
3566 1503 3646 1553 di-

2061 1585 2307 1641 luculum
2360 1585 2538 1641 factus
2600 1585 2903 1641 Salvatoris
2967 1590 3426 1646 resurreCIionem
3472 1592 3647 1662 signis

2062 1675 2208 1730 ﬁcat.
2258 1674 2387 1730 Ideo
2416 1675 2794 1732 sacerdotibus
2827 1675 3010 1747 capite
3037 1677 3307 1733 inclinato
3329 1677 3645 1736 dicentibus

2061 1767 2370 1824 orationem
2427 1767 2710 1840 ingressus
2758 1768 2814 1824 in
2864 1768 3138 1826 matutino
3207 1767 3385 1827 factus
3443 1773 3643 1838 oﬁlcio,
3731 1818 3740 1826 .

2063 1859 2211 1930 quod
2243 1861 2481 1916 ostendit
2503 1860 2570 1915 ad
2605 1875 2707 1916 nos
2737 1868 2793 1916 et
2827 1876 3001 1933 usque
3031 1863 3098 1918 ad
3140 1863 3414 1920 internum
3461 1867 3642 1922 humi-

2064 1950 2348 2007 liationem
2383 1961 2440 2007 et
2482 1948 2820 2008 descensum
2909 1955 3124 2011 Domini
3181 1970 3641 2033 mortuorumth

2065 2045 2550 2110 resurrectionem,
2583 2046 2727 2102 sicut
2776 2061 2921 2116 smpe
2945 2064 3113 2119 supra
3158 2051 3424 2120 diximus,
3453 2058 3605 2112 eleiu
3627 2085 3642 2097 -

2065 2146 2154 2193 tur
2193 2136 2551 2208 Evangelium
2581 2139 2727 2210 quod
2772 2140 2953 2210 ipsum
3000 2149 3464 2204 resurrectionem
3499 2164 3637 2219 prae-

2063 2231 2227 2298 dicat,
2243 2241 2295 2286 et
2320 2231 2522 2286 dicitur
2548 2248 2562 2288 :
2593 2233 2898 2304 «Sapientia
2920 2237 3144 2304 erecti,»
3174 2240 3379 2309 pariter
3415 2242 3468 2298 in
3500 2259 3638 2314 pra:-

2063 2325 2390 2381 dicationem
2418 2327 2869 2396 resurrectionis,
2901 2338 2956 2386 et
3003 2330 3257 2400 psallitur
3322 2333 3393 2389 ad
3435 2338 3639 2393 verba:

2070 2435 2088 2468 «
2131 2416 2192 2471 Et
2219 2431 2366 2471 nunc
2398 2423 2454 2472 et
2477 2432 2716 2488 semper,
2750 2435 2913 2490 super
2945 2436 3137 2480 omnes
3174 2424 3460 2483 benedicta
3498 2445 3576 2488 es.
3617 2452 3637 2485 »

2065 2509 2323 2578 quoniam
2347 2524 2443 2582 per
2470 2509 2759 2581 Dciparam
2796 2512 2952 2569 salus
2986 2514 3149 2572 nobis
3189 2517 3316 2574 data
3350 2530 3453 2586 est,
3490 2525 3643 2578 solu-

2065 2610 2231 2671 taque
2289 2602 2415 2657 Eva
2465 2603 2796 2658 maledictio.
2839 2602 3110 2676 Ingressis
3143 2607 3292 2666 intus
3343 2615 3648 2671 sacerdoti-

2067 2690 2193 2760 bus,
2225 2693 2462 2764 primum
2498 2695 2714 2764 quidem
2753 2711 2782 2750 a
2828 2696 3033 2753 lectore
3067 2715 3284 2757 crucem
3317 2711 3534 2762 tenente
3589 2711 3640 2762 in

2064 2792 2320 2852 suggesto
2337 2783 2564 2841 dicitur:
2593 2783 2805 2840 «Gloria
2826 2786 2878 2842 in
2908 2789 3136 2845 excelsis
3163 2793 3327 2854 Deo,»
3362 2803 3415 2850 et
3442 2796 3644 2855 deinde

2065 2891 2094 2928 a
2136 2877 2458 2932 cantoribus
2495 2879 2768 2935 modulate
2795 2882 3074 2950 psallitur.
3115 2880 3314 2943 Postea
3372 2889 3514 2945 intra
3547 2908 3640 2948 sa-

2062 2980 2219 3021 crum
2249 2969 2622 3023 sanctuarium
2657 2986 2686 3025 a
2719 2973 3101 3033 sacerdotibus
3127 2978 3293 3034 simul
3334 2990 3507 3038 totum
3553 2987 3641 3039 di-

2065 3057 2290 3113 citurab
2315 3059 2428 3115 his:
2462 3061 2560 3115 «Et
2581 3061 2634 3116 in
2661 3062 2978 3120 howinibus
2998 3066 3138 3123 bona
3154 3069 3459 3137 voluntas,»
3493 3073 3646 3130 itaut

2065 3160 2172 3205 tam
2220 3162 2374 3207 extra
2411 3167 2574 3224 quam
2611 3157 2751 3211 intra
2782 3159 3134 3215 concorditer
3176 3162 3268 3217 ﬁat
3307 3166 3594 3239 doxologia
3624 3210 3640 3232 ,

2062 3241 2317 3311 quoniam
2344 3258 2439 3312 per
2471 3245 2752 3301 Christum
2785 3264 2890 3303 una
2926 3249 3166 3307 Ecclesia
3195 3269 3357 3323 supra
3395 3267 3450 3311 et
3497 3258 3641 3314 intra

2063 3329 2192 3388 facti
2252 3349 2480 3400 sumus;
2519 3336 2663 3405 quod
2695 3337 2858 3392 etiam
2915 3339 2973 3394 ﬁt
3029 3341 3097 3396 ad
3155 3345 3555 3412 prmdicaudam
3590 3362 3646 3404 et

2063 3425 2471 3494 gloriﬁcaudam
2504 3425 2707 3483 Christi
2740 3433 3362 3493 resurrectionem.ldeo
3387 3447 3440 3493 et
3471 3443 3646 3497 versi.

2064 3517 2225 3571 culus
2259 3519 2710 3576 resurrectionis:
2737 3521 2944 3578 «Hodie
2964 3525 3166 3590 salus.»
3234 3529 3287 3582 in
3323 3546 3428 3585 una
3456 3530 3643 3588 Domi-

2065 3609 2208 3674 nica,
2240 3611 2342 3664 iste
2376 3626 2505 3666 Vero
2533 3627 2830 3684 resurgens
2853 3629 2919 3671 ex
2971 3630 3345 3686 monumento,
3388 3623 3442 3676 in
3473 3625 3643 3681 altera

2067 3710 2148 3754 ter
2205 3701 2338 3755 foris
2381 3717 2412 3755 a
2469 3705 2791 3759 cantoribus
2865 3706 3126 3777 intusque
3177 3726 3208 3765 a
3255 3714 3634 3772 sacerdoﬁbus

2065 3792 2309 3846 suaviter
2343 3794 2614 3861 psallitur.
2642 3795 2740 3850 llic
2761 3797 2896 3852 ordo
2925 3799 3248 3857 mirabiliter
3281 3809 3643 3863 resurrectio-

2066 3899 2187 3938 nem
2226 3882 2524 3940 Salvatoris
2552 3887 2792 3942 exhibet.
2815 3887 3162 3961 Quapropter
3194 3893 3340 3951 illico
3361 3898 3638 3967 psallitur:

2075 3976 2381 4048 «Exsurge,
2421 3976 2710 4045 Domine,»
2752 3989 2806 4034 et
2839 3985 3168 4040 matutinum
3203 3986 3556 4060 Evangelium
3591 3994 3642 4046 in

2063 4067 2297 4123 amboue
2334 4068 2529 4138 legitur
2566 4086 2595 4124 a
2637 4073 2921 4131 sacerdote
2969 4089 3062 4146 qut
3109 4078 3489 4148 perfectiorem
3543 4101 3640 4138 an-

2065 4160 2307 4229 gelorum
2342 4157 2587 4216 ordinem
2627 4165 2908 4234 exprimit,
2934 4176 2989 4224 et
3032 4181 3154 4238 post
3208 4172 3312 4228 hoc
3343 4177 3638 4232 continens

2064 4251 2398 4320 deprecatio,
2459 4269 2666 4325 magna:
2714 4272 2926 4328 preces,
2982 4262 3175 4329 capitis
3239 4264 3550 4335 inclinatio,
3588 4280 3644 4324 ct

2064 4342 2355 4398 absolutio.
2423 4342 2497 4399 lla
2547 4347 2767 4416 quidem
2809 4353 3140 4409 matutinum
3186 4357 3468 4426 perﬁcitur
3526 4360 3646 4416 olli-

389 4434 530 4500 μετὰ
559 4431 717 4483 τοῦτο
747 4432 779 4500 ἡ
814 4429 1036 4502 ἑκτενὴς
1071 4428 1276 4498 δέησις,
1306 4429 1364 4480 αἱ
1406 4427 1642 4494 μεγάλαι
1689 4427 1956 4494 αίτήσεις.

2066 4433 2246 4500 cium;
2277 4435 2417 4492 ritus
2459 4453 2587 4492 vero
2618 4441 2980 4497 sanctissimae
3012 4442 3248 4516 liturgim
3274 4447 3394 4502 aliis
3420 4452 3473 4504 in
3512 4451 3645 4506 locis

387 4527 420 4594 ἡ
455 4523 874 4592 κεφαλοκλισία,
907 4523 1003 4574 καὶ
1035 4522 1066 4591 ἡ
1102 4522 1396 4579 ἀπόλυσις.
1428 4518 1589 4571 Οὕτω
1620 4517 1722 4587 μὲν
1748 4517 1844 4570 οῦν
1870 4519 1967 4571 καὶ

390 4618 459 4668 τὲι
503 4615 595 4668 τοῦ
631 4613 836 4684 ὄρθρου
871 4612 1210 4665 τετέλεσται.
1247 4611 1329 4662 Τὰ
1359 4609 1415 4662 δὲ
1463 4609 1560 4677 τῆς
1595 4608 1806 4670 τελείας
1858 4608 1966 4659 λει-

390 4711 647 4780 τουργίας
679 4708 1121 4778 προεγράφησαν
1159 4705 1215 4758 ιν
1239 4703 1468 4775 ἑτέροις.

958 4819 1214 4876 ΚΕΦΑΛ.
1248 4817 1428 4873 ΤΝΒ’.

390 4915 526 4986 Περὶ
560 4915 668 4984 τῆς
699 4915 1043 4985 τριτοέκτης
1065 4915 1134 4986 ἐν
1153 4912 1281 4977 ταῖς
1315 4911 1649 4986 νηστείαις,
1702 4907 1801 4963 καὶ
1857 4901 1964 4976 τῆς

704 4982 1195 5055 θὶροηγιασμένης
1237 4982 1638 5051 λειτουργίας.

453 5077 570 5132 Νῦν
618 5078 676 5130 δὲ
727 5077 859 5148 περὶ
893 5077 992 5146 τῆς
1039 5077 1096 5129 ὲν
1157 5074 1276 5138 ταῖς
1327 5074 1604 5143 νηστείαις
1643 5072 1962 5142 τρηοέκτης

384 5167 622 5239 ἓροῦμεν
684 5169 807 5240 ἥτις
877 5167 1325 5234 ἀναγκαιοτάτως
1394 5163 1650 5235 ἡνωμένη
1721 5163 1836 5215 ἐστὶ
1895 5165 1958 5231 τῇ

383 5261 703 5332 λειτουργίᾳ
723 5260 868 5314 κατά
889 5258 994 5328 τὴν
1022 5258 1184 5327 ἁγίαν
1204 5254 1672 5326 Τεσσαρακοστὴν
1695 5253 1959 5322 γινομένη

381 5359 442 5408 ἐν
460 5357 580 5416 ταῖς
601 5353 922 5417 καθολικαῖς
942 5351 1264 5422 ἐκκλησίαις
1287 5351 1442 5421 παρά
1457 5349 1567 5403 τῶν
1589 5348 1871 5417 κοσμικῶν
1892 5347 1967 5398 la-

381 5447 548 5517 ρέων·
570 5447 602 5515 ὴ
630 5447 725 5498 καὶ
744 5444 834 5498 τὸν
856 5445 1030 5498 τύπον
1055 5441 1333 5508 ἀποσώζει
1352 5442 1450 5512 τῆς
1472 5439 1771 5510 καθολικῆς
1793 5441 1966 5509 μεγά-

2064 4527 2316 4596 θηιιὶιῖθιὶ
2353 4540 2501 4584 sunt.

2602 4809 2831 4871 CA’PUT
2867 4814 3111 4874 CCCLII.

2064 4907 2140 4960 De
2170 4906 2374 4962 cantico
2407 4908 2542 4984 inter
2566 4910 2776 4984 tertiam
2808 4919 2856 4962 et
2873 4920 3080 4964 sextam
3110 4911 3293 4966 horam
3325 4912 3643 4984 injejtmit's,

2366 4989 2414 5030 et
2448 4979 2512 5030 de
2546 4979 2708 5032 missa
2735 4977 3346 5050 Prwsancti/icatorum.

2135 5070 2286 5127 Nunc
2341 5073 2407 5126 de
2466 5072 2722 5126 cautione
2774 5083 2895 5141 qua:
2953 5073 3011 5128 ﬁt
3048 5075 3100 5128 in
3133 5075 3361 5146 jejuniis
3423 5080 3642 5132 tertiam

2064 5163 2202 5217 inter
2246 5173 2304 5217 et
2355 5176 2564 5218 seriam
2626 5163 2816 5217 horam
2879 5164 3368 5235 disserimus,qua3
3415 5182 3646 5236 prorsus

2063 5256 2377 5312 necessario
2406 5254 2582 5309 Missae
2618 5255 2851 5310 adunata
2883 5271 2980 5324 per
3042 5265 3284 5311 sanctam
3327 5256 3647 5329 Quadragc-

2061 5349 2257 5402 simam
2295 5349 2348 5401 in
2382 5347 2655 5403 universis
2709 5345 2968 5402 Ecclesiis
3014 5347 3073 5401 ﬁt
3104 5363 3134 5402 a
3167 5351 3526 5405 saecularibus
3559 5367 3646 5406 sa-

2063 5439 2424 5504 cerdotibus,
2477 5439 2528 5492 in
2577 5454 2684 5508 qua
2733 5439 3015 5494 catholicae
3071 5454 3281 5510 magna:
3310 5450 3365 5496 et
3431 5455 3644 5500 sancta:

379 5537 482 5608 λης
521 5535 681 5606 253
747 5535 900 5606 ἱερᾶς
952 5534 1300 5606 λειτουργίας
1328 5536 1460 5606 άχρι
1488 5535 1583 5588 καὶ
1607 5533 1706 5603 τῆς
1727 5533 1956 5604 μεγάλης

2068 5535 2250 5589 missa:
2279 5545 2530 5588 servatur
2559 5535 2695 5586 ordo
2720 5546 2895 5601 usque
2923 5531 2989 5586 ad
3013 5547 3266 5602 magnum
3311 5533 3644 5604 ingressum.

380 5629 613 5683 εἰσόδου.
641 5627 814 5682 Τοῦτο
835 5630 890 5683 δὲ
914 5629 1184 5700 ἐπενοήθη
1205 5632 1316 5693 τοῖς
1332 5629 1581 5700 ἀρχαίοις
1613 5627 1858 5697 Πατράσι
1883 5625 1956 5678 διᾶ

2069 5628 2186 5681 [Ioc
2215 5635 2396 5678 autem
2429 5640 2456 5677 a
2489 5624 2687 5692 priscis
2741 5623 2991 5694 patribus
3032 5625 3314 5679 inventum
3341 5634 3449 5688 est,
3504 5644 3646 5699 quo-

377 5721 440 5776 τὸ
490 5721 565 5793 μὴ
625 5722 842 5775 τελείαν
897 5721 1245 5790 λειτουργίαν
1303 5723 1359 5774 ἐν
1399 5725 1464 5792 τῇ
1529 5721 1662 5792 ἁγίᾳ
1721 5719 1956 5790 γίνεσοαε

2073 5719 2220 5776 niam
2251 5715 2411 5772 Missa
2443 5731 2552 5774 non
2587 5717 2868 5788 perﬁcitur
2897 5717 2949 5772 in
2975 5728 3163 5775 sancta
3191 5716 3642 5791 Quadragesima.

666 5818 933 5876 ΡΑτξιοι..
989 5814 1084 5873 Gn
1145 5813 1315 5872 CLV.

3249 5811 3318 5873 21
