4094 6194
487 297 593 364 651

1317 291 1694 352 SYMEONIS
1726 290 2484 352 TllESSALONlCENSlS
2524 293 2886 354 ARCIIIEP.
3610 302 3704 364 632

479 406 617 464 Illud
649 414 830 458 autem
858 400 1135 455 canticum
1177 398 1280 454 boc
1312 396 1473 453 nodo
1507 395 1856 468 adimpletur.
1891 395 2054 452 Tem-

2169 400 2612 471 τεσσαρακοστῇ.
2643 400 2893 454 Τελεῖται
2933 401 2989 455 δὲ
3021 403 3053 473 ἠ
3087 402 3379 475 τριτοέκτη
3413 403 3568 463 οὕτω.
3607 410 3706 464 Λα-

478 517 609 572 pore
627 508 932 569 opportuno
955 494 1216 550 diaconus
1239 491 1370 546 dicit
1397 508 1413 546 :
1449 510 1466 542 «
1482 490 1732 556 Benedic,
1762 490 2010 546 Domine.
2029 510 2048 544 ι

479 593 736 649 sacerdos
760 603 915 644 vero:
942 585 1322 640 «Benedictum
1351 597 1577 654 regnum
1598 600 1643 648 ;i
1675 582 1940 638 diaconus
1964 597 2057 653 pa-

478 685 632 738 ciﬁca
679 682 872 742 addit,
929 677 1188 734 sacerdos
1249 685 1430 731 autem
1498 674 1687 742 primae
1745 676 2058 746 antipbonte

474 776 818 832 orationem:
857 773 1050 836 «Deus,
1085 771 1178 841 qui
1214 772 1370 826 sedes
1406 784 1568 840 super
1620 768 1967 834 Cberubim,»
2003 775 2058 824 et

478 867 747 921 exclamat
782 882 796 920 :
843 862 1144 930 «Quoniam
1183 870 1238 916 tu
1275 877 1333 916 es
1362 861 1506 916 Deus
1540 869 1749 924 noster,
1785 858 1926 914 Deus
1958 860 2057 925 mi:

477 957 842 1013 sericordim.)
873 958 935 1009 Et
960 964 1213 1009 cantores
1232 955 1500 1024 psalmum
1531 952 1806 1022 integrum
1830 951 2054 1006 dicunt:

482 1053 590 1105 «Ad
612 1062 684 1115 te,
721 1049 966 1111 Domine,
1000 1047 1427 1102 levavianimam
1461 1059 1694 1110 meam,»
1733 1059 1831 1114 per
1865 1058 2058 1099 versus

479 1144 726 1216 singulos
766 1149 1094 1196 cantantes:
1141 1137 1570 1193 «intercessione
1587 1136 1681 1190 Dei
1699 1135 2052 1190 Gellitricisu

477 1240 719 1306 itemque
739 1234 947 1289 tGloria
966 1241 1018 1286 et
1037 1247 1200 1286 nunc.
1217 1250 1234 1283 ι
1260 1231 1531 1284 Diaconus
1553 1229 1745 1283 iterum
1766 1244 1808 1284 :«
1834 1225 1897 1282 Et
1917 1244 2060 1283 nunc

479 1343 753 1396 quoque,»
785 1336 838 1379 et
863 1325 1121 1379 sacerdos
1145 1333 1355 1377 secreto
1379 1321 1510 1375 dicit
1528 1321 1832 1375 orationem
1862 1334 2061 1374 secun-

477 1425 559 1472 dae
583 1420 891 1488 antipbonaa
915 1434 930 1473 :
958 1437 974 1468 «
1012 1415 1380 1486 Deprecamur
1432 1425 1502 1480 te,
1555 1413 1779 1468 Domine
1801 1410 2061 1466 Deusno-

481 1526 651 1577 sier,»
693 1524 746 1566 et
777 1510 1043 1566 exclamat
1071 1527 1083 1563 :
1115 1509 1408 1574 «Quoniam
1439 1505 1798 1576 gloriﬁcatum
1830 1513 2056 1559 estsan-

477 1606 782 1659 ctissimum
841 1617 1037 1656 nomen
1097 1613 1300 1654 tuum»
1349 1599 1415 1652 Et
1445 1608 1703 1653 cantores
1761 1598 2059 1652 secundam

481 1697 834 1765 autipbonam
863 1694 1116 1762 psallunt,
1140 1690 1406 1761 psalmum
1430 1691 1698 1757 integrum
1723 1703 1736 1742 :
1771 1686 2062 1765 «Dominus

479 1789 805 1844 illuminatio
834 1802 950 1839 mea
981 1793 1034 1839 et
1082 1787 1230 1838 salus
1261 1773 1402 1848 mea,
1448 1801 1466 1832 ι
1500 1781 1710 1835 «luobus
1741 1760 1925 1835 eboris
1960 1796 2056 1849 per

480 1882 724 1950 singulos
747 1895 932 1934 versus
957 1877 1264 1931 dicentibus
1289 1891 1302 1934 :
1333 1873 1524 1928 «Salva
1552 1888 1674 1938 nos,
1700 1871 1798 1926 Fili
1821 1872 1936 1937 Dei,
1961 1873 2057 1927 tibi

489 1975 785 2044 psallentes
842 1969 1110 2032 Alleluia;
1144 1987 1161 2019 ›
1201 1979 1255 2022 et
1288 1966 1427 2020 idem
1485 1984 1503 2018 «
1540 1963 1719 2020 Gloria
1770 1973 1824 2019 et
1854 1981 2052 2019 nunc.»

514 2067 834 2130 Rursusque
855 2062 1154 2113 diaconus:
1185 2056 1278 2111 «Et
1306 2071 1754 2126 nunc-quoque.»
1792 2059 2060 2110 Sacerdos

483 2171 609 2211 vero
629 2155 843 2209 tertiam
866 2163 1073 2207 secreto
1093 2150 1400 2204 orationem
1419 2150 1551 2202 dicit
1576 2165 1590 2201 :
1628 2167 1644 2199 «
1667 2147 1893 2201 Domine
1920 2147 2060 2202 Deus

483 2248 828 2315 «minipotens
853 2263 899 2308 ,ι
939 2253 992 2298 et
1031 2243 1323 2308 exclamat,
1360 2259 1378 2292 «
1408 2240 1674 2307 Quoniam
1707 2243 1903 2296 bonus.
1939 2258 1957 2290 ›
1996 2240 2060 2293 Et

482 2341 641 2394 tertia
675 2338 928 2408 psallitur
960 2337 1280 2404 antipbona,
1332 2343 1563 2403 utroque
1615 2335 1782 2388 choro
1826 2333 2061 2403 singulis

486 2431 732 2485 versibus
761 2429 992 2482 addente
1026 2427 1222 2496 duplex
1254 2425 1492 2480 alleluia.
1522 2421 1692 2480 Poi‘ro
1719 2426 1786 2478 ad
1816 2440 2061 2484 versum.

491 2523 622 2590 «Qui
655 2521 895 2576 ambulat
924 2521 979 2573 in
1010 2522 1094 2572 via
1130 2519 1535 2582 immaculata,»
1576 2532 1751 2588 usque
1782 2517 1849 2571 ad
1900 2518 2061 2570 linem

485 2615 698 2684 psalmi,
726 2613 873 2668 velut
900 2613 952 2666 in
988 2626 1095 2666 uno
1133 2625 1293 2665 versu
1313 2625 1341 2663 a
1376 2608 1692 2664 sanctuariu
1719 2608 1773 2662 in
1801 2607 2062 2678 σωλέα(Ι)

492 2707 874 2778 ingrediuntur
901 2707 1164 2760 diaconus
1203 2712 1256 2758 et
1286 2705 1566 2769 sacerdos,
1593 2705 1804 2774 absque
1835 2702 2063 2758 lumini-

486 2801 587 2856 bus
611 2816 710 2855 nec
745 2799 991 2862 incenso,
1042 2797 1333 2852 Dominum
1367 2796 1421 2849 in
1447 2809 1667 2850 crucem
1697 2796 1843 2849 circa
1873 2795 2063 2850 horam

2159 489 2268 560 βὼν
2289 489 2482 560 καιρὸν
2497 490 2525 542 6
2547 490 2794 555 διάκονος
2813 491 2984 562 λέγει,
3016 511 3035 545 «
3062 492 3395 566 Εὐλόγησον,
3416 497 3657 559 δέσποτα.
3689 523 3703 555 ι

2171 581 2230 635 '0
2266 583 2467 652 ἱερεὺς,
2517 602 2535 636 «
2561 583 2918 656 Εὐλογημένη
2954 587 2988 656 ἡ
3021 586 3293 657 βασιλεία.
3329 605 3350 640 ι
3400 589 3455 642 '0
3485 591 3710 658 διάκονος

2159 671 2226 724 τὰ
2266 671 2538 742 εἰρηνικά.
2585 671 2648 728 Ὀ
2680 674 2863 744 ἱερεὺς
2892 675 2992 748 τὴν
3021 676 3187 748 εὐχὴν
3221 677 3318 732 τοῦ
3346 679 3557 751 πρώτου
3577 684 3712 737 ἀντι-

2160 763 2364 831 φώνου,
2399 782 2417 816 ι
2442 764 2502 820 Ὀ
2533 765 2666 828 Θεὸς
2693 767 2721 820 6
2752 767 2840 820 έπὶ
2865 768 2974 821 τῶν
3000 768 3283 840 Χερουϐὶμ
3304 771 3666 843 καθεζόμενος.
3694 796 3708 829 ι

2160 858 2272 910 Kal
2295 859 2557 927 ὲκφωνεί,
2602 877 2620 911 «
2663 859 2789 912 Ὅτι
2825 860 2892 912 σὺ
2925 855 2974 913 εἶ
3007 862 3034 914 6
3065 860 3200 927 Θεδς
3249 864 3429 934 ἡμῶν,
3455 867 3582 930 Θεὸς
3629 869 3714 921 τοῦ

2161 951 2359 1006 ἐλεεῖν.
2397 970 2416 1004 ι
2450 953 2558 1007 Kal
2587 954 2634 1006 οἱ
2664 953 2866 1023 ψάλται
2887 957 2979 1008 τὸν
3000 955 3230 1028 Ψαλμδν
3259 958 3472 1014 ἅπαντα
3496 960 3714 1030 λέγουσι,

2167 1064 2186 1098 «
2223 1046 2365 1114 Πρὸς
2396 1046 2474 1110 σὲ,
2517 1045 2713 1116 Κύριε,
2748 1043 2861 1119 ἦρα
2887 1048 2988 1120 τὴν
3020 1048 3200 1121 ψυχήν
3237 1068 3362 1121 μου,
3400 1071 3419 1104 ι
3461 1056 3594 1108 κατὰ
3617 1057 3721 1108 στίο

2162 1153 2257 1208 χον
2279 1137 2519 1208 ᾄδοντες,
2561 1158 2580 1191 «
2612 1140 2746 1202 Ταῖς
2781 1141 3108 1210 πρεσϐείαις
3145 1144 3245 1214 τῆς
3284 1143 3566 1200 Θεοτόκου.
3595 1149 3721 1211 Δόξα

2164 1232 2258 1284 καὶ
2281 1230 2375 1284 νῦν
2403 1231 2462 1283 τὸ
2508 1233 2660 1285 αὐτὸ.
2705 1253 2722 1285 ι
2769 1233 2829 1287 'O
2883 1235 3134 1298 διάκονος
3190 1236 3377 1301 πάλιν,
3422 1256 3440 1290 «
3471 1239 3590 1294 Ἔτι
3636 1243 3722 1293 καὶ

2164 1321 2267 1376 ἔτι.
2305 1340 2322 1372 ι
2389 1321 2450 1377 Ὀ
2481 1325 2660 1391 ἱερεὺς
2693 1325 2975 1393 μυστικῶς
3008 1326 3107 1396 τὴν
3145 1327 3312 1399 εὐχὴν
3355 1330 3449 1382 τοῦ
3487 1331 3722 1400 δευτέρου

2163 1415 2504 1482 άντιφώνου,
2548 1433 2565 1466 «
2597 1416 2842 1485 Δεόμεθά
2870 1434 2986 1483 σου,
3046 1418 3217 1487 Κύριε
3266 1422 3292 1473 6
3321 1421 3452 1485 Θεὸς
3480 1424 3631 1491 ἡμῶν
3654 1443 3667 1457 ·
3705 1445 3718 1475 ι

2166 1507 2259 1558 καὶ
2299 1507 2554 1574 ὲκψωνεῖ,
2595 1525 2613 1558 «
2679 1508 2803 1560 Ὀτι
2863 1510 3179 1576 δεδόξασταί
3242 1529 3334 1564 σου
3365 1512 3427 1566 τδ
3478 1516 3725 1583 πανάγιον

2165 1596 2355 1666 ὄνομα.
2391 1618 2410 1652 ι
2452 1600 2559 1651 Kal
2599 1599 2647 1652 oi
2672 1599 2872 1668 ψάλται
2895 1602 2956 1654 τὸ
2989 1601 3240 1670 δεύτερον
3301 1603 3618 1673 ἀντίφωνον,
3643 1606 3728 1659 τὸν

2170 1689 2397 1757 Ψαλμδν
2434 1692 2675 1754 ἅπαντα,
2733 1710 2750 1742 «
2791 1692 2993 1761 Κύριός
3046 1694 3332 1763 φωτισμός
3368 1712 3471 1764 μου
3509 1697 3594 1748 καὶ
3625 1697 3728 1749 Σω-

2163 1783 2267 1852 τήρ
2302 1800 2425 1851 μου,
2461 1803 2478 1834 ι
2523 1786 2618 1835 καὶ
2661 1784 2846 1852 στίχον
2878 1784 3129 1853 λέγοντες
3161 1787 3211 1837 οἱ
3242 1786 3335 1839 δύο
3363 1791 3536 1857 χοροὶ,
3570 1807 3587 1839 «
3624 1789 3728 1840 Σῶ-

2164 1890 2256 1924 σον
2298 1875 2463 1943 ἡμᾶς.
2531 1875 2626 1927 Υἱὲ
2691 1875 2850 1940 Θεοῦ,
2917 1877 3226 1945 ψάλλοντάς
3264 1896 3346 1932 σοι
3408 1881 3728 1950 Ἀλληλούῖα.

2161 1963 2298 2028 Διίξα
2352 1964 2449 2016 καὶ
2493 1965 2589 2018 νῦν
2644 1965 2701 2017 τὸ
2755 1966 2909 2018 αὑτό.
2967 1985 2984 2016 ι
3031 1967 3140 2020 Καὶ
3193 1967 3351 2031 αὖθις
3389 1972 3414 2022 ὁ
3476 1972 3733 2036 διάκονος,

2168 2072 2185 2104 «
2223 2053 2344 2105 Ἔτι
2374 2055 2467 2106 καὶ
2515 2054 2619 2108 ἔτι.
2666 2075 2682 2106 ι
2732 2055 2790 2107 Ὀ
2847 2057 3028 2126 ἱερεὺς
3079 2061 3366 2129 μυστικῶς
3402 2064 3498 2132 τὴν
3555 2064 3734 2134 τρίτην

2163 2145 2350 2216 εὐχὴν,
2393 2164 2412 2196 «
2453 2146 2624 2217 Κύριε
2652 2149 2679 2200 6
2711 2147 2846 2211 Θεὸς
2871 2149 2899 2200 6
2935 2152 3359 2221 παντοκράτωρ,
3393 2172 3409 2205 ι
3452 2155 3544 2206 καὶ
3573 2156 3737 2224 ἐκφω-

2164 2241 2262 2302 νεί,
2305 2257 2322 2290 «
2358 2239 2482 2292 Ὅτι
2533 2240 2761 2307 ἀγαθός.
2801 2259 2820 2294 ι
2867 2244 2977 2296 Kal
3011 2244 3273 2313 ψάλλεται
3298 2247 3363 2300 τὸ
3395 2247 3574 2316 τρίτον
3603 2247 3736 2302 ἀντί-

2166 2348 2344 2398 φωνον
2392 2334 2534 2385 κατὰ
2586 2336 2768 2404 στίχον
2803 2336 3075 2404 λεγόντων
3136 2339 3459 2410 Ἀλληλούῖα
3506 2341 3732 2396 διπλοῦν.

2167 2423 2261 2486 Ei;
2290 2424 2342 2476 δὲ
2370 2424 2462 2477 τὸν
2491 2425 2696 2494 στίχον,
2742 2446 2760 2479 «
2799 2429 3176 2498 Πορευομενος
3209 2434 3266 2485 ὲν
3293 2434 3402 2503 ὁδῷ
3449 2435 3679 2504 ἀμώμῳ,
3713 2453 3730 2485 ι

2167 2516 2296 2585 ἄχρι
2327 2516 2516 2580 τέλους
2551 2517 2646 2570 τοῦ
2679 2519 2910 2587 Ψαλμοῦ
2963 2522 3039 2584 ὡς
3096 2523 3154 2576 ἑν
3182 2525 3262 2576 ἑνὶ
3319 2526 3490 2592 στίχω
3540 2529 3734 2594 γίνεται

2169 2607 2372 2670 εἴσοδος
2402 2610 2482 2670 εἱς
2514 2608 2607 2661 τὸν
2647 2611 2823 2663 σωλέα
2858 2611 2922 2664 ὲκ
2955 2613 3049 2665 τοῦ
3083 2613 3331 2682 βήματος
3383 2616 3623 2669 διακόνου
3653 2617 3736 2668 καὶ

2097 2721 2124 2792 ἧς
2171 2701 2364 2769 ἱερέως
2411 2701 2532 2770 δίχα
2561 2699 2756 2768 φώτων
2823 2704 2920 2756 xal
2980 2704 3258 2774 θυμιατοῦ
3310 2709 3415 2777 τὴν
3475 2708 3605 2777 πρὸς
3656 2712 3738 2760 τὸν

2109 2845 2130 2878 ἓ
2170 2794 2409 2861 σταυρὸν
2448 2795 2755 2864 ἀπαγωγὴν
2810 2795 3118 2867 δηλούντων
3174 2797 3269 2851 τοῦ
3317 2801 3546 2870 Κυρίου,
3613 2801 3742 2854 κατὰ

485 2904 696 2950 sextam
721 2894 996 2948 sublatum
1032 2890 1409 2946 ostendentes.
1447 2889 1574 2944 ldeo
1601 2890 1747 2944 istud
1781 2888 1926 2944 inter
1957 2897 2067 2943 ter-

2169 2885 2266 2956 τὴν
2297 2885 2466 2956 ἕκτην
2495 2886 2648 2956 ὥραν
2673 2890 3077 2959 γεγενημένην.
3130 2890 3222 2943 Διὸ
3257 2893 3355 2944 καὶ
3418 2892 3554 2963 αὕτη
3586 2895 3639 2944 ἐν
3680 2895 3740 2962 τῇ

487 2991 612 3042 tiam
665 2997 989 3054 sextamque
1049 2985 1263 3047 horam,
1321 2982 1555 3037 diacono
1587 2981 1812 3051 quidem
1849 2981 2063 3036 dicente

2170 2980 2463 3051 τριτοέκτῃ
2524 2979 2782 3045 τελεῖται,
2850 2979 2944 3032 τοῦ
3018 2981 3268 3035 διακόνου
3333 2986 3437 3054 μὲν
3485 2985 3742 3052 λέγοντος,

489 3079 748 3145 Benedic,
773 3077 1028 3143 Domine,
1053 3089 1303 3130 sanctum
1332 3076 1642 3138 introitum,
1662 3074 1948 3129 sacerdote
1967 3089 2067 3126 au-

2176 3089 2195 3122 r
2231 3070 2560 3139 Εὑλὸγησον,
2625 3070 2886 3134 δέσποτα,
2949 3072 3053 3142 τὴν
3110 3073 3277 3140 ἁγίαν
3317 3074 3546 3136 εἴσοδον,
3585 3094 3602 3125 ι
3659 3073 3743 3124 τοῦ

489 3185 595 3225 tem
620 3171 837 3225 dicente
869 3168 1200 3240 orationem,
1245 3167 1604 3220 «Benedictus
1640 3167 1921 3237 ingressus
1946 3182 2070 3219 san-

490 3275 706 3316 ctorum
754 3271 994 3322 tuorum,
1017 3257 1268 3320 Domine,
1310 3261 1360 3309 in
1397 3266 1716 3333 perpetuum
1741 3265 1796 3310 et
1841 3271 1986 3310 nunc
2015 3263 2069 3310 et

489 3367 727 3420 semper.
744 3370 762 3403 ι
790 3351 898 3405 Iste
921 3364 1047 3403 vero
1071 3349 1370 3416 ingressus,
1398 3355 1457 3400 ut
1477 3347 1682 3401 dictum
1706 3356 1808 3411 est,
1835 3347 1887 3402 in
1905 3363 2069 3403 cruce

491 3427 850 3513 suspendium
876 3441 1115 3496 ostendit
1139 3439 1440 3495 Salvatoris
1461 3440 1604 3495 circa
1635 3442 1824 3494 horam
1858 3449 2068 3496 sextam

490 3535 690 3591 sublati
735 3544 790 3588 et
848 3532 1135 3598 cruciﬁxi,
1191 3530 1412 3601 quando
1480 3542 1532 3586 et
1589 3532 1850 3587 latronem
1908 3531 2112 3585 simul'

488 3629 812 3683 cruciﬁxum
865 3636 1086 3697 propter
1121 3641 1290 3693 pauca
1323 3623 1658 3694 pwnitentia:
1679 3625 1843 3679 verba
1878 3624 1931 3678 in
1961 3639 2071 3678 caa-

491 3723 604 3776 lum
659 3720 985 3774 introduxit.
1016 3718 1380 3784 Quamobrem
1432 3731 1673 3787 purpura
1736 3717 1911 3770 induti
1945 3725 2072 3770 sunt

490 3818 762 3872 diaconus
809 3826 866 3870 et
917 3814 1177 3870 sacerdos
1218 3813 1346 3868 hinc
1396 3811 1609 3866 Domini
1669 3811 1978 3881 passionem
2018 3819 2072 3863 et

490 3916 723 3962 mortem
760 3906 1156 3976 signiﬁcantes.
1194 3902 1396 3958 Verum
1460 3904 1607 3958 facto
1649 3905 1923 3974 ingressu,
1955 3903 2073 3956 dia-

491 4015 664 4053 conus
689 4000 889 4053 iterum
947 3999 1174 4068 paciﬁca
1223 3996 1377 4061 dicit,
1414 3996 1720 4052 orationem
1768 4004 1948 4049 autem
1985 4010 2073 4048 sa-

490 4089 705 4152 cerdos,
744 4088 1001 4144 «Domine
1039 4090 1176 4141 Deus
1196 4098 1411 4156 patrum
1435 4095 1805 4147 nostrorum,»
1834 4100 1952 4153 quae
1987 4091 2073 4138 est

495 4187 642 4236 liora:
672 4192 837 4236 sextae
881 4181 1079 4243 oratio,
1115 4189 1168 4232 ct
1210 4189 1465 4249 precatur
1513 4187 1573 4232 ut
1628 4179 2001 4232 custodiamur
2042 4193 2070 4230 a

492 4277 687 4345 Sagitta
723 4277 937 4329 volante
992 4274 1045 4327 in
1081 4273 1190 4338 die,
1235 4288 1264 4326 a
1297 4271 1517 4340 negotio
1564 4272 1982 4340 perambulante
2018 4271 2070 4324 in

501 4368 760 4432 tenebris,
811 4368 878 4420 ab
912 4366 1136 4418 incursu
1178 4371 1233 4415 et
1282 4361 1550 4415 dannonio
1582 4361 1908 4424 meridiano,
1942 4363 2072 4414 alia-

497 4477 603 4530 que
634 4461 803 4512 multa
827 4474 854 4511 a
891 4459 1000 4511 Deo
1027 4453 1315 4522 elilagitat.
1345 4454 1407 4506 Et
1441 4453 1735 4512 exclamat,
1774 4452 2072 4517 «Quoniam
2105 4437 2149 4488 ι)

500 4567 552 4607 te
583 4551 793 4613 decet,»
831 4548 1127 4616 statimque
1153 4555 1409 4599 cantores
1429 4543 1722 4614 prophetiae
1740 4544 2071 4597 versiculum

503 4646 874 4708 modulantur,
905 4649 960 4697 et
987 4641 1158 4694 lector
1190 4639 1244 4692 in
1281 4635 1513 4690 amboue
1535 4636 1667 4704 legit
1695 4636 2070 4704 prophetiam;

503 4757 609 4811 qua
639 4741 804 4802 dicta,
826 4739 1089 4793 diaconus
1121 4735 1218 4799 ait,
1245 4734 1530 4787 «Dicamus
1546 4745 1790 4784 omnes.»
1809 4728 2076 4810 Sacerdos

442 4855 452 4900 ι
505 4847 632 4886 vero
674 4833 978 4884 orationem
1015 4825 1351 4881 continentis
1406 4823 1808 4892 deprecationis
1862 4835 2074 4875 secreto

448 4907 459 5018 ᾗ
506 4927 784 4989 recitat,et
804 4921 1096 4983 exclamat,
1123 4917 1420 4985 «Quoniam
1440 4916 1778 4971 misericors.
1797 4935 1814 4967 ι
1838 4914 2079 4968 Caetera-

506 5038 612 5092 que
652 5021 786 5073 ﬁunt
839 5015 1142 5070 secundum
1198 5012 1443 5067 ordinem
1495 5009 1670 5064 Missa:
1736 5017 1858 5079 pest
1903 5010 2077 5062 Evan-

499 5111 722 5180 gelium.
806 5107 941 5161 Nam
1017 5106 1070 5158 in
1161 5103 1388 5174 ﬁguram
1466 5104 1707 5172 Apostoli
1777 5103 1937 5158 simul
2026 5114 2080 5158 et

505 5201 781 5272 Evangelii
808 5200 1002 5269 legitur
1037 5198 1194 5252 lectio
1224 5197 1344 5252 libri
1377 5197 1548 5262 Isaize,
1591 5209 1710 5251 aeta
1775 5198 2076 5253 Salvatoris

500 5295 806 5349 evidentius
845 5295 968 5346 aliis
1005 5292 1350 5360 pradicantis
1375 5301 1430 5346 et
1467 5291 1768 5360 praesertim
1805 5291 2078 5360 passuonis

504 5388 625 5457 ejus
653 5386 1122 5440 circumstantias.
1159 5383 1305 5437 [lane
1330 5382 1503 5436 fuisse
1523 5383 1802 5452 antiquam
1840 5398 1867 5434 a
1905 5382 2080 5436 Patri«

504 5482 609 5535 bus
641 5477 1093 5534 consuetudinem
1125 5486 1270 5544 patet
1297 5491 1359 5528 ex
1394 5490 1458 5528 eo
1484 5483 1628 5544 quod
1690 5477 1745 5527 in
1788 5474 1918 5543 ipsis
1957 5489 2077 5528 mo-

2173 3163 2362 3234 ἱερέως
2401 3162 2458 3215 δὲ
2502 3162 2600 3230 τὴν
2661 3162 2828 3232 εὐχὴν
2853 3164 2971 3230 τοῦ,
3005 3181 3022 3214 «
3065 3165 3435 3236 Εὐλογημένη
3491 3169 3523 3235 ἡ
3557 3165 3748 3226 εῐσοῗος

2169 3259 2278 3308 τῶν
2303 3254 2478 3322 ἁγίων
2514 3273 2629 3319 σου,
2669 3255 2864 3326 Κύριε,
2899 3257 3133 3310 πάντοτε
3167 3258 3263 3311 νῦν
3289 3261 3391 3311 καὶ
3421 3259 3527 3314 ἀεί.
3561 3278 3578 3310 ι
3609 3255 3749 3326 Αὕτη

2171 3349 2204 3418 ἡ
2232 3347 2464 3413 εἴσοδος,
2515 3349 2590 3411 ὡς
2627 3348 2862 3418 εἴρηται,
2891 3349 2980 3401 τὸν
3007 3350 3086 3410 εἱς
3116 3351 3208 3403 τὸν
3228 3353 3465 3421 σταυρὸν
3491 3351 3750 3419 ὲλκυσμδν

2171 3440 2325 3509 δηλοῖ
2354 3439 2446 3494 τοῦ
2479 3441 2754 3510 Σωτῆρος,
2787 3443 2928 3494 κατὰ
2974 3442 3072 3510 τὴν
3121 3441 3288 3511 ἕκτην
3321 3444 3477 3513 ὥραν
3539 3459 3752 3511 γεγενη-

2178 3534 2338 3605 μένον
2369 3534 2712 3603 ἀπαχθέντος
2752 3534 2846 3588 καὶ
2893 3533 3304 3601 σταυρωθέντος
3335 3552 3350 3566 ·
3387 3538 3475 3588 ὅτε
3516 3534 3609 3588 καὶ
3669 3534 3754 3584 τὸν

2173 3626 2631 3696 ουσταυρωθέντα
2680 3627 2890 3697 λῃστὴν
2925 3627 3144 3696 είσῆξεν
3201 3629 3260 3680 ὲν
3292 3627 3501 3695 ὀλίγοις
3551 3629 3753 3696 ῥήμασι

2175 3719 2468 3787 μετανοίας
2501 3723 2582 3781 εἰς
2610 3717 2702 3770 τὸν
2736 3719 3086 3784 παράδεισον.
3117 3719 3210 3771 Διὸ
3242 3719 3340 3772 καὶ
3373 3720 3632 3789 πορφυρᾶ
3671 3733 3756 3769 πε-

2174 3811 2561 3882 ριὸεὒλημένοι
2614 3809 2754 3865 σίσὶν
2805 3812 2833 3863 ὃ
2863 3826 2922 3862 τι
2966 3810 3219 3874 διάκονος
3254 3813 3353 3864 καὶ
3407 3811 3436 3862 6
3469 3811 3666 3879 ἱερεὺς,
3697 3809 3755 3859 τὸ

2174 3905 2345 3967 πάθος
2376 3907 2437 3957 ὲκ
2483 3903 2672 3956 τούτου
2721 3903 2939 3956 καὶτὸν
2972 3905 3202 3956 θάνατον
3249 3904 3617 3970 σημαίνοντες
3666 3898 3756 3952 τοῦ

2174 3997 2400 4067 Κυρίου.
2435 3995 2585 4050 Μετὰ
2616 3996 2673 4048 δὲ
2719 3995 2817 4063 τὴν
2846 3995 3050 4047 εἴσοδον
3077 3997 3103 4046 6
3157 3995 3257 4062 μὲν
3304 3995 3558 4056 διάκονος
3597 3993 3759 4045 πάλιν

2173 4090 2241 4142 τὰ
2268 4088 2552 4159 εἱρηνικὰ,
2592 4090 2618 4140 ὁ
2641 4088 2697 4140 δὲ
2733 4089 2910 4158 ἱερεὺς
2937 4088 3034 4156 τὴν
3062 4086 3227 4158 εὐχὴν
3261 4088 3438 4156 λέγει,
3477 4107 3495 4140 «
3536 4087 3702 4157 Κύριε
3732 4087 3758 4136 6

2173 4184 2304 4246 Θεὸς
2339 4185 2444 4236 τῶν
2489 4183 2739 4250 πατέρων
2776 4181 2956 4252 ἡμῶν,
2993 4201 3010 4232 ι
3049 4183 3207 4250 ῆτῆς
3247 4181 3420 4253 ’ἐκτης
3449 4181 3598 4252 ὥρας
3623 4180 3754 4242 ἐστὶ,

2176 4279 2268 4330 καὶ
2299 4275 2521 4345 εὔχεται
2559 4273 2992 4344 διαφυλαχθῆναι
3028 4276 3176 4344 ἡμᾶς
3223 4292 3241 4324 «
3282 4276 3392 4328 ἀπὸ
3441 4275 3628 4345 βέλους
3663 4290 3759 4325 πε-

2175 4370 2404 4440 τομένου
2435 4369 2676 4440 ἡμέρας,
2708 4369 2819 4422 ἀπὸ
2861 4370 3187 4437 πράγματος
3234 4371 3292 4422 ἑν
3333 4371 3519 4423 σκότει
3577 4370 3757 4422 διαπο-

2179 4462 2496 4530 ρευομένου,
2526 4461 2633 4513 ἀπὸ
2665 4459 3070 4530 συμπτώματος
3102 4462 3194 4512 καὶ
3223 4461 3511 4530 δαιμονίου
3549 4477 3758 4530 μεσημ-

2179 4553 2390 4624 ϐρινοῦ,
2435 4571 2452 4604 ι
2490 4554 2582 4604 καὶ
2606 4553 2772 4620 ἔτερα
2803 4552 3100 4617 ὲξαιτεῖται
3136 4552 3368 4604 πλεῖστα
3408 4554 3560 4619 παρὰ
3604 4553 3758 4606 Θεοῦ.

2181 4645 2291 4698 Kal
2318 4644 2576 4712 ὲκερωνεῑ,
2613 4659 2632 4692 «
2662 4643 2785 4694 Ὅτι
2816 4643 3018 4712 πρέπει
3044 4659 3144 4694 σοι.
3179 4661 3196 4692 ι
3234 4644 3345 4695 Kal
3371 4643 3536 4707 εὐΟὺς
3565 4644 3616 4695 οἱ
3640 4642 3764 4710 illa).-

2179 4755 2266 4790 ται
2295 4738 2354 4790 τὸ
2380 4736 2680 4806 τροπάριον
2715 4735 2985 4804 μέλπουσι
3029 4737 3126 4804 τῆς
3179 4737 3548 4804 προφητείας.
3605 4737 3714 4788 Kal
3738 4734 3765 4785 6

2181 4829 2537 4896 ἀναγνώστης
2565 4828 2650 4879 ἐπ’
2697 4826 2953 4896 ἄμϐωνος
3006 4825 3376 4894 ἀναγινώσκει
3414 4825 3518 4896 τὴν
3555 4842 3767 4895 προφη-

2179 4921 2350 4975 τείαν.
2407 4920 2517 4973 Kal
2573 4920 2688 4988 μετ’
2740 4918 2911 4987 αὐτὴν
2953 4919 3253 4982 ὁδιάκονος
3308 4918 3391 4983 τδ,
3453 4938 3471 4970 «
3511 4920 3766 4986 Είπωμεν

2181 5013 2404 5100 πάντες,
2443 5030 2462 5063 ι
2505 5013 2693 5082 φησίν.
2752 5011 2810 5063 '0
2840 5012 2896 5064 δὲ
2955 5011 3134 5082 ἱερεὺς
3161 5011 3281 5063 καθ’
3327 5011 3527 5064 ἑαυτὶν
3556 5012 3658 5081 τὴν
3680 5011 3765 5062 εὖ·

2182 5107 2282 5176 χὴν
2309 5108 2404 5176 τῆς
2428 5106 2686 5169 ὲκτενοῦς
2716 5107 2944 5165 ἱκεσίας.
2977 5105 3087 5174 Kal
3117 5105 3374 5172 ἐκφωνετ,
3407 5123 3426 5159 «
3464 5105 3587 5158 "Ott
3617 5101 3768 5173 ἐλεή-

2191 5219 2322 5269 μων.
2368 5220 2385 5252 ›
2433 5201 2545 5252 Kal
2576 5198 2644 5252 τὰ
2677 5201 2841 5252 λοιπὰ
2888 5199 3099 5264 γίνεται
3128 5198 3272 5269 κατὰ
3339 5198 3432 5250 τὸν
3466 5196 3640 5248 τύπον
3669 5195 3766 5262 τῆς

2189 5263 2344 5362 ἱερᾶς
2375 5293 2722 5361 λειτουργίας
2761 5263 2909 5356 μετὰῗ
2937 5291 2995 5342 τὸ
3047 5263 3401 5357 Εὐαγγέλιον.
3445 5288 3540 5349 Ei;
3597 5287 3766 5338 τύπον

2188 5388 2296 5451 γὰρ
2328 5384 2419 5437 τοῦ
2467 5385 2791 5437 Ἀποστόλου
2817 5385 2932 5453 ἅμα
2968 5385 3062 5435 καὶ
3094 5381 3191 5434 τοῦ
3225 5380 3567 5447 Εὖαγγελίου
3591 5380 3649 5432 τ’)
3675 5375 3765 5428 τοῦ

2201 5470 2426 5528 Ἠσαῒου
2460 5477 2795 5547 ἀνάγνωσμα
2824 5477 3063 5544 λέγεται,
3104 5474 3170 5526 τὰ
3212 5472 3340 5542 περὶ
3387 5469 3481 5523 τοῦ
3514 5469 3766 5539 Σωτῆρος

577 5639 650 5707 (l)
686 5635 926 5692 Meursio
961 5639 1150 5691 solium
1183 5637 1298 5692 sive
1323 5637 1579 5707 tiu-onus:
1617 5633 2292 5707 GrctseroinCodinum,
2317 5633 2462 5686 locus
2488 5634 2555 5686 ad
2587 5636 2842 5688 orientem
2873 5635 3058 5700 solun,
3089 5634 3399 5704 ron'iguum
3436 5629 3636 5686 bemati
3658 5627 3770 5683 sive

471 5723 477 5730 '
506 5704 873 5764 tabernaculo.
914 5708 1046 5761 Vide
1078 5708 1362 5759 Suicerum
1395 5709 1449 5758 in
1488 5705 1778 5770 Thesauro,
1810 5720 1860 5772 p.
1889 5704 2044 5758 1209.
