4094 6194
425 282 532 348 65'}

1593 275 1692 336 DE
1739 275 1980 336 SACBA
2019 277 2520 340 PRECATIONE.

3571 281 3677 351 654

404 391 813 466 ἐμφανέστερον
841 391 950 444 τῶν
987 391 1160 447 ἄλλων
1189 392 1582 463 κηρύττοντος,
1639 395 1734 447 καὶ
1764 395 1832 448 τὰ
1865 395 1992 464 περὶ

2115 398 2356 454 tasteriis
2416 401 2547 456 hora
2607 411 2759 456 sexta
2809 401 3005 476 legitur
3053 405 3218 460 lectio
3271 405 3392 462 libri
3437 407 3590 462 Isaia:
3621 408 3678 464 in

409 491 500 542 τιῦ
531 485 732 549 πάθους
769 485 968 554 μᾶλλον
1006 483 1198 538 αὑτοῦ.
1258 483 1385 540 Ὅτι
1440 485 1495 538 δὲ
1529 486 1688 538 τοῦτο
1744 486 1859 548 €00;
1887 486 1990 556 ἁρο

410 563 566 652 χαῖον
595 581 662 632 ὲκ
686 579 794 632 τῶν
827 577 1111 648 Πατέρων,
1157 577 1316 646 δῆλον
1350 576 1424 640 ὡς
1465 579 1560 630 καὶ
1593 579 1650 630 ἐν
1680 580 1794 640 τοῖς
1825 597 1994 642 μονα-

413 675 680 744 στηρίοις,
707 672 849 725 κατὰ
878 672 980 741 τὴν
1005 671 1174 743 ἕκτην
1203 672 1236 740 ἡ
1277 672 1591 742 προφητεία
1635 672 1728 724 τοῦ
1769 673 1996 726 Ἡσαΐου

411 765 850 836 ἀναγινώσκεται
895 765 954 818 ὲν
1009 765 1105 835 ὅλῃ
1160 767 1224 834 τῇ
1280 765 1738 836 Τεσσαρακοστῇ.
1782 763 1852 818 ῚΙ
1901 765 1996 818 τοῦ

427 859 692 930 Ἱεζεκιὴλ
727 857 786 912 δὲ
811 859 872 912 ἐν
903 860 967 928 τῇ
1003 858 1240 928 μεγίστῃ
1278 856 1560 927 ὲὸδομάδι,
1603 857 1680 920 ὡς
1703 857 1800 909 καὶ
1828 856 1998 910 αὑτοῦ

415 956 482 1009 τὰ
507 953 654 1023 πάθη
684 950 780 1006 τοῦ
813 951 1070 1020 Σωτῆρος
1098 951 1192 1022 καὶ
1221 951 1322 1019 τὴν
1349 948 1570 1020 ἔγερσιν
1599 948 2002 1022 προαγορεύον-

413 1064 526 1112 τος.
561 1047 672 1100 Kal
701 1047 728 1097 6
761 1044 858 1113 μὲν
895 1043 1162 1106 διάκονος,
1203 1062 1220 1095 ι
1253 1041 1520 1110 Εὓξασθε,
1566 1043 1612 1095 οἱ
1649 1041 2000 1112 κατηχούμε-

416 1157 519 1198 νοι,
561 1157 580 1192 ι
625 1135 812 1208 φησιν·
847 1138 874 1190 6
897 1137 956 1190 δὲ
989 1135 1167 1204 ἱερεὺς
1205 1133 1372 1203 εὐχὴν
1407 1133 1548 1206 ὑπὲρ
1593 1133 1702 1188 τῶν
1726 1151 1998 1202 κατηχου-

423 1238 604 1305 μένων
635 1235 892 1287 ποιεῖται.
929 1233 1040 1284 Καὶ
1087 1231 1198 1284 ἀπὸ
1228 1231 1325 1299 τῆς
1375 1229 1776 1301 μεσονηστίμου
1806 1229 2002 1294 τετρά-

419 1331 502 1390 δος
533 1329 560 1380 6
593 1327 692 1395 μὲν
721 1327 970 1388 διάκονος
999 1325 1098 1387 τὰς
1147 1324 1396 1394 αἰτήσεις
1448 1322 1589 1392 ὑπὲρ
1619 1320 1729 1374 τῶν
1783 1319 1918 1390 πρὸς
1942 1319 2002 1372 τὸ

421 1418 576 1485 ἅγιον
609 1417 868 1487 φώτισμα
901 1415 1382 1486 εὐτρεπιζομένων
1407 1429 1423 1446 ·
1464 1417 1492 1468 6
1523 1414 1580 1467 δὲ
1629 1412 1810 1483 ἱερεὺς
1837 1410 2002 1481 εὐχὴν

422 1509 564 1579 ὑπὲρ
601 1509 804 1574 αὐτῶν,
841 1527 862 1560 «
897 1509 1074 1578 Κύριε
1107 1507 1134 1559 6
1175 1506 1308 1570 Θεὸς
1335 1506 1518 1577 ἡμῶν,
1575 1505 1842 1574 ὲπίφανον
1872 1504 2002 1564 τοὺς

420 1601 740 1673 οίκτιρμούς
791 1617 912 1666 σου,
952 1619 972 1654 ι
1034 1600 1132 1654 καὶ
1187 1601 1518 1670 ἐπιφώνησιν,
1567 1619 1586 1652 ι
1619 1601 1742 1654 Ὅτι
1771 1600 1839 1652 σὺ
1888 1594 1939 1650 εἴ
1977 1600 2004 1652 6

2104 498 2214 544 tota
2247 491 2689 563 quadragesima,
2716 503 2771 548 at
2799 495 2852 549 in
2885 511 3078 566 magna
3111 497 3455 554 hebdomade
3481 500 3680 571 legitur

2102 581 2262 638 lectio
2291 584 2417 640 libri
2453 583 2735 652 Ezechiel,
2770 589 2862 658 qui
2915 589 3030 660 ipse
3089 606 3306 662 quoque
3364 593 3676 660 passionem

2103 671 2402 730 Salvatoris
2421 685 2474 730 et
2513 682 2980 735 resurrectionem
3013 683 3283 750 praedixit.
3321 683 3384 737 Et
3414 685 3678 740 diaconus

2103 768 2348 837 quidem,
2387 787 2406 820 ι
2441 768 2624 838 Orate,
2669 773 2763 836 ait.
2797 775 3232 840 catcchumeni,»
3267 777 3524 832 sacerdos
3553 793 3682 832 vero

2101 861 2406 917 orationem
2437 862 2567 920 facit
2601 879 2697 934 pro
2752 867 3183 924 catechumenis.
3247 865 3448 922 Verum
3491 883 3519 922 a
3549 885 3684 939 qua-

2109 955 2286 1010 triduo
2317 955 2510 1012 medite
2549 957 3004 1028 quadragesimae,
3028 959 3294 1016 diaconus
3310 960 3532 1032 quidem
3567 977 3719 1030 pre-,

2103 1063 2197 1103 ces
2251 1047 2381 1102 facit
2437 1065 2536 1118 pro
2584 1041 2900 1119 praeparatis
2931 1051 2998 1106 ad
3035 1061 3283 1106 sanctam
3327 1037 3728 1119 illuminatio—fj

2105 1153 2256 1205 nem,
2315 1140 2578 1196 sacerdos
2621 1152 2804 1196 autem
2835 1143 3138 1198 orationem
3169 1157 3270 1212 pro
3309 1143 3445 1212 ipsis
3475 1159 3488 1196 :
3527 1161 3544 1194 ι
3580 1143 3685 1196 Do-

2107 1232 2256 1285 mine
2285 1229 2455 1298 Deus,
2483 1235 2714 1288 ostende
2749 1235 3157 1290 misericordias
3188 1243 3330 1301 tuas,
3359 1253 3386 1288 .›
3417 1243 3472 1290 et
3502 1235 3689 1288 excla-

2111 1331 2246 1387 mat,
2280 1342 2298 1375 «
2324 1323 2593 1390 Quoniam
2617 1332 2673 1378 tu
2707 1341 2764 1380 es
2786 1325 3112 1382 illuminatio
3143 1336 3388 1382 nostra.»
3415 1325 3691 1382 Diaconus

2109 1411 2304 1465 iterum
2340 1421 2602 1488 consueta
2632 1414 2804 1468 dicit:
2851 1435 2868 1466 «
2902 1415 3227 1486 Quicunque
3247 1417 3684 1473 catechumeni.»

2107 1515 2158 1558 et
2188 1504 2443 1560 sacerdos
2477 1505 2708 1571 primam
2751 1505 2992 1561 fidelium
3027 1509 3332 1564 orationem
3361 1526 3376 1562 :
3413 1528 3429 1560 ι
3459 1509 3692 1564 Domine

2113 1598 2255 1652 Deus
2315 1607 2503 1653 noster
2553 1599 2646 1666 qui
2705 1613 3043 1668 paganorum
3077 1601 3306 1656 erroris.
3337 1621 3357 1654 ι
3392 1602 3692 1666 Diaconus,

421 1695 700 1764 φωτισμδς
755 1695 940 1764 ἡμῶν.
979 1711 998 1745 ι
1047 1694 1108 1748 ’0
1144 1695 1390 1758 διάκονος
1441 1692 1604 1746 πάλιν
1648 1691 1717 1744 τὰ
1771 1691 2000 1758 συνήθη,

2115 1689 2426 1758 rSapicntia
2451 1690 2621 1746 erecti
2644 1707 2696 1758 ;›
2726 1693 3009 1758 sacerdos,
3039 1691 3343 1758 «Quoniam
3375 1702 3432 1746 tu
3463 1709 3524 1750 es
3554 1694 3694 1749 Deus

429 1806 447 1836 «
483 1787 642 1840 Ὅσοι
697 1786 1122 1857 κατηχούμενοι.
1157 1805 1178 1838 ι
1231 1787 1289 1839 Ὀ
1337 1787 1520 1855 ἱερεὺς
1573 1784 1740 1856 εὐχὴν
1793 1784 1998 1852 πιστῷν

421 1879 667 1952 πρώτην,
709 1899 728 1930 ι
766 1879 936 1949 Κύριε
976 1881 1004 1932 6
1061 1880 1196 1942 Θεὸς
1253 1881 1434 1948 ἡμῶν,
1493 1881 1520 1932 6
1571 1879 1672 1948 τῆς
1731 1878 1998 1930 πολυϐἐου

423 1973 652 2044 πλάνης.
693 1991 710 2024 ι
761 1971 822 2027 Ὀ
871 1973 1139 2038 διάκονος,
1195 1991 1212 2022 ι
1247 1973 1414 2040 Σοφία
1459 1971 1622 2043 254¹
1670 1969 1839 2041 ὀρθοί.
1874 1990 1891 2020 ι
1941 1969 2000 2022 '0

425 2067 625 2134 ἱερεὺς,
663 2084 682 2116 ι
729 2065 852 2116 Ὅτι
907 2065 973 2117 σὺ
1020 2060 1072 2118 εἴ
1099 2067 1126 2117 6
1153 2064 1284 2124 Θεὸς
1319 2063 1532 2133 ἡμῶν.»
1572 2063 1634 2114 '0
1653 2061 1897 2122 διάκονος
1932 2062 2001 2112 τὰ

423 2157 694 2228 εἰρηνικὰ.
727 2157 788 2210 ’0
825 2158 1004 2227 ἱερεὺς
1048 2155 1214 2226 εὐχὴν
1251 2155 1464 2210 πιστῶν
1515 2153 1798 2224 δευτέραν,
1835 2171 1852 2204 ι
1889 2153 2002 2206 Κύ-

426 2247 509 2320 ριε
541 2253 568 2303 6
599 2250 734 2312 Θεὸς
761 2248 919 2318 ἡμῶν
953 2251 982 2302 6
1025 2250 1082 2302 ὲν
1108 2248 1276 2319 ὀλίγῳ
1297 2247 1500 2318 χρόνῳ.
1535 2265 1554 2300 ι
1633 2247 1691 2300 '0
1732 2245 2000 2308 διάκονος,

431 2361 448 2393 ι
479 2342 665 2410 Σοφία.
702 2359 720 2394 ι
799 2340 858 2394 '0
911 2341 1094 2412 ἱερεὺς
1149 2342 1427 2409 ὲκιρωνεῖ,
1467 2358 1485 2391 ι
1523 2341 1644 2394 Ὀτι
1706 2339 2000 2407 εὐλόγηται

423 2436 520 2488 καὶ
541 2433 876 2498 δεδόξασται.
915 2452 934 2485 ι
983 2433 1042 2487 '0
1097 2433 1370 2496 διάκονος,
1431 2449 1450 2482 «
1493 2430 1880 2502 Πληρὼσωμεν
1906 2430 2004 2498 τὴν

423 2527 608 2597 δέησιν
645 2527 800 2596 ἡμῶν
838 2525 916 2597 τῷ
953 2527 1168 2594 Κυρίῳ,
1199 2545 1217 2578 ι
1257 2529 1352 2580 καὶ
1395 2526 1464 2577 τὰ
1496 2525 1679 2576 λοιπά.
1721 2524 1782 2576 '0
1827 2523 2006 2594 ἱερεὺς

425 2621 522 2690 τὴν
556 2620 796 2691 μεγάλην
821 2620 1008 2691 εὐχήν·
1044 2637 1062 2670 ι
1103 2621 1276 2690 Κύριε
1332 2621 1360 2672 6
1384 2617 1514 2679 Θεὸς
1547 2617 1732 2685 ἡμῶν,
1781 2617 1810 2668 6
1844 2617 2006 2683 μάθος

426 2710 628 2780 ἀγαθὸς
657 2712 752 2764 καὶ
799 2712 1208 2782 φιλάνθρωπος·
1253 2729 1271 2762 ι
1327 2711 1382 2764 ὲν
1481 2708 1580 2761 καὶ
1611 2709 1711 2776 τῆς
1758 2707 2008 2778 σταυρὼ-

429 2825 568 2872 σεως
615 2807 894 2878 μέμνηται
947 2807 1052 2858 τοῦ
1109 2804 1386 2874 Σωτῆρος,
1439 2802 1532 2856 καὶ
1583 2803 1680 2871 τῆς
1735 2801 2008 2871 ὲγέρσεως

426 2898 620 2961 αὐτοῦ,
653 2899 870 2961 καὶτῆς
926 2896 1282 2966 ἀναλήψεως’
1332 2896 1430 2948 καὶ
1487 2894 1782 2962 ὲξαιτεῖται
1833 2894 2008 2944 ἐλθεῖν

426 2994 528 3056 τὴν
561 2993 721 3061 χάριν
749 2987 846 3042 τοῦ
903 2987 1042 3041 Θεοῦ
1105 2987 1192 3054 ἐφ’
1249 2989 1422 3058 ἡμᾶς,
1485 2988 1580 3038 καὶ
1627 2983 2009 3054 ὲνδυναμῶσαι

2111 1791 2326 1848 noster;
2357 1783 2626 1838 diaconus
2663 1785 2890 1852 paciﬁca
2919 1785 3076 1846 dicit,
3111 1787 3368 1842 sacerdos
3395 1787 3694 1842 secundam

2111 1873 2354 1930 ﬁdelium
2391 1875 2722 1940 orationem,
2770 1875 3032 1930 «Domine
3057 1878 3198 1932 Deus
3239 1887 3454 1944 noster,
3491 1881 3582 1949 qui
3642 1881 3696 1933 iu

2110 1965 2262 2020 brevi
2289 1975 2528 2034 tempore
2556 1981 2600 2029 ςι
2631 1965 2920 2030 diaconus,
2956 1966 3322 2036 tSapicltlia,)
3357 1968 3564 2037 inquit;
3607 1983 3696 2022 sa-

2109 2055 2308 2110 cerdos
2321 2055 2540 2120 clamat,
2566 2057 2860 2122 «Quoniam
2876 2057 3216 2113 benedicitur
3232 2069 3284 2115 et
3297 2060 3652 2130 glorificatur.
3668 2079 3692 2116 ι

2113 2147 2408 2211 Diaconus,
2443 2163 2460 2196 ι
2495 2145 2906 2215 Adimpleamus
2953 2149 3258 2204 orationem
3294 2150 3577 2216 Domino,»
3637 2167 3696 2204 et

2113 2239 2342 2308 reliqua.
2365 2236 2633 2292 Sacerdos
2661 2253 2908 2308 magnam
2931 2236 3062 2294 facit
3079 2241 3406 2306 orationem,
3431 2261 3449 2294 «
3467 2242 3698 2296 Domiue

2115 2329 2256 2384 Deus
2290 2337 2499 2390 noster,
2535 2328 2687 2382 solus
2722 2327 2900 2382 bonus
2935 2337 2990 2384 et
3008 2329 3294 2384 hominum
3315 2341 3584 2394 amator,»
3633 2336 3688 2388 iu

2112 2437 2220 2491 qua
2245 2419 2307 2476 de
2336 2421 2696 2477 crucitixione
2754 2421 3055 2478 Salvatoris
3107 2425 3432 2480 recordatur
3466 2427 3700 2498 ejusque

2119 2515 2524 2569 resurrectione
2560 2525 2616 2568 et
2685 2515 3032 2580 ascensione,
3082 2525 3454 2588 precaturque
3505 2529 3566 2574 ut
3607 2536 3700 2573 ve.-

2115 2607 2230 2660 niat
2297 2608 2474 2676 gratia
2529 2607 2622 2662 Dei
2683 2623 2847 2676 super
2893 2623 2996 2664 nos
3055 2623 3264 2677 nosque
3305 2613 3595 2667 coulirmet
3641 2623 3698 2668 et

2117 2697 2392 2752 illuminet
2419 2737 2434 2762 ,
2477 2698 2693 2766 aliaque
2739 2699 2909 2752 multa
2941 2699 3206 2769 deposcit,
3243 2717 3456 2758 necnon
3510 2721 3537 2758 a
3589 2705 3701 2758 Deo

2118 2789 2324 2858 flagitat
2353 2791 2665 2844 necessaria
2695 2799 2752 2845 et
2778 2791 2956 2854 utilia,
2999 2809 3064 2848 ac
3107 2794 3342 2864 denique
3368 2809 3420 2850 nt
3449 2798 3624 2868 gratia
3648 2809 3703 2853 et

2118 2883 2497 2938 misericordia
2521 2883 2612 2938 Dei
2647 2885 2718 2939 sit
2746 2901 2962 2955 semper
3015 2887 3330 2956 nobiscum,
3380 2900 3434 2944 et
3459 2890 3660 2946 clamat
3682 2935 3698 2955 ,

2125 2971 2266 3028 rTua
2290 2985 2372 3028 est
2398 2973 2711 3030 fortitudo.»
2737 2977 2960 3041 Deinde,
2986 2979 3126 3033 tPax
3147 2981 3460 3043 omnibus,»
3495 2982 3698 3052 inquit,

427 3085 576 3152 ἡμᾶς
609 3083 702 3134 καὶ
733 3080 989 3150 φωτίσαι,
1019 3080 1114 3134 καὶ
1161 3080 1324 3148 ἕτερα
1381 3077 1610 3132 πλεῖστα
1633 3094 1646 3108 ·
1700 3079 1796 3130 καὶ
1857 3079 2006 3145 παρὰ

2117 3075 2169 3120 et
2196 3068 2461 3122 diaconus
2493 3069 2688 3122 iterum
2719 3085 2732 3122 :
2767 3088 2785 3120 ι
2823 3068 3014 3139 Capita
3041 3079 3231 3126 nostra
3261 3089 3275 3137 ;
3310 3092 3328 3124 ι
3368 3082 3422 3127 ct
3450 3071 3704 3130 sacerdos

431 3173 568 3227 θεοῦ
597 3173 822 3242 εὖγε-’ται
847 3172 916 3226 τὰ
935 3172 1208 3239 ἀναγκαῖά
1231 3187 1290 3224 τε
1325 3171 1420 3224 καὶ
1475 3169 1824 3239 συμφέροντα
1855 3183 1870 3198 ·
1917 3169 2010 3221 καὶ

433 3265 610 3328 τέλος,
639 3265 780 3333 ἴναὴ
815 3264 976 3334 χάρις
999 3264 1092 3315 καὶ
1122 3263 1182 3314 τὸ
1223 3261 1370 3325 ἔλεος
1421 3261 1518 3314 τοῦ
1573 3259 1710 3312 Θεοῦ
1765 3258 1852 3329 εῐη
1890 3259 2010 3328 μεθ’

431 3357 586 3426 ἡμῶν
613 3357 864 3419 πάντοτε,
901 3356 996 3408 καὶ
1019 3357 1272 3422 ὲκφωνεί,
1308 3372 1326 3405 ι
1363 3354 1484 3406 Ὅτι
1517 3352 1608 3405 σὺν
1647 3353 1708 3406 τὸ
1735 3353 1955 3423 κράτος.
1985 3373 2004 3404 υ

432 3448 560 3503 Εἶτα
583 3451 666 3516 τδ,
700 3469 718 3501 ι
757 3451 962 3521 Εἰρήνη
1013 3451 1169 3512 πᾶσι,
1207 3467 1226 3500 ι
1285 3449 1454 3516 λέγει.
1523 3447 1634 3501 Kal
1681 3449 1710 3499 6
1753 3446 2012 3510 διάκονος

431 3539 606 3606 αὖθις,
631 3563 649 3595 «
675 3543 788 3606 Τὰς
812 3542 1052 3610 κεφαλὰς
1080 3540 1290 3609 ἡμῶν.»
1309 3541 1420 3594 Καὶ
1452 3540 1479 3593 6
1511 3539 1692 3608 ἱερεὺς
1724 3537 1890 3608 εὐχὴν
1917 3555 2010 3590 xeo

433 3634 808 3702 φαλοκλισίας·
836 3651 856 3683 ι
895 3633 1064 3702 Κύριε
1097 3634 1124 3684 6
1151 3631 1284 3692 Θεὸς
1315 3630 1495 3700 ἡμῶν,
1521 3632 1550 3682 6
1575 3631 1887 3699 καθήμενος
1919 3629 2012 3682 ἐπὶ

435 3725 628 3795 θρῦνου
657 3725 838 3794 δόξης.
877 3745 896 3776 ι
951 3726 1060 3776 Καὶ
1088 3725 1344 3791 ὲκφωνεί,
1403 3739 1423 3773 ι
1477 3722 1578 3792 Εἵη
1637 3721 1698 3774 τὸ
1743 3722 2012 3787 πανὰγιον

409 3819 604 3888 ’ὄνομα
625 3819 724 3887 τῆς
769 3817 1182 3886 φιλανθρωπίας
1243 3833 1336 3868 σου
1377 3814 1742 3883 εὐλογημένον
1804 3817 1896 3866 καὶ
1923 3813 2013 3866 δε-

434 3910 784 3980 δοξασμένον.
821 3927 842 3961 ι
878 3909 936 3962 '0
981 3909 1256 3970 διάκονος,
1299 3927 1318 3960 ι
1367 3907 1458 3960 Ἐν
1487 3906 1684 3978 εἰρήνῃ
1736 3905 2013 3975 προέλθω-

439 4017 561 4070 μεν.
601 4019 620 4052 ι
648 4001 760 4054 Kal
781 3999 1096 4064 ἐξελθόντος
1129 4000 1225 4052 τοῦ
1256 3999 1470 4068 ἱερέως,
1511 3998 1630 4068 ἅμα
1687 3995 2012 4066 πορεύονται

433 4092 664 4146 ὃπισθεν
689 4092 788 4146 τοῦ
811 4092 1088 4162 ἂμῦωνος,
1131 4092 1216 4145 ἵνα
1271 4093 1438 4160 μέσον
1499 4090 1758 4144 ἁπάντων
1807 4087 2016 4151 δοξολο-

441 4186 658 4254 γὴσωσι
689 4185 780 4236 τὸν
809 4184 962 4250 Θεξν,
989 4185 1086 4236 καὶ
1111 4182 1204 4236 τοῦ
1235 4181 1526 4251 ὲσπερινοῦ
1559 4181 1856 4250 ἄρξωνται.
1904 4179 2010 4232 Τοῦ

437 4277 684 4329 διακόνου
713 4276 808 4329 οὖν
831 4277 1100 4341 εἰπόντος,
1136 4293 1154 4326 ι
1192 4274 1300 4326 Τοῦ
1327 4274 1534 4343 Κυρίου
1586 4273 1890 4343 δεηθῶμεν,
1930 4291 1948 4324 ι
1985 4274 2014 4324 6

439 4368 622 4438 ίερεὺς
651 4367 863 4436 βλέπων
895 4365 1036 4419 κατά
1061 4365 1351 4430 ἀνατολὰς,
1399 4366 1656 4432 ἐκφωνεῖ,
1711 4381 1729 4414 ι
1767 4363 2012 4432 Εὐλογη-

2115 3161 2314 3230 capitis
2395 3161 2762 3216 inclinationis
2818 3166 3126 3218 orationem
3197 3164 3372 3222 facit:
3423 3166 3702 3220 «Domine

2117 3249 2259 3304 Deus
2291 3259 2477 3304 noster
2533 3251 2626 3319 qui
2657 3251 2813 3306 sedes
2867 3266 3037 3321 super
3070 3255 3330 3310 thronum
3365 3257 3607 3326 gloriae.)
3648 3269 3703 3312 et

2113 3341 2408 3407 exclamat,
2443 3339 2562 3394 «Sit
2589 3341 3000 3396 sanctissimum
3051 3343 3401 3412 benignitatis
3441 3355 3549 3400 tute
3605 3361 3701 3400 no-

2117 3447 2238 3486 men
2266 3431 2610 3486 benedictum
2641 3443 2696 3486 et
2722 3432 3142 3501 glorificatunm
3179 3435 3496 3492 Diaconus:
3537 3435 3704 3492 «Pro-

2117 3526 2374 3580 cedumus
2409 3527 2464 3580 in
2517 3541 2718 3596 pace.)
2763 3527 2825 3582 Et
2874 3543 3095 3599 egresso
3178 3531 3464 3585 sacerdote
3534 3531 3702 3586 simul

2117 3599 2416 3687 procedunt
2464 3626 2588 3685 post
2661 3618 2951 3672 umbonem
2998 3629 3056 3672 ut
3110 3620 3166 3672 in
3223 3621 3402 3675 medio
3455 3623 3698 3676 omnium

2118 3707 2426 3774 gloriticeut
2475 3708 2668 3772 Deum,
2715 3723 2781 3762 ac
2832 3711 3206 3779 vespertinum
3271 3713 3537 3780 incipiant
3584 3715 3702 3768 otii-

2117 3800 2285 3852 cium.
2343 3799 2532 3870 Itaque
2569 3801 2800 3856 diacono
2848 3801 3066 3858 dicente
3104 3819 3118 3856 :
3152 3805 3470 3859 «Dominum
3504 3804 3702 3874 depre-

2117 3906 2364 3955 cemur,»
2409 3893 2671 3946 sacerdos
2705 3895 2773 3946 ad
2805 3895 3072 3948 orientem
3104 3904 3357 3960 speetans
3383 3896 3650 3950 exclamat
3684 3911 3701 3950 :

2131 3983 2460 4036 «Benedicta
2494 3982 2666 4051 gloria
2700 3983 2916 4038 Domini
2952 3984 3006 4038 in
3043 3985 3162 4040 loco
3193 3995 3380 4040 sancto
3417 3987 3536 4056 ejus
3583 3987 3703 4042 ubi-

2118 4091 2224 4142 que
2275 4089 2421 4130 nunc
2477 4083 2531 4128 et
2578 4089 2795 4146 semper
2856 4087 2910 4132 et
2965 4077 3018 4131 in
3076 4079 3280 4134 saecula
3310 4082 3695 4139 surculorum.»

2125 4169 2281 4234 Quod
2369 4183 2499 4237 ergo
2591 4167 2658 4222 ad
2750 4169 2972 4226 litanias
3063 4173 3305 4239 attinet,
3364 4172 3703 4232 ,litaniarum

2119 4262 2224 4314 hoc
2275 4268 2360 4315 est
2413 4259 2652 4326 initium,
2687 4261 2949 4330 pontifice
3018 4262 3154 4316 illud
3223 4271 3346 4332 post
3411 4264 3701 4318 ambonem

2119 4354 2364 4422 dicente;
2399 4355 2489 4410 hic
2543 4371 2674 4409 vero
2737 4355 2954 4410 initium
3003 4365 3090 4410 est
3125 4356 3438 4428 lampadum
3487 4359 3700 4428 hymni.

442 4425 577 4528 μένη
604 4425 806 4528 -ἡιόὁξσ,
827 4458 1036 4526 Κυρίου
1091 4459 1156 4508 ἐκ
1191 4455 1285 4508 τοῦ
1311 4425 1490 4510 ’τόπου
1517 4455 1612 4508 τοῦ
1637 4425 1794 4524 αγίου
1849 4425 2006 4509 αὑτοῦ

2123 4447 2191 4500 Et
2236 4447 2418 4500 statim
2479 4445 2532 4498 in
2569 4445 2738 4499 latere
2789 4445 2974 4512 templi
3013 4461 3042 4500 a
3089 4425 3410 4502 cantoribus
3442 4425 3699 4518 psallitur

441 4553 672 4603 πάντοτε
699 4549 794 4620 νῦν
820 4550 916 4602 καὶ
943 4549 1031 4600 ἀεὶ
1063 4549 1156 4600 καὶ
1198 4549 1278 4610 εἰς
1313 4547 1439 4608 τοὺς
1493 4547 1696 4610 αἰῶνας
1747 4549 1854 4601 τῶν
1879 4549 2011 4600 αἰώ-

441 4661 570 4697 νων.
605 4661 623 4692 ι
667 4641 842 4694 Τοῦτο
867 4641 962 4693 οὖν
1010 4643 1088 4702 είς
1119 4641 1216 4709 μὲν
1263 4639 1362 4702 τὰς
1401 4639 1694 4703 λιτανείας,
1739 4641 1882 4709 ἀρχὴ
1909 4641 2017 4692 τῶν

441 4735 722 4787 λιατνειῶν
757 4736 898 4799 ἐστι,
929 4733 1180 4799 λέγοντος
1201 4749 1364 4785 τουτο
1412 4731 1508 4784 τοῦ
1563 4732 1870 4801 ἀρχιερέως
1916 4732 2011 4785 τοῦ

439 4826 695 4894 ἄμϐωνος
728 4823 954 4876 ὄπισθεν
975 4839 990 4855 ⁶
1059 4824 1298 4878 ἐνταῦθα
1331 4825 1388 4875 δὲ
1416 4823 1562 4894 ἀρχὴ
1587 4823 1682 4876 τοῦ
1729 4824 2007 4891 λυχνικοῦ.

443 4918 548 4968 Kal
577 4917 738 4977 εὐθὺς
769 4917 826 4968 ὲν
854 4919 921 4985 τῇ
959 4915 1166 4986 πλαγίᾳ.
1189 4915 1454 4985 emam
1507 4917 1604 4968 τοῦ
1633 4915 1760 4968 ναοῦ
1795 4917 1870 4979 ὡς
1903 4934 2010 4969 ποι-

440 5009 702 5079 ράκλησις
733 5011 762 5061 6
791 5009 1080 5080 ἑσπερινὸς
1113 5008 1262 5079 παρὰ
1309 5009 1421 5060 τῶν
1451 5007 1692 5076 ψαλτῶν.
1723 5009 1891 5060 Ἔνθα
1921 5011 2014 5060 καὶ

437 5103 496 5154 τὸ
522 5102 820 5171 ψαλτήριον
849 5101 1092 5168 λέγεται,
1127 5103 1222 5152 καὶ
1251 5101 1322 5152 τὰ
1367 5103 1600 5171 στιχηρὰ
1626 5101 1723 5152 τοῦ
1755 5101 2012 5170 τριῳόίου

437 5199 530 5248 καὶ
560 5194 656 5247 τοῦ
693 5195 948 5263 μηναίου,
977 5195 1119 5246 κατὰ
1145 5195 1234 5246 τὸν
1265 5197 1438 5246 τύπον
1461 5194 1570 5246 τῶν
1606 5195 2012 5263 μοναστηρίων,

333 5335 346 5344 ,
437 5290 528 5340 καὶ
562 5290 642 5353 τὶ,
679 5305 697 5338 ι
727 5285 847 5347 Φῶς
877 5287 1084 5354 ἱλαρὸν,
1119 5303 1138 5336 r
1181 5286 1275 5337 καὶ
1299 5286 1378 5349 τὸ,
1421 5304 1440 5336 «
1479 5285 1855 5351 Καταξίωσον,
1889 5303 1906 5336 ι
1939 5287 2014 5348 ὡς

438 5377 784 5442 κατανύξεως
817 5375 1111 5429 ἀκολουθία
1143 5376 1238 5428 καὶ
1266 5371 1378 5427 οἷον
1409 5375 1704 5446 μοναχικὴ,
1756 5377 1850 5428 καί
1876 5377 2010 5428 ἀπο·

441 5474 622 5542 στίχου
647 5473 706 5524 τὸ
749 5470 1052 5540 ἰδιό;;.ελον,
1097 5471 1214 5534 καὶ,
1249 5489 1267 5521 ι
1307 5471 1424 5523 Νῦν
1453 5470 1734 5532 ἀπολύεις,
1778 5489 1796 5520 ι
1833 5469 1926 5521 iul
1959 5470 2018 5520 τὸ

2124 4541 2496 4610 vespertinum
2549 4537 2786 4593 oﬂicium
2839 4555 2989 4594 more
3035 4539 3522 4594 invitatorii.Tum
3558 4541 3700 4595 diri-

2134 4643 2219 4686 tur
2267 4633 2586 4702 psalterium
2640 4632 2897 4686 versiculi
2949 4631 3091 4686 tertii
3151 4631 3339 4702 hymni
3401 4641 3454 4688 et
3496 4635 3702 4688 mensis

2121 4724 2416 4776 secundum
2445 4721 2690 4776 ordinem
2725 4723 3215 4786 monasteriorum,
3257 4723 3400 4777 «Lux
3428 4723 3698 4793 jucunda,

2125 4815 2378 4882 dignare,
2405 4831 2422 4863 ι
2456 4816 2610 4882 quasi
2653 4813 2788 4868 ordo
2823 4815 3153 4884 paenitentia:
3183 4826 3239 4870 et
3289 4815 3592 4870 monastica
3624 4817 3706 4867 iu-

2122 4904 2349 4958 stitutio.
2375 4902 2580 4956 Deinde
2611 4903 2896 4973 proprium
2930 4903 3266 4974 responsorii
3299 4905 3494 4970 melos,
3517 4901 3704 4957 «Nunc

2122 4991 2406 5056 dimittis,»
2441 4990 2746 5061 TriSagion,
2776 4994 2904 5048 «Dei
2929 4994 3177 5048 Genitrix
3205 4993 3369 5064 Virgo
3390 5011 3436 5058 ;ο
3471 4993 3566 5048 sed
3593 4991 3706 5062 Κν-

2124 5081 2200 5134 rio
2253 5080 2451 5134 clcison
2502 5095 2608 5134 non
2653 5081 2878 5144 dicitur,
2941 5098 3119 5148 neque
3177 5087 3309 5135 fiunt
3371 5087 3704 5150 poenitentia:

2129 5191 2226 5228 llcC
2263 5173 2560 5236 absolutio,
2603 5188 2704 5226 nec
2732 5175 3110 5227 accenduntur
3139 5174 3412 5243 lampades
3436 5191 3606 5244 usque
3635 5178 3700 5228 ad

2125 5267 2544 5320 Proverbiortttn
2590 5267 2876 5343 lectionem
2909 5269 2958 5321 in
3005 5271 3168 5320 missa
3195 5266 3701 5326 Prmsattctiiicatm

2127 5373 2246 5412 rum
2271 5372 2286 5420 ;
2309 5371 2434 5408 nam
2463 5366 2584 5426 post
2623 5373 2820 5412 voces:
2851 5377 2868 5409 ι
2899 5359 2986 5412 Dei
3022 5358 3268 5414 Genitrix
3307 5355 3492 5428 Virgo,
3525 5376 3544 5409 ι
3569 5373 3701 5412 cou-

2125 5459 2277 5504 sueta
2305 5450 2582 5517 dicuntur,
2609 5459 2664 5505 et
2693 5467 2882 5506 oiuues
2909 5453 2962 5506 iu
3011 5469 3144 5508 suos
3193 5453 3346 5508 locos
3413 5451 3700 5505 recedunt.

438 5571 751 5637 Τρισάγιον,
797 5570 890 5620 καὶ
924 5568 1006 5632 τὸ,
1047 5587 1065 5619 ι
1098 5567 1326 5620 Θεοτόκε
1365 5567 1628 5634 Παρθένε·
1667 5587 1686 5617 ι
1749 5567 1928 5632 Κύριε
1981 5565 2038 5616 δὲ
2094 5562 2360 5628 ἐλέησον
2425 5565 2486 5616 οὐ
2546 5565 2766 5630 λέγεται
2795 5582 2809 5598 ο
2877 5568 2998 5621 οὐδὲ
3061 5570 3344 5638 μετάνοιαι
3411 5569 3699 5638 γίνονται·

439 5661 542 5713 οὐδ’
579 5661 863 5722 ἀπόλυσις·
897 5661 1018 5713 οὐδὲ
1049 5661 1202 5728 φῶτα
1233 5661 1584 5724 ἀνάπτονται,
1617 5660 1744 5728 ἄχρι
1789 5662 1884 5712 καὶ
1917 5661 2012 5726 τῆς
2053 5658 2354 5726 παροιμίας
2375 5661 2430 5709 ὲν
2453 5662 2520 5727 τῇ
2544 5663 2962 5735 προηγιασμένῃ
2995 5664 3328 5735 λειτουργίᾳ.
3385 5663 3554 5718 Μετὰ.
3591 5663 3701 5732 γὰρ

449 5755 536 5819 τὸ,
569 5773 586 5804 ι
626 5755 856 5809 Θεοτόκε
889 5756 1156 5826 Παρθένε,
1190 5775 1206 5804 ο
1245 5757 1334 5808 καὶ
1369 5757 1433 5808 τὰ
1458 5754 1620 5807 λοιπὰ
1653 5753 1856 5824 συνήθη
1891 5753 2134 5822 ἔρχονται
2169 5755 2368 5815 πάντες
2411 5756 2486 5816 εἰς
2535 5759 2656 5819 τοὺς
2698 5757 2890 5822 τόπους
2929 5760 3128 5820 αὐτῶν.
