4094 6194
482 334 517 400 θ
530 331 593 400 55

989 446 1214 503 CAPUT
1258 446 1519 503 CCCLIII.

479 561 656 627 Quare
686 560 889 613 (itania:
927 572 1079 612 extra
1125 560 1394 612 ecclesiam
1424 560 1581 626 ﬁant,
1604 569 1651 613 et
1679 572 1842 628 quare
1865 570 2043 608 cruces

620 632 671 684 in
706 630 813 683 illis
848 632 1279 699 circumferamus
1311 646 1593 699 sacrasque
1633 630 1909 698 imagines.

546 808 702 863 Scire
742 822 873 863 vero
922 815 1133 876 oportet
1177 806 1394 861 litanias
1443 820 1639 860 omnes
1667 804 1797 859 loris
1832 804 1883 859 in
1922 819 2045 857 nar-

481 898 637 953 tltece
687 898 769 952 vel
816 898 962 952 circa
1011 899 1345 952 monasteria
1377 906 1469 951 aut
1502 896 1752 952 civitates
1781 895 1952 950 factas
1988 895 2042 948 in

478 974 798 1045 memoriam
821 990 936 1045 lleri
967 990 1152 1059 lapsus
1184 994 1379 1054 nostri,
1406 990 1560 1059 cujus
1584 1005 1745 1044 causa
1765 1005 1829 1043 ex
1856 988 2046 1042 eadem

477 1080 723 1135 extranei
758 1079 885 1135 iacti
922 1096 1134 1145 sumus,
1171 1090 1228 1134 ut
1278 1080 1630 1135 humiliemur
1663 1091 1715 1134 ct
1743 1080 2048 1150 cogitemus

478 1189 579 1228 nos
615 1187 736 1227 esse
778 1173 1031 1243 indignos
1068 1172 1275 1227 sanctis
1323 1172 1494 1235 locis,
1527 1182 1579 1226 et
1622 1188 1649 1225 a
1689 1172 1950 1241 paradiso
1984 1184 2048 1223 ac

474 1266 617 1320 ctelo
668 1265 961 1320 excidisse.
1012 1265 1078 1319 Et
1123 1265 1471 1335 publicanum
1531 1264 1731 1317 imitari
1782 1264 2046 1317 debemus

475 1358 636 1427 longe
669 1366 902 1413 stantem
932 1373 1041 1427 pra:
1074 1372 1269 1429 magno
1299 1357 1579 1428 religionis
1610 1372 1799 1420 sensu,
1841 1357 2044 1411 Adam-

474 1464 581 1519 quc
603 1459 794 1519 putare
816 1448 1109 1505 distantem
1134 1449 1533 1519 prodigumque
1562 1449 1729 1503 lilium
1763 1449 1813 1501 in
1841 1459 2039 1501 terram

475 1543 706 1594 alienam
747 1542 936 1611 procul
976 1542 1405 1611 peregrinatum.
1435 1540 1595 1595 Circa
1624 1540 1768 1593 bivia
1801 1549 1855 1593 et
1889 1541 2047 1593 trivia

477 1633 699 1702 viasque
751 1647 939 1700 preces
990 1633 1244 1699 iacimus,
1283 1643 1340 1686 ut
1384 1634 1493 1685 haec
1524 1632 1639 1687 loca
1677 1631 1914 1702 peccatis
1950 1646 2049 1685 no-

475 1727 607 1779 stris
645 1724 855 1779 imdata
890 1726 1276 1779 emundentur.
1330 1724 1527 1779 Sacras
1562 1735 1740 1778 autern
1786 1725 2050 1793 imagines

474 1831 506 1871 a
543 1819 743 1885 templo
792 1816 1085 1873 eﬂ'erentes
1126 1816 1587 1881 circumierimus,
1632 1832 1840 1871 necnon
1882 1832 2043 1871 vene-

474 1910 677 1964 raudas
708 1924 898 1964 cruces
931 1925 994 1963 ac
1048 1909 1378 1964 sacerrimas
1424 1918 1738 1963 sanctorum
1787 1910 2047 1979 reliquias

472 2015 871 2069 sarpeuumero,
902 2008 959 2053 ut
990 2016 1113 2054 cum
1143 2000 1456 2055 hominibus
1488 2016 1574 2055 res
1607 2016 1822 2069 quoque
1853 2016 2043 2055 eorum

474 2087 664 2141 ustbus
716 2086 1079 2143 inservientes
1144 2090 1513 2155 sanctilicent,
1568 2105 1760 2159 nempe
1810 2090 2043 2155 domus,

470 2182 609 2245 vias,
645 2196 841 2253 aquas,
871 2197 1076 2246 aerem,
1114 2191 1315 2237 terram
1342 2182 1624 2251 pollutam,
1660 2192 1843 2252 utpote
1889 2184 2048 2238 nobis

470 2274 799 2343 subiectam,
827 2274 1102 2327 civitatem
1140 2288 1307 2341 quam
1344 2272 1723 2329 inltabitamus
1770 2283 1823 2327 et
1866 2276 2042 2344 regio-

472 2380 621 2428 nem,
652 2365 1005 2433 divinamque
1038 2365 1366 2433 participem
1402 2365 1653 2433 gratiam,
1681 2374 1734 2419 et
1778 2365 2044 2435 quidquid

477 2451 534 2509 in
561 2455 643 2510 eis
675 2455 1053 2526 contagiosum
1099 2466 1181 2511 est
1213 2465 1307 2510 aut
1336 2454 1654 2526 pestiferqu
1683 2468 1906 2521 exuant,
1944 2474 2044 2513 no-

473 2549 558 2601 bis
587 2562 713 2602 vero
738 2547 1007 2618 prepitius
1040 2547 1131 2602 {tat
1156 2548 1247 2617 qui
1278 2563 1374 2617 pro
1404 2548 1563 2603 nobis
1590 2548 1907 2605 incarnatus
1936 2559 2044 2619 est,

472 2641 703 2697 formam
748 2643 891 2697 servi
939 2642 1235 2714 accipiens,
1272 2659 1432 2713 quam
1466 2644 1778 2714 exprimunt
1808 2658 1871 2698 ac
1904 2646 2045 2699 refe-

471 2744 602 2788 runt
639 2733 839 2789 divinae
876 2734 1141 2805 imagines
1178 2750 1388 2790 necnon
1440 2747 1755 2791 sanctorum
1809 2737 1929 2806 ejus
1969 2737 2044 2791 si-

470 2827 715 2881 mulacra
752 2842 889 2895 pure
913 2826 967 2881 in
1000 2829 1159 2883 terris
1193 2838 1671 2894 conversatorum,
1705 2837 1758 2884 et
1783 2829 2043 2899 quoniam

470 2917 562 2985 qui
596 2918 899 2972 ambulavit
934 2918 987 2971 in
1026 2928 1169 2973 terra
1215 2927 1435 2989 propter
1466 2935 1567 2976 nos
1612 2920 1665 2973 in
1710 2935 1876 2975 carne
1903 2919 2044 2975 Deus

468 3020 522 3063 et
553 3025 650 3078 pro
682 3011 839 3067 nobis
872 3011 1188 3076 crucitlxus,
1219 3014 1391 3067 salvat
1418 3028 1516 3067 nos
1542 3012 1863 3068 confitentes
1895 3028 2046 3068 sum-

1287 284 1589 398 SYM‘EON
1603 336 1670 395 lS
1708 331 2000 392 TIIESSA
2012 327 2474 389 LONICENSIS
2512 326 2867 389 ARCHIEP.

3608 333 3705 395 656

2719 436 2952 490 ΚΕΦᾹΛ
2986 435 3157 490 ΤΝΓ.

2151 555 2311 627 Atat!
2336 555 2698 627 al.1«rar87at
2728 524 2950 627 ἔξωθε)ζ
2977 556 3264 627 γίνονται,
3287 555 3391 627 λκαὶ
3420 560 3707 627 σταυροὺς

2221 626 2290 678 ἐν
2337 624 2546 690 αὑταῖς
2591 623 3011 694 πεδοιφέρομεν,
3041 624 3137 678 καὶ
3195 625 3368 694 ἁγίας
3391 623 3641 694 εἰκόνας.

2238 800 2434 856 ’ἰστέον
2463 802 2517 854 δὲ
2546 801 2620 864 ὡς
2649 802 2702 854 al
2732 802 2994 854 λιτανεῖαι
3036 802 3205 855 πᾶσαι
3234 802 3433 868 ἔξωθεν
3460 804 3490 874 ἢ
3517 808 3595 869 είς
3622 807 3707 861 τὸν

2153 893 2485 964 νάρθηκα,ἧ
2526 894 2844 964 περικύκλῳ
2898 895 3009 946 τῶν
3058 895 3296 965 μονῶνῆ
3355 896 3461 949 τῶν
3511 899 3711 952 πόλεων

2154 986 2464 1055 γινόμεναι,
2492 986 2579 1038 διὰ
2610 987 2708 1054 τὴν
2744 988 3050 1055 ἀνάμνησιν
3071 988 3167 1055 τῆς
3201 990 3529 1052 ἐκπτώσεως
3559 992 3710 1059 ἡμῶν

2150 1079 2415 1146 γίνονται,
2441 1080 2585 1141 ὅπως
2633 1078 2831 1144 ἔξωθεν
2868 1079 3173 1147 γεγόναμεν
3215 1081 3315 1147 τῆς
3362 1079 3520 1145 Ἐδέμ
3546 1083 3623 1144 εἰς
3657 1082 3714 1135 τδ

2151 1172 2541 1224 ταπεινοῦσθαι
2580 1174 2673 1223 καὶ
2722 1174 2963 1239 φρςνείν,
3024 1172 3105 1224 ὅτι
3151 1172 3362 1236 ἀνάξιοι
3394 1173 3501 1226 τῶν
3550 1174 3714 1239 ἁγίων

2150 1264 2331 1316 τόπων
2362 1261 2549 1330 ἐσμὲν,
2582 1265 2677 1313 καὶ
2709 1261 2801 1315 τοῦ
2858 1262 3189 1333 παραδείσου
3220 1264 3318 1315 καὶ
3365 1263 3459 1315 τοῦ
3492 1263 3715 1331 ούρανοῦ

2149 1350 2444 1403 ἐκπτωτοι’
2508 1341 2604 1402 κάι
2656 1351 2750 1403 τὸν
2801 1350 3042 1423 τελώνην
3088 1352 3378 1422 μιμεῖσθαι
3416 1354 3717 1423 ὀφείλομεν,

2154 1442 2431 1510 μακρόθεν
2462 1442 2672 1495 ἐστώτα
2699 1443 2787 1495 διὰ
2824 1443 3026 1514 πολλὴν
3052 1444 3148 1516 τὴν
3172 1444 3483 1498 εύλὰὁειανο
3516 1450 3607 1501 καὶ
3634 1448 3719 1499 τὸν

2162 1535 2333 1603 Ἀδὰμ
2366 1537 2568 1589 ἐννοεῖν
2608 1536 3022 1605 ἁπῳκισθέντα,
3085 1538 3183 1590 καὶ
3244 1537 3336 1591 τὸν
3373 1540 3584 1593 ἄσωτον
3613 1540 3722 1591 υἱὸν

2150 1627 2228 1689 είς
2254 1626 2559 1699 ἀλλοδαπὴν
2606 1628 3010 1698 μακρυνθὲντα.
3047 1628 3184 1699 Περὶ
3224 1626 3321 1690 τὰς
3350 1630 3624 1699 ἀμφόδους
3664 1631 3717 1684 δὲ

2152 1716 2249 1768 καὶ
2284 1717 2548 1786 τριόδους,
2581 1719 2798 1781 καὶτὰς
2823 1718 2976 1782 ὁδοὺς
3006 1718 3104 1782 τὰς
3157 1718 3371 1789 δεήσεις
3403 1721 3717 1791 ποιούμεθα,

2148 1806 2223 1869 ὡς
2248 1807 2314 1859 ἂν
2341 1806 2668 1875 μολυνθέντα
2703 1808 2879 1863 ταῦτα
2902 1809 3023 1871 ταῖς
3056 1808 3215 1880 ἡμῶν
3242 1810 3549 1882 ἁμαρτίαις
3623 1829 3721 1864 xa-

2149 1899 2405 1969 θαρισθῇ.
2442 1901 2552 1954 Καὶ
2588 1902 2689 1964 τὰς
2727 1902 2878 1972 ἱερὰς
2930 1903 2987 1956 δὲ
3017 1904 3236 1966 εἰκόνας
3295 1904 3587 1972 ἐξάγοντες
3617 1906 3720 1959 τῶν

2148 1992 2293 2045 ναῶν
2320 1994 2712 2063 περιφέρομεν,
2749 1995 2845 2048 καὶ
2876 1996 3005 2059 τοὺς
3056 1997 3279 2065 τιμίους
3326 1999 3599 2067 σταυροὺς
3632 2000 3722 2051 καὶ

2146 2082 2319 2151 ἁγίων
2353 2084 2624 2155 ἱερώτατα
2662 2085 2889 2155 λείψανα
2916 2086 3203 2151 πολλάκις,
3229 2087 3304 2149 ὡς
3344 2084 3420 2141 ἄν
3462 2091 3597 2158 μετὰ
3620 2089 3722 2142 τῶν

2146 2176 2449 2247 ἀνθρώπων
2497 2181 2591 2230 καὶ
2642 2178 2710 2231 τὰ
2738 2180 2819 2241 είς
2872 2180 3071 2251 χρῆσιν
3123 2180 3305 2234 αὐτῶν
3359 2182 3722 2251 ἁγιασθῶσιν,

2146 2270 2313 2324 οίκίαι
2338 2287 2397 2323 τε
2438 2272 2531 2324 καὶ
2588 2270 2699 2324 όδοὶ
2739 2273 2833 2325 καὶ
2866 2272 3040 2327 ὕδατα
3096 2274 3191 2327 καὶ
3246 2272 3354 2344 ἀὴρ
3398 2276 3489 2328 καὶ
3522 2276 3590 2345 γῆ
3632 2277 3723 2344 ῥυ-

2147 2363 2417 2432 πουμένη,
2452 2364 2527 2426 ὼς
2555 2362 2644 2431 ὑφ’
2693 2364 2850 2433 ἡμῶν
2888 2365 3230 2437 πατουμένη,
3272 2367 3371 2421 καὶ
3407 2367 3559 2430 πόλις
3587 2384 3706 2422 κατε

2145 2456 2439 2525 οικουμένη
2469 2460 2562 2511 καὶ
2594 2456 2767 2528 χώρα,
2833 2461 2928 2511 καὶ
2951 2458 3103 2521 θείας
3139 2458 3455 2529 μετάσχωσι
3480 2458 3717 2530 χάριτος,

2147 2549 2241 2602 καὶ
2262 2548 2323 2599 τὸ
2344 2548 2690 2617 λοιμαντικδν
2716 2549 2811 2602 καὶ
2840 2549 3171 2620 φθοροποιὸν
3192 2536 3604 2615 ἀποδάλωνται,
3637 2554 3721 2618 γέο

2146 2656 2302 2708 νηται
2332 2640 2388 2693 δὲ
2412 2640 2569 2704 ἵλεως
2618 2643 2751 2711 ἡμῖν
2800 2643 2828 2695 6
2866 2643 3173 2712 capxwlielc
3231 2645 3378 2717 ὑπὲρ
3405 2646 3583 2716 ἡμῶν,
3634 2646 3719 2697 καὶ

2150 2733 2367 2802 μορφὴν
2396 2732 2585 2785 δούλου
2619 2733 2824 2798 λαϐὼν,
2867 2735 2934 2806 ἣν
2963 2736 3290 2800 είκονίζουσί
3314 2755 3381 2790 τε
3409 2739 3503 2791 καὶ
3528 2737 3720 2808 φέρον-

2148 2841 2232 2876 σιν
2269 2826 2323 2877 αί
2352 2823 2492 2877 θεῖαι
2527 2825 2755 2890 είκόνες,
2788 2827 2884 2877 καὶ
2915 2826 3025 2878 τῶν
3056 2826 3228 2895 ἁγίων
3278 2829 3454 2882 αὐτοῦ
3484 2832 3554 2882 τὰ
3591 2847 3720 2899 μορ·

2147 2917 2408 2986 φὼματα,
2434 2918 2544 2970 τῶν
2568 2916 2823 2987 καθαρῶς
2844 2918 3405 2989 ἐμπολιτευσαμένων
3428 2924 3493 2992 τῇ
3522 2924 3610 2991 γῇο
3634 2922 3722 2975 καὶ

2145 3006 2225 3060 ὅτι
2260 3010 2289 3060 6
2320 3010 2780 3080 ἐμπεριπατήσις
2805 3013 2869 3079 τῇ
2908 3014 2977 3082 γῇ
3011 3012 3077 3064 δι’
3109 3014 3256 3081 ἡμᾶς
3280 3015 3341 3066 ἐν
3377 3016 3539 3086 σαρκὶ
3573 3015 3720 3078 Θεὸς,

470 3116 574 3154 ma:
610 3102 871 3156 bonitatis
894 3102 1014 3171 ejus
1047 3112 1101 3157 et
1126 3104 1415 3158 charitatis
1452 3119 1609 3172 opus,
1644 3105 1854 3159 scilicet
1890 3106 2039 3158 illum

2148 3099 2240 3154 καὶ
2273 3100 2412 3170 ὑπὲρ
2428 3101 2585 3170 ἡμῶν
2621 3103 2978 3173 σταυρωθεὶς,
3013 3106 3180 3158 σώσει
3225 3107 3379 3176 ἡμᾶς
3402 3108 3722 3178 ὁμολογοῦν-

470 3192 733 3247 ell'udisse
760 3194 813 3245 in
846 3207 1007 3247 cruce
1032 3194 1359 3263 sanguinem
1386 3205 1439 3250 et
1470 3205 1743 3251 mortuum
1789 3213 1912 3252 esse
1949 3215 2047 3267 pro

473 3283 651 3346 nobis,
684 3298 747 3339 ac
782 3292 1067 3352 propterea
1109 3285 1373 3339 habentes
1420 3302 1484 3340 ac
1531 3288 1891 3342 ostendentes
1931 3290 2048 3360 ipsa

473 3376 749 3443 passionis
781 3376 927 3430 illius
960 3377 1134 3447 signa,
1182 3378 1549 3432 venerandam
1581 3380 1764 3435 crucis
1815 3378 2049 3449 ﬁguram

473 3484 569 3537 per
595 3482 758 3537 quam
792 3484 917 3523 eum
942 3468 1035 3539 qui
1073 3484 1171 3525 nos
1201 3470 1473 3525 interiecit
1502 3473 1554 3525 in
1586 3472 1733 3541 ligno
1769 3474 2050 3529 destruxit

471 3561 754 3615 inimicum
799 3570 963 3630 atque
998 3578 1027 3616 a
1058 3572 1230 3616 morte
1263 3579 1365 3617 nos
1409 3564 1574 3618 eruit.
1610 3564 1782 3619 Porro
1811 3565 2048 3623 diacono

469 3660 711 3723 tempore
727 3664 1032 3725 opportuno
1051 3657 1303 3711 dicente:
1348 3657 1634 3725 «Benedic,
1659 3659 1897 3723 domine,
1915 3680 1933 3713 ι
1965 3676 2052 3715 sa-

468 3747 683 3812 cerdos,
726 3747 1108 3803 «Benedictum
1136 3789 1151 3814 ,
1186 3748 1382 3817 inquit,
1429 3765 1657 3817 regnum
1697 3752 1930 3807 Patris.»
1987 3753 2051 3807 Et

469 3838 736 3894 diaconus
765 3840 898 3895 dicit
932 3839 1174 3908 pacifica,
1205 3851 1259 3896 et
1291 3842 1472 3895 cantio
1503 3844 1813 3910 vespertina
1865 3844 2050 3914 psalli-

468 3941 577 3995 tur,
599 3946 790 4001 nempe
812 3940 936 4002 post
955 3932 1406 3987 exclamationem
1433 3950 1445 3985 :
1477 3933 1737 4001 «inclina,
1762 3935 2008 4002 Domine,
2024 3955 2043 3988 ι

471 4038 645 4091 usque
676 4024 742 4077 ad
776 4025 962 4079 linem.
992 4025 1048 4079 in
1082 4040 1187 4095 qua
1230 4027 1488 4081 cautione
1523 4027 1833 4098 lampadum
1860 4044 2049 4099 preces

467 4114 599 4167 dicit
619 4118 898 4170 sacerdos.
918 4116 1129 4171 Deinde
1174 4116 1318 4171 circa
1358 4119 1519 4173 linem
1541 4119 1648 4173 diei
1682 4134 1695 4172 :
1740 4139 1758 4171 ε
1795 4118 2045 4187 Domine,

468 4207 721 4271 clamavi,
750 4226 767 4259 ι
795 4224 984 4263 versus
1014 4207 1084 4263 de
1113 4224 1264 4263 more
1299 4211 1578 4275 dicuntur,
1604 4221 1656 4267 et
1684 4212 1743 4266 ﬁt
1768 4211 2048 4283 ingressus

468 4298 686 4352 diaconi
728 4307 782 4354 et
814 4300 1119 4355 sacerdotis
1174 4302 1258 4355 vel
1309 4303 1609 4357 sacerdotis
1664 4313 1872 4358 tantum
1927 4306 2048 4361 sine

470 4391 767 4446 luminibus
814 4392 1093 4455 intrantis,
1133 4393 1370 4461 priorem
1415 4394 1618 4448 Christi
1661 4396 1955 4452 adventum
1989 4397 2043 4453 in

469 4480 686 4533 silentio
717 4480 920 4534 factum
953 4479 1319 4550 signiﬁcantis
1352 4482 1478 4535 dum
1512 4483 1567 4537 iu
1606 4484 1846 4540 tenebris
1878 4488 2039 4541 sede-

469 4585 673 4623 remus.
693 4571 773 4624 Ad
803 4571 933 4625 illud
969 4590 982 4626 :
1010 4571 1308 4637 «Quoniam
1340 4573 1406 4628 ad
1440 4582 1511 4642 te,
1538 4572 1821 4640 Domine.)
1852 4579 2046 4634 invitat

468 4677 592 4715 eum
626 4672 843 4729 cantor,
868 4672 920 4717 et
951 4665 1003 4717 iu
1035 4679 1251 4719 sacrum
1283 4666 1659 4721 sanctuarium
1695 4668 2037 4738 ingreditur;

468 4767 768 4820 versusque
801 4754 1146 4823 complentur
1169 4768 1294 4808 cum
1326 4756 1597 4812 versiculo
1622 4758 1947 4828 interposito
1977 4763 2044 4815 ad

416 4898 417 4901 η
469 4846 654 4909 verba,
694 4842 870 4900 «Voce
907 4862 1026 4900 mea
1050 4846 1115 4900 ad
1149 4846 1436 4902 Dominum
1486 4848 1739 4903 clamavi.
1773 4868 1793 4902 ι
1837 4849 2043 4905 Deinde

413 4944 429 5065 l

405 5067 416 5084 1

481 4936 695 4990 «Gloria
724 4944 777 4991 et
799 4953 960 5001 nunc,
978 4956 996 4989 ι
1023 4947 1079 4993 et
1114 4938 1458 4994 intercalaris
1474 4940 1793 4997 versiculus.
1819 4944 2044 4997 Statim-

473 5044 578 5096 que
626 5029 880 5085 omnibus
918 5031 1272 5096 sedentibus,
1314 5032 1513 5103 legitur
1560 5033 1700 5087 liber
1729 5033 1959 5089 Genesis
1995 5037 2049 5089 in

466 5122 737 5186 ambone;
771 5136 878 5189 qua
934 5122 1164 5176 lectione
1190 5121 1333 5176 facta
1361 5163 1376 5189 ,
1415 5124 1617 5191 paratis
1650 5124 1704 5177 in
1740 5129 2053 5180 sanctuario

469 5212 727 5279 duobus;
765 5213 844 5266 vel
908 5213 955 5266 si
1027 5212 1169 5268 adsit
1223 5214 1491 5282 pontifex,
1542 5213 1792 5283 pluribus
1852 5215 2054 5270 caude-

468 5302 636 5356 labris
686 5317 749 5356 ac
807 5303 1110 5367 thuritiulo,
1183 5303 1231 5357 si
1279 5304 1544 5360 diaconus
1614 5306 1833 5374 quidem
1908 5322 2037 5361 cum

468 5394 749 5447 sacerdote
773 5396 1065 5461 ministrat,
1088 5396 1239 5449 solus
1257 5397 1370 5465 ipse
1390 5397 1550 5451 intrat
1570 5397 1837 5451 diaconus
1858 5397 2041 5454 ferens

466 5484 753 5538 incensum
783 5499 847 5537 ac
890 5486 1193 5554 lampadem
1220 5488 1527 5541 ardentem.
1569 5487 1827 5543 Lectores
1861 5499 2040 5543 autem

465 5591 587 5630 cum
617 5577 961 5632 candelaliris
985 5580 1313 5648 praecedunt.
1358 5579 1415 5633 Si
1445 5594 1575 5635 vero
1606 5595 1715 5635 non
1759 5582 1900 5634 adsit
1929 5582 2050 5635 «lia-

465 5680 659 5733 conus,
699 5671 955 5723 sacerdos
998 5672 1164 5723 intrat
1198 5672 1374 5732 solus,
1441 5680 1667 5739 portans
1732 5672 2042 5743 lampadem

461 5766 517 5811 et
568 5757 926 5822 thuribulum,
961 5768 1123 5828 atque
1171 5763 1541 5830 praceuntibus
1594 5764 1911 5829 lectoribus,
1946 5780 2043 5835 per

2152 3208 2250 3254 τας
2279 3191 2445 3244 αὑτοῦ
2473 3194 2533 3246 τὸ
2564 3195 2662 3262 τῆς
2705 3196 2881 3265 ἄκρας
2917 3195 3255 3267 ἁγαθότητος
3313 3199 3483 3269 ἔργον
3506 3201 3599 3253 καὶ
3628 3201 3723 3268 τῆς

2152 3282 2312 3353 255
2334 3284 2573 3356 ἀγάπης,
2606 3286 2665 3339 τὸ
2696 3289 2881 3357 ἐγχέαι
2914 3289 3001 3341 διὰ
3033 3290 3268 3358 σταυροὖ
3304 3292 3371 3343 τὸ
3425 3290 3586 3361 αἷμα,
3622 3294 3715 3343 καὶ

2152 3375 2445 3428 ἀποθανεῖν
2479 3377 2646 3453 αὐτόν
2680 3379 2823 3450 ὑπὲρ
2858 3382 3035 3449 ἡμῶν,
3071 3382 3164 3434 καὶ
3211 3382 3298 3436 διὰ
3345 3382 3509 3437 τοῦτο
3554 3385 3721 3437 me-

2152 3482 2351 3535 χοντας
2380 3470 2475 3521 καὶ
2509 3456 2826 3535 δεικνύντας
2857 3472 2996 3526 αὐτὰ
3032 3475 3099 3527 τὰ
3149 3474 3243 3525 τοῦ
3292 3476 3507 3538 πάθους
3565 3474 3724 3528 αὑτοῦ

2152 3561 2376 3627 σημεῖα,
2404 3560 2535 3623 τοὺς
2564 3554 2785 3629 τίμίους
2842 3562 2935 3615 τοῦ
2995 3564 3231 3631 σταυροῦ
3286 3569 3521 3630 τύπους,
3556 3568 3621 3620 δι’
3666 3558 3727 3619 οὗ

2154 3648 2247 3703 τὸν
2280 3649 2677 3705 θανατώσαντα
2734 3655 2884 3723 ἡμᾶς
2935 3658 2992 3708 ἐν
3026 3656 3167 3726 ξύλῳ
3219 3657 3478 3710 καθεῖλεν
3515 3658 3723 3727 ἐχθρὸν,

2151 3741 2248 3793 καὶ
2270 3742 2365 3793 τοῦ
2390 3742 2623 3795 θανάτου
2656 3744 2948 3815 ἐρρύσατο.
2975 3747 3080 3800 Τοῦ
3099 3748 3154 3800 δὲ
3186 3748 3445 3803 διακόνου
3472 3749 3723 3812 λαϐόντος

2150 3832 2367 3900 καιρὸν,
2422 3834 2518 3885 καὶ
2567 3836 2838 3900 εἰπόντος,
2906 3854 2924 3889 ι
2967 3839 3295 3909 Εύλόγησον,
3330 3841 3597 3907 δέσποτα,
3642 3860 3661 3893 ι
3695 3840 3723 3890 6

2152 3923 2354 3993 ἱερεὺς,
2424 3944 2443 3976 ε
2477 3926 2837 3997 Εὐλογημένη
2878 3930 2910 3999 ἡ
2968 3930 3217 3998 βασιλεία
3269 3933 3370 3985 τοῦ
3426 3935 3660 4004 Πατρός,
3698 3953 3715 3985 ι

2150 4014 2286 4083 φησί
2306 4031 2323 4047 ο
2359 4019 2453 4068 καὶ
2483 4018 2511 4069 6
2539 4017 2787 4080 διάκονος
2814 4022 2883 4074 τὰ
2911 4021 3183 4091 εἰρηνικά.
3216 4022 3322 4075 Καὶ
3356 4027 3384 4078 6
3427 4027 3724 4097 ᾲσματικὸς

2150 4109 2436 4179 ἐσπερινδς
2465 4108 2729 4178 ψάλλεται
2752 4128 2763 4142 ·
2808 4107 2925 4166 οἷον
2975 4116 3113 4183 μετὰ
3146 4113 3245 4185 τὴν
3278 4117 3597 4187 ἐκφώνησιν
3642 4117 3721 4181 τὸ,

2155 4220 2173 4253 «
2209 4202 2425 4269 κλῖνον,
2456 4202 2652 4272 Κύριε,
2689 4222 2708 4256 ι
2744 4205 2871 4275 ἄχρι
2915 4207 3127 4270 τέλους.
3200 4207 3291 4259 Ἐν
3326 4203 3374 4277 ᾧ
3409 4211 3511 4272 τὰς
3545 4212 3722 4280 λυχνι-

2149 4292 2253 4354 κὰς
2293 4294 2463 4363 εὐχὰς
2513 4294 2664 4362 λέγει
2702 4295 2730 4347 6
2783 4297 2985 4366 ἱερεύς.
3017 4294 3153 4352 Εἶτα
3182 4298 3243 4352 τὸ
3286 4300 3598 4357 τελευταῖον
3628 4304 3721 4369 τῆς

2148 4388 2363 4455 ἡμέρας
2417 4388 2496 4451 τὸ,
2553 4409 2570 4437 «
2612 4390 2809 4458 Κύριε,
2852 4391 3167 4463 ἐκέκραξα·
3208 4410 3229 4445 ι
3293 4396 3343 4447 oi
3410 4398 3585 4467 στίχοι
3647 4397 3721 4460 ὡς

2076 4455 2122 4513 θ
2151 4476 2295 4540 ἔθος,
2321 4477 2415 4529 καὶ
2443 4480 2475 4547 ἡ
2512 4455 2716 4542 εἴσοδος
2759 4480 2852 4533 τοῦ
2886 4455 3142 4536 διακόνου
3174 4484 3269 4537 καὶ
3306 4455 3543 4555 ίερέωςηο
3572 4455 3721 4558 qui

2149 4568 2342 4637 ἱερέως
2368 4570 2530 4639 μόνον
2552 4570 2917 4633 εἰσοδεύοντος
2947 4574 3115 4641 χωρὶς
3147 4576 3364 4645 φώτων,
3392 4579 3495 4648 τὴν
3516 4580 3577 4631 ἐν
3596 4582 3718 4648 σιγῇ

2149 4660 2511 4729 σημαίνοντος
2546 4662 2848 4729 ἐπιδημίαν
2874 4664 3041 4716 αὑτοῦ
3096 4664 3347 4733 πρώτην,
3386 4667 3719 4737 καθημένων

2150 4754 2308 4823 ἡμῶν
2341 4757 2398 4807 ἐν
2439 4756 2640 4807 σκότει.
2680 4756 2791 4809 Καὶ
2822 4758 2902 4819 είς
2930 4758 3011 4822 τὸ,
3054 4775 3073 4808 «
3116 4758 3241 4811 Ὀτι
3275 4759 3415 4828 πρὸς
3466 4761 3547 4821 σὲ,
3610 4760 3718 4811 K6-

2154 4865 2261 4917 ριε,
2300 4866 2319 4898 ι
2358 4848 2515 4900 καλεῖ
2541 4847 2707 4901 αὐτὸν
2729 4851 2757 4901 6
2789 4848 3022 4919 ψάλτης,
3076 4853 3171 4905 καὶ
3200 4852 3281 4913 είς
3298 4851 3360 4904 τὸ
3388 4852 3547 4918 ἅγιον
3574 4850 3720 4921 βῆμα

2152 4940 2485 5008 εἰσέρχεται.
2528 4941 2636 4995 Καὶ
2660 4942 2710 4992 οἱ
2740 4942 3265 5013 στίχοιπληροῦνται
3296 4946 3434 5012 μετὰ
3453 4943 3550 4997 τοῦ
3582 4945 3717 4996 ὑπο-

2149 5030 2455 5097 ψάλματος,
2486 5031 2564 5093 είς
2597 5030 2678 5095 τὸ,
2750 5050 2768 5082 ι
2805 5034 2959 5103 Φωνῇ
3022 5052 3123 5101 μου
3159 5036 3294 5104 πρὸς
3344 5035 3553 5102 Κύριον
3601 5035 3719 5085 ἐκέ-

2150 5120 2350 5190 κραξα.
2392 5141 2410 5173 ι
2448 5120 2604 5184 Εἶτα,
2644 5142 2663 5173 σ
2698 5124 2835 5187 Δόξα
2862 5126 2953 5177 καὶ
3001 5124 3117 5189 νῦν,
3162 5144 3180 5177 ι
3227 5128 3321 5179 καὶ
3368 5128 3608 5196 περισσὴ
3662 5129 3720 5178 τὸ

2152 5211 2494 5280 ὑπόψαλμον.
2553 5214 2662 5267 Καὶ
2692 5213 2853 5276 εὐθὺς
2884 5214 3212 5284 καθημένων
3242 5215 3484 5280 πάντων,
3528 5221 3718 5283 ἀναγι-

2150 5301 2420 5356 νώσκεται
2446 5306 2478 5373 ἡ
2508 5304 2547 5356 Γ
2552 5304 2727 5367 ἐνεσις
2754 5307 2812 5359 ἐν
2843 5306 2920 5375 τῷ
2961 5307 3178 5376 aptwa
3204 5324 3218 5337 °
3251 5308 3424 5377 αὐτῆς
3446 5308 3503 5361 δὲ
3529 5310 3717 5374 ἀναγι-

2152 5400 2524 5469 νωσκομένης,
2587 5401 2647 5451 ἐν
2696 5400 2774 5470 τῷ
2812 5400 3018 5471 βήματι
3078 5401 3549 5473 εὐτρεπισθέντων
3606 5418 3715 5470 μα-

2151 5490 2415 5543 νουαλίων
2448 5490 2561 5553 δύο,
2610 5493 2743 5545 εἰδὲ
2784 5492 3074 5563 ἀρχιερεὺς
3113 5496 3224 5564 εἴη,
3285 5497 3373 5546 καὶ
3427 5493 3709 5555 πλειόνων.

2148 5585 2242 5636 καὶ
2276 5585 2367 5637 τοῦ
2404 5586 2795 5658 θυμιατηρίου,
2855 5589 2904 5641 εί
2961 5591 3060 5658 μέν
3131 5590 3435 5659 λειτουργεῑ
3469 5591 3561 5641 καὶ
3602 5588 3715 5641 διά·

2145 5693 2301 5739 κονος
2346 5678 2444 5730 σὺν
2476 5679 2554 5748 τῷ
2584 5681 2741 5750 ἱερεῖ,
2774 5681 2938 5744 αὐτὸς
2962 5682 3245 5752 ἐξέρχεται
3282 5681 3443 5750 μόνος
3477 5683 3505 5733 6
3539 5680 3715 5733 διάκο-

2144 5781 2255 5831 νος,
2292 5766 2511 5836 κρατῶν
2544 5770 2636 5825 τὸν
2660 5770 2931 5840 θυμιατδν
2962 5774 3078 5843 »καὶ
3131 5770 3391 5843 λαμπάδα
3444 5772 3711 5840 ἡμμενην.
