4094 6194
403 296 504 359 657

1560 287 1659 351 DE
1696 287 1938 351 SACRA
1983 288 2494 352 PRECATIONE.

3544 289 3651 354 658

407 406 470 457 ΟΞ
495 402 552 456 δὲ
584 400 934 469 ἀναγνῶσται
965 397 1399 471 προπορεύονται
1437 399 1576 470 μετὰ
1607 401 1972 471 μανουαλίων.

2093 403 2359 461 lateralem
2405 404 2630 475 ianuam
2666 399 2842 474 pergit
2888 409 2944 459 ct
2997 401 3064 459 ad
3097 400 3257 458 linem
3301 397 3487 471 templi
3523 415 3652 471 pro.

400 497 462 548 El
493 493 541 549 δ’
563 495 664 548 ούκ
702 494 821 547 ἔστι
870 493 1152 572 διάκονος)
1189 493 1473 566 ἐξέρχεται
1509 493 1670 563 μόνος
1705 496 1733 548 6
1765 496 1967 566 ἱερεὺς,

2078 499 2240 554 cedit.

399 585 620 655 κρατῶν
643 583 742 652 τὴν
773 583 1035 654 λαμπάδα
1075 584 1171 637 καὶ
1202 583 1264 636 τὸ
1299 583 1665 654 θυμιατήριον
1700 585 1794 640 καὶ
1830 589 2327 659 προπορευομένων
2367 589 2478 646 τῶν
2551 589 2946 660 ἀναγνωστῶν,
3005 591 3281 664 διέρχεται
3347 590 3445 661 τὴν
3517 591 3653 645 πλα-

395 681 544 751 γίαν,
576 677 673 733 καὶ
702 677 784 744 είς
810 677 873 733 τὸ
890 677 1046 744 τέλος
1068 678 1162 733 τοῦ
1187 677 1315 733 ναοῦ
1344 679 1586 750 ἔρχεται.

953 885 1208 940 ΚΕΦΔΛ.
1237 883 1409 940 TNA'.

401 1005 566 1060 Διατί
595 1003 668 1058 ἐν
690 1001 770 1068 τῷ
792 999 1091 1074 ἕσπεριγῷ
1115 1001 1211 1054 καὶ
1245 999 1339 1074 τῇ,
1359 1000 1758 1074 Παροιμίᾳῖτὰ
1779 1005 1970 1074 φῶτας

574 1074 674 1129 καί
699 1073 756 1128 τί
779 1074 874 1140 τὸ,
900 1068 1062 1138 «Φῶς
1081 1071 1342 1140 Χριστοῦ
1367 1068 1575 1142 ’φαίνει
1607 1068 1814 1131 araora}

470 1279 588 1334 Kal
611 1277 1002 1350 πληρωθείσης
1026 1277 1128 1348 τῆς
1160 1278 1460 1343 Γενὲσεως,
1517 1278 1769 1347 φαίνεται
1809 1278 1974 1342 εὐθὺς

404 1370 544 1440 μετὰ
580 1371 690 1424 τῶν
719 1367 941 1438 φώτων,
974 1369 1074 1433 τὰς
1109 1369 1400 1439 βασιλικὰς
1429 1371 1606 1433 πύλας
1641 1369 1854 1436 εἰσιὼν,
1881 1371 1980 1424 ἀν-

404 1460 714 1530 ισταμένων
747 1461 1030 1516 ἁπάντων.
1081 1462 1181 1524 ’ος
1212 1462 1308 1516 καὶ
1330 1463 1412 1526 είς
1433 1463 1493 1516 τὸ
1521 1464 1692 1532 μέσον
1717 1463 1847 1527 στὰς
1878 1461 1972 1516 τοῦ

403 1551 555 1616 ναοῦ,
586 1547 826 1605 ποιείται
863 1550 1104 1622 σταυροῦ
1162 1552 1337 1607 τύπον
1380 1555 1460 1624 τῷ
1489 1555 1837 1626 θυμιατηρίῳ
1882 1557 1975 1608 tato

2618 889 2849 950 CAPUT
2875 889 3143 947 CCCLW.

2082 1008 2262 1082 Quare
2289 1010 2350 1082 in
2372 1011 2674 1082 vespertino
2713 1011 2891 1080 ofﬁcio
2923 1015 2972 1082 et
3002 1007 3126 1060 dum
3157 1014 3315 1082 caput
3343 1021 3410 1082 ea:
3439 1005 3656 1082 Prouer-

2153 1079 2251 1149 biis
2279 1076 2491 1149 legitur,
2536 1076 3148 1140 lumina'accendantur,
3179 1086 3228 1130 et
3255 1076 3318 1131 de
3338 1077 3472 1132 illo:
3508 1077 3657 1130 «Lua:

2153 1147 2352 1205 Christi
2375 1152 2620 1206 omnibus
2644 1160 2886 1222 apparet.
2920 1168 2939 1201 ι

2149 1282 2373 1348 lmpleta
2401 1294 2583 1339 antem
2620 1286 2742 1340 libri
2790 1285 3018 1342 Genesis
3052 1286 3324 1348 lectione,
3363 1282 3513 1338 illico
3560 1297 3657 1350 ap-

2080 1384 2233 1444 paret
2280 1391 2405 1430 cum
2444 1377 2773 1442 luminibus,
2820 1394 2916 1447 per
2946 1365 3153 1446 regales
3185 1378 3382 1446 januas
3418 1377 3656 1434 intrans.

2081 1467 2357 1521 stantibus
2388 1468 2685 1530 universis.
2721 1471 2810 1538 qui
2848 1479 2998 1525 stans
3041 1471 3094 1524 in
3131 1472 3308 1525 medio
3341 1470 3548 1538 templo
3576 1469 3656 1524 si-

2081 1574 2245 1627 gnum
2277 1559 2458 1615 crucis
2492 1559 2618 1614 facit
2648 1575 2771 1614 cum
2806 1561 3107 1626 thuribnlo,
3135 1561 3241 1616 alta
3265 1576 3400 1616 voce
3430 1563 3616 1616 dicens
3642 1577 3656 1613 :

405 1641 600 1713 φώνως
655 1642 848 1709 λέγων,
885 1661 905 1696 ι
943 1643 1114 1712 Σοφία
1159 1644 1334 1714 ὀρθοὶ,
1361 1645 1478 1712 φῶς
1529 1646 1768 1716 Χριστοῦ
1795 1646 1972 1714 φαίνει

2093 1648 2395 1718 iSapientia
2431 1645 2618 1716 erecti,
2645 1652 2734 1705 lux
2755 1651 2954 1707 Christi
2981 1652 3238 1706 omnibus
3268 1661 3550 1720 apparet,»
3599 1661 3658 1705 et

411 1740 569 1792 πᾶσι.
604 1756 624 1789 ι
669 1737 780 1791 Καὶ
811 1738 891 1801 είς
918 1738 979 1792 τὸ
1008 1738 1164 1806 ἅγιον
1191 1737 1341 1809 βῆμα
1366 1740 1675 1809 ἀνέρχεται.
1710 1740 1843 1792 Τότε
1865 1739 1978 1792 τοί-

407 1815 508 1883 νυν
538 1829 567 1880 6
601 1829 700 1899 μὲν
728 1831 787 1884 ἐν
819 1830 898 1901 τῷ
936 1831 1154 1900 ἄμϐωνι
1204 1832 1562 1901 ἀναγνῶστης
1609 1831 1980 1900 ἀναγινώσκει

404 1921 506 1992 τὴν
528 1923 855 1990 Παροιμίανο
885 1921 956 1976 τὰ
979 1921 1035 1976 δὲ
1075 1922 1224 1992 ὲντῷ
1255 1922 1368 1993 ναῷ
1397 1923 1600 1994 συνήθη
1629 1923 1784 1994 φῶτα
1804 1925 1980 1978 ἀνάπ-

411 2029 584 2066 τεται.
624 2013 800 2066 Τοῦτο
834 2012 892 2067 δὲ
917 2012 1088 2085 δηλοῖ,
1118 2014 1195 2076 ὡς
1228 2015 1364 2085 πρὸς
1394 2015 1476 2083 τῷ
1507 2016 1650 2068 τέλει
1710 2017 1822 2069 τῶν
1848 2015 1982 2069 alti)-

409 2124 517 2161 νων
554 2105 616 2158 τδ
645 2105 762 2173 φῶς
793 2103 855 2158 τὸ
885 2105 1140 2176 ἀληθινὸν
1162 2107 1298 2177 ἡμῖν
1329 2108 1443 2168 τοῖς
1474 2109 1532 2159 ἐν
1579 2107 1761 2162 σκότει
1806 2107 1982 2177 καθη-

415 2198 596 2268 μένοις
646 2196 737 2251 διὰ
782 2196 985 2268 σαρκὸς
1044 2197 1287 2267 ἔλαμψεν
1338 2197 1550 2269 Ἰησοῦς
1577 2200 1836 2270 Χριστὸς,
1890 2201 1984 2254 καὶ

408 2287 504 2344 τοῦ
538 2289 716 2360 φωτὸς
745 2291 848 2360 τῆς
876 2289 1102 2361 χάριτος
1123 2288 1288 2345 αὐτοῦ
1325 2291 1423 2362 τὴν
1455 2293 1785 2363 οἰκουμένην
1816 2292 1983 2362 ἐπλή-

412 2399 580 2452 ρωσε.
615 2384 707 2436 Διὸ
745 2384 843 2436 καὶ
904 2384 1000 2437 ἐπὶ
1040 2383 1188 2437 τέλει
1231 2385 1434 2449 παντὸς
1493 2385 1783 2453 ὲσπερινοῦ
1826 2386 1986 2440 τοῦτο

407 2476 648 2543 λέγεται,
694 2495 713 2528 ι
743 2476 869 2532 Ὀτι
897 2477 960 2530 σὺ
996 2475 1046 2530 εί
1098 2479 1126 2531 6
1153 2475 1433 2548 φωτισμδς
1489 2477 1672 2551 ἡμῶν,
1700 2479 1926 2549 Χριστὲ,
1959 2483 1986 2534 6

410 2569 543 2629 Θεὸς
594 2567 813 2638 ἡμῶν.»
840 2569 1055 2623 Γίνεται
1085 2569 1141 2623 δὲ
1170 2569 1325 2624 τοῦτο
1350 2570 1486 2638 μετὰ
1522 2572 1621 2637 τὴν
1642 2572 1863 2625 Γένεσιν
1891 2573 1987 2642 ἀρα

410 2659 650 2730 χομένης
697 2662 799 2728 τῆς
854 2660 1188 2731 ΙΙαροιμίας.
1244 2661 1368 2715 Ὀτι
1403 2661 1438 2732 ἡ
1493 2661 1593 2732 μὲν
1638 2663 1857 2727 Γένεσις
1917 2665 1986 2718 τὰ

411 2749 672 2820 ἁπαρχῆς
700 2750 994 2819 διηγεῖται,
1031 2753 1132 2820 τὴν
1154 2752 1514 2822 δημιουργίαν
1541 2753 1650 2808 τῶν
1671 2754 1865 2819 δντων,
1892 2757 1987 2808 καὶ

409 2841 508 2912 τὴν
536 2841 811 2896 ἔκπτωσιν
838 2844 931 2896 τοῦ
971 2833 1175 2910 Ἀδάμτ
1238 2846 1272 2912 ἠ
1317 2844 1598 2914 Παροιμία
1641 2846 1698 2899 δὲ
1730 2847 1988 2917 αἰνιγμα-

413 2935 600 2997 τωδῶς
638 2935 707 2988 τὰ
731 2936 861 3005 περὶ
897 2935 991 2989 τοῦ
1023 2936 1153 2988 Υίοῦ
1187 2936 1282 2989 τοῦ
1321 2936 1460 2990 Θεοῦ
1515 2937 1846 3002 ἐκδιδάσκει,
1891 2942 1986 2992 καὶ

2085 1742 2149 1796 ad
2182 1756 2403 1796 sacrum
2436 1744 2815 1798 sanctuarium
2847 1744 3113 1798 ascendit.
3139 1742 3277 1797 Tum
3303 1742 3467 1814 igitur
3495 1743 3664 1797 lector

2082 1834 2302 1904 quidem
2342 1835 2396 1889 in
2430 1836 2663 1890 amboue
2698 1845 2854 1904 caput
2885 1836 3015 1907 legit
3039 1849 3104 1890 ex
3135 1834 3488 1902 Proverbiis;
3534 1851 3662 1889 con-

2085 1937 2240 1983 sueta
2287 1935 2474 1982 autem
2525 1929 2578 1981 in
2637 1927 2838 1998 templo
2869 1927 3246 1983 accenduntur
3274 1927 3506 1982 lumina.
3547 1924 3663 1982 Hoc

2085 2035 2213 2075 vero
2243 2020 2483 2074 ostendit
2513 2021 2567 2074 in
2603 2021 2709 2073 line
2743 2019 3070 2076 saeculorum
3113 2021 3295 2076 lumen
3331 2033 3517 2074 verum
3563 2035 3664 2073 no.

2088 2113 2173 2169 his
2208 2112 2261 2166 in
2290 2111 2535 2167 tenebris
2567 2112 2884 2167 sedentibus
2915 2129 3010 2183 per
3046 2127 3266 2168 carnem
3298 2112 3546 2166 illuxisse
3572 2111 3664 2165 Je-

2086 2217 2207 2258 sum
2240 2201 2544 2265 Christum,
2585 2211 2900 2274 terramque
2940 2203 3061 2256 luce
3096 2201 3283 2271 gratiae
3330 2215 3442 2256 sua:
3474 2199 3666 2268 imple-

2086 2294 2250 2349 visse.
2295 2293 2421 2348 Ideo
2451 2293 2650 2363 legitur
2692 2293 2835 2348 istud
2888 2292 2942 2348 in
2993 2294 3099 2348 line
3142 2292 3441 2362 vespertini
3497 2292 3665 2345 totim

2087 2384 2248 2440 ollicil
2282 2399 2298 2439 :
2336 2384 2638 2452 «Quoniam
2679 2394 2733 2439 tu
2768 2400 2827 2440 es
2861 2385 3189 2440 illuminatio
3205 2393 3414 2448 nostra,
3449 2382 3668 2438 Christe

2091 2477 2231 2534 Deus
2260 2487 2498 2534 noster.»
2557 2477 2704 2532 Illud
2737 2487 2915 2532 autem
2958 2476 3016 2530 fit
3060 2483 3185 2547 post
3223 2475 3511 2533 lectionem
3538 2472 3664 2526 libri

2089 2571 2343 2634 Genesis,
2390 2572 2609 2642 incepto
2655 2569 3081 2626 Proverbiorum
3136 2569 3353 2638 capite,
3401 2567 3664 2638 quoniam

2089 2663 2318 2720 Genesis
2348 2663 2565 2732 quidem
2610 2677 2733 2732 qua:
2772 2660 2914 2716 facta
2965 2669 3095 2715 sunt
3142 2659 3211 2714 ab
3252 2659 3411 2714 initio
3445 2668 3668 2714 enarrat

2089 2769 2272 2810 rerum
2326 2753 2660 2809 creationem
2713 2761 2768 2808 et
2825 2753 2994 2806 Adam
3056 2751 3316 2818 lapsum;
3371 2751 3666 2805 Proverbia

2089 2861 2224 2901 vero
2257 2847 2309 2900 in
2338 2846 2626 2915 a'nigmate
2656 2845 2854 2900 docent
2884 2859 3005 2914 qua:
3034 2842 3102 2898 ad
3139 2841 3338 2896 Filium
3373 2841 3468 2895 Dei
3504 2841 3669 2910 perti-

2091 2949 2244 3003 nent.
2279 2949 2444 3008 atque
2472 2954 2570 3008 per
2594 2953 2719 2994 eum
2757 2939 3042 3008 adoptatos
3074 2944 3333 3006 tanquam
3370 2937 3508 2990 filios
3544 2938 3668 2988 hor-

411 3030 528 3090 τοῖς
559 3027 630 3080 δι’
657 3027 821 3081 αὑτοῦ
880 3029 1240 3098 υίοθετηθεῖσι
1282 3033 1542 3101 παραινεῖ
1591 3031 1782 3097 ὥσπερ
1818 3033 1984 3099 υίοίς,

2095 3041 2313 3098 tantur,
2368 3031 2661 3101 ipsumque
2710 3029 2909 3086 Filium
2972 3029 3298 3100 sapientiam
3353 3028 3668 3098 appellant,

379 3119 510 3172 οιαὶ
558 3119 761 3187 Σοφίαν
818 3119 981 3172 αὐτὸν
1025 3119 1116 3172 τὸν
1167 3119 1294 3173 Υίὸν
1358 3121 1636 3190 ὀνομάζει,
1691 3123 1785 3176 καὶ
1838 3119 1988 3176 οἶκον

415 3211 778 3282 οἰκοδομῆσαι
803 3211 971 3280 ἑαυτῇ
996 3212 1166 3279 λέγει.
1199 3212 1261 3264 τὸ
1295 3213 1559 3282 πανάγιον
1582 3214 1748 3268 αὐτοῦ
1805 3215 1986 3283 σῶμα,

416 3307 476 3358 iv
503 3297 546 3371 ᾧ
578 3307 672 3360 καί⁵
701 3305 842 3358 ἑπτὰ
901 3303 1130 3366 στύλους
1163 3304 1233 3357 τὰ
1297 3303 1392 3358 τοῦ
1438 3305 1756 3377 Πνεύματος
1808 3308 1990 3362 πάντα

415 3399 756 3469 χαρίσματα.
789 3397 864 3460 ὡς
893 3399 988 3454 καὶ
1034 3399 1113 3465 τῷ
1157 3398 1344 3468 οἰκείῳ
1375 3397 1528 3470 ἄρτῳ
1583 3399 1678 3464 τοῦ
1735 3399 1989 3470 σώματος

415 3493 508 3543 καὶ
530 3489 608 3558 τῷ
631 3488 868 3558 κρατῆρι
905 3487 1002 3541 τοῦ
1023 3487 1276 3557 αἵματος,
1309 3489 1503 3559 τρέφει
1528 3506 1588 3542 τε
1636 3491 1732 3544 καὶ
1767 3491 1986 3553 ποτίζει

417 3581 660 3644 mth
693 3581 790 3634 καὶ
818 3580 934 3649 φῶς
971 3581 1088 3633 ἐστι
1113 3581 1182 3634 τὰ
1206 3580 1319 3634 ἄνω
1366 3581 1462 3634 καὶ
1513 3582 1584 3635 τὰ
1615 3581 1767 3634 κάτω
1823 3582 1991 3650 φωτί-

415 3669 544 3734 ζων.
592 3667 652 3723 '0
684 3669 818 3731 Θεὸς
847 3671 956 3739 γὰρ
986 3673 1052 3740 τῇ
1084 3669 1255 3742 Σοφίᾳ
1305 3671 1634 3741 ἑθεμελίωσε
1691 3671 1791 3742 τὴν
1831 3673 1938 3740 γῆν
1973 3686 1988 3703 ⁸

419 3763 686 3833 ἡτοίμασε
714 3761 772 3816 δὲ
804 3761 1092 3832 οὐρανοὺς,
1129 3764 1316 3832 φησὶν,
1364 3765 1423 3817 ὲν
1459 3764 1755 3834 φρονήσει’
1786 3763 1862 3828 ὡς
1898 3766 1991 3817 καὶ

419 3856 447 3907 6
496 3853 682 3920 Aa6‘t6,
729 3872 748 3905 ι
790 3853 978 3907 Πάντα
1023 3855 1082 3904 ὲν
1139 3854 1310 3924 Σοφίᾳ
1361 3855 1644 3926 ἐποίησας,
1687 3873 1707 3906 t
1743 3857 1990 3926 ἀνυμνεῖ.

417 3944 540 3998 Ὀτι
587 3946 644 3998 δὲ
699 3945 871 3998 τύπον
923 3943 1019 3996 τοῦ
1052 3943 1306 4014 ἀληθινοῦ
1341 3944 1519 4014 φωτὸς
1543 3944 1720 4016 Ἰησοῦ
1751 3945 1990 4018 Χριστοῦ

421 4038 680 4107 σημαίνει
709 4036 867 4091 τοῦτο
886 4037 947 4090 τὸ
970 4036 1107 4106 φῶς,
1140 4036 1301 4104 δῆλον
1320 4051 1334 4067 °
1385 4037 1460 4101 ὡς
1494 4037 1746 4092 διακόνου
1783 4039 1993 4092 συλλει-

418 4131 778 4198 τουργοῦντος
836 4130 992 4200 ἱερεῖ,
1045 4129 1410 4200 προσέρχεται
1453 4130 1785 4201 αύτῷόυτος
1827 4132 1862 4202 ἢ
1918 4132 1993 4200 τῷ

419 4222 670 4290 ἀρχιερεῖ
699 4219 1127 4290 λειτουργοῦντι.
1165 4223 1273 4275 Kal
1298 4223 1560 4292 λαμπάδα
1589 4223 1870 4290 ἀνάπτων,
1887 4224 1992 4295 πρὸ

2091 3139 2254 3192 quam
2284 3123 2474 3180 dicunt
2498 3122 2853 3177 mdilicavissc
2883 3120 2988 3184 sibi
3012 3121 3256 3182 domum,
3291 3134 3485 3183 nempe
3544 3131 3670 3174 sane

2093 3215 2398 3274 etissimnm
2435 3229 2640 3284 corpus
2671 3229 2852 3276 suum,
2881 3213 2934 3264 in
2967 3227 3076 3282 quo
3107 3218 3317 3280 septem
3343 3210 3546 3265 excidit
3574 3225 3669 3264 co-

2092 3307 2346 3373 lumnas,
2377 3307 2559 3360 omnia
2595 3307 2803 3361 scilicet
2832 3303 3068 3375 Spiritus
3094 3303 3667 3366 charismatam-‘cuon

2097 3397 2321 3469 proprio
2371 3400 2623 3467 corporis
2663 3409 2803 3465 pane
2840 3405 2895 3448 et
2939 3392 3218 3464 sanguinis
3261 3394 3435 3447 calice
3480 3406 3670 3444 ominus

2101 3490 2310 3542 nutrire
2347 3487 2716 3555 omnibusque
2751 3486 3068 3555 propinare,
3097 3494 3153 3538 et
3179 3484 3359 3539 lumen
3379 3500 3502 3539 esse
3523 3482 3667 3552 quod

2093 3577 2338 3634 cmlestia
2375 3588 2427 3632 et
2456 3577 2736 3633 terrestria
2771 3577 3065 3632 illuminat.
3099 3576 3242 3630 Deus
3273 3575 3416 3628 enim
3449 3575 3668 3640 sapien-

2095 3669 2166 3723 tia
2208 3669 2454 3722 fundavit
2487 3677 2685 3722 terram
2716 3706 2732 3730 ,
2781 3666 2998 3734 inquit,
3037 3665 3206 3720 caelos
3239 3680 3369 3718 vero
3407 3663 3671 3717 stabilivit

2093 3759 2399 3830 prudentia,
2423 3757 2876 3828 quemadmodum
2897 3770 2948 3811 et
2980 3757 3145 3810 David
3177 3755 3414 3818 cecinit:
3446 3752 3670 3810 «Omnia

2093 3851 2149 3906 in
2189 3851 2453 3920 sapientia
2485 3851 2684 3904 fecisti.
2734 3869 2752 3902 ι
2783 3849 2994 3924 Porro,
3022 3847 3283 3918 quoniam
3331 3856 3519 3916 typum
3559 3848 3670 3898 veri

2093 3944 2318 4000 luminis
2350 3942 2480 3999 Jesu
2512 3943 2713 3997 Christi
2745 3941 3021 4011 signiﬁcat
3074 3941 3167 3995 lux
3219 3939 3346 4006 ista,
3396 3939 3568 4006 liquet
3597 3953 3668 3993 ex

2093 4053 2156 4094 eo
2185 4035 2352 4106 quod,
2377 4035 2611 4091 diacono
2639 4049 2764 4088 cum
2798 4032 3085 4088 sacerdote
3114 4033 3277 4100 simul
3303 4032 3671 4098 ministrante.

2096 4128 2187 4184 hic
2228 4128 2295 4182 ad
2333 4143 2455 4183 eum
2486 4127 2570 4182 vel
2604 4125 2670 4181 ad
2704 4125 3019 4195 pontificem
3064 4125 3462 4180 ministrantem
3512 4139 3674 4178 acce-

2095 4221 2192 4285 dit,
2224 4228 2278 4276 et
2310 4219 2615 4274 accendens
2657 4217 2982 4287 lampadem,
3018 4217 3337 4286 priusquam
3381 4225 3562 4281 exeat,
3588 4215 3671 4270 di-

415 4314 510 4366 τοῦ
533 4313 1010 4385 ὲξε).θεῖν,ίφησίνο
1045 4333 1064 4366 ι
1101 4313 1428 4386 Εύλόγησον,
1458 4315 1792 4382 δέσποτα,τδ
1815 4316 1985 4385 φῶς.»

2096 4315 2172 4370 cit
2211 4326 2228 4368 :
2269 4312 2552 4377 «Benedic,
2585 4309 2828 4374 domine,
2862 4308 3096 4363 lucem.»
3118 4307 3187 4362 Et
3218 4305 3461 4376 pontifex
3481 4306 3564 4358 vel
3589 4321 3678 4358 sa.

418 4405 526 4456 Kal
550 4408 578 4457 6
601 4406 890 4472 ἀρχιερεὺς
915 4403 946 4474 ἢ
971 4408 998 4459 6
1027 4406 1229 4475 laps-Lg,
1268 4406 1512 4474 εὐλογῶν
1539 4407 1601 4460 τὸ
1637 4408 1775 4476 (ρῶς,
1801 4407 1990 4479 φησιν·

422 4515 441 4546 ι
479 4495 602 4548 Ὅτι
623 4495 688 4548 σὺ
713 4497 762 4549 εί
781 4497 811 4550 6
839 4497 1120 4566 φωτισμὸς
1150 4497 1332 4568 ἡμῶν,
1363 4499 1566 4570 Χριστὲ
1599 4499 1627 4552 6
1657 4498 1789 4563 Θεὸς
1811 4501 1991 4570 ἡμῶν,

418 4588 676 4642 πάντοτε.
717 4607 736 4641 ι
771 4591 882 4643 Kal
915 4589 1058 4643 οὕτω
1093 4591 1199 4660 πρὸ
1241 4589 1343 4660 τῆς
1373 4591 1682 4662 Παροιμίας
1710 4592 1994 4665 ἐξέρχεται

417 4679 740 4758 ὀδιάκονος.
781 4682 939 4736 Μετὰ
984 4683 1087 4752 τὴν
1143 4683 1308 4754 256
1351 4685 1658 4754 Παροιμίαν
1709 4686 1765 4740 δὲ
1829 4687 1995 4752 εὐθὺς

419 4771 681 4840 ψάλλεται
715 4773 796 4838 τὺ,
824 4792 844 4826 ι
887 4774 1345 4846 Κατευθυνθήτω.
1379 4794 1398 4828 ι
1436 4777 1543 4830 Kal
1574 4778 1606 4846 ή
1641 4777 1804 4848 λοιπὴ
1851 4779 1995 4847 γίνε-

419 4878 511 4916 ται
537 4862 788 4933 συνήθως
807 4864 1101 4920 ἀκολουθία
1131 4867 1241 4920 τῶν
1273 4866 1759 4939 προηγιασμένων,

971 5067 1220 5124 ΚΕΦΔΛ.
1252 5068 1428 5123 TNE'.

423 5181 553 5236 Ὅτι
581 5180 679 5236 δεῖ
706 5180 1078 5236 ὑποπίπτειν
1105 5181 1297 5234 πλέον
1329 5179 1484 5250 ἡμᾶς
1505 5181 1575 5235 ἐν
1611 5181 1685 5252 τῇ
1707 5181 1825 5237 τῶν
1858 5199 1998 5251 προ-

885 5252 1276 5321 ηγιασμένων
1300 5253 1542 5318 εἰσόδῳ.

497 5367 628 5421 Ὅτε
654 5367 748 5420 καὶ
778 5367 838 5419 ὲν
868 5367 934 5438 τῇ
959 5365 1068 5419 τῶν
1099 5366 1272 5434 ἁγίων
1301 5365 1492 5436 ama?
1516 5367 1600 5420 δεῖ
1624 5367 1772 5437 ἡμᾶς
1797 5367 2000 5436 μᾶλλον

420 5460 774 5525 ὑποπίπτειν,
800 5460 876 5522 ὡς
906 5458 1311 5527 τετελεσμένων
1342 5459 1512 5514 ὄντων
1561 5458 1670 5512 τῶν
1712 5458 1873 5512 θείων
1901 5459 2002 5522 δώ-

423 5569 556 5622 ρων,
589 5553 688 5606 καὶ
739 5551 906 5605 αὑτοῦ
934 5552 1028 5605 τοῦ
1069 5551 1326 5620 Σωτῆρος
1357 5551 1514 5620 ἡμῶν
1571 5550 1787 5619 ἀληθῶς
1819 5552 1996 5614 ὄντος.

420 5643 561 5696 Αὐτὸ
582 5642 692 5714 γάρ
715 5643 830 5696 ἐστι
865 5645 926 5698 τὸ
957 5642 1324 5714 κατεχόμενον
1373 5644 1431 5694 ὲν
1462 5640 1540 5711 τῷ
1572 5642 1762 5709 δξσκῳ,
1786 5643 1843 5693 τὸ
1869 5659 2000 5694 παν.

424 5735 576 5808 άγιον
617 5734 786 5798 αὑτοῦ
817 5737 976 5808 σῶμα
1007 5737 1144 5808 μετὰ
1169 5734 1262 5790 τοῦ
1291 5733 1570 5798 θειοτάτου
1602 5735 1853 5806 αἵματος.
1906 5737 1992 5789 ‘liv

2098 4407 2484 4464 cerdoslucem
2509 4405 2834 4459 benedicens
2864 4402 2937 4455 ait
2968 4419 2981 4454 :
3023 4419 3042 4452 ι
3075 4400 3342 4466 Quoniam
3376 4409 3431 4454 tu
3458 4413 3517 4453 es
3550 4398 3680 4452 illn~

2103 4497 2333 4552 minatio
2363 4505 2574 4560 nostra,
2611 4495 2827 4549 Christe
2862 4493 3005 4548 Deus
3036 4502 3221 4547 noSter
3249 4491 3303 4546 in
3355 4491 3506 4547 omni
3538 4501 3680 4544 tem-

2100 4606 2286 4662 pore.»
2320 4589 2384 4644 Et
2407 4588 2486 4644 sic
2513 4596 2638 4642 ante
2659 4587 2944 4642 lectionem
2967 4583 3390 4639 Proverbiorum
3411 4583 3684 4652 egreditur

2101 4683 2417 4747 diaconus;
2463 4697 2568 4751 qua
2597 4681 2829 4735 lectione
2881 4677 3054 4740 facta,
3114 4677 3362 4745 protinus
3399 4686 3622 4732 cantant
3664 4695 3680 4734 :

2110 4793 2129 4826 ι
2146 4775 2439 4841 Dirigatur.
2458 4791 2476 4825 ι
2514 4773 2578 4826 Et
2597 4773 2839 4844 reliquus
2864 4771 2930 4832 de
2950 4785 3100 4836 more
3124 4768 3182 4828 ῆι
3199 4769 3334 4824 ordo
3357 4766 3686 4824 Prasancﬁ-

2107 4867 2417 4926 ﬁcatorum.

2639 5063 2876 5128 CAPUT
2909 5062 3156 5121 CCCLV.

2109 5183 2262 5249 Quod
2285 5184 2408 5241 dum
2438 5179 2885 5248 prtazsanctiﬁeata
2922 5177 3242 5246 inferuntur,
3269 5177 3499 5244 amplius
3523 5179 3684 5236 etiam

2571 5249 2844 5322 procidere
2877 5263 2969 5301 nos
3000 5256 3223 5321 oportet.

2184 5369 2362 5428 Porro
2415 5363 2543 5423 dum
2599 5361 3045 5432 praesanctilicata
3088 5356 3420 5426 inferuntur,
3448 5360 3684 5430 amplius

2107 5460 2272 5514 etiam
2310 5473 2410 5512 nos
2453 5463 2669 5525 oportet
2716 5453 3022 5523 procidere,
3070 5453 3327 5522 quoniam
3364 5464 3683 5510 consecrata

2113 5565 2240 5604 sunt
2282 5549 2372 5602 Dei
2409 5551 2574 5607 dona,
2607 5547 2829 5614 ipseque
2859 5561 2982 5601 vere
3013 5545 3164 5599 adest
3199 5528 3456 5603 Salvator
3481 5554 3686 5608 noster;

2118 5657 2240 5694 nam
2273 5640 2416 5709 quod
2453 5639 2504 5690 in
2545 5648 2737 5706 patena
2772 5635 3006 5690 infertur
3058 5637 3188 5691 nihil
3224 5646 3305 5692 est
3347 5636 3490 5691 aliud
3523 5652 3686 5706 quam

2106 5731 2518 5795 ειηςιίδδῑιηιιιιι
2545 5729 2662 5800 ejus
2683 5743 2880 5800 corpus
2902 5743 3024 5784 cum
3047 5727 3694 5803 divinissimoisanguinc,
