4094 6194
377 287 474 345 ΕΜ

1541 287 1641 348 DE
1687 287 1928 348 SACRA
1959 287 2466 358 PRECATIONE.

3536 307 3658 372 C62-

372 393 608 464 Ψαλμὸν
635 392 726 446 τὸν
757 396 1154 465 πεντηκοστὸν,
1191 397 1332 468 μετὰ
1379 398 1499 467 τοῦ,
1551 418 1570 454 ι
1606 401 1808 471 Κύριε,
1843 389 1956 454 ἐλέ-

2069 406 2293 466 «Omnis
2314 412 2560 482 spiritus.
2579 432 2597 465 ι
2622 413 2687 468 Ει
2709 413 3066 488 Evangelium
3089 419 3216 476 dicit
3239 421 3449 488 primus
3463 436 3644 478 sacer-

373 501 530 556 ησον,
559 503 579 535 ι
607 486 664 536 ἐν
691 485 988 551 κατανύξει
1019 485 1114 540 τὸν
1143 487 1276 542 Θεὸν
1331 489 1471 555 πρὸς
1507 489 1658 545 ἔλεον
1689 492 1956 546 ἐκκαλού-

373 596 558 648 μενον.
609 577 742 632 Εἶτα
771 583 797 634 6
835 582 1105 646 διάκονος,
1135 603 1164 648 ,ι
1210 585 1317 638 Τοῦ
1352 587 1558 656 Κυρίου
1582 589 1892 660 δεηθῶμεν.
1935 611 1953 644 ι

385 675 660 744 Ὀῐερεὺς,
691 693 709 725 ι
743 675 866 728 Ὅτι
891 674 1049 744 ἅγιος
1079 671 1146 732 εἷ.
1188 697 1206 729 ι
1237 679 1348 732 Καὶ
1383 679 1646 750 esttam
1667 683 1748 751 τὸ,
1771 686 1958 738 «Πᾶσα

371 767 562 832 πνοή.»
599 765 1132 834 ΚαὶτὸΕὺαγγέλιον
1151 769 1516 838 ἀναγινώσκει
1556 775 1582 825 6
1613 776 1958 843 πρῶτοςτῶν

375 855 572 922 ἱερέων
597 855 758 925 257
790 860 848 910 ἐν
885 858 960 922 τῷ
1000 859 1232 928 ἄμϐωνι.
1258 863 1364 915 Καὶ
1399 863 1558 929 eiei);
1591 864 1850 932 ψάλλει-αι
1875 867 1957 935 τὸ,

379 963 398 996 «
421 943 484 996 'H
511 946 802 1016 ἁσὼματοε
857 947 957 1015 φύε
972 965 1019 1014 ις
1057 969 1073 1000 ι
1111 951 1247 1021 ὅπερ
1275 953 1335 1003 ἐκ
1357 954 1554 1026 στίχων
1580 960 1956 1028 συγκείμενον,

299 1037 302 1040 ’
373 1037 469 1088 καὶ
506 1036 603 1102 τὴν
633 1039 840 1107 Τριάδα
878 1039 1144 1109 Θεολογεῖ,
1175 1047 1270 1097 καὶ
1304 1045 1432 1107 τοὺς
1462 1048 1654 1117 χοροὺς
1689 1051 1767 1114 εἰς
1801 1069 1957 1120 μεσι-

373 1131 526 1182 τείαν
571 1131 820 1194 ἅπαντας
855 1132 1214 1200 συγκαλεῖται
1259 1136 1366 1188 τῶν
1398 1137 1572 1205 ἁγίων
1601 1158 1614 1171 ο
1669 1144 1760 1193 καὶ
1797 1160 1959 1196 συνα-

375 1222 526 1286 πτῶς
557 1223 650 1275 καὶ
672 1224 934 1292 ἐκφώνως
961 1228 988 1280 6
1009 1226 1220 1298 ψάλτης
1244 1229 1326 1291 τὸ,
1361 1248 1380 1280 «
1415 1231 1612 1299 Κύριε,
1649 1232 1891 1302 ἐλέησον,
1934 1253 1952 1286 ι

375 1316 616 1381 ὲκςριυνεῖ
643 1318 762 1382 τρίς
782 1333 796 1346 ·
837 1317 930 1370 καὶ
964 1319 1165 1382 πάντες
1186 1319 1453 1388 ψάλλουσι
1484 1324 1642 1377 τοῦτο
1669 1329 1960 1390 συναπτιῖςς

377 1409 598 1461 ἑκατόν.
647 1407 708 1462 Ὀ
742 1409 797 1461 δὲ
825 1410 1007 1480 ἱερεὺς
1044 1411 1195 1478 λέγει
1229 1416 1508 1483 μυστικῶς
1539 1415 1636 1488 τὴν
1661 1419 1757 1488 τῆς
1784 1437 1958 1486 κεφα-

377 1501 655 1566 λοκλισίας
687 1503 880 1573 εὐχὴν,
916 1523 934 1556 ι
985 1505 1160 1576 Κύριε
1194 1509 1219 1560 6
1248 1507 1380 1572 Θεὸς
1418 1510 1600 1579 ἡμῶν,
1642 1513 1822 1568 κλῖνον
1862 1515 1958 1578 τὰς

379 1593 610 1662 καρδίας
667 1596 850 1664 ἡμῶν.
908 1617 926 1650 ι
987 1597 1084 1662 Εἰς
1142 1601 1201 1654 τὸ
1253 1600 1405 1664 τέλος
1451 1604 1506 1656 δὲ
1551 1604 1666 1670 τοῦ,
1703 1624 1720 1656 ι
1764 1607 1957 1678 Κύριε,

375 1683 622 1752 ἐλέησον,
678 1702 700 1736 ι
742 1686 770 1737 ὀ
805 1686 1076 1754 διάκονος,
1134 1709 1152 1741 ι
1198 1691 1320 1745 Ἔτι
1381 1693 1614 1762 δεόμεθα
1667 1697 1808 1764 ὑπὲρ
1863 1697 1956 1750 τοῦ

375 1774 718 1831 εἰσακοῦσαι.
745 1795 764 1828 ι
794 1779 899 1834 Καὶ
931 1780 1094 1834 πάλιν
1110 1783 1233 1852 τρὶς
1265 1783 1348 1850 τὸ,
1381 1804 1398 1836 «
1439 1786 1632 1855 Κύριε,
1656 1787 1900 1860 ἐλέησον.
1935 1809 1954 1842 ι

377 1867 486 1920 Καὶ
507 1870 534 1921 6
559 1869 738 1938 ἱερεὺς
753 1871 834 1935 τὸ,
864 1890 882 1923 «
925 1875 1264 1930 Ἐπάκουσον
1291 1879 1469 1948 ἡμῶν.
1501 1899 1518 1931 ι
1557 1881 1718 1952 Ὁρᾷς
1743 1881 1802 1934 τὸ
1831 1881 1959 1936 Θαυ-

382 1959 590 2026 μαστὸν
638 1965 738 2033 τῆς
789 1963 1019 2034 τάξεως,
1080 1968 1162 2022 ὅτι
1221 1969 1308 2022 διὰ
1347 1974 1570 2040 μεσίτου
1621 1973 1714 2026 τοῦ
1765 1975 1958 2044 ἱερέως

382 2051 662 2118 μυστικῶς
687 2053 836 2108 ἔνδον
869 2057 1184 2128 εὐχομένου,
1213 2065 1280 2113 τά
1300 2061 1407 2114 τῶν
1435 2063 1672 2132 δεήσεων
1701 2067 1794 2118 τοῦ
1826 2065 1958 2120 λαοῦ

379 2143 516 2210 πρὸς
555 2143 688 2196 Θεὸν
725 2149 1134 2218 ἀναφέρονται;
1173 2150 1306 2206 Εἶτα
1335 2153 1416 2219 τὸ,
1472 2175 1489 2206 ι
1531 2156 1630 2226 Εῐη
1680 2158 1740 2210 τὸ
1787 2158 1960 2230 δνομα

379 2235 587 2304 Κυρίου
628 2238 1016 2310 εὐλογημένον,
1072 2244 1124 2314 »ξ
1152 2247 1276 2298 ἐπεὶ
1315 2249 1412 2300 καὶ
1451 2248 1589 2316 πρὸς
1622 2249 1722 2317 τὴν
1771 2269 1960 2321 σωμα-

373 2327 531 2398 τικὴν
557 2331 746 2401 χρείαν
778 2335 1072 2404 ἐρχόμεθα,
1113 2337 1172 2390 τὸ
1205 2342 1502 2409 τραφῆναι.
1553 2344 1660 2395 Καὶ
1697 2345 1854 2398 τοῦτο
1904 2347 1960 2400 δὲ

374 2418 436 2469 οὔ
457 2421 628 2488 χωρὶς
656 2422 936 2492 ἁγιασμοῦ
961 2444 974 2456 ·
1002 2429 1264 2500 ἀπαρχὴν
1289 2433 1394 2502 γὰρ
1421 2433 1778 2504 λαμϐάνομεν
1803 2439 1960 2508 ἡγια-

377 2511 586 2581 σμένην
610 2517 820 2586 τροφήν
840 2533 853 2546 ·
891 2517 1008 2586 τοῦ,
1039 2537 1058 2571 ι
1093 2521 1390 2594 Εὑλογήσω
1421 2527 1532 2597 γὰρ
1555 2527 1648 2580 τὸν
1673 2526 1898 2599 Κύριον,
1933 2550 1956 2583 ι

377 2603 700 2674 λεγομένου,
747 2611 780 2676 ἡ
815 2611 1055 2677 διάδοσις
1095 2615 1192 2669 τοῦ
1228 2618 1529 2691 ἀντιδώρου
1571 2621 1806 2690 γίνεται,
1864 2625 1958 2677 καὶ

375 2695 660 2762 ἀπόλυσις.
691 2701 840 2774 Αὕτη
872 2707 966 2759 καί
997 2709 1092 2761 τοῦ
1117 2710 1364 2782 ᾅσματος
1390 2715 1422 2783 ἡ
1452 2715 1762 2782 ἀκολουθία,
1789 2718 1958 2786 ἀναγ-

377 2787 646 2859 καιοτάτη
701 2808 760 2842 τε
801 2789 935 2847 οὖσα
965 2801 1058 2848 καὶ
1086 2801 1444 2873 ἀρχαιοτάτη,
1473 2805 1566 2857 καὶ
1597 2806 1736 2874 μετὰ
1768 2807 1958 2876 ἱερέως

305 2869 318 2881 ’
375 2877 768 2954 ἐνεργουμένη,
814 2885 872 2948 ὃς
928 2890 1157 2960 μεσίτης
1201 2869 1531 2950 καθίσταται
1581 2869 1648 2951 τὰ
1683 2869 1834 2968 πρὸς.
1865 2869 1956 2956 τὸν

375 2971 509 3022 Θεὸν
541 2975 621 3033 εἰς
653 2976 825 3030 τύπον
865 2981 1063 3050 Ἰησοῦ,
1098 2985 1172 3048 ὼς
1205 2988 1468 3050 πολλάκις
1497 2991 1824 3062 εἰρήκαμεν,
1865 2997 1958 3049 καὶ

2066 502 2253 556 dolum
2303 504 2358 558 in
2399 507 2674 572 ambone;
2718 511 3016 583 statimque
3046 514 3299 582 psallitur
3340 515 3576 585 hymnus
3623 531 3640 570 :

2070 596 2468 667 «lncorporaiis
2493 609 2740 666 natura,»
2780 603 2870 672 qui
2895 605 3147 660 versibus
3169 614 3430 660 constans
3461 603 3644 661 Trini-

2065 695 2229 742 tatem
2264 689 2527 757 celebrat,
2559 708 2861 764 omnesque
2890 705 3206 752 sanctorum
3231 700 3429 754 choros
3454 699 3522 754 ad
3557 699 3642 754 in-

2066 779 2451 835 tercedendum
2487 784 2704 851 invitat,
2742 787 3018 858 simulque
3053 789 3161 844 alta
3185 805 3317 845 voce
3345 799 3533 845 cantur
3562 799 3644 846 ter

2064 869 2266 925 clamat
2298 890 2311 927 :
2350 873 2542 944 rKyt-ie
2575 875 2835 946 eleisoun
2877 881 3020 950 quod
3049 897 3242 938 omnes
3270 883 3432 938 simul
3481 883 3644 942 toties

2065 973 2344 1034 repetunt.
2381 967 2652 1026 Sacerdos
2681 981 2860 1027 autem
2909 983 3122 1030 secreto
3161 975 3294 1030 dicit
3340 976 3645 1032 orationem

1983 1107 1986 1110 ι
2067 1055 2440 1116 inclinationis
2460 1061 2653 1132 capitis
2688 1082 2702 1117 :
2744 1065 3003 1121 «Domine
3030 1067 3172 1123 Deus
3203 1075 3408 1132 noster,
3446 1069 3648 1124 inclina

2065 1149 2231 1204 corda
2260 1163 2500 1209 nostra.)
2531 1154 2712 1211 Finito
2738 1167 2918 1214 autem
2949 1159 3140 1231 «Kyrie
3161 1159 3420 1227 eleison,»
3456 1159 3646 1216 diaco-

2063 1258 2169 1297 nus
2207 1245 2338 1299 dicit
2371 1262 2386 1299 :
2436 1267 2454 1300 «
2495 1247 2788 1304 Precamur
2835 1253 3014 1307 adhuc
3066 1263 3124 1308 ut
3157 1270 3256 1307 nos
3287 1255 3560 1318 exaudiat,
3596 1263 3651 1309 et

2066 1344 2152 1388 ter
2177 1337 2372 1390 iterum
2403 1355 2415 1390 :
2449 1340 2644 1411 «Kyrie
2661 1343 2867 1398 eleison
2900 1361 2948 1412 ,ι
2983 1355 3036 1400 et
3076 1347 3366 1401 sacerdos:
3395 1347 3634 1400 «Exaudi

2062 1446 2185 1484 nos.
2201 1451 2219 1481 ι
2239 1429 2424 1486 Viden‘
2445 1449 2606 1500 quam
2635 1433 2900 1490 mirabilis
2924 1436 2993 1491 sit
3015 1438 3102 1492 hic
3118 1437 3536 1508 ordo,quoniam
3557 1453 3652 1507 per

2059 1524 2452 1578 mediatiOnem
2511 1527 2816 1582 sacerdotis
2861 1527 3010 1584 intus
3045 1539 3254 1586 secreto
3299 1526 3676 1600 deprecantis"

2064 1619 2340 1672 orationes
2369 1619 2554 1688 populi
2582 1620 2690 1674 Deo
2724 1619 3064 1676 offeruntur?
3097 1622 3302 1678 Deinde
3337 1641 3351 1678 :
3391 1623 3510 1677 «Sit
3542 1639 3641 1678 no-

2067 1729 2188 1765 men
2213 1711 2428 1766 Domini
2457 1712 2866 1780 benedictum,»
2903 1715 3161 1784 quoniam
3183 1717 3248 1770 ad
3273 1719 3520 1786 corporis
3553 1733 3648 1774 ue-

2069 1805 2409 1872 cessitatem,
2447 1805 2656 1861 scilicet
2689 1807 2754 1860 ad
2787 1808 3230 1863 manducandum
3257 1811 3644 1879 procedimus;

2072 1899 2174 1954 hoc
2212 1909 2396 1952 autem
2429 1914 2770 1968 nequaquam
2803 1901 2922 1954 sine
2952 1901 3384 1956 sanctiﬁcatione
3406 1941 3422 1966 ,
3461 1901 3644 1956 cibum

2067 1992 2213 2045 enim
2237 1991 2508 2044 sumimus
2531 1991 2676 2057 prius
2703 1990 3136 2056 sanctificatum;
3167 2007 3288 2046 nam
3317 1992 3461 2046 dicto
3481 2011 3493 2045 :
3515 2011 3531 2044 «
3549 1993 3645 2048 Bc-

2067 2083 2318 2138 nedicam
2335 2083 2642 2149 Dominum,
2660 2103 2679 2136 ι
2711 2083 2766 2136 iit
2785 2083 3006 2139 traditio
3027 2084 3183 2154 panis
3205 2085 3644 2154 praesanctiticati

2073 2183 2130 2228 et
2157 2173 2432 2228 dimissio.
2459 2173 2558 2228 llic
2596 2185 2681 2229 est
2703 2173 3016 2228 cantionum
3047 2175 3180 2229 ordo
3209 2175 3366 2230 valde
3397 2189 3646 2244 necessa-

2068 2267 2185 2322 rius
2222 2274 2276 2321 et
2311 2265 2748 2336 antiquissimus,
2803 2273 2858 2320 et
2895 2267 3032 2332 :cum
3067 2267 3348 2322 sacerdote
3393 2268 3648 2337 impletus

2069 2361 2162 2430 qui
2197 2359 2467 2414 mediator
2493 2358 2848 2413 constituitur
2879 2358 2932 2412 in
2967 2360 3186 2428 hisqua:
3211 2361 3299 2416 Dei
3333 2371 3482 2425 sunt,
3512 2359 3644 2416 Jesu

2069 2455 2268 2517 instar,
2313 2460 2478 2521 prout
2506 2465 2648 2519 satpe
2681 2451 2942 2514 diximus,
2965 2462 3018 2506 et
3043 2461 3362 2521 potestatem
3402 2453 3564 2506 habet
3591 2451 3646 2506 in

2070 2543 2248 2599 medio
2281 2543 2460 2598 standi
2495 2543 2666 2610 gratia
2709 2542 2802 2596 Dei
2850 2559 2916 2596 ex
2957 2558 3216 2596 manuum
3273 2543 3644 2612 impositione.

2072 2639 2178 2694 Sed
2203 2646 2256 2692 et
2289 2646 2568 2706 septcnam
2597 2637 2964 2692 laudationem
2997 2638 3172 2692 salvat
3203 2639 3336 2693 ordo
3373 2640 3493 2704 iste,
3519 2655 3646 2699 nam

2069 2747 2192 2803 quae
2245 2731 2380 2784 fiunt
2428 2730 2481 2783 in
2523 2729 2781 2785 nartltecc
2835 2731 3088 2786 nocturni
3141 2729 3302 2784 cilicii
3342 2738 3649 2799 sequuntur

2068 2825 2354 2889 ordinem;
2383 2838 2570 2876 verum
2605 2839 2726 2890 quae
2756 2823 2927 2886 intus,
2977 2822 3042 2874 ad
3093 2823 3342 2876 ordinem
3393 2825 3642 2878 matutini

2067 2924 2314 2984 Spectant
2345 2913 2542 2978 cilicii;
2573 2914 2846 2966 canticum
2866 2928 2996 2967 vero
3026 2915 3167 2968 inter
3196 2914 3412 2966 tertiam
3439 2925 3486 2966 et
3517 2930 3644 2968 sex-

2071 3017 2177 3062 tam
2219 3008 2406 3060 lioram
2471 3007 2567 3060 has
2601 3005 2739 3058 duas
2773 3003 2934 3058 horas
2977 3005 3238 3076 adimplet
3277 3021 3293 3071 ;
3331 3005 3644 3074 lampadem

374 3063 471 3130 τὴν
509 3067 666 3136 ἰσχὺν
700 3069 814 3140 ἔχει
845 3077 1157 3141 μεσιτεύειν
1201 3083 1268 3148 τῇ
1317 3082 1505 3150 χάριτι
1539 3085 1630 3138 τοῦ
1664 3087 1798 3139 Θεοῦ
1845 3090 1953 3141 άπὸ

2064 3115 2251 3173 preces
2290 3099 2354 3152 ad
2389 3112 2586 3151 nonam
2629 3095 2977 3160 referuntur,
3019 3098 3198 3150 cantio
3233 3098 3542 3159 vespertina
3575 3100 3644 3152 ad

375 3156 475 3223 τῆς
535 3164 900 3228 χειροτονίας.
957 3167 1119 3221 Ἀλὶὰ
1170 3171 1264 3222 καὶ
1322 3173 1422 3243 τὴν
1477 3176 1708 3240 ἑπτάκις
1747 3179 1954 3234 αἵνεσιν

375 3249 651 3315 ἀποσιυζει
679 3253 820 3326 αὕτη
859 3259 890 3328 ἡ
915 3259 1066 3324 τάξις
1087 3278 1100 3292 ·
1131 3265 1227 3316 καὶ
1256 3267 1327 3317 τὰ
1364 3266 1466 3334 μὲν
1527 3269 1584 3319 ὲν
1614 3271 1692 3338 τῷ
1721 3273 1969 3342 νάρθηκι

379 3341 534 3404 τάξιν
618 3346 876 3414 ἐπέχουσι
935 3357 1368 3419 μεσονυκτικοῦ·
1426 3361 1496 3412 τὰ
1542 3361 1696 3423 ἐντὸς
1754 3363 1809 3415 δὲ
1860 3364 1956 3418 τοῦ

375 3429 576 3498 δρϋρου
631 3439 844 3508 ἐστινὴ
895 3443 1069 3508 τάξις.
1137 3445 1198 3497 Ἡ
1261 3465 1552 3519 τριτοεκτη
1602 3451 1681 3513 δὲ,
1731 3455 1863 3505 αὐτὸ
1893 3457 1958 3525 δὴ

375 3524 534 3576 τοῦτο
563 3527 661 3596 τὴν
691 3532 884 3600 τρίτην
921 3537 1118 3604 πληροῖ
1146 3537 1240 3590 καὶ
1266 3539 1362 3609 τὴν
1392 3541 1562 3610 ἕκτην
1601 3543 1750 3612 ὥραν
1784 3524 1954 3613 ὁμοῦλ

375 3617 444 3670 τὰ
475 3619 570 3671 τοῦ
623 3621 876 3692 λυχνικοῦ
925 3627 980 3680 δὲ
1041 3629 1112 3682 τὰ
1165 3631 1267 3700 τῆς
1300 3633 1532 3702 ὲννάτης
1561 3639 1727 3689 τυποῖ
1749 3654 1762 3668 ο
1797 3639 1865 3690 τὰ
1899 3639 1954 3691 δὲ

377 3710 470 3762 τοῦ
503 3713 814 3782 ᾁσματικοῦ
847 3719 1140 3790 ἐσπερινοῦ
1176 3725 1339 3778 αὑτὸν
1367 3727 1458 3778 τὸν
1487 3727 1778 3794 ἑσπερινόν
1806 3745 1822 3760 ο
1859 3729 1956 3784 καὶ

377 3803 444 3854 τὰ
487 3804 586 3873 τῆς
632 3811 956 3881 παννυχίδος
1003 3815 1058 3867 δὲ
1111 3817 1180 3870 τὰ
1218 3819 1326 3871 τῶν
1379 3821 1745 3879 ἁποδείπνων,
1794 3824 1955 3880 Ἀλλά

379 3895 473 3948 νῦν
518 3898 608 3951 διὰ
662 3903 938 3972 ρᾳθυμίαν
983 3907 1206 3978 ἀφείθη,
1239 3910 1304 3980 ἣν
1335 3911 1442 3962 ἔδει
1493 3913 1786 3984 τηρεῖσθαι
1838 3919 1958 3978 ταῖς

379 3992 694 4058 καθολικαῖς
721 3997 824 4049 κάν
859 4001 1206 4070 ἐκκλησίαις,
1235 4004 1265 4074 ἢ
1311 3991 1614 4076 πάντοτεῆ
1663 4009 1805 4062 κατὰ
1837 4029 1954 4063 και-

381 4082 492 4148 ρὸν,
528 4085 610 4147 είς
654 4088 714 4140 τὸ
747 4089 932 4156 μένειν
961 4093 1060 4161 τὴν
1111 4096 1348 4166 ἀρχαίαν
1395 4099 1701 4162 παράδοσιν
1746 4103 1954 4154 ἀκατά-

375 4177 574 4232 λυτον⁶
610 4184 668 4233 ὲν
698 4189 816 4246 ταῖς
851 4191 1042 4255 μοναῖς
1078 4190 1134 4243 δὲ
1173 4193 1420 4259 γίνεσθαι
1464 4195 1558 4248 καὶ
1589 4199 1703 4260 τοῖς
1776 4198 1990 4264 λοιποῖς

2068 3195 2215 3263 ipsas
2272 3204 2566 3259 vesperas.
2605 3187 2790 3258 vigilia
2851 3199 3032 3242 autem
3082 3189 3147 3242 ad
3201 3188 3642 3256 completorimn.

2066 3283 2222 3338 Nunc
2274 3295 2404 3333 vero
2442 3294 2550 3348 pra:
2601 3279 2818 3346 ignavia
2851 3278 3125 3333 obsolevit
3173 3277 3260 3333 hic
3299 3278 3435 3331 ordo
3483 3293 3656 3349 quem.

2061 3373 2345 3443 oportebat
2396 3384 2725 3424 conservare
2785 3369 2837 3422 in
2896 3368 3166 3422 universis
3231 3368 3512 3431 ecclesiis,
3566 3368 3644 3421 vel

2061 3479 2300 3530 semper,
2331 3463 2410 3514 vel
2455 3462 2758 3516 secundum
2798 3469 3036 3528 tempus,
3080 3469 3136 3514 ut
3185 3461 3388 3528 jugiter
3425 3472 3648 3514 maneat.

2067 3557 2289 3624 antiqua
2347 3553 2589 3616 traditio,
2655 3553 2748 3606 sed
2805 3553 2858 3605 in
2924 3553 3274 3606 monasteriis
3329 3554 3648 3620 cantet-isque

2065 3649 2281 3716 templis
2325 3646 2440 3701 ﬁeri
2488 3645 2775 3714 oportebat
2835 3645 3084 3699 ordinem
3137 3645 3498 3698 monasticam
3548 3659 3644 3697 seu

2064 3739 2364 3794 solitarium
2389 3745 2570 3805 utpote
2595 3736 2664 3789 ab
2687 3751 2794 3790 uno
2825 3737 2944 3789 solo
2964 3738 3330 3796 decantatum,
3357 3751 3517 3804 qtteut
3548 3750 3646 3789 nos

2062 3831 2217 3885 vobis
2251 3829 2646 3898 explicavimus
2672 3843 2794 3880 eum
2828 3827 3007 3882 adhuc
3037 3829 3212 3898 gratia
3239 3827 3332 3880 Dei
3373 3827 3644 3896 implenti-

2067 3923 2172 3978 bus
2205 3933 2368 3991 atque
2401 3921 2864 3986 custodientilms,
2903 3931 2956 3975 et
2987 3921 3226 3976 breviter
3254 3935 3378 3988 qua:
3413 3919 3482 3973 ad
3513 3933 3638 3972 eum

2066 4025 2314 4084 spectant
2361 4013 2814 4082 perlustravinms
2865 4014 2916 4066 in
2950 4013 3178 4084 gloriam
3217 4011 3430 4066 Domini
3466 4010 3638 4066 nostri

2063 4106 2192 4162 Jesu
2226 4106 2452 4161 Christi.

2062 4206 2212 4265 ναοῖς
2257 4205 2358 4268 τὴν
2423 4201 2726 4271 μονσχικὴν
2784 4201 3109 4255 ἀκολουθίαν
3145 4202 3221 4264 ὼς
3272 4201 3363 4253 καὶ
3409 4201 3479 4254 δι’
3526 4199 3646 4264 ἑνὸς

375 4273 746 4344 ψαλλομένην.
791 4280 931 4332 Ἀλλ’
977 4283 1127 4351 ὅμως
1159 4287 1322 4354 ἡμεῖς
1375 4290 1566 4342 καὶτὰ
1625 4293 1754 4360 περ)¹
1789 4293 1956 4356 αὐτῆς
1993 4295 2334 4366 ἐξεθήκαμεν
2365 4297 2498 4366 πρὸς
2533 4298 2676 4364 ὑμᾶς
2731 4298 2856 4358 τοὺς
2894 4295 3064 4366 αὐτὴν
3135 4296 3218 4350 ἔτι
3268 4296 3456 4364 χάριτι
3504 4293 3642 4348 Θεοῦ

377 4365 740 4433 ἐνεργοῦντας
784 4388 842 4423 τε
871 4375 967 4427 καὶ
999 4376 1306 4445 τηροῦντας
1335 4397 1348 4411 ο
1407 4383 1502 4434 καὶ
1545 4383 1604 4435 ὲν
1633 4384 1854 4452 συνόψει
1924 4387 1991 4438 τὰ
2034 4365 2164 4457 περὶ
2213 4365 2419 4460 ταύτης
2493 4389 2887 4457 ὲΘεωρήσαμεν
2941 4365 3030 4450 εἰς
3070 4387 3229 4452 δύξαν
3279 4387 3374 4442 τοῦ
3437 4388 3642 4458 Κυρίου

378 4467 537 4533 ἡμῶν
573 4465 750 4536 Ἰησοῦ
781 4470 1044 4538 Χριστοῦ.

939 4589 1192 4642 ΚΕΦΑΛ.
1231 4589 1402 4646 TNZ'.

379 4676 518 4743 Περὶ
557 4679 664 4733 τοῦ
695 4679 1150 4806 ἀνυψουμένουί
1179 4685 1342 4752 ιεροῦ
1386 4685 1571 4753 ἄρτου
1625 4687 1733 4756 τῆς
1769 4693 1962 4742 Πανα-

1090 4772 1128 4806 r
1151 4773 1246 4806 ac.

1090 4772 1246 4822 γιας.

463 4841 618 4894 Ἐπεὶ
659 4841 714 4894 δὲ
743 4835 844 4895 ὧδε
871 4843 946 4911 τῷ
974 4844 1118 4915 λόγῳ
1147 4845 1382 4916 ἥκομεν.
1417 4849 1510 4901 καὶ
1541 4849 1671 4918 περὶ
1703 4850 1794 4902 τοῦ
1828 4853 1960 4901 divo-

377 4929 654 5002 ψουμένου
706 4933 856 5004 ἱεροῦ
911 4934 1080 5004 ἄρτου
1114 4937 1216 5005 τῆς
1273 4939 1556 5006 Παναγίας
1611 4943 1784 5011 μικρά
1837 4960 1960 4994 τινα

381 5025 798 5092 ὑπομνήσομεν,
828 5026 922 5078 καὶ
947 5027 1259 5082 τελευταῖον
1288 5033 1380 5083 ἐπὶ
1416 5033 1550 5085 πᾶσι
1592 5033 1659 5085 τὰ
1691 5035 1819 5104 περὶ
1865 5035 1960 5086 τοῦ

378 5116 568 5178 τέλους
599 5117 759 5184 ήμῶν
787 5119 1099 5190 ἐκθήσομεν
1128 5122 1202 5185 ὡς
1235 5124 1302 5177 ἂν
1333 5125 1428 5178 καὶ
1461 5127 1520 5179 ἐν
1553 5127 1668 5188 τοῖς
1698 5130 1829 5198 περὶ
1865 5131 1960 5182 τοῦ

273 5283 284 5288 _
379 5207 568 5270 τέλους
599 5209 758 5277 ἡμῶν
779 5202 882 5264 ’τὸν
909 5211 1071 5282 λόγον
1095 5216 1434 5285 τελέσωμεν.
1488 5218 1548 5273 '0
1582 5221 1649 5290 τῇ
1671 5220 1960 5288 ἐπικλήσει

377 5297 560 5351 τοίνυν
587 5301 688 5368 τῆς
714 5303 994 5370 Παναγίας
1057 5323 1160 5375 μου
1201 5307 1578 5378 ἀνυψούμενος
1621 5312 1782 5378 ἄρτος
1807 5311 1960 5366 τέτα-

381 5403 508 5440 κται
555 5391 656 5458 μὲν
700 5389 1000 5461 ἐξαιρέτως
1028 5394 1298 5465 ὑψοῧσθαι
1328 5399 1385 5450 ὲν
1415 5399 1494 5467 τῷ
1529 5399 1672 5452 τέλει
1705 5401 1802 5468 τῆς
1829 5417 1961 5470 τρα-

378 5481 554 5550 πέζης
605 5483 716 5537 τῶν
751 5485 1020 5554 ἀδελφῶν,
1071 5489 1154 5550 είς
1203 5489 1480 5560 ἅγιασμὸν
1513 5491 1714 5554 αὐτῶν,
1772 5492 1868 5545 καὶ
1893 5487 1961 5564 ἦς

385 5572 686 5639 μετέλαϐον
713 5578 923 5648 τροφῆς
951 5581 1030 5643 εἰς
1055 5582 1332 5650 σφραγῖδα
1352 5599 1366 5614 ·
1397 5582 1534 5636 ἀλλὰ
1568 5585 1662 5638 καὶ
1691 5585 1770 5647 εἰς
1801 5585 1961 5652 δόξαν

383 5663 683 5735 ἐξαιρέτως
707 5669 807 5739 τῆς
833 5671 1203 5744 Θεομήτορος,
1233 5675 1266 5746 ἢ
1297 5675 1389 5728 καὶ
1425 5675 1516 5728 τὸν
1551 5677 1806 5748 οὐράνιον
1827 5680 1959 5750 ἡμῖν

381 5753 653 5814 ἀπέτεκεν
684 5761 866 5830 ἄρτον,
901 5759 992 5818 τὸν
1029 5765 1208 5830 ζῶντα
1266 5767 1358 5821 καὶ
1407 5769 1662 5840 μένοντα,
1723 5773 1816 5826 καὶ
1861 5773 1962 5836 τὰς

2563 4597 2796 4655 CAPUT
2855 4597 3147 4656 CCCLVIL

2067 4689 2142 4743 De
2183 4707 2318 4760 parte
2357 4705 2506 4743 sacro
2558 4691 2908 4811 sanctissimo:
2973 4689 3204 4760 Virginis
3233 4692 3324 4759 qui
3367 4693 3420 4744 in
3473 4699 3644 4746 altum

2704 4771 2813 4811 atto
2863 4769 2989 4811 itur.

2704 4769 2989 4813 attollitur.

2141 4854 2304 4906 l’orro
2324 4869 2445 4906 cum
2470 4853 2534 4904 ad
2564 4853 2677 4904 lia‘e
2704 4851 3020 4906 disserendo
3047 4853 3376 4914 venerimus,
3401 4853 3466 4906 de
3485 4868 3644 4910 sacro

2063 4945 2224 4999 etiam
2247 4942 2608 4997 sanctissima:
2637 4941 2875 5011 Virginis
2906 4959 3042 5013 pane
3069 4943 3160 5013 qui
3195 4945 3246 4996 in
3275 4945 3444 4996 altum
3479 4947 3645 4996 attul-

2065 5035 2198 5088 litur
2231 5049 2397 5102 pauca
2453 5033 2906 5096 memorabimus,
2955 5042 3010 5088 et
3062 5031 3290 5088 tandem"
3311 5034 3494 5086 omnia
3525 5049 3646 5101 quae

2063 5127 2119 5180 in
2161 5126 2266 5180 [ine
2298 5127 2425 5178 vine
2475 5133 2674 5178 nostrae
2707 5133 2948 5192 aguntur
2991 5124 3432 5193 explanabimus,
3479 5126 3553 5178 ita
3587 5136 3646 5180 ut

2061 5233 2157 5289 per
2185 5218 2298 5271 haee
2326 5230 2636 5271 sermonem
2673 5215 3092 5284 adimpleantus.
3125 5215 3288 5284 igitur
3315 5218 3368 5270 in
3397 5231 3464 5273 eo
3493 5223 3639 5288 quod

2061 5311 2254 5366 attinet
2289 5310 2354 5363 ad
2390 5323 2582 5376 panem
2613 5308 2704 5377 qui
2733 5307 3076 5362 invocatione
3109 5306 3482 5366 Sanctissima:
3511 5327 3646 5366 mea;

2060 5403 2358 5462 exaltatur,
2384 5409 2715 5469 prmeeptum
2752 5409 2835 5454 est
2872 5409 2931 5454 ut
2963 5401 3236 5471 prmcipue
3267 5401 3322 5456 in
3359 5403 3532 5456 altum
3557 5413 3642 5456 at-

2064 5496 2283 5550 tollatur
2321 5495 2372 5547 in
2406 5495 2510 5548 line
2538 5510 2737 5549 tuensa:
2768 5493 3000 5548 fratrum
3045 5495 3098 5548 in
3152 5495 3642 5550 sanctiﬁcatione":

2065 5603 2278 5648 eorum.
2315 5603 2527 5642 necnon
2579 5589 2644 5642 ad
2728 5587 3126 5656 obsignandam
3181 5603 3342 5658 quam
3387 5605 3646 5658 sumpse-

2067 5691 2192 5734 rtmt
2221 5695 2428 5743 esram,
2465 5681 2558 5734 sed
2598 5689 2652 5736 et
2689 5681 2992 5748 prmscrtim
3028 5679 3093 5732 ad
3128 5680 3360 5748 gloriam
3405 5679 3496 5734 Dei
3531 5681 3646 5734 Ge-

2067 5773 2302 5836 nitricis,
2333 5789 2451 5842 quac
2493 5775 2770 5830 caelestem
2805 5773 2964 5830 nobis
2999 5771 3210 5845 peperit
3239 5789 3434 5846 panem
3460 5773 3642 5830 vivum
