4094 6194
538 253 645 315 665

1701 245 1797 306 DE
1839 244 2078 307 SACBA
2122 242 2630 309 PRECATIONE-

3687 237 3795 302 666

542 365 780 421 τελεῖται
805 361 903 416 καὶ
949 361 986 430 ἡ
1031 359 1167 430 εύχή
1191 374 1204 390 ·
1261 358 1356 413 καὶ
1391 357 1526 412 θεῖοι
1556 355 1613 411 δὲ
1640 357 1894 425 λέγονται
1944 359 2118 426 λόγοι,

2249 376 2345 428 tes,
2381 369 2442 416 ut
2465 375 2570 415 non
2600 357 2745 415 sicut
2789 355 3047 414 animalia
3097 369 3217 428 qua:
3251 354 3513 412 rationem
3543 365 3653 407 non
3702 352 3797 405 Ιιαι

543 457 631 511 ενα
657 453 734 526 μὴ
764 453 840 518 ὡς
865 451 1040 530 ἄλογα
1067 450 1206 521 πρὸς
1245 449 1347 520 τὴν
1379 449 1629 519 γαστέρα
1669 449 1830 516 μόνον
1858 447 2078 519 δρῶμεν
2097 463 2112 478 ο

541 541 660 597 ἀλλ’
689 540 764 603 ὡς
795 539 1007 608 λογικολ⁸
1039 537 1177 609 μετὰ
1228 538 1458 609 σαρκὸς,
1489 537 1592 608 τὴν
1639 538 1738 608 μὲν
1771 537 1949 608 σάρκα
1990 555 2119 610 στη-

545 631 788 705 ρίζωμεν
816 632 926 693 τοῖς
949 630 1316 702 έσθιομένοις,
1332 631 1432 700 τὴν
1457 629 1638 701 ψυχὴν
1662 629 1724 684 δὲ.
1750 633 1863 693 τοῖς
1887 629 2119 699 λεγομέ-

543 741 675 787 νοις.
710 722 868 778 Μετὰ
895 723 953 776 δὲ
983 723 1081 794 τὴν
1115 723 1326 794 τροφὴν
1359 722 1734 791 ἀνιστάμενοι,
1764 721 1930 791 εύχῆς
1969 736 2119 789 γινο-

547 817 736 886 μένης,
760 814 1150 884 δοξολογοῦμεν
1185 816 1447 880 ἅπαντες,
1477 813 1616 883 μετὰ
1645 814 1740 867 τοῦ
1769 813 1936 870 Δαϐὶδ
1964 813 2120 867 εύλο-

545 909 770 976 γοῦντες
805 908 900 962 τδν
947 907 1202 962 ἐλεοῦντα
1246 910 1344 962 καί⁸
1372 909 1645 978 τρέφοντα
1698 908 1847 979 ἡμᾶς
1903 909 1968 961 ὲκ
2001 906 2121 959 νε6·

546 1016 739 1069 τητος·
784 999 882 1054 καὶ
913 1002 996 1065 τὸ,
1034 1019 1053 1053 ι
1089 999 1229 1066 Δόξα
1265 1016 1370 1067 σοι,
1400 999 1549 1067 ἅγιε,
1603 998 1732 1062 δόξα
1767 1015 1877 1063 σοι,
1922 997 2121 1070 Κύριε,

545 1091 629 1145 δτι
660 1089 872 1155 ἔδωκας
899 1093 1032 1162 ἡμῖν
1068 1091 1333 1163 βρώματα
1360 1091 1439 1154 είς
1466 1090 1832 1163 εὐφροσύνην,
1879 1109 1896 1142 »
1927 1091 2024 1145 καὶ
2054 1091 2124 1146 τὰ

511 1168 710 1238 ’λοιπὰ
756 1182 1013 1252 λέγομεν,
1056 1182 1157 1235 ὅσα
1205 1185 1302 1236 καὶ
1347 1182 1377 1235 6
1423 1183 1525 1254 τὴν
1579 1183 1832 1250 γλῶτταν
1886 1182 2123 1254 χρυσοῦς

550 1275 681 1345 περὶ
711 1274 904 1328 τούτου
931 1274 1270 1344 παραλαϐὼν
1299 1277 1625 1346 ἑρμηνεύει.

507 1359 518 1417 ⁵.
1113 1368 1370 1424 ΚΕΦΑΛ.
1410 1369 1589 1424 ΤΝΘ’.

550 1459 689 1527 Περὶ
744 1457 856 1526 τῆς
895 1457 1192 1526 ὑψώσεως
1234 1457 1343 1514 τοῦ
1385 1458 1574 1528 ἄρτου
1621 1458 1738 1530 τῆς
1795 1459 2126 1530 Παναγῖας.

618 1543 720 1603 Ὧν
780 1550 1144 1605 τελεσθέντων
1199 1549 1342 1620 μετὰ
1385 1550 1722 1621 δοξολογίας,
1777 1554 1807 1607 6
1857 1552 2130 1621 ἀναγνοὺς

2221 442 2352 510 bent
2380 451 2447 508 ad
2474 460 2722 507 ventrem
2761 459 2973 506 tantum
3023 458 3354 521 spectemus,
3380 446 3474 504 sed
3501 455 3560 502 ιιι
3584 445 3798 500 ratione

2221 552 2542 602 constantes
2568 553 2623 600 et
2653 558 2909 614 corpore,
2938 557 3160 598 carnem
3196 541 3415 612 quidem
3452 539 3598 596 escis
3624 540 3794 593 susti-

2221 653 2470 701 neamus,
2505 637 2669 693 dictis
2697 647 2872 692 autem
2912 635 3174 692 animam.
3212 633 3386 690 Porro
3418 639 3546 703 post
3584 645 3800 686 caenam

2225 738 2458 795 stantes,
2494 728 2746 784 oratione
2795 727 2965 792 facta,
2997 725 3371 799 gloriﬁcamus
3425 723 3670 779 universi
3706 723 3802 777 be-

2225 820 2542 876 nedicentes
2569 834 2697 874 cum
2739 818 2906 875 David
2941 835 3065 874 eum
3119 819 3208 888 qui
3253 814 3686 872 misericordiam
3717 813 3797 867 ci-

2227 913 2466 982 bumque
2501 913 2662 968 nobis
2713 926 2742 966 a
2794 911 3082 982 iuventute
3121 909 3398 980 praestitit,
3443 916 3498 964 et
3525 904 3800 964 dicimus:

2239 1004 2461 1062 «Gloria
2499 1004 2618 1071 tibi,
2660 1010 2871 1068 sancte,
2901 1004 3073 1072 gloria
3105 1001 3224 1066 tibi,
3263 999 3511 1065 Domine,
3547 999 3805 1068 quoniam

2229 1099 2427 1156 dedisti
2477 1098 2637 1153 nobis
2686 1112 2839 1153 escas
2875 1097 2927 1151 in
2961 1094 3368 1166 jucunditatem
3405 1110 3454 1160 »,
3502 1099 3556 1146 et
3585 1099 3807 1148 caetera,

2227 1208 2354 1264 qua:
2385 1192 2813 1264 Chrysostomus
2841 1190 2910 1246 de
2949 1191 3033 1245 his
3058 1187 3378 1245 disserendo
3419 1188 3808 1255 interpretatus

2229 1293 2336 1341 est.

2749 1371 2981 1430 CAPUT
3017 1371 3283 1428 CCCLIX.

2273 1471 2345 1527 De
2384 1471 2494 1525 ritu
2535 1485 2720 1541 panem
2755 1469 3111 1523 sanctissima:
3151 1468 3203 1520 iu
3235 1467 3400 1521 altum
3437 1459 3770 1518 sustollendi.

2306 1565 2676 1631 Quibuscum
2741 1562 3030 1630 doxolugia
3081 1559 3356 1629 perfectis,
3409 1555 3603 1619 lector,
3657 1563 3811 1623 post-

551 1641 743 1697 καὶτὰ
782 1642 1134 1714 πνευματικὰ
1181 1641 1519 1713 διακονησας
1561 1645 1676 1706 τοῖς
1724 1643 1997 1713 ἀδελφοῖς,
2032 1645 2132 1698 καὶ

2249 1673 2398 1730 quam
2435 1655 2701 1724 spiritalia
2723 1654 2986 1708 fratribus
3011 1648 3364 1712 ministravit,
3400 1645 3614 1700 accedit
3678 1645 3810 1698 huic

551 1735 724 1806 τούτῳ
765 1733 846 1806 τῷ
891 1732 1253 1806 πνευματικῷ
1293 1735 1441 1806 ἔργῳ
1490 1735 1810 1806 διακονῆσαι
1867 1735 2128 1806 ἔρχεται·

2249 1717 2726 1821 quoque-spiritali
2770 1733 2921 1814 Operi
2969 1743 3406 1803 ministraturus,
3454 1735 3734 1806 petitaque
3763 1744 3818 1786 et

552 1831 646 1882 καὶ
706 1827 1058 1898 συγχώρησιν
1112 1827 1544 1898 ἐξαιτησάμενος
1598 1830 1694 1884 καῖ’.
1746 1827 1954 1893 λαϐὼν,
2013 1829 2132 1893 τοῖς

553 1916 814 1988 καθαροῖς
835 1916 948 1988 γὰρ
978 1915 1704 1988 καθαρδνὲξυπηρετεῐσθαι
1735 1918 1837 1985 δεῖ,
1873 1918 2130 1989 καθαίρει

551 2009 608 2063 δὲ
649 2011 684 2080 ἠ
742 2008 1116 2084 συγχώρησις,
1165 2010 1390 2066 πάντων
1441 2011 1746 2081 σιγώντων,
1795 2012 1992 2083 ἁνυψοῖ
2039 2005 2133 2066 ῗτδν

553 2102 742 2174 ἄρτον,
795 2106 888 2158 καὶ
944 2105 1200 2174 ὲκφωνεῐ,
1271 2123 1290 2156 ι
1347 2105 1509 2172 Μέγα
1567 2104 1627 2158 τδ
1679 2104 1886 2174 ὄνομα·
1956 2123 1976 2158 ι
2041 2104 2133 2158 καὶ

556 2195 788 2250 ὲκύοῶσι
833 2197 1056 2262 πάντες,
1113 2216 1134 2250 ι
1194 2197 1306 2269 Τῆς
1356 2198 1518 2266 ἁγίας
1584 2196 1857 2269 Τριάδοςο
1927 2217 1947 2251 »
1978 2197 2030 2254 .6
2074 2197 2134 2252 τὸ

558 2289 785 2358 φρικτόν
838 2291 986 2344 ἐστιν
1018 2290 1191 2361 ὄνομα
1241 2289 1338 2344 τοῦ
1410 2291 1577 2360 μόνου
1639 2291 1750 2344 τῶν
1805 2291 1944 2345 ὅλων
1996 2289 2133 2345 Θεοῦ

555 2382 614 2436 ἐν
649 2381 842 2450 Τριάδι
885 2383 1037 2446 δντος
1061 2397 1077 2414 ’
1113 2383 1208 2436 καὶ
1252 2384 1495 2453 σταυροῦ,
1530 2381 1702 2437 τύπον
1727 2383 1917 2448 ποιῶν,
1946 2383 2138 2452 ἐπιφέ-

558 2489 662 2542 ρει,
700 2491 720 2525 ι
761 2473 1010 2542 Παναγία
1031 2472 1288 2539 Θεοτόκε,
1321 2473 1505 2545 βοήθει
1529 2475 1662 2544 ἡμῖν
1684 2489 1697 2504 ·
1735 2491 1754 2526 »
1781 2474 1877 2529 καὶ
1912 2475 2137 2543 συμφώ-

555 2581 660 2627 νως
710 2564 964 2632 λέγουσιν
1020 2565 1302 2632 ἅπαντες,
1373 2583 1392 2618 ι
1454 2567 1635 2637 Αὐτῆς
1696 2566 2053 2637 πρεσϐείαις,
2105 2569 2136 2621 6

556 2657 710 2726 Θεὸς,
745 2657 968 2728 ἐλέησον
998 2659 1094 2712 καὶ
1132 2660 1308 2712 σῶσον
1337 2659 1508 2729 ἡμᾶς.
1537 2660 1610 2714 Σὺ
1641 2656 1693 2712 εί
1716 2662 1744 2714 6
1779 2660 2139 2729 ὁμολογηθεὶς

559 2751 654 2804 καὶ
684 2750 1019 2820 ἀνυμνηθεὶς
1059 2749 1190 2821 παρ’
1219 2751 1401 2822 ἡμῶν,
1462 2753 1496 2822 ἡ
1536 2751 1664 2818 ἁγία
1687 2752 1880 2823 Τριὰς,
1912 2755 1940 2805 6
1977 2753 2140 2821 μόνος

560 2841 732 2907 ὅντως
785 2843 937 2906 Θεός.
989 2843 1066 2898 Ού
1130 2845 1242 2913 γάρ
1304 2843 1455 2898 ἐστιν
1512 2844 1675 2908 ἄλλος
1731 2844 1872 2915 πλὴν
1936 2843 2053 2911 σοῦ,
2087 2845 2142 2898 .6

562 2934 796 3002 ποιήσας
826 2935 922 2988 καὶ
960 2936 1206 3006 συνέχων
1233 2938 1402 3006 ἡμᾶς.
1441 2954 1460 2989 ι
1500 2936 1610 2990 Καὶ
1632 2936 1753 2990 τότε
1784 2937 1910 2996 τοὺς
1938 2935 2142 3006 ὕμνους

2233 1847 2457 1909 accepta
2488 1837 2676 1903 venia,
2745 1845 2873 1892 nam
2937 1849 3072 1903 pura
3119 1831 3274 1904 puris
3333 1827 3615 1884 tractanda
3667 1835 3818 1888 sunt,

2233 1935 2387 1991 venia
2419 1941 2600 1988 autem
2639 1939 2860 2001 purgat,
2914 1927 3225 1982 tacentibus
3273 1922 3570 1985 universis,
3619 1933 3813 1990 panem

2233 2025 2491 2088 sustollit,
2517 2031 2570 2077 et
2619 2021 2820 2075 clamat
2855 2037 2869 2073 :
2909 2017 3194 2087 «Magnum
3218 2028 3475 2075 nomen,»
3512 2023 3820 2077 omnesque

2232 2114 2539 2171 exclamant
2555 2123 2577 2168 ε
2601 2129 2620 2164 ι
2633 2109 2848 2166 Sanctae
2863 2106 3202 2171 Trinitatis,»
3222 2103 3362 2174 quod
3379 2111 3462 2158 est
3479 2097 3821 2156 tremendum

2233 2207 2406 2264 solius
2459 2204 2840 2260 universorum
2899 2199 2953 2252 in
2987 2195 3255 2251 Trinitate
3321 2191 3414 2247 Dei
3455 2199 3556 2255 :et
3602 2189 3820 2260 signum

2235 2298 2416 2354 crucis
2452 2297 2661 2353 faciens
2689 2293 2842 2349 addit
2876 2310 2890 2348 :
2926 2307 2948 2343 ι
2991 2286 3352 2346 Sauctissima
3391 2284 3486 2339 Dei
3544 2280 3824 2342 Genitrix,

2237 2407 2504 2450 succurre
2532 2388 2711 2454 nobis,
2748 2405 2768 2440 »
2805 2383 3077 2454 simulque
3109 2379 3304 2436 dicunt
3348 2391 3537 2433 omnes
3569 2391 3586 2430 :
3635 2393 3654 2426 ι
3689 2373 3826 2441 Ejus

2237 2483 2639 2544 intercessione
2663 2479 2925 2536 miserere
2956 2475 3154 2542 nostri,
3188 2472 3353 2536 Deus,
3387 2477 3442 2525 et
3490 2467 3641 2524 salva
3674 2479 3775 2519 ltOs
3802 2480 3819 2524 :

2239 2588 2294 2634 tu
2358 2593 2420 2633 es
2470 2589 2633 2646 quem
2695 2571 3019 2628 conﬁtemur
3068 2574 3123 2622 et
3172 2562 3392 2636 hymnis
3453 2558 3826 2619 celebramus,

2239 2679 2431 2729 sancta
2458 2667 2734 2732 ,Trinitas,
2771 2665 2924 2721 solus
2955 2675 3084 2716 vere
3137 2659 3308 2723 Deus,
3335 2669 3460 2710 nam
3515 2653 3658 2708 alius
3717 2664 3826 2702 non

2239 2772 2323 2818 est
2351 2770 2548 2832 prater
2573 2767 2625 2816 te
2667 2758 2759 2829 qui
2809 2755 2986 2812 fecisti
3019 2768 3118 2808 nos
3145 2759 3307 2820 atque
3339 2760 3660 2802 conservas.
3709 2762 3727 2793 »
3751 2742 3816 2795 Et

2241 2865 2374 2911 tunc
2389 2856 2622 2926 hymnus
2637 2853 2729 2908 Dei
2745 2848 3008 2906 Genitrici
3033 2845 3316 2914 adjiciunt,
3335 2841 3579 2897 dicentes
3603 2853 3619 2892 :
3660 2853 3682 2889 ι
3694 2835 3831 2888 Bea-

2243 2955 2359 3000 tam
2387 2954 2438 3000 te
2465 2945 2702 3000 dicimus
2748 2955 2937 2997 omnes
2970 2937 3404 3008 generationes,»
3453 2931 3524 2986 ob
3553 2928 3674 2999 ejus
3706 2942 3834 2996 pro-

561 3029 631 3098 τῇ
673 3027 980 3098 Θεομήτορι
1019 3029 1367 3100 ἐπιφέρουσι,
1419 3028 1482 3081 1:6
1526 3027 1703 3099 μὲν,⁹ι
1743 3020 2142 3098 Μακαρίζομέν

2249 3039 2509 3112 phetiam.
2539 3041 2608 3090 At
2634 3037 2689 3090 in
2715 3035 2881 3104 hujus
2937 3031 3045 3086 ﬁne
3070 3026 3458 3085 salutationem
3519 3019 3830 3092 angelicam

567 3135 626 3172 σε
679 3121 853 3173 πᾶσαι
891 3120 945 3172 αἱ
972 3119 1183 3188 γενεαὶ,
1223 3137 1242 3172 »
1277 3119 1366 3172 διὰ
1398 3119 1496 3190 τὴν
1539 3121 1714 3190 αὐτῆς
1765 3121 2137 3196 προφητείαν

568 3209 626 3263 ἐν
657 3209 737 3280 τῷ
774 3211 922 3263 τέλει
983 3211 1041 3264 δὲ
1091 3211 1286 3266 τούτου
1343 3214 1443 3282 τὴν
1505 3212 1598 3266 τοῦ
1644 3212 1883 3282 ἀγγέλου
1933 3212 2141 3283 φωνὴν,

568 3304 651 3370 τὸ,
693 3322 712 3354 ι
763 3304 961 3374 Χαῖρε,
987 3304 1428 3375 κεχαριτωμένη,
1465 3307 1492 3357 6
1524 3303 1728 3376 Κύριος
1772 3304 1910 3376 μετᾶ
1945 3305 2076 3358 σοῦ’
2119 3323 2138 3356 »

569 3394 652 3448 ὅτι
701 3394 860 3448 τοῦτο
915 3393 1067 3466 ἀργὴ
1127 3394 1191 3447 τὸ
1240 3396 1393 3465 ῥῆμα
1453 3395 1553 3464 τῆς
1614 3395 1891 3465 σωτηρίας
1949 3396 2142 3466 ἡμῶνο

792 3489 885 3541 καὶ
915 3487 1167 3559 εὔχονται
1203 3487 1300 3553 ὡς,
1354 3506 1373 3540 t
1422 3489 1533 3543 Καὶ
1575 3489 1663 3542 διὰ
1698 3489 1794 3542 σοῦ
1839 3489 1958 3558 μεθ’
1988 3490 2146 3560 ἡμῶν

571 3583 600 3635 6
631 3581 853 3650 Κύριος,
893 3599 911 3631 »
941 3584 1008 3651 τῇ
1041 3580 1225 3652 χάριτι
1261 3580 1525 3651 δηλονότι.
1564 3576 1695 3634 Εῐτα
1745 3584 1842 3634 καὶ
1882 3583 2147 3651 εὐφήμως

575 3674 670 3725 καὶ
714 3673 1026 3744 μελῳδικῶς
1075 3673 1510 3742 ἁπερικάλυπτοι
1562 3675 1658 3736 τὰς
1691 3673 1937 3742 κεφαλὰς
1974 3675 2150 3743 μελῳ-

573 3763 726 3818 δοῦσι
756 3763 1065 3827 δεικνύντες
1093 3765 1176 3818 ὅτι
1208 3764 1420 3834 κεφαλὴ
1464 3761 1625 3834 ἡμῶν
1653 3761 1822 3832 αὕτη,
1852 3762 1950 3833 τὴν
1981 3779 2151 3830 κεφα-

575 3855 672 3928 λὴν
700 3857 859 3927 ἡμῶν
890 3857 1236 3910 ἀποτεκοῦσα
1263 3855 1522 3928 Χριστὸν,
1549 3856 1643 3908 καὶ
1667 3855 1847 3923 σκέπη
1872 3855 2028 3924 ἡμῶν
2056 3853 2151 3908 ἀπ’

577 3949 806 4016 οὐρανοῦ
839 3949 937 4003 καὶ
975 3949 1280 4020 προνοητὴς
1310 3949 1408 4002 καὶ
1440 3945 1684 4017 σωτηρία
1704 3963 1719 3978 ο
1748 3947 1841 3998 καὶ
1865 3947 1948 4011 τδ,
1991 3963 2010 3996 ι
2061 3946 2156 3998 ’Λ-

580 4039 689 4106 ξιόν
709 4042 876 4104 ἐστιν,
915 4059 933 4092 »
960 4040 1150 4112 ᾅδουσι
1174 4056 1188 4071 ο
1213 4041 1306 4094 καὶ
1330 4040 1591 4094 Θεοτόκον
1611 4039 1779 4109 αὐτην
1801 4037 2152 4107 ὁμολογοῦσιο

579 4133 674 4185 καὶ
730 4133 1061 4202 τιμιωτέραν
1109 4133 1220 4184 τῶν
1264 4131 1550 4203 Χερουϐὶμ
1601 4131 1922 4200 μέλπουσιν,
1949 4129 2025 4194 ὡς
2065 4130 2156 4183 τὸν

587 4223 711 4277 Θεὸν
743 4227 915 4294 Λόγον
945 4227 1324 4288 ὲνυποστάτως
1358 4227 1425 4296 τῇ
1471 4225 1671 4292 γαστρὶ
1714 4223 2041 4293 δεξαμένην,
2064 4222 2159 4275 καὶ

584 4317 923 4389 ἀδιαφθόρως
951 4318 1256 4374 τεκοῦσανο
1286 4301 1394 4372 και
1430 4317 1635 4388 κυρίως
1687 4317 1782 4369 καὶ
1820 4316 1988 4377 ὅντως
2026 4314 2157 4367 Θεο-

2245 3131 2559 3203 prolerunt:
2585 3129 2746 3191 «Ave,
2767 3125 2942 3197 gratia
2957 3123 3139 3195 plena,
3155 3119 3419 3176 Dominus
3437 3126 3638 3173 tecum.
3653 3131 3673 3165 »
3695 3126 3836 3183 quo-

2245 3225 2391 3282 niam
2407 3222 2636 3278 verbum
2659 3221 2804 3275 istud
2827 3226 3027 3274 nostra:
3047 3215 3243 3272 salutis
3276 3219 3362 3266 est
3386 3205 3738 3281 principium.
3780 3210 3840 3254 et

2247 3321 2539 3383 precantur
2555 3319 2637 3375 ut,
2660 3328 2678 3361 ι
2691 3308 2793 3366 Per
2811 3318 2862 3364 te
2890 3306 3177 3362 nobiscum
3194 3303 3264 3358 sit
3291 3299 3578 3358 Dominus.
3593 3313 3614 3346 »
3639 3309 3756 3347 nem
3770 3305 3839 3360 pe

2249 3423 2345 3478 per
2375 3405 2606 3476 gratiam
2663 3416 2840 3457 suam.
2877 3399 3085 3455 Deinde
3119 3397 3312 3452 devote
3353 3401 3410 3446 et
3454 3401 3660 3444 canore
3686 3384 3840 3438 nudo

2248 3500 2428 3570 capite
2452 3497 2822 3558 modulantur,
2841 3492 3101 3564 quoniam
3125 3491 3239 3559 ipsa
3265 3490 3528 3554 estcaput
3557 3487 3838 3539 nostrum,

2249 3569 2373 3663 qua:
2389 3599 2550 3661 caput
2567 3597 2811 3644 nostrum
2834 3587 3078 3655 peperit;
3101 3585 3214 3651 ipsa
3238 3589 3322 3633 est
3346 3592 3377 3631 e
3407 3575 3547 3630 cmlo
3570 3569 3845 3642 preteetio

2250 3697 2438 3740 nostra
2495 3693 2664 3751 atque
2719 3677 3062 3750 providentia
3123 3683 3178 3726 et
3223 3669 3390 3733 salus,
3443 3673 3785 3726 cantantque
3820 3677 3836 3709 :

2258 3774 2521 3842 «Dignum
2549 3779 2661 3824 est»
2695 3776 2748 3822 et
2769 3781 2890 3820 eam
2917 3764 3008 3818 Dei
3024 3759 3355 3817 Genitricem
3403 3752 3756 3816 conﬁtentur,
3785 3757 3843 3801 et

2254 3865 2458 3932 majore
2497 3858 2788 3915 cherubim
2851 3855 3059 3908 honore
3087 3852 3305 3919 dignam
3341 3844 3643 3902 coneinuut
3667 3881 3682 3907 ,
3711 3852 3845 3908 quo-

2254 3957 2404 4010 niam
2449 3953 2617 4006 Deum
2644 3947 2884 4004 Verbum
2912 3941 3351 4000 substantialiter
3411 3939 3466 3990 in
3500 3944 3658 3989 utero
3687 3948 3844 3985 reeeq

2255 4045 2357 4115 pit,
2384 4052 2440 4098 et
2465 4043 2582 4096 sine
2637 4036 2992 4105 corruptione
3031 4031 3271 4104 peperit,
3313 4041 3548 4096 eamque
3599 4037 3726 4078 vere
3777 4036 3846 4073 ac

2258 4135 2638 4192 indubitanter
2692 4129 2784 4185 Dei
2841 4126 3178 4184 Genitricem
3234 4120 3673 4187 magniﬁcamus,
3726 4116 3846 4167 luto

2259 4227 2449 4293 verba,
2524 4222 2932 4294 Magniﬁcam»
2962 4228 3010 4273 et
3042 4219 3250 4272 beatam
3299 4213 3546 4278 dicimus,
3622 4223 3691 4264 ex
3721 4205 3849 4274 ejus

2262 4319 2479 4374 cantico
2499 4323 2800 4372 sumentes.
2829 4311 2947 4383 Ipsa
2971 4311 3115 4366 enim
3135 4308 3278 4364 istud
3301 4307 3438 4361 dixit
3467 4321 3482 4362 ς
3510 4301 3850 4372 «Magniﬁeat

588 4409 741 4462 τόκον
798 4411 972 4480 αὐτὴν
1039 4409 1442 4480 μεγαλύνομεν,
1474 4410 1537 4462 τὸ
1576 4409 2012 4480 Μεγαλύνομεν
2050 4407 2146 4462 ἀπὶ

2262 4407 2443 4462 anima
2462 4421 2583 4461 mea
2618 4403 2965 4469 Dominum,»
3001 4410 3056 4456 et
3085 4416 3103 4456 :
3140 4418 3159 4453 ι
3188 4399 3324 4454 Ecce
3344 4397 3487 4452 enim
3510 4409 3576 4450 ex
3597 4394 3702 4450 hoc
3730 4392 3853 4446 bea-

589 4502 681 4569 τῆς
709 4501 850 4572 ῲῐῆς
881 4501 1140 4564 λαϐόντες
1175 4503 1345 4573 αὐτῆς
1373 4502 1552 4556 καὶτὸ
1589 4501 2020 4571 Μακαρίζομεν.
2051 4501 2162 4554 Καὶ

587 4593 694 4663 γὰρ
732 4593 870 4663 αὕτη
903 4594 1063 4647 τοῦτό
1093 4611 1251 4664 φησι,
1290 4613 1308 4647 ι
1347 4594 1656 4663 Μεγαλύνει
1687 4595 1720 4664 ἡ
1753 4593 1902 4664 ψυχή
1943 4611 2044 4664 μου
2073 4593 2164 4646 τὸν

590 4685 812 4754 Κύριον,
865 4703 884 4739 »
937 4687 1047 4750 καὶ,
1079 4705 1098 4738 ι
1150 4685 1281 4740 Ἰδοὺ
1306 4686 1414 4756 γὰρ
1443 4687 1554 4740 ἀπὸ
1578 4688 1676 4740 τοῦ
1708 4687 1804 4739 νῦν
1828 4685 2164 4756 μακαριοῦσί

592 4793 658 4842 με
691 4778 862 4830 πᾶσαι
893 4778 948 4832 αί
984 4779 1189 4846 γενεαί.
1225 4797 1246 4832 »
1285 4781 1359 4832 T6
1390 4780 1486 4847 μὲν
1521 4778 1614 4832 οὖν
1659 4778 1942 4848 ἀνυψῶσαι
1991 4780 2052 4832 τὸ
2087 4778 2168 4848 τῷ

591 4867 708 4939 Θεῷ
733 4870 1024 4940 ἀναφέρειν
1048 4871 1221 4938 δηλοί⁵
1252 4871 1314 4926 τὸ
1341 4871 1398 4925 δὲ
1417 4873 1618 4940 εἰπεῖν,
1660 4890 1680 4923 ι
1717 4872 1883 4938 Μέγα
1913 4872 1975 4924 τὸ
1997 4871 2169 4941 ὄνομα

591 4961 688 5030 τῆς
723 4963 886 5030 ἁγίας
925 4963 1176 5033 Τριάδος,
1231 4981 1250 5013 »
1300 4965 1401 5031 τὴν
1453 4962 1748 5032 ὁμολογίαν
1780 4963 2042 5034 κηρύττει
2074 4963 2168 5018 τοῦ

589 5055 698 5108 τῶν
737 5057 874 5110 ὅλων
907 5057 966 5110 ὲν
1011 5057 1202 5126 Τριάδι
1237 5055 1410 5110 Θεοῦο
1460 5058 1556 5110 καὶ
1607 5055 1788 5125 τούτῳ
1837 5057 2171 5126 προσφέρειν

591 5145 682 5197 τὸν
721 5147 918 5214 ἄρτον,
954 5151 1046 5200 καὶ
1108 5147 1404 5216 μεγαλύνει
1459 5147 1652 5201 τούτου
1683 5149 1745 5202 τὸ
1777 5148 1970 5218 ὄνομα.
2006 5149 2083 5202 Τὸ
2113 5149 2172 5203 δὲ

595 5237 799 5307 εἰπεῖν,
840 5259 860 5292 ι
895 5241 1165 5309 ηαναγία,
1211 5242 1466 5306 Θεοτόκε,
1494 5243 1854 5312 βοὴθειήμῖν,
1893 5263 1911 5296 »
1951 5245 2044 5295 καὶ
2076 5244 2174 5313 τὴν

599 5330 878 5400 σάρκωσιν
916 5335 1178 5404 κηρύττει
1208 5335 1302 5388 τοῦ
1337 5336 1535 5402 Λόγον.
1580 5335 1750 5389 Τοῦτο
1781 5335 1891 5405 γὰρ
1919 5336 2175 5404 σημαίνει

596 5423 630 5493 ὴ
660 5422 922 5487 Θεοτόκος
957 5429 1144 5497 φωνή*
1178 5428 1273 5481 καὶ
1319 5429 1522 5496 ταύτης
1578 5427 1868 5498 ἐπίκλησις
1922 5429 2129 5494 γίνεται
2160 5443 2172 5458 ·

598 5514 693 5567 καὶ
724 5517 1058 5585 πιστεύομεν
1087 5518 1162 5582 ὡς
1191 5521 1481 5588 πάρεστιν,
1523 5519 1718 5590 ἑτοίμη
1753 5519 1891 5589 πρὸς
1925 5519 2177 5590 βοήθειαν

601 5597 738 5657 οὖσα
761 5619 779 5637 ⁸
822 5608 916 5659 καὶ
945 5608 972 5659 6
1005 5609 1168 5677 ἄρτος
1200 5609 1338 5677 αὐτῇ
1371 5607 1443 5668 ὡς
1490 5607 1664 5679 δῶρον
1703 5609 2023 5678 κομίζεταιο
2050 5608 2180 5677 μᾶλ-

604 5692 695 5772 λον
726 5695 784 5752 δὲ
816 5697 883 5751 δι’
906 5699 1077 5770 αὐτῆς
1108 5699 1186 5769 τῷ
1230 5698 1343 5770 Υἱῴ
1377 5696 1545 5768 αὐτῆς
1586 5698 1727 5771 ὑπὲρ
1772 5699 1929 5770 ἡμῶν
1973 5699 2031 5766 ἐξ
2081 5699 2179 5753 αύ-

2266 4510 2374 4555 tam
2407 4515 2494 4554 me
2545 4497 2728 4554 dicent
2774 4510 2968 4552 omnes
3017 4491 3422 4564 generationes.
3450 4505 3470 4542 »
3521 4487 3657 4543 Dum
3689 4483 3855 4554 panis

2265 4592 2488 4663 quidem
2521 4591 2578 4645 in
2609 4589 2778 4645 altum
2828 4588 3062 4650 tollitur,
3099 4584 3210 4640 Deo
3255 4580 3438 4639 oﬁ‘erri
3495 4576 3850 4641 ostenditur;

2267 4695 2323 4740 at
2349 4685 2477 4740 dum
2511 4683 2718 4738 dicitur
2743 4698 2758 4736 :
2794 4679 3050 4751 Magnum
3077 4691 3278 4732 nomen
3305 4680 3511 4728 sanctae
3533 4667 3850 4732 Trinitatis,

2267 4771 2983 4844 confessionem-praedicat
3032 4767 3164 4822 trinl
3215 4765 3599 4820 universorum
3655 4760 3853 4825 Dei,t-t

2269 4871 2400 4924 dum
2437 4867 2593 4936 panis
2628 4864 2758 4920 huic
2785 4862 3035 4927 offertur,
3061 4872 3262 4914 nomen
3287 4855 3406 4926 ejus
3437 4852 3848 4923 magnilicatur.

2272 4961 2461 5016 Dicere
2499 4971 2664 5016 vero:
2695 4974 2714 5008 ι
2750 4954 3110 5010 Sanctissima
3149 4950 3242 5005 Dei
3263 4945 3535 5011 Genitrix,
3587 4955 3855 4997 succurre

2274 5055 2456 5119 nobis,
2472 5073 2492 5106 »
2525 5051 2960 5109 incarnationem
2979 5048 3144 5104 Verbi
3166 5043 3446 5117 praedicat,
3480 5039 3585 5095 huc
3609 5037 3754 5093 enim
3778 5035 3858 5090 si-

2273 5147 2498 5219 gniﬁcat
2545 5162 2650 5201 vox
2703 5145 2795 5200 Dei
2841 5141 3372 5204 Genitrix;necnon
3401 5131 3554 5188 illius
3611 5129 3666 5186 ﬁt
3701 5128 3858 5182 invo-

2276 5238 2447 5304 catio,
2475 5246 2530 5293 et
2558 5237 2841 5294 credimus
2886 5248 3008 5291 eam
3047 5231 3244 5285 adesse
3292 5226 3361 5282 ad
3425 5221 3860 5281 succurrendum

2279 5342 2553 5403 paratam,
2587 5341 2641 5388 et
2670 5331 2830 5401 panis
2891 5329 2940 5385 ei
2989 5326 3153 5393 velut;
3178 5324 3382 5378 donum
3417 5325 3733 5391 praestatur,
3762 5328 3865 5382 po-

2282 5429 2392 5483 tius
2418 5434 2602 5483 autem
2634 5441 2732 5497 per
2761 5439 2883 5480 eam
2941 5421 3081 5478 Filio
3103 5418 3244 5489 fejus
3291 5431 3390 5488 pro
3419 5413 3580 5469 nobis
3623 5425 3688 5464 ex
3739 5407 3858 5475 ipsa

2281 5520 2592 5583 incarnato,
2618 5528 2672 5573 ct
2699 5527 2924 5588 propter
2960 5530 3060 5569 nos
3112 5512 3347 5567 libenter
3404 5517 3625 5562 crucem
3672 5515 3857 5570 passo,

2285 5610 2428 5682 Quod
2467 5624 2564 5679 per
2619 5623 2838 5664 crucem
2870 5607 2965 5678 qui
3021 5619 3147 5661 eum
3189 5598 3428 5658 sustollit
3475 5595 3855 5664 repraesentat.

2287 5697 2386 5757 llic
2419 5701 2583 5784 igitur
2615 5701 2794 5773 panis,
2837 5707 3024 5772 utpote
3081 5694 3266 5753 divina
3319 5684 3666 5748 invocatione
3695 5692 3866 5748 super
