  <div class='ocr_page' id='page_1' title='image "/cluster/home/n/w/nwhite01/storage/ocr_20150623/155/hvd.32044069650117/339.png"; bbox 0 0 4094 6194; ppageno 0'>
   <div class='ocr_carea' id='block_1_1' title="bbox 239 183 342 243">
    <p class='ocr_par' dir='ltr' id='par_1_1' title="bbox 239 183 342 243">
     <span class='ocr_line' id='line_1_1' title="bbox 239 183 342 243; baseline 0.049 -4"><span class='ocrx_word' id='word_1_1' title='bbox 239 183 342 243; x_wconf 73' lang='lat'><strong>(&#39;67</strong></span> 
     </span>
    </p>
   </div>
   <div class='ocr_carea' id='block_1_2' title="bbox 1021 181 2599 248">
    <p class='ocr_par' dir='ltr' id='par_1_2' title="bbox 1021 181 2599 248">
     <span class='ocr_line' id='line_1_2' title="bbox 1021 181 2599 248; baseline 0.002 -3"><span class='ocrx_word' id='word_1_2' title='bbox 1021 185 1406 247; x_wconf 73' lang='lat' dir='ltr'><strong>SYzllEONIS</strong></span> <span class='ocrx_word' id='word_1_3' title='bbox 1445 181 2194 244; x_wconf 67' lang='lat' dir='ltr'><strong>&#39;l‘llESS.lLONlCENSlS</strong></span> <span class='ocrx_word' id='word_1_4' title='bbox 2243 186 2599 248; x_wconf 79' lang='lat' dir='ltr'><strong>ARCHIEP.</strong></span> 
     </span>
    </p>
   </div>
   <div class='ocr_carea' id='block_1_3' title="bbox 3396 193 3498 256">
    <p class='ocr_par' dir='ltr' id='par_1_3' title="bbox 3396 193 3498 256">
     <span class='ocr_line' id='line_1_3' title="bbox 3396 193 3498 256; baseline 0 0"><span class='ocrx_word' id='word_1_5' title='bbox 3396 193 3498 256; x_wconf 76' lang='lat'><strong>638</strong></span> 
     </span>
    </p>
   </div>
   <div class='ocr_carea' id='block_1_4' title="bbox 239 288 1838 378">
    <p class='ocr_par' dir='ltr' id='par_1_4' title="bbox 239 289 1830 362">
     <span class='ocr_line' id='line_1_4' title="bbox 239 289 1830 362; baseline 0.001 -21"><span class='ocrx_word' id='word_1_6' title='bbox 239 289 943 362; x_wconf 75' lang='lat' dir='ltr'><strong>euinl&#39;acta,espressoque</strong></span> <span class='ocrx_word' id='word_1_7' title='bbox 1000 291 1070 346; x_wconf 92' lang='lat' dir='ltr'><strong>ab</strong></span> <span class='ocrx_word' id='word_1_8' title='bbox 1125 293 1283 347; x_wconf 90' lang='lat' dir='ltr'><strong>initio</strong></span> <span class='ocrx_word' id='word_1_9' title='bbox 1341 291 1522 346; x_wconf 85' lang='lat' dir='ltr'><strong>crucis</strong></span> <span class='ocrx_word' id='word_1_10' title='bbox 1569 289 1746 360; x_wconf 70' lang='lat' dir='ltr'><strong>signo,</strong></span> <span class='ocrx_word' id='word_1_11' title='bbox 1779 297 1830 342; x_wconf 83' lang='lat' dir='ltr'><strong>et</strong></span> 
     </span>
    </p>
   </div>
   <div class='ocr_carea' id='block_1_5' title="bbox 1930 288 3508 378">
    <p class='ocr_par' dir='ltr' id='par_1_5' title="bbox 1935 295 3508 378">
     <span class='ocr_line' id='line_1_5' title="bbox 1935 295 3508 378; baseline 0.008 -30"><span class='ocrx_word' id='word_1_12' title='bbox 1935 295 2029 362; x_wconf 77' lang='grc' dir='ltr'>τῆς</span> <span class='ocrx_word' id='word_1_13' title='bbox 2069 297 2425 365; x_wconf 72' lang='grc' dir='ltr'>σαρκωϐἐντι,</span> <span class='ocrx_word' id='word_1_14' title='bbox 2474 303 2569 354; x_wconf 77' lang='grc' dir='ltr'>καὶ</span> <span class='ocrx_word' id='word_1_15' title='bbox 2621 303 2688 371; x_wconf 71' lang='grc' dir='ltr'>δι’</span> <span class='ocrx_word' id='word_1_16' title='bbox 2744 305 2890 372; x_wconf 76' lang='grc' dir='ltr'>ἡμᾶς</span> <span class='ocrx_word' id='word_1_17' title='bbox 2955 306 3221 370; x_wconf 73' lang='grc' dir='ltr'><strong>ἑκουσίως</strong></span> <span class='ocrx_word' id='word_1_18' title='bbox 3277 315 3508 378; x_wconf 67' lang='grc' dir='ltr'>σταυρδν</span> 
     </span>
    </p>
   </div>
   <div class='ocr_carea' id='block_1_6' title="bbox 240 382 1826 456">
    <p class='ocr_par' dir='ltr' id='par_1_6' title="bbox 240 382 1826 456">
     <span class='ocr_line' id='line_1_6' title="bbox 240 382 1826 456; baseline -0.002 -18"><span class='ocrx_word' id='word_1_19' title='bbox 240 398 464 439; x_wconf 82' lang='lat' dir='ltr'><strong>rursum</strong></span> <span class='ocrx_word' id='word_1_20' title='bbox 529 382 729 440; x_wconf 88' lang='lat' dir='ltr'><strong>deinde</strong></span> <span class='ocrx_word' id='word_1_21' title='bbox 797 385 852 439; x_wconf 93' lang='lat' dir='ltr'><strong>in</strong></span> <span class='ocrx_word' id='word_1_22' title='bbox 911 385 1212 455; x_wconf 73' lang='lat' dir='ltr'><strong>praedicata</strong></span> <span class='ocrx_word' id='word_1_23' title='bbox 1267 387 1496 456; x_wconf 86' lang='lat' dir='ltr'><strong>Deipara</strong></span> <span class='ocrx_word' id='word_1_24' title='bbox 1533 428 1549 451; x_wconf 92' lang='lat'><strong>,</strong></span> <span class='ocrx_word' id='word_1_25' title='bbox 1615 391 1826 439; x_wconf 84' lang='lat' dir='ltr'><strong>necnon</strong></span> 
     </span>
    </p>
   </div>
   <div class='ocr_carea' id='block_1_7' title="bbox 239 476 1828 549">
    <p class='ocr_par' dir='ltr' id='par_1_7' title="bbox 239 476 1828 549">
     <span class='ocr_line' id='line_1_7' title="bbox 239 476 1828 549; baseline 0.001 -19"><span class='ocrx_word' id='word_1_26' title='bbox 239 476 420 547; x_wconf 76' lang='lat' dir='ltr'><strong>agnita</strong></span> <span class='ocrx_word' id='word_1_27' title='bbox 456 476 845 532; x_wconf 75' lang='lat' dir='ltr'><strong>incarnatione</strong></span> <span class='ocrx_word' id='word_1_28' title='bbox 886 477 1070 544; x_wconf 81' lang='lat' dir='ltr'><strong>Verbi,</strong></span> <span class='ocrx_word' id='word_1_29' title='bbox 1133 479 1361 549; x_wconf 88' lang='lat' dir='ltr'><strong>ipsaque</strong></span> <span class='ocrx_word' id='word_1_30' title='bbox 1408 478 1504 533; x_wconf 89' lang='lat' dir='ltr'><strong>Dei</strong></span> <span class='ocrx_word' id='word_1_31' title='bbox 1561 478 1828 547; x_wconf 80' lang='lat' dir='ltr'><strong>genitrice</strong></span> 
     </span>
    </p>
   </div>
   <div class='ocr_carea' id='block_1_8' title="bbox 239 559 1828 644">
    <p class='ocr_par' dir='ltr' id='par_1_8' title="bbox 239 559 1828 644">
     <span class='ocr_line' id='line_1_8' title="bbox 239 559 1828 644; baseline 0.001 -19"><span class='ocrx_word' id='word_1_32' title='bbox 239 570 295 625; x_wconf 92' lang='lat' dir='ltr'><strong>in</strong></span> <span class='ocrx_word' id='word_1_33' title='bbox 324 569 585 624; x_wconf 78' lang='lat' dir='ltr'><strong>auxilium</strong></span> <span class='ocrx_word' id='word_1_34' title='bbox 615 570 890 634; x_wconf 86' lang='lat' dir='ltr'><strong>invocata.</strong></span> <span class='ocrx_word' id='word_1_35' title='bbox 918 588 1114 644; x_wconf 81' lang='lat' dir='ltr'><strong>magna</strong></span> <span class='ocrx_word' id='word_1_36' title='bbox 1144 559 1321 642; x_wconf 76' lang='lat' dir='ltr'><strong>potest</strong></span> <span class='ocrx_word' id='word_1_37' title='bbox 1349 585 1402 628; x_wconf 86' lang='lat' dir='ltr'><strong>et</strong></span> <span class='ocrx_word' id='word_1_38' title='bbox 1427 589 1457 627; x_wconf 90' lang='lat' dir='ltr'><strong>a</strong></span> <span class='ocrx_word' id='word_1_39' title='bbox 1491 573 1682 628; x_wconf 86' lang='lat' dir='ltr'><strong>multis</strong></span> <span class='ocrx_word' id='word_1_40' title='bbox 1716 587 1828 626; x_wconf 79' lang='lat' dir='ltr'><strong>ma-</strong></span> 
     </span>
    </p>
   </div>
   <div class='ocr_carea' id='block_1_9' title="bbox 242 660 1824 732">
    <p class='ocr_par' dir='ltr' id='par_1_9' title="bbox 242 660 1824 732">
     <span class='ocr_line' id='line_1_9' title="bbox 242 660 1824 732; baseline 0.003 -19"><span class='ocrx_word' id='word_1_41' title='bbox 242 660 307 714; x_wconf 86' lang='lat' dir='ltr'><strong>lis</strong></span> <span class='ocrx_word' id='word_1_42' title='bbox 339 662 504 724; x_wconf 86' lang='lat' dir='ltr'><strong>eruit,</strong></span> <span class='ocrx_word' id='word_1_43' title='bbox 555 677 650 718; x_wconf 88' lang='lat' dir='ltr'><strong>seu</strong></span> <span class='ocrx_word' id='word_1_44' title='bbox 681 665 863 732; x_wconf 79' lang='lat' dir='ltr'><strong>potius</strong></span> <span class='ocrx_word' id='word_1_45' title='bbox 901 665 968 718; x_wconf 86' lang='lat' dir='ltr'><strong>ab</strong></span> <span class='ocrx_word' id='word_1_46' title='bbox 1019 665 1299 732; x_wconf 87' lang='lat' dir='ltr'><strong>omnibus,</strong></span> <span class='ocrx_word' id='word_1_47' title='bbox 1330 677 1383 720; x_wconf 88' lang='lat' dir='ltr'><strong>et</strong></span> <span class='ocrx_word' id='word_1_48' title='bbox 1435 666 1695 720; x_wconf 83' lang='lat' dir='ltr'><strong>omnibus</strong></span> <span class='ocrx_word' id='word_1_49' title='bbox 1737 681 1824 718; x_wconf 88' lang='lat' dir='ltr'><strong>re-</strong></span> 
     </span>
    </p>
   </div>
   <div class='ocr_carea' id='block_1_10' title="bbox 245 753 1825 825">
    <p class='ocr_par' dir='ltr' id='par_1_10' title="bbox 245 753 1825 825">
     <span class='ocr_line' id='line_1_10' title="bbox 245 753 1825 825; baseline 0.002 -17"><span class='ocrx_word' id='word_1_50' title='bbox 245 754 350 822; x_wconf 86' lang='lat' dir='ltr'><strong>plet</strong></span> <span class='ocrx_word' id='word_1_51' title='bbox 377 753 537 808; x_wconf 87' lang='lat' dir='ltr'><strong>bonis</strong></span> <span class='ocrx_word' id='word_1_52' title='bbox 569 768 633 808; x_wconf 86' lang='lat' dir='ltr'><strong>ac</strong></span> <span class='ocrx_word' id='word_1_53' title='bbox 683 755 861 809; x_wconf 88' lang='lat' dir='ltr'><strong>salvat</strong></span> <span class='ocrx_word' id='word_1_54' title='bbox 923 757 1218 811; x_wconf 87' lang='lat' dir='ltr'><strong>continuo.</strong></span> <span class='ocrx_word' id='word_1_55' title='bbox 1254 756 1606 825; x_wconf 74' lang='lat' dir='ltr'><strong>Quapropter</strong></span> <span class='ocrx_word' id='word_1_56' title='bbox 1635 756 1720 809; x_wconf 84' lang='lat' dir='ltr'><strong>die</strong></span> <span class='ocrx_word' id='word_1_57' title='bbox 1763 771 1825 811; x_wconf 90' lang='lat' dir='ltr'><strong>ac</strong></span> 
     </span>
    </p>
   </div>
   <div class='ocr_carea' id='block_1_11' title="bbox 237 846 1826 918">
    <p class='ocr_par' dir='ltr' id='par_1_11' title="bbox 237 846 1826 918">
     <span class='ocr_line' id='line_1_11' title="bbox 237 846 1826 918; baseline 0.004 -20"><span class='ocrx_word' id='word_1_58' title='bbox 237 855 595 916; x_wconf 83' lang='lat' dir='ltr'><strong>nocte-atque</strong></span> <span class='ocrx_word' id='word_1_59' title='bbox 633 846 744 902; x_wconf 78' lang='lat' dir='ltr'><strong>fere</strong></span> <span class='ocrx_word' id='word_1_60' title='bbox 771 848 824 902; x_wconf 89' lang='lat' dir='ltr'><strong>in</strong></span> <span class='ocrx_word' id='word_1_61' title='bbox 865 849 1019 903; x_wconf 90' lang='lat' dir='ltr'><strong>omni</strong></span> <span class='ocrx_word' id='word_1_62' title='bbox 1077 850 1209 904; x_wconf 90' lang='lat' dir='ltr'><strong>hora</strong></span> <span class='ocrx_word' id='word_1_63' title='bbox 1271 848 1420 904; x_wconf 88' lang='lat' dir='ltr'><strong>istud</strong></span> <span class='ocrx_word' id='word_1_64' title='bbox 1457 864 1558 904; x_wconf 88' lang='lat' dir='ltr'><strong>nos</strong></span> <span class='ocrx_word' id='word_1_65' title='bbox 1607 859 1826 918; x_wconf 85' lang='lat' dir='ltr'><strong>oportet</strong></span> 
     </span>
    </p>
   </div>
   <div class='ocr_carea' id='block_1_12' title="bbox 233 939 1824 1010">
    <p class='ocr_par' dir='ltr' id='par_1_12' title="bbox 233 939 1824 1010">
     <span class='ocr_line' id='line_1_12' title="bbox 233 939 1824 1010; baseline 0.003 -18"><span class='ocrx_word' id='word_1_66' title='bbox 233 939 442 1007; x_wconf 78' lang='lat' dir='ltr'><strong>facere,</strong></span> <span class='ocrx_word' id='word_1_67' title='bbox 477 956 806 1010; x_wconf 90' lang='lat' dir='ltr'><strong>semperque</strong></span> <span class='ocrx_word' id='word_1_68' title='bbox 841 946 940 998; x_wconf 88' lang='lat' dir='ltr'><strong>has</strong></span> <span class='ocrx_word' id='word_1_69' title='bbox 971 958 1131 997; x_wconf 75' lang='lat' dir='ltr'><strong>Voces</strong></span> <span class='ocrx_word' id='word_1_70' title='bbox 1166 943 1428 1005; x_wconf 84' lang='lat' dir='ltr'><strong>clamare.</strong></span> <span class='ocrx_word' id='word_1_71' title='bbox 1455 958 1674 998; x_wconf 80' lang='lat' dir='ltr'><strong>necnon</strong></span> <span class='ocrx_word' id='word_1_72' title='bbox 1707 957 1824 997; x_wconf 89' lang='lat' dir='ltr'><strong>ma-</strong></span> 
     </span>
    </p>
   </div>
   <div class='ocr_carea' id='block_1_13' title="bbox 235 1032 1822 1102">
    <p class='ocr_par' dir='ltr' id='par_1_13' title="bbox 235 1032 1822 1102">
     <span class='ocr_line' id='line_1_13' title="bbox 235 1032 1822 1102; baseline 0.004 -18"><span class='ocrx_word' id='word_1_73' title='bbox 235 1049 268 1102; x_wconf 76' lang='lat' dir='ltr'>g</span> <span class='ocrx_word' id='word_1_74' title='bbox 295 1032 495 1088; x_wconf 82' lang='lat' dir='ltr'><strong>:ificare</strong></span> <span class='ocrx_word' id='word_1_75' title='bbox 526 1033 853 1090; x_wconf 84' lang='lat' dir='ltr'><strong>Trinitatem</strong></span> <span class='ocrx_word' id='word_1_76' title='bbox 886 1036 1092 1101; x_wconf 72' lang='lat' dir='ltr'><strong>Deizjttc</strong></span> <span class='ocrx_word' id='word_1_77' title='bbox 1117 1035 1447 1091; x_wconf 63' lang='lat' dir='ltr'><strong>Genitricem</strong></span> <span class='ocrx_word' id='word_1_78' title='bbox 1473 1037 1526 1090; x_wconf 92' lang='lat' dir='ltr'><strong>in</strong></span> <span class='ocrx_word' id='word_1_79' title='bbox 1557 1036 1822 1090; x_wconf 79' lang='lat' dir='ltr'><strong>auxilium</strong></span> 
     </span>
    </p>
   </div>
   <div class='ocr_carea' id='block_1_14' title="bbox 235 1122 1824 1197">
    <p class='ocr_par' dir='ltr' id='par_1_14' title="bbox 235 1122 1824 1197">
     <span class='ocr_line' id='line_1_14' title="bbox 235 1122 1824 1197; baseline 0.004 -22"><span class='ocrx_word' id='word_1_80' title='bbox 235 1122 518 1179; x_wconf 80' lang='lat' dir='ltr'><strong>invocare.</strong></span> <span class='ocrx_word' id='word_1_81' title='bbox 551 1123 846 1191; x_wconf 85' lang='lat' dir='ltr'><strong>Quodnam</strong></span> <span class='ocrx_word' id='word_1_82' title='bbox 879 1127 1024 1181; x_wconf 90' lang='lat' dir='ltr'><strong>enim</strong></span> <span class='ocrx_word' id='word_1_83' title='bbox 1084 1129 1263 1197; x_wconf 83' lang='lat' dir='ltr'><strong>majus</strong></span> <span class='ocrx_word' id='word_1_84' title='bbox 1303 1141 1466 1195; x_wconf 87' lang='lat' dir='ltr'><strong>quam</strong></span> <span class='ocrx_word' id='word_1_85' title='bbox 1515 1127 1637 1196; x_wconf 88' lang='lat' dir='ltr'><strong>ejus</strong></span> <span class='ocrx_word' id='word_1_86' title='bbox 1669 1128 1824 1181; x_wconf 61' lang='lat' dir='ltr'><strong>auxi.</strong></span> 
     </span>
    </p>
   </div>
   <div class='ocr_carea' id='block_1_15' title="bbox 239 1213 1824 1288">
    <p class='ocr_par' dir='ltr' id='par_1_15' title="bbox 239 1213 1824 1288">
     <span class='ocr_line' id='line_1_15' title="bbox 239 1213 1824 1288; baseline 0.004 -22"><span class='ocrx_word' id='word_1_87' title='bbox 239 1213 420 1269; x_wconf 81' lang='lat' dir='ltr'><strong>linnt?</strong></span> <span class='ocrx_word' id='word_1_88' title='bbox 450 1213 544 1270; x_wconf 83' lang='lat' dir='ltr'><strong>Vel</strong></span> <span class='ocrx_word' id='word_1_89' title='bbox 575 1216 698 1284; x_wconf 89' lang='lat' dir='ltr'><strong>quis</strong></span> <span class='ocrx_word' id='word_1_90' title='bbox 759 1218 874 1286; x_wconf 87' lang='lat' dir='ltr'><strong>ipsa</strong></span> <span class='ocrx_word' id='word_1_91' title='bbox 928 1219 1192 1288; x_wconf 76' lang='lat' dir='ltr'><strong>majorem</strong></span> <span class='ocrx_word' id='word_1_92' title='bbox 1231 1219 1395 1272; x_wconf 81' lang='lat' dir='ltr'><strong>habet</strong></span> <span class='ocrx_word' id='word_1_93' title='bbox 1445 1219 1824 1288; x_wconf 85' lang='lat' dir='ltr'><strong>potestatem?</strong></span> 
     </span>
    </p>
   </div>
   <div class='ocr_carea' id='block_1_16' title="bbox 237 1307 1825 1382">
    <p class='ocr_par' dir='ltr' id='par_1_16' title="bbox 237 1307 1825 1382">
     <span class='ocr_line' id='line_1_16' title="bbox 237 1307 1825 1382; baseline 0.005 -26"><span class='ocrx_word' id='word_1_94' title='bbox 237 1308 317 1359; x_wconf 81' lang='lat' dir='ltr'><strong>Vel</strong></span> <span class='ocrx_word' id='word_1_95' title='bbox 353 1307 477 1376; x_wconf 88' lang='lat' dir='ltr'><strong>quis</strong></span> <span class='ocrx_word' id='word_1_96' title='bbox 507 1310 679 1378; x_wconf 76' lang='lat' dir='ltr'><strong>magis</strong></span> <span class='ocrx_word' id='word_1_97' title='bbox 709 1325 827 1377; x_wconf 81' lang='lat' dir='ltr'><strong>ipsa</strong></span> <span class='ocrx_word' id='word_1_98' title='bbox 853 1311 1069 1365; x_wconf 86' lang='lat' dir='ltr'><strong>salvare</strong></span> <span class='ocrx_word' id='word_1_99' title='bbox 1119 1311 1330 1382; x_wconf 77' lang='lat' dir='ltr'><strong>potest?</strong></span> <span class='ocrx_word' id='word_1_100' title='bbox 1360 1311 1525 1381; x_wconf 68' lang='lat' dir='ltr'><strong>Igitur</strong></span> <span class='ocrx_word' id='word_1_101' title='bbox 1557 1327 1657 1380; x_wconf 67' lang='lat' dir='ltr'><strong>ego</strong></span> <span class='ocrx_word' id='word_1_102' title='bbox 1698 1311 1825 1379; x_wconf 82' lang='lat' dir='ltr'><strong>qui-</strong></span> 
     </span>
    </p>
   </div>
   <div class='ocr_carea' id='block_1_17' title="bbox 237 1399 1822 1460">
    <p class='ocr_par' dir='ltr' id='par_1_17' title="bbox 237 1399 1822 1460">
     <span class='ocr_line' id='line_1_17' title="bbox 237 1399 1822 1460; baseline 0.006 -11"><span class='ocrx_word' id='word_1_103' title='bbox 237 1399 359 1451; x_wconf 80' lang='lat' dir='ltr'><strong>dein</strong></span> <span class='ocrx_word' id='word_1_104' title='bbox 392 1401 536 1455; x_wconf 86' lang='lat' dir='ltr'><strong>istud</strong></span> <span class='ocrx_word' id='word_1_105' title='bbox 572 1402 724 1455; x_wconf 89' lang='lat' dir='ltr'><strong>multi</strong></span> <span class='ocrx_word' id='word_1_106' title='bbox 774 1402 982 1458; x_wconf 79' lang='lat' dir='ltr'><strong>faciens</strong></span> <span class='ocrx_word' id='word_1_107' title='bbox 1013 1405 1197 1459; x_wconf 88' lang='lat' dir='ltr'><strong>divina</strong></span> <span class='ocrx_word' id='word_1_108' title='bbox 1231 1404 1346 1459; x_wconf 52' lang='lat' dir='ltr'><strong>hinc</strong></span> <span class='ocrx_word' id='word_1_109' title='bbox 1378 1406 1538 1459; x_wconf 89' lang='lat' dir='ltr'><strong>verba</strong></span> <span class='ocrx_word' id='word_1_110' title='bbox 1579 1405 1702 1458; x_wconf 85' lang='lat' dir='ltr'><strong>dico</strong></span> <span class='ocrx_word' id='word_1_111' title='bbox 1730 1421 1822 1460; x_wconf 87' lang='lat' dir='ltr'><strong>as-</strong></span> 
     </span>
    </p>
   </div>
   <div class='ocr_carea' id='block_1_18' title="bbox 238 1491 1823 1565">
    <p class='ocr_par' dir='ltr' id='par_1_18' title="bbox 238 1491 1823 1565">
     <span class='ocr_line' id='line_1_18' title="bbox 238 1491 1823 1565; baseline 0.004 -21"><span class='ocrx_word' id='word_1_112' title='bbox 238 1491 419 1558; x_wconf 81' lang='lat' dir='ltr'><strong>s&#39;due,</strong></span> <span class='ocrx_word' id='word_1_113' title='bbox 471 1495 784 1564; x_wconf 89' lang='lat' dir='ltr'><strong>multosque</strong></span> <span class='ocrx_word' id='word_1_114' title='bbox 835 1497 902 1551; x_wconf 89' lang='lat' dir='ltr'><strong>ad</strong></span> <span class='ocrx_word' id='word_1_115' title='bbox 971 1498 1076 1552; x_wconf 88' lang='lat' dir='ltr'><strong>hoc</strong></span> <span class='ocrx_word' id='word_1_116' title='bbox 1107 1495 1327 1550; x_wconf 76' lang='lat' dir='ltr'><strong>incitavi</strong></span> <span class='ocrx_word' id='word_1_117' title='bbox 1361 1506 1421 1550; x_wconf 93' lang='lat' dir='ltr'><strong>ut</strong></span> <span class='ocrx_word' id='word_1_118' title='bbox 1473 1505 1527 1551; x_wconf 86' lang='lat' dir='ltr'><strong>et</strong></span> <span class='ocrx_word' id='word_1_119' title='bbox 1572 1497 1675 1565; x_wconf 91' lang='lat' dir='ltr'><strong>ipsi</strong></span> <span class='ocrx_word' id='word_1_120' title='bbox 1730 1496 1823 1550; x_wconf 88' lang='lat' dir='ltr'><strong>illa</strong></span> 
     </span>
    </p>
   </div>
   <div class='ocr_carea' id='block_1_19' title="bbox 1933 387 3508 470">
    <p class='ocr_par' dir='ltr' id='par_1_19' title="bbox 1933 387 3508 470">
     <span class='ocr_line' id='line_1_19' title="bbox 1933 387 3508 470; baseline 0.011 -31"><span class='ocrx_word' id='word_1_121' title='bbox 1933 387 2287 458; x_wconf 70' lang='grc' dir='ltr'><strong>ὑπομείναντι</strong></span> <span class='ocrx_word' id='word_1_122' title='bbox 2314 409 2330 424; x_wconf 74' lang='grc' dir='ltr'><strong><em>ο</em></strong></span> <span class='ocrx_word' id='word_1_123' title='bbox 2362 393 2497 465; x_wconf 84' lang='grc' dir='ltr'>ὅπερ</span> <span class='ocrx_word' id='word_1_124' title='bbox 2545 397 2641 448; x_wconf 77' lang='grc' dir='ltr'><strong>καὶ</strong></span> <span class='ocrx_word' id='word_1_125' title='bbox 2690 397 2777 450; x_wconf 72' lang='grc' dir='ltr'>διὰ</span> <span class='ocrx_word' id='word_1_126' title='bbox 2820 397 2912 451; x_wconf 77' lang='grc' dir='ltr'>τοῦ</span> <span class='ocrx_word' id='word_1_127' title='bbox 2957 399 3190 470; x_wconf 79' lang='grc' dir='ltr'>σταυροῦ</span> <span class='ocrx_word' id='word_1_128' title='bbox 3228 401 3254 452; x_wconf 85' lang='grc' dir='ltr'><strong>ό</strong></span> <span class='ocrx_word' id='word_1_129' title='bbox 3289 403 3508 470; x_wconf 73' lang='grc' dir='ltr'>ἀνυψῶν</span> 
     </span>
    </p>
   </div>
   <div class='ocr_carea' id='block_1_20' title="bbox 1931 479 3508 559">
    <p class='ocr_par' dir='ltr' id='par_1_20' title="bbox 1931 479 3508 559">
     <span class='ocr_line' id='line_1_20' title="bbox 1931 479 3508 559; baseline 0.01 -28"><span class='ocrx_word' id='word_1_130' title='bbox 1931 479 2176 533; x_wconf 79' lang='grc' dir='ltr'>ἐκτυποῖ.</span> <span class='ocrx_word' id='word_1_131' title='bbox 2216 481 2273 534; x_wconf 88' lang='grc' dir='ltr'><strong>Ὀ</strong></span> <span class='ocrx_word' id='word_1_132' title='bbox 2315 482 2478 553; x_wconf 81' lang='grc' dir='ltr'><strong>ἄρτος</strong></span> <span class='ocrx_word' id='word_1_133' title='bbox 2515 481 2610 538; x_wconf 75' lang='grc' dir='ltr'><strong>οὖν</strong></span> <span class='ocrx_word' id='word_1_134' title='bbox 2641 480 2816 551; x_wconf 63' lang='grc' dir='ltr'>οὗτος,</span> <span class='ocrx_word' id='word_1_135' title='bbox 2851 488 2926 553; x_wconf 85' lang='grc' dir='ltr'>ὡς</span> <span class='ocrx_word' id='word_1_136' title='bbox 2956 491 3170 559; x_wconf 75' lang='grc' dir='ltr'>καὶτῆς</span> <span class='ocrx_word' id='word_1_137' title='bbox 3205 491 3355 555; x_wconf 87' lang='grc' dir='ltr'>θείας</span> <span class='ocrx_word' id='word_1_138' title='bbox 3385 493 3508 547; x_wconf 77' lang='grc' dir='ltr'><strong>ὀνο⁴</strong></span> 
     </span>
    </p>
   </div>
   <div class='ocr_carea' id='block_1_21' title="bbox 1934 573 3508 653">
    <p class='ocr_par' dir='ltr' id='par_1_21' title="bbox 1934 573 3508 653">
     <span class='ocr_line' id='line_1_21' title="bbox 1934 573 3508 653; baseline 0.009 -29"><span class='ocrx_word' id='word_1_139' title='bbox 1934 573 2138 640; x_wconf 86' lang='grc' dir='ltr'>μασίας</span> <span class='ocrx_word' id='word_1_140' title='bbox 2162 574 2246 627; x_wconf 80' lang='grc' dir='ltr'>ἐπ’</span> <span class='ocrx_word' id='word_1_141' title='bbox 2272 576 2420 645; x_wconf 85' lang='grc' dir='ltr'>αὑτῷ</span> <span class='ocrx_word' id='word_1_142' title='bbox 2450 579 2766 648; x_wconf 78' lang='grc' dir='ltr'><strong>γινομένης,</strong></span> <span class='ocrx_word' id='word_1_143' title='bbox 2793 580 2887 633; x_wconf 75' lang='grc' dir='ltr'><strong>καῖ</strong></span> <span class='ocrx_word' id='word_1_144' title='bbox 2919 581 2975 647; x_wconf 78' lang='grc' dir='ltr'>ἐξ</span> <span class='ocrx_word' id='word_1_145' title='bbox 3005 582 3180 652; x_wconf 79' lang='grc' dir='ltr'>ἀρχῆς</span> <span class='ocrx_word' id='word_1_146' title='bbox 3211 587 3310 653; x_wconf 81' lang='grc' dir='ltr'>τῆς</span> <span class='ocrx_word' id='word_1_147' title='bbox 3345 601 3508 638; x_wconf 83' lang='grc' dir='ltr'>σταυ-</span> 
     </span>
    </p>
   </div>
   <div class='ocr_carea' id='block_1_22' title="bbox 1933 666 3508 746">
    <p class='ocr_par' dir='ltr' id='par_1_22' title="bbox 1933 666 3508 746">
     <span class='ocr_line' id='line_1_22' title="bbox 1933 666 3508 746; baseline 0.008 -28"><span class='ocrx_word' id='word_1_148' title='bbox 1933 666 2093 736; x_wconf 84' lang='grc' dir='ltr'>ρικῆς</span> <span class='ocrx_word' id='word_1_149' title='bbox 2121 669 2417 737; x_wconf 79' lang='grc' dir='ltr'><strong>σφραγῖδος</strong></span> <span class='ocrx_word' id='word_1_150' title='bbox 2442 672 2537 724; x_wconf 71' lang='grc' dir='ltr'><strong>καὶ</strong></span> <span class='ocrx_word' id='word_1_151' title='bbox 2576 673 2739 726; x_wconf 77' lang='grc' dir='ltr'>πάλιν</span> <span class='ocrx_word' id='word_1_152' title='bbox 2773 672 3002 742; x_wconf 73' lang='grc' dir='ltr'>ὓστερον</span> <span class='ocrx_word' id='word_1_153' title='bbox 3031 677 3125 730; x_wconf 74' lang='grc' dir='ltr'>καὶ</span> <span class='ocrx_word' id='word_1_154' title='bbox 3181 677 3277 746; x_wconf 83' lang='grc' dir='ltr'>τῆς</span> <span class='ocrx_word' id='word_1_155' title='bbox 3318 678 3508 731; x_wconf 82' lang='grc' dir='ltr'>Θεοτό-</span> 
     </span>
    </p>
   </div>
   <div class='ocr_carea' id='block_1_23' title="bbox 1930 759 3508 837">
    <p class='ocr_par' dir='ltr' id='par_1_23' title="bbox 1930 759 3508 837">
     <span class='ocr_line' id='line_1_23' title="bbox 1930 759 3508 837; baseline 0.008 -26"><span class='ocrx_word' id='word_1_156' title='bbox 1930 776 2028 811; x_wconf 89' lang='grc' dir='ltr'><strong>κου</strong></span> <span class='ocrx_word' id='word_1_157' title='bbox 2070 759 2158 810; x_wconf 77' lang='grc' dir='ltr'><strong>ἐπ’</strong></span> <span class='ocrx_word' id='word_1_158' title='bbox 2189 760 2334 831; x_wconf 82' lang='grc' dir='ltr'>αὑτῷ</span> <span class='ocrx_word' id='word_1_159' title='bbox 2363 763 2863 835; x_wconf 81' lang='grc' dir='ltr'>ἀνακηρυχθείσης,</span> <span class='ocrx_word' id='word_1_160' title='bbox 2893 767 2988 819; x_wconf 68' lang='grc' dir='ltr'>καὶ</span> <span class='ocrx_word' id='word_1_161' title='bbox 3033 766 3135 835; x_wconf 79' lang='grc' dir='ltr'>τῆς</span> <span class='ocrx_word' id='word_1_162' title='bbox 3174 767 3508 837; x_wconf 80' lang='grc' dir='ltr'>σαρκώσεως</span> 
     </span>
    </p>
   </div>
   <div class='ocr_carea' id='block_1_24' title="bbox 1928 852 3509 930">
    <p class='ocr_par' dir='ltr' id='par_1_24' title="bbox 1928 852 3509 930">
     <span class='ocr_line' id='line_1_24' title="bbox 1928 852 3509 930; baseline 0.006 -25"><span class='ocrx_word' id='word_1_163' title='bbox 1928 852 2022 905; x_wconf 82' lang='grc' dir='ltr'>τοῦ</span> <span class='ocrx_word' id='word_1_164' title='bbox 2077 852 2253 919; x_wconf 81' lang='grc' dir='ltr'><strong>Λόγου</strong></span> <span class='ocrx_word' id='word_1_165' title='bbox 2306 855 2825 927; x_wconf 80' lang='grc' dir='ltr'>ἁνομολογηθείσης,</span> <span class='ocrx_word' id='word_1_166' title='bbox 2883 860 3116 929; x_wconf 72' lang='grc' dir='ltr'>καὶτῆς</span> <span class='ocrx_word' id='word_1_167' title='bbox 3163 860 3509 930; x_wconf 84' lang='grc' dir='ltr'>Θεομήτορος</span> 
     </span>
    </p>
   </div>
   <div class='ocr_carea' id='block_1_25' title="bbox 1929 944 3503 1020">
    <p class='ocr_par' dir='ltr' id='par_1_25' title="bbox 1929 944 3503 1020">
     <span class='ocr_line' id='line_1_25' title="bbox 1929 944 3503 1020; baseline 0.005 -22"><span class='ocrx_word' id='word_1_168' title='bbox 1929 944 2102 1014; x_wconf 81' lang='grc' dir='ltr'>αὑτῆς</span> <span class='ocrx_word' id='word_1_169' title='bbox 2137 945 2216 1008; x_wconf 84' lang='grc' dir='ltr'><strong>είς</strong></span> <span class='ocrx_word' id='word_1_170' title='bbox 2259 945 2515 1015; x_wconf 83' lang='grc' dir='ltr'>βοήθειαν</span> <span class='ocrx_word' id='word_1_171' title='bbox 2544 948 2958 1020; x_wconf 85' lang='grc' dir='ltr'>ἐπικληθείσης,</span> <span class='ocrx_word' id='word_1_172' title='bbox 2989 951 3202 1020; x_wconf 75' lang='grc' dir='ltr'>μεγαλα</span> <span class='ocrx_word' id='word_1_173' title='bbox 3245 953 3503 1006; x_wconf 68' lang='grc' dir='ltr'>δύναται*</span> 
     </span>
    </p>
   </div>
   <div class='ocr_carea' id='block_1_26' title="bbox 1930 1039 3504 1113">
    <p class='ocr_par' dir='ltr' id='par_1_26' title="bbox 1930 1039 3504 1113">
     <span class='ocr_line' id='line_1_26' title="bbox 1930 1039 3504 1113; baseline 0.004 -22"><span class='ocrx_word' id='word_1_174' title='bbox 1930 1039 2022 1092; x_wconf 75' lang='grc' dir='ltr'><strong>καὶ</strong></span> <span class='ocrx_word' id='word_1_175' title='bbox 2061 1039 2274 1092; x_wconf 80' lang='grc' dir='ltr'>πολλῶν</span> <span class='ocrx_word' id='word_1_176' title='bbox 2307 1040 2495 1108; x_wconf 75' lang='grc' dir='ltr'>ῥύεται.</span> <span class='ocrx_word' id='word_1_177' title='bbox 2557 1041 2745 1095; x_wconf 87' lang='grc' dir='ltr'>δεινῶν</span> <span class='ocrx_word' id='word_1_178' title='bbox 2769 1062 2782 1077; x_wconf 78' lang='grc' dir='ltr'><strong><em>ο</em></strong></span> <span class='ocrx_word' id='word_1_179' title='bbox 2819 1043 3056 1112; x_wconf 68' lang='grc' dir='ltr'>μᾶιλιστα</span> <span class='ocrx_word' id='word_1_180' title='bbox 3082 1045 3137 1099; x_wconf 85' lang='grc' dir='ltr'><strong>δέ</strong></span> <span class='ocrx_word' id='word_1_181' title='bbox 3167 1064 3231 1113; x_wconf 87' lang='grc' dir='ltr'><strong>γε</strong></span> <span class='ocrx_word' id='word_1_182' title='bbox 3264 1048 3504 1110; x_wconf 74' lang='grc' dir='ltr'>πάντων,</span> 
     </span>
    </p>
   </div>
   <div class='ocr_carea' id='block_1_27' title="bbox 1929 1133 3506 1205">
    <p class='ocr_par' dir='ltr' id='par_1_27' title="bbox 1929 1133 3506 1205">
     <span class='ocr_line' id='line_1_27' title="bbox 1929 1133 3506 1205; baseline 0.004 -22"><span class='ocrx_word' id='word_1_183' title='bbox 1929 1133 2024 1184; x_wconf 67' lang='grc' dir='ltr'><strong>καὶ</strong></span> <span class='ocrx_word' id='word_1_184' title='bbox 2059 1133 2273 1185; x_wconf 77' lang='grc' dir='ltr'>πάντων</span> <span class='ocrx_word' id='word_1_185' title='bbox 2310 1135 2575 1204; x_wconf 78' lang='grc' dir='ltr'>ἐκπληροῖ</span> <span class='ocrx_word' id='word_1_186' title='bbox 2603 1135 2881 1205; x_wconf 77' lang='grc' dir='ltr'>χρηστῶν,</span> <span class='ocrx_word' id='word_1_187' title='bbox 2910 1139 3001 1189; x_wconf 71' lang='grc' dir='ltr'>καὶ</span> <span class='ocrx_word' id='word_1_188' title='bbox 3035 1137 3196 1202; x_wconf 75' lang='grc' dir='ltr'>σώζει</span> <span class='ocrx_word' id='word_1_189' title='bbox 3223 1138 3506 1205; x_wconf 76' lang='grc' dir='ltr'><strong>διηνεκῶς.</strong></span> 
     </span>
    </p>
   </div>
   <div class='ocr_carea' id='block_1_28' title="bbox 1929 1225 3510 1300">
    <p class='ocr_par' dir='ltr' id='par_1_28' title="bbox 1929 1225 3510 1300">
     <span class='ocr_line' id='line_1_28' title="bbox 1929 1225 3510 1300; baseline 0.003 -24"><span class='ocrx_word' id='word_1_190' title='bbox 1929 1225 2132 1294; x_wconf 87' lang='grc' dir='ltr'>Διόπερ</span> <span class='ocrx_word' id='word_1_191' title='bbox 2161 1226 2257 1278; x_wconf 77' lang='grc' dir='ltr'>καὶ</span> <span class='ocrx_word' id='word_1_192' title='bbox 2292 1228 2348 1278; x_wconf 85' lang='grc' dir='ltr'><strong>ἐν</strong></span> <span class='ocrx_word' id='word_1_193' title='bbox 2379 1228 2566 1296; x_wconf 75' lang='grc' dir='ltr'>ἡμέρᾳ</span> <span class='ocrx_word' id='word_1_194' title='bbox 2604 1229 2698 1280; x_wconf 71' lang='grc' dir='ltr'>καὶ</span> <span class='ocrx_word' id='word_1_195' title='bbox 2739 1230 2794 1280; x_wconf 82' lang='grc' dir='ltr'><strong>ἐν</strong></span> <span class='ocrx_word' id='word_1_196' title='bbox 2829 1229 2988 1281; x_wconf 73' lang='grc' dir='ltr'>νυκτὶ</span> <span class='ocrx_word' id='word_1_197' title='bbox 3014 1231 3109 1281; x_wconf 77' lang='grc' dir='ltr'><strong>καὶ</strong></span> <span class='ocrx_word' id='word_1_198' title='bbox 3137 1231 3192 1281; x_wconf 83' lang='grc' dir='ltr'><strong>ἐν</strong></span> <span class='ocrx_word' id='word_1_199' title='bbox 3222 1230 3368 1300; x_wconf 82' lang='grc' dir='ltr'>πάσῃ</span> <span class='ocrx_word' id='word_1_200' title='bbox 3391 1228 3510 1299; x_wconf 81' lang='grc' dir='ltr'><strong>ῶρᾳ</strong></span> 
     </span>
    </p>
   </div>
   <div class='ocr_carea' id='block_1_29' title="bbox 1931 1317 3508 1391">
    <p class='ocr_par' dir='ltr' id='par_1_29' title="bbox 1931 1317 3508 1391">
     <span class='ocr_line' id='line_1_29' title="bbox 1931 1317 3508 1391; baseline 0.004 -23"><span class='ocrx_word' id='word_1_201' title='bbox 1931 1317 2119 1386; x_wconf 83' lang='grc' dir='ltr'>σχεδὸν</span> <span class='ocrx_word' id='word_1_202' title='bbox 2149 1317 2307 1370; x_wconf 81' lang='grc' dir='ltr'>τοῦτο</span> <span class='ocrx_word' id='word_1_203' title='bbox 2341 1318 2421 1371; x_wconf 84' lang='grc' dir='ltr'><strong>δεῖ</strong></span> <span class='ocrx_word' id='word_1_204' title='bbox 2456 1323 2626 1374; x_wconf 79' lang='grc' dir='ltr'>ποιεῖν</span> <span class='ocrx_word' id='word_1_205' title='bbox 2681 1323 2854 1391; x_wconf 81' lang='grc' dir='ltr'>ἡμᾶς,</span> <span class='ocrx_word' id='word_1_206' title='bbox 2900 1324 2997 1376; x_wconf 66' lang='grc' dir='ltr'><strong>καὶ</strong></span> <span class='ocrx_word' id='word_1_207' title='bbox 3048 1323 3135 1374; x_wconf 76' lang='grc' dir='ltr'><strong>ἀεὶ</strong></span> <span class='ocrx_word' id='word_1_208' title='bbox 3170 1322 3375 1381; x_wconf 80' lang='grc' dir='ltr'>ταύτας</span> <span class='ocrx_word' id='word_1_209' title='bbox 3407 1323 3508 1384; x_wconf 70' lang='grc' dir='ltr'>τὰς</span> 
     </span>
    </p>
   </div>
   <div class='ocr_carea' id='block_1_30' title="bbox 1930 1409 3507 1483">
    <p class='ocr_par' dir='ltr' id='par_1_30' title="bbox 1930 1409 3507 1483">
     <span class='ocr_line' id='line_1_30' title="bbox 1930 1409 3507 1483; baseline 0.002 -22"><span class='ocrx_word' id='word_1_210' title='bbox 1930 1409 2114 1478; x_wconf 74' lang='grc' dir='ltr'>φωνὰς</span> <span class='ocrx_word' id='word_1_211' title='bbox 2139 1411 2359 1483; x_wconf 80' lang='grc' dir='ltr'>ὲκῦοᾷν,</span> <span class='ocrx_word' id='word_1_212' title='bbox 2395 1414 2488 1465; x_wconf 76' lang='grc' dir='ltr'><strong>καὶ</strong></span> <span class='ocrx_word' id='word_1_213' title='bbox 2521 1413 2843 1482; x_wconf 70' lang='grc' dir='ltr'>μεγαλύνειν</span> <span class='ocrx_word' id='word_1_214' title='bbox 2880 1415 2980 1482; x_wconf 77' lang='grc' dir='ltr'><strong>τὴν</strong></span> <span class='ocrx_word' id='word_1_215' title='bbox 3011 1414 3248 1482; x_wconf 81' lang='grc' dir='ltr'>Τριάδα,</span> <span class='ocrx_word' id='word_1_216' title='bbox 3293 1415 3386 1466; x_wconf 66' lang='grc' dir='ltr'><strong>καὶ</strong></span> <span class='ocrx_word' id='word_1_217' title='bbox 3410 1415 3507 1482; x_wconf 81' lang='grc' dir='ltr'>τὴν</span> 
     </span>
    </p>
   </div>
   <div class='ocr_carea' id='block_1_31' title="bbox 1927 1502 3507 1577">
    <p class='ocr_par' dir='ltr' id='par_1_31' title="bbox 1927 1502 3507 1577">
     <span class='ocr_line' id='line_1_31' title="bbox 1927 1502 3507 1577; baseline 0.003 -22"><span class='ocrx_word' id='word_1_218' title='bbox 1927 1502 2190 1556; x_wconf 86' lang='grc' dir='ltr'>Θεοτόκον</span> <span class='ocrx_word' id='word_1_219' title='bbox 2227 1506 2606 1558; x_wconf 84' lang='grc' dir='ltr'>ἐπικαλεῖσθαι</span> <span class='ocrx_word' id='word_1_220' title='bbox 2646 1507 2722 1569; x_wconf 84' lang='grc' dir='ltr'><strong>είς</strong></span> <span class='ocrx_word' id='word_1_221' title='bbox 2758 1506 3014 1576; x_wconf 80' lang='grc' dir='ltr'>βοήθειαν</span> <span class='ocrx_word' id='word_1_222' title='bbox 3039 1524 3056 1540; x_wconf 78' lang='grc' dir='ltr'><strong><em>ο</em></strong></span> <span class='ocrx_word' id='word_1_223' title='bbox 3085 1509 3168 1561; x_wconf 75' lang='grc' dir='ltr'><strong>ὅτι</strong></span> <span class='ocrx_word' id='word_1_224' title='bbox 3191 1508 3269 1568; x_wconf 80' lang='grc' dir='ltr'><strong>τίς</strong></span> <span class='ocrx_word' id='word_1_225' title='bbox 3310 1506 3507 1577; x_wconf 77' lang='grc' dir='ltr'>μείζων</span> 
     </span>
    </p>
   </div>
   <div class='ocr_carea' id='block_1_32' title="bbox 237 1583 1838 1688">
    <p class='ocr_par' dir='ltr' id='par_1_32' title="bbox 237 1583 1825 1652">
     <span class='ocr_line' id='line_1_32' title="bbox 237 1583 1825 1652; baseline 0.005 -14"><span class='ocrx_word' id='word_1_226' title='bbox 237 1583 422 1640; x_wconf 85' lang='lat' dir='ltr'><strong>dicant</strong></span> <span class='ocrx_word' id='word_1_227' title='bbox 451 1588 695 1652; x_wconf 80' lang='lat' dir='ltr'><strong>assidue,</strong></span> <span class='ocrx_word' id='word_1_228' title='bbox 717 1598 772 1642; x_wconf 90' lang='lat' dir='ltr'><strong>et</strong></span> <span class='ocrx_word' id='word_1_229' title='bbox 799 1604 895 1644; x_wconf 85' lang='lat' dir='ltr'><strong>vos</strong></span> <span class='ocrx_word' id='word_1_230' title='bbox 929 1591 1084 1646; x_wconf 87' lang='lat' dir='ltr'><strong>scitis</strong></span> <span class='ocrx_word' id='word_1_231' title='bbox 1121 1607 1204 1646; x_wconf 85' lang='lat' dir='ltr'><strong>me</strong></span> <span class='ocrx_word' id='word_1_232' title='bbox 1236 1591 1289 1645; x_wconf 91' lang='lat' dir='ltr'><strong>in</strong></span> <span class='ocrx_word' id='word_1_233' title='bbox 1317 1590 1591 1646; x_wconf 81' lang='lat' dir='ltr'><strong>universis</strong></span> <span class='ocrx_word' id='word_1_234' title='bbox 1649 1590 1825 1646; x_wconf 87' lang='lat' dir='ltr'><strong>eccle-</strong></span> 
     </span>
    </p>
   </div>
   <div class='ocr_carea' id='block_1_33' title="bbox 1930 1583 3507 1688">
    <p class='ocr_par' dir='ltr' id='par_1_33' title="bbox 1930 1593 3507 1670">
     <span class='ocr_line' id='line_1_33' title="bbox 1930 1593 3507 1670; baseline 0.003 -24"><span class='ocrx_word' id='word_1_235' title='bbox 1930 1593 2028 1663; x_wconf 83' lang='grc' dir='ltr'><strong>τῆς</strong></span> <span class='ocrx_word' id='word_1_236' title='bbox 2056 1594 2306 1664; x_wconf 73' lang='grc' dir='ltr'><strong>βοηθείας</strong></span> <span class='ocrx_word' id='word_1_237' title='bbox 2341 1596 2513 1665; x_wconf 74' lang='grc' dir='ltr'>αὐτῆς</span> <span class='ocrx_word' id='word_1_238' title='bbox 2535 1616 2548 1663; x_wconf 92' lang='grc'>;</span> <span class='ocrx_word' id='word_1_239' title='bbox 2569 1599 2600 1667; x_wconf 76' lang='grc' dir='ltr'>ἢ</span> <span class='ocrx_word' id='word_1_240' title='bbox 2620 1600 2702 1662; x_wconf 87' lang='grc' dir='ltr'><strong>τίς</strong></span> <span class='ocrx_word' id='word_1_241' title='bbox 2733 1600 3055 1670; x_wconf 67' lang='grc' dir='ltr'>παρρησίαν</span> <span class='ocrx_word' id='word_1_242' title='bbox 3077 1600 3274 1667; x_wconf 78' lang='grc' dir='ltr'>ἔχουσα</span> <span class='ocrx_word' id='word_1_243' title='bbox 3300 1601 3507 1668; x_wconf 79' lang='grc' dir='ltr'>μείζω;</span> 
     </span>
    </p>
   </div>
   <div class='ocr_carea' id='block_1_34' title="bbox 239 1678 1822 1752">
    <p class='ocr_par' dir='ltr' id='par_1_34' title="bbox 239 1678 1822 1752">
     <span class='ocr_line' id='line_1_34' title="bbox 239 1678 1822 1752; baseline 0.005 -22"><span class='ocrx_word' id='word_1_244' title='bbox 239 1678 338 1731; x_wconf 85' lang='lat' dir='ltr'><strong>siis</strong></span> <span class='ocrx_word' id='word_1_245' title='bbox 367 1679 694 1747; x_wconf 68' lang='lat' dir='ltr'><strong>praecepisse</strong></span> <span class='ocrx_word' id='word_1_246' title='bbox 725 1681 868 1735; x_wconf 83' lang='lat' dir='ltr'><strong>istud</strong></span> <span class='ocrx_word' id='word_1_247' title='bbox 926 1683 1172 1752; x_wconf 87' lang='lat' dir='ltr'><strong>quotidie</strong></span> <span class='ocrx_word' id='word_1_248' title='bbox 1221 1682 1424 1748; x_wconf 80' lang='lat' dir='ltr'><strong>facere,</strong></span> <span class='ocrx_word' id='word_1_249' title='bbox 1458 1692 1512 1737; x_wconf 91' lang='lat' dir='ltr'><strong>et</strong></span> <span class='ocrx_word' id='word_1_250' title='bbox 1564 1684 1618 1737; x_wconf 88' lang='lat' dir='ltr'><strong>in</strong></span> <span class='ocrx_word' id='word_1_251' title='bbox 1671 1683 1822 1738; x_wconf 91' lang='lat' dir='ltr'><strong>omni</strong></span> 
     </span>
    </p>
   </div>
   <div class='ocr_carea' id='block_1_35' title="bbox 239 1773 1821 1846">
    <p class='ocr_par' dir='ltr' id='par_1_35' title="bbox 239 1773 1821 1846">
     <span class='ocr_line' id='line_1_35' title="bbox 239 1773 1821 1846; baseline 0.006 -24"><span class='ocrx_word' id='word_1_252' title='bbox 239 1773 514 1826; x_wconf 78' lang='lat' dir='ltr'><strong>tiiatutino</strong></span> <span class='ocrx_word' id='word_1_253' title='bbox 559 1773 738 1828; x_wconf 78' lang='lat' dir='ltr'><strong>oﬂicio</strong></span> <span class='ocrx_word' id='word_1_254' title='bbox 792 1785 916 1845; x_wconf 87' lang='lat' dir='ltr'><strong>post</strong></span> <span class='ocrx_word' id='word_1_255' title='bbox 980 1776 1143 1836; x_wconf 82' lang='lat' dir='ltr'><strong>linem</strong></span> <span class='ocrx_word' id='word_1_256' title='bbox 1182 1778 1330 1831; x_wconf 66' lang='lat' dir='ltr'><strong>horae</strong></span> <span class='ocrx_word' id='word_1_257' title='bbox 1379 1792 1561 1842; x_wconf 67' lang='lat' dir='ltr'><strong>nouae,</strong></span> <span class='ocrx_word' id='word_1_258' title='bbox 1627 1792 1821 1846; x_wconf 88' lang='lat' dir='ltr'><strong>panem</strong></span> 
     </span>
    </p>
   </div>
   <div class='ocr_carea' id='block_1_36' title="bbox 244 1863 1825 1940">
    <p class='ocr_par' dir='ltr' id='par_1_36' title="bbox 244 1863 1825 1940">
     <span class='ocr_line' id='line_1_36' title="bbox 244 1863 1825 1940; baseline 0.008 -26"><span class='ocrx_word' id='word_1_259' title='bbox 244 1863 391 1917; x_wconf 78' lang='lat' dir='ltr'><strong>linnc</strong></span> <span class='ocrx_word' id='word_1_260' title='bbox 419 1864 471 1917; x_wconf 91' lang='lat' dir='ltr'><strong>in</strong></span> <span class='ocrx_word' id='word_1_261' title='bbox 500 1864 672 1919; x_wconf 84' lang='lat' dir='ltr'><strong>altum</strong></span> <span class='ocrx_word' id='word_1_262' title='bbox 702 1879 732 1918; x_wconf 89' lang='lat' dir='ltr'><strong>a</strong></span> <span class='ocrx_word' id='word_1_263' title='bbox 763 1868 1055 1923; x_wconf 87' lang='lat' dir='ltr'><strong>sacerdote</strong></span> <span class='ocrx_word' id='word_1_264' title='bbox 1113 1870 1356 1934; x_wconf 82' lang='lat' dir='ltr'><strong>sustolli,</strong></span> <span class='ocrx_word' id='word_1_265' title='bbox 1420 1880 1825 1940; x_wconf 81' lang='lat' dir='ltr'><strong>consuetasque</strong></span> 
     </span>
    </p>
   </div>
   <div class='ocr_carea' id='block_1_37' title="bbox 239 1956 1825 2029">
    <p class='ocr_par' dir='ltr' id='par_1_37' title="bbox 239 1956 1825 2029">
     <span class='ocr_line' id='line_1_37' title="bbox 239 1956 1825 2029; baseline 0.008 -22"><span class='ocrx_word' id='word_1_266' title='bbox 239 1956 349 2009; x_wconf 88' lang='lat' dir='ltr'><strong>dici</strong></span> <span class='ocrx_word' id='word_1_267' title='bbox 381 1971 569 2012; x_wconf 86' lang='lat' dir='ltr'><strong>sacras</strong></span> <span class='ocrx_word' id='word_1_268' title='bbox 595 1960 693 2014; x_wconf 87' lang='lat' dir='ltr'><strong>has</strong></span> <span class='ocrx_word' id='word_1_269' title='bbox 726 1973 916 2027; x_wconf 87' lang='lat' dir='ltr'><strong>preces</strong></span> <span class='ocrx_word' id='word_1_270' title='bbox 941 1977 970 2016; x_wconf 89' lang='lat' dir='ltr'><strong>a</strong></span> <span class='ocrx_word' id='word_1_271' title='bbox 1013 1962 1268 2017; x_wconf 83' lang='lat' dir='ltr'><strong>Patribus</strong></span> <span class='ocrx_word' id='word_1_272' title='bbox 1302 1963 1554 2029; x_wconf 87' lang='lat' dir='ltr'><strong>traditas,</strong></span> <span class='ocrx_word' id='word_1_273' title='bbox 1590 1965 1645 2018; x_wconf 89' lang='lat' dir='ltr'><strong>in</strong></span> <span class='ocrx_word' id='word_1_274' title='bbox 1693 1979 1825 2019; x_wconf 91' lang='lat' dir='ltr'><strong>con-</strong></span> 
     </span>
    </p>
   </div>
   <div class='ocr_carea' id='block_1_38' title="bbox 239 2048 1821 2112">
    <p class='ocr_par' dir='ltr' id='par_1_38' title="bbox 239 2048 1821 2112">
     <span class='ocr_line' id='line_1_38' title="bbox 239 2048 1821 2112; baseline 0.007 -11"><span class='ocrx_word' id='word_1_275' title='bbox 239 2048 540 2104; x_wconf 80' lang='lat' dir='ltr'><strong>fessionem</strong></span> <span class='ocrx_word' id='word_1_276' title='bbox 600 2062 805 2106; x_wconf 77' lang='lat' dir='ltr'><strong>sanctae</strong></span> <span class='ocrx_word' id='word_1_277' title='bbox 863 2052 1151 2108; x_wconf 89' lang='lat' dir='ltr'><strong>Trinitatis</strong></span> <span class='ocrx_word' id='word_1_278' title='bbox 1209 2057 1371 2111; x_wconf 89' lang='lat' dir='ltr'><strong>unius</strong></span> <span class='ocrx_word' id='word_1_279' title='bbox 1438 2056 1821 2112; x_wconf 87' lang='lat' dir='ltr'><strong>universorum</strong></span> 
     </span>
    </p>
   </div>
   <div class='ocr_carea' id='block_1_39' title="bbox 243 2141 1821 2215">
    <p class='ocr_par' dir='ltr' id='par_1_39' title="bbox 243 2141 1821 2215">
     <span class='ocr_line' id='line_1_39' title="bbox 243 2141 1821 2215; baseline 0.003 -19"><span class='ocrx_word' id='word_1_280' title='bbox 243 2141 337 2198; x_wconf 87' lang='lat' dir='ltr'><strong>Dei</strong></span> <span class='ocrx_word' id='word_1_281' title='bbox 368 2146 565 2212; x_wconf 90' lang='lat' dir='ltr'><strong>nostri,</strong></span> <span class='ocrx_word' id='word_1_282' title='bbox 597 2153 762 2215; x_wconf 90' lang='lat' dir='ltr'><strong>prout</strong></span> <span class='ocrx_word' id='word_1_283' title='bbox 808 2145 1072 2212; x_wconf 78' lang='lat' dir='ltr'><strong>diximus,</strong></span> <span class='ocrx_word' id='word_1_284' title='bbox 1105 2157 1158 2202; x_wconf 89' lang='lat' dir='ltr'><strong>et</strong></span> <span class='ocrx_word' id='word_1_285' title='bbox 1205 2149 1604 2205; x_wconf 83' lang='lat' dir='ltr'><strong>incarnationis</strong></span> <span class='ocrx_word' id='word_1_286' title='bbox 1639 2150 1821 2214; x_wconf 82' lang='lat' dir='ltr'><strong>Verbi,</strong></span> 
     </span>
    </p>
   </div>
   <div class='ocr_carea' id='block_1_40' title="bbox 241 2237 1824 2310">
    <p class='ocr_par' dir='ltr' id='par_1_40' title="bbox 241 2237 1824 2310">
     <span class='ocr_line' id='line_1_40' title="bbox 241 2237 1824 2310; baseline 0.006 -21"><span class='ocrx_word' id='word_1_287' title='bbox 241 2251 456 2291; x_wconf 81' lang='lat' dir='ltr'><strong>necnon</strong></span> <span class='ocrx_word' id='word_1_288' title='bbox 483 2237 540 2292; x_wconf 91' lang='lat' dir='ltr'><strong>in</strong></span> <span class='ocrx_word' id='word_1_289' title='bbox 576 2238 844 2294; x_wconf 89' lang='lat' dir='ltr'><strong>bonorem</strong></span> <span class='ocrx_word' id='word_1_290' title='bbox 871 2238 1062 2295; x_wconf 81' lang='lat' dir='ltr'><strong>Matris</strong></span> <span class='ocrx_word' id='word_1_291' title='bbox 1100 2241 1220 2310; x_wconf 86' lang='lat' dir='ltr'><strong>ejus</strong></span> <span class='ocrx_word' id='word_1_292' title='bbox 1247 2243 1617 2298; x_wconf 71' lang='lat' dir='ltr'><strong>sanctissimae</strong></span> <span class='ocrx_word' id='word_1_293' title='bbox 1647 2243 1824 2298; x_wconf 87' lang='lat' dir='ltr'><strong>solius</strong></span> 
     </span>
    </p>
   </div>
   <div class='ocr_carea' id='block_1_41' title="bbox 241 2332 1822 2405">
    <p class='ocr_par' dir='ltr' id='par_1_41' title="bbox 241 2332 1822 2405">
     <span class='ocr_line' id='line_1_41' title="bbox 241 2332 1822 2405; baseline 0.003 -19"><span class='ocrx_word' id='word_1_294' title='bbox 241 2346 458 2400; x_wconf 89' lang='lat' dir='ltr'><strong>semper</strong></span> <span class='ocrx_word' id='word_1_295' title='bbox 488 2332 722 2402; x_wconf 80' lang='lat' dir='ltr'><strong>virginis</strong></span> <span class='ocrx_word' id='word_1_296' title='bbox 745 2347 982 2401; x_wconf 81' lang='lat' dir='ltr'><strong>vereque</strong></span> <span class='ocrx_word' id='word_1_297' title='bbox 999 2333 1249 2403; x_wconf 66' lang='lat' dir='ltr'><strong>Delparae</strong></span> <span class='ocrx_word' id='word_1_298' title='bbox 1271 2373 1285 2394; x_wconf 91' lang='lat'><em>.</em></span> <span class='ocrx_word' id='word_1_299' title='bbox 1313 2344 1479 2404; x_wconf 87' lang='lat' dir='ltr'><strong>atque</strong></span> <span class='ocrx_word' id='word_1_300' title='bbox 1515 2335 1636 2402; x_wconf 87' lang='lat' dir='ltr'><strong>ejus</strong></span> <span class='ocrx_word' id='word_1_301' title='bbox 1663 2351 1822 2405; x_wconf 88' lang='lat' dir='ltr'><strong>opem</strong></span> 
     </span>
    </p>
   </div>
   <div class='ocr_carea' id='block_1_42' title="bbox 242 2424 1820 2492">
    <p class='ocr_par' dir='ltr' id='par_1_42' title="bbox 242 2424 1820 2492">
     <span class='ocr_line' id='line_1_42' title="bbox 242 2424 1820 2492; baseline 0.003 -15"><span class='ocrx_word' id='word_1_302' title='bbox 242 2424 525 2490; x_wconf 82' lang='lat' dir='ltr'><strong>invocare,</strong></span> <span class='ocrx_word' id='word_1_303' title='bbox 567 2425 828 2492; x_wconf 80' lang='lat' dir='ltr'><strong>quoniam</strong></span> <span class='ocrx_word' id='word_1_304' title='bbox 857 2426 1087 2481; x_wconf 91' lang='lat' dir='ltr'><strong>multum</strong></span> <span class='ocrx_word' id='word_1_305' title='bbox 1124 2443 1190 2482; x_wconf 76' lang='lat' dir='ltr'><strong>ex</strong></span> <span class='ocrx_word' id='word_1_306' title='bbox 1220 2428 1326 2482; x_wconf 88' lang='lat' dir='ltr'><strong>hoc</strong></span> <span class='ocrx_word' id='word_1_307' title='bbox 1371 2428 1690 2483; x_wconf 83' lang='lat' dir='ltr'><strong>invenimus</strong></span> <span class='ocrx_word' id='word_1_308' title='bbox 1721 2431 1820 2482; x_wconf 84' lang='lat' dir='ltr'><strong>ad-</strong></span> 
     </span>
    </p>
   </div>
   <div class='ocr_carea' id='block_1_43' title="bbox 236 2516 1826 2582">
    <p class='ocr_par' dir='ltr' id='par_1_43' title="bbox 236 2516 1826 2582">
     <span class='ocr_line' id='line_1_43' title="bbox 236 2516 1826 2582; baseline 0.006 -18"><span class='ocrx_word' id='word_1_309' title='bbox 236 2516 534 2582; x_wconf 81' lang='lat' dir='ltr'><strong>jutorinm,</strong></span> <span class='ocrx_word' id='word_1_310' title='bbox 564 2516 709 2571; x_wconf 87' lang='lat' dir='ltr'><strong>istud</strong></span> <span class='ocrx_word' id='word_1_311' title='bbox 743 2518 907 2570; x_wconf 87' lang='lat' dir='ltr'><strong>etiam</strong></span> <span class='ocrx_word' id='word_1_312' title='bbox 938 2516 1118 2572; x_wconf 82' lang='lat' dir='ltr'><strong>facere</strong></span> <span class='ocrx_word' id='word_1_313' title='bbox 1156 2519 1354 2574; x_wconf 86' lang='lat' dir='ltr'><strong>mando</strong></span> <span class='ocrx_word' id='word_1_314' title='bbox 1404 2519 1457 2572; x_wconf 92' lang='lat' dir='ltr'><strong>in</strong></span> <span class='ocrx_word' id='word_1_315' title='bbox 1491 2519 1737 2581; x_wconf 81' lang='lat' dir='ltr'><strong>Christo,</strong></span> <span class='ocrx_word' id='word_1_316' title='bbox 1770 2525 1826 2573; x_wconf 91' lang='lat' dir='ltr'><strong>et</strong></span> 
     </span>
    </p>
   </div>
   <div class='ocr_carea' id='block_1_44' title="bbox 245 2609 1828 2680">
    <p class='ocr_par' dir='ltr' id='par_1_44' title="bbox 245 2609 1828 2680">
     <span class='ocr_line' id='line_1_44' title="bbox 245 2609 1828 2680; baseline 0.004 -21"><span class='ocrx_word' id='word_1_317' title='bbox 245 2611 436 2662; x_wconf 70' lang='lat' dir='ltr'><strong>hoitor</strong></span> <span class='ocrx_word' id='word_1_318' title='bbox 466 2618 520 2662; x_wconf 88' lang='lat' dir='ltr'><strong>et</strong></span> <span class='ocrx_word' id='word_1_319' title='bbox 550 2609 830 2679; x_wconf 64' lang='lat' dir='ltr'><strong>pracipio,</strong></span> <span class='ocrx_word' id='word_1_320' title='bbox 867 2625 1077 2680; x_wconf 88' lang='lat' dir='ltr'><strong>vosque</strong></span> <span class='ocrx_word' id='word_1_321' title='bbox 1107 2627 1301 2667; x_wconf 88' lang='lat' dir='ltr'><strong>omnes</strong></span> <span class='ocrx_word' id='word_1_322' title='bbox 1340 2613 1547 2667; x_wconf 75' lang='lat' dir='ltr'><strong>advoco</strong></span> <span class='ocrx_word' id='word_1_323' title='bbox 1576 2612 1629 2666; x_wconf 93' lang='lat' dir='ltr'><strong>in</strong></span> <span class='ocrx_word' id='word_1_324' title='bbox 1677 2612 1828 2667; x_wconf 85' lang='lat' dir='ltr'><strong>salu-</strong></span> 
     </span>
    </p>
   </div>
   <div class='ocr_carea' id='block_1_45' title="bbox 238 2703 1827 2774">
    <p class='ocr_par' dir='ltr' id='par_1_45' title="bbox 238 2703 1827 2774">
     <span class='ocr_line' id='line_1_45' title="bbox 238 2703 1827 2774; baseline 0.005 -21"><span class='ocrx_word' id='word_1_325' title='bbox 238 2709 347 2756; x_wconf 92' lang='lat' dir='ltr'><strong>tem</strong></span> <span class='ocrx_word' id='word_1_326' title='bbox 373 2710 639 2758; x_wconf 86' lang='lat' dir='ltr'><strong>nostram.</strong></span> <span class='ocrx_word' id='word_1_327' title='bbox 667 2703 721 2758; x_wconf 88' lang='lat' dir='ltr'><strong>Si</strong></span> <span class='ocrx_word' id='word_1_328' title='bbox 746 2718 877 2774; x_wconf 77' lang='lat' dir='ltr'><strong>ergo</strong></span> <span class='ocrx_word' id='word_1_329' title='bbox 915 2705 1168 2759; x_wconf 85' lang='lat' dir='ltr'><strong>nonnulli</strong></span> <span class='ocrx_word' id='word_1_330' title='bbox 1189 2721 1217 2760; x_wconf 87' lang='lat' dir='ltr'><strong>a</strong></span> <span class='ocrx_word' id='word_1_331' title='bbox 1243 2705 1347 2759; x_wconf 85' lang='lat' dir='ltr'><strong>ﬁde</strong></span> <span class='ocrx_word' id='word_1_332' title='bbox 1369 2706 1532 2760; x_wconf 83' lang='lat' dir='ltr'><strong>alieni</strong></span> <span class='ocrx_word' id='word_1_333' title='bbox 1576 2720 1736 2760; x_wconf 89' lang='lat' dir='ltr'><strong>mane</strong></span> <span class='ocrx_word' id='word_1_334' title='bbox 1761 2720 1827 2761; x_wconf 88' lang='lat' dir='ltr'><strong>ac</strong></span> 
     </span>
    </p>
   </div>
   <div class='ocr_carea' id='block_1_46' title="bbox 237 2795 1818 2868">
    <p class='ocr_par' dir='ltr' id='par_1_46' title="bbox 237 2795 1818 2868">
     <span class='ocr_line' id='line_1_46' title="bbox 237 2795 1818 2868; baseline 0.004 -24"><span class='ocrx_word' id='word_1_335' title='bbox 237 2809 463 2863; x_wconf 58' lang='lat' dir='ltr'><strong>vespere</strong></span> <span class='ocrx_word' id='word_1_336' title='bbox 493 2810 706 2864; x_wconf 87' lang='lat' dir='ltr'><strong>semper</strong></span> <span class='ocrx_word' id='word_1_337' title='bbox 736 2795 921 2853; x_wconf 84' lang='lat' dir='ltr'><strong>dicere</strong></span> <span class='ocrx_word' id='word_1_338' title='bbox 936 2797 1176 2863; x_wconf 84' lang='lat' dir='ltr'><strong>student,</strong></span> <span class='ocrx_word' id='word_1_339' title='bbox 1203 2817 1221 2850; x_wconf 91' lang='lat'><strong>«</strong></span> <span class='ocrx_word' id='word_1_340' title='bbox 1248 2800 1380 2865; x_wconf 81' lang='lat' dir='ltr'><strong>Ave,</strong></span> <span class='ocrx_word' id='word_1_341' title='bbox 1407 2800 1579 2866; x_wconf 76' lang='lat' dir='ltr'><strong>gratia</strong></span> <span class='ocrx_word' id='word_1_342' title='bbox 1608 2799 1818 2868; x_wconf 62' lang='lat' dir='ltr'><strong>plena,»</strong></span> 
     </span>
    </p>
   </div>
   <div class='ocr_carea' id='block_1_47' title="bbox 237 2888 1822 2963">
    <p class='ocr_par' dir='ltr' id='par_1_47' title="bbox 237 2888 1822 2963">
     <span class='ocr_line' id='line_1_47' title="bbox 237 2888 1822 2963; baseline 0.003 -20"><span class='ocrx_word' id='word_1_343' title='bbox 237 2889 345 2944; x_wconf 83' lang='lat' dir='ltr'><strong>hoc</strong></span> <span class='ocrx_word' id='word_1_344' title='bbox 373 2888 640 2945; x_wconf 90' lang='lat' dir='ltr'><strong>ducentes</strong></span> <span class='ocrx_word' id='word_1_345' title='bbox 670 2891 930 2945; x_wconf 83' lang='lat' dir='ltr'><strong>honorem</strong></span> <span class='ocrx_word' id='word_1_346' title='bbox 982 2899 1151 2947; x_wconf 85' lang='lat' dir='ltr'><strong>castae</strong></span> <span class='ocrx_word' id='word_1_347' title='bbox 1176 2891 1271 2946; x_wconf 89' lang='lat' dir='ltr'><strong>Dei</strong></span> <span class='ocrx_word' id='word_1_348' title='bbox 1305 2889 1632 2958; x_wconf 86' lang='lat' dir='ltr'><strong>Genitricis,</strong></span> <span class='ocrx_word' id='word_1_349' title='bbox 1679 2893 1822 2963; x_wconf 89' lang='lat' dir='ltr'><strong>quod</strong></span> 
     </span>
    </p>
   </div>
   <div class='ocr_carea' id='block_1_48' title="bbox 1930 1684 3508 1758">
    <p class='ocr_par' dir='ltr' id='par_1_48' title="bbox 1930 1684 3508 1758">
     <span class='ocr_line' id='line_1_48' title="bbox 1930 1684 3508 1758; baseline 0.004 -22"><span class='ocrx_word' id='word_1_350' title='bbox 1930 1684 2070 1753; x_wconf 79' lang='grc' dir='ltr'>ἧτίς</span> <span class='ocrx_word' id='word_1_351' title='bbox 2100 1686 2374 1754; x_wconf 81' lang='grc' dir='ltr'>δυναμένη</span> <span class='ocrx_word' id='word_1_352' title='bbox 2426 1688 2598 1740; x_wconf 82' lang='grc' dir='ltr'>σῶσαι</span> <span class='ocrx_word' id='word_1_353' title='bbox 2647 1688 2810 1741; x_wconf 81' lang='grc' dir='ltr'>πλέον</span> <span class='ocrx_word' id='word_1_354' title='bbox 2842 1690 3050 1757; x_wconf 79' lang='grc' dir='ltr'>αὑτῆςς</span> <span class='ocrx_word' id='word_1_355' title='bbox 3096 1689 3240 1758; x_wconf 86' lang='grc' dir='ltr'><strong>Ἐγὼ</strong></span> <span class='ocrx_word' id='word_1_356' title='bbox 3279 1689 3376 1758; x_wconf 77' lang='grc' dir='ltr'><strong>μὲν</strong></span> <span class='ocrx_word' id='word_1_357' title='bbox 3416 1685 3508 1742; x_wconf 81' lang='grc' dir='ltr'><strong>οὖν</strong></span> 
     </span>
    </p>
   </div>
   <div class='ocr_carea' id='block_1_49' title="bbox 1927 1776 3507 1851">
    <p class='ocr_par' dir='ltr' id='par_1_49' title="bbox 1927 1776 3507 1851">
     <span class='ocr_line' id='line_1_49' title="bbox 1927 1776 3507 1851; baseline 0.004 -23"><span class='ocrx_word' id='word_1_358' title='bbox 1927 1776 2087 1829; x_wconf 68' lang='grc' dir='ltr'>τοῦτο</span> <span class='ocrx_word' id='word_1_359' title='bbox 2123 1779 2253 1846; x_wconf 72' lang='grc' dir='ltr'>περὶ</span> <span class='ocrx_word' id='word_1_360' title='bbox 2286 1777 2540 1832; x_wconf 76' lang='grc' dir='ltr'><strong>πλείστου</strong></span> <span class='ocrx_word' id='word_1_361' title='bbox 2591 1784 2942 1850; x_wconf 80' lang='grc' dir='ltr'>ποιούμενος,</span> <span class='ocrx_word' id='word_1_362' title='bbox 2975 1783 3214 1851; x_wconf 71' lang='grc' dir='ltr'>συνεχῶς</span> <span class='ocrx_word' id='word_1_363' title='bbox 3235 1781 3332 1843; x_wconf 79' lang='grc' dir='ltr'>τὰς</span> <span class='ocrx_word' id='word_1_364' title='bbox 3361 1783 3507 1842; x_wconf 79' lang='grc' dir='ltr'>θείας</span> 
     </span>
    </p>
   </div>
   <div class='ocr_carea' id='block_1_50' title="bbox 1926 1869 3507 1942">
    <p class='ocr_par' dir='ltr' id='par_1_50' title="bbox 1926 1869 3507 1942">
     <span class='ocr_line' id='line_1_50' title="bbox 1926 1869 3507 1942; baseline 0.002 -20"><span class='ocrx_word' id='word_1_365' title='bbox 1926 1869 2130 1934; x_wconf 78' lang='grc' dir='ltr'>ταύτας</span> <span class='ocrx_word' id='word_1_366' title='bbox 2167 1870 2311 1938; x_wconf 79' lang='grc' dir='ltr'>λέγω</span> <span class='ocrx_word' id='word_1_367' title='bbox 2341 1872 2527 1940; x_wconf 78' lang='grc' dir='ltr'>φωνάς</span> <span class='ocrx_word' id='word_1_368' title='bbox 2558 1889 2574 1904; x_wconf 81' lang='lat'><strong><em>°</em></strong></span> <span class='ocrx_word' id='word_1_369' title='bbox 2606 1873 2701 1925; x_wconf 71' lang='grc' dir='ltr'><strong>καὶ</strong></span> <span class='ocrx_word' id='word_1_370' title='bbox 2746 1871 2874 1942; x_wconf 76' lang='grc' dir='ltr'>περὶ</span> <span class='ocrx_word' id='word_1_371' title='bbox 2910 1872 3098 1925; x_wconf 85' lang='grc' dir='ltr'>τούτου</span> <span class='ocrx_word' id='word_1_372' title='bbox 3145 1872 3362 1935; x_wconf 78' lang='grc' dir='ltr'>πολλοῖς</span> <span class='ocrx_word' id='word_1_373' title='bbox 3390 1872 3507 1925; x_wconf 88' lang='grc' dir='ltr'>ἁνέ-</span> 
     </span>
    </p>
   </div>
   <div class='ocr_carea' id='block_1_51' title="bbox 1929 1960 3507 2034">
    <p class='ocr_par' dir='ltr' id='par_1_51' title="bbox 1929 1960 3507 2034">
     <span class='ocr_line' id='line_1_51' title="bbox 1929 1960 3507 2034; baseline 0.002 -21"><span class='ocrx_word' id='word_1_374' title='bbox 1929 1960 2094 2030; x_wconf 85' lang='grc' dir='ltr'>θηκα,</span> <span class='ocrx_word' id='word_1_375' title='bbox 2119 1960 2260 2014; x_wconf 85' lang='grc' dir='ltr'>ὥστε</span> <span class='ocrx_word' id='word_1_376' title='bbox 2296 1963 2536 2031; x_wconf 80' lang='grc' dir='ltr'>συνεχῶς</span> <span class='ocrx_word' id='word_1_377' title='bbox 2565 1962 2724 2016; x_wconf 82' lang='grc' dir='ltr'>τοῦτο</span> <span class='ocrx_word' id='word_1_378' title='bbox 2755 1969 2959 2017; x_wconf 86' lang='grc' dir='ltr'>ποιεῖν·</span> <span class='ocrx_word' id='word_1_379' title='bbox 2999 1964 3096 2018; x_wconf 83' lang='grc' dir='ltr'>καὶ</span> <span class='ocrx_word' id='word_1_380' title='bbox 3127 1965 3285 2034; x_wconf 81' lang='grc' dir='ltr'>ὑμεῖς</span> <span class='ocrx_word' id='word_1_381' title='bbox 3330 1963 3507 2016; x_wconf 77' lang='grc' dir='ltr'>οἴδατε</span> 
     </span>
    </p>
   </div>
   <div class='ocr_carea' id='block_1_52' title="bbox 1926 2053 3507 2126">
    <p class='ocr_par' dir='ltr' id='par_1_52' title="bbox 1926 2053 3507 2126">
     <span class='ocr_line' id='line_1_52' title="bbox 1926 2053 3507 2126; baseline 0.001 -19"><span class='ocrx_word' id='word_1_382' title='bbox 1926 2053 2001 2115; x_wconf 83' lang='grc' dir='ltr'>ὡς</span> <span class='ocrx_word' id='word_1_383' title='bbox 2056 2057 2151 2108; x_wconf 79' lang='grc' dir='ltr'>καὶ</span> <span class='ocrx_word' id='word_1_384' title='bbox 2205 2055 2266 2108; x_wconf 79' lang='grc' dir='ltr'><strong>ἐν</strong></span> <span class='ocrx_word' id='word_1_385' title='bbox 2318 2058 2440 2119; x_wconf 84' lang='grc' dir='ltr'>ταῖς</span> <span class='ocrx_word' id='word_1_386' title='bbox 2494 2057 2809 2121; x_wconf 81' lang='grc' dir='ltr'>καθολικαῖς</span> <span class='ocrx_word' id='word_1_387' title='bbox 2845 2057 3171 2126; x_wconf 76' lang='grc' dir='ltr'>ἐκκλησίαις</span> <span class='ocrx_word' id='word_1_388' title='bbox 3210 2055 3507 2124; x_wconf 77' lang='grc' dir='ltr'>παρέδωκα</span> 
     </span>
    </p>
   </div>
   <div class='ocr_carea' id='block_1_53' title="bbox 1924 2144 3509 2220">
    <p class='ocr_par' dir='ltr' id='par_1_53' title="bbox 1924 2144 3509 2220">
     <span class='ocr_line' id='line_1_53' title="bbox 1924 2144 3509 2220; baseline 0.002 -23"><span class='ocrx_word' id='word_1_389' title='bbox 1924 2144 2086 2199; x_wconf 84' lang='grc' dir='ltr'>τοῦτο</span> <span class='ocrx_word' id='word_1_390' title='bbox 2116 2146 2239 2200; x_wconf 82' lang='grc' dir='ltr'>καθ’</span> <span class='ocrx_word' id='word_1_391' title='bbox 2265 2148 2476 2217; x_wconf 79' lang='grc' dir='ltr'>ἡμέραν</span> <span class='ocrx_word' id='word_1_392' title='bbox 2507 2151 2700 2212; x_wconf 83' lang='grc' dir='ltr'>ποιεῖν,</span> <span class='ocrx_word' id='word_1_393' title='bbox 2737 2151 2829 2202; x_wconf 79' lang='grc' dir='ltr'>καὶ</span> <span class='ocrx_word' id='word_1_394' title='bbox 2864 2152 2919 2202; x_wconf 83' lang='grc' dir='ltr'><strong>ἐν</strong></span> <span class='ocrx_word' id='word_1_395' title='bbox 2943 2150 3109 2202; x_wconf 74' lang='grc' dir='ltr'>παντὶ</span> <span class='ocrx_word' id='word_1_396' title='bbox 3144 2148 3327 2220; x_wconf 78' lang='grc' dir='ltr'>ὄρθρῳ</span> <span class='ocrx_word' id='word_1_397' title='bbox 3368 2148 3509 2217; x_wconf 79' lang='grc' dir='ltr'><strong>μετὰ</strong></span> 
     </span>
    </p>
   </div>
   <div class='ocr_carea' id='block_1_54' title="bbox 1925 2237 3506 2312">
    <p class='ocr_par' dir='ltr' id='par_1_54' title="bbox 1925 2237 3506 2312">
     <span class='ocr_line' id='line_1_54' title="bbox 1925 2237 3506 2312; baseline 0.003 -24"><span class='ocrx_word' id='word_1_398' title='bbox 1925 2237 1987 2288; x_wconf 84' lang='grc' dir='ltr'>τὺ</span> <span class='ocrx_word' id='word_1_399' title='bbox 2019 2237 2172 2302; x_wconf 83' lang='grc' dir='ltr'>τέλος</span> <span class='ocrx_word' id='word_1_400' title='bbox 2208 2239 2306 2308; x_wconf 82' lang='grc' dir='ltr'>τῆς</span> <span class='ocrx_word' id='word_1_401' title='bbox 2354 2241 2580 2308; x_wconf 82' lang='grc' dir='ltr'>ἐννάτης</span> <span class='ocrx_word' id='word_1_402' title='bbox 2623 2240 2789 2312; x_wconf 77' lang='grc' dir='ltr'>ᾠδῆς,</span> <span class='ocrx_word' id='word_1_403' title='bbox 2839 2242 2991 2310; x_wconf 72' lang='grc' dir='ltr'>παρὰ</span> <span class='ocrx_word' id='word_1_404' title='bbox 3020 2239 3112 2294; x_wconf 69' lang='grc' dir='ltr'>τοῦ</span> <span class='ocrx_word' id='word_1_405' title='bbox 3149 2243 3339 2309; x_wconf 75' lang='grc' dir='ltr'>ἱερέως</span> <span class='ocrx_word' id='word_1_406' title='bbox 3374 2241 3506 2293; x_wconf 85' lang='grc' dir='ltr'>ἁνυ-</span> 
     </span>
    </p>
   </div>
   <div class='ocr_carea' id='block_1_55' title="bbox 1926 2330 3508 2404">
    <p class='ocr_par' dir='ltr' id='par_1_55' title="bbox 1926 2330 3508 2404">
     <span class='ocr_line' id='line_1_55' title="bbox 1926 2330 3508 2404; baseline 0.001 -20"><span class='ocrx_word' id='word_1_407' title='bbox 1926 2330 2163 2400; x_wconf 74' lang='grc' dir='ltr'>ψοῦσθαι</span> <span class='ocrx_word' id='word_1_408' title='bbox 2206 2333 2398 2386; x_wconf 84' lang='grc' dir='ltr'>τοῦτον</span> <span class='ocrx_word' id='word_1_409' title='bbox 2448 2336 2538 2385; x_wconf 74' lang='grc' dir='ltr'>τὸν</span> <span class='ocrx_word' id='word_1_410' title='bbox 2572 2335 2759 2404; x_wconf 81' lang='grc' dir='ltr'>ἄρτον,</span> <span class='ocrx_word' id='word_1_411' title='bbox 2801 2334 3024 2397; x_wconf 74' lang='grc' dir='ltr'>καὶτὰς</span> <span class='ocrx_word' id='word_1_412' title='bbox 3055 2334 3306 2402; x_wconf 80' lang='grc' dir='ltr'>συνήθεις</span> <span class='ocrx_word' id='word_1_413' title='bbox 3356 2333 3508 2401; x_wconf 75' lang='grc' dir='ltr'>ἱερὰς</span> 
     </span>
    </p>
   </div>
   <div class='ocr_carea' id='block_1_56' title="bbox 1926 2425 3508 2498">
    <p class='ocr_par' dir='ltr' id='par_1_56' title="bbox 1926 2425 3508 2498">
     <span class='ocr_line' id='line_1_56' title="bbox 1926 2425 3508 2498; baseline 0 -20"><span class='ocrx_word' id='word_1_414' title='bbox 1926 2425 2133 2489; x_wconf 80' lang='grc' dir='ltr'>ταύτας</span> <span class='ocrx_word' id='word_1_415' title='bbox 2161 2425 2342 2494; x_wconf 88' lang='grc' dir='ltr'>λέγειν</span> <span class='ocrx_word' id='word_1_416' title='bbox 2371 2426 2468 2488; x_wconf 83' lang='grc' dir='ltr'><strong>τὰς</strong></span> <span class='ocrx_word' id='word_1_417' title='bbox 2490 2425 2596 2478; x_wconf 81' lang='grc' dir='ltr'><strong>ὑπὸ</strong></span> <span class='ocrx_word' id='word_1_418' title='bbox 2626 2427 2734 2480; x_wconf 89' lang='grc' dir='ltr'><strong>τῶν</strong></span> <span class='ocrx_word' id='word_1_419' title='bbox 2767 2427 3033 2496; x_wconf 84' lang='grc' dir='ltr'>Πατέρων</span> <span class='ocrx_word' id='word_1_420' title='bbox 3066 2427 3508 2498; x_wconf 73' lang='grc' dir='ltr'>παραδεδομένας</span> 
     </span>
    </p>
   </div>
   <div class='ocr_carea' id='block_1_57' title="bbox 1929 2518 3507 2592">
    <p class='ocr_par' dir='ltr' id='par_1_57' title="bbox 1929 2518 3507 2592">
     <span class='ocr_line' id='line_1_57' title="bbox 1929 2518 3507 2592; baseline 0.002 -22"><span class='ocrx_word' id='word_1_421' title='bbox 1929 2518 2134 2588; x_wconf 82' lang='grc' dir='ltr'>φωνὰς,</span> <span class='ocrx_word' id='word_1_422' title='bbox 2183 2519 2265 2582; x_wconf 87' lang='grc' dir='ltr'><strong>είς</strong></span> <span class='ocrx_word' id='word_1_423' title='bbox 2312 2519 2608 2589; x_wconf 79' lang='grc' dir='ltr'>ὁμολογίαν</span> <span class='ocrx_word' id='word_1_424' title='bbox 2639 2537 2696 2571; x_wconf 85' lang='grc' dir='ltr'><strong>τε</strong></span> <span class='ocrx_word' id='word_1_425' title='bbox 2757 2522 2856 2588; x_wconf 74' lang='grc' dir='ltr'>τῆς</span> <span class='ocrx_word' id='word_1_426' title='bbox 2913 2521 3075 2590; x_wconf 89' lang='grc' dir='ltr'>ἁγίας</span> <span class='ocrx_word' id='word_1_427' title='bbox 3135 2521 3363 2592; x_wconf 78' lang='grc' dir='ltr'>Τριὰδος</span> <span class='ocrx_word' id='word_1_428' title='bbox 3413 2519 3507 2574; x_wconf 80' lang='grc' dir='ltr'>τοῦ</span> 
     </span>
    </p>
   </div>
   <div class='ocr_carea' id='block_1_58' title="bbox 1931 2609 3508 2683">
    <p class='ocr_par' dir='ltr' id='par_1_58' title="bbox 1931 2609 3508 2683">
     <span class='ocr_line' id='line_1_58' title="bbox 1931 2609 3508 2683; baseline 0.004 -19"><span class='ocrx_word' id='word_1_429' title='bbox 1931 2612 2096 2682; x_wconf 85' lang='grc' dir='ltr'>μόνου</span> <span class='ocrx_word' id='word_1_430' title='bbox 2122 2610 2232 2664; x_wconf 85' lang='grc' dir='ltr'><strong>τῶν</strong></span> <span class='ocrx_word' id='word_1_431' title='bbox 2262 2610 2400 2665; x_wconf 83' lang='grc' dir='ltr'>ὅλων</span> <span class='ocrx_word' id='word_1_432' title='bbox 2432 2609 2567 2663; x_wconf 79' lang='grc' dir='ltr'>Θεοῦ</span> <span class='ocrx_word' id='word_1_433' title='bbox 2600 2611 2777 2681; x_wconf 79' lang='grc' dir='ltr'>ἡμῶν,</span> <span class='ocrx_word' id='word_1_434' title='bbox 2809 2612 2885 2672; x_wconf 84' lang='grc' dir='ltr'>ὡς</span> <span class='ocrx_word' id='word_1_435' title='bbox 2925 2615 3251 2683; x_wconf 81' lang='grc' dir='ltr'>εἰρήκαμεν,</span> <span class='ocrx_word' id='word_1_436' title='bbox 3286 2612 3381 2665; x_wconf 74' lang='grc' dir='ltr'>καὶ</span> <span class='ocrx_word' id='word_1_437' title='bbox 3407 2613 3508 2679; x_wconf 80' lang='grc' dir='ltr'><strong>τῆς</strong></span> 
     </span>
    </p>
   </div>
   <div class='ocr_carea' id='block_1_59' title="bbox 1927 2703 3507 2775">
    <p class='ocr_par' dir='ltr' id='par_1_59' title="bbox 1927 2703 3507 2775">
     <span class='ocr_line' id='line_1_59' title="bbox 1927 2703 3507 2775; baseline -0.001 -17"><span class='ocrx_word' id='word_1_438' title='bbox 1927 2704 2022 2758; x_wconf 83' lang='grc' dir='ltr'>τοῦ</span> <span class='ocrx_word' id='word_1_439' title='bbox 2071 2705 2247 2773; x_wconf 84' lang='grc' dir='ltr'>Λόγου</span> <span class='ocrx_word' id='word_1_440' title='bbox 2295 2705 2793 2774; x_wconf 75' lang='grc' dir='ltr'>ἐνανθρωπήσεωςο</span> <span class='ocrx_word' id='word_1_441' title='bbox 2829 2707 2924 2759; x_wconf 73' lang='grc' dir='ltr'>καὶ</span> <span class='ocrx_word' id='word_1_442' title='bbox 2964 2706 3043 2758; x_wconf 77' lang='grc' dir='ltr'><strong>ἔτι</strong></span> <span class='ocrx_word' id='word_1_443' title='bbox 3091 2707 3171 2770; x_wconf 83' lang='grc' dir='ltr'><strong>είς</strong></span> <span class='ocrx_word' id='word_1_444' title='bbox 3207 2705 3372 2775; x_wconf 84' lang='grc' dir='ltr'>τιμὴν</span> <span class='ocrx_word' id='word_1_445' title='bbox 3405 2703 3507 2771; x_wconf 74' lang='grc' dir='ltr'>τῆς</span> 
     </span>
    </p>
   </div>
   <div class='ocr_carea' id='block_1_60' title="bbox 1929 2796 3508 2876">
    <p class='ocr_par' dir='ltr' id='par_1_60' title="bbox 1929 2796 3508 2876">
     <span class='ocr_line' id='line_1_60' title="bbox 1929 2796 3508 2876; baseline -0.003 -25"><span class='ocrx_word' id='word_1_446' title='bbox 1929 2796 2094 2852; x_wconf 81' lang='grc' dir='ltr'>αὑτοῦ</span> <span class='ocrx_word' id='word_1_447' title='bbox 2134 2797 2362 2871; x_wconf 75' lang='grc' dir='ltr'>Μητρὸς</span> <span class='ocrx_word' id='word_1_448' title='bbox 2395 2798 2494 2866; x_wconf 80' lang='grc' dir='ltr'><strong>τῆς</strong></span> <span class='ocrx_word' id='word_1_449' title='bbox 2526 2797 2804 2865; x_wconf 87' lang='grc' dir='ltr'>Παναγίας</span> <span class='ocrx_word' id='word_1_450' title='bbox 2840 2797 3008 2866; x_wconf 87' lang='grc' dir='ltr'>μόνης</span> <span class='ocrx_word' id='word_1_451' title='bbox 3048 2797 3416 2876; x_wconf 83' lang='grc' dir='ltr'>ἁειπαρθένου</span> <span class='ocrx_word' id='word_1_452' title='bbox 3448 2813 3508 2848; x_wconf 89' lang='grc' dir='ltr'><strong>τε</strong></span> 
     </span>
    </p>
   </div>
   <div class='ocr_carea' id='block_1_61' title="bbox 1931 2887 3508 2966">
    <p class='ocr_par' dir='ltr' id='par_1_61' title="bbox 1931 2887 3508 2966">
     <span class='ocr_line' id='line_1_61' title="bbox 1931 2887 3508 2966; baseline -0.005 -22"><span class='ocrx_word' id='word_1_453' title='bbox 1931 2891 2264 2966; x_wconf 23' lang='grc' dir='ltr'>καῖ-κυρίως</span> <span class='ocrx_word' id='word_1_454' title='bbox 2305 2890 2572 2944; x_wconf 87' lang='grc' dir='ltr'>Θεοτόκου</span> <span class='ocrx_word' id='word_1_455' title='bbox 2597 2906 2610 2920; x_wconf 90' lang='grc'><strong>·</strong></span> <span class='ocrx_word' id='word_1_456' title='bbox 2645 2894 2737 2943; x_wconf 84' lang='grc' dir='ltr'><strong>καὶ</strong></span> <span class='ocrx_word' id='word_1_457' title='bbox 2770 2890 2870 2960; x_wconf 78' lang='grc' dir='ltr'><strong>τὴν</strong></span> <span class='ocrx_word' id='word_1_458' title='bbox 2919 2891 3089 2958; x_wconf 80' lang='grc' dir='ltr'>αὐτῆς</span> <span class='ocrx_word' id='word_1_459' title='bbox 3125 2887 3508 2942; x_wconf 79' lang='grc' dir='ltr'>ἐπικαλεῖσθαι</span> 
     </span>
    </p>
   </div>
   <div class='ocr_carea' id='block_1_62' title="bbox 168 2967 1838 3056">
    <p class='ocr_par' dir='ltr' id='par_1_62' title="bbox 168 2983 1827 3053">
     <span class='ocr_line' id='line_1_62' title="bbox 168 2983 1827 3053; baseline 0.002 -19"><span class='ocrx_word' id='word_1_460' title='bbox 168 3041 172 3046; x_wconf 29' lang='grc'><strong>,</strong></span> <span class='ocrx_word' id='word_1_461' title='bbox 238 2997 347 3039; x_wconf 84' lang='lat' dir='ltr'><strong>non</strong></span> <span class='ocrx_word' id='word_1_462' title='bbox 377 2983 706 3038; x_wconf 87' lang='lat' dir='ltr'><strong>invenerunt</strong></span> <span class='ocrx_word' id='word_1_463' title='bbox 727 2985 849 3052; x_wconf 83' lang='lat' dir='ltr'><strong>Ipsi,</strong></span> <span class='ocrx_word' id='word_1_464' title='bbox 884 2983 979 3039; x_wconf 83' lang='lat' dir='ltr'><strong>sed</strong></span> <span class='ocrx_word' id='word_1_465' title='bbox 1008 2986 1237 3053; x_wconf 83' lang='lat' dir='ltr'><strong>antiqua</strong></span> <span class='ocrx_word' id='word_1_466' title='bbox 1275 2983 1499 3039; x_wconf 87' lang='lat' dir='ltr'><strong>Patrum</strong></span> <span class='ocrx_word' id='word_1_467' title='bbox 1528 2995 1827 3040; x_wconf 85' lang='lat' dir='ltr'><strong>consuetu-</strong></span> 
     </span>
    </p>
   </div>
   <div class='ocr_carea' id='block_1_63' title="bbox 1930 2967 3499 3056">
    <p class='ocr_par' dir='ltr' id='par_1_63' title="bbox 1932 2982 3499 3056">
     <span class='ocr_line' id='line_1_63' title="bbox 1932 2982 3499 3056; baseline -0.003 -18"><span class='ocrx_word' id='word_1_468' title='bbox 1932 2984 2188 3056; x_wconf 84' lang='grc' dir='ltr'>βοήθειαν</span> <span class='ocrx_word' id='word_1_469' title='bbox 2210 2999 2226 3014; x_wconf 74' lang='grc' dir='ltr'><strong>ο</strong></span> <span class='ocrx_word' id='word_1_470' title='bbox 2250 2985 2368 3037; x_wconf 71' lang='grc' dir='ltr'>ἐπεὶ</span> <span class='ocrx_word' id='word_1_471' title='bbox 2394 2985 2491 3038; x_wconf 81' lang='grc' dir='ltr'>καὶ</span> <span class='ocrx_word' id='word_1_472' title='bbox 2523 2983 2789 3053; x_wconf 84' lang='grc' dir='ltr'>πλείστην</span> <span class='ocrx_word' id='word_1_473' title='bbox 2817 2983 3134 3052; x_wconf 81' lang='grc' dir='ltr'>εὑρήκαμεν</span> <span class='ocrx_word' id='word_1_474' title='bbox 3165 2982 3262 3049; x_wconf 75' lang='grc' dir='ltr'><strong>τὴν</strong></span> <span class='ocrx_word' id='word_1_475' title='bbox 3290 2984 3354 3034; x_wconf 84' lang='grc' dir='ltr'><strong>ἐκ</strong></span> <span class='ocrx_word' id='word_1_476' title='bbox 3375 2982 3499 3034; x_wconf 83' lang='grc' dir='ltr'>τού-</span> 
     </span>
    </p>
   </div>
   <div class='ocr_carea' id='block_1_64' title="bbox 162 4139 184 4479">
    <p class='ocr_par' dir='ltr' id='par_1_64' title="bbox 162 4139 184 4466">
     <span class='ocr_line' id='line_1_64' title="bbox 162 4139 184 4346; baseline 0 -28"><span class='ocrx_word' id='word_1_477' title='bbox 162 4139 184 4346; x_wconf 69' lang='grc' dir='ltr'><em>ἕ</em></span> 
     </span>
     <span class='ocr_line' id='line_1_65' title="bbox 162 4347 180 4466; baseline 0 -8"><span class='ocrx_word' id='word_1_478' title='bbox 162 4347 180 4466; x_wconf 66' lang='grc' dir='ltr'><em>ε</em></span> 
     </span>
    </p>
   </div>
   <div class='ocr_carea' id='block_1_65' title="bbox 239 3077 1828 3148">
    <p class='ocr_par' dir='ltr' id='par_1_65' title="bbox 239 3077 1828 3148">
     <span class='ocr_line' id='line_1_66' title="bbox 239 3077 1828 3148; baseline 0.002 -20"><span class='ocrx_word' id='word_1_479' title='bbox 239 3077 371 3129; x_wconf 88' lang='lat' dir='ltr'><strong>dine</strong></span> <span class='ocrx_word' id='word_1_480' title='bbox 405 3077 664 3130; x_wconf 87' lang='lat' dir='ltr'><strong>traditum</strong></span> <span class='ocrx_word' id='word_1_481' title='bbox 694 3089 799 3140; x_wconf 88' lang='lat' dir='ltr'><strong>est,</strong></span> <span class='ocrx_word' id='word_1_482' title='bbox 830 3084 992 3146; x_wconf 84' lang='lat' dir='ltr'><strong>prout</strong></span> <span class='ocrx_word' id='word_1_483' title='bbox 1032 3077 1185 3132; x_wconf 82' lang='lat' dir='ltr'><strong>brevr</strong></span> <span class='ocrx_word' id='word_1_484' title='bbox 1237 3077 1443 3144; x_wconf 89' lang='lat' dir='ltr'><strong>disces,</strong></span> <span class='ocrx_word' id='word_1_485' title='bbox 1478 3090 1688 3148; x_wconf 92' lang='lat' dir='ltr'><strong>quanto</strong></span> <span class='ocrx_word' id='word_1_486' title='bbox 1715 3093 1828 3131; x_wconf 86' lang='lat' dir='ltr'><strong>rna-</strong></span> 
     </span>
    </p>
   </div>
   <div class='ocr_carea' id='block_1_66' title="bbox 239 3169 1829 3238">
    <p class='ocr_par' dir='ltr' id='par_1_66' title="bbox 239 3169 1829 3238">
     <span class='ocr_line' id='line_1_67' title="bbox 239 3169 1829 3238; baseline 0.003 -18"><span class='ocrx_word' id='word_1_487' title='bbox 239 3169 325 3237; x_wconf 79' lang='lat' dir='ltr'><strong>gis</strong></span> <span class='ocrx_word' id='word_1_488' title='bbox 345 3177 562 3238; x_wconf 88' lang='lat' dir='ltr'><strong>oportet</strong></span> <span class='ocrx_word' id='word_1_489' title='bbox 589 3183 691 3222; x_wconf 90' lang='lat' dir='ltr'><strong>nos</strong></span> <span class='ocrx_word' id='word_1_490' title='bbox 715 3169 1055 3224; x_wconf 81' lang='lat' dir='ltr'><strong>orthodoxos</strong></span> <span class='ocrx_word' id='word_1_491' title='bbox 1083 3184 1212 3223; x_wconf 88' lang='lat' dir='ltr'><strong>vere</strong></span> <span class='ocrx_word' id='word_1_492' title='bbox 1249 3170 1540 3224; x_wconf 66' lang='lat' dir='ltr'><strong>catholicae</strong></span> <span class='ocrx_word' id='word_1_493' title='bbox 1569 3169 1829 3225; x_wconf 62' lang='lat' dir='ltr'><strong>Ecclesia!</strong></span> 
     </span>
    </p>
   </div>
   <div class='ocr_carea' id='block_1_67' title="bbox 241 3261 1830 3332">
    <p class='ocr_par' dir='ltr' id='par_1_67' title="bbox 241 3261 1830 3332">
     <span class='ocr_line' id='line_1_68' title="bbox 241 3261 1830 3332; baseline 0.004 -19"><span class='ocrx_word' id='word_1_494' title='bbox 241 3261 387 3314; x_wconf 89' lang='lat' dir='ltr'><strong>lilios</strong></span> <span class='ocrx_word' id='word_1_495' title='bbox 416 3261 521 3315; x_wconf 90' lang='lat' dir='ltr'><strong>hoc</strong></span> <span class='ocrx_word' id='word_1_496' title='bbox 552 3261 735 3318; x_wconf 83' lang='lat' dir='ltr'><strong>facere</strong></span> <span class='ocrx_word' id='word_1_497' title='bbox 796 3262 918 3318; x_wconf 89' lang='lat' dir='ltr'><strong>sine</strong></span> <span class='ocrx_word' id='word_1_498' title='bbox 973 3263 1382 3317; x_wconf 85' lang='lat' dir='ltr'><strong>intermissione</strong></span> <span class='ocrx_word' id='word_1_499' title='bbox 1425 3270 1479 3317; x_wconf 89' lang='lat' dir='ltr'><strong>et</strong></span> <span class='ocrx_word' id='word_1_500' title='bbox 1523 3262 1830 3332; x_wconf 79' lang='lat' dir='ltr'><strong>diligentis-</strong></span> 
     </span>
    </p>
   </div>
   <div class='ocr_carea' id='block_1_68' title="bbox 238 3351 1831 3424">
    <p class='ocr_par' dir='ltr' id='par_1_68' title="bbox 238 3351 1831 3424">
     <span class='ocr_line' id='line_1_69' title="bbox 238 3351 1831 3424; baseline 0.003 -18"><span class='ocrx_word' id='word_1_501' title='bbox 238 3354 398 3407; x_wconf 86' lang='lat' dir='ltr'><strong>sime.</strong></span> <span class='ocrx_word' id='word_1_502' title='bbox 416 3351 546 3407; x_wconf 86' lang='lat' dir='ltr'><strong>lllud</strong></span> <span class='ocrx_word' id='word_1_503' title='bbox 572 3361 774 3414; x_wconf 89' lang='lat' dir='ltr'><strong>autem.</strong></span> <span class='ocrx_word' id='word_1_504' title='bbox 802 3353 967 3420; x_wconf 84' lang='lat' dir='ltr'><strong>«Ave,</strong></span> <span class='ocrx_word' id='word_1_505' title='bbox 991 3354 1166 3424; x_wconf 75' lang='lat' dir='ltr'><strong>gratia</strong></span> <span class='ocrx_word' id='word_1_506' title='bbox 1187 3353 1398 3422; x_wconf 63' lang='lat' dir='ltr'><strong>plena,»</strong></span> <span class='ocrx_word' id='word_1_507' title='bbox 1416 3354 1544 3408; x_wconf 92' lang='lat' dir='ltr'><strong>olim</strong></span> <span class='ocrx_word' id='word_1_508' title='bbox 1565 3355 1619 3408; x_wconf 92' lang='lat' dir='ltr'><strong>in</strong></span> <span class='ocrx_word' id='word_1_509' title='bbox 1644 3353 1831 3411; x_wconf 88' lang='lat' dir='ltr'><strong>Eccle-</strong></span> 
     </span>
    </p>
   </div>
   <div class='ocr_carea' id='block_1_69' title="bbox 240 3443 1830 3514">
    <p class='ocr_par' dir='ltr' id='par_1_69' title="bbox 240 3443 1830 3514">
     <span class='ocr_line' id='line_1_70' title="bbox 240 3443 1830 3514; baseline 0.002 -18"><span class='ocrx_word' id='word_1_510' title='bbox 240 3445 318 3496; x_wconf 80' lang='lat' dir='ltr'><strong>sia</strong></span> <span class='ocrx_word' id='word_1_511' title='bbox 343 3443 550 3496; x_wconf 86' lang='lat' dir='ltr'><strong>cantari</strong></span> <span class='ocrx_word' id='word_1_512' title='bbox 579 3443 797 3498; x_wconf 89' lang='lat' dir='ltr'><strong>solitum</strong></span> <span class='ocrx_word' id='word_1_513' title='bbox 829 3443 999 3499; x_wconf 82' lang='lat' dir='ltr'><strong>fuisse</strong></span> <span class='ocrx_word' id='word_1_514' title='bbox 1030 3445 1228 3500; x_wconf 85' lang='lat' dir='ltr'><strong>discite</strong></span> <span class='ocrx_word' id='word_1_515' title='bbox 1255 3460 1320 3500; x_wconf 76' lang='lat' dir='ltr'><strong>ex</strong></span> <span class='ocrx_word' id='word_1_516' title='bbox 1344 3445 1590 3514; x_wconf 82' lang='lat' dir='ltr'><strong>vesperis</strong></span> <span class='ocrx_word' id='word_1_517' title='bbox 1625 3457 1830 3499; x_wconf 68' lang='lat' dir='ltr'><strong>sanctae</strong></span> 
     </span>
    </p>
   </div>
   <div class='ocr_carea' id='block_1_70' title="bbox 239 3535 1826 3608">
    <p class='ocr_par' dir='ltr' id='par_1_70' title="bbox 239 3535 1826 3608">
     <span class='ocr_line' id='line_1_71' title="bbox 239 3535 1826 3608; baseline 0.004 -20"><span class='ocrx_word' id='word_1_518' title='bbox 239 3535 712 3607; x_wconf 63' lang='lat' dir='ltr'><strong>quadragesimae,</strong></span> <span class='ocrx_word' id='word_1_519' title='bbox 759 3552 929 3606; x_wconf 90' lang='lat' dir='ltr'><strong>quum</strong></span> <span class='ocrx_word' id='word_1_520' title='bbox 991 3545 1117 3592; x_wconf 90' lang='lat' dir='ltr'><strong>ante</strong></span> <span class='ocrx_word' id='word_1_521' title='bbox 1176 3539 1538 3608; x_wconf 86' lang='lat' dir='ltr'><strong>quodcunque</strong></span> <span class='ocrx_word' id='word_1_522' title='bbox 1576 3539 1722 3594; x_wconf 87' lang='lat' dir='ltr'><strong>aliud</strong></span> <span class='ocrx_word' id='word_1_523' title='bbox 1774 3540 1826 3594; x_wconf 89' lang='lat' dir='ltr'><strong>in</strong></span> 
     </span>
    </p>
   </div>
   <div class='ocr_carea' id='block_1_71' title="bbox 242 3629 1829 3699">
    <p class='ocr_par' dir='ltr' id='par_1_71' title="bbox 242 3629 1829 3699">
     <span class='ocr_line' id='line_1_72' title="bbox 242 3629 1829 3699; baseline 0.004 -19"><span class='ocrx_word' id='word_1_524' title='bbox 242 3631 349 3682; x_wconf 81' lang='lat' dir='ltr'><strong>line</strong></span> <span class='ocrx_word' id='word_1_525' title='bbox 377 3639 494 3697; x_wconf 90' lang='lat' dir='ltr'><strong>post</strong></span> <span class='ocrx_word' id='word_1_526' title='bbox 517 3629 708 3683; x_wconf 81' lang='lat' dir='ltr'><strong>«Pater</strong></span> <span class='ocrx_word' id='word_1_527' title='bbox 731 3638 968 3693; x_wconf 67' lang='lat' dir='ltr'><strong>noster,»</strong></span> <span class='ocrx_word' id='word_1_528' title='bbox 1002 3631 1105 3684; x_wconf 90' lang='lat' dir='ltr'><strong>hoc</strong></span> <span class='ocrx_word' id='word_1_529' title='bbox 1132 3631 1381 3699; x_wconf 85' lang='lat' dir='ltr'><strong>protinus</strong></span> <span class='ocrx_word' id='word_1_530' title='bbox 1409 3632 1608 3686; x_wconf 89' lang='lat' dir='ltr'><strong>dicitur</strong></span> <span class='ocrx_word' id='word_1_531' title='bbox 1637 3650 1649 3685; x_wconf 89' lang='lat'><strong>:</strong></span> <span class='ocrx_word' id='word_1_532' title='bbox 1692 3651 1710 3684; x_wconf 92' lang='lat'><strong>«</strong></span> <span class='ocrx_word' id='word_1_533' title='bbox 1734 3632 1829 3686; x_wconf 88' lang='lat' dir='ltr'><strong>Dei</strong></span> 
     </span>
    </p>
   </div>
   <div class='ocr_carea' id='block_1_72' title="bbox 239 3720 1821 3793">
    <p class='ocr_par' dir='ltr' id='par_1_72' title="bbox 239 3720 1821 3793">
     <span class='ocr_line' id='line_1_73' title="bbox 239 3720 1821 3793; baseline 0.002 -17"><span class='ocrx_word' id='word_1_534' title='bbox 239 3720 483 3777; x_wconf 81' lang='lat' dir='ltr'><strong>Genitrix</strong></span> <span class='ocrx_word' id='word_1_535' title='bbox 515 3721 696 3792; x_wconf 81' lang='lat' dir='ltr'><strong>Virgo,</strong></span> <span class='ocrx_word' id='word_1_536' title='bbox 723 3737 841 3790; x_wconf 83' lang='lat' dir='ltr'><strong>ave,</strong></span> <span class='ocrx_word' id='word_1_537' title='bbox 858 3725 1034 3793; x_wconf 81' lang='lat' dir='ltr'><strong>gratia</strong></span> <span class='ocrx_word' id='word_1_538' title='bbox 1073 3725 1122 3793; x_wconf 88' lang='lat' dir='ltr'><strong>pl</strong></span> <span class='ocrx_word' id='word_1_539' title='bbox 1147 3740 1251 3790; x_wconf 88' lang='lat' dir='ltr'><strong>-na,</strong></span> <span class='ocrx_word' id='word_1_540' title='bbox 1287 3726 1548 3783; x_wconf 90' lang='lat' dir='ltr'><strong>Dominus</strong></span> <span class='ocrx_word' id='word_1_541' title='bbox 1575 3735 1777 3792; x_wconf 90' lang='lat' dir='ltr'><strong>tecum,</strong></span> <span class='ocrx_word' id='word_1_542' title='bbox 1802 3746 1821 3779; x_wconf 73' lang='grc' dir='ltr'><strong>ι</strong></span> 
     </span>
    </p>
   </div>
   <div class='ocr_carea' id='block_1_73' title="bbox 244 3818 1826 3886">
    <p class='ocr_par' dir='ltr' id='par_1_73' title="bbox 244 3818 1826 3886">
     <span class='ocr_line' id='line_1_74' title="bbox 244 3818 1826 3886; baseline 0.003 -16"><span class='ocrx_word' id='word_1_543' title='bbox 244 3831 457 3871; x_wconf 75' lang='lat' dir='ltr'><strong>necnon</strong></span> <span class='ocrx_word' id='word_1_544' title='bbox 495 3832 522 3869; x_wconf 86' lang='lat' dir='ltr'><strong>a</strong></span> <span class='ocrx_word' id='word_1_545' title='bbox 552 3818 799 3886; x_wconf 87' lang='lat' dir='ltr'><strong>vesperis</strong></span> <span class='ocrx_word' id='word_1_546' title='bbox 826 3818 1160 3886; x_wconf 79' lang='lat' dir='ltr'><strong>vigiliarum,</strong></span> <span class='ocrx_word' id='word_1_547' title='bbox 1206 3829 1333 3876; x_wconf 89' lang='lat' dir='ltr'><strong>ante</strong></span> <span class='ocrx_word' id='word_1_548' title='bbox 1383 3820 1826 3880; x_wconf 87' lang='lat' dir='ltr'><strong>benedictionem</strong></span> 
     </span>
    </p>
   </div>
   <div class='ocr_carea' id='block_1_74' title="bbox 242 3909 1827 3978">
    <p class='ocr_par' dir='ltr' id='par_1_74' title="bbox 242 3909 1827 3978">
     <span class='ocr_line' id='line_1_75' title="bbox 242 3909 1827 3978; baseline 0.004 -18"><span class='ocrx_word' id='word_1_549' title='bbox 242 3923 445 3978; x_wconf 87' lang='lat' dir='ltr'><strong>panum</strong></span> <span class='ocrx_word' id='word_1_550' title='bbox 481 3910 610 3962; x_wconf 85' lang='lat' dir='ltr'><strong>illud</strong></span> <span class='ocrx_word' id='word_1_551' title='bbox 633 3909 860 3965; x_wconf 79' lang='lat' dir='ltr'><strong>assidue</strong></span> <span class='ocrx_word' id='word_1_552' title='bbox 914 3911 1143 3973; x_wconf 89' lang='lat' dir='ltr'><strong>dicitur,</strong></span> <span class='ocrx_word' id='word_1_553' title='bbox 1177 3921 1234 3965; x_wconf 88' lang='lat' dir='ltr'><strong>et</strong></span> <span class='ocrx_word' id='word_1_554' title='bbox 1285 3913 1340 3966; x_wconf 90' lang='lat' dir='ltr'><strong>in</strong></span> <span class='ocrx_word' id='word_1_555' title='bbox 1402 3913 1684 3969; x_wconf 87' lang='lat' dir='ltr'><strong>cantionis</strong></span> <span class='ocrx_word' id='word_1_556' title='bbox 1735 3930 1827 3967; x_wconf 90' lang='lat' dir='ltr'><strong>or-</strong></span> 
     </span>
    </p>
   </div>
   <div class='ocr_carea' id='block_1_75' title="bbox 241 4001 1828 4072">
    <p class='ocr_par' dir='ltr' id='par_1_75' title="bbox 241 4001 1828 4072">
     <span class='ocr_line' id='line_1_76' title="bbox 241 4001 1828 4072; baseline 0.003 -18"><span class='ocrx_word' id='word_1_557' title='bbox 241 4001 368 4054; x_wconf 90' lang='lat' dir='ltr'><strong>dine</strong></span> <span class='ocrx_word' id='word_1_558' title='bbox 395 4001 449 4054; x_wconf 91' lang='lat' dir='ltr'><strong>in</strong></span> <span class='ocrx_word' id='word_1_559' title='bbox 491 4002 753 4056; x_wconf 89' lang='lat' dir='ltr'><strong>omnibus</strong></span> <span class='ocrx_word' id='word_1_560' title='bbox 780 4002 1049 4072; x_wconf 85' lang='lat' dir='ltr'><strong>vesperis,</strong></span> <span class='ocrx_word' id='word_1_561' title='bbox 1083 4011 1140 4057; x_wconf 89' lang='lat' dir='ltr'><strong>ut</strong></span> <span class='ocrx_word' id='word_1_562' title='bbox 1167 4003 1363 4066; x_wconf 88' lang='lat' dir='ltr'><strong>nostis,</strong></span> <span class='ocrx_word' id='word_1_563' title='bbox 1411 4018 1531 4060; x_wconf 89' lang='lat' dir='ltr'><strong>mos</strong></span> <span class='ocrx_word' id='word_1_564' title='bbox 1566 4015 1647 4060; x_wconf 90' lang='lat' dir='ltr'><strong>est</strong></span> <span class='ocrx_word' id='word_1_565' title='bbox 1679 4004 1828 4059; x_wconf 90' lang='lat' dir='ltr'><strong>istud</strong></span> 
     </span>
    </p>
   </div>
   <div class='ocr_carea' id='block_1_76' title="bbox 240 4095 1827 4165">
    <p class='ocr_par' dir='ltr' id='par_1_76' title="bbox 240 4095 1827 4165">
     <span class='ocr_line' id='line_1_77' title="bbox 240 4095 1827 4165; baseline 0.002 -18"><span class='ocrx_word' id='word_1_566' title='bbox 240 4095 472 4165; x_wconf 79' lang='lat' dir='ltr'><strong>singulis</strong></span> <span class='ocrx_word' id='word_1_567' title='bbox 507 4095 750 4164; x_wconf 83' lang='lat' dir='ltr'><strong>vesperis</strong></span> <span class='ocrx_word' id='word_1_568' title='bbox 770 4095 880 4150; x_wconf 91' lang='lat' dir='ltr'><strong>dici</strong></span> <span class='ocrx_word' id='word_1_569' title='bbox 909 4096 961 4150; x_wconf 89' lang='lat' dir='ltr'><strong>in</strong></span> <span class='ocrx_word' id='word_1_570' title='bbox 988 4097 1088 4151; x_wconf 85' lang='lat' dir='ltr'><strong>hac</strong></span> <span class='ocrx_word' id='word_1_571' title='bbox 1121 4111 1316 4165; x_wconf 76' lang='lat' dir='ltr'><strong>magna</strong></span> <span class='ocrx_word' id='word_1_572' title='bbox 1339 4095 1827 4151; x_wconf 85' lang='lat' dir='ltr'><strong>Thessalonicensi</strong></span> 
     </span>
    </p>
   </div>
   <div class='ocr_carea' id='block_1_77' title="bbox 242 4185 1828 4258">
    <p class='ocr_par' dir='ltr' id='par_1_77' title="bbox 242 4185 1828 4258">
     <span class='ocr_line' id='line_1_78' title="bbox 242 4185 1828 4258; baseline 0.002 -19"><span class='ocrx_word' id='word_1_573' title='bbox 242 4186 507 4242; x_wconf 86' lang='lat' dir='ltr'><strong>Ecclesia.</strong></span> <span class='ocrx_word' id='word_1_574' title='bbox 537 4185 701 4258; x_wconf 77' lang='lat' dir='ltr'><strong>Igitur</strong></span> <span class='ocrx_word' id='word_1_575' title='bbox 727 4189 772 4242; x_wconf 87' lang='lat' dir='ltr'><strong>si</strong></span> <span class='ocrx_word' id='word_1_576' title='bbox 804 4187 1081 4257; x_wconf 91' lang='lat' dir='ltr'><strong>simplices</strong></span> <span class='ocrx_word' id='word_1_577' title='bbox 1105 4188 1222 4243; x_wconf 60' lang='lat' dir='ltr'><strong>ista:</strong></span> <span class='ocrx_word' id='word_1_578' title='bbox 1238 4202 1429 4253; x_wconf 86' lang='lat' dir='ltr'><strong>voces,</strong></span> <span class='ocrx_word' id='word_1_579' title='bbox 1461 4187 1624 4257; x_wconf 83' lang='lat' dir='ltr'><strong>«Ave,</strong></span> <span class='ocrx_word' id='word_1_580' title='bbox 1653 4188 1828 4258; x_wconf 74' lang='lat' dir='ltr'><strong>gratia</strong></span> 
     </span>
    </p>
   </div>
   <div class='ocr_carea' id='block_1_78' title="bbox 244 4279 1824 4351">
    <p class='ocr_par' dir='ltr' id='par_1_78' title="bbox 244 4279 1824 4351">
     <span class='ocr_line' id='line_1_79' title="bbox 244 4279 1824 4351; baseline 0 -17"><span class='ocrx_word' id='word_1_581' title='bbox 244 4282 456 4351; x_wconf 63' lang='lat' dir='ltr'><strong>plena.»</strong></span> <span class='ocrx_word' id='word_1_582' title='bbox 497 4281 569 4334; x_wconf 88' lang='lat' dir='ltr'><strong>ita</strong></span> <span class='ocrx_word' id='word_1_583' title='bbox 591 4291 717 4335; x_wconf 88' lang='lat' dir='ltr'><strong>sunt</strong></span> <span class='ocrx_word' id='word_1_584' title='bbox 746 4279 1015 4346; x_wconf 86' lang='lat' dir='ltr'><strong>eﬂicaces,</strong></span> <span class='ocrx_word' id='word_1_585' title='bbox 1040 4289 1203 4345; x_wconf 87' lang='lat' dir='ltr'><strong>atque</strong></span> <span class='ocrx_word' id='word_1_586' title='bbox 1233 4280 1282 4332; x_wconf 93' lang='lat' dir='ltr'><strong>in</strong></span> <span class='ocrx_word' id='word_1_587' title='bbox 1329 4279 1589 4334; x_wconf 88' lang='lat' dir='ltr'><strong>honorem</strong></span> <span class='ocrx_word' id='word_1_588' title='bbox 1625 4287 1678 4333; x_wconf 91' lang='lat' dir='ltr'><strong>et</strong></span> <span class='ocrx_word' id='word_1_589' title='bbox 1705 4279 1824 4346; x_wconf 83' lang='lat' dir='ltr'><strong>glo-</strong></span> 
     </span>
    </p>
   </div>
   <div class='ocr_carea' id='block_1_79' title="bbox 247 4373 1821 4444">
    <p class='ocr_par' dir='ltr' id='par_1_79' title="bbox 247 4373 1821 4444">
     <span class='ocr_line' id='line_1_80' title="bbox 247 4373 1821 4444; baseline 0 -16"><span class='ocrx_word' id='word_1_590' title='bbox 247 4375 383 4428; x_wconf 82' lang='lat' dir='ltr'><strong>riam</strong></span> <span class='ocrx_word' id='word_1_591' title='bbox 421 4374 513 4428; x_wconf 90' lang='lat' dir='ltr'><strong>Dei</strong></span> <span class='ocrx_word' id='word_1_592' title='bbox 546 4374 842 4429; x_wconf 84' lang='lat' dir='ltr'><strong>Genilricis</strong></span> <span class='ocrx_word' id='word_1_593' title='bbox 885 4373 1193 4438; x_wconf 88' lang='lat' dir='ltr'><strong>tendentes,</strong></span> <span class='ocrx_word' id='word_1_594' title='bbox 1221 4376 1480 4444; x_wconf 90' lang='lat' dir='ltr'><strong>quoniam</strong></span> <span class='ocrx_word' id='word_1_595' title='bbox 1508 4374 1821 4444; x_wconf 79' lang='lat' dir='ltr'><strong>archangeli</strong></span> 
     </span>
    </p>
   </div>
   <div class='ocr_carea' id='block_1_80' title="bbox 245 4466 1823 4536">
    <p class='ocr_par' dir='ltr' id='par_1_80' title="bbox 245 4466 1823 4536">
     <span class='ocr_line' id='line_1_81' title="bbox 245 4466 1823 4536; baseline -0.001 -14"><span class='ocrx_word' id='word_1_596' title='bbox 245 4477 372 4522; x_wconf 86' lang='lat' dir='ltr'><strong>sunt</strong></span> <span class='ocrx_word' id='word_1_597' title='bbox 409 4467 667 4521; x_wconf 80' lang='lat' dir='ltr'><strong>salutatio</strong></span> <span class='ocrx_word' id='word_1_598' title='bbox 692 4466 747 4520; x_wconf 86' lang='lat' dir='ltr'><strong>in</strong></span> <span class='ocrx_word' id='word_1_599' title='bbox 779 4481 886 4536; x_wconf 89' lang='lat' dir='ltr'><strong>qua</strong></span> <span class='ocrx_word' id='word_1_600' title='bbox 919 4467 1096 4522; x_wconf 87' lang='lat' dir='ltr'><strong>soluta</strong></span> <span class='ocrx_word' id='word_1_601' title='bbox 1135 4476 1225 4521; x_wconf 83' lang='lat' dir='ltr'><strong>est</strong></span> <span class='ocrx_word' id='word_1_602' title='bbox 1277 4468 1594 4522; x_wconf 85' lang='lat' dir='ltr'><strong>maledictio</strong></span> <span class='ocrx_word' id='word_1_603' title='bbox 1635 4478 1692 4520; x_wconf 80' lang='lat' dir='ltr'><strong>et</strong></span> <span class='ocrx_word' id='word_1_604' title='bbox 1719 4468 1823 4521; x_wconf 81' lang='lat' dir='ltr'><strong>im-</strong></span> 
     </span>
    </p>
   </div>
   <div class='ocr_carea' id='block_1_81' title="bbox 247 4559 1825 4629">
    <p class='ocr_par' dir='ltr' id='par_1_81' title="bbox 247 4559 1825 4629">
     <span class='ocr_line' id='line_1_82' title="bbox 247 4559 1825 4629; baseline 0.004 -21"><span class='ocrx_word' id='word_1_605' title='bbox 247 4559 447 4629; x_wconf 71' lang='lat' dir='ltr'><strong>pertita</strong></span> <span class='ocrx_word' id='word_1_606' title='bbox 495 4559 706 4625; x_wconf 79' lang='lat' dir='ltr'><strong>laetitia,</strong></span> <span class='ocrx_word' id='word_1_607' title='bbox 770 4559 899 4626; x_wconf 88' lang='lat' dir='ltr'><strong>quia</strong></span> <span class='ocrx_word' id='word_1_608' title='bbox 941 4560 1328 4615; x_wconf 89' lang='lat' dir='ltr'><strong>universorum</strong></span> <span class='ocrx_word' id='word_1_609' title='bbox 1377 4559 1632 4614; x_wconf 83' lang='lat' dir='ltr'><strong>Salvator</strong></span> <span class='ocrx_word' id='word_1_610' title='bbox 1681 4560 1825 4615; x_wconf 87' lang='lat' dir='ltr'><strong>Deus</strong></span> 
     </span>
    </p>
   </div>
   <div class='ocr_carea' id='block_1_82' title="bbox 247 4649 1826 4720">
    <p class='ocr_par' dir='ltr' id='par_1_82' title="bbox 247 4649 1826 4720">
     <span class='ocr_line' id='line_1_83' title="bbox 247 4649 1826 4720; baseline 0 -16"><span class='ocrx_word' id='word_1_611' title='bbox 247 4651 340 4704; x_wconf 79' lang='lat' dir='ltr'><strong>Dei</strong></span> <span class='ocrx_word' id='word_1_612' title='bbox 372 4649 606 4704; x_wconf 89' lang='lat' dir='ltr'><strong>Verbum</strong></span> <span class='ocrx_word' id='word_1_613' title='bbox 635 4650 690 4703; x_wconf 91' lang='lat' dir='ltr'><strong>in</strong></span> <span class='ocrx_word' id='word_1_614' title='bbox 724 4665 787 4705; x_wconf 92' lang='lat' dir='ltr'><strong>ea</strong></span> <span class='ocrx_word' id='word_1_615' title='bbox 830 4650 1094 4706; x_wconf 83' lang='lat' dir='ltr'><strong>habitavit</strong></span> <span class='ocrx_word' id='word_1_616' title='bbox 1133 4661 1298 4720; x_wconf 88' lang='lat' dir='ltr'><strong>atque</strong></span> <span class='ocrx_word' id='word_1_617' title='bbox 1322 4668 1390 4707; x_wconf 80' lang='lat' dir='ltr'><strong>ex</strong></span> <span class='ocrx_word' id='word_1_618' title='bbox 1422 4667 1484 4706; x_wconf 85' lang='lat' dir='ltr'><strong>ea</strong></span> <span class='ocrx_word' id='word_1_619' title='bbox 1516 4652 1618 4705; x_wconf 82' lang='lat' dir='ltr'><strong>fuit</strong></span> <span class='ocrx_word' id='word_1_620' title='bbox 1648 4653 1826 4706; x_wconf 83' lang='lat' dir='ltr'><strong>incar-</strong></span> 
     </span>
    </p>
   </div>
   <div class='ocr_carea' id='block_1_83' title="bbox 245 4742 1823 4818">
    <p class='ocr_par' dir='ltr' id='par_1_83' title="bbox 245 4742 1823 4818">
     <span class='ocr_line' id='line_1_84' title="bbox 245 4742 1823 4818; baseline 0 -20"><span class='ocrx_word' id='word_1_621' title='bbox 245 4756 460 4808; x_wconf 89' lang='lat' dir='ltr'><strong>natum,</strong></span> <span class='ocrx_word' id='word_1_622' title='bbox 493 4753 701 4813; x_wconf 84' lang='lat' dir='ltr'><strong>quanto</strong></span> <span class='ocrx_word' id='word_1_623' title='bbox 730 4747 906 4818; x_wconf 75' lang='lat' dir='ltr'><strong>magis</strong></span> <span class='ocrx_word' id='word_1_624' title='bbox 944 4755 1161 4815; x_wconf 88' lang='lat' dir='ltr'><strong>oportet</strong></span> <span class='ocrx_word' id='word_1_625' title='bbox 1209 4742 1324 4802; x_wconf 75' lang='lat' dir='ltr'><strong>fieri</strong></span> <span class='ocrx_word' id='word_1_626' title='bbox 1373 4757 1428 4801; x_wconf 89' lang='lat' dir='ltr'><strong>et</strong></span> <span class='ocrx_word' id='word_1_627' title='bbox 1461 4745 1646 4815; x_wconf 81' lang='lat' dir='ltr'><strong>perfici</strong></span> <span class='ocrx_word' id='word_1_628' title='bbox 1687 4745 1823 4800; x_wconf 84' lang='lat' dir='ltr'><strong>«livi-</strong></span> 
     </span>
    </p>
   </div>
   <div class='ocr_carea' id='block_1_84' title="bbox 245 4837 1824 4908">
    <p class='ocr_par' dir='ltr' id='par_1_84' title="bbox 245 4837 1824 4908">
     <span class='ocr_line' id='line_1_85' title="bbox 245 4837 1824 4908; baseline 0.001 -17"><span class='ocrx_word' id='word_1_629' title='bbox 245 4852 373 4891; x_wconf 87' lang='lat' dir='ltr'><strong>num</strong></span> <span class='ocrx_word' id='word_1_630' title='bbox 399 4837 540 4891; x_wconf 88' lang='lat' dir='ltr'><strong>istud</strong></span> <span class='ocrx_word' id='word_1_631' title='bbox 567 4852 707 4908; x_wconf 78' lang='lat' dir='ltr'><strong>opus</strong></span> <span class='ocrx_word' id='word_1_632' title='bbox 734 4852 795 4892; x_wconf 88' lang='lat' dir='ltr'><strong>ac</strong></span> <span class='ocrx_word' id='word_1_633' title='bbox 848 4837 1316 4908; x_wconf 85' lang='lat' dir='ltr'><strong>antiquissimum,</strong></span> <span class='ocrx_word' id='word_1_634' title='bbox 1356 4846 1544 4907; x_wconf 87' lang='lat' dir='ltr'><strong>utpote</strong></span> <span class='ocrx_word' id='word_1_635' title='bbox 1581 4853 1608 4891; x_wconf 88' lang='lat' dir='ltr'><strong>a</strong></span> <span class='ocrx_word' id='word_1_636' title='bbox 1640 4838 1824 4892; x_wconf 88' lang='lat' dir='ltr'><strong>Patri-</strong></span> 
     </span>
    </p>
   </div>
   <div class='ocr_carea' id='block_1_85' title="bbox 245 4927 1818 4998">
    <p class='ocr_par' dir='ltr' id='par_1_85' title="bbox 245 4927 1818 4998">
     <span class='ocr_line' id='line_1_86' title="bbox 245 4927 1818 4998; baseline -0.001 -14"><span class='ocrx_word' id='word_1_637' title='bbox 245 4929 348 4985; x_wconf 89' lang='lat' dir='ltr'><strong>bus</strong></span> <span class='ocrx_word' id='word_1_638' title='bbox 383 4929 668 4984; x_wconf 86' lang='lat' dir='ltr'><strong>traditum.</strong></span> <span class='ocrx_word' id='word_1_639' title='bbox 693 4927 991 4984; x_wconf 85' lang='lat' dir='ltr'><strong>Testantur</strong></span> <span class='ocrx_word' id='word_1_640' title='bbox 1053 4930 1236 4998; x_wconf 85' lang='lat' dir='ltr'><strong>typica</strong></span> <span class='ocrx_word' id='word_1_641' title='bbox 1274 4930 1459 4984; x_wconf 90' lang='lat' dir='ltr'><strong>omnia</strong></span> <span class='ocrx_word' id='word_1_642' title='bbox 1495 4939 1549 4984; x_wconf 88' lang='lat' dir='ltr'><strong>et</strong></span> <span class='ocrx_word' id='word_1_643' title='bbox 1578 4945 1818 4984; x_wconf 76' lang='lat' dir='ltr'><strong>conSuc-</strong></span> 
     </span>
    </p>
   </div>
   <div class='ocr_carea' id='block_1_86' title="bbox 248 5023 1830 5092">
    <p class='ocr_par' dir='ltr' id='par_1_86' title="bbox 248 5023 1830 5092">
     <span class='ocr_line' id='line_1_87' title="bbox 248 5023 1830 5092; baseline 0 -17"><span class='ocrx_word' id='word_1_644' title='bbox 248 5024 378 5076; x_wconf 86' lang='lat' dir='ltr'><strong>tudo</strong></span> <span class='ocrx_word' id='word_1_645' title='bbox 401 5023 692 5092; x_wconf 88' lang='lat' dir='ltr'><strong>desupera</strong></span> <span class='ocrx_word' id='word_1_646' title='bbox 751 5023 1008 5078; x_wconf 87' lang='lat' dir='ltr'><strong>Patribus</strong></span> <span class='ocrx_word' id='word_1_647' title='bbox 1053 5024 1118 5075; x_wconf 89' lang='lat' dir='ltr'><strong>ad</strong></span> <span class='ocrx_word' id='word_1_648' title='bbox 1154 5038 1253 5077; x_wconf 92' lang='lat' dir='ltr'><strong>nos</strong></span> <span class='ocrx_word' id='word_1_649' title='bbox 1308 5025 1632 5076; x_wconf 85' lang='lat' dir='ltr'><strong>transmissa</strong></span> <span class='ocrx_word' id='word_1_650' title='bbox 1701 5038 1830 5076; x_wconf 79' lang='lat' dir='ltr'><strong>san-</strong></span> 
     </span>
    </p>
   </div>
   <div class='ocr_carea' id='block_1_87' title="bbox 249 5112 1830 5183">
    <p class='ocr_par' dir='ltr' id='par_1_87' title="bbox 249 5112 1830 5183">
     <span class='ocr_line' id='line_1_88' title="bbox 249 5112 1830 5183; baseline -0.002 -15"><span class='ocrx_word' id='word_1_651' title='bbox 249 5125 393 5168; x_wconf 82' lang='lat' dir='ltr'><strong>ctam</strong></span> <span class='ocrx_word' id='word_1_652' title='bbox 435 5130 556 5170; x_wconf 86' lang='lat' dir='ltr'><strong>esse</strong></span> <span class='ocrx_word' id='word_1_653' title='bbox 590 5115 750 5167; x_wconf 84' lang='lat' dir='ltr'><strong>istam</strong></span> <span class='ocrx_word' id='word_1_654' title='bbox 783 5115 939 5182; x_wconf 88' lang='lat' dir='ltr'><strong>panis</strong></span> <span class='ocrx_word' id='word_1_655' title='bbox 989 5114 1186 5169; x_wconf 85' lang='lat' dir='ltr'><strong>elevati</strong></span> <span class='ocrx_word' id='word_1_656' title='bbox 1248 5113 1468 5183; x_wconf 89' lang='lat' dir='ltr'><strong>Deoqne</strong></span> <span class='ocrx_word' id='word_1_657' title='bbox 1519 5112 1688 5167; x_wconf 85' lang='lat' dir='ltr'><strong>oblati</strong></span> <span class='ocrx_word' id='word_1_658' title='bbox 1723 5127 1830 5166; x_wconf 82' lang='lat' dir='ltr'><strong>cae-</strong></span> 
     </span>
    </p>
   </div>
   <div class='ocr_carea' id='block_1_88' title="bbox 252 5203 1824 5272">
    <p class='ocr_par' dir='ltr' id='par_1_88' title="bbox 252 5203 1824 5272">
     <span class='ocr_line' id='line_1_89' title="bbox 252 5203 1824 5272; baseline -0.001 -14"><span class='ocrx_word' id='word_1_659' title='bbox 252 5209 575 5269; x_wconf 86' lang='lat' dir='ltr'><strong>remoniam,</strong></span> <span class='ocrx_word' id='word_1_660' title='bbox 643 5204 937 5261; x_wconf 75' lang='lat' dir='ltr'><strong>Trinitatis</strong></span> <span class='ocrx_word' id='word_1_661' title='bbox 977 5205 1410 5272; x_wconf 74' lang='lat' dir='ltr'><strong>confessionem,</strong></span> <span class='ocrx_word' id='word_1_662' title='bbox 1470 5213 1673 5260; x_wconf 74' lang='lat' dir='ltr'><strong>sancta:</strong></span> <span class='ocrx_word' id='word_1_663' title='bbox 1731 5203 1824 5257; x_wconf 90' lang='lat' dir='ltr'><strong>Dei</strong></span> 
     </span>
    </p>
   </div>
   <div class='ocr_carea' id='block_1_89' title="bbox 250 5297 1826 5370">
    <p class='ocr_par' dir='ltr' id='par_1_89' title="bbox 250 5297 1826 5370">
     <span class='ocr_line' id='line_1_90' title="bbox 250 5297 1826 5370; baseline -0.001 -18"><span class='ocrx_word' id='word_1_664' title='bbox 250 5299 535 5370; x_wconf 77' lang='lat' dir='ltr'><strong>genitricis</strong></span> <span class='ocrx_word' id='word_1_665' title='bbox 570 5299 976 5356; x_wconf 87' lang='lat' dir='ltr'><strong>invocationem</strong></span> <span class='ocrx_word' id='word_1_666' title='bbox 1005 5315 1068 5354; x_wconf 86' lang='lat' dir='ltr'><strong>ac</strong></span> <span class='ocrx_word' id='word_1_667' title='bbox 1096 5300 1312 5354; x_wconf 90' lang='lat' dir='ltr'><strong>laudem</strong></span> <span class='ocrx_word' id='word_1_668' title='bbox 1375 5300 1427 5351; x_wconf 92' lang='lat' dir='ltr'><strong>in</strong></span> <span class='ocrx_word' id='word_1_669' title='bbox 1493 5297 1826 5368; x_wconf 80' lang='lat' dir='ltr'><strong>adjutorium</strong></span> 
     </span>
    </p>
   </div>
   <div class='ocr_carea' id='block_1_90' title="bbox 248 5390 1828 5456">
    <p class='ocr_par' dir='ltr' id='par_1_90' title="bbox 248 5390 1828 5456">
     <span class='ocr_line' id='line_1_91' title="bbox 248 5390 1828 5456; baseline -0.001 -10"><span class='ocrx_word' id='word_1_670' title='bbox 248 5399 496 5446; x_wconf 87' lang='lat' dir='ltr'><strong>nostrum</strong></span> <span class='ocrx_word' id='word_1_671' title='bbox 531 5391 752 5456; x_wconf 81' lang='lat' dir='ltr'><strong>factam.</strong></span> <span class='ocrx_word' id='word_1_672' title='bbox 788 5409 996 5448; x_wconf 89' lang='lat' dir='ltr'><strong>necnon</strong></span> <span class='ocrx_word' id='word_1_673' title='bbox 1025 5393 1158 5447; x_wconf 89' lang='lat' dir='ltr'><strong>illud</strong></span> <span class='ocrx_word' id='word_1_674' title='bbox 1192 5409 1204 5446; x_wconf 89' lang='lat'>:</span> <span class='ocrx_word' id='word_1_675' title='bbox 1243 5391 1493 5447; x_wconf 81' lang='lat' dir='ltr'><strong>«Beatam</strong></span> <span class='ocrx_word' id='word_1_676' title='bbox 1520 5399 1571 5445; x_wconf 94' lang='lat' dir='ltr'><strong>te</strong></span> <span class='ocrx_word' id='word_1_677' title='bbox 1590 5390 1828 5444; x_wconf 74' lang='lat' dir='ltr'><strong>dicimus</strong></span> 
     </span>
    </p>
   </div>
   <div class='ocr_carea' id='block_1_91' title="bbox 249 5472 1820 5553">
    <p class='ocr_par' dir='ltr' id='par_1_91' title="bbox 249 5472 1820 5553">
     <span class='ocr_line' id='line_1_92' title="bbox 249 5472 1820 5553; baseline -0.001 -17"><span class='ocrx_word' id='word_1_678' title='bbox 249 5496 440 5536; x_wconf 77' lang='lat' dir='ltr'><strong>ontnes</strong></span> <span class='ocrx_word' id='word_1_679' title='bbox 467 5483 897 5553; x_wconf 57' lang='lat' dir='ltr'><strong>generationesn</strong></span> <span class='ocrx_word' id='word_1_680' title='bbox 945 5472 1147 5538; x_wconf 86' lang='lat' dir='ltr'><strong>bonum</strong></span> <span class='ocrx_word' id='word_1_681' title='bbox 1179 5485 1228 5539; x_wconf 93' lang='lat' dir='ltr'><strong>ei</strong></span> <span class='ocrx_word' id='word_1_682' title='bbox 1252 5500 1371 5539; x_wconf 68' lang='lat' dir='ltr'><strong>esse</strong></span> <span class='ocrx_word' id='word_1_683' title='bbox 1391 5495 1608 5537; x_wconf 82' lang='lat' dir='ltr'><strong>cautam</strong></span> <span class='ocrx_word' id='word_1_684' title='bbox 1645 5491 1698 5536; x_wconf 86' lang='lat' dir='ltr'><strong>et</strong></span> <span class='ocrx_word' id='word_1_685' title='bbox 1725 5495 1820 5535; x_wconf 85' lang='lat' dir='ltr'><strong>ac-</strong></span> 
     </span>
    </p>
   </div>
   <div class='ocr_carea' id='block_1_92' title="bbox 250 5571 1824 5643">
    <p class='ocr_par' dir='ltr' id='par_1_92' title="bbox 250 5571 1824 5643">
     <span class='ocr_line' id='line_1_93' title="bbox 250 5571 1824 5643; baseline -0.001 -15"><span class='ocrx_word' id='word_1_686' title='bbox 250 5573 524 5642; x_wconf 71' lang='lat' dir='ltr'><strong>ci-ptabtle</strong></span> <span class='ocrx_word' id='word_1_687' title='bbox 550 5580 812 5643; x_wconf 84' lang='lat' dir='ltr'><strong>tanquam</strong></span> <span class='ocrx_word' id='word_1_688' title='bbox 846 5575 913 5629; x_wconf 90' lang='lat' dir='ltr'><strong>ab</strong></span> <span class='ocrx_word' id='word_1_689' title='bbox 943 5589 1004 5628; x_wconf 87' lang='lat' dir='ltr'><strong>ea</strong></span> <span class='ocrx_word' id='word_1_690' title='bbox 1052 5574 1371 5643; x_wconf 82' lang='lat' dir='ltr'><strong>praedictum</strong></span> <span class='ocrx_word' id='word_1_691' title='bbox 1401 5583 1455 5626; x_wconf 87' lang='lat' dir='ltr'><strong>et</strong></span> <span class='ocrx_word' id='word_1_692' title='bbox 1478 5588 1543 5626; x_wconf 79' lang='lat' dir='ltr'><strong>ex</strong></span> <span class='ocrx_word' id='word_1_693' title='bbox 1567 5586 1631 5628; x_wconf 89' lang='lat' dir='ltr'><strong>ea</strong></span> <span class='ocrx_word' id='word_1_694' title='bbox 1664 5573 1750 5627; x_wconf 91' lang='lat' dir='ltr'><strong>ins</strong></span> <span class='ocrx_word' id='word_1_695' title='bbox 1779 5571 1824 5626; x_wconf 88' lang='lat' dir='ltr'><strong>i-</strong></span> 
     </span>
    </p>
   </div>
   <div class='ocr_carea' id='block_1_93' title="bbox 257 5662 1825 5736">
    <p class='ocr_par' dir='ltr' id='par_1_93' title="bbox 257 5662 1825 5736">
     <span class='ocr_line' id='line_1_94' title="bbox 257 5662 1825 5736; baseline 0 -21"><span class='ocrx_word' id='word_1_696' title='bbox 257 5671 434 5719; x_wconf 87' lang='lat' dir='ltr'><strong>tutum</strong></span> <span class='ocrx_word' id='word_1_697' title='bbox 466 5677 529 5718; x_wconf 89' lang='lat' dir='ltr'><strong>ac</strong></span> <span class='ocrx_word' id='word_1_698' title='bbox 555 5663 1014 5732; x_wconf 85' lang='lat' dir='ltr'><strong>quemadmodum</strong></span> <span class='ocrx_word' id='word_1_699' title='bbox 1063 5664 1175 5733; x_wconf 87' lang='lat' dir='ltr'><strong>ipsa</strong></span> <span class='ocrx_word' id='word_1_700' title='bbox 1230 5663 1456 5734; x_wconf 84' lang='lat' dir='ltr'><strong>protulit</strong></span> <span class='ocrx_word' id='word_1_701' title='bbox 1490 5662 1825 5736; x_wconf 61' lang='lat' dir='ltr'><strong>repetitum;</strong></span> 
     </span>
    </p>
   </div>
   <div class='ocr_carea' id='block_1_94' title="bbox 1927 3074 3510 3147">
    <p class='ocr_par' dir='ltr' id='par_1_94' title="bbox 1927 3074 3510 3147">
     <span class='ocr_line' id='line_1_95' title="bbox 1927 3074 3510 3147; baseline -0.002 -17"><span class='ocrx_word' id='word_1_702' title='bbox 1927 3094 2024 3130; x_wconf 83' lang='grc' dir='ltr'><strong>του</strong></span> <span class='ocrx_word' id='word_1_703' title='bbox 2074 3075 2351 3147; x_wconf 81' lang='grc' dir='ltr'>βοήθειαν,</span> <span class='ocrx_word' id='word_1_704' title='bbox 2378 3079 2472 3130; x_wconf 73' lang='grc' dir='ltr'><strong>καὶ</strong></span> <span class='ocrx_word' id='word_1_705' title='bbox 2523 3076 2682 3129; x_wconf 82' lang='grc' dir='ltr'>τοῦτο</span> <span class='ocrx_word' id='word_1_706' title='bbox 2733 3078 2909 3128; x_wconf 82' lang='grc' dir='ltr'>ποιεῖν</span> <span class='ocrx_word' id='word_1_707' title='bbox 2953 3074 3416 3145; x_wconf 67' lang='grc' dir='ltr'>παρακελεύομαι</span> <span class='ocrx_word' id='word_1_708' title='bbox 3453 3077 3510 3127; x_wconf 79' lang='grc' dir='ltr'><strong>ἐν</strong></span> 
     </span>
    </p>
   </div>
   <div class='ocr_carea' id='block_1_95' title="bbox 1928 3166 3511 3240">
    <p class='ocr_par' dir='ltr' id='par_1_95' title="bbox 1928 3166 3511 3240">
     <span class='ocr_line' id='line_1_96' title="bbox 1928 3166 3511 3240; baseline -0.003 -18"><span class='ocrx_word' id='word_1_709' title='bbox 1928 3169 2188 3240; x_wconf 77' lang='grc' dir='ltr'>Χριστῷο</span> <span class='ocrx_word' id='word_1_710' title='bbox 2221 3168 2316 3221; x_wconf 81' lang='grc' dir='ltr'>καὶ</span> <span class='ocrx_word' id='word_1_711' title='bbox 2342 3166 2666 3235; x_wconf 84' lang='grc' dir='ltr'>ἀνατίθημι,</span> <span class='ocrx_word' id='word_1_712' title='bbox 2711 3167 2802 3219; x_wconf 73' lang='grc' dir='ltr'><strong>καὶ</strong></span> <span class='ocrx_word' id='word_1_713' title='bbox 2843 3166 3231 3237; x_wconf 80' lang='grc' dir='ltr'>παραγγέλλω,</span> <span class='ocrx_word' id='word_1_714' title='bbox 3268 3166 3360 3219; x_wconf 75' lang='grc' dir='ltr'>καὶ</span> <span class='ocrx_word' id='word_1_715' title='bbox 3409 3183 3511 3217; x_wconf 78' lang='grc' dir='ltr'>πα-</span> 
     </span>
    </p>
   </div>
   <div class='ocr_carea' id='block_1_96' title="bbox 1932 3257 3517 3334">
    <p class='ocr_par' dir='ltr' id='par_1_96' title="bbox 1932 3257 3517 3334">
     <span class='ocr_line' id='line_1_97' title="bbox 1932 3257 3517 3334; baseline -0.002 -19"><span class='ocrx_word' id='word_1_716' title='bbox 1932 3260 2157 3333; x_wconf 88' lang='grc' dir='ltr'>ρακαλῶ</span> <span class='ocrx_word' id='word_1_717' title='bbox 2199 3260 2344 3330; x_wconf 79' lang='grc' dir='ltr'>ὑμᾶς</span> <span class='ocrx_word' id='word_1_718' title='bbox 2391 3261 2601 3322; x_wconf 81' lang='grc' dir='ltr'>πάντας</span> <span class='ocrx_word' id='word_1_719' title='bbox 2650 3261 2730 3323; x_wconf 87' lang='grc' dir='ltr'><strong>είς</strong></span> <span class='ocrx_word' id='word_1_720' title='bbox 2785 3261 3063 3328; x_wconf 83' lang='grc' dir='ltr'>σωτηρίαν</span> <span class='ocrx_word' id='word_1_721' title='bbox 3093 3258 3277 3328; x_wconf 81' lang='grc' dir='ltr'>ἡμῶν.</span> <span class='ocrx_word' id='word_1_722' title='bbox 3320 3260 3381 3312; x_wconf 84' lang='lat' dir='ltr'><strong>El</strong></span> <span class='ocrx_word' id='word_1_723' title='bbox 3418 3257 3517 3334; x_wconf 37' lang='grc' dir='ltr'>οὖν,</span> 
     </span>
    </p>
   </div>
   <div class='ocr_carea' id='block_1_97' title="bbox 1927 3350 3514 3425">
    <p class='ocr_par' dir='ltr' id='par_1_97' title="bbox 1927 3350 3514 3425">
     <span class='ocr_line' id='line_1_98' title="bbox 1927 3350 3514 3425; baseline -0.004 -17"><span class='ocrx_word' id='word_1_724' title='bbox 1927 3354 2038 3408; x_wconf 83' lang='grc' dir='ltr'><strong>τῶν</strong></span> <span class='ocrx_word' id='word_1_725' title='bbox 2071 3353 2395 3425; x_wconf 69' lang='grc' dir='ltr'>ἑτεροδόξων</span> <span class='ocrx_word' id='word_1_726' title='bbox 2422 3354 2568 3414; x_wconf 84' lang='grc' dir='ltr'>τινὲς</span> <span class='ocrx_word' id='word_1_727' title='bbox 2589 3350 2735 3421; x_wconf 85' lang='grc' dir='ltr'>πρωῖ</span> <span class='ocrx_word' id='word_1_728' title='bbox 2753 3352 2848 3404; x_wconf 72' lang='grc' dir='ltr'><strong>καὶ</strong></span> <span class='ocrx_word' id='word_1_729' title='bbox 2876 3352 3116 3420; x_wconf 79' lang='grc' dir='ltr'>ἑσπέρας</span> <span class='ocrx_word' id='word_1_730' title='bbox 3145 3352 3226 3415; x_wconf 75' lang='grc' dir='ltr'><strong>τὸ,</strong></span> <span class='ocrx_word' id='word_1_731' title='bbox 3265 3370 3283 3402; x_wconf 94' lang='lat'><strong>«</strong></span> <span class='ocrx_word' id='word_1_732' title='bbox 3313 3350 3514 3420; x_wconf 80' lang='grc' dir='ltr'>Χαῖρε,</span> 
     </span>
    </p>
   </div>
   <div class='ocr_carea' id='block_1_98' title="bbox 1931 3440 3513 3518">
    <p class='ocr_par' dir='ltr' id='par_1_98' title="bbox 1931 3440 3513 3518">
     <span class='ocr_line' id='line_1_99' title="bbox 1931 3440 3513 3518; baseline -0.004 -20"><span class='ocrx_word' id='word_1_733' title='bbox 1931 3445 2384 3516; x_wconf 85' lang='grc' dir='ltr'>κεχαριτωμένη,’</span> <span class='ocrx_word' id='word_1_734' title='bbox 2425 3462 2443 3496; x_wconf 74' lang='grc' dir='ltr'><strong>ι</strong></span> <span class='ocrx_word' id='word_1_735' title='bbox 2499 3445 2680 3511; x_wconf 84' lang='grc' dir='ltr'>λέγειν</span> <span class='ocrx_word' id='word_1_736' title='bbox 2741 3445 2826 3496; x_wconf 77' lang='grc' dir='ltr'>ἀεὶ</span> <span class='ocrx_word' id='word_1_737' title='bbox 2893 3440 3282 3506; x_wconf 77' lang='grc' dir='ltr'>σπουδάζουσι,</span> <span class='ocrx_word' id='word_1_738' title='bbox 3342 3441 3513 3518; x_wconf 37' lang='grc' dir='ltr'>τιμὴς</span> 
     </span>
    </p>
   </div>
   <div class='ocr_carea' id='block_1_99' title="bbox 1927 3526 3515 3608">
    <p class='ocr_par' dir='ltr' id='par_1_99' title="bbox 1927 3526 3515 3608">
     <span class='ocr_line' id='line_1_100' title="bbox 1927 3526 3515 3608; baseline -0.004 -17"><span class='ocrx_word' id='word_1_739' title='bbox 1927 3539 2091 3592; x_wconf 80' lang='grc' dir='ltr'>τοῦτο</span> <span class='ocrx_word' id='word_1_740' title='bbox 2121 3537 2412 3608; x_wconf 79' lang='grc' dir='ltr'>ἡγούμενοι</span> <span class='ocrx_word' id='word_1_741' title='bbox 2442 3538 2540 3606; x_wconf 82' lang='grc' dir='ltr'>τῆς</span> <span class='ocrx_word' id='word_1_742' title='bbox 2567 3538 2737 3605; x_wconf 84' lang='grc' dir='ltr'>ἁγνῆς</span> <span class='ocrx_word' id='word_1_743' title='bbox 2766 3535 3206 3602; x_wconf 73' lang='grc' dir='ltr'>Θεοτόκου,ὅπερ</span> <span class='ocrx_word' id='word_1_744' title='bbox 3226 3534 3346 3586; x_wconf 75' lang='grc' dir='ltr'><strong>οὑδέ</strong></span> <span class='ocrx_word' id='word_1_745' title='bbox 3378 3526 3515 3601; x_wconf 70' lang='grc' dir='ltr'>παρ’</span> 
     </span>
    </p>
   </div>
   <div class='ocr_carea' id='block_1_100' title="bbox 1929 3624 3484 3698">
    <p class='ocr_par' dir='ltr' id='par_1_100' title="bbox 1929 3624 3484 3698">
     <span class='ocr_line' id='line_1_101' title="bbox 1929 3624 3484 3698; baseline -0.002 -20"><span class='ocrx_word' id='word_1_746' title='bbox 1929 3625 2111 3679; x_wconf 85' lang='grc' dir='ltr'>αὐτῶν</span> <span class='ocrx_word' id='word_1_747' title='bbox 2145 3629 2291 3679; x_wconf 81' lang='grc' dir='ltr'>ἐστιν</span> <span class='ocrx_word' id='word_1_748' title='bbox 2321 3626 2648 3696; x_wconf 84' lang='grc' dir='ltr'>εὑρημένον,</span> <span class='ocrx_word' id='word_1_749' title='bbox 2682 3625 2798 3678; x_wconf 84' lang='grc' dir='ltr'>ἀλλ’</span> <span class='ocrx_word' id='word_1_750' title='bbox 2822 3624 2938 3689; x_wconf 80' lang='grc' dir='ltr'>ἔθος</span> <span class='ocrx_word' id='word_1_751' title='bbox 2968 3626 3194 3698; x_wconf 81' lang='grc' dir='ltr'>ἀρχαῖον</span> <span class='ocrx_word' id='word_1_752' title='bbox 3219 3625 3484 3694; x_wconf 62' lang='grc' dir='ltr'>πατρικὸν</span> 
     </span>
    </p>
   </div>
   <div class='ocr_carea' id='block_1_101' title="bbox 1928 3718 3517 3794">
    <p class='ocr_par' dir='ltr' id='par_1_101' title="bbox 1928 3718 3517 3794">
     <span class='ocr_line' id='line_1_102' title="bbox 1928 3718 3517 3794; baseline 0.001 -24"><span class='ocrx_word' id='word_1_753' title='bbox 1928 3718 2073 3771; x_wconf 84' lang='grc' dir='ltr'><strong>καθὰ</strong></span> <span class='ocrx_word' id='word_1_754' title='bbox 2104 3718 2200 3771; x_wconf 75' lang='grc' dir='ltr'><strong>καὶ</strong></span> <span class='ocrx_word' id='word_1_755' title='bbox 2228 3718 2450 3792; x_wconf 78' lang='grc' dir='ltr'>μαθήσῃ</span> <span class='ocrx_word' id='word_1_756' title='bbox 2483 3718 2621 3788; x_wconf 85' lang='grc' dir='ltr'><strong>μετὰ</strong></span> <span class='ocrx_word' id='word_1_757' title='bbox 2642 3718 2840 3789; x_wconf 79' lang='grc' dir='ltr'>βραχυ,</span> <span class='ocrx_word' id='word_1_758' title='bbox 2873 3719 3052 3789; x_wconf 83' lang='grc' dir='ltr'>πολλῷ</span> <span class='ocrx_word' id='word_1_759' title='bbox 3083 3736 3146 3787; x_wconf 89' lang='grc' dir='ltr'><strong>γε</strong></span> <span class='ocrx_word' id='word_1_760' title='bbox 3177 3719 3379 3788; x_wconf 80' lang='grc' dir='ltr'>μᾶλλον</span> <span class='ocrx_word' id='word_1_761' title='bbox 3402 3718 3517 3794; x_wconf 64' lang='grc' dir='ltr'>χρὴ</span> 
     </span>
    </p>
   </div>
   <div class='ocr_carea' id='block_1_102' title="bbox 1928 3809 3508 3880">
    <p class='ocr_par' dir='ltr' id='par_1_102' title="bbox 1928 3809 3508 3880">
     <span class='ocr_line' id='line_1_103' title="bbox 1928 3809 3508 3880; baseline -0.001 -16"><span class='ocrx_word' id='word_1_762' title='bbox 1928 3811 2052 3872; x_wconf 79' lang='grc' dir='ltr'>τοὺς</span> <span class='ocrx_word' id='word_1_763' title='bbox 2079 3809 2395 3880; x_wconf 79' lang='grc' dir='ltr'>όρθοδόξους</span> <span class='ocrx_word' id='word_1_764' title='bbox 2423 3810 2572 3878; x_wconf 74' lang='grc' dir='ltr'>ἡμᾶς</span> <span class='ocrx_word' id='word_1_765' title='bbox 2607 3811 2703 3862; x_wconf 76' lang='grc' dir='ltr'><strong>καί</strong></span> <span class='ocrx_word' id='word_1_766' title='bbox 2733 3811 2831 3878; x_wconf 84' lang='grc' dir='ltr'>τῆς</span> <span class='ocrx_word' id='word_1_767' title='bbox 2857 3811 3154 3879; x_wconf 79' lang='grc' dir='ltr'>καθολικῆς</span> <span class='ocrx_word' id='word_1_768' title='bbox 3187 3811 3354 3871; x_wconf 77' lang='grc' dir='ltr'>ὅντως</span> <span class='ocrx_word' id='word_1_769' title='bbox 3387 3809 3508 3862; x_wconf 82' lang='grc' dir='ltr'><strong>Ἐκ-</strong></span> 
     </span>
    </p>
   </div>
   <div class='ocr_carea' id='block_1_103' title="bbox 1930 3903 3506 3974">
    <p class='ocr_par' dir='ltr' id='par_1_103' title="bbox 1930 3903 3506 3974">
     <span class='ocr_line' id='line_1_104' title="bbox 1930 3903 3506 3974; baseline 0.001 -16"><span class='ocrx_word' id='word_1_770' title='bbox 1930 3904 2158 3973; x_wconf 83' lang='grc' dir='ltr'>κλησίας</span> <span class='ocrx_word' id='word_1_771' title='bbox 2190 3904 2347 3956; x_wconf 77' lang='grc' dir='ltr'>τοῦτο</span> <span class='ocrx_word' id='word_1_772' title='bbox 2404 3905 2582 3955; x_wconf 85' lang='grc' dir='ltr'>ποιεῖν</span> <span class='ocrx_word' id='word_1_773' title='bbox 2630 3903 2989 3966; x_wconf 83' lang='grc' dir='ltr'>ἀδιαλείπτως</span> <span class='ocrx_word' id='word_1_774' title='bbox 3039 3905 3133 3957; x_wconf 74' lang='grc' dir='ltr'><strong>καὶ</strong></span> <span class='ocrx_word' id='word_1_775' title='bbox 3171 3907 3229 3957; x_wconf 87' lang='grc' dir='ltr'><strong>ἐν</strong></span> <span class='ocrx_word' id='word_1_776' title='bbox 3277 3904 3506 3974; x_wconf 80' lang='grc' dir='ltr'>σπουδῇ.</span> 
     </span>
    </p>
   </div>
   <div class='ocr_carea' id='block_1_104' title="bbox 1930 3995 3507 4068">
    <p class='ocr_par' dir='ltr' id='par_1_104' title="bbox 1930 3995 3507 4068">
     <span class='ocr_line' id='line_1_105' title="bbox 1930 3995 3507 4068; baseline -0.002 -19"><span class='ocrx_word' id='word_1_777' title='bbox 1930 3998 2057 4050; x_wconf 83' lang='grc' dir='ltr'>Ὀτι</span> <span class='ocrx_word' id='word_1_778' title='bbox 2104 3998 2161 4050; x_wconf 81' lang='grc' dir='ltr'>δὲ</span> <span class='ocrx_word' id='word_1_779' title='bbox 2193 3997 2274 4059; x_wconf 77' lang='grc' dir='ltr'>τὸ,</span> <span class='ocrx_word' id='word_1_780' title='bbox 2309 4015 2328 4047; x_wconf 95' lang='lat'><strong>«</strong></span> <span class='ocrx_word' id='word_1_781' title='bbox 2372 3998 2566 4066; x_wconf 86' lang='grc' dir='ltr'>Χαῖρε,</span> <span class='ocrx_word' id='word_1_782' title='bbox 2615 3998 3059 4067; x_wconf 80' lang='grc' dir='ltr'>κεχαριτωμένη,</span> <span class='ocrx_word' id='word_1_783' title='bbox 3109 4015 3127 4047; x_wconf 74' lang='grc' dir='ltr'><strong>ι</strong></span> <span class='ocrx_word' id='word_1_784' title='bbox 3172 3995 3394 4068; x_wconf 78' lang='grc' dir='ltr'>ᾄδεσθαι</span> <span class='ocrx_word' id='word_1_785' title='bbox 3449 3999 3507 4049; x_wconf 88' lang='grc' dir='ltr'><strong>ἐν</strong></span> 
     </span>
    </p>
   </div>
   <div class='ocr_carea' id='block_1_105' title="bbox 1932 4087 3500 4160">
    <p class='ocr_par' dir='ltr' id='par_1_105' title="bbox 1932 4087 3500 4160">
     <span class='ocr_line' id='line_1_106' title="bbox 1932 4087 3500 4160; baseline -0.003 -18"><span class='ocrx_word' id='word_1_786' title='bbox 1932 4092 1999 4160; x_wconf 85' lang='grc' dir='ltr'>τῇ</span> <span class='ocrx_word' id='word_1_787' title='bbox 2063 4089 2336 4159; x_wconf 73' lang='grc' dir='ltr'>ἐκκλησίᾳ</span> <span class='ocrx_word' id='word_1_788' title='bbox 2369 4089 2539 4142; x_wconf 82' lang='grc' dir='ltr'>πάλαι</span> <span class='ocrx_word' id='word_1_789' title='bbox 2579 4088 2892 4156; x_wconf 77' lang='grc' dir='ltr'>εἰθισμένον</span> <span class='ocrx_word' id='word_1_790' title='bbox 2932 4089 3068 4154; x_wconf 73' lang='grc' dir='ltr'>ἐστὶ,</span> <span class='ocrx_word' id='word_1_791' title='bbox 3098 4087 3274 4156; x_wconf 84' lang='grc' dir='ltr'>γνῶτε</span> <span class='ocrx_word' id='word_1_792' title='bbox 3302 4088 3410 4140; x_wconf 79' lang='grc' dir='ltr'>ἀπό</span> <span class='ocrx_word' id='word_1_793' title='bbox 3442 4105 3500 4139; x_wconf 90' lang='grc' dir='ltr'><strong>τε</strong></span> 
     </span>
    </p>
   </div>
   <div class='ocr_carea' id='block_1_106' title="bbox 1927 4180 3510 4252">
    <p class='ocr_par' dir='ltr' id='par_1_106' title="bbox 1927 4180 3510 4252">
     <span class='ocr_line' id='line_1_107' title="bbox 1927 4180 3510 4252; baseline -0.002 -18"><span class='ocrx_word' id='word_1_794' title='bbox 1927 4183 2039 4234; x_wconf 81' lang='grc' dir='ltr'><strong>τῶν</strong></span> <span class='ocrx_word' id='word_1_795' title='bbox 2065 4180 2210 4236; x_wconf 84' lang='grc' dir='ltr'>κατὰ</span> <span class='ocrx_word' id='word_1_796' title='bbox 2234 4184 2332 4252; x_wconf 81' lang='grc' dir='ltr'>τὴν</span> <span class='ocrx_word' id='word_1_797' title='bbox 2357 4182 2520 4248; x_wconf 83' lang='grc' dir='ltr'>ἁγίαν</span> <span class='ocrx_word' id='word_1_798' title='bbox 2555 4180 3017 4252; x_wconf 80' lang='grc' dir='ltr'>Τεσσαρακοστὴν</span> <span class='ocrx_word' id='word_1_799' title='bbox 3065 4180 3393 4248; x_wconf 82' lang='grc' dir='ltr'>ὲσπερινῶν,</span> <span class='ocrx_word' id='word_1_800' title='bbox 3421 4180 3510 4233; x_wconf 78' lang='grc' dir='ltr'>ὅτε</span> 
     </span>
    </p>
   </div>
   <div class='ocr_carea' id='block_1_107' title="bbox 1937 4271 3510 4343">
    <p class='ocr_par' dir='ltr' id='par_1_107' title="bbox 1937 4271 3510 4343">
     <span class='ocr_line' id='line_1_108' title="bbox 1937 4271 3510 4343; baseline -0.001 -19"><span class='ocrx_word' id='word_1_801' title='bbox 1937 4273 2043 4342; x_wconf 81' lang='grc' dir='ltr'><strong>πρὸ</strong></span> <span class='ocrx_word' id='word_1_802' title='bbox 2083 4274 2283 4335; x_wconf 73' lang='grc' dir='ltr'>παντὸς</span> <span class='ocrx_word' id='word_1_803' title='bbox 2322 4273 2486 4326; x_wconf 81' lang='grc' dir='ltr'>ἄλλου</span> <span class='ocrx_word' id='word_1_804' title='bbox 2538 4275 2596 4327; x_wconf 86' lang='grc' dir='ltr'><strong>ἐν</strong></span> <span class='ocrx_word' id='word_1_805' title='bbox 2643 4271 2721 4343; x_wconf 81' lang='grc' dir='ltr'><strong>τῷ</strong></span> <span class='ocrx_word' id='word_1_806' title='bbox 2769 4274 2915 4326; x_wconf 81' lang='grc' dir='ltr'>τέλει</span> <span class='ocrx_word' id='word_1_807' title='bbox 2953 4275 3092 4342; x_wconf 84' lang='grc' dir='ltr'><strong>μετὰ</strong></span> <span class='ocrx_word' id='word_1_808' title='bbox 3141 4273 3223 4340; x_wconf 78' lang='grc' dir='ltr'><strong>τὺ,</strong></span> <span class='ocrx_word' id='word_1_809' title='bbox 3261 4291 3280 4324; x_wconf 93' lang='lat'><strong>«</strong></span> <span class='ocrx_word' id='word_1_810' title='bbox 3327 4271 3510 4341; x_wconf 77' lang='grc' dir='ltr'>Πάτερ</span> 
     </span>
    </p>
   </div>
   <div class='ocr_carea' id='block_1_108' title="bbox 1934 4360 3506 4434">
    <p class='ocr_par' dir='ltr' id='par_1_108' title="bbox 1934 4360 3506 4434">
     <span class='ocr_line' id='line_1_109' title="bbox 1934 4360 3506 4434; baseline -0.003 -18"><span class='ocrx_word' id='word_1_811' title='bbox 1934 4362 2115 4434; x_wconf 77' lang='grc' dir='ltr'>ἡμῶν,</span> <span class='ocrx_word' id='word_1_812' title='bbox 2161 4382 2179 4414; x_wconf 76' lang='grc' dir='ltr'><strong>ι</strong></span> <span class='ocrx_word' id='word_1_813' title='bbox 2217 4363 2374 4418; x_wconf 81' lang='grc' dir='ltr'>τοῦτο</span> <span class='ocrx_word' id='word_1_814' title='bbox 2427 4363 2590 4426; x_wconf 74' lang='grc' dir='ltr'>εὐθὺς</span> <span class='ocrx_word' id='word_1_815' title='bbox 2620 4363 2876 4432; x_wconf 86' lang='grc' dir='ltr'>λέγομεν,</span> <span class='ocrx_word' id='word_1_816' title='bbox 2907 4382 2925 4414; x_wconf 93' lang='lat'><strong>«</strong></span> <span class='ocrx_word' id='word_1_817' title='bbox 2970 4362 3198 4416; x_wconf 84' lang='grc' dir='ltr'>Θεοτόκε</span> <span class='ocrx_word' id='word_1_818' title='bbox 3239 4360 3506 4431; x_wconf 82' lang='grc' dir='ltr'>Παρθένε,</span> 
     </span>
    </p>
   </div>
   <div class='ocr_carea' id='block_1_109' title="bbox 1933 4455 3510 4528">
    <p class='ocr_par' dir='ltr' id='par_1_109' title="bbox 1933 4455 3510 4528">
     <span class='ocr_line' id='line_1_110' title="bbox 1933 4455 3510 4528; baseline -0.002 -18"><span class='ocrx_word' id='word_1_819' title='bbox 1933 4460 2114 4528; x_wconf 84' lang='grc' dir='ltr'>χαῖρε,</span> <span class='ocrx_word' id='word_1_820' title='bbox 2142 4458 2631 4528; x_wconf 86' lang='grc' dir='ltr'>κεχαριτωμένη,ό</span> <span class='ocrx_word' id='word_1_821' title='bbox 2660 4457 2863 4526; x_wconf 86' lang='grc' dir='ltr'>Κύριος</span> <span class='ocrx_word' id='word_1_822' title='bbox 2899 4458 3037 4526; x_wconf 82' lang='grc' dir='ltr'><strong>μετὰ</strong></span> <span class='ocrx_word' id='word_1_823' title='bbox 3075 4457 3192 4521; x_wconf 81' lang='grc' dir='ltr'>σοῦ,</span> <span class='ocrx_word' id='word_1_824' title='bbox 3229 4475 3247 4507; x_wconf 74' lang='grc' dir='ltr'><strong>ι</strong></span> <span class='ocrx_word' id='word_1_825' title='bbox 3280 4457 3374 4509; x_wconf 70' lang='grc' dir='ltr'>καὶ</span> <span class='ocrx_word' id='word_1_826' title='bbox 3402 4455 3510 4508; x_wconf 74' lang='grc' dir='ltr'>ἀπὸ</span> 
     </span>
    </p>
   </div>
   <div class='ocr_carea' id='block_1_110' title="bbox 1933 4547 3510 4621">
    <p class='ocr_par' dir='ltr' id='par_1_110' title="bbox 1933 4547 3510 4621">
     <span class='ocr_line' id='line_1_111' title="bbox 1933 4547 3510 4621; baseline -0.003 -18"><span class='ocrx_word' id='word_1_827' title='bbox 1933 4550 2026 4604; x_wconf 78' lang='grc' dir='ltr'>τοῦ</span> <span class='ocrx_word' id='word_1_828' title='bbox 2055 4553 2112 4604; x_wconf 88' lang='grc' dir='ltr'><strong>ἐν</strong></span> <span class='ocrx_word' id='word_1_829' title='bbox 2150 4552 2265 4612; x_wconf 83' lang='grc' dir='ltr'>τοῖς</span> <span class='ocrx_word' id='word_1_830' title='bbox 2305 4552 2615 4621; x_wconf 86' lang='grc' dir='ltr'>ἐσπερινοῖς</span> <span class='ocrx_word' id='word_1_831' title='bbox 2643 4549 2748 4602; x_wconf 84' lang='grc' dir='ltr'><strong>τῶν</strong></span> <span class='ocrx_word' id='word_1_832' title='bbox 2799 4549 3122 4620; x_wconf 79' lang='grc' dir='ltr'>ἀγρυπνιῶν</span> <span class='ocrx_word' id='word_1_833' title='bbox 3156 4551 3262 4619; x_wconf 66' lang='grc' dir='ltr'><strong>πρδ</strong></span> <span class='ocrx_word' id='word_1_834' title='bbox 3294 4547 3393 4613; x_wconf 79' lang='grc' dir='ltr'>τῆς</span> <span class='ocrx_word' id='word_1_835' title='bbox 3421 4548 3510 4599; x_wconf 84' lang='grc' dir='ltr'>εὑ-</span> 
     </span>
    </p>
   </div>
   <div class='ocr_carea' id='block_1_111' title="bbox 1932 4639 3509 4712">
    <p class='ocr_par' dir='ltr' id='par_1_111' title="bbox 1932 4639 3509 4712">
     <span class='ocr_line' id='line_1_112' title="bbox 1932 4639 3509 4712; baseline -0.004 -17"><span class='ocrx_word' id='word_1_836' title='bbox 1932 4643 2120 4711; x_wconf 87' lang='grc' dir='ltr'>λογίας</span> <span class='ocrx_word' id='word_1_837' title='bbox 2149 4643 2258 4694; x_wconf 90' lang='grc' dir='ltr'><strong>τῶν</strong></span> <span class='ocrx_word' id='word_1_838' title='bbox 2293 4643 2474 4712; x_wconf 82' lang='grc' dir='ltr'>ἄρτων</span> <span class='ocrx_word' id='word_1_839' title='bbox 2513 4641 2672 4694; x_wconf 82' lang='grc' dir='ltr'>τοῦτο</span> <span class='ocrx_word' id='word_1_840' title='bbox 2704 4640 2970 4710; x_wconf 80' lang='grc' dir='ltr'>διηνεκῶς</span> <span class='ocrx_word' id='word_1_841' title='bbox 2997 4639 3255 4706; x_wconf 83' lang='grc' dir='ltr'>λέγεσθαι</span> <span class='ocrx_word' id='word_1_842' title='bbox 3280 4655 3294 4669; x_wconf 78' lang='grc' dir='ltr'><strong>ο</strong></span> <span class='ocrx_word' id='word_1_843' title='bbox 3325 4640 3417 4691; x_wconf 69' lang='grc' dir='ltr'><strong>καὶ</strong></span> <span class='ocrx_word' id='word_1_844' title='bbox 3451 4639 3509 4689; x_wconf 83' lang='grc' dir='ltr'><strong>ἐν</strong></span> 
     </span>
    </p>
   </div>
   <div class='ocr_carea' id='block_1_112' title="bbox 1933 4729 3511 4806">
    <p class='ocr_par' dir='ltr' id='par_1_112' title="bbox 1933 4729 3511 4806">
     <span class='ocr_line' id='line_1_113' title="bbox 1933 4729 3511 4806; baseline -0.005 -18"><span class='ocrx_word' id='word_1_845' title='bbox 1933 4738 1999 4805; x_wconf 82' lang='grc' dir='ltr'>τῇ</span> <span class='ocrx_word' id='word_1_846' title='bbox 2040 4736 2323 4806; x_wconf 81' lang='grc' dir='ltr'>ᾀσματικῇ</span> <span class='ocrx_word' id='word_1_847' title='bbox 2355 4733 2411 4786; x_wconf 83' lang='grc' dir='ltr'>δὲ</span> <span class='ocrx_word' id='word_1_848' title='bbox 2441 4733 2592 4799; x_wconf 79' lang='grc' dir='ltr'>τάξει</span> <span class='ocrx_word' id='word_1_849' title='bbox 2626 4735 2685 4785; x_wconf 89' lang='grc' dir='ltr'><strong>ἐν</strong></span> <span class='ocrx_word' id='word_1_850' title='bbox 2723 4734 2856 4785; x_wconf 84' lang='grc' dir='ltr'>πᾶσι</span> <span class='ocrx_word' id='word_1_851' title='bbox 2903 4732 3018 4793; x_wconf 87' lang='grc' dir='ltr'>τοῖς</span> <span class='ocrx_word' id='word_1_852' title='bbox 3047 4732 3376 4801; x_wconf 78' lang='grc' dir='ltr'>ἑσπερινοῖς,</span> <span class='ocrx_word' id='word_1_853' title='bbox 3403 4729 3511 4782; x_wconf 83' lang='grc' dir='ltr'><strong>ὥσ-</strong></span> 
     </span>
    </p>
   </div>
   <div class='ocr_carea' id='block_1_113' title="bbox 1935 4823 3506 4900">
    <p class='ocr_par' dir='ltr' id='par_1_113' title="bbox 1935 4823 3506 4900">
     <span class='ocr_line' id='line_1_114' title="bbox 1935 4823 3506 4900; baseline -0.004 -19"><span class='ocrx_word' id='word_1_854' title='bbox 1935 4846 2039 4900; x_wconf 89' lang='grc' dir='ltr'><strong>περ</strong></span> <span class='ocrx_word' id='word_1_855' title='bbox 2087 4828 2288 4895; x_wconf 79' lang='grc' dir='ltr'>οἴδατε,</span> <span class='ocrx_word' id='word_1_856' title='bbox 2322 4827 2444 4890; x_wconf 79' lang='grc' dir='ltr'><strong>Ιέθος</strong></span> <span class='ocrx_word' id='word_1_857' title='bbox 2472 4827 2631 4879; x_wconf 80' lang='grc' dir='ltr'>τοῦτο</span> <span class='ocrx_word' id='word_1_858' title='bbox 2669 4825 2792 4879; x_wconf 83' lang='grc' dir='ltr'>καθ’</span> <span class='ocrx_word' id='word_1_859' title='bbox 2841 4825 3092 4894; x_wconf 77' lang='grc' dir='ltr'>ἑσπέραν</span> <span class='ocrx_word' id='word_1_860' title='bbox 3142 4826 3200 4877; x_wconf 92' lang='grc' dir='ltr'><strong>ἐν</strong></span> <span class='ocrx_word' id='word_1_861' title='bbox 3229 4826 3400 4891; x_wconf 82' lang='grc' dir='ltr'>ταύτῃ</span> <span class='ocrx_word' id='word_1_862' title='bbox 3440 4823 3506 4890; x_wconf 74' lang='grc' dir='ltr'>τῇ</span> 
     </span>
    </p>
   </div>
   <div class='ocr_carea' id='block_1_114' title="bbox 1937 4911 3508 4989">
    <p class='ocr_par' dir='ltr' id='par_1_114' title="bbox 1937 4911 3508 4989">
     <span class='ocr_line' id='line_1_115' title="bbox 1937 4911 3508 4989; baseline -0.006 -19"><span class='ocrx_word' id='word_1_863' title='bbox 1937 4919 2146 4989; x_wconf 79' lang='grc' dir='ltr'>μεγάλῃ</span> <span class='ocrx_word' id='word_1_864' title='bbox 2173 4917 2282 4970; x_wconf 86' lang='grc' dir='ltr'><strong>τῶν</strong></span> <span class='ocrx_word' id='word_1_865' title='bbox 2321 4915 2768 4969; x_wconf 84' lang='grc' dir='ltr'>Θεσσαλονικέων</span> <span class='ocrx_word' id='word_1_866' title='bbox 2810 4915 3108 4985; x_wconf 72' lang='grc' dir='ltr'>Ἐκκλησία</span> <span class='ocrx_word' id='word_1_867' title='bbox 3140 4912 3419 4981; x_wconf 77' lang='grc' dir='ltr'>λέγεσθαι.</span> <span class='ocrx_word' id='word_1_868' title='bbox 3447 4911 3508 4964; x_wconf 83' lang='lat' dir='ltr'><strong>El</strong></span> 
     </span>
    </p>
   </div>
   <div class='ocr_carea' id='block_1_115' title="bbox 1930 5003 3510 5076">
    <p class='ocr_par' dir='ltr' id='par_1_115' title="bbox 1930 5003 3510 5076">
     <span class='ocr_line' id='line_1_116' title="bbox 1930 5003 3510 5076; baseline -0.007 -11"><span class='ocrx_word' id='word_1_869' title='bbox 1930 5009 2024 5065; x_wconf 77' lang='grc' dir='ltr'><strong>οὖν</strong></span> <span class='ocrx_word' id='word_1_870' title='bbox 2078 5009 2267 5074; x_wconf 84' lang='grc' dir='ltr'>ἁπλῶς</span> <span class='ocrx_word' id='word_1_871' title='bbox 2315 5009 2394 5072; x_wconf 84' lang='grc' dir='ltr'><strong>τὸ,</strong></span> <span class='ocrx_word' id='word_1_872' title='bbox 2463 5027 2481 5060; x_wconf 84' lang='grc' dir='ltr'><strong>ι</strong></span> <span class='ocrx_word' id='word_1_873' title='bbox 2522 5009 2721 5076; x_wconf 86' lang='grc' dir='ltr'>Χαῖρε,</span> <span class='ocrx_word' id='word_1_874' title='bbox 2772 5005 3220 5076; x_wconf 81' lang='grc' dir='ltr'>κεχαριτωμένη,</span> <span class='ocrx_word' id='word_1_875' title='bbox 3264 5022 3284 5054; x_wconf 76' lang='grc' dir='ltr'><strong>ι</strong></span> <span class='ocrx_word' id='word_1_876' title='bbox 3347 5003 3510 5073; x_wconf 89' lang='grc' dir='ltr'>μόνον</span> 
     </span>
    </p>
   </div>
   <div class='ocr_carea' id='block_1_116' title="bbox 1931 5096 3511 5174">
    <p class='ocr_par' dir='ltr' id='par_1_116' title="bbox 1931 5096 3511 5174">
     <span class='ocr_line' id='line_1_117' title="bbox 1931 5096 3511 5174; baseline -0.006 -16"><span class='ocrx_word' id='word_1_877' title='bbox 1931 5105 2226 5174; x_wconf 87' lang='grc' dir='ltr'>λεγόμενον</span> <span class='ocrx_word' id='word_1_878' title='bbox 2266 5101 2430 5173; x_wconf 76' lang='lat'><strong>260</strong></span> <span class='ocrx_word' id='word_1_879' title='bbox 2466 5101 2786 5168; x_wconf 77' lang='grc' dir='ltr'>ἀναγκαῖον,</span> <span class='ocrx_word' id='word_1_880' title='bbox 2826 5103 2920 5152; x_wconf 76' lang='grc' dir='ltr'><strong>καὶ</strong></span> <span class='ocrx_word' id='word_1_881' title='bbox 2957 5101 3036 5162; x_wconf 87' lang='grc' dir='ltr'><strong>είς</strong></span> <span class='ocrx_word' id='word_1_882' title='bbox 3083 5098 3250 5168; x_wconf 82' lang='grc' dir='ltr'>τιμὴν</span> <span class='ocrx_word' id='word_1_883' title='bbox 3287 5097 3382 5149; x_wconf 77' lang='grc' dir='ltr'>καὶ</span> <span class='ocrx_word' id='word_1_884' title='bbox 3426 5096 3511 5148; x_wconf 76' lang='grc' dir='ltr'>δό-</span> 
     </span>
    </p>
   </div>
   <div class='ocr_carea' id='block_1_117' title="bbox 1933 5184 3509 5268">
    <p class='ocr_par' dir='ltr' id='par_1_117' title="bbox 1933 5184 3509 5268">
     <span class='ocr_line' id='line_1_118' title="bbox 1933 5184 3509 5268; baseline -0.006 -17"><span class='ocrx_word' id='word_1_885' title='bbox 1933 5199 2026 5264; x_wconf 83' lang='grc' dir='ltr'><strong>ξαν</strong></span> <span class='ocrx_word' id='word_1_886' title='bbox 2067 5200 2168 5268; x_wconf 76' lang='grc' dir='ltr'>τῆς</span> <span class='ocrx_word' id='word_1_887' title='bbox 2205 5197 2568 5264; x_wconf 79' lang='grc' dir='ltr'>Θεομήτορος,</span> <span class='ocrx_word' id='word_1_888' title='bbox 2596 5193 2685 5247; x_wconf 75' lang='grc' dir='ltr'><strong>διὰ</strong></span> <span class='ocrx_word' id='word_1_889' title='bbox 2731 5190 2906 5245; x_wconf 76' lang='grc' dir='ltr'>τὸτοῦ</span> <span class='ocrx_word' id='word_1_890' title='bbox 2957 5190 3302 5261; x_wconf 83' lang='grc' dir='ltr'>ἀρχαγγέλου</span> <span class='ocrx_word' id='word_1_891' title='bbox 3368 5184 3509 5242; x_wconf 71' lang='grc' dir='ltr'>εἶναι</span> 
     </span>
    </p>
   </div>
   <div class='ocr_carea' id='block_1_118' title="bbox 1933 5280 3512 5361">
    <p class='ocr_par' dir='ltr' id='par_1_118' title="bbox 1933 5280 3512 5361">
     <span class='ocr_line' id='line_1_119' title="bbox 1933 5280 3512 5361; baseline -0.008 -17"><span class='ocrx_word' id='word_1_892' title='bbox 1933 5291 2139 5360; x_wconf 82' lang='grc' dir='ltr'>φωνὴν,</span> <span class='ocrx_word' id='word_1_893' title='bbox 2183 5292 2241 5343; x_wconf 87' lang='grc' dir='ltr'><strong>ἐν</strong></span> <span class='ocrx_word' id='word_1_894' title='bbox 2378 5288 2444 5357; x_wconf 82' lang='grc' dir='ltr'>δὴ</span> <span class='ocrx_word' id='word_1_895' title='bbox 2483 5288 2517 5356; x_wconf 79' lang='grc' dir='ltr'><strong>ἡ</strong></span> <span class='ocrx_word' id='word_1_896' title='bbox 2569 5284 2680 5356; x_wconf 69' lang='grc' dir='ltr'><strong>ἀρὰ</strong></span> <span class='ocrx_word' id='word_1_897' title='bbox 2731 5283 2919 5353; x_wconf 80' lang='grc' dir='ltr'>ἐλύθη,</span> <span class='ocrx_word' id='word_1_898' title='bbox 2957 5287 3049 5334; x_wconf 78' lang='grc' dir='ltr'><strong>καὶ</strong></span> <span class='ocrx_word' id='word_1_899' title='bbox 3085 5283 3118 5352; x_wconf 79' lang='grc' dir='ltr'>ἡ</span> <span class='ocrx_word' id='word_1_900' title='bbox 3153 5281 3297 5351; x_wconf 74' lang='grc' dir='ltr'>χαρὰ</span> <span class='ocrx_word' id='word_1_901' title='bbox 3346 5280 3512 5349; x_wconf 72' lang='grc' dir='ltr'>ἐϐρα-</span> 
     </span>
    </p>
   </div>
   <div class='ocr_carea' id='block_1_119' title="bbox 1933 5372 3511 5452">
    <p class='ocr_par' dir='ltr' id='par_1_119' title="bbox 1933 5372 3511 5452">
     <span class='ocr_line' id='line_1_120' title="bbox 1933 5372 3511 5452; baseline -0.009 -16"><span class='ocrx_word' id='word_1_902' title='bbox 1933 5383 2121 5452; x_wconf 80' lang='grc' dir='ltr'>6εὑθη,</span> <span class='ocrx_word' id='word_1_903' title='bbox 2171 5383 2198 5436; x_wconf 88' lang='grc' dir='ltr'><strong>ό</strong></span> <span class='ocrx_word' id='word_1_904' title='bbox 2238 5381 2430 5451; x_wconf 83' lang='grc' dir='ltr'>Σωτὴρ</span> <span class='ocrx_word' id='word_1_905' title='bbox 2464 5378 2575 5432; x_wconf 82' lang='grc' dir='ltr'><strong>τῶν</strong></span> <span class='ocrx_word' id='word_1_906' title='bbox 2606 5377 2743 5430; x_wconf 84' lang='grc' dir='ltr'>ὅλων</span> <span class='ocrx_word' id='word_1_907' title='bbox 2775 5379 2802 5429; x_wconf 82' lang='grc' dir='ltr'>ὁ</span> <span class='ocrx_word' id='word_1_908' title='bbox 2846 5376 2940 5428; x_wconf 81' lang='grc' dir='ltr'>τοῦ</span> <span class='ocrx_word' id='word_1_909' title='bbox 2978 5373 3114 5426; x_wconf 74' lang='grc' dir='ltr'>Θεοῦ</span> <span class='ocrx_word' id='word_1_910' title='bbox 3169 5373 3302 5434; x_wconf 75' lang='grc' dir='ltr'>Θεὸς</span> <span class='ocrx_word' id='word_1_911' title='bbox 3335 5372 3511 5439; x_wconf 86' lang='grc' dir='ltr'>Λόγος</span> 
     </span>
    </p>
   </div>
   <div class='ocr_carea' id='block_1_120' title="bbox 1935 5460 3507 5543">
    <p class='ocr_par' dir='ltr' id='par_1_120' title="bbox 1935 5460 3507 5543">
     <span class='ocr_line' id='line_1_121' title="bbox 1935 5460 3507 5543; baseline -0.01 -15"><span class='ocrx_word' id='word_1_912' title='bbox 1935 5472 2282 5543; x_wconf 81' lang='grc' dir='ltr'>ἐνσκηνὼσας</span> <span class='ocrx_word' id='word_1_913' title='bbox 2334 5471 2392 5522; x_wconf 87' lang='grc' dir='ltr'><strong>ἐν</strong></span> <span class='ocrx_word' id='word_1_914' title='bbox 2445 5469 2610 5538; x_wconf 81' lang='grc' dir='ltr'>αὑτῇ,</span> <span class='ocrx_word' id='word_1_915' title='bbox 2664 5468 2759 5520; x_wconf 66' lang='grc' dir='ltr'>καὶ</span> <span class='ocrx_word' id='word_1_916' title='bbox 2816 5465 2877 5529; x_wconf 77' lang='grc' dir='ltr'>ἐξ</span> <span class='ocrx_word' id='word_1_917' title='bbox 2933 5465 3106 5534; x_wconf 82' lang='grc' dir='ltr'>αὑτῆς</span> <span class='ocrx_word' id='word_1_918' title='bbox 3166 5460 3507 5533; x_wconf 86' lang='grc' dir='ltr'>σαρκωθείς·</span> 
     </span>
    </p>
   </div>
   <div class='ocr_carea' id='block_1_121' title="bbox 1935 5553 3510 5639">
    <p class='ocr_par' dir='ltr' id='par_1_121' title="bbox 1935 5553 3510 5639">
     <span class='ocr_line' id='line_1_122' title="bbox 1935 5553 3510 5639; baseline -0.01 -18"><span class='ocrx_word' id='word_1_919' title='bbox 1935 5566 2116 5639; x_wconf 83' lang='grc' dir='ltr'>πολλῷ</span> <span class='ocrx_word' id='word_1_920' title='bbox 2145 5584 2204 5635; x_wconf 86' lang='grc' dir='ltr'><strong>γε</strong></span> <span class='ocrx_word' id='word_1_921' title='bbox 2240 5564 2439 5636; x_wconf 79' lang='grc' dir='ltr'>μᾶλλον</span> <span class='ocrx_word' id='word_1_922' title='bbox 2473 5563 2555 5618; x_wconf 88' lang='grc' dir='ltr'><strong>δεῖ</strong></span> <span class='ocrx_word' id='word_1_923' title='bbox 2600 5561 2662 5614; x_wconf 79' lang='grc' dir='ltr'><strong>τὸ</strong></span> <span class='ocrx_word' id='word_1_924' title='bbox 2714 5557 2858 5613; x_wconf 89' lang='grc' dir='ltr'>θεῖον</span> <span class='ocrx_word' id='word_1_925' title='bbox 2892 5557 3052 5610; x_wconf 81' lang='grc' dir='ltr'>τοῦτο</span> <span class='ocrx_word' id='word_1_926' title='bbox 3084 5555 3250 5627; x_wconf 74' lang='grc' dir='ltr'>ἔργον</span> <span class='ocrx_word' id='word_1_927' title='bbox 3275 5554 3370 5607; x_wconf 78' lang='grc' dir='ltr'>καὶ</span> <span class='ocrx_word' id='word_1_928' title='bbox 3411 5553 3510 5621; x_wconf 80' lang='grc' dir='ltr'>ἁρ-</span> 
     </span>
    </p>
   </div>
   <div class='ocr_carea' id='block_1_122' title="bbox 1936 5648 3504 5734">
    <p class='ocr_par' dir='ltr' id='par_1_122' title="bbox 1936 5648 3504 5734">
     <span class='ocr_line' id='line_1_123' title="bbox 1936 5648 3504 5734; baseline -0.013 -18"><span class='ocrx_word' id='word_1_929' title='bbox 1936 5657 2622 5734; x_wconf 66' lang='grc' dir='ltr'>χαιότατονέκτελεῖσθαι,</span> <span class='ocrx_word' id='word_1_930' title='bbox 2650 5652 2726 5718; x_wconf 84' lang='grc' dir='ltr'>ὡς</span> <span class='ocrx_word' id='word_1_931' title='bbox 2761 5652 2865 5705; x_wconf 69' lang='grc' dir='ltr'>ὑπὸ</span> <span class='ocrx_word' id='word_1_932' title='bbox 2900 5651 3008 5706; x_wconf 88' lang='grc' dir='ltr'><strong>τῶν</strong></span> <span class='ocrx_word' id='word_1_933' title='bbox 3042 5648 3300 5719; x_wconf 79' lang='grc' dir='ltr'>Πατέρων</span> <span class='ocrx_word' id='word_1_934' title='bbox 3323 5661 3504 5716; x_wconf 74' lang='grc' dir='ltr'>παρα·-</span> 
     </span>
    </p>
   </div>
   <div class='ocr_carea' id='block_1_123' title="bbox 3492 3659 3523 3719">
    <p class='ocr_par' dir='ltr' id='par_1_123' title="bbox 3492 3659 3523 3719">
     <span class='ocr_line' id='line_1_124' title="bbox 3492 3659 3523 3719; baseline 0 0"><span class='ocrx_word' id='word_1_935' title='bbox 3492 3659 3523 3719; x_wconf 70' lang='grc' dir='ltr'>ι.</span> 
     </span>
    </p>
   </div>
  </div>
