4094 6194
235 1454 249 1504 ἔ

238 1513 255 1602 i

242 1626 254 1655 ι

308 258 411 325 671

1169 255 1547 319 SYMEONIS
1582 256 2345 326 TIlESSALONlCENSlS
2385 255 2737 317 ARCIIIEP.

3456 252 3559 317 672

299 378 525 434 νίεείηισ
544 384 635 431 tua
664 381 719 430 et
739 376 792 430 in
823 380 1088 430 aeternum
1114 390 1223 430 non
1253 366 1528 444 peccabis,
1560 392 1577 426 ι
1610 378 1699 443 εί,
1760 366 1876 425 Prae

1988 386 2084 446 τῇς
2127 374 2302 428 ’ποτέο
2346 393 2365 427 ι
2418 376 2536 439 καὶ,
2590 392 2609 425 ι
2654 368 2939 441 Ἐτοίμαξε
2973 368 3107 441 πρός
3148 368 3242 441 τὴν
3281 366 3457 436 ἔξοδον
3492 372 3559 423 τὰ

301 484 433 541 para
461 469 526 524 ad
554 469 760 523 exitum
794 482 962 538 opera
1007 478 1121 524 tua.
1156 487 1178 521 ι
1228 468 1405 537 Hujus
1463 468 1639 539 gratia
1694 467 1874 521 omnis

298 560 617 618 sollicitudo
660 569 872 625 nostra,
926 568 982 615 et
1031 560 1156 630 fuga
1202 558 1413 623 mundi,
1453 572 1504 615 et
1544 559 1785 623 deserta,
1823 567 1876 614 et

298 654 659 721 monasteria,
698 661 753 708 et
778 653 1066 717 exercitia,
1108 662 1169 708 ut
1200 652 1419 723 quando
1474 653 1690 708 venerit
1726 653 1872 719 linis,

299 748 476 817 parati
522 748 888 811 inveniamur,
930 747 1189 817 quodqui
1240 748 1391 802 venit
1428 751 1492 801 ad
1543 747 1873 802 salvandum

300 856 402 895 nos
452 856 663 910 nosque
701 843 931 897 salvavit
989 857 1088 895 nos
1146 842 1303 896 docet
1352 841 1584 896 dicens:
1633 861 1651 893 ι
1691 842 1876 896 Estote

299 933 503 1004 parati,
544 936 669 1003 quin
711 935 943 991 nescitis
966 952 1073 1004 qua
1114 936 1244 990 hora
1297 936 1562 990 Dominus
1612 946 1876 989 venturus

301 1027 432 1091 sit,»
457 1038 543 1083 et:
574 1048 591 1079 ι
623 1029 678 1081 Si
704 1029 869 1083 sciret
891 1028 1282 1098 paterfamilias
1311 1045 1415 1098 qua
1447 1029 1577 1081 hora
1608 1028 1693 1081 fur
1726 1030 1877 1083 veni-

297 1128 405 1187 ret,
444 1122 692 1189 vigilaret
724 1124 915 1191 utique
943 1134 997 1176 et
1031 1139 1138 1175 non
1164 1122 1373 1177 sineret
1400 1121 1610 1192 perfodi
1646 1122 1871 1176 domum

300 1226 453 1264 suam
478 1228 493 1277 ;
536 1222 590 1266 et
619 1227 717 1267 vos
741 1222 912 1268 estote
939 1215 1137 1281 parati,
1164 1214 1291 1282 quia
1324 1230 1428 1283 qua
1458 1214 1593 1267 hora
1628 1230 1734 1267 non
1772 1229 1873 1282 pu-

301 1303 431 1357 tatis
462 1301 633 1359 Filius
661 1304 897 1359 hominis
932 1305 1132 1360 venirt.
1172 1323 1189 1355 ι
1227 1305 1592 1368 Quamobrem
1623 1320 1723 1359 nos
1755 1321 1878 1360 om.

301 1409 402 1449 nes
433 1410 649 1464 semper
676 1404 893 1465 oportet
915 1413 1036 1453 esse
1062 1398 1128 1449 ad
1179 1397 1382 1450 exitum
1414 1406 1659 1465 paratos,
1704 1412 1880 1465 neque

302 1497 514 1543 tantum
586 1489 855 1545 sollicitos
896 1504 1021 1545 esse
1062 1490 1129 1544 de
1165 1490 1248 1543 his
1278 1506 1398 1559 quae
1435 1490 1561 1543 aliis
1606 1488 1880 1558 relinque-

302 1596 453 1643 mus,
517 1582 609 1635 sed
664 1582 728 1636 de
787 1582 946 1636 nobis
996 1582 1151 1649 ipsis,
1191 1597 1255 1635 ue
1309 1581 1445 1634 forte
1527 1581 1686 1635 hodie
1723 1598 1750 1635 a
1786 1599 1883 1637 no-

301 1668 387 1722 bis
449 1670 662 1725 animas
712 1677 931 1725 nostras
982 1680 1251 1738 repetant.
1307 1670 1578 1725 Caeterum
1627 1688 1877 1741 quaenam
1913 1711 1954 1765 Β

300 1761 410 1814 crit
442 1760 648 1816 utilitas
693 1761 851 1817 nobis
910 1762 1106 1816 horum
1162 1764 1226 1818 de
1268 1765 1467 1834 quibus
1518 1766 1735 1819 solliciti
1786 1783 1871 1820 su-

300 1850 468 1907 mus?
504 1851 627 1907 Ideo
665 1861 881 1923 oportet
922 1856 1200 1926 negligere
1257 1858 1545 1926 praesentia
1596 1866 1649 1912 ct
1697 1858 1877 1911 humi-

302 1944 447 2007 liari,
486 1952 541 1998 et
564 1944 940 2013 paenitentiam
973 1961 1154 2016 agere,
1203 1957 1257 1999 et
1294 1946 1464 2001 Deum
1504 1948 1779 2010 conﬁteri,
1815 1957 1870 2001 et

300 2050 427 2089 eum
480 2034 548 2087 ad
608 2033 1040 2089 misericordiam
1108 2050 1448 2104 provocare,
1516 2044 1570 2090 et
1626 2035 1872 2106 mysticae

301 2126 674 2182 communioni
708 2126 952 2182 studiose
981 2128 1312 2197 participare
1345 2137 1399 2183 et
1439 2128 1558 2183 sine
1596 2128 1873 2183 intermis-

302 2220 460 2275 sione
491 2219 637 2275 istud
670 2218 849 2276 facere
885 2222 935 2274 in
976 2220 1262 2290 diligentia
1301 2231 1355 2276 et
1403 2222 1717 2276 humilitate
1765 2224 1881 2277 ani-

306 2328 431 2375 mze,
469 2298 728 2382 quoniam
757 2313 881 2369 inde
914 2330 1014 2369 nos
1066 2332 1187 2369 t'lllll
1224 2316 1330 2368 Deo
1378 2330 1589 2380 sumus,
1632 2316 1881 2387 Deus-que

303 2403 589 2459 nobiscum
611 2404 737 2472 erit,
764 2403 922 2475 cujus
947 2420 1114 2461 causa
1155 2406 1475 2462 incarnatus
1504 2414 1609 2461 est.

831 2604 1059 2662 CAPUT
1095 2607 1343 2664 CCCLX.

306 2718 385 2774 De
409 2734 469 2774 eo
493 2721 634 2791 quod
660 2723 942 2775 tremendis
969 2725 1232 2793 mysteriis
1256 2728 1645 2782 communicare
1667 2731 1884 2785 assidue

517 2802 740 2860 oportet,
772 2808 889 2863 qua:
920 2811 999 2849 res
1026 2807 1102 2849 est
1138 2797 1391 2851 salutaris
1419 2800 1703 2868 imprimis.

373 2949 502 3006 ideo
529 2950 690 3005 etiam
730 2949 832 3007 ista
869 2951 1026 3006 nobis
1058 2952 1277 3007 tradidit
1301 2955 1580 3024 mysteria,
1613 2965 1672 3011 ut
1709 2973 1878 3012 unum

1976 460 2115 535 ἔργα
2146 482 2269 522 σου.¹
2303 484 2322 516 ι
2361 465 2474 518 Καὶ
2510 464 2701 517 τούτου
2737 463 2927 516 ἕνεκεν
2954 464 3087 533 ἡμῖν
3116 461 3305 516 ἅπασα
3334 462 3366 529 ἠ
3401 478 3561 532 φρον-

1975 556 2083 619 τὶς,
2110 554 2206 609 καί⁵
2240 556 2412 624 φυγαὶ
2446 554 2679 622 κόσμου,
2707 553 2798 607 καὶ
2831 550 3083 622 ὲρημίαι,
3114 552 3211 605 καὶ
3256 552 3439 621 μοναὶ,
3465 553 3562 607 καὶ

1977 645 2260 715 ἀσκήσεις,
2289 644 2365 708 ὡς
2395 644 2486 710 ἂν,
2518 643 2616 697 τοῦ
2643 642 2833 705 τέλους
2863 641 3131 705 ἐλθόντος,
3154 640 3363 710 ἕτοιμοι
3410 640 3563 711 εὐρε-

1978 737 2189 807 θῶμεν’
2237 738 2319 793 ὅτι
2365 737 2460 791 καὶ
2496 739 2524 790 6
2554 736 2725 790 σῶσαι
2778 737 2925 806 ἡμᾶς
2981 733 3174 801 ἐλθὼν,
3246 738 3340 790 καὶ
3383 736 3564 799 σώσας

1978 829 2150 897 ἡμᾶς,
2184 826 2328 880 οὕτω
2354 827 2598 881 διδάσκει
2651 829 2823 897 ἡμᾶς,
2861 847 2879 879 ι
2927 826 3177 890 Γίνεσθε,
3205 826 3401 895 λέγων,
3425 827 3565 880 ἕτοι-

1986 937 2099 988 μοι,
2130 920 2214 973 ὅτι
2247 922 2348 973 οὐκ
2377 921 2555 974 οἴδατε
2610 920 2742 991 ποίᾳ
2768 919 2887 990 ὥρα
2920 921 2949 973 6
2986 918 3192 988 Κύριος
3228 918 3383 987 ὑμῶν
3410 918 3564 990 ἔρχε-

1979 1030 2091 1065 ται.
2130 1031 2149 1063 ι
2194 1012 2302 1066 Καὶ
2339 1012 2420 1075 τὸ,
2448 1030 2465 1062 ι
2504 1011 2566 1064 El
2592 1010 2710 1081 ᾔδει
2749 1013 2777 1064 6
2815 1009 3204 1077 οἰκοδεσπότης
3236 1011 3365 1080 ποίᾳ
3394 1009 3511 1080 ὥρᾳ
3536 1010 3565 1063 6

1980 1105 2222 1176 κλέπτης
2268 1106 2511 1173 ἔρχεται,
2543 1104 2926 1174 ἐγρηγόρησεν
2955 1103 3042 1167 ἂν,
3067 1103 3163 1157 καὶ
3182 1104 3285 1156 οὐκ
3310 1103 3377 1155 ἂν
3410 1103 3562 1157 εἴασε

1979 1195 2298 1265 διορυγῆναι
2331 1197 2423 1247 τὸν
2460 1190 2611 1249 οἶκον
2639 1194 2860 1247 αὐτοῦ’»
2902 1194 3035 1257 καὶ,
3073 1211 3093 1243 ι
3138 1191 3329 1260 Ὑμεῖς
3352 1190 3563 1258 γίνεσθε

1980 1284 2191 1353 ἕτοιμοι
2214 1304 2227 1317 ·
2254 1287 2336 1339 ὅτι
2438 1286 2555 1357 ὥρᾳ
2583 1287 2643 1339 οὐ
2674 1286 2885 1339 δοκεῖτε
2920 1285 2949 1337 6
2983 1283 3111 1346 Υἱὸς
3142 1283 3235 1337 τοῦ
3268 1283 3562 1353 ἀνθρώπου

1983 1374 2230 1445 ἔρχεται.
2269 1394 2287 1427 ι
2355 1375 2454 1429 Διὰ
2508 1375 2667 1428 τοῦτο
2712 1375 2926 1437 πάντας
2978 1376 3130 1444 ἡμᾶς
3186 1375 3419 1428 πάντοτε
3458 1374 3566 1445 χρὴ

1983 1466 2238 1536 ἑτοίμους
2290 1466 2426 1536 πρὸς
2464 1466 2562 1533 τὴν
2613 1465 2793 1532 ἔξοδον
2848 1460 3011 1530 εἶναι,
3047 1466 3137 1518 καὶ
3187 1465 3263 1535 μὴ
3297 1466 3565 1536 μεριμνᾷν

1987 1557 2148 1626 μόνον
2181 1556 2310 1626 περὶ
2354 1557 2462 1609 τῶν
2514 1550 2617 1610 ὧδε
2664 1558 2847 1620 ἄλλοις
2894 1559 3224 1627 ἐφιεμένων,
3268 1558 3403 1611 ἀλλὰ
3438 1559 3566 1630 περὶ

1983 1646 2094 1699 τῶν
2137 1646 2258 1715 μεθ’
2286 1648 2444 1717 ἡμῶν
2495 1646 2665 1701 ὄντων
2703 1647 2865 1717 ἡμῶν
2909 1648 3110 1713 αὐτῶν,
3156 1647 3365 1718 μήποτε
3402 1650 3567 1720 σήμε-

1992 1756 2083 1809 ρον
2113 1738 2205 1808 ἀφ’
2227 1740 2383 1808 ἡμῶν
2420 1740 2519 1802 τὰς
2570 1739 2750 1811 ψυχὰς
2781 1739 2937 1809 ἡμῶν
2968 1740 3267 1795 ἀπαιτῶσι.
3335 1742 3445 1794 Καὶ
3483 1742 3567 1805 τίς

1989 1830 2141 1885 ἔσται
2182 1834 2317 1901 ἡμῖν
2343 1851 2405 1885 πε
2419 1832 2470 1902 pi
2494 1828 2568 1886 ὧν
2594 1832 2693 1903 τὴν
2725 1834 2986 1905 φροντίδα
3034 1832 3337 1904 ποιούμεθα
3364 1836 3401 1906 ἡ
3427 1835 3570 1904 ὠφέ-

1988 1925 2149 1992 ista;
2182 1926 2273 1978 Διὸ
2313 1926 2409 1979 καὶ
2442 1926 2767 1995 ἀμεριμνεῖν
2806 1927 2911 1979 ἀπ’)
2961 1925 3072 1979 τῶν
3122 1925 3437 1996 παρόντων,
3466 1926 3563 1980 καὶ

1988 2017 2378 2072 ταπεινοῦσθαι
2417 2020 2512 2071 καὶ
2543 2022 2827 2086 μετανοεῖν
2864 2020 2970 2091 χρὴ
3009 2020 3101 2073 καὶ
3122 2021 3567 2092 ἐξομολογεῖσθαι

1990 2108 2130 2173 Θεῷ,
2163 2110 2258 2161 καὶ
2292 2109 2481 2163 τοῦτον
2531 2110 2916 2164 ἐπικαλεῖσθαι
2950 2114 3032 2175 εἰς
3060 2112 3231 2176 έλεον,
3258 2112 3351 2166 καὶ
3406 2113 3564 2184 261

1988 2203 2089 2271 τῆς
2120 2201 2389 2272 μυστικῆς
2432 2203 2719 2265 κοινωνίας
2753 2203 3000 2273 μετέχειν
3024 2203 3295 2269 σπεύδειν,
3328 2206 3425 2258 καὶ
3448 2223 3573 2261 συν-

1991 2294 2131 2364 εχινῦς
2208 2293 2367 2347 τοῦτο
2427 2296 2601 2348 ποιεῖν
2662 2297 2721 2349 ἐν
2780 2300 3024 2368 προσοχῇ
3094 2297 3189 2350 καὶ
3244 2298 3569 2352 ταπεινώσει

1991 2387 2169 2458 ψυχῆς
2192 2405 2205 2418 ·
2239 2388 2319 2442 ὅτι
2360 2388 2518 2442 τοῦτο
2546 2389 2605 2442 τὸ
2652 2391 2789 2458 μετὰ
2824 2390 2959 2443 Θεοῦ
3000 2391 3151 2461 ἡμᾶς
3182 2387 3344 2452 εἶναι,
3374 2393 3469 2445 καὶ
3508 2392 3569 2444 τδ

1997 2481 2116 2552 μεθ’
2140 2483 2172 2551 ἡ
2184 2481 2300 2552 μῶν
2340 2477 2480 2535 εἶναι
2513 2483 2606 2536 τὸν
2634 2482 2789 2549 Θεὸν,
2810 2483 2881 2541 δι’
2902 2484 2960 2537 δν
2986 2485 3084 2538 καὶ
3128 2485 3495 2555 σεσάρκωται.

2586 2598 2840 2653 ΚΕΦΑΛ.
2876 2596 2998 2654 TE’.

1994 2709 2137 2779 Περὶ
2158 2708 2275 2780 τοῦ
2312 2709 2595 2778 συνεχῶς
2622 2710 2943 2763 κοινωνεῖν
2984 2711 3261 2777 ἅπαντας
3296 2712 3417 2765 τῶν
3438 2730 3567 2780 φρι-

2065 2779 2227 2833 κτῶν
2268 2781 2643 2851 μυστηρίων,
2672 2781 2747 2847 ὠς
2782 2781 2936 2850 ὑπὲρ
2985 2782 3187 2837 πάντα
3214 2779 3570 2851 ἐπωφελοῦς

2066 2851 2244 2915 ὄντος
2266 2850 2374 2904 τοῦ
2398 2850 2603 2919 ἔργου.

2064 2942 2155 2995 Διδ
2185 2942 2374 2995 καὶτὰ
2411 2943 2692 3015 μυστήρια
2725 2944 2860 3016 ἡμῖν
2893 2944 3186 3016 παρέδωκε
3218 2946 3419 3011 ταῦτα,
3484 2946 3569 2999 ἵνα

304 3044 478 3097 simus
505 3058 627 3097 cum
651 3060 739 3105 eo,
780 3054 838 3097 ut
875 3045 1166 3113 pontifices
1215 3045 1434 3114 quidem
1466 3057 1517 3101 et
1568 3049 1886 3106 sacerdotes

1993 3037 2052 3091 ἓν
2079 3028 2229 3104 ὦμεν
2258 3035 2376 3106 μετ’
2410 3035 2598 3103 αὑτοῦ,
2645 3038 2741 3091 καὶ
2790 3038 3071 3109 ἀρχιερεῖς
3138 3039 3238 3108 μὲν
3287 3041 3377 3093 καὶ
3406 3040 3571 3111 ἱερεῖς

306 3133 525 3188 assidue
555 3134 607 3187 in
634 3133 915 3204 diligentia
968 3136 1318 3204 contritaque
1361 3137 1531 3193 corde
1568 3154 1633 3193 ac
1668 3140 1883 3196 confes-

304 3228 461 3281 sione
491 3226 866 3279 ministrantes
899 3226 1201 3281 tremendis
1227 3229 1704 3301 eommunicemus
1735 3234 1883 3302 (my-

307 3318 541 3383 steriis),
576 3317 763 3371 caeteri
794 3332 925 3370 vero
954 3326 1008 3372 et
1039 3318 1138 3385 ipsi
1163 3319 1385 3373 assidue
1434 3322 1486 3374 in
1533 3323 1884 3378 confessione

303 3409 649 3476 contritaque
680 3413 733 3461 et
756 3407 947 3461 devota
998 3416 1177 3462 mente
1239 3412 1629 3466 communione
1697 3411 1886 3468 fruan-

307 3506 417 3554 tur.
449 3496 634 3567 Itaque
660 3514 821 3554 nemo
852 3513 915 3552 ex
946 3499 1026 3553 eis
1053 3499 1145 3567 qui
1179 3499 1370 3553 timent
1411 3501 1702 3556 Dominum
1728 3521 1883 3560 eum-

303 3607 411 3660 que
440 3591 692 3662 diligunt,
739 3590 1213 3662 quadragesimam
1255 3594 1715 3664 transgredlatur,
1787 3599 1882 3653 sed

301 3694 566 3755 quantum
586 3683 783 3753 poterit
814 3683 879 3738 ad
905 3687 1347 3741 communionem
1391 3687 1598 3741 Christi
1631 3690 1879 3755 accedat,

308 3777 394 3833 vel
420 3777 472 3831 in
499 3777 727 3847 singulis
756 3778 1081 3841 Dominicis,
1120 3778 1162 3832 si
1189 3779 1379 3847 possit,
1419 3780 1470 3832 iu
1502 3780 1693 3849 primis
1718 3798 1885 3837 senes

303 3879 361 3925 rt
384 3870 609 3937 infirmi,
629 3871 883 3940 quoniam
908 3871 980 3926 ibi
1006 3862 1214 3941 estjvita
1240 3882 1292 3927 et
1319 3874 1582 3928 fortitudo
1602 3886 1804 3931 nostra.
1827 3874 1881 3931 Si

308 3980 440 4020 vero
477 3981 506 4019 a
535 3974 711 4020 morte
744 3964 993 4019 nonnulli
1028 3974 1295 4029 metuant,
1356 3967 1548 4035 majori
1590 3969 1774 4023 studio
1819 3970 1885 4023 ad

306 4058 748 4112 communionem
775 4068 1161 4128 approperent,
1185 4074 1361 4127 neque
1392 4062 1695 4116 secundum
1721 4079 1886 4131 quos-

309 4149 434 4201 dam
486 4149 796 4204 insensatos
861 4150 991 4204 vitae
1038 4152 1450 4204 communicare
1498 4151 1771 4218 dubitent,
1817 4169 1886 4209 ne

310 4241 451 4296 forte
475 4242 796 4306 moriamur,
833 4241 1127 4311 inquiunt;
1156 4256 1282 4295 nam
1332 4245 1514 4309 potius
1548 4246 1801 4301 morieris
1841 4246 1885 4300 si

308 4332 646 4387 atremenda
702 4334 1090 4389 communione
1135 4335 1531 4401 abstineas;in
1586 4336 1687 4392 hoc
1738 4343 1883 4391 enim

310 4427 408 4481 tibi
442 4427 577 4492 vita,
620 4430 853 4490 sanitas,
885 4428 1091 4493 virtus,
1112 4436 1167 4482 et
1200 4426 1267 4482 ad
1297 4428 1442 4482 illam
1480 4444 1775 4495 perennem
1803 4431 1883 4483 vi-
1916 4410 1958 4464 θ

310 4530 420 4574 tam
447 4521 730 4585 viaticum,
763 4521 854 4574 ubi
891 4522 933 4574 si
964 4521 1162 4589 dignus
1197 4536 1256 4575 es
1291 4521 1492 4579 vivere.
1534 4533 1741 4590 quanto
1776 4537 1885 4575 ma-

310 4613 396 4680 gis
429 4612 555 4665 inde
581 4619 635 4665 et
660 4618 990 4680 praesentem
1032 4611 1196 4665 vitam
1232 4612 1511 4666 obtinebis
1548 4613 1709 4681 cujus
1740 4614 1885 4666 nulla

309 4715 397 4760 cst
424 4704 668 4772 utilitas;
696 4704 901 4775 quippe
931 4704 1067 4758 nihil
1095 4714 1178 4759 est
1208 4705 1352 4757 aliud
1397 4719 1460 4759 ac
1495 4719 1694 4761 cursus
1736 4706 1887 4761 labo-

310 4798 491 4853 riosus
521 4797 611 4867 qui
652 4804 705 4851 te
738 4796 889 4853 ducit
913 4796 980 4849 ad
1008 4808 1238 4851 mortem
1273 4806 1325 4850 et
1352 4797 1417 4849 al
1455 4796 1885 4866 corrup'iune'm,

310 4898 589 4944 certamen
623 4889 1040 4945 interminatum
1072 4897 1126 4942 et
1160 4888 1499 4950 indelicicus.
1531 4905 1739 4944 merces
1767 4892 1885 4943 inn-

311 4985 442 5048 tilis,
478 4984 580 5039 iter
606 4984 755 5039 omni
790 4995 934 5038 metu
964 4991 1018 5037 et
1068 4983 1303 5036 tumultu
1343 4982 1628 5047 refertum,
1666 4984 1774 5037 vita
1805 4999 1890 5036 sa-

312 5077 588 5144 pientibus
619 5090 967 5145 nequaquam
998 5083 1201 5138 amata,
1252 5074 1514 5141 quoniam
1561 5076 1769 5127 incerta
1806 5084 1889 5127 est

312 5178 365 5220 ct
396 5168 773 5238 corruptibilis
807 5182 1133 5236 semperque
1168 5165 1329 5220 fallax
1366 5166 1707 5232 nimiumque
1743 5166 1891 5219 solli-

311 5258 557 5313 citudine
620 5259 826 5324 anxia;
903 5268 956 5313 tu
1011 5266 1194 5313 autem
1253 5258 1640 5328 mysteriorum
1687 5255 1888 5310 Christi

314 5351 756 5405 communionem
811 5352 1054 5406 invenies
1100 5353 1224 5403 vitae
1286 5351 1381 5403 tibi
1437 5364 1502 5404 ac
1554 5349 1890 5404 fortitudinis

314 5453 614 5505 auctorem,
649 5444 903 5510 quoniam
940 5445 1056 5510 ipse
1118 5452 1203 5497 cst
1230 5458 1387 5511 quem
1421 5458 1585 5511 quum
1623 5442 1893 5505 tetigisset

318 5528 513 5582 mulier
540 5528 742 5584 ﬂuxum
778 5532 1062 5598 sanguinis
1113 5531 1350 5599 patiens,
1404 5530 1697 5584 sanitatem
1739 5544 1889 5583 rece-

318 5618 418 5687 pit,
447 5628 502 5673 et
554 5620 752 5689 leprosi
792 5620 912 5675 solo
969 5621 1089 5691 ejus
1142 5628 1289 5673 tactu
1345 5620 1591 5673 mundati
1631 5629 1780 5681 sunt,
1839 5631 1893 5674 et

314 5710 515 5765 mortui
556 5718 809 5778 tangente
857 5727 952 5767 eos
999 5727 1159 5766 mauu
1224 5712 1371 5765 illius
1441 5721 1886 5773 resurrexcrent,

1989 3139 2235 3208 συνεχῶς
2269 3139 2327 3192 ἐν
2362 3138 2608 3207 προσοχῇ
2643 3153 2703 3188 τε
2735 3136 2831 3188 καὶ
2856 3133 3158 3199 κατανύξει
3191 3134 3287 3187 καὶ
3317 3134 3572 3201 έξομολου

1988 3233 2156 3299 γήσει
2196 3227 2615 3301 ἱερουργοῦντες
2650 3228 2759 3281 τῶν
2816 3227 3067 3299 φρικτῶν
3109 3227 3456 3298 μετέχωμεν.
3506 3230 3569 3281 Ul

1988 3324 2177 3377 λοιποὶ
2211 3323 2267 3376 δὲ
2330 3323 2426 3374 καὶ
2467 3320 2620 3373 αὐτοὶ
2664 3322 2907 3389 συνεχῶς
2963 3322 3021 3373 ὲν
3068 3319 3423 3390 ἐξαγορεύσει
3480 3321 3573 3372 xxi

1988 3414 2251 3483 συντριϐῇ
2283 3413 2377 3466 καὶ
2398 3411 2655 3484 εὐλαϐείᾳ.
2694 3410 2876 3480 ψυχῆς
2954 3411 3049 3477 τῆς
3105 3409 3393 3472 κοινωνίας
3437 3411 3573 3462 ἀπο-

1985 3505 2324 3567 λαυέτωσαν,
2360 3504 2453 3555 καὶ
2486 3502 2561 3572 μή
2593 3519 2675 3563 τις
2705 3502 2815 3554 τῶν
2875 3499 3233 3571 φσὸουμένων
3292 3500 3385 3553 καὶ
3440 3500 3573 3568 ἀγα-

1986 3596 2216 3649 πώντων
2242 3596 2334 3649 τὸν
2360 3595 2587 3666 Κύριον,
2624 3592 2990 3665 παρερχέσθω
3020 3592 3119 3655 τὰς
3139 3592 3569 3661 τεσσαράκοντα·

1988 3689 2217 3757 ἁλλ’ὃση
2257 3689 2461 3759 μᾶλλον
2513 3689 2667 3757 ίσχὺς
2698 3687 2847 3756 αὐτῷ
2898 3704 2956 3739 τε
3004 3685 3101 3739 καὶ
3160 3685 3423 3756 προσοχὴ,
3479 3686 3573 3738 καὶ

1994 3780 2293 3850 ἐγγύτερον
2322 3783 2385 3850 τῇ
2420 3785 2676 3850 κοινωνίᾳ
2704 3778 2943 3850 Χριστοῦ
2978 3777 3375 3848 προσερχὲσθω
3399 3794 3414 3809 ·
3480 3780 3572 3831 καὶ

1988 3875 2045 3925 έν
2074 3873 2223 3943 πάσῃ
2258 3874 2515 3942 κυριακῇ
2582 3872 2637 3925 εί
2672 3871 2933 3925 δυνατόν⁸
2988 3870 3085 3925 καὶ
3123 3870 3361 3937 μάλιστα
3414 3870 3464 3922 οἱ
3517 3871 3573 3922 ἐν

1987 3968 2064 4038 τῷ
2104 3970 2254 4038 γήρᾳ
2293 3969 2389 4020 καὶ
2414 3968 2693 4038 ἄρρωστοι
2721 3980 2734 3993 ⁸
2785 3965 2868 4017 ὅτι
2902 3962 3061 4018 τοῦτο
3095 3964 3225 4031 ἡμῖν
3262 3964 3294 4034 ή
3351 3963 3463 4032 ζωή
3514 3979 3571 4015 τε

1997 4062 2093 4115 καὶ
2120 4060 2293 4130 ἰσχύς.
2335 4061 2397 4112 El
2432 4060 2487 4111 δὲ
2521 4058 2618 4112 καὶ
2650 4058 2786 4127 πρὸς
2819 4057 2987 4125 φόϐον
3007 4056 3115 4109 εἰσὶ
3147 4056 3386 4110 θανάτου
3405 4057 3568 4120 τινὲς,

1993 4152 2133 4219 πρὸς
2162 4153 2260 4217 τὴν
2285 4151 2576 4203 κοινωνίαν
2610 4148 3028 4218 σπουδαιότεροι
3059 4146 3304 4200 ἔστωσαν
3327 4162 3339 4175 ·
3365 4147 3456 4199 καὶ
3496 4148 3574 4216 μὴ

1988 4244 2132 4298 κατά
2168 4261 2323 4307 τινας
2358 4244 2596 4314 ἄφρονας
2611 4242 2711 4310 τῆς
2730 4240 2876 4309 ζωῆς
2905 4243 3236 4308 κοινωνῆσαι
3266 4242 3568 4312 φοϐείσθω

1990 4355 2091 4391 σαν
2114 4355 2127 4369 ·
2166 4340 2238 4407 μή
2276 4354 2432 4402 ποτε,
2486 4338 2671 4405 φησιν,
2706 4338 3068 4407 ἀποθάνωμεν
3089 4352 3102 4366 ·
3136 4337 3231 4390 καὶ
3254 4336 3455 4406 μᾶλλον
3474 4336 3573 4406 ἔσῃ

1988 4432 2038 4482 εί
2082 4430 2156 4500 μὴ
2184 4431 2465 4502 μετάσχῃς
2502 4429 2603 4499 τῆς
2638 4429 2881 4499 φρικτῆς
2904 4428 3200 4492 κοινωνίας
3258 4428 3569 4482 ἀποθανών.

1989 4520 2160 4573 Τοῦτο
2190 4523 2301 4589 γάρ
2332 4539 2414 4575 σοι
2460 4523 2597 4587 ζωὴ,
2636 4522 2826 4592 ρώσις,
2872 4520 3127 4590 δύναμις,
3160 4522 3254 4574 καὶ
3283 4521 3419 4591 πρὶς
3471 4522 3571 4589 τὴν

1990 4613 2211 4665 αἰώνιον
2268 4611 2415 4680 ζωὴν
2451 4612 2667 4682 ἐκείνην
2717 4613 2931 4679 ἐφόδων
2955 4627 2973 4645 ο
3002 4613 3095 4664 καὶ
3129 4613 3245 4679 ετγε
3292 4610 3441 4675 ἄξιος
3471 4604 3571 4663 ὧδε

1998 4702 2124 4771 ζῇν,
2166 4704 2256 4756 καὶ
2297 4704 2397 4771 τῆς
2455 4704 2740 4773 παρούσης
2796 4703 2876 4759 ἔτι
2932 4704 3195 4773 ἐπιτεύξῃ
3272 4703 3474 4773 μᾶὶλον
3512 4710 3576 4756 ὲκ

1990 4794 2182 4846 τούτου
2218 4793 2361 4861 ζωῆς
2388 4812 2400 4823 ν
2444 4789 2511 4867 ἦς
2542 4795 2699 4847 οὐδὲν
2758 4794 2954 4863 ὅφεὶος
2979 4811 2994 4827 ·
3037 4794 3178 4865 αὐτὴ
3232 4795 3343 4865 γὰρ
3372 4794 3575 4863 δρόμος

1994 4887 2155 4954 μόνον
2190 4888 2470 4953 ἐπίπονος,
2513 4889 2595 4950 είς
2659 4887 2812 4950 τέλος
2866 4887 3019 4954 ἄγων
3082 4904 3141 4940 σε
3179 4887 3277 4940 καὶ
3317 4887 3527 4954 φθοράν
3557 4902 3571 4918 ο

1992 4982 2085 5031 καὶ
2123 4980 2271 5046 ἀγὼν
2308 4980 2549 5049 ἄμετρος
2584 4981 2679 5033 καὶ
2705 4981 3005 5050 ἀσυντελής
3040 4996 3055 5012 ο
3091 4981 3187 5033 καὶ
3233 4979 3428 5050 μισθος
3463 4983 3559 5031 άν-

1990 5073 2239 5137 ωφεὶςής·
2277 5071 2371 5124 καὶ
2414 5072 2599 5140 τρίῦος
2650 5072 2955 5140 ἀνάμεστος
3017 5072 3221 5133 παντὸς
3258 5072 3427 5140 φόὸνυ
3477 5075 3574 5124 καὶ

1990 5165 2261 5230 ταραχῆς,
2297 5163 2390 5213 καὶ
2426 5164 2539 5222 τοῖς
2578 5160 2762 5213 νοοῦσι
2810 5163 2885 5228 μὴ
2922 5162 3252 5229 φιλούμενος
3304 5162 3439 5231 βίος,
3498 5160 3575 5223 ὡς

1994 5254 2193 5321 ἄδηλός
2236 5271 2293 5305 τε
2330 5255 2425 5305 ναὶ
2447 5254 2767 5323 φθαρτικὸς,
2789 5254 2880 5306 καὶ
2915 5255 3173 5306 κλζπτοιν
3208 5256 3313 5316 ἀεῖ,
3345 5259 3431 5305 καῖ
3454 5254 3576 5304 λίαν

1995 5347 2365 5415 έμ.μέρ·μνος.
2395 5347 2465 5398 Σὺ
2502 5346 2556 5399 δὲ
2590 5347 2798 5415 μᾶλλον
2832 5347 2930 5416 τὴν
2991 5348 3283 5401 κοινωνίαν
3322 5350 3574 5415 εὑρήσεις

1993 5439 2103 5489 τῶν
2140 5438 2461 5508 μυστηρίων
2530 5440 2772 5508 Χριστοῦ
2828 5439 2972 5509 ζωῆς
3019 5458 3100 5491 σοι
3136 5441 3229 5491 καὶ
3292 5440 3576 5504 δυνάμεως

1994 5531 2332 5597 παραιτίαν*
2372 5532 2453 5583 ὅτι
2498 5532 2659 5595 αὐτός
2706 5535 2875 5597 ἐστιν,
2908 5533 2969 5584 οὗ
3003 5535 3035 5601 ἠ
3069 5533 3370 5603 αἱμόρρους
3433 5534 3574 5600 ἀψα-

1997 5623 2132 5691 μένη
2189 5623 2345 5692 ἰάθη*
2388 5625 2480 5676 καὶ
2511 5622 2785 5695 λεπροὶτῇ
2830 5625 2942 5693 ἁφῇ
2974 5624 3169 5677 τούτου
3206 5626 3341 5694 μόνη
3372 5623 3573 5676 ἐκαθα-

1998 5714 2303 5786 ρίσθησαν
2366 5716 2717 5786 καὶονεκροὶ,
2756 5717 2856 5785 τῆς
2908 5717 3093 5785 χειρὸς
3132 5717 3298 5771 αὑτοῦ
3363 5716 3572 5771 τούτων
