4094 6194
424 339 530 402 673

1568 332 1669 392 DE
1703 325 2000 390 ORDINE
2041 325 2552 391 SEPULTUR/E.

3586 326 3697 392 616

425 447 736 520 ἁψαμένης,
770 447 1128 518 ἠγέρθησαν·
1174 445 1268 499 καὶ
1301 445 1356 498 σέ
1413 443 1649 510 ζωὼσει,
1687 441 1892 512 μᾶλλον
1949 439 2010 492 ού

2119 454 2329 496 necnon
2362 444 2659 499 vivilicahit
2695 454 2746 500 te
2772 447 2973 500 nedum
3019 457 3071 501 te
3101 443 3412 500 interliciat.
3450 446 3617 502 Pcrio
3649 452 3694 504 si

423 540 752 596 θανατώσει.
791 541 852 592 El
901 539 956 592 δὲ
997 539 1058 591 16
1087 537 1241 601 τέλος
1281 534 1704 606 προητοιμάσθη
1757 551 1865 598 σοι,
1909 534 2006 586 καὶ
2055 613 2059 616 ξ

426 633 694 700 πάρεστιν
725 634 754 686 6
784 633 999 702 καιρὸς,
1067 630 1338 702 πρόσελθε
1399 629 1623 700 μᾶλλον,
1665 628 1754 682 ἵνα
1814 625 2006 680 τοῦτον

430 724 687 779 ἐντεῦθεν
715 725 797 788 είς
826 723 1125 797 ἀρραϐῶνα
1147 722 1319 793 λάϐῃς
1338 739 1351 752 ·
1389 719 1557 784 αὐτὸς
1588 719 1698 791 γάρ
1725 734 1808 772 σοι
1825 719 2006 772 ἐκεῖσε

429 820 525 874 καὶ
558 819 591 888 ἡ
624 817 738 888 ζωὴ
774 819 868 870 καὶ
905 818 935 886 ἠ
972 816 1150 885 τροφὴ
1182 816 1274 868 καὶ
1299 815 1358 867 16
1395 813 1511 882 φῶς
1544 813 1639 866 καὶ
1669 813 2002 873 ἀνάπαυσιςο

427 911 526 966 καὶ
559 913 608 964 εί
648 910 842 964 τούτου
903 907 1184 980 μετάσχῃς
1234 900 1357 972 ὦδε,
1409 903 1842 976 οἰκτειρηθήσῃθ
1909 904 2005 955 καὶ

427 1004 681 1060 ἐντεῦθεν
715 1003 858 1068 ἕξεις
910 1004 1008 1064 τὰς
1043 1001 1146 1070 τῆς
1202 999 1348 1069 ζωῆς
1377 999 1636 1069 ἀπαρχάς
1669 995 1837 1050 αὑτοῦ
1859 1014 1874 1029 ο
1909 997 2007 1049 καὶ

428 1098 529 1154 σὺν
553 1097 730 1167 τούτῳ
783 1095 1019 1149 πάντοτε
1078 1093 1215 1166 ἔσῃ’
1258 1093 1352 1145 καὶ
1409 1092 1457 1144 οί
1525 1089 1714 1162 ἐχθροὶ
1765 1087 1874 1142 άπὸ
1909 1086 2004 1140 σοῦ

426 1191 621 1261 πόρρω
649 1185 945 1257 φεύξονται
977 1201 991 1216 ⁶
1037 1185 1098 1238 οὐ
1132 1187 1241 1254 γὰρ
1280 1184 1569 1254 ίσχύσουσι
1617 1181 1762 1237 κατὰ
1799 1180 1915 1241 σού,
1945 1182 2006 1233 16

427 1283 537 1349 πῦρ
574 1281 713 1348 μετὰ
746 1278 844 1332 006
867 1278 1126 1338 λαϐόντος
1152 1278 1212 1329 16
1237 1275 1526 1348 ἄστεκτον.
1577 1274 1637 1328 Ὀ
1660 1274 1798 1345 πρὸς
1824 1274 1886 1327 16
1913 1274 2005 1326 τέ-

426 1373 514 1435 λος
541 1371 724 1424 τοίνυν
781 1366 1243 1438 ἐξομολογείσθω,
1307 1365 1662 1436 μετανοείτω,
1702 1365 1830 1433 περὶ
1868 1364 2005 1417 πάν-

426 1481 536 1517 των
570 1461 954 1533 ἐτοιμαζέσθω
981 1476 994 1491 ⁸
1034 1459 1132 1513 καὶ
1161 1461 1188 1512 6
1247 1458 1447 1527 ἀτελὴς
1480 1458 1541 1509 16
1577 1457 1821 1528 σχήματι
1856 1455 2008 1507 τελε-

429 1554 491 1608 σθ
506 1561 632 1621 ήτω,
672 1554 763 1608 ἴνα
794 1553 869 1624 μὴ
892 1551 1089 1622 ἀτελὴς
1117 1553 1211 1605 καὶ
1251 1552 1377 1620 δίχα
1403 1551 1501 1621 τῆς
1525 1550 1871 1620 τελεωτάτης
1911 1567 2004 1602 τε-

424 1647 586 1715 λετῆς
616 1645 830 1718 ἀπέλθῃ
869 1644 962 1698 106
997 1645 1309 1715 σχήματος.
1334 1640 1468 1699 Οἶδα
1497 1645 1608 1713 γάρ
1665 1646 1771 1698 κᾶν
1826 1642 2005 1714 τούτῳ

425 1740 716 1802 πλείστους
753 1737 1232 1809 καταμελοῦντας,
1256 1737 1403 1791 καθά
1458 1737 1523 1808 δὴ
1555 1739 1651 1791 καί
1685 1755 1830 1800 τινες
1864 1737 2003 1806 πρό-

426 1850 584 1902 τερον
609 1794 744 1904 πρθς
789 1833 852 1886 τὸ
897 1794 1626 1903 θάπτισιναηδιαμέλλοντες
1679 1794 1854 1910 ἦσαν,
1911 1794 2008 1884 οιαὶ
2038 1794 2086 1854 Β

425 1930 618 1984 τούτου
673 1929 1009 2001 ἠστόχησαν,
1073 1929 1294 1994 ἀλλ’ὡς
1344 1933 1372 1984 6
1437 1930 1513 2001 μὴ
1557 1928 1880 1999 βαπτισθεὶς
1942 1929 2006 1981 ού

430 2023 785 2094 Χριστιανὸς,
813 2022 911 2076 καὶ
946 2024 974 2074 6
1015 2023 1089 2093 μὴ
1121 2021 1200 2092 τῷ
1233 2023 1480 2093 σχήματι
1497 2021 1798 2086 τελεσθεὶς,
1827 2022 1887 2074 ού
1907 2039 2008 2092 μου

431 2115 592 2185 ναχδς
621 2113 798 2170 ἐσται.
830 2114 941 2167 Καὶ
972 2113 1042 2168 τά
1081 2115 1220 2184 πρὸς
1255 2115 1434 2184 τούτῳ
1478 2114 1698 2184 μαθήσῃ
1734 2111 2011 2183 παρὲτῶν

431 2209 771 2264 διδασκάλων
816 2209 914 2278 τῆς
954 2207 1313 2278 Ἐκκλησίας,
1357 2210 1452 2261 καὶ
1486 2207 1773 2261 Βασιλείου
1805 2207 2010 2276 μᾶλλον

432 2304 521 2354 καὶ
564 2302 896 2372 Γρηγορίου,
927 2302 1025 2355 καὶ
1054 2303 1102 2354 οξ
1154 2303 1292 2373 πρὸς
1341 2301 1400 2356 16
1458 2301 1744 2378 βάπτισμα
1799 2301 2009 2354 τούτων

429 2395 584 2462 λόγοι
618 2395 716 2449 νῦν
745 2396 886 2466 πρὸς
937 2397 999 2449 16
1037 2395 1228 2466 σχῆμά
1274 2413 1358 2449 σοι
1409 2396 1506 2449 καὶ
1558 2395 1656 2467 τὴν
1715 2396 2010 2465 μετάνοιαν

431 2473 700 2544 ἔστωσαν.
745 2489 807 2543 '0
841 2490 898 2543 δέ
931 2506 994 2558 γε
1035 2489 1111 2560 μὴ
1150 2487 1386 2559 μοναχδς
1428 2487 1644 2557 φθάσας
1679 2482 1847 2553 εἶναι,
1881 2489 2011 2559 περὶ

430 2585 490 2636 16
525 2583 679 2646 τέλος
713 2581 880 2636 αὑτοῦ
931 2581 1171 2650 γινέσθω
1196 2597 1212 2613 ·
1279 2581 1540 2652 μέγιστον
1575 2581 1684 2650 γὰρ
1719 2581 1780 2634 16
1812 2581 2008 2651 δῶρον,

433 2674 688 2746 βασιλικὴ
723 2676 755 2746 ὴ
791 2675 1054 2745 σφραγὶς,
1085 2673 1343 2744 δεύτερόν
1397 2675 1516 2727 ἐστι
1565 2672 1855 2744 βάπτισμα
1881 2691 1894 2705 ·
1945 2677 2012 2728 ἐκ

429 2772 539 2818 τῶν
610 2768 1027 2838 ἁμαρτημάτων
1089 2765 1377 2836 καθαίρειο
1440 2766 1593 2838 δῶρα
1626 2767 1861 2836 παρέχει
1919 2767 2014 2820 καὶ

433 2864 692 2929 χάριτας·
728 2859 939 2923 ὁπλίζει
975 2859 1070 2913 καὶ
1103 2861 1327 2930 σημειοῖ
1365 2871 1380 2887 ⁶
1414 2856 1716 2928 ἐξαιρεῖται
1747 2860 1961 2930 ἐχθρῶν
1991 2877 2008 2895 ο

434 2953 513 3022 τῷ
547 2952 762 3016 βασιλεί
794 2953 1059 3023 παριστᾷ,
1093 2952 1190 3005 καὶ
1228 2951 1385 3020 φίλον
1423 2952 1663 3024 meme
1695 2951 1914 3006 τούτου.
1948 2954 2012 3007 Εἰ

435 3045 760 3114 τροσέλθης,
791 3044 1127 3116 φωτισθήσῃ
1165 3044 1263 3098 καὶ
1309 3044 1370 3098 ού
1425 3045 1907 3116 καταισχυνθήσῃ,
1963 3049 2012 3099 εί

2067 599 2076 607 _
2117 533 2245 588 linis
2277 535 2679 604 appropinquet
2707 536 2799 590 tibi
2845 546 2895 590 et
2924 536 3034 606 jam
3066 535 3210 590 adsit
3250 545 3487 605 tempus,
3523 538 3697 603 magis

2115 629 2336 694 accede,
2373 638 2432 684 ιιι
2461 630 2586 684 inJe
2620 645 2742 685 enm
2783 631 2836 684 in
2868 632 3061 686 arrhas
3096 629 3363 699 accipias,
3393 631 3512 700 ipse
3547 631 3694 684 enim

2119 722 2215 777 tibi
2248 722 2353 777 erit
2380 722 2456 777 ibi
2520 723 2651 787 \ita,
2683 733 2734 778 et
2761 724 2940 787 cibus,
2966 733 3022 778 et
3052 724 3141 778 lux
3198 733 3251 780 et
3281 725 3514 793 requies,
3567 733 3621 779 et
3650 726 3696 780 si

2115 815 2190 870 illi
2248 815 2337 872 his
2379 817 2430 869 in
2480 818 2638 871 terris
2693 817 3210 883 commnnicaveris,
3255 817 3694 872 misericordiam

2114 909 2492 978 consequeris,
2529 919 2581 962 ct
2609 909 2735 962 hinc
2798 909 3025 965 habebis
3075 907 3344 979 primitias
3368 908 3516 964 illius
3551 911 3694 970 vitm.

2114 1012 2164 1055 et
2200 1018 2322 1055 cum
2357 1017 2423 1056 eo
2449 1003 2560 1056 eris
2591 1018 2829 1070 semper,
2874 1013 2929 1058 et
2960 1003 3168 1060 inimici
3218 1003 3411 1074 procul
3455 1019 3487 1059 a
3519 1015 3570 1058 te
3605 1002 3691 1056 fu-

2117 1097 2298 1165 gient;
2324 1111 2446 1150 nam
2479 1111 2586 1151 non
2617 1097 2990 1168 praevalebunt
3010 1099 3296 1153 adversum
3319 1109 3369 1152 te
3397 1099 3487 1168 qui
3516 1098 3700 1167 ignem.

2114 1191 2294 1242 Omnia
2333 1199 2580 1244 urentem
2607 1200 2786 1246 tecum
2813 1192 3109 1260 acceperis.
3145 1191 3247 1258 Qui
3277 1208 3406 1264 ergo
3433 1193 3500 1248 ad
3532 1195 3690 1247 linem

2115 1280 2238 1334 vita:
2269 1281 2511 1350 attingit,
2544 1284 2901 1349 conﬁteatur,
2933 1287 3220 1353 paeniteat,
3253 1286 3306 1339 in
3351 1287 3606 1340 omnibus
3636 1303 3694 1342 se

2116 1386 2403 1444 praeparet,
2443 1376 2792 1444 imperfectus
2817 1395 2914 1434 seu
2944 1379 3188 1433 novitius
3219 1379 3410 1434 habitu
3447 1379 3697 1450 perﬁcia-

2115 1476 2202 1522 tur
2233 1485 2302 1524 ne
2332 1471 2686 1538 imperfectus
2711 1482 2764 1526 et
2795 1471 3004 1539 absque
3041 1472 3447 1542 perfectissimo
3473 1475 3696 1530 habitus

2114 1563 2444 1618 indumento
2513 1565 2795 1620 abscedat.
2857 1565 3054 1620 Multos
3123 1569 3269 1622 enim
3322 1570 3445 1622 novi
3500 1569 3554 1622 in
3592 1572 3698 1623 hoc

2113 1657 2276 1712 etiam
2304 1657 2632 1720 incuriosos,
2658 1657 3116 1726 quemadmmlmn
3138 1659 3267 1712 olim
3291 1660 3514 1729 quidam
3538 1675 3699 1714 et'attt

2114 1754 2178 1805 ad
2215 1753 2546 1819 baptismum
2569 1752 2939 1821 indiligentes.
2965 1768 3076 1821 quo
3104 1770 3212 1808 non
3245 1754 3550 1822 baptizatus
3581 1772 3689 1810 nun
3763 1765 3765 1767 ’

2113 1843 2594 1906 estChristianns,
2629 1845 2698 1898 ita
2728 1839 2792 1898 οῗ
2821 1845 3008 1899 habitu
3087 1862 3194 1900 non
3241 1847 3462 1902 indutus
3507 1864 3697 1904 mona-

2113 1937 2250 1990 chus
2282 1951 2387 1989 non
2421 1936 2547 1990 erit.
2587 1933 2742 2000 Quod
2775 1936 2955 1991 disces
2982 1953 3046 1992 ex
3075 1937 3326 1993 doctrina
3358 1939 3614 1995 Ecclesiae
3640 1951 3696 1994 ιιι

2116 2028 2416 2094 praesertim
2445 2042 2473 2078 ιι
2510 2026 2714 2080 Basilio
2753 2041 2808 2080 et
2845 2027 3108 2097 Gregorio
3143 2042 3378 2096 quorum
3413 2045 3697 2084 sermones

2113 2118 2181 2172 de
2211 2119 2487 2187 baptismo
2516 2134 2663 2172 nunc
2697 2118 2762 2172 ad
2796 2117 3043 2173 habitum
3100 2128 3155 2173 et
3209 2120 3276 2172 ad
3314 2121 3694 2189 paenitentiam

2112 2211 2485 2265 accommoda.
2512 2210 2614 2276 Qui
2641 2226 2775 2277 ergo
2827 2212 2978 2278 prius
3007 2225 3115 2265 non
3146 2209 3314 2266 fuerit
3363 2216 3693 2276 monachus,

2114 2304 2238 2358 talis
2267 2303 2360 2357 ﬁat
2392 2303 2444 2356 in
2480 2305 2584 2358 line
2616 2305 2740 2358 vitae
2763 2319 2876 2358 suae
2913 2322 2928 2370 ;
2962 2305 3168 2359 donum
3201 2304 3349 2359 enim
3398 2315 3484 2361 est
3526 2310 3698 2360 maxi-

2117 2411 2264 2448 mum
2297 2405 2350 2450 et
2385 2399 2565 2464 regale
2595 2396 2863 2466 sigillum,
2913 2397 3204 2450 secundus
3239 2405 3320 2451 est
3357 2397 3693 2466 baptismus,

2114 2501 2143 2540 a
2173 2489 2407 2557 peccatis
2443 2497 2658 2558 purgat,
2697 2489 2838 2541 dona
2885 2497 2934 2543 et
2970 2489 3177 2557 gratias
3226 2487 3486 2558 impertit,
3526 2492 3696 2547 armis

2116 2581 2340 2634 instruit
2362 2595 2415 2635 et
2439 2581 2637 2651 signat,
2664 2581 2731 2636 ab
2765 2580 3002 2634 inimicis
3060 2581 3230 2645 eruit,
3275 2581 3342 2637 ad
3384 2595 3564 2651 regem
3611 2584 3693 2638 in-

2115 2673 2372 2740 troducit,
2408 2675 2568 2743 eique
2603 2675 2840 2728 amicum
2873 2671 3039 2727 cllirit
3069 2673 3348 2729 hominem
3377 2688 3395 2742 ;
3440 2676 3488 2730 si
3526 2691 3691 2731 acce-

2117 2771 2237 2833 das,
2273 2767 2671 2824 illuminaheris
2709 2779 2762 2822 et
2791 2785 2896 2824 non
2930 2770 3309 2836 conlttnderis,
3333 2772 3379 2828 si
3407 2771 3578 2830 lueris
3605 2789 3697 2829 so-

2116 2877 2261 2927 cors,
2289 2877 2634 2931 nequaquam
2665 2862 2937 2927 paenitens
2974 2872 3026 2918 et
3046 2865 3232 2932 segnis
3254 2879 3333 2927 es,
3353 2873 3406 2920 et
3423 2868 3699 2934 quomodo

2118 2969 2299 3023 regem
2330 2951 2728 3022 conspiceres?
2758 2951 2931 3006 Simul
2981 2964 3159 3007 tamen
3197 2953 3378 3023 lingua
3424 2955 3692 3027 pcenitcn-

2119 3046 2248 3099 tiam
2293 3045 2545 3106 enuntia,
2601 3045 2808 3116 advoca
2857 3044 3200 3100 sacerdotem
3256 3045 3514 3102 facultate
3565 3062 3698 3116 gan-

434 3137 654 3208 δειλιᾴς,
685 3137 745 3188 ού
782 3137 1084 3206 μετανοεῖν
1110 3135 1206 3188 καὶ
1233 3135 1447 3205 ἀμϐλὺς
1486 3132 1557 3190 εἶ.
1582 3136 1692 3190 Καὶ
1720 3137 1837 3198 πῶς
1885 3155 2016 3192 κατ-

2125 3138 2366 3201 dentem,
2401 3136 2714 3198 humiliare.
2754 3137 3038 3203 comitere,
3077 3152 3260 3196 veram
3295 3152 3393 3204 age
3429 3141 3704 3206 pmtiiteno

439 3231 568 3291 tam;
622 3229 712 3282 τὸν
741 3227 969 3294 βασιλέα
996 3245 1012 3294 ;
1083 3228 1274 3298 Ὅμως
1303 3228 1406 3281 κᾶν
1442 3228 1778 3304 μετανόησον
1799 3229 1976 3298 λόγοις
1997 3247 2011 3262 ο

436 3322 665 3374 κάλεσον
691 3321 842 3392 ἱερέα
879 3320 971 3374 τὸν
1007 3321 1161 3391 ἰσχὺν
1188 3320 1381 3390 ἔχοντα
1404 3337 1419 3351 ⁸
1455 3322 1859 3393 ταπεινώθητι·
1926 3324 2013 3388 ἐξ·

438 3413 778 3484 αγόρευσον·
827 3414 1163 3484 μετανόησον
1214 3411 1465 3482 ἀληθῶς·
1517 3413 1729 3480 ἐγγίζει
1791 3415 1898 3483 γάρ
1934 3432 2018 3469 σοι

442 3504 645 3573 μᾶλλον
681 3505 712 3574 ἡ
750 3503 998 3573 βασιλεία
1037 3504 1146 3556 τῶν
1195 3503 1444 3575 οὐρανῶν
1473 3521 1490 3538 ο
1542 3503 1900 3575 συγχώρησιν
1931 3502 2016 3558 αἴ-

435 3594 600 3664 τησαι
622 3614 636 3628 ·
670 3597 894 3666 ἐλέησον
927 3595 987 3660 ἐξ
1017 3590 1090 3649 ὧν
1120 3595 1269 3666 ἔχεις
1289 3612 1304 3628 ο
1336 3595 1535 3659 ἀπόδος
1562 3595 1725 3666 262
1759 3595 1859 3666 τὴν
1898 3596 2017 3648 ἀδι-

438 3691 584 3742 κίαν·
617 3690 686 3741 τά
715 3688 1217 3758 συκοφαντηθέντα,
1239 3688 1288 3742 εί
1311 3689 1568 3760 ἐγχωρεῖ,
1593 3689 1731 3740 κατὰ
1761 3687 1854 3740 τὸν
1878 3687 2020 3740 Ζακο

439 3762 1099 3850 χαῖοντετραπλασίασον
1123 3800 1137 3813 ο
1198 3782 1396 3851 στῆσον
1440 3781 1533 3834 106
1567 3780 1644 3851 μὴ
1696 3782 1922 3850 ποιῆσαι
1958 3782 2020 3833 τὸ

443 3877 612 3928 κακὸν
645 3875 767 3928 ἐτι·
833 3876 1152 3945 άπὸστησον
1206 3877 1415 3946 πόρνην
1471 3873 1580 3926 άπὸ
1633 3871 1730 3925 σοῦ
1760 3888 1777 3904 ·
1825 3873 2019 3940 ὃίωξον

447 3970 750 4040 μοιχαλίδα·
785 3969 1168 4040 καταλλάγηθι
1218 3968 1298 4037 τῷ
1354 3967 1824 4041 προσκεκρουκότι
1858 3983 1873 3999 ο
1933 3967 2020 4031 66;

441 4064 693 4132 εἰρήνην
728 4061 878 4115 ολάσε
926 4063 1170 4132 εἰρήνην,
1221 4061 1311 4114 ἵνα
1370 4061 1512 4130 μετὰ
1544 4060 1655 4114 τῶν
1683 4060 1852 4128 φίλων
1887 4061 2022 4133 γένῃ

443 4153 703 4219 Χριστοῦ.
736 4155 972 4224 Ποίησον
1027 4155 1096 4208 τὰ
1149 4153 1245 4207 τοῦ
1279 4153 1458 4220 ἐλέου,
1512 4153 1601 4207 ῐνα
1648 4153 1796 4206 θείου
1850 4152 2022 4224 τύχῃς

443 4249 626 4310 ἐλέους
649 4265 661 4278 ο
699 4249 788 4300 καὶ
819 4249 887 4300 τὰ
918 4244 1011 4300 τοῦ
1044 4245 1200 4314 ἁγίου
1225 4245 1281 4298 δὲ
1315 4245 1498 4298 ἐλαίου
1530 4245 1674 4297 κατά
1721 4243 1826 4313 τὴν
1878 4243 2020 4296 ἁπο-

448 4339 702 4410 στολικην
732 4339 974 4410 ἐντολὴν,
1022 4337 1293 4391 πιστεύων
1327 4338 1511 4405 εὑρεῖν
1574 4335 1853 4405 ἐξάλειψιν
1911 4335 2022 4389 τῶν

447 4427 1002 4498 ἀμιρτημάτων,καὶ
1033 4430 1130 4498 τῆς
1163 4429 1321 4480 νόσου
1364 4427 1742 4496 ἐξεγερθῆναι.
1803 4427 2022 4480 ἐκτέλε-

447 4537 560 4572 σον.
596 4522 704 4573 Καὶ
753 4519 853 4590 τὴν
887 4520 1084 4587 ἄφεσιν
1119 4518 1397 4590 εὑρηκὼς.
1447 4519 1496 4571 εί
1555 4518 1657 4587 μὲν
1712 4517 1842 4588 θείῳ
1871 4517 2019 4571 ἐλέει

446 4612 662 4682 ἐξιαθῇς
691 4614 757 4682 τῇ
793 4613 960 4681 σαρκὶ
981 4611 1079 4664 καὶ
1100 4610 1422 4681 ἐξεγερθῇς,
1457 4607 1886 4679 εὐχαρίστησον,
1923 4610 2020 4663 καὶ

445 4705 516 4757 τά
543 4705 641 4773 τῆς
678 4705 1030 4774 ὑποσχέσεως
1059 4703 1305 4768 τέλεσον,
1340 4702 1625 4777 μετανοῶν
1683 4703 1889 4772 μένωνο
1924 4703 2021 4755 καὶ

446 4801 516 4852 τὰ
545 4800 638 4853 106
669 4801 857 4864 τέλους
886 4799 1051 4853 πάλιν
1087 4799 1388 4870 περίμενε·
1440 4797 1727 4852 ἐλεύσεται
1758 4799 1890 4870 γὰρ,
1924 4800 2022 4852 καὶ

447 4891 612 4958 ἐγγύς
643 4893 759 4944 ἐστι
781 4909 796 4924 ·
824 4893 922 4945 καὶ
953 4891 1014 4943 ού
1041 4891 1117 4961 μὴ
1150 4889 1330 4962 φύγῃς
1371 4890 1564 4944 τούτου
1587 4893 1742 4945 ποτέ’
1768 4893 2021 4962 καὶπρὸς

447 4981 582 5034 αὐτὸ
604 4981 867 5051 διηνεκῶς
908 4981 1232 5050 ἐτοιμάζου.
1266 4982 1380 5035 Καὶ
1433 4979 1700 5044 πολλάκις
1745 4997 1828 5033 σοι
1865 4981 2026 5034 τοῦτο

447 5075 616 5142 λέγω,
645 5077 728 5141 16,
789 5093 808 5126 ι
854 5073 1118 5142 Ἐτοιμος
1173 5074 1288 5127 ἐσο.
1339 5091 1357 5124 ι
1406 5071 1564 5126 Ἐπεὶ
1616 5073 1710 5125 καὶ
1771 5073 1798 5124 6
1836 5072 2026 5142 Σωτὴρ

448 5167 748 5231 διαπαντός
777 5183 914 5238 φησι
947 5167 1132 5233 τοῦτο,
1189 5184 1208 5218 ι
1244 5165 1474 5219 Γίνεσθε
1542 5165 1774 5235 ἕτοιμοι,
1817 5185 1834 5215 ι
1902 5166 2022 5237 ἦτοι

453 5263 709 5314 πάντοτε.
745 5260 807 5313 El
838 5260 895 5313 δὲ
927 5258 1284 5330 προσκληθῇς
1339 5257 1418 5328 τῷ
1471 5257 1714 5328 θανάτῳ,
1758 5257 1852 5312 ῐνα
1885 5257 2030 5311 ἐτοι-

454 5370 552 5421 μος
583 5351 856 5422 εὑρεθεὶς,
893 5352 1034 5422 μετὰ
1057 5349 1195 5404 Θεοῦ
1231 5349 1372 5416 εἴης,
1402 5348 1502 5402 καὶ
1537 5348 1680 5419 μετὰ
1709 5348 1820 5401 τῶν
1857 5349 2030 5419 φίλων

451 5443 617 5496 αὐτοῦ
645 5443 928 5514 ταχθείης,
976 5445 1073 5495 καὶ
1118 5437 1184 5512 ἦς
1239 5439 1532 5510 ἐπιθυμεῖς
1588 5438 2030 5504 ἐπαπολαύσειας

451 5539 625 5608 χαρᾶς
653 5555 710 5589 τε
743 5539 840 5591 καὶ
874 5534 1238 5597 ἀπολαύσεως
1272 5550 1286 5564 ο
1324 5533 1484 5586 τοῦτο
1533 5534 1628 5586 καὶ
1660 5535 1766 5604 γὰρ
1820 5527 1920 5587 ὦδε
1967 5534 2029 5586 τὸ

450 5629 745 5701 ἀπατηλῶς
769 5631 956 5684 σαῐνόν
991 5647 1074 5694 σε,
1103 5631 1136 5697 ἠ
1177 5627 1526 5696 ταλαίπωρος
1558 5627 1744 5698 ἡδονὴ.
1768 5628 2033 5694 ἀγνοοῦνο

2121 3231 2253 3285 tiam
2363 3231 2591 3300 propius
2652 3229 2797 3283 enim
2858 3229 3266 3299 appropinquat.
3314 3229 3409 3284 tibi
3471 3243 3700 3300 regnum

2120 3322 2421 3378 caelorum.
2453 3319 2678 3376 Veniam
2707 3335 2893 3389 posce,
2920 3319 3001 3374 fac
3033 3336 3095 3376 ex
3135 3320 3222 3375 bis
3275 3335 3396 3390 qua:
3437 3320 3532 3375 tibi
3569 3330 3703 3376 sunt

2122 3414 2573 3475 misericordiam,
2611 3414 2773 3468 redde
2812 3413 3016 3481 injuste
3043 3413 3246 3479 ablata,
3284 3412 3690 3479 l‘raudatoruni,

2121 3505 2166 3559 si
2200 3507 2467 3574 potueris,
2499 3505 2797 3561 secundum
2854 3503 3176 3560 Zacchzeum
3230 3507 3396 3562 redde
3457 3507 3701 3576 quadru-

2122 3598 2266 3666 plum
2292 3615 2309 3663 ;
2351 3612 2483 3651 cave
2515 3615 2580 3651 ne
2607 3599 2785 3652 adhuc
2813 3599 3015 3652 malum
3050 3598 3362 3654 committas
3393 3615 3409 3665 ;
3439 3613 3632 3654 amove
3669 3614 3699 3652 τι

2121 3696 2174 3741 te
2205 3686 2587 3750 l'ornicariam,
2612 3686 2750 3754 ejice
2779 3685 3114 3750 adulteram,
3145 3698 3269 3738 cum
3299 3697 3364 3737 eo
3387 3685 3475 3750 qui
3520 3693 3570 3737 te
3599 3681 3700 3736 of-

2125 3777 2296 3833 lcndit
2318 3777 2693 3837 reconciliare.
2716 3777 2784 3830 da
2811 3791 3019 3844 pacem,
3037 3789 3225 3844 pacem
3253 3773 3459 3840 accipe,
3491 3781 3547 3826 ut
3574 3788 3701 3828 cum

2123 3870 2316 3923 amicis
2346 3868 2550 3923 Christi
2592 3866 2687 3920 lias
2718 3883 2733 3928 ;
2765 3867 2850 3920 lac
2890 3880 3056 3935 opera
3085 3864 3495 3924 misericordiae.
3526 3873 3585 3918 ut
3615 3866 3704 3918 di-

2125 3964 2305 4018 vinam
2336 3961 2593 4016 obtineas
2625 3958 3096 4023 misericordiam;
3125 3956 3305 4012 oleum
3333 3968 3583 4012 sanctum
3614 3971 3706 4010 ses

2123 4056 2363 4110 cundum
2419 4051 2652 4122 apostoli
2707 4049 3027 4104 mandatum
3085 4048 3329 4117 suscipe,
3359 4049 3591 4103 credens
3650 4058 3705 4103 te

2127 4157 2482 4218 peccatorum
2516 4142 2898 4199 remissionem
2937 4151 2989 4195 et
3015 4158 3044 4197 a
3090 4142 3281 4196 morbo
3324 4141 3580 4195 solatium
3616 4140 3706 4194 in-

2125 4250 2438 4298 wntnrum,
2473 4236 2740 4305 veniaque
2771 4235 3018 4301 obtenta,
3052 4233 3098 4290 si
3125 4231 3310 4287 divina
3349 4231 3569 4301 quidem
3605 4233 3705 4284 mi-

2127 4330 2408 4387 seratione
2437 4341 2606 4384 carne
2622 4333 2849 4382 Senatus
2878 4324 3255 4393 allevatusqne
3282 4321 3475 4390 lueris,
3501 4322 3706 4390 gratius

2126 4441 2247 4496 age,
2277 4433 2332 4478 et
2356 4422 2623 4493 promissa
2643 4418 2882 4488 adimple
2907 4417 2960 4472 in
2991 4415 3313 4488 poenitentia
3350 4429 3702 4484 permanens,

2129 4531 2470 4585 mortemque
2503 4514 2704 4569 iterum
2751 4519 3032 4580 exspecta.
3069 4507 3262 4564 Veniet
3294 4508 3464 4569 enim,
3491 4515 3548 4561 et
3594 4506 3703 4576 jam

2128 4623 2294 4680 prope
2333 4615 2440 4672 est,
2473 4621 2575 4660 nec
2607 4604 2755 4658 illam
2810 4616 2984 4672 usque
3041 4600 3238 4671 fugies,
3273 4609 3329 4654 et
3353 4600 3420 4654 ad
3477 4615 3598 4654 cam
3655 4612 3706 4654 te

2123 4704 2328 4772 iugiter
2364 4714 2632 4771 praepara,
2664 4696 2972 4764 saepiusque
2999 4696 3102 4747 hoc
3134 4693 3227 4746 tibi
3260 4691 3380 4746 d?c0
3421 4709 3435 4747 :
3475 4692 3706 4746 Paratus

2128 4809 2266 4860 esto,
2293 4797 2554 4866 quoniam
2587 4791 2842 4847 Salvator
2870 4803 3087 4855 semper
3115 4784 3262 4840 istud
3296 4785 3436 4838 dixit
3469 4801 3482 4838 :
3520 4785 3705 4839 Estote

2130 4889 2326 4958 parati,
2362 4900 2555 4952 nempe
2591 4897 2834 4951 semper.
2871 4880 2937 4933 At
2964 4879 3008 4934 si
3038 4893 3186 4932 mors
3223 4876 3320 4930 tibi
3382 4877 3570 4938 instat,
3623 4875 3706 4928 sic

2130 4984 2209 5034 fac
2245 4989 2300 5034 ut
2333 4985 2555 5048 paratus
2588 4977 2866 5038 inventus,
2910 4973 2987 5026 sis
3015 4985 3139 5025 cum
3175 4967 3305 5032 Deo,
3335 4977 3388 5022 et
3417 4980 3540 5019 cum
3564 4968 3706 5020 amt-

2128 5094 2207 5131 ωε
2248 5077 2368 5144 ejus
2401 5072 2712 5136 «:olloceiis,
2776 5079 2830 5123 et
2863 5081 3026 5138 quam
3069 5063 3419 5132 concupiscis
3477 5060 3708 5131 potiaris

2130 5168 2314 5223 Izetitia
2343 5176 2396 5219 et
2428 5161 2794 5234 jucunditate.
2826 5160 2925 5212 Hic
2952 5156 3095 5211 enim
3131 5155 3226 5209 tibi
3254 5153 3391 5208 falso
3425 5150 3709 5207 blanditnr

2132 5260 2331 5314 misera
2393 5257 2646 5324 voluptas
2682 5254 2774 5323 qui
2825 5251 3158 5318 voluptatem
3220 5247 3438 5310 neseis;
3499 5245 3545 5300 si
3579 5260 3711 5316 ergo

2133 5366 2316 5406 veram
2347 5348 2610 5409 volueris,
2647 5349 2973 5414 praeeuntem
3011 5347 3066 5392 et
3095 5335 3374 5404 carnalem
3404 5334 3531 5389 odio
3558 5333 3712 5387 inse-

2136 5453 2329 5512 quere,
2366 5449 2422 5493 ut
2469 5453 2652 5492 veram
2684 5445 2741 5489 et
2786 5429 3170 5502 sempiternam
3229 5426 3608 5496 consequaris.
3649 5425 3716 5480 Et

2140 5542 2241 5593 ista
2272 5536 2489 5606 quidem
2526 5531 2592 5586 de
2625 5531 2691 5583 iis
2721 5527 2816 5597 qui
2868 5540 2933 5580 ex
3000 5523 3110 5578 vita
3141 5520 3472 5582 abscedunt,
3527 5533 3714 5587 U'li-tle

2139 5649 2261 5703 qua:
2287 5630 2356 5683 ab
2391 5627 2522 5698 ipsis
2561 5631 2687 5680 sunt
2716 5620 2986 5676 facienda.

451 5743 520 5779 τα
550 5725 652 5798 τὴν
686 5727 901 5798 ἡδονήν.
937 5724 1114 5780 Είοῦν
1164 5725 1264 5794 τὴν
1296 5723 1472 5793 ἀληθῆ
1507 5723 1710 5788 θέλεις,
1743 5726 1844 5795 τὴν
1870 5729 1929 5780 ἐν
1991 5731 2072 5802 τῷ
2157 5730 2386 5799 παρόντι
2443 5723 2538 5778 καὶ
2591 5718 2698 5789 τὴν
2747 5717 2850 5785 τῆς
2907 5712 3111 5784 σαρκὸς
3166 5711 3418 5781 μίσησον,
3477 5707 3563 5761 ἵνα
3618 5703 3717 5770 τῆς

457 5823 624 5888 ὅντως
717 5827 813 5878 καί
881 5824 959 5896 μὴ
1015 5823 1296 5894 ληγούσης
1368 5822 1653 5893 ἐπιτύχῃς.
1722 5821 1834 5875 Καὶ
1900 5824 2070 5882 ταῦτα
2153 5831 2252 5900 μὶν
2321 5822 2448 5894 περὶ
2503 5819 2611 5874 τῶν
2667 5813 3024 5881 ἐξοδεύοντων
3095 5809 3171 5873 ὥς
3234 5806 3564 5877 ὀφειλόμεσα
3616 5801 3716 5854 a6-
