4094 6194
458 303 564 366 θ’ἶἹ

1599 303 1696 362 DE
1740 301 1918 360 OllDl
1937 299 1980 358 Ν
1995 301 2034 358 Ε
2077 297 2570 360 SEPULTURE.

3615 295 3726 365 678

462 421 589 484 κοίις
614 420 641 472 ὁ
671 416 964 488 Τρισάγιος
1004 422 1143 488 μετὰ
1183 419 1376 488 μέλους
1400 434 1412 447 ·
1451 417 1532 471 ὅτι
1557 418 1650 471 καὶ
1677 420 1778 486 τῆς
1803 416 2034 486 Τριάδος

2155 431 2267 470 cum
2320 429 2479 472 cantu
2530 416 2734 472 dicitur
2782 414 3106 480 Trisagion,
3167 412 3424 481 quoniam
3482 411 3730 469 defuncti

461 513 512 566 οἱ
568 511 930 573 τελευτῶντες
988 510 1188 572 δοῦλοι,
1219 511 1315 562 καὶ
1380 508 1586 578 ταύτην
1621 504 1916 577 ἐκήρυξαν,
1945 508 2039 558 καὶ

461 607 520 658 ἑν
547 605 683 672 αὐτῇ
717 601 1114 664 τετελείωνται,
1141 604 1232 654 καὶ
1266 603 1323 653 ἐν
1367 602 1506 670 αὐτῇ
1563 617 1911 669 πορευονται,
1947 600 2040 650 καὶ

462 698 559 750 σὺν
584 695 837 764 ἀγγέλοις
866 694 1261 764 ταχθήσονται,
1287 695 1402 757 τοῖς
1434 695 1523 747 τὸν
1542 693 1838 764 Τρισάγιον
1874 693 2041 762 ὕμνον

461 788 757 850 ἀπαύστως
785 787 991 857 ᾅδουσι.
1018 786 1272 840 Τίθενται
1300 786 1354 839 δὲ
1381 788 1438 838 ἐν
1471 788 1549 855 τῷ
1580 781 1694 855 ναῷ
1762 785 2040 853 ἀρχιερεῖς

466 884 566 951 μὲν
601 882 704 949 πρὸ
735 881 842 933 τῶν
887 879 1059 946 ἁγίων
1105 879 1307 948 θυρῶν,
1341 881 1459 947 ἦτοι
1508 881 1790 946 ἐγγυτέρω
1835 877 2036 940 αὐτῶν,

467 976 558 1036 οὓς
587 978 614 1028 ὁ
647 973 788 1043 ἱερὸς
822 971 1100 1032 Διονύσιος
1137 974 1229 1025 καὶ
1259 975 1384 1033 τοὺς
1438 974 1603 1041 ἱερεῖς
1639 973 1718 1032 εἰς
1751 971 1809 1023 τὺ
1847 971 2038 1022 θυσια-

467 1066 689 1134 στήριον
730 1081 864 1132 φησι
907 1063 1174 1129 τίθεσθαι,
1202 1063 1330 1115 ἔνθα
1360 1066 1452 1116 καὶ
1482 1065 1548 1114 τὰ
1588 1064 1688 1129 τῆς
1726 1062 2039 1131 ὑπηρεσίας

467 1158 682 1210 αὐτοῖς’
729 1155 860 1216 τοὺς
911 1153 966 1205 δὲ
1018 1155 1287 1224 μοναχοὺς
1320 1155 1424 1222 πρὸ
1469 1154 1578 1206 τῶν
1631 1153 1794 1222 ἱερῶν
1838 1152 2039 1222 θυρῶν.

467 1250 592 1299 ἔνθα
621 1248 653 1315 ἡ
688 1245 878 1306 στάσις
920 1245 1100 1306 αὐτοῖς
1130 1260 1142 1274 ·
1173 1245 1301 1308 τοὺς
1341 1245 1560 1308 λαῖκοῦς
1598 1245 1654 1296 δὲ
1685 1234 1826 1296 κατά
1856 1248 1914 1295 τὺ
1947 1243 2042 1309 μὲ-

469 1355 558 1391 σον
586 1337 681 1389 τοῦ
713 1336 864 1398 ναοῦ,
887 1337 1022 1388 ὅπου
1052 1336 1145 1389 καὶ
1185 1336 1282 1404 τὴν
1310 1338 1463 1401 τάξιν
1489 1335 1587 1405 τῆς
1616 1336 1859 1396 στάσεως
1883 1334 2039 1403 ἔχου-

468 1447 572 1480 σιν.
622 1426 762 1478 Ἀλλ’
805 1428 903 1495 οὐχ
950 1426 1094 1479 οὕτω
1131 1425 1228 1478 νῦν
1274 1425 1524 1492 γίνεται’
1561 1426 1767 1488 πάντας
1801 1426 1909 1496 γὰρ
1962 1443 2044 1478 τι-

467 1520 624 1572 θέασι
660 1518 961 1586 μεσαίτατα
993 1515 1086 1568 τοῦ
1128 1515 1275 1569 ναοῦ.
1307 1511 1477 1582 Οἶμαι
1508 1515 1562 1567 δὲ
1590 1516 1679 1567 διὰ
1708 1516 1768 1567 τὸ
1798 1515 2044 1584 πολυχω-

467 1613 656 1682 ρητότε
669 1629 779 1678 ρον,
810 1612 902 1662 καὶ
935 1609 1022 1661 ἵνα
1051 1609 1251 1670 πάντες
1271 1609 1440 1678 ὁρῶσί
1457 1625 1515 1660 τε
1536 1609 1631 1660 καὶ
1652 1609 2042 1676 παρίστανται·

465 1705 498 1772 ἦ
547 1702 734 1770 ἐπειδὴ
787 1701 896 1754 ἀπὸ
946 1699 1040 1753 τοῦ
1088 1700 1478 1769 θυσιαστηρίου
1515 1702 1610 1753 καὶ
1638 1701 1687 1751 οἱ
1754 1700 2044 1769 ίερωμένοι

385 1863 398 1871 .
466 1799 556 1849 τὸν
588 1795 713 1848 ναὸν
748 1793 1162 1864 περιτρέχουσιν
1213 1792 1271 1844 ἐν
1323 1809 1383 1844 τε
1441 1793 1670 1855 εἰσόδοις
1702 1794 1794 1844 καὶ
1845 1792 2091 1861 θυμιά-έ

469 1902 619 1954 ματι,
647 1883 776 1946 τοὺς
833 1884 1040 1944 πάντας
1078 1881 1508 1946 καθαγιάζοντες
1531 1899 1544 1911 ο
1587 1887 1682 1935 καὶ
1720 1882 1810 1934 τὸν
1838 1885 1964 1935 ναὸν
1987 1884 2045 1936 δὲ

465 1977 554 2027 τὸν
604 1975 746 2026 θεῖον
797 1975 948 2026 αὐτοὶ
998 1973 1316 2042 καθιεροῦσι
1360 1973 1436 2042 τῷ
1470 1973 1609 2042 Θεῷ,
1639 1974 1727 2026 διὰ
1759 1973 1916 2027 τοῦτο
1953 1976 2046 2027 καὶ

467 2066 611 2118 οὗτοι
650 2066 742 2118 τοῦ
771 2065 901 2119 ναοῦ
937 2065 1100 2135 μέσον
1128 2064 1394 2128 τίθενται,
1425 2068 1840 2135 προσαγόμενοι
1865 2066 2046 2118 τελευ-

468 2161 665 2217 τῶντες
697 2155 889 2225 ὥσπερ
922 2158 976 2206 ἐν
1002 2155 1241 2223 οὐρανῷ.
1279 2154 1469 2223 Ὅμως
1519 2155 1698 2224 χρεὼν
1734 2156 1829 2208 καὶ
1854 2156 1923 2208 τὰ
1953 2153 2047 2208 τοῦ

475 2250 710 2318 μεγάλου
759 2247 1044 2318 τηρεῖσθαι
1105 2248 1406 2311 Διονυσίου,
1469 2247 1544 2310 ὡς
1603 2246 2049 2316 παραδεικνύντα

475 2343 662 2412 σαφῶς
689 2343 788 2411 τὴν
823 2341 1054 2395 ἑκάστου
1095 2339 1250 2403 τάξιν
1278 2340 1371 2392 καὶ
1403 2339 1494 2390 τὸν
1531 2339 1742 2409 βαθμὸν
1775 2342 1842 2408 τῇ
1883 2355 2051 2392 κατα-

475 2434 653 2487 θέσειο
687 2434 768 2486 ὅτι
801 2433 895 2485 καὶ
926 2430 1135 2494 Παῦλος
1175 2428 1334 2484 τοῦτό
1391 2446 1576 2500 φησιν,
1609 2449 1627 2481 ι
1672 2430 1942 2493 Ἕκαστος
1991 2432 2049 2481 ὲν

476 2524 550 2595 τῷ
582 2525 695 2594 ἰδίῳ
723 2525 980 2592 τάγματι.
1008 2541 1026 2574 ι

1038 2633 1290 2688 ΚΕΦΑΛ.
1326 2632 1483 2686 ΤΞΔῆ

477 2709 614 2794 Περὶ
659 2724 780 2778 τῶν
804 2727 1232 2793 κοιμητηρίων,
1264 2725 1426 2790 ὅπως
1457 2725 1526 2778 ἐν
1566 2726 1774 2794 αὐτοῖς
1823 2728 1894 2782 τὰ
1927 2730 2054 2783 λει-

997 2797 1167 2864 ψιινα
1211 2795 1515 2849 θάπτεται.

547 2888 653 2940 Καὶ
689 2888 722 2958 ἡ
755 2886 959 2958 ἀρχαία
989 2887 1046 2940 δὲ
1094 2888 1249 2951 τάξις
1283 2889 1456 2953 οὕτως
1506 2886 1642 2961 εἶχε.
1689 2891 1802 2944 Καὶ
1831 2890 2054 2961 δηλοῦσι

472 2983 539 3035 τὰ
570 2983 838 3050 λεγόμενα
864 2982 1220 3051 κοιμητήρια.
1261 2983 1370 3034 Καὶ
1402 2987 1509 3055 γὰρ
1553 2987 1610 3036 ὲν
1649 2985 1750 3053 μὲν
1793 2987 1860 3056 τῇ
1897 2985 2052 3037 Κων-

2147 506 2430 562 Trinitatis
2465 507 2606 562 servi
2633 522 2751 561 eam
2783 504 3248 575 pnedicaverunt,
3287 514 3338 559 et
3375 505 3428 557 in
3458 505 3574 573 ipsa
3603 518 3734 559 san-

2146 601 2369 653 rtiticati
2403 600 2568 660 sunt.
2611 607 2665 652 et
2696 599 2748 651 in
2785 598 2895 667 ipsa
2933 597 3253 658 ambulant,
3282 606 3336 650 et
3365 611 3487 650 cum
3522 595 3732 664 angelis

2145 693 2564 746 collocabantur
2621 692 2714 760 qui
2773 689 3009 760 Trisagii
3072 687 3390 744 indefessim
3459 688 3722 759 hymnum

2146 786 2462 839 concinunt.
2499 786 2694 840 Verum
2728 786 2780 840 in
2817 787 3015 856 templo
3053 794 3396 856 reponuntur
3440 784 3728 853 pontiﬁces

2146 877 2361 946 quidem
2389 887 2516 933 ante
2537 888 2755 933 sanctas
2774 878 2974 947 januas
2997 894 3093 932 seu
3121 879 3174 931 in
3201 879 3322 931 loco
3347 878 3431 932 his
3457 879 3733 946 proximo,

2146 982 2523 1037 quossanctus
2550 969 2844 1041 Dionysius
2877 980 3042 1036 atque
3071 969 3384 1024 sacerdotes
3440 969 3578 1024 dixit
3609 980 3734 1023 ante

2149 1063 2322 1116 altare
2387 1063 2646 1118 locandus
2681 1077 2803 1117 esse
2879 1061 2971 1114 ubi
3044 1061 3404 1115 ministerium
3441 1070 3733 1124 exercent,

2148 1158 2448 1210 monachos
2491 1165 2670 1208 autem
2718 1163 2845 1209 ante
2879 1169 3064 1210 sacras
3103 1153 3284 1215 fores;
3331 1154 3421 1206 ubi
3467 1157 3730 1216 adstant,

2149 1246 2317 1302 laicos
2349 1262 2479 1301 vero
2510 1246 2564 1300 in
2602 1247 2780 1300 medio
2815 1247 3000 1314 templi
3047 1245 3133 1299 ubi
3174 1245 3282 1298 loci
3334 1246 3581 1299 ordinem
3638 1246 3740 1298 had

2147 1340 2296 1394 bent.
2332 1339 2434 1392 Sed
2478 1353 2622 1393 nunc
2654 1355 2760 1392 non
2792 1339 2861 1392 ita
2897 1337 2951 1390 lit
2983 1354 2998 1403 ;
3037 1351 3229 1392 omnes
3265 1336 3410 1391 enim
3457 1347 3738 1404 ponuntur

2150 1433 2202 1485 in
2252 1431 2433 1485 medio
2467 1431 2675 1500 templi,
2713 1429 2860 1498 quod
2908 1429 3022 1482 ﬁeri
3053 1444 3251 1483 censeo
3285 1429 3541 1498 quoniam
3587 1429 3739 1481 locus

2145 1537 2229 1582 εει
2260 1524 2438 1588 lati0r,
2471 1538 2681 1577 net-non
2716 1531 2772 1576 ut
2809 1536 3004 1574 omnes
3040 1520 3253 1574 videant
3283 1528 3338 1574 et
3380 1521 3617 1579 adsteut.
3654 1520 3737 1572 vel

2145 1617 2272 1685 quia
2305 1617 2371 1670 ab
2400 1614 2556 1668 altari
2587 1613 2906 1668 sacerdotes
2931 1613 3195 1680 templum
3228 1610 3610 1679 perambulant
3637 1624 3735 1678 per

2149 1709 2434 1776 ingressus
2460 1716 2514 1760 et
2547 1707 2785 1760 sumtum
2817 1719 3012 1758 omnes
3044 1701 3451 1757 sanetilicames
3482 1741 3496 1763 ,
3529 1702 3738 1768 ipsum-

2149 1816 2256 1870 que
2288 1801 2527 1853 divinum
2564 1797 2822 1866 templum
2857 1797 2969 1850 Deo
2992 1795 3270 1861 dedicant,
3305 1794 3427 1848 ideo
3457 1794 3559 1862 ipsi
3597 1809 3736 1861 quo-

2148 1909 2255 1962 que
2280 1891 2524 1946 defuncti
2549 1890 2855 1944 alieruntur
2877 1897 2932 1942 et
2962 1889 3015 1941 in
3046 1887 3226 1941 medio
3255 1888 3443 1957 templi
3476 1896 3734 1955 tanquam

2150 1984 2204 2036 in
2237 1984 2378 2037 caelo
2411 1988 2772 2049 reponuntur.
2821 1981 3045 2047 Oportet
3093 1986 3274 2031 tamen
3325 1978 3530 2032 servari
3576 1993 3735 2030 man-

2151 2077 2278 2128 data
2303 2074 2494 2154 'magni
2545 2072 2790 2142 Dionysii
2817 2111 2831 2134 ,
2866 2071 3128 2140 quoniam
3182 2085 3276 2136 per
3313 2070 3732 2124 collocationes.»

2153 2175 2297 2220 recte
2351 2163 2702 2218 manifestam
2730 2163 3166 2231 uniuscujusque
3209 2162 3435 2231 gradum
3484 2171 3538 2215 et
3585 2162 3736 2215 ordi-

2153 2273 2298 2323 nem,
2326 2266 2380 2310 et
2409 2256 2538 2325 quia
2566 2253 2769 2310 Paulus
2803 2253 2906 2310 hoc
2933 2253 3073 2309 dixit
3101 2271 3114 2308 :
3145 2253 3392 2324 Quisque
3424 2253 3478 2307 in
3513 2253 3736 2323 proprio

2152 2350 2364 2406 ordine.

2651 2647 2882 2704 CAPUT
2923 2645 3246 2703 CCCLXIV.

2158 2737 2234 2792 De
2259 2747 2588 2804 caemeterm,
2613 2739 2874 2808 quomodo
2893 2739 2950 2863 ἔτι
2975 2739 3084 2794 illis
3116 2756 3336 2807 corpora
3364 2739 3737 2810 defunctorum

2771 2826 2888 2863 sene
2914 2820 3121 2863 matur.

2771 2820 3121 2877 sepeliuntur.

2229 2905 2403 2959 Porro
2427 2905 2649 2972 antiqua
2675 2902 2964 2969 dispositio
2989 2902 3070 2956 sic
3092 2911 3232 2965 erat,
3260 2911 3318 2956 ut
3341 2911 3489 2971 patet
3517 2918 3578 2958 ex
3605 2903 3670 2957 lo:
3692 2904 3738 2956 is

2158 2999 2356 3060 quibus
2389 2995 2692 3051 cmmeterii
2737 3010 2936 3049 nomen
2988 2993 3090 3049 fuit
3133 2995 3474 3064 impositmn.
3521 2992 3736 3050 Etenim

475 3076 754 3127 σταντίνου
803 3075 863 3127 ὲν
916 3073 996 3142 τῷ
1036 3073 1147 3126 τῶν
1200 3075 1371 3141 ἁγίων
1408 3075 1750 3130 Ἀποστὸλων
1809 3077 2052 3146 μεγίστῳ

2162 3090 2215 3143 in
2273 3089 2498 3143 basilica
2553 3085 2948 3153 Constantini,
3016 3087 3070 3140 in
3125 3087 3364 3140 maxima
3420 3096 3738 3142 sanctorum

478 3167 628 3236 σηκῷ
667 3166 718 3218 οῖ
763 3166 864 3234 μὲν
908 3167 1184 3236 ἀρχιερεῖς
1226 3167 1374 3221 ἔνδον
1417 3167 1512 3221 τοῦ
1565 3169 1960 3239 θυσιαστηρίου
1991 3167 2051 3232 ἐξ

475 3260 648 3327 ἀρχῆς
691 3259 1062 3322 κατετίθεντο,
1092 3259 1166 3321 ὡς
1220 3261 1314 3312 καὶ
1363 3260 1432 3312 τά
1458 3261 1690 3329 λείψανα
1715 3261 1824 3315 τῶν
1855 3261 2049 3330 ἁγίων,

473 3349 559 3400 δια
593 3350 690 3416 τὴν
723 3351 820 3417 τῆς
852 3347 1002 3410 θείας
1036 3347 1340 3419 ἱερωσύνης
1369 3349 1682 3420 χάριν.Καὶ
1713 3350 1899 3402 πολλοὶ
1924 3351 2054 3419 περὶ

471 3440 662 3491 τούτου
696 3439 1000 3507 γράφουσιν
1029 3437 1104 3500 ὡς
1157 3435 1332 3500 οὕτως
1363 3442 1594 3505 ἐγίνετο,
1618 3440 1748 3509 περὶ
1781 3438 2053 3508 λειψάνων

472 3531 876 3600 ἀρχιερατικῶν
922 3529 1297 3599 διηγούμενοι.
1331 3531 1395 3583 Ol.
1429 3531 1671 3599 βασιλεῖς
1703 3531 1762 3583 δὲ
1802 3530 1932 3599 περὶ
1961 3531 2052 3583 τὸν

474 3625 598 3678 ναὸν
630 3627 723 3676 καὶ
753 3623 1033 3675 κύκλωθεν
1064 3622 1158 3675 τοῦ
1193 3622 1345 3682 ναοῦ,
1391 3625 1464 3684 ὡς
1506 3623 1912 3677 δείκνυνταιέκ
1943 3623 2054 3676 τῶν

426 3755 429 3758 ι
471 3719 682 3784 τάφων,
709 3717 889 3768 λα’ίκοὶ
910 3715 1189 3778 τελοῦντες
1219 3716 1314 3768 καὶ
1345 3718 1520 3778 αὐτοὶ,
1555 3718 1602 3768 εί
1636 3716 1734 3770 καὶ
1753 3717 1813 3769 τὸ
1842 3717 2054 3786 χρίσμα

472 3810 569 3878 τῆς
605 3809 884 3878 βασιλείας
918 3808 1131 3871 ἔλαϐον,
1164 3808 1464 3876 ἠγεμονίαν
1487 3807 1586 3876 τῆς
1621 3808 1892 3877 κοσμικῆς
1919 3807 2053 3860 ταύ-

473 3921 538 3972 τη
544 3921 570 3967 ς
605 3903 775 3972 ἀρχῆς
808 3903 1300 3971 ἐγκεχειρισμένα.
1327 3903 1437 3954 Kal.
1455 3903 1514 3954 ὲν
1532 3902 1642 3962 τοῖς
1666 3901 2053 3970 μοναστηρίοις

474 3996 530 4047 δὲ
587 3998 656 4046 τά
709 3993 1127 4062 ἁποτεταγμένα
1182 3993 1666 4062 κοιμητήριαίδία
1723 3993 1823 4062 μὲν
1874 3993 2055 4063 ἔχουσι

479 4091 605 4151 τοὺς
646 4091 850 4157 τάφους
877 4087 988 4140 τῶν
1025 4086 1341 4156 ἱερωμένων
1377 4085 1629 4155 μοναχῶν
1663 4087 1759 4137 καὶ
1792 4085 2055 4139 ὑποκάτω

479 4180 868 4250 θυσιαστηρίου
902 4195 917 4211 ·
957 4178 1064 4248 ἰδίᾳ
1109 4177 1168 4231 δὲ
1220 4177 1331 4228 τῶν
1388 4177 1636 4230 ἰδιωτῶν.
1683 4176 1774 4228 Διδ
1810 4178 1906 4230 καὶ
1952 4172 2055 4230 ὧδε

479 4275 659 4344 χρεὼν
707 4275 833 4334 τοὺς
890 4271 988 4340 μὲν
1039 4271 1316 4338 ἀρχιερεῖς
1366 4267 1665 4338 ἐγγύτερον
1705 4271 1914 4322 τιθέναι
1956 4271 2054 4322 τοῦ

475 4363 868 4432 θυσιαστηρίου
898 4376 914 4391 ·
959 4361 1084 4423 τοὺς
1119 4361 1283 4429 ἱερεῖς
1336 4359 1392 4409 δὲ
1426 4360 1544 4427 μετ’
1569 4359 1768 4421 αὐτοὺς
1799 4361 1894 4412 καὶ
1944 4361 2054 4413 λοι-

477 4457 612 4517 ποὺς
648 4455 857 4516 πάντας
912 4452 1248 4521 κληρικούς’
1285 4451 1416 4517 περ)⁵
1468 4449 1525 4502 δὲ
1583 4452 1682 4510 τὰς
1734 4450 1910 4512 πύλας
1955 4450 2053 4503 τοῦ
2088 4434 2132 4488 Ῑ)

481 4550 608 4602 ναοῦ
640 4550 765 4610 τοὺς
810 4547 1033 4608 λαῖκούς
1057 4561 1069 4575 ·
1103 4543 1131 4595 ὃ
1160 4544 1224 4611 δὴ
1260 4544 1351 4594 καὶ
1386 4544 1444 4594 ὲν
1482 4543 1603 4604 ταῖς
1660 4546 1844 4610 μοναῖς
1897 4545 2057 4614 ἀκριο

477 4642 734 4710 σέοτερον
774 4639 854 4690 ἔτι
888 4637 1165 4721 τηρεῖται·
1200 4633 1296 4684 καὶ
1323 4631 1450 4694 τοὺς
1485 4633 1586 4702 μὲν
1612 4633 2058 4702 καθηγουμένους

477 4737 574 4785 καὶ
633 4732 965 4802 ἱερωμένους
1019 4729 1318 4800 ψάλλουσιν
1368 4728 1518 4784 ἔνδον
1569 4727 1665 4782 τοῦ
1719 4727 1874 4794 ναοῦ,
1932 4730 2060 4792 τοὺς

480 4828 695 4888 ἰδιώτας
722 4826 781 4878 δὲ
815 4822 1160 4894 μοναχοῦς,ἢ
1193 4826 1288 4877 καὶ
1315 4822 1558 4891 λαῖκοίις,
1589 4825 1648 4875 ὲν
1676 4823 1753 4892 τῷ
1783 4823 2014 4893 νάρθηκι
2042 4839 2057 4854 ο

477 4920 506 4973 ὃ
542 4922 635 4974 καὶ
669 4919 755 4987 ἐφ’
782 4920 916 4988 ἡμῖν
953 4918 1034 4969 ἔτι
1067 4917 1356 4986 γινόμενον
1387 4916 1602 4984 εἴδομεν
1636 4916 1692 4969 ἔν
1719 4934 1861 4969 τισιν
1889 4918 2060 4987 ίεραίς

483 5015 692 5082 μοναίς.
752 5011 870 5063 Νῦν
904 5010 961 5062 δὲ
1014 5011 1195 5062 πάντα
1227 5011 1293 5080 τῇ
1329 5011 1564 5080 ἀμελείᾳ
1620 5013 1960 5083 παρεωράθη
1991 5012 2061 5066 τὰ

477 5107 702 5175 εύλαΰῆ,
727 5107 822 5158 καὶ
848 5103 918 5157 τά
944 5103 1042 5172 τῆς
1071 5102 1280 5169 τάξεως
1313 5103 1682 5156 καταλέλυται
1710 5119 1722 5132 ·
1757 5107 1851 5157 καὶ
1882 5106 2061 5158 πάντα

477 5199 725 5268 γίγνεται
760 5195 972 5266 φύρδην
1002 5212 1016 5226 ο
1049 5195 1145 5248 καί⁷
1169 5198 1278 5265 γάρ
1309 5197 1342 5264 ἡ
1389 5195 1586 5259 ἀταξία
1611 5197 1676 5266 τῇ
1709 5196 2060 5267 ὑπερηφανίᾳ

478 5291 845 5359 συζεύγνυται
883 5289 1161 5358 ἁπαρχῆς,
1189 5291 1283 5340 καὶ
1313 5276 1572 5358 συναύτῇ
1599 5293 1666 5358 τῇ
1692 5289 2057 5360 φιλοκερδεία,

479 5384 574 5437 καὶ
606 5385 675 5436 τὰ
712 5382 956 5452 κοσμικὰ
1015 5381 1342 5451 φρονήματα
1394 5380 1556 5432 πλέον
1587 5380 1674 5433 διὰ
1725 5382 1793 5433 τὰ
1823 5383 2060 5434 ἑκάστου

479 5477 628 5546 πάθη
653 5492 666 5505 ο
700 5475 797 5528 καὶ
829 5474 890 5527 οὗ
923 5474 992 5528 τὰ
1024 5473 1132 5526 τῶν
1163 5473 1336 5540 ἁγίων
1380 5473 1598 5541 κρατεῖ.
1643 5473 1752 5526 Καὶ
1787 5474 1974 5526 πολλοὶ
2005 5478 2061 5525 ὲν

476 5573 688 5634 τούτοις
732 5570 1077 5639 άφιλοσόφως
1125 5567 1596 5636 φιλοσοφοῦσιν,ἢ
1631 5561 1831 5636 μᾶλλον
1882 5571 2060 5620 εἰπεῖν

478 5665 710 5733 ἀλόγως.
741 5664 873 5730 Καὶ,
899 5663 962 5715 Τί
992 5665 1108 5715 ἐστι
1143 5660 1324 5723 τοῦτο,
1360 5661 1581 5727 λέγουσι
1607 5676 1620 5726 ;
1651 5663 1741 5714 καὶ
1766 5664 1817 5712 τί
1846 5663 2056 5726 ἐκεῖνος

485 5765 578 5816 καὶ
616 5762 758 5816 διατι
791 5760 867 5833 μὴ
905 5759 998 5813 καὶ
1030 5761 1121 5813 τὸν
1170 5758 1353 5811 imo;
1391 5757 1534 5809 ἔνδον
1567 5757 1914 5825 εἰσάγυυτιν;
1943 5759 2054 5811 Οὐκ

2156 3181 2524 3250 apostolorum
2559 3179 2816 3244 ecclesia,
2858 3179 3147 3250 pontiﬁces
3190 3180 3410 3247 quidem
3461 3180 3607 3235 intra
3655 3180 3735 3233 alo

2157 3281 2274 3328 tare
2303 3273 2372 3328 ab
2400 3273 2558 3326 initio
2587 3271 3005 3342 deponebantur
3032 3282 3253 3342 prepter
3294 3272 3527 3343 gratiam
3561 3272 3738 3328 divini

2155 3366 2469 3421 sacerdotii.
2499 3364 2566 3418 Et
2594 3364 2750 3418 multi
2781 3363 2850 3418 de
2882 3364 2985 3418 hoc
3011 3365 3260 3420 scribunt
3292 3365 3434 3433 quod
3466 3365 3540 3420 ita
3579 3366 3742 3420 liehat

2153 3459 2221 3514 de
2251 3457 2497 3527 reliquiis
2539 3436 2856 3526 podiilicum
2897 3458 3274 3520 disserentes,
3325 3472 3482 3527 reges
3515 3473 3644 3513 vero
3685 3459 3741 3511 in

2157 3548 2357 3617 templo
2383 3557 2438 3603 et
2467 3546 2612 3602 circa
2645 3541 3016 3614 templum‘,ut
3041 3560 3104 3601 ex
3142 3563 3332 3602 eorum
3372 3550 3741 3603 monumen'is

2155 3649 2416 3710 apparet,
2449 3654 2617 3708 quum
2647 3649 2700 3692 et
2727 3638 2830 3709 ipsi
2862 3639 2976 3694 sint
3007 3639 3128 3693 laici
3157 3679 3172 3703 ,
3218 3640 3342 3692 licet
3387 3649 3608 3707 accepta
3660 3655 3746 3692 re-

2141 3734 2260 3802 pali
2312 3732 2570 3786 unctione
2592 3771 2606 3795 .
2655 3730 3086 3784 dominationem
3136 3737 3189 3782 et
3224 3728 3485 3784 saeculares
3513 3730 3616 3783 hoc
3649 3731 3744 3784 dc-

2159 3819 2474 3875 mandatnm
2518 3818 2865 3888 susceperint
2909 3816 3223 3886 imperium.
3257 3818 3326 3870 At
3363 3817 3417 3870 in
3463 3826 3744 3872 monaste-

2157 3911 2256 3965 riis
2279 3910 2562 3980 designata
2587 3917 2716 3964 sunt
2739 3906 3052 3963 casm‘eteria
3081 3907 3132 3960 in
3156 3907 3356 3976 quibus
3377 3907 3592 3975 propria
3617 3910 3745 3977 qui-

2159 4003 2281 4058 dem
2320 4003 2574 4057 monachi
2603 3998 2915 4056 sacerdotio
2949 3999 3124 4053 induti
3157 3999 3357 4053 habent
3388 4010 3743 4053 monumenta

2157 4095 2348 4153 subter
2377 4096 2587 4156 altare.
2620 4094 2727 4149 alia
2779 4101 2959 4148 autem
3010 4093 3235 4163 propria
3286 4090 3488 4148 fratres
3533 4093 3742 4147 idiotae.

2157 4188 2284 4241 ideo
2328 4187 2415 4242 hic
2459 4185 2626 4240 etiam
2673 4192 2886 4254 oportet
2921 4183 3211 4252 pontiﬁces
3255 4182 3478 4252 quidem
3519 4181 3744 4250 propius

2158 4279 2358 4342 altari,
2405 4275 2720 4332 sacerdotes
2754 4288 2879 4329 vero
2915 4281 3039 4341 post
3082 4287 3177 4328 eos
3225 4281 3276 4326 et
3317 4273 3600 4326 universos
3640 4287 3745 4324 crr-

2160 4379 2312 4426 teros
2345 4369 2562 4438 sepeliri
2610 4366 2843 4422 clericos
2868 4403 2884 4429 ,
2919 4363 3093 4418 laicos
3144 4371 3327 4418 autem
3375 4365 3522 4418 circa
3558 4373 3746 4433 portas

2162 4463 2348 4530 templi
2378 4481 2391 4526 ;
2427 4461 2570 4532 quod
2604 4456 2785 4514 adnue
2816 4456 3130 4513 accuratius
3161 4458 3211 4510 in
3245 4457 3598 4512 monasteriis
3629 4472 3747 4510 ser-

2162 4563 2354 4616 vatur;
2386 4550 2644 4620 praasides
2669 4548 2889 4619 quidem
2915 4559 2968 4602 et
2994 4547 3311 4602 sacerdotes
3335 4547 3572 4616 psallunt
3603 4549 3744 4599 intra

2163 4644 2458 4712 templum,
2511 4641 2694 4695 idiota:
2737 4648 2921 4694 autem
2966 4648 3018 4692 et
3067 4637 3319 4691 monachi
3374 4648 3469 4690 aut
3515 4636 3642 4691 laici
3693 4637 3744 4689 iu

2167 4738 2427 4791 narthece
2456 4775 2471 4798 ,
2505 4732 2648 4802 quod
2679 4733 2823 4801 apud
2858 4747 2960 4786 nos
3001 4731 3183 4786 adhuc
3227 4729 3343 4783 lleri
3387 4729 3642 4783 novimus
3692 4731 3746 4781 in

2163 4831 2488 4898 quihusdam
2523 4825 2893 4880 monasteriis.
2928 4823 3085 4878 Nunc
3114 4835 3245 4876 vero
3277 4835 3470 4875 omnes
3500 4821 3576 4890 pii
3605 4820 3747 4876 ritus

2165 4920 2490 4991 negligentia
2525 4916 2817 4985 contempti
2868 4921 2997 4971 sunt
3023 4937 3060 4977 ,ξ
3088 4927 3428 4981 eversusque
3469 4912 3604 4966 ordo
3631 4949 3646 4974 ,
3692 4922 3747 4963 rt

2164 5015 2346 5068 omnia
2382 5013 2517 5064 [inut
2550 5006 2883 5078 promiscue,
2924 5021 3050 5061 nam
3085 5004 3344 5059 conlusio
3373 5001 3647 5072 superbiae
3673 5002 3747 5055 ab

2163 5105 2321 5160 initio
2351 5105 2449 5157 fuit
2480 5101 2798 5163 commixta,
2833 5107 2887 5154 et
2917 5114 3041 5154 cum
3074 5099 3194 5167 ipsa
3217 5096 3474 5158 avaritia,
3503 5102 3558 5151 et
3587 5109 3747 5150 mun-

2164 5199 2303 5252 daua
2335 5194 2630 5266 prmvalent
2659 5192 2893 5248 consilia
2936 5203 3157 5261 propter
3191 5189 3534 5260 singulorum
3566 5188 3699 5242 vitia
3725 5227 3744 5256 ,

2164 5298 2217 5346 et
2261 5273 2487 5342 minime
2531 5295 2852 5341 sanctorum
2891 5283 3298 5355 «agitationes;
3344 5281 3505 5336 multi
3541 5279 3602 5336 in
3639 5279 3746 5335 hoc

2165 5392 2354 5438 contra
2411 5380 2817 5451 philosophiam
2870 5377 3374 5449 philosophantur,
3423 5390 3518 5430 seu
3574 5376 3750 5442 magis

2165 5477 2284 5529 sine
2315 5475 2549 5527 ratione.
2587 5472 2652 5526 Et
2681 5472 2809 5541 quid
2839 5471 2986 5526 hoc?
3019 5469 3296 5540 inquiunt,
3330 5480 3383 5524 et
3413 5467 3544 5539 quid
3574 5467 3702 5524 illud
3728 5471 3750 5522 'l

2166 5570 2346 5634 Qatare
2379 5567 2577 5623 laicum
2611 5580 2714 5618 non
2747 5565 2897 5620 intus
2930 5561 3218 5619 inferunt?
3256 5562 3447 5618 Nonne
3483 5559 3752 5617 Christia-

2166 5678 2270 5715 nus
2299 5659 2411 5715 est?
2448 5659 2645 5719 Etiam,
2672 5656 2859 5723 frater,
2891 5656 3237 5713 Christianus
3263 5663 3366 5723 est,
3399 5653 3492 5711 sed
3523 5667 3630 5710 non
3656 5671 3751 5707 sa-

2168 5755 2359 5812 cctdos
2385 5769 2400 5819 ;
2435 5752 2579 5808 aliud
2613 5751 2834 5822 quidem
2860 5751 3160 5821 sacerdos,
3189 5761 3241 5808 et
3281 5750 3429 5806 aliud
3461 5747 3666 5820 laicus;
3704 5745 3750 5801 si
