4094 6194
354 298 463 359 οτι)

1231 296 1613 357 SYMEONiS
1647 296 2397 357 TllESSALONlCENSIS
2433 291 2789 354 ARClIlEl’.

3497 282 3601 350 680

351 405 557 459 nullum
589 414 733 460 esset
764 405 1087 474 discrimen,
1120 408 1284 477 igitur
1311 420 1364 464 et
1396 410 1568 465 laicus
1599 410 1917 480 baptizahit,

2026 407 2143 460 ἔστι
2171 407 2496 478 Χριστιανός
2524 424 2537 473 ;
2567 408 2672 459 Ναὶ
2714 404 3057 475 Χριστιανὸς,
3086 402 3283 469 ἀδελφέ
3308 418 3321 432 ⁸
3364 400 3478 455 ἀλλ’
3505 401 3603 472 οὑχ

348 509 400 552 ct
432 498 781 567 ministrabit,
809 510 864 556 et
894 501 963 556 ad
994 502 1167 557 altare
1194 505 1447 560 accedet.

848 796 1081 851 CAPUT
1115 797 1408 853 CCCLXV.

345 885 423 942 De
452 888 559 943 illis
606 890 695 959 qui
732 893 1032 943 inordinate
1073 907 1135 944 ac
1179 892 1398 960 confuse
1447 891 1651 959 faciunt
1695 893 1919 954 omnia;

486 961 642 1031 idque
673 960 995 1015 vehementer
1033 978 1189 1031 grave
1240 979 1300 1015 ac
1333 963 1611 1017 molestum
1644 980 1777 1017 esse.

417 1054 521 1108 Sed
562 1054 692 1123 quid
728 1057 844 1110 haee
875 1055 1039 1110 dico?
1076 1054 1165 1110 Isti
1200 1057 1295 1125 qui
1331 1056 1517 1111 omnia
1558 1059 1920 1113 commiscuit

341 1158 397 1199 et
433 1147 663 1200 confuse
706 1147 910 1202 faciunt
946 1150 1155 1203 nullum
1199 1158 1464 1219 ponentes
1495 1151 1793 1205 discrimen
1831 1167 1921 1205 sa-

291 1251 300 1261 '
341 1257 498 1293 crum
535 1242 674 1295 inter
705 1250 757 1296 et
799 1241 1087 1310 profanum
1116 1282 1131 1308 ,
1167 1244 1298 1297 illud
1332 1245 1537 1298 audent
1580 1245 1761 1299 facere
1789 1282 1806 1309 ,
1848 1244 1921 1297 si-

345 1342 591 1401 nuntque
637 1335 690 1387 in
736 1350 955 1388 sacrum
999 1336 1373 1391 sanctuarium
1421 1338 1631 1393 intrare
1680 1354 1819 1407 quos
1863 1342 1917 1393 iu

344 1428 447 1482 hoc
480 1428 686 1497 ingredi
717 1430 972 1499 indignos
1004 1431 1205 1495 sciunt,
1248 1439 1301 1485 et
1336 1434 1544 1497 absque
1577 1433 1758 1502 sigillo
1785 1448 1920 1503 pon-

344 1521 512 1574 tilicio
535 1521 728 1588 jubent
758 1522 811 1576 in
840 1523 1075 1577 ecclesia
1113 1538 1301 1579 sacras
1335 1523 1651 1595 Scripturas
1692 1528 1873 1596 legere
1900 1570 1914 1592 ,

342 1614 487 1678 quod
518 1613 569 1665 in
604 1622 808 1680 pestem
844 1614 917 1667 ita
943 1615 1262 1669 damnosam
1300 1617 1499 1683 prodiit
1536 1626 1594 1671 ut
1626 1619 1679 1671 in
1710 1634 1916 1673 morem

345 1700 677 1753 inordinatio
725 1704 1082 1768 transiverit,
1137 1707 1405 1772 multique
1450 1723 1794 1777 nequaquam
1850 1712 1916 1766 de
1950 1745 1995 1807 Β

345 1806 504 1845 sacro
535 1793 713 1858 sigillo
757 1804 983 1857 curent,
1016 1798 1110 1850 sed
1156 1798 1242 1851 vix
1286 1798 1420 1852 illud
1460 1812 1707 1868 quxrrant
1745 1817 1916 1872 quum

346 1886 413 1935 ad
447 1885 671 1940 ordines
709 1888 1066 1953 promovendi
1099 1901 1250 1955 sunt,
1283 1894 1480 1954 virque
1509 1903 1622 1948 tum
1654 1897 1726 1948 ita
1754 1904 1918 1965 agant

342 1986 403 2028 ut
454 1979 756 2032 secundum
813 1984 1270 2037 consuetudinem
1328 1984 1464 2041 illud
1523 1989 1815 2059 accipiant.
1874 1989 1918 2043 Ο

343 2070 537 2130 homo,
569 2085 693 2123 num
728 2086 889 2138 parva
928 2074 1041 2126 [nec
1078 2075 1410 2143 perpendis?
1436 2088 1488 2133 et
1520 2077 1743 2135 Patrum
1774 2082 1918 2153 leges

341 2159 579 2228 desuper
620 2162 850 2218 traditas
886 2167 1237 2234 asperuaris?
1268 2168 1413 2225 Nihil
1459 2186 1685 2239 parvum
1726 2176 1776 2229 in
1817 2175 1921 2231 Ee-

341 2249 505 2303 clesia
538 2252 715 2321 magni
752 2252 843 2308 Dei
876 2263 930 2308 et
961 2254 1265 2313 Salvatoris
1296 2262 1467 2316 nostri
1500 2260 1631 2319 Jesu
1662 2266 1867 2321 Christi
1896 2313 1911 2334 ,

344 2343 477 2394 nihil
517 2343 636 2397 sine
668 2345 933 2414 sapientia
958 2390 973 2414 ,
1008 2350 1269 2418 quoniam
1304 2352 1479 2422 ipsius
1516 2366 1598 2411 est
1631 2360 1918 2428 sapientia:

344 2435 577 2489 viventis
607 2434 867 2493 Ecclesia.
900 2439 1022 2495 Ideo
1054 2443 1235 2496 omnia
1267 2445 1562 2502 maximam
1598 2449 1798 2505 habent
1832 2468 1919 2507 ra-

343 2528 569 2580 tionem.
608 2529 891 2595 Quomodo
936 2533 1099 2604 igitur
1145 2535 1369 2592 auderet
1419 2539 1636 2617 aliquis.
1672 2544 1915 2599 rationa-

344 2620 479 2672 ti.|es
514 2618 674 2675 Verbi
726 2621 818 2677 Dei
864 2623 1241 2682 institutiones
1281 2629 1399 2685 suis
1448 2630 1739 2688 insultibus
1785 2652 1918 2692 con-

345 2720 606 2775 lettmct'e,
630 2722 685 2767 et
709 2714 1063 2785 semetipsum
1090 2722 1427 2777 constituere
1453 2723 1695 2793 iudicem
1727 2742 1915 2782 earum

341 2802 761 2859 exstitit-tionis?
800 2805 941 2861 Num
976 2808 1196 2878 ignoras
1230 2815 1476 2869 ordinem
1512 2819 1694 2872 omnia
1740 2822 1919 2875 conti-

343 2910 495 2959 nere,
524 2896 667 2952 sicut
704 2897 907 2953 dictum
938 2903 1062 2957 est?
1093 2913 1150 2958 et
1182 2905 1234 2958 iu
1268 2906 1481 2961 caelesti
1517 2906 1761 2964 Ecclesia
1794 2913 1917 2965 exi--

344 2988 510 3039 mium
558 2997 703 3042 stare
746 2989 1037 3047 ordinem?
1088 2992 1259 3064 Igitur
1309 3012 1445 3053 cave
1494 3014 1564 3054 ne
1613 3015 1916 3071 supernum

2029 500 2229 567 ἱερεύς.
2256 500 2487 568 Ἕτερον
2520 499 2578 553 δὲ
2611 501 2812 568 ἱερεὺς,
2843 501 2937 550 καὶ
2960 497 3151 566 ἕτερον
3185 494 3397 557 λαῖκός.
3431 493 3492 546 Εἰ
3542 492 3602 545 δὲ

2024 592 2201 655 οὐδὲν,
2228 592 2322 644 καὶ
2350 594 2378 645 ό
2410 592 2600 652 λαῖκὺς
2646 593 2830 645 λοιπον
2878 589 3158 661 βαπτίσει,
3192 589 3284 641 καὶ
3316 588 3605 658 ἱερουργή-

2027 703 2132 751 σει,
2152 689 2247 742 καὶ
2272 689 2353 751 εἰς
2381 687 2443 740 τὸ
2470 688 2860 758 θυσιαστήριον
2890 683 3283 738 εἰσελεύσεται.

2487 794 2653 871 264
2686 797 2940 852 ΚΕΦΔΔ.
2976 794 3140 849 rem.

2022 893 2166 962 Περί
2227 892 2347 946 τῶν
2395 891 2678 962 ἀτάκτωςμ
2720 889 2921 962 πάντα
2982 888 3080 962 καί
3131 884 3602 962 συγκεχυμένως

2231 963 2604 1017 ποιούντωνο
2645 960 2735 1014 ὅτι
2778 960 2955 1013 τοῦτο
2984 958 3128 1012 λίαν
3175 956 3399 1009 δεινόν.

2104 1056 2266 1110 Ἀλλά
2288 1053 2407 1115 πῶς
2428 1050 2590 1104 τοῦτό
2612 1066 2756 1121 φημι
2778 1066 2792 1115 ;
2813 1041 2977 1104 Οὗτοι
2999 1047 3047 1100 οἰ
3079 1048 3258 1101 πάντα
3282 1045 3601 1114 συγχέοντες

2022 1148 2118 1203 καὶ
2167 1145 2371 1216 ἀναμὶξ
2413 1142 2719 1208 ποιοῦντες,
2762 1140 2928 1211 μηδὲν
2962 1137 3364 1200 διαστέλλοντες
3396 1134 3602 1205 ἀναμέο

2023 1258 2115 1293 σον
2143 1238 2290 1309 ἱεροῦ
2320 1256 2379 1292 τε
2407 1237 2501 1290 καὶ
2539 1234 2760 1304 ἀνιέρου
2792 1235 2889 1289 καὶ
2921 1232 3083 1286 τοῦτο
3110 1232 3354 1298 τολμῶσι
3390 1232 3562 1281 ποιεῖν
3583 1242 3599 1257 ⁸

2020 1334 2117 1386 καὶ
2149 1335 2207 1386 ὲν
2239 1333 2319 1401 τῷ
2355 1331 2507 1404 ἰερῷ’
2532 1330 2741 1402 βήματι
2773 1330 2898 1390 τοὺς
2937 1326 3011 1397 μὴ
3044 1324 3232 1392 ἀξίους
3274 1325 3368 1377 τοῦ
3419 1321 3600 1392 βῆμα-

2020 1443 2110 1487 τος
2138 1426 2368 1479 εἰσιέναι
2402 1422 2748 1494 συγχωροῦσι
2771 1437 2784 1453 ο
2807 1421 2903 1476 καὶ
2932 1420 3059 1489 δίχα
3091 1416 3383 1487 σφραγῖδος
3412 1416 3602 1487 ἀρχιε-

2025 1518 2258 1589 ρατικῆς
2285 1515 2604 1570 κελεύουσιν
2634 1512 3035 1582 ἀναγινώσκειν
3068 1513 3166 1573 τὰς
3207 1510 3364 1579 ῑεράς
3397 1508 3484 1561 ἐπ’
3510 1509 3601 1561 ἐκ·

2022 1612 2250 1681 κλησίας
2276 1610 2526 1681 Γραφάς.
2555 1609 2665 1662 Kal
2693 1606 2951 1660 τοσοῦτον
2979 1605 3137 1659 τοῦτο
3160 1604 3241 1665 εἰς
3273 1600 3444 1673 νομὴν
3467 1597 3601 1672 ἦλθε

2024 1702 2423 1772 πονηροτάτην,
2454 1699 2531 1762 ὡς
2564 1703 2661 1752 καὶ
2693 1701 2772 1762 εἰς
2822 1697 2945 1760 έθος
2989 1697 3091 1767 τὴν
3134 1694 3360 1760 ἀταξίαν
3394 1692 3604 1763 προσῆ-

2024 1811 2111 1846 ναι
2133 1810 2146 1823 ·
2174 1795 2272 1847 καὶ
2298 1793 2359 1845 οὐ
2391 1793 2581 1862 χρείαν
2615 1790 2845 1853 πολλοὺς
2884 1789 3028 1859 ἔχειν
3080 1788 3377 1859 σφραγῖδος
3422 1787 3599 1854 ἱερᾶς,
3690 1866 3695 1873 .

2027 1885 2161 1938 ἀλλά
2191 1885 2343 1951 μόλις
2398 1885 2454 1936 ὲν
2504 1880 2582 1952 τῷ
2635 1880 2850 1951 μέλλειν
2891 1878 3335 1951 χειροτονεῖσθαι,
3358 1878 3482 1931 τότε
3506 1878 3602 1947 ζη-

2024 1980 2169 2030 τεῖν’
2200 1978 2297 2030 καὶ
2334 1976 2484 2045 μόλις
2515 1977 2636 2028 τότε
2664 1974 2739 2036 ὡς
2776 1973 2918 2026 κατὰ
2949 1971 3240 2041 συνήθειάν
3289 1989 3342 2024 τι
3387 1970 3605 2041 λαμϐά-

2023 2088 2226 2124 νουσιν.
2265 2070 2577 2137 Ἄνθρωπε,
2627 2066 2799 2138 μικρά
2850 2066 3025 2119 ταῦτα
3073 2064 3305 2136 λογίζῃς
3341 2064 3439 2118 καὶ
3475 2063 3602 2126 τοὺς

2020 2161 2128 2215 τῶν
2168 2162 2430 2231 Πατέρων
2455 2162 2613 2231 ὅρους
2641 2158 2988 2231 παραλογίζῃ
3011 2159 3139 2220 τοὺς
3173 2157 3383 2214 ἄνωθεν
3423 2173 3603 2227 παρα-

2019 2254 2377 2325 δεδομένους;
2411 2254 2580 2308 Οὐδὲν
2613 2253 2810 2323 μικρὸν
2843 2253 2901 2305 ὲν
2929 2254 2997 2322 τῇ
3046 2250 3143 2305 τοῦ
3194 2252 3433 2322 μεγάλου
3463 2251 3599 2305 Θεοῦ

2021 2349 2117 2401 καί⁸
2143 2347 2398 2417 Σωτῆρος
2429 2346 2589 2416 ἡμῶν
2636 2344 2815 2416 Ἰησοῦ
2850 2344 3090 2416 Χριστοῦ
3135 2344 3437 2415 Ἐκκλησία
3458 2359 3472 2374 ο
3508 2345 3603 2397 οῦ·-

2018 2441 2106 2494 δὲν
2133 2439 2258 2511 δίχα
2290 2440 2450 2508 λόγου
2476 2456 2491 2471 ·
2521 2440 2603 2493 ὅτι
2636 2440 2801 2493 αὑτοῦ
2835 2437 2930 2491 τοῦ
2960 2437 3169 2502 ζῶντος
3202 2437 3380 2505 Λόγου
3408 2438 3440 2507 ή
3480 2437 3603 2490 Ἑκ-

2020 2532 2240 2602 κλησία.
2268 2532 2361 2585 Διὸ
2417 2531 2559 2603 μετὰ
2592 2531 2754 2600 λόγου
2801 2532 2982 2584 πάντα
3019 2529 3307 2600 μεγίστου.
3335 2528 3460 2594 ιΙῶς
3506 2524 3603 2582 οὖν

2019 2626 2193 2696 τολμᾷ
2245 2644 2326 2690 τις
2371 2625 2511 2689 ὅλως
2564 2625 2635 2677 τά
2691 2624 2835 2694 μετά
2891 2623 3055 2691 λόγου
3087 2623 3186 2677 καὶ
3233 2623 3303 2677 τὰ
3338 2621 3432 2675 τοῦ
3463 2621 3599 2675 Θεοῦ

2021 2720 2198 2787 Λόγου
2235 2717 2395 2781 ἰδίαις
2427 2718 2628 2789 ὁρμαῖς
2668 2716 2960 2787 παρορᾷν;
2998 2716 3092 2769 καὶ
3123 2715 3320 2770 ἑαυτὸν
3352 2715 3599 2782 εἰσάγειν

2020 2814 2121 2882 τῆς
2163 2811 2373 2865 τούτων
2424 2810 2779 2873 καταλύσεως
2814 2810 3116 2881 νομοθέτην
3145 2827 3161 2875 ;
3197 2810 3312 2863 Οὐκ
3343 2802 3490 2872 οἶδας
3517 2809 3601 2861 ὅτι
3670 2866 3692 2885 η,

2020 2905 2173 2971 τάξις
2226 2905 2448 2974 συνέχει
2498 2904 2698 2968 πάντα⁹
2729 2902 2807 2968 ὡς
2859 2902 3210 2972 γέγραπται;
3246 2901 3340 2955 καὶ
3387 2903 3599 2954 ὅτιούκ

2027 2996 2176 3048 ἔστιν
2229 2996 2638 3057 ἀκαταστασίας
2667 2995 2695 3047 ὀ
2723 2993 2879 3059 Θεὸς,
2923 2994 3001 3057 ὡς
3024 2996 3053 3047 ό
3083 2993 3438 3065 Θεορρήμωνξ
3468 2992 3597 3061 ἔφης

342 3078 593 3134 υι-ειιυιιε
623 3082 897 3151 ordinem,
925 3084 1020 3139 sed
1057 3088 1240 3156 potius
1265 3101 1588 3158 praesentem
1625 3108 1915 3161 conserva,

2021 3088 2135 3142 ἀλλ’
2188 3090 2416 3158 εἰρήνης
2464 3089 2560 3140 καὶ
2613 3086 2863 3152 τάξεως;
2896 3084 2995 3139 καὶ
3046 3087 3130 3139 ὅτι
3184 3086 3219 3151 ἡ
3255 3086 3311 3137 ἐν
3349 3084 3602 3153 οὐρανιίς

339 3182 394 3227 et
431 3189 526 3241 pro
560 3177 653 3228 illo
699 3187 964 3245 quantum
1016 3191 1171 3246 potes
1216 3185 1433 3251 zelare,
1483 3200 1661 3255 neque
1703 3197 1912 3243 tantum

342 3266 561 3321 studeas
594 3276 652 3321 ut
675 3285 795 3338 qure
826 3271 1084 3340 accepisti
1115 3275 1416 3341 custodias,
1440 3288 1495 3332 et
1528 3288 1585 3334 ut
1615 3295 1678 3335 ea
1709 3283 1918 3340 sanctis

341 3373 541 3428 augeas
573 3361 945 3427 incrementis,
976 3379 1146 3432 eaque
1171 3366 1406 3423 adorncs
1433 3377 1691 3440 tanquam
1724 3372 1917 3431 Patres

341 3448 538 3502 nostri.
585 3449 776 3517 Itaque
834 3468 1019 3522 pugna
1074 3469 1175 3522 pro
1224 3442 1766 3518 sanctifordinibus
1798 3506 1811 3528 ,
1860 3476 1917 3521 ut

343 3540 566 3592 multum
608 3556 636 3594 a
686 3540 795 3596 Deo
836 3545 1140 3601 mercedem
1193 3549 1401 3607 referas
1444 3563 1636 3623 utpote
1673 3556 1914 3627 diligens

340 3635 591 3687 decorem
654 3636 849 3691 domus
906 3635 1176 3706 Domini,
1241 3655 1603 3716 sanctumque
1663 3650 1912 3706 ordinem

339 3737 496 3777 serva
518 3764 534 3789 ,
567 3732 620 3777 et
653 3726 928 3781 adstantes
967 3729 1021 3781 in
1059 3734 1375 3787 sanctuario
1421 3736 1627 3806 majore
1657 3738 1779 3795 aliis
1821 3741 1919 3795 ho-

340 3829 474 3869 nore
505 3830 836 3885 prosequere
867 3820 1172 3877 secundum
1212 3826 1630 3883 convenientem
1664 3830 1744 3884 eis
1786 3846 1913 3900 gra-

340 3904 504 3973 dum,
539 3920 592 3963 et
633 3909 874 3965 sedendo
899 3951 914 3975 ,
950 3921 1004 3967 et
1033 3920 1492 3975 communicando
1513 3962 1529 3986 ,
1560 3930 1617 3975 et
1662 3932 1912 3980 mutuum

339 4004 541 4056 donum
597 4005 958 4074 accipiendo,
1017 4017 1072 4061 et
1117 4019 1380 4078 augustas
1432 4012 1703 4085 imagines
1748 4024 1913 4087 atque

340 4095 737 4151 sanctissimam
778 4112 997 4155 crucem
1031 4101 1309 4160 adoranda
1334 4146 1348 4172 ,
1394 4115 1581 4177 utpote
1616 4110 1805 4168 divino
1841 4112 1917 4167 si-

341 4188 469 4257 gillo
500 4191 766 4260 signatos.

821 4483 1055 4543 CAPUT
1098 4486 1415 4549 CCCLXVI.

342 4600 415 4655 De
444 4599 549 4655 illis
588 4598 680 4669 qui
724 4599 956 4675 neglecto
1000 4602 1185 4655 ordine
1219 4602 1275 4656 in
1320 4601 1470 4675 bema
1516 4605 1909 4675 ingrediuntur,

410 4688 530 4725 cum
568 4686 659 4725 nec
697 4672 992 4749 sacerdotes
1021 4688 1114 4726 nec
1136 4673 1383 4749 monachi
1406 4678 1539 4737 sint,
1569 4672 1912 4749 arroganter;

408 4758 507 4814 que
526 4758 635 4811 pra:
656 4741 1017 4797 sacerdotibus
1042 4753 1094 4799 et
1127 4746 1399 4800 "zonae/tis
1428 4756 1576 4801 stant
1608 4741 1908 4808 vel'sedent.

410 4923 468 4979 ln
502 4925 877 4982 sanctuarium
910 4924 1116 4982 intrare
1145 4927 1354 4984 nullum
1394 4930 1681 5001 permittas
1715 4940 1913 5001 pra-ter

339 5033 435 5077 eos
469 5019 564 5090 qui
605 5018 954 5090 impositione
994 5035 1256 5076 manuum
1293 5022 1441 5094 digni
1483 5036 1609 5079 sunt
1647 5024 1820 5080 habiti
1858 5033 1913 5080 et

338 5113 495 5170 electi
532 5115 600 5170 ad
648 5113 1071 5170 ministrantium
1119 5123 1324 5171 mterno
1372 5116 1521 5189 regi,
1566 5126 1622 5172 at
1658 5127 1785 5187 post
1815 5133 1913 5174 eos

340 5220 478 5275 pone
516 5208 815 5263 monachos
853 5216 908 5262 et
938 5215 1062 5276 post
1100 5208 1398 5265 monachos
1440 5208 1613 5265 laicos
1636 5248 1653 5275 ,
1692 5220 1745 5265 et
1782 5225 1915 5267 eave

339 5314 408 5354 ne
454 5300 703 5371 superbis
747 5299 847 5357 des
868 5302 1070 5371 glocum
1119 5311 1341 5359 sanctos
1378 5300 1711 5372 deSpiciendi
1742 5344 1755 5365 .
1816 5306 1913 5374 qui

339 5406 506 5459 quum
549 5393 713 5447 stulte
745 5394 983 5462 cogitent
1018 5394 1075 5449 in
1105 5408 1296 5450 sancta
1330 5404 1385 5450 et
1417 5396 1599 5449 divina
1642 5396 1913 5451 inducunt

340 5483 466 5537 vitia
498 5498 597 5537 sua
630 5484 844 5553 istaque
874 5483 1264 5546 manifestam,
1299 5495 1354 5541 et
1421 5486 1623 5540 nedum
1660 5486 1913 5541 sanctiﬁ-

336 5583 573 5641 ceutur,
608 5576 851 5630 damnati
898 5587 1029 5632 sunt
1077 5587 1132 5633 et
1179 5580 1464 5635 aversione
1498 5578 1667 5651 digiti.
1714 5579 1913 5634 Volunt

335 5668 482 5722 enim
515 5668 717 5724 divinis
750 5670 1079 5738 participare
1114 5673 1415 5727 secundum
1454 5687 1627 5741 genus
1668 5673 1912 5744 ignobile

338 5770 394 5814 et
444 5758 752 5825 abiectum,
789 5776 1002 5820 necnon
1046 5767 1346 5823 secundum
1397 5766 1616 5825 divitias
1670 5767 1913 5824 assidere

2020 3180 2245 3245 εὐταξία
2276 3181 2373 3233 καὶ
2402 3180 2457 3231 ὲν
2482 3182 2548 3249 τῇ
2582 3177 2884 3248 Ἐκκλησία
2914 3176 3068 3238 ὲστίς
3098 3176 3190 3245 Μὴ
3216 3177 3461 3246 παράλυε
3490 3194 3601 3230 τοι-

2021 3270 2229 3340 γαροῦν
2263 3269 2361 3340 τὴν
2396 3270 2605 3325 ἄνωθεν
2649 3271 2839 3335 τάξινο
2877 3269 3014 3322 ἀλλὰ
3049 3269 3249 3338 μᾶλλον
3278 3271 3371 3322 ἔσο
3401 3286 3599 3338 συντη-

2021 3360 2132 3433 ρῶν
2168 3360 2398 3432 ταύτην,
2451 3361 2546 3415 καὶ
2578 3362 2721 3432 ὑπὲρ
2752 3359 2927 3430 αὐτῆς
2973 3360 3156 3429 ζηλῶν
3191 3359 3290 3429 ὅση
3320 3359 3550 3430 δύναμις
3581 3377 3597 3394 ο

2020 3454 2110 3507 καὶ
2142 3452 2218 3524 μὴ
2249 3454 2408 3523 μόνον
2439 3451 2711 3517 σπούδαζε
2742 3452 2779 3507 ἃ
2814 3451 3129 3522 παρέλαϐες
3157 3452 3437 3521 συνιστᾷν,
3462 3450 3601 3505 ἀλλά

2020 3547 2116 3600 καὶ
2174 3547 2513 3615 προσθήκαις
2580 3549 2758 3617 ἱεραῖς
2823 3546 3177 3612 ὲπαυξάνειν,
3220 3545 3317 3600 καὶ
3372 3549 3599 3616 κοσμεῖν

2019 3639 2213 3703 ταῦτα,
2234 3638 2311 3703 ὼς
2366 3640 2461 3693 καὶ
2510 3640 2559 3692 οἰ
2616 3640 2861 3710 Πατέρες
2907 3639 3089 3710 ἡμῶν.
3123 3638 3470 3709 ’Υπερμάχει
3503 3639 3598 3691 οῦν

2018 3730 2131 3784 τῶν
2160 3732 2323 3801 ἰερῶν
2369 3731 2598 3796 τάξεων,
2631 3732 2719 3784 ῐνα
2758 3731 2991 3801 μισθοὺς
3022 3730 3365 3795 πολλαπλοῦς
3395 3732 3596 3803 κομίσῃ

2019 3823 2174 3892 παρά
2203 3820 2362 3888 Θεοῦ,
2400 3821 2477 3885 ὡς
2523 3822 2754 3890 ἀγαπῶν
2795 3821 3132 3893 εὐπρέπειαν
3164 3821 3316 3875 οἴκου
3366 3822 3596 3892 Κυρίου,

2020 3916 2114 3968 καί
2147 3914 2247 3985 τὴν
2276 3914 2434 3986 ἰεράν
2464 3913 2655 3984 τηρῶν
2706 3912 2885 3978 τάξιν.
2938 3912 3053 3967 Καὶ
3084 3912 3211 3978 τοὺς
3245 3914 3347 3983 μὲν
3376 3913 3472 3967 τοῦ
3503 3913 3597 3981 βή-

2022 4023 2195 4076 ματος
2241 4007 2486 4078 προτίμα
2515 4005 2624 4059 τῶν
2656 4005 2860 4069 ἄλλων,
2882 4006 3027 4059 κατά
3086 4005 3180 4059 τὸν
3224 4005 3596 4074 ἀναλογοῦντα

2021 4098 2255 4169 βαθμὸν,
2286 4101 2353 4169 τῇ
2403 4114 2463 4150 τε
2512 4097 2722 4164 στάσει,
2768 4098 2864 4151 καὶ
2892 4098 2959 4167 τῇ
2992 4096 3270 4167 κοινωνίᾳ,
3303 4097 3401 4151 καὶ
3431 4113 3597 4167 μετασ

2019 4192 2177 4261 λήψει
2208 4188 2304 4243 τοῦ
2332 4189 2631 4259 ἀντιδώρου
2683 4188 2780 4243 καί⁵
2826 4188 3193 4259 ἀγιάσματος,
3217 4188 3314 4241 καὶ
3334 4191 3401 4260 τῇ
3428 4203 3601 4259 προσε-

2020 4285 2243 4356 κυνήσει
2298 4283 2407 4336 τῶν
2472 4282 2688 4335 σεπτῶν
2764 4280 2990 4335 εἰκόνων
3034 4282 3132 4335 καὶ
3189 4281 3286 4335 τοῦ
3336 4278 3596 4353 πανὶἑρου

2025 4378 2291 4450 σταυροῦ,
2326 4378 2403 4442 ῶς
2436 4378 2711 4449 σφραγῖδα
2749 4374 2903 4447 ἰεράν
2936 4375 3179 4447 ἔχοντας.

2565 4493 2816 4549 ΚΕΦΑΛ.
2855 4492 3039 4560 Tac".

2016 4610 2152 4679 Περί
2184 4603 2320 4683 ,τῶν
2344 4606 2616 4683 detixer
2648 4607 2719 4661 ἐν
2748 4606 2828 4683 τῷ
2854 4606 3111 4683 βήματι.
3137 4605 3477 4683 εἰσιόντων,
3508 4620 3594 4683 [ε-

2083 4674 2360 4735 ξιούντων
2397 4677 2652 4744 ἀνιέρων
2707 4678 2805 4731 καί
2840 4674 3301 4746 ἀσφρατιστων,
3334 4674 3432 4730 καὶ
3464 4674 3596 4746 ,τῶν

2086 4750 2557 4820 προισταμένων
2605 4747 2644 4815 ἢ
2689 4744 3165 4820 προ-καθημένων
3195 4744 3596 4817 ὑπερηφάνως

2085 4816 2419 4891 ἱερωμένων
2445 4816 2546 4873 καί
2574 4816 2888 4887 μοναχῶν.

2088 4936 2198 4990 Καὶ
2226 4936 2284 4989 ἐν
2312 4935 2390 5007 τῷ
2423 4934 2628 5006 βήματι
2658 4931 2893 4988 εἰσιέναι
2940 4934 3008 5005 τῇ
3058 4932 3376 5005 χειροτονίᾳ
3426 4932 3598 5002 ἠξιω-

2020 5028 2233 5099 μένους,
2259 5027 2354 5081 καὶ
2380 5028 2462 5090 εἰς
2484 5025 2809 5099 Δὑπηρεσίαν
2852 5025 3227 5093 ἀπολεγέντας
3266 5023 3343 5093 τῷ
3389 5023 3596 5095 αἰωνίῳ

2017 5096 2248 5192 βασιλεῖ,
2300 5119 2396 5173 καὶ
2449 5096 2655 5189 ιῖηδένα
2714 5116 2873 5172 ἄλλον
2937 5117 3354 5187 παραχωρήσῃς
3400 5116 3482 5176 εἰς
3534 5116 3596 5167 τι

2018 5214 2170 5285 βῆμα
2198 5209 2571 5281 εἰσέρχεσθαι,
2598 5209 2719 5280 μετ’
2747 5208 2948 5272 αὐτοὺς
2977 5208 3035 5261 δὲ
3065 5206 3227 5272 τάξον
3268 5208 3393 5269 τοὺς
3426 5224 3599 5276 μονα.

2018 5307 2169 5377 χοῦς.
2198 5304 2293 5359 καὶ
2326 5305 2464 5375 μετά
2494 5303 2722 5366 τούτους
2768 5304 2895 5364 τοὺς
2935 5299 3158 5362 λαῖκούς
3182 5315 3198 5330 ο
3223 5300 3320 5353 καὶ
3362 5298 3437 5371 μὴ
3482 5302 3596 5362 τοῖς

2020 5398 2400 5469 ὑπερηφάνοις
2468 5396 2558 5460 δὸς
2612 5393 2800 5467 χώραν
2872 5392 3268 5462 κατορχεῖσθαι
3326 5392 3422 5443 καὶ
3485 5392 3597 5443 τῶν

2018 5494 2211 5562 ἁγίων,
2239 5491 2288 5545 οἳ
2322 5489 2565 5560 ἀνοήτως
2589 5490 2829 5560 ἔχοντες,
2866 5488 2962 5541 καὶ
3023 5485 3155 5556 περὶ
3199 5484 3269 5538 τά
3308 5484 3495 5554 ἀπαθῆ
3529 5502 3593 5538 τε

2018 5590 2112 5642 καὶ
2144 5586 2265 5640 θεῖα
2292 5585 2388 5638 καὶ
2417 5582 2565 5654 πάθη
2609 5581 2823 5635 ἑαυτῶν
2856 5577 3144 5648 εἰσάγουσί
3169 5594 3229 5631 τε
3260 5578 3356 5631 καὶ
3384 5578 3595 5632 ἐπιδεί-

2019 5698 2240 5735 κνυνται
2264 5696 2276 5710 ·
2315 5678 2407 5731 καὶ
2456 5677 2579 5729 ἀντὶ
2613 5672 2707 5726 τοῦ
2742 5671 3089 5741 ἀγιάζεσθαι,
3125 5671 3592 5743 κατακεκριμένοι

2029 5774 2153 5839 εἰσί,
2187 5773 2278 5829 καὶ
2319 5769 2673 5840 ἀποστροφῆς
2726 5768 2864 5834 ἄξιοι
2890 5784 2903 5798 ·
2939 5767 3183 5823 ἐθέλουσι
3212 5766 3325 5840 γοὰρ
3356 5766 3447 5821 καὶ
3484 5764 3595 5819 τῶν
