4094 6194
325 315 427 380 CS9

1489 321 1585 381 DE
1614 322 1716 384 Oii
1732 325 1910 384 DINE
1951 325 2450 394 SEPULTURE.

3493 340 3610 402 690

323 426 543 494 θρωπος
579 427 812 500 σπέρμα
837 430 934 485 καὶ
954 431 1030 494 ὡς
1067 433 1281 502 καρπὸς
1313 433 1377 486 ἐκ
1425 433 1526 502 τῆς
1562 437 1688 502 γῆς,
1721 435 1816 489 καὶ
1841 435 1915 500 ὡς

2027 455 2190 510 quam
2251 443 2466 502 fructus
2529 455 2709 511 terrae,
2745 446 2832 500 "vel
2891 455 3150 515 tanquam
3214 463 3444 517 granum
3495 451 3610 504 frn-

323 521 472 584 σῖτος
503 521 984 592 καταϐαλλόμενος
1044 527 1124 588 είς
1151 526 1254 596 τὴν
1317 527 1438 594 γῆν.
1483 528 1621 580 Θεοῦ
1682 528 1915 598 δυνάμει

321 613 488 666 πάλιν
519 613 952 684 ἐξαναστήσεται
981 633 995 648 ·
1036 617 1130 670 καὶ
1194 613 1306 671 οἷον
1357 620 1667 689 βλαστήσεις
1729 624 1786 674 ὲν
1835 621 1914 692 τῷ

323 704 600 777 μέλλοντι,
633 705 712 772 τῷ
777 705 998 780 Χριστῷ
1043 709 1246 770 τέλειος
1296 713 1389 764 καὶ
1444 712 1552 774 ζῶν
1601 713 1916 782 προσαχθῆ-

323 811 496 850 σεται.
529 796 698 866 268
736 795 824 859 Ὠς
856 798 965 870 γὰρ
993 801 1020 852 ό
1050 799 1242 870 παρὼν
1267 801 1479 869 καρπὸς
1519 803 1782 856 θάπτεται
1815 802 1914 872 μὲν

323 886 382 938 ἐν
407 889 472 954 τῇ
509 890 604 956 γῇ,
641 889 928 956 βλαστάνει
969 891 1026 944 δὲ
1077 894 1212 960 μετά
1245 893 1439 954 ταῦτα,
1498 895 1590 946 καὶ
1643 893 1913 962 πολύχουν

325 981 648 1052 τελεσφορεῖ
701 983 794 1035 τὸν
845 985 1081 1052 καρπὸν,
1121 985 1264 1038 οὕτω
1329 986 1423 1038 καὶ
1485 986 1793 1058 ἄνθρωπος,
1836 985 1913 1056 τῷ

325 1077 546 1146 Θανάτῳ
587 1080 652 1147 τῇ
714 1079 784 1146 γῇ
834 1078 1134 1146 διδόμενος,
1167 1081 1536 1151 ἀναστήσεται
1591 1079 1770 1143 αὖθις.
1804 1081 1914 1134 Καὶ

325 1167 539 1230 Παῦλος
586 1167 746 1222 τοῦτό
804 1187 962 1238 φησι,
986 1171 1074 1224 διὰ
1107 1173 1570 1240 παραδειγμάτων
1602 1173 1708 1224 τῶν
1744 1188 1913 1240 σπερ-

281 1255 312 1294 ·ῖ
329 1264 516 1330 μάτων
547 1264 716 1332 δήλην
782 1265 1010 1334 θέμενος
1062 1266 1162 1333 τὴν
1219 1267 1542 1320 ἀνάστασιν.
1601 1266 1759 1330 Τινὲς
1813 1265 1914 1334 μὲν

327 1356 418 1408 οὖν
475 1373 662 1421 φασιν,
719 1357 795 1420 ὡς
827 1358 916 1412 διὰ
963 1361 1024 1412 τὸ
1057 1359 1244 1427 θαῦμα
1275 1359 1370 1414 τοῦ
1429 1359 1744 1414 καλλινίκου
1775 1357 1916 1429 μάρ·

327 1463 490 1512 τυρος
525 1447 804 1518 Θεοδώρου
855 1449 1018 1502 τοῦτο
1061 1449 1326 1519 τελοῦμεν
1380 1452 1442 1506 τὺ
1497 1451 1607 1506 τῶν
1657 1448 1914 1518 καρπῶν.

329 1539 442 1589 Οὔκ
467 1539 581 1590 ἔστι
611 1538 668 1590 δὲ
725 1539 886 1608 μόνον
920 1541 1008 1592 διὰ
1051 1542 1232 1607 τοῦτο,
1286 1541 1409 1594 ἐπεὶ
1443 1539 1727 1594 καὶτοῦτο
1770 1540 1916 1594 θεῖον

331 1633 422 1681 καὶ
479 1630 628 1696 παρὰ
679 1631 772 1684 τοῦ
834 1633 995 1698 Θεοῦ,
1059 1633 1198 1686 ἀλλά
1249 1633 1336 1686 διὰ
1400 1635 1500 1702 τὴν
1551 1633 1646 1686 τοῦ
1701 1633 1916 1688 Παύλου

331 1723 538 1790 μᾶλλον
591 1725 796 1795 φωνὴν,
827 1727 903 1790 ὼς
955 1727 1285 1797 εἰρήκαμεν,
1311 1728 1380 1782 τὰ
1433 1727 1725 1796 σπέρματα
1777 1742 1917 1796 παρ-

328 1817 640 1881 εικάζοντος
679 1821 794 1882 τοῖς
856 1819 1148 1890 ἡμετέροις
1211 1823 1450 1890 σώμασι,
1508 1819 1918 1888 καταϐαλλομέ-

328 1928 442 1973 νοις
493 1929 552 1963 τε
577 1915 673 1966 καὶ
721 1913 1138 1983 ἐγειρομένοις,
1192 1917 1544 1984 τιμιωτέροις
1611 1911 1762 1968 οὖσιν
1819 1909 1921 1968 αὖ·

329 2007 460 2058 τῖον.
499 2003 590 2054 Διὸ
629 2005 724 2058 καὶ
767 2005 830 2058 οὐ
887 2005 1050 2074 μόνον
1110 2008 1278 2068 σῖτον,
1339 2006 1478 2059 ἀλλὰ
1532 2007 1626 2060 καὶ
1694 2007 1920 2059 πλεῖστα

331 2099 442 2151 τῶν
474 2096 650 2149 ἄλλων
696 2098 1034 2166 σπερμάτων
1103 2097 1480 2165 προσάγομεν,
1518 2099 1611 2150 καὶ
1658 2091 1800 2150 οῖνον
1857 2098 1922 2148 ἐκ

333 2194 428 2248 τοῦ
473 2193 782 2260 γενήματος
833 2192 933 2259 τῆς
987 2193 1288 2260 ἀμπέλου-ο
1318 2191 1400 2244 ὄτι
1437 2191 1529 2244 καὶ
1568 2189 1729 2242 τοῦτο
1759 2189 1920 2256 ξύλου

336 2286 570 2353 καρπὸς,
610 2287 706 2337 xal.
735 2286 817 2348 είς
862 2284 962 2354 τὴν
1007 2283 1104 2337 τοῦ
1164 2283 1405 2354 Χριστοῦ
1452 2283 1589 2351 μετὰ
1622 2283 1716 2336 τοῦ
1771 2283 1920 2336 σίτου

336 2381 558 2450 ἑξελέγη
583 2379 799 2433 θυσίαν.
853 2379 965 2434 Καὶ
1005 2380 1123 2438 mi;
1177 2381 1288 2432 τῶν
1344 2378 1520 2448 ἁγίων
1566 2379 1622 2431 δὲ
1677 2377 1922 2448 μνήμαις

335 2472 504 2526 ταῦτο
542 2471 950 2542 προσφέρομεν,
1003 2473 1086 2526 ὅτι
1159 2474 1254 2526 καὶ
1304 2473 1460 2526 αὐτοὶ
1505 2473 1718 2544 καρπὸς
1767 2472 1922 2538 ἅγιος

337 2567 432 2620 xii.
495 2565 928 2634 παραδεδομένοι
983 2569 1049 2638 τῇ
1109 2569 1181 2636 γῇ
1226 2570 1339 2627 τοῖς
1403 2565 1569 2628 θείοις
1619 2563 1918 2635 λειψάνοις,

337 2662 432 2716 καὶ
475 2663 532 2712 ἐν
586 2659 810 2729 Χριστῷ
864 2661 1286 2726 ἀναστήσονται.
1331 2658 1658 2726 Ἐξαιρέτως
1723 2656 1782 2709 δὲ
1828 2663 1923 2713 καὶ

339 2757 502 2809 πλέον
545 2759 658 2809 τῶν
711 2755 888 2808 ἄλλων
956 2756 1244 2824 σπορίμων
1293 2755 1322 2806 ό
1384 2755 1552 2816 σῖτος,
1605 2753 1688 2804 ὅτι
1738 2751 1830 2804 καὶ
1895 2749 1924 2800 ό

337 2851 530 2920 Σωτὴρ
561 2852 622 2902 τὸ
674 2849 874 2902 ἑαυτοῦ
921 2848 1189 2914 πανάγιον
1251 2837 1420 2914 σῶμα·
1468 2847 1602 2912 σίτῳ
1651 2841 1923 2911 παρείκα-

339 2961 454 2996 σεν.
505 2943 630 2994 Ἐὰν
658 2943 767 3010 γὰρ
837 2942 972 3011 μὴό
1003 2941 1204 3002 κόκκος
1255 2938 1349 2992 τοῦ
1399 2938 1572 3001 σίτου,
1635 2940 1790 3006 φησὶ.
1823 2953 1924 2988 πε-

341 3037 448 3090 σὼν
470 3040 548 3099 εἰς
574 3037 674 3107 τὴν
704 3036 834 3105 γῆν,
865 3035 1134 3104 ἀποθάνῃ,
1189 3033 1352 3095 αὐτὸς
1385 3033 1547 3102 μόνος
1601 3033 1778 3100 μένει.
1829 3030 1924 3082 Ἐκ

2027 539 2194 592 menti
2257 539 2308 593 in
2379 549 2580 594 terram
2631 540 2918 609 injectum.
2977 539 3068 596 Dei
3119 544 3360 609 polentia
3409 545 3608 598 iterum

2023 639 2294 699 resurget,
2328 641 2384 688 et
2409 637 2744 701 germinans,
2777 645 2836 688 ut
2861 634 2934 688 ita
2967 635 3169 698 dicam,
3203 637 3255 688 in
3291 639 3400 690 vita
3423 639 3606 690 futura

2024 720 2248 774 Christo
2281 721 2556 790 perfectus
2588 737 2654 777 ae
2685 723 2874 777 vivrns
2915 725 3200 780 offeretur.
3237 726 3374 780 Nam
3411 743 3608 795 quem-

2025 813 2322 868 admodum
2355 829 2542 870 semen
2577 817 2630 870 in
2657 825 2798 870 terra
2827 817 3110 886 sepelitur,
3134 819 3403 889 germinat
3425 831 3606 874 autem

2020 917 2214 976 postea
2267 918 2322 962 et
2371 909 2604 964 multum
2669 908 2906 964 fructum
2963 909 3142 974 aﬁ‘ert,
3195 911 3268 966 ita
3324 921 3374 966 et
3447 913 3618 968 immo-

2022 1009 2198 1055 morte
2232 1001 2392 1056 datus
2424 1009 2603 1068 terrae,
2639 1017 2856 1056 rursum
2895 1013 3162 1072 resurget.
3221 1004 3376 1070 Quod
3409 1003 3610 1060 Paulus

2020 1093 2190 1156 dixit,
2269 1097 2518 1166 exemplo
2594 1098 2863 1151 seminum
2961 1099 3308 1154 manifestam
3405 1100 3610 1156 faciens

2021 1187 2509 1244 resurrectionem.
2588 1185 2844 1242 Nonnulli
2903 1190 3122 1257 quidem
3191 1203 3452 1246 asserunt
3509 1209 3610 1247 nos

2023 1275 2165 1331 hanc
2193 1276 2840 1334 fructuum'oblationem
2873 1281 3051 1336 facere
3104 1295 3324 1352 propter
3373 1284 3614 1340 miracu-

2023 1368 2136 1423 lum
2178 1371 2400 1438 gloriosi
2442 1373 2700 1445 martyris
2729 1373 3001 1430 Theodori
3033 1392 3048 1442 ;
3085 1379 3180 1431 sed
3206 1387 3416 1430 nonest
3447 1393 3612 1446 prop-

2025 1471 2112 1516 ter
2156 1463 2294 1518 istud
2327 1475 2560 1528 tantum,
2593 1467 2698 1521 etsi
2732 1467 2836 1522 hoc
2875 1469 3036 1522 etiam
3089 1469 3336 1524 divinum
3373 1471 3444 1526 sit
3497 1483 3550 1525 et
3579 1487 3610 1524 a.

2025 1553 2138 1612 Deo
2183 1558 2520 1626 institutum,
2562 1561 2654 1616 sed
2714 1563 2915 1631 potius,
2972 1572 3030 1616 ut
3076 1563 3339 1630 diximus,
3391 1578 3612 1634 propter
3659 1587 3669 1614 ς.

2025 1650 2252 1704 verbum
2295 1652 2448 1708 Pauli
2498 1656 2591 1722 qui
2643 1657 2854 1710 semina
2907 1659 3250 1724 comparavit
3285 1659 3610 1726 corporibus

1955 1787 1995 1842 Β
2028 1743 2232 1797 nostris
2259 1759 2380 1813 qua:
2399 1743 2608 1812 sepulta
2634 1748 3033 1801 resuscitantur
3066 1749 3224 1818 longe
3255 1749 3392 1816 ipsis
3429 1751 3602 1803 honu-

2027 1836 2306 1890 rahiliura.
2337 1835 2686 1906 Quapropter
2729 1853 2838 1892 non
2871 1840 3219 1894 solummodo
3247 1839 3610 1901 frumentum.
3689 1853 3698 1862 '

2027 1930 2120 1984 sed
2155 1939 2208 1982 ct
2237 1931 2391 1998 plura
2443 1931 2550 1984 alia
2585 1934 2798 1988 semina
2851 1931 3132 1988 offerimus
3189 1934 3490 2001 vinumque
3541 1951 3606 1988 ev

2025 2021 2298 2087 genimine
2345 2020 2496 2085 vitis,
2531 2022 2792 2090 quoniam
2843 2023 2947 2078 hoc
2989 2037 3208 2092 quoque
3259 2021 3474 2077 fructus
3525 2035 3613 2078 est

2025 2111 2180 2180 ligni,
2213 2121 2268 2166 et
2299 2129 2421 2167 cum
2453 2112 2731 2168 frumento
2782 2114 2836 2168 in
2883 2115 3218 2168 sacrificium
3255 2113 3459 2168 Christi
3512 2115 3614 2170 fuit

2023 2206 2284 2260 electum.
2321 2203 2446 2259 Haec
2500 2220 2635 2260 vero
2673 2207 2839 2261 etiam
2874 2207 2927 2261 in
2989 2197 3612 2262 commemora'tionibns

2025 2311 2342 2358 sanctorum
2377 2301 2682 2367 offerimus.
2712 2305 2969 2374 quoniam
3005 2304 3106 2375 ipsi
3145 2321 3364 2376 quoque
3397 2303 3614 2358 fructus

2025 2395 2448 2449 sanctus‘terra:
2487 2396 2690 2464 pariter
2750 2397 2957 2452 sanctis
3008 2397 3256 2466 reliquiis
3318 2397 3605 2464 commissi

2028 2487 2080 2539 in
2135 2487 2357 2542 Christo
2405 2499 2716 2557 resurgent.
2771 2489 2878 2544 Sed
2932 2489 3236 2560 praesertim
3287 2499 3343 2545 et
3399 2491 3454 2544 in
3499 2507 3617 2544 ma-

2020 2579 2126 2650 jnri
2167 2582 2289 2637 aliis
2360 2583 2661 2637 seminibus
2725 2585 2922 2653 copia,
2962 2584 3196 2639 offertur
3247 2583 3611 2648 frumentum,

2025 2677 2285 2743 quoniam
2357 2675 2608 2729 Salvator
2670 2691 2875 2744 corpus
2945 2691 3108 2731 suum
3201 2675 3614 2731 sanctissimum

2025 2767 2300 2824 frtuneuto
2333 2771 2673 2839 comparavit
2705 2772 2892 2826 dicens
2927 2787 2941 2824 :
3001 2787 3020 2821 ι
3050 2769 3164 2824 Nisi
3219 2785 3450 2840 granum
3503 2769 3616 2822 frn-

2027 2867 2196 2918 menti
2267 2866 2470 2920 cadens
2528 2867 2580 2918 in
2650 2875 2796 2919 terra
2851 2874 3132 2919 mortuum
3191 2863 3377 2929 fuerit,
3435 2863 3612 2930 ipsum

2026 2960 2200 3014 solmn
2241 2967 2446 3021 nianet,
2471 2977 2487 3010 ι
2523 2975 2633 3028 quo
2668 2975 2823 3012 suam
2860 2959 3084 3014 evhihet
3109 2961 3568 3012 resurrectionem
3597 2976 3612 3019 ;

2029 3070 2054 3102 «ς
2081 3051 2126 3106 si
2161 3066 2292 3106 vero
2331 3061 2604 3106 mortuum
2634 3049 2818 3117 fuerit,
2842 3053 3068 3104 multum
3108 3049 3345 3104 fructum
3375 3049 3557 3104 affert.
3591 3069 3609 3100 ι

337 3133 530 3184 τούτου
555 3130 612 3182 δὲ
637 3130 878 3200 παριστᾷ
907 3127 1004 3182 καὶ
1057 3127 1158 3198 τὴν
1202 3125 1370 3180 αὐτοῦ
1427 3124 1666 3196 ἔγερσιν.
1705 3124 1830 3176 Ἐὰν
1867 3121 1922 3176 δὲ

2035 3145 2220 3200 Vitlen’
2251 3161 2420 3215 quare
2451 3149 2788 3201 frumentum
2822 3146 3222 3213 proponimus?
3261 3145 3492 3214 insuper
3539 3160 3606 3198 ex

341 3223 805 3295 ἁποθάνῃ,πολὺν
853 3221 1072 3291 καρπὸν
1120 3221 1301 3290 φέρει.
1348 3218 1514 3288 Ὁρᾷς
1579 3217 1721 3270 διατί
1778 3218 1924 3270 σῖτον

341 3321 675 3392 προτίθεμεν
711 3335 726 3386 ;
773 3318 938 3372 Ἀλλὰ
973 3319 1070 3372 καὶ
1105 3317 1168 3369 ὲκ
1217 3316 1366 3368 σίτου
1427 3316 1534 3378 πᾶς
1579 3313 1788 3384 ἀληθὴς
1829 3313 1928 3383 ἄρ·

339 3433 454 3476 τος.
487 3413 580 3466 Διδ
607 3415 701 3466 καὶ
761 3410 999 3480 Χριστὸς
1055 3412 1084 3462 ό
1135 3409 1390 3480 ἀληθινὸς
1452 3409 1548 3460 καὶ
1611 3407 1722 3471 ζῶν
1761 3407 1924 3476 ἄρτος

341 3503 424 3567 εἷς
458 3521 472 3535 ·
504 3506 562 3567 ὃς
590 3505 684 3557 καὶ
721 3503 886 3570 ἄρτον
924 3503 1024 3572 τῆς
1076 3500 1218 3568 ζωῆς
1281 3499 1478 3554 ἑαυτὸν
1523 3498 1883 3565 κατωνόμασε
1908 3509 1924 3525 δ

339 3595 410 3650 δι’
443 3597 532 3667 ἣν,
565 3596 640 3658 ὡς
669 3590 849 3663 οἶμαι,
878 3592 1059 3647 αἰτίαν
1108 3593 1200 3646 καὶ
1261 3591 1499 3660 ἐξαρχῆς
1553 3591 1686 3659 ἡμῖν
1751 3588 1926 3658 τροφὴ

339 3693 458 3754 τοῖς
503 3689 816 3759 ἀνθρώποις
847 3689 876 3741 ό
934 3689 1084 3749 σῖτος
1129 3685 1340 3739 δέδοται
1373 3701 1390 3717 ·
1432 3683 1526 3738 καὶ
1584 3683 1666 3735 ἔτι
1725 3681 1927 3751 μᾶλλον

343 3784 432 3838 διὰ
463 3783 524 3835 τδ
553 3783 610 3835 ἐν
631 3783 782 3853 ἄρτῳ
814 3781 893 3852 τῷ
947 3783 1012 3834 ὲκ
1059 3778 1156 3832 τοῦ
1221 3779 1370 3832 σίτου
1426 3777 1644 3846 μέλλειν
1708 3776 1928 3846 δοθῆναι

341 3877 591 3945 γίνεσθαι
619 3879 704 3942 τὰ,
734 3879 1032 3946 μυστήρια.
1076 3875 1249 3943 Τρίτα
1291 3874 1348 3927 δὲ
1395 3869 1773 3952 ἐπιτελοῦνται
1830 3869 1928 3922 καὶ

341 3977 562 4039 Imma,
593 3975 691 4027 καὶ
721 3975 788 4026 τὰ
815 3973 1001 4037 λοιπὰ,
1035 3972 1332 4042 ἐξαιρέτως
1366 3969 1466 4038 μὲν
1491 3968 1580 4022 διὰ
1623 3969 1724 4039 τὴν
1763 3967 1930 4036 Τριά-

340 4075 428 4134 δα,
459 4073 540 4124 ὅτι
567 4069 696 4142 παρ’
723 4066 896 4136 αὐτῆς
923 4069 1058 4136 ἡμῖν
1087 4067 1148 4117 τὸ
1170 4061 1312 4118 εἷναι
1345 4065 1439 4117 καὶ
1465 4063 1500 4133 ἡ
1529 4061 1666 4130 ζωὴ,
1697 4061 1792 4114 καὶ
1832 4059 1926 4113 τοῦ

341 4167 579 4218 θανάτου
612 4162 1003 4230 συμφερόντως
1033 4161 1168 4229 ἡμῖν
1189 4157 1530 4218 ἐπελθόντος,
1563 4155 1771 4225 αὗθις-ἡ
1799 4155 1930 4206 ἀνα-

339 4259 580 4323 ζώωσις,
607 4255 742 4310 Φασὶ
769 4257 825 4310 δέ
854 4271 1020 4315 τινες,
1052 4254 1146 4306 καὶ
1181 4252 1268 4305 διὰ
1304 4251 1403 4322 τὴν
1452 4252 1671 4318 γένεσιν
1701 4247 1796 4302 τοῦ
1835 4248 1928 4300 ἀν-

339 4353 566 4418 θρώπου
592 4369 606 4382 ·
639 4351 722 4402 ὃτι
755 4347 1193 4414 καταϐληθέντος
1227 4345 1320 4398 τοῦ
1393 4343 1711 4412 σπέρματος
1753 4344 1814 4394 ὲν
1861 4343 1924 4412 τῇ

2036 3235 2310 3289 frumento
2341 3235 2522 3290 omnis
2567 3249 2732 3288 verus
2787 3233 2964 3302 panis,
3015 3233 3138 3287 ideo
3172 3233 3428 3287 Christus
3465 3234 3617 3288 solus

2029 3338 2112 3380 est
2146 3342 2307 3381 verus
2358 3325 2626 3396 vivusque
2679 3328 2838 3396 panis
2869 3327 2962 3394 qui
3039 3326 3203 3380 etiam
3256 3328 3613 3396 semetipsum

2032 3435 2226 3488 panem
2259 3421 2380 3472 vitae
2422 3420 2848 3488 cognominavit,
2881 3418 3165 3489 quoniam,
3197 3429 3256 3473 ut
3287 3435 3505 3486 censeo,
3549 3421 3618 3474 ab

2031 3511 2188 3564 initio
2229 3511 2386 3564 nobis
2424 3511 2740 3565 hominibus
2779 3509 3112 3566 frumentum
3151 3513 3204 3565 in
3238 3527 3422 3566 eseam
3448 3513 3616 3566 (latus

2032 3613 2136 3664 est,
2169 3604 2250 3656 vel
2289 3603 2464 3671 potius
2509 3603 2636 3669 quia
2692 3602 2746 3656 in
2777 3617 2917 3670 pane
2964 3619 3027 3658 ex
3062 3603 3247 3657 tritico
3277 3605 3613 3658 conficienda

2031 3705 2186 3750 erant
2219 3697 2502 3766 mysteria.
2530 3695 2716 3749 Tertia
2747 3705 2930 3750 autem
2973 3697 3062 3751 die
3101 3711 3165 3749 ac
3202 3711 3340 3750 nona
3371 3705 3422 3750 et
3455 3707 3617 3751 emto-

2035 3783 2108 3837 ris
2141 3785 2464 3837 memoriam
2513 3783 2754 3838 defuncti
2790 3783 3026 3838 facimus
3057 3784 3354 3852 praesertim
3392 3785 3612 3853 quidem

2032 3885 2256 3944 propter
2310 3873 2660 3942 Trinitatem,
2720 3877 2986 3944 quoniam
3051 3875 3119 3928 ah
3173 3875 3290 3943 ipsa
3341 3876 3498 3930 nohis
3533 3883 3617 3928 est

2031 3981 2152 4019 esse
2210 3975 2264 4019 ct
2309 3965 2493 4019 vivere
2543 3966 2628 4020 vel
2681 3965 2869 4030 etiam,
2910 3949 3278 4020 morte-uobis
3318 3967 3370 4020 in
3410 3969 3610 4019 bonum

2032 4059 2473 4125 superveniente,
2509 4058 2862 4112 reviviscere.
2903 4059 3099 4112 Dicunt
3129 4073 3259 4111 vero
3309 4058 3475 4126 aliqui
3511 4059 3615 4112 hoc

2031 4151 2194 4205 etiam
2232 4151 2344 4204 ﬁeri
2375 4161 2598 4221 propter
2632 4151 2974 4205 nativitatem
3011 4151 3272 4216 hominis,
3325 4151 3612 4220 quoniam,

2032 4245 2242 4299 semine
2277 4247 2328 4299 in
2379 4253 2596 4300 uterum
2656 4243 2928 4308 immisso,
2977 4242 3248 4297 formatur
3295 4243 3479 4297 infans
3527 4243 3616 4296 die

2033 4339 2214 4399 tertia,
2251 4351 2390 4390 nona
2420 4337 2812 4406 compingitur,
2843 4337 3336 4406 etquatlragesima
3373 4335 3616 4388 viviflea-

341 4447 554 4517 μήτρᾳ,
585 4441 889 4512 μορφοῦται
923 4441 984 4492 τὸ
1015 4439 1216 4509 βρέφος
1249 4439 1307 4490 ἐν
1349 4439 1414 4508 τῇ
1473 4437 1634 4507 τρίτῃ
1676 4451 1688 4463 ·
1731 4437 1796 4506 τῇ
1841 4437 1922 4486 ὲν-

2035 4440 2125 4483 tur
2167 4445 2234 4486 ac
2279 4429 2580 4500 perficitur.
2633 4427 2820 4483 Putari
2873 4438 3055 4484 autem
3113 4437 3291 4499 potest
3349 4429 3618 4484 infantem

337 4542 480 4611 νάτῃ
505 4539 560 4591 δὲ
610 4538 908 4608 πήγνυται,
959 4533 1053 4587 καὶ
1099 4535 1165 4603 τῇ
1227 4531 1636 4600 τεσσαρακοστῇ
1689 4528 1922 4591 ζωοῦται

339 4634 435 4686 καὶ
465 4629 785 4684 τελειοῦται.
820 4628 979 4679 Ἐστι
1006 4626 1049 4676 δ’
1084 4626 1304 4686 ἐννοεῖν,
1339 4625 1420 4676 ὅτι
1471 4625 1567 4678 καὶ
1622 4623 1700 4692 τῷ
1755 4621 1928 4693 τρίτῳ

341 4728 478 4796 μηνὶ
539 4725 779 4792 σκιρτᾷ⁶
812 4721 904 4774 καὶ
957 4719 1034 4788 τῷ
1083 4719 1228 4788 ἕκτῳ
1277 4717 1480 4770 τέλειόν
1530 4718 1646 4770 ἐστι
1705 4717 1927 4786 βρέφος,

341 4821 436 4872 καὶ
465 4817 546 4886 τῷ
575 4818 780 4884 ἐννάτῳ
811 4813 1076 4866 τίκτεται.
1107 4812 1218 4863 Καὶ
1271 4811 1354 4862 ἔτι
1411 4811 1682 4875 ἐνιαύσια,
1739 4811 1822 4864 ὅτι
1869 4809 1930 4862 τδ

341 4910 530 4979 τεχθὲν
562 4911 619 4958 ὲν
649 4905 727 4976 τῷ
755 4906 926 4976 τρίτῳ
961 4906 1088 4974 μηνὶ
1125 4903 1468 4970 αίσθᾶνεται,
1522 4905 1618 4956 καὶ
1675 4904 1798 4957 κατ’
1825 4905 1932 4956 ὀλί-

339 5021 438 5070 γον
500 5001 748 5066 αὔξεται,
809 4999 1126 5061 ἀλλοιώσεις
1187 4999 1476 5069 δεχόμενος
1539 4997 1826 5064 ἄνθρωπος
1874 4999 1931 5050 ἐν

342 5095 562 5164 ἑκάστῳ
587 5093 696 5144 ἔτει
747 5091 839 5143 καὶ
881 5089 1022 5142 ὲτῶν
1070 5090 1269 5159 τριάδι,
1325 5091 1420 5142 καὶ
1485 5089 1686 5158 μᾶλλον
1734 5090 1791 5140 ἐν
1854 5087 1931 5157 τῷ

340 5183 606 5254 ἄρχεσθαι
627 5183 726 5251 τὴν
759 5179 952 5250 τρίτην
987 5179 1203 5250 τριάδα,
1253 5179 1376 5250 ἥτις
1423 5179 1574 5231 ἐστὶν
1605 5180 1637 5247 ἡ
1699 5179 1928 5247 ὲὸδόμη,

340 5277 426 5330 διὰ
453 5275 514 5327 τὸ
547 5275 800 5327 σύνθετον
832 5269 974 5324 εἶναι
1009 5271 1098 5324 τὸν
1128 5271 1444 5340 ἄνθρωπον,
1495 5272 1588 5322 καὶ
1645 5271 1721 5338 μὴ
1773 5269 1929 5322 δύνα-

341 5371 468 5424 σθαι
519 5369 798 5438 περαίνειν
850 5367 908 5419 τὸ
950 5367 1166 5434 τριττὸν
1217 5367 1318 5433 τῆς
1377 5363 1612 5433 τριάδος,
1675 5365 1810 5432 ὅπερ
1863 5364 1930 5416 τὰ

341 5462 495 5514 ἐννέα
521 5461 687 5524 ἐστὶν,
723 5461 778 5512 ὲν
799 5455 879 5522 οἷς
919 5461 946 5510 ό
987 5457 1223 5527 ἀριθμὸς
1255 5458 1368 5510 τῶν
1389 5459 1598 5523 τάξεων
1653 5459 1762 5510 τῶν
1834 5459 1932 5524 ἁγο

341 5553 582 5622 γελικῶν
610 5569 624 5585 ο
655 5553 731 5616 ὡς
765 5552 1046 5618 ἀσώματοι
1092 5552 1200 5621 γὰρ
1245 5544 1392 5602 οὗτοι
1436 5552 1529 5602 καὶ
1580 5551 1698 5612 νόες
1743 5553 1925 5620 μόνον,

341 5642 722 5710 ὲντελέστερον
747 5641 921 5710 τούτῳ
942 5639 1006 5710 δὴ
1030 5641 1126 5692 καὶ
1159 5639 1238 5710 τῷ
1272 5637 1496 5712 ἀριθμῷ
1553 5641 1763 5693 ἑαυτῶν
1795 5640 1930 5693 ἀθα-

343 5737 517 5795 νάτως
549 5734 772 5799 ζῶντες,
810 5733 1108 5786 ὲκτυττοῦσι
1143 5731 1240 5802 τὴν
1289 5731 1451 5798 ἁγίαν
1497 5733 1705 5802 Τριάδα
1729 5749 1743 5764 ο
1779 5737 1930 5800 τρεῖς

341 5829 556 5899 τριὰἰες
591 5828 699 5899 γὰρ
727 5829 794 5884 τὰ
815 5827 968 5882 ἐννέα
999 5841 1012 5858 '
1046 5827 1161 5879 ἀλλ’
1213 5826 1370 5897 ἡμῶν
1427 5827 1502 5892 ὡς
1540 5827 1810 5881 συνθέτων
1841 5829 1928 5880 ἐϐ-

2035 4539 2222 4578 mense
2247 4523 2406 4577 tertio
2429 4523 2726 4588 exsultare,
2749 4533 2904 4578 sexto
2929 4523 3222 4590 perfectum
3241 4533 3451 4586 esse,et
3473 4539 3618 4576 nono

2036 4617 2319 4687 parturiri.
2357 4619 2552 4688 Agitur
2599 4619 2764 4672 etiam
2825 4617 3289 4682 anniversarium,
3353 4620 3614 4685 quoniam

2037 4709 2217 4764 infans
2251 4721 2409 4764 natus
2438 4723 2628 4764 mense
2659 4709 2821 4763 tertio
2867 4710 3052 4773 sentit,
3093 4718 3150 4760 et
3186 4709 3448 4778 paulatim
3501 4726 3617 4764 cre—

2036 4807 2138 4860 scit
2205 4807 2538 4861 mutationes
2605 4805 2883 4874 accipiens
2945 4808 3110 4858 homo
3166 4807 3396 4874 singulis
3455 4809 3616 4859 annis

2035 4899 2377 4968 singulisque
2431 4911 2704 4952 annorum
2771 4899 3134 4966 ternionihns,
3206 4910 3260 4952 et
3313 4900 3612 4968 praesertim

2033 4997 2163 5048 rium
2201 4993 2392 5064 incipit
2425 4993 2619 5048 tertius
2649 4991 2829 5046 ternio
2855 4992 2944 5060 qui
2973 5001 3058 5046 est
3111 4993 3380 5060 septimus
3413 5007 3611 5052 anuus,

2033 5085 2294 5157 quoniam
2335 5090 2497 5139 houru
2545 5094 2676 5138 tunc
2715 5083 3002 5154 perfectus
3031 5093 3114 5136 est
3167 5097 3342 5150 neque
3391 5083 3612 5134 tertium

2037 5182 2338 5234 tt-ruionem
2399 5193 2670 5232 antrorum
2735 5173 3088 5245 prmtergretii
3157 5181 3334 5242 potest
3387 5189 3450 5226 ex
3507 5190 3615 5240 quo

2034 5289 2228 5329 novem
2263 5273 2391 5326 anni
2425 5279 2680 5326 renstant
2717 5274 2768 5324 in
2803 5270 3006 5340 quibus
3058 5267 3428 5338 angelicorum
3459 5269 3612 5321 ordi-

2035 5381 2164 5418 num
2223 5363 2501 5418 invenitur
2546 5377 2808 5416 numerus
2853 5377 2868 5424 ;
2907 5360 2960 5413 hi
3019 5361 3164 5412 enim
3239 5370 3432 5412 natura
3493 5375 3613 5422 sua,

2032 5473 2199 5523 mnmt
2226 5449 2338 5512 sint
2365 5457 2672 5526 incorporei
2704 5463 2758 5508 et
2779 5451 3072 5523 spiritales,
3110 5461 3317 5505 tantum
3345 5461 3396 5505 et
3419 5453 3612 5519 exqui-

2033 5553 2195 5607 sitius
2261 5565 2491 5604 numero
2559 5563 2688 5616 suo,
2749 5548 3116 5602 immortalem
3201 5545 3365 5598 vitam
3429 5543 3610 5612 adepti

2033 5655 2281 5699 sanctam
2340 5643 2666 5698 Trinitatem
2747 5647 3159 5709 repnesentant.
3229 5638 3438 5706 Quippe
3501 5645 3612 5692 tres

2033 5740 2235 5793 triatlcs
2286 5754 2476 5791 novem
2535 5737 2779 5800 fni-inut;
2837 5735 2998 5788 nobis
3071 5749 3201 5788 vero
3258 5749 3355 5804 per
3404 5742 3610 5802 septem

2035 5847 2208 5885 attncs
2243 5833 2346 5884 \ita
2382 5829 2682 5900 perficitur,
2711 5839 2766 5881 et
2808 5827 3062 5884 similiter
3107 5827 3487 5892 mutationes;
3531 5835 3612 5876 at-
