4094 6194
486 356 589 424 691

1341 355 1642 417 SYMEON
1651 356 1725 416 IS
1765 357 1867 416 ΤΗ
1881 356 2208 416 ESSALON
2224 350 2528 415 lCENSIS
2565 349 2917 411 ABCI-IIEP.

3634 343 3739 406 692

490 467 753 530 tingimus
783 466 1004 535 quidem
1034 467 1102 522 ad
1143 465 1356 522 tertiam
1386 468 1686 522 trinitatem
1731 446 1829 537 per
1856 483 2061 522 annum

2166 463 2432 534 δοματικὴ
2460 464 2494 533 ἡ
2554 461 2689 531 ζωὴ,
2750 461 2844 513 καὶ
2893 458 2949 510 αἱ
2997 455 3310 517 ἀλλοιώσεις
3365 451 3596 522 ὁμοίως·
3645 457 3738 506 καὶ

490 559 804 627 septimum.
837 561 929 612 sed
961 574 1066 613 non
1101 573 1390 627 possumus
1420 560 1660 627 perfecte
1703 575 1798 629 per
1854 574 2058 625 corpus

488 650 798 717 exprimere
819 649 1142 704 Trinitatem
1169 667 1332 720 quam
1360 652 1468 705 alio
1495 653 1677 716 modo,
1711 661 1768 705 ut
1799 651 2059 720 possibile

490 750 598 800 est,
629 751 1102 808 repraesentamus,
1127 750 1307 794 mente
1335 740 1540 795 scilicet
1565 750 1749 796 nostra
1783 740 2060 808 verboque

497 844 562 881 ac
604 831 798 896 spiritu
835 832 900 884 ad
929 832 1213 900 imaginem
1253 833 1343 885 Dei
1371 834 1560 886 creati.
1595 832 1752 887 Unde
1784 834 1914 888 dum
1945 835 2059 888 hate

489 919 742 988 facimus,
776 922 974 992 dieque
1005 925 1159 977 tertia
1198 937 1252 977 et
1288 927 1500 979 caeteris
1539 926 1857 978 memoriam
1910 925 2057 978 faci-

486 1025 633 1077 mus,
657 1011 978 1066 Trinitatem
1009 1023 1378 1066 monstramus
1401 1029 1462 1066 ac
1486 1013 2057 1082 prmdicamusmobis-

488 1118 597 1168 que
626 1119 720 1170 per
749 1120 870 1157 eam
898 1119 1022 1159 esse
1063 1106 1225 1158 vitam
1253 1115 1416 1172 atque
1445 1104 1701 1158 salutem.
1735 1105 1898 1158 Bome
1931 1105 2058 1172 qui-

485 1194 608 1250 dem
643 1203 770 1249 sunt
799 1197 915 1250 ista;
958 1198 1336 1266 cogitationes,
1391 1211 1558 1263 quum
1618 1196 1743 1250 inde
1790 1197 2058 1249 fateamur

485 1301 586 1338 nos
639 1286 786 1340 nasci
826 1299 880 1340 et
923 1304 1043 1342 esse
1073 1304 1100 1340 a
1165 1287 1271 1340 Deo
1323 1298 1490 1354 atque
1538 1303 1634 1352 pro
1697 1288 1868 1355 gloria
1909 1288 2052 1356 ejus.

484 1377 727 1432 Ecclesia
773 1378 1128 1446 spiritualiter
1160 1391 1212 1430 et
1241 1378 1504 1431 divinitus
1535 1377 1767 1446 judicat,
1813 1381 2058 1446 ritusque

483 1470 842 1524 ecclesiastici
876 1486 1220 1538 nequaquam
1258 1486 1321 1523 ex
1353 1471 1711 1524 sensibilibus
1743 1479 2002 1525 constant
2037 1485 2052 1531 ;

484 1561 630 1615 unde
672 1560 800 1614 dum
834 1573 1083 1615 mortuus
1115 1563 1180 1614 ad
1217 1563 1474 1630 templum
1506 1563 1754 1622 alieitur,
1784 1571 2056 1617 monstra-

483 1661 576 1707 tur
619 1669 743 1708 eum
778 1669 805 1706 a
843 1655 950 1709 Deo
1004 1656 1173 1709 fuisse
1225 1666 1496 1719 creatum,
1531 1666 1585 1708 et
1616 1655 1911 1710 defunctus
1943 1654 2055 1710 Deo

485 1755 870 1813 praesentatur.
1387 1758 1400 1765 '

961 1941 1191 1995 CAPUT
1230 1942 1570 1996 CCCLXXH.

481 2034 656 2100 Quare
687 2034 865 2098 tertia,
894 2051 1033 2088 nona
1061 2044 1108 2087 et
1135 2035 1538 2100 quadragesima
1566 2036 1650 2088 die
1680 2034 1916 2102 defuncti
1943 2053 2053 2090 me-

1008 2109 1178 2157 moria
1208 2107 1513 2159 celebretur.

547 2196 629 2253 0b
657 2196 798 2251 hanc
821 2211 950 2250 vero
967 2212 1185 2252 causam
1215 2198 1531 2251 memoriam
1557 2199 1794 2254 defuncti
1821 2198 2056 2253 facimus

481 2291 566 2344 die
605 2291 785 2354 tertia,
817 2291 1076 2359 quoniam
1126 2291 1214 2355 qui
1263 2305 1292 2342 a
1334 2289 1602 2343 Trinitate
1633 2291 1798 2343 vitam
1848 2291 2056 2357 accepit

481 2383 533 2434 in
573 2382 849 2435 meliorem
889 2384 1052 2437 vitam
1087 2388 1386 2436 translatus
1427 2383 1826 2449 eouSpieietur;
1869 2386 1919 2436 in
1959 2397 2055 2434 na-

481 2475 658 2529 turam
689 2488 715 2524 a
756 2473 860 2526 Deo
892 2485 1129 2526 creatam
1165 2475 1233 2526 ab
1266 2475 1439 2532 initio.
1470 2475 1549 2527 vel
1585 2473 1748 2526 etiam
1781 2475 1834 2527 in
1866 2475 2054 2527 ntelio-

482 2580 594 2617 rem
631 2565 970 2616 immutatus.
1006 2563 1158 2618 Nona
1221 2575 1400 2618 autem
1436 2565 1524 2618 die
1573 2567 1630 2618 lit
1665 2565 1940 2627 similiter,
1999 2577 2056 2618 ut

482 2655 731 2723 ipseiam
783 2656 1072 2724 spiritusa
1118 2673 1352 2724 corpore
1401 2657 1614 2712 solutus
1666 2673 1792 2712 cum
1851 2659 2056 2712 sanctis

481 2751 768 2819 spiritibus
832 2750 1042 2817 angelis
1109 2750 1430 2810 collocetur,
1493 2751 1694 2817 quibus
1753 2752 2051 2804 secundum

482 2853 734 2901 naturam
787 2841 983 2894 similis
1030 2841 1207 2895 factus
1253 2853 1359 2904 est,
1413 2858 1535 2895 cum
1589 2859 1779 2895 novem
1827 2858 2055 2896 numero

484 2935 774 2989 ordinibus
808 2934 900 3003 qui
938 2944 1020 2986 ter
1079 2937 1243 2989 Deum
1294 2934 1345 2987 in
1382 2934 1652 2992 Tiiiiitate
1701 2937 2052 3002 plwdicatnm

485 3028 779 3089 celebrant,
833 3036 996 3096 atque
1053 3045 1177 3079 runt
1241 3027 1371 3092 ipsis
1439 3038 1752 3080 sanctorum
1807 3031 2053 3084 omnium

482 3121 773 3192 spiritibus
826 3121 1190 3173 cuaduuetur.
1257 3118 1452 3173 Verum
1492 3122 1914 3188 quadragesima
1969 3122 2057 3175 die

2164 557 2452 625 ἁπτόμεθα
2478 557 2577 625 μὲν
2599 556 2760 623 ἡμεῖς
2777 555 2876 622 τῆς
2896 552 3086 620 τρίτης
3120 548 3338 619 τριάδος
3365 546 3454 600 διὰ
3502 548 3601 613 τῆς
3650 544 3740 597 ἑϐ-

2159 651 2352 720 δόμης,
2376 651 2436 702 οὐ
2455 648 2733 718 δυνάμεθα
2757 647 2813 699 δὲ
2855 645 3154 713 ἐμφανίσαι
3203 642 3401 702 τέλεως
3429 639 3516 692 διὰ
3541 637 3603 692 τὸ
3635 636 3740 690 σῶ-

2165 739 2333 808 μα,εῐ
2365 740 2460 791 καὶ
2491 737 2692 806 ἑτέρως
2726 735 2825 804 τὴν
2873 731 3081 803 Τριάδα
3133 731 3210 793 ὼς
3262 726 3492 782 δυνατὸν
3543 725 3740 778 εἰκονί-
3815 773 3826 780 .

2161 831 2344 894 ζομεν,
2381 827 2457 897 τῷ
2477 826 2558 880 νοτ
2581 827 2736 894 ἡμῶν
2756 825 2852 878 καὶ
2896 823 3040 892 λόγῳ
3087 822 3181 873 καὶ
3210 821 3483 888 πνεύματι
3515 815 3636 869 κατ’
3665 816 3740 867 si-

2161 921 2292 974 κόνα
2322 919 2456 972 Θεοῦ
2489 917 2822 978 κτισθέντες.
2857 914 3021 968 Ὅθεν
3078 913 3172 966 καὶ
3231 910 3406 964 ταῦτα
3454 909 3736 977 γινόμενα,

2160 1012 2313 1080 τρίτα
2341 1027 2399 1063 τε
2428 1012 2521 1063 καὶ
2549 1011 2618 1063 τὰ
2651 1009 2836 1073 λοιπὰ,
2862 1009 2961 1078 τὴν
2993 1004 3200 1076 Τριάδα
3260 999 3478 1073 δηλοῦσί
3526 1016 3587 1052 τε
3647 999 3739 1050 καὶ

2159 1100 2493 1169 κηρύττουσι
2521 1115 2539 1130 ⁸
2576 1102 2670 1154 καὶ
2703 1099 2778 1162 ῶς
2795 1099 2882 1152 διὰ
2906 1095 3109 1164 ταύτης
3138 1093 3317 1147 πάντα
3355 1093 3490 1161 ἡμῖν
3524 1089 3592 1142 τά
3637 1088 3736 1153 τῆς

2159 1193 2304 1263 ζωῆς
2363 1194 2457 1246 καὶ
2503 1188 2602 1263 τῆς
2655 1190 2950 1260 σωτηρίας.
3003 1187 3113 1240 Καὶ
3157 1184 3322 1238 καλαὶ
3380 1183 3481 1251 μὲν
3535 1180 3738 1232 ἔννοιαι

2158 1286 2349 1347 ταῦτα,
2381 1285 2505 1336 ἐπεὶ
2529 1284 2679 1352 καὶὴ
2713 1282 2929 1350 γένεσις
2959 1277 3117 1347 ἡμῶν
3147 1278 3242 1328 καὶ
3267 1274 3328 1326 τὸ
3376 1268 3515 1324 εἶναι
3586 1269 3737 1337 παρά

2157 1371 2317 1436 Θεοῦ,
2347 1373 2441 1425 καὶ
2471 1371 2612 1442 ὑπὲρ
2639 1370 2735 1439 τῆς
2766 1369 2926 1438 δόξης
2963 1363 3128 1420 αὐτοῦ
3160 1363 3256 1416 καὶ
3304 1361 3477 1433 ταῦτα
3516 1358 3738 1425 νοούμε-

2157 1483 2224 1518 να
2255 1481 2270 1496 ³
2310 1460 2908 1534 ἐκκλησιαστικὼτερον
2942 1461 3000 1514 δὲ
3037 1460 3098 1512 τὺ
3153 1453 3537 1524 πνευματικῶς
3595 1453 3737 1504 νοεῖν

2157 1562 2336 1612 πάντα
2361 1559 2456 1611 καὶ
2511 1555 2691 1619 θείως,
2714 1555 2809 1607 καὶ
2842 1554 2918 1622 μὴ
2947 1553 3012 1605 ἐκ
3038 1550 3147 1604 τῶν
3169 1547 3449 1617 αἰσθητῶν
3479 1543 3736 1611 συνιστᾷν

2156 1652 2226 1705 τὰ
2255 1651 2352 1720 τῆς
2385 1649 2718 1718 Ἐκκλησιας
2746 1661 2759 1676 ·
2793 1646 2916 1700 ὅθεν
2945 1646 3007 1699 τὸ
3029 1646 3122 1698 τὸν
3152 1640 3568 1707 ἀποθνήσκοντα
3600 1633 3738 1703 πρῦς

2156 1743 2248 1794 τὸν
2276 1743 2400 1794 ναὸν
2429 1741 2659 1808 ἄγεσθαι
2693 1739 2847 1806 δηλοῖ
2907 1739 2990 1791 ὅτι
3047 1732 3120 1789 ἑκ⁵
3150 1733 3286 1787 Θεοῦ
3330 1728 3596 1798 ἐπλάσθη,
3641 1725 3737 1778 καὶ

2089 1853 2127 1906 Β
2157 1832 2500 1902 τελευτήσας.
2533 1829 2654 1898 Θεῷ
2703 1827 3064 1897 προσάγεται.

2722 1943 2974 1998 ΚΕΦΔΛ.
3000 1941 3168 1996 TOB’.

2155 2037 2318 2089 Διατί
2351 2035 2517 2104 τρίτα
2538 2035 2759 2089 ἐννατά
2783 2051 2848 2088 τε
2885 2033 2987 2087 καὶ
3019 2030 3505 2100 τεσσαρακοστὰ.
3534 2029 3636 2084 καὶ
3664 2028 3740 2084 τὰ

2631 2106 2818 2158 λοιπὰ
2859 2106 3258 2174 μνημόσυνα.

2226 2205 2309 2258 Τά
2369 2202 2532 2272 τρίτα
2590 2200 2648 2254 δὲ
2711 2200 2852 2268 ὑπὲρ
2919 2199 3112 2250 τούτου
3179 2197 3438 2263 τελεῖται,
3509 2197 3593 2250 ὅτι
3650 2194 3741 2248 διὰ

2154 2297 2255 2366 τῆς
2313 2296 2542 2364 Τριάδος
2601 2292 2664 2346 τὸ
2719 2290 2859 2346 εἶναι
2917 2291 3249 2355 λασὼνηισ.)⁵
3304 2293 3383 2354 εἰς
3444 2290 3507 2343 τδ
3567 2285 3627 2342 εὖ
3658 2282 3739 2341 εἷς

2155 2409 2242 2443 ναι
2298 2388 2576 2460 μεταστὰς
2635 2385 2962 2456 ὀφθήσεται,
3026 2386 3107 2447 εἰς
3150 2383 3213 2436 τὸ
3266 2383 3506 2453 ὲξαρχῆς
3555 2383 3588 2452 ἢ
3643 2383 3742 2434 καὶ

2157 2481 2409 2549 κρεῖττον
2460 2475 2798 2538 ἀλλοιωθείς.
2877 2475 2959 2528 Τά
3020 2475 3216 2526 ἕννατα
3277 2473 3378 2536 δὲ,
3441 2471 3529 2524 ἴνα
3575 2470 3744 2542 269

2154 2574 2266 2635 τιίς
2296 2572 2476 2639 ἁγίοις
2520 2567 2800 2637 πνεύμασι
2829 2569 2943 2628 τοῖς
2975 2567 3233 2633 ἀγγέλοις
3264 2566 3325 2618 τὸ
3359 2565 3576 2633 πνεῦμα
3609 2564 3742 2616 τού-

2156 2682 2252 2718 του
2314 2665 2480 2718 ἄῦλον
2543 2661 2603 2714 ὃν
2669 2661 3110 2729 συγκαταγαγῇ,
3143 2657 3284 2711 κατά
3337 2656 3500 2725 φύσιν
3553 2658 3742 2724 ὅμοιον

2159 2761 2340 2821 αὐτοῖς
2415 2757 2662 2824 γεγονὸς,
2729 2757 2844 2814 τοῖς
2915 2755 2996 2815 εἰς
3079 2752 3236 2805 ἐννέα
3308 2750 3743 2820 ἀριθμουμένοις

2157 2850 2424 2918 τάγμασι,
2458 2849 2553 2900 καὶ
2605 2846 2695 2898 διὰ
2745 2845 2953 2898 τούτων
3010 2845 3252 2914 τρισσῶς
3305 2846 3399 2896 τὸν
3445 2844 3502 2895 ὲν
3545 2841 3742 2912 Τριάᾶι

2158 2941 2292 2993 Θεὸν
2328 2941 2656 3009 κηρύττουσι
2693 2936 2788 2989 καὶ
2836 2936 3090 3004 ὑμνοῦσι,
3121 2937 3215 2989 καὶ
3251 2936 3350 2988 σὺν
3396 2935 3581 2997 αὐτοῖς
3617 2935 3743 2995 ’τοῖς

2159 3035 2266 3087 τῶν
2301 3033 2474 3099 ἁγίων
2502 3031 2758 3084 ἁπάντων
2802 3029 2976 3098 ἐνωθῇ
3009 3030 3308 3096 πνεύμασι.
3345 3027 3426 3081 Τά
3461 3043 3743 3095 τεσσαρα-

2161 3126 2328 3180 κοστά
2355 3125 2434 3187 δὲ,
2461 3123 2548 3176 διὰ
2582 3124 2682 3193 τὴν
2719 3121 2815 3176 τοῦ
2845 3122 3098 3191 Σωτῆρος
3137 3120 3425 3189 ἀνάληψιν,
3468 3119 3607 3188 μετά
3638 3118 3743 3188 τὴν

485 3215 806 3273 metum-iam
841 3212 1070 3265 facimus
1093 3221 1313 3279 propter
1346 3212 1723 3268 ascensionem
1753 3213 2054 3268 Silvatoris

2159 3219 2453 3271 ἀνάστασιν
2479 3218 2538 3268 ἐν
2569 3215 2743 3285 ταύτῃ
2786 3214 3185 3283 γεγενημένην,
3216 3211 3290 3274 ὡς
3327 3211 3394 3266 ἂν
3439 3211 3537 3264 καὶ
3573 3210 3744 3274 αὐτὸς

482 3303 898 3371 quadragesima
957 3304 1044 3354 die
1111 3313 1233 3370 post
1301 3304 1760 3357 resurrectionem
1830 3305 2052 3368 fartam,

486 3407 545 3455 ut
577 3409 630 3449 et
671 3397 786 3462 ipse
831 3395 1128 3462 aliquando
1182 3409 1490 3461 resurgens,
1531 3406 1844 3463 assumptus
1877 3397 2056 3464 rapia-

484 3499 572 3546 tur
603 3487 655 3541 in
711 3487 952 3540 nubibus
985 3499 1037 3540 et
1084 3497 1336 3540 oecurrat
1380 3489 1546 3558 judici
1596 3504 1659 3542 ac
1715 3504 1935 3557 semper
1986 3488 2056 3541 sit

481 3596 604 3644 cum
639 3580 868 3640 Omnino
899 3580 1248 3648 coniunctus.
1305 3580 1437 3644 Quae
1471 3578 1589 3634 dies
1647 3581 1805 3634 tertia
1842 3595 2052 3634 necnon

484 3682 637 3727 sexta
667 3682 721 3726 et
750 3687 891 3733 nona
925 3671 1246 3734 Trinitatem
1287 3674 1666 3728 universorum
1711 3672 1880 3726 Deum
1917 3687 2056 3740 pra:-

479 3766 622 3820 dieat
652 3775 709 3820 et
750 3765 802 3818 in
843 3765 963 3836 ejus
995 3765 1223 3834 gloriam
1264 3781 1360 3834 pro
1383 3764 1643 3820 defuncto
1681 3764 1738 3818 fit
1768 3765 2052 3828 memoria,

480 3858 742 3927 quoniam
786 3873 880 3927 per
906 3874 1026 3913 eam
1064 3859 1294 3922 exstitit,
1325 3867 1379 3915 et
1408 3862 1472 3911 ad
1506 3873 1626 3913 eam
1651 3872 1884 3926 corpore
1911 3856 2057 3911 solu-

481 3960 571 4013 tus
608 3952 780 4020 pergit
835 3950 1026 4015 homo,
1057 3958 1112 4005 et
1136 3951 1204 4003 ab
1229 3966 1292 4004 ea
1328 3958 1512 4017 sperat
1559 3949 1724 4004 etiam
1759 3966 1818 4003 se
1871 3963 2054 4002 resur~

484 4054 785 4098 recturum.
829 4040 1092 4101 Similiter
1135 4051 1188 4096 et
1220 4043 1681 4098 anniversarium.
1719 4039 1876 4095 Unde
1912 4049 2057 4093 recte

480 4135 614 4190 illud
673 4135 999 4205 praedicatur
1058 4150 1155 4204 per
1222 4149 1542 4190 memoriam
1599 4134 1774 4187 tribus
1845 4133 2054 4186 vicibus

478 4235 654 4287 artam
689 4237 742 4281 et
775 4242 870 4296 per
897 4228 1426 4286 eonsmnmationem
1452 4242 1574 4296 qua:
1596 4227 1655 4280 fit
1678 4235 1804 4296 post
1823 4241 2052 4288 annum,

478 4336 674 4388 nempe
711 4319 1033 4373 Trinitatem
1063 4320 1227 4373 Deum
1265 4330 1513 4374 nostrum
1552 4321 1721 4373 vitam
1767 4335 1892 4374 esse
1924 4319 2056 4374 uni-

479 4426 762 4467 versorum
795 4411 1032 4480 vittaque
1058 4427 1304 4473 causam,
1351 4412 1524 4480 ipsam
1560 4425 1683 4465 esse
1710 4411 2056 4468 instauratu-

481 4519 598 4557 ram
649 4502 928 4566 universa,
983 4501 1397 4570 humanamque
1447 4500 1517 4556 ab
1573 4515 1635 4561 ea
1685 4503 2052 4557 renovandam

479 4609 602 4650 esse
632 4604 910 4652 naturam.

933 4709 1167 4767 CAPUT
1205 4707 1577 4765 CCCLXXIII.

485 4807 665 4876 Quare
693 4823 934 4864 annuam
962 4806 1280 4863 celebremus
1306 4808 1612 4859 memoriam
1635 4821 1816 4859 eorum
1843 4805 1934 4874 qui
1957 4806 2063 4860 vita

1133 4892 1418 4933 32768886Υῶ

550 4971 679 5031 Ideo
726 4973 889 5029 etiam
938 4972 1168 5043 singulis
1217 4970 1377 5028 annis
1430 4970 1672 5029 defuncti
1723 4971 1985 5027 memoria
2031 4987 2062 5029 a

481 5063 809 5138 propinquis
842 5063 1044 5134 agitur,
1077 5076 1186 5134 quo
1239 5065 1535 5122 ostendunt
1587 5062 1741 5120 illum
1791 5063 1976 5117 vivere
2006 5071 2062 5116 et

482 5159 665 5223 anima
697 5157 1064 5223 immortalem
1097 5171 1219 5212 esse
1250 5165 1305 5215 et
1330 5155 1628 5226 aliquando
1657 5160 2059 5224 renovandum,

482 5253 691 5311 scillcet
740 5249 960 5321 quando
1006 5249 1155 5307 velet
1199 5248 1428 5312 Creator
1465 5262 1774 5318 corpusque
1821 5255 2061 5307 resusci-

483 5343 638 5405 tabit.
677 5341 922 5417 illudque
953 5349 1224 5398 testantur
1256 5355 1352 5410 per
1389 5342 1724 5400 oblationem
1763 5342 2059 5408 seminum.

484 5450 698 5492 necnon
731 5433 1495 5506 quoniam,quemadmodum
1525 5433 1776 5490 Christus
1808 5435 1861 5490 in
1893 5450 2062 5490 carne

485 5535 739 5586 mortuus
785 5525 1090 5583 resurrexit
1139 5534 1191 5581 et
1228 5525 1381 5587 vivit.
1431 5526 1502 5580 ita
1546 5535 1599 5580 et
1632 5542 1756 5590 nos.
1813 5537 1870 5584 ut
1927 5528 2064 5601 digit

489 5620 710 5680 l’anlus.
742 5617 933 5689 iuipso
968 5630 1316 5685 resurgemus
1348 5623 1400 5670 et
1433 5615 1704 5671 vivemus.
1756 5616 1910 5672 Illum
1965 5633 2064 5678 auo

488 5717 597 5768 tum
635 5707 1002 5765 resurrexisse
1031 5716 1084 5762 et
1136 5707 1314 5763 vivere
1341 5717 1611 5765 testantur
1639 5723 1802 5777 opera
1859 5710 1978 5781 ejus
2009 5718 2064 5765 et

493 5799 824 5867 tacrillcium
887 5799 991 5873 ipsi
1039 5808 1099 5862 ut
1148 5799 1350 5860 viventi
1390 5816 1490 5876 pro
1520 5802 1784 5861 omnibus
1816 5801 2060 5863 oblatum

2158 3311 2277 3364 τότε
2312 3310 2570 3373 ἀναστὰς,
2600 3309 2790 3377 ὥσπερ
2815 3307 3100 3377 ἁναληφθῇ
3147 3305 3424 3376 ἁρπαγεὶς
3475 3305 3534 3356 ἐν
3581 3303 3745 3371 vwl-

2158 3402 2298 3467 λαις,
2333 3403 2427 3456 καὶ
2469 3402 2904 3471 προσυπαντήση
2933 3400 3012 3469 τῷ
3048 3400 3236 3469 κριτῇ,
3262 3387 3356 3451 καὶ
3387 3395 3531 3449 οὕτω
3565 3393 3745 3449 συνὼν

2158 3496 2244 3564 εἴη
2282 3495 2514 3548 πάντοτε
2561 3493 2639 3564 τῷ
2696 3492 2908 3562 Κυρίῳ.
2939 3492 3047 3546 Καὶ
3076 3493 3106 3544 ὁ
3140 3491 3247 3562 μὴν
3293 3490 3351 3544 δὲ
3396 3491 3425 3543 ὁ
3471 3489 3678 3558 τρίτος,
3711 3489 3746 3539 ὀ

2157 3588 2316 3648 ἕκτος
2343 3604 2401 3638 τε
2433 3587 2528 3641 καὶ
2555 3587 2801 3649 ἕννατος,
2831 3584 2964 3636 αὐτὸ
2998 3584 3063 3654 δὴ
3089 3582 3251 3636 τοῦτο
3274 3582 3374 3653 τὴν
3403 3580 3612 3649 Τριάδα
3645 3577 3745 3632 τὸν

2156 3679 2266 3733 τῶν
2326 3679 2465 3733 ὅλων
2523 3679 2656 3730 Θεὸν
2707 3677 3069 3747 κηρύττουσι,
3117 3676 3216 3728 καὶ
3263 3675 3345 3738 εις
3386 3673 3546 3738 δόξαν
3571 3670 3742 3726 αὑτοῦ

2159 3771 2296 3822 εἰσιν
2332 3770 2472 3840 ὑπὲρ
2512 3767 2606 3822 τοῦ
2645 3767 3100 3834 τετελευτηκότος
3128 3783 3143 3799 ο
3175 3767 3258 3819 ὅτι
3303 3769 3398 3819 καὶ
3440 3767 3507 3818 ὲκ
3535 3764 3744 3832 ταύτης

2161 3862 2413 3929 συνέστη,
2449 3862 2544 3913 καὶ
2602 3861 2683 3922 εἰς
2725 3859 2932 3929 ταύτην
2969 3857 3154 3920 λυθεὶς
3201 3858 3300 3910 τοῦ
3344 3856 3598 3936 σῶματος
3640 3873 3745 3909 πε-

2158 3955 2419 4023 πόρευται
2469 3953 2778 4023 ἄνθρωπος,
2816 3951 2912 4004 καὶ
2947 3951 3006 4017 ἐξ
3038 3951 3208 4020 αὐτῆς
3237 3950 3401 4004 πάλιν
3430 3950 3640 4014 ἑλπίζει
3679 3948 3744 4002 τὸ

2157 4045 2496 4113 ἀναστῆναι*
2533 4045 2629 4097 καὶ
2683 4045 2758 4098 τὰ
2808 4046 2866 4096 ἐν
2915 4044 3000 4122 τῷ.
3036 4045 3178 4097 τέλει
3235 4043 3290 4096 δὲ
3350 4043 3443 4096 τοῦ
3491 4042 3741 4096 ἐνιαυτοῦ

2156 4139 2315 4196 τοῦτο
2349 4138 2709 4205 καταγγέλλει
2761 4137 2949 4206 σαφῶς
2985 4136 3076 4190 διὰ
3116 4136 3208 4189 τοῦ
3236 4135 3460 4206 τρισσοῦ
3497 4137 3603 4188 τῶν
3635 4153 3740 4204 μηο

2158 4231 2284 4298 νῶν,
2319 4232 2413 4282 καὶ
2452 4229 2534 4282 ἔτι
2572 4231 2659 4283 διὰ
2699 4229 2800 4300 τὴν
2847 4230 3025 4282 ἐκεῖσε
3073 4230 3354 4282 τελείωσιν
3385 4246 3400 4261 ·
3436 4229 3518 4282 ὅτι
3552 4230 3583 4297 ἡ
3627 4228 3740 4280 τῶν

2158 4321 2296 4374 ὅλων
2357 4321 2627 4388 ζωὴ,’καὶ
2679 4321 2770 4372 τοῦ
2831 4317 2974 4374 εἶναι
3026 4322 3180 4374 αἰτία
3233 4322 3265 4390 ή
3307 4322 3479 4392 rma;
3527 4322 3557 4373 ὀ
3607 4320 3740 4384 Θεὸς

2160 4413 2340 4484 ἡμῶν,
2389 4413 2525 4483 αὕτη
2589 4414 2697 4467 τῶν
2746 4414 2887 4466 ὅλων
2923 4414 3076 4467 ἔσται
3131 4414 3603 4477 ἀποκατάστασις,
3645 4414 3742 4468 καὶ

2161 4507 2260 4578 τῆς
2286 4507 2638 4578 ἀνθρωπίνης
2669 4505 2878 4574 φύσεως
2921 4507 3272 4577 ἀνακαινισις

2726 4712 2952 4766 ΚΕΦΑΔ
2964 4750 2977 4766 .
3007 4709 3174 4767 ΤΟΓ¹.

2163 4809 2327 4864 Διατί
2354 4806 2485 4863 κατ’
2513 4805 2795 4862 ἐνιαυτὸν
2819 4805 2939 4945 τῶνζῆ
2967 4805 3089 4859 τῶν
3111 4807 3508 4862 ἀπελθόντων
3523 4807 3748 4878 ἄγομεν

2815 4895 2900 4944 μγ
2943 4893 3086 4944 μην.

2815 4893 3086 4944 μνημηνο

2236 4973 2329 5026 Διὸ
2363 4973 2459 5024 καὶ
2492 4969 2612 5023 κατ’
2641 4969 2890 5022 ἐνιαυτὸν
2926 4971 2958 5036 ἡ
2995 4969 3090 5021 τοῦ
3123 4969 3553 5040 τελευτήσαντος
3598 4973 3748 5038 παρά

2162 5068 2274 5121 τῶν
2301 5064 2684 5135 προσηκόντων
2715 5063 2910 5129 ἄγεται
2944 5061 3159 5132 μνήμη,
3195 5061 3502 5129 δηλούντων
3552 5065 3628 5124 ὡς
3676 5064 3743 5134 ζῇ

2163 5159 2259 5211 καὶ
2287 5156 2556 5220 ἀθάνατός
2591 5158 2708 5208 ἐστι
2738 5157 2803 5226 τῇ
2840 5155 3012 5223 ψυχῇ.
3047 5153 3142 5206 καί
3180 5171 3313 5207 ποτε
3349 5157 3748 5225 ἀνακαινισθή-

2166 5271 2339 5316 σεται,
2379 5252 2464 5304 ὅτε
2490 5251 2518 5301 ὁ
2555 5249 2766 5310 πλάσας
2818 5247 3090 5316 ἐθελήσει,
3124 5249 3219 5301 καὶ
3254 5247 3314 5300 τὸ
3353 5248 3516 5316 σῶμα
3559 5249 3750 5314 ἐξεγε-

2168 5347 2282 5414 ρεῖ’
2319 5343 2413 5396 καὶ
2443 5341 2784 5412 μαρτυροῦσι
2813 5338 2970 5392 τοῦτο
3013 5338 3100 5390 διὰ
3136 5339 3244 5391 τῶν
3276 5341 3747 5409 προσφερομένων

2170 5435 2500 5503 σπερμάτων
2527 5448 2541 5461 ’
2579 5434 2674 5487 καὶ
2720 5432 2824 5491 ὅτι,
2855 5429 3046 5498 ὥσπερ
3100 5431 3128 5482 ὁ
3167 5431 3401 5498 Χριστὸς
3457 5430 3748 5484 ἀποθανὼν

2166 5530 2230 5598 τῇ
2269 5527 2456 5593 σαρκὶ,
2491 5524 2685 5591 ἀνέστη
2731 5522 2824 5575 καὶ
2856 5520 2946 5590 ζῇ,
2988 5522 3085 5573 καὶ
3118 5523 3301 5588 ἡμεῖς,
3355 5524 3429 5584 ὡς
3463 5522 3566 5590 ἔφη
3601 5522 3749 5576 Πχῦ-

2165 5618 2274 5681 λος,
2309 5620 2365 5669 ἐν
2415 5615 2559 5684 αὐτῷ
2591 5610 3010 5680 ἅναστησόμεθα
3059 5612 3154 5662 καὶ
3199 5609 3503 5680 ζησόμεθα.
3535 5612 3656 5664 Ὀτι
3690 5614 3750 5666 δὲ

2168 5709 2368 5775 ἀνέστη
2398 5708 2492 5760 καὶ
2532 5705 2620 5774 ζῇ,
2662 5705 2930 5772 μαρτυρεῖ
2960 5701 3128 5754 αὐτοῦ
3157 5703 3224 5756 τὰ
3253 5702 3410 5772 ἔργα,
3445 5704 3535 5754 καὶ
3589 5705 3621 5773 ἡ
3658 5705 3754 5756 θυ-

2170 5801 2257 5857 σία
2285 5799 2433 5877 αὐτῷ
2465 5795 2853 5871 προσαγομένη
2876 5794 3015 5873 ὑπὲρ
3045 5793 3306 5850 ἁπάντων
3330 5795 3404 5858 ὡς
3434 5794 3621 5864 ζῶντι,
3654 5797 3752 5860 καὶ,
