4094 6194
358 282 466 346 693

1533 287 1632 347 DE
1668 287 1960 347 OBDINE
1999 289 2515 351 SEPULTUIL'E.

3543 283 3666 348 δοες

359 397 681 470 τελουμένη,
716 399 902 463 καθὼς
947 394 1104 464 οὗτος
1158 401 1436 456 ἐκέλευσε.
1469 403 1719 458 Γίνονται
1771 406 1952 458 τοίνυν

2080 417 2112 460 :t
2171 406 2529 472 celebratum,
2593 415 2752 475 prout
2814 405 2932 472 ipse
2997 403 3296 458 mandavit.
3337 401 3422 456 Fit
3483 401 3660 472 igitur.

363 492 422 546 αἱ
454 491 667 560 μνῆμαι
698 494 758 545 ἐν
790 495 904 556 τοῖς
933 496 1360 564 προειρημένοις
1407 497 1644 560 καιροῖς,
1672 496 1748 558 ὡς
1797 497 1952 566 εἰρή-

363 600 570 652 καμεν,
599 583 689 637 διὰ
735 585 832 647 τὰς
868 587 1376 656 προγεγραμμένοις
1425 587 1605 650 αἰτίας
1637 605 1652 619 ·
1683 592 1778 640 καὶ
1823 589 1954 640 πολ-
1997 631 2000 633 .

363 676 480 738 λοίς
527 677 640 728 τῶν
688 675 861 745 ἁγίων
903 678 1120 749 ἐδείχθη
1152 697 1212 732 τε
1241 683 1336 733 καὶ
1370 680 1736 752 ἀπεκαλύφθη
1771 683 1804 752 ἡ
1845 683 1955 735 ἀπὸ

365 771 572 824 τούτων
595 773 924 843 ἐγγινομένη
944 777 1054 836 τοῖς
1087 763 1432 830 ἀπελθοῦσιν
1451 777 1718 845 ὠφέλεια.
1741 779 1832 830 Διὸ
1858 778 1956 832 καὶ

365 863 569 926 ταύτας
596 865 694 927 τὰς
726 868 950 934 μνήμας
977 867 1083 936 χρὴ
1122 869 1370 932 ἅπαντας
1403 869 1644 922 ἐκτελεῖν
1679 872 1775 924 καὶ
1816 872 1957 939 μετὰ

370 957 607 1024 σπουδῆς
658 958 815 1024 ὅσης,
850 959 946 1011 καὶ
1008 961 1245 1028 μάλιστα
1302 963 1372 1014 τὰ
1425 961 1530 1028 τῆς
1585 963 1959 1034 φρικτοτάτης

369 1049 564 1112 θυσίας
598 1065 614 1079 ·
649 1052 730 1104 ὅτι
761 1054 853 1104 καὶ
883 1053 976 1104 διὰ
1005 1054 1164 1106 τοῦτο
1189 1055 1438 1108 δέδοται·
1477 1057 1600 1109 ἐπεὶ
1632 1057 1720 1110 διά
1761 1074 1817 1110 τε
1849 1057 1960 1110 τῶν

369 1143 708 1206 τελουμένων
767 1145 1006 1214 δεήσεων
1068 1149 1161 1200 καὶ
1212 1149 1424 1216 εὐχῶν,
1482 1149 1578 1200 καὶ
1635 1149 1744 1202 τῶν
1799 1149 1962 1222 ἱερῶν

373 1236 600 1299 θυσιῶν,
628 1238 719 1290 καὶ
751 1240 858 1290 τῶν
897 1240 979 1302 είς
1017 1243 1142 1302 τοὺς
1170 1243 1412 1311 πένητας
1447 1242 1728 1307 εὐποιιῶν,
1769 1246 1832 1296 οὔ
1865 1244 1962 1312 μό-

372 1347 464 1380 νον
491 1329 606 1390 τοίς
635 1331 984 1400 ἡμαρτηκόσι
1017 1333 1114 1384 καὶ
1160 1335 1216 1386 ἐν
1249 1334 1512 1404 μετανοίᾳ
1547 1333 1832 1400 ἐξελθοῦσι
1864 1335 1960 1389 τοῦ

377 1413 630 1482 σώματος
692 1415 890 1484 ἄφεσίς
939 1435 1001 1471 τε
1059 1421 1154 1473 καὶ
1218 1422 1402 1486 ἄνεσις
1457 1423 1683 1484 δίδοται,
1735 1425 1963 1494 καὶτῆς

373 1505 646 1572 τιμωρίας
673 1507 992 1578 ἀπαλλαγὴ,
1023 1510 1162 1586 sua
1193 1514 1286 1566 καὶ
1317 1515 1432 1576 τοῖς
1466 1515 1696 1580 δικαίως
1729 1517 1962 1584 ζήσασι,

377 1597 472 1648 καὶ
498 1597 651 1660 τέλος
677 1601 882 1666 ἀγαθὸν
915 1603 1010 1654 καὶ
1041 1603 1288 1670 θεοφιλὲς
1327 1607 1728 1671 ἀποδεδωκόσι,
1759 1611 1964 1679 μείζων

377 1693 410 1758 ὴ
443 1690 713 1760 κάθαρσις
763 1695 860 1746 καὶ
913 1695 1177 1760 ἀνάϐασις
1229 1701 1569 1766 χορηγεῖται,
1611 1700 1686 1762 ὡς
1741 1703 1838 1754 καὶ
1886 1703 1966 1772 τῷ

377 1784 805 1854 Χρυσορῤἡμονι
837 1787 984 1840 δοκεῖ
1017 1790 1075 1840 ἐν
1119 1792 1186 1862 τῇ
1233 1791 1502 1863 ἑρμηνείᾳ
1540 1792 1650 1846 τῶν
1681 1795 1960 1866 Πράξεων,

379 1879 474 1930 καὶ
505 1879 538 1947 ἡ
571 1878 707 1946 πρὸς
739 1880 873 1934 Θεὸν
920 1881 1158 1951 ἐγγύτης
1217 1887 1316 1939 καὶ
1369 1886 1678 1958 παρρησία,
1721 1889 1816 1940 καὶ
1871 1888 1965 1940 τοῦ

381 1975 664 2042 φωτισμοῦ
714 1976 1072 2047 λαμπροτέρα
1123 1980 1153 2048 ἡ
1199 1981 1262 2032 ἐκ
1323 1980 1459 2033 Θεοῦ
1511 1981 1820 2049 μετάδοσις.
1861 1983 1969 2035 Καὶ

381 2068 488 2128 πᾶς
523 2067 664 2120 ἔστω
687 2068 975 2135 γινώσκων
1008 2072 1222 2134 πιστὸς,
1250 2075 1326 2136 ὡς
1369 2075 1418 2127 εί
1452 2075 1598 2140 φιλεῖ
1631 2074 1723 2126 τὸν
1765 2077 1968 2127 οἰκεῖον

382 2160 638 2213 ἐντεῦθεν
673 2161 1001 2226 ἀπελθόντα,
1037 2163 1107 2215 τὰ
1141 2165 1353 2231 μεγάλα
1397 2165 1506 2218 τῶν
1549 2165 1776 2233 ἀγαθῶν
1813 2164 1968 2234 αὐτῷ

383 2256 654 2326 προξενεῖ,
688 2259 1015 2328 προσφέρων
1042 2259 1182 2328 ὑπὲρ
1209 2259 1376 2312 αὑτοῦ
1411 2278 1424 2292 ·
1455 2261 1550 2314 καὶ
1584 2261 1789 2330 πολλῆς
1819 2261 1968 2331 αὐτῷ

381 2351 481 2421 τῆς
513 2351 856 2421 εὐφροσύνης
881 2353 1092 2420 γίνεται
1132 2354 1416 2424 πρόξενος,
1449 2355 1541 2408 καὶ
1566 2356 1763 2427 πένησι
1794 2357 1970 2423 παρέ·

382 2463 513 2515 χων,
569 2445 666 2498 καὶ
729 2448 1112 2516 αἰχμαλώτους
1177 2447 1572 2516 λυτρούμενος,
1634 2450 1730 2501 καὶ
1795 2450 1970 2504 τᾶλλα

383 2537 576 2602 ποιῶν,
611 2534 692 2599 οἷς
735 2537 868 2601 Θεὸς
923 2539 1334 2608 θεραπεύεται·
1371 2541 1666 2610 ἐξαιρέτως
1719 2543 1776 2594 δὲ
1828 2542 1972 2613 ὑπὲρ

384 2629 552 2684 αὐτοῦ
584 2631 682 2694 τὰς
712 2631 1088 2700 ἀναιμάκτους
1111 2632 1362 2686 σπεύδων
1386 2635 1721 2688 ἐκτελεῖσθαι
1756 2635 1986 2698 θυσίας.,

397 2722 460 2774 Ἥ
517 2723 629 2790 γὰρ
675 2725 766 2774 ἐπὶ
820 2725 884 2792 τῇ
931 2727 1133 2794 φρικτῇ
1189 2723 1352 2796 θυσίᾳ¹
1406 2727 1584 2795 μερὶς,
1647 2728 1741 2780 καὶ
1791 2729 1823 2796 ἡ
1881 2728 1972 2779 ἐπὶ

383 2817 564 2886 ταύτῃ
611 2815 707 2868 τοῦ
750 2816 1076 2878 ἀπελθόντος
1117 2817 1450 2886 ἀνάμνησις,
1495 2819 1571 2886 τῷ
1615 2819 1734 2888 Θεῷ
1785 2821 1973 2872 τοῦτον

386 2911 520 2966 ἑνοῖ,
549 2909 644 2960 καὶ
690 2909 940 2977 ἀοράτως
974 2911 1228 2979 μετέχειν
1261 2910 1430 2962 αὑτοῦ
1467 2913 1698 2980 παρέχει
1729 2913 1825 2965 καὶ¹
1857 2931 1972 2966 κοι-

385 3004 595 3056 νωνεῖν.
631 3002 798 3055 Ὅθεν
848 3005 910 3055 ἐκ
949 3001 1140 3055 τούτου
1197 3003 1569 3071 ὠφελούμενοι
1618 3007 1686 3056 τὰ
1733 3007 1971 3074 μεγάλα,

385 3095 448 3148 οὐ
511 3095 672 3162 μόνον
729 3093 1176 3165 παρακαλοῦνται
1229 3097 1322 3148 καὶ
1383 3097 1648 3161 σώζονται
1702 3100 1756 3151 οἴ
1800 3117 1858 3151 τε
1917 3101 1974 3150 ἐν

2057 501 2346 562 memoria,
2406 509 2463 552 ιιι
2517 500 2787 562 diximus,
2853 499 2904 552 in
2975 499 3252 568 praedictis
3305 483 3660 564 temporibus

2059 603 2282 662 propter
2334 607 2430 647 eas
2483 608 2624 662 quas
2699 594 2994 648 retulimus
3047 607 3269 656 causas,
3329 589 3651 656 sanctisque

2059 684 2246 738 multis
2299 692 2669 738 monstratum
2723 695 2808 740 est
2841 693 2894 738 et
2941 683 3250 738 revelatum.
3303 688 3514 748 quanta
3581 677 3652 732 sit

2057 792 2123 830 ex
2158 777 2242 830 his
2281 777 2490 832 utilitas
2513 775 2815 831 defunctis.
2846 776 3142 844 PrOpterea
3187 775 3286 828 has
3313 785 3652 826 commemo-

2063 874 2305 925 rationes
2335 885 2564 924 necesse
2593 879 2678 924 est
2720 870 2788 923 ab
2821 871 3083 923 omnibus
3115 867 3321 936 peragi,
3353 875 3406 919 et
3435 879 3654 920 sunnna

2059 963 2224 1020 etiam
2254 962 2628 1027 contentione,
2653 971 2708 1017 et
2733 962 3006 1032 prmcipue
3036 961 3274 1016 maxime
3305 957 3652 1012 tremendum

2063 1055 2420 1118 sacrificium,
2473 1055 2622 1122 quod.
2675 1056 2820 1110 hanc
2881 1054 2952 1108 ob
3007 1054 3182 1123 ipsam
3237 1067 3348 1106 rem
3397 1051 3650 1106 traditum

2062 1160 2167 1206 est.
2203 1149 2338 1206 Cum
2387 1166 2479 1214 per
2517 1151 2614 1203 has
2669 1165 2881 1218 preces,
2935 1155 2989 1201 et
3027 1147 3336 1210 orationes,
3392 1153 3446 1200 et
3499 1159 3658 1199 sacra

2065 1243 2363 1304 sacrilicia,
2397 1256 2449 1296 et
2477 1257 2602 1312 erga
2641 1257 2909 1311 pauperes
2946 1242 3084 1292 bona
3117 1255 3306 1308 opera,
3337 1253 3444 1292 non
3479 1236 3656 1292 solum

2067 1338 2152 1392 his
2213 1339 2326 1408 qui
2367 1337 2714 1407 deliquerunt
2763 1342 2818 1388 et
2871 1349 2996 1388 cum
3055 1331 3382 1401 paenitentia
3455 1328 3664 1400 egressi

2067 1439 2194 1484 sunt
2225 1446 2255 1483 e
2286 1443 2534 1498 corpore,
2589 1427 2846 1481 remissio
2883 1434 2936 1480 et
2993 1423 3260 1478 relaxatio
3309 1421 3658 1482 conceditur,
3729 1487 3735 1498 1

2067 1531 2122 1575 et
2145 1535 2435 1590 pmnarum
2469 1518 2743 1582 liberalia,
2777 1517 2872 1571 sed
2922 1525 2975 1570 et
3011 1516 3118 1570 illis
3173 1514 3268 1584 qui
3311 1513 3458 1584 iuste
3504 1511 3660 1566 vixe-
3711 1499 3738 1590 ί,

2074 1625 2222 1676 runt,
2263 1625 2317 1667 et
2347 1612 2455 1666 line
2489 1615 2658 1674 bono,
2689 1617 2744 1663 ct
2779 1610 2884 1664 Deo
2916 1607 3246 1677 complacita
3275 1608 3443 1660 vitam
3473 1603 3664 1658 tertni-
3717 1621 3722 1628 ·

2072 1718 2294 1770 narunt,
2345 1705 2522 1774 major
2569 1705 2842 1774 purgatio,
2883 1712 2938 1756 et
2989 1699 3309 1756 sublimatio
3365 1701 3550 1764 datur,
3605 1706 3668 1752 ut

2070 1797 2462 1868 Chrysostonio
2500 1796 2714 1850 videtur
2753 1795 2806 1849 in
2845 1793 3190 1861 expositione
3212 1794 3268 1847 in
3290 1791 3424 1846 Acta
3449 1798 3664 1859 aposto—

2075 1891 2274 1954 lorum,
2307 1899 2362 1944 et
2395 1891 2458 1943 ad
2497 1888 2664 1943 Deum
2700 1888 3124 1958 approximatio,
3165 1896 3220 1942 et
3245 1886 3386 1957 apud
3407 1883 3660 1939 eumdem

2074 1985 2320 2044 libertas,
2348 1991 2401 2034 et
2431 1981 2848 2036 illuminationis
2890 1997 2953 2034 ex
2982 1995 3049 2036 eo
3081 1979 3452 2050 suppeditatio
3482 1977 3663 2046 splen-

2071 2075 2273 2128 didior.
2342 2071 2566 2127 Noverit
2637 2073 2813 2126 lidelis
2896 2073 3101 2136 omnis,
3159 2071 3208 2126 si
3263 2069 3456 2138 diligat
3529 2081 3659 2138 pro-

2073 2170 2338 2239 pinquum
2395 2169 2498 2222 hac
2533 2168 2644 2222 vita
2677 2165 3024 2232 defunctum,
3059 2179 3254 2234 magna
3310 2162 3361 2218 ei
3399 2171 3664 2232 praestare

2075 2261 2238 2322 bona,
2283 2261 2330 2314 si
2378 2275 2476 2329 pro
2525 2277 2588 2314 eo
2637 2258 2851 2322 offerat,
2905 2256 3200 2326 magnique
3255 2256 3440 2325 gaudii
3484 2255 3678 2308 cidem.

2076 2373 2199 2411 esse
2234 2369 2538 2418 auctorem,
2578 2353 2622 2408 si
2658 2353 2992 2420 pauperibus
3049 2349 3428 2419 eleemosynas
3479 2349 3664 2411 faciat,

2076 2449 2326 2519 captivos
2387 2449 2638 2511 redimat,
2695 2445 2912 2515 aliaque
2987 2443 3156 2498 faciat
3210 2443 3414 2513 quibus
3465 2440 3666 2496 colitur

2081 2543 2241 2609 Deus,
2273 2552 2328 2598 ct
2364 2541 2668 2612 praesertim
2721 2542 2766 2595 si
2824 2540 3042 2594 studeat
3095 2539 3385 2593 incruenta
3441 2551 3540 2605 pro
3597 2549 3665 2590 eo

2080 2637 2262 2706 peragi
2299 2635 2594 2690 sacrilicia.
2649 2632 2786 2686 Nam
2825 2632 2876 2686 in
2914 2631 3200 2685 tremendo
3233 2629 3506 2684 saerilicio
3537 2643 3665 2697 par-

2078 2731 2266 2791 ticula,
2299 2739 2350 2782 et
2380 2743 2548 2796 Sllpt‘l‘
2583 2718 2702 2780 eam
2733 2725 2905 2789 illius,
2935 2723 3030 2794 qui
3063 2723 3299 2778 decessit
3331 2736 3669 2775 conmemo-

2081 2825 2238 2887 ratio,
2293 2823 2445 2877 illum
2497 2821 2604 2875 Deo
2663 2821 2804 2886 unit,
2865 2820 3071 2888 Deique
3131 2815 3490 2872 invisibiliter
3553 2815 3668 2868 fleri

2077 2919 2424 2987 participem,
2477 2925 2532 2969 et
2589 2931 2712 2968 cum
2745 2929 2809 2968 eo
2868 2912 3280 2966 communicare
3327 2911 3478 2965 facit.
3531 2907 3671 2962 llinc

2081 3014 2376 3066 maximam
2454 3008 2748 3060 utilitatem
2821 3005 3129 3068 consecuti,
3185 3004 3542 3058 coasolautur
3617 3013 3673 3056 et

2081 3107 2388 3166 salvantur,
2423 3103 2516 3174 qui
2562 3105 2615 3154 in
2651 3099 2874 3155 Christo
2911 3099 3268 3154 decesserunt
3318 3112 3443 3152 cum
3491 3095 3668 3166 pinni—

386 3185 612 3256 Χριστῷ
646 3186 1012 3255 μεταστάντες
1042 3189 1100 3240 ἐν
1134 3189 1396 3258 μετανοίᾳ
1433 3189 1675 3257 ἀδελφοὶ,
1713 3189 1846 3242 ἀλλὰ
1869 3189 1974 3243 ’καὶ

2083 3199 2250 3252 tentia
2289 3195 2509 3248 fratres.
2550 3192 2656 3247 Sed
2691 3201 2745 3245 et
2788 3205 2961 3246 sacrze
2995 3191 3308 3258 divinaeque
3353 3199 3670 3244 sanctorum

387 3280 444 3332 αί
480 3279 588 3331 τῶν
619 3279 792 3346 ἁγίων
827 3280 970 3347 ἱεραὶ
1002 3282 1098 3332 καὶ
1135 3281 1278 3334 θεῖαι
1305 3279 1478 3351 ψυχαὶ
1513 3281 1634 3336 λίαν
1670 3283 1726 3334 ἐν
1760 3283 1974 3345 τούτοις

389 3371 797 3439 εὐφραίνονται,
825 3373 986 3441 χάριν
1017 3371 1196 3424 αὐτῶν
1229 3373 1561 3442 γινομένοιςν
1595 3375 1688 3426 καὶ
1719 3377 1776 3426 ἐν
1807 3375 1975 3442 Wa)"

387 3464 569 3517 λιάσει
605 3463 892 3532 σκιρτῶσι,
938 3465 1164 3533 Χριστῷ
1209 3465 1494 3533 ἐνοῦμενοί
1537 3485 1595 3520 τε
1633 3468 1728 3522 καὶ
1781 3486 1976 3520 κοινω-

389 3557 610 3620 νοῦντες
664 3557 754 3611 διὰ
802 3557 906 3625 τῆς
941 3557 1246 3627 ἱερωτάτης
1287 3557 1479 3623 θυσίας
1507 3559 1715 3630 ταύτης
1755 3565 1849 3612 καὶ
1875 3577 1976 3628 κα-

393 3652 704 3723 θαρώτερον
737 3651 832 3704 καὶ
869 3652 1274 3722 λαμπρότερον,
1314 3653 1408 3706 καὶ
1453 3653 1562 3706 τῶν
1595 3653 1763 3706 αὐτοῦ
1818 3655 1978 3722 μετέ-

393 3761 578 3814 χοντες
603 3741 976 3814 γνησιώτερον
997 3745 1381 3814 χαρισμάτων,
1417 3743 1558 3813 ὑπὲρ
1582 3745 1738 3813 ἡμῶν
1763 3744 1980 3796 ἱκετεύ-

392 3855 546 3890 ουσιν
571 3853 584 3866 ⁸
627 3839 709 3890 ὃτι
738 3839 832 3891 καὶ
859 3837 950 3890 διὰ
973 3835 1130 3888 τοῦτο
1163 3837 1257 3907 τὴν
1293 3836 1485 3901 θυσίαν
1513 3839 1718 3905 ταύτην
1748 3838 1980 3908 Χριστὸς

391 3931 664 4000 ἐνήργησε
695 3948 753 3982 τε
788 3933 882 3983 καὶ
930 3930 1339 4000 παραδέδωκεν,
1377 3932 1456 3993 εἰς
1483 3931 1759 4000 ἁγιασμὸν
1798 3931 1976 3984 ἁπάν-

391 4039 500 4076 των
531 4027 624 4074 καὶ
656 4023 959 4091 φωτισμὸν,
997 4022 1090 4074 καὶ
1140 4022 1229 4075 ἵνα
1259 4023 1379 4090 μετ’
1415 4021 1581 4074 αὑτοῦ
1629 4019 1688 4072 ἓν
1719 4015 1878 4084 ὦσιν,
1906 4019 1982 4083 ὡς

393 4113 619 4182 ηὔξατο.
658 4113 750 4165 Διὸ
779 4117 874 4166 καὶ
914 4115 1024 4166 τῶν
1067 4113 1434 4183 μεμνημένων
1667 4111 1851 4165 αὐτῶν
1886 4111 1984 4164 καὶ

394 4207 492 4266 τὰς
548 4206 852 4272 ἱερωτάτας
882 4203 1276 4257 ἐπιτελούντων
1329 4206 1410 4266 εἰς
1462 4205 1630 4274 τιμὴν
1677 4203 1859 4255 αὐτῶν
1889 4207 1985 4258 καὶ

397 4299 620 4368 μνήμην
657 4297 873 4362 θυσίας,
891 4297 1168 4365 ,διηνεκῶς
1204 4296 1604 4366 ύπερεύχονται
1635 4311 1650 4326 ο
1701 4296 1793 4348 καὶ
1827 4299 1984 4365 μεσί-

395 4409 484 4444 ται
533 4390 742 4444 τούτων
792 4394 888 4444 καὶ
936 4390 1202 4460 πρέσϐεις
1243 4391 1488 4458 γίνονται
1515 4405 1530 4420 ⁸
1564 4391 1659 4443 καὶ
1710 4389 1845 4459 πρὸς
1882 4389 1982 4459 τὴν

395 4487 589 4553 ὁμοίαν
645 4485 936 4538 κοινωνίαν
991 4484 1336 4548 ἐξαιτοῦνται
1397 4487 1490 4536 καὶ
1545 4483 1745 4546 αὐτοὺς
1803 4483 1984 4535 ἐλθεῖν

405 4579 490 4633 τοῦ
545 4579 806 4649 Χριστοῦ.
842 4579 1009 4632 Ὅθεν
1072 4579 1167 4632 καὶ
1213 4579 1322 4631 τῶν
1356 4577 1600 4646 ἀδελφῶν
1650 4577 1812 4648 ἡμῶν
1872 4576 1984 4629 τῶν

399 4675 742 4727 ἀπελθόντων
804 4673 1230 4742 μνημονευτέον,
1284 4671 1370 4724 ἵνα
1422 4671 1518 4723 καὶ
1573 4671 1734 4740 ἡμῶν
1800 4669 1982 4738 ἕτεροι

402 4767 822 4838 μνημονεύσουσι
848 4784 862 4796 ·
896 4767 994 4819 καὶ
1029 4766 1172 4835 ὑπὲρ
1203 4765 1312 4819 τῶν
1360 4765 1535 4833 ἁγίων
1586 4765 1984 4834 προσενεκτέον

401 4865 498 4931 ὅση
529 4863 780 4930 δύναμις,
819 4861 907 4914 ἵνα
943 4861 1334 4929 εὐφραίνοντες
1387 4857 1612 4920 τούτους
1645 4859 1703 4909 ἐν
1736 4854 1982 4926 Χριστῷ,

401 4959 497 5010 καὶ
557 4958 786 5027 μεσίτας
841 4957 1307 5026 εὐφραινομένους
1348 4953 1487 5026 πρὸς
1539 4953 1704 5006 αὐτὸν
1747 4951 1982 5021 ἔχωμεν,

403 5053 498 5102 καὶ
536 5051 845 5119 σωθείημεν
879 5049 950 5102 δι’
981 5048 1184 5102 αὐτῶν.

476 5231 798 5299 Κληρικός.
839 5231 974 5283 Ἰδοὺ
1033 5231 1162 5300 περὶ
1209 5231 1429 5283 πάντων
1491 5227 1626 5298 ημῖν
1682 5225 1986 5296 ἐδήλωσας,

405 5325 706 5393 ἁγιώτατε,
745 5323 838 5375 καὶ
877 5322 1126 5387 ἐδίδαξας
1168 5322 1439 5392 ἀκριϐῶς,
1474 5323 1565 5374 καὶ
1614 5321 1682 5372 τὰ
1715 5321 1845 5388 περὶ
1891 5317 1986 5369 τοῦ

404 5415 592 5475 τέλους
626 5413 786 5483 ἡμῶν
831 5411 1123 5482 ἐξέθηκας,
1163 5413 1258 5466 καὶ
1303 5412 1403 5464 ὅσα
1433 5414 1565 5481 ἡμῖν
1606 5410 1862 5478 λυσιτελῆ
1895 5409 1992 5460 καὶ

406 5509 654 5576 σωτήρια
681 5506 912 5572 ἔδειξας,
940 5507 1034 5558 καὶ
1075 5506 1136 5557 τὸ
1179 5506 1278 5582 τῇς
1309 5506 1550 5566 πίστεως
1581 5504 1740 5573 ὀρθὸν
1776 5501 1992 5570 διετρά-

316 5605 324 5612 ’
405 5615 608 5661 νωσας.
645 5599 710 5653 Τί
745 5597 838 5655 οὖν
871 5599 1334 5666 ἁνταποδώσομέν
1381 5615 1464 5650 σοι
1511 5597 1674 5650 ἕνεκα
1710 5598 1809 5665 τῆς
1852 5596 1994 5664 ἁγά-

405 5708 516 5760 πης
535 5709 552 5757 ς
585 5693 766 5764 Χάριν
807 5695 970 5763 μόνον
1007 5691 1384 5763 ὁμολογοῦμεν
1415 5691 1493 5760 τῷ
1527 5691 1584 5742 ἐν
1612 5689 1806 5760 Τριάδι
1845 5691 1994 5758 μόνῳ

405 5785 544 5854 θεῷ,
575 5785 650 5859 τῷ
676 5787 770 5842 καὶ
801 5788 951 5859 ἡμᾶς
980 5787 1082 5856 μὲν
1115 5785 1252 5858 πρὸς
1283 5785 1342 5839 τὸ
1371 5783 1652 5856 ἐρωτῆσαι
1683 5783 1990 5854 κινήσαντι,

2081 3290 2277 3346 anime
2305 3290 2604 3340 maximum
2633 3286 2686 3338 in
2722 3283 2944 3338 modum
2977 3283 3066 3348 iis,
3085 3298 3207 3352 qua:
3231 3297 3327 3352 pro
3355 3283 3488 3351 ipsis
3509 3281 3670 3345 liunt,

2079 3385 2441 3446 delectantur,
2481 3388 2534 3432 et
2575 3393 2700 3434 cum
2732 3377 2934 3447 gaudio
2962 3376 3262 3444 exsultant,
3296 3375 3516 3429 Christo
3551 3389 3674 3428 sese

2080 3477 2356 3534 unientes,
2408 3483 2461 3526 et
2515 3471 2992 3530 communicantes
3065 3484 3159 3538 per
3221 3467 3668 3524 sacratissimum

2087 3570 2190 3622 hoc
2248 3565 2580 3622 sacriﬁcium
2639 3563 2834 3632 purius
2887 3577 2974 3615 ac
3006 3559 3375 3629 splendidius,
3432 3569 3480 3611 et
3527 3559 3676 3611 illius

2087 3671 2316 3711 munera
2357 3655 2662 3726 perfectius
2697 3653 3112 3722 participantes,
3166 3665 3264 3719 pro
3297 3647 3455 3702 nobis
3487 3663 3676 3716 preces

2083 3747 2344 3803 fundunt.
2401 3745 2553 3812 Quod
2607 3743 2678 3796 ob
2727 3759 2849 3798 eam
2903 3759 3127 3798 causam
3182 3741 3514 3796 sacrilicium
3573 3741 3676 3793 hoc

2083 3841 2341 3894 Christus
2368 3848 2627 3906 operatus
2657 3845 2762 3900 est,
2810 3845 2866 3889 et
2913 3835 3142 3888 tradidit
3178 3836 3231 3886 in
3274 3833 3674 3886 sanctiﬁcatio.-

2085 3950 2210 3991 nem
2249 3931 2517 3996 omnium,
2554 3938 2608 3983 et
2660 3928 3154 3992 illuminationem,
3218 3935 3274 3980 et
3323 3935 3382 3979 ut
3429 3941 3554 3980 cum
3611 3939 3678 3978 eo

2087 4043 2256 4082 ιιιιιιιιι
2293 4034 2500 4088 essent,
2554 4021 3019 4092 quemadmodum
3073 4029 3326 4086 precatus
3379 4029 3480 4072 est.
3532 4017 3679 4082 Qua-

2085 4131 2308 4192 propter
2349 4131 2448 4186 pro
2498 4115 2568 4170 iis
2614 4114 2708 4184 qui
2735 4127 2926 4166 eorum
2979 4111 3356 4172 recordamur,
3385 4120 3438 4164 et
3493 4125 3682 4165 sacro.

2088 4221 2278 4268 sancta
2319 4207 2690 4272 sacrilicia,ct
2722 4203 3044 4260 memoriam
3079 4203 3132 4256 in
3171 4217 3360 4256 eorum
3413 4203 3677 4256 honorem

2085 4313 2380 4379 peragunt,
2418 4301 2682 4356 continuo
2724 4299 3060 4372 supplicant,
3108 4307 3164 4351 et
3199 4295 3533 4350 nicdiatores
3585 4309 3680 4348 eo—

2089 4417 2212 4456 rum
2253 4409 2307 4452 et
2336 4406 2584 4452 oratores
2617 4396 2778 4460 fiunt,
2821 4404 2896 4458 et,
2943 4399 3002 4446 ut
3049 4391 3116 4444 ad
3151 4389 3387 4446 similem
3426 4404 3700 4444 commu-.

2093 4495 2315 4548 nionem
2364 4489 2570 4546 Christi
2609 4487 2833 4544 insimul
2865 4495 2917 4540 et
2967 4485 3074 4556 ipsi
3124 4486 3370 4550 veniant,
3425 4491 3726 4564 exorant.0

2093 4588 2274 4653 Quare
2305 4594 2360 4646 et
2395 4584 2626 4638 fratrum
2677 4589 2996 4635 nostrorum
3042 4587 3388 4632 mortuorum
3439 4591 3684 4630 comme-

2097 4679 2332 4734 moratio
2356 4675 2679 4730 inetilcauda
2704 4681 2810 4736 est,
2847 4681 2904 4724 ut
2933 4680 2988 4726 et
3018 4680 3264 4724 nostrum
3306 4668 3394 4721 alii
3444 4683 3684 4722 comme-

2100 4771 2462 4826 moratiouem
2497 4767 2721 4828 faciant,
2749 4775 2806 4819 et
2833 4763 3108 4820 olfercnda
3148 4771 3278 4816 sunt
3329 4775 3426 4829 pro
3481 4761 3685 4812 sanctis

2098 4861 2370 4919 sacrificia
2403 4875 2499 4929 pro
2531 4872 2697 4927 posse
2735 4867 2948 4918 nostro,
2983 4867 3042 4909 ut
3100 4870 3194 4910 eos
3247 4853 3600 4908 consolantes
3628 4852 3682 4903 in

2099 4955 2340 5014 Christo,
2397 4961 2451 5004 et
2493 4949 2821 5004 mediator-es
2865 4947 3164 5018 gaudentes
3201 4946 3344 5016 apud
3393 4945 3546 4998 illum
3591 4943 3688 5000 ha-

2103 5051 2348 5108 beamus,
2385 5053 2439 5100 et
2483 5057 2577 5112 per
2609 5056 2704 5096 eos
2731 5025 2966 5095 salutem
3003 5053 3428 5108 consequamur.

2173 5227 2431 5284 Clericus.
2467 5224 2606 5279 Ecce
2657 5223 2841 5278 omnia
2901 5221 3059 5276 nobis
3096 5219 3480 5284 tuauifestasti,
3519 5231 3690 5270 sauc—

2104 5324 2330 5386 tissnue,
2389 5331 2444 5375 et
2490 5329 2748 5373 accurate
2807 5317 3067 5376 docuisti,
3125 5324 3180 5368 et
3236 5329 3358 5383 quae
3408 5315 3474 5366 ad
3527 5312 3687 5366 tinem

2106 5431 2355 5474 liOsll‘Um
2390 5417 2626 5472 attinent
2659 5403 2986 5482 exposuisti,
3015 5421 3070 5467 et
3119 5425 3486 5482 qua-cumque
3536 5410 3694 5464 uoltis

2106 5513 2259 5566 utilia
2297 5519 2425 5566 sunt
2454 5523 2518 5564 ac
2548 5508 2806 5562 salutaria
2860 5506 3174 5569 oatendisti,
3232 5503 3471 5573 ﬁdeique
3511 5501 3694 5569 expla-

2109 5604 2253 5658 nain
2291 5601 2699 5657 rectitudincm.
2735 5599 2874 5664 Quid
2920 5613 3052 5667 ergo
3089 5597 3459 5652 retribuemus
3500 5595 3594 5650 tibi
3623 5595 3694 5649 ob

2107 5705 2254 5748 luam
2290 5691 2614 5746 charitatem
2650 5689 2673 5743 ?
2705 5687 2926 5750 Gratias
2956 5697 3170 5742 tantum
3231 5687 3448 5759 agimus
3479 5685 3583 5742 soli
3636 5685 3694 5740 in

2107 5784 2376 5842 Trinitatc
2438 5783 2546 5838 Deo
2597 5781 2690 5850 qui
2744 5797 2844 5839 nos
2899 5779 3118 5852 quidem
3175 5780 3242 5836 ad
3299 5775 3698 5837 sciscitantium
