4094 6194
425 238 536 301 693

1265 234 1562 295 SYMEON
1580 235 1646 292 iS
1671 236 1774 294 ΤΠ
1787 236 1964 295 ESSA
1978 238 2434 301 LONICENSIS
2475 246 2517 301 A
2532 245 2837 308 RCHIEP.

3584 252 3691 314 695

422 352 611 412 toovit,
649 350 739 403 tibi
782 364 907 403 vero
939 348 1167 415 largitus
1197 356 1280 399 est
1334 362 1642 400 sermonem
1693 364 1789 416 pro
1839 349 2000 404 nobis

2110 355 2202 405 καὶ
2257 357 2340 407 σοὶ
2400 357 2456 410 δὲ
2515 359 2893 429 παρεσχηκότι
2952 360 3110 429 λόγον
3169 362 3311 432 ὑπὲρ
3362 363 3545 432 ἡμῶν,
3598 366 3695 417 καὶ

421 443 512 512 qtti
548 443 703 510 plura
737 458 800 496 ac
828 442 1285 509 interrogavimus
1319 440 1502 494 dixisti
1537 457 1600 495 ac
1630 443 1868 498 docuisti
1905 462 1918 507 ;
1949 456 2002 500 (ιι

419 549 630 590 merces
678 534 750 587 sit
807 533 902 586 tibi
938 535 1004 585 ab
1058 546 1121 586 eo
1170 547 1368 602 magna
1408 547 1492 597 ac,
1562 542 1748 601 utpote
1800 549 1827 586 a
1868 534 2000 598 Deo,

418 625 723 693 multiplex.

495 697 764 780 Pontifex.
822 713 1039 771 Gratias
1089 716 1324 787 agimus,
1381 717 1600 779 fratres,
1658 728 1707 773 et
1749 723 1998 791 ’gloriam

419 805 696 859 reddimus
731 805 873 860 Patri
908 818 960 861 et
994 808 1131 860 Filio
1165 818 1218 861 et
1247 808 1474 877 Spiritui
1509 821 1720 874 sancto,
1760 815 1849 865 ttni
1890 815 1999 869 Deo

360 882 371 893 ’
416 906 605 949 nostro
634 896 685 949 in
726 896 1014 961 Trinitate,
1048 898 1140 966 qui
1193 898 1341 951 dedit
1372 900 1596 954 verbum
1628 902 1680 956 in
1716 907 1999 972 apertione

417 987 551 1051 oris,
604 987 654 1040 in
692 1004 798 1054 quo
832 1003 929 1039 nos
965 996 1248 1054 sperantes
1280 988 1346 1041 de
1381 989 1464 1042 his
1489 993 1608 1044 ausi
1654 1007 1844 1047 sumus
1880 994 2011 1049 dis-'

378 1122 379 1125 η
418 1091 599 1128 serere
648 1093 769 1144 qua:
820 1091 985 1144 super
1018 1092 1117 1130 nos
1173 1086 1318 1141 sunt,
1356 1094 1523 1146 quum
1557 1080 1739 1135 divina
1798 1086 1907 1137 sint
1944 1096 2000 1139 et

417 1166 694 1218 sublimia.
733 1165 843 1218 Hoc
894 1166 1061 1236 igitur
1119 1166 1209 1219 Dei
1245 1168 1448 1221 donum
1483 1177 1564 1222 est
1600 1184 1823 1241 propter
1876 1191 1994 1241 vos,

417 1275 523 1311 non
559 1272 778 1326 propter
812 1274 915 1325 me,
951 1261 993 1313 si
1031 1267 1208 1311 tamen
1240 1258 1394 1312 utilia
1437 1264 1818 1317 tantummodo
1849 1264 1998 1318 dixe-

416 1353 611 1407 rimus.
646 1351 764 1405 Non
798 1354 940 1406 enim
976 1368 1202 1421 prorsus
1244 1363 1469 1407 autumo
1499 1370 1661 1422 quum
1707 1357 1994 1411 veritatem

416 1444 575 1497 velim
614 1445 814 1507 dicere,
845 1445 995 1499 utilia
1030 1453 1082 1498 et
1109 1446 1421 1499 necessaria
1454 1447 1717 1515 vobisque
1749 1447 1997 1504 fructuo-

414 1553 472 1590 sa
501 1538 726 1598 dixisse,
773 1554 940 1606 quum
976 1538 1297 1592 tenuitatem
1348 1547 1402 1592 et
1449 1540 1877 1595 imbecillitatem
1933 1556 2011 1601 ac,

415 1631 776 1697 ignorantiam
833 1630 1032 1698 ingenii
1104 1630 1205 1683 mei
1264 1648 1328 1683 ex
1394 1640 1547 1698 parte
1599 1634 1867 1696 noverim,
1929 1650 1995 1687 ne

414 1722 589 1773 dicam
628 1737 711 1773 me
749 1729 919 1773 totum
959 1736 1066 1788 prae
1126 1723 1368 1777 tenebris
1428 1724 1682 1793 caligare.
1750 1723 1805 1777 Si
1867 1727 1993 1794 quis

418 1813 484 1863 fni
505 1822 555 1865 te
584 1811 782 1865 dixerit
816 1831 828 1865 :
894 1812 1076 1877 Quare
1133 1814 1302 1882 igitur
1341 1816 1455 1869 lta’c
1496 1816 1713 1870 tentasti
1748 1816 1770 1869 ?
1809 1817 1993 1870 chari-

415 1914 576 1957 t.ttem
614 1905 665 1957 itt
696 1922 917 1959 causam
965 1906 1320 1971 praetendant,
1353 1908 1612 1976 quoniam
1652 1909 1851 1976 sacpius
1908 1925 1993 1963 me

416 2000 886 2067 interrogaverunt
936 1997 1155 2061 fratres,
1190 2008 1243 2053 et
1284 2001 1541 2068 quoniam
1576 2018 1681 2054 non
1722 2018 1864 2069 mea,
1897 2003 1992 2057 sed

413 2105 475 2141 ex
509 2088 792 2157 Scriptura
833 2104 990 2143 sacra
1023 2090 1340 2160 sanctisque
1370 2093 1572 2147 nostris
1632 2095 1797 2148 verba
1834 2097 1993 2149 colli-

411 2197 561 2247 gens,
605 2197 704 2250 pro
741 2182 995 2235 facultate
1030 2181 1250 2251 scripsi,
1282 2193 1336 2237 et
1365 2187 1649 2253 sequentia
1694 2203 1758 2240 ex
1792 2187 1994 2244 divinis

412 2287 599 2326 eorum
625 2273 872 2327 consiliis
894 2273 1254 2343 intuliJgitur
1275 2274 1319 2329 si
1344 2276 1472 2344 quid
1500 2277 1749 2332 utilitatis
1771 2288 1824 2332 et
1846 2293 1993 2334 cont~

413 2365 555 2418 modi
601 2365 910 2418 inveniatur
947 2366 999 2418 in
1047 2365 1230 2431 dictis,
1293 2367 1404 2421 Deo
1453 2370 1678 2437 gratias,
1734 2370 1837 2425 hoc
1892 2387 1993 2426 uo-

411 2469 585 2512 strum
617 2474 721 2511 non
756 2468 860 2525 est,
888 2458 982 2512 sed
1023 2476 1090 2515 ex
1126 2460 1326 2515 divinis
1358 2459 1659 2531 Scripturis
1687 2476 1738 2517 et
1770 2476 1991 2521 sancto-

413 2565 531 2601 rum
573 2551 815 2621 scriptis,
876 2563 1098 2622 proptcr
1136 2568 1229 2608 vos
1260 2554 1353 2624 qui
1399 2569 1542 2624 saepe
1573 2556 1790 2611 diverso
1832 2559 1993 2614 modo

412 2659 514 2699 nos
574 2645 1034 2716 intermgavistis,
1086 2661 1150 2701 ac
1218 2657 1439 2717 propter
1516 2648 1653 2704 alios
1723 2652 1991 2721 quosdam

412 2738 609 2793 l‘rat’res
658 2740 749 2809 qui
806 2740 871 2793 ad
922 2741 1027 2795 boc
1081 2742 1248 2796 variis
1306 2743 1642 2810 temporibus
1698 2755 1995 2814 coegerunt

411 2846 532 2885 ιιοε.
585 2828 650 2884 Et
690 2847 901 2887 merces
952 2832 1122 2901 magis
1174 2835 1279 2887 erit
1330 2833 1486 2888 vobis
1524 2835 1617 2903 qui
1671 2838 1994 2893 occasiones

409 2926 636 2982 dedistis
664 2936 937 2992 tenttettue
964 2943 1028 2981 ac
1053 2936 1329 2982 terrenum
1368 2936 1422 2981 et
1462 2928 1671 2982 humile
1708 2928 1990 2999 ingenium

411 3031 657 3074 nostrum
709 3021 1019 3074 humilitate
1083 3030 1262 3073 vestra
1316 3034 1381 3073 ac
1444 3022 1879 3093 interrogatione
1936 3022 1990 3076 in
2023 3037 2064 3094 ο
2100 3021 2397 3120 καί-γεώδη

411 3113 703 3165 dilectione
731 3121 787 3166 et
843 3114 1015 3181 gratia
1083 3112 1173 3165 Dei
1235 3113 1287 3165 itt
1353 3111 1624 3166 Trinitate
1674 3116 1991 3183 aperuistis.

409 3204 564 3261 Adsit
590 3205 680 3272 qui
718 3207 831 3256 haec
878 3203 1034 3257 vobis
1069 3204 1349 3258 l'rucmosa
1402 3205 1565 3259 faciat
1618 3206 1995 3276 fratribusquc

410 3296 667 3347 omnibus
744 3295 983 3362 prolicua
1048 3295 1101 3348 in
1166 3296 1397 3362 gloriam
1454 3294 1571 3363 ejus
1652 3298 1995 3367 salutemque

413 3395 654 3438 nostram
717 3385 964 3453 ejusdem
1016 3387 1306 3441 clementia
1366 3397 1423 3443 et
1487 3389 1845 3459 benignitate,
1903 3394 1990 3447 coi

412 3477 748 3531 conﬁdentes
784 3493 871 3531 res
905 3494 1069 3547 supra
1113 3481 1256 3535 vires
1288 3491 1505 3536 nostras
1549 3484 1759 3553 positas
1812 3497 1991 3541 atten-

411 3582 527 3623 tare
558 3570 674 3623 ausi
704 3587 918 3635 sumtts,
946 3581 999 3624 et
1038 3574 1196 3639 cujus
1225 3574 1516 3630 dilectione
1550 3577 1652 3631 ista
1687 3594 1786 3646 pro
1824 3579 1992 3633 facul-

409 3672 518 3714 tate
548 3663 940 3733 disposuimus.
976 3665 1042 3718 Et
1076 3676 1185 3718 smt
1216 3666 1321 3719 ista
1352 3666 1428 3721 illi
1460 3669 1511 3721 itt
1541 3664 1768 3736 gloriam
1803 3674 1990 3726 nobis-

409 3770 515 3822 quo
571 3755 865 3809 humilibus
895 3755 951 3809 itt
1005 3758 1259 3823 salutem,
1299 3760 1425 3827 quia
1464 3760 1579 3815 haec
1630 3777 1848 3832 quoque
1889 3767 1989 3818 ob-

408 3848 631 3900 tulimus
692 3848 787 3900 ttni
842 3848 896 3901 ia
953 3848 1220 3905 Trinitate
1290 3854 1446 3916 Deo,
1521 3854 1987 3915 intercedentibus

406 3957 624 4009 semper
673 3941 880 4011 virgine
933 3954 986 3996 et
1040 3946 1391 3998 sanctissima
1445 3947 1836 4016 gloriosissima
1892 3954 1986 4006 Dei

404 4032 706 4096 Genittice,
772 4036 1089 4102 sanctisque
1138 4040 1345 4106 angelis
1390 4055 1418 4092 a
1465 4039 1576 4095 Deo
1632 4044 1983 4111 illutninatis,

404 4126 578 4179 beatis
635 4127 800 4180 etiam
894 4131 1156 4195 apostolis
1253 4132 1438 4190 divina
1519 4136 1982 4204 praedicantibus,

404 4220 776 4273 sanctissimis
832 4218 1061 4276 Deiteris
1096 4225 1476 4291 pontiﬁcibus,
1537 4229 1793 4297 gloriosis
1841 4248 1987 4285 mar-

406 4316 641 4385 tyribus,
673 4316 879 4369 sanctis
904 4327 961 4371 et
988 4318 1153 4387 justis
1205 4321 1571 4393 omnibusque
1627 4329 1838 4382 sanctis
1863 4329 1983 4397 ejus

404 4426 432 4458 a
473 4407 674 4460 seculo
737 4420 791 4459 et
850 4423 1020 4470 usque
1074 4411 1141 4462 ad
1195 4416 1723 4471 consummationem
1772 4422 1981 4476 Saeculi.
2016 4400 2061 4452 υ

405 4502 674 4563 Quoniam
722 4514 844 4552 eum
894 4502 1045 4553 decet
1089 4506 1267 4558 omnis
1303 4506 1501 4573 gloria,
1557 4514 1984 4584 magnitudoque

404 4607 456 4643 et
520 4593 944 4661 magniﬁcentia,
990 4595 1205 4649 Patrem
1260 4609 1315 4651 ct
1357 4598 1556 4656 Filium
1617 4616 1983 4679 sanctumque

407 4684 692 4752 Spiritum,
732 4686 911 4739 solum
960 4687 1012 4740 in
1048 4686 1318 4746 Trinitate
1368 4690 1564 4757 Deum,
1623 4713 1786 4752 unam
1828 4714 1985 4756 uatu-

408 4790 523 4828 ratn
552 4786 984 4848 potestatemque
1029 4790 1084 4836 ct
1111 4780 1370 4839 virtutem
1406 4786 1458 4840 in
1494 4790 1671 4845 tribus
1727 4792 1977 4851 iodivisis

406 4869 822 4939 incont’usisque
874 4874 1150 4941 personis,
1205 4877 1354 4931 omni
1419 4887 1685 4952 tempore,
1727 4901 1873 4943 nunc
1926 4900 1982 4945 et

404 4976 618 5031 semper
640 4974 693 5019 et
731 4964 786 5021 in
817 4964 1014 5020 saecula
1052 4969 1401 5026 saeculorum.
1423 4973 1618 5033 Amen.

2110 444 2280 498 πλείω
2332 440 2407 500 ὧν
2438 447 2804 519 ἡρωτήσαμεν
2857 452 3105 521 εἰρηκότι
3160 454 3257 507 καὶ
3309 453 3644 519 ὲκδιδάξαντι
3675 471 3689 483 ·

2109 541 2200 590 καὶ
2225 543 2251 591 ὁ
2280 542 2472 609 μισθὸς
2500 543 2586 611 εἴη
2625 561 2709 598 σοι
2741 548 2872 616 παρ’
2901 545 3063 599 αὑτοῦ
3097 547 3288 611 πολὺς,
3308 551 3402 601 καὶ
3430 548 3504 608 ὡς
3536 548 3690 616 παρά

2105 631 2242 683 Θεοῦ
2282 635 2651 699 πολλαπλοῦς.

2189 726 2543 795 Ἀρχιερεύς.
2598 730 3067 801 Εὑχαριστοῦμεν,
3104 733 3348 802 ἀδελφοὶ.
3379 734 3474 786 καὶ
3526 733 3684 798 δόξαν

2105 816 2461 885 προσάγομεν
2502 817 2577 887 τῷ
2631 821 2804 888 Harp!
2865 822 2958 874 καὶ
3011 824 3089 891 τῷ
3155 824 3267 892 Υίῷ
3297 828 3392 877 καὶ
3441 824 3519 893 τῷ
3545 825 3686 894 ἁγίῳ

2106 907 2406 977 Πνεύματι,
2438 910 2517 979 τῷ
2552 913 2697 981 μόνῳ
2727 912 2846 981 Θεῷ
2873 913 3031 983 ἡμῶν
3058 917 3114 968 ὲν
3149 915 3361 984 Τριάδι,
3385 916 3464 986 τῷ
3486 917 3685 971 διδόντι

2103 1001 2261 1068 λόγον
2291 1006 2348 1055 ὲν
2378 1004 2581 1069 ἀνοίξει
2627 1007 2722 1060 τοῦ
2758 1009 3048 1076 στόματος,
3088 1010 3173 1077 ἐφ’
3200 1003 3244 1077 ᾧ
3295 1010 3360 1080 δὴ
3406 1011 3499 1064 καὶ
3523 1013 3685 1082 ἡμεῖς

2103 1096 2421 1162 ἠλπικότες,
2465 1098 2525 1151 τὸ
2572 1102 2699 1170 περὶ
2747 1104 2953 1154 τούτων
3007 1104 3183 1155 εἰπεῖν
3238 1103 3684 1172 τετολμήκαμεν,

2103 1187 2245 1257 ὑπὲρ
2273 1190 2419 1258 ἡμᾶς
2454 1192 2627 1245 ὄντων
2672 1194 2748 1255 ὠς
2777 1194 2938 1247 θείων
2978 1196 3072 1247 καὶ
3112 1195 3355 1264 ὑψηλῶν.
3383 1196 3554 1248 Τοῦτο
3590 1192 3686 1249 οὖν

2102 1281 2238 1333 Θεοῦ
2286 1281 2457 1353 δῶρον
2484 1300 2498 1314 ο
2539 1289 2631 1337 καὶ
2680 1286 2747 1338 δι’
2779 1289 2945 1355 ὑμᾶς,
2982 1290 3076 1340 καὶ
3107 1291 3168 1339 οὐ
3194 1288 3262 1342 δι’
3288 1289 3406 1359 ἐμὲ,
3445 1290 3559 1355 εἴγε
3592 1294 3685 1358 μό-

2102 1391 2192 1428 νον
2236 1377 2332 1431 καί
2384 1395 2436 1432 τι
2481 1379 2590 1433 τῶν
2647 1378 2943 1450 ὠφελίμων
3008 1383 3350 1451 εἰρήκαμεν·
3406 1382 3527 1434 οὐδὲ
3574 1382 3683 1452 γὰρ

2101 1469 2237 1532 ὅλως
2289 1471 2519 1539 νομίζω,
2548 1474 2665 1538 εἴγε
2708 1474 2803 1526 καὶ
2838 1473 2982 1527 θέλω
3036 1473 3220 1527 λαλεῖν
3262 1476 3363 1544 τὴν
3396 1474 3678 1542 ἀλήθειαν.

2100 1563 2382 1632 εἰρηκέναι
2410 1583 2460 1617 τι
2486 1566 2595 1618 τῶν
2626 1558 2916 1636 χρησίμων
2947 1568 3037 1620 καὶ
3064 1567 3396 1633 ἀναγκαίων,
3420 1568 3515 1620 καὶ
3545 1567 3683 1637 πρὸς

2101 1657 2372 1724 ὠφέλειαν
2434 1661 2864 1712 συντεινόντωνο
2922 1660 3046 1714 ἐπεὶ
3101 1662 3164 1714 τὸ
3218 1662 3435 1721 εὐτελές
3485 1678 3544 1713 τε
3585 1661 3685 1713 καὶ

2100 1752 2329 1821 ἀδρανὲς
2380 1752 2479 1820 τῆς
2512 1754 2654 1822 ὲμῆς
2706 1755 2949 1816 διανοίας
2996 1756 3089 1808 καὶ
3118 1754 3332 1823 ἀμαθὲς
3356 1755 3430 1836 ’ὲκ
3478 1755 3680 1823 μέρους

2098 1839 2237 1904 οἶδα,
2274 1845 2322 1896 εί
2372 1846 2468 1897 καὶ
2521 1846 2595 1914 μὴ
2635 1847 2837 1907 τελέως
2869 1846 3216 1915 ὲσκότισμαι.
3253 1848 3312 1899 Et
3346 1847 3402 1898 δέ
3430 1863 3515 1909 τις
3541 1847 3679 1914 ἐρεῖ,

2101 1937 2210 1989 Καὶ
2263 1938 2409 2000 τίνος
2465 1940 2628 2007 χάριν
2677 1940 2851 1993 ταῦτα
2911 1940 3097 2005 ὲξέθου
3144 1940 3367 1996 λοιπόνε
3418 1940 3517 1992 Διά
3579 1938 3682 2009 τὴν

2097 2030 2341 2097 ἀγάπην,
2377 2032 2816 2101 ἀπολογήσομαι,
2888 2035 2946 2084 ὲν
3007 2034 3085 2103 τῷ
3146 2034 3358 2102 ἐρωτᾷν
3420 2032 3685 2093 πολλάκις

2097 2123 2223 2185 τοὺς
2267 2123 2574 2190 ἀδελφούςο
2610 2126 2705 2178 καὶ
2751 2126 2834 2177 ὅτι
2880 2125 2981 2177 οὐκ
3029 2126 3160 2193 ἐμὰ,
3203 2126 3340 2177 ἀλλὰ
3377 2126 3443 2178 τὰ
3486 2128 3550 2178 ἑκ
3584 2125 3683 2192 τῆς

2098 2215 2259 2282 ἁγίας
2290 2216 2515 2285 Γραφῆς
2544 2217 2639 2270 καὶ
2666 2217 2777 2271 τῶν
2802 2219 2976 2283 ἁγίων
3008 2217 3169 2286 ἡμῶν
3201 2217 3504 2284 συλλέγων,
3538 2218 3684 2269 κατὰ

2096 2307 2327 2376 δύναμιν
2357 2307 2595 2379 ἔγραψα,
2633 2315 2730 2363 καὶ
2765 2312 2831 2364 τὰ
2864 2312 3111 2380 ἑπόμενα
3155 2312 3264 2364 τῶν
3311 2310 3471 2364 θείων
3501 2310 3687 2363 αὐτῶν

2098 2398 2338 2451 ἐννοιῶν.
2373 2398 2437 2452 Et
2470 2401 2570 2470 μὲν
2596 2396 2691 2454 οὖν
2719 2420 2769 2455 τι
2805 2403 3079 2473 χρήσιμον
3108 2403 3139 2472 ἢ
3168 2403 3450 2470 ἐπωφελὲς
3481 2406 3537 2457 ἐν
3566 2406 3685 2466 τοῖς

2097 2492 2430 2560 εἰρημένοις,
2472 2492 2551 2562 τῷ
2597 2494 2716 2561 Θεῷ
2774 2497 2955 2565 χάρις,
2998 2498 3092 2549 καὶ
3127 2499 3225 2567 οὐχ
3283 2500 3445 2569 ἡμῶν
3495 2500 3683 2564 τοῦτο,

2098 2582 2236 2636 ἀλλὰ
2260 2584 2367 2635 τῶν
2397 2584 2558 2637 θείων
2584 2586 2820 2655 Γραφῶν
2848 2588 2941 2640 καὶ
2970 2590 3075 2641 τῶν
3099 2590 3297 2658 ἁγίων,
3322 2594 3412 2644 καὶ
3439 2591 3506 2643 δι’
3532 2592 3683 2661 ὑμᾶς

2096 2668 2221 2737 τοὺς
2280 2675 2536 2739 πολλάκις
2582 2677 2858 2749 διαφόρως
2909 2681 3273 2749 ὴρωτηκότας
3302 2724 3317 2747 ,
3384 2684 3478 2736 καί
3525 2701 3684 2746 τινας

2098 2769 2291 2832 ἄλλους
2326 2770 2434 2824 τῶν
2464 2771 2733 2840 ἀδελφῶν,
2754 2775 2832 2835 είς
2857 2774 3018 2827 τοῦτο
3048 2776 3190 2828 κατὰ
3217 2777 3411 2845 καιρὸν
3438 2779 3683 2846 ἀναγκάο

2100 2876 2300 2924 σαντας
2323 2878 2338 2893 ⁸
2376 2863 2470 2915 καὶ
2518 2867 2545 2916 ὁ
2589 2865 2784 2932 μισθὸς
2816 2865 2974 2919 ἔσται
3007 2869 3210 2936 μᾶλλον
3258 2869 3390 2938 ὑμῖν
3429 2875 3543 2934 τοῖς
3578 2872 3684 2935 τὰς

2098 2955 2357 3024 ἀφορμὰς
2378 2956 2663 3021 δεδωκόσι,
2692 2960 2786 3011 καὶ
2818 2959 2911 3013 τὸν
2943 2961 3332 3017 εὐτελέστατον
3360 2965 3487 3018 νοῦν
3520 2968 3685 3037 ήμῶν

2439 3050 2535 3103 καὶ
2583 3054 2840 3106 ταπεινὸν
2882 3058 2949 3126 τῇ
2998 3058 3333 3112 ταπεινώσει
3383 3061 3540 3128 ὑμῶν
3581 3063 3684 3115 καὶ

2101 3140 2370 3209 ἐρωτήσει
2425 3144 2483 3194 ὲν
2534 3145 2725 3215 ἀγάπῃ
2756 3148 2852 3199 τοῦ
2883 3150 2938 3200 ὲν
2974 3149 3169 3219 Τριάδι
3200 3152 3337 3207 Θεοῦ
3369 3156 3462 3207 καὶ
3494 3156 3683 3226 χάριτι

2098 3232 2447 3298 διανοίξασιν.
2474 3237 2568 3298 Ὃς
2593 3238 2687 3289 καὶ
2716 3240 2800 3309 εἴη
2829 3241 3081 3309 χρήσιμα
3113 3244 3283 3296 ποιῶν
3315 3246 3448 3314 ὑμῖν
3476 3248 3680 3314 ταῦτα,

2098 3326 2194 3375 καὶ
2239 3329 2353 3388 τοῖς
2410 3328 2664 3397 ἀδελφοῖς
2718 3330 2926 3385 ἅπασιν
2962 3320 3216 3403 ἐπωφελῆ
3269 3339 3338 3390 τὰ
3386 3343 3679 3409 εἰρημένα,

2097 3420 2191 3468 καλ⁸
2237 3421 2316 3480 είς
2371 3419 2531 3483 δόξαν
2562 3422 2729 3475 αὑτοῦ
2766 3425 2859 3476 καὶ
2908 3428 3188 3497 σωτηρίαν
3216 3431 3377 3500 ἡμῶν
3412 3435 3475 3501 τῇ
3510 3435 3680 3487 αὐτοῦ

2098 3510 2482 3581 φιλανθρωπίᾳ
2526 3515 2622 3566 καὶ
2667 3515 2992 3587 ἀγαθότητι,
3021 3514 3064 3587 ᾧ
3110 3524 3205 3574 καὶ
3248 3523 3676 3595 τεθαρρηκότες,

2095 3603 2207 3664 τοῖς
2250 3603 2390 3669 ὑπὲρ
2434 3607 2580 3673 ἡμᾶς
2636 3609 2964 3679 ἐγχειρῆσαι
3019 3614 3532 3687 κατετολμήσαμεν,
3577 3626 3677 3675 καὶ

2094 3696 2151 3745 ὲν
2181 3694 2372 3766 ἀγάπῃ
2407 3697 2597 3750 τούτου
2635 3700 2701 3751 τὰ
2727 3703 2869 3753 κατὰ
2895 3703 3130 3773 δύναμιν
3168 3707 3529 3780 ἐξεθήκαμεν.
3563 3717 3675 3769 Καὶ

2093 3790 2335 3853 γένοιντο
2392 3792 2472 3851 είς
2531 3790 2690 3855 δόξαν
2748 3796 2915 3850 αὑτοῦ
2973 3798 3174 3867 ταῦτα,
3205 3804 3301 3855 καὶ
3354 3807 3511 3874 ἡμῶν
3564 3811 3676 3861 τῶν

2092 3879 2366 3931 ταπεινῶν
2400 3883 2679 3948 σωτηρίαν
2709 3900 2723 3913 ο
2762 3885 2844 3937 ὅτι
2885 3887 2978 3938 καὶ
3008 3888 3183 3941 ταῦτα
3218 3891 3368 3960 αὐτῷ
3402 3894 3674 3963 ἀνεθήκα-

2095 3988 2195 4040 μεν
2242 3971 2319 4040 τῷ
2368 3973 2515 4044 μόνῳ
2549 3976 2607 4026 ὲν
2633 3976 2829 4046 Τριάδι
2859 3977 2978 4047 Θεῷ
3012 3982 3393 4051 ὀπρεσὸείαις
3426 3987 3524 4054 τῆς
3559 3990 3675 4041 ἀει-

2092 4062 2367 4131 παρθένου
2397 4065 2493 4116 καὶ
2527 4068 2805 4135 παναγίας
2838 4070 3199 4140 ὑπερενδόξου
3234 4076 3672 4149 Θεοτόκου,,τῶν

2091 4156 2404 4225 θεολήπτων
2453 4162 2550 4214 καὶ
2581 4161 2755 4228 ἁγίων
2796 4164 3067 4231 ἀγγέλων,
3096 4168 3209 4220 τῶν
3247 4170 3527 4242 θεηγόρων
3576 4178 3673 4228 καὶ

2092 4252 2382 4319 μακαρίων
2417 4254 2755 4323 ἀποστόλων,
2790 4259 2900 4311 τῶν
2938 4259 3218 4333 θεοφόρων
3250 4269 3347 4319 καὶ
3395 4274 3671 4340 πανιέρων

2092 4344 2386 4413 ἱεραρχῶν,
2418 4346 2526 4399 τῶν
2574 4349 2902 4405 καλλινίκων
2936 4358 3232 4425 μαρτύρων
3278 4377 3359 4425 τε,
3391 4363 3554 4416 ὁσίων
3610 4385 3669 4419 τε

2092 4437 2188 4486 καὶ
2236 4437 2484 4503 δικαίων,
2519 4443 2616 4494 καὶ
2669 4444 2891 4498 πάντων
2924 4446 3033 4500 τῶν
3065 4450 3162 4503 ἀπ’
3202 4454 3402 4519 αἰῶνος
3434 4443 3528 4511 καί
3564 4462 3668 4525 ἕως

2095 4531 2405 4593 συντελείας
2436 4535 2637 4599 αἰῶνος
2678 4538 2853 4605 ἁγίων
2884 4541 3091 4597 δούλων
3139 4548 3328 4604 αὐτοῦ.
3365 4553 3490 4609 ’Ότι
3518 4557 3668 4625 αὑτῴ

2092 4624 2293 4690 πρέπει
2346 4627 2491 4677 πᾶσα
2521 4628 2667 4693 δόξα,
2705 4633 3067 4707 μεγαλωσύνη
3098 4655 3156 4690 τε
3204 4644 3295 4696 καὶ
3323 4647 3667 4716 μεγαλοπρέ-

2094 4732 2245 4778 πεια,
2270 4716 2346 4785 τῷ
2406 4719 2603 4789 "arpi,
2644 4725 2740 4776 καὶ
2783 4726 2859 4794 τῷ
2911 4727 3047 4798 Υίῷ,
3086 4734 3181 4785 καὶ
3210 4735 3289 4804 τῷ
3324 4737 3465 4807 ἁγίῳ
3500 4743 3667 4793 “vsti-

2096 4824 2245 4875 ματι,
2286 4811 2363 4880 τῷ
2396 4815 2541 4881 μόνῳ
2599 4816 2656 4869 ὲν
2684 4817 2877 4887 Τριάδι
2922 4821 3064 4893 Θεῷ,
3095 4828 3160 4895 τῇ
3216 4830 3318 4899 μιᾷ
3370 4832 3531 4899 φύσει
3571 4839 3667 4889 καὶ

2093 4901 2312 4972 ἐξουσία
2361 4907 2452 4958 καὶ
2506 4908 2758 4977 δυνάμει,
2819 4914 2878 4965 ἐν
2935 4920 3115 4986 τρισὶν
3185 4920 3515 4992 ἀδιαιρέτοις
3570 4931 3666 4981 καὶ

2094 4994 2423 5063 ἀσυγχύτοις
2469 5004 2586 5062 τατς
2634 5002 2991 5072 ὑποστάσεσι,
3022 5012 3252 5064 πάντοτε
3286 5015 3379 5067 νῦν
3411 5021 3504 5068 καὶ
3552 5023 3611 5070 as
3645 5058 3661 5082 ,

2094 5082 2188 5141 καὶ
2217 5086 2293 5145 εἰς
2331 5087 2456 5150 τοὺς
2491 5090 2695 5157 αἰῶνας
2724 5095 2832 5149 τῶν
2872 5098 3102 5155 αίὼνωλ.
3152 5103 3343 5175 Ἀμήν,
