4094 6194
415 307 517 372 τοι

1427 299 1844 362 EXPOSITIO
1875 299 1976 359 DE
2007 295 2282 358 DIVlNO
2321 289 2648 354 TEMI’LO.

3581 288 3688 354 '70.!

407 425 534 476 όλου
594 420 740 490 ἡμᾶς
801 416 1082 488 ἀμυήτους
1131 415 1343 488 ἀφῆκεν
1371 411 1514 470 εἶναι
1549 415 1817 484 περὶτῶν
1853 412 1984 467 ιδίωι

2106 407 2249 478 piam
2275 421 2397 477 quae
2427 408 2492 460 ab
2525 403 2770 459 Ecclesia
2801 401 3226 474 promulgantur
3247 409 3302 456 et
3351 399 3682 460 emciuntnr.

403 512 434 566 6
459 511 614 573 Θεδις,
663 509 780 562 ἀλλ’
805 511 931 563 ὅσον
970 509 1196 564 δυνατὸν
1223 508 1446 575 εἰδέναι,
1496 509 1594 561 καὶ
1622 506 1854 561 καθόσον
1891 503 1990 575 ζη-

401 607 518 659 τεῖν
549 602 850 671 εὑρίσκειν,
885 603 982 656 καὶ
1011 604 1069 655 ὲν
1100 603 1353 674 περινοίᾳ
1405 599 1652 669 γίνεσθαι
1699 599 1808 652 τῶν
1843 599 1990 651 ὲκεί-

405 713 522 758 νου,
586 696 862 766 παρέσχεν
917 695 1050 765 ἡμῖν
1097 695 1376 764 ἀφορμὰς,
1425 693 1548 746 ἐπεὶ
1596 693 1690 746 καὶ
1740 691 1808 745 δι’
1839 693 1990 760 ἡμᾶς

403 786 578 841 ταῦτα
631 787 974 856 πέπρακται.
1015 787 1258 840 Καθόσον
1287 781 1381 839 οὖν
1409 788 1504 838 καὶ
1533 785 1692 852 ἡμεῖς
1717 785 1991 854 ἠδυνήθη-

407 895 509 947 μεν
569 879 796 946 γνῶναι.
849 877 942 930 καὶ
991 878 1224 930 καθόσον
1275 877 1410 946 ἡμῖν
1449 876 1627 944 ἐδόθη,
1685 875 1988 944 ἐλαχίστοις

403 986 467 1038 γε
497 969 619 1022 οὖσι
657 969 752 1022 καὶ
773 970 1075 1032 ταπεινοῖς,
1109 968 1238 1036 περὶ
1265 985 1340 1020 ων
1362 969 1703 1036 ἠρωτήσατε,
1733 967 1990 1034 νομίσαν-

403 1078 496 1124 τες
525 1062 672 1130 ἡμᾶς
698 1057 840 1114 εἷναί
867 1077 942 1124 τι,
978 1059 1210 1128 λέγομεν
1237 1061 1292 1112 ὲν
1327 1059 1540 1130 ἀγάπῃ,
1571 1062 1636 1112 ὲκ
1666 1058 1776 1110 τῶν
1814 1059 1989 1110 Πατέ-

407 1171 517 1224 ρων
547 1155 616 1208 τὰ
640 1153 812 1208 πλείω
843 1153 1218 1218 συλλέξαντες.
1246 1152 1380 1205 Οὐδὲ
1406 1155 1518 1222 γὰρ
1545 1153 1654 1205 τῶν
1686 1152 1988 1220 παραδεδο-

408 1246 587 1315 μένων
639 1245 960 1314 καινότερον
1010 1245 1138 1296 ἄλλο
1174 1246 1304 1314 παρ’
1339 1245 1488 1313 ἡμῖν,
1533 1243 1640 1296 οὐδ’
1669 1242 1706 1298 ἃ.
1747 1245 1988 1314 παρελά-

405 1337 576 1408 σομεν
618 1335 1026 1407 ἠλλοιὼσαμενο
1055 1337 1442 1406 τετηρήκαμεν
1471 1336 1547 1402 δὲ,
1574 1337 1648 1398 ὡς
1682 1341 1775 1390 καὶ
1803 1337 1865 1388 τὸ
1887 1335 1988 1406 τῆς

405 1431 644 1492 πίστεως
671 1430 966 1498 Σύμϐολον,
997 1431 1120 1484 ὅθεν
1141 1431 1216 1492 ὼς
1241 1433 1372 1496 παρ’
1411 1431 1576 1485 αὐτοῦ
1605 1436 1699 1483 τοῦ
1736 1431 1988 1498 Σωτῆρος

406 1521 504 1572 καὶ
533 1520 642 1572 τῶν
673 1521 990 1574 ἀποστόλων
1024 1521 1180 1591 ἐδόθη
1235 1521 1464 1574 καὶτῶν
1517 1523 1798 1591 [1ατέρων,
1845 1520 1988 1574 οὕτω

401 1613 502 1682 τὴν
535 1613 846 1681 ἱερουργίαν
893 1611 1158 1682 τελοῦμεν
1179 1629 1192 1642 ·
1229 1617 1320 1666 καὶ
1371 1615 1444 1673 ὡς
1497 1613 1597 1682 μὲν
1624 1615 1650 1665 6
1681 1613 1883 1682 Κύριος
1915 1615 1988 1665 ιε-

405 1704 682 1774 ροὺργησε
735 1702 876 1770 μετὰ
931 1701 1042 1754 τῶν
1103 1703 1364 1772 μαθητῶν
1411 1701 1510 1766 ὢν,
1551 1703 1644 1754 καὶ
1699 1705 1792 1755 τὸν
1823 1703 1986 1772 ἄρτον

405 1795 614 1856 κλάσας
681 1795 776 1846 καὶ
834 1795 1020 1856 αὐτοῖς
1094 1795 1378 1864 μεταδοὺς,
1446 1801 1539 1847 καὶ
1591 1795 1652 1847 τὸ
1725 1797 1987 1866 ποτήριον

403 1886 625 1954 ὁμοίως,
661 1886 754 1936 καὶ
791 1885 825 1955 ἡ
871 1883 1172 1954 Ἐκκλησία
1207 1887 1371 1950 ποιεῖ,
1408 1886 1501 1937 τοῦ
1536 1885 1792 1954 ἱεράρχου
1847 1887 1986 1954 μετὰ

402 1979 513 2032 τῶν
569 1979 762 2048 ἱερέων
808 1977 1242 2048 ίερουργοῦντος,
1292 1977 1386 2028 καὶ
1421 1979 1554 2028 πᾶσι
1591 1977 1985 2044 μεταδιδόντος,

401 2071 436 2140 ἢ
471 2071 565 2122 καὶ
599 2071 790 2138 ἱερέως
824 2073 964 2136 μετα
987 2071 1208 2121 λοιπῶν.
1250 2070 1422 2121 Τοῦτο
1447 2069 1502 2121 δὲ
1536 2073 1626 2122 καὶ
1652 2071 1678 2120 6
1713 2071 1818 2121 τῶν
1849 2071 1986 2122 ἀπο-

405 2163 609 2216 στόλων
641 2164 909 2232 μαρτυρεί
939 2161 1183 2234 διάδοχος
1232 2165 1258 2216 δ
1319 2164 1460 2230 ἱερός
1503 2182 1646 2232 φημι
1679 2165 1978 2224 Διονύσιος,

403 2255 546 2308 οὔτω
575 2255 840 2308 διδάσκων
878 2257 1208 2324 ἱερουργεῖν,
1245 2257 1316 2316 ὡς
1347 2257 1530 2325 ἡμεῖς.
1575 2255 1685 2308 Καὶ
1716 2255 1762 2305 οἱ
1793 2253 1988 2322 θεηγό-

404 2365 488 2420 ροι
517 2350 597 2413 δὲ,
625 2350 906 2412 Βατίλειος
943 2351 1039 2402 καὶ
1080 2349 1496 2418 Χρυσὸστομος,
1530 2349 1630 2417 τὴν
1655 2349 1752 2417 τῆς
1781 2365 1988 2417 μυστα-

401 2444 614 2510 γωγίας
644 2443 980 2512 πλατύτερον
1033 2441 1317 2508 ἐκθέμενοι
1366 2439 1543 2504 τάξιν,
1575 2439 1718 2494 οὕτω
1755 2441 1992 2505 παραδε·

403 2535 642 2590 δὼκασιν
673 2539 936 2604 ἐνεργεῖν,
973 2535 1048 2596 ὡς
1089 2535 1122 2601 ἡ
1177 2532 1300 2586 καθ’
1353 2535 1502 2602 ἡμᾶς
1541 2533 1858 2600 Ἐκκλησία,
1895 2533 1994 2586 καὶ

405 2626 783 2698 μαρτυροῦσιν
827 2627 1007 2679 αὐτῶν
1060 2627 1116 2676 αἱ
1153 2626 1232 2684 είς
1270 2627 1369 2694 τὴν
1435 2625 1752 2696 ἱερουργίαν
1802 2625 1986 2694 εὐχαὶ,

397 2721 498 2786 τὴν
533 2719 762 2786 πρώτην
790 2734 850 2770 τε
881 2719 976 2769 καὶ
1005 2717 1270 2786 δευτέραν
1300 2718 1506 2770 εἴσοδον
1541 2717 1984 2784 ἐκδιδάσκουσαι,

397 2810 495 2866 καὶ
522 2809 591 2861 τὰ
627 2810 788 2862 λοιπᾶ
821 2811 918 2878 τῆς
953 2811 1104 2878 ἱερᾶς
1131 2809 1375 2876 τελετῆς.

2097 496 2486 552 Verumtamen
2529 511 2637 549 non
2669 493 2898 548 omnino
2964 492 3130 548 rudes
3153 507 3216 548 ac
3245 492 3471 563 ignaros
3502 505 3684 546 rerum

2097 589 2163 643 ad
2197 605 2254 642 se
2281 587 2676 658 pertinentium
2712 586 2854 641 Deus
2889 601 2991 640 nos
3025 585 3268 656 reliquit.
3289 585 3382 640 sed
3411 593 3682 656 quantum

2094 681 2162 734 de
2185 680 2254 734 iis
2285 679 2445 742 scire,
2471 679 2822 747 investigare,
2852 688 2903 732 et
2927 677 3198 742 invenire,
3221 677 3332 730 imo
3357 685 3410 732 et
3439 689 3690 744 compre-

2095 775 2335 830 hendere
2367 790 2654 844 possumus
2681 782 2890 826 tantam
2915 771 3075 826 nobis
3097 771 3446 826 occasionem
3477 768 3688 839 praesti-

2095 869 2160 922 tit
2188 885 2201 920 :
2231 867 2678 938 quandoquidem
2709 880 2876 921 causa
2905 873 3093 920 nostra
3124 879 3188 918 ea
3220 863 3404 916 omnia
3427 863 3684 918 instituta

2093 972 2244 1016 sunt.
2279 960 2554 1026 Quantum
2586 961 2754 1032 igitur
2789 959 2947 1015 nobis
2987 958 3228 1012 minimis
3271 955 3686 1026 abjectissimis-

2092 1067 2198 1118 que
2225 1067 2557 1108 concessum
2588 1063 2696 1119 est,
2730 1053 2798 1106 de
2838 1053 2905 1106 iis
2971 1067 3096 1120 quae
3145 1065 3246 1104 nes
3306 1063 3430 1104 esse
3478 1047 3684 1118 aliquid

2091 1153 2355 1216 putantes
2387 1145 2795 1215 interrogastis,
2845 1144 2900 1198 in
2956 1143 3229 1198 cliaritale
3291 1141 3683 1205 disseruimus,

2093 1241 2361 1308 pluraque
2399 1254 2463 1292 ex
2493 1239 2582 1294 his
2617 1253 2648 1292 a
2681 1238 2890 1294 sanctis
2925 1237 3178 1292 l’atribus
3202 1237 3560 1308 collegitttus;
3593 1253 3684 1290 ne.-

2091 1345 2199 1398 que
2233 1331 2381 1384 enim
2411 1341 2608 1398 printer
2623 1345 2687 1384 ea
2716 1347 2836 1400 qua:
2859 1329 3058 1384 tradita
3083 1339 3212 1384 sunt
3241 1345 3440 1382 novum
3471 1327 3682 1397 aliquid

2092 1421 2500 1485 aditwenimus,
2531 1437 2710 1490 neque
2740 1437 2800 1474 ea
2825 1437 2944 1488 quae
2971 1423 3038 1474 ab
3076 1420 3200 1473 aliis
3235 1421 3546 1486 accepimus
3573 1419 3681 1472 ulla

2091 1513 2304 1568 ratione
2339 1514 2778 1574 immulavitnus,
2811 1515 2920 1567 into
2965 1511 3110 1568 sicut
3170 1514 3294 1567 ﬁdei
3357 1497 3660 1584 Symliolun

2091 1603 2302 1673 integra
2339 1605 2657 1673 intactaque
2685 1605 3050 1658 servavimus.
3087 1603 3242 1659 Unde
3272 1605 3411 1659 sicut
3443 1605 3512 1658 ab
3561 1605 3688 1672 ipso

2094 1695 2378 1751 Salvatore
2418 1697 2672 1751 instituta
2708 1707 2812 1760 est,
2839 1699 2988 1751 etab
3019 1698 3310 1764 apostolis,
3345 1707 3398 1752 et
3428 1714 3455 1751 a
3509 1697 3683 1752 Patri-

2019 1769 2065 1828 Β
2099 1790 2200 1842 bus
2265 1791 2486 1854 tradita,
2529 1790 2602 1843 ita
2659 1799 2710 1844 et
2764 1789 2986 1844 missam
3038 1791 3382 1846 celebramus
3413 1810 3426 1845 :
3459 1801 3510 1846 et
3541 1793 3687 1846 sicut

2102 1881 2322 1950 quidem
2366 1881 2654 1946 Dominus,
2684 1897 2808 1936 cum
2865 1883 3151 1951 discipulis
3205 1885 3383 1940 adhuc
3436 1901 3686 1941 COIIImO-

2108 1988 2240 2028 rans
2262 1975 2630 2040 consecravit,
2651 1983 2704 2029 et
2731 1991 2922 2044 panem
2959 1973 3141 2044 fregit,
3159 1977 3347 2045 eisque
3382 1977 3684 2044 distribuit,

2103 2079 2156 2123 et
2189 2070 2414 2123 calicem
2437 2069 2710 2128 similiter,
2734 2073 2802 2120 ita
2830 2079 2882 2120 et
2905 2084 3048 2122 nunc
3072 2067 3311 2124 Ecclesia
3338 2073 3683 2141 exsequitur,

2099 2163 2354 2234 pontiﬁce
2405 2179 2526 2215 cum
2583 2159 2976 2214 sacerdotibus
3041 2174 3402 2216 consecrante
3465 2175 3518 2218 et
3569 2181 3685 2218 Otii-

2105 2255 2269 2307 nibus
2312 2253 2696 2314 distribuente,
2718 2251 2798 2304 vel
2845 2261 2992 2305 certe
3011 2255 3295 2307 sacerdote
3314 2269 3436 2307 cum
3459 2256 3682 2324 collegis

2102 2347 2436 2402 celebrante.
2470 2345 2586 2400 lloe
2645 2363 2773 2402 vero
2811 2355 2862 2400 et
2897 2347 3268 2414 apostolorum
3289 2332 3578 2404 successor
3608 2361 3684 2403 te-

2097 2449 2299 2502 statur,
2325 2456 2504 2506 sacer,
2530 2441 2771 2509 inquam,
2793 2438 3224 2512 Dionysiusdqu
3242 2445 3320 2496 sic
3344 2441 3683 2508 sacriﬁcare,

2097 2535 2313 2587 sicntet
2343 2549 2442 2585 nos
2467 2532 2658 2585 educi't
2691 2547 2704 2582 :
2739 2540 2794 2584 et
2843 2529 3154 2584 divinarum
3210 2547 3392 2585 reruzn
3453 2549 3678 2586 enarra-

2102 2637 2248 2680 tores
2276 2627 2512 2680 Basilius
2538 2635 2593 2678 et
2619 2625 3045 2694 Cltrysostomus
3075 2628 3322 2680 ordinem
3361 2629 3540 2682 missae
3566 2639 3683 2683 tan.

2097 2719 2168 2772 tis
2197 2720 2472 2786 mysteriis
2499 2719 2714 2788 repletae
2753 2719 2845 2772 ubi
2877 2727 3182 2786 exponunt,
3215 2720 3294 2772 sic
3349 2735 3467 2774 eam
3517 2723 3682 2792 perli-

2097 2824 2224 2863 cere
2258 2810 2737 2874 commendarunt,
2772 2810 2918 2864 sicut
2949 2819 3002 2863 et
3037 2821 3226 2864 nostra
3257 2807 3498 2865 Ecclesia
3527 2829 3682 2866 exse-

398 2907 586 2974 quitur
619 2905 824 2975 ;idque
875 2906 1152 2960 orationes
1227 2919 1418 2958 eorum
1499 2906 1552 2958 in
1632 2905 1795 2958 missa
1853 2919 1976 2974 quae
2017 2903 2253 2973 primum
2305 2915 2360 2960 et
2389 2905 2690 2959 secundum
2757 2905 3068 2976 ingressum
3119 2907 3473 2976 reliquasque
3523 2923 3668 2964 sacr.

401 2999 644 3070 mysterii
677 3010 862 3069 partes
893 2999 1146 3063 edocent,
1179 2999 1490 3052 clarissime
1521 3007 1986 3054 ionimoustrant.

484 3114 598 3170 Καὶ
621 3113 714 3166 τὸν
740 3112 886 3182 ἱερὸν
915 3111 972 3164 δὲ
997 3113 1122 3164 ναὸν
1171 3112 1232 3163 οὐ
1269 3111 1428 3176 βαι-ὸν
1461 3114 1570 3174 τοῖς
1597 3113 1733 3164 πᾶσι
1767 3109 1984 3180 παραδι-

2173 3113 2238 3166 Ει
2271 3119 2521 3162 santtum
2564 3109 2778 3176 quidem
2815 3107 3078 3176 templum
3115 3122 3220 3161 non
3255 3111 3514 3166 omnibus
3559 3128 3687 3182 per-

397 3207 582 3262 δόασιν
630 3207 678 3259 οἱ
705 3203 1097 3275 Πατὲρες,ἁλλ’
1124 3203 1274 3268 ἀξιον
1297 3204 1608 3268 εὐλαϐείας,
1633 3205 1725 3258 καὶ
1751 3206 1986 3272 μάλιστα

400 3298 468 3368 δὴ
493 3299 556 3352 τὸ
577 3296 804 3366 φρικτὸν
829 3295 1238 3364 θυσιαστήριον.
1269 3295 1380 3350 Καὶ
1399 3297 1576 3364 δῆλον,
1601 3295 1676 3357 ὡς
1713 3293 1818 3358 ἔξω
1861 3295 1986 3361 βάλ-

403 3387 554 3444 λουσι
580 3386 706 3446 τοὺς
736 3387 1204 3455 κατηχουμὲνους.
1255 3386 1364 3440 Καὶ
1393 3387 1420 3437 6
1469 3385 1614 3453 ἱερὸς
1654 3385 1710 3438 δὲ
1755 3384 1988 3454 Ἀμϐρό-

401 3497 516 3543 σιος
569 3483 664 3532 καὶ
692 3477 786 3530 τοῦ
832 3477 963 3532 ναοῦ
1017 3478 1114 3530 καὶ
1147 3475 1244 3530 τοῦ
1294 3477 1685 3545 θυσιαστηρίου
1739 3475 1984 3542 ὲξιλιθησε

398 3572 492 3624 τὸν
513 3571 794 3623 Θεοδόσιον
820 3569 1048 3639 βασιλέα
1074 3585 1087 3600 ο
1115 3569 1208 3622 καὶ
1231 3571 1259 3621 6
1287 3571 1344 3620 ὲν
1385 3568 1561 3634 ἁγίοις
1593 3567 1647 3618 δὲ
1681 3555 1984 3636 Γρηγόρίος

397 3665 428 3716 6
454 3662 748 3728 Διάλογος,
783 3660 844 3712 οὐ
877 3661 1040 3728 μόνον
1071 3658 1140 3711 δι’
1170 3657 1410 3726 ὲνζύμου
1441 3658 1608 3726 ἄρτου
1641 3658 1740 3726 τὴν
1793 3659 1986 3711 θυσίαν

399 3753 810 3824 προσφέρεσθαι
853 3755 1144 3824 μαρτυρεῖ,
1187 3752 1325 3806 ἀλλὰ
1379 3753 1474 3805 καὶ
1511 3751 1578 3805 δι’
1621 3751 1807 3814 αἰδοῦς
1857 3753 1984 3813 τοὺς

399 3849 580 3918 ἱεροὺς
609 3851 734 3918 ἄγει
763 3849 1100 3919 ναοὺ;,μηδὲ
1130 3847 1359 3915 λείψανα
1389 3849 1570 3915 ἀφιεὶς
1603 3847 1699 3898 τοῦ
1725 3845 1982 3916 τυχόντος

397 3941 458 3994 ὲν
483 3941 660 4004 αὐτοῖς
684 3941 1156 3994 καταθάπτεσθαι.
1198 3940 1360 3992 Ἀλλὰ
1391 3941 1488 3991 καὶ
1510 3941 1538 3991 ό
1575 3939 1750 4008 μέγας
1775 3938 1982 3990 Ἰσίδω-

405 4049 494 4101 ρος
523 4035 552 4085 6
580 4035 644 4084 ἐκ
669 4033 762 4084 τοῦ
801 4033 1100 4101 Πηλουσίου
1123 4071 1142 4098 ,
1172 4032 1398 4100 ἀρχαῖος
1447 4027 1522 4082 ὢν
1551 4029 1662 4082 τῶν
1695 4031 1834 4082 Πατέ
1845 4046 1976 4098 ρων,

397 4127 456 4178 ὲν
489 4125 714 4186 πολλαῖς
757 4124 921 4176 αὑτοῦ
953 4123 1062 4176 τῶν
1109 4122 1412 4174 ἐπιστολῶν
1476 4123 1605 4188 περὶ
1632 4121 1730 4187 τῆς
1771 4119 1978 4182 τάξεως

395 4215 499 4284 τῆς
529 4214 654 4270 καθ’
687 4215 832 4284 ἡμᾶς
859 4215 1203 4282 λειτουργίας
1247 4213 1585 4280 σαφέστερον
1643 4211 1978 4263 ἐκδιδάσκων

395 4314 670 4380 φαίνεται.
699 4310 804 4362 Καὶ
829 4311 856 4360 ὁ
885 4309 954 4360 τὰ
983 4309 1103 4360 θεῖα
1131 4308 1188 4358 δὲ
1221 4310 1382 4374 σοφὸς
1405 4305 1656 4373 Μάξιμος
1687 4306 1834 4358 ἅπαν
1887 4307 1980 4355 ἑκ-

2092 3207 2238 3259 νίιιιιι
2269 3207 2522 3265 ease,sed
2559 3204 2862 3258 reverentia
2895 3201 3144 3271 dignum,
3177 3206 3521 3258 tremendum
3557 3223 3686 3264 vero

2091 3297 2330 3352 maxime
2361 3297 2554 3363 altare,
2586 3311 2708 3352 esse
2739 3297 3028 3350 voluerunt
3061 3295 3162 3350 SS.
3199 3295 3303 3350 PP.
3337 3301 3683 3371 Quodliqui-

2089 3392 2160 3446 do
2194 3399 2432 3455 constat,
2455 3407 2578 3445 cum
2631 3407 2696 3446 ex
2767 3405 2833 3444 eo
2894 3395 3324 3448 catechumenos
3373 3396 3678 3454 emittunt:

2089 3494 2242 3533 sacer
2271 3495 2400 3533 vero
2433 3479 2784 3546 Ambrosius,
2813 3497 2878 3534 ex
2913 3483 3116 3552 templo
3151 3495 3205 3538 et
3237 3485 3394 3540 altari
3426 3486 3681 3546 Theodo-

2089 3571 2230 3624 sium
2262 3569 2646 3638 imperatorem
2683 3572 2880 3640 ejecu;
2915 3586 3151 3628 sanctus
3184 3586 3364 3630 autem
3386 3579 3684 3650 Gregorius

2089 3671 2280 3714 auctor
2313 3661 2400 3714 ille
2431 3661 2804 3732 Dialogorum,
2834 3679 2940 3718 non
2975 3669 3138 3724 modo
3172 3686 3296 3722 cum
3357 3673 3683 3730 fermentan

2089 3769 2226 3822 pane
2257 3753 2594 3808 sacrificium
2625 3755 2810 3809 oll‘erri
2843 3767 3092 3823 testatur,
3129 3779 3316 3816 verum
3347 3775 3402 3818 et
3429 3769 3480 3819 in
3518 3783 3686 3824 vene-

2089 3848 2300 3900 ratione
2333 3863 2526 3916 tnagna
2551 3863 2740 3904 sacras
2767 3851 2930 3904 habet
2958 3853 3124 3916 aedes,
3166 3870 3268 3908 nec
3305 3857 3680 3930 cujuscunque

2086 3939 2352 3994 cadavera
2386 3941 2438 3992 in
2467 3941 2536 3994 iis
2569 3941 2790 4010 sepeliri
2827 3944 3094 4010 permittit
3125 3964 3138 4000 :
3165 3949 3419 4004 similiter
3477 3963 3532 4006 et
3579 3952 3678 4010 lsi-

2087 4033 2252 4086 dorus
2285 4033 2558 4088 Pelusiota
2591 4035 2735 4088 inter
2781 4036 3041 4106 antiquos
3097 4036 3288 4094 Patres
3339 4042 3537 4096 merito
3593 4059 3683 4099 re-

2085 4131 2351 4192 censitus,
2387 4131 2444 4182 in
2477 4131 2750 4200 plerisque
2777 4146 3004 4185 suarum
3025 4131 3474 4200 Epistolarumde
3497 4137 3676 4193 misse

2083 4226 2224 4279 serie
2251 4233 2413 4293 prout
2446 4226 2589 4294 apud
2621 4241 2719 4280 nos
2749 4226 3078 4292 celebratur,
3110 4227 3342 4284 lucidius
3368 4233 3678 4286 edISs-erero

2083 4319 2300 4371 vuletur
2330 4337 2342 4370 :
2374 4327 2428 4372 et
2459 4320 2526 4372 de
2557 4319 2762 4374 divinis
2817 4320 3069 4374 eruditus
3129 4319 3402 4376 Maximus
3465 4325 3676 4378 nullum

391 4403 577 4472 τίθησι
608 4402 668 4453 τὸ
711 4402 1008 4470 μυστήριον
1060 4401 1154 4468 τῆς
1191 4399 1340 4467 ἱερᾶς
1369 4397 1736 4466 λειτουργίας,
1773 4397 1972 4464 ὃπερή

2090 4415 2402 4482 mysterium
2425 4429 2596 4467 sacrae
2625 4417 2828 4476 missae,
2865 4430 3022 4482 quam
3052 4415 3292 4470 Ecclesia
3323 4418 3595 4472 catholica
3621 4419 3676 4472 in

398 4497 524 4549 καθ’
563 4497 710 4564 ἡμᾶς
743 4493 1044 4562 Ἐκκλησία
1071 4491 1372 4560 διενεργεῖ,
1433 4491 1528 4542 καὶ
1575 4490 1683 4540 τῶν
1728 4491 1786 4540 ἐν
1837 4491 1978 4560 αὐτῇ

399 4590 702 4658 γινομένων
732 4585 1074 4650 τουςνλόγους
1105 4581 1494 4656 ὲφερμηνεύει.
1530 4581 1624 4644 Ἐξ
1659 4574 1732 4634 ὧν
1772 4580 1838 4650 δὴ
1885 4581 1980 4632 καὶ

399 4683 560 4750 ἡμεῖς
591 4679 666 4741 ὡς
709 4677 970 4745 Ματέρων
1003 4677 1418 4744 ἐρανισαμενοι,
1441 4677 1534 4734 καὶ
1559 4671 1612 4724 εἴ
1637 4671 1688 4724 τί
1719 4689 1823 4742 περ
1853 4671 1980 4724 ἄλλο

396 4773 548 4842 παρὰ
576 4771 684 4822 τῶν
713 4771 816 4838 πρὸ
864 4767 1022 4836 ἡμῶν
1067 4769 1338 4834 ἔγνωμεν,
1390 4765 1675 4834 γράφομεν
1725 4763 1876 4835 ὑμῖν,
1911 4767 1976 4834 τῇ

389 4865 486 4920 τοῦ
531 4863 670 4916 Θεοῦ
707 4862 1084 4932 θαρρήσαντες
1131 4859 1338 4928 χάριτι.
1383 4857 1494 4910 Καὶ
1525 4859 1590 4928 δὴ
1625 4857 1844 4928 πρῶτον
1879 4859 1980 4926 μὲν

391 4959 520 5028 περὶ
543 4955 635 5009 τοῦ
677 4955 826 5006 θείου
887 4953 1068 5020 φαμὲν
1095 4950 1265 5003 οἴκου.
1305 4949 1462 5004 Ἐπεὶ
1503 4953 1608 5020 γὰρ
1640 4950 1874 5020 ὄργανον
1903 4951 1978 5002 ie-

392 5051 656 5120 ρουργίας
687 5045 814 5104 ναός
845 5061 904 5096 τε
932 5047 1026 5094 καὶ
1058 5043 1262 5112 ἱερεὺς,
1295 5044 1322 5094 6
1355 5041 1460 5112 μὲν
1510 5039 1832 5111 ἱερουργιῶν,
1861 5041 1888 5090 6
1915 5039 1974 5092 δὲ

387 5142 450 5194 τὺ
479 5141 868 5208 θυσιαστήριον
890 5135 1050 5204 ἔχων,
1084 5137 1178 5186 καὶ⁸
1235 5138 1364 5202 περὶ
1415 5134 1745 5202 ἀμφοτέρων
1798 5146 1972 5200 atpos-

391 5233 520 5304 ἧκόν
545 5235 696 5285 ἐστιν
753 5231 950 5281 εἰπεῖν.

769 5457 840 5526 γ’.
877 5455 943 5510 Τι
977 5455 1148 5508 ἐστιν
1188 5457 1220 5506 ό
1253 5425 1408 5518 (λεῖος
1447 5455 1615 5516 ναός.

471 5579 532 5632 ’0
563 5577 686 5638 ναὸς
715 5576 914 5636 τοίνυν,
945 5575 992 5624 εί
1021 5571 1118 5624 καὶ
1147 5571 1204 5636 ἐξ
1239 5567 1379 5620 ὑλῶν
1409 5565 1767 5636 συγκείμενός
1799 5567 1970 5629 ἐστιν,

389 5672 501 5728 ἀλλ’
525 5666 618 5724 οὖν
645 5667 1016 5737 ὑπερκόσμιον
1043 5662 1156 5732 ἔχει
1191 5641 1354 5731 χάβν
1374 5677 1389 5690 ·
1423 5659 1656 5712 τελεῖται
1683 5661 1790 5730 γὰρ
1806 5659 1967 5730 273

391 5765 518 5844 παρ’
533 5765 830 5842 ἀρχιερέως
847 5761 1034 5836 εὐχαῖς
1059 5759 1374 5827 μυστικαῖς,
1390 5755 1481 5810 καὶ
1501 5755 1628 5824 θείῳ
1649 5757 1860 5826 χρίεται
1885 5754 1984 5821 μύ-

2092 4519 2191 4558 usu
2229 4506 2390 4558 habet
2409 4513 2462 4558 et
2496 4505 2758 4570 celebrat,
2795 4523 2904 4560 non
2923 4509 3230 4578 expositum
3253 4510 3531 4581 relinquit,
3565 4529 3682 4566 om-

2089 4597 2351 4662 niumque
2385 4613 2508 4665 qua:
2539 4599 2594 4650 in
2621 4613 2684 4652 ea
2719 4601 2852 4654 liuut
2883 4603 3128 4656 rationes
3160 4603 3214 4656 in
3243 4605 3482 4658 medium
3507 4608 3681 4659 addu-

2087 4687 2160 4740 cit
2191 4701 2244 4742 et
2272 4691 2689 4760 interpretatur.
2719 4691 2798 4746 Ex
2833 4694 2920 4748 his
2952 4704 3006 4746 et
3031 4711 3096 4747 ex
3129 4697 3252 4750 aliis
3277 4697 3538 4755 Patribus
3591 4701 3675 4754 di-

2086 4783 2256 4834 cenda
2309 4784 2684 4852 decerpentes,
2711 4785 3082 4855 quodcunque
3116 4788 3186 4841 ab
3233 4793 3678 4850 antecessoribus

2090 4875 2292 4928 nosu-is
2319 4875 2634 4939 indit-intus,
2659 4877 2842 4929 divina
2867 4877 3061 4932 conﬁsi
3097 4880 3271 4948 gratia
3294 4882 3444 4934 vobis
3463 4885 3675 4935 eas-cri-

2086 4969 2282 5021 binius.
2321 4968 2560 5022 Primum
2588 4969 2752 5037 igitur
2785 4970 2853 5026 de
2879 4971 3058 5024 divina
3091 4974 3256 5025 domo
3285 4973 3516 5038 agimus.
3541 4973 3673 5028 Nam

2079 5073 2206 5110 eum
2269 5057 2528 5123 templum
2573 5071 2624 5112 et
2679 5061 2937 5114 sacerdos
2991 5061 3352 5114 instrumenta
3429 5063 3540 5116 sint
3589 5081 3678 5118 sa-

2082 5149 2288 5202 rrtlicio
2317 5150 2708 5214 desctvieutia,
2737 5151 2830 5204 ille
2881 5151 3102 5218 quidem
3169 5167 3522 5219 consecratis,
3571 5155 3676 5209 hoc

2083 5256 2232 5303 \ct‘O,
2285 5243 2456 5294 altare
2501 5245 2567 5295 ad
2628 5243 2678 5296 id
2720 5245 3028 5309 exhibens;
3077 5245 3142 5298 de
3189 5255 3423 5314 utroque
3491 5247 3674 5303 dicere

2081 5349 2506 5388 rensentnueunt
2533 5347 2638 5393 est.

2441 5453 2494 5508 5.
2527 5455 2656 5520 Qua:
2699 5457 2839 5508 sacri
2895 5457 3074 5526 templi
3135 5459 3296 5512 ratio.

2153 5569 2442 5638 Templum
2482 5585 2609 5638 ergo
2647 5569 2898 5640 quantivis
2932 5585 2997 5624 ex
3029 5571 3406 5627 materialibus
3451 5587 3672 5645 compa-

2082 5675 2228 5717 ctum
2261 5663 2356 5728 sit,
2393 5663 2612 5718 sublimi
2659 5673 2839 5718 tamen
2895 5665 3068 5736 gratia
3137 5665 3420 5733 prreditum
3472 5673 3558 5720 est
3595 5681 3612 5734 ;
3643 5680 3675 5720 ει

2097 5758 2355 5828 pontiﬁce
2411 5756 2554 5812 enim
2592 5753 2841 5830 mysticis
2880 5755 3292 5830 precationibus
3353 5753 3672 5826 dedicatur,
