4094 6194
391 273 490 336 703

1411 284 1828 350 EXPOSITIO
1875 289 1970 351 DE
2015 295 2286 354 DIVINO
2327 297 2658 364 'I‘EMI‘LO.

3543 306 3651 369 7M

389 384 526 451 πρὸς
553 384 762 449 σκότος.
793 387 854 441 Εἰ
887 388 943 442 δέ
981 407 1061 454 τις
1096 391 1460 466 ὲπιστραερείη
1525 397 1660 465 πρδς
1709 399 1770 450 τὸ
1827 399 1953 467 φῶςτ

2075 401 2178 454 fide
2212 405 2568 470 sentientem,
2641 407 2794 464 nefas
2849 421 2952 466 est.
2997 409 3150 466 Nulla
3210 413 3352 468 enim
3413 417 3652 472 societas

385 475 508 527 τότε
537 477 751 542 δεκτέος
773 484 886 544 τοῖς
921 485 1015 535 τοῦ
1046 487 1244 552 φωτός.
1280 489 1390 542 Καὶ
1425 492 1598 541 ταῦτα
1633 491 1730 558 μὲν
1757 495 1784 544 ὁ
1820 493 1964 554 θεῖος

384 581 450 618 τυ
465 570 550 620 ποῖ
581 571 729 636 ναὸς,
763 575 810 624 εἰ
842 575 934 625 καὶ
963 575 1044 628 ἔτι
1079 579 1249 630 πλείω
1277 583 1480 634 τούτων
1514 583 1628 636 ἔστι
1666 587 1810 637 νοεῖν
1855 590 1966 648 τοῖς

388 661 536 728 παρὰ
560 662 692 715 Θεοῦ
731 666 957 733 θεωρεῖν
987 671 1247 740 ἐσχηκόσι
1305 674 1557 743 δύναμιν.
1603 677 1661 728 Ὀ
1688 679 1743 731 δέ
1793 697 1854 745 γε
1889 680 1965 730 ἱε-

388 752 514 819 ρεὺς
545 758 972 824 προηγουμένως
1020 762 1120 822 μὲν
1161 765 1304 832 πανρᾶ
1347 770 1410 836 τῇ
1447 765 1564 836 θείᾳ
1611 768 1800 839 Γραφῇ
1863 771 1966 836 ἄγ-

383 841 544 906 γελος
580 846 788 915 Κυρίου
831 854 1274 924 παντοκράτορος
1306 857 1544 922 λέγεται,
1583 861 1676 913 καὶ
1737 859 1812 923 ὡς
1857 864 1964 914 τῶν

385 936 546 988 θείων
591 939 995 1008 ὲξαγγελτικὸς,
1053 948 1147 999 καὶ
1205 949 1280 1010 ὡς
1338 951 1444 1004 τῶν
1502 955 1826 1021 θελγςμάτων
1869 957 1962 1009 τοῦ

383 1024 521 1078 θεοῦ
549 1030 862 1102 πληρωτὴς.
927 1037 1086 1090 Ἀλλὰ
1143 1041 1236 1093 καὶ
1279 1042 1369 1094 τὸν
1437 1043 1644 1112 Ἰησοῦν
1685 1047 1962 1110 εἰκονίξεν

385 1119 484 1190 τὴν
514 1124 620 1189 γὰρ
650 1126 814 1179 αὑτοῦ
845 1131 911 1198 τῇ
959 1135 1260 1204 χειροτονίᾳ
1299 1137 1567 1208 κέκτηται
1605 1139 1854 1210 δύναμιν.

740 1389 844 1445 κθ¹.
879 1393 1020 1447 Τίνα
1045 1397 1230 1450 τυποῖ
1254 1401 1286 1452 d
1309 1402 1640 1474 ἀρχιερεύς.

455 1477 566 1531 Καὶ
597 1480 704 1547 πρό
729 1496 792 1547 γε
821 1483 1014 1536 τούτου
1050 1487 1254 1552 μᾶλλον
1281 1493 1309 1544 ὀ
1345 1495 1632 1568 ίεράρχης,
1668 1501 1726 1564 ὃς
1753 1507 1845 1558 καὶ
1872 1507 1963 1560 ἐπὶ

387 1569 487 1662 τῇς
511 1572 784 1642 καθέδρας
817 1578 1088 1645 καθῆσθαι
1118 1585 1392 1653 γράφεται
1423 1589 1516 1642 τοῦ
1559 1591 1821 1662 Χριστοῦ,
1868 1599 1964 1652 καὶ

383 1659 482 1730 τὴν
505 1662 758 1726 ἐξουσίαν
782 1669 948 1722 αὐτοῦ
981 1675 1226 1728 πλουτῶν
1247 1678 1384 1748 ἔχει,
1410 1659 1630 1752 δεσμεῖν
1675 1690 1768 1740 καὶ
1813 1689 1961 1742 λύειν

381 1755 450 1854 τῇ
482 1753 576 1806 τοῦ
607 1757 744 1811 Θεοῦ
797 1761 1097 1831 δυνάμενος
1151 1768 1356 1838 χάριτι.
1431 1773 1493 1826 Ὀ
1536 1777 1644 1848 γὰρ
1700 1781 1960 1854 ίεράρχης

381 1845 481 1938 τῆς
516 1847 627 1938 τῶν
673 1852 992 1909 ἀποστόλων
1031 1861 1295 1930 τυγχάνει
1337 1845 1837 1938 διαδοχῆς-Ὅθεν*

379 1935 456 2036 ὡς
480 1937 570 2036 τὸν
595 1940 828 2009 Χριστὸν
847 1947 1148 2019 εἰκονίζων,
1189 1954 1249 2006 ὲν
1273 1955 1351 2026 τῷ
1379 1935 1598 2027 μέλλειν
1625 1962 1956 2036 ἱερουργεῖν,

379 2027 448 2080 τὰ
490 2029 610 2100 ἱερὰ
635 2035 1028 2104 περιϐάλλεται
1052 2041 1258 2112 ἅμφια,
1295 2052 1576 2117 σημασίαν
1602 2027 1792 2121 ἔχοντα
1825 2027 1960 2107 πάνίι

379 2135 450 2172 τα
473 2121 570 2174 καὶ
615 2123 848 2196 θεωρίαν
893 2137 1302 2206 πνευματικήν.
1363 2141 1496 2210 Περὶ
1540 2137 1616 2197 ὧν
1660 2147 1756 2198 καὶ
1818 2147 1960 2200 κατὰ

377 2213 612 2284 δύναμιν
639 2218 892 2289 λέγομεν.
929 2225 1144 2294 Μικρὸν
1173 2228 1230 2282 δὲ
1270 2231 1482 2287 ἄνωθεν
1515 2236 1900 2309 θεωρήσωμεν.

379 2422 442 2476 λ’.
479 2426 642 2491 Τίνες
663 2429 722 2480 αἱ
747 2427 950 2496 τάξεις
971 2431 1188 2559 τῶνέέν
1216 2436 1296 2502 τῷ
1324 2438 1555 2508 βήματι
1579 2459 1957 2512 χειροτονου-

1056 2524 1094 2559 ιι
1131 2523 1270 2559 νων.

1052 2523 1270 2574 μενων.

454 2587 578 2642 Τῶν
601 2593 660 2644 ὲν
687 2595 763 2664 τῷ
802 2597 1008 2666 βήματι
1039 2613 1536 2680 χειροτονουμένων
1569 2616 1648 2676 είς
1677 2621 1824 2685 τρεῖς
1859 2621 1954 2674 τά-

375 2683 490 2745 εεις
547 2684 962 2758 διαιρουμένων,
1019 2697 1346 2764 ἐπισκόπου,
1407 2683 1780 2780 πρεσϐυτέρου
1861 2716 1956 2766 καὶ

374 2774 650 2840 διακένου,
674 2782 884 2836 καὶτοῦ
929 2785 1028 2854 μὲν
1067 2794 1398 2855 φωτιστικοΰ
1443 2797 1760 2868 λεγομένου,
1787 2804 1954 2874 δηλα-

375 2863 442 2932 ὂὴ
476 2868 570 2920 τοῦ
599 2872 921 2942 ἀρχιερέως,
949 2880 1042 2930 καὶ
1072 2883 1422 2947 μεταδοτικοῦ
1469 2891 1578 2942 τῶν
1628 2893 1788 2948 θείων
1844 2898 1952 2966 φώ-

379 2977 510 3014 των.
544 2963 752 3029 Πάντες
780 2969 888 3038 γὰρ
919 2971 1260 3040 λαμϐάνουσι
1291 2981 1359 3032 δι’
1399 2981 1586 3050 αὐτοῦ,
1617 2993 1952 3056 χειροτονίας

2075 496 2210 548 lueis
2247 497 2312 549 ad
2347 499 2620 554 tenebras.
2684 500 2738 556 Si
2776 504 2902 570 quis
2947 515 3125 560 autem
3167 505 3234 561 ad
3284 508 3458 563 lucem
3517 525 3654 564 cou-

2072 607 2268 646 versus
2343 592 2548 655 fuerit,
2598 602 2713 648 tum
2749 595 2835 650 his
2885 597 2982 666 qui
3034 599 3175 655 lucis
3207 611 3357 668 sunt,
3392 614 3653 672 acceptus

2069 684 2193 737 crit.
2217 683 2282 737 Et:
2305 686 2418 739 hate
2445 687 2664 754 quidem
2687 688 2935 742 divinum
2969 693 3226 762 templum
3255 705 3310 748 ut
3341 698 3390 748 in
3415 701 3646 766 quadam

2068 777 2238 840 eltigie
2291 779 2445 832 nobis
2513 781 2776 847 exhibet;
2837 785 3048 838 tametsi
3116 787 3267 854 plura
3334 789 3457 844 licet
3523 791 3652 845 hinc

2069 864 2174 920 illis
2208 868 2657 950 intelligere,_qui
2695 876 3078 931 considerandi
3117 879 3424 935 facultatem
3483 884 3653 950 majo—

2067 972 2180 1010 rem
2233 975 2260 1012 a
2306 959 2419 1014 Deo
2478 945 2826 1033 acceperunt.
2858 967 3126 1024 Sacerdos
3167 972 3437 1040 praecipue
3469 973 3522 1025 in
3556 989 3650 1026 sae

2066 1051 2178 1104 cris
2207 1052 2402 1108 litteris
2422 1059 2648 1126 angelus
2671 1057 2882 1112 Domini
2903 1062 3297 1130 omnipotentis
3321 1065 3646 1132 appellatur,

2067 1153 2125 1196 ut
2167 1146 2257 1214 qui
2288 1147 2464 1200 divina
2499 1161 2761 1216 prmrepta
2788 1155 3074 1209 anuuntiet
3104 1163 3156 1208 et
3179 1156 3420 1209 divinam
3451 1159 3648 1210 volun--

2066 1245 2227 1290 tatem
2255 1237 2493 1304 impleat.
2514 1241 2652 1306 Quin
2673 1251 2723 1295 et
2745 1241 2928 1298 Jesum
2958 1256 3332 1314 repraesentat;
3358 1248 3476 1317 ejus
3496 1251 3640 1304 enim

2065 1337 2388 1398 potestatem
2437 1347 2535 1401 per
2563 1339 3030 1390 consperationem
3068 1347 3150 1392 est
3181 1341 3435 1410 adeptus.

2272 1423 2360 1478 29.
2397 1423 2529 1488 Quis
2583 1429 2956 1498 prm/igurelnr
3018 1432 3082 1486 ab
3136 1437 3395 1502 episcopo.

2137 1511 2200 1563 Et
2246 1514 2478 1582 amplius
2529 1532 2638 1582 pra:
2692 1521 2976 1574 sacerdote
3039 1523 3304 1590 pontifex,
3359 1528 3447 1593 qui
3501 1527 3643 1580 etin

2064 1605 2320 1658 cathedra
2399 1604 2602 1662 Christi
2674 1609 2869 1664 sedere
2937 1613 3158 1676 dicitur,
3223 1625 3276 1669 et
3357 1619 3643 1684 potestatis

1995 1735 2035 1792 Β
2063 1694 2183 1762 ejus
2212 1697 2426 1763 copiam
2477 1699 2706 1765 obtinet,
2740 1712 2798 1755 ut
2857 1699 2950 1757 Dei
3010 1705 3184 1774 gratia
3249 1707 3418 1774 ligare
3447 1719 3500 1763 et
3532 1711 3643 1762 sol-

2064 1801 2192 1842 vere
2241 1791 2436 1857 possit.
2465 1789 2714 1847 Pontifex
2775 1795 2920 1849 enim
2979 1799 3355 1866 apostolorum
3385 1809 3468 1856 est
3517 1817 3642 1856 suc-

2062 1895 2266 1936 cessor.
2306 1882 2466 1938 Unde
2519 1885 2684 1940 etiam
2735 1895 2995 1957 tanquam
3045 1889 3248 1946 Christi
3307 1891 3486 1964 imago
3527 1909 3638 1948 rem

2061 1973 2304 2030 divinam
2359 1976 2606 2031 facturus
2669 1995 2826 2036 sacra
2887 1983 3214 2038 vestimenta
3263 1985 3461 2052 induit,
3521 2003 3642 2055 qua;

2060 2067 2244 2120 omnia
2299 2067 2752 2135 significationem
2795 2071 3411 2145 considerationemque
3469 2077 3640 2146 spiri-

2061 2158 2261 2212 tualem
2354 2161 2833 2230 complectuntur:
2891 2164 2962 2220 de
3031 2167 3234 2235 quibus
3313 2186 3411 2239 pro
3491 2169 3636 2223 virili

2060 2259 2252 2305 nostra
2340 2253 2610 2309 dicemus.
2690 2253 2862 2310 Paulo
2948 2267 3131 2313 autem
3209 2262 3460 2329 superius
3549 2277 3639 2317 res

2060 2343 2239 2398 oumis
2290 2357 2321 2398 a
2353 2344 2516 2400 nobis
2553 2348 3016 2416 contemplatione
3071 2331 3400 2408 resumenda
3461 2361 3567 2408 est.

2060 2455 2150 2512 50.
2178 2455 2414 2522 Quinam
2441 2460 2548 2513 sint
2577 2461 2788 2516 ordines
2817 2465 2910 2531 qui
2943 2465 2996 2517 in
3029 2463 3231 2521 bemate
3257 2467 3362 2521 sive
3393 2463 3634 2522 sacrario

2665 2533 3006 2589 ordinantur.

2131 2621 2449 2677 Distributis
2483 2623 2536 2677 in
2580 2631 2694 2678 tres
2726 2623 2936 2680 classes
2985 2625 3052 2680 iis
3099 2628 3190 2696 qui
3265 2628 3406 2681 intra
3443 2641 3633 2680 sacra-

2057 2715 2198 2770 rium
2255 2715 2605 2782 ordinantur,
2637 2718 2915 2788 episcopo,
2960 2721 3270 2786 sacerdote,
3296 2730 3349 2775 et
3383 2721 3635 2782 diacono,

2057 2803 2250 2858 horum
2329 2809 2619 2874 episcopus
2695 2809 2896 2862 dicitur
2971 2809 3392 2870 illuminativus,
3446 2819 3636 2876 utpote

2057 2897 2148 2965 qui
2217 2897 2562 2964 impertiendi
2617 2901 2840 2954 luminis
2891 2901 3220 2956 auctoritate
3281 2902 3464 2969 pollet.
3501 2901 3632 2956 0m-

2055 3002 2152 3042 nes
2181 2989 2326 3042 enim
2367 3005 2464 3054 per
2507 3007 2630 3045 eum
2670 2993 2950 3061 accipiunt
2982 2993 3192 3046 ordinis
3233 2992 3634 3059 characterem,

383 3053 485 3123 μὲν
512 3057 603 3109 καὶ
637 3053 938 3128 σφραγῖδας
967 3067 1132 3134 ἱερεῖς
1161 3087 1218 3122 τε
1277 3075 1369 3127 καὶ
1427 3077 1650 3146 κλῆρος,
1692 3083 1953 3152 καθιερώ-

2061 3081 2178 3136 sive
2210 3083 2548 3148 sacerdotes,
2580 3085 2696 3140 sive
2761 3087 2974 3146 clerici,
3019 3085 3087 3139 ab
3142 3100 3206 3140 eo
3261 3085 3636 3140 dedicationes

377 3161 496 3207 σεις
525 3164 583 3199 τε
619 3153 753 3217 ναοὶ,
777 3155 1062 3224 βάπτισμα
1083 3160 1138 3212 δὲ
1165 3164 1258 3216 καὶ
1286 3164 1482 3233 ἄφεσιν
1513 3171 1606 3222 καὶ
1637 3172 1936 3242 ἁγιασμδν,

379 3242 697 3309 μυστηρίων
742 3262 799 3297 τε
853 3253 1138 3305 κοξνωνίαν
1174 3255 1223 3306 οἱ
1255 3253 1453 3324 λαῖκοῖ,
1488 3260 1524 3314 ἃ.
1552 3264 1730 3318 πάντα.
1776 3265 1852 3330 ὡς
1895 3270 1957 3322 ἐκ

379 3331 564 3399 ’πηγῆς
593 3335 772 3400 φωτὸς
799 3339 900 3408 τῆς
930 3342 1299 3416 ἐπισκοπικῆς
1354 3351 1463 3404 εἰσι
1495 3353 1739 3423 χάριτος.

797 3537 899 3596 λα’.
932 3543 994 3597 Tl
1032 3545 1098 3600 τὸ
1120 3552 1492 3610 τελεστικόν.

445 3777 552 3832 Τοῦ
615 3784 992 3856 πρεσϐυτέρου
1033 3789 1090 3842 δὲ
1143 3792 1442 3864 λεγομένου
1495 3799 1828 3866 τελεστικοῢ,
1874 3805 1950 3868 ὡς

369 3870 536 3941 χάριν
564 3872 780 3944 ἔχοντος
812 3877 978 3947 μόνον
1008 3886 1328 3958 τελεστικὴν
1359 3890 1440 3951 είς
1489 3893 1587 3954 τὰς
1613 3893 1854 3960 τελετὰς,
1885 3897 1947 3949 οὐ

373 3961 482 4054 μὴν
512 3966 896 4041 μεταδοτικήν.
927 3973 1188 4040 Βτπτίζει
1227 3977 1338 4047 γὰρ
1392 3983 1485 4034 καὶ
1535 3983 1830 4054 ίερουργεῖ,
1885 3987 1946 4039 οὐ

363 4053 668 4147 δύναταιδὲ
705 4069 1060 4132 χειροτονεῖν,
1091 4069 1202 4122 οὐδ’
1255 4071 1418 4124 ἄλλον
1461 4053 1706 4146 ἐνεργεῖν
1767 4078 1940 4147 ἱερέα,

364 4144 402 4215 ἢ
433 4145 544 4202 τῶν
571 4151 687 4205 ὅσοι
716 4151 926 4220 τάξεως
962 4160 1284 4231 μετέχουσιν
1342 4163 1515 4234 ἱερᾶς.

788 4447 887 4518 λβ’.
933 4447 1000 4504 Τί
1019 4450 1086 4503 τὸ
1113 4455 1546 4522 λειτουργικόν.

437 4534 546 4590 Τοῦ
575 4537 827 4594 διακόνου
855 4540 914 4593 δὲ
946 4541 1320 4612 λειτουργικοῦ
1355 4547 1669 4616 λεγομένου,
1693 4551 1769 4618 ὡς
1801 4554 1946 4627 ὑπη-

366 4631 525 4696 ρέτου
579 4633 734 4698 τάξιν
783 4635 1092 4705 ἐπέχοντος,
1143 4639 1236 4692 καὶ
1302 4641 1376 4710 μὴ
1439 4641 1740 4714 δυναμένου
1779 4651 1948 4719 χωρὶς

365 4723 562 4792 ἱερέως
594 4741 644 4778 τι
669 4727 956 4794 πράττειν,
995 4729 1022 4780 ὃ
1066 4729 1130 4800 δὴ
1189 4731 1291 4798 τῆς
1352 4733 1589 4804 ἐσχάτης
1643 4738 1946 4812 ἀγγελικῆς

361 4817 482 4868 ὲστι
509 4817 738 4882 τάξεως,
773 4819 1006 4884 ἕκαστος
1029 4823 1211 4875 αὐτῶν
1241 4827 1303 4877 ἐκ
1337 4827 1446 4878 τῶν
1510 4830 1678 4898 τριῶν
1737 4833 1944 4888 τούτων

361 4908 596 4972 τάξεων,
651 4911 932 4978 ἀναλόγως
987 4916 1052 4984 τῇ
1107 4915 1284 4982 τάξει,
1343 4919 1682 4989 περιτίθεται
1727 4927 1822 4978 καὶ
1852 4927 1947 4980 ,τὰ

361 5002 564 5071 ἀμφ-ια.
604 5003 714 5056 Καὶ
742 5005 907 5076 276
935 5006 1178 5071 διάκονος
1213 5009 1334 5078 μὲν,
1369 5011 1470 5064 ὅσα
1502 5012 1602 5082 τὴν
1647 5016 1945 5090 ἀγγελικὴν

359 5099 526 5149 τυποῖ
557 5097 748 5162 τάξιν·
789 5099 1163 5170 πρεσϐύτερος
1195 5101 1248 5153 δὲ
1277 5105 1368 5156 καὶ
1407 5105 1582 5158 ταῦτα
1625 5107 1746 5176 μὲν,
1797 5110 1946 5162 artat-

360 5185 532 5257 δήπερ
559 5189 652 5240 καὶ
679 5187 855 5242 τὸτοῦ
889 5190 1138 5244 διακόνου
1175 5195 1426 5262 χάρισμα
1460 5196 1726 5266 πρότερον
1761 5198 1942 5264 ἔλαϐε,

361 5281 454 5332 καὶ
482 5281 552 5332 τὰ
581 5281 678 5345 τῆς
701 5281 1024 5349 τελεστικῆς
1057 5282 1113 5335 δὲ
1154 5286 1396 5354 χάριτος,
1433 5289 1499 5356 ἣν
1546 5287 1607 5340 τὸ
1642 5291 1945 5360 ἐπιτραχή-

359 5369 472 5423 λιον
501 5373 744 5440 φανεροί.
785 5371 846 5423 ’0
895 5373 1156 5442 ίεράρχης
1189 5374 1268 5440 δὲ,
1329 5376 1422 5426 καὶ
1488 5377 1681 5440 ταῦτα,
1731 5379 1824 5431 καὶ
1865 5378 1942 5432 ἔτι

359 5461 418 5512 τὸ
442 5459 776 5530 ὠμοφόριον,
808 5461 836 5514 ὃ
867 5463 1169 5533 ποιίστησι
1222 5467 1644 5533 σεσαρκωμένον
1699 5469 1792 5521 τὸν
1846 5469 1942 5522 τοῦ

369 5553 496 5608 θεοῦ
535 5555 680 5609 Υἱόν.
715 5555 808 5609 Διδ
847 5557 942 5608 καὶ
990 5557 1090 5626 τὴν
1124 5557 1324 5626 στολὴν
1359 5559 1459 5627 τὴν
1503 5562 1656 5630 ἱερὰν
1685 5563 1942 5633 ἐνδυόμε-

375 5651 484 5702 νος.
511 5649 780 5719 πρότερον
814 5649 875 5703 τὸ
909 5649 1191 5720 στιχάριον
1242 5651 1653 5722 περιϐάλλεται.

1329 5376 1422 5426 καὶ

393 5879 428 5900 κ

2064 3176 2393 3244 templorum
2437 3176 2592 3234 fiunt,
2630 3192 2694 3231 ex
2727 3193 2791 3232 ro
2843 3179 3174 3246 baptisutus,
3238 3179 3631 3242 sanctificatio,

2061 3277 2406 3334 peccatorum
2463 3267 2740 3332 remissio,
2776 3279 3246 3323 sacramentorum
3287 3269 3637 3340 participatio

2060 3359 2113 3411 in
2171 3358 2336 3412 laicos
2393 3374 2586 3412 omnes
2655 3367 2916 3428 tanquam
2997 3377 3027 3416 a
3089 3361 3257 3416 fontis
3321 3361 3530 3417 lumine
3602 3377 3632 3417 a

2057 3453 2231 3520 gratia
2270 3453 2564 3521 episcopali
2597 3453 2838 3523 profluit.

2054 3563 2144 3617 5L
2173 3564 2394 3636 Ορίιιδίι
2432 3584 2618 3618 munus
2647 3569 2936 3636 presbyteri
2963 3569 3202 3630 telestici,
3240 3571 3331 3636 qui
3364 3569 3636 3632 baptizare

2123 3645 2168 3686 et
2197 3633 2596 3688 Euclmristiam
2647 3633 2966 3690 eonsécrare
3007 3633 3315 3706 potesnsed
3381 3641 3633 3694 ordinare

2125 3719 2228 3755 non
2257 3712 2448 3772 potest.

2125 3813 2420 3884 Presbyter
2465 3822 2645 3866 autem
2702 3815 2902 3869 dicitur
2959 3815 3284 3883 initiativus,
3316 3826 3504 3886 utpote
3543 3817 3630 3888 qui

2053 3904 2225 3958 solum
2263 3903 2396 3957 alios
2442 3904 2688 3958 initiandi
2753 3907 2981 3972 gratiam
3023 3907 3186 3962 habet
3225 3909 3277 3961 in
3311 3909 3485 3963 sacris
3518 3925 3636 3979 my-

2051 3997 2238 4052 steriis
2295 4011 2458 4050 :uon
2523 4005 2706 4050 tamen
2787 4001 2926 4054 hanc
3007 4001 3332 4054 initiativam
3399 4000 3634 4072 gratiam

2047 4089 2170 4145 aliis
2252 4088 2624 4142 communicat
2659 4099 2711 4145 et
2769 4091 3104 4159 impertitur.
3177 4092 3428 4162 Baptizat
3488 4094 3632 4147 enim

2045 4194 2099 4236 et
2165 4193 2504 4250 consecrat;
2566 4197 2674 4238 non
2735 4193 2914 4238 tamen
2973 4195 3151 4254 potest
3232 4187 3368 4241 alios
3417 4187 3636 4240 initiare

2045 4273 2360 4336 ordinibus,
2441 4289 2546 4329 nec
2625 4275 2792 4331 alium
2870 4291 3058 4332 creare
3113 4282 3475 4343 sacerdotem,
3539 4286 3637 4334 aut

2043 4381 2432 4436 quemcunque
2489 4367 2652 4423 alium
2686 4367 2778 4439 qni
2804 4363 3016 4424 ordinis
3053 4370 3198 4424 sacri
3230 4370 3302 4426 sit
3335 4371 3630 4440 particeps.

2227 4457 2318 4514 5‘2.
2353 4458 2495 4524 Quid
2527 4460 2828 4531 liturgicum
2861 4478 3051 4516 ntunus
3096 4461 3150 4516 in
3193 4463 3438 4518 diatono.

2121 4549 2399 4606 Diac0uus
2454 4562 2638 4607 arentem
2689 4553 3128 4610 ministratorius
3189 4555 3412 4619 dicitur,
3447 4556 3634 4624 utqui

2051 4643 2288 4697 ministri
2337 4643 2516 4698 locum
2557 4655 2758 4709 teneat,
2789 4653 2842 4700 et
2878 4647 3016 4700 citra
3076 4647 3418 4701 sacerdotem
3456 4646 3636 4702 facere

2055 4734 2190 4788 nihil
2239 4738 2446 4804 possit:
2496 4736 2644 4804 quod
2673 4745 2822 4790 certe
2853 4745 2940 4792 est
2992 4736 3166 4790 ultimi
3215 4737 3428 4792 ordinis
3461 4753 3630 4806 ange-

2053 4823 2162 4878 lici.
2230 4823 2475 4892 Quisque
2528 4826 2721 4878 horum
2779 4825 2943 4880 trium
2994 4827 3246 4880 ordinum
3311 4843 3407 4897 pro
3466 4829 3632 4882 ratio-

2049 4930 2118 4968 ne
2168 4914 2252 4968 sui
2312 4924 2488 4970 status
2542 4924 2724 4968 vestes
2799 4915 2998 4970 induit.
3073 4917 3343 4971 Diaconos
3407 4917 3628 4986 quidem

2047 5021 2170 5074 quae
2205 5006 2512 5077 angelicum
2549 5007 2797 5060 ordinem
2875 5006 3139 5064 referunt.
3193 5008 3485 5078 Presbyter
3517 5010 3632 5064 hate

2047 5097 2236 5149 eadem
2285 5095 2468 5160 habet,
2500 5097 2946 5166 quandoquidem
3002 5099 3275 5153 charisma
3345 5100 3461 5154 sive
3509 5115 3632 5168 gra-

2049 5188 2178 5242 tiam
2237 5188 2391 5257 prius
2455 5188 2702 5256 accepit;
2763 5196 2818 5242 et
2893 5189 3090 5244 deinde
3161 5190 3488 5244 iuitiativam
3544 5191 3628 5246 vel

2047 5280 2497 5335 sanctificativam
2575 5279 2807 5349 adeptus
2841 5290 2946 5346 est,
2994 5298 3156 5352 quam
3209 5283 3427 5352 quidem
3506 5285 3628 5354 ejus

2047 5375 2183 5430 stola
2234 5375 2463 5430 indicat.
2545 5375 2798 5431 Pontifex
2891 5387 3072 5433 autem
3126 5381 3346 5447 haec,“
3401 5381 3631 5452 insuper

2047 5467 2151 5521 alia
2210 5473 2550 5531 ornamenta,
2614 5469 2864 5524 videlicet
2895 5471 3146 5540 pallium.
3193 5473 3445 5541 assumit,
3481 5475 3628 5544 quod

2047 5556 2386 5611 ineat-natum
2471 5559 2560 5612 Dei
2635 5557 2834 5614 Filium
2923 5562 3385 5621 considerationis
3464 5567 3628 5622 oculo

2050 5650 2292 5704 exhibet.
2327 5649 2510 5706 Sacris
2536 5665 2666 5722 ergo
2713 5655 2962 5711 vestibus
3004 5657 3132 5713 dum
3174 5657 3442 5726 induitur,
3473 5658 3628 5730 prius

2045 5743 2230 5797 tunica
2279 5742 2552 5800 amicitur.
3165 5747 3176 5760 '
