4094 6194
391 293 508 375 717

1431 313 1848 388 EXPOSITIO
1891 315 1990 388 DE
2031 321 2302 396 DIVINO
2339 331 2666 404 TEMPID.

3547 335 3655 402 718

389 427 456 480 λυ
465 443 606 496 μμα,
623 429 716 482 καὶ
733 425 882 484 ἄλλοι
897 430 954 484 δὲ
975 431 1212 486 πλεῖστοι
1231 435 1371 486 κατά
1393 436 1694 506 παράδοσιν
1707 439 1740 492 ἀ
1749 439 1960 508 ρχαίαν.

2071 447 2159 500 alii
2228 453 2617 520 quamplurimi
2685 467 2748 509 ex
2811 445 2978 507 veteri
3061 451 3393 514 traditione;
3465 457 3658 518 operto

391 519 492 571 οὐκ
526 519 741 586 εὖαγῶς
775 523 1060 590 ποιοῦσιν;
1095 525 1174 578 06
1207 522 1365 580 τοῦτό
1400 545 1578 599 φημι,
1619 531 1838 584 κάκεῖνο
1876 531 1976 600 μὲν

389 610 502 679 γὰρ
535 613 736 680 ἀρχαία
769 615 908 682 πρὸς
937 616 1060 678 τοὺς
1096 618 1450 687 ἐνεργοῦντας
1485 623 1804 690 παράδοσις,
1841 624 1976 678 ἀλλὰ

392 704 737 774 νομικωτέρα
783 707 990 772 μᾶλλον
1015 723 1032 740 ⁶
1077 709 1238 777 ἔφερε
1274 711 1384 780 γὰρ
1420 715 1514 766 καὶ
1549 717 1577 767 ὁ
1615 717 1837 786 νομικὸς
1878 718 1974 788 ἁρ-

389 797 610 863 χιερεὺς
639 798 731 850 ἐπὶ
759 798 861 866 τῆς
891 800 1136 868 κεφαλῆς
1169 803 1384 873 κίδαριν
1404 844 1418 866 ,
1449 805 1518 875 ἢν
1549 805 1612 875 δὴ
1646 807 1740 860 καὶ
1774 808 1974 876 μίτραν

389 887 693 954 ὠνόμαζον,
741 889 886 942 καθά
927 889 989 959 δὴ
1036 893 1132 945 καὶ¹
1176 895 1224 946 οἱ
1271 896 1677 963 περιτιθέμενοι
1719 899 1974 968 ίεράρχαι

391 976 552 1030 τοῦτο
586 979 805 1046 φιλοῦσι
838 981 1043 1038 καλεῖν.
1077 985 1238 1048 Ἴσως
1273 987 1557 1055 ἐξομοιοῦν
1588 989 1810 1058 ἔχουσιν
1839 991 1974 1044 αὐτὸ

393 1071 486 1123 καὶ
521 1071 600 1141 τῷ
635 1071 730 1124 τοῦ
765 1075 1040 1127 Δεσπότου.
1073 1078 1350 1150 ἀκανθίνῳ
1389 1083 1659 1148 στεφάνῳ,
1769 1085 1861 1136 καὶ
1895 1084 1972 1153 τῷ

271 1187 296 1198 -
399 1163 668 1234 σονδαρὶῳ
693 1165 767 1232 τῷ
791 1166 882 1218 ἐπὶ
903 1169 1000 1233 τῆς
1021 1169 1184 1221 αὐτοῦ
1207 1172 1469 1240 κεφαλῆς.
1493 1173 1633 1225 Ἀλλ’
1653 1174 1803 1242 ὅμως
1825 1177 1972 1229 ἐπει-

391 1254 566 1324 δήπερ
611 1255 961 1311 ἀποτίθενται
1003 1259 1158 1312 τοῦτο
1197 1261 1294 1312 καὶ
1333 1255 1482 1314 οὗτοι
1519 1265 1600 1326 εἰς
1639 1265 1970 1332 ἀναγκαίους

389 1348 485 1410 τῆς
523 1349 834 1417 ἱερουργίας
867 1353 1112 1420 καιροὺς,
1148 1358 1516 1426 μαρτυροῦσιν
1564 1355 1640 1420 ὡς
1671 1359 1969 1426 ἀναγκαιοε

389 1436 528 1505 τέρα
558 1437 591 1507 ἡ
620 1439 714 1491 τοῦ
750 1441 1021 1510 μακαρίου
1057 1445 1358 1514 παράδοσις
1389 1446 1623 1502 Παύλου.
1657 1449 1724 1502 Ἥ
1753 1449 1965 1519 γάρέί-

387 1523 500 1578 κὼν
539 1527 634 1580 τοῦ
678 1531 969 1584 ἀκανθίνου
1014 1535 1277 1602 στεφάνου
1346 1537 1434 1593 διά
1475 1541 1573 1608 τῆς
1616 1543 1818 1612 κουρᾶς
1859 1545 1966 1598 τῶν

386 1620 590 1687 τριχῶν
628 1622 686 1673 ἐν
723 1625 788 1692 τῇ
837 1625 1046 1693 κεφαλῇ
1094 1625 1201 1678 τῶν
1247 1629 1562 1698 ἱερωμένων
1606 1632 1964 1696 έκτυποῦται,

387 1710 484 1778 τῆς
527 1712 678 1781 ἱερᾶς
719 1716 1016 1783 σφραγῖδος
1057 1719 1472 1792 ἐνεργουμένης.
1518 1723 1690 1777 Τοῦτο
1728 1725 1784 1778 δὲ
1830 1726 1964 1796 μᾶλ-

384 1803 477 1857 λον
523 1806 574 1857 0i
604 1805 714 1858 τῶν
746 1809 997 1878 μοναχῶν
1031 1810 1315 1880 Ξερωμένοι
1345 1814 1566 1884 δηλοῦσι
1597 1819 1956 1887 σαφέστερον,

382 1895 460 1957 ὥς
487 1897 750 1967 στέφανον
775 1900 990 1970 ἔχοντες
1017 1905 1106 1956 ἐπὶ
1134 1905 1378 1975 κεφαλῆς
1407 1909 1750 1978 κεκαρμένον
1769 1927 1785 1943 ·
1813 1909 1842 1962 δ
1867 1910 1962 1962 καὶ

383 1987 465 2039 ἐτι
511 1988 664 2058 δηλοί
707 1991 800 2044 τδν
843 1993 1108 2064 στέφανον
1149 1999 1244 2067 τῆς
1295 1999 1600 2066 παρθενίας
1644 2001 1843 2056 αὐτῶν.
1887 1984 1960 2054 Τδ

379 2079 439 2132 δέ
458 2097 520 2147 γε
557 2085 836 2155 σουδάριον
888 2089 948 2140 τὸ
977 2089 1192 2158 είλητὸν
1223 2091 1499 2156 είκονίζει.
1535 2094 1634 2146 Διά
1663 2093 1820 2150 τοῦτο
1851 2097 1960 2165 γὰρ

383 2173 478 2224 καὶ
498 2173 792 2230 εἱλίσσεται
821 2179 918 2232 καὶ
941 2180 1156 2248 είλητδν
1176 2181 1319 2236 οὕτω
1343 2182 1607 2238 καλεῖται.
1639 2185 1962 2252 ’Δναγκαιό-

385 2279 544 2330 τερον
575 2265 682 2334 ἄρα
717 2266 775 2316 τὸ
809 2267 1278 2337 άπερικαλύπτως
1312 2271 1717 2343 προσεύχεσθαι
1751 2276 1848 2326 καὶ
1885 2276 1960 2328 is-

389 2359 644 2425 ρουργεῖν
665 2399 679 2421 ,
713 2360 804 2411 καὶ
841 2359 914 2429 μὴ
945 2361 1246 2433 ἀμελητέον
1276 2363 1468 2418 τούτου
1488 2404 1502 2430 ,
1539 2369 1632 2420 Kal.
1667 2366 1872 2434 μᾶλλον
1903 2368 1962 2419 ὲν

381 2450 496 2511 τοῖς
528 2451 848 2519 ἀναγκαίοις
880 2455 1114 2524 καιροῖς.

385 2657 502 2718 μςκ
552 2651 612 2706 Tl
652 2655 718 2708 τό
759 2659 1073 2714 κατελθεῖν
1111 2661 1178 2714 ἐκ
1223 2661 1327 2716 τοῦ
1365 2655 1688 2718 στασιδίου
1729 2664 1838 2718 τὸν
1878 2657 1960 2720 ἴε-

459 2807 464 2812 ,
767 2733 774 2740 ’
1036 2729 1296 2799 ράρχην·

461 2815 522 2868 Ὀ
569 2817 666 2882 μὲν
710 2816 804 2871 οὖν
841 2821 1104 2891 ῐερὰρχης
1145 2824 1200 2874 ἐν
1244 2823 1324 2894 τῷ
1372 2825 1586 2894 μέλλειν
1627 2827 1955 2900 ἱερουργεῖν,

379 2905 662 2958 κατελθὼν
701 2909 794 2961 τοῦ
839 2910 1053 2976 θρόνου,
1095 2914 1154 2965 έν
1189 2906 1234 2982 ᾧ
1277 2917 1634 2984 παρίσταται.
1677 2918 1778 2990 τὴν
1822 2921 1958 2991 πρὸς

381 2993 528 3062 ἡμᾶς
555 2995 647 3048 τοῦ
674 2997 808 3050 Θεοῦ
840 3000 1012 3067 Λόγου
1040 3001 1192 3070 δηλοῖ
1218 3007 1650 3072 συγκατάϐασιψ.

550 3086 658 3154 μζ.
705 3089 770 3142 Tl
802 3091 868 3144 τὸ
907 3091 1228 3148 ἐνδύεσθαι
1268 3095 1339 3148 τὰ
1379 3097 1786 3166 ἀρχιερατικὰ.

465 3179 816 3250 Ἐνδυόμενος
858 3183 914 3236 δὲ
951 3184 1050 3254 τὴν
1091 3186 1244 3253 ἱερὰν
1287 3189 1504 3260 στολὴν,
1539 3193 1639 3262 τὴν
1682 3193 1958 3262 παναγίαν

339 3339 350 3348 .
382 3271 552 3326 αὑτοῦ
585 3277 840 3343 σημαίνει
875 3281 1175 3347 σάρκωσιν.

387 3391 499 3455 μηθ.
541 3385 604 3439 Τί
635 3385 702 3438 τὸ
734 3389 1129 3468 κατέρχεσθαι
1161 3393 1309 3468 πρὸς
1339 3395 1576 3466 δυσμὰς
1604 3401 1688 3466 εις
1715 3403 1822 3468 τὰς
1851 3403 1956 3458 τοῦ

962 3461 1116 3514 ναοῦ
1151 3465 1372 3530 πύλας.
1391 3489 1400 3498 α

451 3546 874 3618 Κατερχόμενος
909 3540 966 3604 δὲ
1003 3551 1132 3621 ἄχρι
1165 3555 1261 3606 καὶ
1292 3555 1402 3609 τῶν
1435 3559 1529 3610 τοῦ
1565 3561 1694 3614 ναοῦ
1729 3560 1916 3617 πυλῶν
1940 3607 1954 3627 .

323 3647 330 3654 ·
379 3635 478 3708 τὴν
506 3639 601 3691 ἐπὶ
635 3640 738 3708 γῆς
771 3641 936 3695 αὐτοῦ
969 3643 1120 3712 δηλοῖ
1150 3647 1456 3712 παρουσίαν
1484 3665 1543 3701 τε
1580 3651 1676 3704 καὶ
1706 3655 1957 3724 φανέρω-

381 3746 492 3790 σιν,
521 3731 614 3783 καὶ
642 3730 742 3798 τὴν
769 3732 932 3801 μέχρι
963 3733 1198 3789 θανάτου
1229 3739 1321 3790 καὶ
1349 3739 1478 3808 ᾅδου
1507 3739 1754 3797 κάθοδον.
1783 3745 1958 3799 Τοῦτο

379 3823 488 3891 γὰρ
517 3822 673 3892 δηλοί
699 3825 762 3876 τδ
791 3825 930 3894 πρὸς
961 3828 1172 3898 δυσμὰς
1202 3831 1368 3901 279
1396 3833 1636 3899 ἀπιέναι,
1667 3837 1764 3888 καὶ
1797 3839 1956 3907 μέχρι

377 3912 488 3964 τῶν
520 3913 706 3966 πυλῶν
737 3917 1043 3972 κατελθεῖν·
1063 3915 1188 3988 ’Τῆς
1225 3923 1376 3992 ίερᾶς
1406 3924 1462 3977 δὲ
1496 3925 1811 3998 ἀρξαμένης
1845 3929 1957 3981 λει-

373 4003 667 4074 τουργίας,
702 4007 796 4060 τοῦ
830 4007 1132 4080 ἀρχιερέως
1165 4011 1256 4065 τὸν
1292 4015 1484 4084 καιρὸν
1532 4017 1858 4082 δεδωκότος·
1893 4021 1954 4074 οὐ

377 4095 486 4160 γὰρ
523 4095 748 4150 δυνατὸν
781 4099 951 4168 χωρὶς
992 4103 1158 4156 αὐτοῦ
1194 4121 1244 4155 τι
1285 4107 1690 4176 διενιργετσθαι
1715 4127 1732 4145 ο
1767 4113 1814 4165 oi
1860 4113 1957 4180 μὲν

378 4186 540 4248 ἱερεῖς
581 4186 730 4264 ἔνδον
769 4189 984 4256 λέγουσι
1024 4193 1120 4256 τὰς
1158 4195 1356 4265 εὐχάς,
1395 4199 1494 4262 τὰς
1538 4201 1825 4272 οὐρανίους
1865 4222 1954 4258 τυ-

376 4275 608 4340 ποῦντες
633 4277 834 4344 τάξεις.

377 4391 488 4460 μθ’.
529 4393 692 4445 Διατί
730 4395 960 4462 ψαλμοὶ
1012 4395 1162 4464 ὁμοῦ
1205 4397 1302 4452 καὶ
1334 4395 1445 4466 τῆς
1472 4399 1716 4470 χάριτος
1748 4401 1950 4472 ὕμνοι.

446 4548 664 4600 Ψάλται
697 4547 750 4601 δὲ
783 4548 1048 4617 ψάλλουσι
1092 4552 1158 4603 τά
1208 4552 1532 4620 ἀντίφωνα,
1587 4555 1696 4608 τῶν
1744 4573 1954 4630 προφη-

375 4640 486 4691 τῶν
535 4638 910 4702 ἐκτυποῦντες
947 4641 1038 4693 τὸν
1086 4642 1268 4711 χορόν.
1322 4645 1433 4698 Καὶ
1485 4646 1663 4702 ταῦτα
1718 4653 1955 4719 τρισσῶς

375 4731 674 4798 διαιροῦσι,
733 4729 832 4800 τὴν
889 4733 1100 4802 Τριάδα
1167 4735 1480 4801 τιμῶντες,
1540 4740 1796 4809 ψαλμικά
1855 4745 1955 4812 μὲν

377 4825 738 4892 προλέγοντες
770 4865 784 4882 ,
823 4825 1188 4889 συνάπτοντες
1223 4827 1281 4880 δὲ
1315 4828 1410 4882 καὶ
1468 4833 1532 4883 έκ
1583 4833 1683 4901 τῆς
1730 4836 1955 4904 χάριτος

379 4913 602 4983 ῦμνους.
634 4915 744 4968 Καὶ
773 4915 860 4968 διὰ
901 4915 1000 4984 μὲν
1051 4919 1160 4970 τῶν
1185 4917 1480 4988 ψαλμικῶν
1537 4932 1946 4998 προκηρυχθετ·

377 5023 480 5058 σαν
517 5006 616 5059 καὶ
645 5009 758 5070 τοῖς
797 5009 1047 5068 παλαιοῖς
1083 5013 1514 5080 καταγγέλλουσι
1569 5017 1666 5088 τὴν
1693 5021 1791 5074 τοῦ
1818 5023 1954 5078 Θεοῦ

376 5097 552 5162 Λόγου
588 5097 886 5164 σάρκωσιν,
914 5093 1004 5152 διά
1044 5099 1102 5152 δὲ
1137 5101 1242 5153 τῶν
1295 5105 1578 5174 ὲφυμνίων
1643 5111 1814 5180 αὐτὴν
1849 5133 1955 5170 πα-

378 5189 606 5256 ριστῶσι
635 5189 734 5259 τὴν
765 5189 928 5260 χάριν
959 5193 1362 5265 τετελεσμένην
1385 5239 1398 5262 ,
1436 5200 1657 5258 καὶτὸν
1685 5205 1783 5258 τοῦ
1815 5205 1952 5265 Θεοῦ

377 5279 504 5331 Υἱδν
539 5279 891 5349 σαρκωθέντα
937 5301 994 5336 τε
1055 5286 1152 5339 καὶ
1210 5289 1390 5342 πάντα
1425 5291 1566 5361 ὑπὲρ
1596 5294 1756 5364 ήμῶν
1797 5299 1952 5370 ἐνερ-

375 5371 644 5440 γήσαντα.

482 5469 527 5510 ν’
563 5466 718 5518 ,Ὅτι
755 5467 993 5534 πρῶτον
1023 5471 1333 5538 καλοῦμεν
1376 5474 1494 5541 τὴν
1527 5479 1842 5534 Θεοτόκον.

451 5553 544 5604 Διὸ
571 5556 666 5606 καὶ
691 5559 934 5626 ’πρῶτον
971 5561 1070 5628 μὲν
1104 5563 1204 5626 τὴν
1235 5565 1426 5616 τοῦτον
1479 5567 1829 5634 παρθενικῶς
1865 5587 1951 5622 τε·

381 5643 580 5696 κοῦσαν
623 5647 919 5716 τιμῶντες,
956 5651 1059 5718 τὴν
1107 5653 1250 5722 ὑπὲρ
1299 5655 1458 5722 ἡμῶν
1499 5658 1683 5725 αὐτῆς
1736 5661 1950 5716 αἰτοῦσι

379 5739 678 5806 μεσιτείαν.
712 5741 792 5794 Δι’
821 5742 993 5812 αὐτῆς
1025 5745 1133 5814 γὰρ
1170 5745 1390 5815 πρώτης
1436 5747 1528 5802 καὶ
1573 5749 1744 5820 μόνης
1781 5755 1949 5805 σεσώ-

1983 4485 2030 4544 D

2075 543 2256 612 capite
2295 547 2483 602 .sacris
2524 555 2839 618 operantes,
2925 563 3029 602 non
3073 549 3176 601 rite
3227 561 3290 600 ac
3327 555 3515 598 sancte
3571 543 3656 595 fa-

2077 635 2252 689 ciunt.
2312 636 2460 691 lstud
2515 649 2621 692 non
2695 640 2838 694 dico.
2877 640 2933 693 ld
2965 639 3009 694 si
3043 637 3262 708 quidem
3293 637 3454 690 etiam
3507 633 3652 704 apud

2074 739 2168 778 eos
2231 719 2322 796 qui
2373 739 2662 795 usurpant,
2705 731 2928 798 antiqua
2989 723 3214 782 traditio
3275 735 3378 792 est,
3463 739 3651 780 verum

2075 835 2198 888 qua:
2257 835 2284 872 a
2355 821 2514 876 nobis
2570 823 2718 875 velut
2791 823 2983 888 legalis
3035 830 3374 898 recensetur,
3428 819 3651 888 quando

2040 899 2129 960 'et
2203 909 2339 977 legis
2418 911 2677 966 sacerdos
2745 911 3012 974 cidarim,
3076 925 3238 979 quam
3303 919 3350 964 el
3429 909 3650 962 mitram

2073 1003 2389 1065 voeahant,
2457 1004 2512 1056 in
2567 1004 2748 1070 capite
2795 1005 3039 1070 gerebat.
3109 1003 3229 1068 Quo
3299 1002 3494 1056 eodem
3549 1017 3651 1055 no-

2073 1095 2224 1148 mine
2282 1096 2565 1163 pontiiices
2626 1112 2719 1148 cas
2789 1075 3140 1162 gestantem!
3183 1095 3457 1164 appellare
3518 1109 3650 1148 con-

2073 1193 2395 1242 sueverunt.
2450 1177 2660 1242 Forsan
2700 1195 2752 1241 et
2781 1186 3070 1258 adaequare
3146 1205 3263 1242 eam
3337 1205 3394 1242 se
3463 1187 3650 1242 dicent

2069 1285 2124 1332 et
2187 1278 2394 1332 Domini
2459 1282 2662 1348 spinea!
2725 1291 2984 1344 coronat.

2072 1369 2170 1424 fuit
2243 1386 2410 1440 super
2484 1381 2646 1442 caput
2723 1375 2860 1445 ejus.
2927 1373 3312 1428 Verumtamen
3395 1387 3519 1425 cum
3597 1377 3652 1424 et

2071 1460 2124 1515 hi
2191 1477 2312 1516 eam
2365 1465 2542 1531 ipsam
2585 1467 2910 1530 congruenti
2969 1465 3226 1519 sacriﬁcii
3269 1470 3518 1531 tempore
3553 1462 3650 1515 de-

2067 1561 2317 1623 ponant;
2380 1557 2526 1612 beati
2599 1555 2754 1611 Pauli
2838 1557 3188 1612 traditionem
3273 1557 3456 1625 potius
3536 1569 3651 1607 ser-

2067 1644 2301 1697 vandam
2373 1644 2475 1698 hoc
2549 1645 2668 1714 ipso
2735 1643 3124 1699 testificantur.
3191 1645 3422 1700 Corona»
3497 1643 3642 1696 enim

2068 1729 2269 1802 spinete
2295 1735 2499 1802 imago,
2535 1751 2630 1805 per
2652 1746 2936 1790 tonsuram
2981 1737 3361 1790 ordinaturum
3393 1743 3526 1789 utet
3555 1747 3653 1802 p~r

2069 1825 2306 1892 sigillum
2337 1842 2554 1882 sacrum
2589 1827 3004 1897 praefiguntur;
3039 1821 3183 1896 quod
3229 1826 3478 1880 monachi
3512 1841 3652 1893 prm-

2069 1918 2226 1987 cipue
2254 1917 2490 1972 ordinati
2539 1935 2638 1989 per
2669 1920 3012 1974 coronariam
3067 1927 3354 1972 tonsuram
3383 1917 3646 1976 indicant.

2069 2005 2174 2062 Sed
2239 2007 2602 2076 virginitatem
2646 2021 2866 2078 quoque
2913 2007 3102 2063 eadem
3138 2005 3408 2079 signiﬁcat
3435 2010 3486 2061 in
3543 2007 3647 2062 veli

2070 2099 2288 2154 modum
2304 2100 2578 2170 adaptata.
2604 2099 2740 2156 llinc
2757 2101 3059 2156 necessitas
3080 2101 3236 2156 nobis
3258 2101 3434 2154 oritur
3453 2107 3648 2168 aperto

2070 2191 2248 2262 capite
2273 2189 2467 2249 diebus
2502 2193 2726 2248 statutis
2773 2193 3031 2263 precandi
3097 2201 3154 2246 et
3195 2207 3354 2248 sacra
3387 2191 3649 2247 faciendi.

2062 2651 2150 2716 λθ.
2209 2659 2344 2726 Quia
2395 2653 2656 2732 significet
2736 2655 2874 2730 quod
2939 2675 3004 2714 ea:
3065 2647 3316 2713 cathedra
3373 2649 3644 2710 descendit

2711 2735 3003 2798 episcopus.

2137 2823 2380 2880 Pontifex
2417 2825 2603 2894 igitur,
2646 2838 2799 2879 sacra
2857 2823 3131 2882 facturus,
3189 2819 3254 2873 de
3313 2819 3512 2872 throno
3579 2818 3633 2871 in

2059 2933 2168 2987 quo
2192 2924 2418 2986 apparet
2441 2915 2800 2980 descendens,
2833 2914 2927 2970 Dei
2967 2912 3129 2968 Verbi
3163 2909 3228 2964 ad
3261 2925 3362 2964 nos
3431 2911 3640 2964 conde.

2058 3010 2400 3072 SCensionem
2431 3009 2640 3078 figurat.
3715 3007 3718 3010 ‘

2163 3101 2253 3155 47.
2307 3100 2466 3165 Quid.
2515 3099 2654 3170 quod
2701 3101 2869 3154 sacris
2913 3101 3234 3155 vestimentis
3267 3098 3526 3153 induitur.

2131 3193 2354 3248 lndutus
2380 3200 2560 3247 autem
2595 3206 2808 3247 sacram
2867 3193 3088 3260 stolam,
3129 3189 3488 3247 sacratissimi
3519 3191 3638 3257 ejus

2061 3287 2496 3342 incarnationem
2525 3285 2824 3356 signiﬁcat.
2887 3303 2890 3306 ·

2073 3399 2161 3457 ιε.
2219 3401 2358 3468 Quid
2416 3401 2554 3472 quod
2607 3401 2676 3454 ad
2729 3401 3051 3457 occidentem
3105 3409 3286 3470 portas
3344 3398 3643 3468 ingreditur

2731 3473 2936 3541 templi.

2131 3559 2196 3617 Et
2262 3563 2329 3618 ad
2389 3573 2574 3634 portas
2635 3564 2797 3618 etiam
2860 3564 3047 3632 templi
3115 3577 3290 3633 usque
3356 3561 3638 3630 gradiens.

2059 3653 2304 3722 ejusdem
2375 3655 2428 3708 in
2505 3655 2668 3709 terris
2718 3655 3068 3723 praesentiam
3127 3662 3186 3708 et
3245 3652 3642 3706 manifestatio-

2061 3755 2184 3799 nem
2239 3753 2292 3800 et
2362 3745 2428 3799 ad
2480 3755 2712 3798 mortem
2765 3745 2940 3810 usque
2995 3753 3048 3798 et
3103 3743 3342 3797 inferum
3403 3743 3636 3797 (lescen-

2059 3849 2178 3890 sum
2230 3835 2396 3888 animi
2460 3835 2634 3888 oculis
2701 3833 2922 3902 ingerit.
2953 3833 3068 3888 Hoc
3115 3835 3262 3888 enim
3331 3832 3434 3886 sibi
3487 3832 3640 3890 vult.

2059 3927 2204 3995 quod
2231 3941 2519 3980 occcasum
2545 3941 2762 3986 versus.
2791 3934 2844 3980 et
2875 3925 2940 3979 ad
2969 3936 3159 3992 portas
3190 3941 3367 3994 usque
3385 3927 3638 3978 deorsum

2059 4017 2320 4086 procedit.
2351 4017 2520 4072 Sacra
2555 4032 2684 4070 vero
2713 4015 2882 4070 missa
2919 4015 3196 4080 inchoata,
3239 4031 3362 4070 cum
3395 4015 3646 4084 pontifex

2059 4108 2276 4176 signum
2309 4109 2544 4172 dederit,
2575 4121 2682 4161 non
2701 4107 2846 4162 enim
2870 4114 3046 4194 potest
3069 4107 3194 4176 quis
3219 4107 3336 4162 sine
3355 4106 3474 4176 ejus
3499 4115 3638 4160 nutu

2057 4200 2352 4268 quidquam
2375 4200 2576 4263 moliri;
2598 4199 2912 4254 sacerdotes
2935 4200 3152 4267 quidem
3179 4199 3328 4253 intus
3355 4201 3638 4254 oralioms

2058 4290 2448 4360 aggrediuntur
2496 4291 2798 4345 caelestium
2829 4290 3086 4344 ordinum
3119 4299 3306 4360 typum
3359 4301 3633 4360 gerentes.

2064 4401 2153 4458 49.
2190 4403 2373 4476 Quare
2425 4403 2585 4476 sintnl
2627 4406 2974 4476 continuatur
3003 4405 3192 4468 psalmi
3241 4415 3286 4456 et
3338 4405 3520 4476 hymni
3572 4409 3636 4462 de

2317 4473 2432 4526 ‘Det'
2485 4476 2536 4526 in
2569 4490 2662 4528 nos
2695 4489 2785 4541 per
2831 4473 3100 4527 Christum
3150 4477 3350 4545 gratia.

2130 4565 2396 4620 Cantores
2451 4575 2582 4620 Vero
2637 4564 2930 4634 antiphona
2982 4567 3354 4628 modulantur,
3402 4568 3639 4636 propine-

2057 4667 2236 4712 tarum
2269 4659 2498 4712 chorum
2535 4659 2854 4727 ﬂgurantes,
2895 4658 3272 4727 trifariamque
3303 4659 3390 4712 illa
3445 4661 3638 4715 distri-

2057 4749 2249 4808 buunt.
2307 4759 2362 4803 et
2423 4763 2486 4802 ea
2555 4763 2674 4815 utne
2735 4763 2804 4802 ex
2861 4750 3089 4816 psalmis
3136 4748 3422 4816 desumpta
3482 4763 3631 4812 sunt.

2057 4842 2356 4908 prmcinunt
2389 4858 2402 4892 :
2445 4851 2555 4894 tum
2587 4854 2714 4893 vero
2747 4841 3049 4909 adjnngunt
3079 4841 3332 4911 hymnos.
3361 4843 3452 4909 qui
3507 4859 3636 4912 gra-

2057 4933 2526 4994 tite,suavitatem‘
2562 4933 2799 5001 sapiunt.
2835 4932 2903 4986 Et
2939 4932 3220 5001 psalmicis
3257 4933 3476 5002 quidem
3527 4935 3635 4987 iliis

2059 5023 2476 5092 prtenuntiatam
2492 5022 2754 5090 antiquis.
2771 5023 2968 5090 quibus
2991 5037 3050 5075 re
3067 5039 3193 5076 vera
3208 5024 3629 5092 prmdicehatur,

2056 5114 2148 5168 Dei
2200 5113 2362 5166 Verbi
2405 5114 2838 5166 Incarnationem
2889 5113 3224 5182 significant.
3280 5113 3382 5169 Per
3435 5132 3627 5170 versus

2061 5219 2191 5258 vero
2226 5205 2675 5272 resumptionem,
2707 5205 2881 5276 ipsam
2920 5205 3148 5273 gratiam
3189 5215 3246 5258 ut
3279 5189 3632 5261 c5nsumma-

2054 5304 2162 5348 tam
2205 5303 2260 5347 et
2303 5295 2644 5348 incarnatum
2691 5293 2782 5347 Dei
2831 5293 3029 5349 Filium
3082 5305 3278 5352 cuncta
3328 5313 3430 5367 pro
3474 5299 3634 5355 nobis

2053 5395 2368 5456 operantem
2405 5395 2815 5456 repraesentant.
3001 5463 3004 5466 .

2195 5477 2282 5532 50.
2321 5477 2471 5542 Quod
2510 5479 2740 5545 primum
2788 5478 3118 5548 appellamus
3179 5481 3487 5551 Deiparam.

2123 5568 2524 5640 Proptereaque
2585 5571 2760 5640 primo
2815 5588 2934 5627 eam
2965 5589 3088 5636 quae
3123 5575 3272 5629 illum
3305 5578 3630 5647 incorrupta

2053 5661 2368 5730 virginitate
2391 5665 2600 5730 peperit
2625 5665 2891 5729 venerati,
2929 5665 3075 5721 illius
3109 5681 3208 5736 per
3257 5681 3422 5738 quam
3454 5671 3628 5724 solam

2059 5769 2120 5809 ac
2160 5755 2390 5824 primam
2425 5755 2616 5812 saivati
2669 5773 2878 5827 sumus,
2933 5773 3031 5831 pro
3067 5761 3226 5818 nobis
3274 5762 3628 5820 intercessio-

3055 1289 3148 1334 aut
3214 1279 3440 1334 sudario
3501 1279 3648 1347 quod
3735 1319 3738 1322 .
