4094 6194
379 337 484 402 725

1410 324 1827 400 EXPOSITiO
1873 339 1972 400 DE
2017 339 2290 403 DIVINO
2331 339 2664 401 TEMPLO‘.

3545 337 3658 400 736'

381 463 444 513 ὲκ
487 456 580 512 τοῦ
613 455 844 524 οὐρανοῦ
880 457 1006 526 περὶ
1036 455 1181 525 ἡμᾶς
1215 455 1367 526 δηλοί
1401 455 1496 509 τοῦ
1529 457 1784 527 Σωτῆρος
1815 457 1958 526 πρό-ς

2064 457 2362 512 rlictionem
2391 455 2696 511 Salvatoris
2730 453 3007 510 cmlestem
3035 455 3206 510 nobis.
3244 455 3510 524 impertit,
3557 454 3652 524 qui

381 569 531 605 παν
560 550 655 602 καὶ
716 549 1070 619 κηδεμονίαν,
1129 551 1214 602 ὅτι
1267 549 1364 602 καὶ
1406 549 1670 614 ἀνελθὼν,
1719 549 1876 620 ήμῶν
1907 550 1968 602 οὐ

379 645 738 715 κεχώρισται.
785 645 874 695 Διὸ
904 645 1000 696 καὶ
1041 644 1100 695 ὲν
1121 645 1188 714 τῇ
1220 642 1362 712 ὑπὲρ
1393 641 1502 696 τῶν
1539 641 1808 712 βασιλέων
1833 643 1968 712 εὐχῇ

383 735 702 806 σφριγίζων
751 736 890 804 μετὰ
937 736 997 788 τὸ
1039 734 1378 803 Εὐαγγέλιον
1429 733 1509 801 τῷ
1569 733 1844 803 τρικηρίῳ
1877 733 1969 784 τὸν

381 829 529 897 λαὸν,
563 828 622 880 τὸ
669 827 936 894 συστῆναι
991 827 1090 896 τὴν
1146 826 1348 895 εὐσεϐῆ
1415 824 1696 895 βασιλείαν
1753 823 1842 876 διὰ.
1870 823 1967 892 τῆς

380 920 544 972 αὐτοῦ
599 919 904 988 ἱερωσύνης
959 918 1188 972 καὶτοῦ
1259 918 1592 986 Εὑαγγελίου
1643 916 1964 969 ὲνδείκνυτι.

379 1014 489 1065 Καὶ
523 1013 723 1074 ταύτας
775 1011 996 1079 εὔχεται
1062 1013 1246 1081 μένειν
1298 1013 1386 1066 διὰ
1441 1012 1543 1079 τῆς
1599 1008 1822 1080 χάριτος
1867 1007 1968 1073 τῆς

381 1103 632 1173 ’Ξ’ριάδος.
683 1105 836 1158 Ἐπεὶ
889 1103 992 1154 καὶ
1039 1103 1350 1173 μεθ’ἡμῶν
1395 1098 1538 1155 εἶναι
1568 1101 1730 1162 αὐτὸς
1789 1101 1967 1166 ἐπηγ-

381 1194 620 1260 γείλατο.
667 1195 828 1246 Ἀλλὰ
854 1196 950 1246 καὶ
985 1195 1046 1246 τὸ
1081 1193 1390 1263 καταϐῆναι
1423 1195 1489 1263 τῇ
1534 1192 1700 1244 αὐτοῦ
1733 1191 1962 1258 δευτέρᾳ

381 1288 656 1356 παρουσίᾳ
689 1287 852 1338 πάλιν
875 1286 1038 1340 αὐτὸν
1074 1287 1208 1356 πρὸς
1235 1288 1384 1354 ἡμᾶς
1437 1285 1598 1338 τοῦτο
1663 1283 1958 1352 μαρτυρεῖ.

2075 551 2200 604 licet
2228 551 2348 603 loco
2395 559 2680 620 separatus
2718 565 2744 600 a
2782 548 2966 614 nobis,
3005 557 3246 604 remotus
3285 563 3394 602 non
3456 559 3558 610 est.
3601 553 3656 599 et

2077 656 2172 706 pro
2235 641 2658 710 imperatoribus
2709 640 2878 695 Deum
2939 641 3085 694 clare
3141 655 3362 710 rogans,
3423 655 3486 694 ac
3533 652 3658 708 post

2077 733 2431 792 Evangelium
2487 734 2711 802 tricipiti
2750 749 2910 788 cereo
2961 735 3221 803 populum
3255 735 3500 800 signans,
3559 747 3657 802 per

2080 823 2434 891 Evangelium
2469 825 2958 894 piumimperium,
3001 833 3052 876 et
3113 823 3480 877 sacerdotium
3528 839 3658 874 cnn-

2081 915 2330 968 sti3utum
2361 916 2621 980 ostendit,
2653 927 2816 982 atque
2849 925 2906 968 ut.
2937 918 3006 967 ita
3041 931 3137 983 per
3156 915 3384 983 gratiam
3419 912 3657 966 Trinita-

2077 1007 2148 1062 tis
2179 1017 2552 1074 permaneant,
2583 1017 2860 1076 precatur.
2893 1006 3175 1077 Siquidem
3214 1008 3328 1076 ipse
3384 1009 3657 1060 ιεείειιιιι-

2073 1098 2206 1150 tiam
2245 1100 2402 1154 nobis
2430 1115 2584 1154 suam
2621 1101 2896 1170 promisit,
2924 1101 3036 1154 imo
3077 1116 3172 1169 per
3211 1098 3514 1154 secundum
3563 1099 3657 1148 ad-

2071 1202 2292 1244 ventum
2349 1193 2602 1248 aﬂirmat.
2662 1193 2834 1264 Magis
2858 1209 2988 1248 vero
3023 1210 3308 1250 sacrorum
3362 1207 3656 1246 munerum

2073 1282 2392 1340 distributio
2425 1286 2670 1355 pontiﬁci
2695 1298 2748 1342 et
2783 1287 2988 1343 sanctis
3031 1287 3192 1342 facta.

385 1381 450 1434 Ὃ
477 1381 571 1433 καὶ
602 1379 984 1448 φανερώτερον
1011 1383 1254 1451 παριστᾷ
1305 1382 1338 1451 ἡ
1385 1379 1495 1432 τῶν
1548 1378 1722 1445 ἁγίων
1751 1375 1944 1444 δώρων
1989 1371 2202 1439 ἔνδοξος
2239 1379 2471 1442 εἴσοδος.
2525 1381 2814 1436 Δείκνυται
2869 1383 2976 1452 γὰρ
3027 1381 3190 1440 τοῦτο
3264 1384 3360 1437 καὶ
3405 1380 3495 1433 διὰ
3562 1378 3658 1431 τοῦ

379 1473 704 1544 ἀρχιερέως,
739 1475 832 1525 καὶ
865 1473 962 1526 διὰ.
984 1476 1082 1544 τῆς
1109 1472 1220 1528 τῶν
1261 1477 1432 1540 ἁγίων
1491 1476 1725 1530 εἰσόδου.

379 1588 476 1660 οβ’.
517 1590 576 1643 Τί
605 1590 672 1643 τὸ
700 1589 1062 1656 προσελθεῖν
1110 1589 1212 1654 τῷ,
1250 1591 1684 1658 θυσιαστηρίῳ,
1737 1586 1834 1644 καὶ
1866 1585 1965 1640 εὕο

805 1667 1020 1728 χεσθαι
1079 1661 1187 1713 τὸν
1228 1660 1535 1728 ἀρχιερέα.

454 1753 545 1820 Τῷ
602 1753 980 1822 θυσιαστηρίῳ
1007 1751 1067 1803 δὲ
1112 1750 1452 1821 προσελθὼν,
1485 1751 1579 1803 τοῦ
1608 1749 1770 1820 ἔργου
1801 1749 1968 1816 ἄρχεο

372 1863 469 1898 ται
539 1845 647 1896 τῶν
706 1843 902 1912 εὐχῶν,
945 1843 1162 1903 δεικνὺς
1219 1841 1408 1895 ἑαυτὸν
1456 1843 1736 1912 ὑπηρέτην
1803 1836 1966 1908 282

377 1938 472 1990 τοῦ
513 1937 838 2006 μυστηρίου.
1085 1943 1088 1946 ’

375 2037 478 2098 (ιγ’.
541 2030 603 2082 Τί
661 2029 727 2080 τὸ
780 2029 926 2092 τοὺς
981 2026 1476 2097 κατηχουμένους
1533 2023 1962 2078 ἐκϐάλλεσθαι.

449 2122 864 2196 Κατηχούμενοι
911 2123 967 2175 δὲ
1021 2121 1184 2185 εὐθὺς
1239 2118 1592 2179 ἀπολύονται,
1630 2117 1726 2172 καὶ
1766 2117 1816 2169 οἱ
1869 2132 1962 2168 πι-

379 2216 498 2268 στοὶ
549 2217 734 2285 μένειν
767 2212 1262 2282 παρακελεύονται.
1319 2211 1472 2264 Ἐπεὶ
1517 2211 1544 2262 ὀ
1577 2209 1770 2278 καιρὸς
1804 2201 1960 2269 οὗτος

375 2307 468 2358 τὸν
529 2308 624 2374 τῆς
676 2305 992 2369 συντελείας
1029 2305 1181 2373 δηλοῖ
1227 2303 1450 2372 καιρόν.
1494 2320 1514 2354 ι
1549 2300 1706 2354 Μετὰ
1757 2300 1868 2369 γὰρ
1899 2297 1960 2350 τὸ

379 2397 750 2468 κηρυχθῆναι,
778 2397 940 2466 φησὶ,
969 2396 1028 2448 τὸ
1049 2395 1384 2463 Εὑαγγέλιον
1417 2396 1473 2446 ὲν
1535 2393 1642 2462 ὅλῳ
1703 2392 1781 2462 τῷ
1840 2391 1967 2446 κόσ-

379 2507 490 2559 μῳ,
543 2490 664 2546 τότε
710 2489 832 2559 ἥξει
882 2491 944 2541 τδ
1015 2488 1189 2562 τέλος.
1255 2487 1410 2540 Ἐπεὶ
1453 2486 1496 2538 δ’
1547 2487 1608 2538 ἐν
1667 2484 1746 2554 τῷ
1820 2486 1966 2537 τέλει

377 2579 707 2642 ἀποστελεῖ,
764 2579 924 2646 φησὶ,
987 2575 1116 2640 τοὺς
1147 2576 1412 2645 ᾁγγέλους
1477 2573 1667 2638 αὐτοῦ,
1715 2574 1810 2628 καὶ
1853 2573 1966 2626 δια-

379 2670 678 2740 χωρίσουσι
711 2671 838 2734 τοὺς
881 2669 1163 2739 πονηροὺς
1207 2669 1316 2721 ἀπό
1359 2668 1468 2720 τῶν
1503 2667 1749 2730 δικαίων,
1790 2684 1808 2716 ι
1837 2664 1967 2718 τοῦ-

373 2779 436 2816 το
491 2765 582 2815 καὶ
633 2765 666 2832 ἡ
725 2763 1021 2834 Ἐκκλησία
1089 2763 1268 2824 ποιεῖ,
1328 2761 1426 2813 καὶ
1485 2760 1582 2831 βοᾷ
1636 2759 1736 2829 μὲν
1809 2757 1965 2827 ἐξέρ-

373 2855 570 2924 χεσθαι
601 2855 727 2918 τοὺς
781 2855 1250 2925 κατηχουμένους,
1315 2854 1496 2923 μένειν
1523 2853 1580 2904 δὲ
1608 2853 1802 2922 μόνους
1836 2851 1962 2912 τοὺς

373 2927 623 3009 πιστούς.
664 2946 830 3001 Ὅθεν
891 2949 990 3002 καὶ
1051 2947 1193 2998 νοεῖν
1254 2945 1472 3012 ἔξεστιν
1504 2984 1518 3008 ,
1560 2945 1765 3013 ὁπόσην
1818 2942 1962 3012 ἔχειν

371 3039 681 3108 ὀφείλουσιν
713 3040 763 3092 οἱ
797 3040 978 3092 πιστοὶ
1009 3038 1284 3110 προσοχὴν
1337 3037 1467 3107 περὶ⁸
1501 3035 1594 3088 τοῦ
1651 3037 1724 3106 μὴ
1761 3051 1958 3088 κοινω-

375 3135 487 3188 νεῖν
516 3134 627 3196 τοῖς
659 3131 1082 3200 ἀκοινωνήτοις,
1115 3131 1213 3183 καὶ
1259 3127 1498 3198 μάλιστα
1546 3128 1656 3179 τῶν
1701 3119 1878 3180 ἄλλων
1909 3126 1958 3177 οί

375 3221 564 3293 ἱερεῖς.
619 3223 681 3274 Et
737 3223 848 3292 γὰρ
898 3221 974 3292 μὴ
1015 3220 1332 3290 προσευχῆς
1391 3223 1724 3291 κοινωνῆσαι
1775 3220 1954 3290 θέμις,

374 3315 558 3386 πολλῷ
597 3313 798 3386 μᾶλλον
831 3313 1046 3377 θυσίας.
1635 3349 1644 3356 .

371 3431 468 3486 06'.
499 3429 633 3502 Πῶς
664 3429 761 3485 δεῖ
783 3429 908 3496 τοῖς
959 3429 1172 3502 δώροις
1207 3431 1326 3502 καὶ,
1347 3431 1500 3498 ὑπὲρ
1541 3429 1722 3483 τίνων
1769 3443 1958 3498 προα-

929 3499 1135 3570 φέρειν
1159 3501 1432 3570 μερίδας.

447 3593 510 3647 Οἳ
549 3594 644 3646 καὶ
678 3592 787 3646 τῶν
821 3593 1106 3663 προδήλως
1147 3591 1573 3664 ἁμαρτανόντων
1619 3591 1828 3645 πιστῶν
1859 3593 1958 3655 τὰς

371 3687 716 3757 προσφορὰς,
747 3687 918 3741 ἕνεκα
950 3685 1165 3750 Θυσίας,
1195 3685 1298 3739 οὐκ
1327 3685 1639 3754 ὀφείλουσιν
1685 3684 1759 3748 ὠς
1799 3684 1955 3754 ἔτυχε

370 3779 648 3848 δέχεσθαι,
705 3777 845 3832 ἀλλὰ
880 3778 1146 3849 πρότερον
1203 3777 1304 3847 τὴν
1354 3778 1643 3847 μετάνοιαν
1683 3777 1952 3847 ὲκζητείν.

369 3869 644 3924 Κοινωνία
708 3870 818 3938 γὰρ
874 3871 1090 3938 γίνεται
1147 3871 1212 3938 τῇ
1273 3869 1702 3940 προσφερομένῃ
1749 3868 1953 3938 μερίδι,

371 3962 468 4015 καὶ
526 3965 587 4014 οὗ
632 3963 738 4036 χρὴ
783 3964 909 4028 τοὺς
955 3963 1186 4028 ἀναξίως
1213 3962 1435 4033 ἔχοντας
1489 3965 1589 4034 τῆς
1619 3964 1811 4026 θυσίας
1841 3980 1957 4016 κοι-

369 4056 582 4108 νωνεῖν.
616 4051 748 4110 Οἶδα
771 4056 829 4108 δὲ
873 4055 956 4108 ὅτι
987 4056 1084 4108 καὶ
1119 4054 1354 4108 ἐνταῦθα
1390 4055 1756 4126 φιλονεικοῦσι
1785 4073 1954 4120 τινες,

369 4145 490 4209 πῶς
531 4145 762 4215 λέγομεν
811 4146 1134 4218 ἐξέρχεσθαι
1187 4145 1318 4209 τοὺς
1373 4148 1844 4218 κατηχουμένους,
1878 4147 1955 4219 μὴ

365 4235 539 4292 ὄντων
573 4237 1048 4307 κατηχουμένων;
1091 4237 1181 4301 Ὠς
1229 4233 1322 4291 οὖν
1372 4238 1468 4292 καὶ
1513 4239 1570 4290 ὲν
1627 4241 1738 4300 τοῖς
1773 4238 1956 4301 ἄλλοις

367 4327 708 4395 πλανῶνται,
748 4328 826 4398 μὴ
876 4329 1080 4393 ειδότες
1111 4329 1212 4392 τὰς
1247 4329 1470 4400 Γραφὰς
1499 4367 1514 4392 ,
1557 4329 1697 4400 μήτε
1738 4329 1806 4382 τὰ
1852 4331 1954 4401 τῆς

381 4417 710 4488 Ἐκκλησίας
745 4420 1063 4494 μυστήρια,
1121 4422 1216 4474 καὶ
1264 4423 1323 4474 ἐν
1360 4421 1539 4491 τούτῳ
1570 4421 1794 4492 ὁμοίως.
1842 4421 1956 4474 Ἀεὶ

365 4511 480 4580 γὰρ
515 4512 572 4562 ὲν
599 4514 666 4580 τῇ
716 4511 1016 4584 Ἐκκλησία
1063 4512 1172 4566 εἰσὶ
1204 4513 1632 4584 κατηχούμενοι,
1676 4516 1770 4568 καὶ
1804 4515 1954 4585 πρῶ-

2102 1578 2191 1633 72.
2231 1579 2371 1644 Quid
2401 1583 2540 1651 quod
2573 1583 2710 1638 idem
2745 1585 2947 1640 accedit
2976 1587 3044 1639 ad
3087 1586 3258 1640 altare
3287 1595 3336 1639 et
3359 1596 3625 1652 precatur.

2147 1713 2276 1795 Ubi.
2314 1739 2379 1794 ad
2454 1755 2604 1794 aram
2675 1743 2876 1810 prodiit
2939 1745 3314 1813 precationum
3373 1761 3513 1814 opus
3580 1745 3662 1798 in—

2078 1834 2234 1902 cipit,
2257 1848 2424 1903 seque
2452 1835 2696 1904 mysterii
2741 1833 3054 1892 ministrum
3075 1837 3440 1898 demonstrat.

2183 2035 2270 2090 75.
2305 2035 2446 2102 Quid
2477 2037 2616 2106 quod
2656 2015 3018 2092 cateckumeni
3082 2039 3249 2092 exisse
3279 2015 3554 2107 iubentur.

2139 2126 2532 2183 Catechumeni
2553 2143 2680 2182 vero
2711 2128 2861 2183 illico
2885 2129 3264 2192 dimittuntur,
3289 2133 3502 2198 solique
3529 2133 3660 2187 ﬁde-

2069 2218 2148 2274 les
2177 2233 2400 2274 manere
2445 2218 2711 2286 iubentur
2743 2235 2757 2272 :
2789 2219 3050 2288 quoniam
3089 2229 3303 2290 tempus
3357 2221 3462 2276 hoc
3521 2238 3658 2280 con.-

2068 2311 2456 2366 summationis
2475 2320 2698 2378 tempus
2723 2321 3102 2382 reprzcsentat.
3135 2314 3224 2368 Ait
3248 2316 3393 2368 enim
3419 2333 3432 2368 :
3474 2317 3662 2370 «Post~

2069 2417 2232 2472 quam
2311 2403 2666 2473 praedicatum
2756 2403 2922 2458 fuerit
2997 2395 3350 2475 Evangelium
3422 2409 3474 2462 in
3541 2417 3658 2462 toto

2069 2495 2294 2559 mundo,
2353 2503 2478 2550 tunc
2539 2497 2720 2552 veniet
2778 2499 3208 2552 consummatio.
3268 2499 3414 2554 Cum
3445 2501 3498 2554 in
3551 2503 3656 2556 ﬁne

2069 2588 2284 2644 miserit
2313 2588 2536 2658 angelos
2559 2604 2744 2654 suos,»
2778 2591 2954 2660 inquit
2983 2590 3026 2657 ⁸,
3062 2599 3144 2646 «et
3167 2575 3508 2662 separaverit
3537 2611 3652 2648 ma-

2065 2681 2149 2736 los
2173 2681 2239 2736 de
2274 2683 2454 2736 medio
2476 2687 2814 2750 justorum,»
2846 2683 2960 2738 [loc
2994 2695 3048 2739 et
3083 2685 3322 2742 Ecclesia
3361 2689 3492 2758 agit,
3525 2694 3650 2744 dum

2066 2774 2312 2830 clamans
2339 2775 2770 2832 catechumenos
2799 2778 2973 2840 exire,
3007 2775 3196 2832 ﬁdeles
3224 2787 3436 2832 tantum
3471 2796 3648 2842 reuna:-

2065 2881 2195 2922 nere
2229 2869 2496 2937 praecipit.
2525 2867 2680 2924 Unde
2713 2870 2878 2924 etiam
2915 2871 3234 2940 perSpicere
3299 2873 3428 2926 licet
3478 2889 3654 2943 quan-

2065 2969 2178 3014 tum
2209 2961 2396 3018 ﬁdeles
2451 2963 2556 3018 sibi
2589 2978 2785 3018 cavere
2823 2951 3072 3020 debeant
3125 2983 3191 3020 ne
3237 2971 3650 3026 communica-nt

2064 3069 2190 3114 cum
2219 3054 2287 3108 iis
2335 3056 2662 3125 quibuscum
2719 3058 2874 3110 nulla
2911 3067 3092 3128 potest
3139 3075 3264 3116 esse
3299 3066 3612 3122 communio
3635 3104 3649 3117 .

2060 3161 2126 3202 ac
2207 3147 2512 3216 praesertim
2582 3150 2922 3205 sacerdotes.
2996 3151 3050 3204 Si
3135 3154 3315 3207 enim‘
3349 3155 3501 3210 nefas
3571 3167 3654 3213 est.

2063 3237 2461 3292 communicari
2525 3237 2580 3294 in
2632 3239 2914 3308 precibus,
2971 3251 3180 3316 quanto
3235 3245 3406 3314 magis
3438 3248 3652 3302 sacriﬁ-

1987 3303 2030 3359 θ
2063 3330 2180 3383 cio!

2065 3444 2149 3499 74.
2182 3442 2455 3510 Quomodo
2489 3456 2740 3523 oporteat
2763 3448 2904 3505 dona
2937 3459 2986 3504 et
3013 3469 3107 3518 pro
3131 3453 3316 3520 quibus
3355 3455 3651 3523 porticu-Ias

2487 3522 2552 3570 de
2603 3519 2776 3572 hostia
2813 3537 2971 3575 sacra
3023 3519 3224 3591 offerre.

2133 3606 2236 3672 Qui
2261 3609 2426 3662 etiam
2461 3607 2634 3679 palam
2662 3613 3012 3679 peccantium
3035 3615 3275 3670 ﬁdelium
3309 3603 3647 3680 oblationes,

2061 3707 2342 3768 utcunque
2380 3716 2472 3755 eas
2523 3705 2842 3770 praseatari
2877 3708 3192 3774 contigerit,
3219 3717 3439 3777 propter
3473 3715 3648 3764 sacri-

2063 3787 2246 3842 ﬁcium
2281 3805 2387 3844 non
2431 3789 2636 3845 debent
2689 3799 2897 3848 temere
2947 3796 3262 3862 admittere,
3317 3781 3412 3852 sed
3477 3805 3651 3867 pri-ni-

2063 3879 2286 3934 tentiam
2317 3882 2469 3949 prius
2499 3882 2800 3949 requirere.
2845 3881 2921 3938 Ex
2950 3885 3132 3940 oblata
3184 3888 3330 3941 enim
3379 3893 3648 3959 particula

2063 3971 2120 4025 ﬁt
2153 3975 2488 4038 communio,
2522 3983 2575 4028 et
2627 3975 2902 4030 sacriﬁcio
2935 3977 3185 4047 indignos
3215 3995 3280 4034 eo
3308 3982 3648 4050 participare.

2060 4065 2236 4121 nefas.
2267 4066 2394 4120 Scio
2437 4065 2690 4136 equidem
2715 4069 2976 4136 quosdam
3001 4069 3074 4122 de
3095 4069 3196 4124 deo
3227 4071 3510 4127 nobiscum
3542 4075 3648 4130 dis-

2060 4165 2280 4227 ceptare
2310 4157 2454 4228 quod
2491 4159 2556 4212 de
2583 4159 3000 4215 catechumenis
3025 4161 3327 4231 loquimur,
3359 4169 3456 4234 qui
3488 4182 3647 4220 reve-

2059 4263 2120 4302 ra
2145 4249 2288 4303 haud
2319 4248 2608 4303 exsistunt.
2641 4249 2710 4304 At
2743 4259 2949 4316 errant,
3003 4247 3318 4321 Scripturas
3343 4264 3398 4309 et
3457 4255 3650 4310 Eccle-

2061 4344 2155 4398 sia:
2176 4342 2435 4412 mysteria
2451 4343 2797 4412 ignorantes;
2826 4358 3044 4413 semper
3062 4345 3210 4400 enim
3231 4347 3474 4403 Ecclesia
3499 4358 3648 4404 cate.-

2060 4439 2362 4494 chumenos
2386 4437 2574 4504 habet,
2645 4447 2700 4492 et
2751 4439 3052 4508 praesertim
3112 4439 3352 4496 infantes
3405 4442 3644 4496 ﬁdelium

2060 4530 2464 4600 imbaptizatos,
2491 4530 2582 4601 qui
2617 4539 2740 4600 post
2767 4531 2946 4601 ipsum
2975 4542 3188 4602 partum
3223 4548 3412 4588 sacras
3453 4551 3583 4603 prec
3619 4553 3645 4588 s

363 4621 460 4658 τον
495 4605 595 4674 μὲν
650 4607 718 4658 τὰ
766 4606 876 4664 τῶν
926 4606 1136 4659 πιστῶν
1170 4605 1482 4660 ὰΰάπτιστα
1534 4609 1714 4662 πάντα
1751 4609 1950 4678 βρέφη,

2064 4629 2327 4696 recipiunt
2357 4636 2412 4680 et
2437 4634 2558 4695 post
2587 4625 2748 4680 ﬁdem
2775 4635 3054 4694 acceptam
3080 4635 3133 4680 et
3181 4625 3510 4694 baptismum
3550 4631 3646 4684 ad-

367 4695 527 4750 ἅτινα
581 4697 866 4765 τεχθέντα,
903 4697 1063 4760 εὐθὺς
1109 4697 1276 4767 εὐχὰς
1303 4697 1570 4769 δεχόμενα
1597 4699 1770 4768 ἱερὰς,
1799 4699 1954 4758 obitu)

367 4792 538 4847 πιστὰ
585 4792 973 4866 γεγενημένα,
1049 4791 1184 4862 μηδὲ
1219 4791 1405 4844 τέλεια
1460 4792 1538 4861 τῷ
1589 4792 1952 4862 βαπτίσματι,

367 4885 772 4955 κατηχούμενοί
803 4889 932 4940 εἰσι.
968 4883 1164 4944 Τοίνυν
1199 4886 1338 4954 ὑπὲρ
1365 4885 1548 4938 αὐτῶν
1603 4889 1697 4940 καὶ
1726 4889 1956 4940 πάντοτε

366 4981 466 5049 μὲν
499 4979 794 5049 εὐχόμεθα,
854 4979 948 5032 καὶ
1000 4982 1058 5032 ὲν
1097 4983 1166 5050 τῇ
1217 4981 1350 5049 ἁγίᾳ
1399 4979 1456 5032 δὲ
1519 4978 1952 5050 Τεσσαρακοστῇ

363 5072 506 5140 ὑπὲρ
553 5073 659 5123 τῶν
707 5073 844 5142 πρὸς
890 5072 952 5124 τὸ
998 5074 1155 5138 ἅγιον
1188 5074 1448 5140 φὼτισμα
1473 5071 1949 5142 εὐτρεπιςομένων

287 5199 300 5206 -
364 5164 528 5233 εὐχὰς
560 5165 654 5214 καὶ
693 5163 944 5232 αἰτήσεις
977 5163 1306 5232 ποιούμεθα.
1355 5163 1624 5231 Δεύτερον
1654 5163 1732 5226 δὲ,
1771 5181 1948 5235 κατη-

359 5257 665 5324 χουμένους
699 5253 896 5323 ἔχομεν
957 5257 1080 5316 τοὺς
1138 5255 1230 5306 ὑπ’
1275 5254 1492 5306 ἀσεϐῶν
1542 5255 1946 5324 κρατηθέντας,

361 5348 458 5400 καὶ
495 5346 596 5414 τὴν
651 5347 751 5416 μὲν
803 5347 988 5400 πίστιν
1043 5348 1382 5416 κατέχοντας
1432 5349 1490 5402 ὲν
1525 5351 1745 5420 καρδίᾳ,
1791 5349 1947 5420 μελε-

335 5440 570 5501 ,τῶντας
605 5439 661 5490 δὲ
710 5441 1020 5509 ἀποστῆναι
1051 5442 1160 5492 τῶν
1195 5441 1434 5506 ἀσεϐῶν,
1472 5444 1568 5496 καὶ
1600 5447 1668 5513 τῇ
1714 5443 1946 5514 Ἐκκλη-

360 5533 454 5602 σέᾳ
503 5532 871 5601 προσελθεῖν·
935 5535 1028 5586 καὶ
1081 5533 1160 5586 ἐτι
1204 5536 1333 5596 τοὺς
1389 5537 1792 5606 προσελθόντας
1826 5539 1947 5608 μὲν,

356 5623 440 5679 ἔτι
474 5624 921 5693 κατηχουμένους
971 5623 1050 5688 δὲ,
1080 5627 1174 5678 καὶ
1207 5630 1372 5696 μήπω
1409 5629 1828 5698 τετελεσμένους
1872 5630 1951 5700 τῷ

357 5717 491 5786 θείῳ
529 5716 706 5787 μύρῳ.
741 5715 941 5786 Τρίτον
974 5715 1028 5768 δὲ
1075 5719 1518 5791 κατηχουμένους
1554 5719 1753 5792 ἔχομεν
1825 5725 1950 5789 τοὺς

341 5879 352 5894 .
429 5839 450 5872 ⁸
483 5825 676 5892 Matth.
705 5850 854 5902 xxxv,
895 5835 982 5892 ivi.

2059 4720 2431 4775 ministratum
2455 4719 2982 4772 catechumenorum
3009 4725 3239 4772 numero
3262 4733 3644 4775 accenscntur.

2056 4811 2164 4866 Pro
2197 4811 2349 4866 hisce
2377 4810 2544 4878 igitur
2579 4810 3041 4879 quadrageslmali
3079 4819 3322 4879 tempore
3353 4819 3408 4863 et
3451 4811 3649 4866 Pente-

2057 4913 2236 4958 costes
2260 4902 2400 4958 festo
2424 4905 2616 4972 pre‘ces
2655 4901 2910 4959 facimus.
2951 4901 3234 4970 Secundo,
3263 4905 3644 4960 catechumeni

2056 5005 2184 5051 sunt
2215 4997 2307 5064 qui
2342 4995 2412 5049 ab
2443 4995 2674 5064 impuris
2707 4996 3012 5048 retinentur
3040 5013 3054 5062 ;
3087 4996 3156 5050 ab
3181 4997 3250 5050 iis
3275 5005 3648 5064 autent_rece-

2055 5087 2185 5140 dere
2214 5096 2268 5140 et
2319 5085 2573 5140 Ecclesiae
2632 5085 2790 5139 Iidem
2842 5087 3092 5154 amplecti
3120 5088 3433 5148 nituntur;
3482 5104 3646 5155 porro

2057 5177 2094 5230 ii
2129 5178 2220 5245 qui
2250 5175 2317 5231 ad
2355 5177 2653 5230 Ecclesiaut
2713 5177 2986 5230 accessuri
3041 5180 3278 5232 nondum
3325 5193 3482 5234 sacro
3542 5199 3644 5234 un-

2055 5277 2256 5339 guento
2281 5267 2478 5323 imbuti
2517 5277 2668 5322 sunt.
2703 5267 2890 5320 Tertio
2948 5277 3080 5321 sunt
3116 5271 3520 5338 catecltnmeni,
3547 5273 3638 5342 qui

2059 5359 2334 5414 homicidii
2388 5367 2484 5413 aut
2517 5359 2658 5413 alius
2687 5359 2868 5428 gravis
2894 5369 3230 5412 accusantur
3277 5361 3550 5424 criminis,
3591 5375 3645 5418 et

2057 5450 2258 5520 quibus
2294 5448 2358 5503 ad
2399 5461 2556 5502 sacra
2589 5447 2846 5518 mysteria
2893 5447 3154 5503 accedere
3189 5464 3296 5503 non
3355 5451 3505 5515 licet,
3545 5455 3639 5508 sed

2058 5542 2642 5598 audientiumnumcro
2667 5548 2874 5594 tantum
2895 5539 3294 5612 inscriptisunt
3321 5545 3646 5601 benevolen-

2063 5635 2135 5692 tia
2160 5631 2406 5692 Patrum.
2429 5630 2590 5686 Prius
2612 5631 2754 5686 enim
2775 5641 2828 5686 et
2847 5633 2900 5686 hi
2921 5633 3018 5702 ipsi
3043 5637 3501 5696 excommunicati
3529 5639 3644 5696 fne-

2064 5735 2204 5783 rant.
