4094 6194
385 363 492 428 729

1377 355 1788 420 EXPOSITIO
1855 354 1954 416 DE
1995 353 2264 418 DIVINO
2313 351 2650 416 TEMPLO.

3546 351 3656 416 ’7ῗο

384 475 632 540 δικαίως,
658 473 718 526 τὸ
753 473 874 541 μὲν,
899 470 998 536 τὰς
1025 470 1188 542 εὐχὰς
1239 471 1422 526 αὐτῶν
1449 471 1844 542 ἐξαιτούμενοι,
1868 472 1963 526 καὶ

2071 469 2202 524 bunt
2231 467 2420 524 ﬁdeles
2441 480 2635 522 omnes
2661 473 2788 522 ante
2815 466 3150 531 sacerdotes,
3169 481 3234 520 ac
3253 467 3378 537 jure
3409 469 3655 538 quidem,

391 567 704 638 μνησθῆναι
735 564 944 618 τούτων
979 567 1036 618 ιν
1089 566 1158 635 τῇ
1194 564 1478 635 ἱερουργίᾳ
1507 565 1776 632 δεόμενοι,
1807 565 1867 616 τὸ
1895 563 1973 630 δὲ,

385 658 660 728 τιμῶντες
689 657 758 708 τὰ.
791 657 914 709 θεῖα
958 655 1130 725 δῶρα.
1163 654 1228 709 Εἰ
1271 655 1380 726 γὰρ
1413 655 1511 708 καὶ
1548 657 1714 724 μήπω
1762 655 1976 726 ἱερουρ-

389 749 560 820 γήθη,
585 749 786 802 ἀλλ’·ὲν
811 751 882 819 τῇ
912 748 1172 819 προθέσει
1225 747 1564 817 ἀνετέθησαν
1599 748 1678 816 τῷ
1713 747 1853 817 Θεῷ,
1879 747 1974 802 καὶ

384 845 412 896 ὁ
456 843 640 912 lapsi»;
687 842 872 894 ἐκεῖσε
919 839 1090 911 εὐχὴν
1119 841 1380 910 ἀνέφερε,
1433 841 1531 893 καὶ
1575 840 1973 911 προσδέξασθαι

383 933 564 988 ταῦτα
591 928 750 986 εἶπεν
781 935 875 986 ἐπὶ
907 933 969 986 τὸ
1016 934 1132 988 ἄνω
1169 933 1572 1004 θυσιαστήριον
1603 947 1617 962 ·
1651 935 1700 986 εἰ
1731 931 1828 988 οὖν
1877 939 1974 988 καὶ

391 1027 561 1098 μήπω
593 1025 984 1094 τετελεσμένα,
1027 1024 1164 1080 ἀλλὰ
1207 1027 1346 1097 πρὸς
1381 1025 1441 1078 τὸ
1471 1025 1795 1095 τελεσθῆναι
1821 1025 1973 1096 ἡτοι-

391 1116 648 1186 μασμὲνα
683 1116 813 1181 εἰσί,
845 1117 943 1168 καὶ
983 1116 1248 1186 ἀνάθημα
1279 1115 1399 1186 Θεῷ
1441 1117 1536 1170 καὶ
1568 1117 1842 1172 ἀντίτυπα
1871 1116 1968 1170 τοῦ

387 1207 722 1264 Δεσποτικοῦ
767 1207 1021 1279 σώματός
1053 1227 1113 1262 τε
1150 1210 1248 1263 καὶ
1278 1211 1533 1280 αἵματος.
1584 1212 1648 1262 Ol.
1691 1212 1834 1265 κατὰ
1875 1210 1968 1264 τὸν

389 1302 528 1354 Κάῖν
558 1296 654 1354 οὖν
697 1300 1146 1371 διαφθονούμενοι
1189 1301 1268 1366 τῷ
1299 1301 1469 1356 Ἀὃελ
1511 1303 1642 1371 ἡμῖν
1685 1303 1966 1368 ἀλαζόνες,

389 1393 483 1444 καὶ
513 1393 884 1462 ὑπερηφάνως
918 1394 1057 1446 κατὰ
1099 1392 1210 1446 τῶν
1251 1393 1426 1460 ἁγίων
1459 1394 1750 1464 φερόμενοι
1777 1397 1970 1465 ὲντραο

388 1484 672 1554 τιήτωταν,
695 1517 704 1546 ;_
717 1483 1194 1554 βλασφημοῦντες,
1237 1486 1332 1540 καί
1363 1485 1436 1538 ,τὸ
1489 1487 1596 1538 ἀπὸ
1627 1485 1764 1540 Θεοῦ
1799 1487 1968 1540 κατά-

387 1591 564 1644 κριμα
598 1574 1024 1646 φοϐηθήτωσαν.
1051 1576 1128 1628 Οὐ
1147 1575 1258 1644 γὰρ
1279 1575 1568 1628 εἰδωλολατ
1581 1575 1782 1646 ροῦμεν
1805 1577 1968 1647 ἡμεῖς

385 1669 498 1730 τοῖς
525 1667 692 1731 θείοις
716 1647 910 1736 δώροις
940 1666 1420 1738 προσπίπτοντεςιί
1444 1668 1652 1737 ἄπαγε’
1681 1669 1818 1724 ἀλλά
1853 1673 1966 1734 τοῖς

383 1759 827 1829 ἁνατεθειμένοις
857 1759 934 1828 τῷ
961 1757 1082 1829 Θεῷ
1123 1759 1189 1814 δι’
1223 1759 1399 1829 εὐχῶν
1430 1759 1648 1830 δώροις,
1673 1761 1766 1814 καὶ
1798 1762 1966 1833 μήπω

2079 561 2278 631 partim
2317 560 2562 629 ipsorum
2601 573 2810 629 preces,
2878 568 2933 614 et
2999 559 3082 614 sui
3123 559 3178 614 in
3231 561 3396 615 missa
3450 577 3656 617 memo-
3739 581 3750 592 ~

2079 654 2216 706 riam
2259 652 2584 722 cogitantes,
2649 651 2845 720 partim
2879 651 3064 705 divina
3105 651 3246 706 dona
3301 663 3648 709 venerantes.

2079 733 2402 808 Quanquam
2423 740 2569 794 enim
2599 741 2904 794 sacritlcata
2939 740 3182 794 nondum
3217 754 3368 810 sunt,
3403 744 3458 797 in
3485 745 3649 798 altari

2087 841 2266 886 tamen
2302 832 2692 900 propositionis
2727 833 2838 886 Deo
2876 833 3058 888 dicata
3109 833 3285 898 fuere,
3314 847 3368 890 et
3397 838 3656 892 sacerdos

2077 922 2190 976 illic
2217 938 2284 978 ea
2323 923 2432 980 Deo
2469 923 2668 979 obtulit
2692 935 2746 978 et
2795 925 2852 978 in
2893 926 3130 981 sublime
3165 927 3339 982 altare
3375 930 3650 999 deportari

2075 1016 2459 1086 acceptariqne
2501 1026 2760 1086 precatus
2787 1026 2892 1072 est.
2932 1017 3198 1084 Quamvis
3251 1019 3420 1086 igitur
3459 1037 3656 1079 conse-

2074 1107 2320 1162 cratione
2349 1108 2590 1162 nondum
2631 1121 3010 1165 consummata
3043 1113 3174 1179 sint,
3209 1127 3398 1168 verum
3433 1123 3494 1168 ut
3521 1129 3654 1168 con-

2077 1211 2360 1256 secrentur
2399 1203 2664 1271 disposita
2709 1203 2860 1258 fuere
2905 1213 2962 1259 et
3022 1205 3134 1260 Deo
3169 1207 3373 1274 dicata,
3431 1215 3488 1263 et
3543 1209 3656 1280 typi

2077 1293 2350 1348 Dominici
2387 1294 2636 1364 corporis
2671 1305 2720 1348 et
2755 1296 3040 1366 sanguinis
3067 1310 3218 1352 sunt.
3246 1298 3352 1365 Qui
3401 1303 3568 1370 igitur
3597 1311 3658 1358 ut

2073 1383 2208 1440 Cain
2239 1386 2400 1440 nobis
2440 1395 2499 1440 ut
2531 1386 2686 1441 Abeli
2717 1387 2965 1442 invident
3003 1399 3058 1445 et
3097 1402 3284 1446 contra
3319 1404 3542 1450 sanctos
3579 1395 3662 1449 in-

2069 1477 2366 1544 vehuntur,
2403 1479 2600 1535 abeant
2634 1483 2687 1536 in
2719 1483 2914 1536 malam
2944 1498 3158 1538 crucem
3184 1491 3237 1537 ct
3273 1483 3364 1537 Dei
3387 1484 3653 1552 judicium

2072 1579 2342 1624 metuant.
2373 1570 2490 1626 Non
2535 1573 2677 1627 enim
2705 1587 2808 1628 nos
2857 1581 2984 1629 ante
3011 1573 3192 1629 divina
3239 1575 3381 1630 dona
3427 1583 3486 1629 ut
3513 1577 3654 1632 idola

2070 1661 2506 1730 prosternimur;
2577 1663 2758 1718 absit!
2833 1665 2926 1719 sed
2988 1665 3146 1721 donis
3184 1683 3304 1737 qum
3365 1667 3474 1722 Deo
3527 1683 3654 1724 cum

2069 1754 2324 1821 precibus
2341 1755 2666 1821 oﬁeruntur,
2699 1756 2829 1813 licet
2857 1759 3102 1813 nondum
3145 1761 3486 1815 Sanctiticata
3518 1764 3654 1830 sint,

383 1850 820 1921 τετελεσμένοις,
845 1851 946 1920 τὴν
976 1851 1144 1922 τιμὴν
1182 1852 1558 1922 ἀπονέμομεν,
1591 1853 1665 1915 ὡς
1699 1855 1966 1924 ἡγιασμέ-

2073 1844 2334 1899 honorem
2387 1849 2679 1903 tribuimus
2733 1857 2794 1902 nt
2851 1849 3257 1906 sanctificandis
3293 1867 3388 1922 per
3437 1867 3652 1922 preces,

387 1960 504 2008 νοις
537 1947 602 2014 τῇ
637 1947 1000 2014 προσαγωγῇ,
1022 1943 1098 2006 ὡς
1121 1945 1522 2015 ἀφιερωμένοις
1545 1944 1636 1998 διὰ
1666 1946 1960 1999 θειοτάτων

385 2035 585 2105 εὐχῶν,
619 2034 694 2098 ὡς
727 2035 1046 2098 ἀντιτύποις
1078 2031 1198 2090 οὖσι
1231 2036 1326 2089 τοῦ
1374 2037 1627 2107 σώματος
1673 2037 1771 2091 τοῦ
1819 2039 1958 2107 Χρι-

387 2125 512 2180 στοῦ
541 2128 638 2180 καὶ
672 2125 930 2196 αἵματος.
963 2126 1030 2181 Ol
1075 2128 1132 2182 δὲ
1165 2127 1416 2196 λέγοντες
1447 2129 1623 2182 ταῦτα
1653 2129 1842 2182 λοιπὸν
1893 2129 1962 2182 re

385 2221 780 2291 προσαγόμενα
813 2221 948 2291 παρ’
990 2221 1192 2287 αὐτῶν,
1231 2223 1308 2284 ὡς
1355 2223 1548 2276 εἴδωλα
1580 2221 1688 2292 πρὸ
1726 2224 1823 2292 τῆς
1853 2225 1965 2276 Κυ-

385 2313 584 2382 ριακῆς
629 2313 814 2382 φωνῆς
862 2315 1001 2382 μετὰ
1045 2314 1144 2374 τὰς
1198 2314 1366 2377 ἄλλας
1399 2316 1566 2384 εὐχὰς
1613 2315 1820 2386 ἔχουσι.
1856 2316 1965 2369 Καὶ

385 2405 548 2456 ποίαν
577 2403 794 2468 ἕξουσιν
825 2405 964 2468 ὅλως
1018 2405 1322 2475 ἀπολογίαν
1363 2408 1414 2459 oi
1457 2409 1526 2462 τὰ
1569 2407 1966 2477 ἀνατεθειμένα

383 2497 444 2550 ἐν
469 2499 536 2564 τῇ
565 2496 822 2565 προθέσει
854 2497 1006 2568 δῶρα
1039 2499 1116 2568 τῷ
1147 2499 1266 2568 Θεῷ
1317 2501 1512 2554 εἴδωλα
1543 2503 1670 2572 (φεῦ
1698 2504 1736 2572 ἰ)
1765 2501 1967 2572 ὀνομά-

385 2585 593 2650 ζοντες,
624 2589 720 2640 καὶ
745 2588 854 2640 τῶν
881 2588 1160 2643 δυσσεϐῶν
1193 2588 1582 2660 Εἰκονυμάχων
1608 2591 1852 2660 χείρονες
1880 2583 1940 2644 οὗ
1957 2619 1968 2628 -

384 2695 500 2746 τοις
528 2679 654 2733 Ὀτι
695 2683 749 2733 αἰ
787 2680 884 2750 μὲν
917 2680 1060 2734 θεῖαι
1090 2682 1297 2739 εἰκόνες
1326 2681 1482 2749 ἅγιαι
1513 2683 1612 2751 μὲν
1637 2683 1712 2746 ὡς
1746 2683 1967 2753 μορφώ-

357 2781 536 2842 ’ματα
564 2773 678 2826 τῶν
707 2771 1002 2841 ἀληθινῶν,
1027 2774 1098 2827 τὰ
1129 2775 1281 2846 δῶρα
1312 2775 1369 2828 δὲ
1395 2774 1793 2843 ἀνατεθειμένα
1821 2755 1964 2846 Θεῷ,

385 2867 483 2920 καὶ
512 2865 592 2927 εἰς
620 2865 680 2916 τδ
711 2867 966 2933 γενέσθαι
996 2867 1158 2935 σῶμα
1193 2867 1290 2920 καὶ
1319 2861 1458 2936 αἷμα
1483 2865 1722 2936 Χριστοῦ
1757 2882 1966 2935 προσα-

383 2957 614 3026 γόμενα.
641 2955 706 3010 Εἰ
733 2953 827 3012 οὖν
853 2961 976 3023 ταῖς
1009 2959 1182 3030 ἰεραῖς
1205 2958 1378 3014 εἰκόσι
1405 2959 1576 3028 τιμὴν
1603 2961 1698 3012 καὶ
1727 2957 1970 3028 προτικύ-

383 3063 546 3118 νῃσιν
593 3049 910 3116 ἀπονέμειν,
954 3051 1270 3118 ὀφείλομεν,
1303 3049 1482 3120 πολλῷ
1533 3049 1736 3118 μᾶλλον
1785 3049 1970 3112 αὐτοῖς

382 3141 496 3200 τοῖς
529 3136 746 3209 δώροις,
769 3141 1096 3204 ἀντιτύποις
1120 3139 1294 3204 οὖσιν,
1329 3139 1402 3202 ὡς
1433 3142 1462 3192 ὁ
1499 3139 1670 3209 μέγας
1700 3139 1836 3207 φησι
1863 3137 1970 3192 Bat-

385 3231 608 3294 σίλειος,
635 3235 730 3288 καὶ
759 3235 894 3303 πρὸς
925 3235 986 3288 τὸ
1013 3234 1272 3302 γενέσθαι
1333 3231 1772 3301 προσαγομένοις
1805 3231 1964 3298 σῶμα

385 3325 481 3378 καὶ
529 3320 670 3395 αἷμα
723 3326 986 3395 Χριστοῦ.
1035 3327 1146 3380 Καὶ
1173 3325 1260 3380 διὰ
1298 3325 1370 3378 τὰ.
1403 3325 1524 3378 θεῖα
1557 3325 1613 3378 δὲ
1651 3325 1822 3394 σκεύη
1857 3317 1992 3394 χρὴ¹

2065 1946 2124 1992 ιιι
2177 1939 2320 2010 typis
2375 1941 2624 2010 corporis
2695 1956 2760 1996 ac
2831 1943 3118 2012 sanguinis
3179 1943 3472 1999 Dominici.
3543 1945 3660 2012 Qui

2067 2043 2196 2084 vero
2264 2031 2456 2086 dicunt
2496 2033 2805 2087 oblationes
2845 2033 3088 2102 ipsorum
3131 2035 3277 2088 sicut
3317 2035 3458 2088 idola
3524 2045 3651 2091 ante

2066 2135 2253 2176 vocem
2276 2123 2496 2176 Domini
2535 2135 2655 2193 post
2688 2133 2913 2178 caeteras
2947 2139 3139 2194 preces
3170 2126 3392 2181 habent.
3422 2127 3650 2190 Qualem

2065 2227 2232 2280 porro
2289 2215 2504 2268 veniam
2556 2225 2833 2270 merentur
2891 2217 2980 2285 qui
3011 2215 3314 2272 oblationes
3349 2218 3456 2272 Deo
3481 2218 3654 2276 factas

2067 2306 2208 2365 idola
2227 2307 2368 2362 eheu
2393 2309 2406 2362 ἰ
2437 2309 2721 2363 noriiinant
2749 2317 2800 2364 et
2831 2309 3015 2379 impiis
3043 2307 3417 2365 lconomachis
3441 2312 3655 2382 pejores
3737 2293 3742 2300 ”

2067 2399 2238 2453 sunt?
2281 2398 2486 2454 Divina;
2519 2401 2663 2455 enim
2706 2402 2976 2470 imagines
3030 2417 3203 2458 sacra:
3247 2402 3464 2473 quidem
3521 2411 3654 2458 sunt

2069 2499 2128 2543 ut
2159 2489 2349 2545 forma:
2401 2491 2686 2557 veritatis;
2719 2493 2850 2546 item
2880 2491 3022 2546 dona
3052 2493 3163 2548 Deo
3214 2495 3397 2549 oblata
3457 2503 3649 2565 utpote

2069 2586 2122 2640 in
2179 2599 2380 2654 corpus
2443 2597 2498 2640 et
2555 2589 2879 2654 sanguinem
2951 2587 3154 2642 Christi
3203 2589 3650 2644 transmutauda.

2071 2680 2127 2735 Si
2181 2697 2309 2753 ergo
2379 2683 2554 2738 sacris
2623 2682 2956 2751 imaginibus
3017 2681 3281 2738 honorem
3339 2685 3650 2738 veneratio-

2070 2787 2304 2842 nemqne
2339 2767 2657 2840 tribuimus,
2713 2785 2922 2844 quanto
2951 2776 3125 2846 magis
3171 2777 3285 2846 ipsa
3313 2777 3476 2843 dona,
3509 2794 3651 2846 quae,

2073 2874 2136 2919 ut
2171 2881 2402 2936 magnus
2431 2867 2667 2924 Basilius
2697 2867 2851 2934 dicit,
2888 2872 3131 2939 antitypa
3181 2881 3308 2925 sunt
3355 2880 3407 2925 ct
3440 2873 3648 2934 oblata,

2069 2968 2132 3014 ut
2177 2957 2384 3013 Christi
2437 2975 2636 3030 corpus
2677 2969 2730 3015 et
2771 2963 2998 3029 sanguis
3061 2963 3209 3018 ﬁant.
3251 2963 3392 3029 Quin
3432 2975 3485 3019 et
3525 2981 3650 3034 pro-

2071 3061 2198 3118 pter
2253 3049 2374 3120 ipsa
2431 3067 2585 3106 sacra
2655 3067 2782 3106 vasa
2841 3055 3222 3111 sacerdotibus
3263 3059 3652 3124 procidendmn

2073 3149 2176 3206 cst,
2209 3142 2335 3197 licet
2403 3153 2458 3198 et
2501 3145 2750 3214 quaedam
2810 3162 2877 3201 ex
2923 3147 3003 3202 eis
3053 3163 3222 3202 vacua
3261 3149 3406 3215 sint;
3468 3152 3653 3212 omnia

2077 3235 2221 3287 enim
2275 3247 2498 3305 propter
2549 3237 2734 3292 divina
2805 3237 2946 3294 dona
3008 3242 3062 3294 in
3117 3241 3254 3312 ipsis
3308 3253 3653 3312 consecrata,

2076 3327 2570 3384 sanctiﬁcationem
2600 3331 2952 3400 participant.

387 3419 720 3474 ὑποπίπτειν
743 3425 856 3488 τοῖς
889 3421 1148 3494 ἰερεῦσιν,
1173 3425 1222 3480 εἰ
1254 3424 1348 3476 καὶ
1379 3420 1440 3486 ὲξ
1468 3422 1650 3476 αὐτῶν
1679 3423 1812 3476 κενά
1841 3439 1964 3476 τινα
2109 3425 2418 3498 Ἀγιασμοῦ
2447 3429 2558 3501 γὰρ
2591 3431 2772 3487 πάντα
2799 3432 3043 3504 μετέχει,
3065 3433 3177 3488 τῶν
3244 3433 3404 3488 θείων
3463 3431 3654 3504 δώρων

386 3518 448 3567 ἐν
477 3518 661 3580 αὐτοῖς
687 3519 1183 3590 ἰερουργουμένων.

385 3635 484 3691 σθ’.
512 3636 674 3690 Διατί
713 3638 811 3691 καί
843 3638 969 3722 ιερά
999 3641 1162 3721 ’κενὰ
1213 3641 1410 3722 quiin
1461 3641 1530 3693 ἐν
1556 3639 1631 3710 τῇ
1659 3641 1874 3708 εἰσόδῳ
1915 3643 1968 3696 oi

2074 3644 2162 3700 79.
2219 3629 2396 3710 Quare
2423 3648 2721 3702 sacerdotes
2755 3650 2809 3703 in
2833 3650 3075 3718 ingressu
3103 3650 3262 3703 etiam
3287 3665 3456 3702 vacua
3489 3663 3648 3702 sacra

877 3709 1054 3778 ἱερεῖς
1091 3709 1482 3779 κατέχουσιν.

459 3826 570 3878 Καὶ
622 3825 782 3876 τοῦτο
830 3823 886 3877 δὲ
926 3825 986 3876 οὐ
1036 3825 1373 3894 θαυμαστδν,
1401 3825 1448 3878 εἰ
1473 3825 1608 3898 κενά
1639 3825 1762 3878 τινὰ
1795 3827 1964 3876 ἐστιν.

389 3917 482 3981 Εἰς
515 3917 684 3987 τιμὴν
715 3919 824 3987 γὰρ
876 3915 985 3969 τῶν
1037 3915 1195 3970 θείων
1247 3916 1434 3986 δώρων
1486 3917 1662 3972 ταῦτα
1691 3919 1760 3970 τὰ
1798 3915 1968 3986 σκεύη

390 4005 819 4076 κατέχουσι,κα“ι
851 4001 936 4058 ἵνα
969 4003 1024 4058 οἵ
1055 4003 1102 4057 θ’
1154 4003 1413 4076 ὁρῶντες,
1456 4005 1507 4057 οῖ
1539 4020 1597 4058 τε
1629 4001 1966 4070 ἐγγίζοντες,

391 4097 724 4166 ἀγιάζωνται
752 4097 976 4159 πάντες.

389 4243 464 4296 π’.
497 4233 662 4289 Atat!
691 4233 1070 4290 καλύπτεται
1099 4231 1172 4287 τὰ
1213 4231 1342 4288 θεῖα
1387 4231 1548 4300 δῶρα
1598 4230 1668 4284 ἐν
1715 4227 1788 4298 τῇ
1828 4227 1970 4297 ἁγίᾳ

1030 4303 1306 4370 τραπέζῃ.
1779 4367 1794 4381 ι

472 4415 862 4486 Ἐπιτιθέμενα
890 4414 948 4466 δὲ
982 4414 1053 4466 τὰ
1085 4413 1204 4466 θεῖα
1251 4411 1402 4482 δῶρα
1441 4414 1510 4482 τῇ
1546 4411 1668 4482 ἰερᾷ
1698 4411 1968 4484 τραπέζῃ.

387 4507 750 4572 καλύπτεται,
781 4509 864 4562 ὅτι
890 4508 952 4560 οὑ
980 4509 1090 4572 τοῖς
1121 4509 1290 4560 πᾶσιν
1320 4507 1379 4573 ἐξ
1407 4506 1582 4578 ἀρχῆς
1801 4506 1973 4572 ἐγνω-

389 4602 588 4671 σμένος
616 4603 644 4655 ὁ
687 4601 894 4672 Ἰησοῦς
922 4640 938 4664 ,
985 4603 1084 4654 καὶ
1134 4602 1218 4654 ὅτι
1267 4599 1651 4669 σωματωθείς,
1683 4598 1792 4652 οὐδ’
1830 4597 1974 4649 οὕτω

383 4695 482 4748 τοῦ
529 4693 764 4764 κρυφίου
811 4693 916 4762 τῆς
968 4691 1132 4745 αὑτοῦ
1165 4691 1418 4762 θεότητος
1453 4691 1550 4744 καὶ
1579 4689 1678 4756 τῆς
1711 4691 1972 4759 προνοίας

385 4783 580 4856 ἐξέστη
609 4801 624 4816 ·
645 4783 762 4838 ἀλλ’
785 4783 1170 4853 ἀκατάλτλπτός
1205 4785 1320 4838 ἐστι
1351 4783 1444 4836 καὶ
1473 4781 1704 4852 ἄπειρος
1734 4782 1846 4844 ἀεὶ,
1876 4781 1972 4834 καὶ

387 4875 641 4930 τοσοῦτον
669 4877 840 4946 ,μόνον
895 4875 1252 4944 γινώσκεται,
1309 4875 1436 4928 ὅσον
1483 4873 1646 4936 αὐτὸς
1683 4871 1972 4926 ἀποκαλύ-

387 4983 534 5022 πτει.

387 5061 691 5140 eraterat!
727 5086 760 5139 ὀ
783 5082 1101 5155 ἀρχιερεὺς
1129 5084 1198 5165 εξύ
1203 5084 1324 5152 χὴν
1355 5082 1514 5152 παρὰ
1536 5079 1782 5134 πάντων
1805 5079 1966 5146 ἐξαι-

813 5177 820 5186 ·
1076 5172 1282 5210 τειται.

461 5269 641 5342 nam»
668 5271 726 5324 δὲ
763 5272 916 5343 παρά
949 5271 1169 5326 πάντων
1213 5271 1448 5324 αἰτεῖται
1507 5267 1805 5329 ὐποκλίνας
1839 5267 1965 5320 ἐαυ-

387 5361 480 5414 τὸν
511 5364 540 5414 ὁ
575 5364 890 5434 ἀρχιερεὺς,
935 5363 1324 5432 ἐπιγινώσκων
1393 5363 1489 5414 καὶ
1537 5360 1700 5421 αὐτὸς
1750 5359 1968 5420 ἑαυτὸν,

387 5452 485 5506 καὶ
521 5456 656 5523 πρὸς
687 5455 748 5507 τὸ
777 5454 942 5524 ἔργον
974 5453 1218 5524 φρίττων
1240 5451 1338 5504 καὶ
1361 5449 1845 5518 ὑποστελλόμενος,
1875 5449 1973 5501 καὶ

385 5545 450 5596 τὸ
487 5547 851 5601 ἀποστολικὶν
881 5545 1110 5615 πληρῶν
1139 5543 1222 5608 τὸ,
1262 5541 1773 5612 «Ἐξομολογεῖσθαι
1802 5540 1972 5607 ἀλλή-

385 5637 500 5701 λοις
529 5638 598 5691 τὰ
633 5635 1116 5710 παραπτώματα,ι
1151 5638 1266 5704 καὶ,
1297 5655 1316 5688 ι
1343 5633 1520 5704 ’Υπὲρ
1548 5632 1792 5702 ἀλλήλων
1817 5629 1972 5702 εὔχε-

387 5729 516 5782 σθαι
539 5745 554 5758 '
590 5748 610 5782 ι
641 5731 764 5784 οὐδὲ
793 5735 902 5804 γᾴρ
929 5731 1090 5794 αὐτὸς
1115 5731 1296 5801 ἐαυτῷ
1329 5729 1542 5800 θαρρεῖ,
1569 5725 1852 5798 ἄνθρωπος
1878 5741 1964 5780 τε-
2003 5770 2011 5778 .

385 5816 496 5880 λῶν
524 5821 616 5878 καὶ
645 5823 830 5887 αὐτὸς.

2644 3734 2770 3771 vasa
2835 3729 3066 3773 teneant.

2143 3825 2252 3881 Nec
2287 3827 2486 3882 mirum
2525 3829 2570 3882 si
2609 3827 3088 3898 quaadam'inania
3153 3831 3286 3886 sint.
3347 3831 3406 3885 ln
3469 3831 3648 3887 hono-

2073 3932 2184 3972 rem
2218 3919 2420 3988 quippe
2451 3933 2736 3973 sacrorum
2761 3919 3034 3975 donorum
3076 3922 3190 3976 haec
3209 3932 3452 3992 portant,
3483 3933 3648 3992 atque

2073 4020 2131 4064 ut
2164 4023 2274 4066 tum
2304 4013 2550 4066 videntes
2581 4027 2669 4078 ea,
2727 4024 2841 4068 tum
2895 4015 3402 4086 appropinquantes
3439 4020 3648 4073 sancti-

2073 4105 2311 4158 iicentur
2343 4119 2557 4162 omnes.
3583 4091 3590 4096 ’

2074 4237 2164 4295 80.
2197 4235 2548 4304 Quamobrem
2577 4237 2754 4292 divina
2787 4237 2930 4292 dona
2985 4240 3039 4294 in
3084 4255 3238 4294 sacra
3285 4257 3464 4296 mensa
3507 4243 3651 4296 oble-

2765 4321 2984 4380 gamur.

2143 4428 2400 4499 lmpodta
2433 4436 2614 4483 autem
2643 4427 2800 4482 altari
2845 4443 2999 4483 sacra
3047 4428 3191 4484 dona
3224 4430 3644 4499 cooperiuntur,

2073 4521 2202 4592 quia
2234 4520 2624 4576 nononmibus
2654 4521 2723 4575 ab
2764 4520 2922 4574 initio
2977 4523 3230 4591 cognitus
3289 4519 3388 4576 fuit
3445 4521 3650 4592 Jcsus;

2031 4643 2036 4648 -
2073 4607 2128 4668 et
2179 4613 2304 4667 licet
2359 4627 2556 4683 corpus
2581 4601 3004 4683 ,assumpsisset,
3062 4631 3168 4668 non
3207 4625 3387 4668 tamen
3422 4617 3488 4670 ab
3517 4617 3646 4671 abs-

2074 4705 2295 4759 condita
2331 4721 2430 4759 sua
2482 4705 2768 4760 divinitate
2817 4719 2882 4759 ac
2943 4705 3284 4774 providentia
3353 4705 3648 4776 discessit;

2075 4797 2169 4852 sed
2203 4797 2688 4864 incomprehensns
2717 4805 2770 4850 et
2810 4795 3058 4851 inﬁnitus
3105 4805 3187 4849 est
3219 4811 3457 4865 semper,
3519 4808 3646 4852 tan-

2076 4901 2300 4958 tumque
2327 4891 2593 4942 duntaxat
2621 4889 3000 4960 cognoscitur,
3061 4897 3327 4960 quantum
3387 4889 3506 4959 ipse
3566 4905 3652 4944 ιο-

2005 4973 2048 5028 D
2079 4983 2240 5035 velat.

2074 5073 2162 5150 81.
2196 5095 2370 5161 Quare
2403 5111 2574 5164 preces
2625 5093 2692 5148 ab
2747 5094 2988 5150 omnibus
3053 5105 3298 5162 exposcat
3353 5097 3648 5168 episcopus.

2147 5267 2560 5328 Preccsautcm
2619 5283 2794 5339 prono
2847 5270 3026 5340 capite
3079 5269 3216 5337 petit
3272 5271 3341 5326 ab
3389 5273 3647 5326 erunibus

2073 5359 2345 5429 perutiles,
2399 5373 2709 5429 agnoscens
2763 5369 2816 5413 et
2875 5359 2989 5429 ipse
3056 5361 3433 5430 semetipsum,
3487 5372 3540 5416 et
3577 5363 3648 5419 ad

2073 5465 2213 5519 opus
2241 5449 2384 5503 istud
2417 5459 2656 5504 tremens
2713 5465 2774 5504 ac
2827 5465 3056 5519 pavens,
3097 5451 3338 5521 illudque
3393 5454 3652 5521 apostoli-

2075 5557 2198 5598 cum
2227 5542 2481 5611 impletis,
2517 5561 2534 5592 ι
2573 5551 2632 5596 ιιι
2663 5542 3025 5598 cunﬁteamur
3051 5543 3369 5598 alterutrum
3401 5557 3646 5615 peccata,

2077 5647 2132 5694 et
2158 5651 2214 5693 ut
2243 5653 2465 5693 orenms
2501 5653 2596 5708 pro
2629 5637 2888 5692 invicem.
2932 5655 2950 5688 ι
2997 5634 3115 5690 Non
3150 5639 3292 5690 enim
3327 5635 3446 5691 ﬁdit
3497 5637 3599 5692 sibi
3632 5677 3648 5705 ,

2075 5745 2199 5788 cum
2242 5731 2360 5800 ipsc
2398 5745 2615 5802 quoque
2651 5733 2816 5786 homo
2854 5741 3188 5786 numeretur.
