4094 6194
435 295 534 362 731

1249 286 1638 350 SYMEONIS
1675 277 2438 346 THESSALONICENSIS
2471 229 2834 341 meumr:

3563 270 3679 334 732'

432 411 667 478 89.024“
695 411 921 478 denotet.
943 406 1080 475 quod
1132 414 1245 471 post
1306 397 1596 478 ingressum
1629 415 1780 453 cruce
1831 399 1998 478 signet
2028 404 2054 461 Α

2137 393 2214 465 ιβ’.
2245 394 2311 448 Τί
2329 395 2407 462 6η
2424 392 2515 446 ὶοῖ
2535 393 2603 445 τὸ
2633 390 2968 478 σφριξγίσιξι
2991 390 3151 478 μετὰ,
3181 386 3296 455 τὴν
3325 381 3573 439 εισοδον
3594 383 3676 448 τῷ

743 474 990 546 populum
1015 493 1132 529 cum
1174 491 1320 528 cerea
1363 474 1578 542 triplici.

505 596 700 664 Signat
738 605 869 645 vero
924 573 1182 659 pbpnln‘m
1224 594 1539 654 postquam,
1573 584 1712 638 votis
1743 581 2002 637 sacerdo-

437 695 549 741 tum
581 683 918 751 imploratis.
959 681 1050 733 illa
1092 679 1482 746 impetraverit.
1543 675 1804 727 Precatur
1857 671 2001 725 enim

438 792 538 846 pro
569 776 768 845 p0pulo
797 782 849 826 et
876 774 990 841 ipse
1011 772 1256 824 omnium
1291 782 1481 837 preces
1511 764 1768 818 admittit.
1798 762 2005 828 Quam-

437 870 623 922 obrem
659 883 787 933 non,
823 865 1075 918 «Domine
1105 864 1417 925 miserere,»
1455 857 1856 937 populusdicit,
1888 853 2002 916 sed,

445 979 464 1011 ι
494 960 574 1014 Ad
603 959 801 1011 mullos
827 972 1018 1018 annos,
1047 949 1332 1015 Domine,»
1357 953 1511 1020 quasi
1537 963 1733 1017 rogans
1763 957 1816 999 ut
1842 947 2010 1000 felici-

440 1061 522 1104 ter
553 1049 807 1119 procedat
835 1049 887 1099 in
923 1045 1214 1109 sacrilirio,
1250 1054 1302 1098 et
1335 1045 1388 1095 iu
1423 1057 1485 1095 ea
1550 1039 1829 1092 iunctione
1879 1048 2010 1090 aeta-

441 1152 548 1196 tem
580 1141 795 1209 longius
823 1139 1100 1192 extendat.

440 1247 527 1300 85.
567 1248 740 1310 Quare
767 1261 938 1298 sacra:
977 1244 1115 1364 {areis
1168 1252 1284 1313 post
1342 1244 1514 1296 crucis
1567 1242 1896 1312 signaculum
1927 1233 2045 1293 οε-⁴

1061 1332 1086 1364 ε
1112 1324 1364 1364 udautur.

1061 1324 1364 1367 cludantur.

515 1406 766 1475 Ingresso
796 1420 882 1467 c0,
914 1405 1098 1472 ianua:
1143 1405 1507 1467 clauduntur,
1544 1401 1690 1471 quod
1753 1399 2036 1471 mysteria.

442 1499 511 1552 ah
545 1497 797 1550 omnibus
830 1496 999 1548 videri
1032 1509 1138 1548 non
1173 1495 1388 1557 deccat,
1456 1507 1640 1546 velum
1683 1491 1752 1546 ab
1807 1491 1874 1544 iis
1925 1504 2016 1543 so-

446 1590 554 1642 lum
586 1588 679 1656 qui
742 1586 1053 1640 sacerdotio
1108 1595 1236 1638 sunt
1291 1584 1508 1637 initiati.
1561 1584 1824 1637 Praeterea
1877 1594 2014 1650 quo-

447 1679 614 1730 modo
646 1677 784 1729 inter
813 1676 1032 1745 angelos
1079 1684 1161 1728 est
1194 1675 1350 1739 ordo,
1420 1673 1580 1743 primi
1635 1672 1779 1727 enirn
1835 1671 2014 1724 divina

446 1769 690 1821 claritate
728 1760 846 1822 sine
894 1765 1067 1818 medio
1126 1766 1427 1830 fruuntur;
1478 1765 1701 1819 secundi
1752 1778 1848 1831 per
1909 1765 2016 1832 pri-

447 1875 587 1922 mos,
623 1869 675 1912 et
706 1858 964 1927 postremi
1012 1872 1108 1926 per
1163 1856 1372 1911 medios
1411 1863 1493 1928 (ut
1524 1857 1732 1911 caelesti
1767 1855 2020 1922 praeditus

448 1950 718 2018 sapientia
741 1950 898 2001 docet
938 1945 1269 2016 Dionysius),
1306 1948 1386 2001 sic
1415 1947 1539 2000 item
1573 1948 1624 1999 in
1656 1945 1901 2001 Ecclesia
1941 1955 2022 2000 est

451 2042 651 2093 videre.
707 2023 964 2091 Pontifex
1016 2037 1159 2090 enim
1216 2037 1335 2090 sine
1409 2036 1585 2090 medio
1661 2037 1726 2090 ad
1785 2037 2020 2090 divinam

450 2145 692 2183 mensam
749 2129 1000 2181 accedit:
1075 2129 1389 2183 εαεθιόοωδ
1417 2137 1688 2182 autemet
1739 2143 2020 2182 ειιρῐοιυιιι

452 2221 710 2285 ministri,
743 2235 834 2290 per
872 2221 1074 2287 ipsum.
1111 2218 1211 2274 Per
1243 2222 1556 2275 sacerdotes
1600 2220 1796 2274 deinde
1827 2229 1882 2273 et
1925 2220 2025 2271 ini-

457 2314 661 2366 nistros
737 2315 788 2365 iu
851 2313 1144 2366 tremendae
1179 2313 1574 2367 communionis
1634 2328 2027 2382 sacrorumque

457 2407 778 2474 hymnorum
812 2405 1126 2458 societatem
1159 2403 1392 2472 populus
1427 2403 1596 2458 venit.

456 2518 543 2572 84.
571 2516 743 2581 Quare
773 2525 1013 2570 sanctum
1039 2517 1287 2569 recitetur
1326 2516 1659 2585 Symbolum,
1696 2527 1745 2571 et
1789 2518 2028 2571 osculum

1063 2587 1417 2655 impertiatur.

530 2679 656 2735 Post
688 2681 912 2748 primam
941 2695 1067 2734 vero
1095 2694 1310 2748 precem
1359 2695 1520 2734 sacro
1570 2680 1828 2752 Symbolo
1860 2681 2028 2744 dicto,

465 2775 522 2827 tit
553 2774 833 2837 salutatio,
862 2771 1117 2840 queuiam
1151 2785 1246 2840 per
1281 2771 1552 2826 sinceram
1585 2769 1872 2825 Trinitatis
1903 2787 2032 2824 con-

464 2867 774 2929 fessionem,
799 2873 854 2917 et
888 2879 1053 2916 unum
1103 2861 1172 2915 de
1206 2860 1475 2916 Trinitate
1531 2863 1897 2924 incarnatutn,
1953 2864 2035 2915 iit-

462 2970 667 3008 ternos
698 2955 834 3006 uniti
865 2967 1077 3016 sumus,
1114 2949 1340 3018 ipsaque
1367 2949 1642 3003 confessio
1668 2965 1791 3003 cum
1825 2949 2032 3016 angelis

2561 462 2840 530 τρικηρίῳ
2885 460 2991 512 tor
3035 461 3211 512 λαόν.

2175 579 2477 650 Σφραγὶζει
2509 578 2565 630 δὲ
2601 577 2692 630 τὸν
2741 575 2892 639 λαὸν,
2943 573 3080 642 μετά
3113 574 3172 624 τὺ
3202 571 3390 625 λαϐεῖν
3434 570 3533 640 τὴν
3569 570 3680 622 ἀπὸ

2103 674 2212 726 τῶν
2238 671 2427 741 ἰερέων
2453 668 2643 736 εὐχὴν,
2671 664 2961 735 εὐχόμενος
2988 664 3087 731 μὲν
3107 661 3204 715 καὶ
3230 662 3372 732 ὑπὲρ
3398 661 3490 713 τοῦ
3519 659 3678 722 λαοῦ,

2105 765 2267 818 οἱονεὶ
2299 764 2356 815 δὲ
2385 763 2477 814 καὶ
2511 761 2673 822 αὐτὸς
2723 756 2876 826 παρά
2911 757 3130 810 πάντων
3173 755 3338 823 εὐχὴν
3361 751 3683 823 ἐξαιτούμε-

2107 872 2218 915 νος.
2253 853 2340 904 Διὸ
2369 852 2462 904 καὶ
2493 851 2554 902 οὐ
2583 850 2666 914 τὸ,
2704 867 2723 900 ι
2744 848 2916 917 Κύριε
2952 847 3197 914 ἐλέησον,
3232 865 3248 897 ι
3289 846 3450 913 φησὶν
3479 845 3506 895 6
3531 843 3680 906 λαὸς,

2110 945 2224 1001 ἀλλ’
2275 964 2294 994 ι
2334 945 2426 1007 Εἰς
2478 942 2651 996 πολλὰ
2703 941 2820 1010 ἐτη,
2865 941 3139 1001 Δέσποτα,
3179 959 3198 988 ο
3242 936 3528 1007 εὐχόμενοί
3563 953 3684 998 πως

2111 1040 2438 1106 εὐοδωθῐλναι
2465 1037 2655 1089 τοῦτον
2686 1038 2742 1088 ἐν
2795 1039 2862 1106 τῇ
2914 1033 3221 1104 ἱερουργίᾳ,
3269 1034 3365 1085 καὶ
3410 1031 3686 1101 διαμένειν

2114 1135 2155 1184 ἰε
2166 1130 2462 1201 ρατεύοντα
2496 1130 2588 1180 ἐπὶ
2623 1125 2781 1180 πολύ.

2113 1250 2226 1312 πγ⁹.
2255 1243 2417 1296 Arati
2450 1241 2754 1294 κλείονται
2776 1237 2928 1362 aged
2967 1236 3032 1289 τὸ
3059 1235 3394 1304 σφραγίσαι
3439 1232 3508 1285 τὰ
3552 1233 3694 1302 ἅγια

2849 1323 3003 1362 υοια.

2849 1323 3003 1376 υρια.

2189 1404 2537 1466 Εἰσελθόντος
2559 1402 2615 1455 δὲ
2640 1402 2913 1454 κλείονται
2939 1402 2994 1452 αἰ
3027 1398 3211 1468 θύραι,
3240 1397 3320 1450 ὄτι
3349 1397 3410 1448 οὐ
3439 1397 3551 1457 τοῖς
3579 1396 3675 1447 πᾶν

2120 1518 2204 1554 σιν
2253 1497 2484 1569 ὁρᾶσθαι
2533 1494 2682 1559 ἄξιον
2728 1493 2798 1544 τὰ
2849 1491 3150 1560 μυστήρια,
3192 1488 3328 1540 ἀλλά
3367 1486 3547 1555 μόνοις
3580 1488 3696 1546 τοῖς

2118 1593 2219 1661 τῆς
2256 1588 2560 1660 ἱερωσύνης
2593 1587 2858 1656 ἐνεργοῖς.
2897 1582 3058 1635 Ἀλλὰ
3088 1582 3182 1633 καὶ
3207 1581 3281 1642 ὡς
3311 1579 3468 1644 τάξις
3496 1581 3552 1630 ὲν
3586 1579 3696 1638 τοῖς

2121 1683 2398 1752 ἀγγέλοις,
2444 1680 2538 1734 καὶ
2589 1678 2699 1745 γὰρ
2752 1677 2976 1744 ἀμέσως
3031 1675 3210 1725 ἐκεῖσε
3245 1673 3293 1724 οἰ
3332 1671 3539 1740 πρῶτοι
3595 1669 3697 1737 μὲν

2123 1778 2217 1831 τοῦ
2279 1777 2426 1829 θείου
2483 1773 2770 1842 μετέχουσι
2807 1769 3004 1836 φωτὸς,
3032 1769 3080 1819 οἰ
3110 1767 3355 1834 δεύτεροι
3383 1764 3438 1815 δὲ
3470 1763 3557 1815 διὰ
3588 1763 3700 1813 τῶν

2121 1868 2376 1936 πρώτων,
2401 1863 2497 1915 καὶ
2524 1863 2573 1915 οἰ
2595 1861 2896 1914 τελευταῖοι
2921 1859 3006 1910 διὰ
3029 1856 3138 1910 τῶν
3163 1844 3364 1925 μέσων,
3388 1854 3462 1915 ὡς
3484 1853 3510 1904 ὁ
3537 1853 3700 1918 σοφὸς

2121 1961 2188 2012 τὰ
2222 1958 2340 2010 θεῖα
2375 1954 2508 2023 φησί
2544 1953 2842 2013 Διονύσιος,
2875 1949 3018 2002 οὕτω
3064 1949 3158 2000 καὶ
3189 1949 3246 2000 ἐν
3294 1949 3360 2015 τῇ
3401 1943 3700 2013 Ἐκκλησία

2123 2050 2272 2102 ἐστιν
2306 2048 2454 2103 ἰδεῖν.
2508 2044 2567 2097 Ὀ
2611 2043 2708 2113 μὲν
2751 2043 2859 2111 γὰρ
2912 2043 3176 2111 ἰεράρχης
3231 2037 3450 2107 ἀμέσως
3478 2037 3544 2105 τῇ
3582 2035 3705 2104 ἱερᾷ

2125 2139 2482 2212 προσεγγίιζει
2511 2137 2788 2206 τραπέζῃ,
2832 2136 2880 2187 οἰ
2915 2134 2972 2186 δέ
3028 2149 3090 2200 γε
3140 2119 3303 2200 ἱερεῖς
3335 2133 3431 2182 καὶ
3461 2130 3706 2196 λειτουρ⁶

2127 2233 2214 2301 yol
2247 2232 2314 2284 δι’
2359 2227 2552 2282 αὑτοῦ.
2604 2228 2702 2280 Διά
2748 2227 2805 2278 δὲ
2855 2225 2963 2277 τῶν
3000 2223 3190 2292 ἱερέων
3246 2222 3341 2274 καὶ
3367 2217 3706 2286 λειτουργῶν

2126 2321 2224 2389 τῆς
2256 2319 2491 2388 φρικτῆς
2527 2313 2814 2376 κοινωνίας
2869 2315 2962 2365 καὶ
2991 2313 3099 2364 τῶν
3136 2311 3296 2380 ἱερῶν
3326 2309 3509 2380 ὓμνων
3535 2310 3584 2359 οἰ
3611 2307 3707 2358 τοῦ

2127 2413 2256 2466 λαοῦ
2289 2411 2600 2480 μετέχουσι.
2634 2483 2652 2498 ι
3526 2405 3531 2410 ’

2129 2526 2234 2581 πδ’.
2261 2524 2421 2577 Διατί
2446 2523 2510 2576 τὸ
2548 2523 2708 2590 ἱερὸν
2731 2513 2968 2587 ,λέγεται
3001 2519 3311 2584 Σύμϐολον
3330 2514 3428 2568 καί
3453 2517 3485 2568 ό
3511 2515 3710 2588 ἀσπα-

2700 2591 2855 2659 σμὸς
2912 2591 3161 2656 γίνεται.

2202 2688 2360 2745 Μετὰ
2383 2687 2437 2740 δὲ
2475 2687 2573 2756 τὴν
2605 2682 2829 2752 πρώτην
2862 2681 3051 2750 εὐχὴν,
3094 2678 3186 2731 τοῦ
3235 2677 3380 2748 ἱεροῦ
3412 2675 3709 2742 λεγομένου

2132 2775 2434 2844 Συμϐόλου,
2472 2776 2499 2826 6
2531 2772 2822 2838 ἀσπασμὸς
2871 2771 3102 2837 γίνεται,
3131 2769 3211 2820 ὅτι
3265 2768 3352 2820 διὰ
3396 2765 3493 2834 τῆς
3541 2762 3712 2831 ὀρθῆς

2135 2868 2271 2939 πρὸς
2305 2867 2402 2937 τὴν
2431 2865 2635 2936 Τριάδα
2671 2862 2965 2930 ὁμολογίας
2997 2861 3092 2912 καὶ
3143 2859 3234 2912 τὸν
3281 2858 3376 2911 ἕνα
3412 2856 3512 2926 τῆς
3543 2856 3715 2924 Τριάσ

2134 2961 2218 3022 δος
2265 2956 2689 3027 σεσαρκωμένον
2727 2956 2858 3024 ἡμῖν
2884 2954 2918 3022 ἡ
2945 2953 3140 3014 ἓκωσις
3176 2951 3391 3018 γέγονε.
3426 2949 3536 3000 Καὶ
3568 2945 3712 3015 αὕτη

467 3061 566 3099 nos
593 3045 947 3098 consociavit.
987 3043 1049 3094 Et
1077 3044 1204 3110 quia
1235 3043 1460 3110 diligere
1481 3042 1743 3096 debemus
1774 3042 2030 3104 invicem,

2140 3053 2172 3120 ἠ
2207 3050 2524 3118 ὀμολογίαὴ
2557 3049 2668 3109 τοῖς
2705 3047 2960 3114 ἀγγέλοις
2986 3045 3133 3112 ἡμᾶς
3188 3042 3460 3104 ὲνώοασα,
3494 3043 3586 3092 καὶ
3628 3040 3718 3091 ὅτι

466 3137 686 3205 quando
727 3146 779 3190 et
813 3135 1063 3188 Christus
1115 3149 1208 3202 per
1234 3135 1552 3187 charitatetn
1603 3131 1704 3204 pro
1764 3134 2036 3188 sacrilicio

467 3230 684 3283 oblatus
745 3236 866 3281 est:
919 3237 970 3279 et
1024 3227 1560 3279 communicaturum
1597 3227 1670 3278 illi
1725 3229 1804 3277 ira
1842 3240 2038 3278 vacan-

471 3331 578 3373 tem
614 3333 734 3374 csse
762 3325 996 3386 oportet.
1033 3315 1098 3369 Et
1151 3317 1274 3385 Quia
1339 3316 1391 3368 in
1449 3314 1632 3370 futura
1682 3318 1788 3369 vita
1847 3331 2038 3370 omnes

473 3411 660 3475 amici,
691 3411 871 3464 nullus
903 3409 975 3462 ibi
1011 3409 1266 3462 inimicus
1318 3407 1425 3462 etit
1454 3423 1466 3460 :
1523 3408 1712 3478 procul
1745 3408 1886 3461 enim
1934 3410 2039 3462 ini-

474 3503 598 3555 mici
625 3502 748 3554 inde
785 3501 1092 3568 ejicientur.

473 3613 562 3668 85.
592 3612 770 3678 Quare
792 3613 970 3664 divina
1000 3613 1137 3664 dona
1171 3611 1375 3665 obtecta
1406 3620 1655 3665 maneant
1695 3615 1856 3666 donec
1882 3610 2054 3681 Sym--

895 3683 1072 3735 bolum
1108 3683 1403 3735 absolutum
1433 3683 1616 3750 fuerit.

545 3777 772 3830 Sacrum
805 3791 926 3830 vero
950 3778 1126 3828 velum
1158 3790 1322 3843 super
1343 3776 1501 3829 donis
1529 3776 1700 3830 donec
1723 3775 2039 3846 Symbolum

475 3867 813 3936 compleatur
852 3877 1074 3933 tenent,
1126 3868 1383 3936 quoniam
1418 3867 1600 3922 omnia
1634 3869 1702 3922 de
1747 3866 1875 3923 Jesu
1905 3884 2040 3938 pate

477 3961 722 4014 cmuliteri
753 3967 1009 4028 oportet:
1043 3975 1107 4012 ac
1141 3959 1216 4012 ita
1246 3959 1466 4012 demum
1499 3959 1618 4014 sine
1672 3960 2043 4027 integumento

481 4055 653 4119 ipsum
683 4053 880 4104 intueri
936 4053 1212 4104 convenit.
1246 4050 1377 4103 POSl
1415 4051 1529 4103 hzec
1568 4049 1812 4118 puni.ch
1874 4052 2045 4104 sacri-

483 4148 650 4198 ticaus
683 4143 840 4197 altari
874 4154 1031 4208 astat,
1064 4151 1116 4197 et
1165 4142 1346 4196 divina
1378 4142 1607 4197 laudans
1662 4157 1827 4211 Opera
1871 4152 2038 4213 aitque

485 4253 580 4307 pro
613 4237 866 4291 otiinihus
929 4236 1130 4303 gratias
1175 4249 1344 4303 agens
1399 4235 1466 4288 ad
1523 4233 1882 4302 arehangelos
1941 4251 2040 4306 ag-

482 4338 756 4398 gregatur.

484 4445 572 4497 86.
599 4441 872 4506 Quomodo
907 4439 1175 4509 Trisagius
1203 4441 1424 4508 hymnus
1457 4445 1597 4494 intra
1639 4451 1687 4495 et
1717 4452 1868 4496 extra
1900 4460 2047 4498 vema

1095 4511 1216 4562 deCu
1225 4520 1417 4562 utetur.

563 4603 903 4658 Victorialem
956 4617 1080 4657 cum
1138 4603 1206 4657 iis
1260 4603 1520 4672 hymnum
1557 4605 1844 4671 acclamat,
1903 4606 2051 4661 San-

488 4712 622 4764 ctus,
646 4709 883 4762 sanctus,
917 4683 1158 4762 sanctus,
1189 4711 1348 4765 quem
1402 4698 1564 4751 etiam
1613 4702 1846 4769 populus
1889 4711 2050 4755 cantu

489 4803 542 4845 et
563 4795 799 4845 clamore
852 4791 1075 4858 excipit,
1116 4790 1467 4858 ostenditque
1519 4793 1568 4843 in
1625 4794 1810 4847 futuro
1855 4801 2056 4849 sat-culo

488 4885 750 4954 a‘qualein
815 4897 915 4936 nos
959 4882 1171 4935 laudem
1222 4897 1342 4935 cum
1389 4882 1594 4950 angelis
1649 4887 2050 4951 perselttturos,

490 4992 543 5033 et
575 4981 828 5032 unionem
855 4991 977 5028 cum
1033 4974 1143 5026 illis
1184 4974 1491 5028 habituros.
1556 4976 1760 5029 Deinde
1813 4979 2055 5046 pontifex

493 5076 712 5125 laudato
748 5069 1058 5122 divinorum
1090 5082 1314 5135 operum
1349 5067 1593 5120 omnium
1634 5073 1893 5135 maximo,
1927 5070 2054 5124 Uni-

493 5163 655 5233 geniti
732 5162 1145 5225 incarnatione,
1224 5172 1557 5232 rursumque
1640 5162 2059 5229 praeclarissimo

495 5270 658 5324 opere
687 5254 1115 5322 dispensationis
1145 5251 1288 5320 ejus,
1319 5263 1493 5304 morte
1516 5253 1725 5306 scilicet
1763 5271 1857 5322 pro
1890 5257 2060 5311 .nebis

494 5347 756 5414 appetita,
788 5347 852 5398 ad
887 5346 1172 5400 recolenda
1203 5345 1459 5415 mysteria
1497 5347 1863 5414 progreditur,
1901 5360 1953 5402 et
1997 5352 2061 5402 ad

495 5449 681 5492 sancta
716 5436 896 5498 verba,
941 5452 1060 5504 qua:
1113 5435 1364 5490 Salvator
1405 5437 1520 5504 ipse
1557 5439 1876 5492 sacriﬁcans
1935 5455 2063 5508 pro-

497 5532 640 5595 tulit,
662 5530 804 5582 clare
831 5529 1149 5597 pronuntiat
1176 5546 1190 5582 :
1217 5547 1235 5579 ι
1262 5529 1526 5598 Accipite,
1548 5533 1837 5595 romedite,
1861 5533 1962 5586 hoc
1983 5542 2066 5587 est

495 5633 698 5686 corpus
725 5633 903 5671 meum
933 5637 946 5682 ;
976 5639 992 5669 ι
1018 5627 1070 5673 et
1102 5636 1116 5672 :
1143 5638 1162 5671 ι
1194 5620 1366 5675 Bibite
1399 5639 1463 5675 ex
1493 5623 1596 5675 hoc
1619 5639 1829 5688 omnes,
1867 5625 1951 5676 hie
1983 5636 2066 5678 Cal

498 5709 641 5762 cnim
673 5711 895 5778 sanguis
935 5726 1108 5776 meus,
1145 5729 1161 5762 ι
1188 5721 1294 5766 etc.
1330 5713 1677 5766 Posuuodmn
1703 5715 1892 5784 gratiis
1925 5719 2060 5771 actis

2139 3143 2361 3212 ἀγαπᾷν
2410 3140 2679 3210 ἀλλήλους
2729 3141 2857 3209 χρὴ,
2885 3139 2968 3191 ὃτι
3004 3137 3098 3190 καὶ
3133 3137 3368 3205 Χριστὸς
3393 3134 3462 3187 δι’
3492 3135 3719 3201 ἀγάπην

2143 3233 2474 3302 ἱερουργήθη
2505 3245 2520 3262 ⁸
2557 3232 2651 3284 καὶ
2677 3230 2768 3282 τὸν
2815 3229 3084 3298 μέλλοντα
3134 3228 3412 3281 κοινωνεῖν
3441 3225 3629 3289 αὐτοῦ,
3653 3223 3720 3277 οὐ

2145 3325 2283 3395 μετὰ
2331 3324 2549 3392 μήνιδος
2599 3322 2681 3375 δεῖ
2718 3321 3117 3391 παρίστασθαι.
3151 3320 3262 3372 Καὶ
3310 3318 3394 3369 ὅτι
3426 3316 3628 3377 πάντες
3658 3317 3720 3366 ἐν

2141 3418 2217 3486 τῷ
2252 3416 2498 3486 μέλλοντι
2533 3415 2698 3483 φίλοι,
2729 3414 2824 3465 καὶ
2851 3412 3028 3473 οὐδεὶς
3050 3411 3230 3462 ἐκεῖσε
3263 3406 3478 3478 ἐχθρός.
3509 3406 3574 3458 Ol.
3605 3406 3719 3474 γὰρ

2141 3511 2327 3580 ἐχθροὶ
2357 3511 2544 3581 πόρρω
2576 3508 2888 3578 βέϐληνται.

2145 3632 2248 3681 πε⁹.
2286 3626 2448 3679 Atat!
2468 3623 2644 3693 μέχρι
2679 3623 2786 3676 τοῦ
2816 3621 3179 3688 τελεσθῆναι
3209 3618 3275 3672 τὸ
3306 3617 3620 3687 Σύμϐολον
3649 3614 3724 3668 τὰ

2498 3694 2624 3747 θεῖα
2652 3695 2809 3760 δῶρα
2838 3694 3366 3760 περικαλύπτεται.

2215 3784 2494 3853 Κρατοῦσι
2541 3783 2599 3835 δὲ
2647 3784 2710 3835 τὸ
2763 3782 2906 3852 ἱερὸν
2941 3781 3204 3850 κάλυμμα
3235 3780 3468 3833 ἐπὶτῶν
3506 3778 3720 3848 δώρων,

2145 3879 2250 3940 ἕως
2275 3879 2338 3930 ἂν
2360 3879 2419 3929 τὸ
2447 3875 2589 3945 ἱερὸν
2611 3874 2944 3944 ἐκπληρωθῇ
2973 3873 3274 3942 Σύμϐολον,
3302 3873 3384 3928 ὅτι
3409 3872 3515 3942 χρὴ
3542 3872 3722 3926 πάντα

2145 3973 2211 4024 τὰ
2244 3972 2373 4042 περὶ
2398 3970 2492 4023 τοῦ
2536 3968 2711 4038 Ἰησοῦ
2756 3969 3013 4038 καθαρῶς
3055 3967 3484 4037 ἀνομολογῆσαι,
3507 3969 3601 4020 καὶ
3627 3966 3716 4020 οὖ›

2145 4079 2252 4124 τως
2299 4061 2759 4131 ἀπερικαλύπτως
2809 4061 2937 4113 ἰδεῖν
2971 4060 3155 4114 αὐτόν.
3183 4061 3365 4112 ,Μετὰ
3415 4059 3587 4112 ταῦτα
3624 4062 3726 4128 μὲν

2148 4151 2242 4207 οὖν
2275 4156 2301 4206 6
2336 4155 2598 4223 ἰεράρχης
2647 4153 2952 4222 ἰερουργῶν
2996 4152 3349 4220 παρίσταται,
3384 4151 3481 4202 καὶ
3509 4152 3577 4202 τὰ
3605 4151 3722 4204 θεῖα

2149 4246 2401 4316 ἀνυμνῶν
2433 4246 2591 4315 ἔργα,
2636 4246 2730 4298 καὶ
2775 4245 2913 4312 ὑπὲρ
2943 4245 3158 4298 πάντων
3190 4243 3554 4312 εὐχαριστῶν,
3589 4246 3724 4313 μετὰ

2153 4339 2261 4392 τῶν
2298 4337 2654 4409 ἁρχαγγέλων
2683 4337 2920 4391 ἑνοῦται.

2155 4461 2276 4518 πς’.
2311 4452 2441 4519 Πῶς
2473 4455 2504 4505 ό
2545 4451 2857 4521 Τρισάγιος
2907 4451 3093 4517 ὕμνος
3148 4451 3352 4518 ᾄδεται
3399 4450 3629 4505 ἔσωθέν
3666 4466 3725 4503 τε

2760 4524 2855 4574 καὶ
2892 4522 3134 4585 ἔξωθεν.

2228 4617 2335 4668 Καὶ
2367 4615 2457 4667 τὸν
2506 4615 2773 4666 ἐπινίκιον
2827 4613 3124 4682 ἀνακράζει
3169 4616 3265 4666 σὺν
3313 4616 3500 4678 αὐτοῖς
3539 4616 3726 4686 ὕμνον,

2155 4707 2238 4771 τὸ,
2277 4707 2522 4770 ιἈγιος,
2547 4707 2746 4772 γᾶγιος,
2782 4693 2955 4771 ἅγιος.
2989 4723 3008 4754 ι
3069 4703 3240 4757 Τοῦτο
3294 4708 3386 4758 καὶ
3419 4708 3446 4758 6
3480 4705 3609 4769 λαὸς
3641 4708 3733 4758 ὲκ-

2161 4799 2278 4869 βοᾷ,
2311 4798 2524 4858 δεικνὺς
2555 4796 2654 4865 τὴν
2690 4801 2744 4848 ὲν
2780 4797 2857 4866 τῷ
2891 4797 3139 4864 μέλλοντι
3177 4799 3301 4864 ἴσην
3337 4799 3543 4850 αῖνεσιν
3574 4799 3732 4868 ἡμῶν

2163 4890 2298 4961 μετὰ
2329 4890 2433 4941 τῶν
2466 4889 2732 4955 ἀγγέλων,
2761 4890 2852 4941 καὶ
2876 4891 2973 4958 τὴν
3005 4890 3122 4959 μετ’
3147 4891 3326 4942 αὐτῶν
3355 4889 3572 4946 ἕνωσιν.
3597 4888 3730 4952 Εἶτα

2095 5019 2107 5032 .
2160 4984 2219 5035 τὸ
2251 4983 2506 5051 μέγιστον
2537 4980 2754 5033 πάντων
2783 4981 2894 5031 τῶν
2922 4981 3099 5047 ἔργων
3127 4980 3222 5032 τοῦ
3250 4980 3383 5032 Θεοῦ
3414 4984 3734 5051 ἁνυμνήσας

2161 5079 2188 5128 ὁ
2215 5075 2496 5142 ἰεράρχης,
2520 5071 2616 5140 τὴν
2666 5071 2758 5122 τοῦ
2803 5072 3141 5140 Μονογενοῦς
3173 5073 3606 5142 ἐνανθρώπηοιν,
3643 5076 3735 5127 καὶ

2161 5168 2222 5219 τὸ
2257 5167 2513 5234 μέγιστον
2547 5163 2708 5216 πάλιν
2740 5163 2902 5231 ἔργον
2929 5165 3027 5232 τῆς
3078 5167 3391 5234 οἰκονομίας
3424 5165 3612 5230 αὑτοῦ,
3643 5166 3735 5218 τὸν

2165 5255 2307 5326 ὑπὲρ
2343 5255 2500 5325 ἡμῶν
2531 5253 2782 5318 θάνατον,
2805 5256 2884 5315 εἰς
2916 5256 3012 5321 τὴν
3047 5255 3351 5324 ἀνάμνησιν
3380 5258 3488 5307 τῶν
3521 5272 3737 5325 μυστη-

2169 5350 2298 5420 ρίων
2334 5349 2522 5417 χωρεῖ.
2557 5347 2665 5398 Καὶ
2693 5347 2818 5408 τοὺς
2853 5347 3036 5414 ἱεροὺς
3073 5349 3371 5415 ἁνακράζει
3398 5348 3612 5415 λόγους,
3643 5345 3739 5411 οὓς

2168 5437 2320 5494 εἶπεν
2353 5441 2515 5502 αὐτὸς
2561 5439 2864 5510 ἰερουργῶν
2896 5440 2923 5491 6
2959 5440 3172 5509 Σωτὴρ,
3198 5458 3216 5490 ι
3246 5442 3478 5503 Λάϐετε,
3508 5441 3736 5508 φάγετε,

2167 5532 2322 5583 τοῦτό
2363 5532 2480 5582 ἐστι
2527 5533 2588 5582 τὸ
2625 5531 2783 5596 σῶμά
2823 5548 2926 5598 μου
2959 5547 2974 5561 ·
3013 5549 3030 5580 ι
3081 5535 3193 5594 καὶ,
3235 5551 3252 5582 ι
3297 5533 3452 5584 [lists
3483 5532 3541 5595 ἐξ
3572 5531 3743 5584 αὑτοῦ

2171 5624 2392 5687 πάντες,
2423 5623 2581 5675 τοῦτό
2627 5626 2742 5674 ἐστι
2793 5623 2851 5674 τὸ
2897 5619 3038 5692 αἷμά
3073 5641 3202 5692 μουι
3235 5643 3252 5674 ³
3287 5627 3381 5677 καὶ
3412 5624 3481 5676 τὰ
3516 5623 3742 5693 mia];

2175 5717 2405 5768 Ἔπειτα
2437 5717 2576 5784 ὑπὲρ
2613 5713 2833 5768 πάντων
2864 5715 3286 5788 εὐχαριστήσας,
3312 5718 3415 5779 καὶ,
3438 5717 3580 5786 ὑπὲρ
3605 5715 3738 5770 πάνυ
