4094 6194
449 288 562 350 735

1298 290 1681 352 SYMEONIS
1701 288 1987 350 TIIESSA
1997 285 2446 350 LONICENSIS
2484 283 2840 346 ARCHIEP.
3581 273 3685 339 736

442 405 565 458 Ilu‘c
591 407 768 454 autem
811 400 987 456 virtus
1020 401 1113 455 Dei
1173 411 1254 456 est
1294 419 1392 458 nec
1421 421 1450 457 a
1494 418 1828 473 quocunque
1861 403 2002 456 fideli

2131 405 2202 456 ta‘l
2233 400 2485 472 οὐδαμῶς
2525 379 2935 471 ίερουργημένα
2982 394 3138 448 ἔσται
3187 393 3253 447 τὰ
3293 392 3423 461 παρ’
3463 393 3687 446 ἐκείνων

443 492 774 562 possidetur,
809 493 900 546 sed
933 492 1084 546 solus
1114 491 1168 545 in
1200 493 1466 560 dignitate
1497 493 1820 547 sacerdotali
1876 507 2009 547 con-

442 585 688 645 stitutus.
728 584 888 650 cuius
928 586 1091 638 etiam
1128 600 1320 653 preces
1361 587 1537 653 gratia
1563 586 1747 639 divina
1775 586 2010 639 interce-

443 679 604 732 dente
643 674 896 730 t'ﬁ‘ectunt
956 676 1175 730 habent.
1217 675 1371 742 Quod
1405 680 1495 745 qui
1533 692 1638 731 non
1673 676 1867 739 credit,
1918 683 2010 727 aut

441 769 534 834 qui
569 769 834 837 baptisma
864 777 916 822 et
947 769 1182 822 chrisma
1214 780 1265 822 et
1299 769 1545 823 ordinem
1608 766 2008 824 sacerdotalem

443 867 537 910 aut
589 858 966 911 remissionem
1013 868 1354 926 peccatorum
1401 869 1492 911 aut
1532 859 1774 912 habitum
1826 869 2014 910 mona-

443 951 654 1003 chalem
692 950 926 1019 acet-pit,
960 958 1012 1002 ct
1043 965 1208 1018 super
1253 966 1414 1018 quem
1470 950 1704 1003 initiatio
1766 965 1869 1002 non
1931 953 2014 999 est

445 1043 949 1110 l'lr()nllltliala,.is
1020 1042 1222 1095 inﬁdeli
1295 1041 1494 1096 similis
1557 1051 1611 1093 et
1685 1038 2015 1093 harreditalis

425 1135 768 1188 ‘llhristianae
794 1149 989 1203 expers
1023 1141 1108 1188 est
1147 1134 1463 1187 habendus.
1514 1132 1710 1186 Omnia
1742 1129 2012 1198 siquidem

447 1228 548 1277 ista
583 1241 674 1293 per
708 1240 898 1292 preces
927 1241 956 1278 a
1010 1225 1394 1279 sacerdotibus
1435 1223 1585 1278 fusas
1637 1221 2013 1292 perficiuntur.

447 1318 630 1386 Itaque
669 1320 712 1372 si
774 1319 1138 1387 baptizamus,
1194 1319 1498 1372 secundum
1555 1316 1856 1370 doctrinam
1911 1321 2020 1366 tra-

448 1411 616 1462 ditam
655 1410 707 1462 in
741 1410 964 1464 nomine
1019 1408 1196 1461 Patris
1229 1419 1282 1462 et
1329 1407 1445 1460 Filii
1475 1416 1528 1460 et
1571 1405 1805 1472 Spiritus
1844 1402 2016 1456 sancti

455 1502 819 1568 baptizamus,
866 1499 1252 1568 baptizandutn
1319 1499 1420 1552 sub
1473 1495 1755 1550 Trinitatis
1800 1494 2021 1548 invoca-

446 1593 592 1647 tione
626 1593 919 1646 initiantes.
953 1590 1056 1645 Sed
1091 1591 1177 1644 illa
1211 1591 1324 1646 sola
1357 1590 1698 1644 invocatione
1717 1601 1877 1656 quam
1904 1585 2021 1639 Sal-

452 1693 608 1736 t-ator
640 1682 852 1744 docuit,
895 1697 1000 1734 non
1043 1682 1306 1745 contenti,
1351 1680 1531 1734 crucis
1581 1681 1815 1749 signoet
1845 1675 2021 1731 insuf-

2110 495 2467 567 προτεθέντα,
2519 494 2639 547 οὐδὲ
2680 492 2840 560 σῶμα
2887 491 2980 543 καὶ
3027 484 3165 567 αἷμα
3211 485 3448 554 Χριστοῦ
3483 502 3499 518 ο
3545 485 3686 538 ὥστε

2111 566 2210 642 at.
2241 587 2554 658 ἄνθρωπος,
2593 585 2730 638 ἀλλὰ
2779 583 2913 646 Θεός
2955 583 3105 634 ἐστιν
3137 566 3176 634 ’ὁ
3220 579 3309 634 διὰ
3357 576 3452 631 τοῦ
3501 576 3689 644 ιερίως

2113 679 2376 750 ἐνεργῶν,
2412 677 2844 743 ἐπικαλουμένου
2874 674 2973 744 τὴν
3004 672 3162 742 χάριν
3209 669 3303 722 τοῦ
3350 667 3686 735 Ηνεύματος,

2115 773 2211 826 καὶ
2238 774 2377 842 ὅπερ
2410 771 2476 824 ἂν
2522 770 2649 838 εἴπῃ
2678 768 2705 819 ό
2735 767 2938 834 ίερεύς,
2977 763 3197 832 ἐνεργόν
3228 763 3346 813 ἐστι
3383 762 3448 830 τῇ
3485 758 3583 826 τῆς
3609 760 3688 810 ίεο

2121 853 2371 931 ρωσύνης
2419 859 2670 923 δυνάμει.
2717 855 2866 923 Αὕτη
2905 855 2960 907 δέ
3011 852 3313 906 Θεοῦρέστι
3344 849 3593 914 δύναμις,
3623 849 3691 914 ἣν

2115 950 2177 1002 οὐ
2226 951 2332 1010 πᾶς
2361 946 2624 1013 κέκτηται
2659 944 2872 1007 πιστὸς,
2909 940 3024 995 ἁλλ’
3051 943 3079 993 ό
3107 940 3204 1010 τὴν
3230 937 3565 1009 χειροτονίαν
3596 935 3690 987 τοῦ

2120 1041 2308 1111 ἱερέως
2341 1039 2501 1108 μόνος
2536 1037 2848 1103 δεξάμενος,
2902 1034 2995 1086 καὶ
3041 1033 3191 1085 πάσα
3226 1029 3359 1100 εὐχὴ
3407 1029 3570 1082 αὐτοῦ
3598 1046 3692 1078 τε·

2116 1129 2385 1191 λειοποιδς
2443 1127 2565 1199 θείᾳ
2614 1126 2823 1197 χάριτι.
2878 1125 2987 1177 Καὶ
3020 1125 3048 1176 ό
3082 1123 3156 1193 μὴ
3209 1117 3370 1174 τοῦτο
3421 1119 3692 1171 πιστεύων

2119 1220 2238 1273 οὐδέ
2271 1219 2560 1288 δεχόμενος
2597 1216 2720 1270 οὐτε
2752 1216 3033 1284 βάπτισμα
3060 1214 3184 1282 ἄρα,
3215 1212 3337 1265 οὔτε
3381 1211 3568 1282 μύρων
3601 1226 3692 1260 τε-

2119 1309 2298 1379 λετὴν,
2321 1309 2442 1362 οὔτε
2462 1309 2792 1379 χειροτονίαν
2819 1307 3106 1377 ίερατικῶν
3131 1305 3357 1369 τάξεων,
3392 1301 3514 1361 οὐτε
3537 1301 3700 1354 λύσινς

2121 1402 2505 1474 ἐγκλημάτων,
2557 1399 2681 1454 οὔτε
2743 1400 2849 1468 μὴν
2905 1399 3188 1467 σχήματος
3249 1393 3485 1464 μοναχοῦ
3539 1393 3693 1463 ἱερὰν

2122 1495 2286 1563 εὐχὴν
2323 1494 2715 1563 παραδέχεται,
2751 1492 2846 1544 παῖ⁵
2897 1491 3127 1543 ἀπίστου
3167 1482 3323 1549 οὗτος
3361 1487 3548 1553 ἐγγὺς,
3598 1486 3696 1537 καὶ

2124 1587 2320 1640 ἐαυτὸν
2352 1586 2450 1653 τῆς
2505 1586 2700 1654 μοίρας
2733 1583 2920 1651 ἐξάγει
2965 1582 3074 1635 τῶν
3117 1579 3480 1650 Χριστιανῶν.
3514 1578 3699 1632 Πάντα

2125 1681 2232 1750 γὰρ
2266 1679 2439 1732 ταῦτα
2463 1678 2530 1730 δι’
2573 1677 2750 1743 εὐχῶν
2798 1675 3036 1728 τελεῖται
3083 1671 3188 1725 τῶν
3219 1668 3529 1739 ίερατικῶν.
3562 1669 3695 1720 ὀσ-

449 1773 691 1835 (latione,
721 1773 1005 1841 prmccptis
1054 1787 1116 1826 ac
1165 1772 1436 1826 mandatis
1467 1770 1690 1835 additis,
1739 1770 1841 1823 olei
1891 1784 2012 1822 con-

2131 1791 2225 1842 περ
2251 1771 2342 1824 οὖν
2377 1768 2730 1840 βαπτίζοντες
2784 1767 2927 1820 καθὰ
2978 1763 3386 1834 παρελάϐομεν,
3417 1762 3495 1823 εἰς
3526 1759 3698 1828 δνομα

451 1865 653 1919 secrati
680 1866 978 1918 chrismate
1007 1874 1061 1918 et
1092 1873 1296 1917 sancta:
1342 1862 1628 1917 Trinitatis
1680 1862 2021 1916 invocatione

452 1971 647 2012 recens
708 1957 1042 2025 baptizatum
1107 1956 1478 2025 puriﬁcamus,
1509 1965 1564 2007 et
1605 1969 1798 2022 aquam
1845 1953 2021 2020 bapti-

449 2050 676 2105 smalem
712 2051 868 2117 signo
898 2049 1081 2101 cruris
1129 2059 1181 2102 et
1217 2047 1456 2114 Spiritus
1481 2047 1656 2100 sancti
1719 2046 2026 2100 sanctifica-

454 2158 576 2198 mus
610 2151 662 2196 et
691 2152 970 2210 unguento
1013 2140 1257 2194 adhibito
1288 2153 1447 2192 sacro
1475 2153 1662 2207 preces
1691 2138 2018 2206 pronuntia-

452 2247 574 2285 mus
655 2231 834 2283 crucis
898 2230 1056 2299 signo
1131 2228 1430 2298 signantes.
1503 2228 1634 2280 Post
1697 2228 2022 2296 baptismum

453 2319 648 2374 deinde
681 2320 1010 2388 baptizatum
1037 2326 1089 2374 et
1119 2319 1238 2371 oleo
1278 2323 1468 2371 sancto
1498 2326 1720 2370 unctum
1772 2315 2026 2384 precibus

452 2410 626 2467 sacris
659 2411 1034 2473 fortiﬁcanms,
1093 2407 1576 2484 Theophaniorutn
1645 2415 1828 2459 autem
1887 2405 2026 2459 festo

456 2519 628 2572 aquas
657 2513 1007 2558 consecratas
1051 2503 1305 2569 precibus
1356 2500 1538 2553 denuo
1589 2498 2023 2560 sanctiﬁcamus,

461 2607 518 2648 ut
571 2600 716 2648 et’ca
747 2608 868 2660 qua:
925 2590 1168 2660 quoddie
1217 2597 1654 2654 consecrantur;
1711 2586 2026 2644 sacerdotes

455 2688 600 2741 cnim
654 2685 856 2753 Spiritu
886 2695 1077 2738 sancto
1130 2681 1501 2735 intercedente
1558 2680 1815 2734 virtutem
1869 2692 2023 2732 suam

458 2779 731 2848 baptizato
789 2775 1300 2839 communicarunt;
1345 2789 1442 2828 nos
1482 2782 1659 2827 autem
1714 2771 2022 2840 pontiﬁcem

379 2851 386 2858 ⁶
456 2871 683 2925 electum
720 2878 813 2922 aut
867 2867 1204 2922 sacerdotem
1261 2879 1355 2934 per
1403 2881 1592 2935 preces
1619 2863 2027 2919 ecclesiasticas

457 2975 514 3016 et
559 2962 662 3016 sub
725 2961 963 3030 Spiritus
1018 2959 1194 3015 sancti
1254 2960 1602 3011 invocatione
1661 2957 2022 3018 admittimus,

459 3055 582 3123 quia
621 3069 649 3105 a
695 3053 894 3121 linguis
947 3053 1129 3118 ignitis-
1161 3067 1284 3120 qum
1330 3052 1382 3103 in
1429 3050 1703 3119 apostolos
1729 3048 2027 3104 descende-

2125 1864 2455 1934 βαπτίζομεν
2489 1861 2698 1926 Πατρδς
2726 1861 2820 1912 καὶ
2853 1857 3004 1934 Υίοῦ
3031 1858 3126 1910 καὶ
3171 1856 3328 1922 ἁγίου
3353 1852 3698 1922 Πνεύματος,

2215 1956 2499 2026 ἐπικλήσει
2523 1953 2622 2020 τῆς
2644 1950 2872 2021 Τριάδος
2899 1931 3413 2017 τὸνβαπτιζόμενον
3435 1943 3703 1996 τελειοῦνο

2121 2063 2233 2108 τες,
2264 2047 2442 2098 καίτοι
2469 2061 2532 2111 γε
2557 2043 2677 2095 οὐδὲ
2715 2042 2887 2112 ταύτῃ
2920 2043 2984 2110 τῇ
3021 2040 3308 2108 ἐπικλήσει
3341 2037 3476 2108 μόνῃ
3505 2036 3704 2106 ἀρκού-

2127 2137 2286 2208 μεθα,
2319 2137 2386 2206 ἣν
2415 2135 2733 2205 παρέδωκεν
2755 2135 2782 2183 ό
2801 2133 3012 2200 Σωτὴρ,
3034 2131 3171 2183 ἁλλὰ
3194 2131 3458 2200 πρότερον
3484 2129 3584 2199 μὲν
3605 2129 3708 2182 καὶ

2127 2229 2401 2297 σφραγῖδι,
2422 2228 2514 2281 καὶ
2550 2227 2766 2297 ἐμφυσὴ
2777 2243 2928 2294 ματι,
2957 2223 3121 2294 286
3145 2223 3238 2276 καὶ
3257 2223 3581 2288 ἁποταγαῖς,
3606 2220 3704 2273 καὶ

2128 2325 2416 2389 συνταγαῖς
2456 2321 2550 2374 καὶ
2593 2320 2802 2389 εὐχαῖς,
2836 2319 2931 2370 καὶ
2975 2317 3151 2386 χρίσει
3187 2316 3365 2368 ἐλαίου
3397 2312 3700 2381 ἁγιαζομέ-

2129 2432 2220 2467 νου
2252 2412 2528 2480 σφραγῖδι,
2571 2411 2666 2464 καὶ
2698 2409 3076 2478 ἐμφυσήματι,
3136 2407 3229 2459 καὶ
3281 2405 3570 2469 ἐπικλήσει
3603 2404 3704 2473 τῆς

2124 2506 2288 2571 ἁγίας
2333 2504 2600 2571 Τριάδος,
2639 2501 2732 2554 τὸν
2785 2500 3182 2570 βαπτιζόμενον
3235 2495 3702 2567 προκαθαίρομεν,

2126 2599 2221 2651 xui.
2252 2598 2326 2656 τὸ,
2346 2596 2490 2665 ὕδωρ
2521 2595 2614 2648 τοῦ
2643 2594 3022 2662 βαπτίσματος
3058 2593 3323 2662 σφραγῖδι
3356 2592 3447 2644 καὶ
3476 2590 3706 2658 ἐπικλή-

2128 2707 2208 2744 σει
2240 2690 2558 2757 Πνεύματος
2598 2686 2756 2752 ἁγίου
2792 2683 3226 2753 καθαγιάξομεν,
3273 2684 3369 2736 καὶ
3421 2681 3480 2735 τὸ
3529 2680 3707 2750 μύρον

2125 2781 2182 2833 δὲ
2211 2782 2270 2833 τὸ
2301 2780 2445 2847 ἱερὸν
2475 2779 2678 2848 ὁμοίως
2702 2777 2888 2846 εὐχαῖς
2913 2774 3358 2845 τελειοποιοῦμεν
3388 2777 3706 2843 ἀρχιερατι-

2128 2873 2275 2932 καῖς,
2306 2869 2400 2920 καὶ
2429 2867 2689 2938 σφραγῖδι
2717 2866 2814 2918 τοῦ
2845 2863 3106 2932 σταυροῦ,
3136 2865 3229 2917 καὶ
3254 2864 3393 2934 μετὰ
3420 2865 3480 2915 τὸ
3511 2862 3708 2933 βάπτι-

2131 2979 2244 3029 σμα
2273 2961 2363 3014 τὸν
2388 2959 2758 3030 βαπτισθέντα
2788 2959 2882 3011 καὶ
2907 2958 3202 3026 χρισθέντα
3226 2957 3303 3026 τῷ
3334 2955 3494 3026 μύρῳ
3519 2956 3708 3025 εὐχαῖς

2131 3056 2443 3123 τελειοῦμεν
2476 3041 2671 3122 ἱεραῖς,
2716 3053 2810 3104 καὶ
2858 3053 2970 3112 τοῖς
3019 3048 3335 3116 Θεοφανίοις
3366 3048 3434 3100 τὰ
3483 3047 3709 3115 ἁγιαζό-

457 3147 608 3200 runt,
644 3154 740 3207 per
774 3139 1014 3207 Spirilus
1049 3139 1222 3193 sancti
1257 3140 1486 3207 gratiam
1512 3150 1562 3193 et
1595 3137 2022 3192 munificentiam

2136 3159 2269 3212 μενα
2302 3142 2474 3196 ὕδατα
2523 3141 2711 3210 εὐχαῖς
2738 3138 3064 3208 ἁγιάζομεν,
3096 3138 3195 3190 καὶ
3224 3137 3307 3190 ἔτι
3329 3136 3399 3190 τὰ
3425 3136 3548 3190 καθ’
3577 3136 3712 3189 ἐκά-

461 3234 715 3286 virtutem
741 3241 1088 3285 cmanantent
1123 3239 1470 3299 receperunt.
1505 3230 1595 3283 Sic
1616 3238 1672 3284 ct
1711 3244 1814 3284 nos
1869 3227 2028 3297 panis

457 3335 513 3378 et
557 3325 743 3378 calicis
797 3323 850 3376 in
919 3337 1122 3392 corpus
1176 3329 1232 3375 et
1297 3321 1620 3389 sanguinem
1675 3320 1880 3376 Christi
1932 3334 2029 3390 per

464 3430 653 3484 preces
695 3412 997 3469 sacerdotis
1047 3411 1586 3479 transﬁgurationem
1639 3411 1799 3480 plane
1848 3409 2029 3463 credi-

464 3523 607 3571 mus,
674 3521 996 3575 persuasum
1048 3505 1304 3560 habentes
1381 3503 1560 3558 crucis
1618 3503 1772 3569 signo
1811 3510 1863 3555 et
1901 3497 2030 3568 Spi-

468 3598 604 3652 ritus
669 3597 843 3651 sancti
903 3596 1247 3650 invocatione
1299 3603 1352 3648 et
1411 3592 1594 3648 verbis
1653 3591 1885 3653 Domini,
1921 3591 2029 3644 Ac-

461 3689 643 3755 cipite,
684 3689 848 3752 edite,
903 3695 955 3741 et
992 3687 1160 3741 bibite
1209 3701 1274 3740 ex
1337 3701 1402 3740 eo
1436 3698 1626 3739 omnes
1657 3694 1714 3738 et
1769 3682 1931 3736 lacite
1959 3681 2029 3736 ad

467 3797 642 3835 meam
676 3780 1253 3834 commemorationem
1284 3777 1545 3847 apostolis
1573 3789 1625 3830 et
1659 3789 1846 3830 eorum
1899 3788 2028 3828 suc-

462 3873 775 3931 cessoribus
830 3872 1142 3927 facultatem
1210 3885 1304 3939 per
1345 3884 1534 3939 preces
1579 3867 1839 3936 operandi
1883 3881 2032 3920 eom-

463 3965 688 4018 tnissam
738 3963 926 4017 fuisse.
972 3963 1182 4017 Idcirco
1243 3962 1306 4016 ad
1358 3961 1572 4014 Patrem
1625 3973 1926 4014 conversus
1979 3965 2032 4012 et

464 4057 899 4111 incarnationem
949 4055 1164 4125 hymnis
1204 4055 1492 4109 celebrans
1537 4050 1822 4114 sacerdos,
1858 4051 2034 4118 primo

463 4144 860 4200 wrba.Christi
906 4145 1088 4199 divina
1140 4145 1248 4199 alta
1311 4159 1441 4198 voce
1482 4142 1697 4212 repetit,
1739 4139 1884 4210 quod
1932 4153 2035 4194 suo

466 4238 642 4308 ipsius
673 4236 895 4291 nomine
952 4245 1006 4289 et
1067 4244 1318 4290 nostrum
1377 4235 1620 4288 omnium
1692 4247 1848 4288 sacra
1905 4231 2036 4287 facit

465 4330 799 4385 secundum
844 4328 1179 4380 mandatum.
1263 4327 1342 4380 'l‘u
1397 4337 1619 4390 autem,
1699 4341 2032 4397 quaesumus,

2134 3251 2264 3304 στην
2296 3232 2654 3302 ἁγιαζόμενα,
2687 3212 3018 3300 τῶσὶερὲων
3041 3231 3138 3302 τὴν
3173 3232 3326 3301 ίσχὺν
3348 3229 3723 3299 κεκτημένων⁸

2129 3328 2240 3381 ἀπὸ
2293 3327 2388 3381 τοῦ
2437 3327 2832 3397 βαπτισθέντος
2887 3330 2944 3381 ἐν
2999 3327 3174 3393 ὕδατι,
3235 3328 3325 3380 ὅτε
3381 3326 3444 3379 τὺ
3477 3323 3713 3392 Πνεῦμα.

2130 3417 2386 3485 κατῆλθε,
2424 3420 2518 3471 καὶ
2563 3417 2654 3470 τὸν
2691 3417 3139 3488 χειροτονηθέντα
3174 3417 3436 3488 ἀρχιερέα
3551 3416 3707 3484 ίερέα

2130 3510 2394 3581 δεχόμεθα
2448 3509 2558 3564 άπδ
2613 3509 2722 3562 τῶν
2768 3510 3058 3578 ίερατικῶν
3106 3509 3280 3580 εὐχῶν
3329 3509 3423 3561 καὶ
3470 3508 3570 3576 τῆς
3607 3507 3710 3560 τοῦ

2133 3601 2451 3672 Πνεύματος
2478 3601 2844 3670 ἐπικλήσεως,
2871 3601 3016 3671 ἅπερ
3045 3601 3334 3655 πλουτοῦσι
3355 3600 3453 3670 τὴν
3473 3599 3718 3666 δύναμιν

2132 3693 2238 3746 ἀπὸ
2267 3693 2365 3760 τῆς
2395 3693 2452 3744 ἐν
2473 3693 2600 3745 εῖδει
2631 3693 2871 3762 πυρίνων
2900 3693 3183 3762 γλωσσῶν,
3205 3692 3277 3754 ὡς
3298 3692 3622 3760 εἰρήκαμεν,
3651 3692 3720 3742 ἐν.

2132 3789 2246 3848 τοῖς
2276 3783 2596 3848 ἀποστόλοις
2633 3783 2900 3852 ἐλθούσης
2946 3783 3042 3836 τοῦ
3098 3783 3457 3853 Παρακλήτου
3500 3782 3710 3852 δωρεᾶς

2133 3898 2192 3933 τε
2225 3880 2321 3932 καὶ
2351 3880 2600 3949 χάριτος,
2635 3876 2779 3930 οὕτω
2811 3879 2905 3930 καὶ
2932 3877 2992 3930 τὸ
3021 3875 3276 3942 γενέσθαι
3306 3877 3397 3930 τὸν
3422 3876 3584 3945 ἄρτον
3613 3877 3711 3928 καὶ

2133 3972 2195 4024 τὸ
2229 3972 2496 4040 ποτήριον
2528 3969 2688 4038 σῶμα
2715 3971 2808 4022 καὶ
2831 3965 2972 4038 αἷμα
2998 3969 3258 4040 Χριστοῦ,
3285 3968 3391 4020 ἀπὸ
3426 3969 3532 4020 τῶν
3557 3968 3712 4036 ἱερα-

2134 4063 2300 4115 τικῶν
2331 4060 2689 4130 πιστεύομεν
2737 4062 2927 4129 σαφῶς
2984 4059 3328 4126 ἐνεργεῖσθαι
3371 4058 3570 4129 εὐχῶν,
3613 4057 3710 4110 καὶ

2136 4151 2470 4206 τελειοῦσθαι
2511 4154 2576 4222 τῇ
2627 4151 2722 4206 τοῦ
2772 4151 3010 4221 σταυροῦ
3049 4151 3328 4219 σφραγῖδι,
3365 4151 3458 4202 καὶ
3485 4151 3552 4219 τῇ
3589 4149 3711 4200 ἐπι-

2138 4245 2328 4314 κλήσει
2358 4244 2451 4298 τοῦ
2488 4244 2642 4311 ἁγίου
2665 4245 3007 4313 Πνεύματος,
3033 4241 3140 4295 τῶν
3168 4241 3464 4311 Κυριακῶν
3492 4239 3710 4309 φωνῶν,

2138 4333 2222 4398 τὸ,
2253 4333 2482 4399 Λάϐετε,
2509 4335 2738 4401 φάγετε,
2761 4333 2854 4386 καὶ
2885 4333 3038 4385 πίετε
3065 4332 3122 4397 ἐξ
3161 4331 3322 4384 αὐτοῦ
3349 4333 3569 4394 πάντες,
3599 4348 3712 4394 και,

469 4423 731 4492 Spiritum
760 4428 912 4473 tuum
942 4429 994 4474 et
1014 4419 1152 4472 dona
1186 4429 1273 4472 tua
1301 4419 1352 4472 in
1385 4434 1482 4472 nos
1509 4419 1744 4482 eﬂunde,
1777 4429 1829 4474 et
1858 4420 2027 4472 lnecec

2141 4425 2312 4477 Τοῦτο
2361 4427 2568 4478 ποιεῖτε
2616 4427 2696 4488 εξς
2725 4426 2826 4495 τὴν
2879 4425 3018 4494 ἐμὴν
3069 4422 3397 4493 ἀνάμνησιν,
3429 4424 3541 4486 τοῖς
3582 4423 3720 4474 ἀπο-

471 4514 523 4568 itt
569 4526 768 4580 corpus
822 4503 888 4563 et
927 4511 1246 4579 sanguinem
1292 4510 1518 4573 Christi,
1580 4519 1638 4562 ut
1675 4510 1793 4576 ipse
1841 4511 2034 4571 voluit,

471 4618 524 4659 et
566 4604 771 4673 Spiritu
805 4615 998 4658 sancto
1024 4602 1291 4656 mediante
1315 4601 1669 4658 transfortna.
1705 4601 1828 4658 llaec
1849 4604 2039 4658 dicens

471 4697 725 4752 sacerdos
759 4695 940 4750 crucis
976 4696 1131 4764 signo
1163 4706 1241 4748 ter
1277 4694 1423 4749 facto
1473 4710 1676 4764 corpus
1725 4704 1780 4749 et
1815 4696 2041 4766 sangui-

471 4804 592 4843 netn
627 4795 826 4842 factum
884 4803 1008 4843 esse
1053 4788 1227 4840 credit
1269 4803 1460 4853 panem
1502 4797 1556 4841 et
1597 4790 1845 4843 calicem.
1882 4787 2041 4843 Nunc

469 4891 650 4937 autem
723 4882 976 4936 Christus
1044 4882 1114 4935 sit
1167 4896 1498 4935 consecraus
1553 4891 1608 4936 et
1666 4890 2038 4942 consecratus.

468 4975 703 5030 oﬂerens
719 4984 770 5030 et
800 4975 1034 5036 oblatus,
1058 4975 1324 5028 exhibens
1342 4981 1506 5043 atque
1530 4973 1802 5027 exhibitus
1821 4975 1962 5029 sic-ut
1987 4976 2039 5028 itt

473 5083 670 5134 πυξοειιο
709 5069 932 5136 legimus
977 5067 1242 5118 Adventu.
1303 5063 1371 5118 Ut
1411 5075 1592 5118 autem
1657 5066 1857 5120 clarius
1927 5064 2043 5119 [nec

473 5161 954 5213 demonstremus:
1003 5159 1262 5212 sacerdos
1305 5158 1448 5210 dona
1497 5173 1601 5210 ron
1655 5157 1832 5212 crucis
1889 5156 2046 5224 signo

476 5251 658 5322 siyat
713 5253 842 5302 dum
909 5248 1078 5311 dicit,
1133 5249 1399 5314 Accipite,
1453 5249 1618 5310 edite,
1657 5248 1822 5301 lellc
1862 5260 1925 5300 ex
1981 5261 2046 5300 eo

474 5358 689 5396 omnes.
718 5342 797 5395 Ad
834 5341 1044 5394 Patrem
1097 5342 1241 5395 enim
1278 5341 1412 5395 istas
1479 5356 1638 5393 voces
1668 5339 1876 5405 dirigit;
1928 5353 2049 5407 qua:

475 5437 639 5496 dona,
676 5443 813 5488 teste
847 5434 1072 5495 Basilio.
1123 5434 1364 5502 antitypa
1402 5443 1713 5492 evaserunt,
1747 5431 1836 5484 ubi
1865 5445 2047 5484 sacer-

477 5527 577 5579 dos
607 5539 726 5594 post
763 5529 909 5580 dona
945 5527 1124 5580 oblata
1181 5526 1356 5580 dixit:
1409 5524 1524 5578 Tua
1561 5541 1627 5578 et
1673 5523 1780 5577 tuis
1827 5533 1881 5574 et
1925 5521 2046 5591 Spi-

479 5629 568 5672 tus
619 5621 791 5672 s-tttcti
865 5618 1096 5688 gratiam
1182 5619 1476 5680 invocavit,
1544 5632 1706 5684 quam
1763 5616 2049 5668 advenisse

478 5711 650 5768 Credit
679 5721 799 5780 post
856 5724 1063 5779 preces.
1148 5709 1287 5764 Tum
1337 5711 1482 5764 dona
1533 5708 1715 5764 crucis
1756 5710 1913 5778 signo
1965 5708 2042 5762 δὶα

2143 4517 2354 4580 στόλοις
2383 4518 2481 4570 καὶ
2528 4519 2642 4580 τοῖς
2671 4518 2769 4587 τῆς
2800 4517 3022 4586 χάριτος
3053 4515 3234 4568 αὐτῶν
3277 4515 3539 4584 διαδόχοις
3569 4513 3722 4578 ἅπαξ

2141 4607 2301 4662 τοῦτο
2329 4609 2754 4680 παρασχουσῶν,
2803 4607 3064 4660 δύνασθαι
3091 4606 3180 4659 διὰ
3215 4606 3324 4658 τῶν
3357 4605 3537 4675 εὐχῶν
3567 4607 3727 4675 ἐνερ-

2143 4703 2281 4766 γεῖν.
2330 4699 2420 4752 Διδ
2457 4703 2549 4754 καὶ⁸
2594 4703 2730 4770 πρὸς
2768 4700 2861 4752 τὸν
2896 4699 3114 4767 Πατέρα
3147 4697 3590 4767 ἐκδιηγούμενος,
3624 4699 3719 4748 καὶ

2143 4791 2400 4860 ἁνυμνῶν
2426 4793 2495 4845 τὰ
2526 4792 2625 4860 τῆς
2673 4790 2983 4860 οίκονομίας
3036 4790 3065 4842 ό
3122 4789 3322 4859 ἱερεὺς,
3365 4788 3583 4859 πρῶτον
3617 4803 3722 4856 μεν

2143 4887 2242 4947 τὰς
2272 4883 2367 4936 τοῦ
2419 4882 2655 4952 Χριστοῦ
2711 4882 2861 4944 θείας
2915 4880 3216 4951 ἁνακράζει
3253 4879 3461 4947 φωνὰς,
3511 4879 3605 4931 καὶ
3636 4878 3721 4931 ὅτι

2147 4980 2307 5032 τοῦτο
2344 4978 2506 5040 αὐτὸς
2547 4977 2853 5046 παρέδωκε,
2889 4977 2984 5029 καὶ
3033 4975 3114 5027 ὅτι
3146 4974 3247 5026 Διὰ
3294 4972 3455 5026 τοῦτο
3485 4973 3723 5041 προσφέ-

2153 5071 2318 5140 ρομέν
2351 5087 2434 5124 σοι
2480 5069 2653 5124 ταῦτα
2699 5069 2840 5138 ὑπὲρ
2885 5068 3164 5130 ἁπάντων,
3218 5069 3359 5121 κατά
3410 5067 3509 5138 τὴν
3547 5064 3721 5138 ,αὐτοῦ

2151 5164 2391 5232 ἐντολὴν,
2452 5163 2638 5216 λοιπὸν
2691 5160 2928 5229 δεόμεθά
2957 5177 3073 5222 σου,
3120 5160 3190 5212 σὺ»
3232 5160 3293 5212 τὸ
3355 5157 3579 5228 Πνεῦμά
3624 5173 3722 5209 σου

2150 5254 2535 5319 ἐξαπόστειλον
2572 5255 2652 5316 εἰς
2687 5254 2786 5322 ἐμέ
2833 5270 2893 5305 τε
2937 5254 3028 5305 καὶ
3065 5253 3132 5304 τὰ
3168 5252 3508 5321 προκείμενα
3552 5249 3719 5317 δῶρα.

2151 5350 2260 5401 Καὶ
2285 5347 2507 5416 ποίησον
2537 5346 2710 5398 ταῦτα
2740 5345 2900 5408 σῶμα
2934 5345 3030 5397 καὶ
3076 5339 3214 5414 αἷμα
3245 5343 3433 5406 αὐτοῦ,
3467 5341 3541 5404 ὼς
3582 5342 3724 5392 ἐκεῖ-

2151 5451 2241 5496 νος
2275 5435 2401 5502 ἔφη,
2433 5434 2752 5502 μεταϐαλὼν
2773 5433 2848 5502 τῷ
2882 5433 3022 5503 ἁγίῳ
3053 5450 3146 5485 σου
3185 5431 3484 5500 Πνεύματι.
3526 5429 3635 5482 Καὶ
3664 5431 3724 5482 ἐν

2151 5528 2228 5595 τῷ
2259 5527 2458 5594 λέγειν,
2495 5524 2812 5596 σφραγίζει.
2845 5525 2948 5578 Καὶ
2981 5526 3100 5594 τρὶς
3138 5525 3466 5593 σφραγίσας,
3504 5521 3634 5574 αὐτὸ
3658 5522 3723 5574 τὸ

2153 5619 2311 5684 σῶμα
2345 5620 2438 5670 καὶ
2479 5614 2617 5686 αἷμα
2678 5616 2924 5669 πιστεύει
2985 5612 3126 5669 εἶναι
3155 5619 3183 5670 ό
3212 5616 3388 5686 ίερεύς
3432 5616 3524 5667 τὸν
3557 5614 3722 5683 ἄρτον

2155 5713 2241 5763 κα³
2286 5711 2342 5763 τὸ
2369 5712 2650 5779 ποτήριον,
2691 5709 2812 5761 ἐπεὶ
2842 5710 2932 5763 καὶ
2964 5710 3124 5774 αὐτός
3157 5711 3272 5762 ἐστι
3309 5707 3538 5779 Χριστὸς
3565 5707 3593 5760 ὁ
3629 5705 3722 5760 διὰ
