4094 6194
583 329 689 390 739

1434 334 1818 396 SYMEONIS
1859 336 1960 394 ΤΠ
1974 335 2155 394 ESSA
2170 335 2636 398 LONICENSIS
2681 340 3037 400 ARCHIEP.

3687 345 3777 405 ’ίίο

576 445 682 498 sub
743 441 984 514 Spiritus
1049 446 1221 500 sancti
1307 447 1646 503 invocatione
1696 449 1960 518 prolatas,
2010 449 2152 501 sicut

2254 452 2343 501 καὶ
2375 448 2667 517 εὐδόκησεν
2717 451 2742 502 6
2796 449 3001 519 Πατὴρ,
3035 448 3067 518 ἢ
3103 449 3164 500 τὸ
3201 447 3420 515 Πνεῦμα
3451 449 3509 502 τδ
3541 450 3682 517 ἅγιον
3719 455 3780 522 μή

574 536 838 592 Donrinus
871 540 1226 608 przcscripsit,
1263 540 1372 594 Dco
1436 543 1638 609 gratias
1686 541 1940 605 dicendo,
2002 541 2146 596 inter

574 626 955 694 mysteriorum
1029 629 1470 683 celebrationem.
1567 630 1621 683 Id
1691 632 1836 684 enim
1911 631 2143 698 apostoli

572 734 788 785 quoque
818 714 994 772 facere
1046 721 1162 773 visi-
1199 731 1346 782 sunt,
1395 722 1600 786 gratias
1667 732 1888 788 agentes
1935 731 1986 775 et
2045 737 2141 790 pa-

575 826 696 863 nem
734 811 1066 880 frangentes,
1104 814 1246 866 sicut
1271 811 1460 866 Patres
1499 813 1735 869 Basilius
1783 821 1836 866 et
1896 814 2139 884 Chryso-

572 913 784 956 stomus
839 905 1202 957 tradiderunt.
1243 903 1344 968 Qui
1387 915 1570 958 autem
1624 905 1912 966 resistunt,
1959 921 1988 957 a
2046 920 2143 958 sua

575 997 814 1063 ipsorum
839 995 1049 1064 liturgia
1082 995 1508 1062 reprehendendi
1535 1004 1718 1057 erunt,
1746 995 1871 1063 quia
1901 1006 1951 1048 et
1970 996 2070 1066 ipsi
2091 998 2142 1050 in

575 1102 780 1153 corpus
806 1086 1010 1140 Christi
1044 1067 1364 1154 sanguinem
1390 1089 1768 1140 transformari
1829 1089 2040 1151 dicunt,
2092 1097 2146 1141 ct

571 1181 714 1231 dona
783 1179 1124 1242 benedicunt,
1165 1190 1224 1232 et
1277 1194 1376 1232 suo
1431 1195 1582 1233 more
1645 1188 1833 1233 contra
1904 1179 2142 1234 divinam

572 1273 924 1326 traditionem
962 1273 1259 1335 iusuﬂlant,
1289 1290 1394 1328 non
1444 1275 1685 1329 contenti
1745 1276 1878 1329 solis
1927 1274 2142 1328 Demini

570 1363 772 1416 verbis.
805 1362 864 1415 lii
919 1379 1012 1431 per
1055 1381 1152 1419 nos
1187 1381 1322 1417 nova
1372 1366 1720 1423 introducant
1795 1367 1992 1420 licebit.
2037 1365 2144 1420 Nos

571 1469 751 1512 aut."
781 1457 1104 1512 traditiones
1135 1468 1382 1524 receptas
1410 1461 1796 1519 observantes.
1828 1460 1969 1512 sicut
2022 1459 2141 1512 Sal-

575 1560 726 1600 vator
753 1549 867 1615 ipse
920 1564 1014 1616 per
1043 1550 1314 1616 apostolos
1336 1549 1631 1616 Patresqne
1660 1550 1908 1610 tradidit.
1941 1559 2141 1604 sancta:

571 1641 1260 1708 communionismysteria
1315 1644 1416 1693 sub
1455 1643 1688 1710 Spiritus
1744 1644 1919 1696 sancti
1986 1643 2138 1695 invo-

572 1731 788 1782 catioue
823 1739 873 1781 ct
907 1746 1000 1798 per
1037 1732 1198 1784 verba
1231 1731 1440 1786 Domini
1471 1743 1526 1786 et
1574 1734 1918 1787 sacerdotum
1949 1750 2139 1803 preces

573 1823 814 1890 prolatas
863 1839 1206 1892 peragamus,
1264 1835 1316 1878 et
1361 1827 1440 1878 sic
1483 1827 1663 1878 omnia
1719 1827 1900 1878 divina
1954 1843 2138 1881 sacra-

573 1925 782 1976 menta,
816 1916 1102 1969 sacerdote
1148 1915 1359 1969 Numen
1392 1917 1734 1982 implorante,
1775 1919 2136 1984 celebremus,

568 2013 623 2056 et
682 2004 862 2056 crucis
917 2004 1075 2066 signo
1115 2007 1338 2072 signati.
1383 2007 1564 2058 omnia
1594 2007 1659 2058 ad
1691 2018 1938 2060 sanctum
1974 2009 2132 2061 ﬁnem

570 2095 887 2163 perductum
964 2095 1029 2148 iri
1105 2097 1402 2151 secundum
1483 2099 1810 2152 voluntatem
1892 2100 2132 2155 divinam

567 2188 880 2240 credamus.
910 2187 1036 2241 Haec
1065 2187 1352 2242 hactenus.

2252 542 2623 609 συνήργησεν.
2655 540 2869 595 Οὐκοῦν
2903 542 2931 592 6
2964 540 3061 602 τὰς
3099 540 3382 608 ἱερατικὰς
3413 542 3571 610 εὐχὰς
3599 544 3780 598 ἀθετῶν

2249 634 2344 684 ἐπὶ
2407 635 2472 702 τῇ
2526 632 2805 684 τελειώσει
2853 633 2960 685 τῶν
3016 633 3330 701 μυστηρίων
3378 632 3481 684 οὐδ’
3514 633 3666 702 ἄλλην
3703 636 3778 688 ἐπὶ

2246 725 2358 776 τῶν
2385 725 2547 793 ἱερῶν
2601 727 2833 778 ἀπασῶν
2867 725 3099 778 τελετῶν
3129 724 3442 790 τελεστικὴν
3479 714 3631 795 εὐχὴν
3656 727 3780 796 δέχεο

2247 833 2358 880 ται,
2393 817 2485 868 καὶ
2513 816 2573 869 οὐ
2608 815 2934 885 Χριστιανὸς
2971 814 3151 877 οὗτος,
3186 814 3309 866 ἐπεὶ
3347 813 3466 867 οὐτε
3504 815 3774 885 βάπτισμα,

2245 907 2320 968 ὠς
2378 909 2815 976 προειρήκαμεν,
2871 906 2996 959 οὐτε
3053 907 3286 976 χρίσμα,
3322 906 3445 958 οὔτε
3499 908 3776 975 μετάνοιαν,

2246 997 2356 1051 οὔτ’
2407 999 2586 1052 ἔλαιον
2618 998 2794 1065 ἅγιον,
2840 998 2951 1050 οὐθ’
3003 997 3292 1066 ἁμαρτιῶν
3345 997 3553 1064 ἄφεσιν,
3587 998 3616 1066 ἦ
3648 998 3780 1050 θείαν

2249 1087 2572 1157 ἱερωσύνην,
2629 1089 2661 1158 ἢ
2702 1089 2989 1156 μοναδικὺν
3037 1089 3244 1158 σχῆμα,
3297 1088 3330 1156 ἢ
3387 1090 3506 1140 ναὸν
3541 1087 3776 1157 ἆγιον,ἢ

2245 1181 2425 1249 τίμιον
2463 1181 2663 1248 γάμον,
2692 1180 2724 1249 ἢ
2772 1181 2896 1232 τινὰ
2929 1180 3066 1242 ὅλως
3115 1180 3388 1246 ἁγιασμὸν
3422 1179 3778 1249 παραδέχεται.

2246 1272 2432 1325 Ταῦτα
2479 1273 2585 1341 γὰρ
2644 1273 2821 1326 πάντα
2850 1271 2938 1324 διὰ
2966 1270 3074 1323 τῶν
3111 1271 3407 1340 ίερατικῶν
3451 1271 3616 1340 εὐχῶν
3651 1271 3783 1338 ἐνερ-

2244 1368 2444 1432 γεῖται.
2481 1366 2550 1417 Ἣ
2581 1365 2764 1417 τοίνυν
2801 1363 3044 1432 μηδύλως
3072 1363 3239 1433 εὐχὴν
3266 1364 3326 1416 ὲν
3353 1366 3418 1434 τῇ
3459 1363 3723 1434 ἱερουργίᾳ
3752 1364 3780 1432 ἢ

2245 1455 2559 1523 προλεγέτω
2605 1449 2996 1522 ήὲπιλεγέτω,
3045 1456 3141 1507 καὶ
3190 1454 3279 1506 διὰ
3330 1453 3486 1506 τοῦτο
3542 1455 3667 1523 μηδὲ
3697 1453 3782 1522 τὴν

2243 1549 2401 1616 χάριν
2450 1546 2815 1601 ἐπικαλείσθω
2875 1547 2969 1598 τοῦ
3037 1545 3393 1616 Πνεῦματος,
3437 1547 3510 1608 ὡς
3555 1545 3616 1598 ἂν
3665 1546 3782 1614 μηδὲ

2243 1642 2524 1694 κοινωνίαν
2573 1641 2671 1710 ἔχῃ
2719 1641 2978 1710 Χριστοῦ,
3019 1641 3222 1709 ὁμοίως
3261 1659 3319 1693 τε
3359 1641 3482 1711 μήτ’
3520 1642 3574 1692 ἐν
3603 1639 3675 1710 τῷ
3703 1639 3783 1708 βα·
3845 1662 3850 1666 ·

2243 1733 2510 1799 πτίσματι
2563 1733 2595 1800 ἦ
2634 1734 2752 1792 ταῖς
2785 1731 2972 1793 ἄλλαις
3007 1729 3254 1794 τελεταῖς
3290 1729 3652 1783 ὲπικαλείσθω
3699 1729 3784 1797 τήν

2243 1824 2406 1893 χάριν
2439 1821 2534 1874 τοῦ
2582 1821 2924 1891 Πνεῦματος,
2960 1822 3047 1874 ἵνα
3102 1821 3363 1891 μηδαμῶς
3413 1819 3504 1892 ἔχῃ
3542 1821 3636 1889 τῆς
3673 1819 3784 1873 Ἐκ-

2245 1915 2474 1985 κλησίας
2528 1915 2866 1984 μυστήριον.
2927 1913 3049 1982 μηδ’
3079 1914 3216 1976 ὅλως
3263 1915 3350 1981 εῑη
3393 1911 3716 1983 Χριστιανύς,
3753 1905 3780 1979 ἢ

2243 2007 2568 2076 Χριστιανὸς
2625 2006 2801 2072 λέγων
2857 2001 3021 2068 εἶναι,
3073 2006 3168 2057 καὶ
3211 2005 3501 2074 δεχόμενος
3557 2005 3647 2065 τὰς
3688 2002 3782 2054 τῶν

2241 2101 2430 2171 ἱερέων
2459 2099 2663 2168 εὐχὰς,
2718 2100 2812 2150 καὶ
2845 2099 2942 2160 τὰς
2995 2096 3316 2159 τελεστικὰς
3369 2097 3574 2158 ταύτας
3622 2093 3784 2162 φωνὰς

2239 2192 2494 2261 δεχέσθω,
2529 2191 2665 2260 πρὸς
2703 2189 2793 2242 τὸν
2825 2189 3041 2259 Πατέρα
3067 2206 3124 2241 τε
3151 2187 3333 2250 οὔσας,
3366 2190 3464 2243 καὶ
3487 2190 3550 2257 τῇ
3574 2185 3779 2252 ἐπικλήέ

567 2294 653 2330 σει
682 2279 974 2347 γινομένας
1014 2278 1108 2332 τοῦ
1148 2280 1294 2333 θείου
1345 2281 1684 2349 Πνεῦματος,
1721 2284 1796 2346 ὡς
1828 2283 2211 2352 παραδέδωκεν
2275 2285 2303 2335 6
2357 2283 2549 2351 Σωτὴρ
2603 2280 2739 2350 πρὸς
2792 2282 2885 2333 τὸν
2959 2280 3176 2347 Πατέρα
3247 2278 3662 2349 εὐχαριστήσας.
3707 2276 3774 2338 ὡς

566 2372 820 2440 εἴρηται,
879 2373 936 2422 ἐν
987 2373 1064 2442 τῷ
1118 2374 1185 2426 τὰ
1223 2376 1496 2443 μυστήρια
1549 2378 1814 2445 ἐνεργεῖν.
1851 2378 1915 2428 Ὃ
1957 2377 2048 2429 καὶ
2113 2378 2175 2452 οἱ,
2240 2376 2528 2429 ἀπόστολοι
2591 2371 2874 2436 ποιοῦντες
2935 2371 3284 2434 ἐδείκνυντο,
3359 2366 3780 2440 εὐχαριστοῦντες

567 2466 683 2533 ἅμα
715 2466 808 2518 καὶ
842 2466 1076 2529 κλῶντες
1110 2470 1201 2522 τὸν
1227 2470 1411 2537 ἄρτον,
1443 2476 1537 2521 καὶ
1574 2473 1620 2521 0!
1651 2471 1889 2538 Πατέρες
1956 2469 2374 2541 παραδεδώκασι
2449 2467 2724 2529 Βασίλειος
2796 2467 2889 2516 καὶ
2938 2462 3344 2534 Χρυσόστομος.
3410 2464 3470 2516 Ol
3546 2459 3780 2514 ἁνθιστάο

570 2575 721 2626 μενοι
771 2561 827 2614 δὲ
871 2563 963 2614 καὶ
1011 2563 1116 2614 ἀπὸ
1170 2565 1269 2630 τῆς
1301 2564 1452 2630 σφῶν
1488 2563 1829 2632 λειτουργίας
1863 2564 2351 2633 ὲξελεγχέσθωσαν.
2396 2561 2662 2630 Εῦχονται
2741 2557 2850 2625 γὰρ
2933 2556 3032 2608 καὶ
3080 2555 3256 2619 αὐτοὶ,
3346 2555 3413 2608 τὰ
3461 2553 3774 2622 προκείμενα.

558 2660 728 2728 ’σῶμα
760 2663 1013 2728 γενέσθαι
1067 2666 1159 2715 καὶ
1209 2659 1346 2731 αἷμα
1382 2664 1475 2717 τοῦ
1517 2663 1779 2733 Χριστοῦ,
1831 2664 1925 2715 καὶ
1973 2663 2254 2730 εὐλογοῦσι
2293 2662 2360 2714 τὰ
2388 2660 2562 2729 δῶρα,
2604 2658 2700 2709 καὶ
2739 2653 3023 2724 ἐμφυσῶσι
3096 2655 3246 2722 παρὰ
3314 2653 3414 2721 τὴν
3487 2649 3631 2703 θείαν
3693 2664 3782 2700 πα-

569 2753 812 2818 ράδοσιν.
863 2757 962 2808 οὐκ
1017 2758 1347 2827 ἀρκούμενοι
1404 2763 1526 2820 ταῖς
1575 2759 1670 2813 τοῦ
1753 2761 1958 2829 Κυρίου
2011 2758 2170 2824 μόνον
2247 2758 2472 2824 φωναῖς.
2517 2752 2655 2806 Ἀλλ’
2708 2744 2853 2802 οῦτοι
2915 2749 3011 2817 μὲν
3063 2748 3238 2800 πάντα
3286 2743 3778 2814 καινοτομείτωσαν.

579 2848 774 2919 Ἡμεῖς
811 2853 868 2906 δὲ
902 2857 1196 2922 τηροῦντες
1223 2857 1322 2918 τὰς
1367 2856 1687 2925 παραδόσεις
1726 2856 1792 2918 ἃς
1830 2854 2235 2925 παρελάϐομεν,
2265 2855 2338 2915 ὡς
2363 2854 2388 2904 ὁ
2412 2851 2602 2918 Σωτήρ
2631 2847 2698 2900 δι’
2739 2844 2933 2898 ἑαυτοῦ
2960 2843 3052 2896 καὶ
3122 2842 3229 2930 τῶν
3292 2841 3603 2893 ἀποστόλων
3662 2853 3783 2930 παρ·

564 2946 733 2998 ἔδωκε
788 2949 884 3000 καὶ
932 2948 1208 3016 Πατέρων,
1249 2951 1319 3001 τά
1352 2967 1406 3000 τε
1451 2951 1726 3018 μυστήρια
1775 2950 1872 3018 τῆς
1914 2949 2149 3018 φρικτῆς
2187 2944 2494 3012 ὲκτελῶμεν
2525 2939 2824 3003 κοινωνίας,
2867 2939 2932 3005 τῇ
2983 2927 3269 3002 ἐπικλήσει
3302 2934 3399 2986 τοῦ
3439 2933 3577 2988 θείου
3634 2927 3783 2982 Πνεύ.

569 3055 760 3104 ματος,
797 3037 886 3090 διά
916 3056 974 3090 τε
1003 3040 1110 3090 τῶν
1142 3040 1234 3092 τοῦ
1285 3040 1490 3107 Κυρίου
1545 3041 1829 3109 ῥημάτων,
1882 3041 1975 3091 καὶ
2023 3037 2133 3090 τῶν
2175 3035 2468 3105 ίερατικῶν
2496 3031 2690 3101 εὐχῶν,
2723 3028 2816 3080 καὶ
2855 3027 3035 3087 πάσας
3078 3025 3177 3084 τὰς
3221 3025 3374 3088 θείας
3441 3023 3675 3085 τελετὰς,
3726 3022 3786 3090 τῇ

566 3133 844 3200 προσευχῇ
881 3130 974 3184 τοῦ
1005 3131 1192 3200 ἱερέως
1221 3134 1276 3182 ἐν
1312 3132 1432 3198 θείᾳ
1463 3133 1770 3200 ἐπικλήσει,
1804 3132 1897 3184 καὶ
1933 3134 1998 3201 τῇ
2034 3130 2127 3184 τοῦ
2166 3126 2399 3197 σταυροῦ
2432 3127 2712 3193 σφραγῖδι,
2746 3121 2846 3190 τὴν
2913 3119 3196 3174 τελείωσιν
3271 3117 3612 3186 πιστεύωμεν
3655 3115 3785 3181 δέχε-

567 3223 694 3275 σθαι
723 3224 860 3276 κατὰ
890 3225 989 3293 τὴν
1023 3225 1170 3278 θείαν
1206 3227 1524 3293 παράδοσιν.
1570 3227 1728 3278 Ἀλλὰ
1760 3227 1820 3280 :6
1852 3227 1980 3294 περὶ
2007 3225 2197 3278 τούτου
2226 3223 2324 3291 μὲν
2353 3221 2609 3290 ἀρκείτω.

2163 3318 2206 3378 C
2241 3333 2349 3388 που.
2391 3333 2510 3399 Τίή
2539 3329 2850 3400 προσευχὴ
2873 3331 2958 3392 τὸ,
3009 3327 3250 3400 «Πάτερ
3276 3327 3500 3396 malum
3537 3321 3786 3378 διδάσκει

635 3326 724 3392 89.
758 3335 896 3400 Quid
933 3337 1107 3390 oratio
1164 3337 1439 3391 Dominica
1486 3339 1671 3391 doceat
1703 3337 2062 3408 attendatque.

636 3492 879 3548 Tandem
935 3494 1026 3548 ubi
1065 3496 1273 3565 rogavit
1304 3505 1360 3550 ut
1405 3512 1513 3550 uno
1557 3513 1652 3551 ore
1700 3506 1755 3552 et
1800 3513 1907 3551 uno
1955 3498 2138 3552 animo
2188 3507 2193 3512 ‘

565 3582 732 3638 Deum
773 3585 1169 3650 collaudcmus.
1225 3600 1278 3642 et
1312 3589 1738 3644 misericordiam
1806 3605 1982 3659 magni
2045 3589 2136 3644 Dei

561 3674 685 3729 .Iesu
717 3675 919 3732 Christi
966 3695 1130 3748 super
1203 3695 1300 3735 nos
1352 3683 1672 3736 invocavit:
1726 3681 1936 3736 coelein
1988 3679 2133 3735 Patri

563 3783 663 3823 nos
703 3770 1044 3837 adoptandos
1079 3771 1262 3831 olfert,
1314 3786 1479 3828 orans
1534 3775 1611 3827 uti
1670 3789 1764 3842 per
1827 3774 2134 3826 naturalem

556 3860 679 3928 ejus
708 3860 904 3915 Filium
935 3877 962 3915 a
989 3873 1209 3932 peCCato
1249 3866 1484 3934 purgati.
1549 3865 1846 3920 scentulum
1899 3864 2132 3934 gratiam

559 3952 655 4004 filii
693 3953 950 4016 evadere.
1016 3966 1068 4009 et
1099 3957 1190 4024 qui
1223 3956 1385 4010 Pater
1415 3969 1495 4011 est
1523 3957 1780 4018 cmlcstis,
1815 3973 1938 4011 eum
1970 3957 2132 4026 digne

559 4059 754 4098 vocare
787 4043 1002 4100 Patrem
1056 4050 1352 4115 possimus.
1394 4047 1504 4102 Hoc
1543 4059 1722 4101 autem
1776 4049 1992 4115 signum
2052 4056 2134 4102 est

558 4137 754 4193 futura:
789 4141 1094 4194 concordiae
1131 4142 1182 4194 in
1223 4141 1406 4194 futuro
1430 4143 1628 4196 saeculo
1659 4150 1714 4194 ct
1757 4140 1978 4194 unionis
2004 4155 2127 4194 cum

559 4229 671 4283 Deo
705 4230 756 4282 in
789 4229 993 4298 Spiritu
1046 4244 1258 4294 sancto,
1324 4249 1420 4300 per
1479 4233 1818 4302 unigenitum
1867 4233 1987 4302 ejus
2048 4232 2136 4285 Fi-

558 4322 711 4376 lium.
750 4319 900 4376 Unde
949 4323 1190 4391 pontifex
1247 4340 1432 4393 pacem
1489 4334 1781 4392 precatus,
1835 4335 1888 4378 et
1945 4325 2134 4394 gratiis

557 4416 718 4478 artis,
754 4424 806 4466 et
837 4415 965 4468 Jesu
994 4416 1267 4479 invocato,
1303 4417 1378 4467 nti
1439 4432 1496 4468 se
1523 4426 1840 4470 sanctorum
1909 4417 2136 4486 partici-

559 4521 679 4573 pcm
710 4505 894 4568 faciat,
931 4515 984 4560 et
1014 4517 1322 4562 mereantur
1371 4504 1533 4561 etiam
1571 4510 1752 4562 caeteri
1805 4526 1901 4579 per
1951 4511 2130 4578 ipsum

561 4596 854 4665 participes
885 4596 1022 4658 fieri,
1053 4611 1338 4667 pOSIquam
1369 4599 1540 4652 sacris
1563 4599 1853 4665 aDSolutis,
1888 4601 1954 4654 ad
1987 4616 2130 4656 com-

562 4688 875 4741 munionem
913 4688 1148 4742 devenit.

556 4891 649 4946 90.
698 4889 874 4956 Quare
899 4891 1176 4958 episcopus
1224 4893 1488 4946 Immerali
1547 4894 1736 4945 iterum
1771 4909 1880 4947 sesc
1916 4893 2127 4949 induat.

627 5050 857 5104 Pallium
901 5051 1096 5105 iterum
1151 5052 1403 5115 assumit,
1453 5051 1745 5106 declarans
1802 5051 1903 5106 hac
1949 5068 2028 5114 re,
2071 5069 2129 5106 se

557 5145 708 5212 prius
739 5144 1048 5197 ministrum
1090 5129 1376 5206 fuiS'se,ret
1428 5145 1839 5199 sanctissimum
1879 5144 2008 5198 illud
2039 5161 2129 5198 0r-

561 5246 874 5290 namcntuln
910 5236 962 5288 in
988 5252 1047 5291 se
1078 5251 1364 5306 cztpcssere
1413 5237 1668 5290 veritum.
1722 5234 1995 5300 Quoniam
2029 5251 2131 5288 au-

560 5337 666 5380 tem
709 5329 948 5395 perfecto
976 5343 1158 5398 Opere,
1216 5338 1270 5382 et
1303 5329 1367 5381 ad
1417 5327 1737 5382 elevandum
1799 5343 2012 5396 panem,
2050 5337 2134 5378 at-

557 5433 664 5482 que
728 5419 781 5472 in
853 5427 1033 5486 partes
1099 5421 1472 5480 dividendum,
1556 5428 1610 5472 et
1684 5418 1748 5471 ad
1808 5419 2132 5483 capiendum

558 5509 792 5577 aliisque
818 5511 1255 5563 distribuendum
1291 5511 1523 5570 accedit,
1559 5523 1783 5564 necesse
1831 5518 1916 5562 est
1979 5508 2130 5560 illum

559 5602 739 5653 munia
769 5600 1050 5661 dignitatis
1099 5617 1210 5656 sua:
1263 5618 1414 5654 sacra
1451 5602 1694 5672 symbola
1753 5599 2002 5652 induere.
2069 5599 2135 5653 Et

561 5706 686 5742 cum
724 5691 992 5757 pontificis
1020 5692 1349 5760 pra-cip-ium
1384 5693 1758 5746 indumentum
1795 5693 1859 5744 sit
1887 5691 2129 5759 pallium,

565 5777 697 5830 illud
736 5781 1042 5834 necessario
1097 5781 1350 5846 assumit,
1384 5791 1438 5834 et
1469 5797 1592 5835 cum
1647 5797 1714 5838 eo
1750 5782 2131 5837 divinissimo-

2803 3417 2866 3453 τε
2891 3400 2991 3452 καί
3025 3398 3218 3464 δηλοῖ.

2313 3496 2482 3558 Τέλος
2512 3495 2568 3546 δὲ
2593 3495 2619 3546 6
2653 3491 2936 3562 ίεράρχης,
2972 3490 3202 3556 στόματι
3243 3488 3325 3539 ἑνὶ
3359 3489 3457 3540 καὶ
3491 3487 3584 3556 μιᾷ
3613 3484 3782 3554 καρδίᾳ

2243 3576 2689 3658 προσευξάμενος
2740 3585 2909 3636 αἰνεῖν
2939 3585 3029 3633 τὸν
3066 3579 3198 3632 Θεὸν
3241 3580 3434 3654 ἡμᾶς..
3466 3578 3556 3630 καὶ
3589 3576 3650 3628 τὰ
3679 3573 3784 3638 ne.

2187 3661 2214 3685 θ
2241 3683 2335 3737 τοῦ
2379 3682 2618 3752 μεγάλου
2651 3678 2788 3732 Θεοῦ
2814 3675 2974 3745 ήμῶν
3009 3672 3184 3742 Ἰησοῦ
3219 3669 3458 3740 Χριστοῦ
3492 3667 3789 3722 ἑπικαλεσάο

2244 3793 2428 3844 μενος,
2482 3773 2621 3842 πρὸς
2653 3771 2752 3841 τὴν
2789 3767 3064 3820 υἱοθεσίαν
3113 3767 3259 3835 ήμᾶς
3289 3765 3386 3817 τοῦ
3419 3757 3786 3832 ὑπερουρανὶον

2239 3867 2451 3936 Πατρδς
2485 3865 2699 3930 ἀνάγει,
2734 3862 3024 3930 εὐχόμενος
3055 3858 3140 3909 διὰ
3174 3855 3269 3909 τοῦ
3311 3856 3457 3908 κατὰ
3488 3855 3646 3923 φύσιν
3675 3846 3788 3902 Υίοῦ

2239 3956 2695 4025 κεκαθαρμένους
2723 3951 3046 4020 κατὰ-χάριν
3075 3948 3224 4009 υίούς
3251 3946 3530 4014 γενέσθαι,
3558 3944 3647 3998 καὶ
3675 3943 3790 3993 ἐπα-

2241 4048 2371 4113 ξίως
2401 4045 2630 4098 καλέσαι
2666 4041 2824 4110 ήμῶν
2863 4039 3081 4108 Πατέρα
3126 4037 3218 4088 τὸν
3252 4037 3598 4102 ἐπουράνιον.
3639 4029 3790 4086 Τοῦῖο

2237 4135 2293 4188 δὲ
2323 4134 2474 4204 δηλοῖ
2507 4131 2605 4200 τὴν
2641 4133 2700 4184 ἐν
2734 4131 2811 4197 τῷ
2865 4127 3112 4195 μέλλοντι
3140 4127 3549 4195 ὁμοερροσύνην,
3595 4121 3683 4174 καὶ
3706 4118 3792 4186 τὴν

2239 4227 2376 4296 πρὸς
2403 4226 2492 4277 τὸν
2521 4224 2653 4276 Θεὸν
2679 4224 2764 4276 διὰ
2789 4221 2883 4276 τοῦ
2914 4219 3252 4287 Μονογενσῦς
3279 4220 3341 4272 ἐν
3369 4219 3508 4288 ἁγίῳ
3540 4213 3790 4282 ΙῙνεύματι

2236 4320 2455 4372 ἕνωσιν.
2497 4319 2666 4378 ’Όθεν
2701 4318 2796 4370 καὶ
2824 4316 3050 4385 εἰρήνην
3074 4315 3102 4365 ὀ
3128 4311 3394 4381 Ξεράρχης
3419 4308 3788 4375 ἐπευξάμενος,

2237 4411 2333 4463 καὶ
2363 4409 2768 4479 εὐχαριστήσας
2803 4407 2898 4459 καὶ
2942 4405 3032 4458 τὸν
3075 4403 3284 4472 Ἰησοῦν
3326 4401 3788 4469 ἐπικαλεσάμενος,

2236 4500 2375 4552 ὥστε
2415 4499 2734 4568 μεταδοῦναι
2765 4497 2927 4549 αὐτὸν
2960 4495 3122 4564 αὐτῷ
3155 4495 3266 4548 τῶν
3301 4494 3496 4560 ἁγίων,
3530 4493 3617 4544 καὶ
3644 4504 3787 4540 κατα-

2239 4593 2497 4661 ξιωθῆναι
2516 4591 2764 4660 2886ι’
2787 4589 2953 4651 αὐτοῦ
2977 4589 3071 4640 καὶ
3106 4587 3231 4649 τοὺς
3251 4586 3476 4649 λοιποὺς
3504 4581 3784 4654 μετασχεῖν,

2189 4665 2208 4707 )
2239 4685 2362 4735 ἐπεὶ
2411 4682 2508 4748 τὴν
2542 4680 2856 4749 ἱερουργίαν
2887 4679 3156 4739 τετέλεκε,
3193 4678 3288 4729 καὶ
3335 4677 3471 4746 πρὸς
3499 4676 3593 4742 τὴν
3621 4685 3788 4724 κοινω·

2245 4772 2360 4824 νίαν
2392 4771 2630 4838 ἔρχεται.

2239 4888 2307 4950 ιιι.
2342 4883 2502 4935 Atat!
2542 4881 2730 4934 πάλιν
2763 4882 2824 4934 τὸ
2867 4881 3205 4949 ὠμοβόινον
3236 4884 3268 4935 ό
3303 4877 3611 4949 ἀρχιερεὺς
3649 4871 3785 4928 ἐνδι-

2859 4952 3178 5005 ’δί’σλιεται.

2311 5046 2594 5114 Λαμϐἀνει
2625 5045 2790 5098 πάλιν
2814 5045 2874 5096 :6
2911 5044 3246 5114 ὼμοφὸριον,
3271 5043 3506 5104 δεικνὺς,
3553 5040 3629 5092 ὅτι
3657 5034 3786 5102 πρῶ·

2234 5154 2328 5190 τον
2379 5138 2479 5206 μὲν
2527 5135 2880 5205 ἐξυπηρετῶν
2929 5131 3016 5202 ἧν,
3066 5134 3160 5186 καὶ
3205 5131 3603 5200 εὐλαϐούμενος
3647 5123 3708 5195 ἦν
3737 5121 3790 5173 ἐδ

2236 5230 2381 5298 ἱερὸν
2419 5231 2596 5281 ἐκεῖνο
2626 5227 2832 5295 ἔνδυμα
2865 5225 3201 5286 ὲνδεδῦσθαι,
3237 5224 3361 5276 ἐπεὶ
3391 5222 3437 5275 δ’
3471 5219 3712 5283 ἐτελέσθη
3734 5213 3787 5263 τὸ

2236 5319 2417 5388 ἔργον,
2480 5319 2575 5372 καὶ
2627 5319 2912 5388 ἀνυψῶσαι
2962 5317 3052 5370 τὸν
3105 5317 3272 5386 ἄρτον
3323 5314 3420 5367 καὶ
3470 5312 3678 5382 μελίσαι
3721 5305 3786 5363 εἰς

2240 5411 2400 5478 μέρη,
2433 5409 2530 5462 καὶ
2563 5410 2893 5478 μεταλαϐεῖν
2913 5410 3006 5460 καὶ
3032 5406 3355 5476 μεταδοῦναι
3385 5405 3622 5473 ἔρχεται,
3648 5395 3788 5466 χρεία

2241 5509 2307 5556 τά
2335 5505 2434 5573 τῆς
2464 5505 2618 5570 ἀξίας
2649 5505 2824 5557 πάντα
2856 5504 2978 5572 ἱερὰ
3011 5501 3257 5570 σύμϐολα
3285 5495 3616 5550 ὲνδεδῦσθαι.
3650 5486 3789 5542 Ἐπεὶ

2240 5596 2297 5648 δὲ
2320 5597 2412 5648 τοῦ
2439 5599 2694 5667 ἰεράρχου
2729 5596 3009 5664 ἐξαίρετον
3040 5595 3101 5646 :6
3123 5591 3434 5660 ὠμοφόριον
3465 5587 3679 5652 ἔνδυμα,
3707 5577 3787 5629 καὶ

2239 5689 2400 5743 τοῦτο
2455 5692 2611 5760 χρεία
2675 5690 2881 5754 λαϐεῖν,
2932 5691 3025 5742 καὶ
3061 5686 3160 5738 σῦν
3200 5682 3346 5748 αὐτῷ
3380 5682 3490 5733 τῶν
3523 5675 3781 5729 θειοτάτωι

2246 5782 2593 5853 μεταλαϐεῖν.
2639 5782 3032 5851 Ἐνῖυσάμενος
3058 5779 3235 5833 τοίνυν
3261 5774 3352 5828 καὶ
3399 5771 3674 5840 ivisti/(bal;
3710 5764 3788 5812 τὸν
