4094 6194
277 295 376 362 7n
815 296 822 304 ·
1269 283 1686 348 ΕΧΡΟΞΙΤΙΟ
1732 282 1834 341 DE
1869 279 2138 342 DIVINO
2176 279 2507 340 TEMPLO.
3425 271 3556 336 742-

277 410 459 477 ᾱρτον,
487 404 607 470 καὶ,
643 400 754 456 «Tit
777 401 939 470 ’Ἅγια
962 399 1072 462 τοῖς
1097 399 1273 467 ἁγίοις
1309 417 1326 449 ι
1361 397 1619 462 ἀνειπὼν,
1649 396 1855 454 ἐκεῖνος
1885 397 1902 453 J

2008 407 2076 446 im
2112 406 2170 446 se
2205 391 2528 460 participem
2567 387 2770 444 reddit.
2799 387 3036 450 indutus
3085 383 3249 451 igitur
3287 391 3341 436 et
3371 383 3426 436 in
3460 384 3537 434 ald

280 473 378 569 pth;
414 497 549 566 πρὸς
592 495 692 562 τὴν
739 493 890 545 θείαν
951 493 1166 560 ἐκείνην
1216 491 1312 560 τῆς
1366 489 1518 556 ἱερᾶς
1571 485 1856 556 τραπέζης

2008 499 2074 536 un
2097 485 2316 538 sublato
2364 498 2526 553 pane,
2563 481 2820 549 dictoque
2857 496 2873 534 :
2928 477 3125 532 Sancta
3165 475 3386 538 sanctis,
3445 473 3536 527 ille

278 567 459 656 ζῶσαν
489 587 696 657 τροφὴν
743 585 932 652 ἁγίους
959 583 1204 646 ἅπαντας
1225 581 1404 648 καλεῖ,
1445 598 1464 632 ι
1495 580 1576 634 Τὰ
1606 579 1794 648 Ἀγια,
1833 595 1852 628 ι

2008 576 2180 632 itidem
2232 576 2300 630 ad
2341 591 2558 630 sacrum
2622 588 2792 629 sacra:
2840 585 3042 626 mensa:
3092 579 3146 624 ct
3210 570 3390 620 vit-um
3433 567 3538 620 ali-

277 675 476 747 λέγων,
520 696 538 729 ι
567 678 676 739 τοῖς
711 675 908 743 ἁγίοις.
948 692 966 724 ι

2008 675 2207 723 lentum
2240 677 2684 722 sanctos'omnes
2719 673 2900 730 vocat,
2935 663 3062 716 dum
3097 661 3228 714 dicit
3257 677 3270 712 :
3329 658 3534 713 Sancta

1966 762 2189 814 sanctis.

315 865 722 938 ιια’.,Τίεδη.ιοῖ
755 866 856 942 τὸ,
1021 863 1229 942 ἅγιος..
1252 857 1337 927 εἷς
1373 861 1609 930 Κύριος,
1642 859 1738 914 καί
1771 863 1829 914 τί

1965 870 2218 937 9|.Quid
2249 871 2504 940 signiﬁcet
2542 869 2682 924 Unus
2708 878 2954 940 sanctus,
3003 883 3138 922 unus
3177 866 3454 930 Dominus,
3491 877 3541 921 et
3639 931 3642 934 ,

824 935 1097 988 διδάσκει
1125 935 1340 987 τοῦτα·

2419 941 2548 1008 quid
2576 955 2667 1006 per
2697 939 2792 990 hoc
2823 942 3095 991 doceatur.

2041 1033 2279 1103 Populus
2313 1032 2552 1087 vicissim
2601 1045 2844 1084 consona
2903 1045 3033 1082 voce
3061 1029 3261 1082 clamat
3299 1049 3313 1085 :
3345 1050 3362 1082 ι
3393 1029 3546 1084 Unus

1972 1134 2219 1188 sanctus,
2241 1138 2388 1177 unus
2415 1123 2573 1176 .lesns
2613 1121 2866 1174 Christus
2907 1121 2959 1174 in
2987 1121 3156 1189 gloria
3182 1122 3270 1176 Dei
3291 1121 3490 1176 Patris.
3523 1139 3542 1171 ι

1972 1213 2038 1267 Et
2073 1215 2172 1268 hoc
2207 1214 2453 1284 quidem,
2516 1221 2572 1266 ut
2621 1211 2822 1266 Paulus
2856 1211 3010 1276 dicit,
3075 1212 3456 1282 praedicabitur
3493 1212 3550 1264 in

1974 1305 2166 1359 ultima
2213 1306 2320 1370 die,
2363 1303 2584 1372 quando
2617 1302 2745 1356 Jesu
2793 1321 2811 1352 ‹
2843 1301 3089 1357 ﬂeetetur
3115 1317 3277 1358 omne
3302 1319 3466 1373 genu,
3497 1307 3552 1356 et

1975 1397 2154 1452 omnis
2187 1397 2372 1463 lingua
2415 1395 2791 1460 coniitebitur,
2820 1397 3079 1464 quoniam
3111 1395 3374 1450 Dominus
3394 1395 3554 1450 Jesus

1976 1499 2058 1544 est
2088 1489 2141 1542 in
2173 1488 2346 1558 gloria
2381 1486 2474 1539 Dei
2522 1485 2702 1540 Patris
2737 1487 2774 1538 ⁷.
2813 1505 2830 1536 ι
2859 1487 2934 1538 Ex
2979 1487 3080 1540 hoc
3119 1487 3280 1556 igitur
3313 1501 3558 1540 commu-

367 1029 428 1082 ’0
455 1028 509 1080 δὲ
545 1027 674 1088 λαὸς
723 1025 1024 1094 ὁμοφώνως
1075 1020 1286 1090 κράζει,
1348 1040 1364 1072 ι
1409 1015 1506 1083 Εἷς
1551 1019 1728 1086 ἅγιος,
1784 1015 1866 1079 εἷς

287 1120 493 1187 Κύριος
537 1114 747 1185 Ἰησοῦς
796 1113 1052 1183 Χριστὸς,
1090 1112 1170 1173 είς
1214 1110 1370 1174 δόξαν
1401 1109 1537 1163 Θεοῦ
1567 1111 1800 1180 Πατρός.
1844 1129 1862 1162 ι

287 1211 462 1264 Τοῦτο
493 1209 550 1262 δὲ
591 1207 802 1270 Παῦλος
831 1207 964 1278 φησὶ
1010 1204 1454 1274 κηρυχθήσεσθαι
1485 1199 1548 1256 ἒν
1596 1205 1661 1274 τῇ
1691 1203 1873 1256 τελευ-

287 1306 422 1374 ταίᾳ
479 1301 822 1373 ἡμέρᾳ,’ὃτε
880 1317 898 1351 ι
957 1297 1164 1368 κάμψει
1212 1299 1321 1350 πᾶν
1374 1297 1502 1366 γόνυ
1551 1296 1628 1366 τῷ
1671 1295 1867 1366 Ἰησοῦ,

291 1397 446 1448 πᾶσα
475 1395 529 1446 δὲ
563 1393 786 1460 γλῶσσα
839 1388 1298 1459 ἐξομολογήσεται
1325 1428 1340 1452 ,
1389 1389 1471 1441 ὅτι
1509 1385 1712 1458 Κύριος
1769 1386 1874 1448 ἰη-

297 1489 426 1549 σοῦς
460 1485 696 1554 Χριστὸς
764 1485 844 1548 είς
873 1483 1028 1546 δόξαν
1062 1481 1196 1534 Θεοῦ
1237 1480 1469 1550 Πατρός.
1507 1499 1526 1532 ι
1573 1481 1665 1534 Ἐκ
1686 1478 1874 1532 τούτου

289 1580 476 1630 τοίνυν
505 1575 658 1646 κοινὴ
690 1575 908 1628 πάντων
962 1575 1156 1636 ἓνωσις
1208 1573 1316 1625 τῶν
1369 1571 1580 1624 πιστῶν
1615 1571 1877 1640 ἀνομολο-

293 1673 498 1736 γεῖται,
530 1669 624 1720 καὶ
645 1669 679 1737 ἡ
711 1667 1003 1735 συμφωνία
1033 1669 1186 1734 παρὰ
1219 1667 1436 1719 πάντων
1468 1664 1570 1733 τῆς
1601 1662 1878 1733 ἀνακηρύ-

293 1761 436 1823 ξεως
464 1757 556 1810 τοῦ
590 1756 967 1827 σαρκωθέντος
983 1749 1124 1808 Υίοῦ
1148 1755 1241 1807 τοῦ
1275 1753 1430 1817 Θεοῦ,
1463 1754 1520 1816 ὃς
1551 1753 1643 1807 ἐπὶ
1669 1755 1878 1815 πάντας

291 1849 653 1920 βασιλεύσει,
717 1849 812 1902 καὶ
863 1845 965 1917 τῆς
1027 1846 1304 1916 βασιλείας
1361 1844 1526 1898 αὑτοῦ
1574 1845 1674 1898 οὐκ
1727 1843 1880 1898 ἔσται

295 1944 478 2006 τέλος,
521 1941 598 2004 ὡς
647 1941 984 2010 γέγραπται.
1028 1939 1192 1992 Ἀλλὰ
1221 1938 1316 1992 καὶ
1366 1939 1503 2010 πρὸς
1548 1941 1649 2010 τὴν
1698 1941 1883 2010 φωνὴν

309 2057 332 2090 ι
360 2037 444 2090 Τὰ
474 2037 642 2104 Ἀγια
681 2037 794 2096 τοῖς
819 2035 1017 2102 ἁγίοις,
1051 2052 1070 2085 ι
1111 2033 1190 2100 τὺ,
1230 2051 1250 2083 ι
1277 2029 1368 2095 Εἷς
1400 2033 1574 2102 ἅγιος,
1611 2051 1630 2084 ι
1667 2034 1720 2086 ἐν
1752 2034 1884 2085 ἀπο-

301 2128 490 2197 κρίσει
535 2125 848 2196 λεγόμενον,
893 2123 1110 2192 πρῶτον
1148 2123 1246 2194 μὲν
1298 2125 1396 2192 τὴν
1434 2119 1886 2191 αὐτοαγιωσύνην

303 2217 668 2285 καταγγέλλει
698 2216 790 2270 τοῦ
812 2215 970 2279 Θεοῦ,
1004 2217 1099 2268 καὶ
1145 2217 1226 2268 ὅτι
1257 2213 1390 2284 παρ’
1416 2213 1580 2266 αὑτοῦ
1613 2215 1747 2268 πᾶσι
1775 2217 1888 2272 τοῖς

299 2309 692 2379 ἁγιαζομένοις
719 2310 868 2362 ἐστὶν
903 2311 930 2362 ό
965 2307 1258 2376 ἅγιασμός.
1284 2307 1394 2360 Καὶ
1421 2305 1805 2368 ταπεινώσεως
1829 2306 1886 2358 δὲ

303 2404 498 2472 ἐπέχει
527 2401 682 2469 λόγον
705 2416 720 2431 ο
763 2399 863 2463 Τίς
907 2399 1016 2470 γὰρ
1051 2398 1224 2463 ἔσται,
1251 2397 1408 2466 φησι,
1438 2397 1678 2466 καθαρὸς
1707 2395 1885 2466 ἡμῶν,

299 2495 342 2564 ἦ
377 2494 458 2555 τίς
495 2493 684 2560 ἆγιοςς
733 2485 826 2554 Εἷς
864 2492 1024 2560 μόνος
1059 2490 1238 2559 ἅγιος,
1275 2481 1357 2553 εἷς
1386 2488 1644 2557 Χριστὸς,
1693 2487 1752 2551 ὃς
1803 2505 1890 2558 φι-

303 2585 442 2640 λανθ
453 2584 649 2654 ρώπως
681 2585 826 2655 ἡμᾶς
860 2584 1103 2651 ἁγιάσει.

371 2699 480 2768 ιιβο.
523 2699 586 2753 Τί
619 2699 684 2752 τὸ
713 2695 1038 2767 ἀνυψῶσαι
1065 2695 1174 2750 τὸν
1200 2695 1362 2753 θεῖον
1397 2695 1580 2766 ἄρτον
1623 2695 1824 2762 δηλοῖ.

389 2856 462 2907 Τὸ
489 2855 546 2907 δὲ
579 2853 862 2923 ἀνυψῶσαι
911 2853 1010 2908 τὸν
1056 2854 1222 2921 ἄρτον
1268 2851 1366 2922 τὴν
1410 2851 1504 2904 ἐπὶ
1529 2849 1620 2904 τοῦ
1655 2850 1891 2922 σταυροῦ

309 2946 468 3016 δηλοῖ
489 2945 702 3013 ὕψωσιν
729 2944 824 2997 τοῦ
867 2943 1062 3014 Ἰησοῦ.
1091 2944 1186 2996 Διὸ
1215 2945 1314 2997 καὶ
1361 2943 1420 2997 τὺ
1463 2945 1724 3014 ποτήριον
1754 2944 1889 3014 πρό-

1978 1581 2066 1636 nis
2098 1581 2227 1634 unio
2256 1579 2492 1632 ﬁdelium
2535 1579 2856 1631 cunetorum
2923 1577 3258 1646 publicator,
3303 1587 3356 1631 et
3423 1592 3556 1630 con-

1982 1687 2180 1728 sensus
2215 1671 2284 1725 ah
2320 1669 2578 1724 omnibus
2610 1669 2676 1722 de
2707 1669 3098 1738 praedicatione
3159 1670 3432 1722 incantati
3465 1667 3560 1720 Dei

1987 1763 2106 1818 Filii
2139 1763 2468 1818 exhibetur:
2509 1764 2600 1832 qui
2639 1763 2888 1832 regnabit
2923 1775 3090 1832 super
3120 1771 3336 1826 omnes,
3384 1770 3440 1816 et
3473 1775 3564 1814 re-

1985 1855 2076 1925 gni
2108 1855 2226 1924 ejus
2248 1869 2356 1908 non
2389 1855 2492 1908 erit
2523 1853 2669 1918 ﬁnis,
2703 1861 2762 1906 ut
2785 1853 3049 1922 scriptum
3081 1861 3188 1907 est.
3218 1851 3362 1918 Quin
3395 1851 3558 1906 etiam

1987 1947 2052 1999 ad
2071 1946 2299 2010 'vocetn,
2339 1963 2357 1996 ι
2395 1944 2596 1998 Sancta
2651 1946 2878 2008 sanctis,
2920 1962 2940 1995 ι
2976 1945 3120 2014 quod
3167 1943 3564 2012 respondetur.

1998 2056 2015 2090 t
2047 2036 2199 2092 Unus
2223 2046 2470 2103 sanctus,
2493 2054 2512 2086 ι
2533 2038 2764 2106 primum
2787 2035 3006 2104 quidem
3033 2037 3206 2106 ipsam
3239 2035 3330 2091 Dei
3355 2035 3566 2089 sancti~

1989 2137 2156 2184 tatem
2193 2141 2296 2194 qua
2329 2142 2396 2181 ex
2449 2138 2624 2182 semet
2659 2137 2884 2182 sanctus
2915 2135 3024 2190 est,
3071 2135 3127 2182 et
3153 2127 3220 2179 ah
3267 2141 3332 2180 eo
3373 2125 3556 2179 omni-

1989 2219 2092 2274 bus
2120 2219 2478 2275 sanctilieatis
2507 2220 2802 2274 sanctitate
2829 2207 3104 2290 proﬂuere
3141 2221 3462 2282 annuntiat,
3515 2226 3571 2270 et
3609 2267 3612 2270 .

1992 2309 2318 2364 humilitatis
2362 2323 2585 2364 causam
2637 2309 3070 2380 complectitur:
3119 2309 3280 2378 quasi
3331 2307 3570 2371 dicatur,

1992 2401 2126 2468 Quis
2158 2412 2407 2456 nostrum
2442 2402 2700 2470 mundus,
2733 2410 2826 2458 aut
2851 2401 2975 2472 quis
3006 2412 3234 2458 sanctus
3259 2401 3386 2455 est?
3420 2398 3576 2455 Unus

1993 2495 2142 2550 solus
2201 2503 2428 2548 sanctus
2479 2491 2643 2548 Jesus
2705 2493 2980 2558 Christus,
3035 2493 3128 2563 qui
3183 2491 3419 2562 benigne
3469 2505 3572 2544 nos

1995 2581 2384 2638 sanctiﬁcahit.

1995 2695 2086 2752 99.
2129 2694 2270 2760 Quid
2321 2695 2528 2749 denotet
2581 2696 2718 2765 quod
2775 2695 2828 2748 in
2879 2695 3104 2749 sublime
3159 2695 3367 2747 divinus
3424 2694 3577 2762 panis

2635 2768 2925 2819 attollitur.
2947 2817 2950 2820 .

2069 2857 2234 2910 Panis
2267 2869 2394 2910 vero
2424 2855 2656 2910 elevatio
2719 2855 2846 2910 Jesu
2891 2857 2945 2909 in
2997 2870 3163 2910 cruce
3213 2855 3572 2910 elevationem

2006 2952 2290 3014 declarat;
2352 2947 2473 3001 ideo
2529 2959 2583 3000 et
2631 2948 2806 3002 oculis
2857 2949 2996 3001 calix
3048 2949 3344 3014 obiicitur,
3395 2949 3489 3018 qui
3549 2963 3585 3002 ε

311 3053 498 3090 κειται
521 3038 653 3089 αὐτὸ
675 3036 736 3089 τὸ
762 3036 872 3089 ἀπὸ
895 3037 994 3105 τῆς
1024 3037 1186 3104 ἁγίας
1211 3035 1376 3088 αὑτοῦ
1424 3035 1624 3106 ρεῦσαν
1653 3037 1894 3105 πλευρᾶς

2009 3057 2167 3098 sacro
2199 3042 2319 3106 ejus
2353 3039 2517 3091 latere
2546 3039 2867 3108 sanguinem
2904 3039 3069 3092 simul
3118 3047 3171 3091 et
3217 3051 3416 3106 aquam
3455 3051 3585 3107 pro-

314 3131 488 3199 φέρον
524 3126 664 3196 αἷμα
687 3131 782 3183 καὶ
807 3129 975 3198 ὕδωρ.

316 3249 436 3312 ια’.
478 3245 640 3298 Διατί
680 3247 766 3310 εἷς
793 3245 1061 3313 τέσσαρα
1099 3243 1321 3314 μελίζει
1363 3245 1470 3297 τὸν
1511 3243 1672 3297 θεῖον
1693 3243 1899 3314 ἄρτον,

611 3317 707 3366 καί
735 3315 1140 3383 σταυροειδῶς
1176 3317 1366 3369 αὑτὸν
1393 3319 1615 3382 τίθησι.

403 3511 510 3566 Τὸν
539 3512 638 3582 μὲν
666 3511 757 3564 οῦν
783 3511 945 3581 ἄρτον
969 3513 1046 3574 εἰς
1085 3512 1324 3582 τέσσαρα
1375 3511 1592 3578 διαιρεῖ,
1623 3511 1716 3562 καὶ
1739 3528 1905 3564 σταυ-

321 3605 552 3674 ροειδὼς
604 3603 1053 3671 ταῦταετίθησι,
1115 3606 1215 3656 κᾶν
1265 3605 1440 3671 τούτῳ
1489 3605 1908 3672 ἐσταυρωμένον

323 3699 520 3768 βλέπει
551 3697 642 3748 τὸν
689 3695 912 3766 Ἰησοῦν.
967 3695 1100 3748 Οὐδὲ
1147 3697 1253 3766 γὰρ
1306 3695 1441 3766 ἄλλη
1492 3713 1577 3756 τις
1597 3695 1753 3748 ὀὕτω
1783 3695 1912 3748 θαυ-

326 3787 516 3858 μαστὴ
545 3787 771 3859 Θεωρία,
800 3787 876 3851 ὡς
905 3787 962 3840 τὸ
994 3790 1084 3839 τὸν
1114 3787 1318 3857 ὑψηλὸν
1349 3788 1481 3840 Θεὸν
1505 3787 1650 3840 οὕτω
1683 3790 1910 3858 θεωρεῖν

324 3880 476 3949 ὑπὲρ
521 3879 678 3948 ἡμῶν
713 3880 986 3934 ταπεινόν.
1026 3879 1136 3949 Τὴν
1187 3881 1301 3933 ἄνω
1349 3881 1408 3933 δὲ
1466 3881 1664 3950 μερίδα
1710 3881 1910 3944 λαόὼν,

325 3971 660 4041 σταυροειδῆ
685 3971 854 4023 τύπον
891 3965 1071 4036 δείξας
1103 3973 1178 4042 τῷ
1226 3972 1376 4042 ἄρτῳ
1436 3973 1693 4043 ὲμὸάλλει
1727 3973 1914 4026 τοῦτον

319 4069 412 4138 τῷ
446 4069 714 4139 ποτηρίῳ,
769 4069 996 4122 καὶτῶν
1036 4069 1353 4140 μυστηρίων
1390 4072 1627 4124 ποιεῖται
1662 4069 1758 4140 τὴν
1785 4069 1918 4122 ἕνω-

325 4178 442 4214 σιν.

371 4276 510 4346 -ιιιδᾌ
548 4279 710 4332 Arati
760 4277 863 4331 καί
893 4276 1021 4338 ζέον
1047 4279 1183 4399 ἑοῖς
1221 4277 1583 4346 μυστηρίοις
1618 4277 1848 4347 εἰσάγει

1025 4365 1062 4399 υ
1104 4365 1202 4399 mo.

1025 4365 1095 4400 υο
1104 4365 1202 4417 (op.

413 4437 546 4492 Εἶτα
578 4441 673 4494 καὶ
706 4442 826 4506 ζέον
863 4441 1004 4510 ὓδωρ
1036 4443 1220 4510 ἐγχέει
1257 4441 1334 4512 τῷ
1366 4441 1632 4511 ποτηρίῳ.
1669 4441 1840 4495 Τοῦτο
1865 4441 1921 4494 δὲ

329 4533 514 4594 ποιεῖ,
585 4529 880 4598 μαρτυρῶν
913 4530 990 4581 ὅτι
1027 4529 1123 4582 καὶ
1157 4529 1350 4598 νεκρὸν
1377 4530 1596 4598 γεγονὸς
1627 4529 1686 4580 τὸ
1721 4530 1927 4596 Κυρια-

333 4629 442 4677 κδν
494 4625 677 4694 σῶμα,
733 4626 830 4693 τῆς
873 4625 1022 4687 θείας
1075 4624 1255 4694 ψυχῆς
1317 4623 1484 4676 αὑτοῦ
1539 4623 1926 4694 χωρισθείσης.

335 4717 616 4782 ζωοποιὸν
659 4713 814 4780 αὖθις
846 4717 1028 4787 ἔμενε,
1063 4717 1161 4786 τῆς
1196 4717 1450 4786 θεότητος
1497 4715 1597 4784 μὲν
1637 4715 1698 4766 οὐ
1725 4716 1930 4785 διαιρε·

338 4811 540 4876 θείσης
566 4807 734 4878 αὐτῷ,
768 4809 860 4860 καί¹
903 4807 1012 4860 τῶν
1047 4809 1345 4877 ἐνεργειῶν
1375 4805 1434 4858 δὲ
1480 4805 1573 4858 τοῦ
1609 4803 1929 4875 Πνεύματος

343 4898 582 4952 ἁπασῶν
624 4901 699 4968 μὴ
745 4897 1146 4968 χωρισϐεισὼν.
1209 4897 1365 4950 Ἐπεὶ
1416 4895 1509 4956 οῦν
1557 4898 1654 4948 καὶ
1697 4897 1756 4947 τὸ
1808 4895 1930 4960 ζέον

341 4991 499 5061 ὕδωρ
532 4990 768 5060 ζωτικὴν
818 4991 894 5061 τῷ
942 4991 1132 5060 Θερμῷ
1169 4990 1470 5060 παρέχεται
1521 4989 1780 5058 ἔμφασιν,
1817 4990 1930 5040 εἰσ-

341 5083 546 5149 άγεται
579 5081 702 5134 τότε
733 5083 791 5134 ἐν
815 5084 890 5152 τῷ
919 5082 1097 5152 καιρῷ
1133 5083 1230 5150 τῆς
1266 5080 1639 5151 μεταλήψεως,
1671 5079 1744 5141 ὡς
1779 5079 1844 5132 ἂν
1867 5079 1936 5132 τὰ

341 5177 508 5245 χείλη
538 5176 617 5246 τῷ
654 5175 900 5244 ποτηρίῳ
936 5176 1348 5246 προσψαύοντες
1399 5177 1496 5227 καὶ
1549 5173 1938 5234 κοινωνοῦντες

341 5266 448 5319 τοῦ
481 5267 731 5336 αἵματος,
763 5267 836 5330 ὼς
869 5269 976 5321 ἀπὸ
1002 5269 1102 5338 τῆς
1129 5267 1397 5333 ζωοποιοῦ
1441 5268 1684 5337 πλευρᾶς
1715 5266 1933 5335 ἐκείνης

341 5359 608 5420 πίνοντες
645 5361 1036 5432 διατιθώμεθα,
1083 5365 1181 5432 τῆς
1216 5361 1471 5430 Οεότητος
1517 5363 1592 5430 μὴ
1637 5359 1932 5429 διαιρεθεί-

341 5467 480 5519 σης,
515 5453 858 5524 ἐκτυπούσης
881 5456 1040 5507 τοῦτο
1063 5453 1163 5522 τῆς
1195 5455 1506 5522 εἰσαγωγῆς
1532 5455 1626 5504 καὶ
1652 5450 1907 5522 προσψαύ

341 5559 497 5604 σεως
531 5543 624 5597 τοῦ
661 5545 890 5616 Θερμοῦ.
916 5545 1034 5618 Πῦρ
1062 5547 1171 5616 γὰρ
1200 5546 1228 5598 ὁ
1260 5545 1390 5609 Θεὸς
1415 5543 1571 5614 ἡμῶν
1604 5544 1936 5612 γέγραπται.

436 5733 454 5762 "
481 5729 714 5802 Philipp.
762 5747 822 5800 ιι,
857 5731 948 5786 ll.

2004 3131 2262 3186 ﬂuentem
2307 3129 2576 3182 continet.

2006 3275 2095 3330 9'5.
2137 3271 2314 3335 Quare
2385 3268 2438 3319 in
2505 3277 2734 3336 quatuor
2802 3279 2980 3336 partes
3043 3267 3252 3320 dividat
3314 3265 3586 3335 episcopus

2079 3359 2293 3396 sacrum
2313 3353 2522 3406 partem,
2549 3348 2598 3389 et
2633 3343 2708 3392 ita
2743 3338 2864 3394 illas
2883 3347 3047 3406 ponat
3078 3347 3132 3390 ut
3166 3338 3393 3406 formam
3419 3337 3591 3390 crucis

2079 3421 2332 3477 rte/erant.

2082 3529 2286 3582 Panem
2340 3528 2502 3582 etiam
2559 3527 2612 3579 in
2649 3533 2888 3596 quatuor
2941 3533 3130 3594 partes
3183 3523 3402 3588 dividit,
3444 3531 3498 3576 ct
3538 3522 3594 3575 in

2014 3621 2234 3676 modum
2265 3620 2446 3673 crucis
2491 3620 2792 3686 componit,
2831 3625 2884 3670 et
2937 3616 2990 3668 in
3023 3630 3091 3670 eo
3123 3614 3452 3668 cruciﬁxum
3500 3610 3594 3664 Je-

2015 3725 2135 3766 sum
2191 3709 2629 3776 contemplatur:
2699 3722 2800 3760 nec
2855 3707 3002 3761 enim
3074 3705 3365 3760 sublimior
3417 3711 3600 3772 potest

2018 3814 2142 3856 esse
2173 3799 2569 3868 contemplatio
2609 3811 2772 3865 quam
2829 3797 2970 3864 ejus,
3004 3795 3098 3864 qui
3155 3809 3280 3848 cum
3317 3793 3391 3846 sit
3442 3793 3592 3847 Deus

2017 3889 2266 3950 excelsus
2305 3905 2404 3960 pro
2437 3889 2596 3944 nobis
2629 3886 2850 3942 humilis
2883 3887 3064 3941 factus
3095 3895 3199 3941 est.
3235 3884 3592 3955 Superiorem

2019 3991 2202 4038 autem
2240 3980 2570 4051 portionem,
2599 3992 2726 4033 cum
2759 3992 2844 4042 ea,
2879 3976 3056 4031 forma
3097 3975 3282 4032 crucis
3310 3989 3600 4044 expressa,

2020 4077 2076 4130 in
2147 4072 2372 4130 calicem
2426 4069 2710 4136 immittit,
2767 4072 3274 4142 mysteriorumqne
3339 4066 3598 4123 unionem

2025 4167 2177 4224 facit.

2023 4278 2113 4334 ει.
2157 4277 2334 4344 Quare
2372 4291 2565 4347 aquam
2600 4276 2883 4343 {eruentem
2924 4275 3167 4342 effundat
3201 4275 3468 4346 mysteriis
3500 4275 3606 4330 sive

1949 4391 2000 4451 Β
2552 4347 2670 4400 riuo
2715 4356 3037 4400 consecrato.

2105 4441 2234 4498 Post
2269 4439 2570 4495 ferventem
2607 4455 2802 4508 aquam
2839 4441 2892 4492 in
2929 4439 3156 4493 calicem
3212 4437 3410 4508 injicit,
3447 4441 3594 4508 quod

2033 4537 2166 4591 facit
2203 4543 2456 4600 t--status,
2522 4534 2684 4588 etiam
2749 4542 3027 4587 mortuum
3093 4532 3312 4586 Domini
3378 4547 3604 4601 corpus,

2033 4629 2330 4697 divinaque
2360 4626 2544 4680 anima
2569 4626 2638 4679 ab
2669 4640 2737 4678 eo
2780 4633 3054 4694 separata,
3086 4623 3446 4678 nihilominus
3475 4624 3610 4678 vivi-
3693 4649 3698 4656 -

2035 4721 2200 4777 [lcum
2259 4719 2553 4779 mansisse,
2616 4715 2908 4770 divinitate
2965 4713 3224 4767 nimirum
3275 4715 3612 4783 oyerationi—

2034 4813 2248 4882 hosque
2297 4809 2538 4879 Spiritus
2577 4807 2849 4862 universis
2883 4805 2952 4859 ab
2987 4819 3056 4860 eo
3087 4805 3405 4874 neutiquam
3436 4803 3614 4859 divul-

2037 4905 2138 4962 sis.
2171 4905 2238 4958 Et
2270 4901 2397 4971 quia
2460 4913 2599 4966 aqua
2650 4897 2825 4950 calida
2874 4897 3090 4950 vitalem
3140 4897 3378 4966 speciem
3415 4893 3484 4948 ob
3516 4909 3612 4949 ca-

2037 4997 2208 5053 lorem
2244 4995 2470 5066 prtebet,
2503 5003 2748 5060 tempore
2799 4991 3207 5045 communionis
3267 4988 3562 5042 adhibetur
3594 5003 3608 5054 ;

2043 5101 2103 5144 ut
2133 5087 2301 5142 labris
2329 5084 2568 5138 admotis
2597 5090 2652 5138 et
2707 5082 2966 5150 sanguini
3011 5082 3512 5142 comnmnicantes,
3545 5079 3616 5132 ita

2045 5179 2367 5242 adiciantur,
2411 5177 2567 5246 quasi
2605 5189 2636 5229 e
2671 5175 2888 5229 viviﬁco
2947 5173 3041 5227 illo
3079 5173 3246 5226 latere
3295 5173 3620 5227 libaremus.

2043 5270 2296 5328 Nondum
2352 5269 2496 5324 enim
2543 5267 2808 5322 divinitas
2851 5266 3044 5319 avulsa
3087 5272 3195 5328 est,
3234 5262 3380 5332 quod
3411 5277 3506 5332 per
3535 5262 3620 5316 iu-

2049 5359 2454 5414 troductionem
2490 5367 2543 5412 et
2567 5357 2771 5412 caloris
2794 5365 3112 5410 contactum
3161 5356 3447 5424 ﬁguratur.
3477 5353 3624 5406 Alle-

2049 5464 2248 5508 runtur
2277 5453 2441 5522 hujus
2507 5449 2586 5504 rei
2642 5448 2906 5512 rationes,
2969 5462 2998 5500 a
3033 5450 3268 5503 summis
3327 5445 3460 5502 viris
3506 5447 3624 5499 alia:

2051 5559 2308 5616 quoque;
2343 5557 2531 5599 verum
2575 5541 2680 5598 ista
2723 5547 2912 5595 nostra
2959 5539 3336 5596 consideratio
3365 5535 3624 5592 sufﬁciat.
