4094 6194
400 271 509 340 749

1403 275 1816 340 EXPOSITIO
1851 279 1948 343 DE
1990 233 2268 345 blVINO
2307 283 2633 344 TEMPLO.

3559 283 3667 346 750

401 399 558 463 Gala;
617 397 1110 468 μεταποιουμένων
1145 395 1320 464 ἑστῖν,
1355 397 1389 468 ἢ
1421 398 1530 454 τῶν
1573 399 1982 470 ἡμαρτηκότων

2108 399 2350 454 iietatem
2391 399 2692 455 colentium
2746 405 2848 461 est,
2913 405 3010 452 aut
3035 411 3224 452 earnm
3250 409 3371 464 quze
3405 411 3669 466 peccave-

407 492 528 560 μὲν,
573 490 1056 560 μετανενοηκότων
1089 489 1169 552 δὲ,
1220 489 1492 559 ἀοράτως,
1523 490 1601 553 ὡς
1633 491 1870 562 ἔφημεν,
1917 493 1982 562 τῇ

402 581 550 654 ψυχῇ
582 582 682 652 τὴν
735 581 1027 636 κοινωνίαν
1076 583 1172 637 τοῦ
1231 583 1554 653 Πνεῦματος
1611 586 1639 636 ὁ
1691 583 1986 654 ἄνθρωπος

403 673 638 744 δέχεται.
678 674 946 738 Πολλάκις
974 675 1030 728 δέ
1071 692 1136 744 γε
1194 676 1288 729 ml.
1330 676 1656 746 σωματικὴν
1712 675 1984 744 εὑρίσκει,

405 767 481 830 ὡς
510 768 787 836 ἐμάθομεν
808 767 934 838 τὴν,
976 768 1266 837 ὠφέλειαν.
1298 769 1361 822 Ei
1393 769 1452 822 δέ
1477 787 1561 833 τις
1588 769 1688 840 τὴν
1707 747 1988 840 ἁμαρτίαν

406 859 705 928 διενεργῶν
733 862 844 929 εἴη,
877 864 974 916 καὶ
1003 862 1212 931 ταύτης
1239 863 1409 933 μηδὲν
1439 864 1836 932 ἀφιστάμενος,
1867 864 1990 936 ἀνι-ε⁹

295 959 320 976 ’⁸
409 953 703 1022 πιτηδεῖως
732 954 870 1022 ἔχων
908 955 1044 1021 πρὸς
1071 956 1172 1024 τὴν
1205 957 1516 1020 κοινωνίαν,
1554 958 1636 1011 si:
1667 958 1990 1028 κατάκριμα

409 1043 588 1113 ἑαυτῷ
618 1044 771 1097 ἔσται
797 1045 891 1098 καὶ
917 1048 948 1116 ἡ
972 1047 1112 1117 ὑπὲρ
1133 1048 1297 1102 αὐτοῦ
1321 1048 1674 1103 ουσία.Ὄθεν
1697 1051 1792 1102 καὶ
1827 1067 1995 1119 προσ-

419 1137 608 1188 εκτέον
643 1139 780 1202 ἐστὶ,
846 1141 920 1208 μὴ
951 1139 1251 1207 λαμϐάνειν
1298 1141 1388 1194 τὸν
1421 1141 1574 1210 ἱερέα
1609 1142 1762 1212 παρὰ
1793 1142 1992 1204 παντὸς

415 1227 510 1281 τοῦ
543 1230 880 1300 βουλομένου
915 1233 1264 1302 προσφορὰν,
1311 1233 1446 1302 μηδὲ
1489 1234 1828 1306 προσφέρειν
1854 1233 1994 1302 ὑπὲρ

417 1319 704 1384 τοιούτων,
735 1323 784 1376 οἳ
815 1324 916 1393 τὴν
950 1324 1234 1396 ἁμαρτίαν
1265 1325 1462 1395 ἀνέδην
1493 1326 1632 1381 διενε
1646 1327 1860 1395 ργοῦσι,
1917 1328 1992 1396 μή

419 1428 550 1464 ποτε
581 1415 676 1466 καὶ
701 1415 860 1476 αὐτὸς
887 1417 1073 1479 αὐτοῖς
1110 1418 1554 1486 συγκατακριθῆ.
1599 1417 1696 1470 Ἐκ
1725 1416 1914 1471 τούτου
1940 1416 1994 1470 δὲ

421 1504 516 1556 καὶ
541 1505 844 1574 πειρασμοὶ
879 1509 975 1558 καὶ
1003 1508 1212 1577 θλίψεις
1248 1509 1617 1580 παρέποντιι.
1657 1528 1675 1560 ι
1711 1510 1811 1562 Διὰ
1835 1509 1998 1562 τοῦτο

421 1596 586 1665 γὰρ,»
629 1599 824 1668 φησὶν,
867 1617 884 1649 ι
913 1601 967 1652 ὲν
1001 1601 1136 1669 ἡμῖν
1163 1599 1349 1652 πολλοὶ
1383 1599 1632 1662 ἀσθενεῖς
1685 1599 1781 1652 καὶ
1823 1598 1998 1670 ἀρρω-

424 1704 542 1741 στοι
571 1689 668 1742 καὶ
691 1691 996 1762 κοιμῶνται
1024 1693 1221 1747 ἱκανοί.
1260 1711 1280 1745 ι

491 1783 614 1852 Χρὴ
643 1783 698 1836 δὲ
731 1785 824 1838 καὶ
860 1786 952 1838 τὸν
1005 1786 1156 1855 ἱερέα
1187 1788 1243 1838 ὲν
1276 1787 1390 1849 τοῖς
1421 1785 1566 1839 οὕτω
1597 1787 1878 1854 μεγίστοις
1904 1783 1999 1838 τοῦ

423 1875 560 1929 Θεοῦ
591 1876 774 1947 ἔργοις
825 1879 1008 1951 ἐαυτῷ
1061 1879 1370 1951 προσέχειν,
1407 1879 1500 1933 καὶ
1547 1879 1742 1932 ὲαυτδν
1779 1878 2005 1948 ἀνακρί-

423 1986 556 2031 νειν,
575 1969 647 2033 ὡς
665 1973 1000 2052 γέγραπται,
1021 1975 1385 2043 προσεκτικὸν
1403 1991 1464 2026 τε
1488 1969 1629 2026 εἶναι
1653 1974 1724 2034 ὼς
1747 1972 2002 2040 δύναμις.

425 2055 488 2110 Εἰ
518 2057 626 2126 γὰρ
649 2061 776 2130 περὶ
809 2062 918 2114 τῶν
950 2062 1128 2116 ἄλλων
1165 2062 1322 2126 οὗτος
1376 2062 1773 2132 ἀσφαλίζεσοαι
1809 2061 2003 2132 χρείαν

425 2147 560 2215 ἔχει,
601 2149 783 2220 πολλῷ
831 2152 1033 2220 μᾶλλον
1069 2154 1198 2224 περὶ
1237 2155 1434 2207 ἑαυτοῦ
1463 2170 1476 2184 ⁶
1509 2156 1602 2208 καὶ
1639 2157 1687 2208 εί
1741 2157 1769 2208 ὁ
1804 2153 2004 2208 ἐσθίων

425 2239 520 2292 καὶ
563 2239 734 2294 πίνων
783 2243 1039 2312 ἀναξίως,
1097 2246 1216 2315 ἦτοι
1271 2247 1548 2300 κοινωνῶν
1595 2245 1780 2316 μόνον,
1830 2249 2008 2316 κρῖμα

425 2332 610 2404 ἑαυτῷ
643 2335 814 2388 ἐσθίει
850 2339 945 2391 καὶ
999 2337 1172 2404 πίνει,
1235 2338 1416 2408 πολλῷ
1468 2339 1671 2409 μᾶλλον
1773 2339 2010 2406 ἀναξίως

429 2429 752 2499 ἱερουργῶν.
808 2429 906 2482 Διὰ
953 2429 1112 2483 τοῦτο
1169 2429 1322 2502 πάσῃ
1361 2430 1590 2499 δυνάμει
1639 2431 2006 2500 προσέχωμεν

427 2519 642 2580 ἑαυτοῖς
699 2521 750 2571 oi
801 2521 1105 2591 ἱερατεύειν
1138 2521 1420 2591 λαχόντες,
1456 2523 1551 2576 καὶ
1601 2523 1766 2576 παντὶ
1819 2523 2011 2592 τρόπῳ

427 2611 803 2680 καθαρότητος
837 2613 1235 2682 ἐπιμελώμεθα
1295 2615 1390 2666 καὶ
1447 2615 1834 2683 ἁμνησικάκου
1882 2615 2010 2682 τρό-

429 2722 558 2758 που.
597 2707 943 2772 Ταπείνωσις
987 2707 1043 2759 δὲ
1079 2706 1176 2759 καὶ
1233 2707 1420 2777 ἀγάπη
1481 2709 1640 2778 ἡμῶν
1687 2707 2008 2774 αὖξανέσθω

433 2799 558 2859 ταῖς
588 2795 787 2865 ψυχαῖς
818 2799 1016 2866 (ταῦτα
1053 2802 1162 2870 γὰρ
1189 2799 1256 2853 τὰ.
1272 2799 1412 2868 ἔργα
1429 2799 1522 2853 τοῦ
1541 2801 2010 2870 Δίερουργουμένου

431 2889 524 2958 ὑφ’
569 2891 772 2960 ἡμῶν),
812 2892 898 2945 ἵνα
930 2896 1024 2948 καὶ
1074 2895 1134 2946 ὲν
1169 2893 1244 2964 τῷ
1286 2893 1384 2947 νῦν
1425 2895 1582 2947 αἰῶνι
1636 2893 1802 2958 ἀξῖως
1847 2895 2014 2948 αὐτοῦ

434 2983 780 3052 μετέχοντες,
837 2986 942 3040 κάν
987 2985 1067 3055 τῷ
1102 2987 1354 3054 μέλλοντι
1388 2988 1486 3054 τῆς
1521 2987 1690 3040 αὑτοῦ
1739 2987 2013 3051 καταξιω-

2089 501 2240 556 runt,
2303 491 2692 562 pmnitentiam
2749 497 2930 544 tamen
2969 497 3236 560 egerunt,
3282 488 3544 544 invisibili
3583 505 3669 544 ra-

2092 584 2262 646 tione,
2299 593 2357 636 ut
2387 582 2654 648 diximus,
2708 582 3156 636 communionem
3191 581 3432 650 Spiritus
3490 583 3671 637 susri--

2093 676 2192 747 pit.
2231 675 2384 746 Saepe
2409 681 2617 738 autem,
2657 681 2718 728 ut
2745 673 3090 743 experientia
3137 674 3514 742 probavimus,
3551 687 3672 726 cor-

2093 767 2337 838 poralem
2373 781 2592 836 quoque
2618 765 2905 820 utilitatem
2935 764 3166 820 invenit.
3187 763 3338 830 Quod
3373 763 3414 816 si
3446 772 3668 831 peccata

2093 869 2410 930 perpetrare
2455 857 2656 914 solitus
2709 859 2780 912 sit
2833 857 2946 923 ille,
3015 871 3116 911 nec
3171 855 3239 910 ab
3274 856 3341 909 iis
3371 855 3671 917 abstineat,

2094 973 2218 1011 cum
2269 958 2336 1012 ad
2367 957 2816 1014 communionem
2883 969 2991 1006 non
3053 955 3117 1006 sit
3173 953 3426 1014 idoneus,
3461 948 3673 1004 sacrifi-

2095 1054 2240 1105 cium
2269 1067 2370 1122 pro
2415 1067 2482 1106 co
2540 1049 2782 1104 oblatum
2837 1047 2890 1100 in
2951 1045 3358 1099 damnationem
3390 1043 3464 1096 illi
3499 1042 3672 1096 cedet.

2101 1146 2254 1202 Unde
2293 1149 2596 1200 cavendum
2671 1135 2965 1204 sacerdoti,
3001 1155 3066 1194 nc
3118 1140 3186 1192 ab
3233 1155 3300 1193 eo
3343 1138 3676 1192 oblationem

2099 1239 2358 1308 accipiat,
2417 1252 2553 1292 neve
2607 1251 2708 1304 pro
2766 1234 2969 1288 talibus
3033 1230 3246 1296 oli‘erat,
3315 1229 3412 1297 qui
3465 1228 3679 1297 abjecto

2099 1333 2248 1386 omni
2311 1329 2516 1400 pudore
2577 1337 2802 1398 peccata
2861 1325 3234 1386 committunt,
3268 1339 3336 1378 ne
3379 1323 3518 1376 forte
3549 1333 3678 1375 cunt

2102 1424 2238 1492 ipsis
2273 1423 2584 1476 damnetur.
2620 1420 2696 1473 Ex
2752 1419 2856 1474 hoc
2902 1425 3084 1472 autem
3147 1425 3202 1470 et
3269 1413 3602 1468 tentationes
3627 1419 3684 1467 et.

2103 1515 2490 1570 tribulationes
2523 1521 2831 1580 sequuntur
2867 1526 2882 1562 :
2916 1527 2934 1558 ι
2977 1507 3212 1572 Idcirco,
3247 1505 3426 1575 inquit
3453 1502 3680 1566 Paulus,

2105 1611 2246 1665 inter
2278 1624 2375 1662 vos
2403 1608 2559 1662 multi
2601 1606 2804 1661 infirmi
2837 1614 2892 1660 et
2931 1604 3256 1670 imbecilles,
3317 1609 3372 1656 et
3406 1599 3684 1656 dormiunt

2105 1701 2262 1756 multi
2289 1701 2332 1754 '.
2365 1719 2384 1752 ι

2177 1793 2415 1849 Necesse
2469 1801 2556 1848 est
2604 1807 2770 1861 porro
2833 1801 2887 1844 et
2958 1789 3298 1850 sacerdotem
3345 1787 3400 1840 in
3433 1783 3686 1840 maximis
3757 1781 3774 1792 ”

2111 1883 2266 1938 bisce
2301 1883 2566 1952 operibus
2598 1881 2702 1942 sibi
2758 1879 3042 1934 attendere
3075 1887 3130 1934 et
3159 1877 3466 1950 dijudieare
3497 1887 3692 1932 semet-

2111 1974 2316 2042 ipsum,
2353 1982 2412 2027 ut
2442 1973 2708 2041 scriptum
2733 1981 2837 2034 est,
2863 1979 2918 2024 et
2947 1971 3210 2025 adbibere
3243 1969 3556 2024 cantionem
3593 1982 3692 2037 pro

2109 2067 2340 2122 viribus.
2370 2064 2426 2120 Si
2454 2067 2598 2119 enim
2636 2064 2784 2118 circa
2807 2062 2949 2118 alios
2985 2077 3106 2116 esse
3139 2061 3426 2130 providum
3453 2067 3690 2130 oportet,

2111 2159 2284 2214 multo
2320 2158 2556 2226 amplius
2581 2157 2724 2212 circa
2757 2171 2836 2210 se.
2877 2155 2942 2208 Et
2972 2155 3016 2208 si
3047 2153 3390 2208 manducans
3418 2161 3473 2208 et
3499 2151 3692 2207 bibens

2113 2252 2356 2320 indigne,
2419 2251 2470 2304 id
2505 2257 2612 2314 est,
2671 2249 3094 2303 communicans
3137 2255 3372 2310 tantum,
3423 2244 3691 2314 judicium

2112 2345 2220 2401 sibi
2249 2343 2546 2398 manducat
2605 2349 2656 2395 et
2715 2341 2872 2404 bibit,
2915 2340 3086 2394 multo
3140 2338 3316 2406 magis
3347 2336 3439 2407 qui
3472 2334 3696 2406 indigne

2113 2437 2414 2495 sacriﬁcat.
2448 2433 2604 2502 Quod
2639 2447 2762 2487 cum
2797 2433 2870 2487 ita
2929 2432 3020 2498 sit,
3074 2440 3348 2501 quantum
3397 2441 3696 2501 possumus

2113 2533 2484 2594 attendamus,
2555 2528 2648 2598 qui
2703 2525 3002 2582 sacerdotii
3051 2533 3259 2580 sortem
3301 2521 3445 2577 nacti
3479 2535 3693 2582 sumus,

2113 2635 2170 2680 et
2198 2625 2347 2680 omni
2383 2621 2545 2677 modo
2599 2617 2860 2690 puritatis
2915 2625 2971 2672 et
3030 2615 3360 2682 iujuriarum
3399 2611 3699 2668 oblivionis

2115 2725 2306 2768 curam
2340 2711 2658 2764 habeamus.
2704 2705 3002 2761 llumilitas
3037 2716 3092 2760 et
3126 2705 3370 2762 charilas
3395 2703 3449 2758 in
3486 2703 3701 2756 anima-

2114 2805 2218 2860 bus
2259 2803 2464 2858 nostris
2499 2809 2764 2871 augeatnr
2813 2800 2958 2868 (b:ec
3010 2797 3172 2854 enim
3229 2804 3357 2852 sunt
3404 2796 3544 2850 facta
3579 2793 3702 2864 ejus

2115 2897 2207 2970 qui
2239 2913 2269 2952 a
2303 2895 2458 2950 nobis
2496 2893 2897 2962 consecratur),
2933 2901 2992 2948 ut
3031 2903 3084 2946 et
3127 2892 3180 2944 in
3213 2888 3465 2959 praesenti
3500 2885 3701 2942 sa:c::‘.o
3801 2893 3812 2904 '

2117 2992 2280 3062 digne
2311 2989 2488 3060 ipsum
2524 2988 2942 3058 participentus,
2993 2995 3048 3039 et
3088 2985 3142 3039 in
3191 2984 3374 3036 futuro
3408 2981 3527 3048 ejus
3557 2979 3704 3034 ἰιιαξίη-

432 3073 619 3145 θῶμεν
653 3077 1040 3148 ἀνεκφράστου
1075 3079 1174 3132 καὶ
1224 3080 1445 3133 αίωνίου
1480 3079 1791 3142 κοινωνίας.
1826 3082 2000 3150 χάριτι

2115 3083 2338 3138 labilem
2404 3091 2458 3137 et
2518 3089 2781 3136 aeternam
2841 3079 3286 3134 communionem
3337 3089 3696 3137 mereamur,

431 3166 529 3219 καὶ
561 3167 948 3242 φιλανθρωπίᾳ
983 3170 1150 3224 αὑτοῦ
1186 3170 1281 3223 τοῦ
1312 3171 1553 3242 Χριστοῦ
1591 3170 1686 3224 τοῦ
1729 3171 1858 3224 Υἱοῦ
1909 3173 2006 3226 τοῦ

434 3257 640 3322 ζῶντος
668 3259 806 3312 Θεοῦ
840 3275 856 3290 ·
883 3253 928 3328 ᾧ
967 3262 1171 3332 πρέπει
1201 3262 1328 3327 δόξα
1357 3265 1454 3316 σὺν
1475 3263 1554 3332 τῷ
1590 3263 1814 3334 ἀνάρχῳ
1840 3263 2009 3316 αὐτοῦ

437 3351 635 3422 Πατρὶ,
670 3353 766 3406 καὶ
792 3353 872 3423 τῷ
895 3353 1038 3440 αγίῳ
1063 3355 1156 3408 καὶ
1181 3353 1431 3426 ζωοποιῴ
1465 3357 1768 3426 Πνεῦματι,
1803 3355 1898 3411 νῦν
1920 3357 2012 3411 καὶ

439 3443 548 3512 ἀεὶ,
573 3447 666 3498 καὶ
699 3447 779 3510 είς
806 3449 932 3510 τοὺς
965 3447 1172 3514 αίῶνας
1201 3449 1315 3503 τῶκ
1347 3449 1582 3505 αἰώνων.
1631 3450 1829 3522 Ἀμήν.

509 3623 575 3680 ’l
605 3625 731 3683 Cor.
753 3644 830 3698 xi,
867 3629 958 3686 50.

2119 3178 2293 3248 gratia
2322 3184 2376 3230 et
2405 3175 2744 3246 benignitate
2768 3172 3014 3242 eiusdem
3049 3171 3255 3226 Christi
3289 3169 3408 3222 Filii
3447 3167 3541 3221 Dei
3569 3166 3702 3227 vivi,

2122 3284 2286 3340 quem
2323 3267 2478 3324 decet
2507 3267 2679 3338 gloria
2713 3281 2838 3321 cum
2879 3264 3126 3335 principii
3177 3269 3399 3330 experte
3437 3259 3560 3330 ejus
3599 3257 3706 3312 Pa-
3801 3317 3804 3322 η

2125 3371 2231 3426 tre,
2285 3371 2341 3414 ct
2405 3359 2760 3416 sanctissimo
2807 3367 2862 3413 et
2923 3355 3142 3420 vivlﬂco
3194 3351 3437 3423 Spiritu,
3472 3365 3616 3407 nunc
3647 3357 3706 3406 et

2127 3467 2368 3522 semper,
2398 3461 2452 3507 et
2479 3453 2533 3505 in
2573 3451 2776 3506 saecula
2807 3449 3156 3505 szeculorttm.
3185 3447 3378 3503 Amen.
