4094 6194
445 320 551 383 7.33

445 542 573 578 στου
603 523 866 595 βασιλέως
899 527 955 576 ἐν
981 525 1044 594 τῇ
1090 523 1450 594 βασιλευούσῃ
1499 524 2018 576 Κωνσταντινουπό·

441 617 522 671 λει
576 616 684 670 τῶν
716 615 911 670 ἑκατὸν
945 619 1286 686 πεντήκοντα
1345 617 1517 683 ἁγίων
1555 615 1814 686 Πατέρων
1869 615 2019 670 σύνοο

435 709 656 772 δοι,ιιαλ⁸
701 709 1139 779 συνεγράψαντο,
1198 709 1291 763 καὶ
1337 705 1700 760 τελειώσασαι
1755 707 2020 761 ἐύεὸαίω-

439 817 560 854 σαν.
619 793 688 871 Ὦ
748 817 854 853 τινι
912 799 978 870 δὴ
1027 801 1122 854 κα)⁵
1169 801 1224 854 αἱ
1276 799 1396 870 μετ’
1436 800 1606 862 αὑτὰς
1634 799 2020 867 οἱκουμενικαὶ

436 891 578 945 θεῖαι
606 890 771 944 πέντε
802 891 1010 944 σύνοδοι
1043 890 1614 961 κατακολουθήσασαι,
1655 890 1822 960 μηδὲν
1849 906 2019 960 προσ-

439 982 618 1038 θεῖσαι
680 983 804 1052 μηδ’
848 983 1206 1053 ἀφελόμεναι,
1269 982 1552 1051 ἀκραιφνῆ
1608 981 1700 1035 τὸν
1751 983 2018 1052 Χριστια-

437 1075 630 1142 νισμὸν
672 1075 808 1144 ⁴ἡμῖν
839 1075 1202 1144 τετηρήκασι,
1234 1076 1328 1128 καὶ
1356 1073 1518 1127 τοῦτο
1559 1074 1660 1144 τῆς
1687 1073 2018 1144 Ἐκκλησίας

439 1165 710 1236 θεμέλιος.
775 1168 886 1221 Καὶ
979 1167 1090 1220 τῶν
1162 1164 1540 1220 εύσεὸούντων
1605 1165 1868 1234 ὁμολογία
1919 1165 2018 1234 τῆς

435 1257 668 1326 ἀληθοῦς
725 1275 786 1312 τε
841 1262 936 1314 καὶ
992 1258 1276 1329 όρθοδόξου
1333 1259 1574 1321 πίστεως
1633 1260 1886 1327 σημεῖον,
1922 1258 2016 1310 καὶ

438 1350 633 1422 στήλη,
664 1352 760 1405 καὶ
813 1353 938 1422 ὅρος
979 1352 1228 1420 ἀσφαλὴς
1288 1352 1382 1406 καὶ
1425 1351 1742 1414 ἀσάλευτος.
1799 1350 2018 1420 Ταύτην

436 1441 535 1512 τὴν
570 1441 864 1512 ὁμολογίαν
885 1443 914 1495 6
943 1443 1182 1514 ἀρχῆθεν
1213 1445 1473 1513 πολέμιος
1521 1442 1579 1510 ἐξ
1611 1444 1784 1513 ἀρχῆς
1844 1460 2014 1495 κατα-

439 1533 722 1602 πολεμῶν,
758 1533 832 1597 ώς
874 1533 970 1587 καὶ
1016 1535 1106 1586 τὸν
1156 1533 1446 1604 ἄνθρωπον
1485 1535 1656 1588 πάλαι
1713 1533 1817 1602 τῆς
1865 1532 2016 1594 θείας

434 1625 771 1680 ἐσπούδακεν
801 1625 1004 1692 ἐξῶσαι
1052 1625 1270 1695 βουλῆς.
1309 1627 1418 1679 Καὶ
1449 1625 1546 1679 νῦν
1581 1625 1788 1687 ἀθέοις,
1817 1624 2016 1692 ἑτερο-

431 1717 604 1782 δόξοις
648 1735 708 1772 τε
769 1719 1046 1784 πλείστοις
1095 1719 1194 1789 τὴν
1245 1719 1388 1790 πρὸς
1436 1717 1611 1788 αὐτὴν
1677 1715 2014 1786 ἀναθέμενος

1509 321 1923 382 EXPOSITIO
1950 323 2170 385 SACRI
2207 325 2565 390 SYMBOLI.

443 434 660 498 σιλέως,
703 432 797 486 καὶ
831 434 862 502 ἡ
916 431 1150 501 δευτέρα
1180 430 1274 484 ἐπὶ⁵
1302 429 1587 484 Θεοδοσίου
1637 431 1729 484 τοῦ
1781 429 2007 501 φιλοχρί-

2129 433 2532 491 confessionem
2567 453 2813 510 veraeque
2850 454 2914 497 ac
2962 443 3280 500 orthodoxa:
3323 445 3442 501 ﬁdei
3477 448 3693 518 signum
3743 463 3750 466 '
3799 465 3806 470 ‘

3593 339 3696 401 754

2125 526 2468 596 reliquerint,
2505 529 2742 600 itemque
2768 533 3078 588 columnam
3104 551 3166 589 ac
3189 537 3480 591 terminum
3511 540 3698 595 incon-

2122 634 2343 682 cussum
2383 619 2722 704 deﬁnierint.
2757 623 2904 677 lianc
2939 625 3338 681 conlcssionem
3365 644 3697 699 oppugnans

2123 710 2169 764 is
2202 711 2294 780 qui
2323 727 2352 764 a
2385 714 2654 782 principio
2691 716 2945 770 inimicus
2979 719 3254 772 hominem
3280 722 3346 774 ad
3378 721 3698 777 inobcdien-

2123 801 2252 854 tiam
2277 817 2403 873 erga
2430 804 2760 859 volntitatctn
2795 807 3035 862 divinam
3060 811 3295 875 seduxit,
3317 827 3698 886 nuncquoque

2122 891 2404 948 haereticos
2427 895 2493 949 ad
2517 897 2864 952 rebellionem
2908 901 3110 953 excitat
3133 915 3186 955 ut
3211 903 3480 957 hominem
3501 921 3530 958 a
3557 908 3695 960 veri-

2122 985 2270 1047 tatis,
2296 983 2348 1037 in
2371 1001 2476 1054 qua
2516 987 2648 1041 nihil
2682 988 3159 1059 falsi,cognitione
3195 1006 3492 1049 semoreat.
3528 996 3695 1052 Mbis

2120 1086 2301 1130 autem
2323 1087 2450 1132 ante
2471 1079 2650 1132 omnia
2687 1081 2819 1135 lidcs
2849 1088 2936 1136 est
2955 1084 3241 1139 servanda.
3263 1083 3524 1150 Quamvis
3543 1089 3690 1141 enim

2119 1181 2147 1219 a
2183 1168 2422 1235 peccatis
2460 1169 2684 1223 minime
2719 1171 2989 1226 immunes
3027 1175 3220 1240 simus,
3266 1191 3460 1229 omnes
3513 1175 3692 1232 tamen

2121 1271 2217 1326 per
2251 1258 2625 1324 paenitentiam
2679 1260 2834 1312 tidem
2871 1263 3129 1316 amissam
3173 1280 3496 1334 recuperare
3552 1270 3696 1324 vale-

2120 1363 2262 1402 mus.
2288 1348 2656 1403 Conliteatnur
2686 1350 2849 1420 igitur
2884 1363 3136 1407 εαιι‹·ιιιιη
3181 1357 3509 1424 symbolum,
3543 1359 3695 1419 eius-

2119 1453 2223 1507 que
2252 1439 2618 1508 cognitionem
2651 1439 2851 1510 ubique
2889 1445 3191 1512 vulgemus.
3217 1445 3296 1501 Tu
3327 1457 3528 1516 autem,
3553 1450 3695 1504 Deus

2119 1539 2307 1585 noster
2335 1531 2479 1587 trine
2519 1540 2574 1586 et
2620 1533 2805 1597 unice,
2867 1536 2960 1602 qui
3025 1539 3176 1592 solus
3218 1556 3276 1592 es
3318 1548 3446 1593 ante
3472 1543 3690 1604 saecula,

2117 1635 2282 1690 super
2315 1636 2532 1678 omnem
2564 1623 2949 1689 substantiam,
2987 1641 3203 1681 omnem
3239 1645 3505 1698 superans
3533 1633 3694 1684 inlc|~
3747 1671 3754 1682 .

2119 1713 2338 1775 lectum,
2369 1711 2531 1769 Pater
2561 1715 2766 1784 optime
2813 1725 2867 1770 et
2906 1731 3130 1772 causam
3161 1734 3269 1773 non
3326 1720 3555 1787 habens,
3593 1723 3690 1776 Fili

437 1813 640 1882 μάχην,
673 1815 874 1879 ἐξῶσαι
900 1814 1064 1867 πάλιν
1100 1813 1198 1880 τῆς
1224 1810 1486 1882 ἀψευδοῦς
1531 1809 1852 1864 ὲπισπεύδει
1918 1808 2007 1860 τὸν

2119 1805 2397 1874 unigenite
2417 1813 2471 1861 et
2501 1805 2592 1862 Dei
2630 1805 2892 1872 Verbum,
2919 1817 2973 1863 et
3001 1811 3240 1880 Spiritus
3269 1824 3459 1868 sancte
3479 1829 3508 1868 e
3537 1813 3693 1870 Patre

437 1901 724 1970 ἄνθρωπον
780 1901 1057 1970 γνώσεως.
1125 1901 1263 1954 Ἀλλ’
1325 1903 1460 1971 ημῖν
1536 1901 1844 1969 φυλακτέον
1907 1897 2008 1969 τὴν

435 1991 639 2046 πίστιν.
681 1995 744 2046 El
773 1996 881 2064 γάρ
917 1995 1012 2048 καὶ
1047 1994 1346 2074 ἁμαρτίαις
1390 1993 1490 2046 οὐκ
1535 1993 1822 2046 ἀνεύθυνοι
1876 1993 2011 2046 πάν-

432 2097 561 2146 τως,
595 2083 734 2136 ἀλλά
757 2087 910 2154 γειτῇ
939 2083 1201 2154 μετανοίᾳ
1233 2083 1327 2138 καὶ
1353 2081 1534 2137 πίστει
1569 2082 1707 2152 πρὸς
1748 2081 1810 2134 τὸ
1834 2081 2010 2150 σωθῆ-

2119 1899 2444 1976 procedens,
2471 1901 2628 1955 unica
2657 1910 2918 1969 potestas,
2951 1903 3170 1956 unicum
3199 1907 3445 1959 omnium
3479 1908 3691 1976 princi-

2119 1993 2291 2062 pium,
2331 1974 2512 2046 rerum
2561 2008 2684 2061 qua:
2733 2009 2838 2048 non
2893 2004 3048 2050 erant
3083 1995 3370 2062 Conditor,
3412 2007 3465 2052 et
3507 2001 3694 2054 omnia

2117 2085 2428 2146 continens,
2480 2091 2534 2137 et
2570 2085 2969 2140 rationabilium
3007 2088 3347 2144 illuminator
3392 2098 3557 2160 atque
3591 2093 3696 2145 do-

436 2187 523 2224 ναι
548 2171 772 2244 θαρρεῖν
824 2174 1064 2237 ἅπαντες
1103 2174 1320 2245 ἔχομεν.
1383 2171 1782 2242 Ὀμολογητέον
1831 2171 2007 2223 τοίνυν

2116 2183 2258 2240 ctor,
2293 2174 2464 2243 dirige
2503 2189 2604 2230 nos
2641 2176 2738 2244 qui
2785 2175 3024 2230 divinam
3079 2178 3455 2248 expandamus
3490 2197 3586 2251 pro
3617 2183 3694 2236 vi-

437 2263 546 2334 τηνε
565 2264 736 2336 καλὴν
760 2265 1076 2336 ὁμολογίαν,
1105 2268 1200 2320 καὶ
1251 2265 1619 2336 ἑρμηνευτὲον
1663 2265 1764 2331 τὴν
1809 2263 2007 2331 γνῶσιν

2122 2266 2273 2320 ribus
2304 2266 2610 2330 scientiam,
2657 2268 2856 2322 virtute
2902 2269 3254 2338 bonitateque
3288 2281 3399 2326 tua.
3430 2274 3689 2327 Sanctifi-

429 2356 626 2426 ταύτης
649 2356 724 2420 ὡς
763 2359 1009 2428 ἐφικτόν.
1047 2360 1118 2411 Σὺ
1155 2358 1401 2426 δὲΤριάς
1430 2358 1524 2410 καὶ
1567 2357 1732 2425 μονάς
1793 2357 1819 2408 6
1877 2354 2007 2417 Θεὸς

2122 2356 2228 2410 cati
2257 2371 2388 2424 ergo
2422 2367 2475 2410 et
2501 2355 2784 2412 Trinitatis
2821 2360 3164 2416 invocatione
3197 2361 3438 2433 signati,
3476 2363 3691 2419 confes-

431 2447 611 2515 ήμῶν,
642 2451 670 2501 6
692 2449 850 2518 μόνος
875 2449 962 2502 ἀεὶ⁸
977 2448 1073 2515 ὢν,
1105 2449 1265 2520 293
1291 2451 1319 2501 6
1348 2447 1697 2516 προαιώνιος,
1727 2449 1755 2499 6
1776 2445 2007 2516 ύπερού-

2118 2447 2291 2502 sionis
2329 2447 2647 2518 Symbolum
2693 2450 3037 2524 incipiamus.

433 2557 564 2607 σιος,
597 2542 627 2594 6
651 2542 1056 2613 ἀκατάληπτος,
1087 2544 1269 2614 Πάτερ
1300 2541 1470 2610 ἀγαθὲ
1495 2543 1589 2595 καὶ
1616 2540 1849 2606 ἀναίτιε,
1872 2541 1964 2594 Υἱὲ
2001 2544 2288 2610 μονογενὲς
2329 2544 2423 2594 καὶ
2449 2543 2590 2609 Λόγε
2616 2543 2770 2604 Θεοῦ,
2804 2544 2899 2596 καὶ
2930 2543 3152 2613 Πνεῦμα
3175 2544 3330 2613 ἀγιον
3379 2547 3443 2597 ἐκ
3476 2547 3690 2615 Πατρὸς

429 2641 852 2710 προερχόμενον,
880 2642 913 2710 η
947 2639 1046 2710 μία
1077 2640 1324 2710 δύναμις,
1359 2641 1392 2708 ἡ
1430 2640 1527 2708 μία
1545 2638 1652 2691 τῶν
1675 2639 1810 2690 ὅλων
1837 2637 2001 2708 ἀρχὴ,
2034 2639 2068 2707 ἡ
2103 2638 2434 2708 δημιουργὸς
2464 2640 2526 2690 ἐκ
2561 2640 2635 2708 μὴ
2668 2639 2856 2697 ὄντων.
2891 2639 2983 2692 καὶ
3004 2642 3300 2710 συνεκτικὴ
3337 2643 3554 2696 πάντων
3595 2641 3692 2692 καὶ

429 2733 539 2786 τῶν
577 2730 810 2802 λογικῶν
838 2732 1140 2804 φωτιστικὴ
1167 2735 1263 2788 καὶ
1297 2733 1641 2795 διδάσκαλος.
1672 2733 1979 2803 χορήγησον
2027 2733 2160 2801 ἡμῖν
2199 2748 2294 2782 σου
2347 2731 2444 2801 τὴν
2485 2730 2635 2784 θείαν
2685 2732 3021 2801 διασαφῆσαι
3063 2734 3264 2800 γνῶσιν
3327 2737 3403 2796 ὡς
3457 2735 3691 2804 ἐγχωρεί

429 2828 678 2896 ἐνεργείᾳ
705 2827 770 2895 τῇ
797 2829 862 2897 σῇ
885 2826 976 2878 καὶ
1000 2826 1352 2896 χρηστότητι.
1388 2824 1868 2889 Καθαγιασθέντες
1895 2823 2090 2876 οὐκοῦν
2124 2825 2304 2892 ἡμεῖς,
2333 2840 2420 2874 καί
2450 2823 2876 2893 σφραγισθέντες
2905 2827 2972 2896 τῇ
3001 2826 3284 2896 ἐπικλήσει
3314 2828 3411 2896 τῆς
3436 2829 3688 2908 Τριὸιδος1

431 2922 522 2974 καὶ
557 2918 652 2972 τοῦ
685 2919 962 2987 Συμϐόλου
1001 2920 1097 2988 τῆς
1121 2919 1410 2986 ὁμολογίας
1434 2920 1603 2988 αὐτῆς
1655 2916 1971 2987 ἀρξώμεθα.

433 3009 698 3063 Πιστεύω
751 3010 839 3073 εις
892 3007 1001 3072 ἕνα
1050 3006 1199 3060 Θεὸν
1243 3005 1474 3075 Πατέρα
1523 3008 2000 3075 παντοκράτορα.

2181 3001 2349 3056 Credo
2378 3005 2430 3056 in
2469 3020 2632 3056 unum
2667 3003 2832 3059 Deum
2862 3005 3022 3060 Patre
3070 3025 3120 3060 nt
3149 3009 3581 3076 omnipotentem.

511 3102 600 3166 '0;
638 3102 926 3172 θαυμαστὴ
965 3102 999 3172 η
1038 3099 1145 3153 τῶν
1202 3099 1466 3170 Πατέρων
1520 3097 1795 3167 θεολογία.
1840 3097 1997 3150 Κατά

2147 3112 2215 3168 -Ο
2252 3116 2388 3170 mira
2441 3115 2660 3171 Patrum
2716 3117 3006 3191 theologia.
3057 3121 3215 3189 cujus
3263 3125 3527 3187 adversus
3573 3139 3690 3177 om-

435 3196 648 3252 πάντων
676 3197 784 3265 γὰρ
807 3193 968 3256 εὐθὺς
996 3193 1106 3247 τῶν
1141 3191 1482 3254 ἀσεσούντων
1518 3190 1739 3246 πλουτεῖ
1779 3190 1840 3242 τὸ
1869 3206 2002 3259 προ-

431 3291 630 3360 οίμιον,
673 3288 736 3340 τὸ
766 3285 1038 3341 Πιστεύω
1070 3284 1169 3354 μὲν
1219 3283 1538 3354 προτιθεῐσα
1571 3283 1661 3337 διὰ
1693 3282 1754 3336 τὸ
1784 3283 1884 3351 τῆς
1915 3283 2000 3335 τιί-

435 3397 604 3444 στεως
625 3380 896 3448 ἀσφαλές·
940 3380 1031 3444 εις
1061 3377 1171 3432 ἕνα
1208 3378 1265 3432 δέ
1316 3377 1466 3432 Θεὸν
1514 3377 1747 3445 Πατέρα
1776 3392 2000 3430 παντο-

435 3473 712 3542 κράτορα,
737 3474 818 3524 ὅτι
849 3471 981 3533 Θεὸς
1028 3465 1132 3535 εἷς,
1166 3471 1262 3523 καὶ
1295 3464 1473 3534 οὗτος,
1507 3469 1715 3538 Πατὴρ,
1747 3468 1821 3532 ὡς
1847 3467 1999 3538 πηγὴ

433 3565 542 3618 τῶν
580 3563 639 3629 ἐξ
668 3561 857 3626 αὑτοῦ,
897 3561 1028 3615 Υἱοῦ
1058 3577 1118 3614 τε
1154 3562 1251 3614 καὶ
1283 3560 1600 3630 ῐΙνεύματος
1623 3575 1639 3591 ⁶
1675 3560 1769 3612 καὶ
1794 3561 2000 3612 [lavso-

433 3656 655 3726 κράτωρ
683 3653 856 3718 οὗτος,
900 3652 974 3712 ὡς
1017 3651 1154 3721 μετὰ
1183 3649 1278 3703 τοῦ
1329 3650 1504 3716 Λόγου
1553 3649 1647 3702 καὶ
1688 3649 2000 3717 [Ινεύματος

431 3748 539 3800 τῶν
561 3747 695 3800 ὅλων
733 3745 1048 3813 κτισμάτων
1087 3742 1339 3812 ποιητής.
1377 3740 1535 3793 Ἑπεὶ
1577 3741 1686 3810 γὰρ
1720 3741 1864 3791 κατά
1903 3737 2000 3808 τὴν

435 3838 711 3900 λίωῦσέως
769 3834 1118 3905 συγγραφὴν,
1174 3834 1296 3902 ἥτις
1345 3832 1686 3902 ἀληθεστάτη
1747 3830 1847 3899 μὲν
1907 3830 2000 3882 καὶ

433 3933 764 4003 ἀρχαιοτάτη
789 3931 959 3994 ἐστὶν,
992 3927 1210 3998 ἐπιδεὴς
1239 3926 1294 3979 δὲ
1327 3927 1486 3996 μόνον
1510 3925 1604 3977 τοῦ
1646 3924 1793 3976 θείου
1822 3925 2000 3990 Εύαγ-

433 4024 636 4092 γελίου,
673 4022 909 4091 σκιώδης
947 4017 1080 4074 οὖσα
1121 4022 1216 4074 καὶ
1249 4019 1470 4087 ἀτελὴς,
1512 4013 1593 4080 εἷς
1632 4016 1763 4077 Θεὸς
1796 4015 2003 4068 ἐδιδάσ-

434 4133 559 4168 κετο
590 4118 771 4182 μόνον,
805 4115 833 4167 6
866 4114 1052 4182 Πατὴρ
1077 4111 1316 4182 δηλονότι
1344 4126 1360 4142 ο
1389 4111 1416 4162 6
1443 4109 1498 4162 δέ
1529 4123 1593 4176 γε
1627 4109 1798 4175 Λόγος
1823 4107 1916 4160 καὶ
1941 4105 2002 4159 τὸ

436 4207 661 4278 Πνεῦμα
695 4206 953 4277 ἀμυδρῶς
998 4201 1066 4274 ἦν
1112 4207 1169 4256 ἐν
1216 4203 1352 4272 αὐτῇ
1408 4201 1872 4272 μαρτυρούμενα⁸
1915 4199 2004 4252 ού-

436 4299 595 4367 ρανδς
623 4298 679 4352 δὲ
716 4298 816 4350 καὶ
862 4295 936 4366 γῆ
989 4296 1083 4348 καὶ
1119 4295 1186 4347 τά
1221 4295 1280 4346 ἐν
1324 4294 1508 4355 αὐτοῖς
1550 4293 1767 4346 ἅπαντα
1801 4292 1860 4355 ἐξ
1901 4291 2001 4344 ούκ

433 4391 599 4443 ὅντων
623 4389 780 4460 Λόγῳ
807 4387 900 4441 καὶ
926 4387 1205 4470 Πνεύματι
1236 4385 1580 4453 πεποιημένα
1607 4383 1742 4438 Θεοῦ.
1767 4385 2002 4453 ἐγέγραο

2111 3221 2208 3261 nes
2241 3207 2442 3277 impios
2481 3211 2590 3262 cito
2619 3212 2874 3279 praevalet
2899 3212 3248 3280 prooemium.
3272 3213 3441 3268 Credo
3470 3217 3687 3284 quidem

2112 3299 2459 3368 praztnittitur
2507 3301 2578 3354 ob
2623 3300 2743 3355 lidei
2795 3305 3204 3358 certitudinent.
3265 3304 3333 3358 In
3366 3321 3527 3359 unum
3561 3321 3690 3362 vero

2111 3389 2280 3444 Deum
2335 3391 2550 3446 Patrem
2603 3394 3038 3462 omnipotentem,
3089 3397 3215 3466 quia
3261 3397 3402 3452 Dctts
3449 3414 3590 3452 unus
3637 3410 3690 3452 et

2111 3481 2224 3550 ipse
2251 3482 2441 3546 Pater,
2482 3493 2742 3553 tanquam
2773 3485 2895 3540 l‘ons
2935 3502 3127 3540 eorum
3167 3488 3258 3557 qui
3283 3505 3350 3543 ex
3384 3489 3500 3558 ipso
3536 3501 3686 3550 sunt,

2110 3573 2320 3627 scilicet
2366 3573 2488 3628 Filii
2533 3583 2586 3629 et
2643 3576 2904 3645 Spiritus.
2935 3577 3005 3630 Et
3045 3579 3419 3646 omnipotens,
3458 3582 3552 3649 qui
3593 3596 3688 3649 per

2112 3662 2350 3718 Verbum
2393 3673 2447 3718 et
2487 3661 2750 3732 Spiritum
2779 3670 3022 3720 omnium
3058 3677 3432 3724 creaturarum
3484 3678 3572 3725 cst
3610 3671 3688 3726 la-

2111 3761 2250 3804 ctor.
2285 3750 2566 3820 Siquidem
2593 3752 2898 3806 secundum
2933 3751 3130 3821 Moysis
3176 3754 3530 3822 scripturam,
3563 3771 3684 3824 quae

2111 3843 2395 3897 verissima
2425 3841 2642 3910 quidem
2673 3849 2728 3896 et
2761 3843 3158 3908 vetustissima,
3193 3854 3404 3898 tantum
3439 3861 3568 3900 vero
3599 3847 3682 3900 die

2109 3930 2239 3987 vino
2271 3941 2392 4001 eget
2431 3931 2750 4001 Evangelia,
2780 3947 2902 4001 qua:
2935 3934 3183 3988 umbram
3215 3937 3375 3990 habet
3404 3947 3458 3991 et
3489 3937 3686 4003 impero

2112 4023 2428 4085 lectionem,
2476 4036 2618 4076 unus
2654 4021 2797 4076 Deus
2851 4021 3118 4077 duntaxat
3166 4025 3491 4090 docebatur,
3533 4027 3686 4082 Pater

2111 4113 2355 4179 scilicet;
2391 4112 2628 4168 Verbum
2667 4120 2848 4166 autem
2885 4127 2948 4167 ac
2985 4111 3221 4182 Spiritus
3252 4116 3590 4172 subobscure
3631 4119 3683 4171 iu

2110 4200 2380 4270 scriptura
2418 4197 2839 4266 indicebantur;
2866 4201 3063 4255 caelum
3087 4216 3215 4257 vero
3237 4213 3291 4258 et
3325 4212 3469 4259 terra
3493 4217 3545 4260 et
3569 4222 3687 4258 0m-

2111 4294 2200 4347 nia
2224 4307 2345 4362 qua:
2374 4293 2428 4346 in
2450 4291 2532 4347 eis
2567 4301 2696 4347 sunt
2715 4307 2746 4348 e
2769 4308 2879 4347 non
2907 4294 3296 4351 exsistentibus
3325 4311 3424 4366 per
3447 4294 3682 4351 Verbum

2111 4393 2165 4441 et
2205 4383 2468 4454 Spit-itum
2519 4382 2662 4438 facta
2703 4398 2733 4437 a
2784 4383 2894 4440 Deo
2943 4385 3678 4453 reputabantur.llominum

436 4498 541 4534 πτο
563 4497 576 4512 '
610 4481 788 4549 ἕτεροι
817 4479 874 4532 δὲ
903 4479 1008 4531 τῶν
1025 4465 1336 4547 ἀνθρώπων
1369 4475 1848 4545 ἀποπλανηθέντες
1872 4476 2000 4528 πο).-

2114 4486 2284 4532 autem
2333 4484 2653 4531 cancrorum
2687 4477 3008 4532 aberrantes
3061 4479 3243 4543 multi,
3280 4479 3370 4532 alii
3423 4495 3527 4533 non
3561 4496 3682 4534 esse

431 4577 538 4638 λοὶ,
576 4575 625 4627 οἱ
654 4574 755 4641 μὲν
791 4571 865 4641 μὴ
896 4567 1035 4624 εἶναι
1065 4569 1197 4623 Θεὸν
1227 4570 1542 4638 είρήκασιν,
1581 4569 1809 4638 ἄφρονες
1833 4568 2004 4630 ὅντως

433 4667 606 4730 ὅντες,
643 4665 738 4717 καὶ
780 4663 920 4732 τύχῃ
961 4662 1054 4714 καὶ
1089 4661 1402 4731 είμαρμένῃ
1437 4659 1498 4711 τὸ
1539 4661 1648 4711 πᾶν
1679 4659 1960 4727 ὑπέθηκαν
1985 4675 2000 4691 ο

433 4759 484 4809 οί
515 4758 570 4809 δὲ
621 4756 761 4808 θεῶν
791 4753 1010 4824 πλῆθος,
1045 4754 1137 4806 καὶ
1175 4753 1437 4821 δυνάμεις
1469 4749 1649 4804 αὐτῶν
1703 4751 2004 4820 ἐπενόησαν

436 4851 670 4919 ἑαυτοῖς,
702 4843 1147 4915 εἱδωλολατρείας
1179 4843 1378 4912 μανίαν
1401 4859 1460 4896 τε
1489 4847 1581 4895 καὶ
1618 4841 1876 4898 ἀσέϐειαν
1905 4860 2004 4894 συ-

439 4944 801 5010 νεστήσαντο·
840 4938 989 4992 ἀλλοι
1021 4938 1078 4990 δὲ
1130 4936 1408 5004 γοητείαν,
1437 4937 1533 4989 καὶ
1573 4936 1820 5005 ἀστέρων
1852 4938 2006 5004 κινή-

439 5051 555 5096 σεις
585 5034 680 5084 καὶ
714 5034 930 5098 γένεσιν
961 5029 1386 5097 συνεσκέψαντο,
1410 5029 1501 5080 καλ⁸
1526 5027 1620 5080 τὸν
1656 5029 1857 5097 κόσμον
1885 5027 2005 5080 τοῦ·

436 5140 527 5175 τον
548 5122 715 5176 ἀΐδιον
743 5120 837 5174 καὶ
869 5114 1208 5174 ἀκατάλυτον
1237 5119 1565 5188 ὑπενόησαν,
1594 5120 1686 5170 καὶ
1714 5117 2006 5188 λατρευταὶ

435 5215 733 5283 δαιμονίων
766 5215 863 5268 καὶ
918 5213 1018 5284 τῆς
1048 5211 1280 5274 κτίσεως
1319 5213 1436 5280 ἅμα
1469 5211 1758 5278 γεγόνασιν
1787 5226 1811 5241 ’λ
1846 5212 1878 5280 ἠ
1909 5211 2006 5262 τοῦ

436 5307 674 5379 Χριστοῦ
709 5307 1008 5379 Ἐκκλησία
1041 5307 1205 5359 αὐτὸν
1234 5307 1326 5360 τὸν
1371 5305 1463 5358 τοῦ
1513 5304 1676 5373 Θεοῦθ,
1699 5304 1877 5370 λόγον,
1913 5305 2007 5356 τὸν

441 5402 706 5472 μονογενῆ
737 5401 885 5462 Υίὸν,
918 5401 1017 5470 τὴν
1054 5400 1421 5452 ἐνυπόστατον
1472 5398 1568 5451 καὶ
1600 5396 1781 5460 ζῶσαν
1817 5397 2008 5464 σοφίαν

436 5493 753 5547 διδάσκαλον
787 5493 1008 5561 ἔχουσα,
1059 5488 1414 5558 διορθουμένη
1465 5487 1528 5541 τὸ
1589 5488 1717 5553 πᾶν,
1768 5489 1860 5539 καὶ
1909 5485 2010 5554 τὴν

437 5587 702 5656 ἀλήθειαν
766 5580 1240 5654 ἐπιμαρτυροῦσα,
1293 5580 1654 5633 ἀποῦαλλεται
1716 5581 1816 5650 μὲν
1867 5582 2006 5648 μετὰ

438 5677 532 5730 τοῦ
561 5676 724 5730 Δαϐὶδ
755 5677 883 5738 τοὺς
926 5674 1000 5745 μὴ
1027 5673 1428 5742 ὁμολογοῦντας
1458 5671 1548 5721 τὸν
1575 5672 1728 5725 Θεόν.
1770 5672 2008 5731 Ἐκεῖνος

440 5773 549 5840 γάρ
585 5787 769 5842 φησιν,
808 5763 994 5823 Εἶπεν
1041 5764 1246 5834 ἄφρων
1301 5764 1370 5818 ἐν
1407 5761 1620 5832 καρδίᾳ
1667 5759 1853 5816 αὑτοῦ
1899 5765 2006 5813 οὐκ

2109 4570 2276 4624 Deum
2298 4568 2576 4631 dixerunt,
2609 4567 2932 4638 insipientes
2961 4569 3142 4645 valde,
3173 4579 3226 4624 et
3253 4569 3481 4626 fortuito
3510 4571 3686 4626 fatali-

2107 4653 2317 4739 terque,
2350 4661 2532 4715 omnia
2567 4661 2785 4714 condita
2832 4661 3276 4728 contenderunt;
3323 4664 3414 4717 alii
3459 4665 3682 4720 deorum

2109 4754 2515 4808 multitudinem
2548 4762 2604 4807 et
2629 4767 2822 4807 eorum
2856 4753 3086 4807 virtutes
3110 4753 3213 4808 sibi
3243 4754 3536 4820 ﬁnxerunt,
3569 4756 3683 4809 ido-

2110 4845 2354 4901 lolatrim
2389 4845 2758 4915 insipientiam
2811 4852 2864 4898 et
2889 4844 3222 4914 impietatem
3257 4847 3682 4900 constituernn'.

2107 4939 2212 4993 Alii
2245 4937 2532 5008 geniorum
2573 4935 2777 4991 cultum
2809 4945 2862 4990 et
2895 4945 3164 4990 astrorum
3202 4948 3382 4993 motus
3423 4945 3476 4989 et
3503 4948 3682 4991 ortum

2108 5025 2598 5081 consideraverunt
2627 5061 2644 5088 ,
2692 5035 2746 5079 et
2779 5024 3043 5078 mundum
3082 5025 3248 5080 istum
3284 5035 3543 5079 atternum
3586 5042 3684 5079 nec

2113 5133 2356 5187 unquam
2410 5119 2805 5171 destruendum
2861 5124 3228 5186 putaverunt,
3277 5125 3331 5170 et
3380 5118 3681 5183 daemonum

2110 5211 2350 5264 cultores
2381 5217 2542 5278 atque
2574 5216 2957 5263 creaturarum
2989 5205 3117 5260 facti
3150 5215 3300 5262 sunt.
3339 5206 3544 5261 Christi
3581 5207 3683 5262 Ec-

2114 5303 2277 5358 clesia
2307 5302 2483 5370 ipsum
2510 5298 2602 5354 Dei
2639 5298 2896 5364 Verbum,
2919 5285 3142 5351 unicum
3176 5297 3394 5360 Filium,
3414 5297 3680 5352 viventem

2112 5404 2165 5448 et
2197 5408 2291 5462 per
2307 5407 2365 5448 se
2387 5392 2740 5448 exsistentem
2765 5389 3087 5460 sapientiam
3119 5389 3434 5459 magistrum
3456 5388 3682 5454 habens,

2118 5488 2272 5556 plene
2304 5495 2450 5540 recta
2488 5493 2539 5540 et
2577 5484 2788 5538 veritati
2820 5481 3200 5537 testimonium
3233 5480 3545 5551 perbibens,
3578 5497 3682 5532 una

2113 5596 2233 5633 cum
2262 5577 2462 5631 Davide
2484 5576 2700 5645 quidem
2732 5590 2826 5630 eos
2857 5574 3085 5640 abnegat
3111 5573 3202 5642 qui
3230 5587 3339 5625 non
3368 5586 3491 5626 esse
3517 5571 3682 5626 Deum

2113 5670 2302 5723 dicunt
2335 5683 2350 5720 :
2398 5665 2670 5720 exclamat
2710 5666 2853 5717 enim
2888 5664 3004 5733 ipse
3044 5680 3058 5717 :
3094 5681 3111 5713 ι
3147 5662 3289 5716 Dixit
3315 5661 3581 5732 insipiens
3629 5663 3680 5714 in

2114 5762 2273 5817 corde
2307 5773 2428 5824 suo,
2457 5757 2572 5811 Non
2597 5765 2678 5813 est
2713 5757 2874 5813 Deus.
2903 5776 2919 5807 ι
2960 5753 3222 5810 Similiter
3241 5765 3416 5810 autem
3446 5769 3566 5810 cum
3595 5766 3681 5806 co-
