4094 6194
400 291 509 352 755

1221 298 1606 363 SYMEONIS
1637 302 2088 365 THESSAIDN
2104 303 2405 364 lCENSlS
2438 305 2480 361 A
2495 303 2800 363 RCHIEP.

3548 296 3649 357 ’156

390 417 509 470 ilum
550 414 747 469 Dat-ide
787 422 841 468 et
894 413 1061 467 Paulo
1098 413 1392 464 multorum
1451 423 1693 465 errorem
1740 408 1967 461 deorum

2090 408 2213 459 Eon
2240 406 2405 472 Θεός·
2425 406 2725 461 ἀπωθεῖται
2748 407 2804 461 δὲ
2827 409 2991 463 πάλιν
3022 410 3161 478 μετὰ
3186 411 3279 465 τοῦ
3305 412 3471 466 αὑτοῦ
3488 414 3651 465 Δαῢ.δ

401 509 629 577 respuit.
671 525 689 558 ι
721 504 921 562 Omnes
955 506 1119 569 enim,
1156 504 1330 571 inquit
1353 503 1463 567 ille,
1499 501 1572 556 dii
1598 499 1836 570 gentium
1864 497 1971 551 dre-

395 602 580 657 tuonia
601 617 651 664 ;›
685 607 739 654 et
762 597 997 652 Paulus:
1033 616 1051 647 ι
1080 598 1406 651 Servierunt
1436 594 1505 648 iis
1524 594 1615 662 qui
1646 600 1840 645 natura
1863 604 1971 643 non

398 704 525 749 sunt
558 692 655 753 dii,
688 700 735 745 et
775 691 1048 758 sapientes
1080 703 1203 742 cum
1226 695 1431 750 essent,
1467 684 1621 739 stulti
1665 681 1795 736 facti
1820 691 1970 742 sunt,

395 795 449 841 et
467 784 773 870 servierunt
798 789 1064 837 creatura:
1086 780 1264 849 potius
1291 794 1451 848 quam
1470 773 1736 830 Creatori.
1754 792 1771 824 ι
1804 770 1972 825 Perﬁ-

397 863 750 932 cicns'autem
786 875 931 943 quod
971 872 1071 941 legi
1099 872 1307 935 deerat,
1348 883 1446 923 uec
1480 867 1699 931 Filium,
1729 880 1828 918 uec
1853 863 1978 930 Spi-

383 958 561 1035 fritum
589 974 773 1035 aperte
799 963 1038 1028 docenti,
1072 962 1217 1017 clare
1248 971 1301 1014 et
1328 961 1412 1031 pie
1445 960 1641 1013 clamat
1672 973 1686 1010 :
1724 954 1892 1009 Credo
1920 955 1975 1007 in

398 1075 561 1112 unum
586 1058 752 1110 Deum
780 1056 998 1109 Patrem
1030 1054 1445 1117 omnipotentem
1474 1062 1493 1101 .'
1527 1047 1699 1102 Credo
1754 1044 1973 1114 quidem

398 1167 461 1205 ex
495 1166 561 1206 eo
598 1150 747 1220 quod
785 1148 952 1204 corde
985 1147 1040 1201 in
1099 1146 1267 1199 Deum
1319 1141 1725 1197 confessionem
1758 1138 1977 1206 proﬁte-

400 1257 511 1308 tur,
545 1243 699 1310 juxta
737 1242 963 1295 Paulum
995 1240 1302 1293 dicentem:
1369 1253 1387 1287 ι
1422 1233 1599 1288 Corde
1635 1230 1872 1284 creditur
1910 1227 1974 1279 ad

395 1337 685 1405 justitiam,
725 1349 821 1389 ore
855 1343 1033 1388 autem
1062 1329 1331 1386 confessio
1366 1327 1422 1381 lit
1459 1329 1522 1380 axl
1556 1325 1809 1380 salutem
1856 1342 1873 1375 ι
1910 1321 1972 1374 In

400 1444 563 1481 unum
603 1442 734 1482 vero
770 1426 961 1488 Deum,
995 1424 1059 1478 ad
1093 1421 1490 1492 oppositiouem
1520 1430 1630 1471 tum
1662 1429 1850 1469 eorum
1884 1413 1975 1482 qui

402 1521 568 1575 lleum
611 1530 831 1589 negant,
868 1527 980 1571 tum
1032 1515 1325 1585 impiorum
1356 1512 1447 1582 qui
1482 1510 1664 1579 plures
1712 1508 1981 1562 invocant

398 1612 549 1665 deos.
586 1609 791 1663 Deinde
816 1608 1040 1662 Patrem
1086 1604 1497 1671 omnipotentem
1526 1612 1543 1649 :
1577 1596 1795 1651 Patrem
1856 1608 1980 1663 pro-

403 1708 520 1765 pter
552 1697 669 1765 ejus
702 1692 1283 1764 unigenitumVerbum
1321 1700 1374 1745 et
1404 1691 1472 1745 ab
1500 1702 1564 1742 eo
1596 1686 1976 1757 procedentem

2083 497 2177 551 καὶ
2244 496 2328 551 ..οῦ
2370 498 2605 565 Παύλου,
2662 501 2763 571 τὴν
2810 502 2921 556 τῶν
2972 502 3187 557 πολλῶν
3243 504 3385 558 θεῶν
3412 504 3653 575 πλάνην.

2083 589 2306 656 Πάντες
2336 590 2467 661 γὰρ,
2495 590 2657 661 φησὶν
2688 594 2716 646 6
2745 592 2926 659 αὐτὸς,
2953 595 3009 647 οἱ
3033 593 3156 663 θεοί
3182 593 3302 649 τῶν
3320 595 3515 663 ἐθνῶν
3530 596 3657 650 δαι-

2080 682 2276 750 μόνια.
2309 684 2402 736 καὶ
2434 685 2461 736 6
2484 683 2715 749 Παῦλος,
2751 687 3164 755 Ἐλὰτρευσαν
3192 688 3319 755 τοῖς
3341 689 3428 761 μὴ
3476 691 3661 757 φύσει

2080 770 2224 828 οὖσι
2263 774 2441 840 θεοῖς,
2475 776 2576 831 καὶ
2636 778 2817 846 σοφοὶ
2870 779 3041 846 ὄντες
3067 780 3530 848 ἐμωράνθησαν,
3561 783 3662 837 καί

2082 865 2458 934 ἐλάτρευσαν
2493 866 2568 935 τῇ
2597 868 2792 922 κτίσει
2835 869 2997 936 παρὰ
3035 870 3143 923 τὸν
3201 871 3529 925 Κτὶσαγτα.
3564 872 3663 924 Τε-

2081 954 2301 1010 λειοῦσα
2334 960 2389 1011 δὲ
2422 960 2516 1012 καὶ
2544 959 2642 1030 τὴν
2673 961 2765 1013 τοῦ
2797 960 2965 1029 νόμου
3009 961 3268 1031 ἔλλειψιν,
3307 963 3383 1032 μὴ
3412 960 3505 1016 τὸν
3532 963 3662 1016 Υἱὸν

2084 1050 2178 1103 καὶ
2204 1051 2264 1102 τὸ
2296 1050 2524 1120 Πνεῦμα
2558 1052 2746 1120 σαφῶς
2797 1053 3233 1118 ὲκδιδάσκοντος,
3268 1053 3538 1124 λαμπρῶς
3566 1055 3661 1107 καὶ

2083 1140 2320 1201 εὐσεϐῶς
2378 1143 2567 1213 ὲκῦοᾷ,
2627 1146 2894 1198 Πιστεύω
2924 1147 3012 1211 είς
3067 1145 3178 1199 ἕνα
3223 1145 3374 1200 Θέὸν
3428 1145 3661 1212 Πατέρα

2086 1232 2580 1301 παντοκράτορα·
2616 1234 2679 1287 τὸ
2724 1236 2824 1303 μὲν
2868 1235 3158 1298 Πιστεύω,
3202 1235 3293 1289 διὰ
3326 1235 3386 1289 τὸ
3426 1236 3492 1288 ἐκ
3525 1251 3660 1304 acap-

2083 1322 2201 1386 δίας
2245 1325 2346 1393 τὴν
2382 1328 2462 1387 είς
2514 1328 2646 1379 Θεὸν
2704 1329 3005 1397 κηρύσσειν
3048 1328 3343 1399 ὁμολογίαν
3388 1328 3533 1382 κατά
3570 1329 3660 1380 τὸν

2085 1414 2298 1467 Παῦλον
2330 1417 2577 1485 λέγοντα,
2614 1419 2842 1487 Καρδίᾳ
2888 1419 3006 1488 μὲν
3063 1420 3410 1473 πιστεύεται
3451 1421 3541 1486 εις
3575 1420 3662 1472 ὄι-

2085 1510 2443 1576 καιοσύνην,
2497 1511 2751 1579 στόματι
2804 1510 2873 1563 δὲ
2915 1510 3291 1579 ὁμολογεῖται
3333 1511 3421 1574 εις
3463 1524 3660 1576 σωτη-

2082 1599 2223 1668 ρίαν
2252 1616 2266 1631 ο
2300 1600 2362 1653 τὸ
2390 1601 2454 1659 δὲ,
2478 1604 2582 1667 Εἲς
2618 1601 2727 1654 ἕνα
2755 1602 2925 1664 Θεὸν,
2954 1602 3035 1663 είς
3066 1600 3378 1670 ἀνατροπὴν
3413 1599 3531 1671 ἅμα
3549 1601 3660 1654 τῶν

2089 1706 2143 1742 τε
2187 1691 2261 1761 μὴ
2309 1691 2444 1745 Θεὸν
2484 1691 2917 1761 ὁμολογούντων,
2961 1692 3061 1744 καὶ
3101 1691 3208 1744 τῶν
3243 1691 3473 1753 πολλοὺς
3504 1691 3657 1753 θεοὺς

401 1786 689 1856 Spiritum,
743 1800 863 1854 quae
899 1782 1271 1837 conﬁtentium
1305 1780 1471 1835 Deum
1497 1776 1650 1832 multi
1688 1775 1977 1844 rejiciuut,

2090 1782 2355 1849 λεγόντων
2388 1783 2565 1837 ἀθέων
2591 1800 2604 1814 ·
2651 1782 2843 1835 ἔπειτα
2886 1783 3118 1850 Πατέρα
3164 1781 3653 1850 παντοκράτορα·

404 1894 601 1948 nempe
620 1878 770 1948 impii
793 1875 961 1931 Judaei
985 1883 1039 1929 et
1057 1889 1178 1929 cum
1201 1874 1328 1943 ipsis
1348 1871 1435 1925 alii
1456 1872 1623 1924 Deum
1646 1880 1983 1936 consequen-

402 1971 762 2038 tercomplete
796 1978 1077 2037 negantes.
1102 1964 1157 2020 Si
1185 1966 1328 2018 enim
1358 1964 1561 2032 absque
1588 1959 1760 2014 Verbo
1780 1968 1835 2013 et
1857 1956 1982 2025 Spi-

368 2128 372 2132 _
401 2063 507 2115 ritu
535 2061 697 2126 Deus,
729 2074 858 2129 ergo
885 2057 1238 2128 imperfectus
1268 2050 1356 2123 ﬁet
1385 2055 1430 2109 si
1460 2051 1836 2123 imperfectus,
1870 2062 1977 2101 non

402 2168 584 2206 verus.
614 2154 788 2220 Atque
817 2150 897 2205 sic
930 2158 983 2203 et
1016 2149 1091 2211 hi,
1120 2158 1175 2202 ut
1205 2148 1465 2209 diximus,
1508 2145 1562 2198 in
1594 2158 1781 2198 verum
1811 2140 1978 2194 Deum

406 2260 513 2297 non
542 2241 1026 2298 credenteS‘athei.
1052 2239 1107 2293 Si
1144 2240 1288 2293 enim
1317 2239 1370 2291 in
1394 2234 1764 2291 rationalibus
1795 2231 1981 2297 nobis,

404 2337 614 2407 angelis
650 2344 704 2391 ct
739 2334 1075 2397 hominibus,
1105 2331 1343 2386 Verbum
1368 2338 1451 2385 es:
1478 2338 1532 2384 et
1559 2327 1824 2398 Spiritus,
1849 2340 1984 2395 quo-

408 2426 570 2482 modo
602 2442 709 2481 non
746 2428 799 2479 in
839 2424 950 2478 Deo
982 2424 1359 2477 universorum
1394 2427 1448 2473 et
1478 2417 1777 2488 praesertim
1811 2416 1975 2469 ratio-

411 2521 615 2575 ualium
652 2519 743 2588 qui
773 2533 896 2572 eum
928 2526 1207 2586 utcunque
1226 2511 1604 2585 cognoscunt?
1632 2510 1765 2566 Vide
1796 2515 1980 2562 autem

413 2612 609 2665 mirum
637 2610 691 2663 in
717 2609 938 2663 modum
965 2617 1019 2661 et
1050 2607 1101 2662 id
1127 2605 1371 2677 proiecto
1395 2600 1861 2658 contemnentium
1888 2596 1983 2651 Del

410 2702 649 2756 Verbum
691 2709 745 2755 et
772 2700 1035 2770 Spiritum
1067 2699 1401 2768 impietatem
1456 2693 1762 2764 patefacere
1808 2707 1823 2746 :
1862 2706 1991 2761 pro-

417 2796 535 2858 prio
565 2796 737 2849 verbo
765 2808 829 2847 ex
858 2792 990 2862 ipsis
1036 2792 1220 2859 genito
1267 2789 1517 2843 nituntur
1570 2785 1659 2841 Dei
1710 2784 1867 2839 Verbi
1928 2783 1984 2838 in

412 2884 571 2940 Patre
599 2884 906 2939 viventis-et
927 2882 1241 2938 exsistentis
1265 2880 1549 2935 destruere
1576 2875 1731 2947 (proh
1755 2875 1792 2945 l)
1820 2888 1985 2944 gene-

414 2980 681 3033 rationem
714 2984 843 3031 ante
873 2990 1035 3030 omne
1066 2972 1419 3044 principium;
1444 2979 1497 3024 et
1523 2973 1785 3039 plasmata
1808 2968 1987 3036 imago

415 3079 758 3140 prototypum
792 3083 953 3123 suum
989 3067 1438 3132 conditoremque
1488 3062 1725 3131 prodens
1767 3058 1849 3113 vel
1900 3058 1986 3111 in-

412 3166 545 3220 vita,
583 3177 683 3215 nec
711 3160 1043 3228 intelligens,
1088 3158 1353 3211 adversus
1390 3168 1513 3208 eum
1550 3153 1745 3206 insane
1790 3149 1985 3215 fertur,

413 3262 665 3307 creatura
723 3263 1053 3314 creatorem,
1092 3258 1147 3303 et
1190 3246 1355 3301 Deum
1416 3246 1625 3299 iactura
1663 3242 1985 3301 contemnit,

414 3345 544 3399 Etsi
588 3360 684 3413 per
710 3358 768 3398 se
812 3343 1160 3397 cxsistentem
1214 3338 1448 3395 Verbum
1488 3346 1542 3391 et
1580 3336 1840 3405 Spiritum
1877 3349 1986 3388 non

416 3439 614 3492 habere
644 3437 776 3490 dicit
807 3435 1000 3498 Deum,
1026 3435 1167 3487 sicut
1194 3442 1245 3485 et
1276 3445 1396 3500 qua:
1424 3431 1638 3499 propria
1672 3435 1798 3482 sunt
1825 3427 1987 3482 habet

417 3533 604 3590 homo,
656 3528 736 3581 sic
786 3526 938 3580 valde
981 3525 1147 3595 impia
1197 3533 1321 3586 est,
1378 3520 1749 3575 testimonium
1800 3518 1985 3572 divina

412 3623 575 3675 dante
613 3621 919 3688 Scriptura,
960 3616 1103 3686 quod
1148 3619 1331 3669 vivens
1366 3615 1420 3667 in
1454 3613 1701 3682 coeloque
1734 3610 1985 3664 habitans

414 3717 483 3769 sit
515 3714 604 3768 Dei
627 3711 884 3776 Verbum,
921 3709 1197 3780 Sapientia
1224 3710 1363 3776 viva,
1389 3716 1442 3762 et
1473 3708 1524 3760 in
1556 3722 1614 3762 se
1642 3707 1756 3772 ipsa
1790 3702 1987 3757 intelli-

413 3807 609 3874 gentiae
637 3817 687 3859 et
722 3786 1031 3858 sanctitatis
1061 3802 1312 3872 spiritum
1343 3800 1571 3854 habens.
1601 3796 1663 3852 Et
1697 3798 1783 3851 hic
1812 3796 1985 3849 vivifi-

414 3914 544 3951 caus
567 3907 620 3950 ct
652 3898 806 3950 vivax
830 3896 945 3963 ipse
974 3894 1065 3947 Dei
1097 3901 1480 3947 sacrosanctus
1512 3889 1765 3958 Spiritus.
1794 3885 1986 3953 Impiat

412 4010 424 4038 ι
449 4003 541 4056 rgo
566 4002 623 4040 se
648 3987 761 4055 qui,
792 3986 1072 4039 atheorum
1100 3984 1337 4038 rationes
1356 3996 1576 4052 gerens,
1597 3979 1863 4032 viventem
1891 3974 1985 4028 Dei

422 4080 655 4133 Verbum
698 4077 927 4146 despicit
958 4085 1013 4131 et
1044 4075 1309 4143 Spiritum
1338 4113 1353 4136 ,
1386 4089 1492 4127 non
1545 4080 1803 4142 reputans
1838 4067 1984 4138 quod

413 4181 661 4225 creatura
687 4171 779 4239 qui
811 4179 912 4232 cst,
937 4168 980 4222 si
1003 4169 1236 4236 quodam
1267 4166 1425 4220 modo
1448 4163 1757 4220 Conditoris
1788 4160 1989 4229 praebet

416 4263 751 4330 imaginem,
805 4260 1007 4328 pariter
1048 4266 1102 4310 ct
1129 4257 1180 4310 id
1233 4263 1510 4323 utcunque
1555 4254 1609 4306 in
1660 4266 1719 4307 se
1767 4251 1985 4315 habeat,

416 4352 860 4414 adumbratione,
890 4365 999 4403 non
1029 4348 1256 4402 veritate
1292 4346 1555 4416 locuples.
1590 4343 1801 4399 Etenim
1846 4356 1987 4397 sem-

2085 1873 2336 1941 Πατέρα,
2385 1874 2474 1927 διὰ
2526 1874 2619 1927 τὸν
2654 1876 2920 1944 μονογενῆ
2952 1874 3118 1928 αὐτοῦ
3165 1874 3356 1941 Λόγον,
3384 1874 3479 1926 καὶ
3508 1874 3568 1927 τὸ
3599 1874 3658 1940 ἐξ

2089 1963 2253 2018 αὑτοῦ
2286 1966 2532 2032 Πνεῦμα.
2559 1965 2625 2018 Ἀ
2657 1969 2751 2019 καὶ
2779 1965 2961 2018 πολλοὶ
2990 1965 3097 2017 τῶν
3125 1964 3534 2034 ὁμολογούντων
3566 1964 3661 2035 δῆ-

2090 2057 2182 2110 θεν
2213 2056 2345 2110 Θεὸν
2373 2057 2728 2127 ἠθετήκασιν,
2756 2057 2831 2121 ὡς
2866 2058 2917 2110 οῖ
2946 2057 3224 2121 δυσσεϐεῖς
3262 2056 3528 2121 Ἰουδαῖοι,
3560 2056 3659 2110 καὶ

2090 2150 2190 2202 σὺν
2212 2149 2399 2213 αὐτοῖς
2437 2150 2612 2215 ἄλλοι,
2647 2149 2799 2204 ἄθεοι
2830 2148 3112 2211 τελοῦντες
3151 2149 3244 2202 καὶ
3268 2147 3433 2201 οῦτοι.
3457 2148 3521 2200 Ei
3553 2149 3661 2219 γὰρ

2086 2241 2209 2309 ὁίχα
2229 2241 2391 2309 λόγου
2414 2242 2508 2293 καὶ
2540 2241 2852 2311 Πνεύματος
2875 2237 2911 2293 δ’
2929 2239 3081 2303 Θεὸς,
3106 2240 3299 2308 ἀτελὴς
3322 2241 3430 2309 ἄρα
3455 2256 3467 2268 ·
3491 2240 3585 2299 καὶ
3613 2241 3664 2292 si

2088 2332 2306 2401 ἀτελὴς,
2333 2332 2432 2386 οὐκ
2468 2332 2715 2409 ἀληθήςς
2746 2332 2840 2385 καὶ
2867 2332 3007 2385 οὕτω
3030 2331 3125 2384 καὶ
3153 2331 3309 2385 αὐτοὶ
3333 2331 3407 2392 ὼς
3438 2332 3665 2400 εἰρήκα-

2091 2442 2209 2494 μεν,
2246 2427 2324 2489 είς
2355 2425 2449 2480 τὸν
2502 2426 2671 2489 ὅντως
2700 2425 2832 2479 Θεὸν
2889 2425 2966 2496 μὴ
3002 2423 3352 2487 πιστεύοντες
3400 2423 3572 2478 ἀθεοι.
3599 2410 3663 2477 Ei

2088 2518 2196 2585 γὰρ
2226 2520 2283 2570 ὲν
2310 2519 2421 2596 τοῖς
2460 2518 2699 2587 λογικοῖς
2727 2518 2881 2588 ἡμῖν,
2917 2516 3170 2585 ἀγγέλοις
3200 2533 3257 2569 τε
3310 2515 3407 2568 καὶ
3448 2514 3665 2583 ἀνθρώ-

2090 2626 2236 2673 ποις,
2275 2609 2451 2676 Λόγος
2481 2611 2599 2663 ἐστὶ
2628 2611 2720 2662 καὶ
2754 2610 2999 2680 Πνεῦμα,
3038 2609 3154 2671 πῶς
3200 2607 3300 2662 οὐκ
3334 2610 3393 2662 ὲν
3437 2606 3515 2677 τῷ
3545 2607 3665 2678 Θεῷ

2087 2700 2197 2754 τῶν
2228 2700 2387 2763 ὅλων,
2444 2701 2536 2753 καὶ
2564 2700 2673 2753 τῶν
2708 2698 2944 2767 λογικῶν
2980 2698 3239 2768 μάλιστα,
3270 2699 3378 2751 τῶν
3413 2698 3664 2751 ὁπωσοῦν

2089 2792 2559 2859 ὲπιγινωσκόντων
2609 2791 2809 2856 αὑτόνς
2872 2791 3015 2860 Ὀρα
3078 2790 3133 2843 δὲ
3187 2789 3503 2859 παραδόξως
3569 2791 3665 2842 καὶ

2088 2881 2247 2936 τοῦτο
2274 2882 2689 2952 παραστατικὸν
2730 2881 2971 2951 μάλιστα
2989 2881 3090 2950 τῆς
3118 2880 3373 2943 ἀσεϐείας
3402 2880 3515 2934 τῶν
3540 2880 3665 2931 ἀθε-

2090 2973 2326 3028 τούντων
2343 2975 2449 3032 ,τὸν
2478 2974 2572 3028 τοῦ
2619 2974 2753 3027 Θεοῦ
2786 2974 2958 3041 Λόγον
2996 2973 3173 3027 καὶτὸ
3199 2972 3448 3043 Πνεῦμα.
3501 2973 3662 3042 Λόγῳ

2089 3068 2198 3137 γὰρ
2256 3067 2369 3139 ἰδίῳ
2401 3068 2693 3137 πειρῶνται
2725 3065 2783 3133 ἐξ
2822 3066 3006 3119 αὐτῶν
3053 3067 3354 3135 τικτομένῳ
3409 3063 3509 3134 τὴν
3566 3064 3664 3116 τοῦ

2093 3160 2228 3213 Θεοῦ
2252 3160 2427 3228 Λόγου
2446 3159 2541 3212 τοῦ
2566 3158 2766 3221 ζῶντος
2797 3158 2893 3212 καὶ
2926 3158 3074 3221 ὄντος
3107 3159 3165 3211 ὲν
3188 3156 3266 3225 τῷ
3305 3156 3481 3227 Πατρὶ
3510 3157 3665 3210 ἀναι-

2096 3254 2208 3321 ρεῖν
2234 3250 2412 3320 (φεῦί)
2439 3251 2776 3321 προάναρχον
2808 3250 3096 3320 γέννησιν*
3141 3250 3233 3302 καὶ
3263 3249 3296 3319 ἡ
3328 3248 3663 3319 δημιουργη-

2093 3342 2245 3395 θεῖσα
2270 3340 2455 3407 εἰκὼν,
2481 3341 2541 3394 τὸ
2567 3342 2926 3411 πρωτότυπον
2950 3341 3145 3409 ἑαυτῆς
3173 3342 3263 3393 καὶ
3295 3342 3385 3393 τὸν
3402 3340 3664 3410 δημιουρ-

2092 3434 2188 3502 γὸν
2226 3433 2580 3506 μαρτυροῦσα
2608 3435 2703 3489 καὶ⁵
2732 3434 2807 3504 μὴ
2840 3432 3055 3497 νοοῦσα,
3089 3433 3213 3485 κατ’
3241 3432 3409 3484 αὑτοῦ
3434 3433 3661 3501 φέρεται

2093 3524 2410 3590 ἀλογίστως.
2435 3523 2546 3578 Καὶ
2568 3524 2625 3576 τὸ
2655 3522 3242 3593 κτίσμα,τὸνΚτίστην
3269 3521 3472 3587 ἀθετεῖ,
3489 3525 3584 3575 καὶ
3604 3522 3664 3575 τὸ

2095 3619 2306 3687 ποίημα
2326 3616 2416 3670 τὸν
2435 3616 2586 3670 Θεὸν.
2613 3616 2776 3686 294
2808 3616 2867 3669 El
2889 3615 2944 3668 δι
2973 3617 3065 3669 καὶ
3095 3615 3172 3682 μὴ
3192 3614 3553 3667 ὲνυπόστατον
3573 3614 3660 3666 τὸν

2092 3709 2264 3779 Λόγον
2292 3709 2393 3761 καὶ
2423 3707 2485 3761 τὸ
2525 3707 2748 3776 Πνεῦμα
2775 3706 2924 3775 λέγει
2964 3705 3266 3774 κεκτῆσθαι
3297 3708 3388 3758 τὸν
3413 3706 3566 3768 Θεὸν,
3589 3706 3665 3769 ὡς

2094 3801 2186 3854 καὶ
2212 3800 2281 3855 τὰ
2306 3799 2502 3853 ἑαυτοῦ
2533 3798 2842 3868 ἄνθρωπος,
2877 3798 2971 3851 καὶ
3001 3797 3142 3850 οῦτω
3189 3796 3426 3867 μάλιστα
3475 3796 3664 3848 δυσσε-

2095 3891 2202 3953 ϐεῖ.
2232 3891 2330 3961 τῆς
2381 3890 2533 3953 θείας
2568 3874 2950 3960 μαρτυρούσης
2984 3888 3227 3958 Γραφῆς,
3280 3889 3372 3941 τοῦ
3407 3886 3543 3940 Θεοῦ
3571 3887 3661 3939 τὸν

2094 3983 2267 4050 Λόγον
2320 3981 2501 4044 ζῶντα
2546 3981 2640 4040 καὶ
2680 3981 2740 4033 ἐν
2785 3979 2860 4048 τῷ
2906 3980 3120 4049 οὐρανῷ
3171 3980 3514 4049 διαμένοντα,
3570 3979 3663 4031 καὶ

2092 4073 2282 4128 τοῦτον
2327 4073 2530 4141 Σοφίαν
2570 4072 2770 4137 ζῶσαν,
2808 4073 2902 4125 καὶ
2928 4073 2986 4124 ὲν
3036 4072 3174 4142 αὐτῇ
3224 4071 3448 4141 Πνεῦμα
3476 4071 3663 4140 νοερὸν

2094 4167 2190 4221 καὶ
2232 4166 2390 4234 ἅγιον
2437 4165 2667 4234 ἔχουσαν
2693 4181 2707 4198 ·
2742 4165 2836 4218 καὶ
2884 4164 3146 4226 ζωοποιὸν
3186 4163 3244 4217 δὲ
3272 4165 3368 4216 καὶ
3394 4164 3501 4228 ζῶν
3534 4162 3662 4215 αὐτὸ

2092 4264 2155 4317 τὸ
2192 4262 2287 4316 τοῦ
2337 4262 2472 4316 Θεοῦ
2520 4262 2787 4330 πανάγιον
2840 4260 3083 4329 Πνεῦμα.
3116 4259 3380 4312 Δυσσεῦεῖ
3426 4260 3603 4313 τοίνυν
3635 4258 3662 4310 6

2094 4356 2301 4410 ἀθετῶν
2358 4355 2530 4408 ἀθέως
2559 4354 2650 4407 τὸν
2703 4353 2879 4417 ζῶντα
2934 4354 3106 4419 Λόγον
3159 4351 3252 4404 τοῦ
3305 4350 3441 4403 Θεοῦ
3483 4354 3576 4403 καὶ
3605 4350 3664 4401 τὸ

419 4461 512 4514 per
541 4444 760 4514 quidem
797 4442 1034 4495 existens
1066 4439 1204 4493 Deus
1232 4452 1447 4505 semper
1471 4437 1829 4491 exsistentem
1852 4422 1989 4489 Ver-

2097 4447 2340 4514 Πνεῦμα,
2376 4445 2449 4515 μὴ
2484 4444 2639 4506 εἰδὼς
2665 4443 2746 4496 ὅτι
2802 4442 3007 4511 κτίσμα
3035 4440 3132 4504 ῶν,
3169 4440 3218 4492 εί
3245 4440 3339 4493 καὶ
3382 4438 3661 4503 είκονίζων

417 4539 544 4589 hum
569 4534 946 4604 Spiritumque
976 4537 1225 4585 sanctum
1250 4529 1513 4581 viventem
1543 4526 1723 4582 habet.
1748 4523 1988 4595 Angelus

414 4636 619 4690 autem,
640 4626 802 4678 homo
817 4623 1043 4687 etiam,e
1064 4636 1172 4675 non
1190 4619 1486 4675 exsistente
1505 4617 1773 4671 exsistens
1789 4614 1985 4681 lactus,

415 4735 522 4773 non
556 4730 772 4785 semper
803 4714 910 4768 linit
960 4721 1015 4769 et
1068 4711 1342 4767 mutabilis
1387 4718 1491 4771 est,
1521 4720 1573 4765 et
1608 4706 1845 4762 Verbum
1878 4721 1983 4760 non

390 4804 509 4881 per
542 4826 601 4865 se
628 4809 1000 4871 cxsisteutem,
1058 4806 1149 4860 sed
1185 4806 1407 4860 onmino
1434 4803 1598 4857 alium
1639 4801 1820 4855 habet.
1855 4799 1989 4853 Pro-

413 4914 599 4973 pterea
646 4900 804 4954 Pater
838 4899 999 4953 solus
1050 4911 1211 4953 verus
1260 4898 1419 4967 Deus,
1461 4902 1719 4963 tanquam
1772 4904 1987 4958 semper

414 4993 691 5047 cxsistens
719 4989 899 5054 Pater,
929 4985 1089 5041 Pater
1123 5001 1227 5039 nou
1258 4993 1502 5039 nostrum
1522 4982 1612 5052 qui
1648 4988 1832 5049 postea
1858 4975 1986 5032 facti

413 5099 607 5139 sumus
630 5124 647 5150 ,
679 5082 783 5137 erit
814 5077 1108 5149 aliquando
1140 5077 1316 5132 factus
1343 5074 1519 5129 Pater.
1548 5074 1604 5127 Si
1636 5073 1853 5141 quando
1885 5086 1984 5124 au-

413 5186 520 5231 tem
568 5184 752 5231 noster
805 5174 1025 5237 dicitur,
1079 5170 1376 5225 secundum
1405 5168 1660 5237 gratiam,
1703 5164 1829 5234 quia
1878 5176 1983 5218 nos

413 5267 676 5332 condidit,
696 5280 803 5319 non
824 5265 1125 5333 secundum
1158 5272 1405 5315 naturam
1433 5274 1449 5327 ;
1474 5260 1519 5313 si
1548 5258 1691 5313 enim
1726 5256 1850 5320 hoc,
1884 5257 1985 5309 im-

414 5358 708 5428 perfectus.
740 5357 855 5411 Non
887 5370 952 5410 ex
983 5356 1099 5424 ipso
1129 5368 1229 5408 nos
1259 5350 1557 5421 secundum
1585 5356 1858 5413 naturam,
1890 5347 1985 5402 sed

415 5467 446 5503 c
475 5463 583 5502 non
610 5446 1000 5503 exsistentibus
1033 5444 1160 5498 facti
1185 5457 1395 5498 sumus.
1416 5440 1544 5495 lude
1568 5456 1687 5492 cum
1716 5440 1985 5508 perlectus

420 5541 492 5592 sit
525 5538 689 5603 Deus,
724 5537 884 5592 Pater
917 5551 1133 5604 semper
1164 5543 1248 5590 est
1280 5548 1385 5588 una
1417 5548 1540 5586 cum
1568 5546 1634 5585 eo
1659 5539 1907 5585 naturam
1934 5540 1983 5585 et

418 5629 801 5684 cxsistentiam
834 5628 1039 5697 absque
1078 5626 1346 5695 principio
1368 5623 1688 5679 habentibus
1715 5622 1892 5676 Verbo
1933 5630 1983 5677 et

421 5719 731 5775 viviﬁcante
791 5719 1018 5787 Spiritu.
1049 5716 1266 5786 Optime
1313 5716 1475 5784 igitur
1520 5713 1651 5769 dicit
1694 5712 1979 5768 Ecclesia:

2094 4541 2208 4593 ἐστὶ
2235 4539 2375 4592 κατά
2408 4555 2457 4591 τι
2516 4537 2603 4589 τὸν
2634 4537 2931 4600 Κτίσαντα,
2967 4534 3115 4603 ὅμως
3155 4532 3251 4586 καὶ
3281 4531 3413 4585 αὐτὸ
3438 4532 3528 4584 ὅτι
3558 4546 3661 4599 περ

2093 4634 2150 4686 ὲν
2184 4631 2362 4702 ἑαυτῷ
2415 4630 2698 4699 κέκτηται,
2758 4626 3121 4697 σκιαγραφίᾳ,
3163 4624 3257 4678 καὶ
3289 4624 3389 4677 οὐκ
3432 4622 3663 4692 ἀληθεία

2094 4722 2332 4778 πλουτεῖ.
2374 4722 2433 4773 Ὀ
2472 4720 2572 4790 μὲν
2600 4720 2708 4788 γὰρ
2745 4718 2876 4779 Θεὸς
2900 4718 2987 4770 ἀεὶ
3019 4716 3096 4770 ῶν
3127 4718 3264 4781 ἐστι,
3297 4718 3391 4768 καὶ
3422 4715 3510 4768 ἀεὶ
3532 4715 3663 4767 ὅντα

2092 4815 2182 4867 τὸν
2210 4815 2380 4881 Λόγον
2406 4813 2540 4883 ἔχει,
2576 4814 2669 4865 καὶ
2701 4812 2760 4865 τὸ
2792 4811 2901 4873 ζῶν
2927 4809 3150 4880 Πνεῦμα
3181 4809 3241 4862 τὸ
3274 4809 3428 4876 ἅγιον
3448 4823 3462 4837 ·
3493 4808 3662 4875 ἄγγε-

2093 4916 2181 4969 λος
2215 4906 2270 4959 δέ
2301 4924 2364 4974 γε
2413 4907 2509 4959 καλ⁸
2557 4905 2837 4972 ἄνθρωπος
2876 4904 2937 4955 ὲκ
2958 4900 3052 4953 τοῦ
3082 4902 3156 4971 μὴ
3196 4901 3347 4963 ὁντος
3381 4897 3458 4951 ῶν
3502 4914 3661 4963 γεγο-

2095 4991 2221 5058 νὸς,
2254 4993 2346 5045 καὶ
2402 4992 2507 5045 οὐκ
2546 4992 2634 5044 ἀεὶ
2669 4988 2757 5060 ἦν,
2807 4992 2901 5042 καὶ
2933 4988 3227 5051 ἀλλοιωτός
3257 4989 3396 5052 ἐστι,
3432 4989 3527 5039 καὶ
3572 4985 3663 5038 τὸν

2094 5082 2252 5149 λόγον
2279 5083 2379 5135 οὐκ
2412 5083 2799 5141 ἐνυπόστατον,
2835 5079 2948 5133 ἀλλ’
2986 5077 3368 5147 ἀλλοιούμενον
3403 5076 3533 5145 ἔχει.
3564 5073 3663 5125 Διά

2094 5172 2250 5226 τοῦτο
2286 5173 2472 5242 Πατὴρ
2506 5172 2661 5242 μόνος
2692 5172 2720 5224 ὁ
2749 5170 2880 5232 Θεὸς
2912 5168 3139 5240 ἀληθὴς,
3184 5168 3261 5230 ὠς
3303 5166 3389 5219 ἀεὶ
3432 5165 3511 5219 ῶν
3553 5166 3665 5216 Πα-

2094 5268 2199 5336 τήρ
2224 5282 2238 5297 ο
2280 5266 2371 5319 καὶ
2404 5264 2591 5341 Πατὴρ
2616 5265 2712 5334 οὐχ
2739 5263 3004 5333 ἡμέτερος
3037 5263 3144 5314 τῶν
3178 5258 3409 5329 ὓστερον
3443 5257 3664 5325 γεγονό⁴

2095 5376 2221 5412 των.
2256 5359 2448 5410 Ἔσται
2504 5356 2614 5426 γάρ
2646 5372 2774 5409 ποτε
2828 5352 3066 5424 γεγονὼς
3100 5354 3308 5423 Πατήρ.
3375 5351 3437 5404 El
3482 5350 3539 5402 δὲ
3571 5349 3665 5402 καὶ

2096 5450 2286 5519 Πατὴρ
2326 5450 2488 5519 ἡμῶν
2524 5465 2653 5501 ποτε
2687 5448 2931 5515 λέγεται,
2974 5445 3118 5500 κατὰ
3169 5446 3330 5513 χάριν
3372 5441 3551 5505 τοῦτο,
3583 5444 3666 5495 ὅτι

2095 5542 2558 5611 δεδημιούργηκεν
2587 5542 2755 5609 ἡμᾶς,
2790 5540 2851 5592 ού
2876 5539 3017 5591 κατὰ
3045 5537 3224 5605 φύσιν.
3266 5537 3325 5589 Ei
3354 5536 3461 5605 γὰρ
3487 5534 3664 5597 τοῦτο,

2096 5632 2309 5701 ἀτελής.
2343 5633 2557 5702 Ούγάρ
2588 5632 2644 5697 ἐξ
2671 5631 2835 5685 αὑτοῦ
2868 5632 3025 5699 ἡμεῖς
3057 5629 3204 5682 κατὰ
3245 5626 3428 5696 φύσιν,
3452 5626 3571 5679 ἀλλ’
3603 5625 3667 5678 ὲκ

2106 5724 2180 5791 μὴ
2232 5724 2401 5778 όντων
2450 5725 2773 5794 γεγόναμεν.
2807 5724 2971 5777 Ὅθεν
3026 5721 3211 5792 ἐπειδὴ
3269 5718 3580 5781 παντέλειος
3637 5718 3665 5769 ὁ
