4094 6194
447 192 549 256 757

1501 198 1916 262 EXPOSITIO'
1943 199 2166 258 SACRI
2201 199 2346 260 SYM
2359 195 2552 260 BOLl'.
2589 191 2592 200 ’

3585 201 3692 262 ’γῆς

435 319 566 380 θεὸς
621 317 809 387 Πατήρ
838 319 986 370 ἐστιν
1012 315 1100 372 ἀεὶ
1126 314 1220 370 τοῦ
1251 314 1534 385 συμφυοῦς
1561 316 1709 386 αύτῷ
1744 317 1838 368 καὶ
1868 316 1999 380 ζῶν·

2129 307 2302 362 Credo
2335 311 2386 364 in
2411 324 2573 362 unum
2605 307 2772 364 Deum
2809 310 3044 365 Patrem.
3099 311 3514 380 Omnipotentem
3567 331 3695 368 vero

437 429 526 473 τος
555 410 892 480 συνανάρχου
923 409 1100 477 Λόγου
1130 409 1222 462 καὶ
1247 408 1341 460 τοῦ
1368 407 1634 470 ζωοποιοῦ
1668 407 2004 476 Πνεύματος.

435 501 632 564 Καλῶς
681 501 788 572 ἄρα
823 504 856 572 ἡ
893 501 1195 570 Ἐκκλησία
1245 502 1400 568 φησι,
1457 499 1731 554 Πιστεύω
1783 501 1870 565 είς
1899 499 2010 553 ἕνα

436 596 586 648 Θεὸν
617 595 868 659 Πατέρα.
907 592 1366 660 Παντοκράτορα
1416 591 1493 658 δὲ,
1527 591 1615 644 διὰ
1646 591 1708 644 τὸ
1731 591 1798 644 τά
1829 589 2008 644 πάντα

435 685 702 756 συνέχειν.
751 687 826 740 Οὖ
869 685 979 754 γάρ
1025 684 1161 755 τύχῃ
1195 683 1288 738 καὶ
1319 683 1552 752 γενέσει,
1600 681 1736 736 ἀλλὰ
1779 682 2008 752 προνοίᾳ

432 776 598 832 αὑτοῦ
629 777 807 830 πάντα
857 775 1069 842 ἄγεται,
1107 776 1154 826 εί
1213 775 1306 827 καὶ
1341 774 1408 826 τὰ
1445 773 1546 843 μὲν
1569 772 1826 834 εύδοκῶν,
1854 774 1920 826 τά
1949 772 2006 825 δὲ

434 867 740 938 συγχωρῶν
786 866 1050 938 ἀρρήτοις
1091 865 1404 933 οίκονομίας
1449 863 1692 935 τρόποις,
1720 863 1912 916 διοικεῖ
1947 879 2006 915 τε

434 957 531 1010 καὶ
578 957 890 1025 προνοεῖται
925 955 1338 1024 συμφερόντως,
1373 955 1498 1008 Ἔτι
1545 952 2006 1021 Παντοκράτορα

429 1046 604 1114 λέγει,
643 1047 724 1100 ὅτι
753 1047 930 1100 πάντα
974 1047 1146 1100 αὐτοῦ.
1173 1047 1269 1099 καὶ
1295 1045 1354 1111 ἐξ
1399 1045 1564 1100 αὐτοῦ
1593 1045 2006 1116 δημιουργικῶς

429 1135 508 1206 τῷ
537 1136 698 1206 Λόγῳ
725 1153 784 1189 τε
819 1137 912 1190 καὶ
961 1137 1041 1206 τῷ
1072 1135 1374 1204 Πνεύματι,
1405 1136 1480 1199 ὡς
1510 1138 1572 1190 ἐκ
1630 1139 1704 1208 μὴ
1737 1138 1906 1190 ὄντων
1937 1138 2006 1191 τὰ

430 1229 608 1282 πάντα
640 1229 1022 1300 πεποιηκότος.
1059 1231 1242 1284 Πάντα
1266 1229 1358 1284 οὖν
1379 1232 1682 1301 διακρατεῖ,
1714 1232 1800 1284 καὶ
1827 1233 2002 1294 καλῶς

427 1320 820 1392 διακυϐερνῶν,
849 1321 1064 1390 συνέχει
1089 1321 1162 1383 ὡς
1187 1323 1456 1392 βούλεται.
1485 1323 1578 1376 Διὸ
1611 1325 1700 1376 καὶ
1723 1325 2003 1393 ποιήματα

429 1413 624 1467 τούτου
659 1409 893 1468 εἶναιτὰ
919 1411 1096 1467 πάντα
1128 1411 1188 1466 τὸ
1225 1413 1368 1486 ἱερόν
1411 1433 1546 1484 φησι
1586 1415 1884 1486 Σύμϐολον,
1919 1416 2002 1469 λέ-

427 1521 526 1572 γον
559 1503 724 1560 αὑτὸν

429 1616 698 1687 Ποιητὴν
723 1619 986 1688 οὐρανοῦ
1012 1621 1112 1752 mal
1145 1620 1274 1744 γὲς,
1301 1621 1529 1688 ὁρατῶν
1557 1638 1616 1676 τε
1637 1621 1880 1674 πάντων
1901 1617 2000 1675 καὶ

777 1717 780 1720 λ
1101 1709 1167 1752 ορ
1212 1709 1348 1745 των.

777 1717 780 1720 «
1059 1709 1348 1758 αορατων.

487 1780 576 1833 .Τδ
623 1767 722 1849 μὲν
761 1781 868 1836 ἀπὸ
909 1779 1005 1834 τοῦ
1049 1783 1330 1845 Μωῦσέως
1364 1782 1660 1852 λαμϐάνον,
1697 1783 1756 1834 ea
1786 1781 1844 1835 δὲ
1892 1782 2000 1836 ἀπὸ

429 1871 526 1924 τοῦ
562 1872 800 1928 Παύλου.
838 1873 1102 1928 Ἐνταῦθα
1135 1873 1190 1927 δὲ
1221 1875 1340 1943 ἅμα
1365 1876 1456 1927 καὶ
1486 1875 1665 1928 πᾶσαν
1701 1874 1998 1927 ἀπωθεῖται

429 1961 618 2024 ἀθεῖας
643 1963 917 2020 ἐπίνοιαν.
937 1963 1058 2016 Τῶν
1089 1982 1149 2018 τε
1181 1968 1290 2036 γὰρ
1319 1966 1488 2018 ἀΐδιον
1516 1965 1891 2034 ὑπειληφότων
1905 1965 2000 2018 τὸν

427 2053 676 2121 οὐρανὸν,
703 2055 798 2108 καὶ
831 2055 938 2125 πρὸ
967 2055 1157 2110 τούτου
1186 2057 1283 2127 τὴν
1315 2055 1448 2126 ὓλην
1467 2056 1722 2128 ἄναρχον,
1741 2059 1832 2110 καὶ
1860 2056 2000 2118 ἰδέας

425 2144 581 2208 τινάς
611 2147 668 2198 ὲν
697 2146 818 2216 Θεῷ
841 2147 940 2220 τὴν
984 2147 1244 2201 ἀπόνοιαν
1285 2150 1574 2218 καταργεῖ,
1615 2149 1708 2200 καὶ
1745 2148 1854 2200 τῶν
1878 2147 1998 2200 θεο-

429 2235 732 2290 ποιούντων
761 2237 818 2291 δὲ
852 2221 918 2291 τά
949 2237 1124 2305 ἄστρα
1153 2239 1252 2308 τὴν
1295 2238 1525 2310 πλάνην,
1560 2239 1655 2292 καὶ
1686 2239 1765 2292 ἔτι
1794 2237 1903 2292 τῶν
1931 2239 2001 2292 τά

427 2327 560 2398 περὶ
585 2327 680 2397 τῆς
711 2329 834 2396 γῆς,
871 2331 966 2382 καὶ
994 2332 1093 2401 τὴν
1127 2334 1230 2399 γῆν
1251 2331 1442 2402 αὐτὴν,
1474 2335 1568 2387 καὶ
1596 2331 1662 2383 τὰ
1691 2331 1825 2385 ἀλλα
1855 2347 2000 2384 στοι-

427 2419 552 2486 χεῖα
611 2417 768 2482 θεοὺς
819 2419 1156 2490 νομιζόντων
1195 2421 1395 2484 ἀθέως,
1428 2421 1524 2474 καὶ
1567 2421 1693 2490 περ)⁵
1725 2409 1818 2475 τάν
1837 2422 2001 2475 λοιπὰ

429 2510 706 2580 κτίσματα
751 2511 1138 2582 πλανωμένων.
1176 2514 1352 2566 Μόνον
1386 2516 1494 2584 γὰρ
1535 2513 1642 2566 τῶν
1673 2514 1810 2568 ὅλων
1837 2531 2003 2584 ποιηο

377 2618 384 2624 ·
425 2601 548 2671 τὴν,
575 2603 665 2656 τὸν
693 2603 826 2656 Θεόν
870 2621 1037 2674 φησιν
1067 2604 1320 2674 οὐρανοῦ,
1373 2597 1466 2657 καὶ
1504 2605 1612 2657 τῶν
1653 2605 1712 2657 ὲν
1760 2605 1998 2676 οὐρανῷ,

427 2694 530 2762 γῆς
585 2695 680 2747 καὶ
709 2695 815 2748 τῶν
845 2695 902 2747 ὲν
937 2698 1030 2766 γῇ,
1066 2695 1280 2765 ὁρατῶν
1305 2713 1364 2749 τε
1419 2697 1658 2762 πάντων,
1697 2699 1858 2767 ἀέρος
1895 2715 1999 2768 φη-

431 2785 494 2852 μὶ
525 2785 618 2836 καὶ
648 2786 757 2838 τῶν
787 2787 846 2839 ὲν
877 2787 1050 2856 αὐτῷ,
1085 2787 1362 2858 θαλάσσης
1396 2805 1454 2841 τε
1487 2791 1580 2843 καὶ
1615 2788 1720 2842 τῶν
1745 2790 1804 2842 ὲν
1837 2788 1997 2857 αὐτῇ,

429 2875 601 2942 πυρὸς
634 2874 726 2926 καὶ
755 2874 864 2927 τῶν
891 2877 1035 2929 κατά
1065 2877 1230 2947 μέρος
1277 2875 1535 2930 ἁπάντων
1560 2895 1574 2910 ·
1604 2877 1744 2931 ἀλλά
1771 2879 1860 2932 καὶ
1888 2877 1998 2932 τῶν

425 2959 676 3028 ἀοράτων
722 2961 922 3028 αὐτῶν,
972 2963 1220 3031 ἀγγέλων
1273 2965 1368 3018 καὶ
1418 2966 1710 3035 δαιμόνων,
1759 2969 1853 3022 καὶ
1889 2967 1998 3020 τῶν

2125 414 2192 456 eo
2221 399 2366 470 quod
2396 401 2578 456 omnia
2607 403 2912 468 contineat;
2949 417 3070 473 qua:
3095 419 3202 459 non
3234 406 3458 460 fortuito
3491 415 3542 459 et
3567 421 3694 472 pro-

2125 501 2246 560 pter
2281 493 2640 560 nativitatem,
2679 495 2774 550 sed
2828 493 2950 566 ejus
2991 495 3338 552 Providentia
3393 507 3694 560 moventur,

2129 581 2258 636 licet
2292 581 2657 640 ineﬂ'abilibus
2681 585 3000 640 mconomiae
3035 587 3338 642 rationibus
3369 588 3478 641 haec
3505 603 3698 656 appro-

2125 671 2243 749 bet,
2267 674 2355 730 illa
2387 676 2698 746 permittat;
2728 688 3034 746 opportune
3069 687 3123 733 et
3147 681 3412 748 gubernat
3439 689 3492 733 et
3515 679 3696 749 provi-

2125 741 2452 822 det..Adhuc
2481 741 2921 834 Omnipotentem
2947 769 3110 835 dicit,
3145 741 3270 840 (inin
3297 771 3478 826 omnia
3515 741 3697 840 ipsius

2125 861 2278 921 sunt,
2307 864 2364 910 et
2395 872 2458 910 et
2493 856 2609 926 ipso
2642 858 2942 914 conditoris
2969 861 3184 915 actione
3229 877 3323 931 per
3376 861 3609 916 Verbum
3644 873 3697 916 et

2126 946 2386 1015 Spiritum
2416 946 2636 1014 faetore,
2661 957 2718 1002 ut
2735 964 2766 1005 e
2785 965 2893 1004 non
2913 952 3296 1006 exsistentibus
3320 961 3525 1006 starent
3547 955 3698 1008 exsi-

2123 1040 2336 1093 stentia.
2370 1037 2564 1094 Omnia
2599 1057 2728 1110 ergo
2772 1043 2872 1096 sub
2904 1043 3131 1112 imperio
3168 1051 3314 1098 tenet
3337 1088 3351 1110 ,
3389 1054 3442 1097 et
3479 1046 3697 1114 optime

2121 1131 2452 1200 gubernans,
2486 1135 2732 1187 continet
2765 1145 2924 1204 prout
2955 1137 3100 1199 vult;
3140 1136 3260 1190 ideo
3289 1145 3340 1188 et
3367 1135 3486 1204 ejus
3521 1135 3696 1191 factu—

2123 1236 2236 1273 ram
2271 1237 2394 1276 esse
2424 1223 2606 1277 omnia
2641 1235 2888 1282 sanctum
2924 1227 3058 1282 dicit
3095 1227 3409 1299 Symbolum
3441 1266 3454 1292 ,
3495 1229 3692 1299 ιιι-ωιιὶ-

2119 1327 2250 1370 ωηε
2279 1329 2402 1370 ουιιι

2119 1614 2400 1670 Factorem
2432 1615 2550 1670 cmii
2582 1625 2630 1672 et
2663 1627 2836 1675 terrm.
2869 1615 3152 1670 visibilium
3187 1617 3418 1669 omnium
3454 1627 3501 1669 et
3548 1617 3680 1670 iuvi-

2769 1685 3021 1739 sibilium.

2190 1761 2324 1829 lllutl
2357 1790 2386 1827 e
2417 1775 2596 1845 Moyse
2631 1782 2842 1845 petens,
2875 1775 2978 1831 hoc
3009 1789 3038 1829 e
3061 1774 3247 1830 Paulo.
3286 1777 3344 1830 In
3382 1792 3490 1844 quo
3523 1777 3686 1832 simul

2117 1881 2169 1924 et
2208 1885 2423 1923 otiinem
2455 1871 2747 1938 impietatis
2783 1869 2960 1940 rejicit
2999 1879 3236 1926 reatum.
3273 1871 3499 1925 Istorum
3542 1871 3686 1923 enim

2115 1962 2206 2030 qui
2241 1972 2499 2015 mternum
2524 1962 2719 2016 caelum
2755 1971 2944 2031 putant
2969 1972 3021 2016 et
3055 1973 3182 2016 ante
3214 1963 3344 2014 illud
3403 1963 3688 2026 materiam

2115 2049 2383 2119 principio
2415 2061 2712 2121 expertem,
2739 2062 2795 2107 et
2833 2053 2984 2107 ideas
3013 2054 3277 2118 quasdam
3311 2053 3362 2106 in
3397 2053 3506 2107 Deo
3543 2055 3688 2110 insa-

2116 2143 2259 2195 niam
2299 2143 2503 2212 abjicit,
2535 2153 2588 2198 ct
2638 2161 2828 2200 eorum
2861 2145 2951 2216 qui
2995 2146 3220 2200 deorum
3268 2163 3494 2199 nutuero
3539 2159 3688 2202 astra

2111 2233 2394 2287 ascribunt
2442 2235 2862 2301 abcrrationcm,
2895 2235 3072 2290 adhuc
3099 2245 3148 2288 et
3178 2235 3404 2289 istorum
3431 2239 3522 2306 qui
3554 2239 3690 2294 deos

2110 2324 2256 2393 quod
2305 2335 2391 2380 est
2435 2341 2606 2395 super
2657 2335 2875 2392 terram,
2907 2337 3109 2382 terram
3141 2327 3313 2397 ipsam
3346 2338 3399 2381 et
3431 2330 3534 2382 alia
3568 2331 3684 2385 ele-

2111 2427 2287 2471 menta
2322 2419 2606 2474 atlieorum
2641 2433 2787 2473 more
2817 2419 3175 2478 arbitrantur.
3204 2431 3257 2474 et
3287 2422 3430 2476 circa
3464 2432 3688 2477 creatu-
3767 2489 3778 2500 Ι

2113 2523 2202 2562 ras
2231 2511 2466 2579 reliquas
2494 2523 2698 2566 errant.
2725 2510 2910 2566 Solum
2938 2513 3081 2565 enim
3111 2513 3488 2568 universorum
3517 2515 3688 2568 facto-

2112 2615 2222 2654 rem
2254 2599 2422 2654 Deum
2453 2602 2606 2666 dicit,
2632 2602 2753 2656 caali
2787 2611 2840 2655 et
2869 2617 3060 2656 eorum
3093 2617 3215 2673 quae
3247 2603 3300 2656 in
3334 2605 3495 2669 cmlo,
3527 2615 3684 2660 ιοιϊειι

2107 2701 2162 2746 et
2214 2707 2401 2746 eorum
2448 2708 2566 2762 quae
2605 2694 2658 2747 in
2729 2704 2912 2758 terra;
2956 2704 3010 2748 et
3052 2695 3350 2748 visibilium
3397 2696 3640 2750 omnium
3668 2737 3683 2760 ,

2108 2797 2288 2837 aerem
2315 2783 2435 2838 dico
2466 2794 2517 2837 ct
2546 2801 2667 2854 qua:
2691 2785 2742 2840 in
2767 2801 2853 2848 eo,
2874 2801 3024 2840 mare
3053 2796 3102 2840 et
3129 2803 3248 2856 qua:
3282 2787 3336 2840 in
3363 2803 3446 2850 eo,
3477 2787 3684 2857 ignem,

2107 2883 2160 2929 et
2191 2875 2370 2929 omnia
2402 2876 2556 2946 juxta
2588 2891 2780 2945 genus.
2811 2877 2918 2931 Sed
2950 2887 3002 2932 et
3029 2879 3407 2946 invisibilium,
3458 2883 3682 2949 angelo-

2111 2981 2256 3035 rum,
2289 2967 2594 3024 daemonum
2629 2979 2682 3024 et
2715 2969 2920 3039 pariter
2957 2971 3318 3024 humanarum
3351 2957 3676 3034 animarum,

424 3047 779 3117 ἀνθρωπίνων
809 3051 888 3104 ἔτι
929 3051 1137 3122 ψυχῶν.
1182 3052 1367 3108 Ταῦτα
1414 3057 1523 3125 γάρ
1571 3059 1994 3127 προηγουμένως

2112 3056 2226 3113 haec
2275 3061 2420 3114 enim
2473 3063 2850 3132 principaliter
2888 3063 3044 3118 nobis
3079 3063 3292 3133 cognita
3348 3062 3636 3116 invisibilia
3663 3103 3676 3124 ,

423 3142 747 3208 ἐγνωσμένα
781 3145 916 3213 ἡμῖν
955 3145 1186 3215 ἀόρατα,
1212 3148 1309 3200 καὶ
1346 3149 1550 3202 τούτων
1601 3149 1870 3220 κηρύσσει
1908 3149 1998 3220 δη-

427 3231 691 3302 μιουργὸν
719 3233 809 3286 τὸν
841 3234 974 3288 Θεόν
999 3252 1013 3266 ·
1045 3238 1136 3289 καὶ
1170 3239 1244 3300 ὡς
1283 3239 1497 3310 ἀληθῶς
1523 3239 1614 3294 καὶ
1643 3241 1868 3304 δικαίως
1899 3241 1995 3311 δη-

428 3324 691 3394 μιουργὸν
737 3326 830 3378 καὶ
876 3327 984 3381 τῶν
1021 3329 1270 3398 ἀοράτων
1306 3331 1397 3384 τὸν
1432 3331 1562 3384 Θεὸν
1592 3333 1992 3404 ἐπιμαρτυρεῖ·

423 3415 508 3467 ὃτι
536 3416 628 3468 καὶ
657 3415 794 3484 ἔστι,
839 3419 932 3471 καὶ
971 3419 1122 3473 οὐδὲν
1149 3420 1256 3474 τῶν
1282 3423 1604 3490 γεγονότων,
1639 3424 1778 3494 πλὴν
1795 3424 1960 3478 αὑτοῦ
1979 3441 1992 3456 ⁶

424 3508 520 3560 καὶ
569 3509 650 3562 ἔτι
699 3512 976 3576 συνετίζον
1025 3507 1194 3583 ἡμᾶς,
1256 3512 1345 3566 ἵνα
1405 3514 1478 3583 μὴ
1509 3515 1872 3586 πλανηθῶμεν
1921 3519 1994 3581 ὡς

425 3603 817 3674 προαιρετικὴν
846 3604 1023 3676 ψυχὴν
1044 3605 1276 3676 ἔχοντες,
1312 3607 1408 3658 καὶ⁹
1440 3607 1578 3677 ὑπὲρ
1617 3611 1762 3678 ἡμᾶς
1791 3628 1840 3663 τι
1865 3627 1995 3679 φρο-

319 3757 326 3768 θ
423 3693 700 3762 νήσωμεν,
729 3695 872 3748 καθά
903 3696 1209 3750 πεπόνθασι
1243 3696 1354 3750 τῶν
1384 3699 1660 3752 ἀσυνέτων
1714 3699 1923 3764 πολλοὶ,
1959 3700 1992 3771 ἢ

423 3783 720 3852 δαιμονίων
751 3789 1098 3854 φαντασίαις,
1147 3788 1181 3858 ἦ
1216 3789 1450 3852 πλάναις
1487 3789 1648 3853 ἰδίαις
1683 3791 1776 3844 τυῧ
1824 3793 1994 3860 καθῆ-

427 3891 614 3940 κοντος
653 3877 1131 3949 ἀποπλανηθέντες
1154 3893 1170 3910 ⁹
1203 3879 1361 3933 τοῦτο
1399 3880 1504 3950 γὰρ
1542 3881 1694 3950 φίλον
1733 3887 1843 3946 τοῖς
1884 3883 1994 3936 δαί-

393 3949 578 4033 ’μοσκ
631 3969 964 4037 πανούργοις
999 3969 1344 4034 φαντασίαις,
1397 3949 1670 4041 ὑποσυλᾷν
1713 3973 1810 4024 καὶ
1860 3974 1994 4026 ὑπο-

425 4055 667 4128 φετιρειιγ
693 4057 802 4112 τῶν
849 4060 1149 4128 ἀλογίστων
1185 4061 1412 4122 πολλούς
1435 4077 1450 4094 ο
1486 4062 1620 4114 ἀλλά
1664 4063 1760 4116 καὶ
1801 4065 1886 4116 ἵνα
1921 4066 1994 4134 μή

424 4163 556 4202 ποτε
581 4151 680 4212 ea;
711 4151 1010 4220 ἀγγελιγάς
1043 4156 1138 4205 καὶ
1173 4154 1430 4223 ὑπεράνω
1469 4155 1724 4224 δυνάμεις
1747 4153 1822 4218 ὡς
1846 4155 1996 4218 Οεοὺς

423 4238 800 4312 λογισώμεθα,
855 4243 1014 4296 acino
1035 4271 1040 4280 -
1063 4245 1304 4314 τίθησιν.
1339 4247 1402 4297 El.
1453 4246 1560 4317 γὰρ
1587 4249 1682 4299 καὶ
1708 4248 1839 4318 περὶ
1867 4247 1998 4301 Θεὸν

426 4325 608 4398 αὗται,
642 4335 736 4388 καὶ
791 4335 1222 4406 πεπληρωμέναι
1279 4339 1458 4408 δόξης,
1504 4341 1598 4393 καὶ
1645 4338 1790 4393 θείου
1826 4343 1998 4394 πᾶσαι

425 4423 627 4492 φωτὸς,
657 4424 774 4478 ἀλλ’
812 4427 962 4496 ὅμως
988 4429 1263 4495 κτίσματα
1295 4431 1389 4483 καὶ
1420 4430 1617 4494 ἐνδεεῖς
1641 4431 1750 4484 τῶν
1787 4432 1996 4486 ἐκεῖθεν

425 4519 898 4589 ἀπαυγασμάτων,
929 4520 1026 4574 καὶ
1069 4519 1332 4574 λαϐοῦσαι
1383 4522 1510 4575 ὅσον
1561 4523 1868 4592 εἰλήφασιν,
1913 4522 1992 4576 ἔτι

423 4607 520 4660 καὶ
548 4607 740 4678 χρείαν
773 4607 956 4678 ἔχουσι
1014 4609 1314 4678 μειζόνων·
1348 4610 1442 4664 καὶ
1490 4611 1550 4662 τὸ
1599 4611 1806 4664 τέλειον
1847 4611 1998 4666 οὐδέ-

424 4717 554 4752 ποτε
583 4701 868 4770 λήψονται,
908 4703 984 4773 μὴ
1015 4701 1291 4773 χωροῦσαι
1338 4703 1458 4756 ὅλον
1486 4703 1548 4756 τὸ
1581 4704 1674 4758 τοῦ
1705 4703 1990 4771 ἀκτίστου,

424 4793 658 4856 κτισταὶ,
691 4791 767 4856 ὡς
825 4792 1062 4864 εἴρηται,
1094 4793 1255 4847 οὖσαι
1293 4795 1521 4862 ἄπειρον
1541 4797 1684 4864 ,γάρ,
1727 4796 1842 4849 ἀλλ’
1871 4797 1994 4850 ὅσον

422 4883 681 4938 δύνανται
713 4887 936 4954 χωρεῖν,
970 4884 1238 4950 ἐλλειπεῖς
1280 4887 1367 4940 ἀεὶ
1409 4883 1585 4942 οὖσαι.
1623 4887 1786 4950 Τέλος
1813 4885 1870 4940 δὲ
1899 4887 1993 4940 καὶ

423 4975 740 5037 παντέλειος
773 4976 934 5044 μόνος
972 4979 1000 5030 ὁ
1027 4978 1323 5048 τριαδικῶς
1365 4978 1707 5049 ὑμνούμενος
1735 4977 1865 5050 παρ’
1896 4979 1992 5034 αὖ·
2033 5005 2060 5030 ο

422 5053 533 5118 τῶν
563 5067 716 5126 Θεός.
745 5067 900 5119 Ἐστι
931 5068 988 5121 δὲ
1022 5071 1120 5122 καὶ
1148 5068 1289 5123 ἀλλα
1319 5069 1555 5124 πλεῖστα
1585 5069 1694 5122 τῶν
1721 5070 1992 5140 ἀοράτων,

421 5153 495 5211 ὧν
532 5161 626 5211 καὶ
654 5160 720 5211 τά
749 5159 990 5230 ὀνόματα
1019 5162 1077 5214 ὲν
1119 5159 1197 5231 τῷ
1235 5162 1486 5232 μέλλοντι
1514 5161 1674 5216 αίῶνι
1715 5161 1993 5216 ἀποκαλύ-

424 5250 657 5304 πτεσθαι
689 5249 851 5321 295
878 5254 1304 5326 μεμαθήκαμεν.
1344 5254 1537 5324 Ὅμως
1553 5255 1610 5307 δὲ
1634 5255 1838 5316 τούτων
1861 5255 1994 5310 πάν-

421 5359 532 5394 των
559 5341 808 5410 ἀοράτων
822 5359 882 5396 τε
904 5343 1019 5414 ἅμα
1039 5346 1134 5399 καὶ
1150 5345 1362 5414 ὁρατῶν
1391 5345 1614 5413 ποιητὴν
1645 5346 1992 5416 ήἙκκλησία

423 5436 514 5485 τὴν
545 5433 678 5486 Θεὸν
713 5437 1004 5504 μαρτυρεῖ,
1037 5435 1132 5490 τὸν
1163 5437 1382 5505 Πατέρα
1421 5437 1514 5490 τοῦ
1551 5437 1752 5501 ζῶντος
1794 5439 1990 5504 Λόγου,

423 5529 518 5579 τὸν
568 5527 887 5596 ἀγέννητον,
919 5526 1012 5580 τὸν
1075 5529 1339 5594 ἀναίτιον,
1374 5529 1466 5582 τὸν
1497 5529 1863 5601 προάναρχον,
1903 5531 1992 5582 τον

427 5617 812 5680 ἀτελεύτητον,
844 5617 935 5670 τὸν
984 5617 1224 5684 αἰώνιον,
1261 5620 1352 5673 τὸν
1393 5619 1732 5692 πανταίτιον,
1787 5621 1874 5674 τὸν
1909 5620 1995 5674 ἀεὶ

2026 4389 2076 4450 D

2107 3165 2340 3220 quorum
2391 3152 2734 3208 conditorem
2779 3155 3076 3223 proclamant
3118 3154 3310 3214 Deum,
3343 3161 3396 3206 et
3447 3167 3572 3205 vere
3616 3165 3680 3203 ac

2103 3241 2252 3311 juste
2283 3243 2445 3297 etiam
2475 3245 2829 3300 iuvisibilium
2855 3245 3194 3300 conditorem
3225 3243 3394 3297 [leum
3427 3250 3678 3302 testatur,

2107 3335 2196 3404 qui
2233 3345 2318 3391 est
2345 3344 2398 3390 ct
2431 3336 2552 3392 sine
2583 3338 2702 3407 ipso
2733 3337 2864 3391 nihil
2905 3337 3105 3392 factum
3144 3343 3246 3390 est.
3279 3335 3339 3388 Et
3373 3335 3551 3412 adlin‘c
3585 3351 3684 3388 nos

2106 3425 2264 3479 docet
2291 3443 2358 3481 nc
2389 3427 2542 3496 quasi
2567 3441 2704 3482 vane
2733 3427 3157 3498 distinguentem
3191 3427 3436 3479 animum
3470 3425 3676 3479 haben-

2107 3525 2187 3569 tes
2212 3531 2457 3570 erremus
2484 3525 2536 3568 et
2566 3531 2728 3585 supra
2755 3517 2974 3571 modum
3007 3517 3436 3584 cogitationibus
3472 3515 3680 3570 nostris

2106 3603 2434 3658 extollamur
2475 3615 2635 3675 prout
2658 3606 2840 3662 allecti
2867 3616 2998 3662 sunt
3031 3607 3405 3675 imprudentes
3435 3607 3678 3675 plurimi,

2106 3703 2198 3749 aut
2224 3696 2528 3751 daemonum
2566 3697 2866 3766 phantasiis
2897 3707 2991 3750 aut
3023 3697 3260 3768 pr0priis
3300 3697 3682 3752 deliramentis

2107 3802 2136 3840 a
2166 3797 2312 3841 recto
2347 3787 2730 3852 deﬂectentes;
2758 3789 3062 3842 daemonum
3084 3788 3286 3856 quippe
3313 3803 3428 3841 mos
3453 3796 3536 3842 est
3558 3789 3682 3858 qui-

2109 3875 2343 3931 buslibet
2371 3880 2672 3947 pliantasiis
2702 3881 2882 3947 plures
2921 3879 3210 3949 subripere
3242 3889 3297 3934 et
3324 3895 3681 3949 corrumpere

2107 3967 2342 4036 ineptos.
2380 3967 2485 4023 Sed
2509 3971 2670 4024 etiam
2706 3985 2773 4026 ne
2797 3970 2937 4026 forte
2968 3971 3243 4040 angelicas
3278 3981 3333 4026 et
3363 3975 3679 4042 superiores

2107 4069 2404 4126 potestates
2431 4062 2562 4116 deos
2585 4062 2931 4126 arbitremur,
2965 4061 3079 4116 hch
3114 4063 3274 4117 verba
3306 4063 3520 4118 elTatur.
3549 4065 3684 4131 Quae

2107 4153 2150 4205 si
2183 4151 2327 4206 circa
2363 4158 2529 4206 Deum
2562 4153 2712 4222 ipsae,
2747 4153 2916 4223 gloria
2947 4153 3157 4210 referta:
3179 4167 3233 4210 et
3256 4157 3442 4211 divino
3472 4157 3679 4211 redun.

2110 4246 2298 4299 dantes
2335 4245 2554 4312 lumine,
2593 4247 2948 4302 nihilominus
2981 4256 3252 4304 creatura:
3295 4260 3348 4304 et
3387 4253 3684 4320 Splendore

2107 4351 2136 4389 a
2167 4337 2276 4390 Deo
2313 4337 2622 4408 indigentes
2644 4353 2672 4392 a
2703 4354 2811 4410 quo
2837 4349 3174 4412 acceperunt
3225 4359 3347 4412 qua:
3380 4343 3586 4397 habent
3630 4355 3682 4398 et

2107 4427 2411 4498 majoribus
2447 4429 2640 4485 horum
2668 4431 2847 4486 adhuc
2876 4447 3013 4502 opus
3039 4429 3265 4496 habent,
3289 4443 3342 4488 et
3371 4433 3680 4503 perfectum

2109 4537 2388 4592 nunquam
2439 4523 2706 4594 attingant
2729 4563 2745 4588 ,
2781 4522 3014 4579 increati
3051 4526 3440 4594 plenitudinem
3477 4541 3676 4594 capere

2109 4629 2215 4671 non
2243 4615 2506 4679 valentes,
2539 4623 2725 4684 utpote
2755 4617 3192 4671 creaturae-sicut
3223 4615 3427 4670 dictum
3453 4626 3554 4679 est,
3581 4613 3683 4667 im-

2109 4707 2368 4776 possibile
2398 4713 2483 4760 est
2509 4706 2651 4760 enim
2683 4723 2698 4770 ;
2765 4707 2860 4760 sed
2903 4705 3305 4775 quantumlibet
3335 4720 3532 4773 capere
3561 4719 3684 4774 pos-

2108 4797 2240 4862 sint,
2273 4811 2493 4865 semper
2527 4797 2606 4852 eis
2635 4797 2842 4865 aliquid
2877 4797 3052 4852 deest.
3094 4795 3375 4852 Perfectus
3417 4807 3600 4850 autem
3631 4808 3686 4851 et

2107 4889 2334 4944 omnino
2367 4887 2641 4958 perfectus
2665 4888 2811 4941 Solus
2846 4897 2928 4942 ter
2958 4887 3026 4941 ab
3062 4887 3142 4942 eis
3169 4887 3476 4941 celebratus
3511 4887 3676 4940 Deus.

2106 4979 2248 5034 Sunt
2276 4988 2331 5034 et
2355 4980 2462 5034 alia
2492 4979 2846 5035 invisibilium
2879 4981 3139 5048 pleraque
3181 4994 3410 5048 quorum
3459 4981 3678 5032 nomina

2108 5073 2164 5127 in
2188 5082 2418 5128 venturo
2451 5073 2650 5126 saeculo
2678 5071 2906 5125 revelari
2931 5069 3256 5124 audivimus.
3287 5069 3550 5122 Similiter
3585 5069 3684 5123 lto-

2110 5179 2230 5219 rum
2271 5165 2516 5220 omnium
2555 5162 2905 5218 invisibilium
2939 5163 3142 5234 pariter
3168 5171 3222 5216 et
3265 5161 3560 5216 visibilium
3596 5161 3679 5215 l‘a-

2112 5265 2317 5310 ctorem
2353 5255 2591 5310 Ecclesia
2623 5253 2794 5309 Deum
2825 5263 3077 5316 testatur,
3125 5253 3360 5306 viventis
3391 5253 3550 5307 Verbi
3583 5254 3682 5306 Ρο-

2111 5359 2248 5402 trem
2303 5349 2625 5416 ingenitum,
2655 5347 2861 5415 absque
2917 5359 3106 5410 causa,
3151 5343 3330 5406 initio,
3370 5345 3491 5408 ﬁne,
3526 5353 3681 5398 teter-

2109 5458 2263 5502 ntttn.
2299 5441 2542 5494 omnium
2574 5453 2817 5500 causam,
2848 5437 2940 5508 qui
2973 5433 3196 5507 semper
3225 5444 3328 5498 est,
3363 5436 3455 5506 qui
3491 5449 3682 5490 natura

2111 5533 2260 5588 solus
2293 5533 2488 5586 bonus.
2517 5531 2555 5584 E
2584 5529 2766 5598 seipso
2795 5541 2921 5582 ante
2947 5542 3110 5581 omne
3132 5525 3393 5581 sacculum
3422 5533 3474 5578 et
3499 5525 3684 5577 itu-[Ia-

2113 5626 2316 5692 bilitcr,
2349 5623 2466 5679 sine
2503 5621 2728 5679 materia
2761 5633 3120 5690 corporaque,
3162 5627 3220 5674 et
3251 5617 3460 5688 absque
3511 5615 3692 5670 animi
