4094 6194
417 176 447 238 ’7
461 175 526 238 :30

1229 180 1373 244 SYM
1390 186 1535 250 ΕΘΝ
1551 190 1564 247 Ι
1580 190 1618 248 S
1649 188 1746 248 TI]
1764 190 2098 254 ESSALON
2114 197 2405 262 [CENSIS
2443 200 2798 264 ARCIIIEP.

3534 198 3638 263 760

411 299 781 354 r-mnmotione
839 296 1082 369 ejusdem
1141 309 1352 355 natura:
1403 302 1866 359 consubstantiale
1925 314 1977 358 et

2081 306 2231 369 ὄντα,
2259 306 2347 355 τὸν
2378 307 2536 372 φύσει
2569 309 2727 379 μόνον
2759 310 2978 379 ἀγαθὸν,
3009 302 3099 366 τὸν
3128 314 3187 380 ἐξ
3220 316 3383 369 αὑτοῦ
3410 336 3647 389 trpezita-

376 388 754 444 ‘indirisibile
784 407 939 446 suum
983 402 1203 463 generat
1237 404 1291 447 ct
1316 393 1594 458 Verbum,
1640 396 1977 463 unigenitum

417 473 837 547 Filium,lumen
866 500 1076 546 verum,
1109 486 1281 540 vivam
1317 487 1653 556 Sapientiam
1690 503 1783 556 per
1816 504 1991 558 quam

410 579 603 624 cuneta
626 568 687 625 'iu
720 584 911 629 sancto
937 574 1062 630 fecit
1095 574 1316 647 Spiritu.
1344 577 1458 634 Hoc
1484 593 1612 634 vero
1635 577 1870 634 Verbum
1900 580 1979 636 sic

412 672 618 719 testans
649 664 714 719 de
741 664 850 721 Deo
890 669 1068 729 docet.

414 972 481 1030 Et
511 976 564 1030 in
603 994 760 1033 unum
795 977 1075 1034 Dominum
1128 980 1308 1035 Jesum
1351 982 1617 1037 Christum
1656 986 1851 1039 Filium
1888 987 1979 1040 De:

1017 1053 1372 1122 unigenitum.

483 1160 595 1215 Non
621 1178 648 1215 a
680 1163 1011 1231 seipsoillud
1032 1164 1186 1218 docet
1235 1165 1501 1230 Ecclesia,
1538 1170 1629 1222 sed
1672 1168 1835 1223 Paulo
1861 1188 1976 1223 ma-

409 1252 579 1318 eistro
603 1256 879 1324 gaudens:
906 1256 1062 1311 nobis
1107 1258 1248 1310 enim
1275 1301 1289 1324 ,
1322 1258 1428 1318 ait,
1468 1276 1606 1314 unus
1651 1261 1790 1315 Deus
1825 1262 1981 1315 Pater

410 1363 439 1397 (ι
469 1362 578 1414 quo
607 1348 787 1400 omnia
818 1361 871 1401 et
909 1364 1053 1402 unus
1099 1348 1362 1404 Dominus
1393 1349 1551 1406 Jcsus
1609 1353 1857 1406 Christus
1890 1370 1981 1421 per

413 1455 572 1506 quem
605 1440 809 1500 omnia.
836 1441 1137 1494 dixinitatis
1164 1451 1216 1495 et
1245 1443 1471 1496 dominii
1522 1443 1573 1497 in
1614 1459 1781 1497 unum
1819 1445 1977 1498 redu-

410 1546 538 1584 i'cns
558 1546 778 1586 nomen.
802 1532 932 1585 Nam
955 1534 1127 1601 primo
1150 1535 1362 1602 quidem
1383 1536 1458 1590 ait
1488 1551 1501 1589 :
1539 1535 1707 1589 Credo
1733 1538 1786 1588 in
1816 1554 1975 1590 unum

411 1620 575 1673 Deum
611 1621 977 1685 Patrem,non
1015 1626 1238 1690 multos,
1270 1627 1360 1680 sed
1384 1643 1546 1681 unum
1580 1628 1762 1682 dicens
1786 1628 1985 1685 Deum,

408 1725 460 1766 ιιι
485 1714 627 1767 hunc
651 1715 888 1777 Patrem,
922 1712 1121 1783 cujus?
1155 1733 1261 1772 non
1300 1728 1672 1774 creaturarum
1705 1731 1973 1789 nostrum,

408 1815 463 1857 ιιι
493 1806 923 1867 demonstratum
961 1820 1064 1873 est,
1104 1825 1207 1863 non
1245 1811 1389 1864 enim
1419 1823 1609 1865 natura
1651 1829 1750 1869 nos
1790 1815 1971 1881 eDeo,

407 1895 612 1949 factura
646 1899 739 1967 qui
768 1914 976 1959 sumus.
1032 1903 1127 1955 sed
1159 1900 1374 1955 Patrem
1423 1904 1709 1972 luminum,
1747 1908 1886 1960 sicut
1917 1908 1973 1962 S.

405 1989 650 2041 .lacobus
675 1988 889 2054 scribit,
923 1990 1042 2044 Filii
1078 1992 1281 2046 scilicet
1310 2004 1361 2047 et
1402 1994 1653 2062 Spiritus,
1686 1998 1829 2052 illius
1858 1998 1975 2065 sine

405 2093 646 2146 tempore
688 2082 756 2134 ab
786 2080 907 2150 ipso
948 2082 1132 2150 geniti,
1166 2083 1328 2153 hujus
1358 2088 1724 2153 procedentis.
1763 2090 1971 2144 Idcirco

400 2183 454 2225 ιιι
491 2173 656 2227 Deum
690 2174 878 2232 dicens
928 2175 1142 2231 Patrem
1187 2187 1241 2232 et
1304 2180 1587 2236 Dominum
1626 2183 1800 2252 ipsum
1844 2201 1967 2240 cum

400 2262 682 2335 Scriptura
745 2275 926 2320 vocat.
971 2266 1036 2321 Et
1077 2267 1272 2323 Filium
1324 2286 1527 2329 vocans
1585 2274 1872 2331 Dominum
1922 2288 1976 2333 et

399 2352 566 2411 Deum
592 2356 770 2425 ipsum
804 2357 945 2412 sicut
975 2357 1256 2430 Scriptura
1287 2369 1537 2418 testatur.
1567 2365 1632 2419 Et
1666 2367 1804 2423 Dens
1851 2385 1972 2425 eum

400 2448 472 2500 sit
504 2447 670 2501 Pater
696 2456 863 2517 atque
884 2448 1146 2503 Dominus
1174 2462 1517 2541 c\real0rque,
1537 2467 1588 2509 et
1615 2455 1786 2513 Filius
1820 2460 1973 2514 simi-

402 2537 526 2592 liter
561 2548 615 2592 et
655 2538 897 2607 Spiritus
949 2537 1215 2596 sanctus.
1253 2544 1318 2596 Et
1350 2561 1490 2601 unus
1521 2546 1663 2603 Deus
1698 2549 1859 2604 Pater
1891 2560 1973 2606 est

395 2628 719 2702 cumﬁ'erbo
743 2640 797 2686 et
816 2631 1044 2702 Spiritu,
1065 2644 1118 2689 et
1143 2636 1382 2690 omnium
1407 2639 1668 2696 Dominus
1710 2652 1765 2696 et
1793 2644 1973 2700 omnis

393 2724 684 2779 rreationis
719 2728 989 2781 conditor.
1029 2728 1183 2793 Quod
1210 2729 1375 2785 David
1401 2729 1702 2801 afﬁrmans,
1743 2754 1761 2787 ι
1793 2730 1969 2792 Verbo

394 2812 629 2881 Domini,
683 2818 883 2886 inquit,
916 2819 1040 2875 cmli
1078 2821 1281 2877 ﬁrmati
1334 2834 1483 2889 sunt,
1522 2834 1573 2881 et
1620 2827 1812 2897 spiritu
1858 2833 1970 2885 oris

391 2906 507 2969 t‘jtlS
551 2908 729 2964 oumis
763 2910 935 2965 virtus
971 2926 1185 2977 eorum,
1219 2931 1237 2965 ι
1304 2926 1356 2969 et
1401 2932 1735 2988 quaecunque
1764 2922 1865 2976 alia
1904 2923 1971 2979 de

2081 401 2209 459 νίιυς
2246 398 2338 449 καὶ
2361 400 2683 468 ἀῤῥεύστως
2720 404 2815 454 καὶ
2850 404 3052 468 ἀΰλως,
3078 409 3171 462 καὶ
3194 408 3522 478 ἀσωμάτως,
3558 416 3649 465 καὶ

2080 488 2306 553 ἀπαθῶς
2351 489 2440 541 τὸν
2478 492 2697 560 συμφυῆ
2730 492 2825 545 καὶ
2869 495 3154 563 ὁμοούσιον
3198 500 3293 551 καὶ
3348 500 3651 571 ἀδιαίρετον

2081 580 2248 635 αὑτοῦ
2302 583 2640 651 γεννήσαντα
2701 584 2893 652 Λόγον,
2932 588 3023 638 τὸν
3086 591 3353 660 μονογενῆ
3400 591 3559 654 ,Υἰὸν,
3592 596 3650 646 τὸ

2081 676 2197 743 φῶς
2228 676 2288 728 τὸ
2312 676 2584 745 ἀληθινὸν,
2610 680 2709 747 τὴν
2739 680 2920 741 ζῶσαν
2951 682 3178 749 Σοφίαν,
3201 685 3265 736 δι’
3288 663 3353 756 ἧς
3383 688 3450 739 τὰ
3476 688 3652 742 πάντα

2080 772 2137 820 ὲν
2174 768 2313 839 ἁγίῳ
2369 770 2589 838 ἐποίησε
2645 772 2947 841 Πνεύματι.
2988 775 3190 829 Τοῦτον
3234 776 3289 829 δὲ
3330 779 3420 831 τὸν
3474 782 3650 850 Λόγον

2077 860 2249 921 οὕτως
2283 862 2737 932 ἑπιμαρτυροῦσα
2767 864 3009 932 θεολογεῖ
3033 903 3047 929 ,

2082 1000 2183 1052 Kal
2223 1000 2309 1063 εἷς
2363 998 2470 1051 ἕνα
2523 1000 2739 1064 Κύριον
2784 1000 3030 1066 Ἰησοῦν
3058 1002 3320 1065 Χριστὸν
3347 1003 3454 1058 τὸν
3514 1006 3653 1061 Υἱὸν

2466 1068 2570 1121 τοῦ
2603 1069 2750 1123 Θεοῦ
2781 1072 2888 1121 τὸν
2918 1072 3245 1140 μονογενῆ.

2149 1183 2260 1234 Οὐκ
2285 1182 2374 1248 ἀφ’
2408 1182 2604 1244 ἑαυτῆς
2659 1182 2940 1248 φάσκουσα
2990 1185 3165 1250 τοῦτο,
3205 1188 3295 1239 τὸν
3347 1188 3561 1242 Παῦλον
3593 1190 3649 1242 δὲ

2079 1273 2382 1325 πλουτοῦσα
2410 1272 2751 1325 διδάσκαλον.
2793 1272 2952 1342 Ἦμῖν
3007 1277 3137 1345 γὰρ,
3177 1266 3361 1343 φησὶν,
3410 1272 3490 1340 εἷς
3520 1279 3649 1341 Θεὸς

2079 1364 2107 1433 6
2142 1361 2345 1429 Πατὴρ,
2377 1360 2433 1424 ἑξ
2474 1356 2533 1414 οῦ
2568 1362 2636 1413 τὰ
2689 1363 2889 1423 πάντα,
2919 1364 3010 1414 καὶ
3067 1358 3147 1425 εἷς
3200 1365 3399 1433 Κύριος
3442 1367 3648 1437 Ἰησοῦς

2082 1453 2338 1520 Χριστὸς,
2374 1452 2441 1504 δι’
2472 1444 2533 1505 οὗ
2563 1453 2629 1506 τὰ
2666 1454 2842 1507 πάντα
2896 1452 2955 1505 τὸ
3007 1455 3107 1517 τῆς
3141 1455 3394 1525 Θεότητος
3428 1458 3522 1509 καὶ
3556 1477 3652 1510 κυ-

2078 1549 2325 1617 ριότητος
2351 1549 2428 1609 εἰς
2459 1546 2517 1599 ἓν
2549 1546 2860 1615 συνάγουσα
2886 1546 3077 1615 ὄνομα.
3113 1548 3387 1617 Πρότερον
3414 1549 3515 1618 μὲν
3538 1550 3669 1621 γὰρ

2078 1642 2204 1711 ἔφη,
2239 1641 2507 1694 Πιστεύω
2538 1642 2626 1703 εἷς
2658 1639 2767 1693 ἕνα
2796 1638 2943 1694 Θεὸν
2982 1642 3216 1709 Πατέρα
3241 1660 3255 1674 ·
3289 1642 3350 1694 οὐ
3397 1644 3647 1709 πολλοὺς,

2076 1734 2191 1784 ἀλλ’
2219 1733 2312 1785 ἕνα
2350 1732 2585 1798 λέγουσα
2632 1731 2786 1795 Θεὸν,
2817 1732 2909 1783 καὶ
2950 1730 3137 1783 τοῦτον
3179 1732 3417 1802 Πατέρα,
3466 1734 3647 1801 τίνο;;

2076 1829 2136 1881 οὐ
2165 1827 2271 1880 τῶν
2298 1828 2616 1895 κτισμάτων
2652 1825 2823 1893 ἡμῶν,
2850 1824 2923 1889 ὡς
2951 1824 3243 1892 δεδήλωται
3273 1842 3284 1856 ·
3317 1825 3377 1877 οὐ
3411 1826 3522 1897 γὰρ
3547 1827 3651 1894 ιρὺ-

2078 1934 2161 1972 σει
2188 1918 2344 1985 ἡμεῖς
2376 1918 2437 1968 ἐκ
2462 1915 2619 1979 Θεοῦ,
2641 1916 2921 1983 ποιήματα
2945 1914 3054 1982 γάρ
3081 1930 3095 1943 ⁸
3130 1913 3265 1966 ἀλλὰ
3291 1915 3505 1985 Πατέρα
3538 1918 3647 1969 τῶν

2075 2014 2289 2079 φώτων,
2319 2009 2393 2071 ὡς
2422 2010 2449 2060 6
2478 2008 2827 2076 Ἀδελφόθεος
2854 2008 3080 2078 γράφει,
3117 2008 3210 2060 τοῦ
3244 2009 3417 2075 Λόγου
3443 2008 3646 2080 δηλαδὴ

2076 2103 2171 2158 καὶ
2197 2102 2289 2156 τοῦ
2318 2101 2651 2170 Πνεύματος,
2685 2102 2776 2151 τοῦ
2808 2101 2906 2169 μὲν
2938 2101 3179 2169 ἀχρὸνως
3223 2099 3282 2165 ἐξ
3323 2101 3488 2154 αὐτοῦ
3518 2119 3643 2168 γεν-

2075 2196 2345 2265 νωμένου,
2395 2193 2488 2245 τοῦ
2535 2193 2590 2244 δὲ
2629 2192 3085 2260 ἐκπορευομένου.
3140 2193 3229 2245 Διὸ
3269 2194 3360 2245 καὶ
3404 2194 3534 2246 Θεὸν
3561 2194 3645 2247 λέ-

2072 2270 2243 2357 γουσα
2277 2289 2365 2339 τὸν
2395 2285 2629 2353 Πατέρα,
2663 2282 2762 2336 καὶ
2788 2283 2990 2353 Κύριον
3016 2284 3177 2336 αὐτὸν
3215 2285 3352 2353 μετὰ
3380 2284 3479 2353 τῆς
3506 2286 3644 2355 Γρα-

2072 2379 2179 2447 φῆς
2212 2376 2503 2446 ὀνομάζει·
2536 2378 2630 2429 καὶ
2653 2375 2742 2427 τὸν
2776 2374 2902 2427 Υῐὸν
2933 2374 2987 2426 δὲ
3021 2374 3260 2427 καλοῦσα
3292 2375 3516 2444 Κύριον,
3548 2375 3642 2427 καὶ

2068 2472 2200 2523 Θεὸν
2231 2469 2408 2530 αὑτὸν,
2453 2468 2526 2529 ὡς
2561 2467 2591 2535 ἡ
2637 2465 2828 2535 Γραφὴ
2862 2467 3171 2536 μαρτυρεῖ·
3206 2466 3302 2519 καὶ
3349 2466 3479 2529 Θεὸς
3509 2464 3583 2518 ὢν
3615 2469 3642 2519 6

2068 2562 2257 2631 Πατὴρ
2294 2560 2387 2612 καὶ
2444 2558 2646 2624 Κύριος
2683 2558 2775 2610 καὶ
2833 2556 3188 2635 δημιουργὸς,
3237 2546 3331 2609 καὶ
3360 2558 3388 2608 6
3430 2558 3550 2621 Υἱὸς
3580 2560 3640 2611 ὁ·

2070 2654 2235 2723 μοῐως
2264 2652 2353 2703 καὶ
2406 2651 2463 2701 τὸ
2495 2649 2719 2717 Πνεῦμα
2752 2648 2811 2700 τὸ
2845 2647 3031 2715 ἅγιον·
3074 2648 3169 2701 καὶ
3194 2643 3277 2711 εἷς
3304 2648 3435 2711 Θεὸς
3464 2651 3491 2700 6
3526 2650 3640 2700 Πα-

2065 2746 2168 2813 τὴρ
2201 2740 2337 2812 μετὰ
2369 2739 2463 2793 τοῦ
2517 2740 2692 2806 Λόγου
2742 2740 2860 2791 ἐστὶ
2891 2739 3103 2793 καὶτοῦ
3145 2742 3462 2809 Πνεῦματος
3488 2756 3502 2772 ο
3541 2741 3637 2793 καὶ

2074 2840 2273 2906 Κύριος
2314 2836 2531 2889 πάντων
2578 2833 2752 2896 οὗτος.
2810 2833 2903 2886 καὶ
2941 2834 3272 2904 δημιουργὸς
3300 2835 3483 2904 πάσης
3518 2835 3636 2886 κτι-

2073 2947 2232 2991 σεως.
2267 2929 2375 2980 Καὶ
2406 2926 2565 2979 τοῦτο
2599 2925 2762 2978 Δαΰὶδ
2794 2927 3185 2993 ἐπιμαρτυρεῖ,
3219 2925 3300 2989 Τῷ
3329 2926 3490 2995 λόγῳ
3526 2929 3636 2979 Κυ-

390 2990 529 3050 Filio
562 3006 614 3051 et
640 3000 842 3068 Spiritu
870 3001 1054 3056 divina
1082 3004 1211 3059 dicit
1238 3005 1542 3076 Scriptura.
1570 3010 1675 3065 Sed
1708 3017 1991 3083 quemad-i

2071 3024 2230 3093 ρίου,
2261 3021 2455 3088 λέγων,
2489 3022 2543 3073 οἱ
2586 3016 2832 3085 οὐρανοὶ
2873 2990 3347 3083 ἐστερεώθησαν,
3398 2990 3495 3069 καὶ
3552 3016 3634 3081 τῷ

396 3089 617 3143 modum
652 3092 880 3161 impium
912 3106 995 3149 est
1018 3104 1071 3150 et
1100 3100 1261 3152 atlieo
1286 3101 1506 3168 dignum
1531 3103 1575 3156 si
1601 3104 1767 3159 Deum
1803 3120 1968 3179 negas

2071 3089 2363 3182 Πνεῦματι
2390 3111 2494 3165 τοῦ
2535 3110 2833 3177 στόματος
2885 3107 3071 3161 αὑτοῦ
3099 3107 3267 3162 πᾶσα
3315 3108 3351 3175 ἠ
3380 3107 3632 3176 δύναμις

391 3197 533 3243 esse,
569 3183 682 3249 puri
717 3184 926 3238 insania
961 3187 1172 3242 laborat
1200 3190 1291 3257 qui
1328 3190 1496 3245 Deum
1531 3195 1749 3261 quidem
1789 3201 1967 3251 conii-

390 3278 558 3333 tetur,
581 3285 858 3328 carentem
894 3284 1073 3329 tamen
1096 3270 1294 3342 Verbo,
1320 3282 1439 3334 viva
1472 3284 1643 3353 ipsius
1665 3285 1964 3356 Sapientia,

391 3366 624 3424 potentia
652 3379 746 3434 per
780 3380 838 3421 se
863 3372 1178 3437 exsisteute,
1218 3387 1341 3426 vera
1368 3373 1618 3443 imagine,
1652 3379 1966 3437 charactere

387 3462 442 3506 ut
467 3455 785 3512 substantiae
818 3459 1139 3528 splendore;
1175 3472 1225 3516 et
1256 3462 1468 3519 vivifico
1501 3468 1726 3536 Spiritu,
1757 3470 1961 3527 saneti-

388 3551 585 3603 licante
613 3558 666 3603 et
694 3552 877 3605 omnia
902 3552 1211 3608 vivitiCante
1234 3594 1247 3618 ,
1304 3573 1396 3624 per
1432 3574 1490 3613 se
1520 3563 1816 3618 exsistente
1844 3567 1961 3630 ejus

388 3640 860 3704 potentia.Natura
890 3642 1228 3701 fructiﬁcans
1256 3648 1512 3715 enicacia,
1550 3661 1603 3705 ut
1641 3668 1864 3710 sanetus
1885 3660 1961 3713 ait

386 3732 650 3800 Cyrillus,
681 3735 801 3789 sine
832 3751 1064 3806 corpore
1098 3739 1149 3792 in
1179 3740 1288 3793 Deo
1311 3752 1416 3806 cst,
1461 3744 1565 3813 ipsi
1597 3746 1805 3816 absque
1842 3767 1955 3803 nia-

389 3825 522 3877 Icria
552 3826 902 3895 coexistens;
938 3838 992 3883 et
1030 3830 1188 3885 divus
1232 3831 1529 3904 Dionysius
1555 3876 1570 3902 ,
1603 3853 1631 3889 a
1668 3839 1777 3893 Deo
1811 3844 1961 3911 geni-

387 3924 501 3968 tum
550 3931 671 3971 esse
720 3917 855 3972 dicit
905 3919 959 3972 in
1004 3919 1165 3977 Patre
1196 3939 1208 3976 :
1238 3926 1333 3993 qui
1389 3926 1552 3993 igitur
1604 3935 1955 4000 contemptim

390 4006 536 4061 hunc
580 4007 648 4061 ab
697 4008 786 4063 illo
835 4021 1074 4077 separat,
1109 4013 1501 4082 perfectionem
1540 4019 1640 4091 ipsi
1692 4037 1801 4076 non
1843 4024 1955 4078 dat.

385 4096 491 4153 Sed
538 4107 593 4154 et
634 4103 870 4167 creatio,
905 4102 1221 4163 Creatorem
1283 4118 1444 4177 prout
1492 4118 1673 4181 potest
1714 4114 1954 4183 imitans,

386 4188 703 4257 proclamat,
743 4195 969 4263 propius
993 4197 1214 4265 quidem
1250 4208 1304 4254 et
1331 4202 1449 4257 sine
1484 4219 1715 4273 corpore
1746 4207 1956 4264 intelle-

385 4282 606 4345 ctualis,
644 4286 920 4341 sensibilis
962 4303 1089 4342 vero
1134 4292 1374 4345 crassius
1406 4302 1459 4347 et
1487 4298 1786 4351 secundum
1815 4300 1954 4354 divi-

2066 3206 2288 3269 αὑτῶν,
2329 3205 2421 3256 καὶ
2472 3204 2678 3270 ὅσαπερ
2732 3200 2873 3255 ἄλλα
2922 3200 3051 3265 περὶ
3083 3199 3173 3251 τοῦ
3210 3199 3336 3251 Υἱοῦ
3393 3202 3488 3251 καὶ
3538 3199 3632 3252 τοῦ

2068 3299 2383 3367 Πνεύματος
2415 3296 2447 3364 ἡ
2475 3294 2592 3346 θεία
2616 3294 2811 3363 φάσκει
2842 3291 3233 3362 Γραφή.“Λλλὰ
3260 3292 3376 3354 καὶ,
3401 3290 3472 3354 ὡς
3503 3292 3630 3343 ἀσε-

2064 3393 2156 3451 6ἐς
2187 3407 2245 3443 τε
2275 3390 2363 3441 καὶ
2398 3387 2557 3440 ἄθεον
2582 3386 2636 3437 τὸ
2658 3386 2731 3455 μὴ
2754 3382 3081 3451 εἶναιλέγειν
3109 3383 3240 3435 Θεὸν
3271 3383 3366 3451 τῆς
3389 3384 3508 3451 ἴσης
3531 3398 3633 3450 μα-

2064 3484 2204 3547 νίας,
2239 3483 2332 3533 καί
2368 3481 2459 3531 τὸν
2487 3478 2619 3531 Θεὸν
2667 3470 2766 3545 μὲν
2796 3476 2954 3542 δῆθεν
2987 3474 3288 3541 ὁμολογεῖν,
3317 3474 3545 3543 ἄμοιρον
3576 3473 3632 3525 δὲ

2061 3573 2251 3626 τοῦτον
2283 3571 2473 3637 λόγου,
2512 3571 2609 3633 τῆς
2641 3568 2823 3636 ζώσης
2855 3565 3020 3619 αὐτοῦ
3064 3566 3284 3635 Σοφίας.
3316 3568 3415 3633 τῆς
3437 3570 3626 3618 ὲνυποσ

2065 3664 2260 3716 οτάτου
2295 3658 2457 3715 αὐτοῦ
2486 3658 2789 3727 δυνάμεως,
2823 3657 3031 3719 εἰκόνος
3059 3674 3118 3709 τε
3151 3654 3384 3723 ἀληθοῦς
3412 3655 3505 3708 καὶ
3530 3672 3636 3725 Xa»

2063 3755 2335 3825 ρακτῆρος
2394 3753 2488 3804 καὶ
2548 3751 2981 3817 ἀπαυγὰσματος
3041 3748 3135 3801 καὶ
3201 3747 3293 3800 τοῦ
3362 3745 3631 3811 ζωοποιοῦ

2062 3846 2398 3914 ῐινεύματος,
2453 3843 2550 3910 τῆς
2603 3840 2931 3909 ἁγιαστικῆς
2992 3841 3087 3892 καὶ
3136 3837 3512 3908 ζωοποιούσης
3559 3839 3628 3891 τὰ

2062 3939 2241 3991 πάντα
2270 3936 2636 3990 ὲνυποστάτου
2676 3932 2838 3987 αὐτοῦ
2888 3933 3191 4002 δυνάμεως.
3224 3933 3296 3985 Τὸ
3330 3937 3438 4002 γὰρ
3469 3932 3626 4000 φύσει

2059 4028 2392 4099 καρπογόνον
2433 4025 2507 4088 ὡς
2552 4027 2578 4078 6
2625 4025 2767 4095 ἱερός
2798 4042 2931 4094 φησι
2980 4023 3269 4091 Κύρι).λος,
3320 4024 3625 4092 ἀσωμάτως

2058 4123 2205 4174 ἐστὶν
2260 4121 2317 4170 ἐν
2348 4116 2425 4187 τῷ
2455 4117 2595 4187 Θεῷ,
2651 4117 2799 4182 αὐτῷ
2850 4115 3193 4185 συνυπάρχον
3222 4116 3422 4177 ἁΰλως.
3460 4113 3563 4167 Καὶ
3594 4116 3623 4167 6

2059 4212 2199 4271 θεῖος
2255 4209 2311 4261 δὲ
2355 4208 2630 4269 Διονύσιος
2673 4207 2730 4258 τὸ
2762 4205 3012 4271 θεογόνον
3044 4198 3183 4256 εἶναι
3229 4223 3395 4274 φησιν
3447 4207 3504 4258 έν
3548 4205 3624 4273 τῷ

2061 4300 2257 4369 Πατρί.
2295 4298 2352 4350 Ὁ
2401 4298 2582 4349 τοίνυν
2630 4295 2821 4349 τούτου
2855 4295 3045 4348 τοῦτον
3088 4295 3405 4365 ἀποστερῶν
3446 4313 3623 4364 παρα-

389 4372 618 4438 sionem,
644 4370 972 4428 eminentiam
1006 4386 1058 4430 ct
1086 4393 1303 4434 sensus.
1335 4382 1390 4436 Si
1418 4384 1580 4452 igitur
1607 4387 1670 4440 ad
1696 4387 1748 4442 id
1772 4393 1952 4444 omnia
1980 4385 1991 4445 Ι

2071 4391 2271 4460 ρρὸνως
2297 4389 2357 4441 οὐ
2377 4388 2435 4441 τὸ
2462 4388 2666 4459 τέλειον
2696 4387 2843 4456 αὐτῷ
2866 4387 3101 4440 δίδωσιν.
3122 4387 3281 4440 Ἀλλὰ
3302 4389 3436 4455 καὶὴ
3455 4389 3630 4449 κτίσις

380 4463 636 4526 tendunt,
668 4466 731 4516 ad
756 4464 1193 4521 i'ructiiicandum
1232 4472 1451 4538 similia,
1486 4485 1539 4529 et
1568 4477 1954 4538 intellectualia

2071 4480 2147 4531 τὸν
2185 4480 2419 4547 Κτίστην
2454 4477 2528 4539 ὡς
2572 4479 2807 4547 ἐγχωρεῖ
2859 4478 3272 4546 ὲξομοιουμένη,
3319 4478 3621 4548 κηρύσσει’

378 4554 599 4619 quidem
632 4555 959 4623 sapientiam
1000 4560 1353 4641 spiritualius
1391 4565 1444 4619 in
1496 4570 1689 4637 seipsis
1725 4573 1952 4641 gignunt

2071 4569 2353 4637 ἐγγύτερον
2384 4568 2480 4637 μὲν
2505 4567 2600 4619 καὶ
2631 4568 2939 4635 ἁσωμὰτως
2968 4568 3211 4638 ήνοητὴ,
3241 4570 3270 4638 ἡ
3304 4569 3537 4641 αἰσθητὴ
3564 4569 3621 4621 δὲ

377 4645 432 4697 in
464 4647 679 4700 vivente
721 4646 941 4715 Spiritu,
973 4652 1249 4706 sensibilia
1282 4671 1409 4712 vero
1439 4670 1603 4727 prout
1633 4663 1835 4718 dictum
1868 4678 1949 4721 e.~t

2071 4659 2383 4728 παχυτέρως
2428 4675 2486 4710 τε
2530 4658 2621 4711 καὶ
2656 4659 2798 4711 κατὰ
2827 4658 3000 4727 τομὴν
3039 4659 3134 4711 καὶ
3170 4661 3357 4729 ῥεῦσιν
3400 4663 3495 4714 καὶ
3532 4663 3619 4715 αἴ-

374 4734 727 4801 sensibiliter,
748 4752 776 4790 a
810 4737 919 4797 Deu
948 4757 1076 4796 vero
1108 4746 1286 4799 omnia
1315 4762 1330 4814 ;
1356 4752 1631 4818 quomodo
1657 4754 1740 4809 his
1767 4758 1947 4813 minor

2071 4754 2272 4820 πίλησιν.
2305 4752 2364 4804 El
2396 4750 2488 4804 οῦν
2538 4751 2713 4804 πάντα
2745 4750 2877 4819 πρὸς
2914 4751 3072 4803 τοῦτο
3098 4753 3219 4822 ὁρᾷ,
3256 4754 3312 4805 τὸ
3339 4770 3615 4823 καρπογο-

376 4828 466 4892 qui
500 4841 563 4880 ea
603 4830 846 4885 condidit
876 4832 1053 4888 Deus?
1084 4836 1263 4905 Itaque
1298 4856 1438 4895 unus
1462 4841 1624 4898 Pater
1653 4862 1819 4901 unum
1846 4847 1942 4903 Fi-

2071 4848 2165 4898 ιείν
2200 4845 2380 4912 ὅμοια,
2423 4843 2605 4895 καὶτὰ
2639 4842 2737 4911 μὲν
2768 4842 2959 4909 λογικὰ
2994 4830 3193 4911 μᾶλλον
3218 4846 3421 4913 νοητῶς
3446 4846 3615 4899 τίκτει

378 4920 512 4971 tium
547 4919 958 4989 inseparabilem
988 4925 1148 4981 habet
1179 4929 1271 4997 qui
1299 4941 1347 4983 et
1373 4948 1436 4985 ex
1471 4935 1585 5003 ipso
1611 4938 1947 5007 unigenitus,

2071 4938 2152 5007 τὴν
2183 4933 2374 5002 σοφίαν
2406 4932 2461 4985 ἐν
2485 4932 2694 4995 ἑαυτοῖς
2731 4933 2789 4984 ἐν
2818 4933 2896 5001 τῷ
2923 4933 3085 4996 ζῶντι
3134 4935 3433 5003 Πνεύματι,
3464 4937 3532 4990 τὰ
3560 4939 3614 4990 δὲ

378 5011 552 5075 ipsius
581 5026 797 5083 semper
835 5012 1004 5070 Filius
1033 5018 1244 5088 absque
1292 5036 1521 5089 corpore
1564 5006 1803 5095 genitus.
1839 5029 1946 5083 Ita-

2071 5026 2312 5097 ιίσοητὰ,
2345 5024 2534 5094 ὥσπερ
2574 5025 2810 5094 εἴρηται,
2843 5025 3137 5094 αἰσθητῶς,
3165 5028 3234 5077 τὰ
3263 5026 3440 5078 πάντα
3470 5028 3526 5079 δὲ
3554 5030 3616 5078 ἐκ

379 5115 485 5165 que
516 5110 569 5154 et
600 5104 805 5170 optime
826 5104 957 5160 dicit
990 5124 1005 5161 :
1112 5152 1119 5155 .

2071 5119 2190 5172 ῧεοῦ
2211 5134 2224 5144 ·
2261 5117 2377 5179 πῶς
2397 5116 2631 5170 ἐλάττων
2661 5121 2862 5171 τούτων
2892 5120 2919 5170 ὁ
2954 5121 3145 5182 κτίσας
3166 5120 3305 5171 αὐτὰ
3330 5120 3495 5186 Θεός;
3522 5122 3619 5171 Διὰ

374 5201 533 5254 τοῦτο
571 5198 651 5265 εἷς
691 5202 765 5255 ὢν
796 5204 822 5255 6
857 5203 1065 5271 Πατὴρ,
1107 5202 1202 5255 καὶ¹
1250 5202 1346 5254 ἕνα
1385 5199 1513 5255 Υῐὸν
1562 5221 1754 5258 τουτον
1789 5204 2097 5277 ἀχώριστον
2150 5210 2288 5280 ἔχει,
2355 5211 2415 5274 ὃς
2474 5213 2566 5265 καὶ
2628 5215 2924 5287 μονογενὴς
2973 5216 3034 5281 ἐξ
3094 5215 3281 5285 αὐτοῦ,
3351 5220 3445 5272 καὶ
3521 5221 3613 5274 ἀεὶ

373 5286 499 5358 Υἱὸς
530 5294 717 5359 αὑτοῦ,
772 5294 1081 5362 ἁσωμόιτως
1124 5292 1543 5363 γεγεννημένος.
1591 5296 1681 5347 Διὸ
1713 5298 1807 5349 καὶ
1844 5298 2027 5361 καλῶς
2062 5319 2199 5371 φησι
2224 5319 2242 5334 ’
2576 5304 2577 5307 “
3310 5298 3317 5304 ’

376 5440 442 5494 Et
476 5442 528 5493 iu
558 5456 723 5493 unum
757 5438 1036 5494 Dominum
1062 5440 1242 5518 {esum
1266 5441 1528 5497 Christum
1585 5438 1789 5497 Filium
1840 5442 1948 5502 Dei

2071 5449 2154 5504 (at
2185 5451 2270 5516 εις
2298 5448 2405 5503 ἕνα
2448 5448 2669 5514 Κύριον
2710 5448 2959 5515 Ἰησοῦν
2998 5451 3259 5518 Χριστὸν
3314 5456 3421 5509 τὸν
3478 5459 3616 5513 Υιδν

989 5512 1333 5579 unigenitum.
1453 5543 1464 5556 ι

2246 5512 2261 5516 ⁷
2429 5512 2544 5571 τοῦ
2579 5518 2725 5571 Θεοῦ
2758 5512 2862 5570 τὸν
2886 5512 3215 5591 μονογενῆ.

447 5620 614 5676 Paulo
654 5621 816 5678 altius
856 5624 1211 5694 repetendum
1255 5643 1267 5680 :
1307 5635 1442 5692 tum,
1508 5626 1561 5681 in
1613 5643 1783 5684 unum
1809 5626 1947 5684 dioi-

2125 5627 2563 5699 Ἐππιναληπτέον
2593 5631 2647 5682 δὲ
2687 5631 2775 5685 τὸν
2810 5632 2965 5698 λόγον
3030 5633 3209 5687 πάλιν.
3262 5636 3336 5688 Τὸ
3367 5637 3467 5705 μὲν
3514 5638 3609 5695 οὖν
