4094 6194
498 344 598 408 767

1277 342 1669 404 SYMEONIS
1706 347 2470 412 THESSALONICENSIS
2508 348 2877 412 ARClllEP.
2909 376 2917 384 ο

3651 353 3758 423 708

495 465 672 530 Illum,
722 477 756 517 o
791 447 1601 531 maximam‘philanthropiam
1653 471 1710 517 et
1763 465 2101 526 bonitatem.

2188 463 2265 532 ,ῆς
2294 464 2395 533 τῆς
2428 463 2838 534 φιλανθρωπίας
2873 465 2965 518 καὶ
2993 451 3442 536 ὑπερϐαλλούσης
3463 465 3582 538 .τῆς
3611 469 3754 537 ἀγα⁴

498 571 666 627 supra
697 554 956 610 modum!
1014 555 1168 608 illum
1207 554 1494 608 nobiscum
1565 555 1766 610 habere
1795 557 2073 626 possimus

495 658 551 703 et
576 649 728 718 quasi
769 647 989 701 fratrem
1028 647 1236 711 videre,
1268 647 1584 701 societatem
1614 663 1737 701 cum
1775 663 1839 702 eo
1862 649 2072 702 haben-

498 754 578 796 tes
605 759 620 808 ;
651 741 793 810 apud
828 755 927 794 nos
956 739 1238 794 hominem
1266 739 1571 810 perfectum
1603 740 1828 806 factum,
1863 739 2072 809 perfec-

499 846 587 888 tus
613 833 706 902 qui
738 834 876 886 Deus
917 843 1184 897 remanet,
1206 832 1496 902 dignamur
1527 846 1858 900 cognoscere
1904 847 2065 900 quem

506 939 740 993 corpore
777 925 1041 987 videmus,
1070 924 1228 989 cujus
1266 931 1445 976 tamen
1477 925 1634 976 nobis
1659 922 1956 975 invisibilis
1989 921 2069 975 di-

437 1047 446 1056 -
500 1020 721 1072 viuitas.
749 1016 874 1070 Ilaec
903 1016 1208 1069 exinanitio
1238 1017 1458 1083 propter
1477 1017 1577 1068 alia
1592 1015 1810 1092 quidem
1830 1014 2075 1068 admira-

502 1113 627 1164 bilia
657 1122 710 1164 et
755 1110 1143 1178 propterid,ut
1175 1108 1849 1176 invisibilempercarnem
1890 1108 2075 1162 videa-

501 1220 657 1270 tuus;
684 1202 953 1271 siquidem
999 1201 1166 1255 Deum
1191 1216 1348 1254 nemo
1373 1202 1505 1255 vidit
1535 1217 1768 1270 unquam
1788 1216 1802 1266 ;
1822 1217 1916 1270 per
1938 1201 2076 1254 divi-

499 1297 783 1350 nissimam
807 1306 985 1348 tamen
1011 1305 1062 1348 et
1081 1294 1480 1347 sanctissimam
1508 1295 1936 1362 assumptionem
1966 1293 2074 1347 fra-

503 1399 612 1440 tres
660 1387 708 1440 ei
735 1402 965 1450 sumus;
1002 1387 1182 1456 itaque
1207 1385 1383 1439 oculis
1419 1385 1623 1439 nostris
1651 1400 1776 1439 eum
1813 1384 2072 1450 vidimus,

499 1479 651 1534 utait
673 1479 905 1533 dilectus
929 1478 1232 1544 apostolus,
1260 1486 1309 1530 et
1332 1477 1804 1546 participationem
1834 1476 2073 1531 societa-

497 1578 721 1639 temque
752 1583 876 1622 cum
902 1569 1024 1637 ipso
1059 1568 1277 1635 quando
1295 1568 1558 1620 volumus,
1597 1566 1891 1628 habemus,
1949 1582 2076 1621 vere

439 1697 442 1700 -
501 1675 626 1714 eum
657 1668 977 1724 cernentes;
1014 1659 1104 1726 qui
1141 1659 1194 1711 in
1231 1657 1388 1712 terris
1421 1658 1572 1712 visus
1621 1667 1786 1712 estet
1815 1672 1938 1711 cum
1974 1659 2072 1711 lto-

503 1752 747 1805 minibus
770 1760 1130 1806 conversatus
1161 1759 1243 1804 est
1271 1766 1285 1815 ;
1315 1760 1367 1804 et
1397 1750 1450 1803 in
1483 1750 1766 1805 altissimis
1795 1751 2070 1805 sedentem

501 1852 624 1912 post
652 1843 792 1896 hanc
813 1842 1246 1910 assumptionem
1292 1842 1468 1896 oculis
1532 1843 1736 1897 nostris
1791 1843 1984 1896 iterum
2022 1859 2080 1895 a-

505 1941 716 2006 spicere
751 1951 1056 2003 speramus,
1087 1950 1253 1986 uuuin
1281 1949 1402 1986 cum
1441 1949 1505 1986 eo
1526 1949 1645 1987 esse
1670 1945 1722 1988 et
1758 1934 1942 2003 gloria:
1963 1935 2080 2004 ejus

503 2032 760 2084 societate
793 2028 916 2088 l‘rui,
944 2042 1037 2096 per
1056 2029 1175 2094 ejus
1207 2026 1662 2090 misericordiam,
1683 2037 1843 2094 prout
1864 2028 2078 2082 Patrem

505 2134 606 2189 pro
669 2118 825 2170 nobis
860 2119 1061 2169 oravit.
1119 2115 1253 2168 Illud
1275 2121 1438 2182 ‘ergo
1470 2123 1719 2169 sanctum
1746 2116 2082 2188 conﬁrmans

505 2211 813 2283 symbolum
846 2217 972 2278 post
1026 2207 1186 2262 Verbi
1244 2217 1380 2261 ante
1426 2223 1588 2261 omne
1634 2207 1959 2277 principium
1995 2222 2086 2276 ge.

504 2307 866 2366 iterationem,
895 2313 948 2358 et
991 2305 1044 2357 in
1079 2304 1392 2358 noviSsimis
1443 2303 1778 2373 temporibus
1826 2305 2084 2358 incarna-

508 2401 706 2454 tiottcut
737 2399 901 2454 dicit:

912 2491 1015 2556 Qui
1046 2501 1256 2558 propter
1294 2506 1388 2543 nos
1408 2490 1667 2544 homines.

580 2584 689 2638 Nos
730 2584 874 2637 enim
901 2591 1187 2637 erccturus
1247 2583 1390 2634 venit
1448 2581 1650 2648 lapsos,
1692 2597 1796 2635 non
1840 2585 2083 2655 angelos,

513 2691 745 2744 quorum
799 2678 841 2729 si
883 2674 1102 2744 quidam
1147 2658 1514 2737 'cecidetunt,
1577 2675 1894 2730 insanabilis
1953 2678 2087 2747 ipsis

510 2783 673 2821 casus
720 2782 816 2818 sua
846 2773 1041 2836 sponte
1065 2765 1379 2834 jacentilius
1411 2775 1461 2818 et
1498 2766 1633 2818 mala
1665 2769 1800 2821 velle
1825 2769 2090 2823 studenti-

509 2861 638 2922 bus,
680 2868 843 2928 atque
895 2859 1050 2914 nobis
1096 2858 1313 2911 malitia:
1370 2857 1810 2913 stimulatoribus
1858 2859 2085 2916 elTeetis.

510 2949 703 3017 Angeli
738 2958 920 3002 autem
955 2963 984 3002 e
1009 2947 1169 3003 Verbi
1204 2957 1423 3016 propter
1454 2963 1552 3003 nos
1585 2950 1888 3003 (nconumia
1914 2952 2086 3004 maxi-

463 3088 465 3090 _
515 3057 662 3095 tuum
693 3052 748 3096 et
778 3043 880 3110 ipsi
915 3041 1349 3106 lucratibonum,
1375 3041 1439 3094 ad
1470 3056 1712 3096 antorem
1734 3041 1824 3096 Dei
1851 3047 2092 3098 etsocie-

2183 553 2441 624 θὸτητοςι
2484 555 2570 608 ἵνα
2601 537 2920 626 δὐνηθῶμεν
2960 556 3106 627 ἔχειν
3141 557 3259 626 μεθ’
3283 557 3460 627 ἡμῶν,
3495 537 3590 611 καὶ
3625 574 3757 625 συγ-

2181 646 2355 712 γενῶς
2406 647 2538 715 ὁρᾷν
2591 646 2687 698 καὶ
2749 647 3034 710 κοινωνίας
3094 650 3376 718 μετέχειν,
3435 651 3558 704 καθ’
3611 646 3757 718 ἡμᾶς

2181 738 2492 804 γενόμενον·
2510 735 2800 806 ἄνθρωπον
2833 738 3071 803 “τέλειον,
3101 739 3560 809 μένοντα’τέλειον
3601 742 3756 806 Θεὸν,

2178 828 2492 898 ἠξιώθημεν
2523 827 2770 895 γνῶναι·
2809 827 2867 880 ὃν
2898 831 2990 881 καὶ
3018 829 3234 900 εἴδομεν
3271 830 3346 900 τῷ
3390 832 3627 900 σώματι,
3668 833 3759 885 καὶ

2183 921 2345 974 πάλιν
2383 920 2548 972 αὑτοῦ
2585 919 2899 989 ἀθεώρητος
2929 923 3061 990 ἡμῖν
3094 924 3126 992 ἡ
3167 921 3378 992 θεότης.
3411 923 3517 977 Kal
3563 925 3597 994 ὴ
3627 942 3759 993 συγ-

2180 1013 2483 1075 κατάόασις
2539 1011 2702 1081 αὕτη,
2734 1012 2829 1065 καὶ
2855 1013 2953 1065 ’δι’
2987 1013 3121 1066 ἀλλα
3157 1015 3258 1083 μὲν
3305 1015 3614 1085 θαυμαστὰ,
3665 1018 3760 1070 καὶ

2185 1105 2276 1158 διὰ
2307 1104 2464 1156 τοῦτο
2491 1105 2570 1168 δὲ,
2603 1087 2689 1157 ἵνα
2723 1105 2813 1156 τὸν
2838 1106 3147 1176 ἀθεώρητον
3177 1108 3278 1162 διά’
3299 1111 3496 1177 σαρκὸς
3521 1110 3722 1178 ἴδωμεν
3741 1125 3755 1140 '

2180 1197 2304 1248 ἐπεὶ
2339 1195 2471 1249 Θεὸν
2504 1196 2677 1258 οὐδεὶς
2708 1196 2920 1268 ἑώρακε
2946 1199 3187 1253 πώποτε.
3220 1200 3319 1253 Διά
3349 1201 3406 1254 δὲ
3436 1201 3528 1254 τοῦ
3552 1201 3760 1256 θειοτάε

2179 1303 2279 1338 του
2317 1288 2412 1340 καὶ
2457 1288 2729 1354 παναγίου
2779 1290 3208 1359 προσλημματος
3253 1291 3530 1360 συγγενῶς
3565 1292 3761 1361 ἔχομεν

2182 1377 2278 1431 νῦν
2329 1380 2466 1447 πρὸς
2519 1380 2706 1433 αὐτόν.
2765 1381 2855 1434 Διὸ
2908 1381 3002 1434 καὶ
3057 1383 3387 1452 ἑωράκαμεν
3434 1384 3595 1438 αὐτὸν
3646 1388 3761 1449 τοῖς

2181 1471 2480 1541 ὀφθαλμοῖς
2509 1474 2688 1544 ἡμῶν,
2716 1475 2791 1537 ὡς
2821 1478 2848 1528 ό
2884 1475 3244 1544 ῆγαπημένος
3271 1478 3437 1546 φησί·
3473 1479 3568 1531 καὶ
3603 1479 3767 1547 μετέ-

2182 1581 2302 1634 χειν
2327 1563 2495 1618 αὑτοῦ
2533 1568 2628 1640 καὶ
2660 1570 2942 1621 κοινωνεῖν
2972 1569 3192 1638 ἔχομεν,
3218 1571 3382 1624 ὁπότε
3414 1571 3763 1640 βουλοίμεθα.

2185 1656 2296 1708 Καὶ
2332 1655 2550 1724 ἀληθῶς
2580 1656 2795 1726 εἴδομεν
2825 1657 2989 1710 αὐτόν
3016 1674 3029 1687 ·
3064 1661 3156 1710 ἐπὶ
3185 1660 3281 1730 τῆς
3309 1661 3412 1729 γῆς
3441 1662 3550 1730 γὰρ
3581 1659 3761 1731 ὤφθη,

2183 1747 2277 1798 καὶ
2326 1750 2440 1809 τοῖς
2479 1746 2792 1817 ἀνθρώποις
2831 1751 3249 1822 συνανεστράφη
3276 1767 3291 1784 ο
3332 1755 3426 1806 καὶ
3457 1753 3767 1823 καθήμενον

2188 1838 2328 1905 μετά
2353 1838 2447 1891 τοῦ
2481 1839 2915 1910 προσλήμματος
2943 1843 3056 1898 ἄνω
3091 1844 3288 1913 αύτοψὶ
3319 1844 3484 1898 πάλιν
3516 1845 3768 1898 ίδεῖνὲλ-

2184 1929 2436 2000 πίζομεν,
2469 1932 2563 1984 καὶ
2593 1933 2651 1984 ἒν
2677 1927 2818 1986 εἶναι
2849 1935 2966 2003 μετ’
2998 1936 3184 2001 acto-7,
3227 1937 3320 1990 καὶ
3354 1941 3635 1991 κοινωνεῖν
3666 1938 3767 2009 τῆς

2184 2024 2343 2095 δόξης
2367 2025 2540 2095 αὐτῷ,
2576 2026 2716 2079 ἐλέει
2743 2026 2931 2091 αὐτοῦ,
2970 2029 3043 2092 ὼς
3071 2031 3210 2100 πρὸς
3242 2029 3334 2084 τὸν
3369 2021 3590 2100 Πατέρα
3621 2031 3769 2101 ὑπὲρ

2186 2119 2218 2186 ή
2228 2118 2346 2187 μῶν
2376 2119 2746 2190 προσηύξατο.
2783 2118 2955 2174 Τοῦτο
2982 2119 3077 2174 οὖν
3103 2124 3196 2175 καὶ
3228 2123 3288 2175 τὸ
3325 2124 3464 2176 θεῖον
3490 2123 3770 2194 Σύμϐολον

2189 2211 2443 2281 βεϐαιοῦν
2476 2214 2615 2283 μετὰ
2653 2213 2754 2284 τὴν
2789 2216 3134 2286 προαναρχον
3162 2216 3257 2270 τοῦ
3280 2216 3454 2286 Λόγου
3489 2217 3765 2290 γέννησιν,

2187 2307 2282 2359 καὶ
2305 2307 2404 2374 τὴν
2436 2306 2525 2359 ἐπ’
2550 2307 2796 2375 ἐσχάτων
2829 2311 3132 2380 σάρκωσιν,
3157 2309 3309 2376 λέγει
3334 2325 3349 2340 ·

2473 2486 2589 2541 Τὸν
2617 2487 2694 2541 δι’
2727 2487 2887 2558 ἡμᾶς
2924 2489 3068 2558 τοὺς
3107 2491 3482 2560 ἀνθρώπους.

2271 2580 2334 2632 'H
2345 2583 2453 2649 μᾶς
2486 2581 2595 2653 γὰρ
2619 2577 2783 2653 ἦλθεν
2807 2584 3110 2652 ἀναστῆσαι
3144 2589 3523 2650 πεπτωκότας,
3554 2587 3614 2640 ού
3643 2589 3770 2650 τοὺς

2189 2668 2458 2735 ἀγγέλους
2479 2683 2496 2700 ·
2527 2672 2574 2722 ει
2601 2671 2709 2738 γὰρ
2738 2672 2832 2724 καὶ
2864 2673 3347 2742 παραπεπτὼκασι
3367 2676 3571 2730 τούτων
3600 2681 3767 2744 τινὲς,

2192 2759 2325 2813 ἀλλὰ
2356 2761 2414 2812 τὸ
2451 2762 2651 2831 πτῶμα
2693 2762 2904 2826 τούτοις
2949 2765 3098 2818 ἐστὶν
3145 2766 3544 2835 ἀθεράπευτον,
3582 2771 3770 2824 ἑκοντὶ

2192 2854 2486 2922 κειμένοις,
2521 2856 2615 2908 καὶ
2641 2855 2988 2910 ἐθελοκακεῖν
3018 2859 3328 2923 σπεύδουσι,
3353 2863 3447 2915 καὶ
3473 2863 3605 2933 ἡμῖν
3637 2880 3774 2932 προ-

2195 2947 2365 3010 ξένοις
2408 2946 2607 3012 κακίας
2645 2951 2979 3020 γινομένοις.
3027 2953 3284 3019 ’Ἄγγελοι
3325 2953 3381 3007 δὲ
3422 2935 3496 3006 ἐκ.
3523 2955 3622 3024 μὲν
3670 2955 3771 3018 τῆς

2195 3039 2335 3110 ὑπὲρ
2387 3040 2546 3109 ἡμῶν
2593 3041 2906 3112 οἰκονομίας
2948 3041 3043 3096 τοῦ
3099 3044 3277 3112 Λόγου
3349 3045 3449 3117 τὴν
3507 3048 3773 3118 μεγίστην

427 3152 442 3162 ι
514 3142 704 3198 tatem,
729 3135 987 3202 majorem
1010 3135 1150 3186 nacti
1185 3133 1595 3196 cx'altationem,
1617 3135 1682 3188 de
1706 3135 1881 3190 salute
1908 3147 2091 3190 nostra

2196 3128 2489 3198 ἐσχηκότες
2523 3131 2616 3182 καὶ
2659 3148 2803 3184 ουτοι
2837 3131 3128 3200 ὠφέλειαν,
3167 3135 3299 3203 πρὸς
3350 3135 3632 3207 ἀγάπησιν
3673 3137 3770 3190 τοῦ

513 3227 781 3279 laetantur.
833 3225 1016 3294 Itaque
1049 3227 1204 3280 nobis
1252 3227 1418 3280 etiam
1465 3231 1769 3306 servientes
1805 3230 2088 3294 festinant,

513 3327 570 3371 et
595 3317 851 3386 gaudent.
895 3318 1100 3372 Salvati
1127 3333 1254 3373 vero
1282 3320 1507 3375 omnino
1535 3329 1589 3376 et
1621 3321 1788 3376 erecti
1818 3336 1916 3376 nos
1959 3322 2089 3379 soli.

512 3411 637 3466 ideo
661 3410 790 3465 dicit
832 3429 849 3468 :

865 3677 934 3731 Et
960 3690 1174 3747 propter
1195 3688 1432 3734 nostram
1487 3679 1732 3735 salutent.

582 3767 716 3822 Nam
749 3771 839 3839 qui
869 3774 1169 3840 perierunt.
1197 3790 1294 3826 nos
1313 3787 1525 3838 smnus,
1543 3783 1600 3827 et
1625 3773 1772 3828 salus
1797 3774 1977 3839 nonis,
1999 3789 2091 3828 ex-

515 3861 703 3930 pulsos
732 3873 783 3914 et
817 3873 1076 3917 enecatos
1103 3879 1294 3918 rursus
1317 3864 1382 3917 ad
1409 3863 1576 3917 Deum
1605 3866 1812 3928 reduci,
1839 3875 1893 3919 et
1925 3868 2087 3919 vitam

511 3969 566 4007 ιιι
625 3954 783 4008 nobis
847 3955 1048 4008 habere
1082 3955 1274 4017 Deum,
1342 3964 1396 4010 et.
1466 3973 1558 4025 per
1616 3957 1787 4025 ipsam
1842 3959 2088 4011 renovari

513 4060 612 4100 nos
643 4056 696 4100 et
724 4045 922 4112 vivere,
951 4063 1117 4116 quare
1147 4058 1201 4102 et
1228 4049 1475 4116 pervenit
1497 4065 1666 4118 usque
1697 4051 1763 4104 ad
1793 4066 1893 4104 nos
1927 4055 2033 4104 vita
2059 4066 2074 4115 ;

511 4138 655 4206 quod
689 4147 743 4193 et
774 4138 1016 4194 Ecclesia
1048 4140 1310 4206 celebrat,
1341 4141 1429 4194 dic
1451 4156 1530 4194 ns
1564 4159 1578 4195 :

999 4301 1280 4373 Descendit
1315 4318 1379 4371 de
1417 4319 1584 4372 caelis.

584 4415 701 4468 Non
748 4414 1014 4480 localiter,
1035 4415 1126 4467 sed
1156 4415 1523 4467 exinanitione
1557 4432 1570 4468 :
1601 4430 1708 4467 non
1739 4414 1792 4468 in
1823 4416 1964 4480 loco,
1997 4417 2084 4471 cui

2193 3220 2330 3272 Θεοῦ
2396 3220 2492 3273 καὶ
2541 3221 2757 3288 ἕνωσιν,
2793 3223 3058 3277 ἀνάϐασιν
3112 3223 3336 3295 μείζονα
3363 3227 3660 3298 εὑρηκότες
3700 3230 3770 3297 τῇ

2191 3310 2351 3379 ἡμῶν
2407 3312 2652 3382 σωτηρίᾳ
2702 3312 3127 3381 εὐφραίνονται·
3177 3315 3259 3367 διὸ
3308 3316 3403 3368 καὶ
3457 3318 3579 3378 ταῖς
3629 3316 3806 3388 ὑπὲρ

2193 3401 2350 3470 ἡμῶν
2385 3402 2686 3467 διακονίαις
2711 3405 3004 3458 σπεύδουσί
3039 3423 3098 3458 τε
3129 3406 3224 3460 καὶ
3249 3409 3533 3477 χαίρουσιν
3561 3424 3576 3440 ο
3606 3408 3654 3461 οἱ
3684 3425 3775 3461 σε-

2196 3509 2471 3565 σωσμενοι
2524 3495 2581 3548 δὲ
2636 3495 2899 3560 ὁλοτελῶς
2956 3498 3053 3550 καὶ
3109 3499 3545 3570 ἀνεγηγερμένοι
3619 3501 3773 3571 μόνοι

2113 3665 2116 3668 λ
2194 3587 2374 3656 ἡμεῖς.
2407 3588 2496 3639 Διὸ
2517 3587 2610 3640 καί
2645 3604 2817 3658 φησι·

2461 3680 2565 3736 Καὶ
2591 3681 2687 3735 διὰ
2712 3681 2828 3750 τὴν
2852 3685 3151 3754 ἡμετεραν
3173 3686 3500 3753 σωτηρίαν.

2263 3773 2326 3825 Oi
2361 3772 2471 3842 γὰρ
2505 3773 2850 3839 ἀπολωλότες
2880 3778 3044 3847 ἡμεῖς
3070 3792 3083 3806 ·
3118 3777 3211 3830 καὶ
3239 3777 3480 3846 σωτηρία
3527 3777 3767 3848 ἡμῖνλτδ,

2191 3863 2543 3929 ἀπωσθέντας
2594 3869 2690 3920 καὶ
2740 3870 3135 3940 νεκρωθέντας,
3172 3871 3552 3941 ἐπαναχθῆναι
3606 3872 3771 3926 πάλιν

2192 3953 2268 4024 τῷ
2297 3955 2436 4025 Θεῷ,
2478 3959 2572 4010 καὶ
2619 3959 2717 4028 τὴν
2769 3958 2916 4030 ζωὴν
2948 3967 3094 4031 σχεῖν
3129 3962 3189 4014 ὲν
3234 3963 3447 4026 ἑαυτοῖς
3481 3962 3572 4016 τὸν
3607 3964 3764 4028 Θεὸν,

2190 4047 2285 4098 καὶ
2331 4046 2596 4120 διἀύτῆς
2630 4051 3085 4122 ἀνακαινισθῆναι
3139 4055 3230 4108 καὶ
3287 4053 3486 4124 ζῆσαιο
3539 4056 3622 4108 διὸ
3672 4059 3770 4110 καὶ

2191 4138 2426 4207 κατῆλθε
2463 4141 2654 4211 μέχρις
2685 4143 2840 4213 ἡμῶν
2872 4147 2904 4215 ἡ
2933 4145 3069 4216 ζωή.
3103 4147 3166 4200 Ὃ
3205 4149 3300 4200 καὶ
3325 4147 3623 4220 Ἐκκλησία
3661 4166 3766 4223 κη-

2193 4229 2399 4298 ρύττει,
2424 4231 2660 4299 λέγουσα
2679 4251 2694 4265 ·

2505 4325 2884 4380 Ιίιὶτελθόντα
2913 4327 2981 4381 ἐκ
3009 4329 3128 4382 τῶν
3155 4331 3446 4398 οὐρανῶν.

2263 4409 2338 4462 Οὐ
2383 4413 2642 4479 τοπικῶς,
2696 4421 3186 4485 συγκαταὸατικῶς
3219 4423 3274 4476 δέ
3297 4439 3310 4452 ·
3354 4425 3414 4478 οὐ
3449 4425 3554 4496 γὰρ
3588 4426 3647 4478 ἐν
3675 4427 3764 4479 τό-

514 4524 623 4562 non
674 4506 1174 4573 coupus;omuinm
1237 4515 1451 4558 creator
1502 4509 1681 4559 omnia
1732 4510 1920 4577 replet,
1953 4512 2094 4564 sicut

2197 4519 2282 4573 πῳ
2303 4544 2317 4568 ,
2351 4505 2473 4557 ἐπεὶ
2506 4508 2566 4558 ού
2601 4510 2780 4576 σῶμα,
2807 4512 2900 4564 καὶ
2933 4513 3039 4566 τῶν
3068 4513 3204 4567 ὅλων
3229 4513 3304 4568 ῶν
3349 4519 3600 4588 ποιητὴς,
3630 4519 3766 4572 σιτοὶν·⁵

511 4601 770 4668 scriptum
801 4607 908 4652 est.
945 4597 1245 4650 Consilium
1275 4597 1486 4664 cepisse
1545 4597 1800 4666 igitur.ct
1833 4603 2088 4671 voluisse,

513 4692 928 4747 descensionem
962 4689 1113 4754 dicit,
1135 4689 1227 4743 sed
1251 4688 1414 4744 etiam
1448 4690 1723 4745 humiliter
1742 4693 2009 4760 abjectum
2038 4706 2092 4751 ct

516 4797 680 4836 carne
746 4781 986 4835 hominis
1043 4780 1211 4833 tiliutn
1261 4779 1402 4844 ﬁeri,
1453 4780 1507 4834 in
1563 4781 1873 4852 mundoque
1931 4786 2091 4841 nimis

519 4883 730 4938 tenuem
763 4888 884 4928 esse
907 4881 963 4927 ct
1009 4873 1062 4925 in
1091 4881 1353 4942 egestate.

1047 5056 1114 5110 Et
1140 5058 1450 5113 incarnatus
1469 5069 1564 5114 est.

597 5147 907 5204 Verc'cttitn
947 5159 1114 5205 tutam
1163 5163 1406 5207 nostram
1465 5156 1762 5224 assuiupsit
1809 5143 2084 5224 uolumini,

516 5251 722 5295 tantum
754 5243 958 5312 absque
987 5253 1225 5310 peccato,
1257 5246 1404 5300 sicut
1443 5257 1495 5300 et
1517 5249 1595 5301 ab.
1621 5249 1774 5302 initio
1829 5251 2089 5305 innocen-

517 5345 623 5388 tem
657 5335 942 5404 plastnavit
969 5345 1024 5390 ct
1072 5338 1190 5392 sine
1222 5339 1321 5392 viri
1374 5342 1667 5396 connubio.
1725 5342 1799 5395 Ita
1853 5347 1994 5398 enim
2025 5345 2090 5399 de

517 5433 662 5477 terra
691 5427 758 5479 ab
787 5425 948 5480 initio
984 5427 1152 5481 Adam
1181 5429 1493 5497 plasmavit.
1526 5430 1866 5486 lncaruatum
1926 5437 2090 5504 igitur

517 5514 674 5580 dicit,
705 5532 809 5570 non
841 5518 1182 5585 pliantastice
1243 5523 1440 5586 visum,
1473 5523 1616 5592 quod
1675 5525 1824 5593 impii
1870 5528 2089 5594 quidam

516 5617 797 5657 asserunt.
825 5602 882 5659 Si
917 5607 1060 5660 enim
1091 5608 1432 5676 pltantaslice
1459 5613 1629 5674 visus,
1657 5626 1794 5664 vana
1828 5621 1911 5666 est
1947 5629 2091 5667 meu-

517 5695 713 5746 nouiia:
745 5704 853 5749 tota
907 5699 1068 5763 ratio,
1101 5715 1199 5754 nec
1259 5704 1584 5764 animarum,
1645 5717 1748 5756 nec
1795 5719 2087 5772 corporum

518 5789 826 5837 nostrorum
863 5788 1158 5855 reparatio,
1185 5788 1280 5842 sed
1312 5804 1409 5842 nec
1437 5789 1490 5843 in
1526 5787 1746 5859 Virgine
1787 5802 2086 5861 conceptus

2195 4608 2263 4645 τα
2295 4595 2516 4664 πληροῖ,
2550 4599 2693 4652 καθά
2722 4603 3069 4671 γέγραπται·
3101 4605 3160 4658 τὸ
3194 4606 3520 4677 βουληθῆναι
3553 4605 3648 4661 οὖν
3670 4612 3764 4663 καὶ

2196 4683 2420 4752 θελῆσαι
2445 4687 2592 4754 λέγει
2622 4691 2926 4745 κατάϐασιν
2944 4709 2959 4724 ο
2995 4695 3128 4748 ἀλλά
3161 4699 3252 4749 καὶ
3278 4701 3338 4750 τὸ
3360 4701 3766 4768 ταπεινωθῆναι

2193 4775 2466 4840 τοσοῦτον,
2510 4781 2600 4831 καὶ
2637 4781 2749 4833 υίὸν
2801 4783 3086 4854 ἀνθρώπου
3127 4788 3381 4853 γενέσθαι
3429 4794 3614 4860 σαρκὶ,
3665 4793 3765 4860 ἑμ-

2196 4867 2576 4938 πολιτευθῆναί
2625 4889 2684 4924 τε
2744 4873 2820 4927 τῶ
2854 4876 3044 4945 κόσμῳ
3085 4881 3320 4948 μετρίως
3364 4882 3504 4947 ἄγαν
3540 4883 3636 4934 καὶ
3669 4900 3767 4936 πε-

2194 4973 2417 5026 νιχρως.

2703 5054 2816 5108 Καὶ
2844 5060 3247 5124 σαρκωθέντα.

2277 5141 2516 5212 Ἀληθῶς
2563 5145 2672 5215 γὰρ
2699 5146 2797 5216 τὴν
2846 5147 2973 5218 ὃλην
3010 5151 3164 5218 ἡμῶν
3196 5151 3351 5205 ἔλαϐε
3383 5153 3565 5223 φύσιν,
3602 5155 3766 5225 μόνον

2191 5234 2468 5304 ἁμαρτίας
2525 5235 2734 5305 χωρὶς,¹
2776 5238 2853 5301 ὡς
2910 5243 3004 5293 καὶ
3054 5240 3112 5305 ἐξ
3154 5243 3332 5312 ἀρχῆς
3375 5247 3765 5319 ἀναμάρτητον

2191 5323 2394 5376 ἔπλασε
2429 5327 2521 5379 καὶ
2560 5329 2730 5396 χωρὶς
2760 5329 2954 5398 ἀνδρὸς
2999 5333 3292 5400 συναφείας
3314 5351 3328 5366 ·
3377 5336 3497 5386 ἐπεὶ
3528 5339 3620 5387 καὶ
3655 5338 3764 5390 ἀπὸ

2191 5416 2294 5484 γῆς
2326 5415 2498 5480 οὕτως
2532 5419 2774 5488 ἀρχῆθεν
2802 5421 3009 5474 ἔπλασε
3051 5424 3142 5478 τὸν
3169 5424 3360 5494 Ἀδάμ.
3398 5427 3764 5496 Σαρκωθέντα

2190 5507 2287 5580 οὖν
2323 5525 2505 5579 φησιν,
2543 5513 2604 5562 οὺ
2655 5513 2796 5565 κατά
2829 5516 3130 5580 φαντασίαν
3168 5517 3422 5585 ὀφθέντα.
3455 5519 3566 5571 Καὶ
3603 5518 3765 5572 τοῦτο

2191 5603 2298 5672 γοαρ
2331 5601 2439 5652 τῶν
2465 5603 2810 5658 ἀσεϐούντων
2834 5606 2979 5669 τινές
3021 5624 3204 5674 φασιν.
3237 5609 3298 5661 Εἰ
3345 5609 3456 5677 γὰρ
3491 5613 3768 5685 φαντασίᾳ

2191 5694 2369 5762 ὤφθη,
2400 5696 2458 5747 τὸ
2493 5699 2600 5750 πᾶν
2626 5701 2731 5766 τῆς
2775 5701 3088 5770 οἰκονομίας
3119 5705 3309 5757 κενόν·
3342 5705 3435 5758 καὶ
3478 5704 3600 5758 οὔτε
3643 5709 3766 5768 ταῖς

2190 5787 2409 5857 ψυχῆς,
2439 5788 2560 5842 εὖτε
2596 5795 2704 5856 τοῖς
2733 5796 2971 5864 πώματι-ι
3007 5797 3162 5866 ήμῶν
3189 5799 3217 5867 ἡ
3244 5780 3569 5863 ἀνάκλασις,
3614 5797 3762 5850 Ἀλλ’
