4094 6194
317 286 422 346 Ἶῖθ
1353 299 1770 360 EXPOSITIH
1820 305 2044 366 S.\CR[
2083 307 2441 372 SYMBOLI.
3488 316 3610 380 770

313 402 426 501 οὐδ’
457 403 514 454 ὲν
547 406 612 472 τῇ
648 403 914 476 Παρθένῳ
945 407 1254 478 συνελήφθη
1281 411 1448 482 239
1491 415 1578 478 ἂν,
1617 417 1648 487 ἢ
1695 419 1890 488 ἐτέχθη

2023 429 2110 478 est
2137 431 2230 478 aut
2267 434 2450 490 natus,
2479 436 2574 480 aut
2601 437 2820 498 propter
2850 445 2952 486 nos
2977 445 3172 501 passus
3203 441 3304 496 est,
3335 441 3431 487 aut
3466 449 3612 488 mor-

313 491 352 561 ἢ
394 492 536 563 ὑπὲρ
587 495 748 562 ήμῶν
803 497 1028 560 ἔπαθεν,
1067 499 1098 568 ἦ
1133 499 1312 554 θανὼν
1356 503 1638 578 ἐξανέστη.
1677 510 1737 563 Ei
1768 514 1893 564 κατὲ

1999 521 2148 592 ‘luus
2183 517 2508 572 resurrexit.
2549 517 2603 573 Si
2639 535 2735 588 per
2769 491 3110 590 phantasiam
3147 524 3463 580 incarnatus
3501 536 3606 586 est.

315 584 625 650 φαντασίαν
653 588 1016 658 σεσάρκωται,
1051 595 1167 657 πῶς
1195 594 1260 650 ἂν
1295 600 1344 650 οἱ
1371 601 1464 652 τὸν
1501 602 1730 656 θάνατον
1760 607 1909 674 εἰλη-

319 676 483 744 φότες
505 679 670 748 ἡμεῖς
697 681 954 754 πρότεροι
995 689 1058 757 τῇ
1086 695 1361 764 παρακοῇ,
1397 693 1466 748 δι’
1493 696 1660 750 αὑτοῦ
1709 699 1908 770 ἀνεξή-

317 787 536 839 σαμεν;
589 773 731 828 Ἀλλ’
775 777 1062 834 ἀπόλοιντο
1111 785 1162 838 οἱ
1217 783 1362 842 οὕτω
1412 789 1760 858 φρονοῦντες.
1799 791 1906 847 Τοῦ

313 865 573 934 ἀπαρχῆς
629 867 738 939 γὰρ
789 874 992 940 πατρὶς
1041 876 1134 930 τοῦ
1187 879 1416 946 ψεύδους
1462 881 1741 944 τελοῦντες
1775 885 1904 951 υἱοὶ,

311 958 411 1009 καὶ
459 959 528 1010 τὰ
553 959 720 1030 ψευδῆ
757 961 980 1032 ληροῦσι
1021 969 1115 1020 καὶ
1147 969 1315 1035 ὅντως
1350 973 1424 1041 μὴ
1452 973 1580 1026 ὄντα
1613 976 1902 1044 φάσματα.

323 1047 388 1103 '0
433 1051 530 1104 τοῦ
565 1052 700 1106 θεοῦ
738 1053 796 1108 δὲ
841 1057 1014 1125 Λόγος
1055 1059 1282 1130 ἀλήθεια
1323 1061 1420 1126 ὢν,
1465 1065 1700 1138 ἀληθεῐᾳ
1727 1068 1904 1122 πάντα

313 1145 502 1196 ποιεῖ·
533 1144 626 1198 καὶ
665 1146 740 1209 ὡς
778 1149 840 1200 ὲκ
889 1149 964 1222 μὴ
999 1150 1166 1206 ὄντων
1189 1157 1419 1227 οὐρανὸν
1446 1160 1765 1230 πεποιηκὼς
1811 1162 1904 1214 καὶ

311 1235 440 1304 γῆν,
475 1237 704 1308 ἀληθείᾳ
732 1240 908 1296 ταῦτά
953 1245 1084 1304 εἰσι,
1111 1247 1206 1300 καὶ
1232 1249 1324 1300 τὸν
1357 1249 1644 1319 ἄνθρωπον
1693 1253 1904 1318 πλάσας

310 1327 370 1391 ἐξ
401 1329 600 1398 ἀρχῆς.
631 1331 864 1404 ἀληθείᾳ
901 1336 995 1388 καὶ
1049 1330 1204 1401 οῦτὸς
1249 1340 1417 1406 ἐστιν,
1447 1343 1594 1397 οὕτω
1637 1345 1732 1400 καὶ
1772 1348 1904 1400 ἀνα-

311 1421 572 1476 πλάττων
602 1425 768 1478 αὕτὸν
803 1428 1034 1500 ἀληθείᾳ
1072 1434 1168 1485 καὶ
1207 1434 1371 1498 αὐτὸς
1402 1438 1774 1506 σεσάρκωται,
1806 1443 1902 1496 καὶ

307 1516 430 1584 δέχα
469 1520 680 1590 σπορᾶς
709 1521 928 1591 ἀληθῶς
957 1525 1268 1598 συνελήφθη
1309 1530 1368 1582 ἐν
1393 1533 1457 1600 τῇ
1491 1532 1778 1603 Παρθένῳ,
1808 1535 1903 1588 καὶ

305 1607 505 1678 ἐτέχθη
560 1613 921 1688 παναληθῶς,
976 1618 1250 1688 μενούσης
1309 1625 1514 1692 ταύτης
1583 1625 1899 1693 παρθένουο

305 1703 429 1754 ἐπεὶ
461 1705 556 1756 καὶ
601 1705 830 1776 ἀληθείᾳ
855 1709 1128 1778 παρθένος
1169 1707 1260 1782 ἦν.
1291 1714 1398 1767 Καὶ
1440 1713 1582 1768 οὕτω
1612 1716 1776 1770 πάλιν
1819 1719 1898 1772 δι·

308 1795 520 1864 ἑμεινε,
571 1799 664 1851 καὶ
701 1805 1116 1872 συνανεστράφη
1169 1806 1477 1873 ἁνθριτλποις
1530 1808 1768 1878 ἀληθῶς,
1803 1828 1896 1865 κα..

303 1885 442 1949 Θεὸς
486 1887 562 1941 ὢν
617 1888 894 1959 ἀληθινδς,
947 1894 1040 1945 καὶ
1095 1894 1380 1964 ἄνθρωπος
1431 1897 1588 1968 ὤφθη
1649 1899 1716 1952 δι’
1747 1902 1894 1970 ἡμᾶς

307 1977 568 2049 ἀληθινὸς
601 1981 658 2034 ὲν
697 1982 796 2054 μιᾷ
828 1982 1148 2048 ὑποστάσει,
1191 1986 1414 2051 διπλοῦς
1447 1991 1566 2052 ταῖς
1600 1989 1832 2060 φύσεσιν
1867 1994 1896 2046 ὁ

307 2071 496 2135 αὐτὸς,
528 2073 762 2134 καὶτοῖς
792 2075 1044 2144 φυσικοῖς
1080 2078 1213 2134 πᾶσι
1258 2080 1356 2150 τῆς
1381 2099 1437 2134 τε
1483 2082 1740 2151 θεότητος
1801 2087 1896 2144 καὶ

306 2164 410 2232 τῆς
457 2163 879 2236 ἁνθρωπᾶτητος
913 2169 1338 2240 γνωριζόμενος,
1382 2169 1588 2239 διπλῶς
1631 2193 1691 2229 τε
1727 2176 1896 2232 θέλων

307 2257 404 2308 καὶ
441 2257 704 2330 ἐνεργῶν,
737 2259 838 2313 οὐκ
889 2261 1308 2330 ἐναντιούμενος
1359 2266 1557 2336 ἑαυτῷ,
1609 2269 1747 2321 ἀλλὰ
1784 2269 1894 2323 τῶν

305 2350 408 2414 τῆς
453 2351 876 2422 ἁνθρωπότητος
923 2356 1088 2410 αὐτοῦ
1138 2358 1600 2428 ὑποτασσομένων
1629 2360 1795 2414 αὑτοῦ
1829 2365 1894 2432 τῇ

309 2439 566 2511 θεότητι,
621 2445 746 2498 ὅθεν
799 2449 894 2502 καὶ
942 2449 1082 2520 ὑπὲρ
1145 2449 1304 2522 ἡμῶν
1365 2453 1578 2521 ὅσαπερ
1631 2453 1895 2523 ἔπραξεν,

309 2535 529 2606 ἀληθῶς
559 2539 654 2592 καὶ
691 2545 1054 2611 σωτηριωδῶς
1097 2545 1324 2617 ἔπραξε.
1369 2549 1476 2600 Καὶ
1502 2547 1662 2601 τοῦτο
1693 2548 1896 2616 μᾶλλον

305 2628 406 2694 τῆς
450 2629 618 2682 αὑτοῦ
655 2632 1072 2702 φιλανθρωπίας
1105 2637 1166 2690 rb
1211 2637 1436 2707 δεῖγμα,
1471 2639 1568 2692 καὶ
1609 2641 1688 2702 εἰς
1735 2639 1895 2704 δόξαν

303 2719 458 2790 αὐτῷ
491 2721 666 2776 ταῦτα
725 2725 824 2796 τὴν
875 2729 1268 2799 ὑπερέχουσαν.
1319 2731 1380 2783 Ei
1421 2731 1530 2800 γὰρ
1577 2731 1626 2783 oi
1670 2731 1896 2802 οὐρανοὶ

300 2812 624 2880 διηγοῦνται
673 2816 832 2883 δὸξαν
871 2819 1010 2873 Θεοῦ
1057 2823 1134 2886 ὼς
1172 2823 1476 2893 ποιήματα,
1521 2826 1660 2894 πόση
1695 2842 1758 2892 γε
1786 2825 1896 2894 ἄρα

301 2905 436 2969 δόξα
462 2907 538 2976 τῷ
569 2907 687 2978 Θεῷ
723 2910 864 2980 ὑπὲρ
895 2912 996 2980 τῆς
1023 2914 1300 2983 σωτηρίας
1331 2915 1424 2968 τοῦ
1461 2916 1780 2986 πλάσματος
1811 2935 1896 2969 σε-

2015 607 2293 672 quomodo
2321 609 2410 675 qui
2447 616 2678 665 mortem
2713 613 2868 681 prius
2892 629 2957 668 ex
2995 614 3361 671 innbedientia
3388 629 3607 671 contra-

2013 695 2218 761 ximus,
2267 712 2363 765 per
2413 714 2538 752 eum
2601 701 3042 758 revit-isremns?
3091 701 3320 759 Pereant
3379 705 3470 774 qui
3527 705 3604 759 sic

2012 785 2328 853 opinantur,
2382 791 2584 859 quippe
2643 793 2738 860 qui
2775 793 3056 848 ab‘initio
3113 796 3382 850 mendacii
3435 797 3604 865 patris

2013 879 2236 948 perfecti
2269 881 2384 944 lilii,
2421 881 2553 938 falsa
2587 883 2824 939 delirant
2845 903 3088 956 saneque
3117 890 3298 943 inania
3324 905 3604 945 commen-

2011 981 2086 1027 ta.
2123 973 2216 1028 Dei
2251 973 2492 1030 Verbum
2526 979 2740 1034 veritas,
2764 991 2870 1042 est,
2905 980 2956 1034 in
2988 982 3221 1036 veritate
3276 983 3460 1037 omnia
3493 983 3602 1054 agit

2007 1076 2061 1120 et
2091 1068 2546 1134 quemadmodum
2578 1085 2608 1124 e
2633 1086 2738 1124 non
2773 1072 3168 1128 exsistentibus
3217 1075 3416 1128 ccelum
3479 1078 3606 1129 fecit

2009 1167 2062 1212 et
2087 1167 2313 1222 terram,
2356 1173 2410 1215 et
2441 1162 2494 1216 in
2527 1165 2760 1217 veritate
2789 1172 2940 1230 sunt,
2981 1173 3036 1220 et
3073 1166 3350 1221 hominem
3381 1169 3450 1222 ab
3499 1169 3602 1222 ini-

2007 1252 2083 1305 tio
2117 1253 2431 1321 plasmavit,
2468 1263 2520 1309 et
2553 1256 2606 1308 in
2641 1256 2872 1311 veritate
2909 1269 3029 1320 est;
3061 1257 3144 1312 sic
3202 1258 3599 1314 immanitatem

2007 1359 2164 1399 suam
2191 1346 2489 1414 plasmatis,
2519 1348 2572 1400 in
2615 1350 2842 1404 veritate
2901 1358 2956 1404 et
3015 1351 3136 1419 ipse
3169 1351 3490 1406 incarnatus
3517 1361 3604 1408 est

2005 1449 2058 1493 et
2083 1438 2290 1508 absque
2319 1439 2674 1506 corruptione
2695 1440 2906 1496 sincere
2943 1444 2994 1494 in
3026 1443 3244 1512 Virgine
3275 1454 3596 1514 conceptus,

2005 1545 2166 1600 quem
2194 1530 2411 1595 penitus
2454 1545 2581 1586 vere
2610 1533 2824 1604 peperit
2881 1549 3111 1588 manens
3153 1534 3308 1604 virgo
3339 1551 3458 1604 quae
3491 1533 3598 1589 rei-

2004 1637 2102 1692 psa
2135 1623 2287 1692 virgo
2316 1631 2454 1686 erat.
2507 1631 2560 1678 et
2610 1624 2690 1678 sic
2736 1625 2934 1678 iterum
2997 1627 3410 1694 perseveravit;
3465 1641 3588 1680 cum

2007 1715 2320 1770 hominibus
2351 1731 2478 1770 vere
2529 1725 2888 1772 conversatus
2945 1727 3030 1772 est
3072 1716 3214 1771 Deus
3281 1725 3444 1772 verus
3541 1729 3594 1772 et

2005 1807 2170 1863 homo
2193 1848 2208 1874 ,
2240 1809 2382 1878 apud
2423 1825 2522 1864 nos
2559 1809 2706 1866 visus
2727 1819 2812 1866 est
2844 1827 3006 1866 verus
3033 1811 3084 1865 in
3133 1811 3288 1866 unica
3318 1825 3554 1882 persona
3581 1827 3596 1878 ;

1997 1901 2177 1970 quoad
2211 1911 2438 1956 naturas
2470 1901 2668 1969 duplex
2693 1901 2856 1966 idem,
2888 1911 2940 1956 et
2987 1902 3292 1956 divinitatis
3319 1911 3374 1956 et
3404 1903 3600 1956 huma'

1999 1993 2195 2054 nitatis
2223 1993 2569 2048 naturalibus
2599 1993 2856 2048 omnibus
2913 1995 3188 2064 cognitus,
3243 1994 3443 2064 duplex
3506 2010 3600 2047 vo-

2000 2085 2210 2156 luntate
2233 2095 2288 2140 et
2334 2086 2676 2154 operatione,
2731 2102 2838 2140 non
2897 2075 3083 2141 secum
3142 2087 3282 2160 ipso,
3320 2103 3594 2158 pugnans,
3639 2073 3650 2080 ’

2003 2179 2094 2231 sed
2124 2175 2478 2230 humanitatis
2503 2175 2625 2240 eius
2663 2177 2880 2232 actibus
2908 2179 3180 2232 divinitati
3211 2177 3334 2246 ejus
3399 2178 3592 2247 subje-

2001 2270 2126 2332 ctis,
2174 2267 2318 2323 unde
2358 2283 2696 2339 quaecunque
2727 2280 2949 2339 propter
2980 2285 3080 2324 nos
3110 2269 3259 2336 fecit,
3305 2271 3514 2326 sincere
3543 2279 3596 2324 rt

1997 2361 2316 2417 salutariter
2341 2361 2472 2415 fecit
2509 2377 2525 2424 ;
2567 2363 2712 2429 quod
2751 2363 3084 2432 praecipuum
3107 2365 3224 2434 ejus
3249 2363 3594 2433 philanthro-

2001 2454 2106 2524 pias
2143 2459 2524 2522 argumentum
2551 2462 2608 2506 ct
2643 2453 2708 2506 ad
2741 2453 2969 2524 gloriam
3027 2453 3130 2522 ipsi
3179 2455 3594 2523 supereminen-

2003 2555 2133 2600 tem.
2165 2545 2224 2600 Si
2259 2547 2404 2600 enim
2447 2545 2572 2600 coeli
2607 2553 2871 2599 enarrant
2907 2546 3134 2613 gloriam
3181 2547 3272 2600 Dei
3333 2555 3592 2615 tanquam

2003 2650 2294 2704 creaturas,
2323 2653 2446 2708 quae
2481 2637 2590 2690 Deo
2624 2653 2721 2706 pro
2759 2637 3043 2706 plasmatis
3093 2639 3271 2692 salute
3307 2639 3594 2691 incarnato

2003 2733 2216 2800 gloria,
2282 2739 2336 2785 et
2391 2744 2595 2798 corpus
2645 2731 2791 2799 quod
2852 2745 2950 2800 pro
3021 2732 3242 2786 homine
3313 2739 3596 2800 pateretur

2003 2823 2330 2890 dantichjus
2359 2823 2530 2877 livore
2569 2824 2744 2876 sanati
2775 2824 2971 2889 simus,
3033 2833 3093 2877 ut
3147 2824 3414 2896 scriptum
3470 2820 3595 2877 cst?

2005 2915 2394 2969 Deindedicit:
2537 2925 2540 2928 ’

301 3004 735 3073 σωματωμένῳ,
769 3007 865 3058 καὶ
914 3007 1172 3062 δεδωκότι
1217 3010 1278 3063 rb
1323 3012 1484 3082 σῶμα
1529 3013 1723 3066 παθεῖν
1751 3011 1892 3080 ὑπὲρ
1911 3008 2240 3079 ἀνθρώπων,
2277 3011 2365 3062 ἵνα
2397 3007 2476 3078 τῷ
2512 3008 2743 3077 μώλωπι
2805 3007 2982 3061 αὐτοῦ
3027 3007 3291 3078 ίαθῶμεν,
3369 3008 3445 3071 ὠς
3505 3006 3596 3072 γέ-

301 3115 548 3164 γραπται
573 3114 587 3163 ;
629 3095 762 3152 Εἶτά
794 3118 927 3172 φησι
953 3118 967 3132 ·

300 3220 412 3273 Kal
447 3214 834 3289 σαρκωοέντα
857 3221 1300 3296 eunti-eripiare:
1326 3225 1501 3296 ἁγίου
1534 3227 1632 3280 καὶ
1661 3226 1888 3295 Μαρίας

1999 3220 2063 3274 Et
2097 3220 2405 3272 incarnatus
2437 3217 2597 3272 estde
2632 3217 3034 3283 Spirimsmtcto
3060 3232 3124 3272 ea:
3144 3214 3318 3269 Maria
3351 3213 3590 3285 Virgine.

871 3291 981 3358 τῆς
1011 3291 1347 3362 Παρθένου.

384 3379 446 3436 ’0
474 3383 573 3452 μὲν
605 3385 715 3454 γὰρ
748 3384 940 3455 Πατὴρ
970 3385 1230 3454 εὐδόκησε
1259 3391 1351 3442 καὶ
1383 3390 1890 3462 συνεδημιούργησε

297 3477 376 3544 τῷ
407 3477 603 3530 ἑαυτοῦ
633 3478 790 3548 Λόγῳ
822 3478 880 3532 rb
913 3479 1072 3548 σῶμα
1092 3497 1106 3512 ο
1137 3481 1198 3533 rb
1237 3481 1294 3533 δὲ
1327 3483 1550 3550 Πνεῦμα
1581 3485 1891 3553 συνυπούρ-

295 3583 463 3636 γησε.
493 3568 609 3622 Μία
637 3569 745 3638 γὰρ
764 3571 798 3639 ή
827 3569 1078 3638 ἐνέργεια
1105 3571 1201 3624 καὶ
1233 3573 1264 3640 ἡ
1300 3571 1530 3642 δύναμις
1559 3573 1666 3626 τῶν
1696 3574 1886 3643 τριῶν.

295 3659 474 3719 Μόνος
496 3658 552 3712 δὲ
576 3660 604 3710 ὁ
634 3659 806 3728 Λόγος
838 3660 1208 3730 σεσάρκωται,
1235 3664 1327 3714 καὶ
1352 3663 1450 3732 οὐχ
1481 3665 1507 3714 ὁ
1546 3663 1734 3731 Πατὴρ
1770 3663 1802 3732 ἢ
1832 3661 1889 3714 rb

303 3749 550 3816 Πνεῦμα.
583 3751 755 3803 Τοῦτο
810 3751 891 3818 δὲ,
920 3752 996 3815 ὡς
1041 3753 1068 3805 ὁ
1112 3755 1288 3822 μέγας
1334 3756 1498 3824 φησὶν
1543 3756 1887 3819 Ἀθανάσιος,

298 3842 388 3894 ἵνα
437 3843 576 3914 μένῃ
627 3846 656 3898 ὁ
683 3843 812 3908 Υἱὸς
842 3829 994 3912 mg,
1029 3848 1127 3901 καὶ
1169 3848 1242 3911 ὡς
1279 3849 1340 3900 ἐκ
1370 3847 1466 3900 τοῦ
1517 3849 1728 3918 Πατρὺς
1761 3848 1890 3910 Υἱὸς

297 3933 531 3996 ἀπαθῶς
589 3937 728 4000 ἐστι,
765 3935 862 3990 καὶ
905 3937 1030 3999 Tib;
1081 3938 1296 4006 ἀληθῶς
1352 3940 1414 3991 ὲκ
1459 3938 1556 4007 τῆς
1608 3937 1888 4007 Παρθένου

293 4025 582 4094 γεννηθεὶς
613 4026 791 4097 μείνῃ,
821 4027 950 4089 Υἱὸς
987 4005 1260 4096 ἀληθινῶς
1299 4029 1392 4082 καὶ
1436 4005 1524 4081 ὢν
1561 4005 1674 4082 καί
1691 4005 1890 4081 ualeb-

298 4133 482 4186 μενος.
513 4119 623 4188 Τῆς
653 4119 986 4191 σαρκώσεως
1017 4123 1168 4177 αττια
1196 4123 1251 4175 δὲ
1283 4125 1348 4175 τὰ
1377 4123 1584 4190 αἵματα
1609 4123 1708 4192 τῆς
1743 4125 1890 4193 Παρ-

297 4207 482 4260 θένου.
527 4207 616 4268 Ὠς
655 4209 766 4280 γὰρ
793 4211 1026 4279 ἠδύνατο
1071 4211 1170 4281 μὲν
1204 4212 1440 4282 ἐεαρχῆς
1472 4215 1498 4264 ὀ
1528 4213 1658 4276 Θεὸς
1703 4213 1799 4266 καὶ
1831 4213 1888 4278 ὲξ

293 4299 492 4369 ἑτέρας
533 4299 666 4371 ὕλης
703 4301 1105 4374 δημιουργήσαι
1155 4303 1246 4358 τὸν
1279 4304 1589 4373 ἄνθρωπον,
1628 4305 1730 4358 οὐκ
1757 4304 1888 4374 ἠθέ-

291 4393 430 4462 λησε
477 4393 558 4456 δὲ,
607 4394 702 4447 καὶ
759 4395 918 4449 τοῦτο
967 4397 1220 4460 δικαίως,
1248 4397 1335 4450 ἵνα
1383 4398 1457 4466 μὴ
1509 4398 1890 4467 ἁκοινωνὴτως

293 4489 442 4558 πρὸς
477 4488 688 4557 ταύτην
711 4487 851 4559 ἔχων
879 4491 979 4560 τὴν
1015 4491 1214 4556 κτίσιν,
1249 4491 1308 4548 οὗ
1346 4490 1570 4560 δύνηται
1618 4491 1822 4560 μένειν,
1854 4489 1886 4559 ἢ

292 4581 588 4634 κοινωνίαν
621 4581 766 4652 ἔχειν
790 4585 850 4635 ἐν
884 4584 1020 4652 αὐτῇ
1050 4599 1063 4614 ·
1099 4583 1241 4636 οὕτω
1271 4585 1332 4654 δὴ
1369 4587 1462 4636 καὶ
1505 4583 1603 4654 τὴν
1642 4585 1885 4636 ἀνάπλα-

295 4690 384 4724 σιν
418 4673 592 4725 ποιῶν
633 4673 730 4727 τοῦ
766 4673 1086 4744 ἀνθρώπου,
1126 4676 1222 4745 οὐχ
1253 4676 1444 4744 ἑτέραν
1474 4673 1608 4743 ὕλην
1649 4675 1884 4742 προσλα-

291 4761 486 4815 ϐέσθαι
511 4763 800 4832 ἠθέλησεν,
827 4763 917 4816 ἵνα
947 4765 1019 4833 μὴ
1047 4765 1080 4836 ἠ
1113 4764 1510 4834 παραπεσοῦσα
1540 4763 1702 4831 φύσις
1727 4763 1886 4834 ἡμῶν

289 4855 632 4925 ὲναπομείνῃ
664 4855 742 4926 τῷ
776 4855 1052 4924 πτώματι.
1090 4858 1149 4909 Ei
1189 4857 1298 4926 γὰρ
1327 4859 1403 4926 μὴ
1434 4855 1542 4909 ἀπὸ
1577 4856 1688 4909 τῶν
1717 4857 1886 4925 αἱμά-

288 4963 405 5000 των
445 4947 546 5017 τῆς
583 4947 883 5018 Παρθένου,
914 4947 1014 5018 τῆς
1039 4949 1109 5001 -ὲκ
1135 4949 1230 5002 ταῦ
1260 4949 1438 5019 Ἀδὰμ
1477 4949 1883 5018 καταγομένης,

286 5040 393 5108 τὴν
425 5039 606 5109 σάρκα
643 5035 712 5110 ἦν
736 5039 1011 5110 εἰληφὼς,
1049 5044 1166 5106 πῶς
1205 5043 1270 5095 ἂν
1315 5043 1376 5094 rb
1437 5042 1702 5110 συγγενὲς
1751 5044 1888 5112 πρὸς

290 5131 623 5200 ἀνθρώπους
671 5129 849 5202 εἶχεν;
887 5133 920 5204 ἢ
971 5134 1087 5198 πῶς
1137 5137 1228 5188 τὶν
1267 5134 1378 5188 ἀπὸ
1423 5133 1561 5187 Θεοῦ
1610 5134 1886 5202 ἁγιασμὸν

292 5221 716 5294 ὲ>.αμ6ἁνομεν;
747 5225 780 5294 ἢ
815 5227 928 5288 πῶς
965 5227 1031 5281 ἂν
1065 5229 1400 5300 ἐζωώθημεν
1449 5229 1500 5280 οἱ
1544 5226 1888 5297 νενεκρωμέ-

289 5333 397 5380 νοι,
433 5317 508 5388 μὴ
537 5317 636 5386 τῆς
673 5318 818 5388 ζωῆς
859 5319 1122 5390 ἐλθούσης
1153 5323 1286 5391 ἡμῖν
1309 5337 1324 5387 ;
1350 5319 1462 5384 Διὸ,
1505 5319 1612 5373 Καὶ
1651 5332 1888 5384 σαρκω-

285 5407 492 5473 θέντα,
547 5413 735 5482 φησὶν,
779 5413 846 5465 ἐκ
893 5414 1241 5480 Πνεύματος
1289 5413 1485 5480 ἁγίου.
1527 5409 1876 5482 Ἀρρεύστως

2071 3381 2232 3436 Pater
2259 3381 2465 3436 bonum
2502 3383 2756 3451 cogitans
2796 3381 2978 3436 Verbo
3016 3396 3116 3436 suo
3133 3397 3332 3452 corpus
3363 3381 3589 3440 creavit.

1993 3475 2234 3545 Spiritus
2265 3475 2516 3530 conditor
2550 3492 2654 3529 una
2693 3477 2814 3530 fuit.
2843 3474 3015 3530 Unica
3049 3478 3194 3531 enim
3219 3478 3384 3531 trium
3434 3493 3590 3530 ener-

1993 3567 2078 3637 gia
2110 3577 2164 3621 et
2191 3575 2458 3636 potestas,
2529 3569 2705 3622 solum
2737 3577 2920 3621 autem
2953 3568 3189 3623 Verbum
3241 3571 3586 3623 incarnatum

1992 3667 2152 3714 estet
2178 3673 2284 3711 non
2321 3659 2502 3724 Pater,
2539 3674 2638 3711 nec
2662 3657 2924 3723 Spiritus.
2958 3661 3102 3714 sicut
3133 3661 3290 3714 docet
3351 3675 3587 3730 magnus

1991 3749 2351 3814 Athanasius,
2401 3759 2458 3803 ut
2489 3757 2706 3802 maneat
2735 3747 2902 3802 Filius
2933 3749 3124 3813 Filius,
3150 3757 3203 3804 et
3237 3750 3583 3819 quemadmo-

1994 3841 2122 3894 dum
2147 3856 2176 3895 e
2200 3839 2362 3895 Patre
2394 3843 2514 3894 sine
2545 3839 2774 3894 libidine
2825 3839 2998 3896 Filius
3029 3849 3112 3896 est
3146 3851 3201 3894 et
3261 3839 3430 3894 Filius
3461 3857 3588 3895 vere

1995 3948 2026 3986 c
2065 3929 2286 4002 Virgine
2309 3931 2530 4001 genitus
2565 3939 2801 3994 maneat,
2834 3929 3008 3984 Filius
3046 3947 3172 3984 vere
3237 3933 3327 4000 qui
3397 3931 3470 3985 sit
3532 3941 3584 3984 et

1993 4033 2244 4079 vocetur.
2283 4023 2689 4078 lucarnationis
2730 4033 2910 4077 autem
2937 4038 3125 4088 causa,
3167 4023 3406 4090 Virginis
3459 4038 3582 4076 san--

1993 4115 2135 4186 guis.
2169 4115 2643 4181 Quemadmodum
2679 4115 2828 4168 enim
2868 4121 3083 4183 poterat
3105 4113 3172 4166 ab
3214 4112 3372 4166 initio
3439 4111 3584 4165 Deus

1993 4221 2058 4258 ex
2093 4205 2263 4259 altera
2300 4204 2528 4257 materia
2587 4203 2864 4257 hominem
2903 4217 3090 4257 creare
3143 4215 3243 4255 nec
3311 4201 3482 4255 voluit
3510 4203 3586 4272 (ιιι

1993 4296 2208 4359 merito,
2243 4311 2364 4349 cum
2397 4297 2488 4365 qui
2520 4311 2630 4350 non
2662 4297 2910 4350 eamdem
2949 4310 3111 4364 quam
3139 4296 3286 4350 illam
3315 4294 3581 4348 facturam

1993 4391 2281 4442 materiam
2320 4402 2670 4442 communem
2700 4388 2948 4453 haberet,
3007 4387 3151 4443 forte
3209 4402 3436 4443 manere
3491 4397 3586 4440 aut

1994 4495 2117 4534 cum
2154 4481 2271 4550 ipsa
2301 4480 2627 4535 societatem
2685 4481 2886 4536 habere
2937 4481 3214 4551 nequiret)
3245 4481 3325 4536 sic
3369 4495 3504 4538 sane
3531 4490 3586 4534 ct

1997 4576 2236 4630 hominis
2304 4578 2708 4645 reparationem
2764 4591 2934 4647 agens
3011 4577 3238 4630 alteram
3297 4589 3584 4630 assumere

1995 4665 2278 4720 materiam
2310 4667 2492 4721 noluit
2517 4682 2582 4720 ne
2605 4667 2756 4735 lapsa
2817 4677 3010 4721 natura
3075 4676 3260 4721 nostra
3313 4667 3368 4720 in
3427 4667 3583 4736 lapsu

1993 4739 2304 4812 remaneret
2329 4774 2344 4811 :
2381 4759 2581 4827 quippe
2606 4758 2701 4825 qui
2733 4773 2840 4812 non
2871 4772 2900 4810 e
2949 4758 3176 4828 virginis
3206 4757 3274 4810 de
3301 4758 3470 4810 Adam
3496 4773 3586 4811 or-

1991 4859 2058 4903 tae
2079 4851 2346 4918 sanguine
2367 4865 2588 4902 carnem
2623 4850 2972 4917 sumpsisset,
3000 4847 3274 4918 quomodo
3297 4829 3600 4918 cognatio;

1991 4943 2078 4996 nis
2111 4941 2566 4996 communitatem
2599 4954 2724 4994 cum
2756 4941 3073 4996 hominibus
3123 4939 3422 4995 habuerit?
3473 4942 3582 4993 Aut

1997 5033 2275 5105 quomodo
2329 5048 2358 5086 a
2417 5033 2526 5087 Deo
2593 5033 3089 5088 sanctificationem
3174 5033 3577 5102 acceperimus.

1991 5128 2076 5182 vel
2118 5127 2316 5181 mortui
2341 5125 2756 5189 reviviscemus,
2808 5125 2874 5178 ad
2931 5141 3070 5194 quos
3128 5141 3236 5180 non
3294 5127 3582 5180 advenerit

1995 5222 2148 5276 vita?
2205 5219 2332 5276 Ideo
2383 5219 2732 5273 incarnatum
2793 5218 2928 5273 dicit
2976 5220 3042 5273 de
3099 5218 3309 5289 Spiritu
3343 5227 3576 5286 sancto;

1997 5313 2347 5370 ineliabiliter
2408 5319 2463 5365 et
2512 5313 2718 5380 absque
2769 5311 2997 5364 libidine
3051 5309 3214 5364 etiam
3277 5311 3575 5364 secundum

1989 5422 2210 5463 carnem
2237 5405 2416 5459 factus
2445 5413 2550 5466 est,
2579 5405 2753 5460 sancti
2785 5403 3024 5472 Spiritus
3055 5403 3398 5472 operatione.

285 5505 398 5576 γὰρ
449 5507 548 5560 καὶ
594 5509 825 5572 ἀπαθῶς
873 5511 968 5562 καὶ
1009 5507 1152 5562 κατὰ
1208 5507 1387 5577 σάρκα
1431 5507 1757 5578 γεγέννηται
1809 5505 1954 5558 θείου
1987 5505 2306 5574 Πνεῦματος
2345 5505 2657 5574 συνεργείᾳ.

647 5602 754 5654 Καὶ
784 5602 1014 5669 Μαρίας
1049 5599 1157 5668 τῆς
1191 5600 1523 5669 Παρθένου.

365 5689 491 5744 Ὀτι
539 5692 598 5756 ἐξ
657 5693 828 5764 αὐτῆς
880 5696 975 5747 καὶ
1023 5696 1366 5765 σεσάρκωται
1413 5694 1508 5747 καὶ
1553 5693 1879 5762 γεγέννηται

287 5781 532 5853 ἀληθῶς,
564 5785 639 5850 ὡς
675 5786 904 5852 Ἡσαΐας
938 5787 1032 5842 καὶ
1069 5790 1117 5842 οἱ
1177 5787 1354 5840 λοιποὶ
1407 5785 1516 5840 τῶν
1581 5783 1878 5854 προφητῶν

2495 5599 2578 5653 Ea:
2631 5592 2829 5652 Maria.
2844 5597 3080 5669 Virgine.

2062 5693 2200 5760 Quia
2252 5709 2314 5749 ex
2345 5709 2408 5748 ea
2438 5707 2566 5748 vere
2618 5692 2932 5746 incarnatus
2963 5701 3016 5746 et
3065 5691 3242 5746 factus
3291 5695 3394 5752 est,
3439 5687 3582 5742 sicut

1989 5788 2358 5858 praedixerunt
2413 5785 2583 5843 Isaias
2616 5793 2667 5841 et
2708 5783 2904 5856 reliqui
2971 5785 3268 5856 prophetae.
3305 5781 3580 5840 Etsimilis
