4094 6194
397 269 501 332 773

1375 323 1394 338 ι
1433 287 1850 352 Exrosrrto
1891 292 2116 354 SACRI
2156 283 2517 368 SYMBOLI.

3561 313 3670 396 τι

407 379 550 435 Ἀλλ’
578 381 726 450 ὅμως
754 385 860 438 εἰσὶ
894 387 988 442 καὶ
1010 388 1157 459 λόγοι
1185 391 1390 448 τούτων
1413 398 1676 467 οὐράνιοι,
1711 403 1806 456 καὶ
1836 404 1946 470 πρά

2048 407 2300 465 .veritati
2330 413 2702 468 testimonium
2747 415 3056 485 perhibent,
3127 427 3181 473 et
3231 419 3402 476 Graeci
3442 423 3672 493 quidem

395 472 508 559 ξεις
533 473 668 526 θεοῦ
714 476 808 530 τοῦ
841 481 1221 548 σαρκωθέντος
1248 487 1776 562 καὶοστσυρωθέντος
1807 497 1975 564 ὑπερ-

393 567 550 630 φυεῖς
597 567 696 636 τὴν
724 568 991 639 ἀλήθειαν
1025 574 1524 648 ἐπιμαρτυροῦσαι.
1573 585 1678 636 Kal
1708 586 1974 658 Ἕλληνες

394 659 497 726 μὲν
519 657 614 710 ἐπὶ
640 661 718 730 τῷ
755 665 974 734 σταυρῷ
1001 667 1390 735 ἀσυνετοῦντες
1431 676 1684 741 γελῶσιν,
1725 657 1971 735 Ἰουδαῖοι

389 749 448 802 δὲ
486 749 895 822 βλασφημοῦσι,
922 757 1016 810 καὶ
1045 759 1156 812 τῶν
1177 760 1352 814 ἀθέων
1382 765 1534 819 ἄλλοι
1569 769 1776 824 πολλοί.
1828 773 1971 826 ’Λλλ’

389 843 844 915 αἰσχυνθήτωσαν
903 851 951 912 oi
1021 852 1352 922 ἀνομοῦντες
1415 859 1706 930 διακενῆςι
1773 865 1832 917 ὲν
1891 867 1969 937 τῷ

391 937 634 1030 σταυρῷΔ
659 939 766 1008 γὰρ
791 941 1052 1012 Χριστοῦ,
1080 947 1176 998 καὶ
1211 949 1290 1017 τῷ
1327 948 1558 1018 μώλωπι
1595 955 1689 1006 καὶ
1725 954 1964 1030 θανάτῳ,

389 1025 450 1076 τὸ
477 1027 764 1094 μεγαλεῖον
790 1031 956 1086 αὐτοῦ
987 1038 1315 1106 φανεροῦται
1351 1042 1552 1109 μᾶλλον
1579 1047 1678 1116 τῆς
1697 1047 1882 1118 ἰσχύος
1909 1069 1965 1104 τε

391 1113 485 1172 καὶ
525 1119 798 1192 θεότητος.
830 1126 940 1182 Καὶ
969 1128 1072 1196 ὅρα
1119 1132 1173 1182 τί
1207 1135 1547 1204 σταυρωθεὶς
1591 1113 1961 1198 ἐκτετέλεκεν.

390 1214 466 1267 Οὐ
524 1216 624 1287 τὴν
675 1218 784 1272 τῶν
837 1221 1112 1276 ἀσυνέτων
1181 1226 1450 1298 Ἑλλήνων
1508 1231 1716 1303 πλάνην
1782 1237 1964 1289 πᾶσαν

389 1306 577 1372 ἐδίωξε
617 1308 696 1378 τῷ
723 1313 942 1382 σταυρῷ
966 1301 1088 1379 ;Ὀὺ
1117 1317 1214 1385 τὴν
1240 1319 1429 1374 ἀθεῖαν
1458 1323 1642 1378 πᾶσαν
1670 1301 1920 1396 ἀπήλασε
1943 1347 1958 1394 ;

385 1397 482 1459 Τίς
518 1398 614 1452 νῦν
644 1401 670 1453 6
695 1401 981 1457 πολυθεῖαν
1005 1406 1180 1458 νοσῶν
1203 1424 1218 1472 ;
1249 1410 1402 1487 Τίς-ό
1434 1413 1720 1480 κνωδάλοις
1745 1417 1841 1470 καὶ
1865 1417 1960 1487 θη-

387 1491 528 1558 ρίοις
573 1495 674 1562 τὴν
715 1493 868 1549 θείαν
913 1498 1204 1567 ἀπονέμων
1232 1483 1432 1572 τιμῆη
1465 1507 1538 1558 Οὐ
1571 1507 1672 1578 τὴν
1720 1509 1830 1562 τῶν
1857 1483 1960 1574 ἔξω

384 1585 566 1652 σοφῶν
601 1587 793 1657 σοφίαν
824 1591 1016 1660 μωρὰν
1070 1594 1387 1662 ἀπέδειξεν;
1441 1598 1502 1650 οὐ
1569 1603 1788 1669 σιγῆσαι
1831 1605 1958 1668 τοὺς

379 1675 580 1744 λήρους
611 1679 922 1750 φιλοσόφων
953 1685 1286 1754 είργάσατο;
1315 1689 1486 1752 ἁλιεῖς
1514 1691 1621 1762 γὰρ
1653 1693 1749 1746 τοῦ
1794 1711 1956 1748 σταυ-

383 1767 652 1833 ρωθέντος
691 1771 980 1828 ἀπόστολοι
1034 1777 1200 1830 αὐτὸν
1247 1779 1339 1834 τὸν
1383 1765 1770 1852 σταυρωθέντα
1821 1786 1955 1840 Θεὸν

378 1860 660 1930 ὁμολογεῖν
693 1865 898 1931 πάντας
936 1869 1182 1924 ἔπεισαν.
1217 1872 1326 1926 Ποῦ
1361 1874 1456 1927 νῦν
1501 1876 1814 1942 εἰδωλεῖονς
1853 1877 1953 1931 ποῦ

383 1953 602 2007 ετδωλον
631 1956 858 2024 ὲναγές;
895 1959 995 2012 ποῦ
1027 1966 1317 2030 μαντεῖονς
1366 1965 1470 2018 ποῦ
1530 1967 1688 2031 ζώων
1721 1973 1820 2022 καὶ
1863 1972 1946 2023 ἀν-

383 2044 617 2114 θρώπων
645 2049 873 2114 σφαγαὶ,
899 2053 992 2104 καὶ
1031 2055 1242 2108 τελεταὶ
1290 2057 1563 2126 δαιμόνων
1612 2062 1952 2132 ἀκάθαρτοι;

383 2135 484 2189 ποῦ
540 2155 621 2200 τις
677 2140 811 2212 άλλη
865 2141 959 2197 νῦν
1011 2149 1068 2199 ὲν
1093 2148 1284 2220 κόσμῳ
1314 2149 1408 2203 τοῦ
1438 2153 1684 2206 διαϐόλου
1725 2155 1818 2206 καὶ
1847 2157 1956 2209 τῶν

381 2231 590 2282 ἐκείνου
620 2231 844 2304 λατρεία
869 2253 884 2303 ;
917 2239 1104 2294 Πάντα
1128 2242 1300 2296 ταῦτα
1323 2243 1521 2306 ἐξεῖλεν
1544 2247 1570 2299 6
1596 2248 1952 2317 σταυρωθείς·

381 2324 476 2377 καὶ
511 2325 680 2389 τύπος
735 2329 898 2397 μόνες
956 2335 1188 2402 σταυροῦ
1245 2337 1434 2390 διώκει
1492 2341 1619 2403 τοὺς
1669 2342 1952 2410 δαίμονας,

377 2419 536 2482 θεοὺς
565 2421 830 2490 πρότερον
859 2425 1250 2496 νομιζομένους
1277 2431 1386 2494 τοῖς
1412 2431 1660 2500 Ἕλλησι.
1682 2435 1791 2489 Καὶ
1816 2438 1954 2502 μᾶλ-

375 2513 468 2565 λον
519 2515 576 2566 ἐν
609 2515 780 2586 τούτῳ
813 2517 1107 2590 θαυμαστὴ
1150 2522 1244 2575 τοῦ
1287 2527 1754 2600 σταυρωθέντοςή
1795 2531 1955 2584 δύνα-

377 2625 492 2676 μις,
525 2610 606 2663 ὅτι
631 2611 724 2663 καὶ
749 2611 892 2666 οὕτω
915 2613 1081 2684 πένης
1108 2616 1318 2685 ὀφθεὶς,
1376 2620 1472 2673 καὶ
1497 2621 1640 2674 οὕτω
1672 2625 1950 2694 πτωχείαν

376 2701 581 2772 σαρκὸς
608 2703 992 2773 ἐνδυσάμενος,
1025 2709 1120 2761 καὶ
1148 2708 1225 2778 τῷ
1262 2711 1452 2780 κόσμῳ
1491 2715 1715 2781 μέτριος
1761 2718 1953 2783 φανεὶς

371 2793 468 2846 καὶ
493 2797 727 2862 πτωχὸς,
759 2799 851 2850 xal
877 2801 1231 2867 κατακριθεὶς
1258 2803 1334 2864 ὡς
1363 2803 1458 2856 καὶ
1484 2807 1680 2858 παθεῖν
1707 2808 1950 2878 σταυρῷ,

371 2887 468 2937 καὶ
498 2887 813 2950 ἀποθανεῖν,
851 2892 944 2941 καὶ
972 2891 1116 2944 οὕτω
1147 2895 1296 2962 παρὰ
1325 2895 1436 2947 τῶν
1465 2897 1723 2968 μαθητῶν
1753 2901 1951 2954 ἐσταυτ

369 2982 615 3049 ρωμένος
640 2983 1067 3054 ὁμολογούμενος
1113 2989 1206 3041 καὶ
1250 2987 1601 3058 καλούμενος,
1632 2993 1792 3055 αὐτὸς
1839 3013 1952 3048 τοι-

2077 499 2144 552 dc
2177 515 2342 556 cruce
2365 503 2690 573 insipientes
2727 507 2929 572 rident,
2958 508 3340 579 blasphemant
3399 529 3530 570 vero
3559 513 3664 572 Ju-

2073 590 2198 656 dmi,
2255 594 2648 664 atheorumque
2699 597 2790 651 alii
2842 599 3036 666 multi;
3071 601 3162 656 sed
3223 603 3550 660 erubescant
3605 607 3660 661 in

2073 697 2270 736 vanum
2313 697 2618 753 peccantes.
2653 687 2858 744 Christi
2924 705 3110 756 cruce,
3144 692 3316 750 livore
3369 704 3426 749 et
3481 708 3660 753 morte

2072 777 2308 843 amplius
2337 791 2562 849 apparet
2597 781 2768 850 ipsius
2789 785 3002 840 virtutis
3033 795 3086 840 et
3111 787 3414 848 divinitatis
3443 793 3658 856 magni-

2073 869 2316 924 ﬁcentia.
2355 869 2419 925 Ει
2449 872 2570 928 vide
2601 874 2731 944 quid
2763 877 3002 944 perfecit
3059 881 3360 936 crucifixus
3389 899 3405 938 :
3475 899 3659 940 nonne

2073 959 2452 1030 insipientium
2483 964 2798 1022 Graecorum
2835 985 3050 1024 omnem
3075 988 3238 1027 cruce
3275 973 3478 1041 fugavit
3505 989 3658 1029 erro-

2067 1053 2228 1106 rem?
2260 1070 2442 1110 nonne
2491 1059 2816 1114 atbeismum
2838 1076 3052 1116 onmem
3075 1064 3321 1132 expulit?
3347 1065 3480 1130 Quis
3511 1082 3656 1120 nunc

2047 1147 2368 1200 «nullorum
2415 1149 2640 1205 deorum
2674 1151 2844 1207 cultui
2907 1153 3256 1210 inserviens?
3317 1155 3450 1222 Quis
3487 1159 3655 1212 maris

2065 1247 2120 1290 et
2153 1239 2428 1308 syltarum
2498 1242 2690 1298 bestiis
2745 1244 2990 1298 divinum
3049 1245 3287 1302 oﬂ'erens
3343 1248 3656 1302 honorem?

2062 1327 2253 1384 Nonne
2342 1333 2642 1387 alienorum
2702 1335 3036 1404 sapientium
3095 1337 3344 1394 insanam
3407 1341 3647 1395 convicit

2065 1421 2392 1488 sapientiam
2419 1425 2442 1476 ?
2469 1424 2662 1480 Nonne
2691 1427 3141 1498 philosophorum
3197 1431 3431 1499 ineptias
3467 1441 3650 1486 tacere

2061 1513 2286 1582 coegit?
2339 1513 2645 1570 Piscatores
2719 1519 2964 1573 crucifixi
3042 1523 3268 1590 apostoli
3321 1525 3644 1578 cruciﬁxum

2055 1603 2228 1664 Deum
2262 1606 2505 1660 conﬁteri
2553 1609 2809 1664 omnibus
2849 1621 3166 1666 suaserunt.
3214 1613 3314 1668 Ubi
3351 1631 3494 1668 nunc
3529 1617 3648 1670 ido—

2057 1699 2233 1754 lorum
2299 1701 2626 1770 templum?
2703 1703 2793 1755 ubi
2855 1699 3054 1756 idofum
3122 1705 3510 1759 maledictum?
3555 1706 3646 1760 ubi

2060 1781 2340 1844 oracultﬁn
2374 1791 2396 1844 ?
2430 1792 2518 1845 ubi
2583 1791 2899 1845 anitnalium
2936 1801 2988 1846 et
3021 1793 3308 1847 hominum
3375 1794 3644 1848 sacrillcia

2059 1893 2113 1936 et
2145 1883 2284 1936 ritus
2313 1883 2620 1937 daamonum
2673 1885 2916 1954 impuri?
2951 1884 3039 1937 ubi
3073 1899 3218 1940 nunc
3247 1886 3300 1938 in
3334 1885 3464 1938 orbe
3489 1901 3644 1952 qum--

2059 1974 2142 2030 vis
2177 1975 2278 2027 alia
2311 1975 2510 2028 diaboli
2547 1984 2600 2029 et
2633 1975 2750 2044 ejus
2801 1990 3024 2043 cperunt
3089 1976 3382 2030 aaloratio?
3429 1976 3668 2031 Cuncta-

2061 2063 2462 2118 hmcdcstruxit
2513 2063 2808 2117 cruciﬁxus
2867 2072 2922 2118 et
2979 2063 3254 2118 daemones
3317 2064 3468 2134 fugat
3525 2065 3642 2120 sola

2061 2155 2242 2208 crucis
2277 2155 2446 2224 ﬁgura
2475 2171 2612 2225 quos
2641 2166 2800 2209 antea
2827 2156 2960 2208 deos
3001 2157 3278 2211 habebant
3323 2157 3497 2212 Graeci
3526 2175 3539 2212 :
3575 2159 3626 2211 in

2058 2261 2168 2314 quo
2195 2245 2542 2314 potissimum
2598 2245 2734 2298 mira
2789 2245 3036 2316 cruciﬁxi
3091 2247 3284 2309 virtus,
3353 2245 3499 2314 quod
3557 2247 3638 2302 sic

2058 2353 2266 2408 egenus
2313 2339 2486 2403 visus,
2522 2338 2704 2393 carnis
2739 2345 3059 2406 paupertate
3092 2338 3319 2392 vestitus
3346 2347 3400 2391 et
3437 2339 3638 2391 mundo

2059 2431 2343 2486 modestus
2386 2447 2658 2501 apparens
2710 2432 2763 2485 et
2821 2447 3040 2501 pauper
3079 2447 3143 2485 ac
3197 2434 3485 2488 damnatus
3541 2434 3636 2502 qui

2057 2533 2272 2578 crucem
2297 2532 2640 2591 mortemque
2689 2531 2994 2592 pateretur,
3021 2533 3185 2591 atque
3215 2525 3293 2576 sic
3321 2541 3350 2578 ιι
3391 2523 3640 2593 discipu-

2058 2615 2124 2668 lis
2150 2613 2440 2668 crucilixus
2501 2611 2850 2682 confessione
2893 2615 3259 2681 proclamatus
3287 2623 3341 2667 et
3382 2623 3632 2682 vocatus,

2057 2709 2172 2779 ipse
2209 2717 2418 2763 tantum
2476 2707 2650 2760 Valeat
2681 2715 2738 2760 ut
2769 2707 2954 2759 orbem
2997 2705 3062 2760 ad
3129 2707 3370 2776 seipsum
3429 2709 3628 2773 trahat,

2057 2803 2174 2857 sine
2205 2801 2404 2870 gladio,
2435 2799 2597 2864 bello,
2632 2798 3094 2868 possessionibus,
3137 2799 3342 2854 divitiis
3400 2799 3632 2872 aliisque

2025 2907 2028 2910 '
2059 2893 2112 2946 in
2150 2893 2350 2962 quibus
2376 2906 2636 2961 prospere
2674 2889 2988 2945 hominibus
3035 2891 3300 2956 succedit,
3329 2905 3442 2944 non
3497 2906 3631 2946 suos

2057 2985 2356 3040 secundum
2391 2999 2606 3036 carnem
2633 2983 2684 3035 iu
2719 2981 3064 3036 dilectionem
3089 2982 3369 3036 attrahens
3393 2992 3626 3052 tantum,

367 3072 506 3126 αὕτα
523 3073 680 3142 301
707 3075 897 3144 ίσχύει.
933 3075 1072 3130 ὥστε
1094 3077 1184 3130 τὸν
1211 3081 1416 3146 κόσμον
1449 3083 1626 3136 ἕλκειν
1648 3087 1726 3146 είς
1753 3087 1946 3140 ἑαυτὸν

2059 3075 2150 3129 sed
2183 3083 2237 3128 et
2272 3073 2532 3127 mundum
2557 3072 2904 3126 universum.
2931 3071 3144 3140 Moyses
3177 3072 3394 3140 quidem
3437 3073 3625 3128 eodem

363 3161 486 3233 δίχα
507 3166 803 3234 μαχαίρας,
838 3168 960 3237 δίχα
993 3170 1249 3238 πολέμου,
1277 3172 1490 3237 ἐξουσία
1515 3178 1744 3246 ςχωρὶς,
1782 3179 1944 3232 πλού-

363 3269 482 3316 του,
513 3255 734 3308 καὶτῶν
755 3257 950 3320 ἀλλων,
975 3259 1032 3311 ἐν
1057 3255 1136 3322 οἷς
1167 3263 1522 3332 κατορθοῦσιν
1548 3266 1846 3333 ἄνθρωποι,
1877 3272 1938 3322 οὗ

363 3347 490 3408 τοὺς
517 3346 580 3400 ὲκ
599 3348 786 3415 γένους
813 3352 892 3411 εἰς
913 3351 1192 3421 ἀγάπησιν
1216 3355 1578 3424 ἐφελκόμενος
1597 3359 1778 3427 μόνον,
1807 3361 1942 3414 ἀλλά

365 3439 462 3492 καῖ
490 3439 580 3492 τὸν
617 3441 822 3510 κόσμον
849 3442 1085 3499 ἅπαντα.
1118 3447 1324 3516 Μωσῆς
1364 3449 1464 3516 μὲν
1489 3451 1599 3520 γάρ
1635 3452 1764 3513 τοὺς
1795 3453 1939 3506 κατὰ

363 3533 524 3598 γένος
551 3531 718 3603 αὐτῷ,
755 3536 850 3589 καὶ
879 3535 1084 3612 τούτων
1117 3539 1282 3608 μέρος
1310 3539 1563 3608 ὠφέλησε
1604 3541 1778 3612 βραχύ
1801 3559 1816 3576 ο
1857 3545 1940 3596 ὅτι

365 3623 460 3674 καὶ
497 3621 782 3689 ἄνθρωπος
815 3609 1070 3694 Μωῦσῆς,
1101 3629 1193 3680 καὶ
1220 3626 1318 3680 τοῦ
1355 3609 1614 3700 Σωτῆρος
1637 3609 1722 3694 είς
1735 3609 1936 3700 τύπον,

364 3712 462 3766 καὶ
507 3713 534 3765 6
577 3713 752 3777 δοθεὶς
790 3715 941 3786 αὒτῷ
969 3717 1152 3785 νόμος,
1183 3719 1420 3788 σκιώδης
1458 3722 1554 3774 καὶ
1597 3724 1812 3794 ἀτελὴς.
1843 3731 1937 3781 καὶ

363 3803 490 3864 τοὺς
517 3804 624 3856 ἀπδ
653 3803 852 3858 Ἰακὼϐ
879 3806 1088 3868 πάντας
1108 3809 1459 3876 οἰκονομῆσαι
1488 3809 1561 3878 μὴ
1589 3811 1834 3880 δυνηθείς
1861 3831 1874 3845 ·
1907 3816 1936 3866 6

360 3895 418 3946 δὲ
443 3896 698 3964 Χριστὸς,
752 3897 874 3961 Υἱὸς
907 3897 982 3952 ὢν
1009 3899 1145 3952 Θεοῦ
1191 3902 1286 3954 καὶ
1334 3899 1443 3956 τῶν
1490 3901 1628 3956 ὅλων
1669 3903 1824 3967 Θεὸς.
1869 3907 1936 3960 τὰ

359 3986 488 4055 ἔθνη
537 3987 738 4052 πάντα,
774 3989 866 4041 καὶ
897 3989 1054 4057 γένος
1079 3990 1250 4054 ἅπαν,
1287 3993 1381 4045 καὶ
1427 3992 1678 4059 γλῶσσαν
1713 3997 1934 4052 ἃπασαν

359 4081 454 4132 καὶ
484 4077 654 4147 φυλὴν
679 4080 1062 4150 προσηγάγετο
1083 4096 1098 4108 ·
1133 4083 1224 4135 καὶ
1255 4083 1486 4146 ἕκαστος
1517 4086 1624 4136 ἀπ’»
1649 4086 1742 4138 τοῦ
1765 4087 1930 4138 τόπου

358 4171 528 4226 αὐτοῦ
579 4171 665 4225 διὰ
695 4173 794 4240 τῆς
829 4173 1076 4242 γλώσσης
1115 4174 1281 4227 αὖτοῦ
1305 4173 1516 4238 δοξάζει
1547 4176 1637 4229 τδν
1670 4177 1804 4229 Θεὸν
1839 4178 1932 4229 καὶ

361 4265 598 4334 Πατέρα,
653 4265 713 4318 ὃν
745 4267 844 4318 οὐκ
875 4265 989 4336 ⁴ᾔδει
1019 4266 1307 4336 πρότερον,
1331 4266 1418 4320 διὰ
1465 4266 1560 4320 τοῦ
1610 4268 1929 4336 μονογενοῦς

355 4355 534 4424 Λόγου
568 4355 662 4409 τοῦ
694 4357 857 4428 σαρκὶ
911 4358 1316 4427 σταυρωθέντος
1361 4358 1716 4428 καταμαθών.
1759 4360 1928 4413 Τοῦτο

2050 3180 2247 3232 genere
2281 3165 2414 3218 ortis
2443 3171 2498 3218 et
2525 3163 2718 3216 horum
2761 3163 2900 3230 parti
2962 3163 3175 3218 cuidam
3207 3165 3394 3232 operae
3437 3179 3626 3233 parum

2047 3257 2300 3318 contulit,
2329 3257 2528 3326 quippe
2575 3255 2665 3323 qui
2707 3256 2871 3308 homo
2933 3263 3050 3308 erat
3099 3265 3162 3310 et‘
3208 3256 3260 3310 in
3318 3256 3626 3314 Salvatoris

2047 3353 2239 3417 ligura,
2271 3359 2325 3402 et
2359 3349 2444 3402 let
2483 3347 2586 3417 ipsi
2609 3348 2732 3400 data
2767 3348 3014 3400 umbram
3044 3347 3247 3403 habens
3272 3357 3326 3402 et
3360 3349 3619 3418 imperfe-

2043 3443 2300 3498 ctioncm.
2359 3437 2528 3493 Jacob
2569 3441 2706 3494 illius
2774 3440 2826 3492 in
2863 3439 3084 3492 domum
3137 3439 3230 3492 Dei
3279 3440 3624 3495 introducere

2049 3528 2331 3596 nequibat.
2366 3527 2621 3580 Christus
2649 3542 2774 3582 vero
2811 3527 2904 3581 υυί
2941 3529 3134 3590 Filius,
3183 3539 3622 3599 cunctoruuique

2043 3613 2188 3670 Deus
2220 3631 2437 3671 omnem
2471 3617 2728 3686 populum
2771 3626 2826 3670 et
2855 3616 3114 3688 familiam
3183 3627 3237 3670 ct
3300 3619 3538 3686 linguam
3567 3627 3623 3671 ei.

2052 3709 2250 3764 tribum
2285 3707 2608 3770 introduxit,
2643 3715 2696 3762 et
2735 3710 3109 3775 unusquisque
3147 3707 3212 3762 de
3245 3708 3368 3762 loco
3394 3723 3494 3763 suo
3524 3723 3622 3776 per

2039 3799 2280 3868 linguam
2312 3815 2464 3852 suam
2497 3798 2663 3852 Deum
2693 3797 2962 3868 gloriﬁcat
2989 3797 3206 3855 Patrem
3241 3815 3402 3867 quem
3456 3808 3618 3854 antea

2039 3903 2144 3942 non
2176 3896 2424 3949 noverat,
2447 3889 2516 3942 ab
2539 3887 2821 3957 unigenito
2856 3887 3029 3942 Verbo
3071 3889 3124 3942 in
3163 3904 3329 3944 carne
3391 3891 3616 3944 cruciﬁ-

2037 3997 2104 4035 xo
2151 3983 2366 4036 doctus.
2421 3981 2558 4036 Illud
2607 3981 2750 4035 enim
2806 3990 3218 4036 sacrosanctum
3280 3997 3500 4051 corpus,
3529 3991 3618 4036 ut-

2037 4085 2158 4146 pote
2195 4075 2287 4128 Dei
2319 4074 2480 4128 Verbi
2503 4089 2703 4142 corpus
2749 4072 2798 4126 ei
2841 4075 3057 4134 unitum
3102 4075 3308 4144 absque
3346 4075 3616 4132 divisione

2031 4181 2086 4222 et
2109 4166 2460 4230 confusione,
2487 4175 2662 4219 totum
2695 4165 2936 4219 divinum
2974 4174 3029 4220 et
3051 4165 3227 4220 solum
3268 4166 3532 4224 innocens
3559 4176 3616 4222 et

2035 4267 2287 4314 sant-tum
2318 4275 2415 4328 pro
2455 4257 2634 4312 Patris
2666 4257 2984 4312 adoratione
3017 4258 3300 4328 saluteque
3335 4268 3520 4315 nostra
3544 4261 3610 4314 ad

1990 4341 1998 4360 '
2037 4349 2389 4404 moriendum
2411 4363 2506 4416 per
2531 4363 2720 4403 manus
2751 4346 3032 4402 hominum
3063 4345 3404 4418 dat'nnatunt,
3439 4350 3615 4404 liben-

355 4451 464 4516 γὰρ
509 4449 570 4502 τὸ
609 4427 878 4517 πανάγιον
909 4449 1068 4519 σῶμα
1113 4452 1189 4514 ὡς
1221 4451 1315 4504 τοῦ
1343 4450 1478 4503 Θεοῦ
1511 4427 1694 4519 ίΛόγοιι·
1743 4452 1926 4518 σῶμα,

2048 4455 2116 4498 Ler
2143 4442 2210 4496 ab
2238 4441 2538 4512 accipiente
2565 4438 2747 4496 Verbo
2768 4440 2916 4495 Patri
2947 4439 3188 4494 oblatum
3213 4442 3440 4512 solaque
3465 4457 3596 4512 pura

353 4543 506 4614 αὐτῷ
541 4543 738 4596 ὲνωθὲν
763 4544 1084 4614 ἀδιαιρέτως
1109 4563 1168 4597 τε
1205 4545 1300 4598 καὶ
1332 4545 1613 4612 ἀφύρτως,
1645 4545 1786 4597 θεῖον
1811 4545 1932 4597 ὅλον

355 4635 452 4687 καὶ
480 4635 868 4704 ἀναμάρτητον
901 4636 1059 4705 μόνον
1093 4637 1184 4690 καὶ
1211 4637 1364 4702 ἅγιον
1395 4636 1474 4701 ὂν,
1511 4636 1650 4706 ὑπὲρ
1677 4637 1774 4704 τῆς
1799 4639 1930 4705 ὁμο-

349 4727 542 4795 λογίας
576 4727 670 4781 τοῦ
705 4728 938 4798 Πατρδς,
974 4729 1065 4780 καὶ
1095 4727 1194 4794 τῆς
1237 4729 1394 4797 ἡμῶν
1442 4735 1717 4798 σωτηρίας
1759 4746 1929 4780 κατα-

351 4821 542 4891 κριθέν
574 4821 666 4873 ὑπ’
693 4819 996 4890 ἀνθρώπων
1030 4821 1346 4885 ἀποθανεῖν,
1378 4822 1642 4883 ἑκουσίως
1689 4821 1794 4874 ὑπὸ
1832 4819 1926 4874 τοῦ

351 4907 610 4960 λαϐόντος
666 4907 817 4978 αὐτῷ
875 4908 1050 4976 Λόγου
1075 4909 1160 4978 ⁷τῷ
1195 4910 1370 4978 Πατρὶ
1419 4909 1800 4982 προσηνέχθη*
1835 4911 1930 4964 καὶ

350 5006 518 5051 ουσία
577 4999 712 5070 μόνη
769 4999 988 5068 καθαρὰ
1037 5001 1198 5054 τοῦτο
1238 5001 1376 5070 ὑπὲρ
1409 5001 1662 5054 ἁπάντων
1691 5002 1881 5071 γέγονε
1913 5019 1926 5033 ·

349 5091 448 5148 καὶ
493 5089 664 5143 θέλων
715 5090 918 5144 ἔπαθεν
976 5092 1004 5144 6
1041 5093 1344 5163 Δεσπότης,
1381 5093 1488 5146 τῶν
1521 5095 1776 5166 πονηρῶν
1830 5095 1930 5163 μὲν
1989 5153 1994 5160 _

349 5181 820 5252 ἐπιδεικνυμένων
854 5183 924 5236 τὰ
958 5183 1190 5248 ἑαυτῶν,
1226 5186 1322 5238 καὶ
1366 5187 1466 5248 τὰς
1496 5183 1686 5254 ὕϐρεις
1732 5187 1930 5252 ὲπιφε·

355 5275 560 5348 ρόντων
593 5277 690 5330 καὶ
743 5279 844 5340 τὰς
896 5277 1113 5348 πληγὰς
1142 5279 1355 5332 καὶτὸν
1394 5279 1644 5344 θάνατον,
1677 5277 1846 5332 αὑτοῦ
1873 5277 1928 5330 δὲ

349 5366 450 5420 τοῦ
487 5367 738 5438 Σωτῆρος
796 5369 868 5422 τά
931 5369 1098 5424 αὐτοῦ
1148 5369 1288 5440 ὑπὲρ
1346 5369 1504 5440 ἡμῶν
1555 5367 1927 5440 ἐνεργοῦντος.

343 5457 522 5512 ⁸Ὅθεν
551 5457 644 5512 ἐπὶ
679 5456 776 5516 τοῦ
823 5457 1060 5530 σταυροῦ
1092 5459 1384 5528 ἐκκέχυται
1418 5459 1515 5527 μὲν
1550 5457 1611 5510 τδ
1650 5453 1790 5528 αἷμα
1827 5459 1926 5511 αὑ-

351 5547 472 5611 τοῦ,
507 5549 606 5621 τὴν
657 5551 712 5604 δὲ
757 5550 884 5619 γῆν,
916 5553 1006 5605 τὸν
1038 5551 1198 5621 ἀέρα,
1240 5551 1335 5604 καὶ
1364 5551 1546 5614 πᾶσαν
1600 5551 1697 5620 τὴν
1753 5549 1930 5602 κτίσιν

351 5643 607 5712 ἡγίασεν,
637 5645 712 5706 ὡς
745 5646 1012 5712 πανάγιον
1057 5638 1200 5711 αἷμα
1234 5640 1326 5695 τοῦ
1365 5642 1618 5710 σώματος
1669 5641 1760 5696 τοῦ
1795 5659 1932 5694 παν-

2034 4549 2131 4604 pro
2161 4535 2417 4588 omnibus
2449 4535 2624 4587 hostia
2651 4532 2850 4587 factum
2882 4541 2984 4588 est.
3054 4531 3116 4586 Et
3148 4544 3342 4603 sponte
3415 4547 3614 4603 passus
3641 4569 3646 4572 -

2003 4637 2123 4688 -est
2149 4629 2448 4692 Dominus;
2479 4629 2635 4682 malis
2657 4642 2776 4698 qua:
2806 4623 2936 4698 ipsis
2958 4630 3010 4680 in
3041 4628 3226 4682 animo
3259 4632 3615 4684 erantoste'n-

2030 4721 2304 4784 dentibus,
2342 4721 2588 4786 injurias,
2615 4719 2844 4788 plagas,
2874 4727 3099 4772 mortem
3161 4720 3607 4788 congerentibus,

2033 4811 2314 4868 Salvatore
2340 4827 2464 4865 vero
2489 4825 2608 4879 quae
2628 4811 2802 4878 ipsum
2825 4809 3090 4863 docebant
3111 4808 3376 4880 pronobis
3393 4817 3606 4880 agente.

2039 4905 2248 4960 Exinde
2273 4906 2326 4957 in
2354 4917 2514 4956 cruce
2547 4901 2701 4956 fusus
2729 4901 2949 4968 sanguis
3002 4901 3119 4968 ejus
3176 4912 3392 4966 terram,
3425 4916 3607 4956 acrem

2039 5005 2093 5051 et
2125 5006 2302 5050 creata
2338 5003 2531 5046 cunt-ta
2583 4991 2968 5056 sanctilicavit,
3001 5001 3256 5061 tanquam
3318 5006 3598 5047 sacrosan-

2037 5099 2158 5142 ctus
2185 5085 2433 5154 corporis
2462 5083 2664 5152 ubique
2686 5082 3006 5137 exsismntis
3037 5081 3199 5138 Verbi
3221 5083 3474 5153 Sanguis;
3500 5092 3612 5139 sta-

2039 5180 2132 5234 tim
2162 5193 2290 5249 crgo
2313 5179 2530 5232 ablutus
2589 5178 2878 5231 innovatus
2923 5184 3009 5231 est
3069 5177 3256 5242 homo,
3287 5186 3341 5232 et
3370 5193 3400 5232 e
3439 5179 3610 5236 latere

2035 5287 2234 5341 aquam
2268 5286 2390 5326 cum
2416 5271 2682 5341 sanguine
2711 5267 2998 5323 eﬂundens
3028 5267 3303 5333 Christus,
3340 5269 3429 5322 illa
3487 5271 3608 5340 qui-

2034 5367 2157 5420 dem
2189 5363 2534 5419 accedentem
2594 5369 2831 5430 reparat,
2893 5359 2996 5414 hoc
3049 5375 3178 5415 vero
3226 5361 3506 5429 virilicat;
3551 5371 3606 5418 et

2038 5457 2216 5510 omnis
2304 5466 2446 5509 terra
2505 5463 2560 5507 et
2623 5453 2802 5523 lingua
2898 5465 3043 5505 nunc
3092 5448 3374 5505 Chrismm
3433 5452 3604 5508 conli-

2035 5557 2198 5603 tctur.
2240 5545 2372 5600 Tam
2415 5546 2550 5600 mira
2581 5552 2858 5613 tantaque,
2885 5527 2998 5614 ‘qui
3041 5541 3309 5596 mirabilia
3356 5541 3479 5599 facit
3510 5559 3609 5616 per

2036 5655 2251 5696 crucem
2282 5645 2540 5708 operatus
2565 5645 2672 5691 est.

354 5737 522 5808 ταχοῦ
553 5739 707 5802 ὄντος
754 5737 949 5808 Λόγου.
985 5736 1162 5801 Εὐθὺς
1201 5731 1294 5792 οὖν
1330 5736 1650 5804 ἔκπλνθεὶς,
1737 5735 2104 5808 ἁνεμορφὼθη
2159 5735 2185 5787 6
2245 5733 2566 5805 ἄνθρωπος·
2624 5732 2720 5786 καὶ
2779 5730 2921 5804 ὕδωρ
2979 5733 3078 5788 σὺν
3131 5731 3320 5802 αίματι
3407 5729 3608 5803 ῥεύσας
