4094 6194
373 254 478 315 ΤΠ
1447 267 1872 337 EXPOSITIO
1911 277 2158 341 SACBI
2215 282 2569 347 SYMBOLI.
3556 299 3663 366 778

373 372 580 484 xal'é'zt
624 377 653 428 6
700 377 915 446 τριττὺς
967 380 1227 453 ὠφελήθη
1275 384 1504 458 κόσμος,
1535 393 1565 445 ο
1611 394 1802 464 νσητὺς
1834 395 1940 466 ἦτοι

2062 397 2156 468 qui
2185 413 2281 468 per
2313 397 2622 458 Salvatoris
2651 404 3138 476 resurrectionem,
3164 409 3453 470 Trinitatis
3475 429 3662 484 perec-
3717 437 3722 444 ε

370 467 421 563 oi
462 466 708 563 ἀγγελοι,
751 471 779 522 6
817 471 1099 542 σίσθητδς,
1138 475 1206 530 τά
1244 477 1501 550 ὁρώμενα
1552 483 1778 559 δηλαδὴ,
1810 491 1940 543 atati

2059 493 2140 563 pit
2171 493 2482 558 scientiam,
2507 495 2632 552 ideo
2653 497 2818 552 trium
2847 499 3060 554 dierum
3081 504 3448 559 resurrectio:
3479 505 3660 563 art-bis

368 559 430 627 ἐξ
455 561 660 632 ἀμφοῖν
692 563 900 658 τούτων
938 567 967 617 6
1001 568 1311 639 ἄνθρωπος,
1345 573 1405 638 ὃς
1451 575 1548 628 καὶ
1573 576 1661 632 διὰ
1697 581 1800 647 τῆς
1830 581 1940 635 ἀναι

2058 600 2188 656 ergo
2268 586 2804 658 incorruptibilitatis
2873 569 3175 648 Salvatoris
3251 596 3662 654 resurrectione

371 655 614 717 στάσεως
648 655 744 708 τοῦ
795 657 1048 730 Σωτῆρος
1087 663 1188 734 τὴν
1225 665 1431 732 γνῶσιν
1460 667 1623 724 ἔλαϐε
1661 673 1760 742 τῆς
1787 674 1940 743 rma.

2057 655 2300 748 acceptis
2330 655 2581 735 homo—in
2645 682 2833 736 mundi
2882 683 3104 754 quidem
3161 687 3391 743 visibilis
3424 691 3528 745 line
3555 692 3661 745 im-

366 747 497 811 δοςο
538 749 840 820 τριήμερος
897 753 930 822 ἠ
985 753 1307 820 ἀνάστασις.
1368 758 1725 830 Ἀῤῥαϐῶνας
1777 764 1940 820 τοίνυτ

2063 747 2392 838 mutabitur,
2415 780 2470 827 et
2505 747 3080 845 incorruptibilitatem
3119 777 3502 836 lmreditabit:
3540 783 3656 852 ipsa

365 841 468 909 τῆς
503 842 812 911 ἀφθαρσίας
839 844 1127 918 ἄνθρωπος
1148 851 1215 920 τῇ
1245 851 1543 908 ἀναστάσει
1574 855 1668 911 τοῦ
1697 857 1940 928 Σωτῆρος

2063 864 2211 919 enim
2229 873 2485 919 creatura
2516 865 2860 931 liberabitur,
2893 879 2950 921 ιιι
2974 869 3201 936 dicitur,
3233 886 3262 925 a
3285 875 3657 944 corruptionis

367 933 571 999 λαϐὼν,
631 937 688 988 ἐν
731 937 802 1008 τᾷ
861 939 1006 994 τέλει
1072 945 1217 1012 μετά
1271 943 1364 999 τοῦ
1417 947 1698 1018 ὁρωμένου
1743 951 1954 1022 κόσμου

2067 959 2354 1022 servitute,
2388 959 2440 1012 in
2474 959 2783 1015 libertatem
2823 961 3008 1031 glorire
3041 963 3277 1018 ﬁliorum
3321 966 3439 1022 Dei.

362 1027 1102 1132 §}.%Otu:0ﬁ{31?t,‘xalAth‘l
1153 1038 1470 1108 ἀφθαρσίαν
1517 1042 1948 1117 κληρονομήσει.
1991 1049 2103 1104 Kal.
2172 1051 2315 1123 αὐτὴ
2372 1052 2482 1124 γὰρ
2533 1053 2566 1123 ἠ
2621 1055 2802 1118 κτίσις
2828 1027 3382 1127 ⁷ἐλευθερωθήσεται,
3460 1061 3651 1132 φησὶν,

361 1128 472 1179 ἀπὸ
508 1128 606 1194 τῆς
655 1128 900 1193 δουλείας
945 1130 1045 1200 τῆς
1099 1132 1311 1203 φθορᾶς
1358 1136 1440 1201 είς
1479 1138 1581 1208 τὴν
1626 1139 1944 1214 ἐλευθερίαν
1976 1147 2078 1217 τῆς
2112 1143 2272 1216 δόξης
2310 1146 2418 1202 τῶν
2448 1147 2652 1203 τέκνων
2680 1151 2773 1204 τοῦ
2801 1150 2958 1206 Θεοῦ.

467 1239 576 1292 Καὶ
608 1240 961 1296 ἀναστάντα
1132 1248 1302 1334 τρίτῃ
1332 1250 1524 1320 ἡμέρᾳ
1551 1253 1705 1309 κατὰ
1737 1256 1842 1321 τὰς

1073 1333 1290 1370 οαςοαιι.

1109 1334 1290 1374 atoue.

1021 1333 1047 1370 ι
1063 1333 1290 1387 Ῥαφας.

435 1403 577 1458 nam
601 1407 968 1475 κηρύττουσιν
991 1410 1042 1463 oi
1085 1412 1347 1482 Πατέρες,
1372 1415 1448 1476 ὡς
1474 1418 1576 1472 οὐκ
1608 1418 1704 1485 ἀφ’
1734 1418 1948 1472 ἑαυτῶν

357 1500 553 1562 ταῦτα,
591 1497 708 1553 ἀλλ’
742 1501 806 1553 ἐκ
850 1502 958 1555 τῶν
987 1503 1225 1574 Γραφῶν
1269 1506 1512 1574 λέγουσι,
1549 1511 1646 1564 καὶ
1677 1511 1763 1566 ὅτι
1807 1528 1947 1583 προ-

358 1594 529 1661 φῆται
593 1595 689 1648 καὶ
752 1593 1040 1650 ἀπόστολοι
1104 1599 1314 1654 τούτων
1368 1603 1683 1674 μάρτυρες,
1735 1605 1785 1658 oi
1845 1605 1945 1674 μὲν

357 1687 703 1752 πράγμασιν,
743 1688 793 1740 οἱ
826 1688 894 1760 δέ,
917 1688 1210 1760 γράμμασι
1249 1691 1321 1745 τὰ
1361 1695 1495 1764 περὶ
1528 1695 1628 1765 τῆς
1677 1695 1948 1758 ἐλεύσεως

2197 1255 2503 1313 Resurrexit
2545 1263 2702 1316 tertia
2731 1263 2814 1318 die
2848 1265 3137 1321 secundum
3176 1267 3505 1326 Scrioturas.

2118 1413 2386 1471 Omnibus
2447 1419 2786 1485 proclamant
2857 1421 3072 1485 Patres,
3131 1434 3390 1497 tanquam
3448 1445 3557 1482 non
3618 1446 3651 1485 ιι

2055 1505 2275 1575 scipsis,
2307 1509 2400 1563 sed
2456 1527 2487 1559 e
2516 1508 2838 1579 Scripturis,
2877 1522 2932 1568 et
2977 1516 3210 1570 testibus
3262 1519 3542 1588 prophetis
3596 1531 3652 1574 et

2067 1602 2352 1670 apostolis.
2404 1602 2459 1657 lii
2515 1601 2694 1668 factis,
2722 1604 2940 1674 scriptis
2991 1607 3092 1672 illi,
3134 1625 3256 1677 qua:
3316 1611 3382 1665 de
3442 1611 3648 1668 Christi

2053 1694 2450 1764 redemptione,
2490 1694 2623 1758 vita,
2665 1705 2840 1753 morte
2869 1709 2922 1750 et
2977 1701 3384 1756 resurrectione
3435 1718 3654 1760 annuo.-

355 1781 453 1833 τοῦ
505 1779 745 1848 Χριστοῦ
791 1782 884 1835 καὶ
931 1781 1099 1851 ζωῆς,
1132 1787 1226 1838 καὶ
1274 1785 1368 1841 τοῦ
1415 1787 1654 1845 θανάτου
1701 1791 1794 1844 καὶ
1842 1789 1941 1857 τῆς
1977 1773 2018 1831 Β
2047 1789 2202 1842 tiant.

355 1874 709 1942 ἀναστάσεως
737 1877 1220 1946 καταγγείλαντες.

571 1967 684 2021 Καὶ
733 1968 1076 2044 ἀνελθόντα
1104 1973 1194 2039 εις
1232 1973 1378 2040 τοὺς
1412 1978 1732 2046 οὐρανούς.

431 2057 542 2111 Καὶ
573 2051 676 2113 ὧδε
714 2058 777 2112 τὸ
817 2059 963 2130 μέγα
1011 2062 1107 2116 καὶ
1154 2061 1488 2134 θαυμαστόν.
1536 2067 1600 2120 Ἦ
1641 2067 1806 2138 γητνη
1837 2067 1946 2136 γὰρ

354 2151 520 2221 φύσις
549 2153 630 2217 είς
662 2153 755 2208 τὸν
782 2155 896 2210 ἀνω
931 2155 1146 2227 ἀνήχθη
1179 2157 1380 2228 χῶρον.
1421 2159 1482 2213 '0
1523 2161 1634 2229 γὰρ
1663 2161 1946 2214 κατελθὼν

355 2249 498 2316 πρὸς
529 2248 681 2318 ἡμᾶς
710 2251 808 2304 καὶ
844 2250 904 2305 ἐν
931 2250 1011 2322 τῷ
1044 2251 1224 2322 Πατρὶ
1269 2251 1474 2320 μένων,
1505 2254 1671 2319 αὐτός
1705 2257 1822 2309 ἐστι
1852 2255 1946 2309 καὶ

354 2343 382 2396 6
411 2342 638 2409 ἀναϐὰς,
669 2342 732 2398 τδ
773 2345 875 2416 μὲν
918 2344 1141 2414 ὁραθεὶς
1192 2347 1326 2415 ἡμῖν
1365 2349 1431 2417 τῇ
1483 2348 1673 2416 σαρκὶ,
1705 2349 1800 2402 καὶ
1854 2351 1948 2403 ἐπὶ

351 2436 454 2506 τῆς
481 2436 587 2504 γῆς
627 2437 1122 2506 συναναστραφεὶς,
1152 2437 1214 2493 τὸ
1261 2437 1321 2492 δέ
1363 2438 1656 2508 avectam
1700 2440 1840 2508 ὅπερ
1884 2440 1946 2507 ἐξ

354 2529 515 2600 ἡμῶν
549 2531 782 2599 εἰλήφει,
807 2531 905 2584 καὶ⁸
937 2529 1196 2600 ὑπεράνω
1251 2533 1432 2599 πάσης
1463 2533 1641 2602 ἀρχῆς
1672 2535 1765 2586 καὶ
1789 2533 1950 2588 δυνά-

357 2637 507 2687 μεως
535 2620 786 2690 οὐρανίου
817 2621 1063 2692 θέμενος.
1105 2623 1200 2676 καὶ
1232 2622 1594 2692 συνεδριάσας
1623 2621 1703 2692 τῷ
1745 2623 1943 2693 Πατρί.

353 2717 526 2779 Αὐτὸς
572 2717 681 2787 γὰρ
731 2717 1022 2786 ἐγκόλπιος
1055 2717 1133 2771 ὢν
1181 2719 1277 2772 τοῦ
1326 2718 1462 2772 Θεοῦ
1509 2719 1685 2787 Λόγος
1720 2719 1856 2774 αὐτό
1887 2736 1946 2772 τε

353 2809 748 2876 προσελάϐετο,
778 2809 874 2863 καὶ
916 2808 1099 2880 ἐαυτῷ
1151 2809 1339 2880 ἄκρως
1388 2811 1621 2876 ἐνὼσας,
1673 2812 1776 2880 τῆς
1818 2808 1948 2878 ἴσης

356 2901 632 2960 μετέδωκε
689 2902 878 2970 τιμῆς,
911 2901 1217 2970 ἐπειδήπερ
1276 2901 1590 2971 ἀχώριστον
1643 2901 1816 2971 αὐτῷ,
1850 2902 1946 2956 καὶ

352 2994 488 3067 [διον
513 2994 677 3047 αὐτοῦ
711 2993 1120 3064 κατειργάσατο
1161 2995 1346 3065 σῶμα,
1373 2996 1468 3049 καὶ
1499 2991 1580 3061 εἷς
1609 2999 1638 3051 6
1682 2996 1848 3059 αὐτὸς
1875 2998 1944 3067 τῇ

2517 1971 2584 2027 Et
2612 1973 2850 2028 ascendit
2886 1976 2939 2029 in
2989 1976 3162 2032 calas.

2122 2063 2261 2120 Ecce
2298 2080 2555 2136 magnum
2589 2075 2644 2122 et
2689 2067 2933 2122 mirum:
2993 2070 3270 2126 terrestris
3332 2080 3526 2126 natura
3591 2071 3648 2126 in

2050 2155 2217 2209 altum
2251 2156 2487 2211 adducta
2519 2164 2604 2212 est
2629 2157 2848 2224 locum;
2886 2173 3012 2212 nam
3055 2161 3147 2232 qui
3180 2163 3246 2215 ad
3283 2177 3384 2218 nos
3412 2162 3650 2219 descen-

2048 2247 2129 2302 dit
2158 2250 2212 2302 in
2255 2247 2413 2304 Patre
2447 2248 2623 2304 adhuc
2655 2265 2912 2315 manens,
2946 2249 3064 2320 ipse
3112 2261 3192 2306 est
3233 2253 3327 2322 qui
3377 2255 3647 2319 ascendit,

2050 2350 2163 2396 tum
2199 2341 2255 2395 in
2283 2355 2449 2396 carne
2481 2341 2631 2396 visus
2657 2355 2686 2394 a
2719 2341 2878 2398 nobis
2908 2352 2962 2399 et
2983 2358 3149 2414 super
3181 2352 3386 2402 terram
3416 2363 3652 2403 conver-

2049 2445 2224 2497 satus,
2256 2442 2370 2486 tum
2406 2433 2627 2489 elevans
2649 2435 2794 2504 quod
2836 2435 2905 2490 de
2965 2437 3126 2492 nobis
3175 2451 3550 2510 assumpserat
3589 2451 3647 2496 et

2049 2541 2214 2595 supra
2281 2541 2496 2581 omnem
2561 2527 2928 2597 principatum
2993 2539 3049 2586 et
3101 2539 3421 2602 potestatem
3477 2535 3647 2590 coele-

2049 2627 2189 2676 stem
2229 2634 2496 2690 reponens
2541 2631 2596 2676 et
2649 2635 2755 2676 uua
2784 2637 2910 2678 cum
2951 2621 3110 2680 Patre
3152 2627 3340 2682 sedere
3395 2627 3646 2684 faciens:

2055 2713 2238 2782 ipsum
2283 2713 2429 2767 cnim
2457 2714 2604 2784 quod
2637 2714 2690 2768 in
2733 2716 2859 2772 sinu
2892 2714 3072 2772 Patris
3103 2727 3187 2773 est
3247 2719 3484 2774 Verbum
3540 2720 3647 2774 hoc

2048 2806 2348 2876 assumpsit
2372 2806 2518 2876 quod
2542 2807 2646 2863 sibi
2709 2808 2869 2878 plene
2923 2809 3135 2865 unitum
3191 2811 3369 2866 eidem
3438 2809 3640 2867 honori

2050 2899 2302 2966 sociavit,
2331 2901 2846 2970 aseinseparabile,
2893 2918 3056 2960 suum
3113 2903 3217 2959 sibi
3260 2903 3388 2959 iecit
3440 2920 3646 2974 corpus

2050 3000 2105 3046 et
2138 3006 2306 3046 unum
2337 3006 2520 3047 secum
2552 2993 2606 3047 in
2658 3008 2916 3064 persona,
2968 2994 3098 3050 licet
3153 2997 3371 3051 naturis
3421 2996 3642 3068 duplex,

360 3087 682 3145 ὑποστάσει.
733 3086 782 3138 εί
839 3085 933 3139 καὶ
977 3086 1204 3149 διπλοῦς
1246 3089 1361 3152 τοῖς
1410 3087 1658 3156 φύσεσιν,
1689 3085 1772 3150 εἷς
1814 3089 1940 3154 Tibi;

2051 3099 2195 3139 unus
2225 3081 2403 3141 Filius
2447 3084 2787 3155 unigenitus,
2821 3103 2964 3142 unus
2992 3086 3246 3148 Christus
3283 3088 3543 3144 Dominus
3586 3089 3640 3142 in

351 3178 672 3246 μονογενὴς,
703 3173 784 3240 εἷς
813 3176 1051 3246 Χριστὸς
1097 3177 1322 3247 Κύριος,
1349 3177 1408 3230 ἐν
1441 3177 1564 3231 δυσὶ
1605 3179 1802 3242 φύσεσι
1847 3180 1940 3234 καὶ

2047 3174 2266 3230 duabus
2321 3176 2537 3232 naturis
2586 3188 2642 3232 et
2700 3179 3115 3248 operationibus
3167 3179 3518 3234 naturalibus
3582 3189 3638 3234 ct

348 3271 657 3341 ἐνεργείαις
683 3272 943 3339 φυσικαῖς
977 3270 1071 3323 καὶ
1103 3270 1360 3340 θελήσεσι
1399 3271 1827 3342 γνωριζόμενος.

488 3364 597 3417 Καὶ
625 3360 1027 3431 καθεζόμενον
1053 3362 1122 3416 ἐκ
1152 3362 1368 3427 δεξιῶν
1404 3364 1512 3418 τοῦ
1548 3363 1799 3432 Πατρός.

422 3459 497 3509 0-5
527 3458 636 3526 γάρ
668 3455 1002 3526 παρίσταται
1052 3458 1172 3526 μετ’
1206 3457 1456 3526 ἀγγέλων
1499 3455 1848 3525 ἐνδεδυμένος
1876 3457 1938 3508 τὸ

350 3549 533 3620 σῶμα.
566 3550 688 3603 οὐδὲ
721 3549 1034 3620 λειτουργεί
1069 3548 1147 3619 τῷ
1187 3549 1362 3617 Πατρί
1382 3565 1399 3579 ο
1435 3551 1938 3620 συμπροσκυνείται

346 3644 402 3696 δὲ
459 3641 683 3710 μᾶλλον.
727 3643 806 3705 ὡς
854 3641 984 3705 Υίδς
1027 3640 1123 3694 τοῦ
1173 3639 1310 3695 Θεοῦ
1361 3641 1458 3693 καὶ
1509 3639 1937 3709 σεσαρκωμένος

351 3737 490 3806 μετὰ
511 3734 723 3798 Πατρός
736 3751 794 3788 τε
813 3733 904 3788 καὶ
924 3731 1068 3787 Πνεῦ
1077 3749 1264 3803 ματος.
1283 3732 1393 3786 Καὶ
1409 3732 1471 3786 οὐ
1494 3731 1849 3799 προστίθεται
1866 3732 1932 3800 τῇ

348 3829 546 3900 Τριάδι
582 3829 915 3898 τοπαράπαν
937 3827 1118 3894 οὐδέν’
1140 3824 1333 3894 ἐπειδὴ
1356 3825 1466 3880 οὐδ’
1489 3824 1652 3887 ἀλλος
1676 3827 1704 3878 6
1724 3840 1937 3892 σαρκω-

347 3922 488 3986 θεὶς,
527 3922 638 3974 ἀλλ’
679 3921 842 3984 αὐτὸς
877 3921 905 3972 6
925 3918 1116 3988 Λόγος,
1144 3919 1172 3971 6
1202 3917 1296 3971 καὶ
1319 3917 1428 3986 πρδ
1455 3915 1549 3970 τοῦ
1581 3917 1936 3987 σαρκωθῆναι

353 4015 530 4084 μένων
555 4014 613 4065 ἐν
646 4013 722 4080 τῷ
749 4011 948 4080 Πατρὶ,
997 4009 1093 4063 καὶ
1124 4007 1438 4080 σαρκωθεὶς
1469 4010 1646 4078 μένων
1678 4010 1708 4062 6
1747 4007 1932 4067 αὐτός.

347 4131 457 4184 Καὶ
489 4129 678 4183 πάλιν
703 4128 1038 4197 ἐρχόμενον
1061 4125 1214 4194 μετὰ
1248 4125 1436 4194 δόξης
1468 4128 1666 4197 κρῖναι
1711 4125 1936 4192 ζῶντας

931 4197 1030 4250 καί
1063 4198 1341 4263 νεκρούς.

420 4293 550 4346 Ὀτε
589 4291 688 4361 μὲν
721 4291 831 4362 γὰρ
873 4293 936 4343 ἐκ
969 4290 1251 4359 Παρθένου
1302 4290 1612 4362 σαρκωθεὶς
1659 4286 1846 4362 ἦλθεν,
1875 4290 1935 4342 ἐν

347 4383 762 4454 ὕπερϐαλλοῦσῃ
813 4383 1060 4454 πτωχείᾳ
1089 4381 1246 4454 ὤφθη
1294 4382 1389 4435 καὶ
1435 4381 1808 4452 ταπεινότητι,
1836 4380 1934 4434 καὶ

2041 3265 2419 3323 voluntatibus
2447 3269 2723 3339 cognitus.

2434 3359 2591 3416 Sedet
2642 3362 2711 3415 ad
2739 3361 3008 3416 dexteram
3044 3361 3249 3417 Patris.

2112 3451 2230 3508 Non
2261 3455 2406 3508 enim
2443 3470 2566 3510 cum
2620 3456 2834 3524 angelis
2892 3457 3252 3510 constituitur
3276 3456 3369 3527 qui
3407 3472 3639 3528 corpore

2039 3547 2273 3601 amictus
2324 3549 2427 3610 est,
2483 3560 2586 3600 nec
2647 3548 2978 3602 sacrificium
3040 3548 3188 3602 Patri
3245 3547 3426 3604 ol'l'ert.
3488 3551 3634 3616 Quin

2039 3634 2204 3701 simul
2239 3634 2502 3688 adoratur
2529 3634 2674 3689 sicut
2728 3636 2821 3690 Dei
2870 3635 3042 3691 Filius
3111 3636 3453 3704 incarnatus,
3509 3653 3635 3693 cum

2041 3725 2201 3780 Patre
2227 3735 2281 3780 et
2321 3725 2529 3793 Spiritu
2565 3741 2578 3790 ;
2615 3742 2714 3781 nec
2737 3725 2991 3781 Triuitati
3025 3727 3269 3796 quolibet
3319 3727 3484 3782 modo
3544 3744 3640 3783 su-

2041 3819 2378 3888 peradditur,
2411 3818 2685 3888 siquidem
2739 3833 2846 3872 non
2897 3820 3038 3874 alius
3084 3827 3167 3873 est
3225 3819 3544 3875 incarnatus
3581 3831 3638 3875 et

2039 3911 2188 3965 aliud
2232 3909 2494 3975 Verbum,
2533 3909 2677 3978 quod
2713 3911 3032 3979 priusquam
3069 3925 3288 3966 carnem
3329 3924 3639 3968 assumeret

2039 4004 2094 4058 in
2123 4003 2281 4059 Patre
2314 4002 2590 4064 manebat,
2625 4003 2952 4056 manebatet
2970 4003 3110 4058 idem
3131 4015 3415 4074 assumpta
3437 4019 3632 4061 carne.

2039 4115 2110 4170 Et
2144 4117 2334 4172 iterum
2366 4123 2615 4170 venturas
2669 4124 2748 4170 est
2804 4132 2922 4170 cum
2981 4117 3151 4186 gloria
3190 4117 3437 4186 judicare
3492 4120 3632 4174 rivos

2660 4196 2709 4240 et
2750 4197 3007 4241 mortuos.

2113 4277 2345 4345 Quando
2387 4293 2417 4332 e
2447 4275 2611 4332 Maria
2643 4279 2864 4348 quidem
2901 4281 3050 4336 venit
3094 4282 3434 4350 incarnatus,
3460 4284 3513 4338 in
3547 4284 3636 4337 ni-

2040 4373 2147 4426 mia
2177 4380 2495 4442 paupertate
2541 4373 2692 4428 visus
2723 4384 2805 4429 est
2837 4381 2895 4429 et
2949 4374 3276 4445 abjectione,
3314 4392 3415 4432 nec
3463 4380 3638 4432 homi-

347 4475 410 4528 οὐ
487 4475 648 4544 μόνον
701 4473 1035 4545 ἀνθρώποις,
1093 4473 1210 4528 ἀλλ’
1264 4472 1377 4526 οὐδ’
1440 4471 1698 4541 ἀγγέλοις
1755 4471 1933 4526 ἅπασι

2044 4465 2208 4521 nibus
2280 4474 2517 4529 tantum,
2551 4480 2654 4520 nec
2705 4466 2866 4520 etiam
2905 4467 3112 4538 angelis
3144 4469 3402 4524 omnibus
3464 4486 3637 4542 agno-

345 4566 590 4636 γνωστδς
626 4560 733 4638 ἦν’
767 4565 862 4618 καὶ
920 4565 1080 4618 τοῦτο
1134 4565 1263 4634 ἄχρι
1314 4565 1406 4617 καὶ
1454 4563 1550 4616 τοῦ
1609 4563 1932 4618 ἀναϐαίνειν

345 4659 460 4712 ἄνω
480 4658 776 4711 τελέσαντα
794 4657 893 4728 τὴν
917 4656 1231 4726 οἶκονομίαν
1257 4657 1438 4712 αὐτόν’
1468 4658 1515 4710 οἱ
1537 4655 1608 4724 γά
1617 4673 1649 4726 ρ
1674 4656 1934 4726 ὑπεράνω

350 4749 426 4821 μὴ
466 4749 827 4819 γινώσκοντες
857 4749 1121 4818 ἔφασκον,
1156 4767 1176 4802 ι
1230 4750 1326 4812 Τίς
1355 4750 1502 4802 ἐστιν
1532 4741 1688 4812 οὗτος
1712 4750 1741 4802 6
1775 4748 1932 4820 βασι-

345 4843 376 4895 λ
411 4843 474 4904 ὒς
500 4842 602 4911 τῆς
653 4842 854 4920 δόξηςί
893 4860 911 4893 ι
949 4840 1080 4896 Ὅτε
1106 4840 1164 4894 δέ
1195 4841 1425 4913 ὕστερον
1458 4841 1762 4910 ἐλεύσεται,
1797 4843 1936 4912 μετά

344 4934 506 5004 δόξης
527 4937 831 5004 φανήσεται
861 4933 1081 5004 πολλῆς,
1113 4935 1142 4987 6
1162 4933 1326 4997 αὐτὸς
1357 4935 1455 5004 μὲν
1478 4933 1554 4987 ὢν
1583 4934 1938 5005 ἐνδεδυμένος

344 5027 446 5096 τὴν
481 5025 682 5097 σάρκα,
716 5024 860 5079 κοιθά
897 5024 963 5096 δὴ
997 5025 1088 5079 καὶ
1126 5023 1442 5096 ἀνελήλυθε,
1468 5027 1593 5090 ’ταῖς
1621 5025 1936 5097 ἀστραπαῖς

343 5116 403 5170 δὲ
439 5115 538 5184 τῆς
585 5115 840 5185 θεότητος
882 5115 1293 5185 ὐπεραυγάζων
1325 5116 1423 5186 την
1451 5116 1653 5180 κτίσιν,
1685 5117 1937 5185 ἀγγέλων

344 5210 797 5278 παρισταμένων,
828 5207 1139 5276 ἀνθρώπων
1181 5209 1586 5279 ἀνισταμένων,
1613 5210 1777 5282 303
1814 5211 1934 5266 δαι-

345 5287 528 5370 μόνων
564 5300 1032 5370 καταργουμένων
1078 5301 1174 5353 καὶ
1208 5301 1290 5364 είς
1320 5301 1381 5354 τὸ
1413 5299 1635 5355 αίώνιον
1683 5301 1796 5373 πῦρ
1830 5319 1938 5356 πα-

349 5393 815 5463 ραπεμπομένων,
847 5391 1064 5444 ἀσεϐῶν
1124 5388 1218 5443 καὶ
1274 5391 1618 5462 ἁμαρτωλῶν
1671 5393 1938 5459 διηνεκῶς

343 5487 849 5556 κατακρινομένων,
884 5488 980 5536 καὶ
1021 5480 1260 5535 εὐσεϐῶν
1299 5484 1396 5536 καὶ
1443 5483 1672 5538 δικαίων
1699 5485 1939 5550 αίωνξως

348 5556 822 5648 στεφανουμένων.
856 5573 1091 5635 Δικαίως
1119 5567 1215 5627 οὖν
1256 5574 1397 5645 μετά
1426 5574 1587 5645 δόξης
1618 5577 1902 5630 ἐλεύσεται
1922 5593 1937 5608 ·

345 5671 431 5722 δτι
455 5666 655 5737 Κύριος
682 5667 781 5733 τῆς
811 5663 973 5734 δόξης
1007 5662 1105 5728 ὢν,
1131 5663 1341 5726 πάντας
1374 5663 1514 5734 πρὸς
1555 5666 1616 5717 τὸ
1669 5666 1938 5735 δοξασθῆ-

349 5777 442 5814 ναι
491 5759 640 5830 παρὰ
690 5759 789 5827 τῆς
831 5755 993 5824 δόξης
1028 5753 1191 5807 αὑτοῦ
1237 5755 1332 5810 καὶ
1384 5757 1787 5830 ἐδημιούργησε
1844 5761 1936 5812 καὶ

679 5851 952 5910 Puncta
997 5849 1110 5909 Gtt.
1148 5848 1190 5909 C
1205 5849 1328 5913 LV.

2037 4557 2314 4624 scendus;
2345 4567 2402 4612 et
2445 4562 2527 4612 sic
2560 4565 2680 4613 erat
2717 4548 2892 4613 donec
2950 4557 3189 4628 perfecta
3211 4561 3520 4616 (economia
3582 4562 3636 4615 in

2037 4649 2207 4704 altum
2251 4651 2535 4718 ascendit;
2576 4666 2684 4705 non
2740 4660 3104 4721 agnoscentes
3163 4654 3309 4707 enim
3377 4654 3633 4710 dlCCbi‘lll

2037 4742 2250 4798 caelites
2276 4760 2290 4800 :
2329 4743 2493 4810 «Quis
2537 4750 2625 4799 est
2647 4745 2749 4799 iste
2775 4759 2869 4799 rex
2895 4745 3082 4814 gloriae
3101 4745 3151 4798 ἲ»
3188 4745 3418 4811 Quando
3447 4757 3627 4802 ante.”

2041 4834 2243 4890 iterum
2277 4838 2478 4902 veniet,
2514 4835 2684 4892 multa
2716 4851 2842 4891 cum
2898 4838 3070 4908 gloria
3101 4839 3426 4916 apparebit,
3485 4841 3626 4895 idem

2041 4929 2546 4999 quidem,corpore
2580 4929 2835 4997 amictus,
2880 4929 3340 5001 quemadmodum
3363 4934 3630 4996 ascendit,

2047 5021 2355 5077 divinitatis
2408 5037 2536 5077 vero
2595 5020 2898 5094 fulgoribus
2950 5034 3233 5082 creaturas
3289 5025 3634 5089 illuminans,

2039 5112 2425 5169 assistentibus
2452 5113 2698 5182 angelis.
2745 5118 3154 5174 resurrectione
3208 5121 3481 5176 stantibus
3539 5123 3635 5174 lm-

2039 5203 2298 5265 minibus,
2325 5203 2608 5259 debellatis
2633 5205 2976 5262 daamonibus
3008 5218 3064 5264 et
3108 5210 3167 5265 in
3198 5222 3460 5265 mternum
3501 5216 3633 5268 mis-

2040 5298 2119 5352 sis
2156 5295 2361 5365 ignem,
2405 5297 2457 5350 in
2492 5305 2817 5367 perpetuum
2853 5298 3128 5357 damnatis
3188 5302 3369 5372 impiis
3411 5312 3463 5358 et
3508 5322 3635 5376 pce—

2040 5389 2342 5453 catoribus,
2401 5392 2731 5445 aeternaliter
2801 5405 2833 5446 e
2907 5401 3098 5448 contra
3168 5396 3452 5451 coronatis
3509 5399 3636 5467 piis

2035 5481 2329 5552 justisque.
2387 5481 2575 5536 Merito
2631 5483 2798 5553 igitur
2861 5497 2987 5539 cum
3051 5485 3222 5556 gloria
3292 5489 3476 5542 veniet
3539 5493 3636 5560 qui

2041 5575 2226 5644 gleria:
2310 5576 2573 5630 Dominus
2651 5592 2776 5631 cum
2836 5579 2946 5642 sit,
3005 5593 3199 5635 omnes
3265 5589 3323 5634 ttt
3378 5582 3444 5636 ad
3515 5586 3636 5654 glo-

2042 5666 2177 5718 riam
2242 5668 2509 5720 exaltaret
2555 5682 2710 5721 suam
2770 5678 2824 5722 et
2888 5671 3093 5724 creavit
3145 5679 3202 5726 et
3256 5673 3488 5728 vocavit.
3563 5675 3636 5731 De

2043 5771 2239 5814 czetero
2293 5761 2383 5830 qui
2445 5760 2672 5829 gloriam
2739 5760 2913 5830 ipsius
2970 5763 3288 5828 noluerunt,
3349 5782 3452 5822 nec.
3501 5785 3626 5826 eum

3238 5858 3319 5919 25
