4094 6194
432 347 539 409 789

1502 346 1592 412 EX
1605 352 1914 413 POSl'l’IO
1941 354 2181 421 SACRI
2219 355 2588 420 SYMBOLI.

3592 311 3703 415 rso

433 456 569 510 ana
597 456 808 511 τέλειόν
860 459 1009 512 ἐστιν
1056 458 1117 526 ἐξ
1168 460 1372 531 ἀρχῆς.
1420 461 1609 517 Ταῦτα
1668 463 1726 528 δὲ
1777 465 1847 521 τὰ
1877 464 2012 534 δῶρα

2130 467 2252 522 dem
2283 468 2633 538 Spiritusque
2665 464 3010 531 naturaliter,
3046 476 3171 518 cum
3212 461 3395 519 Verbo
3427 471 3607 518 autem
3639 478 3702 518 ae

431 550 577 605 κατὰ
612 552 803 621 καιρδν
831 552 966 620 ἡμῖν
998 552 1737 627 παρεχόμεναιχαρῖσματα
1762 557 1863 625 τῆς
1905 558 2003 624 μό·-

431 659 533 711 νης
568 643 823 711 Τριάδος.
848 644 914 697 ἐκ
948 644 1158 714 Πατρὸς
1187 644 1257 698 δι’
1282 632 1416 699 Υδοῦ
1449 647 1507 699 ἐν
1538 648 1818 717 Πνεῦματι
1846 665 2009 718 χορη-

429 734 693 803 γούμενα,
728 736 804 796 ῶς
849 738 940 788 καὶ
975 738 1004 789 6
1034 736 1266 805 οὐρανὸς
1306 740 1402 791 καὶ
1445 740 1515 808 γῆ
1550 739 1708 808 Λόγῳ
1748 739 1884 793 Θεοῦ
1915 743 2009 794 καὶ

433 824 713 893 Πνεῦματι
760 825 991 896 δυνάμει
1037 826 1407 898 δημιουργικῇ
1469 828 1853 897 ἐστερέωνται,
1912 832 2009 900 μία

429 918 541 987 γὰρ
570 917 821 987 ἐνέργεια
854 921 970 982 τοῖς
995 920 1194 988 τρισὶν.
1236 915 1327 983 Εἷς
1363 920 1536 983 citro;
1571 923 1598 974 6
1633 923 1822 993 Πατὴρ
1846 962 1861 988 ,
1916 926 2012 977 καὶ

429 1010 524 1063 τοῦ
558 1010 736 1077 Λόγου
793 1011 895 1080 μὲν
943 1013 1038 1065 καὶ
1071 1013 1390 1082 Πνεῦματος
1426 1016 1695 1083 φυσικῶς,
1741 1017 1880 1083 μετὰ
1914 1016 2009 1069 τοῦ

430 1103 609 1169 Λόγου
636 1103 692 1156 δέ
727 1106 825 1157 καὶ
852 1105 1171 1176 Πνεῦματος
1203 1108 1301 1161 καὶ
1346 1108 1456 1161 τῶν
1484 1110 1806 1177 κτισμάτων
1837 1110 2011 1173 αῐτιος

429 1195 868 1265 δημιουργικῶς.
934 1199 1237 1266 Ἀναλόγως
1284 1196 1377 1252 οὖν
1429 1202 1687 1255 ἑκάστοτε
1730 1203 1797 1254 τὰ
1851 1204 2011 1272 χαρὶ-

432 1305 629 1365 σματαᾼ
670 1288 901 1343 δίδοται.
948 1290 1059 1343 Καὶ
1113 1291 1337 1355 Ἡσαΐας
1380 1293 1611 1363 ἀριθμὸν
1651 1298 2009 1365 χαρισμάτων

428 1380 576 1445 λέγει
599 1363 695 1432 τοῦ
731 1379 1082 1450 Πνεῦματοςο
1125 1383 1221 1435 καὶ
1257 1383 1465 1446 Παῦλος
1502 1385 1784 1451 ὡσαύτως,
1825 1388 1884 1451 ὃς
1915 1391 2008 1442 καὶ

427 1474 559 1543 περὶ
586 1474 824 1542 Χριστοῦ
852 1492 1017 1544 φησιν
1039 1491 1053 1507 ο
1103 1476 1206 1530 Ἔν
1234 1471 1283 1542 ᾧ
1320 1480 1588 1532 κατοικεῖ
1613 1478 1737 1533 πᾶν
1763 1482 1824 1534 τὸ
1849 1481 2010 1546 πλή-

418 1584 590 1633 ρωμα
642 1568 752 1633 τῆς
801 1569 1089 1634 Θεότητος
1143 1569 1525 1638 σωματικῶς·
1576 1573 1638 1624 οὐ
1696 1573 1859 1640 μόνον
1914 1574 2013 1644 τὴν

428 1661 726 1713 ὑπόστασιν
760 1660 995 1713 ἐνταῦθα
1034 1660 1209 1728 λέγων
1248 1660 1341 1713 τοῦ
1375 1663 1574 1730 Λόγου,
1614 1664 1750 1718 ἀλλὰ
1796 1666 1892 1719 καὶ
1944 1668 2013 1719 τὰ

426 1752 635 1819 φυσικὰ
673 1753 784 1805 θεῖα
811 1754 1131 1824 χαρίσματα
1152 1753 1343 1824 ὥσπερ
1377 1756 1518 1826 ἔχων
1544 1759 1608 1809 ἐκ
1639 1758 1734 1810 τοῦ
1768 1760 2006 1829 Πατρδς,

2093 830 2222 911 ἰιιιθ

2119 558 2331 629 Spiritu
2354 561 2652 616 conditoris
2701 560 2751 613 vi
2810 567 3181 613 creaturarum
3247 572 3451 623 causa;
3511 556 3706 611 simili-

2114 667 2193 714 ter
2243 666 2374 722 ergo
2423 652 2509 707 hic
2547 662 2601 707 et
2642 652 2753 706 illic
2800 652 2922 707 data
2951 660 3083 706 sunt
3128 649 3482 706 charismata.
3514 658 3567 704 et
3599 664 3704 704 nu-

2112 755 2284 799 merat
2356 741 2525 797 Isaias
2566 742 2803 811 Spiritus
2866 740 3517 805 charismata,numerat
3563 755 3706 808 quo-

2292 837 2492 891 Paulus
2543 836 2607 891 de
2659 835 2881 891 Christo
2942 834 3171 888 dicens:
3215 831 3279 886 In
3333 849 3433 899 qua
3493 834 3703 887 inhabi-

2113 940 2194 983 tat
2261 930 2437 984 omnis
2503 926 2773 995 plenitudo
2840 923 3133 979 divinitatis
3193 922 3563 991 corporaliter,
3627 918 3701 976 ibi

2115 1021 2279 1078 Verbi
2330 1039 2438 1077 non
2465 1023 2640 1078 solum
2682 1035 2968 1089 personam
3010 1018 3231 1083 dicens,
3269 1017 3361 1069 sed
3394 1026 3700 1069 etnatnra-

2114 1112 2183 1165 lia
2224 1112 2407 1166 divina
2447 1112 2779 1166 charismata
2829 1126 2951 1179 quae
2980 1125 3009 1164 a
3077 1108 3236 1163 Patre
3297 1108 3502 1161 habens
3576 1120 3699 1159 cum

2112 1202 2317 1272 Spiritu
2378 1204 2513 1256 dat:
2565 1202 2687 1256 ideo
2753 1218 2919 1270 super
2972 1216 3094 1255 euau
3190 1198 3533 1254 descendens
3611 1210 3699 1249 os-

2117 1305 2311 1349 tensus
2338 1305 2420 1349 est
2454 1294 2691 1362 Spiritus
2726 1302 2779 1348 et
2818 1295 3016 1347 mansit
3039 1306 3206 1362 strper
3226 1308 3350 1346 eum
3378 1307 3394 1358 ;
3427 1306 3536 1344 non
3572 1289 3700 1358 quia

2113 1398 2167 1440 et
2193 1387 2310 1454 ipse
2337 1387 2661 1442 incarnatus
2690 1395 2795 1449 est,
2821 1398 2910 1440 aut
2942 1401 2985 1455 pr
3011 1386 3300 1441 rsonaliter
3327 1382 3569 1437 divinum
3600 1382 3702 1434 hoc

2117 1476 2384 1532 habitavit
2433 1493 2658 1547 corpus,
2691 1480 2784 1533 sed
2818 1480 2948 1546 quia
2979 1479 3162 1531 omnia
3200 1483 3474 1545 quotquot
3529 1473 3695 1527 habet

2114 1571 2257 1624 dona
2288 1570 2342 1623 in
2371 1569 2555 1623 divino
2587 1570 2680 1624 illo
2710 1570 2966 1638 deposuit
2997 1569 3221 1636 templo,
3258 1568 3404 1622 sicut
3438 1574 3493 1619 et
3534 1565 3697 1618 Patet:

2115 1661 2371 1716 similiter
2416 1662 2470 1716 in
2512 1677 2577 1717 eo
2615 1663 2755 1717 bene
2785 1662 2889 1716 sibi
2931 1661 3298 1729 conrplacens.
3329 1667 3497 1725 atque
3526 1656 3698 1709 dilec-

2118 1762 2230 1808 tum
2274 1752 2471 1807 Filium
2524 1768 2745 1819 vocans,
2783 1765 2841 1808 ιιι
2885 1752 3063 1807 aiebat
3092 1751 3352 1822 propheta
3389 1766 3403 1802 :
3464 1747 3700 1801 Dilectus

426 1846 522 1897 καὶ
556 1847 694 1913 μετᾶ
724 1845 820 1899 τοῦ
855 1846 1171 1917 Πνεῦματος
1232 1847 1442 1902 δίδωσι.
1478 1851 1579 1925 Διὸς
1612 1852 1705 1904 καὶ
1750 1826 2011 1921 κατερχό-

2121 1861 2263 1900 mcus
2319 1846 2374 1899 in
2427 1864 2530 1915 quo
2585 1846 2685 1901 sibi
2740 1846 3027 1912 complacet
3081 1844 3261 1897 animo
3320 1857 3460 1904 mea,
3504 1852 3699 1908 ponam

430 1956 595 2007 μενον
624 1940 711 1993 ἐπ’
757 1940 908 2010 αὐτῷ
938 1942 1113 2012 ἐφάνη
1149 1942 1210 1996 τὸ
1245 1944 1469 2012 Πνεῦμα
1497 1960 1512 1976 ⁸
1559 1945 1653 1999 καὶ
1678 1945 1893 2014 ἔμεινεν
1921 1949 2010 2001 ἐπ’

426 2030 597 2099 αὐτῷ.
636 2032 747 2102 Οὐχ
784 2032 869 2085 ὅτι
906 2033 1000 2086 καὶ
1047 2034 1180 2087 αὐτὸ
1229 2035 1601 2104 σεσάρκωται.
1647 2037 1680 2108 ἢ
1719 2038 2012 2093 ὑποστατι-

427 2121 540 2183 κῶς
570 2121 628 2174 ἐν
659 2124 737 2188 τῷ
764 2121 895 2192 θείῳ
926 2124 1122 2194 ἐκείνῳ
1153 2124 1441 2195 κατῴκησε
1490 2128 1737 2196 σώματι·
1775 2128 1890 2182 ἀλλ’
1919 2129 2006 2196 ὅτι

428 2210 608 2263 πάντα
634 2210 842 2282 ὅσαπερ
869 2212 982 2281 ἔχει
1002 2214 1330 2285 δωρήματα,
1368 2217 1595 2287 ἐνέθηκε
1635 2219 1712 2287 τῷ
1738 2219 1867 2289 θείῳ
1897 2220 2012 2290 ναῷ

426 2302 623 2373 ἐκείνῳ
659 2303 736 2365 ὡς
770 2305 865 2356 καὶ
894 2306 923 2357 6
957 2306 1166 2377 Πατὴρ,
1194 2306 1494 2376 εὐδοκήσας
1530 2311 1586 2360 ἐν
1616 2309 1765 2377 αὑτῷ
1786 2312 2006 2380 ὁμοίως,

426 2400 519 2448 καὶ
560 2396 847 2466 ἀγαπητὸν
889 2398 1018 2450 Υἱδν
1058 2399 1219 2451 αὑτὸν
1243 2400 1542 2469 ὀνομάσας,
1583 2401 1659 2463 ὡς
1692 2405 1785 2455 καὶ¹
1812 2407 1838 2457 6
1869 2420 2008 2473 ’προ⁴

425 2489 604 2555 φήτης
633 2487 851 2555 ἔλεγεν·
896 2490 961 2543 Ὀ
992 2491 1300 2559 ἀγαπητός
1363 2511 1504 2560 μου,
1535 2497 1623 2559 εἰς
1652 2494 1725 2548 ὃν
1752 2496 2012 2565 εὐδόκη-

426 2593 543 2631 σεν
588 2579 626 2645 ἡ
690 2582 868 2649 ψυχή
908 2599 1050 2650 μου.
1103 2582 1280 2647 Θήσω
1328 2584 1397 2636 τὸ
1456 2585 1701 2655 Πνεῦμὰ
1747 2605 1867 2656 μου
1914 2590 2011 2643 ἐπ’

426 2668 607 2735 αὐτῷ.
658 2671 721 2724 ’0
756 2674 854 2741 μὲν
902 2668 998 2727 οὖν
1049 2674 1223 2742 Λόγος
1255 2675 1636 2740 ὑποστατικῶς
1682 2680 1885 2749 ἥνωται
1933 2683 2010 2752 τῷ

429 2764 561 2833 θείῳ
593 2765 993 2835 προσλήμματι
1020 2782 1036 2798 ⁸
1077 2767 1176 2837 οὐχ
1216 2768 1598 2831 ὑποστατικῶς
1630 2772 1685 2823 δὲ
1720 2774 1779 2824 ἐν
1813 2774 1960 2842 αὑτῷ
1983 2775 2011 2826 6

431 2857 618 2926 Πατὴρ
657 2857 749 2909 καὶ
789 2858 850 2910 τὸ
886 2857 1130 2927 Πνεῦμα.
1162 2861 1337 2923 Μόνος
1368 2863 1476 2931 γὰρ
1525 2865 1552 2914 ὁ
1596 2864 1768 2930 Λόγος
1815 2866 2012 2935 σεσάρ-

426 2966 619 3018 κωται.
651 2950 715 3004 Εἰ
753 2946 845 3003 οὖν
880 2953 936 3003 ἐν
959 2952 1105 3021 αὑτῴ
1136 2953 1244 3004 πᾶν
1273 2953 1334 3004 τὸ
1368 2954 1646 3023 πλήρωμα
1679 2955 1781 3024 τῆς
1808 2955 2012 3027 Θεότηο

426 3057 519 3103 τος
563 3042 915 3111 σωματικῶς,
958 3043 1052 3096 καὶ
1097 3041 1157 3094 τδ
1207 3042 1430 3111 Πνεῦμα
1459 3048 1515 3096 ἐν
1562 3046 1713 3116 αὐτῷ
1765 3046 2003 3116 κατῆλθε

428 3131 757 3201 καὶέμεινε,
813 3133 956 3187 κατὰ
986 3132 1056 3186 τὰ
1104 3135 1455 3203 ἐνεργήματα
1505 3137 1596 3189 καὶ
1647 3136 1748 3199 τὰς
1798 3138 2008 3208 δωρεάς
2039 3174 2084 3236 c

428 3224 635 3290 ἔμεινε,
691 3226 789 3277 καὶ
838 3224 983 3277 κατὰ
1028 3223 1091 3276 τὸ
1142 3229 1424 3296 συνεργεῖν
1461 3226 1540 3296 τῷ
1579 3228 1713 3298 Υῖῷ.
1751 3229 1865 3285 Οὐκ
1900 3230 2011 3302 ἄρα

432 3317 554 3368 καθ’
583 3316 886 3370 ὑπόστασιν
913 3319 977 3370 ἐκ
1010 3317 1105 3371 τοῦ
1136 3318 1266 3372 Υιοῦ
1317 3320 1701 3390 ἐκπορεύεται,
1763 3324 1860 3375 καὶ
1894 3323 1922 3375 ὃ
1949 3323 2009 3376 δὲ

429 3412 590 3480 ἡμεῖς
658 3411 1013 3480 λαμὸάνομεν
1036 3454 1050 3473 ,
1113 3413 1363 3481 χάρισμα
1392 3410 1764 3480 λαμϐάνομεν.
1798 3414 1905 3466 Kal
1940 3414 2011 3468 ἐκ

436 3499 545 3552 τοῦ
574 3501 972 3569 πληρώματος
990 3504 1121 3570 γὰρ,
1152 3500 1340 3568 φησὶν,
1360 3502 1555 3554 αὐτοῦ
1581 3501 1754 3571 ἡμεῖς
1789 3502 2015 3569 πάντες

428 3592 499 3643 ει
522 3592 746 3658 ἳϐομεν,
766 3591 864 3644 καὶ
888 3591 1066 3660 χάριν
1083 3592 1217 3646 ἀντὶ
1236 3591 1501 3660 χάριτος.
1528 3594 1722 3647 Πολλοὶ
1737 3595 1792 3647 δὲ
1821 3596 2015 3663 ἡμεῖς,

429 3683 527 3734 καὶ
559 3682 790 3752 διάφορα
821 3682 1171 3750 λαμϐάνομεν
1200 3682 1266 3737 τὰ
1294 3682 1631 3752 χαρίσματα.
1669 3685 2010 3749 Ἀκολούθως

429 3770 525 3825 οὖν
559 3775 610 3826 οἱ
657 3777 801 3841 ᾰγιοι
836 3776 924 3827 καὶ
954 3774 1051 3841 τὴν
1086 3773 1379 3842 ἑρμηνείαν
1406 3774 1617 3826 τιθέασι
1645 3776 1757 3838 τοῖς
1803 3777 2007 3845 ῥητοῖς.

442 3867 538 3918 Ἐκ
588 3865 696 3919 τοῦ
746 3865 915 3934 ἐμοῦ,
972 3869 1123 3936 φησὶ,
1172 3867 1473 3935 λήψεται,
1529 3866 1625 3917 καὶ
1692 3866 2021 3935 ἀναγγελεῖ

432 3957 594 4026 ὑμῖν,
634 3959 912 4010 τουτέστιν
953 3960 1017 4010 ἐκ
1051 3959 1157 4011 τῶν
1207 3959 1357 4027 ἐμῶν
1420 3958 1617 4025 λόγων,
1668 3961 1761 4013 καὶ
1811 3962 1874 4011 ἐκ
1917 3960 2015 4029 τῆς

428 4050 566 4117 ἐμῆς
598 4050 871 4117 γνώσεως.
893 4050 1000 4102 Καὶ
1031 4050 1351 4120 ἐνεφύσησε,
1372 4053 1463 4102 καὶ
1495 4050 1641 4118 λέγει
1674 4050 1879 4117 αὐτοῖς,
1906 4053 2017 4107 Λά-

431 4148 561 4193 ίετε
599 4140 838 4208 Πνεῦμα
870 4139 1075 4209 ἅγιον·
1101 4142 1227 4210 περὶ
1258 4141 1353 4193 τοῦ
1400 4141 1517 4203 ἐνὸς
1553 4141 1885 4211 χαρίσματος
1920 4143 2015 4196 τοῦ

428 4232 577 4286 λύειν
606 4235 699 4288 καὶ
739 4233 959 4301 δεσμεῖν
993 4232 1125 4285 αὐτὸ
1160 4233 1603 4301 ἐκλαμϐάνοντες
1623 4249 1635 4261 ·
1667 4234 1874 4297 καὶ,ΕΖ
1924 4252 2017 4301 τις

428 4325 670 4389 Πνεῦμα
689 4323 946 4391 Χριστοῦ
978 4328 1088 4378 οὐκ
1115 4325 1260 4392 ἔχει’
1283 4325 1363 4377 ὅτι
1387 4328 1442 4377 ἐν
1467 4324 1615 4393 αὑτῷ
1640 4328 1882 4378 κατοικεῖ
1902 4330 2014 4389 τοῖς

428 4419 728 4487 χαρίσμασι
773 4415 905 4468 πᾶσι
946 4416 1040 4468 καὶ
1056 4416 1378 4487 σωματικῶς
1400 4432 1415 4447 ·
1449 4418 1563 4485 καὶ,
1589 4417 2018 4479 Ἐξιιπέστειλε

2110 1936 2373 2008 Spiritum
2420 1955 2591 1994 meum
2624 1955 2786 2005 super
2838 1955 2977 1993 cum.
3016 1936 3251 1991 Verbum
3273 1949 3405 2003 ergo
3438 1946 3700 2003 persona-

2110 2027 2238 2082 liter
2296 2027 2496 2083 di‘vinae
2559 2027 2919 2096 assumptioni
2965 2028 3176 2080 unitutn
3207 2033 3312 2088 est,
3352 2037 3458 2075 non
3500 2036 3691 2090 perso-

2111 2120 2311 2175 naliter
2340 2135 2468 2174 vero
2501 2120 2553 2173 in
2576 2135 2642 2174 eo
2672 2120 2831 2174 Pater
2857 2127 2911 2172 et
2935 2117 3173 2186 Spiritus
3197 2130 3213 2179 ;
3239 2114 3419 2168 solum
3457 2112 3692 2166 Verbum

2112 2213 2455 2267 incarnatum
2498 2220 2603 2265 est.
2641 2211 2833 2279 Itaque
2864 2209 2920 2263 in
2972 2222 3038 2263 eo
3073 2208 3119 2261 si
3173 2208 3353 2262 onmis
3408 2204 3696 2276 plenitudo

2110 2300 2414 2355 divinitatis
2453 2300 2835 2368 corporaliter,
2867 2310 2922 2353 et
2953 2298 3192 2364 Spiritus
3235 2311 3399 2365 super
3446 2309 3570 2348 eum
3602 2293 3697 2346 de-

2112 2393 2325 2447 scendit
2349 2402 2401 2445 et
2435 2392 2653 2455 ruansit,
2681 2391 2982 2446 secundum
3008 2388 3426 2459 inspirationem
3458 2399 3511 2441 et
3551 2386 3701 2440 dona

2112 2482 2309 2537 mansit
2339 2492 2395 2537 et
2428 2483 2728 2538 secundum
2768 2482 3210 2553 conparationem
3241 2478 3403 2542 Filio,
3432 2493 3537 2532 non
3563 2492 3694 2529 con-

2110 2585 2401 2642 sequenter
2418 2575 2718 2629 secundum
2757 2588 3043 2641 personant
3068 2588 3097 2628 e
3124 2572 3265 2626 Filio
3302 2569 3548 2640 procedit
3578 2567 3693 2637 (l);

2114 2669 2258 2738 quod
2284 2673 2469 2721 autern
2512 2682 2620 2737 non
2645 2667 2970 2735 accipimus,
3028 2666 3231 2720 donum
3259 2662 3447 2733 gratiae
3491 2661 3697 2727 accipi-

2114 2777 2259 2814 mus.
2299 2758 2509 2813 Εεειιίιιι
2538 2761 2601 2813 de
2636 2760 2957 2829 plenitudine
2995 2760 3131 2827 ejus,
3162 2757 3361 2824 inquit,
3393 2770 3486 2807 uos
3518 2767 3693 2806 omnes

2112 2855 2408 2922 accepimus
2437 2863 2483 2905 et
2513 2854 2741 2921 gratiam
2787 2867 2884 2914 pro
2920 2851 3117 2919 gratia.
3168 2847 3336 2901 Porro
3386 2845 3539 2898 multi
3596 2860 3694 2896 nos

2113 2954 2171 2999 et
2222 2945 2439 2999 diversa
2500 2945 2803 3011 accipimus
2852 2944 3211 2996 charismata.
3276 2940 3691 3007 Consequeuter

2113 3036 2290 3090 sancti
2316 3037 2817 3103 interpretationem
2876 3037 3035 3089 dictis
3080 3042 3383 3103 apponunt.
3429 3031 3502 3085 De
3558 3046 3692 3093 meo,

2117 3128 2213 3193 ait,
2243 3129 2460 3195 accipiet
2500 3142 2548 3182 ei
2582 3128 2961 3197 euangelizabil
3019 3129 3185 3190 vobis,
3212 3129 3313 3181 hoc
3357 3138 3461 3191 est,
3495 3130 3561 3183 de
3583 3145 3696 3184 ser--

2117 3221 2371 3277 monibus
2402 3222 2537 3274 meis
2575 3230 2630 3274 et
2683 3221 2932 3275 diu-trina
2969 3235 3113 3275 mea.
3165 3221 3229 3274 Et
3291 3220 3588 3276 insulllavit
3639 3232 3695 3277 et

2113 3313 2245 3368 dicit
2268 3313 2348 3367 eis
2375 3333 2386 3365 :
2412 3314 2643 3383 Accipite
2669 3311 2927 3381 Spiritum
2947 3323 3188 3366 sanctum
3210 3330 3226 3381 ;
3246 3313 3350 3368 hoc
3392 3314 3460 3367 de
3481 3316 3692 3372 charis.-

2115 3415 2258 3459 mate
2291 3405 2532 3458 solvendi
2563 3388 2728 3473 atque
2760 3404 2963 3474 ligandi
3023 3405 3155 3460 illud
3189 3405 3555 3477 accipientes;
3598 3420 3701 3480 et,

2115 3495 2175 3551 Si
2226 3499 2340 3566 quis
2387 3496 2582 3551 Christi
2643 3496 2900 3565 Spiritum
2930 3514 3033 3550 nou
3083 3499 3256 3565 habet,
3315 3501 3440 3568 hoc,
3471 3505 3601 3572 quia
3636 3504 3688 3561 itt

2115 3602 2181 3640 eo
2215 3588 2419 3643 habitat
2449 3589 2875 3644 charismatibus
2911 3590 3167 3644 orrmibus
3194 3600 3248 3645 et
3305 3596 3689 3663 corporaliter,

2117 3675 2398 3739 et,Emiiit
2425 3677 2679 3744 Spiritum
2710 3677 2838 3732 Filii
2871 3681 2954 3732 sui
2985 3680 3147 3746 ;hoc,
3174 3682 3304 3751 quia
3332 3684 3384 3738 itt
3416 3702 3481 3740 eo
3510 3696 3703 3757 utpote

2119 3768 2362 3836 ejusdem
2396 3785 2602 3822 umorue
2624 3782 2729 3835 est,
2754 3781 2807 3823 et
2833 3772 3150 3826 individuus
3172 3788 3296 3829 cutu
3324 3792 3388 3830 eo
3418 3788 3619 3843 manet,
3640 3790 3698 3834 et

2119 3863 2278 3916 tinnis
2314 3863 2454 3914 mitti
2511 3861 2733 3916 dicitur.
2777 3863 2948 3915 Verba
2983 3865 3146 3933 igitur
3173 3881 3265 3932 per
3297 3884 3418 3939 qua:
3450 3868 3692 3939 Spirittls

2118 3953 2480 4008 demonstrari
2532 3952 2938 4019 processionem
2976 3955 3291 4010 contendis:
3338 3957 3448 4028 Ego
3484 3964 3689 4017 mittant

2118 4048 2261 4102 vobis
2297 4064 2328 4099 α
2360 4046 2543 4110 Putre,
2584 4048 2672 4099 illa
2738 4047 2947 4115 profert
2978 4046 3226 4102 Salvator
3265 4050 3338 4105 ibi
3398 4058 3701 4114 ostendens

2118 4141 2262 4211 quod
2298 4156 2328 4194 e
2367 4138 2527 4193 Patre
2561 4149 2643 4193 r-st
2672 4150 2725 4192 et
2787 4141 3061 4196 voluntate
3115 4141 3292 4199 Patris
3318 4160 3491 4215 eaque
3536 4164 3696 4219 prop-

2121 4244 2201 4289 ter
2230 4250 2330 4287 nos
2364 4234 2512 4285 venit
2565 4231 2825 4298 Spiritus,
2885 4235 3116 4302 gratiam
3152 4239 3310 4293 nobis
3345 4238 3577 4294 daturus
3636 4250 3692 4296 et

2121 4323 2443 4393 sapientiam
2478 4338 2640 4391 super
2679 4336 2901 4379 sensum
2930 4326 2997 4379 ad
3034 4325 3211 4382 Putris
3245 4340 3297 4384 et
3327 4329 3525 4385 Filiiet
3553 4331 3681 4401 ejus

2121 4416 2357 4485 Spiritus
2386 4416 2800 4488 intelligentiam
2820 4428 2873 4473 et
2901 4420 3215 4475 societatem
3240 4434 3501 4492 quantum
3530 4426 3654 4480 licet
3677 4443 3701 4492 ς,

428 4511 497 4561 τὸ
515 4509 755 4576 Πνεῦμα
776 4508 879 4561 τοῦ
907 4508 1041 4562 Υιοῦ
1072 4508 1281 4582 αὐτοῦ’
1307 4509 1387 4560 ότι
1410 4511 1465 4562 ἐν
1494 4510 1637 4579 αὐτῷ
1671 4512 1746 4573 ὼς
1772 4512 2007 4580 όμοφυὲς

2120 4510 2262 4579 quod
2295 4519 2348 4565 et
2379 4510 2579 4564 factum
2643 4521 2747 4577 est,
2778 4511 3129 4568 credentibus
3183 4517 3234 4568 in
3292 4517 3423 4571 orbe
3479 4521 3692 4588 pupulis

426 4603 569 4661 ἐστι,
608 4600 701 4653 καὶ
732 4598 1035 4669 ἀδιαίρετον
1064 4598 1230 4651 αὑτοῦ
1269 4599 1440 4669 μένει·
1487 4601 1583 4655 καὶ
1619 4603 1743 4663 ταῖς
1776 4602 2009 4672 δωρεαῖς

427 4691 860 4743 ἀποστέλλεσθαι
886 4688 1216 4757 λέγεται.Τὰ
1235 4690 1459 4742 τοιαῦτα
1478 4685 1570 4742 οὖν
1588 4692 1654 4743 δι’
1673 4689 1709 4743 ἃ.
1723 4690 1901 4757 λέγεις
1915 4694 2013 4763 τὴν

426 4782 757 4854 ἐκπόρευσιν
776 4781 1169 4851 δηλοῦσθαιτοῦ
1188 4782 1526 4851 Πνεύματος,
1544 4781 1775 4851 τὸ,Ἐγὼ
1794 4782 2013 4851 πέμψω

426 4874 574 4943 ὑμῖν
589 4876 750 4941 παρὰ
774 4874 879 4926 τοῦ
905 4872 1162 4941 Πατρός,
1181 4872 1353 4941 λέγει,
1373 4873 1587 4935 δεικνὺς
1606 4874 1909 4938 κάνταῦθα,
1932 4876 2012 4928 ὅτι

428 4968 525 5019 καὶ
556 4969 620 5018 ἐκ
650 4966 744 5017 τοῦ
775 4966 985 5035 Πατρός
1020 4967 1155 5026 ἐστι,
1193 4964 1286 5017 καὶ
1313 4962 1531 5033 ἔρχεται
1561 4965 1782 5035 θελήσει
1812 4966 2009 5017 τούτου

430 5058 522 5108 καὶ
540 5059 605 5124 τῇ
623 5055 817 5107 ἐαυτοῦ
833 5056 899 5108 δι’
921 5056 1089 5123 ἡμᾶς,
1108 5054 1182 5114 ὡς
1202 5053 1511 5123 μεταδῶσον
1527 5056 1658 5122 ἡμῖν
1677 5055 1901 5123 χάριτος
1919 5056 2014 5106 καὶ

430 5150 621 5215 σοφίας
652 5149 747 5213 τῆς
771 5148 907 5217 ὑπὲρ
931 5147 1074 5212 νοῦν,
1101 5146 1237 5216 πρὸς
1264 5146 1361 5215 τὴν
1394 5146 1488 5197 τοῦ
1512 5148 1720 5216 ἰιατρος
1756 5150 1849 5197 καὶ
1882 5145 2010 5198 Υῑοῦ

427 5241 523 5291 καὶ
554 5236 720 5291 αὐτοῦ
750 5237 842 5288 τοῦ
877 5235 1194 5304 [Ινεύματος
1233 5234 1561 5303 κατανόησιν
1596 5249 1656 5287 τε
1687 5250 1780 5285 και
1822 5250 2013 5285 κοινω-

426 5329 544 5381 νίαν
572 5329 645 5390 ὡς
679 5327 925 5380 δυνατόν.
967 5328 1031 5377 Ὃ
1069 5326 1134 5395 δὴ
1164 5326 1257 5377 καὶ
1285 5324 1557 5395 ἐπράχθη,
1590 5324 1698 5375 τῶν
1728 5326 1784 5375 ἐν
1813 5324 2011 5393 κόσμῳ

428 5423 646 5473 πάντων
666 5418 1073 5471 πιστευσάντων
1100 5415 1292 5479 ἐθνῶν,
1318 5417 1414 5466 καὶ
1439 5413 1538 5483 τῆς
1586 5414 1810 5483 χάριτος
1833 5430 2014 5466 κεκοι·

427 5513 750 5583 νωνηκότων
771 5512 869 5578 τῆς
889 5508 1137 5583 Τριάδοί.⁸
1162 5508 1269 5560 Καὶ
1284 5508 1440 5577 δῆλον
1462 5508 1567 5559 ἀπὸ
1588 5508 1679 5559 τοῦ
1704 5507 2012 5575 paratispar-

430 5624 519 5668 τος
545 5608 600 5658 ἐν
633 5607 823 5675 Τριάδι
848 5603 1202 5672 τελουμένου,
1227 5606 1321 5652 καὶ
1347 5602 1455 5652 τῶν
1477 5600 1652 5653 ἄλλων
1676 5598 1841 5668 ἱερῶν
1867 5600 2013 5651 τελε-

505 5807 580 5876 (ι)
628 5810 791 5863 eror
823 5818 1012 5877 aperte
1043 5805 1425 5861 continuatus.

1432 5894 1443 5925 l

2116 4605 2376 4660 omnibus
2409 4613 2464 4658 et
2492 4602 2780 4663 Trinitatis
2824 4607 3054 4676 gratiam
3111 4612 3688 4679 commnnicantihus;

2112 4695 2258 4765 quod
2290 4703 2439 4764 patet
2471 4695 2535 4749 de
2568 4695 2845 4762 Baptsnio
2877 4698 2929 4750 in
2959 4695 3227 4751 Trinitate
3287 4701 3487 4755 collato
3544 4715 3596 4755 et
3626 4706 3693 4755 ile

2115 4788 2239 4841 alits
2268 4788 2473 4841 sanctis
2500 4788 2933 4857 operationibus.
2975 4787 3068 4841 Est
3100 4804 3229 4860 ergo
3260 4804 3289 4843 e
3321 4791 3483 4845 Patre
3548 4795 3691 4845 sicut

2116 4892 2171 4935 et
2199 4879 2395 4946 Filius,
2421 4882 2658 4948 Spiritus
2689 4893 2911 4936 sanctus
2943 4885 3152 4951 absque
3183 4884 3341 4937 initio
3370 4928 3385 4949 ,
3420 4888 3694 4953 insepara-

2115 4974 2241 5027 bilis
2272 4990 2300 5027 a
2341 4975 2498 5028 Patro
2530 4984 2583 5026 et
2618 4973 2752 5030 Filio
2773 4984 2877 5042 est,
2915 4979 3047 5029 sicut
3082 4988 3135 5029 et
3166 4978 3408 5046 ejusdem
3464 4990 3690 5040 ιιιιιυιοςιε,

2114 5074 2167 5118 et
2231 5065 2439 5132 angelis
2466 5073 2632 5134 atque
2686 5069 2843 5121 nobis
2874 5070 2925 5121 in
2962 5079 3201 5137 tempere
3235 5080 3539 5137 Oppnrlttlm
3581 5088 3691 5122 tmt-

2114 5156 2435 5219 nilestattlt';
2466 5162 2536 5209 de
2566 5156 2701 5210 Filio
2747 5174 2874 5212 Vero
2925 5163 3336 5214 sultsistcnlinm
3373 5178 3476 5215 non
3508 5165 3693 5233 Ιι.ιι›υ1,

2115 5247 2493 5302 sicutdivittus
2524 5248 3131 5315 scribitDamascenus;
3157 5269 3317 5305 causa
3343 5256 3690 5310 euitneoruur

2115 5344 2208 5412 qui
2238 5358 2303 5397 ex
2332 5346 2452 5412 ipso
2485 5355 2610 5397 sunt
2640 5346 2788 5399 solus
2818 5344 3000 5401 Pater.
3033 5345 3086 5401 Si
3120 5348 3284 5415 igitur
3311 5364 3531 5404 causam
3587 5369 3692 5422 qun

2118 5437 2308 5491 habuit
2328 5452 2450 5491 esse
2474 5436 2710 5503 Spiritus
2734 5440 2973 5493 novisset
2999 5440 3245 5494 Salvator
3275 5459 3301 5495 a
3323 5459 3380 5496 se
3411 5447 3550 5511 ipso,
3586 5464 3694 5503 non

2116 5530 2380 5591 siluisset,
2410 5532 2502 5599 qui
2526 5530 2702 5584 bonus
2731 5541 2839 5594 est,
2874 5543 2927 5587 et
2951 5532 3071 5588 ideo
3105 5536 3330 5589 veniens
3362 5545 3419 5588 ιιι
3451 5542 3697 5593 testimo-

2116 5625 2266 5679 trium
2294 5624 2608 5695 perhiberet
2635 5626 2701 5682 de
2733 5628 2977 5682 veritate.
3021 5628 3064 5683 E
3099 5627 3255 5685 Patre
3288 5630 3525 5700 Spiritus
3587 5646 3695 5697 est,
