4094 6194
412 332 518 401 791

1240 336 1627 403 SYMEONIS
1653 334 2421 399 THESSALONICENSIS
2462 336 2822 399 ARCIllEP.

3561 333 3665 395 792

406 445 550 501 sicut
577 443 652 499 ait
680 442 858 500 Patris
890 441 1612 519 Verbum,quaudoquidem
1670 447 1821 504 solus
1846 460 1981 502 cau-
2012 453 2030 509 Α

2111 446 2217 501 ςῶν.
2256 445 2448 501 Ἔστιν
2479 445 2573 500 οῦν
2604 446 2666 498 ἐκ
2712 445 2806 499 τοῦ
2866 444 3078 517 Πατρδς
3105 445 3180 511 ὠς
3226 445 3324 500 καὶ
3358 447 3387 500 6
3432 444 3556 509 Υίδς
3607 445 3668 497 16

406 550 468 594 ea
491 536 923 606 principiumque
946 546 1028 592 cst
1048 537 1543 608 Paterﬁzeternorum
1570 539 1788 595 illorum
1812 539 1903 607 qui
1925 552 1993 592 ex

408 643 477 683 eo
513 638 661 693 sunt,
720 627 844 683 Filii
880 631 1144 699 unigeniti
1201 639 1256 686 et
1287 630 1562 701 Spiritus:
1618 618 1750 685 (cum
1811 626 1993 682 Verbo

410 730 591 774 autem
618 728 673 774 et
692 718 919 789 Spiritu,
945 731 1134 775 natura
1154 720 1417 776 Dominus
1434 721 1611 776 adhuc
1637 721 1779 775 idem
1800 728 1850 774 ct
1876 720 2002 794 uni-_

411 824 692 865 versornm
711 827 873 867 causa
893 812 1191 868 conditoris
1213 814 1445 879 ratione,
1467 828 1573 867 non
1600 812 1993 868 exsistentibus

412 903 592 956 omnia
611 903 925 958 exsistcntia
943 905 1298 972 constituens,
1320 903 1480 960 Pater
1497 905 1702 960 scilicet
1718 919 1842 957 cum
1863 901 1995 957 Ver-

413 996 483 1050 bo
500 1006 554 1049 ct
571 994 796 1064 Spiritu.
827 995 1016 1065 Itaque
1060 1011 1341 1065 nunquam
1362 1005 1648 1065 separatus
1668 1012 1693 1047 a
1718 994 1995 1064 FilioSpi-

412 1089 576 1154 ritus,
610 1087 704 1141 sed
740 1087 1199 1155 quemadmodum
1255 1090 1466 1158 absque
1510 1088 1781 1157 principio
1835 1086 1995 1141 Pater

416 1193 633 1248 semper
650 1181 835 1244 est,ita
852 1178 1150 1234 secundum
1169 1189 1419 1233 naturam
1440 1179 1691 1233 similiter
1706 1179 1825 1232 sine
1847 1178 1997 1247 prin-

418 1268 561 1336 cipio
584 1267 755 1322 Filius
781 1276 836 1322 et
854 1268 1111 1337 Spiritus,
1134 1277 1187 1323 et
1205 1270 1319 1323 haec
1336 1284 1401 1323 ex
1422 1269 1541 1338 ipso
1565 1270 1617 1322 ln
1640 1268 1867 1337 ipsoque
1900 1282 1995 1319 ua-

427 1360 679 1413 turaliter
705 1378 719 1413 :
743 1360 862 1413 sine
881 1360 1214 1430 imperfectis
1231 1360 1376 1415 enim
1408 1360 1650 1415 motibus
1677 1370 1731 1413 ct
1765 1373 1997 1427 corpore

418 1449 582 1503 Pater
613 1457 667 1505 et
724 1452 994 1519 perlectus
1032 1461 1085 1506 et
1142 1451 1507 1521 perfectorum
1542 1450 1664 1508 fons
1713 1462 1817 1507 est.
1874 1452 1998 1506 Ideo

2094 539 2321 607 Πνεῦμα
2349 536 2412 590 16
2441 536 2598 605 ἅγιον
2631 536 2995 607 προανάρχως
3015 551 3031 568 ο
3083 538 3181 591 καὶ
3224 536 3528 607 ἀδιαίρετον
3571 536 3667 588 τοῦ

2094 628 2304 698 Πατρδς
2343 630 2436 681 καὶ
2487 627 2582 681 τοῦ
2635 626 2767 679 Υίοῦ
2812 628 2961 681 ἐστιν
2992 625 3068 689 ὡς
3102 628 3383 695 συμφυές⁹
3430 626 3526 679 καὶ
3558 628 3669 689 τοῖς

2094 719 2347 786 ἀγγέλοις
2364 720 2420 772 δὲ
2447 720 2538 773 καὶ
2557 720 2691 789 ἡμῖν
2714 717 2856 772 κατὰ
2881 718 3071 790 καιρὸν
3088 717 3435 788 φανεροῦται.
3452 716 3548 769 Ἐκ
3577 715 3669 768 τοῦ

2092 809 2223 863 Υἱοῦ
2242 812 2297 864 δὲ
2316 813 2417 864 οὒκ
2440 811 2667 882 ἐχειτὴν
2694 810 2958 882 ὓπαρξιν,
2984 812 3061 874 ὠς
3092 812 3188 865 καὶ
3218 813 3246 863 6
3279 810 3427 873 θεῖος
3466 809 3671 881 γράφει

2094 901 2477 969 Δαμασκηνός.
2514 901 2697 962 Λίτιος
2735 900 2845 968 γὰρ
2877 900 2986 952 τῶν
3018 897 3075 967 ἐξ
3106 899 3273 952 αὐτοῦ
3309 900 3467 969 μόνος
3504 902 3533 952 6
3563 899 3671 951 Πα-

2093 996 2221 1061 τήρ.
2248 992 2311 1046 Εί
2338 988 2434 1045 οὖν
2462 991 2725 1059 ἐγίνωσκε
2752 992 2852 1062 τὴν
2874 992 3054 1046 αἰτίαν
3076 992 3170 1046 τοῦ
3195 986 3339 1045 εἶναι
3361 992 3422 1043 16
3448 991 3669 1060 Πνεῦμα

2093 1086 2189 1138 καὶ
2218 1086 2276 1150 ἐξ
2311 1083 2477 1137 αὐτοῦ
2507 1086 2535 1137 6
2580 1082 2790 1153 Σωτὴρ,
2828 1083 2929 1136 οὐκ
2958 1082 3025 1136 ἂν
3052 1082 3305 1151 ἐσίγησεν
3335 1079 3539 1150 ἀγαθὸς
3568 1080 3666 1145 ὢν,

2096 1177 2191 1229 καὶ
2228 1176 2318 1229 διὰ
2354 1177 2513 1229 τοῦτο
2550 1177 2756 1241 ἐλθὼν,
2804 1175 2891 1229 ἵνα
2928 1176 3253 1245 μαρτυρήσῃ
3298 1175 3365 1244 τῇ
3420 1171 3668 1241 άληθλᾳ.

2100 1267 2255 1319 Ἐστι
2285 1265 2462 1319 τοίνυν
2490 1266 2551 1318 16
2578 1264 2805 1333 Πνεῦμα
2854 1266 2918 1317 ἐκ
2966 1265 3062 1317 τοῦ
3092 1265 3309 1332 Πατρὸς
3333 1302 3349 1325 ,
3398 1264 3473 1327 ὡς
3503 1263 3532 1315 6
3573 1262 3667 1313 τοῦ

2098 1357 2313 1426 Πατρδς
2343 1358 2447 1427 ἔφη
2474 1358 2645 1423 Λόγος
2669 1373 2683 1387 ·
2719 1357 2841 1409 ἐπεὶ
2872 1356 2965 1409 καὶ
3012 1356 3171 1425 μόνος
3203 1355 3376 1416 αἴτιος
3406 1355 3499 1406 καὶ
3527 1354 3668 1422 ἀρχή

2096 1449 2245 1501 ἐστιν
2274 1451 2303 1502 6
2332 1449 2521 1518 Πατὴρ
2550 1450 2660 1501 τῶν
2691 1448 2878 1501 ἀϊδίων
2910 1447 2969 1512 ἐξ
3012 1447 3177 1500 αὑτοῦ
3211 1446 3404 1509 ὅντων,
3440 1460 3669 1513 μονογε-

419 1556 527 1593 una
564 1542 682 1596 sine
715 1541 885 1606 initio,
924 1552 1085 1611 prout
1111 1543 1315 1596 dictum
1352 1551 1457 1605 est,
1490 1544 1885 1598 exsistentibus
1924 1558 1991 1597 ex

2111 1540 2223 1604 νοῦς
2256 1540 2385 1593 Υίοῦ
2416 1558 2476 1593 τε
2520 1544 2614 1593 καὶ
2657 1540 2999 1608 Πνεύματος.
3045 1540 3151 1591 Σὺν
3190 1538 3268 1608 τῷ
3298 1538 3454 1604 Λόγῳ
3486 1535 3542 1588 δὲ
3580 1535 3675 1586 καὶ

419 1630 596 1699 ipsius
632 1643 824 1685 natura
876 1630 1027 1685 Filio
1057 1642 1111 1687 et
1146 1632 1379 1702 Spiritu,
1422 1633 1699 1688 individua
1752 1643 1806 1689 et
1839 1633 1892 1687 iu
1940 1649 2000 1689 se

2111 1632 2177 1703 τῷ
2207 1634 2487 1702 Πνεύματι
2521 1632 2687 1702 308
2709 1630 2871 1699 φύσει
2919 1631 3195 1697 Δεσπότης
3240 1628 3401 1682 πάλιν
3431 1628 3459 1677 6
3488 1625 3675 1697 αὐτός,

422 1724 658 1777 invicem
747 1724 866 1778 hare
938 1732 1089 1789 sunt,
1140 1733 1194 1778 et
1264 1739 1371 1778 una
1430 1726 1693 1793 potentia,
1758 1726 1998 1779 motione

2111 1726 2203 1778 καὶ
2229 1726 2329 1795 μία
2359 1725 2467 1778 τῶν
2501 1725 2639 1778 ὅλων
2674 1726 2823 1778 αίτία
2854 1722 3287 1793 δημιουργικῶς,
3311 1720 3367 1784 ἐξ
3384 1720 3483 1772 οὑκ
3505 1718 3676 1770 δντων

421 1814 726 1882 eteuergia
782 1822 1201 1883 agnoscuntur;
1249 1823 1302 1869 et
1332 1791 1474 1869 sicut
1509 1791 1728 1869 divinus
1761 1816 1837 1868 ait
1888 1813 1996 1868 Ma-

2111 1791 2285 1870 πάντα
2316 1816 2786 1886 ὑποστησάμενος,
2818 1816 2847 1868 6
2900 1791 3090 1884 Πατὴρ
3137 1811 3340 1881 δηλαδὴ
3396 1808 3534 1879 μετὰ
3577 1803 3673 1859 τοῦ

425 1906 629 1968 ximus,
670 1904 723 1957 in
752 1904 887 1959 Filio
916 1916 995 1959 est
1047 1912 1102 1959 et
1158 1907 1211 1958 iu
1253 1903 1457 1975 Spiritu
1510 1906 1691 1973 Pater,
1733 1917 1785 1963 et
1832 1906 2005 1962 Filius

2111 1908 2279 1976 Λόγου
2317 1908 2414 1962 καὶ
2467 1908 2805 1979 Πνεῦματος.
2852 1907 2945 1960 Διδ
2977 1907 3098 1960 οὐδὲ
3144 1900 3548 1974 κεχωρισμένον
3576 1896 3673 1950 τοῦ

420 2006 475 2059 in
526 1994 687 2049 Patre
719 2003 773 2048 et
834 1994 1063 2065 Spiritu,
1108 2006 1159 2052 et
1194 1996 1430 2066 Spiritus
1479 2008 1704 2054 sanctus
1737 2000 1791 2053 in
1849 1998 2006 2055 Patre

2111 2000 2241 2054 Υίοῦ
2288 2002 2349 2054 τὸ
2399 2000 2623 2072 Πνεῦμά
2672 2018 2805 2054 ποτε
2830 2041 2848 2068 ,
2900 1998 3018 2053 ἀλλ’
3055 1998 3244 2069 ὥσπερ
3287 1994 3540 2069 avena;
3589 1991 3677 2044 ἀεί

429 2098 485 2139 σοι
536 2084 698 2151 Filio,
734 2088 1043 2157 optimeque
1090 2090 1269 2144 divina
1303 2089 1464 2145 aﬂlati
1505 2091 1768 2161 sapientia
1796 2090 2006 2158 Patres,

2111 2099 2306 2151 ἐστινὸ
2338 2097 2549 2167 Πατὴρ,
2600 2098 2694 2152 καὶ
2745 2097 2887 2151 κατά
2933 2095 3099 2165 φύσιν
3135 2095 3390 2163 ἀνάρχως
3432 2088 3569 2160 ὀμοῦ
3616 2086 3676 2150 ἔξ

417 2177 663 2233 divinam
707 2179 992 2233 veritatem
1055 2180 1253 2235 docent
1283 2222 1297 2246 ,
1357 2183 1571 2236 Christo
1619 2183 2007 2251 obsequentes.

2111 2189 2273 2243 αὐτοῦ
2324 2191 2352 2242 6
2388 2188 2537 2255 Υίδς,
2577 2191 2671 2243 καὶ
2711 2188 2773 2241 16
2820 2188 3077 2256 Πνεῦμα·
3120 2188 3213 2239 καὶ
3254 2185 3375 2236 ἐπεὶ
3403 2179 3578 2235 ταῦτα
3620 2177 3679 2242 ἐξ

418 2272 606 2340 αὑτοῦ,
653 2274 749 2326 καὶ
796 2276 853 2326 ἐν
900 2273 1053 2344 αὐτῷ
1108 2274 1386 2342 φυσικῶς·
1424 2275 1641 2344 ἀπαθὴς
1689 2274 1799 2345 γάρ
1834 2275 1911 2331 ὢν
1956 2277 1985 2330 6
2027 2280 2218 2350 Πατὴρ
2246 2283 2339 2335 καὶ
2368 2282 2658 2353 ἀσώματος
2705 2286 2800 2337 καὶ
2830 2283 3058 2347 τέλειος,
3128 2280 3220 2333 καὶ
3263 2277 3485 2330 τελείων
3559 2275 3678 2327 ἐστὶ

420 2370 591 2439 πηγή.
639 2368 731 2421 Διὸ
766 2368 859 2420 καὶ
897 2367 1281 2436 συνανάρχως,
1326 2365 1402 2428 ὡς
1454 2366 1697 2437 εἴρηται,
1777 2367 1949 2421 ὄντων
2011 2370 2068 2437 ἐξ
2108 2372 2273 2425 αὐτοῦ
2305 2373 2466 2441 φύσει
2514 2374 2609 2427 τοῦ
2642 2374 2771 2427 Υἱοῦ
2818 2375 2910 2426 καὶ
2942 2371 3035 2425 τοῦ
3070 2372 3404 2441 Πνεῦματος,
3437 2368 3677 2436 ἀδιαιρέ-

420 2465 527 2525 τως
557 2462 733 2515 ταῦτα
781 2460 876 2514 καὶ
925 2461 982 2513 ἐν
1015 2459 1263 2531 ἀλλήλοις
1317 2458 1445 2523 είσὶ,
1480 2465 1574 2512 καὶ
1614 2462 1713 2531 μιᾷ
1755 2460 1983 2533 δυνάμει
2058 2466 2153 2519 καὶ
2194 2467 2405 2537 κινήσει
2455 2467 2549 2519 καὶ
2638 2467 2889 2537 ἐνεργείᾳ
2949 2466 3328 2535 γνωρίζονται.
3392 2464 3498 2517 Kal
3537 2461 3611 2523 ὡς
3646 2461 3673 2511 6

424 2559 566 2620 θεῖός
592 2573 723 2625 φησι
762 2556 1036 2625 Μάξιμος,
1067 2558 1096 2608 6
1136 2554 1325 2625 Πατὴρ
1364 2556 1424 2607 ἐν
1465 2554 1543 2623 τῷ
1580 2554 1696 2626 Υίῷ
1740 2558 1857 2609 ἐστι
1906 2558 2000 2612 καὶ
2059 2558 2140 2630 τῷ
2206 2561 2519 2631 Πνεύματιο
2572 2562 2665 2614 καὶ
2722 2563 2750 2614 6
2813 2561 2940 2623 Υἱὸς
2992 2562 3050 2612 ἐν
3088 2558 3165 2628 τῷ
3221 2558 3393 2627 Πατρὶ
3448 2556 3541 2609 καὶ
3593 2553 3672 2622 τῷ

422 2649 738 2718 Πνεῦματι·
768 2648 863 2701 καὶ
912 2646 972 2700 τὸ
1020 2645 1247 2717 Πνεῦμα
1294 2645 1355 2699 16
1397 2644 1565 2715 άγιον.
1594 2647 1653 2700 ἐν
1699 2646 1778 2718 τῷ
1817 2648 1987 2720 Πατρὶ
2026 2648 2123 2705 καὶ
2150 2651 2229 2722 τῷ
2264 2652 2399 2723 Υίῴ.
2435 2650 2540 2705 Kal
2588 2650 2766 2715 καλῶς
2804 2652 2855 2703 οἱ
2944 2651 3186 2722 Πατέρες
3245 2648 3339 2701 καὶ
3402 2646 3672 2714 Θεοσόφως

423 2744 753 2814 θεολογοῦσι,
782 2745 861 2811 τῷ
900 2744 1123 2816 Χριστῷ
1154 2742 1503 2813 ἐφεπόμενοι.

849 2839 956 2906 Qui
1002 2854 1067 2893 ea:
1106 2838 1270 2893 Patre
1317 2839 1577 2909 procedit.

499 2934 571 2987 De
588 2949 758 2988 causa
774 2932 1141 2988 testimonium
1163 2934 1510 3003 perliibeutes
1548 2934 1673 3001 quia
1693 2931 1852 2987 Pater
1878 2943 1961 2988 est
1987 2952 2001 2987 :

423 3028 609 3082 dicunt
631 3040 777 3091 vero,
796 3029 884 3093 qui
902 3042 1018 3079 cum
1041 3024 1198 3080 Patre
1214 3035 1263 3080 et
1297 3024 1434 3081 Filio
1461 3026 1721 3079 adoratur
1736 3033 1785 3079 et
1805 3024 2007 3097 gloriﬁo

2343 2837 2414 2893 Τὸ
2444 2837 2512 2891 ἐκ
2540 2837 2645 2891 τοῦ
2677 2835 2907 2906 Πατρός
2942 2836 3443 2904 ἐκπορευόμενον.

2179 2933 2286 2985 Τὸν
2330 2931 2506 2987 αἴτιον
2561 2931 2994 3003 μαρτυροῦντες,
3030 2932 3111 2984 ὅτι
3144 2931 3171 2983 6
3204 2929 3392 3000 Πατήρ
3426 2928 3563 2980 ἐστι.
3606 2924 3683 2979 Τδ

2106 3023 2183 3090 δέ,
2211 3023 2333 3078 σὺν
2363 3024 2546 3092 IIuth
2572 3023 2669 3077 καί
2697 3022 2806 3089 Υίῷ
2831 3021 3370 3091 προσκυνούμενον
3394 3020 3490 3075 καὶ
3510 3018 3685 3083 δοξα-

424 3129 597 3179 cutur,
624 3126 842 3185 propter
859 3125 1113 3169 naturam
1134 3115 1383 3170 eamdem
1404 3125 1458 3169 ct
1483 3115 1819 3175 individuam
1840 3115 1959 3185 ejus
1976 3128 2007 3168 e

2111 3115 2381 3184 ζόμενον,
2411 3116 2630 3184 λέγουσι
2661 3115 2750 3169 διὰ
2792 3116 2855 3169 16
2881 3113 3120 3185 όμοφυές
3162 3131 3220 3167 τε
3250 3114 3343 3166 καὶ
3374 3100 3683 3181 ἀδιαίρετον

424 3208 589 3261 Patre
616 3218 668 3261 et
712 3206 853 3261 Filio
901 3217 1128 3274 sortem,
1162 3207 1273 3261 imo
1331 3206 1527 3262 exinde
1555 3223 1585 3262 e
1614 3207 1794 3261 ’Patre
1823 3206 2007 3260 divina

424 3299 652 3352 scientia
706 3298 990 3366 loquentes
1044 3296 1307 3366 Spiritum
1341 3298 1485 3352 clare
1518 3297 1830 3352 ostendunt.
1875 3294 2010 3349 Eru-

425 3388 649 3440 bescant
678 3370 809 3454 erga
855 3386 1147 3439 novitatem
1192 3393 1544 3455 spargentes;
1579 3388 1753 3454 primo
1788 3384 2007 3454 quidem

428 3482 686 3532 dixerunt
747 3476 999 3532 Patres:
1040 3475 1141 3541 Qui
1197 3494 1260 3531 ex
1310 3477 1469 3533 Patre
1521 3478 1754 3547 procedit
1784 3515 1797 3536 .
1858 3476 2009 3530 nullo

426 3570 590 3625 modo
630 3578 931 3624 statuentes
971 3578 1017 3623 et
1041 3585 1070 3625 e
1102 3568 1246 3623 Filio
1275 3587 1294 3635 ;
1326 3571 1537 3637 deinde,
1572 3570 1660 3639 qui
1693 3584 1809 3622 cum
1848 3566 2010 3621 Patre

427 3673 480 3715 et
513 3659 655 3713 Filio
700 3659 857 3713 simul
887 3660 1146 3713 adoratur
1195 3670 1244 3714 et
1288 3660 1750 3729 conglori/icatur:
1814 3661 1995 3712 omni-

429 3757 539 3809 bus
572 3768 700 3824 ergo
733 3762 880 3824 patet
918 3755 1063 3821 quod
1093 3751 1332 3820 Spiritus
1356 3766 1575 3806 causam
1606 3766 1635 3804 a
1668 3751 1827 3807 Patre
1851 3750 2010 3805 docet

426 3864 551 3904 esse
580 3850 733 3911 illud,
764 3864 791 3903 ε
826 3847 990 3900 Patre
1036 3845 1295 3913 Spiritum
1325 3845 1463 3898 sicut
1510 3853 1557 3898 et
1593 3841 1788 3897 Filium
1819 3842 2008 3897 dicen-

428 3951 512 3995 tes
535 3981 549 4003 ,
579 3941 707 3994 illud
730 3953 888 3994 vero:
919 3937 1021 4004 Qui
1052 3953 1166 3990 cum
1195 3934 1355 3990 Patre
1378 3945 1426 3990 et
1456 3933 1597 3990 Filio
1627 3934 1789 3989 simul
1814 3933 2009 3990 adora-

430 4044 519 4085 tur
543 4042 592 4087 et
648 4031 1115 4101 congloriﬁcatur,
1151 4027 1440 4083 Trinitatis
1473 4028 1818 4084 individuum
1850 4027 2010 4082 docet

428 4136 484 4177 et
508 4123 806 4179 voluntatis
839 4122 1208 4192 potentiaque
1254 4124 1309 4175 in
1334 4121 1508 4177 tribus
1524 4122 1813 4176 unitatem.
1835 4118 2010 4175 Nemo

428 4229 560 4284 ergo
595 4215 959 4283 blaspliemet,
996 4228 1159 4268 nemo
1179 4214 1361 4269 dicere
1391 4213 1742 4283 audeatquod
1774 4211 2007 4267 Verbum

432 4309 571 4360 Detts
602 4306 768 4359 homo
808 4304 987 4360 factus
1014 4304 1257 4358 divinam
1310 4306 1557 4372 pandens
1583 4304 1863 4358 scientiam
1898 4317 2008 4358 non

431 4396 698 4451 enarravit
720 4408 856 4459 ;uec
874 4395 1081 4447 adhuc:
1112 4391 1350 4457 Hittam,
1372 4401 1448 4458 et,
1477 4392 1553 4446 De
1566 4407 1678 4445 meo
1700 4394 2011 4461 accipiet,et

2113 3209 2304 3263 τούτου
2332 3210 2398 3261 ἐκ
2426 3207 2520 3261 τοῦ
2553 3206 2769 3279 Πατρός
2795 3224 2856 3260 τε
2895 3208 2989 3260 καὶ
3018 3205 3151 3259 Υίοῦ
3180 3221 3197 3239 ⁶
3233 3204 3329 3258 καὶ
3366 3204 3568 3273 μᾶλλον
3598 3202 3688 3254 ἐν-

2112 3299 2305 3354 τεῦθεν
2331 3300 2394 3353 ἐκ
2433 3298 2528 3352 τοῦ
2563 3299 2776 3371 Πατρδς
2802 3297 3182 3367 θεολογοῦντες
3212 3296 3272 3351 16
3319 3295 3542 3363 Πνεῦμα
3571 3294 3683 3347 δεί-

2112 3408 2331 3445 κνυνται
2383 3390 2671 3461 άριδήλως.
2732 3390 3187 3461 Αίσχυνέσθωσαν
3218 3387 3309 3442 οὖν
3344 3388 3393 3441 οί
3442 3403 3688 3440 καινοτο-

2115 3482 2364 3555 μοῦντες.
2393 3482 2669 3553 Πρότερον
2710 3483 2812 3553 μὶν
2859 3480 2970 3552 γὰρ
3017 3482 3302 3552 είρήκασιν
3333 3482 3383 3532 0i
3419 3478 3685 3547 Πατέρες,

2111 3576 2180 3629 τὸ
2201 3575 2270 3628 ἐκ
2302 3573 2409 3627 τοῦ
2447 3575 2676 3641 Πατρός
2719 3573 3220 3641 ἐκπορευόμενον,
3254 3570 3329 3641 μὴ
3361 3556 3688 3639 προσθέντες

2116 3666 2407 3738 μηδαμῶς,
2444 3667 2541 3720 καί
2582 3666 2649 3720 ἐκ
2674 3665 2782 3721 τοῦ
2834 3665 2993 3732 Υίοῦ,
3028 3664 3254 3733 ὕστερον
3279 3662 3325 3717 δ’
3353 3656 3444 3727 αὖ,
3473 3659 3540 3714 τὸ
3565 3657 3687 3712 σὺν

2110 3759 2295 3827 Πατρί
2336 3758 2436 3811 καί
2469 3756 3286 3827 Υίῷισυμπροσκυνούμεγον
3316 3754 3413 3808 καὶ
3462 3750 3685 3806 συνδο-

2112 3849 2462 3918 ξαζόμενον.
2492 3850 2662 3919 Δῆλον
2696 3846 2790 3903 οὖν
2817 3849 3025 3902 ἅπασιν
3045 3850 3128 3903 ὅτι
3153 3851 3329 3901 ἐκεῖνο
3366 3847 3462 3916 μὲν
3498 3846 3596 3915 τὴν
3623 3846 3685 3894 ἐκ

2110 3942 2205 3995 τοῦ
2234 3943 2454 4011 Πατρδς
2487 3942 2669 3996 αἰτίαν
2701 3942 2795 3994 τοῦ
2834 3940 3149 4010 Πνεῦματος
3186 3940 3448 4001 διδάσκει,
3487 3938 3556 3990 ἐκ
3581 3935 3685 3990 τοῦ

2110 4031 2339 4101 Πατρός
2371 4032 2438 4085 τὸ
2470 4032 2715 4102 Πνεῦμα
2745 4033 2826 4097 ὡς
2852 4033 2950 4086 καί
2974 4035 3007 4086 ό
3045 4033 3195 4097 ΥΙὸς,
3222 4031 3494 4097 λέγοντες,
3528 4028 3589 4079 16
3605 4028 3684 4088 δὲ.

2109 4122 2233 4177 σὺν
2261 4121 2443 4189 Harp!
2473 4122 2571 4174 καί
2603 4122 2684 4188 τῷ
2734 4120 2847 4186 Υίῷ
2890 4123 3559 4192 συμπροσκυνούμενον
3586 4116 3682 4171 καί

2109 4214 2664 4286 συνδοξαζόμενον,
2701 4216 2764 4268 16
2808 4215 3119 4286 ἀδιαίρετον
3165 4214 3264 4283 τῆς
3310 4213 3560 4283 Τριάδος,
3591 4210 3684 4264 καὶ

2108 4306 2170 4360 16
2192 4306 2485 4375 όμοϐουλές
2510 4324 2570 4360 τε
2592 4306 3069 4376 καὶόμοδύναμον.
3102 4305 3304 4374 Μηδεὶς
3327 4302 3685 4373 τοίνυν,βλισ-

2111 4397 2368 4467 φημείτω
2394 4438 2410 4464 ,
2453 4398 2589 4467 μηδὲ
2634 4398 2891 4468 τολμάτω
2934 4397 3147 4465 λέγειν,
3185 4398 3320 4466 ὅπερ
3353 4399 3380 4448 6
3413 4395 3544 4458 6:6;
3592 4393 3688 4446 A6—

432 4486 654 4545 similia,
678 4492 977 4549 ρτωιοιιυε
992 4483 1059 4538 ad
1085 4482 1575 4552 blasphemandum
1602 4493 1834 4537 novotor
1854 4484 2009 4538 inve-

2120 4505 2216 4557 γος
2268 4488 2696 4559 ἐνανθρωπήσας
2753 4489 3023 4557 θεολογῶν
3075 4490 3175 4542 οὐκ
3249 4489 3524 4542 ἐθέσπισε.
3581 4486 3690 4538 Kal

433 4579 551 4633 nire
572 4580 737 4648 lingat
758 4594 774 4631 :
800 4577 913 4630 haec
933 4575 1097 4629 luturi
1123 4575 1384 4644 temporis
1407 4583 1459 4629 et
1478 4584 1696 4645 propter
1708 4589 1831 4641 nos,
1849 4574 2020 4644 Spiri-

435 4684 520 4725 ltts
544 4686 670 4726 vero
686 4678 810 4723 ante
829 4677 1389 4737 temporamosautem
1410 4669 1682 4736 posterius
1704 4667 1849 4733 lacti,
1867 4669 2017 4737 plas-

435 4763 589 4825 mati,
606 4758 1102 4814 etcliarismatibus
1119 4756 1305 4812 donati
1332 4767 1611 4822 stitnus,et
1635 4768 1857 4827 accepto
1899 4756 2020 4827 Spi-

437 4852 544 4904 ritu
568 4864 673 4903 nou
696 4849 937 4919 Spiritus
958 4860 1251 4916 personam
1272 4847 1587 4916 accepimus
1607 4860 1704 4901 nee
1720 4845 2023 4900 divinitatis

437 4954 712 5006 naturam,
733 4940 826 4995 sed
856 4939 1087 5008 gratiam
1106 4946 1161 4992 et
1184 4937 1417 5004 donum,
1433 4936 1578 5006 quod
1602 4946 1656 4991 et
1692 4952 1789 5006 pro
1812 4936 2022 4990 viribus

436 5035 704 5091 nostriset
723 5032 919 5086 ordine
936 5044 1207 5099 congruo,
1258 5040 1314 5085 et
1353 5027 1443 5083 hic
1488 5027 1693 5082 Christi
1734 5027 2021 5096 preplietn,

438 5127 526 5181 Ille
573 5126 878 5193 apostolus,
902 5122 1005 5177 iste
1039 5121 1299 5191 magister
1337 5129 1392 5175 et
1433 5119 1635 5188 linguis
1690 5119 1922 5187 loquens
1969 5127 2025 5172 et

439 5218 749 5273 sanationcs
776 5214 1036 5275 ellieiens.
1060 5212 1188 5267 huic
1205 5212 1487 5282 sapientiae
1509 5227 1713 5273 sermo,
1739 5211 1814 5263 illi
1846 5211 2025 5264 scien-

437 5311 524 5363 tia:
554 5308 715 5362 datus
738 5304 938 5371 est,alii
992 5303 1409 5372 interpretatio;
1456 5302 1548 5355 alii
1572 5301 1830 5355 discretio
1865 5301 2027 5371 spiri-

438 5412 591 5454 tuum
611 5417 625 5453 :
649 5400 765 5452 hanc
790 5407 971 5451 autem
996 5395 1179 5448 omnia
1203 5404 1460 5464 operatur
1482 5409 1622 5447 unus
1643 5393 1835 5447 ctitem
1854 5392 2031 5461 Spiri-

440 5506 548 5551 tus,
576 5490 912 5544 distribuens
951 5487 1364 5555 singulis-prout
1389 5489 1521 5549 vult,
1572 5495 1633 5539 ut
1667 5486 1744 5539 ait
1802 5484 2023 5539 Paulus.

438 5586 706 5637 (Steterunt
730 5583 1005 5637 charisma
1020 5581 1280 5651 Spiritus‘,
1304 5596 1410 5633 non
1432 5583 1686 5633 naturam
1706 5578 1905 5646 accipit
1933 5586 2027 5646 qui

440 5673 708 5741 Spiritum
736 5674 972 5742 accipit;
1002 5683 1057 5727 et
1087 5673 1390 5727 amittam
1422 5682 1475 5726 et
1498 5672 1701 5725 dixisse
1722 5707 1737 5735 ,
1785 5670 2031 5738 Accipite

442 5766 707 5836 Spiritum
738 5773 1010 5831 sanctum,
1046 5780 1149 5817 non
1185 5774 1308 5817 tunc
1338 5764 1865 5846 procCss‘iﬁC'dgde‘i
1900 5761 2027 5831 Spi-

2120 4579 2284 4632 πάλιν
2319 4580 2393 4649 μὴ
2432 4581 2494 4631 τδ
2526 4579 2765 4648 πέμψω,
2797 4580 2893 4632 καὶ
2919 4580 2979 4632 16
3002 4580 3071 4643 ἐξ
3100 4578 3248 4649 ἐμοῦ
3282 4578 3566 4647 λήψεται,
3596 4581 3689 4631 καὶ

2120 4674 2190 4725 τά
2227 4672 2478 4737 τοιαῦτα,
2506 4672 2813 4740 προφάσεις
2841 4671 2923 4733 είς
2942 4672 3003 4723 16
3033 4670 3376 4741 βλασφημεῖν
3398 4672 3425 4721 6
3446 4686 3691 4723 καινοτο-

2122 4761 2239 4831 μῶν
2270 4761 2597 4828 εὑρισκὲτω.
2650 4759 2836 4815 Ταῦτα
2882 4760 2991 4831 γὰρ
3040 4760 3326 4831 μέλλοντος
3372 4760 3567 4830 χρόνου
3597 4760 3691 4812 καὶ

2120 4853 2188 4907 δι’
2218 4853 2398 4923 ἡμᾶς·
2452 4853 2513 4905 16
2540 4853 2597 4906 δὲ
2629 4854 2851 4923 Πνεῦμα
2899 4854 3096 4925 προῆν.
3145 4851 3340 4923 Ἥμείς
3380 4852 3437 4905 δέ
3464 4852 3695 4921 γεγόνα-

2125 4961 2227 5015 μεν
2260 4946 2357 4997 καὶ
2380 4943 2805 5014 ἀνεπλάσθημεν
2836 4944 2931 4998 καὶ
2970 4943 3389 5013 ἐχαριτὼθημεν
3426 4943 3655 5013 ὕστερον
3678 4958 3694 4973 ·

2123 5035 2218 5089 καὶ
2274 5033 2529 5096 λαϐόντες
2600 5032 2865 5101 Πνεῦμα,
2925 5032 3025 5101 οὐχ
3075 5032 3377 5085 ὑπόστασιν
3428 5031 3697 5100 ἐλάϐομεν

2126 5123 2469 5193 Πνεύματος,
2514 5124 2633 5178 οῦδέ
2666 5123 2830 5195 φύσιν
2875 5123 3167 5193 θεότητος·
3207 5123 3343 5178 ἀλλὰ
3388 5123 3549 5195 χάριν
3600 5122 3699 5177 καὶ

2122 5214 2352 5284 δωρεάν,
2380 5218 2473 5268 καὶ
2505 5215 2715 5285 ταύτην
2742 5214 2843 5285 τῆς
2871 5216 3152 5285 δυνάμεως
3185 5218 3342 5287 ἡμῶν
3371 5216 3462 5268 καὶ
3492 5216 3699 5281 τάξεως

2125 5308 2428 5376 ἀναλόγως.
2465 5307 2578 5361 Kal
2605 5308 2634 5358 6
2664 5309 2764 5378 μὲν
2807 5309 2925 5361 ἐστι
2959 5309 3244 5379 προφήτης
3291 5308 3550 5379 Χριστοῦ,
3583 5311 3611 5361 6
3638 5308 3700 5360 δέ

2125 5396 2445 5462 ἀπόστολος,
2496 5398 2525 5450 6
2576 5398 2633 5450 δὲ
2666 5398 3009 5463 διδάσκαλος,
3058 5399 3156 5451 καὶ
3192 5397 3466 5468 γλώσσαις
3495 5398 3699 5464 λαλῶν,

2128 5490 2219 5541 καὶ
2254 5490 2456 5558 ἰάματα
2492 5489 2749 5559 ἐνεργῶν.
2800 5491 2911 5545 Kal
2939 5490 3020 5559 τῷ
3061 5492 3162 5561 μὲν
3194 5491 3354 5560 λόγος
3393 5492 3586 5560 σοφίας
3614 5490 3699 5544 δι-

2126 5578 2300 5644 δοται,
2330 5578 2408 5649 τῷ
2438 5579 2495 5631 δὲ
2532 5578 2808 5649 γνώσεως,
2839 5581 2989 5651 άλλῳ
3036 5581 3095 5635 δι
3141 5582 3432 5653 ἑρμηνεία,
3461 5584 3607 5652 ἄλλῳ
3640 5580 3700 5635 δὲ

2128 5669 2438 5739 διακρίσεις
2473 5674 2825 5739 πνευμάτων.
2861 5673 3047 5726 Ταῦτα
3093 5673 3151 5726 δέ
3184 5675 3360 5728 πάντα
3390 5676 3603 5743 ἐνεργεῖ
3638 5674 3701 5725 16

2132 5761 2191 5839 ἓν
2226 5762 2318 5814 καὶ
2337 5762 2405 5844 16
2448 5764 2577 5818 αὐτὸ
2622 5765 2866 5835 Πνεῦμα,
2898 5767 3137 5840 διαιροῦν
3169 5770 3382 5840 ἑκάστῳ
3408 5769 3480 5833 ὡς
3512 5764 3697 5838 βούλε-
