4094 6194
527 257 639 325 795

1371 266 1756 330 SYMEON-lS
1819 271 2110 330 TllESSA
2127 275 2580 341 LONlCENSlS
2625 284 2982 347 ARCHIEP.

3669 298 3762 358 iiii

527 389 638 443 quo
669 375 844 448 magis
873 385 1016 445 patet
1051 376 1210 443 illud,
1247 378 1460 434 scilicet
1513 381 1555 433 si
1616 381 1809 450 purius
1862 384 2110 451 apparuit

2217 389 2308 442 τοῦ
2339 391 2591 463 Σωτῆρος
2619 396 2861 466 Χριστοῦ
2890 396 3134 468 μαθηταὶ
3159 397 3320 452 τοῦτο
3348 399 3554 466 ἕλαόον,
3582 405 3760 461 ἐπικαο

528 468 904 539 apostolisque
933 470 1120 523 datum
1165 479 1255 525 est
1277 481 1333 525 et
1359 487 1457 542 per
1477 487 1573 527 eos
1597 472 1970 533 credentibus.
1999 493 2103 529 non

522 569 707 621 tamen
761 562 926 631 hujus
983 563 1167 617 datam
1225 579 1349 619 esse
1403 580 1694 634 personam
1754 581 1769 620 :
1827 568 2106 638 quomodo

521 653 668 708 enim
696 655 838 722 quod
870 654 991 710 sine
1019 656 1270 723 partibus
1323 665 1408 710 est
1441 658 1628 713 multis
1695 659 1944 728 partibus
1973 675 2108 713 con-

520 743 712 808 Stahit,
744 757 797 800 et
825 747 968 815 quod
995 747 1116 802 sine
1139 746 1309 817 ﬁgura
1344 749 1708 818 materiaque,
1771 749 1826 803 in
1880 751 2107 803 materia

524 838 770 910 etﬁgura
806 840 956 895 erit?
980 840 1085 894 Sed
1157 842 1278 895 data
1305 854 1434 896 sunt
1459 844 1789 898 charismata
1821 853 1876 898 et
1905 843 2108 899 Christi

521 929 811 1000 discipulis
838 930 1033 985 latiora
1062 947 1225 1000 quam
1246 933 1552 1004 prophetis.
1585 933 1702 989 Non
1729 936 1873 989 enim
1906 935 1973 988 ad
2007 950 2109 986 na-

523 1021 727 1077 tionem
761 1037 946 1083 unam.
981 1023 1074 1078 sed
1106 1025 1171 1077 ad
1201 1039 1396 1080 omnes
1445 1025 1601 1079 missi
1635 1034 1790 1091 sunt,
1826 1035 1884 1080 et
1923 1024 2111 1080 conie-

519 1116 647 1170 stim
705 1118 985 1186 proprimu
1013 1117 1145 1187 ipsis
1168 1117 1442 1172 charisma
1483 1134 1496 1169 :
1532 1115 1910 1186 Loquebantur
1935 1120 2110 1183 enim,

519 1209 721 1280 inquit,
760 1211 976 1280 linguis,
1009 1218 1077 1279 et;
1106 1210 1515 1280 prophetabant.
1572 1211 1756 1281 Itaque
1812 1229 1910 1278 per
1960 1214 2110 1284 ipsos

516 1300 724 1370 Spiritu
784 1301 997 1356 adlatos
1079 1312 1374 1358 renovatus
1450 1313 1534 1358 est
1617 1304 1790 1370 orbis,
1831 1320 2018 1358 verum
2052 1305 2107 1359 in

515 1393 786 1450 Trinitate
819 1395 990 1449 Deum
1018 1409 1345 1467 agnoscens,
1375 1405 1430 1451 et
1455 1396 1563 1452 Deo
1608 1398 1837 1453 adltmsit
1865 1397 2105 1468 Spiritus

512 1487 745 1558 gratiam
775 1487 1082 1556 accipiens.

2214 483 2466 547 θίσαντος
2519 486 2703 550 αὐτοῖς
2748 487 2842 540 τοῦ
2897 489 3213 560 Πνεύματος
3265 493 3321 544 ὲν
3371 492 3497 546 εῖδει
3544 497 3761 567 πυρίνων

2212 578 2478 646 γλωσσῶν
2503 597 2517 612 ο
2551 581 2581 634 ὃ
2607 582 2670 654 δὴ
2705 583 2909 652 μᾶλλον
2941 585 3092 654 δηλοῖ
3145 587 3229 641 ὅτι
3275 587 3325 639 εί
3354 588 3444 640 καὶ
3473 589 3754 662 καθαρώτε-
3817 611 3832 616 ’

2217 687 2309 739 ρον
2338 672 2608 742 ἐπεφάνη,
2635 676 2728 726 καὶ
2759 675 2915 745 ἐδόθη
2947 677 3058 737 τοῖς
3091 677 3269 730 ἀποστ
3282 677 3436 744 ὅλοις,
3467 679 3560 734 καὶ
3589 680 3761 736 διἀὐο

2215 760 2324 813 τῶν
2369 765 2484 825 τοῖς
2535 765 2929 830 πιστεύσασιν,
2979 766 3220 837 ἀλλὀὐχ
3271 768 3559 834 ὑπόστασις
3606 771 3764 826 δέδοτο

2216 852 2446 906 τούτου·
2506 855 2623 918 πῶς
2673 857 2780 926 γὰρ
2827 859 2888 910 τὸ
2935 860 3142 930 ἀμερὲς
3195 861 3497 931 πολυμερές
3523 879 3538 928 ;
3583 865 3672 917 καὶ
3712 866 3763 918 τὸ

2216 945 2632 1014 ἀσχημάτιστον
2667 951 2760 1002 καὶ
2799 950 2964 1004 ἄῦλον
2987 990 3002 1015 ,
3041 950 3117 1014 ὡς
3154 952 3210 1003 ὲν
3248 952 3349 1023 ὕλῃ
3384 954 3475 1004 καὶ
3510 955 3765 1023 σχήματι;

2216 1033 2355 1087 ἀλλὰ
2389 1037 2455 1088 τὰ
2496 1037 2813 1106 χαρίσματα
2851 1039 3083 1094 δέδοται.
3124 1041 3233 1093 Καὶ
3273 1042 3548 1110 ὲξήπλωτο
3583 1042 3768 1110 μᾶλλον

2217 1126 2392 1180 ταῦτα
2434 1131 2492 1180 ὲν
2524 1132 2636 1190 τοῖς
2677 1129 2917 1200 Χριστοῦ
2959 1135 3230 1196 μαθηταῖς
3267 1131 3298 1202 ἢ
3337 1135 3395 1183 ὲν
3425 1136 3535 1194 τοῖς
3569 1137 3763 1202 προφήο

2215 1238 2356 1294 ταις.
2397 1223 2471 1276 Uti
2513 1224 2621 1294 γὰρ
2655 1225 2734 1287 είς
2772 1224 2926 1288 ἔθνος
2959 1225 3052 1291 ἓν,
3087 1225 3204 1279 ἀλλ’
3231 1228 3312 1290 είς
3347 1226 3551 1290 πάντας
3585 1229 3763 1293 ἐξαπε-

2217 1312 2500 1365 στέλλοντο
2519 1329 2532 1342 ·
2565 1315 2660 1366 καὶ
2687 1315 2887 1367 οἰκεῖον
2917 1315 3080 1380 εὐθὺς
3103 1318 3163 1370 τὸ
3194 1319 3465 1387 χάρισμα,
3494 1319 3764 1373 Ἐλιίλουν

2214 1401 2355 1472 γὰρ,
2391 1405 2526 1471 φησὶ
2547 1444 2560 1468 ,
2595 1403 2932 1473 γλώσσαις,
2955 1407 3054 1460 καὶ
3096 1410 3530 1478 προεφήτευον.
3563 1411 3646 1463 Διὸ
3681 1412 3765 1467 καὶ

2213 1490 2279 1542 δι’
2305 1491 2486 1544 αὐτῶν
2533 1494 2813 1563 Πνεύματι
2851 1498 3189 1565 κινουμένων
3229 1500 3262 1567 ὴ
3307 1500 3486 1560 κτίσις
3523 1501 3768 1554 ἀνεκαινί-

512 1580 611 1651 οθη
633 1623 648 1648 ,
681 1573 773 1634 τὸν
803 1582 971 1646 ὅντως
1005 1582 1306 1649 ἐπιγνοῦσα
1339 1582 1472 1636 Θεὸν
1507 1583 1596 1636 τὸν
1631 1584 1688 1636 ἐν
1722 1583 1914 1650 Τριάδι
1944 1601 1955 1614 ·
1996 1585 2092 1638 καὶ
2121 1583 2238 1654 Θεῷ
2269 1586 2478 1655 mean,
2513 1588 2612 1658 τὴν
2642 1589 2801 1658 χάριν
2831 1590 3072 1645 λαϐοῦσα
3100 1590 3194 1646 τοῦ
3229 1593 3558 1662 ιΙνεύματος.

848 1677 950 1739 Qui
992 1675 1196 1728 locutus
1233 1685 1308 1729 est
1339 1691 1430 1742 per
1456 1678 1759 1744 prophetas.

579 1763 720 1832 Quia
764 1765 971 1821 Christi
1007 1782 1288 1836 praecones
1321 1770 1404 1822 isti
1438 1779 1491 1822 et
1523 1769 1614 1822 Dei
1644 1769 1880 1838 Spiritu,
1914 1778 1973 1824 ut
2005 1769 2102 1823 di—

513 1871 658 1913 ctum
692 1867 796 1925 est,
821 1860 952 1924 acti,
989 1859 1278 1929 loquentes
1309 1860 1359 1913 in
1389 1877 1573 1922 unam,
1607 1870 1888 1926 sanctam,
1917 1861 2106 1915 catho-

513 1956 672 2013 ticam
708 1961 762 2006 et
808 1952 1163 2022 apostolicam
1200 1952 1522 2006 Ecclesiam.
1577 1953 1629 2006 lu
1665 1968 1826 2006 unam
1859 1953 2106 2020 quidem,

510 2046 636 2112 quia
668 2043 808 2100 idem
841 2045 982 2114 legis
1010 2051 1064 2099 et
1091 2044 1279 2116 gratia:
1326 2045 1487 2110 Deus,
1522 2053 1577 2099 et
1628 2045 1756 2115 quia
1812 2061 1921 2100 una
1961 2045 2104 2099 facta

512 2146 596 2191 est
646 2136 962 2206 angelorum
1026 2147 1080 2190 et
1141 2135 1422 2190 hominum
1478 2148 1644 2203 super
1685 2133 2101 2189 fundamentum

512 2229 884 2298 apostolorum
935 2238 987 2282 et
1029 2227 1422 2297 prephetarum
1473 2226 1716 2291 ftimlata,
1745 2234 1799 2281 et
1843 2225 1935 2296 qui
1993 2241 2102 2280 una

515 2318 668 2384 tides,
693 2334 864 2373 unum
895 2318 1188 2389 baptisma,
1231 2327 1284 2371 et
1340 2333 1482 2372 unus
1526 2318 1803 2382 Christus,
1832 2319 1924 2387 qui
1979 2333 2098 2372 eam

512 2409 888 2478 congregavit,
952 2409 1118 2478 hujus
1151 2409 1290 2478 lapis
1350 2407 1629 2476 angularis
1677 2416 1730 2461 et
1776 2408 2100 2462 fundamen-

515 2515 650 2559 tum.
701 2502 955 2558 Sanctam
1019 2517 1147 2556 vero
1200 2510 1461 2572 tanquam
1517 2517 1545 2555 a
1601 2502 1811 2569 Spiritu
1853 2501 2098 2556 sanctili-

511 2609 686 2650 catam
729 2603 782 2652 et
807 2593 1028 2649 Christo
1077 2593 1284 2648 unitam
1341 2609 1437 2663 per
1501 2593 1829 2662 baptismum
1873 2601 1927 2648 et
1953 2593 2100 2658 ebri-

511 2703 652 2752 sma,
679 2687 1042 2743 sacerdotium
1072 2698 1127 2741 et
1164 2686 1395 2738 aliorunt
1433 2686 1820 2754 mysteriorum
1853 2698 2101 2739 commn-

513 2779 757 2842 nionem,
805 2781 1015 2850 absque
1069 2779 1281 2833 tutacula
1327 2787 1380 2831 et
1409 2775 1631 2832 Christo
1679 2777 2097 2848 desponsatam.

504 2873 844 2928 Catholicam
905 2883 1090 2928 autem
1175 2881 1434 2940 tanquam
1483 2886 1515 2926 e
1588 2871 1804 2941 populis
1879 2873 2099 2927 cunctis

503 2967 725 3021 Christo
749 2973 1159 3036 congregatam,
1209 2979 1340 3019 vera
1397 2964 1631 3020 scientia
1660 2964 1916 3032 dilatam,
1969 2973 2024 3019 et
2066 2980 2094 3017 a

2457 1683 2526 1734 Td
2569 1682 2863 1754 λαλῆσᾳν
2896 1683 2995 1737 διὰ
3032 1684 3149 1736 τῶν
3185 1684 3529 1753 προφητῶν.

2283 1774 2404 1827 Ὀτι
2437 1777 2679 1844 κήρυκες
2706 1779 2799 1829 καὶ
2829 1771 2974 1830 οὗτοι
3005 1778 3268 1846 Χριστοῦ,
3297 1780 3427 1849 θείῳ
3459 1779 3761 1850 κινούμενοι,

2205 1866 2279 1928 ὡς
2297 1869 2538 1935 εἴρηται,
2560 1869 2862 1939 Πνεύματι,
2881 1873 2974 1924 καὶ
3006 1871 3295 1934 λαλοῦντες
3326 1875 3407 1935 εἰς
3439 1873 3582 1941 μίαν,
3599 1874 3763 1939 ἁγίαν,

2204 1961 2499 2032 καθολικὴν
2550 1967 2643 2015 καὶ
2691 1963 3060 2033 ἀποστολικὴν
3104 1964 3464 2034 Ἐκκλησίαν.
3513 1965 3602 2028 Είς
3650 1965 3766 2036 μίαν

2207 2055 2328 2122 μὲν,
2357 2054 2437 2107 ὅτι
2467 2055 2496 2106 ό
2527 2055 2689 2118 αύτὶς
2718 2055 2854 2118 Θεὸς
2879 2054 2976 2110 τοῦ
3007 2055 3173 2126 νόμον
3200 2074 3261 2109 τε
3292 2057 3392 2111 καὶ⁵
3416 2058 3510 2127 τῆς
3540 2058 3764 2128 χάριτος,

2205 2148 2298 2200 καὶ
2329 2149 2411 2201 ὅτι
2447 2147 2546 2218 μία
2575 2149 2799 2217 γέγονεν
2831 2150 3078 2218 ἀγγέλων
3109 2169 3169 2204 τε
3198 2153 3294 2204 καὶ
3323 2151 3654 2222 ἀνθρώπων,
3681 2168 3764 2203 τε-

2204 2239 2585 2310 θεμελιωμὲνη
2629 2243 2726 2295 ἐπὶ
2765 2241 2847 2312 τῷ
2891 2242 3127 2312 θεμελίῳ
3175 2243 3282 2296 τῶν
3326 2244 3638 2296 ἀποστόλων
3680 2243 3767 2296 καὶ

2205 2335 2507 2404 προφητῶν
2528 2349 2542 2368 ο
2572 2338 2666 2389 καὶ
2691 2336 2775 2388 ὅτι
2805 2335 2903 2404 μία
2929 2336 3135 2399 πίστις,
3163 2335 3222 2388 ἓν
3250 2336 3557 2406 βάπτισμα,
3583 2336 3670 2388 καὶ
3693 2331 3765 2400 εἷς

2201 2429 2230 2481 ό
2260 2428 2497 2496 Χριστὸς
2526 2431 2554 2482 ὁ
2583 2427 2789 2498 ταύτην
2819 2428 3176 2497 συναγαγὼν,
3209 2428 3238 2481 ό
3269 2431 3658 2499 ἀκρογωνιαῖος
3685 2430 3760 2481 λίς

2203 2521 2294 2583 οος
2325 2521 2492 2590 αὐτῆς
2522 2522 2616 2573 καὶ
2649 2521 2901 2590 θεμέλιος
2926 2537 2942 2554 ο
2976 2521 3140 2589 ἁγίαν
3169 2522 3226 2576 δὲ
3249 2563 3266 2587 ,
3295 2503 3373 2585 ὡς
3401 2522 3478 2591 τῷ
3509 2523 3764 2587 Πνεύματι

2201 2611 2677 2682 καθηγιασμένην,
2723 2613 2818 2667 καὶ⁵
2853 2612 2932 2684 τῷ
2976 2613 3199 2683 Χριστῷ
3245 2613 3555 2683 ήκωμένην,
3594 2612 3676 2670 διὰ
3711 2630 3765 2665 τε

2203 2703 2584 2773 βαπτίσματος
2615 2705 2711 2758 καὶ
2739 2703 3049 2774 χρίσματος
3070 2744 3085 2769 ,
3118 2705 3424 2776 ἱερωσύνης
3455 2723 3512 2758 τε
3543 2705 3633 2758 καὶ
3659 2719 3764 2758 κοι-

2202 2795 2396 2859 νωνίας
2427 2797 2521 2849 καὶ
2549 2796 2660 2850 τῶν
2687 2795 2892 2850 λοιπῶν
2927 2799 3278 2868 μυστηρίων,
3311 2797 3543 2851 ἄσπιλον
3573 2790 3729 2850 οὖσαν
3749 2838 3760 2857 ,

2201 2889 2296 2941 καὶ
2336 2889 2792 2960 νενυμφευμένην
2826 2889 3050 2958 Χριστῷ
3074 2906 3088 2921 ⁸
3132 2891 3435 2961 καθολικὴν
3467 2891 3556 2954 δὲ,
3591 2889 3664 2952 ὡς
3706 2889 3765 2942 ἐκ

2202 2983 2419 3035 πάντων
2445 2981 2552 3034 τῶν
2578 2980 2747 3034 ὲθνῶν
2774 2981 2849 3052 τῷ
2879 2981 3099 3052 Χριστῷ
3132 2984 3514 3052 συναχθεῖσαν,
3567 2987 3656 3035 καὶ
3679 2980 3767 3050 τὴν

506 3058 784 3128 prophetis
819 3058 1176 3112 fundamento
1210 3058 1385 3128 pesita
1416 3071 1514 3127 per
1545 3058 1826 3126 apostolos
1850 3057 2092 3110 aalitica-

2203 3073 2379 3143 ἁληθῆ
2412 3075 2620 3142 γνῶσιν
2651 3042 3037 3145 πλουτίισαίσαν
3058 3042 3083 3142 ,⁸
3110 3076 3207 3130 καὶ
3240 3042 3306 3127 ιζ
3337 3075 3453 3130 τῶν
3486 3042 3768 3145 προφητῶν

505 3163 639 3215 tam,
666 3162 990 3220 martyrum,
1030 3151 1346 3220 pontilicum
1374 3159 1428 3205 et
1477 3159 1785 3203 ascetarum
1812 3149 2093 3202 laboribus

503 3257 559 3296 et
611 3245 878 3312 sanguine
925 3245 1233 3296 decoratam
1281 3252 1334 3296 et
1383 3242 1639 3297 inritatam
1691 3251 1747 3295 et
1796 3240 2089 3309 perfectam

504 3332 1192 3406 apparentem,Trinitatis
1239 3332 1525 3388 scientiam
1578 3347 1713 3402 pure
1773 3332 2086 3397 habentem,

503 3429 777 3481 tihristnm
811 3429 902 3496 qui
938 3426 1265 3494 praedicatus
1294 3434 1398 3491 est,
1426 3441 1595 3480 unum
1627 3440 1657 3479 e
1699 3423 1969 3479 Trinitate
2001 3427 2086 3478 in-

503 3529 788 3572 raruatum
819 3517 1015 3572 Filium
1054 3517 1144 3571 Dei
1174 3532 1298 3571 cum
1331 3517 1493 3572 Petro
1516 3518 1891 3572 conﬁtenlem.
1941 3517 2089 3585 Apo-

503 3612 747 3667 stolicam
779 3627 906 3666 vero
937 3621 1192 3679 tanquam
1221 3610 1532 3678 specialiter
1565 3612 1633 3665 ab
1668 3611 1934 3678 apostolis
1975 3613 2086 3663 col-

504 3710 721 3772 lectam,
752 3706 1135 3774 compositam,
1159 3713 1213 3759 et
1234 3706 1526 3771 lirmatam,
1548 3713 1670 3774 post
1688 3704 1963 3759 Chrisrum
1992 3719 2084 3772 ap-

503 3798 813 3869 parentibiu
847 3796 978 3865 ipsis
1010 3795 1563 3866 lmjnsiundamentis
1591 3805 1643 3849 et
1677 3795 2080 3856 conditoribus.

501 3907 567 3944 ex
599 3893 744 3946 omni
783 3893 960 3959 lingua
994 3903 1046 3946 et
1076 3892 1278 3961 populo
1309 3892 1691 3945 universorum
1744 3890 1975 3944 Domino
2029 3903 2084 3945 et

501 3999 697 4055 magno
721 3984 955 4045 Pastori,
988 3998 1200 4054 gregem
1233 3981 1698 4053 congregantibus
1741 3983 2076 4051 conjunctim

498 4078 761 4148 apostolis
795 4079 1051 4132 omnibus
1076 4093 1090 4142 ;
1119 4088 1235 4130 meo
1257 4092 1383 4130 vera
1404 4075 1641 4129 Ecclesia
1669 4075 1720 4128 in
1742 4084 1854 4128 toto
1877 4075 2079 4130 rutundo

496 4174 709 4243 piorum
749 4167 1124 4240 congregatio,
1147 4177 1200 4222 et
1231 4167 1518 4231 catholica,
1550 4167 1792 4221 Ecclesia
1817 4167 2080 4220 orthodo-

498 4281 693 4321 wrum
723 4263 884 4319 ﬁdem
944 4263 1318 4318 conlitentium
1363 4271 1558 4324 canus,
1607 4260 1729 4313 licet
1776 4262 2074 4314 secundum

503 4360 683 4414 locum
705 4337 961 4411 Ecclesiae
986 4354 1269 4408 catholica:
1289 4355 1536 4421 quaedam
1555 4353 1831 4417 dicantur,
1859 4365 2077 4420 propter

2205 3169 2304 3236 μὲν
2339 3165 2899 3236 προθεμελιωθεῖσαν,
2936 3168 2998 3220 ὲκ
3044 3167 3210 3238 310
3234 3168 3344 3221 τῶν
3378 3168 3684 3222 ἀποστόλων
3714 3167 3767 3221 δὲ

2201 3259 2687 3330 οἰκοδομηθεῖσαν,
2745 3259 3046 3330 μαρτύρων
3095 3277 3152 3313 τε
3210 3262 3305 3313 καὶ⁵
3361 3261 3628 3331 ίερσρχῶν
3678 3259 3766 3313 καὶ

2199 3351 2458 3418 ἀσκητῶν
2487 3351 2667 3413 πόνοις
2694 3369 2753 3404 τε
2785 3354 2878 3404 καὶ
2910 3353 3108 3422 αἵμασι
3139 3354 3652 3424 κατακοσμηθείσαν
3675 3353 3764 3408 καὶ

2201 3441 2608 3514 στηριχθείσαν,
2643 3445 2739 3496 καὶ
2767 3444 2984 3500 τελείαν
3017 3447 3417 3513 ἀναφανεῖσαν,
3447 3445 3545 3517 τὴν
3573 3445 3762 3514 γνῶσιν

2199 3535 2298 3605 τῆς
2337 3533 2567 3602 Τριάδο;
2610 3535 2867 3605 καθαρῶς
2911 3530 3233 3605 ἐσχηκυῖαν,
3268 3539 3360 3590 τὸν
3401 3536 3762 3608 προκηρυττό-

2200 3643 2363 3695 μενον
2401 3626 2636 3696 Χριστὸν
2676 3626 2767 3680 τὸν
2805 3626 2902 3680 ἕνα
2941 3629 3040 3695 τῆς
3081 3629 3311 3696 Τριὰδος
3352 3629 3764 3697 σεσαρκωμένον

2199 3718 2339 3788 μετὰ
2370 3716 2464 3771 τοῦ
2502 3718 2708 3788 Πέτρου
2750 3719 2877 3771 Υίδν
2907 3718 3044 3773 Θεοῦ
3079 3719 3566 3788 καθομολογοῦσαν
3589 3735 3602 3750 ·
3637 3720 3763 3771 ἀπο-

2195 3810 2452 3881 στολικὴν
2495 3811 2576 3875 δὲ,
2621 3811 2696 3874 ῶς
2740 3810 3036 3880 ἐξαιρέτως
3081 3813 3211 3880 παρ’
3239 3813 3425 3865 αὐτῶν
3468 3813 3563 3865 καὶ
3607 3826 3759 3863 συναο

2193 3902 2540 3972 θροισθεῖσαν
2583 3903 2679 3956 καὶ
2723 3905 2999 3957 συστᾶσαν
3043 3905 3136 3957 καὶ
3180 3905 3589 3975 στηριχθεῖσαν,
3629 3900 3758 3972 μετὰ

2191 3995 2425 4064 Χριστὸν
2461 3995 2726 4066 θεμελίων
2759 3996 2941 4050 αὐτῶν
2973 3997 3141 4065 αὐτῆς
3175 3998 3271 4050 καί
3304 3999 3604 4065 οίκοδομων
3638 3995 3758 4048 ἀνα-

2191 4087 2488 4155 φανέντων,
2517 4090 2580 4140 ὲκ
2610 4089 2798 4141 πασῶν
2826 4088 3089 4156 γλωσσῶν
3117 4090 3211 4141 καὶ
3243 4089 3464 4142 πάντων
3496 4087 3662 4142 ἐθνῶν
3687 4084 3757 4156 τῷ

2192 4182 2438 4252 Δεσπότῃ
2479 4183 2591 4234 τῶν
2633 4180 2790 4245 ὅλων,
2839 4183 2933 4236 καὶ
2979 4183 3201 4252 μεγάλῳ
3237 4183 3488 4253 Ποιμένι,
3535 4183 3760 4248 ποίμνην

2187 4275 2612 4342 συναγαγόντων
2639 4274 2747 4326 τῶν
2775 4275 3090 4328 ἀποστόλων
3122 4275 3342 4328 πάντων
3373 4273 3534 4345 ὁμοῦ,
3564 4273 3641 4327 διδ
3667 4271 3758 4328 καὶ

2187 4365 2397 4434 ἀληθὴς
2437 4366 2735 4432 Ἰιῖκκλησία
2779 4367 2813 4436 ἡ
2856 4368 2914 4419 ὲν
2956 4367 3062 4438 ὅλῳ
3105 4367 3183 4436 τῷ
3227 4368 3423 4437 κόσμῳ
3464 4368 3575 4419 τῶν
3615 4367 3760 4418 edac-

499 4457 685 4506 ttatum
743 4449 851 4504 illis
899 4464 927 4501 a
981 4447 1238 4500 Patr-ibus
1284 4448 1573 4507 honorem,
1629 4459 1750 4513 qua:
1793 4447 1894 4498 hoc
1939 4453 2086 4500 recte

2200 4459 2425 4510 Ξούντων
2453 4457 2800 4525 συνάθροισις
2821 4474 2836 4488 ο
2863 4460 2958 4513 καὶ
2983 4459 3247 4530 καθολικὴ
3273 4459 3573 4528 Ἐκκλησία
3601 4459 3632 4526 η
3658 4456 3758 4508 τῶν

499 4541 838 4602 incedentes,
869 4554 974 4591 non
1009 4537 1149 4591 male
1178 4537 1481 4604 cogitantes
1517 4535 1902 4604 possederunt,
1956 4551 2079 4589 cum

500 4635 616 4703 ipse
643 4630 914 4696 Salvator,
944 4629 1086 4684 Petri
1122 4644 1227 4682 non
1257 4627 1623 4697 negationem,
1646 4627 1738 4680 sed
1767 4627 2082 4681 confessio-

501 4741 624 4782 nem
658 4734 865 4796 petram
893 4724 1186 4786 vocaverit,
1214 4723 1424 4776 scilicet
1460 4743 1471 4776 ;
1504 4720 1582 4775 Tu
1622 4736 1675 4774 es
1726 4719 1966 4775 Christus
1997 4719 2088 4773 Fi.

500 4820 604 4873 lius
646 4817 741 4872 Dei
771 4817 894 4882 vivi,
920 4827 974 4870 et
1005 4829 1170 4883 super
1190 4814 1330 4867 hanc
1377 4822 1588 4882 petram
1635 4812 1959 4868 aedificatum
2017 4813 2085 4867 iri

499 4926 656 4968 suam
689 4911 764 4964 ait
788 4909 1112 4964 Ecclesiam.
1142 4906 1376 4962 Proinde
1431 4905 1701 4962 catholica
1732 4906 1974 4961 Ecclesia
2031 4905 2085 4958 hi

500 5014 628 5058 sunt
659 5003 749 5075 qui
779 5012 923 5057 recte
954 5017 1078 5054 cum
1111 4999 1274 5054 Petro
1308 5009 1363 5054 et
1390 4998 1605 5054 czeteris
1643 4995 2086 5067 aposwliscouti-

502 5106 682 5151 tentur
709 5093 1027 5164 (Ecclesiam
1059 5093 1212 5163 dicit)
1241 5103 1497 5160 tanquam
1549 5105 1580 5145 e
1624 5090 1837 5145 cunctis
1875 5090 2086 5158 populis

501 5191 854 5238 convocatam
883 5188 938 5236 et
966 5195 1133 5252 super
1161 5182 1477 5250 angularem
1516 5178 1750 5249 lapidem
1802 5177 2080 5232 Christum

499 5274 917 5340 consolidatatn,
950 5272 1121 5328 semel
1149 5273 1250 5343 ipsi
1278 5272 1487 5326 unitam
1511 5280 1565 5326 et
1590 5272 1856 5342 integram
1874 5268 1994 5340 ejus
2018 5273 2082 5324 ti—

498 5371 619 5423 tlent
641 5375 967 5421 servantem.

2184 4549 2482 4618 όρθοδὸξων
2507 4549 2912 4620 ὁμολογούντων
2935 4552 3034 4621 τὴν
3063 4553 3244 4604 πίστιν
3266 4553 3566 4620 ὁμήγυρις,
3593 4551 3640 4601 εί
3664 4550 3752 4599 καὶ

2187 4640 2330 4692 κατὰ
2361 4642 2526 4694 τύπον
2561 4641 2847 4710 ἐκκλησίαι
2882 4642 3167 4696 καθολικαί
3197 4661 3344 4706 τινες
3377 4645 3631 4712 λέγονται
3662 4641 3744 4694 διὰ

2187 4731 2284 4799 τὴν
2319 4730 2610 4800 δεδομένην
2645 4731 2837 4794 αὐταῖς
2883 4734 2946 4786 ὲκ
2981 4733 3091 4787 τῶν
3129 4735 3387 4805 Πατέρων
3422 4737 3613 4806 τιμήν.
3651 4734 3754 4786 Καὶ

2187 4823 2348 4877 αὐταὶ
2388 4822 2444 4874 δὲ
2481 4821 2642 4876 τοῦτο
2685 4822 3084 4893 ὀρθοτομοῦσαι
3124 4826 3455 4896 κέκτηνται,
3494 4827 3556 4878 οὐ
3603 4837 3753 4877 κακο·

2192 4911 2485 4983 φρονοῦσαι
2504 4928 2518 4943 ο
2548 4913 2670 4965 ἐπεὶ
2704 4913 2798 4966 καὶ
2829 4913 2994 4976 αὐτὸς
3021 4915 3049 4967 ὁ
3078 4914 3267 4983 Σωτὴρ
3292 4915 3354 4967 οὐ
3383 4917 3484 4981 τὴν
3511 4914 3753 4984 ἄρνησιν,

2190 5003 2324 5054 ἀλλὰ
2350 5003 2447 5071 τὴν
2471 5001 2762 5070 ὁμολογίαν
2786 5002 2880 5054 τοῦ
2911 5004 3116 5070 Πέτρου
3142 5004 3346 5072 πέτραν
3370 5003 3646 5072 ὠνόμασε,
3672 4999 3751 5059 τὸ.

2188 5093 2272 5149 Σὺ
2301 5090 2354 5148 εἷ
2384 5097 2415 5147 ὁ
2445 5095 2700 5162 Χριστὸς
2730 5097 2762 5148 ὀ
2790 5095 2922 5159 Υἱὸς
2947 5095 3054 5149 τοῦ
3085 5095 3233 5150 Θεοῦ
3262 5094 3368 5149 τοῦ
3396 5094 3635 5159 ζῶντος,
3665 5089 3752 5143 καὶ

2185 5189 2277 5245 ἐπὶ
2311 5186 2483 5256 ταύτῃ
2515 5190 2581 5256 τῇ
2623 5189 2801 5256 πέτρᾳ
2841 5187 3268 5257 οἰκοδομηθῆναι
3310 5188 3476 5241 αὐτοῦ
3519 5187 3623 5256 ἔφη
3659 5183 3751 5247 τὴν

2200 5276 2549 5346 Ἐκκλησίαν.
2587 5278 2750 5330 Ὥστε
2802 5277 3064 5347 καθολικὴ
3113 5279 3410 5347 Ἐκκλησία
3462 5278 3514 5331 oi
3567 5274 3751 5346 ὁμολο-

2190 5363 2412 5432 γοῦντες
2461 5365 2622 5417 αὐτὸν
2670 5366 2809 5435 μετὰ
2855 5363 2949 5417 τοῦ
2999 5367 3208 5436 Πέτρου
3263 5371 3352 5421 καὶ
3399 5368 3510 5421 τῶν
3555 5363 3750 5419 λοιπῶν

499 5460 813 5515 ἀποστόλων
843 5460 1042 5531 ὀρθῶς.
1082 5458 1416 5530 Ἐκκλησίαν
1446 5457 1620 5526 λέγει,
1654 5457 1729 5520 ὠς
1761 5457 1824 5509 ὲκ
1856 5456 2078 5511 πάντων
2110 5458 2222 5512 τῶν
2256 5458 2428 5512 ἐθνῶν
2492 5460 2888 5530 συναχθεῖσαν,
2941 5463 3033 5514 καὶ
3070 5462 3146 5524 ὡς
3184 5464 3606 5533 συντεθειμένην
3663 5461 3749 5515 ἐπὶ

500 5557 577 5626 τῷ
608 5559 996 5628 ἀκρογωνιαίῳ
1024 5556 1161 5628 λίθῳ
1191 5556 1439 5628 Χριστῷ,
1472 5555 1767 5627 ἡνωμένην
1796 5554 1943 5624 αὐτῷ
1974 5555 2252 5622 καθάπαξ,
2282 5557 2375 5609 καὶ
2401 5558 2563 5626 ἀσινῆ
2594 5559 2785 5611 τούτου
2813 5559 2914 5629 τὴν
2946 5559 3132 5612 πίστιν
3163 5558 3563 5628 φυλάττουσαν.

499 5649 763 5717 Conﬁteor
784 5665 946 5703 unum
971 5649 1234 5717 baptisma
1252 5651 1307 5704 in
1342 5649 1703 5704 remissionem
1715 5658 2073 5715 peccatorum.

570 5741 846 5797 Bonorum
899 5742 1234 5809 maximum;
1293 5758 1397 5796 non
1461 5741 1608 5796 enim
1643 5739 1831 5810 legalis
1868 5739 2079 5795 ablutio

507 5834 778 5906 (ιυιυάιιιιι.
815 5848 922 5889 non
985 5835 1190 5892 oblatio
1228 5833 1503 5893 sensibilis
1558 5842 1649 5888 aut
1685 5833 1900 5890 victima
1960 5848 2080 5904 qua:

2259 5647 2538 5718 Ομολογῶ
2567 5650 2636 5702 ἒν
2659 5649 2982 5719 βάπτισμα
3011 5651 3098 5716 είς
3127 5649 3350 5718 ἄφεσιν
3379 5645 3686 5719 ἁμαρτιῶν.

2256 5741 2366 5796 Καὶ
2401 5742 2556 5795 τοῦτο
2589 5743 2696 5795 τῶν
2727 5742 3076 5811 δωρημάτων
3108 5742 3169 5792 τὸ
3219 5742 3472 5809 μέγιστον
3499 5755 3513 5769 ·
3548 5742 3610 5791 ‹.ὐ
3649 5751 3748 5806 γυρ

2187 5835 2382 5904 νομική
2431 5850 2509 5896 τις
2555 5833 2849 5898 ἕκπλυσις,
2890 5831 3008 5885 οὐδὲ
3051 5831 3278 5902 λατρεία
3317 5830 3552 5898 ἀἰσθητὴ
3588 5827 3620 5896 ἢ
3656 5824 3744 5878 θν-
