4094 6194
346 246 441 311 801

1430 257 1842 319 ΕΧΡοςιΤιΟ
1885 260 2101 319 SACRI
2155 263 2507 324 SYMBOLI.

3500 265 3603 326 802

345 381 438 433 ρος
469 364 660 419 τούτου
697 365 851 435 λόγος
878 383 892 433 ;
926 368 973 421 εί
1007 368 1153 433 τέλος
1191 370 1489 438 κολάσεως,
1522 376 1618 427 καὶ
1649 376 1798 439 τέλος
1834 375 1925 446 βας

2057 382 2299 436 ermiuus
2317 383 2341 434 ’ί
2361 392 2412 436 et
2433 366 2539 435 non
2559 393 2640 437 est
2667 381 2879 452 jnstitia
2902 381 3043 452 apud
3070 382 3239 435 Deum
3258 383 3280 435 ?
3298 379 3401 436 Sed
3422 383 3605 451 justus

344 455 550 520 σιλεῖας
569 497 584 520 ,
615 460 711 512 καὶ
740 460 800 513 οῦ
834 461 1145 531 δικαιοσύνη
1178 466 1327 531 παρὰ
1357 465 1433 534 τῷ
1464 466 1606 536 Θεῷ.
1652 467 1809 521 Ἀλλὰ
1840 469 1923 533 δί-

343 564 497 609 καιος
539 549 568 600 ὁ
610 551 813 620 Κύριος
853 553 949 605 καὶ
990 552 1342 620 δικαιοσύνας
1381 559 1662 628 ἠγάπησε.
1706 561 1796 613 Διὸ
1832 561 1927 614 καὶ

341 638 567 701 δικαίως
596 640 962 710 ἀποφαίνεται
994 644 1167 713 λέγων
1200 648 1332 718 περὶ
1361 647 1470 701 τῶν
1500 650 1599 719 τῆς
1628 653 1924 721 ἀριστερᾶς

344 727 584 798 μερίδος,
638 729 735 796 ὡς,
784 732 1255 791 Ἀπελεύσονται
1300 734 1469 794 οὗτοι
1523 742 1611 807 είς
1663 743 1928 797 κόλασιν

342 818 605 886 αἰώνιον,
643 822 705 875 οὐ
750 825 1087 896 πρόσκαιρον
1113 844 1128 859 ο
1166 831 1300 898 περὶ
1337 831 1393 884 δὲ
1428 832 1537 887 τῶν
1568 835 1666 903 τῆς
1706 834 1926 902 δεξιᾶς,

344 913 455 969 Καὶ
506 918 560 969 οἱ
602 915 822 973 δίκαιοι
866 921 954 986 είς
1004 919 1163 989 ζωὴν
1208 924 1497 989 αἰώνιον,
1544 925 1604 979 οὐ
1655 925 1930 994 λήγουσαν

344 1005 507 1069 ὅλως.
540 1008 651 1061 Καὶ
681 1011 845 1063 πάλιν
874 1030 939 1065 πε
945 1013 1005 1081 pl.
1030 1014 1143 1066 τῶν
1169 1015 1515 1085 ἁμαρτωλῶν
1533 1061 1548 1082 ,
1588 1017 1650 1071 '0
1678 1019 1930 1086 σκώληξ

345 1098 547 1153 αὐτῶν
572 1101 644 1153 οὐ
671 1102 941 1170 τελευτᾷ,
971 1105 1068 1159 καί
1100 1107 1164 1160 τὸ
1196 1108 1319 1176 πῦρ
1348 1110 1422 1163 οὐ
1450 1108 1796 1168 σϐέννυται.
1823 1114 1933 1167 Καὶ

303 1245 315 1257 ,
349 1188 592 1253 δικαίως.
640 1192 909 1248 Ἐνταῦθα
956 1198 1066 1267 γὰρ
1112 1200 1139 1252 δ
1188 1200 1288 1269 τῆς
1340 1203 1777 1272 ὲπιδιορθὼσεως
1822 1205 1933 1259 τῶν

353 1280 736 1352 ἐπταισμένων
767 1289 980 1354 καιρὸς,
1015 1294 1109 1343 καὶ
1139 1293 1166 1345 ὁ
1196 1294 1358 1355 τόπος
1388 1288 1511 1357 ὧδε,
1543 1296 1630 1348 ὅτε
1658 1297 1716 1349 τὸ
1742 1297 1935 1362 αὐτεξ-

350 1371 534 1424 ούσιον
564 1375 620 1425 ὲν
652 1377 803 1445 ἡμῖν.
840 1377 972 1432 Τότε
1006 1380 1061 1433 δὲ
1096 1384 1287 1452 καιρὸς
1321 1383 1400 1447 εἷς
1421 1426 1436 1449 ,
1472 1387 1566 1440 καὶ
1599 1388 1788 1455 καιρὸς
1816 1387 1935 1441 δια⁶

351 1466 595 1531 στάσεως
617 1472 713 1525 καὶ
751 1473 1162 1541 ἀνταποδόσεως
1220 1480 1326 1532 τῶν
1359 1484 1483 1535 κατ’
1505 1483 1662 1547 ἀξίαν
1693 1478 1771 1538 ὧν
1802 1485 1936 1539 ἐκα-

353 1552 476 1625 στός
510 1563 823 1633 ᾑρετίσατο,
864 1567 1029 1621 Ἀλλά
1064 1572 1256 1640 μηδεὶς
1287 1573 1687 1638 ἀπογινώσκων
1718 1578 1938 1641 ἑαυτοῦ,

352 1653 387 1722 ἢ
423 1655 866 1726 καθηδυνόμενος
905 1660 1241 1732 ἁμαρτίαις,
1279 1664 1312 1735 ἦ
1350 1666 1531 1741 πλάνῃ
1564 1669 1674 1721 τινὶ
1711 1670 1941 1740 κατεχό-

2033 473 2296 529 Dominus
2330 488 2381 528 et
2426 476 2669 542 justitias
2710 475 2922 531 dilevit.
2986 474 3279 539 Propteres
3326 475 3475 545 juste
3539 477 3606 529 de

2033 566 2100 621 iis
2120 568 2212 628 aui
2242 567 2305 620 ad
2339 568 2616 621 sinistram
2639 577 2802 621 erunt
2821 566 3069 621 decernit
3088 568 3271 621 dicens
3296 566 3437 634 quod
3462 568 3608 620 ibunt

2034 659 2087 711 hi
2114 659 2166 711 in
2197 659 2509 726 supplicium
2533 670 2807 725 attentum,
2841 676 2946 713 nou
2981 662 3408 728 temporarium;
3447 660 3513 712 de
3546 662 3611 711 iis

2034 765 2164 805 vero
2209 754 2300 822 qui
2328 752 2400 805 ad
2436 751 2712 805 dexteram
2762 761 2925 808 erunt
2970 767 2984 805 :
3042 750 3109 805 Et
3154 753 3292 821 justi
3347 755 3398 805 in
3450 754 3612 806 vitam

2035 852 2285 897 a'ternam
2347 844 2495 898 nullo
2558 845 2718 897 modo
2788 849 3118 897 cessantem.
3179 844 3240 896 Et
3294 843 3489 898 iterum
3548 844 3615 895 de

2040 935 2415 1003 peccatoribus
2446 953 2459 990 :
2514 935 2711 990 Verntis
2750 952 2929 989 eorum
2962 952 3063 989 non
3097 938 3343 999 moritur,
3378 947 3427 990 et
3480 938 3615 1006 ignis

2038 1046 2143 1083 non
2188 1030 2580 1099 exstinguitur;
2619 1038 2672 1084 et
2703 1029 2917 1083 merito.
2974 1028 3106 1083 Nam
3152 1032 3426 1098 lapsorum
3468 1044 3617 1082 nunc

2039 1122 2398 1177 correctionis
2425 1130 2643 1188 tempus
2680 1129 2734 1174 et
2763 1120 2941 1187 locus,
2980 1121 3074 1175 ubi
3110 1120 3339 1175 liberum
3366 1129 3616 1174 nostrum

2040 1224 2126 1270 est
2160 1216 2470 1269 arbitrium.
2513 1214 2667 1268 Tunc
2711 1223 2893 1268 autem
2947 1214 3065 1269 dies
3116 1215 3299 1277 unica,
3335 1213 3623 1267 divisionis

2044 1308 2161 1361 dies
2191 1316 2246 1361 et
2296 1307 2681 1362 retributionis
2724 1307 2883 1375 juxta
2942 1307 3199 1360 meritum
3252 1315 3415 1373 prout
3463 1303 3622 1373 elegit

2044 1398 2299 1468 quisque.
2353 1397 2457 1452 Sed
2492 1414 2651 1452 nemo
2683 1399 2766 1453 sui
2819 1398 3212 1453 conscientiam
3252 1397 3462 1451 habens
3485 1436 3500 1460 ,
3531 1407 3625 1449 aut

2047 1488 2288 1557 peccatis
2323 1488 2560 1549 illectus,
2592 1498 2684 1541 aut
2711 1504 2901 1543 errore
2934 1488 3168 1558 quadam
3201 1487 3467 1550 irretitus,
3517 1488 3622 1539 sibi

2049 1579 2105 1631 iu
2160 1578 2359 1633 talibus
2414 1578 2606 1631 illudut
2661 1597 2674 1633 :
2729 1588 2994 1632 aeternum
3052 1594 3162 1632 non
3233 1578 3626 1648 paenitentibus

2052 1671 2403 1742 supplicium,
2463 1672 2586 1724 ideo
2624 1672 2943 1740 paenitentia
2987 1670 3053 1724 ad
3080 1680 3388 1729 extremum
3452 1685 3625 1738 usque

357 1763 517 1813 μενος
541 1748 888 1816 ,ἐξαπατάτω
925 1754 1115 1808 ἑαυτὸν
1150 1759 1262 1819 τοῖς
1296 1759 1563 1822 τοιούτοις
1590 1776 1603 1791 ο
1638 1762 1669 1831 ἡ
1705 1761 1812 1829 γὰρ
1848 1763 1940 1813 κό-

2057 1766 2342 1835 spiritum;
2387 1780 2491 1834 qua
2524 1765 2569 1817 si
2633 1764 2707 1817 ibi
2758 1779 2902 1833 Opus
2947 1772 3068 1829 est,
3125 1763 3238 1817 illic
3279 1736 3626 1832 nequaquam

354 1837 511 1901 λαςις
553 1844 665 1903 τοῖς
711 1843 788 1913 μὴ
836 1847 1195 1913 μετανοοῦσιν
1230 1851 1470 1914 αἰώνιος.
1508 1852 1607 1906 Διά
1639 1853 1801 1907 τοῦτο
1846 1858 1939 1908 καὶ

360 1930 640 1997 μετάνοια,
674 1934 769 1985 καὶ
798 1934 939 2007 αὕτη
973 1937 1101 2007 ἄχρι
1132 1939 1234 2008 τῆς
1265 1941 1505 2012 ἐσχάτης
1538 1945 1817 2015 ἀναπνοῆς
1843 1964 1856 1977 ·
1890 1948 1941 1999 εί

356 2025 465 2092 γὰρ
498 2027 673 2079 ἐκεῖσε
707 2030 866 2097 χρεία
898 2030 1103 2101 ταύτης
1138 2032 1386 2104 ὑπῆρχεν
1410 2076 1425 2099 ,
1457 2037 1559 2089 οὐκ
1590 2036 1656 2090 ἂν
1687 2040 1822 2103 ὅλως
1857 2041 1942 2093 ὲν-

356 2117 532 2171 ταῦθα
559 2119 788 2177 δέδοται.
818 2122 980 2177 Ἀλλά
1008 2126 1102 2178 καὶ
1127 2126 1180 2178 τί
1208 2127 1525 2198 θαυμαστὸν
1550 2132 1617 2185 ἂν
1646 2133 1678 2202 ἠ
1708 2133 1802 2185 τοῦ
1832 2135 1943 2187 Σω-

357 2211 524 2280 τῆρος
556 2215 837 2285 οίκονομία
870 2218 1191 2286 είργάσττο,
1221 2222 1270 2285 εί
1306 2223 1566 2289 μετάνοια
1595 2219 1662 2296 ἦν
1694 2226 1874 2279 ἐκεῖσε
1908 2226 1942 2297 ἢ

357 2305 513 2368 τέλος
541 2308 850 2378 κο).ἀσεως;
879 2313 1042 2383 Ὁρᾷς
1069 2314 1179 2367 τῶν
1208 2314 1553 2369 ἀσεϐούντων
1581 2318 1680 2388 τὴν
1707 2318 1946 2388 ἀφροσύο

361 2416 496 2467 νην;
536 2402 677 2454 Ἀλλ’
703 2406 825 2456 ἐπεὶ
857 2406 950 2457 καὶ
980 2407 1112 2469 Θεὸς
1144 2408 1201 2461 ἐν
1234 2409 1544 2477 ἀνθρώποις
1565 2450 1578 2469 ,
1612 2413 1706 2463 καὶ
1740 2413 1947 2481 μυστή-

362 2510 455 2561 ρια
499 2492 636 2547 Θεοῦ
676 2496 911 2563 δέδοται,
958 2503 1053 2553 καὶ
1096 2501 1246 2569 λόγοι
1294 2505 1460 2572 μέχρι
1505 2502 1714 2565 παθῶν,
1759 2504 1853 2557 καὶ
1898 2505 1947 2557 οἱ

360 2586 662 2652 ἀγωνισταὶ
690 2590 885 2659 μέχρις
909 2592 1171 2661 αἵματος,
1201 2596 1299 2651 καὶ
1327 2596 1586 2665 μετάνοια
1607 2598 1946 2661 τελευταῖον,

363 2680 801 2749 ὁμολογήσωμεν
831 2682 861 2735 δ
900 2686 1052 2754 παρὰ
1087 2687 1181 2740 τοῦ
1224 2688 1478 2757 Σωτῆρος
1519 2689 1675 2759 ἡμῶν
1712 2690 1807 2742 καὶ
1842 2691 1950 2744 τῶν

362 2771 681 2825 ἀποστόλων
711 2774 743 2842 ἡ
754 2777 846 2842 μίν
873 2777 1144 2847 παρεδόθη
1183 2781 1276 2832 καὶ
1304 2781 1414 2833 τῶν
1444 2780 1727 2849 Πατέρων,
1761 2785 1951 2848 Προσ·

365 2861 524 2914 δοκῶ
557 2864 903 2934 ἀνάστασιν
934 2868 1185 2936 νεκρῶν,
1217 2871 1490 2937 λέγοντες,
1525 2872 1625 2925 καὶ
1661 2871 1815 2941 ζωὴν
1845 2873 1952 2928 τοῦ

363 2956 706 3023 μέλλοντος
744 2958 982 3024 αἰῶνος,
1005 2958 1226 3013 αίιῦνιον
1259 2962 1486 3031 δηλαδή.
1522 2962 1632 3017 Καὶ
1667 2964 1727 3016 τὸ
1762 2962 1955 3032 ’Λμῖιν

2040 1858 2282 1912 dabitur.
2316 1856 2456 1922 Quid
2500 1856 2695 1908 mirum
2731 1855 3035 1907 Salvatoris
3067 1854 3373 1908 (econoniia
3408 1862 3627 1921 operata

2043 1951 2168 2013 erit,
2208 1950 2250 2002 si
2288 1950 2400 2001 illic
2424 1956 2574 2002 esset
2596 1947 2915 2016 paenitentia
2942 1948 3023 2000 vel
3055 1945 3307 2015 supplicii
3338 1945 3632 1998 terminus?

2046 2042 2213 2096 Vides
2256 2043 2543 2105 imp'orum
2577 2039 2986 2105 insipientiam?
3023 2036 3133 2092 Sed
3184 2036 3626 2107 quandoquidem

2046 2135 2190 2189 Deus
2236 2134 2380 2202 apud
2416 2133 2662 2187 homines
2713 2140 2766 2185 et
2800 2130 2889 2185 Dei
2941 2132 3200 2201 mysteria
3237 2130 3361 2183 data
3395 2138 3542 2191 sunt,
3574 2138 3629 2181 et

2048 2239 2333 2281 sermones
2362 2239 2533 2294 usque
2586 2224 2650 2277 ad
2687 2224 3001 2291 passionem
3028 2262 3042 2284 ,
3084 2230 3138 2273 et
3195 2220 3414 2273 athleta:
3458 2235 3632 2288 usque

2049 2320 2114 2372 ad
2168 2316 2491 2386 sanguinem
2542 2325 2596 2369 et
2632 2313 2954 2384 pceuitentia
3009 2311 3213 2376 ﬁnalis,
3269 2310 3634 2365 conﬁteanmr

2050 2413 2194 2481 quod
2246 2411 2408 2465 nobis
2470 2425 2500 2464 a
2567 2411 2857 2463 Salvatore
2904 2414 3092 2459 nostro
3148 2414 3201 2458 et
3258 2402 3523 2471 apostolis
3581 2414 3636 2455 et

2049 2504 2306 2558 l’atribus
2364 2501 2623 2557 traditum
2690 2509 2797 2563 est,
2860 2497 3118 2565 Exspecto
3195 2496 3633 2548 resurrectionem

2051 2608 2406 2661 mortuorum,
2435 2596 2702 2658 dicentes,
2751 2603 2798 2646 et
2831 2592 2989 2646 vitam
3020 2588 3223 2641 venturi
3252 2587 3457 2649 swculi,
3479 2598 3635 2639 :cter-

2053 2708 2181 2746 nam
2215 2689 2487 2744 videlicet.
2541 2688 2605 2741 Et
2638 2688 2805 2738 Amen
2837 2683 3181 2750 subsequens
3218 2678 3636 2749 pronuntiantes

2057 2785 2225 2839 totius
2283 2796 2418 2836 sane
2477 2780 2654 2833 sancti
2725 2774 2971 2847 Symboli
3036 2771 3512 2828 conﬁrmationem
3584 2779 3639 2819 ιιι

2057 2876 2333 2946 sigillum,
2390 2872 2549 2942 quasi
2587 2871 2737 2923 clave
2784 2870 3017 2937 quadam
3066 2866 3149 2917 his
3197 2862 3293 2933 qui
3346 2860 3474 2915 foris
3510 2869 3640 2913 sunt

2059 2968 2201 3022 viam
2237 2965 2575 3029 claudentes,
2614 2963 2668 3016 in
2704 2964 2913 3030 Optimo
2956 2954 3348 3027 gazophylaeio
3384 2951 3642 3005 Ecclesiae

368 3046 711 3108 ἱπειπόντες,
737 3048 764 3100 ὃ
791 3049 855 3115 δὴ
879 3049 973 3102 τοῦ
1004 3049 1207 3114 παντὸς
1236 3051 1384 3122 ίεροῦ
1412 3052 1695 3122 Συμϐόλου
1722 3053 1952 3123 βεϐαιω-

2066 3059 2186 3114 ﬁdei
2218 3060 2538 3112 thesaurum
2572 3066 2879 3111 servemus.
2912 3064 2978 3103 ue
3007 3048 3132 3117 quis
3155 3047 3223 3099 ah
3244 3059 3310 3097 eo
3340 3042 3639 3111 quidquam

368 3138 521 3191 τικόν
553 3139 670 3192 ἐστι
708 3141 803 3194 καλ⁸
841 3144 1100 3211 σφραγὶς,
1136 3140 1248 3196 οἶόν
1285 3161 1367 3207 τις
1403 3144 1550 3206 κλεὶς
1586 3145 1955 3199 ἁποκλείουσα

369 3231 499 3294 τοὺς
545 3230 769 3297 ἔξωθεν,
816 3234 911 3286 καὶ
959 3234 1309 3303 φυλάττουσα
1361 3237 1439 3300 ὡς
1488 3234 1561 3289 ἐν’
1592 3237 1806 3307 ταμείῳ
1851 3240 1959 3292 τινὶ

372 3322 649 3395 καλλίστῳ
689 3324 790 3391 τῆς
825 3326 1157 3394 Ἐκκλησίας
1195 3328 1289 3381 τὸν
1329 3328 1429 3398 τῆς
1472 3328 1711 3393 πίστεως
1750 3330 1959 3400 θησαυ-

377 3416 508 3485 ρὸν,
547 3416 634 3470 ἵνα
676 3418 751 3488 μή
786 3417 871 3480 τίς
900 3436 954 3471 τι
989 3420 1053 3471 ὲκ
1085 3420 1277 3473 τούτου
1314 3421 1618 3491 ἀφέληται,
1653 3422 1686 3493 ἢ
1722 3423 1874 3476 νόθον
1906 3441 1961 3476 τι

376 3509 740 3582 ἄπεισαγάγῃ,
767 3510 899 3563 αὐτδ
923 3513 985 3564 τὸ
1014 3511 1160 3565 θεῖον
1186 3513 1282 3565 καὶ
1310 3512 1609 3580 ίερὼτατον
1635 3515 1732 3568 καὶ
1755 3515 1965 3567 τέλειον

377 3602 648 3657 πάντοθεν
681 3603 781 3671 τῆς
821 3604 1105 3667 εὐσεϐείας
1143 3604 1304 3673 ἡμῶν
1341 3607 1604 3674 σημεῖον,
1638 3604 1741 3676 τὴν
1772 3605 1967 3674 ὁμολο⁴

379 3694 509 3761 γίαν
540 3694 650 3746 τῶν
686 3696 945 3766 ῐΙατὲρων
966 3735 981 3759 ,
1016 3697 1109 3748 τὸν
1143 3696 1271 3764 ὅρον
1304 3696 1403 3765 τῆς
1447 3694 1685 3767 ἀληθοῦς
1731 3697 1969 3761 πίστεως

298 3818 299 3821 η
381 3787 851 3857 ἔνστερνιζόμενοι
893 3790 991 3841 καὶ
1031 3789 1443 3860 ἀσπαζόμενοι,
1481 3792 1604 3852 ταῖς
1636 3791 1843 3860 ψυχαῖς
1875 3793 1970 3845 καὶ

381 3878 450 3946 τῇ
486 3876 704 3948 γλώττῃ
740 3879 837 3931 καὶ
868 3878 1074 3949 χείλεσι
1112 3881 1250 3949 μετὰ
1288 3881 1605 3952 παρρησίας
1641 3861 1973 3952 ὁμολογοῦν-

384 3986 502 4033 τες,
529 3970 694 4040 ἀσινῆ
721 3975 778 4025 ἐν
804 3975 1017 4039 ἑαυτοῖς
1046 3975 1143 4028 καὶ
1168 3976 1464 4045 ἀκίϐδηλον
1487 3977 1584 4031 καὶ
1611 3978 1975 4049 ἀπαράθραυ-

389 4079 519 4117 στον
562 4064 764 4133 πάντη,
807 4064 882 4128 ὡς
928 4067 1278 4138 θεοφορήτων
1324 4071 1419 4122 καὶ
1468 4069 1837 4135 θεοδοξάστων
1880 4071 1977 4127 καὶ

390 4158 725 4222 θεοκινήτων
760 4159 1023 4231 Πατέρων
1060 4161 1213 4230 ἱερὰν
1247 4165 1727 4233 παρακαταθήκην
1749 4203 1765 4228 ,
1813 4164 1979 4234 μέχρι

387 4250 581 4311 τέλους
625 4251 957 4321 φυλάξωμεν
983 4269 998 4285 ⁸
1050 4254 1134 4306 ἵνα
1165 4256 1285 4317 ταῖς
1330 4256 1651 4324 πρεσϐείαις
1684 4256 1792 4309 τῶν
1826 4258 1984 4311 ἐκθε-

394 4344 580 4411 μένων
625 4341 758 4396 αὐτὸ
801 4346 898 4396 καὶ
944 4345 1301 4413 φυλαξάντων
1346 4347 1539 4415 ἁγίων,
1580 4350 1677 4401 καὶ
1720 4346 1828 4401 τῶν
1874 4348 1982 4418 πρὸ

2061 3150 2273 3207 auferat
2295 3157 2390 3203 aut
2426 3146 2676 3215 spur-ium
2701 3144 2828 3212 quid
2881 3140 3239 3201 introducat;
3295 3133 3539 3189 divinum
3567 3130 3643 3191 id,

2061 3241 2471 3298 sanctissimum
2495 3237 2825 3304 ortininoque
2854 3232 3154 3302 perfectum
3182 3227 3404 3299 pietatis
3448 3236 3648 3277 nostra:

2062 3339 2305 3407 signum,
2348 3334 2566 3386 Patrum
2594 3328 3022 3388 confessionem,
3055 3338 3197 3378 vera:
3247 3322 3370 3375 ﬁdei
3404 3320 3646 3389 regulam

2065 3436 2315 3483 amanter
2339 3425 2748 3491 amplectentes,
2773 3419 3081 3481 animabus,
3105 3417 3313 3483 lingua,
3341 3414 3500 3469 labiis
3520 3427 3645 3467 cum

2069 3521 2269 3577 ﬁducia
2301 3517 2655 3579 conﬁtentes,
2700 3514 2967 3579 integrum
3003 3512 3055 3564 in
3091 3510 3248 3564 nobis
3280 3509 3435 3575 ipsis,
3473 3507 3653 3559 inviu-

2070 3613 2244 3667 latum
2272 3647 2290 3673 ,
2355 3620 2705 3678 nequaquam
2776 3603 3141 3657 adulteratqu
3179 3641 3194 3663 ,
3273 3599 3431 3669 quasi
3470 3613 3498 3649 a
3542 3596 3655 3649 υιιο

2072 3705 2425 3763 aﬂlatorum,
2485 3699 2912 3769 gloriﬁcatorum
2987 3702 3041 3747 et
3110 3703 3357 3745 actorum
3428 3693 3652 3743 Patrum

2075 3807 2296 3847 sacrum
2351 3788 2659 3858 depositum
2711 3799 2884 3854 usque
2934 3781 2999 3835 ad
3034 3782 3193 3834 ﬁnem
3232 3779 3656 3841 custodiamus;

2077 3894 2140 3941 ut
2182 3899 2278 3954 per
2328 3879 2789 3937 intercessionem
2826 3884 3145 3930 sanctorum
3192 3873 3285 3942 qui
3328 3873 3457 3925 illud
3490 3886 3659 3938 exp»-

2077 3980 2309 4033 suerunt
2357 3978 2845 4037 servaveruntque,
2905 3974 2959 4019 et
3010 3978 3200 4018 eorum
3247 3962 3338 4027 qui
3382 3972 3507 4014 ante
3538 3961 3661 4012 illas

2084 4070 2358 4131 vixerunt,
2395 4078 2425 4117 a
2455 4060 2655 4132 quibus
2694 4059 2798 4130 ipsi
2826 4056 3069 4128 Symboli
3111 4056 3393 4110 scientiam
3436 4067 3665 4117 acet-pe-

2082 4168 2234 4226 runt,
2266 4166 2322 4213 et
2338 4154 2583 4212 omnium
2602 4152 2767 4209 simul
2789 4159 3135 4213 sanctorum;
3162 4160 3216 4201 et
3237 4163 3327 4216 per
3356 4146 3663 4198 rm'estium

2084 4251 2404 4322 angelorum
2460 4259 2648 4316 preces
2705 4253 2872 4313 atque
2940 4238 3246 4296 Salvatoris
3274 4236 3445 4290 nostri
3486 4241 3540 4289 et
3568 4233 3665 4287 Dei

2085 4342 2213 4399 Jesu
2235 4338 2439 4397 Christi
2470 4351 2685 4406 semper
2716 4332 2944 4403 virginis
2998 4327 3189 4383 Matris
3226 4325 3398 4381 solius
3430 4325 3665 4378 sanctis-

393 4435 598 4502 αὐτῶν,
628 4436 688 4500 ἐξ
717 4430 792 4490 ὧν
819 4439 921 4508 τὴν
952 4439 1157 4506 γνῶσιν
1186 4435 1334 4493 οὗτοι
1364 4440 1461 4493 τοῦ
1494 4442 1775 4509 Συμϐόλου
1812 4442 1952 4514 παρέ

2057 4436 2060 4456 ⁵
2092 4435 2246 4492 simze
2276 4440 2331 4486 et
2362 4444 2487 4485 vere
2510 4427 2605 4484 Dei
2626 4425 2944 4487 Ge'nitrieis,
2974 4432 3230 4488 tanquam
3251 4432 3444 4487 purum
3466 4418 3667 4468 tI-aium

395 4527 561 4581 λέμϐον
582 4570 595 4592 ,
636 4530 729 4582 καὶ
769 4530 991 4583 πάντων
1022 4530 1159 4601 ὁμοῦ
1196 4532 1305 4584 τῶν
1338 4533 1547 4600 ἁγίων,
1581 4532 1688 4586 τῶν
1720 4550 1779 4585 τε
1821 4532 1984 4605 ίερῶν

420 4623 647 4688 ,γγέλων
694 4623 891 4687 λιταῖς,
941 4625 1039 4677 καὶ
1083 4625 1183 4692 τῆς
1234 4623 1331 4677 τοῦ
1381 4625 1639 4695 Σωτῆρος
1688 4624 1846 4694 ἡμῶν
1890 4625 1985 4678 καὶ

397 4714 536 4766 θεοῦ
575 4715 751 4783 Ἰησοῦ
787 4715 1026 4787 Χριστοῦ
1060 4715 1427 4786 ἀειπαρθὲνου
1462 4715 1722 4787 Μητρὸς,
1755 4716 1854 4787 τῆς
1888 4718 1985 4788 μό-

401 4823 499 4871 νης
554 4808 829 4873 Παναγίας
881 4807 976 4859 καὶ
1023 4806 1242 4877 ἀληθῶς
1285 4805 1656 4876 Θεομήτορος,
1697 4805 1770 4869 ὡς
1815 4806 1987 4878 δῶρον

2092 4526 2383 4599 pulchram
2422 4524 2563 4576 hanc
2614 4516 2866 4573 Trinitati
2911 4515 3207 4568 ollercnles
3247 4506 3672 4568 confessionem,

2094 4627 2149 4674 et
2178 4618 2247 4672 ab
2277 4623 2485 4671 aeterno
2514 4610 2812 4665 liberemur
2848 4602 3117 4673 supplicio
3145 4640 3158 4663 ,
3221 4609 3273 4651 et
3304 4609 3506 4651 interno
3546 4608 3669 4646 cum

2092 4706 2317 4762 Christo
2373 4701 2545 4774 ipsius
2573 4696 2776 4750 Christi
2844 4698 3090 4748 fruamur
3137 4704 3345 4758 regno,
3400 4686 3568 4751 gloria
3622 4691 3677 4736 et

2096 4797 2365 4855 deliciosa
2409 4792 2783 4863 possessione,
2844 4792 3105 4854 perpetuo
3152 4780 3403 4835 eumdem
3453 4776 3544 4827 Dei
3598 4774 3678 4824 vi-

403 4870 647 4965 καθαρὸν
683 4870 782 4967 την
815 4898 988 4968 καλὴν
1018 4870 1226 4967 ταῦτην
1257 4870 1555 4966 ὁμολογίαν
1592 4870 1952 4968 προσενεγκόι

2101 4889 2286 4948 ventis
2340 4885 2684 4956 unigenitum
2743 4879 2940 4933 Filium
2994 4874 3275 4930 Christum
3311 4870 3679 4939 gloriﬁcantes

407 5003 501 5048 τες
525 4991 591 5057 τῇ
621 4965 839 5059 ἰ’ριάδι,
867 4965 966 5059 τῆς
992 5005 1051 5043 τε
1085 4965 1312 5042 αἰωνίου
1345 4965 1809 5059 ὲλευθερωθῶμεν
1836 4965 1952 5044 κολέ

2101 4999 2225 5040 cum
2259 4981 2380 5050 ejus
2415 4980 2596 5039 Patre,
2629 4973 2721 5042 qui
2755 4980 2837 5025 est
2872 4977 3001 5024 unite
3045 4965 3264 5029 saecula,
3293 4970 3347 5016 et
3375 4965 3679 5015 sanctitatis

408 5096 573 5141 σεως,
602 5082 694 5134 καὶ
725 5081 822 5150 τῆς
853 5079 1271 5150 διαιωνιζοῦσης
1303 5082 1399 5133 σὺν
1426 5080 1650 5151 Χριστῷ
1678 5080 1952 5135 ἀπολαύσω

2103 5075 2352 5145 perfecta:
2387 5069 2612 5140 Spiritu.
2640 5068 2834 5119 Amen.

412 5187 517 5240 μεν
555 5170 703 5234 θείας
742 5141 911 5224 αῦ-τοῦ
950 5170 1048 5224 τοῦ
1080 5141 1324 5242 λίριστοῦ
1367 5141 1653 5239 βασίλείας
1695 5172 1791 5225 καὶ
1833 5172 1991 5239 δόξης
2032 5141 2129 5222 καλ
2152 5164 2545 5228 ἀπολαύσεως,
2574 5160 2810 5221 αἱωνίως
2838 5152 3007 5208 αὖτδν
3022 5150 3117 5235 τδῗ
3138 5145 3372 5219 Χριστὸν
3431 5141 3523 5242 τδγ
3589 5156 3683 5209 μο·

408 5268 607 5338 νογενῆ
636 5268 765 5323 Υίὺν
796 5267 890 5323 τοῦ
920 5267 1059 5321 Θεοῦ
1090 5266 1183 5320 τοῦ
1214 5264 1412 5330 ζῶντος
1442 5266 1778 5332 δοξάζοντες,
1814 5269 1907 5319 σὺν
1940 5264 2017 5333 τῷ
2058 5260 2373 5332 προαιωνίῳ
2401 5256 2567 5313 αὐτοῦ
2598 5255 2795 5327 Πατρὶ,
2824 5252 2920 5305 καὶ
2972 5248 3048 5319 τῷ
3082 5245 3335 5313 παναγίῳ
3380 5238 3688 5310 Πνεῦματι.

401 5400 411 5404 -
425 5368 488 5424 ’Δ
497 5370 626 5439 μήν.
