4064 6204
484 253 591 315 8ῖό

1297 253 1680 314 SYMEONIS
1715 249 2476 311 THESSALONICENSIS
2505 248 2861 313 AllClllEl’.

3625 245 3737 311 8ιῦ

484 369 585 432 Qui
606 383 722 420 cum
763 367 925 424 Patre
950 381 998 423 et
1033 369 1174 424 Filio
1226 371 1386 425 simul
1419 372 1677 425 aduratur
1713 378 1760 426 et
1782 367 2048 438 conglori-

2158 367 2228 420 Τὸ
2270 365 2391 420 σὺν
2426 365 2606 433 ιιατρὶ
2644 364 2745 418 καὶ
2787 362 2897 427 Υιῷ
2931 360 3599 431 συμπροσκυνούμειὌν
3637 369 3730 417 κα)

1160 462 1372 531 ﬁcatur.

558 551 832 622 Evangelii
859 569 877 609 .'
912 555 1256 623 Baptizantes
1303 574 1398 615 eos
1433 575 1484 614 In
1515 559 1732 615 nomine
1777 559 1974 621 Patris,
2001 566 2054 612 et

481 643 627 706 Filii,
656 653 708 697 et
737 644 973 715 Spiritus
1001 649 1176 701 sancti
1200 650 1266 705 ".
1289 679 1359 690 —-
1392 649 1589 703 Pauli:
1623 647 1788 703 Nemo
1816 648 2056 716 scitque

483 739 612 785 sunt
644 733 902 800 hominis,
941 735 1041 790 nisi
1077 735 1314 806 Spiritus
1348 739 1440 808 qui
1477 738 1533 793 in
1583 739 1839 806 ipso‘est.
1881 737 1953 790 Ila
2001 747 2056 790 et

479 839 602 889 qua:
636 822 724 878 Dei
782 837 930 890 sunt,
968 843 1125 882 nemo
1179 830 1453 896 cognovit,
1515 831 1620 884 nisi
1681 829 1916 898 Spiritus
1959 829 2052 896 qui

477 921 560 965 est
604 913 657 967 in
715 915 879 967 Deo"
908 954 924 970 .
966 918 1030 970 Et
1067 919 1118 971 in
1169 919 1304 972 Isaia
1343 915 1397 975 e°t
1446 921 1502 974 in
1557 920 1838 975 Ezechiele
1879 919 2053 989 angeli

478 1002 706 1056 dicunt:
764 1002 1017 1068 Sanctus,
1071 1005 1325 1073 Sanctus,
1359 1006 1594 1062 Sanctus
1647 1005 1908 1060 Dominus
1953 1003 2055 1058 Sa-

479 1095 640 1147 baoth
671 1110 687 1160 ;
724 1095 865 1162 pleni
927 1107 1055 1152 sunt
1088 1099 1211 1153 ccefi
1237 1107 1292 1153 ct
1324 1107 1465 1153 terra
1493 1099 1659 1168 gloria
1683 1097 1824 1167 ejus,
1849 1098 2055 1152 scilicet

477 1185 760 1240 evidenter
793 1185 971 1244 Patris
1015 1200 1067 1245 et
1094 1191 1212 1246 Filii
1265 1200 1320 1246 et
1373 1189 1608 1260 Spiritus
1660 1189 1857 1254 sancti,
1894 1187 2054 1243 unius

479 1279 531 1331 in
573 1278 836 1336 Triuitate
873 1280 990 1337 Dei.
1309 1353 1320 1384 ι

477 1455 567 1510 17.
601 1458 877 1516 Adversus
906 1460 1190 1518 haereticos
1244 1463 1495 1519 tollentes
1564 1461 1760 1534 Legem
1807 1474 1860 1518 et
1919 1462 2055 1520 Pro-

1161 1555 1371 1622 phetas.

811 1646 910 1712 Qui
947 1646 1151 1700 locutus
1183 1659 1254 1700 est
1285 1665 1378 1715 per
1407 1652 1708 1718 prop/retas.

2676 455 3212 525 συνδοξαζόμενον.

2227 549 2600 617 Εὑαγγελίου
2625 563 2640 580 ο
2687 547 3053 612 Βαπτίζοντες
3097 547 3293 607 αὐτοὺς
3341 548 3422 610 είς
3461 547 3522 599 τὸ
3564 548 3734 613 lima:

2155 639 2248 692 τοῦ
2268 639 2502 707 Πατρός,
2522 639 2618 692 καὶ
2647 639 2739 691 τοῦ
2762 639 2912 703 Υίοῦ,
2951 640 3044 692 καὶ
3075 639 3169 692 τοῦ
3203 639 3357 705 ἁγίου
3396 639 3730 703 Ηνεύματος.

2156 734 2266 787 Kal
2313 733 2488 795 οὐδεὶς
2537 731 2797 799 γινώσκει
2836 734 2904 786 τὰ
2947 731 3043 785 τοῦ
3095 731 3408 800 ἀνθρώπου,
3455 733 3504 782 εί
3557 732 3632 796 μὴ
3678 732 3735 780 τὸ

2158 823 2382 893 Πνεῦμα
2411 824 2470 878 τὸ
2505 823 2793 876 κατοικοῦν
2825 825 2881 875 ὲν
2908 823 3079 891 αὐτῷ.
3116 825 3225 876 Kal
3253 825 3319 876 τὰ
3349 822 3443 876 τοῦ
3477 821 3613 874 Θεοῦ
3647 823 3732 872 οἰν-

2155 915 2266 978 δεὶς
2295 911 2469 980 οἶδεν,
2507 915 2556 967 εί
2596 915 2672 984 μὴ
2699 914 2762 967 τὸ
2795 911 3019 983 Πνεῦμα
3049 915 3108 967 τὸ
3137 915 3194 966 ἐν
3227 912 3395 982 αὐτῷ.
3431 913 3538 964 Kal
3569 914 3626 963 ἐν
3658 913 3734 976 τῷ

2167 1005 2366 1077 Ἡσαΐᾳ
2413 1007 2510 1060 xal
2549 1006 2810 1077 Ἰεζεκιὴλ
2859 1007 2909 1059 οἱ
2964 1007 3229 1075 ἄγγελοι·
3266 1006 3490 1073 Ἄγιος,
3543 1004 3730 1071 ἅγιος,

2156 1099 2334 1166 ἅγιος,
2369 1099 2574 1168 Κύριος
2603 1098 2832 1152 Σαϐαὼθ
2861 1114 2874 1128 ο
2912 1098 3127 1166 πλήρης
3159 1100 3186 1150 ό
3217 1097 3441 1166 οὐρανὸς
3473 1097 3566 1146 καὶ
3597 1098 3626 1158 ή
3661 1095 3733 1161 γῆ

2155 1191 2256 1259 τῆς
2291 1191 2446 1260 δόξης
2480 1190 2669 1244 αὑτοῦ.
2703 1189 2958 1258 Δηλονότι
2988 1188 3080 1242 τοῦ
3117 1189 3328 1256 [ἰατρὸς
3357 1189 3448 1238 καὶ
3478 1185 3570 1238 τοῦ
3603 1186 3732 1237 Tia)

2157 1283 2251 1334 καὶ
2276 1281 2364 1333 τοῦ
2391 1281 2551 1348 ἁγίου
2583 1283 2919 1350 Πνεῦματος,
2949 1280 3042 1333 τοῦ
3074 1279 3240 1348 μόνου
3267 1280 3326 1330 ἐν
3351 1278 3518 1347 318
3542 1277 3733 1348 Τριάδι

2155 1371 2315 1427 Θεοῦ.

2158 1462 2242 1528 ιζ’.
2304 1465 2455 1518 Κατὰ
2490 1464 2597 1518 τῶν
2631 1461 3090 1533 ἀποϐαλλομένων
3121 1461 3212 1514 τὸν
3263 1461 3448 1530 Νόμον
3483 1458 3576 1512 καὶ
3609 1460 3734 1520 τοὶς

2621 1556 2915 1625 Προφήτας
2947 1553 3261 1624 αἱρετικῶν.

2432 1645 2504 1700 Τὸ
2533 1646 2824 1712 λαλῆσιιν
2848 1646 2946 1700 διὰ
2975 1646 3094 1700 τῶν
3120 1643 3462 1714 προφητῶν.

547 1733 827 1788 lacuaria:
884 1737 1080 1802 (verba
1115 1737 1166 1789 in
1219 1714 1512 1808 Evangelia
1543 1738 1598 1792 S.
1626 1736 1844 1809 Lucae):
1897 1738 2052 1794 Sicut

2227 1739 2565 1806 Ζαχαρίου·
2622 1737 2821 1801 Καθὼς
2875 1738 3105 1806 ὲλὰλησε
3161 1737 3252 1790 διὰ
3306 1737 3573 1805 στόματος
3626 1735 3736 1786 τῶν

477 1822 689 1880 locutus
730 1836 814 1881 est
857 1843 951 1896 per
997 1843 1061 1884 os
1113 1838 1424 1884 sanctorum
1482 1829 1634 1898 quia
1692 1831 1877 1885 seculo
1923 1840 2052 1885 sunt

479 1919 857 1987 prophetarum
889 1919 1030 1987 ejus,
1063 1921 1290 1976 salutem
1321 1936 1385 1974 ex
1418 1921 1656 1978 inimicis
1727 1922 1929 1976 nostris
1951 1923 1993 1955 "
2034 1959 2049 1975 .

481 2042 546 2049 ο-
597 2008 762 2064 Verba
796 2009 1040 2079 Deipara:
1079 2012 1366 2081 (ibidem):
1403 2011 1557 2067 Sicut
1588 2015 1806 2070 locutus
1852 2025 1934 2069 est
1985 2017 2050 2071 ad

479 2101 664 2158 Patres
724 2103 1025 2169 llOsll'OS”,
1077 2113 1124 2156 et
1183 2105 1479 2174 sequentia.
1521 2106 1882 2160 —Actorum:
1938 2107 2050 2162 Hoc

473 2210 662 2248 ouines
704 2195 978 2263 propheta:
1025 2203 1318 2260 testantur,
1373 2198 1748 2253 remissionem
1807 2212 2054 2268 peccato-

474 2305 595 2341 rum
661 2290 908 2354 accipere
975 2303 1070 2357 pcr
1134 2305 1329 2344 nomen
1388 2292 1506 2361 ejus
1562 2292 1653 2360 qui
1715 2293 1943 2348 credunt
1999 2297 2051 2348 in

470 2395 597 2436 eum
622 2381 665 2412 ¹⁹
697 2421 710 2435 .
740 2379 807 2434 Ει
833 2399 846 2433 :
875 2379 1044 2448 Quem
1074 2392 1286 2450 oportet
1315 2385 1531 2453 quidem
1554 2386 1752 2440 coelum
1776 2403 1882 2441 sus-
1905 2388 2052 2456 ipere

473 2489 647 2542 usque
681 2475 732 2526 in
768 2483 1010 2540 tempora
1057 2475 1419 2532 restitutionis
1444 2479 1689 2532 omnium
1734 2496 1855 2547 qua:
1900 2482 2050 2534 locu-

475 2577 559 2617 tus
595 2573 676 2618 est
707 2563 845 2617 Deus
898 2578 992 2632 per
1027 2579 1088 2617 os
1141 2573 1451 2619 sanctorum
1488 2567 1732 2620 omnium
1776 2584 1805 2621 a
1853 2569 2052 2623 stet-nlo

476 2656 856 2725 prophetarum
881 2657 946 2710 ¹⁰.
979 2687 1048 2698 -
1075 2655 1389 2725 Evangelii:
1426 2657 1559 2710 Dicit
1600 2657 1765 2711 David
1816 2659 1868 2712 iu
1933 2659 2054 2727 Spi-

479 2749 584 2802 ritu
615 2758 841 2800 sancto:
873 2747 1016 2802 Dixit
1047 2746 1312 2803 Dominus
1365 2747 1597 2804 Domino
1649 2765 1788 2815 meo,
1841 2753 1969 2804 sede
2020 2767 2048 2804 a

472 2841 680 2896 dextris
730 2841 960 2895 me’s“.
1001 2871 1070 2880 —
1148 2844 1440 2895 Actorum:
1497 2829 1706 2896 Etcum
1777 2853 2048 2908 orassent,

475 2941 652 2985 "totus
685 2944 766 2985 est
799 2931 950 2986 locus
984 2933 1036 2984 in
1079 2947 1186 3000 quo
1222 2942 1375 2987 erant
1398 2934 1740 3001 congregati,
1775 2943 1830 2988 ct
1857 2937 2046 3002 repleti

473 3033 602 3078 sunt
629 3038 818 3078 omm-s
863 3023 1069 3092 Spiritu
1109 3033 1317 3086 sancto,
1353 3034 1405 3077 et
1437 3025 1792 3093 loquebantur
1823 3027 2045 3079 verbum
2073 3050 2117 3112 C

479 3113 566 3167 Dei
605 3128 727 3167 cum
760 3113 1034 3167 ﬁducia".
1068 3143 1136 3154 —
1159 3111 1370 3166 Exodi:
1398 3113 1465 3168 Et
1489 3114 1822 3182 repletisunt
1851 3116 2046 3186 spiritu

475 3206 664 3252 saneto
689 3205 741 3252 et
771 3200 1167 3266 prophetahant
1189 3201 1290 3267 (1).

480 3286 564 3342 18.
594 3288 798 3342 Contra
847 3303 941 3340 eos
993 3290 1084 3358 qui
1119 3287 1316 3342 dicunt
1353 3289 1647 3358 Evangelia
1679 3291 2052 3346 contradiCere

545 3381 686 3434 facta
734 3380 979 3450 antiqua,
1015 3394 1067 3434 et
1107 3382 1201 3451 qui
1257 3381 1511 3450 rejiciuut
1545 3382 1767 3435 oracula
1817 3384 2049 3452 prophe-

548 3483 668 3527 tatu
695 3489 747 3526 ιι.

482 3561 545 3616 Et
583 3579 738 3616 imam
779 3576 1042 3631 sanctam,
1070 3569 1384 3622 catholicam
1407 3579 1454 3622 et
1496 3571 1836 3638 apostolicam
1874 3571 2052 3626 Eccle—

1193 3663 1350 3712 siam.

548 3745 710 3801 Pauli
737 3766 754 3802 :
784 3748 884 3816 Qui
923 3751 1050 3806 fecit
1081 3765 1309 3823 utraque
1345 3771 1512 3809 unum
1541 3757 1607 3809 ³³.
1639 3757 1703 3809 Ει
1731 3775 1742 3810 :
1777 3756 2048 3811 Uuusllo-

480 3841 682 3904 minus,
713 3857 817 3895 una
857 3842 1014 3907 ﬁdes,
1052 3862 1217 3898 unum
1266 3849 1534 3915 baptisma
1559 3851 1628 3903 ".
1682 3849 1744 3901 Et
1778 3867 1790 3902 :
1829 3849 2048 3904 Fratres

480 3935 654 3986 sancti
685 3937 750 3986 ".
788 3936 850 3988 Et
889 3955 902 3990 :
943 3937 1374 4005 Super-aediﬁcati
1435 3957 1597 4010 super
1633 3941 2048 3995 fundamentum

481 4027 854 4095 apostolorum
888 4040 938 4081 et
967 4032 1380 4100 l'iroplretarnm.
1419 4033 1537 4102 ipso
1568 4048 1782 4087 sutmno
1805 4034 2046 4101 angulari

481 4119 678 4186 lapide,
712 4120 932 4173 Christo
961 4121 1089 4177 Jesu
1114 4125 1177 4178 ³⁸.
1213 4123 1274 4176 Et
1303 4144 1314 4178 :
1351 4123 1455 4178 Vus
1480 4125 1611 4178 estis
1632 4139 1831 4194 corpus
1848 4125 2049 4178 Christi

478 4220 529 4260 et
582 4211 820 4263 membra
874 4214 937 4265 de
987 4215 1319 4267 itu-unhru".
1359 4215 1418 4266 Et
1453 4234 1466 4268 :
1501 4217 1777 4281 Quosdam
1827 4215 2047 4285 quidem

479 4303 658 4367 posuit
700 4301 841 4354 Deus
878 4304 930 4354 in
988 4303 1227 4358 Ecclesia
1261 4323 1274 4358 :
1315 4309 1545 4373 ριίιιιιιιιι
1602 4309 1902 4374 ιινυειοιυε,
1958 4325 2047 4362 se-

478 4397 657 4449 cundo
681 4397 988 4465 prophetas,
1025 4401 1186 4451 tertio
1230 4400 1480 4453 doctores
1513 4401 1578 4454 ³⁸.

479 4501 631 4540 cetur
660 4487 898 4541 Ecclesia
927 4491 992 4540 “.
1023 4490 1084 4541 Et
1113 4507 1126 4543 :
1157 4488 1263 4544 Vos
1290 4495 1422 4543 estis
1447 4493 1700 4558 templum
1725 4494 1815 4547 Dei
1847 4496 1946 4548 rivi
1972 4496 2041 4548 '°.

482 4576 543 4627 Et
582 4592 593 4628 :
627 4575 705 4628 Ad
750 4578 1275 4630 consummationem
1326 4575 1580 4631 Ecclesiae
1617 4581 1742 4648 (hoc
1789 4580 1936 4632 enim
1971 4582 2046 4633 si-

479 4665 740 4730 gniﬁcant
783 4665 898 4719 haec
921 4667 1082 4720 verba
1118 4683 1132 4720 :
1166 4667 1245 4720 Ad
1274 4669 1798 4722 consummationem
1824 4677 2045 4722 sancto—

479 4743 669 4809 rum...
715 4756 768 4809 in
801 4756 1209 4812 aediﬁcationem
1263 4759 1510 4826 corporis
1550 4758 1754 4814 Christi
1785 4761 1932 4827 ιιιιού
1961 4768 2046 4811 est

477 4846 765 4917 Ecclesia).
803 4849 870 4902 Et
903 4866 915 4901 :
951 4851 1073 4918 Ipso
1105 4865 1320 4903 summo
1343 4849 1587 4917 angulari
1622 4849 1799 4917 lapide
1825 4850 2044 4905 Christo

477 4937 605 4994 Jesu
628 4955 716 5006 ;...
747 4939 800 4994 in
837 4954 948 5009 quo
996 4951 1048 4995 et
1079 4957 1172 4994 vos
1225 4941 1637 4996 coaediﬁcamiui
1673 4941 1738 4994 ³¹.
1782 4940 1843 4994 Et
1879 4960 1891 4996 :
1925 4941 2042 5010 Ipse
2065 4964 2072 5004 ;

476 5038 562 5083 est
601 5039 767 5100 caput
795 5035 1039 5099 corporis
1089 5033 1343 5087 Ecclesia:
1365 5033 1434 5088 3’.
1485 5033 1589 5087 Et:
1627 5034 1781 5089 Sicut
1837 5044 2043 5103 septem

477 5125 732 5191 Epistula:
763 5127 1022 5180 dicuntur
1049 5128 1367 5189 Catholicae,
1401 5127 1527 5194 quia
1558 5126 1623 5179 ad
1667 5142 1858 5181 omnes
1885 5127 2042 5180 simul
2085 5127 2372 5183 credentes
2428 5129 2644 5196 scripta:
2685 5137 2834 5192 sunt,
2891 5129 2962 5180 ita
3011 5127 3277 5180 catholica
3351 5124 3552 5178 dicitur

478 5219 641 5270 «lesia
682 5233 803 5286 qua:
831 5227 914 5272 est
947 5219 1183 5271 Omnium
1215 5219 1537 5272 orthodoxe:
1558 5235 1667 5270 lltlt.

551 5338 593 5419 ξ’
851 5336 1156 5419 ηψπ-19.
1353 5337 1478 5391 Cor.
1515 5338 1693 5419 u,__tl.
1735 5335 1964 5419 .l'nlmc.
2001 5351 2038 5399 I,
2069 5336 2185 5419 70...
2213 5337 2296 5419 71.

1735 5408 1780 5438 ’³
1805 5407 2002 5473 Ephes.
2033 5422 2090 5472 tt,
2126 5408 2210 5462 1-1.
2288 5409 2332 5439 ³⁸
2363 5408 2563 5479 Ephes.
2617 5423 2690 5468 Iv,
2722 5405 2776 5460 5.

1738 5478 1788 5530 8.
1863 5475 1905 5504 ²⁹
1948 5477 1965 5528 l
1996 5476 2120 5530 Cor.
2148 5494 2259 5532 ιιν.
2289 5478 2374 5532 12.
2483 5477 2526 5509 ³⁰
2564 5476 2607 5532 ll
2634 5476 2762 5532 Cor.

1863 5479 1905 5504 "
1948 5479 2120 5530 lCor.
2148 5479 2374 5544 xuv,12.

479 5409 576 5460 νη
646 5408 692 5436 ¹¹
731 5407 897 5460 Marc.
929 5408 1144 5472 xu,56.
1223 5409 1266 5438 ¹¹
1298 5411 1414 5460 Act.
1453 5423 1526 5466 tv,
1563 5407 1652 5461 51.

483 5495 539 5533 ιι.
565 5478 656 5530 20.
730 5479 773 5507 ’⁷
805 5477 818 5528 I
855 5478 978 5529 Cor.
1009 5491 1120 5536 sui,
1145 5475 1233 5528 9.7.

485 5549 520 5573 ’⁵·
565 5546 776 5599 ερυιμεε.
812 5563 851 5610 I,
887 5544 972 5599 18.

1316 5477 1396 5530 "l
1427 5475 1552 5531 Cor.
1586 5481 1679 5538 xui,
1701 5476 1788 5530 ‘28.

567 5679 639 5745 it)
671 5677 816 5734 lianc
851 5680 1226 5736 sententiolam
1261 5697 1368 5738 non
1409 5682 1576 5751 reperi
1621 5683 1675 5736 in
1728 5681 1931 5736 Exodo.

2112 1839 2118 1845 '
2156 1831 2325 1898 ἁγίων
2355 1832 2463 1884 τῶν
2493 1831 2588 1884 ἀπ’
2611 1834 2806 1894 αἰῶνος
2836 1831 3134 1902 προφητῶν
3155 1830 3341 1896 αὑτοῦ,
3375 1830 3650 1898 σωτηρῐαν
3681 1830 3738 1890 ἐξ

3681 1827 3737 1879 ἐξ

2153 1922 2365 1994 ἐχθρῶν
2391 1923 2641 1994 ἡμῶν.-
2675 1921 2789 1990 Τῆς
2808 1923 3119 1976 Θεοτόκου·
3141 1921 3336 1983 Καθὼς
3353 1920 3579 1992 ἐλάλησε
3598 1938 3637 1970 π
3644 1921 3737 1987 ρος

2152 2015 2278 2076 τοὺς
2311 2014 2560 2084 Πατέρας
2579 2013 2756 2083 ἡμῶν,
2775 2013 2954 2066 καὶτὰ
2972 2013 3121 2080 ἑξῆς.
3140 2043 3210 2056 -
3243 2010 3540 2079 Πράξεων·
3563 2009 3737 2062 Τοῦτο

2155 2105 2357 2167 πάντες
2388 2105 2436 2156 οἱ
2468 2106 2746 2173 προφῆται
2779 2103 3176 2171 μαρτυροῦσιν,
3211 2101 3406 2170 ἄφεσιν
3439 2099 3731 2168 ἁμαρτιῶν

2153 2196 2338 2249 λαϐεῖν
2363 2197 2449 2250 διὰ
2476 2196 2567 2250 τοῦ
2597 2196 2862 2266 ὀνόματος
2889 2195 3054 2248 αὐτοῦ
3081 2197 3258 2249 πάντα
3285 2196 3374 2248 τὴν
3401 2193 3728 2247 πιστεύοντα

2155 2291 2231 2348 είς
2277 2289 2460 2342 αὐτόν.
2505 2290 2638 2356 Kal,
2676 2289 2772 2341 Ὃν
2803 2288 2883 2342 δεῖ
2911 2287 3136 2354 οὐρανὸν
3166 2287 3265 2357 μιν
3306 2285 3561 2351 δέξασθαι
3604 2286 3733 2353 ἄχρι

2113 2384 2360 2453 ’χρόνων
2412 2384 2920 2446 ἀποκαταστάσεως
2971 2383 3223 2446 πάντων,
3272 2376 3346 2434 ὧν
3394 2380 3656 2449 ἐλάλησεν
3703 2381 3732 2430 ὁ

2153 2476 2316 2537 Θεὸς,
2350 2475 2439 2528 διὰ
2478 2475 2746 2544 στόματος
2783 2475 3002 2529 πάντων
3035 2475 3143 2528 τῶν
3180 2476 3352 2541 ἁγίων
3386 2473 3555 2526 αὐτοῦ
3593 2489 3728 2543 προ-

2153 2569 2340 2637 φητῶν
2387 2570 2480 2621 ἀπ’
2514 2572 2731 2630 αἰῶνος.
2766 2599 2837 2610 —-
2865 2570 3238 2637 Εὐαγγελίου
3273 2583 3284 2596 ·
3316 2563 3452 2619 Εῐπε
3474 2566 3639 2619 Δασὶδ
3669 2568 3727 2617 ἐν

2154 2661 2429 2728 Πνεῦματι
2459 2661 2620 2729 ἁγίῳο
2650 2658 2819 2714 Εἶπεν
2845 2661 2872 2710 ὁ
2903 2659 3106 2726 Κύριος
3136 2658 3212 2727 τῷ
3241 2659 3431 2727 Κυρίῳ
3463 2675 3585 2725 μου.
3616 2655 3729 2708 Κά-

2152 2753 2244 2805 θου
2284 2757 2342 2803 ἐκ
2379 2752 2566 2815 δέξιῶν
2592 2770 2716 2822 μου.
2739 2781 2809 2792 -
2842 2751 3126 2818 Πρὰξεων
3147 2767 3164 2782 ο
3185 2750 3292 2803 Καὶ
3309 2749 3609 2818 δεηθέντων
3630 2748 3729 2799 αὖ·

2149 2849 2287 2906 τὼν,
2319 2844 2584 2914 ἐσαλεύθη
2615 2848 2642 2898 ὁ
2671 2845 2836 2904 τόπος
2878 2847 2936 2896 ὲν
2989 2837 3033 2911 ᾧ
3063 2841 3204 2914 ἦσαν
3239 2841 3728 2910 συνηγμένοι,·καὶ

2149 2937 2500 3002 ἐπλήσθησαν
2529 2936 2767 2998 ἅπαντες
2803 2935 3118 3004 Πνεύματος
3153 2934 3344 3002 ἁγίου,
3378 2935 3472 2985 καὶ
3503 2931 3729 2983 ἐλάλουν

2149 3029 2408 3094 τὸνλόγον
2425 3027 2517 3080 τοῦ
2536 3027 2671 3082 Θεοῦ
2694 3028 2830 3096 μετὰ
2850 3027 3182 3098 παρρησίας.
3200 3055 3269 3064 -
3297 3025 3405 3092 Τῆς
3437 3022 3683 3086 Ἐξόδου
3709 3037 3726 3052 '

2158 3121 2264 3174 Kal
2295 3121 2645 3189 ἐπλήσθησαν
2677 3119 2990 3188 Πνεῦματος
3019 3119 3202 3185 ἁγίου,
3232 3118 3325 3170 καὶ
3353 3116 3728 3186 προεφήτευον

2153 3213 2212 3263 ὲν
2241 3213 2306 3279 τῇ
2338 3210 2681 3280 παρεμϐολῇ.

2156 3299 2246 3368 ιη’.
2282 3303 2438 3352 Κατὰ
2466 3300 2573 3353 τῶν
2600 3301 2869 3367 λεγόντων
2917 3301 3004 3353 ὅτι
3032 3299 3255 3352 ἐναντία
3283 3297 3349 3350 τά
3381 3297 3590 3348 παλαια
3615 3295 3729 3356 τοῖς

2224 3390 2318 3443 τοῦ
2364 3392 2723 3460 Εὑαγγελίου,
2766 3392 2860 3444 καὶ
2903 3394 3000 3452 τὰς
3047 3390 3341 3460 προφητῶν
3386 3388 3602 3458 ὁράσεις
3651 3386 3728 3455 μὴ

2220 3481 2546 3551 δεχομένων.

2153 3573 2256 3637 Εἰς
2279 3573 2654 3642 pianda-lar,
2685 3573 3023 3641 καθολικὴν
3048 3573 3145 3626 καὶ
3167 3569 3729 3635 ἀποστολικὴνἙιι·

2797 3667 3084 3733 πλησίων.

2221 3761 2468 3815 Παύλου
2498 3777 2511 3790 ·
2559 3761 2620 3813 '0
2647 3761 2878 3828 ποιήσας
2915 3759 2986 3810 τὰ
3024 3756 3410 3826 ἁμφότεριέν.
3460 3755 3590 3819 Kal,
3637 3747 3729 3815 Εἷς

2151 3855 2394 3923 Κύριος,
2449 3853 2546 3919 μία
2601 3853 2819 3918 πίστις,
2873 3851 2931 3902 ἓν
2984 3851 3290 3920 βάπτισμα.
3321 3849 3448 3910 Kal,
3485 3847 3729 3923 ᾊδελςοὶ

2153 3901 3068 4011 ii:leKaijlﬂ'rcomoﬁopqeévse;
3112 3901 3204 3992 ἐπί
3225 3941 3304 4009 τῷ
3337 3901 3582 4008 θεμεῇῳ
3620 3901 3730 3988 τὲ...

2151 4034 2464 4087 ἀποστόλων
2507 4038 2599 4088 καὶ
2643 4035 2960 4102 προφητῶν,
2999 4035 3152 4096 ὖντος
3198 4031 3594 4104 ἀκρογωνιαίου
3636 4030 3731 4080 αὖ·

2151 4125 2245 4178 τοῦ
2276 4125 2448 4196 Ἰησοῦ
2483 4125 2743 4195 Χριστοῦ.
2777 4125 2887 4179 Kal
2919 4124 3108 4193 Ὑμεῖς
3141 4127 3262 4177 ἐστε
3299 4124 3457 4191 σῶμα
3490 4117 3727 4189 Χριστοῦ

2152 4219 2247 4269 καὶ
2279 4217 2414 4284 μέλη
2440 4217 2504 4266 ὲκ
2525 4215 2748 4284 μέρους.
2775 4216 2904 4280 Kal,
2930 4213 3038 4278 Οὓς
3071 4215 3170 4284 μὲν
3195 4213 3348 4265 ἔθετο
3373 4215 3399 4264 ὁ
3420 4212 3550 4273 Θεὸς
3582 4212 3636 4261 ἐν
3660 4213 3724 4276 τῇ

2164 4307 2484 4377 Ἐκκλησία,
2513 4296 2732 4375 πρῶτὸν
2757 4307 3111 4370 ἀποστόλους,
3139 4305 3389 4374 δεύτερον
3415 4305 3669 4373 προφῆτα
3709 4338 3725 4358 .

1632 4401 1695 4454 Ει
1728 4418 1741 4454 :
1774 4401 1842 4457 Ut
1876 4403 2046 4456 aedili-

2151 4400 2330 4468 τρίτον
2360 4399 2734 4460 διδασκάλους.
2759 4400 2890 4463 Kal,
2917 4398 3034 4450 Ἵνα
3053 4396 3456 4465 οίκοδομῆταιή
3493 4393 3724 4459 Ἐκκλη-

2149 4488 2258 4542 σία.
2285 4491 2414 4554 Kal,
2445 4489 2638 4558 Ὑμεῖς
2659 4490 2780 4540 ἐστε
2803 4490 2928 4550 ναὸς
2961 4487 3095 4541 Θεοῦ
3113 4488 3334 4551 ζῶντος.
3357 4488 3484 4549 Καὶ,
3508 4487 3598 4546 Et;
3625 4502 3721 4536 κα-

2146 4579 2446 4648 ταρτισμὸν
2463 4578 2562 4648 τῆς
2594 4577 2946 4647 Ἑκκλησίας.
2975 4578 3305 4640 Kal,"0vto;
3327 4577 3724 4644 ἀκρογωνιαίου

2148 4667 2312 4721 αὑτοῦ
2347 4670 2525 4737 Ἰησοῦ
2559 4669 2820 4738 Χριστοῦ,
2852 4671 2908 4720 ἐν
2935 4662 2978 4736 ᾧ
3009 4669 3104 4721 καὶ
3135 4669 3292 4737 ὑμεῖς
3325 4665 3725 4730 συνοικοδομεῖ-

2149 4761 2266 4814 σθε.
2315 4762 2474 4824 Καὶ,σ
2500 4763 2672 4825 Αὐτός
2714 4763 2920 4831 tenvi)
2961 4759 3171 4831 κεφαλὴ
3212 4759 3307 4811 τοῦ
3333 4757 3583 4825 σώματος
3624 4755 3725 4822 τῆς

2160 4855 2508 4924 Ἐκκλησίας.
2529 4850 2658 4919 Kal,
2690 4853 2778 4916 Ὠς
2805 4853 3107 4908 Καθολικαὶ
3140 4850 3420 4904 ἐπιστολαὶ
3456 4850 3510 4900 al
3549 4847 3688 4899 ἑπτὰ
3708 4884 3722 4902 .

2147 4945 2222 5008 ὡς
2257 4949 2335 5007 εις
2367 4947 2575 5009 πάντας
2608 4953 2830 5014 πιστοὺς
2861 4947 3155 5016 γραφεῖσαι
3185 4942 3396 5008 κοινῶς,
3432 4943 3524 4993 καὶ
3556 4939 3718 4990 καθο-

2149 5035 2273 5104 λικη
2313 5036 2610 5106 Ἐκκλησία
2640 5039 2673 5105 ἡ
2705 5037 2923 5090 πάντων
2952 5034 3252 5105 ὀρθοδόξων
3281 5033 3615 5101 γέγραπται.

3628 5118 3727 5170 Er-

2403 5338 2443 5370 ιε
2483 5336 2608 5390 Luc.
2647 5353 2683 5400 ι,
2732 5335 2820 5389 55.
2902 5324 3306 5399 "Aci.'x,-43.
3380 5329 3427 5360 ιο
3476 5327 3595 5400 Act.
3644 5344 3722 5390 ιιι,

2869 5405 2916 5436 ’⁵
2950 5403 3114 5458 Hebr.
3177 5419 3258 5463 lu,
3299 5402 3346 5455 1.
3425 5401 3469 5430 '°
3525 5399 3716 5463 Eplu's.

2483 5477 2526 5509 ³⁰
2564 5476 2607 5532 ll
2634 5467 2762 5532 Cor.
2803 5490 2876 5542 VI,
2913 5475 2997 5531 16.
3075 5475 3116 5504 “
3147 5473 3346 5540 Ephes.
3390 5485 3462 5534 Iv,
3509 5468 3600 5532 ΞΟ,
3632 5467 3720 5518 ‘22.
