4064 6204
327 402 442 464 8ὶτ

1391 399 1806 462 EXPOSITIO
1841 399 2174 459 SYMBOLI
2217 399 2536 460 ALTERA.

3483 392 3592 458 818

331 514 416 567 ιϐ’.
460 513 614 565 Κατὰ
660 514 974 582 Βοῖομίλων
1011 514 1106 568 καί
1142 515 1359 570 πάντων
1394 516 1609 570 ἀσεϐῶν
1631 557 1644 579 ,
1681 516 1789 568 τῶν
1827 515 1900 585 μὴ

2013 513 2102 570 l9.
2136 513 2416 569 Adversus
2444 511 2756 582 Bogomilos
2796 519 2850 567 et
2879 525 3070 566 omnes
3103 510 3300 582 impios
3335 519 3594 581 negantes

418 605 726 672 Esxoitéttov
758 608 816 658 τδ
845 606 1129 676 βάπτισμα.
1159 607 1191 676 ἢ
1226 596 1518 677 ἀδιάφορον
1548 607 1802 678 ἑχόντων.

373 691 678 761 ὀμολογῶ
709 691 779 745 ἓν
801 693 1120 764 βάπτισμα
1149 697 1236 761 είς
1266 694 1490 762 ἄφεσιν
1519 694 1842 766 ἁμαρτιῶν.

397 784 670 839 Παύλου·
716 779 1092 855 Ὦμολόγησας
1115 788 1213 856 τὴν
1233 787 1406 858 καλὴν
1429 787 1742 857 ὁμολογίαν.
1772 787 1900 855 Καὶ,

323 877 536 946 Καρδίᾳ
574 880 672 946 μὲν
709 877 1132 942 πιστεύεταιείς
1165 879 1548 950 δικαιοσύνην,
1585 880 1814 949 στόματι
1847 879 1905 932 δὲ

321 969 670 1036 ὁμολογεῖται
700 970 778 1030 είς
812 970 1112 1039 σωτηρίαν.
1137 967 1230 1031 Εἷς
1257 969 1482 1040 Κύριος,
1506 969 1602 1038 μία
1623 971 1827 1033 πίστις,
1847 969 1906 1024 ἓν

323 1061 633 1132 βάπτισμα.
663 1059 1024 1128 Βαπτίζοντες
1043 1063 1239 1125 αὐτοὺς
1257 1065 1338 1126 είς
1359 1063 1555 1132 ἄφεσιν
1587 1063 1900 1132 ἁμαρτιῶν,

319 1185 391 1195 -
417 1153 1211 1222 Εὐαγγ·ελίου·Βαπτίζοντες
1253 1157 1452 1218 αὐτοὺς
1503 1158 1584 1218 εἰς
1627 1155 1687 1210 τὸ
1730 1156 1902 1225 ὖνομα

320 1247 415 1300 τοῦ
453 1248 678 1314 Πατρὸς.
701 1247 798 1299 καὶ
823 1243 920 1299 τοῦ
939 1247 1094 1310 Υίοῦ,
1115 1247 1208 1300 καὶ
1235 1246 1329 1300 τοῦ
1367 1247 1524 1315 ἁγίου
1559 1245 1698 1300 Πνεύ
1707 1263 1898 1316 ματος.

320 1337 390 1392 κ’.
428 1339 584 1390 Κατὰ
621 1339 892 1407 Ἑλλήνων
922 1341 1013 1394 καὶ
1049 1337 1389 1407 Ὠριγένους,
1420 1338 1522 1408 τὴν
1549 1339 1660 1391 τῶν
1691 1339 1902 1410 νεκρῶν

389 1433 689 1484 ἀνάστασιν
727 1431 1102 1495 ἀθετούντων,
1141 1431 1216 1494 ὡς
1253 1431 1503 1484 ἐντεῦθεν
1543 1431 1636 1484 καὶ
1671 1429 1768 1501 τὴν
1807 1431 1901 1485 τοῦ

391 1524 642 1594 Σωτῆρος
671 1524 826 1593 ἡμῶν
859 1522 1036 1592 Ἰησοῦ
1069 1523 1334 1593 Χριστοῦ.

621 1607 946 1675 Προσδοκῶ
978 1609 1320 1664 ἀνάστασιν
1353 1611 1602 1681 νεκρῶν.

391 1699 672 1768 Πρὰξεων
697 1716 709 1731 ·
747 1701 883 1770 Περὶ
920 1700 1136 1764 ἐλπίδος
1167 1703 1263 1754 καὶ
1295 1703 1650 1768 ἀναστάσεως
1689 1707 1901 1776 νεκρῶν

321 1794 432 1860 ἐγὼ
471 1793 749 1862 κρίνομαι.
778 1792 1144 1847 -Ἱὶσαΐουθ
1179 1793 1600 1866 Ἀναστήσονται
1622 1799 1670 1850 οἱ
1689 1799 1896 1868 νεκροὶ,

319 1887 412 1936 καὶ
461 1883 920 1954 ἐγερθήσονταιοί
962 1885 1020 1936 ὲν
1049 1887 1159 1946 τοῖς
1182 1889 1496 1956 μνημείοις.
1525 1919 1591 1931 -——
1611 1893 1856 1944 Παύλου
1881 1907 1896 1922 ⁸

331 1973 395 2024 Ἦ
432 1975 538 2042 γὰρ
572 1973 986 2043 ἀποκαραδοκία
1019 1971 1118 2043 τῆς
1156 1974 1390 2038 κτίσεως
1420 1976 1522 2048 τὴν
1555 1979 1901 2046 ἀποκάλυψιν

317 2068 425 2117 τῶν
443 2067 575 2118 υἱῶν
591 2065 682 2118 τοῦ
702 2065 836 2118 Θεοῦ
853 2066 1311 2137 ἀπεκδέχεται.-
1327 2071 1700 2139 Εὐαγγελὶου
1724 2086 1738 2100 ⁸
1769 2071 1900 2123 Ὅτε

317 2155 376 2209 οἵ
412 2157 595 2224 νεκροὶ
635 2155 962 2210 ἀκούσονται
999 2157 1102 2226 τῆς
1147 2160 1331 2230 φωνῆς
1375 2161 1468 2214 τοῦ
1515 2159 1672 2224 Θεοῦ,
1713 2162 1810 2214 καὶ
1851 2163 1900 2214 oi

319 2248 456 2300 ἀκού
465 2265 674 2314 σαντες,
708 2248 989 2316 ζήσονται.

318 2339 485 2409 319
507 2339 612 2408 κβ’.
635 2339 789 2392 Κατὰ
805 2338 1110 2409 Ὠριγένους
1135 2341 1228 2393 καὶ
1251 2341 1426 2406 τοῦτο,
1447 2343 1731 2397 ἀλλοίωσιν
1747 2344 1802 2395 iw
1822 2345 1900 2415 τῷ

398 2431 642 2499 μέλλοντι
665 2431 982 2501 ληροῦντος,
1014 2433 1111 2484 καὶ
1139 2433 1294 2496 τέλος
1320 2433 1592 2496 κολάσεως
1625 2436 1897 2502 λέγοντος.

431 2523 534 2576 Καὶ
569 2520 726 2589 ζωὴν
773 2521 882 2576 τοῦ
915 2521 1253 2590 μέλλοντος
1296 2521 1535 2590 αἰῶνος.
1583 2525 1788 2594 Ἀμήν.

394 2613 769 2684 libanu—2.1101)
799 2629 812 2644 '
861 2613 921 2667 '0
977 2615 1152 2683 μισῶν
1187 2619 1287 2685 τὴν
1317 2616 1496 2686 ψυχὴν
1525 2616 1690 2669 αὐτοῦ
1729 2619 1788 2671 ὲν
1820 2618 1900 2688 *ιῷ

315 2710 510 2778 κόσμῳ
559 2706 760 2776 τούτῳ,
797 2706 879 2768 είς
929 2707 1078 2774 ζωὴν
1141 2707 1360 2760 αἰώνιον
1421 2707 1645 2776 φυλάξει
1704 2709 1894 2778 αὐτήν.

314 2830 386 2844 ..-
407 2797 710 2865 Πράξεωνο
732 2795 957 2864 Διαλεγο
967 2797 1128 2867 μένου
1145 2799 1200 2850 δὲ
1223 2797 1388 2852 αὑτοῦ
1411 2801 1539 2869 περὶ
1555 2799 1898 2870 δικαιοσύνης

315 2894 413 2944 καὶ
465 2891 800 2960 ἐγκρατείας
849 2891 945 2942 καὶ
993 2891 1079 2942 τοῦ
1133 2891 1404 2959 κρίματος
1457 2891 1552 2945 τοῦ
1608 2892 1897 2960 μέλλοντος

319 2985 562 3036 ἔσεσῡαι.
599 3009 670 3021 —--
713 2981 974 3038 Ἡσαΐου·
1015 2981 1200 3050 Πατὴρ
1233 2981 1326 3033 τοῦ
1368 2983 1648 3050 μέλλοντος
1679 2984 1899 3046 αἰῶνος.

317 3103 392 3113 --
416 3070 813 3139 εὐαγγελίου·
857 3067 1000 3136 Ἐγὼ
1027 3067 1128 3133 ζῶ,
1152 3071 1247 3122 καὶ
1273 3073 1299 3123 ὀ
1334 3071 1560 3140 τρώγων
1585 3091 1650 3142 με
1673 3075 1898 3143 ζήσεται

2219 607 2486 675 baptisma
2520 614 2614 659 aut
2647 605 2776 659 illud
2816 605 3127 675 iudicantes
3165 605 3378 660 inutile.

2011 693 2278 762 Confiteor
2302 711 2464 749 imum
2487 695 2748 765 baptisma
2769 697 2823 749 in
2851 697 3213 750 remissionem
3233 707 3590 765 peccatorum.

2085 787 2252 841 I’auli
2280 804 2297 842 :
2329 787 2630 844 Confessus
2684 789 2884 844 bonam
2942 789 3344 846 confessionem
3369 791 3434 849 ³³.
3471 792 3536 846 Ει
3578 807 3592 842 :

2009 876 2188 932 Corde
2235 878 2385 932 enim
2423 879 2666 933 creditur
2695 877 2762 932 ad
2801 879 3092 948 iustitiam,
3126 895 3222 934 ore
3255 892 3434 934 autem
3465 897 3594 934 con-
3679 931 3682 936 .

2009 966 2178 1023 fessio
2207 969 2266 1023 lit
2295 969 2361 1022 ad
2409 970 2640 1026 salutem
2666 971 2732 1024 ³⁸.
2792 971 2948 1026 Unus
2979 971 3263 1036 Dominus,
3295 987 3402 1026 una
3435 973 3592 1036 lidcs,
3632 1033 3638 1038 _

1977 1075 2176 1118 .unum
2205 1061 2476 1132 baptisma
2510 1063 2576 1118 ⁸⁸.
2608 1061 2954 1132 Baptizantes
2989 1079 3083 1118 eos
3117 1064 3174 1118 in
3213 1064 3592 1120 remissionem
3637 1057 3674 1064 ”

2007 1164 2355 1222 peccatorum
2389 1155 2455 1208 ³⁸.
2507 1185 2578 1196 -
2629 1157 2961 1226 Evangelii:
2993 1157 3342 1225 Baptizantes
3391 1173 3487 1214 eos
3539 1161 3590 1212 in
3655 1172 3672 1178 ‘

2006 1245 2228 1298 nomine
2257 1243 2468 1310 Patris,
2493 1255 2547 1300 et
2583 1243 2730 1309 Filii.
2771 1253 2825 1299 et
2853 1243 3094 1315 Spiritus
3124 1247 3300 1302 sancti
3328 1247 3391 1300 ³⁷.

2003 1332 2094 1388 20.
2138 1333 2344 1390 Contra
2400 1335 2618 1391 Grmcos
2682 1345 2736 1390 et
2789 1337 3076 1406 Origenem
3133 1338 3590 1392 resurrectionem

2077 1436 2421 1482 mortuorum
2473 1427 2790 1497 rejicientes
2843 1437 2898 1484 et
2955 1439 3360 1499 consequenter
3414 1431 3590 1500 ipsam

2087 1519 2546 1574 resurrectionem
2599 1517 2906 1574 Salvatoris
2957 1519 3132 1574 nostri
3184 1518 3312 1575 Jesu
3360 1521 3587 1576 Christi.

2219 1607 2485 1682 Exspecto
2541 1611 2979 1664 resurrectionem
3023 1621 3402 1670 mortuorum,

2075 1702 2334 1756 Actorum
2364 1718 2384 1756 :
2426 1700 2500 1756 De
2547 1715 2642 1770 spe
2687 1709 2741 1756 et
2795 1702 3202 1756 resurrectione
3247 1711 3588 1757 mortuorum

2002 1808 2102 1864 ego
2152 1792 2466 1862 judicor”.
2517 1823 2587 1832 —
2639 1791 3182 1862 lsaiw:Resurgunt
3249 1795 3472 1860 mortui,
3537 1805 3593 1849 et

2005 1895 2232 1951 surgent
2263 1885 2356 1954 qui
2409 1884 2463 1938 in
2521 1884 2892 1940 monumentis
2927 1896 3077 1940 sunt.
3108 1915 3174 1925 -—
3213 1885 3374 1940 Pauli
3403 1904 3420 1940 :
3453 1886 3588 1940 Nam

2009 1977 2350 2047 exspectatio
2407 1986 2672 2032 creaturae
2742 1975 3130 2031 revelationem
3191 1977 3428 2034 liliormu
3495 1977 3590 2032 Dei

2005 2075 2288 2136 exspectat
2315 2066 2380 2119 ³⁸.
2429 2094 2498 2105 --
2551 2063 2829 2133 Evangelii
2870 2081 2888 2118 :
2922 2063 3059 2130 Quia
3119 2066 3320 2119 mortui
3367 2067 3590 2122 audient

2004 2173 2196 2214 vocem
2234 2157 2353 2211 Filii
2391 2156 2481 2211 Dei
2519 2165 2572 2212 et
2604 2157 2696 2226 qui
2733 2156 3034 2222 audierint,
3069 2157 3339 2212 vivent“.

2003 2343 2094 2397 21.
2121 2341 2404 2396 Adversus
2433 2337 2726 2408 Origenem
2765 2337 2986 2398 iterum.
3013 2337 3104 2408 qui
3133 2337 3292 2392 docet
3329 2338 3588 2393 mutatio-

2073 2449 2198 2490 nem
2221 2432 2340 2488 fore
2363 2433 2416 2485 in
2444 2431 2551 2486 vita
2581 2429 2784 2499 futura,
2808 2439 2860 2485 et
2883 2445 3075 2499 pmnas
3097 2430 3257 2484 linem
3285 2429 3583 2486 habituras.

2317 2524 2382 2578 Et
2415 2525 2576 2579 vitam
2613 2524 2820 2579 venturi
2852 2523 3057 2578 saeculi.
3099 2524 3287 2578 Amen.

2074 2615 2386 2686 Evangelii:
2419 2614 2522 2682 Qui
2548 2615 2660 2670 odit
2695 2616 2930 2668 animam
2953 2629 3110 2670 suam
3141 2615 3193 2668 in
3227 2617 3330 2671 hoc
3361 2617 3584 2682 mundo,

2001 2708 2056 2764 in
2093 2709 2258 2763 vitam
2295 2719 2557 2762 aeternam
2607 2706 2846 2761 custodit
2889 2720 3010 2760 eam
3041 2706 3108 2760 “.
3156 2736 3228 2746 —
3279 2708 3528 2761 Actorum
3565 2724 3582 2760 :

2003 2799 2330 2870 DiSputante
2356 2807 2539 2853 autem
2577 2797 2669 2852 illo
2701 2797 2768 2853 de
2798 2797 3012 2866 iustitia
3055 2807 3108 2852 et
3143 2798 3210 2851 de
3245 2799 3498 2854 castitate
3532 2809 3584 2852 et

2001 2892 2070 2948 de
2118 2891 2329 2962 judicio
2379 2889 2566 2944 futuro
2593 2890 2662 2948 ".
2695 2919 2765 2930 —
2792 2889 2954 2946 Isaia
2987 2905 3004 2945 :
3061 2889 3222 2945 Pater
3261 2892 3429 2944 futuri
3483 2907 3586 2944 sau-

2011 2983 2123 3040 culi
2157 2983 2224 3052 η.
2276 3011 2348 3021 -
2381 2982 2698 3052 Evangelii:
2725 2980 2840 3052 Ego
2885 2984 3031 3044 vivo,
3058 2991 3110 3036 et
3146 2982 3238 3052 qui
3293 2984 3582 3037 manducat

2005 3093 2091 3132 me
2143 3073 2284 3130 vivet
2338 3083 2562 3144 propter
2599 3091 2684 3130 me
2710 3075 2777 3130 ⁸⁸.
2813 3075 2876 3130 Ει
2905 3092 2918 3128 :
2954 3076 3065 3146 Ego
3101 3091 3218 3130 sum
3251 3075 3584 3130 resurrectio

313 3163 384 3214 δι’
417 3163 537 3230 ἐμέ.
561 3162 688 3226 Καὶ,
719 3159 862 3227 Ἐγώ
891 3161 1009 3228 εἰμι
1041 3163 1074 3230 ἡ
1103 3163 1400 3226 ἀνάστασις
1420 3166 1511 3218 καὶ
1541 3167 1574 3236 ἡ
1603 3167 1738 3236 ζωή.
1770 3169 1897 3233 Kal,

2008 3181 2062 3223 et
2097 3168 2208 3222 vita
2235 3168 2303 3220 ⁸⁵.
2359 3166 2424 3218 Et
2462 3183 2476 3220 :
2537 3165 2696 3221 Ibunt
2745 3168 2798 3221 lii
2843 3167 2895 3221 in
2934 3167 3262 3236 supplicium
3294 3177 3581 3232 aeternum,

315 3255 737 3309 Ἀπελεύσονται
766 3244 914 3305 οὗτοι
944 3255 1024 3314 είς
1059 3255 1280 3310 κόλασιν
1338 3257 1578 3326 αἰώνιον,
1621 3261 1670 3312 οἱ
1740 3260 1798 3312 δὲ
1822 3261 1901 3313 δί-

313 3363 464 3398 καιοι
491 3345 566 3406 εἰς
596 3341 742 3413 ζωὴν
778 3341 1023 3398 αἰώνιον.
1079 3345 1278 3416 Ἀμήν.

395 3527 490 3582 ³³1
523 3529 662 3585 Tim.
713 3525 786 3598 vt,
820 3533 906 3586 12.
987 3533 1031 3565 ³⁸
1065 3531 1226 3585 Boni.
1271 3534 1416 3594 x.l0.
1497 3533 1540 3564 ³³
1592 3531 1795 3599 Ephes.
1851 3549 1924 3598 tv,

317 3615 475 3657 xuii.
511 3603 564 3654 6.
643 3603 687 3634 ³³
723 3603 880 3658 liom.
906 3617 1024 3662 vni.
1059 3603 1142 3657 19.
1221 3603 1264 3633 ‘°
1295 3605 1454 3658 toan.
1477 3617 1531 3660 γ.
1564 3601 1657 3656 25.

315 3685 394 3733 τι,
449 3669 536 3724 58.
611 3671 826 3728 "Joan.
853 3688 932 3736 xl,
959 3674 1050 3727 25.
1128 3675 1174 3706 ⁸⁵
1207 3673 1398 3729 Matth.
1429 3687 1554 3735 xxv,
1599 3672 1686 3726 46.

1963 3532 2017 3586 5.
2093 3505 2138 3568 ³έ
2191 3535 2322 3591 Luc.
2385 3551 2468 3600 ιιι,
2511 3536 2564 3589 5.

1739 3602 1964 3658 “toan.
2002 3617 2098 3673 xu,
2135 3605 2224 3661 25.
2303 3608 2348 3638 "
2377 3606 2500 3661 Act.
2525 3620 2674 3672 xxxv,
2698 3603 2790 3660 25.
2868 3603 2913 3640 ⁸³
2937 3601 3044 3657 lsa.
3089 3617 3162 3667 Ix,
3197 3603 3228 3654 6
3261 3641 3275 3656 .

2003 3263 2136 3334 justi
2174 3261 2357 3314 autem
2412 3259 2464 3312 in
2513 3259 2680 3313 vitam
2729 3262 3079 3314 aeternam".
3126 3264 3322 3312 Amen.

2645 3535 2690 3567 "
2735 3533 2932 3588 Matth.
2998 3543 3183 3595 xxvtu,
3215 3533 3299 3588 ‘19.
3378 3529 3424 3564 "'
3454 3528 3580 3586 Act.

2645 3603 2790 3655 v.25.
2868 3601 3044 3655 “lsa.
3089 3617 3162 3655 Ix.
3197 3603 3228 3654 6
3261 3641 3275 3655 .
3357 3597 3584 3655 “Joan.
