  <div class='ocr_page' id='page_1' title='image "/cluster/home/n/w/nwhite01/storage/ocr_20150623/155/hvd.32044069650117/416.png"; bbox 0 0 4064 6204; ppageno 0'>
   <div class='ocr_carea' id='block_1_1' title="bbox 368 309 466 376">
    <p class='ocr_par' dir='ltr' id='par_1_1' title="bbox 368 309 466 376">
     <span class='ocr_line' id='line_1_1' title="bbox 368 309 466 376; baseline -0.02 0"><span class='ocrx_word' id='word_1_1' title='bbox 368 309 466 376; x_wconf 79' lang='grc' dir='ltr'><strong>8Ἷ</strong></span> 
     </span>
    </p>
   </div>
   <div class='ocr_carea' id='block_1_2' title="bbox 1517 315 2442 382">
    <p class='ocr_par' dir='ltr' id='par_1_2' title="bbox 1517 315 2442 382">
     <span class='ocr_line' id='line_1_2' title="bbox 1517 315 2442 382; baseline 0.009 -8"><span class='ocrx_word' id='word_1_2' title='bbox 1517 315 1886 378; x_wconf 73' lang='lat' dir='ltr'><strong>ABTICULI</strong></span> <span class='ocrx_word' id='word_1_3' title='bbox 1929 317 2046 378; x_wconf 81' lang='lat' dir='ltr'><strong>XII</strong></span> <span class='ocrx_word' id='word_1_4' title='bbox 2097 321 2194 380; x_wconf 83' lang='lat' dir='ltr'><strong>DE</strong></span> <span class='ocrx_word' id='word_1_5' title='bbox 2241 321 2442 382; x_wconf 84' lang='lat' dir='ltr'><strong>FIDE.</strong></span> 
     </span>
    </p>
   </div>
   <div class='ocr_carea' id='block_1_3' title="bbox 3513 323 3620 388">
    <p class='ocr_par' dir='ltr' id='par_1_3' title="bbox 3513 323 3620 388">
     <span class='ocr_line' id='line_1_3' title="bbox 3513 323 3620 388; baseline 0.019 -2"><span class='ocrx_word' id='word_1_6' title='bbox 3513 323 3620 388; x_wconf 75' lang='lat'><strong>822</strong></span> 
     </span>
    </p>
   </div>
   <div class='ocr_carea' id='block_1_4' title="bbox 363 423 1941 500">
    <p class='ocr_par' dir='ltr' id='par_1_4' title="bbox 363 423 1939 495">
     <span class='ocr_line' id='line_1_4' title="bbox 363 423 1939 495; baseline 0 -13"><span class='ocrx_word' id='word_1_7' title='bbox 363 429 556 494; x_wconf 74' lang='grc' dir='ltr'>διπλῆν</span> <span class='ocrx_word' id='word_1_8' title='bbox 578 425 675 495; x_wconf 72' lang='grc' dir='ltr'>τὴν</span> <span class='ocrx_word' id='word_1_9' title='bbox 711 423 918 494; x_wconf 77' lang='grc' dir='ltr'>Τριάδα</span> <span class='ocrx_word' id='word_1_10' title='bbox 949 425 1061 494; x_wconf 76' lang='grc' dir='ltr'>ἔχει</span> <span class='ocrx_word' id='word_1_11' title='bbox 1093 425 1200 478; x_wconf 81' lang='grc' dir='ltr'><strong>τῶν</strong></span> <span class='ocrx_word' id='word_1_12' title='bbox 1238 426 1573 493; x_wconf 78' lang='grc' dir='ltr'>κεφαλαίων.</span> <span class='ocrx_word' id='word_1_13' title='bbox 1610 427 1731 480; x_wconf 86' lang='grc' dir='ltr'><strong>Ἔτι</strong></span> <span class='ocrx_word' id='word_1_14' title='bbox 1762 428 1819 481; x_wconf 80' lang='grc' dir='ltr'><strong>δὲ</strong></span> <span class='ocrx_word' id='word_1_15' title='bbox 1844 429 1939 482; x_wconf 70' lang='grc' dir='ltr'><strong>καὶ</strong></span> 
     </span>
    </p>
   </div>
   <div class='ocr_carea' id='block_1_5' title="bbox 2048 423 3616 500">
    <p class='ocr_par' dir='ltr' id='par_1_5' title="bbox 2048 428 3616 500">
     <span class='ocr_line' id='line_1_5' title="bbox 2048 428 3616 500; baseline 0.005 -20"><span class='ocrx_word' id='word_1_16' title='bbox 2048 438 2144 492; x_wconf 76' lang='lat' dir='ltr'><strong>est,</strong></span> <span class='ocrx_word' id='word_1_17' title='bbox 2177 429 2372 498; x_wconf 83' lang='lat' dir='ltr'><strong>duplex</strong></span> <span class='ocrx_word' id='word_1_18' title='bbox 2429 428 2667 498; x_wconf 85' lang='lat' dir='ltr'><strong>capitum</strong></span> <span class='ocrx_word' id='word_1_19' title='bbox 2713 429 2847 484; x_wconf 86' lang='lat' dir='ltr'><strong>trias</strong></span> <span class='ocrx_word' id='word_1_20' title='bbox 2908 430 3010 500; x_wconf 87' lang='lat' dir='ltr'><strong>ipsi</strong></span> <span class='ocrx_word' id='word_1_21' title='bbox 3073 429 3378 486; x_wconf 75' lang='lat' dir='ltr'><strong>dedicatur.</strong></span> <span class='ocrx_word' id='word_1_22' title='bbox 3413 431 3616 488; x_wconf 85' lang='lat' dir='ltr'><strong>Tribus</strong></span> 
     </span>
    </p>
   </div>
   <div class='ocr_carea' id='block_1_6' title="bbox 365 516 1938 587">
    <p class='ocr_par' dir='ltr' id='par_1_6' title="bbox 365 516 1938 587">
     <span class='ocr_line' id='line_1_6' title="bbox 365 516 1938 587; baseline 0 -15"><span class='ocrx_word' id='word_1_23' title='bbox 365 523 490 586; x_wconf 78' lang='grc' dir='ltr'>τρῖα</span> <span class='ocrx_word' id='word_1_24' title='bbox 539 517 808 584; x_wconf 70' lang='grc' dir='ltr'>κεφάλαια</span> <span class='ocrx_word' id='word_1_25' title='bbox 841 517 970 586; x_wconf 75' lang='grc' dir='ltr'>περὶ</span> <span class='ocrx_word' id='word_1_26' title='bbox 1001 517 1098 584; x_wconf 72' lang='grc' dir='ltr'><strong>τῆξ</strong></span> <span class='ocrx_word' id='word_1_27' title='bbox 1129 516 1442 580; x_wconf 79' lang='grc' dir='ltr'>συντελείας</span> <span class='ocrx_word' id='word_1_28' title='bbox 1485 519 1629 572; x_wconf 77' lang='grc' dir='ltr'>είσὶν</span> <span class='ocrx_word' id='word_1_29' title='bbox 1660 518 1739 581; x_wconf 82' lang='grc' dir='ltr'><strong>είς</strong></span> <span class='ocrx_word' id='word_1_30' title='bbox 1768 519 1938 587; x_wconf 73' lang='grc' dir='ltr'>τιμὴν</span> 
     </span>
    </p>
   </div>
   <div class='ocr_carea' id='block_1_7' title="bbox 368 609 1942 682">
    <p class='ocr_par' dir='ltr' id='par_1_7' title="bbox 368 609 1942 682">
     <span class='ocr_line' id='line_1_7' title="bbox 368 609 1942 682; baseline 0 -18"><span class='ocrx_word' id='word_1_31' title='bbox 368 613 463 664; x_wconf 66' lang='grc' dir='ltr'>καὶ</span> <span class='ocrx_word' id='word_1_32' title='bbox 495 610 668 662; x_wconf 82' lang='grc' dir='ltr'>ταῦτα</span> <span class='ocrx_word' id='word_1_33' title='bbox 719 611 817 678; x_wconf 83' lang='grc' dir='ltr'>τῆς</span> <span class='ocrx_word' id='word_1_34' title='bbox 873 609 1108 680; x_wconf 79' lang='grc' dir='ltr'>ὰνὰρχου</span> <span class='ocrx_word' id='word_1_35' title='bbox 1156 611 1478 681; x_wconf 75' lang='grc' dir='ltr'>Τριάδος,ἡ</span> <span class='ocrx_word' id='word_1_36' title='bbox 1525 613 1704 666; x_wconf 84' lang='grc' dir='ltr'>πάντα</span> <span class='ocrx_word' id='word_1_37' title='bbox 1753 615 1818 665; x_wconf 82' lang='grc' dir='ltr'><strong>ὲκ</strong></span> <span class='ocrx_word' id='word_1_38' title='bbox 1867 611 1942 682; x_wconf 80' lang='grc' dir='ltr'>μὴ</span> 
     </span>
    </p>
   </div>
   <div class='ocr_carea' id='block_1_8' title="bbox 367 702 1941 774">
    <p class='ocr_par' dir='ltr' id='par_1_8' title="bbox 367 702 1941 774">
     <span class='ocr_line' id='line_1_8' title="bbox 367 702 1941 774; baseline 0.001 -19"><span class='ocrx_word' id='word_1_39' title='bbox 367 704 537 755; x_wconf 69' lang='grc' dir='ltr'>ὄντων</span> <span class='ocrx_word' id='word_1_40' title='bbox 575 703 872 772; x_wconf 72' lang='grc' dir='ltr'>ποιήσασα,</span> <span class='ocrx_word' id='word_1_41' title='bbox 901 702 1118 770; x_wconf 74' lang='grc' dir='ltr'>ἁγαθῶς</span> <span class='ocrx_word' id='word_1_42' title='bbox 1152 704 1370 774; x_wconf 81' lang='grc' dir='ltr'>συνέχει</span> <span class='ocrx_word' id='word_1_43' title='bbox 1405 707 1499 758; x_wconf 71' lang='grc' dir='ltr'><strong>καὶ</strong></span> <span class='ocrx_word' id='word_1_44' title='bbox 1543 703 1720 768; x_wconf 80' lang='grc' dir='ltr'>καλῶς</span> <span class='ocrx_word' id='word_1_45' title='bbox 1747 705 1941 758; x_wconf 70' lang='grc' dir='ltr'>διακυ-</span> 
     </span>
    </p>
   </div>
   <div class='ocr_carea' id='block_1_9' title="bbox 367 793 553 864">
    <p class='ocr_par' dir='ltr' id='par_1_9' title="bbox 367 793 553 864">
     <span class='ocr_line' id='line_1_9' title="bbox 367 793 553 864; baseline 0.016 -20"><span class='ocrx_word' id='word_1_46' title='bbox 367 793 553 864; x_wconf 75' lang='grc' dir='ltr'>ϐερνᾷ.</span> 
     </span>
    </p>
   </div>
   <div class='ocr_carea' id='block_1_10' title="bbox 437 885 1930 958">
    <p class='ocr_par' dir='ltr' id='par_1_10' title="bbox 437 885 1930 958">
     <span class='ocr_line' id='line_1_10' title="bbox 437 885 1930 958; baseline 0.003 -22"><span class='ocrx_word' id='word_1_47' title='bbox 437 885 550 937; x_wconf 80' lang='grc' dir='ltr'><strong>Καὶ</strong></span> <span class='ocrx_word' id='word_1_48' title='bbox 591 886 808 956; x_wconf 80' lang='grc' dir='ltr'>πρῶτον</span> <span class='ocrx_word' id='word_1_49' title='bbox 859 887 960 956; x_wconf 68' lang='grc' dir='ltr'>μὲν</span> <span class='ocrx_word' id='word_1_50' title='bbox 1009 887 1118 940; x_wconf 78' lang='grc' dir='ltr'><strong>τῶν</strong></span> <span class='ocrx_word' id='word_1_51' title='bbox 1185 887 1520 958; x_wconf 78' lang='grc' dir='ltr'>κεφαλαίων,</span> <span class='ocrx_word' id='word_1_52' title='bbox 1603 892 1684 942; x_wconf 80' lang='grc' dir='ltr'><strong>ὅτι</strong></span> <span class='ocrx_word' id='word_1_53' title='bbox 1755 887 1812 941; x_wconf 77' lang='grc' dir='ltr'>ἓν</span> <span class='ocrx_word' id='word_1_54' title='bbox 1868 887 1930 940; x_wconf 87' lang='grc' dir='ltr'>τδ</span> 
     </span>
    </p>
   </div>
   <div class='ocr_carea' id='block_1_11' title="bbox 369 977 1940 1052">
    <p class='ocr_par' dir='ltr' id='par_1_11' title="bbox 369 977 1940 1052">
     <span class='ocr_line' id='line_1_11' title="bbox 369 977 1940 1052; baseline 0.003 -24"><span class='ocrx_word' id='word_1_55' title='bbox 369 977 512 1030; x_wconf 74' lang='grc' dir='ltr'>οεΐον</span> <span class='ocrx_word' id='word_1_56' title='bbox 543 982 608 1048; x_wconf 81' lang='grc' dir='ltr'>τῇ</span> <span class='ocrx_word' id='word_1_57' title='bbox 640 979 942 1048; x_wconf 51' lang='lat' dir='ltr'><strong>(possunt).</strong></span> <span class='ocrx_word' id='word_1_58' title='bbox 993 983 1051 1034; x_wconf 84' lang='grc' dir='ltr'><strong>οὐ</strong></span> <span class='ocrx_word' id='word_1_59' title='bbox 1107 982 1296 1044; x_wconf 82' lang='grc' dir='ltr'>πολλὰ,</span> <span class='ocrx_word' id='word_1_60' title='bbox 1349 983 1444 1036; x_wconf 77' lang='grc' dir='ltr'>καὶ</span> <span class='ocrx_word' id='word_1_61' title='bbox 1495 981 1553 1034; x_wconf 80' lang='grc' dir='ltr'>ἓν</span> <span class='ocrx_word' id='word_1_62' title='bbox 1611 983 1677 1052; x_wconf 83' lang='grc' dir='ltr'>τῇ</span> <span class='ocrx_word' id='word_1_63' title='bbox 1712 981 1940 1050; x_wconf 83' lang='grc' dir='ltr'><strong>δυνάμει</strong></span> 
     </span>
    </p>
   </div>
   <div class='ocr_carea' id='block_1_12' title="bbox 371 1059 1726 1146">
    <p class='ocr_par' dir='ltr' id='par_1_12' title="bbox 371 1059 1726 1146">
     <span class='ocr_line' id='line_1_12' title="bbox 371 1059 1726 1146; baseline 0.004 -23"><span class='ocrx_word' id='word_1_64' title='bbox 371 1075 466 1123; x_wconf 73' lang='grc' dir='ltr'>καὶ</span> <span class='ocrx_word' id='word_1_65' title='bbox 495 1072 636 1142; x_wconf 78' lang='grc' dir='ltr'><strong>ἀρχῇ</strong></span> <span class='ocrx_word' id='word_1_66' title='bbox 684 1059 777 1124; x_wconf 72' lang='grc' dir='ltr'><strong>καὶ</strong></span> <span class='ocrx_word' id='word_1_67' title='bbox 813 1075 1253 1146; x_wconf 74' lang='grc' dir='ltr'>παντοκρατορίᾳ</span> <span class='ocrx_word' id='word_1_68' title='bbox 1289 1077 1382 1127; x_wconf 78' lang='grc' dir='ltr'><strong>καὶ</strong></span> <span class='ocrx_word' id='word_1_69' title='bbox 1420 1075 1726 1144; x_wconf 76' lang='grc' dir='ltr'>κυριότητι.</span> 
     </span>
    </p>
   </div>
   <div class='ocr_carea' id='block_1_13' title="bbox 439 1249 1940 1320">
    <p class='ocr_par' dir='ltr' id='par_1_13' title="bbox 439 1249 1940 1320">
     <span class='ocr_line' id='line_1_13' title="bbox 439 1249 1940 1320; baseline -0.001 -18"><span class='ocrx_word' id='word_1_70' title='bbox 439 1249 698 1320; x_wconf 80' lang='grc' dir='ltr'><strong>Δεύτερον</strong></span> <span class='ocrx_word' id='word_1_71' title='bbox 741 1251 920 1316; x_wconf 77' lang='grc' dir='ltr'>δὲ,ὄτι</span> <span class='ocrx_word' id='word_1_72' title='bbox 969 1251 1098 1320; x_wconf 63' lang='grc' dir='ltr'>τρία</span> <span class='ocrx_word' id='word_1_73' title='bbox 1142 1251 1300 1304; x_wconf 80' lang='grc' dir='ltr'>τοῦτο</span> <span class='ocrx_word' id='word_1_74' title='bbox 1352 1251 1411 1305; x_wconf 74' lang='grc' dir='ltr'>τὸ</span> <span class='ocrx_word' id='word_1_75' title='bbox 1455 1251 1618 1316; x_wconf 79' lang='grc' dir='ltr'>θεῖον,</span> <span class='ocrx_word' id='word_1_76' title='bbox 1642 1269 1734 1304; x_wconf 76' lang='grc' dir='ltr'><strong>και</strong></span> <span class='ocrx_word' id='word_1_77' title='bbox 1763 1251 1860 1320; x_wconf 81' lang='grc' dir='ltr'>οὐχ</span> <span class='ocrx_word' id='word_1_78' title='bbox 1883 1252 1940 1304; x_wconf 68' lang='grc' dir='ltr'>ἓν</span> 
     </span>
    </p>
   </div>
   <div class='ocr_carea' id='block_1_14' title="bbox 370 1343 1940 1414">
    <p class='ocr_par' dir='ltr' id='par_1_14' title="bbox 370 1343 1940 1414">
     <span class='ocr_line' id='line_1_14' title="bbox 370 1343 1940 1414; baseline 0.002 -22"><span class='ocrx_word' id='word_1_79' title='bbox 370 1343 679 1410; x_wconf 76' lang='grc' dir='ltr'>πρόσωπον,</span> <span class='ocrx_word' id='word_1_80' title='bbox 696 1343 740 1393; x_wconf 77' lang='lat' dir='ltr'><strong>ei</strong></span> <span class='ocrx_word' id='word_1_81' title='bbox 767 1343 854 1393; x_wconf 68' lang='lat' dir='ltr'><strong>xuii.</strong></span> <span class='ocrx_word' id='word_1_82' title='bbox 872 1343 928 1394; x_wconf 83' lang='grc' dir='ltr'>ἓν</span> <span class='ocrx_word' id='word_1_83' title='bbox 947 1343 1040 1395; x_wconf 73' lang='grc' dir='ltr'><strong>καὶ</strong></span> <span class='ocrx_word' id='word_1_84' title='bbox 1059 1343 1361 1412; x_wconf 77' lang='grc' dir='ltr'>ἀδιαίρετον</span> <span class='ocrx_word' id='word_1_85' title='bbox 1378 1346 1442 1414; x_wconf 79' lang='grc' dir='ltr'>τῇ</span> <span class='ocrx_word' id='word_1_86' title='bbox 1462 1344 1696 1414; x_wconf 75' lang='grc' dir='ltr'>θεότητι,</span> <span class='ocrx_word' id='word_1_87' title='bbox 1717 1344 1940 1396; x_wconf 78' lang='grc' dir='ltr'>καὶτῶν</span> 
     </span>
    </p>
   </div>
   <div class='ocr_carea' id='block_1_15' title="bbox 367 1432 1937 1504">
    <p class='ocr_par' dir='ltr' id='par_1_15' title="bbox 367 1432 1937 1504">
     <span class='ocr_line' id='line_1_15' title="bbox 367 1432 1937 1504; baseline 0.003 -20"><span class='ocrx_word' id='word_1_88' title='bbox 367 1435 532 1498; x_wconf 80' lang='grc' dir='ltr'>τριῶν</span> <span class='ocrx_word' id='word_1_89' title='bbox 559 1432 868 1501; x_wconf 78' lang='grc' dir='ltr'>προσώπων</span> <span class='ocrx_word' id='word_1_90' title='bbox 901 1435 934 1503; x_wconf 75' lang='grc' dir='ltr'>ἢ</span> <span class='ocrx_word' id='word_1_91' title='bbox 971 1435 1320 1488; x_wconf 79' lang='grc' dir='ltr'>ὑποστάσεων</span> <span class='ocrx_word' id='word_1_92' title='bbox 1353 1437 1525 1488; x_wconf 77' lang='grc' dir='ltr'>εἰπεῖν</span> <span class='ocrx_word' id='word_1_93' title='bbox 1553 1437 1586 1504; x_wconf 78' lang='grc' dir='ltr'>ἦ</span> <span class='ocrx_word' id='word_1_94' title='bbox 1627 1436 1937 1502; x_wconf 83' lang='grc' dir='ltr'>ίδιοτήτων,</span> 
     </span>
    </p>
   </div>
   <div class='ocr_carea' id='block_1_16' title="bbox 365 1523 1936 1598">
    <p class='ocr_par' dir='ltr' id='par_1_16' title="bbox 365 1523 1936 1598">
     <span class='ocr_line' id='line_1_16' title="bbox 365 1523 1936 1598; baseline 0.003 -22"><span class='ocrx_word' id='word_1_95' title='bbox 365 1523 426 1576; x_wconf 81' lang='grc' dir='ltr'>οὐ</span> <span class='ocrx_word' id='word_1_96' title='bbox 470 1525 628 1577; x_wconf 82' lang='grc' dir='ltr'>πλέον</span> <span class='ocrx_word' id='word_1_97' title='bbox 675 1525 808 1588; x_wconf 74' lang='grc' dir='ltr'>ὅλως</span> <span class='ocrx_word' id='word_1_98' title='bbox 843 1527 978 1580; x_wconf 67' lang='grc' dir='ltr'>ἐστί.</span> <span class='ocrx_word' id='word_1_99' title='bbox 1027 1528 1150 1580; x_wconf 85' lang='grc' dir='ltr'><strong>Τῶν</strong></span> <span class='ocrx_word' id='word_1_100' title='bbox 1199 1529 1368 1598; x_wconf 83' lang='grc' dir='ltr'>τριῶν</span> <span class='ocrx_word' id='word_1_101' title='bbox 1416 1528 1472 1581; x_wconf 82' lang='grc' dir='ltr'><strong>δὲ</strong></span> <span class='ocrx_word' id='word_1_102' title='bbox 1509 1528 1716 1582; x_wconf 80' lang='grc' dir='ltr'>τούτων</span> <span class='ocrx_word' id='word_1_103' title='bbox 1744 1527 1804 1580; x_wconf 74' lang='grc' dir='ltr'>τὸ</span> <span class='ocrx_word' id='word_1_104' title='bbox 1835 1527 1936 1597; x_wconf 78' lang='grc' dir='ltr'>μὲν</span> 
     </span>
    </p>
   </div>
   <div class='ocr_carea' id='block_1_17' title="bbox 367 1619 1940 1691">
    <p class='ocr_par' dir='ltr' id='par_1_17' title="bbox 367 1619 1940 1691">
     <span class='ocr_line' id='line_1_17' title="bbox 367 1619 1940 1691; baseline -0.001 -17"><span class='ocrx_word' id='word_1_105' title='bbox 367 1620 684 1688; x_wconf 73' lang='grc' dir='ltr'><strong>ἀγέννητον,</strong></span> <span class='ocrx_word' id='word_1_106' title='bbox 717 1620 960 1673; x_wconf 76' lang='grc' dir='ltr'>ἀναίτιον</span> <span class='ocrx_word' id='word_1_107' title='bbox 1005 1620 1114 1691; x_wconf 76' lang='grc' dir='ltr'>γὰρ</span> <span class='ocrx_word' id='word_1_108' title='bbox 1144 1619 1240 1672; x_wconf 73' lang='grc' dir='ltr'>καὶ</span> <span class='ocrx_word' id='word_1_109' title='bbox 1267 1621 1366 1673; x_wconf 83' lang='grc' dir='ltr'>οὐκ</span> <span class='ocrx_word' id='word_1_110' title='bbox 1417 1619 1482 1674; x_wconf 72' lang='grc' dir='ltr'><strong>ἐκ</strong></span> <span class='ocrx_word' id='word_1_111' title='bbox 1521 1637 1692 1684; x_wconf 83' lang='grc' dir='ltr'>τινος,</span> <span class='ocrx_word' id='word_1_112' title='bbox 1736 1620 1848 1672; x_wconf 83' lang='grc' dir='ltr'><strong>τῶν</strong></span> <span class='ocrx_word' id='word_1_113' title='bbox 1881 1620 1940 1686; x_wconf 77' lang='grc' dir='ltr'>ἐξ</span> 
     </span>
    </p>
   </div>
   <div class='ocr_carea' id='block_1_18' title="bbox 371 1709 1940 1780">
    <p class='ocr_par' dir='ltr' id='par_1_18' title="bbox 371 1709 1940 1780">
     <span class='ocr_line' id='line_1_18' title="bbox 371 1709 1940 1780; baseline -0.001 -16"><span class='ocrx_word' id='word_1_114' title='bbox 371 1713 535 1764; x_wconf 76' lang='grc' dir='ltr'>αὑτοῦ</span> <span class='ocrx_word' id='word_1_115' title='bbox 583 1711 636 1764; x_wconf 81' lang='grc' dir='ltr'><strong>δὲ</strong></span> <span class='ocrx_word' id='word_1_116' title='bbox 664 1711 840 1762; x_wconf 78' lang='grc' dir='ltr'>αἴτιον</span> <span class='ocrx_word' id='word_1_117' title='bbox 879 1711 1064 1776; x_wconf 81' lang='grc' dir='ltr'>μόνον,</span> <span class='ocrx_word' id='word_1_118' title='bbox 1105 1710 1349 1780; x_wconf 75' lang='grc' dir='ltr'>ἀχρόνους</span> <span class='ocrx_word' id='word_1_119' title='bbox 1382 1713 1477 1764; x_wconf 75' lang='grc' dir='ltr'><strong>καὶ</strong></span> <span class='ocrx_word' id='word_1_120' title='bbox 1505 1710 1756 1772; x_wconf 82' lang='grc' dir='ltr'><strong>ἀπαθῶς·</strong></span> <span class='ocrx_word' id='word_1_121' title='bbox 1789 1709 1850 1762; x_wconf 79' lang='grc' dir='ltr'><strong>τὸ</strong></span> <span class='ocrx_word' id='word_1_122' title='bbox 1880 1710 1940 1763; x_wconf 67' lang='grc' dir='ltr'><strong>δὲ</strong></span> 
     </span>
    </p>
   </div>
   <div class='ocr_carea' id='block_1_19' title="bbox 2046 519 3621 591">
    <p class='ocr_par' dir='ltr' id='par_1_19' title="bbox 2046 519 3621 591">
     <span class='ocr_line' id='line_1_19' title="bbox 2046 519 3621 591; baseline 0.004 -20"><span class='ocrx_word' id='word_1_123' title='bbox 2046 519 2284 587; x_wconf 71' lang='lat' dir='ltr'><strong>«lenique</strong></span> <span class='ocrx_word' id='word_1_124' title='bbox 2322 529 2488 574; x_wconf 89' lang='lat' dir='ltr'><strong>totum</strong></span> <span class='ocrx_word' id='word_1_125' title='bbox 2510 519 2813 575; x_wconf 75' lang='lat' dir='ltr'><strong>absolvitur</strong></span> <span class='ocrx_word' id='word_1_126' title='bbox 2838 523 3102 591; x_wconf 80' lang='lat' dir='ltr'><strong>capitibus</strong></span> <span class='ocrx_word' id='word_1_127' title='bbox 3129 523 3180 577; x_wconf 92' lang='lat' dir='ltr'><strong>in</strong></span> <span class='ocrx_word' id='word_1_128' title='bbox 3215 523 3475 576; x_wconf 89' lang='lat' dir='ltr'><strong>honorem</strong></span> <span class='ocrx_word' id='word_1_129' title='bbox 3505 525 3621 578; x_wconf 87' lang='lat' dir='ltr'><strong>Tri-</strong></span> 
     </span>
    </p>
   </div>
   <div class='ocr_carea' id='block_1_20' title="bbox 2047 599 3618 682">
    <p class='ocr_par' dir='ltr' id='par_1_20' title="bbox 2047 599 3618 682">
     <span class='ocr_line' id='line_1_20' title="bbox 2047 599 3618 682; baseline 0.004 -18"><span class='ocrx_word' id='word_1_130' title='bbox 2047 613 2234 665; x_wconf 86' lang='lat' dir='ltr'><strong>nitatis</strong></span> <span class='ocrx_word' id='word_1_131' title='bbox 2285 611 2492 680; x_wconf 80' lang='lat' dir='ltr'><strong>absque</strong></span> <span class='ocrx_word' id='word_1_132' title='bbox 2549 613 2842 681; x_wconf 87' lang='lat' dir='ltr'><strong>principio,</strong></span> <span class='ocrx_word' id='word_1_133' title='bbox 2911 629 3034 682; x_wconf 71' lang='lat' dir='ltr'><strong>qua:</strong></span> <span class='ocrx_word' id='word_1_134' title='bbox 3101 616 3282 668; x_wconf 83' lang='lat' dir='ltr'><strong>omnia</strong></span> <span class='ocrx_word' id='word_1_135' title='bbox 3341 599 3403 668; x_wconf 62' lang='lat' dir='ltr'><strong>et</strong></span> <span class='ocrx_word' id='word_1_136' title='bbox 3448 617 3618 670; x_wconf 87' lang='lat' dir='ltr'><strong>nihilo</strong></span> 
     </span>
    </p>
   </div>
   <div class='ocr_carea' id='block_1_21' title="bbox 2045 697 3619 778">
    <p class='ocr_par' dir='ltr' id='par_1_21' title="bbox 2045 697 3619 778">
     <span class='ocr_line' id='line_1_21' title="bbox 2045 697 3619 778; baseline 0.006 -27"><span class='ocrx_word' id='word_1_137' title='bbox 2045 697 2268 764; x_wconf 83' lang='lat' dir='ltr'><strong>creavit,</strong></span> <span class='ocrx_word' id='word_1_138' title='bbox 2290 699 2600 770; x_wconf 74' lang='lat' dir='ltr'><strong>optimeque</strong></span> <span class='ocrx_word' id='word_1_139' title='bbox 2631 703 2814 756; x_wconf 87' lang='lat' dir='ltr'><strong>omnia</strong></span> <span class='ocrx_word' id='word_1_140' title='bbox 2859 712 3150 758; x_wconf 89' lang='lat' dir='ltr'><strong>conservat</strong></span> <span class='ocrx_word' id='word_1_141' title='bbox 3187 713 3240 760; x_wconf 87' lang='lat' dir='ltr'><strong>et</strong></span> <span class='ocrx_word' id='word_1_142' title='bbox 3271 705 3496 776; x_wconf 79' lang='lat' dir='ltr'><strong>pulchre</strong></span> <span class='ocrx_word' id='word_1_143' title='bbox 3520 722 3619 778; x_wconf 74' lang='lat' dir='ltr'><strong>gu-</strong></span> 
     </span>
    </p>
   </div>
   <div class='ocr_carea' id='block_1_22' title="bbox 2047 791 2264 845">
    <p class='ocr_par' dir='ltr' id='par_1_22' title="bbox 2047 791 2264 845">
     <span class='ocr_line' id='line_1_22' title="bbox 2047 791 2264 845; baseline -0.005 0"><span class='ocrx_word' id='word_1_144' title='bbox 2047 791 2264 845; x_wconf 86' lang='lat' dir='ltr'><strong>bernat.</strong></span> 
     </span>
    </p>
   </div>
   <div class='ocr_carea' id='block_1_23' title="bbox 2113 881 3616 953">
    <p class='ocr_par' dir='ltr' id='par_1_23' title="bbox 2113 881 3616 953">
     <span class='ocr_line' id='line_1_23' title="bbox 2113 881 3616 953; baseline 0.003 -17"><span class='ocrx_word' id='word_1_145' title='bbox 2113 883 2353 936; x_wconf 84' lang='lat' dir='ltr'><strong>Primum</strong></span> <span class='ocrx_word' id='word_1_146' title='bbox 2393 881 2612 952; x_wconf 85' lang='lat' dir='ltr'><strong>quidem</strong></span> <span class='ocrx_word' id='word_1_147' title='bbox 2636 890 2816 952; x_wconf 88' lang='lat' dir='ltr'><strong>caput,</strong></span> <span class='ocrx_word' id='word_1_148' title='bbox 2850 884 2974 953; x_wconf 74' lang='lat' dir='ltr'><strong>quia</strong></span> <span class='ocrx_word' id='word_1_149' title='bbox 3007 899 3112 938; x_wconf 91' lang='lat' dir='ltr'><strong>una</strong></span> <span class='ocrx_word' id='word_1_150' title='bbox 3166 891 3250 940; x_wconf 86' lang='lat' dir='ltr'><strong>est</strong></span> <span class='ocrx_word' id='word_1_151' title='bbox 3278 885 3538 941; x_wconf 84' lang='lat' dir='ltr'><strong>Divinitas</strong></span> <span class='ocrx_word' id='word_1_152' title='bbox 3563 888 3616 942; x_wconf 80' lang='lat' dir='ltr'><strong>in</strong></span> 
     </span>
    </p>
   </div>
   <div class='ocr_carea' id='block_1_24' title="bbox 2045 973 3614 1047">
    <p class='ocr_par' dir='ltr' id='par_1_24' title="bbox 2045 973 3614 1047">
     <span class='ocr_line' id='line_1_24' title="bbox 2045 973 3614 1047; baseline 0.005 -21"><span class='ocrx_word' id='word_1_153' title='bbox 2045 973 2284 1044; x_wconf 89' lang='lat' dir='ltr'><strong>(natura)</strong></span> <span class='ocrx_word' id='word_1_154' title='bbox 2349 975 2684 1040; x_wconf 80' lang='lat' dir='ltr'><strong>substantia,</strong></span> <span class='ocrx_word' id='word_1_155' title='bbox 2719 989 2826 1028; x_wconf 91' lang='lat' dir='ltr'><strong>non</strong></span> <span class='ocrx_word' id='word_1_156' title='bbox 2879 983 3060 1028; x_wconf 88' lang='lat' dir='ltr'><strong>autem</strong></span> <span class='ocrx_word' id='word_1_157' title='bbox 3117 975 3394 1047; x_wconf 81' lang='lat' dir='ltr'><strong>multiplex</strong></span> <span class='ocrx_word' id='word_1_158' title='bbox 3431 987 3614 1034; x_wconf 72' lang='lat' dir='ltr'><strong>etnna</strong></span> 
     </span>
    </p>
   </div>
   <div class='ocr_carea' id='block_1_25' title="bbox 2049 1065 3617 1135">
    <p class='ocr_par' dir='ltr' id='par_1_25' title="bbox 2049 1065 3617 1135">
     <span class='ocr_line' id='line_1_25' title="bbox 2049 1065 3617 1135; baseline 0.004 -19"><span class='ocrx_word' id='word_1_159' title='bbox 2049 1065 2152 1135; x_wconf 87' lang='lat' dir='ltr'><strong>(in)</strong></span> <span class='ocrx_word' id='word_1_160' title='bbox 2181 1065 2403 1130; x_wconf 88' lang='lat' dir='ltr'><strong>virtute,</strong></span> <span class='ocrx_word' id='word_1_161' title='bbox 2455 1067 2808 1131; x_wconf 88' lang='lat' dir='ltr'><strong>auctoritate,</strong></span> <span class='ocrx_word' id='word_1_162' title='bbox 2857 1067 3246 1134; x_wconf 87' lang='lat' dir='ltr'><strong>onmipotentia</strong></span> <span class='ocrx_word' id='word_1_163' title='bbox 3295 1070 3617 1124; x_wconf 77' lang='lat' dir='ltr'><strong>etdoniina-</strong></span> 
     </span>
    </p>
   </div>
   <div class='ocr_carea' id='block_1_26' title="bbox 2047 1157 2213 1211">
    <p class='ocr_par' dir='ltr' id='par_1_26' title="bbox 2047 1157 2213 1211">
     <span class='ocr_line' id='line_1_26' title="bbox 2047 1157 2213 1211; baseline -0.012 -1"><span class='ocrx_word' id='word_1_164' title='bbox 2047 1157 2213 1211; x_wconf 89' lang='lat' dir='ltr'><strong>tione.</strong></span> 
     </span>
    </p>
   </div>
   <div class='ocr_carea' id='block_1_27' title="bbox 2117 1247 3616 1324">
    <p class='ocr_par' dir='ltr' id='par_1_27' title="bbox 2117 1247 3616 1324">
     <span class='ocr_line' id='line_1_27' title="bbox 2117 1247 3616 1324; baseline 0.004 -22"><span class='ocrx_word' id='word_1_165' title='bbox 2117 1247 2452 1314; x_wconf 81' lang='lat' dir='ltr'><strong>Secundum,</strong></span> <span class='ocrx_word' id='word_1_166' title='bbox 2485 1249 2610 1320; x_wconf 84' lang='lat' dir='ltr'><strong>quia</strong></span> <span class='ocrx_word' id='word_1_167' title='bbox 2644 1250 2698 1305; x_wconf 92' lang='lat' dir='ltr'><strong>in</strong></span> <span class='ocrx_word' id='word_1_168' title='bbox 2755 1249 2864 1308; x_wconf 89' lang='lat' dir='ltr'><strong>Deo</strong></span> <span class='ocrx_word' id='word_1_169' title='bbox 2900 1261 3012 1310; x_wconf 89' lang='lat' dir='ltr'><strong>tres</strong></span> <span class='ocrx_word' id='word_1_170' title='bbox 3053 1265 3182 1310; x_wconf 87' lang='lat' dir='ltr'><strong>sunt</strong></span> <span class='ocrx_word' id='word_1_171' title='bbox 3209 1269 3476 1324; x_wconf 72' lang='lat' dir='ltr'><strong>personae,</strong></span> <span class='ocrx_word' id='word_1_172' title='bbox 3511 1271 3616 1310; x_wconf 90' lang='lat' dir='ltr'><strong>non</strong></span> 
     </span>
    </p>
   </div>
   <div class='ocr_carea' id='block_1_28' title="bbox 2043 1344 3614 1412">
    <p class='ocr_par' dir='ltr' id='par_1_28' title="bbox 2043 1344 3614 1412">
     <span class='ocr_line' id='line_1_28' title="bbox 2043 1344 3614 1412; baseline 0.001 -18"><span class='ocrx_word' id='word_1_173' title='bbox 2043 1355 2150 1394; x_wconf 87' lang='lat' dir='ltr'><strong>una</strong></span> <span class='ocrx_word' id='word_1_174' title='bbox 2179 1348 2412 1408; x_wconf 86' lang='lat' dir='ltr'><strong>tantum,</strong></span> <span class='ocrx_word' id='word_1_175' title='bbox 2441 1344 2695 1412; x_wconf 76' lang='lat' dir='ltr'><strong>quamvis</strong></span> <span class='ocrx_word' id='word_1_176' title='bbox 2724 1359 2830 1398; x_wconf 88' lang='lat' dir='ltr'><strong>una</strong></span> <span class='ocrx_word' id='word_1_177' title='bbox 2857 1346 2926 1400; x_wconf 89' lang='lat' dir='ltr'><strong>sit</strong></span> <span class='ocrx_word' id='word_1_178' title='bbox 2955 1355 3008 1400; x_wconf 88' lang='lat' dir='ltr'><strong>et</strong></span> <span class='ocrx_word' id='word_1_179' title='bbox 3029 1346 3306 1400; x_wconf 88' lang='lat' dir='ltr'><strong>individua</strong></span> <span class='ocrx_word' id='word_1_180' title='bbox 3333 1347 3614 1408; x_wconf 72' lang='lat' dir='ltr'><strong>divinitas,</strong></span> 
     </span>
    </p>
   </div>
   <div class='ocr_carea' id='block_1_29' title="bbox 2043 1434 3618 1510">
    <p class='ocr_par' dir='ltr' id='par_1_29' title="bbox 2043 1434 3618 1510">
     <span class='ocr_line' id='line_1_29' title="bbox 2043 1434 3618 1510; baseline 0.001 -22"><span class='ocrx_word' id='word_1_181' title='bbox 2043 1443 2098 1488; x_wconf 90' lang='lat' dir='ltr'><strong>et</strong></span> <span class='ocrx_word' id='word_1_182' title='bbox 2131 1434 2297 1488; x_wconf 88' lang='lat' dir='ltr'><strong>trium</strong></span> <span class='ocrx_word' id='word_1_183' title='bbox 2335 1435 2526 1488; x_wconf 88' lang='lat' dir='ltr'><strong>harum</strong></span> <span class='ocrx_word' id='word_1_184' title='bbox 2560 1449 2918 1504; x_wconf 83' lang='lat' dir='ltr'><strong>personarum</strong></span> <span class='ocrx_word' id='word_1_185' title='bbox 2968 1453 3062 1493; x_wconf 83' lang='lat' dir='ltr'><strong>seu</strong></span> <span class='ocrx_word' id='word_1_186' title='bbox 3111 1439 3482 1508; x_wconf 83' lang='lat' dir='ltr'><strong>hyposlasium</strong></span> <span class='ocrx_word' id='word_1_187' title='bbox 3517 1455 3618 1510; x_wconf 85' lang='lat' dir='ltr'><strong>op-</strong></span> 
     </span>
    </p>
   </div>
   <div class='ocr_carea' id='block_1_30' title="bbox 2054 1524 3616 1596">
    <p class='ocr_par' dir='ltr' id='par_1_30' title="bbox 2054 1524 3616 1596">
     <span class='ocr_line' id='line_1_30' title="bbox 2054 1524 3616 1596; baseline 0.003 -18"><span class='ocrx_word' id='word_1_188' title='bbox 2054 1526 2184 1579; x_wconf 91' lang='lat' dir='ltr'><strong>time</strong></span> <span class='ocrx_word' id='word_1_189' title='bbox 2249 1524 2391 1579; x_wconf 89' lang='lat' dir='ltr'><strong>inter</strong></span> <span class='ocrx_word' id='word_1_190' title='bbox 2441 1541 2500 1580; x_wconf 89' lang='lat' dir='ltr'><strong>se</strong></span> <span class='ocrx_word' id='word_1_191' title='bbox 2537 1525 2920 1580; x_wconf 84' lang='lat' dir='ltr'><strong>distinetarnm</strong></span> <span class='ocrx_word' id='word_1_192' title='bbox 2993 1529 3140 1582; x_wconf 88' lang='lat' dir='ltr'><strong>nulla</strong></span> <span class='ocrx_word' id='word_1_193' title='bbox 3172 1529 3398 1584; x_wconf 88' lang='lat' dir='ltr'><strong>omnino</strong></span> <span class='ocrx_word' id='word_1_194' title='bbox 3446 1531 3616 1596; x_wconf 69' lang='lat' dir='ltr'><strong>iunior</strong></span> 
     </span>
    </p>
   </div>
   <div class='ocr_carea' id='block_1_31' title="bbox 2045 1611 3621 1690">
    <p class='ocr_par' dir='ltr' id='par_1_31' title="bbox 2045 1611 3621 1690">
     <span class='ocr_line' id='line_1_31' title="bbox 2045 1611 3621 1690; baseline 0.003 -20"><span class='ocrx_word' id='word_1_195' title='bbox 2045 1628 2170 1670; x_wconf 85' lang='lat' dir='ltr'><strong>esse</strong></span> <span class='ocrx_word' id='word_1_196' title='bbox 2195 1623 2394 1684; x_wconf 83' lang='lat' dir='ltr'><strong>potest.</strong></span> <span class='ocrx_word' id='word_1_197' title='bbox 2435 1611 2526 1668; x_wconf 59' lang='lat' dir='ltr'><strong>&quot;at</strong></span> <span class='ocrx_word' id='word_1_198' title='bbox 2547 1625 2730 1668; x_wconf 89' lang='lat' dir='ltr'><strong>autem</strong></span> <span class='ocrx_word' id='word_1_199' title='bbox 2769 1623 2880 1680; x_wconf 82' lang='lat' dir='ltr'><strong>tres</strong></span> <span class='ocrx_word' id='word_1_200' title='bbox 2911 1633 3156 1685; x_wconf 72' lang='lat' dir='ltr'><strong>personae</strong></span> <span class='ocrx_word' id='word_1_201' title='bbox 3187 1619 3463 1690; x_wconf 67' lang='lat' dir='ltr'><strong>ingeniun,</strong></span> <span class='ocrx_word' id='word_1_202' title='bbox 3501 1623 3621 1674; x_wconf 84' lang='lat' dir='ltr'><strong>sine</strong></span> 
     </span>
    </p>
   </div>
   <div class='ocr_carea' id='block_1_32' title="bbox 2045 1705 3618 1778">
    <p class='ocr_par' dir='ltr' id='par_1_32' title="bbox 2045 1705 3618 1778">
     <span class='ocr_line' id='line_1_32' title="bbox 2045 1705 3618 1778; baseline 0.003 -18"><span class='ocrx_word' id='word_1_203' title='bbox 2045 1716 2098 1760; x_wconf 89' lang='lat' dir='ltr'><strong>et</strong></span> <span class='ocrx_word' id='word_1_204' title='bbox 2129 1721 2192 1760; x_wconf 88' lang='lat' dir='ltr'><strong>ex</strong></span> <span class='ocrx_word' id='word_1_205' title='bbox 2233 1705 2383 1760; x_wconf 90' lang='lat' dir='ltr'><strong>nullo</strong></span> <span class='ocrx_word' id='word_1_206' title='bbox 2411 1713 2541 1760; x_wconf 84' lang='lat' dir='ltr'><strong>sunt</strong></span> <span class='ocrx_word' id='word_1_207' title='bbox 2594 1705 2784 1772; x_wconf 73' lang='lat' dir='ltr'><strong>factm;</strong></span> <span class='ocrx_word' id='word_1_208' title='bbox 2825 1707 3048 1762; x_wconf 85' lang='lat' dir='ltr'><strong>sibimet</strong></span> <span class='ocrx_word' id='word_1_209' title='bbox 3073 1724 3238 1764; x_wconf 83' lang='lat' dir='ltr'><strong>causa</strong></span> <span class='ocrx_word' id='word_1_210' title='bbox 3272 1710 3406 1778; x_wconf 87' lang='lat' dir='ltr'><strong>ipsis</strong></span> <span class='ocrx_word' id='word_1_211' title='bbox 3459 1711 3618 1764; x_wconf 61' lang='lat' dir='ltr'><strong>unira</strong></span> 
     </span>
    </p>
   </div>
   <div class='ocr_carea' id='block_1_33' title="bbox 369 1791 1941 1874">
    <p class='ocr_par' dir='ltr' id='par_1_33' title="bbox 369 1803 1936 1874">
     <span class='ocr_line' id='line_1_33' title="bbox 369 1803 1936 1874; baseline -0.001 -19"><span class='ocrx_word' id='word_1_212' title='bbox 369 1806 624 1874; x_wconf 74' lang='grc' dir='ltr'>γεννητὸν</span> <span class='ocrx_word' id='word_1_213' title='bbox 656 1805 714 1868; x_wconf 77' lang='grc' dir='ltr'><strong>ἐξ</strong></span> <span class='ocrx_word' id='word_1_214' title='bbox 747 1804 916 1858; x_wconf 70' lang='grc' dir='ltr'>αξιτοῦ</span> <span class='ocrx_word' id='word_1_215' title='bbox 947 1805 1039 1856; x_wconf 77' lang='grc' dir='ltr'>τοῦ</span> <span class='ocrx_word' id='word_1_216' title='bbox 1075 1806 1368 1874; x_wconf 82' lang='grc' dir='ltr'>ἁγεννήτου</span> <span class='ocrx_word' id='word_1_217' title='bbox 1394 1819 1411 1836; x_wconf 77' lang='grc'><strong><em>⁸</em></strong></span> <span class='ocrx_word' id='word_1_218' title='bbox 1465 1805 1526 1857; x_wconf 88' lang='grc' dir='ltr'>τδ</span> <span class='ocrx_word' id='word_1_219' title='bbox 1572 1803 1628 1856; x_wconf 83' lang='grc' dir='ltr'><strong>δὲ</strong></span> <span class='ocrx_word' id='word_1_220' title='bbox 1667 1807 1936 1872; x_wconf 64' lang='grc' dir='ltr'>ἐκπορευ-</span> 
     </span>
    </p>
   </div>
   <div class='ocr_carea' id='block_1_34' title="bbox 2048 1791 3621 1874">
    <p class='ocr_par' dir='ltr' id='par_1_34' title="bbox 2048 1791 3621 1871">
     <span class='ocr_line' id='line_1_34' title="bbox 2048 1791 3621 1871; baseline 0.003 -18"><span class='ocrx_word' id='word_1_221' title='bbox 2048 1815 2212 1854; x_wconf 85' lang='lat' dir='ltr'><strong>causa</strong></span> <span class='ocrx_word' id='word_1_222' title='bbox 2264 1809 2414 1864; x_wconf 89' lang='lat' dir='ltr'><strong>sunt,</strong></span> <span class='ocrx_word' id='word_1_223' title='bbox 2480 1811 2696 1855; x_wconf 65' lang='lat' dir='ltr'><strong>aeterna:</strong></span> <span class='ocrx_word' id='word_1_224' title='bbox 2755 1811 2810 1855; x_wconf 93' lang='lat' dir='ltr'><strong>et</strong></span> <span class='ocrx_word' id='word_1_225' title='bbox 2871 1791 3264 1871; x_wconf 73' lang='lat' dir='ltr'><strong>impassibilrs.</strong></span> <span class='ocrx_word' id='word_1_226' title='bbox 3331 1805 3621 1858; x_wconf 82' lang='lat' dir='ltr'><strong>Generatio</strong></span> 
     </span>
    </p>
   </div>
   <div class='ocr_carea' id='block_1_35' title="bbox 367 1893 1938 1962">
    <p class='ocr_par' dir='ltr' id='par_1_35' title="bbox 367 1893 1938 1962">
     <span class='ocr_line' id='line_1_35' title="bbox 367 1893 1938 1962; baseline -0.001 -16"><span class='ocrx_word' id='word_1_227' title='bbox 367 1897 489 1958; x_wconf 68' lang='grc' dir='ltr'>τδν,</span> <span class='ocrx_word' id='word_1_228' title='bbox 535 1895 593 1960; x_wconf 75' lang='grc' dir='ltr'><strong>ἐξ</strong></span> <span class='ocrx_word' id='word_1_229' title='bbox 621 1893 792 1946; x_wconf 77' lang='grc' dir='ltr'>αὐτοῦ</span> <span class='ocrx_word' id='word_1_230' title='bbox 835 1895 930 1948; x_wconf 79' lang='grc' dir='ltr'>καὶ</span> <span class='ocrx_word' id='word_1_231' title='bbox 971 1893 1130 1946; x_wconf 75' lang='grc' dir='ltr'>τοῦτο</span> <span class='ocrx_word' id='word_1_232' title='bbox 1162 1894 1254 1948; x_wconf 81' lang='grc' dir='ltr'>τοῦ</span> <span class='ocrx_word' id='word_1_233' title='bbox 1289 1895 1531 1947; x_wconf 81' lang='grc' dir='ltr'>ὰναιτίου</span> <span class='ocrx_word' id='word_1_234' title='bbox 1573 1893 1668 1947; x_wconf 76' lang='lat' dir='ltr'><strong>xui</strong></span> <span class='ocrx_word' id='word_1_235' title='bbox 1707 1893 1938 1962; x_wconf 80' lang='grc' dir='ltr'>ἀγεννή-</span> 
     </span>
    </p>
   </div>
   <div class='ocr_carea' id='block_1_36' title="bbox 366 1984 1938 2054">
    <p class='ocr_par' dir='ltr' id='par_1_36' title="bbox 366 1984 1938 2054">
     <span class='ocr_line' id='line_1_36' title="bbox 366 1984 1938 2054; baseline -0.001 -16"><span class='ocrx_word' id='word_1_236' title='bbox 366 2003 480 2038; x_wconf 82' lang='grc' dir='ltr'>του.</span> <span class='ocrx_word' id='word_1_237' title='bbox 533 1987 640 2040; x_wconf 72' lang='grc' dir='ltr'>Καὶ</span> <span class='ocrx_word' id='word_1_238' title='bbox 694 1985 754 2036; x_wconf 80' lang='grc' dir='ltr'>τὸ</span> <span class='ocrx_word' id='word_1_239' title='bbox 809 1985 906 2054; x_wconf 80' lang='grc' dir='ltr'>μὲν</span> <span class='ocrx_word' id='word_1_240' title='bbox 955 1985 1256 2054; x_wconf 78' lang='grc' dir='ltr'>ἀγέννητον</span> <span class='ocrx_word' id='word_1_241' title='bbox 1285 1989 1380 2038; x_wconf 74' lang='grc' dir='ltr'><strong>καὶ</strong></span> <span class='ocrx_word' id='word_1_242' title='bbox 1407 1985 1653 2040; x_wconf 83' lang='grc' dir='ltr'>ἀναίτιον</span> <span class='ocrx_word' id='word_1_243' title='bbox 1685 1984 1938 2038; x_wconf 80' lang='grc' dir='ltr'>καλεῖται</span> 
     </span>
    </p>
   </div>
   <div class='ocr_carea' id='block_1_37' title="bbox 371 2074 1942 2146">
    <p class='ocr_par' dir='ltr' id='par_1_37' title="bbox 371 2074 1942 2146">
     <span class='ocr_line' id='line_1_37' title="bbox 371 2074 1942 2146; baseline 0 -18"><span class='ocrx_word' id='word_1_244' title='bbox 371 2078 599 2144; x_wconf 74' lang='grc' dir='ltr'>Πατὴρ,</span> <span class='ocrx_word' id='word_1_245' title='bbox 648 2077 708 2130; x_wconf 80' lang='grc' dir='ltr'>τὸ</span> <span class='ocrx_word' id='word_1_246' title='bbox 747 2077 802 2130; x_wconf 77' lang='grc' dir='ltr'><strong>δὲ</strong></span> <span class='ocrx_word' id='word_1_247' title='bbox 859 2077 1119 2145; x_wconf 75' lang='grc' dir='ltr'>γεννητὸν</span> <span class='ocrx_word' id='word_1_248' title='bbox 1181 2076 1344 2142; x_wconf 76' lang='grc' dir='ltr'>Υἱὸς,</span> <span class='ocrx_word' id='word_1_249' title='bbox 1378 2077 1440 2128; x_wconf 81' lang='grc' dir='ltr'><strong>τὸ</strong></span> <span class='ocrx_word' id='word_1_250' title='bbox 1495 2075 1553 2129; x_wconf 80' lang='grc' dir='ltr'><strong>δὲ</strong></span> <span class='ocrx_word' id='word_1_251' title='bbox 1605 2074 1942 2146; x_wconf 77' lang='grc' dir='ltr'>ὲκπορευτδν</span> 
     </span>
    </p>
   </div>
   <div class='ocr_carea' id='block_1_38' title="bbox 371 2167 1942 2239">
    <p class='ocr_par' dir='ltr' id='par_1_38' title="bbox 371 2167 1942 2239">
     <span class='ocr_line' id='line_1_38' title="bbox 371 2167 1942 2239; baseline -0.003 -16"><span class='ocrx_word' id='word_1_252' title='bbox 371 2170 592 2238; x_wconf 79' lang='grc' dir='ltr'>Πνεῦμα</span> <span class='ocrx_word' id='word_1_253' title='bbox 643 2169 819 2236; x_wconf 77' lang='grc' dir='ltr'>ᾇγιον.</span> <span class='ocrx_word' id='word_1_254' title='bbox 855 2170 966 2222; x_wconf 71' lang='grc' dir='ltr'><strong>Καὶ</strong></span> <span class='ocrx_word' id='word_1_255' title='bbox 1016 2169 1298 2239; x_wconf 78' lang='grc' dir='ltr'><strong>ἀδιαίρετα</strong></span> <span class='ocrx_word' id='word_1_256' title='bbox 1351 2168 1526 2222; x_wconf 82' lang='grc' dir='ltr'>ταῦτα</span> <span class='ocrx_word' id='word_1_257' title='bbox 1581 2167 1676 2222; x_wconf 81' lang='grc' dir='ltr'><strong>καὶ</strong></span> <span class='ocrx_word' id='word_1_258' title='bbox 1735 2168 1942 2236; x_wconf 81' lang='grc' dir='ltr'>ἄχρονα.</span> 
     </span>
    </p>
   </div>
   <div class='ocr_carea' id='block_1_39' title="bbox 367 2258 1940 2330">
    <p class='ocr_par' dir='ltr' id='par_1_39' title="bbox 367 2258 1940 2330">
     <span class='ocr_line' id='line_1_39' title="bbox 367 2258 1940 2330; baseline -0.001 -18"><span class='ocrx_word' id='word_1_259' title='bbox 367 2260 462 2312; x_wconf 78' lang='grc' dir='ltr'>καὶ</span> <span class='ocrx_word' id='word_1_260' title='bbox 499 2261 712 2314; x_wconf 81' lang='grc' dir='ltr'>αἰώνια.</span> <span class='ocrx_word' id='word_1_261' title='bbox 749 2262 856 2314; x_wconf 69' lang='grc' dir='ltr'>Καὶ</span> <span class='ocrx_word' id='word_1_262' title='bbox 897 2259 958 2312; x_wconf 78' lang='grc' dir='ltr'><strong>οὐ</strong></span> <span class='ocrx_word' id='word_1_263' title='bbox 990 2261 1141 2328; x_wconf 75' lang='grc' dir='ltr'>τρεῖς</span> <span class='ocrx_word' id='word_1_264' title='bbox 1179 2258 1370 2328; x_wconf 72' lang='grc' dir='ltr'>θεοὶ,ἦ</span> <span class='ocrx_word' id='word_1_265' title='bbox 1405 2263 1554 2326; x_wconf 83' lang='grc' dir='ltr'>τρεῖς</span> <span class='ocrx_word' id='word_1_266' title='bbox 1592 2259 1796 2330; x_wconf 84' lang='grc' dir='ltr'>κύριοι,</span> <span class='ocrx_word' id='word_1_267' title='bbox 1825 2258 1940 2310; x_wconf 84' lang='grc' dir='ltr'>ἀλλ’</span> 
     </span>
    </p>
   </div>
   <div class='ocr_carea' id='block_1_40' title="bbox 367 2346 1941 2420">
    <p class='ocr_par' dir='ltr' id='par_1_40' title="bbox 367 2346 1941 2420">
     <span class='ocr_line' id='line_1_40' title="bbox 367 2346 1941 2420; baseline -0.002 -16"><span class='ocrx_word' id='word_1_268' title='bbox 367 2346 447 2413; x_wconf 74' lang='grc' dir='ltr'>εἷς</span> <span class='ocrx_word' id='word_1_269' title='bbox 476 2352 628 2412; x_wconf 70' lang='grc' dir='ltr'>Θεδς.</span> <span class='ocrx_word' id='word_1_270' title='bbox 657 2347 734 2412; x_wconf 74' lang='grc' dir='ltr'>εἷς</span> <span class='ocrx_word' id='word_1_271' title='bbox 757 2351 957 2418; x_wconf 74' lang='grc' dir='ltr'>Κύριος</span> <span class='ocrx_word' id='word_1_272' title='bbox 982 2353 1016 2420; x_wconf 81' lang='grc' dir='ltr'>ἡ</span> <span class='ocrx_word' id='word_1_273' title='bbox 1039 2352 1226 2416; x_wconf 84' lang='grc' dir='ltr'>Τριὰς,</span> <span class='ocrx_word' id='word_1_274' title='bbox 1253 2350 1329 2414; x_wconf 87' lang='grc' dir='ltr'>ὡς</span> <span class='ocrx_word' id='word_1_275' title='bbox 1370 2351 1464 2404; x_wconf 74' lang='grc' dir='ltr'>καὶ</span> <span class='ocrx_word' id='word_1_276' title='bbox 1489 2352 1540 2403; x_wconf 83' lang='grc' dir='ltr'>οἱ</span> <span class='ocrx_word' id='word_1_277' title='bbox 1566 2349 1788 2416; x_wconf 80' lang='grc' dir='ltr'>ἄγγελοι</span> <span class='ocrx_word' id='word_1_278' title='bbox 1813 2349 1941 2418; x_wconf 84' lang='grc' dir='ltr'>μέλ-</span> 
     </span>
    </p>
   </div>
   <div class='ocr_carea' id='block_1_41' title="bbox 367 2437 1936 2509">
    <p class='ocr_par' dir='ltr' id='par_1_41' title="bbox 367 2437 1936 2509">
     <span class='ocr_line' id='line_1_41' title="bbox 367 2437 1936 2509; baseline 0.001 -18"><span class='ocrx_word' id='word_1_279' title='bbox 367 2457 580 2509; x_wconf 79' lang='grc' dir='ltr'>πουσιν,</span> <span class='ocrx_word' id='word_1_280' title='bbox 613 2439 776 2509; x_wconf 78' lang='lat'><strong>320</strong></span> <span class='ocrx_word' id='word_1_281' title='bbox 808 2437 1016 2506; x_wconf 75' lang='grc' dir='ltr'>Ἀγιος,</span> <span class='ocrx_word' id='word_1_282' title='bbox 1051 2438 1228 2506; x_wconf 75' lang='grc' dir='ltr'>ἅγιος,</span> <span class='ocrx_word' id='word_1_283' title='bbox 1261 2439 1432 2507; x_wconf 79' lang='grc' dir='ltr'>ἄγος,</span> <span class='ocrx_word' id='word_1_284' title='bbox 1463 2439 1666 2508; x_wconf 81' lang='grc' dir='ltr'>Κύριος</span> <span class='ocrx_word' id='word_1_285' title='bbox 1691 2438 1936 2493; x_wconf 75' lang='grc' dir='ltr'><strong>Σαϐαὼθ.</strong></span> 
     </span>
    </p>
   </div>
   <div class='ocr_carea' id='block_1_42' title="bbox 380 2528 1944 2598">
    <p class='ocr_par' dir='ltr' id='par_1_42' title="bbox 380 2528 1944 2598">
     <span class='ocr_line' id='line_1_42' title="bbox 380 2528 1944 2598; baseline 0.001 -18"><span class='ocrx_word' id='word_1_286' title='bbox 380 2529 532 2580; x_wconf 74' lang='grc' dir='ltr'>Ἐπεὶ</span> <span class='ocrx_word' id='word_1_287' title='bbox 579 2533 671 2583; x_wconf 71' lang='grc' dir='ltr'>καὶ</span> <span class='ocrx_word' id='word_1_288' title='bbox 721 2529 816 2598; x_wconf 81' lang='grc' dir='ltr'><strong>μία</strong></span> <span class='ocrx_word' id='word_1_289' title='bbox 859 2529 1020 2596; x_wconf 76' lang='grc' dir='ltr'>φύσις</span> <span class='ocrx_word' id='word_1_290' title='bbox 1077 2529 1390 2598; x_wconf 79' lang='grc' dir='ltr'>ἀχώριστος</span> <span class='ocrx_word' id='word_1_291' title='bbox 1431 2528 1540 2582; x_wconf 82' lang='grc' dir='ltr'>τῶν</span> <span class='ocrx_word' id='word_1_292' title='bbox 1595 2529 1797 2598; x_wconf 82' lang='grc' dir='ltr'>τριῶν,</span> <span class='ocrx_word' id='word_1_293' title='bbox 1845 2529 1944 2598; x_wconf 86' lang='grc' dir='ltr'>μία.</span> 
     </span>
    </p>
   </div>
   <div class='ocr_carea' id='block_1_43' title="bbox 367 2619 1944 2690">
    <p class='ocr_par' dir='ltr' id='par_1_43' title="bbox 367 2619 1944 2690">
     <span class='ocr_line' id='line_1_43' title="bbox 367 2619 1944 2690; baseline 0 -16"><span class='ocrx_word' id='word_1_294' title='bbox 367 2621 548 2685; x_wconf 85' lang='grc' dir='ltr'>οὐσία,</span> <span class='ocrx_word' id='word_1_295' title='bbox 609 2621 708 2689; x_wconf 85' lang='grc' dir='ltr'><strong>μία</strong></span> <span class='ocrx_word' id='word_1_296' title='bbox 759 2621 1152 2690; x_wconf 41' lang='grc' dir='ltr'>δύναμιςκμία</span> <span class='ocrx_word' id='word_1_297' title='bbox 1198 2621 1350 2684; x_wconf 80' lang='grc' dir='ltr'>δόξα,</span> <span class='ocrx_word' id='word_1_298' title='bbox 1407 2619 1503 2690; x_wconf 86' lang='grc' dir='ltr'><strong>μία</strong></span> <span class='ocrx_word' id='word_1_299' title='bbox 1545 2620 1808 2690; x_wconf 82' lang='grc' dir='ltr'>θέλησις,</span> <span class='ocrx_word' id='word_1_300' title='bbox 1845 2621 1944 2690; x_wconf 82' lang='grc' dir='ltr'>μία.</span> 
     </span>
    </p>
   </div>
   <div class='ocr_carea' id='block_1_44' title="bbox 371 2704 1944 2780">
    <p class='ocr_par' dir='ltr' id='par_1_44' title="bbox 371 2704 1944 2780">
     <span class='ocr_line' id='line_1_44' title="bbox 371 2704 1944 2780; baseline 0 -18"><span class='ocrx_word' id='word_1_301' title='bbox 371 2713 586 2778; x_wconf 80' lang='grc' dir='ltr'>κίνησις</span> <span class='ocrx_word' id='word_1_302' title='bbox 637 2711 730 2762; x_wconf 74' lang='grc' dir='ltr'><strong>καὶ</strong></span> <span class='ocrx_word' id='word_1_303' title='bbox 781 2710 847 2761; x_wconf 71' lang='grc' dir='ltr'><strong>τὰ</strong></span> <span class='ocrx_word' id='word_1_304' title='bbox 893 2711 1024 2780; x_wconf 84' lang='grc' dir='ltr'>τρία</span> <span class='ocrx_word' id='word_1_305' title='bbox 1073 2709 1282 2774; x_wconf 80' lang='grc' dir='ltr'>ταῦτα,</span> <span class='ocrx_word' id='word_1_306' title='bbox 1314 2712 1340 2762; x_wconf 88' lang='grc' dir='ltr'>ὁ</span> <span class='ocrx_word' id='word_1_307' title='bbox 1379 2711 1812 2780; x_wconf 74' lang='grc' dir='ltr'>τρισυπόστατος</span> <span class='ocrx_word' id='word_1_308' title='bbox 1864 2704 1944 2774; x_wconf 74' lang='grc' dir='ltr'>εἷς</span> 
     </span>
    </p>
   </div>
   <div class='ocr_carea' id='block_1_45' title="bbox 369 2799 1942 2873">
    <p class='ocr_par' dir='ltr' id='par_1_45' title="bbox 369 2799 1942 2873">
     <span class='ocr_line' id='line_1_45' title="bbox 369 2799 1942 2873; baseline 0.001 -21"><span class='ocrx_word' id='word_1_309' title='bbox 369 2803 528 2864; x_wconf 70' lang='grc' dir='ltr'>Θεὸς,</span> <span class='ocrx_word' id='word_1_310' title='bbox 555 2803 654 2870; x_wconf 88' lang='grc' dir='ltr'><strong>μία</strong></span> <span class='ocrx_word' id='word_1_311' title='bbox 684 2801 794 2854; x_wconf 83' lang='grc' dir='ltr'>τῶν</span> <span class='ocrx_word' id='word_1_312' title='bbox 824 2803 961 2854; x_wconf 72' lang='grc' dir='ltr'>ὅλων</span> <span class='ocrx_word' id='word_1_313' title='bbox 995 2802 1158 2872; x_wconf 79' lang='grc' dir='ltr'>ἀρχὴ,</span> <span class='ocrx_word' id='word_1_314' title='bbox 1185 2803 1280 2854; x_wconf 72' lang='grc' dir='ltr'>καὶ</span> <span class='ocrx_word' id='word_1_315' title='bbox 1310 2803 1561 2873; x_wconf 77' lang='grc' dir='ltr'>ἐνέργεια</span> <span class='ocrx_word' id='word_1_316' title='bbox 1595 2802 1692 2872; x_wconf 89' lang='grc' dir='ltr'><strong>μία</strong></span> <span class='ocrx_word' id='word_1_317' title='bbox 1712 2799 1942 2866; x_wconf 82' lang='grc' dir='ltr'>τοὺτων,</span> 
     </span>
    </p>
   </div>
   <div class='ocr_carea' id='block_1_46' title="bbox 367 2891 1945 2961">
    <p class='ocr_par' dir='ltr' id='par_1_46' title="bbox 367 2891 1945 2961">
     <span class='ocr_line' id='line_1_46' title="bbox 367 2891 1945 2961; baseline 0.003 -21"><span class='ocrx_word' id='word_1_318' title='bbox 367 2891 444 2951; x_wconf 81' lang='grc' dir='ltr'>ὡς</span> <span class='ocrx_word' id='word_1_319' title='bbox 479 2895 572 2942; x_wconf 78' lang='grc' dir='ltr'>καὶ</span> <span class='ocrx_word' id='word_1_320' title='bbox 607 2891 703 2960; x_wconf 89' lang='grc' dir='ltr'><strong>μία</strong></span> <span class='ocrx_word' id='word_1_321' title='bbox 752 2891 959 2960; x_wconf 81' lang='grc' dir='ltr'>λάμψις</span> <span class='ocrx_word' id='word_1_322' title='bbox 993 2893 1142 2961; x_wconf 82' lang='grc' dir='ltr'>ἡλίου</span> <span class='ocrx_word' id='word_1_323' title='bbox 1195 2893 1410 2953; x_wconf 75' lang='grc' dir='ltr'>ἀκτῖνος</span> <span class='ocrx_word' id='word_1_324' title='bbox 1461 2893 1555 2946; x_wconf 74' lang='grc' dir='ltr'><strong>καὶ</strong></span> <span class='ocrx_word' id='word_1_325' title='bbox 1597 2891 1796 2960; x_wconf 78' lang='grc' dir='ltr'>φωτὸς,</span> <span class='ocrx_word' id='word_1_326' title='bbox 1849 2893 1945 2945; x_wconf 74' lang='grc' dir='ltr'><strong>καὶ</strong></span> 
     </span>
    </p>
   </div>
   <div class='ocr_carea' id='block_1_47' title="bbox 375 2979 1946 3053">
    <p class='ocr_par' dir='ltr' id='par_1_47' title="bbox 375 2979 1946 3053">
     <span class='ocr_line' id='line_1_47' title="bbox 375 2979 1946 3053; baseline 0.003 -23"><span class='ocrx_word' id='word_1_327' title='bbox 375 2979 470 3048; x_wconf 81' lang='grc' dir='ltr'><strong>μία</strong></span> <span class='ocrx_word' id='word_1_328' title='bbox 495 2981 636 3048; x_wconf 82' lang='grc' dir='ltr'>αὐγὴ</span> <span class='ocrx_word' id='word_1_329' title='bbox 669 2982 762 3033; x_wconf 71' lang='grc' dir='ltr'>καὶ</span> <span class='ocrx_word' id='word_1_330' title='bbox 799 2981 974 3050; x_wconf 81' lang='grc' dir='ltr'>θέρμη</span> <span class='ocrx_word' id='word_1_331' title='bbox 1039 2981 1212 3053; x_wconf 69' lang='grc' dir='ltr'>πυρὸς</span> <span class='ocrx_word' id='word_1_332' title='bbox 1249 2985 1342 3036; x_wconf 73' lang='grc' dir='ltr'>καὶ</span> <span class='ocrx_word' id='word_1_333' title='bbox 1367 2983 1806 3052; x_wconf 80' lang='grc' dir='ltr'>ἀπαυγάσματος</span> <span class='ocrx_word' id='word_1_334' title='bbox 1846 2984 1946 3036; x_wconf 78' lang='grc' dir='ltr'>καὶ</span> 
     </span>
    </p>
   </div>
   <div class='ocr_carea' id='block_1_48' title="bbox 373 3071 1944 3144">
    <p class='ocr_par' dir='ltr' id='par_1_48' title="bbox 373 3071 1944 3144">
     <span class='ocr_line' id='line_1_48' title="bbox 373 3071 1944 3144; baseline 0.002 -20"><span class='ocrx_word' id='word_1_335' title='bbox 373 3071 570 3138; x_wconf 75' lang='grc' dir='ltr'>φωτὸς,</span> <span class='ocrx_word' id='word_1_336' title='bbox 601 3075 694 3124; x_wconf 72' lang='grc' dir='ltr'><strong>καὶ</strong></span> <span class='ocrx_word' id='word_1_337' title='bbox 727 3073 826 3142; x_wconf 86' lang='grc' dir='ltr'><strong>μία</strong></span> <span class='ocrx_word' id='word_1_338' title='bbox 871 3073 1090 3140; x_wconf 79' lang='grc' dir='ltr'>κίνησις</span> <span class='ocrx_word' id='word_1_339' title='bbox 1134 3073 1227 3126; x_wconf 60' lang='grc' dir='ltr'>τοῦ</span> <span class='ocrx_word' id='word_1_340' title='bbox 1269 3075 1444 3141; x_wconf 76' lang='grc' dir='ltr'>Λόγου</span> <span class='ocrx_word' id='word_1_341' title='bbox 1484 3078 1578 3127; x_wconf 78' lang='grc' dir='ltr'><strong>καὶ</strong></span> <span class='ocrx_word' id='word_1_342' title='bbox 1606 3075 1944 3144; x_wconf 80' lang='grc' dir='ltr'>ΙΙνεύματος.</span> 
     </span>
    </p>
   </div>
   <div class='ocr_carea' id='block_1_49' title="bbox 2043 1892 3618 1964">
    <p class='ocr_par' dir='ltr' id='par_1_49' title="bbox 2043 1892 3618 1964">
     <span class='ocr_line' id='line_1_49' title="bbox 2043 1892 3618 1964; baseline 0.003 -19"><span class='ocrx_word' id='word_1_343' title='bbox 2043 1894 2188 1945; x_wconf 88' lang='lat' dir='ltr'><strong>enim</strong></span> <span class='ocrx_word' id='word_1_344' title='bbox 2231 1904 2285 1947; x_wconf 91' lang='lat' dir='ltr'><strong>et</strong></span> <span class='ocrx_word' id='word_1_345' title='bbox 2325 1893 2530 1946; x_wconf 84' lang='lat' dir='ltr'><strong>creatio</strong></span> <span class='ocrx_word' id='word_1_346' title='bbox 2593 1907 2658 1946; x_wconf 90' lang='lat' dir='ltr'><strong>ex</strong></span> <span class='ocrx_word' id='word_1_347' title='bbox 2693 1892 2930 1960; x_wconf 88' lang='lat' dir='ltr'><strong>quodam</strong></span> <span class='ocrx_word' id='word_1_348' title='bbox 2967 1895 3210 1964; x_wconf 80' lang='lat' dir='ltr'><strong>ingenito</strong></span> <span class='ocrx_word' id='word_1_349' title='bbox 3247 1903 3303 1950; x_wconf 84' lang='lat' dir='ltr'><strong>et</strong></span> <span class='ocrx_word' id='word_1_350' title='bbox 3355 1897 3618 1950; x_wconf 74' lang='lat' dir='ltr'><strong>incrrato.</strong></span> 
     </span>
    </p>
   </div>
   <div class='ocr_carea' id='block_1_50' title="bbox 2043 1983 3625 2054">
    <p class='ocr_par' dir='ltr' id='par_1_50' title="bbox 2043 1983 3625 2054">
     <span class='ocr_line' id='line_1_50' title="bbox 2043 1983 3625 2054; baseline 0.001 -18"><span class='ocrx_word' id='word_1_351' title='bbox 2043 1983 2108 2036; x_wconf 83' lang='lat' dir='ltr'><strong>Et</strong></span> <span class='ocrx_word' id='word_1_352' title='bbox 2137 1983 2416 2050; x_wconf 77' lang='lat' dir='ltr'><strong>processio</strong></span> <span class='ocrx_word' id='word_1_353' title='bbox 2437 1998 2503 2036; x_wconf 86' lang='lat' dir='ltr'><strong>ex</strong></span> <span class='ocrx_word' id='word_1_354' title='bbox 2526 1983 2764 2051; x_wconf 81' lang='lat' dir='ltr'><strong>quodam</strong></span> <span class='ocrx_word' id='word_1_355' title='bbox 2798 1984 3042 2038; x_wconf 84' lang='lat' dir='ltr'><strong>inereato</strong></span> <span class='ocrx_word' id='word_1_356' title='bbox 3064 1995 3116 2038; x_wconf 88' lang='lat' dir='ltr'><strong>et</strong></span> <span class='ocrx_word' id='word_1_357' title='bbox 3154 1984 3425 2054; x_wconf 76' lang='lat' dir='ltr'><strong>ingenito.</strong></span> <span class='ocrx_word' id='word_1_358' title='bbox 3465 1986 3529 2040; x_wconf 80' lang='lat' dir='ltr'><strong>Et</strong></span> <span class='ocrx_word' id='word_1_359' title='bbox 3553 1987 3625 2040; x_wconf 88' lang='lat' dir='ltr'><strong>il-</strong></span> 
     </span>
    </p>
   </div>
   <div class='ocr_carea' id='block_1_51' title="bbox 2043 2071 3620 2144">
    <p class='ocr_par' dir='ltr' id='par_1_51' title="bbox 2043 2071 3620 2144">
     <span class='ocr_line' id='line_1_51' title="bbox 2043 2071 3620 2144; baseline 0.001 -16"><span class='ocrx_word' id='word_1_360' title='bbox 2043 2071 2134 2128; x_wconf 92' lang='lat' dir='ltr'><strong>lud</strong></span> <span class='ocrx_word' id='word_1_361' title='bbox 2170 2073 2464 2142; x_wconf 80' lang='lat' dir='ltr'><strong>ingenitum</strong></span> <span class='ocrx_word' id='word_1_362' title='bbox 2492 2083 2544 2128; x_wconf 88' lang='lat' dir='ltr'><strong>et</strong></span> <span class='ocrx_word' id='word_1_363' title='bbox 2575 2075 2876 2130; x_wconf 86' lang='lat' dir='ltr'><strong>increatum</strong></span> <span class='ocrx_word' id='word_1_364' title='bbox 2907 2087 3129 2129; x_wconf 85' lang='lat' dir='ltr'><strong>vocatur</strong></span> <span class='ocrx_word' id='word_1_365' title='bbox 3151 2074 3334 2142; x_wconf 89' lang='lat' dir='ltr'><strong>Pater,</strong></span> <span class='ocrx_word' id='word_1_366' title='bbox 3363 2085 3416 2130; x_wconf 90' lang='lat' dir='ltr'><strong>et</strong></span> <span class='ocrx_word' id='word_1_367' title='bbox 3465 2077 3620 2144; x_wconf 80' lang='lat' dir='ltr'><strong>geni-</strong></span> 
     </span>
    </p>
   </div>
   <div class='ocr_carea' id='block_1_52' title="bbox 2044 2163 3618 2235">
    <p class='ocr_par' dir='ltr' id='par_1_52' title="bbox 2044 2163 3618 2235">
     <span class='ocr_line' id='line_1_52' title="bbox 2044 2163 3618 2235; baseline 0.003 -19"><span class='ocrx_word' id='word_1_368' title='bbox 2044 2171 2158 2218; x_wconf 90' lang='lat' dir='ltr'><strong>tum</strong></span> <span class='ocrx_word' id='word_1_369' title='bbox 2185 2163 2378 2230; x_wconf 82' lang='lat' dir='ltr'><strong>Filius,</strong></span> <span class='ocrx_word' id='word_1_370' title='bbox 2434 2171 2490 2220; x_wconf 87' lang='lat' dir='ltr'><strong>et</strong></span> <span class='ocrx_word' id='word_1_371' title='bbox 2536 2164 2838 2235; x_wconf 88' lang='lat' dir='ltr'><strong>procedens</strong></span> <span class='ocrx_word' id='word_1_372' title='bbox 2879 2164 3120 2234; x_wconf 83' lang='lat' dir='ltr'><strong>Spiritus</strong></span> <span class='ocrx_word' id='word_1_373' title='bbox 3179 2175 3394 2221; x_wconf 88' lang='lat' dir='ltr'><strong>santus.</strong></span> <span class='ocrx_word' id='word_1_374' title='bbox 3435 2167 3502 2222; x_wconf 86' lang='lat' dir='ltr'><strong>Et</strong></span> <span class='ocrx_word' id='word_1_375' title='bbox 3563 2169 3618 2222; x_wconf 92' lang='lat' dir='ltr'><strong>bi</strong></span> 
     </span>
    </p>
   </div>
   <div class='ocr_carea' id='block_1_53' title="bbox 2051 2256 3617 2316">
    <p class='ocr_par' dir='ltr' id='par_1_53' title="bbox 2051 2256 3617 2316">
     <span class='ocr_line' id='line_1_53' title="bbox 2051 2256 3617 2316; baseline 0.003 -8"><span class='ocrx_word' id='word_1_376' title='bbox 2051 2266 2164 2312; x_wconf 89' lang='lat' dir='ltr'><strong>tres</strong></span> <span class='ocrx_word' id='word_1_377' title='bbox 2195 2256 2559 2314; x_wconf 80' lang='lat' dir='ltr'><strong>indivisibiles</strong></span> <span class='ocrx_word' id='word_1_378' title='bbox 2589 2267 2719 2312; x_wconf 88' lang='lat' dir='ltr'><strong>sunt</strong></span> <span class='ocrx_word' id='word_1_379' title='bbox 2747 2267 2800 2313; x_wconf 88' lang='lat' dir='ltr'><strong>et</strong></span> <span class='ocrx_word' id='word_1_380' title='bbox 2827 2259 3018 2314; x_wconf 60' lang='lat' dir='ltr'><strong>aeterni</strong></span> <span class='ocrx_word' id='word_1_381' title='bbox 3044 2267 3096 2313; x_wconf 85' lang='lat' dir='ltr'><strong>et</strong></span> <span class='ocrx_word' id='word_1_382' title='bbox 3119 2259 3476 2314; x_wconf 80' lang='lat' dir='ltr'><strong>immortales.</strong></span> <span class='ocrx_word' id='word_1_383' title='bbox 3549 2261 3617 2316; x_wconf 83' lang='lat' dir='ltr'><strong>Et</strong></span> 
     </span>
    </p>
   </div>
   <div class='ocr_carea' id='block_1_54' title="bbox 2045 2347 3620 2418">
    <p class='ocr_par' dir='ltr' id='par_1_54' title="bbox 2045 2347 3620 2418">
     <span class='ocr_line' id='line_1_54' title="bbox 2045 2347 3620 2418; baseline 0.006 -19"><span class='ocrx_word' id='word_1_384' title='bbox 2045 2361 2152 2400; x_wconf 90' lang='lat' dir='ltr'><strong>non</strong></span> <span class='ocrx_word' id='word_1_385' title='bbox 2209 2355 2336 2400; x_wconf 89' lang='lat' dir='ltr'><strong>sunt</strong></span> <span class='ocrx_word' id='word_1_386' title='bbox 2385 2354 2498 2402; x_wconf 87' lang='lat' dir='ltr'><strong>tres</strong></span> <span class='ocrx_word' id='word_1_387' title='bbox 2550 2347 2622 2402; x_wconf 92' lang='lat' dir='ltr'><strong>dii</strong></span> <span class='ocrx_word' id='word_1_388' title='bbox 2683 2363 2864 2418; x_wconf 87' lang='lat' dir='ltr'><strong>neque</strong></span> <span class='ocrx_word' id='word_1_389' title='bbox 2913 2359 3022 2404; x_wconf 85' lang='lat' dir='ltr'><strong>tres</strong></span> <span class='ocrx_word' id='word_1_390' title='bbox 3075 2349 3308 2416; x_wconf 87' lang='lat' dir='ltr'><strong>domini,</strong></span> <span class='ocrx_word' id='word_1_391' title='bbox 3340 2353 3432 2406; x_wconf 88' lang='lat' dir='ltr'><strong>sed</strong></span> <span class='ocrx_word' id='word_1_392' title='bbox 3477 2368 3620 2408; x_wconf 85' lang='lat' dir='ltr'><strong>unus</strong></span> 
     </span>
    </p>
   </div>
   <div class='ocr_carea' id='block_1_55' title="bbox 2045 2435 3620 2498">
    <p class='ocr_par' dir='ltr' id='par_1_55' title="bbox 2045 2435 3620 2498">
     <span class='ocr_line' id='line_1_55' title="bbox 2045 2435 3620 2498; baseline 0.004 -10"><span class='ocrx_word' id='word_1_393' title='bbox 2045 2435 2188 2494; x_wconf 90' lang='lat' dir='ltr'><strong>Dens</strong></span> <span class='ocrx_word' id='word_1_394' title='bbox 2219 2445 2274 2493; x_wconf 91' lang='lat' dir='ltr'><strong>et</strong></span> <span class='ocrx_word' id='word_1_395' title='bbox 2313 2454 2454 2494; x_wconf 85' lang='lat' dir='ltr'><strong>unns</strong></span> <span class='ocrx_word' id='word_1_396' title='bbox 2485 2439 2537 2492; x_wconf 91' lang='lat' dir='ltr'><strong>in</strong></span> <span class='ocrx_word' id='word_1_397' title='bbox 2569 2437 2837 2496; x_wconf 86' lang='lat' dir='ltr'><strong>Trinitate</strong></span> <span class='ocrx_word' id='word_1_398' title='bbox 2896 2440 3200 2496; x_wconf 87' lang='lat' dir='ltr'><strong>Dominus:</strong></span> <span class='ocrx_word' id='word_1_399' title='bbox 3257 2443 3398 2497; x_wconf 86' lang='lat' dir='ltr'><strong>sient</strong></span> <span class='ocrx_word' id='word_1_400' title='bbox 3431 2451 3484 2498; x_wconf 85' lang='lat' dir='ltr'><strong>et</strong></span> <span class='ocrx_word' id='word_1_401' title='bbox 3525 2459 3620 2498; x_wconf 88' lang='lat' dir='ltr'><strong>an-</strong></span> 
     </span>
    </p>
   </div>
   <div class='ocr_carea' id='block_1_56' title="bbox 2045 2527 3622 2602">
    <p class='ocr_par' dir='ltr' id='par_1_56' title="bbox 2045 2527 3622 2602">
     <span class='ocr_line' id='line_1_56' title="bbox 2045 2527 3622 2602; baseline 0.004 -20"><span class='ocrx_word' id='word_1_402' title='bbox 2045 2529 2148 2598; x_wconf 80' lang='lat' dir='ltr'><strong>geli</strong></span> <span class='ocrx_word' id='word_1_403' title='bbox 2179 2529 2384 2583; x_wconf 81' lang='lat' dir='ltr'><strong>can&#39;unt</strong></span> <span class='ocrx_word' id='word_1_404' title='bbox 2441 2545 2453 2581; x_wconf 89' lang='lat'><strong>:</strong></span> <span class='ocrx_word' id='word_1_405' title='bbox 2509 2527 2764 2596; x_wconf 78' lang='lat' dir='ltr'><strong>Sanctus,</strong></span> <span class='ocrx_word' id='word_1_406' title='bbox 2803 2542 3044 2597; x_wconf 83' lang='lat' dir='ltr'><strong>sanctus,</strong></span> <span class='ocrx_word' id='word_1_407' title='bbox 3101 2541 3321 2602; x_wconf 82' lang='lat' dir='ltr'><strong>sanctus</strong></span> <span class='ocrx_word' id='word_1_408' title='bbox 3357 2533 3622 2588; x_wconf 82' lang='lat' dir='ltr'><strong>Dominus</strong></span> 
     </span>
    </p>
   </div>
   <div class='ocr_carea' id='block_1_57' title="bbox 2046 2619 3622 2696">
    <p class='ocr_par' dir='ltr' id='par_1_57' title="bbox 2046 2619 3622 2696">
     <span class='ocr_line' id='line_1_57' title="bbox 2046 2619 3622 2696; baseline 0.004 -22"><span class='ocrx_word' id='word_1_409' title='bbox 2046 2620 2312 2674; x_wconf 83' lang='lat' dir='ltr'><strong>Sabaoth.</strong></span> <span class='ocrx_word' id='word_1_410' title='bbox 2367 2619 2502 2674; x_wconf 88' lang='lat' dir='ltr'><strong>Cum</strong></span> <span class='ocrx_word' id='word_1_411' title='bbox 2553 2636 2683 2676; x_wconf 87' lang='lat' dir='ltr'><strong>vero</strong></span> <span class='ocrx_word' id='word_1_412' title='bbox 2721 2624 2913 2675; x_wconf 87' lang='lat' dir='ltr'><strong>borum</strong></span> <span class='ocrx_word' id='word_1_413' title='bbox 2967 2623 3134 2678; x_wconf 87' lang='lat' dir='ltr'><strong>trium</strong></span> <span class='ocrx_word' id='word_1_414' title='bbox 3182 2643 3288 2679; x_wconf 89' lang='lat' dir='ltr'><strong>una</strong></span> <span class='ocrx_word' id='word_1_415' title='bbox 3321 2626 3622 2696; x_wconf 81' lang='lat' dir='ltr'><strong>eademque</strong></span> 
     </span>
    </p>
   </div>
   <div class='ocr_carea' id='block_1_58' title="bbox 2047 2715 3622 2784">
    <p class='ocr_par' dir='ltr' id='par_1_58' title="bbox 2047 2715 3622 2784">
     <span class='ocr_line' id='line_1_58' title="bbox 2047 2715 3622 2784; baseline 0.004 -14"><span class='ocrx_word' id='word_1_416' title='bbox 2047 2716 2298 2783; x_wconf 82' lang='lat' dir='ltr'><strong>sitatque</strong></span> <span class='ocrx_word' id='word_1_417' title='bbox 2317 2715 2696 2784; x_wconf 79' lang='lat' dir='ltr'><strong>inseparabilis</strong></span> <span class='ocrx_word' id='word_1_418' title='bbox 2722 2727 2953 2784; x_wconf 83' lang='lat' dir='ltr'><strong>natura,</strong></span> <span class='ocrx_word' id='word_1_419' title='bbox 3001 2735 3110 2774; x_wconf 88' lang='lat' dir='ltr'><strong>una</strong></span> <span class='ocrx_word' id='word_1_420' title='bbox 3149 2722 3476 2784; x_wconf 79' lang='lat' dir='ltr'><strong>substantia,</strong></span> <span class='ocrx_word' id='word_1_421' title='bbox 3512 2737 3622 2776; x_wconf 86' lang='lat' dir='ltr'><strong>una</strong></span> 
     </span>
    </p>
   </div>
   <div class='ocr_carea' id='block_1_59' title="bbox 2046 2802 3621 2875">
    <p class='ocr_par' dir='ltr' id='par_1_59' title="bbox 2046 2802 3621 2875">
     <span class='ocr_line' id='line_1_59' title="bbox 2046 2802 3621 2875; baseline 0.008 -23"><span class='ocrx_word' id='word_1_422' title='bbox 2046 2802 2246 2861; x_wconf 87' lang='lat' dir='ltr'><strong>virtus.</strong></span> <span class='ocrx_word' id='word_1_423' title='bbox 2291 2817 2400 2856; x_wconf 83' lang='lat' dir='ltr'><strong>una</strong></span> <span class='ocrx_word' id='word_1_424' title='bbox 2451 2803 2646 2872; x_wconf 73' lang='lat' dir='ltr'><strong>gloria,</strong></span> <span class='ocrx_word' id='word_1_425' title='bbox 2703 2819 2810 2860; x_wconf 89' lang='lat' dir='ltr'><strong>una</strong></span> <span class='ocrx_word' id='word_1_426' title='bbox 2867 2807 3138 2874; x_wconf 85' lang='lat' dir='ltr'><strong>voluntas,</strong></span> <span class='ocrx_word' id='word_1_427' title='bbox 3177 2825 3284 2862; x_wconf 87' lang='lat' dir='ltr'><strong>una</strong></span> <span class='ocrx_word' id='word_1_428' title='bbox 3340 2811 3531 2875; x_wconf 87' lang='lat' dir='ltr'><strong>motio,</strong></span> <span class='ocrx_word' id='word_1_429' title='bbox 3567 2812 3621 2864; x_wconf 93' lang='lat' dir='ltr'><strong>hi</strong></span> 
     </span>
    </p>
   </div>
   <div class='ocr_carea' id='block_1_60' title="bbox 2051 2893 3617 2970">
    <p class='ocr_par' dir='ltr' id='par_1_60' title="bbox 2051 2893 3617 2970">
     <span class='ocr_line' id='line_1_60' title="bbox 2051 2893 3617 2970; baseline 0.007 -25"><span class='ocrx_word' id='word_1_430' title='bbox 2051 2901 2160 2947; x_wconf 91' lang='lat' dir='ltr'><strong>tres</strong></span> <span class='ocrx_word' id='word_1_431' title='bbox 2213 2908 2358 2948; x_wconf 87' lang='lat' dir='ltr'><strong>unus</strong></span> <span class='ocrx_word' id='word_1_432' title='bbox 2387 2902 2514 2948; x_wconf 84' lang='lat' dir='ltr'><strong>sunt</strong></span> <span class='ocrx_word' id='word_1_433' title='bbox 2538 2893 2592 2948; x_wconf 92' lang='lat' dir='ltr'><strong>in</strong></span> <span class='ocrx_word' id='word_1_434' title='bbox 2625 2896 2801 2950; x_wconf 85' lang='lat' dir='ltr'><strong>tribus</strong></span> <span class='ocrx_word' id='word_1_435' title='bbox 2831 2899 3084 2966; x_wconf 82' lang='lat' dir='ltr'><strong>personis</strong></span> <span class='ocrx_word' id='word_1_436' title='bbox 3114 2899 3292 2958; x_wconf 81' lang='lat' dir='ltr'><strong>Deus:</strong></span> <span class='ocrx_word' id='word_1_437' title='bbox 3330 2915 3436 2954; x_wconf 87' lang='lat' dir='ltr'><strong>una</strong></span> <span class='ocrx_word' id='word_1_438' title='bbox 3475 2917 3617 2970; x_wconf 84' lang='lat' dir='ltr'><strong>quo-</strong></span> 
     </span>
    </p>
   </div>
   <div class='ocr_carea' id='block_1_61' title="bbox 2048 2983 3608 3060">
    <p class='ocr_par' dir='ltr' id='par_1_61' title="bbox 2048 2983 3608 3060">
     <span class='ocr_line' id='line_1_61' title="bbox 2048 2983 3608 3060; baseline 0.004 -23"><span class='ocrx_word' id='word_1_439' title='bbox 2048 2999 2154 3052; x_wconf 84' lang='lat' dir='ltr'><strong>que</strong></span> <span class='ocrx_word' id='word_1_440' title='bbox 2194 2983 2388 3036; x_wconf 89' lang='lat' dir='ltr'><strong>borum</strong></span> <span class='ocrx_word' id='word_1_441' title='bbox 2453 2985 2504 3037; x_wconf 91' lang='lat' dir='ltr'><strong>in</strong></span> <span class='ocrx_word' id='word_1_442' title='bbox 2536 2985 2717 3039; x_wconf 86' lang='lat' dir='ltr'><strong>omnia</strong></span> <span class='ocrx_word' id='word_1_443' title='bbox 2751 3001 3002 3055; x_wconf 82' lang='lat' dir='ltr'><strong>suprema</strong></span> <span class='ocrx_word' id='word_1_444' title='bbox 3029 2989 3346 3055; x_wconf 88' lang='lat' dir='ltr'><strong>auctoritas,</strong></span> <span class='ocrx_word' id='word_1_445' title='bbox 3377 3006 3481 3046; x_wconf 92' lang='lat' dir='ltr'><strong>una</strong></span> <span class='ocrx_word' id='word_1_446' title='bbox 3511 3006 3608 3060; x_wconf 85' lang='lat' dir='ltr'><strong>po-</strong></span> 
     </span>
    </p>
   </div>
   <div class='ocr_carea' id='block_1_62' title="bbox 2053 3073 3622 3149">
    <p class='ocr_par' dir='ltr' id='par_1_62' title="bbox 2053 3073 3622 3149">
     <span class='ocr_line' id='line_1_62' title="bbox 2053 3073 3622 3149; baseline 0.004 -20"><span class='ocrx_word' id='word_1_447' title='bbox 2053 3077 2238 3129; x_wconf 78' lang='lat' dir='ltr'><strong>tentia.</strong></span> <span class='ocrx_word' id='word_1_448' title='bbox 2275 3073 2340 3130; x_wconf 87' lang='lat' dir='ltr'><strong>Et</strong></span> <span class='ocrx_word' id='word_1_449' title='bbox 2383 3075 2526 3130; x_wconf 85' lang='lat' dir='ltr'><strong>sicut</strong></span> <span class='ocrx_word' id='word_1_450' title='bbox 2557 3076 2612 3130; x_wconf 88' lang='lat' dir='ltr'><strong>in</strong></span> <span class='ocrx_word' id='word_1_451' title='bbox 2675 3079 2791 3132; x_wconf 86' lang='lat' dir='ltr'><strong>sole</strong></span> <span class='ocrx_word' id='word_1_452' title='bbox 2823 3079 3008 3134; x_wconf 86' lang='lat' dir='ltr'><strong>radius</strong></span> <span class='ocrx_word' id='word_1_453' title='bbox 3037 3090 3084 3134; x_wconf 88' lang='lat' dir='ltr'><strong>et</strong></span> <span class='ocrx_word' id='word_1_454' title='bbox 3113 3079 3291 3149; x_wconf 85' lang='lat' dir='ltr'><strong>fulgor</strong></span> <span class='ocrx_word' id='word_1_455' title='bbox 3329 3099 3496 3136; x_wconf 87' lang='lat' dir='ltr'><strong>unum</strong></span> <span class='ocrx_word' id='word_1_456' title='bbox 3528 3083 3622 3136; x_wconf 84' lang='lat' dir='ltr'><strong>ha-</strong></span> 
     </span>
    </p>
   </div>
   <div class='ocr_carea' id='block_1_63' title="bbox 377 3167 3618 3248">
    <p class='ocr_par' dir='ltr' id='par_1_63' title="bbox 377 3167 3618 3248">
     <span class='ocr_line' id='line_1_63' title="bbox 377 3167 3618 3248; baseline 0.003 -28"><span class='ocrx_word' id='word_1_457' title='bbox 377 3167 504 3220; x_wconf 80' lang='lat' dir='ltr'><strong>bent</strong></span> <span class='ocrx_word' id='word_1_458' title='bbox 569 3167 912 3236; x_wconf 81' lang='lat' dir='ltr'><strong>splendorem</strong></span> <span class='ocrx_word' id='word_1_459' title='bbox 949 3178 1002 3224; x_wconf 82' lang='lat' dir='ltr'><strong>et</strong></span> <span class='ocrx_word' id='word_1_460' title='bbox 1053 3170 1106 3223; x_wconf 92' lang='lat' dir='ltr'><strong>in</strong></span> <span class='ocrx_word' id='word_1_461' title='bbox 1174 3171 1294 3238; x_wconf 66' lang='lat' dir='ltr'><strong>igne</strong></span> <span class='ocrx_word' id='word_1_462' title='bbox 1339 3170 1476 3226; x_wconf 86' lang='lat' dir='ltr'><strong>lucis</strong></span> <span class='ocrx_word' id='word_1_463' title='bbox 1522 3181 1574 3226; x_wconf 88' lang='lat' dir='ltr'><strong>et</strong></span> <span class='ocrx_word' id='word_1_464' title='bbox 1603 3172 1802 3228; x_wconf 87' lang='lat' dir='ltr'><strong>caloris</strong></span> <span class='ocrx_word' id='word_1_465' title='bbox 1830 3186 1936 3226; x_wconf 89' lang='lat' dir='ltr'><strong>una</strong></span> <span class='ocrx_word' id='word_1_466' title='bbox 1975 3181 2060 3226; x_wconf 86' lang='lat' dir='ltr'><strong>est</strong></span> <span class='ocrx_word' id='word_1_467' title='bbox 2093 3170 2299 3242; x_wconf 78' lang='lat' dir='ltr'><strong>fulgida</strong></span> <span class='ocrx_word' id='word_1_468' title='bbox 2329 3171 2638 3242; x_wconf 85' lang='lat' dir='ltr'><strong>productio.</strong></span> <span class='ocrx_word' id='word_1_469' title='bbox 2675 3172 2752 3228; x_wconf 89' lang='lat' dir='ltr'><strong>ita</strong></span> <span class='ocrx_word' id='word_1_470' title='bbox 2797 3188 2904 3227; x_wconf 84' lang='lat' dir='ltr'><strong>una</strong></span> <span class='ocrx_word' id='word_1_471' title='bbox 2941 3183 3024 3229; x_wconf 89' lang='lat' dir='ltr'><strong>est</strong></span> <span class='ocrx_word' id='word_1_472' title='bbox 3051 3172 3208 3230; x_wconf 83' lang='lat' dir='ltr'><strong>Verbi</strong></span> <span class='ocrx_word' id='word_1_473' title='bbox 3264 3186 3317 3231; x_wconf 90' lang='lat' dir='ltr'><strong>et</strong></span> <span class='ocrx_word' id='word_1_474' title='bbox 3380 3177 3618 3248; x_wconf 76' lang='lat' dir='ltr'><strong>Spiritus</strong></span> 
     </span>
    </p>
   </div>
   <div class='ocr_carea' id='block_1_64' title="bbox 371 3261 890 3328">
    <p class='ocr_par' dir='ltr' id='par_1_64' title="bbox 371 3261 890 3328">
     <span class='ocr_line' id='line_1_64' title="bbox 371 3261 890 3328; baseline 0 -16"><span class='ocrx_word' id='word_1_475' title='bbox 371 3261 566 3321; x_wconf 80' lang='lat' dir='ltr'><strong>notio,</strong></span> <span class='ocrx_word' id='word_1_476' title='bbox 594 3261 890 3328; x_wconf 59' lang='lat' dir='ltr'><strong>processio.</strong></span> 
     </span>
    </p>
   </div>
   <div class='ocr_carea' id='block_1_65' title="bbox 445 3351 1941 3424">
    <p class='ocr_par' dir='ltr' id='par_1_65' title="bbox 445 3351 1941 3424">
     <span class='ocr_line' id='line_1_65' title="bbox 445 3351 1941 3424; baseline 0.005 -23"><span class='ocrx_word' id='word_1_477' title='bbox 445 3351 640 3418; x_wconf 83' lang='grc' dir='ltr'>Τρίτον</span> <span class='ocrx_word' id='word_1_478' title='bbox 672 3351 728 3402; x_wconf 81' lang='grc' dir='ltr'><strong>δὲ</strong></span> <span class='ocrx_word' id='word_1_479' title='bbox 763 3351 1080 3419; x_wconf 70' lang='grc' dir='ltr'>κεφάλαιον,</span> <span class='ocrx_word' id='word_1_480' title='bbox 1108 3351 1193 3406; x_wconf 82' lang='grc' dir='ltr'>ὅτι</span> <span class='ocrx_word' id='word_1_481' title='bbox 1225 3353 1366 3422; x_wconf 72' lang='grc' dir='ltr'>αὕτη</span> <span class='ocrx_word' id='word_1_482' title='bbox 1405 3355 1438 3423; x_wconf 80' lang='grc' dir='ltr'>ἡ</span> <span class='ocrx_word' id='word_1_483' title='bbox 1471 3353 1640 3424; x_wconf 83' lang='grc' dir='ltr'>Τριὰς</span> <span class='ocrx_word' id='word_1_484' title='bbox 1664 3354 1772 3408; x_wconf 82' lang='grc' dir='ltr'>τῶν</span> <span class='ocrx_word' id='word_1_485' title='bbox 1810 3355 1941 3408; x_wconf 80' lang='grc' dir='ltr'>ὅλων</span> 
     </span>
    </p>
   </div>
   <div class='ocr_carea' id='block_1_66' title="bbox 2048 3351 3620 3424">
    <p class='ocr_par' dir='ltr' id='par_1_66' title="bbox 2124 3351 3620 3424">
     <span class='ocr_line' id='line_1_66' title="bbox 2124 3351 3620 3424; baseline 0.004 -18"><span class='ocrx_word' id='word_1_486' title='bbox 2124 3353 2369 3406; x_wconf 80' lang='lat' dir='ltr'><strong>Tertium</strong></span> <span class='ocrx_word' id='word_1_487' title='bbox 2417 3351 2612 3408; x_wconf 82' lang='lat' dir='ltr'><strong>deinde</strong></span> <span class='ocrx_word' id='word_1_488' title='bbox 2652 3359 2843 3420; x_wconf 80' lang='lat' dir='ltr'><strong>caput,</strong></span> <span class='ocrx_word' id='word_1_489' title='bbox 2877 3353 3004 3422; x_wconf 86' lang='lat' dir='ltr'><strong>quia</strong></span> <span class='ocrx_word' id='word_1_490' title='bbox 3063 3353 3176 3408; x_wconf 61' lang='lat' dir='ltr'><strong>haec</strong></span> <span class='ocrx_word' id='word_1_491' title='bbox 3233 3355 3346 3424; x_wconf 81' lang='lat' dir='ltr'><strong>ipsa</strong></span> <span class='ocrx_word' id='word_1_492' title='bbox 3379 3354 3620 3412; x_wconf 70' lang='lat' dir='ltr'><strong>Trinitas</strong></span> 
     </span>
    </p>
   </div>
   <div class='ocr_carea' id='block_1_67' title="bbox 375 3443 1940 3517">
    <p class='ocr_par' dir='ltr' id='par_1_67' title="bbox 375 3443 1940 3517">
     <span class='ocr_line' id='line_1_67' title="bbox 375 3443 1940 3517; baseline 0.004 -25"><span class='ocrx_word' id='word_1_493' title='bbox 375 3444 490 3493; x_wconf 76' lang='grc' dir='ltr'>ἐστὶ</span> <span class='ocrx_word' id='word_1_494' title='bbox 520 3443 870 3512; x_wconf 70' lang='grc' dir='ltr'>δημιουργὶς,</span> <span class='ocrx_word' id='word_1_495' title='bbox 903 3446 966 3496; x_wconf 83' lang='grc' dir='ltr'>ἑκ</span> <span class='ocrx_word' id='word_1_496' title='bbox 996 3445 1074 3513; x_wconf 72' lang='grc' dir='ltr'>μὴ</span> <span class='ocrx_word' id='word_1_497' title='bbox 1100 3444 1271 3497; x_wconf 70' lang='grc' dir='ltr'>ὅντων</span> <span class='ocrx_word' id='word_1_498' title='bbox 1293 3446 1468 3498; x_wconf 81' lang='grc' dir='ltr'>ταῦτα</span> <span class='ocrx_word' id='word_1_499' title='bbox 1499 3450 1776 3516; x_wconf 80' lang='grc' dir='ltr'>ποιήσασα</span> <span class='ocrx_word' id='word_1_500' title='bbox 1812 3465 1940 3517; x_wconf 85' lang='grc' dir='ltr'>νοη-</span> 
     </span>
    </p>
   </div>
   <div class='ocr_carea' id='block_1_68' title="bbox 373 3537 1942 3609">
    <p class='ocr_par' dir='ltr' id='par_1_68' title="bbox 373 3537 1942 3609">
     <span class='ocr_line' id='line_1_68' title="bbox 373 3537 1942 3609; baseline 0.004 -25"><span class='ocrx_word' id='word_1_501' title='bbox 373 3537 440 3584; x_wconf 70' lang='grc' dir='ltr'>τά</span> <span class='ocrx_word' id='word_1_502' title='bbox 469 3552 526 3584; x_wconf 81' lang='grc' dir='ltr'><strong>τε</strong></span> <span class='ocrx_word' id='word_1_503' title='bbox 559 3539 652 3586; x_wconf 76' lang='grc' dir='ltr'>καὶ</span> <span class='ocrx_word' id='word_1_504' title='bbox 697 3537 957 3604; x_wconf 76' lang='grc' dir='ltr'>αἰτοητὰ,</span> <span class='ocrx_word' id='word_1_505' title='bbox 997 3537 1171 3606; x_wconf 77' lang='grc' dir='ltr'>ὁρατὰ</span> <span class='ocrx_word' id='word_1_506' title='bbox 1219 3537 1316 3589; x_wconf 79' lang='grc' dir='ltr'>καὶ</span> <span class='ocrx_word' id='word_1_507' title='bbox 1347 3538 1576 3608; x_wconf 73' lang='grc' dir='ltr'>ἀόρατα,</span> <span class='ocrx_word' id='word_1_508' title='bbox 1609 3539 1718 3591; x_wconf 75' lang='grc' dir='ltr'><strong>ὑπὸ</strong></span> <span class='ocrx_word' id='word_1_509' title='bbox 1750 3539 1942 3609; x_wconf 84' lang='grc' dir='ltr'>χρόνον</span> 
     </span>
    </p>
   </div>
   <div class='ocr_carea' id='block_1_69' title="bbox 373 3625 1938 3700">
    <p class='ocr_par' dir='ltr' id='par_1_69' title="bbox 373 3625 1938 3700">
     <span class='ocr_line' id='line_1_69' title="bbox 373 3625 1938 3700; baseline 0.005 -26"><span class='ocrx_word' id='word_1_510' title='bbox 373 3627 550 3676; x_wconf 73' lang='grc' dir='ltr'>πάντα</span> <span class='ocrx_word' id='word_1_511' title='bbox 587 3625 1008 3694; x_wconf 64' lang='grc' dir='ltr'>παραεκαγοῦσα,</span> <span class='ocrx_word' id='word_1_512' title='bbox 1042 3627 1132 3679; x_wconf 83' lang='grc' dir='ltr'>ὅτε</span> <span class='ocrx_word' id='word_1_513' title='bbox 1169 3627 1434 3696; x_wconf 70' lang='grc' dir='ltr'>ἠθέλησεν</span> <span class='ocrx_word' id='word_1_514' title='bbox 1469 3625 1630 3698; x_wconf 81' lang='grc' dir='ltr'>αὑτὴ,</span> <span class='ocrx_word' id='word_1_515' title='bbox 1678 3629 1752 3698; x_wconf 82' lang='grc' dir='ltr'>μὴ</span> <span class='ocrx_word' id='word_1_516' title='bbox 1803 3646 1938 3700; x_wconf 83' lang='grc' dir='ltr'>προ-</span> 
     </span>
    </p>
   </div>
   <div class='ocr_carea' id='block_1_70' title="bbox 371 3715 1942 3788">
    <p class='ocr_par' dir='ltr' id='par_1_70' title="bbox 371 3715 1942 3788">
     <span class='ocr_line' id='line_1_70' title="bbox 371 3715 1942 3788; baseline 0.004 -21"><span class='ocrx_word' id='word_1_517' title='bbox 371 3718 402 3767; x_wconf 83' lang='grc' dir='ltr'><strong>ῦ</strong></span> <span class='ocrx_word' id='word_1_518' title='bbox 423 3715 708 3782; x_wconf 72' lang='grc' dir='ltr'>τάρχοντός</span> <span class='ocrx_word' id='word_1_519' title='bbox 735 3733 880 3778; x_wconf 86' lang='grc' dir='ltr'>τινος</span> <span class='ocrx_word' id='word_1_520' title='bbox 919 3717 1080 3780; x_wconf 79' lang='grc' dir='ltr'>ὅλως,</span> <span class='ocrx_word' id='word_1_521' title='bbox 1117 3717 1190 3786; x_wconf 80' lang='grc' dir='ltr'>μὴ</span> <span class='ocrx_word' id='word_1_522' title='bbox 1222 3717 1418 3783; x_wconf 76' lang='grc' dir='ltr'>εἴδους,</span> <span class='ocrx_word' id='word_1_523' title='bbox 1451 3717 1529 3786; x_wconf 81' lang='grc' dir='ltr'><strong>μὴ</strong></span> <span class='ocrx_word' id='word_1_524' title='bbox 1553 3717 1709 3788; x_wconf 82' lang='grc' dir='ltr'>ὕλης,</span> <span class='ocrx_word' id='word_1_525' title='bbox 1751 3719 1810 3784; x_wconf 77' lang='grc' dir='ltr'><strong>ἐξ</strong></span> <span class='ocrx_word' id='word_1_526' title='bbox 1842 3721 1942 3772; x_wconf 83' lang='grc' dir='ltr'>οὐκ</span> 
     </span>
    </p>
   </div>
   <div class='ocr_carea' id='block_1_71' title="bbox 371 3807 1943 3881">
    <p class='ocr_par' dir='ltr' id='par_1_71' title="bbox 371 3807 1943 3881">
     <span class='ocr_line' id='line_1_71' title="bbox 371 3807 1943 3881; baseline 0.001 -23"><span class='ocrx_word' id='word_1_527' title='bbox 371 3807 540 3859; x_wconf 73' lang='grc' dir='ltr'>ὅντων</span> <span class='ocrx_word' id='word_1_528' title='bbox 587 3808 642 3860; x_wconf 79' lang='grc' dir='ltr'><strong>δὲ</strong></span> <span class='ocrx_word' id='word_1_529' title='bbox 687 3808 1086 3878; x_wconf 77' lang='grc' dir='ltr'>παραγαγοῦσα</span> <span class='ocrx_word' id='word_1_530' title='bbox 1115 3809 1186 3862; x_wconf 85' lang='grc' dir='ltr'>τὰ</span> <span class='ocrx_word' id='word_1_531' title='bbox 1215 3809 1414 3864; x_wconf 79' lang='grc' dir='ltr'>πάντα.</span> <span class='ocrx_word' id='word_1_532' title='bbox 1447 3809 1596 3880; x_wconf 80' lang='grc' dir='ltr'>Αὕτη</span> <span class='ocrx_word' id='word_1_533' title='bbox 1628 3812 1662 3881; x_wconf 77' lang='grc' dir='ltr'><strong>ἡ</strong></span> <span class='ocrx_word' id='word_1_534' title='bbox 1707 3810 1876 3880; x_wconf 75' lang='grc' dir='ltr'>Τριὰς</span> <span class='ocrx_word' id='word_1_535' title='bbox 1913 3811 1943 3860; x_wconf 77' lang='grc' dir='ltr'><strong>ὁ</strong></span> 
     </span>
    </p>
   </div>
   <div class='ocr_carea' id='block_1_72' title="bbox 373 3900 1944 3972">
    <p class='ocr_par' dir='ltr' id='par_1_72' title="bbox 373 3900 1944 3972">
     <span class='ocr_line' id='line_1_72' title="bbox 373 3900 1944 3972; baseline 0.003 -22"><span class='ocrx_word' id='word_1_536' title='bbox 373 3901 527 3961; x_wconf 65' lang='grc' dir='ltr'>θεὸς,</span> <span class='ocrx_word' id='word_1_537' title='bbox 569 3901 661 3952; x_wconf 76' lang='grc' dir='ltr'>καὶ</span> <span class='ocrx_word' id='word_1_538' title='bbox 714 3901 935 3952; x_wconf 82' lang='grc' dir='ltr'>πάντων</span> <span class='ocrx_word' id='word_1_539' title='bbox 985 3900 1096 3952; x_wconf 85' lang='grc' dir='ltr'><strong>τῶν</strong></span> <span class='ocrx_word' id='word_1_540' title='bbox 1135 3900 1304 3954; x_wconf 78' lang='grc' dir='ltr'>ὄντων</span> <span class='ocrx_word' id='word_1_541' title='bbox 1351 3900 1680 3972; x_wconf 81' lang='grc' dir='ltr'>προνοητὴς,</span> <span class='ocrx_word' id='word_1_542' title='bbox 1711 3902 1786 3965; x_wconf 85' lang='grc' dir='ltr'><strong>ὡς</strong></span> <span class='ocrx_word' id='word_1_543' title='bbox 1847 3901 1944 3954; x_wconf 80' lang='grc' dir='ltr'><strong>καὶ</strong></span> 
     </span>
    </p>
   </div>
   <div class='ocr_carea' id='block_1_73' title="bbox 371 3991 1939 4062">
    <p class='ocr_par' dir='ltr' id='par_1_73' title="bbox 371 3991 1939 4062">
     <span class='ocr_line' id='line_1_73' title="bbox 371 3991 1939 4062; baseline 0.003 -21"><span class='ocrx_word' id='word_1_544' title='bbox 371 3991 622 4058; x_wconf 77' lang='grc' dir='ltr'>ποιητὴς,</span> <span class='ocrx_word' id='word_1_545' title='bbox 670 3991 698 4042; x_wconf 82' lang='grc'>6</span> <span class='ocrx_word' id='word_1_546' title='bbox 745 3991 931 4061; x_wconf 77' lang='grc' dir='ltr'>Πατὴρ</span> <span class='ocrx_word' id='word_1_547' title='bbox 963 3991 1103 4062; x_wconf 86' lang='grc' dir='ltr'>μετὰ</span> <span class='ocrx_word' id='word_1_548' title='bbox 1134 3992 1228 4046; x_wconf 82' lang='grc' dir='ltr'>τοῦ</span> <span class='ocrx_word' id='word_1_549' title='bbox 1263 3993 1438 4062; x_wconf 69' lang='grc' dir='ltr'>Λόγου</span> <span class='ocrx_word' id='word_1_550' title='bbox 1476 3993 1569 4046; x_wconf 78' lang='grc' dir='ltr'><strong>καὶ</strong></span> <span class='ocrx_word' id='word_1_551' title='bbox 1601 3993 1939 4060; x_wconf 79' lang='grc' dir='ltr'>Πνεύματος,</span> 
     </span>
    </p>
   </div>
   <div class='ocr_carea' id='block_1_74' title="bbox 369 4079 1944 4155">
    <p class='ocr_par' dir='ltr' id='par_1_74' title="bbox 369 4079 1944 4155">
     <span class='ocr_line' id='line_1_74' title="bbox 369 4079 1944 4155; baseline 0.003 -27"><span class='ocrx_word' id='word_1_552' title='bbox 369 4079 444 4143; x_wconf 83' lang='grc' dir='ltr'>ὡς</span> <span class='ocrx_word' id='word_1_553' title='bbox 477 4083 568 4134; x_wconf 71' lang='grc' dir='ltr'>καὶ</span> <span class='ocrx_word' id='word_1_554' title='bbox 613 4081 662 4134; x_wconf 83' lang='lat' dir='ltr'><strong>oi</strong></span> <span class='ocrx_word' id='word_1_555' title='bbox 714 4084 993 4152; x_wconf 79' lang='grc' dir='ltr'>προφῆταί</span> <span class='ocrx_word' id='word_1_556' title='bbox 1033 4101 1188 4151; x_wconf 74' lang='grc' dir='ltr'>φασι,</span> <span class='ocrx_word' id='word_1_557' title='bbox 1223 4086 1314 4138; x_wconf 75' lang='grc' dir='ltr'>καὶ</span> <span class='ocrx_word' id='word_1_558' title='bbox 1343 4087 1402 4139; x_wconf 84' lang='grc' dir='ltr'><strong>τὸ</strong></span> <span class='ocrx_word' id='word_1_559' title='bbox 1435 4085 1763 4155; x_wconf 81' lang='grc' dir='ltr'>Εὑαγγέλιον</span> <span class='ocrx_word' id='word_1_560' title='bbox 1801 4085 1944 4138; x_wconf 74' lang='grc' dir='ltr'><strong>ἐκδε-</strong></span> 
     </span>
    </p>
   </div>
   <div class='ocr_carea' id='block_1_75' title="bbox 371 4173 588 4228">
    <p class='ocr_par' dir='ltr' id='par_1_75' title="bbox 371 4173 588 4228">
     <span class='ocr_line' id='line_1_75' title="bbox 371 4173 588 4228; baseline 0.014 -4"><span class='ocrx_word' id='word_1_561' title='bbox 371 4173 588 4228; x_wconf 77' lang='grc' dir='ltr'>δάσκει.</span> 
     </span>
    </p>
   </div>
   <div class='ocr_carea' id='block_1_76' title="bbox 441 4265 1942 4340">
    <p class='ocr_par' dir='ltr' id='par_1_76' title="bbox 441 4265 1942 4340">
     <span class='ocr_line' id='line_1_76' title="bbox 441 4265 1942 4340; baseline 0.006 -24"><span class='ocrx_word' id='word_1_562' title='bbox 441 4265 752 4334; x_wconf 81' lang='grc' dir='ltr'>Τέταρτον,</span> <span class='ocrx_word' id='word_1_563' title='bbox 791 4265 874 4319; x_wconf 82' lang='grc' dir='ltr'>ὅτι</span> <span class='ocrx_word' id='word_1_564' title='bbox 932 4265 1022 4318; x_wconf 74' lang='grc' dir='ltr'><strong>διὰ</strong></span> <span class='ocrx_word' id='word_1_565' title='bbox 1099 4267 1160 4319; x_wconf 72' lang='grc' dir='ltr'>τὸ</span> <span class='ocrx_word' id='word_1_566' title='bbox 1222 4268 1568 4338; x_wconf 74' lang='grc' dir='ltr'>προνοεῖσθαι</span> <span class='ocrx_word' id='word_1_567' title='bbox 1632 4269 1792 4340; x_wconf 81' lang='grc' dir='ltr'>ήμῶν</span> <span class='ocrx_word' id='word_1_568' title='bbox 1849 4271 1942 4326; x_wconf 74' lang='grc' dir='ltr'><strong>τὸν</strong></span> 
     </span>
    </p>
   </div>
   <div class='ocr_carea' id='block_1_77' title="bbox 369 4355 1944 4434">
    <p class='ocr_par' dir='ltr' id='par_1_77' title="bbox 369 4355 1944 4434">
     <span class='ocr_line' id='line_1_77' title="bbox 369 4355 1944 4434; baseline 0.005 -28"><span class='ocrx_word' id='word_1_569' title='bbox 369 4355 430 4408; x_wconf 78' lang='grc' dir='ltr'>ἐν</span> <span class='ocrx_word' id='word_1_570' title='bbox 479 4357 520 4406; x_wconf 87' lang='grc' dir='ltr'>Τ</span> <span class='ocrx_word' id='word_1_571' title='bbox 528 4357 666 4424; x_wconf 74' lang='grc' dir='ltr'>ριάδι</span> <span class='ocrx_word' id='word_1_572' title='bbox 731 4357 886 4420; x_wconf 80' lang='grc' dir='ltr'>Θεὸν,</span> <span class='ocrx_word' id='word_1_573' title='bbox 937 4359 1153 4430; x_wconf 74' lang='grc' dir='ltr'>εὐδοκία</span> <span class='ocrx_word' id='word_1_574' title='bbox 1212 4361 1446 4429; x_wconf 77' lang='grc' dir='ltr'>Πατρδς,</span> <span class='ocrx_word' id='word_1_575' title='bbox 1507 4361 1604 4416; x_wconf 78' lang='grc' dir='ltr'>καὶ</span> <span class='ocrx_word' id='word_1_576' title='bbox 1649 4364 1944 4434; x_wconf 81' lang='grc' dir='ltr'>συνεργείᾳ</span> 
     </span>
    </p>
   </div>
   <div class='ocr_carea' id='block_1_78' title="bbox 373 4447 1945 4526">
    <p class='ocr_par' dir='ltr' id='par_1_78' title="bbox 373 4447 1945 4526">
     <span class='ocr_line' id='line_1_78' title="bbox 373 4447 1945 4526; baseline 0.008 -28"><span class='ocrx_word' id='word_1_577' title='bbox 373 4447 710 4515; x_wconf 79' lang='grc' dir='ltr'>ΙΙνεύματος,</span> <span class='ocrx_word' id='word_1_578' title='bbox 739 4451 764 4501; x_wconf 78' lang='grc' dir='ltr'><strong>ὁ</strong></span> <span class='ocrx_word' id='word_1_579' title='bbox 805 4451 980 4517; x_wconf 79' lang='grc' dir='ltr'>Λόγος</span> <span class='ocrx_word' id='word_1_580' title='bbox 1013 4451 1192 4519; x_wconf 77' lang='grc' dir='ltr'>μένων</span> <span class='ocrx_word' id='word_1_581' title='bbox 1248 4453 1612 4517; x_wconf 78' lang='grc' dir='ltr'>ἀναλλοίωτος</span> <span class='ocrx_word' id='word_1_582' title='bbox 1643 4456 1738 4508; x_wconf 75' lang='grc' dir='ltr'><strong>καὶ</strong></span> <span class='ocrx_word' id='word_1_583' title='bbox 1775 4455 1945 4526; x_wconf 75' lang='grc' dir='ltr'>ἄτρε-</span> 
     </span>
    </p>
   </div>
   <div class='ocr_carea' id='block_1_79' title="bbox 373 4540 1942 4620">
    <p class='ocr_par' dir='ltr' id='par_1_79' title="bbox 373 4540 1942 4620">
     <span class='ocr_line' id='line_1_79' title="bbox 373 4540 1942 4620; baseline 0.008 -30"><span class='ocrx_word' id='word_1_584' title='bbox 373 4557 504 4600; x_wconf 81' lang='grc' dir='ltr'>πτος</span> <span class='ocrx_word' id='word_1_585' title='bbox 555 4543 620 4610; x_wconf 81' lang='grc' dir='ltr'>τῇ</span> <span class='ocrx_word' id='word_1_586' title='bbox 662 4540 900 4609; x_wconf 71' lang='grc' dir='ltr'>θεότητι,</span> <span class='ocrx_word' id='word_1_587' title='bbox 933 4543 1158 4606; x_wconf 74' lang='grc' dir='ltr'>ἀπαθῶς</span> <span class='ocrx_word' id='word_1_588' title='bbox 1195 4546 1289 4596; x_wconf 83' lang='grc' dir='ltr'><strong>καὶ</strong></span> <span class='ocrx_word' id='word_1_589' title='bbox 1327 4547 1646 4616; x_wconf 50' lang='lat' dir='ltr'><strong>aptatam);</strong></span> <span class='ocrx_word' id='word_1_590' title='bbox 1698 4547 1766 4600; x_wconf 85' lang='grc' dir='ltr'><strong>δι’</strong></span> <span class='ocrx_word' id='word_1_591' title='bbox 1794 4551 1942 4620; x_wconf 75' lang='grc' dir='ltr'>ἡμᾶς</span> 
     </span>
    </p>
   </div>
   <div class='ocr_carea' id='block_1_80' title="bbox 373 4631 1944 4710">
    <p class='ocr_par' dir='ltr' id='par_1_80' title="bbox 373 4631 1944 4710">
     <span class='ocr_line' id='line_1_80' title="bbox 373 4631 1944 4710; baseline 0.008 -30"><span class='ocrx_word' id='word_1_592' title='bbox 373 4631 590 4694; x_wconf 78' lang='grc' dir='ltr'>ἐγένετο</span> <span class='ocrx_word' id='word_1_593' title='bbox 628 4631 788 4700; x_wconf 65' lang='grc' dir='ltr'>σὰρξ,</span> <span class='ocrx_word' id='word_1_594' title='bbox 835 4636 1048 4688; x_wconf 67' lang='grc' dir='ltr'>τελείαν</span> <span class='ocrx_word' id='word_1_595' title='bbox 1089 4636 1186 4706; x_wconf 83' lang='grc' dir='ltr'>τὴν</span> <span class='ocrx_word' id='word_1_596' title='bbox 1222 4637 1383 4704; x_wconf 81' lang='grc' dir='ltr'>φύσιν</span> <span class='ocrx_word' id='word_1_597' title='bbox 1433 4637 1592 4708; x_wconf 81' lang='grc' dir='ltr'>ἡμῶν</span> <span class='ocrx_word' id='word_1_598' title='bbox 1637 4639 1944 4710; x_wconf 79' lang='grc' dir='ltr'>προσλαϐό-</span> 
     </span>
    </p>
   </div>
   <div class='ocr_carea' id='block_1_81' title="bbox 2051 3445 3618 3516">
    <p class='ocr_par' dir='ltr' id='par_1_81' title="bbox 2051 3445 3618 3516">
     <span class='ocr_line' id='line_1_81' title="bbox 2051 3445 3618 3516; baseline 0.001 -20"><span class='ocrx_word' id='word_1_599' title='bbox 2051 3453 2274 3496; x_wconf 79' lang='lat' dir='ltr'><strong>rreator</strong></span> <span class='ocrx_word' id='word_1_600' title='bbox 2309 3453 2394 3500; x_wconf 90' lang='lat' dir='ltr'><strong>est</strong></span> <span class='ocrx_word' id='word_1_601' title='bbox 2422 3445 2666 3498; x_wconf 89' lang='lat' dir='ltr'><strong>omnium</strong></span> <span class='ocrx_word' id='word_1_602' title='bbox 2691 3453 2744 3498; x_wconf 91' lang='lat' dir='ltr'><strong>et</strong></span> <span class='ocrx_word' id='word_1_603' title='bbox 2771 3445 2973 3513; x_wconf 81' lang='lat' dir='ltr'><strong>opifex,</strong></span> <span class='ocrx_word' id='word_1_604' title='bbox 3004 3461 3126 3516; x_wconf 61' lang='lat' dir='ltr'><strong>quae</strong></span> <span class='ocrx_word' id='word_1_605' title='bbox 3153 3455 3346 3502; x_wconf 72' lang='lat' dir='ltr'><strong>cuncta</strong></span> <span class='ocrx_word' id='word_1_606' title='bbox 3373 3465 3436 3501; x_wconf 86' lang='lat' dir='ltr'><strong>ex</strong></span> <span class='ocrx_word' id='word_1_607' title='bbox 3471 3448 3580 3502; x_wconf 87' lang='lat' dir='ltr'><strong>nibi</strong></span> <span class='ocrx_word' id='word_1_608' title='bbox 3603 3479 3618 3490; x_wconf 55' lang='grc' dir='ltr'>δ</span> 
     </span>
    </p>
   </div>
   <div class='ocr_carea' id='block_1_82' title="bbox 2051 3533 3620 3604">
    <p class='ocr_par' dir='ltr' id='par_1_82' title="bbox 2051 3533 3620 3604">
     <span class='ocr_line' id='line_1_82' title="bbox 2051 3533 3620 3604; baseline 0.003 -17"><span class='ocrx_word' id='word_1_609' title='bbox 2051 3534 2104 3587; x_wconf 91' lang='lat' dir='ltr'><strong>lo</strong></span> <span class='ocrx_word' id='word_1_610' title='bbox 2141 3533 2418 3604; x_wconf 83' lang='lat' dir='ltr'><strong>produxit,</strong></span> <span class='ocrx_word' id='word_1_611' title='bbox 2477 3535 2836 3604; x_wconf 71' lang='lat' dir='ltr'><strong>intelligibilia</strong></span> <span class='ocrx_word' id='word_1_612' title='bbox 2862 3545 2916 3590; x_wconf 88' lang='lat' dir='ltr'><strong>et</strong></span> <span class='ocrx_word' id='word_1_613' title='bbox 2954 3538 3258 3601; x_wconf 84' lang='lat' dir='ltr'><strong>sensibilia,</strong></span> <span class='ocrx_word' id='word_1_614' title='bbox 3291 3539 3526 3592; x_wconf 87' lang='lat' dir='ltr'><strong>visibilia</strong></span> <span class='ocrx_word' id='word_1_615' title='bbox 3562 3548 3620 3592; x_wconf 79' lang='lat' dir='ltr'><strong>et.</strong></span> 
     </span>
    </p>
   </div>
   <div class='ocr_carea' id='block_1_83' title="bbox 2051 3625 3616 3696">
    <p class='ocr_par' dir='ltr' id='par_1_83' title="bbox 2051 3625 3616 3696">
     <span class='ocr_line' id='line_1_83' title="bbox 2051 3625 3616 3696; baseline 0.005 -20"><span class='ocrx_word' id='word_1_616' title='bbox 2051 3625 2384 3692; x_wconf 86' lang='lat' dir='ltr'><strong>invisibilia;</strong></span> <span class='ocrx_word' id='word_1_617' title='bbox 2437 3625 2490 3678; x_wconf 94' lang='lat' dir='ltr'><strong>in</strong></span> <span class='ocrx_word' id='word_1_618' title='bbox 2549 3633 2791 3694; x_wconf 88' lang='lat' dir='ltr'><strong>tempore</strong></span> <span class='ocrx_word' id='word_1_619' title='bbox 2829 3627 2957 3680; x_wconf 86' lang='lat' dir='ltr'><strong>fecit</strong></span> <span class='ocrx_word' id='word_1_620' title='bbox 2997 3628 3178 3681; x_wconf 86' lang='lat' dir='ltr'><strong>omnia</strong></span> <span class='ocrx_word' id='word_1_621' title='bbox 3219 3629 3440 3696; x_wconf 81' lang='lat' dir='ltr'><strong>quando</strong></span> <span class='ocrx_word' id='word_1_622' title='bbox 3497 3629 3616 3694; x_wconf 81' lang='lat' dir='ltr'><strong>ipsa</strong></span> 
     </span>
    </p>
   </div>
   <div class='ocr_carea' id='block_1_84' title="bbox 2050 3718 3618 3789">
    <p class='ocr_par' dir='ltr' id='par_1_84' title="bbox 2050 3718 3618 3789">
     <span class='ocr_line' id='line_1_84' title="bbox 2050 3718 3618 3789; baseline 0.005 -23"><span class='ocrx_word' id='word_1_623' title='bbox 2050 3718 2221 3770; x_wconf 72' lang='lat' dir='ltr'><strong>voluit</strong></span> <span class='ocrx_word' id='word_1_624' title='bbox 2254 3731 2426 3786; x_wconf 87' lang='lat' dir='ltr'><strong>neque</strong></span> <span class='ocrx_word' id='word_1_625' title='bbox 2455 3719 2757 3774; x_wconf 87' lang='lat' dir='ltr'><strong>secundum</strong></span> <span class='ocrx_word' id='word_1_626' title='bbox 2793 3719 3023 3775; x_wconf 87' lang='lat' dir='ltr'><strong>formam</strong></span> <span class='ocrx_word' id='word_1_627' title='bbox 3067 3721 3362 3789; x_wconf 82' lang='lat' dir='ltr'><strong>quamdam</strong></span> <span class='ocrx_word' id='word_1_628' title='bbox 3399 3735 3618 3789; x_wconf 67' lang='lat' dir='ltr'><strong>praecx-</strong></span> 
     </span>
    </p>
   </div>
   <div class='ocr_carea' id='block_1_85' title="bbox 2050 3810 3616 3880">
    <p class='ocr_par' dir='ltr' id='par_1_85' title="bbox 2050 3810 3616 3880">
     <span class='ocr_line' id='line_1_85' title="bbox 2050 3810 3616 3880; baseline 0.003 -20"><span class='ocrx_word' id='word_1_629' title='bbox 2050 3810 2358 3870; x_wconf 85' lang='lat' dir='ltr'><strong>sistentem,</strong></span> <span class='ocrx_word' id='word_1_630' title='bbox 2389 3823 2568 3878; x_wconf 86' lang='lat' dir='ltr'><strong>neque</strong></span> <span class='ocrx_word' id='word_1_631' title='bbox 2607 3823 2673 3862; x_wconf 78' lang='lat' dir='ltr'><strong>ex</strong></span> <span class='ocrx_word' id='word_1_632' title='bbox 2707 3812 2930 3864; x_wconf 80' lang='lat' dir='ltr'><strong>materia</strong></span> <span class='ocrx_word' id='word_1_633' title='bbox 2962 3825 3082 3879; x_wconf 70' lang='lat' dir='ltr'><strong>quae</strong></span> <span class='ocrx_word' id='word_1_634' title='bbox 3119 3811 3282 3865; x_wconf 88' lang='lat' dir='ltr'><strong>fuerit</strong></span> <span class='ocrx_word' id='word_1_635' title='bbox 3321 3811 3494 3880; x_wconf 83' lang='lat' dir='ltr'><strong>prius,</strong></span> <span class='ocrx_word' id='word_1_636' title='bbox 3523 3814 3616 3866; x_wconf 83' lang='lat' dir='ltr'><strong>sed</strong></span> 
     </span>
    </p>
   </div>
   <div class='ocr_carea' id='block_1_86' title="bbox 2051 3897 3616 3969">
    <p class='ocr_par' dir='ltr' id='par_1_86' title="bbox 2051 3897 3616 3969">
     <span class='ocr_line' id='line_1_86' title="bbox 2051 3897 3616 3969; baseline 0.003 -18"><span class='ocrx_word' id='word_1_637' title='bbox 2051 3913 2112 3951; x_wconf 86' lang='lat' dir='ltr'><strong>ex</strong></span> <span class='ocrx_word' id='word_1_638' title='bbox 2152 3899 2321 3952; x_wconf 90' lang='lat' dir='ltr'><strong>nihilo</strong></span> <span class='ocrx_word' id='word_1_639' title='bbox 2348 3897 2476 3952; x_wconf 90' lang='lat' dir='ltr'><strong>fecit</strong></span> <span class='ocrx_word' id='word_1_640' title='bbox 2508 3901 2714 3954; x_wconf 85' lang='lat' dir='ltr'><strong>omnia.</strong></span> <span class='ocrx_word' id='word_1_641' title='bbox 2745 3899 2862 3969; x_wconf 81' lang='lat' dir='ltr'><strong>ipsa</strong></span> <span class='ocrx_word' id='word_1_642' title='bbox 2893 3903 3155 3968; x_wconf 87' lang='lat' dir='ltr'><strong>Trinitas,</strong></span> <span class='ocrx_word' id='word_1_643' title='bbox 3201 3919 3340 3956; x_wconf 90' lang='lat' dir='ltr'><strong>unus</strong></span> <span class='ocrx_word' id='word_1_644' title='bbox 3379 3904 3520 3957; x_wconf 82' lang='lat' dir='ltr'><strong>Dens</strong></span> <span class='ocrx_word' id='word_1_645' title='bbox 3555 3919 3616 3956; x_wconf 82' lang='lat' dir='ltr'><strong>ea</strong></span> 
     </span>
    </p>
   </div>
   <div class='ocr_carea' id='block_1_87' title="bbox 2050 3989 3618 4063">
    <p class='ocr_par' dir='ltr' id='par_1_87' title="bbox 2050 3989 3618 4063">
     <span class='ocr_line' id='line_1_87' title="bbox 2050 3989 3618 4063; baseline 0.002 -18"><span class='ocrx_word' id='word_1_646' title='bbox 2050 3991 2376 4060; x_wconf 69' lang='lat' dir='ltr'><strong>excogitavit</strong></span> <span class='ocrx_word' id='word_1_647' title='bbox 2401 3999 2453 4044; x_wconf 88' lang='lat' dir='ltr'><strong>et</strong></span> <span class='ocrx_word' id='word_1_648' title='bbox 2477 3989 2644 4057; x_wconf 85' lang='lat' dir='ltr'><strong>fecit;</strong></span> <span class='ocrx_word' id='word_1_649' title='bbox 2691 3991 2845 4046; x_wconf 83' lang='lat' dir='ltr'><strong>Pater</strong></span> <span class='ocrx_word' id='word_1_650' title='bbox 2879 3993 3093 4048; x_wconf 80' lang='lat' dir='ltr'><strong>scilicet</strong></span> <span class='ocrx_word' id='word_1_651' title='bbox 3148 4010 3242 4063; x_wconf 87' lang='lat' dir='ltr'><strong>per</strong></span> <span class='ocrx_word' id='word_1_652' title='bbox 3295 3993 3530 4048; x_wconf 82' lang='lat' dir='ltr'><strong>Verbum</strong></span> <span class='ocrx_word' id='word_1_653' title='bbox 3563 4005 3618 4048; x_wconf 91' lang='lat' dir='ltr'><strong>ct</strong></span> 
     </span>
    </p>
   </div>
   <div class='ocr_carea' id='block_1_88' title="bbox 2054 4081 3612 4154">
    <p class='ocr_par' dir='ltr' id='par_1_88' title="bbox 2054 4081 3612 4154">
     <span class='ocr_line' id='line_1_88' title="bbox 2054 4081 3612 4154; baseline 0.002 -19"><span class='ocrx_word' id='word_1_654' title='bbox 2054 4081 2338 4150; x_wconf 82' lang='lat' dir='ltr'><strong>Spiritum,</strong></span> <span class='ocrx_word' id='word_1_655' title='bbox 2375 4090 2434 4134; x_wconf 90' lang='lat' dir='ltr'><strong>ut</strong></span> <span class='ocrx_word' id='word_1_656' title='bbox 2463 4081 2761 4148; x_wconf 79' lang='lat' dir='ltr'><strong>loquuntur</strong></span> <span class='ocrx_word' id='word_1_657' title='bbox 2811 4083 3088 4154; x_wconf 66' lang='lat' dir='ltr'><strong>prephetm</strong></span> <span class='ocrx_word' id='word_1_658' title='bbox 3117 4093 3172 4139; x_wconf 90' lang='lat' dir='ltr'><strong>et</strong></span> <span class='ocrx_word' id='word_1_659' title='bbox 3222 4083 3384 4140; x_wconf 83' lang='lat' dir='ltr'><strong>docet</strong></span> <span class='ocrx_word' id='word_1_660' title='bbox 3437 4084 3612 4140; x_wconf 85' lang='lat' dir='ltr'><strong>Evan-</strong></span> 
     </span>
    </p>
   </div>
   <div class='ocr_carea' id='block_1_89' title="bbox 2049 4173 2275 4242">
    <p class='ocr_par' dir='ltr' id='par_1_89' title="bbox 2049 4173 2275 4242">
     <span class='ocr_line' id='line_1_89' title="bbox 2049 4173 2275 4242; baseline -0.009 -16"><span class='ocrx_word' id='word_1_661' title='bbox 2049 4173 2275 4242; x_wconf 73' lang='lat' dir='ltr'><strong>gelium.</strong></span> 
     </span>
    </p>
   </div>
   <div class='ocr_carea' id='block_1_90' title="bbox 2123 4264 3619 4340">
    <p class='ocr_par' dir='ltr' id='par_1_90' title="bbox 2123 4264 3619 4340">
     <span class='ocr_line' id='line_1_90' title="bbox 2123 4264 3619 4340; baseline 0.005 -20"><span class='ocrx_word' id='word_1_662' title='bbox 2123 4264 2356 4332; x_wconf 78' lang='lat' dir='ltr'><strong>Cognito</strong></span> <span class='ocrx_word' id='word_1_663' title='bbox 2387 4265 2498 4332; x_wconf 87' lang='lat' dir='ltr'><strong>jam</strong></span> <span class='ocrx_word' id='word_1_664' title='bbox 2529 4266 2690 4322; x_wconf 85' lang='lat' dir='ltr'><strong>nobis</strong></span> <span class='ocrx_word' id='word_1_665' title='bbox 2739 4281 2848 4322; x_wconf 89' lang='lat' dir='ltr'><strong>uno</strong></span> <span class='ocrx_word' id='word_1_666' title='bbox 2909 4267 3162 4340; x_wconf 81' lang='lat' dir='ltr'><strong>uinoque</strong></span> <span class='ocrx_word' id='word_1_667' title='bbox 3216 4271 3467 4339; x_wconf 84' lang='lat' dir='ltr'><strong>personis</strong></span> <span class='ocrx_word' id='word_1_668' title='bbox 3489 4269 3619 4328; x_wconf 84' lang='lat' dir='ltr'><strong>Deo.</strong></span> 
     </span>
    </p>
   </div>
   <div class='ocr_carea' id='block_1_91' title="bbox 2055 4358 3622 4428">
    <p class='ocr_par' dir='ltr' id='par_1_91' title="bbox 2055 4358 3622 4428">
     <span class='ocr_line' id='line_1_91' title="bbox 2055 4358 3622 4428; baseline 0.003 -18"><span class='ocrx_word' id='word_1_669' title='bbox 2055 4365 2306 4426; x_wconf 87' lang='lat' dir='ltr'><strong>quartum</strong></span> <span class='ocrx_word' id='word_1_670' title='bbox 2361 4365 2526 4427; x_wconf 89' lang='lat' dir='ltr'><strong>caput</strong></span> <span class='ocrx_word' id='word_1_671' title='bbox 2565 4372 2668 4412; x_wconf 86' lang='lat' dir='ltr'><strong>nos</strong></span> <span class='ocrx_word' id='word_1_672' title='bbox 2701 4358 2882 4425; x_wconf 89' lang='lat' dir='ltr'><strong>docet,</strong></span> <span class='ocrx_word' id='word_1_673' title='bbox 2919 4361 3046 4428; x_wconf 80' lang='lat' dir='ltr'><strong>quia</strong></span> <span class='ocrx_word' id='word_1_674' title='bbox 3109 4361 3392 4418; x_wconf 86' lang='lat' dir='ltr'><strong>voluntate</strong></span> <span class='ocrx_word' id='word_1_675' title='bbox 3445 4363 3622 4417; x_wconf 54' lang='lat' dir='ltr'><strong>Patris-</strong></span> 
     </span>
    </p>
   </div>
   <div class='ocr_carea' id='block_1_92' title="bbox 2049 4447 3622 4519">
    <p class='ocr_par' dir='ltr' id='par_1_92' title="bbox 2049 4447 3622 4519">
     <span class='ocr_line' id='line_1_92' title="bbox 2049 4447 3622 4519; baseline 0.005 -19"><span class='ocrx_word' id='word_1_676' title='bbox 2049 4459 2102 4502; x_wconf 84' lang='lat' dir='ltr'><strong>et</strong></span> <span class='ocrx_word' id='word_1_677' title='bbox 2147 4449 2466 4516; x_wconf 88' lang='lat' dir='ltr'><strong>operatione</strong></span> <span class='ocrx_word' id='word_1_678' title='bbox 2498 4447 2752 4519; x_wconf 86' lang='lat' dir='ltr'><strong>Spiritus,</strong></span> <span class='ocrx_word' id='word_1_679' title='bbox 2771 4448 3006 4506; x_wconf 82' lang='lat' dir='ltr'><strong>Verbum</strong></span> <span class='ocrx_word' id='word_1_680' title='bbox 3031 4451 3170 4508; x_wconf 89' lang='lat' dir='ltr'><strong>idem</strong></span> <span class='ocrx_word' id='word_1_681' title='bbox 3203 4462 3256 4509; x_wconf 88' lang='lat' dir='ltr'><strong>et</strong></span> <span class='ocrx_word' id='word_1_682' title='bbox 3280 4455 3622 4510; x_wconf 73' lang='lat' dir='ltr'><strong>immutabile</strong></span> 
     </span>
    </p>
   </div>
   <div class='ocr_carea' id='block_1_93' title="bbox 2051 4541 3614 4617">
    <p class='ocr_par' dir='ltr' id='par_1_93' title="bbox 2051 4541 3614 4617">
     <span class='ocr_line' id='line_1_93' title="bbox 2051 4541 3614 4617; baseline 0.004 -23"><span class='ocrx_word' id='word_1_683' title='bbox 2051 4555 2376 4610; x_wconf 75' lang='lat' dir='ltr'><strong>permanens</strong></span> <span class='ocrx_word' id='word_1_684' title='bbox 2422 4541 2726 4608; x_wconf 84' lang='lat' dir='ltr'><strong>divinitate,</strong></span> <span class='ocrx_word' id='word_1_685' title='bbox 2757 4542 3094 4614; x_wconf 85' lang='lat' dir='ltr'><strong>impassibile</strong></span> <span class='ocrx_word' id='word_1_686' title='bbox 3155 4547 3614 4617; x_wconf 83' lang='lat' dir='ltr'><strong>etincorruptnm</strong></span> 
     </span>
    </p>
   </div>
   <div class='ocr_carea' id='block_1_94' title="bbox 2053 4635 3612 4708">
    <p class='ocr_par' dir='ltr' id='par_1_94' title="bbox 2053 4635 3612 4708">
     <span class='ocr_line' id='line_1_94' title="bbox 2053 4635 3612 4708; baseline 0.003 -22"><span class='ocrx_word' id='word_1_687' title='bbox 2053 4643 2278 4703; x_wconf 81' lang='lat' dir='ltr'><strong>propter</strong></span> <span class='ocrx_word' id='word_1_688' title='bbox 2342 4649 2446 4690; x_wconf 88' lang='lat' dir='ltr'><strong>nos</strong></span> <span class='ocrx_word' id='word_1_689' title='bbox 2479 4649 2609 4690; x_wconf 90' lang='lat' dir='ltr'><strong>caro</strong></span> <span class='ocrx_word' id='word_1_690' title='bbox 2646 4635 2852 4692; x_wconf 88' lang='lat' dir='ltr'><strong>factum</strong></span> <span class='ocrx_word' id='word_1_691' title='bbox 2897 4646 3002 4701; x_wconf 89' lang='lat' dir='ltr'><strong>est,</strong></span> <span class='ocrx_word' id='word_1_692' title='bbox 3051 4638 3318 4708; x_wconf 75' lang='lat' dir='ltr'><strong>integram</strong></span> <span class='ocrx_word' id='word_1_693' title='bbox 3369 4653 3612 4694; x_wconf 85' lang='lat' dir='ltr'><strong>nostram</strong></span> 
     </span>
    </p>
   </div>
   <div class='ocr_carea' id='block_1_95' title="bbox 379 4715 1941 4802">
    <p class='ocr_par' dir='ltr' id='par_1_95' title="bbox 379 4721 1941 4802">
     <span class='ocr_line' id='line_1_95' title="bbox 379 4721 1941 4802; baseline 0.009 -32"><span class='ocrx_word' id='word_1_694' title='bbox 379 4739 539 4790; x_wconf 70' lang='grc' dir='ltr'>μενος</span> <span class='ocrx_word' id='word_1_695' title='bbox 599 4721 658 4802; x_wconf 25' lang='grc' dir='ltr'><strong>ὲσξ</strong></span> <span class='ocrx_word' id='word_1_696' title='bbox 713 4724 876 4789; x_wconf 77' lang='grc' dir='ltr'>ἁγίας</span> <span class='ocrx_word' id='word_1_697' title='bbox 915 4727 1212 4792; x_wconf 78' lang='grc' dir='ltr'>γυναικὸς,</span> <span class='ocrx_word' id='word_1_698' title='bbox 1275 4729 1436 4798; x_wconf 84' lang='grc' dir='ltr'>σῶμα</span> <span class='ocrx_word' id='word_1_699' title='bbox 1475 4729 1742 4800; x_wconf 80' lang='grc' dir='ltr'>ἔμψυχον,</span> <span class='ocrx_word' id='word_1_700' title='bbox 1794 4731 1941 4802; x_wconf 76' lang='grc' dir='ltr'><strong>ψυχῇ</strong></span> 
     </span>
    </p>
   </div>
   <div class='ocr_carea' id='block_1_96' title="bbox 2048 4715 3614 4802">
    <p class='ocr_par' dir='ltr' id='par_1_96' title="bbox 2048 4727 3614 4798">
     <span class='ocr_line' id='line_1_96' title="bbox 2048 4727 3614 4798; baseline 0.004 -20"><span class='ocrx_word' id='word_1_701' title='bbox 2048 4736 2296 4780; x_wconf 88' lang='lat' dir='ltr'><strong>naturam</strong></span> <span class='ocrx_word' id='word_1_702' title='bbox 2328 4727 2606 4796; x_wconf 82' lang='lat' dir='ltr'><strong>accipiens</strong></span> <span class='ocrx_word' id='word_1_703' title='bbox 2653 4742 2719 4782; x_wconf 83' lang='lat' dir='ltr'><strong>ex</strong></span> <span class='ocrx_word' id='word_1_704' title='bbox 2754 4729 2980 4784; x_wconf 88' lang='lat' dir='ltr'><strong>muliere</strong></span> <span class='ocrx_word' id='word_1_705' title='bbox 3012 4737 3234 4784; x_wconf 84' lang='lat' dir='ltr'><strong>sancta:</strong></span> <span class='ocrx_word' id='word_1_706' title='bbox 3271 4745 3472 4798; x_wconf 84' lang='lat' dir='ltr'><strong>corpus</strong></span> <span class='ocrx_word' id='word_1_707' title='bbox 3503 4733 3614 4785; x_wconf 83' lang='lat' dir='ltr'><strong>sci-</strong></span> 
     </span>
    </p>
   </div>
   <div class='ocr_carea' id='block_1_97' title="bbox 373 4811 1945 4890">
    <p class='ocr_par' dir='ltr' id='par_1_97' title="bbox 373 4811 1945 4890">
     <span class='ocr_line' id='line_1_97' title="bbox 373 4811 1945 4890; baseline 0.008 -30"><span class='ocrx_word' id='word_1_708' title='bbox 373 4811 652 4880; x_wconf 72' lang='grc' dir='ltr'>ᾐνωμένον</span> <span class='ocrx_word' id='word_1_709' title='bbox 703 4815 866 4886; x_wconf 75' lang='grc' dir='ltr'>νοερᾷ</span> <span class='ocrx_word' id='word_1_710' title='bbox 910 4817 1007 4868; x_wconf 80' lang='grc' dir='ltr'>καὶ</span> <span class='ocrx_word' id='word_1_711' title='bbox 1045 4816 1305 4888; x_wconf 82' lang='grc' dir='ltr'>θελητικῇ</span> <span class='ocrx_word' id='word_1_712' title='bbox 1334 4857 1350 4884; x_wconf 85' lang='grc'><strong>,</strong></span> <span class='ocrx_word' id='word_1_713' title='bbox 1384 4820 1502 4872; x_wconf 84' lang='grc' dir='ltr'>ὅλον</span> <span class='ocrx_word' id='word_1_714' title='bbox 1534 4821 1626 4874; x_wconf 78' lang='grc' dir='ltr'><strong>τὸν</strong></span> <span class='ocrx_word' id='word_1_715' title='bbox 1655 4819 1945 4890; x_wconf 75' lang='grc' dir='ltr'>ἄνθρωπον</span> 
     </span>
    </p>
   </div>
   <div class='ocr_carea' id='block_1_98' title="bbox 373 4905 1946 4978">
    <p class='ocr_par' dir='ltr' id='par_1_98' title="bbox 373 4905 1946 4978">
     <span class='ocr_line' id='line_1_98' title="bbox 373 4905 1946 4978; baseline 0.006 -20"><span class='ocrx_word' id='word_1_716' title='bbox 373 4905 619 4970; x_wconf 46' lang='grc' dir='ltr'>ἀνάξων</span> <span class='ocrx_word' id='word_1_717' title='bbox 667 4905 762 4957; x_wconf 82' lang='grc' dir='ltr'><strong>καὶ</strong></span> <span class='ocrx_word' id='word_1_718' title='bbox 814 4908 841 4960; x_wconf 85' lang='grc' dir='ltr'>ὁ</span> <span class='ocrx_word' id='word_1_719' title='bbox 894 4906 1102 4970; x_wconf 75' lang='grc' dir='ltr'>ἁπλοῦς</span> <span class='ocrx_word' id='word_1_720' title='bbox 1147 4911 1370 4976; x_wconf 80' lang='grc' dir='ltr'>γέγονεν</span> <span class='ocrx_word' id='word_1_721' title='bbox 1420 4909 1660 4978; x_wconf 81' lang='grc' dir='ltr'>διπλοῦς,</span> <span class='ocrx_word' id='word_1_722' title='bbox 1717 4912 1812 4966; x_wconf 78' lang='grc' dir='ltr'>καὶ</span> <span class='ocrx_word' id='word_1_723' title='bbox 1863 4909 1946 4978; x_wconf 71' lang='grc' dir='ltr'>εἷς</span> 
     </span>
    </p>
   </div>
   <div class='ocr_carea' id='block_1_99' title="bbox 371 4999 1402 5073">
    <p class='ocr_par' dir='ltr' id='par_1_99' title="bbox 371 4999 1402 5073">
     <span class='ocr_line' id='line_1_99' title="bbox 371 4999 1402 5073; baseline 0.01 -23"><span class='ocrx_word' id='word_1_724' title='bbox 371 4999 519 5050; x_wconf 75' lang='grc' dir='ltr'>ἐστιν</span> <span class='ocrx_word' id='word_1_725' title='bbox 551 5001 612 5050; x_wconf 82' lang='grc' dir='ltr'>ἐκ</span> <span class='ocrx_word' id='word_1_726' title='bbox 641 4999 732 5052; x_wconf 75' lang='grc' dir='ltr'><strong>δύο</strong></span> <span class='ocrx_word' id='word_1_727' title='bbox 764 5001 985 5054; x_wconf 78' lang='grc' dir='ltr'>τελείων</span> <span class='ocrx_word' id='word_1_728' title='bbox 1021 5003 1128 5056; x_wconf 85' lang='grc' dir='ltr'>τῶν</span> <span class='ocrx_word' id='word_1_729' title='bbox 1162 5003 1402 5073; x_wconf 79' lang='grc' dir='ltr'><strong>φύσεων.</strong></span> 
     </span>
    </p>
   </div>
   <div class='ocr_carea' id='block_1_100' title="bbox 447 5159 1946 5256">
    <p class='ocr_par' dir='ltr' id='par_1_100' title="bbox 447 5159 1946 5256">
     <span class='ocr_line' id='line_1_100' title="bbox 447 5159 1946 5256; baseline 0.009 -30"><span class='ocrx_word' id='word_1_730' title='bbox 447 5177 722 5242; x_wconf 75' lang='grc' dir='ltr'>Πέμπτον,</span> <span class='ocrx_word' id='word_1_731' title='bbox 743 5177 826 5230; x_wconf 77' lang='grc' dir='ltr'>ὅτι</span> <span class='ocrx_word' id='word_1_732' title='bbox 855 5179 920 5231; x_wconf 69' lang='grc' dir='ltr'><strong>ἐκ</strong></span> <span class='ocrx_word' id='word_1_733' title='bbox 937 5180 1210 5248; x_wconf 71' lang='grc' dir='ltr'>Παρθένου</span> <span class='ocrx_word' id='word_1_734' title='bbox 1240 5159 1489 5252; x_wconf 69' lang='grc' dir='ltr'>ἀσπόρως</span> <span class='ocrx_word' id='word_1_735' title='bbox 1515 5187 1946 5256; x_wconf 76' lang='grc' dir='ltr'>γεγέννηται,μὴ</span> 
     </span>
    </p>
   </div>
   <div class='ocr_carea' id='block_1_101' title="bbox 374 5267 1944 5344">
    <p class='ocr_par' dir='ltr' id='par_1_101' title="bbox 374 5267 1944 5344">
     <span class='ocr_line' id='line_1_101' title="bbox 374 5267 1944 5344; baseline 0.009 -28"><span class='ocrx_word' id='word_1_736' title='bbox 374 5269 566 5334; x_wconf 78' lang='grc' dir='ltr'>πεῖραν</span> <span class='ocrx_word' id='word_1_737' title='bbox 611 5267 880 5338; x_wconf 71' lang='grc' dir='ltr'>λαϐούσης</span> <span class='ocrx_word' id='word_1_738' title='bbox 933 5271 1147 5340; x_wconf 70' lang='grc' dir='ltr'>ἀνδρὸς,</span> <span class='ocrx_word' id='word_1_739' title='bbox 1193 5273 1266 5334; x_wconf 85' lang='grc' dir='ltr'>ὼς</span> <span class='ocrx_word' id='word_1_740' title='bbox 1323 5277 1416 5328; x_wconf 74' lang='grc' dir='ltr'><strong>καὶ</strong></span> <span class='ocrx_word' id='word_1_741' title='bbox 1459 5279 1566 5344; x_wconf 72' lang='grc' dir='ltr'><strong>πρὸ</strong></span> <span class='ocrx_word' id='word_1_742' title='bbox 1615 5279 1796 5338; x_wconf 79' lang='grc' dir='ltr'>τόκου.</span> <span class='ocrx_word' id='word_1_743' title='bbox 1850 5281 1944 5332; x_wconf 80' lang='grc' dir='ltr'><strong>καὶ</strong></span> 
     </span>
    </p>
   </div>
   <div class='ocr_carea' id='block_1_102' title="bbox 375 5359 1916 5438">
    <p class='ocr_par' dir='ltr' id='par_1_102' title="bbox 375 5359 1916 5438">
     <span class='ocr_line' id='line_1_102' title="bbox 375 5359 1916 5438; baseline 0.009 -29"><span class='ocrx_word' id='word_1_744' title='bbox 375 5359 432 5409; x_wconf 81' lang='grc' dir='ltr'>ἐν</span> <span class='ocrx_word' id='word_1_745' title='bbox 461 5361 600 5428; x_wconf 68' lang='grc' dir='ltr'><strong>τόκῳ</strong></span> <span class='ocrx_word' id='word_1_746' title='bbox 630 5359 723 5410; x_wconf 77' lang='grc' dir='ltr'>καὶ</span> <span class='ocrx_word' id='word_1_747' title='bbox 755 5361 895 5428; x_wconf 84' lang='grc' dir='ltr'>μετὰ</span> <span class='ocrx_word' id='word_1_748' title='bbox 925 5364 1084 5414; x_wconf 73' lang='grc' dir='ltr'>τόκον</span> <span class='ocrx_word' id='word_1_749' title='bbox 1128 5364 1368 5432; x_wconf 75' lang='grc' dir='ltr'>φυλάξας</span> <span class='ocrx_word' id='word_1_750' title='bbox 1409 5368 1580 5420; x_wconf 61' lang='grc' dir='ltr'>αὐτὴν</span> <span class='ocrx_word' id='word_1_751' title='bbox 1623 5369 1916 5438; x_wconf 82' lang='grc' dir='ltr'>Παρθένον.</span> 
     </span>
    </p>
   </div>
   <div class='ocr_carea' id='block_1_103' title="bbox 449 5539 1938 5612">
    <p class='ocr_par' dir='ltr' id='par_1_103' title="bbox 449 5539 1938 5612">
     <span class='ocr_line' id='line_1_103' title="bbox 449 5539 1938 5612; baseline 0.006 -23"><span class='ocrx_word' id='word_1_752' title='bbox 449 5539 640 5590; x_wconf 83' lang='grc' dir='ltr'>Ἕκτον</span> <span class='ocrx_word' id='word_1_753' title='bbox 667 5577 681 5604; x_wconf 84' lang='grc'><strong>,</strong></span> <span class='ocrx_word' id='word_1_754' title='bbox 727 5539 806 5592; x_wconf 81' lang='grc' dir='ltr'>ὅτι</span> <span class='ocrx_word' id='word_1_755' title='bbox 833 5539 996 5608; x_wconf 76' lang='grc' dir='ltr'>σαρκὶ</span> <span class='ocrx_word' id='word_1_756' title='bbox 1026 5540 1260 5593; x_wconf 75' lang='grc' dir='ltr'>πέπονθε</span> <span class='ocrx_word' id='word_1_757' title='bbox 1285 5542 1351 5594; x_wconf 78' lang='grc' dir='ltr'><strong>δι’</strong></span> <span class='ocrx_word' id='word_1_758' title='bbox 1385 5543 1552 5612; x_wconf 78' lang='grc' dir='ltr'>ἡμᾶς,</span> <span class='ocrx_word' id='word_1_759' title='bbox 1587 5545 1682 5597; x_wconf 80' lang='grc' dir='ltr'><strong>καὶ</strong></span> <span class='ocrx_word' id='word_1_760' title='bbox 1739 5549 1938 5598; x_wconf 82' lang='grc' dir='ltr'>ἐσταυ-</span> 
     </span>
    </p>
   </div>
   <div class='ocr_carea' id='block_1_104' title="bbox 377 5632 1942 5708">
    <p class='ocr_par' dir='ltr' id='par_1_104' title="bbox 377 5632 1942 5708">
     <span class='ocr_line' id='line_1_104' title="bbox 377 5632 1942 5708; baseline 0.006 -26"><span class='ocrx_word' id='word_1_761' title='bbox 377 5632 548 5701; x_wconf 77' lang='grc' dir='ltr'>ρώθη,</span> <span class='ocrx_word' id='word_1_762' title='bbox 578 5633 672 5684; x_wconf 74' lang='grc' dir='ltr'><strong>καὶ</strong></span> <span class='ocrx_word' id='word_1_763' title='bbox 702 5633 961 5702; x_wconf 74' lang='grc' dir='ltr'>τέθνηκεν</span> <span class='ocrx_word' id='word_1_764' title='bbox 996 5633 1281 5698; x_wconf 80' lang='grc' dir='ltr'>ἑκουσίως,</span> <span class='ocrx_word' id='word_1_765' title='bbox 1313 5639 1409 5688; x_wconf 70' lang='grc' dir='ltr'><strong>καὶ</strong></span> <span class='ocrx_word' id='word_1_766' title='bbox 1461 5637 1521 5688; x_wconf 80' lang='grc' dir='ltr'><strong>οὐ</strong></span> <span class='ocrx_word' id='word_1_767' title='bbox 1556 5640 1624 5706; x_wconf 79' lang='grc' dir='ltr'>τῇ</span> <span class='ocrx_word' id='word_1_768' title='bbox 1681 5637 1896 5708; x_wconf 69' lang='grc' dir='ltr'>θεότητι</span> <span class='ocrx_word' id='word_1_769' title='bbox 1927 5657 1942 5671; x_wconf 82' lang='grc' dir='ltr'><strong>ο</strong></span> 
     </span>
    </p>
   </div>
   <div class='ocr_carea' id='block_1_105' title="bbox 374 5723 1946 5799">
    <p class='ocr_par' dir='ltr' id='par_1_105' title="bbox 374 5723 1946 5799">
     <span class='ocr_line' id='line_1_105' title="bbox 374 5723 1946 5799; baseline 0.002 -21"><span class='ocrx_word' id='word_1_770' title='bbox 374 5725 514 5780; x_wconf 73' lang='grc' dir='ltr'>αῦτη</span> <span class='ocrx_word' id='word_1_771' title='bbox 569 5723 673 5794; x_wconf 65' lang='grc' dir='ltr'>γὰρ</span> <span class='ocrx_word' id='word_1_772' title='bbox 729 5723 812 5777; x_wconf 72' lang='grc' dir='ltr'><strong>ἀεὶ</strong></span> <span class='ocrx_word' id='word_1_773' title='bbox 845 5724 1080 5794; x_wconf 77' lang='grc' dir='ltr'>ἀπαθής.</span> <span class='ocrx_word' id='word_1_774' title='bbox 1139 5725 1244 5778; x_wconf 83' lang='grc' dir='ltr'>Καὶ</span> <span class='ocrx_word' id='word_1_775' title='bbox 1283 5728 1344 5795; x_wconf 86' lang='grc' dir='ltr'>τῇ</span> <span class='ocrx_word' id='word_1_776' title='bbox 1403 5726 1500 5795; x_wconf 80' lang='grc' dir='ltr'>μὲν</span> <span class='ocrx_word' id='word_1_777' title='bbox 1529 5725 1701 5798; x_wconf 68' lang='grc' dir='ltr'>ψυχῇ,</span> <span class='ocrx_word' id='word_1_778' title='bbox 1737 5728 1946 5799; x_wconf 84' lang='grc' dir='ltr'>λυτρω-</span> 
     </span>
    </p>
   </div>
   <div class='ocr_carea' id='block_1_106' title="bbox 2052 4817 3620 4887">
    <p class='ocr_par' dir='ltr' id='par_1_106' title="bbox 2052 4817 3620 4887">
     <span class='ocr_line' id='line_1_106' title="bbox 2052 4817 3620 4887; baseline 0.002 -19"><span class='ocrx_word' id='word_1_779' title='bbox 2052 4817 2178 4871; x_wconf 84' lang='lat' dir='ltr'><strong>licet</strong></span> <span class='ocrx_word' id='word_1_780' title='bbox 2205 4817 2412 4880; x_wconf 74' lang='lat' dir='ltr'><strong>vivens,</strong></span> <span class='ocrx_word' id='word_1_781' title='bbox 2441 4817 2639 4870; x_wconf 73' lang='lat' dir='ltr'><strong>animae</strong></span> <span class='ocrx_word' id='word_1_782' title='bbox 2695 4817 3016 4886; x_wconf 75' lang='lat' dir='ltr'><strong>intelligenti</strong></span> <span class='ocrx_word' id='word_1_783' title='bbox 3053 4825 3106 4872; x_wconf 90' lang='lat' dir='ltr'><strong>et</strong></span> <span class='ocrx_word' id='word_1_784' title='bbox 3168 4817 3368 4872; x_wconf 86' lang='lat' dir='ltr'><strong>volenti</strong></span> <span class='ocrx_word' id='word_1_785' title='bbox 3401 4821 3620 4887; x_wconf 76' lang='lat' dir='ltr'><strong>copula-</strong></span> 
     </span>
    </p>
   </div>
   <div class='ocr_carea' id='block_1_107' title="bbox 2057 4909 3622 4978">
    <p class='ocr_par' dir='ltr' id='par_1_107' title="bbox 2057 4909 3622 4978">
     <span class='ocr_line' id='line_1_107' title="bbox 2057 4909 3622 4978; baseline 0.001 -15"><span class='ocrx_word' id='word_1_786' title='bbox 2057 4920 2192 4972; x_wconf 91' lang='lat' dir='ltr'><strong>tum,</strong></span> <span class='ocrx_word' id='word_1_787' title='bbox 2237 4917 2410 4962; x_wconf 88' lang='lat' dir='ltr'><strong>totum</strong></span> <span class='ocrx_word' id='word_1_788' title='bbox 2443 4921 2774 4963; x_wconf 84' lang='lat' dir='ltr'><strong>eonsecrans</strong></span> <span class='ocrx_word' id='word_1_789' title='bbox 2801 4909 3102 4972; x_wconf 86' lang='lat' dir='ltr'><strong>hominem,</strong></span> <span class='ocrx_word' id='word_1_790' title='bbox 3125 4916 3178 4963; x_wconf 86' lang='lat' dir='ltr'><strong>et</strong></span> <span class='ocrx_word' id='word_1_791' title='bbox 3209 4909 3362 4978; x_wconf 81' lang='lat' dir='ltr'><strong>prius</strong></span> <span class='ocrx_word' id='word_1_792' title='bbox 3392 4911 3622 4978; x_wconf 76' lang='lat' dir='ltr'><strong>sittiplex</strong></span> 
     </span>
    </p>
   </div>
   <div class='ocr_carea' id='block_1_108' title="bbox 2052 4996 3620 5066">
    <p class='ocr_par' dir='ltr' id='par_1_108' title="bbox 2052 4996 3620 5066">
     <span class='ocr_line' id='line_1_108' title="bbox 2052 4996 3620 5066; baseline 0.003 -16"><span class='ocrx_word' id='word_1_793' title='bbox 2052 4997 2256 5051; x_wconf 83' lang='lat' dir='ltr'><strong>factum</strong></span> <span class='ocrx_word' id='word_1_794' title='bbox 2311 5007 2393 5051; x_wconf 90' lang='lat' dir='ltr'><strong>est</strong></span> <span class='ocrx_word' id='word_1_795' title='bbox 2447 4996 2680 5066; x_wconf 78' lang='lat' dir='ltr'><strong>duplex,</strong></span> <span class='ocrx_word' id='word_1_796' title='bbox 2705 5005 2760 5052; x_wconf 91' lang='lat' dir='ltr'><strong>et</strong></span> <span class='ocrx_word' id='word_1_797' title='bbox 2789 5006 2970 5054; x_wconf 87' lang='lat' dir='ltr'><strong>tamen</strong></span> <span class='ocrx_word' id='word_1_798' title='bbox 3006 5013 3176 5054; x_wconf 86' lang='lat' dir='ltr'><strong>unum</strong></span> <span class='ocrx_word' id='word_1_799' title='bbox 3197 5000 3420 5054; x_wconf 86' lang='lat' dir='ltr'><strong>omnino</strong></span> <span class='ocrx_word' id='word_1_800' title='bbox 3453 5009 3536 5055; x_wconf 84' lang='lat' dir='ltr'><strong>est</strong></span> <span class='ocrx_word' id='word_1_801' title='bbox 3567 5001 3620 5054; x_wconf 92' lang='lat' dir='ltr'><strong>in</strong></span> 
     </span>
    </p>
   </div>
   <div class='ocr_carea' id='block_1_109' title="bbox 2053 5086 2916 5156">
    <p class='ocr_par' dir='ltr' id='par_1_109' title="bbox 2053 5086 2916 5156">
     <span class='ocr_line' id='line_1_109' title="bbox 2053 5086 2916 5156; baseline 0.001 -13"><span class='ocrx_word' id='word_1_802' title='bbox 2053 5087 2266 5143; x_wconf 81' lang='lat' dir='ltr'><strong>duabus</strong></span> <span class='ocrx_word' id='word_1_803' title='bbox 2293 5086 2662 5156; x_wconf 77' lang='lat' dir='ltr'><strong>integerrimis</strong></span> <span class='ocrx_word' id='word_1_804' title='bbox 2684 5087 2916 5144; x_wconf 86' lang='lat' dir='ltr'><strong>naturis.</strong></span> 
     </span>
    </p>
   </div>
   <div class='ocr_carea' id='block_1_110' title="bbox 2127 5177 3622 5250">
    <p class='ocr_par' dir='ltr' id='par_1_110' title="bbox 2127 5177 3622 5250">
     <span class='ocr_line' id='line_1_110' title="bbox 2127 5177 3622 5250; baseline 0.002 -19"><span class='ocrx_word' id='word_1_805' title='bbox 2127 5177 2414 5246; x_wconf 86' lang='lat' dir='ltr'><strong>Quintum,</strong></span> <span class='ocrx_word' id='word_1_806' title='bbox 2442 5179 2572 5249; x_wconf 84' lang='lat' dir='ltr'><strong>quia</strong></span> <span class='ocrx_word' id='word_1_807' title='bbox 2597 5179 2716 5234; x_wconf 86' lang='lat' dir='ltr'><strong>sine</strong></span> <span class='ocrx_word' id='word_1_808' title='bbox 2734 5180 2940 5234; x_wconf 83' lang='lat' dir='ltr'><strong>semine</strong></span> <span class='ocrx_word' id='word_1_809' title='bbox 2970 5195 3036 5234; x_wconf 81' lang='lat' dir='ltr'><strong>ex</strong></span> <span class='ocrx_word' id='word_1_810' title='bbox 3067 5179 3288 5250; x_wconf 79' lang='lat' dir='ltr'><strong>Virgine</strong></span> <span class='ocrx_word' id='word_1_811' title='bbox 3313 5191 3472 5236; x_wconf 86' lang='lat' dir='ltr'><strong>natus</strong></span> <span class='ocrx_word' id='word_1_812' title='bbox 3505 5194 3622 5246; x_wconf 86' lang='lat' dir='ltr'><strong>est;</strong></span> 
     </span>
    </p>
   </div>
   <div class='ocr_carea' id='block_1_111' title="bbox 2051 5271 3622 5343">
    <p class='ocr_par' dir='ltr' id='par_1_111' title="bbox 2051 5271 3622 5343">
     <span class='ocr_line' id='line_1_111' title="bbox 2051 5271 3622 5343; baseline 0.006 -23"><span class='ocrx_word' id='word_1_813' title='bbox 2051 5285 2194 5339; x_wconf 64' lang='lat' dir='ltr'><strong>qua,</strong></span> <span class='ocrx_word' id='word_1_814' title='bbox 2230 5285 2514 5339; x_wconf 81' lang='lat' dir='ltr'><strong>nunquam</strong></span> <span class='ocrx_word' id='word_1_815' title='bbox 2551 5271 2826 5326; x_wconf 89' lang='lat' dir='ltr'><strong>hominem</strong></span> <span class='ocrx_word' id='word_1_816' title='bbox 2855 5281 3100 5341; x_wconf 75' lang='lat' dir='ltr'><strong>experta,</strong></span> <span class='ocrx_word' id='word_1_817' title='bbox 3133 5274 3276 5329; x_wconf 83' lang='lat' dir='ltr'><strong>sicut</strong></span> <span class='ocrx_word' id='word_1_818' title='bbox 3335 5283 3464 5328; x_wconf 87' lang='lat' dir='ltr'><strong>ante</strong></span> <span class='ocrx_word' id='word_1_819' title='bbox 3492 5291 3622 5343; x_wconf 85' lang='lat' dir='ltr'><strong>par-</strong></span> 
     </span>
    </p>
   </div>
   <div class='ocr_carea' id='block_1_112' title="bbox 2057 5361 3623 5437">
    <p class='ocr_par' dir='ltr' id='par_1_112' title="bbox 2057 5361 3623 5437">
     <span class='ocr_line' id='line_1_112' title="bbox 2057 5361 3623 5437; baseline 0.002 -22"><span class='ocrx_word' id='word_1_820' title='bbox 2057 5371 2195 5424; x_wconf 87' lang='lat' dir='ltr'><strong>tum,</strong></span> <span class='ocrx_word' id='word_1_821' title='bbox 2221 5361 2292 5415; x_wconf 89' lang='lat' dir='ltr'><strong>ita</strong></span> <span class='ocrx_word' id='word_1_822' title='bbox 2320 5371 2375 5416; x_wconf 88' lang='lat' dir='ltr'><strong>et</strong></span> <span class='ocrx_word' id='word_1_823' title='bbox 2425 5363 2478 5417; x_wconf 91' lang='lat' dir='ltr'><strong>in</strong></span> <span class='ocrx_word' id='word_1_824' title='bbox 2509 5373 2664 5433; x_wconf 85' lang='lat' dir='ltr'><strong>partu</strong></span> <span class='ocrx_word' id='word_1_825' title='bbox 2698 5373 2752 5419; x_wconf 88' lang='lat' dir='ltr'><strong>et</strong></span> <span class='ocrx_word' id='word_1_826' title='bbox 2781 5373 2904 5431; x_wconf 87' lang='lat' dir='ltr'><strong>post</strong></span> <span class='ocrx_word' id='word_1_827' title='bbox 2938 5375 3152 5434; x_wconf 88' lang='lat' dir='ltr'><strong>partum</strong></span> <span class='ocrx_word' id='word_1_828' title='bbox 3183 5363 3346 5437; x_wconf 77' lang='lat' dir='ltr'><strong>Virgo</strong></span> <span class='ocrx_word' id='word_1_829' title='bbox 3374 5381 3623 5436; x_wconf 65' lang='lat' dir='ltr'><strong>perman.</strong></span> 
     </span>
    </p>
   </div>
   <div class='ocr_carea' id='block_1_113' title="bbox 2053 5451 2508 5509">
    <p class='ocr_par' dir='ltr' id='par_1_113' title="bbox 2053 5451 2508 5509">
     <span class='ocr_line' id='line_1_113' title="bbox 2053 5451 2508 5509; baseline 0.007 -3"><span class='ocrx_word' id='word_1_830' title='bbox 2053 5452 2124 5506; x_wconf 84' lang='lat' dir='ltr'><strong>sit</strong></span> <span class='ocrx_word' id='word_1_831' title='bbox 2163 5451 2508 5509; x_wconf 78' lang='lat' dir='ltr'><strong>intemerata.</strong></span> 
     </span>
    </p>
   </div>
   <div class='ocr_carea' id='block_1_114' title="bbox 2129 5545 3627 5620">
    <p class='ocr_par' dir='ltr' id='par_1_114' title="bbox 2129 5545 3627 5620">
     <span class='ocr_line' id='line_1_114' title="bbox 2129 5545 3627 5620; baseline 0.007 -22"><span class='ocrx_word' id='word_1_832' title='bbox 2129 5545 2380 5612; x_wconf 70' lang='lat' dir='ltr'><strong>Sestum,</strong></span> <span class='ocrx_word' id='word_1_833' title='bbox 2419 5547 2544 5616; x_wconf 84' lang='lat' dir='ltr'><strong>quia</strong></span> <span class='ocrx_word' id='word_1_834' title='bbox 2581 5549 2636 5602; x_wconf 87' lang='lat' dir='ltr'><strong>in</strong></span> <span class='ocrx_word' id='word_1_835' title='bbox 2677 5563 2844 5603; x_wconf 84' lang='lat' dir='ltr'><strong>carne</strong></span> <span class='ocrx_word' id='word_1_836' title='bbox 2879 5563 3072 5618; x_wconf 85' lang='lat' dir='ltr'><strong>passus</strong></span> <span class='ocrx_word' id='word_1_837' title='bbox 3119 5561 3199 5604; x_wconf 79' lang='lat' dir='ltr'><strong>est</strong></span> <span class='ocrx_word' id='word_1_838' title='bbox 3229 5566 3325 5620; x_wconf 89' lang='lat' dir='ltr'><strong>pro</strong></span> <span class='ocrx_word' id='word_1_839' title='bbox 3361 5551 3541 5612; x_wconf 84' lang='lat' dir='ltr'><strong>nobis,</strong></span> <span class='ocrx_word' id='word_1_840' title='bbox 3573 5561 3627 5609; x_wconf 85' lang='lat' dir='ltr'><strong>et</strong></span> 
     </span>
    </p>
   </div>
   <div class='ocr_carea' id='block_1_115' title="bbox 2055 5637 3622 5710">
    <p class='ocr_par' dir='ltr' id='par_1_115' title="bbox 2055 5637 3622 5710">
     <span class='ocr_line' id='line_1_115' title="bbox 2055 5637 3622 5710; baseline 0.003 -20"><span class='ocrx_word' id='word_1_841' title='bbox 2055 5637 2352 5692; x_wconf 75' lang='lat' dir='ltr'><strong>cruciﬁxus</strong></span> <span class='ocrx_word' id='word_1_842' title='bbox 2379 5647 2482 5702; x_wconf 89' lang='lat' dir='ltr'><strong>est,</strong></span> <span class='ocrx_word' id='word_1_843' title='bbox 2511 5645 2564 5692; x_wconf 85' lang='lat' dir='ltr'><strong>et</strong></span> <span class='ocrx_word' id='word_1_844' title='bbox 2593 5645 2846 5696; x_wconf 88' lang='lat' dir='ltr'><strong>mortuus</strong></span> <span class='ocrx_word' id='word_1_845' title='bbox 2878 5650 2958 5696; x_wconf 87' lang='lat' dir='ltr'><strong>est</strong></span> <span class='ocrx_word' id='word_1_846' title='bbox 2979 5643 3106 5710; x_wconf 85' lang='lat' dir='ltr'><strong>quia</strong></span> <span class='ocrx_word' id='word_1_847' title='bbox 3139 5643 3253 5710; x_wconf 88' lang='lat' dir='ltr'><strong>ipse</strong></span> <span class='ocrx_word' id='word_1_848' title='bbox 3279 5644 3450 5696; x_wconf 88' lang='lat' dir='ltr'><strong>voluit</strong></span> <span class='ocrx_word' id='word_1_849' title='bbox 3475 5661 3490 5702; x_wconf 85' lang='lat'><strong>:</strong></span> <span class='ocrx_word' id='word_1_850' title='bbox 3519 5659 3622 5696; x_wconf 72' lang='lat' dir='ltr'><strong>non</strong></span> 
     </span>
    </p>
   </div>
   <div class='ocr_carea' id='block_1_116' title="bbox 2054 5729 3627 5796">
    <p class='ocr_par' dir='ltr' id='par_1_116' title="bbox 2054 5729 3627 5796">
     <span class='ocr_line' id='line_1_116' title="bbox 2054 5729 3627 5796; baseline 0.004 -16"><span class='ocrx_word' id='word_1_851' title='bbox 2054 5729 2270 5796; x_wconf 84' lang='lat' dir='ltr'><strong>quidem</strong></span> <span class='ocrx_word' id='word_1_852' title='bbox 2311 5729 2362 5783; x_wconf 91' lang='lat' dir='ltr'><strong>in</strong></span> <span class='ocrx_word' id='word_1_853' title='bbox 2397 5729 2706 5796; x_wconf 75' lang='lat' dir='ltr'><strong>divinitate,</strong></span> <span class='ocrx_word' id='word_1_854' title='bbox 2749 5747 2870 5786; x_wconf 90' lang='lat' dir='ltr'><strong>cum</strong></span> <span class='ocrx_word' id='word_1_855' title='bbox 2906 5733 2974 5786; x_wconf 86' lang='lat' dir='ltr'><strong>sit</strong></span> <span class='ocrx_word' id='word_1_856' title='bbox 3006 5733 3116 5785; x_wconf 77' lang='lat' dir='ltr'><strong>Inm-</strong></span> <span class='ocrx_word' id='word_1_857' title='bbox 3145 5733 3368 5786; x_wconf 90' lang='lat' dir='ltr'><strong>omnino</strong></span> <span class='ocrx_word' id='word_1_858' title='bbox 3407 5742 3460 5786; x_wconf 86' lang='lat' dir='ltr'><strong>et</strong></span> <span class='ocrx_word' id='word_1_859' title='bbox 3503 5749 3627 5786; x_wconf 82' lang='lat' dir='ltr'><strong>vere</strong></span> 
     </span>
    </p>
   </div>
  </div>
