4064 6204
565 277 672 340 83.3

1397 270 1776 334 SYMEON'IS
1815 274 2558 338 TllESSAiﬂNICENSIS
2602 279 2956 344 ARCHIEP.

3672 287 3768 349 836

564 399 960 456 fortitudinem.
994 397 1146 464 Quod
1177 406 1360 452 autem
1411 395 1736 465 spleudcaut
1785 404 1841 447 ut
1889 393 2030 461 ignis
2077 403 2130 446 et

2245 411 2382 446 νονσι
2409 411 2420 424 ο
2470 395 2528 447 τὸ
2585 397 2909 462 ςωτιστικδν
2942 397 2998 451 δὲ
3045 400 3141 451 καὶ
3193 397 3402 464 λευκὸν,
3435 398 3528 468 τήν
3559 397 3770 467 καθαρᾶ-

567 491 705 546 albis
743 489 1062 553 induantur,
1094 487 1225 541 il'ud
1274 485 1475 541 indicat
1525 484 1815 555 puritatem
1867 483 2133 538 sanctita-

563 587 783 648 temque
811 587 864 632 et
891 577 1307 634 similitudinem
1341 575 1432 630 Dei
1470 575 1525 629 in
1575 575 1656 630 eis
1689 583 1744 628 et
1792 587 1890 644 per
1931 588 2028 627 eos
2075 573 2128 626 in

565 671 746 726 nobis.
778 671 932 737 Quod
965 671 1158 726 deinde
1204 668 1522 741 igniformes
1553 671 1834 730 dicantur,
1867 667 2128 722 vitiorum

562 772 618 818 et
665 764 886 818 malitia!
935 765 1282 832 consutuptio
1329 764 1671 833 significatur
1711 762 1850 816 etin
1887 759 2129 814 tenebris

568 853 911 908 illuminatio.
944 852 1097 918 Quod
1121 853 1354 920 denique
1395 853 1510 906 alas
1547 851 1804 913 habeant,
1846 850 1968 902 illos
2011 860 2134 902 esse

566 944 874 1009 snit-ituales
909 945 1158 998 innuitur
1192 935 1338 1000 etin
1380 959 1502 998 aera
1540 942 1666 997 ferri
1700 942 1945 996 Volantcs
1978 957 1994 996 :
2025 955 2134 994 uno

567 1039 734 1093 verbo
753 1037 1100 1108 singularitas
1127 1037 1421 1091 formarum
1456 1038 1507 1089 in
1541 1036 1848 1104 quibusque
1883 1035 2136 1103 incorpo-

567 1130 757 1183 ralium
795 1138 846 1183 et
875 1129 1241 1198 spiritualium
1298 1129 1618 1196 angelorum
1655 1127 1868 1181 illorum
1905 1124 2136 1179 manife-

565 1233 670 1276 stat
702 1237 866 1290 super
898 1236 999 1277 nos
1031 1223 1138 1289 vim
1167 1232 1220 1277 et
1241 1222 1516 1291 energiattt
1548 1233 1600 1275 et
1624 1221 1907 1274 veritatem
1936 1217 2131 1272 barum
2184 1217 2194 1227 '

565 1315 990 1382 apparitionum,
1028 1325 1082 1369 et
1111 1312 1589 1368 miriﬁceconfcrt
1627 1311 1693 1366 ad
1725 1320 1964 1365 nostram
1999 1325 2137 1363 eru-

566 1407 850 1461 ditionem.
892 1405 1260 1472 Quamobrem
1302 1413 1358 1459 et
1408 1405 1522 1459 tunc
1575 1403 1901 1474 imaginibus
1961 1401 2136 1470 pingi-

570 1515 727 1566 n:ns,
795 1509 849 1554 et
916 1501 1122 1556 honore
1185 1499 1566 1569 prosequimur
1624 1508 1678 1552 et
1731 1497 1892 1566 plane
1948 1495 2132 1550 divina

568 1606 692 1643 t-sse
743 1591 1051 1658 judicamus
1107 1598 1160 1645 et
1191 1600 1473 1642 testamur.
1507 1586 1700 1642 Omnia
1731 1602 1860 1640 vero
1903 1589 2036 1654 qua:
2070 1585 2138 1640 de

571 1685 712 1735 malo
775 1683 1024 1738 feruntur
1078 1693 1132 1737 et
1197 1681 1328 1734 falsa
1385 1689 1514 1733 sunt
1574 1686 1628 1733 et
1694 1679 2032 1748 pbantastica
2085 1688 2138 1732 et

2231 502 2371 555 τητα
2399 485 2493 539 καὶ
2529 487 2862 557 ἁγιωσύνην,
2897 489 2991 542 καὶ
3027 489 3089 542 τὸ
3133 489 3360 552 θεοειδὶς
3395 488 3571 542 αὑτῶν
3601 490 3688 542 καὶ
3715 490 3771 542 δι’

2234 581 2413 635 αὑτῶν
2443 584 2500 637 ἐν
2724 585 2856 654 ἡμῖν
2877 601 2894 618 ο
2929 585 2991 637 τὸ
3030 584 3311 654 πυροειδὲς
3344 584 3399 638 δέ
3441 584 3500 635 τὸ
3527 585 3771 649 καταῳλέσ

2235 691 2330 741 γον
2356 674 2454 741 τὴν
2485 675 2704 738 κακίαν,
2740 677 2834 727 καὶ
2856 675 3202 744 καταυγάῖον
3229 677 3350 736 τοὺς
3388 676 3446 726 ἐν
3487 675 3690 726 σκότει·
3724 674 3776 728 τ’)

2235 767 2412 834 πτερὰ
2437 765 2490 818 δὲ
2522 767 2665 836 ἔχειν
2696 765 2754 820 τὸ
2779 767 2962 836 νοερὶν
2996 768 3092 821 xxi.
3116 766 3369 834 ὑψιπετές
3398 764 3490 817 τοῦ
3527 765 3637 827 νοός
3658 780 3670 796 ο
3696 765 3777 816 καὶ

2235 862 2424 924 ἁπῖῶς
2471 863 2702 916 ἕκαστον
2731 862 2837 915 τῶν
2884 863 3180 930 σχημάτων
3229 861 3316 915 διὰ
3351 860 3454 912 τῶν
3496 861 3777 930 ἀσχηματί-

2238 971 2378 1007 στων
2411 955 2658 1020 ἀγγέλων
2711 955 2805 1006 καὶ
2835 953 3144 1018 ἀσωμάτων
3189 954 3288 1020 τὴν
3335 952 3474 1020 ὑπὲρ
3513 952 3661 1018 ἡμῶν
3689 951 3776 1002 αὖ·

2235 1047 2345 1098 τῶν
2367 1047 2620 1112 ἐμφαίνει
2638 1047 2917 1115 ἐνέργειαν
2941 1062 2954 1075 ·
2977 1044 3071 1097 καὶ
3096 1044 3309 1111 ἀληθῶς
3329 1044 3578 1111 ὁρώμενα
3600 1041 3772 1107 ταῦτα,

2237 1139 2286 1190 εἰ
2322 1139 2415 1190 καὶ
2457 1137 2747 1205 ὑπερφυῶς
2795 1136 2931 1206 πρὸς
2964 1134 3311 1189 διδασκαλίαν
3345 1133 3502 1203 ἡμῶν
3549 1133 3668 1185 εἱσι.
3699 1132 3776 1184 Διὸ

2238 1230 2334 1284 καὶ
2365 1227 2708 1295 είκονίζομξν
2730 1228 2926 1287 ταῦτα.
2961 1228 3054 1280 καὶ
3081 1227 3355 1296 τιμῶμεν,
3386 1226 3480 1278 xei
3501 1223 3616 1276 θεῖα
3637 1222 3779 1292 ήγοὺ·

2242 1321 2403 1391 μεθα.
2439 1321 2518 1372 Τὰ
2549 1319 2642 1372 τοῦ
2686 1319 2923 1386 πονηροῦ
2966 1317 3020 1370 δέ
3051 1317 3228 1370 πάντα
3259 1315 3429 1383 ψευδῆ
3471 1315 3562 1366 καὶ
3602 1329 3781 1380 φαντα-

2241 1415 2421 1477 στικά,
2451 1412 2543 1464 καὶ
2581 1411 2719 1482 κατὰ
2744 1409 2951 1477 πλάνην
2981 1407 3075 1460 καὶ
3107 1404 3386 1458 ἀπώλειαν
3417 1404 3522 1456 τῶν
3547 1401 3778 1471 ὁρώντων

2241 1506 2524 1573 γινόμενα.
2560 1501 3113 1570 Μετασχηματίζεται
3142 1498 3272 1565 γάρ,
3299 1497 3454 1566 φησι,
3484 1498 3665 1557 σκότος
3693 1491 3778 1553 ὢν,

2239 1601 2319 1658 εἰς
2350 1597 2580 1664 ἄγγελον
2628 1596 2822 1662 φωτὸς,
2860 1598 2950 1644 καὶ
2993 1593 3072 1652 εἰς
3122 1590 3359 1656 διάφορα
3407 1589 3673 1656 σχήματα,
3701 1587 3780 1636 καὶ

2241 1689 2446 1758 θηρίων
2479 1687 2535 1738 δὲ
2601 1685 2836 1753 μορφάς.
2872 1683 3100 1734 λεόντων
3155 1697 3214 1734 τε
3247 1686 3344 1732 καὶ
3398 1678 3590 1744 ὄφεων,
3635 1671 3782 1738 ἀξίως

569 1775 624 1827 in
685 1775 931 1829 fraudem
961 1783 1015 1829 et
1059 1775 1268 1829 ruinam
1303 1773 1608 1828 videntium
1650 1771 1812 1829 facta.
1847 1771 1916 1826 Se
1947 1771 2090 1825 enim
2118 1811 2132 1834 ,

2245 1777 2455 1839 ἐαυτοῦ.
2505 1779 2597 1829 καὶ
2632 1775 2908 1843 σκορπίων
2957 1775 3050 1825 καὶ
3103 1772 3279 1825 κυνῶν
3317 1770 3410 1822 καὶ
3456 1767 3668 1836 ἐτέρων,
3717 1765 3781 1826 ὡς

573 1875 627 1920 ιιι
683 1866 849 1930 dicit,
903 1867 992 1937 qui
1049 1867 1370 1921 tenebrosus
1416 1874 1565 1919 totus
1620 1871 1728 1929 est,
1780 1861 2136 1918 transformat

573 1957 626 2010 iu
688 1957 938 2026 angelum
995 1957 1178 2021 lucis;
1224 1963 1278 2010 et
1332 1956 1513 2010 varias
1575 1955 1756 2009 induit
1801 1952 2010 2008 formas
2081 1960 2135 2006 et

572 2049 782 2118 species
843 2049 1146 2104 belluarum
1176 2088 1190 2112 ,
1232 2048 1451 2102 leonum
1501 2055 1555 2100 et
1596 2045 1930 2115 serpentium
1994 2045 2140 2099 sicut

571 2143 748 2212 ipsum
803 2142 978 2204 decet,
1041 2149 1094 2194 et
1142 2139 1509 2206 scorpionum,
1579 2147 1633 2191 et
1688 2151 1883 2190 canum
1946 2145 1998 2189 et
2035 2149 2138 2188 cm-

571 2246 836 2297 terorum,
869 2234 1010 2288 sicut
1041 2241 1166 2287 ante
1232 2241 1482 2285 sanctum
1540 2230 1834 2286 Antonium
1876 2229 2137 2298 ﬁguratus

569 2339 624 2382 ct
665 2328 1072 2396 phantasntatns
1103 2336 1206 2388 est,
1239 2337 1292 2379 et
1311 2333 1439 2379 ante
1471 2333 1699 2379 caeteros
1725 2333 1944 2377 sanctos
1975 2340 1988 2376 :
2014 2336 2136 2392 qum

573 2419 788 2489 quidem
824 2418 1005 2474 omnia
1038 2432 1175 2470 vana
1205 2431 1328 2471 esse
1375 2422 1610 2484 oportet.
1658 2412 1845 2484 Neque
1883 2430 1989 2467 una
2017 2415 2136 2466 vite

573 2511 688 2565 haec
731 2509 1072 2578 pbantastice
1103 2507 1362 2568 ostendit.
1385 2521 1506 2561 cum
1542 2506 1614 2562 sit
1639 2507 1850 2573 absque
1877 2520 2130 2574 corpore,

576 2618 818 2673 perswpe
859 2602 1126 2672 pessimus
1157 2600 1244 2653 ille
1294 2601 1542 2670 spiritus,
1585 2607 1634 2652 ct
1690 2594 2048 2651 transformat
2085 2608 2137 2649 et

579 2703 752 2748 mutat
783 2710 866 2756 se,
905 2693 1083 2763 ipsum
1126 2693 1376 2762 spiritum
1419 2691 1655 2746 hominis
1689 2690 1944 2744 simulate
1977 2687 2138 2755 gestit

574 2801 676 2841 sua
716 2785 996 2840 voluntate
1033 2799 1225 2851 agere;
1267 2798 1326 2837 se
1354 2783 1514 2836 vertit
1541 2791 1592 2833 et
1623 2779 1982 2848 transﬁgurat.
2018 2794 2139 2830 ver-

573 2877 680 2940 .‘tis,
712 2877 966 2932 sensibus
986 2887 1040 2931 et
1067 2875 1279 2941 foratis,
1310 2882 1363 2930 et
1390 2889 1531 2943 saepe
1562 2873 1664 2928 sub
1696 2871 1869 2926 forma
1903 2870 2139 2925 hominis

575 2971 825 3026 homines
853 2970 1064 3025 seducit
1094 2981 1149 3024 et
1176 2967 1399 3037 decipit.
1453 2965 1572 3022 Non
1615 2968 1791 3021 solum
1825 2978 1953 3032 ergo
1985 2962 2136 3016 haec:

572 3062 668 3116 sed
697 3065 858 3118 rebus
893 3062 1218 3131 quibusdam
1245 3059 1545 3115 sceleratus
1581 3058 1790 3112 daunon
1822 3063 1876 3109 et
1901 3053 2138 3108 tenebris
2168 3095 2210 3152 (Σ

575 3153 787 3209 οἰΐιιευε
843 3153 1172 3208 adnectitur.
1217 3151 1372 3206 Latet
1423 3151 1476 3204 in
1518 3147 1666 3204 fumo
1717 3155 1771 3201 et
1819 3145 2057 3206 camino,
2089 3154 2140 3198 et

577 3245 830 3314 fragosus
861 3248 914 3299 in
940 3261 1066 3299 aera
1107 3255 1377 3309 movetur,
1415 3253 1470 3298 et
1500 3257 1641 3313 saepe
1668 3241 1882 3296 videtur
1901 3238 2139 3308 pulsare,

579 3347 634 3393 et
666 3353 896 3407 corpora
924 3338 1128 3405 dejicit.
1159 3336 1219 3390 Et
1242 3335 1459 3405 quidem
1479 3335 1592 3390 lucc
1620 3333 1800 3388 omnia
1840 3331 1969 3386 iacit
1991 3331 2142 3386 deci-

583 3444 714 3496 pere
771 3429 958 3484 volens
1002 3438 1055 3482 et
1088 3427 1141 3482 in
1191 3441 1430 3481 errorem
1464 3425 1720 3481 inducere
1754 3423 1895 3478 sicut
1933 3420 2144 3488 decepit

583 3519 822 3582 Graecos,
853 3535 880 3573 a
913 3518 1112 3589 quibus
1143 3519 1416 3574 ambiebat
1451 3518 1694 3571 vivoruvn
1733 3513 2016 3569 hominum
2054 3525 2138 3564 sa-

581 3611 809 3677 criﬁcia,
839 3621 919 3675 ut,
951 3611 1092 3666 inter
1126 3597 1328 3666 l'umnm
1363 3626 1551 3665 eorum
1597 3608 1939 3677 phantastice
1984 3619 2142 3674 appa-

582 3719 731 3769 rens,
765 3703 865 3757 sibi
914 3704 1201 3770 quamdam
1241 3702 1466 3757 honoris
1515 3701 1743 3769 gratiam
1780 3714 1846 3753 ex
1880 3698 2012 3766 ipsis
2045 3695 2142 3751 ob-

584 3799 799 3850 tineret.
836 3796 898 3849 Et
931 3797 1044 3852 haec
1077 3813 1248 3866 usque
1294 3795 1360 3850 ad
1408 3795 1547 3849 hanc
1592 3791 1736 3846 diem
1759 3831 1774 3855 ,
1806 3791 1950 3844 sicut
1993 3788 2146 3842 novi-

585 3903 706 3943 mus
756 3896 810 3942 et
858 3903 954 3956 per
1009 3889 1269 3958 quasdam
1315 3888 1507 3956 quaerit
1559 3883 1976 3940 incantationes.
2009 3881 2142 3936 Cum

579 3991 760 4038 autem
796 3984 1095 4037 sceleratus
1123 3982 1209 4037 ille
1239 3980 1617 4035 munusculum
1665 3977 1880 4045 aliquod
1943 3975 2011 4028 ab
2044 3973 2144 4027 ali-

579 4089 689 4144 quo
739 4073 1017 4127 hominum
1078 4073 1345 4142 acceperit
1383 4081 1440 4126 ut
1495 4070 1644 4134 vult,
1696 4070 1840 4124 hunc
1887 4069 2142 4123 miserum

581 4165 638 4219 in
692 4166 902 4221 ruinam
968 4177 1116 4222 certo
1148 4165 1376 4220 inducit.
1427 4163 1532 4218 Sed
1570 4163 1819 4226 interea,
1871 4161 1997 4215 dum
2058 4157 2146 4213 ille

585 4259 761 4314 tnalus
811 4260 877 4313 de
945 4259 1100 4314 ruina
1159 4273 1348 4314 eorum
1409 4255 1726 4321 exsultans,
1777 4252 1880 4310 sibi
1936 4248 2143 4320 aliquid

582 4365 741 4419 posse
796 4350 1049 4414 videtur,
1100 4349 1326 4405 omnino
1393 4357 1574 4403 tamen
1641 4347 1821 4401 inanis
1854 4354 1907 4400 et
1963 4343 2142 4412 impo-

2241 1873 2333 1924 καὶ
2369 1872 2422 1922 ἐν
2457 1869 2531 1938 τῷ
2561 1869 2690 1938 θείῳ
2735 1866 3005 1933 Ἀντωνίῳ
3047 1859 3520 1932 σχηματιζόμενος
3548 1857 3639 1910 καὶ
3666 1871 3782 1921 φαν-

2241 1957 2598 2023 τασιούμενος
2631 1950 2719 2024 ἦν,
2749 1955 2842 2005 καὶ
2872 1953 3076 2010 λοιποῖς
3103 1949 3281 2012 ἅλλοις
3307 1948 3418 2000 τῶν
3447 1947 3628 2013 ἁγίων,
3657 1944 3782 2008 άπερ

2238 2048 2315 2101 δεῖ
2346 2047 2518 2100 πάντα
2553 2047 2867 2114 καταργείν.
2903 2045 2977 2097 Οὑ
3009 2043 3165 2111 μόνον
3202 2041 3258 2094 δὲ
3311 2037 3408 2108 ἀφ’
3440 2035 3627 2090 ἐαυτοῦ
3663 2051 3782 2104 φαν-

2238 2139 2506 2200 ταστικῶς
2534 2139 2704 2192 ταῦτα
2740 2137 3037 2196 δείκνυσιν,
3063 2135 3137 2198 ὡς
3184 2131 3480 2202 ἀσώματος
3523 2129 3616 2192 ὢν,
3644 2143 3782 2181 συνε-

2239 2233 2350 2302 χῶς
2405 2233 2696 2284 ποικίλλων
2736 2231 2926 2284 ἑαυτὸν
2969 2229 3044 2292 ὼς
3100 2227 3469 2295 πονηρότατος
3515 2222 3651 2287 νοῧςο
3701 2220 3782 2272 καὶ

2245 2323 2862 2394 μετασχηειατιζόμενος
2897 2323 2990 2375 καὶ
3033 2318 3527 2390 μεταϐαλλόμενος,
3552 2318 3578 2371 δ
3609 2315 3668 2384 δὴ
3703 2313 3783 2366 καὶ

2241 2419 2582 2487 ἀνθρώπινος
2612 2417 2734 2477 νοῦς
2769 2415 3178 2483 ποικιλλόμενος
3212 2413 3472 2476 πολλάκις
3500 2413 3684 2480 πάσχει
3712 2409 3785 2462 θε-

2241 2511 2504 2580 λητικῶς,
2542 2511 2904 2580 μεταστρέφει
2929 2525 2987 2560 τε
3015 2509 3110 2560 καὶ
3146 2507 3494 2576 μεταμορφοῖ
3515 2505 3682 2572 λόγοις
3705 2503 3784 2554 καὶ
3854 2496 3858 2500 ’

2241 2607 2472 2666 ἐννοίαις
2507 2587 2599 2656 καὶ
2643 2605 2917 2672 σχήμασιν
2964 2601 3176 2666 ἑαυτὸν,
3223 2599 3318 2653 καὶ
3371 2599 3624 2660 ποικίλως
3655 2595 3781 2662 λέγει

2240 2699 2453 2765 ὅσαπερ
2497 2695 2745 2765 βούλεται
2781 2695 2874 2747 καὶ
2925 2694 3188 2754 πολλάκις
3231 2673 3481 2761 ἐξαπατᾷ
3527 2690 3782 2759 ἄνθρωπος

2240 2791 2314 2844 ὢν
2334 2789 2671 2859 ἀνθρώπους.
2701 2788 2775 2841 Οὑ
2807 2791 2966 2854 μόνον
2993 2788 3085 2841 οὖν
3111 2785 3360 2852 τοιαῦτα,
3392 2786 3524 2838 ἀλλὰ
3554 2784 3641 2837 καὶ
3665 2781 3785 2836 ὑλῶν

2241 2901 2406 2936 τινων
2438 2883 2464 2935 ό
2502 2885 2700 2951 ἐναγής
2733 2882 2943 2946 δαίμων
2980 2882 3074 2934 καὶ
3109 2880 3387 2943 σκοτεινὸς
3420 2879 3663 2953 ἅπτεται,
3702 2874 3783 2926 καὶ

2243 2975 2438 3047 κνίσσῃ
2492 2976 2873 3044 ὑπεισέρχεται
2925 2975 3017 3026 καὶ
3063 2973 3274 3041 καπνῷ,
3330 2974 3427 3026 καὶ
3461 2973 3689 3032 κτύπους
3719 2970 3786 3029 εἰς

2245 3069 2381 3137 ἀέρα
2411 3068 2574 3132 κινεῖ,
2606 3068 2697 3120 καὶ
2737 3066 2960 3120 τύπτειν
2991 3066 3139 3119 δοκεῖ
3171 3065 3454 3130 πολλάκις,
3493 3063 3584 3115 καὶ
3616 3062 3785 3114 ὑπεισ-

2245 3145 2460 3227 έρχεται
2512 3161 2762 3224 σώματα.
2800 3155 2988 3210 Ταῦτα
3023 3157 3080 3210 δὲ
3106 3156 3278 3208 πάντα
3318 3157 3484 3218 ποιεί,
3521 3150 3786 3220 φαντάξεῑν

2247 3248 2571 3318 βουλόμενος
2620 3251 2714 3302 καὶ
2771 3249 3066 3318 ἐξαπατᾷν,
3121 3248 3196 3309 ὡς
3241 3248 3339 3301 καὶ
3391 3246 3515 3308 τοὺς
3545 3244 3786 3312 Ἓλληνας

2245 3339 2576 3407 ἐξηπάτησε,
2633 3341 2726 3392 καὶ
2781 3339 2970 3401 Θυσίας
3005 3340 3185 3408 ἐζήτει
3236 3339 3414 3403 ζώων,
3467 3339 3548 3390 ῐνα
3582 3338 3679 3389 xiv
3713 3332 3786 3386 διὰ

2245 3432 2338 3495 τῆς
2371 3431 2596 3498 κνίσσης
2628 3430 2809 3483 αὑτῶν
2840 3429 3111 3500 φαντάζῃ,
3147 3429 3241 3481 καὶ
3281 3429 3413 3499 δοκῇ
3441 3428 3723 3498 λαμϐάνειν
3742 3441 3786 3477 τι

2245 3521 2302 3585 ἐξ
2337 3515 2538 3572 αὐτῶν.
2586 3521 2770 3573 Ταῦτα
2803 3522 2858 3574 δὲ
2918 3521 3077 3590 μέχρι
3110 3519 3206 3573 τοῦ
3244 3521 3362 3582 νῦν,
3411 3518 3484 3582 ὡς
3516 3519 3784 3588 ἐμάθομεν.

2247 3611 2342 3666 καὶ
2369 3611 2520 3679 παρά
2570 3628 2730 3663 τινων
2760 3612 2914 3678 ζητεῖ
2952 3609 3196 3679 ἐπῳδῶν,
3226 3611 3286 3662 τὸ
3324 3611 3424 3679 μὲν
3451 3608 3736 3677 λαμϐάνειν
3764 3606 3787 3655 ὁ

2245 3703 2473 3765 δείλαιος
2517 3701 2592 3766 ὥς
2640 3721 2691 3756 τι
2740 3703 2912 3773 δῶρον
2969 3704 3124 3774 παρά
3163 3721 3310 3765 τινος
3353 3704 3464 3756 τῶν
3514 3701 3794 3769 ἀνθρώπων

2249 3793 2592 3864 βουλόμενος,
2625 3795 2800 3847 ἓλκων
2845 3795 3008 3846 αὑτὸν
3052 3795 3130 3856 εἰς
3180 3793 3494 3856 ἀτώλειαν,
3529 3793 3588 3844 τὸ
3617 3791 3667 3843 δέ
3709 3788 3786 3840 καὶ

2247 3888 2551 3956 ἐπιχαίρων
2604 3888 2714 3946 τοῖς
2766 3886 3032 3948 τοιούτοις
3082 3886 3112 3938 ὁ
3167 3885 3371 3950 ἄθλιος,
3409 3885 3483 3947 ὥς
3537 3902 3587 3935 τι
3639 3881 3782 3934 δοκῶι

2247 3982 2507 4051 ἐνεργεῖν,
2550 3983 2784 4048 πάμπαν
2815 3982 3076 4050 ὑπάρχων
3106 3984 3170 4050 τῇ
3200 3981 3294 4034 τοῦ
3333 3980 3569 4051 Χριστοῦ
3595 3996 3688 4048 μου
3714 3979 3787 4028 δυ·

2247 4073 2410 4143 νάμει
2455 4074 2688 4143 ἀσθενὴς
2729 4074 2822 4126 καὶ
2870 4075 3181 4144 ἁνίσχυρος.
3213 4074 3286 4127 Οὐ
3321 4075 3466 4127 κατὰ
3495 4073 3672 4126 τοῦτον
3696 4069 3764 4121 τοί

2251 4181 2345 4216 νυν
2385 4165 2477 4217 τὸν
2507 4165 2711 4232 τρόπον
2753 4166 3071 4234 ἐνεργοῦσιν
3108 4167 3156 4218 οἱ
3187 4166 3410 4232 ἄγγελοι
3432 4183 3446 4197 ·
3481 4165 3592 4220 ἀλλ’
3619 4166 3786 4215 clitom—

2249 4255 2361 4315 κῶς
2410 4255 2788 4323 ἐπιφαίνονται
2839 4257 3054 4324 ἀληθῶς
3085 4259 3181 4310 καὶ
3230 4259 3372 4310 κατὰ
3406 4257 3553 4318 Θείας
3607 4253 3791 4306 ἐννοίας

2251 4349 2344 4399 καὶ
2370 4346 2598 4414 πράξεις
2637 4347 3020 4415 ἀγαθωτάτας,
3056 4349 3149 4400 καὶ
3183 4348 3468 4416 ἐνεργοῦσι
3511 4345 3625 4415 θείᾳ
3651 4342 3793 4396 δυνά·

581 4453 706 4496 tens
777 4442 965 4495 virtuti
1027 4449 1079 4495 et
1113 4443 1364 4510 potestati
1408 4440 1610 4495 Christi
1669 4439 1773 4493 mei
1837 4437 2143 4506 subjicitur.

2257 4458 2347 4509 μει
2375 4443 2442 4493 τὰ
2473 4441 2780 4509 πρόσφορα,
2813 4439 2908 4491 καὶ
2927 4431 3115 4504 λόγους
3145 4441 3239 4491 καὶ
3272 4441 3457 4505 φωνάς
3484 4435 3788 4506 ἐνεργοῦσιν.

584 4531 702 4586 Νοιι
751 4533 1048 4586 secundum
1107 4531 1248 4584 hanc
1297 4529 1528 4584 formam
1585 4537 1751 4597 agunt
1801 4527 2016 4597 angeli,
2050 4528 2146 4581 sed

585 4634 848 4694 apparent
885 4624 939 4678 in
992 4622 1225 4691 imagine
1256 4637 1384 4677 vera
1430 4632 1481 4676 et
1515 4621 1652 4675 inter
1706 4619 1920 4674 divinas
1953 4631 2150 4672 conce-

588 4719 802 4788 ptiones
845 4728 896 4771 et
954 4717 1330 4772 sanctissimas
1390 4713 1679 4768 actiones:
1718 4719 1883 4782 agunt
1930 4710 2148 4777 quidem

582 4811 739 4880 quasi
773 4826 879 4879 prae
913 4824 972 4865 se
1021 4807 1256 4863 ferentes
1315 4809 1571 4861 virtutem
1613 4803 1888 4866 divinam;
1943 4814 2151 4856 sermo-

587 4921 684 4957 nes
714 4911 766 4955 et
796 4917 962 4956 sonos
992 4900 1246 4953 emittunt
1286 4913 1390 4951 non
1417 4896 1777 4966 corporaliter
1814 4900 1869 4947 et
1899 4891 2151 4946 materia-

586 4994 730 5051 iiter,
757 4989 850 5044 sed
873 4989 1034 5058 quasi
1062 4989 1114 5043 in
1142 5003 1240 5041 nos
1275 4989 1529 5041 ducatum
1564 4991 1902 5044 exercentes,
1935 4991 1985 5036 et
2013 4982 2154 5036 sicut

585 5084 760 5138 sancti
818 5083 1040 5150 Spiritus
1097 5080 1312 5149 spiritui
1377 5068 1565 5132 nostro
1624 5075 1888 5132 divinitus
1919 5083 1972 5129 et
2027 5090 2153 5127 vere

585 5175 1085 5246 appropinquantes
1113 5181 1160 5227 et
1195 5171 1336 5226 bona
1383 5171 1685 5224 intentione
1735 5182 1793 5222 se
1843 5167 2000 5220 nobis
2029 5165 2154 5232 jun-

585 5278 793 5335 gentes,
815 5264 906 5319 Dei
931 5265 1235 5319 voluntates
1267 5261 1832 5326 utantfestantes.,non
1858 5258 1908 5310 in
1931 5255 2156 5324 fragori-

589 5359 694 5412 bus
718 5367 771 5412 et
818 5357 1164 5420 tumultibus,
1202 5356 1297 5410 sed
1329 5354 1383 5407 in
1419 5354 1603 5422 aliqua
1646 5350 1828 5404 divina
1860 5348 2061 5401 virtute
2101 5354 2156 5399 et

586 5452 784 5519 gratia,
825 5451 878 5504 in
906 5448 1319 5502 aediﬁcationem
1380 5445 1720 5500 audientium
1751 5482 1766 5507 ,
1827 5441 1879 5494 in
1941 5455 2074 5507 pace
2101 5449 2158 5492 et

589 5541 811 5609 gaudio.
843 5538 958 5593 Non
1001 5540 1227 5608 insuper
1268 5536 1583 5606 minuebant
1631 5534 1838 5588 fumum
1897 5531 2155 5586 sacriﬁcii

591 5645 703 5698 quo
731 5632 997 5700 propitius
1028 5633 1168 5685 Dens
1199 5628 1622 5690 baberetur,scd
1653 5635 1708 5680 nt
1733 5628 1784 5680 in
1806 5625 1996 5679 Manoe
2026 5641 2158 5680 scrt-

595 5732 740 5778 υιιιιιι
773 5734 850 5776 est
895 5738 908 5774 :
946 5739 962 5769 t
1018 5719 1212 5788 Tetigit
1251 5721 1398 5788 virga
1437 5734 1628 5773 carnes
1663 5719 1887 5788 angelus
1930 5720 2154 5788 (virtute

2252 4533 2312 4584 οὑ
2353 4532 2678 4599 σωματικῶς
2710 4531 2805 4584 καὶ
2834 4531 3075 4599 παχέως,
3105 4531 3242 4584 ἀλλὰ
3277 4531 3340 4583 τὸ
3375 4531 3690 4601 ήγεμονικδν
3715 4543 3769 4577 τυ

2253 4619 2483 4683 ποῦντες
2519 4621 2694 4689 ήμῶν,
2733 4625 2826 4674 καὶ
2852 4619 2927 4683 ὡς
2967 4623 3088 4684 νὸες
3130 4620 3299 4688 ἅγιοι.
3330 4621 3407 4689 τῷ
3451 4621 3693 4690 ἡμετέρῳ
3721 4612 3789 4666 νοῒ

2252 4711 2409 4776 Θείως
2451 4717 2539 4766 καὶ
2570 4712 2782 4782 ἀληθῶς
2813 4714 3119 4780 ἐγγίζοντες
3170 4714 3263 4765 καὶ
3296 4711 3627 4778 άγαθοειδῶς
3655 4707 3788 4760 ἐνού-

2257 4819 2428 4871 μενοι,
2461 4803 2557 4856 καὶ
2602 4803 2670 4856 τὰ
2708 4802 2802 4855 τοῦ
2837 4802 2972 4855 Θεοῦ
3003 4803 3315 4871 βουλήματα
3355 4801 3783 4870 ἀπαγγέλλοντες.
3833 4859 3842 4869 ,

2252 4895 2377 4948 οὑδὲ
2407 4895 2630 4956 κτύποις
2670 4895 2763 4947 καὶ
2793 4898 3076 4962 ταραχαῖς,
3107 4895 3241 4947 ἀλλὰ
3282 4896 3400 4964 θείᾳ
3460 4896 3564 4947 τινὶ
3588 4893 3783 4958 δυνάμει

2259 4989 2351 5038 καὶ
2390 4986 2596 5054 χάριτι,
2632 4985 2766 5050 πρὸς
2804 4986 3088 5052 οἰκοδομὴν
3118 4984 3223 5037 τῶν
3254 4984 3578 5046 ἀκουόντων,
3623 4982 3676 5032 ἐν
3724 4978 3792 5028 οἱ·

2258 5081 2392 5148 ρήνῃ
2424 5077 2480 5131 τε
2519 5080 2611 5130 καὶ
2637 5079 2868 5148 γαλήνῃ.
2901 5079 3008 5131 Καὶ
3035 5079 3156 5130 οὑδὲ
3190 5079 3396 5130 καπνὸν
3423 5075 3789 5142 ὑπεισήρχοντο

2259 5171 2447 5232 Θυσίας
2482 5173 2898 5239 προσαγομένης
2925 5170 3040 5238 Θεῷ
3069 5187 3216 5229 ποτε.
3250 5170 3383 5222 ἀλλά
3411 5166 3587 5228 καθὼς
3615 5165 3790 5232 γέγρα-

2260 5280 2390 5316 πται
2421 5265 2477 5315 ἐν
2505 5263 2582 5332 τῷ
2615 5264 2836 5327 Μανωέ,
2877 5283 2893 5312 ι
2912 5262 3124 5330 Ἥψατο
3151 5266 3215 5331 τῇ
3254 5261 3432 5331 ῥάϐδῳ
3446 5259 3551 5311 τῶν
3571 5257 3788 5326 κρεάτων

2257 5355 2285 5406 ὁ
2319 5355 2568 5420 ἄγγελος,
2608 5358 2671 5423 τῇ
2723 5355 2842 5423 θείᾳ
2876 5355 3101 5422 δυνάμει
3132 5355 3353 5422 δηλαδὴ,
3388 5353 3480 5405 καὶ
3513 5347 3790 5413 ἐξελθόντος

2259 5447 2320 5498 ὲκ
2359 5447 2454 5514 τῆς
2497 5447 2702 5516 πέτρας
2729 5446 2921 5514 πυρὸς,
2955 5445 3124 5499 ταῦτα
3165 5448 3458 5510 κατέφαγε.
3495 5461 3514 5494 ι
3543 5439 3700 5492 Τοῦτο
3741 5432 3788 5484 δέ

2261 5537 2350 5588 καὶ
2382 5537 2467 5589 διά
2519 5536 2614 5602 τῆς
2648 5537 2949 5605 προσευγῆς
2997 5535 3088 5587 τοῦ
3129 5534 3310 5587 Ἠλιοῦ
3337 5533 3541 5601 γέγονε.
3569 5529 3654 5580 καὶ
3680 5527 3792 5576 ἁνα-

2261 5625 2481 5693 φΘέντος
2520 5625 2711 5692 nep-5;,
2746 5625 2812 5677 τά
2846 5641 2901 5676 τε
2935 5626 3138 5692 κρέαςα
3172 5625 3262 5675 καὶ
3295 5624 3387 5683 τὰς
3430 5619 3676 5686 alliam;
3706 5609 3789 5662 καὶ

2263 5714 2319 5766 τὸ
2354 5714 2494 5783 ὕδωρ
2555 5717 2643 5766 καὶ
2682 5714 2803 5777 τοὺς
2851 5713 3029 5776 λίθους
3086 5719 3354 5781 κατέξαγε
3412 5712 3515 5762 Καὶ
3562 5704 3697 5759 ἄλλοι
3734 5697 3782 5750 δὲ
