4064 6204
265 211 268 214 ’
352 235 453 300 stt

1037 245 1432 310 RESPONSA
1474 248 1575 310 AD
1640 251 2094 314 GABRIELEM
2167 255 2898 323 PENTAPOLITANUM.

3505 255 3614 320 842

353 349 446 402 καὶ
493 351 521 402 ὁ
565 349 832 414 διάϐολος,
867 351 928 405 οὐ
975 358 1113 407 κατὰ
1143 357 1236 408 τὸν
1271 357 1434 409 τόπον
1473 359 1567 411 καὶ
1604 359 1794 412 στάσιν
1826 360 1923 429 τὴν
1949 386 1962 426 Α

2068 381 2088 416 [ι
2148 367 2328 422 medio
2371 383 2560 422 eorum
2619 370 2918 423 secundum
2981 363 3084 422 Job
3133 367 3417 424 historiam
3464 374 3616 423 stt-tit

354 441 464 493 τῶν
508 442 774 508 ἀγγέλων.
811 441 933 507 Πῶς
963 447 1074 518 γὰρ
1126 451 1154 501 ὁ
1188 449 1252 503 ἐκ
1295 449 1390 502 τοῦ
1437 451 1688 520 οὐρανίου
1743 451 1922 522 χώρην

355 533 538 586 πεσών
561 551 576 601 ;
597 534 678 598 ’ῶς
703 535 730 590 ὁ
765 537 954 608 Σωτὴρ
982 538 1118 609 ἔφη·
1158 559 1179 592 t
1222 541 1521 612 Ἐθεώρουν
1553 545 1646 596 τὸν
1680 545 1927 598 Σατανᾶν

357 627 434 689 ὡς
478 629 762 700 ἀστραπὴν
801 633 865 684 ὲκ
894 633 986 686 τοῦ
1021 634 1254 704 οὐρανοῦ
1303 633 1560 690 πεσόντα.
1603 655 1621 688 ι
1700 631 1932 689 Ἐνὸιαί-

357 735 512 789 τημα
545 721 656 790 γὰρ
681 723 796 776 τῶν
828 725 1078 792 ἀγγέλων
1117 729 1144 779 ὁ
1178 727 1427 796 οὐρανός.
1465 729 1572 780 Καὶ
1605 729 1714 798 γὰρ
1752 731 1800 780 εἰ
1837 731 1931 781 καὶ

359 813 624 883 ἀσώματά
667 817 772 868 εισι
815 817 1101 884 πνεύματα
1135 819 1184 872 οε
1221 817 1470 886 ἄγγελοι,
1496 820 1612 872 ἀλλ’
1654 821 1804 888 ὅμως
1831 839 1931 872 πε-

364 909 652 978 ριγραπτοὶ
704 911 797 962 καὶ
833 911 890 963 ἒν
933 911 1103 980 τόπῳ,
1144 913 1220 974 ὡς
1255 914 1349 965 καὶ
1397 914 1424 964 ὁ
1459 911 1730 980 ἡμέτερος
1788 910 1931 974 νοῦς.

361 1001 538 1054 Μόνον
577 999 630 1052 δὲ
685 1001 746 1054 τὸ
785 1003 938 1055 Θείον
968 1002 1369 1072 ἀπεριόριστον.
1403 1003 1618 1055 Ἴστατο
1650 1001 1744 1056 οὖν
1777 1003 1806 1055 δ
1839 1019 1938 1056 πο-

361 1095 526 1163 νηρὸς
561 1093 618 1145 ἒν
654 1095 804 1164 μέσῳ
847 1095 956 1147 τῶν
995 1095 1266 1163 ἀγγέλων,
1299 1093 1360 1146 οὗ
1421 1094 1500 1164 τῷ
1537 1095 1690 1164 τόπῳ
1744 1095 1838 1149 καὶ
1870 1097 1936 1165 τῇ

366 1187 572 1246 στάτει.
609 1185 744 1239 ἀλλὰ
771 1187 838 1256 τῇ
876 1187 1107 1256 ὲπάρσει
1148 1189 1247 1256 τῆς
1273 1185 1593 1250 ἀλαζονείας
1619 1187 1808 1254 αὑτοῦ,
1846 1187 1942 1240 καλ⁸

361 1278 440 1346 τῷ
471 1279 728 1348 ὑψινεφεῖ
775 1295 835 1332 τε
885 1279 978 1333 καὶ
1029 1275 1264 1348 ἀντιθέῳ
1299 1278 1393 1332 τοῦ
1446 1280 1816 1348 φρονήματος,
1878 1278 1940 1331 οὑ

364 1370 476 1435 γὰρ
507 1369 821 1438 περαιτέρῳ
867 1369 963 1421 τοῦ
1014 1369 1176 1439 ἀέρος
1207 1369 1426 1422 δύναται
1471 1365 1682 1438 βαίνειν
1709 1368 1736 1420 ὁ
1773 1384 1946 1420 κατα-

2034 458 2290 518 diabolus
2316 475 2424 514 non
2457 461 2510 514 in
2549 461 2671 515 loco
2703 469 2759 516 et
2789 460 2918 513 sede
2950 457 3290 531 angelorum.
3329 459 3617 526 Quomodo

2033 551 2180 604 enim
2213 549 2304 606 ille
2355 566 2386 607 e
2426 551 2636 606 caelesti
2675 551 2843 606 choro
2875 551 3120 606 cecidit?
3156 550 3298 605 sicut
3333 550 3470 605 dixit
3499 549 3618 604 Sal-

2035 653 2192 697 vator
2228 661 2242 698 :
2275 662 2293 695 ι
2335 641 2596 699 Videbam
2637 643 2898 700 Satanam
2941 645 3085 700 sicut
3137 643 3319 714 fulgur
3359 641 3425 698 de
3481 643 3620 698 cmlo

2034 736 2316 791 cadentem
2351 756 2366 792 :
2407 755 2425 788 ι
2461 752 2586 791 nam
2618 739 2822 792 ccelum
2863 733 3129 792 habitatio
3155 743 3240 791 est
3271 735 3616 806 angelorum.

2037 823 2254 878 Etenim
2288 827 2541 895 quamvis
2576 828 2750 897 angeli
2806 827 3031 896 spiritus
3078 828 3189 882 sint
3224 826 3618 895 incorporales.

2039 912 2133 966 sed
2165 922 2345 968 tamen
2390 914 2812 986 circumscripti,
2851 926 2904 972 et
2933 917 2986 970 iu
3020 917 3142 971 loco
3165 917 3355 970 sedent
3392 916 3536 969 sicut
3568 924 3624 970 et

2040 1002 2270 1068 spiritus
2311 1011 2496 1059 noster
2524 1022 2539 1057 ι
2568 1022 2711 1062 unus
2749 1007 2893 1060 enim
2929 1003 3071 1062 Deus
3099 1015 3182 1060 est
3206 1005 3476 1060 infinitus.
3500 1005 3623 1060 Ste-

2042 1095 2107 1150 tit
2137 1095 2303 1166 igitur
2320 1095 2495 1152 Malus
2523 1099 2578 1153 in
2614 1096 2793 1154 medio
2819 1099 3164 1170 angelorum,
3190 1113 3294 1153 non
3321 1099 3496 1152 locum
3526 1113 3625 1152 oc-

2045 1203 2253 1258 cupans
2282 1199 2334 1244 et
2370 1191 2552 1245 sedem
2589 1191 2817 1254 habens,
2855 1193 2948 1248 sed
2993 1193 3046 1246 in
3080 1193 3316 1247 elatione
3341 1191 3625 1258 jactantiae

2045 1289 2100 1336 et
2147 1282 2419 1350 superbia:
2452 1297 2584 1350 suae,
2625 1292 2680 1338 et
2719 1285 2962 1354 cogitans
2997 1299 3057 1340 se
3096 1299 3218 1340 esse
3245 1299 3412 1354 super
3451 1285 3622 1337 nubes

2045 1384 2100 1430 et
2120 1377 2381 1446 aequalem
2422 1378 2767 1448 similemque
2790 1379 2919 1434 Deo.
2959 1373 3064 1434 Sed
3091 1395 3197 1434 non
3223 1389 3402 1448 potest
3431 1393 3626 1434 ascen-

365 1461 578 1531 κριθεὶς
636 1461 838 1530 μᾶλλον
892 1461 995 1514 ὑπὸ
1049 1461 1148 1529 τὴν
1197 1461 1300 1531 γῆν
1331 1461 1560 1516 καὶτὸν
1613 1461 1750 1532 ᾅδην
1805 1454 1944 1513 εἶναι

2068 1469 2178 1522 lere
2227 1470 2368 1523 ultra
2424 1485 2626 1533 aerem,
2663 1487 2756 1525 seu
2804 1473 2989 1540 potius
3032 1473 3324 1528 damnatur
3376 1471 3438 1528 ad
3477 1487 3624 1528 coma

366 1554 473 1609 ἀεί.
502 1554 716 1608 Ἴστατο
743 1550 834 1606 οῦν
863 1553 1187 1622 κομπάζων,
1215 1553 1309 1607 καὶ
1339 1551 1480 1608 κατά
1517 1551 1652 1607 Θεοῦ
1678 1551 1774 1608 τοῦ
1793 1553 1950 1624 ποιή-

2068 1561 2376 1614 norandum
2408 1577 2625 1630 semper
2673 1563 2776 1617 sub
2827 1571 2971 1617 terra
3023 1570 3076 1616 et
3110 1564 3162 1617 in
3201 1561 3437 1617 inferno.
3465 1562 3630 1616 Stetit

371 1663 564 1708 σαντος
613 1646 794 1711 αὐτὴν,
831 1645 926 1701 καὶ
957 1645 1222 1701 ἀθάνατον
1269 1646 1732 1716 καταστήσαντος,
1765 1645 1945 1699 κινοῦ·

2068 1651 2225 1720 igitur
2272 1649 2468 1720 plenus
2507 1651 2800 1721 jactamia,
2850 1659 2904 1707 et
2956 1652 3122 1720 impie
3153 1661 3332 1705 motus
3362 1651 3628 1706 adversus

374 1757 536 1808 μενος
586 1737 884 1804 δυσσεϐῶς,
920 1739 1013 1792 καὶ
1067 1741 1210 1793 κατά
1258 1735 1352 1794 τοῦ
1378 1739 1708 1810 θεράποντος
1775 1737 1938 1792 αὐτοῦ

2068 1741 2220 1798 )eum
2251 1741 2343 1811 qui
2378 1741 2506 1798 fecit
2541 1744 2696 1796 illum
2737 1753 2792 1798 et
2840 1743 3128 1798 constituit
3165 1741 3550 1799 immortalem.
3578 1750 3633 1796 et

381 1829 526 1894 Ἰὼϐ,
557 1833 915 1902 ἐπαιρόμενος
972 1832 1270 1902 φθονερῶς,
1301 1833 1396 1886 καὶ
1433 1832 1532 1902 τὴν
1588 1832 1719 1904 περὶ
1778 1831 1946 1884 αὺτοῦ

2068 1843 2239 1890 :ontra
2273 1829 2372 1889 Joh
2406 1851 2624 1890 servum
2667 1835 2758 1890 Dei
2795 1835 3065 1892 invidiose
3098 1834 3341 1890 inﬂatum
3375 1876 3390 1898 ,
3431 1835 3628 1889 falsum

371 1927 467 1978 τοῦ
498 1923 634 1978 Θεοῦ
665 1926 972 1994 μαρτυρίαν
999 1925 1242 1980 σπεύδων
1266 1923 1544 1990 ἀποδεῖξαι
1575 1925 1767 1996 ψευδῆ.
1801 1923 1950 1978 Αλλά

2068 1943 2173 1984 asse
2208 1928 2498 1984 ostendere
2526 1930 2713 1984 volens
2743 1930 2887 1998 quod
2923 1930 2990 1984 de
3027 1929 3119 1982 illo
3155 1929 3456 1996 protulerat
3490 1926 3634 1982 Deus

376 2021 466 2073 καὶ
497 2023 560 2089 τῇ
593 2019 714 2089 θείᾳ
749 2019 966 2090 θελήσει
997 2019 1204 2072 δέδοται
1247 2017 1396 2088 αὐτῷ
1427 2015 1582 2086 χώρα
1605 2015 1674 2068 τὰ
1705 2016 1806 2086 τῆς
1841 2033 1948 2085 μα-

2068 2022 2454 2076 .estimonium.
2495 2020 2599 2075 Sed
2653 2030 2708 2074 et
2741 2023 3025 2076 voluntate
3075 2021 3172 2076 Dei
3222 2022 3408 2075 datum
3453 2029 3538 2073 est
3583 2019 3632 2072 ci

375 2113 495 2176 νίας
527 2114 768 2181 ἐνεργεῖν
801 2113 883 2176 εἰς
930 2111 1160 2181 δοκιμὴν
1193 2111 1288 2164 καὶ
1337 2110 1622 2181 προκοπὴν
1650 2109 1746 2162 τοῦ
1775 2125 1952 2179 μακα-

383 2207 499 2274 ρίου
541 2206 662 2260 Ίὼὸ
697 2205 926 2270 ἐκείνου,
961 2203 1049 2259 ἵνα
1083 2205 1156 2274 μὴ
1186 2204 1364 2276 τολμᾷ
1397 2204 1579 2272 λέγειν
1628 2203 1658 2256 ὁ
1693 2201 1949 2273 πονηρὸς,

379 2295 456 2359 ὡς
513 2297 573 2349 οὗ
620 2295 1005 2364 δεδοκίμασται
1055 2299 1084 2348 ὁ
1143 2293 1368 2357 δίκαιος,
1415 2293 1536 2346 οὐδὲ
1593 2291 1836 2362 ἀνεφάνη
1885 2293 1953 2361 τῇ

382 2389 548 2460 πείρᾳ
577 2387 786 2451 δίκαιος
835 2386 932 2442 ὦν,
974 2388 1032 2440 Ὀ
1063 2387 1172 2457 γάρ
1207 2377 1384 2448 κοινὸς
1429 2386 1620 2457 ἐχθρὸς
1643 2387 1744 2438 οὐκ
1780 2383 1954 2454 ἰσχύει

383 2495 436 2532 τι
471 2479 623 2550 παρὰ
671 2479 898 2550 γνώμην
931 2477 1068 2531 Θεοῦ
1093 2478 1236 2532 κατά
1278 2475 1385 2530 τῶν
1417 2477 1733 2548 κτισμάτων
1765 2473 1955 2540 αὑτοῦ,

383 2573 432 2626 εί
463 2571 559 2624 καὶ
579 2571 648 2624 τὰ
683 2572 781 2642 μὲν
813 2571 921 2623 τῶν
939 2570 1328 2640 ἐπερχομένων
1355 2569 1548 2640 ἀφίησι
1577 2569 1709 2631 Θεὸς
1739 2569 1959 2636 εὐδοκία

382 2665 633 2734 γίνεσθαι
667 2667 780 2728 τοῖς
808 2665 1137 2734 ἀνθρώποις,
1171 2663 1238 2716 τά
1269 2662 1326 2716 δὲ
1357 2661 1738 2731 ἐγκαταλείψει
1776 2677 1960 2732 παρα-

383 2759 574 2827 χωρεῖ,
610 2756 684 2810 ὡς
718 2756 782 2806 ἐκ
835 2756 1014 2822 πάσης
1062 2753 1248 2824 σχεδὸν
1293 2753 1395 2821 τῆς
1441 2751 1666 2822 Γραφῆς
1712 2749 1959 2805 διδασκόι

387 2847 550 2917 μεθα.
601 2843 711 2898 Καὶ
749 2843 923 2899 ταῦτα
969 2844 1070 2915 μὲν
1115 2845 1173 2898 ἑν
1209 2842 1406 2914 βραχεῖ
1454 2841 1582 2913 περὶ
1626 2843 1726 2912 τῆς
1771 2841 1961 2912 τρίτης

386 2939 730 3007 ἐρωτήσεως.

953 3029 1284 3084 ΕΡΩΤΗΣΙΣ
1322 3026 1396 3081 Δ’.

2056 2114 2144 2169 hic
2187 2113 2464 2168 vesaniam
2505 2113 2797 2168 ostendere
2835 2113 2890 2167 in
2935 2115 3374 2184 experimentum
3413 2125 3468 2166 et
3516 2126 3640 2180 pro-

2056 2217 2268 2258 cessum
2302 2204 2474 2272 ipsius
2508 2203 2647 2258 beati
2679 2203 2780 2257 Job
2800 2243 2815 2266 ,
2849 2212 2903 2258 ut
2931 2203 3106 2258 malus
3131 2219 3238 2258 non
3262 2203 3431 2272 possit
3455 2201 3638 2257 dicere

2059 2296 2186 2366 quia
2241 2310 2351 2350 non
2381 2303 2465 2350 est
2495 2305 2754 2365 expertus
2802 2295 3010 2364 justus,
3050 2304 3104 2349 et
3155 2295 3282 2364 quia
3341 2291 3639 2348 tentatione

2058 2403 2170 2442 non
2232 2385 2580 2442 manifestata
2630 2396 2712 2442 est
2773 2387 2987 2457 justitia
3043 2389 3184 2457 ejus.
3229 2385 3480 2456 lmpurus
3509 2399 3642 2454 ergo

2063 2479 2244 2534 hostis
2301 2478 2436 2532 nihil
2493 2487 2669 2549 potest
2725 2490 2916 2533 contra
2966 2487 3251 2534 creaturas
3303 2486 3498 2549 praeter
3551 2475 3641 2530 l‘ei

2063 2571 2352 2627 scientiam
2385 2588 2400 2624 :
2438 2581 2491 2626 et
2515 2571 2558 2624 si
2589 2585 2711 2640 quae
2746 2571 3008 2625 eveniunt
3040 2569 3381 2627 hominibus.
3419 2569 3533 2624 haec
3565 2568 3644 2636 ip-

2066 2661 2144 2714 sis
2183 2659 2562 2715 benevolentia
2599 2659 2867 2729 permittit
2917 2658 3060 2715 Deus
3109 2659 3259 2724 ﬁeri,
3291 2671 3345 2714 et
3386 2658 3643 2714 omnibus

2065 2766 2188 2822 quae
2205 2753 2472 2822 permittit
2493 2753 2646 2807 utilia
2667 2753 2867 2818 reddit,
2887 2753 3032 2809 sicut
3052 2768 3117 2832 ex
3143 2754 3289 2807 omni
3309 2751 3421 2806 fere
3453 2751 3638 2818 Scrip-

2069 2853 2192 2900 tura
2229 2845 2520 2902 discimus.
2554 2844 2621 2898 Et
2645 2846 2762 2900 inec
2791 2845 3032 2901 breviter
3057 2845 3112 2899 in
3137 2845 3350 2900 tertiam
3385 2843 3644 2914 quastit‘v

2066 2951 2214 2993 nem.

2605 3025 2932 3095 QUA'ISTIO
2991 3027 3080 3084 IV.

393 3125 506 3188 Τὰς
532 3123 929 3190 ἑξερχομένας
956 3121 1158 3191 ψυχὰς
1188 3121 1440 3189 ἅγγελος
1468 3115 1554 3191 εἷς
1585 3115 1899 3191 λαμϐάνει,

2073 3117 2336 3191 Egressus
2360 3137 2391 3174 a
2417 3121 2728 3186 corporibus
2761 3122 2967 3172 animus
2997 3136 3116 3174 num
3145 3117 3339 3191 singuli
3375 3102 3646 3191 παρίω-εδ

460 3184 716 3260 #01162,-
742 3184 854 3247 Ἐπί
883 3184 934 3248 έι
963 3184 1144 3262 irrupit:
1172 3184 1430 3263 ἀγγέλου
1458 3190 1822 3263 ἐξέρχονται.
1853 3184 1959 3263 Kal

459 3265 586 3329 πῶς
613 3255 1058 3334 λαμϐάνεταὶτῆί
1078 3255 1464 3334 ψέρχῆἅῡλος
1491 3255 1684 3334 circa;
1716 3255 1808 3334 Ital.
1838 3255 1960 3334 πρῦ

464 3325 780 3402 πορεύεὶαι
810 3352 828 3397 ;
857 3334 966 3388 Kal
1026 3325 1573 3402 él'ddirdraa'ti-vxiq
1604 3325 1964 3394 κατέχεσθαι

461 3399 598 3474 ὠςῆ
625 3406 732 3460 τοῦ
758 3403 1062 3459 πλουσίου
1084 3402 1204 3457 ὑπὸ
1233 3399 1458 3469 πυρός;

465 3501 602 3569 Περὶ
633 3498 687 3551 δέ
725 3515 786 3567 γε
843 3497 940 3566 τῆς
981 3495 1269 3565 τετάρτης,
1305 3493 1388 3546 ὅτι
1443 3492 1492 3545 εἰ
1538 3481 1620 3553 εἷς
1667 3485 1962 3556 ἀγγελοςῆ

391 3593 580 3648 πολλοὶ
613 3591 986 3660 λαμϐάνουσιν
1022 3585 1313 3657 ἀνθρώπου
1355 3583 1554 3654 ψυχὴν,
1596 3581 1689 3634 καὶ
1721 3579 1769 3631 εί
1797 3576 1966 3646 χωρὶς

393 3687 626 3755 ἀγγέλου
662 3684 756 3738 τοῦ
788 3684 1042 3750 σώματος
1087 3681 1187 3733 οὐκ
1218 3675 1518 3748 ἐξέρχεται,
1548 3673 1646 3727 καὶ
1683 3671 1802 3734 πῶς
1829 3669 1970 3736 λαμ.

393 3781 614 3836 ϐάνεται
647 3776 738 3832 ὑπ’
770 3775 1024 3844 ἀγγέλου,
1048 3773 1166 3825 ἐπεὶ
1199 3771 1295 3823 καλ⁸
1325 3769 1492 3839 ἅμφω
1526 3765 1834 3836 πνεύματα,
1860 3761 1956 3816 καὶ

400 3873 504 3927 ποῦ
537 3871 855 3941 ἀπέρχεται,
881 3868 962 3930 είς
991 3866 1080 3919 τὸν
1102 3861 1331 3936 οὐρανὸν
1363 3861 1396 3933 ἢ
1428 3861 1508 3924 εἰς
1531 3859 1631 3929 τὴν
1655 3857 1780 3927 γῆν,
1818 3853 1852 3927 ἢ
1886 3857 1968 3918 είς

395 3965 488 4018 τὸν
521 3964 676 4035 ᾅδην,
710 3961 804 4014 καὶ
839 3957 958 4021 πῶς
987 3957 1044 4010 ἐν
1073 3953 1231 4024 φλογὶ
1275 3951 1566 4023 ἀσώματος
1608 3949 1766 4032 οὖσα,
1797 3947 1972 4003 ταῦτα

398 4059 541 4110 κατὰ
567 4053 798 4122 δύναμιν
831 4051 1084 4117 λέγομενο
1118 4047 1242 4100 Ὅτι
1271 4045 1370 4116 μὲν
1399 4043 1492 4098 ὑπ’
1519 4042 1769 4110 ἀγγέλων
1798 4039 1972 4108 ἀγίων

397 4146 768 4215 λαμϐάνονται
799 4145 855 4196 αί
893 4140 1004 4193 τῶν
1031 4137 1255 4191 δικαίων
1308 4135 1500 4206 ψυχαὶ,
1537 4135 1591 4186 αἱ
1635 4132 1690 4186 δὲ
1719 4131 1828 4184 τῶν
1861 4129 1974 4185 ἀδί-

398 4255 512 4292 κων
542 4236 644 4290 ὑπὸ
669 4235 961 4303 διιμὸνων,
995 4230 1100 4284 ἀπὸ
1131 4227 1344 4282 πολλῶν
1379 4223 1629 4296 ἱστοριῶν
1653 4225 1745 4277 καὶ
1773 4240 1974 4293 πατρια-

399 4330 512 4383 κῶν
557 4327 730 4394 λόγων
774 4325 1021 4394 ἔγνωμεν
1045 4337 1060 4351 ·
1100 4321 1193 4373 καὶ
1233 4317 1294 4372 τδ
1345 4316 1491 4388 ἱερόν
1531 4333 1694 4386 φησιν
1727 4313 1975 4380 Εὐαγγέ-

2145 3190 2318 3259 angeli
2354 3192 2641 3259 excipiant.
2675 3199 2722 3242 et
2759 3205 2880 3242 nunt
2909 3191 3021 3244 sine
3069 3189 3255 3256 angelo
3285 3186 3646 3259 egrediantur.

2153 3257 2430 3322 Quomodo
2463 3257 2644 3330 possit
2654 3262 2832 3330 excipi
2870 3261 3050 3330 animo
3093 3274 3278 3324 expers
3317 3257 3570 3330 materias,
3601 3263 3652 3306 et

2143 3345 2398 3397 quorsum
2426 3326 2598 3384 abeat.
2617 3328 2760 3383 Num
2781 3326 2964 3398 possit
2991 3329 3056 3384 ab
3091 3330 3210 3400 igne
3235 3328 3494 3382 contineri
3515 3326 3652 3380 sicut

2143 3403 2324 3454 anima
2355 3400 2544 3456 Divitis
2567 3402 2593 3456 .7

2145 3493 2224 3548 Ad
2255 3501 2504 3563 quartam
2555 3502 2734 3549 autem
2785 3495 3145 3563 quaestionem
3179 3501 3361 3548 utrum
3393 3503 3536 3545 unus
3562 3495 3656 3542 aut

2077 3589 2263 3660 plures
2315 3587 2490 3656 angeli
2523 3585 3024 3642 auferantanimatn
3057 3585 3330 3650 hominis;
3363 3590 3414 3637 et
3445 3597 3515 3636 an
3539 3583 3656 3634 sine

2078 3678 2269 3748 angelo
2296 3693 2404 3732 non
2439 3685 2596 3732 exeat
2624 3693 2654 3732 e
2682 3690 2948 3745 corpore;
2977 3676 3251 3746 quomodo
3282 3674 3558 3728 auferatur
3587 3671 3656 3724 ab

2079 3772 2272 3840 angelo
2311 3786 2434 3826 cum
2464 3771 2574 3826 sint
2620 3780 2850 3836 uterque
2881 3770 3144 3837 spiritus:
3175 3777 3226 3821 et
3259 3781 3368 3837 quo
3395 3765 3575 3825 abeat,
3600 3762 3656 3816 in

2079 3860 2282 3918 coelum
2309 3902 2326 3928 ,
2375 3869 2471 3916 aut
2503 3861 2556 3915 in
2592 3867 2816 3924 terram,
2867 3868 2963 3914 aut
3007 3860 3060 3914 in
3093 3858 3401 3920 infernum;
3432 3865 3488 3911 et
3514 3870 3654 3923 quo-

2079 3955 2242 4012 modo
2281 3955 2636 4011 comburatur
2677 3968 2797 4008 cum
2853 3966 2960 4006 non
3011 3952 3208 4006 habent
3247 3961 3448 4016 corpus
3488 3965 3504 4002 :
3541 3947 3658 4000 hznc

2079 4063 2179 4120 pro
2237 4062 2399 4118 posse
2453 4047 2700 4101 dicemus
2773 4060 2788 4098 :
2843 4044 2986 4112 quod
3043 4041 3240 4098 animae
3287 4041 3557 4110 iustorum
3627 4051 3660 4090 a

2081 4140 2290 4196 sanctis
2345 4137 2574 4209 angelis,
2609 4136 2901 4202 impiorum
2961 4149 3089 4192 vero
3135 4151 3165 4188 a
3222 4131 3506 4188 diemoniis
3561 4145 3659 4184 au-

2082 4231 2370 4296 ferantur,
2421 4240 2476 4286 et
2529 4231 2634 4285 hoc
2682 4230 2978 4286 multorum
3042 4227 3430 4284 historicorum
3479 4235 3526 4280 et
3561 4224 3661 4278 Pa-

2083 4331 2227 4378 trum
2293 4321 2642 4378 sermonibus
2713 4321 3140 4390 cognoscimus;
3213 4320 3466 4389 idemque
3521 4317 3664 4372 dixit

399 4421 516 4474 λιον
548 4419 675 4488 περὶ
707 4416 799 4470 τοῦ
837 4415 1066 4484 πένητος
1101 4411 1350 4480 Λαζάρου
1387 4407 1771 4471 ἀποθανόντος,
1814 4404 1962 4458 αὐτοι

2085 4401 2438 4486 Evangelittm
2488 4411 2556 4468 de
2611 4427 2846 4484 paupere
2920 4411 3129 4468 Lazaro
3185 4421 3444 4474 mortuo,
3517 4411 3664 4483 quod

399 4511 507 4564 ὑπὸ
567 4509 813 4578 ἀγγέλων
871 4505 1241 4575 ἀπενεχθῆναι
1311 4503 1390 4564 εἰς
1456 4500 1546 4553 τὸν
1607 4499 1809 4552 κόλπον
1881 4498 1974 4550 τοῦ

415 4603 694 4675 Ἀϐραάμ.
735 4598 1091 4672 Μαρτυροῦσι
1137 4597 1197 4651 δὲ
1247 4597 1342 4650 καὶ
1388 4595 1445 4647 αἱ
1497 4592 1856 4662 θεωρηθεῖσαι
1899 4589 1978 4659 τῷ

405 4697 538 4765 θείῳ
579 4693 851 4759 Ἀντωνίῳ
881 4691 1074 4762 ψυχαὶ,
1113 4691 1146 4759 ἦ
1179 4707 1238 4742 τε
1265 4687 1359 4741 τοῦ
1390 4685 1709 4757 Νητριώτου
1755 4687 1808 4740 ’Λ
1821 4685 1977 4753 μοῦν,

402 4787 498 4842 καὶ
530 4788 562 4856 ἡ
589 4784 682 4838 τοῦ
713 4783 952 4853 Θησαίου
987 4783 1043 4835 δὲ
1077 4781 1313 4846 Παύλου,
1365 4778 1439 4842 ὡς
1469 4781 1497 4832 ὁ
1547 4777 1720 4848 μέγας
1767 4778 1984 4848 ἐκτεθη-

407 4897 493 4934 σιν
538 4876 880 4938 Ἀθανάσιος,
913 4875 1008 4929 καὶ
1046 4871 1258 4926 πολλῶν
1285 4869 1342 4924 δὲ
1378 4869 1554 4922 ἄλλων
1593 4869 1768 4936 ἁγίων
1803 4885 1981 4938 μακα-

409 4972 674 5041 ριώταται
699 4967 894 5038 ψυχαὶ,
925 4965 986 5018 οὐ
1023 4966 1183 5032 μόνον
1214 4961 1318 5015 ὑπὸ
1347 4960 1596 5028 ἀγγέλων
1626 4960 1786 5013 θείων
1816 4977 1984 5028 προσ-

403 5063 840 5131 λαμϐανόμεναι.
864 5058 1030 5129 328
1059 5055 1194 5112 ἀλλά
1217 5053 1310 5108 καὶ
1335 5053 1440 5106 ὑπὸ
1469 5051 1660 5124 ψυχῶν
1695 5052 1866 5121 άγίων
1899 5052 1986 5106 δο-

408 5153 836 5226 ρυφορούμεναι,
862 5152 941 5214 εἰς
970 5147 1319 5220 παράκλησιν
1349 5145 1550 5210 αὐτῶν,
1579 5141 1756 5214 οἴμαι,
1777 5147 1874 5200 καὶ
1905 5164 1986 5198 τι·

411 5245 540 5315 μὴν,
575 5243 1058 5312 ἀπαστελλομένων
1099 5240 1304 5295 τούτων
1339 5237 1494 5307 παρὰ
1529 5238 1686 5292 Θεοῦ.
1728 5237 1988 5306 ’Δριθμδν

409 5337 469 5390 δὲ
503 5337 604 5388 οὐκ
653 5335 900 5402 ἔγνωμεν
933 5332 1204 5402 ἀγγέλων.
1247 5333 1516 5394 Πολλάκις
1543 5329 1599 5384 δὲ
1641 5330 1736 5382 καὶ
1765 5327 1884 5390 ἕνα,
1914 5327 1990 5389 ὡς

413 5427 692 5495 Εὺθὺμιος
714 5427 742 5478 ὁ
778 5425 949 5494 μέγας
981 5423 1208 5493 ἔϐλεψεν
1233 5422 1794 5492 ἀγγελονκατέχοντα
1813 5421 1992 5488 “cpta-.-

414 5538 536 5589 ναν,
575 5520 892 5591 ἠκούσαμεν
941 5518 999 5568 ἐν
1049 5517 1160 5574 τοῖς
1201 5513 1310 5566 τῶν
1353 5515 1622 5585 Πατέρων
1663 5513 1866 5580 λόγοις,
1897 5511 1994 5564 καὶ

415 5613 510 5667 δύο
539 5614 596 5665 δὲ
645 5611 738 5665 καὶ
771 5609 1028 5670 πλείονας
1075 5607 1341 5674 ἀγγέλους
1384 5604 1853 5676 παραγεγονότας,
1899 5601 1994 5654 ἐπὶ

416 5707 496 5776 τῷ
554 5705 737 5762 λαϐεῖν
805 5703 1008 5772 ψυχήν.
1078 5695 1244 5766 Οἶμαι
1327 5699 1384 5753 δὲ
1438 5698 1592 5753 τοῦτο
1651 5697 1817 5772 ικατὰ
1891 5698 1992 5768 τὴν

770 5799 1032 5860 Ριιτιιῡι.
1081 5797 1195 5856 Gn.
1241 5793 1414 5856 CLV.

2081 4509 2150 4560 ab
2203 4505 2410 4576 angelis
2465 4503 2713 4560 sublatus
2775 4504 2848 4560 sit
2897 4504 2952 4558 in
3006 4505 3188 4560 sinum
3235 4503 3488 4558 Abrahae.
3555 4505 3664 4558 Te-
3731 4497 3742 4508 ’

2081 4605 2295 4654 stantur
2343 4598 2488 4654 enim
2555 4605 2806 4652 sanctum
2858 4595 3157 4651 Antonium
3228 4597 3660 4665 contemplatum

2081 4705 2202 4747 esse
2234 4691 2446 4745 animas
2481 4697 2768 4752 exeuntes,
2807 4696 2868 4741 ut
2895 4688 3138 4742 narravit
3167 4701 3398 4755 magnus
3417 4687 3664 4740 Athana-

2084 4787 2199 4839 sius
2230 4785 2298 4838 de
2329 4783 2510 4837 anima
2539 4781 2690 4835 Pauli
2725 4779 2988 4848 Thebani,
3026 4789 3080 4834 et
3111 4781 3402 4834 multorum
3433 4780 3664 4834 aliorum

2084 4879 2435 4935 beatissimas
2485 4885 2800 4932 sanctorum
2861 4876 3088 4930 animas.
3147 4872 3334 4942 Neque
3391 4871 3564 4925 soluat
3631 4887 3664 4924 a

2086 4970 2296 5026 sanctis
2325 4969 2532 5034 angelis
2553 4968 2747 5022 ablata:
2773 4975 2918 5033 sunt,
2947 4966 3039 5023 sed
3059 4974 3114 5021 et
3141 4964 3430 5020 custoditae
3451 4979 3478 5017 a
3511 4977 3683 5018 sanc-~

2087 5070 2108 5117 t
2134 5077 2160 5116 s
2195 5059 2486 5114 animabus
2510 5073 2540 5111 a
2571 5057 2682 5112 Deo
2727 5055 2909 5111 missis
2937 5056 2990 5109 in
3021 5057 3414 5126 pratectionem
3448 5053 3666 5121 quidem

2087 5165 2146 5208 et
2175 5153 2438 5206 honorem
2477 5149 2741 5218 ipsarum.
2774 5145 3072 5200 Numerum
3105 5152 3284 5198 autem
3313 5157 3420 5196 nou
3461 5141 3669 5196 scimus

2089 5243 2407 5314 angelorum
2441 5241 2507 5293 ad
2553 5239 2656 5293 hoc
2694 5237 3098 5306 deputatorum.
3149 5233 3302 5304 Saepe
3339 5249 3504 5286 unum
3541 5231 3672 5302 legi-

2090 5351 2215 5392 mus
2247 5333 2301 5389 in
2335 5331 2680 5388 sermonibus
2707 5329 2928 5384 Patrum
2959 5346 2974 5394 ;
3010 5328 3144 5383 vidit
3166 5325 3490 5396 Euthymius
3523 5339 3672 5394 mag-

2093 5443 2200 5500 nus
2233 5425 2633 5482 custodientem
2661 5423 2939 5478 Triaanatn
2981 5430 3034 5476 et
3063 5421 3202 5474 duos
3235 5419 3317 5472 vel
3352 5419 3533 5487 plures
3576 5431 3676 5470 an-

2105 5521 2260 5589 gelos
2297 5517 2616 5588 praepositos
2649 5515 2714 5569 ad
2745 5513 3147 5584 suscipiendam
3179 5511 3437 5575 animam,
3463 5515 3517 5560 et
3540 5507 3675 5562 illud

2095 5610 2234 5664 forte
2258 5615 2479 5678 pr0pter
2502 5605 2819 5674 dignitatem
2847 5602 3150 5656 animarum
3175 5597 3670 5668 suscipiendarum:

2097 5709 2151 5758 et
2179 5699 2390 5757 animas
2422 5697 2700 5770 iustorum
2751 5709 2780 5750 a
2817 5693 3067 5766 pluribus
3101 5691 3308 5760 angelis
3341 5688 3546 5760 suscipi
3576 5703 3677 5758 pro

3113 5785 3186 5846 Ξῖ
