4064 6204
383 309 492 374 845

1095 309 1486 372 RESI‘ONSA
1515 311 1614 370 AD
1655 310 2108 372 GABRIEIJEM
2151 309 2877 373 PENI‘APOLI‘TAN‘UM.

3441 360 3444 364 .
3525 295 3636 378 sto

381 443 491 482 σιν.
543 429 609 482 Εἰ
645 427 740 482 οὖν
778 428 870 482 καὶ
921 429 1160 498 μετρίως
1203 429 1349 487 τινες
1392 427 1572 480 αὐτῶν
1617 428 1949 498 ἐξήμαρτον,

2081 441 2180 480 Iam
2216 442 2431 495 poenam
2463 439 2864 500 exspectantes.
2885 429 2943 484 Si
2969 446 3096 486 vero
3129 431 3324 500 aliquis
3349 449 3414 488 ex
3439 434 3632 488 iisdem

383 521 478 572 καὶ
515 518 674 588 μόνον
719 521 978 591 μετανοίᾳ
1015 520 1108 572 τοῦ
1167 521 1284 590 βίου
1313 519 1509 572 τοὺτου
1557 519 1801 588 ἐξῆλθον,
1867 522 1956 574 διὰ

381 611 482 678 τῆς
525 610 828 680 ἱερωτάτης
865 612 1051 673 θυσίας
1081 612 1175 664 καὶ
1203 611 1461 664 εὐποιιῶν
1508 612 1604 665 καὶ
1627 612 1828 664 λοιπῶν
1857 613 1955 665 ἄλ-

383 702 512 762 λων,
547 701 805 755 δύνανται
831 703 1142 772 ἐλευθερίας
1163 705 1350 772 τυχεῖν
1383 703 1488 773 πρδ
1517 701 1610 756 τοῦ
1651 703 1828 756 ἐλθεῖν
1866 703 1956 755 τὸν

383 792 598 860 κριτήν.
637 791 746 844 Καὶ
787 791 944 845 τοῦτο
973 793 1234 864 δεχομένη
1270 797 1301 864 ή
1348 794 1666 864 Ἐκκλησία,
1696 794 1795 858 τὰς
1817 795 1957 864 ὑπὲρ

384 885 492 938 τῶν
539 887 920 956 ἀποιχομένων
963 888 1201 940 ποιεῖται
1253 887 1566 958 προσευχὰς
1603 889 1698 940 καὶ
1728 887 1954 950 θυσίας·

385 978 482 1032 καὶ
517 978 703 1031 πολλοὶ
747 979 1299 1048 τοῦτο-μαρτυροῦσι,
1337 979 1430 1031 καὶ
1484 981 1534 1031 οἱ
1562 979 1814 1048 λυόμενοι
1837 980 1960 1033 δεσ-

391 1071 496 1141 μοῦ
529 1073 668 1140 μετὰ
707 1071 944 1125 θάνατον
987 1072 1062 1136 ὡς
1105 1073 1382 1141 λυομένων
1417 1073 1511 1126 καὶ
1551 1073 1657 1125 τῶν
1687 1075 1960 1140 σωμάτων

386 1163 587 1216 αὐτῶν.
625 1163 723 1216 Διά
778 1163 936 1216 τοῦτο
979 1166 1070 1216 καὶ
1118 1164 1294 1233 φλόγα
1327 1165 1421 1217 τοῦ
1460 1164 1714 1217 πλουσίου
1750 1165 1960 1218 ἐκείνου

383 1255 485 1324 τὴν
511 1257 612 1322 τῆς
657 1255 1015 1322 συνειδήσεως
1048 1256 1318 1325 τιμωρίαν
1363 1258 1586 1326 νοητὲον
1607 1298 1622 1320 ,
1672 1259 1852 1312 καὶτὸ
1883 1257 1960 1328 μὴ

390 1347 638 1415 μετέχειν
687 1345 931 1415 χάριτος.
987 1347 1060 1400 Τὸ
1121 1345 1393 1416 μακρόθεν
1442 1347 1500 1401 δὲ
1565 1347 1656 1401 τὸν
1712 1349 1963 1421 Ἀϐραὰμ

385 1439 628 1508 καθορᾷν
660 1437 720 1490 τὸ
781 1439 992 1508 μακρὰν
1027 1433 1168 1491 εἶναι
1211 1439 1346 1492 Θεοῦ
1402 1440 1684 1510 σημαίνει,
1721 1441 1814 1495 καὶ
1859 1439 1963 1494 ὑπὸ

379 1528 656 1594 δαιμόνων
689 1527 984 1581 θλίϐεσθαι.
1023 1529 1098 1580 Οὐ
1130 1529 1234 1599 μὴν
1273 1529 1328 1582 δὲ
1361 1531 1542 1584 τελεία
1575 1531 1741 1602 329
1768 1531 1863 1585 νῦν
1885 1529 1965 1585 δί-

383 1620 540 1674 δοται
594 1621 834 1682 κόλασις,
887 1621 946 1674 Εἰ
980 1621 1036 1672 δὲ
1069 1621 1157 1674 διὰ
1207 1623 1268 1674 τὸ
1299 1621 1391 1675 τὸν
1425 1623 1628 1692 Κύριον
1680 1625 1962 1694 εἰρηκέναι

387 1715 444 1766 ὲν
474 1715 666 1784 γεέννῃ
697 1707 837 1764 εῖναι
873 1713 966 1764 τὸν
997 1713 1273 1776 πλούσιον,
1305 1715 1622 1768 πιστευτέον
1655 1717 1712 1767 ὲν
1742 1715 1959 1768 κολάσει

389 1803 534 1860 εἶναι
562 1807 744 1872 αὑτὸν,
781 1808 876 1859 καὶ
905 1805 992 1858 διὰ
1027 1805 1185 1858 τοῦτο
1213 1809 1334 1869 ταῖς
1360 1808 1468 1861 τῶν
1503 1809 1846 1878 ἁμαρτωλῶν
1875 1809 1966 1862 κό-

390 1899 546 1962 λασίς
574 1900 689 1950 ἔστι
717 1898 938 1967 ψυχαῖς,
971 1896 1188 1962 αἰώνιος
1215 1897 1391 1964 ἔσται,
1419 1899 1679 1970 ἀρραϐὼν
1709 1903 1806 1969 τῆς
1833 1900 1964 1970 μελ-

389 1992 588 2060 λούσης
617 1989 912 2053 κολάσεως.
961 1990 1106 2060 Πλὴν
1137 1992 1260 2044 ὅσον
1289 1991 1439 2045 ἔστιν
1478 1994 1688 2046 ἐννοεῖν
1725 1993 1831 2045 ἀπὸ
1857 1993 1966 2044 τῶν

391 2085 568 2152 ἁγίων
597 2085 853 2154 Γραφῶν,
885 2085 1006 2138 ἐπεὶ
1038 2085 1193 2139 οὔπω
1221 2087 1325 2138 ὑπὸ
1359 2088 1428 2138 τὰ
1451 2086 1626 2156 δεσμὰ
1653 2089 1748 2140 καὶ
1774 2087 1832 2139 τὸ
1860 2086 1968 2157 πῦρ

393 2178 456 2232 τὸ
486 2179 888 2250 ἡτοιμασμένον
915 2179 1062 2249 αὐτῷ
1105 2180 1134 2231 ὁ
1166 2179 1410 2242 διάϐολος
1451 2180 1550 2233 σὺν
1584 2181 1696 2240 τοῖς
1726 2180 1966 2248 δαίμοσι,

397 2271 515 2325 ἀλλ’
543 2273 622 2324 ἔτι
651 2272 749 2342 τὴν
778 2272 977 2325 κακίαν
1013 2271 1297 2341 ἐνεργοῦσι
1329 2271 1406 2340 τῷ
1453 2273 1662 2340 κόσμῳ,
1697 2271 1790 2323 καὶ
1819 2272 1971 2324 οὔπω

391 2365 450 2418 δὲ
477 2366 508 2434 ή
535 2364 807 2433 ἀπόφασις
843 2367 936 2417 καὶ
969 2365 1082 2427 τοῖς
1111 2363 1457 2432 ἁμαρτωλοῖς
1474 2363 1666 2432 γέγονε
1696 2362 1778 2428 τὸ,
1815 2381 1832 2414 ι
1863 2364 1970 2414 IIo-

399 2457 620 2528 ρεύεσθε
673 2457 768 2510 ἀπ’
813 2456 968 2524 ἐμοῦ,
1002 2459 1051 2509 oi
1099 2455 1472 2525 κατηραμένοι
1533 2456 1613 2518 εἰς
1665 2455 1724 2508 rb
1755 2454 1866 2522 πῦρ
1911 2454 1972 2507 τὸ

395 2550 634 2603 αἰώνιονι
657 2569 675 2600 ι
706 2550 768 2602 οὐ
794 2547 974 2619 τελείᾳ
993 2549 1210 2601 κολάσει
1243 2549 1296 2600 ai
1316 2547 1422 2600 τῶν
1441 2545 1780 2615 ἁμαρτωλῶν
1807 2545 1974 2616 ψυχαὶ

399 2641 804 2708 παραδίδονται,
842 2640 890 2690 εἰ
920 2641 1012 2691 καὶ
1035 2643 1061 2692 ὁ
1098 2639 1357 2701 Πλούσιος
1395 2639 1612 2704 λέγεται
1657 2639 1718 2691 ἐν
1757 2639 1970 2710 γεέννῃ.

401 2734 628 2794 Πάντως
659 2733 768 2802 γὰρ
795 2731 949 2784 ἔσται
977 2731 1077 2798 μὲν
1110 2733 1166 2784 ὲν
1199 2731 1444 2794 κολάσει,
1473 2732 1534 2784 οὺ
1558 2731 1742 2802 τελείᾳ
1765 2732 1844 2792 δὲ,
1877 2731 1974 2784 καὶ

398 2826 521 2876 οὐδὲ
548 2823 617 2876 δι’
639 2823 810 2896 αὐτὴν
851 2824 950 2892 τὴν
979 2825 1035 2875 ἐν
1071 2825 1230 2892 μέρει
1257 2823 1479 2878 κόλασιν
1521 2823 1974 2893 ἀπαλλαγήσεται

397 2919 497 2986 τῆς
522 2915 756 2980 τελείας,
803 2917 877 2978 ὡς
905 2916 952 2967 oi
1001 2915 1219 2968 Λατῖνοι
1249 2917 1377 2986 περὶ
1423 2916 1516 2969 τοῦ
1550 2916 1974 2986 Πουργατωρίου

401 3009 532 3075 quo?
543 3049 556 3062 .
578 3011 684 3062 Καὶ
700 3007 880 3076 δῆλον,
903 3007 979 3069 ὡς
997 3008 1089 3060 καὶ
1107 3007 1294 3076 χάσμα
1329 3001 1480 3062 εἷπεν
1509 3004 1650 3061 εῖναι
1671 3011 1698 3061 ό
1718 3007 1977 3077 Ἀϐραὲμ

1994 1763 2041 1822 Β

2059 519 2337 574 moderate
2394 521 2705 591 deliquerit,
2757 532 2812 576 et
2871 537 2997 576 cum
3029 523 3352 592 poenitentia
3410 539 3476 578 ex
3535 530 3636 578 hac

2058 609 2170 663 vlta
2195 613 2508 676 excesserit,
2539 629 2639 682 per
2663 623 3074 668 sacrosanctum
3096 615 3426 670 sacrificium
3459 628 3511 668 et
3537 617 3636 668 bo-

2015 757 2019 760 _
2059 715 2126 754 na
2151 717 2315 770 opera
2335 713 2391 758 et
2414 704 2523 758 alia
2559 715 2788 773 possunt
2841 705 3148 760 libertatem
3184 707 3444 775 consequi
3490 715 3638 760 ante-

2060 811 2221 865 quam
2265 793 2426 864 ju’dex
2449 796 2750 852 advenerit".
2773 797 2835 850 Et
2856 799 2956 852 hoc
2995 799 3232 866 probans
3269 799 3508 853 Ecclesia
3541 813 3639 868 pro

2061 890 2330 942 defunctis
2383 905 2569 959 preces
2608 897 2664 944 et
2698 890 2969 944 sacriﬁcia
3000 891 3310 962 peragit.Et
3343 891 3442 946 hoc
3485 891 3635 944 tumlti

2063 987 2356 1045 testantur,
2389 989 2442 1035 ct
2475 982 2618 1035 inter
2669 997 2764 1036 eos
2809 981 2900 1052 qui
2957 991 3078 1052 post
3135 991 3362 1036 mortem
3415 982 3640 1036 solvun-

2064 1081 2153 1125 tur
2175 1071 2536 1138 vinculo,non
2560 1073 2662 1126 alia
2689 1075 2898 1127 ratione
2929 1091 3036 1144 qua
3062 1077 3378 1128 earumdem
3399 1087 3632 1142 corpora

2063 1166 2436 1222 dissolvuntur
2457 1165 2524 1220 Et
2551 1180 2645 1235 per
2665 1167 2766 1220 hoc
2793 1166 2950 1221 facile
2997 1167 3299 1236 intelligere
3343 1179 3640 1233 possumus

2065 1265 2120 1310 et
2155 1257 2330 1324 ignem
2363 1271 2473 1326 quo
2503 1257 2841 1310 comburitur
2877 1257 3030 1310 dives
3077 1257 3183 1322 ille,
3235 1263 3288 1309 et
3331 1255 3636 1308 cruciatum

2067 1364 2161 1419 per
2179 1349 2594 1414 con-scientiam,
2615 1360 2669 1404 et
2687 1349 3042 1418 privationem
3069 1349 3276 1418 gratiae.
3301 1347 3434 1402 Cum
3453 1347 3646 1402 deinde

2065 1441 2226 1510 longe
2245 1451 2299 1494 et
2327 1441 2466 1494 infra
2499 1443 2689 1510 positae
2719 1441 2976 1496 dicuntur
3008 1457 3038 1495 a
3081 1449 3375 1508 conspectu
3411 1440 3644 1492 Abrahae

2069 1535 2170 1588 hoc
2201 1533 2380 1586 innuit
2429 1547 2524 1587 eas
2571 1533 2730 1603 longe
2767 1549 2890 1588 esse
2935 1549 2964 1586 a
3001 1533 3133 1596 Deo,
3167 1542 3221 1587 et
3259 1533 3502 1602 torqueri
3544 1534 3648 1584 sub

2071 1625 2358 1698 tyrannide
2387 1626 2696 1680 daemonum
2737 1641 2752 1678 :
2808 1624 2902 1680 sed
2943 1635 3124 1679 tamen
3157 1639 3302 1678 nunc
3345 1639 3455 1677 non
3489 1625 3646 1692 plena

2069 1722 2246 1774 luitur.
2293 1735 2476 1790 paena.
2529 1720 2658 1774 Inde
2703 1719 2928 1774 Domino
2975 1728 3212 1774 testante
3259 1719 3482 1772 divitem
3530 1731 3651 1771 esse

2071 1815 2125 1867 in
2158 1815 2426 1882 gehenna,
2455 1813 2790 1866 credendum
2839 1821 2924 1866 cst
2965 1812 3142 1880 ipsum
3187 1826 3310 1864 esse
3366 1811 3417 1862 in
3467 1825 3647 1878 pinna.

2071 1913 2126 1960 οι
2163 1911 2560 1972 consequenter
2603 1916 2821 1970 pinnam
2845 1903 3050 1955 instare
3095 1901 3386 1954 animabus
3461 1913 3652 1966 pecca-

2074 2008 2276 2060 torum.
2333 1997 2530 2050 futura
2581 2009 2759 2064 pinna:
2809 2009 2930 2063 qua:
2969 1995 3074 2048 erit
3121 2002 3348 2056 aeterna,
3385 1991 3653 2044 arrhabo-

2074 2103 2218 2142 nem.
2239 2077 2474 2141 'Etenim
2526 2086 2630 2140 hoc
2675 2085 2897 2154 insuper
2937 2085 3321 2154 cognoscimus
3373 2097 3440 2136 ex
3495 2095 3650 2136 sacra

2075 2180 2358 2250 Scriptura
2379 2193 2502 2248 quae
2537 2178 2698 2232 nobis
2729 2178 2910 2232 innuit
2933 2177 3212 2230 diabolum
3244 2175 3487 2228 nondum
3525 2187 3652 2226 cum

2075 2271 2413 2326 dannonibus
2443 2284 2565 2324 esse
2615 2269 2668 2322 in
2699 2269 2932 2322 vinculis
2981 2275 3036 2320 et
3080 2269 3133 2321 in
3187 2267 3309 2336 igne
3353 2275 3655 2335 preparato

2078 2365 2207 2433 ipsi.
2243 2363 2336 2419 sed
2386 2363 2562 2417 adhuc
2605 2359 2875 2430 inspirare
2925 2361 3188 2415 mali-tiam
3237 2361 3293 2414 in
3341 2359 3568 2420 mundo,
3599 2369 3658 2408 et

2077 2457 2319 2512 nondum
2371 2465 2814 2510 censummatam
2862 2469 2986 2508 esse
3037 2461 3382 2522 peccatorum
3437 2466 3658 2519 separa-

2079 2551 2284 2604 tionem
2323 2563 2423 2603 nec
2478 2549 2746 2618 prolatum
2791 2545 3036 2601 terribile
3087 2547 3236 2600 hoc:
3275 2563 3294 2596 ι
3329 2544 3601 2598 Discmlite
3626 2559 3656 2595 ει

2079 2658 2188 2706 me,
2239 2641 2539 2705 maledicti,
2593 2642 2645 2694 iu
2689 2641 2866 2708 ignem
2923 2647 3190 2693 :eteruum
3245 2638 3286 2690 ⁸.
3321 2656 3340 2688 ο
3409 2636 3659 2691 Perfecta

2079 2749 2239 2804 poena
2295 2749 2406 2789 non
2457 2733 2770 2788 afficiuntur
2810 2733 3006 2786 anima!
3066 2737 3413 2800 peccatorum
3474 2748 3487 2782 :
3554 2724 3658 2784 etsi

2073 2827 2224 2880 enim
2269 2827 2424 2882 dives
2465 2827 2683 2882 dicatur
2725 2840 2848 2881 esse
2895 2825 2947 2877 in
2990 2823 3262 2892 gcheuua,
3297 2822 3522 2875 omnino
3557 2821 3662 2875 erit

2077 2919 2136 2972 in
2183 2935 2366 2988 pinna,
2399 2935 2508 2974 non
2561 2918 2800 2989 perfecta
2827 2917 3070 2986 quidem,
3099 2918 3194 2971 sed
3241 2931 3336 2986 per
3367 2915 3508 2968 hane
3541 2928 3663 2982 quae

2081 3021 2166 3068 est
2194 3027 2258 3066 ex
2287 3019 2437 3078 parte
2463 3025 2676 3080 pugnam
2711 3011 2972 3063 aete‘rnam
2997 3023 3105 3062 non
3139 3005 3382 3076 effugiet,
3417 3005 3558 3060 sicut
3579 3002 3664 3055 di-

401 3101 506 3154 ἀνά
539 3101 704 3170 μέσον
744 3100 850 3153 τῶν
892 3101 1232 3170 ἁμαρτωλῶν
1273 3101 1369 3152 καὶ
1402 3099 1648 3162 δικαίων,
1691 3099 1750 3152 τὸ
1781 3099 1975 3152 ἀδύνα-

2085 3113 2218 3160 cunt
2251 3104 2428 3158 Latini
2460 3103 2528 3156 de
2551 3101 2893 3172 purgatorio.
2943 3099 3012 3153 Et
3043 3111 3197 3154 certo
3243 3099 3498 3170 quidem;
3533 3111 3658 3150 cum

398 3209 491 3244 τον
515 3193 616 3256 τῆς
647 3191 892 3255 ἑνώσεως
927 3189 1232 3260 παριστῶν,
1263 3192 1358 3244 καὶ
1391 3191 1526 3261 μηδὲ
1551 3189 1812 3244 δύνασθαι
1843 3189 1974 3242 ὐπο-

405 3281 633 3354 οτρέψαι
668 3283 747 3346 είς
795 3284 920 3344 τοὺς
951 3283 1163 3347 ζῶντας
1211 3283 1494 3352 μετανοεῖν
1520 3299 1533 3314 ·
1582 3283 1666 3334 ὅτι
1700 3283 1800 3334 οὐκ
1829 3280 1976 3334 ἔστιν

401 3379 460 3428 ἐν
481 3375 556 3444 τῷ
574 3377 675 3448 ᾄδῃ
705 3377 983 3446 μετάνοια,
1013 3377 1131 3430 ἀλλ’
1157 3375 1345 3448 ὥσπερ
1369 3376 1465 3439 τὰς
1493 3375 1601 3428 τῶν
1624 3376 1798 3444 ἁγίων
1823 3373 1884 3428 οὒ
1899 3393 1978 3428 πω

403 3467 614 3519 τελείαν
644 3468 744 3536 τὴν
776 3469 936 3537 χάριν
965 3466 1395 3536 ἀπολαμϐάνειν.
1429 3466 1572 3518 οὕτω
1607 3467 1700 3518 καὶ
1737 3466 1836 3526 τὰς
1867 3465 1978 3518 τῶν

403 3559 743 3627 ἁμαρτωλῶν
797 3557 950 3613 οὔπω
995 3559 1266 3628 τιμωρίας
1317 3555 1410 3610 καὶ
1453 3556 1726 3618 κολάσεως
1784 3557 1979 3624 πεῖραν

403 3653 684 3722 εὑρίσκειν
715 3651 930 3704 τελείαν
959 3649 1276 3717 δοξάζομεν,
1305 3648 1464 3718 ἄχρις
1496 3647 1561 3700 ἂν
1583 3648 1643 3699 τὺ
1673 3647 1824 3710 τέλος
1855 3646 1982 3700 ἑκά-

407 3761 516 3812 στῳ
555 3744 802 3813 γένηται,
835 3741 928 3794 τοῦ
965 3740 1172 3811 Κυρίου
1208 3739 1473 3802 ἐλθόντος.
1517 3739 1654 3792 Ὑπὸ
1699 3739 1898 3808 δεσμὸν
1923 3737 1980 3791 δὲ

405 3835 558 3887 ἔσται
606 3835 700 3888 καὶ
744 3833 939 3903 ὀδύνην
989 3833 1047 3885 τὸ
1081 3831 1243 3886 eam
1299 3830 1517 3902 πνεῦμα
1559 3834 1618 3886 ἐν
1656 3833 1722 3902 τῇ
1783 3832 1980 3903 γεέννῃ

406 3927 552 3977 κατᾶ
583 3925 739 3992 λόγον
767 3924 1134 3995 προσήκοντα.
1166 3922 1276 3976 Καὶ
1299 3921 1461 3974 τοῦτο
1495 3920 1841 3991 μανθάνομεν
1871 3918 1980 3970 ἀπὸ

403 4020 514 4071 τῶν
551 4020 723 4086 ἁγίων
779 4019 1034 4089 Γραφῶν,
1072 4016 1213 4086 πλὴν
1261 4016 1354 4068 καὶ
1389 4013 1499 4067 ἀπὸ
1543 4013 1650 4065 τῶν
1679 4011 1981 4080 γινομένων

395 4114 466 4166 ἐν
499 4115 631 4182 ἡμῖν
660 4111 892 4165 ἐνταῦθα
923 4111 1130 4178 γνῶναι
1154 4109 1272 4162 ἔστι
1311 4107 1408 4160 καὶ
1440 4103 1806 4176 στοχάσασθαι
1851 4103 1982 4170 περὶ

399 4205 518 4258 τῶν
554 4205 859 4273 μελλόντων
899 4201 1146 4257 δυνατόν.
1179 4200 1448 4263 Πολλάκις
1489 4199 1601 4268 γὰρ
1649 4199 1742 4252 καὶ
1776 4196 1850 4266 μὴ
1883 4195 1982 4266 βα-

395 4295 766 4364 σανιζομένου
797 4295 891 4348 τοῦ
931 4294 1206 4364 σώματος,
1229 4295 1264 4364 ἡ
1289 4291 1438 4364 ψυχὴ
1474 4292 1598 4346 καθ’
1633 4291 1834 4355 ἑαυτὴν
1860 4291 1982 4352 ὀδυ-

405 4390 570 4442 νᾶται
602 4389 698 4442 καὶ
727 4387 990 4452 θλίϐεται,
1019 4385 1408 4456 περιστατικοῦ
1433 4403 1576 4448 τινος
1599 4385 1983 4454 ἐπενεχθέντος

2085 3197 2356 3250 Abraham
2397 3196 2544 3250 dicat
2573 3207 2695 3247 esse
2724 3193 2894 3248 chaos
2943 3199 3200 3260 maguum
3235 3193 3378 3244 inter
3410 3201 3663 3259 peccato-

2085 3307 2174 3346 res
2200 3300 2254 3346 et
2291 3289 2496 3360 justus,
2523 3287 2670 3342 unde
2697 3295 2920 3356 apparet
2947 3299 3055 3340 non
3087 3300 3248 3354 posse
3278 3283 3382 3339 sibi
3422 3297 3662 3353 pracsen-

2085 3393 2168 3438 tes
2194 3397 2314 3437 esse
2345 3387 2647 3451 proximos,
2675 3387 2730 3433 et
2763 3379 3032 3434 neminem
3077 3377 3205 3432 inde
3246 3389 3492 3429 remeare
3523 3375 3666 3427 inter

2085 3471 2240 3522 viros
2297 3469 2362 3520 ad
2431 3469 2808 3536 paenitentiam
2860 3465 3127 3536 agemlum
3163 3505 3178 3528 ,
3229 3466 3358 3533 quia
3429 3479 3538 3516 non
3585 3465 3668 3516 est

2089 3560 2144 3614 in
2183 3559 2418 3612 infernis
2465 3558 2806 3625 ptenitentia,
2854 3557 2948 3611 sed
2999 3557 3144 3611 sicut
3173 3555 3664 3620 animabusjusto—

2089 3665 2211 3705 rum
2263 3665 2368 3704 non
2421 3649 2581 3702 datur
2637 3646 2750 3714 jam
2801 3662 2950 3703 nunc
2982 3648 3198 3716 plenam
3251 3649 3500 3716 act-.ipere
3549 3662 3670 3715 gra-

2091 3743 2219 3796 tiam
2247 3783 2264 3808 ,
2312 3741 2391 3796 sic
2429 3741 2666 3794 nondum
2717 3739 2876 3794 datur
2926 3740 3214 3794 animabus
3266 3746 3614 3808 peccatorum
3653 3780 3666 3802 ,

2089 3841 2277 3888 nostro
2313 3831 2538 3900 judicio,
2586 3830 2979 3900 suppliciorum
3031 3838 3088 3884 et
3132 3829 3510 3899 castigationis
3541 3845 3668 3898 per-

2089 3929 2292 3984 fectum
2345 3928 2574 3996 adipisci
2656 3925 3134 3996 experimentum,
3187 3925 3494 3994 usquedum
3547 3927 3670 3980 finis

2089 4021 2386 4090 unicuique
2414 4021 2686 4088 adveniat,
2717 4019 3082 4074 descendente
3132 4019 3380 4072 Domino.
3441 4017 3498 4071 In
3543 4018 3670 4071 vin-

2089 4113 2228 4168 culis
2275 4127 2404 4182 ergo
2465 4113 2572 4167 erit
2600 4122 2654 4169 ct
2693 4112 2754 4166 ‘in
2801 4111 2989 4166 dolore
3051 4112 3278 4181 spiritus
3337 4111 3673 4165 immateria-

2089 4206 2159 4260 lis
2207 4205 2258 4258 in
2311 4205 2560 4275 gehenna
2607 4203 2907 4260 secundum
2941 4203 3088 4272 quod
3128 4201 3290 4256 modo
3341 4201 3409 4257 de
3471 4203 3554 4256 his
3591 4201 3675 4255 di-

2091 4297 2392 4352 cebamus:
2429 4297 2558 4352 illud
2611 4313 2640 4351 a
2687 4305 2875 4351 sancta
2933 4296 3217 4366 Scriptura
3268 4295 3556 4360 discimus,
3623 4306 3677 4350 et

2089 4389 2202 4460 jam
2239 4391 2307 4444 ab
2355 4389 2441 4446 bis
2491 4405 2611 4460 quae
2645 4390 2731 4444 hic
2755 4391 2924 4445 nobis
2975 4391 3298 4461 contingunt
3346 4403 3679 4460 cognoscere

405 4479 544 4546 αὐτῇ
569 4479 664 4532 καὶ
693 4477 846 4548 παρὰ
881 4477 980 4548 τὴν
1003 4476 1232 4546 γνώμην
1277 4477 1470 4544 αὐτῆς,
1511 4475 1732 4543 ἀτιμίας
1765 4475 1975 4544 δηλαδὴ,

2095 4497 2390 4552 possumus
2441 4491 2496 4538 et
2553 4483 2826 4552 conjicere
2871 4497 2994 4552 quae
3059 4491 3250 4553 postea
3317 4481 3466 4536 lieut.
3523 4481 3680 4548 Saepe

409 4571 442 4638 ἢ
469 4571 822 4640 ἀποστροφῆς
873 4571 1244 4640 ἀνθρωπίνης,
1277 4571 1309 4641 ἢ
1359 4567 1548 4637 φόϐου,
1579 4570 1612 4640 ἢ
1643 4569 1926 4638 αἰσχύνης,
1951 4567 1985 4636 ἢ

409 4659 602 4713 πιθὼν
645 4661 962 4726 ἐπιθέσεως,
1008 4659 1042 4730 ἢ
1079 4660 1358 4731 λογισμῶν
1403 4661 1608 4730 ἐτέρων
1661 4661 1832 4726 αὐτὴν
1876 4659 1990 4712 θλι-

417 4756 620 4806 ϐόντων
651 4757 742 4808 καὶ
783 4754 1100 4818 πιεζόντων.
1143 4755 1296 4807 Ἐπεὶ
1323 4753 1379 4806 δὲ
1405 4755 1500 4807 καὶ
1537 4751 1748 4822 σώματι
1775 4753 1990 4819 δεσμεῖ-

415 4865 508 4900 ται
545 4848 639 4901 νῦν
665 4850 700 4918 ἡ
753 4847 920 4919 ψυχὴ,
955 4848 1048 4901 καὶ
1095 4850 1152 4902 ἐν
1175 4847 1252 4917 τῷ
1279 4847 1524 4915 μέλλοντι
1569 4845 1882 4898 πιστεύεται
1911 4845 1998 4896 ὲν-

409 4940 620 5008 ωθῆναι
676 4940 912 5010 σώματι,
943 4943 996 4993 τί
1031 4939 1343 5012 θαυμαστὸν
1397 4939 1444 4989 εί
1475 4936 1568 4990 καὶ
1608 4938 1744 5006 πυρὶ
1775 4935 1996 4998 κολάζε-

411 5046 522 5094 ται,
559 5032 654 5084 καὶ
695 5030 932 5100 μάλιστα
963 5031 1106 5092 τότε,
1153 5031 1241 5082 ὅτε
1298 5027 1477 5082 πάντα
1513 5023 1992 5094 ἁλλοιωθήσονται,

414 5124 512 5174 καὶ
571 5125 650 5184 εἰς
689 5127 748 5176 τδ
805 5123 1082 5193 ἄφθαρτον
1138 5121 1611 5190 ἀμειφθήσονται;
1663 5119 1758 5171 καὶ
1823 5117 2000 5170 ταῦτα

420 5215 698 5276 κολάσεως
758 5213 1168 5285 ἡτοιμασμένης
1230 5211 1306 5280 τῷ
1361 5211 1611 5282 διαϐόλῳ,
1647 5211 1704 5272 ὃς
1762 5210 1997 5278 ὑπάρχει

415 5303 708 5374 ἀσώματος
747 5307 840 5359 καὶ
895 5305 1226 5374 λεπτοτέρας
1273 5301 1508 5371 φύσεως,
1579 5302 1782 5372 ἧπερὴ
1829 5301 1996 5370 ψυχή.

419 5394 484 5447 Ei
540 5393 633 5448 οὖν
671 5396 821 5464 αὑτῷ
886 5397 980 5449 καὶ
1009 5397 1118 5457 τοῖς
1175 5393 1428 5460 ἀγγέλοις
1476 5392 1640 5444 αὑτοῦ
1673 5393 2000 5462 ἡτοίμασται

421 5485 538 5558 πῦρ
565 5488 784 5542 αἰώνιον
814 5491 892 5550 εἰς
929 5487 1198 5558 τιμωρίαν
1231 5489 1323 5538 καὶ
1371 5487 1614 5550 κόλασιν,
1695 5485 1812 5550 πῶς
1877 5486 2000 5540 οὐδὲ

417 5581 542 5643 ταῖς
599 5582 800 5651 ψυχαῖς
829 5581 980 5634 ἔσται
1009 5581 1184 5647 τοῦτο,
1224 5581 1344 5644 ταῖς
1375 5579 1764 5648 ὑποταγείσαις
1792 5579 1870 5648 τῷ
1903 5597 2002 5633 πο-

495 5761 522 5795 ⁸
553 5760 748 5817 Mattlt.
795 5778 924 5826 xxv,
960 5761 1048 5816 Η.

2099 4575 2269 4638 enim,
2324 4573 2528 4644 sospite
2575 4588 2844 4644 corpore,
2897 4573 3078 4628 anima
3136 4575 3192 4628 in
3247 4573 3434 4642 seipsa
3489 4571 3679 4628 dolore

2102 4663 2342 4722 afficitur
2373 4673 2425 4720 et
2478 4667 2803 4730 conteritur,
2857 4663 3158 4720 infortunio
3207 4665 3444 4734 quodam
3499 4665 3680 4733 ipsam

2105 4758 2457 4828 pertinaciter
2527 4761 2830 4813 insectante
2893 4757 3284 4812 iri-intellectu
3339 4773 3353 4810 :
3429 4757 3682 4810 videlicet

2107 4849 2350 4911 infamia,
2380 4861 2471 4901 aut
2501 4847 2802 4902 defectione
2829 4847 3114 4900 hominum
3138 4885 3153 4909 ,
3199 4855 3294 4900 aut
3341 4847 3558 4910 timore,
3589 4854 3684 4898 aut

2105 4939 2449 5004 confusione,
2509 4947 2603 4992 aut
2652 4939 2870 4993 casibus
2935 4937 3366 5008 ingruentibus,
3429 4945 3523 4990 aut
3591 4935 3686 4988 dc-

2109 5033 2271 5100 nique
2307 5029 2838 5086 considerationibus
2886 5030 3079 5086 alienis
3108 5045 3229 5100 qua:
3281 5029 3454 5098 ipsam
3499 5027 3686 5082 ferunt

2107 5135 2160 5178 et
2210 5123 2670 5178 circumveniunt.
2717 5121 2872 5177 Nunc
2911 5131 3096 5176 autem
3137 5121 3375 5176 vinculis
3405 5121 3686 5175 detinetur

2107 5216 2356 5284 corporis
2395 5215 2596 5279 anima,
2628 5225 2825 5270 etcum
2851 5213 2986 5266 illud
3027 5213 3365 5282 deposuerit,
3399 5211 3594 5266 iterum
3629 5212 3684 5266 in

2105 5305 2291 5360 futuro
2321 5313 2509 5375 sperat
2546 5319 2847 5360 assumere.
2885 5303 3031 5370 Quid
3077 5319 3210 5374 ergo
3245 5305 3441 5356 mirum
3503 5301 3550 5358 si
3583 5317 3681 5372 per

2107 5398 2288 5468 ignem
2322 5397 2605 5464 puniatur,
2638 5411 2703 5452 eo
2752 5403 3000 5464 tempore
3031 5395 3333 5465 praesertim
3367 5410 3477 5464 quo
3510 5405 3687 5449 tnnta-

2105 5489 2310 5542 buntur
2371 5487 2552 5541 omnia
2606 5495 2665 5542 ut
2729 5487 2785 5541 in
2838 5487 3298 5558 incorruptionem
3353 5489 3689 5542 vertantur?

2103 5579 2340 5638 Omnino
2369 5593 2500 5652 ergo
2535 5596 2752 5653 pennam
2776 5583 2885 5639 luet
2907 5599 3028 5656 quae
3071 5591 3260 5652 parata
3293 5581 3398 5638 fuit
3438 5581 3685 5652 diabolo,
