4064 6204
464 4928 479 5027 ἑ

497 294 599 357 847

1340 297 1725 359 SYMEONIS
1763 300 2515 367 THESSALONICENSIS
2556 304 2925 370 ARCHIEP.

3619 308 3707 374 818

496 388 587 455 qui
617 398 890 453 nunquam
927 386 1113 439 habuit
1146 399 1343 452 corpus
1395 396 1449 440 et
1506 398 1586 443 est
1620 388 1926 445 subtilioris
1976 406 2072 445 ua-
2106 440 2110 451 .

2203 394 2351 465 ιηρῷ,
2402 399 2467 467 τῇ
2505 398 2759 469 ἀπιστίᾳ,
2790 400 2820 467 ἢ
2856 400 3110 467 πονηροῖς
3170 398 3346 463 ἄλλοις
3400 401 3586 469 ἔργοις,
3630 398 3712 453 καὶ

496 483 650 529 tura}.
678 474 732 527 Si
764 475 906 528 enim
932 484 1153 543 paratus
1182 475 1282 528 fuit
1308 477 1444 545 ignis
1480 477 1843 546 sempiternus
1868 479 1919 532 in
1941 496 2073 547 snp-

2182 488 2383 554 μᾶλλον
2442 489 2760 555 ἐνωθείσαις
2798 493 2907 554 τοῖς
2944 492 3229 560 σώμασινς

496 569 715 637 plicium
743 575 795 621 et
824 580 1037 635 poenam
1068 566 1285 620 diabolo
1310 577 1362 620 et
1394 568 1601 635 angelis
1629 568 1768 637 ejus,
1800 573 2077 639 quomodo
2132 590 2241 630 non
2294 580 2399 632 erit
2451 581 2584 649 ipsis
2627 583 2937 648 animabus,
2987 583 3069 635 his
3118 584 3415 652 prrr-sertim
3462 588 3718 641 animabus

496 675 617 732 qua:
647 660 788 713 malo
822 660 1145 722 servierunt,
1168 670 1416 714 errantes
1469 675 1497 713 ο
1535 660 1658 723 ﬁde,
1691 663 1942 730 pessimis
1983 666 2195 722 actibus
2244 668 2462 727 foedatae
2501 683 2553 727 et
2584 675 2759 743 magis
2812 675 3136 741 corporibus
3185 688 3245 729 se
3281 674 3625 744 implieantes.

1073 775 1398 841 QUIESTIO
1454 780 1513 835 V.

502 865 618 929 Qua
650 866 860 937 ratione
896 867 1111 931 spiritus
1150 868 1364 934 quidam
1392 871 1935 937 eintpersonalesnt’t
1975 890 2069 927 an-

573 935 677 1003 geli
710 945 758 989 et
785 938 999 1016 animm,
1034 953 1095 988 ac
1134 938 1230 1020 sub
1256 939 1798 1020 fortita‘apparen‘tes,
1837 935 1953 994 licet
1979 961 2074 997 ex.

574 1015 746 1126 plene:
777 1008 1015 1126 myateriw
1045 1018 1062 1059 ‘:
1098 1008 1193 1059 alii
1220 1018 1393 1063 autem
1416 1008 1653 1063 destituti
1675 1010 1869 1079 forma,
1898 1022 1953 1065 ut
1983 1030 2075 1067 aer

574 1091 599 1126 e
656 1088 794 1126 venit
1889 1123 1899 1126 _

573 1088 620 1126 et
656 1088 794 1129 venit

573 1167 653 1220 Ad
681 1167 924 1235 quintam
953 1168 1309 1237 quzestionem
1344 1171 1457 1225 haec
1487 1172 1712 1229 dicenda
1742 1173 1961 1245 :Neque
1981 1189 2080 1228 an-

506 1258 634 1325 geli,
668 1273 846 1327 neque
872 1260 1144 1315 ilzetnones
1176 1260 1381 1317 formas
1409 1274 1461 1318 et
1480 1267 1688 1329 species
1720 1267 1923 1323 habent
1958 1283 2077 1322 cor-

508 1348 741 1416 porales,
776 1364 947 1418 neque
971 1351 1186 1419 animae,
1215 1354 1331 1407 sive
1364 1368 1393 1407 a
1427 1356 1751 1423 corporibus
1787 1367 2073 1426 separataa,

508 1438 622 1491 sive
679 1454 801 1493 eum
860 1452 988 1496 sunt
1043 1444 1098 1498 in
1156 1446 1478 1512 corporibus
1517 1460 1835 1515 praesentes.
1875 1448 2070 1517 Angeli

507 1529 727 1598 quidem
758 1534 975 1600 quoties
1012 1534 1063 1587 in
1097 1536 1330 1603 quadam
1363 1537 1616 1592 videntur
1646 1540 1838 1609 figura,
1874 1556 1981 1594 non
2017 1547 2075 1594 ut

510 1630 639 1675 sunt
657 1626 1088 1692 conspiciuntur,
1112 1629 1203 1682 sed
1221 1644 1314 1697 per
1340 1630 1648 1699 imaginem,
1673 1648 1729 1685 ut
1752 1632 1952 1686 dictum
1973 1642 2076 1699 est,

510 1714 567 1767 in
606 1728 710 1781 qua
746 1729 773 1766 a
810 1716 964 1770 nobis
996 1717 1164 1771 videri
1191 1721 1419 1788 possint.
1451 1723 1508 1775 ln
1546 1724 1873 1793 imaginibus
1895 1734 2072 1779 autem

511 1806 884 1863 etvisionibus
921 1823 1044 1862 cum
1078 1821 1341 1879 apparent
1370 1813 1568 1883 angeli,
1605 1830 1730 1869 vere
1766 1825 1816 1870 et
1851 1816 2081 1872 fideliter

512 1911 975 1970 repraesentantur
1004 1906 1241 1973 potentia
1278 1903 1393 1967 Dei,
1427 1914 1484 1959 ut
1509 1908 1733 1975 spiritus
1777 1910 1979 1971 sancti,
2018 1912 2071 1965 in

514 2005 763 2049 nostram
794 1996 1106 2052 utilitatem.
1138 1996 1213 2051 Ita
1264 2014 1482 2069 quoque
1504 2015 1642 2055 vere
1677 2011 1940 2070 apparent
1962 2004 2079 2056 ani-

512 2102 613 2140 ma:
642 2095 955 2143 sanctorum
979 2099 1033 2143 et
1056 2100 1375 2144 czeterorum
1407 2098 1745 2145 mortuorum
1779 2107 1903 2146 eum
1942 2093 2083 2148 Deus

514 2177 768 2231 concedit
825 2186 877 2231 et
927 2178 1100 2247 jubet.
1158 2178 1310 2245 Quod
1373 2180 1441 2234 ad
1512 2182 1784 2237 daemones
1846 2184 2087 2245 attinet,

514 2269 607 2336 qui
662 2268 890 2337 gratiam
953 2285 1063 2323 non
1129 2270 1328 2326 habent
1390 2270 1523 2338 Dei,
1559 2274 1940 2341 phantastiee,
1997 2274 2091 2327 fal-

512 2359 727 2426 laciter,
771 2362 918 2416 varia
978 2362 1186 2427 lraude,
1243 2377 1295 2419 et
1348 2364 1678 2433 nequiSsimo
1739 2366 1845 2420 [ine
1891 2366 2093 2421 formas

515 2452 731 2507 intimas
779 2464 832 2508 et
883 2469 1101 2522 semper
1130 2455 1331 2510 alteras
1385 2457 1640 2523 induunt,
1694 2466 1747 2511 et
1802 2473 1909 2513 uno
1974 2475 2094 2513 ver-

516 2542 587 2596 bo
649 2543 837 2599 dolose
884 2552 940 2598 et
992 2545 1337 2601 mendaciter
1391 2549 1545 2602 nobis
1629 2558 1911 2619 apparent.
1988 2552 2094 2606 Aer

520 2648 653 2688 vero
708 2644 759 2690 et
822 2644 1013 2690 ventus
1059 2636 1309 2706 quamvis
1362 2650 1623 2695 vocentur
1680 2643 1950 2711 spiritus,
1993 2645 2096 2698 mi-

518 2726 665 2779 nime
721 2726 927 2783 similes
969 2738 1098 2782 sunt
1144 2731 1349 2800 angelis
1400 2747 1577 2801 neque
1615 2735 1934 2800 animabus;
1995 2735 2093 2791 aed

528 2826 660 2870 sunt
692 2831 921 2886 corpora
960 2817 1245 2873 subtiliora
1279 2834 1570 2890 corporum
1609 2835 1917 2878 nostrorqu
1944 2826 2097 2895 adju-

519 2908 675 2963 tricia
701 2908 922 2964 sicutet
946 2910 1300 2965 animantium
1326 2922 1381 2967 et
1425 2915 1831 2984 vegetabilium,
1872 2933 1967 2985 per
2006 2934 2097 2974 ae-

520 3021 634 3061 rem
666 3009 809 3061 enim
845 3009 1219 3079 respiramus;
1252 3020 1307 3064 et
1331 3010 1475 3081 ignis
1498 3020 1581 3067 est
1612 3027 1735 3067 aere
1764 3012 1960 3082 levior,
1991 3015 2088 3071 sed

525 3100 644 3166 ipse
703 3113 905 3168 corpus
932 3110 1017 3156 est
1052 3112 1106 3157 et
1144 3117 1373 3173 corpora
1399 3104 1504 3158 alia
1544 3105 1768 3175 adjuvat
1798 3115 1853 3160 et
1877 3108 2090 3163 caeteris

521 3190 811 3245 elementis
830 3192 1274 3248 circumlabitur.
1303 3194 1563 3265 Denique,
1584 3206 1641 3247 ut
1669 3212 1859 3251 omnes
1886 3198 2095 3263 dicunt,

522 3295 616 3336 aer
665 3289 748 3336 est
814 3297 981 3335 unum
1034 3298 1099 3338 ex
1135 3292 1368 3354 quatuor
1422 3286 1729 3350 elementis,
1788 3301 1851 3340 ex
1899 3289 2097 3357 quibus

520 3372 685 3426 etiam
726 3387 953 3440 corpora
988 3386 1176 3429 nostra
1201 3376 1550 3430 coalescunt:
1588 3391 1789 3447 corpus
1819 3393 1950 3449 ergo
2007 3390 2093 3436 est

2747 794 3078 849 ΕΡΩΤΗΣΙΣ
3126 795 3199 849 Ε’.

2193 888 2313 940 τίνι
2346 892 2541 954 τρόπῳ
2594 887 2666 942 τὰ
2696 889 2813 956 μὲν
2854 890 3015 941 εἰσιν
3040 889 3119 951 ὡς
3145 886 3517 940 érvno'amra
3558 891 3723 943 Πνεύ-

2254 976 2433 1026 ματα,
2473 959 2713 1025 ἄγγελοι
2752 958 2849 1011 καὶ
2899 959 3117 1026 ψυχαὶ,
3144 958 3241 1009 καὶ
3269 958 3346 1021 ὡς
3374 958 3440 1009 ἐν
3466 960 3725 1026 σχήματι,

2260 1032 2313 1081 εὶ
2364 1030 2459 1081 καὶ
2515 1029 2694 1092 diluta,
2722 1027 2795 1081 τὰ
2837 1028 2904 1080 δὲ
2950 1027 3377 1096 ἁσχημάτιστα
3417 1028 3493 1087 ὠς
3520 1033 3548 1082 d
3588 1030 3727 1096 ἀνὴρ

2262 1096 2357 1151 καὶ
2387 1102 2438 1151 oi
2466 1098 2668 1167 ἄνεμοι
2692 1114 2710 1162 ;

2265 1192 2425 1255 Εὲςδὲ
2442 1194 2539 1261 τὴν
2564 1190 3098 1262 πέμπτηνέρώτησιν
3114 1190 3330 1246 λεκτέον
3353 1188 3532 1245 ταῦτα’
3554 1192 3728 1245 Οὕτεοί

2193 1278 2414 1351 ἄγγελοι
2441 1283 2578 1351 μετὰ
2600 1285 2927 1352 σωματικῶν
2952 1283 3247 1353 σχημάτων
3268 1283 3425 1346 εἰσιν,
3440 1282 3555 1335 οὔτε
3575 1284 3615 1335 οἱ
3633 1283 3731 1337 δαί-

2197 1393 2355 1445 μονες
2372 1374 2496 1428 οὔτε
2520 1375 2574 1427 ai
2592 1375 2760 1444 ψυχαὶ
2790 1374 2896 1427 τῶν
2918 1375 3186 1443 σωμάτων
3215 1374 3620 1444 χωρισθεῖσαι,ἢ
3648 1374 3731 1427 σὺν

2191 1472 2303 1531 τοῖς
2322 1467 2569 1538 σώμασιν
2587 1465 2645 1522 οῦ
2656 1486 2764 1530 σαι,
2785 1467 2972 1538 ἐπειδὴ
2989 1469 3045 1521 τὸ
3067 1468 3253 1537 σχῆμα
3273 1470 3331 1520 ἐν
3347 1468 3569 1537 σώματι.
3583 1468 3734 1539 ’0ρὼ-

2203 1575 2353 1627 μενοι
2384 1558 2441 1611 δὲ
2470 1559 2528 1610 ὲν
2556 1560 2820 1627 σχήματι,
2853 1558 2913 1609 οὐ
2954 1557 3139 1619 καθὼς
3192 1558 3412 1625 ἔχουσιν
3447 1556 3661 1627 ὁρῶνται
3692 1558 3734 1611 οί

2196 1650 2439 1719 ἄγγελοι,
2479 1649 2614 1703 ἀλλὰ
2657 1648 2889 1702 καθόσον
2933 1648 3165 1719 ὁρᾶσθαι
3195 1648 3451 1702 δύνανται
3489 1648 3572 1717 ὑφ’
3597 1650 3736 1718 ἡμῶν

2198 1744 2501 1808 είκονικῶς,
2533 1742 2723 1812 ὥσπερ
2755 1743 2990 1814 εἴρηται.
3042 1742 3150 1795 Καὶ
3200 1742 3249 1794 oi
3306 1742 3405 1810 μὲν
3434 1741 3640 1808 ἄγγελοι
3687 1744 3737 1793 ἐν

2196 1839 2316 1898 ταῖς
2344 1837 2514 1888 εἰκόσι
2545 1835 2637 1888 καὶ
2678 1835 2968 1897 ὀπτασίαις
3004 1833 3219 1905 ἀληθῶς
3268 1834 3610 1897 εἰκονίζονται
3656 1832 3737 1884 δυο

2198 1928 2358 1996 νάμει
2385 1926 2520 1979 Θεοῦ
2565 1926 2640 1988 ὡς
2664 1926 2781 1988 νόες
2812 1927 2957 1993 ἆγιοι
2981 1964 2997 1988 ,
3027 1928 3105 1987 είς
3152 1925 3421 1992 ὠφέλειαν
3465 1924 3735 1992 ἡμετέραν.

2200 2020 2310 2071 Καὶ
2335 2020 2389 2071 αί
2414 2019 2521 2070 τῶν
2544 2018 2714 2089 ἀγίων
2734 2018 2789 2070 δὲ
2817 2017 3009 2087 ψυχαὶ,
3033 2018 3128 2071 καὶ
3161 2016 3368 2072 λοιπῶν
3395 2017 3735 2089 ἀπελθόντων,

2124 2136 2165 2195 Β
2195 2112 2267 2174 ὼς
2294 2114 2322 2164 ὁ
2348 2110 2479 2173 Θεὸς
2507 2109 2689 2162 δίδωσί
2722 2126 2781 2160 τε
2804 2110 2899 2162 καὶ
2927 2107 3197 2178 βούλεται.
3228 2111 3289 2162 Oi
3318 2106 3567 2177 δαίμονες
3594 2088 3643 2157 δέ
3675 2105 3739 2175 μὴ

2197 2204 2358 2274 χάριν
2403 2202 2615 2271 ἔχοντες
2673 2200 2828 2265 Θεοῦ,
2881 2200 3254 2269 φανταστῑκῶς
3310 2200 3408 2252 καὶ
3452 2196 3739 2268 ἀπατηλῶς,

2199 2292 2461 2354 ποικίλως
2499 2308 2556 2344 τε
2594 2293 2687 2344 καὶ
2716 2290 2967 2361 πονηρῶς
3002 2290 3210 2360 μορφὰς
3239 2289 3638 2349 ἐναλλάττουσι,
3662 2289 3743 2339 καὶ

2195 2386 2257 2439 τὸ
2284 2385 2402 2438 ὅλον
2440 2385 2616 2437 εἰπεῖν
2642 2382 2875 2450 ψευδῶς.
2922 2382 3057 2451 Ἂὴρ
3087 2382 3143 2433 δὲ
3191 2380 3285 2433 καὶ
3314 2381 3510 2449 ἄνεμος
3535 2381 3591 2431 οὺ
3620 2375 3745 2430 uti

2199 2473 2322 2533 τοὺς
2359 2469 2625 2538 ἀγγέλους
2654 2468 2899 2522 τελοῦσιν
2928 2470 2959 2538 ἢ
2992 2471 3087 2531 τὰς
3107 2468 3305 2538 ψυχὰς,
3350 2470 3399 2522 εί
3426 2468 3517 2520 καὶ
3546 2466 3748 2519 καλοῦν-

2197 2580 2289 2617 ται
2318 2562 2626 2632 πνεύματα,
2653 2562 2768 2614 ἀλλ’
2793 2561 2900 2614 είσὶ
2940 2561 3235 2630 λεπτότερα
3274 2559 3506 2630 σώματα
3537 2558 3747 2627 συνεργὰ

2199 2656 2310 2708 τῶν
2342 2655 2628 2725 ἡμετέρων
2660 2653 2931 2721 σωμάτων
2961 2654 3054 2706 καὶ
3089 2653 3197 2705 τῶν
3227 2652 3387 2721 ζῴων
3416 2652 3507 2704 καὶ
3532 2652 3633 2703 τῶν
3660 2663 3747 2717 φο·

2198 2747 2307 2799 τῶν
2335 2762 2348 2776 °
2379 2745 2465 2798 διὰ
2500 2745 2592 2798 τοῦ
2620 2745 2779 2814 ἀέρος
2812 2744 2921 2815 γὰρ
2957 2744 3315 2813 ἀναπνέομεν.
3350 2745 3456 2798 Καὶ
3488 2743 3544 2797 τὸ
3574 2743 3674 2812 πῦρ
3698 2741 3747 2794 δὲ

2198 2834 2257 2889 ὃν
2288 2834 2379 2888 τοῦ
2426 2834 2585 2904 ἀέρος
2615 2834 2956 2904 λεπτότερον,
2991 2836 3085 2888 καὶ
3119 2835 3246 2887 αὐτὸ
3285 2837 3450 2907 σῶμα
3492 2834 3745 2904 τυγχάνει,

2202 2929 2297 2982 καὶ
2326 2929 2441 2991 τοῖς
2468 2927 2685 2996 σώμασι
2706 2927 2984 2997 συνεργὸν,
3010 2928 3103 2980 καὶ
3127 2930 3237 2983 τοῖς
3260 2928 3473 2991 λοιποῖς
3498 2924 3752 2997 στοιχείοις

2204 3021 2656 3090 συμπεριέχεται.
2700 3018 2807 3073 Καὶ
2846 3020 2919 3082 ὼς
2948 3019 3148 3082 πάντες
3179 3021 3370 3088 φασιν,
3423 3018 3481 3073 ἓν
3518 3019 3620 3072 τῶν
3647 3032 3751 3070 τεσς

2206 3111 2387 3181 σάρων
2417 3110 2695 3181 στοιχείων
2730 3110 2880 3163 ἐστὶν
2905 3113 2932 3163 ὁ
2960 3112 3086 3180 ἀὴρ,
3126 3111 3185 3174 ἐξ
3212 3105 3286 3165 ὧν
3320 3113 3416 3165 καὶ
3444 3113 3509 3165 τὰ
3535 3110 3752 3181 ἡμέτερα

2211 3204 2493 3271 σύγκειται
2527 3202 2714 3275 329‘
2743 3202 2991 3272 σώματα.
3021 3202 3188 3274 Σῶμα
3211 3202 3392 3258 τοίνυν
3412 3206 3437 3258 ὁ
3461 3205 3584 3273 ἀὴρ,
3604 3203 3649 3255 εἰ
3677 3201 3757 3253 καὶ

2200 3296 2525 3367 κουφότερον
2560 3298 2661 3366 γῆς
2682 3314 2741 3351 τε
2766 3295 2860 3349 καὶ
2891 3295 3079 3358 ὕδατος
3097 3296 3193 3350 καὶ
3211 3296 3534 3366 λεπτότερον
3566 3299 3653 3345 καὶ
3680 3291 3752 3352 εἰς

2199 3386 2429 3456 ἀνέμους
2462 3386 2777 3457 κινούμενον
2794 3388 2888 3441 καὶ
2926 3389 2982 3440 ἐν
3012 3389 3122 3450 τοῖς
3145 3385 3369 3455 κούφοις
3394 3388 3523 3440 πᾶσι
3548 3380 3755 3454 χωροῦνο

523 3477 636 3527 aer,
668 3464 765 3519 etsi
797 3463 964 3519 levior
991 3475 1132 3521 terra
1164 3483 1223 3522 et
1259 3483 1424 3537 aqua,
1459 3476 1513 3522 et
1540 3468 1774 3534 tenuior,
1812 3470 1865 3524 in
1894 3481 2090 3528 ventos

2203 3478 2290 3530 καὶ
2338 3476 2488 3530 οὐδὲν
2536 3479 2643 3531 τῶν
2685 3479 2951 3547 σωμάτων
3003 3477 3159 3531 κενόν
3210 3478 3331 3531 ἐστι
3381 3476 3475 3530 τοῦ
3520 3477 3687 3542 ἀέρος.

523 3569 805 3615 moveatur
847 3569 901 3615 et
950 3561 1234 3617 subtiliora
1286 3576 1514 3633 qumque
1548 3571 1836 3634 penetrat,
1886 3575 1942 3622 et
1997 3569 2262 3627 nullumc
2309 3571 2632 3643 corporibus
2696 3586 2926 3626 vacuum
2978 3572 3045 3625 ab
3081 3573 3197 3642 ipso
3246 3585 3374 3627 esse
3434 3568 3758 3641 permittitur.

1096 3674 1416 3743 QUAZSTIO
1454 3676 1537 3733 Vl.

527 3766 801 3831 Quomodo
845 3783 1016 3840 sermo
1046 3768 1285 3821 internus
1333 3770 1590 3840 sermonis
1640 3771 1848 3825 nomine
1880 3774 2097 3840 veniat,

592 3849 839 3911 externus
867 3838 1014 3911 ⁵ςιιὶηι
1061 3842 1244 3891 merito
1287 3839 1590 3907 appellatur
1630 3857 1799 3895 sermo
1836 3858 1987 3911 quem
2024 3838 2100 3897 Io;

590 3909 824 3976 quimur.
858 3906 925 3959 Et
970 3911 1231 3975 quomodo
1277 3906 1445 3962 sermo
1487 3926 1677 3964 sanum
1723 3906 1858 3965 edat'
1885 3928 2001 3966 eum
2034 3915 2100 3967 sit

593 3995 775 4046 expers
810 3979 1043 4031 materia:
1056 3977 1084 4027 ,ν

595 4094 721 4149 llaec
776 4094 841 4149 ad
878 4101 1096 4149 sextam
1132 4096 1489 4163 quaestionem
1527 4110 1539 4147 :
1586 4094 1776 4151 Sermo
1826 4096 1880 4150 in
1923 4102 2103 4149 mente

529 4199 827 4257 cenceptus
856 4189 1092 4242 maxime
1132 4194 1185 4240 et
1222 4188 1549 4241 excellenter
1588 4196 1673 4241 est
1732 4200 1937 4252 sermo,
2000 4184 2096 4254 qui

527 4282 683 4351 quasi
718 4294 813 4350 per
840 4287 1050 4349 guttur,
1083 4293 1179 4348 per
1209 4278 1445 4347 linguam
1480 4287 1533 4331 et
1589 4292 1683 4346 per
1716 4278 1855 4350 labia
1884 4289 2102 4332 carnem

528 4376 781 4437 assumit,
820 4374 1057 4427 motione
1121 4373 1347 4442 spiritus
1382 4372 1661 4427 interioris
1704 4380 1757 4425 et
1785 4371 2096 4433 exterioris,

2767 3681 3100 3735 ΕΡΩἸῊΣΙΣ
3141 3684 3233 3748 (τ’.

2204 3774 2335 3841 Πῶς
2368 3778 2400 3829 ό
2429 3774 2773 3839 ἐνδιάθετος
2795 3774 2979 3843 λόγος
3009 3770 3275 3827 καλεῖται
3303 3774 3488 3843 λόγος
3510 3791 3527 3838 ;
3554 3772 3619 3825 Ὀ
3643 3786 3752 3838 προ

2273 3845 2524 3912 φορικὸς
2561 3844 2670 3913 γὰρ
2719 3842 2960 3913 εἰκότως
3003 3844 3207 3910 λόγος,
3256 3844 3339 3909 ὡς
3382 3842 3760 3913 λαλούμενος.

2276 3911 2383 3968 και
2418 3914 2535 3967 τίνι
2562 3911 2756 3980 τρόπῳ
2788 3912 3021 3981 ἠχεῖται
3054 3916 3085 3966 d
3110 3916 3318 3982 λόγος,
3347 3913 3533 3979 diuo;
3562 3911 3668 3976 dir;

2273 4093 2417 4166 Πρὸς
2441 4094 2497 4147 δὲ
2548 4093 2647 4161 τὴν
2706 4094 2873 4164 ἕκτην
2906 4095 3176 4165 ἐρώτησιν
3212 4094 3409 4150 ταῦτα·
3456 4095 3516 4148 '0
3551 4090 3764 4149 ἐνδιάθε-

2204 4204 2296 4248 τος
2339 4185 2496 4254 λόγος
2528 4186 2731 4256 μᾶλλον
2759 4186 3054 4256 ἐξαιρέτως
3106 4187 3261 4253 λόγος
3294 4187 3462 4251 ἐστὶν,
3516 4184 3573 4247 ὃς
3623 4182 3766 4235 οίονει

2207 4278 2297 4331 διὰ
2332 4277 2427 4331 τοῦ
2465 4277 2855 4349 γαργαρεῶνος
2886 4278 2982 4331 καὶ
3012 4280 3109 4348 τῆς
3141 4278 3390 4347 γλώττης
3419 4277 3514 4331 καὶ
3540 4275 3642 4332 τῶν
3670 4289 3769 4343 χει-

2208 4369 2346 4423 λέων
2383 4370 2758 4441 σοιρκούμενος
2793 4370 2851 4421 ὲν
2891 4373 2958 4439 τῇ
3008 4372 3220 4439 κινήσει
3265 4370 3362 4424 τοῦ
3403 4370 3557 4433 ἐκτός
3600 4385 3654 4420 τε
3686 4363 3770 4417 καὶ

527 4478 581 4521 et
621 4466 701 4519 sic
732 4463 977 4532 prolatus
1010 4473 1323 4532 generatur.
1359 4466 1418 4517 lu
1445 4462 1563 4531 ipso
1589 4470 1671 4516 est
1694 4462 1870 4531 imago
1903 4463 2082 4516 incar-

2209 4462 2357 4513 ἔνδον
2389 4460 2705 4531 πνεύματος
2734 4461 3068 4530 προφορικὸς
3118 4462 3352 4528 γίνεται,
3385 4462 3656 4525 είκονέζων
3685 4455 3771 4525 τὴν

529 4554 768 4609 nationis
783 4563 835 4607 et
866 4566 959 4622 per
992 4566 1212 4606 carnem
1242 4552 1382 4606 inter
1410 4552 1662 4606 homines
1686 4553 2096 4609 manifestatio-

532 4648 616 4701 nis
679 4645 841 4701 Verbi
874 4645 968 4701 Dei
1024 4643 1280 4699 viventis.
1322 4642 1507 4698 Primo
1552 4642 1771 4712 quidem
1827 4645 2101 4701 invisibile

530 4750 583 4794 et
623 4737 783 4792 Patri'
821 4746 1150 4793 comternnm
1184 4748 1237 4792 et
1260 4737 1313 4791 iu
1370 4736 1490 4806 ipso
1512 4736 1579 4790 ab
1609 4744 1813 4791 mteruo
1848 4753 2101 4805 manens,

530 4832 621 4902 qui
654 4846 749 4897 per
772 4830 900 4883 illud
932 4832 1114 4884 omnia
1149 4838 1204 4883 ut
1254 4829 1423 4881 voluit
1451 4828 1599 4895 fecit,
1631 4828 1824 4882 deinde
1859 4829 2097 4884 Verbum

528 4925 594 4976 de
634 4920 839 4990 Spiritu
866 4929 1055 4975 saneto
1117 4934 1182 4973 ex
1233 4917 1455 4987 Virgine
1483 4933 1701 4974 carnem
1736 4920 1988 4989 sumpsit,
2047 4930 2101 4975 et

532 5012 693 5067 nobis
744 5026 869 5083 vere
932 5009 1338 5064 manifestatum
1402 5019 1506 5065 est.
1541 5009 1605 5064 Et
1656 5008 1891 5065 inPatre
1951 5019 2102 5066 totus

529 5112 645 5158 erat
703 5112 757 5157 et
810 5103 864 5157 in
917 5101 1086 5157 Matre
1142 5103 1344 5172 pariter
1399 5110 1547 5158 totus
1615 5103 1917 5160 secundum
1987 5118 2106 5159 car-

532 5202 803 5249 nemzrct
855 5204 973 5248 erat
1014 5195 1067 5249 in
1112 5194 1249 5249 coelo
1298 5194 1610 5251 illmninans
1653 5196 1893 5267 angelos,
1946 5208 1998 5249 et
2052 5196 2106 5249 in

534 5299 677 5341 terra
695 5288 845 5343 visus
875 5296 957 5342 est
1000 5296 1053 5341 et
1088 5303 1209 5341 cum
1246 5287 1557 5342 hominibus
1615 5297 1971 5343 conversatus
2006 5296 2108 5341 est.

532 5378 731 5433 Omnia
796 5381 911 5434 haec
954 5380 1005 5433 in
1057 5379 1240 5449 seipse
1261 5378 1438 5434 vivide
1494 5379 1752 5448 exprimit
1807 5388 1861 5433 et
1908 5394 2108 5447 reprae-

535 5480 715 5527 sentat
772 5471 955 5526 homo.
1019 5472 1214 5525 Anima
1263 5473 1482 5542 quidem
1513 5471 2018 5542 cjusintelligentia
2054 5472 2108 5525 in

538 5563 720 5632 seipsa
774 5578 929 5617 suum
985 5562 1236 5633 producit
1279 5578 1607 5626 sermonem,
1640 5561 1903 5614 verbum:
1934 5576 2107 5630 quare

528 5652 670 5724 ergo
713 5663 938 5710 vocatur
967 5656 1328 5720 rationabilis,
1369 5668 1423 5712 et
1487 5656 1606 5711 sine
1653 5670 1789 5709 sono
1825 5662 1876 5708 et
1910 5654 2110 5731 lingua,

540 5756 593 5801 et
642 5744 895 5815 intelligit
945 5748 999 5802 in
1030 5748 1232 5818 seipse,
1289 5756 1342 5802 et
1378 5745 1614 5817 loquitur
1676 5744 2117 5801 immaterialiter

2213 4555 2487 4623 σάρκωσιν
2524 4554 2618 4607 καὶ
2664 4552 2753 4606 διὰ
2783 4554 2983 4623 σαρκὸς
3031 4554 3339 4620 φανέρωσιν
3386 4553 3444 4607 ιν
3479 4548 3769 4622 ἀνθρώποις

2211 4644 2304 4697 τοῦ
2334 4644 2533 4706 ζῶντος
2566 4644 2740 4712 Λόγου
2775 4644 2868 4698 τοῦ
2904 4643 3059 4697 Θεοῦ.
3101 4644 3306 4713 [Ιρώην
3352 4646 3454 4714 μὲν
3494 4646 3598 4712 γὰρ
3635 4636 3772 4700 οὗτος

2212 4740 2443 4809 ἀόρατος
2471 4736 2551 4789 ὢν
2586 4739 2678 4789 καὶ
2726 4736 3056 4806 συνάναρχος
3083 4737 3160 4805 τῷ
3206 4738 3383 4806 Harp!
3410 4738 3507 4791 καὶ
3553 4738 3609 4788 ὲν
3641 4730 3774 4799 αὑτῷ

2216 4832 2391 4899 μένων
2421 4830 2508 4882 ἀεὶ
2527 4872 2540 4895 ,
2560 4828 2625 4881 δι’
2647 4821 2708 4880 οῦ
2736 4829 2828 4880 καὶ
2856 4828 3055 4892 πάντα,
3087 4829 3174 4880 ὅτε
3196 4828 3485 4898 ἠθέλησεν,
3514 4825 3775 4893 ἐποίησιν,

2221 4921 2448 4989 ὕστερον
2482 4918 2760 4987 Πνεῦματι
2813 4917 2956 4986 ἁγίῳ
3014 4917 3319 4985 σαρκωϐεὶς
3365 4917 3431 4969 ὲκ
3492 4914 3775 4985 Παρθένον.

2216 5010 2433 5080 ἀληθῶς
2468 5010 2599 5079 ἡμῖν
2652 5008 3055 5076 πεφανέρωται.
3107 5006 3214 5060 Καὶ
3246 5008 3302 5059 ὲν
3332 5006 3415 5075 τῷ
3464 5006 3640 5076 Πατρὶ
3670 5003 3776 5063 ὅλος

2215 5099 2306 5173 ἦν,
2344 5103 2438 5155 καὶ
2471 5104 2526 5154 ὲν
2575 5103 2640 5170 τῇ
2672 5101 2857 5170 Μητρὶ
2899 5101 3035 5169 μετὰ
3081 5100 3283 5170 σαρκὸς
3328 5099 3473 5162 ὅλος,
3506 5101 3596 5151 καὶ
3632 5100 3684 5150 έν
3710 5094 3778 5164 τῷ

2218 5192 2431 5264 οὐρανῷ
2463 5188 2550 5262 ἦν,
2598 5192 2693 5243 καὶ
2724 5193 2845 5253 τοὺς
2879 5192 3139 5257 ἀγγέλους
3169 5182 3422 5260 ἐφώτιζε,
3451 5191 3545 5243 καὶ
3579 5188 3670 5241 ἐπὶ
3693 5189 3779 5255 τῆς

2218 5287 2321 5356 γῆς
2352 5286 2508 5357 ὤφθη
2540 5289 2634 5339 καὶ
2664 5288 2779 5347 τοῖς
2810 5284 3121 5355 ἀνθρώποις
3156 5284 3597 5353 συνανεστράφη.
3626 5276 3782 5332 Τοῦτο

2219 5378 2314 5431 οῦν
2345 5378 2600 5441 εἰκονίζει
2631 5379 2689 5429 ὲν
2726 5378 2907 5446 ἑαυτῷ
2939 5379 3032 5429 καὶ
3063 5378 3091 5430 ὁ
3130 5377 3437 5447 ἄνθρωπος.
3474 5376 3582 5427 Καὶ
3612 5373 3644 5441 ἠ
3693 5369 3782 5437 μὶν

2220 5468 2369 5538 ψυχὴ
2401 5468 2565 5521 αὐτοῦ
2601 5467 2803 5537 νοερῶς
2836 5470 2891 5520 ὲν
2926 5470 3091 5537 ἑαντῇ
3133 5466 3304 5521 τίκτει
3348 5466 3443 5518 τδν
3486 5462 3681 5530 ἑαυτῆς
3705 5458 3784 5510 λό’

2224 5577 2318 5628 γον
2346 5575 2358 5589 ’
2392 5560 2472 5613 διὸ
2503 5560 2597 5612 καὶ
2643 5558 2837 5629 λογικὴ
2882 5559 3162 5612 καλεῖται’
3200 5558 3293 5611 καὶ
3342 5555 3512 5626 χωρὶς
3558 5550 3784 5623 φβόγγου

2224 5653 2321 5705 καὶ
2372 5649 2616 5719 γλώττης
2669 5654 2777 5703 νοεῖ
2822 5668 2877 5704 τε
2921 5652 2979 5703 ὲν
3012 5651 3201 5719 ἑαυτῇ,
3253 5651 3350 5702 καὶ
3401 5647 3549 5713 λέγει
3600 5642 3785 5702 enim.

2227 5743 2369 5799 καθὰ
2406 5743 2497 5796 καὶ
2543 5743 2592 5796 οί
2628 5742 2849 5811 ἄγγελοι
2877 5759 2889 5773 ·
2930 5740 3238 5811 ἁσωμάτως
3263 5740 3373 5812 γάρ
3425 5737 3671 5809 ἀλλήλοις
3699 5732 3788 5799 τὴν
