4064 6204
365 324 472 389 849
1033 327 1423 391 RESPONSA

1493 325 1596 388 AD
1669 327 2119 390 GABRIELEM
2178 327 2904 392 PENTAPOLITANUM.

3511 330 3622 393 859

372 438 524 492 θείαν
553 435 753 504 γνῶσιν
795 435 1277 509 διαπορθμεύουσι.
1330 441 1443 497 Καὶ
1470 438 1752 511 ὁμιλοῦσιν
1779 439 1942 512 ἀλλή-

2058 441 2190 498 sicut
2219 450 2274 498 et
2312 442 2416 513 ipsi
2485 442 2690 514 angeli,
2755 445 2847 512 qui
2911 441 3325 512 incorporaliter
3352 441 3455 498 sibi
3490 443 3630 498 invi-

362 528 476 591 λοις
507 528 708 598 νοερῶς
747 528 870 599 δίχα
899 529 1170 601 γλώττης,
1199 533 1297 585 καὶ
1323 533 1564 603 σχήματι
1597 531 1654 586 δὲ
1696 533 1792 586 καὶ
1818 533 1940 585 νεύ-

365 638 498 690 ματι
529 622 562 691 ή
597 620 744 692 ψυχὴ
773 621 867 676 τὸν
906 622 1072 690 αὐτῆς
1124 624 1458 694 ἀπαγγέλλει
1507 624 1687 694 λόγον.
1718 622 1943 698 Γλώττῃ

360 713 418 767 δὲ
453 713 545 768 καὶ
586 713 878 784 γράμματι
911 715 1289 785 παχυνόμενον
1327 718 1424 770 καὶ
1470 712 1583 771 οἷον
1631 718 1943 789 σαρκούμε-

363 819 473 867 νον,
519 805 632 866 τοίς
675 803 856 866 ἄλλοις
905 806 1080 860 ἅπασι
1133 809 1378 878 φανεροῐ.
1431 808 1529 872 Ὃς
1583 810 1676 862 καὶ
1710 811 1769 862 ἐν
1802 810 1941 880 αὐτῇ

362 894 528 948 πάλιν
561 896 712 965 μένει
741 898 836 950 καὶ
885 897 944 949 οὐ
985 898 1272 954 διίσταται.
1322 901 1433 954 Καὶ
1481 900 1604 964 ὅλος
1655 903 1715 954 ὲν
1776 903 1945 956 πᾶσιν

361 985 482 1038 ἐστι
518 988 632 1048 τοῖς
658 986 953 1052 ἀκούσασι,
981 989 1074 1040 καὶ
1097 990 1218 1052 ὅλος
1245 990 1397 1043 ἐστὶν
1427 993 1487 1046 ὲν
1529 991 1694 1062 αὐτῇ.
1725 993 1946 1047 Μᾶλλον

362 1077 458 1130 οῦν
515 1076 610 1129 τοῦ
656 1078 994 1149 προφορικοῦ
1049 1079 1078 1130 6
1143 1079 1451 1146 ἐνδιάθετος
1521 1083 1682 1152 λόγος
1749 1085 1944 1153 λόγος,

364 1168 605 1238 μάλιστα
631 1168 689 1222 δὲ
715 1171 744 1222 6
775 1170 936 1233 αὐτὸς
961 1170 1117 1237 οὗτός
1149 1174 1298 1240 ἐστιν
1322 1215 1336 1238 ,
1375 1176 1426 1227 εί
1454 1177 1547 1228 καὶ
1576 1178 1688 1241 τοῖς
1721 1176 1828 1242 ἔξω
1859 1195 1946 1232 σο-

364 1262 486 1329 φοῖς
515 1259 673 1322 ἄλλος
712 1261 814 1330 μὲν
841 1264 869 1316 6
903 1263 1208 1328 ἐνδιάθετος
1261 1266 1432 1331 δοκεῖ,
1465 1267 1524 1321 δν
1565 1269 1662 1322 καὶ
1702 1269 1945 1324 διάνοιαν

363 1351 635 1419 λέγουσιν,
668 1352 830 1416 ἄλλος
852 1353 909 1406 δὲ
937 1355 965 1407 6
994 1359 1347 1427 προφορικός.
1374 1360 1453 1430 Τῇ
1483 1360 1709 1433 ἀληθείᾳ
1732 1361 1840 1430 γὰρ
1863 1357 1947 1425 εἷς

365 1445 506 1498 ἐστι.
533 1445 647 1498 Καὶ
672 1439 829 1509 οὗτος
859 1445 952 1501 τὸν
981 1450 1248 1520 μονογενῆ
1295 1451 1556 1515 είκονίζει
1607 1453 1804 1520 Λόγον.
1835 1453 1947 1506 Καὶ

366 1532 676 1596 ἐνδιάθετος
725 1533 828 1604 μὲν
863 1534 1020 1604 λόγος
1059 1536 1238 1606 μένων
1268 1536 1420 1598 ἐντὸς
1472 1539 1568 1592 καὶ
1616 1539 1833 1603 πολλοῖς
1869 1539 1945 1611 μὴ

365 1625 679 1695 νοούμενος.
720 1627 1101 1697 Παχυνόμενος
1134 1628 1213 1694 δὲ,
1251 1631 1346 1683 καὶ
1396 1631 1429 1701 ἢ
1460 1632 1570 1694 τοῖς
1609 1632 1868 1701 φθόγγοις
1909 1631 1942 1703 ἢ

365 1719 480 1780 τοῖς
508 1717 800 1788 γράμμασι
845 1721 1248 1792 φανερούμενος
1283 1723 1310 1775 6
1356 1724 1716 1794 προφορικὸς,
1750 1723 1946 1778 εἰκονί-

2060 549 2181 589 cem
2237 533 2618 590 transmittunt
2676 533 2920 588 notitiam
2978 532 3092 599 Dei,
3131 542 3294 604 atque
3317 533 3387 588 ad
3423 535 3632 588 alteru-

2059 634 2204 681 trum
2240 625 2667 680 contabulantur
2695 625 2905 695 absque
2935 624 3118 695 lingua
3157 634 3210 680 et
3243 625 3628 680 intellectualis

2053 726 2155 773 ter.
2225 717 2306 773 Ita
2359 718 2541 772 anima
2576 717 2680 772 sibi
2741 717 2843 787 ipsi
2895 716 3067 786 ligura
3099 718 3331 786 quadam
3369 728 3423 773 et
3475 720 3632 790 signo

2055 823 2217 866 suum
2253 807 2504 862 enuntiat
2533 819 2884 863 sermonem:
2947 805 3149 862 deinde
3175 807 3358 876 lingua
3396 816 3488 862 aut
3538 809 3631 860 lit-
3733 869 3737 874 .

2055 911 2169 956 tera
2206 908 2505 957 concretus
2556 908 2610 956 et
2639 915 2766 957 vere
2822 903 3160 966 incarnatus,
3223 901 3482 956 omnibus
3508 901 3629 954 aliis

2054 1002 2310 1062 apparet;
2345 993 2514 1063 quiet
2543 993 2600 1047 in
2637 995 2752 1064 ipsa
2789 993 2990 1048 iterum
3023 1001 3204 1050 manet
3251 1008 3350 1048 nec
3407 993 3632 1047 omnino

2055 1095 2387 1153 separatur;
2421 1095 2476 1140 et
2507 1093 2653 1143 totus
2674 1095 2758 1141 est
2797 1086 2851 1139 in
2881 1085 3136 1142 omnibus
3191 1086 3538 1141 audientibus
3577 1094 3633 1138 et

2054 1183 2201 1230 tctus
2240 1176 2404 1231 simul
2433 1184 2516 1232 est
2557 1177 2612 1231 in
2647 1177 2828 1232 anima
2880 1192 3228 1247 permanens.
3281 1178 3474 1233 Potius
3501 1192 3632 1246 ergo

2056 1264 2108 1319 in
2141 1273 2319 1320 mente
2349 1274 2646 1335 conceptus
2677 1281 2842 1338 quam
2875 1267 3114 1322 exterius
3146 1268 3392 1338 prolatus
3449 1282 3634 1322 sermo

2055 1365 2138 1411 est
2171 1353 2352 1412 sermo
2385 1374 2400 1412 :
2438 1358 2676 1412 maxime
2717 1357 2862 1428 enim
2901 1357 2966 1413 de
3026 1360 3118 1412 illo
3151 1359 3252 1413 hoc
3287 1358 3630 1428 praedicatur.

2056 1447 2317 1515 Quamvis
2353 1451 2557 1505 exteris
2588 1450 2927 1520 philosophis
2955 1450 3103 1507 alius
3140 1450 3391 1505 videatur
3449 1465 3633 1505 sermo

2055 1548 2359 1609 conceptus
2418 1541 2471 1596 in
2516 1550 2700 1597 mente
2747 1558 2908 1610 quem
2967 1543 3356 1611 cogitationem
3414 1547 3632 1602 vocant,

2055 1633 2197 1688 alius
2228 1647 2356 1687 vero
2382 1632 2631 1687 exterius
2653 1647 2948 1702 expressus
2974 1648 2988 1697 ;
3019 1633 3072 1686 in
3101 1632 3330 1687 veritate
3355 1645 3498 1684 unus
3528 1639 3635 1694 est,

2055 1725 2394 1794 unigenitum
2419 1722 2656 1779 Verbum
2681 1731 3102 1795 repraesentans,
3125 1722 3362 1792 primum
3383 1721 3436 1774 in
3455 1729 3637 1774 mente
3739 1716 3742 1719 ’

365 1811 476 1875 ζων
512 1812 606 1864 τοῦ
649 1811 822 1879 Λόγου
851 1813 950 1883 τὴν
997 1814 1435 1886 ἐνανθρώπησιν.
1469 1817 1741 1888 ’Ὕστερον
1785 1818 1896 1888 γὰρ
1922 1820 1950 1870 6

2058 1826 2350 1885 conceptus
2373 1823 2426 1870 et
2453 1815 2794 1871 latensintus
2816 1823 2869 1868 et
2890 1815 3144 1884 pluribus
3166 1813 3405 1882 ignotus,
3443 1810 3639 1865 deinde

365 1907 498 1971 Θεὸς
524 1908 695 1976 Λόγος
729 1911 1034 1980 σαρκωθεὶς
1065 1913 1470 1983 πεφανέρωται.

2059 1924 2369 1982 concretus,
2408 1923 2460 1969 et
2488 1923 2602 1969 tum
2637 1914 2810 1976 sonis,
2847 1922 2961 1966 tum
2990 1913 3190 1966 litteris
3213 1896 3636 1965 [manifestatum

366 2007 531 2054 Sonat
588 2002 879 2068 exterius:-
908 2011 962 2059 et
1033 2006 1207 2075 pingit
1251 2004 1412 2062 Verbi.
1473 2007 1527 2062 in
1586 2006 1837 2063 humanis
1911 2008 2074 2063 vitam
2115 2008 2260 2078 quod
2307 2007 2578 2077 posterius
2633 2004 2777 2061 Deus
2834 2005 3066 2059 Verbum
3133 2004 3186 2058 in
3240 2017 3409 2059 carne
3466 2013 3636 2072 appa-

369 2094 503 2151 ruit.

937 2194 1276 2249 ΕΡΩΤΗΣΙΣ
1315 2192 1386 2250 Z'.

371 2288 551 2343 Εἰσὶν
574 2289 748 2357 ἔτερα
776 2290 1140 2360 συστήματα
1172 2296 1241 2344 ἐν
1275 2291 1356 2357 τῷ
1405 2292 1638 2360 οὖρανῷ
1663 2293 1785 2347 ἅνω
1813 2292 1956 2348 ὑδά-

531 2376 650 2414 των
673 2361 835 2428 παρὰ
861 2359 934 2414 τὰ
966 2358 1123 2414 κάτω
1148 2377 1168 2424 ;
1198 2361 1299 2415 καὶ
1339 2358 1772 2430 πῶςήῖστανται
1795 2381 1816 2429 ,-

445 2540 534 2602 Είς
601 2541 702 2611 τὴν
764 2540 1000 2612 ἑϐδόμην
1049 2541 1107 2596 δὲ
1167 2543 1662 2619 ἑρώτησιν“ταῦτα
1698 2563 1713 2580 ο
1746 2548 1959 2604 ’Ύδατα

370 2630 630 2701 ὑπεράνω
657 2631 766 2685 τῶν
799 2632 1047 2702 οὐρανῶν
1081 2635 1402 2688 πιστεύεται
1435 2631 1574 2690 εἶναι
1606 2641 1720 2702 τοῖς
1746 2640 1950 2708 ἁγίοις.

368 2721 483 2774 Καὶ
535 2723 660 2792 περὶ
717 2723 908 2777 τούτου
954 2725 1310 2796 φιλοσοφοῦσι
1360 2730 1682 2797 στέργοντες
1731 2733 1800 2785 τά
1849 2731 1950 2801 τῆς

370 2812 594 2882 Γραφῆς
619 2814 668 2867 oi
708 2817 847 2884 ἱεροὶ
881 2818 1122 2888 Πατέρες
1167 2819 1198 2888 ἠ
1210 2818 1326 2888 μῶν
1371 2819 1652 2885 Βασίλειος
1681 2823 1775 2876 καὶ
1807 2824 1955 2895 Χρυ-

371 2905 659 2974 σόστομος,
703 2902 787 2970 οἷς
840 2908 1071 2962 ἔπεσθαι
1121 2911 1262 2980 ὑπὲρ
1310 2913 1422 2970 πᾶν
1449 2912 1578 2966 ἄλλο
1632 2915 1955 2982 ἀναγκαῖον.

371 2995 532 3059 Τινὲς
566 2997 622 3050 δὲ
659 2999 754 3052 καὶ
779 2998 949 3054 ὕδατα
977 3001 1234 3071 ὑπεράνω
1261 3003 1371 3057 τῶν
1413 3005 1662 3077 οὐρανῶν
1721 3008 1821 3072 τὰς
1852 3009 1956 3078 ἀγ-

372 3089 600 3155 γελικάς
640 3089 823 3145 νοοῦσι
877 3092 1157 3162 δυνάμεις,
1184 3094 1260 3158 ὡς
1297 3096 1576 3167 Πνεύματι
1622 3100 1955 3170 κινουμένας

373 3178 533 3247 ἁγίῳ,
561 3179 656 3232 καὶ
676 3180 752 3242 ώς
774 3181 1004 3251 πλήρεις
1024 3184 1182 3250 ἁγίου
1202 3185 1536 3256 Πνεύματος,
1569 3190 1653 3242 ὅτι
1676 3191 1770 3243 καὶ
1802 3190 1947 3260 ὕδωρ

370 3267 433 3321 τὸ
461 3268 684 3339 Πνεῦμα
729 3270 974 3326 καλεῖται
1022 3273 1081 3326 τὸ
1129 3275 1306 3342 ἅγιον.
1356 3276 1588 3332 ’Λπλοῦν
1635 3279 1734 3349 μὲν
1768 3280 1826 3334 ὄν
1859 3282 1954 3335 καὶ

2600 2188 2930 2256 ρυΑΞδῚΊΟ
2984 2187 3095 2242 VII.

2060 2283 2209 2340 Nam
2254 2295 2447 2355 prater
2490 2283 2772 2351 inferiores
2815 2301 2980 2353 aquas
3033 2283 3140 2336 sint
3191 2281 3302 2355 alia
3329 2289 3634 2355 systemata

2125 2351 2389 2427 aquarum
2419 2351 2902 2421 supracwlcstium,
2937 2365 2985 2407 et
3037 2353 3298 2423 quomodo
3323 2351 3430 2406 ειιω
3459 2351 3637 2406 subsi-

2128 2427 2314 2480 stant?

2126 2537 2252 2593 Haec
2283 2538 2350 2592 ad
2374 2538 2658 2608 septimam
2687 2536 3045 2608 quaestionem
3075 2550 3091 2590 :
3121 2535 3427 2606 Opinantnr
3459 2536 3638 2592 sancti

2065 2643 2241 2698 aquas
2281 2643 2404 2684 esse
2477 2633 2711 2700 desuper
2741 2629 3006 2683 calorum
3035 2649 3046 2684 ;
3075 2643 3185 2696 quo
3209 2628 3276 2683 de
3303 2636 3629 2698 argumento

2059 2717 2361 2782 Scriptura:
2384 2735 2555 2775 sacra:
2585 2721 2894 2774 assentiunt
2948 2718 3296 2788 disputantes
3344 2733 3375 2774 e
3431 2717 3638 2774 sanctis

2058 2813 2266 2867 nostris
2299 2812 2550 2867 Patrihus
2607 2812 2838 2867 Basilius
2885 2820 2940 2867 et
2988 2811 3434 2883 Chrysostomns,
3499 2813 3626 2882 qui-

2057 2904 2161 2958 bus
2215 2903 2432 2959 videtur
2473 2917 2698 2958 necesse
2760 2918 2929 2974 aquas
3021 2919 3141 2958 esse
3216 2918 3380 2973 super
3453 2919 3629 2958 omne

2059 2994 2228 3050 aliud.
2269 2993 2504 3059 Quidam
2535 3008 2710 3064 aquas
2759 3009 2890 3064 qua:
2922 3003 3053 3050 sunt
3098 2994 3332 3066 desuper
3372 2997 3635 3051 caelorum

2064 3087 2339 3156 angelicas
2372 3095 2666 3142 autumant
2724 3101 2847 3142 esse
2914 3087 3163 3154 virtutes,
3222 3089 3405 3157 quiaa
3447 3098 3637 3146 sancto

2059 3177 2260 3248 Spiritu
2292 3187 2579 3233 moventur
2603 3187 2656 3232 et
2680 3180 2806 3248 quia
2841 3179 3046 3250 Spiritu
3077 3179 3265 3235 eodem
3293 3187 3420 3234 sunt
3441 3180 3636 3250 plenaz,

2057 3283 2116 3326 et
2198 3271 2330 3341 quia
2397 3271 2625 3342 insuper
2697 3285 2838 3341 aqua
2926 3272 3130 3326 dicitur
3195 3270 3434 3342 Spiritus
3501 3288 3632 3328 san-

373 3360 437 3412 τὸ
469 3359 596 3412 αὐτὺ
625 3361 718 3413 καὶ
751 3361 831 3426 ἓν,
855 3361 930 3424 ὥς
955 3381 1086 3434 φησι
1119 3366 1348 3433 Παῦλος,
1381 3368 1597 3439 ἑκάστῳ
1627 3369 1683 3422 δὲ
1712 3369 1950 3441 διαιροῦν

2063 3372 2208 3419 ctus.
2253 3363 2490 3432 Spiritus
2547 3363 2766 3433 quidem
2832 3358 3055 3419 sanctus
3099 3365 3326 3434 simplex
3359 3350 3430 3420 et
3468 3380 3635 3430 unus,

371 3453 440 3506 τὰ
469 3455 803 3524 χαρίσματα,
835 3457 910 3519 ώς
956 3458 1135 3510 καὶτὸ
1163 3458 1308 3530 ὕδωρ
1341 3461 1588 3531 ὑπάρχον
1621 3460 1700 3529 ἓν,
1736 3464 1952 3533 ἑκάστῳ

373 3545 480 3596 τῶν
525 3547 732 3614 φυτῶν,
776 3549 868 3600 καὶ
908 3548 1114 3621 ἑκάστῃ
1169 3549 1280 3604 τῶν
1312 3551 1552 3620 βοτανῶν
1589 3553 1727 3607 ἰδίαν
1780 3554 1956 3623 παρέ-

373 3653 458 3706 χει
491 3639 632 3690 atati
663 3640 762 3709 τὴν
792 3641 955 3708 φύσιν
994 3640 1096 3710 τὴν
1122 3640 1352 3713 δύναμιν
1378 3644 1471 3695 καὶ
1497 3644 1801 3714 ἐνέργειαν.
1845 3648 1956 3700 Καὶ

377 3729 504 3798 περὶ
527 3729 714 3784 τούτου
732 3729 876 3783 οῦτω
901 3732 1078 3798 σοφῶς
1101 3735 1126 3785 6
1150 3734 1323 3802 μέγας
1346 3735 1477 3802 φησὶ
1497 3735 1774 3805 Μάξιμον
1798 3738 1958 3790 Ἔτε-

375 3837 458 3889 ροι
491 3821 544 3873 δὲ
574 3823 633 3874 τὸ
665 3822 754 3875 διὰ
795 3823 903 3875 τῶν
932 3823 1172 3892 νεφελῶν
1200 3825 1347 3895 ὕδωρ
1384 3826 1634 3895 λέγουσιν
1665 3844 1677 3858 ·
1709 3829 1832 3882 ἐπεὶ
1863 3830 1956 3883 καὶ

373 3910 402 3963 6
429 3911 536 3982 ἀὴρ
571 3913 797 3983 οὐρανὸς
840 3915 1166 3983 ὀνομάζεται
1216 3921 1364 3987 παρὰ
1395 3921 1461 3989 τῇ
1495 3919 1710 3989 Γραφῇ.
1745 3921 1824 3974 Τά
1861 3938 1958 3973 πε-

372 4005 526 4057 τεινὰ
574 4007 684 4075 γάρ
737 4022 870 4076 φησι
921 4005 1016 4058 τοῦ
1073 4007 1327 4071 οὐρανοῦ.
1376 4010 1566 4080 Ὅμως
1622 4010 1762 4082 ὕδωρ
1815 4006 1956 4066 εἷναι

373 4096 562 4150 ἐπάνω
593 4097 683 4150 τοῦ
739 4097 1152 4167 στερεώματος,
1181 4099 1254 4163 ώς
1297 4105 1683 4174 γεγραμμένον
1733 4119 1956 4156 πιστευ-

373 4187 516 4243 τὲον.
542 4184 668 4241 Οἵδε
699 4189 806 4265 γὰρ
834 4188 863 4239 6
893 4190 1073 4244 πάντα
1105 4195 1421 4265 πεποιηκὼς
1443 4195 1549 4248 τίνι
1578 4196 1764 4265 τρόπῳ
1793 4195 1951 4248 τοῦτο

374 4278 556 4332 ἐκεῖσε
581 4262 816 4337 τέθεικε.

847 4527 1009 4598 33o
1035 4527 1365 4581 sparum
1400 4532 1477 4586 H’.

375 4639 540 4714 Διατί
559 4643 1172 4714 παραλαμϐάνουσιν
1200 4645 1254 4695 οι
1302 4643 1463 4696 ἄθεοι
1515 4643 1812 4714 τοσαύτας
1835 4662 1954 4714 μυ-

2061 3463 2123 3510 ut
2185 3455 2423 3525 loquitur
2479 3454 2705 3520 Paulus,
2763 3454 3101 3511 distribuens
3140 3456 3478 3512 charismata
3519 3457 3637 3513 sin-

2061 3547 2224 3615 gulis,
2282 3547 2429 3601 sicut
2462 3555 2516 3600 et
2555 3561 2695 3615 aqua
2747 3561 2868 3614 quae
2900 3563 3005 3600 una
3039 3548 3260 3616 quidem
3288 3557 3396 3611 est,
3431 3557 3482 3603 et
3522 3549 3639 3603 sin-

2059 3637 2202 3706 gulis
2226 3638 2483 3691 arborum
2515 3648 2568 3690 et
2599 3638 2888 3690 herbarum
2915 3638 3191 3706 pr0priam
3222 3638 3508 3692 distribuit
3541 3653 3632 3692 se-

2061 3730 2298 3782 cundum
2331 3739 2579 3782 naturam
2602 3727 3030 3796 uniuscujusque
3050 3727 3152 3780 vim
3175 3735 3227 3782 et
3251 3729 3526 3795 encrgiam
3551 3738 3639 3783 :et

2060 3819 2128 3874 de
2189 3821 2286 3874 hoc
2317 3819 2395 3873 sic
2449 3818 2690 3886 loquitur
2730 3819 3008 3886 sapienter
3043 3817 3310 3872 Maximus
3345 3833 3573 3886 magnus
3613 3838 3627 3873 :

2059 3909 2162 3960 Alii
2189 3907 2378 3961 dicunt
2417 3922 2611 3976 aquam
2637 3920 2757 3960 esse
2788 3922 2851 3961 ex
2874 3907 3130 3971 nubibus,
3162 3917 3364 3961 cumet
3393 3923 3488 3962 aer
3519 3923 3640 3963 cm—

2060 4001 2172 4051 lnm
2197 3998 2502 4067 appellatur
2523 4012 2550 4050 a
2573 3996 2875 4067 Scriptura,
2903 4014 3022 4066 qua:
3041 3998 3176 4053 dicit
3197 3997 3264 4052 de
3286 3999 3478 4053 avibus
3509 4001 3635 4070 quia

2059 4099 2187 4146 sunt
2253 4089 2492 4142 volatilia
2564 4091 2710 4144 coeli.
2768 4089 3032 4144 Similiter
3061 4099 3116 4145 ct
3139 4099 3362 4146 credere
3420 4101 3640 4161 Oportet

2059 4197 2251 4250 aquam
2281 4198 2401 4237 esse
2425 4197 2590 4250 super
2619 4183 3048 4248 ﬁrmamentum,
3068 4186 3211 4238 sicut
3235 4184 3497 4252 scriptum
3527 4195 3632 4244 est.

2061 4274 2317 4343 Viditque
2380 4277 2470 4345 qui
2507 4275 2635 4331 fecit
2695 4275 2877 4330 omnia
2934 4291 3041 4346 qua
3090 4276 3268 4331 forma
3305 4292 3475 4347 aquas
3521 4278 3634 4334 illic.

2058 4378 2204 4426 stare
2246 4369 2394 4426 fecit.

2594 4527 2916 4594 ρυΑςδτιο
2968 4527 3106 4585 Vill.

2059 4639 2239 4715 Quare
2269 4643 2412 4715 allici
2460 4640 2944 4713 (Muhammedaui)
2975 4654 3050 4698 tot
3088 4647 3358 4715 myriades
3394 4647 3638 4713 ﬁdelium

440 4710 656 4787 ριιξδας
684 4712 916 4787 πιστῶν
942 4730 1004 4787 τε
1028 4713 1399 4787 scalpit-natans,
1432 4712 1617 4787 θεαίέν
1640 4710 1950 4787 τοσούτοις

2132 4721 2180 4764 et
2215 4710 2505 4787 infantium
2535 4723 2583 4787 et
2607 4723 2715 4767 tam
2744 4715 2898 4782 longo
2916 4710 3033 4787 jam
3069 4710 3320 4782 tenipore,
3344 4710 3638 4787 puerosque

447 4780 576 4847 τοῖς
629 4783 873 4852 χρόνοις
896 4797 911 4815 ο
940 4783 1013 4835 τὰ
1035 4784 1235 4852 ,βρέφη
1275 4781 1344 4834 δὲ
1383 4780 1626 4849 μᾶλλον
1669 4780 1958 4845 ,ϐεϐαπτιὲ-

443 4852 664 4918 (mera,
737 4851 1080 4921 xaljmdér
1136 4852 1530 4920 γινώσκοντα,
1581 4868 1693 4921 ουκ
1735 4853 1957 4921 ἔμελλε

446 4917 676 4989 τούτων
700 4938 791 4986 τις
822 4917 976 4974 sli-ar.
1002 4924 1089 4988 εἰς
1115 4917 1432 4989 ἀποδοχὴν
1461 4918 1608 4973 Θεοῦ
1623 4937 1646 4986 ;
1671 4917 1776 4975 καῖ
1792 4922 1956 4977 διατι

445 4988 712 5055 ἅπαντες
744 4992 1210 5059 παραδίδονταιί

448 5102 592 5171 Πρὸς
620 5102 679 5155 δὲ
715 5103 815 5174 την
845 5105 1040 5174 ὀγδόην
1068 5106 1337 5174 ἐρώτησιν
1364 5103 1586 5158 λεκτέον
1606 5123 1619 5137 ·
1655 5107 1819 5160 Οὐδὲν
1853 5107 1955 5176 μὲν

375 5192 500 5260 δίχα
537 5192 637 5261 τῆς
666 5191 774 5246 τοῦ·
805 5192 940 5245 Θεοῦ
976 5192 1254 5262 προνοίας,
1301 5194 1423 5247 οὐδὲ
1456 5195 1679 5264 γεγονός
1715 5213 1769 5251 τι
1805 5197 1956 5268 παρὰ

375 5279 477 5350 τὴν
503 5281 706 5348 γνῶσιν
757 5281 923 5334 αὐτοῦ
947 5297 961 5311 ·
1009 5283 1070 5333 οὐ
1097 5283 1278 5338 πάντα
1308 5285 1364 5336 δὲ
1401 5285 1541 5340 κατὰ
1587 5285 1805 5357 θέλησιν
1861 5287 1959 5340 καὶ

377 5373 628 5426 εὐδοκίαν
656 5372 842 5426 αὐτοῦ.
881 5373 995 5426 Καὶ
1039 5372 1199 5443 δῆλον
1231 5377 1341 5430 ἀπὸ
1366 5377 1465 5447 τῆς
1504 5378 1597 5430 τοῦ
1645 5379 1820 5447 Ἀδάμ
1846 5396 1956 5432 ποι-

381 5465 668 5536 ραϐάσεως
692 5481 706 5496 ·
745 5464 860 5538 1(ιδιει
891 5466 997 5536 γὰρ
1027 5467 1198 5538 αὐτὴν
1226 5469 1542 5536 γεγονέναι·
1577 5468 1673 5522 καὶ
1699 5470 1759 5522 τὸ
1797 5469 1955 5536 ξύλον

378 5556 480 5624 τῆς
509 5555 768 5622 γνώσεως
807 5559 968 5621 αὐτὸς
1011 5561 1040 5613 6
1069 5559 1344 5627 φυτεύσας
1383 5556 1473 5630 ἦν,
1508 5560 1625 5613 ἀλλ’
1669 5562 1769 5632 οὐχ
1804 5562 1892 5614 ἵνα
1924 5564 1952 5615 ό

391 5643 566 5716 Ἀδὰμ
603 5646 848 5719 παραόῇ,
883 5648 1001 5702 ἀλλ’
1045 5649 1156 5716 ἵνα,
1186 5651 1327 5703 κατὰ
1353 5651 1541 5721 καιρὸν
1573 5651 1738 5704 αὐτοῦ
1789 5668 1955 5721 μετα-

379 5738 588 5809 λαϐὼν,
613 5739 866 5812 ώφεληθῇ
893 5742 1074 5810 πλέον,
1109 5741 1323 5812 πρῶτον
1353 5743 1546 5799 ἑαυτοῦ
1576 5744 1675 5814 τὴν
1702 5742 1950 5815 ὑπακοὴν

2137 4784 2710 4853 maxime__bapti_zatos
2740 4785 3052 4853 etronmium
3083 4800 3257 4837 rerum
3283 4787 3498 4853 ignaros
3539 4784 3636 4839 ra-

2133 4858 2284 4918 piunt
2306 4852 2331 4902 7
2357 4850 2500 4924 Nunt
2544 4851 2680 4924 Deus
2717 4852 2915 4924 nullius
2941 4867 3004 4905 ex
3028 4853 3109 4924 his
3141 4850 3400 4910 ratioriem
3430 4854 3590 4909 habet
3612 4894 3631 4924 ,

2133 4931 2183 4973 et
2210 4937 2371 4990 quare
2403 4921 2630 4974 universi
2663 4924 2738 4974 sic
2769 4922 3057 4975 traduntur
3078 4923 3104 4975 ?

2134 5097 2217 5153 Ad
2243 5110 2488 5152 octavam
2517 5097 2873 5167 quaestionem
2909 5098 3228 5160 dicendum.
3257 5100 3447 5172 Neque
3473 5102 3628 5159 enim

2064 5189 2182 5245 sine
2210 5190 2304 5245 Dei
2342 5190 2712 5259 prazscientia,
2747 5206 2924 5259 neque
2981 5201 3180 5262 praeter
3207 5195 3327 5264 ejus
3355 5197 3632 5266 cognitio-

2062 5297 2186 5336 nem
2221 5282 2517 5351 quidquam
2573 5286 2790 5338 evenit:
2853 5299 3024 5354 neque
3075 5289 3259 5342 omnia
3323 5288 3624 5347 secundum

2062 5373 2183 5443 ejus
2206 5374 2609 5442 heneplacitum
2645 5385 2701 5429 et
2723 5375 3181 5432 benevolentiam.
3217 5378 3372 5445 Quod
3406 5381 3630 5438 eviden-

2063 5470 2146 5516 ter
2195 5470 2410 5516 constat
2473 5477 2567 5530 per
2617 5463 2832 5533 culpam
2871 5465 3033 5518 Adae:
3071 5465 3276 5520 sciebat
3303 5469 3446 5522 enim
3477 5468 3627 5523 illam

2061 5563 2427 5625 perpetratam
2459 5569 2612 5609 esse:
2663 5565 2717 5609 et
2757 5556 2962 5625 lignum
3000 5557 3242 5612 scicntia:
3289 5558 3630 5628 plantaverat

2062 5648 2202 5718 ipse.
2245 5663 2349 5702 non
2379 5645 2598 5718 quidem
2634 5657 2693 5701 ut
2720 5648 2891 5702 Adam
2927 5665 3052 5704 reus
3085 5646 3283 5720 ﬁeret,’
3324 5653 3414 5708 sed
3443 5661 3498 5705 nt
3527 5668 3629 5722 op-

2061 5751 2296 5813 portune
2330 5749 2383 5797 et
2408 5741 2692 5797 commode
2723 5742 2788 5798 de
2813 5743 3086 5799 fructibus
3119 5745 3628 5810 eiussumensma-
