4064 6204
491 298 593 362 851

1313 269 1696 352 svmsoms
1746 282 2499 349 THESSALONICENSIS
2541 278 2893 348 ARCHIEP.

3619 283 3713 356 8‘3

492 413 576 481 gis
609 410 920 480 proliceret,
981 421 1133 462 suam
1171 404 1440 475 imprimis
1489 401 1862 458 obedientiam
1886 408 2070 456 osten-

2182 399 2572 469 ἐνδειξάμενος.
2606 401 2718 454 Kal
2752 399 2908 463 ξύλον
2939 396 2996 452 δὲ
3041 390 3111 466 ἦν
3140 396 3542 467 πεφυτευμένον
3565 401 3715 472 ξωῆςν

493 508 649 558 dens.
715 500 779 556 Et
831 502 1136 572 plautatum
1185 505 1303 552 erat
1358 497 1564 567 lignum
1613 495 1758 560 vitaz,
1811 493 1970 561 cujus
2021 492 2066 547 si

495 595 709 648 frui-tus
759 593 1116 648 ruanducaret
1187 589 1533 660 tempestive,
1588 586 1923 642 immortalis
1953 599 2069 639 ma-

495 693 690 741 neret:
750 701 856 739 non
918 685 1066 739 enim
1129 683 1183 736 in
1223 697 1424 736 vanum
1475 687 1593 734 erat
1649 679 1950 748 plantatum
2008 674 2072 730 li-

495 793 664 849 gnum
726 781 874 834 vitae.
933 776 1070 831 Cum
1127 786 1309 829 autem
1362 771 1557 827 fecerit
1626 770 1908 825 hominem
1979 783 2070 820 ra-

495 872 836 936 tionabilem,
880 870 1062 925 omnis
1103 871 1198 938 qui
1229 867 1496 921 ration-em
1525 864 1688 918 habet
1719 873 1804 918 est
1835 861 1997 927 liber,
2017 867 2072 914 et

494 965 589 1035 qui
619 965 759 1018 liber
787 973 871 1018 est
901 969 1150 1016 movetur
1192 961 1494 1020 voluntate,
1538 958 1614 1012 ita
1650 967 1730 1020 ut,
1763 956 1810 1012 si
1848 955 1987 1009 bene
2016 962 2070 1009 et

427 1049 432 1069 '
499 1057 730 1112 feliciter
760 1057 1027 1125 gessisset
1053 1052 1195 1120 iuste
1222 1050 1620 1120 approbaretur
1656 1053 2070 1108 remuneratus,

497 1150 544 1205 si
578 1164 705 1204 vero
725 1154 1030 1219 peccasset,
1064 1143 1368 1212 puniri-tur.
1390 1139 1683 1208 Propterea
1701 1139 1926 1205 insuper
1947 1136 2074 1188 data

498 1250 629 1296 sunt
662 1240 711 1295 ei
751 1253 876 1294 cum
913 1238 1124 1290 ratione
1177 1232 1535 1302 intelligentia
1579 1238 1634 1285 et
1694 1228 1985 1285 consilium
2021 1236 2076 1282 et

501 1336 774 1407 praecipue
830 1330 1152 1386 interdictio
1185 1338 1240 1384 et
1295 1328 1381 1381 lex
1418 1325 1536 1389 Dei,
1569 1335 1627 1379 ut
1680 1339 1785 1380 non
1816 1323 2074 1377 caderet:

501 1427 727 1482 minime
764 1439 898 1496 ergo
929 1437 1094 1478 causa
1125 1430 1206 1475 est
1236 1418 1377 1472 Deus
1412 1418 1606 1486 lapsus
1622 1415 1842 1478 Adami,
1865 1412 1959 1468 sed
1997 1422 2078 1465 to-

501 1531 617 1574 tum
651 1514 1066 1573 attribuendum
1096 1521 1183 1566 est
1224 1510 1398 1579 ipsius
1428 1507 1774 1578 negligentia:
1805 1517 1856 1560 et
1896 1505 2076 1572 legunt

501 1609 862 1678 contemptui.
896 1607 958 1660 Et
996 1606 1043 1662 si
1082 1602 1489 1672 quodammodo
1522 1599 1706 1656 illusio
1739 1607 1828 1652 aut
1864 1596 2076 1650 fallacia

501 1705 626 1760 Itali
662 1701 824 1770 huius
854 1697 1074 1754 occasio
1121 1696 1298 1765 potuit
1327 1708 1469 1760 esse,
1519 1693 1612 1748 sed
1645 1693 1828 1761 potius
1862 1691 2073 1744 incuria

500 1806 556 1852 et
589 1794 952 1865 improvidum
1012 1789 1156 1844 male
1215 1788 1370 1842 cauti
1400 1785 1690 1841 consilium
1720 1803 1734 1851 ;
1775 1783 1905 1853 quid
1933 1781 2077 1838 enim

503 1888 773 1953 potuisset
798 1893 1070 1938 creaturae
1107 1897 1155 1934 in
1170 1880 1253 1933 ala
1308 1880 1494 1934 suasio
1527 1889 1716 1931 contra
1748 1874 2076 1930 desiderium

505 1981 622 2045 Dei,
649 1981 694 2034 si
719 1978 950 2047 vigilans
982 1974 1176 2028 fuisset
1211 1973 1406 2034 Adam,
1438 1979 1492 2024 et
1520 1971 1572 2023 in
1621 1970 1861 2038 seipsuin
1895 1978 2081 2049 custo-

502 2073 706 2127 diendo
731 2067 1102 2130 ﬁrmissimus,
1139 2074 1198 2118 ut
1233 2064 1538 2130 oportebat.
1570 2061 1672 2114 Sed
1696 2075 1869 2130 neque
1896 2059 2081 2112 dialzo-

501 2165 611 2219 lum
648 2161 853 2216 creavit
881 2157 1156 2227 Deus.qui
1203 2154 1923 2223 fecitangelumbonum;et
1985 2151 2078 2205 ille

502 2255 753 2310 diabolus
794 2260 876 2308 est
910 2249 1158 2312 effectus,
1187 2249 1330 2302 ultro
1351 2261 1652 2300 conversus
1683 2246 1749 2298 ad
1786 2243 2072 2306 malitiam,

505 2359 558 2402 et
590 2345 868 2400 anti-deus
903 2343 1104 2404 factus,
1144 2344 1240 2396 sed
1277 2341 1444 2394 simul
1491 2339 1742 2393 inﬁrmus
1777 2336 2072 2399 exsistrns,

509 2441 570 2488 ut
598 2443 848 2486 creatura
884 2432 1062 2484 sciens
1101 2428 1268 2484 Deum
1306 2445 1434 2484 esse
1464 2441 1763 2499 creatorem
1790 2445 1804 2492 ;
1835 2437 2074 2481 attamen

502 2525 644 2595 apud
663 2525 955 2590 Adatnum,
988 2524 1080 2577 Dei
1105 2537 1321 2592 quoque
1339 2533 1668 2586 creaturam,
1705 2522 1872 2574 Deum
1898 2520 2074 2590 ipsum

503 2616 879 2680 calumniavit,
947 2626 1005 2670 ut
1061 2615 1308 2670 invidum
1368 2629 1492 2668 cum
1554 2613 1930 2677 introducens,
1985 2615 2078 2683 qui

502 2709 772 2763 Adamum
801 2709 958 2764 vellet
1007 2708 1076 2762 ab
1115 2722 1214 2762 esu
1266 2706 1543 2776 fructuum
1591 2707 1719 2777 ligni
1759 2708 2075 2776 prmpedire,

507 2802 708 2856 timens
745 2816 835 2866 ne,
867 2800 912 2855 si
948 2797 1323 2862 manducaret,
1346 2807 1404 2852 ut
1438 2799 1582 2854 Deus
1623 2801 1840 2854 iuturus
1873 2801 2031 2856 foret.
2101 2803 2338 2872 [mleque
2367 2800 2532 2859 Satan
2567 2804 2766 2871 factus,

2171 493 2247 555 ὡς
2270 492 2338 546 ἂν
2374 490 2694 562 μεταλαϐὼν
2718 493 2780 544 ὲν
2809 490 2988 561 καιρῷ
3019 489 3284 552 ἀθάνατος
3315 491 3468 562 μείνῃ
3498 508 3512 524 ·
3543 493 3599 546 ού
3621 496 3717 564 γὰρ

2173 587 2254 648 εἰς
2284 585 2463 654 μάτην
2489 586 2550 637 τδ
2575 583 2736 650 ξύλον
2763 586 2862 654 τῆς
2897 580 3041 651 ζωῆς
3082 580 3436 650 πεφύτευται.
3472 583 3616 640 Ἐπεὶ
3638 583 3721 638 οὖν

2174 677 2397 744 λογικὸν
2424 678 2516 731 τὸν
2551 677 2840 746 ἄνθρωπον
2871 675 3098 738 ἔπλασε,
3141 675 3252 728 πᾶν
3275 673 3330 726 δὲ
3375 672 3584 742 λογικὸν
3611 677 3725 728 aut-

2175 770 2437 834 εξούσιον,
2453 770 2716 836 αύτεξουο
2727 770 2804 822 ίου
2819 769 2877 822 δὲ
2894 768 2954 820 τὸ
2967 768 3233 821 κινεῖσθαι
3250 767 3565 836 θηλητικῶς,
3582 768 3651 829 ὼς
3665 769 3725 822 ἂν

2174 863 2208 934 ἢ
2229 863 2528 930 κατορθοῦν
2547 863 2836 927 ἐπαινῆται
2858 862 3102 922 δικαίως,
3125 861 3157 930 ἢ
3182 860 3490 930 ἁμαρτάνον
3512 860 3725 932 κολάζηη

2174 973 2289 1020 ται,
2313 956 2406 1008 καὶ
2437 955 2641 1022 γνῶσις
2663 954 2720 1007 δὲ
2762 953 2842 1023 τῷ
2866 953 3070 1025 λογικῷ
3101 955 3191 1006 καὶ
3217 952 3377 1021 σοφία
3396 954 3614 1018 δέδοται,
3642 959 3728 1011 καὶ

2177 1047 2528 1117 παραγγελία
2567 1045 2865 1116 ἔξαιρέτως
2915 1049 3010 1099 καὶ
3035 1046 3201 1114 νόμος
3231 1045 3366 1098 Θεοῦ
3410 1047 3540 1116 πρὸς
3576 1047 3631 1100 τὸ
3657 1048 3724 1114 μὴ

2179 1142 2408 1192 πεσεῖν·
2456 1139 2557 1192 οὐκ
2602 1139 2711 1210 ἄρα
2753 1138 2885 1200 Θεος
2935 1137 3109 1200 αἴτιος
3157 1138 3252 1190 τοῦ
3289 1141 3597 1210 περιπεσεῖν
3644 1139 3725 1190 τὸν

2190 1232 2385 1300 Ἀδὰμ,
2408 1231 2546 1284 ἀλλὰ
2565 1233 2664 1300 τῆς
2690 1232 2948 1299 ἀμελείας
2974 1231 3134 1284 τοῦτο
3163 1233 3259 1284 καὶ
3288 1230 3724 1300 καταφρονήσεως

2178 1321 2272 1374 τοῦ
2312 1321 2510 1390 Ἀδάμ.
2543 1322 2605 1373 El
2635 1321 2692 1374 δὲ
2715 1323 2810 1375 καὶ
2837 1322 2870 1391 ἡ
2905 1321 3083 1391 πλάνη
3109 1321 3202 1373 τοῦ
3228 1319 3464 1390 πονηροῦ
3495 1321 3729 1389 πρόξενος

2178 1414 2372 1467 τούτου
2425 1413 2670 1481 γέγονεν,
2726 1413 3063 1483 άπροσεξίας
3117 1415 3214 1466 καὶ
3265 1412 3425 1466 τοῦτο
3467 1415 3556 1465 καὶ
3605 1415 3732 1481 ἀφυ-

2179 1503 2379 1557 λάκτου
2414 1505 2510 1574 τῆς
2544 1507 2943 1574 προαιρέσεως.
2979 1504 3055 1556 Οὐ
3088 1505 3196 1572 γὰρ
3223 1504 3290 1556 ἂν
3338 1503 3487 1573 ίσχυε
3522 1505 3730 1572 κτίσμα-

2179 1612 2272 1660 τος
2316 1597 2529 1666 πονηρὰ
2583 1597 2868 1668 συμϐουλὴ
2915 1598 3058 1650 κατὰ
3108 1596 3208 1664 τῆς
3257 1595 3409 1656 θείας
3455 1595 3658 1665 βουλῆς,
3689 1598 3731 1649 εί

2182 1691 2472 1761 γρηγορῶν
2500 1686 2569 1760 ἦν
2589 1692 2618 1743 ό
2655 1689 2849 1758 Ἀδάμ,
2878 1691 2977 1743 καὶ
3001 1690 3192 1743 ἑαυτὸν
3227 1689 3536 1757 φυλάσσων,
3567 1686 3732 1750 καθὼς

2180 1782 2408 1852 ἐτάχθη.
2453 1782 2597 1836 Ἀλλ’
2619 1783 2740 1836 οἱδὶ
2765 1782 3015 1835 διάϐολον
3037 1784 3063 1834 ό
3095 1781 3231 1843 Θεὸς
3257 1781 3502 1845 ἔκτισεν,
3522 1777 3733 1846 ἄγγελον

2181 1878 2237 1929 δὲ
2291 1876 2517 1944 ἀγαθὸν,
2566 1869 2724 1937 οὗτος
2770 1875 2826 1928 δὲ
2883 1873 3131 1937 διάϐολος
3177 1875 3394 1942 γέγονε,
3442 1870 3737 1942 προαιρέσει

2185 1971 2324 2037 πρὸς
2365 1967 2464 2038 τὴν
2517 1967 2719 2022 κακίαν
2763 1968 3017 2037 τραπεὶς,
3054 1967 3150 2018 καὶ
3198 1967 3446 2024 ἀντίθεος
3493 1965 3732 2033 γεγονὼς,

2185 2063 2277 2114 καὶ
2307 2061 2536 2132 ἀσθενὴς
2572 2059 2647 2114 ὢν
2674 2079 2686 2090 ·
2739 2061 2946 2129 κτί;μα
2995 2061 3104 2129 γὰρ
3143 2061 3238 2113 καὶ
3281 2061 3440 2112 τοῦτο
3483 2058 3630 2118 εἰδὼς
3657 2057 3736 2110 τὸν

2184 2156 2320 2209 Θεὸν
2346 2157 2437 2208 τὸν
2478 2157 2764 2218 κτίσαντα,
2796 2156 2960 2217 αὐτὸς
3001 2157 3060 2206 τὸ
3091 2155 3295 2222 κτίσμα
3321 2153 3418 2206 τοῦ
3456 2152 3584 2205 Θεοῦ
3617 2152 3736 2220 πρὸς

2181 2247 2369 2317 ἕτερον
2422 2247 2512 2300 τὸν
2575 2247 2776 2317 ’Δδὰμ,
2820 2247 2913 2300 τὸν
2959 2247 3092 2300 Θεὸν
3145 2247 3308 2299 αὐτὸν
3362 2230 3640 2310 διαϐαὶὼν,
3673 2246 3737 2306 ὡς

2184 2341 2448 2412 φθονερὸν
2479 2341 2641 2394 αὑτὸν
2675 2343 2932 2409 εἰσάγων,
2968 2343 3063 2394 καὶ
3096 2341 3204 2393 ἀπὸ
3237 2340 3337 2392 τοῦ
3377 2339 3530 2405 ξύλου
3560 2341 3737 2407 φαγεῖν

2184 2433 2276 2487 τὸν
2319 2434 2492 2501 Ἀδὰμ
2527 2434 2824 2498 κωλύοντα,
2865 2435 3043 2487 εἰδότα
3072 2436 3146 2497 ὡς
3181 2437 3230 2487 εἰ
3268 2435 3506 2504 φάγεται
3539 2433 3627 2486 ἀπ’
3653 2435 3738 2484 αὺ-

2184 2525 2280 2578 τοῦ
2336 2526 2413 2590 ὡς
2461 2527 2593 2590 Θεὸς
2640 2529 2952 2597 γενήσεται.
3005 2528 3096 2581 Διὸ
3139 2529 3317 2582 Σατᾶν
3373 2528 3622 2595 γεγονὼς,
3656 2525 3742 2580 καὶ

2178 2617 2498 2687 ὠνομάσθη,
2535 2619 2565 2670 ὃ
2612 2619 2759 2672 ἔστιν
2801 2623 3137 2690 ἀποστάτης.
3192 2621 3384 2675 Ταῦτα
3420 2621 3572 2674 ἱκανὰ
3619 2621 3737 2690 πρὸς

2177 2709 2278 2780 τὴν
2309 2709 2465 2762 λύσιν
2497 2711 2700 2774 παντὸς
2735 2712 2826 2766 τοῦ
2859 2713 3195 2784 ζητήματος.

2844 2813 2898 2860 et
2949 2807 3247 2876 appellatus
3305 2815 3434 2862 est:
3489 2805 3623 2877 quod
3669 2809 3743 2859 est

501 2904 770 2968 apostata.
797 2895 862 2948 Et
894 2896 1008 2949 haec
1037 2894 1172 2948 satis
1203 2893 1269 2946 ad
1297 2891 1627 2947 solutionem
1675 2895 1843 2947 totius
1875 2895 2038 2964 hujus
2071 2896 2416 2965 quastiouis.

1058 3007 1384 3076 QUASSTlU
1424 3009 1516 3064 IX.

505 3125 652 3179 Num
681 3129 819 3180 Deus
852 3142 1014 3179 causa
1049 3127 1117 3179 sit
1151 3125 1588 3192 transgressionis
1617 3125 1808 3179 Adami
1831 3134 1880 3178 et
1906 3127 2081 3178 increo

573 3196 822 3249 dulitatt's
865 3196 1126 3262 gentium,
1179 3195 1436 3261 siquidem
1467 3196 1619 3246 inriti
1661 3197 1973 3247 truduntur.
2006 3193 2080 3246 Ac

574 3266 620 3318 si
661 3281 764 3317 non
816 3261 884 3317 sit
931 3281 1093 3316 causa
1146 3261 1311 3325 Deus,
1356 3267 1613 3330 quomodo
1658 3267 1952 3332 puniantur
1991 3265 2080 3332 qui

577 3337 863 3388 traduntur
896 3335 1043 3386 inviti
1066 3334 1090 3385 ?

577 3446 656 3500 Ad
688 3460 888 3502 nonam
915 3446 1274 3516 qumstiunem
1306 3447 1420 3500 tunc
1443 3463 1457 3502 :
1477 3444 1659 3501 Primo
1690 3447 1905 3516 quidem
1946 3464 2079 3518 gen-

507 3551 590 3594 tes
635 3540 754 3593 istae
805 3553 915 3593 non
972 3548 1101 3594 sunt
1148 3537 1325 3603 factze,
1381 3544 1462 3590 ut'
1496 3539 1604 3593 sint
1649 3537 1934 3604 inﬁdeles,
1986 3542 2080 3594 sed

443 3684 446 3688 .
508 3631 746 3686 habeant
777 3631 936 3685 tidem
965 3647 980 3683 :
1015 3636 1238 3699 propter
1269 3629 1371 3684 hoc
1400 3644 1430 3683 a
1463 3629 1729 3698 principio
1762 3632 1946 3698 omnia
2000 3631 2083 3685 l'a-

507 3731 594 3777 cta
630 3733 783 3785 sunt,
817 3731 871 3776 et
899 3721 953 3774 in
1012 3721 1118 3776 line
1171 3737 1337 3790 super
1375 3721 1558 3775 omnia
1588 3723 1680 3776 Dei
1723 3721 1958 3778 Verbum
1994 3725 2080 3778 in-

505 3822 812 3874 carnatum,
850 3811 1078 3883 ejusque
1109 3812 1366 3868 salutaris
1415 3811 1733 3883 praedicatio
1768 3814 1824 3868 in
1862 3829 2078 3871 omnem

504 3913 707 3960 terram
736 3905 928 3961 dilfusa
958 3915 1066 3969 est,
1089 3915 1146 3960 ut
1178 3909 1362 3962 nullus
1396 3907 1621 3962 haberet
1643 3911 2074 3962 circumitionem.

513 4017 531 4048 ι
573 3998 844 4066 Numquid
896 4001 1042 4052 enim
1097 4014 1205 4053 non
1267 3999 1598 4054 audierunt?
1646 4000 1783 4054 dixit
1833 3999 2076 4065 Paulus;

503 4101 557 4145 et
613 4090 833 4160 quidem
902 4091 957 4146 in
1019 4106 1238 4145 onmem
1304 4100 1505 4146 terrain
1559 4091 1727 4146 exivit
1776 4106 1941 4148 sonus
1987 4107 2081 4148 eo-

504 4198 629 4236 rum
666 4183 707 4236 '.
746 4201 766 4234 ι
823 4183 888 4236 Ει
941 4185 1164 4240 evidens
1215 4194 1299 4238 est
1325 4196 1456 4254 quot
1501 4199 1564 4238 ex
1607 4184 1865 4241 omnibus.
1907 4188 2079 4256 genti-

501 4274 609 4329 bus
638 4274 987 4330 crediderunt
1023 4289 1079 4330 et
1127 4284 1446 4330 manserunt
1491 4278 1802 4342 credentes,
1833 4287 1889 4333 et
1946 4295 2083 4348 quo-

2749 3016 3084 3071 ΕΡΩἹἩΣΙΣ
3121 3015 3198 3072 ϐ’.

2183 3123 2553 3204 Ἀραίαίτιος
2583 3137 2615 3187 ό
2662 3137 2808 3202 Θεὸς
2843 3135 2953 3202 τῆς
2997 3135 3398 3204 παραϐάσεως
3429 3135 3531 3190 τοῦ
3577 3134 3744 3201 Ἀδὰμ

2254 3203 2353 3254 καὶ
2385 3203 2500 3273 τῆς
2525 3205 2812 3272 ἀπιστίας
2841 3205 2958 3259 τῶν
2999 3203 3212 3270 ἐθνῶν,
3241 3206 3452 3273 ἐπειδὴ
3507 3206 3740 3267 ἄκοντες

2254 3272 2724 3342 παραδίδονταω
2756 3278 2808 3329 εί
2837 3276 2905 3329 δὲ
2938 3280 3050 3330 οὐκ
3075 3279 3292 3342 αἴτιος,
3322 3272 3450 3342 πῶς
3483 3273 3740 3335 κολάζον-

2253 3359 2348 3396 nu
2381 3339 2572 3410 οὗτοι,
2606 3346 3070 3416 παραδιδόμεν-οι
3102 3339 3360 3414 ἄκοντες
3387 3365 3405 3412 ;

2255 3455 2399 3526 Πρὸς
2422 3457 2478 3510 δὲ
2506 3457 2605 3530 τὴν
2635 3461 2863 3531 ἐννάτην
2892 3461 3089 3514 ταῦτα·
3131 3463 3362 3534 Πρῶτον
3397 3465 3496 3531 μὲν
3519 3462 3650 3516 αύτὰ
3681 3463 3742 3514 τὰ

2184 3547 2334 3619 ἔθνη,
2363 3551 2460 3620 οὐχ
2493 3551 2580 3603 ἵνα
2612 3551 2818 3605 ἄπιστα
2864 3543 2967 3606 ὦσι
3005 3554 3355 3622 γεγένηνται,
3402 3557 3625 3612 ἀλλ’ἵνα
3651 3544 3743 3608 ὦσι

2185 3643 2375 3706 πιστὰ,
2407 3641 2504 3695 καὶ
2528 3643 2614 3696 διὰ
2644 3643 2799 3697 τοῦτο
2818 3644 2885 3696 τὰ
2911 3644 2969 3711 ἐξ
2999 3645 3172 3716 ἀρχῆς
3201 3648 3382 3702 πάντα
3412 3649 3614 3717 γέγονε.
3644 3649 3742 3701 Kal

2182 3735 2338 3797 τέλος
2375 3735 2408 3805 ἡ
2459 3733 2551 3788 τοῦ
2582 3735 2716 3788 Θεοῦ
2749 3738 2928 3806 Λόγου
2978 3740 3119 3810 ὑπὲρ
3154 3741 3416 3796 ἁπάντων
3459 3742 3741 3810 οἰκονομία,

2184 3827 2364 3880 καὶτὸ
2397 3828 2667 3897 σωτήριον
2694 3830 2887 3884 τούτου
2918 3831 3175 3903 κήρυγμα
3205 3837 3288 3898 είς
3318 3837 3414 3906 τὴν
3437 3837 3740 3906 οἰκουμένην

2183 3917 2516 3986 ἑξήπλωται,
2536 3919 2625 3974 ἵνα
2657 3921 2731 3991 μή
2756 3939 2840 3984 τις
2865 3923 3166 3993 ἀπολογίαν
3190 3925 3312 3998 ἔχῃ.
3343 3947 3362 3981 ι
3399 3929 3485 4000 Μὴ
3511 3931 3617 4000 γάρ
3653 3931 3743 3982 οὐκ

2182 4009 2460 4079 ἧκουσαν;
2511 4011 2646 4082 φησὶ
2702 4013 2936 4082 Παῦλος,
2982 4017 3177 4084 μενοῦν
3214 4037 3277 4087 γε
3333 4022 3414 4086 είς
3442 4025 3621 4076 πᾶσαν
3655 4022 3743 4092 τὴν

2182 4101 2526 4173 γῆνὲξῆλθεν
2543 4107 2569 4158 ό
2594 4106 2833 4176 φθόγγος
2848 4110 3046 4164 αὐτῶν.
3062 4131 3091 4164 ν
3117 4114 3226 4166 Καὶ
3251 4115 3416 4186 δῆλον
3437 4118 3510 4181 ὡς
3537 4121 3596 4171 ἐκ
3624 4118 3746 4170 πάν-

2182 4209 2290 4246 των
2317 4194 2428 4248 τῶν
2449 4196 2621 4250 ἐθνῶν
2645 4201 3066 4269 πεπιστεύκασι,
3100 4207 3193 4258 καὶ
3227 4207 3452 4275 μένουσι
3479 4211 3534 4263 δὲ
3554 4211 3742 4270 πιστοὶ.

2183 4281 2323 4340 ὥστε
2377 4287 2446 4340 τά
2495 4287 2700 4344 ἄπιστα
2745 4291 2872 4360 ἔθνη
2919 4293 2984 4346 ἐκ
3013 4297 3206 4348 τούτου
3258 4302 3591 4370 κατάκριτα.
3651 4302 3748 4354 Kal.

502 4368 668 4421 modo
701 4369 789 4435 qui
821 4382 886 4419 ex
929 4369 1181 4434 gentibus
1210 4383 1318 4421 non
1360 4369 1716 4424 crediderunt
1737 4381 1955 4441 propter
1978 4374 2079 4427 hoc

2186 4379 2389 4448 μᾶλλον
2415 4380 2498 4434 ὅτι
2527 4382 2595 4434 τὰ
2621 4382 2716 4435 τοῦ
2743 4383 2880 4437 Θεοῦ
2913 4389 3191 4458 μυστήρια
3246 4362 3573 4460 κηρύττεται
3599 4393 3748 4463 μέσον

503 4458 850 4511 condemnati
884 4468 1032 4518 sunt,
1076 4473 1201 4511 cum
1240 4461 1545 4527 praesertim
1591 4463 1849 4532 mysteria
1876 4463 1972 4518 Dei
2024 4465 2078 4519 in

503 4547 688 4602 medio
721 4546 960 4616 gentium
1021 4547 1421 4615 splendueriut,
1465 4561 1520 4602 et
1573 4551 1627 4603 in
1681 4552 1937 4621 gentibus
1970 4555 2083 4609 sint

506 4640 626 4695 loca
662 4639 712 4691 iu
743 4638 943 4708 quibus
967 4654 1198 4710 corpore
1257 4640 1518 4696 habitavit
1569 4653 1622 4697 et
1651 4643 1705 4696 in
1765 4645 1965 4714 quibus
1995 4648 2083 4702 in-

505 4741 766 4787 carnatus
799 4742 852 4786 et
885 4747 1079 4803 passus
1119 4741 1201 4788 est
1253 4734 1368 4804 ipse
1395 4733 1604 4789 volens.
1637 4732 1742 4791 Sed
1791 4737 1894 4805 ipsi
1949 4737 2076 4792 mali

507 4825 842 4879 unanimiter
881 4836 1082 4896 negant
1130 4824 1289 4880 Verbi
1326 4827 1489 4881 vitam
1525 4829 1668 4881 inter
1717 4828 1985 4894 homines,
2027 4839 2081 4884 et

504 4919 848 4985 passionem,
877 4927 932 4972 et
980 4919 1460 4984 rtsurrectionem,
1511 4930 1565 4975 et
1623 4920 1993 4988 divinitatem,
2025 4932 2080 4978 et

505 5013 959 5065 incarnationem.
1023 5011 1232 5066 Idcirco
1278 5027 1403 5067 cum
1437 5037 1442 5043 -
1473 5014 1810 5070 daemonibus
1863 5030 2078 5083 pinnam

504 5103 684 5167 luunt,
714 5103 842 5173 quia
863 5118 1053 5157 eorum
1079 5115 1204 5158 sunt
1227 5105 1369 5160 servi
1396 5115 1452 5160 et
1481 5108 1776 5175 compliCes
1805 5108 2080 5174 ministri;

505 5206 558 5247 et
607 5195 749 5249 sicut
799 5195 1052 5250 diabolus
1103 5195 1374 5252 homicida
1435 5209 1596 5254 estet
1647 5210 1838 5256 contra
1908 5201 2076 5256 Deum

503 5284 928 5352 blasphemator,
955 5296 1006 5341 et
1051 5287 1129 5340 illi
1160 5289 1432 5343 similiter.
1465 5290 1604 5346 Deus
1630 5307 1848 5363 quoque
1874 5293 2080 5362 Optime

505 5377 656 5430 novit
690 5378 947 5431 mundum
975 5392 1003 5430 a
1037 5379 1375 5438 daemonibus
1421 5392 1611 5437 contra
1670 5401 1769 5440 nos
1827 5386 2080 5454 moveri;

509 5463 605 5515 sed
647 5463 753 5516 illis
785 5471 984 5533 spretis
1013 5476 1068 5521 et
1103 5474 1453 5536 quantumvis
1486 5484 1674 5528 contra
1705 5477 2080 5544 molientibus,

509 5551 640 5616 veri,
675 5552 897 5644 legitimi
929 5564 983 5609 et
1015 5556 1252 5616 illustres
1277 5565 1416 5618 servi
1455 5565 1546 5620 Dei
1577 5579 1929 5636 generantur,
1953 5587 2087 5640 quo-

585 5724 601 5755 ⁷
639 5732 797 5785 Rom.
837 5751 892 5799 κ,
937 5733 1033 5817 18.7

2185 4471 2390 4537 αὐτῶν,
2443 4475 2542 4528 καὶ
2589 4475 2640 4527 οἱ
2677 4476 2831 4529 τόποι
2871 4480 2929 4530 ὲν
2957 4480 3164 4540 αὐτοῖς.
3196 4484 3253 4533 ὲν
3302 4479 3384 4547 οἷς
3441 4485 3748 4556 σωματικῶς

2186 4562 2574 4619 πεπολίτευται
2607 4565 2703 4620 καὶ
2745 4569 3015 4623 πέπονθεν
3057 4572 3320 4638 ἑκουσίως
3353 4580 3381 4630 ό
3432 4578 3745 4647 σαρκωθείς.

2183 4653 2348 4708 Αὐτοὶ
2376 4655 2433 4709 δὲ
2479 4658 2662 4712 καὶτὸ
2709 4660 3132 4733 ὲνανθρωπῆσαι
3183 4668 3275 4719 καὶ
3308 4668 3372 4720 τὸ
3423 4669 3615 4723 παθεῖν
3660 4669 3747 4722 καὶ

2185 4746 2484 4818 ἀναστῆναι
2525 4750 2617 4803 καὶ
2645 4750 2706 4802 τὸ
2735 4751 2868 4804 Θεὸν
2916 4751 3059 4809 εἶναι
3092 4759 3185 4810 καὶ
3233 4761 3602 4830 σαρκωθῆναι,
3631 4762 3747 4814 ἀθε-

2185 4838 2341 4891 τοῦσι
2384 4840 2638 4905 καθάπαξ
2661 4843 2710 4895 oi
2740 4843 2983 4898 δείλαιοι.
3018 4848 3110 4901 Διὸ
3138 4851 3232 4903 καὶ
3265 4855 3407 4921 μετά
3435 4853 3541 4906 τῶν
3566 4854 3745 4923 δαιμό-

2189 4947 2295 4985 νων
2327 4925 2475 4985 obrui
2522 4949 2586 5000 γε
2633 4936 3084 5006 κολασθήσονται,
3121 4943 3202 4994 ὅτι
3231 4945 3326 4996 καὶ
3359 4947 3567 4998 τούτων
3615 4948 3744 4998 εἰσὶν

2190 5022 2459 5092 ὑπουργοί
2493 5041 2552 5076 τε
2599 5027 2694 5078 καὶ
2743 5031 3020 5098 συνεργοί.
3057 5035 3165 5086 Kal
3197 5035 3274 5098 ὡς
3313 5038 3748 5108 ἀνθρωποκτόνος

2187 5113 2397 5176 ἐκεῖνος
2442 5120 2536 5168 καὶ
2573 5118 2715 5170 κατὰ
2759 5117 2894 5173 Θεοῦ
2932 5121 3291 5194 βλασφημῶν,
3339 5130 3435 5182 καὶ
3463 5125 3624 5185 οὗτοι.
3649 5130 3748 5182 Kal

2186 5207 2248 5257 τὸ
2275 5206 2376 5274 μὲν
2401 5209 2674 5262 κινεῖσθαι
2703 5209 2861 5263 τοῦτο
2889 5214 3014 5266 καθ’
3045 5218 3204 5285 ἡμῶν
3225 5218 3330 5272 ὑπὸ
3351 5219 3461 5272 τῶν
3487 5221 3748 5289 δαιμόνων

2185 5299 2246 5350 τὸ
2279 5299 2452 5365 ἔθνος,
2485 5301 2772 5368 γινώσκων
2807 5307 2957 5358 ἐστὶν
2999 5307 3028 5359 ὁ
3065 5310 3218 5372 Θεὸς,
3245 5311 3306 5363 ού
3337 5312 3538 5365 κωλύει
3565 5314 3638 5376 δὲ,
3670 5311 3748 5363 ἵνα

2187 5391 2234 5442 οἱ
2263 5391 2478 5460 γνήσιοι
2535 5393 2725 5447 τούτου
2756 5394 2934 5449 δοῦλοι
2967 5403 3194 5472 φανεροὶ
3237 5403 3520 5470 γένωνται,
3568 5402 3658 5454 καὶ
3698 5402 3743 5454 ιι

2185 5481 2618 5551 κατωρθωκότες
2638 5485 3008 5554 ἀναφανῶσιν,
3036 5491 3111 5555 ὠς
3139 5494 3232 5545 καὶ
3254 5496 3281 5546 ό
3307 5493 3474 5547 Ἀϐελ
3502 5495 3595 5547 καὶ
3622 5491 3744 5562 Σὴθ,

2192 5574 2340 5641 μόνοι
2377 5577 2434 5628 ὲν
2463 5578 2528 5645 τῇ
2555 5580 2715 5650 γενεᾷ
2759 5581 2918 5636 Κάῖν.
2959 5584 3068 5636 Καὶ
3095 5585 3216 5639 Νῶε
3252 5586 3416 5656 μόνος
3461 5587 3556 5640 σὺν
3585 5586 3649 5656 τῇ
3677 5585 3744 5636 ol-
