4064 6204
355 318 460 384 853

1091 309 1486 374 RESPONSA
1529 311 1627 372 AD
1655 310 2108 374 GABRIELEM
2137 311 2871 374 PENTAPOLITANUM.

3515 314 3634 377 854·

356 435 471 505 κίᾳ,
500 435 556 486 ἐν
581 434 648 502 τῇ
687 431 852 501 γενεᾷ
883 430 1031 502 πάσῃ
1055 429 1246 493 αὑτοῦ,
1278 429 1400 499 ἥτις
1436 430 1526 482 καὶ
1561 425 1938 496 κατακλυσμῷ

2051 442 2161 480 rum
2200 435 2344 482 recta
2383 439 2438 482 et
2461 429 2548 498 pia
2591 429 2972 486 manifestatur
2995 430 3128 495 vita,
3159 439 3213 485 nt
3237 431 3454 488 fuerunt
3485 434 3619 504 Abel

358 524 770 595 ὲξωλόθρευται,
803 523 862 576 ὲν
972 522 1188 584 πάντως
1218 519 1382 591 γενεᾷ
1407 523 1472 591 τῇ
1511 520 1805 590 φθαρείσῃ,
1837 519 1932 572 καὶ

359 621 530 689 νήπια
570 617 852 688 μυριάδες,
891 615 1050 684 33].
1106 615 1283 668 πάντα
1323 613 1418 666 καὶ
1447 614 1586 666 αὐτὰ
1634 611 1776 664 κατὰ
1809 611 1934 673 τοὺς

361 711 612 780 Πατέρας
651 709 912 780 μέλλοντα
943 709 1128 776 ζῆσαι.
1162 707 1276 760 Καὶ
1305 705 1382 768 ὡς
1422 704 1673 774 Ἀϐραὰμ
1709 707 1766 757 ὲν
1791 703 1936 756 Χαλ-

358 803 531 866 δαίοις
552 804 646 856 καὶ
679 801 827 873 πάσῃ
852 803 921 871 γῇ
950 801 1090 871 πλὴν
1125 799 1460 870 Μελχισεδὲκ
1487 799 1578 852 καὶ
1601 799 1708 850 τῶν
1735 800 1936 869 ὁμοίων

358 899 532 968 αὐτῷ,
566 898 726 967 εἴπερ
775 899 871 950 καὶ
903 895 1056 950 ἄλλοι
1089 892 1210 948 κατ’
1253 891 1450 946 αὐτόν·
1487 892 1585 944 καὶ
1619 891 1693 954 ὡς
1724 891 1846 944 Λὼτ
1877 892 1936 943 ὲν

361 991 638 1060 Σοδόμοις,
697 991 792 1042 καὶ
835 989 1032 1059 Ἰωσὴφ
1081 988 1139 1039 ὲν
1201 984 1488 1053 Αἰγύπτῳ,
1543 984 1638 1036 καὶ
1682 982 1744 1034 τὸ
1785 982 1935 1045 ἔθνος

357 1082 469 1134 τῶν
509 1079 780 1134 Ἰουδαίων
816 1079 976 1148 μόνον
1023 1080 1081 1129 ἐν
1113 1079 1206 1146 γῇ,
1235 1077 1328 1128 καὶ
1373 1075 1504 1128 αὐτὸ
1545 1077 1774 1128 πλεῖστα
1805 1073 1936 1127 πολ-

359 1173 520 1234 λάκις
571 1172 964 1240 σφαλλόμενον.
1014 1171 1108 1233 Τίς
1135 1165 1230 1234 οὖν
1275 1171 1432 1238 ἇραδ
1476 1167 1646 1231 αἴτιος
1675 1169 1776 1237 τῆς
1809 1168 1936 1220 ἀσε-

364 1266 518 1328 ϐείας
540 1267 652 1326 τοῖς
679 1263 966 1324 ἀσεϐοῦσι;
1005 1262 1173 1326 Θεός;
1218 1262 1390 1331 ’Υπὲρ
1421 1262 1601 1316 πᾶσαν
1625 1261 1783 1314 τοῦτο
1811 1261 1938 1314 ἀσέ-

361 1359 512 1412 ϐειαν
566 1358 620 1410 εί
649 1373 733 1422 τις
781 1357 898 1424 ἐρεῖ
926 1355 1021 1408 καὶ
1063 1355 1433 1424 βλασφημίαν.
1483 1353 1651 1424 Δῆλον
1709 1353 1818 1421 γὰρ
1861 1351 1938 1416 ὡς

363 1451 581 1516 κολάζει
621 1452 748 1512 τοὺς
781 1449 1020 1512 ἀσεϐεῖς.
1056 1448 1217 1502 Arari
1260 1444 1352 1502 οὖν
1381 1449 1518 1518 τιμᾷ
1551 1448 1646 1516 μὲν
1670 1447 1934 1510 δικαίους,

362 1548 457 1600 καὶ
508 1545 712 1596 τούτων
751 1543 996 1612 κήδεται,
1047 1542 1372 1612 τιμωρεῖται
1431 1540 1490 1592 δὲ
1536 1538 1936 1600 δυσσεδοῦντας

365 1638 457 1690 καὶ
496 1635 902 1707 ἀποστρέφεται
931 1652 948 1700 ;
981 1634 1204 1694 Πάντως
1251 1635 1326 1694 ὡς
1373 1632 1500 1692 τοὺς
1549 1631 1796 1694 εὐσεϐεῖς
1841 1629 1940 1698 μὲν

363 1726 796 1796 ἀποδεχόμενος,
847 1726 972 1786 τοὺς
1035 1723 1249 1786 ἀσεϐεῖς
1299 1723 1356 1776 δὲ
1411 1723 1936 1792 ἀποστρεφόμενος,

363 1817 488 1870 ἐπεὶ
520 1817 642 1870 οὐδὲ
679 1816 872 1886 ἀφίησί
917 1833 968 1867 τι
1017 1814 1124 1868 τῶν
1153 1815 1290 1884 πρὸς
1344 1813 1624 1884 σωτηρίαν
1677 1815 1754 1882 μὴ
1785 1814 1940 1882 ἐνερ-

363 1912 504 1980 γεῖν,
533 1907 673 1962 ὥστε
715 1908 1014 1976 ἐπιγνῶναι
1065 1907 1228 1960 αὐτόν
1253 1925 1267 1939 ·
1331 1910 1426 1962 καὶ
1460 1907 1550 1961 τὸν
1599 1907 1802 1975 κόσμον
1832 1905 1940 1978 γὰρ

366 2001 438 2054 δι’
467 2001 614 2071 ἡμᾶς
641 1999 868 2069 ἐποίησέ
913 2017 973 2052 τε
1009 1999 1106 2054 καὶ
1138 1999 1348 2062 διοικεῖ,
1383 1997 1476 2050 καὶ
1510 1997 1578 2050 τὰ
1611 1997 1708 2066 τῆς
1738 1996 1942 2065 ἀρετῆς

367 2091 586 2159 ἔμφυτα
625 2089 820 2158 ἔθηκεν
849 2091 906 2140 ὲν
936 2091 1088 2160 ἡμῖν.
1119 2088 1214 2142 καὶ
1239 2087 1462 2150 δούλους
1495 2087 1814 2140 ἀπέστειλεν
1841 2087 1942 2138 αὐ-

368 2183 464 2240 τοῦ
501 2181 564 2236 τὸ
589 2180 754 2236 αὑτοῦ
789 2180 1162 2250 κηρύττοντας
1195 2180 1412 2248 θέλημα
1439 2195 1452 2209 ·
1487 2181 1578 2232 καὶ
1602 2178 1764 2246 νόμον
1787 2177 1944 2230 ἔθετο

365 2273 528 2338 θεῖον,
568 2274 661 2326 καὶ
709 2275 992 2343 προφήτας
1039 2272 1226 2338 ἔδειξε,
1257 2273 1350 2324 καὶ
1405 2270 1555 2332 τέλος
1607 2271 1768 2334 αὐτὸς
1811 2265 1944 2339 ἦλθε

364 2367 434 2420 δι’
463 2367 658 2420 ἑαυτοῦ
681 2383 696 2398 ·
734 2368 828 2419 καὶ
879 2364 1138 2434 μαθητῶν
1171 2363 1332 2434 χορὸν
1380 2363 1686 2430 ἐξελέξατο,
1719 2362 1811 2416 καὶ
1863 2364 1944 2424 εἰς

368 2461 458 2514 τὴν
487 2462 687 2530 κόσμον
719 2459 1013 2530 κηρύσσειν
1053 2457 1348 2526 ἐξέπεμψε,
1385 2457 1480 2510 καὶ
1528 2456 1780 2526 θαύματα
1813 2472 1945 2508 κατ-

367 2557 686 2626 ειργάσατο,
729 2552 984 2622 ἆτιναδή
1015 2554 1108 2605 καὶ
1137 2551 1302 2620 μέχρι
1332 2550 1429 2602 νῦν
1477 2550 1802 2618 ἐνεργεῖται.
1837 2549 1946 2600 Καὶ

369 2650 588 2720 πρῶτον
620 2648 717 2717 μὲν
747 2644 842 2698 τοῦ
869 2645 1130 2713 ὀνόματος
1161 2643 1328 2696 αὑτοῦ
1355 2642 1760 2713 κηρυττομένου
1783 2642 1948 2694 παντὶ

369 2743 448 2812 τῷ
480 2743 694 2810 κόσμῳ,
744 2739 936 2792 ἔπειτα
979 2737 1066 2790 διὰ
1113 2737 1215 2800 τῆς
1255 2735 1564 2802 Παρθενίας
1597 2733 1762 2787 αὑτοῦ
1793 2734 1944 2786 πολι-

365 2835 671 2903 τευομένης
712 2835 770 2886 ὲν
817 2833 930 2901 γῇ·
963 2826 1080 2882 εἶτα
1122 2829 1208 2882 διά
1237 2829 1332 2898 τῆς
1371 2828 1465 2882 τοῦ
1511 2827 1716 2898 κόσμου
1747 2827 1945 2895 φυγῆς,

373 2927 531 2997 παρὰ
563 2925 776 2978 πολλῶν
801 2924 930 2994 ἄχρι
957 2922 1052 2976 τοῦ
1075 2921 1169 2974 νῦν
1196 2921 1600 2991 πραττομένης,
1637 2922 1730 2974 καὶ
1756 2919 1836 2974 ἔτι
1863 2920 1950 2974 διὰ

373 3023 476 3090 τῆς
515 3015 853 3088 μονογαμίας
903 3015 997 3068 καὶ
1029 3014 1385 3083 σωφροσύνης
1412 3014 1520 3066 τῶν
1563 3014 1703 3068 κατά
1744 3015 1948 3083 κόσμον

369 3109 666 3180 ὀρθοδόξων
699 3106 908 3162 πιστῶν
968 3105 1160 3170 αὐτοῦ,
1195 3105 1386 3158 ἔπειτα
1433 3105 1522 3159 διὰ
1579 3105 1679 3174 τῆς
1720 3121 1966 3158 κακοπα-

373 3204 525 3266 θείας
570 3201 672 3270 τῆς
713 3199 938 3270 σαρκὸς,
989 3201 1048 3252 ὲν
1095 3197 1308 3259 πολλοῖς
1349 3197 1460 3252 τῶν
1510 3197 1712 3250 δούλων
1777 3197 1946 3250 αὑτοῦ

373 3293 774 3366 ἐνεργουμένης
815 3289 1077 3352 ἑκουσίως
1113 3291 1176 3358 τῇ
1215 3289 1448 3356 ἀσκήσει
1483 3289 1578 3340 καὶ
1601 3289 1946 3357 ἀναχωρήσει

373 3388 486 3440 τῶν
509 3384 816 3456 κοσμικῶν,
839 3383 914 3446 ὼς
941 3383 1104 3443 αὐτὸς
1128 3379 1428 3444 διετάξατο,
1455 3380 1548 3432 καὶ
1573 3379 1662 3432 διὰ
1683 3379 1792 3432 τῶν
1814 3380 1948 3430 ἁπο-

376 3480 722 3548 θνησκόντων
756 3477 884 3546 ἄχρι
911 3473 1008 3528 τοῦ
1051 3473 1146 3528 νῦν
1171 3473 1264 3526 καί⁵
1291 3471 1644 3540 διωκομένων
1681 3470 1822 3538 ὑπὲρ
1845 3469 1946 3536 τῆς

373 3571 538 3626 αὑτοῦ
573 3569 878 3640 μαρτυρίας
907 3567 1003 3620 καὶ
1049 3563 1144 3617 τοῦ
1178 3564 1318 3632 ὑπὲρ
1349 3563 1448 3630 τῆς
1491 3561 1726 3623 πίστεως
1759 3560 1944 3628 ζήλου.

379 3665 488 3718 Καὶ
529 3662 594 3716 δι’
629 3661 810 3714 αὐτῶν
835 3658 889 3710 δὲ
921 3658 1026 3709 τῶν
1059 3655 1220 3721 ιερῶν
1268 3655 1468 3715 τόπων,
1502 3655 1558 3704 ἐν
1586 3647 1669 3712 οἷς
1715 3651 1784 3704 τὰ
1810 3651 1950 3718 ὑπὲρ

375 3757 534 3826 ἡμῶν
569 3755 864 3822 ἐνήργησε,
907 3752 966 3802 τὸ
999 3747 1315 3817 θαυμαστὸν
1353 3742 1678 3811 καθορᾶται,
1711 3743 1814 3794 ὑπὸ
1841 3741 1949 3792 τῶν

381 3845 848 3918 βλασφημούντιιιν
871 3843 1032 3896 αὑτὸν
1057 3840 1236 3894 ἀθέων
1257 3837 1327 3890 τὰ
1355 3839 1534 3890 ἐκεῖσε
1565 3834 1842 3904 ἀρχόντων
1875 3833 1950 3902 μὴ

376 3942 814 4012 ἀφανιζομένων,
861 3935 1267 4005 συνισταμένων
1318 3932 1374 3985 δὲ
1424 3931 1627 4000 μᾶλλον
1679 3930 1849 3996 ἁγίων
1893 3931 1951 3979 ὲν

378 4037 564 4096 αὐτοῖς
589 4033 778 4096 οἴκων,
815 4031 907 4084 καὶ
932 4027 1010 4095 τῷ
1043 4026 1136 4080 τοῦ
1173 4025 1424 4096 Σωτῆρος
1452 4023 1676 4092 ὀνόματι
1705 4022 1950 4091 τιμωμέ-

377 4144 508 4190 νων,
543 4125 632 4178 καὶ
665 4122 852 4184 ἁπλῶς
879 4119 946 4174 δι’
977 4119 1180 4189 ἐτέρων
1208 4117 1600 4186 ἀναριθμήτων
1631 4113 1947 4183 θαυμάτων,

378 4222 490 4275 τῶν
521 4235 581 4272 τε
631 4219 688 4270 ὲν
717 4216 892 4284 ἁγίοις
921 4217 1090 4276 ναοῖς,
1123 4213 1180 4264 ὲν
1213 4211 1388 4278 ἁγίοις
1423 4208 1630 4274 ὕδασιν,
1677 4209 1734 4262 ὲν
1765 4207 1952 4275 ἁγίαις

374 4307 581 4362 είκόσιν
605 4347 619 4372 ,
663 4307 720 4358 ὲν
769 4305 934 4372 ἱεροῖς
964 4301 1237 4371 λειψάνοις
1269 4299 1702 4368 ἐνεργουμένων,
1744 4297 1838 4349 καὶ
1865 4295 1954 4348 διὰ

377 4397 476 4452 τοῦ
520 4397 704 4467 μένειν
759 4394 899 4447 αὑτὰ
943 4391 1114 4459 εὐώδη
1151 4391 1246 4444 καὶ
1293 4389 1474 4454 ἀσινῆ,
1509 4389 1592 4442 ἔτι
1637 4405 1695 4440 τε
1735 4387 1822 4440 διὰ
1857 4385 1950 4440 τοῦ

2037 527 2092 572 et
2125 517 2272 586 Set-n,
2305 520 2406 576 soli
2437 521 2492 576 in
2523 524 2880 592 generatione
2895 523 3052 586 Cain,
3081 533 3136 580 et
3167 524 3280 579 Noe
3310 527 3462 580 solus
3489 542 3617 580 cum

2039 626 2136 668 sua
2163 609 2328 666 domo
2357 612 2408 665 in
2447 611 2596 666 omni
2635 613 2752 682 ejus
2785 615 3136 682 generatione
3175 631 3298 684 quae
3330 625 3384 671 et
3414 617 3620 671 diluvio

2039 715 2364 776 consumpta
2394 717 2522 764 est:
2560 720 2614 764 et
2665 708 2722 764 in
2751 708 2838 764 illa
2889 711 3114 765 omnino
3162 726 3417 782 corrupta
3462 729 3624 784 gene-

2041 799 2254 854 ratione
2283 807 2438 853 erant
2473 813 2692 868 quoque
2733 801 2988 866 infantes,
3045 814 3100 857 et
3143 803 3366 873 insuper
3399 819 3616 872 omnes,

2042 901 2102 946 ut
2133 901 2322 947 notant
2353 892 2561 956 Patres,
2585 893 2680 962 qui
2711 893 2875 948 modo
2907 895 3210 966 ingressuri
3259 907 3417 951 erant
3449 899 3515 952 ad
3543 901 3623 952 vi-

2043 993 2150 1040 tam
2175 1001 2192 1052 ;
2221 997 2274 1040 et
2297 986 2568 1040 Abraham
2598 988 2650 1040 in
2675 985 2943 1042 Chaldaeis
2969 997 3022 1042 et
3057 988 3110 1040 in
3141 997 3250 1042 tota
3279 998 3443 1054 terra,
3480 1005 3618 1057 pr:e-.

2042 1087 2122 1140 ter
2171 1075 2588 1142 Melchisedech,
2641 1079 2715 1133 illi
2769 1081 2995 1148 similes,
3045 1081 3140 1135 alii
3193 1083 3336 1135 enim
3368 1083 3626 1135 dicuntur

2041 1170 2344 1225 secundum
2383 1172 2710 1241 exemplum'
2733 1172 2852 1242 ejus
2887 1173 3120 1238 vixisse;
3177 1181 3231 1228 et
3265 1175 3411 1229 sicut
3435 1173 3534 1227 Lot
3567 1175 3624 1228 in

2041 1261 2316 1328 Sodomis,
2355 1271 2410 1317 et
2437 1262 2634 1331 Joseph
2687 1263 2740 1318 in
2777 1263 3028 1336 Egypto,
3059 1275 3114 1320 et
3164 1267 3395 1335 pupulus
3463 1265 3625 1322 Israel

2041 1357 2191 1413 solus
2221 1358 2365 1411 inter
2391 1358 2618 1426 pupulos
2648 1365 2807 1413 terrae
2865 1359 2958 1428 qui
3012 1368 3194 1414 tamen
3221 1367 3276 1414 et
3303 1360 3530 1414 multum
3566 1371 3621 1415 et

2039 1461 2182 1514 sape
2205 1446 2454 1516 deliquit.
2483 1448 2618 1514 Quis
2637 1463 2766 1516 ergo
2787 1449 2968 1519 impiis
2991 1465 3155 1506 causa
3183 1461 3267 1507 est
3289 1452 3580 1522 impietatis
3605 1453 3628 1504 ?

2043 1538 2224 1594 Deus?
2253 1537 2368 1594 Hoc
2400 1539 2446 1594 si
2483 1541 2609 1608 quis
2648 1540 2870 1603 dixerit,
2907 1556 3074 1610 super
3103 1557 3324 1598 omnem
3379 1544 3630 1613 impieta-

2043 1639 2155 1686 tem
2197 1641 2250 1686 et
2291 1632 2708 1702 blasphemiam.
2752 1633 2983 1688 Evidens
3036 1635 3180 1688 enim
3227 1643 3313 1690 est
3357 1645 3626 1703 quantum

2045 1726 2232 1794 puniat
2261 1725 2478 1795 impios.
2503 1724 2684 1791 Quare
2715 1741 2845 1796 ergo
2881 1727 3112 1780 honorat
3133 1727 3316 1796 justos
3343 1735 3396 1783 et.
3425 1729 3492 1784 de
3519 1731 3629 1784 illis

2043 1831 2218 1886 curat,
2249 1819 2376 1874 dum
2401 1820 2630 1890 castigat
2664 1827 2720 1876 et.
2766 1819 2914 1889 ejieit
2951 1821 3188 1890 impios?
3217 1821 3452 1878 Omnino
3480 1823 3630 1878 sicut

2040 1913 2160 1980 pios
2223 1911 2490 1981 gloriﬁcat
2540 1921 2594 1966 et
2661 1911 2858 1980 impios
2913 1912 3130 1980 elongat
3187 1927 3366 1966 :cnm
3409 1914 3639 1983 quidem.

2045 2005 2178 2058 nihil
2222 2019 2330 2058 non
2389 2005 2582 2058 fecerit
2638 2013 2860 2073 propter
2909 2005 3138 2058 salutem
3173 2013 3420 2060 nostram
3471 2015 3524 2060 et
3573 2017 3632 2061 ut

2041 2103 2498 2167 cognosceretur;
2523 2107 2574 2150 et
2596 2095 3122 2164 orbemfuniversum
3139 2097 3384 2151 condidit
3413 2109 3632 2168 propter

2044 2205 2144 2246 nos
2172 2199 2226 2244 et
2254 2189 2554 2258 gubernat;
2577 2199 2630 2244 et
2655 2189 2710 2242 in
2737 2187 2894 2244 nobis
2920 2189 3102 2258 posuit
3135 2190 3343 2244 semina
3375 2191 3631 2256 virtutis;

1961 2345 1968 2354 ε
2045 2292 2100 2338 et
2147 2281 2299 2338 misit
2362 2297 2554 2338 servos
2605 2295 2736 2338 suos
2781 2282 2876 2350 qui
2934 2281 3090 2336 nobis
3140 2283 3466 2337 annuntient
3510 2283 3632 2352 ejus

2044 2372 2417 2437 voluntatem;
2453 2379 2506 2427 et
2547 2372 2722 2441 legem
2763 2371 2958 2426 statuit
3001 2372 3240 2426 divinam
3271 2381 3364 2439 ;et
3395 2377 3632 2442 prophe-

2051 2477 2132 2520 tas
2167 2465 2348 2530 misit;
2380 2473 2434 2520 et
2461 2464 2700 2533 denique
2730 2465 2847 2534 ipse
2902 2465 3050 2518 venit
3085 2481 3100 2531 ;
3133 2475 3188 2520 et
3224 2465 3630 2538 discipulorum

2047 2559 2278 2614 chorum
2319 2559 2482 2630 elegit
2543 2573 2684 2628 quos
2720 2557 2868 2612 misit
2899 2557 2956 2610 in
3001 2557 3630 2614 universum'mundum

2049 2653 2467 2722 praedicatur-os;
2521 2658 2576 2704 et
2636 2649 2904 2703 miracula
2967 2647 3094 2704 fecit
3144 2665 3264 2718 qua:
3319 2651 3536 2719 quidem
3580 2659 3641 2706 et

2047 2761 2224 2814 usque
2291 2759 2435 2798 nune
2469 2751 2742 2813 operatur.
2811 2741 3054 2807 Quorum
3107 2733 3343 2811 primum
3407 2742 3512 2796 fuit.
3583 2751 3641 2796 ut

2051 2837 2443 2908 przediearetur
2491 2852 2686 2890 nomen
2737 2836 2858 2904 ejus
2888 2837 2940 2888 in
2995 2843 3107 2890 toto
3145 2836 3278 2891 orbe
3321 2847 3634 2898 terrarum;

2049 2931 2245 2986 deinde
2281 2937 2336 2983 ut
2377 2945 2469 2997 per
2491 2929 2851 2996 virginitatem
2885 2929 3004 2996 ejus
3049 2929 3365 2983 alliceretur
3395 2937 3450 2984 et
3481 2931 3640 2998 quasi

2049 3023 2450 3091 gubernaretur
2489 3017 2886 3084 terra;deinde
2909 3029 2968 3073 ut
3001 3019 3240 3072 mundus
3281 3021 3640 3076 desereretur

1997 3111 2040 3172 C
2072 3122 2124 3167 et
2153 3127 2180 3164 ε
2206 3112 2391 3164 multis
2417 3111 2582 3164 etiam
2650 3125 2796 3164 nunc
2825 3109 3151 3178 deseratur;
3183 3120 3236 3164 et
3267 3122 3327 3166 ut
3355 3114 3641 3169 credentes

2059 3205 2110 3256 in
2153 3217 2276 3256 eum
2319 3202 2386 3256 de
2419 3201 2624 3255 mundo
2655 3201 2952 3256 didicerint
2979 3211 3033 3255 et
3061 3203 3486 3271 approbaverint
3524 3222 3640 3260 mo-

2061 3293 2366 3364 nogatniatn
2401 3303 2456 3347 et
2497 3290 2832 3348 castitatem.
2893 3294 3099 3349 Deinde
3135 3302 3195 3348 ut
3223 3309 3500 3351 servorum
3525 3300 3645 3368 ejus

2060 3383 2314 3453 permulti
2373 3384 2614 3454 amplexi
2693 3386 2806 3439 sint
2857 3387 3334 3440 mortiﬁcationem
3369 3388 3643 3446 heroicam

2057 3477 2239 3532 carnis
2300 3485 2499 3544 sponte
2561 3491 2658 3530 sua
2720 3493 2814 3545 per
2847 3479 3452 3545 contrnnplationemet.
3509 3497 3645 3537 anno

2059 3565 2392 3622 choreticatn
2433 3567 2774 3620 aversionem
2831 3583 2858 3620 a
2917 3571 3228 3632 mundanis,
3282 3572 3426 3624 sicut
3455 3588 3642 3627 exem-

2059 3659 2148 3728 plo
2183 3660 2304 3727 igne
2338 3658 2620 3723 docuerat,
2655 3666 2708 3711 et
2751 3668 2808 3712 ut
2873 3661 3030 3712 multi
3084 3671 3312 3714 mortem
3375 3664 3646 3718 subierint

2060 3761 2113 3806 et
2141 3751 2394 3806 exsilium
2429 3766 2601 3820 usque
2635 3766 2776 3804 nunc
2815 3751 2866 3802 in
2905 3753 3273 3806 testitmnium
3297 3753 3414 3822 ejus
3446 3763 3500 3809 et
3531 3756 3646 3810 zelo

2061 3843 2184 3897 fidei
2217 3859 2230 3892 :
2265 3850 2318 3896 et
2349 3851 2406 3896 ut
2439 3843 2492 3896 in
2528 3842 2662 3896 locis
2703 3843 2910 3897 sanctis
2975 3843 3064 3897 ubi
3099 3852 3323 3914 propter
3357 3862 3454 3900 nos
3500 3847 3646 3898 lahn-

2062 3935 2200 3990 ravit
2265 3942 2587 4003 perpetuum
2659 3934 3028 4002 conspiciatur
3101 3938 3426 3990 tniracuinzn
3500 3939 3644 4006 quod

2061 4023 2418 4095 blasphemiis
2469 4025 2754 4078 atheorum
2812 4041 2920 4078 non
2969 4026 3261 4080 obscurata
3305 4036 3357 4082 ct
3417 4029 3646 4096 prmcisa

2060 4117 2168 4172 sint
2207 4131 2329 4186 quae
2391 4116 2525 4172 inibi
2558 4118 2882 4186 principium
2920 4117 3266 4183 habuerunt,
3319 4120 3410 4173 sed
3469 4121 3650 4188 potius

2061 4211 2320 4269 stabilita:
2375 4212 2484 4265 sint
2521 4211 2574 4265 in
2625 4209 2728 4264 illis
2751 4215 3067 4265 sanctorum
3127 4211 3324 4266 domus
3358 4221 3412 4266 et
3453 4227 3644 4268 eorum

2061 4303 2154 4374 qui
2188 4301 2488 4358 Salvatoris
2541 4315 2735 4356 nomen
2770 4299 3092 4370 gloriﬁcant.
3137 4299 3260 4356 Uno
3285 4301 3452 4355 verbo
3481 4301 3645 4356 innu-

2061 4411 2214 4452 mera
2245 4395 2350 4449 alia
2377 4403 2588 4462 patrata
2624 4401 2753 4446 sunt
2776 4392 3040 4446 ntiracula
3076 4393 3128 4445 in
3166 4394 3374 4448 sanctis
3401 4395 3646 4462 templis,

379 4489 680 4558 μυστηρίου
727 4488 824 4556 τῆς
875 4485 1096 4556 χάριτος
1134 4480 1228 4536 τοῦ
1260 4483 1409 4534 λύειν
1453 4499 1512 4534 τε
1571 4481 1664 4534 καὶ
1710 4481 1947 4550 δεσμεῖν,

2066 4489 2120 4542 in
2153 4487 2364 4542 sanctis
2414 4485 2595 4556 aquis,
2639 4486 2690 4538 in
2724 4483 2930 4539 sanctis
2961 4483 3316 4553 imaginibus,
3353 4485 3404 4538 in
3443 4485 3652 4542 sanctis

377 4583 475 4634 καὶ
523 4580 612 4634 διὰ
640 4578 733 4631 τοῦ
761 4580 942 4648 μένειν
977 4576 1314 4646 διωκομένην
1341 4573 1440 4645 τὴν
1484 4575 1838 4643 Ἐκκλησίαν,
1864 4573 1960 4626 καὶ

379 4671 544 4742 μέσον
577 4666 744 4726 οὖσαν
771 4669 878 4722 τῶν
910 4666 1082 4722 ἐθνῶν
1113 4666 1454 4737 μισουμένην
1485 4665 1581 4718 καὶ
1621 4663 1956 4732 θλιϐομένην

376 4765 518 4818 κατὰ
547 4765 647 4835 τὴν
683 4764 1082 4834 προαγόρευσιν
1117 4761 1226 4814 τῶν
1259 4759 1420 4812 θείων
1466 4759 1640 4824 λόγων
1671 4756 1859 4819 αὐτοῦ,
1889 4755 1958 4808 δι’

375 4851 452 4912 ὧν
477 4859 572 4910 καὶ
607 4857 706 4926 τὴν
739 4855 1016 4925 βασιλείαν
1045 4853 1234 4916 αὐτοῦ,
1266 4852 1340 4914 ὡς
1374 4850 1498 4920 ἔφη,
1535 4849 1848 4918 ἐλπίζομεν.
1887 4847 1960 4900 Τὸ

381 4954 566 5021 μεῖζον
589 4950 646 5004 δέ
669 4967 752 5018 γε,
786 4951 868 5003 ὅτι
897 4949 992 5002 κα)⁸
1011 4948 1178 5018 χωρὶς
1205 4945 1695 5017 μαχαίραςμχωρίς
1711 4960 1770 4996 τε
1797 4959 1960 5011 στρα-

380 5044 696 5110 τευμάτων,
726 5041 820 5095 καὶ
847 5041 1016 5111 χωρὶς
1045 5041 1312 5110 βασιλέων
1341 5034 1960 5105 στρατευομένωνσὺπὲρ

381 5137 574 5200 αὐτοῦ,
629 5135 696 5188 δι’
725 5137 928 5191 ἀλιέων
964 5135 1060 5188 καὶ
1098 5131 1366 5202 πενήτων.
1415 5127 1782 5196 διωκομένων,
1823 5128 1962 5180 ἀπο-

379 5221 748 5293 θνησκόντων,
801 5223 1050 5286 ίδιωτῶν,
1086 5221 1490 5289 ἀγραμμάτων,
1525 5217 1956 5287 λοιδορουμένων

375 5314 476 5368 καὶ
503 5313 1034 5384 καταφρονουμένων
1089 5309 1156 5364 δι’
1209 5311 1395 5372 αὑτὸν,
1442 5310 1652 5374 πάντας
1711 5311 1957 5379 νικῆσαι,

379 5408 480 5462 καὶ
505 5408 574 5462 τὰ
603 5407 814 5476 μεγάλα
843 5403 1290 5474 κατωρθωκέναι.
1338 5403 1500 5458 Ἀλλά
1539 5404 1634 5458 καὶ
1665 5404 1726 5458 τὸ
1775 5402 1962 5472 μένειν

382 5501 556 5556 αὐτοῦ
581 5501 682 5572 τὴν
723 5500 1055 5570 Ἐκκλησίαν
1103 5499 1228 5568 δίχα
1259 5499 1528 5567 κοσμικῆς
1557 5497 1651 5550 νῦν
1689 5495 1964 5564 ἐξουσίας,

381 5596 728 5668 διωκομένην
760 5594 891 5664 παρ’
939 5593 1172 5664 ἐχθρῶν,
1205 5593 1342 5662 ὅπερ
1373 5591 1462 5646 καὶ
1507 5594 1616 5654 τοῖς
1651 5591 1866 5653 πολλοῖς
1894 5589 1962 5644 ἂν

385 5687 676 5759 νομισθείη
705 5687 980 5751 ἀσθένεια,
1015 5685 1246 5754 δύναμις
1275 5685 1440 5738 αὐτοῦ
1474 5683 1674 5753 μᾶλλον
1703 5683 1800 5736 καὶ
1832 5682 1966 5750 κρά-

383 5795 474 5842 τος
515 5778 664 5832 ἔσται
697 5777 904 5848 σαφῶς.
931 5776 1046 5832 Ἱνα
1073 5775 1149 5846 μὴ
1174 5775 1520 5845 καυχήσηται
1549 5773 1784 5842 (Παῦλός
1811 5773 1964 5842 φησι)

2065 4579 2314 4649 reliquiis
2348 4593 2469 4647 quas
2510 4576 2812 4632 manebant
2867 4577 3027 4646 plene
3077 4578 3411 4647 incorruptae
3437 4587 3490 4632 et
3521 4593 3650 4632 sun-

2062 4672 2350 4727 vissimum
2397 4669 2655 4724 eﬂlabant
2683 4669 2928 4723 odorem.
2981 4667 3048 4720 Et
3079 4667 3309 4735 insuper
3349 4668 3402 4721 in
3441 4681 3648 4739 myste-

2066 4766 2148 4820 rio
2173 4765 2364 4835 gratia:
2411 4777 2534 4832 quae
2581 4760 2744 4816 solvit
2775 4768 2828 4814 et
2855 4759 3021 4830 ligat;
3065 4761 3120 4813 in
3149 4775 3215 4814 eo
3269 4761 3410 4829 quod
3467 4771 3651 4815 manet

2067 4856 2310 4910 Ecclesia
2333 4855 2638 4924 proscripta
2665 4863 2719 4906 et
2743 4852 2899 4921 quasi
2937 4851 3198 4906 exsulans
3227 4851 3285 4904 in
3319 4851 3495 4905 medio
3517 4867 3653 4922 gen-

2071 4949 2206 5002 tium
2231 4961 2350 5015 quae
2366 4959 2484 5002 eam
2507 4944 2742 4998 oderunt
2764 4949 2818 4996 et
2839 4942 3182 5006 conculcant,
3211 4949 3268 4996 ut
3317 4943 3654 5011 adimplean-

2069 5050 2156 5094 tur
2217 5051 2504 5093 sermones
2559 5037 2676 5106 ejus
2731 5034 2904 5089 divini
2954 5033 3156 5104 quibus
3205 5035 3367 5088 etiam
3431 5049 3654 5102 sperare

2059 5134 2314 5203 iubemur
2346 5144 2568 5201 regnum
2607 5128 2747 5197 ejus.
2791 5127 2932 5182 Illud
2999 5136 3179 5183 autem
3245 5127 3484 5180 maxime
3539 5135 3651 5180 stu-

2065 5225 2303 5295 pendum
2329 5223 2472 5292 quod
2497 5221 2702 5290 absque
2735 5221 3032 5281 machaera.
3057 5219 3268 5288 absque
3295 5219 3654 5284 exercitibus,

2071 5326 2126 5371 et
2154 5315 2361 5384 absque
2393 5311 2618 5382 regibus
2656 5327 2756 5380 pro
2801 5311 2892 5366 illo
2944 5309 3318 5382 pugnantibus
3355 5323 3452 5377 per
3479 5307 3656 5376 pisca-

2071 5418 2217 5463 tores
2252 5405 2507 5466 miseros,
2544 5400 2772 5470 ejectos,
2805 5402 3045 5466 occisos,
3099 5402 3439 5469 ignorantes,
3489 5397 3652 5454 ditia-

2074 5505 2252 5552 matos
2301 5505 2356 5551 et
2400 5501 2745 5563 contemptos
2799 5503 3024 5562 pr0pter
3073 5492 3273 5560 ipsum,
3308 5505 3499 5544 omnes
3533 5491 3656 5544 vln-

2073 5603 2196 5644 eere
2225 5597 2279 5642 et
2303 5601 2497 5656 magna
2532 5585 2770 5654 dirigere
2805 5584 3000 5653 potuit.
3035 5583 3170 5636 Dum
3205 5591 3386 5636 autem
3410 5581 3651 5635 Ecclesia

2072 5679 2190 5751 ejus
2223 5677 2368 5732 omni
2407 5683 2588 5730 manet
2632 5675 2904 5730 mundana
2936 5674 3246 5732 substantia
3291 5681 3344 5728 et
3385 5681 3655 5743 potestate

2077 5773 2362 5837 destituta,
2406 5767 2769 5844 ~abﬁinimicis
2833 5769 3046 5842 repulsa
3082 5780 3136 5826 et
3173 5768 3382 5840 ejecta;
3421 5766 3566 5838 quod
3625 5777 3656 5816 ιι
