4064 6204
427 324 531 385 855

1313 314 1701 379 SYMEONIS
1738 306 2488 373 THESSALONICENSIS
2520 301 2878 389 AECHIEP.

3572 295 3676 349 δὶτῆ

426 433 616 485 multis
647 429 985 499 judicaretur
1025 424 1341 493 inﬁrmitas,
1374 430 1496 498 ejus
1521 427 1703 497 potius
1732 425 1839 479 erit
1876 424 1984 479 vir-
2014 429 2040 484 Α

2129 423 2236 474 ἄσα
2267 418 2402 488 σὰρξ
2432 414 2775 470 ἐνώπιοντοῦ
2806 409 2996 464 Θεοῦ.»
3034 403 3143 459 Καὶ
3172 401 3339 458 πάλιν
3360 419 3373 433 ο
3417 418 3441 452 r
3466 399 3528 452 'll
3566 400 3678 465 γὰρ

426 531 515 577 tus
539 534 594 577 et
629 523 793 577 robur
826 522 1127 576 evidenter.
1167 538 1187 572 ι
1226 518 1295 575 Ut
1330 536 1438 574 non
1497 520 1854 590 gloriﬁcetur,
1921 517 1996 571 ait

428 618 665 679 Paulus,
703 616 881 670 omnis
925 630 1055 669 caro
1108 616 1158 668 in
1198 623 1490 683 conspectu
1525 614 1616 668 Dei
1653 613 1693 668 ⁸.
1748 632 1766 664 ι
1811 614 1873 665 Ει
1903 612 1998 666 ite-

424 726 545 763 rum
579 727 592 763 :
627 728 645 761 ι
682 706 870 764 Virtus
928 717 1105 763 autem
1166 722 1285 761 mea
1320 707 1375 761 in
1414 706 1731 760 inﬁrmitate
1790 705 2002 775 perﬁci-

430 814 516 855 tur
546 805 593 855 ν.
633 819 651 852 ι
701 800 765 855 Et
816 800 959 855 sicut
1002 800 1154 869 prius
1203 814 1230 852 a
1264 800 1482 868 regibus
1536 799 1707 869 ejecta
1761 798 1997 853 Ecclesia

425 894 521 949 Dei
580 908 876 962 regnorum
931 892 1207 959 superavit
1272 892 1593 961 potentiam,
1648 892 1723 944 ita
1761 901 1817 946 et
1849 906 1994 946 nunc

427 1003 523 1057 per
556 986 809 1056 pit-tatem
870 984 1079 1039 refecta
1136 984 1301 1055 regali
1355 985 1693 1049 inﬁrmitate,
1755 984 2001 1038 Ecclesia

428 1077 617 1131 eadem
679 1078 877 1135 iterum.
936 1084 1118 1131 manet
1150 1077 1292 1130 inter
1345 1085 1533 1142 gentes
1555 1084 1608 1129 et
1642 1075 1867 1129 {irit-iter
1894 1086 2001 1130 sta-

430 1171 657 1224 tuitur:
714 1169 988 1237 pressuris
1035 1175 1089 1222 et
1152 1168 1505 1237 passionibns
1556 1168 2001 1221 antecedentilnts

432 1262 689 1330 splendor
720 1265 838 1331 ejus
880 1261 1052 1330 magis
1079 1261 1293 1314 acuitur
1316 1269 1370 1313 et
1418 1264 1529 1313 haec
1551 1259 1753 1315 clarius
1779 1260 2001 1314 relucet.

440 1356 544 1409 Sed
600 1355 799 1425 aliquis
850 1354 986 1408 forte
1030 1352 1214 1409 dicet:
1254 1350 1548 1406 Potentiori
1589 1352 2007 1419 permittebatur

437 1447 727 1504 humiliare
760 1447 970 1516 piorum
994 1460 1216 1515 regnum
1249 1455 1302 1499 et
1337 1444 1639 1499 virtutem?
1672 1444 1896 1500 Minime
1926 1460 2009 1499 re-

436 1540 572 1594 fero.
606 1539 891 1605 Quomodo
930 1538 1117 1593 enim?
1174 1537 1314 1591 Deus
1366 1537 1539 1606 ipsum
1571 1536 1780 1601 dilexit,
1826 1538 2006 1605 ipsum

435 1631 621 1698 posuit
658 1638 710 1683 et
748 1630 921 1694 auxit,
952 1634 1006 1681 et
1049 1625 1295 1694 praedixit
1342 1626 1493 1679 illum
1538 1640 1659 1680 esse
1690 1638 2006 1678 mansurum

440 1739 613 1791 usque
643 1722 695 1775 in
736 1722 895 1775 ﬁnem
926 1719 1274 1783 sacratorum,
1301 1718 1452 1787 juxta
1487 1715 1742 1784 Paulum,
1771 1716 1958 1772 dicens
1992 1735 2004 1770 :
2039 1759 2082 1817 Β

452 1815 601 1872 «Non
625 1816 805 1871 veniet
834 1815 977 1869 ﬁlius
996 1813 1321 1884 iniquitatis,
1342 1813 1445 1867 nisi
1473 1813 1736 1868 resistens
1756 1822 1993 1883 pereat.»

441 1909 535 1963 Pia
564 1919 713 1965 certe
740 1908 983 1961 Romana
1022 1917 1286 1976 potestas,
1323 1914 1377 1960 et
1425 1915 1603 1960 tamen
1638 1920 1805 1974 prona
1846 1906 2015 1958 abivit

446 2004 499 2057 in
530 2002 897 2075 ignominiam"
917 2008 971 2053 et
1003 1999 1362 2068 deiectionem
1400 2014 1494 2067 per
1525 1998 1753 2058 scelera,
1791 2007 1843 2051 et
1878 2011 2012 2051 con-

445 2094 739 2150 temnendo
797 2092 980 2147 divina
1057 2101 1326 2161 praacepta
1382 2092 1526 2161 regis
1582 2092 1826 2144 omnium
1885 2089 2013 2144 .Iesu

443 2186 672 2242 Christi.
711 2184 979 2255 Superbia
1012 2191 1065 2237 et
1100 2183 1526 2253 praesumptione
1560 2183 1811 2254 prolapsa
1841 2191 1925 2236 est
1960 2180 2013 2233 in

445 2280 790 2336 insolentiam
858 2286 912 2333 et
968 2276 1435 2340 dissolutionem,
1501 2283 1555 2330 et
1614 2276 1669 2329 in
1725 2273 2018 2344 spurcitias

446 2374 691 2443 gentium
723 2379 776 2425 ct
822 2371 875 2424 in
935 2369 1173 2438 injustas
1215 2368 1480 2431 actiones,
1540 2381 1836 2436 pauperum
1877 2366 2017 2419 bona

447 2464 552 2519 sibi
586 2473 643 2517 ttt
674 2461 893 2532 propria
957 2458 1220 2529 rapiendo
1252 2457 1468 2522 ascivit,
1505 2464 1694 2510 contra
1718 2471 1812 2511 eos
1836 2455 2017 2524 pra-lia

449 2572 557 2610 non
594 2554 869 2609 dubitavit.
899 2555 1252 2616 interserere,
1287 2560 1342 2606 et
1374 2550 1633 2605 Ecclesiae
1664 2549 1804 2605 ﬁlios
1833 2560 2021 2602 osten-

447 2648 526 2701 tui
587 2646 776 2701 habuit
834 2663 847 2699 :
924 2645 1027 2699 hoc
1090 2645 1257 2713 igitur
1325 2654 1579 2697 omnibus
1645 2640 1757 2696 fere
1815 2640 2023 2694 devotis

448 2739 647 2795 accidit
677 2734 1056 2808 coniuratione
1086 2736 1371 2805 daemonis,
1410 2746 1463 2791 et
1498 2737 1573 2790 ita
1618 2735 1820 2789 factum
1847 2743 1930 2789 est
1964 2740 2023 2787 ut

449 2831 651 2886 Paulus
702 2831 882 2885 innuit
941 2829 1176 2884 dicens:
1220 2848 1238 2880 ι
1282 2828 1340 2883 lu
1388 2828 1703 2883 novissimis
1757 2827 2021 2883 diebus...

450 2936 616 2978 erunt
682 2923 933 2978 homines
1007 2923 1218 2991 seipsoe
1276 2931 1627 2986 amantes,...
1690 2920 2022 2988 Vulttptatttm

453 3023 747 3078 amatores,
879 3015 1306 3079 incontinentes,
1348 3032 1366 3065 ι
1408 3022 1539 3074 etc.,
1592 3022 1645 3067 et
1694 3010 1931 3079 denique
1972 3011 2023 3063 in

2100 511 2326 581 δύναμίς
2348 527 2446 579 μου
2471 511 2528 561 ὲν
2551 505 2804 575 ἀσθενείᾳ⁸
2818 500 3142 557 τελειοῦται.
3173 516 3190 549 ι
3217 496 3324 548 Καὶ
3347 493 3534 561 ῶσπερ
3559 493 3681 543 Gtt»-

2100 604 2307 673 κομένη
2341 601 2471 670 πρὶν
2503 599 2607 652 ὑπὸ
2657 596 2920 666 βασιλέων
2952 595 2981 654 ἡ
3025 589 3321 657 Ἐκκλησία
3356 584 3524 639 αὐτοῦ
3579 586 3683 652 τὴν

2104 694 2384 763 βασιλείαν
2419 691 2618 762 μᾶλλον
2653 689 2820 757 ἑαυτῇ
2855 682 3255 746 καθυπέταξεν,
3294 678 3436 732 οὕτω
3460 678 3554 729 καὶ
3584 676 3681 726 νῦν

2102 789 2200 857 τῆς
2235 786 2495 849 εὐσεϐοῦς
2526 784 2803 854 βασιλείας
2833 778 3096 840 ἀσθενοῦς
3123 776 3440 845 γενομένης,
3476 774 3508 842 ἡ
3552 774 3679 826 Ἐκ-

2102 880 2302 951 κλησία
2356 880 2516 932 πάλιν
2555 880 2717 947 μέσον
2763 874 2873 927 τῶν
2915 872 3084 925 έθνῶν
3119 871 3267 940 μένει
3308 885 3367 919 τε
3402 871 3493 919 καὶ
3525 868 3678 917 συνί-

2107 990 2318 1036 σταται,
2368 970 2659 1039 θλιϐομένη
2708 968 2798 1021 καὶ
2834 966 3141 1032 πάσχουσα,
3198 959 3384 1020 καθὼς
3422 960 3683 1027 προεῖπεν

2105 1065 2289 1127 αὐτὸς,
2354 1061 2735 1131 λαμπρύνεται
2796 1056 3014 1125 μᾶλλον.
3068 1054 3177 1106 Καὶ
3219 1051 3337 1121 ἐρεῖ
3379 1065 3462 1110 τις
3527 1048 3680 1112 ἴσως,

2106 1157 2311 1212 Λοιπὸν
2347 1157 2599 1226 κρεῖσσον
2626 1148 2693 1222 ἦν
2723 1151 2784 1203 τὸ
2814 1146 3216 1212 ταπεινωθῆναι
3247 1143 3345 1207 τὴν
3380 1142 3488 1193 τῶν
3522 1141 3679 1193 εὐσε-

2107 1250 2219 1303 ϐῶν
2274 1246 2552 1318 βασιλείαν
2580 1262 2594 1311 ;
2625 1243 2891 1312 Οὐδαμῶς
2935 1239 3168 1303 εἴποιμι.
3211 1234 3333 1296 Πῶς
3380 1234 3524 1300 γαρ;
3560 1231 3681 1281 ἐπεὶ

2107 1342 2238 1404 Θεὸς
2269 1340 2475 1409 ταύτην
2525 1338 2804 1407 ἠγάπησε,
2858 1333 2953 1385 καὶ
3002 1328 3410 1397 συστησάμενος
3460 1323 3681 1392 ηὔξανε,

2109 1432 2203 1486 καὶ
2227 1431 2316 1484 διὰ
2351 1429 2562 1482 Παύλου
2598 1428 2758 1497 μέχρι
2787 1425 2976 1485 τέλους
3001 1423 3195 1482 αἰῶνος
3228 1418 3413 1487 μένειν
3442 1415 3685 1482 προέφη-

2113 1543 2228 1591 σεν,
2263 1524 2366 1577 «Οὐ
2403 1521 2477 1593 μὴ
2496 1520 2659 1585 ἔλθοι,
2677 1518 2871 1585 λέγων,
2894 1516 2923 1567 ὁ
2944 1514 3057 1576 υἱὸς
3089 1516 3187 1582 τῆς
3212 1513 3457 1579 ἀνομίας,
3477 1508 3526 1560 εί
3556 1506 3630 1574 μὴ
3660 1506 3689 1557 ὁ

2113 1617 2353 1686 κατέχων
2376 1616 2438 1667 ὲκ
2471 1614 2637 1682 μέσου
2656 1611 2900 1679 γένηται.
2917 1627 2934 1657 ι
2967 1605 3034 1659 Ἢ
3055 1602 3336 1671 Ῥωμαῖκὴ
3360 1597 3626 1669 βασιλεία,
3648 1598 3683 1665 ἡ

2116 1714 2343 1782 εὐσεϐὴς
2374 1709 2594 1780 δηλαδὴ,
2627 1709 2661 1777 ἣ
2683 1708 2777 1759 καὶ
2801 1701 3152 1773 συνεχωρήθη
3179 1695 3579 1763 ταπεινωθῆναι
3600 1692 3690 1745 διὰ

2115 1806 2212 1867 τὰς
2242 1804 2541 1871 ἁμαρτίας,
2571 1802 2665 1852 καὶ
2690 1799 2749 1851 τὸ
2778 1796 2852 1867 μὴ
2885 1794 3168 1861 συντηρεξν
3196 1790 3265 1844 τὰ
3298 1790 3389 1842 τοῦ
3423 1786 3688 1858 βασιλέως

2114 1899 2223 1953 τῶν
2246 1897 2383 1951 ὅλων
2416 1893 2591 1963 Ἰησοῦ
2620 1889 2853 1960 Χριστοῦ
2877 1890 2993 1941 θεῖα
3017 1886 3321 1955 θελήματα,
3343 1881 3691 1947 ὑπερηφανία

2116 1989 2171 2041 δὲ
2201 1987 2297 2039 καὶ
2324 1987 2498 2054 οἰήσει
2529 1982 2881 2043 καταπεσεῖν,
2915 1977 3008 2030 καὶ
3035 1976 3267 2045 τρυφαῖς
3290 1974 3384 2025 καὶ
3416 1970 3687 2031 ἀνέσεσιν,
3752 2002 3758 2007 -

2119 2078 2478 2148 ἀκαθαρσίαις
2506 2092 2565 2127 τε
2602 2074 2859 2133 ἐθνικαῖς,
2886 2074 2978 2122 καὶ
3013 2067 3219 2129 ἀδίκοις
3260 2066 3461 2133 ἔργοις,
3495 2062 3592 2113 καλ
3617 2059 3689 2111 τὰ

2118 2173 2224 2225 τῶν
2427 2168 2671 2238 πενήτων
2694 2161 3056 2223 οἰκειοῦσθαις
3078 2158 3154 2221 ὡς
3177 2158 3303 2218 ἴδια,
3334 2156 3427 2207 καὶ
3454 2154 3579 2205 κατ’
3600 2152 3697 2204 a6—

2121 2263 2228 2317 τῶν
2257 2263 2419 2331 ὁμόσε
2440 2260 2660 2329 χωρεῖν,
2693 2254 2784 2308 καλ
2807 2253 2915 2305 τῶν
2939 2251 3037 2320 τῆς
3071 2247 3395 2317 Ἐκκλησίας
3426 2260 3694 2316 περιφρο-

2122 2356 2254 2407 νεῖν.
2287 2350 2459 2404 TBG-co
2497 2346 2699 2401 οὖνκαὶ
2729 2345 2839 2405 τοῖς
2869 2342 3117 2394 εὐσεϐέσι
3150 2339 3335 2408 σχεδόν
3363 2338 3532 2389 ἅπασι
3565 2338 3697 2401 γέγο

2124 2463 2212 2499 νεν
2242 2444 2481 2497 ὲπιθέσει
2508 2440 2601 2493 τοῦ
2630 2434 2869 2507 πονηροῦ
2892 2475 2908 2500 ,
2949 2434 3042 2486 καὶ
3075 2432 3217 2485 οὕτω
3261 2428 3483 2495 συνέϐη,
3516 2426 3699 2487 καθὼς

2124 2539 2151 2590 ὁ
2195 2532 2408 2595 Παῦλός
2452 2548 2586 2601 φησι
2637 2529 2814 2595 λέγων
2836 2543 2851 2557 ·
2887 2524 3016 2576 ιλἙν
3046 2524 3165 2584 ταῖς
3182 2523 3435 2591 ὲσχάταις
3467 2518 3701 2587 ἡμέραις

2125 2629 2338 2682 ἔσονται
2367 2626 2418 2678 οί
2439 2626 2719 2691 ἄνθρωποι
2748 2618 3022 2686 φίλαυτοι,
3049 2615 3342 2684 φιλήδονοι,
3363 2612 3642 2680 ἀκρατεῖς,
3671 2627 3692 2660 ι

2126 2724 2219 2776 καὶ
2240 2722 2306 2774 τά
2323 2719 2469 2787 ἑξῆς
2500 2720 2596 2769 καὶ
2615 2715 2793 2777 τέλος,
2821 2730 2839 2765 t
2856 2713 3134 2783 μόρφωσιν
3160 2707 3372 2776 ἔχοντες
3393 2702 3697 2766 εὐσεὸεἰας,

2127 2816 2193 2883 τὴ
2218 2814 2302 2867 νδὲ
2322 2813 2553 2880 δύναμιν
2575 2809 2745 2876 αὐτῆς
2766 2804 3115 2876 ἠρνημένοι.»
3147 2801 3222 2853 Οὐ
3249 2798 3407 2851 τοῦτο
3437 2797 3700 2866 σήμερον,

2130 2905 2327 2975 ἀδελφέ
2354 2922 2368 2970 ;
2397 2903 2495 2967 Τίς
2541 2901 2649 2953 τῶν
2680 2898 2887 2951 πιστῶν
2918 2897 3045 2964 ἄρτι
3074 2893 3149 2955 ὡς
3180 2889 3276 2944 τοῦ
3311 2886 3550 2958 Χριστοῦ
3580 2884 3706 2938 δοῦ-

2129 3000 2218 3062 λος
2248 2999 2470 3065 γνήτιος
2520 2991 2907 3054 πολιτεύεται;
2940 2987 3024 3049 τίς
3070 2985 3171 3054 τὴν
3212 2979 3601 3052 Χριστιανικὴν
3633 2976 3712 3047 ζῇ

456 3109 563 3160 line
599 3126 612 3159 :
642 3125 659 3157 ι
696 3106 973 3161 Habentes
995 3106 1215 3175 quidem
1241 3105 1480 3175 speciem
1507 3103 1742 3172 pietatis,
1766 3071 2022 3155 virtutem

2130 3093 2273 3162 ζωήν
2303 3107 2318 3155 ;
2351 3090 2432 3152 τίς
2460 3088 2528 3140 τὰ
2557 3088 2655 3155 τῆς
2688 3079 3113 3152 ἀρχιερωσύνης
3140 3074 3407 3145 ἄμεμπτα
3446 3071 3706 3170 συντηρεί

459 3209 637 3250 autem
692 3198 810 3266 ejus
856 3197 1184 3265 abnegantes
1242 3197 1307 3248 ¹⁰.
1381 3195 1572 3249 Nonne
1624 3194 1733 3246 hoc
1775 3193 2026 3247 similiter

460 3290 647 3351 hodie,
710 3288 1078 3353 frater?Quis
1132 3289 1275 3340 inter
1329 3286 1615 3341 credentes
1675 3294 1734 3338 ut
1782 3300 1944 3340 verus
1975 3294 2027 3338 et

457 3379 736 3448 perfectus
789 3379 992 3433 Christi
1048 3392 1241 3433 servus
1295 3379 1417 3431 vita:
1453 3386 1696 3431 tenorem
1755 3377 2030 3431 instituit?

459 3470 596 3535 Quis
642 3470 1014 3537 Christianam
1048 3470 1213 3523 vitam
1270 3468 1419 3539 agit?
1462 3469 1598 3533 Quis
1652 3469 2027 3538 pontiﬁmtum

461 3562 690 3631 adeptus
723 3561 1253 3631 irreprchensibilem
1290 3576 1348 3616 se
1381 3560 1619 3615 custodit
1665 3560 1975 3630 pontiﬁcem
2006 3560 2038 3611 ἲ·

467 3658 569 3712 Ubi
604 3656 841 3710 zelantes
874 3654 1152 3725 episc0pi?
1194 3653 1291 3709 Ubi
1326 3654 1551 3709 scicntia
1586 3654 1905 3709 doctorum?
1933 3651 2030 3706 Ubi

465 3750 810 3803 immaculata
842 3747 992 3800 vita?
1020 3745 1153 3811 Quis
1182 3746 1437 3800 sacerdos
1475 3745 1768 3799 sacerdotii
1804 3758 2031 3798 munera

463 3840 733 3896 innﬂensa
759 3839 974 3893 servat?
1008 3838 1142 3903 Quis
1167 3837 1469 3891 monachus
1501 3836 1882 3889 intemeratum
1914 3849 2025 3888 mo-

464 3932 626 4005 nachi
666 3930 1065 3999 professionem
1100 3928 1251 3997 agit?
1282 3927 1472 3981 Nonne
1504 3916 1694 3981 omnes
1726 3925 1883 3978 simul
1916 3926 2028 3979 inu-

464 4024 591 4077 tiles
658 4022 781 4075 t‘acti
839 4021 1073 4076 sumus?
1118 4020 1253 4085 Quis
1316 4019 1479 4087 igitur
1531 4020 1707 4088 pretio
1757 4018 2037 4086 perpendit

467 4114 764 4168 nativitatis
797 4113 1073 4181 gratiam?
1109 4110 1188 4164 Ad
1224 4111 1351 4177 quid
1381 4109 1579 4163 deinde
1606 4108 1875 4161 aediﬁcata
1910 4116 2036 4162 sunt

468 4206 703 4274 templa?
732 4205 811 4258 Ad
843 4204 970 4272 quid
1014 4202 1389 4257 monasteria?
1447 4199 1635 4255 Nonne
1668 4211 1725 4254 ut
1786 4202 1894 4255 sint
1925 4201 2041 4256 oﬁi-

466 4302 603 4355 cinae
628 4298 862 4352 salutis?
882 4296 1039 4351 Nunc
1066 4306 1272 4358 autem,
1303 4304 1359 4348 ut
1378 4294 1528 4349 dixit.
1549 4294 1820 4360 Christus,
1847 4295 2038 4350 domos

465 4390 559 4443 Dei
590 4388 821 4442 fetimus
878 4388 1167 4457 speluncas
1221 4388 1490 4440 latronum
1538 4397 1641 4440 :et
1697 4389 1950 4440 monachi
1982 4397 2037 4440 et

466 4479 781 4533 sacerdotes
837 4477 1145 4531 invadimus
1177 4487 1363 4530 saneta
1415 4479 1665 4545 :impure
1706 4488 1759 4532 et
1808 4478 2038 4532 arbitrio

469 4577 660 4621 nostro
694 4568 969 4632 vivimus;
1007 4566 1327 4634 parentibus
1377 4574 1428 4620 et
1460 4567 1649 4619 amicis
1699 4579 1751 4622 et
1782 4567 2041 4637 proximis

473 4661 679 4715 nostris
717 4675 837 4728 quae
871 4660 962 4713 Dei
992 4666 1121 4713 sunt
1161 4673 1447 4727 perperam
1489 4656 1765 4725 effuseque
1827 4660 2042 4725 impen-

473 4753 677 4818 dimus,
707 4754 996 4808 scelestius
1028 4751 1099 4805 ita
1133 4759 1423 4820 peccantes
1464 4765 1626 4819 quam
1664 4750 1908 4806 inﬁdeles
1947 4752 2041 4820 qui

473 4846 793 4915 dispertiunt
826 4852 1037 4904 sancta,
1074 4857 1196 4897 cum
1226 4849 1283 4895 ut
1313 4840 1502 4895 ﬁdeles
1536 4841 1627 4894 Dei
1657 4856 1837 4894 rerum
1871 4842 2047 4895 admi-

476 4941 632 4991 nistri
667 4936 797 4991 faeti
828 4936 1018 4990 simus.
1059 4934 1269 4988 Idcirco
1304 4933 1473 4987 multo
1506 4933 1687 4987 minus
1718 4936 1797 4986 ira
1838 4933 1927 4988 Dei
1960 4936 2045 4987 in-

475 5030 726 5084 cenditur
758 5030 809 5082 in
835 5036 1033 5098 gentes
1062 5042 1183 5095 qua:
1216 5025 1322 5079 ﬁde
1363 5034 1615 5081 carentes
1650 5036 1841 5080 sancta
1866 5027 2045 5096 despi-

475 5125 649 5187 ciunt,
680 5137 843 5189 quam
876 5121 929 5174 in
969 5134 1068 5174 nos
1093 5118 1186 5188 qui
1238 5119 1397 5173 ﬁdem
1450 5118 1737 5173 habemus.
1770 5119 1887 5173 Non
1918 5132 2049 5187 ergo

474 5212 789 5270 sciscitatur
820 5215 950 5284 quis
989 5214 1267 5282 quomodo
1325 5213 1393 5266 ab
1450 5211 1635 5280 impiis
1660 5210 2052 5266 contumeliose

480 5319 790 5364 tractentur
856 5323 941 5363 res
997 5323 1167 5362 sacra:
1220 5314 1311 5361 aut
1343 5302 1619 5374 quomodo
1652 5305 1824 5357 sancti
1863 5302 2047 5357 ﬁdeles

478 5403 547 5456 ab
601 5400 912 5456 inﬁdelibus
963 5400 1347 5469 exagitentur;
1405 5396 1501 5451 sed
1571 5396 1749 5466 potius
1821 5397 2048 5449 miretur

480 5491 755 5558 quomodo
791 5490 966 5542 adhuc
999 5489 1365 5543 subsistamus
1401 5490 1454 5541 in
1498 5498 1637 5540 terra
1697 5495 1900 5540 tantam
1955 5484 2055 5539 Dei

482 5580 940 5649 contemptionem
965 5578 1338 5634 ostendentes.
1383 5579 1565 5643 Quare
1596 5579 1739 5633 enim
1776 5576 2048 5645 imprimis

545 5756 566 5787 ⁸
600 5756 617 5811 ι
658 5754 786 5810 Cor.
824 5771 861 5823 ι,
895 5754 985 5808 29.
1036 5757 1169 5825 -’ll
1209 5756 1333 5811 Cor.
1374 5771 1468 5821 xu,
1504 5754 1557 5811 9.

1549 5935 1577 5950 δ

2131 3159 2239 3239 τῶν
2269 3182 2572 3252 ἀρχιερέων
2605 3195 2619 3244 ;
2664 3176 2767 3228 ποῦ
2797 3176 2825 3226 ὁ
2859 3173 3019 3239 ζῆλος
3055 3168 3165 3223 τῶν
3208 3164 3557 3225 executorum;
3597 3159 3705 3213 πνῦ

2132 3279 2165 3345 ἡ
2192 3272 2513 3328 διδασκαλία
2550 3269 2661 3321 τῶν
2715 3264 3052 3319 διδασκάλων
3082 3278 3096 3324 ;
3156 3257 3273 3312 ποῦ
3306 3259 3337 3327 ἡ
3387 3253 3701 3321 καθαρότης

2131 3369 2225 3421 τοῦ
2280 3366 2432 3435 βίους
2483 3364 2565 3425 τίς
2619 3359 2797 3430 ἱερεὺς
2852 3358 2922 3408 τὰ
2969 3354 3068 3422 τῆς
3105 3348 3403 3419 ἱερωσύνης
3443 3345 3714 3414 φυλάττει

2135 3460 2389 3526 ἀλώϐητα
2418 3472 2431 3523 ;
2460 3456 2541 3518 τίς
2577 3451 2807 3523 μοναχὸς
2846 3450 2915 3502 τὰ
2945 3446 3040 3500 τοῦ
3076 3441 3317 3515 μοναχοῦ
3342 3458 3367 3505 ;'
3396 3441 3457 3492 οὺ
3497 3438 3713 3498 πάντες

2133 3551 2269 3621 ὁμοῦ
2302 3546 2685 3618 ὴχρειώθημεν
2717 3560 2730 3608 ;
2759 3541 2857 3604 τίς-
2896 3536 2990 3593 οῦν
3037 3538 3145 3607 ἄρα
3177 3532 3449 3602 θαυμάσοι
3484 3530 3591 3581 τῶν
3622 3545 3710 3595 γι-

2139 3644 2382 3713 νομένων
2412 3639 2512 3708 τὴν
2552 3636 2757 3707 χάριν;
2797 3632 2942 3685 διατί
2988 3630 3044 3684 δὲ
3088 3629 3423 3693 συνέστησαν
3467 3624 3516 3673 οἱ
3550 3622 3709 3685 ναοί,

2136 3705 2275 3791 διατί
2300 3736 2354 3786 αἱ
2394 3705 2588 3802 μοναῇ
2627 3727 2726 3795 οὐχ
2774 3726 2861 3776 ἴνα
2889 3722 3229 3794 ἐργαστήρια
3260 3715 3533 3785 σωτηρίας
3564 3705 3666 3767 ὦσι
3692 3724 3708 3776 ;

2137 3829 2252 3882 Νῦν
2301 3826 2380 3888 δὲ,
2402 3824 2476 3887 ὡς
2509 3822 2611 3891 ἔφη
2660 3818 2915 3887 Χριστὸς,
2953 3815 3079 3877 τοὺς
3114 3813 3292 3883 θείους
3320 3809 3503 3870 οἴκους
3536 3805 3708 3859 αὑτοῦ

2142 3922 2383 3993 σπήλαια
2434 3915 2703 3985 ποιοῦμεν
2750 3908 2997 3982 λῃστῶν·
3048 3905 3367 3977 ἀρπάζομεν
3401 3900 3466 3954 τὰ
3500 3901 3620 3967 ἱερὰ
3657 3899 3705 3949 οἱ

2149 3990 2371 4085 μοναχοί
2403 4028 2462 4063 τε
2497 4009 2594 4061 καὶ
2627 4005 2814 4076 ἱερεῖς,
2849 3998 3173 4068 ἀκαθάρτως
3206 3994 3412 4063 ζῶμεν,
3445 3990 3710 4085 ίδιορρύθῗ

2147 4080 2419 4179 μωςίτῶν
2447 4095 2766 4173 προσευχῶν
2801 4091 3131 4162 ἀμελοῦμεν,
3159 4088 3270 4145 τοῖς
3294 4083 3584 4179 συγγενέσι
3613 4080 3711 4179 καί

2142 4171 2255 4265 τοῖς
2306 4171 2652 4267 φιλουμένοις
2712 4190 2805 4243 καὶ
2864 4179 3285 4255 προσκειμένοις
3332 4179 3466 4247 ἡμῖν
3507 4174 3573 4227 τὰ
3614 4171 3711 4225 τοῦ

2144 4291 2279 4347 Θεοῦ
2320 4285 2571 4355 πονηρῶς
2610 4281 2977 4348 ἀναλίσκομεν
3002 4315 3017 4340 ,
3056 4274 3243 4327 πλεῖον
3302 4267 3710 4338 ἁμαρτάνοντες

2146 4386 2254 4436 τῶν
2286 4381 2531 4439 ἀπίστως
2568 4376 2867 4447 ριπτόντων
2920 4369 2988 4423 τὰ
3033 4367 3170 4436 ἅγια
3191 4406 3206 4431 ,
3244 4364 3322 4427 ὡς
3352 4362 3536 4415 ’πιστοί⁵
3564 4361 3712 4421 ὄντες

2145 4477 2275 4545 περὶ
2317 4474 2386 4526 τὰ
2426 4471 2545 4525 θεῖα
2576 4463 3054 4538 περιφρονητικῶς
3110 4456 3471 4525 διακείμενοι.
3504 4453 3595 4505 Διὸ
3626 4458 3717 4502 καὶ

2143 4544 2509 4626 οὐίτοσοῦτον
2560 4563 2622 4615 τὸ
2672 4560 2825 4613 Θεῖον
2866 4556 3148 4626 ὀργίζεται
3202 4553 3356 4620 παρὰ
3401 4548 3509 4602 τῶν
3547 4544 3719 4599 ἐθνῶν

2146 4660 2623 4733 περιφρονούντων
2667 4652 2733 4705 τὰ
2773 4650 2923 4718 ἅγια,
2981 4647 3231 4700 ἀπίστων
3276 4642 3484 4705 ὄντων,
3512 4640 3545 4708 ἦ
3590 4638 3719 4706 παρ’

2145 4755 2304 4827 ὴμῶν
2344 4751 2453 4803 τῶν
2491 4745 2721 4801 πιστῶν.
2754 4744 2845 4808 Μὴ
2878 4739 3208 4809 διαπορείτω
3256 4736 3437 4788 τοίνυν
3468 4750 3573 4799 τις,
3601 4732 3721 4794 πῶς

2147 4826 2238 4901 ὑπ’
2285 4842 2500 4898 ἀσεϐῶν
2526 4837 2595 4891 τὰ
2622 4838 2752 4903 am
2785 4832 3202 4901 καθυϐρίζεται,
3234 4829 3269 4899 ἢ
3300 4829 3419 4889 πῶς
3448 4828 3504 4878 oi
3531 4826 3721 4877 πιστοὶ

2146 4941 2435 4994 διώκονται
2486 4931 2618 5003 παρ’
2679 4929 2927 4981 ἀπίστων
2959 4938 2973 4953 ’
3022 4923 3159 4977 ἀλλά
3215 4920 3545 4989 θαυμαζέτω
3605 4917 3724 4979 πῶς

2146 5033 2284 5093 ὅλως
2316 5029 2552 5098 μένομεν
2592 5022 2684 5076 ἐπὶ
2710 5020 2837 5088 γῆς,
2869 5015 3121 5070 τοσοῦτον
3148 5012 3549 5083 περιφρονηταὶ
3579 5008 3720 5062 Θεοῦ

2149 5118 2505 5187 δεδειγμένοι.
2552 5112 2705 5165 Διατί
2756 5110 2812 5162 δὲ
2870 5107 3068 5178 μᾶλλον
3122 5106 3219 5158 καὶ
3270 5105 3338 5156 τὰ
3394 5101 3605 5156 παλαιὰ
3642 5103 3727 5163 είς

2154 5209 2433 5283 προνομὴν
2454 5205 2597 5261 οὕτω
2632 5204 2859 5263 δέδοται,
2891 5202 2958 5253 τὰ
2985 5198 3115 5251 ποτὲ
3157 5198 3289 5267 θείῳ
3324 5194 3557 5263 νεύματι
3584 5193 3731 5246 δεδο-

2160 5302 2296 5372 μένα
2334 5300 2413 5370 τῷ
2453 5297 2684 5366 Μωῦσῇ,
2726 5293 2785 5344 οὐ
2815 5290 2906 5342 διὰ
2929 5289 2990 5341 τὸ
3022 5285 3427 5356 περιφρονητάς
3460 5283 3557 5335 τοῦ
3588 5283 3731 5335 θεοῦ

2157 5390 2412 5459 γενέσθαι
2439 5390 2562 5451 τοὺς
2605 5386 2755 5448 υἱοὺς
2796 5382 2893 5436 τοῦ
2931 5378 3149 5450 Ἰσραήλ
3178 5393 3191 5439 ;
3235 5379 3297 5429 El.
3330 5375 3422 5428 οὖν
3447 5375 3516 5428 δι’
3546 5375 3734 5426 ἐκεῖνα

2156 5481 2405 5544 τοσοῦτος
2443 5480 2603 5549 ζῆλος
2642 5476 2801 5542 Θεοῦ,
2833 5474 2901 5527 δι’
2931 5472 3164 5540 ἀγγέλου
3211 5484 3269 5520 τε
3320 5466 3606 5535 δειχθέντα
3631 5466 3733 5521 καὶ

2158 5575 2249 5629 διὰ
2300 5572 2489 5629 δούλου
2537 5570 2781 5635 δοθέντα,
2820 5567 2971 5636 πόσῳ
3026 5580 3090 5631 γε
3147 5560 3351 5633 μᾶλλον
3385 5557 3536 5613 ἔσται
3567 5556 3733 5627 ζῆλος

1639 5756 1680 5788 ¹ο
1715 5753 1757 5807 ιι
1786 5754 1925 5812 Tim.
1964 5770 2047 5822 nt,
2084 5752 2196 5822 1-3,
2226 5753 2277 5813 5.
