4064 6204
365 273 469 336 5‘57

1142 273 1534 339 RESPONSA
1576 274 1677 335 AD
1714 268 2168 333 GADRIELEM
2198 267 2894 332 PENTAPOLITANUM

3532 264 3638 329 858

365 391 444 459 τῷ
478 388 619 455 Θεῷ,
655 387 744 441 διὰ
772 386 839 440 τὰ
873 388 1241 459 πεπραγμένα
1287 390 1440 459 παρὰ
1485 387 1579 441 τοῦ
1623 386 1939 457 μονογενοῦς

2051 392 2235 440 vetera
2289 383 2602 440 Judzeorum
2640 395 2833 440 sancta
2894 383 2949 438 in
3005 381 3374 453 direptionem
3410 382 3634 459 tradita

365 481 533 535 αὐτοῦ
594 480 776 547 λόγου.
820 481 945 533 Καὶ
1000 480 1159 533 τοῦτο
1199 482 1472 550 μαρτυρεῖ
1503 478 1714 541 Παῦλος
1744 478 1945 545 λέγων,

379 571 684 641 Ἀθετὴσας
738 590 822 635 τις
878 573 1041 637 νόμον
1093 574 1375 635 Μωῦσέως
1405 573 1501 625 ἐπὶ
1547 573 1698 625 δυσὶν
1734 572 1765 641 ἢ
1800 572 1949 641 1pt0'l.

368 664 643 732 μάρτυσιν
676 663 1035 733 ἀποθνήσκει,
1073 664 1225 734 πόσῳ
1251 666 1468 718 δοκεῖτε
1504 663 1750 733 μείζονος
1787 664 1950 729 ἀξιω-

370 755 597 825 θήσεται
633 756 907 825 τιμωρίας
933 799 947 821 ,
984 756 1012 809 ὁ
1046 757 1138 809 τὸν
1176 756 1306 808 Υίδν
1332 755 1427 809 τοῦ
1460 756 1594 808 Θεοῦ
1630 757 1952 822 καταπατήι

370 864 469 909 σας
498 863 515 913 ;
547 848 641 901 καὶ
676 849 734 899 τὸ
766 841 907 916 αἷμα
936 849 1037 916 τῆς
1064 848 1330 919 διαθήκης
1363 849 1544 901 κοινὸν
1576 848 1947 917 ἡγησάμενος,

366 939 426 990 ἐν
466 931 509 1005 ᾧ
546 937 806 1007 ἡγιάσθη,
844 939 939 990 καὶ
985 940 1083 1008 τὴν
1134 941 1299 1008 χάριν
1337 938 1432 991 τοῦ
1477 940 1792 1007 Πνεύματος
1829 940 1949 991 svu-

367 1030 584 1101 ὁρίσας.
635 1031 728 1083 Διὸ
777 1032 827 1083 εί
882 1032 977 1084 καὶ
1008 1031 1331 1100 θαυμαστὸν
1377 1033 1445 1083 τὸ
1479 1031 1795 1101 λεγόμενον,
1834 1031 1949 1085 ἀλλ’

366 1122 520 1190 ὅμως
564 1122 764 1189 ἀληθὲς
791 1162 805 1181 ,
858 1122 933 1185 ὡς
978 1122 1202 1175 ἔλαττον
1236 1124 1456 1193 ἡγεῖται
1493 1123 1626 1185 θεὸς
1657 1123 1791 1193 παρ’
1819 1127 1949 1177 ἀσε-

367 1214 479 1267 ϐῶν
514 1213 880 1283 ἀτιμάζεσθαι
907 1216 973 1267 τὰ
1009 1215 1199 1278 αὑτοῦ,
1234 1216 1267 1284 ἢ
1318 1216 1469 1285 παρὰ
1502 1216 1609 1267 τῶν
1644 1217 1947 1269 δοκούντων

367 1303 561 1359 αὑτοῦ,
610 1304 746 1357 Τίνα
808 1305 865 1357 δὲ
921 1306 1016 1357 καὶ
1060 1306 1356 1373 ἀπολογίαν
1402 1308 1617 1371 ἕξουσιν
1671 1310 1720 1361 oi
1782 1311 1947 1378 μέσον

365 1397 475 1449 τῶν
507 1396 675 1450 ἐθνῶν
713 1398 898 1449 πιστοὶ
951 1398 1317 1467 ἀσεϐοῦντες;
1365 1404 1519 1453 ποῖον
1560 1402 1684 1472 ἄρτι
1734 1402 1940 1471 μαρτύ-

371 1506 525 1560 ριον;
574 1489 657 1553 τίς
710 1489 993 1557 διωγμός;
1032 1493 1179 1543 ποῖαι
1233 1492 1531 1560 κολάσεις;
1578 1496 1634 1546 ὲν
1676 1493 1764 1558 αἷς
1816 1513 1947 1549 ποτε

379 1582 582 1649 μᾶλλον
623 1583 671 1634 οί
708 1580 853 1649 ἀγιοι
904 1583 1387 1653 ὲνεοφραινόμενοι
1428 1581 1602 1655 ἧσαν;
1638 1590 1731 1638 καὶ
1774 1587 1947 1651 οὓτως

364 1672 802 1740 ἀποθνήσκοντες
864 1673 1066 1741 μᾶλλον
1125 1676 1513 1743 ἐπληθύνοιντο.
1567 1678 1631 1730 Τί
1672 1679 1943 1747 ninam;

365 1765 449 1816 ὅτι
484 1764 670 1827 δοῦλος
718 1764 997 1834 ὲτάλθης;
1031 1766 1113 1818 ὅτι
1156 1767 1283 1835 τέλη
1343 1772 1603 1837 παρέχεις
1632 1787 1651 1833 ;

366 1856 884 1926 περιφρονουμένων
916 1853 964 1909 εί
990 1874 1005 1924 ;
1043 1860 1148 1911 Καὶ
1177 1860 1229 1912 τί
1259 1859 1451 1926 τοῦτο;
1483 1861 1756 1914 Ἕκαστον
1789 1862 1942 1924 ἔθνος

364 1952 457 2002 καὶ
473 1950 760 2011 ταπεινοὺς
785 1950 913 2018 ἔχει,
938 1952 1029 2030 καὶ
1052 1949 1269 2014 δούλους
1295 1953 1578 2021 κέκτηται.
1606 1955 1713 2006 Καὶ
1732 1953 1941 2022 ὑπηρέ-

363 2056 461 2103 τας
493 2042 553 2094 ὲκ
586 2042 678 2093 τοῦ
730 2041 916 2105 αὑτοῦ,
952 2045 1049 2095 καὶ
1082 2046 1110 2097 ό
1140 2043 1331 2113 μισθδς
1380 2044 1561 2107 αὐτοῖς
1593 2047 1787 2099 τούτου
1819 2046 1933 2100 ἓνε-

363 2150 438 2186 κα
494 2134 554 2188 Εἰ
590 2133 645 2186 δὲ
700 2135 764 2187 σὺ
804 2136 832 2187 ό
882 2134 1073 2196 πιστὸς
1116 2136 1203 2188 διὰ
1258 2136 1493 2205 Χριστὸν
1547 2138 1734 2207 φέρεις
1783 2137 1941 2190 τοῦτο

365 2227 460 2279 καὶ
490 2227 671 2295 μόνον,
719 2227 817 2279 οὐκ
872 2227 1104 2296 ἄμισθον
1150 2226 1302 2280 ἔσται
1345 2244 1449 2282 σοι.
1486 2229 1592 2280 Καὶ
1629 2229 1749 2282 οὐδὲ
1784 2230 1943 2282 τοῦτο

363 2318 471 2371 κᾶν
502 2321 728 2387 φέρεις
766 2320 861 2372 καὶ
918 2320 1035 2381 πῶς
1087 2318 1269 2382 δοῦλος
1304 2319 1399 2392 ἔσῃ
1434 2321 1670 2390 Χριστοῦ
1705 2338 1721 2388 ;
1767 2322 1825 2383 ὃς
1854 2323 1943 2376 διὰ

366 2413 427 2465 σὲ
465 2414 643 2465 πάντα
677 2414 771 2465 καὶ
804 2412 1035 2464 θάνατον
1066 2411 1265 2480 ἤνεγκε
1295 2427 1310 2477 ;
1341 2412 1441 2464 Διά
1472 2413 1641 2465 ταῦτα
1666 2415 1765 2467 οὐκ
1797 2420 1943 2468 ἀπο-

362 2504 553 2571 λογίαν
582 2503 802 2569 ἕξουσιν
832 2503 881 2554 oi
918 2503 1103 2555 πιστοὶ
1151 2502 1500 2570 διωκόμενοι,
1548 2506 1593 2556 εί
1646 2504 1941 2557 ἀσεϐοῦσιν

363 2596 440 2660 ὣς
480 2615 636 2665 φασι,
674 2596 795 2649 κατ’
832 2597 1105 2664 ἀνάγκην.
1148 2595 1479 2649 Ἀποστάται
1513 2597 1621 2667 γάρ
1659 2599 1787 2651 είᾱι.
1832 2599 1940 2650 Οὖ-

362 2689 422 2742 δὶ
456 2690 505 2741 οἱ
536 2688 942 2757 λαμϐανόμενοι
976 2690 1056 2742 ἔτι
1100 2690 1312 2760 νήπια·
1339 2690 1565 2759 ἔμελλον
1613 2691 1721 2761 γὰρ
1763 2692 1941 2761 ὅμοιοι

362 2783 480 2842 τοῖς
505 2782 779 2849 πατράσιν
811 2778 973 2837 εῖναι.
1012 2783 1120 2834 Καὶ
1146 2782 1305 2851 δῆλον
1338 2784 1447 2834 ἀπὸ
1476 2784 1581 2836 τῶν
1610 2786 1688 2845 είς
1718 2784 1941 2854 ἡλικίαν

364 2872 653 2937 ἐλθόντων,
695 2872 777 2925 ὅτι
820 2872 1021 2940 γνῶσιν
1052 2873 1270 2944 ἔχοντες
1312 2875 1379 2927 τά
1420 2876 1518 2943 τῆς
1574 2876 1810 2938 πίστεως
1840 2877 1940 2930 οὑκ

364 2960 679 3031 ἐφύλαξαν,
739 2963 814 3026 ὡς
855 2963 956 3033 τῆς
988 2965 1189 3034 σαρκὸς
1224 2966 1376 3030 ὄντες
1408 2967 1538 3031 ὅλοι,
1572 2968 1668 3020 καὶ
1715 2969 1940 3039 μηδενὸς

363 3056 472 3108 τῶν
507 3054 596 3107 τοῦ
631 3054 768 3108 Θεοῦ
820 3055 976 3125 λόγον
1008 3057 1143 3121 ὅλως
1182 3061 1515 3127 ποιούμενοι.
1554 3059 1739 3112 Ταῦτα
1783 3054 1938 3129 οἶμαι

363 3147 439 3211 ὡς
471 3147 663 3217 ἀληθῆ,
696 3150 791 3201 καὶ
834 3150 912 3202 ὃτι
963 3152 1072 3203 τῶν
1118 3155 1586 3221 παραπιπτόντων
1618 3155 1716 3224 οὐχ
1745 3155 1772 3207 ό
1803 3155 1936 3217 Θεὸς

365 3238 558 3305 αἴτιος,
598 3239 713 3292 ἀλλ’
750 3241 782 3309 ἡ
832 3242 1073 3311 ῥᾳθυμία
1126 3246 1217 3296 καὶ
1250 3249 1309 3297 τὸ
1364 3246 1690 3316 φιληδονσῖν,
1722 3247 1814 3299 καὶ
1851 3264 1939 3315 φι-

366 3334 610 3397 λοζωεῖν.
635 3336 825 3403 Ὅμως
862 3338 1201 3408 θαρροῦντας
1227 3340 1374 3409 ἡμᾶς
1403 3344 1467 3410 τῇ
1502 3342 1597 3394 τοῦ
1629 3340 1764 3395 θεοῦ
1783 3342 1939 3394 ἀπεί-

371 3444 448 3496 ρῳ
488 3426 872 3498 φιλανθρωπίᾳ
894 3468 908 3492 ,
948 3429 1053 3498 χρὴ
1085 3430 1286 3483 διδόναι
1321 3432 1514 3486 ἐλπίδα
1540 3434 1651 3495 τοῖς
1686 3433 1940 3499 ἐπιστρέ-

365 3535 549 3586 φουσι,
579 3520 669 3570 καὶ
694 3519 901 3581 πάντας
926 3518 1179 3587 δέχεσθαι
1201 3522 1326 3583 τοὺς
1349 3520 1600 3574 ὁπωσοῦν
1622 3520 1939 3599 μετανοοῦν-

364 3627 486 3672 τας,
521 3611 581 3663 οὐ
618 3609 723 3680 μὴν
752 3612 877 3673 τοὺς
908 3610 1155 3679 μηδόλως
1193 3611 1588 3680 μετανοοῦντας
1611 3629 1624 3642 ·
1661 3611 1934 3681 διακρίσει

367 3700 422 3753 δὲ
442 3720 471 3770 χ
481 3702 675 3771 ρῆσθαι
708 3701 885 3772 ἀγαθῇ
906 3704 1001 3755 καὶ
1029 3703 1158 3771 περὶ
1188 3701 1295 3753 τῶν
1315 3703 1779 3775 ἐπιστρεφόντων,
1800 3704 1867 3774 ἢν
1888 3704 1938 3756 οί

362 3790 509 3854 ᾶγιοι
555 3790 884 3854 διετάξαντο.
931 3792 1039 3842 Καὶ
1058 3791 1231 3854 ἄλλως
1248 3791 1409 3863 333
1451 3794 1549 3863 μὲν
1574 3794 1939 3864 ἑξοικονομεῖν

358 3884 487 3946 τοὺς
516 3884 639 3953 δίχα
676 3884 927 3953 βασάνων
958 3884 1055 3938 καὶ
1100 3883 1383 3954 διωγμοῦ,
1412 3886 1482 3939 δι’
1513 3887 1691 3956 ἔρωτα
1726 3885 1939 3953 χρημά-

358 3994 467 4029 των
497 3976 530 4045 ἢ
563 3976 722 4043 δόξαν
760 3975 791 4045 ἦ
824 3976 1018 4045 ἡδονὴν
1062 3974 1473 4045 γεγενημένους
1503 3974 1753 4045 νεκρούς·
1791 3972 1937 4025 οὓτω

357 4069 469 4138 γὰρ
521 4066 631 4136 ἐγὼ
716 4066 864 4121 καλῶ
942 4067 1082 4137 μετὰ
1163 4066 1257 4120 τοῦ
1331 4069 1749 4137 ἠγαπημένον,
1811 4066 1937 4130 τοὺς

357 4162 450 4214 τὸν
509 4160 642 4214 Θεὸν
703 4160 1098 4232 ἀθετήσαντας,
1153 4160 1229 4222 ὼς
1286 4160 1423 4230 πρὸς
1461 4159 1692 4214 θάνατον
1758 4159 1937 4228 ἀμαρ-

357 4253 655 4321 τήσαντας.
701 4252 936 4322 Ἑτέρως
981 4251 1043 4305 δὲ
1091 4251 1256 4303 πάλιν
1287 4252 1415 4312 τοὺς
1464 4249 1691 4320 διωγμῷ
1719 4250 1817 4303 καὶ
1842 4250 1936 4320 βα-

359 4342 547 4405 σάνοις
580 4342 613 4414 ἢ
652 4342 905 4404 ἀπειλαῖς
950 4338 1045 4391 καὶ
1090 4341 1377 4410 ὲπηρείαις
1407 4344 1549 4393 τισίν
1579 4356 1591 4370 ·
1632 4340 1837 4407 ἑτέρως
1889 4339 1935 4393 δ’

2052 471 2367 549 suut;hazc
2426 482 2661 536 maxime
2683 497 2803 552 qua:
2856 480 2985 535 olim
3023 479 3193 549 Moysi
3243 480 3367 532 data
3420 477 3638 531 fuerant

2054 588 2236 629 nonne
2263 574 2387 642 quia
2441 573 2539 627 ﬁlii
2589 573 2756 628 Israel
2816 572 2993 626 Deum-
3038 570 3537 638 contempserunt?
3577 570 3636 623 Si

2052 677 2184 732 ergo
2216 673 2441 733 propter
2470 663 2572 717 ista
2600 676 2721 732 quze
2756 662 2985 731 angelus
3010 660 3346 723 ostenderat,
3374 674 3496 729 quae
3523 673 3637 713 ser-

2052 768 2157 809 \llS
2210 751 2462 817 dederat,
2504 762 2655 807 tanta
2689 752 3041 806 :emulatione
3100 752 3242 805 Deus
3290 763 3469 804 motus
3529 759 3633 811 est,

2056 854 2269 914 quanto
2318 846 2493 915 magis
2527 844 2838 900 movebitur
2886 853 3110 914 propter
3150 859 3211 897 ea
3246 859 3368 912 qua:
3411 845 3479 896 ab
3508 843 3637 896 uni~

2052 934 2235 1004 genito
2270 935 2445 990 Verbo
2488 935 2607 1005 ejus
2642 936 2806 990 allata
2860 946 2989 990 sunt
3042 945 3136 991 aut
3170 936 3332 990 facta.
3383 936 3451 991 Et
3500 936 3633 989 illud

2055 1035 2283 1080 testatur
2307 1026 2508 1081 Paulus
2532 1030 2753 1084 dicens:
2788 1048 2805 1080 (
2836 1028 3052 1082 lrritam
3087 1029 3295 1083 faciens
3321 1029 3630 1099 quislegem

2051 1115 2323 1187 Moysis...
2344 1119 2561 1175 duobus
2581 1120 2661 1173 vel
2690 1122 2863 1175 tribus
2889 1122 3117 1176 testibus
3140 1123 3367 1176 moritur
3389 1133 3636 1191 ;quauto

2053 1210 2226 1278 magis
2253 1212 2458 1279 putatis
2488 1209 2760 1265 deteriora
2789 1215 2985 1267 mereri
3023 1214 3290 1283 supplicia
3320 1217 3411 1284 qui
3435 1214 3632 1268 Filium

2052 1299 2145 1354 Dei
2186 1303 2616 1371 conculcaverit,
2662 1312 2717 1359 et
2755 1307 3078 1375 sanguinem
3112 1311 3420 1364 testamenti
3452 1310 3632 1377 pollu-

2051 1403 2163 1444 tum
2194 1393 2434 1458 duxerit,
2485 1396 2539 1449 in
2589 1412 2700 1466 quo
2733 1403 3108 1455 sanctiﬁcatus
3155 1411 3258 1466 est,
3292 1413 3349 1456 et
3393 1402 3632 1471 Spiritus

2050 1486 2220 1554 gratia
2251 1489 2638 1544 contumeliam
2696 1491 2883 1546 fecerit
2920 1495 2941 1546 ἲ
2973 1513 2991 1544 ι
3032 1494 3209 1559 Quare
3239 1495 3342 1549 hoc
3380 1497 3633 1565 quamvis

2050 1578 2357 1634 mirandum
2391 1582 2536 1650 quod
2566 1583 2802 1639 dicimus
2825 1586 2985 1640 simul
3015 1596 3250 1642 attamen
3284 1589 3630 1642 verissimum

2050 1669 2127 1723 ita
2181 1680 2241 1725 ut
2294 1672 2477 1729 minus
2527 1674 2737 1742 iudicet
2781 1678 2920 1731 Deus
2968 1694 3055 1733 res
3119 1692 3249 1734 suas
3312 1682 3632 1735 inbonorasi

1700 1771 1780 1822 ὅτι
1831 1771 1941 1823 τῶν
1977 1768 2012 1819 8
2044 1763 2117 1815 ab
2158 1763 2341 1833 impiis
2385 1781 2547 1835 quam
2595 1782 2625 1821 a
2671 1768 3018 1824 credentibus
3093 1771 3146 1825 in
3203 1772 3403 1843 ipsum.
3457 1775 3633 1841 Quam

2046 1855 2191 1909 enim
2216 1860 2627 1914 excusationem
2659 1861 2859 1915 habent
2885 1863 3165 1919 credentes
3194 1867 3360 1936 impie
3389 1868 3634 1925 viventes

2046 1947 2098 1998 in
2130 1949 2306 2002 medio
2336 1951 2615 2020 gentium?
2647 1954 2778 2020 quid
2825 1969 3024 2007 novum
3072 1961 3395 2026 proponitur
3431 1974 3634 2033 nmrty-

2046 2040 2229 2092 rium?
2275 2056 2395 2109 qua:
2442 2045 2750 2111 persecutio
2794 2044 3000 2100 instat?
3045 2046 3175 2113 Qua:
3209 2067 3386 2121 poena:
3426 2069 3641 2125 ptmpav

2050 2128 2280 2182 rantur?
2312 2128 2370 2184 lu
2400 2132 2478 2185 eis
2509 2146 2655 2201 smpe
2698 2136 2869 2203 magis
2914 2136 3219 2205 gaudebant
3252 2142 3519 2207 sancti,et
3552 2144 3632 2197 sic

2047 2222 2342 2277 morientes
2421 2225 2595 2294 magis
2652 2227 2995 2296 uml'tiplicati
3052 2240 3196 2283 sunt.
3253 2232 3393 2297 Quid
3456 2246 3633 2290 tauto-

2046 2329 2174 2381 pere
2197 2316 2388 2369 doles?
2436 2319 2579 2384 quod
2612 2333 2815 2374 servus
2838 2322 3172 2378 constitutus
3208 2326 3305 2380 es?
3337 2330 3481 2396 quod
3532 2331 3628 2383 tri~

2045 2406 2174 2460 buta
2236 2408 2333 2462 tibi
2372 2410 2762 2478 imponuntur?
2804 2415 2948 2482 quod
2993 2415 3133 2469 inter
3192 2422 3628 2488 contemptibiles

2047 2498 2355 2554 inveniris?
2383 2499 2486 2555 Sed
2532 2503 2662 2571 quid
2710 2512 2792 2557 est
2843 2506 2989 2558 hoc?
3033 2506 3273 2578 Quteque
3308 2528 3440 2582 gens
3496 2531 3627 2569 suos

2048 2589 2211 2643 habet
2238 2592 2473 2647 lmmiles
2495 2603 2549 2646 et
2577 2594 2826 2662 pusillos,
2857 2606 2909 2650 et
2942 2611 3137 2653 servos
3158 2603 3419 2668 possidet,
3459 2613 3511 2657 et
3546 2606 3628 2674 ips

2046 2682 2121 2735 sis
2160 2691 2243 2737 est
2270 2683 2479 2740 fructus
2506 2687 2826 2743 obedientiae
2852 2704 3038 2746 causa.
3057 2692 3111 2746 Si
3140 2709 3269 2764 ergo
3292 2704 3367 2762 tu,
3389 2698 3480 2765 qui
3509 2714 3628 2753 cre-

2046 2775 2150 2838 dis,
2200 2786 2421 2846 propter
2443 2778 2724 2834 Christqu
2755 2781 2881 2835 talia
2910 2785 3171 2850 sustines,
3219 2802 3327 2840 non
3350 2790 3461 2843 eris
3505 2791 3628 2847 sine

2047 2869 2299 2925 mercede
2332 2888 2344 2925 :
2381 2872 2472 2925 sed
2504 2872 2549 2927 si
2583 2889 2688 2927 non
2727 2876 2828 2929 boc
2859 2877 3047 2930 saltem
3072 2879 3321 2946 patiaris,
3347 2886 3633 2951 quomodo

2045 2957 2243 3014 Christi
2294 2977 2489 3019 servus
2535 2980 2657 3019 esse
2708 2967 2913 3036 poteris
2957 2970 3050 3037 qui
3097 2966 3320 3040 propter
3366 2975 3627 3030 cnimus-

2047 3067 2151 3120 que
2204 3052 2269 3106 ad
2318 3064 2549 3109 mortem
2596 3057 3186 3131 toleravit?l’ropteren
3207 3066 3629 3122 excusationem

2045 3160 2155 3199 non
2190 3146 2467 3202 habebunt
2500 3149 2687 3205 ﬁdeles
2736 3151 2830 3219 qui
2870 3155 3253 3221 persecutione
3299 3168 3625 3226 premuntur

2043 3240 2085 3291 si
2110 3239 2273 3307 impie
2290 3251 2475 3310 agunt,
2498 3250 2556 3295 ut
2583 3242 2791 3305 dicunt,
2813 3246 3137 3301 necessitate
3157 3252 3461 3319 compulsi;
3492 3260 3623 3308 sunt

2041 3332 2185 3385 enim
2242 3347 2367 3386 vere
2420 3342 2706 3402 apostatar.
2739 3334 2849 3390 Nec
2896 3337 3052 3392 aliter
3086 3339 3381 3395 dicendum
3440 3342 3505 3397 de
3537 3345 3621 3398 bis

2041 3424 2134 3491 qui
2164 3438 2192 3477 a
2227 3424 2454 3491 pueritia
2490 3428 2707 3481 abducti
2735 3437 2863 3483 sunt
2898 3448 2913 3484 :
2945 3430 3154 3485 similes
3181 3433 3325 3486 enim
3376 3436 3624 3503 patribus

2043 3517 2159 3572 suis
2211 3515 2377 3571 futuri
2436 3530 2613 3573 erant.
2691 3521 2846 3587 Quod
2891 3524 3083 3577 saltem
3145 3527 3374 3582 evidens
3414 3539 3496 3583 est
3555 3531 3623 3585 de

2043 3605 2109 3659 iis
2138 3608 2229 3674 qui
2272 3607 2495 3677 jamjam
2556 3612 2951 3667 adolevermit:
2998 3614 3414 3685 intelligentiam
3474 3621 3621 3675 enim

2042 3698 2333 3764 habentes,
2387 3701 2710 3757 documenta
2774 3705 2894 3758 ﬁdei
2961 3707 3183 3761 minime
3240 3721 3621 3777 servaverunt,

2042 3793 2190 3846 carni
2224 3793 2641 3862 acquieveruut,
2687 3806 2743 3850 et
2779 3797 2914 3851 nihil
2960 3801 3187 3853 cumino
3215 3801 3282 3855 de
3317 3801 3407 3856 Dei
3446 3802 3625 3858 Verbo

2043 3891 2299 3936 curantes
2322 3896 2567 3952 egerunt.
2601 3885 2745 3948 llmc,
2774 3887 2991 3958 judicio
3019 3906 3163 3953 meo,
3197 3893 3482 3948 verissima
3520 3911 3534 3948 :
3568 3906 3626 3950 et

2045 3971 2267 4026 omnino
2301 3973 2591 4028 dicendum
2647 3978 2813 4033 Deum
2869 3994 2983 4034 non
3022 3996 3144 4037 esse
3190 3984 3349 4039 alicui
3400 4000 3624 4040 causam

2045 4061 2253 4132 lapsus,
2285 4063 2689 4135 sediguaviam,
2722 4068 3061 4138 voluptatum
3100 4084 3153 4126 et
3199 4075 3322 4128 vitze
3361 4091 3622 4131 amorem.

2045 4152 2464 4220 Verumtamen,
2500 4157 2659 4227 plene
2711 4159 3048 4217 conﬁdentes
3079 4163 3305 4219 inﬁnit:e
3342 4164 3446 4220 De'r
3468 4168 3621 4222 boni-

2043 4249 2242 4311 tati,ut
2268 4259 2480 4317 oportet
2510 4251 2979 4321 rcsipiscentibus,
3007 4271 3155 4325 spem
3186 4259 3422 4313 excitare
3455 4260 3625 4315 debe-

2045 4356 2187 4405 mus,
2243 4356 2548 4411 omnesque
2602 4355 2921 4411 exspeCIare
2954 4357 3019 4427 (ει
3067 4351 3347 4419 suscipere
3402 4369 3623 4424 quoquo

357 4430 427 4489 αὖ
473 4435 598 4497 τοὺς
637 4435 809 4504 νήπια
850 4434 946 4487 καὶ
982 4434 1161 4503 βρέφη
1189 4434 1565 4502 ἀρπαγέντας.
1607 4433 1701 4498 Ἐξ
1726 4426 1801 4486 ὧν
1835 4434 1929 4486 καὶ

2045 4431 2201 4484 modo
2252 4433 2601 4501 pwuiteutes,
2649 4435 2743 4488 sed
2796 4451 2901 4490 non
2956 4426 3054 4493 eos
3104 4441 3195 4509 qui
3244 4445 3622 4511 paenitentiam

355 4525 425 4578 τὰ
456 4524 759 4596 τεθνηκότα
792 4526 961 4594 μήπω
995 4527 1074 4587 είς
1106 4524 1311 4591 γνῶσιν
1338 4523 1564 4579 ἐλθόντα
1594 4525 1761 4578 καλοῦ
1794 4526 1933 4589 ὅλως

354 4618 389 4686 ἢ
442 4618 725 4689 πονηροῦ,
777 4619 810 4689 ἢ
858 4619 1143 4689 βάπτισμα
1197 4617 1361 4688 μόνον
1412 4618 1595 4688 ἔσχον,
1642 4621 1933 4689 ἐλεηθῆναι

356 4710 579 4781 6αρρὦ
607 4710 744 4779 ειμι.
786 4711 994 4772 Πάντες
1029 4709 1088 4763 δὲ
1122 4707 1176 4761 οἵ
1208 4725 1269 4761 τε
1299 4711 1361 4762 ἐκ
1399 4709 1682 4778 προγόνων
1707 4710 1932 4764 ἄπιστοι

353 4802 499 4856 οὕτω
520 4803 792 4872 μένοντες,
820 4802 959 4872 μετά
977 4802 1482 4870 δαιμόνωνδικαίως
1496 4802 1933 4874 κατακριθήσον-

351 4909 467 4957 ται,
500 4893 595 4945 καὶ
628 4893 679 4945 οἱ
717 4895 780 4946 ὲκ
806 4894 1016 4946 πιστῶν
1046 4892 1199 4956 ὄντες
1219 4933 1233 4957 ,
1266 4894 1361 4947 καὶ
1392 4892 1493 4963 τὴν
1524 4894 1707 4948 πίστιν
1745 4898 1933 4967 οίῳδή-

351 5000 460 5036 τινι
488 4984 678 5054 τρόπῳ
713 4983 1187 5053 ἀπαρνησάμενοι,
1222 4984 1269 5034 εί
1297 4982 1533 5051 μένωσιν
1564 4984 1785 5038 ἄπιστοι
1806 5000 1820 5017 ο
1849 4986 1931 5038 ὅτι

351 5074 453 5127 οὐκ
506 5074 626 5126 ἐστι
677 5073 833 5142 λόγος
870 5075 1052 5135 αὐτοῖς
1078 5110 1094 5137 ,
1144 5072 1239 5126 τοῦ
1273 5071 1420 5125 θείου
1478 5077 1832 5145 κηρύγματος
1871 5076 1933 5130 ιν

352 5168 433 5237 τῷ
473 5168 667 5236 κόσμῳ
701 5166 841 5237 ὑπὲρ
887 5166 979 5219 τὸν
1026 5167 1181 5236 ἥλιον
1210 5166 1529 5236 λάμψαντός
1580 5182 1638 5219 τε
1670 5167 1765 5220 καὶ
1792 5167 1931 5239 λάμ-

351 5274 573 5320 ποντος,
632 5259 728 5309 καὶ
776 5258 876 5327 τῆς
932 5257 1299 5326 εὐαγγελικῆς
1338 5258 1435 5310 καὶ
1474 5256 1734 5328 οὐρανίου
1784 5258 1928 5325 ζωῆς

350 5348 493 5418 ὑπὲρ
543 5349 601 5401 τὸ
642 5347 756 5416 φῶς
799 5347 1239 5416 ἀστραπτούσης.
1297 5349 1405 5401 Καὶ
1430 5346 1603 5400 ταῦτα
1651 5346 1750 5417 μὲν
1792 5347 1922 5416 περὶ

348 5439 545 5493 τούτου
589 5439 664 5503 ὡς
711 5439 934 5493 δυνατὸν
980 5439 1048 5491 δι’
1078 5439 1294 5506 ὀλίγων.
1340 5439 1465 5500 Τοῖς
1512 5439 1687 5506 ἁγίοις
1720 5439 1777 5493 δὲ
1811 5440 1925 5492 lla.-

350 5534 547 5600 τράσιν
581 5532 738 5601 ἡμῶν
787 5530 1122 5599 πλατύτερον
1173 5531 1407 5602 εἴρηται.
1457 5529 1566 5583 Καὶ
1612 5532 1761 5584 πᾶσα
1796 5531 1928 5602 περὶ

350 5624 547 5678 τούτου
584 5624 798 5694 πλήρης
838 5624 969 5690 ἁγία
1000 5623 1217 5694 Γραφή.

2043 4532 2335 4595 respuunt.
2360 4524 2547 4581 Refert
2577 4527 2721 4581 enim
2748 4531 2951 4599 optime
2982 4531 3294 4589 discernere
3323 4537 3465 4591 inter
3493 4554 3624 4593 con-

2044 4626 2277 4677 versos,
2342 4616 2641 4669 secundum
2698 4619 2947 4672 ordinem
3006 4638 3036 4673 a
3102 4623 3307 4679 sanctis
3374 4630 3623 4696 praescri-

2043 4712 2218 4771 ptum.
2252 4705 2463 4760 Etenim
2494 4706 2585 4776 qui
2622 4723 2685 4761 ea
2720 4707 2834 4777 lege
2872 4720 3037 4780 agunt
3077 4722 3136 4767 ut
3167 4714 3377 4783 fugiant
3409 4718 3623 4774 labores

2042 4803 2097 4848 et
2132 4799 2463 4852 teutationes
2508 4800 2951 4866 persecutionum
2990 4816 3210 4873 pr0pter
3249 4822 3487 4862 amorem
3522 4810 3619 4864 bo-

2042 4900 2262 4949 norum,
2304 4889 2386 4942 vel
2429 4888 2634 4958 gloria,
2680 4890 2765 4943 vel
2801 4892 3145 4962 voluptatum
3178 4898 3339 4951 morti
3373 4913 3431 4953 se
3462 4902 3619 4956 addi-

2041 4988 2208 5045 cunt;
2234 4979 2528 5035 mihienim
2552 4996 2676 5037 eum
2701 4985 2973 5054 discipulo
3001 4987 3200 5044 dilecto
3225 4990 3307 5046 fas
3330 4995 3621 5052 estdicere

2042 5085 2138 5124 eos
2170 5073 2261 5142 qui
2294 5088 2400 5126 non
2439 5074 2768 5130 conﬁtentur
2797 5075 2967 5130 Deum
3003 5095 3230 5148 peccare
3259 5082 3327 5137 ad
3359 5097 3614 5143 mortem.

2040 5161 2142 5227 Qui
2171 5179 2201 5217 e
2223 5174 2412 5219 contra
2443 5165 2583 5235 passi
2609 5175 2743 5222 sunt
2764 5172 3224 5239 persecutionem,
3251 5175 3487 5242 labores,
3519 5181 3617 5233 mi-

2040 5270 2139 5310 nas
2177 5265 2231 5310 et
2258 5258 2638 5324 contumelias,
2699 5260 2804 5315 alia
2844 5264 3094 5318 mercede
3145 5267 3617 5329 donabuutur.Ex

2040 5348 2221 5414 pueris
2240 5357 2291 5401 et
2308 5347 2590 5407 infantulis
2613 5353 2703 5419 qui
2727 5353 2891 5409 ablati
2911 5366 3060 5421 sunt,
3080 5359 3170 5425 qui
3193 5361 3391 5415 mortui
3418 5361 3619 5418 fuerint

2040 5450 2331 5509 antequam
2372 5443 2782 5514 intelligentiam
2830 5448 3140 5517 habuerint,
3178 5451 3306 5507 boni
3353 5456 3436 5510 vel
3488 5458 3615 5513 mali

2036 5534 2282 5597 omnino,
2317 5536 2478 5591 modo
2522 5538 2790 5608 baptisma
2828 5543 3156 5612 receperint,
3190 5545 3621 5603 misericorditer

2039 5630 2235 5697 pieque
2308 5644 2336 5682 a
2383 5630 2492 5684 Deo
2517 5631 2863 5702 recipiendos
2899 5635 3137 5691 conﬁdo.
3180 5638 3379 5695 Omnes
3432 5649 3617 5696 autem

356 5715 624 5790 inﬁdeles,
674 5718 789 5772 sive
850 5716 992 5773 avita
1058 5716 1377 5775 inﬁdelitate
1438 5724 1752 5784 teneantur,
1812 5732 1935 5773 cum
1978 5718 2486 5791 dil‘monihusjllslc
2516 5723 3205 5796 condmnnabuutur;sive
3242 5730 3429 5799 etiam,
3490 5732 3623 5786 olim
