4064 6204
497 277 600 340 863

1347 276 1736 340 ΞΥΜΕΟΝΙΞ
1765 277 2522 341 TIIESSALONICENSIS
2559 252 2924 345 ARCHIEP‘.

2567 99 2600 120 ς

3655 283 3769 346 864

497 388 630 444 illud
685 402 903 458 quoque
935 389 1176 459 operari.
1234 389 1338 445 Sed
1401 390 1714 461 huiusmodi
1783 390 2073 445 facultates

2187 394 2441 461 ἐνεργεῖν.
2475 392 2621 458 Πλὴν
2644 395 2920 463 ὀφείλουσι
2946 394 3061 456 τοῖς
3096 393 3422 460 ἐπισκόποις
3449 395 3770 451 ἀνατιθέναι

494 480 721 537 concedi
773 479 975 536 debent
1038 484 1105 536 ab
1160 483 1458 556 episeOpis,
1515 483 1718 553 quibus
1759 483 2080 551 plerumque

499 570 709 639 majora
743 580 1137 638 reservantur;
1167 573 1368 627 etenim
1426 574 1757 644 presbyteris
1795 589 1904 627 non
1954 573 2082 629 licet

497 660 552 713 in
574 660 1113 728 omnibusjndicare.
1141 661 1206 715 Et
1236 662 1486 734 inprimis
1505 664 1734 717 crimina
1756 664 2077 733 negationis,

497 761 551 805 et
591 753 890 820 homicidii,
931 763 985 809 et
1046 767 1266 824 peccata
1337 759 1702 821 sacerdotum,
1769 760 1894 812 item
1959 773 2082 828 per-

491 841 636 911 juria
667 851 716 896 et
766 844 868 897 alia
904 847 1147 914 qutcdam
1186 861 1291 900 non
1335 855 1564 916 possunt
1604 849 1919 914 absolvere,
1976 849 2080 903 nisi

499 934 602 988 soli
646 934 910 1004 episcopi.
946 933 1001 989 Si
1021 953 1149 1007 ergo
1175 938 1336 1006 etqui
1361 954 1557 992 munus
1573 950 1899 1008 acceperunt
1926 953 2080 993 cont-

499 1025 723 1081 missum
738 1027 1018 1096 jussioues
1035 1044 1321 1099 capessere
1338 1031 1556 1094 debent,
1582 1047 1744 1100 quam
1767 1030 2076 1086 facultatem

498 1121 678 1172 omnia
705 1119 949 1174 solvendi
971 1121 1250 1177 habebunt
1270 1125 1362 1192 qui
1386 1125 1626 1178 muneris
1651 1134 1779 1180 sunt
1799 1125 2078 1194 expertes?

500 1208 568 1263 Et
603 1212 648 1265 si
686 1212 808 1280 quis
832 1223 1058 1268 sanctus
1088 1230 1191 1268 non
1219 1216 1309 1280 sit,
1331 1226 1536 1286 quanto
1558 1218 1730 1286 magis
1750 1216 1851 1271 hac
1873 1218 2080 1272 carebit

500 1302 803 1357 facultate?
865 1304 1042 1371 Quare
1112 1317 1166 1361 et
1226 1309 1314 1362 isti
1371 1309 1880 1364 condemnabuntur
1937 1310 2080 1364 sicut

500 1394 658 1447 etilli
692 1395 779 1463 qtti
835 1407 1035 1452 mmms
1090 1412 1198 1451 non
1249 1399 1485 1452 ordinati
1539 1411 1821 1453 exercent.
1875 1397 1932 1453 Si
1989 1401 2078 1452 cui

501 1495 684 1539 autem
725 1499 982 1541 occurrat
1015 1489 1064 1541 in
1095 1490 1429 1544 necessitate
1489 1491 1726 1545 nomium
1766 1507 1792 1542 ιι
1823 1506 2076 1559 suprema

506 1579 832 1632 auctoritate
890 1581 1163 1635 licentiam
1219 1582 1495 1649 accepisse
1563 1598 1659 1652 pro
1727 1583 1874 1653 gravi
1947 1598 2076 1636 casu

507 1670 855 1738 aliquorum,
887 1671 986 1726 hos
1030 1674 1214 1741 utique
1248 1675 1486 1727 remittet
1515 1674 1580 1728 ad
1614 1673 1948 1744 episcopum,
1985 1683 2080 1727 aut

510 1761 734 1816 habenti
793 1761 1105 1817 facultatem
1161 1780 1285 1818 cum
1349 1780 1577 1819 munere
1657 1780 1816 1820 sacro
1879 1745 2152 1820 litterisB

510 1849 1094 1910 commissamﬂlllud
1165 1873 1307 1927 saepe
1375 1859 1624 1914 accidere
1689 1858 1936 1913 videmus
1995 1874 2081 1913 sa-

507 1947 784 2017 pientibus
834 1949 1117 2003 monachis
1147 1960 1201 2005 et
1231 1950 1426 2006 cautis.
1463 1951 1527 2005 lli
1553 1962 1733 2006 autem
1763 1967 1947 2005 curam
1986 1952 2082 2004 ha-

507 2041 673 2095 beant
707 2057 983 2111 nunquam
1014 2057 1108 2112 pet'
1157 2045 1369 2112 seipsos
1431 2043 1750 2098 absolvendi
1775 2055 1827 2098 et
1869 2044 2081 2112 seipsos

508 2149 787 2205 nunquam
819 2134 1004 2189 dicant
1034 2134 1371 2203 spirituales,
1399 2136 1526 2204 quia
1565 2135 1696 2189 illud
1717 2149 1823 2189 non
1857 2135 2080 2199 habent,

508 2229 601 2281 sed
648 2237 858 2280 tantum
889 2227 1190 2281 secundum
1213 2227 1598 2281 necessitatem
1619 2226 1920 2295 accipiunt.
1943 2227 2078 2279 Dum

508 2334 637 2374 vero
695 2335 756 2374 se
813 2335 923 2374 non
974 2332 1094 2374 esse
1159 2320 1472 2388 spiritualcs
1533 2320 1885 2385 conﬁtentur,
1935 2319 2083 2374 omni

508 2428 613 2480 ope
641 2413 889 2467 nitantur
914 2428 1220 2483 proponere
1248 2428 1368 2483 qua:
1393 2411 1689 2467 conferunt
1722 2412 1789 2466 ad
1826 2412 2078 2468 salutent.

510 2502 666 2560 Unde
727 2507 773 2560 si
806 2521 974 2576 prope
1026 2507 1168 2562 adsit
1219 2523 1501 2564 sacrorum
1549 2507 1753 2561 rituum
1813 2506 2082 2567 minister,

510 2599 641 2653 illuc
677 2600 891 2654 mittant
922 2600 1270 2669 prnuitentem
1296 2618 1310 2655 :
1340 2601 1384 2654 si
1421 2617 1550 2656 vero
1592 2617 1697 2655 non
1733 2611 1930 2670 praesto
1983 2603 2076 2664 sit,

515 2703 644 2746 tunc
676 2692 956 2761 recipiant,
992 2701 1045 2746 et
1077 2703 1274 2748 curent
1307 2704 1363 2746 ut
1395 2693 1652 2762 loquatur
1695 2693 1840 2749 Patri
1894 2709 2085 2749 eorum

515 2786 815 2854 spirituali,
851 2785 954 2839 Sed
992 2787 1073 2839 illi
1119 2802 1310 2842 omnes
1341 2803 1476 2858 quos
1507 2788 1817 2857 acceperint
1873 2790 1952 2843 vel
1997 2804 2088 2841 au-

509 2883 730 2944 dierint.
774 2893 966 2936 curent
989 2883 1267 2938 remittere
1306 2884 1372 2937 ad
1406 2897 1499 2938 eos
1531 2885 1624 2954 qui
1659 2899 1724 2939 ex
1777 2884 1885 2938 Deo
1913 2883 2087 2938 facul-

513 2985 676 3028 tatem
723 2975 965 3030 solvendi
998 2974 1216 3041 habent,
1237 2983 1291 3030 et
1322 2976 1402 3031 sic
1434 2977 1705 3058 absolutio
1736 2978 1840 3032 erit
1869 2993 2082 3033 secura.

2181 492 2280 560 τὴν
2312 489 2580 556 ἐξουσίαν,
2605 491 2786 559 ἔχουσι
2816 490 2883 543 τὰ
2914 489 3085 542 πλείω
3111 491 3207 543 καὶ
3241 490 3470 560 μείζονα
3490 507 3505 522 ο
3532 491 3618 543 ὅτι
3646 488 3773 545 ούδὶ

2179 584 2334 638 ἄδεια
2385 583 2778 653 πρεσϐυτέροις
2809 585 2890 645 είς
2939 583 3120 635 πάντα
3165 568 3486 652 διακρίνειν.
3524 582 3771 652 Ἐξαιρέ-

2183 696 2295 742 τως
2331 678 2385 732 δέ
2416 681 2483 732 τά
2507 679 2608 749 τῆς
2635 679 2919 749 ἀρνήσεως
2961 679 3061 731 ούκ
3098 678 3374 748 ἰσχύουσιν
3405 670 3551 731 οὗτοι
3594 675 3767 741 λύειν,

2181 770 2230 823 εί
2272 770 2344 840 μὴ
2380 770 2690 836 ἐπίσκοποι,
2723 769 2845 823 οὐδὲ
2879 769 2948 822 τὰ
2999 768 3093 822 τοῦ
3136 768 3321 836 φόνου,
3433 769 3543 821 τῶν
3578 768 3773 837 ίερέων

2180 863 2249 916 τὰ
2291 862 2611 929 πταίσματα
2657 861 2752 915 καὶ
2794 862 3084 931 ἐπιορκίας
3133 862 3189 914 δὲ
3222 860 3319 914 καὶ
3349 860 3534 914 λοιπά.
3577 861 3641 913 Et
3674 859 3774 912 ουρ

2182 956 2275 1008 καὶ
2321 954 2372 1007 ol.
2410 954 2668 1016 λαϐόντες
2714 951 2782 1005 τά
2830 951 3156 1020 ἐνταλτὴρια
3199 951 3506 1020 ὀφείλουσιν
3532 951 3769 1021 ἐρωτᾷν,

2183 1047 2343 1100 ποίαν
2369 1045 2553 1100 ἄδειαν
2589 1045 2808 1110 ἕξουσιν
2841 1046 2978 1106 ὅλως
3026 1043 3197 1108 λύειν,
3230 1044 3279 1096 οί
3338 1045 3412 1112 μὴ
3469 1043 3767 1110 λαὸὀντεςς

2182 1141 2244 1193 Et
2295 1139 2352 1192 δὲ
2410 1140 2508 1192 καὶ
2554 1138 2768 1207 ἀνίερός
2827 1153 2932 1199 τις,
2965 1135 3116 1202 πόσῳ
3161 1151 3223 1203 γε
3261 1133 3502 1202 μᾶλλονι
3537 1133 3630 1186 Διδ
3677 1134 3771 1186 καὶ

2182 1223 2328 1284 οὗτοι
2377 1230 2472 1282 σὺν
2515 1231 2629 1292 τοῖς
2683 1229 3118 1299 ὰχειροτονήτως
3165 1225 3450 1293 ἐνεργοῦσι
3499 1243 3769 1296 κατακρι-

2183 1324 2459 1392 Θήσονται.
2493 1323 2554 1375 Ei
2585 1323 2769 1392 μήπου
2799 1338 2881 1384 τις
2913 1321 3030 1374 κατ’
3057 1320 3304 1388 ἀνάγκην
3333 1320 3390 1370 ἐν
3445 1321 3768 1387 περιστάσει

2179 1415 2343 1469 τινῶν
2389 1414 2686 1482 λογισμοὺς
2730 1412 2951 1479 ἀξιώσει
3002 1411 3314 1479 δεξάμενος,
3353 1410 3615 1480 ἀναθήσει
3643 1410 3769 1463 τού-

2181 1525 2303 1569 τους
2359 1506 2436 1570 τῷ
2489 1505 2793 1574 ἐπισκόπῳ,
2825 1505 2856 1574 ἢ
2909 1503 2985 1570 τῷ
3029 1502 3203 1571 ἔχοντι
3235 1503 3323 1556 διὰ
3351 1503 3678 1572 γράμματος
3709 1503 3772 1556 τὸ

2179 1597 2580 1668 λειτούργημα.
2632 1597 2705 1650 Τὸ
2744 1596 2984 1650 τοιοῦτον
3030 1595 3140 1666 γάρ
3196 1595 3412 1664 εἴδομεν
3460 1593 3762 1663 συμϐαῖνον

2181 1692 2276 1744 καὶ
2300 1693 2379 1754 εἰς
2405 1690 2689 1752 πλείστους
2710 1688 2818 1741 τῶν
2844 1687 3089 1741 εύλαὸὦν
3114 1687 3385 1757 μοναχῶν.
3403 1687 3467 1739 Οἳ
3495 1687 3773 1756 προσοχὴν

2184 1786 2482 1854 ἐχέτωσαν,
2515 1782 2590 1853 μὴ
2623 1781 2714 1850 ἀφ’
2745 1781 2954 1835 ἑαυτῶν
3000 1781 3170 1847 λύειν,
3216 1780 3352 1850 μηδὲ
3403 1779 3591 1833 καλεῖν
3636 1781 3771 1832 ἑαυ-

2183 1880 2308 1938 τοὺς
2346 1873 2772 1944 πνευματικους,
2805 1873 2887 1925 ὅτι
2917 1872 3027 1925 ούδ⁹
3057 1873 3240 1943 ἔχουσι
3272 1871 3449 1936 τοῦτο,
3479 1872 3616 1924 ἀλλᾶ
3643 1870 3767 1925 κατ’

2185 1967 2430 2036 ἀνάγκην
2471 1964 2776 2035 δεχόμενοι,
2805 1964 2897 2017 καὶ
2936 1963 3098 2018 τοῦτο
3129 1964 3520 2031 ὁμολογοῦντες
3559 1963 3635 2024 ὼς
3661 1962 3766 2016 οῦκ

2184 2062 2290 2115 εἱσι
2348 2058 2730 2129 πνευματικοὶ,
2775 2058 2844 2110 τὰ
2901 2057 3040 2125 πρὸς
3097 2057 3371 2128 σωτηρίαν
3425 2057 3769 2110 συντείνοντα

2185 2152 2669 2222 προσφερέτωσαν.
2696 2151 2806 2204 Καὶ
2830 2151 2880 2203 ει
2918 2151 3016 2220 μὲν
3051 2150 3214 2218 ἐγγύς
3246 2151 3362 2201 ἐστι
3393 2147 3486 2201 τοῦ
3521 2149 3773 2218 λειτουρ-

2187 2248 2435 2316 γήματος
2457 2245 2758 2315 ὑπηρέτης,
2787 2245 2969 2296 ἐκεῖσε
2992 2242 3178 2296 τοῦτον
3491 2243 3764 2295 ἀποστελ-

2185 2337 2446 2392 λέτωσαν.
2502 2336 2566 2388 Εἰ
2621 2335 2677 2390 δὲ
2737 2337 2836 2388 οὐκ
2887 2333 3027 2398 ἐστι,
3087 2334 3209 2386 τότε
3237 2336 3335 2403 μὲν
3387 2335 3757 2404 δεχέσθωταν,

2187 2425 2814 2500 παραγγελλέτωσαν¹δέ
2847 2425 2940 2478 καὶ
2973 2425 3147 2494 Πατρὶ
3179 2427 3351 2478 εἰπεῖν
3375 2427 3762 2496 πνευματικῷ.

2187 2524 2300 2578 Καὶ
2339 2522 2493 2576 αὐτοὶ
2537 2521 2595 2574 δέ
2654 2520 2800 2590 ἅπερ
2842 2517 3090 2581 ἐδέξαντό
3125 2535 3184 2571 τε
3216 2520 3312 2573 καὶ
3361 2520 3627 2590 ῆκουσαν,
3661 2524 3776 2580 τοῖς

2187 2618 2370 2686 ἔχουσι
2408 2613 2639 2686 δύναμιν
2688 2614 2796 2666 ἀπὸ
2853 2612 2990 2665 Θεοῦ
3043 2614 3190 2665 λύειν
3240 2612 3771 2679 ἀπαγγελλέτωσαν,

2188 2712 2284 2764 καὶ
2325 2706 2498 2770 οὕτως
2545 2708 2579 2776 ἡ
2610 2706 2764 2769 λύσις
2813 2705 3061 2774 ἀσφαλὴς
3090 2705 3265 2760 ἔσται.
3308 2706 3432 2758 Ὅτι
3461 2705 3518 2758 δὲ
3550 2707 3644 2758 καὶ
3677 2723 3774 2773 μο-

2191 2803 2372 2871 ναχοῖς
2406 2800 2482 2871 μὴ
2526 2799 2826 2869 ἱερωσύνην
2882 2799 3066 2869 ἔχουσι
3115 2799 3245 2870 παρ’
3279 2800 3580 2871 ἀρχιερέων
3615 2801 3774 2871 ἐδόθη

2189 2891 2259 2944 τὰ
2310 2891 2406 2960 τῆς
2467 2889 2758 2961 μετανοίας
2817 2890 3140 2961 διενεργεῖν,
3173 2894 3264 2944 καὶ
3318 2893 3572 2963 δέχεσθαι
3626 2894 3778 2962 λογι-

2195 2986 2385 3055 σμοὺς,
2412 2985 2676 3056 ἦκουσται
2727 2983 2830 3054 μὲν
2860 2987 2955 3037 καὶ
2991 2986 3145 3054 ἡμῖν,
3176 2985 3294 3038 ἀλλ’
3325 2986 3425 3039 οὐκ
3471 2989 3775 3057 ἀναγκαῖον
3809 3009 3818 3016 ν

513 3066 650 3130 Quia
696 3081 824 3120 vero
862 3066 1145 3120 monachis
1206 3067 1296 3135 qui
1360 3081 1468 3120 non
1502 3077 1628 3122 sunt
1669 3069 1984 3122 sacerdotes
2006 3083 2094 3121 ar-

2197 3077 2333 3139 ὃλως
2361 3077 2530 3140 δοκεῖ,
2561 3076 2682 3129 ἐπεὶ
2713 3077 2868 3145 χρεία
2896 3081 2974 3147 τῷ
3002 3077 3278 3150 δεχομένῳ
3321 3079 3646 3150 λογισμοὺς,
3679 3082 3780 3135 καὶ

514 3155 847 3224 chiepiscopi
887 3156 1196 3210 concedunt
1224 3155 1520 3226 aliquando
1551 3159 1834 3227 cooperari
1871 3158 1938 3210 ad
1971 3173 2089 3228 pte-

2191 3167 2453 3235 εὺλογεῖν,
2485 3168 2578 3220 καὶ
2612 3168 2775 3237 εὐχὴν
2823 3168 3121 3237 ἐπιλέγειν,
3154 3170 3246 3222 καὶ
3296 3171 3640 3241 μεταδιδόναι
3666 3172 3778 3224 τῶν

517 3249 807 3313 nitentian,
829 3258 883 3301 et
913 3249 1159 3317 accipere
1191 3250 1462 3315 licentias,
1484 3250 1615 3304 illud
1662 3252 1821 3305 nobis
1870 3253 2091 3307 minime

2194 3259 2511 3330 μυστηρίων
2540 3262 2652 3322 τοῖς
2696 3258 2981 3331 χρῄζουσι,
3017 3263 3112 3314 καὶ
3160 3262 3348 3325 ἁπλῶς
3398 3257 3542 3315 εἷναι
3599 3262 3775 3332 ἱερέα,

519 3342 728 3396 videtur
754 3355 874 3394 esse
903 3339 1055 3394 valde
1096 3343 1461 3395 necessarium
1491 3383 1507 3408 ,
1539 3356 1662 3395 cum
1725 3351 1973 3409 oporteat
2029 3353 2088 3398 ut

2189 3351 2329 3405 ὥστε
2369 3350 2704 3420 προσφέρειν
2750 3353 2841 3404 καὶ
2895 3351 3200 3420 μεσιτεύειν
3261 3353 3401 3419 ὑπὲρ
3457 3354 3568 3405 τῶν
3611 3369 3781 3421 μετα-

516 3437 720 3490 haheus
739 3450 767 3486 a
801 3433 982 3488 radice
1011 3437 1104 3488 has
1122 3433 1390 3502 licentias,
1417 3435 1699 3491 benedicat
1723 3444 1775 3489 et
1793 3451 1978 3506 preces
2006 3452 2089 3492 re-

515 3529 665 3594 citet,
691 3537 743 3582 et
763 3527 1014 3580 admittat
1029 3527 1094 3580 ad
1111 3529 1580 3599 participationem
1600 3530 1978 3600 mysteriorum
1997 3546 2090 3586 eos

514 3622 608 3691 qui
637 3621 908 3690 postulant
943 3639 955 3686 ;
1007 3637 1114 3676 uno
1145 3623 1306 3676 verbo
1349 3633 1406 3677 ut
1445 3623 1518 3677 sit
1549 3624 1829 3687 sacerdos,
1858 3624 2090 3680 offerens

514 3724 568 3769 et
600 3714 914 3769 mediatoris
945 3725 1150 3783 partem
1185 3716 1392 3771 habens
1419 3730 1519 3784 pro
1557 3717 1948 3786 pmnitentibus
1999 3717 2090 3772 de-

517 3807 752 3875 precari.
817 3806 874 3861 In
941 3808 1264 3861 necessitate
1333 3816 1514 3861 autent
1571 3825 1694 3862 cttut
1745 3810 2085 3878 potissimum

517 3900 699 3954 nullus
727 3897 884 3954 adest
909 3906 1071 3968 aptus
1120 3915 1150 3951 a
1192 3899 1592 3965 sacerdotibus,
1627 3902 1949 3955 conceditur
1975 3917 2090 3956 mo-

517 3992 706 4047 nachis
761 3991 1101 4061 sapientibus
1183 3991 1413 4046 facultas
1469 4001 1522 4046 et
1582 3993 1802 4047 licentia
1851 3995 1918 4048 ad
1989 3998 2091 4048 hoc

516 4097 737 4148 munus,
765 4083 856 4139 sed
887 4098 993 4137 non
1028 4084 1101 4136 ita
1135 4091 1192 4137 ut
1236 4084 1448 4138 solvant
1485 4099 1551 4138 ex
1611 4083 1829 4151 scipsis,
1882 4083 1976 4138 sed
2033 4093 2090 4138 ut

515 4190 615 4244 pro
651 4175 774 4230 loco
807 4178 1074 4231 rationem
1118 4176 1346 4230 reddant
1371 4175 1788 4246 archiepiscopo
1838 4178 1930 4247 qui
1977 4177 2090 4246 ipse

516 4284 681 4330 totam
713 4287 935 4326 causam
972 4272 1224 4324 instruct.
1272 4269 1377 4323 Sed
1427 4281 1481 4324 et
1515 4270 1801 4326 sacerdote
1827 4286 1966 4342 opus
2008 4279 2090 4326 est

514 4368 678 4432 huius
713 4365 1001 4420 ministerii
1031 4363 1278 4432 adiutore
1305 4373 1361 4418 ut
1384 4364 1453 4418 ab
1479 4380 1543 4418 co
1570 4364 1701 4418 [iant
1729 4380 1852 4434 qua:
1898 4379 2089 4420 neces-

2190 3442 2455 3496 νοούντων
2482 3446 2572 3497 καὶ
2601 3443 2876 3512 εύχεσθαι.
2919 3442 3051 3496 Κατ’
3087 3444 3334 3514 ἀνάγκην
3358 3443 3415 3496 δέ
3449 3462 3578 3497 ποτε
3613 3444 3770 3498 πλεί-

2192 3553 2324 3609 στην
2355 3537 2412 3588 ἐν
2443 3535 2519 3605 τῷ
2551 3535 2626 3606 μὴ
2664 3538 2916 3605 παρεῖναι
2947 3537 3132 3588 ἱκανόν
3165 3553 3285 3588 τινα
3312 3535 3418 3588 τεῦν
3451 3537 3774 3606 ίερωμένων

2191 3629 2327 3699 πρὸς
2375 3628 2549 3696 τοῦτο,
2614 3629 2713 3699 τὴν
2783 3629 2966 3683 ἄδειαν
3020 3627 3258 3682 δίδοσθαι
3322 3628 3465 3681 ὥστε.
3522 3628 3780 3698 δέχεσθαι

2190 3721 2482 3790 λογισμοὺς
2528 3722 2622 3772 καὶ¹
2667 3723 2922 3790 μοναχοῖς
2968 3719 3254 3772 εύλαὸέσι’
3291 3721 3431 3792 πλὴν
3469 3722 3569 3791 οὐχ
3619 3721 3766 3774 ὥστε

2189 3814 2338 3868 λύειν
2388 3812 2582 3876 αὐτοὺς
2630 3813 2724 3881 ἀφ’
2755 3811 2989 3876 ἑαυτῶν,
3015 3812 3131 3867 ἀλλ’
3177 3812 3316 3866 ὥστε
3365 3815 3664 3884 ἀναφέρειν
3693 3815 3774 3884 τῷ

2190 3905 2333 3958 κατὰ
2356 3905 2522 3958 τόπον
2551 3905 2819 3974 ἀρχιερεῖ,
2851 3906 2945 3957 καὶ
2975 3911 3102 3975 παρ’
3141 3905 3306 3957 αὑτοῦ
3337 3905 3438 3976 τὴν
3488 3906 3770 3974 ἀπόφασιν

2189 3997 2458 4066 γίνεσθαι.
2498 3997 2660 4050 ⁹Αλλά
2684 3999 2778 4050 καὶ
2810 3999 2852 4050 ίε
2863 3999 2960 4066 ρέα
2985 3998 3090 4068 χρὴ
3120 3998 3306 4051 τοῦτον
3329 3999 3474 4068 ἔχειν
3495 4001 3589 4053 τοῦ
3611 4002 3780 4070 ἔργου

2193 4090 2476 4160 συνεργὸν,
2507 4090 2582 4153 ὼς
2629 4089 2696 4142 ἂν
2747 4089 2814 4143 τά
2865 4091 3140 4155 ἀναγκαῖα
3194 4090 3263 4143 δι’
3319 4093 3484 4146 αὑτοῦ
3517 4085 3770 4161 γένοιτο,

2191 4181 2347 4249 εὐχαί
2398 4196 2456 4232 τε
2519 4181 2944 4250 συγχωρήσεως,
2975 4181 3072 4233 καὶ
3117 4181 3372 4234 κοινωνία
3406 4181 3515 4233 τῶν
3563 4199 3781 4252 μυστη-

2193 4271 2346 4342 ρίων,
2387 4271 2484 4324 καὶ
2535 4271 2826 4340 προσφορά
2873 4269 3016 4341 ὑπὲρ
3071 4269 3168 4324 τοῦ
3225 4271 3634 4342 μετανοοῦντος,
3671 4275 3774 4328 καὶ

2191 4363 2349 4432 ἅγιον
2391 4362 2571 4416 ἔλαιον
2625 4358 2763 4430 μετά
2817 4363 2912 4416 καὶ
2957 4361 3160 4416 λοιπῶν
3213 4364 3426 4434 ἱερέων,
3461 4364 3554 4417 καὶ
3589 4365 3782 4429 ἁπλῶς

514 4460 659 4514 saria
691 4466 820 4512 sunt
850 4471 1076 4525 :preces
1107 4470 1304 4525 nempe
1336 4456 1720 4519 absolutionis,
1745 4456 2089 4525 participatio

2197 4457 2412 4511 ἅπαντα
2440 4455 2508 4507 τά
2535 4453 2921 4522 νενομισμένα,
2944 4453 3105 4508 ἅτινα
3132 4453 3196 4526 δὴ
3239 4455 3272 4526 ἡ
3318 4456 3587 4527 ἱερωσύνη
3623 4458 3781 4526 ἐνερ-

515 4551 902 4622 mysteriorum
939 4559 995 4604 et
1025 4549 1206 4601 omnia
1238 4547 1385 4601 utilia
1419 4561 1548 4616 erga
1607 4549 1960 4618 pmnitentem
1988 4589 2004 4614 ,
2036 4556 2090 4602 et

515 4653 766 4698 sanctum
793 4644 971 4696 oleum
995 4657 1114 4695 cum
1148 4641 1360 4695 caeteris
1385 4639 1785 4703 sacerdotibus,
1819 4654 1929 4694 uno
1961 4655 2085 4694 ver-

516 4737 587 4793 bo
613 4737 796 4792 omnia
820 4736 955 4790 alias
979 4736 1311 4805 praescrip'a,
1335 4748 1456 4804 qua:
1482 4732 1704 4803 quidem
1723 4732 2086 4788 sacerdotium

515 4839 759 4901 praestat.
812 4827 926 4898 Ego
985 4842 1114 4882 vero
1180 4827 1232 4881 in
1287 4827 1374 4882 his
1427 4829 1665 4882 maxime
1705 4842 1943 4895 vereor;
1997 4829 2090 4885 sed

2197 4552 2304 4616 γεῖ.
2348 4545 2488 4617 Ἐγὼ
2511 4546 2568 4600 δὲ
2597 4548 2838 4616 καὶπερὶ
2869 4547 3060 4600 τούτου
3094 4548 3339 4611 εὐλαϐῶς
3379 4550 3510 4619 ἔχω,
3542 4551 3637 4602 καὶ
3677 4554 3782 4604 οὐκ

2199 4643 2499 4710 ἀναγκαῖον
2539 4638 2778 4711 ἡγοῦμαι
2820 4641 3066 4710 ἐνεργεῖν
3095 4657 3216 4693 τινα
3244 4639 3314 4694 τὰ
3351 4641 3451 4710 τῆς
3481 4640 3784 4708 μετανοίας

2199 4735 2359 4806 ἔργα,
2395 4734 2696 4805 ἱερωσύνην
2735 4733 2809 4804 μὴ
2857 4732 3070 4803 ἔχοντα.
3103 4733 3286 4787 Ταῦτα
3333 4732 3442 4803 γὰρ
3489 4735 3589 4804 τῆς
3619 4734 3782 4805 ίερω-

2203 4829 2366 4900 σύνης
2391 4825 2519 4882 εἰσί.

515 4931 647 4986 mihi
691 4943 796 4983 non
847 4928 1058 4980 videtur
1091 4928 1458 4981 necessarium
1491 4939 1654 4994 Opera
1705 4941 1826 4996 qua:
1853 4925 1918 4981 ad
1986 4927 2356 4998 paenitentiam
2398 4931 2646 4996 spectant
2677 4922 2748 4978 ab
2789 4923 2881 4980 illo
2915 4921 3038 4982 ﬁeri
3070 4923 3165 4996 qui
3197 4939 3301 4980 non
3345 4925 3423 4980 τιι
3452 4925 3716 4984 sacerdos
3750 4943 3769 4984 :

515 5026 631 5081 haec
666 5025 810 5080 enim
845 5021 1002 5092 plane
1033 5021 1099 5073 ad
1132 5021 1496 5074 sacerdotium
1528 5028 1800 5089 speetant.

952 5181 1282 5250 QUESTIO
1313 5181 1432 5236 XIV
1464 5193 1519 5239 et
1551 5183 1673 5248 XV,

515 5328 829 5385 Sacerdotes
856 5370 871 5393 ,
907 5327 995 5394 qui
1039 5326 1282 5394 proxima
1334 5336 1482 5378 nocte
1524 5342 1640 5378 cum
1678 5326 1926 5379 uxoribus
1979 5327 2090 5379 suis

586 5400 973 5452 concubuertmt
1005 5407 1181 5450 utrum
1216 5395 1434 5450 debeant
1490 5411 1698 5448 sacram
1743 5395 1957 5449 Caenum
2003 5412 2090 5448 εε-

586 5471 793 5520 Iebrare
847 5467 1041 5520 necne?
1091 5464 1236 5519 Num
1297 5469 1382 5519 die
1429 5471 1595 5519 sacra:
1655 5464 1827 5519 Cornu:
1865 5467 2094 5520 celebra-

583 5549 654 5592 ta:
666 5539 754 5606 [at
778 5538 844 5590 sit
874 5538 1246 5590 consuetudine
1266 5537 1345 5590 uti
1368 5537 1598 5589 mulieris
1619 5538 1645 5591 ?

586 5651 914 5717 Quaastionis
935 5649 1160 5705 decimae
1183 5660 1392 5720 quartae
1420 5657 1475 5704 et
1499 5649 1726 5704 decimae
1749 5650 1953 5720 quintae
1983 5663 2092 5703 una

515 5756 672 5797 utens
702 5751 786 5797 est
815 5749 868 5795 et
897 5755 1039 5797 unus
1063 5755 1260 5798 sensus
1287 5757 1301 5795 ς
1333 5740 1413 5795 Au
1445 5739 1606 5796 liceat
1633 5739 1901 5796 sacerdoti
1958 5753 2092 5794 con-

2642 5185 2976 5241 ΕΡΩΊἪΣΙΣ
3009 5184 3089 5239 1Δ⁹
3117 5186 3210 5238 καὶ
3248 5184 3346 5240 IE'.

2204 5323 2372 5389 Τινὲς
2401 5321 2578 5391 ἱερεῖς
2600 5322 2749 5389 μετὰ
2774 5321 2892 5375 τῶν
2918 5319 3224 5391 γυναικῶν
3255 5317 3458 5391 qi)th
3494 5319 3783 5391 εὑρισκότ

2263 5387 2462 5462 μεᾶοιξ
2489 5387 2846 5460 ὀφείλουσιν
2897 5387 3248 5462 Ιὲρουρβῖν,
3276 5389 3314 5456 ἢ
3345 5389 3454 5462 οὐ]
3471 5389 3583 5462 grai
3627 5387 3782 5462 acqu

2268 5457 2384 5529 τὴν
2428 5457 2658 5587 ήιῖἐραν
2699 5462 2812 5530 τῆς
2847 5457 3230 5532 λειτουργίας
3285 5462 3357 5513 εί·
3399 5457 3495 5511 δεῖ
3539 5457 3783 5527 ὁμιλεῖν

2268 5549 2477 5587 rorant
2536 5549 2554 5587 :

2265 5549 2501 5604 γυναικι
2535 5549 2554 5599 ;

2209 5649 2216 5652 ’
2263 5647 2373 5700 Καὶ
2405 5647 2438 5717 ἡ
2467 5646 3014 5717 τεσσαρακαιδεκάτη
3058 5645 3115 5699 δὲ
3166 5646 3258 5698 καὶ
3299 5642 3770 5712 πεντεκαιδεκάτη

2192 5736 2462 5809 ἐρώτησις
2486 5739 2586 5810 τὴν
2615 5738 2788 5811 αὐτὴν
2821 5738 3032 5796 ἔννοιαν
3063 5739 3435 5808 περιέχουσιν.
3467 5734 3530 5790 Et
3573 5733 3656 5789 δεῖ
3697 5733 3778 5788 ιε-
