4064 6204
297 281 402 347 διε

1043 281 1438 344 RESPONSA
1489 283 1590 344 AD
1629 282 1726 343 (ΞΛ
1743 283 2092 346 BRiELEM
2130 287 2861 361 PENTAPOLITANUM.

3462 305 3566 368 866

293 395 539 466 ρωμένον
569 394 770 463 γνῶναι
811 395 911 467 τὴν
947 396 1082 450 ἰδίαν
1115 399 1374 464 γυναῖκα,
1405 413 1477 450 κα
1542 396 1663 450 κατ’
1701 397 1872 467 αὐτὴν

2014 417 2162 470 rigent
2197 419 2350 458 suam
2378 421 2730 476 cognoscere,
2769 423 2822 466 et
2849 413 3144 478 praesertim
3194 415 3282 470 die
3311 431 3421 483 quo
3476 434 3568 474 sa-

282 489 382 559 τὴν
434 490 650 558 ἡμέραν
715 490 1158 560 ῑερουργῆσαι.ῆ
1216 491 1354 559 μετὰ
1406 491 1466 544 τὸ
1515 489 1872 562 ’ίερουργῆσαι

283 581 489 646 γνῶναι
515 583 712 652 αὑτήν.
744 583 822 634 Τά
844 583 1070 635 τοιαῦτα
1095 583 1204 652 γάρ
1235 583 1552 652 ἀδιαφορίας
1580 585 1676 636 καὶ
1701 586 1874 654 ἀκρασ-

287 674 408 734 σίας
445 673 580 741 ἔργα
613 673 768 729 εἰσίν.
815 674 872 726 '0
897 674 954 728 δὲ
999 674 1400 744 ἀγωνιζόμενος
1434 674 1614 728 πάντα
1671 677 1870 744 ἐγκρα-

283 763 524 826 τεύεται,
555 768 582 817 6
611 765 819 826 Παῦλος
847 767 1028 835 φητίν.
1049 767 1113 818 Ei
1143 760 1238 820 οὖν
1263 767 1374 828 τοῖς
1407 766 1683 835 θεωρῆσαι
1706 769 1868 836 μόνον

283 855 608 922 ἠξιωμένοις
640 853 1037 922 καπνιζόμενον
1063 856 1119 906 τὸ
1141 854 1267 924 ὅρος
1295 853 1456 918 Σινᾶ,
1491 857 1586 908 καὶ
1615 856 1714 924 τῆς
1759 873 1872 924 φω·

287 947 384 1012 γῆς
415 945 718 998 ἐπακοῦσαι.
751 946 847 1013 τῆς
883 946 1200 1015 σάλπιγγος,
1236 945 1584 1016 παραγγελία
1618 945 1866 1014 γέγονεν,

288 1036 429 1090 ὥστε
484 1039 542 1090 ὲν
601 1041 778 1106 τρισὶν
832 1038 1065 1108 ἡμέραις
1123 1039 1196 1108 μὴ
1247 1040 1572 1106 προσελθεῖν
1625 1041 1870 1106 γυναικὶ,

291 1130 385 1179 καὶ
449 1130 478 1180 6
547 1129 838 1196 ἁρχερεὺς
904 1129 1167 1199 ’Λὸιάθαρ
1221 1131 1522 1200 ζητήσαντι
1575 1129 1654 1198 τῷ
1705 1130 1872 1184 Δαὸιδ

290 1221 417 1282 τοὺς
464 1221 560 1288 τῆς
605 1219 915 1288 προθέσεως
964 1221 1163 1289 ἄρτους
1213 1223 1430 1288 φαγεῖν,
1477 1221 1733 1292 ἠρώτησε
1793 1223 1870 1292 μή

293 1327 426 1362 ποτε
463 1312 710 1380 εἰσῆλθον
737 1313 815 1374 είς
855 1315 1092 1379 γυναῖκα
1119 1311 1263 1365 κατὰ
1294 1313 1391 1383 τὴν
1428 1313 1598 1366 νύκτα
1629 1314 1868 1383 ἐκείνην,

295 1405 390 1456 καὶ
435 1403 892 1470 ὁμολογησάντων
933 1405 1011 1473 μὴ
1069 1403 1359 1469 εἰσελθεῖν,
1413 1406 1534 1458 τότε
1581 1405 1644 1474 δὴ
1679 1407 1874 1477 τεθάρ-

297 1498 466 1566 ρηκεν
528 1495 710 1556 αὐτοῖς
785 1490 968 1546 δοῦναι
1027 1497 1107 1557 είς
1165 1491 1368 1565 βρῶσιν
1431 1497 1558 1560 τοὺς
1608 1499 1874 1560 τυπικοὺς

298 1589 542 1647 ἐκείνους
571 1585 770 1655 ἄρτους
796 1603 810 1618 ο
843 1585 925 1648 τίς
951 1585 1059 1656 ἄρα
1085 1588 1385 1657 τολμητίας
1408 1589 1663 1641 τοσοῦτον
1696 1590 1871 1654 ἔσται,

299 1679 442 1732 ὥστε
479 1679 616 1747 μετὰ
663 1679 758 1746 τὴν
793 1678 1013 1743 ὁμιλίαν
1063 1679 1163 1747 τῆς
1201 1679 1456 1745 γυναικὸς
1510 1681 1874 1751 προσεγγίσαι

1983 498 2094 552 eris
2129 496 2346 554 iunctus
2403 509 2488 555 est
2531 517 2650 555 eam
2701 505 2868 556 adire.
2906 504 3030 559 Haec
3091 517 3221 561 sunt
3261 523 3426 577 opera
3486 512 3567 564 ιϊί

1983 589 2358 645 ίηάίιῖὶιτθηιίιιι
2405 592 2480 644 vel
2525 591 2969 662 intemperantiae.
3006 595 3264 663 Quienim
3303 599 3354 652 in
3397 615 3572 668 agone

1983 682 2260 737 contendit
2290 683 2358 736 ab
2392 685 2642 740 omnibus
2691 701 2748 738 se
2787 688 3048 753 abstinet,
3095 689 3224 742 dicit
3259 687 3462 744 Paulus
3503 692 3568 745 ".
3642 743 3646 750 .

1985 773 2040 828 Si
2075 775 2236 838 igitur
2271 785 2326 828 ut
2357 777 2605 830 viderent
2633 779 2974 836 solummodo
2993 791 3228 835 montem
3253 781 3399 837 Sinai
3427 784 3574 836 fumo

1983 866 2322 932 obvolutum,
2353 878 2405 920 et
2439 869 2690 922 audirent
2723 887 2918 924 sonum
2958 874 3202 927 buccinae
3231 875 3395 944 digne
3435 891 3572 943 pne-

1982 959 2206 1025 parandi
2234 971 2412 1019 erant.
2444 969 2496 1013 et
2531 960 2635 1015 illis
2667 964 3042 1031 prtescriptnm
3101 964 3274 1018 luerat
3305 983 3370 1019 ue
3395 967 3570 1021 tribus

1986 1049 2178 1103 diebus
2237 1053 2735 1120 appropinquarent
2783 1055 3038 1109 uxoribus
3074 1053 3168 1086 ’³⁸⁸
3203 1066 3296 1110 :et
3336 1057 3380 1109 si
3423 1071 3572 1108 sum-

1985 1157 2106 1196 mus
2137 1142 2378 1210 pontifex
2414 1143 2674 1198 Abiathar
2718 1147 3009 1214 postulanti
3039 1146 3202 1200 David
3239 1159 3296 1201 ιιι
3329 1148 3560 1202 mandu-

1983 1241 2132 1285 caret
2166 1249 2332 1300 panes
2369 1236 2774 1302 propositionis.
2827 1239 3106 1307 respondit
3153 1254 3402 1305 qumreas
3440 1255 3567 1292 num

1983 1317 2124 1372 forte
2161 1320 2490 1374 intraverint
2529 1323 2594 1376 ad
2631 1325 2889 1394 coniuges
2955 1327 3067 1395 ipsa
3103 1337 3260 1381 nocte
3286 1368 3302 1392 ,
3356 1340 3410 1382 et
3444 1345 3570 1382 cum

1983 1411 2414 1463 asseveraverint
2443 1427 2500 1465 se
2531 1414 2972 1480 nonintravisse,
3029 1425 3158 1474 tunc
3211 1433 3317 1469 non
3363 1419 3578 1470 dubita-

1984 1501 2057 1554 vit
2094 1500 2200 1554 illis
2233 1501 2444 1555 tradere
2476 1504 2886 1560 "tanducandos
2911 1523 3074 1575 panes
3105 1509 3230 1562 iilns
3269 1511 3481 1578 typicos
3519 1507 3577 1554 ’ὅ

1987 1595 2110 1664 quis
2148 1603 2312 1650 tanta:
2345 1597 2448 1650 erit
2475 1597 2722 1652 audaciae
2749 1610 2806 1654 ut
2865 1602 3006 1656 inter
3054 1605 3380 1658 commercia
3437 1621 3578 1658 con-

1992 1687 2199 1768 iugalia
2227 1690 2444 1743 accedat
2481 1691 2548 1743 ad
2597 1691 2769 1745 altare
2800 1692 2822 1744 ?
2876 1695 2960 1747 vel
2995 1695 3046 1748 in
3105 1696 3220 1764 ipsa
3272 1709 3431 1751 nocte
3457 1713 3582 1766 qua:

299 1772 380 1841 τῷ
415 1771 824 1842 θυσιαστηρίου
862 1771 894 1840 ἧ
921 1773 986 1842 τῇ
1034 1771 1138 1839 πρὸ
1170 1767 1272 1840 τῆς
1295 1767 1485 1836 θυσίας
1517 1773 1708 1838 νυκτί;
1745 1775 1880 1826 ὅπου

2014 1781 2238 1835 n-aecedit
2270 1783 2600 1836 sacrilieium
2628 1784 2652 1836 τ
2686 1783 2790 1838 Sed
2816 1784 2926 1852 jam
2955 1802 3134 1841 nonne
3184 1790 3429 1857 apprime
3463 1798 3587 1842 mo"

302 1884 366 1936 γε
403 1868 494 1920 καὶ
527 1864 825 1934 φαντασίας
855 1865 1016 1933 μόνον
1045 1862 1335 1932 συμϐάσης
1361 1865 1679 1932 νυκτερινῆς
1704 1863 1883 1933 χρεὼν

306 1961 678 2024 εὐλαϐεῖσθαι,
711 1957 786 2020 ὡς
819 1945 1218 2028 ἐδιδάχθη’μεν;
1257 1957 1318 2009 Ei
1365 1955 1474 2027 γὰρ
1519 1958 1614 2009 καὶ
1642 1957 1826 2026 τίμιος
1858 1957 1886 2008 ὁ

305 2054 506 2122 γάμος,
546 2053 573 2105 ὁ
613 2049 822 2112 unum;
865 2066 1020 2118 φησι,
1051 2049 1144 2101 καὶ
1250 2048 1403 2118 κοίτη
1451 2047 1738 2116 ἀμίαντος,
1767 2044 1883 2098 ἀλλ’

311 2144 530 2212 ἐπάγει,
565 2161 584 2194 ι
621 2143 861 2212 Πόρνους
894 2141 950 2194 δὲ
997 2144 1092 2196 καὶ
1126 2141 1348 2210 μοιχοὺς
1403 2143 1584 2210 κρινεῖ
1616 2140 1643 2192 6
1668 2138 1821 2200 Θεός.
1863 2157 1882 2189 ι

313 2237 478 2290 Ὥστε
505 2235 592 2290 διὰ
620 2236 680 2287 τὸ
706 2237 780 2304 μὴ
807 2232 1090 2303 πορνεύειν
1135 2231 1168 2304 ἢ
1207 2232 1480 2303 μοιχεύειν
1511 2231 1670 2283 τοῦτό
1701 2248 1888 2300 φησιν,

313 2329 436 2398 οὒχὶ
485 2329 540 2382 δὲ
596 2327 672 2398 μὴ
722 2327 929 2398 φθορὰν
976 2326 1136 2380 τοῦτο
1193 2325 1288 2378 καὶ
1350 2322 1694 2391 ἀκαθαρσίαν
1748 2320 1896 2388 λογί-

315 2426 528 2488 ζεσθαι.
559 2443 580 2476 ι
645 2423 731 2475 Ἐν
766 2422 1017 2491 ἀνομίαις
1056 2423 1186 2489 γὰρ,
1219 2419 1384 2488 φησιν
1413 2411 1464 2469 δ’
1495 2415 1683 2480 Δαϐιδ,
1738 2431 1894 2466 συνε-

316 2517 675 2586 ).ήφθην,καὶ
723 2517 780 2568 ἐν
826 2513 1126 2584 ἁμαρτίαις
1183 2511 1444 2577 ἔκίσσησέ
1500 2528 1566 2579 με
1622 2511 1655 2580 ἡ
1716 2510 1898 2579 μήτηρ

322 2628 452 2680 μου.
477 2630 495 2660 ι
528 2611 692 2662 Ὥστε
723 2608 865 2660 κατὰ
903 2605 1253 2674 συγχώρησιν
1279 2604 1425 2656 ἐστὶν
1448 2606 1476 2657 6
1505 2603 1706 2672 γάμος,
1739 2603 1899 2672 χάριν

318 2706 418 2772 τῆς
451 2701 788 2762 παιδοποιΐας
821 2701 912 2752 καὶ
947 2699 1126 2765 μόνον,
1164 2697 1257 2749 καὶ
1287 2697 1384 2766 τῆς
1435 2697 1529 2749 τοῦ
1567 2697 1756 2764 γένους
1789 2694 1902 2746 δια-

320 2795 529 2862 δοχῆς·
589 2794 650 2845 οὐ
705 2792 809 2860 μὴν
869 2790 927 2843 δὲ
986 2789 1121 2842 Θεοῦ
1181 2790 1600 2859 προηγούμενον
1665 2787 1900 2856 θέλημα.

324 2883 501 2939 Τοῦτο
542 2883 598 2936 δὲ
644 2882 1008 2951 ἐκλεξάμενος
1041 2879 1252 2942 Παῦλος
1295 2879 1354 2931 τὸ
1391 2877 1574 2946 ἆγνῶς
1603 2875 1722 2946 ζῇν,
1756 2875 1906 2944 ὅμως

326 2974 454 3035 τοὺς
501 2971 722 3034 λοιποὺς
761 2965 822 3023 οὗ
856 2969 1074 3032 κωλύει,
1107 2969 1370 3039 νομίμους
1421 2969 1567 3037 ἔχειν
1615 2969 1905 3034 γυναῖκας,

1989 1887 2182 1926 nemur
2211 1874 2278 1924 ab
2309 1875 2424 1942 ipsa
2465 1875 2722 1944 religione
2763 1891 2830 1930 ne
2865 1879 2946 1932 vel
2987 1889 3288 1935 conventus
3329 1882 3588 1936 nocturni

2001 1962 2379 2031 imagunculae
2428 1966 2832 2022 admittamus?
2870 1969 3082 2022 Etenim
3115 1971 3182 2032 si,
3209 1978 3268 2022 ut
3297 1970 3588 2024 dicitPau-

1994 2055 2099 2118 lus,
2140 2053 2468 2110 llonorabile
2513 2057 2846 2111 connubium
2883 2069 2933 2112 et
2963 2059 3154 2116 thorus
3179 2060 3583 2124 immaculatus,

2002 2157 2182 2200 tamen
2215 2147 2364 2201 addit
2395 2167 2408 2202 :
2441 2167 2457 2199 ι
2487 2148 3054 2202 Fornicatoresantem
3074 2159 3128 2204 et
3151 2151 3591 2220 adulterosjudi-

1998 2237 2143 2292 cahit
2171 2237 2356 2292 Deus“.
2387 2258 2404 2290 ι
2433 2239 2796 2304 Quamobrem
2823 2240 2987 2292 simul
3019 2241 3103 2294 his
3129 2241 3314 2312 verbis
3339 2243 3587 2296 innuitur

2005 2345 2113 2384 non
2151 2343 2273 2384 esse
2315 2330 2690 2386 loruicandum
2727 2345 2824 2386 nec
2850 2331 3286 2396 adulterandum,
3313 2344 3366 2386 et
3391 2334 3584 2387 iterum

2001 2435 2106 2474 non
2131 2420 2412 2491 cogitanda
2439 2437 2558 2475 esse
2581 2431 2828 2490 stuprum
2855 2433 2947 2475 aut
2965 2423 3268 2478 lasciviam.
3288 2423 3584 2478 Dicitenim

2003 2513 2203 2568 David:
2238 2531 2254 2564 ι
2279 2511 2340 2566 in
2373 2513 2752 2582 iniquitatibus
2769 2526 3064 2582 conceptus
3092 2531 3234 2578 sunt,
3255 2517 3378 2570 etin
3401 2513 3594 2583 pecca‘

2002 2607 2070 2658 tis
2101 2605 2350 2671 conci-pit
2379 2621 2462 2660 me
2491 2617 2664 2660 mater
2688 2621 2804 2660 mea
2826 2606 2870 2660 ⁸.
2896 2625 2913 2656 ι
2942 2605 3068 2660 Ideo
3085 2607 3152 2661 de
3175 2609 3328 2662 venia
3355 2609 3588 2676 quadam

2015 2704 2099 2749 est
2119 2697 2474 2758 connubium,
2494 2697 2546 2750 in
2570 2697 2798 2766 gratiam
2825 2697 3000 2751 solum
3027 2698 3242 2766 generis
3265 2699 3518 2753 servandi
3538 2707 3594 2750 et

2006 2787 2364 2840 creandorum
2423 2788 2740 2850 liberorum,
2773 2803 2886 2842 non
2939 2803 3064 2842 vero
3087 2803 3154 2842 ex
3190 2789 3468 2842 voluntate
3501 2788 3592 2840 Dei

2008 2879 2385 2934 antecedente.
2445 2881 2660 2950 Eligens
2710 2879 2856 2934 enim
2925 2881 3127 2934 Pault'ts
3192 2891 3337 2935 caste
3371 2881 3594 2942 vivere.
3627 2867 3640 2876 ’

2010 2973 2145 3028 alios
2171 2988 2277 3028 non
2307 2974 2587 3043 prohibuit
2613 2973 2742 3044 quin
2775 2973 3046 3028 traherent
3077 2975 3346 3042 legitimas
3375 2987 3592 3034 uxores,

330 3070 418 3123 ἵνα
472 3067 546 3138 μὴ
587 3065 943 3136 πορνεύοντες
993 3062 1404 3134 ἁμαρτάνωσιν,
1463 3059 1660 3127 λέγων,
1693 3075 1712 3109 ι
1758 3059 1904 3112 Θέλω

2018 3082 2082 3120 ne
2109 3065 2160 3117 in
2191 3064 2610 3119 fornicationem
2657 3065 2962 3120 incidentes
2997 3073 3312 3135 peccarent,
3361 3065 3593 3118 dir-ens:

332 3161 542 3221 πάντας
595 3152 737 3212 εἶναι
767 3157 843 3219 ὡς
893 3155 1068 3222 κάγὼ,
1103 3173 1120 3205 ι
1157 3157 1405 3206 τουτέστι
1441 3151 1793 3223 παρθενεύειν
1820 3152 1915 3203 καὶ

336 3254 655 3324 σωφρονεῖν.
683 3271 700 3304 ι
731 3250 830 3304 Διὰ
851 3250 907 3306 δὲ
929 3250 1026 3312 τὰς
1047 3247 1302 3319 πορνείας
1343 3249 1573 3310 ἕκαστος
1598 3247 1696 3316 τὴν
1721 3243 1916 3298 ἑαυτοῦ

333 3350 566 3416 γυναῖκα
588 3345 778 3416 ἐχέτω.
809 3363 828 3397 ι
865 3343 1028 3414 Ὁρᾷς
1059 3340 1170 3396 οἷον
1187 3341 1248 3394 τὸ
1269 3341 1428 3412 ἔργον
1449 3338 1542 3393 τοῦ
1565 3340 1776 3392 Παύλου
1795 3353 1813 3402 ',
1837 3338 1918 3390 ὅτι.

339 3439 636 3506 ἁγιωσύνη.
669 3437 768 3490 Διὰ
818 3434 872 3488 δὲ
923 3437 984 3488 τὸ
1041 3435 1118 3505 μὴ
1176 3432 1486 3503 πορνεύειν,
1540 3429 1916 3500 συγκαταϐαί-

339 3548 446 3583 νων
491 3531 644 3599 φησί.
675 3531 782 3583 Καὶ
830 3527 990 3582 πάλιν
1024 3527 1272 3588 εὐλαϐεῖς
1306 3527 1476 3578 ποιῶν
1525 3524 1651 3585 τοὺς
1693 3523 1919 3585 πιστοὺς

338 3624 508 3690 λέγει,
547 3639 565 3673 ι
606 3622 679 3674 T6
723 3620 907 3674 λοιπὸν
962 3622 990 3672 6
1038 3618 1227 3686 καιρὸς
1279 3615 1709 3686 συνεσταλμένος
1743 3614 1918 3676 ἔστιν,

339 3717 432 3769 ῐνα
465 3716 560 3768 καὶ
612 3717 660 3768 oi
703 3714 920 3784 ἔχοντες
971 3714 1234 3780 γυναῖκας
1282 3711 1358 3774 ὡς
1411 3711 1487 3781 μὴ
1531 3709 1747 3780 ἔχοντες
1792 3701 1917 3772 ὦσι,

341 3811 439 3864 καὶ
460 3811 509 3862 οἱ
561 3807 832 3878 χρώμενοι
877 3806 955 3877 τῷ
1021 3807 1238 3876 κόσμῳ,
1291 3803 1369 3867 ὡς
1425 3803 1503 3874 μὴ
1559 3801 1924 3870 καταχρώμε-

344 3917 448 3954 νοι.
475 3919 493 3952 ι
522 3900 918 3964 Φυλαξάτωσαν
965 3895 1310 3960 οὖνὲαυτοῦς
1338 3899 1386 3950 οἱ
1443 3894 1733 3964 ίερωμένοι

347 3995 408 4047 ὲν
438 3993 516 4064 τῷ
562 3993 782 4063 μέλλειν
829 3992 1155 4062 ἱερουργεῖν,
1207 3991 1301 4044 καὶ
1333 3989 1472 4060 μετὰ
1495 3988 1592 4058 τὴν
1614 3986 1926 4056 ίερουργίαν

348 4089 470 4142 κατ’
500 4087 668 4156 αὐτὴν
721 4087 819 4154 τὴν
871 4086 1104 4156 ἡμέραν,
1158 4083 1232 4146 ὼς
1278 4081 1605 4154 ἡγιασμένοι
1653 4078 1805 4142 ὄντες
1859 4079 1924 4147 τῇ

349 4180 626 4250 κοινωνίᾳ,
659 4179 740 4232 ὅτι
774 4177 834 4230 οὐ
854 4177 962 4248 ,χρὴ
1004 4175 1280 4230 κοινωνεῖν
1303 4173 1420 4242 Θεῷ
1477 4172 1572 4226 καὶ
1605 4171 1792 4240 σαρκί.
1819 4169 1928 4223 Καὶ¹

351 4273 400 4323 εἰ
434 4271 530 4338 μὲν
556 4269 614 4322 οὐ
647 4267 896 4338 βούλεται
931 4268 1235 4337 ἱερουργεῖν
1255 4264 1314 4316 οὐ
1341 4261 1610 4316 κωλύεται
1631 4275 1646 4290 ο
1683 4259 1730 4311 εί
1763 4257 1806 4310 δ’
1836 4251 1929 4310 οὖν

353 4363 650 4427 κωλύεται,
697 4363 780 4414 ὅτι
827 4362 1004 4412 ἐκεῖνο
1046 4359 1144 4430 μὲν
1187 4356 1390 4427 σαρκὸς
1433 4354 1713 4408 κοινωνία.
1777 4349 1930 4403 Ἐπεὶ

2023 3176 2041 3208 ι
2061 3155 2193 3210 Volo
2227 3172 2418 3210 omnes
2445 3169 2567 3212 esse
2590 3157 2725 3212 sicut
2757 3168 2926 3228 etego
2955 3158 3122 3220 sum,"
3149 3176 3167 3210 ι
3210 3157 3310 3211 hoc
3331 3167 3413 3211 est
3436 3156 3602 3224 virgi-

2019 3263 2115 3302 nes
2142 3257 2196 3302 et
2238 3259 2437 3302 castos.
2487 3248 2592 3302 Sed
2627 3267 2644 3299 ι
2675 3259 2895 3318 propter
2945 3249 3388 3314 fornicationem,
3426 3248 3599 3313 addit,

2036 3344 2382 3411 unusquiqne
2413 3357 2566 3397 suam
2595 3356 2822 3396 uxorem
2856 3343 3072 3396 haheat.
3101 3345 3122 3376 ⁸
3153 3361 3172 3394 ι
3211 3340 3444 3396 Videsne
3463 3358 3602 3412 qua-

2025 3433 2130 3486 lem
2199 3433 2606 3502 occupationem
2661 3434 2856 3488 habeat
2913 3435 3148 3488 Paulus!
3209 3433 3605 3489 Smctiﬁcatio-

2027 3541 2171 3580 nem.
2207 3522 2278 3578 Ut
2307 3541 2410 3578 non
2447 3525 2844 3578 fornicareutur
2875 3541 2968 3592 per
2999 3525 3387 3595 indulgentiam
3417 3527 3604 3596 loque-

2031 3619 2215 3673 batur.
2259 3617 2364 3671 Sed
2411 3618 2624 3670 interim
2663 3618 2954 3685 prudentes
2979 3627 3032 3672 et
3061 3620 3178 3686 pius
3209 3621 3393 3673 volens
3425 3620 3605 3676 facere

2030 3711 2317 3764 credentes
2337 3709 2446 3764 ait:
2478 3709 2796 3778 «Reliquum
2829 3719 2912 3764 est
2942 3719 3016 3772 ut,
3041 3719 3284 3779 tempore
3315 3711 3607 3766 abbrevia-

2026 3811 2120 3866 to,
2175 3801 2269 3870 qui
2324 3801 2526 3855 habent
2576 3817 2776 3856 uxores
2861 3799 3118 3870 tauquam
3179 3819 3284 3856 non
3344 3803 3605 3857 habentes

2029 3893 2178 3948 sint.
2208 3932 2222 3946 .
2247 3930 2291 3946 ..
2321 3903 2374 3947 et
2413 3893 2502 3962 qui
2538 3901 2764 3946 utuntur
2811 3891 2913 3946 hoc
2937 3894 3142 3947 mundo
3187 3902 3444 3963 tanquam
3495 3910 3606 3947 non

2032 3988 2304 4046 utantur-ﬂ
2345 4007 2366 4038 ι
2413 3986 2740 4041 Custodiam
2790 4001 2920 4057 ergo
2979 3987 3188 4054 seipsos
3241 3987 3610 4043 sacriﬁcaturi

2031 4088 2289 4148 tanquam
2321 4087 2580 4150 perpetuo
2609 4079 2980 4134 desiderantes
3014 4079 3210 4134 olferre
3236 4089 3290 4136 et
3333 4082 3491 4135 modo
3521 4096 3614 4136 ce-

2044 4169 2304 4225 lebraturi
2339 4185 2355 4236 ;
2386 4178 2440 4226 et
2485 4169 2678 4222 deinde
2723 4179 2844 4239 post
2887 4155 3302 4225 celebrationem
3328 4187 3421 4238 per
3442 4181 3608 4227 totam

2035 4263 2175 4314 hanc
2237 4259 2382 4314 diem
2429 4259 2752 4314 sanetilieati
2817 4261 3254 4326 communione;
3307 4276 3415 4314 non
3465 4265 3611 4315 enim

2033 4363 2249 4424 Oportet
2301 4353 2708 4409 communicare
2734 4354 2842 4409 Deo
2899 4363 2954 4408 et.
3001 4359 3175 4410 carni.
3223 4356 3276 4409 Si
3333 4371 3460 4410 vero
3519 4371 3614 4410 no-

352 4456 596 4520 ἕσονται,
634 4455 818 4524 φησὶν,
849 4453 894 4503 οί
925 4450 1018 4504 δύο
1049 4428 1130 4512 εἰς
1159 4447 1340 4516 σάρκα
1365 4446 1515 4517 μίαν.
1555 4445 1614 4499 '0
1643 4443 1700 4497 δὲ
1733 4441 1904 4495 κολλώ

2041 4447 2199 4500 luerit
2228 4444 2429 4500 oﬂ'erre
2458 4459 2564 4498 non
2603 4445 2941 4512 prohibetur,
2975 4445 3117 4500 bene
3147 4457 3327 4503 autem
3357 4449 3614 4518 prohibe-

357 4563 518 4616 μενος
550 4545 628 4614 τῷ
659 4544 870 4612 Κυρίῳ,
907 4541 966 4594 ἓν
999 4539 1224 4608 Πνεῦμα
1255 4540 1391 4591 ἐστι.
1440 4537 1550 4589 Καὶ
1578 4535 1663 4597 τίς
1707 4532 1932 4602 συμφώ-

355 4652 512 4703 νησις
541 4633 661 4704 Θεῷ
705 4633 798 4686 καὶ
829 4631 992 4701 σαρκί
1028 4647 1043 4696 ;
1070 4629 1162 4682 Διὺ
1211 4630 1306 4681 καὶ
1341 4624 1549 4687 Παῠλός
1581 4641 1712 4692 φησι
1745 4622 1932 4683 πάλιν,

361 4747 382 4780 ι
415 4728 506 4796 Μὴ
532 4727 884 4793 ἀποστερεῖτε
917 4715 1197 4793 ἀλλήλους,
1223 4721 1272 4772 εί
1297 4720 1368 4790 μή
1395 4737 1446 4771 τι
1476 4719 1583 4788 ἄρα
1609 4721 1670 4770 ὲκ
1703 4717 1932 4786 συμφώ-

359 4836 472 4872 νου.
505 4819 714 4882 »Διατίς
743 4816 860 4868 Ἵνα
885 4813 1236 4884 συνέρχησθε,
1262 4811 1445 4880 φησιν,
1477 4811 1531 4861 ὲν
1553 4809 1672 4870 ταῖς
1695 4824 1932 4878 προσευ-

359 4915 504 4983 χαῖς.
537 4911 686 4980 Ἅμα
715 4909 806 4962 οὖν
847 4911 942 4962 καὶ
986 4909 1154 4977 ἄμφω
1180 4905 1442 4968 διδάσκει,
1471 4903 1564 4955 καλ⁸
1595 4902 1655 4954 τὸ
1680 4901 1754 4972 μὴ
1800 4903 1935 4954 ἁπο-

364 5005 579 5072 στερεῖν
617 5001 884 5071 ἀλλήλους
917 5000 1004 5052 διὰ
1029 5003 1128 5061 τὰς
1170 4995 1452 5064 πορνείας,
1494 4997 1586 5048 καὶ
1630 4993 1689 5046 τὸ
1737 4993 1938 5062 ἐγκρα-

363 5095 621 5148 τεὺεσοαι
657 5097 722 5146 ἐκ
763 5093 1055 5161 συμφώνου
1085 5091 1172 5144 διὰ
1209 5089 1306 5151 τὰς
1339 5088 1666 5158 προσευχὰς,
1707 5083 1940 5156 βεῦαιῶν

365 5187 468 5241 καὶ
512 5181 666 5248 οὗτος
696 5185 757 5238 τὸ
805 5185 970 5254 ῥηθὲν
1013 5181 1114 5234 ὑπὸ
1157 5179 1248 5234 τοῦ
1299 5179 1457 5244 Θεοῦ,
1513 5181 1568 5231 ὲν
1604 5177 1681 5248 τῷ
1724 5177 1941 5246 μέλλειν

367 5277 694 5348 ἀνέρχεσθαι
718 5276 916 5336 αὐτοὺς
941 5273 1074 5344 πρὸς
1103 5272 1162 5325 τὸ
1185 5272 1332 5342 ὅρος,
1363 5289 1382 5323 ι
1423 5271 1586 5340 Τρεῖς
1617 5269 1827 5339 ἡμέρας
1865 5267 1942 5336 μὴ

285 5375 288 5378 ’
381 5369 720 5438 προσέλθητε
739 5365 979 5434 γυναικί.
1011 5384 1028 5416 ι
1061 5365 1120 5416 El
1151 5359 1246 5416 οὖν
1267 5364 1450 5428 ἁπλῶς
1481 5365 1538 5416 ὲν
1561 5363 1638 5430 τῷ
1665 5361 1942 5430 θεωρῆσαι

379 5457 517 5512 Θεοῦ
550 5461 646 5532 τὴν
692 5457 872 5524 δόξαν,
918 5458 1010 5510 καὶ
1065 5458 1123 5510 ὲν
1164 5453 1245 5524 τῷ
1297 5453 1696 5524 προσεύξασθαι
1748 5456 1947 5519 ἐγκρα-

454 5665 498 5696 “
531 5664 700 5722 lCor.
731 5681 832 5730 tx,.
859 5663 950 5718 25.

385 5750 488 5802 rit,
520 5735 574 5792 ξ’».
675 5737 696 5770 ⁸
755 5737 893 5794 ibid.
936 5733 990 5791 2.
1093 5734 1114 5766 ⁸
1153 5735 1291 5792 Ibid.
1318 5735 1407 5792 29.

2039 4550 2127 4594 ιιιι·
2175 4539 2221 4592 si
2256 4538 2504 4594 voluerit.
2537 4536 2674 4616 Nam
2700 4539 2803 4592 hoc
2836 4545 2918 4592 est
2940 4539 3122 4593 carnis
3165 4541 3611 4606 communicatio.

2039 4631 2336 4684 secundum
2363 4627 2495 4684 illud
2522 4645 2535 4682 :
2567 4646 2588 4679 ι
2633 4628 2804 4684 Erunt
2848 4629 2957 4682 duo
2988 4630 3040 4682 in
3073 4645 3234 4684 carne
3259 4648 3390 4696 una,
3451 4651 3470 4684 ι
3501 4633 3606 4698 Qui

2041 4731 2219 4776 autem
2254 4723 2492 4777 adhrcret
2517 4721 2765 4784 Domino,
2796 4735 2938 4774 unus
2959 4719 3194 4786 Spiritus
3223 4735 3305 4776 εει
3329 4721 3392 4773 ¹⁰.
3423 4740 3441 4773 ι
3481 4723 3611 4788 Quae

2043 4817 2190 4868 enim
2226 4815 2514 4868 conventio
2547 4812 2656 4866 Deo
2697 4823 2753 4865 et
2784 4811 2976 4866 carni?
3008 4812 3188 4876 Quare
3233 4813 3427 4866 iterum
3471 4813 3615 4868 Pau-

2047 4906 2130 4960 lus
2162 4906 2294 4959 dicit
2329 4922 2343 4956 :
2373 4922 2392 4954 ι
2431 4901 2608 4956 Nolite
2637 4901 2891 4957 fraudare
2940 4903 3312 4968 invicem,uisi
3361 4905 3499 4959 forte
3552 4921 3618 4961 ex
3697 4921 3704 4926 '

2048 5011 2319 5050 consensu
2345 4995 2408 5048 “.
2436 5013 2452 5044 ι
2482 4993 2658 5058 Quare
2678 4994 2894 5050 tandem
2913 4995 2936 5048 ‘l
2955 4993 3394 5060 Utconveniatis,
3420 4997 3618 5065 inquit,

2051 5091 2116 5144 ad
2143 5090 2460 5142 orationem.
2494 5086 2610 5140 Duo
2642 5087 2806 5156 igitur
2831 5088 2993 5142 simul
3031 5089 3120 5144 hic
3157 5090 3314 5144 ducet
3342 5107 3358 5144 :
3411 5091 3622 5146 scilicet

2051 5193 2108 5236 ut
2143 5197 2241 5236 usu
2267 5178 2590 5234 defraudem
2635 5195 2696 5234 se
2744 5180 2972 5235 invicem
3021 5191 3244 5252 propter
3294 5181 3619 5238 fornicatio-

2053 5289 2194 5335 nem,
2225 5279 2278 5326 et
2317 5271 2544 5325 alterum
2580 5280 2635 5324 ιιι
2675 5271 2985 5326 abstineant
3041 5275 3104 5328 ex
3174 5289 3443 5329 consensu
3495 5290 3622 5346 pro-

2051 5375 2168 5434 pter
2196 5363 2496 5418 orationem
2533 5380 2546 5416 :
2576 5363 2904 5418 confirmans
2934 5363 3046 5434 ipse
3069 5365 3209 5436 quod
3237 5367 3375 5422 Deus
3407 5367 3622 5424 dixerat

2056 5457 2318 5512 lsraelitis
2347 5473 2469 5510 cum
2505 5457 2668 5512 modo
2693 5456 2969 5512 accessuri
2994 5468 3148 5513 erant
3180 5461 3246 5515 ad
3271 5472 3510 5515 montem
3543 5478 3557 5516 :
3592 5477 3614 5514 ι

1031 5663 1122 5696 ¹³·³
1153 5662 1322 5719 Exod.
1346 5679 1456 5718 τις.
1479 5665 1561 5724 l5.
1585 5663 1672 5734 i6.
1699 5662 1784 5718 l8.
1862 5663 1880 5692 ‘

2018 5678 2082 5732 τι.
2119 5679 2232 5726 xiii,
2261 5662 2383 5734 4-6.
2428 5662 2478 5734 ,⁸
2509 5662 2674 5719 ilebr.
2708 5677 2826 5727 xui,
2853 5663 2908 5720 4.
2985 5661 3152 5721 'Psal.
3185 5681 3237 5734 ι,
3270 5665 3324 5721 7.
3399 5669 3416 5700 τ
3445 5663 3466 5720 l
3496 5668 3623 5726 Cor.

1509 5733 1550 5766 ιο
1577 5733 1596 5788 ι
1626 5737 1750 5792 Cor.
1779 5751 1852 5802 νι,
1897 5733 1981 5801 ιδ,
2048 5735 2128 5789 l7.

2227 5735 2268 5767 "
2329 5731 2350 5787 ι
2405 5731 2535 5791 Cor.
2581 5749 2676 5802 vn,
2729 5735 2782 5792 5.
