4064 6204
551 213 654 280 8ῗ1
1392 213 1548 273 SYM
1560 211 1787 274 EON-IS
1821 211 2112 272 THESSA

2216 213 2578 276 tNICENSIS
2620 212 2966 274 ARCHIEP
3638 222 3728 286 872

548 327 806 380 idoneum
842 323 948 378 illis
978 323 1070 391 qui
1123 323 1351 393 propius
1389 325 1656 378 accedunt
1688 325 1755 378 ad
1789 324 2109 396 dignitatem

2217 324 2308 377 λον
2341 328 2405 396 τῇ
2439 324 2567 395 ἀξία
2597 325 2673 393 τῷ
2704 324 2770 378 δι’
2806 325 2952 394 ἡμᾶς
2987 309 3371 392 σταυρωθέντι,
3399 324 3484 378 καὶ
3514 328 3567 379 τὸ
3591 331 3733 402 ὲηρ.

544 410 781 479 ejusqni
819 425 916 480 pro
943 411 1100 465 nobis
1135 412 1186 465 in
1238 428 1400 467 Crttcc
1456 428 1652 481 passus
1711 419 1834 472 cst:
1880 421 1934 466 et
1981 413 2113 466 illud

542 503 862 557 excelsioris
889 515 970 558 est
989 505 1217 559 ordinis.
1259 504 1312 558 Si
1373 504 1540 574 igitur
1566 504 1858 574 episcortis,
1903 506 2116 559 archie-

550 597 792 666 piscopis
823 605 876 650 ct
910 597 1236 666 patriarchis
1283 613 1389 650 una
1425 606 1509 652 est
1541 589 1784 665 potestas
1837 607 1891 652 et
1946 599 2117 652 virtus

543 690 592 744 vi
643 689 1029 754 ordinationis,
1071 699 1120 742 at
1197 691 1409 744 diversa
1457 691 1796 762 singulorum
1840 701 1923 745 est
1978 692 2114 744 ratio

545 781 769 850 gradus,
799 791 852 836 et
880 781 1206 845 hieran-cluat,
1239 791 1291 836 et
1321 782 1486 846 sedis,
1517 792 1570 835 et
1592 799 1735 837 curre
1761 792 1815 837 et
1859 780 2111 847 honoris,

541 876 684 929 sicut
710 886 763 928 ct
793 875 844 928 in
897 876 1105 944 angelis
1143 877 1428 944 reperitur.
1475 877 1622 931 lntcr
1679 877 1777 932 hos
1832 879 2114 932 ministros

541 968 820 1038 principes
853 970 1131 1031 Ecclesiae,
1168 979 1226 1022 ut
1254 970 1495 1038 loquitur
1546 981 1766 1025 sanctus
1796 971 2110 1040 Dionysius,

543 1069 672 1114 sunt
703 1062 895 1115 ordine
931 1062 1115 1130 primi,
1141 1051 1314 1115 'medii
1347 1072 1399 1116 e-t
1435 1062 1608 1116 ultimi
1646 1064 1737 1132 qui
1770 1063 2111 1133 singulorum

545 1154 796 1207 ordinum
833 1169 993 1206 unam
1029 1155 1170 1208 inter
1191 1169 1250 1207 se
1281 1155 1479 1208 habent
1503 1154 2112 1210 distinctionem.Primi

547 1247 764 1315 quidem
803 1255 929 1300 sunt
962 1247 1282 1315 patriarcha!
1310 1256 1365 1301 et
1396 1247 1725 1302 excelsiores
1754 1247 1895 1302 inter
1933 1250 2110 1301 archi-

541 1338 848 1406 episcopus,
875 1340 967 1407 qui
1011 1337 1310 1391 induuntur
1339 1340 1514 1392 saccis
1548 1337 1764 1408 publice
1812 1345 1867 1392 et
1927 1349 2113 1406 aperte

536 1426 812 1480 Christ-um
863 1443 1088 1496 passum
1117 1427 1421 1491 imitantes,
1452 1429 1544 1498 qui
1573 1443 1668 1496 pro
1699 1428 1857 1483 nobis
1888 1443 2109 1484 saccum

537 1536 632 1590 per
663 1520 957 1574 ludibrium
985 1521 1180 1587 induit,
1213 1531 1267 1576 et
1318 1522 1513 1576 deinde
1547 1521 1600 1576 in
1663 1536 1824 1577 cruce
1879 1538 2109 1576 mortem

535 1611 724 1664 subiit.
749 1612 928 1676 Quare
951 1625 1144 1667 saccus
1173 1612 1362 1680 plenus
1395 1623 1478 1667 est
1507 1613 1783 1668 crucibus.
1805 1611 1963 1668 Medii
1988 1623 2112 1667 sunt

543 1701 944 1771 metropolitani
1019 1718 1231 1763 omnis,
1289 1704 1380 1773 qui
1430 1704 1760 1776 polystauria
1807 1715 2006 1775 gerunt
2059 1715 2112 1762 et

538 1794 783 1848 vestibus
814 1794 1184 1849 testimonium
1217 1795 1497 1851 Crucilixo
1523 1797 1771 1860 reddunt,
1800 1813 1906 1852 non
1931 1808 2110 1854 autem

537 1902 719 1941 sacco.
775 1883 959 1940 Ultimi
1015 1886 1248 1956 denique
1295 1896 1426 1942 sunt
1453 1888 1714 1958 episcopi,
1755 1889 1846 1958 qui
1903 1888 2110 1944 Christi

535 1981 844 2049 p'tSSlOllelll
875 1981 926 2033 in
966 1995 1162 2051 genere
1190 1991 1398 2034 tantum
1431 1996 1526 2050 per
1551 1996 1768 2036 crucem
1804 1982 2110 2047 toleratum,

536 2072 802 2125 humerali
831 2072 1158 2140 signiﬁcant.
1218 2071 1662 2142 Uninscnjusque
1693 2084 1778 2128 est
1820 2083 1879 2126 ut
1931 2081 2114 2128 servet

535 2164 854 2218 indumenta
888 2165 1203 2235 praescripta
1239 2165 1492 2219 ordinis:
1550 2179 1674 2219 nam
1724 2163 1982 2233 superbia
2027 2173 2112 2217 est

535 2255 713 2310 facere
739 2271 861 2325 quae
889 2271 998 2310 non
1026 2257 1439 2327 permittuntur,
1498 2265 1554 2312 et
1614 2271 1902 2313 assumere
1962 2256 2110 2327 quod

534 2365 642 2403 non
671 2349 952 2420 competit.

1061 2544 1385 2613 QliAiSTlO
1437 2545 1558 2600 XX.

535 2655 677 2733 Quid
727 2657 938 2733 denotet
971 2661 1143 2715 mitra:
1174 2664 1405 2733 gestatio
1430 2702 1443 2722 ,
1482 2673 1532 2717 et
1565 2663 1702 2718 unde
1743 2662 2012 2720 Romanus
2059 2679 2108 2722 et

601 2729 995 2804 Alexandrinus
1036 2729 1230 2804 morem
1261 2733 1354 2785 illa
1385 2735 1568 2788 utendi
1615 2738 1908 2804 acceperint
1937 2755 1954 2801 ;
1984 2739 2108 2790 item

603 2816 767 2878 quare
799 2801 975 2878 caueri
1018 2803 1264 2878 episcopi
1320 2819 1534 2858 sacrum
1585 2801 1808 2878 ofﬁcium
1849 2818 2107 2878 peragant

600 2872 771 2938 capite
796 2873 996 2924 delecto
1014 2871 1039 2923 .9
1169 2893 1174 2900 ·
1616 2871 1640 2874 ”
1720 2874 1724 2878 ’

606 2988 821 3043 Mitram
842 2989 899 3044 in
923 2988 1103 3058 capite
1130 2985 1234 3043 fert
1265 2991 1496 3047 antistes
1526 2989 1788 3048 Romanae
1822 2993 2102 3059 Ecclesiae,
2133 3018 2178 3074 ε

531 3079 774 3134 omnium
811 3078 1169 3135 ecclesiarum
1232 3081 1512 3136 vinculum
1571 3083 1817 3149 unitatis,
1857 3084 2002 3140 sicut
2052 3093 2106 3139 et

534 3171 938 3228 Alexandrinus
970 3173 1242 3240 pontifex.
1273 3174 1406 3240 Quis
1433 3184 1617 3232 autem
1641 3177 1748 3232 illis
1780 3177 1832 3232 id
1881 3191 2107 3232 conces-

533 3262 692 3325 serit,
740 3276 845 3316 non
912 3263 1157 3317 invenire
1215 3272 1319 3329 est,
1347 3265 1454 3321 nisi
1511 3266 1724 3322 dicatur
1763 3267 1983 3320 mitram
2051 3268 2104 3322 in

533 3369 694 3408 usom
771 3355 986 3409 venisse
1065 3365 1287 3426 propter
1378 3358 1671 3428 quamdam
1743 3359 2104 3414 imitationem

535 3448 734 3501 smnmi
782 3447 1064 3516 pontiﬁcis
1097 3450 1293 3506 veteris
1351 3450 1508 3521 legis,
1557 3451 1829 3520 siquidem
1887 3460 1941 3506 et
1993 3451 2108 3520 ipse

536 3537 809 3606 quondam
871 3538 1048 3608 capite
1079 3540 1245 3606 gessit
1277 3539 1492 3594 tiaram.
1530 3538 1601 3595 Ut
1632 3526 1849 3610 quidam
1894 3541 2105 3606 dicunt,

537 3629 933 3700 illndaprimo
986 3646 1111 3700 rege
1171 3631 1490 3686 Christiano
1548 3631 1674 3687 divo
1741 3632 2107 3690 Constantino

534 3738 858 3778 concessum
917 3723 1020 3777 fuit
1082 3723 1239 3777 beato
1296 3739 1449 3794 papae
1513 3723 1760 3778 Romano
1819 3725 2104 3789 Silvestro,

533 3817 676 3884 quod
735 3814 956 3886 quidem
1019 3813 1198 3870 Latini
1264 3816 1454 3871 dicunt
1520 3817 1785 3887 scriptum
1845 3816 2014 3872 fuisse
2049 3817 2106 3872 in

534 3909 682 3963 bulla
732 3923 920 3974 aurea,
968 3923 1132 3977 quam
1173 3923 1202 3961 a
1245 3923 1442 3979 magno
1473 3908 1834 3964 Constantino
1885 3919 2110 3964 conten-

533 4000 674 4052 dunt
698 4011 998 4062 exaratam,
1037 4008 1095 4052 ut
1127 4007 1323 4054 sancto
1349 3999 1618 4053 Silvestro
1647 3998 1799 4053 Patri
1838 4000 2108 4073 spirituali

535 4102 756 4145 stemma
791 4091 946 4146 daret
978 4091 1154 4161 regni,
1195 4091 1261 4145 ad
1293 4091 1522 4161 gloriam
1580 4091 1884 4146 addendam
1930 4107 2111 4147 sacer-

534 4183 705 4236 dotio.
736 4181 996 4252 Cyrillum
1053 4181 1483 4237 Alexandrinum
1536 4184 1638 4237 hoc
1691 4185 1890 4252 capitis
1952 4184 2111 4240 indu-

537 4285 782 4328 mentum
813 4274 1121 4330 obtinuisse
1157 4275 1338 4330 ferunt
1371 4290 1401 4329 a
1432 4275 1665 4345 quadam
1701 4277 1928 4346 synodo,
1959 4278 2107 4347 quod

2223 417 2382 486 μένον
2413 418 2512 485 τῆς
2546 418 2776 483 τάξεως.
2830 417 2893 470 Ei
2936 409 3032 469 οὖν
3066 417 3159 468 καὶ
3197 416 3292 484 μία
3338 413 3623 480 ’ἐπισκόποις
3651 426 3734 492 ἀρ-

2219 510 2601 578 χιεπισκὸποις
2621 527 2680 562 τε
2710 509 2801 562 καὶ
2824 511 3190 577 πατριάρχαις
3213 509 3245 577 ἡ
3267 507 3359 575 τῆς
3382 509 3738 584 ἀρχιερωσύνης

2217 601 2475 671 ἐνέργειὰ
2504 618 2563 653 τε
2598 601 2691 654 καὶ
2729 596 2978 669 δύναμις,
3011 599 3146 654 ἀλλὰ
3175 597 3268 651 καὶ
3296 599 3513 668 διαφορά
3538 604 3636 654 ἐστι
3656 603 3738 673 τῆς

2217 693 2424 757 τάξεώς
2451 710 2509 745 τε
2537 694 2633 744 καὶ
2660 691 2755 744 τοῦ
2790 692 3004 761 θρόνου,
3043 691 3124 746 ἔτι
3149 710 3206 744 τε
3235 693 3328 761 τῆς
3355 693 3512 762 ἀρχῆς
3549 697 3632 747 καὶ
3662 693 3740 747 τοῦ

2217 784 2382 852 ἔργου
2405 783 2498 834 καὶ
2522 785 2617 851 τῆς
2640 782 2900 851 προνοίας
2921 784 3014 834 καὶ
3038 778 3318 851 φροντίδος
3336 782 3430 848 τῆς
3451 781 3535 836 ὑπ’
3557 783 3738 848 αὐτοὺς,

2215 873 2290 938 ὡς
2326 875 2421 926 καὶ
2467 875 2522 925 ἐν
2571 872 2825 940 ἀγγέλοις
2877 873 3016 927 ἐστί.
3054 873 3272 943 Πρῶτοι
3303 874 3404 940 γὰρ
3449 875 3536 925 καὶ
3574 875 3624 926 ἑν
3646 877 3745 937 ταῖς

2216 964 2462 1034 πρώταις
2515 963 2696 1017 αὐτῶν
2744 962 2965 1027 τάξεσίν
2999 965 3159 1026 εἰσιν,
3209 962 3283 1026 ὥς
3330 979 3454 1032 φησι
3486 963 3742 1026 Διονύσιος,

2215 1060 2311 1111 καὶ
2339 1059 2514 1127 μέσοι,
2543 1059 2639 1110 καὶ
2671 1057 2988 1117 τελευταῖοι,
3021 1056 3268 1124 καίτοιγε
3316 1057 3436 1123 μιᾶς
3464 1053 3612 1122 οὔσης
3641 1056 3745 1108 ἑκά-

2219 1150 2348 1217 στης
2379 1146 2602 1212 τάξεως.
2640 1146 2811 1201 Τοῦτο
2840 1144 2936 1216 οὖν
2977 1146 3072 1199 καὶ
3115 1148 3173 1199 ὲν
3217 1147 3283 1216 τῇ
3328 1142 3604 1215 Ἐκκλησία
3630 1147 3742 1209 ἐστὶ,

2214 1240 2285 1292 τὰ
2312 1240 2539 1309 οὐράνια
2574 1239 2915 1312 μιμουμένη,
2957 1235 3159 1308 μᾶλλον
3190 1237 3246 1290 δὲ
3282 1236 3355 1297 ὡς
3396 1239 3630 1308 ἡνωμένη
3654 1239 3746 1298 τοῖς

2214 1332 2509 1400 οὐρανίοις.
2563 1331 2669 1384 Καὶ
2718 1330 2928 1402 πρῶτοι
2959 1331 3058 1401 μὲν
3104 1332 3153 1382 oi
3204 1329 3550 1398 πατριάρχαι,
3589 1329 3668 1381 καὶ
3707 1329 3746 1379 oi

2214 1427 2322 1478 τῶν
2352 1426 2802 1494 ἁρχιεπισκόπων
2833 1424 3123 1494 ἐξαίρετοι,
3152 1423 3202 1476 οἳ
3237 1423 3332 1474 καὶ
3365 1421 3616 1474 ἐνδύονται
3637 1419 3750 1472 σάκ-

2217 1534 2365 1582 κους,
2409 1517 2704 1586 προφανῶς
2759 1517 3090 1586 μιμούμενοι
3126 1514 3454 1577 πεπονθότα,
3501 1512 3585 1564 τὸν
3631 1511 3748 1576 ὑπὲρ

2215 1610 2394 1678 ἡμῶν,
2455 1610 2662 1662 σάκκον
2695 1624 2754 1660 τε
2807 1609 3172 1677 ὲνδυσάμενον
3220 1604 3516 1666 παικτικῶς
3559 1603 3646 1655 καὶ
3679 1601 3753 1653 διὰ

2219 1700 2452 1768 σταυροῦ
2505 1698 2736 1754 θάνατον
2783 1701 3095 1767 ἐνεγκόντα.
3131 1697 3222 1751 Διὸ
3253 1699 3347 1750 καὶ
3392 1698 3495 1757 πᾶς
3526 1697 3551 1746 ὀ
3582 1695 3755 1755 σάκκος

2217 1794 2434 1864 πλήρης
2483 1794 2757 1863 σταυρῶν.
2808 1793 2982 1848 Μέσοι
3015 1792 3071 1846 δὲ
3125 1790 3512 1862 μητροπολῖται
3561 1789 3754 1850 πάντες,

2214 1887 2262 1940 οἳ
2295 1888 2362 1940 τὰ
2417 1886 2794 1956 πολυσταύρια
2847 1884 3290 1949 ὲνδιδύσκονταῑ,
3341 1871 3522 1935 τοῦτον
3581 1895 3757 1948 μσρτυ·

2218 1979 2436 2048 ροῦντες
2471 1978 2894 2051 ἐσταυρωμένον
2927 1981 3038 2040 τοῖς
3071 1975 3392 2044 φαινολίοις,
3431 1974 3522 2027 καὶ
3549 1973 3605 2027 ού
3641 1971 3760 2041 μετὰ

2214 2073 2444 2126 σάκκου.
2482 2071 2794 2124 Τελευταῖοι
2823 2071 2880 2124 δὲ
2904 2072 2951 2123 οἱ
2985 2070 3298 2130 ἐπίσκοποι,
3327 2068 3414 2120 διὰ
3457 2065 3544 2119 τοῦ
3572 2065 3759 2133 ὠμοφο-

2219 2165 2359 2234 ρίου,
2392 2165 2486 2218 καὶ
2524 2164 2684 2235 μόνον
2717 2163 2778 2216 τὸ
2815 2162 2988 2225 πάθος
3033 2160 3271 2232 Χριστοῦ
3321 2160 3379 2213 τὸ
3424 2159 3506 2213 διὰ
3552 2155 3756 2226 σταυροῦ

2217 2258 2602 2328 φανεροῦντες.
2626 2257 3064 2328 θεθἜκαστος
3093 2250 3188 2308 οῦν
3212 2255 3325 2324 χρὴ
3351 2255 3526 2323 τηρεῖν
3541 2251 3686 2304 αὐτοῦ
3703 2248 3760 2302 τὰ

2213 2351 2313 2422 τῆς
2343 2349 2568 2415 τάξεως.
2610 2349 3019 2420 ’Υπερηφανῗας
3041 2349 3149 2418 γὰρ
3179 2347 3240 2400 τὸ
3265 2349 3420 2410 παρᾶ
3443 2347 3506 2399 τὰ
3539 2343 3760 2412 δεδομένα

2213 2445 2410 2510 ποιεῖν,
2443 2443 2539 2495 καὶ
2568 2441 2870 2511 λαμϐάνειν
2903 2441 3040 2509 ὅπερ
3079 2439 3178 2492 οὐκ
3208 2437 3442 2504 ἔξεστιν.

2774 2554 3002 2607 ΕΡΩἸῊ
3014 2553 3114 2606 ΣΙΣ
3153 2554 3236 2607 K'.

2219 2670 2278 2723 Τί
2323 2668 2519 2741 δηλοῖς
2539 2669 2606 2722 τὸ
2630 2666 2847 2741 μίτραν
2866 2667 3094 2741 φορεῖν.
3114 2665 3242 2741 ’Καὶ
3269 2666 3460 2741 σςᾴθεγ
3496 2668 3528 2718 ό
3567 2663 3761 2741 Ῥώμῃ(

2283 2740 2445 2813 καὶ-ό
2479 2735 2970 2813 ’Ἀλεξανδρείας
3021 2735 3507 2813 ταύτῃν-ἕλαὸοζ
3565 2735 3760 2813 φορεῖν.

2285 2811 2396 2863 Kal
2421 2808 2546 2873 πῶς
2578 2811 2630 2861 οί
2676 2805 2878 2861 λοιποί
2917 2805 3211 2875 ἀρχιερεῖς
3242 2806 3537 2869 ἁσκεπεῖς
3567 2805 3632 2872 τῇ
3684 2816 3762 2855 κε·

2283 2879 2450 2949 φαλῇ
2478 2877 2939 2946 λειτουργοῦσιν
2969 2889 2989 2940 ;

2293 2993 2351 3046 '0
2392 2991 2616 3062 Ῥώμης
2664 2989 2764 3060 τὴν
2802 2989 3000 3060 μίτραν
3033 2989 3126 3042 καὶ
3174 2989 3470 3060 ήνωμένης
3524 2987 3616 3056 τῆς
3659 2985 3766 3038 Ἐκ·

2210 3085 2442 3156 κλησίας
2471 3082 2658 3152 οὔσης,
2685 3082 2778 3136 ἐπὶ
2812 3079 3053 3148 κεφαλῆς
3097 3079 3318 3150 ἔφερεν,
3363 3081 3441 3144 ὡς
3466 3080 3556 3132 καὶ
3581 3082 3607 3132 ὁ
3636 3077 3763 3131 Ἀλε-

2211 3179 2515 3249 ξανδρείας.
2568 3176 2663 3238 Τίς
2699 3175 2756 3227 δὲ
2797 3174 2825 3226 ὁ
2851 3173 2976 3234 δοὺς
3004 3172 3212 3237 ἄδειαν,
3252 3174 3356 3227 οὐκ
3411 3173 3553 3226 ἔστιν
3586 3170 3760 3235 εὑρεῖν,

2209 3271 2258 3322 εἱ
2291 3269 2365 3340 μὴ
2397 3267 2504 3322 ἀπό
2535 3284 2593 3335 γε
2629 3265 2723 3320 τοῦ
2779 3265 3011 3318 παλαιοῦ
3048 3266 3357 3336 ἀρχιερέως
3400 3263 3555 3318 τοῦτο
3582 3259 3760 3332 ἐλήφθη

2210 3361 2352 3415 κατὰ
2375 3376 2493 3413 τινα
2537 3359 2794 3430 μίμησιν,
2823 3359 2948 3410 ἐπεὶ
2989 3358 3246 3420 κάκεῖνος
3279 3357 3499 3428 κίδαριν
3528 3351 3664 3424 εἶχεν
3689 3351 3766 3404 ἐπὶ

2209 3455 2306 3523 τῆς
2337 3451 2599 3520 κεφαλῆς.
2629 3450 2785 3512 Τινὶς
2837 3449 2895 3503 δέ
2929 3465 3094 3516 φασιν
3143 3449 3218 3512 ὡς
3257 3449 3412 3519 παρὰ
3451 3448 3544 3500 τοῦ
3577 3442 3765 3514 πρώτου

2211 3545 2270 3597 ὲν
2301 3541 2582 3612 βασιλεῦσι
2627 3541 2954 3612 Χριστιανοῦ
2998 3539 3093 3594 τοῦ
3130 3539 3415 3594 θειοτάτου
3453 3532 3768 3591 Κωνσταντὲ·

2211 3651 2302 3688 νου
2331 3633 2488 3687 τοῦτο
2512 3632 2667 3703 ἐδόθη
2697 3632 2773 3702 τῷ
2798 3634 3055 3703 μακαρίῳ
3090 3634 3258 3704 Πάπᾳ
3292 3633 3374 3702 τῷ
3423 3631 3632 3699 Ῥώμης
3661 3624 3767 3678 Σιλ·

2211 3726 2442 3797 ϐἑστρῳ.
2479 3727 2590 3780 Καὶ
2636 3727 2694 3778 ὲν
2726 3724 2804 3794 τῷ
2836 3724 3216 3795 χρυσοϐοὐλ).ῳ
3245 3726 3304 3778 δὲ
3351 3725 3380 3778 ὃ
3407 3724 3622 3778 Λατῖνοι
3652 3732 3771 3786 προ-

2213 3818 2460 3889 φέρουσι,
2507 3817 2603 3872 τοῦ
2635 3817 2872 3889 μεγάλου
2904 3819 3154 3885 λέγοντες
3188 3814 3337 3871 εἶναι
3363 3813 3768 3871 Κωνσταντῐνονι,

2211 3907 2368 3963 τοῦτο
2399 3909 2730 3980 γέγραπται,
2783 3907 2859 3970 ὡς
2890 3907 2951 3960 τὸ
2976 3907 3195 3978 στέμμα
3225 3908 3329 3978 τῆς
3365 3905 3636 3977 βασιλείας
3682 3916 3774 3952 πα·

2216 4003 2360 4071 ρεῖχε
2393 4002 2472 4070 τῷ
2519 3999 2648 4070 θείῳ
2683 4000 2994 4070 Σιλϐἐστρῳ
3031 4002 3058 4052 ὁ
3089 4000 3510 4061 Κωνσταντῖνος
3537 3997 3610 4057 ὡς
3634 4009 3774 4045 πνευ-

2216 4095 2430 4164 ματικῷ
2466 4093 2662 4163 Πατρὶ,
2696 4095 2796 4161 τὴν
2850 4091 3155 4162 ἱερωσύνην
3194 4093 3401 4162 τιμῶν.
3472 4089 3621 4143 Ἐπεὶ
3647 4087 3698 4140 δὲ
3725 4082 3777 4135 ού

2213 4186 2538 4250 κατεδέξατο
2591 4185 2679 4238 διὰ
2707 4185 3038 4238 ταπείνωσιν
3095 4183 3449 4255 Σίλϐεστρος,
3484 4184 3575 4236 τὸν
3627 4179 3779 4244 λῶρσν

2212 4280 2492 4348 ἠνάγκασε
2545 4277 2730 4330 λαϐεῖν
2783 4277 2874 4330 τὸν
2925 4277 3018 4329 ἐπὶ
3049 4277 3148 4344 τῆς
3199 4276 3497 4346 βασιλικῆς
3533 4269 3779 4342 κεφαλῆς-

538 4367 834 4434 postulavit
890 4376 1112 4436 propter
1175 4367 1567 4423 inlirmitatcm.
1599 4368 1702 4421 Alii
1731 4367 1919 4423 dicunt
1973 4370 2105 4424 illud

2216 4368 2482 4436 Κύριλλον
2516 4363 2572 4421 δὲ
2617 4367 2709 4421 τὸν
2761 4369 2936 4438 μέγαν
2991 4366 3095 4436 τῆς
3156 4366 3521 4435 Ἀλεξάνδρου
3567 4362 3670 4416 ἀπὸ
3697 4360 3784 4422 τῆς

542 4456 718 4509 cidem
754 4471 781 4508 a
812 4471 945 4526 papa
971 4471 1314 4520 concessum,
1373 4475 1496 4513 cum
1529 4461 1649 4530 ejus
1706 4460 1824 4517 loco
1876 4460 2113 4530 Cyrillns

540 4545 854 4614 praebuisset
917 4547 1090 4600 tertiae
1168 4549 1397 4616 synodo.
1454 4548 1562 4604 Nos
1628 4566 1756 4605 vero
1819 4552 2110 4605 certiorem

545 4636 850 4694 indicamus
884 4639 1124 4709 priorem
1165 4641 1514 4707 sententiam,
1548 4642 1676 4710 quia
1715 4643 2116 4697 vetustissimo-

543 4745 664 4784 rum
703 4731 906 4785 rituum
964 4730 1036 4785 ibi
1089 4731 1337 4786 videmus
1390 4733 1746 4788 imitationem
1799 4732 1976 4803 quoad
2030 4734 2118 4786 in-

507 4839 511 4843 '
544 4822 806 4878 dumenta
858 4824 1181 4890 sacerdotis,
1207 4836 1260 4880 et
1291 4826 1358 4880 iis
1381 4827 1468 4896 qui
1502 4842 1566 4882 ea
1608 4835 1896 4882 assumunt
1921 4841 2119 4880 munus

548 4919 757 4986 gratim.
799 4915 866 4970 Et
899 4916 944 4972 si
978 4918 1070 4987 qui
1103 4919 1278 4973 nolint
1301 4903 1354 4974 in
1381 4919 1482 4974 hoc
1541 4919 1746 4974 habere
1796 4917 2115 4972 memoriam

546 5009 920 5078 antiquorum,
939 5010 1128 5064 saltem
1149 5010 1351 5064 ibidem
1374 5019 1675 5079 agnoscant
1695 5021 1879 5082 typum
1907 5011 2117 5080 spinea

545 5113 763 5153 coronae
795 5109 851 5154 et
884 5099 1028 5155 sacri
1054 5101 1282 5156 sudatii.
1324 5101 1479 5168 Quod
1503 5111 1685 5155 autem
1728 5115 1916 5156 omnes
1935 5101 2117 5154 rmteri

547 5191 835 5262 pontiﬁces
882 5195 1063 5264 capite
1108 5195 1389 5250 celebrent
1436 5195 1784 5265 discooperto
1853 5201 1907 5248 et
1962 5201 2122 5246 orent

536 5283 827 5357 _similiter,
906 5287 1208 5340 secundum
1291 5286 1393 5340 hoc
1469 5289 1614 5354 quod
1671 5295 1835 5356 caput
1919 5285 2122 5339 habent

545 5372 850 5440 Christum,
890 5376 1032 5430 sicut
1079 5377 1318 5446 loquitur
1367 5377 1584 5432 divinus
1619 5377 1840 5433 Paulus.
1901 5374 1967 5429 Et
2017 5376 2119 5430 hoc

553 5467 725 5537 magis
756 5479 1182 5524 consentaneum
1213 5469 1450 5524 sermoni
1492 5469 1697 5525 divino.

2225 4463 2442 4515 συνόδου
2495 4460 2700 4524 λαϐεῖν,
2755 4462 2814 4513 τὸ
2865 4461 3010 4530 ἔχειν
3058 4459 3152 4512 ἐπὶ
3203 4459 3461 4529 κεφαλῆς
3486 4447 3782 4524 ἐνδυμα,δι’

2221 4551 2508 4604 ἀσθένειαν
2555 4549 2865 4620 ζητήσαντα
2919 4547 3096 4603 τοῦτο.
3123 4548 3348 4619 Ἐτεροι
3380 4549 3443 4601 δέ
3474 4563 3608 4616 φασι
3654 4537 3788 4608 παρὰ

2221 4643 2313 4695 τοῦ
2347 4644 2504 4695 πάπα
2535 4643 2736 4705 λαϐεῖν,
2790 4643 2880 4694 τὸν
2930 4643 3095 4694 τόπον
3125 4641 3294 4695 αὐτοῦ
3354 4641 3453 4693 ἐπὶ
3481 4640 3580 4707 τῆς
3621 4633 3788 4705 τρίτης

2223 4735 2441 4788 συνόδου
2479 4735 2692 4804 ἔχοντα.
2731 4735 2922 4803 Ἡμεῖς
2962 4733 3018 4786 δὲ
3055 4735 3494 4801 ἀναγκαιότερον
3527 4727 3789 4801 ἡγούμεθα

2218 4828 2280 4880 τὸ
2317 4827 2558 4898 πρῶτον,
2588 4828 2662 4887 ὼς
2702 4829 2843 4879 κατὰ
2881 4825 3116 4896 μίμησιν
3143 4825 3251 4878 τῶν
3289 4823 3549 4877 παλαιῶν
3583 4815 3792 4886 ἐνδυμά-

2218 4937 2328 4972 των
2356 4919 2446 4972 τοῦ
2491 4919 2697 4989 ἱερέως,
2751 4919 2843 4970 καὶ
2864 4918 3024 4970 τοῦτο
3057 4916 3242 4969 λαϐεῖν
3265 4919 3402 4978 τοὺς
3435 4919 3536 4984 τῆς
3566 4913 3790 4982 χάριτοξο

2221 5010 2286 5063 Εἱ
2313 5009 2482 5062 δὲκαὶ
2527 5007 2602 5077 μὴ
2636 5009 2777 5060 κατὰ
2811 5007 3045 5076 μίμησιν
3105 5006 3478 5070 “tivam-oti
3524 5005 3622 5055 τὸν
3642 4999 3793 5052 τύπον

2221 5101 2316 5155 τοῦ
2346 5099 2638 5154 ἀκανθὶνου
2670 5099 3021 5169 στεφάνου,ἢ
3055 5096 3149 5151 τοῦ
3202 5096 3353 5166 ἱεροῦ
3399 5094 3703 5164 σουδλρίου.
3741 5087 3797 5138 Οἱ

2227 5193 2484 5256 ἀσκεπῶς
2513 5192 2569 5244 δὲ
2612 5193 3018 5261 ἱερουργοῦντες
3050 5190 3144 5244 καὶ
3195 5189 3640 5261 προσευχόμενοι
3679 5182 3798 5234 πᾶν·

2228 5303 2319 5347 τες
2348 5285 2498 5339 ἄλλοι
2546 5286 2843 5356 ἀρχιερεῖς,
2870 5283 2960 5336 διὰ
2981 5284 3041 5336 τὸ
3065 5285 3154 5336 τὸν
3191 5283 3437 5354 Χριστὸν
3471 5282 3616 5349 ἔχειν
3645 5289 3798 5342 κεφα-

2224 5379 2347 5450 λὴν,
2375 5378 2450 5442 ὡς
2482 5381 2509 5432 ὁ
2541 5377 2822 5439 θεσπέσιος
2858 5393 2989 5446 φησι
3024 5375 3249 5440 Παῦλος.
3285 5376 3355 5428 Ὃ
3388 5374 3455 5443 δὴ
3489 5371 3686 5443 μᾶλλον
3717 5363 3800 5418 καὶ

2229 5488 2298 5524 κα
2312 5471 2370 5524 τὰ
2397 5472 2554 5541 λόγον
2579 5473 2696 5525 ἐστὶ
2729 5471 3019 5542 θειότερον.
