4064 6204
407 230 514 297 8νῦ

1178 242 1181 245 ·
1229 234 1616 299 SYMEUNIS
1660 234 2424 326 TnEsSALONtCENSIs
2465 232 2820 299 ARCHIEP.

3484 313 3494 330 ε
3552 235 3657 299 876

406 354 556 423 Myro
582 362 927 421 acceperunt.
954 350 1018 409 Si
1048 354 1212 423 igitur
1255 371 1318 409 ex
1354 356 1486 425 ipsis
1544 357 1761 427 quidam
1820 356 1981 411 [idern
2014 410 2017 418 ι

2104 358 2163 408 )ὑ
2197 357 2304 425 μὴν
2335 355 2389 407 δὲ
2417 355 2517 424 τήν
2548 355 2859 423 ἁγιωσύνην
2889 352 3008 407 οὐδὲ
3037 353 3133 424 τὴν
3156 356 3312 426 χάριν
3352 353 3446 408 τ)ὖ
3494 352 3662 405 Πνεύ-

408 443 744 511 negaverint,
775 442 977 497 habent
1012 444 1231 512 quidem
1282 460 1501 499 servare
1540 446 1779 515 aliquam
1832 445 1979 501 Scin-

406 531 573 583 tillam
598 531 718 584 vita:
749 531 1185 595 inatnissibilem,
1238 544 1293 588 et
1324 534 1621 604 aliquando
1664 542 1976 604 resurgeut,

406 627 462 676 ut
491 630 677 677 essent
717 623 1060 679 immortales
1088 642 1104 691 ;
1137 626 1228 680 sed
1263 641 1371 681 non
1409 627 1688 681 habebunt
1717 627 1979 682 sanctita-

408 722 514 765 tem
542 720 595 763 et
619 712 846 779 gratiam
882 714 1118 783 Spiritus
1144 717 1318 770 sancti
1354 733 1369 783 ;
1402 727 1458 771 et
1485 732 1609 770 cum
1644 717 1981 772 diemonibus

410 804 731 869 punientur.
770 804 927 859 Sicut
956 807 1099 861 cnim
1145 824 1249 861 una
1306 817 1388 863 est
1419 809 1701 879 generatio
1742 809 1982 864 hominis

410 897 711 951 secundum
777 913 1022 965 carnem,
1087 901 1159 954 ita
1226 916 1334 955 una
1389 916 1610 973 quoque
1679 902 1984 958 secundum

411 984 675 1054 Spiritum
710 989 888 1045 datur.
927 992 1080 1061 lrnpii
1132 993 1278 1048 enim
1334 995 1662 1049 accedentes
1707 995 1774 1048 ad
1821 994 1981 1049 fidem

410 1091 461 1134 et
487 1083 754 1149 baptisma
783 1084 1169 1150 suscipientes,
1194 1087 1340 1139 sicut
1361 1086 1605 1140 omnium
1632 1095 1984 1155 peccatorum

411 1172 670 1226 lotiouem
705 1174 908 1228 habent
940 1175 1089 1229 dono
1125 1174 1218 1230 Dei
1251 1192 1316 1232 ex
1343 1191 1506 1231 sacro
1540 1176 1711 1239 fonte,
1742 1178 1786 1231 si
1828 1178 1989 1245 digne

412 1265 762 1331 contendant,
811 1267 974 1321 etiam
1011 1267 1064 1321 in
1121 1269 1487 1323 sacerdotium
1534 1269 1981 1322 iutroducuutur.

413 1360 518 1422 Qui
555 1372 687 1413 vero
718 1359 979 1414 labuntur
1008 1369 1132 1430 post
1160 1361 1452 1429 baptisma,
1482 1376 1609 1415 eum
1644 1362 1777 1416 illud
1818 1375 1988 1414 unum

414 1453 505 1514 sit,
541 1460 594 1503 et
630 1468 735 1505 una
764 1467 858 1521 per
893 1453 1123 1522 gratiam
1190 1454 1466 1517 remissio,
1498 1462 1552 1507 et
1614 1452 1989 1522 paenitentiam

417 1552 598 1610 agant,
629 1544 961 1612 recipiuntur
994 1543 1236 1611 quidem,
1264 1545 1360 1599 sed
1413 1544 1781 1600 sacerdotium
1830 1558 1991 1597 exer-

418 1648 564 1695 cere,
600 1642 695 1687 aut
721 1635 843 1688 ideo
870 1635 1115 1703 accipere
1143 1649 1250 1689 non
1274 1644 1520 1705 possunt.
1567 1634 1857 1705 Propterea
1900 1633 1990 1702 qui

2086 464 2252 518 ματος
2281 447 2516 510 ἕξουσιν,
2552 444 2688 497 ἀλλὰ
2720 445 2860 514 μετὰ
2896 447 3005 499 τῶν
3037 445 3359 501 ἀποστατῶν
3387 444 3663 512 δαιμόνων

2083 538 2604 608 κατακριθήσονται.
2639 537 2760 590 Ὅτι
2793 535 2981 604 ὥσπερ
3010 538 3106 606 μία
3141 537 3243 606 τῆς
3267 536 3490 605 σαρκὸς,
3520 534 3658 587 οὖτα

2084 631 2176 683 καὶ
2212 631 2591 699 μίαν-γέννησις
2624 631 2681 681 ὲν
2712 629 2989 697 Πνεύματι
3010 629 3239 683 δέδοται.
3272 628 3362 680 Διὸ
3384 629 3432 680 ol
3456 627 3663 695 ταύτην

2088 706 2437 791 μολύναντες,
2462 721 2583 773 οὐδὲ
2616 723 2693 783 είς
2720 720 3017 790 ἱερωσύνην
3045 720 3428 781 ἐπανελθόντες
3462 716 3663 788 προσάρ

2062 829 2293 879 .γονται.
2337 812 2578 874 ’Δσεόείς
2607 812 2663 864 δὲ
2711 811 3103 881 προσελθόντες
3131 814 3194 881 τῇ
3242 810 3449 876 πίστει,
3484 811 3579 862 καί
3608 808 3664 861 τί

2089 902 2371 971 βάπτισμα
2402 902 2678 965 λαϐόντες,
2709 902 2785 964 ὡς
2808 902 3026 956 πάντων
3054 902 3467 972 ἁμαρτημάτων
3499 900 3669 953 51:1).-

2087 995 2343 1061 λαγέντες
2373 995 2583 1063 δωρεὰν
2637 993 2715 1062 τῷ
2746 993 2875 1063 θείῳ
2923 992 3161 1065 λουτρῷ,
3204 994 3253 1046 εί
3284 994 3537 1064 ἁρμόδιοι
3567 1010 3675 1060 φα-

2091 1087 2252 1145 νεῖεν,
2290 1085 2385 1138 καὶ
2437 1086 2516 1147 είς
2568 1084 2873 1154 ἱερωσύνην
2904 1084 3179 1155 ἔρχονται.
3230 1086 3293 1139 οι
3325 1085 3383 1138 δὲ
3415 1084 3675 1147 πεσόντες

2094 1178 2230 1245 μετὰ
2250 1176 2311 1229 τὸ
2345 1176 2652 1245 βάπτισμα,
2689 1177 2809 1229 ἐπεὶ
2844 1176 2901 1229 ἓν
2951 1177 3131 1241 τοῦτο,
3174 1177 3270 1231 καὶ
3320 1178 3418 1246 μία
3459 1178 3492 1247 ἡ
3529 1176 3673 1229 κατὰ

2090 1269 2251 1339 χάριν
2281 1269 2497 1337 ἄφεσις,
2540 1267 2948 1337 μετανοοῦντες,
2982 1268 3228 1339 δέχονται
3281 1269 3402 1339 μὲν,
3441 1267 3675 1339 ίερωσύ-

2091 1375 2191 1428 νην
2213 1358 2272 1412 δὲ
2298 1360 2568 1429 ἐνεργεῖν,
2601 1358 2635 1429 ἢ
2664 1358 2854 1412 λαϐεῖν
2893 1360 2955 1412 ού
2994 1358 3273 1413 δύνανται.
3323 1360 3424 1413 Διὰ
3456 1358 3615 1412 τοῦτο
3646 1359 3676 1411 6

2093 1450 2473 1520 ἀρνησάμενος
2520 1450 2740 1514 δεκτέος
2773 1449 2894 1520 μὲν,
2938 1452 3021 1504 ὅτι
3050 1450 3262 1512 δέδοται
3310 1453 3422 1514 τοῖς
3461 1452 3678 1521 ἀνθρὼ-

2095 1557 2216 1604 ποις
2240 1541 2474 1594 ἐνταῦθα
2512 1542 2796 1609 μετάνοια,
2834 1541 2922 1594 διὰ
2947 1540 3007 1594 τὸ
3034 1542 3135 1611 τῆς
3163 1539 3369 1612 σαρκὸς
3397 1542 3677 1596 εύόλισθόν

2093 1649 2152 1685 τε
2182 1632 2277 1685 καὶ
2297 1633 2546 1694 ἀσθενές.
2578 1632 2684 1685 Καὶ
2705 1632 2791 1685 διὰ
2814 1632 2926 1684 τῶν
2950 1626 3240 1703 ίερατικῶν
3273 1634 3449 1704 εὐχῶν
3477 1634 3678 1687 κατα).-

420 1726 581 1778 tldem
633 1728 851 1795 negavit
903 1743 1023 1781 cum
1093 1729 1165 1784 sit
1221 1728 1593 1799 recipiendus.
1642 1729 1770 1799 quia
1833 1729 1994 1787 datur

2104 1724 2366 1794 λάσσομεν
2420 1722 2610 1777 τοῦτον
2670 1726 2733 1794 τῇ
2794 1725 3055 1795 μετανοίᾳ
3114 1724 3191 1793 τῷ
3251 1725 3390 1795 Θεῷ,
3461 1728 3556 1780 καὶ
3610 1726 3679 1794 ἢν

414 1817 736 1874 hominibus
767 1819 855 1874 hic
881 1820 1099 1889 dignam
1144 1835 1305 1890 agere
1359 1821 1734 1891 paenitentiam
1795 1834 1994 1875 secun-

421 1910 549 1962 dum
615 1912 799 1963 carnis
863 1912 1214 1982 fragilitatem
1275 1922 1331 1968 et
1398 1914 1798 1978 inﬁrmitatem,
1848 1913 1994 1967 hunc

419 1999 775 2068 ptenitentem
815 2001 922 2056 Deo
960 2004 1379 2059 reconciliamus
1414 2020 1511 2074 per
1549 2019 1738 2074 preces
1781 2018 1992 2067 sacras,

420 2100 474 2144 et
513 2100 572 2144 ut
632 2093 925 2147 reviviscat
954 2093 1046 2147 Dei
1071 2094 1307 2165 sigillum
1358 2104 1409 2150 et
1446 2099 1811 2162 consecratio,
1841 2095 1991 2150 illum

416 2195 575 2249 niyro
601 2180 785 2235 divino
815 2196 1143 2237 renovamus
1174 2192 1229 2238 et
1280 2193 1450 2239 totum
1500 2185 1777 2239 sanctitati
1822 2186 1992 2240 devo-

423 2287 638 2325 vernus.
672 2272 737 2327 Et
756 2273 868 2340 hoc
896 2274 1063 2328 David
1103 2275 1156 2329 in
1210 2285 1436 2346 peccato
1490 2277 1676 2348 lapsus
1724 2278 1887 2333 enixe
1940 2285 1995 2334 et

423 2365 706 2420 humiliter
738 2368 1033 2436 postulavit
1065 2369 1255 2426 dicens
1283 2390 1295 2425 :
1333 2388 1353 2420 ι
1390 2370 1449 2425 Ει
1481 2370 1735 2441 spiritum
1782 2380 1991 2427 rectum

2093 1816 2361 1886 ἠχρείωσε
2395 1814 2547 1868 θείαν
2579 1815 2850 1884 σφραγῖδα
2877 1816 2974 1869 καὶ
3000 1818 3093 1869 τὸν
3120 1817 3414 1885 ἁγιασμδν,
3445 1819 3524 1886 τῷ
3544 1818 3678 1887 θείῳ

2098 1906 2255 1977 μύρῳ
2284 1906 2446 1960 πάλιν
2477 1907 2705 1960 ἀνανεοῦ
2716 1924 2838 1976 μεν,
2879 1908 2973 1960 κα)⁵
2998 1911 3055 1961 ὲν
3084 1909 3234 1977 αὐτῷ
3270 1908 3677 1980 ὲγκαινίζομεν.

2098 1999 2207 2051 Καὶ
2252 1998 2278 2048 ὁ
2332 1996 2500 2051 Δαὸὶδ
2558 1996 2720 2050 τοῦτο
2771 1998 3097 2070 ἁμαρτήσας
3149 2000 3353 2069 ᾐτεῖτο,
3392 2003 3485 2053 καὶ
3522 2000 3683 2054 ἔλαϐε

2099 2090 2377 2160 μετανοίᾳ,
2403 2092 2496 2143 καὶ
2522 2090 2741 2160 Πνεῦμα
2766 2091 2942 2157 εύοὲς,
2964 2091 3157 2160 λέγων,
3189 2112 3208 2145 ε
3252 2092 3596 2161 Ἐγκαίνισον
3619 2096 3678 2149 ἑν

2094 2184 2206 2245 τοῖς
2238 2182 2492 2251 ἐγκατοις
2533 2198 2657 2252 μου,
2700 2201 2718 2233 ι
2756 2183 3050 2253 Βάπτισμα
3077 2184 3133 2238 δὲ
3190 2184 3291 2238 οὐκ
3339 2185 3680 2256 ἐπιφέρομεν

2094 2274 2278 2340 πάλιν,
2312 2275 2395 2329 ὅτι
2420 2274 2479 2329 ἓν
2505 2274 2600 2328 καὶ
2637 2275 2735 2344 μία
2760 2277 2793 2344 ἡ
2828 2276 2973 2329 κατὰ
2997 2278 3158 2347 χάριν
3192 2277 3412 2348 ἄφεσις,
3441 2279 3475 2348 ἠ
3501 2277 3558 2330 δὲ
3580 2276 3684 2347 τῆς

2100 2367 2391 2441 μετανοίας
2418 2367 2510 2422 διὰ
2529 2367 2807 2438 δακρύων.

423 2469 623 2520 innuva
674 2463 727 2518 in
776 2465 1081 2522 visceribus
1134 2466 1268 2523 meis
1318 2468 1414 2520 η.»
1470 2467 1809 2537 Baptismum
1866 2481 1998 2540 ergo
2037 2481 2145 2522 non
2176 2468 2463 2527 iteramus.
2496 2465 2626 2534 quia
2662 2479 2829 2519 unum
2855 2473 2962 2531 est,
3028 2474 3079 2521 et
3148 2479 3257 2519 una
3301 2481 3396 2536 per
3453 2469 3682 2536 gratiam

426 2557 676 2612 remissio
711 2578 724 2613 :
760 2571 811 2614 et
843 2559 958 2615 haec
984 2576 1077 2630 per
1105 2561 1375 2632 lacrymas
1409 2563 1763 2631 posuitentiae.

949 2680 1270 2746 QUzESTlO
1305 2684 1493 2739 XXIV.

427 2763 570 2819 Num
599 2783 714 2832 qua:
737 2771 853 2840 quis
877 2770 993 2840 jam
1025 2784 1102 2827 est
1128 2775 1425 2844 confessus,
1449 2778 1628 2832 eadem
1653 2778 1845 2831 iterum
1876 2794 2002 2831 con-

940 2844 1079 2910 ﬁteri
1116 2847 1240 2898 aliis
1276 2847 1458 2900 debeat
1489 2848 1513 2900 ?

478 2933 551 2988 'Si
585 2936 708 3004 quis
737 2948 956 3004 peccata
1012 2936 1302 2994 confessus
1334 2939 1501 2995 fuerit
1529 2940 1626 2995 uni
1682 2956 1713 2997 e
1746 2940 2002 2998 Patribus

425 3025 821 3095 spiritualibus,
849 3041 1037 3083 sacros
1067 3044 1372 3099 exsequens
1404 3046 1665 3097 canones,
1699 3040 1752 3086 et
1800 3032 1903 3087 rite
1933 3032 2001 3087 ad

425 3132 587 3185 opera
609 3119 942 3185 ptenitentize
960 3134 1017 3173 se
1031 3121 1384 3187 disposuerit,
1402 3122 1624 3176 minime
1639 3123 1799 3177 debet
1814 3123 2000 3176 eadem

427 3205 626 3258 iterum
669 3204 921 3258 confiteri
979 3206 1145 3271 aliis;
1181 3221 1300 3260 nam
1350 3209 1435 3263 bis
1488 3223 1684 3275 urgere
1736 3210 2000 3278 regulam,

414 3296 662 3361 priorem
706 3292 914 3349 irritam
952 3293 1101 3349 facit.
1130 3294 1183 3350 Si
1219 3311 1347 3351 vero
1375 3296 1519 3352 forte
1551 3299 1605 3352 in
1638 3298 1826 3353 eadem
1879 3314 2003 3368 pec-

428 3397 551 3440 rata
584 3388 833 3456 relapsus
860 3387 953 3452 sit,
988 3398 1046 3442 ut
1081 3389 1317 3458 perfecte
1376 3391 1721 3457 confiteatur,
1778 3402 1833 3446 et
1880 3393 2007 3447 velit

429 3480 710 3533 declarare
736 3480 890 3549 quasi
922 3480 1135 3535 radices
1168 3491 1220 3535 et
1246 3496 1442 3538 causas
1476 3485 1775 3538 recentium
1812 3500 2007 3556 pecca-

433 3584 608 3624 torum
643 3582 697 3625 e‘t
725 3572 1048 3640 posterioris
1096 3568 1299 3637 lapsus,
1331 3575 1514 3644 priora
1571 3577 1745 3645 aperit
1785 3586 2005 3645 peccata

430 3665 495 3715 ad
530 3663 833 3731 augendqu
858 3664 1242 3731 humilitatem,
1300 3668 1680 3723 eootritionem
1712 3670 1898 3725 cordis
1956 3680 2009 3724 et

430 3765 798 3825 contemptum
831 3755 933 3817 soi,
959 3756 1158 3823 quibus
1186 3759 1359 3828 magis
1382 3762 1596 3829 prolicit
1634 3762 1938 3818 humilitas.

949 3870 1276 3940 QUIESTIO
1310 3873 1475 3929 XXV.

434 3961 515 4015 An
554 3963 633 4032 fas
664 3965 732 4017 sit
764 3974 960 4017 sancta:
991 3964 1426 4033 Quadragesimw
1460 3976 1691 4035 tempore
1739 3967 2014 4034 baptizare

424 4048 434 4055 '
888 4036 966 4089 vel
997 4036 1261 4090 celebrare
1298 4037 1557 4104 nuptias?

494 4120 678 4176 Etiam
708 4123 764 4178 in
795 4139 949 4179 sacra
975 4133 1026 4178 et
1062 4126 1298 4178 maxima
1325 4124 1753 4195 Quadragesima
1788 4141 2017 4181 necesse

431 4224 516 4268 est
548 4213 821 4283 baptizare
872 4232 997 4270 omn
1036 4232 1061 4271 s
1113 4218 1201 4286 qui
1244 4219 1530 4280 accedunt,
1563 4217 1614 4271 in
1654 4235 1761 4288 quo
1811 4221 2014 4273 nullum

434 4318 554 4359 ease
607 4315 782 4374 potest
834 4305 1301 4376 impedintentum.
1355 4325 1530 4378 neque
1580 4319 1813 4379 tempus,
1843 4325 2019 4380 neque

439 4395 580 4457 dies,
620 4411 793 4464 neque
820 4399 1046 4465 quodvis
1076 4400 1220 4453 aliud
1250 4410 1374 4464 ;‘est
1408 4403 1548 4452 enim
1589 4402 1690 4455 hoc
1720 4402 1920 4455 donum
1951 4399 2017 4454 ad

2650 2674 2986 2727 ΕΡΩἸῊΣΙΣ
3027 2676 3153 2728 KA'.

2112 2772 2297 2838 Ἀπερ
2325 2769 2413 2833 τίς
2443 2767 2968 2837 ἐξωμολογήσατο,
3005 2766 3232 2835 ὀφείλει
3265 2764 3456 2820 πάλιν
3478 2763 3687 2835 ἐξομοο

2711 2836 3021 2892 λοτεῖσθαι
3040 2855 3060 2892 :

2755 2853 3021 2905 ογεισυαι
3040 2855 3060 2901 ;

2183 2932 2364 3001 "Amp
2403 2926 2855 2999 ὲξωμολογήσατό
2884 2944 2965 2990 τις
2992 2927 3236 3000 Ιίατράρι
3275 2926 3690 2996 πνευματικοῖς,

2112 3024 2208 3077 καὶ
2242 3023 2437 3076 κανόνα
2476 3014 2846 3087 ἐδέξατο,’καὶ
2877 3017 3205 3090 ᾠκονομήθη
3240 3017 3547 3081 κανονικῶς
3576 3019 3687 3079 τοῖς

2114 3106 2297 3186 ἔργοίς
2343 3114 2443 3182 τῆς
2490 3114 2804 3182 μετανοίας,
2855 3113 2954 3166 οὐκ
2994 3111 3200 3180 ὀφείλει
3232 3111 3395 3165 πάλιν
3441 3110 3693 3180 ἐξομολο-

2106 3207 2319 3275 γεῖσθαι
2349 3190 2559 3259 ἄνωθεν
2602 3206 2833 3274 ἑτέροις,
2887 3204 2981 3257 καὶ
3010 3204 3211 3257 κανόνα
3238 3202 3539 3273 ἑπιζητεῖν,
3563 3201 3692 3280 ᾲθε-

2105 3314 2184 3351 est
2206 3299 2312 3367 γὰρ
2331 3296 2424 3348 τὸν
2449 3292 2686 3364 πρῶτον,
2711 3294 2759 3346 εί
2786 3295 2858 3362 μή
2880 3310 2981 3346 που
3003 3296 3113 3357 τοῖς
3141 3294 3324 3355 αὐτοῖς
3347 3292 3695 3361 περιπέπτω-

2107 3407 2199 3444 κεν
2232 3390 2619 3459 ἁμαρτήμασι,
2650 3392 2744 3439 καὶ
2774 3386 3031 3457 καθαρῶς
3060 3385 3583 3455 ἐξομολογούμενος,
3608 3384 3690 3448 ὡς

2111 3482 2265 3552 ῥίζας
2290 3482 2445 3543 τινὰς
2497 3482 2588 3532 καὶ
2624 3479 2803 3542 αἰτίας
2830 3479 2932 3550 τῆς
2964 3480 3239 3549 ἁμαρτίας
3260 3480 3364 3547 τῆς
3412 3479 3691 3546 δευτέρας,

2110 3575 2205 3627 καὶ
2235 3573 2302 3625 τὰ
2324 3575 2588 3642 πρότερον
2610 3571 2925 3639 ἐξαγορεύει
2953 3572 3042 3625 διὰ
3064 3573 3392 3626 ταπείνωσιν
3436 3571 3693 3641 ἁμαρτή-

2068 3733 2085 3741 ⁵
2112 3682 2280 3733 ματα,
2320 3664 2351 3733 ἢ
2386 3666 2475 3716 καὶ
2504 3663 2690 3727 ἁπλῶς
2722 3663 2810 3716 διὰ
2840 3662 3131 3734 συντριϐὴν
3156 3663 3385 3733 καρδίας
3414 3664 3509 3716 καὶ
3543 3662 3694 3728 {Eoo-

2112 3756 2358 3820 δένωσιν,
2389 3758 2463 3818 ὡς
2492 3756 2555 3810 ἄν
2578 3773 2630 3808 τι
2661 3754 2826 3808 πλέον
2864 3755 3102 3830 κερδάνῃ
3134 3758 3202 3827 τῇ
3231 3755 3586 3810 ταπεινώσει.

2641 3870 2979 3924 ΕΡΩΊἪΣΙΣ
3017 3871 3147 3924 KE’.

2118 3966 2183 4017 Ei
2213 3962 2327 4031 χρὴ
2375 3960 2687 4027 ,βαπτίζειν
2734 3963 2808 4026 τῦ
2836 3965 2974 4031 ἀγθςῑ
2994 3961 3497 4044 ~Tetro'aptmoatif,
3525 3963 3562 4031 ἣ
3593 3962 3693 4031 γάρ

2710 4051 2829 4103 μον
2856 4050 3051 4087 amatr
3080 4050 3100 4097 ;

2189 4128 2268 4197 Τῇ
2332 4127 2461 4197 ἁγίᾳ
2519 4127 2612 4178 καὶ
2679 4127 2892 4198 μεγάλῃ
2942 4126 3369 4195 Τεσσαρακοστῇ
3412 4123 3693 4195 βαπτίζειν

2114 4223 2337 4277 ἅπαντα
2379 4218 2815 4289 προσερχόμενον
2872 4219 3192 4285 ἀναγκαῖον.
3229 4216 3345 4269 Kal
3371 4216 3526 4269 οὐδὲν
3561 4216 3695 4284 πρὸς

2118 4312 2277 4366 τοῦτο
2307 4310 2558 4380 κώλυμα,
2612 4310 2674 4361 οὐ
2719 4308 2936 4379 καιρδς,
2988 4308 3095 4376 οὐχ
3145 4308 3350 4377 ἡμέρα,
3382 4308 3541 4360 οὐδὲν
3587 4308 3694 4360 τῶν

2121 4402 2277 4465 ὅλων,
2315 4400 2439 4455 ἐπεὶ
2495 4401 2602 4453 τῶν
2650 4398 2789 4468 πρὸς
2834 4397 3110 4467 σωτηρίαν
3139 4397 3300 4450 τοῦτο
3354 4397 3415 4449 τὸ
3439 4397 3692 4465 δώρημα.

436 4486 690 4537 salutem.
712 4485 823 4537 Sed
854 4497 907 4538 et
952 4486 993 4539 si
1033 4490 1154 4555 quis
1214 4490 1453 4543 fidelium
1484 4492 1712 4544 voluerit
1743 4491 2017 4561 suscipere

2128 4496 2238 4549 Kal
2288 4493 2578 4563 μοναχικὸν
2628 4491 2683 4544 δὲ
2733 4491 2917 4559 σχῆμα
2971 4488 3367 4559 περιϐαλέσθαι
3403 4487 3525 4541 τινα
3586 4487 3695 4540 τῶν

437 4575 853 4654 professionem.
881 4580 1235 4633 monasticam
1265 4579 1491 4635 induere
1520 4590 1725 4637 vestem
1760 4583 2023 4637 monasti-

434 4684 580 4729 cant,
616 4670 820 4738 optime
854 4673 1189 4728 conveniens
1247 4682 1331 4727 est
1389 4683 1605 4743 tempus
1662 4675 2020 4743 poenitentiae.

438 4758 701 4813 Similiter
732 4745 866 4815 nihil
894 4763 1119 4833 impedit
1154 4764 1283 4833 quin
1316 4762 1435 4817 tum
1466 4764 1666 4833 aliquis
1717 4764 1784 4818 ad
1838 4779 2021 4819 sacer-

437 4848 645 4902 d0tium
682 4851 969 4907 evehatur.
1007 4854 1228 4908 Diaconi
1253 4853 1531 4910 ordinatio
1572 4854 1669 4910 fiet
1730 4855 1797 4910 iis
1845 4856 2017 4909 sacri-

440 4940 565 4994 ficio
593 4944 1186 5010 praesanrtiiicatorum,
1226 4947 1525 5017 presbyteri
1556 4956 1736 5002 autem
1760 4948 1812 5000 in
1849 4948 2014 5002 missa

439 5035 728 5100 completa,
764 5035 893 5103 quia
921 5038 1206 5107 presbyter
1238 5048 1318 5093 est
1356 5041 1603 5095 minister
1634 5041 1879 5095 initiatus
1945 5042 2012 5095 ad

439 5124 644 5184 omnia,
676 5122 939 5178 diaconus
971 5139 1099 5179 vero
1134 5126 1198 5179 ad
1223 5128 1467 5195 quaedam
1494 5128 1666 5182 emt-ia
1730 5143 1905 5197 sacra,
1953 5138 2012 5183 ut

441 5224 495 5267 et
525 5214 915 5271 subdiaconus.
962 5217 1191 5286 Nuptias
1231 5236 1357 5273 vero
1397 5236 1505 5274 non
1566 5231 1784 5288 oportet
1838 5221 2018 5276 facere

442 5307 687 5373 omnino,
716 5311 844 5377 quia
869 5324 1004 5379 opus
1027 5312 1392 5367 earualeillud
1412 5323 1513 5375 est,
1541 5313 1685 5382 quod
1709 5314 1920 5383 proiicit
1951 5317 2017 5368 ad

441 5399 701 5464 gaudium
757 5410 811 5453 et
852 5401 1140 5457 utilitatem
1202 5406 1402 5469 carnis,
1439 5419 1536 5459 nec
1585 5414 1765 5475 potest
1817 5406 2016 5474 aliquis

446 5504 565 5555 quae
599 5493 784 5545 carnis
815 5502 944 5547 sunt
976 5510 1168 5551 curare
1201 5505 1253 5551 et
1280 5498 1615 5566 ptenitentim
1649 5512 1863 5563 vacare,
1923 5510 2017 5553 aut

516 5663 727 5717 "Paul.
764 5670 931 5731 L,1‘2.

2129 4585 2472 4656 βουλομένων
2503 4582 2733 4645 πιστῶν,
2762 4574 2919 4642 οὗτος
2954 4579 3156 4650 μᾶλλον
3187 4579 3217 4631 ὁ
3247 4578 3439 4649 καιρὸς
3470 4578 3572 4648 τῆς
3606 4595 3698 4645 με-

2124 4672 2347 4735 τανοίας
2380 4671 2708 4738 ἐφαρμόσει.
2762 4669 2872 4721 Kal
2910 4668 3219 4738 ίερωσύνην
3247 4668 3305 4721 δὲ
3348 4667 3533 4721 λαϐεῖν
3576 4683 3698 4721 τινα

2123 4764 2233 4815 τῶν
2253 4762 2439 4829 ἀξίων,
2467 4760 2621 4813 οὐδὲν
2646 4759 2706 4812 τδ
2730 4759 2958 4814 κωλύον.
2987 4759 3096 4811 Kal
3114 4759 3365 4812 διακόνου
3392 4758 3493 4827 μὲν
3514 4774 3697 4827 χειρο-

2127 4853 2311 4906 τονίαν
2349 4854 2409 4903 ἐν
2430 4854 2490 4922 τῇ
2519 4851 2628 4903 τῶν
2658 4850 3118 4920 προηγιασμένων
3142 4849 3700 4921 ἱερουργίᾳ,πρεσ6υ-

2121 4946 2280 5013 τέρου
2305 4944 2362 4996 δὲ
2406 4944 2464 4996 ὲν
2493 4942 2678 5013 τελείᾳ
2700 4942 3038 5010 λειτουργίᾳ,
3074 4941 3157 4993 ὅτι
3191 4939 3504 5004 τελεστικδς
3532 4940 3635 5009 μὲν
3669 4941 3699 4995 ό

2120 5033 2482 5102 πρεσϐύτερος
2510 5072 2525 5095 ,
2578 5033 2825 5095 διάκονος
2864 5032 2921 5085 δὲ
2951 5030 3109 5102 34],
3149 5032 3546 5101 λειτουργικὸς,
3575 5032 3696 5100 ἦτοι

2120 5126 2420 5195 ὑπηρέτης.
2442 5125 2635 5193 ·Γάμον
2659 5123 2717 5177 δὲ
2742 5124 2804 5176 ού
2837 5125 2946 5194 χρὴ
2977 5124 3152 5176 ποιεῖν
3193 5124 3351 5188 ὅλως,
3377 5124 3461 5176 ὅτι
3495 5123 3697 5193 σαρκὸς

2123 5218 2282 5271 τοῦτο
2311 5218 2370 5270 τὸ
2400 5216 2579 5287 ἔργον,
2614 5217 2704 5268 καὶ
2746 5216 3015 5286 σαρκικῆς
3045 5215 3387 5285 εὐφροσύνης
3412 5213 3696 5283 πρόξενον,

2125 5313 2219 5361 καὶ
2250 5310 2309 5360 οὐ
2333 5308 2558 5362 δύναταί
2588 5326 2671 5371 τις
2706 5309 2773 5360 τὰ
2799 5307 2899 5375 τῆς
2924 5305 3123 5376 σαρκὸς
3156 5306 3451 5375 μεριμνᾷν,
3482 5306 3574 5358 καὶ
3602 5320 3697 5373 με·

2123 5406 2358 5463 τανοεῖν,
2411 5402 2529 5453 οὐδὲ
2564 5400 2862 5468 κοσμικοὺς
2894 5399 3039 5467 ἔχειν
3088 5397 3403 5466 λογισμοὺς,
3438 5396 3531 5449 καὶ
3575 5411 3699 5447 mv-

2125 5495 2401 5563 οεῖνὺπὲρ
2449 5495 2547 5563 τῆς
2576 5493 2773 5562 ψυχῆς.
2823 5493 2911 5543 Διὸ
2968 5491 3088 5564 ρῦδὲ
3139 5489 3488 5555 συνάλλαγμα
3520 5487 3699 5555 γάμου
