4022 6202
422 193 524 255 877
593 186 596 189 ’

1133 196 1526 261 RESPONSA
1568 202 1670 261 AD
1701 202 2150 270 GABRIELE-NI
2203 207 2928 272 PENTAPOLITANUM.

3585 212 3691 275 878

425 310 600 360 ποιεῖν
631 311 754 378 χρὴ,
777 310 825 362 εί
859 310 936 380 μὴ
964 316 1089 363 κατ’
1124 314 1374 383 ἀνάγκην
1396 317 1540 380 τινὰ,
1581 316 1675 368 καὶ
1705 315 1876 380 ἅπαξ.
1906 319 2000 370 καὶ⁸

2115 325 2411 392 ututtilauas
2475 328 2674 381 habere
2727 328 3150 391 sollicitudines,
3175 334 3230 382 et
3279 325 3408 382 ﬂere
3465 339 3691 396 propter

421 403 578 454 τοῦτο
608 403 862 469 γενέσθαι
910 406 971 458 ἐν
995 408 1062 477 τῇ
1098 405 1191 460 τοῦ
1249 409 1667 480 Εὐαγγελισμοῦ
1697 413 1902 482 ἡμέρᾳ.
1947 415 1998 465 εἰ

421 493 527 560 ἔξω
550 494 650 562 τῆς
678 495 919 564 μεγάλης
955 494 1284 569 Ἐϐδομὰδος
1302 501 1524 573 εὑρεθῇ.
1544 502 1640 555 καὶ
1656 505 1722 572 τῇ
1760 507 1998 574 κυριακῇ

420 586 528 638 τῶν
567 587 742 641 Βαϊων
760 604 779 641 :
1737 587 1743 599 ’

651 627 779 656 οων,

945 880 1277 936 εροτηειε
1310 881 1456 952 κς.

435 991 499 1044 Ὀ
524 993 743 1066 Κύριος
761 992 889 1066 πῶς
920 994 1234 1051 ἐλεύσεται
1277 999 1350 1050 ἐν
1382 997 1458 1065 τῇ
1486 997 1737 1066 δευτέρα
1776 1017 1999 1065 παροδ-ο

493 1066 622 1127 σία,
653 1065 750 1135 καὶ
781 1065 923 1118 ποία
949 1065 987 1131 ἡ
1019 1067 1126 1120 τοῦ
1153 1067 1305 1122 Θεοῦ
1329 1068 1622 1132 ,βασιλεία
1648 1065 1745 1122 καὶ
1777 1071 1842 1123 τὸ
1872 1067 1996 1135 φῶς

495 1125 986 1200 τὸανέσπερονί
1329 1125 1345 1132 ⁷
1872 1125 1888 1138 ’

507 1229 566 1275 ’ω
596 1227 798 1294 Κύριος
821 1226 896 1289 ὡς
925 1228 1200 1298 ἀνελήφθη
1228 1231 1366 1298 μετὰ
1389 1233 1615 1301 σαρκὸς,
1643 1232 1787 1286 οὕτω
1815 1233 1908 1288 καὶ
1939 1235 1998 1288 ἐν

424 1318 492 1385 τῇ
523 1317 754 1385 δευτέρᾳ
785 1317 953 1371 αὐτοῦ
987 1319 1261 1390 παρουσίᾳ
1292 1321 1598 1377 ἐλεύσεται.
1633 1322 1747 1376 Kal
1764 1325 1922 1376 τοῦτο
1947 1325 1997 1376 οἱ

426 1405 650 1472 ἄγγελοι
681 1407 889 1476 ἔφησαν
909 1447 925 1472 ,
955 1407 1227 1476 λέγοντες,
1267 1428 1286 1462 ι
1317 1411 1504 1476 Οὕτως
1534 1412 1814 1467 ἐλεύσεται
1835 1413 1998 1467 πάλιν

427 1495 490 1549 ὃν
539 1499 739 1566 τρόπον
791 1499 1090 1554 ἐθεάσασθε
1143 1501 1309 1554 αὐτὸν
1363 1504 1732 1573 ἆνερχόμενον
1775 1507 1856 1565 είς
1905 1503 1998 1557 τὸν

432 1589 682 1658 ούρανὶν,
723 1609 742 1640 ι
779 1589 1028 1659 βασιλεία
1060 1591 1118 1645 δὲ
1152 1591 1288 1646 Θεοῦ
1316 1595 1412 1647 καὶ
1451 1593 1564 1664 ζωὴ
1589 1596 1809 1659 αἰώνιος
1833 1595 1997 1658 αὐτὸς

429 1657 604 1735 ἔσται.
640 1657 806 1744 (lino;
829 1683 961 1750 γὰρ,
993 1682 1054 1736 ὅν
1072 1683 1238 1738 Δασίδ
1266 1702 1434 1756 φησιν
1463 1657 1534 1740 7'0
1552 1657 1761 1754 ’Κύριος
1790 1657 1888 1755 τῆς
1911 1657 1998 1741 δὸέ-
2026 1657 2074 1712 Β

433 1773 530 1843 ξης
554 1789 569 1804 ·
595 1775 708 1836 καὶ,
741 1792 762 1825 ι
794 1767 985 1838 οὗτος.
1015 1775 1044 1828 6
1075 1775 1435 1846 ὴγαπημένος
1459 1777 1646 1846 φησὶν,
1663 1777 1722 1830 '0
1751 1776 2005 1848 ἀληθινὸς

431 1863 584 1930 Θεὸς,
611 1867 703 1918 καὶ
732 1867 846 1936 ζωὴ
886 1867 1127 1930 αιώνιος,
1161 1885 1179 1918 ι
1219 1868 1316 1921 καὶ
1363 1868 1479 1936 φῶς
1521 1863 1678 1930 οὗτος
1711 1867 2004 1930 διαπαντὸς
2041 1887 2043 1890 ⁴

432 1961 542 2020 τοῖς
581 1957 806 2022 δικαίως
849 1959 1064 2024 ἕξουσιν
1115 1960 1216 2028 τὴν
1266 1959 1424 2025 δόξαν
1453 1961 1617 2014 αὐτοῦ
1651 1961 1748 2014 καλ
1793 1958 2004 2028 λαμδά-

432 2066 583 2102 νουσι
613 2049 712 2117 τὴν
748 2050 1111 2121 λαμπρότητα
1142 2051 1334 2118 αὑτοῦ,
1370 2053 1432 2106 τὸ
1474 2053 1532 2120 ἐξ
1579 2052 1745 2107 αὐτοῦ
1775 2052 1874 2123 τῆς
1908 2052 2004 2121 χᾶ-

435 2158 582 2210 ριτος
619 2142 735 2210 φῶς
755 2144 850 2196 καὶ
881 2146 940 2196 οὐ
976 2145 1074 2213 τὴν
1118 2145 1306 2197 οὐσίαν
1338 2145 1527 2208 αὐτοῦ,
1560 2145 1862 2214 ἁγμέθεκτος
1893 2143 2004 2213 γὰρ

433 2231 573 2302 αὕτη
603 2235 701 2286 καὶ
735 2237 848 2298 τοῖς
895 2235 1149 2302 ἀγγέλοις
1189 2236 1570 2306 ἀπερινόητος.
1611 2235 1704 2288 Διὸ
1740 2235 1834 2290 καὶ
1871 2235 2006 2296 Θεὸς

433 2325 588 2378 εσται
624 2327 682 2378 ἐν
721 2326 872 2396 μέσῳ
909 2325 1070 2393 θεῶν,
1109 2329 1218 2380 τῶν
1257 2328 1350 2380 ὑπ’
1385 2326 1550 2381 αὐτοῦ
1595 2328 1903 2396 θεωμένων
1935 2328 2002 2396 τῇ

434 2419 642 2486 χάριτι,
680 2419 774 2473 καὶ
803 2419 920 2486 φῶς
959 2417 1068 2473 τῶν
1105 2418 1509 2489 φωτιζομένων.
1539 2420 1664 2472 Ὀτι
1692 2419 1848 2482 οὗτος
1891 2438 1908 2471 ι
1944 2419 2005 2472 τὸ

437 2511 550 2577 φῶς
576 2511 638 2563 τὺ
670 2511 945 2578 ἀληθινὸν,
994 2511 1023 2563 ὃ
1067 2513 1294 2580 φωτίζει
1334 2513 1512 2565 πάντα
1540 2510 1826 2580 ἄνθρωπον
1851 2512 2004 2580 6916-

436 2619 597 2671 μενον
619 2621 644 2656 ε
673 2621 698 2665 ς
715 2603 805 2656 τὸν
820 2603 1047 2673 κόσμον.
1075 2621 1094 2655 ι
1118 2605 1226 2657 Kal
1246 2606 1304 2657 ὲν
1317 2607 1382 2674 τῇ
1418 2602 1784 2672 ’Δποκαλύψει
1804 2603 1860 2657 δὲ
1881 2620 1901 2654 ι
1931 2603 2005 2656 Τδ

433 2697 618 2764 ἀρνίον
647 2696 824 2761 ἔσται,
867 2698 1053 2764 φησῖν,
1079 2696 1231 2765 ἥλιος
1261 2697 1372 2759 τοῖς
1397 2695 1647 2756 δικαίοις.
1685 2711 1704 2746 ι
1748 2693 2004 2748 Βασιλεία

438 2790 536 2857 μὲν
575 2788 668 2842 οὖν
709 2790 800 2840 καὶ
849 2788 1145 2849 ἀπόλαυσις
1193 2787 1377 2852 αὐτὸς,
1409 2786 1486 2849 ὡς
1517 2786 1618 2856 τὴν
1647 2783 1801 2850 δόξαν
1836 2785 1903 2838 αὖ
1919 2784 2002 2838 τοῦ

433 2880 630 2940 διδούς.
670 2880 831 2933 Ἀλλὰ
863 2881 958 2934 καὶ
1003 2881 1080 2940 ὡς
1122 2881 1349 2950 νικητὴς
1391 2876 1720 2933 καταϐαλὼν
1757 2878 1885 2940 τοὺς
1918 2878 2004 2947 ἒχε-

2102 421 2364 475 aniuiam.
2403 420 2590 488 Itaque
2620 435 2726 474 non
2758 429 2975 488 oportet
3000 420 3114 474 fieri
3144 418 3200 473 in
3232 409 3416 474 sacra'
3442 415 3692 484 Quadra-

2101 514 2305 585 gesima
2346 514 2613 584 nuptiales
2643 522 2958 570 contractus
2990 513 3095 567 nisi
3132 519 3350 582 propter
3375 507 3688 579 jquamdam

2102 606 2478 662 necessitatem
2509 617 2562 660 et
2585 606 2754 661 semel
2783 624 2797 660 :
2827 608 2880 659 et
2915 607 3017 660 hoc
3043 605 3135 659 ﬁat
3161 603 3217 657 in
3243 602 3332 658 die
3357 602 3517 664 festo,
3541 616 3687 656 nuno

2101 713 2264 767 quam
2301 708 2480 751 tamen
2519 699 2572 750 in
2597 698 2788 769 majori
2838 696 3184 753 Hebdomada
3211 704 3266 751 et
3294 695 3348 748 in
3404 692 3684 748 Dominica

2103 788 2459 845 Palmarum?

2617 903 2942 972 QUIESTIO
2970 901 3158 958 XXVI.

2105 1019 2383 1086 Quomodo
2425 1019 2685 1073 Dominus
2713 1029 2962 1073 uenturus
2998 1020 3062 1072 sit
3096 1018 3148 1071 in
3194 1015 3423 1071 secundo
3461 1015 3686 1068 adventu

2175 1106 2293 1152 suo,
2329 1100 2376 1197 ξι
2414 1089 2571 1158 quale
2609 1089 2702 1142 Dei
2732 1106 2970 1159 regnum,
3026 1098 3074 1141 et
3119 1087 3290 1140 lumen
3335 1101 3518 1154 expers
3573 1101 3687 1137 ves-

2175 1175 2310 1197 norm

2171 1175 2310 1225 pem
2330 1175 2341 1211 ι

2172 1253 2245 1306 lit
2272 1252 2517 1307 ascendit
2547 1251 2602 1304 in
2637 1265 2822 1312 carne,
2850 1251 2921 1304 ita
2950 1250 3192 1305 secundo
3245 1247 3506 1301 Dominus
3561 1260 3686 1298 cum
3757 1308 3764 1316 _

2099 1359 2266 1397 carne
2307 1343 2601 1397 descendet
2625 1343 2923 1396 secundum
2953 1343 3095 1410 quod
3132 1341 3293 1395 locuti
3328 1349 3456 1394 sunt
3478 1338 3681 1407 angeli,

2101 1431 2392 1488 dicentes:
2429 1452 2447 1485 ι
2489 1433 2682 1488 Veniet
2710 1433 2932 1499 iterum,
2967 1431 3424 1500 quemadmodum
3475 1428 3688 1482 vidistis
3755 1416 3763 1422 ’

2100 1540 2224 1580 eum
2260 1523 2642 1579 ascendentem
2673 1523 2725 1578 in
2758 1523 2954 1578 caelum
2986 1523 3052 1577 ".
3087 1522 3333 1592 Regnum
3371 1520 3462 1576 Dei
3486 1528 3539 1573 et
3579 1521 3686 1572 vita

2106 1625 2308 1670 :eterna
2340 1613 2431 1669 ille
2461 1614 2584 1680 erit,
2615 1628 2774 1683 quem
2802 1612 2970 1668 David
2993 1621 3152 1667 vocat
3174 1612 3462 1667 Dominum
3486 1611 3692 1679 gloria"

2106 1715 2160 1761 et
2183 1706 2250 1761 de
2280 1721 2388 1776 quo
2420 1704 2727 1774 discipulus
2757 1704 2990 1760 dilectus
3023 1704 3100 1757 ait
3132 1719 3148 1756 :
3183 1721 3201 1754 ι
3241 1701 3341 1755 llic
3390 1711 3476 1756 est
3527 1715 3690 1754 verus

2108 1795 2250 1852 Deus
2279 1804 2333 1850 et
2357 1799 2462 1850 vita
2495 1808 2698 1852 aeterna
2727 1797 2793 1849 ".
2839 1814 2858 1848 ι
2901 1795 2966 1850 Et
2993 1797 3109 1864 ipse
3134 1792 3250 1848 Lux
3277 1791 3384 1848 erit
3430 1791 3487 1846 in
3529 1801 3692 1846 caete-

2107 1903 2249 1951 rum,
2265 1889 2332 1945 iis
2346 1889 2436 1956 qui
2459 1902 2580 1942 cum
2601 1887 2808 1955 iustitia
2825 1887 3048 1956 gloriam
3066 1867 3186 1954 eius
3201 1885 3377 1953 adepti
3401 1882 3620 1942 fuerint.
3633 1889 3690 1934 et

2107 1979 2161 2033 in
2194 1979 2536 2048 splendorem
2573 1976 2695 2047 ejus
2721 1977 2947 2047 ingressi
2985 1974 3187 2030 fuerint
3214 1988 3230 2040 ;
3261 1987 3324 2027 ea
3352 1971 3571 2042 quidem
3597 1969 3687 2022 lux

2106 2077 2188 2126 est
2214 2069 2401 2138 gratiae
2420 2068 2539 2138 ejus
2563 2081 2670 2121 non
2695 2082 2824 2121 vero
2853 2064 3197 2128 substantiae,
3217 2077 3341 2132 quae
3365 2072 3449 2116 est
3477 2060 3687 2115 incom-

2106 2158 2450 2214 municabilis
2481 2168 2534 2213 et
2577 2157 2785 2228 angelis
2835 2159 3000 2212 etiam
3059 2153 3462 2219 inscrutabilis;
3500 2150 3684 2219 itaque

2107 2251 2253 2308 Deus
2278 2252 2383 2306 erit
2413 2249 2466 2304 in
2495 2249 2674 2306 medio
2730 2249 2982 2313 deorum,
3043 2261 3233 2302 eorum
3287 2244 3502 2298 scilicet
3543 2257 3685 2311 quos

2108 2345 2448 2402 deificaverit
2477 2345 2592 2412 ipse
2640 2359 2735 2414 per
2765 2344 3013 2411 gratiam,
3052 2348 3106 2394 et
3163 2339 3251 2393 lux
3292 2351 3483 2391 eorum
3543 2347 3686 2402 quos

2105 2436 2511 2494 illuminaverit.
2545 2435 2681 2500 Quia
2719 2435 2830 2501 ipse
2855 2441 2938 2486 est
2968 2447 2981 2484 :
3012 2447 3032 2481 ι
3063 2429 3154 2482 lux
3209 2441 3336 2481 vera
3387 2439 3509 2496 quae
3556 2425 3685 2479 illu-

2107 2531 2277 2583 minat
2333 2545 2352 2580 ι
2407 2542 2621 2581 omnem
2682 2525 2954 2579 hominem
3026 2520 3330 2575 venientem
3390 2517 3446 2571 in
3521 2530 3685 2570 mun-

2108 2624 2234 2676 dum
2267 2621 2331 2685 ε’.
2369 2639 2387 2673 ι
2420 2622 2483 2674 Ει
2508 2619 2713 2674 dicitur
2763 2612 3197 2684 in'Apocalypsl
3233 2627 3248 2666 :
3286 2629 3306 2663 ι
3337 2609 3526 2679 Agnus
3573 2607 3684 2661 erit

2108 2712 2188 2766 sol
2233 2711 2505 2781 justorum
2543 2710 2609 2762 ν’.
2643 2727 2661 2760 ι
2685 2706 2804 2777 Ipse
2833 2715 2917 2760 est
2942 2719 3071 2773 ergo
3094 2717 3317 2772 regnum
3343 2707 3397 2755 et
3422 2696 3680 2768 gaudium

2107 2806 2408 2868 beatorum,
2431 2803 2558 2872 quia
2583 2802 2690 2856 illis
2719 2815 2872 2854 suam
2906 2799 3128 2869 gloriam
3175 2795 3431 2851 infundit.
3455 2791 3683 2862 Erltque

2111 2910 2167 2954 ut
2199 2901 2371 2954 victor
2397 2898 2489 2970 qui
2522 2897 2713 2954 stratis
2738 2894 2976 2950 inimicis
3008 2901 3064 2948 et
3085 2892 3298 2948 devicta
3323 2897 3519 2953 morte,
3567 2900 3685 2941 ma-

435 2974 601 3043 οροὺς
635 2972 822 3037 αὐτοῦ,
855 2974 952 3026 καὶ
975 2973 1286 3026 τελευταῖον
1317 2971 1408 3026 τδν
1427 2971 1680 3034 θάνατον,
1711 2971 1806 3024 καὶ
1832 2971 2008 3040 μένων

2115 3003 2200 3049 net
2225 2993 2276 3048 in
2299 3002 2562 3048 aeternum
2586 3005 2707 3046 cuiu
2741 2987 3022 3058 discipulis
3051 2986 3170 3040 suis
3199 2982 3433 3038 dilectis.

442 3067 530 3119 ἀεὶ
561 3071 699 3136 μετὰ
735 3067 842 3120 τῶν
873 3066 1078 3120 δούλων
1116 3063 1306 3118 αὐτοῦ.

970 3180 1303 3234 ΕΡΩἸἩΣΙΣ
1356 3179 1480 3236 KZ'.

439 3271 594 3345 'Apa
623 3276 719 3329 καὶ
753 3277 783 3330 ὁ
805 3275 1172 3343 παράδεισος
1203 3276 1677 3342 ἀλλοιωθήσεται
1711 3276 1806 3330 καὶ
1844 3275 2012 3330 πᾶσα

666 3347 860 3412 κτίσις
887 3365 906 3411 ;
952 3348 1053 3400 καὶ
1079 3346 1206 3412 πῶς
1231 3347 1789 3412 ἀλλοιωθήσονται;

433 3492 436 3494 ν
515 3439 608 3510 Εἰς
632 3439 694 3492 τὸ
716 3440 964 3509 κρεῖττον
989 3437 1084 3490 καὶ
1113 3438 1211 3506 τὴν
1232 3436 1567 3506 ἀφθαρσίαν,
1603 3437 1696 3491 καὶ
1722 3437 1752 3489 6
1780 3439 1873 3492 ἐπὶ
1905 3437 2012 3508 γῆς

433 3529 778 3598 παράδεισος
825 3529 925 3594 καὶ,
950 3528 1100 3580 πᾶσα
1144 3527 1320 3586 κτίσις
1355 3524 1804 3596 ἀλλοιωθήσιται.
1845 3526 1955 3580 Kal
1982 3526 2012 3577 6

448 3620 652 3687 Πέτρος
680 3618 837 3671 τοῦτό
867 3635 1054 3688 φησιν,
1091 3617 1174 3670 ὅτι
1205 3617 1360 3668 ἔσται
1396 3602 1572 3667 πάντα
1617 3615 1799 3669 καινά.
1838 3615 1949 3668 Kal
1982 3616 2011 3667 6

445 3711 682 3774 Παῦλος.
709 3712 830 3765 Ὀτι
861 3712 951 3764 καί
969 3709 1107 3780 αὑτὴ
1132 3711 1166 3779 ἡ
1193 3709 1370 3769 κτίσις
1387 3707 1882 3778 ἐλευθερωθήσεται
1905 3707 2011 3760 ἀπὸ

442 3805 541 3874 τῆς
587 3804 833 3866 δουλείας
865 3803 964 3873 τῆς
995 3801 1220 3872 φθορᾶς.
1269 3801 1462 3863 Κτίσις
1485 3801 1541 3853 δὲ
1569 3799 1664 3853 καὶ
1692 3801 1720 3853 6
1751 3798 2010 3866 παράδει-

446 3912 478 3948 σ
509 3911 558 3960 ε,
593 3895 687 3948 καὶ
714 3887 869 3956 οὗτος
897 3892 1096 3963 χωρίον
1128 3891 1326 3960 μᾶλλον
1355 3891 1464 3944 τῶν
1500 3890 1702 3943 τέκνων
1731 3888 1824 3942 τοῦ
1852 3888 2009 3952 Θεοῦ,

444 3983 494 4038 οἳ
524 3985 617 4037 καὶ
647 3984 848 4044 πολλὰς
881 3983 1050 4053 μονὰς
1077 3982 1166 4036 διὰ
1196 3980 1289 4035 τοῦ
1325 3979 1669 4048 Μονογενοῦς
1701 3977 2012 4048 σαρκωθέν-

443 4096 535 4141 τος
563 4077 780 4148 ἔχουσιν
812 4078 870 4130 ἐν
899 4078 966 4147 τῇ
996 4076 1143 4146 οἰκίᾳ
1172 4073 1264 4128 τοῦ
1311 4073 1545 4143 [ἰατρὸς.
1578 4074 1698 4143 ἦτοι
1744 4075 1810 4141 τῇ
1848 4075 2012 4143 καινῇ

444 4171 644 4234 κτίσει,
678 4171 750 4233 ὡς
783 4168 944 4223 καινὰ
966 4167 1251 4235 γεγονότες
1275 4165 1569 4234 κτίσματα,
1596 4165 1676 4226 είς
1705 4162 2012 4232 ἀφθαρσίαν

445 4259 876 4323 ἐλθόντεςνῐως
901 4259 958 4310 δὲ
988 4260 1020 4327 ἡ
1049 4258 1344 4319 ἀλλοίωσις
1383 4259 1692 4326 γενήσεται,
1717 4250 1858 4308 οἶδεν
1887 4257 1915 4307 ὁ
1948 4254 2012 4307 ὲκ

450 4355 526 4425 μὴ
556 4354 726 4408 ὄντων
764 4353 1018 4423 ποιήσας.
1061 4352 1255 4405 Ἔσται
1302 4351 1357 4404 δὲ
1403 4351 1461 4403 ἑν
1512 4348 1656 4416 ἁγίῳ
1712 4347 2011 4417 ῐῐνεύματι.

460 4443 870 4510 Ἐξαποστελείς
903 4441 1036 4512 γὰρ,
1068 4441 1224 4508 φησὶ,
1252 4440 1312 4492 τὸ
1343 4436 1568 4507 1]νεῦμά
1616 4453 1735 4500 σου,
1769 4435 1864 4489 καὶ
1895 4451 2015 4486 κτιο

449 4539 766 4605 σθήσονται,
817 4533 912 4586 καὶ
961 4529 1298 4591 ἁνακαινιεϊς
1331 4528 1393 4580 τὸ
1427 4528 1719 4598 πρόσωπον
1747 4523 1849 4593 τῆς
1893 4523 2015 4592 γῆς.

451 4630 559 4681 Kal
581 4626 657 4688 ὡς
689 4627 716 4678 6
741 4625 876 4686 Θεὸς
906 4623 1310 4693 ἐδημιούργησε
1345 4617 1520 4672 ταῦτα
1546 4617 1642 4670 καί
1674 4618 1780 4669 εἰσι
1817 4619 1909 4669 καὶ
1941 4615 2020 4678 είς

449 4719 510 4770 τὸ
536 4721 786 4788 κρεῖττον
817 4713 1284 4784 ἀλλοιωθήσονται
1311 4711 1381 4764 δι’
1427 4708 1616 4763 αὐτοῦ.
1663 4710 1770 4762 Kal
1811 4707 1886 4770 ὡς
1928 4723 2018 4759 σε·

451 4812 725 4880 σάρκωται
760 4810 827 4863 δι’
866 4808 1015 4877 ἡμᾶς
1067 4808 1094 4858 6
1144 4804 1336 4872 Λόγος,
1389 4801 1484 4857 καὶ
1518 4799 1676 4870 ὤφθη
1731 4801 1876 4868 ἡμῖν,
1925 4800 2022 4852 καὶ

415 4901 708 4970 ’,φθαρτοῖς
751 4899 832 4952 ἔτι
868 4896 1009 4959 οὖσι,
1041 4897 1134 4948 καὶ
1181 4891 1479 4960 ἀφθάρτοις
1509 4889 1786 4957 γεγονόσι.
1839 4886 2022 4956 πολλῷ

456 4995 658 5064 μᾶλλον
688 4992 829 5045 ἐλέει
858 4990 1182 5059 ὀφθήσεται.
1215 4982 1325 5038 Kal
1359 4982 1560 5049 μᾶλλον
1599 4981 1689 5035 διὰ
1721 4981 1820 5051 τῆς
1863 4980 2020 5051 ἡμῶν

455 5084 712 5153 ἀπαρχῆς
766 5077 828 5137 οὗ
885 5077 1217 5149 προσείληφε
1295 5072 1547 5141 σώματος
1611 5070 2022 5124 θεοῦποστάτου

456 5177 594 5246 μετὰ
630 5174 832 5245 ψυχῆς.
870 5172 968 5225 Διά
1015 5170 1205 5224 τούτου
1244 5166 1338 5221 οὖν
1376 5165 1578 5236 μᾶλλον
1625 5167 1756 5234 ἡμῖν
1791 5166 1885 5218 καὶ
1935 5164 2024 5218 διὰ

379 5296 388 5300 -
458 5270 555 5340 τῆς
587 5265 768 5338 ψυχῆς
814 5265 928 5327 τοῖς
960 5261 1137 5333 ἁγίοις
1187 5259 1448 5329 ἀγγέλοις
1480 5257 1621 5310 κατά
1657 5256 1821 5326 φύσιν
1848 5255 2019 5325 ὀφθή-

458 5379 633 5415 σεται.
668 5357 775 5413 Kal
803 5357 890 5410 διὰ
912 5355 1068 5410 τοῦτο
1112 5353 1314 5424 μᾶλλον
1341 5350 1709 5420 σεσάρκωται,
1737 5347 1805 5402 ἵν’
1827 5351 2026 5403 οἰκειοο

456 5457 630 5524 τέρως
671 5453 869 5520 ἴδωμεν
919 5447 1100 5512 αὐτὴν,
1153 5444 1247 5498 καὶ
1292 5442 1487 5496 τούτου
1537 5440 1921 5511 μετάσχωμεν,
1976 5443 2026 5496 εί

532 5567 574 5597 ¹⁸
605 5560 891 5627 Αο1.ι,12.
969 5559 1011 5590 ⁸⁸
1041 5554 1236 5627 Uttan.
1265 5567 1318 5627 γ,
1341 5552 1431 5606 ‘20.
1505 5551 1572 5627 Β
1600 5549 1762 5618 Joan,
1789 5567 1827 5619 t,
1857 5555 1908 5609 9,
2010 5553 2054 5588 ιι

458 5637 548 5691 2|.
575 5636 621 5665 ¹⁰
647 5621 805 5688 Joan.
839 5644 950 5695 xw,
977 5627 1028 5681 2.
1109 5627 1148 5656 ¹¹
1178 5623 1323 5679 Psal.
1355 5637 1472 5692 Clll,
1505 5621 1592 5677 30.

2046 4312 2095 4372 Ι)

2623 3189 2944 3258 ΟυΑΞδΤΙΟ
2976 3187 3186 3243 XXVII.

2117 3288 2370 3359 Nunquid
2412 3296 2462 3341 et
2493 3286 2790 3359 Pal-adistis
2809 3295 2856 3337 et
2885 3284 3054 3359 euntis
3083 3291 3338 3359 creatura
3353 3276 3440 3332 die
3457 3284 3690 3331 extremo

2494 3355 2824 3409 immutanda
2848 3356 2940 3420 sit,
2971 3363 3020 3408 et
3037 3351 3339 3421 quomodo!

2183 3449 2476 3504 Paradisus
2506 3448 2601 3517 qui
2631 3456 2717 3504 est
2740 3448 2794 3504 in
2831 3455 2972 3500 terra
3007 3455 3060 3500 et
3091 3444 3271 3500 omnis
3325 3450 3577 3506 creatura
3636 3439 3690 3493 in

2112 3539 2305 3594 melius
2331 3538 2694 3592 mutabituret
2715 3537 2767 3590 in
2790 3536 3281 3604 incorruptionem.
3312 3532 3507 3588 Petrus
3542 3528 3688 3584 enim

2112 3629 2265 3691 dicit,
2317 3628 2503 3684 omnia
2563 3627 2746 3680 futura
2807 3640 2932 3680 esse
2982 3638 3120 3677 nova
3187 3623 3250 3675 “.
3306 3623 3374 3676 Et
3437 3619 3690 3672 Paulus:

2120 3739 2138 3773 ι
2173 3719 2311 3787 Quia
2357 3728 2412 3773 et
2468 3720 2585 3787 ipsa
2651 3725 2898 3772 creatura
2963 3713 3281 3768 liberabitur
3347 3725 3378 3765 a
3431 3708 3693 3765 servitute

2113 3809 2478 3877 corruptionis
2519 3808 2563 3840 ¹⁹
2592 3825 2610 3858 ι
2665 3823 2680 3858 :
2720 3814 2970 3860 creatura
3021 3810 3202 3858 autem
3255 3811 3312 3856 et
3357 3798 3689 3870 paradisus:

2107 3899 2206 3956 'llle
2236 3909 2414 3954 autem
2448 3897 2628 3968 potius
2659 3906 2747 3951 est
2805 3895 3066 3950 habitatio
3123 3893 3358 3949 filiorum
3420 3890 3537 3955 Dei,
3597 3881 3691 3958 qui

2111 4007 2210 4064 per
2232 3990 2581 4062 Unigenitum
2613 3991 2955 4044 incarnatqu
2989 3986 3190 4041 multas
3217 3984 3270 4038 in
3297 3985 3463 4040 domo
3511 3981 3690 4037 Patris

2115 4084 2430 4139 mansiones
2466 4081 2666 4136 habent
2692 4080 2738 4112 ’³
2771 4080 2822 4134 id
2851 4087 2936 4135 est
2986 4092 3126 4133 nova
3183 4075 3460 4132 creatione
3492 4071 3692 4142 ;qnasi

2127 4191 2279 4232 nova:
2306 4175 2435 4230 facti
2461 4183 2750 4237 creaturae,
2770 4171 3233 4241 incorruptionem
3268 4168 3521 4223 induunt.
3547 4164 3696 4232 Quo-

2122 4269 2280 4323 modo
2307 4276 2487 4322 autem
2517 4267 2633 4321 hate
2665 4267 2756 4318 fiat
2801 4264 3050 4325 mutatio,
3084 4261 3234 4316 novit
3285 4260 3377 4331 qui
3430 4257 3614 4313 omnia
3664 4271 3696 4308 e

2122 4362 2292 4416 nihilo
2327 4361 2471 4416 fecit.
2508 4359 2624 4414 Erit
2655 4359 2801 4414 enim
2835 4359 2888 4412 in
2917 4367 3107 4412 sancto
3138 4353 3368 4424 Spiritu.
3429 4349 3564 4404 Nam
3611 4347 3697 4403 di-

2118 4451 2304 4506 citur:
2341 4469 2360 4502 ι
2397 4450 2626 4506 Emittes
2675 4447 2936 4518 Spiritum
2966 4457 3117 4502 tuum
3153 4458 3211 4500 et
3258 4443 3610 4503 creabuntur,
3644 4452 3697 4492 et

2104 4539 2413 4607 ,reuovabis
2451 4539 2643 4594 faciem
2680 4547 2838 4594 terra:
2866 4537 2909 4569 "
2949 4536 3014 4591 Et
3043 4537 3184 4591 sicut
3231 4534 3373 4588 Deus
3435 4542 3694 4603 operatus

2120 4637 2207 4682 est
2237 4627 2417 4682 omnia
2452 4642 2574 4696 quae
2598 4635 2747 4690 sunt,
2782 4627 2856 4680 ita
2887 4626 2955 4679 ab
2987 4626 3108 4694 ipso
3148 4624 3202 4677 in
3267 4621 3464 4677 melius
3525 4632 3700 4674 muta-

2123 4719 2347 4772 buntur.
2382 4717 2446 4770 Et
2475 4718 2617 4773 sicut
2645 4727 2862 4786 propter
2896 4729 2996 4770 nos
3023 4729 3153 4769 caro
3187 4714 3388 4768 factum
3461 4711 3696 4764 Verbum

2123 4810 2281 4864 nobis
2309 4809 2490 4863 adhuc
2522 4809 2574 4863 in
2607 4809 2964 4876 corruptione
2984 4823 3042 4863 se
3087 4807 3382 4861 videndum
3444 4805 3695 4874 prmbnit,

2127 4901 2298 4954 multo
2333 4899 2505 4968 magis
2533 4899 2696 4969 eliget
2725 4899 2896 4953 videri
2933 4913 2961 4951 a
3001 4898 3164 4953 nobis
3216 4911 3340 4952 cum
3398 4895 3698 4962 incorrupti

2133 4992 2259 5048 facti
2294 4993 2561 5048 fuerimus
2595 5013 2609 5048 :
2643 5009 2752 5050 non
2814 4995 2960 5049 enim
3015 4993 3123 5048 nisi
3169 5008 3270 5064 pro
3334 4990 3488 5046 nobis
3544 4989 3701 5043 initio

2133 5088 2429 5158 assumpsit
2479 5103 2676 5159 corpus
2733 5089 3070 5160 hypostatice
3133 5089 3340 5142 unitum
3409 5083 3520 5139 Deo
3574 5098 3697 5138 cum

2131 5176 2336 5232 anima.
2363 5177 2468 5232 Per
2501 5178 2632 5233 illud
2663 5193 2794 5250 ergo
2825 5180 3006 5250 potius
3037 5178 3196 5232 nobis
3228 5185 3282 5232 et
3312 5191 3408 5244 per
3459 5174 3697 5229 animam

2131 5268 2337 5324 sanctis
2371 5270 2598 5340 angelis,
2634 5272 2832 5342 cuique
2871 5271 3170 5328 secundum
3199 5272 3471 5343 propriam
3541 5279 3701 5326 natu-

2133 5377 2248 5416 ram
2289 5362 2562 5419 videbitur
2607 5363 2740 5419 Nam
2809 5375 3094 5436 propterea
3134 5381 3352 5421 carnem
3407 5368 3704 5435 assumpsit

2136 5463 2194 5507 ut
2223 5452 2546 5510 familiarius
2589 5469 2710 5510 eum
2745 5456 3075 5526 videremus,
3111 5467 3164 5512 et
3202 5458 3378 5528 ipsum
3413 5457 3701 5527 participa-

2106 5558 2275 5628 Apoc.
2330 5563 2533 5628 “1,93,
2638 5567 2680 5598 ⁸⁸
2730 5565 2778 5621 «ll
2810 5566 2952 5624 Petr.
2989 5584 3066 5637 In,
3099 5569 3184 5624 l5.
3286 5569 3328 5600 "
3375 5567 3530 5624 Rom.
3579 5582 3695 5634 vnn,
