4064 6204
388 370 492 435 833

1197 354 1581 420 SYMEONIS
1618 350 1903 414 THESSA
1916 347 2375 410 LONICENSIS
2403 347 2769 409 ARCHIEP.

3523 345 3633 408 εει

390 480 598 551 scapis,
631 478 725 535 sed
757 485 813 534 ct
843 476 1067 533 cuilibet
1097 471 1320 530 clerico.
1354 470 1549 526 Omnis
1575 469 1759 538 itaque
1787 470 2016 531 sacer-4

2104 463 2456 531 ιγωνιζέοθω,
2488 465 2630 518 κατά
2658 462 2927 535 μοναχοὺς
2966 461 3088 533 ζῇν,
3118 462 3149 524 ἦ
3181 462 3274 517 καὶ
3292 463 3526 533 μοναχὶς
3556 480 3645 531 γε·

386 572 493 645 dos
520 585 643 625 cum
690 576 840 623 tanta
874 566 1077 637 polleat
1111 562 1400 632 dignitate,
1454 567 1643 614 sancte
1674 556 1842 609 vitam
1894 554 1972 606 in-

2083 555 2268 607 νέσθαι
2300 557 2443 610 κατὰ
2467 556 2659 624 καιρὸν
2686 555 2984 609 σπευδέτω.

392 665 607 731 stituat,
641 672 695 717 et
718 677 839 716 cum
892 658 1175 716 monachis
1205 657 1500 712 sanctitate
1530 660 1727 716 certet,
1768 662 1825 707 et
1857 651 1972 720 ipse
2021 664 2180 720 quasi
2246 652 2554 708 monachus
2611 650 2726 705 ﬁeri
2785 650 2893 703 vita
2946 664 3047 704 sua
3092 663 3191 719 pro
3247 650 3649 718 opportunitatt’

395 768 624 830 satagat.

871 845 1192 916 QUIESTIO
1243 844 1460 899 XXXIV
1478 887 1491 898 .

526 944 783 1010 Quianam
817 950 1031 1008 peccata
1061 948 1127 992 ad
1169 949 1387 992 mortem
1413 938 1518 991 sive
1562 937 1811 989 mortalia
1842 938 1866 986 ?

340 1032 346 1042 ’
412 1047 417 1052 ’
467 1040 701 1092 Peccata
759 1035 823 1088 ad
878 1041 1107 1087 mortem
1137 1031 1373 1100 {quidam
1414 1029 1605 1082 dicunt
1643 1042 1766 1082 csse
1809 1035 1967 1091 octo;

400 1132 527 1202 quia
558 1139 609 1185 et
632 1136 756 1183 octo
801 1137 930 1181 sunt
959 1125 1265 1196 passiones,
1318 1121 1709 1190 speciatimque
1741 1136 1971 1189 sequen-

401 1224 474 1276 tia
511 1229 758 1275 statuunt
794 1235 808 1271 :
846 1206 1195 1287 Negationem
1232 1212 1347 1277 Dei,
1383 1212 1759 1277 homicidium,
1793 1228 1966 1267 mere-

402 1312 649 1374 tricium,
674 1319 731 1365 et
772 1308 972 1364 similia
1008 1306 1060 1362 id
1095 1319 1287 1375 genus,
1321 1304 1603 1358 avaritiam
1639 1312 1695 1357 et
1738 1303 1860 1373 ejus
1894 1305 1972 1359 si-

405 1404 574 1463 milia,
607 1401 933 1473 pcrjurium,
979 1397 1347 1460 mendacium,
1381 1395 1692 1464 superbiam
1728 1404 1781 1448 et
1819 1410 1974 1449 arro-

401 1494 664 1563 gantiam.
689 1490 911 1544 Nullum
946 1499 1129 1543 autem
1162 1488 1353 1541 horum
1386 1487 1451 1540 ad
1483 1495 1712 1541 mortem
1735 1485 1840 1539 erit
1871 1484 1977 1537 illis

404 1584 498 1650 qui
531 1582 703 1645 amori
736 1582 826 1635 Dei
845 1589 898 1637 et
920 1580 1253 1650 paenitentiae
1278 1578 1517 1646 legitime
1539 1591 1659 1630 sese
1684 1576 1933 1630 dederint
1961 1592 1976 1640 ;

2625 839 2957 895 ΕΡΩΤΗΣΙΣ
2985 838 3106 893 ΔΔ’.

2288 933 2425 985 Τίνα
2468 931 2540 985 τὰ
2568 931 2718 998 πρὸς
2742 930 3001 985 θάνατον
3031 929 3453 998 ἀμαρτήματα;

2150 1022 2292 1093 Πρὸς
2318 1022 2547 1077 θάνατον
2579 1023 2955 1091 ἁμαρτήματα
3001 1019 3145 1073 ὀκτώ
3184 1036 3347 1087 φασιν
3394 1015 3534 1071 εἶναί
3568 1034 3656 1069 τι-

2079 1133 2188 1178 νες,
2243 1115 2368 1168 ἐπεὶ
2428 1117 2521 1167 καὶ
2561 1113 2706 1167 ὀκτὼ
2755 1114 2823 1166 τά
2865 1112 3049 1180 πάθη·
3084 1111 3376 1179 ἐξαιρέτως
3405 1110 3462 1161 δέ
3518 1106 3657 1160 εἶναι

2077 1207 2272 1273 ταῦτα,
2307 1206 2535 1276 ἄρνησιν
2585 1204 2743 1270 Θεοῦ,
2796 1203 2976 1274 ᾠνον.
3025 1201 3287 1273 πορνείαν
3324 1204 3418 1255 καὶ
3452 1202 3517 1252 τὰ
3561 1204 3661 1251 συν

2082 1299 2243 1369 αὑτῇ,
2270 1298 2636 1367 φιλαργυρίαν
2660 1298 2753 1350 καὶ
2778 1297 2845 1349 τὰ
2868 1295 3060 1363 αὑτῆς,
3093 1294 3401 1359 ἐπιορκίαν,
3438 1292 3658 1360 ψεῦδος,

2084 1388 2491 1458 ὑπερηφανίαν,
2521 1389 2617 1440 καὶ
2648 1387 2844 1455 οἴησιν.
2878 1384 3047 1440 Οὑδὲν
3076 1386 3132 1439 δέ
3162 1384 3367 1437 τούτων
3402 1382 3656 1455 πρὶςοῦά-

2082 1497 2241 1533 νατον
2270 1480 2647 1549 φιλανθρωπίᾳ
2682 1478 2816 1545 Θεοῦ
2861 1481 2973 1540 τοῖς
3023 1477 3349 1547 μετανοοῦσι
3399 1477 3653 1546 γνησίως,

2085 1578 2135 1625 εί
2170 1572 2244 1643 μὴ
2284 1573 2344 1625 τὸ
2376 1572 2566 1625 ἑαυτὸν
2597 1572 2926 1633 Θανατῶσαι,
2951 1572 3043 1624 καὶ
3081 1571 3140 1623 τὸ
3185 1569 3498 1636 ἀπογνῶναι
3536 1571 3650 1621 ἐαυ-

405 1687 459 1726 et
492 1672 597 1726 nisi
629 1688 659 1725 ο
707 1681 894 1726 contra
927 1671 1136 1741 seipsos
1171 1669 1328 1722 morti
1382 1666 1600 1721 tradant
1645 1666 1726 1718 vel
1773 1664 1967 1736 despe-
2008 1650 2016 1709 Ῑ

2104 1662 2201 1727 τοῦ,
2227 1663 2322 1716 καὶ
2353 1664 2413 1715 τὸ
2438 1663 2785 1733 ὑπερηφανία
2810 1666 2904 1716 καὶ
2936 1664 3111 1734 οἰήσει
3138 1662 3402 1733 ἐκστῆναι
3427 1661 3517 1714 τοῦ
3543 1661 3657 1724 νοῦ,

407 1764 603 1830 rando,
634 1763 712 1817 vel
744 1777 839 1816 cor
869 1762 1119 1831 superbia
1147 1770 1199 1815 et
1233 1760 1542 1828 arrogantia
1591 1757 1847 1823 inﬂando,
1893 1757 1976 1812 vel

409 1854 836 1923 blasphemando
870 1861 1057 1907 contra
1103 1853 1291 1904 Deum.

895 1958 1221 2025 QUAESTlO
1276 1957 1491 2012 XXXV.

412 2077 546 2133 Cum
577 2077 835 2145 principes
898 2073 1231 2129 sacerdotum
1261 2074 1366 2127 sint
1399 2074 1614 2137 perinde
1654 2077 1982 2141 patriarcha,

484 2147 818 2213 metropolita
870 2156 919 2198 et
945 2147 1235 2215 episcopus,
1259 2160 1499 2215 quwnam
1527 2146 1659 2196 inter
1689 2145 1807 2198 iflos
1837 2146 1983 2215 diffe-

485 2217 674 2281 rentia,
704 2224 752 2268 et
778 2217 1032 2284 quomodo
1063 2214 1200 2265 alius
1235 2213 1342 2266 alio
1374 2213 1441 2265 sit
1476 2216 1715 2280 superior
1753 2216 1776 2266 Ρ

485 2330 676 2386 Gratia
708 2340 761 2384 et
795 2338 1059 2399 potestate
1091 2328 1365 2397 pontiﬁcis
1399 2326 1546 2381 nulla
1575 2327 1803 2381 interest
1831 2326 1986 2382 dilic-

414 2425 593 2477 rentia
634 2422 776 2477 inter
832 2421 1196 2493 patriarcham
1234 2429 1288 2473 ct
1345 2419 1787 2488 metropolitani,
1844 2419 1989 2472 inter

419 2510 822 2580 metr0po|itam
858 2525 911 2565 et
951 2510 1290 2578 episcOpum.
1328 2507 1531 2562 Eadem
1567 2510 1713 2561 enim
1758 2508 1990 2576 quisque

420 2604 616 2657 horum
651 2601 764 2670 agit
791 2608 847 2655 et
888 2609 1085 2670 potest.
1128 2598 1235 2655 Sed
1268 2600 1449 2669 quoad
1479 2599 1731 2655 ordinem
1762 2600 1909 2655 sedis
1938 2611 1993 2654 et

420 2691 799 2747 auctoritatem
846 2700 900 2745 et
955 2690 1223 2746 rationem
1281 2690 1640 2762 subjectionis
1693 2699 1747 2746 et
1802 2706 1989 2745 curam

419 2800 609 2841 eorum
655 2785 748 2856 qui
796 2786 899 2854 ipsi
942 2785 1357 2840 committuntur
1406 2784 1630 2853 regendi
1682 2785 1991 2854 patriarcha

422 2879 583 2934 Pater
611 2887 694 2934 est
725 2878 965 2932 omnium
999 2888 1054 2932 et
1080 2884 1265 2947 caput,
1304 2877 1679 2947 metropolitas
1724 2887 1776 2931 ct
1812 2876 1995 2931 archi-

2085 1758 2177 1809 καὶ
2211 1757 2355 1809 κατὰ
2381 1755 2517 1809 Θεοῦ
2553 1756 2923 1826 βλασφημεῖν.

2635 1959 2972 2011 ΕΡΩΊῊΣΙΣ
3006 1957 3131 2012 ΛΕ’.

2082 2074 2148 2127 El
2177 2071 2490 2141 ἀρχιερεὺς
2541 2073 2758 2138 ὁμοίως
2804 2073 3180 2139 πατριάρχης
3214 2073 3661 2140 μητροπολίτης

2156 2160 2220 2195 τε
2251 2142 2347 2195 καὶ
2380 2144 2737 2211 ἐπίσκοπος,
2767 2142 2892 2208 πῶς
2925 2144 3181 2211 διαφορὰ
3218 2143 3287 2196 ἐν
3306 2143 3503 2205 αὐτοῖς
3521 2159 3541 2206 ;
3563 2143 3662 2195 καί

2158 2211 2283 2277 πῶς
2314 2213 2590 2282 ὑπερέχει
2622 2204 2848 2277 cierat?
2869 2204 3075 2279 ἓτέρού

2174 2327 2231 2376 Ὀ
2284 2326 2633 2395 πατριάρχης
2678 2327 3104 2396 μητροπολίτου,
3159 2327 3190 2395 ἢ
3256 2328 3660 2397 μητροπολίτης

2088 2416 2414 2478 ἐπισκόπου,
2449 2416 2591 2469 κατὰ
2622 2417 2785 2486 χάριν
2820 2417 2914 2468 καὶ
2949 2418 3233 2485 ἐνέργειαν
3262 2420 3362 2485 τῆς
3391 2420 3661 2487 ἀρχιερω-

2091 2502 2259 2573 σύνης
2288 2505 2546 2574 οὐδεμίαν
2567 2506 2684 2576 ἔχει
2706 2508 2993 2578 διαφοράν.
3026 2509 3106 2561 Τά
3133 2510 3275 2563 αὑτά
3317 2512 3427 2580 γάρ
3452 2514 3668 2582 ἐνεργεῖ

2093 2594 2189 2649 καὶ
2214 2594 2439 2649 δύναται
2468 2597 2721 2660 ἕκαστος.
2754 2599 2911 2651 Κατὰ
2932 2598 2991 2650 δὲ
3019 2599 3119 2669 τὴν
3147 2599 3301 2665 τάξιν
3332 2602 3426 2654 τοῦ
3472 2602 3665 2673 Θρόνου

2092 2689 2188 2743 καὶ
2213 2689 2311 2758 τὴν
2344 2689 2519 2760 ἀρχὴν
2551 2691 2644 2745 καὶ
2676 2692 2767 2744 τὸν
2799 2691 2898 2759 τῆς
2931 2694 3211 2762 ὑποταγῆς
3234 2694 3413 2761 λόγον,
3449 2696 3546 2750 καὶ
3569 2696 3666 2766 τὴν

2094 2781 2174 2843 εἰς
2226 2780 2351 2844 τοὺς
2398 2780 2491 2848 ὑφ’
2509 2782 2676 2837 αὑτὸν
2707 2781 2995 2846 τελοῦντας
3044 2783 3321 2852 πρόνοιαν,
3353 2787 3381 2839 ὁ
3412 2785 3511 2854 μὲν
3561 2803 3669 2840 πα-

2094 2872 2361 2943 τριάρχης
2391 2873 2581 2944 Πατήρ
2611 2875 2725 2929 ἐστι
2766 2875 2984 2930 πάντων
3028 2879 3122 2932 καὶ
3169 2878 3403 2947 κεφαλὴ,
3447 2880 3575 2943 τούς
3606 2897 3670 2934 τε

422 2969 711 3039 episcopos
741 2968 1027 3033 ordinans,
1083 2978 1136 3024 et
1190 2967 1442 3036 judicans
1478 2983 1583 3023 una
1630 2983 1753 3022 cum
1809 2978 1994 3023 sancta

2104 2963 2503 3033 μητροπολίτας
2552 2966 2650 3020 καὶ
2694 2968 3159 3037 ἀρχιεπισκόπους
3211 2971 3532 3041 χειροτονῶν
3578 2973 3673 3025 καὶ

423 3062 654 3132 synodo,
694 3060 798 3129 ipsi
845 3060 1093 3114 omnium
1144 3060 1562 3115 commissorum
1615 3074 1747 3113 cura
1778 3068 1862 3115 est
1898 3060 1993 3113 ha-

427 3154 625 3207 benda.
672 3151 874 3206 Deinde
924 3152 1270 3219 nietropolita
1319 3162 1474 3220 pater
1523 3160 1607 3205 est
1665 3166 1886 3221 quoque
1943 3158 1997 3203 et

425 3254 588 3313 caput
613 3258 835 3296 suorum
872 3245 1254 3311 cpiscoporum
1281 3252 1333 3294 et
1358 3241 1683 3294 clericorum
1714 3257 1849 3310 quos
1883 3256 1998 3294 om-

430 3350 525 3387 nes
560 3333 799 3396 ordinat,
823 3342 872 3385 el
904 3333 1070 3385 totius
1099 3346 1211 3385 sua:
1249 3332 1539 3398 provincia:
1567 3341 1619 3384 et
1654 3330 1915 3384 Dominus
1946 3342 2000 3385 ct

434 3432 806 3500 llispensator,
846 3443 1007 3498 quam
1042 3443 1165 3481 cum
1211 3427 1356 3480 omni
1390 3426 1653 3495 sepientia
1689 3442 1874 3496 regere
1905 3429 1998 3482 de-

402 3510 403 3513 i
430 3526 537 3577 lict.
574 3522 874 3590 Episcopus
904 3518 1137 3584 denique
1169 3527 1222 3573 et
1252 3516 1414 3572 Pater
1448 3526 1501 3573 et
1536 3527 1700 3587 caput
1726 3529 1809 3575 est
1841 3520 2001 3576 cleri-

430 3625 617 3665 corum
664 3619 717 3664 et
751 3609 1011 3663 laicorum
1073 3608 1127 3662 in
1181 3608 1401 3678 regione
1455 3609 1557 3677 ipsi
1591 3610 1880 3665 commissa
1910 3611 2001 3666 de-

435 3706 700 3776 gentium.
728 3702 896 3773 Igitur
927 3703 1230 3757 secundum
1262 3717 1509 3756 normam
1535 3704 1768 3774 desuper
1794 3720 1824 3759 e
1864 3704 2003 3760 coelo

435 3800 798 3852 constitutam
839 3804 893 3851 et
920 3795 1157 3852 divinam
1191 3793 1555 3851 obedientiam
1593 3796 1885 3866 episcopus
1924 3808 2005 3852 est

435 3891 667 3946 inferior
702 3889 1113 3959 archiepiscopo
1142 3904 1267 3953 suo,
1296 3899 1349 3943 et
1379 3890 1480 3959 ipsi
1512 3889 1921 3955 subordinatur,
1953 3899 2007 3945 et

437 3985 505 4038 ab
536 3983 654 4053 ipso
686 3982 962 4052 iudicatur
1023 3983 1169 4038 sicut
1220 3990 1274 4036 et
1327 3984 1585 4051 episcopo
1643 3982 2009 4051 subjiciuntur

437 4076 557 4144 ejus
604 4075 787 4129 clerici
833 4082 889 4127 et
926 4074 1068 4129 laici.
1129 4072 1467 4142 Metropolita
1503 4088 1629 4126 vero
1682 4075 2010 4143 patriarcha

439 4168 632 4221 subest
658 4177 713 4219 et
743 4165 953 4237 synodo
982 4166 1075 4221 sed
1112 4182 1220 4219 non
1256 4164 1547 4233 subjicitur
1586 4165 1856 4235 episcopis
1901 4179 2013 4221 suae

439 4258 756 4325 prmincim.
801 4256 904 4311 Sed
952 4257 1262 4325 patriarcha
1300 4264 1454 4311 estne
1485 4258 1587 4311 sub
1630 4255 1822 4325 majori
1851 4269 2014 4327 syno-

2102 3054 2411 3124 ἀνακρίνων
2456 3055 2554 3109 σὺν
2583 3058 2651 3127 τῇ
2679 3059 2800 3130 ἱερᾷ
2831 3060 3052 3130 συνόδῳ,
3088 3064 3181 3114 καὶ
3208 3061 3425 3115 πάντων
3455 3064 3675 3132 φροντί-

2102 3146 2216 3211 ζειν
2250 3148 2480 3217 ὀφείλων
2520 3150 2627 3203 τῶν
2655 3151 2747 3204 ὑπ’
2776 3152 2956 3205 αὑτόν.
2994 3152 3054 3205 '0
3083 3152 3139 3205 δέ
3167 3170 3231 3221 γε
3261 3153 3672 3225 μητροπολίτης

2106 3240 2291 3309 Πατήρ
2324 3244 2441 3294 ἐστι
2476 3243 2637 3295 πάλιν
2670 3244 2763 3297 καλ.
2791 3242 2999 3313 κεφαλὴ
3025 3244 3133 3297 τῶν
3167 3245 3479 3299 ἐπισκόπων
3506 3247 3673 3307 αὑτοῦ

2106 3332 2335 3385 καὶτῶν
2367 3333 2664 3402 κληρικῶν,
2703 3336 2950 3399 ἅπαντας
2994 3339 3334 3407 χειροτονῶν,
3369 3339 3462 3391 καὶ
3494 3341 3676 3407 πάσης

2107 3424 2203 3492 τῆς
2249 3425 2443 3479 ἐαυτοῦ
2472 3427 2743 3497 ἐπαρχίας
2777 3429 2960 3498 ἄρχων
2990 3447 3050 3481 τε
3091 3431 3183 3482 καὶ
3212 3429 3509 3500 διοικητὴς,
3540 3433 3675 3486 ταὺ-

2106 3534 2205 3583 την
2238 3517 2415 3581 κῖλλῶς
2448 3519 2677 3587 ὀφείλων
2701 3521 3024 3591 οἰκονομεῖν.
3067 3523 3125 3575 Ὀ
3157 3523 3213 3576 δέ
3246 3541 3308 3592 γε
3350 3525 3673 3589 ἐπίσκοπος,

2112 3608 2302 3678 Πατήρ
2342 3625 2401 3663 τε
2437 3612 2529 3662 καὶ
2559 3612 2767 3682 κεφαλὴ
2803 3615 2909 3665 τῶν
2953 3614 3231 3684 κληρικῶν
3264 3632 3323 3667 τε
3355 3617 3446 3669 καὶ
3474 3617 3677 3671 λαῖκῶν

2110 3701 2216 3753 τῶν
2240 3701 2344 3755 ὑπὸ
2372 3701 2472 3769 τὴν
2502 3704 2714 3772 ἐνορίαν
2738 3703 2923 3759 αὑτοῦ.
2951 3706 3059 3758 Καὶ
3091 3707 3386 3767 ἐπίσκοπος
3411 3708 3510 3777 μὲν
3540 3690 3682 3762 κατὰ

2110 3789 2209 3860 τὴν
2243 3790 2447 3846 ἄνωθεν
2484 3792 2735 3862 οὐράνιον
2765 3793 2920 3859 τάξιν
2951 3812 3008 3847 τε
3042 3801 3131 3849 καὶ
3159 3798 3427 3867 ὑπακοὴν,
3455 3800 3681 3873 ὑπόκει-

2111 3898 2202 3935 ται
2222 3883 2299 3951 τῷ
2325 3882 2740 3953 άρχιεπισκόπῳ
2767 3885 2954 3951 αὑτοῦ,
2987 3889 3081 3942 καὶ
3110 3888 3475 3943 ὑποτάσσεται
3508 3891 3679 3961 αὑτῷ,

2117 3974 2214 4028 καὶ
2240 3976 2483 4045 κρίνεται
2511 3974 2603 4027 ὑπ’
2626 3976 2812 4040 αὑτοῦ,
2832 3978 2907 4041 ὡς
2931 3980 3023 4031 καὶ
3049 3980 3154 4033 ὑπὸ
3176 3981 3270 4033 τοῦ
3306 3982 3605 4035 ἐπισκόπου
3630 3984 3679 4035 οἱ

2115 4068 2367 4137 κληρικοὶ
2417 4068 2581 4124 αὑτοῦ
2631 4088 2689 4124 τε
2738 4070 2832 4123 καὶ
2865 4070 3059 4125 λαῖκοί.
3098 4072 3155 4124 Ὀ
3194 4073 3595 4141 μητροπολίτης
3624 4073 3681 4127 δὲ

2118 4158 2222 4210 ὑπὸ
2252 4158 2343 4211 τοῦ
2378 4161 2716 4232 πατριάρχου
2773 4162 2868 4215 καὶ
2920 4162 3019 4230 τῆς
3071 4164 3310 4227 συνόδου,
3349 4165 3410 4215 οὑ
3439 4164 3547 4234 μὴν
3577 4164 3680 4217 ὑπὸ

2118 4246 2225 4299 τῶν
2262 4250 2571 4304 ἐπισκόπων
2604 4251 2789 4305 αὑτοῦ.
2832 4252 2893 4303 Ὀ
2946 4251 3290 4322 πατριάρχης
3336 4252 3393 4305 δέ
3437 4253 3542 4305 ὑπὸ
3588 4257 3683 4321 τῆς

442 4348 553 4401 do?
585 4347 748 4401 Certe
779 4348 1019 4416 quidem,
1054 4346 1171 4403 haec
1190 4345 1372 4398 omnia
1411 4352 1542 4399 sunt
1571 4344 1777 4415 optime
1809 4354 2009 4399 statuta

2117 4341 2358 4412 μεγάλης
2384 4343 2637 4409 συνόδους
2667 4346 2775 4398 Καὶ
2800 4345 2969 4409 ὅντως
2994 4346 3164 4399 ταῦτα
3189 4347 3331 4399 κατὰ
3362 4347 3513 4401 θείαν
3546 4349 3683 4400 εἰσὶν

365 4500 368 4504 λ
440 4437 788 4492 ordinatione
844 4435 1151 4489 admirabili
1214 4444 1269 4488 ct
1322 4435 1534 4490 caelesti
1597 4436 2011 4490 constitutione.

446 4525 835 4595 Unusquisque
860 4524 1021 4594 igitur
1043 4524 1268 4594 pulchre
1289 4525 1639 4579 constituitur
1657 4526 1759 4580 sub
1799 4525 2017 4595 regimi-

447 4633 518 4672 ne
546 4630 732 4670 eorum
758 4632 787 4670 a
816 4616 1015 4685 quibus
1032 4615 1227 4684 accipit
1259 4615 1680 4672 ordinationem.
1705 4616 1781 4671 Ea
1813 4617 2017 4673 solum-

447 4710 611 4764 modo
642 4725 763 4779 qute
797 4711 865 4765 ad
920 4710 1078 4764 ﬁdem
1134 4718 1417 4779 spectant,
1472 4717 1528 4763 ut
1582 4717 1710 4763 sunt
1761 4711 2018 4765 omnibus

448 4801 699 4857 ﬁdelibus
732 4802 1066 4868 communia,
1100 4802 1167 4855 ab
1195 4801 1451 4857 omnibus
1493 4811 1547 4856 et
1588 4800 1933 4870 patriarchis,
1966 4808 2020 4856 ct

452 4896 881 4967 archiepiscOpis
915 4904 968 4950 et
1001 4895 1275 4964 episcOpis
1307 4896 1673 4949 communiter
1707 4895 2018 4965 approban-

453 4996 543 5042 tur
570 4998 623 5041 et
648 4994 985 5048 statuuntur,
1015 4984 1235 5038 decreto
1260 4985 1404 5053 quod
1436 5000 1501 5039 ex
1532 4984 1706 5039 sacris
1726 4983 2021 5053 Scripturis

352 5096 355 5099 ‘
448 5078 787 5141 desumitur,
841 5088 896 5131 ct
960 5078 1041 5131 sic
1118 5075 1505 5129 convenienter
1564 5074 2019 5131 determinantur.

450 5170 697 5241 Quisque
740 5168 908 5239 igitur
959 5176 1175 5223 maneat
1218 5167 1273 5219 in
1319 5180 1419 5220 suo
1451 5165 1642 5219 ordine
1705 5167 1847 5221 sicut
1880 5174 1933 5220 et
1967 5166 2021 5220 in

452 5262 639 5316 futuro
666 5262 792 5324 crit,
818 5268 1050 5314 testante
1081 5259 1272 5324 Paulo,
1307 5257 1553 5326 apostolo
1585 5257 1951 5312 sanctissimo.

924 5370 1254 5436 QUIESTIO
1311 5368 1549 5424 XXXVI.

459 5485 599 5539 Nam
634 5485 821 5537 bonum
849 5501 911 5537 ac
939 5484 1268 5553 probandum
1302 5484 1371 5537 sit
1401 5483 1539 5552 quod
1594 5484 1819 5550 episcopi
1852 5483 2025 5550 {acul-

529 5565 686 5607 talem
716 5555 846 5606 dant
891 5555 1157 5606 monachis
1188 5555 1532 5622 confessiones
1564 5564 1895 5619 peccatorum
1930 5570 2027 5605 au-

528 5624 724 5686 diendi,
759 5633 917 5691 atque
952 5624 1004 5675 Ιιὶ
1065 5623 1180 5676 licet
1209 5628 1504 5676 sacerdotes
1537 5638 1637 5674 non
1679 5622 1806 5685 sint,
1832 5625 2026 5688 promi-

531 5709 653 5745 scue
685 5694 989 5745 bettedicunt
1020 5703 1067 5744 et
1102 5696 1377 5745 remittunt
1408 5704 1617 5759 petram
1642 5695 1667 5742 ἵ

428 5824 435 5828 .
535 5788 646 5855 Ego
702 5800 917 5855 quoque
980 5785 1193 5848 audivi,
1254 5788 1341 5853 qui
1419 5787 1569 5838 ﬂeret
1632 5794 1687 5836 ut
1746 5784 2023 5839 monachis

2118 4431 2373 4498 εὐταξίαν
2402 4450 2461 4485 τε
2498 4434 2591 4486 καὶ
2620 4437 2956 4489 κατάστασιν
2991 4436 3087 4507 τὴν
3119 4438 3386 4506 οὐράνιον.
3419 4437 3687 4498 Ἕκαστος

2117 4521 2226 4592 γὰρ
2254 4524 2345 4591 ὑφ⁹
2370 4516 2444 4576 ὧν
2654 4530 3055 4595 χειροτονεῖται,
3078 4528 3451 4581 διευθετεῖται.
3487 4530 3565 4581 Τὰ
3592 4530 3688 4593 τῆς

2119 4615 2352 4677 πίστεως
2382 4616 2438 4669 δὲ
2471 4619 2606 4685 μόνα
2632 4616 2707 4679 ὡς
2738 4618 2895 4671 κοινά
2942 4621 3075 4671 πᾶσι
3107 4622 3334 4683 πιστοῖς.
3374 4622 3525 4689 παρὰ
3554 4621 3688 4672 πάι,-

2121 4724 2229 4761 των
2268 4709 2622 4779 πατριαρχῶν
2653 4727 2713 4764 τε
2748 4713 2841 4763 καὶ
2868 4711 3314 4781 ἀρχιεπισκόπων
3347 4714 3437 4766 καὶ
3470 4715 3687 4766 ἐπισκό-

2122 4818 2242 4854 πων
2283 4802 2474 4863 κοινῶς
2509 4802 2891 4871 δοκιμάζεται,
2925 4806 3019 4857 aut
3046 4805 3146 4873 τὴν
3180 4805 3456 4873 ἀπόφασιν
3489 4807 3552 4857 ἐκ
3585 4806 3688 4857 τῶν

2123 4892 2282 4944 ὑείων
2324 4892 2555 4961 Γραφῶν
2600 4894 2834 4962 δέχεται,
2866 4897 2957 4949 καὶ
3006 4896 3391 4965 προσηκόντως
3424 4898 3684 4965 ὁρίζεται.

2124 4985 2393 5049 Ἕκαστος
2425 4982 2518 5038 οὖν
2549 4986 2757 5048 μενέτω
2800 4989 2857 5039 ἐν
2891 4987 2965 5057 τῷ
2994 4989 3183 5057 οἰκείῳ
3209 4988 3467 5057 τάγματι,
3499 4989 3572 5049 ὡς
3602 4991 3693 5040 καὶ

2126 5078 2184 5130 ἐν
2240 5078 2317 5147 τῷ
2376 5078 2621 5146 μέλλοντι
2667 5078 2841 5144 ἔσται,
2894 5080 3036 5134 καθὰ
3084 5080 3294 5142 Παῦλος
3335 5082 3612 5150 μαρτυρεῖ
3660 5082 3687 5131 ὀ

2126 5167 2421 5233 Θειότατος.

2667 5374 2998 5427 cperim:
3031 5376 3165 5441 Δεῖν.
3448 5394 3495 5417 εν

2142 5487 2462 5553 Ἀρχιεῃεῶ
2494 5487 2703 5540 ἄδειαν
2732 5488 2971 5541 δίδουσι
3014 5486 3325 5556 μοναχοῖς.
3365 5485 3698 5556 λογισμοὺς

2198 5557 2513 5622 δέχεσθαιο
2572 5557 2627 5608 οἳ
2676 5556 2771 5609 καὶ
2810 5558 2984 5624 χωρίς
3015 5554 3342 5624 ίι-Γωσῗιῗννης
3372 5554 3697 5624 sitim-05m

2202 5627 2293 5746 ὖὲὶ
2327 5626 2749 5693 συγχωροῦσιν
2794 5623 3149 5694 ἀδιαφόρως.
3179 5623 3317 5693 Ἀρι(
3348 5623 3525 5676 τοῦτο
3555 5623 3698 5691 ἁγνι-

2277 5711 2349 5746 νε

2211 5788 2511 5840 Ἥκουσται
2570 5788 2759 5857 κάμοὶ,
2802 5787 2875 5852 ὡς
2910 5790 3158 5857 μοναί-οῖς
3220 5788 3453 5851 ἰδιώταις
3504 5787 3695 5841 δίδοται

2021 5926 2070 5935 Α..
2089 5919 2161 5934 μιν
