4064 6204
447 304 549 369 887

1264 306 1660 369 SYMEONIS
1693 308 2465 372 THESSALONICENSIS
2506 308 2881 373 ARCHIEP.

3597 306 3703 370 888

440 422 764 480 consulatur
796 427 1019 491 oportet
1044 426 1103 475 ut
1133 419 1386 489 pluribus
1422 422 1657 492 stipatur
1691 425 2030 495 presbyteris

2139 426 2547 498 πρεσϐυτέρους
2572 426 2721 497 ἔχειν
2746 424 2843 480 καὶ
2879 422 3180 487 διακόνους.
3216 422 3330 477 Kal
3368 417 3525 475 τοῦτο
3571 422 3707 489 μᾰλο

434 526 492 571 et
519 513 883 579 diaconihus;
942 512 1033 583 qui
1072 512 1117 568 si
1169 513 1427 569 deﬁciant
1466 515 1657 569 saltem
1698 530 1842 570 unus
1887 532 2025 584 prae-

441 618 528 664 sto
554 609 626 663 sit
657 606 941 676 presbyter
982 616 1037 661 et
1082 623 1225 662 unus
1259 607 1525 662 diaconus
1563 625 1577 662 :
1610 609 2027 677 praesertimquc

439 712 495 762 in
554 698 997 769 ordinationibus
1047 707 1264 768 oportet
1311 708 1608 769 prasentes
1651 713 1771 753 esse
1804 700 2025 768 presby-

440 795 584 841 teros
636 796 691 842 et
739 768 1001 843 diae'onos
1037 790 1130 857 qui
1183 788 1515 843 ordinandos
1572 787 1923 843 introducant
1970 798 2024 842 et

439 881 631 935 osculo
688 881 958 949 recipiant
1012 882 1103 948 qui
1145 888 1277 935 sunt
1329 879 1577 950 ejusdem
1610 880 1821 934 ordinis
1856 891 1910 934 et
1945 881 2023 934 sic

439 980 645 1027 sanetae
680 972 879 1041 regula":
904 972 1063 1039 plene
1093 970 1515 1040 adimpleantur.
1554 970 1811 1023 Videmus
1842 978 2019 1022 tamen

438 1079 680 1133 persaepe
712 1066 1025 1133 pontiﬁcem
1078 1071 1265 1118 sancta
1293 1061 1566 1117 conﬁcere
1600 1063 1777 1116 solum
1809 1062 2020 1116 defectu

440 1155 794 1219 clericorum,
839 1155 894 1207 in
953 1154 1197 1210 basilicis
1247 1169 1385 1222 quas
1446 1153 1589 1206 inter
1643 1153 1759 1205 \‘ias
1815 1152 2019 1207 visitat.

436 1248 616 1302 Alium
647 1263 864 1317 quoque
896 1247 989 1301 tali
1032 1262 1195 1316 posse
1229 1246 1470 1317 gaudere
1500 1244 1837 1311 indulgentia
1876 1244 2023 1311 judi-

436 1339 709 1402 cahimus,
744 1341 835 1408 qui
870 1339 1152 1409 inopinate
1190 1347 1246 1393 et
1290 1339 1409 1393 sine
1442 1352 1593 1391 mora
1628 1336 1693 1389 ad
1736 1336 2018 1391 celebran-

435 1432 565 1485 dum
623 1431 780 1502 quasi
838 1431 1049 1498 cogitur
1106 1430 1423 1485 necessitati
1498 1438 1556 1482 ut
1628 1428 2015 1497 mysteriorum

432 1521 638 1577 Christi
666 1522 826 1577 alicui
862 1529 1085 1591 praestet
1117 1524 1580 1579 communionem.
1618 1524 1722 1579 Sed
1767 1523 2019 1591 quamvis

431 1614 730 1682 quominus
759 1615 1006 1669 alisolute
1052 1616 1144 1667 θαι
1194 1615 1329 1669 nihil
1360 1615 1568 1678 obstat,
1602 1623 1787 1671 rectus
1835 1625 2015 1669 tamen

433 1705 738 1760 servandus
768 1716 855 1761 est
887 1706 1043 1770 ordo,
1079 1708 1375 1775 prasertim
1410 1708 1462 1761 in
1494 1706 1932 1764 ordinationibus
1962 1714 2017 1761 et

2134 520 2224 573 λον
2252 521 2415 572 τυποῖ
2462 520 2521 571 τὸ
2572 519 2663 571 τὸν
2718 517 2922 585 Κύριον
2983 514 3122 584 μετὰ
3165 513 3275 566 τῶν
3325 510 3586 581 μαθητῶν
3624 508 3705 562 εῖ-

2127 627 2238 666 ναι.
2274 610 2337 662 El
2381 607 2438 661 δέ
2475 626 2537 675 γε
2584 609 2779 669 σπάνις
2827 606 3126 675 κληρικῶν,
3164 605 3271 657 κᾶν
3325 598 3407 666 εἷς
3468 601 3703 672 πρεσϐύ-

2133 718 2313 767 τερος,
2356 701 2451 754 καὶ
2489 697 2572 762 εἷς
2605 700 2857 769 διάκονος
2896 698 3058 759 ἔστω,
3094 696 3189 751 καὶ
3234 693 3438 765 μᾶλλον
3486 694 3542 745 ἐν
3584 695 3707 755 ταῖς

2128 792 2488 862 χειροτονίαις
2518 792 2623 862 χρὴ
2661 789 3069 860 πρεσϐυτέρους
3100 784 3241 841 εἶναι
3269 787 3365 839 καὶ
3404 786 3706 847 διακόνους,

2127 884 2214 936 ἵνα
2253 886 2345 938 καὶ
2377 885 2507 955 παρ’
2545 883 2727 937 αὐτῶν
2760 883 3110 953 προσάγηται
3140 882 3168 934 ό
3198 876 3704 950 χειροτονούμενος.

2125 973 2222 1026 καὶ
2273 976 2300 1026 ὁ
2344 973 2639 1043 ἀσπασμὸς
2670 974 2898 1042 γένηται
2950 973 3088 1042 μετὰ
3122 971 3229 1023 τῶν
3263 968 3576 1037 ὁμοταγῶν,
3612 969 3709 1017 καὶ

2125 1070 2197 1121 τὰ
2234 1068 2336 1137 τῆς
2372 1067 2582 1134 τάξεως
2621 1066 2937 1136 ἑκτελῆται.
2966 1066 3196 1134 Εῐδομεν
3226 1064 3284 1117 δὲ
3316 1065 3410 1115 καὶ
3449 1062 3613 1127 μόνον
3653 1062 3713 1111 ὲν

2125 1160 2461 1230 ἀποδημίαις
2513 1159 2827 1231 βασιλικαῖς
2876 1158 3141 1227 ἀρχιερέα
3198 1155 3287 1208 διὰ
3347 1154 3542 1207 σπάνιν
3577 1153 3712 1219 κληο

2127 1252 2299 1323 ρικῶν
2355 1252 2618 1317 πολλάκις
2676 1252 3136 1323 ίερουργήσαντα.
3197 1249 3302 1302 Kal
3546 1247 3711 1300 ἄλλον

2124 1344 2335 1398 ἔνδοσιν
2379 1344 2661 1413 είληφότα,
2694 1347 2786 1397 καὶ
2838 1340 3104 1402 κελλικῶς
3154 1341 3297 1393 κατὰ
3353 1340 3545 1407 χρείαν
3608 1337 3714 1406 μό-

2122 1452 2214 1488 νον
2271 1435 2367 1488 καὶ
2427 1434 2717 1488 κοινωνίαν
2752 1426 2884 1488 ’τῶν
2934 1428 3712 1501 μυστηρίιυνίίερουργοῦντα.

2135 1526 2279 1580 Ἀλλ’
2332 1529 2379 1581 εί
2439 1529 2535 1581 καὶ
2594 1527 2749 1581 οὐδὲν
2789 1528 2851 1579 τδ
2901 1524 3133 1587 κωλῦον,
3166 1523 3317 1592 ὅμως
3370 1523 3467 1574 καὶ
3511 1522 3577 1574 τὰ
3609 1522 3714 1586 τῆς

2122 1618 2379 1684 εὐταξίας
2434 1619 2730 1689 τηρητέον,
2798 1620 2892 1671 καὶ
2960 1617 3159 1688 μᾶλλον
3222 1621 3280 1670 ἐν
3346 1613 3713 1685 χειροτονίαις

2121 1711 2215 1763 καῖ
2278 1710 2584 1773 καθολικοῖς
2650 1712 2819 1779 ναοῖς,
2885 1710 2981 1762 καὶ
3050 1708 3180 1762 λαοῦ
3243 1708 3512 1779 παρΰντος
3582 1707 3711 1758 ἱκα-

433 1797 489 1852 in
520 1801 819 1870 majoribus
849 1800 1129 1866 Et'ClCSllS,
1168 1801 1386 1869 quando
1436 1801 1695 1871 frequens
1736 1802 1889 1857 adest
1917 1816 2011 1871 po-
2046 1780 2088 1838 Β
2118 1800 2236 1856 νοῦ.

430 1891 616 1959 polus.

905 2027 1233 2095 QUASSTIO
1285 2029 1533 2085 XXXIX.

430 2167 611 2237 Quare
641 2178 697 2220 ut
755 2170 975 2221 lectores
1024 2168 1198 2234 plures
1246 2167 1406 2219 simul
1451 2167 1663 2219 ordinat
1707 2168 2005 2237 episcopos,

502 2236 603 2290 non
642 2240 800 2291 etiam
841 2243 1017 2306 plures
1075 2238 1233 2289 simul
1281 2238 1528 2288 diaconos
1577 2245 1625 2289 et
1672 2236 2003 2305 presbyteros

501 2308 666 2362 solent
686 2309 950 2360 ordinare.
980 2307 1041 2359 Et
1072 2322 1194 2359 num
1223 2306 1400 2358 decent
1423 2317 1573 2358 extra
1606 2307 2008 2361 celebrationem

497 2394 666 2431 sacrae
713 2378 885 2431 Canna
916 2378 1161 2430 ordinare
1189 2377 1485 2429 sacerdotes
1509 2378 1534 2428 ἰ)

500 2512 693 2566 Plures
724 2512 887 2565 simul
927 2510 1211 2563 ordimtos
1265 2510 1501 2563 lectores
1549 2518 1602 2564 et
1643 2511 2011 2566 SlllllliilCOIIOS

430 2606 680 2658 videmus
706 2610 760 2657 et
786 2602 1118 2669 accepimus,
1144 2601 1246 2671 ,ιιιιί
1278 2611 1332 2654 et
1356 2612 1511 2656 extra
1541 2604 1772 2655 chorum
1797 2611 1851 2657 et
1885 2614 2013 2658 ante

428 2705 741 2767 suggestum
795 2696 1167 2749 ordinantur:
1205 2709 1371 2747 unum
1424 2709 1556 2747 vero
1588 2694 1900 2759 diaconum,
1956 2706 2013 2751 et

432 2806 600 2843 llllllm
646 2788 1050 2859 presbyterum,
1088 2796 1143 2843 et
1178 2803 1347 2841 unum
1380 2787 1696 2856 episc0pum
1733 2789 1882 2843 intus
1922 2806 2011 2843 or-

429 2882 646 2936 dinatos
702 2881 767 2935 ad
819 2896 1034 2934 sacram
1094 2895 1362 2933 mensam.
1410 2879 1513 2945 Qui
1562 2879 1708 2934 hunc
1762 2868 2008 2935 ordinem

426 2973 719 3028 nnttaverit
750 2972 840 3026 ille
870 2973 1112 3034 innovat,
1146 2980 1201 3024 et
1231 2971 1321 3040 qni
1360 2972 1581 3024 innovat
1618 2986 1727 3024 non
1762 2971 2011 3039 sequitur

427 3063 751 3117 Ecclesiam.
804 3060 911 3116 Sed
966 3072 1021 3115 et
1070 3070 1223 3115 extra
1283 3061 1505 3116 missam
1551 3062 1757 3115 nullum
1798 3071 2011 3131 oportet

2651 2026 2984 2107 cremat;
3038 2029 3158 2085 AG'.

2115 2162 2276 2233 Aiatl
2302 2163 2382 2227 ὠς
2415 2164 2814 2233 ἀναγνώστας
2830 2166 3125 2229 πλείονος
3168 2165 3320 2230 ὁμοῦ
3377 2163 3719 2230 χειροτονεῖ

2188 2236 2221 2303 (5
2250 2232 2608 2299 ἐπίσκοπος,
2635 2235 2721 2301 μὴ
2754 2236 2851 2286 καί
2880 2237 3171 2300 πλείονας
3194 2234 3343 2303 ὁμοῦ
3378 2234 3718 2301 χειροτονεῖ

2185 2301 2511 2373 διακόνους
2538 2305 2636 2356 καί
2668 2304 3117 2373 πρεσϐυτέρους
3156 2320 3169 2334 ’
3205 2301 3302 2359 καὶ
3337 2307 3389 2357 εί
3438 2304 3553 2372 χρὴ
3597 2323 3713 2371 χωρ

2177 2372 2278 2440 ρίς
2309 2373 2692 2442 λειτουργίας
2735 2376 3107 2444 χειροτονεῖν
3131 2376 3307 2443 ἱερεῖς
3324 2392 3345 2439 ;

2204 2505 2581 2575 Ἀναγνώστας
2606 2508 2703 2575 μὲν
2730 2508 2865 2576 ὀμοῦ
2892 2509 3171 2576 πλείονας,
3199 2512 3291 2563 καὶ
3321 2511 3712 2575 ὑποδιακόνους

2116 2596 2331 2667 εἴδομεν
2397 2601 2845 2669 χειροτονεῖσθαι,
2904 2602 2997 2655 καὶ
3052 2602 3461 2672 παρελάϐομεν,
3514 2605 3562 2656 οἳ
3612 2609 3711 2659 καὶ

2115 2690 2315 2753 ἔξωθεν
2341 2692 2778 2759 χειροθετοῦνται
2807 2691 2903 2744 τοῦ
2961 2692 3207 2763 βήματος
3232 2710 3247 2724 ’
3280 2694 3375 2747 ἕνα
3413 2697 3467 2748 δὲ
3522 2697 3711 2749 διάκο-

2114 2797 2228 2846 νον,
2262 2782 2355 2833 καὶ
2383 2781 2480 2834 ἕνα
2510 2782 2907 2852 πρεσϐύτερον,
2947 2784 3045 2835 καὶ
3083 2784 3177 2836 ἕνα
3221 2786 3522 2838 ἐπίσκοπον
3554 2786 3707 2845 ἐντὸς

2114 2873 2627 2942 χειροτονουμένους
2681 2874 2776 2926 ἐπὶ
2818 2875 2918 2942 τῆς
2960 2874 3113 2944 ίερᾶς
3159 2875 3464 2945 τραπέζης.
3530 2877 3589 2932 Ὀ
3644 2878 3703 2931 δὲ

2114 2963 2441 3034 ἀνατρέπων
2499 2967 2861 3034 καινοτομεῖ·
2921 2968 2949 3019 ὁ
2992 2966 3047 3019 δὲ
3118 2969 3463 3039 καινοτομῶν
3512 2971 3574 3022 οὐ
3633 2972 3701 3040 τῇ

2127 3054 2427 3129 Ἐκκλησία
2453 3058 2666 3112 ἕπεται.
2698 3058 2810 3113 Kal
2832 3059 2998 3129 χωρὶς
3017 3059 3073 3112 δὲ
3134 3061 3475 3129 λειτουργίας
3496 3064 3557 3116 ού
3593 3064 3699 3134 χρὴ

428 3151 672 3204 ordinari
707 3168 721 3204 :
756 3152 839 3205 sic
870 3151 1013 3204 enim
1044 3151 1378 3218 accepimus.
1411 3152 1478 3205 Et
1514 3151 1616 3205 hoc
1642 3162 1828 3206 monet
1854 3152 2008 3206 divus

2119 3148 2538 3218 χειροτονεῖσθαι
2574 3167 2694 3203 τινα
2729 3164 2741 3178 ⁸
2784 3149 2928 3201 οὕτω
2961 3150 3069 3219 γὰρ
3132 3152 3535 3221 παρελάϐομεν.
3589 3156 3699 3208 Καὶ

428 3244 722 3311 Dionysius
754 3241 1126 3310 apostolorum
1162 3240 1441 3303 decessor,
1478 3241 1667 3295 dicens
1705 3257 1897 3296 omnes
1921 3258 2009 3297 or-

432 3336 701 3387 dinandos
736 3344 788 3387 et
826 3333 1229 3386 consecrandos
1282 3347 1404 3386 esse
1464 3334 1605 3387 intra
1654 3333 2003 3401 sacrilicinm,

426 3438 483 3481 et
538 3444 659 3480 cum
716 3426 1135 3494 participatione
1207 3426 1584 3497 mysteriorum
1642 3427 1889 3493 Christi,
1956 3439 2009 3483 et

429 3528 736 3588 prostratos
787 3529 913 3572 ante
962 3519 1150 3585 altare,
1204 3529 1258 3573 et
1298 3533 1420 3571 cum
1470 3534 1725 3601 ιῃαιιιιιιιιὶ
1780 3520 2007 3591 i‘tnposi-

431 3613 596 3676 tione,
638 3622 839 3665 etcum
873 3610 1217 3665 invocatione
1264 3611 1452 3679 gratia:
1481 3592 1603 3681 qua:
1653 3613 1889 3683 sigillum
1926 3592 2021 3667 di-I

426 3705 614 3759 vinum
648 3713 754 3768 est,
784 3712 838 3757 et
872 3703 1015 3757 inter
1059 3712 1281 3757 sanctas
1309 3717 1513 3771 preces,
1547 3720 1670 3757 cum
1705 3705 2008 3772 proclama-

427 3797 576 3849 tionc
627 3806 681 3850 et
742 3795 979 3849 fraterno
1028 3796 1250 3857 osculo;
1309 3804 1363 3849 et
1419 3796 1616 3850 talibus
1668 3797 2007 3851 cteremoniis

429 3889 766 3958 complendze
798 3897 925 3942 sunt
960 3888 1340 3942 ordinationes
1390 3896 1442 3939 et
1477 3887 1691 3942 caeteris
1735 3888 2006 3943 similibus

427 3998 567 4051 quas
599 3980 835 4034 tradidit.
881 3980 982 4047 Qui
1023 3980 1187 4050 igitur
1222 3979 1297 4033 ita
1339 3995 1446 4033 non
1483 3980 1770 4033 ordinatus
1820 3978 2005 4041 fuerit,

430 4089 537 4126 non
566 4072 869 4128 secundum
895 4073 1245 4127 traditionem
1276 4070 1565 4123 ordinatus
1599 4078 1702 4125 est.
1732 4068 1797 4122 Et
1822 4070 2008 4122 nescio

430 4162 563 4230 quid
618 4164 833 4217 futurus
886 4162 991 4223 sit,
1047 4161 1133 4215 cui
1190 4158 1465 4229 quomodo
1502 4168 1687 4213 sancta
1731 4157 2010 4212 exercehit

428 4255 524 4317 qui
576 4270 682 4307 non
729 4253 1028 4308 secundum
1083 4264 1333 4306 normam
1386 4250 1573 4313 fuerit,
1625 4257 2005 4305 consecratus.

426 4344 545 4399 Non
594 4345 719 4399 licet
764 4360 893 4411 ergo
923 4345 1107 4413 plures
1136 4340 1445 4410 episcopos,
1480 4340 1561 4395 vel
1610 4342 1793 4409 plures
1828 4341 2009 4395 diaco-

432 4453 555 4501 nos,
594 4439 677 4491 vel
719 4438 903 4505 plures
939 4437 1288 4507 presbyteros
1329 4435 1573 4489 ordinari
1610 4434 1772 4488 simul
1811 4435 1865 4487 in
1902 4448 2005 4487 una

430 4530 623 4591 missa,
663 4497 757 4581 sei)
808 4497 1129 4597 episcopum
1184 4542 1375 4588 unum,
1421 4537 1476 4578 et
1529 4524 1903 4594 presbyterum
1953 4534 2006 4578 et
2039 4497 2082 4553 θ

435 4618 724 4670 diaconum
748 4633 763 4683 ;
791 4629 1063 4686 quemque
1087 4623 1269 4672 autem
1297 4630 1487 4671 eorum
1530 4625 1775 4686 tempore
1809 4632 2008 4671 conve-

433 4708 605 4763 nienti
655 4717 707 4763 et
744 4707 964 4778 praeﬁxo
1003 4706 1217 4762 ritibus.
1263 4707 1592 4778 EpiscOpum
1632 4708 1850 4778 quidem
1884 4716 2009 4777 post

426 4817 643 4857 sacrutn
697 4801 960 4871 hymnum
1014 4797 1350 4872 Trisagium,
1404 4814 1463 4858 ut
1509 4800 1791 4871 apostolus
1836 4815 2009 4872 agno-

435 4902 641 4947 scatur.
701 4891 906 4946 Deinde
957 4892 1336 4962 presbyterum
1387 4902 1676 4961 postquam
1713 4892 1764 4945 in
1817 4906 2004 4946 tnensa

426 5000 581 5040 sacra
608 4983 855 5053 deposita
887 4982 1089 5037 fuerint
1118 4984 1257 5038 dona
1280 4982 1675 5038 consecranda.
1704 4982 2003 5038 Diaconum

426 5075 665 5146 denique
694 5085 816 5144 post
852 5074 1070 5127 ultimas
1106 5088 1318 5142 preces,
1357 5082 1414 5127 ut
1440 5072 1783 5143 signiﬁcetur
1805 5075 1860 5128 in
1893 5075 2009 5143 ipso

425 5181 550 5222 esse
580 5166 901 5222 memoriam
928 5178 1112 5219 rerum
1136 5165 1382 5219 omnium
1403 5172 1745 5219 sanctarum.
1784 5163 1849 5217 Et
1879 5174 2007 5222 tunc

427 5263 744 5331 episcopum
777 5260 832 5314 in
872 5259 1073 5312 throno
1123 5271 1247 5311 esse
1275 5256 1742 5323 constituendum,
1791 5258 1916 5326 quia
1953 5258 2006 5312 in

431 5353 680 5408 ordinem
712 5351 1082 5422 apostolorum
1118 5348 1510 5404 introducitur.
1558 5346 1849 5417 Presbyter
1879 5364 2007 5404 vero

430 5442 714 5496 ordinatur
748 5453 868 5512 post
888 5441 1069 5495 oblata
1105 5441 1245 5494 dona
1297 5452 1479 5501 saera,
1512 5440 1641 5509 quia
1676 5453 1865 5493 eorum
1906 5441 2009 5492 mi-

429 5533 605 5588 nister
651 5530 1027 5587 constituitur.
1074 5530 1348 5586 Diaconus
1380 5530 1598 5585 demum
1636 5539 1752 5599 post
1789 5531 2008 5587 ultimas

426 5638 641 5695 preces,
670 5624 799 5694 quia
833 5624 950 5691 ipse
986 5633 1068 5679 est
1097 5626 1149 5678 in
1183 5624 1377 5678 ultimo
1405 5624 1622 5689 ordine,
1653 5634 1709 5679 et
1736 5625 1862 5691 quia
1896 5642 2002 5680 non

435 5716 667 5783 suscipit
683 5724 1011 5783 potestatem
1041 5715 1389 5785 deprecandi,
1432 5716 1528 5771 sed
1574 5716 1918 5772 ministrandi
1953 5726 2008 5772 et

433 5805 759 5862 exhortandi
781 5809 847 5859 ad
874 5815 1091 5861 sanctas
1127 5820 1335 5875 preces.

2111 3241 2139 3293 ὁ
2171 3239 2311 3301 θεῖος
2338 3239 2497 3292 τοῦτο
2536 3241 2975 3311 παρακελεύεται
3008 3242 3285 3306 Διονύσιος
3325 3246 3435 3297 τῶν
3463 3246 3697 3299 ἀποστό-

2111 3333 2276 3385 λωνό
2324 3333 2588 3404 διάδοχος,
2648 3334 2858 3398 πάντας
2922 3335 3011 3389 δια
3066 3337 3165 3405 τῆς
3226 3338 3539 3407 ἱερουργίας
3602 3341 3726 3408 καὶ,

2112 3424 2398 3488 κοινωνίας
2424 3427 2533 3478 τῶν
2571 3428 2893 3498 μυστηρίων
2918 3426 3013 3479 τοῦ
3054 3428 3291 3499 Χριστοῦ
3326 3431 3502 3499 λέγων
3525 3434 3698 3487 τελει-

2111 3514 2322 3578 οῦσθαι,
2352 3519 2408 3569 ὲν
2446 3518 2523 3585 τῷ
2552 3519 2884 3572 ὑποπίπτειν
2956 3520 3155 3585 αὐτοὺς
3205 3522 3281 3590 τῷ
3329 3523 3700 3592 θυσιαστηρίῳ

2110 3608 2202 3659 καὶ
2231 3609 2295 3677 τῇ
2329 3608 2639 3677 χειροθεσίᾳ
2672 3611 2763 3662 καὶ
2809 3612 3071 3681 σφραγῖδι
3130 3613 3224 3663 καὶ
3267 3611 3552 3682 ἐπικλήσει
3599 3613 3697 3681 τῆς

2110 3694 2354 3765 χάριτος,
2404 3698 2499 3750 καὶ
2527 3698 2648 3758 ταῖς
2696 3697 2869 3767 ίεραῖς
2899 3699 3106 3769 εὐχαῖς,
3138 3701 3205 3768 τῇ
3252 3701 3589 3770 ἀνακηρύξει
3638 3718 3697 3754 τε

2111 3787 2204 3840 καὶ
2234 3786 2311 3857 τῷ
2345 3788 2646 3859 ἀσπασμῷ,
2682 3793 2776 3843 καὶ
2801 3790 2858 3842 ὲν
2898 3792 3114 3854 τούτοις
3162 3793 3549 3863 καθιεροῦσθαι
3608 3794 3700 3848 καὶ

2110 3882 2221 3943 τοῖς
2255 3881 2464 3943 λοιποῖς
2484 3876 2566 3943 οἷς
2603 3882 3011 3952 παραδέδωκεν.
3066 3883 3123 3936 '0
3154 3885 3245 3937 οὖν
3284 3886 3358 3956 μὴ
3383 3886 3527 3940 οὕτω
3581 3905 3697 3957 χειι

2112 3974 2425 4046 ροτονηθεὶς
2461 3972 2522 4026 ού
2556 3974 2700 4027 κατὰ
2746 3973 2848 4045 τὴν
2909 3975 3212 4045 παράδοσιν
3278 3979 3400 4031 ἐστι
3459 3997 3695 4049 χειροτε-

2110 4065 2314 4133 νηθείς.
2355 4066 2459 4120 Καὶ
2488 4067 2588 4121 ούκ
2608 4063 2707 4119 οἷδ’
2734 4068 2762 4119 ὅ
2792 4085 2843 4121 τι
2892 4061 3048 4131 οὗτος
3082 4068 3158 4139 μὴ
3191 4073 3355 4123 ’κατὰ
3397 4070 3495 4142 τὴν
3540 4072 3695 4138 τάξιν

2109 4158 2382 4218 τελεσθεὶς
2413 4159 2593 4214 ἔσται.
2627 4160 2701 4212 Ού
2735 4158 2967 4223 πολλοὺς
3000 4160 3093 4213 οὖν
3125 4156 3463 4226 ὲπισκόποὺς
3516 4164 3631 4234 ἅμα
3658 4164 3690 4233 ἢ

2112 4250 2522 4323 πρεσϐυτέρους
2546 4253 2577 4323 ἢ
2602 4252 2884 4329 διακόνους
2911 4256 3238 4326 χειροτονεῖν
3254 4253 3310 4307 ὲν
3332 4257 3432 4325 μιᾷ
3454 4254 3713 4331 λειτουρέ

2111 4344 2208 4417 γίᾳ
2235 4344 2363 4416 χρὴ,
2403 4344 2520 4401 ἀλλ’
2554 4346 2853 4400 ἐπίσκοπον
2918 4346 3017 4401 ενα
3046 4348 3140 4401 καὶ
3174 4349 3547 4421 πρεσϐύτερον
3603 4352 3694 4404 καὶ

2109 4435 2384 4492 διάκονον.
2425 4440 2534 4492 Καὶ
2564 4440 2770 4493 τούτων
2800 4439 3035 4495 ἕκαστον
3083 4442 3142 4494 ὲν
3172 4441 3250 4511 τῷ
3277 4442 3522 4513 ἀρμοδίῳ
3571 4461 3694 4498 καιο

2111 4527 2192 4598 ρῷ
2221 4530 2314 4581 καὶ
2367 4531 2703 4601 τεταγμένῳ.
2733 4532 2843 4584 Καὶ
2904 4532 2996 4584 τὸν
3046 4532 3145 4602 μὲν
3197 4534 3500 4588 ἐπίσκοπον
3558 4540 3695 4606 μετὰ

2110 4624 2203 4676 τὸν
2234 4622 2529 4691 Τρισάγιον
2556 4621 2724 4692 ὕμνον
2763 4623 2871 4694 πρὸ
2916 4622 3011 4678 τοῦ
3070 4624 3164 4678 τὸν
3215 4626 3516 4681 ἀπόστολον
3566 4628 3693 4680 ἁνα-

2111 4711 2426 4781 γνωσθῆναι
2451 4728 2466 4744 ·
2499 4712 2872 4784 πρεσδύτερον
2902 4713 2961 4766 δὲ
2988 4716 3130 4783 μετὰ
3167 4714 3225 4767 τὸ
3261 4717 3594 4785 eameam
3627 4718 3693 4770 τὰ

2110 4804 2243 4873 ἅγια
2266 4803 2421 4876 δῶρα
2454 4805 2511 4857 ὲν
2535 4795 2601 4876 τῇ
2640 4804 2763 4875 θείᾳ
2806 4805 3062 4876 τραπέζῃ
3093 4821 3107 4838 ·
3142 4806 3391 4861 διάκονον
3445 4810 3501 4861 δὲ
3556 4812 3693 4878 μετὰ

2111 4898 2212 4967 τὴν
2233 4896 2551 4951 τελευταίαν
2577 4898 2765 4968 εὐχὴν,
2793 4899 2900 4968 πρὸ
2930 4898 3025 4951 τοῦ
3050 4900 3244 4963 είπεῖν,
3274 4917 3293 4951 ι
3332 4902 3557 4955 Πάντων
3587 4903 3694 4955 τῶν

2114 4990 2284 5059 ἁγίων
2310 4992 2811 5060 μνημονεύσαντες.
2844 5009 2862 5042 ι
2901 4992 3008 5045 Καὶ
3031 4991 3155 5045 τότε
3184 4991 3285 5062 μιν
3328 4993 3423 5045 τὸν
3475 4996 3694 5046 ἐπίσκο-

2112 5100 2212 5133 πον
2238 5082 2315 5145 ὡς
2335 5082 2403 5135 ἂν
2436 5081 2812 5152 ὲνθρονισθείη
2839 5082 2917 5152 τῷ
2948 5083 3123 5153 θρόνῳ
3152 5100 3167 5114 ο
3199 5084 3290 5137 καὶ
3322 5085 3404 5138 ὅτι
3459 5087 3538 5148 είς
3597 5086 3694 5157 τὴν

2110 5174 2269 5237 τάξιν
2299 5173 2410 5227 τῶν
2433 5174 2753 5228 ἀποστόλων
2785 5175 3015 5243 ἐλήλυθε
3044 5192 3059 5207 ο
3091 5177 3229 5244 μετὰ
3271 5176 3333 5228 τδ
3376 5175 3601 5245 τεθῆναι
3640 5178 3694 5230 δὲ

2110 5267 2177 5320 τὰ
2203 5268 2320 5320 θεῖα
2350 5267 2497 5336 δῶρα
2521 5269 2615 5321 τὸν
2675 5267 3070 5339 πρεσϐύτερον,
3101 5269 3184 5322 ὅτι
3239 5268 3442 5322 τούτων
3483 5271 3693 5340 ἱερουρο

2110 5360 2205 5427 γδς
2235 5359 2558 5413 καθίσταται
2586 5375 2601 5390 ο
2640 5363 2699 5413 ὲν
2728 5364 2796 5428 τῇ
2827 5360 3118 5429 τελευταίᾳ
3152 5360 3207 5413 δὲ
3240 5361 3372 5430 εύχῇ
3438 5362 3530 5414 τὸν
3580 5362 3692 5416 διά-

2112 5470 2290 5518 κονον,
2323 5453 2404 5505 ὅτι
2438 5452 2726 5506 τελευταία
2760 5452 2911 5517 τάξις
2970 5447 3147 5517 οὗτος,
3209 5457 3303 5505 καὶ
3345 5454 3407 5505 ού
3460 5453 3691 5524 δύναμιν
3750 5498 3755 5503 .

2109 5541 2330 5612 εἴληφεν
2352 5542 2627 5612 εὔχεσθαι,
2658 5544 2773 5596 ἀλλ’
2800 5544 3095 5613 ὑπηρετεῖν
3134 5542 3229 5597 καὶ
3262 5545 3688 5611 προσκαλεῖσθαι

2112 5643 2202 5710 πρτ
2223 5658 2247 5704 ς
2271 5642 2367 5703 τὰς
2402 5640 2589 5709 εὐχάς.
