4064 6204
326 221 435 291 θοὶ
1035 218 1435 280 RESPONSA
1479 218 1576 277 AD
1619 213 2077 277 GABRiELEM
2121 215 2857 279 PENTAI‘OLITANUM.
3475 208 3587 272 902

326 335 539 406 ἡμέραν
566 333 860 401 ἐσθίοντες,
893 335 1174 388 καταπολὺ
1206 332 1261 385 δὲ
1296 332 1354 384 τδ
1384 332 1483 401 τῆς
1516 331 1725 400 δωρεᾶς
1753 330 1901 385 διαλ-

2008 348 2129 387 mus
2163 333 2232 387 ab
2284 347 2350 387 eo
2410 331 2555 401 quod
2608 330 2792 385 datum
2822 327 2989 399 Moysi
3028 344 3042 385 :
3076 325 3247 398 gratia
3281 333 3335 379 et
3383 326 3582 379 donum

323 427 516 481 λάττον
539 427 593 479 ὲν
629 427 761 497 ἡμῖν
786 427 881 479 καὶ
922 427 998 498 τῷ
1028 426 1236 497 Μωΰσῇ
1260 441 1273 455 ’
1310 422 1491 493 δωρεά
1530 422 1638 491 γὰρ
1688 424 1781 475 καὶ
1805 422 1903 492 χά-

2005 436 2110 491 est,
2170 425 2264 481 sed
2317 425 2421 479 hoc
2457 426 2658 479 donum
2728 422 2895 494 Moysi
2956 421 3144 477 datum
3201 434 3417 474 onmem
3485 433 3583 472 co-

327 536 413 589 ρις
456 517 660 587 μείζων
688 518 784 571 τοῦ
816 518 1096 579 Μωῦσέως
1127 518 1269 586 ὑπὲρ
1298 515 1477 569 πάντα
1505 514 1631 567 νοῦν
1661 514 1718 565 ἐν
1747 514 1901 583 ἡμῖν.

2006 518 2324 588 gitationem
2384 525 2625 585 superat.
2672 517 2941 572 Caeterum
2999 528 3107 568 non
3156 511 3469 581 ambigitur.
3499 507 3587 564 Je-

326 611 531 665 Λοιπδν
570 610 645 681 μὴ
676 610 1009 679 ἀμφίϐαλλε.
1052 609 1117 662 Ἦ
1154 608 1384 678 νηστεία
1421 608 1477 661 δέ
1509 623 1572 674 γε
1614 606 1723 659 τῶν
1771 606 1903 660 ἀπο-

2005 607 2226 677 junium
2301 618 2482 662 autem
2530 609 2907 677 apostolorum
2983 606 3035 661 in
3086 605 3347 659 honorem
3398 617 3586 656 eorum

331 702 532 756 στόλων
583 702 671 755 διὰ
714 702 813 772 τὴν
856 701 1059 753 τούτων
1109 701 1298 769 τιμήν.
1360 699 1468 752 Καὶ
1500 696 1728 760 δικαίως
1754 712 1770 727 ο
1823 696 1907 749 ὅτι

2012 697 2324 753 institutum
2385 705 2468 753 est
2502 715 2515 751 :
2548 696 2854 768 jnstissjme
2907 696 3148 767 quidem,
3211 696 3338 765 quia
3396 694 3463 747 ab
3510 692 3590 744 eis

328 794 600 847 πλείστων
629 793 851 861 ἀγαθῶν
895 792 963 845 δι’
999 792 1182 847 αὐτῶν
1217 788 1504 860 ἡξιώμεθα
1530 805 1547 823 ⁹
1578 789 1673 843 καὶ
1701 786 1783 842 ὅτι
1813 805 1910 859 νη-

2010 790 2247 861 pluritna
2306 789 2617 859 accepimus
2677 789 2819 844 bona
2868 798 2922 843 ct
2970 788 3095 858 quia
3151 786 3373 842 fuerunt
3435 786 3594 839 nobis

332 886 517 948 στείας
549 884 695 938 οὗτοι
728 890 824 940 καί
882 886 1126 954 ὑπακοῆς
1154 886 1280 955 ἄχρι
1312 883 1546 937 θανάτου
1580 883 1675 935 καὶ
1705 883 1908 953 ἐγκρα-

2012 882 2381 945 abstinentiae,
2414 882 2740 938 obedientiae
2785 898 2959 953 usque
2988 881 3052 936 ad
3099 890 3332 935 mortem
3378 889 3431 934 et
3462 887 3596 932 tem-

329 978 481 1041 τείας
531 978 761 1048 ἐργάται
811 975 1073 1046 ὤφθησαν
1110 978 1245 1047 ἡμῖν
1286 976 1380 1029 καὶ
1428 975 1759 1030 διδάσκαλοι.
1804 975 1909 1027 Καὶ

2013 974 2276 1044 perantia:
2308 975 2533 1043 opilices
2562 986 2616 1030 et
2646 973 3066 1046 magistri/Hoc
3102 984 3160 1029 et
3206 972 3408 1037 Latini,
3438 972 3592 1025 inviti

331 1069 552 1121 Λατῖνοι
582 1066 741 1120 τοῦτο
767 1071 860 1119 καὶ
886 1068 1111 1129 ἄκοντες
1145 1064 1504 1135 μαρτυροῦσι,
1530 1064 1619 1116 διὰ
1657 1062 1914 1132 νηστείας

2015 1065 2260 1134 quidem,
2290 1076 2578 1132 testantur,
2603 1067 2807 1138 jejunio
2837 1066 2972 1121 festa
3005 1081 3193 1120 eorum
3226 1066 3597 1119 honorantes:

333 1161 391 1210 ὲν
440 1161 560 1220 ταῖς
618 1158 860 1228 μνήμαις
917 1155 1096 1209 αὐτῶν
1151 1155 1421 1225 τιμῶντες
1477 1152 1699 1215 αὐτούς.
1771 1150 1914 1203 Ἀλλ’

2017 1158 2112 1213 sed
2150 1157 2433 1229 nosjuxta
2485 1158 2703 1214 decreta
2752 1160 3127 1226 apostolorum
3179 1172 3205 1209 a
3259 1165 3451 1211 sancto
3479 1154 3601 1208 Cie-

334 1253 494 1321 ἡμεῖς
539 1250 638 1317 μὲν
667 1250 809 1303 κατά
851 1249 951 1313 τὰς
998 1248 1286 1311 Διατάξεις
1335 1246 1445 1298 τῶν
1481 1243 1797 1299 ἀποστόλων
1828 1242 1917 1295 διὰ

2020 1259 2200 1322 mente
2250 1255 2450 1306 tradita
2504 1259 2625 1321 post
2679 1253 2974 1306 adventum
3007 1252 3246 1322 Spiritus
3285 1250 3456 1305 sancti
3507 1265 3603 1316 per

336 1344 428 1397 τοῦ
462 1342 782 1411 Κλήμεντος
825 1340 962 1411 μετὰ
1004 1340 1103 1411 τὴν
1136 1339 1435 1407 ἐπιδημίαν
1470 1336 1561 1389 τοῦ
1593 1336 1918 1405 Πνεύματος

2021 1358 2184 1398 unam
2214 1344 2514 1413 gaudemus
2565 1344 2982 1407 hebdomadam,
3045 1354 3097 1398 ct
3157 1344 3352 1398 iterum
3391 1342 3601 1396 hebdo-

338 1434 746 1505 εὐφραινόμεθα
777 1432 1046 1503 ἑϐδομάδα
1098 1431 1245 1503 μίαν,
1283 1425 1443 1493 αὖθις
1480 1428 1535 1482 δὲ
1582 1426 1919 1496 νηστεύομεν

2020 1433 2178 1488 made
2206 1448 2311 1487 una
2343 1433 2687 1503 'jejunamns,
2725 1450 2793 1489 ne
2819 1435 3027 1490 deliciis
3068 1436 3461 1497 dissolvamur,
3499 1436 3607 1488 sicp

337 1524 631 1593 ἑϐδομάδα,
665 1524 751 1577 ἵνα
797 1524 872 1593 μὴ
900 1526 962 1594 τῇ
990 1525 1172 1593 τρυφῇ
1207 1520 1547 1589 ὲκλυθῶμεν,
1579 1518 1654 1579 ὡς
1676 1516 1923 1571 διδασκό-

2021 1533 2081 1578 ut
2111 1525 2254 1578 docti
2312 1539 2542 1588 sumus,
2599 1535 2653 1580 et
2708 1528 2991 1597 aptissime
3041 1528 3207 1580 simul
3264 1525 3472 1596 j--junio
3504 1527 3605 1580 hoc

340 1618 484 1685 μεθα
510 1632 525 1646 ·
561 1615 653 1670 καὶ
712 1615 1001 1676 συναπτῶς
1048 1618 1114 1685 τῇ
1168 1614 1394 1684 νηστείᾳ
1428 1612 1610 1682 ἐκείνῃ
1657 1612 1753 1665 καὶ
1792 1608 1922 1672 τοὺς

2025 1609 2302 1679 apostolos
2334 1610 2669 1668 honorantus
2705 1630 2731 1665 a
2762 1614 2963 1683 quibus
2991 1613 3242 1683 jejunare
3290 1609 3605 1670 didicimus.

340 1684 802 1777 παραδεδωκότας
848 1684 1134 1777 νηστεύειν
1168 1703 1504 1767 ἀποστόλους
1538 1701 1807 1773 τιμῶντες
1838 1715 1927 1768 νηο

2028 1700 2301 1771 1ι·]ιιιιίυηι
2351 1702 2589 1773 denique
2640 1704 2868 1775 Augusti
2914 1705 2968 1758 in
3022 1706 3287 1759 honorem
3318 1705 3482 1759 Verbi
3518 1705 3608 1761 Dei

342 1797 629 1868 στεύομεν.
665 1794 730 1849 Ἦ
756 1797 811 1849 δέ
836 1814 897 1863 γε
929 1796 1021 1850 τοῦ
1054 1795 1369 1864 Αὐγούστου
1397 1794 1621 1864 νηστεία
1652 1793 1735 1857 είς
1758 1791 1925 1864 τιμὴν

2031 1794 2241 1858 Matris,
2267 1810 2389 1863 quae
2417 1796 2709 1864 prmsciens
2742 1796 3157 1851 translationem
3192 1813 3369 1863 suam,
3395 1813 3614 1868 semper

341 1888 577 1959 onipxst
626 1889 726 1957 τῆς
775 1887 874 1940 τοῦ
922 1886 1057 1940 Θεοῦ
1103 1888 1279 1954 Λόγου
1328 1886 1571 1956 Μητρὸς,
1606 1884 1732 1955 ἥτις
1785 1900 1925 1954 προ-

2030 1895 2211 1941 tamen
2251 1886 2517 1941 laboravit
2549 1887 2887 1956 etjcjunavit
2915 1904 3013 1956 pro
3047 1890 3226 1951 nobis.
3271 1906 3392 1945 eum
3431 1901 3614 1944 tamen

344 1979 546 2047 γνοῦσα
581 1977 680 2050 τὴν
741 1979 1076 2049 μετάστασιν
1126 1977 1353 2048 ἑαυτῆς,
1410 1978 1504 2030 καὶ
1547 1975 1783 2031 πάντοτε
1829 1974 1927 2046 μὲν

2061 1978 2225 2047 ιχὶυηίἱ
2254 1980 2635 2033 necessitatem
2669 1995 2779 2034 non
2814 1979 3039 2033 haberet
3070 1979 3363 2049 purissima
3403 1989 3454 2035 et
3498 1998 3618 2033 01η-
3659 2016 3666 2023 -

343 2069 411 2142 ἦν
466 2072 847 2141 ἀγωνιζομένη
897 2071 1037 2140 ὑπὲρ
1083 2070 1239 2139 ἡμῶν
1299 2070 1396 2122 καὶ
1446 2068 1809 2137 νηστεύουσα,
1851 2065 1929 2136 μὴ

2033 2070 2165 2124 nino
2214 2069 2711 2139 irreprebensibilis
2747 2085 3020 2136 manens;
3067 2071 3339 2140 simulque
3374 2072 3620 2139 angelice

347 2165 537 2234 χρείαν
570 2162 770 2234 ἔχουσα
814 2163 1070 2233 νηστείας
1104 2163 1137 2232 ἡ
1167 2160 1386 2229 καθαρά
1414 2161 1512 2214 καὶ
1545 2160 1887 2228 Μνάμωμος
1911 2172 1926 2187 ⁶

2033 2162 2223 2216 vivens
2251 2177 2347 2216 seu
2392 2160 2575 2228 potius
2603 2169 2657 2216 et
2684 2162 2881 2217 virtute
2913 2173 2966 2217 et
2995 2164 3106 2218 vita
3147 2163 3366 2234 angelos
3397 2164 3622 2232 praecel-

347 2257 492 2323 ὅμως
517 2253 574 2308 δὲ
608 2255 913 2323 ἀγγελικῶς
935 2255 1270 2323 διαιτωμένη
1287 2253 1322 2323 ἡ
1342 2253 1486 2322 ὑπὲρ
1507 2252 1635 2315 τοὺς
1659 2251 1930 2319 ἀγγέλους

2034 2253 2173 2319 iens,
2210 2262 2529 2309 constanter
2572 2253 2899 2324 deprecans,
2951 2254 3176 2324 Spiritui
3210 2265 3401 2310 sancto
3431 2256 3623 2310 intime

349 2344 487 2398 οὖσα
530 2362 591 2398 τε
635 2345 728 2399 καὶ
776 2342 991 2413 βιοῦσα,
1045 2343 1141 2396 καὶ
1189 2344 1607 2413 προσευχομένη
1663 2341 1928 2411 συνεχῶς,

2038 2347 2246 2401 nnitam
2298 2347 2506 2401 habens
2560 2345 2797 2401 animam
2854 2347 3227 2403 beatissimam
3280 2363 3373 2415 per
3424 2347 3620 2403 FlliUlll

353 2435 621 2505 ὲνουμένῃ
662 2434 762 2505 μὲν
793 2433 923 2504 θείῳ
968 2433 1251 2503 Πνεύματι
1285 2435 1352 2504 τῇ
1399 2432 1647 2504 μακαρίᾳ
1676 2431 1823 2502 ψυχῇ
1856 2428 1934 2499 τῷ

2036 2454 2221 2503 suum,
2255 2455 2354 2509 pro
2378 2439 2537 2494 nobis
2572 2439 2786 2503 orabat,
2816 2440 3054 2495 maxime
3093 2455 3217 2494 cum
3256 2441 3408 2495 lierrt
3436 2440 3626 2496 deces—

352 2526 418 2579 Υί
439 2528 465 2594 ξι
496 2527 687 2597 αὐτῆς,
711 2526 805 2579 καὶ
834 2526 974 2595 ὑπὲρ
1002 2525 1158 2596 ἡμῶν
1183 2523 1528 2589 ἱκετεύουσα,
1554 2524 1676 2576 τότε
1701 2523 1757 2576 δὲ
1791 2522 1933 2593 μᾶλ-

2121 2546 2133 2586 i
2162 2531 2281 2601 ejus
2309 2531 2598 2600 proximus
2624 2530 2797 2599 magis
2826 2545 2889 2585 ac
2918 2532 3093 2600 magis
3128 2547 3313 2587 amore
3337 2530 3457 2585 Filii
3491 2550 3623 2586 con-
3717 2570 3726 2580 .

352 2618 443 2672 λον
480 2620 537 2671 ἐν
567 2618 644 2687 τῷ
674 2618 890 2685 μέλλειν
912 2617 1021 2671 τῶν
1046 2611 1148 2671 ὧδε
1178 2616 1526 2685 μεταϐαίνειν
1555 2614 1933 2685 λεπτυνομένη

2041 2625 2378 2679 sumebatur.
2427 2622 2638 2677 Idcirco
2682 2621 2985 2691 jejunando
3018 2634 3072 2676 et
3122 2624 3295 2693 ipsam
3333 2625 3629 2678 exaltanth

355 2710 520 2761 πλέον
557 2708 698 2777 ἁγίῳ
748 2708 910 2778 ἔρωτι
943 2706 1039 2760 τοῦ
1079 2706 1231 2760 Υίοῦ.
1286 2708 1379 2760 Διὸ
1428 2707 1524 2759 καὶ
1585 2707 1751 2776 ἡμεῖς
1810 2704 1935 2758 τότε

2043 2716 2273 2771 multum
2334 2716 2673 2786 proﬁcimus,
2711 2731 2837 2772 eum
2891 2716 3133 2771 maxime
3186 2715 3455 2770 imitando
3509 2716 3628 2782 ejus

356 2801 642 2869 νηστεύειν
694 2799 788 2851 καὶ
837 2799 1101 2868 ἀνυμνεῑν
1156 2798 1326 2858 αὐτὴν
1378 2799 1687 2869 ὀφείλομεν,
1727 2798 1822 2850 τόν
1876 2814 1937 2850 τε

2043 2808 2208 2863 vitam
2266 2808 2704 2878 propinationem
2736 2816 2793 2862 et
2833 2822 3027 2877 preces
3064 2807 3234 2878 ipsius
3268 2808 3321 2862 in
3352 2824 3450 2863 nca
3481 2809 3632 2861 exci-

362 2896 477 2965 βίον
521 2897 688 2964 αὐτῆς
732 2894 1158 2966 ἐκμιμούμενοι,
1209 2895 1305 2949 καὶ
1341 2896 1421 2959 εἰς
1456 2895 1557 2959 τὰς
1602 2895 1744 2965 ὑπὲρ
1783 2893 1940 2963 ἡμῶν

2047 2909 2247 2955 tamus.
2277 2899 2435 2955 Unde
2457 2899 2677 2969 quidam
2711 2900 2868 2954 aiunt
2896 2900 2949 2953 in
2986 2900 3089 2954 hoc
3116 2899 3329 2969 jejunio
3358 2900 3629 2970 duplicent

355 2986 711 3056 διεγείροντες
741 2985 976 3049 ἱκεσίας.
1023 2986 1181 3047 Τινὲς
1215 2985 1317 3054 μὲν
1347 2984 1440 3039 οὖν
1479 3001 1612 3054 φασι
1637 2986 1732 3037 καὶ
1765 2984 1852 3038 διὰ
1879 2982 1941 3036 τὸ

2048 3008 2169 3049 esse
2212 2991 2564 3047 festivitatem
2597 2991 2741 3060 ejus,
2783 2991 2993 3046 scilicet
3031 2992 3527 3061 transﬂgurationis
3578 3001 3630 3046 et

360 3080 453 3131 δύο
479 3075 618 3133 εἶναι
647 3077 840 3148 ἑορτὰς
867 3078 966 3146 τὴν
996 3080 1254 3149 τοιαύτην
1289 3078 1567 3146 νηστείαν,
1612 3077 1713 3146 τῆς
1744 3093 1802 3129 τε
1829 3077 1941 3131 Με-

2049 3085 2264 3139 mortis.
2299 3083 2365 3137 Et
2399 3083 2533 3138 mihi
2583 3085 2800 3139 videtur
2856 3084 3088 3155 perutile
3136 3085 3293 3139 nobis
3333 3084 3472 3140 duas
3512 3086 3634 3141 illas

358 3171 774 3243 ταμορφώσεως
824 3172 916 3225 καὶ
974 3172 1339 3242 Κοιμήσεωςο
1370 3173 1481 3241 ἐγὼ
1532 3172 1589 3225 δὲ
1641 3171 1943 3239 ἀναγκαῖον

2049 3176 2343 3231 memorari
2376 3174 2697 3230 festivitates
2722 3192 2738 3242 ;
2777 3176 2926 3245 prior
2948 3178 3093 3230 enim
3125 3176 3434 3243 splendoris
3457 3176 3632 3246 origo,

360 3265 567 3333 νομίζω
593 3264 685 3317 καὶ
727 3265 838 3316 τῶν
869 3264 962 3318 δύο
991 3264 1090 3335 μὶν
1117 3263 1430 3334 μεμνῆσθαι
1460 3262 1687 3335 ἑορτῶν,
1715 3263 1813 3333 τῆς
1842 3262 1944 3332 μὲν

2047 3265 2325 3337 posterior
2356 3265 2767 3335 propitiationis
2799 3276 2855 3321 et
2900 3267 3321 3323 interventionis
3355 3282 3483 3339 erga
3537 3285 3639 3323 nos

365 3359 437 3423 ὡς
476 3357 759 3427 φωτισμοῦ
810 3340 1124 3427 παραιτίας,
1186 3361 1285 3425 τῆς
1338 3357 1394 3411 δὲ
1441 3356 1516 3420 ῶς
1568 3354 1801 3425 ἱλασμοῦ
1850 3355 1947 3407 καὶ

2048 3357 2335 3414 manifesta
2369 3356 2593 3413 ﬂuenta.
2626 3357 2829 3429 Sicque
2877 3359 3019 3415 banc
3060 3375 3173 3430 pra:
3206 3360 3466 3417 omnibus
3511 3377 3642 3417 san-

373 3450 653 3519 μεσιτείας
679 3450 821 3519 ὑπὲρ
864 3450 1043 3519 ἡμῶν.
1071 3449 1266 3519 Ὅμως
1296 3448 1473 3519 χρεὼν
1514 3449 1614 3517 τὴν
1658 3448 1947 3515 Παναγίαν

2050 3460 2192 3507 ctam
2218 3449 2493 3521 Virginem
2522 3450 2611 3504 Dei
2638 3450 2969 3505 Genitricem
2995 3452 3206 3521 justum
3242 3465 3319 3509 est
3359 3454 3636 3521 invocare,

371 3546 431 3595 ἐν
460 3544 659 3607 πάσαις
685 3541 1066 3595 ἐπικαλεῖσθαι
1100 3538 1374 3611 Παρθένον
1405 3539 1502 3609 τὴν
1545 3538 1832 3601 Θεοτόκον,
1863 3538 1950 3589 ἵνα

2055 3552 2113 3596 ut
2154 3541 2422 3609 prapitins
2468 3539 2539 3594 sit
2597 3539 2756 3594 nobis
2806 3538 2977 3594 Filius
3027 3540 3168 3609 ejus,
3205 3550 3259 3595 et
3299 3542 3535 3597 divinam
3586 3543 3640 3598 in

370 3635 437 3689 δι’
469 3636 637 3703 αὐτῆς
667 3635 824 3697 ἵλεως
859 3635 992 3703 ἡμῖν
1019 3634 1106 3703 εἴη
1141 3633 1169 3685 ὁ
1202 3631 1263 3696 ἐξ
1292 3631 1487 3699 αὐτῆς,
1538 3629 1633 3682 καὶ
1668 3629 1763 3697 τῆς
1797 3628 1950 3690 θείας

2057 3632 2211 3687 nobis
2264 3631 2350 3685 sui
2406 3629 2629 3684 luminis
2684 3630 2994 3686 claritatem
3066 3633 3410 3702 multiplicet.
3470 3633 3643 3703 Hujus

362 3712 539 3782 αὖτοῦ
575 3727 643 3780 δι’
688 3727 860 3798 αὐτῆς
907 3727 1293 3796 λαμπρότητος
1324 3722 1695 3793 ὲπιτύχωμεν.
1748 3719 1951 3775 Τούτου

2056 3724 2225 3794 gratia
2260 3736 2323 3775 ex
2361 3718 2586 3790 jejuniis
2621 3737 2636 3772 :
2666 3729 2792 3774 sunt
2825 3735 2958 3789 ergo
2987 3721 3135 3774 omni
3164 3721 3410 3777 credenti
3449 3740 3642 3779 neces-

374 3822 468 3876 οὖν
496 3820 657 3891 χάριν
688 3820 745 3872 αἱ
781 3821 1048 3891 νηστεῖαί·
1080 3821 1177 3872 καὶ
1208 3816 1504 3883 ἀναγκαῖαι
1540 3813 1705 3868 παντὶ
1736 3811 1913 3882 πιστῷ
1938 3826 1952 3841 ⁸

2055 3814 2221 3876 saria,
2253 3827 2361 3868 non
2389 3811 2566 3865 solum
2602 3812 2653 3866 in
2688 3812 2779 3865 tali
2815 3813 2896 3866 vel
2931 3813 3024 3867 tali
3057 3822 3325 3883 tempore,
3357 3816 3454 3870 sed
3495 3832 3645 3871 sem-

376 3914 468 3967 καὶ
496 3914 557 3967 ού
596 3914 756 3983 μόνον
792 3914 844 3965 ἐν
870 3910 1046 3982 τούτῳ
1075 3909 1153 3980 τῷ
1182 3907 1384 3978 καιρῷ,
1411 3905 1546 3961 ἀλλά
1594 3908 1688 3959 καὶ
1722 3907 1956 3957 πάντοτε

2058 3920 2155 3976 per
2184 3913 2237 3957 et
2296 3904 2415 3959 sine
2475 3903 2885 3957 intermissione
2935 3909 3262 3973 exercenda,
3299 3916 3352 3961 et
3388 3905 3648 3976 frequen-

378 4006 473 4058 καὶ
504 4004 765 4075 διηνεκῶς
799 4020 813 4033 ’
841 4004 921 4057 ὅτι
944 4001 1169 4072 νηστεία
1194 4000 1358 4068 ἔργον
1388 3995 1525 4050 Θεοῦ
1560 4012 1573 4025 °
1608 3996 1670 4050 οὐ
1696 3996 1807 4065 γάρ
1835 4012 1961 4065 τρο-

2061 3995 2223 4050 tanda
2255 4012 2269 4061 ;
2310 4004 2440 4050 sunt
2465 3994 2610 4048 enim
2649 4009 2788 4065 Opus
2815 3994 2929 4063 Dei,
2959 3997 3048 4051 cui
3074 3998 3197 4051 cibo
3232 4014 3337 4053 non
3369 4010 3450 4054 est
3473 4016 3647 4068 npus;

380 4100 487 4167 φῆς
520 4097 663 4166 αὐτᾷ
692 4094 876 4166 χρεία,
910 4096 1004 4148 καὶ
1035 4093 1147 4163 ζωὴ
1180 4090 1429 4159 ἀγγέλων
1466 4089 1560 4142 καὶ
1594 4088 1771 4159 βιοτὴ,
1800 4089 1961 4157 ἀτρο-

2060 4100 2188 4144 sunt
2223 4102 2276 4144 et
2310 4090 2633 4160 angelorum
2677 4090 2784 4143 vita
2813 4098 2867 4143 et
2897 4089 3091 4159 agendi
3124 4092 3283 4156 ratio,
3321 4094 3525 4162 quippe
3553 4095 3646 4164 qui

377 4209 470 4261 φοι
518 4190 661 4260 γάρ’
702 4191 796 4243 καὶ
838 4187 1105 4258 νέκρωσις
1140 4184 1426 4253 σώματος’
1457 4184 1561 4247 ὅτι,
1610 4180 1805 4235 τούτου
1835 4197 1963 4250 τρυ-

2064 4196 2408 4251 nequaquam
2445 4181 2819 4247 manducant;
2848 4193 2977 4236 sunt
3005 4182 3252 4251 corporis
3280 4185 3648 4254 interemptio,

377 4284 674 4352 φήσαντος,
720 4281 908 4350 νεκροὶ
956 4277 1305 4348 κατέστημεν
1337 4278 1519 4347 ἡμεῖς.
1569 4274 1678 4328 Καὶ
1718 4271 1961 4341 ἀποϐολὴ

2065 4271 2211 4341 quod
2256 4272 2304 4326 si
2345 4272 2577 4327 delicate
2610 4274 2945 4339 nutriamus,
2973 4286 3122 4330 certo
3150 4270 3652 4344 ntoriemnrjsunt

381 4373 569 4426 παθῶν
596 4373 629 4441 ἡ
664 4372 907 4440 νηστεία.
943 4368 1024 4421 Τὰ
1047 4369 1151 4437 γὰρ
1180 4367 1521 4437 ὑπογάστρια
1552 4367 1585 4436 ἡ
1618 4379 1961 4434 γαστριμαρ-

2070 4361 2306 4432 denique
2326 4361 2532 4433 jejunia
2572 4362 2890 4435 passionum
2936 4365 3248 4430 evacuatio,
3293 4382 3429 4436 quas
3461 4379 3654 4436 poten-

377 4465 474 4531 γία
516 4466 654 4516 κινεί
684 4461 853 4532 πάθη.
899 4478 915 4511 ι
954 4460 1035 4513 Τὰ
1068 4457 1337 4530 βρώματα
1358 4457 1436 4521 δὲο
1460 4456 1595 4527 φησι
1628 4455 1861 4520 nam“,
1893 4456 1960 4521 τῇ

2076 4463 2156 4510 ter
2183 4455 2426 4510 excitant
2457 4463 2511 4510 et
2538 4463 2761 4511 movent
2786 4456 2911 4528 gula
2935 4466 2992 4513 et
3024 4458 3313 4529 ingluvies.
3352 4459 3490 4513 Dicit
3515 4458 3656 4513 Pau-

378 4555 583 4626 κοιλίᾳ,
618 4555 709 4607 καὶ
741 4555 771 4622 ἡ
804 4551 984 4606 κοιλία
1022 4553 1133 4614 τοῖς
1162 4548 1470 4621 βρώμασιν.
1519 4546 1578 4601 '0
1620 4546 1677 4599 δὲ
1707 4545 1837 4608 Θεὸς
1868 4544 1966 4597 καὶ

2074 4549 2161 4603 lus
2189 4565 2203 4601 :
2247 4568 2266 4601 σ
2306 4547 2439 4604 Esca
2479 4550 2751 4617 ventri,et
2774 4560 2965 4607 venter
2999 4554 3141 4607 escis
3170 4569 3185 4607 :
3222 4551 3363 4607 Deus
3390 4564 3570 4607 autem
3603 4559 3658 4606 et

378 4647 586 4717 ταύτην
620 4648 715 4699 καὶ
744 4645 915 4700 ταῦτα
942 4645 1338 4715 καταργήσει.»
1359 4642 1457 4694 Διά
1482 4638 1641 4693 τοῦτο
1665 4637 1840 4690 τοίνυν
1871 4638 1965 4689 καὶ

2076 4640 2223 4695 hunc
2255 4648 2309 4694 et
2337 4642 2432 4696 has
2462 4641 2708 4697 destruet
2734 4644 2804 4699 ³⁷.
2834 4662 2851 4695 ι
2876 4643 3166 4714 Propterea
3196 4660 3413 4713 quoque
3437 4655 3659 4699 strenue

379 4741 497 4801 τοῖς
531 4738 811 4806 Πατράσιν
842 4736 982 4807 α’ύτη
1012 4737 1046 4807 ἠ
1083 4735 1310 4805 νηστεία
1342 4730 1702 4797 ἐσπούδαστο,
1733 4730 1828 4782 καί
1852 4730 1966 4791 τοῖς

2075 4730 2265 4787 Patres
2286 4730 2495 4802 jejunio
2522 4744 2809 4796 vacarunt,
2832 4732 2975 4787 sicut
2998 4742 3049 4788 et
3080 4734 3335 4802 apostoli,
3356 4734 3497 4789 inter
3518 4748 3658 4803 quos

382 4829 705 4893 ἀποστόλοις
729 4830 934 4894 αὐτοῖς,
963 4829 1060 4883 καὶ
1089 4827 1166 4898 τῷ
1189 4822 1387 4895 Παύλῳ
1411 4824 1531 4895 μὲν,
1560 4823 1795 4891 λέγοντι,
1828 4838 1846 4872 ι
1882 4818 1972 4873 Ἐν

2076 4836 2130 4881 et
2168 4823 2375 4879 Paulus
2427 4822 2619 4879 dicens
2662 4843 2677 4880 :
2738 4844 2758 4877 r
2810 4824 2868 4879 In
2896 4824 3121 4895 jejuniis
3172 4826 3359 4880 multis
3381 4826 3448 4880 ".
3490 4845 3509 4877 ι
3545 4825 3608 4880 Et
3644 4842 3658 4880 :

384 4925 661 4993 νηστείαις
685 4922 966 4986 πολλάκις,
1004 4939 1021 4971 ι
1062 4922 1157 4974 καὶ
1183 4939 1201 4973 ι
1248 4919 1309 4973 Ὀ
1339 4916 1745 4987 ἀγωνιζόμενος
1796 4915 1973 4967 πάντα

2082 4936 2099 4969 ι
2129 4917 2230 4984 Qui
2258 4916 2312 4970 in
2334 4931 2507 4987 agone
2537 4917 2819 4971 contendit
2851 4918 2918 4971 ab
2940 4919 3192 4973 omnibus
3214 4933 3271 4972 se
3292 4917 3529 4972 abstinet
3551 4917 3653 4970 ".r

386 5013 820 5084 ἐγκρατεύεται’
864 5030 883 5064 ›
932 5011 1019 5080 Τῷ
1076 5010 1267 5079 Πέτρῳ
1295 5008 1352 5061 δὲ
1391 5006 1679 5079 Ἀσσαρίου
1727 5003 1973 5075 θερμίοις

2079 5007 2143 5062 Ει
2175 5010 2392 5063 tandem
2424 5007 2616 5065 Petrus
2646 5010 2897 5077 captivus
2925 5019 3094 5080 atque
3123 5011 3236 5080 ipse
3272 5007 3537 5064 Dominus
3565 5008 3659 5081 qui

388 5107 730 5176 τρεφομένῳ,
770 5106 863 5159 καὶ
894 5102 973 5173 τῷ
1024 5101 1215 5173 Κυρίῳ
1245 5097 1414 5170 αὐτῷ,
1464 5098 1742 5170 κριθίνους
1771 5097 1973 5168 ἄρτους

2077 5116 2247 5171 panes
2294 5099 2631 5155 bordeaceos
2682 5103 3049 5159 manducabat
3096 5102 3407 5171 frequenter
3445 5101 3662 5172 jejuna.

364 5197 647 5264 ’ἐσθίοντα
682 5199 775 5251 καὶ
809 5194 1069 5258 πολλάκις
1102 5191 1438 5262 νηστεύοντι.
2082 5202 2303 5246 verunt.

464 5380 706 5437 "1cm.
748 5398 816 5441 η,
873 5378 953 5453 ιζ..
1030 5377 1075 5407 ἐ
1119 5375 1155 5428 ιι
1184 5346 1529 5441 δοκιμῇ.
1609 5374 1857 5428 ιυιουιι.
1894 5372 2084 5438 .x,25.
