4064 6204
1178 289 1573 354 RESPONSA
1609 298 1710 359 AD
1746 301 2192 368 GABRIELEM
2227 309 2948 379 PENTAPOLITANUM.

3540 320 3647 387 906

395 392 500 505 ita:
521 391 658 505 προς
695 394 796 464 τὴν
822 396 984 466 ἁγίαν
1019 405 1276 472 νηστείαν
1310 409 1654 480 ἐτοιμασίαν,
1700 415 1789 469 ἵνα
1826 435 1949 489 upo-

2067 440 2231 492 guem
2265 426 2542 483 hominem
2598 431 2851 496 reddunt,
2893 431 2962 487 ad
3022 432 3184 489 breve
3227 442 3442 505 tempus
3488 439 3658 496 absti-

394 480 764 552 καθαρθέντες
785 490 848 556 τῇ
874 489 1100 563 νηστείᾳ
1124 497 1536 567 προσέλθωμεν,
1556 499 1654 554 καὶ
1669 503 1776 556 ἀπὸ
1829 480 1973 577 βρω-

395 574 582 642 μάτων
619 576 976 635 λιπαινόντων
1025 585 1121 638 καὶ
1170 591 1468 658 σαρκωδῶν
1497 594 1636 663 πρὸς
1667 574 1850 664 ὀλίγον
1868 574 1972 668 *ἐγ-

391 668 848 764 κρατευσάμενοι,
870 672 973 742 τῆς
1003 681 1256 746 νηστείας
1285 681 1574 754 ἁψώμεθα,
1608 690 1842 762 καθαροὶ
1865 693 1968 764 τῆς

391 757 810 832 καθαρωτάτης,
845 764 940 817 κοιλ⁵
973 767 1248 839 ἂγιοιτῆς
1280 773 1484 844 ἁγνῆςξ
1516 778 1612 832 Διὸ
1641 782 1736 834 καὶ
1759 757 1969 855 *πρότε-

393 864 490 918 ρον
519 851 721 945 μενοι
781 856 1022 928 Πατέρες
1056 862 1154 932 τὴν
1191 863 1372 936 ψυχὴν
1426 851 1854 945 ἐκκαθαίρουσιν
1907 880 1966 932 ὲν

389 943 570 1008 τρισὶν
591 943 885 1040 ἑϐδομάσιν
913 949 993 1013 είς
1013 953 1181 1024 τιμὴν
1204 957 1301 1026 τῆς
1320 957 1571 1030 Τριάδος,
1598 943 1675 1017 τὰ-
1695 969 1825 1036 περὶ
1869 971 1969 1040 τῆς

392 1036 650 1102 νηστείας
683 1038 1048 1109 κηρύττοντες
1079 1048 1192 1110 τοῖς
1221 1048 1603 1117 εύαγγελικοῖς
1641 1053 1735 1109 τοῦ
1785 1058 1968 1129 Σωτῆ-

390 1147 485 1198 ρος
516 1132 726 1202 ῥήμασι
776 1135 914 1204 πρὸς
947 1136 1046 1208 τὴν
1100 1142 1389 1210 μετάνοιαν
1421 1147 1516 1199 καὶ
1550 1147 1648 1217 τὴν
1696 1150 1968 1222 κάθαρσιν

389 1219 536 1286 ἡμᾶς
590 1221 1004 1294 ἐκκαλούμενοι.
1049 1229 1160 1283 Καὶ
1194 1232 1282 1286 διὰ
1334 1234 1436 1302 μὲν
1469 1235 1564 1292 τοῦ
1601 1219 1966 1298 τελώνου-καὶ

385 1310 683 1373 Φαρισαίου
738 1316 811 1384 μὴ
848 1318 1172 1390 ἐπαίρεσθαι
1204 1326 1314 1388 τοῖς
1361 1325 1566 1393 πόνοις,
1603 1331 1740 1385 ἀλλά
1773 1352 1964 1389 ταπει-

384 1403 607 1457 νοῦσθαι
641 1404 974 1476 διδάσκουσι,
1006 1418 1100 1467 καὶ
1128 1415 1330 1485 μᾶλλον
1357 1419 1502 1473 οὕτω
1539 1423 1810 1487 σώζεσθαι
1832 1441 1847 1457 ⁸
1873 1429 1964 1483 διὰ

385 1493 440 1546 δὲ
473 1495 570 1562 τῆς
617 1496 711 1550 τοῦ
759 1501 974 1556 ἀσώτου
1025 1508 1345 1580 παραϐολῆς
1396 1513 1474 1583 μὴ
1529 1517 1959 1587 ἀπογινώσκειν,

383 1586 500 1640 ἀλλ’
533 1588 895 1660 ὑποστρέφειν
943 1597 1002 1650 ἐν
1050 1598 1434 1674 ἐξομολογήσει
1469 1608 1605 1677 πρὸς
1646 1611 1739 1662 τὸν
1793 1611 1958 1683 352

384 1679 589 1746 ἀγαθὸν
640 1683 856 1754 Πατέρα
907 1706 965 1740 τε
1016 1692 1109 1742 καὶ
1165 1689 1567 1765 φιλάνθρωπον.
1619 1701 1720 1756 Διά
1754 1679 1962 1774 δέ’τῇ

2083 521 2298 580 nentes,
2341 515 2610 587 jejunium
2659 520 3029 583 exordiamur,
3088 522 3209 591 puri
3274 525 3658 595 purissimum,

2040 638 2047 647 ι
2083 605 2367 676 sanctique
2399 607 2804 686 intemeratum.
2866 611 3000 666 llinc
3031 614 3194 668 etiam
3235 616 3434 670 factum
3466 627 3570 686 est,
3598 631 3657 676 ut

2081 692 2272 749 Patres
2293 695 2447 764 prius
2498 685 2675 754 tribus
2712 700 3148 756 hebdomadibus
3185 705 3426 758 animum
3453 685 3656 776 expur-

2079 793 2226 854 gent,
2261 786 2316 840 in
2373 788 2635 844 honorem
2678 790 2913 858 Triadis,
2942 810 3062 862 qua:
3085 784 3277 864 jejuuii
3304 806 3451 860 sunt,
3491 816 3658 855 evan-

2079 877 2265 947 gelicis
2316 877 2620 936 Salvatoris
2671 885 2843 939 nostri
2876 886 3058 941 verbis
3085 887 3467 956 praedicantes,
3508 892 3655 946 exci-

2082 976 2370 1039 tantesque
2404 985 2504 1026 nos
2535 971 2600 1026 ad
2653 975 3028 1042 pmnitentiam
3087 987 3140 1032 et
3186 982 3655 1049 expurgaxionem.

2078 1060 2144 1113 Et
2172 1076 2266 1126 per
2289 1062 2571 1118 Publiceni
2604 1075 2658 1120 et
2688 1064 2946 1124 Pharisaei
2991 1071 3326 1138 parabolam,
3385 1089 3493 1126 non
3533 1090 3656 1130 esse

2076 1151 2363 1208 laboribus
2388 1157 2836 1226 superbiendum,
2878 1161 2973 1215 sed
3025 1164 3449 1231 compescendos
3487 1165 3654 1220 animi

2075 1254 2327 1308 conatus,
2361 1244 2581 1313 docent,
2609 1257 2661 1303 et
2680 1251 2780 1305 hac
2804 1256 2983 1320 potius
3007 1255 3219 1309 ratione
3251 1257 3478 1311 salutem
3504 1272 3653 1312 corn-

2074 1339 2392 1406 parandam.
2414 1339 2517 1396 Per
2543 1343 2760 1410 Prodigi
2785 1346 3121 1412 parabolam,
3144 1363 3251 1402 non
3270 1365 3390 1406 esse
3412 1351 3655 1419 despon-

2071 1430 2329 1498 deudum,
2365 1433 2461 1488 sed
2520 1435 2902 1490 revertendum
2945 1438 3295 1494 confessione
3329 1440 3397 1493 ad
3434 1441 3650 1497 Patrem

2070 1521 2338 1589 optimum
2376 1531 2540 1593 atque
2562 1523 3050 1584 humanissimum.
3086 1528 3188 1585 Per
3217 1533 3650 1588 recordatiOnem

2023 1629 2035 1634 ·
2075 1609 2380 1666 Salvatoris
2411 1615 2588 1668 nostri
2617 1614 2910 1680 adventus,
2935 1617 3238 1688 incorrupti
3291 1621 3433 1676 illius
3459 1623 3653 1693 judicii

2072 1700 2323 1756 timorem
2372 1702 2669 1770 incutiunt,
2709 1712 2763 1758 et
2793 1721 2891 1780 per
2946 1709 3378 1765 misericordiam
3412 1712 3466 1765 in
3520 1728 3654 1783 pau-

383 1769 743 1842 ὑπομνήσεως
769 1776 866 1842 τῆς
912 1774 1006 1830 τοῦ
1039 1777 1294 1852 Σωτῆρος
1349 1780 1507 1853 ww
1533 1787 1796 1859 δευτέρας
1827 1769 1949 1861 παρη

2071 1807 2232 1862 peres
2269 1793 2586 1862 instruunt,
2627 1811 2725 1853 nos
2748 1813 2971 1868 quoque
2999 1801 3429 1858 misericordiam
3456 1819 3652 1860 conse-

393 1865 581 1924 ουσίας
636 1868 718 1928 είς
755 1868 920 1934 φόϐον
952 1871 1286 1938 ἐμϐάλλουσι
1317 1875 1409 1927 τοῦ
1439 1878 1742 1935 ἀδεκάστου
1769 1899 1962 1952 κριτη-

392 1956 508 2023 ρὲου
537 1955 700 2009 αὑτοῦ
727 1974 738 1984 ο
779 1961 869 2010 καὶ
901 1959 988 2013 διὰ
1037 1962 1134 2014 τοῦ
1187 1966 1324 2030 πρὸς
1355 1971 1479 2030 τοὺς
1531 1971 1772 2041 πένητας
1803 1974 1958 2026 ἐλέου

386 2047 744 2114 παρεστῶσιν,
771 2049 846 2110 ὡς
878 2051 1307 2122 ἐλεηθησόμεθα.
1336 2057 1659 2112 Τελευταῖον
1687 2061 1746 2114 δὲ
1772 2065 1834 2114 τὰ
1857 2063 1959 2132 τῆς

381 2135 595 2205 ἐξορίας
644 2139 737 2191 τοῦ
783 2140 955 2210 Ἀδὰμ
991 2146 1366 2212 προτιθέασιν,
1410 2147 1533 2218 ἥτις
1569 2153 1817 2218 ἐγεγόνει
1868 2156 1958 2209 διὰ
2004 2153 2006 2155 ’

379 2228 592 2295 τρυφῆς
629 2244 686 2280 τε
713 2231 807 2284 καὶ
833 2233 1023 2303 ἡδονῆς
1055 2235 1194 2304 πρὸς
1224 2236 1325 2307 τὴν
1353 2242 1612 2308 νηστείαν
1646 2244 1795 2311 ήμὶς
1843 2249 1954 2298 διε-

383 2320 680 2390 γείροντες.
716 2322 879 2376 Ὅθεν
933 2325 1029 2378 καὶ
1078 2325 1180 2398 τὴν
1231 2330 1338 2398 πρὸ
1373 2331 1472 2401 τῆς
1515 2334 1766 2402 νηστείας
1805 2337 1957 2390 ἐσδο-

382 2409 526 2475 μάδα
555 2411 617 2463 ού
651 2413 980 2481 κρεοφάγον,
1002 2415 1138 2467 ἀλλὰ
1178 2419 1491 2487 τυροράγον
1559 2416 1700 2474 εἶναι
1729 2441 1958 2495 νενομοα

379 2499 642 2569 θετήκασι
668 2520 680 2533 ·
704 2504 798 2556 καὶ
832 2505 1149 2575 προεὸρτιον
1171 2510 1269 2575 τῇς
1287 2511 1540 2578 νηστείας
1568 2514 1775 2582 ταύτην
1799 2518 1951 2584 φασί.

377 2593 490 2646 Καὶ
521 2593 746 2663 τριῴδια
780 2595 1006 2663 ψάλλειν
1043 2599 1141 2652 καὶ
1173 2600 1436 2669 ίδιόμελα,
1458 2603 1531 2667 ὡς
1565 2607 1658 2658 καὶ
1692 2608 1830 2662 κατὰ
1854 2611 1952 2680 τὴν

373 2684 537 2752 ἁγίαν
599 2687 1055 2760 Ἱέσσαρακοστὴν
1122 2691 1486 2760 διετύπωσαν,
1547 2699 1654 2754 Καὶ
1707 2702 1806 2765 τὰς
1858 2703 1952 2756 δύο

374 2776 583 2838 ταύτας
635 2778 800 2846 μέσον
852 2781 1129 2837 τεθείκασι
1163 2785 1422 2854 νηστείας
1461 2787 1732 2858 Τετράδος
1763 2809 1822 2844 τε
1855 2795 1950 2846 καὶ

373 2868 764 2937 Παρασκευῆς,
801 2873 858 2924 ἐν
891 2865 979 2935 αῖς
1015 2875 1108 2927 καὶ
1136 2877 1434 2946 προφητῶν
1465 2881 1653 2951 ῥήσεις
1690 2885 1820 2954 περὶ
1853 2903 1949 2956 νη-

371 2959 577 3023 στείας,
605 2963 697 3014 καὶ
728 2963 852 3024 τοὺς
878 2967 1006 3034 περὶ
1036 2967 1201 3037 αὐτῆς
1234 2969 1552 3038 λόγους⁹τοῦ
1584 2975 1947 3044 θεοφάντορος

371 3049 654 3103 Βασιλείου
703 3053 960 3121 λέγεσθαι
1021 3057 1358 3125 διετάξαντο.
1412 3063 1577 3119 Ὅθεν
1629 3069 1724 3120 καὶ
1775 3065 1851 3130 ὡς
1884 3069 1946 3122 τὸ

370 3143 599 3211 ἀρχαῖόν
645 3161 778 3214 φησι
813 3148 1042 3200 τυπικὸν
1094 3124 1198 3217 τῆςί
1252 3152 1499 3222 μεγάλης
1537 3124 2018 3230 ἘκκλησίτιίςνδίΞ

371 3234 715 3306 πατριάρχης
754 3237 893 3290 κατᾶ
923 3243 1019 3304 τὴν
1052 3241 1294 3313 Τετράδα
1319 3245 1416 3313 τῆς
1440 3246 1766 3317 Τυροςράγου
1793 3253 1948 3322 πρῶ-

367 3339 458 3389 τος
496 3327 848 3402 ἐλειτούργει,
883 3331 952 3384 τὰ
1001 3336 1446 3404 προηγιασμένα,
1480 3340 1538 3391 ὲν
1641 3343 1704 3410 δὴ
1741 3345 1837 3396 καὶ
1875 3345 1942 3413 τῇ

372 3417 702 3491 Παρασκευῇ
763 3424 902 3492 μετὰ
953 3426 1047 3492 τῆς
1099 3428 1355 3498 νηστείας
1393 3433 1489 3482 καὶ
1522 3434 1685 3500 τυρὸν
1743 3435 1946 3489 ἐσθίειν

368 3510 487 3574 ἔθος
517 3509 604 3582 ἦν,
639 3514 777 3584 πρὸς
809 3517 1088 3585 ἀναίρεσιν
1120 3519 1406 3588 αἱρετικῆς
1432 3540 1574 3584 τινος
1613 3523 1792 3594 δόξης.
1854 3527 1945 3577 Ἐν

366 3606 486 3666 ταῖς
515 3605 667 3658 δυσὶν
692 3605 782 3660 οὖν
811 3608 1046 3670 ἐκείναις
1074 3610 1170 3678 τῆς
1201 3611 1524 3681 Τυροφπὶγου
1557 3617 1840 3684 νηστείαις
1875 3618 1943 3670 τὰ

367 3693 476 3746 τῶν
524 3697 990 3766 προηγιασμένων
1024 3697 1196 3762 οὕτως
1246 3702 1484 3754 ἐτελεῖτο
1531 3703 1806 3773 ἐξαρχῆςο
1848 3709 1944 3758 καὶ

367 3787 424 3837 ἐν
453 3790 571 3846 ταῖς
603 3788 862 3851 παλαιαῖς
892 3791 1208 3858 εὑρίσκεται
1236 3792 1538 3858 διατάξεσι,
1583 3799 1675 3847 καὶ
1707 3795 1775 3847 τὰ
1814 3796 1944 3848 ἁνα-

364 3880 665 3946 γνώσματα
721 3882 1064 3952 μαρτυροῦσι
1106 3883 1175 3935 τὰ
1229 3887 1569 3954 προφητικὰ,
1600 3887 1674 3949 ὡς
1707 3889 1942 3959 εἰρήκασ-

368 3987 468 4038 μεν
491 3989 505 4001 ·
532 3974 627 4024 καὶ¹
653 3974 713 4026 τὸ
741 3976 875 4044 μηδὲ
908 3975 1214 4042 Εὐαγγέλια
1241 3977 1495 4045 λέγεσθαι
1519 3981 1576 4032 ἐν
1604 3982 1794 4045 αὐταῖς
1820 3985 1942 4046 ταῖς

363 4065 624 4133 ἡμέραις,
648 4065 722 4128 ὡς
775 4066 892 4118 οὐδὲ
925 4068 1046 4130 ταῖς
1077 4068 1238 4120 πέντε
1267 4069 1365 4138 τῆς
1393 4070 1685 4139 ἑϐδομάδος
1707 4074 1763 4125 ἐν
1788 4075 1938 4146 πάσῃ

362 4159 427 4226 τῇ
462 4159 914 4229 Τεσσαρακοστῇ,
936 4161 1011 4224 ὼς
1046 4160 1224 4214 πάντα
1248 4162 1474 4231 δηλοῦσι
1505 4163 1575 4216 τὰ
1603 4165 1938 4231 εὐαγγελικὰ

362 4248 567 4316 βιϐλία.
603 4253 709 4304 Καὶ
733 4255 873 4306 κατὰ
909 4255 1007 4324 τὴν
1033 4252 1196 4320 ἁγίαν
1240 4252 1296 4304 δὲ
1329 4255 1426 4307 καὶ
1460 4255 1708 4326 μεγάλην
1753 4259 1936 4326 Παρι-

361 4343 562 4414 σκευὴν
615 4342 788 4406 οὕτως
829 4344 1067 4415 ὲξαρχῆς
1101 4347 1527 4418 προηγιασμὲνα
1568 4349 1825 4400 ἐτελεῖτο.
1855 4350 1933 4403 υύ

2066 1896 2314 1940 cuturos.
2334 1884 2573 1942 Tandem
2603 1890 2857 1945 exsilium
2883 1893 3073 1947 Adami
3100 1907 3484 1964 proponentes,
3504 1897 3650 1965 quod

2067 1988 2288 2046 propter
2324 1977 2511 2032 luxum
2547 1990 2604 2034 et
2634 1983 2966 2050 voluptatem
3027 1986 3242 2047 accidit,
3279 1988 3343 2040 ad
3378 1987 3648 2057 jejunium

2065 2065 2448 2122 adhortantur.
2475 2063 2888 2138 Proptereaque
2912 2072 3327 2141 hebdomadem,
3357 2091 3479 2145 qua:
3517 2087 3648 2134 ante

2057 2157 2327 2229 jejunium
2352 2169 2458 2227 est,
2495 2169 2607 2216 uta
2636 2162 2895 2218 carnibus
2928 2165 3318 2232 abstineretur,
3357 2183 3464 2222 non
3514 2169 3646 2224 item

2073 2264 2312 2316 acaseo,
2377 2251 2495 2322 lege
2557 2266 2872 2308 sanxerunt.
2932 2255 3102 2322 Quam
3183 2257 3375 2326 jejuuii
3438 2259 3649 2327 profes-

2063 2350 2176 2396 tum
2239 2352 2571 2413 nuncupant,
2619 2354 2673 2399 et
2727 2347 2947 2402 Triodia
3012 2363 3226 2412 canere,
3260 2358 3314 2403 et
3365 2350 3644 2416 ldiomela,

2061 2439 2118 2485 ut
2179 2434 2301 2488 aliis
2377 2437 2523 2490 sacri
2613 2436 3117 2508 Quadragcsimalis
3195 2441 3386 2510 jrittnli
3450 2442 3645 2500 diebus

2057 2525 2537 2594 praescripserunt,
2559 2538 2612 2582 et
2633 2529 2768 2584 duas
2795 2531 2960 2585 hasce
3012 2531 3218 2586 medias
3280 2533 3344 2586 ad
3385 2533 3643 2603 jejunan-

2056 2616 2184 2669 dum
2243 2633 2493 2687 posuere,
2553 2619 2746 2674 feriam
2800 2632 3049 2690 quantm!
3104 2634 3151 2677 el
3210 2635 3462 2691 sextam;
3520 2627 3642 2694 qui»

2057 2706 2157 2760 bus
2206 2718 2258 2762 et
2299 2710 2687 2778 prophetarum
2745 2714 2809 2767 de
2844 2715 3053 2783 jejunio
3113 2717 3275 2778 dicta,
3309 2727 3363 2770 et
3412 2717 3479 2770 de
3535 2720 3640 2774 hoc

2054 2798 2246 2853 eodem
2329 2799 2498 2854 divini
2569 2801 2752 2857 Basilii
2842 2805 3119 2860 orationes
3193 2808 3449 2877 legendas
3517 2825 3643 2866 esse

2051 2889 2433 2945 decreverunt.
2506 2890 2664 2961 Hinc,
2713 2903 2772 2949 ut
2828 2905 3106 2951 Vrtustum
3153 2896 3418 2970 Typicum
3475 2901 3642 2957 refert

2053 2997 2262 3052 magna;
2334 2985 2612 3052 Ecclesiae,
2697 2992 3044 3059 patriarcha,
3109 2994 3417 3064 Tyrophagi
3501 2995 3637 3049 feria

2051 3081 2266 3142 quarta,
2297 3079 2508 3144 primus
2528 3088 2652 3133 ante
2672 3080 2808 3136 alios
2832 3079 3289 3138 Prresanctiiicata
3308 3083 3635 3152 celebrabat,

2052 3179 2156 3231 qua
2181 3173 2233 3219 et
2261 3165 2392 3220 feria
2426 3178 2575 3222 sexta
2611 3185 2739 3228 cum
2766 3172 2972 3242 jejunio
3003 3189 3224 3228 caseum
3255 3174 3419 3230 edere
3465 3176 3634 3231 nitoris

2051 3268 2188 3323 erat,
2230 3259 2296 3313 ad
2331 3259 2683 3316 refellendam
2718 3267 3010 3332 quamdam
3051 3265 3362 3321 hmreticam
3405 3277 3630 3322 senten-

2053 3345 2204 3400 tiam.
2244 3341 2357 3402 illis
2391 3350 2574 3418 itaque
2628 3351 2843 3406 duobus
2871 3349 3181 3425 Tyrophagi
3211 3355 3463 3424 jejuniis,
3491 3356 3620 3411 Prte-

2051 3439 2518 3494 sanctiticatoruu'i
2557 3445 2744 3508 missa,
2772 3445 2840 3497 ab
2871 3446 3049 3512 initio,
3085 3446 3186 3501 hoc
3211 3447 3372 3501 modo
3403 3464 3616 3518 perage-

2049 3530 2227 3592 batur,
2254 3539 2311 3582 ut
2342 3538 2396 3582 ct
2428 3531 2479 3584 in
2535 3533 2778 3600 antiquis
2831 3535 3320 3591 constitutionibus
3372 3539 3628 3594 animad-

2052 3621 2283 3672 vertitur
2346 3629 2400 3674 ct
2460 3625 2850 3692 prophetarum
2903 3627 3167 3681 lectiones
3219 3637 3506 3690 testantur,
3568 3641 3624 3686 ut

2046 3710 2317 3786 diximus;
2340 3720 2392 3766 et
2421 3714 2566 3782 quod
2625 3715 2914 3782 Evangelia
2956 3715 3063 3769 illis
3127 3716 3323 3770 diebus
3352 3733 3459 3772 non
3490 3721 3624 3775 reci-

2048 3809 2255 3864 tantur,
2279 3803 2740 3872 quemadmodum
2770 3815 2824 3859 et
2859 3807 3082 3874 reliquis
3135 3808 3377 3878 quinque
3401 3811 3626 3865 univer-

2044 3913 2117 3950 sa:
2134 3896 2575 3967 Quadragesima:
2595 3901 3046 3962 hebdomadibus,
3080 3913 3135 3955 ut
3155 3919 3344 3955 onmes
3377 3903 3625 3975 Evange-

2043 3972 2237 4043 liorum
2299 3990 2423 4044 libri
2465 3992 2984 4046 commonefaciuut.
3029 3995 3230 4048 Sancta
3285 4010 3504 4064 quoque
3567 4006 3624 4053 et

2044 4071 2235 4151 magna
2269 4082 2426 4137 Furia
2457 4093 2636 4145 sexta,
2669 4085 2735 4137 ab
2770 4084 2954 4151 initio,
2983 4086 3084 4140 hac
3111 4086 3344 4152 ratione,
3370 4087 3621 4143 Praesan-

2042 4176 2278 4230 ctilirata
2304 4177 2728 4246 peragebantur.
2758 4175 2948 4246 Neque
2997 4180 3141 4232 enim
3174 4180 3428 4233 l’atrihus
3458 4183 3623 4235 susti-

2041 4268 2277 4321 nendum
2315 4271 2617 4330 videbatur,
2639 4269 2778 4323 diem
2800 4268 3033 4336 aliquem
3063 4270 3413 4338 praeteriisse,
3443 4287 3623 4342 neque

2041 4373 2136 4428 per
2165 4361 2420 4430 mysteria
2479 4359 2764 4414 Dominum
2816 4362 3198 4432 conspexisse,
3257 4378 3353 4432 per
3381 4380 3522 4434 quae,
3560 4375 3622 4420 ut

355 4435 467 4504 γάρ
503 4453 633 4488 ποτε
665 4439 774 4499 τοῖς
823 4436 1103 4507 Πατράσιν
1142 4438 1314 4491 ἐδόκει
1344 4438 1572 4492 ἀνεκτὸν
1605 4433 1745 4492 εἶναι
1795 4441 1935 4510 ἠμέ-

2051 4460 2095 4504 et
2122 4451 2232 4519 ipse
2254 4452 2454 4516 aiebat,
2477 4467 2644 4505 unum
2682 4453 2966 4508 nobiscum
2997 4463 3160 4508 esset.
3187 4453 3270 4515 Et,
3304 4473 3322 4507 ι
3352 4453 3488 4510 Ecce
3514 4470 3614 4525 ego

360 4541 459 4595 ραν
489 4526 612 4579 τινὰ
642 4527 954 4597 παρελθεῖν,
985 4530 1079 4581 καὶ
1112 4526 1188 4597 μὴ
1221 4529 1527 4596 ἑωρακέναι
1561 4529 1652 4583 διὰ
1683 4531 1793 4583 τῶν
1825 4547 1930 4600 μυ-

359 4621 601 4690 στηρίων
636 4622 726 4674 τὸν
773 4623 999 4692 Κύριον,
1030 4621 1098 4674 δι’
1124 4615 1198 4676 ὧν
1243 4621 1348 4692 ἔφη
1380 4623 1474 4674 καὶ
1503 4624 1663 4687 αὐτὸς
1697 4623 1761 4677 ἓν
1792 4621 1932 4679 εἶναι

362 4713 481 4784 μεθ’
521 4715 680 4783 ἡμῶν
705 4733 718 4746 ο
747 4717 840 4768 κοιλ⁵
865 4715 952 4781 τὸ,
995 4717 1143 4770 Ἰδοὺ
1183 4715 1299 4785 ἐγὼ
1321 4716 1449 4785 μεθ’
1475 4716 1644 4786 ὑμῶν
1675 4720 1792 4786 ειμι
1822 4720 1933 4772 πάι

352 4820 473 4872 σας
502 4805 608 4873 τὰς
638 4805 862 4877 ἡμέρας
885 4808 995 4874 ἕως
1020 4808 1132 4876 τῆς
1157 4809 1521 4876 συντελείας
1553 4810 1660 4864 τοῦ
1686 4809 1928 4876 αἰῶνος.

352 4896 526 4951 Τοῦτο
561 4898 670 4969 γὰρ
701 4901 828 4971 ἔφη,
860 4905 961 4969 οὐχ
1015 4903 1097 4955 ὅτι
1151 4903 1291 4970 μετά
1346 4901 1522 4954 ταῦτα
1568 4904 1669 4954 ούκ
1702 4903 1930 4972 ἔμελλεν

349 4989 495 5047 εἶναι
531 4997 763 5048 πάντοτε
797 4993 916 5064 μεθ’
952 4996 1133 5064 ἡμῶν,
1161 4992 1278 5055 πῶς
1305 5009 1320 5060 ;
1349 4993 1377 5043 δ
1419 4993 1555 5063 πρὸς
1583 4995 1677 5045 τὸν
1709 4993 1930 5060 Πατέρα

350 5089 408 5139 ὲν
448 5086 524 5156 τῷ
573 5085 829 5154 εῠχεσθαι
877 5086 1073 5152 λέγων,
1106 5084 1319 5152 Πάτερ,
1366 5083 1473 5150 οὓς
1506 5082 1775 5149 δέδωκάς
1799 5099 1926 5152 μοι,

349 5176 502 5230 θέλω
535 5178 636 5230 ἵνα
667 5175 823 5229 ὅπου
855 5175 972 5243 ειμι
1003 5175 1140 5243 ἐγὼ,
1170 5173 1439 5229 κάκεῖνοι
1466 5169 1578 5227 ὦσι
1601 5171 1732 5242 μετ’
1755 5170 1926 5241 ἐμοῦ,

347 5269 451 5323 ἵνα
481 5270 748 5337 θεωρῶσι
775 5269 890 5335 τὴν
917 5268 1107 5331 δόξαν
1128 5267 1242 5335 τὴν
1263 5266 1436 5334 ἐμήν.
1460 5267 1569 5318 Καὶ
1592 5266 1696 5331 πρὸ
1719 5263 1925 5331 ὀλίγου,

350 5366 460 5418 Καὶ
490 5364 606 5432 ἐγὼ
627 5365 744 5432 τὴν
768 5364 959 5429 δόξαν
988 5361 1068 5430 ἦν
1112 5361 1377 5426 δέδωκάς
1415 5377 1518 5430 μοι
1551 5358 1790 5443 ρέδωκα
1819 5359 1930 5411 αὐ.

346 5456 497 5522 τοῖς,
533 5458 634 5510 ἵνα
680 5452 834 5510 ὦσιν
862 5456 956 5518 ἐν,
999 5455 1194 5520 καθὼς
1226 5453 1400 5521 ἡμεῖς
1428 5453 1499 5505 ἓν
1556 5452 1768 5520 ἐσμεν,
1824 5446 1924 5503 καὶ

349 5549 464 5618 ἐγὼ
492 5549 562 5602 ἐν
585 5550 810 5617 αὐτοῖς,
835 5549 932 5603 καί
967 5549 1048 5602 σὺ
1078 5549 1149 5602 ἐν
1177 5548 1326 5616 ἐμοὶ,
1356 5549 1457 5602 ἵνα
1486 5543 1600 5603 ὦσι
1625 5547 1931 5600 τετελειω-

341 5642 516 5713 μένοι
548 5646 636 5708 εις
669 5645 758 5697 ἕν.
807 5643 948 5696 Ἀλλ’
997 5643 1101 5706 ἕως
1160 5643 1259 5711 μὲν
1313 5643 1412 5710 τῆς
1470 5640 1787 5702 συντελείας
1827 5635 1924 5692 τοῦ

347 5735 541 5799 aliive;
589 5734 740 5788 ἔσται
794 5735 884 5788 διὰ
929 5734 1036 5786 τῶν
1095 5733 1412 5804 μυστηρίων
1452 5730 1644 5789 αὐτοῦ.
1680 5729 1802 5784 Ἔτι
1837 5727 1920 5794 ,δὲ

639 5833 905 5902 Panos.
937 5830 1058 5892 Gtt.
1101 5827 1275 5891 CLV.

2040 4542 2323 4597 vobiscqu
2357 4559 2477 4597 sum
2505 4543 2759 4597 omnibus
2805 4543 3000 4599 diehus
3051 4560 3227 4614 usque
3259 4545 3322 4600 ad
3362 4561 3620 4601 consum-

2038 4635 2334 4688 mationem
2362 4636 2597 4691 sacCuliJ
2625 4635 2738 4690 lloc
2765 4650 2928 4704 porro
2958 4637 3236 4699 dixit,uou
3267 4633 3412 4705 Quod
3433 4649 3616 4707 postea

2035 4734 2252 4790 semper
2280 4737 2390 4775 non
2429 4734 2574 4777 esset
2596 4738 2701 4776 una
2741 4723 3027 4777 nobiscum
3058 4724 3306 4785 iuturus;
3345 4726 3434 4791 qui
3466 4727 3612 4779 enim

2036 4811 2086 4864 id
2119 4813 2235 4866 ﬁeri
2287 4813 2481 4880 potuit,
2515 4829 2636 4865 cum
2668 4813 2784 4882 ipse
2836 4812 2899 4865 ad
2927 4812 3140 4864 Patrem
3182 4814 3320 4864 inter
3342 4814 3609 4867 orandum

2033 4901 2238 4956 diceret
2269 4918 2282 4954 :
2317 4922 2334 4954 ι
2360 4904 2538 4965 Pater,
2563 4917 2699 4971 quos
2720 4902 2917 4957 dedisti
2947 4901 3267 4965 mihi,volo,
3296 4913 3372 4966 ut,
3397 4903 3486 4955 ubi
3509 4917 3612 4970 ego

2033 5008 2178 5059 sum,
2204 4995 2354 5048 etilli
2379 4993 2742 5057 siutmccum,
2765 5004 2824 5048 ut
2847 4993 3065 5049 videant
3101 4993 3332 5061 gloriam
3361 5007 3558 5046 meam.
3582 5010 3606 5046 ι

2030 5084 2100 5138 Ει
2130 5084 2318 5153 paucis
2374 5084 2705 5152 interiectis:
2741 5100 2760 5134 ι
2794 5084 2861 5138 Et
2901 5099 3001 5154 ego
3031 5085 3282 5154 gloriam,
3313 5098 3478 5153 quam
3511 5082 3612 5138 de-

2031 5176 2159 5232 disti
2197 5175 2356 5240 mihi,
2399 5177 2520 5234 dedi
2553 5177 2655 5240 eis,
2699 5185 2756 5230 ut
2791 5176 2898 5230 sint
2932 5192 3121 5238 unum,
3147 5176 3608 5243 quemadmodum

2029 5275 2084 5324 et
2109 5283 2209 5322 nos
2233 5284 2400 5323 unum
2429 5284 2642 5334 sumus,
2677 5279 2734 5324 et
2765 5284 2865 5338 ego
2894 5272 2946 5322 ia
2977 5267 3107 5333 illis,
3140 5275 3195 5323 et
3223 5277 3279 5322 tu
3311 5265 3366 5322 in
3407 5281 3517 5335 me,
3549 5279 3607 5323 ut

2029 5357 2140 5413 sint
2158 5357 2383 5427 perfecti
2410 5360 2464 5413 in
2492 5374 2660 5412 unum
2685 5375 2699 5412 :
2729 5377 2750 5411 ι
2777 5366 3148 5413 verumtamen
3170 5358 3236 5410 ad
3253 5370 3604 5413 consumma-

2027 5449 2228 5506 tionem
2249 5455 2424 5520 usqde
2454 5450 2638 5508 saeculi
2661 5451 2764 5506 erit
2797 5466 2894 5520 per
2915 5465 3012 5504 sua
3036 5447 3317 5521 mysteria.
3336 5447 3608 5504 Praeterea

2025 5542 2080 5598 id
2103 5557 2318 5612 quoque
2349 5541 2508 5610 dixit,
2532 5543 2676 5613 quod
2704 5557 2850 5596 nunc
2877 5559 2984 5596 non
3011 5543 3283 5604 videatur,
3311 5549 3598 5610 postquam

2023 5648 2263 5704 corpore
2285 5634 2554 5701 ascendit,
2621 5646 2910 5705 quousque
2942 5639 3066 5687 tum
3089 5631 3302 5686 venerit
3330 5646 3345 5684 :
3381 5629 3604 5702 nequis

2025 5726 2083 5783 in
2109 5741 2234 5785 eam
2285 5727 2610 5787 sententiam
2641 5726 2822 5796 iverit,
2879 5739 3005 5783 eum
3040 5739 3186 5780 nunc
3209 5738 3322 5781 non
3351 5738 3472 5784 esse
3501 5735 3600 5778 no.

3080 5819 3162 5879 29
