4064 6204
464 311 573 377 907

1250 311 1638 374 SYMEONIS
1675 304 2429 371 THESSALONICENSIS
2467 302 2837 365 ARCHIEP.

3603 301 3712 364 903

467 429 699 493 hiscum,
731 426 878 499 quod
910 440 1017 483 non
1037 425 1111 482 sit
1138 425 1294 481 nobis
1319 425 1668 494 coniunctus,
1698 424 1792 481 sed
1826 423 2040 486 credat,

2149 418 2305 472 τοῦτο
2332 418 2560 488 εἴρηκε,
2592 417 2689 469 καὶ
2723 415 2814 470 διὰ
2865 414 2929 469 τὸ
2974 414 3053 486 μὴ
3104 413 3336 487 ὁρᾶσθαι
3360 413 3459 469 νῦν
3495 417 3634 485 μετᾶ
3658 416 3723 469 τι»

471 518 647 577 multo
692 518 979 575 intervallo
1014 517 1289 581 dissitum,
1350 517 1636 572 nobiscum
1672 531 1815 581 esse,
1848 529 2045 570 unum-

466 624 574 679 que
593 624 717 665 cum
749 610 928 673 nobis,
961 609 1075 662 suis
1100 608 1394 680 mysteriis.
1420 608 1554 661 ﬁeri.
1580 608 1718 661 Tum
1743 621 1869 661 vero
1892 604 2039 661 vide-

464 703 647 757 bimus
688 716 812 755 eum
862 682 1023 756 sicuti
1071 708 1175 764 est,
1226 707 1286 753 ut
1337 698 1574 753 dilectus
1619 697 1806 752 tradit.
1842 696 1909 750 Et
1941 698 2044 751 hac

464 794 680 849 ratione
711 801 974 864 perpetuo
1010 809 1117 848 una
1144 807 1267 849 cum
1300 792 1536 848 Domino
1556 792 1784 855 erimus,
1817 800 1878 845 ut
1901 790 2045 846 Pau-

461 886 550 942 lus
602 887 781 941 docet.
819 885 923 941 Sed
981 900 1128 940 nunc
1161 886 1346 941 nescio
1377 900 1483 956 qua
1544 884 1755 940 ratione
1803 885 2041 939 desitum

462 979 613 1034 siteo
644 986 887 1046 tempore
912 976 1362 1032 Prmsanctiﬁcata
1386 976 1568 1047 peragi
1592 992 1605 1027 :
1634 975 1829 1045 opinor
1861 985 2041 1029 autem

462 1070 609 1140 quod
639 1070 939 1140 perfectum
986 1071 1251 1141 jejunium
1285 1086 1393 1125 non
1446 1071 1540 1133 sit,
1566 1084 1741 1147 neque
1786 1068 2040 1134 Missam,

463 1164 543 1219 uti
572 1164 739 1219 moris
773 1172 877 1229 est,
924 1164 1218 1231 perfectam
1264 1162 1401 1228 ﬁeri,
1436 1161 1665 1231 ideoque
1703 1161 1867 1213 etiam
1904 1158 2044 1213 Prse-

463 1256 800 1311 sanctiticata
860 1255 1187 1327 neglexisse.
1220 1254 1413 1309 Adhuc
1481 1254 1645 1309 etiam
1679 1268 1747 1308 ex
1775 1250 2037 1307 Hieroso-

460 1348 725 1421 lymitano
743 1348 968 1421 Typico,
997 1348 1145 1418 quod
1177 1348 1456 1417 proprium
1512 1347 1904 1402 monachorum
1936 1352 2042 1408 est.

461 1451 516 1496 et
544 1442 689 1497 aliud
716 1457 743 1495 a
768 1457 978 1510 magnae
1025 1440 1285 1498 Ecclesiae
1314 1439 1545 1512 Typico,
1591 1438 1739 1509 quod
1774 1438 2044 1492 universa:

460 1535 719 1591 Ecclesia:
773 1535 1185 1603 sequebantur;
1217 1532 1490 1586 continua:
1520 1545 1645 1585 vero
1692 1529 1933 1599 gentium
1968 1529 2042 1583 ir-

459 1628 749 1698 ruptiones
775 1626 1019 1679 ordinem
1052 1626 1199 1680 illius
1248 1628 1650 1693 perverterunt,
1684 1628 1739 1676 et
1772 1634 1919 1675 nunc
1982 1617 2040 1672 in

377 1739 380 1742 ’
463 1717 737 1774 catholica
780 1715 1155 1771 tantummodo
1188 1712 1764 1769 Thessalonicensium
1793 1709 2040 1766 Ecclesia

462 1811 731 1881 reliquum
769 1817 875 1864 est.
912 1806 1116 1863 Sancta
1144 1821 1273 1861 vero
1298 1814 1349 1861 et
1379 1820 1575 1876 magna
1605 1805 1908 1860 Parasceve
1937 1817 2045 1857 non

460 1904 761 1973 perfectam
788 1901 1007 1955 Missam
1047 1898 1415 1961 celebramus,
1438 1896 1584 1967 quod
1632 1895 1875 1959 tradens,
1908 1892 2042 1948 feria

460 2010 515 2060 τ,
548 1978 811 2048 Dominus
837 1991 1097 2062 mysteria
1131 1991 1187 2044 in
1212 1989 1532 2046 memoriam
1576 2001 1690 2041 suae
1750 1984 2044 2055 passionis,

462 2084 600 2143 feria
646 2096 799 2142 sexta
826 2084 1139 2155 passionem
1169 2081 1356 2136 volens
1387 2079 1578 2144 subiit,
1616 2086 1675 2132 ut
1699 2078 1905 2132 dictum
1934 2083 2040 2137 est,

462 2189 518 2235 et
562 2193 659 2249 per
684 2191 903 2233 crucem
951 2175 1308 2244 semetipsum
1345 2169 1696 2232 sacriﬁcavit,
1726 2167 2045 2222 facultatem

464 2273 715 2345 praebens
770 2270 836 2324 iis
884 2268 981 2339 qui
1041 2268 1219 2337 ipsum
1257 2265 1417 2320 morti
1459 2263 1766 2319 tradebant.
1794 2263 2046 2330 Quapro-

465 2372 585 2435 pter
609 2363 772 2417 veluti
811 2360 865 2416 in
896 2360 1081 2415 divino
1103 2357 1225 2427 ejus
1253 2370 1489 2427 corpore
1510 2354 1781 2410 sacriﬁcio
1803 2368 1900 2423 per
1920 2366 2047 2424 pas-

464 2457 676 2511 sionem
708 2462 951 2524 peracto,
991 2468 1098 2507 non
1153 2459 1239 2507 est
1286 2462 1512 2504 necesse
1575 2462 1792 2508 rursus,
1828 2454 1888 2499 ut
1923 2459 2043 2510 nos,

465 2564 588 2619 quae
620 2547 685 2605 ad
718 2546 1037 2601 memoriam
1093 2543 1368 2614 passionis
1401 2542 1515 2613 ejus
1550 2541 1780 2605 faciunt,
1817 2552 2043 2609 peraga-

466 2618 606 2704 mus,
664 2652 787 2693 cum
825 2638 943 2707 ipse
980 2618 1094 2689 turn
1152 2649 1270 2689 eam
1305 2634 1537 2689 subierit
1577 2651 1591 2687 :
1648 2641 2046 2702 proptereaque

463 2729 772 2787 absolutum
833 2728 1164 2783 sacriﬁcium
1214 2726 1415 2791 facere,
1438 2741 1504 2781 eo
1536 2734 1776 2796 tempore
1816 2735 2043 2794 prorsus

466 2821 724 2877 traditum
758 2834 869 2874 non
906 2819 1238 2888 recepimus.
1278 2817 1672 2872 Verumtamen
1715 2812 2043 2869 Praesancti-

466 2913 626 2971 ﬂcata
662 2925 969 2982 proponere
998 2919 1054 2965 et
1075 2896 1387 2964 ministrare
1414 2906 1749 2977 accepimus,
1778 2903 2042 2973 quemad-

469 3003 765 3061 modumin
798 3002 987 3058 multis
1016 3014 1179 3071 supra
1206 2998 1495 3055 recensitis
1516 2995 2037 3058 Constitutionibus,

2145 506 2538 577 ἀναληφθῆναι
2560 507 2896 575 σωματικῶς
2933 506 3063 577 ἄχρι
3094 508 3190 562 τοῦ
3235 508 3410 562 ἐλθεῖν
3454 512 3599 569 τότε.
3634 512 3721 561 ἵνα

2148 599 2223 668 μή
2246 614 2331 661 τις
2355 598 2575 671 νομίσῃ,
2606 599 2691 652 ὅτι
2715 613 2777 665 γε
2801 599 2879 670 μὴ
2909 599 3191 670 ὁρώμενος
3223 600 3381 670 ἡμῖν,
3410 600 3534 670 μεθ’
3562 601 3727 670 ἡμῶν

2143 688 2248 742 οὐκ
2296 688 2417 743 ἔστι
2479 689 2597 754 νῦν,
2650 688 2790 742 ἀλλὰ
2840 690 3074 761 πιστεύῃ
3110 691 3186 756 ὡς
3226 691 3565 756 ἀδιαστάτως
3599 694 3725 746 ἐστὶ

2148 782 2271 851 μεθ’
2293 782 2471 853 ἡμῶν,
2503 783 2599 836 καὶ
2653 778 2713 835 ἐν
2772 783 2982 850 γίνεται
3017 783 3141 854 μεθ’
3170 784 3328 854 ἡμῶν
3366 787 3481 849 τοῖς
3514 803 3728 856 μυστηο

2147 875 2289 944 ρίοις
2314 872 2507 926 αὐτοῦ.
2533 872 2669 926 Τότε
2694 873 2749 927 δὲ
2779 872 3025 943 ὀψόμεθα
3046 873 3211 929 αὑτὸν
3234 874 3419 938 καθώς
3450 876 3624 940 ἐστιν,
3646 876 3730 938 ὡς

2147 968 2240 1021 καὶ
2270 968 2297 1020 ὁ
2327 964 2685 1035 ἠγαπημένος
2721 965 2878 1033 φησὶ,
2913 968 3012 1017 καὶ
3051 964 3195 1017 οῦτω
3226 965 3452 1020 πάντοτε
3487 967 3584 1019 σὺν
3612 969 3728 1020 Κυ-

2151 1061 2251 1129 ρίῳ
2287 1059 2547 1128 ἐσόμεθα,
2580 1056 2772 1126 ὥσπερ
2807 1059 2833 1110 ὁ
2874 1058 3088 1121 Παῦλος
3135 1058 3398 1115 διδάσκει.
3445 1059 3587 1113 Ἀλλ’
3622 1061 3729 1115 οὐκ

2145 1148 2246 1206 οἶδ’
2307 1152 2456 1215 ὅπως
2502 1149 2663 1203 τοῦτο
2714 1148 2811 1203 νῦν
2869 1149 3166 1218 ἠμέληται,
3195 1151 3253 1203 τὸ
3304 1152 3731 1222 προηγιασμένα.

2144 1247 2269 1301 τότε
2302 1243 2765 1315 λειτουργεῖσθαι.
2804 1238 2975 1311 Οἶμαι
3016 1244 3072 1296 δὲ
3098 1243 3189 1297 διὰ
3218 1244 3277 1296 τδ
3311 1244 3384 1313 μὴ
3424 1244 3635 1296 τελείαν
3651 1240 3734 1296 εῖ-

2145 1355 2235 1394 ναι
2264 1338 2544 1410 νηστείαν,
2577 1338 2675 1392 καὶ
2708 1336 2847 1407 μηδὲ
2874 1336 3222 1405 λειτουργίαν
3250 1334 3324 1398 ὡς
3359 1335 3482 1398 ἔθος
3514 1335 3736 1390 τελεία-,ι

2144 1432 2415 1501 γίνεσθαι,
2440 1430 2540 1485 καί
2563 1432 2662 1501 τῆς
2700 1430 2807 1484 τῶν
2840 1430 3303 1500 προηγιασμένων
3327 1429 3728 1499 καταμελῆσαι.

2151 1526 2277 1579 Ἔτι
2304 1526 2363 1578 δὲ’
2390 1526 2485 1579 καὶ
2506 1525 2614 1579 ἀπὸ
2634 1525 2730 1579 τοῦ
2770 1523 3287 1594 Ἰεροσολυμητικοῦ
3315 1524 3570 1586 τυπικοῦ,
3590 1526 3732 1591 ὅπερ

2150 1618 2444 1687 μοναχικόν
2500 1618 2672 1673 ἐστιν.
2702 1616 2947 1687 Ἐτερον
2984 1616 3027 1669 δ’
3064 1617 3182 1669 ἐστὶ
3233 1616 3291 1669 τὸ
3334 1616 3432 1685 τῆς
3481 1616 3733 1687 μεγάλης

2161 1706 2681 1779 Ἐκκλησίας,ὃπερ
2711 1708 2777 1776 δὴ
2833 1706 2926 1760 καὶ
2978 1708 3150 1760 πᾶσαι
3204 1702 3353 1778 είχον
3412 1706 3725 1777 ἐκκλησίαι.

2150 1797 2216 1850 Δί
2250 1800 2492 1865 συνεχεῖς
2528 1797 2584 1849 δὲ
2618 1798 2725 1849 τῶν
2754 1796 2925 1851 ἐθνῶν
2965 1796 3261 1867 ἐπιδρομαὶ
3289 1798 3386 1867 τὴν
3412 1797 3567 1863 τάξιν
3603 1797 3729 1851 τού-

2148 1905 2242 1942 του
2290 1888 2621 1942 κατέλυσαν.
2664 1888 2754 1942 Ἐν
2785 1891 2853 1959 τῇ
2882 1888 3146 1960 καθολικῇ
3187 1890 3247 1943 δὲ
3280 1889 3419 1961 μόνῃ
3446 1891 3731 1946 ὑπολέλει-

2150 1997 2282 2034 πται
2312 1980 2419 2034 τῶν
2451 1981 2892 2037 Θεσσαλονικέων
2935 1982 3261 2055 Ἐκκλησία.
3293 1984 3372 2054 Τῇ
3394 1984 3449 2037 δὲ
3481 1984 3613 2053 ἁγία
3632 1985 3731 2039 καὶ

2153 2072 2364 2145 μεγάλῃ
2421 2076 2757 2143 Παρασκευῇ
2796 2073 2860 2126 οὗ
2892 2072 3106 2128 τελείαν
3141 2075 3490 2147 λειτουργίαν
3539 2078 3728 2131 ποιοῦ-

2153 2180 2277 2234 μεν,
2305 2163 2388 2217 ὅτι
2438 2163 2717 2235 παραδοὺς
2758 2166 2825 2235 τῇ
2862 2165 3093 2237 πέμπτῃ
3122 2167 3151 2219 ὀ
3182 2166 3386 2237 Κύριος
3418 2169 3485 2222 τὰ
3513 2172 3729 2239 μυστή·

2152 2272 2245 2324 ρια
2269 2256 2349 2317 είς
2375 2255 2680 2325 ἀνάμνησιν
2714 2255 2809 2310 τοῦ
2848 2257 3054 2321 πάθους
3085 2258 3275 2326 αὐτοῦ,
3321 2261 3461 2314 κατὰ
3489 2262 3589 2331 τὴν
3620 2262 3732 2315 Πα-

2152 2350 2425 2419 ρασκευην
2453 2349 2512 2402 τδ
2548 2348 2724 2413 πάθος
2771 2350 3037 2417 ἑκουσίως
3068 2351 3332 2421 ὑπέμεινε
3354 2370 3370 2385 ’
3402 2354 3498 2407 καὶ
3521 2354 3615 2409 διὰ
3634 2352 3730 2409 τοῦ

2151 2439 2387 2509 σταυροῦ
2430 2440 2791 2512 ἱερούργησεν
2837 2444 3029 2498 ἑαυτὸν
3064 2444 3144 2515 τῷ
3177 2445 3350 2515 Πατρὶ
3379 2446 3727 2513 ἐθελουσίως,

2148 2534 2223 2596 ὡς
2278 2534 2519 2605 εἴρηται,
2572 2534 2763 2600 ἐκδοὺς
2797 2537 3015 2602 ἑαυτὸν,
3069 2538 3164 2592 καὶ
3198 2539 3259 2592 οὐ
3312 2540 3569 2609 προδοὺς,
3614 2544 3729 2604 τοῖς

2150 2624 2492 2694 βουλομένοις
2524 2625 2805 2694 φονεῦσαι.
2858 2628 2951 2680 Διὸ
2986 2629 3083 2683 καὶ
3135 2630 3212 2694 ὡς
3254 2633 3638 2701 γεγενημένης
3669 2634 3727 2685 ἐν

2147 2714 2224 2787 τῷ
2255 2716 2385 2786 θείῳ
2412 2716 2578 2770 αὑτοῦ
2608 2716 2823 2787 σώματι
2855 2719 2975 2772 τότε
3004 2720 3103 2787 τῆς
3134 2720 3331 2803 θυσίας
3369 2723 3456 2776 διὰ
3498 2724 3593 2778 τοῦ
3620 2725 3727 2780 πά-

2149 2810 2297 2874 θους,
2330 2811 2389 2862 οὐ
2423 2810 2583 2880 χρεία
2624 2810 2787 2865 πάλιν
2817 2814 2990 2865 ποιεῖν
3019 2814 3167 2884 ἡμᾶς
3208 2814 3278 2868 τὰ
3308 2817 3388 2879 εἰς
3412 2817 3727 2889 ἀνάμνησιν

2147 2900 2241 2956 τοῦ
2275 2901 2481 2965 πάθους
2519 2902 2706 2967 αὐτοῦ,
2758 2905 2849 2957 ὅτε
2898 2905 3066 2969 αὐτὸς
3108 2905 3266 2960 τοῦτο
3314 2909 3574 2965 πέπονθε.
3625 2910 3729 2965 Διά

2146 2992 2305 3047 τοῦτο
2348 2992 2558 3046 τελείαν
2593 2994 2693 3061 μὲν
2724 2994 2842 3048 τότε
2882 2996 3073 3050 θυσίαν
3117 2998 3362 3067 ἐνεργεῖν
3396 3002 3456 3053 οὐ
3489 3001 3731 3068 παρελά-

469 3098 736 3166 librisque
785 3095 1008 3165 reliquis
1067 3092 1331 3157 antiquis,
1375 3092 1428 3144 in
1487 3090 1687 3159 quibus
1748 3087 2041 3157 Evangelia

2149 3085 2316 3155 ῦομεν
2354 3087 2527 3149 ὅλως*
2568 3089 2991 3159 προηγιασμένα
3044 3091 3102 3144 δὲ
3146 3091 3462 3162 προτιθέναι
3491 3096 3584 3148 καὶ
3619 3094 3733 3147 λεια

465 3189 781 3258 scriptaque
833 3185 1132 3255 apostolica
1182 3185 1529 3252 digeruntur,
1568 3182 1675 3236 hoc
1726 3180 1870 3234 idem
1904 3179 2042 3233 scri-

2149 3180 2398 3247 τουργεῖν
2456 3179 2842 3249 παρελάϐομεν
2869 3181 2945 3244 ὡς
2984 3182 3043 3234 ὲν
3090 3183 3307 3246 πολλοῖς
3355 3184 3462 3236 τῶν
3514 3186 3727 3239 ἄνωθεν

467 3288 616 3350 ptum
682 3274 948 3330 invenies.
1003 3272 1373 3327 Nihilominus
1419 3283 1566 3323 nunc
1611 3283 1677 3324 ex
1738 3266 2042 3321 monastico

2149 3267 2460 3332 διατάξεων.
2492 3270 2601 3323 Καὶ
2649 3270 2707 3323 ἐν
2746 3272 3133 3340 εὐαγγε).ικαίς
3168 3274 3263 3329 καὶ
3297 3274 3456 3346 353
3496 3276 3732 3330 ἀποστο-

466 3367 974 3436 Hierosolymorum
997 3361 1203 3433 Typico
1227 3360 1282 3414 in
1312 3375 1415 3415 usu
1440 3375 1546 3413 non
1569 3367 1673 3413 est.
1695 3356 1813 3412 Non
1835 3357 2040 3426 itaque,

2152 3358 2331 3421 λικαῖς
2387 3359 2587 3423 βίϐλοις
2651 3363 2907 3431 ἀρχαίαις
2970 3364 3227 3433 εὑρήσεις
3285 3365 3443 3419 τοῦτο
3480 3383 3733 3435 γεγραμο

466 3461 613 3531 quod
655 3459 709 3511 in
770 3454 895 3510 aliis
948 3451 1177 3524 jejuniis
1232 3449 1693 3522 prmsanctilicata
1742 3463 1847 3503 non
1886 3450 2043 3513 ﬁunt,

2149 3449 2329 3518 μένον.
2393 3450 2584 3520 Ὅμως
2659 3452 2715 3505 δὲ
2778 3451 2872 3506 νῦν
2934 3454 3035 3506 οὐκ
3100 3456 3405 3523 ἐνεργεῖται
3459 3456 3570 3509 ἀπὸ
3630 3456 3755 3511 τοῦ

465 3565 531 3606 ea
566 3545 963 3605 contemnenda
1000 3552 1149 3611 sunt,
1179 3544 1273 3599 sed
1298 3541 1637 3597 observanda
1673 3542 1890 3612 potius;
1921 3555 2044 3595 cum

2149 3542 2445 3614 μοναχικοῦ
2471 3544 2577 3598 τῶν
2617 3545 3012 3615 Ἱεροσολύμων
3044 3547 3298 3601 τυπικοῦ.
3329 3547 3403 3601 Οὐ
3435 3548 3576 3602 κατὰ
3605 3545 3734 3600 τοῦ-

466 3651 523 3700 et
557 3643 611 3696 in
647 3653 846 3711 magno
887 3638 1131 3708 jejunio,
1167 3636 1404 3690 Sabbato
1447 3644 1499 3689 et
1534 3633 1835 3698 Dominica,
1871 3629 2048 3701 perfe-

464 3741 608 3789 ctam
630 3729 851 3785 missam
887 3727 1251 3789 celebramus,
1289 3733 1343 3778 et
1382 3723 1434 3777 in
1458 3725 1581 3778 aliis
1613 3722 1775 3778 etiam
1799 3722 2045 3792 jejuniis,

466 3836 589 3890 qua
620 3820 826 3875 violare
859 3818 1033 3883 nefas,
1066 3816 1229 3870 veluti
1278 3815 1459 3884 vigilia
1487 3814 1689 3869 Christi
1756 3813 2045 3878 natalium,

469 3910 788 3973 Luminum,
822 3916 876 3964 et
907 3921 1103 3975 magna
1134 3906 1289 3961 Feria
1319 3921 1370 3970 ν,
1400 3906 1471 3960 ita
1501 3905 1831 3976 peragimus,
1876 3921 1974 3963 nec
1994 3906 2048 3960 in

469 3997 579 4059 illis
606 4000 875 4071 jejunium
906 3998 1170 4054 solvimus
1191 3995 1336 4067 quod
1365 3983 1605 4065 perfecto
1639 3996 1906 4051 sacriﬁcio
1932 4004 2050 4049 uta-

472 4108 616 4147 mur.
658 4092 772 4146 lmo
801 4100 854 4147 et
881 4104 1160 4165 magnum,
1193 4103 1361 4144 sacrae
1398 4086 1842 4159 Quadragesimaa
1892 4088 2048 4142 addi-

479 4195 617 4249 tum,
682 4182 787 4236 alia
848 4195 1065 4251 quoque
1110 4179 1316 4250 jejuuia
1368 4194 1488 4235 esse
1521 4181 1696 4236 innuit
1731 4197 1746 4235 :
1782 4188 1836 4234 et
1891 4180 1960 4234 ob
2000 4179 2052 4236 id

472 4273 654 4340 potius
679 4270 824 4326 inter
863 4270 996 4325 alias
1035 4284 1228 4340 magna
1255 4270 1479 4335 dicitur,
1516 4270 1660 4339 quod
1690 4280 1743 4325 et
1765 4270 1889 4325 alia:
1918 4270 2050 4336 sint,

2145 3654 2207 3690 το
2229 3636 2321 3690 οῦν
2353 3638 2436 3690 ὅτι
2467 3637 2528 3690 οὐ
2563 3639 2987 3708 προηγιασμένη
3044 3638 3358 3707 λειτουργία
3386 3639 3626 3692 τελεῖται
3667 3641 3731 3692 ἐν

2146 3731 2269 3792 ταῖς
2317 3729 2508 3792 ἄλλαις
2542 3729 2844 3799 νηστείαις,
2904 3732 3123 3794 ἐκείνας
3190 3732 3524 3801 παροπτέον,
3590 3731 3731 3787 ἀλλὰ

2147 3820 2415 3890 τηρητέον
2451 3819 2670 3891 μᾶλλον.
2721 3822 2873 3875 Ἐπεὶ
2904 3825 2995 3874 καὶ
3047 3824 3105 3874 ἐν
3155 3825 3221 3892 τῇ
3256 3822 3472 3895 μεγάλῃ
3500 3824 3733 3896 νηστείᾳ

2150 3910 2415 3982 Σαϐϐάτῳ
2476 3929 2536 3965 τε
2607 3914 2702 3966 καὶ
2767 3915 3030 3985 κυριακῇ
3085 3915 3351 3986 τελοῦμεν
3390 3918 3731 3986 λειτουργίαν

2148 4004 2392 4058 τελείαν·
2428 4005 2523 4057 καὶ
2563 4006 2620 4057 ἐν
2658 4004 2847 4068 ἄλλαις
2900 4005 2958 4059 δὲ
2994 4006 3378 4079 ἀπαρασάτοις
3424 4008 3730 4080 νηστείαις,

2148 4093 2248 4162 τῆς
2279 4110 2337 4146 τε
2387 4093 2714 4164 παραμονῆς
2763 4094 2871 4148 tth
2921 4094 3159 4166 Χριστοῦ
3188 4097 3394 4165 γέννων
3437 4100 3602 4167 φημὶ,
3632 4098 3731 4150 καὶ

2149 4184 2256 4238 τῶν
2281 4185 2500 4248 Φὼτων,
2536 4188 2631 4240 καὶ
2664 4187 2805 4241 κατὰ
2842 4186 2941 4258 τὴν
2977 4188 3222 4259 μεγάλην
3261 4188 3548 4258 Πέμπτην,
3584 4187 3732 4243 οὕτω

2153 4276 2416 4347 ποιοῦμεν
2437 4293 2451 4307 '
2515 4279 2610 4332 καὶ
2644 4277 2706 4332 οὑ
2734 4278 3078 4349 καταλύομεν
3125 4278 3225 4350 τὴν
3259 4279 3510 4348 νηστείαν
3541 4281 3599 4332 ἐν
3635 4280 3734 4333 αὖ·

476 4366 592 4435 ipsa
627 4377 760 4417 vero
794 4362 931 4418 alias
956 4362 1375 4429 superemineat.
1414 4367 1547 4431 Apte
1591 4361 1755 4432 igitur
1799 4360 2054 4431 justeque

2151 4371 2291 4431 ταῖς,
2320 4368 2410 4422 διὰ
2440 4369 2497 4421 τὸ
2552 4369 2771 4431 τελείως
2802 4370 3127 4438 ἱερουργεῖν.
3160 4369 3269 4423 Καὶ
3296 4372 3359 4424 τὸ
3396 4370 3645 4441 μεγάλην
3670 4372 3732 4424 δὲ

475 4455 590 4510 hac
613 4459 842 4507 vocatur
873 4450 1083 4504 decima
1112 4467 1128 4517 ;
1163 4454 1290 4520 quia
1339 4452 1442 4505 etsi
1477 4452 1607 4517 Deo,
1641 4454 1731 4522 qui
1765 4468 1864 4509 nos
1895 4468 1926 4507 e
1963 4452 2046 4507 ni-

2156 4459 2438 4513 καλεῖσθαι
2465 4459 2563 4535 τὴν
2586 4460 2750 4529 ἁγίαν
2772 4460 3252 4534 Τεσσαρακοστὴν,
3283 4462 3377 4516 καὶ
3394 4438 3560 4526 ἄλλας
3588 4438 3733 4516 εἶναι

476 4542 589 4597 hilo
617 4541 846 4607 creavit,
895 4541 1057 4595 vitam
1091 4556 1309 4595 omnem
1352 4552 1593 4595 nostram
1629 4544 1918 4598 restituere
1949 4542 2046 4597 de-

480 4637 691 4699 bemus,
731 4632 957 4700 insuper
1007 4642 1211 4695 tamen,
1251 4634 1795 4702 praevaricationibus
1846 4635 2047 4690 inﬁrmi

476 4733 532 4779 et
558 4723 762 4778 debiles
801 4722 1000 4788 eﬁecti,
1040 4724 1394 4793 pluribusque
1437 4724 1898 4779 sollicitudinibus
1925 4740 2047 4779 car-

480 4813 565 4867 nis
600 4812 830 4880 abrepti,
869 4820 1111 4882 tempora
1138 4817 1383 4883 quaedam
1424 4813 1720 4884 praestituta
1754 4824 1808 4868 et
1850 4818 2045 4885 pnrpi-

477 4912 699 4975 gnerata
738 4904 937 4958 habere
988 4904 1273 4967 debemus.
1325 4905 1377 4958 in
1428 4908 1684 4960 honorem
1720 4914 1774 4960 ct
1822 4908 2046 4976 gloriam

476 4994 596 5064 ejus
644 4995 734 5063 qui
791 5010 889 5050 nos
924 4995 1248 5063 plasmavit;
1301 4998 1353 5050 in
1404 4999 1604 5067 quibus
1651 5014 1681 5053 a
1723 5002 1884 5054 rebus
1928 5000 2050 5054 vita)

480 5096 818 5151 avertentes,
890 5095 1186 5154 sancteque
1254 5087 1554 5157 cogitantes
1623 5089 1690 5143 de
1753 5091 2049 5160 gratiarum

481 5179 698 5232 actione
751 5188 804 5232 et
861 5178 1114 5233 laudibus
1172 5194 1296 5248 erga
1346 5177 1687 5246 Creatorem,
1723 5182 1789 5235 de
1821 5183 2050 5252 petenda

481 5268 548 5321 ab
583 5268 701 5338 ipSo
730 5268 887 5321 venia
919 5268 1253 5322 inﬁnitarum
1310 5279 1655 5337 peccatorum
1693 5274 2000 5325 nostrorum
2030 5288 2045 5337 ;

482 5371 767 5429 propterea
829 5368 1029 5412 statuta
1085 5368 1213 5413 sunt
1264 5369 1526 5429 tempora,
1586 5360 1881 5417 Dominicm
1914 5365 2048 5428 dies,

487 5447 619 5503 festa
662 5459 715 5502 et
756 5450 985 5519 jejunis,
1021 5458 1075 5504 et
1120 5449 1251 5503 illud
1281 5450 1549 5519 imprimis
1596 5452 1819 5522 majoris
1844 5452 2055 5507 hebdo-

487 5541 676 5605 madas,
717 5541 1065 5612 integerrime
1089 5544 1270 5597 omnia
1293 5543 1401 5597 Deo
1419 5547 1807 5600 consecranda.
1842 5546 2053 5599 Dantur

484 5630 630 5684 enim
666 5645 727 5684 ea
760 5631 874 5701 lege
907 5644 968 5686 ut
992 5647 1098 5687 non
1133 5647 1585 5705 prmoccupenlur
1619 5638 1672 5692 in
1708 5640 1915 5708 agendo
1950 5652 2050 5707 pro

487 5722 898 5779 necessitatibus
931 5726 1175 5793 terrenis,
1202 5726 1451 5798 nullique
1477 5730 1697 5788 libertas
1725 5732 2050 5802 relinquitur

2148 4552 2387 4606 διδάσκει
2415 4554 2692 4624 νηστείας.
2724 4554 2835 4607 Καὶ
2861 4553 2948 4607 διὰ
2973 4554 3131 4609 τοῦτο
3163 4556 3364 4625 μᾶλλον
3396 4555 3612 4626 μεγάλη
3638 4555 3731 4608 λέ-

2149 4660 2329 4711 γεται,
2361 4642 2441 4696 ὅτι
2470 4644 2563 4697 καὶ⁵
2587 4644 2775 4716 ἒτεραί
2806 4648 2978 4699 εἰσιν·
3017 4647 3158 4717 αῦτη
3191 4647 3250 4700 δὲ
3286 4647 3492 4701 τούτων
3531 4647 3733 4715 ὑπερέ-

2150 4750 2256 4805 χει.
2299 4735 2731 4799 ’Λποδεκὰτωσις
2753 4737 2807 4789 δὲ
2848 4737 3077 4800 δικαίως
3118 4737 3256 4807 αῦτη
3282 4738 3503 4805 λέγεται
3527 4753 3547 4771 ⁸
3574 4738 3656 4790 ὅτι
3679 4738 3730 4789 εί

2152 4828 2246 4879 καὶ
2298 4829 2477 4880 πᾶσαν
2508 4828 2668 4897 ἡμῶν
2699 4830 2987 4897 ὀφείλομεν
3032 4830 3107 4899 τῷ
3141 4829 3261 4899 Θεῷ
3284 4828 3599 4883 ἀνατιθέναι
3627 4830 3730 4898 τὴν

2151 4916 2315 4987 ζωὴν,
2348 4918 2470 4971 ἐπεὶ
2502 4921 2595 4971 καὶ
2645 4920 2733 4972 διὰ
2767 4920 2924 4972 τοῦτο
2956 4922 3019 4974 ἐκ
3078 4922 3153 4991 μὴ
3183 4920 3353 4973 ὄντων
3391 4921 3724 4989 γεγόναμεν,

2152 5008 2268 5060 ἀλλ’
2298 5009 2445 5076 ὅμως
2474 5013 2539 5079 τῇ
2573 5010 2883 5079 παραϐάσει
2916 5012 3161 5073 ἀσθενεῖς
3197 5013 3509 5079 γεγονὸτες,
3543 5013 3638 5063 καὶ
3665 5010 3725 5062 τὸ

2152 5099 2310 5151 πλέον
2346 5100 2603 5170 περὶτῆς
2654 5103 2853 5170 σαρκὸς
2905 5103 3302 5172 μεριμνῶντες,
3357 5102 3460 5155 κᾶν
3496 5105 3727 5173 καιροὺς

2153 5193 2622 5262 ἀποτεταγμένους
2657 5193 2800 5263 ἔχειν
2837 5194 3163 5264 ὀφείλωμεν,
3216 5196 3295 5257 εἷς
3338 5212 3397 5247 τε
3438 5196 3606 5263 τιμὴν
3632 5194 3727 5247 καὶ

2150 5286 2307 5349 δόξαν
2341 5286 2431 5339 τοῦ
2483 5286 2807 5351 πλάσαντος,
2843 5288 2937 5340 καὶ
2992 5287 3204 5359 ἀποχὴν
3264 5286 3372 5339 τῶν
3429 5286 3723 5357 βιωτικῶν,

2152 5377 2247 5429 καὶ
2281 5379 2533 5448 φροντίδα
2563 5382 2683 5433 τινα
2714 5379 2813 5449 τῆς
2867 5396 2927 5432 τε
2977 5380 3335 5450 εὐχαριστίας
3389 5378 3484 5432 καὶ
3513 5378 3724 5446 δοξολο-

2155 5469 2277 5535 γίας
2299 5468 2392 5521 τοῦ
2420 5474 2660 5536 κτίστου,
2698 5473 2792 5526 καὶ
2825 5471 3043 5541 αἴτησιν
3090 5473 3337 5539 ἀρέσεως
3370 5472 3503 5542 παρ’
3556 5469 3722 5524 αὐτοῦ

2152 5559 2260 5610 τῶν
2293 5560 2587 5630 ἀμυθήτων
2638 5563 2796 5631 ἡμῶν
2833 5562 3153 5633 ἁμαρτιῶν*
3208 5560 3277 5614 δι’
3328 5560 3395 5630 ἢν
3428 5561 3606 5613 αἰτίαν
3630 5559 3724 5612 καὶ

2156 5648 2450 5717 Κυριακαὶ,
2487 5654 2577 5704 καὶ
2619 5655 2823 5723 ἑορταὶ,
2868 5656 2964 5708 καὶ
2993 5657 3261 5723 νηστείαι,
3295 5656 3389 5706 καὶ
3425 5653 3721 5723 ἐξαιρέτως

2156 5736 2295 5807 αῦτη
2327 5727 2843 5817 παραδέδοταιηιίαὶ
2868 5744 3238 5814 ἀφιερωμέναι
3267 5745 3436 5797 πᾶσαι
3460 5740 3598 5811 Θεῷ,
3629 5740 3723 5793 καὶ
