4064 6204
496 348 613 411 νιι

1007 468 1336 534 ΟυᾹεζεΊῚΟ
1385 473 1571 529 LVIII.

505 575 649 636 Num
700 577 755 631 in
805 576 974 663 Missa
1006 587 1582 665 prarsam'tiﬁcnlorunt
1632 590 1870 660 fragmen
1912 593 2079 647 divini

807 659 964 718 panis
998 669 1067 705 an
1098 659 1295 724 integer
1333 660 1516 727 afferri
1549 659 1774 715 debeat?

577 737 742 795 Panis
773 757 936 810 porro
987 755 1091 799 non
1125 749 1275 801 debet
1304 763 1427 803 esse
1485 752 1773 819 particula,
1807 754 1901 809 sed
1939 754 2077 809 inte-

506 848 622 906 ger,
663 843 719 888 ut
749 834 800 889 in
851 847 1053 906 partes,
1095 842 1169 893 uti
1203 844 1370 896 moris
1398 852 1505 908 est,
1539 845 1706 899 dividi
1734 846 1926 916 possit,
1963 846 2077 899 fra-

506 940 736 995 ctusque
770 929 1171 995 distribuatur;
1228 934 1331 987 hoc
1388 935 1532 989 enim
1592 936 1775 991 minus
1829 938 1992 992 habet
2028 953 2077 1003 ea

507 1021 676 1076 missa
717 1021 974 1092 perfecta.
1010 1024 1069 1077 Et
1100 1041 1236 1093 aqua
1275 1026 1449 1082 calida
1489 1038 1615 1084 tunc
1641 1045 1858 1097 quoque
1912 1030 2082 1084 intro-

505 1111 762 1178 mittitur,
796 1128 901 1167 non
937 1113 1287 1179 perfectionis
1336 1115 1564 1185 alicujus
1596 1120 1791 1188 gratia,
1820 1135 1942 1174 cum
1976 1133 2078 1173 nec

506 1201 559 1254 in
593 1203 763 1257 missa
804 1205 1039 1273 perfecta
1094 1207 1163 1261 oh
1196 1209 1587 1275 perfectionem
1643 1211 1877 1281 aliquam
1913 1213 2081 1265 intro-

506 1296 774 1360 mittatur,
816 1299 907 1351 sed
937 1307 994 1351 ut
1033 1299 1213 1367 tepido
1258 1302 1540 1356 tremendo
1574 1303 1663 1356 illo
1712 1304 1881 1358 calice
1911 1304 2074 1369 facto,

508 1386 636 1441 illud
662 1388 845 1442 animo
894 1390 1291 1459 concipiamus,
1322 1393 1482 1446 etiam
1529 1392 1751 1449 Christo
1774 1396 2077 1462 demortuo,

504 1479 779 1533 vivificum
811 1480 956 1537 illius
1004 1497 1205 1551 corpus
1263 1490 1291 1537 a'
1343 1483 1628 1540 divinitate
1682 1502 1856 1555 neque
1924 1487 2082 1541 avul-

507 1586 627 1625 sum
657 1587 832 1641 neque
869 1584 1203 1641 separatum,
1253 1576 1706 1645 quemadmodum
1742 1577 1924 1631 divina
1961 1578 2081 1647 ejus

507 1662 714 1723 anima.
741 1665 832 1719 sed
875 1666 1284 1734 operationibus
1310 1665 1546 1734 Spiritus
1580 1666 1749 1723 fuisse
1778 1670 2078 1738 oppletum.

507 1752 640 1807 Illud
661 1770 877 1823 quoque
907 1756 1078 1810 calida
1106 1758 1304 1821 innuit,
1336 1756 1602 1828 Spiritum
1634 1776 1754 1815 esse
1780 1761 2078 1827 vivificum,

1363 353 1744 420 SYMEONIS
1784 359 2227 423 THESSALON
2242 363 2534 426 lCENSIS
2566 364 2918 427 ARCHIEP.

2104 478 2153 536 Δ

3576 436 3585 442 ,
3645 363 3753 426 9ίὲ

2709 479 3045 534 ΕΡΩἸἮΣΙΣ
3089 476 3225 536 Nll'.

2192 590 2290 643 Ἐν
2310 589 2385 655 τῇ
2411 592 2753 659 λειτουργίᾳ
2776 591 2893 644 τῶν
2918 608 3069 656 report
3078 589 3414 657 γιασμένων
3436 589 3555 656 χρὴ
3573 603 3759 656 προσ-

2251 659 2458 728 φέρειν
2492 658 2591 713 καὶ
2636 658 2837 730 τμῆμα
2875 660 2981 714 τοῦ
3028 662 3189 715 θείου
3218 659 3401 727 ἄρτου
3432 659 3468 728 ἢ
3496 660 3645 713 ὅλον
3665 676 3684 722 ;

2260 753 2496 822 Ὀφείλει
2530 753 2586 806 δὲ
2621 754 2714 805 καὶ
2744 754 2771 805 ὁ
2826 753 2989 823 ἄρτος
3042 753 3116 822 μὴ
3145 753 3337 822 τμῆμα
3399 747 3561 817 εἶναι,
3619 749 3761 802 ἀλλὰ

2178 846 2400 909 τέλειος,
2431 846 2506 909 ὡς
2544 845 2611 899 ἂν
2638 846 2870 916 μελισθῇ
2911 846 3054 899 κατὰ
3081 846 3141 899 τὸ
3176 846 3316 910 ἔθος,
3370 847 3467 899 καὶ
3493 845 3761 908 κλασθεὶς

2183 935 2469 1005 μεταδοθῇ.
2513 935 2685 987 Τοῦτο
2734 936 2844 1005 γὰρ
2896 935 3147 989 λείπεται
3199 935 3308 989 ἀπὸ
3363 934 3463 1002 τῆς
3508 931 3764 992 ἐντελοῦς

2179 1028 2539 1099 λειτουργίας.
2573 1027 2684 1079 Kal.
2714 1026 2773 1079 τὸ
2802 1026 2921 1092 ζέον
2946 1024 3002 1079 δὲ
3035 1025 3155 1080 τότε
3175 1026 3478 1093 εἰσάγεται,
3503 1024 3565 1077 οὐ
3597 1023 3763 1094 χάριν

2180 1119 2325 1181 τινὸς
2373 1118 2728 1181 τελειώσεως,
2766 1119 2892 1170 ἐπεὶ
2920 1118 3041 1171 οὐδὲ
3084 1118 3226 1171 κατὰ
3274 1118 3370 1187 τὴν
3406 1117 3618 1169 τελείαν
3647 1116 3767 1167 λει-

2181 1210 2441 1281 τουργίαν
2486 1210 2574 1263 διὰ
2627 1210 2911 1263 τελείωσίν
2953 1228 3074 1262 τινα
3132 1211 3439 1277 εἰσάγεται,
3494 1207 3611 1260 ἀλλ’
3666 1207 3760 1259 ἵνα

2181 1298 2407 1371 χλιαροῦ
2441 1298 2535 1353 τοῦ
2561 1299 2793 1368 φρικτοῦ
2827 1301 3086 1370 ποτηρίου
3111 1299 3419 1368 γευόμενοι,
3453 1297 3761 1365 ἐννοῶμεν,

2181 1391 2254 1456 ὡς
2283 1392 2378 1446 καὶ
2437 1384 2810 1461 νεκρωθέντος
2869 1390 3132 1461 Χριστοῦ,
3169 1390 3230 1442 τὸ
3287 1388 3552 1453 ζωοποιὸν
3586 1387 3763 1441 αὐτοῦ

2185 1482 2345 1550 σῶμα
2376 1479 2681 1550 ἀχώριστον
2706 1475 2781 1551 ἦν
2834 1481 2928 1533 καὶ
2969 1480 3278 1549 ἀδιαίρετον
3336 1479 3433 1545 τῆς
3474 1476 3762 1544 θεότητος,

2182 1573 2257 1636 ὡς
2293 1574 2386 1625 καὶ
2421 1573 2454 1638 ἡ
2487 1570 2605 1625 θεία
2634 1571 2804 1642 ψυχὴ,
2844 1572 2939 1624 καὶ
2971 1571 3079 1623 τῶν
3121 1568 3410 1640 ἐνεργειῶν
3462 1565 3558 1621 τοῦ
3591 1566 3767 1619 ΙΙνεύ-

2186 1679 2355 1733 ματος
2399 1662 2628 1733 πλῆρες.
2682 1663 2792 1713 Καὶ
2841 1660 3000 1713 τοῦτο
3034 1660 3094 1712 τὸ
3138 1658 3343 1731 θερμὸν
3396 1658 3643 1717 ἐκτυποῐ.
3675 1658 3764 1709 ὅτι

2184 1754 2446 1820 ζωοποιδν
2477 1754 2539 1806 τὸ
2568 1752 2808 1820 Πνεῦμα,
2841 1752 2937 1805 καὶ
2962 1752 3056 1805 τοῦ
3084 1748 3349 1813 ζωοποιοῦ
3382 1748 3633 1817 σώματος
3662 1745 3765 1798 τοῦ

508 1854 561 1899 et
587 1845 799 1901 viviflco
820 1846 1025 1916 Spiritu
1055 1863 1083 1901 a
1112 1848 1330 1904 Christo
1356 1866 1464 1904 non
1501 1851 1765 1920 sejuncto,
1800 1870 1972 1923 neque
2000 1856 2080 1909 di-

2188 1845 2424 1915 Χριστοῦ
2456 1844 2531 1915 μὴ
2558 1844 2825 1909 ἀποστὰν,
2858 1844 2980 1898 οὐδὲ
3028 1844 3060 1913 ὴ
3097 1842 3286 1908 θεότης
3320 1840 3485 1893 αὐτοῦ
3526 1838 3767 1908 κεχώρι-

510 1940 786 1992 viuitatem
814 1940 881 1994 ab
905 1955 968 1995 eo
994 1940 1162 1997 fuisse
1184 1942 1432 1998 divisam.
1460 1946 1630 2000 lmmo
1654 1958 1706 1998 et
1732 1962 1868 2014 aqua
1902 1948 2079 2017 imago

511 2038 595 2085 est
617 2030 871 2096 Spiritus,
890 2032 981 2101 qni
998 2048 1140 2102 aqua
1169 2043 1537 2105 nuncupatur,
1564 2045 1616 2090 et
1629 2037 1799 2102 calor,
1824 2046 2078 2106 tanquam

511 2123 600 2193 qui
633 2124 701 2177 ab
732 2123 855 2192 igne
876 2131 958 2178 est
985 2124 1304 2191 divinitatis,
1334 2128 1478 2197 quod
1513 2126 1654 2182 Deus
1710 2139 1892 2183 noster
1936 2129 2079 2197 ignis

510 2215 803 2269 absumens
833 2222 953 2281 est;
988 2216 1246 2286 ideoque,
1301 2234 1423 2273 cum
1448 2234 1568 2275 eam
1601 2219 1864 2283 infundit,
1898 2220 2029 2275 dicit
2061 2237 2074 2271 :

517 2305 706 2361 «Calor
734 2304 972 2377 Spiritus
1005 2310 1199 2373 sancti,
1231 2310 1458 2365 Amen.»
1489 2311 1667 2375 Quare
1691 2311 1889 2367 nullam
1915 2313 2082 2381 majo-

507 2414 623 2452 rem
651 2401 880 2471 gratiam
904 2400 1089 2457 divin‘a
1114 2418 1339 2458 munera
1369 2404 1665 2472 accipiunt,
1689 2418 1812 2459 cum
1844 2402 2078 2472 perfecta

507 2493 657 2559 sint;
706 2492 799 2548 sed
850 2508 1014 2549 causa
1046 2495 1215 2549 nostri
1251 2495 1626 2549 tantummodo
1677 2504 2079 2564 proponuntur,
2124 2546 2125 2549 η

508 2594 571 2637 ut
603 2599 699 2653 per
733 2600 795 2640 ea
822 2600 1029 2641 necnon
1060 2596 1113 2641 et
1148 2602 1337 2656 preces
1372 2588 1799 2642 sanctiﬁcemur.

1039 2676 1368 2743 oumsrtn
1390 2677 1549 2745 ,th.

504 2767 692 2836 Quare
729 2778 778 2823 et
818 2769 875 2822 in
909 2769 1031 2823 aliis
1072 2770 1197 2821 anni
1227 2769 1409 2823 diebus
1451 2787 1553 2822 non
1598 2769 1888 2825 celebretur
1918 2771 2080 2825 missa

997 2838 1601 2908 Prtesancti/tcatorum.

579 2952 800 3017 Diebus,
826 2952 1025 3023 quibus
1064 2968 1129 3007 ex
1154 2953 1471 3024 praescripto
1496 2953 2078 3009 Prmsanctilicatbrum

506 3044 676 3101 missa
701 3060 811 3099 non
843 3045 1157 3114 imperatur,
1184 3044 1250 3098 ab
1271 3060 1333 3100 ea
1350 3046 1671 3100 celebranda
1695 3044 2079 3100 abstinendum

2188 1955 2333 1992 σται.
2364 1938 2522 2008 ’Ἅμα
2577 1936 2672 1991 οὖν
2716 1936 2809 1991 καὶ
2844 1936 2906 1989 τὸ
2961 1934 3108 2002 ὕδωρ
3136 1934 3197 1986 τὸ
3246 1932 3473 2001 Πνεῦμα
3503 1931 3767 1994 είκονίζει

2188 2029 2332 2100 ὕδωρ
2380 2027 2736 2097 καλούμενον,
2770 2026 2949 2080 καὶτὸ
2978 2024 3181 2095 θερμὸν
3212 2023 3286 2086 ὡς
3317 2022 3411 2076 τοῦ
3443 2023 3612 2091 πυρὸς
3662 2020 3768 2088 τὴν

2186 2122 2434 2192 θεότητα.
2469 2120 2593 2174 Ὅτι
2621 2121 2648 2172 ὁ
2673 2119 2806 2182 Θεὸς
2828 2119 2988 2188 ήμῶν
3010 2119 3122 2188 πῦρ
3154 2115 3574 2179 καταναλίσκον,
3603 2112 3762 2182 φησί.

2188 2210 2279 2263 Διδ
2309 2210 2401 2264 καὶ
2432 2207 2698 2278 ἐπιλέγει,
2741 2228 2761 2261 ι
2792 2209 2948 2272 Ζέσις
2973 2207 3285 2275 Πνεύματος
3310 2205 3488 2272 ἁγίου.
3508 2205 3704 2273 Ἀμήν.
3736 2222 3759 2255 ι

2188 2302 2352 2356 Ὅθεν
2383 2303 2476 2355 καὶ
2511 2301 2570 2355 οὒ
2599 2301 2823 2355 πλείονα
2853 2301 3013 2370 χάριν
3046 2298 3167 2352 τινὰ
3203 2300 3271 2351 τὰ
3296 2296 3415 2349 θεῖα
3435 2296 3585 2361 δῶρα
3618 2295 3767 2363 λαμ-

2188 2395 2411 2449 6άνουσι
2442 2394 2621 2447 τέλεια
2655 2392 2784 2447 ὄντα
2816 2409 2828 2422 ·
2865 2392 3000 2445 ἀλλὰ
3026 2389 3094 2445 δι’
3127 2391 3273 2459 ἡμᾶς
3308 2386 3623 2458 προτίθεται
3663 2385 3769 2455 μό-

2188 2506 2299 2553 νον,
2340 2487 2408 2541 ἴν’
2442 2486 2799 2557 ἁγιασθῶμεν
2853 2486 3016 2555 ἡμεῖς
3058 2483 3126 2536 δι’
3190 2483 3368 2536 αὐτῶν
3424 2498 3482 2532 τε
3522 2481 3616 2532 καὶ
3656 2480 3768 2531 τῶν

2187 2579 2382 2650 εὐχῶν.

2720 2670 3056 2725 ΕΡΩΤΗΣΙΣ
3107 2670 3236 2725 NG'.

2189 2766 2355 2819 Διατί
2380 2765 2475 2819 καὶ
2508 2767 2577 2820 ἐν
2598 2750 2819 2830 ἄλλαις
2848 2763 2969 2835 τοῦ,
2993 2766 3218 2835 χρρνου
3264 2761 3509 2831 ἡμέραις
3642 2760 3769 2814 λει-

2240 2835 2573 2905 τοιαργεῖται
2602 2836 2639 2902 ἠ
2668 2830 3023 2901 λειτουργίά
3040 2832 3157 2886 τῶν
3185 2830 3709 2901 προηγιασμένων.

2261 2954 2332 3007 Οὐ
2372 2954 2476 3024 χρὴ
2511 2952 2659 3023 παρὰ
2709 2953 2807 3015 τὰς
2841 2952 3183 3020 τεταγμένας
3222 2949 3435 3021 ἡμέρας
3489 2928 3766 3017 προηγιςο

2193 3034 2367 3111 σμένα
2391 3042 2728 3111 λειτουργεῖν
2757 3057 2773 3073 ο
2810 3041 2869 3093 οὐ
2911 3041 3018 3110 γὰρ
3054 3039 3433 3111 παραδέδοται.
3485 3037 3543 3090 '0
3576 3037 3761 3089 τοίνυν

508 3144 592 3191 cst
632 3155 645 3190 :
684 3136 775 3205 qui
830 3136 973 3191 enim
1010 3144 1205 3205 praeter
1233 3136 1289 3190 id
1337 3136 1481 3203 quod
1535 3136 1917 3190 traditum'est
1947 3134 2077 3204 agit,

2192 3132 2342 3202 παρὰ
2378 3132 2447 3185 τὰ
2482 3131 2891 3201 παραδεδομένα
2912 3131 3081 3183 ποιῶν
3109 3128 3473 3194 κανονίζεται.
3509 3146 3529 3178 ι
3554 3126 3773 3179 Φυλάσ-

509 3227 687 3295 pteuis
714 3226 983 3279 obnoxius
1015 3226 1093 3278 fit.
1126 3245 1144 3276 ι
1177 3224 1405 3279 Servate
1466 3240 1723 3295 namque,
1751 3226 1826 3280 ait
1860 3226 2084 3291 Paulus,

508 3315 851 3381 traditiones,
908 3330 1047 3384 quas
1104 3298 1421 3371 tradidimus
1465 3316 1641 3381 vobis,
1688 3315 1804 3371 sive
1854 3330 1946 3384 per
1998 3331 2089 3370 vo-

511 3423 651 3471 cem,
672 3407 787 3462 sive
810 3422 904 3475 per
935 3406 1237 3475 epistolam.
1266 3424 1284 3458 ι
1316 3406 1428 3461 lloc
1453 3406 1637 3476 itaque
1660 3416 1714 3461 et
1742 3406 1795 3460 in
1827 3406 1947 3461 aliis
1977 3420 2088 3459 ser-

508 3497 752 3575 vandum
786 3499 1173 3565 est‘omnihus,
1202 3514 1323 3569 qua:
1352 3499 1421 3554 ab
1449 3499 1675 3570 antiquo
1695 3497 1853 3554 nobis
1881 3496 2082 3553 tradita

513 3599 662 3646 sant.

1055 3680 1381 3749 QUIESTIO
1430 3682 1543 3737 ωτ.

512 3791 709 3863 Ecquis
740 3795 949 3867 primus
983 3796 1262 3850 tradiderit
1294 3797 1534 3850 divinum
1567 3806 1913 3867 sanctumque
1936 3797 2085 3851 habi—

582 3877 691 3917 tum
742 3866 1146 3937 monachorum.
1193 3882 1359 3936 quare
1407 3867 1675 3937 angeiicus
1737 3866 1984 3934 dicatur,
2037 3876 2085 3921 et

581 3951 698 4003 qua:
728 3938 797 3989 sit
837 3936 986 3991 illius
1021 3937 1207 3990 traditi
1240 3938 1401 3990 ratio.

587 4047 663 4103 De
705 4048 950 4117 angelica
1011 4056 1065 4103 et
1142 4048 1322 4103 divina
1383 4049 1685 4104 monastica
1750 4048 2089 4118 professione

515 4139 727 4206 primus
775 4138 995 4208 scripsit
1019 4138 1317 4208 Dionysius
1348 4154 1360 4191 :
1397 4140 1491 4193 sed
1524 4138 1670 4192 illam
1702 4137 1941 4192 instituit
1972 4139 2088 4207 ipse

514 4227 791 4293 Salvator,
831 4231 1265 4285 observaverunt
1298 4229 1420 4299 ejus
1468 4228 1752 4300 discipuli.
1794 4229 1910 4284 Non
1936 4229 2079 4283 enim

514 4318 859 4375 solummodo
887 4335 916 4374 a
943 4322 1149 4376 sanctis
1178 4319 1515 4385 'Pachomio,
1546 4318 1716 4374 Paulo
1743 4318 2003 4372 Thebano
2033 4326 2087 4372 et

517 4415 757 4469 Antonio
773 4414 973 4481 incepit
989 4422 1041 4468 et
1067 4413 1215 4483 leges
1240 4413 1472 4477 invenit,
1495 4420 1553 4465 ut
1570 4412 1790 4480 quidam
1810 4410 2084 4475 dixerunt,

2191 3244 2312 3280 σετε
2342 3228 2472 3296 γὰρ,
2515 3227 2648 3296 φησὶ
2683 3224 2914 3288 Παῦλος,
2944 3224 3044 3286 τὰς
3066 3222 3391 3292 παραδόσεις
3415 3219 3481 3279 ἃς
3513 3217 3769 3289 παρεδὼο

2189 3335 2366 3387 καμεν
2429 3319 2559 3388 ὑμῖν
2608 3321 2718 3372 είτε
2767 3317 2855 3371 διὰ
2907 3317 3089 3382 λόγου,
3133 3315 3243 3367 εττε
3276 3312 3343 3366 δι’
3382 3310 3699 3379 ἐπιστολῆς.
3743 3326 3762 3358 ι

2189 3411 2360 3463 Τοῦτο
2389 3410 2481 3463 οὖν
2524 3409 2790 3480 τηρητέον
2818 3408 2911 3461 καὶ
2942 3407 3035 3459 ἐπὶ
3073 3408 3187 3467 τοῖς
3218 3405 3402 3467 ἄλλοις
3441 3405 3555 3467 τοῖς
3588 3419 3767 3471 παρα-

2187 3502 2489 3573 δεδομένοις
2521 3499 2729 3555 ἄνωθεν
2762 3503 2914 3555 πᾶσι.

2709 3680 3048 3734 ΕΡΩΤΗΣῙΣ
3086 3680 3161 3735 Ξ’.

2192 3795 2269 3851 Τὸ
2298 3796 2460 3851 θεῖον
2514 3793 2613 3848 καί
2663 3794 2835 3862 ἅγιον
2868 3794 3079 3860 σχῆμα
3122 3791 3240 3845 τῶν
3287 3788 3574 3860 μοναχῶν
3600 3789 3694 3854 τίς
3729 3790 3764 3862 d

2260 3865 2603 3934 παραδούς;
2656 3857 2755 3917 κάι
2807 3857 2948 3927 πῶς’
2982 3857 3305 3934 ἀγγελικὸί·
3342 3857 3624 3927 aleretur;
3661 3857 3761 3913 καί

2258 3937 2416 3990 διατι
2447 3933 2846 4004 παραδέδοται
2855 3950 2876 3997 ;

2262 4051 2395 4119 Περὶ
2430 4026 2524 4103 τοῦ
2559 4047 2851 4118 ἀγγελικοῦ
2900 4048 2995 4100 καὶ
3034 4046 3181 4100 θείου
3216 4042 3509 4115 μοναχικοῦ
3552 4041 3768 4111 σχήμα-

2187 4159 2277 4204 τος
2318 4140 2533 4211 πρῶτον
2572 4140 2670 4209 μὲν
2698 4140 2726 4192 ὀ
2774 4138 2910 4201 θεῖος
2942 4137 3145 4206 ἔγραψε
3193 4135 3498 4198 Διονύσιος·
3529 4134 3591 4186 τὸ
3636 4132 3767 4202 περὶ

2186 4234 2377 4287 τούτου
2407 4232 2465 4287 δὲ
2501 4231 2595 4287 καὶ
2621 4231 2783 4294 αὐτὸς
2814 4230 3130 4298 παρέδωκεν
3159 4232 3186 4282 ὁ
3216 4228 3429 4298 Σωτήρ.
3465 4227 3575 4279 Kal
3604 4225 3766 4278 τοῦτο

2186 4326 2236 4378 οἱ
2268 4325 2459 4377 τούτου
2486 4324 2758 4393 ἐτήρησαν
2792 4321 3054 4392 μαθηταί.
3083 4321 3156 4374 Οὐ
3186 4322 3293 4389 γὰρ
3328 4320 3435 4372 ἀπὸ
3466 4318 3573 4371 τῶν
3602 4316 3766 4370 ὁσίων

2191 4416 2376 4485 μόνον,
2419 4416 2716 4485 Παχωμίου
2752 4432 2815 4468 τε
2842 4414 2943 4475 ,καὶ
2981 4412 3219 4483 Θηϐαίου
3252 4411 3487 4473 Παύλου,
3516 4410 3609 4463 καὶ
3644 4410 3767 4463 Ἀν-

514 4504 608 4559 sed
633 4504 701 4558 ab
730 4504 850 4573 ipso
874 4503 1152 4557 Salvatore
1170 4512 1223 4557 et
1252 4503 1306 4556 in
1350 4503 1631 4573 apostolos
1679 4504 1920 4569 invexit;
1958 4516 2082 4556 nam

2191 4508 2380 4561 τωνίου
2406 4506 2564 4561 τοῦτο
2591 4507 2794 4577 ἤρξατο
2825 4506 2857 4577 ἢ
2890 4506 3332 4576 νενομοθέτηται,
3369 4503 3444 4566 ῶς
3483 4501 3631 4564 τινές
3662 4517 3771 4568 φα·

516 4602 571 4652 et
590 4595 664 4650 illi
693 4593 995 4649 monaSticc
1022 4593 1274 4648 vivebant
1299 4597 1353 4648 in
1388 4594 1749 4661 continentia,
1770 4593 1824 4647 in
1851 4609 2081 4663 panper-

502 4695 650 4751 tate,
677 4688 731 4741 in
758 4686 918 4753 cibis,
948 4687 1006 4745 in
1044 4682 1302 4752 vestibus,
1332 4687 1389 4741 in
1419 4685 1759 4740 orationibus
1789 4700 1803 4751 ;
1868 4694 1922 4738 et
1945 4686 2087 4738 inter

516 4792 864 4833 successores
886 4787 1043 4832 aucta
1073 4785 1156 4832 est
1187 4785 1241 4832 et
1264 4779 1407 4832 inter
1429 4788 1654 4833 sanctos
1677 4776 1871 4829 Patres
1897 4775 2088 4828 miriti-

515 4883 578 4925 ce
608 4868 902 4940 splenduit.
935 4868 1164 4935 Quidam
1192 4869 1354 4923 etiam
1408 4868 1601 4923 fideles
1676 4868 1861 4923 idiota:
1888 4884 2085 4923 cause-

515 4961 703 5016 orandi
729 4959 1061 5015 accedebant
1091 4961 1217 5015 huic
1240 4962 1362 5013 vita:
1392 4968 1636 5029 tempore
1662 4958 1774 5029 jam
1804 4960 2083 5031 apostolo-

516 5066 636 5105 rum
695 5067 708 5103 :
763 5060 818 5105 ct
908 5051 1010 5105 hoc
1106 5051 1452 5105 manifestum
1515 5060 1601 5105 est
1668 5051 1719 5103 in
1810 5052 2083 5104 monacho

518 5142 833 5212 DemOphilo
864 5158 1023 5213 quem
1047 5140 1341 5212 Dionysius
1366 5150 1524 5195 vocat
1584 5140 1680 5196 Dei
1706 5140 1968 5197 famulum
2004 5142 2086 5196 vel

518 5235 868 5298 menachum,
892 5233 1058 5288 Deum
1082 5235 1352 5290 colentem
1391 5253 1404 5290 :
1430 5246 1485 5291 et
1518 5234 1837 5306 mysterium
1866 5234 2087 5304 exponit

517 5324 831 5381 monasticae
862 5325 1235 5396 perfectionis,
1269 5341 1432 5394 quam
1469 5336 1656 5395 aperte
1686 5326 1841 5394 ponit
1874 5334 2091 5395 postre-

518 5430 608 5471 mo
633 5417 825 5471 ordine
874 5432 1065 5472 eorum
1096 5419 1187 5488 qui
1220 5432 1278 5471 se
1306 5416 1414 5473 Deo
1444 5417 1670 5473 colendo
1702 5417 1991 5471 devovent.
2022 5415 2087 5470 ll-

518 5507 610 5560 lud
638 5517 692 5562 et
718 5506 995 5577 prophetas
1053 5496 1476 5579 pratlgurabant
1500 5506 1647 5565 sicut‘
1671 5518 1725 5563 et
1749 5517 1942 5563 caetera
1969 5509 2093 5561 vitae

518 5597 850 5664 Salvatoris;
884 5613 1101 5653 crucem
1141 5610 1189 5655 el
1228 5600 1566 5669 passionem,
1629 5601 2090 5655 resurrectionem

518 5694 572 5739 et
597 5688 996 5753 ascensionem,
1020 5689 1352 5744 nativitatem
1384 5691 1503 5760 ejus
1522 5691 1638 5746 sine
1660 5690 1873 5745 semine
1898 5692 2091 5744 huma-

524 5789 617 5841 no,
648 5775 1057 5833 sanctissimum
1080 5779 1198 5847 ejus
1241 5776 1507 5849 baptisma
1556 5792 1611 5837 et
1673 5788 1913 5837 sanctam
1972 5781 2092 5852 ejus

2191 4616 2300 4664 σιν,
2333 4598 2447 4652 ἀλλ’
2478 4598 2572 4650 ἀπ’
2600 4597 2768 4653 αὐτοῦ
2796 4597 2893 4651 τοῦ
2939 4598 3191 4666 Σωτῆρος
3229 4596 3322 4648 καὶ
3349 4596 3429 4658 είς
3466 4594 3595 4656 τοὺς
3627 4592 3769 4645 ἀπο-

2191 4691 2414 4753 στόλους
2448 4690 2622 4753 ἐλθὸν,
2645 4692 2766 4742 ἐπεὶ
2814 4691 3055 4743 κάκεῖνοι
3110 4687 3417 4757 μοναδικῶς
3458 4683 3596 4747 ἔζων
3624 4683 3681 4734 εν
3710 4698 3771 4734 τί

2190 4783 2387 4851 ἁγνείᾳ
2429 4784 2521 4835 καὶ
2552 4782 2781 4849 τροφαῖς
2825 4779 2917 4832 καὶ
2965 4778 3227 4847 ἐνδύμασι
3262 4778 3358 4831 καὶ
3387 4773 3626 4844 ἁκτησίᾳ
3673 4772 3771 4825 καὶ

2190 4873 2538 4957 προσευχαῖς,
2565 4873 2656 4923 xal
2706 4872 2781 4933 είς
2814 4870 2940 4933 τοὺς
2969 4868 3098 4939 μετ’
3124 4868 3364 4929 ἐκείνους
3412 4864 3643 4937 ηὐξήθη,
3674 4865 3775 4916 καὶ

2191 4954 2266 5024 είς
2298 4964 2423 5025 τοὺς
2451 4963 2629 5025 ὁσίους
2656 4962 2901 5030 Πατέρας
2929 4960 3219 5029 ἐξέλαμψε.
3255 4958 3363 5011 Kal
3395 4955 3684 5027 ίερωμένοι
3710 4954 3774 5005 δὲ

2194 5055 2528 5123 μετήρχοντο
2562 5054 2720 5105 τοῦτο
2740 5053 2833 5104 καὶ
2865 5052 3071 5105 ἰδιῶταί
3095 5067 3240 5114 τινες
3269 5052 3325 5102 ὲν
3357 5047 3433 5118 τῷ
3460 5047 3637 5118 καιρῷ
3660 5045 3774 5097 τῶν

2192 5147 2528 5200 ἀποστόλων.
2561 5146 2670 5197 Kal
2706 5145 2863 5213 δῆλον
2902 5143 3009 5196 ἀπὸ
3068 5139 3305 5212 μοναχοῦ
3346 5138 3681 5210 Δημοφίλου,
3712 5138 3775 5189 ὃν

2194 5236 2535 5308 θεραπευτὴν
2558 5238 2675 5307 ἤτοι
2700 5236 2951 5305 μοναχὸν,
2982 5234 3114 5287 Θεὸν
3139 5233 3537 5304 θεραπεύοντα,
3564 5232 3595 5302 ἦ
3630 5230 3773 5284 Θεοῦ

2195 5327 2503 5397 θεράποντα
2532 5328 2689 5380 καλεῖ
2711 5325 3006 5389 Διονύσιος.
3031 5326 3141 5378 Kal
3173 5327 3471 5395 μυστήριον
3518 5323 3772 5392 ἐκτίθησι

2197 5421 2497 5489 μοναχικῆς
2552 5420 2906 5483 τελειώσεως,
2967 5422 3061 5473 καὶ
3094 5418 3196 5490 τὴν
3240 5419 3396 5483 τάξιν
3441 5417 3658 5483 τούτου,
3686 5416 3775 5468 ὅτι

2196 5510 2356 5572 εὐθὺς
2392 5511 2528 5580 μετά
2563 5512 2687 5573 τοὺς
2719 5510 3053 5580 ίερωμένους
3106 5510 3243 5562 ἐστί.
3281 5510 3690 5580 Προετύπωσαν
3711 5506 3773 5558 δὲ

2194 5600 2355 5653 τοῦτο
2389 5602 2481 5655 καὶ
2513 5602 2561 5652 oi
2599 5600 2897 5670 προφῆται,
2939 5601 3013 5663 ὡς
3048 5600 3233 5655 καὶτὰ
3259 5601 3424 5653 λοιπὰ
3454 5598 3549 5652 τοῦ
3584 5598 3776 5666 Σωτῆ-

2200 5710 2312 5763 ρος,
2355 5694 2446 5745 τὶν
2499 5693 2731 5762 σταυρδν
2760 5693 2949 5764 καὶιτὰ
2990 5694 3163 5762 πάθη,
3193 5692 3285 5746 καὶ
3313 5691 3413 5759 τὴν
3444 5690 3771 5749 ἀνάστασιν,

2200 5783 2292 5833 καὶ
2315 5781 2600 5850 ἀνάληψιν,
2641 5782 2735 5834 καὶ
2760 5783 2852 5835 τὸν
2886 5785 3056 5853 χωρὶς
3110 5784 3316 5854 σπορᾶς
3341 5782 3525 5849 τόκον,
3579 5779 3674 5832 καὶ
3706 5783 3773 5831 τὸ
