4064 6204
307 244 412 314 913

303 455 379 512 ὡς
411 454 646 523 εἴρηται,
683 457 776 509 καὶ
840 456 1023 529 σχεδὸν
1073 461 1234 534 355
1286 463 1525 531 ἅπαντα,
1582 469 1677 520 καὶ
1736 467 1884 520 πλεῖ-

306 561 422 597 στοι
481 545 592 598 τῶν
682 547 906 603 δικαίων
983 552 1076 605 καὶ
1132 540 1463 624 προφητῶν,
1529 558 1764 627 μάλιστα
1826 560 1883 613 δὲ

315 634 500 690 Ἠλιοῦ
575 638 912 709 ἀναχωρῶν,
984 643 1081 696 καὶ
1153 649 1420 718 παρθένος
1487 651 1664 720 μένων
1742 652 1884 723 ὑπὲρ

300 726 394 777 τὸν
451 725 662 796 νόμον,
729 731 824 782 καὶ
889 731 1195 798 Ἐλισσαῖος
1263 739 1412 808 αὐτῷ
1475 740 1884 795 καθυποτασσό-

303 838 464 890 μενος
486 858 503 885 ,
559 824 654 874 καὶ
685 823 852 878 οἰκῶν
912 826 974 878 τὸ
1001 827 1126 899 ὅρος
1147 873 1159 892 ,
1196 831 1289 882 καὶ
1319 835 1345 885 ό
1379 835 1694 904 Βαπτιστὴς
1728 835 1885 888 ὑστε-

304 932 398 986 ρον
453 915 618 984 ἀγνδς
666 917 761 969 καὶ
818 918 1025 988 γυμνὸς
1087 917 1177 974 καὶ
1232 925 1468 994 ἄτροφος
1498 922 1880 998 διαιτώμενος,

299 1009 400 1061 καὶ
427 1008 486 1062 ἐν
509 1009 630 1070 ταῖς
659 1009 888 1078 ἐρήμοις
920 1011 1084 1063 οἰκῶν
1112 1014 1203 1065 καὶ
1235 1015 1528 1084 κηρύττων
1560 1020 1878 1087 μετάνοιαν.

299 1100 630 1154 Τετελείωκε
662 1101 718 1155 δὲ
751 1103 846 1156 καὶ
878 1106 1297 1174 παραδέδωκεν,
1327 1109 1403 1167 ὡς
1437 1111 1680 1180 ἔφημεν,
1711 1118 1735 1166 ὸ
1771 1116 1885 1169 Σω-

297 1194 424 1258 τίρ,
462 1191 530 1244 δι’
551 1191 612 1244 δν
647 1192 825 1247 πάντα
864 1196 1249 1268 προετυπώθη,
1289 1201 1316 1252 ό
1358 1203 1451 1253 καὶ
1495 1203 1655 1271 μόνος
1697 1206 1874 1276 ὑπάρ-

298 1301 412 1351 χων
441 1284 694 1356 ἀλήθεια,
728 1287 788 1339 ἐκ
823 1285 1102 1370 Παρθένου
1135 1292 1308 1364 ἁγνῆς
1337 1295 1573 1366 τεχθεὶς,
1610 1300 1702 1352 καὶ
1736 1316 1874 1370 παρ-

302 1378 454 1440 θένος
499 1376 695 1447 μένων,
743 1380 835 1434 καὶ
877 1366 1050 1449 ἀγίως
1093 1384 1226 1451 ζῶν,
1271 1387 1363 1440 καὶ
1409 1390 1733 1459 πτωχεύων,
1783 1366 1878 1445 καὶ

299 1470 656 1540 πεζοπορῶν,
695 1472 788 1526 καὶ
827 1472 901 1543 μὴ
936 1475 1076 1544 ἔχων
1112 1476 1216 1531 ποῦ
1254 1477 1351 1550 τὴν
1386 1481 1632 1552 κεφαλὴν
1668 1483 1879 1549 κλῖναι,

299 1564 394 1614 καὶ
429 1561 663 1626 εὐτελῶς
699 1563 1054 1635 διαιτώμενος
1077 1610 1092 1634 ,
1132 1571 1226 1624 καὶ
1265 1557 1710 1643 ὑποτασσόμενος
1750 1576 1878 1647 ἄχρι

297 1647 535 1708 θοῖνάτου
571 1653 648 1725 τῷ
687 1655 893 1728 Πατρὶ,
927 1659 1022 1712 καὶ
1057 1659 1390 1731 διωκόμενος
1426 1665 1521 1717 καὶ
1558 1664 1880 1736 θλιϐόμενος

297 1747 394 1798 καὶ
420 1746 647 1817 πάσχων
676 1749 769 1802 καὶ
797 1750 1224 1822 θανατούμενος,
1257 1755 1351 1809 καὶ
1380 1755 1559 1811 πάντα
1590 1759 1881 1830 ὑποφέρων

299 1841 558 1907 πραέως,
600 1844 704 1914 ’καὶ
752 1844 1054 1914 ἀναχωρῶν
1102 1847 1398 1914 πολλάκις,
1448 1850 1544 1902 καὶ
1591 1851 1714 1904 κατ’
1743 1852 1879 1905 ίδίαν

301 1911 779 2001 προσευχόμενος,
812 1911 889 1987 τάή
914 1911 1014 2005 τῆς
1049 1936 1276 2006 ἡσυχίας
1309 1911 1494 1992 τυπῶν
1518 1955 1531 1970 °
1565 1941 1647 1994 ὅτι
1685 1942 1780 1994 καὶ
1813 1944 1882 1997 τὰ.

296 2023 602 2091 τελεώτερα
636 2025 692 2077 ἐν
723 2025 800 2095 τῷ
833 2026 950 2096 ὄρει
983 2029 1189 2094 ἐδίδαξε
1211 2073 1224 2096 ,
1263 2025 1360 2087 καὶ
1388 2033 1488 2105 τὴν
1519 2034 1681 2101 δόξαν
1712 2034 1880 2089 αὑτοῦ

298 2116 398 2182 τῆς
435 2113 688 2185 θεότητος
721 2116 955 2185 ἔδειξεν,
986 2120 1053 2191 ἣν
1083 2121 1168 2173 ἀεὶ
1201 2125 1313 2186 τοῖς
1350 2125 1774 2196 καθαιρομένοις
1809 2129 1878 2181 δι’

297 2212 462 2262 αὖτδν
493 2211 588 2264 καὶ
625 2211 885 2266 ποθοῦσιν
915 2215 1082 2269 αὐτὸν
1115 2217 1448 2289 ὁλοκαρδῖως
1483 2226 1746 2291 φανεροῖ,
1784 2224 1879 2276 καὶ

301 2301 504 2371 μᾶλλον
532 2306 646 2367 τοῖς
679 2302 904 2374 ζητοῦσι
935 2307 1005 2360 δι’
1026 2309 1277 2379 ἡσυχίας.
1310 2312 1422 2366 Καὶ
1453 2315 1636 2367 κοινοῦ
1670 2316 1724 2367 δὲ
1759 2316 1876 2384 βίου

295 2397 450 2462 τάξιν
480 2397 733 2464 ὑπέδειξε
766 2399 852 2452 διὰ
886 2401 995 2452 τῶν
1029 2401 1192 2455 αὑτοῦ
1234 2405 1512 2475 μαθητῶν.
1549 2408 1657 2460 Καὶ
1688 2410 1747 2461 τὸ
1785 2427 1878 2461 και

296 2487 659 2556 ταλιμπάνειν
687 2489 742 2541 δὲ
782 2489 1025 2558 πατέρας
1061 2491 1130 2543 δι’
1155 2493 1320 2547 αὐτὸν
1341 2535 1354 2559 ,
1391 2496 1654 2563 ἀδελφούς
1686 2515 1744 2551 τε
1784 2498 1881 2552 καὶ

297 2582 556 2646 γυναῖκα,
597 2582 692 2633 καὶ
729 2583 898 2636 τέκνα
939 2585 1032 2637 καὶ
1075 2587 1357 2652 συγγενεῖς
1400 2589 1494 2640 zeal.
1538 2591 1740 2660 ἀγροὺς
1786 2594 1879 2644 καὶ

297 2670 479 2722 πάντα
508 2671 570 2722 τὰ
605 2671 663 2722 ὲν
692 2673 771 2743 τῷ
800 2674 990 2744 κόσμῳ
1015 2716 1029 2740 ,
1057 2677 1455 2746 νενομοθέτηκε
1486 2683 1598 2748 τοῖς
1629 2683 1878 2735 θέλουσιν

296 2765 478 2830 αἴρειν
522 2764 614 2815 τδν
659 2766 912 2834 σταυρὸν,
962 2769 1056 2822 καὶ
1105 2769 1282 2824 ὀπίσω
1322 2773 1488 2826 αὑτοῦ
1537 2774 1876 2841 ἀκολουθεῖν,

297 2856 394 2904 καὶ
443 2855 692 2924 μαθητὰς
736 2857 903 2910 αὑτοῦ
951 2860 1043 2912 καὶ
1083 2859 1268 2924 ἀξίους
1311 2864 1476 2917 αὑτοῦ
1533 2866 1728 2933 μόνους
1772 2867 1882 2938 ἔφη

294 2944 425 3007 τοὺς
450 2947 614 2998 αὐτὸν
641 2947 972 3014 ἀγαπῶντας
1005 2951 1168 3020 μόνον
1197 2954 1362 3009 πλέον
1387 2957 1480 3009 τοῦ
1509 2957 1714 3025 κόσμου
1744 2975 1879 3012 παν-

1047 254 1444 323 RESPONSA
1493 265 1594 325 AD
1627 262 2092 327 GABRIELEM
2133 263 2862 334 PENTAPOUTANUM.

307 359 584 414 θειότατον
645 361 950 436 βάπτισμα,
1008 369 1101 420 καὶ
1170 371 1271 438 τὴν
1344 371 1525 443 ίεράν·
1581 374 1876 440 πολιτείαν,

1985 379 2482 451 conversationem,
2519 393 2579 439 nt
2605 385 2806 441 dictum
2862 397 2946 443 est
2978 405 2994 443 :
3035 392 3218 447 omnia
3244 392 3414 451 ferme
3442 395 3590 466 ejus-
3679 385 3686 389 ’

3458 278 3581 344 νιε-

1988 475 2112 530 vitae
2138 474 2190 530 in
2220 476 2497 548 plerisque
2519 490 2836 535 sanctorum
2867 490 2922 536 et
2950 483 3366 552 prophetarum.
3393 488 3565 545 Maxi-

1987 585 2076 626 me
2100 560 2322 640 quidem
2357 572 2410 626 in
2442 571 2583 638 Elia,
2614 575 2730 643 qui,
2758 576 2907 632 solus
2939 579 3151 645 vivens,
3181 597 3345 650 supra
3391 583 3590 653 legem-

1987 662 2141 730 virgo
2184 664 2484 731 permansit
2509 682 2526 732 ;
2550 675 2601 719 et
2631 666 2687 722 in
2717 666 2906 724 Elisaeo
2923 671 3013 738 qui
3035 671 3110 724 illi
3131 673 3410 743 subjectus
3425 688 3563 740 erat,

1987 763 2039 807 et
2068 755 2122 810 in
2149 765 2338 810 monte
2369 755 2672 824 habitabat,
2701 751 2831 816 etin
2865 761 3101 832 Baptista
3151 763 3409 836 denique,
3468 768 3587 837 qui»

1975 855 2199 912 'castus,
2225 847 2406 904 nudus
2425 849 2658 916 vivebat,
2699 860 2800 908 nec
2819 855 3206 924 titanducabat,
3225 866 3277 912 et
3299 859 3351 912 in
3381 857 3584 915 deser-n

1986 941 2056 996 tis
2083 941 2340 997 habitans
2371 943 2753 1010 paenitentiam
2787 947 3140 1016 praedicabat.
3204 950 3330 1007 Haec
3379 953 3563 1008 omnia
3617 978 3624 1038 ρ

1986 1037 2304 1105 adimplevit
2331 1037 2586 1093 Salvator
2615 1047 2684 1094 et
2707 1043 3080 1097 continuanda
3114 1045 3339 1101 tradidit
3361 1061 3422 1102 ea
3441 1062 3564 1118 quae

1986 1129 2054 1184 de
2084 1129 2203 1197 ipso
2223 1129 2568 1200 prtefigurata
2598 1130 2840 1189 fuerant.
2873 1132 3036 1190 Solus
3061 1136 3207 1191 enim
3236 1146 3321 1192 est
3356 1139 3564 1195 veritas

1986 1230 2038 1276 et
2075 1221 2126 1275 in
2151 1223 2376 1276 veritate
2427 1223 2721 1294 complevit
2751 1228 2960 1282 omnia.
2997 1227 3070 1282 Ex
3108 1231 3418 1286 castissima
3445 1233 3566 1286 Vir-

1985 1313 2111 1382 gine
2144 1323 2306 1369 natus
2328 1323 2433 1380 est,
2465 1316 2621 1386 virgo
2647 1319 2970 1385 permansit,
3005 1322 3352 1378 sanctissime
3405 1324 3560 1391 vixit,

1985 1405 2166 1460 cibum
2184 1407 2548 1476 mendicavit,
2569 1411 2798 1478 pedibus
2823 1412 2924 1468 iter
2948 1413 3095 1478 fecit,
3122 1431 3230 1468 non
3259 1415 3448 1471 habuit
3471 1416 3562 1471 ubi

1985 1505 2148 1563 caput
2183 1497 2497 1566 reclinaret,
2525 1515 2687 1569 parce
2718 1502 2852 1556 vixit
2879 1519 3054 1572 usque
3075 1505 3140 1565 ad
3169 1515 3394 1560 mortem
3418 1505 3563 1561 Patri

1985 1588 2188 1657 optime
2211 1589 2534 1659 subjectus;
2575 1605 2919 1670 persecutus.
2957 1597 3182 1652 attritus
3221 1606 3275 1652 et
3296 1597 3566 1653 interem-

1915 1711 1955 1765 Β
1986 1691 2113 1752 ptns
2155 1691 2262 1747 est,
2286 1682 2470 1737 omnia
2499 1697 2657 1753 :equo
2683 1685 2962 1740 sustinens
2989 1704 3002 1739 :
3027 1701 3172 1755 saepe
3197 1688 3313 1742 loca
3353 1695 3565 1744 remota

1987 1783 2197 1844 petens,
2226 1775 2380 1829 solus
2405 1775 2618 1841 orabat,
2652 1777 2804 1846 pacis
2831 1777 3170 1832 desiderium
3203 1779 3522 1848 significans
3542 1798 3562 1849 »;

1984 1859 2309 1928 perfectiora
2364 1860 2418 1913 in
2469 1870 2653 1916 monte
2697 1863 2903 1928 docuit,
2928 1873 2983 1920 et
3031 1865 3084 1919 in
3119 1877 3303 1922 monte
3345 1883 3568 1940 quoque

1985 1953 2214 2020 gloriam
2251 1942 2579 2008 divinitatis
2626 1955 2891 2020 ostendit,
2960 1972 3123 2025 quam
3183 1959 3238 2012 in
3303 1970 3564 2016 aeternum

1987 2044 2378 2114 possidendam
2409 2059 2780 2102 concessurus
2822 2055 2940 2102 erat
2964 2050 3221 2105 omnibus
3260 2052 3354 2120 qui
3410 2053 3563 2127 illum

1986 2146 2104 2190 toto
2123 2137 2287 2190 corde
2311 2138 2692 2193 desiderantes
2721 2153 2910 2208 pacem
2935 2141 3172 2196 maxime
3221 2145 3562 2213 quaesierint.

1988 2228 2272 2297 Apostolis
2301 2238 2482 2284 autem
2509 2231 2626 2287 suis
2656 2247 2902 2287 normam
2931 2235 3299 2290 communiter
3343 2236 3560 2294 vivendi
3581 2270 3594 2282 μ

1985 2323 2247 2387 ostendit,
2302 2331 2486 2392 aperte
2528 2324 2734 2380 docens
2757 2336 2979 2394 propter
3025 2327 3202 2396 ipsum
3251 2329 3563 2398 relinquen-

1984 2416 2113 2470 dnm
2153 2431 2274 2471 esse
2298 2427 2503 2486 patrem
2535 2425 2589 2472 et
2618 2416 2816 2472 fratres
2848 2426 2903 2473 et
2935 2432 3181 2483 uxorem,
3213 2427 3266 2474 et
3312 2421 3478 2487 Illius,
3509 2430 3591 2477 et;

1983 2509 2172 2563 attines
2203 2516 2257 2562 et
2315 2524 2475 2578 agros
2515 2517 2570 2562 et
2623 2509 2808 2562 omnia
2857 2524 2976 2578 quae
3035 2511 3090 2564 in
3133 2512 3339 2567 mundo
3388 2520 3592 2581 sunt,

1984 2603 2432 2672 praescripsitth
2463 2603 2544 2656 eis
2591 2602 2782 2659 tollere
2810 2617 3054 2670 crucem,
3091 2613 3148 2658 ut
3193 2604 3370 2674 ipsum
3398 2621 3562 2676 sequ-

1982 2709 2139 2754 entes
2171 2706 2226 2751 ct
2254 2698 2545 2766 diligentes
2573 2711 2740 2765 super
2769 2697 2954 2751 omnia
2989 2713 3110 2767 quae
3133 2696 3185 2750 in
3217 2699 3417 2751 mundo
3433 2707 3566 2770 sunt

1981 2787 2100 2854 ejus
2118 2787 2394 2856 discipuli,
2421 2785 2686 2854 magistro
2709 2784 2853 2854 digni
2877 2786 2960 2840 sic
2981 2787 3153 2846 solum
3180 2786 3291 2840 fieri
3315 2795 3560 2856 possent.

1982 2877 2058 2933 D'e
2074 2880 2284 2947 reliquo
2310 2879 2417 2931 vlta
2445 2877 2563 2945 ejus
2582 2878 2930 2933 sanctissima
2958 2887 3015 2931 ut
3040 2879 3359 2947 prophetam
3407 2879 3565 2937 decet

1984 2978 2038 3025 et
2070 2969 2401 3040 apostolum,
2423 2969 2540 3024 sive
2567 2969 2752 3037 potius
2781 2970 3028 3038 angelum
3057 2984 3072 3036 ;
3099 2984 3220 3022 nam
3243 2972 3559 3040 angelorum

295 3035 410 3096 τός.
442 3037 644 3091 Λοιπόν
672 3038 733 3092 τὸ
772 3041 958 3111 σχῆμα
989 3046 1048 3096 τὸ
1087 3045 1247 3112 ἅγιον
1280 3046 1374 3100 καὶ
1411 3050 1750 3117 προφητικὸν
1780 3052 1874 3104 καὶ

1980 3035 2344 3130 virginitatem
2369 3035 2613 3114 imitatus
2633 3068 2718 3115 est
2738 3069 2791 3116 et
2808 3035 3172 3116 obedientiam
3190 3069 3245 3115 et
3266 3035 3562 3118 concentus

295 3129 677 3196 ἀποστολικὺν,
708 3130 803 3184 καὶ
831 3133 1126 3204 ἐξαιρέτως
1154 3137 1469 3206 ἀγγελικδν,
1499 3141 1574 3203 ὡς
1605 3143 1702 3210 τὴν
1734 3159 1875 3211 παρ-

297 3223 482 3277 θενίαν
516 3223 624 3277 τῶν
658 3225 907 3293 ἀγγέλων
945 3230 1288 3297 μιμούμενον
1324 3234 1420 3284 καὶ
1464 3233 1743 3304 ὑποταγὴν
1782 3236 1874 3288 καὶ

295 3315 624 3385 ὑμνολογίαν
644 3355 657 3380 ,
687 3317 781 3370 καὶ
811 3319 1232 3389 ἀκτημοσύνην,
1268 3322 1360 3374 καὶ
1389 3323 1669 3392 ἄγρυπνον
1700 3344 1872 3395 προσ-

295 3409 481 3479 ευχὴν,
527 3410 622 3462 καλ⁸
666 3409 974 3478 δοξολογίαν
1023 3415 1117 3465 xal.
1164 3412 1513 3484 λειτουργίαν
1559 3418 1872 3486 ἀκάματον,

221 3565 224 3567 λ
307 3500 436 3572 Ἰδξᾳ
475 3503 532 3557 δὲ
565 3502 656 3556 τοῦ
701 3504 950 3576 Σωτῆρος
991 3507 1152 3575 ἡμῶν
1185 3507 1301 3560 ἐστι
1342 3509 1644 3578 πολίτευμά
1677 3529 1734 3564 τε
1779 3515 1874 3565 καὶ

297 3597 506 3665 σχῆμα.
538 3591 706 3660 Οὗτος
736 3597 843 3668 γὰρ
875 3598 1194 3668 ἐπανορθῶν
1228 3600 1386 3670 ἡμῶν
1417 3603 1516 3672 τὴν
1548 3603 1710 3670 φύσιν
1731 3644 1744 3665 ,
1779 3604 1874 3656 καὶ

292 3695 373 3748 εἰς
415 3689 475 3742 τὸ
515 3690 741 3760 ἀρχαῖον
784 3691 1099 3759 ἐπανάγων,
1140 3695 1237 3746 καὶ
1281 3693 1418 3746 Θεοῦ
1462 3694 1586 3747 καθ’
1612 3697 1872 3762 ὁμοίωσιν

293 3783 500 3845 ποιῶν,
551 3784 684 3852 ἡμῖν
731 3782 948 3854 ὴνὼθη,
999 3788 1093 3838 καὶ
1144 3784 1269 3838 καθ’
1297 3787 1445 3854 ἡμᾶς
1499 3788 1717 3854 γέγονε.
1764 3791 1874 3842 Kal.

292 3872 538 3941 ἀναιρῶν
571 3874 669 3944 τὴν
704 3874 988 3944 παροῦσαν
1020 3876 1115 3930 τοῦ
1158 3877 1366 3948 κόσμου
1413 3881 1660 3951 φθαρτὴν
1695 3884 1872 3954 ζωὴν,

290 3967 414 4036 ἥτις
444 3968 673 4036 συνέστη
697 3967 781 4020 διὰ
799 3971 896 4040 τῆς
921 3968 1282 4040 παραὸἀσεως
1307 3973 1402 4026 καὶ
1428 3974 1578 4044 ῥοῆς,
1598 3976 1694 4046 τὴν
1713 3978 1872 4030 ἐπου-

293 4059 481 4126 ράνιον
527 4058 734 4132 ταύτην
781 4060 928 4130 ζωὴν
973 4063 1068 4116 καὶ
1117 4062 1397 4117 πολιτείαν
1443 4064 1711 4128 ὑπέδειξε.
1760 4066 1874 4119 Καὶ

288 4147 482 4201 λοιπὸν
508 4149 608 4203 οὐκ
635 4149 719 4202 ἐτι
747 4149 986 4218 ἐπίγειος
1014 4153 1112 4205 καὶ⁸
1135 4152 1230 4205 τοῦ
1259 4153 1468 4224 κόσμου
1499 4153 1692 4208 τούτου
1721 4157 1750 4208 ό
1777 4172 1874 4224 μου

291 4239 482 4310 ναχδς,
520 4239 640 4293 ἀλλ’
685 4241 1055 4311 ὑπερκόσμιος
1086 4243 1181 4296 καὶ
1210 4245 1480 4314 οὐράνιος,
1511 4246 1606 4299 καὶ
1633 4246 1693 4300 τὸ
1724 4248 1872 4301 πολί-

289 4348 474 4400 τευμα
506 4332 723 4402 ἀληθῶς
761 4333 902 4400 μετά
933 4332 1028 4386 τοῦ
1067 4335 1280 4388 Παύλου
1315 4335 1455 4405 ἐχων
1489 4339 1547 4390 ὲν
1577 4339 1864 4409 οὐρανοῖς,

207 4407 218 4416 ’
293 4426 390 4479 καὶ
423 4425 578 4478 τοῦτο
612 4424 1109 4494 ἐπαγγελλόμενος.
1143 4427 1236 4479 Διδ
1270 4430 1590 4496 γινωσκέτω
1624 4407 1732 4496 πᾶς
1771 4450 1871 4501 μο-

293 4518 456 4586 ναχὸς
477 4557 494 4582 ,
523 4516 599 4580 ὡς
629 4517 730 4571 οὑκ
763 4518 910 4572 ἐστιν
943 4516 1024 4570 ἔτι
1055 4518 1153 4588 τῆς
1184 4520 1466 4590 παρούσης
1501 4522 1668 4591 ζωῆς,
1735 4524 1872 4578 ἀλλά

291 4607 372 4676 τῷ
413 4608 513 4678 βίῳ
553 4607 728 4678 τούτῳ
767 4608 1133 4679 νενέκρωται,
1175 4611 1273 4664 καὶ
1309 4610 1588 4681 ἄφθαρτός
1627 4615 1741 4666 ἐστι
1780 4616 1876 4669 καὶ

294 4701 623 4768 ἐπουράνιος
660 4690 945 4770 ἄνθρωπος
974 4719 987 4734 ο
1033 4703 1128 4755 καὶ
1167 4702 1310 4754 κατά
1353 4703 1568 4757 Παῦλον
1606 4705 1760 4769 αὖθις
1801 4708 1875 4760 εί-

290 4793 418 4842 πεῖν
439 4831 453 4852 ,
492 4809 512 4844 ι
551 4793 610 4844 '0
643 4792 846 4862 κόσμος
878 4794 1028 4865 αὑτῷ
1060 4795 1440 4864 ἐσταύρωται,
1473 4799 1566 4850 καὶ
1597 4798 1763 4860 αὐτὸς
1793 4800 1871 4870 τῷ

291 4883 509 4952 κόσμῳ.
550 4902 568 4935 t
605 4886 716 4939 Kal.
743 4886 803 4939 τὸ
834 4887 1018 4956 σχῆμα
1047 4888 1102 4940 δὲ
1131 4887 1225 4941 τοῦ
1263 4889 1501 4958 μοναχοῦ
1533 4891 1680 4944 ἅπαν
1707 4893 1870 4946 τοῦτο

288 4977 466 5046 δηλοῖ.
510 4977 620 5030 Kal.
663 4978 835 5048 μέλαν
879 4981 980 5049 μὲν
1019 4979 1165 5034 ἅπαν
1203 4981 1295 5034 διά
1329 4997 1391 5033 τε
1432 4982 1494 5033 τὸ
1536 4983 1731 5046 πένθος
1777 4988 1872 5039 καὶ

289 5068 385 5121 τὸν
419 5067 652 5125 θάνατον
681 5073 779 5141 τῆς
812 5073 1040 5142 σαρκὸς,
1071 5075 1168 5127 καὶ
1197 5074 1258 5126 τδ
1287 5074 1528 5142 ζοφῶδες
1554 5076 1657 5146 τῆς
1685 5078 1870 5148 ἀμαρ-

289 5160 414 5224 τίας
434 5175 447 5190 ⁸
473 5164 538 5216 ἐκ
557 5164 762 5234 τριχῶν
780 5163 834 5217 δὲ
862 5164 949 5217 διὰ
968 5165 1068 5234 τὴν
1084 5167 1352 5236 νέκρωσιν
1369 5209 1384 5233 ,
1412 5168 1646 5234 καὶτοὺς
1673 5171 1877 5239 δερμα-

290 5252 476 5317 τίνους
502 5239 762 5324 χιτῶνας.
797 5257 906 5312 Kal
933 5255 1098 5327 χιτὼν
1131 5257 1231 5325 μὲν
1260 5257 1349 5312 διὰ
1373 5259 1474 5328 τὴν
1503 5261 1568 5313 ἐκ
1607 5259 1747 5314 Θεοῦ
1785 5262 1881 5330 χά.

297 5359 417 5418 ριν,
454 5344 516 5397 τὸ
545 5345 648 5415 τῆς
681 5346 992 5418 ἀφθαρσίας
1027 5347 1231 5418 ἔνδυμα
1251 5363 1267 5379 ·
1303 5350 1528 5404 παλλίον
1561 5351 1619 5404 δὲ
1653 5350 1742 5404 διὰ
1773 5350 1874 5422 τὴν

293 5433 362 5486 ἐκ
389 5433 526 5488 Θεοῦ
559 5437 772 5507 σκέπην
798 5454 812 5468 ·
844 5439 1162 5494 κουκούλιον
1187 5441 1244 5495 δὲ
1272 5441 1361 5495 διὰ
1386 5441 1484 5512 τὴν
1512 5442 1750 5497 ἀκακίαν
1778 5442 1876 5496 καὶ

296 5526 552 5598 φυλακὴν
580 5529 691 5586 τῶν
721 5531 1048 5602 αἰσθήσεων,
1081 5535 1176 5590 καὶ
1205 5533 1305 5607 τὴν
1337 5533 1872 5606 ταπεινοφροσύνην,

367 5709 410 5739 ³⁸
438 5707 639 5776 Galat.,
659 5726 708 5766 vt
740 5710 826 5769 16.

1979 3163 2033 3208 et
2059 3161 2432 3221 paupertatem
2461 3161 2515 3206 et
2537 3151 2854 3220 vigilantem
2873 3151 3179 3206 orationem
3206 3160 3260 3207 et
3284 3153 3351 3206 ad
3389 3152 3560 3207 Deum

1979 3241 2176 3295 laudes
2205 3250 2258 3294 et
2275 3241 2604 3295 indefessam
2627 3240 3002 3297 adorationem
3030 3258 3043 3294 :
3067 3243 3183 3298 haec
3203 3250 3321 3298 erat
3341 3242 3562 3313 propria

1978 3331 2281 3387 Salvatoris
2307 3332 2475 3388 nostri
2499 3341 2552 3387 et
2575 3334 2684 3388 vita
2715 3343 2765 3388 et
2785 3334 3082 3403 professio,
3117 3346 3172 3392 et
3200 3335 3274 3390 ita
3308 3345 3560 3391 naturam

1975 3433 2220 3480 nostram
2264 3432 2561 3494 reparavit,
2598 3435 2652 3479 et
2677 3425 2742 3478 ad
2790 3426 3026 3493 priorem
3055 3427 3271 3481 reduxit
3307 3427 3557 3495 gloriam,

1974 3527 2027 3574 et
2054 3533 2152 3570 nos
2186 3531 2248 3569 ex
2265 3515 2457 3568 altavit
2519 3531 2697 3585 usque
2725 3518 2791 3571 ad
2827 3518 3242 3573 similitudinem
3273 3519 3391 3585 Dei,
3429 3519 3557 3574 dum

1975 3608 2170 3662 similis
2198 3607 2355 3660 nobis
2383 3606 2556 3660 factus
2601 3617 2734 3662 est:
2795 3610 3090 3675 mundique
3135 3620 3451 3678 corruptam
3504 3621 3561 3668 et

1975 3699 2174 3755 fluxam
2205 3697 2498 3752 destruens
2524 3697 2692 3750 vitam
2724 3712 2849 3766 qua:
2874 3714 3021 3752 nunc
3037 3709 3121 3754 est
3150 3707 3202 3753 et
3223 3717 3344 3770 quae
3363 3703 3415 3755 in
3435 3717 3559 3771 peo-

1979 3790 2118 3844 catis
2139 3787 2598 3852 constituebatur,
2630 3787 2775 3842 illam
2809 3791 3250 3858 superccelestem
3281 3792 3443 3846 vitam
3505 3805 3561 3850 et

1976 3889 2204 3936 mortem
2253 3881 2458 3935 docuit.
2519 3880 2815 3935 Monachus
2880 3882 3044 3952 igitur
3066 3898 3174 3936 non
3201 3893 3557 3942 terrenusest

1976 3973 2140 4041 hujus
2172 3971 2384 4038 mundi,
2417 3972 2513 4026 sed
2535 3971 2782 4042 .cceleSIis
2803 3981 2858 4026 et
2878 3988 3044 4041 super
3069 3973 3302 4028 humana
3323 3976 3556 4044 negotia,

1975 4073 2029 4118 et
2061 4063 2179 4133 ejus
2208 4065 2552 4119 conversatio
2571 4079 2717 4129 vere,
2743 4064 2897 4133 juxta
2927 4065 3174 4130 Paulum,
3203 4067 3254 4119 in
3274 4068 3425 4123 ctelis
3452 4078 3558 4132 est.

1978 4163 2033 4208 et
2068 4154 2169 4208 hoc
2196 4152 2358 4210 Iesus
2387 4154 2592 4210 docuit.
2623 4154 2833 4210 Idcirco
2859 4157 3040 4212 omnis
3067 4157 3370 4213 monachus
3397 4160 3558 4226 sciat,

1982 4248 2254 4320 quia‘non
2273 4247 2384 4316 jam
2410 4247 2573 4316 hujus
2585 4256 2671 4303 est
2699 4246 2822 4302 vitae
2850 4265 2865 4314 ;
2891 4249 2982 4304 sed
3005 4250 3256 4319 praesenti
3281 4253 3403 4306 vitae
3419 4267 3562 4306 mor-

1981 4337 2128 4402 tuus',
2167 4338 2596 4408 incorruptibilis
2633 4349 2684 4393 et
2715 4341 2956 4395 calestis
2992 4341 3154 4395 homo
3187 4357 3310 4396 esse
3358 4342 3558 4398 debet:

1979 4445 2032 4487 et
2090 4448 2215 4486 cum
2280 4431 2449 4486 Paulo
2504 4430 2694 4486 dicat:
2759 4450 2778 4484 ι
2813 4432 2945 4487 Mihi
2993 4434 3228 4488 mundus
3260 4435 3561 4491 cruciﬁxus

1973 4535 2078 4589 est,
2106 4533 2161 4579 et
2196 4540 2298 4594 ego
2333 4524 2544 4578 mundo
2565 4524 2636 4578 ὀι
2671 4542 2689 4576 ι
2727 4523 2839 4579 Hoc
2872 4515 3016 4579 enim
3043 4533 3095 4580 et
3147 4535 3257 4579 tota
3305 4525 3561 4584 monachi

1973 4632 2203 4688 persona
2223 4615 2583 4692 demonstrat.
2617 4616 2782 4671 Color
2813 4618 2967 4687 niger
2994 4625 3052 4671 ut
3077 4613 3322 4673 ostendat
3356 4619 3562 4673 luctum

1981 4892 2189 4947 Tunica
2217 4893 2446 4962 pellicea
2474 4900 2660 4960 proter
2717 4890 2948 4959 gratiam
3009 4890 3126 4956 Dei,
3179 4891 3564 4946 vestimentum

3610 1099 3618 1134 l

3599 4737 3603 4748 |

1973 4687 2025 4764 et
2054 4709 2330 4764 tristitiam
2359 4687 2417 4762 et
2451 4708 2734 4762 interitum
2791 4707 2994 4773 carnis,
3032 4716 3087 4762 et
3141 4712 3350 4777 peccati
3407 4721 3563 4765 tene-

1974 4802 2126 4858 bras.
2163 4801 2414 4856 Tonsura
2443 4799 2764 4869 capillorum
2795 4807 3014 4868 propter
3065 4799 3562 4857 mortificationem.
3596 4811 3602 4872 ;

1978 4983 2254 5055 puritatis.
2324 4983 2552 5037 Pallium
2651 4987 2832 5034 autem
2894 4988 2956 5035 ut
3013 4989 3384 5051 tegumentum
3447 4981 3611 5063 Dei.i

1980 5078 2232 5134 Cucullio
2248 5084 2468 5144 propter
2485 5075 2846 5129 innocentiam
2877 5084 2930 5128 et
2951 5073 3252 5128 custodiam
3277 5087 3564 5138 sensuum,

1982 5181 2034 5226 et
2065 5171 2424 5226 humilitatem
2449 5177 2501 5221 et
2529 5165 2595 5220 ad
2625 5168 3040 5223 custodiendam
3075 5171 3265 5235 puram
3288 5175 3342 5221 et
3373 5165 3566 5221 fortem

1983 5261 2221 5316 animam
2255 5259 2309 5313 in
2341 5257 2581 5326 regendo
2617 5273 2873 5328 corpore.
2938 5258 3236 5328 Scapulare
3265 5256 3332 5312 ad
3361 5255 3570 5328 signiﬁ-

1983 5351 2212 5408 candum
2247 5365 2466 5405 crucem
2486 5348 2803 5420 gestandam
2837 5363 2961 5404 esse
2994 5349 3237 5405 humeris
3267 5359 3391 5420 post
3444 5348 3568 5405 Sal-

1980 5453 2246 5498 vatorem.
2271 5442 2424 5498 Zona
2447 5440 2579 5496 dicit
2602 5440 3002 5507 fortitudinem,
3031 5440 3358 5511 pudentiam.
3371 5449 3428 5495 et
3473 5455 3568 5495 ca-

1979 5535 2243 5592 stitatem.
2280 5533 2546 5591 Sandalia
2577 5539 2760 5604 portat
2784 5541 3070 5588 utrectam
3124 5531 3366 5588 ambulet
3422 5531 3566 5590 viam
