4064 6204
431 263 530 330 921

1172 262 1565 326 RESPONSA
1603 267 1704 328 AD
1735 266 2178 328 GABRIELEM
2216 261 2922 324 PENTAPOLlTANUM.

3555 264 3662 328 922

429 380 580 443 νοίας
600 376 709 431 τῶν
741 375 1070 448 τραυμάτων
1116 377 1216 444 τῆς
1257 378 1532 448 ἁμαρτίας
1566 377 1712 442 (xci;
1734 379 1905 450 ’.ἥτις
1943 379 1994 433 εί

2117 378 2239 445 mod
2273 393 2366 447 per
2398 375 2770 446 paenitentiam
2821 374 3044 428 vulnera
3094 382 3435 442 peccatorum
3467 388 3662 430 curan-

432 475 526 527 καὶ
569 469 782 540 ἀληθῶς
831 467 1048 536 ἕπεται,
1103 469 1200 521 καὶ
1254 467 1470 538 ίατρεία
1516 469 1699 522 τελεία
1750 470 1990 537 γίνεται,

429 561 566 618 ἀλλά
625 561 735 621 τοῖς
798 558 932 627 μετά
983 559 1046 611 τὸ
1093 557 1376 627 βάπτισμα
1429 559 1724 614 πταίσασιν
1776 560 1854 612 ἔτι
1899 562 1994 611 καὶ

434 653 636 722 σημεῖα
683 650 907 718 μένουσι
951 649 1062 704 τῶν
1098 649 1347 719 πληγῶν.
1401 651 1518 703 Μία
1562 651 1673 720 γὰρ
1705 651 1800 703 καὶ
1855 651 1993 720 μόνη

433 745 733 807 ἀνάπλασις
766 745 800 812 ὴ
853 744 947 798 καὶ
996 744 1094 806 τὰς
1145 742 1719 812 οὐλάς-ἐξαλείφουσα,
1787 744 1869 795 τὸ·
1901 744 1998 812 βάς

435 853 647 908 πτισμα
669 836 849 906 μόνον,
885 837 981 890 καὶ
1011 834 1128 906 μετ’
1158 835 1290 889 αὐτὸ
1315 837 1376 888 τὸ
1399 835 1723 907 μαρτύριον.

977 1125 1308 1180 ΕΡΩΤΗΣΙΣ
1353 1123 1481 1179 Ξιιν.

423 1217 538 1305 .T/c
577 1212 616 1286 ἦ
659 1217 819 1288 παρὰ
845 1216 927 1284 τῷ
974 1219 1446 1345 ἀγίοὲυσῃὲἔῶρίῳ
1492 1217 1746 1288 ζόφωσίς
1782 1236 1846 1273 τε
1904 1218 2002 1317 καί

507 1380 752 1449 Ζόφωσις
808 1379 864 1434 δὲ
915 1381 1010 1434 καὶ
1065 1381 1324 1446 δυσωδία,
1387 1380 1465 1445 ὡς
1515 1383 1664 1454 παρὰ
1720 1381 1798 1452 τῷ
1864 1371 2003 1451 ἀγίῳ

437 1471 753 1540 γέγραπται
780 1471 1073 1542 Μακαρίῳ,
1106 1471 1200 1525 καὶ
1229 1472 1326 1525 νῦν
1353 1473 1469 1525 ἐστι
1499 1472 1708 1544 νοητῶς
1751 1475 1873 1535 ταῖς
1901 1473 2009 1526 τῶν

437 1565 823 1632 ἀμετανοήτως
869 1565 1291 1634 ἁμαρτανόντων
1335 1563 1554 1634 ψυχαῖς,
1587 1565 1684 1618 καὶ
1719 1569 1837 1628 ταῖς
1862 1567 2013 1634 ἐξερ-

439 1653 694 1722 χομέναις
758 1637 882 1724 δίχα
937 1657 1226 1724 μετανοίας
1300 1655 1397 1724 τοῦ
1457 1655 1728 1724 σώματος.
1792 1656 2011 1724 Ἐπειδὴ

2103 481 2223 534 tur;
2291 485 2412 539 qum
2451 469 2551 522 etsi
2616 482 2740 521 vere
2771 465 2988 520 dicatur
3042 468 3246 534 peccati
3297 467 3667 531 medicina,et

2104 562 2217 615 ﬁeri
2252 562 2427 628 possit
2487 559 2720 629 perfecta
2751 557 2983 626 sanatio,
3039 567 3216 612 tamen
3248 559 3298 611 in
3329 559 3396 613 iis
3423 561 3510 627 qui
3545 569 3667 627 post

2105 649 2433 716 baptismum
2465 655 2822 714 peccaverunt
2840 655 3059 699 manent
3082 645 3367 698 cicatrices
3385 644 3664 713 plagarum

2103 749 2159 793 et
2193 746 2551 808 symptomata
2611 736 2925 790 morborum
2959 753 2970 785 τ
3004 750 3107 788 una
3137 743 3217 788 est
3249 733 3486 802 perfecta
3515 749 3670 800 repao

2106 831 2246 885 ratio
2279 845 2399 898 quae
2436 830 2598 882 etiam
2625 828 2816 881 animae
2837 829 3057 880 vulnera
3089 836 3142 878 et
3182 827 3381 895 peccati
3416 827 3672 892 reliquias

2110 937 2176 976 ex
2212 922 2426 991 integro
2465 921 2639 985 tollat,
2666 920 2930 989 baptisma
2962 909 3238 974 scilicetet
3260 927 3381 988 post
3408 919 3672 988 baptisma

2113 1015 2458 1085 martyrium.

2597 1122 2927 1190 QUASSTIO
2959 1122 3191 1180 LXVIII.

2272 1216 2414 1284 Quid
2443 1216 2586 1286 apud
2620 1215 2680 1271 S.
2716 1217 3018 1270 Macarium
3061 1216 3232 1286 caligo
3260 1223 3308 1268 et
3337 1213 3513 1282 faetor.

2180 1375 2367 1446 Caligo
2393 1383 2446 1430 et
2478 1373 2664 1440 laetor,
2691 1373 2992 1428 secundum
3028 1370 3172 1441 quod
3206 1368 3397 1424 scribit
3453 1354 3685 1420 sanctus

2114 1468 2409 1531 Macarius,
2448 1467 2616 1523 etiam
2647 1481 2794 1520 nunc
2818 1461 3415 1519 intellectualiterinest
3465 1457 3680 1511 anima-

2115 1560 2220 1615 bus
2249 1567 2594 1628 peccatorum
2651 1556 3133 1626 impmnitenlium,
3169 1562 3223 1607 et
3252 1567 3372 1622 qua:
3403 1565 3430 1604 e
3453 1563 3680 1618 corpore

2077 1679 2079 1684 ·
2118 1658 2321 1704 exeunt
2349 1651 2559 1719 absque
2594 1649 2934 1718 paenitentia.
2959 1647 3096 1700 Cum
3129 1645 3271 1698 enim
3311 1656 3418 1697 non
3451 1656 3510 1695 se
3529 1641 3680 1693 lave-

441 1745 550 1813 γὰρ
571 1743 641 1798 δι’
673 1745 1078 1816 ὲξαγορεύσεως
1114 1750 1206 1801 καὶ
1235 1747 1524 1815 μετανοίας
1557 1747 1734 1818 ἔργων
1773 1749 1864 1801 καὶ
1899 1748 2007 1800 τῶν

2117 1741 2221 1796 rint
2255 1749 2309 1794 et
2341 1739 2685 1795 confessione
2713 1749 2767 1794 et
2796 1736 3127 1808 paenitentia:
3153 1735 3411 1803 operibus
3436 1743 3489 1786 et
3509 1730 3684 1798 lacry-

441 1837 693 1906 δακρύων
717 1837 818 1890 οὐκ
852 1838 1296 1908 ἀπεπλὺνθησαν,
1320 1841 1675 1909 περιφέρουσι
1705 1839 1804 1908 τὴν
1836 1839 2009 1892 δυσω-

447 1928 570 1981 δίαν
619 1928 798 1982 αὗτῶν
839 1930 932 1984 καὶ
981 1931 1394 2000 ἀσχημοσύνην,
1429 1930 1504 1994 ὡς
1530 1932 1624 1983 καὶ
1650 1932 1699 1983 οί
1730 1931 2004 2000 δαίμονες,

445 2019 494 2073 οἳ
519 2020 614 2073 καὶ
642 2021 854 2083 πολλοτς
880 2022 986 2072 τῶν
1014 2021 1186 2088 ἀγίων
1212 2022 1289 2084 ὡς
1311 2021 1471 2084 κύνες
1499 2021 1531 2091 ἢ
1570 2024 1744 2091 χοῖροι
1769 2022 1802 2090 ἢ
1831 2024 2009 2075 δυσω-

395 2095 400 2100 i
445 2112 529 2164 δία
590 2110 762 2180 τάφου
802 2111 1056 2181 ὀφθέντες
1088 2112 1295 2178 ἔδοξαν,
1325 2113 1399 2180 μὴ
1437 2112 1525 2164 τὸν
1551 2113 1690 2165 θεῖον
1728 2112 2008 2182 φωτισμὸν

334 2264 345 2277 ⁸
447 2199 682 2268 ἔχοντες,
717 2198 852 2268 μηδὲ
883 2197 984 2268 τὴν
1007 2197 1236 2251 εὐωδίαν
1265 2199 1361 2250 τοῦ
1388 2200 1526 2251 Πνεύ
1537 2215 1727 2268 ματος.

990 2307 1322 2360 ΕΡΩΊῊΣΙΣ
1364 2305 1484 2361 ΞΘ’.

447 2401 518 2454 Εἰ
543 2397 756 2469 ἄφεσιν
795 2398 1086 2467 λαμϐάνει
1127 2398 1249 2464 πᾶς
1300 2399 1874 2466 ἐξομολογούμενος,
1907 2401 2009 2454 καί

555 2471 626 2522 ἐν
654 2470 852 2536 τρισὶν
880 2469 1076 2536 ὥραις,
1103 2469 1182 2534 ὡς
1207 2472 1239 2520 ό
1262 2469 1706 2536 Χρυσορῤήμων
1724 2470 1904 2536 φησί.

514 2559 615 2614 Διά
644 2560 743 2629 τῆς
778 2560 1006 2628 γνησίας
1047 2560 1335 2628 μετανοίας
1377 2559 1484 2620 πᾶς
1523 2558 1813 2627 ἄνθρωπος
1845 2561 2011 2611 ἐκκα-

447 2651 725 2720 θαίρεται,
785 2652 844 2702 ὲν
906 2649 985 2718 τῷ
1051 2648 1411 2718 ἐξαγορεῦσαι
1475 2649 1616 2702 κατά
1680 2649 1846 2718 μέρος
1911 2649 2011 2712 τὰς

447 2741 746 2810 ἁμαρτίας,
778 2741 875 2793 καὶ
916 2739 1160 2792 ἐκκλῖναι
1205 2741 1299 2793 τοῦ
1349 2740 1544 2808 κακοῦ,
1601 2743 1694 2793 καὶ
1740 2742 2011 2812 ἄρξασθαι

449 2830 544 2885 τοῦ
594 2831 825 2900 ἀγαθοῦ,
881 2833 976 2884 καὶ
1029 2831 1212 2884 δοῦναι
1269 2831 1346 2902 τῷ
1398 2832 1516 2902 Θεῷ
1567 2832 1746 2902 λόγον,
1807 2835 2006 2904 μηκέτι

449 2920 675 2990 ποιῆσαι
714 2923 816 2991 τὴν
861 2922 1155 2992 ἁμαρτίαν.
1196 2922 1369 2987 Εὐθὺς
1426 2925 1532 2994 γὰρ
1573 2925 1692 2991 ἅμα
1743 2926 2012 2993 λαμϐάνει

447 3010 554 3083 τὴν
583 3011 798 3080 ἄφεσιν,
829 3013 922 3064 καὶ
945 3015 1041 3065 οὐκ
1077 3017 1133 3065 ὲν
1182 3015 1378 3081 τρισὶν,
1417 3013 1490 3077 ὡς
1519 3017 1644 3087 φῂς,
1676 3015 1868 3083 ὥραις.
1903 3018 2012 3070 Καὶ

447 3102 607 3171 δῆλον
647 3101 754 3154 ἀπὸ
783 3102 878 3170 τῆς
924 3103 1334 3171 προσελθούσης
1383 3105 1462 3173 τῷ
1511 3107 1734 3176 Χριστῷ
1782 3107 2008 3176 πόρνης,
2041 3098 2084 3154 ς

453 3193 670 3246 καὶτοῦ
699 3191 933 3258 ἀσώτου,
965 3193 1058 3245 καὶ
1105 3193 1197 3246 τοῦ
1241 3193 1496 3262 τελώνου,
1543 3200 1638 3249 καὶ
1693 3198 1790 3251 τοῦ
1837 3215 2016 3267 παρα-

455 3282 679 3336 λυτικοῦ
701 3283 1037 3352 ὲγερθέντος.
1066 3286 1159 3334 Δεῖ
1180 3283 1236 3336 δὲ
1259 3286 1498 3356 τηρῆσαι
1525 3286 1584 3337 τὸ
1606 3285 1798 3355 δῶρον,
1832 3289 1925 3338 καὶ
1949 3288 2017 3338 τὰ

451 3376 550 3446 τῆς
582 3375 867 3440 μετανοίας
903 3374 1156 3444 φυλάξαι,
1185 3375 1260 3445 μή
1295 3377 1425 3428 ποτὲ
1457 3393 1509 3428 τι
1551 3379 1732 3446 χεῖρον
1762 3378 1912 3447 αὐτῷ
1939 3378 2018 3446 τῷ

453 3470 771 3540 μεταγνόντι
800 3469 1106 3538 παραϐάντι
1131 3472 1381 3540 γένηται,
1417 3471 1490 3533 ώς
1526 3475 1619 3524 καὶ
1658 3471 1734 3538 τῷ
1766 3472 2018 3540 παραλυ-

448 3560 584 3630 τικῷ
619 3559 756 3630 αὕτη
805 3561 1023 3629 φησινή
1059 3559 1311 3628 ἀλήθειαο
1353 3577 1372 3610 ι
1416 3560 1547 3622 Ἴδε,
1576 3559 1734 3629 ὑγιὴς
1764 3561 2016 3626 γέγονας,

455 3653 651 3721 μηκέτι
698 3652 1007 3720 ἁμάρτανε,
1036 3649 1125 3702 ἴνα
1179 3650 1254 3720 μὴ
1299 3652 1484 3720 χεῖρόν
1509 3652 1560 3702 τί
1593 3666 1676 3702 σοι
1702 3653 1949 3721 γένηται.
1991 3667 2010 3700 ι

453 3743 686 3812 ’Διρεσιν
712 3745 811 3813 μὲν
851 3741 944 3795 οὖν
977 3741 1245 3812 λαμϐάνει
1281 3741 1441 3803 εὐθὺς
1473 3743 1818 3813 μετανοήσας
1847 3734 2020 3796 καθα-

453 3838 561 3911 ρῶς
587 3838 614 3890 ὀ
637 3837 944 3907 ἄνθρωπος,
977 3835 1039 3887 οὐ
1063 3835 1169 3905 μὴν
1191 3833 1248 3886 δὲ
1283 3834 1376 3886 καὶ
1399 3835 1562 3905 τιμὰς
1600 3837 1691 3888 καὶ
1723 3835 2014 3892 ἀνάϐασιν.

463 3929 602 3984 Ἀλλ’
635 3929 838 3998 ἀφείθη
891 3929 992 3996 μὲν
1051 3929 1128 4000 μὴ
1179 3916 1496 3995 ἀποθανεῖν,
1558 3933 1889 4001 κατάκριτος
1940 3930 2017 3985 ὣν

451 4019 762 4084 ἀποθανεῖν,
797 4019 1044 4072 τουτέστι
1071 4019 1148 4089 μὴ
1186 4019 1518 4090 κολασθῆναι
1541 4035 1557 4050 ο
1600 4021 1658 4073 οὺ
1686 4021 1794 4090 μὴν
1834 4021 1892 4074 δὲ
1920 4020 2015 4072 καὶ

447 4113 596 4176 ἄξιος
621 4113 714 4165 τοῦ
737 4112 873 4183 γέρα
895 4111 1078 4164 λασεῖν
1103 4112 1197 4164 καὶ
1227 4114 1542 4182 στεφάνους.
1574 4113 1664 4166 Διὸ
1685 4113 2018 4180 ἀγωνιστέον

405 4214 414 4217 ⁷
452 4204 575 4262 τούς
603 4221 661 4255 τε
693 4194 903 4268 ζῶντας
941 4203 1084 4273 ὑπὲρ
1123 4204 1336 4258 ὲαυτὼν
1367 4205 1461 4256 καὶ
1491 4204 1632 4275 ὑπὲρ
1658 4205 1768 4256 τῶν
1797 4204 2015 4257 οἰκείων

453 4295 814 4364 τ-θνηκότων.
866 4294 1157 4364 Συμόαίνει
1213 4295 1268 4347 δὲ
1323 4296 1420 4347 καὶ
1473 4295 1534 4348 τὸ
1586 4296 1865 4364 πρόθυμον
1913 4293 2016 4362 τῆς

456 4389 743 4454 μετανοίας
771 4385 848 4448 ὡς
894 4387 986 4438 ἐπὶ
1040 4385 1134 4438 τοῦ
1161 4385 1360 4458 λῃστοῦ
1405 4389 1497 4438 καὶ
1545 4385 1752 4438 ἀσώτου
1796 4384 2015 4452 καὶτῆς

454 4473 656 4542 πόρνης
713 4473 926 4544 ἐκείνης
985 4473 1373 4544 φιλανθρωπία
1420 4474 1512 4526 τοῦ
1586 4474 1881 4536 Δεσπὸτου,
1953 4473 2013 4525 οὐ

454 4563 614 4631 μόνον
668 4562 766 4633 τὴν
835 4563 1049 4632 ἄφεσιν,
1108 4564 1244 4617 ἀλλὰ
1308 4566 1400 4616 καὶ
1456 4563 1604 4629 δῶρα
1658 4564 2012 4634 χαρίσασθαι.

457 4672 475 4704 ι
543 4655 712 4726 Ἀμὴν
765 4655 893 4725 γάρ,
952 4657 1106 4724 φησὶ,
1155 4656 1300 4723 λέγω
1349 4672 1450 4720 σοι,
1498 4656 1580 4708 ὅτι
1636 4657 1911 4724 ἀφέωνται
1961 4657 2016 4708 αί

451 4747 716 4815 ἁμαρτίαι
745 4747 917 4814 αὐτῆς
963 4749 1017 4799 αί
1051 4747 1266 4811 πολλαὶ,
1322 4748 1404 4799 ὅτι
1450 4747 1704 4818 ἠγάπησε
1751 4749 1907 4802 πολὺ.
1944 4741 2015 4820 τῼ

447 4835 504 4888 δὲ
535 4837 714 4903 ὀλίγον
741 4837 981 4904 ἀφίεται,
1002 4837 1182 4906 ὀλίγον
1216 4839 1427 4910 ἀγαπᾷ..
1467 4857 1486 4888 ι
1526 4839 1681 4891 Κατά
1712 4837 1810 4908 τὴν
1834 4840 2016 4890 πίστιν

451 4928 564 4999 ἄρα
625 4929 716 4981 καὶ
759 4929 820 4981 τὸ
876 4929 1154 5002 πρόθυμον
1205 4930 1308 4997 τῆς
1351 4932 1526 5000 ψυχῆς
1589 4934 1682 4985 καὶ
1738 4934 1770 5001 ὴ
1819 4932 2012 4998 ἄφεσις

449 5022 784 5089 χορηγεῖται,
819 5019 894 5082 ὡς
922 5020 1037 5086 καὶ,
1091 5037 1110 5071 ι
1162 5021 1321 5072 Κατά
1357 5022 1455 5091 τὴν
1499 5021 1678 5075 πίστιν
1708 5039 1823 5088 σου,
1858 5024 2012 5093 φησὶ,

393 5109 396 5112 ’
451 5111 734 5181 γενηθήτω
768 5128 872 5166 σοι.
909 5129 930 5162 ι

1025 5207 1359 5261 ΕΡΩΤΗΣΙΣ
1394 5209 1472 5262 0'.

452 5321 642 5383 Πόθεν
668 5323 776 5393 τὰς
805 5323 1078 5392 ἀφορμὰς
1111 5320 1214 5392 τῆς
1247 5321 1518 5389 ἀφέσεως
1557 5290 1654 5376 καί
1690 5323 2016 5390 μετανοίας
2056 5309 2066 5315 ’

873 5396 926 5445 οι
974 5395 1302 5447 ἀπόστολοι
1343 5395 1586 5447 ἔλαϐον.

527 5483 638 5538 Ποῦ
697 5485 756 5539 δὲ
797 5486 856 5540 τὸ
908 5483 1302 5556 τῆς’ἀφέσεως
1357 5483 1512 5540 εἶπεν
1567 5489 1593 5540 ὀ
1647 5485 1873 5557 Κύριος,
1921 5484 2016 5539 καὶ

393 5624 412 5646 ,
453 5576 643 5637 ελαὸον
671 5578 719 5630 cl
749 5577 1033 5630 ἀπόστολοι
1065 5578 1322 5648 ἀφορμήν
1350 5595 1363 5642 ;
1411 5579 1496 5631 Ἐν
1533 5580 1695 5632 παντὶ
1727 5579 1804 5646 τῷ
1834 5578 2016 5647 Εὐαγ-

531 5689 754 5752 "Joan.
805 5691 974 5758 ν,14.
1077 5694 1116 5725 ¹²
1175 5689 1304 5745 Luc.
1354 5709 1446 5756 \'ll,
1506 5693 1592 5747 l7.

2115 1832 2242 1898 mis,
2261 1846 2443 1886 secum
2473 1831 2863 1886 circumferunt
2907 1829 3150 1884 fmtorem
3179 1836 3232 1881 et
3263 1825 3676 1884 delormilatem,

2116 1923 2258 1978 sicut
2284 1913 2415 1978 olim
2441 1924 2784 1979 daemonibus
2839 1921 3057 1986 accidit,
3109 1919 3202 1988 qui
3237 1918 3421 1972 multis
3450 1917 3678 1978 sanctis,

2119 2024 2173 2068 ut
2217 2024 2377 2068 antea
2399 2014 2620 2076 notavi,
2671 2019 3043 2082 apparuerunt
3087 2011 3188 2065 sub
3243 2009 3416 2061 forma
3451 2019 3678 2062 canum.

2118 2119 2406 2174 porcorum
2460 2121 2582 2160 cum
2641 2105 2874 2173 sepulcri
2927 2099 3324 2161 lmtore,divini
3368 2094 3682 2167 splendoris

2117 2207 2170 2250 ιιι
2194 2196 2580 2251 ευιινοοιυιιιίω
2611 2197 2783 2251 sancti
2815 2195 3052 2264 Spiiitus
3083 2193 3300 2262 penitus
3335 2198 3603 2258 expertes.

2609 2308 2928 2377 QUIESTIO
2995 2306 3182 2362 LXIX.

2121 2390 2264 2456 Num
2302 2404 2662 2456 remissionem
2713 2411 3068 2468 consequatur
3097 2399 3335 2468 quisquis
3376 2397 3678 2465 conﬁtetur,

2253 2475 2406 2542 idque
2429 2484 2477 2526 et
2519 2474 2682 2526 tribus
2725 2467 2891 2534 horis,
2923 2480 2980 2522 ut
3019 2471 3094 2522 ait
3127 2467 3554 2538 Chrjsostomus.

2188 2563 2289 2618 Per
2315 2577 2495 2616 veram
2538 2561 2911 2630 pmniteutiam
2942 2561 3120 2614 omnis
3153 2559 3315 2612 homo
3347 2557 3642 2612 mundatur
3664 2595 3682 2622 ,

2118 2667 2216 2708 sua
2255 2652 2532 2721 siglllatim
2581 2651 2893 2706 conﬁtendo
2949 2658 3196 2720 peccata,
3261 2650 3584 2705 declinando
3653 2663 3685 2700 a

2119 2745 2284 2810 mulo,
2313 2754 2367 2799 et
2433 2758 2492 2799 se
2520 2743 2587 2797 ad
2643 2747 2841 2798 bonum
2877 2743 3267 2804 convertenda,
3313 2740 3534 2810 Deoque
3560 2754 3686 2794 vere

2117 2835 2480 2906 promittendo
2511 2848 2570 2889 se
2591 2847 2697 2886 non
2727 2831 2958 2900 amplius
2980 2839 3331 2901 peccaturum
3359 2829 3689 2897 :statimque

2117 2939 2173 2983 et
2200 2927 2360 2983 simul
2382 2926 2594 2982 veniam
2623 2925 2936 2990 habet,non
2962 2925 3136 2978 tribus
3166 2923 3338 2987 horis,
3357 2931 3416 2976 ut
3441 2921 3597 2976 dicis.
3627 2920 3690 2974 Et

2119 3021 2222 3075 hoc
2240 3019 2576 3075 manifestum
2600 3028 2769 3074 estex
2786 3032 2848 3072 ea
2877 3017 3162 3072 meretrice
3181 3031 3302 3087 qua:
3320 3016 3387 3070 ad
3410 3015 3686 3069 Christum

2124 3113 2374 3175 accessit,
2408 3121 2459 3164 et
2495 3125 2560 3164 ex
2594 3111 2842 3180 prodigo,
2873 3120 2926 3162 et
2975 3125 3039 3165 ex
3074 3110 3386 3179 publicano,
3413 3115 3468 3162 et
3505 3123 3569 3161 ex
3601 3121 3690 3175 pa-

2129 3203 2347 3271 ralytico
2374 3213 2590 3256 sanato.
2610 3201 2948 3256 Servandum
2983 3211 3068 3256 est
3091 3216 3221 3270 ergo
3249 3201 3449 3254 donum
3482 3209 3535 3254 et
3564 3200 3689 3269 jura

2125 3293 2458 3364 poenitentia:
2507 3293 2871 3357 observanda,
2908 3308 2975 3348 ne
3003 3293 3132 3362 quid
3169 3292 3406 3348 deterius
3438 3292 3530 3346 ﬁat
3560 3305 3688 3360 pec-

2125 3387 2293 3442 catori
2345 3402 2633 3454 converso,
2700 3397 2758 3440 ut
2793 3387 2912 3455 ipsa
2945 3383 3153 3440 Veritas
3183 3395 3436 3440 sanatum
3473 3385 3691 3455 paraly-

2127 3480 2290 3533 ticum
2342 3480 2611 3533 monitum
2668 3480 2837 3534 voluit
2866 3495 2881 3532 :
2917 3498 2935 3529 ι
2961 3477 3100 3533 Ecce
3135 3492 3300 3534 sanus
3327 3478 3501 3534 factus
3571 3493 3631 3533 es
3669 3495 3684 3530 :

2121 3570 2232 3640 jam
2265 3570 2374 3622 noli
2429 3584 2679 3637 peccare,
2709 3584 2775 3622 ne
2824 3569 3066 3624 deterius
3125 3569 3224 3623 tibi
3281 3569 3486 3639 aliquid
3541 3571 3690 3624 acci-

2127 3662 2217 3714 dat
2251 3661 2358 3714 “.1
2424 3659 2645 3714 Veniam
2699 3660 2912 3728 quidem
2971 3659 3197 3728 suscipit
3253 3659 3416 3713 homo
3449 3660 3690 3728 legitime

2126 3754 2417 3822 pcenitens,
2444 3767 2550 3806 non
2573 3766 2701 3806 vero
2731 3750 2990 3805 honorem
3020 3759 3073 3804 et
3093 3751 3160 3805 ad
3193 3751 3400 3820 majora
3431 3767 3684 3823 progres-

2126 3861 2246 3901 sum
2273 3863 2286 3898 :
2315 3844 2410 3898 sed
2432 3845 2827 3898 condemnatus
2853 3845 2919 3894 ad
2947 3851 3176 3900 mortem
3201 3842 3268 3896 ab
3289 3842 3378 3896 illa
3401 3844 3680 3912 eximitur,

2127 3939 2228 3993 hoc
2255 3945 2388 3993 esta
2425 3951 2579 4007 poma
2611 3937 2710 4004 ipsi
2745 3935 2980 3989 luenda:
3008 3937 3244 3990 nondum
3284 3947 3462 3992 tamen
3489 3939 3687 4006 dignus

2124 4031 2356 4085 habetur
2379 4027 2626 4083 mercede
2655 4037 2708 4082 et
2727 4042 2952 4083 corona.
2983 4027 3165 4093 Quare
3191 4031 3520 4085 contendant
3554 4029 3684 4085 dum

2122 4126 2316 4178 vivunt
2359 4121 2606 4176 homines
2653 4133 2706 4174 et
2737 4136 2836 4191 pro
2883 4120 3081 4189 seipsis
3111 4129 3165 4174 et
3219 4135 3318 4188 pro
3368 4123 3686 4194 parentibus

2124 4215 2376 4270 mortuis.
2435 4212 2616 4266 Alacri
2668 4222 2723 4266 et
2779 4211 3005 4281 imp‘gro
3036 4211 3369 4280 paenitentia:
3402 4213 3518 4266 zelo
3541 4214 3681 4267 idem

2123 4305 2390 4372 contingit
2448 4319 2514 4358 ac
2566 4303 2764 4357 latroni
2811 4311 2865 4355 et
2924 4301 3195 4356 meretrici
3229 4302 3350 4370 ipsi,
3387 4311 3444 4354 ut
3494 4317 3686 4370 nempe

2123 4396 2501 4452 benevolentia
2530 4395 3002 4450 Dominidonetur
3044 4409 3152 4447 nun
3189 4395 3368 4450 solum
3400 4393 3558 4448 venia
3589 4395 3683 4450 sed

2120 4499 2174 4544 et
2197 4487 2320 4543 aliis
2358 4487 2701 4560 muneribus.
2736 4486 2876 4539 Dicit
2930 4489 3073 4540 enim
3117 4485 3382 4542 Dominus
3423 4504 3436 4540 :
3467 4505 3485 4537 ι
3515 4489 3684 4542 Amen

2119 4582 2241 4636 dico
2273 4579 2368 4633 tibi
2405 4597 2418 4632 :
2454 4582 2800 4633 remittuntur
2827 4578 2874 4630 ei
2907 4587 3130 4646 peccata
3171 4580 3362 4644 multa,
3428 4579 3687 4648 quoniam

2119 4672 2306 4728 dilexit
2332 4673 2579 4726 multum.
2608 4673 2710 4726 Cui
2734 4684 2911 4725 autem
2955 4673 3136 4724 minus
3161 4671 3474 4736 dimittitur,
3508 4672 3686 4724 minus

2119 4762 2293 4831 diligit
2334 4762 2394 4814 η.
2429 4779 2448 4812 ι
2509 4759 2678 4828 igitur
2705 4759 2999 4813 secundum
3059 4757 3293 4812 lidemel
3333 4759 3529 4812 animae
3554 4774 3684 4813 con-

2119 4854 2413 4906 tentionem
2445 4862 2499 4904 et
2525 4849 2679 4904 venia
2716 4859 3084 4913 mensuratur,
3119 4857 3176 4903 ut
3229 4850 3403 4904 dixit:
3437 4867 3456 4900 ι
3478 4848 3687 4904 Secun-

2113 4944 2238 4998 dum
2273 4942 2430 4996 {idem
2461 4949 2608 4996 tuam
2639 4941 2734 4994 iiut
2786 4942 2890 4995 tibi
2918 4941 2982 4995 ι’.
3013 4958 3033 4992 ι

2646 5202 2974 5271 ΩυᾹΞΞΤΙΟ
2997 5203 3162 5262 LXX.

2128 5318 2279 5375 Unde
2307 5319 2537 5400 apostoli
2569 5322 2868 5388 acceperint
2900 5336 3087 5374 ausam
3121 5319 3398 5402 tradenda
3427 5321 3691 5379 remissio-

2452 5392 2530 5444 ni:
2564 5401 2906 5460 peccatorum
2931 5407 2994 5444 ac
3020 5392 3360 5460 pwnitentiw.

2192 5482 2292 5539 Ubi
2349 5483 2415 5538 de
2455 5483 2796 5539 concedenda
2849 5484 3172 5540 remissione
3208 5485 3428 5539 locutus
3457 5495 3543 5541 est
3587 5486 3691 5541 Do-

2121 5578 2323 5644 minus,
2349 5585 2403 5632 et
2425 5576 2648 5634 eandem
2671 5575 2982 5632 facultatem
3002 5588 3330 5649 acceperunt
3355 5579 3614 5650 apostoli?
3631 5577 3688 5634 In

1699 5693 1736 5723 ”
1773 5692 1964 5747 Matth.
2021 5709 2097 5749 ιιι.
2152 5692 2242 5749 ‘29.
