4064 6204
430 238 537 307 927

1287 245 1668 307 SYMEONlS
1690 244 2431 307 THESSALONICENSIS
2470 244 2820 304 ARCHIEP.

3554 255 3650 315 923

431 366 578 425 vina,
602 362 716 415 sive
742 359 851 428 jam
882 365 1130 427 paratum
1154 358 1430 421 inveniat,
1452 359 1566 412 sive
1594 374 1701 413 non
1734 370 1985 427 paratum

2106 360 2171 428 μὴ
2204 359 2487 430 πρόθυμον
2519 358 2793 427 διεγείρας
2827 356 3027 427 πολλὴν
3076 358 3225 428 αὐτῷ
3270 363 3518 430 προξενεῖ
3566 368 3655 437 τὴν

432 454 693 523 impellat,
732 452 953 505 multatn
1008 452 1085 504 illi
1138 449 1385 504 conferet
1427 452 1735 515 utilitatem,
1770 460 1823 506 et
1878 452 1993 520 ipse

429 544 853 599 communicabit
906 542 1137 597 mercedi
1188 542 1445 609 operarii.
1498 543 1607 595 Nec
1656 551 1868 611 oportet
1901 557 1995 597 eos

430 646 642 690 tantum
696 635 787 701 qui
845 643 1205 702 peccaverunt
1245 634 1309 685 ad
1344 634 1737 701 eleemosynam
1790 640 1845 685 ct
1888 646 1998 685 eaa-

431 739 543 781 tera
600 742 764 794 Opera
812 726 1200 779 misericordiae
1234 734 1286 778 et
1320 724 1535 791 pietatis
1597 724 1856 787 excitare,
1902 723 2004 787 sed

433 823 597 875 etiam
636 820 856 873 fratrem
901 822 989 887 qui
1025 834 1130 871 non
1192 816 1477 883 peccavit;
1515 815 1631 868 fieri
1688 817 1829 867 enim
1892 830 1997 867 non

429 921 609 982 potest
662 921 718 964 ut
769 911 892 979 quis
948 927 1051 963 non
1084 916 1289 977 peccet.
1352 908 1602 960 Attamen
1632 906 1775 973 jnSte
1819 906 2000 960 vivere

430 1014 607 1073 potest
647 1006 829 1065 homo,
880 1016 1045 1069 opera
1092 999 1319 1069 iustitiae
1363 1014 1643 1052 exercens.
1684 998 1748 1051 Et
1784 998 1997 1066 justitia

432 1108 517 1151 est
545 1106 603 1149 ut
655 1096 762 1151 Deo
792 1105 842 1148 et
872 1093 1022 1147 fratri
1054 1091 1350 1146 secundum
1402 1091 1544 1156 quod
1596 1090 1859 1143 docemur
1906 1089 2000 1141 de-

436 1190 543 1242 hita
576 1196 893 1255 praestemus
941 1185 1114 1240 officia
1181 1192 1235 1237 et
1280 1182 1621 1235 charitatem.
1675 1181 1841 1232 Amor
1877 1195 2003 1243 erga

438 1282 607 1333 Deum
643 1281 755 1335 vult
786 1289 844 1334 ut
873 1282 1118 1333 vivamus
1148 1276 1481 1331 immaculati
1513 1283 1566 1329 et
1599 1274 1999 1343 irreprehensi-

444 1374 597 1430 biles.
637 1381 692 1426 et
758 1383 813 1424 ut
873 1372 1048 1439 ipsum
1101 1385 1409 1437 precemur,
1471 1378 1520 1421 et
1569 1368 1689 1435 ejus
1742 1381 2004 1421 canamus

440 1465 692 1531 gloriam,
730 1473 785 1516 et
830 1463 1219 1517 conveniamus
1250 1462 1315 1514 ad
1361 1460 1556 1527 templa
1591 1460 1763 1528 ipsius
1793 1468 1999 1513 saneta.

438 1556 514 1611 Ad
558 1557 669 1609 haec
719 1555 882 1608 etiam
916 1554 1108 1608 afferre
1138 1554 1185 1607 ei
1219 1554 1479 1606 debemus
1521 1552 1664 1618 quod
1692 1552 2005 1614 accepimus

435 1648 504 1700 ah
531 1661 621 1709 eo,
670 1646 737 1698 ad
771 1648 887 1714 ejus
920 1645 1146 1713 gloriam
1188 1652 1241 1696 et
1273 1643 1536 1696 honorem
1568 1652 1621 1695 et
1650 1652 1891 1696 nostram
1921 1641 2006 1696 in-

438 1736 770 1799 nocentiam,
796 1744 849 1788 et
878 1744 934 1787 ut
957 1733 1264 1787 sanctitatis
1288 1740 1341 1787 et
1366 1733 1793 1787 consecrationis
1814 1733 2006 1787 divinae

439 1830 712 1896 possimus
742 1827 1036 1894 participes
1062 1840 1207 1879 esse.
1238 1826 1419 1878 Amori
1446 1834 1625 1878 autem
1654 1839 1778 1893 erga
1811 1824 2006 1879 fratres

438 1919 789 1972 includuntur
819 1932 926 1971 non
958 1916 1134 1970 solum
1169 1916 1369 1969 oblivio
1401 1916 1725 1982 injuriarum
1781 1930 1847 1970 ex
1890 1916 2006 1970 ani-

437 2024 548 2072 mo,
582 2011 721 2061 bona
752 2008 1098 2062 converSatio
1130 2016 1184 2060 et
1223 2007 1499 2061 vinculum
1536 2008 1705 2075 pacis,
1740 2017 1793 2061 et
1827 2011 2005 2064 unitas

435 2099 902 2167 conformitasque
935 2113 1245 2153 sermonum
1275 2098 1630 2166 laudumque,
1682 2114 1805 2167 qua:
1836 2100 2005 2153 debe-

439 2207 561 2245 mus
590 2200 870 2260 praastare;
907 2193 998 2245 sed
1027 2192 1138 2244 haec
1166 2192 1419 2257 Oporibus
1440 2201 1652 2259 Oportet
1678 2191 1963 2245 ostendere
1987 2209 2001 2244 :

437 2298 620 2337 eseam
659 2284 947 2336 tribuendo
980 2282 1243 2336 esurienti
1284 2292 1339 2335 et
1372 2284 1575 2335 sitienti
1609 2292 1817 2351 potum,
1850 2298 2005 2351 pere-

436 2378 927 2446 grinohospitium,
962 2377 1103 2429 nudo
1127 2376 1527 2439 vestimentum,
1546 2385 1598 2427 et
1626 2376 1841 2428 infirmo
1874 2390 2004 2427 con-

440 2470 787 2529 solatiouem,
814 2477 869 2522 et
898 2470 951 2521 in
982 2480 1202 2521 carcere
1235 2466 1467 2519 detentis
1500 2482 1686 2518 curam
1718 2474 1771 2519 et
1806 2466 2005 2519 sollici~

448 2564 714 2622 tudinem,
758 2570 816 2613 ut
844 2559 1031 2612 docuit
1070 2556 1351 2621 Salvator;
1384 2559 1475 2626 qui
1508 2558 1593 2609 illa
1630 2573 1794 2624 opera
1844 2573 2003 2611 exer-

441 2664 629 2709 centes
657 2653 972 2707 benedictos
1023 2660 1199 2714 verat,
1252 2651 1333 2704 eis
1387 2652 1438 2702 in
1470 2650 1575 2701 line
1604 2649 2005 2717 gratilicaturus

381 2796 395 2808 .
442 2763 665 2813 regnum
691 2749 979 2801 caelorum.
1016 2724 1245 2797 Maxime
1274 2757 1402 2812 ergo
1429 2742 1793 2795 necessarium
1816 2750 1917 2803 est,
1949 2751 2007 2793 ut

441 2842 649 2895 dictum
693 2851 795 2905 est,
832 2840 1028 2893 fratres
1083 2838 1280 2892 docere
1314 2846 1369 2889 et
1407 2836 1682 2890 exhortari
1736 2844 1793 2888 ut
1838 2848 2003 2904 opera

442 2934 702 2989 bonitatis
728 2940 1018 2987 exerceant
1039 2971 1053 2997 ,
1084 2932 1459 2999 eleemosynas
1488 2939 1543 2983 et
1577 2928 1844 2982 sacrificia
1874 2926 1997 2981 offe-

2095 447 2387 517 ὠφέλειαν,
2447 448 2543 500 καὶ
2590 447 2845 509 κοινωνὸς
2895 446 3048 499 ἔσται
3106 447 3181 516 τῷ
3218 451 3522 517 ἐνεργοῦντι
3568 457 3656 510 τοῦ

2100 541 2316 609 μισθοῦ.
2394 542 2502 595 Kal
2570 542 2674 611 χρὴ
2743 541 2803 592 ού
2868 541 3029 607 μόνον
3084 540 3467 610 ἡμαρτηκότας
3532 551 3659 616 πρὸς

2098 631 2247 684 ἔλεον
2302 635 2394 686 καὶ
2455 634 2523 687 τὰ
2575 635 2740 687 λοιπὰ
2781 634 3089 703 διεγείρειν,
3128 635 3264 687 ἀλλὰ
3297 638 3388 688 καὶ
3446 639 3535 690 τὸν
3589 642 3657 711 μὴ

2100 723 2570 794 πλημμελήσαντα
2616 725 2868 793 ἀδελφὸν,
2903 726 3040 794 ὅπερ
3089 727 3235 777 ἐστὶν
3285 727 3542 781 ἀδύνατον
3590 732 3660 800 μὴ

2103 814 2422 882 ἀμαρτῆσαί
2456 817 2818 883 τινα.Ὂμιι›ς
2861 816 2910 867 εί
2959 816 3054 868 καὶ
3106 817 3324 881 δικαίως
3379 818 3507 887 βιῶν
3554 822 3661 874 ἐστί

2100 920 2205 966 τις,
2257 906 2350 957 καὶ
2404 906 2593 958 τούτου
2659 908 2867 967 δίκαιος
2906 902 3094 973 ἔσται,
3145 910 3208 960 ἐκ
3267 908 3356 961 τοῦ
3410 912 3479 962 τά
3529 912 3659 982 ἔργα
3760 942 3763 945 -

2104 994 2203 1063 τῆς
2242 995 2593 1066 δικαιοσύνης
2641 1001 2835 1052 ποιεῖν.
2890 1000 3214 1069 Δικαιοσύνη
3269 1000 3323 1053 δὲ
3372 1004 3659 1071 ἀπονέμειν

2103 1084 2180 1152 τῷ
2226 1085 2345 1155 Θεῷ
2390 1088 2483 1139 καὶ
2536 1087 2614 1154 τῷ
2645 1088 2858 1157 ἀδελφῷ
2904 1090 3046 1141 καθά
3075 1089 3438 1159 διδασκόμεθα
3478 1095 3542 1145 τὰ
3570 1095 3662 1163 τῆς

2105 1177 2324 1246 όςρειλῆς
2388 1181 2481 1231 καὶ
2536 1182 2778 1249 ἀγάπης.
2827 1182 3038 1249 ’Λγάπη
3073 1182 3129 1234 δὲ
3178 1174 3257 1245 είς
3308 1184 3440 1235 Θεὸν
3491 1187 3662 1239 καὶτὸ

2107 1270 2431 1339 καθαρεύειν
2465 1273 2563 1339 μὲν
2592 1275 2685 1324 καὶ
2718 1272 3118 1346 προσεύχεσθαι
3160 1276 3254 1328 καὶ
3286 1278 3542 1345 άνυμνεῖν
3570 1281 3664 1331 αὖ·

2106 1362 2197 1414 τὸν
2251 1364 2345 1415 καὶ
2401 1362 2722 1432 δοξολογεῖν,
2775 1370 2868 1419 καὶ
2930 1368 3287 1436 προστρέχειν
3343 1369 3505 1421 αὑτοῦ
3558 1374 3663 1434 τοῖς

2110 1456 2274 1518 θείοις
2304 1458 2470 1518 ναοῖς.
2502 1459 2645 1527 Πρὸς
2670 1457 2877 1518 τούτοις
2901 1458 2956 1509 δὲ
2991 1460 3085 1510 καὶ
3111 1462 3169 1511 τδ
3196 1461 3492 1528 προσάγειν
3524 1462 3663 1531 αύτῷ

2111 1547 2169 1610 ἐξ
2204 1541 2277 1600 ῶν
2325 1548 2680 1618 λαμόἀνομεν
2714 1550 2844 1617 παρ’
2872 1547 3060 1613 αὑτοῦ,
3088 1553 3165 1612 εῖς
3194 1551 3354 1616 δόξαν
3387 1552 3547 1605 αὑτοῦ
3578 1555 3665 1605 καὶ

2109 1639 2276 1731 τιμὴν
2326 1644 2421 1693 καὶ
2447 1643 2724 1711 ἡμετέραν
2755 1645 3041 1712 κάθαρσιν,
3074 1644 3167 1696 καὶ
3200 1644 3292 1696 τοῦ
3328 1644 3471 1697 θείου
3517 1645 3667 1712 άγια-

2113 1733 2250 1797 σμοῦ
2282 1735 2538 1803 μετοχὴν.
2570 1736 2678 1788 Kal
2707 1736 2765 1787 ἐν
2794 1738 2907 1797 τοῖς
2932 1734 3181 1804 ἀδελφοῖς
3204 1736 3259 1787 δέ
3299 1738 3363 1789 ού
3399 1738 3555 1807 μόνον
3582 1740 3664 1792 διὰ

2107 1823 2205 1891 τῆς
2232 1825 2611 1893 άμνησικάκου
2645 1826 2868 1895 γνώμης
2909 1828 3005 1880 καὶ
3052 1828 3221 1896 καλῆς
3260 1828 3554 1891 διιθεσεως
3579 1832 3664 1883 καὶ

2106 1915 2314 1984 τρόπου
2347 1915 2651 1986 εἰρηνικοῦ,
2685 1918 2780 1970 καὶ
2814 1919 3101 1986 συνεργίας
3128 1910 3231 1988 τῆς
3264 1919 3356 1972 διὰ
3384 1920 3549 1986 λόγων
3576 1923 3664 1974 καὶ

2106 2007 2344 2060 ἐπαίνων
2393 2010 2488 2062 καὶ
2538 2010 2846 2078 ἐγκωμίων,
2879 2010 3176 2079 ἀπονέμειν
3209 2011 3269 2063 τὸ
3298 2013 3663 2081 ὀφειλόμενον,

2106 2099 2244 2151 ἀλλὰ
2275 2101 2369 2151 xal
2401 2099 2468 2153 δι’
2492 2100 2668 2171 ἔργων
2720 2101 2875 2154 τοῦτο
2924 2101 3216 2169 δεικνύναι,
3255 2106 3314 2157 ἐν
3348 2106 3425 2174 τῷ
3450 2106 3662 2175 τρέφειν

2108 2191 2395 2255 πεινῶντα,
2429 2192 2522 2243 καὶ
2548 2191 2785 2255 ποτίζειν
2814 2190 3069 2260 διψῶντα,
3098 2194 3189 2246 καὶ
3220 2192 3375 2258 ξένον
3399 2199 3661 2263 συνάγειν,

2106 2283 2199 2337 καὶ
2231 2284 2437 2350 γυμνὸν
2468 2285 2834 2353 περιϐάλλειν,
2864 2288 2954 2339 καί
2979 2287 3182 2368 ρισθενῆ
3217 2290 3661 2353 ἐπισκέπτεσθαι,

2107 2376 2203 2427 καὶ
2240 2376 2347 2427 τῶν
2386 2377 2444 2428 ἐν
2475 2376 2687 2445 φυλακῇ
2722 2377 3089 2445 προνοεῖσθαι,
3123 2377 3197 2440 ὡς
3226 2380 3469 2443 ἐδίδαξεν
3507 2384 3532 2433 ό
3562 2382 3663 2433 Σω-

2106 2467 2227 2535 τὴρ,
2263 2465 2333 2518 δι’
2363 2460 2435 2519 ὧν
2462 2469 2556 2518 καί⁸
2590 2467 2987 2533 εύλογηξιένους
3018 2467 3175 2519 καλεῖ
3200 2470 3328 2529 τοὺς
3354 2470 3423 2521 τὰ
3449 2471 3661 2524 τοιαῦτα

2106 2557 2367 2625 δρῶντας,
2395 2560 2489 2610 καὶ
2514 2548 2613 2627 τὴν
2644 2556 2924 2625 βασιλείαν
2945 2559 3127 2621 αὐτοῖς
3151 2560 3465 2629 χαρίζεται.
3487 2562 3668 2630 ’Δναγ-

2106 2649 2392 2701 καιότατον
2449 2645 2564 2712 οὖν,
2597 2650 2671 2711 ῶς
2721 2649 2961 2719 εἴρηται,
2998 2651 3059 2702 τὸ
3109 2652 3476 2720 ἀγαθοεργεῖν
3526 2655 3666 2706 {7.6:-

2104 2739 2345 2805 δάσκειν,
2375 2745 2467 2794 καὶ
2502 2741 2873 2811 ἐλεημοσύνας
2906 2745 2997 2796 καὶ
3028 2744 3217 2807 θυσίας
3246 2746 3405 2814 ἱερὰς
3441 2746 3664 2798 ἐκτελεῖν

2105 2832 2231 2894 τοὺς
2258 2832 2540 2899 ἀδελφούς.
2590 2834 2698 2886 Kal
2730 2837 2841 2896 τοῖς
2879 2836 3187 2905 ἐγκλήμασι
3231 2837 3341 2905 μὲν
3386 2838 3663 2906 ὑποκειμέ-

2106 2943 2217 2988 νοις
2245 2924 2319 2989 ὡς
2356 2927 2556 3007 κανόνα
2600 2927 2760 2980 τοῦτο
2789 2928 2989 2981 διδόναι
3021 2927 3147 2997 χρὴ,
3182 2930 3314 2991 τοὺς
3361 2929 3569 2991 λοιποὺς
3611 2929 3661 2980 δέ

442 3038 587 3081 rant.
623 3027 715 3081 llis
744 3026 939 3080 deinde
971 3023 1064 3093 qui
1096 3022 1537 3076 contentionibus
1581 3021 1841 3087 implicati
1877 3028 2004 3073 sunt

2109 3016 2266 3067 τοῦτο
2302 3018 2595 3087 παραινεῖν
2625 3019 2801 3069 ποιεῖν
2851 3018 2942 3069 καὶ
2976 3017 3050 3085 μὴ
3074 3017 3432 3085 ἐνεχομένους
3477 3015 3663 3084 ἐγκλή-

442 3122 557 3175 hmc
583 3122 656 3174 sit
692 3120 882 3187 agendi
918 3132 1147 3181 norma;
1179 3125 1237 3168 ut
1268 3114 1463 3183 reliqui
1499 3116 1567 3166 ita
1598 3113 1877 3166 exhortari
1912 3127 2004 3166 sa-

443 3219 649 3279 tagunt,
682 3224 746 3261 ne
770 3206 1147 3259 contentiones
1176 3206 1368 3256 iterum
1398 3204 1547 3264 fiant,
1583 3210 1801 3268 propter
1828 3200 2003 3253 ofﬁcia

440 3280 563 3372 qua:
598 3301 707 3355 Deo
738 3299 1003 3351 debentur
1029 3304 1083 3349 et
1124 3311 1189 3349 ne
1216 3295 1339 3362 quis
1372 3294 1423 3346 in
1456 3305 1732 3361 peccatum
1766 3292 2001 3343 labatur.

446 3391 550 3444 Sed
574 3398 628 3443 et
659 3405 756 3457 pro
792 3385 1109 3457 parentibus
1142 3393 1195 3436 et
1232 3380 1655 3450 consanguineis
1686 3390 1740 3435 et
1794 3380 2004 3433 caeteris

440 3483 549 3553 piis
580 3490 793 3550 oportet
845 3492 1035 3532 omnes
1069 3475 1271 3529 offerre
1306 3475 1572 3529 sacrificia
1611 3475 1739 3536 Deo,
1772 3476 1916 3527 sicut
1951 3481 2006 3527 et

443 3571 495 3622 in
531 3570 790 3623 honorem
815 3575 871 3621 et
892 3563 1210 3620 memoriam
1237 3570 1569 3625 sanctorum,
1601 3577 1739 3631 quos
1764 3562 2005 3615 invenire

441 3663 713 3730 possimus
752 3658 1077 3712 mediatorcs
1112 3654 1305 3709 salutis
1335 3664 1553 3717 uostraa,
1573 3662 1625 3705 et
1654 3650 1849 3705 deinde
1877 3665 2002 3705 cum

443 3757 574 3825 ipsis
606 3750 1009 3808 communicare
1032 3748 1257 3818 gloriam
1291 3745 1514 3799 Christi.
1554 3745 1886 3799 Ptnnitentes
1919 3744 2003 3797 in-

441 3863 601 3917 super
634 3846 722 3915 qui
755 3844 1023 3898 accedunt
1058 3853 1277 3895 monere
1307 3845 1518 3907 Oportet
1548 3846 1603 3888 ut
1653 3836 1755 3890 ista
1802 3835 2004 3891 faciant

442 3954 571 3993 vero
603 3952 788 3991 amore
813 3935 928 3988 Dei.
963 3930 1115 3998 Quod
1152 3938 1409 3999 praetcrea
1434 3928 1499 3980 ad
1530 3928 1716 3981 Patres
1743 3928 2003 3996 spiritua-

446 4033 523 4085 les
543 4032 758 4091 attinet,
782 4030 895 4082 haec
916 4026 1097 4079 omnia
1122 4038 1224 4076 non
1248 4030 1465 4090 proyter
1486 4029 1750 4089 quaestum
1778 4018 1999 4085 faciant,

445 4138 564 4193 qua:
599 4121 691 4174 Dei
738 4127 867 4173 sunt
904 4115 1353 4183 intercipientes,
1402 4114 1456 4165 in
1504 4126 1657 4164 suam
1710 4110 2001 4179 pessimam

447 4217 683 4277 tuinam,
715 4209 868 4265 etde
911 4208 1112 4277 quibus
1145 4206 1285 4258 ratio
1350 4204 1455 4256 erit
1513 4202 1809 4257 reddenda.
1863 4198 2005 4255 Ofl'e-

447 4318 625 4361 rt-ntes
655 4313 835 4359 autem
866 4302 1003 4355 idem
1052 4298 1255 4352 faciunt
1288 4289 1349 4351 ac
1381 4297 1453 4348 illi
1505 4296 1597 4365 qui
1644 4293 2003 4364 projiciehant

443 4401 585 4454 bona
613 4414 733 4467 qua:
780 4394 1047 4449 habebant
1085 4403 1211 4446 ante
1237 4390 1399 4459 pedes
1424 4389 1839 4458 apostolorumf;
1876 4401 2001 4438 cum
2032 4376 2082 4435 Ι)

445 4506 653 4564 partem
694 4506 759 4545 ex
788 4491 867 4543 eis
898 4488 1128 4559 retinent
1154 4486 1440 4537 imitantur
1466 4482 1732 4535 Ananiatn
1758 4495 1879 4532 cum
1909 4478 2004 4532 Sa-

444 4589 599 4659 phira
634 4594 689 4638 et
719 4582 869 4653 pejus
900 4588 1087 4648 agunt.
1122 4578 1212 4629 Ille
1254 4574 1469 4644 quidem
1500 4590 1565 4627 ex
1597 4573 1828 4643 propriis
1877 4570 2007 4625 sub-

444 4680 689 4742 trahens,
716 4686 887 4730 totum
917 4673 1028 4741 agri
1064 4669 1297 4740 pretium
1322 4666 1568 4719 attulisse
1600 4678 1659 4718 se
1683 4662 2007 4731 prmdieabat

447 4780 500 4828 et
531 4782 657 4825 ante
691 4769 854 4838 pedes
901 4764 1073 4820 sancti
1130 4760 1273 4815 Petri
1327 4758 1624 4827 exspiravit
1674 4756 1837 4811 simul
1882 4769 2004 4809 cum

448 4877 617 4918 uxore
651 4900 667 4923 ,
728 4855 1001 4924 sacrilegii
1084 4850 1375 4908 manifeste
1426 4864 1555 4904 reus
1607 4849 1805 4903 factus.
1881 4844 2009 4900 Tale

438 4956 708 5023 judicium
762 4950 867 5005 sibi
930 4954 1143 5016 parant,
1204 4952 1262 4997 ut
1299 4952 1352 4996 et
1401 4949 1556 4995 antea
1619 4939 1753 5003 dixi,
1794 4939 2006 5008 opinor,

454 5054 548 5121 qui
591 5046 921 5105 subtrahunt
947 5056 1009 5095 ea
1033 5054 1156 5108 quae
1186 5037 1281 5091 Dei
1316 5045 1445 5091 sunt
1474 5042 1532 5089 ut
1559 5034 1755 5088 exinde
1786 5033 2005 5086 thesau—

447 5150 640 5198 rizent.
673 5138 779 5193 Sed
807 5151 914 5190 non
944 5131 1371 5202 dedignandutn,
1394 5140 1571 5195 neque
1605 5124 2001 5193 denegandum,

447 5234 763 5303 operarium
813 5224 1113 5298 quemlibet
1161 5221 1227 5276 ad
1276 5234 1431 5274 suam
1486 5216 1654 5272 solam
1718 5214 2005 5269 utilitatem

450 5329 689 5377 fructum
718 5320 1017 5391 percipere.
1048 5316 1140 5369 Sic
1170 5314 1315 5369 enim
1349 5312 1507 5365 docet
1562 5308 1791 5373 Paulus,
1847 5307 2007 5363 nobis

450 5428 666 5483 gregem
687 5425 995 5481 proponens
1013 5406 1319 5462 laborantis
1336 5402 1516 5459 coloni
1550 5409 1603 5455 et
1632 5402 1867 5471 pastoris
1899 5399 2010 5453 fru-

449 5514 599 5557 etum
638 5503 929 5567 facientis;
983 5498 1233 5570 quamvis
1280 5498 1394 5568 ipse
1432 5494 1782 5564 Evangelium
1839 5492 2009 5562 gratis

450 5597 751 5668 praedicans
782 5604 837 5649 et
867 5593 1171 5649 mercedem
1204 5607 1235 5646 e
1265 5590 1403 5645 caelo
1434 5602 1660 5657 sperans
1691 5600 1799 5639 non
1834 5595 2011 5638 utere-

452 5700 541 5744 tur
560 5688 660 5743 bae
680 5686 949 5742 facultate.
978 5684 1108 5740 Nam
1134 5681 1334 5739 idcirco
1358 5679 1701 5735 laborabatet
1726 5690 1885 5745 opere
1908 5690 2009 5758 suo

2113 3125 2268 3177 μασι,
2299 3110 2387 3162 διά
2413 3125 2471 3162 τε
2502 3110 2600 3178 τὴν
2632 3109 2768 3178 πρὸς
2799 3107 2931 3162 Θεὸν
2960 3108 3201 3177 ὀφειλὴν,
3240 3110 3339 3161 καὶ
3384 3108 3444 3160 τὸ
3479 3109 3549 3177 μὴ
3580 3108 3663 3159 ἀν-

2108 3202 2423 3270 αμάρτητόν
2455 3217 2576 3254 τινα
2598 3184 2768 3256 εἷναίί
2796 3202 2903 3255 Kal
2932 3202 3072 3269 ὑπὲρ
3104 3202 3312 3268 γονέων
3344 3202 3399 3255 δέ
3426 3204 3515 3254 καὶ
3542 3218 3662 3266 συγ-

2107 3291 2279 3357 γενῶν
2310 3291 2404 3342 καῖ
2434 3289 2639 3343 λοιπῶν
2677 3290 2854 3343 ἄλλων
2879 3290 3120 3343 εὐσεϐῶν
3158 3291 3402 3357 ὀφείλειν
3442 3291 3660 3361 προσφέ-

2111 3396 2224 3449 ρειν
2244 3380 2360 3450 Θεῷ
2386 3380 2614 3445 πάντας,
2637 3381 2729 3434 καὶ
2751 3382 2891 3451 ὑπὲρ
2917 3382 3081 3450 τιμῆς
3109 3382 3199 3434 καὶ
3228 3384 3455 3452 μνήμης
3478 3380 3657 3447 ἁγίων,

2106 3472 2183 3536 ὼς
2231 3472 2298 3525 ἂν
2332 3476 2559 3541 μεσίτας
2600 3475 2779 3526 ἐκεῖσε
2828 3473 3084 3544 εῦροιμεν
3136 3474 3229 3528 καὶ
3277 3474 3659 3542 συγκοινωνοὺς

2106 3566 2204 3634 τῆς
2234 3565 2391 3636 δόξης
2421 3566 2682 3636 Χριστοῦ.
2715 3568 2823 3619 Kal
2872 3566 3042 3619 ταῦτα
3088 3567 3190 3634 μὲν
3232 3566 3505 3620 διδάσκειν
3545 3564 3658 3626 τοῦς

2109 3659 2440 3734 προσιόντας
2462 3659 2723 3727 θεοφιλῶς
2752 3660 2995 3729 ἐνεργεῖν
3015 3677 3028 3690 ·
3060 3660 3122 3712 οὐ
3156 3659 3262 3730 μὴν
3292 3661 3349 3713 δὲ
3376 3662 3497 3720 τοὺς
3516 3676 3660 3711 πνευ-

2112 3751 2372 3817 ματικοὺς
2402 3738 2648 3817 Πατέρας
2696 3751 2787 3802 ἐπὶ
2823 3752 3004 3820 κέρδει
3043 3760 3201 3804 τουτο
3233 3754 3430 3815 ποιεῖν,
3464 3751 3528 3803 τα
3573 3747 3658 3801 τοῦ

2106 3841 2242 3896 Θεοῦ
2276 3844 2731 3912 νοσφιζομένουςο
2762 3846 2933 3914 ζημία
2970 3844 3075 3913 γὰρ
3108 3846 3293 3908 αὐτοῖς
3336 3846 3368 3915 ἡ
3418 3846 3656 3915 μεγίστη,

2106 3934 2203 3989 καὶ
2259 3934 2417 4001 λόγον
2462 3934 2952 4005 άπαιτηθήσονται.
3011 3936 3120 3988 Kal
3173 3936 3222 3988 οί
3277 3938 3382 4004 μὲν
3440 3936 3659 3995 διδόντες

2107 4027 2285 4078 ἐκεῖνο
2344 4025 2555 4078 ποιοῦσι
2606 4027 2667 4077 τὸ
2711 4027 2819 4080 τῶν
2881 4029 3182 4097 ριπτόντων
3245 4027 3316 4081 τὰ
3358 4028 3657 4096 ὑπάρχοντα

2110 4115 2260 4183 παρὰ
2290 4118 2415 4180 τοὺς
2459 4117 2623 4179 πόδας
2652 4117 2759 4169 τῶν
2802 4117 3155 4169 ἀποστόλων·
3192 4119 3241 4169 οί
3285 4117 3345 4170 δέ
3388 4136 3450 4186 γε
3502 4134 3660 4184 παρα-

2108 4195 2455 4276 κρατοῦντες,
2488 4209 2622 4279 ὅπερ
2655 4208 2752 4261 σὺν
2777 4212 2843 4278 τῇ
2877 4210 3163 4279 Σαπφείρᾳ
3204 4212 3232 4263 ό
3264 4210 3537 4271 Ἀνανίας,
3574 4211 3659 4259 καὶ

2111 4305 2323 4371 χεῖρον
2385 4302 2510 4353 ἐπεὶ
2535 4302 2738 4365 ἐκεῖνος
2773 4305 2834 4354 ἐκ
2866 4303 2972 4353 τῶν
3016 4302 3162 4355 ίδξων
3195 4302 3537 4371 ἐνοσφίσατο.
3564 4294 3657 4351 Οὖ-

2107 4410 2197 4455 τος
2240 4388 2347 4461 γὰρ
2377 4395 2405 4445 ό
2425 4393 2673 4455 Ἀνανίας
2714 4393 3180 4461 ἐπαγγειλάμενος
3215 4392 3363 4446 ἅπαν
3395 4392 3573 4445 δοῦναι
3604 4391 3658 4442 τὸ

2106 4486 2201 4540 τοῦ
2228 4488 2504 4555 κτήματος
2535 4486 2774 4555 τίμημα,
2806 4488 2900 4539 καὶ
2942 4487 3337 4555 νοσφισάμενος
3380 4486 3438 4553 ἐξ
3477 4482 3653 4545 αὑτοῦ,

2108 4580 2258 4649 παρὰ
2289 4581 2414 4638 τοὺς
2446 4578 2609 4641 πόδας
2637 4578 2731 4631 τοῦ
2765 4580 2910 4633 θείου
2942 4578 3170 4647 τέθνηκε
3203 4579 3414 4649 Πέτρου
3452 4578 3656 4644 σύναμα

2107 4673 2172 4741 τῇ
2236 4670 2474 4738 γυναικὶ,
2542 4671 2818 4739 ἱερόσυλος
2877 4670 3188 4738 ἐκφανθεὶς,
3253 4666 3315 4722 οῦ
3380 4669 3441 4723 τὸ
3501 4666 3659 4719 me

2110 4778 2283 4831 κριμα
2344 4757 2522 4831 οἶμαι,
2559 4762 2668 4833 ⁸ὡς
2723 4767 2818 4814 καὶ
2888 4762 3155 4830 προέφην,
3225 4760 3525 4827 λαμϐάνειν
3586 4758 3657 4817 εἰς

2109 4855 2358 4917 ἑαυτοὺς,
2403 4855 2529 4915 τοὺς
2580 4853 3070 4922 παρακρατοῦντας
3113 4854 3179 4906 τὰ
3236 4853 3327 4905 τοῦ
3375 4849 3509 4904 Θεοῦ
3570 4850 3657 4900 καὶ

2107 4942 2264 5013 361
2300 4942 2359 5006 ἐξ
2390 4943 2570 4996 αὐτῶν
2616 4943 3062 5013 θησαυρίζοντας.
3101 4945 3214 5012 Τὴν
3261 4944 3450 5012 χρείαν
3496 4941 3548 4992 δέ
3598 4954 3655 5003 γε

2112 5035 2283 5104 μόνην
2308 5034 2607 5104 λαμϐάνειν
2635 5034 2709 5096 ὡς
2739 5035 3017 5087 κοπιῶντά
3040 5052 3180 5101 τινα,
3212 5036 3311 5088 ούκ
3340 5033 3651 5099 ἀπόϐλητον.

2109 5124 2218 5177 Kal
2250 5123 2459 5186 Παῦλος
2487 5123 2645 5176 τοῦτό
2677 5139 2863 5192 φησιν,
2906 5123 3012 5174 ἀπὸ
3036 5121 3129 5174 τοῦ
3159 5120 3456 5181 κοπιῶντας
3496 5118 3656 5183 γέωρ·

2108 5215 2205 5284 γοῦ
2238 5215 2335 5269 καὶ
2362 5214 2458 5269 τοῦ
2515 5214 2892 5283 ποιμαίνοντος
2928 5214 3165 5283 ποίμνην
3201 5211 3478 5283 παριστῶν
3513 5210 3650 5277 ἡμῖν,

2110 5310 2163 5362 ei
2215 5311 2309 5362 καὶ
2355 5307 2515 5371 αὐτὸς
2574 5308 2845 5361 ἀδάπανον
2890 5306 3039 5374 ἐτίθη
3079 5306 3138 5358 τὸ
3189 5302 3536 5371 Εὐαγγέλιον,
3568 5298 3653 5351 καὶ

2108 5399 2232 5462 τοὺς
2288 5397 2513 5469 μισθοὺς
2571 5395 2808 5461 ἐλπίζων
2866 5396 2924 5461 ἐξ
2972 5393 3208 5464 ούρανοῦ
3255 5392 3354 5444 οὐκ
3396 5389 3652 5460 ἐχρήσατο

2109 5489 2281 5562 ταύτῃ
2319 5492 2386 5559 τῇ
2438 5488 2679 5557 ἐξουσίᾳ.
2720 5489 2809 5539 Διὸ
2846 5487 2940 5539 καὶ
2990 5486 3197 5539 κοπιῶν
3225 5480 3291 5556 ἦν
3320 5482 3412 5533 καὶ
3439 5477 3653 5548 ἐργαςό·

2113 5598 2272 5653 μενος
2293 5584 2411 5643 ταῖς
2434 5580 2608 5652 χερσί.
2648 5600 2664 5630 ι
2703 5580 2812 5632 Kal
2840 5581 2957 5640 ταῖς
2992 5578 3202 5648 χρείαις
3238 5590 3361 5645 μου,
3392 5570 3541 5639 φησὶ,
3566 5564 3653 5618 καὶ

2112 5652 2221 5737 τοῖς
2255 5668 2375 5729 οὖσι
2414 5672 2531 5743 μετ’
2563 5670 2720 5743 ἐμοῦ,
2746 5670 3101 5741 ὑπηρᾶιησαν
3133 5670 3187 5722 αἱ
3224 5667 3402 5736 χεῖρες
3425 5652 3600 5714 aliut.
3631 5671 3649 5703 ι
