4064 6204
451 241 556 309 9ἓ9

1156 246 1542 333 RESPONSA
1583 263 1682 323 AD
1705 263 2151 332 GABRIELEM
2189 273 2904 337 PENTAPOIJTANUM.
2939 319 2948 324 -

3594 268 3703 332 930

449 363 544 461 διὸ
578 365 605 416 6
629 364 737 461 τῶν
777 365 965 461 ψυχῶν
995 369 1285 444 οἰκονόμος
1325 377 1532 446 ὀφείλει
1566 381 1752 450 σχεδὸν
1796 387 2014 456 μηδενὸς

2132 388 2336 446 victum
2374 392 2677 461 quaerebat,
2714 402 2772 447 ut
2802 400 3038 448 testatur
3073 406 3086 446 :
3124 410 3141 443 ι
3181 391 3262 446 Ad
3293 405 3354 444 ea
3403 405 3522 458 qttte
3573 391 3700 444 mihi

447 455 717 511 ἅπτεσθαι
748 459 858 513 τῶν
913 468 1404 536 προσφερομένων,
1437 471 1485 524 εί
1522 473 1769 540 δυνατὸν,
1805 455 1892 530 ἵνα
1941 479 2016 550 μὴ

447 550 698 622 ἀνάγκην
731 551 826 624 ἔχῃ
855 553 1107 627 ἀνασπᾷν
1155 559 1444 630 ἀλλοτρίας
1478 564 1750 632 ἀκάνθας·
1783 571 1833 622 εί
1867 571 1924 624 δέ
1953 589 2016 640 γε

446 644 609 714 χρεία
631 648 839 715 τροφῆς
867 645 899 717 ἦ
934 649 1256 719 ἐνδύματος,
1291 654 1366 724 μὴ
1391 655 1452 708 τὸ
1483 661 1761 727 περιττὸν,
1797 663 1933 716 ἀλλά
1958 666 2018 718 τὸ

446 737 584 808 πρδς
623 741 815 808 χρείαν
867 741 1032 808 μόνον
1091 745 1336 811 ποιείτω,
1378 749 1472 800 καὶ⁴
1512 750 1608 812 τὰς
1641 753 1804 822 εύχάς
1829 757 2014 810 ἀποδι-

444 829 604 895 δότω,
659 830 754 883 καὶ
801 831 902 895 τάς
949 832 1145 899 θυσίας
1173 837 1466 892 ἐκτελείτω
1511 841 1652 911 ὑπὲρ
1685 844 1778 898 τοῦ
1814 864 2015 917 προσε-

443 921 736 990 νέγκαντος
750 925 826 994 τῷ
848 926 988 996 Θεῷ,
1018 946 1082 997 με
1093 947 1196 1000 μνη
1208 934 1367 999 μένος
1384 934 1481 988 καὶ⁸
1503 937 1610 988 τῶν
1631 941 1901 1007 πενήτων,
1922 943 2017 997 καὶ

443 1015 525 1067 ὅτι
567 1015 668 1070 οὐκ
719 1018 882 1082 αύτδς
915 1021 1098 1090 μόνον,
1127 1024 1264 1080 ἀλλά
1322 1030 1419 1080 καὶ
1456 1028 1636 1100 ἕτεροι
1688 1032 2016 1104 τῆς.χρείας

444 1105 692 1175 ἀνάγκην
723 1107 963 1178 ἔχουσιν.
993 1112 1054 1165 El
1079 1112 1135 1165 δὲ
1167 1114 1264 1168 καὶ
1295 1117 1514 1187 ἰδιώτης
1551 1121 1580 1174 6
1618 1121 1687 1174 τά
1710 1125 1818 1178 τῶν
1852 1143 2018 1196 μετα-

443 1197 710 1252 νοούντων
755 1199 1066 1271 δεχόμενος,
1113 1203 1498 1275 ἀσφαλιζέσθω
1533 1211 1736 1265 πλέον’
1788 1215 1870 1267 ὅτι
1926 1218 2014 1270 διὰ

442 1288 540 1356 τῆς
597 1289 897 1360 ἱερωσύνης
949 1293 1016 1346 τὰ
1068 1297 1168 1365 τῆς
1217 1299 1498 1367 σωτηρίας
1537 1304 1649 1364 τοῖς
1703 1303 2014 1376 ἀνθρώποις

442 1380 784 1448 ἐνεργεῖται,
819 1385 912 1438 καὶ
943 1385 1030 1440 διά
1069 1388 1172 1458 τῆς
1227 1391 1376 1461 ἱερᾶς
1405 1392 1462 1446 δὲ
1504 1393 1696 1458 θυσίας
1729 1397 1822 1450 καὶ
1855 1397 2014 1467 εὔχε-

442 1470 597 1524 λαίου
637 1474 733 1527 καὶ
762 1477 870 1528 τῶν
902 1477 1104 1532 λοιπῶν
1129 1482 1367 1538 τελετῶν
1402 1486 1434 1553 ἡ
1471 1486 1663 1553 ἄφεσίς
1691 1505 1751 1541 τε
1783 1489 1876 1544 καὶ
1911 1491 2015 1546 κά-

445 1562 640 1634 θαρσις
671 1565 895 1630 δίδοται,
929 1570 1022 1624 καὶ
1071 1573 1104 1642 ἡ
1137 1575 1426 1641 μετάδοσις
1462 1578 1557 1629 τοῦ
1586 1579 1885 1650 ἀγιασμοῦ,
1921 1584 2017 1638 καὶ

445 1657 649 1725 μᾶλλον
670 1659 770 1727 τῆς
798 1661 984 1730 χρείας
1010 1662 1195 1734 ἔχουσι
1227 1668 1515 1732 κοινωνίας
1548 1673 1576 1741 ἡ
1608 1674 1747 1739 μετά
1772 1675 2012 1745 Χριστοῦ

441 1747 652 1812 ἕνωσις.
690 1750 782 1803 Διὸ
821 1754 872 1806 εί
897 1752 1061 1807 πάθει
1099 1772 1184 1820 τις
1209 1757 1420 1828 οἰκείῳ,
1451 1759 1483 1829 ἢ
1519 1761 1592 1826 ὡς
1619 1762 2014 1837 διαφθονούμε-

443 1857 530 1900 νος
569 1841 786 1912 ίερεῐ,ἢ
824 1843 900 1906 ὡς
950 1849 1422 1916 παρακερδαίνειν
1466 1851 1630 1916 αὐτὸς
1667 1855 2016 1927 βουλόμενος,

441 1932 642 1985 κωλύει
694 1934 794 2003 μὲν
849 1936 1054 2006 ἱερεῦσι
1100 1939 1320 2004 διδόναι,
1352 1940 1384 2010 ἢ
1424 1942 1522 2013 τὴν
1559 1947 1790 2018 φρικτὴν
1827 1948 2019 2004 θυσίαν

439 2023 472 2092 ἢ
509 2025 575 2076 τά
605 2023 699 2078 τοῦ
719 2026 999 2096 εύχελαίου
1022 2031 1274 2098 γενέσθαι
1305 2033 1446 2102 ὑπέρ
1479 2053 1647 2104 τινος,
1685 2041 2020 2109 προφασίζε-

439 2116 617 2168 ταιδέ
661 2118 759 2185 τὴν
821 2119 1212 2192 ἐλεημοσύνην,
1247 2125 1344 2178 καὶ
1389 2125 1550 2179 τοῦτο
1601 2132 1853 2196 κρεῖσσον
1879 2128 2019 2186 εἶναι

439 2207 660 2264 πάντων
681 2211 832 2278 φησι,
856 2214 1260 2286 καὶάποστερεῖ
1279 2234 1402 2271 τινα
1422 2218 1533 2273 τῶν
1555 2220 1763 2273 πιστῶν
1787 2223 1886 2293 τῆς
1911 2223 2020 2277 ἀπὸ

438 2299 531 2354 τοῦ
559 2301 715 2368 ἁγίου
741 2303 922 2358 ἐλαίου
948 2305 1043 2359 καὶ
1081 2308 1191 2361 τῶν
1215 2311 1393 2380 εὐχῶν
1423 2311 1768 2382 καθάρσεως,
1802 2317 1896 2370 καὶ
1921 2315 2015 2370 τοῦ

438 2390 582 2445 θείου
609 2394 718 2447 ἀπὸ
733 2396 832 2463 τῆς
852 2399 1184 2470 κοινωνίαςὴ
1207 2403 1518 2472 ἱερουργίας
1538 2407 1833 2476 ἀγιασμοῦ,
1854 2408 2018 2470 αὐτὸς

436 2486 530 2539 τδν
545 2488 674 2556 περὶ
689 2488 882 2541 τούτου
899 2490 1058 2559 λόγον
1075 2495 1273 2562 μᾶλλον
1292 2497 1904 2572 ἀπαιτηθήσεται.ῐ1λὴν
1922 2503 2018 2556 καὶ

438 2577 668 2632 ἕκαστον
698 2581 806 2633 τῶν
826 2583 941 2652 ἀμα
951 2586 1244 2653 ρτημάτων
1259 2589 1319 2640 τὸ
1338 2591 1538 2644 οἰκεῖον
1560 2591 1671 2659 ἐξει
1693 2595 1787 2646 καὶ
1821 2595 2018 2650 ἀνάλο-

438 2688 533 2738 γον
563 2674 864 2744 ἐπιτίμιον,
921 2679 1018 2731 καὶ
1051 2680 1108 2732 ού
1144 2681 1323 2736 πάντα
1373 2683 1441 2736 δι’
1467 2685 1588 2748 ἐνὸς
1636 2686 1852 2741 ἔσονται
1885 2703 2018 2756 συγ-

440 2764 766 2834 χωρούμενα
787 2782 801 2796 ⁸
835 2767 951 2821 ἀλλ’
975 2770 1024 2823 εί
1051 2771 1148 2837 μὲν
1181 2774 1338 2840 φόνος
1361 2775 1446 2843 εἴη
1470 2775 1532 2828 τὸ
1561 2776 1837 2848 ἔγκλημα,
1874 2782 2015 2850 μετά

437 2855 531 2906 τὸν
561 2857 764 2911 κανόνα
794 2860 890 2929 τῆς
929 2861 1261 2931 Ἑκκλησίας
1303 2866 1396 2919 καὶ
1433 2868 1786 2936 αἰχμαλώτου
1814 2872 2010 2943 λύτρον

440 2943 581 3014 ὑπὲρ
614 2946 711 2998 τοῦ
772 2950 1161 3020 ἡμαρτηκότος
1215 2954 1308 3006 καὶ
1335 2955 1432 3009 τοῦ
1468 2956 1866 3026 τεθνηκότοςέί
1914 2978 2015 3014 πε⁸

2119 496 2258 551 opus
2283 493 2466 550 erant,
2497 496 2548 538 et
2585 486 2671 539 bis
2716 487 2808 553 qui
2843 499 3054 540 mecum
3103 493 3229 538 sunt
3260 483 3706 537 ministrarerunt

2121 589 2314 629 manus
2345 577 2460 630 istae
2493 577 2560 630 ¹¹.
2605 596 2621 628 ι
2655 577 2833 642 Quare
2868 575 3179 630 moderator
3218 575 3525 628 animarum
3571 574 3704 629 nihil

2118 679 2290 734 prope
2319 666 2386 720 ab
2416 667 2614 722 oblatis
2669 668 2958 722 desumere
3008 668 3190 732 debet,
3240 667 3286 720 si
3336 667 3448 720 ﬁeri
3483 675 3703 735 potest,

2119 755 2222 810 nisi
2258 757 2402 811 forte
2441 773 2662 812 necesse
2701 758 2902 813 habeat
2930 758 3124 813 alienis
3168 755 3576 811 diﬁicultatibus
3606 755 3705 810 ob-

2119 848 2326 912 venire,
2369 859 2464 903 aut
2511 865 2650 918 opus
2685 851 2885 904 habeat
2916 853 2967 903 in
2995 851 3198 904 vietum
3235 859 3289 904 et
3323 851 3375 903 in
3408 850 3704 921 vestimen-

2118 946 2255 1002 tum,
2289 955 2396 994 non
2431 941 2716 1009 splendide
2749 942 2966 1009 quidem
3001 942 3336 1010 impendere,
3361 940 3454 996 sed
3494 948 3698 994 tantum

2119 1037 2282 1099 prout
2315 1047 2536 1086 necesse
2567 1033 2746 1095 habet,
2775 1043 2831 1086 et
2864 1033 3059 1088 fundat
3095 1049 3306 1101 preces,
3341 1041 3393 1086 et
3429 1031 3696 1086 sacriﬁcia

2117 1121 2228 1178 Deo
2258 1124 2548 1193 adimpleat
2581 1141 2679 1193 pro
2707 1125 2986 1191 oﬁ‘erente,
3018 1141 3314 1194 pauperum
3338 1125 3694 1199 recordatus;

2117 1231 2226 1271 non
2259 1216 2398 1270 enim
2437 1218 2554 1286 ipse
2581 1221 2754 1282 solus,
2791 1220 2883 1271 sed
2932 1220 3110 1272 adhuc
3165 1219 3342 1272 cmteri
3381 1217 3470 1285 jus
3499 1216 3701 1268 habent

2118 1308 2170 1362 in
2204 1308 2340 1363 tales
2368 1307 2603 1366 fructus.
2672 1311 2737 1365 Et
2767 1312 2810 1364 si
2847 1310 3095 1379 privatus
3124 1311 3327 1379 aliquis
3361 1324 3388 1361 a
3429 1307 3700 1376 poeniten-

2119 1397 2262 1453 tibus
2292 1401 2542 1469 recipiat,
2581 1410 2772 1457 caveat
2808 1402 3002 1470 magis,
3034 1403 3160 1470 quia
3201 1416 3296 1470 per
3331 1399 3696 1455 sacerdotium

2116 1491 2266 1546 salus
2299 1491 2613 1548 hominibus
2653 1494 2925 1561 provenit,
2963 1504 3015 1546 et
3051 1493 3178 1562 quia
3213 1507 3309 1559 per
3342 1492 3582 1545 divinum
3610 1505 3702 1543 sa-

2116 1581 2408 1644 criﬁcium,
2439 1596 2535 1650 per
2568 1598 2784 1637 sacrum
2813 1582 2991 1635 oleum
3025 1593 3076 1635 et
3100 1580 3450 1650 per‘catteras
3478 1589 3697 1635 sanctas

2116 1671 2474 1726 caaremonias
2505 1673 2660 1726 venia
2695 1672 3024 1728 conceditur
3055 1683 3108 1726 et
3142 1673 3457 1727 innocentia
3491 1678 3702 1725 restau-

2123 1773 2296 1826 ratur,
2320 1769 2373 1816 et
2397 1763 2742 1832 participatio
2767 1763 3222 1822 sanctiﬁcationis
3243 1763 3359 1828 Dei,
3386 1771 3440 1816 et
3461 1761 3702 1814 maxime

2120 1854 2252 1908 unio
2280 1869 2400 1907 cum
2429 1853 2649 1909 Christo
2681 1870 2780 1924 per
2807 1854 3013 1910 fructus
3039 1852 3471 1908 communionis.
3513 1850 3696 1917 Quare

2121 1941 2167 1998 si
2213 1944 2476 2000 acciderit
2510 1946 2671 1999 alicui
2720 1953 2778 1998 ut
2811 1947 2892 1998 vel
2920 1946 3121 1999 invidia
3153 1960 3278 2014 erga
3318 1943 3658 1998 sacerdotem
3683 1980 3702 2008 ,

2120 2033 2202 2086 vel
2228 2048 2322 2100 spe
2351 2034 2555 2102 proprii
2585 2034 2854 2088 commodi
2884 2043 2940 2088 et
2973 2033 3108 2087 lucri
3137 2071 3153 2096 ,
3207 2032 3502 2110 prohibeat
3549 2031 3704 2083 obla-

2121 2124 2302 2178 tiones
2356 2125 2472 2178 ﬁeri
2515 2125 2925 2190 sacerdotibus,
2987 2125 3072 2178 vel
3129 2122 3312 2178 olferri
3365 2121 3697 2176 sacriﬁcium

2122 2215 2489 2279 tremendum,
2518 2215 2601 2272 vel
2647 2218 2842 2272 conﬁci
2877 2217 3060 2271 oleum
3093 2230 3309 2270 sacrum
3358 2229 3454 2282 pro
3491 2215 3700 2283 aliquo,

2122 2308 2523 2376 eleemosynam
2549 2322 2678 2361 vero
2712 2308 3053 2376 praetendat,
3097 2306 3253 2374 quasi
3305 2307 3376 2360 sit
3423 2307 3538 2360 luec
3583 2321 3704 2360 om-

2121 2400 2272 2474 nium
2306 2399 2578 2454 bonorum
2613 2400 2932 2464 maximum,
2975 2409 3030 2456 et
3068 2401 3140 2454 ita
3174 2400 3410 2468 aliquem
3463 2399 3698 2452 ﬁdelium

2121 2500 2305 2546 arceat
2330 2507 2358 2545 a
2393 2493 2763 2561 comparanda
2801 2491 3115 2547 innocentia
3145 2506 3267 2560 qua!
3297 2506 3362 2544 ex
3397 2505 3555 2546 sacro
3577 2491 3699 2546 oleo

2119 2585 2416 2648 obtinetur,
2438 2583 2521 2639 vel
2545 2599 2576 2638 a
2606 2583 2786 2638 divina
2817 2583 3193 2638 benedictione
3214 2597 3335 2651 quae
3351 2597 3418 2636 ex
3449 2597 3698 2637 commu-

2121 2677 2284 2731 nione
2322 2685 2417 2731 aut
2455 2677 2727 2731 sacriﬁcio
2769 2676 3092 2745 percipitur,
3126 2675 3214 2730 ille
3255 2675 3488 2728 maxime
3523 2675 3686 2742 hujus

2119 2766 2364 2822 criminis
2421 2775 2688 2822 rationem
2746 2766 2972 2822 reddere
3020 2765 3265 2820 debebit.
3314 2765 3524 2818 interea
3569 2779 3699 2818 vero

2119 2867 2378 2914 caveatur
2412 2860 2636 2930 insuper
2681 2860 2914 2928 singulis
2945 2859 3188 2930 peccatis
3229 2872 3381 2912 suam
3416 2861 3694 2926 propriam

2119 2951 2304 3006 deberi
2340 2951 2591 3013 multam,
2635 2965 2733 3004 nec
2763 2951 2946 3024 omnia
2985 2949 3175 3004 eodem
3221 2949 3384 3004 modo
3422 2946 3694 3015 expianda

440 3037 685 3106 ριουσίαν
717 3039 745 3091 6
777 3041 1046 3106 φονεύσας
1077 3043 1213 3114 ἔχει,
1269 3049 1506 3112 γινέσθω
1551 3049 1700 3121 ψυχὴ
1752 3053 1875 3107 ἀντὶ
1911 3056 2010 3122 τῆς

2117 3056 2240 3100 esse
2293 3052 2347 3096 et
2405 3041 2750 3096 remittenda.
2802 3041 2859 3094 Si
2910 3029 3041 3108 ergo
3088 3048 3282 3109 agatur
3308 3040 3375 3092 de
3413 3035 3698 3092 homicidii

435 3129 652 3198 ψυχῆςο
691 3133 738 3185 εί
763 3134 818 3186 δέ
852 3151 915 3200 γε
951 3136 1194 3203 ἐμϐρύου
1227 3139 1491 3210 ἀποϐολὴ,
1528 3143 1595 3194 δι’
1625 3144 1893 3214 ἀναδοχῆς
1920 3147 2014 3200 καὶ

436 3221 751 3292 ἀνατροφῆς
781 3225 999 3294 πτωχοῦ
1038 3231 1235 3298 νηπίου
1288 3231 1318 3300 ἡ
1355 3233 1584 3302 ἰατρεία
1628 3235 1792 3289 ἔστω.
1848 3238 1908 3289 El
1957 3238 2014 3291 δὲ

437 3313 663 3382 πορνεία
688 3313 720 3384 ἢ
750 3316 1018 3387 μοιχείαὴ
1048 3335 1133 3381 τις
1155 3318 1492 3391 ἀκαθαρσία,
1519 3323 1588 3375 δι’
1617 3324 1832 3394 ἀποχῆς
1859 3325 2012 3396 πρῶ-
2049 3393 2053 3396 μ

435 3421 527 3457 τον
563 3405 662 3474 μέν
689 3405 784 3460 τοῦ
834 3409 1178 3478 πταίσματος
1227 3411 1321 3464 καὶ
1353 3415 1455 3482 τῆς
1490 3415 1788 3485 ἁμαρτίας,
1816 3417 2013 3472 ἔπειτα

435 3495 491 3548 δὲ
515 3495 606 3550 διὰ
626 3499 723 3566 τῆς
745 3497 890 3553 κατά
907 3499 1136 3570 δύναμιν
1157 3504 1526 3567 κακοπαθείας
1542 3507 1643 3572 τῆς
1669 3509 1872 3577 σαρκός
1893 3525 1905 3537 ·
1931 3512 2013 3564 ὅτι

435 3590 532 3642 καὶ
547 3594 760 3660 τρυφῆς
798 3592 896 3646 καὶ
931 3593 1134 3663 σαρκὸς
1151 3595 1342 3664 ἡδονῆς
1362 3595 1421 3648 τὸ
1453 3597 1778 3666 ἁμάρτημα.
1808 3601 1917 3653 Καὶ
1937 3602 2014 3665 ὡς

434 3681 500 3749 τῇ
532 3681 644 3750 Εῦᾳ
664 3681 831 3734 λύπαι
859 3681 980 3736 ἀντὶ
1005 3685 1105 3753 τῆς
1131 3684 1348 3752 ἡδονῆς,
1377 3685 1470 3742 καὶ
1496 3684 1574 3754 τῷ
1591 3686 1760 3756 Ἀδάμ
1793 3689 2013 3758 ἱδρῶτες

435 3771 527 3824 καὶ
560 3771 818 3840 ἄκανθαι,
848 3773 1047 3843 ὁμοίως
1087 3773 1347 3837 στένωσις
1381 3778 1584 3845 σαρκὸς
1633 3779 1712 3840 εἰς
1745 3778 2011 3831 ταπείνω-

438 3878 522 3914 σιν
559 3865 730 3933 αύτῆς
760 3869 819 3916 τε
852 3865 948 3917 καὶ
983 3865 1228 3934 ἰατρείαν
1265 3865 1420 3919 ἔσται
1462 3867 1542 3932 τῷ
1572 3867 1660 3921 διὰ
1701 3867 2012 3938 φιληδονίας

437 3941 676 4009 πεσόντι.
713 3956 775 4008 El
801 3955 849 4008 δ’
873 3955 935 4009 οὔ
963 3954 1286 4027 προαίρεσις
1318 3958 1439 4011 οὐδὲ
1475 3959 1655 4028 ἰσχὺς,
1682 3958 1752 4012 δι’
1784 3959 2014 4028 ἐλεημο-

438 4045 603 4117 σύνης
640 4045 984 4116 ίατρευθήτω
1032 4047 1063 4118 ἢ
1098 4049 1430 4118 ἐγκρατείας
1467 4047 1499 4118 ἢ
1534 4047 1856 4118 λυτρώσεως
1891 4051 2011 4120 αίχ-

441 4137 714 4207 μαλώτου,
750 4137 800 4190 εί
842 4137 1078 4206 εὐπορία
1102 4137 1178 4207 τῷ
1220 4138 1566 4208 ἡμαρτηκότι
1618 4140 1765 4192 ἐστίν
1793 4155 1809 4170 ο
1849 4143 1899 4194 εί
1951 4142 2008 4195 δὲ

435 4227 650 4292 ἀδικίας
698 4228 836 4298 ἔργα
892 4228 1112 4298 συνέϐη,
1157 4229 1245 4284 διά
1277 4229 1376 4298 τῆς
1448 4231 1761 4294 ἀποδόσεως
1787 4231 1882 4284 τοῦ
1912 4232 2008 4302 λη-

436 4319 667 4387 φθέντος
700 4319 855 4373 ἔσται
871 4320 973 4389 τῆς
996 4321 1274 4390 ἁμαρτίας
1303 4321 1614 4391 ἀπαλλαγή.
1633 4321 1787 4392 Ἐλεη
1799 4322 2005 4393 μοσύνη

437 4411 495 4463 δὲ
527 4411 667 4464 κατά
719 4413 810 4467 τὸν
844 4415 1116 4484 Ζακχαῖον
1148 4413 1420 4482 κάθαρσις
1455 4413 1596 4467 ἔστω
1628 4413 1722 4466 τοῦ
1763 4417 1862 4485 τῆς
1892 4415 2007 4468 ἀδι-

437 4503 564 4565 κίας
616 4505 712 4559 καὶ
739 4506 994 4576 ἁρπαγῆς
1023 4507 1398 4576 ἐγκλήματος.
1433 4508 1494 4560 El
1535 4507 1591 4560 δὲ
1624 4507 1943 4576 βλασφημία
1973 4509 2008 4579 ἢ

442 4596 670 4667 ἄρνησίς
707 4614 814 4651 τινι
870 4599 1084 4666 γέγονε,
1119 4599 1206 4652 διὰ
1251 4600 1562 4668 προσευχῆς
1611 4599 1890 4668 συνεχοῦς,
1925 4598 2013 4651 ἵνα

438 4687 536 4754 τὴν
569 4687 916 4758 βλασφημίαν
947 4689 1125 4763 ἐξέλῃ,
1164 4691 1256 4744 καὶ
1288 4689 1558 4758 δακρύων,
1597 4691 1664 4743 ἶν’
1713 4689 2011 4761 ἐκπλυνθῇ,

440 4779 536 4831 καὶ
565 4779 936 4851 ἐλεημοσύνης
967 4781 1037 4833 ἵν’
1083 4780 1271 4843 ἐλέους
1325 4779 1560 4850 ἐπιτύχῃ
1617 4779 1893 4850 ἀθετήσας
1919 4781 2012 4833 τὸν

443 4871 692 4941 ποιητὴν,
713 4872 806 4925 καὶ
830 4871 1160 4942 ἐγκρατείας
1183 4871 1272 4925 διά
1294 4872 1396 4934 τάς
1420 4871 1772 4941 κρεωφαγίας
1799 4871 2012 4934 καὶτὰς

442 4961 788 5031 ἀκαθάρτους
812 4964 976 5026 ἄλλας
998 4964 1224 5032 τροφάς.
1264 4963 1552 5032 Ἐπιορκία
1575 4962 1631 5014 δὲ
1661 4964 1709 5013 εί
1743 4961 2010 5032 συμϐαίη,

441 5051 475 5122 ἢ
507 5053 723 5123 διαϐολή
763 5071 909 5117 τινος
945 5056 1081 5125 πρὸς
1109 5055 1319 5126 ἕτερον,
1367 5055 1400 5125 ἢ
1436 5054 1697 5125 προδοσία
1740 5053 1877 5122 πρὸς
1914 5055 2011 5123 ἄρ-

443 5161 609 5214 χοντα
635 5147 961 5210 πταίσαντος
999 5147 1030 5216 ἢ
1063 5147 1135 5217 μὴ
1172 5149 1524 5210 πταίσαντος,
1550 5147 1640 5200 διά
1673 5145 1782 5197 τῶν
1807 5144 2009 5212 ὁμοίων

439 5236 544 5305 τῆς
587 5236 940 5307 βλασφημίας
986 5237 1414 5309 διορθωθὴσεται
1459 5239 1488 5291 6
1522 5235 1728 5301 πεσὼν,
1779 5233 1874 5288 καὶ
1915 5231 2009 5286 τοῦ

441 5328 753 5395 ἀπαλλάξαι
781 5329 874 5382 τὸν
900 5329 1184 5401 ἄνθρωπον
1224 5333 1321 5384 τοῦ
1363 5330 1561 5386 κακοῦ.
1596 5329 1876 5398 Ἐνέχεται
1899 5325 2010 5396 γάρ

441 5419 601 5472 τοῦτο
623 5419 844 5488 πρῶτον
868 5421 1117 5488 ποιῆσαι,
1151 5421 1200 5474 εί
1229 5421 1479 5483 δύναται,
1512 5420 1588 5483 ὡς
1639 5421 1738 5475 καὶ
1770 5419 1869 5488 τὴν
1897 5417 2012 5470 ἀδι-

446 5512 569 5564 κίαν
632 5512 852 5582 πρῶτον
878 5512 1168 5569 ἀποδοῦναι
1201 5515 1231 5568 6
1263 5515 1530 5589 ἀδικήσας
1577 5513 1610 5582 ἢ
1642 5510 1870 5581 κλέψας,
1899 5509 2008 5564 εττε

521 5704 561 5734 ³³
591 5705 712 5758 Act.
741 5719 829 5770 xx,
862 5703 952 5757 '56.

2035 4381 2086 4440 ι)

2117 3143 2293 3201 reatu,
2348 3134 2647 3190 secundum
2699 3135 2956 3188 Ecclesiae
3003 3149 3259 3197 canones,
3316 3134 3362 3188 si
3417 3133 3694 3187 occidenti

2117 3224 2279 3278 fuerit
2310 3224 2538 3278 fortunae
2559 3226 2736 3291 copia,
2762 3240 2859 3293 pro
2878 3240 2936 3278 se
2968 3234 3021 3278 et
3052 3240 3150 3292 pro
3181 3225 3362 3278 occiso
3377 3223 3694 3292 expiaturus

2115 3315 2290 3371 solvet
2322 3318 2557 3386 pretium
2584 3318 2746 3371 unius
2773 3316 2995 3384 captivi,
3041 3325 3096 3370 et
3120 3316 3202 3369 sic
3251 3317 3354 3369 erit
3383 3316 3562 3369 anima
3597 3331 3693 3384 pro

2115 3408 2320 3461 anima.
2354 3407 2409 3461 Si
2444 3408 2608 3462 fuerit
2636 3407 2954 3471 abortivus,
2996 3407 3382 3461 remissionem
3421 3420 3696 3463 mereatur
3794 3427 3801 3438 ν

2116 3496 2308 3549 alendo
2344 3504 2398 3548 et
2429 3496 2714 3550 educando
2786 3511 3082 3565 pauperem
3136 3498 3372 3565 aliquem
3407 3498 3694 3554 infantem.

2122 3585 2179 3640 Si
2211 3587 2277 3640 de
2313 3587 2676 3641 fornicatione
2722 3597 2940 3655 agatur,
2993 3589 3079 3641 vel
3134 3589 3427 3654 adulterio,
3474 3591 3555 3643 vel
3587 3591 3694 3645 alia

2115 3677 2310 3747 quavis
2339 3677 2676 3744 impuritate.
2701 3679 2956 3734 remissio
2979 3680 3067 3733 ﬁet
3102 3680 3277 3747 primo
3314 3694 3405 3747 per
3431 3683 3696 3734 cessatio-

2115 3782 2238 3821 nem
2275 3768 2446 3840 culpzn
2493 3779 2547 3823 et
2599 3769 3070 3838 peccatizdeiude
3105 3785 3327 3824 carnem
3382 3785 3482 3839 pro
3531 3787 3694 3840 posse

2114 3860 2455 3929 castigando,
2491 3863 2618 3929 quia
2650 3870 2932 3929 peccatum
2971 3862 3074 3916 fuit
3104 3862 3158 3915 in
3202 3861 3428 3916 mollitie
3460 3872 3515 3918 et
3543 3864 3695 3919 volu-

2115 3959 2262 4020 ptate
2296 3950 2503 4007 carnis.
2561 3949 2628 4004 Et
2671 3951 2814 4007 sicut
2847 3952 2967 4006 Evae
2998 3953 3214 4007 dolores
3256 3968 3354 4023 pro
3387 3953 3685 4022 voluptate,

2111 4049 2166 4093 et
2189 4039 2400 4094 Adamo
2425 4041 2652 4097 sudores
2681 4051 2735 4096 et
2763 4043 2993 4097 tribulos
3026 4053 3080 4098 et
3103 4044 3290 4110 snienas
3329 4047 3571 4102 minatus
3598 4057 3685 4102 est

2115 4133 2280 4197 Dens,
2305 4133 2376 4187 ita
2407 4135 2682 4204 repressio
2735 4135 2918 4190 carnis
2948 4134 3016 4190 sit
3042 4136 3092 4189 in
3115 4135 3233 4204 ejus
3255 4137 3690 4194 bumiliationent

2092 4221 2162 4278 et
2190 4224 2530 4278 sanationem
2571 4225 2644 4279 illi
2675 4227 2768 4294 qui
2799 4226 3243 4295 concupiscentia
3273 4228 3458 4282 carnis
3491 4243 3657 4296 pecca

2112 4317 2208 4369 vit.
2247 4315 2304 4370 Si
2340 4330 2468 4370 vero
2509 4331 2607 4369 nec
2653 4317 2776 4370 vita:
2813 4332 3006 4386 genus,
3034 4331 3134 4372 nec
3164 4317 3456 4372 inﬁrmitas
3483 4319 3686 4383 obstet,

2110 4407 2490 4477 pmnitentiam
2522 4407 2685 4462 faciet
2714 4423 2808 4476 per
2852 4408 3274 4479 eleemosyuam,
3303 4410 3686 4465 abstinentiam

2108 4506 2201 4552 aut
2225 4498 2651 4568 redemptionem
2671 4500 2889 4566 captivi.
2913 4498 2970 4554 Si
2989 4517 3118 4556 vero
3133 4502 3543 4571 opesiujustitia
3569 4517 3689 4571 par.

2111 4597 2178 4645 ta:
2207 4591 2316 4646 sint
2351 4591 2541 4657 alicui,
2573 4593 2928 4647 restitutione
2964 4592 3127 4647 ablati
3149 4595 3351 4663 peccati
3393 4595 3547 4649 venia
3582 4596 3686 4650 im-

2111 4685 2445 4752 petrabitur,
2477 4692 2536 4738 ut
2567 4684 2778 4740 Zachmi
2811 4699 3096 4740 monemur
3123 4687 3392 4751 exemplo,
3427 4689 3518 4756 qui
3543 4688 3682 4742 elee—

2115 4789 2340 4846 mosyna
2381 4775 2613 4829 redemit
2666 4775 2946 4843 iujustitize
2972 4783 3026 4828 et
3059 4776 3298 4830 avaritiae
3347 4786 3579 4830 reatum.
3631 4777 3689 4831 Si

2118 4875 2297 4920 autem
2327 4877 2618 4934 peccatum
2651 4865 3001 4934 blasphemia
3025 4867 3106 4919 vel
3133 4866 3222 4920 Dei
3254 4868 3562 4935 negationis
3589 4868 3688 4922 ali-

2109 4956 2195 5022 cui
2227 4957 2511 5019 acciderit,
2543 4957 2778 5012 assiduis
2807 4966 2959 5011 vacet
2989 4958 3352 5023 orationibus,
3377 4967 3434 5012 ut
3469 4958 3689 5012 miseri-

2107 5047 2348 5102 cordiam
2385 5062 2482 5117 pro
2511 5046 2851 5116 blasphemia
2895 5049 3157 5113 obtineat,
3187 5046 3480 5116 etjugibus
3513 5047 3689 5118 lacry-

2108 5138 2212 5193 mis
2253 5153 2373 5193 eam
2417 5139 2624 5205 abluat,
2655 5142 3094 5211 eteleemosyua,
3130 5148 3188 5194 ut
3236 5139 3490 5193 misereat
3521 5127 3688 5194 Deum

2118 5230 2306 5283 miseri
2363 5229 2550 5298 hujus,
2589 5232 2680 5301 qui
2733 5243 2894 5286 antea
2951 5230 3262 5286 Creatorem
3300 5238 3604 5298 spreverat,
3635 5238 3691 5284 et

2118 5319 2350 5388 denique
2372 5321 2699 5376 abstinentia
2724 5325 2790 5377 ab
2813 5338 2906 5378 esu
2933 5323 3178 5377 carnium
3219 5323 3300 5378 vel
3323 5323 3390 5377 ab
3406 5321 3526 5376 aliis
3555 5335 3694 5391 quo-

2119 5413 2394 5484 quomodo
2421 5415 2670 5483 impuris.
2690 5413 2747 5468 Si
2776 5417 2984 5470 crimen
3006 5413 3227 5486 perjuril
3265 5415 3578 5480 incurrerit,
3609 5412 3692 5466 vel

2119 5509 2402 5566 calumniae
2421 5507 2654 5580 alicujus
2673 5519 2860 5565 contra
2887 5508 3220 5579 proximum,
3248 5506 3328 5563 vel
3366 5501 3692 5578 proditionis
