4064 6204
448 255 551 325 931

1236 258 1617 319 SYMEONIS
1660 257 2410 320 THESSALONICENSIS
2452 261 2807 321 ARCHIEP.

3577 260 3674 324 οδε

450 374 552 428 viri
607 372 885 441 principis,
921 372 1189 427 similibus
1232 374 1593 443 castigaliitur
1658 376 1909 431 remediis
1958 390 2020 429 ac

2123 382 2176 434 τί
2209 399 2354 454 τινος
2378 382 2649 451 εὑρηκὼς,
2686 386 2779 432 καὶ
2811 377 3015 447 μᾶλλον
3046 378 3092 429 εἰ
3126 377 3221 429 καὶ
3250 376 3434 447 ἱντολὴ
3459 379 3672 447 γέγονε·

448 480 577 520 reus
608 465 976 534 blaspbemitc,
1002 466 1163 520 modo
1189 476 1397 522 avertat
1419 484 1477 522 se
1511 469 1670 523 homo
1706 485 1733 523 a
1769 482 2009 538 peccato.

445 557 601 625 Quod
642 557 877 628 primum
928 574 1026 629 pro
1078 574 1237 628 posse
1271 560 1514 615 studebit
1565 575 1745 629 agere,
1778 552 1923 617 sicut
1962 572 2019 617 et

449 652 686 721 primum
711 661 929 717 oportet
966 663 1027 707 ut
1052 654 1290 709 ablatum
1318 656 1504 709 reddat
1553 656 1753 723 injuste
1774 656 2016 710 retinens

448 741 526 794 vel
558 741 697 794 latro
730 742 809 796 vel
846 742 934 796 ille
980 743 1072 811 qui
1125 745 1327 813 aliquid
1360 744 1569 798 invenit
1599 744 1850 805 alterius,
1903 757 2018 795 ma-

444 833 588 887 xime
640 835 685 887 si
729 833 915 903 jussus
964 835 1164 901 fuerit;
1203 846 1255 889 et
1297 837 1443 891 nulla
1501 837 1589 890 liet
1624 836 1880 890 remissio
1910 834 2016 887 nisi

445 921 705 977 reddatur
728 926 1031 993 possessori
1060 926 1259 993 injuste
1284 927 1537 995 spoliato,
1566 927 1650 979 vel
1680 926 1753 979 illi
1776 926 1866 991 qui
1898 940 2019 993 μοι-ς

374 1070 379 1077 ,
442 1012 607 1073 didit,
663 1014 745 1067 vel
795 1029 984 1067 eorum
1032 1014 1161 1069 filiis
1190 1058 1207 1080 ,
1243 1015 1326 1069 vel
1380 1025 1638 1083 crogetur
1691 1014 2017 1084 pauperibus

441 1102 703 1157 tratn'bus
729 1105 955 1160 arbitrio
988 1104 1160 1159 Patris
1184 1106 1518 1175 spiritualis;
1564 1107 1801 1174 denique
1840 1107 1892 1159 iu
1913 1121 2018 1160 cm-

432 1195 575 1268 teris
610 1196 869 1251 omnibus
925 1198 1193 1267 agendum
1240 1208 1327 1253 est
1374 1208 1432 1254 ut
1465 1214 1704 1254 canones
1754 1199 2018 1254 Ecclesiae

435 1289 829 1357 pra-scribunt.
858 1289 988 1344 ideo
1013 1298 1227 1358 oportet
1268 1300 1325 1353 ut
1354 1292 1660 1345 animarum
1694 1292 2017 1360 praepositus

430 1396 533 1435 eos
557 1382 725 1450 probe
756 1392 968 1447 noscat,
1003 1393 1058 1437 et
1087 1398 1180 1438 eos
1208 1383 1272 1437 ad
1298 1386 1507 1453 apicem
1539 1394 1892 1453 exsequatur,
1915 1399 2014 1439 nec

440 1472 693 1527 absolvat
721 1474 1103 1545 inopportune,
1138 1474 1331 1530 laxiori
1363 1476 1573 1531 scilicet
1609 1477 2009 1541 misericordia,

440 1580 563 1634 quas
587 1565 782 1633 perdit,
811 1565 941 1619 dum
966 1580 1075 1620 non
1100 1580 1256 1621 cavet
1310 1577 1369 1621 ut
1431 1568 1832 1636 impensissima
1879 1582 2012 1622 cura

446 1656 816 1711 innocentiam
852 1656 1116 1726 inquirat,
1147 1674 1215 1713 ne
1239 1658 1292 1712 in
1316 1659 1749 1728 desperationem
1780 1659 2007 1713 ittcidat.

440 1742 638 1797 Omnia
675 1744 729 1799 in
771 1745 1009 1813 perfecta
1046 1761 1312 1801 mensura
1366 1757 1495 1801 sunt
1546 1748 1789 1802 facienda
1828 1764 1845 1801 τ
1888 1762 2011 1817 per-

447 1835 589 1890 fecta
623 1845 802 1890 autem
846 1852 1105 1893 mensura
1136 1846 1473 1905 sanctorum,
1504 1856 1601 1910 per
1642 1856 1778 1908 quos
1820 1840 1871 1893 in
1909 1854 2011 1895 nos

444 1936 505 1981 ut
556 1927 757 1982 donum
806 1928 1209 2005 descendit;_et
1240 1931 1293 1983 in
1339 1931 1500 1985 nobis
1534 1932 1676 1996 erit,
1714 1931 2010 1985 dummodo

438 2034 629 2074 eorum
673 2022 923 2090 exempla
971 2023 1125 2091 sequi
1172 2024 1430 2077 nitamur.
1475 2023 1588 2077 Erit
1632 2039 1761 2094 ergo
1803 2025 2009 2094 judicio

438 2120 752 2165 sanctorum
777 2111 1126 2182 indulgentiae
1145 2114 1283 2169 ratio
1303 2128 1427 2182 erga
1452 2129 1549 2169 eos
1569 2116 1659 2183 qui
1684 2115 2007 2170 industriam

436 2204 730 2276 diligenter
780 2206 1015 2261 an‘erent
1046 2248 1059 2269 ,
1093 2218 1147 2263 et
1182 2207 1391 2261 fervide
1414 2208 1752 2277 ptenitentes
1792 2209 1949 2278 longe
1978 2223 2008 2262 a

438 2297 588 2351 malo
619 2298 925 2361 discedent,
958 2297 1199 2366 iudicem
1237 2302 1320 2355 sic
1343 2300 1698 2370 propitiatum
1724 2300 2009 2363 habentes.

435 2388 585 2443 intro
618 2388 889 2458 accipient
927 2392 1335 2451 mercedemad
1358 2407 1668 2446 mensuram
1700 2391 1932 2446 fervoris
1957 2399 2011 2445 et

438 2481 773 2549 paenitentia:
800 2482 867 2536 de
895 2482 1041 2537 bono
1079 2484 1370 2552 promisso.
1404 2482 1527 2538 Uno
1552 2483 1721 2538 verbo
1748 2486 1800 2537 in
1832 2484 2011 2536 omn?-

437 2572 543 2626 bus
566 2572 861 2627 viventium
890 2575 1128 2643 peccatis
1150 2576 1483 2645 praecipuum
1504 2590 1644 2645 opus
1660 2583 1715 2629 et
1738 2575 2009 2631 eliicacius

434 2672 521 2719 est
547 2666 887 2735 captivorum
947 2668 1285 2738 redemptio,
1338 2671 1403 2723 ad
1464 2677 1649 2739 typum
1716 2670 2009 2724 erectionis

433 2758 634 2814 anima:
682 2759 750 2814 ab
786 2760 1064 2830 impietate
1100 2770 1155 2815 et
1186 2776 1215 2815 a
1252 2761 1515 2816 servitute
1560 2759 1808 2830 peccati,
1860 2762 2006 2831 qund

434 2859 524 2905 est
574 2865 604 2905 a
659 2860 836 2907 morte
884 2852 1208 2921 redemptio,
1270 2854 1507 2922 primum
1570 2853 1712 2907 inter
1771 2854 2007 2907 maxima

431 2955 624 3012 opera,
663 2950 718 2996 et
746 2943 925 3013 operit
952 2943 1355 2997 multitudinem
1389 2954 1760 3013 peccatorum,
1787 2953 1846 2998 ut
1874 2944 2009 3000 scri-

2121 476 2217 529 καὶ
2244 474 2398 527 οὐδὲν
2433 474 2587 525 ἔσται
2630 474 2691 524 τὸ
2718 472 2865 530 λύον,
2894 472 2941 522 εἰ
2980 470 3053 537 μὴ
3092 470 3122 537 ἦ
3175 469 3258 538 τῷ
3286 468 3608 536 ἀδικηθέντι,
3646 473 3675 541 ἢ

2117 567 2199 636 τῷ
2233 565 2553 619 ἀπολέσαντι
2588 563 2792 631 ἀποδῷ,
2821 563 2857 632 ἢ
2912 562 3022 622 τοῖς
3061 560 3275 623 τέκνοις
3301 560 3489 624 αὑτοῦ,
3516 563 3547 631 ἢ
3574 565 3677 623 τοῖς

2122 662 2349 729 πένησιν
2378 658 2629 724 ἀδελφοῖς
2678 655 2949 725 διακρίσει
3004 654 3381 723 πνευματικοῦ
3434 653 3673 724 Πατρόςο

2122 750 2218 802 καὶ
2248 752 2303 802 ὲν
2337 752 2451 811 τοῖς
2484 747 2690 809 λοιποῖς
2720 748 2856 800 πᾶσι
2893 749 3089 807 ποιεῖν,
3138 746 3213 809 ὡς
3241 747 3291 798 oi
3322 747 3539 806 κανόνες
3568 746 3675 797 δια-

2124 840 2459 894 κελεύονται.
2492 841 2583 891 Διὸ
2606 839 2711 908 χρὴ
2740 840 2829 891 τὴν
2856 837 3245 904 οίκονομοῦντα
3266 836 3441 905 ψυχὰς
3463 835 3675 898 τούτους

2121 933 2347 997 εἰδέναι,
2380 933 2473 985 καὶ
2497 932 2635 984 κατά
2658 931 2749 983 τὸν
2775 932 2898 997 ὅρον
2943 934 3140 991 ποιεῖν,
3176 929 3273 982 καὶ
3308 930 3444 995 μήτε
3466 927 3677 994 ἀφιὲναε

2119 1026 2385 1093 ἀκαίρως,
2449 1021 2752 1089 συμπαθῶς
2821 1022 3008 1089 δῆθεν,
3062 1022 3145 1073 ὅτι
3211 1019 3491 1080 ἀπόλλυσι,
3556 1017 3673 1086 μήθ’

2117 1116 2470 1185 ύπερὸαίνειν
2518 1114 2681 1183 382
2734 1112 2809 1175 ὡς
2858 1112 3019 1179 δῆθεν
3077 1108 3535 1178 ἑξακριϐούμενον
3584 1109 3674 1160 καὶ

2116 1207 2364 1278 καθαρὸν
2397 1205 2551 1265 ὄντα,
2587 1204 2672 1255 ἵνα
2712 1202 2784 1271 μὴ
2842 1199 3189 1271 παραπέμψει]
3224 1202 3291 1269 τῇ
3341 1195 3669 1263 ἀπόγνωσιν

2114 1304 2172 1354 ἐν
2202 1301 2410 1371 ἀρίστῳ
2443 1298 2498 1351 δὲ
2556 1297 2740 1365 μέτρῳ
2775 1294 2955 1346 πάντα
3008 1298 3183 1345 ποιεῖν
3208 1306 3223 1322 ·
3270 1292 3492 1357 ἄριστον
3530 1289 3584 1342 δὲ
3614 1288 3671 1343 τδ

2114 1394 2224 1445 τῶν
2251 1394 2421 1459 ἁγίων
2446 1407 2460 1419 '
2491 1391 2573 1442 ὅτι
2616 1390 2710 1440 καὶ
2744 1387 2811 1439 δι’
2847 1386 3029 1439 αὐτῶν
3085 1385 3164 1445 είς
3203 1384 3351 1452 ἡμᾶς
3397 1384 3431 1451 ἡ
3478 1380 3668 1447 εωρξῷ

2116 1486 2212 1538 καὶ
2253 1485 2406 1535 ἔσται
2433 1484 2491 1533 ἐν
2521 1482 2676 1548 ἡμῖν,
2707 1480 2758 1531 εί
2804 1478 2873 1530 vi
2908 1476 3141 1530 ἐκείνων
3166 1477 3358 1546 τηρεῖν
3393 1473 3671 1537 σπουδάζο-

2116 1594 2238 1647 μεν.
2291 1578 2489 1630 Ἔσται
2547 1574 2603 1625 δὲ
2662 1570 2783 1623 κατ’
2832 1568 3026 1630 αὐτοὺς
3082 1566 3174 1620 καὶ
3225 1564 3672 1633 συγκαταὸἀσεως

2112 1668 2315 1739 τρόπος
2362 1668 2476 1728 τοῖς
2528 1660 2837 1733 προθυμίαν
2892 1656 3342 1728 ὲνδιικνυμένοις
3381 1659 3474 1710 καὶ
3518 1673 3671 1725 μετα-

2118 1761 2302 1814 νοοῦσι
2330 1756 2553 1827 Θερμῶς
2595 1755 2690 1808 καὶ
2720 1752 2812 1805 τοῦ
2845 1750 3020 1805 κακοῦ
3068 1749 3485 1819 ἀφισταμένοις,
3515 1746 3562 1800 οἶ
3588 1746 3674 1800 καὶ

2118 1854 2214 1907 τὸν
2263 1852 2464 1921 κριτὴν
2494 1848 2788 1909 ἱλεοῦνται,
2821 1846 2916 1899 καὶ
2975 1841 3307 1912 μεταδοῦναι
3340 1839 3547 1902 τούτοις
3586 1837 3672 1890 καὶ

2120 1946 2268 1999 ἔνδον
2298 1942 2391 1995 τοῦ
2420 1941 2728 2010 ὡρισμένου
2760 1936 2853 1990 τοῦ
2886 1935 3095 2003 ἀγαθοῦ
3136 1933 3229 1987 διά
3261 1924 3553 2000 τὸ’Θερμδν
3582 1927 3669 1979 καὶ

2117 2037 2217 2109 τὴν
2243 2035 2558 2107 μετάνοιαν,
2593 2030 2820 2099 ἀγαθόν.
2864 2026 3079 2089 Ἀπλῶς
3101 2026 3157 2079 δὲ
3185 2027 3244 2078 ὲν
3268 2024 3385 2088 τοῖς
3413 2022 3519 2083 τῶν
3544 2020 3668 2081 ζών-

2118 2146 2226 2184 των
2248 2126 2614 2196 ἁμαρτήμασι
2640 2124 2806 2176 πᾶσιν
2836 2121 2870 2190 ἡ
2906 2120 3013 2172 τῶν
3041 2114 3414 2187 αἰχμαλώτων
3442 2113 3666 2182 ἀνάῥρυ-

2118 2240 2204 2281 σις
2261 2217 2640 2291 προτιμοτὲρα
2699 2214 2807 2267 τῶν
2862 2211 3040 2267 ἄλλων
3102 2209 3322 2279 ἔργων’
3359 2208 3444 2260 ὅτι
3470 2204 3671 2274 πρῶτον

2121 2312 2322 2373 παντὸς
2352 2312 2515 2381 ἔργου
2548 2310 2610 2362 τὸ
2656 2308 2837 2377 ψυχὴν
2887 2305 3178 2372 ἐξαγαγεῖν
3220 2304 3333 2357 ἀπὸ
3356 2301 3597 2361 ἀσεϐείας
3616 2313 3671 2351 τε

2118 2401 2212 2454 καὶ
2260 2400 2547 2461 δουλείας·
2581 2398 2611 2452 ὃ
2646 2399 2794 2450 ἐστιν
2824 2396 2889 2448 ὲκ
2929 2394 3171 2448 θανάτου
3214 2393 3508 2461 δξαγαγεῖν
3533 2404 3547 2423 ·
3585 2389 3672 2441 καὶ

2116 2493 2276 2546 τοῦτο
2307 2492 2575 2545 καλύπτει
2634 2488 2838 2557 πλῆθος
2889 2487 3203 2557 ἁμαρτιῶν,
3239 2485 3321 2547 ὡς
3359 2484 3669 2552 γέγραπται.

2122 2588 2357 2639 Ἔπειτα
2409 2582 2749 2653 ἐλεημοσύνη
2808 2582 2859 2633 εί
2924 2580 2997 2649 μὴ
3056 2578 3242 2639 ἱκανὸς
3307 2576 3419 2647 βίος
3478 2572 3562 2643 εἴη
3602 2571 3719 2640 τεῖρ’

2118 2678 2503 2749 ἀμαρτήσαντι
2530 2691 2543 2705 '
2591 2675 2650 2727 ὲν
2688 2673 2859 2745 ταύτῃ
2900 2668 3228 2743 δὲῆόρφανοῦ
3282 2669 3507 2738 πρόνοια
3548 2667 3671 2719 ἀπο-

2120 2770 2389 2841 ρουμένου
2421 2785 2479 2820 τε
2516 2769 2611 2820 καὶ
2639 2766 2881 2835 πτωχοῦ,
2934 2762 3420 2834 προτιμηθήσεται
3447 2759 3658 2829 μᾶλλο-θ’

2118 2859 2237 2916 εἶτα
2294 2859 2670 2914 ἀσθενούντων
2713 2857 2807 2911 καὶ
2852 2857 2961 2909 τῶν
3010 2856 3067 2907 ὲν
3118 2854 3396 2922 φυλακαῖς
3451 2847 3666 2905 καὶτῶν

2115 2952 2326 3005 λοιπῶν
2361 2950 2676 3020 ἐπιμέλεια.
2703 2948 2783 3002 Ta
2824 2946 2935 2999 τῶν
2964 2944 3333 3014 λειτουργιῶν
3358 2943 3413 2995 δὲ
3453 2938 3666 3010 γινέσθω

440 3044 594 3105 ptum
626 3044 711 3090 est
739 3036 779 3092 ί.
820 3034 1025 3091 Deinde
1049 3039 1093 3091 si
1141 3036 1323 3091 minus
1352 3038 1588 3108 copiosa:
1620 3043 1863 3107 peccant!
1894 3036 2009 3091 fue-

2126 3042 2265 3113 μετά
2322 3040 2387 3094 τὸ
2422 3041 2617 3110 στῆναι
2658 3040 2749 3092 τὸν
2788 3037 3095 3090 πταίσαντα
3127 3035 3223 3104 τῆς
3254 3033 3549 3105 ἁμαρτίας,
3582 3027 3670 3082 καὶ

439 3128 549 3182 rint
580 3144 734 3197 opes,
774 3128 1121 3198 eleemosyna
1148 3170 1163 3194 ,
1215 3129 1268 3182 in
1320 3131 1478 3199 cujus
1509 3131 1770 3199 operibus
1819 3129 2011 3198 praeci-

2117 3132 2401 3200 μετανοεῖν
2430 3128 2672 3198 γνησίως
2696 3144 2711 3159 ο
2746 3127 2826 3190 είς
2859 3126 3175 3196 κατάκριμα
3201 3124 3315 3194 γὰρ
3345 3123 3492 3177 ἔσται
3514 3134 3671 3191 προσ·

442 3232 612 3287 puum
636 3218 814 3271 locum
842 3217 1061 3271 obtinet
1087 3216 1318 3286 orpliani
1344 3217 1598 3272 derelicti
1629 3225 1685 3271 et
1716 3216 2010 3283 indigentis

2115 3222 2395 3291 φερομένη
2434 3221 2593 3290 μερὶς
2646 3219 2788 3290 ὑπὲρ
2839 3217 3195 3288 ἐνεργοῦντος
3227 3216 3333 3287 τὴν
3373 3212 3664 3283 ἁμαρτίανο

442 3311 545 3367 soll
568 3308 755 3364 citudo
790 3325 806 3362 :
840 3316 893 3364 et
927 3308 1123 3364 deinde
1149 3308 1486 3363 inllrmorum
1521 3321 1574 3363 et
1592 3309 1645 3363 in
1666 3322 1889 3363 carcere
1917 3306 2013 3363 de-

2117 3315 2215 3367 καὶ
2262 3312 2453 3382 ὥσπερ
2490 3314 2518 3365 6
2546 3310 2819 3364 κοινωνῶν
2872 3309 3103 3373 ἀναξίως
3146 3309 3226 3371 είς
3278 3311 3456 3378 κρῖμα
3505 3299 3667 3370 ἑαυτῷ

438 3410 720 3456 teutorum
745 3416 876 3456 cura
904 3408 962 3455 et
995 3400 1321 3454 consolatio.
1356 3398 1648 3470 Postquam
1674 3410 1855 3455 autem
1885 3414 2013 3470 pec-

2117 3406 2287 3459 ὲσθίει
2323 3407 2419 3458 καὶ
2449 3404 2617 3465 πίνει,
2650 3403 2818 3472 φησιν
2854 3403 2883 3453 6
2917 3400 3153 3463 Παῦλος,
3181 3397 3331 3452 οὕτω
3364 3396 3667 3465 γατάκριμα

436 3498 596 3545 cator
632 3506 661 3543 a
694 3488 934 3559 peccatis
965 3490 1129 3543 fuerit
1161 3497 1387 3544 evectus
1408 3530 1423 3555 ,
1452 3498 1507 3544 et
1534 3488 1697 3560 digne
1737 3490 2008 3560 ptrniten-

438 3583 575 3637 tiam
606 3582 805 3652 egerit,
836 3596 1053 3636 sacrum
1074 3581 1337 3637 oll‘eratur
1376 3580 1745 3646 sacrificium;
1783 3582 1836 3635 in
1877 3596 2013 3637 con-

433 3675 842 3731 demnationem
858 3675 1005 3728 enim
1028 3686 1177 3730 esset
1199 3675 1361 3749 ei'qui
1390 3676 1634 3745 peccavit
1659 3677 2007 3746 participatio

436 3784 605 3824 sacra:
633 3768 928 3823 oblationis
961 3782 977 3821 :
1014 3774 1067 3821 ct
1092 3767 1235 3821 sicut
1260 3767 1355 3837 qui
1388 3768 1757 3823 communicat
1788 3768 2010 3837 indigne

428 3862 698 3930 judicium
730 3861 833 3915 sibi
872 3860 1165 3915 manducat
1190 3868 1243 3914 et
1272 3859 1599 3930 bibit,juxta
1632 3860 1795 3915 verba
1831 3860 2003 3926 Pauli,

436 3954 513 4007 ita
542 3952 1006 4007 condemnabitur
1040 3952 1133 4022 qui
1162 3951 1316 4006 offert
1355 3952 1596 4023 indigne,
1626 3952 1764 4009 festa
1796 3953 1889 4007 Dei
1924 3953 2006 4007 vel

434 4058 751 4102 sanctorum
786 4046 907 4116 ejus
934 4046 1218 4102 celebrans
1238 4046 1370 4117 quin
1397 4046 1699 4101 deseruerit
1722 4054 2004 4115 peccatum

431 4150 487 4194 et
511 4138 821 4207 resipucrit.
848 4137 1078 4205 Sacrum
1099 4147 1282 4192 autem
1311 4137 1488 4192 oleum
1527 4136 1669 4191 inter
1688 4147 1893 4207 septem
1918 4150 2008 4191 sa-

424 4239 714 4285 cramenta
755 4230 1105 4285 utilissimum
1150 4236 1210 4284 ut
1251 4230 1316 4283 ad
1365 4228 1879 4292 sanctiﬁcationem,
1909 4241 2007 4295 pro

2114 3496 2230 3563 ἔξει
2262 3498 2356 3549 καὶ
2395 3496 2426 3546 6
2459 3495 2786 3565 προσφέρων
2820 3490 3078 3557 ἀναξίως,
3131 3491 3190 3543 ὲν
3219 3488 3305 3560 τῷ
3344 3489 3418 3558 μὴ
3452 3487 3665 3555 ἀφίστα-

2115 3590 2240 3643 σθαι
2270 3588 2369 3655 τῆς
2401 3586 2697 3656 ἁμαρτίας,
2731 3584 2763 3653 ἢ
2798 3584 2894 3636 καὶ
2945 3582 3143 3654 ἑορτὴν
3193 3585 3376 3636 ποιεῖν
3406 3580 3479 3650 τῷ
3503 3574 3664 3645 Θεῷἢ

2113 3683 2227 3742 τοῖς
2262 3679 2439 3745 ἁγίοις
2469 3676 2658 3729 αὐτοῦ.
2689 3676 2762 3727 Τὸ
2793 3674 2848 3727 δέ
2878 3691 2943 3743 γε
2990 3673 3276 3741 εύχέλαιον
3317 3668 3667 3738 ἀναγκαιότα-

2114 3788 2207 3824 τον
2242 3769 2319 3832 ὡς
2352 3768 2473 3839 ίερᾶι
2528 3767 2721 3835 τελετὴ
2747 3766 2842 3818 καὶ
2870 3764 2976 3817 τῶν
3009 3763 3153 3817 ἔτιτά
3194 3762 3512 3832 μυστηρίων
3539 3756 3666 3825 ύπέρ

2110 3880 2171 3916 τε
2195 3861 2646 3935 ἀρρωστούντων,
2670 3859 2745 3922 ὡς
2775 3856 3180 3925 παρελάϐομεν,
3209 3856 3309 3909 καὶ
3333 3856 3470 3923 ὑπὲρ
3489 3847 3663 3904 πιστοῦ

2112 3953 2313 4015 παντὸς
2352 3951 2683 4024 βουλομένου
2738 3947 3057 4019 προσελθεῖν
3113 3949 3229 4011 τοῖς
3279 3945 3527 4019 φρικτοῖς
3577 3958 3668 4009 μυ·

2113 4047 2380 4116 στηρίοις,
2420 4043 2621 4111 μᾶλλον
2644 4040 2701 4095 δὲ
2728 4042 2822 4094 καὶ
2860 4040 3004 4109 ὑπὲρ
3044 4038 3244 4100 παντὸς
3271 4030 3668 4108 περιπεπτωκό-

2111 4155 2202 4200 τος
2258 4136 2647 4205 ἁμαρτήμασι.
2708 4133 2803 4185 καὶ
2864 4130 2958 4184 τὸν
3012 4129 3212 4183 κανόνα
3260 4128 3363 4199 τῆς
3392 4121 3666 4196 μετανοίας

2112 4228 2484 4292 τετελεκότος,
2524 4228 2619 4280 καὶ
2660 4225 2797 4295 πρὸς
2829 4223 2892 4277 τὸ
2952 4221 3286 4290 κοινωνῆσαι
3341 4216 3663 4274 σπεύδοντος.

438 4322 695 4388 inﬁrmis,
729 4331 788 4378 ιιι
822 4322 1081 4376 traditum
1117 4330 1201 4376 est
1229 4320 1413 4387 nobis,
1444 4330 1499 4376 et
1548 4336 1646 4391 pro
1683 4322 1833 4375 omni
1862 4318 2007 4373 fideli

2115 4324 2320 4378 ἔνδοσιν
2344 4324 2494 4390 παρά
2523 4320 2618 4374 τοῦ
2648 4319 2861 4390 Πατρὸς
2899 4316 3183 4387 εἰληφότος
3210 4330 3226 4348 ⁶
3274 4314 3473 4385 ἀφίησι
3506 4310 3608 4380 γὰρ
3634 4308 3665 4377 ἡ

426 4416 531 4484 qui
568 4413 781 4468 accedit
814 4414 881 4465 ad
903 4412 1232 4477 celebranda
1263 4411 1546 4468 tremenda
1579 4412 1860 4482 mysteria,
1888 4423 2003 4464 ma-

426 4508 579 4563 xime
607 4519 732 4559 cum
767 4503 1005 4573 peccatis
1034 4501 1372 4567 cumulatus,
1403 4516 1638 4557 canones
1666 4501 2003 4571 parnitentia:

428 4586 773 4665 adimplevit,
804 4593 1181 4648 remissionem
1203 4609 1235 4648 a
1264 4591 1431 4649 Patre
1450 4594 1663 4663 accepit
1686 4602 1738 4646 et
1761 4594 1826 4647 ad
1850 4608 2006 4647 com—

428 4690 752 4743 munionem
786 4695 1043 4757 properat
1073 4702 1088 4740 :
1123 4697 1318 4759 purgat
1361 4687 1504 4741 enim
1554 4694 1777 4757 peccata
1808 4696 2005 4740 conse-

418 4782 607 4834 cratio
630 4790 682 4834 et
711 4781 899 4835 unctio
931 4782 1105 4835 sancti
1133 4784 1261 4845 olei,
1292 4790 1349 4835 ut
1375 4780 1567 4835 scribit
1594 4780 1763 4833 frater
1790 4777 2003 4834 Domini

427 4874 747 4941 apostolus,
778 4884 831 4925 et
858 4874 925 4927 ad
958 4876 1056 4928 hoc
1077 4884 1414 4928 concurrunt
1444 4874 1721 4927 orationes
1745 4870 2005 4925 sacerdo-

425 4979 568 5019 tum.
626 4963 855 5019 Mortuis
912 4980 1041 5019 veto
1096 4968 1331 5019 maxime
1387 4965 1687 5034 proﬁcuum
1740 4974 1825 5019 est
1879 4973 2005 5020 ante

418 5056 614 5109 lcitlmiil
638 5056 969 5109 sacriﬁcium
1003 5056 1212 5123 altaris,
1230 5066 1422 5110 caetera
1448 5063 1628 5108 autem
1655 5054 1999 5117 sccundaria,

420 5146 556 5214 quia
590 5156 715 5215 post
748 5155 980 5200 mortem
1019 5146 1181 5199 homo
1214 5158 1391 5201 crs~at
1422 5161 1451 5199 a
1487 5147 1744 5215 peccatis,
1765 5155 1819 5200 et
1843 5145 2004 5198 Chri-

428 5249 524 5288 610
560 5237 931 5290 communicat
966 5252 1062 5305 per
1093 5237 1445 5302 sacriﬁcium,
1476 5246 1640 5306 atque
1674 5237 1823 5291 enini
1868 5252 2002 5304 gau-

430 5328 534 5381 dio
583 5337 638 5381 et
674 5331 851 5397 gratia
881 5329 1094 5383 caelesti
1141 5329 1387 5398 repletur
1432 5339 1483 5381 el
1524 5330 1592 5381 ab
1620 5330 1768 5382 omni
1818 5327 2006 5382 dolore

437 5417 727 5470 teditnitur
754 5418 939 5472 divina
972 5418 1361 5473 misericordia.
1388 5418 1526 5473 Ante
1539 5419 1724 5474 omnia
1747 5433 1879 5491 ergo
1907 5433 2005 5489 pro

425 5523 497 5563 eo
526 5506 785 5562 oﬂ‘eratur
820 5511 1163 5577 saciticium;
1198 5512 1245 5569 si
1289 5514 1483 5567 deinde
1500 5513 1555 5568 ei
1591 5516 1664 5568 sit
1708 5514 1861 5582 copia
1898 5514 2006 5566 fur-

507 5686 530 5717 ¹
562 5681 724 5738 Prov.
762 5699 816 5750 ς,
854 5688 940 5740 12.

2113 4417 2210 4471 τοῦ
2264 4418 2423 4484 ἁγίου
2481 4413 2665 4468 ελαίου
2728 4412 2853 4483 ἱερά
2907 4410 3103 4480 τελετή
3137 4426 3198 4463 τε
3250 4409 3359 4463 καῖ’
3396 4406 3570 4478 χρίσις
3604 4399 3666 4453 τά

2117 4510 2518 4581 ἁμαρτήματα,
2544 4508 2620 4570 ὡς
2652 4508 2681 4561 6
2726 4504 3073 4575 Ἀδελφόθεος
3105 4505 3345 4574 γράφει·
3374 4498 3467 4553 καὶ
3505 4496 3558 4550 al
3585 4492 3665 4547 εύ-

2110 4606 2206 4675 χαὶ
2259 4603 2396 4673 πρὸς
2427 4601 2589 4653 τοῦτο
2627 4597 2943 4652 συντελοῦσι
2973 4596 3083 4650 τῶν
3125 4596 3337 4666 ἱερέων.
3365 4593 3487 4653 Τοῖς
3510 4587 3567 4642 δὲ
3593 4600 3668 4639 κε-

2112 4713 2281 4766 κοιμη
2292 4694 2472 4762 μένοις
2495 4691 2923 4759 λυσιτελεστάτη
2951 4687 3057 4757 πρὸ
3080 4686 3279 4749 παντὸς
3308 4688 3341 4755 ἡ
3365 4678 3661 4753 ἱερουργίαο

2109 4788 2177 4841 τὰ
2206 4790 2262 4840 δὲ
2293 4785 2455 4838 λοιπά
2489 4785 2757 4853 δεύτερα·
2782 4784 2863 4836 ὅτι
2910 4781 3189 4834 πέπαυται
3224 4778 3323 4849 μὲν
3343 4781 3370 4829 ὁ
3394 4774 3664 4842 ἄνθρωπος

2111 4880 2218 4932 ἀπο
2251 4878 2529 4947 ἁμαρτίας
2555 4874 2868 4936 ἀποθανὼν,
2905 4873 3154 4926 κοινωνεῖ
3174 4870 3231 4922 δὲ
3261 4868 3348 4923 διὰ
3372 4866 3465 4935 τῆς
3489 4859 3662 4921 Θυσίας

2113 4967 2334 5037 Χριστῷ
2367 4967 2465 5019 καὶ
2500 4966 2843 5034 εὐφροσύνης
2889 4963 3041 5023 Θείας
3079 4960 3176 5013 καὶ
3221 4960 3441 5029 χάριτος
3476 4949 3665 5015 ἐκπλη-

2114 5060 2327 5131 ροῦται,
2385 5058 2478 5111 καὶ
2528 5058 2708 5125 πάσης
2740 5054 3100 5124 ὲκλυτροῦται
3130 5053 3325 5117 ὀδύνης
3359 5048 3488 5117 Osqu
3515 5042 3658 5097 ἐλέει.

2113 5154 2225 5224 Πρὸ
2254 5152 2474 5205 πάντων
2502 5145 2594 5202 οὖν
2628 5149 2771 5217 ὑπὲρ
2811 5147 2978 5201 αὑτοῦ
3014 5147 3083 5200 τὰ
3116 5146 3214 5215 τῆς
3252 5139 3562 5213 ίερουργίας
3584 5149 3663 5185 τεο

2110 5244 2309 5297 λείσοω
2340 5258 2353 5270 ο
2396 5241 2590 5294 ἔπειτα
2639 5242 2689 5293 εί
2748 5239 2861 5309 βίος
2900 5239 3049 5292 ἐστὶν
3104 5236 3272 5306 αὐτῷ,
3307 5232 3535 5301 γινέσθω
3580 5224 3663 5279 καὶ

2108 5332 2381 5401 λύτρωσις
2406 5328 2787 5397 αἰχμαλώτων,
2818 5329 2913 5383 καὶ
2943 5325 3305 5397 ἐλεημοσύναι
3330 5324 3442 5384 τοῖς
3463 5320 3659 5383 πένησι,

2112 5426 2205 5477 καὶ
2236 5423 2524 5490 οἱκοδομαὶ
2585 5421 2746 5473 θείων
2776 5421 2967 5486 οἴκων,
2999 5420 3095 5472 καὶ
3123 5415 3285 5471 λοιπά
3322 5413 3483 5483 ἕτερα
3532 5405 3657 5477 πρὸς

2116 5512 2392 5585 σωτηρίαν
2416 5509 2580 5564 αὑτοῦ
2613 5511 2977 5563 συντείνοντα.
3005 5530 3017 5551 υ
