4064 6204
420 296 526 357 εει
1060 262 1065 268 ’
1145 304 1535 371 RESPONSA
1572 313 1673 375 AD
1704 313 1958 380 GABRI]

2058 321 2147 383 ΞΜ
2179 323 2867 387 PENTAPOLITANUM
3550 320 3655 388 93!

419 419 584 475 tuna,
619 425 940 494 procuretur
986 417 1288 490 redemptio
1327 426 1688 496 captivorum,
1761 439 1814 486 et
1848 432 2215 506 eleemosynze
2240 439 2567 508 pauperilms
2602 447 2914 512 erogentur,
2980 445 3031 493 et
3102 436 3297 493 domus
3344 436 3441 493 Dei
3487 438 3656 494 aedifi-

416 510 611 557 centur
635 515 691 561 et
734 508 919 565 omnia
946 520 1135 566 caetera
1176 514 1310 570 fiant
1339 519 1551 587 quaead
1592 522 1822 579 salutem
1863 524 1983 594 ejus
2023 527 2274 585 conferre
2305 542 2563 600 possunt.
2705 508 2723 511 ν
2841 508 2855 512 ⁷
2917 534 2921 537 “

956 627 1294 685 sparum:
1320 636 1440 689 Ol".
2012 628 2059 682 Α

426 740 903 820 Ὀφείλορσιγᾳοι
956 750 1351 820 πνευματικοὶ
1415 754 1674 820 Πατέρες
1708 757 1985 812 ἀπαιτεῖν

487 812 584 891 τὰ,
614 810 723 891 τῆς
772 810 1219 891 ἐλεημοσύιλης,
1283 817 1437 874 ὥστε
1482 810 1666 876 αὐτοί
1707 810 1983 891 derideat,-

488 883 589 969 παῖ
645 885 698 934 εὶ
734 882 1168 969 λαμϐάνοντες
1205 882 1744 961 παρακατέχουσι,
1808 895 1870 948 τί
1912 882 1983 952 ἐπὶ

487 966 704 1006 τουτου
726 968 746 1016 ;

498 1062 561 1118 Ὀ
592 1068 964 1136 πνευματικὸς
1002 1069 1191 1124 Πατὴο
1245 1070 1345 1126 οὐκ
1376 1072 1534 1138 αὐτὸς
1557 1075 1766 1144 ὀφείλει
1796 1077 1982 1149 ζητεῖν

418 1157 485 1211 τὰ
515 1156 769 1225 διδόμενα
799 1161 879 1223 είς
901 1162 1276 1234 ἐλεημοσύνην
1303 1164 1621 1235 λαμϐάνειν,
1658 1167 1745 1221 ῖνα
1777 1170 1853 1238 μὴ
1883 1170 1979 1224 καὶ

417 1249 607 1319 μῶμον
640 1249 817 1321 ἐαυτῷ
847 1254 941 1305 καὶ
977 1254 1272 1309 σκάνδαλον
1301 1259 1415 1320 τοῖς
1468 1258 1721 1329 ἀδελφοῖς
1778 1263 1980 1330 προξε-

412 1344 574 1413 νήσῃ,
609 1342 725 1395 ἀλλ’
748 1342 803 1395 ετ
822 1360 886 1412 γε
919 1344 1064 1399 θέλει
1098 1348 1191 1401 καὶ
1221 1352 1581 1419 σωτηριωδῶς
1604 1353 1851 1423 ἐνεργεῖν
1881 1356 1978 1409 καὶ

411 1434 712 1500 ἐπωφελῶς
746 1438 861 1498 τοῖς
898 1441 1383 1510 προσερχομένοις,
1432 1444 1791 1513 προτρεπέτω
1815 1447 1976 1515 μόνον

412 1526 502 1578 καὶ
537 1526 874 1590 κανονιξέτω
922 1531 1097 1583 ποιεῖν
1124 1545 1139 1561 ο
1204 1532 1367 1596 αὐτὸς
1397 1532 1452 1585 δὲ
1492 1535 1659 1604 μηδὲν
1708 1536 1976 1605 λαμϐανέ-

326 1618 331 1621 ’
406 1631 519 1669 τωο
557 1616 632 1680 ὡς
661 1616 812 1686 παρὰ
844 1618 1117 1674 πλείστων
1174 1622 1345 1691 ἁγίων
1373 1624 1531 1677 τοῦτο
1563 1628 1975 1693 σπουδαζόντων

406 1709 469 1760 τὸ
508 1710 583 1779 μὴ
627 1710 927 1779 λαμϐάνειν
975 1712 1278 1783 ἐμάθομεν.
1309 1717 1481 1770 Τοῦτο
1523 1718 1578 1771 δέ
1630 1720 1724 1773 καὶ
1766 1723 1975 1787 Παῦλος

406 1800 601 1864 ἐποίει,
645 1802 852 1871 μηδένα
907 1804 1177 1877 βαρύνων,
1229 1810 1367 1880 μηδέ
1415 1810 1733 1880 λαμϐάνων,
1776 1816 1826 1868 εί
1878 1816 1974 1869 καὶ

403 1892 545 1960 ὑπὲρ
590 1892 697 1946 τῶν
728 1896 785 1948 ἐν
832 1896 1225 1974 Ἰεροσολύμοις
1271 1905 1517 1973 πενήτων
1550 1905 1795 1975 ἀδελφῶν
1829 1923 1971 1976 παρ⁸

2574 648 2902 716 QU/ESTIO
2926 646 3163 703 LXXIII.

2083 762 2223 817 Num
2258 765 2477 819 debeant
2506 764 2695 820 Patres
2732 765 3143 833 cnnfessionarii
3178 763 3528 834 eleemoaynas
3552 781 3651 835 po-

2152 835 2374 907 stufare,
2405 846 2460 887 ut
2487 837 2587 903 ipsi
2613 835 3097 907 easidistribuant.’
3122 844 3278 903 atque
3302 837 3348 889 εἰ
3382 838 3650 907 accipiant

2153 903 2506 975 Izabeautque,
2536 907 2663 975 quid
2686 905 2795 959 illis
2827 904 3126 974 agendum!

2162 1080 2472 1151 Spiritualis
2530 1081 2691 1138 Pater
2767 1098 2873 1137 non
2940 1083 3102 1139 debet
3172 1084 3288 1154 ipse
3372 1074 3647 1156 postulare

2079 1172 2221 1227 dona
2279 1189 2401 1242 quas
2440 1176 2494 1228 in
2543 1176 2941 1247 eieemosynam
3007 1178 3310 1246 praestanda
3375 1191 3524 1247 sunt,
3577 1198 3647 1236 ne

2078 1264 2451 1320 confusionem
2474 1277 2529 1322 et
2564 1268 2887 1335 vituperium
2918 1269 3186 1335 incurrat,
3222 1271 3349 1325 dum
3383 1271 3645 1329 fratribus

2078 1358 2389 1411 scandalum
2415 1358 2609 1425 affert;
2641 1360 2734 1413 sed
2763 1360 2805 1413 si
2836 1361 2935 1429 ipsi
2968 1377 3097 1417 cura
3121 1364 3189 1417 sit
3219 1378 3318 1433 pro
3348 1365 3523 1420 salute
3548 1380 3645 1420 sua

2077 1455 2133 1502 et
2164 1463 2262 1517 pro
2300 1450 2674 1505 accedentium
2706 1452 2938 1507 utilitate
2971 1468 3153 1521 agere,
3198 1455 3447 1509 hortetur
3467 1457 3643 1510 solum

2080 1547 2137 1593 ut
2168 1538 2392 1604 faciant,
2415 1549 2471 1596 et
2504 1544 2740 1612 regulam
2782 1543 3017 1600 faciendi
3051 1546 3264 1611 tradat;
3306 1546 3420 1614 ipse
3464 1561 3644 1602 autem

2079 1630 2306 1685 minime
2362 1632 2571 1701 aliquid
2625 1636 2867 1703 accipiat
2900 1654 2914 1689 :
2946 1636 3019 1690 ita
3067 1637 3330 1691 docemur
3375 1654 3404 1691 a
3460 1639 3643 1695 multis

2074 1721 2276 1775 sanctis
2306 1721 2500 1788 quibus
2532 1738 2742 1777 summa
2778 1724 2876 1777 fuit
2908 1742 3035 1779 cura
3083 1737 3141 1779 ut
3169 1743 3277 1781 non
3304 1728 3640 1796 acciperent.

2074 1807 2151 1863 Ita
2183 1809 2418 1865 faciebat
2448 1812 2668 1879 Paulus,
2697 1814 2969 1869 neminem
3005 1830 3277 1884 premens,
3304 1832 3359 1872 et
3384 1819 3516 1871 nihil
3544 1835 3643 1888 pro

2073 1916 2131 1957 se
2160 1904 2452 1971 accipiens,
2491 1906 2738 1973 quamvis
2764 1908 2922 1960 enixe
2959 1917 3231 1979 satageret
3269 1910 3642 1980 elccntosynas

404 1990 572 2041 εκίνει
606 2006 665 2041 τε
714 1990 807 2049 καὶ
860 1993 1208 2050 ἀπέστελλεν.
1258 1996 1725 2066 Ἀναγκαζόμενος
1777 1999 1834 2052 δέ
1888 2016 1958 2061 τις

2077 1994 2409 2062 pauperibus
2443 1994 2703 2048 fratribus
2734 1997 2825 2064 qui
2870 2007 3029 2050 erant
3063 2000 3116 2051 in
3156 1996 3452 2053 Jerusalem
3489 2002 3638 2055 colli-

401 2082 587 2137 λαϐεῖν
619 2084 724 2137 ἀπὸ
756 2084 993 2149 πίστεως
1035 2088 1129 2141 τοῦ
1158 2088 1415 2153 διδόντος,
1450 2090 1611 2143 πάλιν
1642 2092 1723 2154 είς
1760 2091 1864 2159 πλη
1877 2108 1968 2159 ρο-

404 2174 602 2243 φορίαν
627 2173 840 2241 τούτου,
882 2175 1022 2243 μετὰ
1067 2176 1163 2229 καὶ
1199 2178 1457 2245 γνώσεως
1508 2180 1674 2235 αὐτοῦ
1705 2181 1802 2235 καὶ
1825 2182 1969 2252 εἰδή-

402 2280 539 2325 σεως
560 2265 629 2319 τά
664 2266 804 2335 ὑπὲρ
833 2266 1001 2320 αὐτοῦ
1029 2270 1276 2333 ποιείτω,
1312 2269 1400 2322 ἴνα
1443 2270 1517 2341 μὴ
1557 2272 1821 2341 διχόνοιαν
1846 2275 1965 2347 ἔχῃ.

403 2353 463 2406 EI
503 2351 598 2408 οῦν
648 2355 853 2425 ίερεὺς,
891 2355 1217 2426 λαμϐάνετω
1262 2358 1375 2433 ,καὶ
1430 2358 1593 2421 αὐτὸς
1624 2360 1699 2423 ὡς
1746 2362 1963 2431 ἱερεύς·

398 2446 494 2500 καὶ
525 2447 746 2516 ἐτέρους
783 2446 840 2499 δέ
874 2434 1315 2517 προσκαλείσθω,
1356 2448 1451 2502 καὶ
1488 2449 1561 2520 μὴ
1596 2451 1722 2514 τοὺς
1752 2453 1963 2519 φίλους,

397 2540 533 2594 ἀλλὰ
556 2541 681 2603 τοῦς
715 2540 907 2603 ἐνδεῶς
933 2539 1158 2610 ἔχοντας
1205 2541 1429 2608 μᾶλλον,
1455 2544 1550 2595 καὶ
1590 2543 1717 2606 τοὺς
1746 2544 1967 2599 εὐλαϐε-

398 2633 650 2703 στέρους.
682 2634 741 2685 Ei
771 2632 829 2685 δέ
861 2632 1025 2703 τυχὸν
1056 2631 1296 2701 ίδιὼτης,
1344 2634 1512 2703 μηδὲν
1533 2634 1641 2689 ἀπὸ
1675 2637 1782 2690 τῶν
1805 2639 1966 2709 χάριν

396 2721 756 2792 λειτουργιῶν
821 2722 1120 2791 διδομένων
1188 2721 1553 2792 λαμϐανέτω·
1624 2726 1706 2779 ὅτι
1775 2726 1967 2797 ἱερέων

395 2812 594 2879 ταῦτα,
625 2813 718 2866 καὶ
767 2813 973 2883 ἱερεῦσι
1021 2814 1344 2883 διανεμέτω.
1395 2814 1526 2867 Ἀπὸ
1559 2814 1616 2867 δέ
1681 2816 1789 2868 τῶν
1833 2816 1965 2870 διδοε⁵

397 2902 574 2970 μένων
632 2904 829 2972 μοῖραν
883 2901 1045 2972 χάριν
1107 2902 1292 2965 ἐλέους
1327 2902 1495 2971 ἐχέτω
1541 2892 1634 2956 καὶ
1679 2903 1841 2966 αὐτὸς
1875 2920 1967 2956 κο-

392 2992 536 3045 πιῶν
596 2992 665 3046 τά
722 2995 823 3063 τῆς
879 2993 1067 3065 χρείας
1114 2993 1429 3063 μεταδιδοὺς
1491 2993 1586 3047 καὶ
1645 2995 1757 3059 τοῖς
1793 2994 1965 3065 πένη-

391 3099 496 3137 σιν.

807 3196 977 3268 363
1023 3195 1375 3250 ΕΡοτΗΣιΣ
1404 3197 1527 3252 οΔσ.

402 3305 468 3363 ’0
518 3307 713 3381 ίερειξς
756 3309 1133 3381 λειτουργίας
1166 3301 1509 3381 ,δεχόμενος
1561 3312 1661 3365 καί
1706 3312 1791 3381 μὴ

457 3378 742 3447 τουργῶν.
790 3379 847 3431 τί
898 3380 1185 3445 προξενεῖ
1228 3380 1308 3446 τῷ
1361 3379 1590 3433 διδόντι
1604 3397 1627 3447 ;
1669 3378 1861 3437 καίει
1892 3384 1960 3438 ἐν

463 3451 650 3515 τούτῳ
686 3448 978 3518 ἐνέχεται.

470 3629 530 3682 '0
574 3630 758 3683 λαϐὼν
813 3630 971 3700 χάριν
1021 3628 1388 3698 λειτουργίας,
1444 3632 1540 3683 καὶ
1579 3630 1654 3701 μὴ
1705 3632 1957 3699 ποιήσας,

386 3720 631 3793 ἐνέχεται
657 3720 754 3774 καλ
780 3720 868 3773 διὰ
897 3720 957 3773 τὸ
996 3720 1070 3790 μὴ
1100 3720 1348 3790 ποιῆσαι,
1381 3719 1475 3773 καὶ
1512 3719 1603 3772 διὰ
1632 3721 1693 3773 τὸ
1724 3721 1959 3773 ἀποστε-

392 3811 556 3882 ρῆσαι
599 3811 695 3864 τοῦ
749 3809 1024 3880 ἁγιασμοῦ
1079 3810 1170 3865 τὸν
1219 3810 1679 3880 προσενεγκόντα.
1730 3809 1807 3865 Οὐ
1847 3810 1955 3880 γὰρ

384 3902 729 3970 λειτουργίας
753 3902 1023 3972 λαμϐάνει
1065 3902 1367 3971 άγιασμδν,
1401 3899 1519 3954 ἀλλ’
1553 3901 1685 3962 ῐσως
1715 3900 1952 3969 ἐλεημο-

385 3994 552 4061 σύνης
582 3992 799 4061 μισθόνο
824 3993 915 4046 καὶ
938 3992 1000 4044 οὐ
1021 3991 1295 4057 τοσοῦτον,
1321 3987 1433 4045 οἷον
1450 3992 1499 4044 εί
1515 3991 1715 4045 δέδωκε
1734 3978 1952 4063 πένητι.

382 4084 475 4137 Διὸ
504 4086 611 4147 πᾶς
647 4087 675 4138 ὁ
716 4084 897 4137 λαϐὼν
928 4082 1334 4153 λειτουργείτω,
1370 4082 1458 4136 ῖνα
1489 4081 1566 4152 μὴ
1607 4082 1701 4136 καὶ
1725 4081 1801 4145 ὡς
1835 4082 1953 4137 ἀδι-

381 4174 516 4237 κῶν,
558 4175 655 4227 καὶ
692 4173 768 4236 ὡς
798 4173 1066 4238 κλέπτων,
1107 4174 1203 4225 καὶ
1238 4172 1330 4224 τὸν
1374 4169 1604 4241 ἀδελφὸν
1629 4172 1955 4244 ἀποστερῶν

378 4265 473 4319 τοῦ
495 4264 793 4336 ἁγιασμοῦ,
828 4263 1192 4334 κατακριθείη
1219 4263 1372 4331 παρὰ
1400 4261 1560 4316 Θεοῦ.

909 4354 1250 4409 ΕΡΩἸἩΣΙΣ
1290 4351 1412 4407 OE'.

606 4445 758 4499 Ποία
784 4446 1069 4512 κρείττων
1104 4444 1491 4513 ἐλεημοσύνη
1522 4443 1736 4512 ἐστίν;

459 4530 518 4583 '0
551 4532 872 4602 βουλόμενος
897 4533 1073 4586 ποιεῖν
1093 4531 1483 4603 ἐλεημοσύνην,
1510 4536 1558 4589 ει
1587 4535 1808 4591 δύναται
1837 4534 1945 4610 πρῖε

2067 2097 2214 2151 gere,
2254 2098 2389 2151 quas
2420 2082 2652 2138 fideliter
2684 2086 2951 2140 mittebat.
2984 2086 3039 2140 Si
3076 2088 3201 2155 quis
3236 2104 3363 2142 vero
3393 2092 3637 2159 compul-

2068 2185 2160 2224 sus
2179 2171 2337 2225 fuerit
2354 2171 2423 2226 ab
2438 2172 2698 2228 offerente
2720 2174 2862 2229 fideli
2881 2177 3152 2246 accipere,
3177 2178 3313 2231 nihil
3338 2180 3554 2234 haesitet
3579 2189 3636 2234 et.

2069 2261 2304 2317 vicissim
2330 2256 2427 2333 pro
2461 2264 2551 2318 tali
2585 2281 2781 2320 munus
2810 2283 2966 2321 suum
2994 2268 3288 2337 adimpleat
3336 2284 3459 2323 cum
3483 2270 3634 2325 omni

2068 2353 2289 2409 scientia
2321 2366 2373 2410 et
2401 2357 2709 2421 sedulitate,
2735 2373 2802 2412 ne
2825 2358 3092 2413 dissensio
3116 2360 3343 2414 oriatur.
3405 2360 3461 2415 Si
3512 2361 3634 2416 fue-

2069 2445 2138 2500 rit
2164 2447 2439 2515 sacerdos,
2473 2448 2705 2519 accipiat
2737 2460 2792 2505 et
2849 2450 2962 2519 ipse
3014 2459 3075 2505 ut
3118 2450 3395 2517 sacerdos,
3436 2452 3634 2507 deinde

2067 2535 2203 2590 alios
2234 2548 2514 2604 convocet,
2544 2554 2650 2594 non
2677 2541 2907 2605 amicos,
2946 2542 3042 2597 sed
3077 2554 3304 2614 egentes
3335 2552 3390 2597 et
3419 2543 3634 2611 sapien-

2071 2626 2254 2680 tiores.
2290 2626 2347 2681 Si
2380 2644 2507 2682 vero
2548 2628 2684 2684 forte
2707 2630 3299 2700 fueritprivatus,nihil
3322 2632 3631 2688 oblatorum

2066 2723 2291 2785 propter
2337 2716 2591 2771 sacrificii
2626 2720 2897 2789 meritum_
2919 2720 3155 2789 accipiat
3191 2720 3318 2785 sibi,
3347 2723 3473 2791 quia
3514 2723 3630 2777 haec

2067 2806 2413 2860 sacerdotum
2471 2817 2601 2862 sunt
2645 2826 2659 2863 :
2711 2811 2999 2865 distribuat
3035 2826 3166 2882 ergo
3214 2813 3626 2879 sacerdotibus;

2067 2896 2164 2950 sed
2197 2898 2310 2964 ipse
2336 2896 2520 2953 labore
2550 2900 2768 2954 functus
2798 2910 3007 2968 partem
3047 2902 3240 2956 habeat
3278 2914 3497 2974 propter
3528 2905 3630 2959 mi-

2066 2987 2443 3053 sericordiam,
2476 2999 2531 3045 et
2559 2993 2890 3062 pauperibus
2913 3009 3130 3065 quoque
3163 2996 3476 3052 meminerit
3502 3012 3628 3052 eroo

2067 3094 2216 3150 gare.

2546 3194 2878 3261 QUIESTIO
2908 3198 3141 3255 LXXIV.

1839 3316 1959 3368 λει-
1981 3299 2030 3367 C
2061 3302 2322 3359 Sacerdos
2365 3305 2637 3380 liturgiam
2668 3308 3031 3364 celebrandam
3066 3312 3119 3364 in
3159 3325 3216 3364 se
3252 3312 3538 3380 suscipiens
3577 3317 3624 3370 si

2136 3391 2253 3454 eam
2277 3392 2400 3454 _non
2434 3376 2678 3454 celebret.
2711 3380 2836 3454 quid
2877 3383 3043 3447 prosit
3084 3382 3131 3454 ei
3165 3381 3255 3454 qui
3293 3376 3513 3454 pro-illa
3542 3387 3626 3454 fa.

2133 3444 2323 3497 eienda
2361 3446 2554 3499 donum
2583 3444 2796 3513 obtulit,
2835 3444 2885 3503 ei
2914 3466 3039 3503 nam
3061 3452 3131 3503 ad
3159 3444 3309 3505 illam
3334 3444 3625 3510 obeundam

2125 3512 2193 3564 sit
2224 3513 2503 3581 obligatus.

2128 3621 2229 3687 Qui
2259 3624 2469 3692 accepit
2504 3624 2559 3678 in
2597 3625 2828 3695 gratiam
2871 3629 3155 3698 sacrificii,
3186 3631 3231 3684 si
3261 3632 3363 3688 hoc
3386 3649 3497 3689 non
3527 3638 3625 3693 ad»-

2057 3711 2301 3781 impleat,
2340 3729 2464 3768 vere
2513 3731 2640 3769 reus
2694 3720 2951 3787 estquod
2982 3734 3092 3774 non
3124 3722 3504 3789 satisfecerit,
3563 3735 3622 3784 et

2055 3803 2201 3875 quod
2234 3804 2556 3859 offerentem
2591 3805 2769 3859 fructu
2798 3816 2853 3861 et
2888 3810 3323 3866 sanctificatione
3362 3814 3621 3872 sacrificii

2055 3895 2372 3966 privaverit.
2406 3894 2521 3949 Non
2569 3897 2714 3951 enim
2745 3898 2999 3954 sacrificii
3035 3901 3291 3958 meritum
3333 3906 3618 3976 suscipiet,

2053 3986 2146 4041 sed
2178 3993 2387 4039 tantum
2409 3986 2639 4055 pretium
2660 3987 3037 4058 eleemosynze,
3060 3993 3234 4048 minus
3253 4002 3432 4049 tamen
3456 4012 3619 4065 quam

2051 4076 2099 4131 si
2123 4076 2342 4145 pauperi
2364 4076 2633 4131 tribuerit.
2659 4079 2836 4142 Quare
2852 4079 3031 4132 omnis
3052 4081 3243 4150 quisic
3261 4085 3461 4153 accipit
3478 4088 3619 4143 cele-

2052 4165 2537 4232 bretsacrif‘tcium,
2564 4182 2629 4220 ne
2652 4167 3040 4223 condemnetur
3062 4184 3094 4223 a
3123 4169 3233 4225 Deo
3260 4181 3318 4225 ut
3352 4172 3612 4244 iniustus,

2052 4266 2111 4310 ut
2142 4254 2248 4321 fur,
2282 4255 2376 4325 qui
2406 4255 2629 4311 fratrem
2659 4256 2841 4315 fructu
2873 4272 3029 4311 sacro
3052 4259 3330 4328 spoliavit.

2536 4344 2861 4411 QUASSTIO
2906 4346 3119 4404 LXXV.

2189 4437 2469 4503 Quodnam
2500 4438 2569 4492 ait
2601 4454 2761 4508 genus
2789 4439 3045 4506 Optimum
3087 4439 3450 4511 efeemosynw.

2118 4526 2221 4595 Qui
2246 4528 2648 4598 eleemosynam
2681 4526 2861 4582 facere
2893 4527 2946 4580 in
2976 4528 3161 4581 animo
3190 4528 3463 4597 habuerit,
3486 4540 3625 4588 ante

375 4624 594 4678 πάντων
628 4625 772 4695 ὑπὲρ
810 4624 1150 4694 ἐλευθερίας,
1187 4624 1263 4687 ὡς
1294 4624 1529 4694 ἔφημεν,
1567 4626 1792 4683 ποιείτω
1834 4629 1943 4685 τῶν

2058 4620 2249 4686 smnia,
2282 4631 2340 4675 ut
2371 4619 2629 4686 diximus,
2650 4617 2811 4673 faciat
2837 4618 2891 4672 in
2916 4617 3217 4674 libertatem
3250 4621 3617 4691 captivorum,

372 4715 760 4785 αἰχμαλώτων,
801 4716 895 4769 καὶ
942 4714 1180 4785 μάλιστα
1210 4714 1417 4786 νηπίων
1438 4717 1533 4769 καὶ
1572 4717 1777 4771 παίδων
1821 4736 1940 4774 κινο

371 4806 701 4860 δυνευόντων
727 4806 867 4859 κατὰ
890 4806 1069 4877 ψυχήν
1088 4824 1104 4839 ο
1131 4802 1251 4859 εἶτα
1276 4805 1418 4877 ὑπὲρ
1438 4823 1497 4859 τε
1524 4808 1716 4877 ἱερέων
1740 4810 1941 4882 αἰχμά-

370 4894 558 4947 λώτων
589 4897 683 4948 καὶ
718 4898 966 4966 γηραιῶν
1007 4895 1102 4949 καὶ
1126 4895 1350 4952 λοιπῶν.
1378 4897 1639 4968 Δεύτερον
1665 4899 1721 4952 δὲ
1749 4900 1938 4956 διδότω

370 4984 626 5038 ἀσθενέσι
655 4985 1059 5056 λελωϐημένοις
1094 5003 1154 5040 τε
1189 4987 1283 5040 καὶ
1319 4986 1525 5050 λοιποῖς
1548 4991 1659 5051 τοῖς
1689 4991 1781 5044 καὶ
1803 4993 1937 5044 πολ-

370 5076 467 5144 λῆς
502 5076 753 5147 βοηθείας
788 5076 1084 5146 δεομένοις.
1119 5079 1230 5131 Σὺν
1264 5077 1450 5141 αὐτοῖς
1482 5077 1538 5131 δέ
1580 5081 1674 5133 καὶ
1713 5082 1824 5144 τοῖς
1857 5082 1945 5138 διὰ

366 5161 501 5215 Θεὸν
542 5164 981 5227 ἐναποκλείστοις
1010 5163 1121 5218 τῶν
1172 5166 1446 5235 μοναχῶν,
1482 5166 1558 5229 ὡς
1608 5168 1659 5221 o'.
1702 5169 1943 5237 Πατέρες

368 5253 555 5321 φασὶν,
584 5254 706 5309 ἐπεὶ
726 5254 863 5308 Θεοῦ
889 5256 1065 5309 δοῦλοι
1104 5247 1272 5322 οὗτοι,
1301 5256 1396 5310 καὶ
1428 5254 1591 5327 ἔργον
1620 5259 1939 5330 ἐνεργοῦσιν

368 5346 639 5413 ἀγγέλων,
673 5348 770 5400 καὶ
799 5346 887 5400 διὰ
916 5347 1047 5400 Θεόν
1090 5350 1228 5401 εἰσιν
1276 5349 1717 5415 ἐναπόκλειστοι,
1762 5354 1855 5406 καὶ
1888 5353 1943 5405 εί

365 5452 430 5504 γε
460 5437 597 5500 ζῶσι
631 5436 776 5492 κατὰ
799 5438 952 5501 Θεὸν,
997 5439 1054 5492 ἐν
1089 5440 1276 5502 αὐτοῖς
1305 5441 1478 5494 πᾶσαι
1515 5441 1847 5513 πληροῦνται
1877 5445 1933 5499 af

364 5527 610 5581 ἐντολαίο
639 5527 832 5582 ἔπειτα
863 5532 972 5591 τοῖς
995 5528 1053 5583 ἐν
1078 5529 1296 5601 φυλακῇ
1329 5531 1424 5584 καὶ
1449 5532 1665 5603 χήραις,
1697 5535 1790 5588 καὶ
1821 5535 1930 5588 λοι-

363 5621 487 5683 ποῖς
519 5620 720 5685 ἄλλοις,
754 5619 829 5691 μὴ
856 5618 973 5683 ἔθος
1007 5620 1189 5691 ἔχουσι
1210 5622 1310 5693 τῆς
1339 5623 1515 5685 οίκία;
1540 5624 1774 5688 ἐξελθεῖν
1794 5641 1807 5656 ·
1835 5628 1930 5680 καὶ

364 5710 673 5765 τελευταῖον
718 5712 826 5775 τοῖς
864 5709 1072 5773 λοιποῖς
1113 5708 1283 5764 ἅπασι
1333 5713 1589 5783 πτωχοῖς.
1619 5713 1729 5767 Καὶ
1759 5714 1924 5784 ἡτῶν

1990 4716 2001 4725 ’
2053 4713 2287 4767 maxime
2316 4711 2602 4766 infantium
2626 4722 2681 4763 et
2704 4723 2996 4779 puerorum
3017 4711 3110 4778 qui
3137 4709 3191 4761 in
3215 4714 3453 4776 periculo
3482 4722 3616 4768 suns

2049 4817 2147 4873 pro
2169 4804 2348 4857 anima
2372 4821 2386 4867 ι
2421 4801 2618 4857 deinde
2638 4815 2734 4870 pro
2751 4800 3123 4854 sacerdotibus
3138 4800 3386 4869 captivis,
3410 4818 3505 4871 pro
3527 4819 3612 4858 se-

2046 4895 2209 4950 nibus
2240 4902 2295 4947 et
2319 4894 2529 4946 caeteris
2563 4891 2838 4948 omnibus.
2864 4890 3056 4945 Postea
3081 4890 3344 4960 injuriose
3368 4893 3616 4947 tractatis

2043 4985 2332 5055 egentibus
2355 4991 2544 5052 eroget
2570 4992 2625 5036 et
2648 4982 2857 5036 caeteris
2888 4982 3085 5051 quibus
3108 4981 3316 5036 auxilio
3342 4992 3612 5052 praestan-

2044 5076 2164 5133 tiori
2190 5090 2325 5145 opus
2351 5082 2455 5128 est.
2495 5073 2641 5127 Inter
2670 5088 2808 5141 quos
2834 5074 3230 5127 annumerandi
3257 5083 3387 5129 sunt
3408 5083 3463 5128 et
3484 5090 3605 5132 meo

2039 5165 2201 5223 nachi
2238 5174 2459 5236 propter
2494 5166 2660 5219 Deum
2694 5163 2918 5231 reclusi,
2957 5172 3015 5218 ut
3044 5165 3342 5233 loquuntur
3378 5167 3616 5232 Patres,

2042 5263 2169 5311 sunt
2199 5255 2344 5329 enim
2378 5253 2472 5308 Dei
2504 5253 2667 5318 servi,
2693 5254 3007 5324 angelorum
3033 5254 3291 5323 operibus
3326 5257 3611 5327 occupati,

2043 5346 2399 5401 reclusionem
2450 5354 2669 5416 propter
2701 5343 2867 5401 Deum
2904 5346 3205 5415 eligentes;
3244 5361 3477 5417 cumque
3510 5364 3603 5404 se~

2038 5440 2276 5495 eundum
2312 5438 2478 5494 Deum
2518 5438 2724 5503 vivant,
2765 5439 2818 5491 in
2861 5438 2993 5507 ipsis
3022 5439 3205 5493 omnia
3236 5438 3614 5509 adimplentur

2038 5532 2324 5598 mandata;
2354 5532 2548 5587 deinde
2580 5545 2798 5586 carcere
2820 5530 3055 5586 detentis
3080 5539 3133 5586 et
3152 5532 3327 5587 viduis
3359 5532 3610 5588 tribuen-

2037 5622 2167 5675 dum
2195 5630 2246 5674 et
2274 5623 2503 5684 caneris,
2538 5622 2630 5691 qui
2667 5636 2697 5673 a
2720 5606 2899 5675 domo.
2923 5619 3205 5676 discedere
3249 5637 3357 5677 non
3389 5622 3561 5679 solent
3581 5640 3610 5689 ί

2036 5722 2310 5783 postremo
2338 5712 2552 5769 miseris
2614 5712 3070 5780 quibuscumque.
3119 5713 3321 5771 Curam
3381 5729 3604 5787 quoque
