4064 6204
323 303 426 366 9υ7

1038 303 1432 366 BESPONSA
1472 305 1568 364 AD
1599 303 2042 365 GABilIEI.EM
2079 305 2795 373 PENTAPOLITANUM.

3460 313 3561 372 938

325 414 742 484 ἀσυγχώρητον.
779 415 924 486 Πλὴν
956 419 1068 480 τοῖς
1104 417 1178 488 μὴ
1211 418 1571 488 προσελθοῦσι
1604 421 1670 488 τῇ
1713 419 1891 470 πίστει

2030 439 2138 484 ere.
2170 435 2224 477 et
2255 426 2333 478 sic
2361 437 2619 496 negarent
2641 429 2739 492 ipsi
2769 433 3085 496 potestatem
3121 423 3210 478 Dei
3247 425 3556 494 propriam:

325 507 716 576 ἀσυγχώρητον
747 508 900 562 ἔσται
933 511 1150 576 μόνοις·
1205 514 1314 573 πᾶς
1357 513 1412 564 δὲ
1465 512 1760 572 πιστεύσας
1796 511 1890 574 καὶ

323 599 646 667 βαπτισθεὶς
677 599 1000 670 σωθήσεται.
1027 603 1140 654 Kal.
1169 605 1296 671 περὶ
1324 603 1515 657 τούτου
1551 603 1737 655 πολλοι
1761 619 1892 670 φασι

325 691 434 744 τῶν
463 691 658 758 ἁγίων,
707 693 802 744 καὶ
855 693 1066 754 Παῦλος
1112 699 1140 749 6
1181 696 1373 765 πρώην
1428 695 1750 766 βλάσφημος
1801 695 1896 748 καὶ

321 785 696 856 χριστοκὴρυξ
729 785 955 858 ὕστερον
985 791 1274 858 μαρτυρεῖ.

869 1033 1198 1086 ΕΙὨἸῊΣΙΣ
1247 1035 1370 1088 ΟΘ’.

339 1143 402 1199 Tt’
439 1144 528 1209 τὸ,
558 1163 578 1196 t
627 1143 912 1209 Ἐπτὴκις
946 1145 1069 1216 τῆς
1106 1145 1326 1213 ἡμέρας
1365 1147 1557 1216 ᾔνεσά
1590 1165 1696 1203 σε’
1733 1169 1752 1200 ι
1799 1151 1896 1204 καὶ

658 1219 822 1281 τίνες
853 1218 911 1269 al
938 1215 1088 1269 ἑπτὰ
1120 1215 1580 1284 αὶιθέσειςοεισίε

411 1329 500 1392 Ῐὺ,
539 1349 557 1380 ι
607 1328 868 1392 Ἒπτάκις
905 1327 1003 1397 τῆς
1035 1329 1252 1400 ἡμέρας
1284 1330 1450 1400 ᾔνεσά
1493 1347 1574 1392 σε,
1617 1349 1634 1382 ι
1685 1332 1744 1382 τὸ
1773 1331 1900 1383 πολ-

333 1421 492 1481 λᾶκις
531 1419 682 1488 δηλοῖ
721 1421 1030 1484 διαπαντὸς,
1069 1420 1144 1482 ὡς
1199 1423 1292 1472 καὶ
1337 1425 1394 1474 ὲν
1443 1421 1622 1483 ἄλλοις
1669 1423 1696 1474 6
1739 1423 1900 1486 αὐτὸς

335 1511 628 1581 ψαλμῳθὸς
662 1515 946 1582 προφήτης
979 1513 1163 1581 φησιν,
1197 1529 1216 1564 t
1253 1513 1548 1580 Εὐλογήσω
1585 1513 1674 1566 τὸν
1699 1515 1902 1584 Κύριον

339 1609 394 1658 ὲν
428 1605 590 1658 παντὶ
627 1605 826 1674 καιρῷ.
869 1625 886 1656 ι
934 1607 1044 1659 Καὶ
1085 1605 1268 1669 πᾶλιν,
1311 1625 1330 1658 ε
1363 1607 1725 1678 Διαπαντδςὴ
1759 1611 1904 1661 αἰνε-

339 1713 420 1750 σι;
462 1696 630 1750 αὑτοῦ
679 1697 736 1748 ὲν
775 1695 849 1764 τῷ
897 1697 1124 1766 στόματι
1173 1715 1298 1766 μου.
1356 1718 1374 1750 ι
1429 1700 1538 1752 Καὶ
1593 1701 1620 1752 ὁ
1675 1701 1816 1763 θεῖος
1847 1701 1902 1754 δὲ

2003 519 2104 572 hoc
2130 519 2262 570 dixit
2289 520 2698 582 irremissibile;
2733 520 2838 572 illis
2864 527 3038 572 tamen
3069 518 3443 572 tantummodo
3469 518 3560 586 Qui

2002 609 2123 662 tidei
2157 611 2412 662 meritum
2441 611 2724 674 abnuent;
2757 625 2881 662 nam
2911 609 3089 663 omnis
3135 609 3224 676 qui
3262 609 3564 662 crediderit

2000 711 2051 755 et
2086 701 2398 771 baptizatus
2427 701 2596 756 fuerit
2635 702 2954 756 salvabitur.
3000 699 3072 755 De
3122 701 3225 754 hoc
3269 701 3562 768 loquuntur

1999 793 2218 862 plurimi
2244 803 2580 858 sanctorum,
2602 803 2656 846 et
2687 794 2799 863 ipse
2829 792 3030 846 Paulus
3059 793 3290 862 primum
3316 791 3567 861 blasphe-

2001 894 2197 950 mator,
2235 884 2434 939 deinde
2465 884 2664 938 Lbristi
2702 885 3050 954 przedicator,
3086 892 3335 938 testatur.

2482 1037 2812 1105 QUIESTIO
2841 1037 3076 1092 LXXIX.

2005 1155 2134 1222 Qui:
2160 1171 2342 1209 sensus
2361 1155 2654 1212 verborum.
2677 1172 2694 1203 ι
2721 1152 2916 1214 Septies
2939 1169 3027 1218 per
3043 1151 3177 1222 diem
3204 1160 3250 1202 te
3275 1150 3484 1204 laudari
3507 1167 3564 1217 ;t

2131 1235 2178 1278 et
2226 1241 2466 1294 quamam
2510 1233 2628 1278 sunt
2675 1234 2866 1292 septem
2915 1222 3022 1276 illa:
3046 1221 3416 1276 laudationes?

2071 1337 2203 1392 lllttd
2235 1337 2305 1390 τ’(
2330 1337 2542 1404 Septies
2569 1337 2622 1389 in
2657 1337 2744 1390 die
2772 1337 2982 1390 Iaudem
3007 1336 3117 1389 dixi
3151 1335 3244 1388 tibi
3280 1335 3318 1398 ¹,
3355 1353 3372 1386 ι
3402 1334 3575 1406 signi-

2006 1428 2128 1482 ﬁcat
2161 1427 2368 1496 pluries
2398 1435 2489 1480 aut
2521 1433 2840 1494 semper,ut
2871 1425 2999 1478 alibi
3037 1425 3272 1492 loquitur
3301 1425 3414 1492 ipse
3447 1439 3574 1493 pro-

2007 1521 2259 1590 pheticus
2301 1519 2510 1575 PSaItes
2548 1536 2560 1573 :
2597 1537 2614 1569 ι
2657 1517 2978 1572 Benedicam
3016 1517 3307 1572 Dominum
3343 1517 3395 1570 in
3427 1517 3574 1568 omni

2007 1622 2252 1681 tempore
2284 1615 2333 1677 ¹;
2371 1629 2389 1662 ι
2425 1619 2476 1663 et
2509 1610 2706 1662 iterum
2741 1623 2757 1667 :
2798 1629 2814 1659 ι
2842 1608 3069 1676 Semper
3101 1607 3220 1659 laus
3247 1605 3366 1672 ejus
3395 1607 3445 1656 in
3486 1619 3578 1656 ore

2007 1719 2130 1758 meo
2163 1704 2202 1758 '.
2240 1721 2256 1754 ι
2293 1703 2356 1756 Et
2396 1711 2621 1756 sanctus
2665 1700 2864 1753 Paulus
2897 1717 2908 1752 :
2941 1717 2958 1750 ι
3009 1697 3140 1751 Sine
3170 1695 3579 1751 intermissione

341 1788 573 1850 Παῦλος,
606 1807 622 1837 t
670 1785 1058 1852 ’Λδιαλείπτως
1101 1789 1488 1858 προσεύχεσθε,
1523 1793 1580 1842 ὲν
1618 1791 1780 1843 παντὶ
1811 1793 1901 1843 εὑ-

2024 1808 2180 1861 )rate,
2233 1797 2287 1848 in
2319 1795 2574 1848 omnibus
2635 1793 2838 1860 gratias
2885 1791 3028 1860 agite
3061 1789 3106 1844 ³⁵.
3139 1807 3158 1840 ι
3217 1787 3581 1842 Excellentius

342 1883 672 1950 χαριστεῖτε.
713 1899 730 1931 ι
780 1879 1106 1948 Ἐξαιρέτως
1155 1882 1212 1934 δὲ
1263 1883 1292 1934 6
1343 1883 1500 1952 μόνος
1531 1883 1724 1954 Σωτὴρ
1761 1885 1904 1938 οὕτω

344 1971 587 2024 διδάσκει
615 1983 630 1998 °
678 1989 694 2022 ι
733 1971 1062 2040 Γρηγορεῖτε
1094 1967 1186 2026 οὖν
1212 1977 1270 2026 ὲν
1315 1979 1476 2029 παντὶ
1507 1975 1684 2046 καιρῷ
1714 1977 1906 2046 δεόμε-

347 2081 446 2114 νοι.
484 2082 504 2116 ι
543 2065 728 2128 Auri;
766 2065 880 2117 ’ῐνα
910 2061 1058 2134 ὦμεν
1087 2065 1146 2117 ἒν
1177 2067 1314 2133 μετὰ
1339 2067 1432 2120 τοῦ
1469 2069 1626 2132 Θεοῦ,
1655 2071 1792 2137 ὅπερ
1819 2071 1910 2138 ἔρ-

347 2171 441 2218 γον
487 2156 636 2206 ὲστὶν
675 2155 1054 2208 ἀδιάλειπτον·
1110 2157 1142 2224 ἡ
1198 2159 1472 2228 προσευχὴ
1529 2160 1638 2230 γὰρ
1673 2161 1783 2213 ἑνοῖ
1833 2159 1909 2230 τῷ

349 2245 468 2316 Θεῷ
489 2264 503 2278 υ
537 2247 564 2298 ὃ
596 2249 812 2301 πάντων
844 2248 1020 2316 ἔργων
1057 2248 1176 2300 ἐστὶ
1211 2250 1486 2318 μέγιστον.
1522 2251 1631 2304 Καὶ
1655 2253 1706 2303 τί
1727 2255 1908 2322 κρεῖτ-

347 2357 436 2391 τον
462 2339 554 2391 τοῦ
585 2339 796 2408 ὁμιλεῖν
827 2340 902 2406 τῷ
939 2339 1078 2410 Θεῷ,
1115 2341 1206 2393 καὶ
1236 2337 1375 2394 εἶναι
1409 2341 1548 2410 μετὰ
1573 2343 1706 2396 Θεοῦ
1731 2361 1748 2409 ;
1777 2345 1912 2414 ἔπερ

349 2431 511 2496 ἔργον
567 2431 815 2497 ἀγγέλων
869 2431 1020 2483 ἐστὶν
1051 2432 1415 2486 ἀδιάλειπτον.
1468 2433 1558 2486 Ἐν
1599 2435 1774 2504 τούτῳ
1817 2431 1912 2488 οὖν

349 2522 446 2574 καὶ
491 2522 566 2585 ὡς
611 2523 833 2590 ἄγγελοι
873 2523 1059 2592 ἐσμεν,
1115 2522 1210 2576 καὶ
1260 2523 1572 2594 λειτουργοὶ
1623 2527 1782 2588 Θεοῦ,
1819 2529 1914 2580 καὶ

354 2616 638 2677 ποιοῦντες
669 2615 730 2666 τὸ
775 2615 988 2682 θέλημα
1024 2615 1212 2676 αὑτοῦ,
1258 2617 1348 2669 καὶ
1379 2617 1610 2686 καθαροὶ
1638 2620 1736 2688 τὴν
1780 2637 1916 2690 καρ-

353 2709 496 2768 δίαν,
535 2710 626 2760 καὶ
658 2708 788 2760 Θεὸν
818 2708 1072 2776 ὁρῶντες,
1114 2710 1206 2761 καὶ
1234 2708 1467 2782 ὖμνιρδοὶ
1501 2709 1656 2772 (ialm,
1689 2713 1782 2762 καὶ
1817 2711 1916 2782 τὴν

356 2795 576 2863 ὀφειλὴν
607 2795 949 2859 ἀποδιδόντες
984 2795 1153 2864 αὐτῷ.
1195 2798 1289 2850 Ἐκ
1311 2795 1502 2851 τνιῦτου
1530 2798 1585 2851 δὲ
1609 2799 1704 2852 καὶ
1727 2799 1919 2853 καθαι-

365 2889 602 2957 ρόμενοι,
637 2889 730 2940 καὶ
757 2887 912 2940 λύσιν
951 2889 1322 2960 λαμϐάνοντες
1341 2893 1463 2962 ,τῶν
1492 2892 1799 2960 ἁμαρτιῶν,
1826 2895 1920 2946 καὶ

358 2981 714 3049 λυτρούμενοι
743 2982 810 3034 ὲκ
848 2981 942 3034 τοῦ
971 2981 1208 3052 πονηροῦ
1251 2983 1346 3036 καὶ
1374 2987 1436 3036 ἔκ
1483 2983 1680 3046 παντὸς
1731 3002 1922 3056 πειραο

2009 1889 2126 1956 ipse
2176 1886 2422 1940 Salvator
2471 1888 2577 1939 hoc
2623 1885 2784 1938 docet
2827 1900 2841 1936 ι
2885 1901 2902 1932 ι
2947 1881 3172 1950 Vigilate
3205 1879 3386 1947 itaque
3431 1879 3579 1930 omni

2009 1986 2253 2046 tempore
2295 1974 2589 2028 orantes'.
2623 1989 2640 2021 ι
2686 1970 3036 2036 Quarenam?
3076 1969 3146 2023 Ut
3199 1967 3372 2020 simus
3413 1981 3580 2018 unum

2007 2086 2128 2124 eum
2183 2067 2291 2122 Deo
2325 2071 2534 2135 ,‘opere
2565 2065 2772 2118 scilicet
2799 2071 3060 2132 perpetuo
3111 2060 3419 2130 fungentes.
3454 2060 3584 2110 Ora—

2013 2165 2158 2215 t'one
2185 2158 2569 2227 conjungimur
2599 2155 2743 2218 Deo;
2797 2157 2899 2208 hoc
2947 2161 3028 2206 est
3069 2167 3298 2222 operum
3331 2148 3578 2203 omnium

2011 2252 2328 2306 maximum.
2377 2247 2512 2313 Quid
2547 2247 2692 2300 enim
2719 2246 2940 2316 dignius
2977 2259 3140 2314 quam
3177 2243 3270 2296 Dei
3305 2243 3585 2310 colloquio

2015 2346 2114 2406 uti,
2147 2353 2200 2397 et
2239 2345 2346 2396 Deo
2365 2339 2599 2394 adesse?
2629 2339 2742 2394 lloc
2767 2354 2904 2410 Opus
2932 2337 3250 2408 angelorum
3279 2336 3583 2390 assiduum.

2016 2435 2147 2488 Dum
2181 2433 2344 2502 igitur
2377 2431 2468 2485 tali
2495 2430 2648 2500 operi
2691 2445 2952 2484 vacamus
2991 2429 3142 2484 sicut
3166 2426 3338 2495 angeli
3375 2439 3584 2484 smnus.

2013 2539 2066 2582 et
2097 2526 2188 2581 Dei
2227 2527 2478 2586 ministri.
2505 2534 2558 2579 et
2585 2525 2914 2578 voluntatem
2941 2523 3062 2590 ejus
3089 2521 3455 2592 pet-ﬁcieutes,
3489 2519 3590 2572 im-

2017 2618 2266 2672 maculati
2295 2617 2478 2678 corde,
2518 2616 2607 2668 Dei
2656 2623 3018 2684 spectatores,
3055 2613 3224 2668 divini
3271 2611 3584 2666 modulato-

2020 2724 2128 2772 res,
2163 2708 2264 2778 ipsi
2294 2707 2400 2762 Deo
2434 2706 2779 2760 familiariter
2809 2705 3192 2762 inservientes.
3233 2703 3333 2758 Per
3377 2703 3584 2754 oratio-

2021 2815 2144 2856 nem
2173 2801 2316 2852 enim
2351 2799 2693 2861 inundamur,
2741 2805 2798 2850 et
2834 2805 3178 2866 peccatorum
3212 2793 3586 2848 remissionem

2022 2891 2353 2960 accipimus;
2385 2907 2412 2943 a
2443 2890 2588 2942 malo
2641 2899 2696 2943 et
2727 2891 2849 2959 ejus
2895 2886 3287 2942 tentationibus
3329 2885 3588 2940 omnibus

2025 2984 2340 3045 liberamur,
2373 2980 2520 3052 digni
2569 2982 2774 3036 lumine
2823 2988 2878 3035 et
2923 2993 3094 3050 regno
3153 2977 3248 3032 Dei
3299 2979 3588 3033 habemur.

363 3071 525 3138 σμοῦ,
562 3075 652 3124 καὶ
685 3075 748 3125 ἐκ
780 3073 998 3126 πάντων
1025 3075 1132 3126 τῶν
1165 3075 1550 3144 ἐπερχομένων
1591 3075 1802 3138 δεινῶν,
1831 3077 1919 3128 καὶ

2025 3073 2141 3128 lmo
2169 3089 2302 3128 vero
2331 3075 2454 3144 quis
2479 3088 2800 3129 enumerare
2832 3071 2914 3126 vel
2949 3072 3138 3127 saltem
3171 3071 3354 3127 dicere
3391 3073 3592 3140 poterit

359 3161 503 3224 ἄξιοι
547 3161 824 3229 γινόμενοι
856 3164 956 3230 τῆς
1001 3161 1166 3214 αὑτοῦ
1219 3165 1634 3231 παραστάσεως,
1686 3167 1780 3218 καὶ
1824 3165 1918 3216 τοῦ

359 3253 645 3320 φωτισμοῦ
680 3252 844 3304 αὑτοῦ
889 3253 984 3306 καὶ
1028 3253 1124 3321 τῆς
1157 3254 1431 3322 βασιλείας
1481 3257 1917 3324 καταξιούμενοι.

361 3340 473 3392 Καὶ
525 3341 607 3392 ἔτι
663 3341 745 3403 τίς
790 3341 1108 3412 ἀριθμήσει,
1159 3343 1190 3412 ἢ
1233 3344 1316 3406 τίς
1367 3345 1653 3414 δυνήσεται
1687 3345 1922 3410 ἐξειπεῖν

361 3431 526 3496 ἀξίως
579 3433 646 3485 τὰ
698 3433 786 3485 διὰ
838 3435 934 3500 τῆς
986 3436 1292 3506 προσευχῆς
1339 3437 1470 3506 ἡμῖν
1505 3438 1918 3506 χορηγούμενα;

363 3521 430 3574 δι’
457 3517 524 3592 ἦς
566 3525 672 3576 πᾶν
699 3525 726 3576 ὃ
757 3525 1015 3593 αἰτοῦμεν
1048 3527 1398 3596 λαμϐάνομεν
1445 3530 1595 3596 παρὰ
1643 3527 1735 3580 τοῦ
1763 3529 1920 3588 Θεοῦ,

363 3612 436 3674 ὡς
470 3614 631 3674 αὐτὸς
663 3615 1048 3684 ἐπηγγείλατο.
1086 3617 1196 3669 Kal.
1245 3619 1449 3686 σημεῖα
1491 3617 1546 3670 δὲ
1580 3619 1672 3670 καὶ
1719 3619 1924 3684 τέρατα

365 3705 552 3774 γέγονε
586 3706 650 3758 δι’
692 3707 861 3776 αὐτῆς
901 3710 994 3760 καὶ
1026 3707 1256 3776 γίνεται,
1287 3711 1378 3762 καὶ
1415 3711 1658 3778 σωτηρία
1690 3711 1925 3774 πολλοῖς,

367 3801 462 3852 καὶ
495 3799 742 3863 ἰαμάτων
774 3801 1100 3870 δωρήματα,
1136 3802 1228 3854 καὶ
1255 3803 1362 3853 πᾶν
1399 3802 1425 3855 ὅ
1451 3820 1502 3854 τι
1533 3803 1641 3855 τῶν
1671 3802 1922 3870 ἀγαθῶν·

377 3893 469 3943 καὶ
497 3891 650 3944 οὐδὲν
680 3891 882 3956 ἀγαθὸν
931 3892 1100 3960 χωρὶς
1149 3893 1384 3962 ταύτης·
1421 3894 1513 3945 καὶ
1558 3895 1664 3962 πρὸ
1709 3895 1929 3945 πάντων

365 3981 526 4034 τοῦτο
557 3983 716 4052 ἔργον
756 3984 854 4050 τῆς
893 3983 1241 4050 Ἐκκλησίας,
1273 3985 1348 4046 ὡς
1376 3987 1470 4038 καὶ
1493 3985 1569 4052 τῷ
1597 3985 1807 4056 Σωτῆρι
1837 3985 1928 4037 καὶ

364 4075 475 4134 τοῖς
503 4072 822 4136 ἀποστόλοις
843 4074 935 4125 καὶ
959 4077 1070 4136 τοῖς
1105 4075 1382 4146 Πατράσιν
1409 4075 1742 4138 ἀνελλειπές.
1783 4077 1927 4130 Πάν-

367 4182 489 4218 τοτε
525 4165 624 4234 μὲν
662 4163 756 4220 οὖν
783 4166 942 4219 τοῦτο
989 4169 1047 4220 τὸ
1093 4168 1252 4237 ἔργον
1303 4170 1435 4237 ἡμῖν
1479 4169 1554 4232 ὡς
1595 4169 1802 4232 δούλοις
1840 4171 1932 4222 καὶ

371 4259 662 4328 κτίσμασιν
696 4261 992 4326 ἀναγκαῖον
1039 4261 1131 4312 καὶ
1175 4260 1660 4330 κεχρεωστημένον
1691 4262 1932 4330 προσφέ-

375 4370 490 4421 ρειν
525 4353 600 4422 τῷ
632 4353 771 4422 Θεῷ,
826 4352 920 4404 καὶ
965 4351 1108 4406 οὕτω
1159 4352 1604 4406 λυσιτελέστατον
1628 4369 1640 4382 '
1695 4353 1843 4423 ὅμως
1875 4355 1931 4407 δὲ

2027 3174 2228 3232 quanta
2293 3165 2452 3218 nobis
2503 3181 2600 3234 per
2655 3165 2959 3218 orationem
3015 3163 3340 3230 proveniant
3395 3164 3594 3216 bona?

2027 3255 2392 3322 Quaecumque
2423 3256 2568 3307 enim
2599 3271 2626 3308 a
2657 3255 2768 3308 Deo
2797 3256 3138 3324 postulamus
3183 3255 3478 3324 accipimus
3503 3269 3597 3321 per

2027 3359 2174 3409 eum,
2206 3355 2262 3400 ut
2287 3345 2400 3414 ipse
2439 3345 2704 3414 promisit.
2731 3346 2828 3400 Per
2861 3345 3160 3400 orationem
3189 3345 3440 3400 miracula
3476 3359 3603 3414 pro-

2028 3439 2282 3507 digiaque
2334 3437 2522 3492 ell‘ecta
2549 3446 2677 3490 sunt
2713 3445 2770 3490 et
2801 3438 3038 3504 quotidie
3059 3439 3215 3500 liunt,
3247 3435 3464 3489 etmnlti
3495 3437 3599 3488 sal-

2031 3531 2256 3590 vantur;
2311 3528 2446 3580 llunt
2477 3528 2816 3580 curationum
2865 3526 3004 3579 dona
3033 3541 3048 3590 ;
3077 3536 3130 3578 ct
3158 3521 3200 3578 si
3233 3525 3360 3592 quid
3395 3525 3598 3578 bonum

2031 3633 2194 3672 omne
2227 3617 2294 3671 ab
2323 3618 2460 3686 ipsa,
2496 3627 2552 3670 et
2579 3617 2699 3670 sine
2734 3615 2821 3668 illa
2859 3616 3064 3670 nullum
3094 3616 3320 3670 bonum.
3351 3615 3600 3678 Denique

2035 3712 2148 3764 haec
2175 3719 2260 3762 est
2287 3719 2413 3763 ante
2443 3709 2626 3762 omnia
2661 3723 2799 3776 opus
2845 3707 3104 3762 Ecclesiae
3131 3723 3159 3760 a
3201 3721 3309 3776 quo
3347 3720 3449 3758 nec
3486 3706 3604 3758 Sal-

2037 3817 2207 3868 vatvr,
2237 3819 2333 3857 nec
2365 3801 2618 3871 apostoli,
2645 3816 2748 3855 nec
2772 3800 2955 3854 Patres
2977 3813 3212 3866 unquam
3237 3807 3600 3851 recesserunt.

2035 3899 2198 3954 Nobis
2271 3895 2432 3966 igitur
2481 3893 2736 3948 continua
2799 3891 3124 3945 necessitate
3171 3889 3442 3944 incttmbit
3503 3888 3604 3941 hoc

2035 4005 2194 4060 opus.
2261 3997 2316 4040 et
2374 4001 2495 4038 cum
2555 3985 2726 4038 simus
2777 3986 2918 4038 servi
2982 3981 3072 4036 Dei
3137 3990 3190 4035 et
3241 3993 3506 4036 creatura:
3547 3991 3606 4034 ut

2037 4097 2236 4135 munus
2269 4079 2509 4133 debitum
2548 4076 2706 4130 nobis
2746 4073 3036 4128 mandatur
3078 4088 3286 4128 summe
3315 4073 3441 4126 item
3477 4089 3606 4144 pro—

2041 4175 2236 4226 ﬁcuum
2265 4188 2278 4234 ;
2337 4179 2558 4239 propter
2587 4177 2766 4221 autem
2821 4165 3184 4220 inﬁrmitatem
3225 4164 3412 4230 simul,
3436 4181 3608 4232 quau-

2041 4276 2152 4318 tuut
2184 4277 2287 4334 ego
2330 4262 2546 4330 judico,
2579 4259 2658 4314 eis
2691 4259 2784 4327 qui
2828 4257 3166 4328 negligenter
3196 4265 3362 4327 agunt
3407 4265 3608 4310 statuta

2039 4355 2378 4410 orationibus
2461 4351 2806 4406 deducuntur
2869 4358 3131 4416 tempora,
3189 4362 3308 4416 quae
3387 4357 3441 4401 et
3491 4363 3610 4402 ser.

367 4445 460 4498 διὰ
489 4445 586 4516 τὴν
619 4433 904 4499 ὰιῗθένειαν
960 4445 1054 4498 καὶ
1102 4449 1214 4509 τοῖς
1257 4446 1534 4514 ὀλιγώρως
1587 4447 1770 4516 ἔχουσι
1816 4464 1918 4500 κατ

2045 4449 2202 4502 vabat
2277 4443 2446 4498 David
2523 4451 2580 4496 et
2647 4455 2792 4496 nunc
2839 4453 3056 4508 quoque
3118 4451 3298 4492 servat
3347 4437 3610 4494 Ecclesia.

371 4538 472 4604 ἐμὲ
523 4539 616 4590 καὶ
659 4539 839 4606 καιροί
892 4539 1000 4590 εἰσι
1047 4539 1390 4605 τεταγμένοι,
1435 4539 1528 4602 οὓς
1576 4543 1672 4592 καὶ
1705 4541 1732 4590 ό
1775 4538 1936 4590 Δαὸὶδ

370 4631 558 4698 ἐτήρει
586 4631 678 4682 καὶ
713 4630 744 4696 ἡ
793 4629 1090 4698 Ἐκκλησία
1113 4631 1294 4697 τηρεῖ.
1330 4629 1419 4682 Arb
1459 4631 1580 4690 καὶ,
1622 4647 1640 4679 ι
1687 4628 1936 4682 Macrch-

371 4733 524 4769 κτιον
554 4715 940 4788 ἐξηγειρόμην,
981 4737 998 4768 ι
1033 4719 1189 4787 φησί.
1225 4719 1334 4772 Kal.
1357 4719 1516 4788 ἡμεῖς
1551 4719 1619 4770 τὰ
1647 4718 1742 4770 τοῦ
1779 4735 1934 4786 μεσοσ

370 4807 629 4859 νυκτικοῦ
665 4811 760 4860 σὺν
783 4811 976 4878 ἐκείνῳ
994 4809 1292 4878 ψιάλλομεν,
1331 4811 1424 4861 καὶ
1455 4809 1533 4872 τὺ,
1571 4826 1590 4858 ί
1635 4809 1694 4861 Ὀ
1729 4809 1881 4874 Θεὸς,
1911 4812 1938 4860 ὁ

369 4897 504 4960 Θεός
543 4915 670 4967 μου,
703 4900 854 4972 ,πρὸς
907 4901 964 4952 σὲ
1015 4899 1274 4969 όρθρίζω,
1318 4919 1335 4952 ι
1396 4899 1490 4952 καὶ
1543 4901 1705 4969 ἡμεῖς
1748 4900 1817 4952 τὰ.
1845 4899 1937 4952 τοῦ

369 4987 595 5058 ὄρθρου,
631 4989 724 5042 καὶ
751 4991 830 5052 τὸ,
863 5010 882 5040 ‹
926 4991 1076 5062 Πρωῒ
1108 4993 1428 5044 εἰσάκουσον
1453 4993 1550 5060 τῆς
1588 4992 1769 5058 φωνῆς
1798 4993 1938 5062 ξμου,

374 5081 559 5134 καὶτὸ
590 5081 736 5148 πρωῒ
783 5083 1206 5152 παραστήσομαε
1259 5101 1363 5146 σοι,
1406 5085 1499 5136 καὶ
1551 5083 1744 5150 ὲπάψει
1793 5100 1882 5152 με,
1919 5101 1938 5134 ι

376 5174 476 5226 καὶ
503 5174 663 5242 ἡμεῖς
695 5173 794 5226 σὺν
821 5174 996 5242 τούτῳ
1031 5175 1096 5227 τὰ
1135 5176 1230 5241 τῆς
1263 5172 1481 5242 πρώτης
1510 5173 1659 5242 ὧρας
1688 5173 1942 5242 λέγομεν.

381 5283 400 5315 ι
443 5266 552 5318 Καὶ
583 5265 824 5334 ἑσπέρας
859 5265 954 5318 καὶ
996 5263 1142 5330 πρωϊ
1176 5267 1264 5317 καὶ
1309 5265 1659 5336 μεσημϐρίας
1695 5265 1938 5336 διηγήσο-

379 5373 479 5426 μαι
531 5359 624 5410 iul.
676 5356 1000 5423 ἀπαγγελῶ,
1037 5357 1130 5408 καὶ
1179 5357 1564 5410 εἰσακούοεται
1608 5358 1707 5422 τῆς
1757 5358 1942 5425 φωνῆς

379 5466 510 5518 μου,
549 5467 570 5502 ι
606 5451 702 5502 καὶ
734 5449 897 5518 ἡμεῖς
945 5453 1012 5500 τὰ
1059 5449 1167 5501 τῶν
1197 5448 1358 5518 ὡρῶν
1399 5455 1492 5502 καὶ
1525 5450 1616 5502 τοῦ
1652 5451 1941 5520 ὲσπερινοῦ

456 5651 542 5682 ¹³ο¹
565 5647 706 5702 Psal.
737 5664 922 5716 cxvttt,
947 5649 1069 5705 164.
1145 5653 1166 5682 ³
1191 5651 1332 5706 Psal.
1369 5667 1555 5716 xxxtu,
1586 5653 1640 5706 2.
1717 5655 1738 5686 ³
1781 5655 1914 5710 Ibid.

383 5717 471 5775 62.
549 5723 566 5751 ⁷
601 5719 742 5774 I’Sal.
771 5735 880 5774 Lttl
905 5761 918 5784 ,
950 5721 1000 5775 1.

699 5819 962 5880 ΡΑτιιυι.
1019 5815 1134 5876 Gn.
1178 5811 1348 5874 CLV.

2042 4539 2168 4594 Ideo
2217 4536 2433 4592 dicebat
2489 4532 2652 4586 David
2694 4549 2758 4588 :r
2789 4529 2960 4586 Media
3011 4539 3168 4584 nocte
3213 4531 3499 4598 surgebam
3527 4529 3604 4590 “,i

2041 4641 2098 4686 et
2125 4643 2227 4684 nos
2255 4627 2434 4682 media
2461 4633 2620 4680 nocte
2669 4639 2790 4678 cum
2825 4621 2942 4690 ipso
2974 4621 3288 4689 psallimus;
3347 4628 3398 4674 et
3431 4621 3556 4673 alibi
3593 4637 3606 4672 :

2051 4743 2070 4774 ι
2111 4721 2272 4787 Deus,
2309 4720 2454 4774 Deus
2501 4731 2672 4780 meus,
2713 4715 2780 4768 ad
2832 4725 2882 4768 te
2925 4715 2990 4768 de
3036 4713 3157 4766 luce
3199 4713 3359 4780 vigilo
3399 4713 3447 4764 ⁷.
3489 4731 3506 4762 ›
3543 4711 3607 4764 Ει

2043 4828 2143 4866 nos
2179 4810 2404 4866 diluculi
2449 4807 2714 4861 habemus
2745 4805 2952 4858 laudes.
2989 4801 3076 4854 Ait
3124 4803 3316 4855 iterum
3348 4817 3364 4852 :
3394 4819 3412 4850 ι
3453 4799 3609 4854 Mane

2039 4903 2298 4960 exaudies
2332 4914 2520 4954 vocem
2560 4911 2729 4950 uncam
2763 4895 2805 4960 ⁸,
2851 4913 2868 4944 ι
2899 4904 2987 4946 et:
3025 4911 3042 4943 ι
3091 4891 3244 4946 Mane
3269 4891 3454 4946 astabo
3487 4891 3605 4956 tibi,

2043 5005 2098 5050 et
2127 4993 2334 5048 videbis
2389 5005 2476 5045 me
2500 4991 2544 5044 ’.
2594 5007 2612 5039 ι
2651 4985 2716 5040 Et
2751 5000 2849 5040 nos
2877 5001 2998 5038 cum
3024 4999 3090 5038 eo
3123 4985 3267 5038 liora:
3299 4983 3490 5052 primae
3527 4983 3607 5036 di-

2045 5087 2218 5140 cimus
2247 5082 2548 5140 orationes.
2581 5077 2645 5130 Et
2667 5078 2742 5130 ait
2771 5118 2784 5142 ,
2830 5095 2847 5126 ι
2885 5077 3116 5144 Vespere
3139 5083 3193 5129 et
3222 5089 3378 5128 mane
3409 5085 3462 5128 et
3493 5090 3609 5127 me-

2049 5177 2184 5231 ridie
2219 5171 2456 5228 narrabo
2507 5178 2561 5224 et
2605 5167 2983 5231 annuntiabo;
3032 5175 3088 5218 et
3135 5163 3391 5218 exaudiet
3421 5177 3610 5218 vocem

2049 5285 2222 5324 meam
2257 5267 2322 5322 ³⁸,
2369 5283 2387 5316 ι
2423 5263 2488 5318 Ει
2527 5276 2632 5317 nos
2672 5269 2957 5316 cantamus
3009 5257 3118 5312 Deo
3169 5255 3330 5310 horas
3355 5265 3408 5309 et
3441 5255 3612 5308 canti-

2049 5376 2170 5414 cum
2211 5340 2636 5426 vespertinum.‘
2667 5353 2756 5406 Ait
2802 5365 2960 5419 porro
2997 5365 3012 5406 ;
3047 5368 3064 5400 ς
3107 5346 3324 5400 Lavabo
3367 5359 3462 5412 per
3505 5343 3614 5396 sin-

2049 5452 2200 5522 gulas
2233 5457 2424 5502 noctes
2451 5447 2652 5502 lectum
2681 5458 2882 5504 meum,
2917 5451 2972 5493 et
3003 5439 3250 5509 lacryinis
3301 5437 3436 5489 meis
3477 5443 3616 5488 stra-

1994 5653 2016 5684 ⁸
2049 5651 2278 5706 ITIiess.
2321 5665 2370 5710 v,
2409 5649 2494 5716 17,
2531 5647 2612 5702 l8.
2688 5648 2708 5677 ⁸
2742 5645 2870 5699 Luc.
2909 5660 3020 5706 ut,
3081 5643 3148 5696 36
3215 5641 3236 5672 ⁸
3270 5641 3404 5696 Psal.
3432 5654 3612 5704 σπι-ιιι,

1074 5721 1094 5752 ⁸
1135 5719 1273 5774 Psul.
1309 5737 1360 5778 ν.
1397 5726 1448 5776 4.
1527 5729 1545 5756 ν
1589 5725 1724 5778 lbid.
1763 5724 1814 5776 5.
1895 5725 1934 5756 ³ο
1971 5723 2112 5778 Psal.
2141 5739 2248 5784 ων,
2295 5721 2376 5774 l8.

3169 5805 3246 5862 30
