4064 6204
516 305 614 368 939
1331 306 1714 365 SYMEONIS
1749 304 2521 366 THESSALONICENSIS
2564 301 2927 362 AHClllEP.

3653 297 3765 363 910

510 435 623 477 tum
659 439 832 477 meum
861 423 1046 494 rigalto
1082 425 1212 479 ”'”.
1251 445 1266 475 ι
1291 424 1397 479 Nos
1434 443 1652 494 quoque
1694 427 1924 480 Domino
1962 436 2078 496 post

2189 425 2359 496 ῦμνου
2389 425 2465 493 τῷ
2495 425 2612 494 Θεῴ
2651 423 3008 493 μελῳδοῦμεν
3029 437 3042 450 '
3071 419 3196 478 uel.
3263 419 3456 472 Λούσω
3487 419 3608 472 καθ’
3637 420 3766 471 ἑκά-

510 530 721 569 rtvnam
765 515 997 570 vicissim
1024 527 1330 572 cantamus.
1365 518 1452 571 llle
1480 532 1662 572 autem
1708 533 1922 586 semper
1953 535 2077 572 can-

513 607 660 660 tabat
706 615 760 661 et
811 607 1000 660 orabat
1030 607 1179 676 juxta
1227 609 1354 661 illud
1395 625 1460 664 :1
1501 607 1762 662 Exaltabo
1815 619 1885 670 te,
1940 609 2080 662 Deus

511 713 684 760 meus,
720 714 831 763 rev,
858 707 911 752 et
939 700 1249 754 benedicam
1277 715 1474 754 nomen
1499 708 1648 753 tttum
1679 700 1730 752 in
1764 700 2038 754 steeulum.
2058 718 2075 750 ι

511 787 574 840 Et
616 806 630 844 :
667 810 682 839 ι
715 788 816 844 Per
839 790 1082 858 singulos
1107 790 1222 844 dies
1253 791 1572 845 benedicam
1603 792 1696 845 tibi
1725 809 1738 857 ;
1766 803 1818 845 et
1847 791 2080 843 laudabo

509 893 708 930 nomen
753 887 896 931 tuum
935 877 986 930 in
1014 880 1269 933 srcculunt
1307 889 1362 934 et
1393 881 1444 933 in
1477 880 1729 935 saeculum
1765 880 1946 934 saeculi
1979 880 2074 931 ¹³.›

511 970 616 1022 lit:
657 987 674 1019 ι
713 969 952 1022 Λιῑίιιιξεὶι
984 972 1162 1023 anima
1193 985 1310 1024 mea
1362 981 1480 1039 post
1530 981 1580 1025 te
1615 971 1675 1023 ”.
1719 970 1948 1038 )lEllﬂlll
1985 985 2080 1024 nos

510 1061 779 1116 a.lunatet
808 1061 1233 1116 invitatdicens:
1261 1081 1278 1113 ι
1300 1062 1537 1117 Laudate
1559 1065 1864 1127 Dominum,
1890 1079 2078 1118 omnes

513 1163 652 1220 gent:
675 1169 720 1213 s,
756 1153 971 1207 laudate
995 1170 1141 1215 eum,
1172 1169 1362 1208 omnes
1399 1155 1582 1224 populi
1615 1156 1711 1206 ¹⁵.›
1739 1154 1847 1207 Nos
1871 1165 2083 1221 quoque

514 1244 674 1306 igitur
699 1245 751 1297 in
792 1245 941 1298 boris
968 1246 1190 1300 statutis
1222 1247 1387 1299 Deum
1417 1248 1722 1309 laudemus,
1755 1256 1810 1300 et
1832 1246 2082 1300 alacriter

515 1352 815 1406 surgamus,
832 1346 882 1390 cl
900 1345 1007 1391 tota
1031 1336 1611 1407 Spiritusintelligentia
1631 1354 1752 1392 cum
1780 1349 2082 1402 cantemus,

515 1429 639 1496 quia
678 1430 790 1496 ipse
817 1439 901 1483 est
925 1430 1187 1484 Dominus
1215 1431 1355 1483 Deus
1394 1441 1601 1495 noster,
1636 1441 1687 1484 et
1717 1432 1828 1499 ipse
1855 1431 2084 1485 salvabit

517 1534 635 1571 nos.
664 1518 1082 1588 Pritnoquidem
1126 1521 1480 1588 septuplicem
1508 1522 1719 1575 laudem
1754 1523 1803 1574 in
1837 1519 2080 1576 Ecclesia

516 1607 776 1660 habemus
814 1625 827 1669 ;
864 1610 1052 1661 mediae
1101 1609 1276 1663 noctis
1303 1610 1571 1663 canticum
1596 1619 1649 1663 et
1683 1610 1929 1676 dilueuli,
1960 1629 2081 1666 cum

516 1699 688 1766 prima
719 1698 872 1762 hora,
897 1699 1029 1752 liora
1061 1700 1238 1764 tertia,
1273 1707 1445 1761 sexta,
1469 1715 1629 1761 nona,
1658 1712 1711 1754 et
1737 1705 2084 1771 vespertinus

2185 533 2318 586 στην
2350 517 2519 568 νύκτα
2556 517 2653 584 τὴν
2704 515 2895 583 κλίνην
2949 531 3075 583 μου,
3129 515 3186 564 ἐν
3235 509 3466 582 δάκρυσί
3519 528 3622 577 μου
3663 511 3764 579 τὴν

2187 609 2480 677 στρωμνήν
2517 625 2616 676 μου
2647 606 2843 675 βρέξω,
2885 624 2902 656 t
2960 605 3052 656 καὶ
3099 606 3263 672 ἡμεῖς
3293 603 3360 656 τὰ
3405 604 3513 656 τῶν
3545 601 3764 656 ἀποδεῖς

2185 715 2332 750 τινων
2349 699 2425 764 τῷ
2450 700 2638 767 Κυρίῳ
2660 697 3024 768 προσᾴδομεν.
3048 697 3154 749 Kal
3181 697 3409 748 πάντοτε
3437 696 3537 760 μὲν
3557 698 3764 758 ἐκεῖνος

2184 788 2343 856 ὑμνεῖ
2365 791 2454 841 καὶ
2476 787 2695 858 εὔχεται
2717 791 2856 841 κατὰ
2887 788 2965 852 τὸ,
2993 807 3010 839 ι
3033 787 3266 856 ’Υψώσιυ
3287 805 3364 850 σε,
3385 790 3411 838 ὁ
3433 789 3564 848 Θεός
3585 805 3712 856 μου,
3735 791 3762 839 ὁ

2186 879 2441 950 βασιλεύς
2493 899 2616 949 μου,
2651 885 2746 932 καὶ
2779 879 3065 947 εὐλογήσω
3109 879 3169 931 τὸ
3213 878 3386 944 ὄνομά
3430 895 3524 929 σου
3562 880 3638 939 είς
3672 876 3762 928 τὸν

2183 971 2376 1026 αἰῶνα·
2394 989 2410 1022 ι
2434 972 2552 1033 καὶ,
2578 988 2596 1020 ι
2619 970 2755 1022 Καθ’
2773 970 3015 1038 ἑκάστην
3035 968 3248 1038 ἡμέραν
3266 967 3546 1035 εὐλογήσω
3566 984 3647 1028 σε,
3666 971 3761 1020 καὶ

2184 1064 2386 1116 αἰνέσω
2402 1065 2460 1114 τὸ
2481 1062 2654 1131 ὄνομά
2677 1079 2772 1114 σου
2807 1063 2886 1125 είς
2917 1062 3011 1113 τὸν
3029 1061 3199 1113 αίῶνα
3233 1060 3326 1112 καὶ
3356 1062 3433 1121 εἰς
3468 1060 3562 1111 τὸν
3587 1060 3761 1112 αἰῶνα

2185 1154 2279 1208 τοῦ
2317 1155 2547 1215 αἰῶνοςο
2589 1171 2607 1204 ι
2645 1154 2764 1216 καὶ,
2807 1173 2823 1205 ι
2881 1153 3179 1222 Ἐκολλήθη
3217 1153 3247 1220 ἡ
3285 1150 3428 1221 ψυχή
3460 1164 3559 1219 μου
3586 1150 3760 1200 ὀπίσω

2187 1263 2303 1300 σου.
2342 1264 2359 1298 ι
2388 1247 2495 1298 Καὶ
2520 1247 2665 1314 ἡμᾶς
2688 1244 3076 1314 προσκαλεῖται
3107 1242 3300 1309 λέγων,
3373 1259 3391 1292 ι
3423 1242 3632 1292 Αἰνεῖτε
3666 1240 3758 1291 τον

2185 1337 2344 1408 365
2365 1338 2586 1406 Κύριον,
2608 1339 2784 1389 πάντα
2807 1336 2874 1388 τὰ
2907 1334 3397 1402 ἔθνη,ὲπαινέσατε
3420 1332 3602 1394 αὑτὸν,
3623 1331 3756 1383 πάν-

2185 1447 2272 1491 τες
2306 1429 2352 1480 οί
2397 1427 2534 1480 λαοί.
2574 1446 2591 1478 ι
2635 1429 2833 1494 ἰίμεῖς
2879 1427 2932 1479 δὲ
2969 1427 3069 1479 κᾶν
3099 1427 3156 1479 ἐν
3200 1427 3321 1486 ταῖς
3370 1423 3756 1491 ἀποτεταγμέ-

2186 1538 2305 1582 vn;
2336 1519 2507 1590 ὥραις
2538 1519 2726 1573 τοῦτον
2771 1520 3098 1588 αίνέσωμεν,
3144 1519 3238 1571 καὶ
3283 1517 3578 1588 προθύμως
3615 1517 3757 1568 στῶ-

2191 1628 2312 1681 μεν,
2349 1612 2443 1666 καὶ
2475 1611 2572 1684 ὅλῃ
2603 1612 2812 1682 διανοίᾳ
2838 1611 3002 1665 αὐτὸν
3037 1611 3454 1680 ἁνυμνήσωμεν·
3485 1611 3565 1662 ὅτι
3597 1609 3758 1670 αὐτος

2189 1703 2391 1768 Κύριος
2422 1702 2448 1752 ὁ
2466 1701 2597 1764 Θεὸς
2620 1702 2795 1770 ἡμῶν,
2821 1701 2914 1753 καὶ
2951 1700 3112 1760 αὐτὸς
3141 1699 3304 1752 σώσει
3327 1700 3494 1768 ἡμᾶς.
3532 1697 3678 1760 Τέως
3696 1698 3753 1750 δὲ

515 1796 638 1856 post
695 1804 903 1842 cautam
943 1799 1155 1844 cantus.
1197 1788 1450 1861 llymnus
1481 1802 1659 1846 autem
1693 1795 1879 1848 media:
1909 1795 2078 1848 noctis

2187 1791 2324 1844 ἑπτὰ
2347 1790 2578 1855 αίνέσεις
2603 1792 2752 1862 παρὰ
2773 1795 2836 1862 τῇ
2862 1791 3164 1861 Ἐκκλησία
3184 1793 3311 1852 εἰσὶ,
3339 1789 3752 1860 μεσονυκτικδν,

512 1887 737 1947 propter
793 1878 1088 1935 Sawatoris
1141 1884 1600 1937 resurrectionem
1655 1893 1711 1937 et
1773 1885 2075 1939 secundum

511 1971 824 2035 adventum,
859 1986 980 2024 cum
1017 1971 1198 2025 veniet
1230 1979 1288 2024 ut
1317 1988 1546 2040 sponsus
1579 1974 1748 2044 gloria
1777 1976 2080 2029 circumda-

513 2072 620 2114 tus.
652 2061 786 2116 Dicit
814 2062 958 2116 enim
995 2063 1109 2132 ipse
1150 2077 1162 2115 :
1202 2081 1220 2115 ι
1262 2058 1436 2118 Media
1463 2074 1621 2119 nocte
1658 2065 1862 2119 clamor
1902 2065 2079 2120 factus

510 2164 626 2207 est:
663 2151 801 2207 Ecce
828 2170 1062 2222 sponsus
1093 2154 1256 2220 venit,
1289 2155 1434 2209 exite
1461 2157 1672 2210 obviam
1697 2156 1745 2210 ei
1781 2156 1873 2210 ".i
1914 2156 2079 2226 llym-

510 2261 614 2298 nus
663 2247 886 2299 tliluculi
941 2247 992 2299 in
1032 2247 1328 2315 gratiarum
1371 2247 1640 2301 aetiuncm
1689 2247 1833 2316 quod
1885 2247 2079 2316 fugans

513 2336 764 2390 tenebras
797 2336 952 2389 nobis
981 2335 1106 2389 fecit
1138 2337 1312 2390 lucem
1357 2337 1695 2391 illucesccre.
1732 2338 1853 2392 Ideo
1896 2339 2076 2390 Slalilll

513 2442 633 2496 νοεῖ
670 2428 818 2481 illum
860 2429 1036 2497 agitur
1067 2428 1182 2482 laus
1208 2430 1356 2483 liortc
1383 2429 1591 2496 prim-.e,
1626 2441 1677 2482 ut
1717 2429 1767 2482 iu
1810 2429 2079 2497 principio

512 2522 618 2575 diei
652 2522 717 2573 ad
753 2521 941 2588 Deum,
976 2530 1236 2576 canentes
1294 2521 1517 2592 gloriam
1567 2524 1687 2590 ejus
1735 2525 2076 2576 accedamus.

511 2611 570 2664 in
611 2611 769 2664 tertia
815 2611 943 2665 hora
975 2611 1043 2665 de
1085 2610 1322 2682 Spiritus
1369 2613 1545 2667 sancti
1582 2613 1847 2667 etinsione
1879 2613 2079 2683 gratias

513 2715 792 2760 cantantes
843 2707 1070 2771 agimus.
1129 2705 1288 2760 Sexta
1324 2707 1456 2760 liora
1490 2707 1896 2761 cruciﬁxionem
1965 2708 2080 2762 Sal-

512 2797 715 2851 vatoris
751 2796 1098 2852 recordamur
1124 2796 1216 2866 qui
1259 2797 1312 2850 in
1339 2797 1442 2851 hac
1477 2797 1623 2850 cruci
1663 2794 1854 2851 aliixus
1881 2806 1984 2862 est,
2021 2809 2079 2853 ut

511 2887 640 2942 Adae
676 2888 890 2957 culpam
931 2898 1244 2954 evacuamt,
1280 2904 1396 2956 quae
1421 2890 1627 2957 pariter
1656 2889 1785 2940 liora
1825 2898 1972 2943 sexta
2005 2889 2080 2943 Io-

513 2997 632 3034 cum
670 2981 954 3034 habuerat.
988 2979 1128 3034 llora
1166 2996 1304 3036 nona
1346 2981 1561 3036 Domini
1614 2983 1784 3035 nostri
1842 2992 2074 3036 mortem

512 3073 659 3126 canit
685 3071 1047 3126 viviﬁcantem
1084 3073 1140 3126 in
1182 3087 1363 3139 cruce,
1408 3088 1506 3140 per
1545 3089 1704 3142 quam
1746 3074 1873 3127 Adae
1917 3071 2078 3126 solvit

2183 1880 2375 1951 ὄρθρος
2401 1883 2495 1936 σὺν
2523 1885 2587 1953 τῇ
2620 1882 2808 1954 πρώτῃ
2843 1882 2981 1954 ὥρᾳ,
3005 1882 3161 1953 τρίτη
3187 1881 3326 1952 ὥρα,
3350 1882 3504 1950 ἕκτη,
3536 1881 3751 1947 ὲννὰτη.

2183 1974 2493 2044 ἑσπερινὺς.
2553 1977 2647 2029 καὶ
2693 1975 3014 2030 ἀπόδειπνα.
3061 1975 3173 2028 Kal
3222 1972 3607 2044 μεσονυκτικδς
3655 1970 3754 2040 μὲν

2184 2065 2349 2134 ῦμνος
2381 2066 2466 2119 διὰ
2492 2067 2590 2136 τὴν
2621 2067 2712 2120 τοῦ
2748 2067 2999 2136 Σωτῆρος
3024 2067 3323 2120 ἀνάστασιν
3353 2067 3450 2118 καὶ
3507 2065 3603 2132 τὴν
3632 2065 3753 2115 δευ-

2181 2156 2345 2227 τέραν
2377 2157 2544 2211 αὑτοῦ
2576 2159 2907 2227 παρουσίαν,
2945 2159 3032 2212 ὅτε
3057 2158 3130 2221 ὥς
3163 2157 3394 2226 νυμφίος
3429 2157 3565 2226 μετὰ
3594 2155 3753 2224 δόξης

2185 2250 2484 2306 ἐλεύσεται.
2519 2253 2628 2305 Καὶ
2652 2253 2759 2320 γάρ
2796 2267 2960 2320 φησιν
2991 2250 3172 2311 αὐτὸς,
3207 2268 3225 2300 ι
3257 2250 3443 2318 Μέσης
3473 2247 3532 2299 δὲ
3559 2248 3756 2308 νυκτὸς

2183 2343 2398 2412 κραυγὴ
2427 2342 2668 2410 γέγονεν·
2697 2342 2830 2395 Ἰδοὺ
2859 2343 2887 2393 ὁ
2920 2342 3149 2410 νυμφίος
3179 2339 3418 2410 ἔρχεται,
3464 2337 3754 2406 ἐξέρχεσθε

2182 2433 2261 2494 εἰς
2293 2434 2598 2501 ἀπάντησιν
2638 2432 2824 2486 αὑτοῦ·
2858 2448 2887 2485 't
2940 2435 2966 2486 ὁ
2999 2433 3090 2484 τοῦ
3132 2425 3332 2501 ’ὄρθρου
3383 2431 3440 2483 δὲ
3491 2431 3560 2482 δι’
3591 2429 3758 2497 εύχαο

2184 2526 2393 2595 ριστίαν
2425 2523 2516 2577 τοῦ
2549 2524 2699 2579 λύειν
2746 2527 2806 2579 τὸ
2857 2525 3068 2587 σκότος,
3118 2529 3212 2577 καὶ
3260 2523 3500 2592 ἐγγίζειν
3527 2523 3658 2590 ἡμῖν
3696 2521 3757 2571 τδ

2183 2618 2319 2686 φῶς.
2353 2617 2444 2670 Διὸ
2478 2619 2766 2678 συναπτῶς
2799 2618 2973 2689 τούτῳ
3015 2618 3168 2685 καὶὴ
3213 2617 3312 2684 τῆς
3345 2615 3569 2685 πρώτης
3604 2612 3757 2682 ὥρας

2181 2709 2402 2776 λέγεται
2436 2709 2774 2772 αίνεσις,ιίς
2809 2709 3063 2779 ἀπαρχὴν
3093 2710 3190 2778 τῆς
3222 2708 3462 2776 ἡμέρας,
3493 2705 3630 2774 μετὰ
3670 2705 3760 2756 δοο

2183 2801 2429 2868 ξολογίας
2461 2801 2848 2871 προσαγομένη
2883 2800 3022 2870 Θεῷ.
3055 2800 3142 2851 Ἐν
3175 2800 3229 2852 δέ
3261 2816 3323 2867 γε
3353 2801 3419 2869 τῇ
3452 2799 3610 2868 τρίτῃ
3633 2796 3760 2866 ὥρᾳ,

2180 2893 2270 2946 διὰ
2306 2892 2404 2962 τὴν
2434 2894 2731 2962 ἐπιδημίαν
2760 2891 2856 2945 τ’,ὖ
2883 2893 3030 2946 θείου
3058 2890 3374 2959 Πνεῦματος
3406 2888 3762 2960 εὐχαριστοί-

2183 3001 2284 3054 μεν
2320 2986 2412 3036 καὶ
2447 2985 2748 3054 μέλπομεν
2785 2986 2842 3036 ὲν
2881 2987 2944 3053 τῇ
2982 2984 3116 3054 ’ἕκτῃ
3151 2983 3208 3036 δὲ
3253 2980 3338 3036 διὰ
3379 2981 3478 3051 τὴν
3520 2980 3618 3032 τοῦ
3643 2982 3761 3032 Σω-

2181 3079 2348 3147 τῆρος
2397 3079 2728 3150 σταύρωσιν,
2761 3081 2817 3131 ἐν
2846 3079 3016 3150 ταύτῃ
3064 3082 3129 3150 τῇ
3173 3078 3290 3149 ὥρᾳ
3327 3075 3754 3145 σταυριοθέντος,

515 3161 1044 3215 condetunatimtetn.
1088 3160 1294 3216 Cantus
1339 3165 1682 3231 vespertinus
1719 3165 1783 3216 ad
1816 3163 1918 3215 hoc
1955 3177 2078 3231 pro-

2185 3171 2242 3224 ὲν
2347 3171 2442 3222 καὶ
2491 3171 2589 3241 τὴν
2640 3170 2954 3242 παράϐασιν
3003 3170 3256 3235 ὲξιάτατο
3301 3170 3394 3222 τοῦ
3441 3169 3638 3236 Ἀδὰμ,
3697 3170 3758 3219 ὲν

509 3245 680 3304 tuitur
716 3261 770 3305 ut
803 3253 1001 3322 gratias
1031 3254 1139 3306 Deo
1183 3268 1426 3320 agamus,
1475 3255 1616 3320 quod
1665 3255 1716 3305 in
1774 3254 1877 3306 diei
1917 3253 2076 3305 linem

514 3347 862 3412 pervenimus
909 3353 962 3398 et
994 3344 1059 3398 ad
1098 3345 1470 3398 honorandum
1505 3344 1802 3400 Salvatoris
1833 3346 2077 3415 sepultu-

517 3452 650 3500 iam,
685 3454 804 3505 qua:
831 3437 1156 3505 vespertinis
1183 3437 1335 3491 boris
1366 3437 1657 3505 adimpleta
1693 3449 1795 3491 est.
1832 3437 1896 3491 Et
1930 3437 2082 3490 deni-

512 3545 617 3596 que
654 3539 770 3598 post
804 3544 1013 3582 cmnatn
1046 3531 1238 3583 iterum
1262 3529 1547 3582 laudamus
1579 3529 1770 3594 Deum,
1805 3529 1929 3598 quia
1957 3537 2078 3597 post

514 3622 748 3674 laborem
780 3621 937 3676 nobis
967 3621 1183 3674 advenit
1217 3620 1464 3690 requies;
1493 3631 1544 3673 et
1569 3621 1665 3690 ipsi
1698 3636 2080 3675 consecremus

513 3713 728 3767 initium
767 3714 1326 3783 noctis,postulantes
1364 3724 1416 3766 ut
1458 3723 1566 3766 tota
1600 3713 1809 3766 labatur
1842 3712 1894 3766 in
1925 3726 2074 3782 pace,

512 3817 566 3860 et
599 3815 653 3859 ut
689 3803 740 3858 in
775 3820 907 3874 pace
937 3806 1268 3860 dormientes
1292 3807 1484 3858 iterum
1517 3821 1800 3875 surgamus
1827 3816 1878 3860 et
1903 3806 2077 3858 lucem

513 3897 698 3950 videre
742 3895 1030 3964 possimus,
1085 3905 1248 3962 atque
1287 3893 1469 3947 omnia
1525 3894 1780 3948 subtilius
1829 3906 1881 3948 et
1933 3893 2072 3947 divi-

515 3977 637 4041 nius
681 4003 709 4039 a
752 3986 909 4040 nobis
959 3985 1126 4054 probe
1181 3983 1606 4052 intelligentibus
1655 3997 2073 4053 cognoscantur.

513 4077 824 4133 Meminisse
889 4077 1032 4132 enim
1092 4078 1357 4132 debemus
1406 4091 1655 4129 somnum
1710 4091 1829 4130 esse
1881 4077 2075 4132 mortis

509 4169 820 4239 imaginem,
858 4168 985 4221 dum
1030 4167 1299 4237 evigilatio
1345 4167 1503 4220 nobis
1533 4165 1734 4220 indicat
1757 4166 1904 4220 illam
1939 4175 2064 4236 post
2117 4180 2135 4200 ⁶

504 4271 735 4315 mortem
793 4260 1027 4314 futuram
1078 4260 1553 4314 resurrectionem.
1609 4259 1740 4314 ltcm
1787 4259 1964 4312 noctis
2022 4259 2114 4313 et’

506 4351 612 4404 diei
667 4352 940 4404 successio
974 4351 1130 4405 nobis
1161 4351 1492 4420 sperandum
1541 4350 1725 4403 innuit
1770 4359 1892 4418 post
1933 4349 2072 4404 hanc

505 4439 717 4491 umbris
747 4438 976 4492 olIusam
1030 4440 1458 4507 impacatamun
1505 4447 1557 4492 et
1591 4439 1742 4492 curis
1772 4439 2065 4493 exercitam

2187 3262 2324 3332 αὐτῇ
2365 3265 2432 3332 τῇ
2473 3261 2607 3332 ἕκτῃ
2641 3263 2952 3330 γεγονυῖαν.
2996 3261 3059 3312 Ἦ
3094 3245 3290 3328 ὲννάτη
3328 3261 3382 3312 δὲ
3422 3258 3509 3311 διὰ
3541 3257 3634 3311 τὸν
3660 3260 3756 3309 ἐπὶ

2180 3351 2274 3404 τοῦ
2309 3351 2544 3420 σταυροῦ
2579 3352 2841 3415 ζωοποιὸν
2890 3353 3057 3407 αὐτοῦ
3087 3352 3178 3405 τοῦ
3212 3353 3419 3422 Κυρίου
3451 3351 3607 3420 ἡμῶν
3656 3350 3757 3402 0i-

2184 3459 2376 3508 νατον,
2410 3440 2479 3495 δι’
2509 3437 2570 3496 οῦ
2607 3443 2763 3496 ἔλυσε
2807 3444 2904 3513 τὴν
2953 3445 3275 3514 κατάκρισιν
3313 3443 3406 3498 τοῦ
3453 3442 3644 3512 ’Λδάμ.
3693 3441 3756 3494 ὐ

2181 3537 2469 3607 ἐσπερινδς
2497 3537 2573 3602 δὲ,
2610 3537 2930 3609 εὐχαριστία
2967 3539 3051 3592 ὅτι
3085 3539 3216 3608 πρὸς
3261 3539 3320 3591 τὸ
3370 3537 3514 3599 τέλος
3548 3553 3757 3604 κατην-

2177 3630 2426 3698 τήσαμεν
2456 3629 2556 3700 τῆς
2584 3630 2817 3699 ἡμέρας·
2853 3629 2934 3682 ἔτι
2965 3630 3020 3683 δὲ
3047 3629 3142 3683 καὶ
3180 3629 3270 3682 διὰ
3305 3631 3401 3697 τὴν
3429 3625 3521 3680 τοῦ
3563 3627 3751 3695 Σωτῆ-

2182 3738 2272 3791 po;
2326 3722 2481 3790 ἡμῶν
2516 3724 2718 3791 ταφήν·
2751 3723 2808 3774 ὲν
2841 3722 3049 3792 ἑσπέρα
3082 3723 3190 3791 γάρ
3226 3721 3510 3774 τέθαπται.
3542 3720 3652 3770 Καὶ
3682 3718 3752 3770 τὰ

2181 3811 2509 3875 ἀπόδειπνα,
2541 3813 2623 3866 ὅτι
2655 3813 2735 3877 είς
2763 3813 3071 3866 ἀνάπαυσιν
3121 3814 3540 3881 κατηντήσαμεν
3566 3811 3631 3862 ὲκ
3658 3809 3750 3861 τοῦ

2179 3903 2372 3969 κόπου,
2404 3905 2498 3958 καὶ
2543 3904 2643 3973 τὴν
2687 3904 2946 3975 ἀπαρχὴν
2983 3904 3132 3972 αὐτῷ
3171 3904 3268 3971 τῆς
3298 3903 3489 3965 νυκτὸς
3538 3901 3752 3968 προσά-

2178 4011 2370 4061 γομεν,
2420 3995 2730 4062 αἰτούμενοι
2767 3997 2949 4049 πᾶσαν
2992 3995 3138 4066 ἔχειν
3182 3996 3486 4064 είρηνικὴν,
3534 3993 3630 4046 καὶ
3664 3992 3751 4044 ἴνα

2177 4089 2235 4138 ὲν
2266 4087 2460 4158 εἰρήνῃ
2488 4086 2836 4150 ύπνώσαντες
2871 4088 3221 4156 ἀναστῶμεν,
3256 4087 3451 4146 ἰδόντες
3496 4085 3662 4136 πάλιν
3690 4084 3754 4135 τὺ

2178 4177 2314 4246 φῶς.
2344 4178 2416 4231 "A
2439 4181 2617 4232 πάντα
2648 4178 2742 4232 καὶ
2767 4179 3108 4247 λεπτοτέρως
3132 4179 3226 4230 καὶ
3254 4177 3540 4246 θειοτέρως
3568 4176 3756 4227 νοοῦν-

2175 4281 2267 4317 ται
2313 4267 2426 4328 τοῖς
2459 4267 2720 4319 συνιοῦσι.
2770 4268 2880 4318 Καὶ
2930 4268 2990 4319 ὲκ
3041 4267 3137 4336 μὲν
3185 4264 3280 4318 τοῦ
3322 4261 3623 4317 ὑπνώττειν
3657 4265 3755 4315 καὶ

2175 4356 2546 4426 ἐξεγείρεσθαι
2596 4358 2686 4410 τὸν
2725 4359 2957 4411 θάνατον
2991 4357 3136 4410 ἔστιν
3179 4357 3375 4408 ἐννοεῖν
3401 4355 3505 4408 καὶ
3540 4355 3640 4426 τὴν
3687 4355 3755 4407 ἐκ

2179 4449 2270 4502 τοῦ
2307 4449 2539 4502 θανάτου
2577 4449 2885 4518 μέλλουσαν
2928 4449 3146 4517 ἐκείνην
3189 4447 3501 4502 ἀνάστασιν·
3538 4448 3599 4498 ὲκ
3652 4445 3755 4513 τῆς

508 4529 672 4581 vitam
707 4531 821 4582 lore
865 4537 919 4581 ut
967 4528 1246 4582 illucescat
1296 4529 1512 4580 tandem
1566 4529 1655 4581 illa
1707 4529 1824 4582 sine
1876 4544 2072 4584 occasu

2181 4541 2377 4602 νυκτὸς
2405 4540 2463 4593 δὲ
2495 4540 2707 4611 ἡμέραν
2751 4540 2850 4608 τὴν
2879 4540 2940 4591 ἐκ
2970 4538 3063 4591 τοῦ
3118 4537 3391 4591 σκοτεινοῦ
3435 4536 3628 4589 τούτου
3657 4536 3757 4588 καὶ

508 4620 623 4673 dies
649 4628 700 4674 et
727 4620 1012 4688 tranttuilla
1038 4619 1155 4672 sine
1187 4620 1291 4672 line
1325 4620 1452 4672 vita.
1479 4617 1687 4673 Caetera
1718 4625 1896 4673 autem
1921 4619 2074 4674 simi-

507 4711 631 4763 liter
662 4717 874 4777 oportet
922 4709 1180 4778 intelligat
1209 4709 1299 4778 qui
1351 4707 1520 4762 Deum
1581 4707 1775 4776 diligit,
1831 4717 1890 4762 ut
1944 4708 2072 4762 alibi

503 4815 603 4854 nos
631 4815 727 4869 pro
760 4800 964 4854 viribus
1000 4800 1351 4867 caposuimus
1403 4797 1555 4864 juxta
1593 4799 1786 4868 placita
1824 4797 2068 4855 Patrum.

504 4895 798 4964 Septuplex
853 4893 1017 4962 igitur
1071 4890 1181 4946 Deo
1234 4892 1352 4946 laus
1383 4901 1468 4947 est
1516 4892 1739 4946 dicenda
1786 4909 1798 4955 ;
1840 4893 1930 4947 sed
1963 4907 2072 4961 prae

505 4986 609 5040 illis
636 4987 892 5040 omnibus
919 5000 1069 5038 suam
1098 4985 1336 5050 unicam,
1367 4986 1639 5054 prepriam
1667 4993 1721 5037 et
1749 4984 2070 5037 altissimam

504 5079 714 5132 ordinis
749 5077 1006 5130 rationem
1043 5075 1206 5130 liabet
1243 5075 1423 5129 divina
1458 5076 1599 5129 actio
1635 5086 1835 5129 sancta:
1867 5083 2070 5145 mysta-

505 5169 708 5239 gogia';
749 5169 860 5221 lta'c
910 5169 1051 5221 cnim
1089 5166 1362 5235 proprium
1395 5175 1476 5218 est
1517 5180 1651 5234 opus
1679 5175 1733 5218 ει
1768 5164 1978 5219 Domini
2013 5174 2068 5220 et

505 5262 847 5317 sacerdotum
877 5262 1013 5330 ejus.
1048 5275 1144 5314 nec
1174 5275 1410 5328 unquam
1434 5259 1714 5328 adimpleri
1745 5269 1918 5328 potest
1947 5261 2073 5314 abs-

505 5369 612 5421 que
635 5353 918 5408 sacerdote
971 5353 1053 5405 vel
1110 5351 1291 5404 altari.
1363 5348 1488 5403 llzec
1549 5366 1677 5419 ergo
1735 5365 1854 5418 quae
1908 5365 2073 5418 super

506 5453 742 5496 mentem
775 5453 904 5496 sunt
939 5443 1124 5506 donat,
1165 5451 1219 5495 cl
1245 5457 1364 5496 eum
1400 5441 1489 5510 qui
1538 5442 1696 5511 digne
1727 5441 2068 5510 participavit

505 5534 690 5587 divina
727 5537 976 5604 mysmria
1008 5534 1450 5604 concorporalem
1483 5533 1643 5587 cllicit
1675 5533 1909 5597 Christo,
1931 5544 1982 5585 ct
2012 5544 2068 5586 ut

583 5708 700 5802 ξιοη
736 5711 876 5767 Psal.
912 5729 982 5778 vi,
1023 5716 1074 5768 7.
1191 5717 1231 5746 ¹³
1256 5716 1396 5772 Psal.
1422 5731 1602 5788 cum
1630 5719 1680 5785 ίν
1705 5717 1758 5772 2-

1839 5721 1879 5752 “
1909 5718 2052 5774 Psal.
2085 5735 2210 5786 an,
2237 5721 2292 5774 9.

2180 4632 2528 4702 ταραχώδους
2559 4631 2676 4701 βίον
2713 4631 2846 4699 προς
2874 4633 2974 4700 τὴν
3019 4629 3320 4698 ἀνέσπερον
3353 4629 3570 4697 ἐκείνην
3606 4627 3753 4696 ὴμέ-

2185 4741 2287 4794 ραν
2320 4723 2413 4776 καὶ
2442 4721 2588 4791 ζωὴν
2619 4721 2951 4791 μεταϐίωσιν
2975 4737 2989 4750 ο
3043 4722 3137 4772 καὶ
3173 4719 3242 4771 τὰ
3269 4719 3431 4771 λοιπὰ
3461 4718 3516 4771 δὲ
3550 4719 3756 4786 ὁμοίως

2181 4813 2287 4886 χρὴ
2313 4815 2454 4866 νοεῖν
2485 4813 2577 4864 τὸν
2609 4812 2856 4880 θεοφιλῆ,
2885 4813 2959 4874 ὡς
2991 4814 3084 4864 καὶ
3116 4812 3172 4862 ὲν
3206 4810 3386 4871 ἄλλοις
3422 4811 3583 4878 ἡμεῖς
3622 4809 3754 4876 περὶ

2178 4902 2370 4954 τούτου
2401 4901 2540 4952 κατὰ
2573 4899 2805 4960 δύναμιν
2837 4899 3111 4967 ἡμετέραν
3137 4897 3468 4966 είρὴκαμεν,
3500 4894 3606 4945 ἀπὸ
3641 4893 3754 4944 τῶν

2179 4992 2444 5062 Πατὲρων
2481 4990 2758 5050 λαϐόντες.
2814 4990 2923 5042 Καὶ
2959 4990 2991 5059 ἡ
3021 4987 3118 5056 μὲν
3153 4987 3380 5048 ἑπτάκι-ς
3432 4983 3641 5042 αῖνεσις
3695 4983 3755 5033 ἐν

2175 5085 2407 5146 τούτοις·
2461 5085 2494 5152 ἡ
2535 5083 2653 5135 θεία
2705 5081 2762 5133 δὲ
2812 5080 2964 5144 τάξις
3012 5081 3110 5147 τῆς
3151 5079 3302 5146 ἱερᾶς
3359 5073 3754 5146 μυσταγωγίας

2179 5175 2285 5227 ίδία
2312 5174 2464 5241 παρὰ
2496 5173 2675 5236 πάσας
2714 5169 2918 5232 ταύτας
2959 5171 3124 5232 ἐστὶν,
3157 5167 3232 5230 ὥς
3259 5165 3418 5236 ἔργον
3444 5163 3580 5217 οὖσα
3613 5161 3753 5213 ἴδιον

2171 5263 2265 5315 τοῦ
2297 5262 2503 5331 Κυρίου
2539 5261 2633 5314 καὶ
2667 5261 2765 5328 τῆς
2794 5257 3094 5328 ἱερωσύνης
3132 5256 3316 5317 αὑτοῦ,
3353 5255 3445 5307 καὶ
3480 5253 3554 5322 μὴ
3583 5252 3753 5305 δυνα-

2171 5355 2264 5406 τὸν
2307 5351 2576 5404 τελεῖσθαι
2613 5349 2819 5416 ταύτην
2859 5349 3030 5418 χωρὶς
3083 5347 3271 5416 ἱερέως
3304 5344 3460 5406 ὅλως,
3499 5341 3532 5410 ἢ
3564 5345 3756 5394 θυσια-

2177 5442 2423 5510 στηρίου.
2454 5440 2600 5507 Λῦτη
2643 5438 2824 5490 τοίνυν
2870 5441 2936 5491 τὰ
2987 5437 3127 5505 ὑπὲρ
3172 5433 3295 5487 νοῦν
3324 5434 3601 5501 δωρεῖται·
3655 5431 3755 5483 καὶ

2175 5535 2265 5586 τὸν
2299 5533 2397 5601 μὲν
2441 5529 2804 5583 κοινωνοῦντα
2835 5530 2940 5583 τῶν
2972 5527 3287 5598 μυστηρίων
3320 5525 3483 5590 ἀξίως
3531 5523 3756 5578 σύσσω-

2371 5721 2411 5752 ¹⁵
2439 5719 2579 5774 Psal.
2605 5733 2747 5787 cxvr,
2789 5719 2840 5774 1.
2920 5718 2962 5749 ¹⁶
2993 5715 3182 5772 Matth.
3204 5727 3328 5780 xxv,
3355 5711 3409 5769 6.
