4064 6204
352 257 448 322 9H

957 299 976 308 -
1053 233 1444 332 ιιΕεΡοΝεΑ
1489 273 1589 332 AD
1629 273 1916 332 GABRIE

2032 273 2078 332 Μ
2115 275 2835 338 PENTAPOLITANUM.

3509 276 3612 338 91?.

355 400 458 452 μον
489 384 728 438 ποιεῖται
773 385 1018 456 Χριστῷ,
1061 390 1158 442 καὶ
1192 388 1252 443 ἓν
1283 391 1444 460 μέλος
1479 392 1772 463 καθίστησι
1813 391 1927 462 μετ’

2037 393 2340 448 membrum
2369 408 2537 448 unum
2570 395 2646 448 illi
2694 402 2932 461 coaptat,
2979 401 3032 446 et
3077 391 3336 460 templum
3378 391 3608 448 Domino

349 475 542 542 αὐτοῦ,
573 477 666 530 καὶ
697 477 824 532 ναὸν
856 479 1058 549 Κυρίου
1091 483 1514 549 κατασκευάζει.
1545 485 1686 549 Τοὺς
1714 485 1788 556 μὴ
1817 503 1928 540 κοι-

345 566 656 632 νωνοῦντας
683 570 752 640 δὲ,
776 572 842 625 δι’
871 573 1186 642 εὐλάϐειαν,
1215 577 1400 630 πίστει
1428 579 1486 632 δὲ
1517 580 1612 632 καὶ
1644 579 1928 650 προθυμίᾳ

351 663 826 729 παρισταμένους,
883 667 994 718 τῶν
1045 668 1469 739 ἁμαρτημάτων
1522 672 1799 739 καθαίρει,
1832 673 1928 724 ἀλ-

349 753 486 806 λοιοῖ
513 755 651 821 πρὸς
679 757 746 810 τὰ
771 758 1082 825 κρείττονα,
1118 763 1260 826 μετὰ
1284 763 1394 816 τῶν
1423 763 1677 830 ἀγγέλων
1703 767 1798 816 καὶ
1820 765 1928 817 τῶν

351 844 526 912 ἁγίων
565 845 697 910 ἑνοῖ,
743 849 1020 919 ἁγιασμοῢ
1052 851 1198 906 θείου
1231 831 1448 922 πληροῖ,
1478 855 1572 908 καὶ
1600 854 1779 924 ψυχὴν
1813 871 1929 922 φω-

349 933 511 1001 τίζει,
546 938 642 1016 καὶ
674 939 854 1008 λόγον,
885 941 978 995 καὶ
1006 945 1152 1007 νοῦν,
1198 946 1292 998 καὶ
1319 945 1386 998 τὰ
1419 945 1516 998 τοῦ
1549 947 1802 1013 σώματος
1839 949 1926 1000 αί-

347 1027 648 1100 σθητήρια.
699 1033 796 1085 Διὰ
827 1034 939 1104 γὰρ
991 1036 1092 1106 τῆς
1133 1038 1446 1108 ἱερουργίας
1491 1039 1588 1092 τοῦ
1642 1041 1926 1110 Κυριακοΰ

351 1121 604 1192 σώματός
634 1141 696 1177 τε
735 1129 830 1180 καὶ
877 1129 1134 1198 αἵματος,
1170 1131 1491 1200 Πνεύματος
1537 1133 1695 1200 ἁγίου
1732 1135 1924 1203 ἐπιδη-

353 1213 604 1283 μοῦντος,
633 1220 727 1272 καὶ
748 1221 1084 1291 τηλικαύτης
1117 1225 1457 1289 ἀλλοιώσεως
1487 1227 1583 1281 καὶ
1617 1227 1924 1296 μεταϐολῆς

349 1307 664 1376 γινομένης,
692 1310 785 1364 τοῦ
825 1313 1005 1366 κοινοῦ
1041 1315 1207 1384 ἄρτου
1239 1319 1333 1370 καὶ
1362 1319 1627 1388 ποτηρίου
1656 1321 1736 1383 εἰς
1765 1320 1926 1388 σῶμα

351 1397 568 1466 ἀληθῶς
603 1401 696 1453 καὶ
731 1399 871 1471 αἷμα
907 1406 1384 1476 μεταϐαλλομένου
1421 1412 1772 1476 Δεσποτικδν,
1794 1413 1927 1466 αὐτὸ

351 1485 564 1555 ἀληθῶς
618 1492 713 1544 καὶ
762 1493 862 1546 οὐκ
911 1495 1059 1562 ἄλλο,
1105 1498 1325 1570 εὐδοκία
1359 1502 1590 1569 Πατρδς,
1622 1503 1927 1576 αὐτουργίᾳ

353 1579 506 1644 Υίοῦ,
537 1582 630 1633 καὶ
665 1585 925 1654 συνεργίᾳ
961 1588 1054 1640 τοῦ
1101 1591 1434 1659 Πνεύματος.
1469 1593 1535 1648 Τί
1570 1595 1670 1646 οὐκ
1696 1593 1762 1646 ἂν
1790 1597 1927 1660 ἀγα-

341 1669 444 1722 υθὸν
499 1674 837 1744 χορηίγηθείη
885 1679 998 1739 τοῖς
1049 1682 1186 1748 μετὰ
1239 1681 1478 1748 πίστεως
1512 1685 1606 1736 καὶ
1639 1685 1926 1748 εὐλαϐείας

351 1764 628 1834 προσοχῆς
653 1783 712 1818 τε
745 1769 838 1839 καᾷ
867 1772 1180 1842 προσευχῆς
1218 1775 1396 1828 ἐκεῖσε
1447 1776 1885 1845 παρισταμένοις
1910 1795 1926 1844 ;

353 1855 424 1904 Ού
453 1853 561 1924 γὰρ
595 1856 674 1910 ἔτι
708 1861 787 1920 εἰς
839 1861 944 1928 γῆν
995 1863 1134 1915 είσιν
1185 1855 1354 1931 οὗτοι,
1411 1867 1528 1918 ἀλλ’
1572 1869 1650 1932 εἰς
1697 1869 1930 1938 οὐρανὸν

352 1945 588 2014 ἀληθῶς.
649 1949 805 2004 Οὕτω
863 1954 974 2022 γὰρ
1026 1954 1292 2025 ἠθέλησεν
1337 1959 1364 2010 ὁ
1414 1959 1618 2026 ἀγαθὸς
1672 1961 1932 2016 ἁπάντων

347 2041 630 2111 Δεσπότης
685 2045 781 2096 καὶ
827 2045 921 2097 τοῦ
956 2046 1188 2114 οὐρανοῦ
1226 2047 1502 2117 βασιλεὺς,
1551 2051 1642 2102 ἐπὶ
1694 2052 1792 2117 τῆς
1828 2053 1930 2118 γῖις

351 2134 652 2202 καταϐῆναι
679 2136 747 2190 δι’
779 2139 810 2206 ἠ
821 2139 946 2206 μᾶς,
969 2141 1061 2192 καὶ
1085 2139 1197 2194 ἄνω
1221 2143 1368 2211 ἡμᾶς
1404 2143 1640 2210 ὑψῶσαι.
1676 2145 1770 2197 xal.
1796 2145 1930 2198 πάνυ

347 2244 470 2280 τοτε
506 2223 646 2282 εἶναι
697 2230 817 2300 μεθ’
848 2231 1028 2302 ἡμῶν.
1085 2233 1195 2286 Kal.
1223 2233 1295 2286 τὰ
1329 2234 1454 2298 ξένα
1482 2236 1654 2290 ταῦτα
1693 2237 1784 2290 διὰ
1833 2239 1931 2298 τῆς

353 2318 654 2392 ἱερωσύνης
689 2322 904 2390 ἐνεργεῖ
937 2326 1220 2396 πανταχοῦ
1257 2328 1472 2399 παρὼν,
1516 2331 1612 2382 καὶ
1658 2331 1746 2384 διὰ
1789 2332 1932 2384 πάν-

357 2431 464 2468 των
492 2415 657 2470 αὑτοῦ
711 2417 821 2470 τῶν
850 2417 1042 2488 ἱερέων
1073 2419 1379 2488 φιλάγαθος
1423 2421 1520 2486 ὢν,
1554 2423 1630 2486 ὡς
1680 2425 1774 2478 καὶ
1805 2425 1932 2486 τοὺς

351 2508 620 2576 ἀγγέλους
645 2509 810 2562 αὑτοῦ
837 2512 934 2564 καὶ
966 2512 1064 2575 τὰς
1109 2513 1220 2568 τῶν
1256 2515 1432 2582 ἁγίων
1469 2516 1648 2585 ψυχὰς
1678 2515 1932 2586 λαμπρύ-

351 2614 432 2650 νει
467 2616 524 2650 τε
559 2599 652 2652 καὶ
689 2599 834 2668 ὑψοῖ,
879 2603 974 2654 καὶ
1010 2601 1220 2667 πάντας
1257 2605 1384 2669 τοὺς
1440 2606 1606 2660 αὐτοῦ
1637 2611 1930 2672 ταπεινοὶς

349 2688 567 2748 δούλους
599 2691 750 2756 ἡμᾶς
779 2691 862 2754 είς
891 2691 950 2744 τδ
983 2695 1233 2757 κρεῖττον
1269 2695 1476 2750 ἀλλοιοῖ
1500 2700 1594 2750 καὶ
1625 2699 1930 2767 συμπαθῖς

353 2779 718 2846 κατοικτείρει
755 2783 848 2836 καὶ
887 2784 1137 2852 φωτίζων
1197 2787 1548 2856 καθαγιάζει.
1598 2793 1926 2862 Προσερχὼ-

355 2871 498 2942 μεθα
527 2870 621 2926 οὗν
671 2877 808 2943 μετὰ
835 2878 998 2932 πόθου
1031 2881 1127 2934 καὶ
1158 2881 1444 2944 εὐλαϐείας
1477 2885 1742 2954 διηνεκῶς
1767 2887 1932 2958 366

351 2965 402 3016 εί
425 2964 650 3018 δυνατὸν
683 2969 826 3036 ὑπὲρ
857 2973 1040 3024 πᾶσαν
1086 2973 1254 3042 ἄλλην
1297 2979 1608 3048 προσευχήν
1639 2979 1764 3032 καθ’
1797 2982 1929 3034 ἑκά-

2036 494 2362 552 consecrat;
2395 501 2490 540 eos
2517 485 2679 540 etiam
2713 484 2804 553 qui
2840 500 2948 538 non
2983 484 3390 538 communicant
3421 495 3473 537 et
3520 485 3610 552 qui

2033 593 2158 646 erga
2187 577 2336 632 illam
2377 579 2432 632 in
2459 577 2661 647 pietate
2693 579 2922 648 zeloque
2947 578 3167 632 radtcati
3200 585 3421 630 manent
3453 593 3612 628 utun-

2031 669 2122 723 dat
2161 684 2188 722 a
2223 670 2492 736 peccatis,
2551 679 2722 722 ululat
2777 670 2829 723 in
2868 670 3086 734 melius,
3149 668 3354 737 angelis
3396 677 3448 722 et
3485 683 3612 722 san-

2032 762 2138 815 ctis
2169 763 2474 829 conjungit,
2521 773 2708 816 sancta
2749 761 2845 816 Dei
2889 763 3060 831 gratia
3095 761 3302 831 replet;
3334 761 3568 814 animam
3593 799 3609 820 .

2035 864 2270 907 mentem
2325 862 2380 908 et
2419 855 2684 908 rationem
2729 855 2994 909 illuminat
3043 855 3206 908 etiam
3259 856 3310 906 in
3365 854 3612 922 corporis

2029 945 2284 1000 sensibus
2319 946 2476 1012 quasi
2527 960 2849 1014 repercussa
2884 945 3211 1000 vibratione.
3270 945 3477 998 Etenim
3520 963 3612 1011 ιὶιῖί·

2027 1039 2356 1092 oblationem
2417 1039 2662 1106 corporis
2711 1049 2764 1092 et
2817 1039 3106 1102 sangtruis
3169 1037 3412 1096 Domini.
3480 1035 3609 1102 Spi-

2031 1131 2138 1184 ritu
2187 1139 2376 1182 sancto
2424 1129 2659 1199 desuper
2705 1131 3092 1194 obumbrante,
3147 1137 3294 1183 tanta
3327 1129 3610 1195 perﬁcitur

2031 1223 2260 1276 mutatio
2289 1231 2343 1277 et
2387 1223 2954 1286 transsubstantiatio,
2985 1232 3042 1274 ut
3082 1223 3236 1292 panis
3269 1231 3426 1276 antea
3465 1235 3613 1274 com-

2031 1315 2214 1370 munis
2249 1323 2304 1368 ct
2359 1326 2522 1384 potus
2555 1317 2796 1386 vulgaris
2845 1317 2898 1370 in
2949 1331 3144 1382 corpus
3185 1325 3240 1369 et
3289 1315 3608 1382 sanguinem

2033 1417 2312 1475 transeat;
2339 1419 2394 1462 et
2439 1425 2570 1465 vere
2601 1421 2851 1479 superest
2881 1427 3082 1478 corpus
3116 1410 3294 1478 ipsum
3325 1424 3449 1462 cum
3483 1421 3610 1460 vero

2027 1501 2533 1570 sangttineChtisti,
2567 1519 2676 1556 non
2703 1505 2850 1558 aliud
2875 1543 2890 1566 ,
2921 1504 3202 1556 voluntate
3231 1501 3423 1562 Patris,
3444 1514 3611 1569 opere

2027 1589 2150 1646 Filii
2184 1601 2238 1648 et
2273 1595 2660 1662 cooperatione
2701 1596 2938 1664 Spiritus
2963 1595 3166 1649 sancti.
3201 1593 3356 1659 Quod
3405 1593 3608 1645 bonum

2031 1700 2140 1738 non
2183 1687 2468 1755 proveniet
2499 1687 2588 1741 his
2622 1687 2712 1752 qui
2747 1687 2848 1740 ﬁde
2877 1687 3053 1749 tim-.3,
3081 1694 3136 1738 et
3176 1685 3376 1752 pietate
3405 1681 3610 1736 fervida

2035 1778 2227 1832 attenti
2273 1787 2330 1832 et
2372 1788 2594 1832 orantes
2645 1777 2960 1842 huiusmodi
3001 1775 3269 1830 sacriﬁcio
3301 1775 3606 1830 assistent?

2035 1869 2144 1925 Nec
2173 1870 2282 1937 jam
2320 1869 2372 1924 in
2408 1879 2550 1924 terra
2586 1869 2718 1924 tales
2747 1877 2934 1934 erunt,
2975 1869 3070 1922 sed
3125 1883 3252 1922 vere
3303 1869 3358 1922 in
3411 1869 3610 1922 cretum

2042 1963 2356 2016 transibunt
2389 1978 2404 2026 ;
2438 1962 2508 2014 ita
2541 1960 2688 2014 enim
2745 1961 2916 2014 voluit
2953 1960 3195 2029 optimus
3237 1962 3478 2014 ouinium
3510 1959 3614 2014 Do-

2035 2054 2220 2107 minus
2254 2061 2310 2106 et
2347 2053 2616 2108 cwlorum
2657 2069 2772 2115 rex,
2810 2053 2904 2118 qui
2941 2061 3164 2121 prepter
3191 2067 3290 2108 nos
3323 2052 3376 2106 in
3413 2064 3614 2106 terram

2035 2145 2320 2200 descendit
2351 2155 2406 2199 ut
2449 2163 2544 2200 nos
2576 2147 2817 2200 clevaret
2857 2145 2912 2199 in
2957 2148 3127 2200 caelos
3167 2155 3223 2200 et
3267 2161 3484 2214 semper
3519 2163 3614 2200 no-
3647 2161 3650 2164 '

2036 2237 2250 2292 biscum
2285 2248 2550 2292 maneret.
2592 2239 2656 2292 Et
2709 2239 2978 2294 mirabilia
3009 2240 3124 2294 Iuec
3155 2249 3210 2294 et
3253 2239 3408 2294 terris
3434 2239 3613 2294 aliena

2021 2343 2134 2396 .per
2188 2328 2560 2400 sacerdotium
2613 2337 2872 2393 operatur
2927 2331 3130 2400 ubique
3181 2331 3392 2391 vivens,
3427 2341 3482 2384 et
3517 2347 3614 2400 per

2033 2434 2226 2474 omnes
2260 2434 2388 2474 suos
2416 2421 2730 2474 sacerdotes
2761 2435 2874 2475 sua:
2904 2421 3173 2476 bonitatis
3215 2429 3268 2473 et
3299 2419 3632 2474 dilectionis.

2034 2499 2334 2580 operarios.
2385 2515 2452 2568 Et
2511 2515 2653 2568 sicut
2705 2530 2899 2570 omnes
2923 2517 3143 2584 angelos
3168 2523 3222 2568 et
3257 2515 3464 2566 animus
3487 2528 3613 2565 san-

2033 2617 2248 2658 ctorum
2283 2605 2532 2660 claritate
2567 2619 2618 2660 et
2657 2607 2866 2675 fulgore
2891 2609 3052 2660 vestit
3083 2618 3136 2660 et
3159 2607 3336 2661 elevat
3371 2605 3421 2658 in
3457 2605 3614 2658 sbdas

2035 2697 2152 2750 (ταδί.
2175 2708 2309 2762 stes,
2355 2699 2428 2752 ita
2473 2713 2576 2752 nos
2611 2685 2800 2752 omnes
2827 2715 3013 2752 St'I'VOS
3044 2714 3174 2752 suus
3205 2697 3506 2751 humillimo
3561 2699 3612 2750 in

2033 2793 2303 2860 Optimum
2335 2801 2531 2855 mutat,
2577 2801 2630 2842 et
2685 2802 3030 2859 peramanter
3064 2791 3298 2858 suscipit
3333 2791 3612 2857 fovetque,

2037 2899 2092 2938 ut
2125 2885 2332 2938 lumine
2382 2900 2485 2938 suo
2517 2884 2882 2938 circumfusos
2917 2885 3086 2938 societ
3111 2884 3410 2938 sanetitati.
3449 2886 3618 2938 Acco--

2035 2977 2228 3030 damus
2267 2977 2428 3046 igilut‘
2455 2979 2672 3032 assidue
2703 2979 3027 3031 anhelantes
3059 2977 3338 3032 desiderio
3385 2987 3442 3031 et
3491 2976 3611 3044 pie-

351 3073 486 3128 στην
511 3060 578 3128 τῇ
617 3059 740 3131 ἱερᾷ
766 3065 1153 3135 μυσταγωγίᾳ·
1187 3067 1270 3122 ὅτι
1303 3068 1456 3121 οὐδὲν
1485 3071 1542 3136 ἐξ
1578 3071 1738 3126 ἄλλου
1763 3078 1927 3128 παντὶ

2035 3079 2144 3122 late
2179 3070 2475 3133 ferventes,
2510 3079 2772 3138 quantum
2799 3087 3106 3140 possumus,
3139 3073 3204 3124 ad
3233 3080 3482 3124 sanetum
3524 3085 3615 3124 sa-

351 3151 638 3220 π’στῷρις
667 3155 732 3206 ἐκ
760 3154 952 3208 τούτου
983 3156 1042 3208 τὸ
1077 3157 1289 3226 ὄφελος.
1323 3161 1434 3216 Καὶ
1465 3164 1603 3231 μηδὲ
1638 3165 1820 3232 ίερεύς
1841 3185 1927 3230 τις

350 3243 541 3298 τούτου
587 3247 986 3314 καταμελείτω,
1043 3248 1132 3304 ἵνα
1181 3252 1255 3320 μὴ
1293 3253 1386 3306 καὶ
1431 3254 1582 3323 αὐτῷ
1627 3257 1718 3308 καὶ
1763 3259 1926 3310 παντὶ

347 3338 527 3405 πιστῷ
562 3339 830 3408 μεγίστην
857 3339 1090 3412 προξενῇ
1131 3343 1232 3411 τὴν
1279 3343 1508 3412 ζημίαν.
1557 3347 1668 3400 Kal.
1699 3349 1804 3418 γὰρ
1838 3347 1925 3400 ἵνα

353 3427 556 3498 βλάϐην
606 3431 702 3484 καὶ
753 3431 956 3501 ζημίαν
991 3433 1128 3486 ἔκαεν
1175 3434 1484 3508 ὑπερϐολὴν
1533 3436 1770 3507 ἔχωμεν.
1830 3440 1926 3492 καὶ

351 3525 581 3576 πάντοτε
611 3523 712 3593 μὲν
739 3526 820 3587 είς
850 3525 950 3588 τὰς
981 3527 1291 3596 προσευχὰς
1313 3530 1342 3580 ὁ
1375 3529 1614 3598 πονηρὸς
1643 3529 1928 3601 ῥᾳθύμους

347 3631 408 3668 τε
436 3615 533 3668 καὶ
563 3616 903 3684 ἀκηδιῶντας
939 3618 1064 3680 τοὺς
1101 3619 1346 3682 εὐσεϐεῖς
1393 3621 1541 3690 ἡμᾶς
1587 3623 1680 3675 καὶ
1709 3622 1928 3694 ὀρθοδὸ-

352 3706 476 3773 εους
508 3709 800 3778 ἐργάζεται
855 3709 1174 3764 τούναντίον
1227 3709 1284 3762 δὲ
1319 3712 1448 3775 τοὺς
1489 3713 1684 3777 ἀθέους
1716 3716 1808 3768 καὶ
1834 3717 1930 3790 ἀί-

351 3801 666 3867 ρετίζοντας
693 3802 772 3864 είς
801 3802 903 3864 τὰς
936 3803 1140 3872 μιαρὰς
1172 3803 1356 3856 αὐτῶν
1389 3808 1702 3876 προσευχὰς
1727 3807 1924 3872 αὐτοὺς

345 3893 632 3963 διεγείρει,
657 3893 732 3956 ὡς
755 3894 820 3948 ἂν
843 3896 1044 3948 ἐκεῖνοι
1076 3897 1176 3963 μὲν
1198 3897 1288 3950 διὰ
1317 3898 1426 3950 τῶν
1456 3899 1670 3966 ἐναγῶν
1693 3917 1927 3969 προσευ-

349 3985 462 4056 χῶν
493 3986 696 4052 αὐτῶν,
737 3988 814 4050 ὡς
843 3987 938 4040 ἐπὶ
975 3989 1138 4042 πλέον
1181 3989 1636 4060 βλασφημοῦντες
1667 4009 1929 4063 κατακρι-

345 4078 506 4134 θῶσι·
539 4079 869 4150 θεομαχοῦσι
899 4081 1006 4150 γὰρ
1037 4083 1132 4134 καὶ
1183 4082 1282 4133 οὐκ
1336 4081 1588 4153 εὔχονται
1621 4101 1636 4115 ·
1669 4086 1832 4154 ἡμεῖς
1867 4087 1926 4138 δὲ

351 4171 428 4240 μὴ
462 4173 744 4241 εὐχόμενοι
798 4172 876 4242 τῷ
936 4173 1176 4245 ἀληθινῷ
1219 4173 1338 4242 Θεῷ
1387 4177 1570 4247 ἡμῶν,
1623 4178 1725 4248 τῆς
1759 4179 1926 4233 αὐτοῦ

347 4263 573 4334 χάριτος
625 4265 998 4334 στερηθῶμεν.
1057 4265 1152 4320 Διὸ
1211 4269 1308 4321 καὶ
1363 4269 1596 4322 πὰντοτε
1643 4271 1744 4340 μὲν
1775 4273 1926 4342 ἡμᾶς

348 4353 576 4408 σπεύδει
627 4353 860 4408 κωλύειν
897 4361 997 4426 τῆς
1030 4359 1362 4426 προσευχῆς,
1405 4359 1642 4425 μάλιστα
1687 4361 1744 4414 δὲ
1787 4365 1925 4418 κατὰ

343 4448 445 4517 τὴν
503 4447 656 4500 θείαν
706 4450 1048 4518 ἱερουργίαν.
1096 4449 1208 4503 Kal.
1257 4451 1558 4508 ἐπιτίθεται
1599 4452 1920 4526 βαρύτερον,

348 4541 444 4592 καὶ
495 4541 600 4607 τὴν
651 4540 802 4594 θείαν
853 4541 996 4594 θέλει
1041 4541 1276 4596 κωλύειν
1325 4543 1687 4616 λειτουργίαν.
1729 4549 1842 4601 Καὶ
1890 4549 1922 4617 ἢ

349 4633 598 4704 ῥαθυμίᾳ
637 4634 670 4703 ἢ
721 4635 964 4702 εὐλόγοις
999 4634 1163 4703 δῆθεν
1199 4636 1404 4700 αίτίαις
1441 4638 1677 4706 ἀπάγειν
1723 4639 1926 4708 ταύτης

345 4727 641 4798 ἐπιχειρεῖ·
677 4729 772 4780 καὶ
807 4727 1136 4796 φαντασίαις
1157 4731 1213 4782 δὲ
1242 4732 1588 4798 νυκτεριναῑς
1615 4732 1739 4794 τοὺς
1769 4735 1926 4804 ίερω-

351 4820 551 4890 μένους
599 4835 658 4870 τε
693 4818 944 4878 καὶτοὺς
979 4819 1342 4886 βουλομένους
1398 4821 1648 4890 μετέχειν
1679 4823 1790 4874 τῶν
1821 4841 1922 4892 μυ-

348 4911 612 4981 στηρίων,
647 4909 960 4978 ἐμποδίζειν
990 4909 1052 4961 οὐ
1089 4913 1460 4978 παραιτεῖται,
1492 4911 1565 4973 ὡς
1595 4912 1684 4966 διὰ
1715 4915 1926 4968 πολλῶν

345 5003 612 5070 ἔγνωμεν,
649 5001 957 5071 βασκαίνων
987 5001 1080 5054 τοῦ
1115 5003 1392 5072 ἁγιασμοῦ
1433 5005 1525 5056 καὶ
1557 5003 1659 5073 τῆς
1695 5005 1924 5075 δωρεᾶς,

346 5095 464 5155 τοῖς
505 5109 564 5145 τε
603 5094 922 5161 ίερωμένοις
957 5092 1262 5163 ὀρθοθὶξοις
1294 5095 1424 5161 ἡμῖν
1471 5097 1529 5147 ἑν
1575 5096 1800 5166 Χριστῷ
1835 5099 1930 5149 καὶ

346 5186 462 5246 τοῖς
499 5184 729 5247 λαῖκοίς,
763 5187 828 5237 ὲκ
856 5184 1047 5238 τούτου
1081 5186 1282 5255 μᾶλλον
1319 5187 1346 5239 ὁ
1377 5185 1612 5250 δείλαιος
1635 5187 1930 5257 ἐλεγχόμε-

351 5293 442 5340 νος
479 5279 572 5330 καὶ
609 5277 1140 5346 καταισχυνόμενος,
1172 5276 1248 5342 ὡς
1295 5277 1569 5348 βάσκανος
1599 5277 1676 5331 ὣν
1706 5281 1799 5332 καὶ
1831 5297 1932 5333 πο-

351 5369 537 5438 νηρός.
570 5369 678 5422 Καὶ
717 5370 865 5424 ἄκων
897 5369 954 5422 δὲ
995 5374 1265 5440 μαρτυρεῖ
1301 5372 1364 5424 τὸ
1402 5373 1548 5425 θετον
1596 5373 1689 5424 τοῦ
1736 5373 1923 5443 ἔργου,

352 5461 544 5516 καὶτὸ
589 5459 688 5529 τῆς
735 5463 960 5531 χάριτος
1009 5462 1259 5531 μέγεθος.
1313 5463 1388 5516 Οὐ
1428 5465 1537 5534 γὰρ
1579 5463 1645 5516 ἂν
1685 5463 1920 5528 ἐκώλυε,

354 5555 434 5624 μὴ
486 5555 750 5625 μεγίστην
783 5554 1020 5625 νομίζων
1068 5555 1170 5625 τὴν
1215 5555 1448 5626 δωρεὰν,
1487 5559 1580 5609 καὶ
1630 5557 1918 5624 ὠφέλειαν.

368 5647 530 5700 Ἀλλὰ
563 5647 926 5716 προσεκτέονε
959 5649 1054 5700 καὶ
1098 5647 1288 5701 τοῦτον
1323 5649 1425 5717 μὲν
1475 5649 1759 5719 συντρίψει
1794 5650 1928 5721 Χρι-

361 5739 506 5808 στὸς,
540 5742 604 5809 τῇ
637 5738 1024 5810 ἐξομολογήσει
1073 5739 1127 5792 δὲ
1162 5741 1254 5792 καὶ
1287 5737 1616 5794 ταπεινώσει
1663 5741 1720 5795 ἐν
1759 5757 1927 5810 μετα-

2029 3161 2300 3215 criﬁcium
2361 3179 2470 3230 ρι’ςιι
2520 3164 2778 3217 omnibus
2838 3175 2892 3217 et
2947 3163 3182 3230 singulis
3217 3161 3608 3225 orationibus;

2029 3254 2156 3320 quin
2189 3269 2251 3306 ex
2285 3255 2430 3308 nulla
2465 3255 2570 3308 alia
2607 3265 2752 3309 tanta
2792 3265 2970 3324 potest
3005 3255 3144 3308 ﬁdeli
3174 3255 3486 3322 cuicunque
3511 3253 3613 3306 ob-

2031 3347 2220 3400 venire
2250 3347 2478 3402 utilitas.
2521 3347 2585 3401 Et
2633 3349 2892 3405 sacerdos
2945 3363 3226 3416 nunquam
3273 3347 3403 3401 illud
3441 3345 3614 3416 negli-

2032 3452 2165 3504 gens
2191 3440 2594 3504 praetermittat,
2629 3453 2698 3491 ne
2729 3438 2847 3507 ipse
2868 3439 2970 3493 sibi
3001 3447 3054 3492 et
3078 3439 3338 3492 omnibus
3362 3437 3613 3490 ﬁdelibus

2029 3543 2306 3580 summum
2367 3527 2564 3580 inferat
2611 3529 2896 3580 damnum.
2973 3527 3197 3582 Miriﬁce
3233 3529 3375 3580 enim
3425 3527 3508 3579 hic
3559 3535 3616 3578 et

2031 3617 2406 3686 prmjudicium
2436 3626 2492 3670 et
2521 3617 2782 3670 damnum
2821 3617 3103 3670 incurrere
3137 3631 3454 3684 possumus;
3485 3631 3610 3686 nam

2031 3725 2246 3778 semper
2278 3708 2456 3762 iualus
2487 3708 2608 3776 pios
2645 3717 2696 3762 et
2725 3709 3063 3762 ortltodoxos
3093 3707 3146 3760 in
3179 3707 3386 3760 orando
3415 3721 3610 3782 segnes

2023 3811 2084 3856 et
2111 3801 2396 3854 acmliosos
2437 3799 2576 3854 solet
2615 3798 2818 3864 facere,
2851 3799 3039 3853 atheos
3083 3807 3272 3853 centra
3303 3808 3355 3850 et
3392 3798 3614 3852 haereti-

2029 3909 2124 3948 cos
2161 3893 2226 3946 ad
2268 3895 2504 3960 impurus
2554 3901 2608 3946 et
2640 3891 2880 3946 nefarias
2911 3907 3045 3957 quas
3079 3891 3268 3946 dicunt
3298 3906 3486 3959 preces
3518 3891 3615 3944 int-

2031 3987 2234 4056 pellere
2259 3985 2476 4054 satagit,
2513 3994 2568 4038 ut
2605 3985 2719 4039 Suis
2747 3983 3096 4038 orationibus
3129 3985 3302 4054 magis
3340 3998 3403 4036 ac
3436 3983 3610 4050 magis

2033 4079 2479 4147 blasphemantes
2513 4077 2996 4132 condemnrntur:
3043 4074 3210 4130 Deum
3243 4077 3387 4130 enim
3435 4075 3614 4143 impu-

2029 4181 2197 4238 guunt
2229 4171 2429 4225 nedum
2463 4180 2654 4236 orent;
2691 4185 2791 4224 nos
2821 4183 2948 4223 vero
3010 4185 3078 4223 ne
3137 4169 3246 4222 Dvo
3277 4176 3460 4222 nostro
3486 4185 3612 4236 pre-

2027 4285 2120 4324 ees
2151 4283 2258 4321 non
2299 4263 2590 4319 fundentes
2629 4263 2800 4333 gratia
2833 4261 2953 4329 ejus
2984 4261 3366 4315 dcstituamur.
3401 4260 3611 4314 Idcirco

2033 4375 2247 4428 semper
2281 4357 2478 4412 nititur
2499 4371 2598 4410 nos
2619 4369 2807 4409 arcere
2835 4355 2903 4409 ab
2928 4354 3195 4416 oratione,
3257 4353 3348 4408 sed
3377 4354 3613 4406 niaxime

2032 4471 2060 4507 a
2092 4461 2281 4506 sancto
2311 4459 2365 4504 et
2393 4449 2584 4502 divino
2619 4449 2908 4511 sacriﬁcio,
2934 4456 2988 4501 et
3021 4445 3317 4500 instantius
3341 4447 3534 4514 premit
3557 4455 3617 4498 ut

2034 4546 2295 4614 impediat
2329 4543 2750 4600 celebrationem
2785 4541 2976 4603 alissa',
3012 4550 3066 4595 et
3117 4540 3228 4594 sive
3283 4539 3610 4608 negligentia

2029 4639 2190 4710 j-ustis
2223 4639 2289 4691 de
2322 4637 2502 4692 causis
2530 4637 2597 4690 ab
2631 4636 2718 4688 illa
2751 4635 3031 4688 deterrere
3067 4643 3232 4686 tt-ntal
3265 4650 3279 4698 ;
3337 4649 3438 4688 nec
3469 4633 3614 4688 dedi»

2036 4741 2237 4802 gnatur
2266 4727 2560 4784 nocturnis
2596 4726 2964 4787 illusionibus,
3001 4731 3054 4777 et
3080 4738 3175 4776 eos
3205 4726 3298 4792 qui
3332 4739 3622 4778 consecra-

2038 4825 2141 4878 turi
2179 4831 2308 4876 sunt
2343 4831 2392 4875 et
2420 4835 2514 4873 eos
2543 4817 2632 4888 qui
2669 4817 2919 4882 mysteria
2946 4813 3273 4885 participare
3297 4816 3614 4878 intendunt,

2037 4926 2095 4970 ut
2137 4916 2188 4969 in
2220 4914 2466 4981 pluribus
2508 4913 2705 4964 factum
2755 4909 3032 4971 novimus,
3091 4908 3391 4977 praepedire
3428 4923 3456 4961 a
3493 4922 3616 4976 pro-

2041 5009 2238 5077 posito,
2271 5001 2508 5057 irridens
2532 5001 3000 5054 consecrationem
3037 4997 3146 5052 Deo
3185 5008 3240 5053 et
3279 4997 3370 5053 Dei
3411 4999 3614 5053 donum

2033 5097 2192 5153 nobis
2221 5093 2676 5151 consecrantibus
2703 5091 2756 5144 in
2788 5091 3009 5144 Christo
3061 5101 3112 5144 et
3144 5089 3315 5154 laieis,
3343 5089 3469 5143 iride
3503 5105 3618 5143 ma-

2037 5194 2178 5245 xime
2213 5185 2581 5257 improbitatis
2637 5193 2690 5237 et
2727 5183 2980 5250 ιιιηιιίιιίιι
3043 5185 3326 5237 convictus
3358 5193 3412 5236 et
3462 5183 3622 5237 lasci-

2039 5277 2280 5333 nationis
2313 5287 2366 5330 et
2401 5274 2648 5344 pessimae
2685 5275 2818 5327 artis
2871 5284 3000 5328 nota
3037 5273 3270 5326 inustus.
3305 5271 3510 5326 Invitus
3539 5283 3617 5326 ta-

2037 5388 2157 5426 men
2183 5373 2364 5439 operis
2399 5369 2544 5422 illius
2571 5367 2911 5420 divinitatem
2945 5376 3174 5420 testatur
3223 5376 3276 5420 et
3304 5367 3490 5434 gratia:
3521 5381 3610 5419 ex-

2031 5465 2370 5528 Cellenliam;
2399 5463 2528 5517 dum
2561 5461 2707 5515 enim
2739 5460 2805 5514 ab
2841 5460 2944 5512 illis
2970 5459 3272 5520 dissuadet,
3303 5457 3492 5511 sedulo
3521 5472 3615 5512 ca-

2032 5569 2120 5613 vet
2149 5572 2215 5611 ne
2243 5553 2554 5611 celsitudini
2595 5563 2651 5608 et
2711 5553 2859 5606 bono
2894 5553 3022 5605 (Ιυιιὶ
3077 5551 3239 5621 hujus
3285 5549 3616 5605 attendatur.

2036 5650 2141 5704 Sed
2169 5649 2459 5720 diligenter
2487 5645 3038 5700 animadverteutlmn
3071 5655 3156 5700 est
3187 5659 3202 5712 ;
3233 5645 3377 5699 hunc
3400 5643 3618 5713 quidem

2035 5741 2292 5797 Christus
2334 5741 2722 5798 comminuet:
2763 5739 3121 5795 confessione
3157 5748 3336 5822 autem
3368 5745 3422 5792 et
3446 5735 3622 5791 humi-
