4064 6204
346 367 448 431 945

1044 369 1435 431 BESPONSA
1474 369 1575 432 AD
1622 369 2072 430 GABRlELEM
2115 370 2824 434 PENTAPOLITANUM.

3493 374 3598 436 946

345 484 624 551 απόδομα’
671 499 688 532 ι
725 480 800 542 ὡς
877 479 972 534 καὶ
1046 482 1124 550 τῷ
1171 479 1367 550 ’Δδὰμ,
1409 499 1426 532 ι
1487 481 1914 551 Ἐπικατάρατος

2028 481 2079 533 in
2114 483 2371 551 Oper-ibus
2399 487 2506 540 tuis
2538 485 2602 549 ³ο,
2643 503 2660 535 ι
2707 495 2760 538 et
2793 481 2992 553 reliqua
3023 483 3226 542 doloris
3257 499 3592 558 argumenta.

347 579 380 645 ἡ
407 575 476 644 γῆ
512 575 568 626 ἐν
585 575 696 636 τοῖς
731 573 912 640 ἔργοις
945 589 1060 636 σου,
1083 592 1100 624 ι
1144 573 1239 626 καὶ
1270 575 1339 626 τὰ
1376 573 1540 626 λοιπὰ
1570 574 1668 642 τῆς
1702 573 1914 640 ὀδύνης.

347 667 440 720 Διδ
468 668 562 719 καὶ
601 667 651 718 οἱ
689 665 788 734 μὲν
817 667 1223 736 ἡμαρτηκότες,
1272 667 1340 720 δι’
1373 666 1564 735 ὀδύνης
1599 669 1694 720 καὶ
1741 667 1920 720 πόνων

345 758 412 813 τὰ
443 759 543 826 τῆς
571 757 768 828 ἡδονῆς
803 757 1010 822 λύουσι,
1041 761 1136 811 καὶ
1195 759 1296 828 τῆς
1335 759 1528 828 ὀδύνης
1575 761 1792 829 ἐκείνης
1823 761 1921 811 οὐκ

348 851 832 920 αἰσθανθήσονται.
867 850 1014 904 καθὰ
1049 849 1114 920 δὴ
1153 853 1242 904 καὶ
1299 851 1434 904 πολὺ
1485 852 1687 920 πλῆθος
1737 854 1920 920 εἰργάο

350 961 484 996 σατο
528 942 636 996 τῶν
677 943 862 1008 ὁσίων,
925 943 1024 998 καλ¹
1065 944 1115 994 οἱ
1149 944 1206 996 ὲν
1265 945 1330 1012 τῇ
1373 943 1602 1013 κλίμακι
1663 944 1920 1013 μακάριοι

345 1036 543 1088 ἐκεῖνοι
577 1034 894 1089 κατάδικοι’
925 1037 978 1086 οἱ
1014 1035 1088 1104 μὴ
1127 1034 1627 1104 πλημμελήσαντες
1664 1035 1742 1097 δὲ,
1779 1035 1918 1102 ὅπερ

347 1125 534 1195 σχεδὸν
563 1125 764 1192 οὐδενὶ,
797 1127 891 1178 καὶ
937 1126 1026 1180 διὰ
1059 1126 1157 1196 τὴν
1189 1125 1282 1178 τοῦ
1333 1127 1605 1179 Δεσπότου
1636 1126 1802 1196 τιμὴν
1827 1143 1921 1194 τη-

345 1215 580 1270 λικαῦτα
611 1216 677 1270 δι’
707 1217 857 1284 ἡμᾶς
913 1218 1267 1282 πεπονθότος,
1323 1217 1418 1270 καὶ
1460 1217 1526 1270 δι’
1579 1217 1722 1284 ἅπερ
1773 1215 1923 1284 ὀφείο

345 1306 522 1370 λουσι,
549 1306 643 1359 καὶ
674 1307 762 1359 διὰ
785 1307 844 1358 τὸ
897 1307 972 1378 μὴ
1002 1310 1212 1369 πεσεῖν,
1257 1309 1504 1378 ἀνάγκην
1537 1309 1752 1378 ἔχουσιν
1772 1311 1922 1376 ἐνερ-

347 1403 484 1466 γεῖν.
523 1399 584 1450 Εἰ
617 1398 726 1468 γὰρ
763 1401 791 1450 ὁ
831 1399 1039 1462 Παῦλος
1105 1399 1474 1468 ὲδουλαγὼγει
1522 1402 1582 1454 τδ
1613 1401 1794 1470 σῶμα,
1834 1401 1920 1454 ἵνα

350 1489 424 1559 μὴ
449 1489 704 1558 ἀδόκιμος
729 1490 970 1559 γένηται,
989 1492 1070 1554 τίς
1099 1493 1234 1555 ὅλως
1260 1493 1528 1563 θαρρήσει
1555 1493 1632 1563 τῷ
1656 1495 1871 1565 σώματι
1901 1512 1918 1562 ;

355 1599 374 1633 ι
427 1581 590 1634 Ἀλλὰ
644 1582 740 1634 καὶ
797 1569 990 1653 βιαστή
1031 1585 1181 1638 ἐστιν
1226 1588 1257 1655 ὴ
1295 1587 1545 1654 βασιλεία
1605 1589 1714 1640 τῶν
1751 1589 1921 1659 ούρα-

346 1673 476 1736 νῶν,
519 1693 538 1727 ι
572 1676 604 1743 ἡ
669 1673 922 1742 Ἀλήθεια
969 1676 1096 1744 ἔφη,
1132 1695 1150 1728 ι
1182 1679 1276 1730 καὶ
1330 1680 1548 1744 βιασταὶ
1577 1681 1918 1751 ἁρπάζουσιν

347 1765 538 1835 αὐτήν.
583 1787 601 1818 ι
645 1767 752 1819 Καὶ
781 1765 956 1819 ταῦτα
991 1769 1090 1836 μὲν
1115 1769 1245 1840 περὶ
1277 1771 1374 1841 τῆς
1405 1773 1462 1824 ὲν
1493 1773 1714 1843 Χριστῷ
1747 1792 1917 1828 κακο-

347 1858 601 1922 παθείας.
669 1858 735 1910 Ἠ
771 1857 1101 1924 ταπείνωσις
1157 1861 1213 1914 δὲ
1262 1862 1361 1932 τὴν
1413 1862 1510 1916 τοῦ
1563 1865 1914 1936 ὑπερηφάνου

345 1949 527 2018 οἴησιν
581 1948 762 2014 ἄθεον,
803 1951 900 2004 καὶ
949 1951 1011 2005 τὸ
1041 1953 1144 2022 τῆς
1208 1954 1446 2019 ῐσοθεῖας
1496 1957 1742 2012 ἀντίθεον
1784 1960 1918 2030 φρό-

345 2057 494 2110 νημα
515 2042 608 2094 τοῦ
639 2044 1070 2112 πρωτοπλάστου
1093 2045 1370 2116 καθαίρει,
1387 2049 1482 2101 καὶ
1507 2049 1598 2101 τὸν
1628 2050 1916 2122 ἄνθρωπον

345 2133 558 2204 ἀνυψοῖ.
589 2137 680 2188 Διὸ
709 2137 800 2190 καὶ
830 2139 938 2198 πᾶς
975 2139 1074 2208 μὲν
1103 2141 1530 2208 ταπεινούμενος
1559 2143 1765 2214 ἀληθής
1785 2163 1797 2174 ·
1835 2147 1916 2198 ὅτι

347 2229 440 2280 καὶ
501 2229 708 2296 κτίσμα
771 2229 867 2282 καὶ
897 2230 1049 2282 οὐδὲν
1078 2229 1172 2297 ἀφ’
1213 2230 1411 2284 ἑαυτοῦ
1465 2234 1750 2304 κέκτηται,
1811 2237 1916 2290 κᾶν

343 2323 486 2391 ἔχειν
513 2322 666 2392 δοκῇ.
705 2324 770 2377 Τί
802 2325 910 2395 γὰρ
957 2325 1104 2394 ἔχεις
1133 2325 1161 2378 ὃ
1202 2327 1302 2380 οὐκ
1334 2328 1523 2391 ἔλαϐες
1555 2348 1570 2395 ;
1614 2331 1768 2399 φησί.
1803 2335 1916 2395 Πᾶς

342 2415 398 2468 δὲ
431 2417 668 2480 ἀλαζὼν,
701 2417 776 2479 ὡς
807 2420 832 2471 ὁ
871 2418 1135 2482 διάϐολος,
1166 2419 1430 2494 ψεύστης,
1481 2424 1618 2492 μήτε
1645 2424 1814 2478 θέλων
1835 2428 1918 2479 εί-

339 2506 507 2570 δὲναι,
539 2509 676 2577 μήτε
712 2508 870 2570 εἰδὼς
893 2510 986 2562 τὸν
1039 2510 1215 2564 αἴτιον
1262 2515 1356 2566 καὶ
1421 2513 1778 2585 δημιουργὸν,
1811 2520 1914 2572 κᾶν

344 2602 433 2650 καὶ
469 2600 669 2652 εἰδέναι
701 2599 832 2670 δοκῇ
854 2617 866 2629 ·
903 2602 996 2653 καὶ
1032 2604 1140 2664 πᾶς
1171 2603 1271 2672 μὲν
1305 2609 1642 2661 κακοπαθῶν
1670 2610 1758 2663 διὰ
1785 2613 1916 2680 Χρι-

344 2690 488 2750 στὸν,
517 2690 780 2760 ἀθλητὴς,
829 2693 923 2745 καὶ
954 2691 1052 2762 τὴν
1087 2697 1298 2764 τρυφὴν
1335 2696 1402 2748 δι’
1425 2698 1493 2768 ἢν
1545 2701 1916 2772 πεπτώκαμεν

346 2779 627 2833 καταλύων
658 2783 753 2834 καὶ
783 2785 1054 2853 ἀναιρῶν,
1115 2789 1210 2839 καὶ
1248 2789 1320 2856 μὴ
1373 2789 1606 2856 θερίζων
1659 2794 1767 2846 ἀπὸ
1815 2800 1914 2863 τῆς

346 2871 546 2939 σαρκὸς
583 2873 808 2942 φθοράν.
853 2873 912 2927 Ὀ
951 2877 1006 2929 δὲ
1043 2880 1337 2932 σπαταλῶν
1363 2883 1646 2950 κομίζεται
1671 2886 1913 2956 ὄλεθρον,

343 2965 438 3015 καὶ
465 2963 576 3027 ζῶν
606 2965 972 3037 ἀποθνήσκει,
1027 2972 1122 3022 καὶ
1165 2976 1393 3044 συνιστᾷ
1443 2973 1539 3045 τὴν
1577 2978 1910 3048 παράϐασιν,

343 3056 438 3108 καὶ
459 3056 659 3121 σαρκός
695 3059 809 3110 ὲστι
843 3060 1049 3124 δοῦλος,
1080 3065 1174 3116 καὶ⁸
1193 3067 1369 3136 τρυγᾷ
1397 3068 1627 3121 θάνατον
1655 3073 1790 3139 ὁμοῦ
1821 3075 1913 3126 καὶ

2024 574 2230 654 Idcirco
2264 587 2376 630 tum
2413 577 2506 646 qui
2571 586 2934 646 peccaverunt
2981 593 3074 646 per
3101 578 3302 634 doloris
3327 595 3516 648 pmnas
3545 589 3599 636 et

2023 666 2240 720 labores
2263 667 2560 738 voluptatis
2589 683 2756 738 opera
2785 669 2942 722 luunt
2973 687 2985 722 :
3023 655 3142 738 ej’us
3171 680 3351 724 tamen
3374 672 3595 728 aculeos

2023 758 2228 812 doloris
2259 775 2366 814 non
2397 762 2638 814 sentient
2673 753 2984 830 aliquando,
3025 775 3083 815 ut
3106 762 3157 814 in
3187 762 3434 830 pluribus
3467 779 3596 818 san-

2023 850 2127 904 ctis
2157 850 2356 905 factum
2388 861 2464 907 est
2495 870 2508 918 ;
2543 864 2598 908 et
2629 854 2806 908 beatis
2851 855 2958 910 illis
2982 857 3071 915 nui
3103 855 3156 908 in
3183 855 3410 910 climace
3466 872 3596 912 con-

2023 943 2259 996 demnati
2335 945 2666 1010 manebant;
2726 957 2838 998 tum
2893 950 2982 1014 qui
3053 963 3158 1001 non
3215 948 3595 1015 deliquerunt,

2025 1045 2078 1086 at
2111 1034 2213 1090 hoc
2237 1034 2350 1088 fere
2383 1036 2514 1089 nulli
2573 1037 2823 1106 contigit,
2854 1046 2906 1091 et
2945 1047 3167 1106 prepter
3205 1039 3464 1092 honorem
3493 1039 3598 1092 Do-

2027 1129 2158 1181 tnini
2189 1128 2280 1196 qui
2314 1137 2461 1182 tanta
2499 1145 2598 1198 pro
2627 1129 2788 1184 nobis
2821 1130 3062 1198 pertulit,
3096 1139 3148 1183 et
3191 1141 3412 1200 propter
3436 1132 3594 1186 debi-

2027 1229 2136 1272 tum
2157 1220 2416 1284 cilicium,
2442 1229 2494 1274 et
2513 1231 2734 1289 propter
2764 1222 3222 1290 perseverantiam
3249 1222 3304 1275 in
3332 1238 3441 1278 non
3473 1237 3600 1290 pec-

2028 1310 2224 1376 cando,
2275 1327 2506 1366 necesse
2549 1313 2754 1366 habent
2793 1329 3052 1368 exercere
3099 1315 3366 1370 dolorem.
3403 1313 3595 1368 Nonne

2023 1402 2168 1456 enim
2203 1401 2402 1456 Paulus
2434 1419 2632 1472 corpus
2657 1421 2814 1459 suum
2851 1407 2900 1458 in
2931 1405 3248 1460 servitutem
3295 1407 3594 1478 redigebat,

2029 1509 2096 1548 ne
2175 1495 2442 1562 reprobus
2496 1497 2920 1552 ellieeretur"?
3001 1499 3134 1564 Quis
3187 1515 3318 1568 ergo
3378 1501 3594 1568 corpori

2025 1583 2370 1655 indulgebit?
2433 1585 2528 1638 sed
2568 1595 2622 1640 et
2686 1585 2901 1640 Veritas
2933 1586 3072 1640 dixit
3107 1604 3118 1639 :
3192 1605 3208 1636 ι
3249 1586 3366 1639 Vim
3397 1585 3598 1653 patitur

2026 1693 2251 1747 regnum
2300 1677 2588 1741 etelorum,
2621 1687 2674 1730 et
2737 1677 2956 1732 violenti
3021 1677 3240 1746 rapiunt
3303 1677 3432 1728 illud
3463 1677 3528 1727 “.
3571 1693 3588 1722 ι

2027 1769 2090 1822 Ει
2136 1771 2252 1825 haec
2315 1769 2382 1824 de
2435 1767 2756 1838 perferendo
2816 1769 3000 1824 delere
3057 1775 3109 1820 in
3161 1767 3402 1820 Christo.
3471 1765 3590 1818 llu-

2019 1861 2220 1916 tnilitas
2273 1875 2402 1915 vero
2455 1871 2612 1916 sanat
2659 1871 2712 1914 et
2765 1872 2958 1930 purgat
2997 1859 3268 1930 superbiae
3331 1872 3589 1927 praesum-

2021 1955 2256 2024 ptiouem
2321 1953 2415 2007 Dei
2467 1953 2867 2016 immemorem,
2924 1953 3032 2004 itno
3087 1961 3276 2005 contra
3309 1951 3472 2002 Deum
3529 1967 3586 2002 se

2018 2045 2386 2108 extollentem,
2419 2053 2479 2098 ut
2517 2045 2570 2098 in
2625 2053 3034 2114 proreparente,
3087 2043 3176 2112 qui
3216 2057 3274 2096 se
3324 2042 3584 2109 mqualem

2018 2139 2128 2193 Deo
2167 2138 2492 2201 aestimabat,
2538 2147 2592 2191 et
2637 2138 2706 2190 ita
2743 2137 3019 2192 hominem
3049 2151 3174 2188 vere
3203 2133 3364 2188 cxtoll
3391 2143 3426 2187 ι.
3467 2133 3590 2186 Ideo

2017 2231 2194 2284 omnis
2227 2229 2316 2298 qui
2367 2246 2424 2284 se
2459 2229 2707 2282 humiliat
2732 2270 2746 2294 ,
2794 2231 2846 2281 in
2879 2228 3110 2282 veritate
3147 2236 3266 2290 est;
3307 2239 3428 2277 nam
3463 2239 3588 2276 cum

2019 2324 2088 2378 sit
2113 2331 2385 2386 creatura,
2411 2323 2546 2376 nihil
2577 2321 2679 2376 sibi
2714 2323 2830 2390 ipsc
2859 2319 3088 2374 contulit
3118 2317 3184 2372 de
3213 2317 3296 2370 his
3325 2332 3442 2385 quae
3472 2331 3589 2368 cte-

2018 2416 2216 2470 didi-rit
2237 2417 2456 2469 habere.
2481 2433 2498 2466 r
2525 2415 2665 2479 Quid
2691 2415 2831 2467 enim
2863 2414 3030 2466 habes
3063 2413 3206 2480 quod
3237 2425 3346 2462 non
3373 2411 3592 2478 accepi-

2017 2513 2127 2565 sti?
2166 2529 2184 2561 ι
2223 2509 2299 2562 ait
2329 2507 2524 2562 Paulus
2551 2509 2614 2560 ".
2641 2507 2830 2560 Omnis
2859 2521 2988 2574 ergo
3015 2507 3104 2573 qui
3138 2519 3196 2556 se
3217 2504 3386 2572 jactat
3419 2515 3468 2554 et
3497 2515 3594 2552 ex-
3659 2517 3662 2520 ί

2019 2603 2177 2666 tollit,
2211 2605 2268 2655 ut'
2291 2602 2536 2656 diabatus
2569 2600 2800 2652 tuendas.
2835 2608 2918 2650 est
2945 2606 3252 2659 veterator;
3285 2611 3462 2663 neque
3495 2610 3592 2646 vo-

2017 2695 2136 2748 lens
2178 2709 2496 2762 agnusuere,
2531 2707 2706 2758 neque
2757 2691 2942 2744 sciens
2977 2703 3196 2742 causam
3251 2697 3304 2742 et
3339 2688 3587 2756 upiticem

2017 2790 2120 2842 etsi
2173 2789 2356 2840 credat
2409 2797 2723 2854 agnoscere.
2775 2782 2968 2835 Omnis
2995 2781 3088 2849 qui
3137 2780 3340 2848 patitur
3372 2789 3595 2848 propter

2015 2882 2314 2942 Christum,
2346 2879 2572 2940 athleta,
2601 2876 2918 2946 superbiam
2953 2890 3046 2942 per
3071 2889 3231 2942 quam
3269 2872 3596 2941 deliquimus

2016 2975 2234 3028 θυινθυε
2265 2981 2318 3026 et
2350 2972 2660 3035 destructis,
2695 2983 2802 3022 non
2834 2967 2902 3022 de
2924 2981 3087 3020 carne
3111 2967 3265 3020 metit
3288 2966 3596 3033 corruptio-

2016 3065 2308 3130 nem,dum
2341 3063 2429 3116 ille
2467 3063 2559 3131 qui
2589 3061 2847 3114 deliciose
2877 3059 3032 3124 vivit,
3055 3059 3270 3112 ruinam
3303 3059 3590 3118 accelerat,

343 3147 568 3217 φθοράν.
635 3150 716 3202 El’
744 3147 838 3204 οὖν
875 3154 968 3205 καὶ
1007 3156 1036 3207 ό
1091 3157 1296 3223 Κύριος
1343 3163 1678 3216 κακοπαθῶν
1733 3162 1800 3234 ἦν
1841 3166 1914 3238 μὴ

2021 3168 2076 3211 et
2102 3159 2290 3210 vivens
2325 3165 2570 3208 mortuus
2603 3163 2720 3216 est,
2771 3163 2826 3206 et
2857 3151 3070 3220 culpam
3153 3159 3338 3220 auget,
3388 3161 3444 3203 et
3481 3165 3600 3204 ser-

339 3239 592 3304 όφείλων,
631 3241 724 3292 καὶ
753 3241 963 3306 Παῦλος
994 3245 1314 3311 ὑποπιάζων
1365 3251 1426 3300 τὸ
1454 3250 1614 3319 σῶμα
1657 3255 1752 3307 καὶ
1793 3256 1912 3307 δου-

340 3331 608 3398 λαγωγῶν
660 3334 754 3386 καὶ
811 3335 922 3386 τῶν
967 3337 1282 3391 ἀποστόλων
1346 3341 1402 3393 δὲ
1448 3343 1542 3394 καὶ
1591 3345 1786 3413 ἱερέων
1819 3349 1913 3400 καὶ

343 3425 560 3476 πάντων
589 3423 862 3480 ἐκλεκτῶν
883 3427 932 3479 οἱ
975 3429 1146 3496 χοροὶ,
1178 3431 1204 3480 ὁ
1235 3431 1427 3501 Σωτὴρ
1462 3431 1518 3486 δὲ
1549 3437 1643 3488 καὶ
1672 3453 1914 3505 σωματι-

346 3517 454 3580 κῶς
485 3517 763 3586 ὐπήνεγκε
797 3518 1028 3572 θάνατον
1083 3522 1178 3574 καὶ
1215 3524 1416 3592 μυρίας
1449 3525 1616 3587 ἄλλας
1667 3543 1914 3580 κακοπα-

344 3611 493 3674 θείας
546 3610 640 3662 καὶ
674 3609 905 3679 θλίψεις,
936 3613 1030 3664 καὶ
1071 3613 1122 3664 οἱ
1162 3614 1414 3683 ἁπαρχῆς
1465 3615 1554 3667 τοῦ
1595 3617 1760 3686 νόμου
1819 3619 1914 3670 καὶ

341 3701 436 3772 τῆς
477 3703 700 3772 χάριτος
731 3703 1026 3773 ὑπηρέται,
1063 3705 1160 3758 καὶ
1214 3707 1512 3777 μαρτύρων
1570 3710 1749 3781 πλήθη
1781 3712 1912 3784 ἄχρι

343 3796 594 3863 βασάνων
622 3799 716 3850 καὶ
748 3795 986 3849 θανάτου
1038 3799 1479 3868 ἀνδρισαμένων,
1539 3805 1826 3871 μοναστῶν
1855 3823 1912 3858 τε

338 3889 432 3942 καὶ
471 3891 728 3960 ἀσκητῶν
765 3895 859 3944 καὶ
885 3908 968 3970 ,πα
981 3890 1182 3960 ρθένων
1207 3893 1348 3962 ὑπὲρ
1372 3894 1607 3964 ἀριθμὸν
1637 3895 1908 3965 σύλλογοι,

336 3980 422 4042 τίς
453 3981 580 4049 περὶ
603 3981 798 4034 τούτου
851 3981 1206 4051 διαπορήσειε
1237 3984 1401 4037 πλέον
1427 4001 1441 4050 ;
1475 3987 1582 4040 Καὶ
1610 3989 1674 4040 σὺ
1709 3991 1908 4052 τοίνυν,

333 4069 530 4138 ὁδελφὲ
559 4071 934 4131 ποθεινότατε,
965 4073 1228 4140 καθαρῶς
1263 4075 1420 4138 εἰδὼς
1467 4079 1534 4128 τὰ
1558 4077 1784 4131 τοιαῦτα
1818 4081 1914 4134 καὶ

333 4159 456 4212 κατ’
483 4161 724 4223 ἐκείνους
767 4161 971 4216 ὁδεύων
1031 4155 1156 4227 τοὺς
1191 4165 1286 4218 τοῦ
1318 4166 1584 4236 Χριστοῦ,
1619 4171 1713 4221 καὶ
1747 4173 1911 4226 αὑτὸν

328 4249 387 4302 δὲ
416 4250 508 4304 τὸν
533 4253 816 4320 Δεσπότην
859 4252 1018 4322 ήμῶν
1043 4253 1242 4324 ζηλῶν,
1273 4257 1367 4310 καὶ
1391 4256 1468 4320 ὡς
1497 4257 1616 4312 ἐνὸν
1644 4262 1912 4333 ἐκμιμού-

2020 3263 2118 3300 vus
2147 3245 2328 3299 carnis
2353 3245 2700 3304 constitutus.
2734 3243 2802 3296 dc
2823 3256 2988 3296 carne
3029 3240 3182 3294 metit
3209 3241 3372 3293 simul
3404 3255 3596 3293 corru-

2017 3341 2253 3409 ptiOuem
2285 3349 2340 3392 et
2371 3345 2625 3392 mortem.
2653 3335 2793 3390 Cum
2831 3335 2996 3405 igitur
3027 3344 3081 3389 et
3111 3335 3372 3388 Dominus
3405 3349 3598 3403 passus

2016 3435 2105 3495 sit,
2135 3433 2228 3503 qui
2265 3441 2445 3486 tamen
2481 3447 2583 3484 nec
2617 3429 2930 3482 merebatur
2961 3444 3063 3483 nec
3093 3445 3232 3498 opus
3261 3428 3516 3494 habebat;
3549 3429 3598 3483 si

2017 3524 2218 3578 Paulus
2245 3531 2536 3576 conterens
2565 3537 2766 3589 corpus
2809 3522 2938 3574 illud
2986 3521 3038 3573 in
3077 3523 3396 3574 servitutem
3433 3522 3595 3575 rede-

2016 3614 2128 3682 git;
2183 3613 2227 3666 si
2288 3611 2657 3679 apostolorum
2700 3647 2714 3668 .
2765 3619 2818 3660 et
2867 3610 3232 3672 sacerdotum,
3266 3617 3320 3662 et
3350 3612 3598 3662 omnium

2017 3703 2314 3757 electorum
2361 3699 2535 3762 chori,
2569 3697 2802 3750 Domino
2833 3697 2922 3761 qui
2963 3709 3194 3750 mortem
3240 3697 3594 3763 corporaliter

2017 3795 2257 3848 subierat
2285 3801 2341 3845 et
2375 3791 2522 3844 mille
2566 3789 2706 3844 alias
2760 3788 3090 3842 toleraverat
3118 3803 3414 3852 aerumnas,
3447 3789 3596 3842 vices

2015 3886 2232 3939 easdem
2281 3879 2650 3946 reddiderint;
2699 3881 2742 3932 si
2795 3879 2929 3950 legis
2959 3881 3099 3932 servi
3133 3893 3162 3930 a
3201 3879 3474 3946 principio
3539 3887 3592 3934 et

2015 3976 2202 4046 gratiae
2231 3973 2346 4040 ﬁlii,
2374 3983 2428 4027 et
2459 3981 2757 4042 martyrum
2790 3971 3008 4040 agmina
3046 3971 3274 4025 viriliter
3308 3973 3592 4025 sustinue-

2016 4077 2142 4122 runt
2177 4067 2242 4120 ad
2297 4075 2566 4120 tormenta
2618 4075 2670 4118 et
2717 4078 2890 4132 usque
2929 4063 2998 4116 ad
3025 4073 3289 4126 mortem;
3325 4063 3366 4116 si
3401 4078 3594 4116 mona-

2017 4157 2238 4210 chorum
2275 4163 2330 4208 et
2355 4156 2712 4208 eremitarnm
2747 4165 2802 4206 et
2835 4153 3106 4223 virginum
3131 4153 3502 4208 multitudines
3535 4159 3588 4207 ιιι

2015 4249 2158 4304 idem
2188 4246 2440 4301 abierunt
2467 4247 2830 4315 propositum,
2858 4246 2982 4314 quis
3033 4259 3198 4314 super
3227 4245 3312 4299 his
3342 4245 3592 4300 dubitare

331 4360 518 4412 μενος,
559 4343 719 4410 εὔχου
772 4348 869 4399 καὶ
903 4349 1050 4418 ἡμᾶς
1108 4354 1534 4422 καταφρονητάς
1569 4355 1800 4427 ὀφθῆναι
1851 4359 1909 4412 ἐν

2019 4341 2119 4412 iam
2151 4341 2361 4411 queat?
2395 4339 2476 4393 Tu
2513 4353 2664 4409 ergo,
2694 4339 2858 4391 frater
2899 4338 3386 4403 desideratissime,
3423 4339 3593 4408 probe

328 4435 478 4506 αὐτῷ
507 4437 584 4506 τῷ
621 4438 814 4507 Κυρίῳ
839 4439 934 4510 τῆς
961 4441 1332 4512 φθειρομένης
1383 4446 1610 4516 σαρκὸς,
1649 4449 1744 4502 καὶ
1775 4451 1905 4519 ἐρα·

2013 4436 2210 4490 doctus
2245 4435 2362 4488 lucc
2404 4431 2584 4486 omnia
2620 4468 2636 4492 ,
2685 4431 2911 4485 incedas
2963 4444 3018 4486 et
3067 4432 3182 4500 ipse
3213 4439 3334 4502 post
3370 4431 3594 4501 vesngia

327 4528 462 4589 στὰς
481 4528 740 4596 γενέσθαι
769 4530 879 4612 τῶν
921 4532 1214 4601 οὐρανίων,
1250 4499 1328 4598 di;
1379 4499 1906 4612 ἃεδ.καταξιωθῶμεν

2019 4528 2237 4594 Christi,
2273 4535 2328 4581 et
2361 4525 2509 4579 illum
2541 4525 2690 4578 omni
2736 4523 3008 4580 desiderio
3039 4525 3407 4594 prosequaris,
3437 4525 3594 4592 etip-r

325 4621 469 4672 ἐλέει
499 4619 692 4674 τούτου
728 4601 1096 4687 άναῖύσαντες
1129 4626 1194 4678 ἐκ
1227 4625 1320 4680 τοῦ
1360 4626 1636 4696 σώματος,
1678 4632 1775 4684 σὺν
1805 4633 1906 4686 αύ-

323 4710 404 4781 τῷ
447 4706 588 4766 εἶναι
647 4713 966 4781 διαπαντὸς,
1000 4715 1076 4786 τῷ
1138 4717 1283 4790 μόνῳ
1311 4720 1528 4791 ἐραστῷ
1553 4721 1776 4795 Χριστῷ
1829 4724 1907 4796 τῷ

325 4805 446 4876 Θεῷ
472 4805 652 4874 ἡμῶν.

2013 4639 2133 4680 sum
2167 4620 2344 4676 solum
2392 4615 2650 4671 memoria
2681 4614 2956 4683 cordeque
3011 4615 3256 4672 trabeas:
3307 4627 3594 4682 precamur
3691 4626 3700 4636 ·

2013 4725 2196 4774 autem
2231 4723 2288 4768 et
2328 4726 2428 4766 nos
2471 4718 2530 4763 ut
2579 4709 2854 4776 possimus
2889 4721 3106 4776 semper
3140 4707 3312 4760 videri
3343 4715 3592 4760 eontem-

2015 4819 2212 4868 nentes
2242 4808 2295 4862 in
2328 4804 2552 4859 Christo
2585 4801 2814 4854 Domino
2839 4816 3060 4854 carnem
3099 4801 3236 4852 hanc
3263 4815 3344 4876 col
3365 4799 3588 4868 ruptibi-

325 4899 456 4964 lem,
485 4907 540 4952 et
569 4900 874 4956 caelestium
900 4905 1154 4960 ardentes
1182 4914 1455 4962 amatores
1485 4907 1624 4974 ﬁeri,
1665 4919 1726 4966 ut
1754 4911 1899 4984 digni
1929 4910 2232 4966 habeantur
2273 4915 2340 4954 ex
2387 4895 2492 4950 hac
2513 4893 2696 4949 carnis
2767 4893 2982 4946 sarcina
3053 4893 3176 4959 ejus
3223 4891 3594 4946 misericordia

323 4991 513 5058 eximi,
555 5002 614 5047 ut
637 5009 759 5048 cum
794 4995 912 5066 ipso
945 4998 999 5051 in
1029 5007 1295 5053 aeternum
1330 4999 1524 5068 simus,
1557 5003 1717 5060 unice
1757 5003 1978 5060 amabili
2018 5009 2072 5056 et
2106 4993 2342 5052 amando
2371 4989 2500 5044 Jesu
2525 4985 2745 5040 Cht‘iSlO
2779 4985 2888 5038 υθο
2921 4994 3128 5040 "05er-

861 5113 1194 5168 ΕΡΩΘΗΣΙΣ
1219 5118 1346 5172 UA'.

467 5297 779 5366 βρωθῆναι
809 5298 930 5351 ὑπό
955 5315 1119 5366 τινος
1144 5300 1312 5368 ζὼου,
1356 5297 1413 5356 τι
1435 5297 1758 5373 ποιητέοᾶ·;

397 5454 696 5522 Συμϐαίνει
728 5455 796 5508 τὰ
817 5457 1045 5511 τοιαῦτα
1079 5459 1176 5514 καὶ
1203 5461 1453 5531 ὲκχεῖται
1498 5463 1568 5516 τὰ
1597 5463 1788 5532 Ἅγια,
1811 5464 1905 5518 καὶ

328 5545 564 5613 μάλιστα
611 5547 848 5620 ἐπηρείᾳ
909 5549 1004 5603 τοῦ
1063 5553 1340 5623 πονηροῦ·
1394 5554 1656 5618 πολλάκις
1705 5555 1763 5607 δὲ
1806 5555 1902 5608 καὶ

325 5633 636 5707 ἁσθενείᾳῆ
691 5638 922 5710 ἀμελείᾳ
953 5643 1050 5695 καὶ
1083 5642 1385 5713 ἀπροσεξίᾳ
1417 5642 1528 5698 τῶν
1579 5645 1796 5716 ἱερέων.
1841 5644 1900 5698 '0

413 5811 457 5842 '°
487 5809 624 5867 Gen.
657 5827 740 5878 ιιι,
779 5813 864 5868 l7.
975 5817 1016 5847 ¹¹
1055 5815 1073 5870 ι
1111 5815 1232 5872 Cor.
1269 5831 1342 5882 rx,
1383 5815 1474 5871 27.

2495 5099 2821 5168 QUAESTIO
2851 5101 3090 5156 LXXXI.

217 5239 232 5250 ·
322 5225 930 5306 Εισιίμϐᾔ-χυθῆναι
985 5229 1054 5282 ἐν
1085 5229 1433 5306 τῇηεὶσόδφ
1489 5233 1564 5288 τὰ
1625 5235 1813 5306 Ἅγια,
1862 5237 1902 5306 ἢ

2019 5227 2062 5286 5i
2095 5225 2300 5282 accidat
2354 5230 2409 5304 ut
2465 5220 2602 5300 inter
2639 5219 2960 5306 egerendum
3016 5217 3358 5306 c/fuitdarrtur
3406 5231 3585 5306 errr-ra,

2074 5301 2154 5352 vel
2189 5297 2252 5350 ab
2293 5289 2514 5348 animali
2551 5285 2781 5357 quadram
2819 5285 3203 5344 consumuntur
3235 5301 3252 5340 :
3284 5285 3466 5354 ecquid
3501 5286 3588 5354 [a-

2075 5371 2318 5422 ciertdum
2341 5367 2364 5418 ?

2074 5461 2286 5516 Accidit
2311 5459 2603 5531 aliquando
2626 5465 2682 5514 ut
2705 5465 2892 5512 sancta
2927 5453 3178 5524 mysteria
3207 5450 3584 5516 eﬂ‘undantur,

2009 5554 2242 5608 maxime
2259 5549 2744 5606 dzemouismalitia
2773 5561 2950 5616 τείνει-ο
2977 5556 3158 5600 tamen
3204 5552 3258 5598 et
3297 5543 3496 5598 accidit
3517 5556 3588 5598 ex

2012 5643 2326 5700 inﬁrmitate
2357 5648 2439 5699 vel
2485 5643 2720 5711 incuria,
2753 5641 2836 5697 vel
2859 5636 3190 5711 negligentia
3215 5635 3582 5692 sacerdotum.

1585 5819 1630 5851 “
1662 5817 1856 5877 Matth.
1893 5835 1968 5890 ιι,
2001 5821 2088 5876 12.
2169 5823 2211 5855 ³³
2245 5822 2264 5877 l
2294 5821 2418 5878 Cor.
2455 5837 2524 5888 tv,
2556 5819 2610 5876 7.
