4064 6204
509 371 616 434 947

1331 364 1710 432 SYMEONIS
1738 360 2484 428 THESSALONICENSIS
2515 365 2863 430 ARCHIEP.

3640 368 3747 435 943

515 483 779 538 Sacerdos
807 481 893 537 cui
934 481 1190 538 acciderit
1217 493 1404 537 sant-ta
1445 481 1721 545 effudisse,
1763 477 2084 533 conﬁteatur

2187 486 2362 536 τοίνυν
2404 485 2582 552 ἱερεὺς
2629 485 2688 534 ἐν
2795 481 2954 536 τοῦτο
2997 481 3191 553 συνέϐη
3250 481 3311 533 τὸ
3362 482 3650 552 ἐκχυθῆναι
3680 492 3746 540 τὰ

514 579 615 630 hoc
631 577 928 645 przesertim
950 576 1213 645 pontiﬁci,
1237 591 1268 629 a
1285 590 1392 645 quo
1413 574 1725 645 praescripta
1747 573 2080 628 observanda

511 669 740 737 accipiet
778 687 793 722 :
831 646 1068 722 maxime
1108 671 1153 723 si
1183 669 1234 723 id
1279 683 1345 722 ex
1397 668 1726 739 negligentia
1756 664 1842 720 vel
1873 664 2080 719 incuria

512 760 792 824 acciderit,
823 770 875 813 et
925 775 955 813 a
990 770 1179 814 sancto
1208 760 1511 815 ministerio
1542 768 1796 814 arceatur
1843 759 1909 813 ad
1944 768 2082 812 tem-

510 865 633 918 pus.
664 849 817 915 Quod
839 851 882 904 si
917 851 968 903 in
999 851 1101 904 hoc
1125 850 1242 904 loco
1271 862 1491 904 necesse
1519 851 1589 903 sit
1618 850 1703 902 vel
1735 850 1863 903 utile
1887 863 2084 902 munus

511 943 630 1010 ejus
663 943 716 995 in
749 942 1138 995 abstinentiam
1171 981 1186 1005 ,
1214 941 1461 995 oratione
1510 950 1564 995 et
1615 941 2082 1010 genuﬂexionilius

515 1035 593 1087 illi
626 1034 944 1103 injungatnr
968 1034 1107 1086 ratio
1134 1031 1457 1102 pcenitendi,
1496 1047 1562 1086 ne
1597 1047 1833 1101 unquam
1858 1032 2082 1086 omnino

515 1125 753 1178 salutare
801 1125 1200 1178 intermittatur
1233 1140 1371 1193 opus
1408 1123 1682 1178 sacriﬁcii.
1730 1123 1810 1185 Si,
1860 1123 1988 1176 dum
2026 1122 2081 1176 in

514 1216 772 1284 templum
835 1217 1140 1285 ingreditur
1187 1216 1251 1270 ad
1297 1216 1621 1270 sacriﬁcium
1655 1213 2082 1282 adimplendum,

513 1306 825 1361 effundatur
877 1307 1020 1376 quod
1078 1307 1131 1360 in
1183 1307 1349 1362 calice
1382 1308 1722 1371 continetur,
1759 1315 1813 1360 et
1863 1307 2081 1374 quidem

514 1409 709 1465 totum,
743 1401 935 1456 statim
973 1410 1027 1454 ut
1053 1401 1154 1455 hoc
1188 1401 1239 1454 in
1276 1401 1485 1457 sanctis
1535 1401 1805 1471 mysteriis
1863 1399 2079 1465 accidit,

511 1493 709 1545 iterum
771 1493 838 1546 de
886 1508 1026 1546 novo
1086 1491 1175 1546 ﬁat
1222 1492 1448 1558 oblatio,
1518 1503 1574 1546 et
1629 1505 1818 1559 preces
1875 1504 2085 1559 praepa-

513 1583 742 1637 rationis
790 1585 1080 1638 dicantur:
1123 1593 1177 1638 et
1239 1584 1317 1638 sic
1373 1584 1564 1638 ordine
1614 1592 1738 1651 post
1785 1583 2082 1636 solemnem

515 1676 822 1744 ingressum
868 1689 1094 1728 munera
1127 1673 1377 1728 sacriﬁcii
1412 1673 1788 1742 perﬁciantur.
1820 1671 2086 1726 Similiter

513 1766 560 1820 si
586 1766 844 1820 acciderit
867 1776 922 1817 ut
951 1778 1146 1833 panem
1202 1765 1443 1818 oblatum
1478 1774 1532 1818 et
1566 1774 1940 1819 consecratum
1969 1779 2086 1816 mu-

516 1874 604 1912 res
640 1859 719 1912 vel
743 1857 843 1910 alia
867 1872 930 1911 ex
981 1857 1307 1911 animalibus
1363 1857 1650 1917 eroserint,
1710 1856 1837 1924 quin
1893 1854 2086 1908 viderit

513 1951 792 2013 sacerdos,
851 1966 951 2004 nec
985 1951 1276 2005 reseiverit
1309 1959 1436 2003 ante
1471 1949 1800 2017 ingressum,
1852 1947 2078 2001 alterum

513 2056 707 2111 panem
762 2041 1085 2109 providebit,
1135 2057 1296 2109 quem
1341 2042 1444 2095 rite
1479 2040 1748 2104 dividens,
1775 2048 1830 2094 et
1860 2037 2084 2092 benedi-

515 2148 644 2187 cens
674 2133 1006 2201 prephcticis
1034 2133 1233 2199 verbis,
1248 2148 1309 2186 ea
1339 2135 1525 2186 dicens
1542 2142 1595 2186 ct
1615 2132 1819 2185 faciens
1846 2145 1966 2199 quae
1994 2145 2083 2184 se-

515 2225 754 2279 cundum
789 2240 1015 2287 murem,
1037 2226 1241 2280 addens
1259 2239 1451 2293 preces
1477 2224 1787 2286 oblationis,
1809 2233 1861 2275 et
1885 2223 2080 2276 deimle

513 2327 637 2385 post
658 2319 953 2370 solemnem
979 2317 1281 2382 ingressum
1304 2315 1442 2369 ritus
1472 2315 1720 2370 sacrificii
1741 2313 2080 2384 adimplebit.

515 2407 710 2461 Sancta
769 2418 948 2462 autem
1011 2408 1266 2476 mysteria
1303 2408 1505 2462 debent
1535 2422 1563 2460 a
1621 2409 1902 2460 sacerdote
1929 2406 2083 2460 colli-

513 2498 563 2568 gi
600 2498 651 2551 in
684 2505 872 2550 sancto
926 2498 1110 2566 aliquo
1137 2513 1261 2552 vase
1299 2499 1438 2552 etin
1492 2499 1612 2552 IN‘O
1641 2497 1990 2551 convenienti
2030 2507 2084 2549 et

513 2604 707 2643 securo
743 2589 1020 2655 collocari,
1051 2606 1118 2644 ne
1147 2590 1376 2660 pedibus
1420 2592 1834 2651 eonculcentur,
1868 2588 1948 2640 vel
1981 2588 2078 2639 ali-

513 2684 656 2750 quod
684 2684 1038 2754 incongruuln
1064 2684 1431 2753 experiantur.
1448 2683 1954 2753 Opportunissimns
1976 2681 2080 2734 erit

511 2774 664 2829 locus
730 2777 818 2829 ille
875 2778 928 2829 in
969 2791 1076 2846 quo
1129 2786 1250 2844 post
1317 2776 1597 2831 collectam
1653 2774 1909 2828 sacerdos
1963 2787 2075 2825 ma-

512 2881 614 2918 ns
648 2865 804 2926 lavat,
838 2881 993 2934 quem
1029 2875 1244 2934 oportet
1278 2866 1476 2920 habere
1514 2864 1672 2918 facile
1703 2863 2065 2918 claudendum

517 2967 572 3010 et
601 2957 1017 3012 convenientem
1054 2976 1066 3011 :
1105 2969 1158 3011 et
1189 2958 1351 3011 simul
1389 2957 1686 3012 curandum
1725 2966 1807 3010 est
1833 2970 1900 3008 ne
1949 2954 2075 3022 quid

513 3048 710 3102 horum
741 3051 894 3102 cadat
925 3048 1162 3102 exterius
1201 3063 1232 3102 e
1274 3049 1392 3102 loco
1426 3049 1545 3112 hoc,
1580 3061 1755 3115 neque
1809 3061 1873 3099 ex
1933 3059 2074 3111 aqua

2186 573 2851 644 ⁹Ἀγιια,»ἐξομολογείσθω
2887 573 3315 643 προηγουμένως
3366 575 3445 644 τῷ
3479 575 3744 648 ἀρχιερεῖ.

2184 667 2292 719 Καὶ
2319 667 2521 728 ἱκανῶς
2571 665 2962 730 κανονιζέσθωο
3003 665 3098 718 καὶ
3156 665 3356 733 μᾶλλον
3392 666 3442 719 εἱ
3502 670 3746 738 ῥᾳθυμία

2181 755 2374 808 τούτου
2406 755 2440 826 ἦ
2469 755 2771 825 ἀπροσεξίᾳ
2806 754 3009 823 συνέϐη
3035 770 3049 784 ·
3104 755 3196 808 καὶ
3227 755 3326 825 τῆς
3365 756 3515 819 θείας
3543 759 3752 828 ὑπηρε-

2186 848 2306 909 σίας
2347 847 2618 917 εἰργέσθω
2652 849 2742 898 ἐπὶ
2776 847 2988 915 καιρόν.
3023 847 3085 899 El
3122 845 3168 898 δ’
3196 848 3412 916 ἀνάγκη
3443 850 3539 901 καί
3593 851 3753 918 χρεία

2189 939 2381 1008 ἱερέως
2410 942 2468 992 ἐν
2506 940 2584 1008 τῷ
2620 939 2792 1009 τόπῳ,
2828 940 2896 992 δι’
2941 941 3268 1010 ἐγκρατείας
3300 943 3394 993 καί
3445 945 3755 1010 προσευχῆς

2187 1031 2218 1099 ἢ
2258 1029 2622 1096 γονυκλισιῶν
2665 1031 2806 1082 ἔστω
2833 1032 2900 1085 τὰ
2932 1035 3028 1084 τοῦ
3070 1033 3296 1094 κανόνος
3351 1033 3521 1102 αὐτῷ,
3561 1036 3646 1087 ἵνα
3681 1037 3754 1103 μὴ

2185 1124 2245 1176 τὸ
2303 1125 2571 1193 σωτήριον
2831 1124 2967 1189 ὅλως
3028 1125 3382 1195 ἐμποδισθείη
3442 1126 3623 1196 ἔργον.
3667 1127 3756 1178 Ἐν

2187 1216 2263 1286 τῷ
2287 1216 2463 1285 καιρῷ
2484 1215 2540 1268 δὲ
2571 1217 2788 1286 ἐκείνῳ,
2807 1218 2930 1270 καθ’
2947 1217 3005 1269 ὃν
3032 1217 3230 1284 συνέϐη
3250 1217 3560 1283 τὸχεγονΒς
3579 1219 3660 1278 εἰς
3687 1215 3752 1267 τὰ

2189 1312 2369 1376 Ἅγια,
2401 1310 2448 1361 εἱ
2491 1310 2588 1378 μὲν
2612 1312 2668 1362 ἐν
2688 1311 2766 1378 τῷ
2785 1311 2895 1379 ναῷ
2919 1301 3019 1378 τῆς
3046 1310 3251 1363 εἰσόδου
3277 1310 3608 1378 τελουμένης
3643 1307 3758 1373 ἐξε-

2185 1401 2322 1472 χύθη
2371 1402 2432 1453 τὸ
2467 1404 2521 1454 ἐν
2575 1401 2652 1471 τῷ
2699 1403 2946 1472 ποτηρίῳ
2989 1403 3085 1456 καὶ
3142 1403 3308 1464 ἅπαν,
3341 1402 3535 1455 ἕνωσιν
3590 1402 3756 1454 πάλιν

2188 1493 2428 1558 ποιείτω,
2449 1494 2540 1546 καὶ
2554 1493 2653 1562 τὴν
2677 1493 2842 1563 εὐχὴν
2859 1494 3158 1561 ἐπιλεγέτω
3177 1492 3274 1564 τῆς
3297 1492 3632 1563 προθέσεως*
3661 1494 3757 1546 καὶ

2149 1629 2171 1642 .
2187 1585 2332 1638 οὕτω
2347 1585 2586 1654 καθεξῆς
2608 1587 2716 1640 άπὸ
2739 1587 2840 1656 τῆς
2868 1586 3111 1656 μεγάλης
3134 1587 3341 1640 εἰσόδου
3361 1587 3428 1639 τὰ
3454 1587 3558 1640 τῶν
3577 1585 3759 1655 εὐχῶν

2186 1679 2496 1731 ἐκτελείτω.
2540 1677 2772 1746 ὀμοίως
2799 1679 2854 1732 δὲ
2883 1680 2977 1731 καὶ
3006 1681 3054 1732 εἱ
3089 1679 3288 1748 συνέϐη
3329 1679 3424 1731 τὸν
3452 1693 3754 1748 προσενεχο

2119 1811 2159 1867 Β
2190 1769 2350 1821 θέντα
2377 1769 2520 1822 θεῖον
2543 1770 2704 1838 ἄρτον
2745 1770 2849 1822 ὑπὸ
2886 1769 3064 1841 μυῶν,
3096 1768 3129 1842 ἢ
3190 1770 3379 1840 ἐτέρου
3432 1770 3574 1835 ζώου
3617 1768 3760 1839 βρω-

2191 1859 2368 1929 θῆναι,
2406 1862 2498 1913 καὶ
2536 1861 2610 1931 μὴ
2669 1861 2821 1915 ἱδοιό
2858 1863 3054 1930 ἱερεὺς,
3102 1861 3242 1931 μετὰ
3298 1862 3355 1916 ὂδ
3401 1863 3501 1931 τὴν
3547 1863 3760 1915 εἱσοδον

2191 1953 2322 2022 γνῷ,
2356 1955 2717 2025 προσκομὶσει
2746 1953 2929 2024 ἕτερον
2954 1956 3117 2024 ἄρτον
3145 1954 3436 2025 ἁνατεμὼν
3479 1956 3754 2025 συνήθως,

2191 2046 2286 2098 καὶ
2318 2046 2587 2113 ἐπιλέγων
2616 2047 2682 2100 τά
2710 2048 3029 2117 προφητικὰ
3062 2049 3300 2118 ῥήμαται
3329 2049 3424 2101 καί
3447 2049 3545 2100 ὅσα
3568 2047 3757 2107 λέγειν

2193 2140 2288 2192 καὶ
2309 2139 2484 2192 ποιεῖν
2525 2138 2687 2201 ἔθος·
2741 2141 2837 2194 καὶ
2883 2139 2979 2210 τὴν
3027 2141 3192 2210 εὐχὴν
3229 2140 3330 2210 τῆς
3383 2140 3756 2210 προσκομιδῆς

2190 2232 2485 2298 ἐπιλέγειν,
2516 2227 2638 2285 εἱτα
2689 2234 2917 2300 ἐπάγειν
2951 2233 3059 2286 ἀπὸ
3113 2233 3211 2302 τῆς
3246 2233 3484 2302 μεγάλης
3542 2233 3757 2284 εἰσόδου

2192 2324 2262 2379 τὰ
2292 2324 2399 2378 τῶν
2427 2325 2621 2396 εὐχῶν,
2651 2321 2708 2378 αἱ
2769 2327 2865 2378 καὶ
2899 2326 3208 2380 τελεστικαί
3255 2328 3362 2379 εἱσι
3421 2328 3650 2394 μᾶλλον.
3698 2328 3760 2379 Αἰ

2191 2415 2460 2484 πρότερον
2486 2415 2592 2484 γὰρ
2613 2416 2634 2466 ἐ
2644 2415 2921 2500 ρρέθησαν
2947 2414 3179 2485 ἱλασμοῦ
3204 2415 3300 2468 καὶ
3317 2415 3552 2485 δεήσεως
3573 2415 3758 2476 οὖσαι,

2190 2507 2286 2559 καὶ
2317 2507 2450 2575 πρὸς
2499 2505 2600 2576 τὴν
2652 2507 2962 2576 ἱερουργίαν
2998 2507 3382 2576 οἱκονομοῦσαι
3438 2508 3531 2560 τδν
3578 2509 3756 2578 ἱερέα.

2192 2599 2273 2652 Τὰ
2294 2598 2592 2670 ἐκχυθέντα
2629 2599 2687 2652 δὲ
2721 2601 2888 2666 Ἀγια
2924 2601 3103 2670 χρεὼν
3157 2601 3489 2670 συναχθῆναι
3519 2601 3635 2652 ὑπὸ
3671 2599 3758 2652 τοῦ

2191 2690 2379 2760 ἱερέως
2419 2693 2476 2745 ἐν
2513 2690 2697 2744 σκεύει
2733 2691 2876 2762 ἁγίῳ
2903 2693 3032 2755 τινὶ,
3062 2692 3157 2746 καὶ
3183 2692 3240 2744 ἐν
3287 2691 3417 2761 ἱερῷ
3469 2691 3624 2761 τόπῳ
3669 2693 3758 2743 καὶ

2191 2782 2427 2851 ἀσφαλεῖ
2476 2783 2830 2852 ἀποτεθῆναι,
2881 2782 3020 2836 ὥστε
3083 2782 3158 2853 μὴ
3215 2781 3756 2851 καταπατηθῆναι.ῆ

2191 2874 2320 2927 ἄλλο
2365 2891 2417 2926 τι
2448 2874 2554 2926 τῶν
2589 2873 2663 2944 μὴ
2690 2873 2921 2928 δεόντων
2973 2874 3191 2929 παθεῖν.
3237 2873 3545 2945 Ἐξαίρετος
3569 2875 3630 2926 δὲ
3672 2876 3758 2928 τό-

2194 2985 2294 3030 πος
2331 2965 2484 3021 ἔσται
2516 2967 2644 3021 ἔνθα
2701 2969 2838 3038 μετὰ
2869 2968 2931 3020 τὸ
2979 2970 3307 3038 κοινωνῆσαι
3343 2971 3371 3022 ό
3413 2969 3594 3036 ἱερεὺς
3624 2971 3760 3022 am

2130 3089 2141 3098 -
2192 3058 2438 3111 νίπτεται
2464 3075 2476 3088 ·
2503 3059 2562 3112 ὃν
2595 3060 2688 3113 καὶ
2735 3060 2941 3128 ὀφείλει
2991 3059 3396 3129 ὴσςραλισμένον
3445 3060 3590 3128 ἔχειν
3627 3061 3764 3113 πάν-

516 3140 1065 3207 puriﬁcationis,cum
1098 3141 1169 3193 sit
1213 3149 1480 3203 sanetum,
1509 3147 1695 3207 utpote
1725 3137 1866 3205 quod
1899 3135 2090 3188 laverit

2192 3149 2345 3204 τοθεν
2379 3149 2474 3202 καὶ
2508 3151 2790 3220 ἁρμόδιον,
2839 3153 2932 3205 καὶ
2961 3152 3236 3222 προσοχὴν
3265 3150 3430 3221 ἔχειν,
3481 3152 3556 3223 μὴ
3593 3154 3762 3206 ἐκπί-

516 3233 656 3285 labia
705 3231 1090 3284 communione
1143 3231 1477 3285 sanctiﬁcata
1532 3239 1587 3283 et
1647 3242 1837 3281 manus
1907 3241 2086 3280 sacer-

516 3327 686 3380 dotis.
745 3322 909 3390 Quasi
956 3333 1144 3376 sancta
1203 3321 1411 3390 piscina
1465 3331 1549 3375 est
1614 3321 1767 3372 liicce
1827 3318 2088 3381 locus,et

517 3432 654 3487 aqua
721 3414 1115 3486 puriﬁcationis
1178 3415 1532 3469 sacerdotalis
1603 3411 1966 3473 sanctiﬁcata,
2018 3426 2081 3462 ex

517 3526 622 3580 qua
668 3510 915 3564 novimus
953 3516 1007 3561 et
1036 3509 1346 3562 sanationes
1407 3506 1610 3570 ﬁeri.si
1647 3504 1772 3558 inde
1813 3515 2087 3573 unguntur

517 3615 612 3660 aut
641 3605 833 3658 bibunt
867 3599 1088 3654 inﬁrmi.
1122 3600 1307 3667 Neque
1360 3609 1539 3651 autem
1574 3605 1778 3649 temere
1815 3597 1928 3649 hare
1961 3605 2088 3647 sunt

517 3695 796 3750 tramanda
825 3709 840 3748 :
875 3691 1408 3762 precipicndumque
1441 3699 1525 3742 est
1561 3695 1616 3739 ut
1647 3687 1734 3740 ille
1771 3686 1859 3754 qni
1892 3684 1977 3738 his
2011 3687 2085 3736 uti

519 3797 691 3857 optat.
723 3787 990 3840 innocens
1035 3785 1105 3836 sit
1155 3791 1209 3837 et
1253 3783 1498 3850 jejunus.
1537 3778 1802 3832 Similiter
1857 3777 1947 3830 ille
1995 3776 2089 3842 qui

521 3882 606 3936 liis
636 3879 760 3947 ungi
797 3876 1029 3946 cupierit
1053 3881 1269 3943 oportet
1299 3882 1357 3926 ut
1385 3873 1582 3925 iterum
1613 3870 1825 3923 lavetur
1869 3867 1925 3920 in
1966 3867 2086 3920 loco

515 3982 768 4042 separato
797 3983 850 4025 et
881 3968 1250 4024 convenienti.
1304 3965 1401 4019 llic
1453 3967 1618 4034 igitur
1672 3973 1794 4032 post
1843 3977 2087 4016 commu-

519 4069 739 4118 nionem
772 4063 1042 4116 lavabitur
1070 4059 1349 4119 sacerdos,
1388 4059 1470 4110 vel
1509 4056 1563 4108 in
1598 4055 1717 4108 loco
1763 4053 1962 4122 aptiori
1998 4068 2087 4106 se-

518 4160 848 4227 curiorique,
891 4156 934 4211 si
991 4153 1153 4218 adsit,
1203 4162 1390 4207 sancta
1455 4150 1704 4220 mysteria
1753 4163 1872 4217 qua:
1919 4148 2085 4201 eﬁ‘usa

519 4262 643 4303 sunt
677 4248 939 4316 colligens
965 4246 1050 4313 pie
1077 4245 1381 4312 devoteqne
1415 4256 1540 4297 cum
1588 4241 1764 4308 aquali
1797 4241 1884 4293 hic
1915 4241 2086 4308 depo-

520 4349 634 4393 net.
666 4339 1037 4393 Pavinientum
1070 4337 1139 4390 sit
1169 4351 1199 4389 e
1234 4347 1523 4394 marmore,
1551 4341 1609 4386 ut
1633 4333 1748 4385 haec
1778 4340 1900 4400 apte
1925 4343 2086 4384 sanc-

2193 3259 2349 3294 πτειν
2375 3243 2571 3308 ἔξωθέν
2601 3260 2653 3296 τι
2703 3243 2799 3296 τοῦ
2835 3244 3001 3297 τόπου
3067 3245 3299 3309 ἐκείνου,
3359 3245 3497 3314 μήτε
3554 3245 3620 3297 ἐκ
3669 3243 3760 3299 τοῦ

2190 3332 2461 3400 νίμματος
2482 3349 2497 3364 ο
2527 3332 2715 3404 ἐπειδὴ
2761 3333 2918 3401 ἅγιόν
2951 3335 3090 3400 ἐστι,
3113 3334 3180 3386 τὰ
3208 3333 3362 3403 χείλη
3391 3349 3451 3386 τε
3477 3332 3549 3385 τὰ
3577 3334 3644 3386 ἐκ
3662 3333 3761 3401 τῆς

2190 3423 2473 3484 κοινωνίας
2499 3423 2811 3491 ήγιασμένα
2833 3425 2928 3475 καὶ
2965 3423 3062 3486 τὰς
3110 3425 3300 3491 χεῖρας
3323 3422 3590 3474 ἐκπλύνον
3612 3439 3625 3451 ·
3670 3439 3761 3473 και

2190 3513 2265 3574 ὡς
2287 3513 2346 3564 τὸ
2369 3513 2513 3580 ἱερὸν
2544 3513 2804 3583 ποτήριον
2836 3516 3041 3576 ἐκεῖνος
3073 3517 3099 3566 ὁ
3149 3513 3312 3575 τόπος
3369 3513 3486 3564 ἐστὶ
3543 3511 3643 3565 καὶ
3696 3509 3764 3563 τὸ

2190 3601 2370 3672 νὶμμα
2403 3604 2758 3674 ἡγιασμένον,
2789 3601 2854 3657 δι’
2879 3603 2939 3656 οὗ
2972 3606 3065 3658 καὶ
3117 3603 3343 3672 ἰάματα,
3379 3603 3452 3666 ὡς
3483 3601 3758 3671 ἔγνωμεν.
3847 3601 3856 3610 ’

2188 3694 2419 3761 γίνεται,
2449 3695 2754 3766 χριομένων
2789 3697 2851 3750 ἐκ
2882 3695 3072 3749 τούτου
3103 3696 3266 3750 τινῶν
3296 3694 3756 3766 ἀρρωστούντων.

2189 3787 2222 3855 ἢ
2246 3788 2579 3840 ἐκπινόντων
2603 3804 2616 3818 ο
2661 3788 2758 3842 καὶ
2787 3787 2896 3840 οὐδ’
2925 3789 3112 3852 ἁπλῶς
3141 3787 3298 3841 τοῦτο
3330 3789 3596 3858 παρέχειν
3624 3789 3760 3856 χρὴ,

2190 3877 2307 3932 ἀλλ’
2337 3876 2477 3932 ὥστε
2506 3879 2908 3948 παραγγέλλειν
2937 3879 3252 3949 προσέχειν,
3280 3879 3485 3932 καὶτὸν
3509 3879 3610 3946 μὲν
3637 3877 3762 3948 βου·

2188 3973 2412 4040 λόμενον
2443 3971 2654 4024 ἐκπιεῖν
2689 3967 2831 4025 εἶναι
2887 3973 3127 4040 καθαρόν
3155 3989 3213 4024 τε
3261 3973 3356 4025 καί
3407 3974 3619 4041 νῆστιν.
3676 3971 3764 4024 '0-

2192 4065 2360 4133 μοὶως
2395 4063 2452 4116 δὲ
2481 4064 2577 4116 καὶ
2622 4064 2715 4117 τδν
2766 4064 3091 4134 βουλόμενον
3137 4063 3482 4132 ἀλείψασθαι,
3543 4063 3604 4124 ὃς
3665 4062 3760 4114 καὶ

2188 4156 2392 4224 ὀφείλει
2417 4155 2700 4210 νίπτεσθαι
2731 4153 2957 4226 ὕστερον
2988 4158 3044 4208 ἐν
3074 4154 3326 4219 ἰδιάζοντι
3371 4157 3546 4224 τόπῳ.
3579 4154 3763 4207 Ἐκείο

2192 4265 2250 4301 σε
2297 4249 2476 4303 τοίνυν
2509 4249 2635 4301 ἔνθα
2685 4249 2715 4300 δ
2763 4249 2942 4317 ἱερεὺς
2981 4248 3118 4316 μετὰ
3164 4248 3260 4317 τὴν
3295 4247 3586 4301 κοινωνίαν
3618 4248 3762 4298 ἁπο-

2192 4341 2467 4404 νίπτεται,
2494 4340 2525 4409 ἢ
2557 4342 2616 4393 ἐν
2644 4340 3035 4411 ἀσφαλεστέρῳ
3052 4341 3200 4410 τόπῳ
3226 4340 3272 4391 εἱ
3304 4339 3443 4402 ἐστι,
3492 4340 3564 4391 τὰ
3594 4340 3764 4406 ὲκχυυ

525 4448 684 4498 ieque
710 4435 760 4483 in
787 4431 906 4483 loco
929 4430 1286 4496 deponantur.
1322 4426 1551 4493 Sintque
1607 4425 1839 4477 maxima
1891 4433 1947 4476 et
1976 4421 2078 4474 ﬁxa

2193 4433 2351 4485 θέντα
2373 4434 2542 4498 ⁸Ἀγια
2575 4431 2832 4496 συλλέξας
2862 4410 3106 4492 εὐλαϐῶς
3141 4432 3280 4500 μετὰ
3301 4431 3400 4497 τῆς
3427 4431 3605 4482 ἐκεῖσε
3627 4429 3762 4495 ὕλης

529 4537 792 4576 marmora
826 4536 945 4589 quae
984 4517 1251 4588 profunde
1284 4517 1558 4569 fodiantur
1585 4515 1637 4568 in
1672 4523 1858 4584 aptum
1895 4529 2084 4586 recep-

539 4615 759 4669 aculum
791 4627 892 4683 pro
923 4610 1127 4665 sanctis
1185 4607 1559 4663 oblationibus
1612 4607 1700 4660 hic
1748 4605 2088 4676 deponendis

532 4707 834 4773 separatim,
865 4716 924 4758 ut
967 4703 1226 4756 diximus.
1261 4701 1337 4755 lta
1389 4699 1776 4754 confodianlur
1825 4707 1882 4751 ut
1920 4696 2088 4750 lavari

543 4801 692 4853 «issit
720 4810 772 4852 et
795 4795 1218 4864 receptaculum.
1263 4793 1319 4848 Si
1351 4809 1478 4847 vero
1500 4800 1829 4845 consecratae
1858 4790 2088 4844 oblatio-

545 4907 620 4944 :es
649 4905 754 4944 non
784 4890 894 4943 sint
915 4904 980 4943 ex
1019 4897 1131 4942 toto
1157 4885 1482 4951 eﬂ'us:e,_sed
1511 4897 1633 4952 pars
1660 4897 1846 4937 earum
1876 4897 2090 4935 reman-

522 4985 676 5044 serit,
708 4991 836 5036 tunc
866 4980 1096 5034 addatur
1125 4990 1249 5048 pars
1267 4979 1434 5030 altera
1463 4975 1757 5029 Secundum
1785 4974 1929 5043 quod
1951 4970 2088 5043 opus

523 5087 629 5138 est,
664 5085 720 5128 et
757 5073 1073 5143 perﬁciatur
1097 5069 1451 5125 sacriﬁcium.
1484 5067 1538 5122 Si
1581 5085 1708 5121 vero
1733 5066 2000 5121 acciderit
2036 5076 2092 5120 nt

524 5175 638 5225 lucc
687 5159 862 5220 etSl'ata
893 5166 1130 5234 desuper
1155 5162 1504 5217 effundantur
1533 5162 1586 5214 in
1621 5171 1799 5216 vestes
1833 5160 2091 5214 sacerdo-

528 5262 682 5323 tales,
741 5269 796 5313 et
846 5259 1063 5326 quidem
1117 5265 1244 5309 ante
1288 5254 1639 5316 sacriﬁcium,
1678 5253 1722 5307 si
1768 5252 2090 5322 pretiosiora

525 5364 732 5406 tantum
765 5362 818 5405 et
864 5349 1176 5420 pulchriora
1237 5347 1554 5400 indumenta
1603 5345 1900 5415 attigerint,
1965 5356 2091 5397 tunc

525 5443 639 5498 haec
673 5444 990 5498 vestimenta
1024 5442 1273 5495 laventur
1329 5453 1464 5506 aqua
1521 5441 1572 5491 in
1613 5453 1736 5492 vase
1773 5447 1980 5499 samto,
2021 5437 2090 5488 ita

526 5547 586 5590 ut
633 5538 767 5588 nihil
813 5538 865 5587 in
929 5536 1035 5588 illis
1088 5542 1384 5597 remaneat,
1432 5541 1480 5584 et
1511 5547 1647 5599 aqua
1686 5531 2089 5584 itntnittaturin

523 5630 706 5682 locum
741 5643 983 5687 sacrum.
1017 5636 1075 5679 ut
1126 5626 1327 5680 dictum
1389 5633 1491 5678 est.
1526 5623 1676 5689 Quod
1729 5623 1772 5674 si
1833 5621 2093 5675 acciderit

527 5731 650 5790 post
687 5719 1009 5774 sacrificium
1041 5718 1242 5772 effundi
1279 5717 1331 5768 in
1365 5732 1652 5772 commune
1688 5715 2090 5778 indunientmn,

525 5830 591 5867 cx
621 5827 686 5866 eo
711 5810 1063 5866 rcsecandum
1103 5819 1182 5866 est
1212 5820 1473 5878 quantum
1532 5819 1614 5861 est
1669 5821 1887 5861 necesse
1931 5817 1986 5860 ut
2028 5823 2091 5860 cx

2193 4525 2289 4578 κο.)⁸
2325 4525 2420 4576 τοῦ
2443 4524 2568 4593 χοὸς
2598 4524 2886 4594 ἁποθήσει.
2921 4525 2982 4578 Εἰ
3019 4524 3074 4576 δὲ
3122 4525 3390 4594 μάρςιαρα
3433 4535 3761 4590 κατεστρω-

2195 4618 2330 4684 μένα
2378 4616 2537 4680 εἰσὶν,
2594 4615 2682 4668 ἱνα
2737 4616 2909 4670 ταῦτα
2961 4614 3172 4669 ἐκεῖθεν
3227 4613 3443 4679 ἐξελὼν,
3487 4617 3544 4666 ἐν
3605 4616 3763 4683 τόπῳ

2193 4707 2325 4778 ἱερῷ
2353 4710 2449 4762 καὶ
2478 4708 2732 4772 ἰδιάζοντι
2763 4707 3041 4778 ἀποθήσῃ.
3075 4708 3136 4759 Εἰ
3162 4707 3217 4760 δὲ
3243 4708 3477 4776 μέγιστα
3506 4707 3605 4759 καὶ
3633 4707 3762 4760 ἀκίο

2190 4816 2347 4869 νητα,
2393 4799 2481 4852 ῖνα
2502 4796 2820 4868 λατομήσας
2875 4801 2953 4861 εἰς
2988 4799 3152 4868 βάθος
3200 4799 3398 4861 ἱκανῶς
3451 4797 3542 4850 τὸν
3595 4800 3764 4851 τόπον

2192 4890 2320 4943 ἔνθα
2351 4890 2416 4960 δὴ
2447 4890 2740 4960 ἐξηπλώθη
2768 4889 2836 4943 τὰ
2871 4892 3060 4957 Ἅγια,
3095 4891 3164 4944 τὰ
3197 4888 3545 4959 ἐξενεχθέντα
3578 4891 3762 4942 ἐκεῖσε

2193 4982 2358 5053 θήσῃ,
2391 4984 2448 5034 ἐν
2477 4981 2648 5051 τόπῳ,
2679 4984 2755 5044 ὡς
2789 4979 3022 5050 ἔφημεν.
3063 4981 3220 5035 Ἀλλὰ
3263 4983 3360 5034 καὶ
3389 4980 3518 5033 ἔνθα
3541 4980 3769 5032 λελατόο

2197 5090 2392 5144 μηκεν,
2430 5073 2515 5125 ἵνα
2551 5072 2793 5144 ἐκπλύνῃ
2823 5073 2915 5125 τὸν
2971 5073 3137 5127 τόπον
3179 5073 3254 5136 ὡς
3295 5072 3545 5126 δυνατόν.
3587 5071 3650 5123 Εἰ
3702 5069 3764 5122 δὲ

2195 5165 2262 5217 τὰ
2286 5164 2454 5231 ’Ἅγια
2484 5165 2543 5216 ού
2570 5165 2750 5217 πάντα
2773 5164 3087 5233 ἐκκέχυται,
3113 5162 3250 5217 ἀλλὰ
3285 5163 3450 5233 μέρος
3478 5162 3766 5215 ἐναπελεί-

2195 5252 2325 5322 φθη,
2367 5252 2454 5304 ἵνα
2492 5250 2584 5304 καὶ
2608 5253 2796 5322 ἕτερον
2821 5251 3098 5305 ἐπιδαὶὼν
3136 5253 3260 5304 ὅσον
3299 5255 3376 5314 εἰς
3421 5252 3635 5321 χρείαν,
3669 5251 3768 5302 ὲκ-

2194 5343 2392 5416 τελέσῃ
2422 5344 2491 5397 τά
2522 5343 2620 5413 τῆς
2655 5343 2990 5412 ἱερουργίας.
3026 5342 3136 5396 Καὶ
3167 5343 3263 5395 ἐὰν
3286 5341 3353 5395 τὰ
3385 5339 3552 5408 ’Ἀγια
3577 5342 3770 5395 ἐπάνω

2193 5435 2302 5488 τῶν
2325 5435 2547 5505 ἁμφὶων
2596 5435 2687 5489 τοῦ
2729 5436 2918 5507 ἱερέως
2949 5434 3204 5505 ἐξεχύθη,
3248 5437 3298 5486 εἰ
3357 5434 3457 5504 μὲν
3506 5431 3614 5502 πρὺ
3658 5431 3770 5501 τῆς

2194 5525 2547 5589 τελειώσεως,
2569 5528 2622 5579 εἰ
2644 5527 2802 5595 τίμια
2828 5527 2988 5597 μόνον
3027 5526 3137 5579 εἰσί
3188 5526 3286 5578 καὶ
3320 5523 3612 5591 πολυτελῆ,
3667 5523 3770 5575 ἵνα

2199 5618 2342 5679 ἰδίως
2372 5619 2431 5668 ἐν
2480 5615 2664 5668 σκεύει
2717 5616 2994 5679 ἐκπλύνας
3054 5616 3186 5688 ἱερῷ
3246 5615 3476 5678 ἱκανῶς,
3506 5615 3644 5668 ὥστε
3680 5614 3770 5682 μὴ

2197 5709 2592 5777 ὑπολειφθῆναι
2657 5709 2712 5759 ἐν
2764 5711 2877 5770 τοῖς
2925 5708 3192 5776 ἐνδύμασι
3255 5724 3330 5773 τι,
3362 5709 3424 5761 τὸ
3451 5707 3628 5776 νὶμμα
3658 5706 3773 5772 ἐμ-

2199 5803 2338 5873 ϐάλῃ
2365 5804 2423 5854 ὲν
2461 5803 2609 5870 τόπῳ
2655 5801 2785 5870 ἱερῷ
2824 5803 2918 5855 καὶ
2957 5802 3209 5872 ἀσφαλεῖ,
3274 5801 3457 5866 καθὼς
3521 5802 3768 5872 εἴρηται.
