4064 6204
357 291 460 358 949

1059 295 1452 358 RESPONSA
1493 294 1592 356 AD
1647 295 2094 356 GABRIELEM
2135 292 2848 358 PENTAPGLITANUM.

3523 298 3630 362 950

363 406 426 458 ΕΞ
449 403 505 458 δὲ
526 405 664 474 μετὰ
702 405 804 476 τὴν
834 404 1114 459 τελείωσιν
1145 406 1466 474 ἐκκέχυται,
1501 405 1590 458 ἵνα
1647 403 1788 458 κατά
1821 405 1931 457 πᾶ-

2063 419 2146 458 toc
2197 419 2376 474 panno
2435 404 2526 458 ﬁat
2568 405 2748 460 velum
2788 419 3028 472 sacrum,
3067 406 3211 475 quod
3277 407 3480 477 pariter
3541 418 3630 462 est

367 513 466 548 σαν
487 495 740 566 ἀνάγκην
770 497 1104 565 ἑκκόπτηται
1141 501 1201 550 τὸ
1248 496 1416 566 μέρος
1449 499 1626 549 ἐκεῖνο
1647 495 1742 549 τοῦ
1789 495 1940 566 ἱεροῦ

365 587 691 657 ἐνδύματος,
724 589 818 642 καὶ
874 590 1017 642 θεῖον
1056 590 1325 660 κάλυμμα
1366 589 1609 656 γίνηται,
1669 589 1942 641 ὲκπλυθὲν

365 679 458 733 καὶ
495 678 627 732 αὐτὸ
655 680 716 734 ἐν
752 679 906 750 τόπῳ
935 681 1242 748 ῑδιαιτάτῳ,
1285 677 1415 732 ἔνθα
1456 683 1552 732 καὶ
1592 680 1734 750 ἱερὸν
1769 683 1942 750 ποτήο

367 790 482 842 ριον
509 773 848 844 ἑκπλυθῆναι
889 773 1142 836 δυνατὸν,
1180 773 1273 825 καὶ
1313 773 1554 840 σπόγγον
1589 772 1762 840 ῥύπου
1807 775 1944 844 πλη-

365 863 562 916 σθέντα
603 863 696 915 καὶ
727 863 1025 932 σήψεως,ἢ
1077 865 1222 934 ἱερὸν
1264 864 1554 932 κάλυμμα.
1613 864 1724 916 Καὶ
1769 863 1945 916 τ;.ῦτα

366 955 476 1026 γὰρ
513 955 850 1008 ἀποπλύνειν
886 956 1030 1019 κατά
1095 955 1314 1026 καιρὸν,
1361 956 1526 1024 μόνον
1567 953 1817 1019 εὐλαϐῶς
1849 955 1946 1008 καὶ

368 1046 426 1097 ὲν
479 1045 718 1112 ἀσφαλεῖ
767 1047 916 1110 τόπῳ
980 1045 1316 1114 καὶμᾶλλον
1375 1045 1562 1108 καλῶς
1619 1043 1798 1113 ἕγοντι
1855 1044 1946 1096 καὶ

366 1138 624 1206 ἀσφαλῶς
662 1141 738 1209 τῷ
755 1139 1038 1209 λεγομένῳ
1069 1139 1364 1208 νιπτηρίῳ,
1389 1140 1451 1191 οὐ
1485 1137 1773 1208 βλαϐερὸν,
1811 1137 1947 1191 ἀλλὰ

369 1231 572 1298 μᾶλλον
599 1230 868 1298 Θεοφιλὲς,
907 1232 988 1287 είς
1020 1232 1188 1298 τιμὴν
1223 1231 1320 1284 καὶ
1378 1231 1668 1300 ὡραϊσμὸν
1703 1231 1814 1282 τῶν
1850 1231 1942 1282 τοῦ

365 1319 500 1371 Θεοῦ
529 1317 588 1371 δν
623 1320 786 1390 ίερῶν
825 1320 1062 1374 σκευῶν.
1091 1320 1442 1390 Εὑρίσκομεν
1475 1321 1585 1390 γάρ
1640 1321 1732 1374 καὶ
1785 1321 1843 1374 ἐν
1877 1322 1942 1391 τῇ

365 1411 569 1480 παλαιᾷ
597 1410 860 1478 διατάξει,
887 1411 962 1475 ὡς
981 1413 1200 1483 κάλπην
1228 1409 1346 1484 εἶχέ
1369 1431 1492 1466 τινα
1523 1411 1808 1484 ήΜεγάλη
1853 1412 1944 1465 ὲκ-

365 1503 588 1572 κλησία,
621 1498 734 1557 οἷον
765 1503 969 1576 μικρὰν
987 1506 1246 1576 λεκάνην,
1284 1507 1342 1560 ὲν
1444 1507 1509 1560 τὰ
1535 1506 1658 1576 ἱερὰ
1687 1505 1944 1562 ἀπέπλυ-

365 1613 456 1650 νον
497 1597 737 1667 ποτήρια
767 1595 854 1650 διὰ
887 1597 1114 1670 χλιαροῦ
1152 1597 1374 1662 ὕδατος.
1401 1633 1404 1637 -

897 1729 1236 1783 ΕΡΩΤΗΣΙΣ
1265 1729 1390 1784 III".

367 1867 564 1934 ὀπως
581 1863 696 1934 χρὴ
720 1866 1033 1920 κοινωνεῖν
1049 1867 1195 1932 τοὺς
1219 1866 1304 1936 μὴ
1324 1867 1707 1937 δυναμένους
1725 1870 1813 1935 είς
1836 1867 1946 1924 τὸν

643 1937 796 1992 ναὸν
813 1939 1258 2006 παραγενέσθαι
1277 1940 1352 2008 dp
1361 1939 1654 2008 ρώστους.

441 2055 606 2108 Ὅθεν
637 2054 970 2124 προσεκτέον
1007 2053 1086 2124 τῷ
1121 2055 1262 2124 ἱερεῖ
1316 2057 1398 2119 εἰς
1434 2056 1613 2110 πάντα
1665 2059 1735 2111 τά
1789 2057 1948 2126 Ἅγια

375 2145 465 2200 καὶ
491 2144 590 2216 τὴν
628 2144 784 2216 ἱεράν
817 2146 1322 2215 παρακαταθήκην,
1359 2147 1450 2198 τδν
1481 2149 1948 2217 προηγιασμένον,

374 2241 468 2291 καὶ
499 2239 782 2308 ἡνωμένον
823 2237 900 2307 τῷ
934 2239 1066 2308 θείῳ
1091 2238 1286 2307 αἵματι
1331 2239 1599 2301 ζωοποιὸν
1641 2244 1736 2292 καὶ
1778 2239 1953 2292 πανά-

371 2348 492 2400 γιον
521 2335 709 2404 ἄρτον,
748 2333 891 2386 ὥστε
949 2333 1007 2384 ἐν
1059 2331 1238 2400 πυξίῳ
1293 2331 1525 2401 καθαρῷ
1578 2333 1672 2386 καὶ
1721 2335 1955 2401 ἀσφαλεῖ

371 2425 538 2495 ἔχειν,
587 2425 682 2478 καὶ
725 2425 864 2494 μετὰ
937 2423 1184 2494 καθαροῦ
1225 2423 1638 2494 ὴσφαλισμένον
1697 2427 1994 2498 ὑφάσμασι

371 2531 462 2578 τος
531 2516 626 2568 καὶ
691 2515 898 2584 τιμίου.
961 2516 1106 2568 Αὐτὸ
1159 2515 1268 2584 γάρ
1345 2517 1462 2568 ἐστι
1531 2516 1590 2568 τὸ
1666 2516 1948 2572 θειότατον

381 2609 540 2673 σῶμα
617 2611 714 2660 καὶ
766 2601 906 2674 αἷμα
986 2608 1046 2659 τὸ
1113 2607 1468 2664 Δεσποτικδν.
1547 2609 1658 2661 Καὶ
1714 2627 1957 2680 προσκυ-

376 2701 486 2752 νεῖν
515 2697 679 2770 369
724 2702 820 2752 καὶ
853 2699 1050 2768 θυμιᾷν
1105 2703 1199 2753 καὶ
1254 2702 1420 2772 τιμᾷν
1477 2704 1581 2772 χρὴ
1615 2702 1712 2776 ὅλῃ
1762 2705 1958 2774 προθέ-

379 2807 488 2856 σει,
513 2793 607 2841 καὶ
651 2791 907 2858 ὑπεράνω
933 2791 1071 2860 πρὸς
1101 2781 1367 2856 avri-told;
1404 2793 1501 2863 τῆς
1533 2795 1684 2858 θείας
1737 2799 1960 2866 τραπέ-

385 2881 480 2953 ξης
526 2884 847 2952 ᾐωρημένον
900 2883 1067 2952 ἔχειν,
1117 2885 1211 2935 καὶ
1265 2885 1578 2939 ὲπιὸλέπειν
1633 2887 1718 2940 ἵνα
1777 2888 1852 2959 μή
1907 2905 1959 2942 τι

385 2975 629 3045 συμϐαίη
664 2976 899 3047 ἀμελείᾳ
930 2978 1039 3030 τῶν
1073 2977 1150 3048 μὴ
1180 2979 1429 3034 δεόντων.
1463 2981 1568 3034 Καὶ
1613 2983 1668 3034 ἐν
1696 2981 1775 3053 τῷ
1836 2983 1962 3054 μέλ-

385 3071 495 3121 λειν
521 3069 576 3121 δέ
601 3085 724 3120 τινα
749 3073 1053 3136 κοινωνεῖν,
1089 3071 1165 3142 μὴ
1194 3074 1272 3134 είς
1298 3073 1388 3125 τὸν
1424 3075 1624 3128 κόλπον
1655 3075 1897 3144 λαμϐάνε
1911 3094 1956 3130 ιν

2047 492 2335 547 lavandum
2391 495 2444 546 in
2496 493 2616 546 loco
2673 495 3034 550 mundissimo
3095 515 3109 550 :
3168 498 3522 552 inundabitur
3575 507 3631 552 et

2048 599 2201 640 sacra
2231 585 2461 654 piscina,
2518 587 2741 656 spongia
2775 587 2855 640 vel
2894 588 3076 656 aliquo
3114 589 3285 644 linteo
3333 579 3630 644 sicrahitur

2048 683 2106 728 nl
2157 676 2474 744 pttriﬁectnr
2526 693 2554 728 a
2611 677 2885 731 sordibus.
2945 676 3071 731 Ilaec
3139 688 3319 732 autem
3379 679 3630 734 facienda

2049 775 2176 818 sunt
2205 779 2302 832 pro
2327 766 2759 834 Opportunitate,
2796 767 2994 822 devote
3030 777 3208 822 tamen
3241 779 3294 823 et
3324 783 3448 824 cum
3483 785 3633 840 Inag-

2049 869 2118 909 na
2177 857 2486 912 sedulitate.
2543 857 2823 928 Optimum
2877 861 3096 930 quidem
3143 869 3290 916 esset
3321 862 3365 916 si
3409 862 3471 916 ad
3525 863 3633 916 hoe

2051 945 2344 1000 haberetur
2374 948 2546 1014 pelvis
2605 949 2686 1003 vel
2738 948 3139 1005 nitidissimum
3193 951 3405 1006 labrum
3437 952 3488 1006 itt
3525 969 3636 1022 quo

2050 1037 2351 1092 honoriﬁce
2381 1049 2434 1092 et
2479 1027 2823 1096 laudabiliter
2873 1043 3273 1098 ntttndarentur
3306 1061 3432 1098 vasa
3471 1061 3626 1100 sacra

2051 1127 2182 1182 Deo.
2220 1129 2274 1182 ln
2311 1131 2588 1184 veteribus
2617 1132 2853 1188 decretis
2893 1133 3204 1189 invenimus
3254 1135 3398 1204 quod
3434 1135 3626 1206 Magna

2050 1220 2280 1275 ecclesia
2326 1222 2578 1276 hnlmerit
2639 1227 2955 1294 amphoram
2993 1225 3076 1279 vel
3125 1235 3332 1280 tantum
3376 1227 3632 1282 labellum

2051 1311 2342 1366 minimum
2373 1311 2444 1369 ad
2471 1313 2704 1368 lavanda
2737 1316 2789 1368 itt
2835 1331 2973 1386 aqua
3006 1317 3187 1388 tepida
3225 1333 3354 1374 vasa
3377 1333 3556 1374 sacra.

2534 1710 2854 1778 QUASSTIO
2897 1713 3160 1768 LXXXII.

2053 1871 2330 1940 Quomodo
2383 1883 2624 1948 oporteat
2681 1877 3073 1948 communicare
3121 1876 3384 1944 inﬁrmos,
3439 1878 3531 1948 qui
3577 1879 3642 1935 in.

2325 1945 2518 2012 templo
2551 1955 2829 2012 prrrscules
2865 1947 3046 1999 adesse
3077 1957 3357 2014 nequeunt.

2121 2059 2379 2113 Attendnt
2419 2059 2608 2112 sedulo
2635 2059 2889 2114 sacerdos
2924 2059 3024 2128 ipsi
3063 2074 3185 2114 esse
3235 2062 3625 2114 reservandum

2055 2163 2118 2202 ex
2144 2149 2404 2202 omnibus
2423 2150 2706 2204 sacriﬁciis
2735 2165 2952 2204 sacrum
2993 2150 3300 2217 depositum
3325 2170 3341 2218 ;
3371 2151 3644 2218 prresanr-

2057 2239 2320 2294 tiﬁcatum
2352 2241 2562 2294 scilicet
2598 2256 2792 2311 panem
2826 2241 3196 2313 viviﬁcantem
3225 2251 3278 2296 et
3311 2258 3640 2298 sacrosanc—

2059 2341 2193 2394 tum,
2231 2331 2446 2385 unitum
2494 2348 2623 2385 vere
2658 2343 2850 2388 sancto
2889 2333 3102 2388 Domini
3141 2336 3416 2404 sanguini,
3471 2351 3635 2403 quem

2061 2423 2256 2476 habeat
2289 2423 2343 2476 in
2377 2425 2576 2493 pyxide
2609 2425 2810 2479 munda
2845 2435 2899 2480 et
2937 2434 3054 2478 tuto
3091 2425 3322 2489 reclusa,
3373 2427 3646 2478 involuta-

2058 2529 2165 2583 que
2196 2515 2318 2569 velo
2369 2515 2728 2571 mundissimo
2760 2525 2813 2571 et
2843 2518 3088 2587 pretioso
3121 2534 3134 2572 :
3177 2519 3262 2572 hic
3309 2518 3465 2588 panis
3501 2519 3648 2571 enim

2060 2615 2142 2662 est
2175 2608 2580 2662 sanctissimum
2615 2625 2811 2678 corpus
2840 2620 2894 2665 et
2929 2611 3150 2682 sanguis
3189 2611 3425 2666 Domini.
3459 2609 3644 2666 Genu-

2063 2699 2262 2762 ﬂectat,
2313 2701 2592 2758 thuriﬁcet
2623 2713 2676 2757 et
2703 2703 2893 2758 adoret
2927 2705 3076 2757 omni
3107 2705 3434 2766 intentione,
3467 2713 3648 2758 teneat.

2062 2795 2332 2849 clevatum
2381 2805 2508 2850 ante
2552 2806 2797 2850 sanctam
2864 2812 3132 2860 mensam,
3165 2799 3650 2867 etcirrumspiciat

2065 2885 2352 2958 diligenter
2381 2890 2602 2958 nequid
2653 2889 2862 2944 incuria
2908 2905 3006 2943 sua
3052 2889 3144 2944 ﬁat
3189 2892 3642 2959 incongruentem

2065 2979 2201 3034 Cum
2235 2981 2399 3050 igitur
2432 2982 2626 3051 aliquis
2667 2982 2834 3036 fuerit
2887 2997 3039 3037 sacra
3077 2983 3467 3036 communione
3523 2983 3648 3034 reti-

2069 3074 2316 3138 ciendus,
2347 3077 2602 3130 sacerdos
2635 3092 2743 3130 non
2775 3087 2956 3132 sumat
2995 3085 3186 3130 sancta
3211 3087 3558 3130 sacramenta
3586 3077 3636 3128 in

387 3163 476 3214 καὶ
509 3161 856 3232 πορεύεσθαι,
917 3163 993 3226 ὥς
1058 3182 1202 3226 τινες
1241 3165 1334 3218 νῦν
1383 3170 1872 3238 καταφρονητικῶς
1925 3170 1957 3240 ἢ

2071 3169 2192 3223 sinu
2243 3179 2300 3222 ιιι
2363 3171 2520 3222 adeat
2567 3170 2866 3236 inﬁrmum,
2905 3175 3208 3240 utquidam
3261 3173 3648 3235 irreverenter,

383 3253 600 3322 ἀμελῶς
639 3251 671 3323 ἢ
704 3253 1106 3322 ἀσυλλογίστως
1153 3255 1422 3321 ποιοῦσιν,
1479 3258 1595 3309 ἀλλ’
1644 3257 1960 3328 ἑτοιμάζειν

382 3363 440 3399 εν
463 3347 538 3415 τῷ
573 3347 704 3416 ιερῷ
733 3348 979 3418 ποτηρίῳ
1009 3350 1108 3416 τὴν
1133 3349 1286 3402 θείαν
1327 3349 1521 3418 μερίδα
1560 3351 1618 3403 ὲν
1667 3353 1730 3421 τῇ
1778 3351 1960 3404 λαϐίδι

384 3441 522 3491 κατὰ
545 3441 644 3509 τὴν
669 3439 953 3510 πρόθεσιν,
991 3439 1066 3504 ὡς
1094 3439 1214 3504 ἔθος
1237 3437 1305 3510 ἦν
1341 3439 1602 3512 ὲξαρχῆς,
1654 3443 1748 3496 καὶ
1797 3445 1960 3514 ἡμεῖς

381 3531 684 3600 φθάσαντες
737 3533 970 3600 εἴδομεν,
1037 3533 1132 3586 καὶ
1189 3535 1607 3604 προηγουμένης
1657 3534 1957 3603 λαμπάδος,

385 3623 473 3676 τὸν
539 3623 690 3692 ἱερέα
748 3624 1100 3693 ἐνδεδυμένον
1164 3627 1594 3697 ἔπιτραχήλιον,
1653 3628 1962 3696 κρατοῦντα

387 3715 734 3784 πορεύεσθαι,
766 3717 858 3770 καὶ
885 3715 1030 3769 οὕτω
1074 3718 1212 3786 μετὰ
1275 3717 1335 3770 τὸ
1369 3717 1696 3787 κοινωνῆσαι
1741 3721 1834 3770 τὸν
1865 3720 1964 3792 ἀρ-

397 3807 696 3863 ῑωστοῦντα
722 3809 1125 3880 ἐπανέρχεσθαι
1163 3809 1346 3867 πάλιν.
1383 3811 1490 3863 Καὶ
1513 3809 1671 3863 τοῦτο
1701 3814 1876 3864 ποιεῖν
1901 3811 1962 3864 οὐ

393 3907 508 3966 τοὺς
535 3905 836 3974 κοσμικοὺς
865 3907 1035 3973 ,ἱερεῖς
1079 3905 1262 3974 μόνον,
1313 3905 1448 3956 ἀλλὰ
1489 3907 1582 3958 καὶ
1620 3907 1746 3968 τοὺς
1793 3923 1960 3976 μονα-

403 3995 510 4062 ςοὺς
534 3999 590 4047 ἐν
618 3997 729 4057 τοῖς
765 3995 1172 4065 μοναστηρίοις,
1205 3993 1291 4046 ἵνα
1345 3998 1438 4047 καὶ
1467 3995 1647 4062 τίμιον
1680 3989 1738 4066 ᾗ,
1758 3997 1851 4048 καὶ
1881 3997 1964 4057 είς

393 4087 482 4157 μὴν
505 4087 597 4139 τοῦ
625 4087 862 4154 Χριστοῦ
891 4087 1072 4151 δόξαν,
1105 4087 1197 4139 καὶ
1226 4085 1382 4156 ἡμῶν
1415 4088 1494 4148 εἰς
1545 4091 1611 4140 τὰ
1640 4087 1758 4140 θεῖα
1803 4087 1964 4141 εὐλά-

377 4181 556 4243 ϐειαν,
589 4181 682 4232 καί⁵
707 4181 782 4250 μή
809 4197 860 4232 τι
887 4180 994 4232 τῶν
1017 4179 1371 4232 άπευκταίων
1407 4179 1674 4250 συμϐαίη,
1724 4181 1798 4243 ὡς
1823 4179 1962 4233 είδο-

385 4289 504 4342 μεν.
549 4273 954 4342 Ἀνεπιτηδείου
985 4271 1092 4340 γὰρ
1128 4273 1278 4334 ὄντος
1313 4273 1404 4323 τοῦ
1439 4275 1629 4341 τόπου,
1671 4275 1730 4324 ἐν
1761 4273 1837 4342 τῷ
1882 4273 1964 4342 ἐξ·

379 4365 535 4431 ἀγειν
567 4363 854 4434 βούλεσθαι
901 4363 997 4416 τοῦ
1035 4364 1237 4428 πυξίου
1270 4367 1368 4436 τὴν
1396 4367 1545 4418 θείαν
1580 4365 1794 4436 μερίδα,
1821 4383 1964 4436 συμ-

377 4457 579 4528 ϐέϐηκε
602 4458 863 4520 πολλάκις
887 4461 946 4511 τῦ
971 4460 1174 4528 φρίκης
1209 4462 1304 4513 καὶ
1346 4459 1643 4528 καταδίκης
1689 4459 1861 4526 ἄξιον,
1887 4459 1962 4523 ὼς

377 4552 678 4622 ἐμάθομεν,
709 4551 933 4624 ῥιφῆναι
971 4553 1038 4604 τά
1063 4551 1257 4618 Ἅγια.
1299 4553 1458 4604 Ἀλλὰ
1505 4553 1596 4604 καὶ
1626 4552 1686 4605 τὸ
1711 4553 1965 4624 κατέχειν

373 4645 550 4698 ταῦτα
578 4647 636 4697 ὲν
672 4643 893 4706 κόλποις
931 4645 1024 4696 καὶ
1054 4643 1261 4696 ὁδεύειν
1304 4644 1336 4712 ἦ
1372 4642 1641 4712 καθῆσθαι
1677 4643 1777 4696 οὐκ
1804 4643 1966 4698 εὐλα-

375 4737 624 4800 ϐέςλίαὶ
649 4739 734 4800 τίς
783 4738 944 4809 χρεία
970 4735 1130 4789 τοῦτο
1186 4737 1383 4800 ποιεῖν,
1444 4733 1764 4804 δυναμένοις
1821 4735 1968 4808 εὑρι-

379 4847 532 4883 σκειν
559 4835 617 4884 ὲν
653 4832 786 4882 πᾶσι
837 4830 986 4891 ναοῖς
1014 4827 1122 4880 τῶν
1175 4827 1336 4880 θείων
1385 4827 1803 4897 φυλαττομένων
1865 4837 1968 4898 μυέ

379 4939 480 4990 στη
491 4921 618 4992 ρίων
641 4940 656 4988 ;
691 4921 891 4987 Διόπερ
913 4921 961 4972 εί
979 4917 1044 4973 δι’
1065 4919 1509 4988 αἰσχροκέρδειαν
1535 4921 1678 4972 ποιεῖ
1699 4937 1782 4983 τις
1799 4935 1965 4972 πνευ-

379 5015 610 5082 ματικὸς
635 5013 669 5084 ἢ
703 5015 880 5083 ἱερεὺς
903 5012 962 5065 τδ
991 5012 1256 5075 τοιοῦτον,
1297 5010 1630 5079 ἁμαρτάνει,
1659 5013 1706 5064 εἰ
1756 5012 1832 5082 μή
1864 5029 1966 5066 που

380 5111 522 5163 κατὰ
557 5109 760 5177 πολλὴν
813 5107 896 5160 ὅτι
949 5107 1043 5158 καὶ
1091 5104 1356 5176 μεγίστην
1411 5104 1680 5174 ἀνάγκην,
1732 5106 1964 5175 ἐρημίας

377 5203 567 5270 οὔσης,
599 5202 694 5254 καὶ
727 5200 801 5270 μὴ
821 5198 1051 5252 δυνατοῦ
1085 5199 1234 5260 ὅντος
1260 5197 1354 5250 τοῦ
1389 5197 1487 5266 τὴν
1510 5196 1663 5261 τάξιν
1688 5195 1964 5264 γενέσθαι,

379 5295 412 5362 ἢ
454 5293 552 5344 ἐὰν
613 5293 774 5361 μέσον
824 5292 1052 5343 ἐθνικῶν
1101 5289 1218 5342 ἐστί
1269 5305 1392 5352 τις,
1447 5289 1541 5342 καὶ
1581 5287 1964 5360 παρρησιάσα-

383 5388 508 5438 σθαι
534 5385 593 5438 οὐ
627 5387 871 5450 δύναται,
909 5387 1120 5454 μήποτέ
1151 5401 1233 5446 τις
1267 5383 1362 5436 καὶ
1392 5383 1585 5452 ἀτιμία
1617 5386 1838 5452 γένηται
1856 5385 1967 5446 τοῖς

391 5481 594 5549 Ἀγίοις
620 5497 635 5512 ⁸
665 5483 833 5551 χωρὶς
865 5479 920 5532 δὲ
967 5477 1148 5543 τοῦτο,
1177 5478 1472 5543 ἀναγκαῖον
1501 5477 1561 5530 τὸ
1604 5476 1744 5546 μετὰ
1801 5479 1967 5546 τιμῆς

381 5575 730 5644 προπέμπειν
780 5572 846 5624 τὰ
893 5571 1080 5638 Ἅγια.
1152 5569 1258 5621 Καὶ
1319 5569 1420 5638 ὅρα
1479 5567 1578 5637 τὴν
1634 5566 1966 5636 Ἐκκλησίαν

395 5669 540 5721 .οῠτο
566 5667 655 5719 ἀεὶ
678 5666 938 5719 ποιοῦσαν
971 5669 1026 5716 εν
1057 5667 1175 5724 ταῖς
1207 5662 1306 5730 τῆς
1335 5651 1686 5730 πειτουργίας
1717 5662 1965 5724 εἰσόδοις,

461 5759 476 5810 ‘t
504 5760 576 5828 μὴ
607 5757 824 5810 τελείων
848 5756 1014 5809 ὄντων
1038 5755 1144 5806 τῶν
1173 5751 1330 5806 θείων
1357 5750 1564 5822 δώρων.

2065 3261 2184 3314 sine
2219 3277 2347 3315 cura
2388 3263 2670 3333 dignitatis
2693 3273 2745 3316 et
2778 3263 3019 3319 absurde
3047 3265 3318 3328 fecerunt,
3351 3263 3446 3318 sed
3484 3263 3653 3330 parti-
3707 3267 3714 3276 '

2065 3350 2240 3404 cuiam
2287 3367 2494 3406 sacram
2529 3355 2616 3422 pie
2673 3361 2903 3423 reponat
2954 3354 3008 3408 in
3063 3365 3254 3408 sancto
3300 3354 3470 3408 calice
3523 3368 3646 3406 cum

2065 3437 2288 3509 forcipe,
2319 3443 2461 3496 sicut
2512 3445 2679 3499 moris
2721 3454 2805 3498 est
2854 3461 2882 3499 a
2923 3446 3220 3516 principio,
3254 3456 3310 3500 et
3342 3461 3442 3500 nos
3501 3445 3653 3512 prius

2067 3531 2325 3586 vidimus.
2383 3532 2651 3587 Sacerdos
2688 3535 2910 3589 indutus
2946 3537 3086 3590 stola
3125 3536 3472 3604 praecedente
3507 3535 3644 3589 lam-

2065 3621 2204 3692 pade
2241 3631 2418 3692 potest
2459 3622 2744 3686 inci-dere,
2813 3625 3003 3695 sicque
3055 3627 3120 3679 ad
3155 3628 3434 3681 inﬁrmum
3493 3642 3652 3682 sacra

2067 3715 2450 3770 communione
2503 3717 2882 3770 roborandam
2938 3717 3221 3772 accedere.
3279 3719 3348 3772 Et
3380 3719 3451 3774 ita
3489 3735 3650 3789 agere

2066 3809 2268 3864 debent
2295 3823 2400 3863 non
2436 3809 2610 3863 solum
2647 3811 2935 3884 sa-cnlares
2966 3811 3306 3878 sacerdotes,
3337 3812 3430 3866 sed
3481 3812 3646 3866 etiam

2069 3903 2322 3958 monachi
2354 3903 2410 3957 in
2447 3903 2820 3966 monasteriis,
2859 3903 3082 3972 quibus,
3122 3904 3176 3958 in
3197 3906 3462 3959 honorem
3486 3903 3650 3960 Citri-

2068 3993 2136 4048 sti
2167 4003 2470 4063 etpmpter
2520 4007 2638 4044 eam
2691 4009 2800 4062 qua
2851 4003 3040 4048 sancta
3093 4001 3328 4049 tractare
3387 3995 3652 4050 debemus

2067 4089 2347 4157 pietatem,
2385 4085 2636 4140 habenda
2675 4096 2760 4141 est
2811 4086 2878 4140 ad
2931 4087 3035 4140 hoc
3079 4085 3318 4156 pretiosa
3364 4086 3649 4155 supellex;

2067 4187 2122 4233 et
2141 4180 2340 4248 quibus
2374 4177 2490 4247 pari
2532 4195 2660 4233 cura
2711 4179 2932 4233 vitanda
2967 4187 3092 4232 sunt
3133 4179 3498 4234 abominanda
3549 4180 3652 4234 ista

2068 4286 2189 4341 qua:
2236 4270 2486 4326 accidere
2521 4272 2758 4326 vidimus
2794 4288 2807 4325 :
2853 4272 3178 4341 particulam
3208 4286 3418 4326 sacram
3465 4286 3652 4325 asser-

2067 4363 2180 4419 vari
2215 4363 2412 4418 inloco
2445 4364 2740 4426 indecenti,
2773 4373 2828 4418 et
2862 4379 2986 4418 cum
3011 4379 3128 4418 eam
3151 4378 3218 4418 ex
3254 4363 3450 4434 pyxide
3482 4361 3653 4416 desu-

2071 4471 2220 4512 tnere
2253 4457 2462 4522 volunt,
2493 4472 2636 4525 saepe
2679 4456 2799 4511 ﬁeri
2847 4466 2905 4510 ut
2936 4467 3123 4512 sant-ta
3161 4467 3348 4518 ruant,
3407 4465 3464 4509 ιιι
3498 4453 3652 4508 nudi-.

2071 4550 2274 4614 vimus,
2316 4549 2460 4620 quod
2491 4566 2624 4605 sane
2657 4552 2883 4604 horrore
2919 4551 3138 4617 plenum
3202 4559 3258 4605 et
3281 4550 3400 4604 diro
3441 4547 3653 4618 judicio.

2071 4643 2318 4713 dignum.
2351 4642 2456 4698 Sed
2483 4654 2538 4698 et
2563 4644 2678 4698 lucc
2703 4645 2900 4698 Sancta
2931 4643 3134 4698 habere
3155 4644 3206 4696 in
3235 4643 3356 4698 sinu
3389 4643 3654 4697 inceden—

2070 4737 2141 4792 do
2193 4737 2282 4792 vel
2333 4737 2529 4793 stando
2578 4737 2804 4790 omnino
2839 4737 3066 4804 impium
3103 4751 3118 4788 :
3173 4743 3228 4788 et
3254 4749 3375 4803 qua
3407 4735 3652 4804 alioquin

2071 4829 2282 4884 utilitas
2315 4843 2382 4882 ex
2421 4827 2527 4882 hoc
2579 4842 2701 4880 esse
2757 4833 2957 4892 potest.
3019 4841 3142 4880 cum
3201 4825 3414 4894 pessint
3469 4841 3654 4879 sacra-

2073 4929 2322 4974 mentum
2361 4920 2606 4973 invenire
2660 4919 2714 4972 in
2765 4919 2962 4986 quovis
3022 4915 3224 4986 templo
3253 4915 3652 4970 asservatum?

2071 5014 2437 5080 Quamobrem
2485 5020 2673 5081 peccat
2731 5011 3028 5081 spiritualis
3063 5010 3226 5065 Pater
3263 5009 3343 5066 vel
3393 5011 3652 5064 sacerdos

2070 5109 2164 5176 qui
2211 5107 2315 5161 hoc
2379 5105 2552 5170 facit;
2636 5105 2742 5160 nisi
2819 5104 2961 5158 forte
3027 5103 3266 5158 maxima
3335 5103 3652 5170 impellantur

2071 5200 2419 5260 necessitate,
2462 5198 2516 5252 in
2571 5212 2757 5252 eremo
2791 5197 3020 5260 scilicet,
3067 5205 3122 5250 et
3175 5211 3282 5250 non
3313 5196 3488 5264 possit
3521 5210 3653 5250 nor-

2073 5309 2218 5346 mam
2282 5290 2436 5360 sequi
2498 5289 2890 5358 prtescriptam,
2925 5299 3020 5342 aut
3059 5288 3102 5341 si
3163 5288 3368 5341 habitet
3419 5289 3471 5340 in
3535 5301 3654 5340 me-

2071 5385 2161 5440 dio
2207 5385 2576 5448 ethnicorum,
2630 5395 2734 5436 nec
2761 5380 2933 5448 possit
2989 5379 3331 5434 conlidenter
3372 5389 3422 5433 et
3479 5379 3653 5434 libere

2071 5489 2252 5546 agere,
2287 5482 2574 5542 metusque
2591 5483 2676 5528 est
2705 5487 2773 5526 ne
2789 5471 3046 5540 quiddam
3077 5471 3434 5525 irreverentia
3470 5485 3652 5526 saera-

2072 5567 2274 5622 mentis
2327 5565 2614 5631 inferatur,
2699 5563 2998 5630 prudenter
3030 5562 3246 5616 omittat
3278 5563 3594 5632 praescripta
3635 5581 3650 5618 :

2071 5663 2166 5715 scd
2195 5669 2348 5714 extra
2387 5659 2536 5713 hunc
2561 5673 2772 5720 casum,
2807 5655 3076 5726 frequenti
3110 5659 3370 5711 comitatu
3427 5665 3482 5710 et
3519 5671 3646 5710 cum

2080 5755 2286 5807 honore
2317 5752 2488 5806 multo
2519 5749 2836 5806 deducenda
2872 5757 3001 5804 sunt
3029 5759 3219 5807 sancta
3259 5749 3324 5806 ad
3379 5745 3648 5802 inﬁrmos.
