4064 6204
416 290 515 353 951

1186 244 1575 344 svneouts
1610 274 2361 339 'l‘llESSALONICENslS
2416 273 2777 333 ARCHIEP.

3555 259 3661 326 ιιέ

415 402 823 458 Animadvertet
876 399 1037 453 etiam
1091 398 1237 467 quod
1291 413 1505 463 semper
1574 397 1653 449 sic
1706 395 1876 464 egerit
1919 404 1972 448 ct
2006 394 2272 462 agendum
2305 401 2508 447 statuat
2554 389 2816 455 Ecclesia,
2868 400 2991 440 cum
3044 385 3111 439 ad
3148 382 3472 439 sacriﬁcium
3531 396 3658 448 pro-

418 496 652 561 ceditur,
694 502 748 548 et
780 508 901 546 eum
929 490 1069 545 dona
1106 490 1198 543 Dei
1230 499 1420 544 contra
1456 502 1706 541 normam
1751 485 2128 555 perﬁciuntur.

870 602 1195 670 QUAESTIO
1230 601 1510 655 LXXXIII.

419 725 476 781 Si
517 742 606 793 per
650 724 958 777 oblivionem
990 721 1275 774 sacerdotis
1314 717 1989 793 contingatunionem‘sa-

492 785 863 847 c'ramemalem
903 808 1003 843 non
1055 792 1187 858 fieri,
1237 799 1283 841 et
1332 803 1552 839 vacuum
1598 787 1685 840 ille
1731 785 1983 852 poculum

485 865 762 933 ,obtexerit,
793 862 915 931 quid
950 861 1288 929 faciendum?

493 957 551 1010 Si
603 955 803 1007 oblitus
860 952 1023 1005 fuerit
1057 951 1311 1005 sacerdos
1350 952 1453 1006 sub
1508 960 1739 1017 utraque
1802 946 1986 1015 specie

422 1064 593 1103 unum
647 1045 921 1100 conficere
977 1045 1328 1107 saerittctum,
1381 1053 1435 1096 et
1490 1058 1715 1095 vacuum
1769 1041 1991 1094 calicem

423 1137 786 1206 conpernerit,
814 1145 867 1188 et
903 1134 1027 1188 huic
1054 1134 1314 1187 oblivioni
1349 1131 1639 1185 attenderit
1666 1132 1717 1183 in
1746 1130 1991 1192 introitu,

426 1229 607 1282 statim
640 1228 691 1279 in
726 1240 876 1279 sacra
919 1240 1105 1279 mensa
1158 1226 1314 1277 debet
1346 1223 1611 1276 unitatem
1645 1222 1881 1276 victima:
1926 1237 1989 1273 es

425 1320 633 1373 duabus
655 1319 937 1387 speciebus
962 1331 1256 1385 procurare
1284 1325 1336 1368 et
1361 1330 1550 1384 preces
1577 1311 1992 1383 praeparationis

426 1411 689 1479 proferre,
722 1420 776 1462 et
802 1414 883 1463 sic
934 1408 1258 1463 sacriﬁcium
1291 1406 1608 1475 adimplebit
1637 1419 1993 1458 consumma-

427 1497 634 1564 bitque.
674 1495 729 1550 Si
766 1510 893 1549 vero
926 1511 1033 1548 non
1084 1495 1549 1558 animadverterit,
1580 1503 1635 1548 et
1665 1493 1993 1547 sacriﬁcium

430 1586 685 1655 ignorans
726 1585 1035 1653 perfecerit,
1066 1596 1118 1639 et
1149 1586 1420 1639 defectum
1453 1586 1773 1655 cognoverit
1798 1586 1999 1638 solum-

432 1678 593 1730 modo
632 1692 757 1730 cum
791 1692 1009 1730 sumere
1039 1678 1240 1746 cogitat
1265 1687 1607 1731 consecratas
1634 1677 1865 1745 species,
1899 1676 1995 1730 de-

432 1770 521 1821 bet
567 1769 792 1823 alteram
828 1769 879 1822 in
917 1770 1177 1823 unitatem
1235 1770 1465 1823 victima:
1513 1784 1835 1823 consecrare
1878 1784 1999 1837 spe-

433 1864 592 1926 ciem,
657 1877 846 1930 preces
915 1864 1324 1930 praeparationis
1382 1863 1626 1930 proferre
1690 1872 1745 1915 ct
1804 1876 1997 1915 omnes

2014 584 2068 642 Δ

2624 593 2953 651 ΕΡΩΤΗΣΙΣ
3008 592 3131 644 III".

2094 714 2231 767 Ἐὰν
2262 712 2417 780 λήθῃ
2458 711 2564 764 τοῦ
2592 710 2789 777 Ιερέως
2817 708 3081 780 συμϐαίη
3124 704 3223 780 μὴ-
3249 704 3472 780 ἓνωσικ
3502 704 3663 767 γει-ἐ-

2164 773 2335 902 σβαι,
2360 773 2724 848 κ’ὲιὶκαλύψῃ
2757 773 2938 833 κενὸν
2972 778 3039 830 τὸ
3073 776 3383 843 ποτήριον,
3416 773 3469 823 τί
3499 787 3667 838 ποίη-

2169 872 2195 904 τ
2218 871 2305 905 ,ον
2335 869 2352 905 :

2178 950 2304 1002 Ἐὰν
2335 950 2400 1016 τῇ
2430 948 2569 1016 λήθῃ
2598 943 2693 998 τοῦ
2730 943 2916 1014 ἱερέως
2949 942 3188 1011 συμϐαίη
3226 941 3301 1009 μὴ
3352 938 3547 991 ἕνωσιν
3574 955 3670 1003 γε·

2097 1041 2304 1105 νέσθαι,
2336 1041 2431 1093 καὶ
2462 1039 2678 1109 καλύψῃ
2701 1037 2856 1089 κενὸν
2882 1036 2941 1088 τὸ
2974 1033 3259 1102 ποτήριον,
3290 1033 3338 1083 εί
3372 1028 3470 1099 μὲν
3500 1029 3559 1079 ἐν
3598 1032 3664 1095 τῇ

2098 1135 2290 1202 εἰσόδῳ
2314 1132 2448 1200 γνῷ,
2476 1132 2637 1192 εὐθὺς
2674 1132 2730 1181 ὲν
2772 1130 2838 1197 τῇ
2890 1125 3009 1196 θεία
3039 1124 3286 1196 τραπέζῃ
3337 1123 3435 1191 τὴν
3475 1122 3669 1174 ἕνωσιν

2096 1227 2301 1295 ὀφείλει
2330 1224 2578 1291 ποιῆσαι,
2609 1222 2700 1273 καὶ
2724 1221 2822 1288 τὴν
2870 1221 3036 1289 εὐχὴν
3088 1220 3263 1270 εἰπεῖν
3323 1218 3420 1284 τῆς
3474 1215 3673 1284 προθέ-

2098 1334 2256 1380 σεως,
2287 1318 2379 1368 καὶ
2408 1314 2549 1367 οὓτω
2571 1314 2637 1365 τὰ
2670 1310 2765 1379 τῆς
2794 1309 3141 1378 λειτουργίας
3169 1306 3410 1360 τελέσαι.
3446 1305 3509 1357 Εἰ
3540 1303 3583 1356 δ’
3609 1305 3671 1355 ού

2100 1408 2390 1479 προσέσχε,
2423 1408 2516 1458 καὶ
2550 1408 2617 1457 τὰ
2663 1404 2758 1470 τῆς
2802 1401 3147 1467 λειτουργίας
3197 1398 3569 1459 ἐκτετέλεκεν,
3615 1397 3679 1446 ὲν

2100 1502 2154 1554 δὲ
2178 1498 2254 1568 τῷ
2291 1499 2507 1569 μέλλειν
2543 1494 2867 1566 μεταλαϐεῖν
2894 1493 3053 1545 τοῦτο
3113 1492 3273 1559 ἔγνω,
3336 1490 3541 1555 ὀφείλει
3574 1487 3676 1555 τὴν

2100 1596 2293 1646 ἕνωσιν
2332 1591 2577 1658 ποιῆσαι,
2622 1588 2715 1639 καὶ
2749 1587 2847 1655 τὴν
2900 1586 3066 1654 εὐχὴν
3102 1586 3279 1636 εἰπεῖν
3324 1583 3423 1645 τῆς
3478 1581 3677 1650 προθέ-

2105 1704 2262 1748 σεως,
2318 1685 2409 1737 καὶ
2452 1682 2512 1747 ἐξ
2559 1682 2731 1751 ἀρχῆς
2784 1680 2946 1732 πάλιν
2986 1679 3083 1742 τὰς
3135 1676 3244 1730 ἀπὸ
3291 1678 3387 1744 τῆς
3432 1675 3679 1743 μεγάλης

2102 1778 2311 1831 εἰσόδου
2363 1775 2529 1844 εὐχὰς
2588 1775 2784 1837 εἰπεῖν,
2847 1770 2944 1824 καὶ
3003 1772 3060 1823 ὲν
3118 1773 3182 1839 τῇ
3246 1767 3536 1836 ἐπικλήσει
3585 1766 3681 1817 τοῦ

2107 1868 2443 1936 Ιινεύματος,
2472 1867 2632 1936 μόνον
2659 1864 2717 1917 τὸ
2765 1864 3024 1933 ποτήριον
3064 1860 3389 1931 σφραγίσαι,
3454 1861 3548 1911 καὶ
3606 1860 3678 1910 τὰ

432 1956 564 2007 alias
592 1970 652 2007 ex
681 1953 873 2007 ordine
911 1954 1091 2007 dicere
1123 1970 1310 2022 preces
1355 1954 1422 2007 ab
1456 1954 1681 2006 introitu
1742 1954 1995 2017 solemni,

2114 1961 2230 2028 ἑξῆς
2262 1960 2503 2022 τελέσαι,
2540 1958 2635 2009 καὶ
2665 1958 2786 2009 τότε
2819 1957 3130 2025 μετασχεῖν.
3190 1951 3376 2014 Οὕτως
3405 1951 3513 2020 ἐγὼ
3546 1954 3680 2019 περὶ

432 2056 483 2098 et
511 2055 639 2098 tunc
706 2045 1054 2098 solummodo
1086 2047 1365 2113 cooperire
1390 2045 1541 2113 quasi
1572 2045 1750 2114 sigillo
1776 2045 2000 2097 calicem

432 2155 530 2207 per
579 2138 977 2190 invocationem
1014 2137 1186 2189 sancti
1244 2137 1504 2204 Spiritus,
1559 2148 1608 2191 et
1638 2138 1708 2190 ita
1766 2153 2001 2192 sumere.

434 2235 511 2286 lla
574 2232 674 2284 hoc
743 2229 938 2297 Opinor
1000 2244 1099 2297 ego
1162 2229 1435 2281 sacerdoti
1470 2231 1735 2298 agendum
1779 2246 1918 2292 esse,
1960 2232 2004 2283 si

436 2324 595 2376 tnodo
630 2324 905 2391 sapienter
934 2321 1137 2374 dictant
1180 2322 1453 2374 senserint”
1478 2323 1568 2375 alii
1611 2323 1813 2375 Christi
1868 2340 2002 2392 pon-

437 2417 629 2481 tiﬁces,
670 2426 726 2469 et
775 2416 1071 2484 praesertim
1109 2429 1297 2483 magna
1348 2415 1604 2483 synodus.
1657 2414 1892 2470 Evidens
1928 2418 2008 2467 in-

436 2518 584 2561 terea
624 2507 834 2559 videtur
876 2522 983 2559 non
1020 2519 1177 2573 posse
1212 2496 1524 2560 consecrari
1567 2506 1891 2571 completum
1922 2522 2006 2558 sa-

448 2599 714 2652 criﬁcium
764 2601 828 2651 ad
887 2598 1031 2666 quod
1101 2613 1205 2651 non
1270 2597 1536 2651 accedunt
1591 2612 1799 2665 preces,
1867 2598 2011 2665 quod

444 2708 552 2744 non
609 2692 851 2761 signatur
901 2691 1078 2759 sigillo
1110 2701 1161 2744 et
1190 2693 1535 2743 invocatione
1564 2691 1733 2742 sancti
1772 2689 2009 2756 Spiritus

446 2785 581 2838 utin
615 2787 930 2853 sanguinem
962 2784 1201 2838 divinum
1230 2782 1429 2837 Christi
1460 2768 1877 2847 transmutetur,
1913 2796 2011 2835 nec

444 2880 563 2930 ideo
595 2888 917 2945 praesentem
950 2877 1001 2929 in
1041 2876 1217 2929 altari-
1263 2885 1547 2929 monstrat.
1594 2873 1721 2927 Tria
1763 2876 1907 2929 enim
1942 2884 2069 2929 sunt
2098 2876 2163 2929 ad
2226 2878 2551 2931 sacrificium
2605 2877 2985 2947 complendum
3054 2875 3363 2930 necessaria
3401 2891 3415 2927 :

2106 2050 2296 2104 τούτου
2328 2050 2614 2119 λογίζομαι
2642 2049 2850 2102 δίκαιον
2882 2042 3020 2099 εἶναι
3065 2046 3290 2116 ποιῆσαι
3347 2045 3436 2097 τὸν
3501 2046 3678 2109 ἱερέα.

2111 2144 2223 2209 είγε
2258 2143 2349 2195 καὶ
2379 2142 2560 2202 ἄλλοις
2595 2141 2736 2203 δόξει
2769 2140 2928 2192 τοῦτο
2948 2139 3056 2192 τῶν
3090 2136 3392 2208 ἀρχιερέων
3438 2134 3681 2203 Χριστοῦ

2114 2236 2390 2305 ἁρμόδιον,
2441 2235 2536 2286 καὶ
2572 2233 2803 2303 μάλιστα
2855 2234 2922 2301 τῇ
2980 2231 3189 2301 μεγάλῃ
3245 2229 3474 2299 συνόδῳ.
3526 2230 3691 2279 Ἐπεὶ

2113 2326 2212 2375 οῦκ
2240 2322 2304 2376 ἂν
2332 2324 2416 2395 εἴη
2453 2324 2835 2393 τετελεσμένον
2856 2325 2914 2375 τὸ
2942 2322 3021 2391 μὴ
3042 2321 3332 2389 δεξάμενον
3363 2322 3457 2381 τὰς
3493 2319 3688 2388 εὗχὰς.

2119 2416 2252 2485 μηδὲ
2281 2416 2367 2469 διὰ
2390 2417 2486 2485 τῆς
2516 2417 2811 2485 σφραγίδος
2844 2417 2937 2468 καὶ
2981 2415 3323 2483 ἐπικλήσεως
3376 2412 3472 2466 τοῦ
3516 2412 3691 2464 Πιεύο

2111 2513 2189 2572 εἰς
2214 2509 2274 2561 τὸ
2332 2509 2473 2561 θεῖον
2528 2504 2671 2578 αἷμα
2724 2506 3082 2578 μεταϐληθὲν,
3121 2508 3195 2574 μὴ
3236 2505 3454 2574 εὑρεθὲν
3506 2506 3692 2556 ἐκεῖσε

2110 2602 2253 2655 τότε.
2281 2602 2353 2653 Τὸ
2380 2600 2487 2670 γὰρ
2518 2599 3070 2671 ἱερουργηθῆναι,διὰ
3104 2598 3201 2651 τοῦ
3234 2598 3561 2668 προκεῖσθαι
3596 2598 3694 2648 καὶ

2108 2692 2208 2753 τὰς
2238 2693 2399 2761 εὐχὰς
2426 2692 2575 2761 παρὰ
2600 2691 2693 2744 τοῦ
2736 2693 2926 2760 ἱερέως
2964 2691 3057 2745 καὶ
3084 2691 3181 2760 τὴν
3231 2688 3506 2758 σφραγῖδα
3534 2688 3695 2753 δέξα-

2115 2782 2236 2837 σθαι
2268 2782 2497 2851 γίνεται.

3474 2890 3687 2943 praepa-

446 2972 583 3023 ratio
631 2980 686 3025 et
718 2970 919 3025 oblatio
948 2969 1363 3035 elementorum,
1412 2970 1476 3021 ad
1510 2984 1631 3037 quae
1689 2971 1953 3024 accedunt
1988 2984 2174 3038 preces
2200 2971 2499 3026 sacerdotis
2550 2979 2605 3025 et
2661 2970 3002 3026 consectatio
3063 2969 3405 3039 sigillumque
3449 2967 3702 3037 Spiritus

445 3064 643 3117 sancti.

515 3159 623 3212 llas
654 3160 1058 3227 promptissime
1102 3169 1156 3211 et
1208 3152 1488 3227 synoptice
1533 3158 1833 3212 secundum
1888 3172 2007 3210 cam

442 3268 563 3318 quae
599 3253 650 3305 in
681 3253 840 3306 nobis
866 3262 947 3305 est
984 3252 1293 3305 facultatem
1328 3253 1723 3319 quaestionibus
1760 3250 2007 3320 proposi-

2190 3156 2405 3218 Ταύτας
2436 3155 2739 3225 προχείρως
2770 3156 2865 3208 καὶ
2886 3156 2941 3207 ὲν
2977 3156 3197 3225 συνόψει
3227 3156 3367 3209 κατὰ
3392 3155 3492 3224 τὴν
3538 3154 3698 3210 ὲνοῦυ

2119 3264 2217 3301 σαν
2246 3249 2375 3315 ἡμῖν
2401 3245 2628 3315 δύναμιν
2656 3246 2791 3316 πρὸς
2821 3249 2918 3309 τὰς
2942 3248 3240 3317 ἐρωτήσεις
3295 3247 3391 3309 τὰς
3450 3249 3699 3316 ἀποκρί-

444 3346 513 3396 tis
535 3343 817 3415 retulimus
844 3342 1247 3410 responsiones,
1277 3344 1513 3410 impares
1541 3344 1766 3396 omnino
1799 3343 2011 3395 minus-

2122 3356 2233 3401 σεις
2256 3338 2649 3407 ἐποιησάμεθα,
2683 3338 2780 3407 οὐχ
2812 3340 3001 3404 ἱκανὰς
3035 3338 3347 3409 νομίζοντες
3373 3337 3533 3405 εῖναι,
3553 3341 3696 3395 ἀλλὰ

445 3458 551 3510 que
580 3442 803 3494 idoneas
832 3441 1091 3501 scientes,
1111 3441 1202 3493 sed
1231 3441 1297 3493 ad
1325 3455 1636 3493 mensuram
1688 3441 2016 3509 attingentes

446 3532 813 3597 intelligentiae
856 3542 1055 3585 nostra:
1107 3532 1158 3584 in
1209 3530 1426 3585 Christo
1484 3540 1560 3594 et,
1602 3541 1661 3585 ut
1714 3532 2016 3597 aiebamus,

446 3623 698 3675 meritum
742 3622 931 3675 saltem
962 3621 1283 3675 obedientiae
1337 3630 1387 3675 et
1419 3620 1698 3675 charitatis
1730 3621 2017 3675 habentes.

446 3714 835 3768 Perfectiorem
892 3728 1022 3767 sane
1067 3712 1262 3766 horum
1339 3722 1393 3765 et
1448 3712 1703 3765 similium
1770 3712 2017 3766 notitiam

446 3806 634 3869 habes,
656 3816 713 3860 ut
743 3820 926 3860 verum
955 3805 1154 3868 dicam,
1180 3804 1320 3875 apud
1342 3806 1684 3873 temetipsum
1708 3804 1792 3858 vel
1817 3820 1880 3858 ex
1916 3807 2021 3858 Ira-

449 3897 627 3951 tribus
657 3907 837 3951 mente
885 3897 1065 3950 al‘tiori
1097 3905 1152 3950 et
1187 3899 1375 3966 majori
1409 3900 1703 3953 sanctitate
1757 3900 2019 3967 praeditis,

448 3994 540 4062 qui
564 4002 618 4045 et
646 3992 867 4043 Patrum
906 3988 1196 4043 medullam
1229 3989 1484 4043 subtilius
1533 3990 1762 4043 scrutati
1796 4001 1944 4046 sunt.
1977 3995 2021 4044 A

448 4097 777 4151 quocunque
794 4095 921 4149 ergo
950 4094 1133 4133 eorum
1159 4079 1462 4132 sciscitatus
1490 4077 1676 4143 fueris,
1702 4094 1809 4133 non
1830 4082 2023 4135 desunt

451 4176 597 4229 enim
651 4175 740 4243 qui
791 4174 957 4227 Deum
1008 4172 1255 4242 diligunt,
1314 4170 1591 4240 puriorem
1642 4188 1738 4241 per
1788 4174 2021 4242 teipsum

462 4267 694 4335 accipies
716 4268 904 4319 horum
937 4272 990 4317 et
1023 4264 1356 4317 subtiliorem
1389 4262 1830 4331 intelligentiam.
1858 4262 2024 4318 Nobis

457 4372 639 4412 autem
687 4356 897 4410 dederit
926 4352 1068 4407 Deus
1090 4355 1286 4407 vestris
1329 4352 1530 4407 sanctis
1563 4354 1815 4420 precibus
1844 4368 1873 4407 a
1904 4368 2025 4422 pas-

455 4450 702 4505 siunibus
731 4448 962 4515 expiari,
1017 4446 1296 4513 pul‘sisque
1348 4446 1583 4500 terrenis
1638 4444 1839 4513 quibus
1870 4462 2023 4501 mens

457 4538 758 4592 offunditur
812 4534 1069 4594 tenebris,
1113 4534 1278 4586 etiam
1328 4533 1603 4601 paululum
1638 4534 1931 4589 illuminari
1970 4546 2027 4591 ut

458 4629 758 4699 cogitemus
806 4636 862 4679 ut
922 4640 1019 4694 par
1073 4632 1158 4679 est
1212 4624 1279 4678 de
1328 4634 1510 4679 nostra
1566 4627 1762 4692 salute,
1818 4639 1873 4682 et
1907 4642 2028 4683 tan-

457 4722 580 4774 dem
637 4717 868 4771 I'ehciter
898 4717 1169 4771 salvemur
1227 4716 1600 4770 misericordia
1655 4717 1851 4772 Christi
1917 4718 2030 4772 Sai-

462 4811 663 4863 vaturis
720 4813 888 4862 nostri
961 4815 1018 4862 et
1050 4808 1157 4861 veri
1222 4807 1468 4861 luminis.
1503 4808 1848 4863 Inveniamus
1901 4825 2029 4877 ergo

462 4914 738 4973 postremo
763 4912 1005 4954 nostram
1058 4900 1289 4955 salutem
1346 4900 1601 4969 precibus
1635 4901 1877 4953 omnimn
1918 4899 2029 4953 fra-

463 5007 626 5055 trum,
674 4992 918 5045 omnium
956 4983 1269 5043 sanctor'um
1316 4998 1371 5042 et
1420 4998 1779 5043 sacrosancta:
1816 5005 2028 5056 semper

463 5082 699 5152 Virginis
728 5080 1143 5143 intercessione,
1175 5079 1527 5133 miseratione
1552 5090 1606 5134 et
1635 5095 1814 5134 amore
1838 5081 2026 5134 Domi-

465 5179 516 5227 nt
548 5173 720 5227 nostri
751 5171 876 5225 Jesu
901 5171 1126 5233 Christi,
1154 5172 1416 5241 unigeniti
1452 5169 1571 5224 Filii
1603 5171 1723 5236 Dei,
1756 5187 1877 5225 cum
1915 5188 2027 5241 quo

464 5266 574 5320 Deo
601 5265 743 5320 Patri
772 5276 827 5319 et
856 5266 1017 5319 simul
1039 5263 1243 5334 Spiritu
1277 5274 1468 5319 sancto
1499 5265 1571 5317 sit
1594 5264 1761 5334 gloria
1794 5281 1939 5320 nunc
1971 5274 2026 5319 et

464 5374 695 5428 semper,
721 5368 767 5413 et
798 5362 850 5410 in
882 5358 1075 5412 saecula
1112 5358 1456 5411 sicculorum.
1495 5356 1687 5411 A-men.

2122 3429 2349 3482 καθόσον
2389 3431 2550 3499 ἡμεῖς
2586 3431 2641 3482 ἐν
2672 3430 2894 3499 Χριστῷ
2927 3430 3291 3501 ἐξισχύσαμεν
3318 3433 3546 3499 γνῶναι,
3597 3437 3695 3485 καὶ

2120 3519 2217 3587 τῆς
2246 3519 2489 3586 ὑπακοῆς
2516 3520 2674 3590 χάριν
2703 3537 2760 3572 τε
2795 3522 2889 3573 καὶ
2927 3522 3175 3587 ἀγάπης,
3210 3523 3286 3584 ὡς
3336 3522 3565 3591 ἔφαμεν.
3626 3524 3695 3576 Ἡ

2122 3611 2431 3681 τελεωτέρα
2463 3611 2519 3665 δὲ
2550 3612 2751 3679 γνῶσις
2776 3612 2887 3665 τῶν
2912 3613 3168 3667 τοιούτων
3201 3616 3292 3667 καὶ
3330 3617 3437 3668 τῶν
3466 3618 3695 3682 ὁμοίων,

2122 3701 2336 3771 ἀληθῶς
2365 3720 2507 3772 φημι
2542 3704 2693 3774 παρὰ
2723 3705 2830 3769 σοὶ,
2864 3706 2959 3757 καὶ
2996 3707 3127 3775 παρ’
3155 3707 3402 3773 ἀδελφοῖς
3433 3708 3698 3775 ὑψηλοτέ-

2127 3815 2238 3866 ροις
2281 3800 2369 3849 τὸν
2394 3801 2514 3851 νοῦν
2548 3803 2641 3853 καὶ
2666 3802 3092 3872 καθαρωτέροις,
3139 3804 3236 3856 καὶ
3285 3806 3394 3867 τοῖς
3433 3804 3542 3857 τῶν
3579 3809 3693 3859 Πα-

2122 3892 2295 3955 τέρων
2322 3890 2644 3960 λεπτότερον
2675 3895 3058 3948 ὲπιῢάλλουσιν
3086 3910 3099 3924 ·
3122 3891 3203 3954 οἷς
3236 3899 3327 3949 xxi
3350 3899 3697 3967 ἐντυγχάνων

2126 3984 2207 4052 (ού
2239 3983 2344 4051 γὰρ
2384 3984 2788 4040 ὲπιλελοίπασιν
2824 3989 2872 4039 οἱ
2915 3988 3058 4056 φίλοι
3082 3990 3241 4058 Θεοῦ)
3296 3991 3696 4061 καθαρωτέραν

2125 4074 2376 4145 εὑρήσεις
2404 4077 2511 4129 ἀπὸ
2540 4078 2735 4130 σαυτοῦ
2762 4096 2818 4131 τε
2848 4082 2943 4134 καὶ
2975 4082 3196 4136 ἐκείνων
3238 4086 3332 4137 καὶ
3360 4085 3723 4157 λεπτοτέραν.

2126 4165 2227 4235 τὴν
2253 4166 2485 4220 ἔννοιαν.
2516 4166 2636 4237 Δῲη
2670 4168 2724 4220 δὲ
2756 4172 2849 4223 καὶ
2885 4173 3015 4241 ήμῖν
3041 4173 3172 4236 Θεὸς
3201 4174 3495 4245 ὑμετέραις
3522 4176 3702 4239 θείαις

2126 4258 2310 4326 εὐχαῖς
2336 4259 2444 4311 τῶν
2465 4276 2523 4311 τε
2560 4259 2748 4313 παθῶν
2776 4263 3138 4333 καθαρθῆναι,
3169 4267 3262 4317 καὶ
3308 4268 3405 4334 τῆς
3435 4266 3704 4335 θολούσης

2130 4350 2219 4402 τὸν
2246 4351 2369 4404 νοῦν
2403 4353 2698 4423 προσγείου
2726 4354 2928 4426 ταύτης
2978 4359 3315 4426 συγχύσεως,
3352 4361 3447 4412 καὶ
3504 4361 3709 4430 μικρὸν
3758 4402 3769 4409 .

2130 4442 2493 4514 φωτισθῆναι,
2531 4446 2624 4497 καί
2666 4463 2718 4498 τι
2749 4448 3034 4516 φροντίσαι
3068 4452 3195 4519 περὶ
3244 4451 3345 4518 τῆς
3396 4453 3557 4521 ήμῶν
3594 4470 3707 4504 σω-

2130 4535 2367 4603 τηρίας,
2430 4536 2630 4604 μᾶλλον
2684 4539 2740 4591 δὲ
2797 4541 3063 4610 σωθῆναι,
3118 4543 3260 4596 ὲλέει
3308 4544 3401 4598 τοῦ
3452 4548 3707 4617 Σωτῆρος

2055 4659 2105 4719 Β
2135 4627 2289 4695 ήμῶν
2320 4626 2483 4697 370
2504 4629 2765 4698 Χριστοῦ,
2795 4630 2888 4684 τοῦ
2914 4633 3169 4703 ἀληθινοῦ
3214 4638 3413 4703 φωτός.
3455 4639 3570 4691 Καὶ
3614 4640 3711 4705 γέ-

2132 4734 2273 4770 νοιτο
2322 4720 2511 4772 τούτου
2558 4721 2707 4791 ἡμᾶς
2762 4722 3038 4794 ἐπιτυχεῖν
3087 4726 3179 4779 τοῦ
3234 4729 3475 4797 σωθῆναι
3520 4731 3713 4800 εὐχαῖς

2130 4812 2346 4865 πάντων
2368 4814 2477 4868 τῶν
2505 4811 2773 4885 ἀδελφῶν,
2804 4821 2898 4871 καὶ
2938 4821 3156 4875 πάντων
3198 4824 3308 4875 τῶν
3368 4826 3563 4892 ἁγίων,
3612 4830 3715 4879 καὶ

2128 4904 2227 4971 τῆς
2256 4904 2623 4975 ἁειπαρθένου
2653 4910 2749 4961 καὶ
2781 4912 3053 4979 παναγίας
3072 4912 3335 4968 Θεοτόκου
3366 4919 3713 4985 πρεσϐείαις,

2126 4997 2433 5065 οἱκτιρμοῖς
2464 5000 2557 5051 καὶ
2580 5002 2963 5074 φιλανθρωπίᾳ
2992 5006 3159 5059 αὑτοῦ
3184 5007 3280 5060 τοῦ
3312 5009 3519 5077 Κυρίου
3547 5011 3716 5081 ήμῶν

2132 5087 2311 5155 Ἰησοῦ
2340 5090 2578 5159 Χριστοῦ
2609 5092 2702 5145 τοῦ
2736 5094 3059 5162 μονογενοῦς
3092 5098 3222 5151 Υίοῦ
3255 5100 3349 5152 τοῦ
3379 5100 3537 5163 Θεοῦ,
3589 5104 3719 5171 μεθ’

2134 5173 2195 5232 οῦ
2224 5180 2302 5250 τῷ
2330 5183 2503 5251 Πατρὶ
2541 5184 2574 5253 ή
2607 5184 2732 5248 δόξα
2772 5186 2889 5255 ἅμα
2934 5189 3011 5257 τῷ
3070 5190 3211 5259 ἁγίῳ
3268 5193 3564 5261 Πνεύματι,
3618 5194 3721 5249 νῦν

2136 5273 2229 5326 καὶ
2248 5274 2355 5339 ἀεὶ,
2383 5275 2480 5327 καὶ
2501 5278 2581 5339 εἰς
2612 5278 2737 5341 τοὺς
2768 5280 2970 5343 αἰῶνας
3000 5283 3108 5336 τῶν
3138 5284 3367 5339 αἰώνων.
3406 5288 3601 5357 Ἀμήν.
