4064 6204
367 341 474 405 9‘33

1681 334 1779 394 DE
1815 334 2317 397 SACERDOTIO‘.

478 483 3630 524 Μ

1663 634 1893 721 ΤΟΥ
1968 634 2348 721 ΑΥΤΟΥ

1041 815 1571 984 ΠΕΡΙ
1648 811 2947 988 ΙΕΡΩΣΥΝΗΣ

912 1101 1205 1188 ΠΡΟΣ
1280 1098 1545 1187 ΤΙΝΑ
1618 1102 1848 1189 ΤΩΝ
1925 1101 2448 1190 ΕΥΛΑΒΩΝ
2521 1104 3086 1193 ΜΟΝΑΧΩΝ

1476 1265 1678 1320 ΙΕΡΑΣ
1723 1264 2096 1319 ΔΙΑΚΟΝΙΑΣ
2140 1264 2567 1337 ΗΞΙΩΜΕΝΟΝ,

591 1379 699 1431 ΕἹί
732 1378 849 1433 ΚΑΙ
878 1366 1436 1435 ΤΟΥΖΔΡΧΙΕΡΕΩΣ
1463 1383 1571 1436 ΕΙΣ
1597 1382 1737 1435 TON
1774 1382 1911 1435 ΤΟΥ
1959 1385 2462 1439 ΠΡΕΣΒΥΤΕΡΟΥ
2504 1340 2920 1443 ’ΤΕΛΟΥΝΤΟΣ
2945 1384 3122 1443 ΤΟΤΕ
3153 1390 3457 1452 ΒΑΘΜΟΝ.

1750 1733 2290 1825 EJUSDEM

1225 1956 1483 2111 DE
1564 1924 2793 2116 SACERDOTI'O
2900 2110 2909 2119 .

846 2223 996 2311 AD
1091 2218 1566 2312 PIOBUM
1650 2218 2504 2315 MONACHORUM
2600 2228 3191 2333 QUEMDAM

1336 2400 1557 2458 SACRO
1634 2398 1913 2457 DIACONI
1980 2399 2271 2458 MUNERE
2332 2402 2667 2463 ORNATUM

686 2546 868 2604 _NEC
926 2544 1063 2603 NON
1124 2546 1214 2601 AB
1271 2546 1599 2603 EPISCOPO
1636 2545 1892 2602 DEINDE
1952 2544 2278 2601 EVECTUM
2323 2548 2421 2603 AD
2481 2547 2772 2607 GBADUM
2829 2549 3285 2610 PRESBYTERI.

461 2849 548 2902 Ἑν
567 2847 787 2919 Χριστῷ
820 2864 915 2918 μοι
966 2850 1037 2916 ἀγ
1052 2849 1229 2919 απητὶ
1256 2851 1352 2903 καὶ
1374 2848 1710 2920 γνησιώτατε
1746 2854 1962 2920 Meles.

2140 2856 2197 2909 ιιι
2228 2852 2449 2909 Christo
2470 2852 2666 2908 dileCte
2706 2850 2836 2906 milii
2892 2860 2946 2905 et
2995 2849 3253 2905 ﬁdissime
3284 2850 3473 2913 frater,
3520 2851 3643 2904 om.

378 2942 475 3007 τὴν
533 2940 758 3010 ὀφειλὴν
797 2943 895 3008 τῆς
944 2942 1167 3011 ἀγάπης
1218 2943 1354 2995 πᾶσι
1403 2945 1545 2998 κατά
1594 2945 1690 3015 τὴν
1739 2949 1961 3012 ἐντολὴν

376 3031 709 3099 ὀφείλοντες,
771 3030 951 3100 πολλῷ
1007 3033 1208 3102 μᾶλλον
1242 3034 1447 3106 ταύτην
1490 3038 1783 3108 ὀφείλομεν
1849 3043 1961 3101 τοῖς

378 3125 623 3193 γνησίοις
660 3126 893 3185 καὶτοῖς
923 3124 1195 3191 φιλοῦσιν.
1255 3125 1318 3179 Εἰ
1376 3130 1485 3197 γὰρ
1530 3131 1623 3182 καὶ
1669 3130 1884 3201 ἀμερὴς
1930 3136 1958 3202 ἡ

384 3216 521 3268 κατὰ
552 3215 683 3267 Θεὸν
705 3217 894 3283 ἀγάπη
930 3216 1023 3269 καὶ⁸
1061 3217 1230 3286 ἁπλῆ,
1264 3219 1369 3279 χαὶ
1407 3219 1713 3283 ἀποίκιλος.
1747 3222 1842 3273 καὶ
1864 3224 1961 3274 πᾶ-

382 3325 469 3360 σιν
501 3308 628 3369 ἴσως
656 3308 981 3378 ὀφειλομένη
1005 3310 1147 3362 κατὰ
1174 3311 1265 3362 τὸν
1301 3311 1506 3364 τέλειον
1537 3312 1717 3379 λόγον,
1766 3314 1882 3366 ἀλλ’
1927 3320 1955 3383 ἡ

379 3400 704 3469 αὑτοαγάπη
736 3402 829 3452 καὶ
856 3402 1268 3472 αὑτοτελειὸτης
1302 3403 1535 3472 Ἰησοῦς,
1561 3406 1757 3458 ἑαυτὸν
1782 3406 1958 3469 διδους

381 3492 569 3554 πᾶσιν,
602 3492 749 3559 ὅμως
782 3493 923 3545 κατὰ
968 3493 1067 3561 τὴν
1094 3494 1321 3562 γνώμην
1356 3496 1591 3548 ἑκάστου
1627 3497 1961 3567 φανεροῦται

380 3584 491 3646 τοῖς
522 3583 888 3652 βουλομένοις,
923 3582 997 3645 ὡς
1046 3586 1135 3635 καὶ
1162 3588 1220 3636 τὸ
1252 3586 1366 3653 φῶς
1409 3588 1667 3653 αὐγάζων
1699 3588 1829 3652 ἴσως
1856 3590 1961 3641 πᾶ-

382 3694 465 3727 σιν
494 3679 521 3728 ὁ
546 3676 715 3745 ἣλιος,
749 3678 893 3728 κατά
922 3676 982 3727 τὸ
1023 3676 1200 3729 θέλειν
1224 3679 1358 3746 ὀρᾷν
1395 3679 1489 3731 καὶ
1518 3680 1577 3731 τὸ
1606 3679 1833 3733 δυνατὸν
1861 3681 1963 3749 τῆς

379 3769 642 3836 ὁράσεως,
671 3769 971 3838 καθορᾶται
994 3771 1236 3838 ἑκάστῳ.
1270 3771 1435 3824 Ὅθεν
1460 3774 1552 3825 καί
1581 3789 1745 3843 φησιν
1800 3776 1962 3837 αὐτὸς

382 3861 672 3930 ὸΣωτήρ·
733 3881 750 3914 ι
805 3863 953 3929 Ἐγὼ
994 3863 1121 3924 τοῦς
1170 3863 1271 3933 ἐμὲ
1322 3864 1615 3932 φιλοῦντας
1673 3867 1894 3933 ἀγαπῶ’
1940 3887 1957 3919 ι

284 3966 287 3969 ‘
380 3954 478 4022 οὐχ
513 3956 595 4005 ὅτι
632 3956 785 4017 τινας
842 3955 941 4024 μὲν
991 3956 1157 4023 φιλεῖ,
1205 3955 1356 4019 τινὰς
1411 3958 1468 4009 δὲ
1526 3958 1589 4011 οὐ
1630 3959 1795 4028 φιλεῖ,
1845 3962 1961 4014 ἀλλ’

380 4046 570 4109 ἁπλῶς
605 4048 812 4110 πάντας
854 4047 930 4109 ὡς
957 4050 1284 4119 αὑτοαγάπη
1315 4049 1411 4113 ὢν,
1443 4051 1673 4118 ἀγαπῶν
1722 4054 1848 4117 τοὺς
1888 4057 1963 4124 μὴ

382 4136 743 4207 βουλομένους
772 4138 935 4191 αὑτὸν
955 4140 1176 4207 ἀγαπᾷν
1191 4141 1286 4192 καὶ
1304 4142 1753 4211 μακρυνομένους
1774 4144 1958 4209 αὑτοῦ,

2065 2947 2206 3000 cium
2242 2944 2525 2999 cliaritatis
2594 2952 2791 2997 nostra:
2834 2943 2984 3011 juxta
3016 2941 3330 2994 mandatum
3390 2941 3644 2995 omnibus

2063 3038 2348 3103 debentes,
2381 3035 2553 3089 multo
2578 3036 2749 3102 magis
2780 3034 2923 3086 illam
2985 3032 3231 3102 ingenuis
3281 3040 3335 3085 et
3367 3032 3642 3100 i’liligenti-

2063 3131 2164 3184 bus
2193 3130 2476 3184 debemus.
2520 3126 2629 3179 Etsi
2671 3124 2814 3177 enim
2859 3140 2980 3193 quae
3027 3124 3323 3177 Secundum
3362 3121 3531 3177 Deum
3563 3133 3645 3176 est

2063 3221 2301 3275 Charitas
2365 3219 2618 3282 indivisa,
2649 3216 2878 3284 simplex
2904 3225 2955 3270 et
2988 3215 3273 3269 uniformis
3293 3218 3384 3279 sil,
3412 3223 3467 3268 et
3501 3214 3645 3269 illam

2062 3312 2320 3366 omnibus
2353 3310 2655 3365 debeamus
2703 3307 3004 3363 secundum
3052 3308 3183 3378 legis
3228 3307 3642 3373 peifeCIionem,

2063 3407 2128 3459 ad
2155 3406 2327 3458 instar
2354 3400 2742 3465 DominiJesu,
2776 3401 2866 3468 qui
2899 3408 2983 3453 est
3024 3401 3137 3470 ipsa
3170 3400 3413 3455 Charitas
3449 3409 3505 3453 et
3530 3402 3644 3469 ipsa

2066 3496 2327 3565 perfectio
2356 3505 2412 3548 et
2439 3509 2561 3548 sese
2589 3509 2686 3561 pro
2710 3493 2966 3545 omnibus
3000 3493 3174 3556 dedit,
3195 3492 3289 3546 sed
3331 3503 3508 3546 tamen
3539 3492 3644 3545 illis

2065 3588 2157 3656 qui
2182 3601 2307 3639 eum
2345 3586 2659 3639 desiderant
2702 3583 3010 3636 declaratur
3039 3569 3338 3637 secundum
3387 3586 3647 3637 intentio-

2066 3692 2191 3729 nem
2228 3674 2516 3742 cujusque.
2546 3673 2621 3726 lla
2653 3683 2707 3726 et
2736 3672 2919 3726 lumen
2947 3671 2997 3724 in
3036 3671 3151 3725 sole
3177 3672 3367 3725 lucens
3392 3674 3646 3726 similiter

2066 3768 2341 3831 omnibus,
2377 3766 2443 3818 ab
2502 3777 2826 3832 nuojuoque
2861 3763 3101 3817 cernitur
3127 3763 3280 3829 juxta
3308 3764 3643 3816 voluntatem

2067 3858 2289 3912 videndi
2323 3865 2376 3911 et
2408 3855 2635 3911 visionis
2692 3855 3017 3924 potentiam.
3072 3855 3227 3909 Unde
3267 3864 3323 3909 et
3370 3854 3501 3908 dicit
3529 3855 3644 3924 ipse

2068 3951 2316 4005 Salvator
2374 3966 2389 4004 :
2458 3969 2474 4001 ι
2510 3949 2622 4018 Ego
2663 3947 2950 4018 diligentes
2998 3964 3084 4002 me
3138 3947 3302 4017 diligo
3332 3947 3349 3978 ¹
3382 3964 3397 3999 :
3434 3966 3453 3998 ι
3529 3965 3640 4003 non

2068 4044 2213 4112 quod
2269 4044 2481 4112 aliquos
2538 4042 2756 4112 quidem
2812 4040 3001 4109 diligat
3062 4056 3116 4093 et
3197 4042 3460 4111 quosdam
3517 4042 3644 4095 odio

2072 4138 2306 4202 habeat;
2361 4138 2457 4192 sed
2522 4151 2648 4189 cum
2698 4135 2770 4189 sit
2819 4133 3057 4188 cbaritas
3110 4132 3247 4201 ipsa,
3284 4147 3473 4187 omnes
3525 4132 3645 4186 dili-

379 4204 438 4282 οῦ
466 4204 802 4299 τυραννικῶς
829 4204 1147 4299 ἀναγκάζει.
1182 4204 1434 4303 Καὶ-γὰρ
1463 4204 1573 4287 οὐκ⁷
1614 4236 1828 4304 ἀναιρεί
1861 4204 1960 4304 τὴν

2069 4232 2166 4301 git,
2222 4238 2278 4284 et
2328 4246 2423 4285 eos
2471 4228 2565 4299 qui
2634 4244 2759 4282 eum
2839 4227 3033 4280 nolunt
3100 4240 3283 4279 amare
3338 4235 3393 4278 et
3445 4225 3535 4294 qui
3586 4240 3648 4279 se

379 4322 724 4389 προαίρεσιν,
756 4320 945 4391 ὥσπερ
980 4324 1073 4376 καὶ
1103 4326 1212 4385 τοῖς
1248 4324 1497 4394 φιλοῦσιν
1529 4326 1692 4379 αὐτὸν
1721 4327 1814 4379 καὶ
1866 4329 1958 4394 ἑγ-

380 4412 552 4479 γίζειν
590 4414 944 4467 ἐπιποθοῦσιν
974 4416 1164 4467 ἑαυτὸν
1196 4417 1316 4469 ὅλον
1341 4419 1591 4489 παρέχει,
1616 4420 1710 4471 καὶ
1740 4419 1806 4471 τὰ
1860 4418 1958 4485 τῆς

379 4508 601 4574 ἀγάπης
630 4506 1039 4577 αὑτοαγαθότης
1068 4505 1146 4560 ὢν
1173 4508 1535 4564 ἐπιδείκνυσι.
1577 4512 1690 4565 Καὶ
1726 4514 1754 4564 ὁ
1803 4511 1960 4567 Ἀπό-

381 4599 565 4662 στολος
588 4598 641 4651 δὲ
660 4600 771 4661 τοῖς
794 4600 1015 4661 οἰκείοις
1040 4599 1148 4669 πρὸ
1168 4601 1387 4655 πάντων
1404 4601 1503 4669 τὴν
1516 4604 1778 4673 πρόνοιαν
1797 4621 1961 4674 χορη-

381 4693 495 4758 γεῖν
522 4690 709 4757 ὲπιτρὲ
724 4707 827 4755 πει,
846 4690 971 4751 τοὺς
993 4691 1225 4753 οἰκείους
1248 4691 1425 4759 λέγων
1440 4696 1505 4762 τῇ
1524 4694 1844 4750 πίστει.Καὶ
1865 4696 1963 4747 αὑ-

378 4784 468 4845 τὸς
490 4782 666 4834 τοίνυν
683 4782 735 4834 εἰ
752 4784 844 4835 καὶ
865 4782 975 4835 τῶν
992 4782 1293 4851 ἐλαχίστων
1322 4782 1732 4852 ἐλαχιστότατος
1758 4788 1960 4856 τυγχά-

379 4891 487 4927 νων
511 4875 651 4944 cipit,
682 4875 869 4937 πιστὸς
889 4873 933 4926 δ’
961 4874 1107 4942 ὅμως
1138 4873 1377 4943 Χριστοῦ
1411 4876 1470 4929 ὲν
1488 4874 1637 4944 αὐτῷ
1667 4872 1737 4946 τῇ
1768 4879 1958 4931 τούτου

383 4983 444 5019 τε
471 4966 758 5037 ἀντιλήψει
793 4967 971 5035 ἱερεὺς
1011 4968 1107 5019 καὶ
1129 4965 1312 5029 δοῦλος
1351 4966 1545 5031 αὐτοῦ,
1578 4968 1721 5021 κατὰ
1750 4970 1811 5021 τὸ
1840 4970 1957 5022 ἐνὸν

380 5059 529 5127 ἐμοὶ,
558 5059 805 5127 ἀνάγκην
834 5057 943 5128 ἔχω
973 5057 1083 5111 τῶν
1134 5058 1364 5112 ἐντολῶν
1400 5047 1568 5111 αὐτοῦ
1622 5061 1956 5131 μεμνῆσθαι,

384 5148 607 5217 καὶτῆς
648 5148 743 5200 τοῦ
774 5148 1073 5215 κεφαλαίου
1127 5149 1315 5201 πασῶν
1356 5150 1558 5218 μᾶλλον
1614 5152 1835 5220 ἀγάπης
1884 5152 1959 5215 ὡς

385 5242 636 5310 ἐφικτὸν,
668 5242 755 5294 ἴνα
787 5242 925 5293 κατά
950 5243 1039 5293 τὸν
1070 5242 1431 5312 ἠγαπημένον
1482 5244 1631 5313 αὐτῷ
1688 5244 1960 5315 μαθητὴν,

379 5335 472 5384 καὶ
538 5332 773 5402 Χριστὸς
822 5331 985 5394 αὐτὸς
1032 5332 1119 5385 διὰ
1145 5333 1348 5402 ταύτης
1378 5335 1581 5405 μικράν
1610 5352 1731 5389 τινα
1774 5335 1962 5406 χώραν

381 5426 438 5476 ὲν
476 5425 600 5490 ἐμοὶ
647 5426 743 5479 καὶ
771 5422 939 5494 μονὴν
972 5423 1111 5493 ἔχων
1150 5425 1372 5495 εὑρεθῇ.
1415 5444 1433 5477 ι
1488 5427 1546 5480 '0
1593 5428 1772 5497 μένων
1826 5430 1959 5498 γὰρ,

382 5519 566 5585 φησιν,
590 5518 645 5569 ὲν
676 5520 741 5585 τῇ
776 5516 986 5586 ἀγάπῃ,
1019 5518 1076 5569 ὲν
1106 5517 1182 5587 τῷ
1237 5520 1357 5591 Θεῴ
1412 5520 1585 5589 μένει,
1642 5524 1729 5575 καὶ
1756 5526 1783 5576 ὁ
1825 5524 1957 5586 Θεὸς

384 5608 442 5661 ἐν
470 5609 639 5679 αὐτῷ.
686 5628 705 5661 ι
738 5607 939 5661 Λοιπὸν
986 5610 1078 5662 καὶ
1112 5611 1275 5674 αὐτὸς
1331 5613 1537 5684 ταύτην
1569 5618 1755 5686 τηρεῖν
1804 5615 1956 5685 ὀφεί-

467 5788 483 5819 ¹
505 5788 666 5847 Prov.
700 5808 821 5860 vm,
869 5792 957 5847 l7.

2063 4332 2319 4377 avertunt
2353 4324 2420 4375 ab
2442 4336 2506 4375 eo
2552 4335 2661 4374 non
2711 4319 2990 4389 tyrannice
3048 4317 3223 4387 cogit;
3282 4317 3484 4370 etenim
3533 4331 3641 4369 nou

2063 4416 2240 4468 aulert
2270 4413 2577 4477 arbitrium,
2611 4412 2702 4466 sed
2730 4420 2891 4481 prout
2919 4410 3149 4481 diligunt
3175 4409 3324 4463 illum
3349 4417 3402 4462 et
3421 4408 3486 4462 ad
3517 4423 3639 4463 eum

2061 4508 2319 4562 accedere
2352 4505 2596 4568 student,
2634 4519 2692 4559 se
2724 4513 2893 4558 totum
2940 4504 3101 4559 trudit
3133 4513 3188 4557 et
3219 4503 3405 4569 donat,
3440 4510 3637 4556 etcum

2062 4588 2543 4669 silibonitasipsa,
2566 4596 2769 4651 amoris
2807 4597 3114 4651 testimonia
3151 4596 3372 4665 praebet.
3410 4595 3473 4647 Et
3496 4595 3639 4661 Apo-

2063 4693 2235 4747 stolus
2265 4691 2579 4747 domesticis
2602 4700 2727 4745 ante
2744 4704 2935 4744 omnes
2956 4688 3176 4742 mandat
3205 4703 3327 4742 esse
3351 4686 3641 4756 providen-

2062 4783 2213 4850 dum,
2270 4784 2597 4838 domesticos
2654 4795 2852 4834 vocans
2907 4780 3153 4848 ejusdem
3206 4778 3327 4831 ﬁdei
3383 4778 3635 4832 famulos.

2063 4875 2176 4945 Ego
2208 4874 2398 4944 igitur,
2425 4872 2675 4941 quamvis
2716 4871 2853 4924 forte
2880 4870 3135 4925 minimus
3170 4870 3273 4923 sim
3310 4870 3450 4921 inter
3481 4870 3644 4921 mini-

2065 4972 2207 5030 m‘os.
2242 4968 2415 5022 ﬁdelis
2460 4976 2639 5020 tamen
2691 4980 2808 5019 sum
2844 4962 3066 5025 Christi,
3105 4964 3160 5015 in
3206 4964 3323 5032 ipsa
3370 4960 3489 5028 ejus
3518 4978 3637 5015 sus-

2066 5064 2316 5131 ceptione
2349 5074 2402 5116 et
2456 5060 2660 5114 auxilio
2699 5059 2954 5113 sacerdos
2996 5060 3115 5129 ejus
3150 5068 3204 5112 et
3228 5074 3440 5123 servus,
3469 5073 3641 5125 quan-

2066 5165 2179 5209 tum
2212 5155 2267 5208 in
2306 5168 2391 5207 me
2418 5162 2523 5219 est,
2560 5166 2789 5207 neocsse
2820 5151 2994 5205 bach
3048 5151 3365 5205 meminisse
3416 5149 3637 5202 manda-

2068 5258 2244 5302 torum
2275 5248 2413 5317 ejus,
2443 5244 2676 5299 maxime
2725 5243 3031 5305 charitatis,
3064 5255 3185 5310 qua:
3211 5239 3452 5293 omnium
3479 5249 3641 5306 caput

2070 5351 2172 5405 est,
2198 5354 2297 5409 pro
2320 5338 2529 5391 viribus
2557 5336 2711 5399 meis,
2741 5345 2801 5389 ut
2822 5334 3118 5389 secundum
3165 5330 3487 5400 discipulum
3535 5329 3639 5399 ipsi

2066 5430 2602 5496 dilectumﬁbristus
2622 5428 2674 5482 in
2694 5443 2780 5483 me
2799 5426 2911 5496 ipse
2926 5425 3073 5481 solus
3087 5438 3307 5494 parvam
3327 5421 3643 5476 inveniatur

2066 5527 2278 5581 habens
2312 5522 2605 5592 quamdam
2639 5522 2975 5574 mansionem
2998 5532 3015 5584 ;
3042 5516 3338 5572 dicit'enim
3357 5513 3639 5571 Joannes;

2072 5638 2089 5670 ι
2135 5616 2235 5684 Qui
2273 5624 2455 5671 manet
2496 5616 2549 5670 in
2582 5612 2841 5667 cbaritate
2872 5611 2927 5665 in
2958 5611 3067 5665 Dco
3094 5616 3298 5676 manet,
3321 5616 3373 5662 ct
3416 5605 3557 5661 Deus
3587 5604 3645 5659 in
