4064 6204
445 312 555 378 955

1212 275 1216 280 ’
1299 303 1677 369 SYMEONIS
1709 287 2465 365 THESSALONICENSIS
2509 255 2867 353 Ancum.

3616 283 3731 342 956

449 424 582 477 eo'.
624 439 643 472 ι
704 419 972 475 Cancrum
1004 457 1017 482 ,
1087 430 1212 472 cum
1278 417 1394 484 ipse
1451 415 1597 469 illam
1649 411 1874 466 debeam
1910 421 2064 462 ser-.

2154 416 2267 467 κων,
2300 403 2395 454 καὶ
2437 399 2714 454 δεικνύναι
2749 401 2884 451 πᾶσι
2927 398 3067 452 κατὰ
3109 398 3198 450 τὸν
3249 396 3398 465 ὅρον,
3430 395 3527 449 καὶ
3576 403 3732 464 μαλιο

447 527 580 568 τοῖο
629 521 704 578 et,
754 509 1052 565 secundum
1117 519 1487 578 praeceptum,
1545 503 1798 558 omnibus
1844 511 2030 553 osten-

452 607 607 671 dere,
667 604 761 658 sed
802 602 972 673 magis
1027 599 1108 656 eis
1148 601 1240 670 qui
1284 615 1372 654 me
1412 597 1668 667 diligunt,
1718 605 1769 650 te
1818 593 2028 647 habens

450 699 595 752 inter
635 697 1120 764 coniunctissimos
1165 704 1220 751 et
1286 694 1421 748 mihi
1480 691 1864 752 amicissimos,
1935 683 2028 737 tibi

452 803 505 844 et
553 789 922 843 sincerissime
980 803 1126 842 nunc
1180 788 1501 841 charitatem
1559 781 1854 836 ostendere
1906 791 2030 846 ges-

454 878 552 936 tio.
578 882 696 935 Non
721 880 1118 935 exhortationis
1143 878 1373 932 formam
1413 875 1502 930 hic
1534 888 1750 940 sequar,
1785 869 1880 924 sed
1920 877 2030 921 tra-

452 976 574 1029 dam
608 975 760 1043 quasi
799 974 1113 1027 memoriale
1139 971 1361 1025 verbum
1395 979 1449 1024 et
1490 967 1736 1020 notitiam
1775 959 2035 1015 brevissi-

454 1083 599 1121 mam
651 1068 770 1135 ejus
817 1082 976 1135 quem
1029 1073 1385 1132 suscepturus
1424 1076 1482 1114 es
1536 1059 1878 1115 diaconatus,
1941 1068 2035 1121 per

453 1158 596 1227 quod
633 1159 731 1212 tibi
789 1159 1037 1212 assistam
1063 1199 1078 1222 ,
1110 1157 1263 1223 quasi
1294 1164 1420 1207 ante
1454 1161 1504 1205 te
1540 1153 1642 1203 hoc
1671 1146 2032 1201 ministerium

458 1254 772 1320 ingressus,
801 1262 856 1306 ct
913 1250 1171 1304 sacerdos
1221 1247 1422 1302 Christi
1474 1247 1649 1298 factus
1675 1252 1728 1296 et
1784 1239 2035 1293 minister

455 1345 839 1416 mysteriorum
889 1343 1028 1414 ejus,
1097 1341 1188 1410 qui
1244 1354 1330 1394 me
1387 1337 1596 1392 inﬁnita
1648 1350 1746 1390 sua
1797 1333 2039 1388 bonitate

458 1438 717 1492 maximis
750 1446 804 1488 ct
831 1434 1031 1488 divinis
1058 1432 1313 1503 dignatus
1343 1439 1430 1484 est
1454 1427 1637 1483 bonis.

529 1528 666 1582 Ecce
694 1528 881 1597 igitur,
915 1525 1258 1588 charissima,
1308 1523 1507 1593 dignus
1578 1519 1797 1574 habitus
1844 1531 1904 1571 es
1945 1515 2038 1584 qui

456 1621 710 1674 minister
747 1621 906 1672 lieres
945 1615 1142 1670 Christi
1195 1613 1537 1668 etdiaconus
1579 1611 1700 1681 ejus
1740 1619 1796 1664 et
1832 1609 2034 1674 socius,

419 1747 421 1749 ι
456 1722 514 1767 et
566 1714 838 1778 interpres
872 1707 1257 1779 mysteriorum
1319 1715 1374 1757 et
1415 1705 1534 1772 ejus
1563 1701 1901 1771 propinquus
1956 1696 2044 1749 [ει-ι

2139 512 2238 548 στα
2284 497 2400 558 τοῖς
2447 493 2666 562 φιλοῦσί
2713 509 2773 545 σε
2835 493 2942 545 τῶν
2988 493 3264 562 φιλτάτων
3291 492 3452 562 ἔχων,
3515 490 3602 543 σοὶ
3636 493 3732 542 καὶ

2136 589 2375 656 γνησίως
2407 591 2465 642 ὲν
2501 587 2578 653 τῷ
2609 586 2841 656 παρόντι
2874 585 3079 654 ταύτην
3119 585 3436 652 ἐνδείκνυμι
3465 599 3481 614 ·
3527 583 3588 635 οὑ
3621 599 3733 634 πα-

2139 677 2440 746 ραινέσεως
2475 675 2647 728 τύπον
2698 674 2995 744 διενεργῶν
3036 677 3092 727 ὲν
3125 675 3288 743 τῷδε,
3335 672 3452 726 ἀλλ’
3483 672 3737 741 ὑπομνήο

2141 785 2280 830 σεως
2308 767 2464 834 λόγον
2501 768 2596 820 καὶ
2623 767 2828 834 γνῶσίν
2851 784 2974 820 τινα
3011 765 3348 834 λεπτοτέραν
3395 760 3464 835 ἦς
3493 764 3732 833 ἠξίωσαι

2140 860 2418 923 διακονίας
2467 859 2559 912 διὰ
2602 859 2758 913 τοῦδέ
2791 876 2873 912 σοι
2903 857 3302 928 παρεχόμενος,
3330 857 3406 918 ὡς
3439 860 3533 909 καὶ
3567 855 3736 917 αὐτὸς

2145 954 2252 1024 πρὸ
2285 953 2380 1006 σοῦ
2415 952 2626 1020 ταύτην
2659 949 3003 1004 ὑπεισελθὼν
3032 949 3133 1019 τὴν
3174 950 3329 1018 ἱερὰν
3365 938 3732 1017 λειτουργίαν,

2143 1050 2235 1100 καὶ
2277 1049 2458 1118 ἱερεὺς
2482 1045 2721 1117 Χριστοῦ
2757 1045 3045 1115 τυγχάνων
3067 1045 3161 1097 καὶ
3190 1042 3469 1112 ὑπηρέτης
3502 1043 3612 1093 τῶν
3639 1041 3738 1093 αὑ-

2141 1143 2235 1194 τοῦ
2282 1141 2618 1211 μυστηρίων,
2654 1141 2800 1210 ἄκρα
2852 1138 3047 1192 τούτου
3085 1137 3414 1207 χρηστότητι
3462 1133 3570 1186 τῶν
3595 1133 3738 1203 ὑπὲρ

2144 1236 2244 1305 ἐμὲ
2282 1233 2560 1304 μεγίστων
2587 1251 2646 1286 τε
2677 1234 2770 1286 καὶ
2797 1232 2957 1285 θείων
2987 1229 3315 1301 ἠξιωμένος.

2217 1504 2349 1560 Ἰδοὺ
2369 1505 2551 1559 τοίνυν
2569 1503 2830 1574 ὴξιὼθης,
2852 1503 3126 1575 ἀπαγητὲ,
3147 1502 3461 1574 λειτουργὸς
3481 1503 3738 1572 γενέσθαι

2146 1595 2409 1668 Χριστοῦ,
2445 1597 2540 1650 καὶ
2569 1597 2816 1660 διάκονος
2842 1596 3006 1650 αὑτοῦ
3055 1597 3148 1651 καὶ
3202 1599 3565 1669 παραστάτης
3593 1595 3736 1652 εἶναι

2149 1694 2244 1746 καὶ
2266 1691 2470 1762 θεωρὸς
2491 1691 2602 1744 τῶν
2636 1691 2974 1762 μυστηρίων,
3008 1692 3100 1744 καὶ
3129 1691 3387 1760 ὲγγίζων,
3425 1693 3519 1746 καὶ
3543 1711 3734 1747 κοινω-

460 1804 822 1870 miliarisque,
859 1809 914 1853 et
943 1798 1377 1856 communicans,
1419 1803 1475 1848 et
1510 1807 1687 1863 praeco
1720 1789 2040 1859 Evangelia-

2154 1784 2255 1850 νὸς,
2277 1784 2372 1837 καὶ
2398 1783 2507 1836 τῶν
2523 1783 2878 1850 Εὑαγγελίων
2893 1782 3089 1852 κῆρυξ.
3110 1783 3205 1837 καὶ
3221 1784 3323 1837 οὑκ
3369 1783 3451 1837 ἔτι
3479 1801 3736 1856 παραπε-

461 1908 582 1947 rum
611 1909 625 1946 :
661 1905 838 1957 neque
869 1889 979 1957 jam
1007 1887 1141 1940 velis
1164 1887 1600 1955 quibuscumque
1648 1879 1916 1943 irretitus,
1941 1877 2039 1931 sed

460 1994 647 2055 aperte
671 1984 877 2046 videns,
901 1995 1077 2048 neque
1105 1979 1374 2032 mediante
1406 1973 1717 2040 Seraphim,
1754 1970 2041 2027 sacerdote
2085 2031 2093 2040 ,

462 2077 694 2137 scilicet,
749 2075 819 2128 ab
857 2074 1223 2125 instrumento
1276 2066 1712 2126 communicaris,
1765 2061 1862 2117 sed
1927 2061 2043 2130 ipse

460 2172 716 2224 inventus
772 2161 1079 2233 Seraphinr,
1145 2158 1452 2214 sacerdotio
1502 2157 1664 2211 modo
1717 2155 2040 2208 honoratus.

461 2261 544 2315 Tu
577 2274 778 2314 vocans
810 2259 875 2311 ad
911 2270 1121 2324 preces,
1166 2269 1272 2308 non
1311 2252 1426 2321 ipse
1475 2258 1720 2312 vocatus,
1755 2245 1890 2299 alios
1940 2246 2045 2297 im-

462 2355 670 2424 pellens
709 2334 768 2404 ut
794 2350 858 2404 ad
900 2350 1066 2402 Deum
1120 2346 1405 2409 accedant,
1435 2345 1549 2411 ipse
1604 2354 1716 2393 non
1771 2351 2048 2392 cessansa

462 2447 665 2500 divinis
699 2440 1051 2498 commerciis
1081 2457 1094 2492 :
1133 2449 1189 2494 et
1224 2437 1472 2491 ﬁdelibus
1500 2433 1826 2503 praedicans,
1857 2443 1952 2484 eos
1981 2427 2049 2482 ad

479 2541 840 2592 attentiomm
871 2542 926 2587 et
976 2531 1344 2586 obedientiam
1395 2529 1713 2589 exhortans,
1755 2534 1807 2578 et
1841 2524 2051 2593 positus

469 2647 639 2703 pr0pe
666 2629 967 2690 Christum,
1005 2636 1152 2679 totus
1177 2623 1409 2678 aliorum
1466 2621 1640 2674 via‘ct
1665 2616 1945 2685 exemplar
1998 2622 2052 2668 et

463 2724 766 2778 conductor
787 2719 960 2772 factus
989 2719 1052 2769 ad
1075 2716 1281 2769 lumen.
1321 2713 1388 2766 Et
1416 2709 1544 2782 quid
1571 2708 1715 2762 aliud
1751 2707 1858 2762 eris
1892 2719 2050 2775 quam

463 2813 782 2874 Cherubim,
823 2819 969 2863 totus
1025 2807 1168 2860 inter
1208 2803 1460 2875 mysteria
1515 2816 1640 2855 eum
1690 2798 2054 2866 transpiciens

466 2907 563 2977 qui
607 2906 748 2957 ridet
784 2898 1008 2956 omnia?
1040 2903 1146 2952 Aut
1201 2895 1487 2968 Seraphim
1526 2893 1720 2962 igneus
1749 2889 1936 2944 fruens
1969 2887 2053 2942 vi-

2144 1874 2386 1943 τάσμασί
2409 1891 2516 1927 τισι
2546 1873 2916 1943 κωλυόμενος,
2939 1873 3537 1945 ἀλλ’ἀπερικαλύπτως
3565 1877 3733 1945 δρῶν,

2143 1965 2266 2020 οὐδὲ
2307 1964 2395 2018 διὰ
2447 1957 2985 2033 Σεραφεὶμξὶερέως
3019 1964 3243 2035 δηλαδὴ,
3268 1967 3335 2035 τῇ
3360 1965 3535 2018 λαϐίδι
3571 1967 3736 2034 μετέ-

2144 2075 2281 2130 χων,
2321 2057 2438 2110 ἀλλ’
2492 2056 2656 2120 αὑτὸς
2685 2059 2973 2128 τυγχάνων
3001 2060 3028 2110 ό
3077 2059 3380 2128 Σεραφεὶμ,
3427 2058 3736 2129 ἱερωσύνης

2145 2152 2306 2222 37],
2342 2151 2669 2222 ἠξιωμένος.
2712 2153 2820 2205 Καὶ
2875 2151 3061 2206 καλῶν
3105 2153 3243 2223 πρὸς
3293 2153 3632 2224 προσευχὰς,
3662 2156 3727 2206 οὐ

2148 2245 2508 2311 καλούμενος,
2533 2245 2628 2298 καὶ
2659 2244 2903 2312 ἐγγίζειν
2934 2243 3133 2306 ἄλλους
3163 2246 3372 2313 ἐνάγων
3401 2247 3539 2317 πρὸς
3571 2247 3734 2311 Θεὸν,

2149 2333 2312 2397 αὑτὸς
2351 2335 2666 2405 δ’κατὲχων
2720 2334 2891 2389 τελῶν
2944 2335 3014 2388 τὰ
3050 2335 3192 2398 θεῖα,
3241 2339 3334 2389 καὶ
3387 2339 3738 2408 προσφωνῶν

2148 2427 2258 2488 τοῖς
2286 2428 2522 2492 πιστοῖς,
2559 2427 2654 2480 καὶ
2686 2429 2979 2498 προσέχειν
3018 2429 3374 2497 παρεγγυῶν,
3418 2432 3512 2484 καὶ
3547 2448 3738 2500 παρα·

2149 2518 2321 2582 τιθεὶς
2369 2518 2448 2589 τῷ
2479 2519 2724 2591 Χριστῷ,
2756 2521 2850 2574 καὶ
2890 2521 3011 2583 ὅλος
3041 2521 3244 2588 ἐτέρων
3272 2521 3347 2575 ὢν
3383 2525 3501 2584 ὁδός
3543 2541 3605 2578 τε
3639 2527 3739 2580 καὶ

2152 2612 2289 2682 πρὸς
2334 2613 2396 2665 τὸ
2439 2613 2556 2682 φῶς
2607 2614 2820 2684 ὁδηγός.
2854 2615 2963 2668 Καὶ
3007 2616 3059 2667 τί
3096 2615 3285 2686 ἕτερον
3332 2616 3738 2687 ἢΧερουδεὶμ,

2153 2707 2293 2776 ὁρῶν
2355 2707 2476 2771 ὅλος
2543 2707 2632 2760 διὰ
2685 2706 2794 2759 τῶν
2858 2710 3190 2778 μυστηρίων
3233 2710 3327 2762 τὸν
3387 2710 3605 2780 ὁρῶντα
3663 2712 3738 2766 τὰ

2155 2803 2351 2867 πάντα,
2384 2805 2476 2857 καὶ
2511 2805 2790 2874 Σεραφεὶμ
2819 2806 3122 2876 πυρφόρος,
3147 2805 3237 2859 τὸν
3267 2806 3445 2870 ζῶντα
3484 2809 3740 2877 κατέχων

2154 2898 2422 2967 ἄνθρακα,
2465 2900 2559 2970 καὶ
2588 2897 2796 2966 θρόνος,
2829 2897 2904 2961 ὼς
2935 2899 3354 2969 ἀναπαυόμενον
3387 2900 3526 2972 έχων
3554 2905 3611 2956 ἑν
3652 2906 3742 2957 σοι

466 2999 616 3058 venti
644 2998 752 3050 Deo
779 2995 866 3060 qui
901 2992 1041 3062 ignis
1070 2987 1195 3042 eSL?
1248 2996 1342 3040 aut
1373 2987 1630 3049 thronus,
1681 2983 1889 3036 habens
1921 2981 1972 3034 in
2005 2987 2056 3032 te

2156 2993 2246 3046 τὸν
2287 2989 2566 3060 πανταχοῦ
2615 2994 2682 3060 τῇ
2717 2991 2907 3060 τελετῇ
2943 2992 3037 3045 καὶ
3068 2995 3134 3062 τῇ
3165 2995 3426 3063 κοινωνίᾳ
3453 3011 3469 3028 ο
3499 2998 3596 3050 καὶ
3639 2997 3745 3064 ἀγ·

463 3098 739 3153 sedeutem
765 3104 890 3144 eum
931 3084 1020 3155 qui
1048 3095 1129 3137 cst
1157 3080 1378 3147 ubique,
1416 3076 1684 3132 sacriﬁcio
1725 3087 1780 3130 et
1812 3088 2056 3142 commu-

2161 3083 2314 3153 γελος
2338 3084 2412 3147 ὡς
2444 3083 2725 3154 ὑπηρέτης
2756 3084 2918 3138 αὑτοῦ
2949 3087 3041 3139 καὶ
3069 3086 3410 3156 λειτουργός·
3437 3090 3533 3143 καὶ
3560 3091 3742 3144 ταῦτα

465 3191 665 3246 money
697 3195 790 3238 ειιιι
816 3183 980 3237 etiam
1023 3175 1242 3247 angelus
1277 3173 1522 3244 quidam,
1555 3181 1741 3240 utpote
1782 3170 1902 3238 ejus
1945 3168 2051 3220 mi-

470 3285 645 3337 nister
665 3288 719 3330 et
743 3271 982 3350 li-gqtns?
1009 3270 1074 3322 Et
1101 3272 1212 3321 haec
1229 3267 1409 3318 omnia
1429 3264 1521 3317 tibi
1549 3278 1657 3315 non
1685 3263 1738 3316 in
1763 3261 1930 3331 ﬁgura
1958 3267 2052 3314 aut

468 3372 707 3439 imagine
741 3366 1098 3434 contingent;
1157 3360 1282 3428 quia
1346 3373 1456 3411 non
1517 3356 1704 3428 ﬁgura:
1750 3357 2053 3435 cuidamjet

473 3481 676 3538 typoes
711 3461 1133 3518 ministraturus,
1164 3453 1258 3506 sed
1289 3450 1389 3519 ipsi
1415 3464 1543 3504 vero
1563 3447 1790 3502 Domino
1819 3463 1976 3516 quem
1997 3447 2049 3500 in

469 3557 626 3614 οωιὶε
652 3556 1006 3609 circumstant
1027 3544 1397 3602 custodientes
1429 3542 1677 3613 spiritus.
1711 3541 1864 3607 Quod
1902 3540 2048 3594 enim

467 3653 543 3708 illi
578 3651 784 3704 faciunt
807 3641 1052 3707 incmlis,
1077 3650 1130 3693 tu
1165 3637 1256 3691 hic
1279 3637 1332 3690 in
1358 3637 1516 3690 terris
1541 3634 1939 3703 adimpleturus
1970 3647 2048 3686 es.

470 3744 681 3798 liteniin
738 3739 816 3792 sic
900 3735 1069 3787 voluit
1141 3730 1385 3785 omnium
1449 3728 1688 3783 caelestis
1752 3724 2052 3779 architecta

470 3834 618 3908 quod
649 3844 845 3899 nempe
886 3827 938 3881 in
975 3824 1127 3879 cmlis
1162 3831 1218 3876 et
1248 3822 1304 3876 in
1341 3831 1487 3875 terra
1531 3819 1896 3873 ministerium
1924 3831 2051 3886 age-

472 3941 624 3983 retur
649 3938 882 3979 sacrum.
939 3918 1005 3970 Et
1062 3917 1178 3986 ipse
1209 3916 1284 3969 ita
1341 3913 1472 3968 fecit
1527 3921 1586 3966 ut
1636 3912 1918 3967 videretur
1950 3927 1964 3965 :
1996 3916 2053 3963 et

474 4023 638 4076 homo
674 4018 823 4070 visus
847 4024 930 4068 est
961 4027 1058 4082 per
1107 4009 1347 4078 seipsum
1393 4020 1542 4060 suam
1579 4004 1862 4058 nobiscum
1897 4002 2052 4057 unio~

472 4127 597 4167 nem
632 4109 952 4176 adimplens.
977 4090 1112 4160 Cum
1141 4103 1288 4155 enim
1328 4099 1476 4153 solus
1510 4106 1654 4151 esset
1695 4095 1920 4164 spiritus
1951 4110 2053 4165 pu-

471 4220 586 4269 rus,
613 4211 806 4272 sponte
831 4200 1058 4254 formam
1083 4195 1256 4249 induit
1280 4191 1635 4257 materialem,
1673 4197 1729 4244 et
1753 4187 2051 4243 secundum

476 4297 618 4350 hanc
649 4295 876 4348 formam
909 4287 1224 4344 sensibilem
1253 4283 1570 4339 hominibus
1629 4281 1823 4337 similis
1877 4279 2053 4336 factus

472 4398 596 4455 est;
623 4398 816 4440 natura
850 4398 946 4438 sua
978 4383 1254 4436 increatus
1281 4385 1334 4433 et
1373 4386 1635 4440 internus,
1657 4390 1766 4429 non
1799 4389 2052 4444 assump-

2157 3179 2258 3231 οὑκ
2285 3178 2454 3230 εἰκόνι
2489 3178 2621 3240 τινὶ,
2644 3178 2764 3231 οὑδὲ
2817 3179 2926 3248 γὰρ
2956 3179 3111 3248 τύπῳ
3141 3182 3410 3235 διακονῶν
3443 3185 3737 3254 ὑπάρχεις,

2158 3267 2273 3320 ἀλλ’
2319 3266 2467 3335 αὑτῷ
2500 3267 2577 3336 τῷ
2614 3267 2717 3320 ὑπὸ
2746 3268 2856 3318 τῶν
2895 3269 3078 3322 ἀύλων
3121 3269 3232 3323 ἄνω
3275 3273 3740 3347 δορυφορουμένῳ

2160 3359 2431 3430 Δεσπότῃ.
2463 3361 2572 3424 Κοιὶ
2597 3359 2735 3430 ὅπερ
2788 3352 2935 3414 οὗτοί
2976 3379 3040 3430 γε
3086 3365 3219 3429 ἂνω,
3248 3367 3413 3430 αὑτὸς
3435 3367 3589 3422 κάτω
3622 3370 3743 3424 διας

2158 3451 2332 3514 τελεῖς
2355 3468 2371 3484 ο
2405 3451 2549 3505 οὕτω
2583 3453 2691 3523 γὰρ
2728 3453 2998 3525 ἠθέλησεν
3037 3458 3064 3508 ὁ
3109 3455 3328 3510 πάντων
3357 3460 3608 3530 τεχνίτης
3640 3463 3743 3533 τὴν

2158 3543 2328 3612 αὑτὴν
2363 3542 2705 3613 λειτουργίαν
2736 3545 2851 3599 ἄνω
2895 3564 2953 3598 τε
2987 3547 3084 3600 καὶ
3116 3549 3269 3603 κάτω
3295 3551 3566 3606 τελεῖσθαι
3593 3567 3610 3583 ⁶
3644 3556 3747 3608 καὶ

2158 3635 2324 3698 αὑτὸς
2383 3635 2559 3699 οὕτως
2630 3625 2834 3706 ὢφθη”
2877 3639 3221 3710 πεποιηκὼς,
3284 3643 3379 3694 καὶ
3455 3645 3747 3714 ἄνθρωπος

2158 3727 2365 3795 ὀφθεὶς,
2396 3728 2461 3781 δι’
2497 3729 2692 3782 ἑαυτοῦ
2725 3730 2825 3800 τὴν
2860 3732 2980 3800 μεθ’
3015 3733 3174 3803 ἡμῶν
3221 3735 3414 3788 ἕνωσιν
3441 3737 3741 3802 ἐξετέλεσε.

2159 3822 2334 3885 Μόνος
2391 3819 2551 3886 ᾶῦλος
2613 3823 2720 3893 γὰρ
2775 3822 2870 3891 ὢν,
2901 3825 3033 3896 ὓλην
3084 3827 3376 3881 ἐνεδύσατο
3423 3829 3616 3895 θέλων,
3649 3834 3746 3886 καὶ

2158 3915 2269 3976 τοῖς
2302 3917 2421 3966 κατ’
2458 3915 2714 3984 αἴσθησιν
2740 3916 2922 3986 ηνώθη
2965 3918 3200 3987 βροτοῖς.
3241 3921 3352 3973 Καὶ
3381 3921 3642 3986 ἄκτιστος
3672 3927 3739 3995 τῇ

2162 4009 2323 4076 φύσει
2357 4007 2523 4061 τελῶν
2551 4010 2642 4061 καὶ
2673 4009 2930 4078 ἄναρχος,
2957 4010 3019 4063 οὑ
3053 4013 3150 4081 τῆς
3180 4014 3407 4081 κτιστῆς
3434 4015 3600 4068 αὑλου
3631 4016 3744 4069 τῶν

2160 4100 2296 4154 νόων
2332 4099 2624 4170 μετείληφε
2661 4101 2900 4169 φύσεως,
2927 4103 3200 4172 ἐνωθῆναι
3244 4107 3309 4173 τῇ
3337 4105 3515 4158 κτίσει
3544 4106 3740 4176 βουλη-

2161 4190 2294 4254 θείς.
2329 4192 2538 4254 Κτίσας
2587 4191 2632 4244 δ’
2685 4193 2886 4256 αὑτοὺς
2932 4195 2997 4246 ὲκ
3059 4193 3134 4264 μὴ
3164 4193 3355 4260 ὄντων,
3402 4198 3545 4250 κατὰ
3575 4197 3743 4267 χάριν

2159 4283 2358 4348 ἀύλους
2389 4285 2482 4337 καὶ
2504 4282 2809 4345 ἀθανάτους
2844 4283 3069 4348 τούτους
3093 4287 3390 4358 εἰργάσατο
3413 4303 3426 4317 ·
3461 4288 3556 4340 καὶ
3581 4287 3744 4358 δόξης

2165 4377 2411 4447 μετέχειν
2458 4377 2650 4441 αὑτοῦ,
2681 4376 2891 4449 δωρεὰν
2935 4378 3146 4440 τούτοις
3196 4379 3476 4447 ἀναλόγως
3518 4380 3741 4451 ἑκάστῳ

475 4483 549 4534 sit
577 4479 868 4548 spirituum
898 4483 1142 4526 naturam
1169 4480 1405 4526 creatam
1434 4467 1869 4532 irnmaterialem,
1896 4482 2048 4521 crea-

2154 4469 2390 4522 δίδωσιν.
2441 4467 2625 4538 Ἡμῶν
2671 4468 2726 4521 δὲ
2780 4469 2880 4538 τὴν
2907 4469 3140 4540 κτιστὴν
3192 4470 3529 4540 προσείληφε
3577 4471 3744 4540 φύσιν

474 4586 612 4629 turre
642 4586 700 4626 se
731 4566 1028 4622 uuienduru
1072 4563 1318 4634 cogitans
1354 4578 1369 4615 :
1399 4560 1520 4615 illos
1574 4571 1756 4616 autem
1784 4575 1847 4615 ex
1877 4559 2051 4615 nihilo

477 4659 785 4736 produecns
814 4658 984 4731 gratia
1021 4656 1247 4710 miriﬁca
1275 4653 1588 4723 spirituales
1635 4662 1692 4706 et
1716 4652 2052 4708 immortales

475 4757 754 4821 l'eciteos,
791 4753 988 4822 cuique
1017 4748 1180 4804 simul
1229 4763 1325 4818 pro
1384 4747 1554 4820 gradu
1601 4756 1811 4818 partem
1870 4746 2055 4814 gloriae

476 4864 590 4904 sua:
619 4845 949 4916 impertitus.
986 4842 1051 4897 Et
1085 4841 1242 4897 nobis
1276 4841 1468 4895 tribuit
1519 4848 1578 4894 ut
1601 4847 1846 4894 nostram
1895 4849 2055 4892 natu-

478 4957 594 4995 ram
629 4949 866 4994 creatam
915 4934 1272 5004 assumpserit
1324 4932 1662 5005 hypostatice
1707 4931 1811 4987 sibi
1858 4933 2056 4988 unien-

484 5031 638 5084 dam.
678 5029 942 5084 Humana:
976 5027 1158 5094 itaque
1179 5035 1394 5081 natura:
1427 5039 1654 5078 consors
1671 5023 1892 5078 eﬁcctus
1916 5023 2059 5077 indi.

475 5122 630 5176 vulsa
666 5129 720 5175 et
743 5116 1024 5174 ineonfusa
1062 5116 1282 5181 unione,
1322 5116 1494 5185 ipsam
1523 5116 1878 5186 gloriosorum
1913 5115 2052 5170 divi-

479 5213 674 5266 nitatis
698 5210 1086 5265 attributorum
1111 5209 1164 5261 in
1192 5208 1658 5277 participationem
1685 5208 1904 5264 vocavit
1922 5206 2056 5273 :tln

477 5306 596 5376 ipso
615 5304 789 5372 enim,
816 5302 992 5372 inquit
1015 5301 1233 5363 Paulus,
1257 5300 1464 5355 habitat
1499 5300 1779 5369 plenitudo
1806 5300 2056 5355 divinita-

474 5400 546 5451 tis
568 5395 926 5467 corporaliter
951 5395 1024 5448 ³.»
1057 5394 1215 5449 Visus
1245 5402 1327 5449 est
1353 5394 1534 5464 igitur,
1560 5403 1614 5448 et
1646 5399 1838 5446 iterum
1865 5392 2057 5446 viden-

479 5487 609 5540 dum
640 5487 799 5542 modo
831 5503 993 5557 quem
1027 5475 1210 5540 aTnore
1242 5485 1404 5554 elegit
1444 5501 1500 5540 se
1540 5490 1742 5555 pricbet
1776 5505 1790 5540 :
1824 5495 1878 5539 et
1910 5483 2056 5552 seip-

473 5587 598 5628 sutn
631 5577 789 5634 nobis
838 5580 1008 5644 dedit,
1037 5587 1090 5634 ct
1119 5578 1415 5633 etiamnum
1451 5593 1549 5648 pro
1606 5577 1765 5633 nobis
1795 5591 1854 5634 se
1892 5575 2058 5630 tradit

549 5761 572 5790 ³
611 5757 812 5814 lJoan.
872 5779 949 5829 ιτ,
989 5764 1074 5818 16.
1149 5763 1403 5844 _’Coloss.
1459 5776 1520 5824 tl,
1576 5760 1636 5814 9-

2160 4561 2254 4615 καὶ
2309 4562 2690 4624 ὑποστατικῶς
2749 4563 2881 4631 ἡμῖν
2949 4562 3194 4633 ἥνωταιο
3257 4564 3350 4630 καὶ
3401 4567 3465 4634 τῇ
3518 4563 3744 4636 βροτείῳ

2162 4651 2323 4722 φύσει
2379 4653 2489 4707 τῶν
2547 4655 2649 4723 τῆς
2685 4653 2941 4725 θεότητος
2999 4655 3357 4724 μεταδίδωσιν
3401 4657 3744 4727 αὐχημάτων

2161 4744 2513 4814 ἐνδεδυμένος
2545 4745 2864 4816 ἀχωρίστως
2891 4740 2985 4799 καὶ
3015 4747 3344 4818 ἀσυγχύτως
3369 4747 3564 4817 αὑτήν.
3593 4765 3613 4800 ι
3645 4748 3740 4802 Ἐν

2163 4837 2312 4907 αὑτῷ
2365 4837 2492 4907 γὰρ,
2536 4837 2692 4906 φησὶ,
2728 4839 2972 4890 κατοικεῖ
3031 4840 3140 4890 πᾶν
3197 4836 3260 4890 τὸ
3308 4837 3587 4909 πλήρωμα.
3639 4838 3743 4909 τῆς

2163 4929 2417 5001 θεότητος
2466 4930 2812 4999 σωματικῶς.
2853 4947 2871 4980 ι
2917 4929 3118 5000 Ὠράθη
3169 4924 3286 4997 οὖν,
3321 4931 3417 4983 καὶ
3471 4929 3636 4984 πάλιν
3664 4931 3742 4993 ὡς

2163 5022 2425 5088 εὑδόκησε
2457 5021 2776 5090 καθορᾶται.
2807 5021 2916 5075 Καὶ
2950 5021 3146 5074 ἑαυτὸν
3189 5020 3422 5074 δέδωκεν
3457 5023 3614 5091 ἡμῖν,
3644 5023 3743 5076 καὶ

2165 5117 2305 5188 ὑπὲρ
2331 5117 2492 5186 ἡμῶν
2527 5117 2621 5169 καὶ
2650 5115 2816 5169 τανῦν
2842 5114 2998 5172 αὖθις
3030 5115 3240 5168 δίδωσι.
3273 5116 3386 5169 Καὶ
3415 5115 3524 5169 τῶν
3567 5116 3751 5168 τοιού-

2164 5227 2274 5262 των
2305 5208 2505 5278 ἔργων,
2534 5207 2578 5260 ὢ
2624 5207 2824 5277 πολλῆς
2872 5206 3232 5275 ἀγαθότητος,
3271 5208 3436 5276 ἡμεῖς
3499 5206 3749 5274 λειτουρ-

2165 5301 2252 5370 γοί
2299 5317 2358 5353 τε
2403 5302 2497 5353 καὶ
2524 5300 2795 5370 ὑπηρέται
2827 5299 2922 5351 καὶ
2953 5299 3181 5368 μύσται.
3204 5299 3271 5351 Τί
3297 5298 3489 5351 τούτου
3519 5298 3711 5367 μεῖξον
3731 5337 3750 5364 ,

2165 5393 2309 5446 κατὰ
2338 5392 2398 5445 τὸ
2429 5393 2672 5461 ἐνεργεῖν
2713 5393 2779 5446 τὰ
2819 5391 3123 5461 μυστήρια,
3155 5388 3299 5460 ὑπὲρ
3333 5389 3602 5456 ἀγγέλους
3643 5389 3753 5457 τὴν

2167 5485 2324 5552 ἀξίαν
2384 5484 2706 5555 εἰλήφαμεν.
2741 5483 2804 5536 Ὦ
2833 5487 2933 5552 τῆς
2984 5482 3354 5553 χρηστότητος
3400 5481 3495 5535 τοῦ
3543 5482 3761 5534 Δεσπό-

2169 5579 2295 5632 τουί
2332 5576 2392 5641 ὃς
2426 5578 2607 5648 πᾲντο.
2641 5579 2912 5647 περιέχει,
2947 5577 3040 5631 καὶ
3075 5575 3472 5646 ἀπερίληπτος,
3500 5575 3560 5628 ὲν
3591 5573 3752 5644 τόπῳ
