4064 6204
418 324 530 390 957

1726 344 1822 406 DE
1863 327 2357 420 SACERDD’I‘IO‘.

3568 365 3670 430 9'38

411 437 481 549 δι”
511 437 709 549 ηημᾶςο
833 441 1045 549 ἀναφὴς
1103 447 1514 517 κατεχόμενος’
1559 454 1588 507 ὁ
1649 456 1884 526 ἀόρατος
1934 463 1992 514 ἐν

2103 465 2288 521 iterum
2338 477 2505 538 atque
2555 469 2756 526 iterum
2795 481 2897 529 :et
2951 475 3114 546 hujus
3159 481 3414 549 cperis,o
3457 482 3678 537 bonitas

414 528 706 600 αἰσθήσει·
744 533 771 584 ὀ
802 533 883 586 νοτ
914 536 1302 607 ἀκατάληπτος
1347 545 1460 604 τοῖς
1510 545 1724 614 θνητοῖς
1759 552 1984 620 μετεχόο

415 640 574 692 μενος
630 625 697 678 δι’
751 627 910 695 ήμῶν
958 645 1015 681 τε
1061 631 1170 684 τῶν
1210 634 1306 701 τῆς
1357 637 1619 706 ταπεινῆς
1656 639 1752 692 καὶ
1803 658 1987 710 παρα-

411 718 766 779 πεπτωκυίας
801 719 1037 786 φύσεως,
1073 723 1158 775 διὰ
1191 724 1288 794 τῆς
1326 726 1618 798 δεδομένης
1664 732 1796 800 ἡμῖν
1828 735 1985 802 ἱερω-

411 809 595 876 σύνης,
624 806 669 862 ὣ
714 809 805 862 τοῦ
845 811 1161 880 Θαύματοςί
1197 819 1307 873 τοῖς
1338 821 1663 888 μυστηρίοις
1697 823 1982 888 γινόμενος

408 903 503 980 καὶ
549 903 898 971 φαινῦμενος,
933 906 1028 958 καὶ
1075 906 1375 976 διδὸμενος,
1412 913 1504 963 καὶ
1537 914 1860 984 φερόμενος,
1889 921 1985 969 καὶ

407 995 834 1064 χορηγούμενος,
863 999 956 1052 xal
991 999 1354 1067 οίκιζόμενος,
1391 1006 1480 1057 καὶ
1511 1006 1856 1075 ἐνδυόμενος,
1893 1010 1986 1062 καὶ

405 1086 779 1154 ὀργιζόμενος.
819 1090 909 1142 καὶ
943 1091 1465 1164 καταλλαττόμενος,
1501 1099 1593 1149 καὶ
1647 1098 1985 1168 ἱλεούμενσῖ,

410 1177 503 1228 καὶ
561 1178 1132 1250 μεταλαμϐανόμενος.
1171 1183 1236 1237 Τί
1293 1188 1608 1256 καινότερον
1652 1191 1762 1242 τῶν
1806 1195 1987 1244 τοιού-

408 1288 556 1339 των;
591 1271 643 1324 τί
679 1272 864 1341 μεῖξον
889 1276 1095 1343 ἀγαθὸν
1135 1279 1275 1347 πρὶς
1305 1281 1670 1350 ἀνθρώπους;
1711 1285 1798 1348 τίς
1831 1285 1991 1338 δύνα-

411 1380 500 1442 μις
535 1364 848 1434 ὑπερτέρας
882 1369 964 1430 τίς
1001 1367 1219 1432 ἐξουσία
1277 1373 1498 1442 μείζους
1546 1375 1852 1430 πλουτοῦσα
1885 1379 1987 1448 χά-

413 1472 598 1541 ριταςς
639 1457 771 1511 ’1δοὺ
826 1461 855 1512 ὁ
903 1461 1031 1529 χοῦς
1083 1463 1242 1530 ἡμεῖς
1291 1466 1387 1519 καὶ
1415 1466 1588 1536 πηλός
1631 1485 1690 1522 τε
1721 1471 1815 1522 καὶ
1844 1472 1991 1523 σκώ-

409 1545 540 1617 ληξ;
573 1546 811 1612 ἐξουσίαι
841 1551 935 1604 καὶ⁴
963 1551 1221 1622 δυνάμεις
1247 1555 1506 1625 ὀρώμεθα
1530 1574 1544 1587 ·
1577 1559 1779 1628 μᾶλλον
1805 1561 1861 1612 δὲ
1896 1563 1990 1615 καὶ

411 1641 585 1696 πλείω
608 1643 814 1695 τούτων
847 1643 1138 1714 δυνάμενοι
1169 1651 1236 1719 τῇ
1263 1651 1357 1716 τῆς
1385 1650 1691 1722 ἱερωσύνης
1737 1653 1986 1723 δυνάμει.

409 1733 523 1788 Καὶ
570 1735 804 1788 πλάσται
841 1738 949 1806 γὰρ
994 1739 1093 1807 τῆς
1143 1739 1452 1809 κρείττονος
1485 1744 1741 1808 πλάσεως
1780 1745 1860 1815 τῷ
1893 1747 1990 1815 βαι

2097 557 2419 616 inefi‘abilis!
2461 576 2561 616 nos
2610 579 2798 621 sumus
2850 567 3112 636 ministri,
3166 582 3354 643 mystae
3403 582 3458 627 et
3489 589 3670 628 sacer-

2094 646 2270 702 dotes.
2296 650 2435 716 Quid
2470 656 2570 707 hoc
2608 657 2823 726 majus?
2863 661 2964 714 hac
2990 676 3242 731 suprema
3275 679 3428 718 sacra
3465 677 3676 734 myste-‘

2093 740 2174 792 ria
2191 741 2497 798 celebrandi
2525 756 2810 814 potestate,
2836 753 3056 822 angelos
3087 754 3233 821 ipsos
3257 756 3520 824 dignitate
3549 759 3670 810 viu-

2092 829 2293 885 cimus.
2370 832 2476 888 Sed
2555 850 2588 888 ο
2645 836 2884 907 Magistri
2948 842 3276 897 clementia!
3331 846 3433 909 Qui
3490 847 3672 900 omnia

2091 922 2334 976 continet
2385 940 2488 980 nec
2550 930 2826 983 contineri
2892 941 3092 998 potest,
3133 935 3187 986 in
3262 952 3431 1002 parvo
3463 948 3678 991 contra-

2095 1014 2244 1066 hitur
2276 1015 2397 1069 loeo
2422 1032 2520 1084 pro
2541 1019 2702 1074 nobis
2734 1036 2748 1074 :
2783 1021 2872 1090 qui
2905 1024 3108 1092 palpari
3161 1041 3267 1078 non
3298 1036 3496 1095 potest.
3535 1031 3676 1097 digi-

2095 1106 2162 1159 tis
2233 1115 2495 1162 tractatur
2515 1121 2569 1166 et
2602 1114 2908 1177 retinetur;
2951 1117 3260 1180 invisibilis,
3295 1121 3546 1174 sensihm
3577 1122 3676 1175 ob-

2088 1194 2278 1262 jicitur
2303 1215 2318 1263 ;
2356 1201 2445 1267 qui
2471 1213 2654 1256 mente
2684 1205 3075 1273 comprehendi
3104 1221 3210 1260 non
3239 1216 3438 1272 potest,
3467 1218 3671 1260 morta-

2091 1287 2236 1344 libus
2269 1295 2638 1349 communicat
2668 1296 2722 1349 in
2760 1305 2950 1351 natura
2980 1307 3159 1352 nostra
3197 1299 3380 1352 intima
3420 1308 3476 1352 et
3529 1299 3670 1352 falli-

2094 1380 2210 1439 bili.
2243 1392 2299 1435 et
2328 1399 2427 1451 per
2453 1388 2820 1442 sacerdotium
2865 1404 2969 1459 quo
3005 1391 3211 1460 dignati
3245 1404 3456 1452 sumus,
3485 1405 3517 1441 o
3548 1404 3671 1455 pro-

2093 1471 2342 1541 digium!
2378 1480 2654 1546 mysteriis
2693 1491 3007 1548 generatur,
3051 1482 3451 1545 manifestatur,
3483 1481 3665 1545 datur,

2096 1564 2442 1632 producitur,
2477 1569 2858 1633 introducitur,
2896 1573 2949 1625 in
2978 1573 3097 1628 loco
3139 1574 3458 1633 collocatur,
3493 1571 3672 1624 indui-

2096 1662 2206 1717 tur,
2239 1658 2304 1710 ad
2338 1657 2673 1713 iracundiam
2729 1675 3057 1731 provocatus
3085 1673 3142 1717 et
3171 1663 3582 1720 reconciliatus.
3619 1671 3676 1715 et.

2097 1749 2472 1804 misericordia
2499 1760 2697 1817 motus,
2720 1763 2775 1806 et
2795 1756 3182 1808 communione
3203 1762 3512 1822 susceptus.
3535 1753 3677 1819 Quid

410 1825 676 1895 πτίσματι
729 1829 822 1882 καὶ
877 1831 991 1893 τοῖς
1040 1831 1246 1894 λοιποῖς
1300 1835 1659 1903 μυστηρίοις·
1706 1813 1985 1889 ualidae?)

2103 1841 2291 1894 horum
2321 1844 2491 1913 magis
2522 1845 2850 1912 stupendum
2876 1845 2899 1898 ?
2932 1845 3084 1910 Quod
3119 1845 3295 1916 majus
3315 1818 3378 1898 in
3408 1844 3680 1899 hishomi-

410 1918 540 1972 υίῶν
586 1919 844 1989 πατέρες,
881 1924 975 1976 καὶ
1019 1923 1166 1977 θέσει
1223 1924 1364 1977 θεῶν
1401 1927 1644 1995 ἐνεργοὶ,
1677 1926 1775 1979 καὶ
1805 1927 1984 1998 ἀμαρ-

412 2009 528 2071 τίας
559 2011 864 2088 ἀναιρὲται,
901 2015 996 2066 καὶ
1029 2015 1396 2084 ἐλευθερωταὶ
1432 2017 1647 2086 ψυχῶνε
1682 2019 1776 2072 καὶ
1826 2019 1986 2072 λύται

409 2099 623 2169 δεσμῶν
650 2103 909 2171 αἰωνίων,
942 2107 1034 2158 καὶ
1066 2109 1402 2178 παραδείσου
1432 2111 1758 2180 κλειδοῦχοι,
1796 2113 1891 2164 καὶ
1920 2113 1988 2164 τὰ

409 2193 543 2247 Θεοῦ
601 2196 924 2266 δυνάμενοι·
963 2202 1059 2253 καὶ
1114 2203 1281 2255 αὑτοῦ
1341 2203 1671 2272 δεικνύμεθα
1729 2208 1988 2276 συνεργοὶ

412 2287 548 2349 πρὸς
580 2288 854 2358 σωτηρίαν
879 2291 1206 2360 ἀνθρώποις.

2086 1947 2184 1985 nes
2227 1933 2484 1987 collatum
2522 1935 2890 1989 beneficium?
2922 1935 3052 2002 Quae
3081 1946 3320 2006 potestas
3351 1936 3677 1990 sublimior?

2089 2023 2219 2088 Quae
2244 2027 2543 2080 auctoritas
2574 2027 2808 2093 majores
2841 2029 3132 2082 conferens
3154 2027 3389 2097 gratias?
3412 2027 3550 2082 Ecce
3575 2042 3682 2081 nos-

2087 2117 2293 2183 pulvis,
2333 2117 2531 2194 lutum,
2572 2134 2787 2174 vermes
2827 2121 3152 2175 auctoritate
3196 2132 3252 2176 et
3288 2122 3490 2174 virtute
3531 2117 3682 2188 pleni

2088 2223 2436 2277 a-pparemus,
2467 2211 2699 2265 maxime
2733 2220 2786 2265 et
2819 2228 2983 2283 super
3016 2214 3198 2268 omnia
3227 2228 3352 2268 cum
3381 2210 3672 2266 sacerdotii

2102 2301 2459 2355 excellentem
2489 2319 2810 2359 exercemus
2858 2315 3200 2372 potestatem.
3238 2304 3451 2359 Etenim
3481 2317 3678 2358 sumus

411 2395 684 2440 creatores
709 2387 1044 2443 sublimioris
1078 2388 1373 2445 creationis
1405 2391 1734 2458 baptismate
1787 2401 1843 2447 et
1879 2394 2000 2448 aliis
2041 2399 2424 2464 sacramentis,
2451 2411 2505 2453 et
2541 2400 2634 2455 Dei
2663 2400 2918 2456 Filiorum
2983 2402 3191 2470 Patres,
3232 2413 3288 2457 et
3365 2400 3678 2454 divinorum

413 2477 649 2534 instituti
684 2493 1024 2550 operatores.
1068 2493 1122 2536 et
1150 2486 1356 2551 peccati
1415 2484 1814 2549 destructores,
1881 2491 1948 2538 et”
1993 2485 2318 2543 liberatores
2367 2492 2695 2559 animarum,
2757 2494 3033 2549 solventes
3079 2492 3296 2548 vincula
3347 2498 3547 2544 :eterua
3616 2495 3674 2542 et

411 2571 723 2640 paradisum
751 2581 1086 2639 reserantes,
1127 2575 1207 2629 sic
1251 2574 1345 2630 Dei
1385 2574 1670 2646 potestatis
1717 2587 2030 2646 sequestres
2093 2588 2149 2634 et
2195 2582 2472 2649 custodes,
2536 2585 2653 2655 ejus
2685 2585 2896 2641 scilicet
2951 2592 3340 2656 cooperatores
3395 2581 3464 2636 ad
3530 2580 3679 2635 salu-

415 2672 524 2718 tem
553 2665 857 2720 hominum.

491 2856 710 2912 Μᾶλλον
745 2857 802 2911 δὲ
833 2857 886 2910 τί
916 2857 1056 2929 πρὸς
1083 2857 1250 2912 ταῦτα
1279 2861 1476 2928 ἡμεῐς;
1503 2861 1691 2914 Πόσων
1723 2861 2001 2927 ὀφειλέται·

418 2949 538 3021 Θεῷ
594 2953 757 3005 ἓνεκα
815 2951 1151 3020 τηλικούτων
1209 2953 1434 3022 δώρων;
1496 2953 1702 3008 Ὀποῖοι
1750 2955 1818 3014 δὲ,
1857 2948 2000 3007 εἶναι

418 3049 944 3118 κεχρεωστήκαμεν,
981 3048 1104 3099 οὑδὲ
1160 3049 1208 3100 εἰ
1260 3048 1400 3100 κατὰ
1431 3050 1530 3121 τὴν
1581 3049 1818 3119 θεωρίαν
1857 3044 2000 3117 ἦμεν

417 3141 535 3195 τῶν
571 3140 972 3210 πολυομμάτων
1032 3141 1258 3193 ἐκείνων
1318 3141 1492 3194 ἱκανοὶ
1551 3141 1689 3211 πρὸς
1738 3140 1996 3207 τοιαῦτα;

422 3235 518 3297 Τίς
549 3233 657 3302 γὰρ
689 3233 850 3301 φύσις
877 3233 1070 3304 κτιστὴ
1103 3234 1211 3286 τῶν
1257 3234 1348 3286 τοῦ
1383 3233 1520 3286 Θεοῦ
1559 3234 1686 3298 ἀξία
1719 3235 1994 3304 χαρίτωνς

2173 2863 2314 2929 Quid
2363 2866 2597 2936 amplius
2643 2851 2738 2921 ad.
2767 2866 2884 2921 haec
2937 2880 3037 2919 nos
3087 2862 3375 2919 dicemus?
3432 2858 3576 2926 Quot
3619 2865 3672 2910 et

2102 2968 2304 3024 quanta
2339 2955 2446 3010 Deo
2471 2959 2767 3013 debemus!
2803 2967 3065 3027 quantum
3085 2957 3240 3010 abest
3268 2953 3482 3010 utsatis
3518 2951 3690 3021 digne

2101 3051 2168 3105 de
2187 3051 2597 3119 eojudicemus,
2620 3051 2834 3105 etiamsi
2873 3050 3200 3104 oculatiores
3237 3046 3516 3101 essemus!
3547 3043 3681 3108 Qua:

2101 3143 2244 3197 enim
2281 3152 2461 3196 creata
2507 3151 2702 3196 natura
2751 3142 3028 3197 beneflciis
3094 3140 3186 3194 Dei
3234 3136 3543 3192 invenietur
3590 3133 3678 3186 di-

2107 3250 2206 3303 gna
2231 3235 2252 3287 ?
2276 3233 2442 3288 Primi
2472 3235 2774 3289 cmlestium
2819 3232 3106 3302 Spirituum
3165 3229 3388 3284 ordines
3411 3231 3684 3287 tremunt,

420 3327 486 3382 Al
525 3327 739 3396 πρῶται
769 3325 878 3378 τῶν
911 3327 1022 3380 ἄνω
1053 3325 1235 3390 τάξεις
1267 3327 1553 3397 τρέμουσι,
1590 3327 2000 3388 συστέλλονται,

2108 3340 2166 3380 se
2201 3333 2576 3393 prosternunt,
2607 3324 2802 3378 timore
2833 3323 3202 3392 corripiuntur
3226 3334 3290 3373 ea
3319 3333 3440 3386 quze
3469 3315 3691 3397 agimus

422 3419 760 3488 φρίττουσιν,
794 3418 933 3470 αὑτὰ
962 3419 1029 3470 τὶ
1063 3419 1130 3471 δι’
1161 3418 1320 3487 ἡμῶν
1353 3417 1724 3488 ἐνεργούμενα
1749 3417 2000 3485 καθορῶ-

428 3529 537 3568 σαι.
567 3513 679 3566 Καὶ
716 3512 822 3579 γὰρ
860 3511 1060 3579 μᾶλλον
1116 3508 1484 3576 θαυμάζουσι,
1519 3510 1580 3562 τὸ
1614 3510 2004 3564 πολυποίκιλον

426 3603 526 3669 τῆς
551 3601 646 3654 τοῦ
671 3602 806 3655 θεοῦ
856 3602 1050 3669 σοφίας
1095 3603 1182 3654 διὰ
1207 3603 1304 3668 τῆς
1350 3602 1686 3672 Ἒκκλησίας
1717 3622 2005 3673 καταμαν-

429 3694 712 3756 θάνουσαι,
745 3692 820 3755 ὼς
846 3695 873 3746 ὁ
909 3693 1119 3755 Παῦλός
1163 3710 1315 3761 φησι.
1347 3694 1459 3746 Καὶ
1488 3690 1653 3748 αὗται
1696 3695 1796 3763 μὲν
1827 3696 2006 3762 ἐπιγι-

428 3785 735 3839 νώσκουσαι
771 3785 831 3839 τδ
865 3785 1082 3838 κτιστὺν
1124 3785 1356 3850 ἑαυτῶν,
1397 3787 1493 3838 καὶ
1547 3789 1608 3840 τὸ
1653 3787 2003 3856 ὑπέρμετρον

429 3880 528 3950 τῆς
576 3879 671 3932 τοῦ
721 3878 855 3932 Θεοῦ
910 3877 1270 3947 ἀγαθότητος,
1310 3877 1551 3931 δειλιῶσί
1580 3895 1638 3930 τε
1668 3880 1760 3931 καὶ
1800 3879 2009 3950 ἐκπλή-

430 3990 575 4036 κτως
633 3972 832 4041 βοῶσι,
899 3972 994 4024 καὶ
1056 3971 1168 4034 τοῖς
1230 3971 1537 4038 γινομένοις
1603 3970 2004 4040 θαυμάζουσιν.

438 4062 627 4132 Ἡμεῖς
670 4063 727 4115 δὲ
759 4061 969 4115 τούτων
1016 4061 1125 4114 τῶν
1179 4061 1475 4115 θειοτάτων
1507 4079 1565 4114 τε
1598 4065 1692 4116 καὶ
1735 4067 2008 4131 μεγίστων

432 4155 693 4224 ὑπουργοὶ
720 4155 1013 4224 τυγχάνειν
1041 4153 1138 4208 καὶ
1161 4155 1429 4225 ὑπηρέται
1462 4154 1784 4224 ἠξιωμένοι,
1809 4155 2008 4220 ὁποίως

429 4245 792 4314 διακείμεθα;
851 4243 951 4316 τὴν
1012 4245 1254 4316 φοϐερὰν
1319 4246 1573 4310 ἐξουσίαν
1645 4246 1855 4317 ταύτην
1915 4247 2012 4301 καὶ

433 4337 801 4407 φρικτοτάτην
882 4337 1240 4406 ἐγχείρησιν,
1299 4337 1446 4390 ἔστιν
1531 4337 1619 4390 ὅτε
1692 4340 1773 4402 εἰς
1837 4339 2011 4408 ἀρχὴν

436 4427 656 4498 (οἵμοιί)
717 4427 926 4491 παθῶν,
984 4427 1146 4497 372
1199 4429 1300 4499 ,καὶ
1360 4428 1499 4499 ὓλην
1562 4429 1862 4498 ἁμαρτίας,
1912 4430 2011 4498 τὴν

436 4485 707 4590 ἆμαρ-πίας
745 4522 840 4574 καὶ
876 4485 1074 4574 παθξὺοῖ
1097 4485 1387 4589 ῐνξοέτιν
1439 4485 1894 4594 ἀπεργαέόμεθα,
1931 4485 2011 4586 είς

436 4613 682 4677 ἐξουσίαν
715 4614 948 4682 ἀρχικήν
993 4630 1052 4664 τε
1088 4613 1179 4664 καὶ
1212 4614 1484 4684 κοσμικὴν
1517 4613 1723 4682 ταύτην
1757 4614 2012 4678 ἕλκοντες

2107 3425 2398 3470 cernentes
2425 3433 2440 3469 :
2470 3415 2674 3469 etenim
2708 3413 2943 3469 maxime
2984 3413 3253 3465 mirantur
3285 3389 3545 3477 quonia‘m
3584 3416 3688 3473 per

2107 3506 2392 3562 ecclesiam
2473 3506 2798 3574 praedicatur
2865 3501 3214 3557 multiformis
3307 3499 3396 3555 Dei
3463 3495 3679 3565 sapien-

2112 3600 2228 3662 tia,
2284 3608 2342 3651 ut
2429 3597 2670 3665 loquitur
2758 3594 3037 3659 Paulus‘;
3101 3594 3314 3661 ipsique
3380 3603 3681 3661 agnoscente

2111 3704 2192 3746 tes
2221 3707 2250 3744 a
2282 3705 2392 3760 quo
2417 3691 2585 3744 creati
2622 3697 2747 3743 sunt
2786 3700 2841 3742 et
2871 3688 3190 3741 immensam
3230 3684 3320 3736 Dei
3358 3683 3409 3735 in
3441 3696 3498 3735 se
3533 3678 3692 3732 bouic

2112 3790 2277 3837 tatem
2309 3783 2505 3838 timent
2545 3789 2601 3835 et
2651 3787 2931 3850 stupentes
2975 3778 3316 3846 proclamant
3349 3775 3417 3828 de
3448 3773 3532 3826 his
3565 3786 3690 3839 quat

2111 3875 2247 3930 fith
2293 3875 2586 3930 miraculis.
2636 3871 2747 3927 Nos
2808 3886 2938 3926 vero
2987 3869 3454 3926 sanctissimarum
3515 3861 3694 3916 maxi-

2113 3981 2438 4037 marumque
2489 3981 2670 4021 rerum
2723 3964 3031 4018 ministerio
3071 3971 3125 4015 et
3156 3956 3564 4028 dispensatione
3601 3953 3689 4006 di—

2112 4059 2260 4130 gnati
2284 4074 2523 4128 quonam
2547 4057 2731 4112 animo
2758 4054 2984 4108 sumus?
3007 4049 3368 4106 Tremendam
3400 4049 3535 4100 hanc
3559 4057 3690 4097 auc-

2113 4154 2389 4206 toritatem
2448 4161 2502 4204 et
2584 4145 2977 4203 formidandam
3069 4139 3476 4196 fabricationem
3526 4150 3687 4204 sa-pe,

2115 4246 2259 4301 ben!
2293 4227 2358 4299 ἱιῗ
2377 4243 2533 4300 nobis
2557 4240 2788 4311 imperio
2821 4237 3134 4308 passionum
3189 4241 3241 4285 et
3269 4229 3451 4285 carnis
3483 4224 3689 4297 peccati

2115 4337 2460 4406 subiicimus,
2493 4336 2620 4389 dum
2647 4331 2852 4402 peccati
2885 4341 2939 4384 et
2963 4325 3276 4398 passionum
3306 4322 3482 4391 fugam
3512 4327 3569 4373 et
3597 4318 3693 4369 de-

2119 4427 2458 4482 relictionem
2493 4439 2658 4493 super
2681 4423 2772 4477 illo
2792 4420 3152 4489 coutplemus,
3181 4425 3234 4471 et
3261 4415 3315 4467 in
3345 4413 3485 4466 hunc
3513 4419 3691 4476 potes-

2064 4527 2070 4534 '
2123 4528 2287 4573 tatem
2319 4517 2568 4572 omnium
2596 4515 2850 4586 primam,
2878 4513 3034 4583 quasi
3088 4508 3364 4564 mundana
3389 4503 3529 4558 foret
3587 4510 3694 4554 tra-

2123 4613 2323 4666 hantur
2372 4609 2592 4679 quidam
2643 4607 2808 4661 etiam
2864 4607 3006 4659 male
3057 4605 3325 4664 viventes,
3385 4596 3523 4651 etin
3570 4607 3688 4647 eam

433 4723 578 4768 τινες
622 4704 718 4758 καὶ
751 4703 1004 4774 πονηρῶς
1056 4703 1393 4774 βιαζόμενοι,
1443 4708 1535 4760 καὶ
1577 4705 1863 4775 μανιωδῶς
1893 4709 2001 4760 ἑπιι

2116 4705 2283 4758 stulte
2327 4700 2644 4769 furioseque
2683 4695 2986 4750 insilientes
3010 4694 3082 4746 ita
3115 4706 3234 4759 qua:
3267 4697 3394 4746 sunt
3423 4693 3691 4757 praecepta

437 4798 714 4865 πηδῶντες
769 4797 933 4867 αὐτῇ,
963 4798 1058 4849 καὶ
1120 4796 1191 4850 τὰ
1253 4794 1378 4848 καθ’
1427 4788 1503 4848 ὧν
1538 4797 1779 4867 κατέστη
1809 4798 2018 4867 διενερ-

434 4888 682 4956 γοῦντες,
716 4889 805 4941 ἵνα
863 4887 1070 4956 ταύτης
1123 4887 1258 4958 φεῦί
1311 4887 1877 4958 ὲπιδράξωνται,εῑγε
1925 4889 2020 4942 καὶ

436 4979 640 5048 ταύτης
690 4979 834 5034 οὕτω
876 4979 1186 5049 μετέχουσι,
1236 4981 1333 5034 καὶ
1381 4981 1442 5034 οὑ
1481 4980 1855 5049 μακρύνονται
1887 4981 2021 5050 μᾶλ-

437 5071 550 5124 λον.
584 5071 692 5122 Τοῦ
729 5073 970 5124 τοιούτου
1012 5071 1181 5141 ὕψους
1212 5073 1291 5136 είς
1337 5073 1547 5126 ἔννοιαν
1595 5074 1644 5124 ol
1699 5071 1822 5125 κατ’
1851 5071 2020 5141 ἀγγέ-
2051 5126 2057 5132 ,

436 5163 561 5225 λτιυς
596 5163 790 5215 ὲκεῖνοι
828 5163 938 5217 τῶν
970 5163 1138 5232 ἁγίων
1169 5164 1468 5232 γινόμενοι,
1496 5162 1638 5217 κατὰ
1665 5163 1733 5215 τὰ
1767 5162 2032 5216 θειότατεί

439 5255 778 5325 φρίττοντες,
833 5254 906 5318 ὠς
970 5256 1210 5325 εἴρηται,
1271 5256 1543 5325 Σεραφῖμ,
1603 5254 1666 5307 τὸ
1722 5253 1867 5325 μέγα
1921 5255 2022 5323 ’τῆς

442 5345 747 5419 ἱερωσύνης
779 5347 1007 5415 ἔφευγόν
1033 5363 1093 5400 τε
1142 5348 1235 5402 καὶ
1269 5347 1659 5401 ὑπεστέλλοντο
1686 5363 1700 5378 ·
1765 5345 2025 5415 ἀξιούμε-

341 5430 352 5438 ’
442 5457 521 5492 νοι
564 5439 624 5492 δὲ
677 5439 904 5508 ταύτης,
960 5439 1106 5501 ὅπως
1136 5440 1228 5493 τὸν
1259 5438 1468 5494 ἑαυτῶν
1510 5439 1849 5511 ᾠκονόμουν,
1881 5437 2020 5510 βίον,

444 5531 600 5600 δῆλον
629 5535 687 5596 ἐξ
715 5526 791 5585 ὧν
823 5532 1172 5598 εἰργάσαντο.

523 5799 543 5831 ’⁸
581 5800 778 5867 Ephes.
810 5818 890 5868 tu,
933 5800 1025 5855 10.

2120 4794 2333 4848 faciunt
2366 4803 2425 4847 ut
2455 4793 2602 4846 illam
2631 4788 2923 4857 arripiant,
2953 4785 3067 4852 qui,
3102 4782 3244 4836 heu!
3294 4781 3360 4833 ab
3392 4781 3481 4832 illa
3516 4775 3692 4831 arceri

2121 4885 2470 4948 meruissent,
2527 4881 2730 4934 nedum
2762 4875 3123 4931 hisemnibus
3164 4872 3542 4927 emendemus.
3611 4864 3694 4919 illi

2120 4991 2251 5032 vero
2285 4974 2377 5043 qui
2409 4981 2726 5026 sanctorum
2753 4982 2904 5023 more
2933 4966 3179 5020 viventes
3225 4963 3289 5017 ad
3333 4962 3507 5015 instar
3531 4972 3696 5026 ange—

2121 5072 2303 5126 lorum
2377 5062 2796 5133 iutelligeutiam
2869 5066 2924 5112 et
3005 5055 3464 5112 existimationem
3531 5049 3694 5116 hujus

2120 5159 2301 5231 adepti
2327 5167 2458 5214 sunt
2481 5153 2844 5218 celsitudinis,
2875 5157 3191 5214 trementes,
3230 5155 3284 5200 ut
3335 5145 3575 5197 diximus
3620 5140 3686 5194 de

2120 5251 2482 5311 sanctissimis
2511 5247 2817 5316 Seraphim,
2839 5257 3086 5314 magnam
3106 5238 3395 5295 sacerdotii
3425 5236 3696 5305 effugiunt

2121 5346 2438 5416 dignitatem
2468 5349 2523 5396 et
2553 5340 2623 5394 ab
2643 5353 2706 5394 ea
2740 5351 2800 5392 se
2833 5334 3146 5390 subducunt
3180 5349 3194 5386 :
3261 5330 3454 5400 dignos
3512 5335 3698 5382 autem

2122 5439 2242 5504 ejus
2277 5450 2336 5490 se
2367 5432 2663 5488 ostendunt
2700 5427 3008 5484 manifestis
3069 5424 3328 5496 operibus
3379 5423 3580 5493 quibus
3610 5420 3699 5477 vi‘

2127 5537 2235 5583 tam
2267 5526 2524 5582 ordinant
2561 5533 2616 5580 et
2655 5528 2871 5596 regunt.
3452 5535 3459 5540 ‘
