4064 6204
396 297 503 361 959

1258 292 1637 356 SYMEONIS
1669 292 2422 354 THESSALONICENSIS
2456 282 2804 354 ARCIIIEP.

3575 283 3681 345 9Γο

471 410 578 464 Nos
594 424 743 479 ergo,
766 407 1108 473 charissime,
1141 407 1302 477 hujus
1324 406 1499 462 meriti
1532 406 1823 476 participes
1855 419 1979 459 esse

2158 407 2377 462 Τούτων
2411 406 2508 475 τῆς
2538 406 2694 470 ἀξίας
2730 404 2819 459 καὶ
2868 404 3030 476 ἡμεῖς
3090 403 3361 468 κοινωνοὶ,
3396 403 3681 475 ἀγαπητε,

347 500 707 572 .eupientes,
771 509 1035 570 quantum
1091 503 1432 571 poterimus,
1492 497 1772 554 enitemur
1823 499 1986 551 vitam

402 610 591 665 regere
638 604 692 650 et
739 595 1043 649 reformare
1077 595 1143 648 ad
1186 609 1378 648 eorum
1422 592 1733 663 exemplum
1771 601 1825 646 et
1860 608 1991 645 nor-

402 704 570 741 mam.
604 686 718 741 lloc
750 703 891 756 opus
945 702 1049 741 non
1097 687 1273 741 solum
1332 700 1441 740 non
1479 694 1563 740 est
1614 694 1862 739 nostrum
1899 681 1991 751 qui

404 793 595 831 sumus
631 778 822 831 tantuli
866 777 1012 831 inter
1063 778 1344 840 minimos,
1400 790 1504 829 nec
1536 785 1881 840 consequens
1926 785 1991 823 ex

402 882 595 926 nostro
626 871 845 935 merito,
876 871 969 925 sed
989 871 1151 925 etiam
1184 884 1364 937 neque
1396 877 1476 921 est
1501 883 1639 937 opus
1668 880 1858 921 eorum
1889 864 1981 934 qui

401 974 529 1020 sunt
549 981 710 1034 quam
747 964 983 1018 maxime
1003 963 1123 1033 puri
1161 973 1215 1017 et
1244 962 1334 1031 qui
1355 961 1655 1015 secundum
1676 958 1898 1027 angelos
1921 957 1995 1008 vi-

400 1064 559 1116 vunt,
590 1054 685 1109 sed
713 1069 887 1121 neque
911 1067 1049 1122 Opus
1067 1062 1153 1107 est
1180 1052 1419 1120 ipsorum
1440 1049 1779 1120 angelorum.
1812 1046 1999 1102 Solius

400 1146 596 1200 divina:
628 1155 710 1199 est
749 1161 883 1213 Opus
926 1154 1139 1198 natura:
1199 1144 1551 1214 producentis
1585 1141 1849 1196 ex‘nihilo
1880 1155 1999 1207 quae

401 1249 529 1293 sunt
559 1248 614 1293 et
645 1254 752 1292 non
782 1237 999 1293 fuerunt
1020 1236 1191 1306 prius,
1224 1254 1345 1305 qua:
1375 1230 1558 1291 omnia
1596 1244 1906 1294 conservat.
1946 1248 2000 1294 et

406 1346 525 1399 qua:
561 1338 741 1398 potest
804 1345 900 1399 pro
934 1329 1232 1385 voluntatis
1268 1338 1403 1383 nutu
1465 1344 1526 1384 ea
1573 1336 1805 1383 mutare.
1842 1325 1996 1390 Quod

404 1424 528 1478 inde
568 1432 735 1492 patet.
806 1421 919 1476 Soli
970 1422 1110 1476 inter
1155 1437 1244 1477 res
1289 1431 1501 1477 creatas
1548 1420 1996 1475 reformationem

403 1525 791 1586 exspectamus
814 1530 920 1583 qua
945 1514 1278 1585 indigemus,
1300 1514 1504 1567 misere
1530 1512 1762 1567 triturati
1787 1519 1839 1564 et
1866 1509 1993 1579 pul-

405 1607 734 1663 chritudinis
758 1606 1002 1674 pristinae
1021 1605 1286 1672 iacturam
1320 1604 1463 1671 passi
1488 1618 1592 1656 non
1618 1600 1890 1673 audiendo
1909 1613 2006 1652 vo-

405 1716 524 1756 cem
543 1700 633 1754 Dei
654 1697 870 1763 aaterni,
891 1696 1236 1762 immortalis,
1260 1694 1591 1749 immaculati
1612 1701 1667 1747 et
1687 1691 1997 1748 immutabi-

404 1797 495 1861 lis;
517 1796 660 1850 bono
674 1803 929 1869 autem.“
948 1788 1118 1843 nihilo
1141 1800 1324 1844 creato
1340 1786 1664 1852 servientes;
1690 1783 1994 1839 voluntarie

405 1891 647 1959 corrupti
716 1906 780 1945 ex
838 1905 923 1955 eo,
960 1889 1143 1943 divina
1202 1882 1610 1939 immortalitate
1658 1878 1895 1948 spoliati,
1941 1887 1996 1932 et

405 1984 750 2054 separatione
779 1992 833 2039 et
873 1982 1195 2036 alienatione
1214 1979 1280 2032 ab
1309 1975 1707 2032 immortalibus
1737 1970 1993 2034 mortales

403 2078 554 2143 facti,
592 2078 645 2130 in
678 2086 881 2132 tantam
929 2075 1117 2145 gratia:
1170 2071 1554 2126 necessitatem
1614 2066 1909 2122 incidimus
1939 2071 1995 2120 et

405 2169 695 2241 penuriam
744 2169 959 2222 auxilii.
1013 2168 1121 2221 Etsi
1165 2166 1310 2220 enim
1353 2173 1596 2232 apostata
1636 2162 1736 2216 sibi
1779 2159 1882 2229 ipsi
1911 2158 1994 2213 vi-

407 2278 544 2317 vens
593 2272 645 2317 ct
682 2269 837 2317 stans
883 2259 1156 2322 videatur,
1214 2266 1395 2311 tamen
1440 2255 1686 2325 privatur
1719 2268 1846 2307 vera
1896 2251 1989 2306 Dei

404 2357 537 2421 vita,
577 2355 814 2424 pessima
869 2352 1170 2407 mutatione
1218 2358 1412 2419 sponte
1456 2364 1554 2403 sua
1611 2356 1887 2412 mutatus;
1938 2354 1992 2399 et

407 2449 647 2517 hacipsa
700 2446 1057 2516 persuasione
1101 2441 1449 2497 adversarius
1493 2440 1844 2494 constituitur
1890 2436 1992 2491 Do-

406 2541 539 2595 mini
573 2540 667 2609 qui
700 2538 830 2593 fecit
858 2538 1006 2591 illum
1042 2545 1095 2591 et
1127 2545 1413 2604 propterea
1444 2533 1543 2586 sibi
1592 2531 1695 2601 ipsi
1735 2541 1788 2585 et
1834 2531 1991 2584 nobis

406 2649 542 2704 quos
577 2631 778 2701 perfide
808 2630 1057 2685 alliciens
1096 2630 1160 2683 ad
1184 2626 1541 2682 imitationem
1577 2623 1660 2678 sui
1698 2623 1988 2691 persuasit,

405 2742 564 2781 causa
593 2723 917 2793 perditionis
947 2722 1069 2776 fuit.
1101 2720 1205 2776 Sed
1235 2721 1323 2775 ille
1355 2719 1552 2773 mansit
1587 2726 1852 2785 apostata,
1892 2732 1993 2771 nec

404 2820 664 2875 malitiam
699 2817 975 2881 deseruit;
1002 2830 1101 2868 nos
1135 2828 1260 2867 vero
1282 2821 1474 2881 etpost
1500 2817 1779 2879 peccatum
1812 2809 1989 2861 locum

404 2911 701 2965 habuimus
753 2908 818 2962 ad
856 2908 1019 2962 vitam
1064 2904 1341 2960 remeandi
1374 2944 1387 2965 ,
1437 2903 1681 2957 bonitate
1724 2901 1844 2967 ejus
1896 2899 1989 2968 qui

403 3005 530 3059 fecit
586 3018 705 3057 nos.
738 3001 831 3056 llle
881 3000 1027 3054 enim
1084 3013 1193 3051 non
1252 2995 1558 3050 illusionem
1608 3006 1991 3062 quamcunque

2096 501 2216 571 θείᾳ
2258 501 2442 570 χάριτι
2493 500 2800 567 γεγονότες,
2831 497 2907 562 ὡς
2954 496 3185 564 δύναμις
3235 496 3565 567 ἐξακριϐοῦν
3592 496 3688 551 τὸν

2097 593 2211 662 βίον
2248 594 2365 645 ’καὶ
2408 590 2709 644 διευθύνειν
2761 590 2883 644 κατ’
2947 590 3194 653 ἐκείνους
3256 590 3684 661 σπουδάσωμεν.

2096 688 2265 741 Τοῦτο
2305 688 2365 740 τὸ
2405 688 2565 757 ἔργον
2594 687 2693 755 οὔχ
2721 687 2868 749 ὅπως
2912 686 3021 737 τῶν
3061 684 3362 754 ἐλαχίστων
3394 684 3555 755 ἡμῶν
3582 686 3687 740 οὐκ

2098 780 2243 832 ἔστιν
2304 779 2463 848 ἔργον
2527 779 2687 845 ἀξίας
2734 778 2834 847 τῆς
2890 779 3165 849 ἡμετέρας
3221 778 3537 843 ἀκόλουθον,
3567 778 3687 831 ἀλλ’

2098 874 2219 925 οὐδὲ
2271 876 2372 939 τῆς
2422 872 2532 925 τῶν
2586 871 2771 942 ἄκρως
2812 871 3247 940 κεκαθαρμένων
3297 871 3547 933 ἐκείνων,
3590 871 3687 926 καὶ

2098 965 2207 1018 τῶν
2251 965 2372 1017 κατ’
2414 963 2683 1033 ἀγγέλους
2735 964 2830 1017 καὶ
2875 962 3126 1031 ἀγγέλων
3174 963 3376 1020 αὐτῶν.
3411 964 3598 1031 Μόνης
3628 963 3685 1016 δὲ

2099 1060 2198 1128 τῆς
2256 1059 2403 1121 θείας
2471 1056 2628 1111 τοῦτο
2683 1060 2945 1127 τυγχάνει
3004 1057 3220 1125 φύσεως
3273 1056 3455 1126 ἔργον,
3486 1058 3583 1125 τῆς
3614 1057 3685 1110 τὰ

2101 1152 2228 1204 ὄντα
2283 1148 2719 1221 παραγαγούσης
2756 1148 2830 1217 μὴ
2886 1148 3016 1201 ὄντα
3066 1148 3353 1216 πρότερον,
3396 1148 3491 1200 καὶ
3525 1144 3687 1209 αὖθις

2104 1242 2546 1313 συγκρατούσης,
2584 1243 2676 1295 καὶ
2734 1240 2985 1295 ἀλλοιοῦν
3044 1240 3353 1311 δυναμένης
3383 1241 3457 1304 ὡς
3492 1241 3686 1312 βούλε-

2101 1353 2211 1388 ται.
2250 1333 2360 1388 Καὶ
2418 1332 2579 1402 δῆλον
2634 1332 2907 1385 ἐντεῦθεν.
2946 1331 3101 1384 Ἐπεὶ
3147 1332 3257 1402 γὰρ
3316 1334 3478 1402 ἡμεῖς
3531 1331 3687 1399 μόνοι

2102 1427 2210 1479 τῶν
2248 1424 2549 1492 γεγονότων
2577 1423 2834 1476 ἁπάντων
2874 1424 2975 1488 τῆς
3011 1422 3462 1492 ἀναμορφώσεως
3518 1423 3688 1493 ἐχρῂ-

2106 1515 2293 1585 ζομεν,
2328 1515 2707 1584 συντριϐέντες
2757 1513 2959 1577 ἀθλίως
2997 1514 3093 1567 καὶ
3145 1514 3205 1566 τὸ
3242 1512 3436 1584 πρῴην
3488 1514 3689 1567 ἀπολέ-

2109 1625 2300 1671 σαντες
2344 1606 2539 1670 κάλλος
2566 1608 2661 1660 τοῦ
2692 1607 2777 1659 ἀεὶ
2812 1606 2911 1674 μὲν
2943 1604 3095 1669 ὄντος
3131 1605 3228 1658 καὶ
3283 1605 3559 1659 ἀθανάτου
3594 1606 3691 1658 καὶ

2109 1702 2390 1772 ἀφθάρτου
2443 1703 2535 1754 καὶ¹
2588 1699 2954 1755 ἀναλλοιώτου
3017 1699 3153 1753 Θεοῦ
3210 1699 3687 1768 παρακούσαντες,

2103 1794 2516 1857 ὑπακούσαντες
2546 1792 2601 1846 δὲ
2634 1790 2728 1845 τοῦ
2754 1795 2816 1846 ὲκ
2858 1794 2941 1862 μὴ
2968 1791 3121 1855 ὄντος
3144 1792 3431 1861 γεγονότος
3456 1790 3687 1859 ἀγαθοῦ,

2103 1892 2196 1945 καὶ
2231 1889 2683 1959 παραφθαρέντος
2744 1886 3028 1952 ἑκουσίως,
3083 1887 3178 1939 καί⁸
3226 1887 3324 1956 τὴν
3381 1884 3689 1937 ἀθανασίαν

2101 1983 2508 2046 ἀπολωλεκότος
2576 1981 2673 2050 τὴν
2728 1979 2902 2041 θείαν,
2936 1977 3132 2047 θνητοῦ
3189 1994 3248 2030 τε
3308 1975 3690 2037 καταστάντος

2100 2080 2166 2145 τῇ
2222 2075 2502 2129 διαστάσει
2549 2072 2645 2126 τοῦ
2705 2072 2998 2136 ἀθανάτου,
3036 2072 3116 2135 είς
3166 2071 3266 2140 τὴν
3322 2069 3515 2141 χρείαν
3582 2067 3685 2136 τῆς

2102 2169 2325 2241 χάριτος
2350 2166 2553 2236 ταύτης
2585 2166 2846 2237 ἤλθομεν.
2884 2166 2945 2219 Εἰ
2972 2166 3080 2234 γὰρ
3113 2165 3207 2216 καὶ
3239 2163 3348 2227 ζῶν
3372 2162 3469 2215 καὶ
3508 2161 3686 2229 μένων

2100 2267 2128 2317 ό
2167 2264 2480 2331 ἀποστάτης
2507 2263 2677 2324 δοκεῖ,
2709 2261 2843 2314 ἀλλά
2875 2259 2972 2328 τῆς
3011 2259 3244 2324 ἀληθοῦς
3275 2257 3421 2327 ζωῆς
3448 2258 3554 2327 τῆς
3583 2257 3684 2311 τοῦ

2101 2356 2235 2434 Θεοῦ
2268 2357 2661 2425 ἀπεστέρηται,
2696 2354 3008 2415 ἁλλοιωθεὶς
3039 2351 3343 2413 αῦτοθελῶς
3372 2350 3471 2421 τὴν
3516 2368 3686 2414 πονη-

2105 2449 2203 2519 ρὰν
2240 2447 2550 2514 ἀλλοίωσιν,
2583 2448 2680 2500 καὶ
2713 2446 2959 2508 ἐναντίος
2992 2446 3135 2498 κατᾶ
3188 2445 3247 2498 τὸ
3294 2444 3482 2498 δοκοῦν
3534 2445 3689 2514 αὐτῷ

2102 2540 2352 2610 ὑπάρξας
2416 2538 2495 2609 τῷ
2552 2538 2876 2607 πεποιηκότι
2946 2538 3109 2592 αὑτὸν
3162 2536 3429 2608 Δεσπότῃ.
3472 2538 3566 2589 καὶ
3600 2536 3693 2589 διὰ

2101 2634 2259 2689 τοῦτο
2313 2633 2589 2696 ἀπωλείας
2639 2633 2737 2699 τῆς
2799 2633 2921 2699 ἴσης
2976 2630 3148 2701 αὐτῷ,
3192 2630 3285 2684 καὶ
3346 2630 3479 2698 ἡμίν
3537 2628 3691 2697 αὐτῷ

2101 2727 2492 2795 πεπεισμένοις
2545 2723 2837 2802 παραίτιος
2872 2723 3116 2789 γέγονεν.
3164 2721 3307 2774 Ἀλλ’
3338 2722 3543 2782 ἐκεῖνος
3585 2721 3687 2789 μὲν

2099 2820 2413 2888 ἀποστάτης
2452 2818 2625 2887 μένει,
2660 2817 2752 2869 καὶ
2783 2818 2815 2887 ή
2853 2816 3019 2869 κακία
3074 2814 3221 2885 αὐτῷ
3256 2812 3631 2882 ἀναπόϐλητος
3662 2827 3677 2841 ·

2100 2916 2261 2984 ἡμεῖς
2317 2912 2373 2965 δὲ
2431 2912 2523 2964 καὶ
2584 2910 2724 2979 μετά
2782 2909 2840 2961 τὸ
2904 2909 3113 2967 πεσεῖν,
3141 2905 3437 2975 ἐγερθῆναι
3491 2903 3681 2972 χώραν

2101 3006 2399 3075 εἰλήφαμεν
2435 3002 2734 3073 ἀγαθότητι
2762 3001 2858 3055 τοῦ
2894 2999 3259 3068 πεποιηκότος
3305 3013 3322 3027 ·
3359 2998 3440 3050 ὅτι
3469 2998 3684 3059 ἐκεῖνος

402 3112 598 3165 passus
628 3105 715 3149 est
747 3103 801 3147 ut
839 3094 1098 3158 caderet;
1154 3106 1253 3145 uec
1286 3100 1401 3145 erat
1455 3089 1696 3157 pondere
1730 3087 1909 3140 carnis
1938 3096 1993 3139 et

2104 3097 2202 3167 μὲν
2232 3097 2333 3149 οὐκ
2378 3096 2564 3165 ἀπάτῃ
2617 3093 2931 3152 πέπτωκεν,
2963 3090 3083 3143 οὐδὲ
3118 3089 3226 3159 γὰρ
3260 3088 3465 3159 σαρκὸς
3514 3088 3687 3156 πάχει

401 3189 648 3241 materize
697 3185 967 3240 illecebris
1005 3184 1323 3245 innodatus,
1388 3180 1481 3234 sed
1513 3180 1835 3245 voluntarie,
1894 3178 1996 3232 etsi

403 3279 527 3345 ejus
563 3293 744 3369 v.eram
776 3285 829 3331 ct
855 3274 1089 3329 lucidam
1122 3273 1351 3326 haberet
1382 3271 1773 3339 cognitionem,
1798 3268 1998 3322 decidit

404 3387 433 3423 a
468 3362 630 3424 bono.
672 3366 812 3422 Hinc
864 3383 993 3436 ergo
1028 3374 1081 3419 et
1133 3366 1471 3434 pa'nitentize
1527 3364 1707 3417 locum
1757 3378 1867 3417 non
1900 3362 1998 3415 ha-

404 3462 561 3525 bens,
586 3460 807 3529 perfidia
835 3458 1069 3513 maxime
1085 3459 1279 3519 malus,
1303 3456 1582 3510 in'malitia
1606 3454 1993 3525 perseveravit,

407 3564 462 3610 et
518 3555 779 3608 malitiam
842 3568 996 3608 suam
1066 3553 1241 3607 auxit.
1299 3550 1407 3605 Nos
1464 3558 1646 3604 autem
1705 3564 1735 3603 e
1811 3548 1991 3603 sensi-

403 3649 506 3701 bus
558 3647 730 3715 erepti
781 3656 835 3698 et
887 3655 1075 3698 contra
1136 3644 1402 3711 pessimas
1474 3641 1596 3708 ejus
1645 3640 1995 3695 seductiones

404 3737 644 3803 muniti,
722 3736 947 3804 gratiam
1006 3736 1318 3805 accepimus
1371 3734 1755 3803 pmniteutiae,
1817 3740 1876 3784 ut
1950 3731 1994 3784 si

417 3830 643 3898 quando
697 3828 751 3881 in
801 3829 1157 3882 tcntationem
1212 3827 1338 3880 mali
1382 3826 1543 3895 hujus
1594 3825 1766 3880 hostis
1824 3823 1994 3879 nostri

409 3920 788 3987 iuciderimus,
820 3935 1042 3975 sensum
1078 3929 1131 3974 et
1156 3919 1575 3988 intelligentiam
1608 3918 1789 3987 adepti
1818 3900 1992 3971 ’vero-

404 4030 525 4068 rum
573 4023 628 4067 et
672 4014 981 4067 divinorum
1002 4013 1297 4075 bonorum,
1346 4027 1377 4066 e
1415 4012 1616 4081 quibus
1667 4011 1993 4074 excidimus,

407 4105 815 4174 resipiscamus,
846 4106 1043 4159 iterum
1095 4118 1440 4167 revocemur,
1472 4112 1524 4157 et
1554 4117 1649 4171 pro
1695 4102 1852 4171 culpa
1885 4102 1991 4155 mi-

406 4197 719 4252 sericordiae
749 4197 973 4267 gratiam
1013 4198 1334 4262 habeamus,
1363 4206 1418 4251 et
1454 4197 1634 4250 denuo
1668 4196 1721 4250 in
1767 4196 1991 4265 partici-

406 4282 684 4360 pationem
763 4290 1026 4346 bonitatis
1086 4291 1285 4345 divina:
1339 4290 1797 4357 rediutegremur.
1856 4288 1992 4344 Cum

406 4383 573 4453 igitur
604 4384 671 4437 ad
703 4383 818 4438 hzec
859 4383 1086 4437 tendant
1143 4393 1197 4438 et
1229 4384 1510 4453 propheta:
1539 4393 1593 4437 et
1635 4385 1715 4437 lex
1744 4392 1799 4437 et
1828 4398 1994 4439 ctere-

2105 3190 2203 3242 καὶ
2242 3187 2344 3257 ὕλῃ
2380 3186 2809 3256 συμπέπλεκτο⁹
2843 3183 3107 3244 ἑκουσίως
3133 3181 3210 3247 δὲ,
3249 3181 3420 3251 οῦπερ
3464 3180 3685 3249 ἀληθῶς

2103 3281 2202 3349 τὴν
2238 3267 2442 3350 γνῶσιν
2484 3277 2651 3350 εἶχεν,
2709 3279 3061 3348 ἀπεπήδησεν
3119 3274 3349 3342 ἀγαθοῦ,
3393 3272 3682 3326 Ἐντεῦθεν

2115 3372 2210 3428 οὖν
2258 3374 2353 3428 καὶ
2419 3373 2707 3443 μετανοίας
2768 3371 2953 3442 χώραν
2992 3371 3088 3424 οὐκ
3142 3370 3302 3440 ἔχων,
3333 3365 3684 3420 ἐθελοκακῶν

2110 3469 2309 3537 μᾶλλον
2372 3467 2545 3537 μένει,
2582 3466 2676 3519 καὶ
2723 3468 2789 3535 τῇ
2823 3464 3061 3536 πονηρίᾳ
3092 3462 3441 3516 πλατύνεται.
3487 3461 3682 3528 Ἡμεῖς

2104 3558 2180 3621 δὲ,
2219 3558 2471 3628 αἰσθήσει
2502 3557 2804 3617 κλαπέντες
2838 3557 2933 3609 καὶ
2982 3556 3163 3627 πλάνῃ
3202 3552 3393 3606 τούτου
3443 3553 3683 3622 πονηρᾷ,

2104 3650 2264 3719 χάριν
2308 3650 2609 3719 εἰλήφαμεν
2638 3650 2951 3717 μετανοίας,
2986 3648 3061 3710 ὡς
3092 3647 3139 3699 εί
3177 3645 3272 3699 τοῦ
3306 3644 3480 3699 κακοῦ
3517 3662 3686 3712 γεγο-

2103 3745 2254 3805 νότες
2284 3744 2341 3795 ὲν
2368 3743 2554 3813 πείρα,
2586 3740 2777 3794 τούτου
2805 3740 3321 3809 καταιρρονήσομεν,
3361 3739 3445 3800 είς
3483 3737 3687 3806 αἴσθη-

2106 3835 2189 3887 σίν
2240 3852 2299 3886 τε
2358 3835 2467 3887 τῶν
2517 3832 2734 3902 ἀληθῶν
2778 3832 2871 3884 καὶ
2922 3830 3083 3883 θείων
3119 3826 3192 3884 ὧν
3234 3827 3685 3896 ἐκπεπτώκαμεν

2102 3927 2388 3996 γεγονότες
2446 3922 2949 3994 μεταμεληθῶμεν,
3020 3920 3179 3984 αὖθις
3241 3920 3685 3989 ἁνακληθώμεν,

2101 4021 2198 4074 καὶ
2250 4019 2350 4088 τῆς
2411 4001 2629 4088 ἀπάτης
2688 4018 2905 4086 ἐκείνης
2963 4017 3126 4087 χάριν
3182 4014 3517 4085 ἐλεηθῶμεν,
3583 4014 3689 4080 τῆς

2103 4112 2251 4175 θείας
2311 4112 2368 4163 δὲ
2428 4109 2591 4163 πάλιν
2653 4107 3050 4179 μεταλάϐωμεν
3106 4108 3471 4176 ἀγαθότητος.
3523 4105 3686 4159 Ἐπεὶ

2102 4202 2195 4259 οῦν
2231 4204 2318 4259 διά
2348 4204 2521 4258 ταῦτα
2558 4203 2654 4257 καὶ
2681 4202 2983 4271 προφῆται,
3016 4201 3111 4255 καὶ
3144 4200 3331 4270 νόμος,
3363 4202 3458 4254 καὶ
3486 4199 3685 4269 τελετὴ

2102 4300 2254 4353 πᾶσα
2310 4296 2524 4359 τούτου,
2576 4296 2674 4350 καὶ
2718 4296 3033 4348 τελευταῖον
3064 4294 3201 4348 Θεοῦ
3235 4292 3683 4363 ὲνανθρὼτιησις,

2101 4391 2191 4445 ἵνα
2220 4390 2313 4442 καὶ
2358 4378 2696 4457 διδαχθῶμέν
2740 4387 3106 4473 τὴνστῶσιν,
3150 4389 3241 4441 καὶ
3292 4387 3495 4459 ταύτης
3542 4389 3686 4440 ἀπο-

408 4478 604 4531 monia:
633 4476 1008 4544 sacriﬁciaque
1038 4477 1220 4529 omnia
1256 4477 1373 4544 lege
1409 4478 1723 4545 prmscripta
1754 4488 1805 4532 et
1837 4478 1992 4533 deni-

2101 4482 2323 4543 στάντες
2360 4480 2451 4532 καὶ
2481 4478 2573 4532 τοῦ
2615 4479 2935 4549 φθείραντος
2963 4481 3110 4549 ἡμᾶς
3142 4479 3236 4533 καὶ
3278 4480 3684 4549 πλανήσαντος,

406 4582 515 4635 que
533 4566 625 4621 Dei
654 4566 958 4621 incarnatio
989 4569 1127 4620 inter
1156 4565 1431 4631 homines,
1466 4576 1527 4620 ut
1552 4567 1752 4620 malum
1784 4568 1991 4636 peccati

408 4659 725 4722 doceamur,
755 4666 1029 4727 quatenus
1060 4658 1127 4711 ab
1162 4657 1253 4712 illo
1287 4658 1605 4712 recedentes
1637 4667 1693 4711 et
1728 4658 1873 4712 hunc
1897 4658 1988 4726 qui

405 4768 505 4808 nos
527 4751 828 4821 corrumpit
851 4759 904 4806 et
925 4751 1157 4819 seducit,
1180 4750 1466 4821 fugientes,
1495 4736 1834 4806 inveniamur
1851 4751 1993 4806 sicut

405 4846 555 4915 prius
602 4843 829 4908 fuimus,
880 4853 975 4899 aut
1008 4845 1187 4913 potius
1243 4845 1514 4909 meliores,
1554 4855 1746 4898 natura
1779 4843 1992 4899 scilicet

404 4945 596 4991 nostra
631 4934 877 4989 Creatori
906 4934 1077 4999 unita,
1112 4943 1171 4988 ut
1219 4934 1423 4988 dictum
1456 4945 1580 5002 est;
1625 4936 1859 5004 denique
1892 4951 1991 5004 per

402 5027 844 5083 incarnationem
874 5029 1110 5082 revocati
1141 5042 1331 5082 sumus
1353 5029 1419 5083 ad
1458 5028 1744 5083 Dominum
1780 5043 1991 5083 summe

402 5120 718 5193 diligentem
745 5130 799 5175 et
831 5119 1053 5174 bonum.
1090 5118 1197 5175 Sed
1223 5136 1346 5175 cum
1392 5123 1729 5193 impossibile
1752 5132 1899 5178 esset
1934 5133 1991 5177 ut

403 5212 721 5267 incarnatus
749 5220 1014 5282 perpetuo
1059 5222 1308 5267 maneret
1356 5212 1445 5267 hic
1495 5212 1639 5268 inter
1665 5228 1785 5281 nos,
1845 5214 1990 5283 quod

404 5303 653 5359 humanae
685 5315 895 5358 natura:
919 5304 1159 5360 alienum
1183 5308 1284 5359 hoc
1312 5308 1777 5377 esset,proprium
1806 5316 1987 5361 autem

402 5405 459 5451 et
515 5395 820 5466 legitimum
862 5397 987 5452 vitae
1026 5412 1187 5467 quam
1247 5406 1373 5467 post
1412 5397 1741 5453 sacrificium
1774 5413 1987 5453 resum-

406 5483 534 5553 psit,
567 5500 678 5538 nun
715 5493 924 5554 poterat
961 5485 1185 5556 insuper
1216 5500 1435 5541 carnem
1464 5497 1641 5541 morte
1667 5486 1988 5542 immortali-

404 5584 517 5631 tate
563 5577 673 5645 jam
728 5577 982 5632 donatam
1050 5579 1368 5634 mortalibus
1433 5581 1707 5652 subjicere
1761 5580 1934 5636 oculis
1970 5619 1984 5645 ,

402 5665 642 5723 maxime
688 5669 981 5739 impiorqu
1020 5680 1074 5725 ct
1128 5680 1474 5741 peccatorum
1530 5674 1830 5739 hominum,
1883 5690 1984 5729 nec

2102 4568 2387 4638 γενώμεθα
2412 4569 2485 4630 ὡς
2517 4568 2577 4621 τὸ
2604 4568 2796 4639 πρώην
2824 4586 2838 4602 ο
2872 4568 3072 4635 μᾶλλον
3104 4569 3157 4622 δέ
3190 4586 3251 4636 γε
3288 4569 3379 4622 καὶ
3408 4572 3681 4639 κρεῖττον,

2100 4662 2175 4726 ὡς
2209 4661 2311 4729 τῆς
2362 4662 2658 4731 ἡμετέρας.
2708 4661 2785 4722 ὡς
2841 4661 3084 4731 εἴρηται,
3118 4661 3333 4728 φύσεως
3366 4661 3446 4730 τῷ
3481 4662 3681 4731 ποιητῇ

2102 4752 2418 4823 ένωθείσης,
2469 4753 2629 4806 τοῦτο
2689 4752 2789 4821 ἤδη
2856 4752 2953 4806 καὶ
3010 4753 3226 4821 γέγονε,
3281 4752 3377 4805 καὶ
3434 4751 3526 4805 διὰ
3581 4753 3685 4821 τῆς

2102 4847 2570 4916 ὲνανθρωπὴσεως
2602 4846 2983 4917 ἀνεκλήθημεν
3022 4845 3116 4900 τοῦ
3153 4845 3683 4917 φιλανθρωποτάτου

2100 4940 2396 4994 Δεσπότου.
2435 4940 2579 5011 Πλὴν
2604 4940 2902 5010 ἐπειδήπερ
2933 4940 3021 4993 τὸν
3055 4941 3415 5009 σαρκωθέντα
3442 4939 3682 4993 ἐνταῦθα

2102 5032 2337 5085 πάντοτε
2395 5031 2578 5099 μένειν
2631 5031 2690 5083 ού
2749 5031 2979 5084 δυνατὸν
3018 5027 3257 5103 ἦν,οὐδὲ
3304 5032 3413 5102 γάρ
3466 5030 3685 5099 φύσέως

2099 5123 2449 5194 ἀνθρωπίνης
2498 5122 2677 5185 τοῦτο,
2720 5124 2845 5194 ὅρον
2901 5121 3049 5193 ζωῆς
3096 5123 3370 5191 λαϐούσης
3432 5124 3570 5192 μετά
3620 5124 3685 5176 τὸ

2100 5216 2396 5287 ἐπιτίμιον,
2430 5218 2522 5268 καί¹
2575 5216 2675 5283 τὴν
2736 5216 2915 5285 σάρκα
2963 5216 3018 5269 δὲ
3052 5215 3129 5283 τῷ
3165 5215 3381 5286 θανάτῳ
3424 5215 3681 5269 ἀθανατί-

2101 5326 2290 5377 σαντα,
2321 5310 2419 5362 οὐκ
2459 5305 2526 5379 ἦν
2560 5308 2786 5362 δυνατὸν
2840 5306 2997 5370 αὖθις
3041 5309 3281 5377 ὁρᾶσθαι
3318 5307 3551 5375 θνητοῖς,
3583 5307 3682 5359 καὶ

2096 5401 2317 5453 ἀσεϐέσι
2372 5401 2573 5469 μᾶλλον
2630 5400 2662 5470 ἢ
2720 5400 3138 5471 πλημμελοῦσιν
3197 5397 3530 5469 ἀνθρώποις,
3582 5398 3682 5451 καὶ

2097 5493 2304 5545 τούτων
2337 5493 2582 5562 ἐνεργεῖν
2610 5492 2710 5561 τὴν
2740 5492 3046 5545 ἀνάπλασιν
3070 5508 3086 5525 ο
3128 5492 3211 5544 ὅτι
3238 5492 3329 5543 καὶ
3361 5491 3491 5560 παρ’
3520 5489 3682 5555 ἀξίαν

2095 5583 2191 5637 τοῦ
2252 5582 2396 5636 θείου
2471 5585 2566 5638 καὶ
2626 5582 2909 5653 ἀφθάρτου
2966 5585 3062 5637 καὶ
3127 5584 3367 5651 ἀλήπτου
3426 5586 3685 5652 σώματος

2097 5679 2307 5733 ἐκείνου
2342 5678 2502 5732 τοῦτο
2538 5676 2626 5751 ἦν,
2664 5679 2761 5732 καὶ
2811 5679 2898 5733 ὅτι
2944 5680 3065 5732 οὐδὲ
3120 5680 3271 5749 παρὰ
3315 5678 3538 5731 πάντων
3587 5680 3684 5731 ἀν-

402 5764 634 5820 lstorum
682 5762 896 5831 operari
946 5762 1387 5822 reformationem
1420 5784 1432 5822 :
1467 5767 1593 5838 quia
1638 5768 1803 5823 etiam
1852 5768 1983 5826 illud

2101 5769 2331 5842 θρῴπων
2372 5770 2703 5841 αὑτεξουσίῳ
2752 5770 3075 5843 χρωμένων,
3104 5768 3483 5825 ὑπακούεσθαι
3526 5764 3676 5839 εἶχεν
