4064 6204
368 209 460 274 961

369 419 466 474 καὶ
489 419 656 476 πάλιν
704 422 1043 478 ἀθετεῖσθαι.
1080 425 1190 479 Καὶ
1220 430 1268 481 ει
1312 429 1540 484 δυνατὸν
1571 433 1826 502 πάσχειν,
1857 437 1948 488 καὶ

371 511 628 582 θνήσκειν
669 513 984 584 ἀπειράκις,
1017 517 1092 580 ὡς
1121 521 1216 574 καὶ
1245 520 1489 594 ὴθετήθη
1521 524 1616 576 καὶ
1650 525 1948 590 ἀθετεῖται,

372 605 468 658 καὶ
505 603 676 658 ἔπαθε
729 612 824 660 καὶ
878 607 1080 676 πάσχει
1131 610 1298 664 πάλιν
1349 611 1438 665 διὰ
1471 613 1578 666 τῶν
1614 615 1779 668 αὐτοῦ
1811 617 1951 670 πάν-

373 712 495 748 τοτε
553 698 872 766 πασχόντων
925 700 1064 767 ὑπὲρ
1133 701 1338 756 αὐτοῦ·
1388 705 1477 758 διὰ
1539 706 1712 759 ταῦτα
1769 707 1952 761 τοίνυν

375 787 536 848 αὐτὸς
567 788 664 856 μὲν
692 789 995 860 ἀνελήφθη.
1039 794 1154 845 Καὶ
1182 793 1342 847 τοῦτο
1369 796 1540 849 ποιῶν
1571 797 1712 867 ὑπὲρ
1739 799 1898 868 ἡμῶν
1925 800 1951 851 ὁ

376 878 697 947 ἁχωρίστως
750 881 926 948 μένων
975 887 1032 936 ἐν
1069 885 1290 949 κόλποις
1349 891 1462 948 τοῖς
1521 889 1954 956 Πατρικοῖς,καὶ

379 969 655 1038 πανταχοῦ
687 971 880 1040 παρὼν
911 973 1167 1036 πάντοτε,
1196 977 1256 1030 τὸ
1295 977 1454 1046 σῶμα
1483 980 1832 1050 συνανυψῶν,
1859 980 1956 1032 καὶ

379 1061 457 1132 τῷ
505 1065 678 1132 Πατρὶ
713 1066 1008 1134 προσάγων
1039 1067 1114 1129 ὡς
1151 1067 1346 1136 δῶρον,
1371 1072 1466 1122 καὶ
1494 1071 1752 1142 σύνεδρον
1787 1072 1958 1124 ποιῶν

380 1153 514 1216 ἄνω,
539 1153 794 1223 ὑπεράνω
834 1156 1015 1224 πάσης
1061 1158 1239 1227 ἀρχῆς
1281 1161 1376 1212 καὶ
1406 1159 1660 1225 ἐξουσίαις
1716 1163 1812 1215 καὶ
1865 1163 1958 1216 δυ-

381 1247 620 1314 νάμεως,
648 1249 721 1310 ὡς
749 1249 852 1316 ἔφη
881 1251 1117 1315 Παῦλος,
1141 1255 1652 1324 καταστησάμενος,
1679 1255 1842 1326 373
1865 1257 1959 1310 καὶ

382 1339 614 1408 ὁμόθεον
649 1341 964 1407 ἀποδείξας,
1001 1344 1359 1414 δοξαζόμενον
1411 1349 1509 1402 καὶ
1545 1349 1962 1416 προσκυνούμε-

382 1449 474 1485 νον
504 1433 656 1503 παρὰ
712 1435 892 1506 πάσης
946 1435 1044 1499 τῆς
1106 1439 1372 1506 κτίσεως,
1427 1437 1455 1492 ὂ
1489 1440 1586 1493 καὶ
1633 1440 1774 1510 ὑπὲρ
1805 1441 1960 1510 ἡμῶν

383 1525 467 1577 ἀεὶ
501 1529 700 1588 κεῖται,
754 1526 902 1595 θῦμα
950 1529 1048 1582 καὶ
1094 1533 1464 1600 προσφέρεται
1511 1529 1588 1600 τῷ
1631 1533 1830 1604 Πατρὶ,
1865 1533 1960 1586 καὶ

385 1619 738 1688 παράκλητός
787 1624 902 1674 ἐστι
931 1663 945 1685 ,
995 1623 1088 1675 καὶ
1127 1623 1380 1692 ίλασμδς,
1419 1625 1514 1678 καὶ
1545 1625 1824 1694 λυτήριον,
1865 1625 1959 1678 καὶ

389 1712 614 1780 μετοχὴ,
649 1711 744 1764 καὶ
780 1713 982 1782 δῶρον,
1033 1716 1126 1766 καὶ
1161 1713 1450 1784 βραὸῖῖον,
1503 1717 1598 1770 καὶ
1631 1718 1781 1770 πᾶσα
1817 1715 1958 1770 ἀπό-

385 1801 596 1866 λαυσις.
652 1803 808 1858 Ἐπεὶ¹
867 1805 960 1858 οὖν
997 1805 1174 1859 ταῦτα
1217 1809 1388 1874 οὕτως
1446 1809 1764 1876 ἐξετελέσθη
1797 1850 1812 1874 ,
1863 1809 1960 1863 καὶ

388 1913 423 1948 α
585 1899 684 1966 μὲν
715 1899 758 1952 ά·
779 1917 825 1952 ω
871 1905 925 1952 ’κ
957 1900 1144 1964 δεξιῶν
1179 1900 1274 1954 τοῦ
1305 1902 1540 1972 Πατρδς,
1568 1904 1616 1955 οἱ
1661 1902 1960 1972 σωζόμενοι

387 1987 442 2042 δὲ
473 1988 567 2042 τοῦ
593 1989 858 2052 σώζοντος
887 1994 944 2044 ὲν
977 1993 1137 2064 χρείᾳ
1183 1995 1340 2058 εἰσιν,
1383 1995 1409 2046 ὁ
1451 1993 1641 2064 Σωτὴρ
1673 1993 1772 2064 τὴν
1799 1995 1962 2064 χάριν

385 2081 480 2134 τοῦ
536 2085 804 2152 σωτηρίου
826 2123 840 2146 ,
875 2083 920 2136 ὢ
972 2087 1068 2146 τὶς
1119 2083 1326 2152 πολλῆς
1361 2085 1810 2156 εὐσπλαγχνίαςῑ
1851 2089 1964 2150 τοῖς

387 2173 524 2238 ίσοις
555 2175 650 2246 τὴν
683 2176 846 2246 φύσιν
878 2177 1001 2246 ἦτοι
1035 2177 1420 2246 ὀμοιοπαθέσιν
1477 2179 1818 2250 ἀνθρώποις,
1851 2185 1964 2244 τοῖς

367 2268 722 2338 ’σωζομένοις
825 2271 1182 2340 παρέσχετο·
1243 2272 1364 2323 ἐπεὶ
1416 2271 1512 2325 καὶ
1569 2273 1730 2336 αὐτὸς
1792 2274 1964 2327 σῶσαι

387 2357 560 2414 θέλων
616 2361 940 2431 ἀνθρώπους
967 2405 980 2426 ,
1019 2364 1142 2416 κατ’
1197 2363 1520 2430 ἀνθρώπους
1571 2365 1790 2430 ἐγένετο
1819 2382 1834 2398 ·
1867 2368 1966 2420 οὐκ

388 2452 642 2520 ἀγγέλοις
673 2455 834 2507 τοῦτο
855 2453 1180 2524 παρασχὼν,
1213 2455 1288 2517 ὡς
1327 2456 1562 2526 εἴρηται,
1596 2457 1678 2509 ὅτι
1707 2457 1820 2510 οὐδ’
1862 2461 1964 2528 ἀγ-

391 2546 569 2612 γέλοις
598 2545 806 2616 ἡνώθη,
841 2549 890 2600 εἰ
923 2549 1000 2615 μὴ
1033 2549 1242 2617 νοητώ;
1291 2548 1476 2616 μόνον·
1505 2549 1628 2602 οὐδὲ
1657 2550 1766 2620 γὰρ
1799 2552 1960 2620 χρεία

391 2639 602 2701 τούτοις
638 2639 1056 2701 ἁνακαινίσεως.
1087 2640 1349 2709 Σωτῆρας
1383 2639 1476 2692 οῦν
1512 2640 1626 2694 ἀντ’
1659 2641 1848 2704 αὑτοῦ,
1873 2645 1968 2696 καὶ

392 2731 582 2801 ψυχῶν
644 2733 912 2796 πλάστας,
974 2734 1068 2785 καὶ
1125 2733 1262 2804 προς
1301 2735 1536 2804 οὐρανὸν
1589 2735 1840 2802 ὁδηγοὺς,
1875 2737 1968 2789 καὶ

396 2826 534 2893 φῶς,
587 2831 678 2876 καῖ
733 2827 896 2894 ζωὴν,
935 2827 1032 2879 καὶ
1083 2828 1376 2897 Πατέρας,
1411 2827 1508 2881 καὶ
1553 2829 1821 2898 ποιμένας
1875 2833 1968 2883 καὶ

394 2919 684 2986 φύλακας,
719 2921 846 2978 τοὺς
881 2920 1046 2986 ἱερεῖς
1089 2919 1504 2988 κατεστήσατο,
1541 2919 1641 2989 τὴν
1677 2919 1843 2972 αὑτοῦ
1885 2921 1970 2972 δύ-

1686 229 1782 291 DE
1822 231 2312 301 SACERDOTIU.
3321 295 3328 300 -

369 329 436 382 ἂν
468 329 562 382 καὶ
594 329 662 381 τὰ
713 329 853 400 ὑπὲρ
885 332 1066 386 αὐτῶν
1123 311 1388 406 ἐνεργεῖν,
1435 337 1624 408 ἔμελλε
1659 341 1714 394 δὲ
1747 344 1954 412 μᾶλλον

2066 360 2178 406 erat
2211 351 2340 408 huic
2379 361 2588 420 sancto,
2633 369 2800 424 porro
2833 365 2886 411 et
2924 357 3258 429 impalpabili
3297 366 3514 434 corpori
3550 365 3634 421 in-

3529 253 3635 320 962

2051 445 2418 510 conveniens;
2452 447 2576 515 quia
2609 447 2848 515 denique
2879 463 3060 504 coram
3095 453 3350 510 omnibus
3399 455 3634 512 homini-

2052 537 2152 590 bus
2187 535 2359 590 libero
2393 538 2622 592 arbitrio
2661 540 2948 594 utentibus
2981 557 3086 595 non
3123 544 3300 610 potuit
3330 559 3490 614 agere
3517 562 3636 616 qua:

2054 643 2149 695 pro
2203 629 2312 682 illis
2368 628 2558 692 subiit,
2593 631 2754 700 elegit
2793 634 2976 701 potius
3013 633 3210 688 iterum
3247 637 3538 705 exinaniri,
3585 651 3638 692 et

2053 731 2316 788 (maritum
2359 734 2544 792 posset
2573 727 2680 794 pati
2713 735 2767 780 et
2785 728 2920 780 mori
2953 727 3168 792 millies,
3196 739 3250 783 et
3281 729 3421 782 ultra
3447 770 3462 792 ,
3497 732 3638 786 sicut

2054 811 2366 866 exinanitus
2417 823 2500 868 est
2562 823 2614 870 et
2667 817 3000 882 exinanitur,
3036 835 3222 884 passus
3251 829 3413 874 estet
3441 823 3638 888 patitur

2057 918 2154 970 per
2185 918 2316 958 suos
2370 906 2637 962 continuo
2669 909 2912 976 quotidie
2963 927 3061 978 pro
3095 911 3188 964 illo
3242 913 3508 980 patientes
3537 931 3552 967 :
3585 923 3640 968 el

2059 1005 2348 1063 propterea
2381 999 2500 1064 ipse
2527 1000 2776 1053 ascendit
2799 1001 2854 1054 in
2882 1003 3102 1058 coelum.
3135 1002 3196 1056 Et
3223 1002 3326 1056 hoc
3354 1020 3450 1071 pro
3483 1004 3642 1058 nobis

2059 1083 2184 1138 fecit
2206 1085 2294 1155 qui
2318 1087 2385 1140 ab
2408 1097 2614 1142 aeterno
2634 1104 2815 1144 manet
2839 1095 2890 1144 in
2906 1093 3026 1146 sinu
3047 1092 3242 1156 Patris;
3265 1105 3424 1162 atque
3441 1096 3641 1164 ubique

2059 1186 2270 1242 semper
2297 1189 2538 1242 praesens
2563 1186 2680 1230 est:
2719 1193 2920 1247 corpus
2962 1195 3118 1234 suum
3153 1184 3422 1238 extollens
3451 1200 3638 1238 coram

2061 1261 2219 1318 Patre
2253 1265 2542 1320 collocavit
2591 1270 2743 1338 quasi
2791 1271 2995 1326 donum
3031 1273 3283 1328 humana:
3325 1286 3554 1338 natura‘,
3585 1285 3644 1331 et

2062 1359 2250 1411 sedere
2283 1358 2410 1414 fecit
2443 1361 2494 1414 in
2526 1362 2664 1416 cmlo
2693 1379 2706 1416 :
2747 1382 2765 1414 ι
2797 1363 2974 1433 Super
3003 1380 3218 1420 omnem
3253 1368 3638 1436 principatum,

2061 1459 2458 1518 etpntestatem
2487 1463 2540 1507 et
2567 1455 2849 1522 virtutem,
2867 1476 2884 1508 ι
2924 1467 2982 1511 ιιι
3005 1459 3078 1511 ait
3105 1459 3306 1514 Paulus
3328 1465 3370 1514 ³.
3395 1461 3644 1528 llludque

2063 1543 2523 1611 corpusdeiﬁcum
2551 1548 2778 1614 praebuit
2797 1549 3154 1618 gloriﬁcatum
3175 1563 3226 1606 et
3249 1553 3534 1606 adoratum
3554 1569 3645 1606 sn-

2065 1645 2160 1698 per
2185 1646 2402 1686 omnem
2427 1635 2782 1696 creationem,
2825 1645 2881 1691 et
2939 1641 3177 1708 denique
3204 1642 3503 1694 constituta
3545 1657 3646 1710 pro

2069 1723 2222 1778 nobis
2257 1723 2312 1776 in
2344 1733 2604 1778 aeternum
2623 1727 2842 1782 victima
2873 1728 3102 1782 oil'ertnr
3121 1731 3228 1785 Deo
3255 1733 3396 1786 Patri
3425 1733 3647 1800 :sicqne

2069 1813 2186 1881 ipse
2236 1825 2318 1870 est
2353 1817 2662 1872 consolator
2689 1831 2897 1884 noster,
2934 1823 3250 1890 propitiatio
3317 1833 3526 1889 nostra,
3561 1839 3648 1878 re-

2069 1907 2314 1978 demptio
2345 1919 2553 1976 nostra,
2586 1927 2711 1981 pars
2739 1923 2947 1980 nostra,
2975 1915 3178 1969 donum
3219 1925 3488 1980 nostrum,
3523 1917 3648 1970 bra-

2069 2001 2214 2054 rium
2241 2011 2512 2068 nostrum,
2537 2005 2824 2074 omnisque
2850 2005 3058 2060 fructus
3085 2019 3272 2062 noster
3293 2017 3344 2060 et
3368 1995 3652 2076 gaudium;

2071 2093 2364 2164 Postquam
2393 2112 2522 2167 ergo
2559 2098 2670 2154 haec
2703 2098 2774 2152 ita
2809 2099 3143 2168 adimplevit,
3182 2111 3234 2153 et
3267 2100 3299 2166 i:
3325 2115 3382 2154 se
3413 2103 3560 2152 sedet
3593 2100 3647 2154 in

2071 2187 2211 2242 cmlo
2257 2188 2322 2242 ad
2361 2189 2640 2243 dexteram
2695 2189 2889 2254 Patris,
2925 2193 3112 2245 salvati
3149 2201 3330 2246 autem
3365 2191 3648 2246 Salvatore

2073 2278 2388 2350 iudigentet
2413 2281 2726 2344 Salvator,0
2763 2283 2977 2350 pietatis
3011 2283 3216 2338 inﬁnita
3245 2285 3486 2354 dignatio
3515 2286 3528 2339 l
3562 2301 3650 2338 sa-

2073 2371 2202 2424 lutis
2235 2372 2488 2442 gratiam,
2521 2373 2832 2426 hominibus
2859 2373 2960 2428 sibi
2997 2386 3188 2428 natura
3217 2385 3268 2430 et
3302 2376 3550 2444 passione
3577 2377 3652 2430 si-

2075 2463 2290 2516 milibus
2339 2464 2527 2518 tribuit
2570 2481 2586 2518 :
2627 2466 2838 2520 salvere
2883 2467 3068 2522 volens
3101 2468 3376 2534 homines,
3413 2470 3648 2524 homini-

2075 2555 2174 2606 bus
2225 2555 2417 2609 similis
2451 2555 2625 2612 factus
2669 2568 2772 2612 est.
2813 2557 2930 2612 Non
2953 2559 3179 2629 angelis,
3225 2563 3508 2616 utdictum
3539 2573 3644 2626 est,

2077 2646 2180 2698 tale
2211 2647 2444 2700 contulit
2471 2648 2794 2702 beneﬁcium
2825 2659 2882 2704 ut
2919 2650 3234 2720 angelorum
3267 2661 3514 2706 naturam
3547 2654 3649 2708 sibi

2077 2741 2256 2791 unirct
2283 2754 2348 2790 ne
2377 2739 2594 2807 quidem
2633 2741 3110 2806 intellectualitcr;
3151 2742 3250 2811 ipsi
3279 2759 3386 2796 non
3421 2745 3652 2812 egebant

2080 2831 2450 2884 renovatione.
2491 2832 2592 2884 Pro
2622 2849 2680 2886 se
2721 2849 2848 2902 ergo
2877 2834 3196 2888 sacerdotes
3225 2836 3509 2890 constituit
3540 2837 3649 2891 sal-

2083 2932 2314 2986 vatores,
2335 2925 2638 2976 animarum
2679 2923 3029 2988 formatorks,
3055 2927 3310 2982 ductores
3339 2929 3392 2981 in
3431 2929 3650 2992 caelum,

393 3025 558 3080 ναμιν
603 3007 999 3078 κεκτημένους·
1052 3009 1150 3077 οὐχ
1201 3009 1342 3080 ὑπὲρ
1416 3010 1629 3062 ἑαυτῶν
1678 3009 1969 3078 γεγονότας

2081 3013 2286 3076 lumen,
2318 3013 2504 3076 vitam,
2555 3023 2760 3081 patres,
2816 3024 3064 3084 pastores
3109 3026 3164 3072 et
3195 3019 3476 3081 custo-ies;
3531 3016 3652 3086 ejus

395 3104 514 3157 οὐδὲ
548 3103 615 3156 δι’
656 3103 854 3164 αὐτοὺς
904 3101 1100 3171 μόνον,
1151 3103 1266 3156 ἀλλ’
1307 3105 1447 3174 ὑπὲρ
1497 3104 1676 3158 ἄλλων
1715 3103 1872 3156 τοῦτὸ
1905 3120 1967 3172 γε
1998 3091 2042 3111 ”

395 3199 794 3258 καταστάντας.
1715 3267 1718 3270 Α

467 3291 828 3362 Φροντιστέον
878 3288 1060 3342 τοὲνυν
1113 3288 1288 3358 ὁπόση
1347 3290 1600 3357 δύναμις,
1630 3290 1704 3354 ὡς
1735 3291 1872 3360 πρὸς
1910 3289 1972 3342 τὸ

396 3381 488 3436 τοῦ
529 3380 832 3449 μυστηρίου
871 3379 1004 3444 ὕψος
1055 3379 1286 3440 ἑαυτοὺς
1337 3379 1558 3440 ἱκανοὺς
1606 3379 1869 3450 παρέχειν
1897 3380 1973 3442 ὡς

398 3475 674 3543 ἐγχωρεῖ·
707 3473 782 3536 ὡς
839 3472 1048 3543 ὀφείλει
1087 3471 1228 3524 Θεοῦ
1283 3471 1517 3540 δύναμιν
1568 3475 1662 3526 καὶ
1721 3473 1974 3536 ἐξουσίαν

399 3567 494 3618 καὶ
533 3571 691 3630 χάριν
746 3568 838 3619 ἐπὶ
882 3567 984 3632 γῆς
1025 3582 1178 3629 τινας
1225 3565 1636 3634 κεκτημένους·
1672 3564 1768 3616 καὶ¹
1803 3561 1976 3624 οὕτως

396 3659 494 3729 οῦχ
525 3660 755 3722 ἑαυτοὺς
815 3659 976 3728 μόνον
1023 3659 1254 3726 ὠφελεῖν
1297 3655 1649 3725 δυναμένους,
1685 3655 1821 3710 ἀλλὰ
1867 3655 1976 3706 τῶν

401 3752 616 3805 πολλῶν
667 3751 828 3820 χάριν
867 3752 1070 3820 μᾶλλον
1105 3750 1304 3812 αὐτοὺς
1337 3748 1630 3818 παρέχειν·
1677 3748 1772 3798 καὶ
1819 3746 1978 3798 τοῦτο

403 3845 570 3914 μέχρι
605 3845 860 3897 θανάτου·
903 3841 1048 3896 οὕτω
1082 3843 1176 3896 καὶ
1205 3844 1317 3914 γὰρ
1344 3841 1404 3893 τὸ
1438 3839 1781 3909 ἁρχέπυπον.
1821 3856 1838 3889 ι
1867 3838 1977 3908 Τὴν

397 3939 578 4009 ψυχήν
613 3955 716 4006 μου
745 3937 874 4006 γὰρ,
907 3938 1061 4006 φησι,
1089 3935 1283 4006 τίθημι
1312 3933 1452 4004 ὑπὲρ
1475 3933 1586 3988 τῶν
1618 3932 1930 4004 προϐάτιον.
1953 3951 1972 3982 ι

399 4035 509 4086 Καὶ
572 4033 777 4100 Πέτρος
824 4030 904 4092 δὲ,
948 4049 964 4080 ι
1005 4028 1278 4096 Χριστὸς,
1333 4029 1519 4097 φησιν,
1577 4025 1783 4080 ἔπαθεν
1833 4025 1976 4094 ὑπὲρ

397 4124 576 4193 ἡμῶν.
614 4143 632 4175 ι
669 4123 772 4176 Καὶ
805 4121 1016 4184 Παῦλος
1037 4121 1165 4188 περὶ¹
1193 4120 1282 4172 τοῦ
1329 4121 1539 4190 [ἰατρὸς
1575 4119 1755 4186 λέγει·
1809 4137 1828 4170 ι
1878 4119 1977 4179 Ὃς

399 4216 498 4270 τοῦ
537 4218 668 4270 ἰδίου
715 4215 850 4270 Υίοῦ
905 4215 1008 4269 οὐκ
1078 4217 1382 4282 ἐφείσατο,
1447 4213 1562 4268 ἀλλ’
1627 4215 1770 4283 ὑπὲρ
1820 4213 1981 4282 ἡμῶν

399 4310 620 4364 πάντων
652 4312 974 4380 παρέδωκεν
1004 4313 1218 4364 ἑαυτὸν.
1271 4329 1290 4361 ι
1321 4309 1432 4364 Καὶ
1467 4307 1642 4362 ταῦτα
1693 4308 1792 4376 μὲν
1823 4308 1980 4360 κοινὰ

2079 3103 2332 3158 virtutem
2371 3105 2549 3173 adepti
2597 3115 2725 3158 sunt
2751 3115 2806 3160 et
2853 3107 2918 3159 ad
2963 3108 3066 3182 hoc
3096 3107 3376 3162 constituti
3415 3124 3520 3160 non
3555 3123 3655 3176 pro

2075 3197 2270 3264 seipsis
2297 3198 2468 3250 solum
2505 3199 2800 3268 et'prOpter
2829 3200 3058 3268 seipsos,
3077 3201 3170 3254 sed
3202 3217 3298 3270 pro
3324 3201 3444 3256 aliis
3463 3201 3652 3256 etiam.

2145 3286 2614 3343 Considerandum
2651 3303 2732 3344 est
2773 3291 2936 3361 igitur
2974 3301 3174 3362 quanta
3218 3293 3290 3346 sit
3347 3293 3462 3348 haec
3501 3305 3658 3363 pote-

2075 3391 2204 3444 stas,
2254 3390 2310 3432 nt
2343 3382 2608 3450 nosipsos
2661 3383 2888 3440 ideneos
2937 3387 3180 3456 prtcbere
3205 3389 3270 3440 ad
3325 3387 3656 3456 altissimum

2076 3469 2205 3522 illud
2227 3473 2542 3540 mysterium
2589 3491 2686 3544 pro
2715 3476 2922 3530 viribus
2943 3455 3274 3546 Satagamns.
3318 3479 3408 3534 Sic
3443 3455 3658 3548 oportet

2077 3561 2338 3628 quosdam
2383 3579 2550 3630 super
2585 3575 2785 3618 terram
2827 3567 3056 3637 adipisci
3100 3572 3190 3624 Dei
3226 3571 3527 3630 virtutem.
3559 3589 3658 3626 au-

2077 3651 2384 3706 ctoritatem
2439 3663 2494 3708 et
2545 3655 2798 3724 gratiam,
2859 3667 2916 3711 ut
2977 3675 3086 3712 non
3153 3660 3327 3713 solum
3391 3661 3442 3712 in
3525 3676 3656 3729 pro-

2079 3743 2252 3812 priam
2313 3745 2601 3798 utilitatem
2633 3758 2950 3811 exerceant,
3001 3751 3098 3804 sed
3134 3761 3186 3804 et
3247 3751 3300 3804 in
3351 3753 3654 3822 profectum

2085 3837 2384 3892 multorum
2447 3839 2520 3892 illi
2553 3839 2786 3894 habeant
2846 3852 2900 3896 et
2972 3843 3216 3898 tribuant
3277 3846 3440 3900 etiam
3485 3861 3658 3914 usque

2080 3929 2146 3982 ad
2213 3939 2442 3982 mortem
2501 3931 2695 3998 parati.
2757 3931 2848 3986 Sic
2905 3934 3052 3986 enim
3105 3933 3232 3988 fecit
3291 3945 3346 3990 et
3373 3937 3508 3990 dixit
3569 3953 3654 3990 ar-

2082 4021 2374 4089 chetypum
2413 4030 2660 4074 nostrum
2700 4040 2714 4076 :
2777 4041 2794 4073 ι
2827 4023 3082 4078 Animam
3133 4041 3310 4080 meam
3368 4042 3512 4096 pono
3559 4042 3658 4096 pro

2083 4111 2274 4165 ovibus
2311 4113 2442 4166 lueis
2471 4112 2510 4166 ⁸.
2545 4130 2562 4162 ι
2605 4112 2800 4170 Petrus
2831 4125 3014 4171 autem
3051 4135 3064 4172 :
3111 4135 3128 4166 ι
3160 4118 3428 4180 Christus,
3462 4119 3656 4186 inquit,

2087 4221 2185 4273 pro
2226 4206 2386 4260 nobis
2429 4223 2622 4276 passm;
2651 4220 2756 4264 est.
2811 4229 2828 4261 ι
2869 4211 2936 4264 Ει
2971 4211 3169 4266 Paulus
3197 4215 3261 4266 de
3293 4211 3450 4266 Patre
3477 4213 3608 4266 dicit
3643 4229 3658 4266 :

2093 4317 2110 4348 ι
2142 4297 2368 4367 Pmprio
2395 4297 2534 4354 Filio
2561 4315 2659 4356 suo
2680 4316 2784 4356 non
2813 4303 3074 4372 pepercit,
3105 4306 3200 4356 sed
3233 4317 3332 4371 pro
3359 4302 3518 4356 nobis
3547 4318 3664 4356 om-

400 4404 570 4456 πᾶσιν
626 4403 854 4471 ἱερεῦσι·
894 4403 1037 4456 τίδὲ
1093 4405 1189 4456 καὶ
1238 4405 1348 4465 τοῖς
1381 4401 1442 4454 τδ
1496 4400 1637 4454 θεῖον
1669 4401 1858 4470 σχῆμα
1884 4401 1969 4454 καὶ

2087 4390 2248 4444 nibus
2282 4391 2501 4444 tradidit
2531 4392 2680 4446 illum
2707 4393 2762 4460 ⁷;
2800 4412 2818 4445 ι
2856 4403 2906 4448 ι-ι
2936 4391 3049 4448 lucc
3079 4394 3262 4448 omnia
3296 4395 3662 4449 communiter

403 4495 778 4565 σταυροφόρον
835 4495 1213 4563 ὲνδεδυμένοις
1261 4494 1322 4545 οὐ
1367 4493 1464 4562 τῆς
1515 4494 1788 4562 πτωχείας
1822 4491 1978 4544 τοῦτο

403 4587 630 4656 σημεῖον
662 4585 763 4638 τοῦ
816 4585 991 4654 Ἰησοῦ
1023 4604 1038 4650 ;
1071 4585 1179 4638 Τοῦ
1227 4585 1462 4653 σταυροῦ
1519 4584 1792 4652 σύμϐολόν
1831 4585 1974 4652 ἐστι,

399 4679 496 4732 τοῦ
521 4679 752 4733 θανάτου
791 4677 982 4742 είκὼν,
1009 4678 1148 4730 ὅλων
1176 4677 1288 4730 τῶν
1337 4677 1450 4731 ἄνω
1507 4675 1814 4744 μελέτημα,
1866 4677 1977 4730 τῶν

401 4771 555 4823 κάτω
587 4771 808 4823 πάντων
840 4767 1122 4829 ἀπόθεσις.
1147 4769 1238 4820 Διὸ
1277 4767 1372 4819 καὶ
1395 4769 1444 4819 οἱ
1475 4769 1532 4819 ὲν
1557 4767 1756 4834 γνώσει
1782 4767 1975 4820 τούτου

405 4862 606 4932 μύσται
637 4861 792 4927 ποτὲ,
821 4860 882 4912 τὸ
915 4859 1048 4926 ὕψος
1076 4859 1176 4930 τῆς
1211 4861 1362 4928 ἱερᾶς
1391 4859 1553 4928 δόξης
1590 4859 1842 4926 ἔφευγον·
1881 4860 1978 4930 οὐχ

399 4955 482 5008 ὅτι
518 4953 750 5023 φευκτὸν
775 4955 807 5022 ἡ
834 4952 1132 5024 ἱερωσύνη,
1170 4952 1288 5007 ἀλλ’
1317 4955 1398 5006 ὅτι
1445 4952 1638 5020 ἱκανῆς
1667 4952 1840 5006 δεῖται
1881 4952 1978 5002 καὶ

403 5045 648 5115 μεγάλης
705 5045 800 5114 τῆς
859 5045 1162 5114 μελλούσης
1211 5045 1522 5114 οἰκονομεῖν
1564 5045 1632 5096 τά
1692 5045 1815 5112 ἱερὰ
1842 5043 1978 5111 ἔργα

396 5135 594 5204 ψυχῆς·
627 5137 725 5188 καὶ
753 5135 1002 5206 καθαρᾶς
1052 5137 1154 5206 μὲν
1202 5137 1278 5199 ὼς
1322 5137 1572 5190 δυνατόν·
1611 5135 1898 5206 προθύμου
1923 5135 1978 5188 δὲ

399 5231 540 5298 ὑπὲρ
569 5227 842 5296 ὠφελείας
893 5227 1004 5280 τῶν
1051 5227 1324 5296 ἀδελφῶν·
1378 5229 1460 5282 δτι
1511 5230 1604 5282 καὶ
1643 5227 1782 5280 Θεοῦ
1818 5227 1980 5301 ἔργον

399 5321 496 5373 καὶ
525 5321 815 5388 ἀγαπητὸν
849 5319 1032 5389 αὐτῷ,
1067 5320 1164 5374 καὶ
1194 5319 1262 5372 δι’
1293 5319 1516 5388 ἀγάπην
1561 5319 1868 5386 δεδομένον,
1905 5319 1980 5382 ὡς

399 5410 492 5462 καὶ
521 5413 612 5464 τὸν
645 5411 854 5482 Πέτρον
887 5411 1124 5479 Χριστὸς
1151 5411 1374 5477 ἐδίδαξε.
1419 5411 1770 5481 Παρῃτοῦντο
1797 5411 1981 5464 τοίνυν

400 5502 474 5566 ὡς
509 5501 650 5574 ὑπὲρ
678 5504 876 5566 αὐτοὺς
923 5503 1272 5573 λογιζόμενοι
1319 5501 1420 5572 τὴν
1459 5503 1708 5572 μεγάλην
1750 5501 1980 5574 ἱερωσύ-

480 5685 500 5716 ⁵
527 5683 726 5756 Ephes.
753 5699 790 5754 ι,
817 5685 908 5742 Ἦ.

984 5683 1005 5715 ⁶
1035 5684 1192 5742 Joan.
1230 5701 1283 5753 ι,
1324 5685 1410 5738 lii.
1489 5685 1507 5713 ⁷
1543 5683 1698 5740 Rom.
1727 5699 1842 5752 vul,
1884 5685 1974 5740 ΒΞ.

2083 4483 2228 4536 dicta
2263 4492 2392 4536 sunt
2413 4485 2476 4538 de
2496 4481 2628 4538 .lesu
2657 4495 2712 4539 et
2739 4485 2807 4539 de
2827 4486 3080 4540 nulnibus
3103 4487 3498 4540 sacerdotibus.
3519 4487 3664 4552 Quid

2083 4575 2186 4630 sibi
2223 4577 2334 4629 vult
2366 4577 2511 4646 quod
2534 4577 2832 4632 induantur
2859 4589 3048 4632 sancto
3074 4580 3258 4633 habitu
3288 4589 3344 4634 et
3370 4580 3506 4634 stola
3537 4595 3663 4634 crn-

2083 4667 2238 4721 cibus
2283 4669 2520 4724 ornata?
2575 4686 2754 4727 nonne
2801 4671 2908 4726 hoc
2939 4681 3028 4724 est
3059 4673 3272 4738 signum
3317 4675 3662 4742 paupertatis

2083 4757 2254 4814 Jesu?
2285 4759 2482 4816 Crucis
2521 4761 2816 4816 Dominicm
2845 4763 3152 4840 symbolum
3185 4771 3288 4828 est,
3335 4767 3522 4822 mortis
3547 4765 3662 4832 ejus
3717 4767 3726 4774 ’

2087 4852 2284 4922 imago,
2323 4853 2628 4908 etelestium
2666 4853 2906 4908 omnium
2939 4855 3278 4920 exercitatio,
3313 4865 3658 4910 terrenarum

2086 4945 2386 4999 evacuatio.
2455 4943 2660 5000 Idcirco
2731 4945 2952 5014 quidam
3024 4947 3339 5015 spirituales
3408 4949 3662 5004 homines

2082 5039 2192 5108 jam
2249 5037 2557 5092 ministerio
2615 5053 2774 5092 sacro
2825 5039 3020 5093 initiati
3075 5040 3364 5108 aliquando
3405 5041 3658 5094 ultimum

2086 5131 2283 5185 divina:
2301 5131 2482 5200 gloria:
2505 5129 2718 5186 culmen
2747 5131 3074 5201 cﬂ‘ugerunt,
3098 5147 3206 5186 non
3239 5132 3382 5202 quod
3412 5135 3663 5188 sacerdo-

2091 5221 2224 5276 tiqu
2275 5223 2346 5276 sit
2389 5221 2624 5290 quodam
2679 5223 2840 5279 modo
2882 5223 3274 5290 eﬂ‘ugiendum,
3307 5227 3401 5280 sed
3438 5229 3662 5282 timetur

2088 5313 2212 5382 quia
2246 5313 2312 5366 ad
2352 5311 2482 5368 illud
2514 5311 2750 5368 ofﬁcium
2785 5326 2838 5370 et
2872 5317 3114 5386 regimen
3142 5326 3453 5372 sanctarum
3481 5333 3661 5372 rerum

2091 5403 2389 5473 requiritur
2415 5418 2570 5460 mens
2595 5405 2820 5460 omnino
2849 5419 2974 5476 apta
3009 5415 3062 5461 et
3101 5407 3367 5462 altissima
3403 5411 3664 5464 maxima-

2089 5511 2195 5566 que
2223 5495 2474 5566 sapiens;
2495 5507 2548 5554 οι
2571 5511 2734 5568 quam
2767 5499 3096 5570 purissima;
3120 5501 3346 5570 zeloquc
3375 5502 3426 5556 in
3455 5503 3662 5556 bonum
