4064 6204
384 182 494 246 963

1236 181 1614 243 SYMEONIS
1651 180 2400 244 THESSALONICENSIS
2440 180 2793 245 ARCHIEP.

3545 178 3652 242 964

380 304 613 359 fratrum
649 303 1067 377 ﬂagrantissima
1093 321 1110 370 ;
1144 311 1198 358 et
1229 303 1354 373 quia
1389 302 1494 358 hoc
1525 311 1609 357 est
1641 316 1782 372 opus
1809 303 1903 357 Dei
1932 345 1946 368 ,

2066 320 2160 373 νην
2189 304 2238 355 οἰ
2270 301 2702 372 ταπεινόφρονες
2726 284 2934 355 ⁶ἐκεῖνοι
2961 300 3223 372 Πατέρες.
3260 297 3376 354 Νὖν
3405 299 3462 352 δέ
3498 300 3654 369 παρὰ

381 399 536 466 cujus
583 398 658 452 illi
707 412 834 451 cura
878 408 962 451 est
992 411 1181 451 amore
1213 403 1269 449 et
1311 396 1660 449 aemulatione
1696 395 1877 464 plena,
1908 404 1963 449 ct

381 490 552 544 amori
582 490 838 544 mercede
879 492 1163 550 donatum,
1199 486 1340 541 sicut
1366 487 1618 541 Christus
1647 485 1834 541 docuit
1859 486 1962 540 Pe-

380 590 526 635 trum
555 581 596 635 ⁸.
638 580 882 635 Summis
913 583 1078 651 igitur
1102 581 1360 651 precibus
1390 597 1449 635 se
1481 582 1834 643 excusabant,
1868 597 1962 633 ex-

381 674 562 743 emplo
593 674 814 729 Patrum
859 674 1076 728 illorum
1118 674 1208 743 qui
1237 690 1345 742 pra:
1370 672 1681 727 humilitate
1708 688 1872 741 supra
1901 688 1960 726 se

379 782 500 821 esse
524 766 887 821 sacerdotium
916 767 1333 836 profitebantur.
1364 766 1529 835 Atqui
1555 766 1621 819 ah
1649 767 1960 821 hominibus

380 860 485 914 illis
519 860 818 927 praesertim
854 870 975 928 post
1035 870 1347 929 susceptum
1384 861 1629 913 habitum
1671 861 1958 913 recusaba-

378 963 468 1006 tur
499 954 863 1007 sacerdotium
895 998 909 1019 ,
942 970 1079 1023 quos
1117 964 1338 1023 propter
1378 954 1559 1007 meriti
1593 953 1955 1007 eminentiam

380 1056 436 1100 et
470 1063 619 1115 pune
653 1048 773 1101 vitm
804 1048 1180 1101 excellentiam
1212 1089 1226 1113 ,
1259 1048 1414 1099 multi
1450 1046 1645 1115 dignos
1672 1046 1957 1113 judicare-

381 1146 506 1190 rant
544 1153 556 1187 :
599 1137 727 1190 illud
764 1139 910 1191 enim
943 1138 1167 1191 timetur
1198 1138 1266 1191 ab
1301 1138 1481 1191 anima
1517 1136 1640 1190 forti
1673 1146 1727 1191 et
1757 1136 1958 1190 imma-

379 1233 553 1285 culata
582 1248 779 1300 :porro
804 1230 1027 1295 candOr,
1056 1230 1363 1285 innocentia
1397 1240 1452 1283 et
1487 1231 1660 1297 pietas
1684 1230 1810 1283 huic
1845 1244 1957 1281 ma-

380 1325 525 1376 x‘me
560 1324 894 1376 conveniunt
940 1322 1289 1391 professioni.
1326 1322 1382 1374 Et
1424 1321 1514 1376 hic
1547 1319 1838 1374 multorum
1875 1331 1957 1375 est

380 1415 552 1466 honor
583 1414 1083 1481 splendidissimus,
1115 1414 1349 1466 maxime
1375 1428 1563 1465 eorum
1593 1414 1680 1479 qui
1720 1420 1848 1465 sunt
1888 1427 1953 1464 ex

382 1505 661 1569 Ecclesia;
708 1507 798 1574 qui
848 1514 1135 1573 tantopere
1182 1515 1259 1559 est
1315 1504 1519 1559 virtute
1555 1512 1608 1556 et
1659 1504 1957 1558 stabilitate

378 1595 615 1649 donatus
650 1604 709 1648 ut
737 1596 847 1649 fere
878 1597 1043 1649 totius
1070 1596 1326 1649 Ecclesiae
1361 1595 1584 1659 familia,
1617 1610 1647 1648 a
1674 1595 1955 1649 monachis

379 1688 533 1756 dirigi
570 1689 872 1743 videretur.
900 1687 955 1741 Si
978 1682 1127 1743 enim
1158 1700 1415 1742 accurate
1444 1689 1725 1769 inquirash
1744 1689 1833 1743 vix
1869 1689 1951 1742 in-
1995 1674 2031 1726 Β

381 1782 569 1836 venias
614 1781 851 1849 aliquam
898 1796 926 1833 a
961 1782 1167 1835 szeculo
1200 1780 1268 1835 ad
1324 1782 1688 1837 hierarchiam
1730 1790 1954 1837 ‘sacram

378 1881 629 1925 evectum
659 1871 829 1927 fuisse
865 1889 879 1925 :
915 1874 1017 1926 hoc
1053 1873 1209 1937 quasi
1258 1884 1409 1927 sorte
1444 1874 1728 1928 monachis
1778 1889 1959 1928 reser-

381 1972 538 2017 vatur
571 1982 583 2017 :
614 1975 665 2018 et
707 1964 852 2020 nosti
889 1966 1031 2033 quod
1069 1966 1112 2019 si
1152 1966 1245 2034 qui
1278 1966 1343 2020 ad
1387 1982 1574 2021 sacros
1623 1967 1845 2023 ordines
1878 1968 1960 2022 di-

378 2056 633 2124 riguntur
662 2071 726 2111 ex
764 2057 1036 2111 mundana
1078 2058 1207 2120 vita,
1255 2059 1357 2112 hoc
1383 2059 1449 2112 ab
1477 2059 1721 2113 Ecclesia
1763 2075 1960 2115 conce-

380 2148 528 2202 ditur
579 2157 638 2201 ιιι
686 2150 1085 2203 monachorum
1138 2151 1321 2203 hahitu
1360 2152 1596 2221 primum
1631 2153 1956 2207 induantur.

382 2244 489 2297 Sed
525 2244 651 2297 dmn
707 2245 821 2299 [nec
868 2244 1108 2299 fidelium
1164 2246 1494 2299 existimatio
1538 2255 1595 2300 et
1650 2248 1957 2315 pra'sertim

382 2347 697 2391 sanctorum
757 2339 849 2406 qui
902 2339 954 2392 in
1011 2338 1253 2392 Ecclesia
1302 2348 1568 2409 praesunt,
1622 2355 1796 2393 sacra:
1837 2343 1961 2395 huic

382 2428 713 2494 profcssioni
748 2430 1047 2483 secundum
1084 2431 1363 2485 cmlestem
1396 2445 1644 2485 normam
1698 2440 1751 2485 et
1798 2432 1960 2486 insti—

385 2522 649 2576 tutionem
700 2534 975 2593 suscep'a:
1022 2525 1280 2578 honorem
1314 2524 1567 2579 conierre
1601 2527 1784 2595 gestit,
1816 2527 1958 2579 mala

385 2614 680 2668 ntultorum
713 2615 1002 2685 dispositio
1031 2616 1148 2695 ipsa
1180 2617 1366 2671 omnia
1394 2618 1723 2684 corrumpit.
1759 2618 1964 2687 profes-

384 2711 553 2764 sionis
593 2710 952 2765 caeremonias
988 2709 1204 2763 inutiles
1255 2710 1452 2775 reddit,
1490 2710 1632 2765 heul
1662 2720 1716 2765 et
1747 2710 1912 2765 solvit
1945 2730 1958 2765 :

380 2808 434 2852 et
460 2800 681 2869 quidam
717 2800 939 2855 ordines
966 2801 1287 2856 hierarchiae
1310 2810 1639 2871 usurpantes
1661 2842 1675 2866 ,
1739 2801 1963 2856 minime

383 2902 627 2949 tractant
666 2902 726 2947 ut
757 2902 1057 2962 oporteret.
1088 2891 1195 2948 Sed
1241 2893 1293 2947 id
1330 2907 1499 2947 unum
1537 2903 1790 2963 satagunt
1822 2893 1963 2947 obti-

2070 396 2176 449 τῶν
2202 397 2263 449 τὸ
2302 399 2491 465 σχῆμα
2525 390 2755 449 ἐκείνων
2797 394 3168 462 ἐνδεδομένων
3198 393 3359 448 τοῦτο
3389 393 3655 445 διώκεται

2070 488 2293 557 μᾶλλον,
2328 489 2423 541 καὶ
2450 487 2662 550 τούτοις
2692 487 2935 541 δίδοσθαι
2973 486 3065 540 διὰ
3095 487 3154 540 τὺ
3192 487 3335 555 μέγα
3364 484 3469 561 τῆς,
3491 484 3655 548 ἀξίας

2066 582 2271 653 ὑψηλόν
2298 600 2355 635 τε
2387 584 2493 636 καὶ·
2520 583 2761 653 καθαρὸν
2792 582 2941 646 ἀξιον
2970 582 3219 647 κρίνεται
3252 580 3368 640 τοῖς
3412 579 3652 643 πολλοῖς,

2064 680 2146 732 ὅτι
2202 680 2295 729 καὶ
2325 677 2425 743 τῆς
2455 678 2691 745 δυνατῆς
2717 679 2813 729 καὶ
2844 675 3275 744 κεκαθαρμένης
3292 674 3449 727 τοῦτο
3477 672 3653 725 δεῖται

2062 772 2265 841 ψυχῆς.
2296 772 2635 842 Καθαρὸτης
2676 772 2731 824 δέ
2780 769 2877 823 καὶ
2906 768 3164 823 εὐλάϐεια
3194 752 3479 836 συντρέχει
3516 766 3655 833 μᾶλα

2063 865 2156 916 λον
2184 864 2261 932 τῷ
2296 864 2565 932 σχήματι.
2622 863 2734 914 Kal
2786 864 2819 931 ἡ
2861 860 3095 929 τοιαύτη
3131 860 3242 913 τῶν
3273 859 3488 912 πολλῶν
3519 856 3651 920 δόξα

2062 959 2346 1025 καλλίστη,
2407 959 2505 1010 καὶ
2557 956 2667 1011 τῶν
2728 958 2967 1010 καθόλου
3026 955 3229 1023 μᾶλλον
3279 954 3378 1020 τῆς
3419 953 3655 1023 Ἐκκλη-

2065 1054 2219 1115 σίας·
2302 1051 2396 1105 καὶ
2450 1048 2596 1102 κατά
2656 1047 2914 1100 τοσοῦτον
2998 1045 3367 1115 βεϐαιωθεῑσά
3458 1046 3650 1109 ἐστιν,

2060 1146 2131 1204 ὡς
2198 1146 2293 1198 καὶ
2366 1142 2467 1212 τὴν
2549 1142 2888 1211 προστασίαν
2972 1140 3072 1201 τῆς
3137 1138 3471 1206 Ἐκκλησίας
3541 1144 3647 1189 ita-

2060 1255 2158 1301 σης
2235 1236 2423 1303 σχεδὸν
2503 1236 2617 1296 τοῖς
2707 1234 2963 1301 μοναχοῖς
3030 1230 3474 1301 ἐγχειρίζεσθαι.
3539 1228 3651 1282 Καὶ

2057 1328 2327 1393 ἐξετάζω)
2389 1328 2487 1396 ἤδη
2552 1326 2849 1386 σπανιάκις
2908 1323 3096 1391 εὕροις
3171 1324 3295 1374 τινα
3353 1337 3485 1372 ποτε
3534 1320 3647 1371 τῶν

2058 1425 2116 1474 ἐν
2164 1425 2239 1487 τῷ
2295 1420 2485 1485 κόσμῳ
2526 1417 2811 1485 ἰεραρχίας
2842 1414 3184 1482 ἠξιωμένον·
3241 1414 3353 1471 τοῖς
3388 1413 3648 1479 μοναχοίξ⁵

2060 1514 2115 1565 δὲ
2149 1512 2307 1564 τοῦτο
2337 1510 2527 1578 ῶσπερ
2560 1508 3041 1577 ἀποκεκλήρωται.
3090 1506 3199 1558 Kal.
3232 1504 3363 1564 ἴδοις
3396 1504 3462 1555 ἄν
3494 1518 3651 1565 τινας

2063 1608 2125 1657 ἐκ
2163 1604 2253 1657 τοῦ
2300 1601 2570 1670 κοσμικοῦ
2607 1602 2723 1671 βίου
2759 1602 2896 1670 πρὸς
2932 1599 3223 1669 ἰεραρχίαν
3250 1597 3648 1666 ἀναγομένους.

2064 1699 2171 1750 Καὶ
2200 1694 2356 1748 τοῦτο
2384 1696 2447 1762 δὴ
2498 1696 2647 1763 παρὰ
2671 1694 2770 1760 τῆς
2815 1692 3144 1760 Ἐκκλησίας
3177 1689 3648 1757 ἀπαιτουμένους,

2062 1792 2123 1843 τὸ
2155 1791 2263 1842 τῶν
2317 1788 2566 1858 μοναχῶν
2631 1786 2902 1855 πρότερον
2954 1784 3163 1853 ἔνδυμα
3224 1780 3649 1838 ἐπενδύσασθαι.

2076 1885 2235 1938 ’Λλλά
2264 1884 2434 1936 ταῦτα
2481 1882 2579 1951 μὲν
2619 1881 2801 1950 κρίσις
2837 1882 2989 1949 κοινὴ
3021 1879 3130 1932 τῶν
3164 1878 3373 1932 πιστῶν
3418 1876 3653 1930 καὶτῶν

2062 1978 2157 2045 τῆς
2202 1976 2530 2045 Ἑκκλησίας
2564 1975 2725 2028 θείων
2774 1973 3100 2043 προστατῶν
3138 1972 3361 2042 μᾶλλον,
3392 1971 3470 2040 τῷ
3518 1972 3648 2040 σχή-

2066 2089 2198 2140 ματι
2229 2070 2305 2136 τῷ
2337 2069 2468 2139 θείῳ
2495 2068 2640 2123 κατά
2670 2070 2768 2137 τὴν
2798 2066 3007 2122 ἀνωθεν
3037 2066 3232 2120 τούτου
3256 2064 3413 2130 τάξιν
3444 2065 3538 2116 καὶ
3585 2062 3650 2115 τὸ

2063 2159 2409 2230 ἐπάγγελμα,
2442 2160 2835 2229 ἀπονεμόντων
2877 2158 2979 2227 τὴν
3000 2159 3194 2227 τιμὴνο
3231 2159 3264 2226 ἠ
3294 2156 3403 2209 τῶν
3436 2153 3649 2208 πολλῶν

2063 2258 2119 2311 δὲ
2152 2258 2252 2311 οὐκ
2281 2255 2460 2325 ἀγαθὴ
2496 2255 2692 2323 γνώμη
2727 2256 2793 2307 τά
2829 2256 3010 2306 πάντα
3045 2250 3410 2322 παρέφθειρε.
3444 2248 3556 2300 Kal.
3581 2248 3652 2299 τὰ

2063 2348 2156 2403 τοῦ
2181 2350 2459 2419 σχήματος
2485 2347 2768 2418 ὴχρειώθη
2794 2347 2918 2417 (φεύ
2952 2349 2993 2414 ἰ)
3020 2347 3112 2399 καὶ
3134 2344 3648 2415 παρατὲθραυσται.

2064 2444 2175 2497 Καὶ
2209 2442 2307 2511 τῆς
2339 2444 2628 2513 ἰεραρχίας
2675 2440 3070 2509 ἐπειλημμένοι
3119 2440 3288 2503 τινὲς,
3317 2439 3415 2507 οὐχ
3461 2436 3653 2505 ῶσπερ

2064 2535 2231 2605 ἐχρῆν
2262 2535 2466 2605 ταύτην
2515 2533 2928 2601 οἰκονομοῦσιν,
2982 2530 3097 2586 ἀλλ’
3140 2532 3281 2583 ῶστε
3333 2529 3431 2598 μὲν
3490 2527 3653 2595 μόνον

2064 2628 2160 2694 τῆς
2197 2626 2478 2695 θειοτάτης
2512 2626 2668 2690 ἀξίας
2720 2626 3000 2695 ἐπιτυχεῖν
3054 2622 3381 2676 σπεύδουσιν
3431 2620 3529 2688 ὅση
3562 2618 3652 2670 δύ·-

2066 2733 2254 2784 ναμις,
2269 2716 2364 2769 καὶ
2386 2718 2562 2769 πάντα
2597 2714 2927 2783 πράττουσιν
2956 2715 3049 2766 ἐπὶ¹
3072 2712 3267 2781 τούτῳ
3287 2710 3438 2764 οὐδὲν
3455 2710 3512 2763 δὲ
3540 2709 3652 2761 τῶν

2066 2808 2362 2873 κατ’ἀξίαν
2622 2808 2793 2876 αὐτῆς
2824 2807 3217 2878 διενεργοῦσιν,
3257 2807 3403 2859 ἐστιν
3451 2804 3540 2857 ὅτε
3594 2802 3652 2855 δὲ

2070 2904 2326 2972 μάλιστα,
2355 2904 2452 2957 καὶ
2489 2903 2558 2956 τά
2595 2904 2718 2957 κατ’
2749 2903 2941 2971 αὐτῆς,
2972 2901 3094 2955 καθ’
3125 2901 3334 2955 ἑαυτῶν
3361 2899 3416 2951 δὲ
3446 2897 3654 2966 μᾶλλον

378 3001 510 3039 ncre
529 2995 584 3039 ut
612 2986 979 3040 sacratissima
1006 2986 1109 3040 hac
1131 2986 1459 3040 auctoritate
1492 2986 1793 3052 potiantur,
1818 2997 1866 3040 et
1896 2986 1960 3038 ad

2069 2995 2303 3048 ποιοῦσι.
2345 2994 2473 3047 Δέον
2516 2996 2622 3064 γὰρ
2667 2994 2739 3064 μὴ
2798 2994 2887 3047 διὰ
2935 2992 3093 3045 τοῦτο
3149 2990 3209 3044 τὸ
3245 2991 3433 3059 σχῆμα
3469 2987 3653 3041 ἐνδύε-

384 3077 487 3130 hoc
528 3079 664 3130 nihil
714 3062 1099 3132 non'l'aciu'nt.
1141 3077 1289 3131 Nihil
1342 3078 1540 3131 horum
1576 3092 1694 3147 qnze
1737 3077 1803 3132 ad
1841 3077 1962 3145 ejus

379 3164 699 3236 dignitatem
760 3157 1051 3225 conferunt
1119 3177 1398 3229 exercent,
1480 3166 1591 3219 imo
1664 3166 1962 3234 aliquando

383 3260 564 3326 potius
592 3275 710 3329 qua!
732 3270 858 3313 sunt
884 3270 1074 3313 contra
1112 3259 1255 3311 illam
1290 3258 1514 3322 faciunt,
1539 3258 1631 3312 sed
1656 3259 1744 3311 illa
1772 3267 1962 3313 contra

378 3364 473 3403 eos
510 3349 745 3402 maxime
786 3359 1036 3419 vergunt.
1081 3350 1296 3403 Etenim
1342 3359 1631 3418 propterea
1663 3365 1821 3404 sacro
1862 3350 1962 3404 hae

382 3444 497 3497 bitu
537 3458 642 3498 non
692 3442 951 3497 inducndi
1015 3453 1163 3508 sunt,
1195 3444 1291 3497 sed
1333 3459 1500 3514 scopo
1530 3446 1650 3515 ejus
1681 3446 1968 3500 attenden-

379 3537 507 3592 dum
541 3546 625 3590 est
650 3576 666 3601 ,
700 3545 757 3591 et
791 3552 913 3589 cum
949 3536 1256 3592 sacerdotio
1298 3537 1465 3607 aliqui
1497 3538 1758 3608 dignandi
1791 3549 1920 3595 sunt
1946 3581 1959 3603 ,

381 3630 620 3698 eligendi
651 3638 779 3684 sunt
809 3630 949 3685 inter
973 3646 1068 3686 eos
1097 3631 1187 3700 qui
1224 3632 1395 3700 magis
1429 3633 1501 3700 pii
1531 3632 1962 3686 conversatione

382 3724 769 3787 ostenduntur,
801 3733 853 3779 et
880 3726 967 3793 qui
1002 3740 1237 3781 maxime
1266 3726 1571 3782 humilitate
1597 3727 1819 3783 radicati
1858 3727 1963 3780 hu-

383 3818 568 3870 milem
608 3818 895 3873 Dominum
940 3820 1245 3876 imitantur.
1288 3819 1563 3875 Continuo
1610 3820 1830 3889 quidem
1866 3819 1962 3874 de-

382 3909 725 3977 prehendere
760 3910 1026 3966 habemus
1060 3925 1156 3965 eos
1184 3910 1275 3978 qui
1306 3911 1551 3982 regulam
1581 3921 1635 3965 et
1664 3910 1961 3979 imaginem

384 4000 600 4056 Domini
630 4018 736 4056 non
770 4005 1113 4071 susceperint
1143 4004 1194 4056 in
1245 4018 1398 4058 sacra
1434 4003 1809 4070 ordinatione,
1847 4005 1963 4072 ple-

384 4108 617 4160 rumque
665 4093 916 4147 invenire
953 4094 1286 4164 arrogantia:
1333 4105 1387 4150 et
1420 4111 1575 4149 vanae
1627 4096 1963 4152 ostensionis

385 4201 631 4248 causam,
666 4200 778 4239 non
813 4202 910 4255 per
940 4187 1198 4255 seipsam,
1227 4188 1319 4242 sed
1353 4203 1449 4256 per
1485 4187 1817 4243 voluntatem
1861 4206 1961 4243 no-

382 4287 575 4340 stram,
608 4292 753 4344 quae,
781 4276 874 4331 Dei
928 4276 1126 4345 spiritu
1158 4277 1313 4349 dirigi
1363 4294 1603 4333 renuens
1629 4320 1643 4343 ,
1677 4279 1838 4335 unice
1891 4280 1958 4335 ad

2071 3085 2237 3152 σθαι,
2300 3088 2376 3154 τῷ
2429 3087 2617 3155 σκοπῷ
2650 3086 2707 3139 δὲ
2758 3085 2955 3137 τούτου
3008 3084 3302 3153 προσέχειν
3333 3124 3347 3146 ,
3405 3081 3502 3133 καὶ
3548 3078 3656 3147 τῆς

2069 3180 2368 3249 ἱερωσύνης
2403 3180 2457 3233 δὲ
2487 3178 2841 3243 ἀξιωθέντας,
2875 3178 3012 3245 πρὶς
3060 3176 3219 3228 τοῦτο
3252 3171 3649 3239 ἀπολεγέντας,

2067 3272 2493 3341 εὐλαϐεστέρους
2522 3271 2855 3335 δείκνυσθαι,
2877 3270 2970 3323 καὶ
2999 3267 3078 3337 τῷ
3108 3266 3495 3321 τσπεινωθέντι
3526 3281 3655 3316 συν-

2065 3362 2453 3416 ταπεινοῦσθαι
2501 3363 2768 3433 Δεσπότη,
2802 3361 2862 3415 οὗ
2891 3360 2989 3430 τὴν
3020 3360 3173 3423 τάξιν
3203 3360 3294 3411 καὶ
3320 3358 3418 3427 τὴν
3467 3356 3655 3409 εἰκόνα

2069 3452 2385 3524 εἰλήφασιν,
2416 3452 2567 3506 ἐστιν
2606 3454 2762 3523 όρᾷν,
2792 3452 3081 3519 ἐπάρσεως
3118 3448 3323 3517 μᾶλλον
3366 3448 3464 3516 τὴν
3495 3446 3651 3499 θείαν

2065 3545 2220 3605 τάξιν
2277 3546 2482 3614 ταύτην
2521 3544 2616 3596 καὶ
2645 3548 2817 3612 τύφου
2848 3542 3060 3604 πολλοῖς
3094 3543 3389 3610 γινομένην
3428 3541 3608 3593 αἰτίαν
3635 3574 3651 3599 .

2066 3636 2127 3687 ού
2162 3635 2293 3704 παρ’
2326 3636 2518 3704 αὐτὴν,
2555 3635 2706 3702 παρά
2750 3634 2807 3686 δὲ
2845 3633 2945 3702 τὴν
2986 3632 3265 3701 ἡμετέραν
3296 3631 3358 3684 οὐ
3392 3629 3532 3700 προς
3556 3629 3652 3681 τὸν

2068 3728 2213 3781 θεῖον
2261 3726 2388 3780 νοῦν
2437 3728 2745 3796 τεταμένην
2816 3725 3163 3795 προαίρεσιν,
3232 3722 3367 3790 πρλλς
3425 3722 3563 3791 μόνα
3593 3721 3653 3773 δέ

2067 3822 2385 3888 κεχηνυῖαν,
2418 3820 2514 3872 καὶ
2546 3819 2677 3888 ὅλην
2712 3815 3138 3887 ἐκκρεμαμένην
3170 3814 3237 3866 τὰ
3282 3812 3433 3866 κάτω
3459 3813 3554 3865 καλ⁵
3593 3814 3654 3864 ἐν

2068 3913 2340 3983 αἰσθήσει.
2386 3910 2705 3980 Ὀφείλομεν
2748 3909 2805 3962 δὲ
2862 3909 2937 3978 μὴ
2986 3906 3129 3959 οὕτω
3164 3909 3407 3958 σκοπεῖν.
3446 3907 3504 3957 Εἰ
3540 3904 3653 3973 γὰρ

2066 4006 2162 4058 καὶ
2218 4004 2340 4057 κατ’
2394 4003 2637 4072 ἐμαυτοῦ
2666 4001 2840 4056 ταῦτα
2874 4002 3097 4071 γράφω,
3122 4002 3234 4065 τοῖς
3278 4000 3463 4061 αὐτοῖς
3499 4000 3654 4065 λογι-

2069 4098 2225 4165 σμοῖς
2267 4097 2368 4164 τῆς
2409 4096 2641 4165 οἰήσεως
2682 4094 2945 4156 πολλάκις
2992 4095 3272 4165 ἐχόμενος,
3304 4093 3419 4146 ἀλλ’
3449 4092 3512 4144 οὐ
3550 4108 3652 4144 πα-

2069 4190 2406 4259 ραιτήσομαι
2426 4203 2441 4217 ·
2473 4190 2571 4241 καί⁵
2611 4188 2736 4241 ὅσον
2768 4188 2936 4241 ἐννοῶ
2961 4188 3108 4240 θεῖον
3139 4182 3278 4239 εἶναι
3305 4186 3400 4238 καὶ
3436 4183 3651 4253 ὀφειλό-

2073 4298 2233 4351 μενον
2289 4281 2512 4346 λέγειν,
2563 4280 2659 4333 καὶ
2720 4280 2857 4348 μετά
2897 4279 3009 4332 τῶν
3060 4277 3235 4332 ἀλλων
3282 4278 3378 4330 καὶ
3412 4276 3653 4345 ἐμαυτὸν

384 4368 527 4423 bona
563 4368 823 4423 inferiora
857 4384 1099 4438 preceps
1137 4370 1249 4423 ruit
1278 4380 1330 4425 et
1355 4374 1519 4426 etiam
1557 4388 1615 4426 se
1643 4373 1750 4428 illis
1781 4373 1961 4444 impli-

2068 4374 2396 4443 ἐξελέγχειν.
2447 4372 2738 4426 Ἀδύνατον
2764 4374 2871 4441 γὰρ
2909 4372 2983 4443 μὴ
3022 4372 3210 4441 ὄνησίν
3247 4388 3373 4426 τινα
3402 4371 3652 4439 γίνεσθαι

386 4472 473 4514 cat
498 4470 554 4515 et
585 4462 776 4514 miscet
804 4460 1079 4515 sensibus.
1109 4460 1223 4515 Non
1262 4472 1445 4517 autem
1471 4463 1737 4518 debemus
1765 4467 1962 4534 decipi.

386 4554 512 4607 llaec
574 4562 763 4606 contra
852 4569 937 4605 me
1012 4555 1215 4619 scribo,
1300 4569 1444 4624 saepe
1530 4557 1963 4626 cogitationibus

385 4645 826 4714 praesumptionis
856 4645 1074 4710 illusus,
1103 4646 1197 4700 sed
1231 4661 1342 4701 non
1375 4649 1784 4703 excusationem
1816 4666 1965 4718 quae-

386 4753 525 4802 ram,
560 4738 677 4793 scio
702 4738 847 4793 enim
880 4753 1040 4807 quam
1080 4738 1151 4792 sit
1198 4749 1387 4794 sancta
1428 4740 1541 4795 lucc
1578 4740 1833 4811 loquendi
1872 4757 1963 4794 ne-

380 4832 633 4895 cessitas,
660 4840 716 4885 et
745 4847 829 4885 me
858 4846 983 4885 cum
1016 4832 1135 4887 aliis
1160 4833 1455 4889 conﬁtendi
1484 4835 1827 4889 mendacem.
1858 4835 1965 4889 lm-

383 4921 647 4990 possihile
676 4930 760 4975 est
805 4921 1012 4974 nullum
1055 4923 1107 4974 in
1145 4924 1300 4978 nobis
1336 4924 1639 4994 profccmm
1685 4940 1967 4995 emergere

386 5030 455 5080 ex
488 5014 748 5069 memoria
782 5024 835 5068 et
862 5014 1177 5083 cognitione
1209 5017 1477 5071 honorum
1521 5018 1685 5072 etiam
1720 5032 1843 5071 cum
1875 5017 1970 5070 ad-

387 5121 675 5162 versamur
708 5120 805 5175 per
831 5122 950 5175 quae
974 5122 1083 5161 non
1108 5117 1325 5175 oportet
1352 5110 1726 5176 epinamenta.
1751 5108 1966 5163 Etenim

389 5214 486 5268 per
514 5214 617 5253 nos
648 5215 753 5253 non
785 5208 892 5253 stat
922 5199 1240 5269 opinionum
1274 5200 1527 5255 notiones
1556 5208 1612 5255 et
1638 5202 1976 5255 convenien-

2067 4468 2130 4535 τῇ
2167 4466 2362 4535 μνήμῃ
2401 4464 2496 4517 καὶ
2539 4464 2720 4534 ἐννοίᾳ
2746 4465 2854 4516 τῶν
2889 4463 3110 4532 ἀγαθῶν
3145 4466 3200 4516 ἐν
3232 4465 3387 4532 ἡμῖν,
3425 4462 3521 4514 καὶ
3549 4460 3654 4514 ὑπὸ

2070 4534 2145 4626 μὴ
2176 4534 2407 4609 δεόντῶν
2441 4534 2731 4623 λογισμῶν.
2754 4556 3168 4625 κλεπτομένοις.
3200 4556 3273 4607 Τὸ
3296 4554 3403 4624 γὰρ
3438 4553 3654 4616 ἐννοίας

2064 4648 2316 4718 δέχεσθαι
2352 4651 2446 4700 καὶ
2498 4647 2810 4717 προσϐολὰς
2860 4647 3146 4714 λογισμῶν
3203 4647 3352 4716 ἡμᾶς
3408 4645 3521 4698 τῶν
3551 4646 3653 4697 οὐκ

2065 4743 2149 4812 ἐφ’
2184 4744 2339 4812 ἡμῖν’
2374 4742 2467 4794 καὶ
2496 4740 2556 4793 τὸ
2585 4740 2915 4797 ἀπατᾶσθαι¹
2940 4739 3359 4805 ἐπισυμϐαίνειν
3404 4738 3652 4805 πέφυκεν

2069 4836 2201 4905 ἡμῖν
2234 4831 2527 4886 ἀλλοιώσει
2569 4830 3035 4901 κεκρατημένοις.
3077 4830 3239 4882 Ἀλλά
3266 4829 3329 4882 τὸ
3358 4829 3563 4881 ἐννοεῖν
3591 4826 3655 4879 τὸ

2074 4929 2340 4993 συνοῖσον,
2398 4926 2490 4977 καλ
2520 4923 2679 4986 αὖθις
2711 4922 3087 4989 ἐπανάγεσθαι
3122 4922 3259 4992 πρὸς
3291 4920 3353 4972 τὸ
3380 4923 3653 4987 κρεῖττον,

2075 5019 2184 5071 τῶν
2217 5019 2303 5087 ἐφ’
2336 5018 2491 5088 ἡμῖν.
2540 5015 2713 5069 Τοῦτο
2745 5014 2840 5067 οὖν
2880 5014 3255 5085 παρορῶντες,
3290 5011 3383 5065 ὑπ’
3419 5010 3655 5078 εὐθύνην

2076 5112 2140 5163 ἂν
2178 5110 2392 5179 εἴημεν.
2428 5107 2646 5170 ’Λλλως
2707 5124 2766 5158 τε
2817 5106 3000 5159 καὶτὸ
3036 5107 3308 5176 μεριμνᾷν
3347 5105 3480 5176 περὶ
3527 5103 3657 5157 καλ-

2076 5202 2275 5254 λίστων
2310 5201 2419 5263 ἀεὶ,
2456 5200 2671 5267 πέφυκέ
2705 5216 2757 5251 τι
2791 5197 3062 5268 θειότερὸν
3097 5196 3437 5251 ἀποτίκτειν.

391 5292 494 5346 tias
532 5294 805 5360 detegere,
850 5292 975 5361 quia
1018 5293 1193 5348 errori
1223 5295 1491 5349 obnoxios
1517 5310 1639 5351 esse
1673 5297 1831 5351 nobis
1864 5307 2059 5351 natura
2091 5297 2294 5351 accidit
2323 5306 2380 5351 et
2409 5292 2794 5350 inconstantia:
2862 5302 2916 5346 et
2987 5290 3277 5347 mutationi
3351 5292 3589 5347 subesse
3625 5307 3641 5345 :

389 5384 484 5437 sed
519 5384 725 5453 optime
759 5401 1052 5454 possumus
1080 5402 1409 5457 cognoscere
1452 5390 1594 5460 quod
1637 5392 1874 5460 patimur
1908 5401 1960 5445 ct
1994 5396 2138 5461 quod
2175 5393 2335 5448 nobis
2365 5392 2585 5461 expedit
2608 5400 2662 5445 et
2695 5390 2891 5444 iterum
2921 5387 2987 5442 ad
3019 5386 3213 5442 melius
3244 5387 3327 5457 agi
3392 5394 3447 5440 et
3516 5401 3656 5440 cou-

388 5477 525 5530 vorti
558 5493 571 5529 :
602 5478 701 5532 hoc
748 5491 901 5534 certo
942 5482 1178 5537 scientes
1210 5484 1356 5553 quod
1405 5500 1629 5554 poenam
1662 5486 1877 5543 luemus
1918 5488 1962 5542 si
2003 5487 2127 5542 mali
2162 5488 2361 5543 simus.
2397 5487 2630 5544 Aliunde
2658 5484 2919 5543 memoria
2947 5483 3186 5539 retinere
3246 5483 3388 5540 bona
3443 5480 3667 5552 pretio-

386 5568 601 5623 sissima
626 5582 679 5625 et
708 5581 909 5627 mterna
946 5576 1147 5643 aliquid
1183 5578 1235 5637 itt
1274 5579 1429 5636 nobis
1468 5582 1667 5652 ingerit
1692 5590 1757 5653 et
1786 5586 2021 5640 seminat
2049 5584 2475 5641 divinissimum.

465 5664 486 5695 '
514 5661 670 5719 Joan.
703 5682 792 5734 υ,
829 5668 891 5720 15
927 5684 1043 5739 scq.
