4064 6204
351 293 456 365 965

1647 288 1743 348 DE
1794 285 2289 347 SACERDOTIU.

3505 283 3609 348 9T6

419 415 619 471 Λοιπὸν
670 411 958 482 ὀφείλομεν
1011 407 1284 476 ἐξετάζειν
1327 405 1469 470 τίνος
1509 405 1675 474 ἐσμὲν
1717 405 1924 474 ὑπηρέ-

2100 401 2175 455 De
2211 409 2406 454 caetero
2428 398 2848 468 diligentissime
2873 398 3150 466 inquirere
3167 397 3431 453 debemus
3457 400 3618 468 cujus

347 528 460 572 ται,
496 507 591 561 καὶ
636 506 780 568 τίνος
824 505 988 573 ἔργου
1022 503 1258 557 διάκονοι
1284 515 1297 528 ·
1334 501 1428 552 καὶ
1469 497 1566 563 τὴν
1603 495 1792 549 είκόνα
1837 497 1930 562 φέ-

354 616 518 670 ρομεν
555 597 716 658 τίνος.
747 595 884 649 Θεοῦ
935 595 1120 648 τοίνυν
1170 594 1336 662 ἐσμὲν
1368 589 1638 658 ὑπηρέται
1667 586 1761 640 τοῦ
1807 585 1928 638 κτί-

353 707 547 753 σαντος
591 691 657 742 τὰ
690 689 888 754 πάντα,
919 689 1014 740 καὶ
1049 683 1188 739 εἶναι
1225 683 1284 737 εὖ
1321 679 1458 736 εἷναι
1500 680 1824 750 ποιήσαντος
1870 695 1929 731 τε

356 785 451 838 καὶ
507 785 592 835 ἀεὶ
623 781 952 850 βουλομένου
981 795 992 810 '
1022 781 1116 832 καὶ
1152 777 1642 846 μεταϐεϐλημένων
1667 773 1932 834 ἑκουσίως

355 877 436 936 είς
479 875 542 927 τὸ
590 875 775 936 κακῶς
815 868 956 925 εἷναί
1009 885 1195 932 τινων,
1243 871 1337 922 καὶ
1374 868 1572 936 μᾶλλον
1605 865 1930 934 ἀνθρώπων,

355 961 512 1028 αὖθις
549 965 630 1026 εἰς
665 967 726 1016 τδ
753 961 811 1016 εῦ
843 957 982 1015 εἶναι
1026 961 1482 1029 ἀποκαταστῆσαι
1513 959 1838 1026 θελήσαντος
1873 973 1930 1007 τε

357 1055 454 1108 καὶ
504 1053 889 1122 εύδοκήσαντος
913 1093 929 1117 ,
969 1053 1064 1104 καὶ
1113 1050 1464 1120 ἐνεργοῦντος
1504 1049 1660 1101 τοῦτο
1704 1048 1794 1100 διὰ
1823 1046 1933 1098 τῶν

360 1145 572 1216 ἱερέων.
604 1145 812 1213 Ἐργου
853 1143 909 1196 δὲ
961 1143 1197 1196 διάκονοι
1242 1143 1562 1210 ὑπάρχομεν
1611 1138 1703 1191 τοῦ
1768 1139 1931 1207 μεγί-

362 1255 512 1290 στου.
551 1229 620 1306 ᾯ
667 1237 774 1305 γὰρ
809 1235 992 1304 ἡνώθη
1047 1235 1118 1286 τὰ
1178 1235 1268 1285 ἐπὶ
1305 1235 1406 1301 γῆς
1454 1235 1564 1294 τοῖς
1613 1231 1725 1283 ἄνω
1779 1231 1873 1281 καὶ
1901 1229 1934 1297 ἡ

359 1329 528 1398 ἔχθρα
578 1326 768 1395 ἐλύθη,
829 1327 925 1378 καὶ
971 1325 1102 1388 Θεὸς
1165 1324 1372 1394 βροτοῖς
1429 1323 1776 1391 κατηλλάγη,
1841 1323 1936 1374 καὶ

359 1421 537 1489 πλάνη
563 1420 837 1472 πέπαυται
869 1419 1041 1478 πᾶσα,
1073 1417 1170 1468 καὶ
1195 1417 1472 1484 δαιμόνων
1506 1417 1709 1484 κράτος
1739 1413 1931 1476 ὤλετο,

362 1513 454 1567 καὶ
503 1513 776 1580 ἄνθρωποι
810 1509 1217 1578 μετ’ἁγγέλων,
1247 1510 1342 1561 καὶ
1376 1507 1481 1560 υίοὶ
1524 1505 1660 1560 Θεοῦ
1693 1507 1788 1559 καὶ
1823 1506 1936 1558 θεοὶ

361 1604 668 1673 γεγόναμεν
710 1603 852 1655 κατὰ
883 1602 1067 1670 χάριν,
1103 1599 1296 1653 τούτου
1331 1601 1565 1669 ἐνεργοὶ,
1602 1599 1932 1668 λειτουργοὶ,

362 1695 670 1761 einen-optet,
709 1692 910 1760 μύσται
958 1691 1300 1760 τυγχάνομεν
1330 1691 1685 1761 ἀπορῤήτως.
1739 1690 1936 1741 Ιίίκόνα

364 1785 420 1838 δὲ
449 1785 710 1854 φέρομεν,
741 1782 816 1844 ὡς
847 1781 998 1834 θείαν
1045 1797 1104 1833 τε
1156 1781 1249 1832 καὶ
1289 1781 1554 1849 μεγίστην
1580 1819 1594 1844 ,
1634 1781 1796 1842 ,κατά
1841 1782 1938 1848 τὴν

365 1874 520 1940 ἀξίαν
578 1874 810 1934 ἕκαστος
861 1871 1162 1938 ἀναλόγως.
1218 1871 1548 1932 Ἐπίσκοπος
1601 1872 1710 1940 γὰρ
1772 1872 1938 1922 εἰκὼν

379 1967 579 2038 Ἰησοῦ·
623 1968 717 2021 καὶ
753 1966 868 2036 μετ’
908 1967 1070 2019 αὐτὸν
1110 1965 1484 2036 πρεσϐύτερος
1529 1965 1674 2018 κατὰ
1703 1965 1762 2017 τὸ
1789 1965 1940 2016 θύειν

365 2060 432 2113 τὰ
465 2056 742 2128 μυστικά·
773 2058 888 2119 τοῖς
917 2057 962 2109 δ’
1009 2056 1193 2118 ἄλλοις
1247 2056 1588 2125 χαρίσμασιν
1639 2055 1941 2116 ἐπίσκοπος

357 2151 469 2220 ,μὲν
495 2149 660 2204 είκὼν
693 2149 789 2202 τοῦ
841 2149 952 2200 τῶν
997 2149 1193 2215 φώτων
1245 2145 1483 2216 Πατρὺς,
1529 2145 1660 2216 παρ’
1699 2139 1744 2212 ᾧ
1794 2143 1943 2198 πᾶσα

365 2245 513 2305 δόσις
540 2241 742 2312 ἀγαθὴ,
765 2241 861 2293 καὶ
880 2242 988 2293 πᾶν
1005 2239 1238 2310 δώρημα
1249 2241 1478 2304 τέλειον,
1497 2239 1592 2293 καὶ
1615 2239 1942 2303 φωτιστικξς

369 2336 458 2389 διὰ
491 2335 682 2388 ταῦτα.
721 2332 1100 2402 Πρεσϐύτερος
1129 2333 1209 2399 δὲ,
1244 2333 1354 2386 τῶν
1377 2333 1700 2404 ὑπερτέρων
1735 2333 1944 2399 τάξεων

369 2427 538 2496 τύπον
568 2426 728 2496 ἔχων,
760 2425 854 2478 καὶ
879 2425 1132 2495 δεύτερον
1170 2426 1305 2494 φῶς,
1339 2426 1436 2478 καὶ
1475 2425 1828 2494 μεταδοτικὸς
1850 2425 1946 2478 καὶ

371 2483 961 2588 ὲῦεργδςιὶμυστηρίων,
992 2483 1086 2570 κᾷι
1115 2483 1202 2573 διά
1249 2483 1407 2571 τοῦτο
1458 2483 1787 2576 τελεστικός.
1808 2483 1946 2571 Lua-

363 2623 528 2672 ’κονος
555 2610 612 2662 δὲ
641 2609 797 2678 τρίτη
831 2609 1004 2676 τάξις,
1025 2609 1275 2676 ἀγγέλων
1304 2609 1474 2663 τύπον
1511 2609 1650 2681 ἔχων
1685 2611 1943 2679 Λειτουρ-

373 2697 569 2766 γικῶν,
625 2699 1106 2766 ἁποστελλομένων
1163 2699 1250 2752 ἀεὶ
1315 2700 1404 2752 διὰ
1461 2701 1588 2762 τοὺς
1651 2699 1947 2767 μέλλοντας

373 2791 734 2858 κληρονομεῖν
788 2791 1103 2859 σωτηρίαν·
1142 2791 1238 2843 καὶ
1271 2792 1358 2843 διὰ
1409 2791 1570 2843 τοῦτο
1617 2793 1712 2844 καὶ
1746 2791 1946 2861 κῆρυξ,

377 2885 469 2936 καὶ
500 2885 832 2950 έτοιμάζων,
881 2887 973 2937 καὶ
1005 2884 1382 2954 λειτουργικδς
1431 2877 1606 2948 οὗτος.
1651 2886 1856 2947 Πάντες
1890 2884 1947 2938 δὲ

367 2975 494 3034 ’ἰνὸς
547 2973 682 3025 θεοῦ
745 2975 1130 3044 παραστάται,
1181 2975 1579 3045 ἑνδς-θύματος
1610 2977 1818 3029 θεαταί·
1853 2975 1948 3030 τοῦ

375 3065 539 3119 αὖτοῦ
573 3065 628 3118 δὲ
664 3066 758 3118 καὶ
777 3069 1062 3130 κοινωνοὶ,
1091 3069 1186 3119 καὶ
1219 3067 1522 3136 σύσσωμοι,
1556 3068 1653 3122 καὶ
1683 3068 1946 3133 σύνδοξοι,
1975 3104 2020 3162 C

375 3159 474 3208 καὶ
508 3157 688 3219 ἄλλοις
719 3157 1065 3226 μεταδοτικοὶ
1094 3158 1278 3226 χάριτι
1314 3157 1460 3228 θείᾳ,
1503 3161 1550 3212 εἰ
1592 3161 1686 3211 καὶ
1717 3161 1950 3229 πρώτως

373 3247 536 3300 τοῦτο
578 3248 788 3314 γίνεται
831 3247 926 3300 καὶ
979 3248 1271 3318 δευτέρως,
1306 3249 1450 3302 κατὰ
1513 3249 1612 3316 τὴν
1641 3250 1796 3316 τάξιν
1848 3251 1950 3322 τὴν

377 3341 596 3412 ἑκάστῳ
623 3341 830 3396 ἀνωθεν
860 3341 1168 3414 διδομένην.

452 3522 685 3588 ἰδωμεν
710 3522 894 3576 τοίνυν
924 3521 1016 3574 τὸν
1067 3519 1292 3589 Ἰησοῦν.
1321 3521 1452 3586 Θεὸς
1493 3523 1724 3593 ἀληθὴς,
1761 3527 1825 3576 ὲκ
1854 3526 1950 3578 τοῦ

375 3612 530 3674 ὄντος
562 3610 658 3673 ὢν,
691 3609 932 3677 ἀνάρχου
962 3607 1074 3662 Νοῦ
1097 3609 1290 3676 Λόγοςο
1327 3611 1536 3680 [ἰατρὸς
1561 3612 1786 3680 ὑψίστου
1823 3614 1952 3676 Υἱὸς

379 3702 696 3774 μονογενὴς,
725 3699 834 3760 ,τοῦ
887 3699 948 3763 ἐξ
991 3692 1053 3753 οὗ
1111 3700 1178 3752 τὰ
1227 3700 1424 3764 πάντα,
1455 3701 1648 3770 Σοφία,
1684 3705 1950 3773 Δύναμις,

380 3796 474 3846 καὶ
505 3793 703 3860 Λόγος,
733 3789 800 3844 δι’
825 3788 886 3843 οὖ
919 3789 988 3844 τά
1033 3790 1234 3844 πάντα.
1287 3792 1691 3862 Παντοκράτωρ
1725 3792 1950 3863 Κύριος,

381 3882 564 3947 ἄῦλος,
595 3882 829 3950 ἀόρατος
857 3919 873 3944 ,
909 3880 1210 3950 ἄφραστος,
1256 3881 1634 3951 ἀπερίληπτος
1659 3926 1677 3952 ,
1739 3883 1952 3939 ἀκατά-

381 3976 610 4040 ληπτος,
657 3973 1097 4042 ἀπερίγραπτος,
1127 3974 1363 4046 ἀναφὴς,
1386 3975 1676 4037 ἀθάνατος.
1707 3979 1872 4040 Τέλος
1901 3978 1954 4032 τί

383 4065 656 4136 δι’ήμᾶς;
695 4065 1040 4135 Ἄνθρωπος,
1062 4067 1283 4138 ὁρατὸς,
1335 4069 1734 4138 περιγραπτὸς,
1775 4070 1956 4139 παθη-

379 4156 728 4227 τὸς,θνητὸς,
761 4159 997 4228 πτωχὸς,
1021 4159 1234 4222 ἄπολις,
1265 4160 1479 4229 ἄτιμος,
1514 4162 1766 4229 πραθεὶς,
1789 4163 1958 4216 κατά-

381 4262 590 4315 κριτος,
617 4247 917 4317 ύϐρισθεὶς,
933 4250 1282 4318 ἐμπαιχθεὶς,
1300 4249 1666 4318 βασανισθεὶς,
1711 4269 1956 4323 σταυρω-

383 4333 516 4398 θείς.
537 4334 726 4388 Ταῦτα
752 4336 819 4389 δι’
851 4339 1020 4408 ἡμᾶς.
1049 4339 1114 4392 Τί
1149 4338 1528 4408 θειότερον;τί
1570 4341 1771 4413 δεῖγμα
1817 4345 1958 4411 ἀγα-

2033 497 2204 548 simus
2237 491 2497 555 ministri,
2531 499 2584 542 et
2609 493 2766 562 cujus
2792 491 2976 560 operis
3011 491 3344 556 administri,
3379 501 3434 546 et
3460 493 3618 560 cujus

2033 585 2323 655 imaginem
2369 594 2664 653 typumque
2701 598 2980 654 geramus.
3031 583 3128 638 Dei
3164 599 3400 651 namque
3423 597 3618 638 sumus

2032 677 2267 734 ministri
2303 678 2396 745 qui
2433 679 2640 732 creavit
2673 678 2881 740 omnia,
2903 677 2994 745 qui
3023 678 3204 730 omnia
3235 677 3366 731 fecit
3397 679 3534 731 bona
3563 687 3621 731 et

2035 771 2108 824 ita
2144 771 2234 824 illa
2265 783 2386 822 esse
2409 769 2464 822 in
2489 777 2754 824 aeternum
2775 769 3109 824 voluntatem
3133 770 3328 824 liabet:
3357 770 3446 838 qui
3467 785 3626 824 crea-

2019 873 2187 916 -turas
2216 864 2500 930 quasdam,
2537 863 2838 930 prtesejtim
2877 861 3143 920 homines.
3170 877 3291 916 cum
3325 863 3379 914 in
3418 863 3620 916 malum

2037 954 2344 1008 voluntarie
2383 953 2942 1016 inciderint,‘itcrum
2993 953 3054 1006 ad
3093 953 3294 1007 bonum
3343 969 3463 1008 esse
3508 954 3624 1006 vult

2036 1045 2250 1098 restitui
2291 1064 2302 1098 :
2339 1053 2392 1099 et
2434 1045 2537 1098 hoc
2575 1057 2832 1104 procurat
2877 1061 2976 1112 per
3017 1041 3351 1099 sacerdotes.
3401 1045 3618 1098 Maximi

2036 1154 2166 1192 vere
2199 1139 2384 1208 aperis
2413 1135 2722 1192 administri
2754 1153 2969 1200 sumus,
3009 1154 3116 1207 quo
3143 1139 3423 1191 terrestria
3457 1139 3622 1193 (uale-

2038 1230 2214 1284 stibus
2249 1231 2567 1296 miscentur,
2595 1242 2649 1285 et
2682 1231 2865 1284 odium
2903 1231 3154 1293 solvitur,
3187 1239 3238 1284 et
3273 1231 3416 1284 Dens
3438 1229 3620 1283 homi-

2037 1323 2203 1377 nibus
2243 1323 2652 1387 rec0uciliatur,
2688 1333 2742 1378 et
2787 1326 2966 1378 omnis
3015 1339 3172 1378 error
3242 1323 3624 1394 conhingitur,

2040 1423 2096 1468 et
2147 1421 2391 1482 potestas
2450 1415 2756 1468 daemonum
2807 1417 3136 1479 eradicatur,
3175 1413 3532 1482 disperditur,
3569 1423 3626 1466 et

2045 1504 2294 1558 homines
2323 1521 2446 1557 cum
2475 1505 2682 1575 angelis
2711 1506 3122 1569 consociantur,
3157 1514 3210 1558 et
3231 1505 3322 1556 filii
3343 1503 3470 1557 lacti
3497 1513 3627 1558 sunt

2045 1597 2140 1651 Dei
2179 1607 2232 1649 et
2259 1596 2347 1649 dei
2401 1595 2501 1664 ipsi
2539 1613 2638 1666 per
2682 1599 2948 1666 gratiam;
2989 1599 3169 1666 cperis
3215 1597 3335 1663 ejus
3381 1597 3626 1666 opilices,

2043 1690 2297 1756 ministri,
2324 1690 2620 1754 mcnnomi,
2657 1691 2798 1742 sacri
2831 1692 3099 1746 antistites
3147 1690 3455 1746 invenimur
3489 1689 3632 1744 inef-

1973 1765 2012 1820 Β
2036 1781 2298 1854 [δὺίΙὶὶθΓ.
2347 1781 2570 1836 Sacrum
2605 1785 2666 1836 et
2701 1785 2998 1836 maximum
3035 1783 3390 1852 divinumque
3434 1791 3624 1852 typum

2043 1872 2281 1941 gerimus
2339 1873 2720 1942 unusquisque
2767 1873 3069 1927 secundum
3109 1873 3450 1942 dignitatem.
3507 1871 3632 1942 Epi-

2042 1979 2240 2031 st-opns
2284 1965 2431 2017 enim
2471 1965 2650 2034 imago
2679 1977 2766 2020 est
2797 1966 2918 2029 Dei,
2956 1976 3005 2018 et
3045 1981 3169 2032 post
3207 1966 3383 2033 ipsttm
3409 1967 3632 2036 presby-

2045 2064 2145 2120 ter,
2175 2056 2301 2124 quia
2335 2057 2602 2109 saeriticia
2633 2057 2819 2110 oil'ert.
2863 2058 2996 2111 Aliis
3019 2073 3147 2111 vero
3171 2059 3622 2123 cliarismatibus,

2043 2147 2334 2216 episcopus
2368 2147 2546 2217 imago
2570 2156 2652 2202 est
2679 2146 2863 2201 Patris
2900 2147 3166 2202 luminum
3211 2168 3228 2200 ι
3267 2165 3296 2202 a
3331 2165 3440 2217 quo
3467 2165 3633 2204 omne

2045 2239 2226 2294 datum
2259 2239 2526 2310 optimum
2574 2253 2631 2295 et
2677 2257 2840 2296 omne
2875 2243 3080 2296 donum
3113 2242 3415 2310 perfectum
3446 2241 3488 2306 ',
3521 2261 3540 2294 ι
3577 2252 3634 2297 et

2049 2339 2273 2402 propter
2301 2333 2406 2386 lioc
2437 2333 2678 2387 fidelium
2712 2343 2794 2387 est
2829 2335 3188 2391 illuminator.
3219 2335 3504 2406 Presbyter
3535 2351 3635 2388 au-

2047 2429 2154 2474 tem
2186 2420 2440 2475 ordinum
2469 2423 2845 2476 sublimiornm
2889 2433 3074 2494 typum
3112 2426 3294 2492 liabet,
3356 2436 3410 2480 et
3448 2425 3634 2481 lumen

2049 2510 2303 2576 alterum,
2337 2520 2390 2564 et
2457 2510 2776 2565 distributor
2825 2515 3092 2568 donorum
3144 2526 3196 2570 et
3253 2519 3632 2588 mysteriorum

2049 2615 2331 2674 operator,
2369 2613 2426 2659 et
2471 2618 2694 2674 propter
2729 2607 2832 2661 huc
2864 2609 3108 2678 perfecte
3133 2611 3374 2666 initiatus
3413 2612 3632 2667 dicitur.

2050 2696 2327 2750 Diaconos
2375 2707 2558 2750 autem
2592 2707 2675 2751 est
2724 2698 2776 2751 in
2833 2703 2996 2752 tertio
3035 2701 3245 2766 ordine,
3299 2702 3634 2770 Angelorum

2050 2791 2143 2858 qui
2183 2788 2297 2843 Deo
2326 2790 2640 2845 ministrant
2691 2801 2877 2862 typum
2927 2803 3160 2860 gerens;
3193 2809 3329 2863 quos
3368 2804 3636 2863 perpetuo

2051 2883 2222 2936 mittit
2252 2883 2318 2937 ad
2349 2900 2447 2939 eos
2480 2885 2572 2954 qui
2619 2885 2806 2938 volunt
2857 2885 3180 2942 lncreditare
3235 2888 3468 2943 salutem
3505 2907 3520 2953 ;
3581 2871 3638 2943 et

2051 2987 2276 3046 propter
2310 2975 2412 3031 hoc
2441 2993 2641 3046 praeco.
2672 2987 2856 3032 custos
2901 2988 2954 3033 et
3003 2979 3255 3034 minister
3290 2991 3392 3035 est.
3431 2981 3636 3036 Omnes

2053 3079 2178 3120 sunt
2223 3067 2328 3122 Deo
2364 3069 2680 3123 assistrntes
2713 3111 2726 3133 ,
2784 3071 2944 3124 unius
2995 3071 3230 3126 victimae
3273 3081 3636 3142 spectatores,

2057 3159 2216 3228 cujus
2246 3170 2372 3214 sunt
2398 3163 2897 3224 coitimuttieantes,
2936 3165 3377 3232 concorporales,
3414 3173 3469 3218 et
3497 3180 3638 3219 cutt-

2060 3251 2372 3322 glorilicati,
2417 3261 2472 3303 et
2503 3251 2626 3306 aliis
2661 3253 3046 3310 distributores
3084 3258 3258 3326 gratia
3289 3256 3406 3322 Dei,
3441 3273 3642 3326 quam-

2060 3344 2138 3396 vis
2172 3344 2275 3394 hoc
2307 3343 2482 3411 primo
2507 3357 2562 3397 et
2590 3346 2837 3401 secundo
2865 3348 3036 3418 gradu
3057 3349 3170 3416 liat,
3201 3349 3354 3422 juxta
3386 3353 3630 3422 regulam

2058 3433 2350 3502 unicuique
2385 3435 2566 3490 datam
2600 3439 2843 3494 ecelitus.

2129 3520 2554 3578 Consideremns
2589 3541 2718 3596 ergo
2753 3529 2960 3584 Jesum.
3018 3537 3158 3588 Deus
3185 3546 3267 3590 est
3313 3553 3494 3604 verus,
3529 3539 3645 3610 ipse

2060 3619 2142 3664 est
2173 3625 2234 3664 ex
2271 3627 2334 3665 eo
2369 3614 2462 3680 qui
2497 3625 2604 3678 est,
2656 3617 3026 3690 lntelligentiaa
3062 3627 3316 3682 increatae
3359 3627 3594 3684 Verbum
3627 3672 3640 3694 ,

2061 3705 2234 3759 Patris
2265 3706 2509 3760 altissimi
2547 3705 2736 3772 Filius,
2776 3711 2896 3780 ejus
2922 3729 2950 3767 a
3001 3729 3110 3782 quo
3142 3729 3271 3772 sunt
3300 3721 3508 3788 omnia,
3545 3721 3645 3776 Sa-

2061 3796 2292 3864 pientia,
2329 3797 2517 3854 Virtus
2557 3812 2612 3856 et
2642 3803 2920 3872 Verbum;
2965 3823 3061 3876 per
3087 3825 3249 3878 quem
3283 3815 3486 3874 omnia,
3521 3833 3642 3868 utn-

2061 3887 2318 3956 nipotens
2355 3889 2636 3962 Dominus,
2673 3896 3072 3964 immaterialis,
3105 3901 3416 3970 invisibilis,
3449 3905 3644 3961 inetia-

2063 3985 2210 4048 bilis,
2249 3985 2837 4056 incomprehensibilis.
2869 3991 3197 4063 immensus,
3231 3995 3642 4055 incirrutnscri-

2063 4088 2207 4148 ptus,
2239 4079 2630 4148 impalpabilis,
2665 4082 3020 4148 immortalis;
3071 4088 3202 4157 quid
3244 4089 3480 4160 denique
3543 4110 3644 4164 pro

2063 4171 2227 4226 nobis
2260 4169 2439 4226 factus
2476 4175 2602 4227 est?
2655 4173 2848 4242 llomo,
2887 4177 3134 4242 visibilis,
3166 4181 3637 4254 circumscriptus,

2065 4262 2364 4332 passibilis,
2421 4265 2685 4332 mortalis,
2737 4283 2964 4337 pauper,
3015 4273 3358 4342 peregrinus,
3396 4287 3643 4330 contem-

2065 4354 2294 4423 ptibilis,
2322 4355 2600 4421 venditus,
2630 4359 3052 4425 condemnatus,
3081 4363 3388 4433 injuriatus,
3429 4369 3640 4438 illusus,

383 4426 608 4496 θότητος
663 4427 790 4480 ἄλλο
835 4429 1092 4498 μέγιστον
1137 4447 1152 4497 ;
1216 4431 1482 4484 Ἀϐύσσου
1553 4434 1948 4505 εὐσπλαγχνίας

2067 4446 2389 4517 ﬂagellatus,
2414 4449 2732 4506 cruciﬁxus.
2760 4453 2884 4508 llu'c
2911 4470 3006 4523 pro
3027 4426 3187 4512 nobis
3219 4426 3462 4529 pertulit.
3499 4426 3643 4529 Quid

381 4515 436 4568 τί
467 4518 890 4587 γνωριμώτερον
918 4534 934 4586 ;
965 4521 1352 4586 ταπεινώσεως
1382 4523 1520 4576 Θεοῦ
1549 4525 1598 4577 τί
1651 4529 1964 4598 φανερώτε-

385 4621 516 4676 ρον;
560 4607 618 4658 'O
667 4607 894 4678 κτίστης
949 4610 1154 4681 κτίσμα
1187 4651 1204 4677 ,
1257 4615 1286 4666 ὁ
1336 4615 1568 4686 ποιητὴς
1598 4618 1834 4688 ποίημα,
1871 4621 1966 4674 καὶ

383 4699 610 4768 πάσχων
658 4699 800 4770 ὑπὲρ
851 4703 1168 4773 κτισμάτων
1203 4705 1306 4758 ὑπὸ
1363 4705 1468 4760 τῶν
1521 4710 1842 4778 κτισμάτων
1869 4713 1968 4766 αύ-

381 4789 497 4856 τοῦ,
535 4791 639 4844 ὑπὸ
660 4792 768 4846 τῶν
793 4793 995 4848 δούλων
1039 4797 1180 4866 ὑπὲρ
1222 4798 1400 4852 αὐτῶν
1429 4801 1456 4853 ὁ
1483 4803 1785 4870 Δεσπότης,
1825 4803 1966 4873 ὑπὲρ

383 4881 628 4934 ἀπίστων
655 4884 920 4952 ἐχθίστων
967 4889 1363 4959 γεγενημέμων
1415 4892 1588 4964 αὐτῷ,
1633 4893 1816 4950 ἑκοντὶ
1865 4913 1968 4966 μα-

371 4973 753 5042 ’κρυνθέντων,
794 4977 870 5048 τῷ
915 4979 1278 5050 ἐχθρῷαύτοῦ
1319 4983 1722 5042 δουλευσάντων
1751 5027 1766 5054 ,
1804 4989 1968 5042 αὑτὸν

382 5063 546 5134 375
583 5066 930 5138 ὴγνοηκότων
944 5073 1037 5126 τὸν
1070 5074 1316 5146 κτίστην,
1344 5079 1418 5148 μὴ
1456 5080 1855 5148 μεταγνόντων,
1890 5082 1966 5152 μὴ

384 5155 764 5226 ζητησάντων,
805 5161 882 5232 μὴ
919 5165 1408 5237 προσδραμόντων,
1447 5171 1860 5240 ἀποπηδώντων
1905 5175 1964 5226 δὲ

387 5246 610 5314 μᾶλλον,
645 5247 972 5316 διωκόντων,
1016 5255 1486 5328 βλασφημούντων
1517 5265 1614 5316 καὶ
1665 5265 1962 5334 Θανατούν-

384 5351 513 5400 των,
551 5339 746 5394 ἑαυτὸν
795 5345 823 5396 ὁ
862 5346 1070 5413 ἀγαθὸς
1125 5349 1378 5418 δέδωκεν,
1441 5353 1635 5420 ἔπαθε,
1667 5357 1954 5426 τέθνηκεν,

385 5428 609 5502 ἀνέστη,
653 5435 747 5488 καὶ
786 5438 932 5508 ἡμᾶς
966 5444 1313 5515 συνήγειρεν,
1348 5447 1650 5519 ἀνελήφθη,
1679 5453 1774 5504 καὶ
1809 5453 1956 5521 ἡμᾶς

389 5522 740 5590 συνανύψωσε
761 5543 776 5557 ·
810 5530 902 5582 καὶ
931 5532 1085 5598 τέλος
1115 5535 1328 5607 τίθησιν
1349 5538 1541 5594 ἑαυτὸν
1573 5541 1658 5595 ἀεὶ
1690 5541 1756 5596 δι’
1782 5543 1954 5612 ἡμᾶς,

458 5697 480 5731 ⁸
507 5687 622 5756 Jac.
649 5713 688 5770 t,
719 5701 806 5759 17.

2067 4540 2488 4612 divinius?,quid
2510 4545 2688 4612 aptius
2709 4547 2934 4617 majoris
2959 4549 3221 4606 bonitatis
3253 4555 3648 4610 testimonium?

2067 4631 2210 4696 Quid
2241 4634 2414 4705 magis
2445 4636 2706 4692 conferre
2740 4649 2920 4708 potest
2954 4643 3020 4694 ad
3069 4645 3425 4700 revelandnm
3477 4652 3642 4720 abys-

2067 4737 2186 4776 sum
2222 4726 2645 4782 misericordiaz?
2686 4733 2752 4783 ad
2783 4731 3240 4787 manifestandam
3288 4737 3646 4795 humilitatem

2083 4813 2468 4872 Dei?t§reator
2517 4818 2690 4874 factus
2718 4833 2989 4885 creatura,
3027 4826 3208 4894 opifex
3261 4825 3437 4882 factus
3483 4847 3647 4899 opus,

2071 4917 2128 4961 et
2158 4924 2256 4977 pro
2285 4911 2554 4965 creaturis
2603 4926 2634 4964 a
2685 4913 2798 4966 suis
2830 4927 3020 4980 passus
3057 4917 3288 4984 plurima
3323 4923 3593 4976 creaturis
3631 4939 3644 4975 :

2067 5016 2164 5069 pro
2197 5001 2372 5054 servis
2403 5001 2471 5054 ab
2501 5003 2630 5071 ipsis
2698 5005 2872 5058 servis
2923 5004 3194 5064 Dominus
3243 5011 3524 5081 alljectns;
3553 5029 3649 5080 pro

2065 5091 2381 5146 inﬁdelibus
2413 5093 2515 5161 ipsi
2563 5085 2723 5147 factis
2755 5095 3164 5167 intensissimis,
3203 5119 3230 5152 ιι
3261 5101 3420 5170 longe
3457 5115 3650 5172 sponte
3701 5101 3711 5110 ’

2064 5183 2473 5247 recedentibus,
2516 5183 2742 5240 inimico
2773 5189 2896 5258 ejus
2935 5191 3362 5262 adversarioque
3400 5199 3649 5252 servien-

2063 5275 2229 5340 tibus;
2257 5277 2428 5344 ipsum
2459 5277 2772 5334 nolentibus
2793 5297 3088 5351 agnoscere
3121 5285 3433 5341 Creatorem
3462 5306 3645 5358 suum,

2067 5365 2554 5434 impumitentibus,
2588 5369 2737 5424 illum
2769 5387 3014 5440 qumrere
3061 5375 3387 5439 uolentibus.
3423 5395 3524 5434 nec
3573 5381 3648 5434 illi

2067 5459 2512 5526 accurrentibus,
2547 5465 2640 5514 sed
2675 5462 2856 5530 potius
2899 5464 3263 5534 fugientibus;
3305 5469 3649 5540 ejicientibus

2067 5564 2218 5616 enin,
2245 5551 2750 5620 blaspliemantibus
2766 5563 2820 5607 et
2841 5555 3240 5613 trucidantibus
3260 5561 3498 5632 seipsutn
3528 5561 3647 5632 ipse
