4064 6204
471 233 578 297 967

1293 240 1682 301 SYMEONiS
1729 243 1831 300 ΤΠ
1846 221 2028 301 ΕΒΞᾹ
2043 244 2506 304 LONICENSIS
2550 244 2907 307 ARCHIEP.

3626 247 3729 313 {’63

473 352 655 408 Bonus
686 352 932 415 tradidit,
961 367 1155 423 passus
1183 365 1288 420 est,
1333 366 1580 410 usortuns
1608 366 1716 418 est,
1745 356 2044 410 resurrexit

2157 359 2252 411 καὶ
2285 359 2577 428 συγκιρνᾷ,
2610 358 2702 411 καὶ
2738 358 3097 427 συμμίγνυσι,
3131 358 3226 411 καὶ
3267 359 3406 429 μέλη
3435 363 3578 414 ποιεῖ
3606 363 3731 416 ἐαυ-

466 456 524 500 et
552 462 654 502 nos
681 462 864 500 secum
901 448 1158 503 excitavit
1180 463 1210 501 e
1237 463 1453 512 somno;
1491 448 1738 502 ascendit
1766 448 1819 501 in
1847 447 2044 502 cadum

469 549 526 593 et
560 553 660 594 nos
693 553 879 594 secum
921 540 1179 605 elevavit,
1209 551 1264 595 et
1290 540 1529 610 denique
1569 556 1628 595 se
1659 541 1834 610 ipsum
1866 542 2047 609 posuit

468 640 690 701 pr0pter
723 647 824 687 nos
876 632 931 686 in
978 636 1276 688 aeternum!
1310 632 1420 688 Nos
1451 633 1556 688 sibi
1600 633 1790 688 miscet
1823 642 1880 687 et
1913 647 2045 686 cou-

467 734 756 794 corporat:
792 734 844 779 et
881 727 1185 780 membrum
1219 727 1302 780 sui
1353 725 1525 796 ipsius
1571 727 1702 780 facit
1743 736 1796 781 et
1826 741 2046 779 manere

467 832 681 886 semper
717 819 769 871 in
794 819 953 875 nobis
1007 831 1249 890 exoptat,
1287 831 1342 875 et
1374 821 1476 875 hoc
1507 821 1661 890 jubet
1693 829 1747 875 et
1781 820 1927 874 omni
1955 835 2046 872 co-

466 912 685 964 namine
716 913 912 982 satagit
960 924 1018 968 ut
1051 913 1162 968 fiat.
1219 914 1358 980 Quid
1389 919 1506 984 pro
1558 915 1644 969 his
1695 912 2045 968 referamus?

465 1004 608 1067 Quot
649 1012 706 1057 et
751 1014 983 1070 quantas
1030 1013 1235 1059 mortes
1265 1021 1365 1073 pro
1401 1007 1524 1074 ipso
1558 1004 1893 1059 deberemus
1925 1002 2043 1058 suf-

464 1097 609 1150 ferre
641 1097 688 1150 si
737 1098 1067 1168 contigerit?
1115 1101 1209 1152 sed
1242 1112 1475 1166 semper
1508 1098 1576 1151 de
1619 1097 1734 1151 istis
1768 1097 2043 1151 debitores

465 1179 690 1254 erimus,
733 1204 833 1243 nec
864 1206 1101 1260 unquam
1134 1190 1318 1245 debita
1352 1191 1655 1260 rependere
1682 1190 1946 1245 valentes.
1969 1189 2044 1244 De

374 1321 385 1329 .
462 1291 659 1334 caetero
687 1283 904 1347 quando
939 1283 1004 1336 ad
1050 1299 1172 1336 eunt
1216 1283 1554 1348 accedimus,
1587 1299 1755 1352 opera
1789 1293 1844 1338 et
1877 1283 2041 1337 verba

462 1373 787 1428 humilitatis
839 1376 1112 1444 loquimur
1154 1385 1622 1443 et'exercemus;
1681 1375 2040 1430 humiliemur

459 1481 586 1534 ergo
617 1465 671 1519 in
711 1477 1006 1537 conspectu
1045 1467 1161 1536 ejus
1189 1466 1279 1538 qui
1318 1482 1414 1521 nos
1447 1467 1695 1521 hutniliat
1731 1477 1786 1521 et
1818 1468 1907 1536 qui
1942 1483 2041 1537 pro

461 1559 620 1612 nobis
662 1559 980 1613 humiliatus
1019 1569 1122 1614 est.
1178 1560 1681 1615 Contremiscanuts
1737 1561 2040 1629 cogitantes

459 1663 584 1700 cum
629 1649 714 1701 cui
747 1661 990 1704 astamus
1035 1667 1049 1704 :
1099 1650 1312 1705 medius
1373 1651 1530 1705 nobis
1576 1652 1754 1705 adstat
1784 1651 2039 1706 Christus

2153 449 2270 509 τοῦ,
2322 451 2416 502 καὶ
2459 451 2645 518 μένειν
2681 450 3002 520 ἀχωρίστως
3033 451 3091 500 ἐν
3139 451 3275 518 ἡμῖν
3331 449 3604 518 βούλεται,
3640 454 3736 504 καὶ

2153 541 2365 609 ἐφίεται
2395 541 2611 606 τούτου,
2653 544 2750 596 καὶ
2779 540 2997 594 σπεύδει
3032 540 3170 610 πρὸς
3197 540 3377 596 τοῦτο.
3416 541 3483 594 Τί
3515 543 3733 611 προσοί-

2155 648 2320 699 σομεν
2352 631 2474 684 ἀντὶ
2529 631 2776 698 τούτων;
2811 633 2994 685 πόσων
3044 633 3314 696 θανάτων,
3341 633 3391 684 εί
3441 633 3732 702 ὲνεχώρε·ς

2155 725 2248 776 καὶ
2314 725 2644 794 ἀμετρήτων
2701 725 2980 793 ὀφειλέται
3016 725 3192 795 τούτῳ
3221 725 3565 794 τυγχάνομεν
3586 743 3600 790 ;
3636 728 3732 778 καὶ

2150 815 2323 869 ταῦτα
2357 817 2636 886 χρεῶσται
2665 816 2958 876 διαπαντὸς
2990 817 3164 878 ὄντες,
3195 817 3294 869 καὶ
3344 815 3469 869 οὺδέ
3499 816 3569 869 τά
3595 818 3733 887 χρέα

2151 909 2409 960 ἀποτίσαι
2441 907 2751 978 δυνάμενοι.
2786 906 2987 960 Λοιπὸν
3021 907 3185 959 ὁπότε
3212 906 3320 959 κᾶν
3343 905 3735 976 παριστάμεθα

2149 1001 2344 1070 τούτῳ,
2407 1002 2504 1054 καὶ
2549 1000 2616 1054 τὰ
2669 1001 2770 1069 τῆς
2825 999 3206 1064 ταπεινώσεως
3269 999 3405 1067 ἔργα
3452 1001 3546 1053 καὶ
3603 1004 3731 1064 τοὺς

2149 1094 2340 1162 λόγους
2373 1093 2607 1162 λέγομέν
2661 1110 2718 1146 τε
2769 1093 2862 1145 καὶ
2903 1093 3244 1163 πράττομεν,
3303 1094 3732 1163 ταπεινωθῶμεν

2147 1183 2386 1250 ὁρῶντες
2452 1183 2543 1236 τὸν
2607 1183 3012 1237 ταπεινωθέντα
3088 1185 3186 1237 καὶ
3261 1185 3723 1252 ταπεινούμενον·

2148 1276 2434 1344 φρίξωμεν
2466 1274 2779 1336 ἐννοοῦντες
2809 1275 2994 1337 αὐτὸν,
3023 1267 3496 1345 ᾧπαριστάμεθα.
3543 1277 3731 1340 Μέσος

2147 1366 2308 1436 ἡμῶν
2365 1365 2651 1435 πρόκειται
2693 1367 2787 1418 καὶ
2835 1367 3082 1436 ἀοράτως
3115 1367 3351 1437 Χριστὸς
3383 1369 3477 1420 καὶ
3513 1369 3728 1437 ὁρατῶς

2143 1461 2221 1529 τῷ
2251 1460 2380 1529 θείῳ
2416 1461 2566 1531 ἄρτῳ
2597 1460 2691 1512 τοῦ
2727 1459 3006 1530 σώματος,
3033 1462 3128 1514 καὶ
3156 1461 3234 1531 τῷ
3267 1462 3449 1531 σεπτῷ
3479 1462 3729 1532 ποτηρίῳ

2144 1552 2238 1606 τοῦ
2272 1555 2528 1623 αἵματος,
2567 1553 2635 1606 τὰ
2685 1555 2834 1622 πάθη
2862 1555 3081 1616 δεικνὺς
3112 1553 3330 1620 ἐαυτοῦ,
3358 1554 3457 1623 τὴν
3490 1551 3725 1624 σφαγὴν,

2143 1648 2269 1709 τοὺς
2297 1648 2483 1718 ἥλους,
2507 1648 2568 1700 τὸ
2597 1641 2758 1718 αἷμα,
2788 1647 2879 1701 τὸν
2909 1648 3139 1702 θάνατον
3169 1663 3184 1677 °
3222 1647 3412 1716 τρόμῳ
3439 1647 3730 1716 παριστῶ-

461 1741 756 1795 invisibilis
792 1742 846 1794 in
881 1756 959 1805 se,
1007 1743 1103 1796 sed
1145 1743 1374 1796 visibilis
1405 1759 1506 1812 per
1555 1754 1804 1797 sanctum
1837 1760 2032 1813 panem

2145 1759 2246 1811 μεν
2279 1717 2594 1810 ἐγγίζοντες
2646 1717 2818 1810 αὐτῷ,
2853 1742 2948 1794 καὶΙ
2979 1740 3203 1810 ἀμέσως
3241 1740 3434 1792 τοῦτον
3467 1740 3724 1808 δρῶντες,

461 1834 728 1901 corporis,
761 1848 860 1902 per
895 1834 1272 1887 venerandum
1306 1835 1531 1888 calicem
1566 1836 1847 1903 sanguinis
1869 1879 1884 1902 ,
1919 1837 2038 1906 qui-

460 1925 564 1978 bus
589 1932 644 1978 et
673 1925 958 1994 passiones
983 1926 1102 1995 ejus
1133 1935 1600 1994 repraesentantur
1637 1945 1649 1980 :
1684 1927 2037 1993 sacrificium,

459 2017 625 2083 clavi,
665 2017 890 2088 sanguis
921 2028 979 2072 et
1022 2033 1194 2072 mors.
1242 2017 1574 2075 Trementes
1609 2020 1938 2075 accedamus
1985 2033 2040 2074 et

463 2119 704 2164 astemus
742 2109 834 2175 ci;
873 2110 1151 2164 cernimus
1182 2111 1328 2165 enim
1363 2126 1489 2165 cum
1531 2112 1735 2181 absque
1769 2112 1926 2180 velo;
1961 2112 2043 2167 di-

461 2203 700 2257 vidimus
740 2210 795 2256 et
826 2201 1217 2256 manducamus
1247 2243 1260 2268 ,
1292 2213 1347 2258 et
1378 2203 1446 2258 de
1481 2204 1754 2276 sanguine
1803 2206 2042 2262 bibimus

462 2302 518 2347 et
563 2294 737 2364 gratia
790 2291 883 2346 Dei
937 2293 1098 2348 nobis
1145 2294 1410 2348 attributa
1459 2294 1583 2350 aliis
1634 2296 2038 2353 distribuimus.

461 2380 620 2436 Tunc
651 2382 918 2436 mirantur
961 2383 1271 2449 cherubim,
1305 2393 1527 2454 stupent
1576 2385 1850 2456 seraphim
1879 2428 1894 2452 ,
1935 2397 2046 2441 tre-'

455 2483 618 2528 munt
664 2489 856 2528 omnes
904 2476 1269 2531 sanctissima
1303 2477 1554 2541 virtutes,
1592 2478 1944 2532 considerant
1977 2497 2041 2534 ex

458 2565 590 2631 alto,
607 2581 730 2620 cum
753 2569 944 2620 timore
960 2569 1246 2634 assistunt,
1263 2579 1317 2623 et
1332 2580 1632 2638 agnoscunt
1651 2580 1901 2625 naturam
1917 2587 2044 2641 pro-

459 2658 633 2726 priam
673 2671 726 2712 et
749 2659 982 2713 debilem
1018 2669 1301 2714 creaturae.
1323 2659 1388 2714 Et
1427 2669 1709 2730 stupentes
1741 2663 2045 2733 glorificaut

461 2751 780 2804 immensam
813 2751 902 2804 Dei
935 2753 1258 2805 bonitatem.
1288 2751 1585 2806 Nobiscum
1609 2762 1755 2808 stant
1783 2768 1797 2805 :
1832 2754 2041 2808 circum

459 2841 630 2894 altare
666 2841 874 2911 pressis
918 2842 1228 2910 agminibus
1259 2842 1496 2896 humiles
1539 2851 1595 2897 cl
1642 2858 1767 2898 cum
1801 2852 2043 2899 tremore

460 2944 709 2998 manent,
734 2935 1124 3004 praestolamur
1181 2935 1431 2990 zelantes
1480 2937 1752 3006 inspicere
1791 2949 2040 2992 sanctum

2141 1837 2430 1904 τέμνοντες
2459 1852 2520 1887 τε
2574 1835 2668 1886 καὶ
2699 1833 2999 1899 ἐσθίοντες,
3049 1833 3147 1886 καὶ
3202 1835 3448 1896 πίνοντες
3499 1837 3565 1887 ἐκ
3628 1833 3724 1886 τοῦ

2142 1929 2394 1998 αἵματος,
2431 1927 2524 1981 καὶ
2557 1927 2769 1998 ἑτέροις
2814 1926 3188 1996 μεταδιδόντες
3229 1926 3368 1979 κατά
3407 1926 3504 1995 τὴν
3550 1925 3726 1978 δοθεῖ-

2144 2036 2243 2071 σαν
2274 2019 2432 2089 χάριν
2463 2019 2616 2088 ἡμῖν.
2657 2019 2793 2071 Τότε
2828 2018 3102 2086 θαυμάζει
3152 2019 3220 2071 τὰ
3269 2017 3570 2086 Χερουϐὶμ,
3613 2018 3724 2080 ἐξί-

2143 2129 2338 2165 σταται
2361 2111 2428 2164 τά
2459 2112 2728 2180 Σεραερὶμ,
2763 2112 2913 2164 πᾶσα
2939 2111 3193 2180 θειοτάτη
3223 2109 3454 2179 δύναμις
3481 2111 3714 2179 πέφρικε

2143 2203 2457 2273 καθορῶσα,
2494 2203 2589 2256 καὶ
2640 2201 2749 2254 δέει
2800 2201 3159 2271 παρίσταται,
3219 2199 3314 2254 καὶ
3378 2199 3475 2270 τὴν
3538 2201 3717 2253 οἰκίαν

2143 2294 2502 2365 ἐπιγινώσκει
2536 2295 2697 2364 φύσιν
2731 2296 2806 2357 ὡς
2833 2293 3032 2364 κτιστὴ
3065 2294 3160 2347 καὶ
3208 2292 3466 2363 ἀσθενὴς,
3497 2292 3591 2346 καὶ
3633 2293 3726 2345 ἐκ·

2143 2391 2405 2460 πλήκτως
2431 2387 2650 2454 δοξάζει
2683 2389 2783 2459 τῆς
2807 2389 2898 2442 τοῦ
2933 2387 3070 2441 Θεοῦ
3099 2387 3157 2440 τδ
3180 2388 3419 2457 ἄμετρον
3444 2387 3724 2456 ἀγαθὸτη-

2143 2497 2262 2534 τος·
2301 2481 2423 2550 μεθ’
2454 2481 2611 2552 ἡμῶν
2645 2481 2891 2534 ἵστανται
2922 2480 3119 2545 ταῦτα,
3152 2479 3364 2550 xxix).qu
3385 2478 3481 2556 τοῦ
3535 2471 3747 2532 θυσιαὲ

2147 2575 2374 2645 στηρίου
2445 2575 2846 2644 συστελλόμενα
2904 2573 3056 2644 φόόῳ
3103 2572 3278 2643 μένει.
3329 2569 3726 2640 Ἐπιθυμοῦειν

2144 2669 2412 2732 ἀτενίζειν
2435 2669 2512 2739 τῷ
2538 2668 2846 2739 μυστηρίῳ.
2871 2669 2944 2720 Οὐ
2973 2667 3082 2734 γὰρ
3106 2665 3404 2737 ἀπράκτως
3426 2665 3727 2732 παριστάν·

2143 2781 2255 2817 ται.
2301 2762 2546 2816 Ἐκεῖθεν
2581 2762 2676 2814 τοῦ
2712 2761 2844 2816 ἰδίου
2879 2761 3052 2830 φάους
3085 2759 3334 2830 δέχονται
3375 2757 3473 2828 τὴν
3502 2759 3722 2811 ἀκτῖνα.

2145 2855 2382 2909 Αὑτόθεν
2412 2855 2522 2925 γάρ
2554 2855 2647 2908 τοῦ
2677 2855 2852 2922 φωτὸς
2877 2853 3057 2907 αὐτῶν
3088 2855 3120 2922 ἡ
3155 2853 3370 2924 πηγὴ,ή
3417 2849 3514 2903 τοῦ
3546 2849 3725 2918 πυρὸς

2146 2949 2325 3003 αὐτῶν
2350 2950 2550 3019 θέρμη,
2581 2950 2614 3019 ἠ
2642 2947 2779 3018 ζωὴ,
2812 2949 2845 3018 ἡ
2890 2947 3079 3016 σοφία,
3116 2948 3148 3016 ἡ
3184 2945 3406 3016 μύησις.
3444 2943 3505 2996 Et
3538 2942 3722 2995 τοίνυν

459 3025 800 3095 mysterium,
858 3041 964 3078 non
1019 3028 1166 3078 enim
1203 3025 1379 3081 otiose
1428 3043 1680 3096 vaneque
1711 3031 1985 3084 assistunt
2024 3049 2038 3084 :

2146 3041 2322 3105 οὕτως
2353 3035 2504 3094 οὗτοι
2537 3042 2926 3110 παρίστανται,
2966 3040 3017 3092 oi
3067 3037 3170 3102 ἔξω
3200 3037 3428 3100 πάθους,
3458 3037 3506 3088 οῖ
3533 3034 3727 3106 πόρρω

461 3117 610 3170 illinc
639 3118 870 3185 propria:
901 3119 1170 3173 claritatis
1196 3120 1476 3189 accipiunt
1504 3122 1715 3176 radium
1755 3131 1812 3177 et
1846 3124 2036 3194 splen-

459 3211 650 3264 dorem
686 3227 698 3263 :
736 3210 973 3264 indidem
1009 3213 1215 3280 pariter
1259 3213 1478 3268 luminis
1529 3229 1720 3268 eorum
1775 3215 1994 3270 flamma
2018 3257 2033 3282 ,

459 3303 708 3371 ignisque
735 3317 926 3356 eorum
953 3305 1134 3367 ardor,
1155 3319 1346 3358 eorum
1372 3306 1501 3368 vita,
1527 3306 1819 3375 sapientia,
1844 3324 2039 3362 consc-

461 3397 657 3451 cratio.
691 3396 748 3450 Si
795 3411 925 3466 ergo
960 3396 1032 3451 ita
1069 3399 1340 3452 assistunt
1378 3398 1466 3452 isti
1500 3399 1808 3454 nescientes
1838 3415 2038 3471 corpo-

461 3505 608 3544 ream
651 3491 998 3556 densitatem,
1042 3490 1326 3564 ignarique
1351 3494 1532 3547 omnis
1571 3495 1866 3564 passionis,
1902 3511 2040 3565 quo-

460 3581 624 3635 modo
655 3583 914 3637 assistere
941 3583 1208 3638 debemus
1238 3600 1340 3640 nos
1370 3586 1463 3655 qui
1493 3601 1682 3641 smnus
1709 3597 1878 3655 terra,
1908 3591 1998 3660 pttl
2017 3619 2036 3630 -

459 3678 561 3740 vis,
596 3675 847 3730 vermes?
876 3675 1162 3742 Quomodo
1189 3679 1561 3748 nosmetipsos
1590 3682 1932 3738 servabimus
1968 3684 2037 3738 ad

462 3779 670 3821 tantum
701 3768 796 3823 Dei
824 3768 999 3838 opus?
1033 3767 1355 3841 Satagentes
1379 3772 1652 3828 custodire
1674 3789 1776 3830 nos
1809 3774 1864 3828 in
1889 3777 2037 3830 omni

462 3863 654 3916 timore
680 3872 735 3916 et
759 3861 811 3914 in
845 3861 995 3917 omni
1030 3861 1305 3919 desiderio
1334 3864 1388 3918 in
1423 3861 1736 3922 accedendo
1772 3878 1829 3922 et
1861 3869 1914 3921 in
1949 3870 2038 3924 tali

461 3957 680 4022 negotio
741 3955 1132 4010 ministrando.
1174 3955 1313 4010 Cum
1367 3964 1551 4012 autem
1622 3959 1758 4015 illud
1824 3971 2038 4017 tantum

462 4047 738 4117 negotium
776 4062 933 4101 amor
963 4048 1114 4102 solus
1149 4047 1462 4117 perfecerit,
1508 4068 1530 4103 ε
1568 4049 1864 4121 Diligemus
1911 4070 2038 4109 eum

460 4139 554 4209 qui
575 4140 722 4210 prior
738 4139 926 4195 dilexit
950 4157 1050 4197 nos
1073 4141 1226 4195 ⁹·¹⁰.›
1262 4141 1326 4196 Ει
1349 4143 1414 4197 ad
1446 4143 1812 4200 ministerium
1835 4150 2041 4205 amoris

459 4234 605 4286 onmi
655 4234 850 4287 anima:
883 4233 1088 4290 virtute
1116 4244 1171 4289 et
1205 4243 1474 4306 potestate
1506 4238 1850 4294 accedamus.
1900 4241 2038 4296 Cum

459 4323 660 4378 deinde
690 4339 842 4378 amor
867 4326 1025 4380 nobis
1065 4326 1371 4380 ostenderit
1407 4335 1618 4382 tantum
1655 4328 1824 4384 Deum
1861 4330 2039 4386 humi-

2143 3133 2352 3196 πάθους
2417 3134 2642 3196 παντὸς,
2683 3135 2710 3186 6
2756 3132 2885 3202 χοῦς
2937 3132 3121 3202 ἡμεῖς,
3167 3130 3195 3183 6
3254 3128 3456 3199 πηλὸς,
3487 3129 3516 3180 6
3581 3124 3731 3178 σκῶ-

2140 3225 2259 3296 ληξ,
2299 3225 2415 3288 πῶς
2464 3225 2808 3293 παρεστάναι
2853 3221 3178 3291 ὀφείλομεν;
3227 3219 3344 3281 πῶς
3405 3215 3726 3286 ἑτοιμάζειν

2143 3317 2372 3381 ἑαυτοὺς
2413 3317 2549 3387 πρὸς
2591 3317 2754 3384 ἔργον
2802 3317 2939 3370 Θεοῦ
2988 3313 3348 3387 τηλικοῦτον;
3385 3313 3536 3380 Ὀλῳ
3569 3308 3719 3378 φόϐῳ

2143 3411 2237 3463 καὶ
2282 3409 2388 3478 ὅλῳ
2423 3407 2576 3480 πόθῳ
2606 3407 3008 3480 προσέρχεσθαί
3035 3424 3097 3460 τε
3135 3406 3232 3461 καὶ
3265 3401 3718 3474 ἐξυπηρετεῖσθαι

2140 3501 2383 3573 τοσούτῳ
2411 3502 2701 3573 πράγματι
2726 3502 2955 3566 ἑαυτοὺς
2987 3500 3391 3570 ἑτοιμάσωμεν.
3424 3495 3573 3550 Ἐπεὶ
3602 3496 3713 3562 γάρ

2139 3599 2200 3650 τὸ
2249 3597 2491 3652 τοιοῦτον
2547 3601 2648 3651 οὐκ
2694 3598 2822 3652 ἄλλο
2863 3613 2938 3663 τι,
2992 3596 3027 3667 ἢ
3093 3595 3285 3663 ἀγάπη
3349 3592 3507 3661 μόνον
3562 3588 3716 3640 τετέ-

2141 3690 2322 3755 λεκεν,
2377 3691 2754 3760 ἀγαπήσωμεν
2804 3691 2968 3744 αὐτὸν
3020 3689 3112 3743 τὸν
3149 3689 3517 3758 ἀγαπήσαντα
3566 3687 3721 3758 πρῶ-

2141 3801 2232 3836 τον
2262 3785 2434 3853 ἡμᾶς,
2462 3784 2560 3837 καὶ
2591 3786 2657 3854 τῇ
2699 3784 2947 3855 διακονίᾳ
2992 3782 3093 3853 τῆς
3137 3783 3381 3852 ἀγάπης,
3431 3781 3540 3851 ὅλῳ
3601 3781 3723 3834 σθέ-

2142 3894 2223 3931 νει
2289 3875 2471 3944 ψυχῆς
2537 3875 3002 3944 προσερχώμεθα.
3048 3874 3312 3942 Ἐπείπερ
3369 3873 3558 3943 ἀγάπη
3622 3888 3723 3924 τα-

2140 3969 2474 4023 πεινωθέντα
2532 3969 2791 4023 τοσοῦτον
2851 3970 2942 4024 τὸν
3007 3968 3141 4022 Θεὸν
3188 3969 3380 4034 ἔδειξε,
3448 3967 3526 4038 τῷ
3570 3967 3721 4037 ἔργῳ

2141 4063 2242 4132 τῆς
2276 4061 2662 4125 ταπεινώσεως
2689 4063 2927 4125 οἰκείους
2960 4066 3019 4116 ἐν
3048 4062 3376 4116 ταπεινώσει
3407 4064 3494 4115 καὶ
3527 4064 3723 4134 ἀγάπῃ

2143 4157 2605 4226 ὑπηρετήσωμεν,
2637 4157 2762 4209 ἐπεὶ
2795 4155 2996 4220 ἔδειξεν
3036 4155 3462 4226 ἐνανθρωπήσας
3497 4159 3524 4208 6
3561 4155 3718 4222 Θεὸς,

2140 4248 2215 4310 ὡς
2244 4247 2502 4301 ἀδύνατον
2532 4244 2600 4320 ἦν
2632 4249 2758 4319 δίχα
2811 4248 2947 4302 Θεοῦ
2989 4249 3092 4317 τὴν
3149 4247 3364 4318 βροτῶν
3413 4247 3720 4317 ἀναστῆναι

2143 4338 2326 4409 φύσιν,
2350 4339 2552 4410 ἑαυτὴν
2582 4340 2851 4405 ἑκουσίως
2880 4340 3145 4394 ἐκδοῦσαν
3182 4339 3262 4410 τῷ
3306 4339 3586 4410 πτώματι,
3622 4341 3718 4391 καὶ

462 4417 668 4481 liatnm,
699 4431 866 4486 opere
897 4417 1221 4472 humilitatis
1263 4419 1313 4472 ei
1344 4407 1777 4478 iiiinistrabimus
1811 4441 1913 4482 nos
1951 4429 2032 4482 si-

2144 4407 2232 4486 διὰ
2262 4432 2421 4486 τοῦτο
2451 4407 2589 4487 Θεοῦ
2621 4433 2817 4505 ἐδεήθη
2857 4433 3102 4496 ἐνώσεως
3144 4407 3453 4504 ἄνθρωπος,
3488 4433 3722 4496 ἑαυτοὺς

463 4509 620 4561 miles
646 4547 661 4573 ,
691 4508 880 4562 affines
926 4508 1234 4563 humilitate
1263 4519 1318 4563 et
1349 4511 1644 4570 dilectione
1677 4531 1693 4568 :
1723 4532 1844 4571 cum
1879 4519 2037 4574 deni-

461 4614 570 4667 que
603 4599 789 4653 vivens
819 4598 872 4651 in
919 4599 1177 4655 humanis
1213 4601 1353 4657 Deus
1399 4604 1558 4660 nobis
1588 4609 1893 4664 ostenderit
1929 4628 2034 4667 non

464 4702 625 4758 posse
665 4687 920 4744 homines
965 4691 1295 4747 naturaliter
1338 4695 1545 4764 absque
1575 4695 1689 4752 Deo
1721 4714 2033 4772 resurgere,

462 4779 556 4848 qui
589 4780 802 4851 seipsos
847 4781 1163 4839 voluntarie
1207 4786 1275 4840 ad
1326 4791 1541 4859 culpam
1596 4791 1938 4849 tradiderunt
1980 4806 2037 4852 et

462 4882 685 4942 propter
715 4873 822 4928 hoc
852 4874 983 4944 ipsis
1009 4880 1318 4933 necessaria
1354 4881 1455 4935 fuit
1480 4883 1608 4938 unio
1633 4901 1757 4940 cum
1787 4887 1917 4954 Deo,
1943 4905 2037 4946 co-

461 4965 693 5034 gitemus
735 4982 953 5038 semper
995 4981 1261 5038 quantum
1309 4971 1517 5030 debiles
1573 4976 1700 5032 facti
1737 4981 1930 5045 simus,
1986 4992 2043 5037 et

462 5068 729 5128 perpetuo
785 5061 1127 5133 indigeamus
1175 5066 1383 5120 auxilio
1430 5067 1562 5136 Dei,
1613 5081 1668 5125 et
1713 5073 1782 5128 ad
1831 5075 2038 5130 nullam

463 5154 670 5224 absque
723 5154 815 5209 illo
859 5171 1152 5226 assurgere
1199 5161 1477 5228 possimus
1521 5164 1847 5232 scientiam;
1904 5168 2038 5224 dicit

461 5247 604 5301 enim
643 5263 660 5302 :
702 5265 721 5298 ι
760 5247 892 5303 Sine
921 5265 1009 5304 me
1045 5252 1182 5305 nihil
1209 5254 1438 5320 potestis
1469 5253 1647 5310 facere
1685 5258 1748 5310 “.
1789 5278 1808 5309 ι
1847 5257 2036 5328 Itaque

462 5345 517 5390 et
556 5353 652 5392 nos
679 5337 779 5407 ipsi
822 5340 1217 5407 consocietnns,
1244 5350 1300 5396 et
1329 5343 1598 5400 indivulse
1633 5362 1953 5404 maneamus
1977 5352 2034 5406 in

463 5424 574 5479 illo.
608 5425 780 5483 Malus
801 5433 1039 5485 amentia
1071 5440 1126 5485 et
1155 5434 1412 5502 superbia
1451 5435 1630 5490 factus
1655 5448 1738 5492 est
1764 5451 2030 5508 apostata:

462 5531 564 5572 nos
601 5522 908 5590 c0gnitione
941 5534 996 5578 et
1039 5525 1386 5582 confessione
1440 5529 1674 5585 miseriae
1719 5545 1922 5590 nostra-
1955 5536 2037 5592 fa~

529 5696 624 5730 ⁹⁶¹⁰
659 5696 678 5750 1
710 5696 868 5756 Joan.
907 5717 979 5771 tv,
1025 5703 1108 5760 l9.
1195 5706 1234 5737 “
1262 5669 1421 5764 Joan.
1455 5727 1542 5780 xv,
1583 5714 1636 5767 5.

2144 4525 2426 4595 καὶὴμεῖς
2461 4525 2539 4589 ῶς
2595 4525 2924 4596 πεφύκαμεν
2956 4526 3208 4588 ἀσθενεῖς
3233 4527 3323 4579 ἀεὶ
3361 4525 3722 4594 λογιζόμεθα,

2145 4618 2238 4669 καὶ
2271 4616 2556 4686 δεηθῶμεν
2596 4617 2686 4671 ἀεὶ
2712 4616 2850 4670 Θεοῦ
2895 4618 3169 4688 βοηθείας,
3204 4617 3298 4672 καὶ
3349 4617 3517 4687 μηδὲν
3547 4618 3728 4689 χωρὶς

2143 4707 2334 4760 τούτου
2373 4708 2604 4760 πάντοτε
2657 4708 2954 4779 ἐννοῶμεν,
2981 4710 3062 4763 ὅτι
3102 4712 3220 4771 καὶ,
3255 4727 3276 4761 ε
3322 4709 3507 4779 Χωρὶς
3561 4709 3721 4777 ἐμοῦ,

2142 4801 2202 4854 ού
2245 4800 2474 4855 δύνασθε
2507 4803 2682 4853 ποιεῖν
2727 4801 2900 4869 οὐδὲν,
2938 4819 2957 4852 ι
2991 4802 3132 4871 ἔφη·
3171 4801 3260 4855 ἵνα
3307 4802 3400 4856 καὶ
3426 4799 3724 4870 ἑνωθῶμεν

2143 4892 2318 4961 αὐτῷ,
2356 4894 2450 4946 καὶ
2515 4893 2842 4962 άχωρίστως
2895 4894 3170 4964 συνῶμεν.
3221 4894 3286 4946 Et
3342 4893 3661 4962 ἀποστάτης
3695 4895 3726 4944 6

2145 4983 2471 5057 πονηρὸς’τῇ
2504 4987 2740 5058 ἐπάρσει
2776 4987 2872 5040 καὶ
2895 4988 3129 5058 ἀπονοίᾳ
3155 4988 3470 5056 γεγένηται,
3510 4991 3577 5057 τῇ
3601 4988 3723 5039 ἐπι-

2137 5078 2345 5147 γνώσει
2387 5080 2488 5146 τῆς
2520 5081 2796 5151 πτωχείας
2833 5081 3019 5151 ἡμῶν,
3052 5084 3215 5151 ἡμεῖς
3241 5081 3617 5150 οίκειωθῶμεν
3643 5080 3724 5150 τῷ

2138 5173 2372 5244 Κτίστῃ.
2412 5191 2430 5224 ι
2481 5172 2541 5228 Ὀ
2576 5174 2849 5227 ταπεινῶν
2874 5176 3006 5243 γάρ,
3037 5177 3228 5244 φησὶν,
3258 5177 3455 5228 ἑαυτὸν
3503 5176 3722 5244 ὑψωθή-

2143 5280 2318 5320 σεται.
2361 5285 2380 5318 ι
2419 5266 2480 5320 Εἰ
2506 5267 2646 5336 ὑπὲρ
2681 5268 2899 5322 πάντων
2941 5269 3176 5322 δέδωκεν
3215 5270 3413 5323 ἑαυτὸν
3449 5273 3478 5324 6
3515 5269 3716 5323 Δεσπό-

2141 5375 2264 5428 της,
2313 5361 2407 5414 καὶ
2461 5364 2598 5416 πᾶσι
2643 5365 2757 5426 τοῖς
2821 5363 3089 5435 χρῄζουσι
3135 5364 3206 5418 τὰ
3243 5365 3426 5420 πάντα
3479 5366 3719 5435 ἐγένετο,

2144 5449 2371 5512 ἑαυτοὺς
2391 5453 2554 5521 ἡμεῖς
2573 5453 2722 5524 αὐτῷ
2743 5429 2944 5523 δῶξῖεἰὲ,
2978 5454 3067 5507 ἵνα
3095 5456 3190 5508 καὶ
3215 5455 3326 5509 τῶν
3359 5429 3531 5508 αὐτοῦ
3557 5429 3724 5517 αὖθις

2145 5540 2434 5611 γενώμεθα
2471 5545 2712 5616 μέτοχοι.
2770 5548 3195 5618 Διακονήσωμεν
3248 5546 3415 5601 αὐτοῦ
3450 5545 3527 5616 τῷ
3570 5544 3726 5616 ἔργῳ
