4064 6204
303 307 402 370 96')

1586 305 1682 365 DE
1741 303 1922 364 SACE
1935 301 1978 360 [ἶ
1993 301 2230 363 DOTlO.

3469 288 3573 352 9ῗο

305 409 626 490 προθύμως,
683 417 776 472 καὶ
833 420 882 470 εί
922 417 1147 476 δυνατὸν
1185 415 1305 472 καθ’
1339 419 1578 486 ἑκάστην
1638 421 1734 488 τὴν
1767 437 1886 488 ipp:-

2019 415 2202 472 uiliare
2255 411 2344 465 Dei
2405 409 2743 462 lucrabimur
2795 405 3164 460 consortium.
3221 403 3436 458 Dictum
3489 417 3567 458 es!

309 517 444 587 κτὴν
490 515 638 584 αὐτῷ
673 513 868 565 θυσίαν
901 512 1329 582 προσφέρωμεν.
1379 511 1748 582 Ἐπιθυμητὸν
1781 513 1888 580 γὰρ

308 605 460 676 αὐτῷ
487 593 668 658 τοῦτο.
712 623 729 656 ι
779 603 1100 672 Ἐπιθυμίᾳ,
1137 603 1326 672 φησιν,
1363 602 1684 672 ἐπεθύμησα
1729 602 1890 654 τοῦτο

308 695 369 748 τὸ
413 696 604 764 Πάσχα
630 695 829 762 φαγεῖν
859 690 978 760 μεθ’
1009 691 1184 760 ὑμῶν.
1219 711 1236 742 ι
1273 692 1378 743 Καὶ
1429 692 1694 759 διηνεκῶ;
1729 692 1892 746 τοῦτο

311 784 492 852 ζητεῖ,
528 803 546 834 ι
573 783 646 840 υὺ
672 783 944 852 Ποιήσατε
972 783 1104 852 γὰρ,
1125 781 1254 852 ἔφη,
1277 783 1412 835 ἀλλὰ
1442 801 1462 833 ι
1485 783 1655 836 Τοῦτο
1685 784 1890 836 ποιεῖτε

312 879 394 940 είς
423 877 524 944 τὴν
555 874 695 944 ἐμὴν
742 874 1078 944 ἀνάμνησιν,
1117 892 1136 925 ι
1181 875 1741 944 τουτέστιδιηνεκῶς.
1781 876 1892 930 Καὶ

309 977 362 1030 τί
397 972 525 1030 ἄλλο
555 972 740 1042 μεῖζον
772 969 936 1040 ἔργον
966 969 1032 1024 ἂν
1053 969 1138 1040 εἴη
1169 970 1263 1024 τοῦ
1297 971 1464 1040 ἔργου
1494 971 1688 1024 τούτου
1717 987 1730 1036 ;
1758 971 1910 1040 ὅπερ»

289 1068 434 1119 κέστὶ
459 1063 698 1135 Χριστοῦ
724 1065 758 1134 ἡ
784 1063 1118 1132 ἀνάμνησις,
1143 1062 1204 1116 τὸ
1231 1063 1506 1132 σφαγῆναι
1538 1061 1728 1117 τοῦτον
1752 1063 1894 1134 ὑπὲρ

317 1159 476 1229 ήμῶν
528 1155 624 1209 καὶ
663 1153 928 1222 διηνεκῶς
983 1151 1232 1205 θύεσθαι.
1287 1169 1305 1202 ι
1345 1150 1520 1204 Τοῦτο
1579 1151 1688 1221 γάρ
1724 1152 1894 1214 ἐστιν,

315 1256 442 1320 ἔφη,
469 1251 529 1301 τδ
565 1245 727 1316 σῶμα
777 1263 879 1316 μου
911 1243 973 1297 τὸ
1009 1243 1151 1312 ὑπὲρ
1179 1243 1334 1312 ὑμῶν
1367 1243 1677 1314 κλώμενον,
1718 1261 1736 1294 ι
1773 1260 1898 1296 του-

311 1347 494 1398 τέστιν
526 1342 620 1396 ἀεί
647 1357 660 1369 ·
697 1359 716 1391 ι
759 1339 872 1393 Καὶ
897 1336 1060 1390 τοῦτό
1089 1338 1205 1391 ἐστι
1239 1337 1306 1390 τὸ
1341 1334 1480 1406 αἷμά
1511 1355 1642 1406 μου,
1673 1337 1730 1389 τὸ
1760 1337 1900 1406 ὑπὲρ

315 1437 470 1502 ὑμῶν
495 1433 878 1506 ὲκχυνόμενον,
919 1449 936 1486 ι
967 1431 1065 1500 οὐχ
1114 1429 1266 1496 ἅπαξ
1305 1429 1558 1502 ἐκχυθὲν,
1587 1430 1730 1486 ἀλλὰ
1764 1431 1902 1484 πάν-

313 1547 435 1584 τοτε
470 1528 733 1598 δηλονότι.
787 1525 955 1580 Οὐδὲν
979 1527 1091 1596 ἄρα
1121 1525 1286 1598 376
1316 1528 1530 1597 ταύτης
1572 1529 1673 1597 τῆς
1707 1525 1901 1592 θυσίας

313 1621 764 1694 ὲπωφελέστερον
795 1621 926 1690 ἡμῖν
959 1619 1056 1672 καὶ
1090 1618 1211 1690 Θεῷ
1240 1619 1737 1691 προσφιλέστερον.
1771 1618 1904 1676 Ὅτι

313 1715 411 1768 καὶ
448 1713 609 1784 ἔργον
639 1711 832 1778 αὐτοῦ,
870 1712 1098 1780 καὶτῆς
1149 1713 1572 1784 ἀνθρωπότητος
1614 1713 1902 1768 ἀνακαίνιη

1991 508 2135 562 enim
2163 522 2176 557 ι
2205 526 2220 556 ι
2236 505 2338 571 Qui
2364 517 2424 556 se
2445 501 2697 555 humiliat
2720 499 3048 554 exaltabitur
3076 499 3137 552 “.
3154 519 3170 549 ι
3193 495 3298 552 Pro
3321 497 3577 551 omnibus

1993 601 2238 670 seipsu-m
2295 597 2518 651 tradidit
2571 593 2860 655 Domi-nus,
2917 599 2972 644 et
3023 589 3276 644 omnibus
3323 590 3566 664 proficua

1995 691 2218 746 fuerunt
2255 705 2375 758 qua:
2412 687 2536 740 fecit
2577 699 2591 738 τ
2639 685 2739 754 ipsi
2785 699 2885 737 nos
2928 683 3195 734 donemus
3247 691 3306 736 ut
3337 679 3578 734 vicissim

1997 785 2266 838 honorum
2325 782 2444 850 ejus
2508 780 2817 833 habratuus
2891 773 3389 846 participationem.
3467 773 3580 827 lluc

1997 891 2162 946 opere
2194 875 2311 942 ejus
2345 872 2590 926 zelanter
2641 871 2934 940 fungamur
2984 867 3362 921 ministrantes
3388 906 3404 930 ,
3450 877 3506 922 et
3535 869 3578 922 si

2001 968 2120 1022 fieri
2155 973 2358 1034 potest,
2390 962 2633 1032 quotidie
2665 959 2994 1016 sarritieium
3021 955 3359 1014 tremendum
3385 955 3596 1014 offero?

2001 1073 2124 1112 mus
2164 1059 2247 1122 ei;
2297 1055 2430 1110 illud
2486 1055 2604 1124 ipse
2650 1053 3008 1106 vehementer
3048 1061 3302 1120 exoptat,
3345 1050 3530 1104 dicens
3571 1071 3598 1124 :~

2010 1166 2028 1198 ι
2065 1147 2352 1202 Desiderio
2384 1143 2691 1200 desideravi
2730 1144 2832 1196 hoc
2866 1143 3070 1212 pascha
3133 1141 3467 1195 manducare
3496 1158 3588 1196 vo-

2003 1239 2214 1295 biscum
2253 1239 2316 1292 ¹³.
2357 1257 2374 1290 ι
2413 1239 2474 1291 Et
2505 1237 2634 1290 illud
2673 1245 2938 1305 perpetuo
2973 1233 3210 1304 postulat
3253 1249 3265 1283 :
3303 1248 3413 1288 non
3451 1232 3589 1289 dicit

2004 1334 2189 1391 enim;
2227 1331 2483 1396 Facietis,
2530 1335 2622 1384 scd
2657 1346 2674 1384 :
2713 1346 2736 1379 ι·
2765 1328 2878 1384 lloc
2909 1329 3071 1382 facile
3097 1335 3100 1338 λ
3125 1329 3178 1382 in
3233 1343 3410 1384 meam
3441 1345 3588 1383 com-

2005 1425 2456 1478 memorationem
2483 1423 2548 1486 “,
2577 1441 2594 1474 ι
2629 1423 2733 1476 hoc
2763 1429 2868 1484 est,
2892 1430 3174 1490 perpetuo.
3200 1419 3486 1486 Quodnam
3508 1429 3590 1474 cst

2008 1516 2156 1574 aliud
2185 1531 2324 1584 epus
2352 1516 2454 1570 isto
2483 1531 2652 1584 opere
2685 1514 2898 1584 majus?
2927 1514 3070 1583 quod
3095 1523 3180 1568 est
3206 1515 3409 1569 Christi
3440 1529 3590 1568 com-

2008 1611 2334 1666 memoratio
2356 1599 2388 1672 ,
2413 1609 2564 1664 illum
2617 1624 2821 1678 nempe
2875 1623 2976 1678 pro
3007 1607 3170 1662 nobis
3203 1609 3503 1663 sacrificari
3539 1619 3592 1660 et

2007 1714 2278 1774 perpetuo
2329 1700 2557 1758 oderri:
2598 1718 2618 1750 ι
2679 1699 2791 1754 Hoc
2833 1708 2918 1754 est
2963 1697 3110 1754 enim
3157 1713 3359 1767 corpus
3409 1714 3590 1751 menta

315 1821 424 1869 σις,
470 1805 564 1856 καὶ
609 1802 794 1858 τούτου
857 1805 1114 1856 κοινωιία
1201 1804 1321 1874 μεθ’
1348 1804 1530 1874 ἡμῶν,
1584 1803 1766 1866 καθὼς
1809 1805 1904 1858 καὶ

2019 1796 2154 1865 quod
2190 1811 2286 1864 pro
2320 1793 2474 1848 vobis
2493 1790 2798 1846 traditur,"
2818 1806 2836 1860 ;
2874 1808 2893 1842 ι
2935 1790 3039 1845 hoc
3069 1798 3174 1856 est,
3206 1785 3442 1857 semper.
3475 1788 3540 1844 Et
3575 1804 3590 1840 :

317 1895 624 1964 σαρκωθεὶς
641 1894 836 1962 ἔδειξε,
860 1897 957 1950 καὶ
981 1895 1190 1966 μέλλων
1214 1897 1472 1966 πάσχειν,
1496 1895 1699 1966 ηὔξατο
1719 1896 1896 1952 τοῦτο.

322 2007 340 2040 ι
383 1989 498 2042 Ἰνα
530 1981 662 2044 ὦσιν
691 1987 771 2050 ἓν,
829 1986 1011 2051 καθὼς
1048 1988 1236 2058 ἡμεῖς,
1277 2007 1294 2038 ι
1327 1989 1522 2058 φησίν.
1563 1990 1680 2040 Ὀ.ι
1725 1987 1782 2041 δὲ
1813 1989 1904 2044 διὰ

317 2079 510 2156 τούτου
544 2079 605 2134 ἓν
661 2078 932 2150 γινόμεθα
973 2078 1090 2150 μετ’
1137 2077 1328 2140 αὑτοῦ,
1385 2077 1550 2140 αὐτὸς
1605 2080 1900 2148 μαρτυρεῖ.

325 2191 344 2222 ε
389 2171 447 2224 '0
473 2171 703 2242 τρώγων
742 2189 867 2244 μου,
897 2169 1057 2241 φησὶ,
1085 2169 1185 2240 τὴν
1217 2171 1421 2240 σάρκα,
1452 2169 1547 2222 καὶ
1580 2172 1752 2224 πίνων
1798 2185 1902 2238 μου

325 2269 388 2322 τὸ
418 2261 577 2338 αἷμα,
617 2270 675 2319 ἐν
708 2269 834 2337 ἐμοὶ
867 2269 1042 2338 μένει,
1083 2264 1238 2333 κάγὼ
1269 2268 1326 2319 ἐν
1365 2265 1536 2336 αὐτῷ,
1573 2285 1592 2317 ι

2014 1907 2031 1940 ι
2075 1885 2174 1940 llic
2203 1896 2286 1941 est
2337 1885 2559 1955 san-guis
2605 1899 2762 1938 meus
2794 1881 2886 1953 qui
2915 1897 3011 1952 pro
3041 1879 3197 1936 vobis
3221 1879 3468 1935 funditur
3492 1880 3586 1933 η.»

2009 1979 2130 2036 Non
2161 1980 2330 2035 semel
2351 1978 2561 2033 eﬂusus
2582 1976 2818 2040 cst,.sed
2854 1974 3126 2044 hodieque
3152 1982 3209 2028 et
3237 1987 3450 2042 semper
3471 1972 3596 2026 fun-

2010 2075 2182 2137 ditur,
2232 2073 2536 2128 evidenter.
2593 2069 2737 2124 Nihil
2776 2077 2861 2124 est
2897 2077 3079 2122 autem
3131 2075 3188 2122 et
3234 2067 3393 2121 nobis
3423 2067 3595 2142 magis

2011 2169 2320 2238 proﬁcuum
2364 2176 2420 2222 et
2455 2165 2572 2220 Deo
2610 2165 2780 2237 magis
2823 2161 3153 2234 gloriﬁcum,
3181 2160 3308 2230 quia
3355 2160 3458 2215 hoc
3509 2166 3634 2229 est_

2026 2282 2164 2336 opus
2207 2265 2327 2334 ejus
2373 2263 2634 2320 dilectum
2687 2271 2742 2316 et
2791 2256 3152 2314 humanitatis
3187 2247 3492 2320 renovatio,
3545 2267 3600 2313 ιι

326 2361 447 2434 ejus
471 2363 760 2419 nobiscum
788 2359 1234 2424 communicatio,
1289 2369 1349 2414 ut
1372 2358 1610 2416 ostendit
1651 2358 1986 2430 incarnatus,
2027 2369 2088 2416 et.
2120 2375 2244 2415 mox
2281 2373 2548 2432 passurus
2579 2356 2823 2428 apertius
2863 2355 3045 2411 innuit
3074 2359 3263 2414 dicens
3297 2376 3308 2411 :
3343 2375 3361 2406 ι
3390 2354 3458 2410 Ut
3487 2353 3600 2410 sint

325 2471 497 2512 unum
532 2457 676 2510 sicut
721 2469 822 2508 nos
852 2454 914 2508 ".
957 2473 974 2506 ι
1021 2452 1131 2508 Nos
1173 2445 1356 2510 autem
1393 2451 1498 2508 hoc
1563 2468 1732 2522 opere
1769 2471 1941 2509 unum
1988 2456 2104 2511 ﬁeri
2137 2471 2265 2511 cum
2321 2458 2462 2526 ipso,
2499 2457 2614 2524 ipse
2645 2464 2882 2518 testatur
2917 2469 3043 2510 cum
3083 2451 3201 2514 ait:
3241 2471 3259 2504 ι
3299 2451 3401 2519 Qui
3443 2463 3600 2504 mau-

325 2552 488 2606 ducat
519 2565 694 2604 meam
741 2563 962 2604 carnem
993 2561 1049 2604 ct
1091 2548 1224 2604 bibit
1263 2564 1442 2606 meum
1487 2551 1810 2620 sanguinem
1843 2552 1898 2604 in
1941 2567 2026 2606 me
2055 2563 2242 2606 manet
2273 2563 2326 2607 et
2356 2567 2458 2621 ego
2486 2555 2542 2606 in
2572 2568 2637 2606 eo
2663 2552 2725 2606 ¹⁸.
2760 2571 2778 2604 ι

407 2645 581 2710 ’Υπὲρ
613 2645 797 2698 πᾶσαν
829 2642 1008 2698 τοίνυν
1065 2644 1384 2714 προσευχήν
1415 2661 1474 2696 τε
1527 2646 1622 2702 κα).
1673 2645 1908 2708 αἷνεσιν,

328 2740 523 2792 τούτου
560 2734 926 2806 ἐπιμελητέον
954 2735 1050 2788 τοῦ
1098 2735 1286 2804 ἔργου·
1347 2737 1428 2788 ὃτι
1498 2737 1594 2790 καὶ
1632 2736 1718 2790 διὰ
1752 2736 1912 2790 τοῦτο

329 2831 480 2882 πᾶσα
539 2827 838 2896 προσευχὴ.
877 2825 1008 2876 Καὶ
1057 2823 1116 2875 τὸ
1174 2823 1334 2875 πλέον
1387 2822 1497 2876 τῶν
1547 2821 1772 2892 ἡμερῶν
1808 2823 1910 2890 τῆς

330 2920 612 2988 ἡμετέρας
648 2917 792 2987 ζωῆς
822 2915 981 2969 τοῦτο
1008 2914 1280 2984 ποιῶμεν.
1305 2914 1430 2967 Ὀτι
1465 2913 1560 2972 καὶ
1590 2913 1752 2970 τοῦτο
1781 2913 1914 2984 περὶ

327 3011 522 3064 τούτου
555 3010 869 3077 λογίζεσθαι
911 3009 1110 3080 χρεὼν,
1149 3009 1196 3060 εί
1228 3007 1433 3080 ἐνεργὰ
1467 3005 1538 3064 τὰ
1579 3007 1912 3062 θείαξπάντα

328 3107 472 3178 ἔργα
503 3122 560 3156 τε
595 3104 687 3156 καὶ
719 3103 870 3171 λόγοι
902 3103 950 3154 οἱ
994 3103 1053 3154 ἐν
1078 3099 1156 3169 τῷ
1186 3101 1403 3170 κόσμῳ,
1441 3099 1535 3154 καὶ
1560 3099 1715 3176 obesa
1743 3099 1914 3170 ἀργὸν

335 3197 476 3266 μετὰ
531 3195 591 3248 τὸ
624 3195 880 3262 γενέσθαι
941 3191 1100 3250 ποτέ.
1135 3192 1249 3246 Καὶ
1287 3189 1452 3262 δῆλον
1501 3191 1562 3256 ἐξ
1593 3183 1668 3250 ὧν
1697 3190 1916 3261 ὁρῶμεν

329 3284 554 3336 πάντων
588 3285 908 3352 κτισμάτων
961 3281 1206 3352 ἐνεργῶν
1235 3279 1404 3336 ὄντων
1431 3281 1542 3346 ἀεὶ,
1593 3281 1832 3360 οὐρανοῦ
1853 3297 1914 3333 τε

2085 2647 2262 2715 Super
2291 2661 2512 2701 onmem
2540 2661 2672 2716 ergo
2707 2660 2922 2716 precem
2955 2653 3010 2700 et
3035 2643 3252 2700 laudem
3287 2643 3450 2711 hujus
3469 2657 3592 2714 opc-
3619 2697 3623 2700 _

2017 2743 2094 2796 ris
2131 2741 2270 2796 ratio
2301 2741 2544 2795 curanda
2593 2747 2696 2802 est,
2743 2739 2872 2810 quia
2909 2749 3136 2808 propter
3185 2739 3366 2808 ipsum
3417 2746 3470 2789 et
3505 2748 3604 2803 per

2017 2833 2194 2902 ipsum
2226 2833 2405 2887 omnis
2435 2833 2636 2886 oratio.
2661 2829 2728 2885 Et
2754 2831 3091 2900 principuum
3118 2827 3326 2882 dierum
3352 2825 3598 2882 omnium

2017 2921 2142 2978 vitae
2167 2933 2368 2978 nostra:
2398 2925 2674 2992 negotium
2709 2923 2809 2977 hoc
2834 2922 3125 2986 faciamus;
3151 2919 3279 2989 quia
3319 2928 3372 2971 et
3398 2918 3502 2978 hoc
3531 2918 3600 2972 de

2021 3011 2114 3069 illo
2148 3015 2439 3070 dicendum
2473 3033 2488 3069 :
2526 3015 2581 3069 Si
2617 3031 2782 3084 opera
2809 3027 3203 3083 sermonesque
3223 2997 3354 3082 qua:
3390 3014 3442 3065 in
3468 3011 3604 3066 orbe

2023 3114 2264 3176 aguntur
2310 3119 2465 3158 suam
2497 3120 2526 3158 a
2571 3105 2678 3158 Deo
2707 3107 2816 3158 vim
2861 3104 3064 3158 habent
3097 3102 3352 3166 actionis,
3384 3111 3438 3155 et
3471 3099 3598 3153 nul-

2025 3197 2134 3250 lum
2166 3197 2400 3250 otiosum
2431 3207 2511 3250 est
2542 3206 2831 3266 postquam
2855 3207 3097 3252 creatum
3120 3205 3224 3250 est.
3249 3193 3386 3250 Illud
3411 3205 3598 3250 autem

2021 3297 2104 3342 est
2124 3288 2352 3342 evidens
2385 3304 2449 3342 ex
2482 3289 2582 3342 hoe
2611 3287 2755 3357 quod
2791 3287 3038 3343 videmus
3067 3289 3248 3344 omnia
3270 3302 3452 3343 creata
3477 3301 3606 3355 ope-

327 3375 473 3444 λέγω
496 3369 814 3444 κινουμένου
844 3375 956 3440 ἀεὶ,
982 3376 1080 3428 καὶ
1109 3377 1213 3444 γῆς
1238 3373 1649 3446 βλαστανούσης
1675 3375 1770 3429 καὶ
1800 3373 1912 3427 τῶν

2021 3377 2232 3432 ratione
2269 3379 2543 3432 constanti
2575 3377 2847 3462 exerceri,
2892 3379 3090 3436 caelum
3125 3379 3346 3450 inquam
3387 3391 3606 3448 semper

327 3469 389 3521 ὲν
420 3469 496 3538 τῷ
525 3469 674 3538 μέσῳ
705 3466 1131 3537 διενεργούντων
1163 3465 1398 3520 ἑκάστου
1434 3465 1496 3518 τὸ
1540 3465 1696 3518 ῐδιον·
1731 3462 1910 3531 πολλῷ

329 3555 534 3626 μᾶλλον
567 3553 786 3624 ἐνεργὸς
821 3554 1030 3621 ὀφείλει
1079 3553 1379 3620 τυγχάνειν
1413 3553 1441 3602 ὁ
1474 3553 1614 3620 πρὸς
1661 3551 1726 3604 τὸ
1751 3551 1914 3620 ἔργον

329 3647 491 3702 τοῦτο
525 3649 583 3700 τὸ
628 3647 906 3700 θειότατον
937 3647 1056 3698 ’καὶ
1108 3644 1372 3714 μέγιστον
1438 3643 1743 3705 καταστάς.
1805 3642 1915 3693 Καὶ

331 3740 478 3802 circa
512 3736 747 3806 αἰσθητὰ
794 3737 974 3790 πάντα
1008 3736 1312 3804 ἀκαμάτως
1366 3735 1606 3802 ἐνεργεῖ,
1635 3733 1731 3786 καὶ
1759 3732 1790 3784 ὁ
1825 3749 1915 3801 μι-

332 3833 468 3904 κρὸς
518 3832 722 3900 κόσμος
751 3822 909 3894 οὗτος
959 3832 1054 3884 καὶ
1110 3831 1291 3898 μέγας
1331 3830 1359 3882 ὁ
1414 3825 1726 3896 ἄνθρωπος,
1757 3823 1917 3876 τοῦτο

331 3922 632 3990 δείκνυσιν,
669 3922 895 3992 ἐνεργὸς
925 3922 1016 3974 ἀεὶ
1045 3921 1242 3986 τελῶν,
1279 3919 1359 3990 τῷ
1395 3919 1646 3990 αἰσθητῷ
1675 3917 1774 3988 μὲν
1806 3919 1918 3980 τοῖς

335 4017 639 4088 αἰσθητοῖς,
671 4015 1029 4086 τρεφόμενος,
1073 4014 1478 4084 αὐξανόμενος,
1508 4009 1917 4082 ἀλλοιούμενος,

335 4111 417 4186 τῷ
446 4095 624 4180 νοητῷ
653 4109 732 4174 δὲ,
761 4093 870 4170 τοῖς
901 4109 1135 4176 νοητοῖς,
1164 4107 1250 4162 ἀεὶ
1283 4105 1362 4176 τῷ
1388 4105 1464 4174 νῷ
1493 4106 1592 4158 καὶ
1613 4105 1689 4174 τῷ
1718 4105 1922 4173 λογικῷ

333 4205 441 4274 τῆς
463 4202 642 4274 ψυχῆς
673 4201 914 4270 ἐνεργῶν
943 4201 1040 4252 καὶ
1071 4198 1418 4268 κινούμενος,
1453 4199 1528 4260 ὡς
1573 4195 1828 4250 ἐντεῦθεν
1857 4197 1924 4248 ἐκ

337 4297 444 4368 τῆς
473 4295 566 4349 τοῦ
599 4295 949 4364 ἀνθρωπίνου
977 4293 1095 4356 νοὸς
1147 4292 1422 4362 κινήσεως
1469 4291 1566 4345 καὶ
1595 4290 1694 4352 τὰς
1725 4289 1918 4358 vespa;

341 4389 440 4440 xui.
473 4387 622 4461 θείοις
675 4385 936 4454 δυνάμεις
970 4385 1313 4452 ἀεικινὴτους
1375 4377 1518 4436 εἱναι
1577 4380 1920 4449 λογίζεσθαι.

339 4479 468 4542 Πῶς
509 4478 616 4547 ἄρα
643 4477 702 4529 τὸ
763 4477 1022 4544 μέγιστον
1072 4475 1236 4544 ἔργον
1271 4475 1371 4546 τῆς
1427 4475 1674 4547 μεγάλης
1717 4475 1924 4544 ταύτης

335 4571 620 4634 διακονίας
639 4568 733 4622 τοῦ
748 4566 908 4628 Θεοῦ,
933 4566 994 4618 τὸ
1024 4565 1160 4634 ὑπὲρ
1184 4564 1366 4636 πάσης
1391 4567 1722 4634 κτίσεω;,δι’
1748 4559 1807 4622 οὗ
1845 4570 1926 4628 εἰς

338 4670 406 4724 τὸ
420 4669 480 4722 εὖ
498 4665 636 4722 εἷναι
663 4666 731 4718 τὰ
753 4665 884 4720 ὅντα
908 4666 1350 4736 χειραγωγεῖσιαι,
1371 4663 1490 4731 Θεῴ
1512 4661 1800 4732 ἑνούμενα,
1833 4663 1930 4715 καὶ

341 4762 466 4814 θεῖα
489 4759 778 4830 γινόμενα,
815 4757 912 4808 καὶ
937 4754 1141 4824 μᾶλλον
1173 4756 1240 4808 τὰ
1277 4753 1494 4821 λογικὰ,
1527 4754 1622 4806 καὶ
1647 4753 1928 4822 ἄνθρωποι

341 4854 454 4924 πρὸ
513 4851 732 4903 πάντων
783 4847 1116 4918 τεθνηκότες
1154 4846 1252 4899 καὶ
1287 4847 1510 4910 ζῶντες,
1555 4845 1732 4916 ἀργὸν
1774 4846 1929 4897 ἔσται

343 4947 478 5000 ποτὲ
531 4945 618 4998 διὰ
651 4931 752 5012 τῆς
786 4929 1082 5012 ῥᾳθυμίας,
1113 4939 1146 5009 ἢ
1176 4939 1272 4991 καὶ
1325 4936 1590 5007 δοκούσης
1635 4937 1926 4998 εὐλαϐείας

340 5040 458 5092 τῶν
483 5039 674 5106 ἱερέων
696 5053 712 5102 ;
742 5035 856 5096 Οὐκ
880 5035 995 5088 ἐστι
1018 5034 1116 5102 τῆς
1139 5032 1250 5084 τῶν
1269 5030 1589 5102 μυστηρίων
1613 5031 1928 5102 ἱερουργίας

345 5132 386 5198 ἡ
411 5129 582 5200 ἀργία
609 5127 894 5191 εὐλάϐεια,
924 5127 1024 5182 οὐκ
1065 5127 1203 5190 ἔστι,
1228 5124 1462 5204 κώλυμδοι
1503 5125 1560 5176 δὲ
1593 5125 1796 5194 μᾶλλον
1823 5125 1925 5190 τῆς

348 5227 624 5294 σωτηρίου
666 5223 856 5286 θυσίας
881 5223 974 5274 καὶ
1005 5220 1108 5290 τῆς
1137 5218 1388 5272 ἐντεῦθεν
1417 5215 1708 5286 ὠφελείας.
1745 5216 1808 5268 El
1832 5210 1926 5267 οὖν

353 5319 432 5388 μὴ
458 5318 522 5369 τὸ
555 5314 766 5370 κωλύον
801 5314 936 5382 πρὸς
971 5313 1030 5367 τὸ
1057 5313 1362 5383 ἱερουργεῖν
1391 5313 1561 5374 ἐστιν,
1592 5311 1624 5378 ἠ
1655 5311 1928 5378 σωτήριος

351 5411 514 5463 θυσία
548 5408 812 5478 διηνεκῶς
841 5403 1192 5474 ὲνεργείσθω.
1215 5406 1484 5474 ὐργανον
1518 5403 1662 5473 ἱερὸν
1688 5402 1716 5453 ὁ
1748 5401 1927 5472 ἱερεὺς

351 5501 682 5574 ἀπεδείχθη·
724 5499 802 5569 μὴ
835 5499 1003 5568 ἀργὸν
1041 5497 1272 5567 μενέτω.
1307 5498 1482 5550 Δώσει
1510 5499 1619 5565 γὰρ
1645 5498 1828 5565 λόγον,
1853 5496 1930 5558 ὡς

349 5594 659 5660 λογίζομαι,
693 5591 794 5662 τῆς
843 5590 1063 5661 ἀργίας·
1104 5591 1178 5652 ὡς
1211 5592 1304 5644 καὶ
1333 5593 1360 5644 ὁ
1392 5591 1536 5654 θεῖός
1567 5607 1702 5658 φησι
1763 5587 1926 5641 Βασί›

456 5713 496 5741 ¹²
529 5711 714 5766 Matth.
751 5725 906 5778 χχιιι,
936 5708 1022 5762 l2.

357 5783 404 5817 “
426 5781 582 5838 Junii.
613 5797 684 5841 vl,
726 5781 814 5836 5'7.

598 5877 871 5938 ΡΑτιιοι.
903 5874 1016 5935 Gn.
1053 5871 1228 5934 CLV.

1106 5706 1149 5738 ¹³
1181 5705 1314 5760 Luc.
1347 5705 1596 5772 “11,15.
1678 5703 1720 5734 ιδ
1753 5700 1865 5758 Luc
1919 5717 2054 5768 xxii,
2101 5702 2186 5758 l9.

2016 3469 2239 3532 moveri,
2272 3467 2559 3521 etderram
2587 3469 2876 3524 frondibus
2904 3471 3084 3526 virere
3109 3481 3168 3526 et
3208 3487 3330 3542 quae
3399 3469 3452 3527 in
3513 3470 3606 3525 illa

2016 3567 2144 3609 sunt
2171 3559 2600 3626 unumquodque
2631 3563 2776 3628 quod
2819 3561 2924 3630 ipsi
2959 3561 3238 3630 proprium
3281 3575 3363 3616 est
3395 3578 3598 3634 agere:

2020 3647 2189 3700 multo
2211 3649 2384 3718 magis
2403 3659 2726 3719 operantem
2758 3651 3174 3720 deprehendere
3196 3663 3412 3720 oportet
3439 3668 3602 3724 quem

2019 3737 2167 3794 Deus
2199 3739 2484 3796 constituit
2515 3756 2681 3810 super
2710 3757 2850 3810 opus
2883 3741 3300 3798 sanctissimum
3334 3753 3390 3797 et
3431 3744 3608 3798 maxi-

2029 3845 2200 3886 mum.
2236 3833 2301 3887 Et
2345 3834 2391 3889 si
2436 3834 2720 3890 scnsibilia
2768 3835 2952 3888 omnia
3017 3835 3137 3890 sine
3187 3835 3624 3906 intermissione.

2021 3931 2208 3993 agunt,
2249 3923 2339 3978 hic
2365 3939 2568 3993 parvus
2595 3933 2650 3980 et
2671 3926 2836 3980 simul
2867 3941 3099 3998 magnus
3129 3929 3370 3983 mundus
3401 3933 3489 4000 qui
3519 3940 3605 3986 est

2023 4017 2210 4083 homo,
2253 4019 2386 4073 illud
2411 4019 2467 4076 in
2493 4034 2552 4074 se
2587 4019 2948 4085 demonstrat,
2981 4036 3148 4093 agens
3189 4023 3434 4091 perfecte
3475 4025 3606 4081 abs-

2023 4125 2130 4180 que
2159 4111 2370 4180 requie,
2403 4109 2738 4166 sensibiliter
2775 4121 2964 4180 utpote
2992 4113 3344 4168 sensibilibus
3380 4115 3602 4182 similis,

2025 4206 2265 4258 nutritus
2293 4203 2590 4266 alimentis,
2625 4212 2681 4258 et
2725 4217 2978 4259 crescens
3005 4243 3020 4268 ,
3051 4216 3105 4258 ct
3139 4209 3447 4262 successive
3484 4193 3603 4263 mu-

2027 4309 2171 4353 tatus
2199 4316 2212 4351 :
2242 4298 2690 4352 intellectualiter
2717 4307 2900 4353 autem
2932 4301 3236 4354 secundum
3268 4303 3410 4372 quod
3445 4303 3608 4357 habet

2027 4411 2154 4450 cum
2175 4395 2550 4470 intelligentiis
2574 4395 3017 4461 similitudinem,
3037 4398 3304 4451 continuo
3331 4399 3607 4452 intellectu

2029 4498 2084 4543 et
2135 4490 2345 4542 ratione
2395 4489 2590 4542 anima:
2630 4503 2744 4544 suae
2788 4503 2956 4560 agens
2991 4498 3046 4542 et
3081 4504 3310 4544 movens
3344 4505 3358 4544 :
3395 4507 3458 4544 ex
3495 4507 3613 4544 mo-

2033 4581 2180 4636 tione
2212 4581 2437 4650 Spiritus
2471 4581 2701 4634 humani
2738 4581 3154 4650 intelligendum
3191 4593 3456 4652 perpetuo
3494 4601 3611 4638 mo-

2034 4674 2148 4728 veri
2177 4675 2372 4744 agique
2388 4684 2443 4726 et
2478 4688 2640 4743 agere
2668 4673 3067 4727 intellectuales
3098 4685 3152 4726 et
3179 4673 3397 4730 divinas
3423 4691 3614 4728 omnes

2033 4765 2286 4820 virtutes.
2343 4763 2630 4828 Quomodo
2681 4763 2849 4830 igitur
2901 4761 3198 4815 maximum
3253 4775 3393 4830 opus
3447 4763 3614 4829 hujus

2035 4856 2216 4926 magni
2253 4853 2546 4908 ministerii
2577 4853 2694 4914 Dei,
2727 4852 2872 4919 quod
2899 4861 2984 4906 est
3012 4865 3108 4920 pro
3135 4855 3282 4904 omni
3313 4853 3613 4914 creatione,

2033 4963 2134 5016 per
2191 4946 2336 5014 quod
2391 4945 2458 4999 ad
2509 4946 2712 4998 bonum
2764 4945 2918 5012 quasi
2985 4949 3431 4998 manuducuntur
3496 4959 3618 5013 quae

2033 5047 2162 5091 sunt
2191 5077 2204 5100 ,
2263 5035 2373 5088 Deo
2434 5036 2728 5102 eonjuncta
2757 5072 2772 5096 ,
2823 5047 2876 5087 ct
2924 5035 3106 5088 divina
3160 5035 3339 5094 facta.
3384 5033 3618 5086 maxime

2031 5148 2154 5200 quae
2183 5132 2292 5199 jam
2321 5130 2528 5182 ratione
2551 5130 2849 5191 dunantur,
2878 5141 2930 5182 et
2955 5146 3066 5198 prie
3090 5127 3617 5181 olnnibus'homiues

2033 5205 2458 5287 mortui'etvivi,
2481 5223 2777 5290 quomodo,
2807 5220 3050 5288 inquam,
3087 5233 3226 5287 opus
3251 5219 3354 5271 hoc
3383 5216 3618 5270 otiOsum

2036 5325 2282 5370 maneret
2315 5313 2495 5382 aliqua
2527 5313 2874 5383 negligeutja,
2899 5328 3019 5380 qua:
3045 5311 3222 5377 pietas
3248 5311 3300 5362 in
3321 5309 3588 5362 sacerdoti
3606 5339 3620 5348 -

2033 5407 2140 5461 bus
2166 5405 2534 5474 judicaretur?
2566 5403 2684 5457 Non
2711 5413 2790 5458 est
2815 5403 2958 5456 enim
2989 5405 3162 5470 pietas
3195 5401 3526 5471 negligentia
3563 5399 3618 5452 in

2035 5497 2368 5552 celebrando
2389 5497 2646 5566 mysteria
2669 5511 2683 5562 ;
2709 5495 2818 5550 imo
2841 5503 2923 5548 est
2947 5495 3400 5563 impedimentum
3431 5492 3611 5560 potius

2037 5591 2290 5645 sacrificii
2327 5590 2604 5652 salutaris,
2635 5598 2692 5646 et
2729 5590 2848 5660 ejus
2879 5605 3000 5659 quae
3033 5597 3112 5642 est
3147 5605 3214 5642 ex
3239 5603 3304 5641 eo
3343 5583 3618 5640 utilitatis.

2269 5703 2308 5736 ¹⁵
2337 5705 2468 5758 ibid.
2499 5705 2585 5758 19.
2671 5705 2711 5736 ¹⁶
2745 5703 2874 5759 ibid.
2909 5705 3000 5758 ‘20.
3084 5703 3125 5732 ¹⁷
3150 5701 3306 5757 Joan.
3353 5717 3488 5770 xvn,
3532 5699 3618 5758 ll.

3113 5863 3184 5926 31
