4064 6204
1033 210 1069 232 Α

455 270 551 333 ςιτι

1232 238 1249 245 1
1282 282 1664 345 SYMEONIS
1697 287 2460 354 TUESSALONICENSIS
2504 300 2853 365 ARCHlEP.

3608 304 3709 367 972

456 387 572 445 Nisi
602 404 729 462 ergo
754 390 973 461 aliquod
1006 392 1171 448 fuerit
1202 394 1653 464 impedimentum
1693 402 2025 466 celebrandi,

2144 408 2275 470 λειος
2308 409 2443 475 πρὸς
2476 409 2778 478 Γρηγόριόν
2824 429 2967 473 τινα,
3008 412 3254 465 ἀπειλῶν
3288 414 3440 483 αύτῷ
3487 413 3585 485 τὴν
3616 417 3712 485 ἀρ-

455 495 674 551 semper
706 482 797 537 [iat
843 484 1077 541 salutare
1117 489 1472 559 sacrificium.
1505 492 1778 561 Organum
1809 510 2027 549 sacrum

454 586 714 643 appareat
744 578 1019 641 sacerdos,
1047 581 1191 649 quod
1217 598 1493 652 nunquam
1519 586 1755 641 otiosum
1789 600 2026 655 maneat;

454 665 606 721 dabit
636 668 803 730 enim,
836 679 896 723 ut
924 673 1142 738 opinor,
1185 674 1453 730 nationem
1500 679 1843 748 negligentiae
1879 700 1989 738 sua:
2017 704 2029 739 :

457 759 531 811 ita
588 775 806 829 quoque
832 762 1070 830 loquitur
1094 776 1315 821 sanctus
1346 767 1575 824 Basilius
1610 773 1677 825 ad
1706 771 2026 842 Gregorium

457 849 772 917 quemdam,
827 867 1064 923 arguens
1110 856 1228 924 ejus
1281 859 1663 929 negligentiam
1703 885 1715 917 :
1750 866 1833 919 vel
1888 868 2030 921 enim

458 940 663 994 abnuat
686 956 806 996 esse
842 944 1165 1000 rationabile
1215 963 1504 1019 organum,
1538 953 1861 1023 negligendo
1896 974 2032 1027 opus

461 1029 769 1097 ministerii,
803 1035 884 1088 vel
931 1046 1138 1108 satagat
1188 1054 1309 1095 esse
1385 1043 1627 1097 divinum
1699 1047 2034 1103 instrumen-

459 1130 596 1185 tum,
635 1136 688 1179 et
720 1126 792 1179 ita
822 1142 1050 1182 manens
1107 1147 1386 1201 nunquam
1446 1138 1513 1190 ab
1543 1152 1709 1205 opere
1769 1140 2031 1205 quiescat.

458 1214 699 1284 Quisque
757 1220 903 1272 enim
958 1224 1139 1290 operis
1186 1225 1269 1278 sui
1340 1230 1640 1282 mercedem
1695 1231 1939 1286 habebit.
1976 1234 2039 1287 Et

458 1307 719 1371 scriptum
774 1322 903 1365 est:
964 1329 982 1364 ι
1018 1313 1335 1389 Maledictus
1396 1320 1486 1388 qui
1550 1320 1677 1376 facit
1739 1340 1877 1394 opus
1944 1326 2035 1382 Dei

456 1400 799 1469 negligenter
837 1406 898 1461 ".
949 1424 967 1458 ι
1052 1407 1320 1473 Quidnam
1406 1414 1549 1467 enim
1628 1416 1771 1469 inter
1871 1433 2036 1489 opera

457 1491 552 1545 Dei
587 1493 729 1549 aliud
784 1496 887 1551 hoc
938 1515 1104 1569 opere
1168 1503 1340 1571 majus
1394 1505 1518 1559 est?
1564 1506 1741 1561 Ruina
1794 1520 1879 1564 est
1944 1503 2041 1566 ne-

458 1584 716 1654 gligentia
752 1587 913 1657 hujus
937 1593 1139 1662 operis.
1194 1606 1251 1646 ut
1300 1596 1556 1652 diximus.
1590 1599 1895 1656 Dummodo
1950 1620 2039 1659 se-

460 1675 698 1729 cundum
768 1678 953 1735 Patres
1010 1684 1243 1752 accipiat
1298 1685 1602 1757 habeatque.
1656 1693 1905 1760 gratiam,
1938 1712 2037 1751 nec

460 1764 773 1834 implicetur
846 1770 923 1825 eis
956 1788 1077 1841 quae
1111 1786 1239 1829 sunt
1300 1787 1487 1832 contra
1556 1781 1721 1847 illam,
1749 1785 1930 1840 videat
1968 1804 2036 1842 ne

461 1859 680 1913 omittat
711 1876 990 1918 exercere.
1028 1864 1170 1920 Deus
1203 1867 1475 1924 timendus
1527 1882 1609 1926 est
1635 1876 1727 1942 qui
1770 1878 2035 1934 rationem

461 1952 643 2022 exiget
672 1956 892 2023 operis;
926 1960 1251 2031 negligentia
1309 1966 1451 2019 enim
1489 1982 1669 2025 cessat
1716 1972 1926 2030 fructus
1957 1993 2041 2031 sa-

463 2044 674 2109 crilicii,
708 2063 806 2116 pro
842 2050 907 2103 iis
936 2051 1025 2119 qui
1062 2065 1321 2123 exoptant
1349 2057 1500 2113 illum
1530 2062 1815 2133 colligere;
1856 2068 2039 2126 Salva-

463 2138 599 2192 toris
634 2146 1083 2200 commemoratio
1122 2147 1523 2218 intermittitur,
1576 2166 1630 2211 et
1664 2158 1859 2215 divinre
1918 2180 2040 2233 pas-

463 2230 634 2285 sionis
689 2230 881 2289 festiva
936 2237 1253 2295 celebratio.
1304 2242 1561 2309 Quiescat
1618 2252 1710 2319 qui
1738 2230 2040 2322 quomodo-

463 2336 698 2392 cumque
730 2325 975 2383 irretitur
1005 2330 1073 2385 ab
1103 2331 1509 2402 impedimentis
1536 2343 1737 2411 quibus
1765 2349 2040 2404 stantibus

464 2426 872 2486 concesserunt,
893 2423 1258 2491 tradiderunt,
1280 2429 1585 2486 docuerunt
1608 2433 1799 2491 Patres
1820 2454 1847 2492 a
1874 2444 2041 2496 sacri-

464 2505 588 2561 ﬁcio
621 2509 920 2578 quiescere.
957 2515 1058 2582 Qui
1087 2536 1191 2574 non
1217 2524 1325 2593 agit
1357 2526 1421 2579 ad
1452 2536 1685 2583 mentem
1710 2542 1764 2586 et
1794 2548 2040 2591 normam

464 2600 713 2665 Patrum,
746 2604 900 2674 juxta
938 2613 1240 2680 proprium-
1263 2618 1373 2686 agit
1429 2619 1688 2698 placitum
1752 2634 1808 2679 et
1850 2637 2041 2683 contra

467 2690 729 2761 seipsum,
785 2707 840 2752 et
873 2715 999 2756 rcus
1031 2713 1113 2758 est
1138 2708 1516 2776 mysteriorum
1545 2690 1766 2769 Cliristi.
1802 2717 1855 2770 Si
1894 2721 2039 2775 enim

466 2789 875 2847 communicans
931 2803 1143 2851 tantum
1198 2800 1424 2870 indigne
1456 2804 1771 2874 impeditur,
1830 2820 2037 2880 quanto

470 2879 637 2947 magis
670 2880 757 2936 ille
780 2884 872 2952 qui
925 2885 1125 2942 θίγενιῖ
1169 2891 1438 2948 Docemur
1502 2898 1720 2966 quidem
1768 2904 2041 2959 nemiuem

468 2966 609 3022 inter
635 2972 886 3031 homines
935 2977 1156 3048 dignum
1201 2999 1320 3038 esse
1367 3002 1491 3056 erga
1548 2989 1840 3061 hoe'opus,
1896 2995 2043 3064 quod

464 3060 628 3114 etiam
666 3067 868 3136 angelis
916 3072 1279 3127 tremendum.
1314 3076 1448 3131 Cum
1498 3091 1676 3135 autem
1720 3060 2037 3143 ltominibus
2071 3076 2112 3131 Ο

465 3154 594 3209 illud
631 3157 771 3213 Deus
800 3167 1154 3231 concesserit,
1182 3168 1332 3237 juxta
1375 3172 1520 3239 quod
1550 3176 1809 3243 pussibile
1839 3189 1921 3233 est
1949 3183 2043 3235 da-

469 3255 580 3300 tum
629 3258 732 3319 est.
798 3250 996 3322 Utpote
1053 3257 1302 3313 homines
1359 3274 1566 3329 pugnas
1619 3267 1963 3333 habebimus,
1990 3282 2044 3325 et

470 3338 571 3392 bac
593 3343 768 3410 gratia
799 3359 896 3412 pro
952 3362 1108 3416 posse
1153 3362 1340 3407 nostro
1389 3354 1788 3423 dignabituur:
1834 3361 2045 3418 fervido

469 3431 587 3485 aclo
625 3434 761 3489 hanc
806 3449 1100 3494 exerceant
1131 3442 1344 3497 Domini
1392 3447 1555 3502 vitam
1598 3460 1759 3507 totam
1800 3464 1859 3509 ut
1894 3468 2047 3525 pote-

468 3534 594 3580 runt
657 3529 969 3598 imitantes;
1008 3544 1065 3589 ut
1105 3547 1369 3605 perpetuo
1404 3542 1752 3599 inveniantur
1781 3551 1876 3614 qui
1905 3551 2046 3604 celeo

470 3618 631 3673 brent
660 3631 715 3676 et
738 3623 829 3691 qui
862 3628 1291 3691 communicent.
1327 3634 1419 3699 qui
1466 3635 1588 3703 ejus
1619 3646 1799 3707 typum
1826 3652 2043 3709 gerant.

473 3718 528 3765 ιιι
559 3715 818 3783 quotidie,
840 3717 885 3771 si
921 3732 1168 3786 possunt.
1198 3723 1324 3791 ejus
1349 3733 1926 3787 commemorationem
1952 3751 2044 3789 ce-

471 3805 683 3860 lebrent
708 3828 719 3862 :
760 3812 946 3879 sicque
976 3814 1102 3868 unio
1134 3817 1238 3870 erit
1285 3818 1428 3872 inter
1458 3820 1622 3876 Deum
1647 3833 1699 3877 et
1728 3840 1847 3887 nos,
1884 3839 1935 3880 et
1962 3828 2043 3880 iu-

472 3908 556 3953 ter
588 3902 805 3972 angelos
863 3914 916 3960 et
947 3907 1115 3960 Deum
1165 3919 1218 3963 et
1271 3926 1391 3975 nos,
1443 3923 1499 3967 et
1546 3916 1756 3972 animas
1806 3930 2042 3983 sanctas,

474 4004 635 4063 atque
682 4000 894 4054 animas
949 4001 1187 4057 ﬁdelium
1239 4008 1480 4059 omnium
1538 4010 1630 4076 qui
1688 4009 1775 4078 pie
1816 4012 2043 4077 vivunt;

473 4088 589 4140 sive
620 4094 1088 4157 perseveraverint
1118 4107 1171 4149 et
1218 4098 1500 4165 proﬁciant
1523 4099 1577 4151 in
1610 4100 1843 4155 vivendo
1874 4113 2044 4166 recte,

476 4179 589 4234 sive
611 4197 732 4234 cum
762 4186 1129 4251 peccaverint,
1168 4202 1263 4255 per
1297 4190 1698 4255 pmnitentiam,
1733 4192 2047 4245 misericor-

475 4274 616 4327 diam
651 4283 704 4329 et
736 4280 1151 4332 conversionem
1180 4278 1246 4332 ad
1300 4280 1591 4348 puritatem
1620 4284 1946 4348 meruerint,
1990 4293 2044 4338 et

474 4366 695 4433 insuper
728 4384 789 4421 ex
821 4368 920 4422 hoc
958 4370 1009 4422 in
1045 4386 1259 4425 omnem
1302 4386 1604 4427 creaturam
1644 4375 1812 4428 multa
1848 4378 2047 4430 redun-

471 4462 939 4517 datsanctiﬁcatio
976 4468 1072 4529 :,in
1126 4466 1190 4519 iis
1226 4469 1369 4521 enim
1423 4486 1650 4537 quorum
1707 4486 1845 4541 opus
1868 4471 2045 4535 ,babe-

474 4570 594 4607 tuus
642 4558 696 4606 in
759 4554 949 4609 ordine
1004 4557 1071 4609 ad
1131 4559 1445 4613 sensibilcm
1496 4563 1685 4626 vitam,
1749 4565 2041 4619 maximum

474 4646 632 4700 nobis
669 4646 723 4701 in
762 4647 864 4700 ltOc
896 4647 1173 4703 invenitur
1219 4651 1502 4716 auxilium,
1533 4661 1589 4707 et
1644 4653 1716 4706 illi
1750 4658 1842 4724 qui
1884 4658 2047 4711 ollert

474 4741 560 4809 pic
582 4750 635 4794 ct
661 4740 890 4810 impigre
915 4742 1085 4795 multa
1122 4743 1275 4796 valde
1305 4759 1530 4799 merces.
1564 4744 1785 4810 Quodsi
1807 4762 1913 4801 non
1944 4764 2045 4817 po—

477 4841 583 4886 test
628 4835 866 4903 quotidie
916 4833 1224 4901 celebrare,
1273 4836 1462 4890 saltem
1513 4837 1704 4892 offerat
1752 4850 1944 4908 quater
1991 4841 2043 4893 in

474 4924 835 4989 hebdomade,
866 4928 1165 4982 secundum
1198 4927 1451 4982 liasilium
1506 4928 1777 5001 Magnum,
1834 4934 1925 5001 qui
1976 4933 2046 4986 ita

2134 501 2281 567 γίαν.
2316 502 2387 554 Ἦ
2422 501 2529 571 γάρ
2563 505 2939 572 παραιτείσθω
3002 507 3237 573 εὐλόγως
3272 508 3505 577 ὄργανον
3551 506 3711 574 εἶναι,

2136 594 2231 645 καὶ
2253 594 2477 647 ἀπέστω
2507 595 2602 648 τοῦ
2641 596 2831 665 ἔργου,
2875 596 2907 664 ἦ
2958 598 3435 662 κατασκευασθεὶς
3476 600 3715 670 ἐννόμως

2138 686 2284 739 θεῖον
2316 686 2549 755 ὄργανον
2584 684 2747 755 εἶναι,
2782 691 2876 742 καὶ
2914 692 3091 758 μένων
3122 694 3181 745 ἐν
3210 692 3405 763 τούτῳ,
3469 695 3544 763 μὴ
3580 698 3720 764 άμεο

2136 778 2296 831 λείτω
2325 781 2453 849 περὶ
2490 781 2549 832 τὸ
2579 782 2756 852 ἔργον.
2787 782 3062 845 Ἕκαστος
3111 785 3219 856 γὰρ
3249 786 3344 838 τοῦ
3384 787 3515 839 ἰδίου
3549 787 3712 858 ἔργου

2138 874 2232 925 τὸν
2268 874 2462 942 μισθὸν
2495 874 2750 943 λήψεται.
2790 876 2917 937 Καὶ,
2953 896 2972 927 ι
3013 877 3474 948 Ἐπικατάρατος.
3509 879 3716 947 γέγρα-

2142 984 2294 1030 πται,
2328 970 2354 1020 ὁ
2402 969 2570 1021 ποιῶν
2600 970 2657 1022 τὸ
2705 970 2865 1039 ἔργον
2920 971 3013 1023 τοῦ
3045 971 3182 1023 Θεοῦ
3221 971 3458 1041 ἀμελῶς.
3512 993 3531 1025 ι
3564 975 3630 1027 Τί
3658 976 3717 1029 δὲ

2145 1063 2332 1136 μεῖςον
2366 1064 2560 1115 τούτου
2591 1064 2748 1132 ἔργον
2781 1064 2908 1121 ἄλλο
2935 1064 3068 1117 Θεοῦ
3096 1080 3111 1132 ;
3145 1066 3210 1118 Ἡ
3242 1068 3405 1135 ἀργία
3430 1068 3522 1120 τοῦ
3549 1070 3716 1136 ἔργου

2139 1129 2333 1209 τούτου
2374 1129 2681 1228 ἐπιϐλαϐἦς
2717 1158 2887 1219 ἐστιν,
2936 1158 3013 1220 ώς
3066 1129 3397 1226 είρήκαμεν.
3434 1159 3492 1211 Εἰ
3555 1162 3719 1229 μόνον

2142 1250 2286 1301 κατᾶ
2324 1250 2450 1312 τοὺς
2493 1234 2749 1319 Πατέρας
2804 1250 2906 1320 τὴν
2968 1239 3127 1320 χάριν
3180 1252 3374 1306 ἔλαϐεν
3409 1252 3717 1322 ἄνθρωπος,
3759 1244 3763 1249 ’

2143 1342 2237 1393 καὶ
2270 1341 2370 1394 οὐκ
2411 1341 2653 1410 ἐνέχεται
2689 1344 2803 1404 τοῖς
2826 1344 3102 1404 ἐναντίοις
3149 1346 3246 1413 τῆς
3275 1345 3521 1414 χάριτος,
3557 1347 3719 1399 εὐλα-

2142 1434 2343 1487 ϐείσθω
2377 1434 2452 1504 μὴ
2485 1434 2747 1503 ἐνεργῶν.
2777 1434 2911 1488 Θεδν
2936 1435 3209 1504 φοϐείσθω
3230 1452 3245 1467 ο
3277 1437 3720 1508 ἀπαιτηθὴσεται

2141 1526 2233 1579 τὸν
2271 1527 2432 1593 λόγον
2462 1527 2556 1579 τοῦ
2611 1527 2777 1596 ἔργου
2800 1541 2816 1561 ³
2880 1528 3118 1581 παύεται
3154 1529 3261 1599 γὰρ
3297 1531 3364 1599 τῇ
3410 1528 3582 1599 ἀργίᾳ
3621 1529 3720 1594 τῆς

2149 1622 2301 1691 ἱερᾶς
2332 1621 2523 1682 Θυσίας
2548 1622 2581 1691 ἡ
2610 1622 2721 1675 τῶν
2763 1620 3067 1687 μελλόντων
3095 1621 3453 1693 ὠφεληθῆναι
3477 1622 3562 1675 διὰ
3587 1624 3718 1674 ταύ⁸

2075 1743 2114 1797 Β
2149 1732 2248 1782 της
2293 1714 2565 1784 ώφέλειαο
2603 1715 2636 1782 ὴ
2693 1713 2787 1766 τοῦ
2843 1714 3098 1785 Σωτῆρός
3153 1733 3213 1769 τε
3266 1716 3365 1770 οὐκ
3417 1717 3720 1784 ἐνεργεῖται

2146 1804 2484 1875 ἀνάμνησις,
2549 1805 2672 1859 οὐδὲ
2724 1806 2791 1859 τὰ
2838 1807 2931 1859 τοῦ
2990 1807 3136 1859 θείου
3194 1806 3405 1869 πάθους
3443 1806 3719 1875 ἐγκαίνια.

2157 1899 2214 1952 Ἀ
2225 1898 2421 1968 ργείτω
2443 1899 2550 1960 πᾶς
2570 1898 2910 1967 ἐνεχόμενος,
2932 1896 3010 1959 οἷς
3032 1899 3222 1966 ἀργεῖν
3233 1898 3357 1961 τοὺς
3372 1896 3722 1966 ἐνεχομένους

2141 1993 2599 2062 πιρπδεδτῦκατιν
2616 1994 2663 2045 oi
2688 1992 2866 2062 ξῐατέρ
2880 2011 2947 2055 ες.
2966 1994 3026 2045 '0
3063 1991 3138 2063 μὴ
3157 1993 3297 2047 κατὰ
3317 1990 3725 2060 τοῦςνῐΙατέρας

2144 2087 2386 2155 ἐνεργῶν
2415 2068 2542 2139 καθἱ
2560 2085 2757 2139 ἐαυτοῦ
2782 2088 3017 2155 ἐνεργεῖ,
3037 2086 3132 2139 καὶ
3160 2085 3471 2154 ἐνοχόςέστι
3497 2084 3605 2135 τῶν
3628 2081 3725 2135 τοῦ

2142 2178 2380 2248 Χριστοῦ
2410 2180 2745 2247 μυστηρίων.
2779 2179 2841 2230 Ei
2861 2178 2969 2245 γὰρ
2995 2180 3021 2229 ό
3040 2177 3282 2245 μετέχων
3299 2175 3531 2239 ἀναξίως
3550 2174 3727 2244 ἐνέχει⁸

2142 2287 2254 2333 ται,
2274 2272 2298 2322 ὁ
2316 2270 2408 2321 καὶ
2425 2269 2663 2341 ἐνεργῶν
2679 2269 2828 2337 πόσῳ
2843 2268 3045 2336 μᾶλλον
3068 2286 3081 2333 ;
3108 2268 3297 2330 Οὐδεὶς
3323 2269 3420 2334 μὲν
3436 2262 3529 2320 οὖν
3547 2265 3722 2330 ἄξιος,

2145 2363 2218 2423 ὼς
2252 2362 2530 2430 ἐμάθομεν
2562 2360 2853 2430 ἄνθρωπος
2890 2360 3029 2427 πρὸς
3072 2360 3131 2413 τὸ
3160 2359 3344 2428 ἔργον,
3378 2359 3461 2411 ’ὁτι
3491 2358 3727 2417 καὶτοῖς

2144 2457 2402 2524 ἀγγέλοις
2436 2455 2666 2526 φοὸερόν
2689 2472 2703 2485 ·
2739 2456 2861 2507 ἐπεὶ
2890 2455 2946 2508 δὲ
2973 2452 3182 2523 βροτοῖς
3214 2453 3371 2505 τοῦτο
3407 2450 3721 2522 συγκατέϐη

2143 2551 2269 2612 δοὺς
2300 2550 2329 2601 ὁ
2363 2549 2521 2611 Θεὸς,
2556 2547 2631 2609 ώς
2656 2547 2899 2617 ἐγχωρεῖ
2929 2550 3023 2602 καὶ
3069 2547 3361 2610 ἐνδέδοται,
3390 2544 3574 2611 βροτοὶ
3602 2544 3724 2613 βια-

2149 2644 2393 2709 σώμεθα,
2424 2643 2517 2696 καὶ
2545 2646 2598 2698 οί
2636 2644 2715 2706 ώς
2747 2640 3011 2711 ἐνεχώρει
3044 2640 3342 2708 ἠξιωμένοι
3367 2639 3467 2706 τῆς
3498 2637 3722 2706 χάριτος

2147 2736 2453 2805 προθύμως
2477 2737 2681 2807 ταύτην
2713 2734 3137 2803 ἐνεργείτωσαν,
3158 2733 3256 2803 τὴν
3289 2732 3418 2800 ὅλην
3445 2730 3724 2783 πολιτείαν

2151 2831 2553 2900 ἐκμιμούμενοι
2587 2829 2663 2893 ὡς
2702 2827 2926 2881 δυνατὸν
2964 2825 3059 2878 τοῦ
3120 2827 3421 2887 Δεσπότου,
3478 2824 3565 2877 ἵνα
3628 2822 3725 2874 καὶ

2147 2925 2360 2992 ἐνεργοὶ
2398 2922 2488 2975 ἀεὶ
2526 2922 2621 2975 καὶ
2654 2923 2908 2976 κοινωνοὶ
2935 2920 3128 2975 τούτου
3150 2912 3283 2973 ὦσιν
3310 2919 3359 2971 οί
3395 2918 3601 2970 ἐκείνου
3631 2916 3724 2966 τὸν

2145 3014 2313 3067 τύπον
2328 3015 2609 3084 φέροντες,
2628 3013 2724 3066 καὶ
2742 3013 3086 3080 καθεκάστην
3100 3012 3147 3063 εί
3160 3010 3383 3063 δυνατὸν
3399 3009 3495 3074 τὴν
3514 3008 3722 3060 ἐκείνου

2150 3106 2340 3172 μνείαν
2360 3106 2702 3158 ποιείτωσαν.
2722 3104 2955 3167 Ἐνωσις
2972 3103 3081 3170 γὰρ
3100 3102 3249 3155 ἔσται
3266 3100 3398 3154 Θεοῦ
3423 3099 3730 3167 μετάὐτῶν

2145 3196 2240 3249 καὶ
2272 3196 2520 3263 ἀγγέλων
2553 3196 2691 3265 μετᾶ
2719 3194 2851 3247 Θεοῦ
2866 3196 2960 3248 καλ⁵
2988 3196 3187 3257 αὐτῶν,
3223 3192 3517 3260 κα“ιψυχῶν
3538 3191 3722 3259 ιερῶν,

2146 3287 2236 3337 καὶ
2255 3285 2442 3354 ψυχῶν
2466 3285 2675 3337 πιστῶν
2691 3286 2942 3345 ἀπασῶν,
2982 3284 3077 3337 καὶ
3104 3283 3212 3335 τῶν
3242 3279 3462 3345 ζώντων
3491 3279 3548 3331 δὲ
3583 3279 3727 3331 εὐσε-

2148 3376 2278 3439 ϐῶς.
2324 3377 2432 3430 εἴτε
2463 3376 2878 3446 κατορθούντων
2905 3376 3155 3444 προκοπή
3182 3391 3241 3427 τε
3273 3373 3370 3425 καὶ
3397 3370 3721 3441 στηριγμός.

2149 3470 2272 3522 Εἴτε
2310 3471 2637 3534 πταιόντων,
2676 3472 2725 3523 εί
2755 3472 3101 3540 μεταγνοῖεν,
3140 3465 3373 3534 ίλασμδς
3396 3465 3485 3516 καὶ
3506 3462 3714 3527 καθάρ-

2149 3577 2281 3613 σιον’
2334 3562 2427 3615 καὶ
2451 3561 2531 3615 ἔτι
2564 3566 2632 3632 τῇ
2667 3561 2847 3614 κτίσει
2876 3561 3026 3631 πάσῃ
3061 3561 3126 3612 ἐκ
3153 3556 3345 3612 τούτου
3381 3555 3529 3607 ἔσται

2161 3654 2467 3721 ἁγιασμός’
2516 3653 2610 3706 καὶ
2642 3654 2699 3705 ἐν
2727 3648 2806 3713 οἷς
2836 3652 2892 3704 δὲ
2926 3651 3203 3723 χρῄζομεν
3233 3646 3525 3717 αἰσθητῶς,
3567 3642 3723 3713 μεγί-

2150 3766 2248 3815 στη
2282 3746 2507 3815 βοήθεια
2528 3760 2543 3775 ⁸
2574 3744 2670 3797 καὶ
2708 3744 2736 3797 ό
2768 3742 2907 3813 ὑπὲρ
2930 3743 3125 3795 τούτου
3152 3740 3342 3809 μισθὸς
3373 3738 3453 3806 τῷ
3480 3734 3725 3793 εὐλαϐῶς

2151 3836 2526 3907 ίερουργοῦντι
2556 3835 2652 3888 καὶ
2680 3833 2977 3905 προθύμως
3014 3834 3096 3885 ὅτι
3128 3832 3314 3928 πολύς.
3346 3831 3407 3883 Ei
3458 3827 3504 3928 θ’
3531 3827 3593 3879 οὐ
3637 3824 3732 3928 δυ-

2150 3931 2309 3982 νατὸν
2338 3929 2398 3981 τὶ
2432 3928 2555 3982 καθ’
2588 3927 2802 3998 ἡμέραν
2842 3926 3168 3996 ἱερουργεῖν,
3196 3922 3296 3976 κᾶν
3334 3919 3592 3987 τετράκις
3632 3919 3730 3982 τῆς

2151 4022 2446 4089 ἑϐδομάδος
2473 4020 2612 4073 κατὰ
2639 4019 2730 4072 τὸν
2769 4020 2939 4087 μέγαν
2965 4018 3266 4071 Βασίλειον.
3292 4013 3460 4066 Τοῦτο
3481 4012 3526 4064 δ’
3558 4010 3731 4064 ἐποίει

2151 4108 2329 4177 οὗτος,
2364 4113 2464 4174 τὰς
2510 4114 2659 4183 τρεῖς
2689 4110 3141 4177 καταλιμπάνων,
3185 4104 3497 4177 ἱερουργίαν
3536 4101 3731 4169 ἑτέραν

2151 4205 2249 4273 τὴν
2275 4203 2364 4256 διὰ
2395 4198 2495 4255 τοῦ
2521 4202 2688 4270 λόγου
2738 4202 2836 4271 τῆς
2877 4195 3513 4290 διδασκαλίαςῄἑνεργᾳῶν,
3555 4193 3629 4245 Τὸ
3675 4191 3732 4290 δέ

2155 4295 2278 4348 καθ’
2349 4294 2565 4363 ἡμέραν
2624 4293 2927 4360 ἱερουργεῖν
2992 4290 3094 4343 οὐκ
3136 4288 3265 4355 ’ἐγὼ
3329 4284 3423 4339 ἀπ’
3490 4284 3732 4353 ἐμαυτοῦ

2083 4430 2127 4484 0
2156 4385 2347 4457 θαῤῥῶ
2370 4384 2575 4452 λέγειν,
2605 4384 2720 4437 ἀλλ’
2749 4384 2856 4436 ἀπὸ
2885 4380 2978 4433 τοῦ
3004 4380 3261 4484 Σωτῆρος
3276 4376 3483 4446 μαθὼν,
3519 4394 3537 4425 ι
3561 4372 3736 4484 ἰἰοῦτο

2155 4483 2383 4544 ποιεῖτε,
2420 4479 2691 4545 λέγοντος,
2719 4477 2798 4537 είς
2847 4474 2946 4545 τὴν
2986 4472 3123 4543 ἐμὴν
3166 4471 3496 4538 ἀνάμνησιν.
3538 4486 3557 4518 ι
3596 4466 3731 4527 Καὶ,

2162 4594 2179 4626 σ
2224 4572 2367 4640 Ἐγὼ
2399 4568 2499 4635 ζῶ,
2528 4571 2624 4623 καὶ
2647 4570 2675 4620 ὁ
2699 4569 2929 4637 τρώγων
2967 4583 3033 4636 με
3057 4564 3280 4663 ζήσεται
3312 4560 3377 4613 δι’
3410 4559 3531 4629 ἐμέ.
3575 4576 3593 4608 ι
3624 4559 3736 4663 {Cat

2156 4667 2203 4718 οί
2252 4664 2543 4717 ἀπόστολοι
2591 4662 2648 4717 δὲ
2678 4660 2821 4714 οὕτω
2856 4659 3136 4719 ποιοῦντες
3170 4654 3495 4715 ἐδείκνυντο,
3544 4654 3741 4718 σχολᾶς

2158 4752 2342 4815 ζοντες
2388 4753 2455 4821 τῇ
2508 4750 2784 4820 προσευχῇ
2836 4749 2929 4801 καὶ
2964 4739 3394 4835 τῇδκλάσειθτοῦ
3419 4740 3630 4835 dicrota,
3659 4738 3737 4835 ὡς

2158 4842 2505 4911 γέγραπται·
2532 4844 2600 4912 τῇ
2628 4840 2913 4912 ἱερουργία
2944 4839 3052 4891 τῶν
3075 4829 3391 4907 μυστηρίων
3413 4830 3616 4901 δηλαδὴ
3639 4829 3737 4880 καὶ

2155 4936 2221 5004 τῇ
2255 4933 2531 5003 κοινωνίᾳ.

3110 4988 3275 5025 ’.γ
3536 5010 3707 5025 ....

473 5021 686 5090 agebat,
749 5032 857 5075 tres
908 5022 1023 5079 dies
1057 5023 1191 5079 alios
1230 5026 1696 5098 praetermittens;
1731 5026 2003 5080 alternum
2035 5027 2110 5081 ita
2147 5028 2479 5083 sacriﬁcium
2512 5024 2790 5093 oﬂ‘erebat}
2814 5024 2966 5093 juxta
2999 5017 3376 5092 praescriptum
3398 5023 3733 5122 magister-tt:

474 5112 725 5176 Quotidie
759 5116 1096 5170 oﬂerendum
1128 5134 1248 5173 esse
1304 5136 1411 5173 non
1451 5136 1480 5174 a
1539 5134 1626 5175 me
1689 5120 1810 5189 ipso
1871 5120 2087 5176 conﬁdo
2143 5123 2357 5180 docere.
2392 5122 2485 5175 sed
2546 5124 2661 5191 ipse
2686 5134 2716 5175 a
2753 5117 3031 5173 Salvatore
3054 5117 3300 5172 edoctus,
3326 5109 3483 5179 cujus
3512 5108 3613 5162 hoc
3649 5113 3737 5160 est

475 5230 559 5265 vet
576 5212 699 5267 bum
738 5231 750 5264 :

824 5233 841 5263 ι
888 5214 999 5268 lloc
1045 5213 1203 5269 facite
1268 5215 1320 5268 in
1381 5232 1554 5269 meam
1597 5217 2197 5271 commemorationem.
2228 5236 2247 5267 ι
2276 5217 2340 5270 Ει
2372 5216 2548 5271 istud:
2585 5234 2602 5267 ι
2631 5215 2740 5285 Ego
2772 5215 2894 5268 vivo
2923 5219 2978 5266 et
3006 5211 3097 5279 qui
3142 5207 3437 5263 manducat
3482 5219 3567 5259 me
3615 5215 3737 5271 tpse

477 5309 621 5361 vivet
651 5316 876 5376 propter
904 5308 1074 5361 me".
1106 5332 1124 5359 ι
1149 5306 1215 5360 Ει
1260 5308 1490 5375 apostoli
1541 5307 1618 5361 sic
1677 5308 1871 5361 fecisse
1926 5310 2274 5364 declarantur
2308 5326 2321 5363 :
2350 5311 2552 5364 etenim
2604 5307 2838 5363 orationi
2884 5313 2937 5359 et
2972 5301 3221 5358 iractioni
3270 5300 3428 5372 panis
3466 5300 3735 5355 instantes

477 5408 633 5449 erant
664 5406 723 5450 ut
750 5398 1011 5467 scriptum
1034 5407 1138 5464 est,
1158 5398 1425 5453 sacriﬁcio
1449 5400 1658 5453 scilicet
1682 5409 1737 5452 ct
1759 5400 2157 5454 communioni.

553 5488 631 5543 De
664 5490 768 5543 hoc
830 5491 1184 5558 plurimorum
1239 5493 1505 5547 habemus
1550 5493 1768 5546 Patrum
1821 5492 1963 5547 dicta
2002 5500 2057 5547 et

480 5581 677 5649 (acta;
738 5584 1032 5639 beatissimi
1077 5584 1310 5655 primum
1380 5584 1627 5653 Gregorii
1686 5583 1914 5638 Romani
1956 5586 2050 5653 qui

569 5762 613 5798 "
636 5761 842 5824 Jerem.
874 5783 1058 5833 xum,
1094 5768 1181 5824 £0.
1285 5769 1328 5803 ’θ
1367 5768 1526 5823 Joan.
1568 5783 1645 5836 vt,
1680 5768 1767 5823 58.

2251 5493 2417 5548 Ἀλλὰ
2451 5494 2547 5545 καὶ
2586 5492 2799 5556 πολλοῖς
2828 5491 2937 5544 τῶν
2967 5487 3225 5560 Πατέρων
3255 5486 3384 5556 περὶ
3416 5484 3604 5539 τούτου
3640 5483 3736 5537 λε’

2157 5587 2346 5641 λεκταί
2379 5603 2435 5639 τε
2465 5586 2559 5640 καὶ
2590 5586 2931 5657 πέπρακται,
2962 5584 3041 5655 τῷ
3068 5601 3127 5637 τε
3160 5580 3415 5653 μακαρίῳ
3447 5576 3737 5649 Γρηγορίψ
