4064 6204
361 225 468 291 973

1693 251 1789 314 DE
1836 251 2070 313 SACEll
2085 257 2315 319 DO'l‘It)

3526 268 3634 337 974

362 341 441 410 τῷ
464 340 682 451 Ῥώμης
715 348 840 418 περὶ
871 349 1064 404 τούτου
1098 356 1534 433 προθυμουμένῳ
1567 365 1630 417 τδ
1663 370 1806 418 θεῖον
1837 366 1926 436 ἔρ-

2049 385 2240 424 mmma
2271 386 2398 426 cura
2432 375 2785 432 celebratiuni
2829 378 2997 433 divini
3029 379 3212 448 operis
3285 381 3620 451 insigilahat.

365 448 478 526 γον,
506 435 598 488 καὶ
629 439 687 490 ἐν
712 441 832 502 ταῖς
875 444 1150 512 νηστείαις
1193 449 1251 501 ἐν
1299 451 1363 519 τῇ
1409 452 1506 522 τῆς
1540 453 1763 526 Ῥώμης
1815 435 1938 510 Ἐκ·

363 523 594 595 κλησίᾳξ
625 527 703 592 ῶς
757 531 996 599 λέγεται,
1027 538 1238 592 τελείαν
1284 543 1600 612 ἱερουργίαν
1644 523 1941 618 νομοθετή-

365 635 540 682 σαντι,
575 624 670 676 καὶ
705 627 830 694 περί
852 644 998 692 τινος
1035 632 1339 689 ἐπισκόπου
1380 638 1536 692 τοῦτο
1570 643 1849 705 ποιοῦντος
1883 642 1943 695 τὸ

365 712 488 763 καθ’
514 715 728 785 ἡμέραν
773 719 1079 792 ῑερουργεῖν
1111 727 1446 791 ἐκδιδάξαντι
1469 747 1484 761 ·
1518 733 1576 786 ὃν
1616 732 1680 803 δὴ
1715 735 1939 788 ἐπίσκο-

365 820 468 897 πον
495 808 544 858 οί
584 815 868 879 κορυφαῖοι
900 817 1042 869 κατὰ
1076 820 1175 888 τὴν
1209 823 1388 875 αὐτῶν
1425 827 1645 897 μνήμην
1677 829 1942 896 προσελά-

365 893 538 986 ϐοντο,
592 903 748 968 φησὶ,
806 907 946 972 μετὰ
991 908 1092 976 τὴν
1133 910 1286 965 θείαν
1327 893 1663 986 ἱερουργίαν,
1713 893 1790 982 ῶς
1844 923 1939 974 καὶ

364 985 495 1084 καθῖ
521 987 740 1084 ὖᾲπνουςῌ
761 996 914 1066 αὐτῷ
945 1001 1364 1071 προηγόρευσαν
1390 1021 1405 1036 ·
1450 985 1544 1061 καὶ
1589 1011 1940 1084 ’Δπολλωνίῳ

362 1077 443 1172 τῷ
475 1081 625 1172 όσίῳ,
680 1078 743 1139 οῦ
795 1088 892 1142 καί⁵
949 1093 999 1144 οί
1052 1096 1310 1163 μαθηταὶ
1348 1099 1488 1153 ,καθ’
1535 1102 1793 1172 ἑκάστην,
1845 1077 1940 1159 καλ

366 1170 684 1243 ἱερούργουν
735 1178 828 1229 καὶ
881 1182 1129 1250 μετεῖχον
1179 1184 1294 1236 τῶν
1351 1187 1690 1256 μυστηρίων.
1729 1170 1852 1244 -Καὶ
1909 1193 1938 1244 ό

365 1261 508 1330 ἱερὸς
541 1263 598 1316 δέ
630 1265 1015 1339 Χρυσόστομος
1050 1272 1107 1324 ἐν
1135 1273 1312 1344 τούτῳ
1345 1279 1411 1330 τὰ
1435 1279 1535 1347 τῆς
1555 1279 1705 1344 θείας
1735 1299 1940 1348 μυστα-

363 1351 572 1418 γωγίας
595 1357 970 1427 συνεγράψατο
993 1361 1090 1416 σὺν
1110 1361 1188 1431 τῷ
1214 1364 1389 1434 Πατρὶ
1412 1367 1702 1438 Βασιλείῳ,
1723 1369 1940 1423 ἐπαινεῖ

360 1460 420 1494 τε
453 1445 575 1498 καθ’
603 1448 816 1517 ἡμέραν
845 1453 973 1514 τοὺς
999 1454 1096 1523 τῆς
1131 1458 1419 1521 κοινωνίας
1456 1460 1804 1529 μετέχοντας,
1836 1463 1936 1531 p.6-

361 1550 453 1586 νον
483 1536 726 1602 εὐλαϐῶς
759 1541 856 1595 καὶ
881 1543 1067 1612 ἀξίως,
1100 1547 1193 1600 καὶ
1242 1551 1302 1602 ἐν
1347 1553 1470 1614 ταῖς
1515 1552 1830 1617 καθολικαῖς
1881 1554 1937 1608 δὲ

376 1624 726 1697 Ἐκκλησιαις
787 1634 885 1688 καὶ
955 1638 1233 1708 πανταχοῦ
1292 1643 1408 1704 τοῖς
1467 1643 1936 1715 προθυμουμένοις

363 1719 490 1772 καθ’
551 1723 789 1794 ἑκάστην
846 1728 1186 1798 ἐνεργεῖσθαι
1255 1736 1324 1787 τὰ
1377 1738 1478 1803 τῆς
1544 1739 1937 1805 μυσταγωγίας

364 1814 747 1879 παραδέδοται.
782 1818 897 1879 Ἵνα
946 1822 1004 1875 δέ
1037 1825 1112 1894 μή
1149 1841 1258 1878 τισι
1301 1825 1364 1878 τδ
1416 1828 1582 1898 ῥηθὲν
1630 1829 1736 1893 ἔξω
1773 1831 1935 1900 λόγου

364 1905 514 1978 δόξῃ,
553 1908 632 1980 τῷ
678 1913 773 1964 καὶ
829 1918 1132 1984 κοσμικοὺς
1193 1921 1292 1987 μὲν
1350 1918 1672 1974 ὑποκεῖσθαι
1722 1923 1816 1975 καὶ
1869 1926 1936 1994 τῇ

364 2001 591 2073 τοιαύτῃ
620 2003 869 2075 διακονίᾳ
899 2009 1113 2075 γυναιξὶ
1155 2010 1454 2079 συζῶντας,
1487 2016 1583 2068 καὶ
1614 2019 1726 2079 τοῖς
1769 2033 1939 2086 μονα-

364 2095 479 2163 χοῖς
545 2094 603 2148 δέ
663 2097 926 2162 πολλάκις
985 2100 1085 2172 τὴν
1140 2105 1468 2174 νυκτερινὴν
1519 2107 1942 2180 ἐπισυμϐαίνειν

365 2187 652 2254 ἐπήρειαν,
703 2190 840 2245 ἀλλὰ
889 2195 983 2246 καὶ
1012 2195 1210 2264 ,θυμοῦ
1268 2197 1364 2250 καὶ
1419 2201 1809 2268 μνησικακίας,
1847 2205 1944 2256 καὶ

368 2277 582 2331 πολλῶν
638 2281 842 2352 ἐτέρων
891 2283 1080 2338 παθῶν
1128 2287 1394 2358 ἐπήρειαν
1424 2290 1765 2357 ἐπιγίνεσθαι
1797 2293 1946 2347 πλείη

370 2387 516 2436 στοις
549 2372 796 2429 ἐπιθέσει
827 2375 923 2430 τοῦ
955 2380 1222 2450 πονηροῦ.
1251 2381 1472 2438 Τούτων
1505 2384 1562 2438 δὲ
1596 2385 1816 2443 πάντων
1844 2388 1949 2441 ὰπ-

272 2519 275 2522 _
365 2465 708 2536 ηλλαγμένος
742 2468 949 2536 ὀφείλει
1000 2466 1141 2526 εἶναι
1194 2473 1222 2525 ὁ
1270 2473 1490 2544 ἀληθῶς
1527 2477 1728 2548 ἱερεὺς,
1761 2479 1824 2532 τὸ
1849 2479 1946 2534 τοῦ

371 2560 606 2631 μεγάλου
649 2561 955 2628 Βασιλείου,
981 2564 1027 2616 εί
1068 2563 1317 2631 δυνατὸν,
1351 2568 1702 2637 ἐνεργείσθω,
1742 2571 1803 2625 τὸ
1849 2573 1961 2641 τῆς

372 2652 669 2723 ἑϐδομάδος
720 2655 982 2723 τετράκις
1036 2656 1362 2726 ἱερουργεῖν,
1414 2659 1489 2722 ὡς
1520 2662 1761 2728 ετρηται.
1800 2662 1860 2716 Εἰ
1903 2663 1948 2716 δ’

371 2743 487 2812 οὖν,
513 2745 614 2800 κᾶν
639 2745 720 2810 δὶς
747 2747 842 2814 τῆς
873 2746 1170 2818 ἑϐδομάδος
1197 2748 1614 2822 ἀπαραιτήτως.
1641 2753 1814 2808 Τοῦτο
1843 2755 1949 2825 γὰρ

331 2873 336 2878 ·
373 2841 469 2894 καὶ
500 2843 613 2904 τοῖς
637 2843 696 2895 ἐν
723 2843 913 2910 κόσμῳ
935 2844 1032 2897 καὶ
1067 2847 1326 2916 μοναχοῖς
1363 2846 1585 2902 δυνατόν
1620 2851 1734 2903 ἐστι
1765 2850 1858 2904 καὶ
1887 2853 1948 2905 ού

218 2992 258 3007 ψ.
293 2993 298 2996 ί
373 2930 528 3001 χώρα
557 2931 768 2995 τούτοις
803 2933 1123 3002 ἀπολογίας,
1159 2939 1224 3004 τῇ
1263 2937 1370 2989 τῶν
1405 2939 1562 2991 πέντε
1597 2941 1820 3011 ἡμερῶν
1856 2959 1951 3006 p.5-

2044 470 2097 513 ει
2120 460 2326 529 legibus
2377 465 2696 542 providebat
2741 467 3023 536 quomodo
3069 469 3123 524 in
3187 470 3344 526 festis
3376 471 3628 527 Ecclesiae

2045 549 2306 604 Romana:
2338 551 2631 609 ollerrctur
2659 556 3012 622 sacriﬁcium,
3048 567 3103 611 et
3135 560 3428 614 occasione
3450 560 3626 614 alicu-

2037 644 2130 711 jus
2164 644 2415 716 Episcopi
2448 649 2539 716 qui
2569 649 2814 717 quotidie
2847 651 3158 720 celebrabat
3199 651 3522 706 decreverat
3549 651 3624 707 ita

2042 735 2377 800 faciendum;
2401 738 2598 794 deinde
2626 743 2800 795 sancti
2834 741 3128 810 Apollonii,
3173 743 3334 811 cujus
3364 743 3622 812 discipuli

2042 842 2259 881 sacrum
2291 829 2639 886 celebrabant
2664 832 2908 901 quotidie
2941 833 3264 887 sacrificium
3299 843 3353 886 et
3379 849 3624 888 commu-

2043 919 2302 973 nicabant
2323 922 2531 975 sanctis
2563 923 3625 994 mysteriis.'EtSanctusChrysostomus

2042 1009 2098 1063 in
2135 1010 2240 1065 hoc
2271 1014 2412 1080 quod
2444 1015 2508 1068 ad
2537 1031 2745 1069 sacram
2773 1018 3160 1088 mystagogiant
3215 1029 3428 1087 spectat
3484 1033 3624 1072 con-

2041 1101 2208 1156 sentit
2268 1104 2412 1158 Patri
2445 1105 2644 1160 Basilio
2694 1125 2708 1161 :
2773 1107 3067 1176 laudatque
3124 1124 3220 1163 eos
3246 1109 3339 1179 qui
3380 1111 3625 1178 quotidie

2039 1196 2411 1252 communioni
2443 1200 2792 1268 participant,
2845 1201 3006 1254 modo
3037 1201 3123 1269 pie
3166 1201 3437 1271 digneque
3477 1201 3625 1256 acci-

2039 1286 2214 1355 piant,
2238 1298 2292 1342 et
2320 1288 2375 1342 in
2431 1291 2676 1346 ecclesiis
2702 1291 2990 1346 catholicis
3025 1302 3080 1346 et
3129 1293 3330 1361 ubique
3376 1293 3483 1348 illis
3531 1294 3622 1360 qui

2039 1387 2297 1446 satagunt
2316 1381 2560 1447 quotidie
2579 1381 2857 1436 celebrare
2879 1398 3102 1438 munera
3131 1387 3420 1438 traduntur
3443 1385 3630 1440 initia-

2041 1469 2226 1523 tionis.
2263 1468 2340 1524 Ne
2373 1481 2556 1526 autem
2592 1471 2918 1540 quibusdam
2947 1485 3274 1543 praepostere
3304 1475 3510 1528 dictum
3547 1470 3628 1525 vi-

2039 1559 2268 1625 deatur;
2292 1575 2418 1614 nam
2449 1571 2503 1615 et
2539 1563 2594 1616 in
2620 1563 2823 1618 mundo
2846 1565 3037 1618 vivunt
3068 1565 3160 1618 tali
3190 1563 3493 1620 ministerio
3523 1561 3628 1616 ini-

2043 1651 2158 1706 tiati
2190 1651 2496 1707 habitantes
2524 1668 2646 1707 cum
2679 1655 2982 1720 uxoribus;
3031 1664 3088 1710 et
3131 1655 3414 1710 monachis
3463 1655 3626 1708 etiam

2042 1756 2281 1811 persaepe
2309 1742 2563 1796 accidunt
2587 1753 2869 1798 nocturna:
2915 1743 3265 1803 tentationes.
3312 1743 3398 1796 vel
3437 1741 3534 1796 ira:
3574 1751 3626 1796 et

2042 1833 2207 1888 animi
2233 1836 2478 1891 rancoris
2494 1845 2590 1891 aut
2625 1836 2865 1905 plurium
2895 1835 3125 1890 aliarum
3153 1833 3467 1905 passionum
3493 1843 3621 1888 tens

2044 1924 2279 1982 lationes
2299 1926 2535 1981 maxime
2567 1927 3040 1996 praeoccupatione
3073 1926 3341 1981 daemonis
3378 1943 3392 1988 ;
3421 1925 3491 1981 ab
3519 1923 3632 1980 illis

2041 2005 2302 2071 omnibus
2331 2018 2498 2088 longe
2533 2018 2728 2072 abesse
2762 2018 2927 2072 debet
2959 2017 3054 2084 qui
3079 2031 3211 2073 vere
3243 2016 3504 2072 saCerdos
3530 2025 3628 2071 est

2043 2119 2094 2163 et
2120 2116 2389 2178 quantum
2423 2117 2602 2178 potest
2634 2108 2814 2180 magni
2869 2107 3053 2162 Basilii
3086 2122 3338 2163 normam
3382 2107 3538 2176 sequi
3570 2117 3632 2162 ut

2046 2210 2240 2270 quater
2269 2201 2320 2254 in
2358 2200 2696 2256 hebdomade
2738 2200 3001 2255 celebret.
3063 2198 3158 2254 Sin
3191 2200 3375 2260 aliter.
3437 2199 3630 2254 saltem

2047 2290 2134 2346 bis
2159 2289 2215 2344 in
2240 2288 2580 2346 hebdomada
2613 2289 2707 2345 sed
2736 2299 2888 2345 certo
2916 2305 2937 2354 ;
2977 2291 3080 2344 hoc
3099 2289 3247 2344 enim
3280 2296 3334 2344 et
3369 2288 3438 2344 iis
3461 2288 3554 2356 qui
3579 2287 3634 2341 in

2048 2378 2413 2461 mundo‘sunt
2443 2387 2500 2432 et
2530 2377 2824 2433 monachis
2851 2377 3075 2432 omnino
3105 2376 3367 2448 possibile
3395 2386 3500 2436 est.
3535 2390 3636 2432 nec

2049 2470 2156 2525 illis
2189 2485 2314 2526 esse
2365 2479 2550 2542 potest
2598 2470 2975 2526 excusationis
3051 2471 3246 2536 locus;
3279 2479 3634 2540 possuntque

2050 2577 2149 2632 per
2181 2561 2317 2618 alios
2349 2563 2589 2632 quinque
2620 2562 2740 2618 dies
2784 2561 3141 2617 meditatione
3175 2571 3232 2617 et
3265 2571 3473 2617 attenta
3499 2577 3634 2617 cura

2050 2665 2105 2708 et
2135 2653 2486 2709 confessione
2534 2654 2905 2710 innocentiam
2964 2668 3314 2723 recuperare.
3347 2653 3532 2720 Quare
3577 2664 3634 2709 et

2052 2747 2428 2817 praedicationi
2467 2747 2574 2803 illis
2612 2756 2698 2803 est
2735 2747 3056 2802 instandum
3093 2755 3222 2800 ante
3272 2747 3478 2812 omnia,
3508 2760 3630 2816 quas

2053 2855 2164 2910 prae
2194 2840 2315 2895 aliis
2347 2839 2677 2896 innocentiae
2702 2839 2857 2911 origo
2885 2853 3008 2896 esse
3037 2832 3242 2910 potest,
3271 2847 3328 2895 et
3351 2837 3527 2908 mgis
3547 2844 3630 2891 est

2056 2932 2436 2988 sacerdotibus
2464 2932 2773 2988 necessaria
2828 2933 2920 3002 qui
2964 2933 3227 3003 perpetim
3260 2931 3529 2988 accedunt
3560 2929 3632 2985 ad

372 3019 502 3094 λέτῃ
529 3021 624 3074 καὶ
651 3025 895 3093 προσοχῇ
924 3025 1017 3076 καὶ
1049 3024 1442 3096 ἐξομολογήσει
1477 3030 1946 3100 προκαθαίρεσθαι

2060 3023 2229 3077 Deum
2256 3024 2350 3093 qui
2384 3024 2569 3079 omnia
2621 3024 2769 3080 videt
2817 3034 2873 3080 et
2907 3025 3240 3094 poenitentiae
3267 3025 3359 3079 dat
3395 3024 3632 3080 veniam.

369 3112 710 3182 δυναμένοις.
745 3115 839 3165 Διὸ
869 3114 968 3168 καὶ
1009 3113 1111 3182 τῆς
1143 3115 1553 3186 ἐξαγορεύσεως
1593 3121 1700 3190 πρὸ
1741 3124 1945 3186 παντὶς

370 3206 553 3268 αὐτοῖς
609 3203 944 3259 ἀνθεκτέονο
1001 3205 1084 3260 ὅτι
1135 3207 1231 3260 καὶ
1285 3209 1421 3277 αὕτη
1459 3209 1565 3280 πρὸ
1611 3212 1722 3264 τῶν
1768 3213 1944 3267 ἄλλων

370 3297 660 3369 καθαίρειν
687 3299 935 3362 δύναται,
967 3300 1062 3354 καὶ
1089 3302 1202 3364 τοῖς
1250 3300 1490 3372 ίερεῦσιν
1539 3303 1946 3376 ἀναγκαιοτέρα

369 3390 426 3444 δέ
455 3390 658 3457 μᾶλλον
689 3390 829 3462 αὕτη
870 3393 982 3454 τοῖς
1014 3391 1281 3462 διηνεκῶς
1318 3393 1598 3462 ἐγγίζουσι
1648 3397 1728 3467 τῷ
1769 3400 1946 3451 πάντα

369 3483 533 3537 εἰδότι
570 3482 709 3553 Θεῷ,
741 3485 831 3536 καὶ
861 3486 928 3554 τῇ
965 3485 1227 3554 μετανοίᾳ.
1265 3484 1364 3554 τὴν
1417 3485 1614 3553 ἄφεσιν
1663 3488 1944 3543 δεδωκότι.

372 3573 434 3627 Εἰ
483 3573 540 3626 δέ
574 3589 636 3640 γε
673 3573 880 3634 πάθους
910 3573 1055 3635 τινος
1096 3575 1424 3643 ἐπικράτεια
1466 3575 1664 3642 μᾶλλον
1693 3585 1836 3632 κατά
1868 3597 1950 3632 τι-

371 3681 462 3726 νος
487 3666 728 3730 γένοιτοο
769 3663 929 3716 τοῦτο
959 3663 1014 3715 δέ
1048 3665 1158 3726 τοῖς
1208 3667 1610 3734 μνησικακοῦσι
1657 3669 1948 3735 συμϐαίνει

373 3754 538 3808 πλέον
565 3755 660 3808 καὶ
698 3757 811 3817 τοῖς
848 3755 1118 3825 βασκανίᾳ
1143 3758 1240 3827 και
1265 3758 1444 3826 φθόνῳ
1473 3776 1908 3830 κεκρατημενοις
1932 3779 1948 3795 ο

371 3846 433 3898 οὔ
461 3845 580 3898 δέον
615 3845 713 3913 μὲν
750 3847 842 3898 τὸν
865 3843 942 3914 τῷ
978 3843 1142 3898 πάθει
1175 3846 1373 3898 ἁλόντα
1398 3847 1476 3917 τῷ
1503 3849 1694 3918 ἀγαθῷ
1726 3852 1822 3904 καὶ
1853 3853 1950 3921 τῆς

372 3935 597 4005 εἰρήνης
633 3935 856 4004 χορηγῷ
904 3937 1293 4004 προσεγγίσαι,
1323 3940 1554 4008 ὄργανον
1600 3945 1949 3997 καταστάντα

372 4024 450 4093 τῷ
476 4024 717 4093 πονηρῷ,
746 4025 821 4089 ὡς
864 4027 921 4077 ἐν
950 4026 1100 4096 αὐτῷ
1139 4028 1228 4081 διά
1260 4029 1354 4082 τοῦ
1385 4029 1594 4095 πάθους
1628 4036 1912 4104 οἰκήσαντι
1933 4052 1946 4064 ⁸

372 4115 688 4180 γινωσκέτω
724 4115 780 4172 δὲ
808 4115 984 4182 οὗτος,
1015 4117 1088 4181 ὼς
1137 4119 1226 4172 τὸν
1267 4121 1361 4173 τοῦ
1405 4124 1612 4187 πάθους
1654 4125 1814 4194 λόγον
1857 4129 1950 4181 καὶ

372 4212 470 4282 τῆς
501 4211 699 4283 ἀργίας
739 4213 1200 4283 άπαιτηθήσεται,
1234 4214 1570 4288 αύτεξουσίῳ
1599 4220 1794 4292 γνώμη
1826 4222 1948 4272 eau-

373 4303 465 4357 τὸν
493 4305 680 4368 ἐκδοὺς
721 4308 847 4368 ταῖς
890 4305 985 4357 τοῦ
1015 4306 1252 4375 πονηροῦ
1288 4307 1638 4376 συμϐουλαῖς.
1675 4310 1810 4363 Οὐδὲ
1841 4313 1948 4381 γὰρ

377 4395 532 4464 ἰσχὺς
573 4396 654 4463 τῷ
682 4395 863 4465 ἐχθρῷ
897 4397 1004 4467 ὅπη
1059 4397 1320 4467 βουλητὸν
1352 4398 1502 4468 αὐτῷ
1529 4403 1679 4470 ἡμᾶς
1712 4403 1949 4472 καταφέ-

375 4503 511 4555 ρειν·
590 4487 674 4539 ὅτι
705 4486 914 4540 δέδοται
937 4489 1071 4557 ἡμῖν
1098 4490 1314 4555 ἐξουσία
1336 4494 1529 4545 πατεῖν
1559 4493 1746 4548 ἐπάνω
1774 4493 1952 4561 ὄφεων

375 4578 470 4630 καὶ
505 4580 804 4650 σκορπίων,
837 4579 948 4632 τῶν
981 4582 1288 4636 ἐπιϐούλων
1328 4584 1425 4636 καὶ
1465 4588 1800 4654 νεκροποιῶν
1839 4588 1953 4642 δαι-

377 4668 575 4737 μόνων,
608 4669 702 4722 καὶ
731 4672 823 4723 ἐπὶ
857 4673 1038 4725 πᾶσαν
1071 4672 1236 4726 αὑτοῦ
1269 4673 1364 4726 τοῦ
1397 4675 1632 4746 πονηροῦ
1665 4676 1762 4747 τὴν
1797 4679 1955 4732 δύνα-

379 4775 492 4828 μιν.
527 4761 706 4813 Μόνον
746 4763 857 4831 γάρ
905 4763 1270 4832 προσϐάλλειν
1304 4765 1488 4836 χώραν
1523 4767 1770 4837 εὑρίσκει
1797 4773 1825 4823 ό
1857 4774 1953 4840 τῆς

376 4849 578 4909 κακίας
605 4851 860 4923 εὑρέτης.
895 4855 987 4918 Εἰς
1015 4855 1246 4926 δοκιμὴν
1274 4857 1331 4910 δὲ
1361 4859 1454 4911 καὶ
1477 4859 1652 4924 τοῦτο,
1681 4861 1756 4924 ὡς
1786 4863 1955 4930 ἐγνω-

381 4955 506 5009 μεν,
533 4939 640 4992 τῶν
671 4944 879 4997 πιστῶν
904 4963 964 4998 τε
999 4947 1094 4998 καὶ
1126 4947 1398 5001 ἐκλεκτῶν
1423 4962 1437 4976 ·
1470 4950 1530 5002 οὐ
1570 4951 1676 5022 μὴν
1707 4952 1830 5021 βίαν
1861 4957 1956 5006 ἐπ-

379 5029 534 5097 άγειν
573 5033 708 5096 ὃλως
739 5035 834 5088 καὶ
863 5040 1164 5106 τυραννεῖν.
1197 5039 1324 5092 Ὀτι
1353 5040 1476 5094 οὐδὲ
1511 5044 1658 5096 κατά
1688 5045 1798 5099 τῶν
1825 5045 1953 5099 άλόο

381 5140 496 5192 γων
528 5125 722 5193 ἰσχύει,
752 5126 953 5196 κτίσμα
983 5129 1269 5199 τυγχάνων
1317 5131 1477 5184 Θεοῦ.
1520 5133 1598 5203 Τῇ
1628 5136 1952 5206 προαιρέσει

345 5211 558 5270 Ἶτοίνυν
582 5219 744 5288 ἡμῶν
774 5219 868 5273 καὶ
899 5220 1116 5291 θελήσει
1151 5227 1406 5293 κειμένου
1445 5225 1541 5278 τοῦ
1576 5229 1733 5298 νικᾷν
1767 5229 1952 5293 αὐτὸν,

376 5311 469 5361 καὶ
509 5309 607 5380 τὴν
642 5309 844 5379 ἀρετὴν
874 5313 1201 5384 κατορθοῦν,
1239 5316 1758 5387 κατακριθησόμεθα
1792 5319 1956 5372 νικώ-

380 5417 532 5469 μενοι
569 5400 698 5473 παρ’
733 5401 926 5466 αὐτοῦ,
957 5406 1045 5456 καὶ
1075 5404 1162 5457 διὰ
1197 5407 1368 5470 πάθος
1394 5425 1445 5460 τι
1473 5408 1781 5478 βδελυκτὸν,
1809 5413 1959 5482 τηλι-

379 5490 587 5559 καύτης
629 5495 987 5566 στερούμενοι
1044 5496 1440 5567 ὑπερουρανίου
1475 5499 1703 5570 δωρεᾶς,
1745 5503 1846 5571 τῆς
1897 5521 1958 5556 τε

381 5587 697 5657 ἱερουργίας
727 5588 894 5658 φημὶ,
920 5589 1015 5644 καὶ
1055 5588 1151 5642 τοῦ
1199 5590 1264 5643 ἐκ
1294 5591 1496 5662 ταύτης
1529 5594 1827 5665 ἀγιασμοῦ.
1861 5597 1960 5650 Διὰ

382 5678 539 5733 τοῦςο
567 5685 660 5736 καὶ
681 5681 823 5734 καθα
832 5682 986 5752 ρτέον
1008 5682 1181 5753 ὁπόση
1203 5683 1451 5752 δύναμις,
1474 5686 1566 5740 καὶ
1589 5689 1959 5746 σπουδαστέον

2049 3113 2104 3168 Si
2151 3113 2323 3182 igitur
2368 3113 2602 3183 alicujus
2662 3115 2743 3169 vis
2790 3115 3069 3185 passionis
3109 3125 3298 3171 contra
3338 3115 3634 3185 quemdam
3691 3112 3695 3116 ’

2046 3204 2266 3269 saeviat;
2296 3205 2398 3259 hoc
2439 3213 2622 3258 autem
2665 3205 2835 3274 magis
2887 3205 3088 3260 accidit
3135 3204 3334 3259 amaris
3393 3205 3477 3259 vel
3529 3219 3634 3258 saa-

2051 3293 2323 3349 vientibus
2353 3295 2481 3348 odio
2510 3294 2595 3348 vel
2623 3294 2827 3349 invidia
2853 3294 3192 3365 consumptis
3219 3309 3237 3362 ;
3273 3310 3380 3349 non
3411 3294 3630 3364 quidem

2047 3397 2262 3456 Oportet
2282 3387 2542 3442 accedere
2567 3388 2635 3441 ad
2657 3402 2782 3441 eum
2803 3387 2894 3457 qui
2922 3388 3097 3442 bonus
3118 3398 3202 3443 est
3229 3395 3282 3442 et
3305 3388 3412 3442 dux
3444 3387 3634 3457 pacili-

2049 3493 2182 3543 cus;
2239 3491 2364 3531 eum
2407 3479 2500 3546 qui
2558 3478 2815 3544 passione
2858 3487 3164 3532 excmcatur
3215 3492 3338 3533 cum
3390 3477 3509 3546 ipse
3556 3479 3629 3534 sit

2052 3566 2228 3621 factus
2245 3565 2368 3620 mali
2399 3582 2662 3634 organum
2693 3568 2783 3635 qui
2815 3568 2866 3619 in
2893 3583 2958 3622 eo
2986 3569 3170 3622 sedem
3199 3585 3296 3638 per
3321 3571 3627 3637 passionem

2050 3658 2235 3712 habet.
2259 3657 2564 3727 Cognoscat
2595 3666 2773 3710 autem
2798 3656 2886 3711 ille
2912 3659 3041 3727 quia
3070 3658 3343 3727 passionis
3371 3669 3426 3713 et
3450 3661 3623 3729 negli-

2050 3761 2242 3822 gentiae
2269 3750 2536 3805 rationem
2572 3748 2796 3812 reddet,
2839 3764 2899 3802 se
2925 3750 3234 3804 voluntarie
3281 3751 3634 3819 scienterque

2051 3843 2292 3898 subdens
2317 3842 2444 3896 mali
2480 3841 2944 3912 suggestionibus.
2971 3841 3089 3896 Non
3114 3853 3198 3898 est
3227 3844 3374 3896 enim
3410 3843 3635 3897 inimico

2050 3944 2292 4006 potestas
2323 3951 2419 3990 nos
2451 3950 2797 4004 quocumque
2842 3934 3078 3989 voluerit
3123 3934 3402 4014 impellere
3431 3952 3446 4001 ;
3472 3937 3634 3989 nobis

2050 4028 2304 4098 equidem
2338 4027 2460 4081 data
2494 4036 2578 4080 est
2609 4025 2834 4080 libertas
2865 4026 3111 4081 calcandi
3144 4036 3456 4096 serpentes,
3485 4030 3634 4096 aSpi-

2053 4121 2152 4174 des
2193 4129 2246 4173 et
2274 4119 2617 4188 scorpiones,
2669 4116 2944 4172 daemones
3004 4117 3214 4173 scilicet
3270 4127 3542 4174 tentantes
3581 4131 3636 4174 ct

2055 4223 2285 4267 mortem
2312 4211 2634 4276 inferentes,
2665 4219 2719 4264 et
2744 4209 3033 4265 incedendi
3084 4225 3248 4280 super
3271 4227 3490 4266 onmem
3525 4213 3634 4267 vir-

2058 4319 2229 4361 tutem
2263 4304 2548 4362 daemonis.
2610 4301 2966 4358 Solummodo
3006 4301 3279 4356 licentiam
3331 4303 3485 4357 habet
3535 4320 3636 4358 nos

2059 4397 2412 4469 impugnandi
2439 4396 2658 4450 malitiae
2682 4396 2786 4451 iste
2810 4395 2985 4449 tristis
3019 4394 3291 4458 inventor,
3330 4395 3382 4449 in
3418 4397 3635 4466 experi-

2061 4501 2328 4554 mentum,
2358 4498 2418 4542 ut
2470 4487 2728 4542 novimus
2775 4485 3014 4540 ﬁdelium
3062 4495 3118 4540 et
3163 4487 3484 4552 electorum,
3528 4503 3636 4540 non

2057 4593 2245 4638 autem
2272 4581 2440 4635 vitam
2463 4577 2659 4649 agendi
2699 4588 2752 4633 et
2797 4576 3080 4648 tyrannice
3126 4577 3353 4630 omnino
3389 4576 3635 4647 regendi.

2053 4670 2670 4731 Contra'irrationabilia
2691 4665 2828 4722 nihil
2851 4677 3048 4737 potest,
3080 4682 3202 4736 qua:
3224 4667 3319 4722 Dei
3336 4678 3464 4722 sunt
3486 4683 3641 4724 crea-

2056 4775 2196 4820 tura.
2215 4764 2352 4820 Cum
2380 4763 2542 4837 igitur
2576 4777 2675 4832 per
2705 4774 2806 4814 nos
2830 4769 2936 4814 stet
2955 4768 3012 4812 ut
3038 4758 3394 4813 inclinatione
3433 4760 3635 4813 mentis

2057 4868 2111 4914 et
2141 4858 2417 4911 voluntate
2445 4855 2730 4908 vincamus
2781 4851 2936 4905 illum
2954 4859 3010 4904 et
3034 4849 3336 4903 secundum
3367 4850 3622 4904 virtutem

2058 4963 2206 5006 recte
2227 4951 2495 5010 vivamus,
2531 4943 3023 4999 condemnabimur
3062 4942 3106 4994 si
3153 4943 3222 4994 ab
3263 4941 3382 5010 ipso
3433 4951 3639 4996 attera-

2059 5057 2183 5099 mur
2205 5053 2262 5095 et
2289 5037 2422 5094 illud
2451 5035 2781 5092 horrendum
2825 5034 3119 5088 subeamus
3151 5044 3210 5087 ut
3241 5048 3270 5086 a
3305 5041 3453 5086 tanta
3488 5033 3638 5086 deci-

2056 5135 2249 5190 damus
2304 5132 2476 5201 gratia
2517 5127 2892 5198 super-caelesti
2917 5165 2932 5186 .
2963 5123 3268 5180 sacerdotio
3300 5129 3546 5195 inquam,
3578 5136 3636 5181 et

2058 5223 2609 5289 consecrationequa:
2638 5230 2722 5274 est
2771 5233 2836 5272 ex
2891 5218 3002 5270 illo.
3049 5215 3232 5281 Quare
3275 5231 3405 5284 ergo
3449 5226 3638 5271 sancte

2059 5333 2112 5374 et
2137 5335 2269 5388 pure
2294 5316 2450 5370 nobis
2478 5313 2768 5368 vivendum
2804 5324 2891 5366 est
2931 5309 3079 5362 enini
3112 5310 3402 5364 conamine
3438 5322 3493 5365 et
3521 5311 3636 5366 for-

2062 5409 2327 5473 titudine;
2356 5405 2652 5462 etomnino
2675 5405 2959 5457 nitendum
2988 5416 3056 5456 ne
3079 5401 3386 5457 incidamus
3416 5401 3472 5456 in
3495 5405 3633 5462 reu'a

2064 5501 2216 5557 mali.
2242 5499 2630 5556 Custodiamus
2660 5496 3024 5575 nosmetipsos
3056 5494 3146 5563 qui
3193 5495 3504 5551 sacerdotio
3547 5495 3634 5551 di-

2064 5596 2152 5666 gni
2183 5607 2371 5648 sumus
2399 5589 2590 5654 habiti,
2622 5599 2681 5643 ut
2718 5586 3050 5642 immaculati
3089 5599 3356 5656 quantum
3395 5588 3453 5642 in
3483 5589 3640 5644 nobis

2063 5699 2140 5741 est
2173 5683 2496 5739 assistaznus
2536 5690 2589 5736 et
2633 5679 3010 5736 ministremus
3053 5675 3161 5733 Deo
3202 5677 3550 5735 immaculato
3584 5689 3638 5734 ct
