4064 6204
433 221 541 287 375

928 221 1311 285 STMEONIS
1340 221 2096 287 THESSALONICENSIS
2132 214 2498 284 ARCHIEP.
2542 217 2642 281 DE
2697 214 3195 279 SACERDOTIO.

3597 208 3701 273 976

423 329 822 399 sanctissimo;
859 341 920 387 ut
972 333 1167 389 electis
1209 332 1331 404 ejus
1371 334 1554 390 verbis
1594 344 1904 402 satagarnus
1936 335 2012 392 vi-

2121 336 2196 407 μὴ
2226 334 2582 406 περιπίπτειν
2634 333 2709 396 ὡς
2758 332 2925 402 3'78
2958 332 3117 400 ἔτυχε
3153 330 3274 392 ταῖς
3306 328 3402 381 τοῦ
3460 330 3701 398 πονηροῦ

421 435 534 482 tam
560 434 751 481 sancte
778 424 1036 480 ordinare
1065 425 1122 480 in
1168 425 1449 496 operibus,
1477 426 1533 480 in
1573 426 1779 493 verbis,
1811 428 1868 483 in
1913 443 2008 483 co-

420 517 803 589 gitationibus,
827 525 885 571 et
921 516 975 569 in
1001 517 1162 572 nobis
1202 518 1324 586 ejus
1375 518 1560 573 divina
1590 533 1781 587 gerere
1824 535 2010 573 exem-

421 610 533 679 pla.
572 608 835 674 Quaenam
886 617 1067 662 autem
1115 608 1233 663 haec
1280 609 1458 664 sunt?
1486 608 1669 677 Amor,
1709 610 2010 675 humilitas,

419 700 821 763 misericordia.
862 700 1105 755 charitas
1149 698 1203 753 in
1244 714 1461 766 omnes,
1534 717 1639 771 pax
1687 710 1742 757 et
1793 702 2011 757 divino-

424 808 549 846 rum
597 792 988 862 contemplatio
1044 792 1317 848 donorutn
1349 810 1365 848 :
1396 800 1525 848 ante
1584 804 1767 848 autem
1826 797 2011 850 omnia

420 887 735 940 communio
782 886 926 940 inter
975 901 1076 940 nos
1134 894 1190 940 et
1239 886 1536 952 sanctitas;
1591 896 1816 943 sanctus
1858 888 2010 943 enim

421 977 568 1034 Deus
595 989 785 1033 noster
808 989 865 1033 et
915 993 1010 1033 eos
1041 979 1133 1048 qui
1180 979 1626 1048 appropinquant
1661 980 1736 1035 illi
1771 982 2013 1037 sanctiﬁ—

422 1082 538 1135 cat;
573 1080 630 1126 et
660 1071 814 1125 illum
843 1071 895 1125 in
926 1071 1138 1127 sanctis
1167 1071 1421 1126 habitare
1446 1080 1505 1126 et
1538 1072 1794 1141 quiscere
1819 1074 2009 1143 juvat;

420 1165 511 1231 qui
547 1172 603 1218 et
628 1179 726 1218 nos
753 1163 945 1233 dignos
978 1162 1146 1218 faciet
1180 1170 1393 1233 partem
1435 1163 1639 1220 habere
1665 1179 1791 1219 cum
1822 1166 2015 1222 electis

427 1264 484 1309 et
533 1256 740 1310 sanctis
774 1256 916 1325 ejus.
950 1253 1049 1310 Hic
1082 1255 1228 1310 enim
1267 1256 1550 1310 constituit
1583 1258 1929 1327 custoditque
1957 1259 2013 1312 in

424 1346 863 1402 sanctiﬁcatione
913 1362 1087 1415 usque
1145 1349 1200 1402 in
1259 1348 1422 1403 ﬁnem
1477 1349 1674 1418 dignos
1730 1351 2013 1406 ministros

423 1438 899 1493 sanctissimorum
939 1440 1361 1509 mysteriorum;
1402 1442 1762 1510 vicissimque
1787 1442 1898 1497 illic
1927 1444 2014 1497 in-

425 1531 590 1584 ducet
617 1531 671 1585 in
713 1531 913 1586 Sancta
952 1542 1292 1599 sanctorum,
1317 1546 1372 1589 et
1401 1550 1497 1590 eos
1515 1537 1605 1604 qui
1634 1535 2013 1590 communioni

423 1622 631 1676 intima:
664 1637 791 1677 cum
833 1623 949 1691 ipso
1002 1625 1453 1693 participaverint
1506 1627 1747 1695 perﬁciet
1774 1626 2013 1682 uniendo

2119 430 2349 497 πάγαις.
2379 426 2744 498 Συντηρῶμεν
2770 427 2827 478 δὲ
2855 424 3086 486 ἑαυτοὺς
3119 424 3169 475 oi
3201 422 3509 493 ἱερωσύνης
3538 422 3702 491 ἠξιω-

2122 520 2276 589 μένοι
2308 518 2451 572 ὥστε
2479 516 2786 588 καθαροὺς,
2819 516 2893 579 ὡς
2935 515 3180 580 δυνατὸν,
3218 514 3560 583 παρεστάναι
3610 512 3705 566 καὶ

2120 614 2459 684 λειτουργεῖν
2511 612 2590 682 τῷ
2647 610 3047 679 καθαρωτάτῳ,
3094 609 3188 661 καὶ
3234 610 3347 669 τοῖς
3399 605 3705 675 ἐξαιρέτοις

2118 707 2229 760 τῶν
2277 706 2585 776 ἰδιωμάτων
2638 702 2808 757 αὑτοῦ
2853 700 3107 754 σπεύδειν
3130 697 3602 769 κατακοσμεϊσθαι
3646 699 3705 749 ὲν

2120 799 2307 870 ἔργοις
2344 814 2405 851 τε
2436 798 2529 851 καὶ
2557 797 2738 864 λόγοις
2772 795 2864 848 καὶ
2885 794 3187 863 λογισμοῖς·
3232 792 3328 845 καὶ
3381 789 3574 843 τούτου
3606 790 3702 856 φέ-

2122 905 2234 957 ρειν
2276 891 2339 941 ὲν
2384 888 2600 949 ἑαυτοῖς
2632 903 2754 939 τινα
2783 885 3182 955 ὶκμιμήματα.
3215 880 3356 937 Τίνα
3377 883 3433 935 δὲ
3462 881 3532 934 τὰ
3564 881 3706 933 ὲκεί-

2118 998 2246 1047 νου;
2292 979 2703 1050 Φιλανθρωπία,
2744 976 3096 1040 ταπείνωσις,
3134 975 3308 1041 ἕλεος,
3344 974 3532 1044 ἀγάπη
3566 974 3706 1041 πρὸς

2120 1072 2350 1139 πάντας,
2382 1073 2596 1143 εἰρήνη,
2634 1071 2729 1125 καὶ
2764 1070 2926 1124 θείων
2964 1069 3256 1139 μετάδοσις
3299 1067 3554 1136 δωρεῶν
3593 1066 3703 1135 πρὸ

2118 1163 2176 1218 δὲ
2199 1162 2417 1216 πάντων
2445 1161 2704 1215 κοινωνία
2730 1160 2849 1229 μεθ’
2878 1158 3038 1230 ἡμῶν
3062 1159 3158 1210 καὶ
3180 1156 3480 1226 ἁγιωσύνη.
3505 1156 3702 1221 ’Δγιος
3746 1230 3749 1233 ἱ

2118 1256 2227 1325 γὰρ
2268 1254 2347 1307 ὣν
2384 1255 2413 1307 ό
2443 1253 2574 1315 Θεὸς
2605 1252 2786 1322 ἡμῶν,
2823 1251 2921 1304 καλ⁹
2958 1248 3179 1317 ἁγιάζει
3222 1248 3351 1310 τοὺς
3381 1245 3705 1314 ὲγγίζοντας
3742 1250 3746 1254 “

2120 1349 2289 1417 αύτῷ,
2314 1348 2410 1401 καὶ⁵
2434 1348 2491 1401 ὲν
2520 1346 2700 1415 ἁγίοις
2720 1342 3102 1399 ἀναπαύεσθαι
3129 1342 3376 1395 εὐδοκεῖ*
3402 1341 3461 1404 ὃς
3488 1340 3582 1394 καὶ
3606 1341 3701 1409 τῆς

2124 1438 2346 1507 μερίδος
2403 1437 2557 1507 ἡμᾶς
2614 1435 2867 1501 ἀξιώσειε
2918 1434 3031 1487 τῶν
3082 1432 3360 1487 ἐκλεκτῶν
3397 1432 3563 1488 αὐτοῦ
3606 1432 3701 1485 καὶ

2120 1530 2313 1598 ἁγίων,
2373 1528 2613 1583 ἐνταῦθα
2677 1528 2781 1598 μὲν
2822 1525 3014 1592 ἀξίους
3068 1527 3557 1595 καταστησάμενος
3608 1525 3701 1576 καὶ

2121 1621 2423 1691 φυλάσσων
2460 1621 2587 1692 ἁχρι
2621 1620 2811 1682 τέλους
2864 1619 2973 1672 τῶν
3009 1617 3330 1686 ἁγιωτάτων
3385 1616 3555 1670 αὐτοῦ
3602 1633 3699 1687 μυ-

424 1714 486 1767 in
517 1714 717 1769 sarcula
761 1724 989 1769 aeterna.
1024 1716 1204 1781 Quare
1238 1718 1419 1771 omnis
1450 1721 1522 1773 sit
1572 1717 1765 1787 gloria.
1820 1719 2012 1785 honor,

2125 1714 2365 1784 στηρίων
2412 1714 2468 1765 ὲν
2508 1711 2770 1783 ἁγιασμῷ
2796 1712 3103 1784 ὑπηρέτας,
3140 1713 3317 1764 ἐκεῖσε
3343 1710 3401 1763 δὲ
3422 1709 3588 1763 πάλιν
3620 1711 3700 1772 είς

429 1805 816 1873 magniﬁcatio,
878 1815 932 1860 et
961 1806 1081 1861 laus
1113 1807 1217 1876 ipsi
1261 1806 1393 1863 Jesu
1442 1808 1687 1874 Christe,”
1728 1805 1865 1864 Filio
1920 1809 2016 1865 Dei

426 1896 664 1951 viventis
700 1906 756 1952 et
814 1897 928 1952 Deo
972 1911 1190 1964 nostro,
1254 1901 1348 1968 qui
1415 1914 1511 1970 pro
1569 1901 1729 1956 nobis
1774 1901 2015 1971 seipsum

2117 1807 2186 1861 τά
2219 1807 2389 1875 ’Ἅγια
2423 1806 2535 1859 τῶν
2564 1807 2739 1874 ἁγίων
2771 1805 3032 1873 εἰσαγὼν,
3064 1803 3159 1858 καὶ
3204 1802 3302 1869 τῆς
3334 1804 3544 1873 ἀμέσου
3586 1820 3701 1856 κοι-

2118 1900 2314 1961 νωνίας
2364 1897 2532 1951 αὐτοῦ
2594 1898 2859 1968 μετόχους
2917 1896 3374 1965 ἀπεργαζόμενος
3438 1896 3698 1958 αἰωνίοις

426 1985 790 2040 sonetiﬁcavit
820 1986 1002 2041 crucis
1072 1986 1369 2054 sacriﬁcio,
1410 1996 1469 2041 ut
1524 1986 1624 2056 ipsi
1694 1988 2012 2043 sanctiﬁcati

2119 1994 2197 2045 ὅτι
2233 1991 2387 2062 αὐτῷ
2420 1992 2625 2062 πρέπει
2648 1992 2799 2045 πᾶσα
2830 1989 2981 2055 δόξα,
3004 1989 3172 2075 stiti).
3214 1988 3574 2058 μεγαλωσύνη
3607 1991 3700 2040 καὶ

427 2078 603 2133 simus
635 2078 689 2132 in
726 2077 957 2133 veritate
997 2092 1119 2133 cum
1163 2078 1327 2132 Patre
1367 2078 1639 2149 ingenito,
1691 2089 1749 2134 et
1786 2080 2019 2136 sanctis-

425 2170 568 2224 simo
596 2180 651 2224 et
671 2168 906 2224 bonooet
938 2169 1247 2226 viviﬁcante
1274 2172 1502 2242 Spiritu,
1535 2186 1681 2227 nunc
1720 2183 1774 2227 et
1797 2187 2014 2243 semper

426 2272 485 2318 et
511 2261 567 2315 in
602 2261 798 2316 saecula
833 2261 1187 2317 saeculorum.
1219 2265 1415 2319 Amen.

2116 2084 2325 2146 αῐνεσις
2352 2082 2530 2154 Ἰησοῦ
2563 2081 2788 2154 Χριστῷ
2816 2082 2896 2151 τῷ
2928 2081 3044 2152 Υίῷ
3072 2080 3166 2134 τοῦ
3197 2081 3401 2145 ζῶντος
3435 2079 3570 2133 Θεοῦ
3602 2081 3696 2133 καὶ

2120 2175 2239 2245 Θεῷ
2272 2177 2452 2246 ἡμῶν,
2478 2176 2556 2244 τῷ
2581 2175 2774 2230 ἑαυτὸν
2796 2174 2938 2244 ὑπὲρ
2965 2174 3122 2245 ἡμῶν
3158 2174 3454 2242 ἁγιάσαντι
3480 2174 3571 2227 διά
3598 2174 3698 2243 τῆς

2120 2267 2219 2321 τοῦ
2256 2267 2493 2338 σταυροῦ
2522 2267 2736 2332 θυσίας,
2771 2267 2859 2321 ῐνα
2885 2267 2979 2320 καὶ
3004 2268 3165 2337 ἡμεῖς
3185 2260 3335 2336 ὦμεν
3368 2266 3697 2336 ἡγιασμένοι

430 2357 488 2407 ὲν
527 2352 778 2423 ἀληθείᾳ,
812 2351 912 2405 σὺν
947 2352 1028 2420 τῷ
1076 2352 1300 2423 ἁνάρχῳ
1350 2351 1517 2409 αὐτοῦ
1551 2346 1751 2426 Πατρὶ,
1791 2358 1887 2429 καὶ
1934 2356 2016 2430 τῷ
2054 2359 2308 2431 παναγίῳ
2338 2358 2438 2413 καὶ
2467 2359 2657 2431 ἀγαθῷ
2682 2360 2776 2413 καὶ
2801 2360 3054 2432 ζωοποιῷ
3086 2358 3386 2430 Πνεύματι,
3453 2358 3543 2413 νῦν
3605 2354 3700 2410 καὶ

426 2446 517 2500 ἀεὶ
546 2446 643 2501 καὶ
666 2447 748 2511 είς
768 2445 900 2512 τοὺς
918 2446 1121 2513 αίῶνας
1153 2447 1263 2503 τῶν
1286 2446 1523 2504 αίώνων.
1565 2449 1763 2519 ’Δμήν.
