4066 6456
341 329 3016 343 ἭΨΟΨἪῊ
3037 333 3115 340 -ςι-λ
3138 332 3203 339 -—-
3359 333 3536 341 ..ο--σ-αο

1647 808 1740 922 Ν
1750 805 2291 925 ΟΤΙΤΙΑ.

1354 1099 1450 1164 (Ex
1477 1100 1643 1153 Leone
1675 1096 1857 1152 Allatio
1886 1098 1935 1150 in
1962 1097 2181 1151 Diatriba
2221 1101 2295 1153 De
2338 1091 2730 1170 Symeom'bus.)

316 1602 319 1609 ι
410 1564 484 1621 De
509 1564 784 1638 Symeone
806 1558 1231 1630 archiepiscopo
1258 1556 1749 1614 Thessalonicensi
1782 1555 1900 1613 haec
1928 1557 2260 1628 scripseram
2289 1558 2345 1613 in
2382 1574 2550 1632 opere
2581 1577 2702 1620 meo
2732 1563 2800 1620 de
2832 1566 3126 1637 utriusque
3156 1568 3422 1628 Ecclesiae
3448 1572 3601 1628 co“-

334 1656 591 1711 sensione
623 1654 765 1708 libro
799 1666 866 1719 ιι,
905 1663 1030 1720 cap.
1064 1649 1153 1715 l8,
1182 1664 1238 1705 n.
1282 1647 1352 1704 15
1386 1665 1400 1704 :
1441 1666 1462 1701 ι
1498 1645 1617 1703 Ηοο
1659 1646 1852 1703 eodem
1904 1653 2150 1713 tempore
2194 1646 2428 1704 ﬂorebat
2478 1650 2715 1721 Symeon
2769 1653 3219 1727 archiepiscopus
3250 1658 3605 1717 Thessaloni-

333 1744 535 1799 censis.
561 1741 714 1798 Vixit
741 1739 891 1796 enim
925 1745 1051 1809 post
1082 1736 1457 1805 Barlaamum,
1486 1736 1857 1807 Acindynum,
1884 1734 2191 1802 Palamam,
2222 1735 2545 1809 Gregoram,
2600 1740 2951 1799 Philotheum
2981 1746 3378 1816 patriarcliam,
3414 1749 3599 1806 Nilum

333 1832 906 1897 Thessalonicensem,
951 1828 1236 1885 Nicolaum
1268 1822 1608 1891 Cabasilam,
1661 1824 1845 1881 Nilum
1880 1825 2256 1895 patriarcham
2291 1826 2991 1901 Constantinopolitanum,
3051 1832 3321 1892 lsidorum
3361 1837 3603 1897 Thessa-

334 1922 690 1985 lonicensem,
725 1932 962 1990 quorum
1001 1916 1245 1973 omnium
1280 1914 1402 1986 ipse
1460 1914 1517 1969 in
1569 1914 1798 1985 Dialogo
1836 1911 2227 1970 Ecclesiastico
2281 1924 2473 1971 contra
2512 1932 2710 1976 omnes
2752 1918 3019 1991 Haereses,
3052 1933 3108 1980 et
3152 1924 3223 1981 de
3276 1926 3402 1986 aliis
3436 1931 3601 1987 rebus

335 2008 722 2067 ecclesiasticis
765 2006 1040 2063 meminit.
1071 2005 1188 2061 lino
1224 2006 1342 2076 ipse
1368 2004 1426 2061 in
1460 2003 1653 2060 eodem
1686 2002 1913 2071 Dialogo

1990 2002 2024 2074 λ)
2071 2011 2288 2061 aetatem
2322 2021 2481 2065 suam
2515 2008 2722 2079 prodit.
2766 2009 3093 2081 Ἐξαιρέτως
3122 2013 3181 2068 δὲ
3212 2016 3273 2070 ὲν
3301 2018 3422 2083 ταῖς
3455 2020 3596 2089 ἡμέ-

339 2115 453 2167 ραις
472 2097 635 2168 ἡμῶν
659 2098 893 2159 ταύταις
924 2093 1059 2166 περὶ
1097 2092 1272 2164 αὐτῆς
1301 2091 1738 2164 συνεγράψαντο,
1777 2090 2057 2162 πνεύματι
2085 2094 2159 2158 ὡς
2198 2096 2295 2147 καὶ
2329 2095 2486 2150 αὐτοὶ
2521 2096 2678 2161 ὄντες
2713 2099 2779 2151 ὲκ
2807 2100 2943 2153 Θεοῦ
2974 2102 3025 2155 οί
3051 2101 3329 2175 θεηγόροι,
3356 2109 3449 2161 καὶ
3478 2107 3603 2167 θεο-

335 2186 502 2257 φόροι,
527 2184 623 2239 καὶ
642 2183 1022 2255 χριστοφόριοι,
1045 2183 1140 2236 καὶ
1164 2182 1345 2236 ἔνθεοι
1376 2182 1531 2245 ὄντες
1552 2179 1793 2250 ἀληθῶς.
1819 2179 1909 2233 ὅτε
1926 2184 1983 2234 ἐν
2004 2182 2182 2249 ἁγίοις
2212 2183 2403 2254 Πατὴρ
2425 2184 2588 2255 ἡμῶν
2626 2185 2956 2254 Κάλλιστος,
2996 2192 3024 2243 ὁ
3061 2191 3165 2259 τῆς
3217 2192 3592 2264 βασιλεούσης

334 2273 564 2343 γεγονὼς
595 2273 741 2336 Νέας
782 2270 1004 2342 Ῥώμης
1034 2272 1097 2324 ὲκ
1140 2270 1280 2324 Θεοῦ
1314 2270 1687 2341 πατριάρχης,
1729 2267 1822 2319 καὶ
1851 2270 1879 2320 ὁ
1916 2270 2199 2339 σύμπνους
2242 2271 2393 2342 αὐτῷ
2448 2274 2546 2326 καί⁵
2578 2276 2931 2348 συνασκητὴς
2980 2279 3128 2347 ὅσιος
3181 2280 3468 2353 Ἰγνάτιος,
3504 2287 3602 2347 καὶ

336 2362 495 2431 βίϐλῳ
529 2360 712 2431 οίκείᾳ
749 2356 1075 2432 συντεθείσῃ
1106 2357 1240 2428 παρ’
1269 2358 1453 2413 αὐτῶν
1484 2362 1878 2430 πνευματικῶς
1906 2380 1966 2416 τε
1997 2363 2093 2417 καὶ⁵
2123 2363 2455 2433 θεοφρόνως,
2486 2363 2584 2419 καὶ
2613 2364 2737 2421 λίαν
2768 2365 2990 2439 ὑψηλῶς
3024 2370 3436 2442 ἐφιλοσόφησαν
3462 2376 3519 2427 ὲν
3554 2391 3601 2445 pr

334 2449 669 2519 κεφαλαίοις,
706 2447 784 2519 τῷ
833 2446 1046 2501 ὲντελεί
1088 2447 1312 2518 ἀριθμῷ
1346 2448 1562 2503 τελείαν
1590 2450 1690 2521 τὴν
1724 2452 1858 2521 περ)⁸
1891 2468 1940 2505 τι

2000 2469 2098 2521 της
2131 2452 2338 2520 γνῶσιν
2369 2452 2686 2524 ὲκθέμενοι.
2735 2453 3089 2519 Potissimum
3129 2475 3251 2514 vero
3279 2461 3381 2515 hac
3413 2471 3602 2531 nostra

340 2550 489 2597 (state
510 2542 576 2607 de
609 2540 717 2595 vita
760 2540 1059 2593 monastica
1089 2539 1539 2607 conscripserunt,
1574 2538 1785 2608 Spiritu
1826 2550 2082 2612 tanquam
2110 2542 2202 2610 qui
2232 2551 2282 2594 et
2315 2542 2417 2609 ipsi
2447 2556 2512 2595 ex
2545 2541 2654 2596 Deo
2682 2558 2803 2596 cum
2834 2545 2963 2609 sint,
2995 2544 3243 2619 Deiloqui
3275 2558 3324 2603 et
3372 2549 3601 2622 Deiferi,

298 2624 301 2627 λ
334 2641 378 2685 et
405 2629 733 2697 Christiferi,
765 2638 812 2683 et
840 2645 872 2681 a
904 2626 1010 2682 Deo
1045 2627 1215 2697 afflati
1248 2644 1365 2683 vere
1396 2631 1676 2695 exsistant,
1713 2639 1930 2684 sanctus
1964 2629 2130 2697 Pater
2176 2640 2361 2695 noster
2390 2628 2670 2698 Callistus,
2703 2647 2794 2702 qui
2840 2630 3017 2704 Regia:
3056 2635 3204 2691 urbis
3240 2654 3385 2693 nova:
3423 2639 3604 2701 Roma:

335 2735 394 2773 ex
422 2720 524 2773 Deo
549 2718 653 2787 fuit
686 2716 1022 2787 patriarcha,
1051 2726 1101 2770 et
1124 2717 1215 2787 qui
1241 2732 1350 2771 una
1382 2733 1503 2781 cum
1544 2718 1660 2786 ipso
1694 2718 1934 2786 spirabat
1965 2730 2012 2772 et
2052 2718 2449 2772 exercitubatur
2475 2718 2755 2787 confessor
2782 2720 3056 2790 lgnatius,
3087 2734 3137 2777 et
3171 2725 3310 2781 libro
3337 2729 3604 2794 peculiari

338 2814 396 2863 ab
425 2810 531 2863 illis
562 2809 878 2878 composito,
914 2794 1300 2879 spiritualiter,
1334 2807 1530 2869 divine,
1558 2817 1606 2861 et
1641 2808 1842 2863 excelse
1868 2808 2026 2862 nimis
2060 2807 2421 2877 philosophati
2451 2816 2598 2873 sunt,
2647 2818 2860 2871 centum
2892 2813 3178 2882 capitibus,
3217 2831 3440 2871 numero
3483 2835 3605 2888 per-

348 2898 501 2967 fecto,
532 2898 823 2968 perfectam
864 2896 928 2951 de
968 2912 1030 2949 ea
1057 2897 1410 2965 cognitionem
1450 2896 1744 2953 tradentes.
1773 2895 1927 2965 Opus
1961 2896 2170 2950 Callisti
2205 2906 2259 2951 et
2298 2896 2493 2965 lgnatii
2539 2894 2776 2951 habetur
2821 2899 2873 2951 in
2933 2898 3271 2958 Bibliotheca
3300 2904 3601 2962 Barbcriua

339 2987 441 3040 sub
473 2988 571 3043 hoc
598 2987 756 3042 titulo
780 2986 859 3057 (2)
902 3003 917 3040 :
949 2986 1073 3039 Τῶν
1106 2988 1162 3040 ὲν
1188 2987 1545 3056 μονοτρόποις
1571 2986 1870 3058 ἐλαχίστων
1901 2984 2206 3038 Καλλίστου
2236 2985 2333 3037 καὶ
2373 2983 2412 3038 Ἰ
2428 2983 2648 3051 γνατίου
2683 2984 2792 3039 τῶν
2825 2987 3221 3044 Ξανθοπού).ων
3245 2994 3466 3064 μέθοδος
3509 3000 3605 3050 καὶ

338 3076 512 3143 κανὼν
539 3078 801 3148 ἀκριὸἡς,
841 3079 937 3131 καὶ
970 3075 1124 3146 παρὰ
1152 3077 1261 3130 τῶν
1286 3077 1461 3144 ἁγίων
1492 3075 1637 3147 ἔχων
1669 3077 1769 3141 τὰς
1806 3076 2124 3145 μαρτυρίας
2156 3075 2287 3144 περὶ
2313 3072 2423 3128 τῶν
2457 3075 2809 3147 αἱρουμένων
2836 3078 3057 3148 ἡσύχως
3086 3079 3281 3151 βιῶναι
3310 3086 3403 3138 καὶ
3435 3103 3605 3155 μονα-

342 3163 557 3228 στικῶς,
602 3165 731 3235 περί
775 3182 836 3218 τε
866 3166 1117 3233 ἀγωγῆς,
1148 3165 1245 3217 καὶ
1272 3165 1557 3229 πολιτείας
1597 3166 1695 3219 καὶ
1725 3165 1940 3236 διαίτης
1984 3162 2188 3227 αὐτῶν,
2220 3164 2316 3217 καὶ
2351 3168 2486 3246 περὶ
2534 3164 2627 3217 τοῦ
2660 3167 2805 3219 ὅσων
2839 3168 3049 3237 ἡλίκων
3081 3172 3309 3238 ἀγαθῶν
3333 3173 3603 3244 πρόξενος

338 3255 370 3323 ἡ
411 3252 604 3324 ἡσυχία
651 3253 985 3308 καθίσταται
1032 3254 1148 3317 τοῖς
1184 3253 1328 3324 λόγῳ
1372 3254 1659 3322 μετιοῦσιν
1688 3255 1879 3323 αὑτήν.
1910 3251 2272 3322 Διακέκριται
2316 3251 2373 3304 δὲ
2417 3254 2451 3323 ἡ
2487 3254 2747 3323 παροῦσα
2777 3256 2873 3309 τοῦ
2927 3256 3091 3327 λόγου
3139 3265 3499 3332 πραγματεία
3545 3266 3603 3317 ἐν

337 3343 648 3410 κεφαλαίοις
676 3348 742 3414 ρ’.
778 3341 981 3413 Ignatii
1010 3353 1061 3397 et
1092 3340 1315 3397 Callisti
1346 3341 1821 3413 Xanthopulorum
1867 3340 2146 3395 methodus
2177 3348 2228 3393 et
2271 3341 2457 3410 regula
2507 3344 2791 3409 exquisita,
2826 3346 3141 3401 testimoniis
3180 3347 3405 3403 Patrum
3454 3368 3602 3406 com~

339 3431 551 3500 probata
589 3431 652 3485 de
682 3432 770 3495 iis,
794 3433 886 3500 qui
925 3432 1311 3502 eliguntpitam
1346 3432 1582 3501 quietam
1617 3440 1666 3485 et
1697 3430 2070 3496 monasticam,
2106 3441 2157 3485 et
2190 3433 2254 3484 de
2276 3432 2397 3485 vita:
2432 3430 2695 3499 instituto,
2742 3451 2806 3488 ac
2852 3438 3063 3491 ratione
3110 3442 3510 3506 prwdictorum,
3553 3455 3604 3499 et

338 3534 551 3587 quorum
586 3520 837 3573 bonorum
873 3536 1039 3591 causa
1089 3520 1237 3590 quies
1286 3520 1379 3583 sit,
1420 3520 1490 3574 iis
1529 3520 1620 3588 qui
1652 3519 1946 3574 secundum
1976 3521 2239 3573 rationem
2270 3536 2388 3573 eam
2423 3522 2846 3591 amplectuntur.
2896 3524 3041 3594 Opus
3066 3527 3292 3582 diuisum
3344 3533 3397 3585 in
3424 3534 3605 3603 capita

339 3620 559 3664 rentum.
602 3607 662 3663 P.
695 3608 840 3661 Ἔδει
877 3608 977 3678 μὲν
1011 3610 1160 3679 ἡμᾶς
1188 3608 1331 3661 κατὰ
1378 3609 1506 3671 τοὺς
1532 3608 1710 3670 θείους
1735 3610 1903 3676 φάναι
1938 3626 1945 3677 ;

1998 3609 2225 3677 μησμοὺς
2255 3608 2634 3672 θεοδιδὰκτους
2662 3613 3059 3683 τυγχάνοντας.
3089 3615 3153 3668 Ει
3185 3633 3309 3673 cum
3347 3621 3457 3677 duo
3494 3623 3604 3676 sint

337 3698 561 3774 Callisti,
589 3701 726 3754 alter
748 3701 845 3754 sub
875 3698 1090 3753 Joanne
1120 3698 1533 3761 Cantacuzeno,
1564 3699 1700 3753 alter
1731 3700 1837 3754 sub
1867 3697 2117 3753 Manuele
2141 3697 2473 3766 Palmologo,
2499 3714 2673 3755 annos
2705 3714 2828 3769 post
2859 3702 2972 3759 fere
2997 3707 3358 3777 quadraginta
3390 3727 3507 3773 sex,
3547 3714 3599 3765 in

346 3787 554 3842 dubium
588 3788 724 3842 verti
748 3796 957 3857 posset,
995 3787 1063 3843 de
1097 3802 1340 3858 quonam
1378 3788 1484 3843 iste
1527 3788 1754 3842 Callisto
1782 3786 1951 3842 verba
1988 3786 2149 3841 iaciat
2182 3805 2195 3841 :
2257 3787 2352 3841 sed
2388 3802 2511 3841 cum
2548 3785 2760 3843 Nicolai
2796 3790 3070 3847 Cabasilae
3107 3786 3453 3861 meminerit,
3507 3804 3601 3869 qui

351 3879 436 3934 sub
462 3879 708 3935 Manuele
738 3878 987 3945 llorebat,
1025 3894 1250 3934 necesse
1278 3887 1363 3935 est
1395 3893 1521 3933 eum
1555 3880 1621 3933 de
1654 3879 1899 3933 secundo
1931 3875 2177 3939 Callisto,
2205 3874 2299 3944 qui
2330 3874 2477 3929 circa
2511 3890 2718 3930 annum
2751 3877 2969 3932 Domini
2994 3880 3133 3934 1406
3156 3884 3598 3950 patriarcliatuin

341 3967 569 4038 regebat,
603 3983 909 4042 sermonem
930 3966 1155 4022 habere.
1175 3971 1357 4032 Quare
1381 3965 1498 4035 ipse
1522 3967 1669 4020 circa
1695 3963 1924 4020 Joannis
1952 3962 2529 4032 Palmologitempora,
2563 3964 2646 4019 vel
2683 3966 2844 4034 paulo
2873 3977 2999 4020 ante
3029 3967 3233 4033 ﬂoruit.
3261 3988 3287 4025 a
3321 3974 3600 4043 Symeonc

338 4056 540 4111 seniore
574 4055 1069 4111 Thessalonicense
1104 4065 1232 4126 post
1254 4051 1549 4119 lsidorum,
1582 4054 1744 4124 cujus
1767 4055 1887 4123 ipse
1920 4051 2192 4117 meminit,
2229 4051 2429 4107 tertius
2456 4067 2472 4106 :
2498 4050 2648 4106 inter
2680 4053 2827 4107 enim
2867 4055 3138 4113 lsidorum
3176 4069 3231 4113 et
3265 4061 3444 4128 ipsum
3482 4074 3602 4117 tan-

339 4155 441 4199 tum
470 4155 779 4201 recensetur
802 4145 1045 4200 Gabriel.
1078 4143 1221 4198 Hinc
1237 4142 1542 4212 colligitur,
1572 4153 1842 4213 quantum
1880 4141 2250 4197 ltallucinetur
2272 4139 2613 4196 Possevinus
2647 4141 2705 4196 in
2730 4145 3036 4213 Apparatu,
3070 4150 3164 4217 qui
3196 4149 3420 4204 immani
3467 4169 3601 4208 ana-

337 4233 647 4289 cltronismo
682 4233 903 4300 scribit,
944 4248 1069 4286 eum
1102 4232 1305 4287 vixisse
1327 4242 1455 4287 ante
1478 4248 1654 4288 annos
1682 4240 2000 4293 sexcentos,
2027 4229 2124 4299 qui
2150 4228 2372 4284 nonnisi
2411 4238 2539 4285 ante
2571 4246 2749 4286 annos
2792 4242 3021 4287 centum
3065 4236 3366 4305 octoginta,
3404 4236 3601 4292 Posse-

335 4324 441 4377 rini
473 4334 736 4391 tempore,
770 4324 1006 4377 vixerat.
1039 4322 1097 4376 In
1128 4322 1387 4377 omnibus
1414 4322 1533 4378 suis
1556 4322 1775 4393 scriptis
1805 4322 1859 4375 in
1891 4320 2120 4378 Latinos
2151 4318 2391 4392 iniurius
2420 4326 2524 4384 est,
2555 4333 2696 4389 quos
2728 4335 2873 4391 saepe
2898 4322 3107 4392 carpit,
3135 4337 3441 4395 eorumque
3463 4327 3604 4382 ritus

336 4427 454 4468 cum
496 4410 699 4468 Graecis
720 4426 1079 4482 comparans,
1104 4411 1433 4467 insectatur.
1472 4430 1491 4463 ι

395 4532 461 4602 Et
492 4533 603 4587 haec
629 4531 845 4602 quidem
871 4528 939 4585 de
957 4544 1024 4584 eo
1053 4539 1184 4585 tunc
1211 4529 1475 4599 temporis
1501 4528 1742 4583 breviter
1773 4526 2162 4595 scripsi,nunc
2217 4540 2342 4580 cum
2386 4533 2602 4595 tempus
2633 4525 2899 4595 locusque
2930 4529 3191 4596 postulat,
3224 4529 3329 4584 alia
3356 4530 3553 4585 addam
3580 4550 3593 4584 :

326 4632 631 4694 paventque
648 4621 793 4675 illius
811 4618 1068 4690 elogium,
1091 4617 1235 4688 quod
1266 4616 1541 4688 Eugenius
1564 4616 1939 4687 Nomophylax
1959 4616 2089 4686 (qua
2111 4615 2161 4668 id
2185 4614 2448 4669 facultate
2469 4614 2662 4683 egerit,
2693 4615 2877 4670 dicent
2905 4616 3105 4672 similis
3124 4619 3295 4672 sortis
3330 4618 3598 4691 homines)

324 4714 378 4768 in
411 4712 680 4784 Synodico
722 4708 1001 4764 Dominica
1031 4704 1390 4762 Orthodosiae
1418 4707 1473 4761 in
1508 4705 1751 4762 Ecclesia
1786 4703 2268 4760 'l‘liessalonicensi
2306 4701 2530 4757 recitari
2555 4702 2742 4769 solito,
2772 4704 3050 4774 appinsit.

390 4871 613 4943 Συμεὼν
640 4862 821 4924 τουέν
856 4867 1105 4939 μακαρίᾳ
1151 4870 1216 4938 τῇ
1254 4867 1406 4939 λήξει
1454 4868 1751 4936 γειοιιένου
1800 4881 1901 4936 αρ-

2080 4861 2376 4932 Symeonis
2421 4861 2594 4915 beata:
2655 4860 2931 4916 memoriae
2972 4863 3316 4917 sanctissimi
3354 4864 3598 4917 Thessa-

322 4964 678 5039 χιεπισκὸπου
730 4961 1155 5032 Θεσσαλονίκης,
1191 4958 1289 5013 τοῦ
1339 4959 1439 5028 τῆς
1488 4958 1645 5021 ἐκτός
1693 4975 1755 5010 τε
1807 4958 1901 5011 καὶ

2010 4952 2307 5009 lonicensis
2331 4953 2762 5022 archiepiscopi,
2803 4953 2900 5021 qni
2940 4962 3183 5009 externae
3234 4963 3289 5007 et
3333 4956 3601 5025 spiritalis

322 5060 417 5129 τῆς
450 5055 830 5126 πνευματικῆς
856 5054 1048 5123 σοφίας
1078 5054 1320 5123 πλήρους
1351 5051 1649 5122 ὑπερφυῶς
1671 5052 1899 5120 γενομέ-

2008 5043 2291 5113 sapientia
2318 5058 2484 5113 super
2510 5044 2814 5097 humanum
2844 5053 3063 5112 captum
3097 5046 3334 5114 repletus
3361 5046 3415 5101 in
3448 5062 3604 5102 asce-

323 5169 435 5213 vou,
465 5152 566 5206 κάν
598 5152 665 5218 τῇ
700 5149 974 5218 ἀσκητικῇ
1008 5145 1105 5198 εἴτ’
1132 5144 1224 5198 οὖν
1274 5144 1545 5213 ἁγγελικῇ
1601 5144 1794 5211 ἀγωγῇ
1837 5158 1897 5194 τε

2010 5138 2141 5202 tico,
2174 5136 2291 5191 sive
2323 5137 2503 5204 potius
2545 5136 2793 5205 angelico
2843 5135 3120 5199 instituto,
3146 5146 3201 5192 et
3230 5138 3351 5193 vitae
3384 5141 3600 5195 ratione

323 5244 414 5297 καὶ
463 5241 709 5308 πολιτείᾳ.
754 5238 1178 5308 διαπρέψαντος,
1214 5235 1308 5289 καὶ
1334 5234 1539 5306 ταύτην
1585 5236 1668 5297 εἰς
1720 5234 1895 5304 ἄκρον

2005 5229 2288 5293 excelluit,
2342 5244 2577 5298 eamque
2621 5244 2747 5281 cum
2792 5244 3007 5283 summa
3061 5232 3265 5287 virtute
3323 5243 3379 5287 et
3436 5234 3598 5287 laude

322 5333 772 5401 κατωρθωκότος,
798 5334 865 5401 τῇ
898 5331 954 5393 δὲ
990 5330 1133 5383 κατὰ
1190 5328 1430 5399 Χριστὸν
1464 5326 1797 5388 ταπεινώσει
1826 5329 1892 5397 τῇ

2009 5319 2416 5392 perfectissime
2451 5322 2581 5388 egit,
2621 5330 2675 5375 et
2708 5323 3011 5377 secundum
3058 5323 3339 5379 Christum
3388 5328 3472 5379 sui
3500 5327 3596 5381 tle-

320 5428 427 5479 τῶν
454 5426 669 5497 ἀρετῶν
700 5425 926 5495 κρηπῖδι
967 5422 1109 5483 κατᾲ
1135 5424 1232 5483 τὰς
1264 5421 1520 5493 ἀψευδεῖς
1555 5420 1896 5481 Δεσποτικὰς

2012 5415 2313 5485 pressione,
2364 5416 2626 5469 virtutum
2667 5416 2992 5471 excellentia
3040 5418 3196 5487 juxta
3250 5420 3435 5473 divina
3471 5436 3597 5486 pro—

323 5518 653 5588 ὲπσγγελίας
676 5515 1073 5587 ἀνυψωθέντος,
1117 5514 1213 5573 καὶ
1252 5512 1340 5567 διὰ
1369 5512 1627 5583 πράξεως
1662 5511 1902 5567 ἀναϐάν-

2013 5508 2178 5563 missa
2213 5506 2431 5563 mentiri
2489 5507 2685 5565 nescia
2745 5509 3049 5575 exaltatus,
3103 5525 3201 5580 per
3234 5511 3508 5566 actionem
3542 5512 3595 5573 in

418 5730 458 5800 ι)
480 5728 685 5800 tum
706 5728 770 5800 de.
788 5736 932 5800 ξαετέι
947 5722 1251 5800 mentione»
1269 5702 1386 5800 sap;
1404 5722 1515 5800 293?-
1544 5736 1593 5784 ρ·
1615 5722 1707 5797 21.0
1739 5722 1837 5800 eat:
1856 5720 2141 5800 insessis;
2164 5720 2316 5800 531's:
2502 5799 2535 5800 η
2564 5720 2588 5800 ἶ
2616 5798 2622 5800 ,
2663 5790 2705 5800 ,Α
2819 5788 2849 5800 ..

410 5783 457 5855 2)
479 5790 677 5844 Editum
701 5795 780 5839 est
801 5792 855 5839 in
881 5783 1149 5852 Φιλοκαλίᾳ
1168 5789 1263 5834 τῶν
1285 5783 1424 5849 ἱερῶν
1455 5783 1735 5844 Νηπτικὼν.
1773 5783 1998 5836 Venetiis

1600 5790 1735 5836 ικὼν.
1773 5783 1998 5836 Venetiis
2022 5785 2160 5835 1782.
2198 5783 2325 5835 Vide
2360 5790 2547 5835 tomum
2567 5790 2790 5836 nostrum
2818 5783 3045 5837 CXLth.
3069 5784 3206 5835 Eorr.

638 5906 904 5966 Panos.
936 5902 1051 5962 Gtt.
1090 5899 1266 5962 CLV.
2640 5933 2656 5949 -
3179 5892 3205 5969 ᾗ
