4066 6456
423 327 486 393 li
1292 329 1591 390 SYMEON
1629 328 2394 391 THESSALONICENSIS
2431 331 2797 393 ARCHIEP.
3614 325 3678 393 12

422 445 852 516 speculationem
881 444 1153 512 ascendit,
1190 444 1427 514 indeque
1456 446 1528 501 ita
1561 454 1834 501 annuente
1853 446 1986 513 Deo,

2100 462 2185 509 τος
2216 448 2294 509 είς
2327 446 2582 516 θεωρίαν,
2613 445 2918 502 κάντεῦθεν
2948 447 3132 503 νεύσει
3161 444 3325 513 Θεοῦ,
3350 464 3427 511 ως
3458 435 3676 516 φωσφό-

421 547 481 594 υι
510 538 599 594 fax
625 538 850 594 lucifera
886 553 1050 605 snper
1086 536 1474 593 candelabrum
1514 539 1712 606 posita.
1740 548 1791 591 et
1832 553 1998 607 super

420 633 700 688 excelsum
729 640 970 686 montem
1025 639 1083 685 ut
1138 632 1484 686 clarissimus
1535 631 1783 685 veritatis
1820 646 1998 701 prteco

422 725 748 789 ascendens,
779 725 1035 781 dulcibus
1062 724 1449 793 splendoribus
1496 724 1631 784 suis,
1665 739 1859 792 nempe
1900 722 1999 776 in—

421 820 820 875 strui-tionibus
871 832 979 873 non
1026 818 1306 888 propriam
1340 825 1550 871 tantum
1579 817 1722 870 hanc
1757 799 1999 870 celeber;

424 916 617 967 rimam
674 910 1043 979 metropolim,
1085 909 1177 964 sed
1233 909 1551 964 universum
1601 908 1767 965 etiam
1826 917 2001 962 terra-

424 1021 548 1062 rum
582 1003 772 1059 orbem
815 1002 949 1058 solis
991 1001 1164 1056 instar
1195 999 1545 1065 illuminavit,
1592 1008 1647 1054 et
1674 1015 1800 1070 erga
1828 998 1998 1054 Deum

423 1108 479 1154 ct
516 1096 827 1166 proximum
879 1107 1145 1160 amorem,
1195 1093 1245 1148 si
1295 1093 1420 1161 quis
1450 1092 1615 1159 altus,
1650 1091 1910 1157 ostendit,
1946 1100 2001 1145 et

426 1188 601 1243 sacris
629 1186 885 1241 cantibus
928 1192 1246 1239 sanctorum
1297 1182 1518 1246 choros,
1571 1195 1625 1236 et
1665 1198 1731 1236 ex
1765 1182 2004 1252 propriis

424 1281 732 1345 exornavit,
771 1293 1000 1348 quorum
1049 1277 1213 1331 vitam
1256 1276 1547 1357 aemulatus
1585 1274 1866 1331 confecit:
1903 1289 2005 1328 an-

418 1374 614 1443 gelitis
653 1387 807 1437 vero,
831 1369 1179 1431 venerandis,
1223 1384 1286 1423 ac
1316 1369 1478 1439 plane
1522 1368 1723 1423 divinis
1757 1367 2004 1423 moribus

419 1478 476 1520 et
510 1466 676 1521 totius
735 1472 878 1519 statu
943 1461 1104 1517 hilari
1171 1476 1296 1514 vere
1326 1459 1508 1514 Deifer
1549 1475 1608 1514 re
1661 1469 1715 1515 et
1747 1461 1894 1524 visu,
1949 1468 2005 1514 et

427 1555 606 1610 zelum
638 1552 908 1607 fervidum
954 1550 1085 1606 Elia:
1136 1549 1406 1619 quispiam
1466 1549 1689 1612 dixerit,
1744 1552 2001 1622 propriis,

426 1646 699 1717 avitisque
748 1640 1011 1701 Ecclesiae
1051 1644 1423 1712 dogmatibus,
1476 1643 1760 1710 contrivit,
1807 1653 1861 1699 et
1887 1645 2004 1701 die-

419 1736 531 1791 bus
565 1734 799 1805 singulis
828 1734 980 1788 suavi
1035 1733 1300 1787 doctrinae
1329 1733 1495 1788 latice
1538 1734 1759 1789 abunde
1808 1736 2003 1807 irriga-

420 1827 512 1881 bat
565 1834 621 1881 et
659 1826 1011 1881 sermonibus
1071 1824 1384 1879 "exanimis
1441 1839 1506 1881 ac
1547 1823 1807 1894 jucundis
1836 1838 1890 1881 et
1924 1826 2001 1882 lo-

416 1917 574 1986 quela
600 1915 861 1970 melliilua
912 1917 1216 1978 universos,
1282 1916 1449 1970 veluti
1502 1915 1755 1971 Sirenum
1790 1916 1840 1971 vi
1872 1932 2005 1988 qua-

422 2011 572 2073 dam,
608 2023 731 2079 quae
766 2009 947 2063 verbis
979 2009 1212 2078 exprimi
1269 2008 1475 2078 nequit.
1527 2010 1777 2065 trahebat
1822 2010 1887 2065 ad
1918 2025 1995 2073 se,

417 2101 836 2171 dctinebatque;
870 2109 925 2155 ct
971 2100 1321 2170 antiquorum
1365 2099 1528 2155 veluti
1563 2101 1779 2171 signum
1811 2112 1863 2157 et
1893 2117 1987 2157 εκ-

419 2205 673 2261 pressum
707 2188 1086 2258 simulacrum,
1118 2199 1170 2244 et
1196 2189 1409 2258 pictatis
1437 2189 1771 2253 columnam,
1801 2198 1854 2245 et
1886 2191 2000 2245 vir-

420 2282 555 2337 tutis
586 2282 851 2350 rcgulam,
877 2290 933 2336 et
959 2279 1290 2336 Christiana:
1318 2282 1441 2335 vitae
1474 2289 1686 2351 typum,
1713 2282 1989 2351 propriam

416 2373 585 2428 vitam
621 2374 907 2427 ostendere
929 2388 1146 2428 summo
1171 2373 1353 2427 studio
1383 2382 1611 2427 conatus
1646 2382 1748 2436 est,
1799 2372 1992 2441 hisque

418 2465 673 2519 homines
705 2464 1011 2530 universos,
1049 2465 1142 2534 qui
1186 2463 1342 2518 aliter
1375 2477 1439 2517 ac
1470 2478 1571 2517 nos
1605 2463 1894 2527 sentimus,
1925 2461 1992 2517 de

416 2553 523 2608 ﬁde
557 2551 888 2618 sentiebant,
936 2554 989 2608 in
1029 2563 1307 2622 stuporem
1358 2562 1414 2607 et
1465 2552 1907 2619 admirationem,
1939 2563 1993 2607 et

412 2644 634 2700 laudem
668 2654 725 2699 et
772 2644 1228 2714 gloriﬁcationem
1282 2644 1465 2712 magni
1523 2658 1705 2699 rerum
1742 2644 1988 2698 oninium

411 2739 510 2797 Dei
541 2741 839 2797 excitavit:
879 2738 1143 2795 memoria
1176 2735 1530 2807 sempiterna.

2108 555 2202 605 pou
2253 537 2580 610 λαμπτῆρος
2631 538 2727 592 ἐπὶ
2760 538 2858 610 τήν
2886 540 3111 610 λυχνίαν
3158 538 3432 604 τεθέντος,
3455 540 3548 593 καὶ
3579 541 3666 594 ἔπ’

2100 631 2258 698 ὅρους
2314 628 2521 699 ὑψηλοῦ
2553 629 2630 694 ὡς
2659 614 2916 702 λαμπροῦ
2973 633 3075 701 τῆς
3129 630 3391 699 ἀληθείας
3440 631 3678 701 κήρυκος

2104 721 2533 790 ἀναϐεϐηκότος,
2559 724 2656 777 καὶ
2688 726 2809 786 ταῖς
2829 722 3110 791 γλυκείαις
3136 726 3549 793 μαρμαρυγαῖς,
3583 724 3674 791 δη-

2106 800 2239 883 λαδὴ
2272 816 2394 877 ταῖς
2448 813 2614 868 αὐτοῦ
2648 813 3042 879 διδασκαλίαις,
3077 813 3138 866 οὐ
3188 813 3289 885 τὴν
3336 815 3473 869 ίδίαν
3520 815 3679 884 μόνον

2101 905 2307 974 ταύτην
2354 907 2456 976 τὴν
2510 906 2859 977 περιώνυμον
2912 906 3270 977 μητρόπολιν,
3296 906 3413 960 ἀλλ’
3439 906 3543 978 ήδη
3587 909 3681 962 καὶ

2106 1000 2205 1069 τὴν
2240 1000 2390 1052 οίκου
2399 1001 2568 1069 μένην
2604 1001 2825 1054 ἃπασαν
2846 998 3005 1071 δίκην
3027 999 3180 1069 ήλίου
3204 1001 3674 1069 καταυγάσαντος,

2108 1094 2204 1146 καὶ
2232 1092 2331 1164 τὴν
2361 1093 2497 1163 πρὸς
2532 1092 2687 1159 Θεὸν,
2736 1094 2833 1147 καὶ
2883 1093 2980 1165 τήν
3037 1095 3269 1167 πλησίον
3323 1097 3545 1166 ἀγάπην
3597 1097 3679 1159 είς

2105 1181 2394 1250 άκρον,ὡς
2439 1182 2614 1245 οὐδεὶς
2662 1183 2848 1253 σχεδὸν
2880 1181 2990 1236 τῶν
3036 1185 3295 1240 ἁπάντων
3333 1185 3679 1253 ἐπιδειξαμέ-

2105 1293 2223 1339 νου,
2245 1276 2340 1328 καὶ
2381 1275 2546 1345 ᾠδαῖς
2579 1278 2753 1345 ἱεραῖς
2788 1275 2913 1339 τοὺς
2941 1278 3049 1331 τῶν
3093 1277 3267 1346 ἁγίων
3317 1278 3535 1348 χοροὺς,
3585 1276 3679 1330 καὶ

2103 1366 2319 1420 οἴκοθεν
2350 1367 2808 1436 καταστέψαντος,
2851 1361 2927 1422 ὧν
2970 1368 3064 1422 τὸν
3116 1367 3231 1439 βίον
3286 1368 3555 1437 ἐζήλωκε,
3585 1367 3681 1419 καὶ

2105 1453 2326 1525 διήνυσε
2353 1469 2367 1484 ·
2398 1455 2476 1526 τῷ
2510 1456 2568 1509 δὲ
2616 1457 2897 1527 άγγελικῷ
2929 1458 3025 1513 καὶ
3077 1458 3281 1528 σεμνῷ,
3313 1459 3410 1513 καὶ
3453 1456 3681 1511 θεοειδεῖ

2107 1547 2217 1602 τῶν
2247 1550 2415 1619 ἠθῶν,
2441 1551 2536 1604 καὶ
2570 1554 2636 1623 τῇ
2691 1551 2853 1623 ίλαρᾷ
2903 1552 3238 1607 καταστάσει
3267 1551 3389 1604 ὅλου
3437 1548 3515 1621 τῷ
3559 1548 3675 1601 δντι

2107 1640 2394 1713 θεοφόρου,
2425 1643 2520 1697 καὶ
2551 1642 2726 1708 ὄντος,
2748 1645 2843 1697 καὶ
2891 1644 3247 1715 φαινομένου,
3271 1643 3364 1698 καὶ
3399 1643 3562 1713 ζῆλον
3585 1641 3675 1695 έν·

2110 1731 2311 1804 θερμον
2352 1734 2539 1790 Ἠλιοῦ
2593 1752 2677 1797 τις
2721 1736 2809 1807 ἄρ’
2854 1737 2999 1791 εῐποι
3043 1738 3337 1807 τρέφοντος
3387 1737 3529 1808 ὑπὲρ
3566 1734 3677 1790 τῶν

2107 1823 2372 1891 εὐσεϐῶν,
2395 1825 2491 1879 καὶ
2521 1826 2807 1896 πατρικῶν
2853 1828 2953 1898 τῆς
2999 1827 3330 1897 Ἐκκλησίας
3361 1826 3676 1896 δογμάτων,

2107 1917 2203 1970 καὶ
2255 1916 2603 1988 καθεκάστην
2663 1916 2913 1986 ἀφθόνως
2964 1918 3043 1989 τῷ
3096 1918 3289 1987 γλυκεῖ
3327 1917 3679 1980 διδασκαλίας

2105 2006 2678 2079 άρδεύοντοςνάματι,
2694 2009 2808 2069 ,καὶ
2833 2008 2911 2080 τῷ
2935 2011 3044 2064 τῶν
3075 2008 3250 2080 λόγων
3275 2009 3550 2079 ἐπαγωγῷ
3574 2007 3676 2062 καὶ

2102 2099 2340 2170 τερπνῷ,
2376 2101 2470 2156 καὶ
2500 2102 2566 2172 τῇ
2619 2102 2931 2173 μελιρρύτῳ
2982 2105 3192 2175 φθογγῇ
3227 2104 3436 2167 πάντας
3484 2101 3677 2170 ὥσπερ

2103 2192 2343 2263 άρῤήπῳ
2373 2192 2483 2246 τινὶ
2512 2193 2786 2263 Σειρήνων
2814 2193 3044 2263 δυνάμει
3099 2195 3232 2266 πρὸς
3262 2193 3454 2249 ἑαυτὸν
3489 2193 3677 2246 ἕλκοντ-

2097 2299 2215 2347 τος,
2243 2283 2341 2335 καλ⁵
2370 2284 2869 2354 παρακατέχοντος,
2904 2287 3000 2338 καὶ
3045 2285 3152 2339 τῶν
3193 2286 3440 2340 παλαιῶν
3483 2285 3676 2354 ὥσπερ

2106 2374 2401 2444 ἐκμαγεῖόν
2422 2375 2550 2446 τι,ή
2586 2376 3025 2448 ὲπισφράγισμα,
3050 2379 3143 2433 καὶ
3170 2379 3370 2451 στήλην
3389 2376 3676 2438 εὐσεϐείας

2096 2466 2192 2519 καὶ
2218 2466 2417 2537 ἀρετῆς
2444 2467 2667 2532 κανόνα,
2703 2469 2797 2520 καὶ
2826 2469 3222 2538 Χριστιανικῆς
3276 2469 3551 2530 πολιτείας
3578 2465 3675 2520 n5-

2098 2575 2201 2611 πον
2232 2558 2323 2611 τὸν
2362 2559 2558 2612 ἑαυτοῦ
2594 2558 2707 2629 βίον
2748 2562 3021 2628 ἀναδεῖξαι
3063 2564 3567 2633 φιλονεικήσαντος,
3603 2560 3671 2613 ὲκ

2100 2650 2302 2704 τούτων
2331 2669 2389 2704 τε
2420 2654 2546 2717 τοὺς
2599 2655 2926 2727 ἀνθρώπους
2962 2657 3229 2720 ἅπαντας,
3264 2657 3357 2709 καὶ
3402 2658 3529 2716 τοὺς
3563 2652 3662 2706 ἄλ-

2104 2741 2233 2806 λως,
2257 2740 2289 2809 ἢ
2320 2742 2395 2805 ὡς
2418 2743 2580 2811 ήμεῖς
2602 2745 2912 2815 φρονοῦμεν
2940 2747 3065 2813 περὶ
3090 2745 3187 2811 τὴν
3218 2748 3402 2799 πίστιν
3424 2744 3677 2810 δοξάζον-

414 2853 513 2900 τας
543 2836 622 2899 εἰς
652 2834 936 2906 ἔκπληξιν,
964 2834 1061 2887 καὶ
1093 2831 1304 2903 θαῦμα,
1332 2832 1426 2885 καὶ
1467 2829 1659 2900 ὕμνον,
1689 2830 1785 2885 καὶ
1805 2828 2122 2902 δοξολογίαν
2141 2833 2239 2889 τοῦ
2269 2835 2509 2908 μεγάλου
2541 2836 2677 2892 Θεοῦ
2738 2838 2847 2895 τῶν
2903 2839 3041 2895 ὅλων
3075 2841 3419 2913 κινήσαντος,
3484 2835 3680 2893 αἱωνια

411 2937 448 3008 ἡ
475 2938 693 3010 μνήμη-

486 3087 682 3141 Annon
733 3083 869 3138 bene
903 3081 1033 3135 lavit
1066 3095 1226 3135 suum
1258 3078 1575 3151 )Ethiopem
1646 3078 2001 3149 Eugenicus?
2048 3078 2128 3133 Ex
2177 3081 2399 3151 scriptis
2445 3082 2755 3152 Symconis,
2823 3083 3047 3138 mentita
3099 3092 3153 3138 et
3204 3083 3337 3139 falsa
3367 3097 3512 3145 esse,
3550 3095 3677 3153 quae

416 3179 510 3235 ille
542 3179 609 3235 de
639 3176 891 3231 doctrina
923 3185 979 3230 et
1009 3173 1319 3243 eloquentia
1358 3174 1540 3240 tradit,
1579 3172 1873 3228 manifesto
1898 3172 2192 3229 evincitur.
2234 3174 2369 3241 Quis
2413 3176 2573 3230 nobis
2599 3177 2650 3229 in
2689 3176 2809 3230 aliis
2835 3190 2959 3230 eum
3000 3190 3128 3230 vera
3159 3174 3343 3229 dicere
3378 3187 3673 3231 assevera-

420 3266 551 3332 bit?‘
572 3270 733 3327 Fides
776 3277 1033 3340 suspecta
1066 3278 1176 3324 est.

492 3406 555 3460 Et
592 3414 649 3459 ut
693 3400 1273 3458 Thessalonicensium
1322 3402 1702 3471 episcoporum
1752 3401 1928 3457 series
1958 3404 2247 3470 habeatur,
2290 3403 2614 3474 exponenda
2656 3409 2808 3467 sunt,
2840 3414 2964 3471 quae
2994 3414 3057 3454 ex
3090 3400 3283 3454 eodem
3315 3398 3680 3458 Thessaloni-

411 3502 564 3557 censi
600 3497 874 3568 Synodico
906 3497 1460 3565 exscripsimus,qua:
1498 3503 1667 3551 sunt:

483 3634 702 3701 lsidori,
761 3634 930 3687 beata:
966 3630 1369 3688 recordationis
1421 3636 1755 3693 sanctissimi
1810 3636 1994 3691 archi—
2025 3643 2072 3708 ο

413 3727 655 3799 cpisc0pi
706 3724 1239 3791 'l‘hessalonicensis,
1284 3727 1377 3795 qui
1421 3725 1596 3782 instar
1622 3728 1888 3798 splendidi
1919 3728 1995 3784 si-

420 3820 568 3875 deris
600 3832 818 3890 gregem
859 3832 1017 3872 suum
1057 3818 1204 3872 hunc
1248 3817 1547 3873 illustravit
1577 3821 1693 3876 suis
1720 3819 1992 3888 quotidia-

415 3910 502 3965 nis
540 3909 805 3964 dOCtI'ittiS
847 3917 902 3963 et
957 3909 1449 3976 admonitionibus,
1506 3918 1563 3964 ct
1618 3925 1774 3980 aeque
1832 3920 1997 3980 atque

416 4003 592 4055 bonus
643 4010 696 4055 et
726 4000 937 4069 primus
984 4011 1167 4069 pastor
1203 4000 1483 4068 Christus,
1531 4003 1708 4059 modis
1740 4003 1997 4059 omnibus

416 4093 575 4148 ovilis
604 4109 791 4148 curam
820 4093 991 4162 gessit
1036 4102 1089 4147 et
1137 4093 1326 4164 longas
1361 4095 1831 4166 peregrinationes
1872 4111 1996 4151 sus-

418 4184 601 4248 tinuit,
647 4184 997 4254 etquidquid
1052 4186 1296 4241 divinum
1359 4194 1414 4240 et
1458 4187 1619 4242 saluti
1652 4186 1997 4242 conducibile

417 4277 727 4341 videbatur,
762 4286 822 4331 et
856 4277 1206 4333 sermonibus
1252 4279 1492 4343 edocuit,
1525 4288 1580 4333 et
1618 4278 1874 4347 operibus
1904 4278 1998 4333 de-

428 4369 777 4432 monstravit,
814 4378 867 4421 et
901 4383 1025 4423 vere
1065 4369 1130 4423 iis
1163 4370 1256 4438 qui
1298 4378 1423 4423 ante
1445 4386 1569 4423 eum
1605 4369 1904 4431 civit-tute,
1943 4379 1997 4423 et

416 4461 662 4513 doctrina
693 4457 976 4528 conspicui
1032 4457 1201 4523 fuere,
1255 4459 1412 4513 rebus
1447 4459 1702 4513 omnibus
1740 4474 1995 4528 exaequa-

420 4560 506 4603 tus
537 4559 653 4613 cst;
716 4558 974 4618 perpetua
1013 4550 1296 4604 memoria.
1342 4548 1612 4604 Gabrieiis
1668 4552 1840 4604 beatae
1882 4567 1995 4604 me-

420 4643 611 4696 moriae
639 4642 973 4698 sanctissimi
1026 4642 1420 4711 archiepiscopi
1467 4642 1990 4716 Thessalonicensis,

416 4737 510 4805 qui
551 4735 618 4791 ab
652 4734 884 4789 inmitia
941 4737 1058 4806 ipsa
1098 4737 1209 4790 Deo
1243 4734 1498 4789 addictus
1549 4735 1675 4801 fuit,
1706 4744 1761 4789 et
1788 4736 1838 4790 in
1879 4752 1994 4789 mo-

416 4827 630 4880 nastico
662 4826 784 4880 vitae
847 4826 1099 4882 instituto
1156 4826 1390 4893 primum
1452 4824 1631 4878 locum
1681 4828 1988 4896 occupavit,

416 4918 654 4989 indeque
682 4920 850 4974 veluti
885 4918 1107 4975 virtutis
1139 4917 1421 4985 praemium
1455 4918 1791 4973 rurationem
1825 4921 1990 4990 huius

415 5007 570 5062 urbis
614 5019 969 5072 consecutura,
1029 5005 1215 5061 inultis
1268 5007 1545 5075 operibus.
1600 5016 1655 5063 et
1699 5008 1767 5062 ad
1822 5009 1989 5064 Deum

415 5098 683 5165 precibus
749 5112 873 5152 eam
939 5096 1303 5160 conservavit,
1344 5105 1396 5149 et
1436 5110 1546 5165 prae
1593 5096 1737 5162 aliis,
1789 5096 1989 5166 quibus

424 5188 804 5256 spiritualibus
834 5188 994 5242 donis
1042 5187 1258 5253 enituit,
1319 5188 1743 5244 mansuetudine
1772 5197 1826 5242 et
1859 5189 1988 5243 cha-

425 5281 586 5334 iitale
655 5279 1055 5334 condecoratus
1111 5287 1214 5342 est,
1276 5289 1331 5331 et
1389 5290 1676 5348 paternum
1731 5278 1985 5333 affectum

417 5384 634 5441 smnper
671 5386 800 5440 erga
836 5369 1110 5438 Spiritales
1154 5371 1295 5425 tilios
1337 5372 1820 5427 commonstrarit:
1863 5388 1985 5442 pcr-

417 5472 577 5531 pctua
673 5463 954 5516 memoria.
1033 5462 1319 5530 Symeonis
1402 5464 1571 5519 beatae
1644 5462 1982 5520 recordatio?-

415 5556 519 5610 his.
583 5566 715 5613 etc.,
771 5550 1017 5620 Gregorii
1048 5553 1219 5606 beata:
1264 5553 1658 5611 recordationis
1720 5558 1982 5625 archiepi-

410 5646 558 5713 scopi
618 5644 1150 5712 ’l‘hcssaloniccnsis,
1194 5647 1286 5714 qui
1342 5657 1396 5700 et
1443 5656 1570 5702 ante
1604 5652 1977 5716 pontiﬁcatum

406 5736 547 5788 inter
605 5735 806 5804 primos
858 5736 1101 5805 ejusdem
1155 5747 1317 5804 atque
1356 5738 1445 5791 ille
1483 5741 1693 5796 ordinis
1723 5756 1980 5797 numera-

2185 3632 2460 3703 Ἰσιδώρου
2510 3631 2605 3684 τοῦ
2662 3633 2719 3684 ὲν
2779 3631 3030 3704 μακαρίᾳ
3064 3635 3128 3703 τῇ
3181 3632 3333 3704 λήξει
3381 3638 3681 3706 γενομένου

2099 3725 2403 3794 ἁγιωτάτου
2454 3723 2890 3794 άρχιεπισκόπου
2940 3725 3366 3797 Θεσσαλονίκης,
3391 3727 3490 3784 τοῦ
3520 3728 3682 3796 δίκην

2099 3819 2327 3886 ἀστέρος
2366 3816 2625 3891 λαμπροῦ
2657 3818 2755 3887 τὴν
2796 3817 3031 3888 ποίμνην
3060 3818 3225 3873 αὑτοῦ
3265 3819 3475 3894 ταύτην
3504 3836 3681 3875 κειται

2099 3910 2440 3977 φωτίσαντος
2472 3911 2587 3971 ταῖς
2624 3910 2976 3980 καθ’ήμέραν
3009 3912 3181 3981 ἱεραῖς
3214 3912 3380 3967 αὑτοῦ
3419 3914 3684 3968 διδασκα-

2098 3999 2267 4068 λίαις,
2300 4002 2401 4054 καὶ
2435 4002 2779 4071 εἰσηγήσεσισ
2815 4002 2908 4053 καὶ
2936 4003 3076 4054 κατὰ
3104 4004 3196 4054 τὸν
3218 4002 3381 4057 καλὸν
3410 4005 3508 4058 καὶ
3532 3998 3683 4070 πρῶ-

2098 4109 2191 4145 τον
2257 4093 2491 4162 ποιμένα
2525 4095 2762 4163 Χριστὸν
2810 4093 2904 4146 τοῦ
2961 4095 3213 4162 ποιμνίου
3267 4095 3450 4150 πάντα
3479 4092 3686 4164 τρόπον

2098 4186 2545 4254 πεφροντικότος,
2577 4190 2672 4240 καὶ
2725 4188 2943 4255 μακρὰς
2975 4187 3288 4258 ὁδοιπορίας
3344 4183 3684 4256 ὐπενεγκόν·

2100 4293 2213 4339 τος,
2240 4279 2330 4329 καὶ
2362 4279 2471 4331 πᾶν
2500 4279 2552 4331 εί
2584 4296 2635 4331 τι
2679 4277 2843 4341 θεῖον,
2874 4279 2971 4331 καὶ
3004 4279 3138 4348 πρὸς
3173 4279 3453 4352 σωτηρίαν
3480 4278 3685 4344 ὲνάγον

2103 4368 2211 4417 καὶ⁴
2236 4369 2418 4433 λόγοις
2451 4368 2786 4433 διδάξαντος,
2813 4368 2909 4422 καὶ
2934 4367 3115 4439 ἔργοις
3141 4371 3549 4441 ἑνδειξαμένου,
3580 4365 3682 4419 καὶ

2097 4458 2173 4527 τῷ
2204 4458 2321 4511 ὄντι
2355 4462 2460 4523 τοῖς
2494 4462 2579 4512 ἐπ’
2607 4462 2775 4530 ἀρετῇ
2811 4466 2902 4516 καὶ
2928 4465 3093 4536 σοφίᾳ
3115 4465 3221 4534 προ
3251 4466 3419 4519 αὐτοῦ
3444 4461 3685 4527 διαλάμ-

2096 4551 2262 4620 ψασιν
2293 4536 2643 4619 ἐξισωθέντος
2676 4559 2789 4621 τοῖς
2820 4558 2983 4624 ὅλοις,
3021 4560 3213 4613 αίωνία
3253 4562 3284 4631 ή
3318 4565 3540 4632 μνήμη.
3581 4554 3622 4607 Γ
3624 4570 3688 4605 α-

2097 4644 2266 4716 ϐριὴλ
2296 4647 2391 4701 τοῦ
2428 4650 2486 4701 έν
2523 4652 2773 4721 μακαρίᾳ
2802 4655 2868 4723 τῇ
2903 4653 3052 4723 λήξει
3088 4655 3384 4725 γενομένου
3439 4647 3685 4721 ἁγιωτά-

2100 4753 2194 4788 του
2248 4739 2684 4809 άρχιεπισκόπου
2751 4744 3180 4813 Θεσσαλονίκης,
3216 4744 3311 4798 τοῦ
3374 4744 3565 4816 σχεδλιν
3619 4738 3686 4788 ἐκ

2104 4828 2335 4898 βρέφους
2366 4831 2446 4901 τῷ
2483 4831 2605 4902 Θεῷ
2659 4835 3100 4904 ἁνατεθειμένου,
3137 4839 3239 4889 κάν
3283 4841 3351 4910 τῇ
3410 4827 3681 4907 μοναδικῇ

2100 4921 2347 4989 πολιτείᾳ
2385 4923 2455 4975 τὰ
2502 4923 2697 4992 πρῶτα
2732 4927 2972 4996 σχόντος,
3021 4926 3313 4980 κάντεῦθεν
3357 4930 3434 4990 ὡς
3474 4918 3679 4993 ἀρετῆς

2098 5014 2335 5069 ἔπαθλον
2358 5016 2455 5087 τὴν
2483 5020 2822 5088 προστασίαν
2859 5020 2960 5087 τῆς
2993 5022 3205 5084 πόλεως
3227 5023 3433 5093 ταύτης
3488 5012 3684 5069 ἀναδε-

2097 5107 2355 5175 ξαμένου,
2388 5109 2605 5173 πολλοῖς
2652 5127 2711 5163 τε
2761 5110 2966 5181 ἔργοις,
2999 5114 3095 5166 καὶ
3127 5115 3249 5178 ταῖς
3284 5116 3422 5183 πρὸς
3451 5109 3512 5163 τὸ
3538 5105 3687 5160 θεῖον

2106 5196 2327 5267 δεήσεσι
2376 5200 2584 5271 ταύτην
2630 5202 2998 5271 τηρήσαντας,
3027 5202 3121 5256 καὶ
3157 5204 3294 5275 πρὸς
3320 5207 3436 5267 τοῖς
3472 5197 3683 5253 ἄλλοιςί

2086 5286 2167 5352 οἷς
2220 5290 2349 5361 ἔσχε
2402 5295 2799 5362 πνευματικοῖς
2867 5295 3190 5367 χαρίσματι,
3242 5300 3518 5367 πραότητι
3578 5284 3677 5339 καὶ

2094 5384 2281 5454 ἀγάπῃ
2336 5386 2778 5457 κεκοσμημένοι),
2834 5387 2929 5440 καὶ
2977 5388 3075 5459 τήν
3122 5391 3400 5460 πατρικήν
3459 5380 3685 5437 εὔνοιαν

2095 5476 2181 5526 ἀεὶ
2213 5475 2351 5544 πρὸς
2376 5475 2445 5529 τὰ
2470 5480 2820 5547 πνευματικὰ
2866 5481 3031 5534 τέκνα
3080 5480 3518 5552 ἐνδεικνυμένου,
3543 5470 3681 5523 αίω-

2094 5565 2182 5616 vi:
2213 5566 2244 5634 ή
2284 5566 2497 5636 μνήμη.
2531 5568 2752 5637 Συμεὼν
2788 5570 2882 5623 τοῦ
2930 5573 2987 5624 ὲν
3020 5575 3267 5643 μακαρίᾳ
3290 5575 3357 5644 τῇ
3386 5554 3681 5638 λήξει,καὶ

2091 5659 2159 5710 τὰ
2193 5656 2340 5726 ἑξῆς.
2384 5660 2563 5715 Habes
2597 5676 2783 5731 supra.
2828 5662 2965 5719 Tum
3010 5666 3257 5734 sequitur
3288 5682 3304 5720 :
3338 5651 3676 5733 Γρηγυρίουι

2091 5751 2185 5803 τοῦ
2228 5754 2286 5806 ἐν
2327 5755 2577 5825 μακαρίᾳ
2608 5758 2670 5825 τῇ
2710 5755 2862 5826 λήξει
2898 5760 3192 5827 γενομένου
3222 5743 3673 5829 ἀρχιεπισκόπου
