4066 6446
418 354 483 421 13
1867 354 2206 417 NOTiTlA.
3608 355 3676 421 H

413 470 833 541 Θεσσαλονίκης,
863 470 957 523 τοῦ
1008 472 1100 523 καὶ
1153 470 1259 541 πρὸ
1308 471 1406 542 τῇς
1456 470 1874 543 ἀρχιερωσύνης
1931 472 1952 521 ὲ

2096 481 2204 537 tus,
2247 470 2395 539 prius
2458 470 2559 525 sibi
2630 472 3004 525 concreditum
3062 473 3202 527 ovile
3231 482 3375 528 recte
3425 476 3571 542 pavit
3619 485 3675 529 et

411 566 521 626 τοῖς
552 564 793 634 πρώτοις
825 564 923 633 μὲν
953 565 1059 618 τῶν
1089 564 1378 634 ὁμοταγῶν
1409 564 1646 617 ἐνταῦθα
1676 563 1984 627 τελοῦντος,

414 657 471 709 τὸ
495 657 552 711 δὲ
590 657 957 726 ὲμπιστευθὲν
986 658 1136 729 αύτῷ
1171 658 1440 727 πρότερον
1471 657 1564 710 τοῦ
1596 656 1833 725 Χριστοῦ
1865 657 1986 708 ποί-

416 765 566 818 μνιον
627 748 802 811 καλῶς
842 750 1211 817 ποιμάναντος
1264 754 1356 803 καὶ
1414 749 1780 819 φυλάξαντος,
1843 749 1982 816 μετὰ

412 841 510 912 τὴν
537 841 736 894 ἅλωσιν
776 843 875 908 τῆς
910 842 1120 904 πόλεως
1152 841 1353 911 ταύτης
1394 843 1473 903 εἰς
1505 841 1594 893 τὸν
1627 839 1773 907 ἱερὸν
1804 837 1979 904 αὐτῆς

413 932 598 1001 θρόνον
628 930 1037 1000 μετατεθέντος,
1063 934 1154 985 καὶ
1190 932 1417 1002 μηδενὸς
1445 932 1556 985 τῶν
1598 934 1678 994 εἰς
1716 930 1979 983 σύστασιν

409 1027 612 1093 ταύτης
641 1022 979 1093 ἡμεληκότα,
1004 1020 1084 1086 οἷς
1134 1024 1358 1077 ἐδύνατο
1392 1024 1636 1093 τρόποις,
1670 1023 1893 1092 βαθμοῖς
1918 1041 1977 1074 τε

414 1116 576 1186 ἱεροῖς
598 1117 689 1168 τὸν
718 1116 918 1186 κλῆρον
947 1116 1137 1170 τοῦτον
1172 1118 1360 1186 σχεδον
1403 1120 1585 1171 πάντα
1615 1116 1981 1185 τετιμηκότος

408 1210 500 1261 καὶ
527 1203 706 1273 αὖθις,
734 1212 828 1261 καὶ
857 1212 1037 1281 κοινῇ,
1062 1211 1158 1262 καὶ
1202 1211 1311 1280 ίδίᾳ
1344 1211 1476 1263 πᾶσι
1510 1208 1647 1279 πρὸς
1683 1208 1781 1271 τὰς
1818 1211 1979 1278 ἐπερ-

410 1300 647 1368 χομένας
677 1301 925 1368 ἀνάγκας
954 1302 1047 1354 καὶ
1084 1300 1405 1372 βοηθοῦντος
1445 1302 1541 1353 καὶ
1584 1299 1981 1368 συνεργοῦντος

407 1393 635 1459 ἀόκνως,
679 1397 869 1451 καὶτὸ
918 1399 1135 1466 ἀφιέναι
1170 1399 1335 1451 πᾶσιν
1383 1397 1568 1468 ἔργοις
1612 1395 1781 1449 αὐτοῦ
1835 1394 1980 1447 κατὰ

406 1486 496 1538 τὸν
524 1486 662 1540 θεῖον
693 1490 857 1559 νόμον
884 1490 1213 1555 δεικνύντος,
1250 1491 1445 1545 αίωνία
1477 1492 1509 1561 ἡ
1549 1489 1655 1560 μνή
1668 1506 1762 1559 μη.
1789 1488 1835 1541 Ν
1846 1490 1979 1557 ίφω-

2095 564 2456 628 conservavit,
2510 571 2635 630 post
2670 579 2800 619 vero
2866 564 3028 634 hujus
3079 565 3230 621 urbis
3279 566 3579 633 excidium,
3616 568 3671 621 iu

2096 668 2313 708 sacrum
2365 654 2511 710 illius
2568 654 2823 709 thronum
2881 665 3159 723 evocatus,
3226 658 3357 711 nihil
3417 659 3562 728 quod
3608 661 3674 713 ad

2097 747 2247 800 illum
2304 748 2691 801 stabiliendum
2755 748 2977 813 faceret,
3046 752 3207 803 modo
3267 766 3373 819 quo
3436 762 3671 820 poterat,

2098 840 2467 907 praetermisit,
2509 841 2879 909 gradibusque
2926 842 3097 897 sacris
3128 844 3331 897 clerum
3370 844 3513 898 hunc
3559 845 3675 898 fere

2091 935 2406 987 universum
2434 934 2733 999 decoravit,
2775 952 3107 1004 rursumque
3143 936 3360 1005 publice
3404 948 3458 992 et
3487 938 3673 1007 priva-

2089 1026 2180 1078 tim
2218 1025 2268 1078 in
2307 1027 2729 1082 necessitatibus
2770 1030 3179 1096 erumpentibus
3231 1031 3430 1085 auxilia
3485 1046 3673 1100 opem-

2088 1133 2192 1186 que
2219 1118 2426 1173 ferebat
2452 1120 2755 1187 diligenter,
2801 1123 3058 1177 omnibus
3091 1124 3514 1178 condonandum
3552 1124 3672 1180 suis

2088 1211 2417 1277 actionibus,
2447 1213 2709 1268 utdivina
2766 1215 2847 1268 lex
2900 1218 3146 1285 praecipit
3198 1218 3492 1272 edocebat:
3528 1233 3671 1273 sem-

2075 1305 2302 1372 «piterna
2345 1305 2629 1360 memoria.
2674 1304 2943 1375 Niphonis
2993 1309 3325 1364 sanctissimi
3360 1311 3533 1365 nostri
3569 1312 3673 1363 Do-

2090 1396 2221 1449 mini
2247 1394 2626 1465 Metaphrastte
2673 1399 3208 1467 Thessalonicensis,
3258 1401 3557 1472 llypertimi
3588 1412 3672 1456 at-

2088 1504 2194 1557 que
2229 1489 2463 1544 Exarchi
2496 1495 2767 1545 universae
2796 1492 3093 1548 Thessaliae
3115 1534 3130 1562 ,
3166 1495 3320 1547 multi
3352 1495 3504 1550 anui.

410 1563 616 1641 νος’τοῦ
648 1586 1066 1653 παναγιωτάτου
1101 1586 1259 1656 ἡμῶν
1309 1584 1595 1649 δεσπότου,
1620 1583 1714 1636 τοῦ
1757 1583 2058 1648 θειοτάτου,
2086 1582 2180 1635 τοῦ
2246 1584 2646 1654 μητροπολίτου
2708 1587 3135 1658 Θεσσαλονίκης,
3199 1588 3509 1659 ὑπερτίμου
3570 1591 3667 1647 καὶ

410 1673 638 1746 ἐξάρχου
671 1680 852 1752 πάσης
883 1682 1201 1745 Θετταλίας,
1228 1681 1543 1752 πολλὰνὲτη.

477 1795 606 1860 Quae
634 1798 699 1851 de
727 1797 980 1869 Niphone
1014 1802 1103 1856 hic
1149 1803 1410 1857 dicuntur
1442 1812 1599 1857 erant
1629 1810 1911 1872 postrema
1955 1801 2007 1854 in
2042 1802 2136 1856 illo
2170 1798 2360 1855 codice
2402 1807 2456 1851 et
2489 1797 2591 1852 alia
2633 1812 2795 1851 manu
2832 1808 3083 1863 exnrata,
3122 1810 3181 1851 ut
3213 1799 3339 1852 hinc
3377 1799 3671 1867 colligatur

404 1902 470 1941 eo
500 1892 615 1959 ipso
647 1900 883 1962 tempore
908 1894 1171 1964 Niphonis
1205 1898 1412 1965 scripta
1446 1896 1618 1951 fuisse
1646 1940 1660 1963 ,
1694 1904 1748 1950 et
1789 1894 2061 1964 praecipue
2092 1910 2215 1948 cum
2268 1892 2468 1945 multas
2498 1905 2669 1944 annos
2706 1903 2980 1959 precatur,
3020 1906 3128 1945 non
3162 1903 3420 1945 aeternam
3462 1908 3669 1946 menio-
3706 1968 3713 1975 ο

404 1985 564 2049 riam,
596 1987 738 2056 quod
772 2003 871 2057 pro
901 1993 1132 2045 mortuis
1170 1992 1537 2056 acclamatur,
1591 1997 2007 2047 commemorat.
2063 1987 2121 2046 In
2151 1987 2326 2055 elogio
2378 1984 2648 2039 Gabrielis
2689 1984 2745 2038 in
2780 1986 3025 2055 margine
3056 1985 3375 2040 adnotatum
3406 1997 3528 2038 erat
3564 1986 3667 2037 Συ-

405 2080 570 2146 μεὼν,
605 2080 852 2151 Synteon,
912 2085 993 2137 vel
1044 2081 1319 2154 Symeom's
1353 2101 1371 2138 :
1403 2095 1459 2139 et
1508 2084 1554 2138 si
1594 2101 1705 2142 non
1744 2083 1880 2138 fallit
1922 2082 2266 2150 conjectura,
2309 2079 2549 2149 Synieon
2612 2079 2738 2147 iste,
2777 2079 2845 2132 de
2878 2093 2986 2148 quo
3026 2079 3192 2132 verba
3226 2078 3483 2145 facimus,
3514 2077 3665 2133 illius

405 2181 592 2224 auctor
630 2172 750 2237 fuit,
787 2176 1247 2243 quemadmodum
1286 2176 1572 2246 Symeonis
1623 2176 1861 2243 elogium
1913 2174 2224 2243 Eugenieus
2283 2170 2577 2226 dictitavit.
2620 2168 2761 2224 Vixit
2792 2171 2979 2237 itaque
3017 2168 3258 2241 Symeon
3287 2178 3415 2228 ante
3445 2180 3661 2238 captam

402 2266 471 2319 ab
494 2268 750 2323 Amurate
805 2270 1278 2337 'I‘hessalonicam,
1317 2284 1369 2326 et
1426 2280 1552 2325 ante
1600 2271 1885 2327 excidium
1946 2271 2094 2326 illius
2128 2268 2281 2323 urbis
2314 2283 2405 2323 sex
2450 2281 2668 2322 menses
2697 2265 2807 2320 fato
2857 2263 3078 2319 functus
3116 2272 3201 2318 est
3237 2280 3251 2316 :
3290 2264 3368 2316 illi
3414 2267 3537 2331 poSt
3569 2280 3669 2319 ca-

402 2370 551 2432 ptam
606 2366 871 2419 successit
908 2366 1227 2439 Gregorius.
1276 2367 1444 2436 Capta
1491 2376 1673 2420 autem
1738 2376 1825 2422 est
1858 2364 2254 2421 Thessalonica
2311 2364 2379 2416 ab
2440 2364 2704 2415 Amurate
2766 2375 2912 2414 anno
2955 2360 3022 2413 ab
3069 2360 3203 2414 orbe
3242 2359 3461 2413 condito
3501 2360 3664 2423 6958,

404 2455 609 2511 Christi
642 2457 799 2511 1450.
851 2457 1089 2512 Joannes
1125 2458 1437 2529 Anagnosta
1471 2459 1721 2513 oculatus
1781 2472 1961 2511 rerum
2026 2458 2183 2511 testis
2219 2454 2551 2508 Narratione
2606 2453 2675 2507 de
2739 2465 3021 2523 postremo
3053 2453 3270 2512 excidio
3307 2451 3664 2510 Thessaloni-

401 2550 549 2601 ομιιεί
597 2566 609 2602 :
657 2548 910 2620 Ἐννάτην
947 2546 1051 2619 ἦγε
1082 2551 1175 2603 καὶ
1236 2550 1488 2622 είκοστὴν
1518 2553 1545 2603 ὁ
1570 2550 1814 2619 Μάρτιος
1864 2550 1988 2602 τότε
2013 2564 2026 2579 ·
2073 2550 2194 2612 ἔτος
2221 2548 2277 2601 δὲ
2322 2547 2654 2618 τριακοστὸν
2695 2546 2883 2613 ὃγδοον
2920 2546 3057 2615 πρός
3087 2546 3164 2615 τῷ
3205 2548 3661 2619 ἑξακισχιλιοστῷ

402 2640 710 2711 ἐννακοστῴ
738 2642 1043 2710 ἐνειστήκει
1080 2659 1093 2696 :
1129 2642 1281 2695 Diem
1314 2643 1583 2711 aperiebat
1631 2642 1825 2695 mensis
1869 2641 1952 2693 Ma

2076 2659 2099 2695 s
2134 2655 2330 2693 nonum
2358 2648 2408 2692 et
2441 2639 2744 2691 vicesimum
2771 2637 2901 2689 armi
2939 2651 3031 2689 sex
3072 2637 3343 2691 millesimi
3382 2654 3669 2707 nongenta-

400 2708 524 2787 ;imi
556 2734 805 2787 tricesimi
836 2708 1027 2787 octavi.
1066 2733 1204 2789 Hinc
1238 2735 1449 2800 videas,
1479 2743 1749 2805 quantum
1810 2734 2035 2787 fallatur
2093 2733 2346 2785 Historia:
2399 2731 2632 2799 politiore
2669 2739 2863 2783 auc-lor
2898 2730 3040 2797 apud
3073 2729 3366 2785 Martinum
3402 2732 3660 2789 Crusium

403 2842 456 2883 et
494 2844 611 2882 cum
642 2843 707 2883 eo
734 2827 1122 2893 Leunclavius,
1152 2828 1392 2883 Jacobus
1422 2828 1704 2882 Pontanus
1730 2826 1886 2881 Notis
1913 2828 1966 2881 in
1994 2825 2476 2896 protovestiarium
2514 2833 2567 2877 et
2601 2824 2713 2887 alii,
2748 2824 2841 2892 qui
2865 2820 3273 2879 Thessalonicae
3302 2831 3665 2898 oppugnatio-

406 2940 525 2978 nem
556 2928 620 2979 ad
651 2942 855 2989 annum
883 2926 1087 2983 Christi
1124 2928 1253 2981 1451
1295 2926 1559 2982 referunt.
1619 2914 1726 2979 ἈΙὶἱ
1786 2926 1979 2993 majori
2043 2920 2475 2978 anaebronismo
2528 2923 2594 2976 ad
2656 2923 2746 2986 52,
2782 2923 3014 2991 primum
3049 2920 3334 2979 Amuratis
3360 2928 3657 2983 adventum

404 3034 526 3073 cum
561 3020 745 3091 urbem
773 3020 1067 3089 oppressit,
1094 3036 1218 3074 cum
1259 3022 1505 3077 secundo
1541 3019 1973 3084 confundentes;
2012 3031 2134 3088 post
2161 3018 2305 3072 enim
2336 3031 2512 3070 annos
2538 3016 2675 3069 duos
2708 3018 2758 3068 in
2794 3017 3039 3069 eamdem
3074 3019 3258 3084 rediit,
3302 3032 3355 3075 et
3383 3024 3655 3093 quidquid

404 3123 525 3180 post
557 3122 920 3182 expugnatam
963 3114 1150 3167 urbem
1202 3115 1485 3169 beneficus
1530 3113 1862 3168 Christianis
1915 3114 2211 3176 concessit,
2259 3114 2360 3166 hoc
2416 3112 2659 3166 secundo
2710 3113 2946 3182 maligne
2978 3113 3274 3167 admodum
3311 3120 3574 3185 pervertit
3607 3134 3662 3177 et

404 3209 455 3263 in
487 3210 775 3277 pessimum
814 3219 1014 3265 statum
1054 3227 1139 3265 res
1170 3211 1549 3266 commutavit.
1585 3208 1713 3264 Fuit
1744 3210 1977 3281 Symeon
2022 3210 2209 3264 animo
2240 3209 2407 3276 virili,
2443 3209 2833 3279 praesentique,
2888 3212 2981 3280 qui
3041 3230 3139 3268 nec.
3169 3218 3408 3285 prtemiis
3458 3221 3659 3279 oblatis

396 3300 470 3357 ab
498 3302 794 3357 Amurathe
833 3300 1441 3369 'l'hessalonicensibus,
1482 3317 1585 3356 nec
1620 3302 1786 3357 minis
1817 3306 1868 3356 in
1902 3318 2021 3358 eam
2055 3303 2383 3357 sententiam
2423 3304 2549 3356 duci
2600 3304 2795 3370 potuit,
2835 3316 2890 3358 ut
2922 3306 3096 3361 Graeci
3131 3309 3322 3379 ejectis
3358 3311 3565 3371 Latinis
3600 3319 3655 3373 in

399 3395 724 3451 deditionem
760 3395 1035 3451 Amuratis
1071 3396 1457 3457 concederent,
1514 3394 1747 3463 ideoque
1782 3411 1812 3450 a
1868 3394 2149 3448 malevolis
2210 3397 2392 3449 acrius
2443 3406 2757 3449 accusatus.
2814 3398 2941 3452 Rem
3001 3403 3252 3469 pluribus
3303 3412 3657 3478 prosequitur

399 3495 540 3547 idem
568 3492 901 3562 Auagnosta,
936 3491 1121 3561 cujus,
1149 3504 1272 3542 cum
1306 3504 1463 3543 rarus
1498 3490 1567 3544 sit
1595 3504 1693 3542 nec
1730 3487 1987 3541 omnibus
2011 3486 2411 3551 obvius,vcrba
2449 3485 2577 3542 licet
2605 3488 2906 3559 prolixiora
2945 3491 3032 3547 hic
3071 3507 3366 3564 apponam.

467 3632 650 3695 Οὕτως
690 3626 781 3684 οὖν
813 3633 944 3701 ἡμῖν
989 3629 1225 3701 ἔχουσιν,
1256 3630 1380 3683 ὅσαι
1418 3647 1477 3683 τε
1509 3623 1647 3699 ὧραι
1689 3630 1861 3702 μυρία
1896 3631 1961 3683 τὰ

2139 3625 2276 3681 Cum
2310 3628 2494 3696 itaque
2534 3644 2621 3681 res
2657 3640 2860 3685 nostra:
2908 3632 2981 3687 ita
3030 3649 3089 3689 se
3124 3637 3409 3702 haberent,
3451 3652 3503 3696 et
3537 3646 3657 3699 siu-

398 3724 604 3794 χαλεπὰ
632 3723 877 3792 φέρουσι,
909 3723 1003 3776 καὶ
1051 3721 1148 3791 τὴν
1198 3722 1475 3791 σωτηρίαν
1530 3721 1959 3791 ἀπαγορεύουσι,

406 3816 562 3867 κακὸν
588 3814 843 3885 ἐξαίφνης
870 3813 1104 3881 ἐπῆλθεν
1136 3814 1347 3887 ἕτερον.
1381 3812 1454 3869 Τὸ
1484 3817 1526 3869 δ’
1554 3802 1622 3885 ἦν
1653 3818 1684 3883 ἠ
1718 3814 1811 3866 τοῦ
1864 3829 1962 3866 κα-

401 3907 485 3963 λοῦ
522 3910 800 3981 ποίμένος,
831 3907 926 3965 καὶ
970 3911 1113 3964 κατὰ
1160 3910 1251 3961 τὸν
1301 3909 1517 3978 πρῶτον
1568 3907 1803 3976 ποιμένα
1860 3906 1959 3975 τὴν

396 4002 569 4072 ψυχὴν
601 4002 686 4071 ἐφ’
710 4005 948 4070 ἑκάστης
980 4000 1220 4069 ἀφειδῶς
1257 3999 1401 4069 ὑπὲρ
1434 3999 1527 4051 τοῦ
1570 3998 1825 4065 ποιμνίου
1876 4013 1959 4047 τι·

396 4092 600 4156 θέντος,
634 4096 774 4146 κατὰ
806 4093 949 4146 θεῖον
993 4092 1246 4161 βούλημα
1289 4090 1525 4159 τελευτή
1552 4104 1564 4117 ⁶
1588 4090 1643 4141 ὲν
1678 4086 1829 4155 καλῷ
1862 4086 1959 4156 μὲν

394 4185 582 4253 ἐκείνῳ
638 4183 1005 4253 γεγενημένη,
1060 4181 1256 4250 βλάϐος
1307 4180 1352 4233 δ’
1402 4181 1534 4249 ἡμῖν
1584 4178 1959 4246 ὲπενεγκοῦσα

393 4279 550 4338 πολὺ,
602 4278 707 4329 τῶν
758 4277 969 4328 ἐκείνου
1023 4275 1189 4328 λιτῶν
1227 4274 1363 4345 πρὸς
1399 4274 1534 4325 Θεὸν
1584 4273 1956 4340 στερηθεῖσιν,

391 4366 478 4431 αἷς
506 4368 841 4437 ἐσωζόμεθα.
876 4368 1000 4420 Ὅτι
1034 4369 1088 4420 δὲ
1128 4368 1269 4419 κατὰ
1301 4366 1451 4417 θείαν
1505 4364 1646 4433 αὕτη
1700 4363 1956 4432 βούλησιν

389 4456 477 4529 ἦν,
509 4461 671 4515 ἄκουε
699 4460 792 4513 τοῦ
823 4459 1084 4527 φανέντος
1113 4458 1189 4527 τῷ
1243 4456 1499 4526 μακαρίῳ
1544 4456 1789 4526 περιόντι
1834 4457 1953 4507 κατ’

388 4552 519 4619 όναρ
550 4553 761 4622 ἐκείνῳ.
794 4552 980 4615 Ἔδοξε
1009 4552 1115 4620 πρὸ
1159 4550 1253 4603 τοῦ
1292 4553 1393 4615 τὴν
1435 4549 1592 4601 πόλιν
1618 4548 1696 4617 τῷ
1733 4547 1955 4617 πολέμῳ

388 4644 655 4715 ληφθῆναι
704 4642 851 4699 οἶκόν
886 4662 1007 4698 τινα
1050 4645 1303 4714 λαμπρόν
1339 4645 1570 4695 εἰσιέναι
1606 4643 1700 4694 καὶ
1727 4658 1954 4709 παμμε-

389 4737 545 4805 γέθη,
597 4737 952 4806 περισκοπεῖν
991 4753 1049 4788 τε
1087 4734 1250 4787 αὑτὸν
1293 4734 1436 4787 κατὰ
1470 4735 1655 4803 μέρος,
1698 4732 1792 4786 καὶ
1826 4732 1954 4784 θαυ-

389 4828 581 4896 μάζειν
612 4829 776 4883 αὺτοῦ
810 4830 870 4881 τό
909 4845 968 4882 τε
999 4828 1193 4890 κάλλος
1231 4828 1326 4879 καὶ
1363 4826 1615 4895 μέγεθος.
1654 4824 1745 4876 Ἐν
1776 4824 1953 4892 τούτῳ

384 4920 428 4972 δ’
452 4920 565 4973 ὄντι
602 4921 783 4990 φωνὴν
812 4919 1013 4985 ἔξωθεν
1048 4918 1357 4988 ἐνεχθῆναι,
1384 4919 1672 4983 λέγουσαν,
1708 4935 1724 4967 t
1769 4916 1825 4968 '0
1853 4918 1950 4983 μὲν

381 5008 526 5075 οἶκος
552 5007 727 5077 οὗτος,
750 5012 808 5064 οὗ
837 5013 904 5064 τὰ
940 5013 1062 5064 καθ’
1082 5014 1340 5075 ἕκαστον,
1368 5007 1412 5063 ῶ
1437 5011 1696 5069 δέσποτα,
1726 5008 1801 5071 ὡς
1829 5009 1950 5059 λίαν

382 5104 610 5173 λαμπρὰ
648 5105 743 5157 καὶ
789 5104 969 5171 ὡραῖα
1014 5103 1318 5173 θαυμάζεις
1368 5102 1705 5173 περιαθρῶν,
1762 5103 1950 5153 πίπτει

385 5196 444 5247 τὸ
470 5197 630 5266 τάχος
655 5211 669 5225 ⁸
695 5200 787 5248 καὶ
819 5196 902 5248 ἵνα
941 5195 1013 5266 μή
1063 5212 1122 5247 σε
1169 5194 1385 5264 καλύψῃ
1418 5193 1629 5259 πεσὼν,
1654 5194 1793 5259 ἔξιθι
1823 5192 1950 5245 τού-

380 5306 471 5342 του
499 5290 726 5361 ταχέως.
768 5308 786 5341 ›
840 5287 1026 5352 Οὕτως
1072 5282 1222 5358 εἶχεν
1268 5291 1301 5352 ἡ
1353 5288 1475 5356 ὄψις
1506 5305 1519 5318 ·
1549 5290 1640 5339 καὶ
1674 5288 1753 5350 είς
1787 5287 1949 5356 ἔργον

378 5376 510 5453 ἧκεν
538 5383 638 5436 οὐκ
658 5385 738 5443 εἰς
771 5382 1022 5453 μακράν
1058 5383 1263 5445 ἐκεῖνος
1292 5383 1393 5450 μὲν
1419 5383 1549 5450 γὰρ,
1578 5382 1665 5433 ἵνα
1696 5382 1945 5450 ἀναφανῇ

377 5474 604 5539 δίκαιος,
640 5476 738 5529 καὶ⁵
776 5475 883 5527 τῶν
914 5474 1124 5527 πολλῶν
1158 5475 1255 5543 τῆς
1283 5475 1488 5543 ἀρετῆς
1524 5473 1734 5526 ἐκείνου
1767 5475 1947 5542 καμά-

373 5581 477 5618 των
514 5565 656 5638 λάϐῃ
702 5565 801 5628 τὰς
847 5564 1171 5627 ἀντιδόσεις,
1202 5566 1425 5625 εἰκότως
1479 5564 1643 5626 οὕτω,
1679 5566 1777 5618 καὶ
1840 5564 1947 5633 πρὸ

372 5658 468 5727 τῆς
498 5659 684 5729 κοινῆς
728 5658 1041 5728 συμφορᾶς,
1082 5656 1216 5727 πρὸς
1263 5656 1320 5708 ὃν
1366 5656 1554 5708 ἐπόθει
1589 5655 1793 5726 Κύριον
1830 5656 1946 5721 ἑξε-

372 5748 629 5821 δήμησεν.
657 5750 731 5803 Οὐ
767 5750 872 5822 γὰρ
904 5750 1113 5802 δίκαιον
1150 5747 1309 5802 τοῦτο
1342 5749 1493 5818 παρὰ
1523 5749 1660 5802 Θεοῦ
1696 5749 1942 5821 κέκριτο,

368 5844 629 5902 τοιούτων
664 5845 750 5903 ἵνα
781 5842 968 5898 κακῶν
996 5846 1188 5913 πεῖραν
1218 5844 1341 5912 σχῇ,
1376 5844 1470 5897 καὶ
1494 5847 1801 5916 κοινωνήσῃ
1832 5845 1939 5899 τῶν

2068 3721 2193 3789 gula
2232 3727 2509 3773 momenta
2563 3720 2884 3776 innumeras
2935 3739 3103 3792 prope
3155 3743 3326 3783 noxas
3366 3731 3656 3798 inferrent,

2067 3810 2243 3878 deque
2293 3811 2469 3864 salute
2498 3810 2941 3878 desperaremus,
2985 3814 3187 3869 malum
3238 3818 3289 3869 al
3317 3821 3384 3871 ual
3433 3836 3655 3888 repente

2067 3900 2300 3968 irrupit,
2359 3910 2412 3953 et
2472 3900 2790 3952 validiorem
2844 3902 3137 3958 adamante
3192 3908 3437 3962 animum
3499 3914 3657 3980 tlisji-

2065 3995 2238 4059 ciens,
2292 3994 2416 4047 boui
2477 3993 2687 4047 scilicet
2747 3997 3008 4061 pastoris,
3041 4008 3094 4051 et
3150 4016 3395 4067 nequeat:
3442 4006 3654 4071 primus

2066 4095 2253 4152 pastor
2287 4084 2537 4154 quotidie
2591 4087 2817 4149 profuse
2870 4090 3107 4142 animam
3155 4096 3432 4160 portentis,
3467 4097 3655 4154 divino

2066 4177 2299 4231 consilio
2331 4178 2537 4243 obitus,
2598 4178 2673 4231 illi
2735 4179 2956 4247 quidem
3016 4182 3291 4238 fortunate
3328 4192 3653 4251 succedens,

2066 4272 2222 4323 nobis
2256 4288 2387 4324 vero
2418 4270 2618 4325 damna
2672 4289 2847 4342 eaque
2903 4276 3141 4345 ingentia
3193 4279 3520 4349 importatis,
3559 4286 3656 4353 qui

2062 4364 2208 4417 illius
2237 4364 2304 4417 ad
2351 4365 2516 4418 Deum
2552 4365 2829 4432 precibus,
2864 4368 3067 4436 quibus
3094 4372 3257 4425 saluti
3285 4380 3485 4428 nostra
3521 4394 3650 4444 pro-

2064 4457 2370 4523 videbatur,
2438 4458 2739 4524 privamur.
2809 4457 2875 4512 Et
2938 4460 3125 4515 divino
3190 4465 3424 4518 consilio
3494 4469 3647 4522 illum

2061 4548 2354 4613 contigisse
2382 4550 2645 4618 conjicies
2689 4566 2753 4603 ex
2785 4550 2892 4605 illis
2945 4570 3066 4622 quze
3118 4556 3194 4608 illi
3244 4559 3423 4613 adhuc
3455 4576 3652 4629 super-

2061 4639 2170 4692 stiti
2206 4642 2349 4693 inter
2396 4640 2783 4694 somniandum
2822 4654 3141 4700 evenerant.
3198 4645 3361 4702 Visus
3396 4661 3477 4703 est
3517 4654 3646 4719 sibi,

2061 4741 2355 4800 antequam
2393 4736 2523 4787 urhs
2582 4734 2725 4787 bello
2777 4739 3117 4805 concideret,
3149 4742 3372 4797 domum
3429 4749 3654 4812 praecla-

2062 4840 2178 4877 ram
2208 4836 2260 4878 et
2296 4829 2591 4880 maximam
2655 4831 2924 4896 ingresso,
2986 4833 3232 4903 singulas
3288 4836 3435 4890 illius
3466 4852 3650 4906 partes

2061 4918 2355 4987 inspicere,
2392 4931 2445 4974 et
2474 4922 2693 4987 decora,
2747 4935 2800 4977 et
2854 4927 3284 4993 magnitudinem
3323 4946 3460 4998 mage
3486 4946 3651 4998 opere

2006 5025 2023 5044 ι
2064 5016 2339 5069 demirari.
2379 5015 2475 5071 llis
2510 5020 2775 5073 intentum
2809 5036 2994 5075 vocem
3028 5023 3229 5078 deforis
3265 5026 3648 5083 advenientem

2063 5106 2366 5162 iuaudisse.
2410 5130 2428 5161 ι
2454 5109 2654 5164 Domus
2682 5113 2812 5175 haec,
2842 5114 3000 5183 cujus
3031 5129 3216 5184 partes
3251 5119 3498 5186 singulas
3528 5121 3649 5175 illu-

2061 5210 2203 5254 stres
2271 5212 2433 5269 atque
2492 5215 2751 5259 venustas
2806 5207 3168 5265 considerans
3212 5212 3527 5275 admiraris,
3556 5231 3647 5269 ae-

2061 5303 2236 5353 tutum
2269 5297 2543 5363 concidet,
2572 5309 2717 5352 etne
2749 5310 2799 5353 te
2828 5315 2927 5354 sua
2962 5304 3118 5356 ruina
3156 5306 3451 5374 Opprimat,
3480 5325 3643 5378 quam

2058 5386 2168 5439 cito
2204 5386 2349 5441 foras
2377 5390 2530 5456 eripe
2565 5399 2636 5443 te.
2670 5410 2689 5442 ι
2728 5392 2914 5447 Visum
2959 5397 3059 5448 hoc
3108 5397 3301 5451 eﬂectu
3337 5414 3442 5453 non
3476 5401 3649 5454 multo

2061 5489 2182 5543 post
2206 5482 2625 5547 comprobatum
2659 5493 2760 5537 est.
2824 5485 2916 5539 Ille
2942 5510 2943 5513 η
2971 5490 3193 5551 etenim,
3250 5502 3303 5540 ut
3331 5491 3513 5558 justus
3554 5508 3647 5558 ap-

2058 5578 2293 5637 pareret,
2319 5580 2373 5624 et
2400 5571 2617 5627 virtutis
2645 5589 2759 5629 sua:
2791 5577 3089 5631 multorum
3138 5580 3387 5632 laborum
3422 5586 3643 5648 praetitia

2058 5660 2309 5725 referret,
2342 5665 2444 5730 sic,
2487 5667 2560 5719 uti
2602 5682 2697 5735 par
2726 5679 2844 5722 erat
2886 5679 2940 5724 et
2972 5681 3098 5725 ante
3142 5685 3435 5725 commune
3467 5671 3644 5725 infor-

2058 5754 2273 5809 tunium
2333 5756 2399 5810 ad
2456 5756 2650 5819 Deum,
2688 5777 2851 5829 quem
2907 5771 3191 5833 tantopere
3255 5765 3640 5833 concupiverat

2056 5847 2334 5918 migravit.
2371 5847 2562 5921 Neque
2587 5852 2733 5907 enim
2765 5856 2974 5925 justum
3025 5855 3168 5926 apud
3210 5854 3375 5911 Deum
3418 5868 3638 5936 reputa,
