4066 6442
400 356 465 421 15
1249 360 1551 421 SYMEON
1594 359 2358 422 THESSALONICENSIS
2400 362 2761 422 ARCHIEP.
3584 353 3649 417 λθ

401 474 581 537 batur,
644 471 905 525 similium
963 471 1230 524 mulorum
1290 488 1414 525 eum
1455 471 1774 541 participem
1827 472 1967 527 fieri.

2081 472 2212 528 ἴσων
2241 475 2376 542 ἡμῖν
2400 488 2413 505 ⁸
2441 472 2700 541 ἀνόμοιος
2725 471 2835 541 γὰρ
2866 463 2934 540 ἦν
2963 470 3075 531 τοῖς
3099 465 3279 527 ἄλλοις
3309 464 3337 516 ό
3365 462 3476 530 βίος
3503 462 3648 516 ἐκεί-

399 564 522 622 Vita
553 566 818 635 siquidem
864 565 1008 619 illius
1049 578 1158 617 non
1213 573 1331 617 erat
1376 566 1499 619 aliis
1546 564 1766 629 similis,
1797 574 1849 619 et
1883 579 1972 619 se-

401 660 547 713 mitae
575 658 822 723 diversar,
858 669 915 711 ut
943 672 1065 710 cum
1116 655 1408 710 Salomone
1461 657 1676 726 loquar.
1707 655 1816 712 Nos
1844 671 1971 711 vero

400 752 749 822 improbitate
782 752 942 821 plane
979 751 1189 820 repleti,
1228 752 1281 803 in
1330 750 1761 819 cngitationibus
1788 749 1971 805 cordis

401 844 571 897 nostri
604 842 823 911 pessimi
871 842 1240 904 ambulantes,
1284 849 1343 893 ut
1396 840 1661 895 Jeremias
1693 839 1887 909 inquit,
1917 848 1971 892 et

401 937 623 1003 perinde
670 944 833 1004 atque
882 936 1141 1005 antiquus
1192 933 1380 1000 lsrael,
1445 942 1869 997 murmurantes,
1906 948 1939 986 u

400 1024 560 1079 nobis
617 1025 922 1088 :illubescit,
987 1026 1150 1080 rebus
1206 1039 1312 1078 non
1375 1023 1795 1079 succedentibus
1846 1025 1971 1093 jure

403 1118 601 1171 merito
635 1117 795 1181 mala,
853 1127 909 1171 et
963 1116 1135 1170 solida
1170 1116 1483 1170 calamitate
1542 1125 1871 1178 mactamur,
1913 1125 1969 1169 et

402 1209 494 1263 tali
546 1208 662 1263 viro
716 1207 994 1274 orbamur,
1047 1207 1140 1276 qui
1191 1206 1342 1262 solus
1395 1204 1765 1261 aﬂlictissimis
1818 1206 1972 1260 hisce

404 1301 746 1370 temporibus
787 1308 843 1353 et
892 1299 948 1351 in
1003 1299 1168 1352 tantis
1204 1312 1389 1352 rerum
1439 1296 1856 1352 discriminibus
1880 1312 1963 1351 so-

402 1394 588 1447 latium
621 1398 981 1445 remanserat.
1022 1390 1224 1443 Omnes
1266 1387 1536 1457 siquidem
1582 1403 1733 1453 eum,
1780 1387 1857 1442 uti
1887 1388 1969 1439 vi-

402 1485 563 1539 talem
636 1482 690 1537 in
744 1482 902 1536 nobis
970 1479 1284 1535 facultatem
1350 1479 1761 1549 reputabamus,
1826 1479 1971 1533 illius

402 1589 634 1633 mortem
689 1575 1071 1632 tantummodo
1143 1564 1480 1628 ducebamus
1537 1573 1802 1628 adversus
1869 1587 1971 1627 nos

397 1670 719 1739 justissima:
755 1667 1010 1723 Numinis
1044 1666 1346 1736 punitionis
1394 1665 1701 1721 exordium.
1737 1664 1851 1719 Hoc
1876 1680 1972 1721 eos

2076 582 2193 628 νου,
2220 566 2316 618 καὶ
2357 563 2756 634 ἐξηλλαγμέναι
2798 562 2852 613 αἱ
2889 560 3084 631 τρίϐοι,
3107 558 3167 610 τὸ
3206 554 3548 623 Σολομῶντος
3572 554 3647 605 εί-

2076 660 2195 710 πεῖν
2216 674 2230 686 ·
2266 658 2422 725 ἡμεῖς
2448 656 2505 708 δὲ
2537 655 2738 717 κακίας
2762 653 3027 722 γέμοντες
3059 650 3195 713 ὅλως
3222 650 3317 700 καὶ
3341 648 3518 700 ὀπίσω
3538 646 3648 698 τῶν

2075 747 2478 817 ἐνθυμημάτων
2541 749 2641 817 τῆς
2705 744 2931 815 καρδίας
2986 742 3148 812 ἡμῶν
3212 739 3313 809 τῆς
3381 737 3644 807 πονηρᾶς.

2074 840 2247 892 Τοῦτο
2279 840 2343 909 δὴ
2373 840 2434 892 τὸ
2473 839 2569 893 τοῦ
2615 838 2912 908 Ἰερεμίου,
2945 835 3339 905 πορευόμενοι·
3374 831 3468 884 καὶ
3505 829 3650 883 κατά

2073 935 2164 988 τὸν
2189 933 2359 986 πάλαι
2383 930 2693 1001 γογγυσταὶ
2713 930 3075 999 τυγχάνοντες
3117 924 3359 995 Ἰσραὴλ,
3382 922 3528 976 κατά
3549 922 3649 990 τὴν

2071 1026 2348 1095 ἡμετέραν
2404 1023 2706 1094 ἐπιθυμίαν
2759 1021 3061 1076 ἀπολαύειν
3094 1021 3247 1083 ὅπως
3279 1019 3380 1072 οὐκ
3450 1016 3649 1086 ἔχομεν

2070 1119 2183 1172 τῶν
2217 1119 2587 1187 πραγμάτων,
2614 1114 2839 1176 δικαίως
2877 1114 3021 1168 οὕτω
3058 1111 3423 1182 πεπράγαμεν
3458 1110 3651 1161 δυστυ-

2074 1213 2330 1281 χέστατα,
2360 1210 2455 1262 καὶ⁵
2488 1208 2681 1261 τούτου
2712 1206 2939 1277 τάνδρὸς
2978 1203 3343 1277 ἐστερήμεθα,
3372 1202 3534 1267 μόνου
3554 1216 3650 1254 πε·

2078 1300 2447 1372 ριλειφθέντος
2472 1300 2530 1353 ἐν
2554 1299 2813 1362 τοιούτοις
2837 1299 3048 1367 καιροῖς
3088 1297 3183 1350 καὶ
3209 1294 3482 1357 τοσούτοις
3499 1295 3651 1346 ἀνια-

2077 1395 2187 1459 ροῖς
2216 1392 2584 1463 παραμύθιον.
2619 1391 2827 1453 Πάντες
2874 1389 2983 1460 γὰρ
3016 1387 3208 1456 ὥσπερ
3254 1384 3377 1439 τινὰ
3421 1384 3649 1452 δύναμιν

2077 1485 2317 1555 ζωτικὴν
2346 1487 2404 1537 ἐν
2429 1486 2562 1555 ἡμῖν
2597 1483 2919 1552 ἐνομίζομεν
2967 1479 3179 1542 τοῦτον,
3210 1482 3304 1533 καὶ
3332 1476 3432 1547 τὴν
3460 1476 3651 1528 τελευο

2074 1575 2174 1647 τὴν
2207 1576 2419 1630 ἐκείνου
2456 1575 2624 1645 μηδὲν
2654 1573 2785 1627 ἄλλο
2818 1573 3061 1643 νομίζειν
3098 1574 3338 1639 εἴχομεν,
3369 1569 3402 1639 ἢ
3436 1571 3531 1636 τῆς
3564 1566 3648 1635 ἐφ’

2074 1667 2224 1735 ἡμᾶς
2280 1665 2371 1717 τοῦ
2434 1662 2569 1717 Θεοῦ
2603 1663 2949 1733 δικαιοτάτης
2997 1661 3247 1722 παιδείας
3298 1653 3410 1711 οἷον
3466 1656 3651 1727 προοί-

402 1761 680 1831 redarguit
720 1760 1085 1827 apertissime,
1153 1758 1246 1829 qui
1305 1757 1527 1828 indigna
1586 1757 1730 1811 dicta
1763 1757 1816 1810 in
1846 1772 1969 1811 eum

2082 1776 2221 1828 μιον.
2253 1756 2426 1810 Τοῦτο
2475 1756 2585 1809 τῶν
2637 1757 2921 1809 κατειπεῖν
2958 1754 3251 1825 ᾑρημένων
3296 1752 3507 1805 ἐκείνου
3555 1768 3652 1803 σαο

2137 1849 2283 1867 1___,_
2302 1865 2315 1867 _
2340 1865 2351 1867 _
2404 1847 2450 1867 ις
2471 1864 2541 1867 ,ξη
2573 1865 2587 1867 _
2613 1864 2624 1867 Α
2697 1848 2784 1867 -.μὶ
2846 1846 2932 1867 ..-8,
2952 1864 2969 1867 _
3023 1845 3232 1867 2.2-.-l..-.
3282 1842 3404 1867 -.μ-⁸
3441 1843 3649 1867 ιθ--ι..-..

403 1856 660 1924 ingerunt
705 1861 760 1907 et
808 1850 1035 1905 infamia
1090 1860 1341 1914 onerant,
1413 1848 1556 1918 quod
1607 1848 1972 1918 proditionem

405 1963 515 2001 non
547 1946 798 2010 suaserit,
833 1954 886 1997 et
914 1942 1060 2011 quod
1105 1956 1199 1995 eos
1236 1940 1474 2010 propriis
1522 1940 1766 1994 consiliis
1808 1940 1973 1996 altius

405 2038 684 2111 quidpiam
738 2035 1063 2090 meditantes
1124 2035 1178 2088 in
1238 2049 1315 2097 se,
1382 2034 1721 2103 rcpresserit.
1769 2034 1977 2104 Opinor

405 2132 657 2202 equidem
696 2144 818 2200 ego,
850 2143 974 2183 cum
1010 2126 1169 2181 vellet
1202 2124 1365 2190 Deus,
1419 2134 1476 2178 ut
1520 2127 1773 2179 omnibus
1814 2126 1973 2179 iuno-

406 2233 660 2285 tesceret,
695 2221 818 2291 quis
854 2219 938 2273 vir
981 2217 1071 2274 ille
1116 2232 1271 2273 sacer
1323 2225 1468 2270 esset
1501 2226 1555 2271 et
1603 2232 1837 2285 quorum
1887 2218 1975 2272 di-

405 2332 567 2388 gnus,
601 2315 694 2384 qui
728 2327 858 2368 vero
902 2326 1005 2366 nos
1051 2321 1103 2365 et
1136 2309 1335 2379 quibus
1376 2309 1552 2379 poenis
1582 2311 1824 2378 obnoxii,
1854 2310 1977 2381 qui-

408 2408 511 2460 bus
564 2404 801 2459 miseriis
862 2403 1009 2473 juste
1080 2400 1454 2465 excruciandi,
1531 2400 1582 2453 id
1617 2412 1836 2470 prepter
1888 2416 1975 2458 res

408 2499 711 2566 utriusque,
760 2496 809 2549 in
861 2510 973 2548 rem
1004 2494 1222 2562 utrique
1259 2492 1615 2561 disposuisse.
1650 2493 1836 2562 Itaque
1867 2502 1973 2547 tam

407 2589 527 2643 diro
561 2586 723 2653 malo,
759 2585 907 2639 obitu
938 2599 1129 2652 nempe
1161 2584 1305 2639 illius
1347 2583 1560 2639 adnexo
1614 2594 1670 2639 et
1716 2584 1975 2638 omnibus

409 2679 461 2731 in
507 2677 726 2730 civitate
786 2674 938 2738 riris,
996 2674 1338 2739 mulieribus,
1389 2674 1595 2743 pueris,
1624 2672 1849 2737 Latinis,
1880 2673 1976 2728 Ju-

407 2771 539 2825 dueis
575 2782 792 2839 quoque
839 2767 974 2838 ipsis
1006 2768 1376 2823 miserandum
1408 2767 1463 2821 in
1495 2768 1718 2821 modum
1769 2782 1977 2822 sermo-

407 2878 504 2917 nes
544 2862 970 2925 conferentibus,
1002 2870 1057 2914 et
1107 2860 1314 2931 reliqua
1349 2860 1554 2921 omnia,
1591 2875 1713 2930 qua:
1735 2875 1830 2915 eos
1860 2870 1973 2914 tum

413 2954 749 3023 amigebant,
783 2968 811 3006 e
840 2951 1100 3007 memoria
1132 2953 1551 3022 deponentibus,
1583 2954 1820 3022 pastoris
1858 2962 1978 3008 tan-

409 3056 521 3099 tum
561 3046 919 3116 privationem
956 3044 1011 3098 in
1045 3054 1279 3099 mentem
1316 3044 1698 3100 revocantibus
1736 3055 1790 3101 et
1833 3060 1977 3115 saepe

409 3138 608 3208 sa-pius
647 3137 1068 3208 proferentilius,
1116 3138 1625 3208 asserentibusque,
1654 3146 1711 3193 ut
1740 3138 1852 3207 jam
1896 3145 1975 3193 in-

418 3234 539 3297 nui,
580 3242 775 3286 etnon
831 3240 1034 3285 temere
1081 3230 1456 3297 credentibus,
1524 3230 1788 3285 indicium
1843 3230 1977 3286 illud

410 3342 527 3382 esse
552 3337 605 3379 et
638 3323 835 3379 divina:
860 3322 1160 3393 punitionis
1189 3331 1242 3378 ct
1270 3322 1543 3377 subsecuti
1572 3320 1790 3387 excidii,
1823 3333 1975 3378 etc...

413 3420 518 3474 Sed
545 3433 669 3473 cum
725 3416 831 3471 line
888 3414 1256 3485 pervenerim,
1283 3415 1473 3484 paucis
1501 3412 1839 3483 compellabo
1880 3414 1978 3468 bu-

405 3512 519 3581 jus,
561 3510 857 3564 alteriusve
892 3508 1329 3562 insimulatores.
1373 3505 1608 3562 Ubinam
1657 3508 1826 3562 eratis
1860 3522 1977 3574 vos,

408 3619 533 3659 cum
568 3604 683 3657 haec
717 3600 955 3655 Murates
986 3598 1250 3655 oﬂ'erret?
1287 3597 1479 3653 Nonne
1522 3598 1577 3650 in
1620 3597 1774 3662 urbe,
1802 3607 1857 3653 et
1889 3612 1980 3652 ve-

409 3697 541 3752 stris
570 3710 630 3749 ca
659 3694 884 3748 auribus
916 3691 1261 3761 usurpastis?
1290 3690 1406 3756 Qua
1434 3690 1595 3761 igitur
1622 3692 1835 3745 ratione
1883 3706 1979 3744 co-

410 3790 592 3859 gitatis
622 3788 705 3843 usi
755 3803 861 3840 non
906 3785 1078 3839 estis?
1108 3784 1285 3850 Quare
1318 3782 1386 3837 de
1421 3784 1619 3852 quibus
1653 3783 1789 3837 alios
1820 3782 1977 3837 incu-

413 3883 570 3946 satis,
620 3880 763 3951 quod
821 3895 929 3933 non
984 3877 1230 3942 fecerint,
1263 3890 1360 3932 vos
1396 3875 1498 3945 ipsi
1528 3876 1818 3930 occasione
1858 3891 1981 3944 pre-

413 3980 594 4026 mente
640 3978 697 4023 ct
734 3968 889 4022 nullo
937 3965 1269 4035 impediente
1325 3980 1433 4018 non
1470 3964 1812 4033 perfecistis?
1842 3962 1979 4018 Tum

411 4064 556 4116 enim
609 4059 795 4112 nullus
824 4068 1007 4125 pastor
1038 4067 1175 4110 erat.
1215 4056 1459 4125 Namque
1483 4066 1609 4110 ante
1637 4072 1731 4110 sex
1766 4072 1981 4112 menses

414 4155 554 4207 inter
586 4151 734 4205 vivos
777 4164 900 4204 esse
950 4148 1189 4201 desierat
1220 4164 1235 4200 :
1270 4163 1451 4217 neque
1496 4147 1627 4202 dira:
1672 4157 1851 4214 erant,
1884 4164 1983 4203 nec

412 4247 542 4310 alia,
573 4259 695 4313 quae
722 4257 821 4297 vos
874 4242 1173 4295 recensetis
1221 4248 1274 4295 et
1307 4255 1402 4308 per
1434 4239 1630 4310 digitos
1663 4251 1855 4296 exacte
1881 4257 1981 4296 nu-

415 4337 659 4392 meratis.
691 4334 830 4400 Quid
867 4334 1031 4403 igitur
1085 4332 1239 4387 vobis
1296 4332 1681 4401 impedimento
1713 4334 1856 4389 fuit?
1887 4347 1981 4390 aut

414 4429 574 4499 cujus
600 4418 748 4497 ‘opus
786 4424 1051 4480 eventus?
1078 4423 1315 4485 Nullius,
1343 4425 1570 4493 quilibet
1600 4429 1979 4497 respondebit,

2083 1849 2352 1917 φέστατος
2403 1847 2646 1916 ἐλεγχος,
2696 1848 2792 1899 καὶ
2843 1846 2969 1907 τοὺς
3017 1845 3232 1897 ἀδικίαν
3282 1842 3404 1895 κατ’
3440 1843 3651 1895 ἐκείνου

2077 1940 2396 2004 λαλοῦντας,
2429 1940 2512 1993 ὃτι
2552 1939 2628 2010 μὴ
2676 1938 2966 2007 προδεσίαν
3014 1936 3336 2005 ἐσκέψαντο,
3374 1934 3509 2005 μηδὲ
3540 1933 3649 1985 τῶν

2079 2033 2232 2101 σφίσι
2265 2031 2567 2086 δοκούντων
2616 2031 2892 2091 συνιέντας
2929 2029 3227 2099 βαθύτερον
3259 2028 3483 2088 ἐνδίκως
3527 2027 3651 2078 ἐπι-

2079 2123 2327 2193 στομίζει
2348 2139 2362 2153 ·
2402 2118 2557 2193 οἶμαι
2589 2124 2698 2194 γὰρ
2724 2122 2855 2191 ἐγὼ,
2906 2122 3079 2187 δεῖξαι
3122 2119 3402 2190 βουληθεὶς
3432 2120 3459 2171 δ
3493 2117 3650 2181 Θεὸς,

2075 2211 2188 2280 οἶος
2234 2218 2333 2287 μέν
2356 2218 2383 2270 ὁ
2414 2216 2558 2286 ἱερὸς
2593 2217 2797 2278 ἐκεῖνος
2832 2215 2992 2285 ἀνὴρ,
3029 2215 3124 2268 καὶ
3157 2214 3321 2267 τίνων
3371 2213 3521 2279 ἄξιος
3559 2208 3650 2282 ἦν,

2077 2304 2180 2362 οἷοι
2208 2310 2254 2363 δ’
2278 2311 2460 2381 ἡμεῖς,
2484 2309 2582 2363 καὶ
2634 2308 2789 2371 τίνας
2821 2307 3231 2378 εἰσπραχθῆναι
3265 2306 3417 2369 δίκας
3449 2306 3651 2359 δίκαιοι

2076 2398 2240 2473 ἦμεν,
2267 2401 2354 2455 διὰ
2386 2401 2543 2454 τοῦτο
2570 2400 2638 2454 τά
2665 2399 2793 2453 καθ’
2817 2400 3077 2470 ἑκάτερον
3116 2402 3281 2470 μέρος
3312 2398 3483 2461 οὕτως
3517 2396 3653 2468 ᾠκτ-

2078 2492 2282 2562 νόμησε
2310 2494 2719 2563 συμφερόντως.
2736 2493 2940 2546 Τούτου
2971 2487 3064 2545 οῦν
3088 2492 3182 2543 τοῦ
3218 2489 3419 2557 δεινοῦ,
3439 2491 3536 2558 τῆς
3564 2506 3653 2543 τε·

2077 2586 2270 2655 λευτῆς
2324 2586 2535 2638 ἐκείνου
2587 2588 2755 2655 φημὶ,
2785 2584 3245 2656 προστεθειμένου
3290 2587 3401 2647 τοῖς
3446 2584 3647 2644 ἄλλοις,

2079 2678 2171 2730 καὶ
2194 2676 2413 2733 πάντων
2434 2676 2542 2731 τῶν
2572 2678 2630 2731 ἐν
2657 2680 2723 2748 τῇ
2759 2676 2914 2730 πόλει
2944 2676 3176 2746 ἀνδρῶν,
3200 2675 3494 2745 γυναικῶν,
3526 2675 3653 2727 παί-

2076 2768 2204 2833 δων,
2232 2768 2477 2822 Λατίνων
2506 2784 2566 2821 τε
2596 2767 2690 2820 καὶ
2720 2767 2899 2821 αὐτῶν
2937 2767 3205 2820 Ἰουδαίων
3234 2766 3477 2828 ἐλεεινῶς
3513 2766 3652 2836 πρδς

2078 2859 2338 2929 ἀλλήλους
2368 2859 2775 2929 διομιλούντων,
2804 2860 2897 2913 καὶ
2932 2858 3001 2912 τὰ
3031 2860 3130 2928 μὲν
3160 2858 3273 2913 ἀλλ’
3294 2858 3395 2911 ὅσα
3426 2859 3649 2923 τούτους

2076 2951 2265 3013 ἐπίεζε
2302 2950 2545 3021 δηλονότι
2592 2954 2657 3021 τῇ
2697 2950 2836 3025 λήθῃ
2884 2952 3398 3022 παραπεμπόντων,
3426 2952 3524 3022 τὴν
3556 2951 3649 3003 τοῦ

2079 3043 2342 3112 ποιμένος
2372 3041 2430 3095 δὲ
2480 3043 2739 3113 στέρησιν
2792 3043 2883 3095 ἐπὶ
2924 3043 3051 3097 νοῦν
3098 3043 3507 3110 λαμϐανόντων,
3556 3044 3653 3097 καὶ

2083 3134 2323 3204 συνεχῶς
2373 3134 2785 3205 προφερόντων,
2810 3136 2907 3205 τῆς
2956 3136 3051 3188 τοῦ
3087 3136 3221 3190 Θεοῦ
3266 3154 3325 3190 τε
3378 3137 3650 3201 παιδείας,

2080 3227 2154 3291 ὼς
2213 3227 2486 3298 προῦφην,
2535 3229 2630 3281 καὶ
2676 3228 2774 3297 τῆς
2818 3227 3196 3299 γεγενημένης
3237 3226 3511 3293 ἁλώσεως,
3557 3229 3653 3281 καὶ

2080 3323 2346 3392 λεγόντων
2374 3322 2599 3390 σημεῖον
2614 3319 2791 3387 τοῦτο,
2816 3321 2910 3372 καὶ
2929 3320 3369 3377 πιστευόντων...
3394 3320 3459 3374 Et
3488 3321 3649 3376 infra:

2094 3416 2234 3471 Ἀλλ’
2262 3416 2496 3469 ἐνταῦθα
2530 3416 2727 3487 μικρὸν
2755 3417 3026 3487 ἐρήσομαι
3054 3419 3181 3479 τοὺς
3208 3416 3652 3487 κατηγοροῦντας

2082 3512 2175 3565 τοῦ
2208 3512 2397 3578 δεῖνος,
2426 3515 2521 3567 καὶ
2562 3513 2660 3582 τῆς
2705 3513 2899 3575 δεῖνος.
2948 3512 3057 3566 Ποῦ
3089 3512 3210 3566 ποθ’
3238 3514 3396 3583 ὑμεῖς
3428 3510 3545 3585 ἦτε,
3575 3515 3654 3568 ὅθ’

2082 3604 2110 3657 ὁ
2148 3606 2442 3675 Μουράτης
2472 3606 2539 3658 τά
2574 3598 2797 3659 τοιαῦτα
2839 3606 3108 3676 ὑπέσχετο
3133 3622 3149 3672 ;
3177 3607 3291 3659 Οὐκ
3319 3608 3375 3659 ἐν
3405 3611 3469 3677 τῇ
3502 3608 3654 3660 πόλει

2083 3698 2177 3751 καὶ
2210 3698 2471 3767 αὐτήκοοι
2498 3698 2607 3750 τῶν
2631 3701 3094 3768 κηρυττομένων;
3122 3701 3241 3763 Πῶς
3263 3696 3355 3753 οὖν
3374 3701 3471 3754 οὐκ
3493 3702 3655 3769 ἐχρή-

2086 3790 2253 3842 σασθε
2287 3789 2364 3859 τῷ
2390 3789 2674 3860 λογισμῷς
2701 3790 2821 3853 Πῶς
2853 3790 2887 3844 ἃ
2918 3791 3215 3844 διανοεῖσθε
3248 3793 3347 3846 οὐκ
3380 3793 3458 3855 είς
3483 3795 3655 3863 πέρας

2083 3882 2353 3951 ἠγάγετε;
2382 3882 2507 3946 Πῶς
2531 3882 2567 3936 ἃ
2598 3884 2703 3937 τῶν
2736 3884 2914 3937 ἄλλων
2942 3887 3301 3953 κατηγορεῖτε
3336 3885 3412 3954 μὴ
3441 3902 3655 3955 πεπρα-

2082 3973 2275 4042 χότων,
2303 3974 2457 4043 ὑμεῖς
2491 3974 2590 4026 οὐκ
2642 3974 2941 4043 ἐπράξατε,
2980 3974 3175 4045 καιροῦ
3215 3976 3524 4041 καλοῦντος,
3561 3978 3655 4029 καὶ

2082 4065 2190 4119 τῶν
2216 4066 2598 4135 ἀπειργόντων
2643 4066 2744 4118 οὐκ
2777 4066 2988 4132 liv-raw;
3023 4065 3144 4117 τότε
3175 4066 3281 4134 γὰρ
3314 4068 3519 4137 ποιμὴν
3554 4071 3654 4123 οὐκ

2082 4152 2149 4228 ἦν
2171 4172 2184 4187 ο
2226 4158 2404 4227 μῆνας
2437 4157 2548 4227 γὰρ
2600 4154 2747 4226 εἶχεν
2796 4156 2855 4222 ἒξ
2892 4157 3187 4225 γενόμενος
3217 4157 3276 4221 ἐξ
3310 4158 3615 4230 ἀνθρώπων
3638 4179 3653 4194 ο

2083 4250 2207 4302 οὐδὲ
2271 4250 2425 4320 ἀραὶ,
2449 4247 2559 4300 οὐδ’
2590 4246 2671 4300 ὂσ’
2695 4246 2837 4312 ἕτερ’
2870 4246 3262 4316 ἀπαριθμεῖτε.
3287 4248 3351 4300 Τί
3384 4250 3570 4305 λοιπὸν
3594 4253 3657 4306 τὸ

2085 4342 2338 4395 κωλῦσαν
2378 4342 2524 4411 ἡμᾶς
2550 4336 2691 4410 ἦν,ἢ
2723 4340 2870 4402 τίνος
2908 4341 3086 4410 ἔργον,
3116 4341 3217 4395 ὅσα
3264 4342 3654 4413 συμϐέϐηκενς

2087 4436 2309 4495 Οὐδενὸς
2356 4435 2462 4495 πᾶς
2507 4450 2591 4495 τις
2639 4434 2704 4485 ἂν
2744 4430 2889 4484 εἴποι
2934 4431 3291 4504 λογιζόμενος
3324 4436 3586 4499 εὐσεϐῶς,
3624 4438 3655 4505 ἢ

415 4525 503 4591 pie
533 4536 647 4575 rem
706 4526 1053 4585 computans,
1117 4530 1279 4584 quam
1347 4526 1549 4570 nostrae
1589 4514 1976 4586 improbitatis,

2086 4527 2187 4596 τῆς
2216 4526 2374 4595 ήμῶν
2408 4524 2684 4593 ἁμαρτίας
2712 4525 2943 4579 ἑκάστου
2968 4525 3062 4578 τὸν
3089 4527 3357 4598 ἀόργητον
3385 4528 3464 4590 εἰς
3488 4528 3657 4597 ὀργὴν

416 4628 539 4683 quae
578 4612 647 4665 ab
684 4609 963 4664 iracundia
1016 4608 1243 4661 liberum
1300 4609 1467 4662 Deum
1533 4609 1588 4663 in
1638 4610 1977 4665 iracundiam

415 4704 585 4759 movit
608 4712 661 4758 et
713 4703 776 4756 ad
827 4701 999 4755 uestri
1032 4700 1389 4768 puuitionem,
1443 4700 1536 4769 qui
1571 4703 1875 4757 incort'ecte
1908 4704 1983 4757 la-

419 4800 622 4865 bimur,
653 4796 931 4857 excitavit,
987 4801 1046 4847 ut
1089 4794 1152 4849 ad
1200 4794 1567 4862 nosmetipsos
1598 4795 1892 4849 redeuntes
1927 4798 1981 4848 in

414 4902 691 4961 posterum
725 4890 1024 4957 sapiamus.
1070 4886 1225 4950 Quod
1263 4886 1307 4939 si
1356 4886 1479 4955 quis
1511 4897 1636 4939 ante
1678 4896 1797 4941 acta
1848 4901 1981 4941 tein-

414 4996 547 5053 pora
591 4994 1026 5036 commemorans
1058 4979 1251 5031 iterum
1298 4976 1456 5031 nobis
1494 4986 1753 5045 opponat,
1793 4988 1848 5032 et
1884 4977 1985 5030 Pa-

417 5074 550 5128 stOri
592 5086 811 5126 causam
844 5071 1120 5138 appingat,
1165 5070 1255 5135 qui
1308 5068 1507 5123 dedere
1553 5084 1611 5122 se
1647 5070 1979 5133 volentibm,

416 5166 579 5219 etiam
622 5162 889 5221 sententia
918 5162 1063 5215 dicta
1091 5159 1446 5222 contradixit,
1478 5160 1804 5215 insanientis
1838 5163 1983 5231 engi-

421 5260 655 5310 tationes
686 5255 936 5321 suscipit.
970 5252 1214 5307 Primum
1246 5254 1393 5307 enim
1446 5268 1553 5307 non
1600 5254 1827 5308 addecet
1858 5270 1989 5324 pott-

418 5349 613 5404 titicem
672 5360 853 5400 rerum
915 5345 1230 5399 militarium
1286 5345 1431 5413 jura,
1465 5355 1517 5398 et
1569 5344 1715 5397 hunc
1765 5346 1985 5413 quidem

420 5453 771 5509 tyrannorum
817 5453 965 5492 more
1002 5438 1303 5507 principatu
1338 5437 1559 5503 pellere,
1608 5436 1757 5489 illum
1795 5448 1986 5492 contra

420 5536 474 5588 in
515 5534 915 5604 possessionem
943 5532 1261 5595 immittere,
1294 5538 1345 5583 ct
1374 5530 1738 5584 mutationum
1791 5541 1842 5585 et
1877 5547 1986 5585 ca:-

416 5628 590 5689 dium,
622 5640 833 5678 necnon
857 5622 1205 5683 damnorum,
1257 5636 1378 5689 qua:
1414 5621 1542 5674 dnin
1571 5637 1758 5675 rerum
1814 5633 1989 5678 status

420 5718 760 5778 immolatur,
788 5711 1066 5775 eveniunt,
1100 5719 1381 5764 auctorem
1436 5726 1578 5765 esse.
1619 5710 1807 5782 Neque
1838 5716 1983 5768 enim

418 5818 530 5872 ipse
579 5803 631 5856 in
684 5800 1050 5872 tyrannicum,
1107 5800 1199 5853 sed
1260 5800 1311 5851 in
1369 5798 1708 5855 sacerdOtale
1751 5808 1803 5853 et
1842 5800 1989 5855 mitis

2087 4619 2210 4672 καθ’
2253 4619 2411 4687 ἡμῶν
2457 4618 2781 4687 κινησάσης,
2825 4618 3076 4673 παιδείαν
3126 4621 3261 4689 ἡμῖν
3315 4622 3657 4689 ἐπενεγκεῖν,

2088 4711 2372 4764 πταίουσιν
2421 4710 2745 4778 ἀδιόρθωτα,
2802 4712 2890 4766 ἵνα
2942 4712 3075 4779 γοῦν
3117 4714 3326 4765 ἑαυτῶν
3374 4714 3659 4783 γενόμενοι

2090 4804 2180 4855 καὶ
2224 4802 2319 4856 τοῦ
2358 4802 2550 4857 λοιποῦ
2601 4804 3049 4872 σωφρονίσωμεν.
3104 4804 3167 4855 Εἰ
3194 4804 3247 4857 δέ
3279 4821 3361 4866 τις
3388 4805 3496 4857 τῶν
3530 4807 3659 4873 πρὶν

2088 4895 2558 4965 ἀπομνημονεύων
2592 4896 2821 4965 χρόνων,
2854 4896 2948 4948 καὶ
2998 4895 3162 4948 πάλιν
3217 4896 3347 4963 ἡμῖν
3381 4897 3658 4969 ἀντιλέγῃ,

2090 4985 2183 5035 καὶ
2210 4985 2286 5052 τῷ
2317 4986 2542 5053 ποιμένι
2568 4985 2665 5053 τὴν
2697 4986 2876 5036 αἰτίαν
2910 4986 3113 5054 ἐπάγῃ,
3148 4988 3263 5045 τοῖς
3302 4987 3659 5054 προδεδόσθαι

2090 5073 2335 5126 ἐθέλουσι
2371 5074 2446 5142 μὴ
2482 5075 2548 5127 τά
2585 5076 2674 5126 ίσα
2703 5074 3057 5144 φρονήσαντι,
3092 5076 3184 5127 καὶ
3216 5074 3661 5145 βουλευσαμένῳ,

2093 5166 2399 5236 μεμηνότος
2424 5163 2597 5235 οἶμαι,
2643 5167 2906 5234 κέκτηται
2954 5167 3271 5235 λογισμούς.
3303 5169 3526 5233 Πρῶτον
3569 5171 3668 5240 μὲν

2091 5258 2200 5326 γὰρ
2232 5260 2291 5309 οὐ
2325 5258 2422 5309 τοῦ
2474 5258 2754 5326 σχήματος
2789 5258 2885 5311 τοῦ
2936 5260 3239 5329 ἀρχιερέως
3282 5263 3668 5331 στρατηγικῶν

2092 5350 2436 5419 πραγμάτων
2475 5352 2999 5420 ἀντιλαμὸάνεσθαι,
3028 5354 3125 5406 καὶ
3158 5356 3248 5406 τὸν
3290 5356 3389 5422 μὲν
3416 5371 3667 5423 τυραννιο

2093 5444 2201 5504 κῶς
2261 5442 2486 5506 ἐξωθεῖν
2544 5444 2643 5512 τῆς
2695 5445 2894 5516 ἀρχῆς,
2943 5447 3036 5498 τὸν
3067 5445 3124 5498 δὲ
3155 5446 3524 5513 ἀντεισάγειν,
3575 5450 3669 5502 καὶ

2092 5532 2459 5601 πραγμάτων,
2498 5532 2591 5585 καὶ⁵
2623 5534 2806 5602 φόνου,
2831 5551 2923 5587 και
2965 5535 3203 5605 ζημιῶν,
3231 5536 3436 5590 τούτων
3464 5538 3530 5607 δὴ
3559 5537 3669 5591 τῶν

2092 5625 2151 5676 ὲν
2182 5628 2299 5683 ταῖς
2327 5623 2647 5692 ἐναλλαγαῖς
2683 5627 2790 5677 τῶν
2819 5627 3002 5695 ἀρχῶν
3033 5629 3467 5697 συμϐαινόντων,
3499 5630 3671 5683 αἴτιον

2092 5714 2429 5769 δείκνυσθαι.
2458 5717 2531 5768 Οὐ
2569 5718 2676 5785 γὰρ
2710 5718 2804 5769 ἐπὶ
2840 5718 3032 5788 θρόνον
3056 5720 3221 5772 αὑτὸν
3249 5720 3547 5785 καθίζουσι
3581 5740 3667 5776 τυ·

2099 5807 2371 5877 ραννικδν,
2397 5806 2509 5859 ἀλλ’
2544 5808 2635 5859 ἐπὶ
2683 5807 2872 5878 θρόνον
2922 5812 3216 5879 ἱερατικὸν,
3268 5815 3362 5865 καὶ
3396 5814 3668 5867 Δεσπύτου
