4066 6464
438 415 501 480 17
1514 474 1517 477 .
1725 418 2039 482 NO'I‘lTlA
2075 420 2393 484 ALTERA.
3622 415 3691 478 18

429 534 651 605 πραέος,
696 534 786 586 καὶ
817 534 1042 606 εἰρήνην
1075 534 1408 603 διδάξαντος,
1446 537 1542 590 καὶ
1586 537 1666 589 δεῖ
1703 535 1893 590 τοῦτον
1929 540 1993 591 ὲκ

2103 539 2340 608 Domini,
2400 550 2455 595 et
2512 541 2605 610 qui
2662 554 2847 610 pacem
2887 538 3298 607 deprmdicavit,
3334 538 3495 607 cujus
3521 538 3685 591 vesti-
3728 604 3735 608 _

429 628 628 689 παντὸς
681 629 882 698 τρόπου
934 630 1237 698 μιμεῖσθαι,
1288 632 1381 683 καὶ
1431 631 1611 699 λόγοις
1672 632 1765 683 καὶ
1812 631 1996 700 πράγ-

432 735 616 785 μασιν.
675 719 904 772 Ἔπειτα
955 720 1009 773 τι
1054 721 1205 774 ἐστιν
1240 722 1377 791 ὅπερ
1416 721 1711 789 sip-iacto;
1753 721 1835 773 ὅτι
1886 722 1999 783 τοῖς

432 807 527 859 τοῦ
573 807 708 862 Θεοῦ
743 808 932 879 νόμοις
966 809 1226 881 ἐμμένειν
1273 810 1529 882 παρῄνει,
1559 811 1655 864 καὶ
1698 811 1798 880 τὴν
1844 810 1998 872 εὐσέ-

429 899 579 952 ϐειαν
612 899 961 954 συνεὸούλενε
1009 902 1085 972 μὴ
1128 902 1435 973 προέσθαι;
1464 904 1547 956 ὅτι
1584 903 1661 975 μὴ
1710 904 2001 970 κατεξανι-

431 993 659 1047 στασθαι
688 994 798 1048 τῶν
836 995 1139 1064 ἀρχόντων,
1184 996 1321 1049 ἀλλὰ
1375 996 1621 1060 τούτους,
1660 996 1736 1059 ὡς
1766 998 1830 1051 ἐκ
1858 995 1995 1049 θεοῦ

430 1085 859 1156 προϐληθέντος,
891 1086 1140 1141 ἐδίδασκε
1182 1088 1473 1158 στέργειν;
1510 1089 1623 1144 Καὶ
1653 1089 1704 1141 τι
1757 1106 1819 1157 γε
1871 1088 2000 1143 ἄλλο

430 1177 711 1245 προσῆκεν
741 1177 938 1248 ἐκείνῳ
985 1176 1166 1247 ψυχὰς
1221 1178 1526 1248 ἀνθρώπων
1572 1181 1709 1250 πρὸς
1736 1180 1874 1234 Θεοῦ
1909 1198 2002 1234 πι-

430 1266 740 1332 στευθέντις
772 1267 965 1336 Ὅμως
997 1270 1204 1331 ἐκεῖνος
1254 1269 1349 1323 καὶ
1380 1269 1553 1333 οὕτως
1582 1269 1724 1340 ἔχων
1755 1269 1841 1339 ἐφ’
1868 1272 1998 1326 ἐκά-

434 1375 559 1412 στου
610 1361 800 1431 σχεδὸν
844 1361 997 1426 ἔτους
1032 1361 1190 1431 ἠξίου
1225 1362 1325 1435 τὴν
1362 1363 1535 1417 σπόλιν
1572 1364 1864 1418 ἀπολιπεῖν
1901 1366 1999 1419 καὶ

429 1454 564 1524 πρὸς
610 1455 710 1524 τὴν
760 1455 1139 1526 ὲνεγκαμένην
1187 1455 1482 1523 γενέσθαι·
1538 1455 1671 1520 ἴσως
1721 1456 1787 1510 ἵν’
1837 1458 2000 1529 ἡμεῖς

2104 633 2208 701 giis
2249 633 2505 688 insistere
2564 634 2743 688 modis
2799 633 3059 687 omnibus
3115 641 3169 686 et
3221 632 3364 686 dicta
3428 630 3682 699 factaque

2104 727 2263 793 sequi
2320 725 2517 791 debet,
2573 725 2773 780 solium
2827 734 3201 794 promovetur.
3262 722 3524 788 Deinceps
3553 721 3683 790 quid

2103 816 2194 871 ille
2214 817 2438 872 molitus
2465 816 2595 873 est?
2638 818 2718 870 An
2760 817 2906 886 quod
2970 817 3023 869 in
3072 815 3284 884 legibus
3332 813 3531 867 divinis
3563 828 3684 881 pcr-

2101 908 2304 964 durare
2364 908 2797 964 adhortabatur?
2831 910 2948 963 Non
3006 924 3035 963 a
3094 907 3432 977 principibus
3481 906 3685 959 descis-

2102 1000 2362 1068 cendum,
2399 1015 2537 1070 quos
2587 1001 2750 1055 veluti
2785 1016 2811 1053 a
2858 1001 2969 1055 Deo
3030 1009 3312 1069 pronmtos
3356 999 3686 1051 exosculan-

2102 1091 2230 1145 dum
2264 1107 2387 1147 esse
2416 1093 2778 1148 docebat?Et
2829 1100 3013 1147 tamen
3069 1093 3120 1147 in
3175 1091 3320 1145 aliud
3364 1091 3687 1145 incumben-

2102 1185 2231 1238 dum
2263 1194 2403 1250 erat,
2435 1186 2522 1239 cui
2572 1186 2884 1239 mortalium
2945 1185 3143 1239 anima:
3191 1200 3285 1254 per
3318 1183 3484 1237 Deum
3528 1188 3687 1235 erant

2102 1272 2453 1328 concreditae.
2484 1274 2861 1329 Nihilominus
2898 1273 2989 1327 ille
3039 1274 3146 1329 hoc
3192 1273 3355 1327 modo
3386 1271 3686 1341 dispositus

2103 1363 2215 1420 fere
2244 1366 2479 1435 singulis
2508 1368 2667 1421 annis
2709 1367 2779 1420 ab
2822 1367 2957 1422 urbe
3002 1366 3257 1421 recedere
3298 1365 3512 1418 volebat
3537 1372 3590 1418 et
3630 1362 3682 1416 in

2101 1460 2330 1528 patriam
2361 1461 2582 1527 reverti,
2644 1462 2785 1515 forte
2830 1473 2886 1515 ut
2918 1476 3019 1517 nos
3058 1471 3241 1515 nostra
3271 1474 3682 1515 accuraremus.

430 1546 569 1615 ὑπὲρ
592 1544 799 1598 ἑαυτῶν
823 1546 1184 1614 φρονήσωμεν
1203 1561 1216 1576 ·
1244 1543 1363 1597 ἀλλ’
1388 1543 1499 1597 οὐδ’
1520 1543 1694 1608 οὕτως
1718 1547 1997 1616 ὴνὲχεσθε.

428 1637 583 1692 Οὕτω
609 1637 838 1706 γνώμης
884 1636 1031 1699 τινὲς
1083 1637 1458 1707 τετυχὴκεσαν
1507 1635 1647 1705 πρὸς
1680 1637 1791 1689 πᾶν
1818 1635 1999 1689 ὁτιοῦν

425 1730 488 1782 τὸ
544 1729 772 1800 τρεπτδν
819 1730 1184 1798 κεκτημένης,
1238 1729 1334 1781 καὶ
1392 1729 2000 1799 συμμεταϐαλλομένης

426 1824 541 1884 τοῖς
569 1823 782 1891 καιροῖς
812 1820 908 1873 καὶ
939 1823 1049 1884 τοῖς
1083 1823 1427 1891 πράγμασιν.

2103 1549 2209 1603 Sed
2243 1566 2419 1619 neque
2452 1552 2552 1606 hac
2588 1552 2797 1607 ratione
2844 1552 2995 1622 passi
3032 1554 3184 1606 estis.
3223 1550 3298 1607 Ita
3336 1559 3517 1605 mente
3546 1565 3683 1604 non-

2103 1642 2236 1697 nulli
2267 1644 2479 1713 praediti
2519 1653 2666 1707 sunt,
2709 1660 2832 1714 qum
2860 1660 2984 1700 cum
3019 1644 3265 1714 quolibet
3324 1643 3686 1698 mutationem

2102 1736 2357 1793 subiente
2380 1753 2504 1794 sese
2532 1738 2786 1792 immutat
2817 1746 2872 1792 et
2906 1738 3106 1792 variat.

499 1955 590 2014 llis
622 1957 906 2030 Symeonis
932 1961 1238 2018 certissima
1271 1956 1725 2031 tempora‘teneo.
1753 1960 1923 2033 Capta
1952 1969 2037 2017 est
2072 1959 2463 2016 Thessalonica
2495 1976 2641 2017 anno
2674 1960 2888 2017 Domini
2927 1959 3086 2025 1450,
3121 1959 3297 2014 Martii
3331 1959 3417 2013 die
3450 1972 3591 2011 nona
3632 1962 3687 2011 et

429 2044 701 2109 vicesima,
729 2045 964 2117 Syzneon
1002 2062 1033 2103 e
1064 2049 1205 2103 vivis
1239 2059 1557 2104 excesserat
1584 2060 1712 2104 ante
1739 2066 1834 2105 sex
1872 2064 2112 2114 menses,
2148 2065 2279 2119 ergo
2329 2051 2604 2119 prmterito
2636 2049 2970 2120 Septembri,
3004 2049 3097 2118 qui
3132 2049 3341 2117 primus
3368 2049 3494 2099 anni
3526 2045 3680 2100 Grie-

427 2148 616 2187 curum
639 2135 1029 2204 supputatione
1064 2144 1403 2192 numeratur.
1432 2136 1573 2208 Ergo
1629 2138 1735 2191 sub
1765 2136 1977 2193 Joanne
2000 2136 2263 2195 Manuclis
2287 2139 2401 2195 lilio
2446 2138 2695 2194 Manuale
2748 2140 2888 2209 ipso,
2919 2152 3129 2193 necnon
3166 2137 3375 2192 Joanne
3405 2134 3683 2191 Cantacu—

433 2237 568 2274 zcno
594 2221 761 2276 vitam
788 2223 917 2294 egit.

1486 2751 1997 2847 NOTITIA
2076 2750 2633 2875 ALTERA.

1311 3001 1527 3067 (Fabric.
1569 3000 1803 3055 Bibliotlt.
1842 3003 1928 3055 Gr.
1956 3005 2036 3055 ed.
2062 3002 2281 3066 Harles.,
2318 3008 2436 3056 tom.
2463 3002 2546 3065 XI,
2570 3017 2618 3068 p.
2645 3002 2780 3055 528.)

499 3430 741 3496 Simeon,
772 3423 1280 3484 Thessalonicensis
1308 3423 1760 3497 archiepiscopus
1788 3424 1891 3497 (a),
1923 3433 2081 3481 sexto
2105 3439 2295 3481 mense
2317 3434 2446 3480 ante
2468 3434 2686 3496 captam
2723 3440 2753 3479 a
2784 3423 2995 3479 Murale
3024 3439 3074 3478 a.
3101 3424 3164 3477 C.
3202 3425 3355 3491 1450,
3376 3425 3447 3480 29
3476 3424 3682 3491 Martii,

429 3519 871 3576 Thessalonicam
909 3516 983 3588 (b)
1023 3513 1335 3577 defunctus,
1369 3515 1522 3568 varia
1577 3514 1821 3585 scripsit,
1875 3514 2078 3586 quibus
2128 3524 2182 3568 et
2236 3516 2378 3572 ritus
2427 3523 2482 3571 et
2517 3516 2772 3585 dogmata
2819 3511 3081 3568 Ecclesiae
3141 3513 3344 3569 Graecae
3391 3514 3687 3569 illustravit

438 3608 744 3678 insigniter,
780 3614 834 3660 et
853 3603 1188 3675 oppugnavit
1214 3600 1466 3657 Latinos.
1490 3601 1681 3673 itaque
1712 3602 1835 3658 Nic.
1872 3600 2214 3668 Comnenus,
2249 3603 2474 3659 Graecus
2503 3602 2650 3666 licet,
2700 3601 3022 3657 Latinorum
3068 3612 3436 3672 propugnator
3478 3605 3685 3657 acerri-

431 3711 574 3760 mus,
609 3710 663 3763 p.
684 3693 791 3749 215
822 3692 1061 3748 Ριωηοῑ.
1094 3699 1352 3761 mystag.,
1381 3688 1695 3745 Simeonem
1719 3690 1858 3745 inter
1884 3689 2179 3745 Photianos
2206 3708 2313 3746 non
2341 3691 2618 3745 Photianw
2640 3692 2800 3760 plane
2827 3690 3148 3759 ignorantia:
3177 3692 3489 3760 participem
3513 3693 3683 3745 virum

434 3783 683 3852 appellat,
717 3790 767 3836 et
798 3781 850 3834 ni
879 3779 1191 3845 desipuisset
1216 3779 1272 3833 in
1298 3778 1659 3848 dogmatibus,
1694 3780 1894 3833 nemini
1931 3781 2280 3834 recentiorum
2313 3778 2673 3848 theologorum
2707 3782 2988 3847 imparem.
3024 3777 3243 3850 (Fabr.)
3297 3779 3461 3834 Conf.
3507 3778 3682 3833 ilenr.

438 3868 698 3925 Wharton
731 3877 786 3924 et
816 3867 957 3923 Rob.
986 3866 1185 3923 Gerius
1208 3865 1275 3920 ad
1312 3864 1475 3921 Cavei
1512 3863 1657 3920 Hist.
1687 3864 1859 3923 litter.
1892 3867 1952 3924 S.
1989 3867 2053 3922 S.
2087 3866 2238 3922 Eccl.
2285 3878 2421 3922 tom.
2463 3868 2532 3933 ll,
2567 3883 2620 3936 p.
2654 3867 2756 3922 115
2784 3882 2929 3935 seq.;
2963 3878 3198 3936 uterque
3248 3869 3382 3923 citat
3416 3869 3682 3937 quosdam

435 3958 613 4023 codd;
674 3958 823 4030 prior
857 3964 1039 4013 autem
1086 3952 1326 4025 scripsit,
1357 3952 1498 4009 Sim.
1531 3950 1779 4008 Thessal.
1810 3951 2074 4009 claruisse
2100 3969 2152 4008 a.
2187 3953 2328 4007 1410
2358 3963 2411 4008 et
2445 3953 2647 4009 obiisse
2681 3969 2733 4008 a.
2766 3952 2931 4022 i429,
2974 3970 3165 4010 mense
3197 3956 3372 4025 Sept.,
3402 3970 3495 4010 sex
3527 3972 3685 4011 men-

433 4047 584 4103 sibus
629 4055 755 4101 ante
795 4042 1242 4100 Thessalonicam
1287 4040 1356 4096 ab
1398 4040 1661 4095 Amurate
1716 4039 1915 4095 iterum
1976 4050 2390 4112 expugnatam:
2442 4041 2715 4112 posterior
2763 4052 2951 4097 autem
2987 4044 3193 4113 prodit,
3248 4059 3372 4099 eum
3417 4045 3685 4101 claruisse

436 4151 489 4189 a.
520 4134 678 4199 1418,
704 4141 759 4189 et
786 4133 895 4188 vita
918 4130 1227 4188 decessisse
1250 4128 1417 4199 paulo
1440 4138 1571 4182 ante
1590 4139 1802 4208 captam
1827 4144 1987 4184 suam
2016 4130 2371 4199 metropolin,
2397 4145 2449 4184 a.
2480 4129 2643 4186 1450.
2667 4160 2733 4173 -
2756 4129 2961 4185 Oudin.
2988 4129 3289 4187 Comment.
3314 4132 3379 4187 de
3400 4130 3503 4187 SS.
3534 4132 3682 4187 Eccl.

440 4222 679 4288 tom.lll,
701 4238 756 4293 p.
780 4219 925 4276 2242
955 4232 1076 4290 seq.
1097 4217 1167 4273 ad
1204 4232 1259 4272 a.
1296 4214 1461 4281 1410,
1493 4216 1585 4285 qui
1623 4215 1831 4271 multus
1862 4226 1942 4272 est
1975 4217 2043 4273 de
2071 4225 2251 4283 male,
2292 4218 2645 4287 potissimum
2686 4218 2755 4273 de
2819 4219 3048 4290 scriptis
3089 4221 3399 4291 horumque
3430 4220 3592 4274 codd.
3634 4230 3687 4273 ct

435 4326 502 4365 ex
533 4311 655 4367 aliis
688 4310 955 4381 praecipue
986 4305 1279 4363 Lambecio
1305 4312 1360 4360 et
1386 4302 1569 4361 Goaro
1589 4303 1758 4359 multa
1793 4305 2104 4376 exscripsit.
2126 4336 2199 4349 -—
2228 4307 2561 4379 liamberger
2583 4307 2903 4363 Zuverlms.
2942 4308 3148 4366 Nachr.
3205 4322 3341 4367 tom.
3369 4309 3461 4375 IV,
3484 4326 3538 4381 p.
3576 4309 3687 4365 682

439 4414 583 4470 seq.,
614 4400 681 4455 ad
706 4414 756 4453 a.
790 4396 987 4452 mortis
1017 4392 1178 4460 1429,
1208 4401 1262 4450 et
1291 4392 1492 4449 Saxius
1520 4391 1577 4447 in
1617 4390 1809 4448 Onam.
1839 4392 1946 4449 litt.
1978 4402 2119 4464 part.
2152 4411 2216 4464 ιι,
2252 4410 2307 4467 p.
2341 4396 2448 4453 590
2482 4412 2601 4466 seq.
2623 4398 2747 4467 qui,
2781 4412 2907 4454 eum
2948 4408 3231 4455 mortuum
3261 4414 3387 4456 esse
3425 4414 3476 4453 a.
3517 4399 3685 4463 1450,

438 4488 654 4559 adjecit.
681 4486 885 4559 (Πανί.)

508 4600 562 4655 1.
604 4600 941 4670 Praecipuum
970 4599 1090 4670 ejus
1128 4612 1269 4671 opus
1297 4603 1384 4653 est
1427 4593 1508 4652 De
1530 4595 1656 4666 fide,
1693 4596 1887 4651 ritibus
1931 4603 1983 4651 et
2035 4598 2306 4666 mysteriis
2339 4597 2738 4662 ecclesiasticis,
2771 4599 2916 4670 quod
2964 4608 3240 4671 Integrum
3280 4598 3470 4656 Graece
3506 4600 3686 4655 lucem

438 4687 572 4744 vidit
591 4686 751 4745 Jassii
783 4688 838 4743 in
872 4687 1137 4742 Moldavia
1156 4700 1212 4742 a.
1251 4684 1392 4741 1685
1430 4682 1554 4752 iol.,
1581 4694 1808 4739 curante
1834 4682 2121 4746 Dositheo,
2158 4681 2473 4749 patriarcha
2512 4681 3038 4754 Hierosolymitano,
3081 4691 3136 4738 ct
3168 4684 3371 4737 merito
3431 4684 3691 4740 laudatur

438 4777 508 4831 ab
536 4775 603 4831 ﬂ.
638 4774 946 4832 Whartono
975 4774 1031 4830 in
1070 4772 1333 4829 Auctario
1374 4771 1620 4828 historiae
1654 4771 1975 4843 dogmaticae
2014 4768 2227 4827 Usserii
2262 4772 2329 4824 de
2362 4768 2667 4839 Scripturis
2715 4780 2770 4825 et
2821 4772 2996 4825 sacris
3028 4771 3342 4825 vernaculis
3376 4787 3430 4840 p.
3466 4772 3607 4836 44ος
3639 4782 3692 4825 et

443 4864 603 4920 Rich.
635 4862 856 4921 Simone
879 4865 935 4920 in
960 4862 1101 4920 Bibl.
1131 4862 1361 4927 Selecta,
1395 4870 1525 4917 tom.
1550 4860 1592 4925 Ι,
1621 4876 1740 4932 cap.
1774 4861 1868 4926 29,
1896 4876 2021 4932 pag.
2045 4859 2148 4913 257
2209 4872 2329 4927 seq.
2365 4856 2586 4928 (Fabr.)
2621 4857 2907 4914 Fabricius
2927 4867 3113 4913 noster
3143 4858 3288 4912 inira
3322 4859 3377 4913 in
3405 4860 3515 4913 vol.
3546 4856 3687 4925 XIV,

442 4968 496 5020 p.
526 4952 595 5008 49
625 4966 739 5022 seq.
772 4960 883 5006 vet.
915 4952 1005 5006 ed.
1038 4948 1318 5006 Simeonis
1357 4948 1739 5005 Thessalonic.
1773 4947 1923 5019 Opus
1955 4949 2414 5015 ecclesiasticum,
2450 4949 2595 5018 quod
2631 4948 2899 5003 beneﬁcio
2950 4947 3380 5011 Mauroeordati,
3432 4947 3691 5019 Hungaro

438 5036 734 5093 Walachiaa
768 5038 1051 5107 principis,
1085 5043 1399 5107 acceperat,
1449 5035 1694 5092 curatius
1726 5045 1780 5091 et
1829 5038 2054 5092 uberius
2101 5035 2416 5107 descripsit,
2462 5047 2517 5090 et
2562 5037 2799 5107 capitum
2836 5037 2954 5105 ejus
3004 5036 3298 5091 elenchum
3352 5044 3405 5091 et
3438 5038 3685 5107 quaedam

438 5126 739 5197 specimina
772 5125 944 5182 dedit.
982 5122 1280 5196 Auspiciis,
1304 5124 1461 5190 ait,et
1490 5133 1709 5194 sumptu
1737 5124 1964 5180 Joannis
1994 5125 2174 5193 ducis,
2205 5126 2393 5181 labore
2416 5124 2644 5181 Joannis
2676 5124 2919 5190 Molihdi,
2958 5124 3364 5191 Heracleensis,
3390 5142 3681 5187 excusum.

437 5218 625 5273 Graece
648 5215 825 5272 lucem
858 5214 997 5270 vidit
1026 5213 1190 5271 Jassii
1213 5212 1272 5268 in
1295 5212 1563 5269 Moldavia
1597 5231 1648 5270 a.
1677 5215 1814 5271 1685
1842 5214 1937 5269 [οι.
1971 5230 1998 5270 o

2103 5234 2110 5269 ι
2138 5215 2412 5271 Simeonis
2436 5217 2539 5272 hoc
2560 5216 2721 5271 titulo
2748 5232 2762 5268 :
2800 5214 3029 5285 Συμεὼν
3056 5215 3151 5269 τοῦ
3182 5216 3462 5287 μακαρίου
3495 5220 3688 5286 ἀρχιε-

440 5307 706 5361 πισκόπου
733 5306 1136 5375 Θεσσαλονίκης
1156 5304 1299 5357 κατὰ
1328 5303 1614 5374 αἱρέσεων,
1649 5313 1699 5359 et
1730 5314 1920 5360 cwtera
1952 5321 1998 5373 qt

2106 5305 2163 5358 in
2203 5306 2375 5373 fronte
2412 5305 2584 5372 operis
2612 5303 2759 5373 infra
2796 5303 3063 5374 leguntur.

511 5535 585 5610 (ιι)
605 5536 878 5610 Eugenius
902 5536 1281 5610 NomOphyla}
1306 5538 1363 5595 in
1391 5536 1687 5610 Synodico,
1716 5540 1998 5595 Dominica

441 5608 773 5664 orthodoxite
827 5610 881 5664 in
937 5607 1172 5665 ecclesia
1228 5607 1711 5666 Thessa'lonicensi
1776 5611 1999 5665 recitari

443 5676 825 5751 sol_ito,_apud
884 5680 1183 5744 Allatium,
1243 5680 1318 5733 De
1370 5678 1708 5736 Simeonibus
1762 5682 1996 5751 (supra),

445 5747 536 5800 ubi
589 5748 931 5804 celebrantur
984 5751 1385 5805 Thessalonicae
1442 5747 1858 5819 archiepismpi'
1895 5747 1998 5807 lsi;

445 5767 536 5800 IIDI
589 5767 931 5804 celebrantur
985 5767 1385 5805 'tnessatomcre
1442 5767 1779 5819 arcmeptsco
1822 5769 1834 5804 ι
1895 5767 1995 5807 ιει-

444 5819 629 5897 tionis.
682 5819 1267 5897 Gabriel,__Simeon_,_
1301 5820 1598 5897 Gregorius
1650 5830 1706 5897 et
1756 5767 1995 5897 Niphon.

450 5885 618 5942 Etiam
641 5892 875 5946 senioris
907 5891 1176 5948 Simeonis
1207 5885 1717 5949 Thessalonicensis
1744 5885 1996 5948 meminit

2110 5540 2361 5605 Allatius.
2417 5542 2490 5597 De
2536 5557 2795 5597 consensu
2845 5543 3119 5609 utriusque
3160 5540 3432 5611 Ecclesiah
3464 5557 3519 5611 p.
3555 5540 3687 5596 865.

2105 5611 2157 5665 is
2192 5622 2295 5677 est,
2326 5614 2417 5682 qui
2454 5614 2725 5669 Isidorqu
2762 5615 2815 5667 in
2857 5614 3331 5682 archiepiscopatu
3389 5609 3687 5666 Thessalo-

2110 5685 2323 5737 nicettsi
2356 5685 2674 5738 antecrssit.

2177 5752 2251 5823 (b)
2286 5751 2524 5808 Joannes
2558 5755 2895 5822 Anagnosta,
2948 5754 3002 5809 in
3045 5752 3372 5807 Narratione
3407 5754 3474 5823 de
3522 5758 3683 5823 Cal)”l

2106 5819 2521 5890 Thessalonica,
2556 5827 2608 5880 in
2644 5819 2826 5881 Allatii
2862 5824 3191 5894 Symmictis,
3228 5837 3279 5892 p.
3338 5821 3444 5877 546
3468 5822 3687 5875 «ηὗδε.
