  <div class='ocr_page' id='page_1' title='image "/cluster/home/n/w/nwhite01/storage/ocr_20150623/155/coo.31924054870609/018.png"; bbox 0 0 4066 6462; ppageno 0'>
   <div class='ocr_carea' id='block_1_1' title="bbox 388 388 1994 463">
    <p class='ocr_par' dir='ltr' id='par_1_1' title="bbox 388 388 1994 463">
     <span class='ocr_line' id='line_1_1' title="bbox 388 388 1994 463; baseline -0.008 -3"><span class='ocrx_word' id='word_1_1' title='bbox 388 388 454 463; x_wconf 73' lang='lat' dir='ltr'><strong>et</strong></span> <span class='ocrx_word' id='word_1_2' title='bbox 1687 389 1994 450; x_wconf 76' lang='lat' dir='ltr'><strong>NOTITIA</strong></span> 
     </span>
    </p>
   </div>
   <div class='ocr_carea' id='block_1_2' title="bbox 2047 388 3653 463">
    <p class='ocr_par' dir='ltr' id='par_1_2' title="bbox 2047 389 3653 453">
     <span class='ocr_line' id='line_1_2' title="bbox 2047 389 3653 453; baseline 0.004 -7"><span class='ocrx_word' id='word_1_3' title='bbox 2047 389 2362 450; x_wconf 61' lang='lat' dir='ltr'><strong>ALTERA.</strong></span> <span class='ocrx_word' id='word_1_4' title='bbox 3586 390 3653 453; x_wconf 78' lang='grc'><strong>22</strong></span> 
     </span>
    </p>
   </div>
   <div class='ocr_carea' id='block_1_3' title="bbox 391 499 3728 573">
    <p class='ocr_par' dir='ltr' id='par_1_3' title="bbox 391 499 3728 573">
     <span class='ocr_line' id='line_1_3' title="bbox 391 499 3728 573; baseline -0.002 -9"><span class='ocrx_word' id='word_1_5' title='bbox 391 509 513 572; x_wconf 89' lang='grc'>110,</span> <span class='ocrx_word' id='word_1_6' title='bbox 552 513 659 559; x_wconf 79' lang='lat' dir='ltr'><strong>etc.</strong></span> <span class='ocrx_word' id='word_1_7' title='bbox 693 502 886 559; x_wconf 78' lang='lat' dir='ltr'><strong>Exstat</strong></span> <span class='ocrx_word' id='word_1_8' title='bbox 927 517 1060 560; x_wconf 87' lang='lat' dir='ltr'><strong>mss.</strong></span> <span class='ocrx_word' id='word_1_9' title='bbox 1103 501 1156 558; x_wconf 92' lang='lat' dir='ltr'><strong>in</strong></span> <span class='ocrx_word' id='word_1_10' title='bbox 1209 501 1352 558; x_wconf 87' lang='lat' dir='ltr'><strong>Bibl.</strong></span> <span class='ocrx_word' id='word_1_11' title='bbox 1403 502 1674 568; x_wconf 70' lang='lat' dir='ltr'><strong>Cmsarea,</strong></span> <span class='ocrx_word' id='word_1_12' title='bbox 1706 499 1969 557; x_wconf 66' lang='lat' dir='ltr'><strong>Vaticana</strong></span> <span class='ocrx_word' id='word_1_13' title='bbox 2021 500 2276 571; x_wconf 81' lang='lat' dir='ltr'><strong>aliisque.</strong></span> <span class='ocrx_word' id='word_1_14' title='bbox 2310 499 2530 573; x_wconf 83' lang='lat' dir='ltr'><strong>(Fabr.)</strong></span> <span class='ocrx_word' id='word_1_15' title='bbox 2575 502 2716 558; x_wconf 79' lang='lat' dir='ltr'><strong>Add.</strong></span> <span class='ocrx_word' id='word_1_16' title='bbox 2753 503 2919 558; x_wconf 87' lang='lat' dir='ltr'><strong>modo</strong></span> <span class='ocrx_word' id='word_1_17' title='bbox 2960 501 3285 558; x_wconf 74' lang='lat' dir='ltr'><strong>memoratis</strong></span> <span class='ocrx_word' id='word_1_18' title='bbox 3318 501 3480 558; x_wconf 86' lang='lat' dir='ltr'><strong>codd.</strong></span> <span class='ocrx_word' id='word_1_19' title='bbox 3516 501 3657 558; x_wconf 85' lang='lat' dir='ltr'><strong>inter</strong></span> <span class='ocrx_word' id='word_1_20' title='bbox 3723 552 3728 558; x_wconf 94' lang='lat'><strong>.</strong></span> 
     </span>
    </p>
   </div>
   <div class='ocr_carea' id='block_1_4' title="bbox 391 589 3704 669">
    <p class='ocr_par' dir='ltr' id='par_1_4' title="bbox 391 589 3704 669">
     <span class='ocr_line' id='line_1_4' title="bbox 391 589 3704 669; baseline -0.002 -17"><span class='ocrx_word' id='word_1_21' title='bbox 391 613 527 652; x_wconf 88' lang='lat' dir='ltr'><strong>mss.</strong></span> <span class='ocrx_word' id='word_1_22' title='bbox 557 593 719 648; x_wconf 84' lang='lat' dir='ltr'><strong>codd.</strong></span> <span class='ocrx_word' id='word_1_23' title='bbox 749 591 927 646; x_wconf 88' lang='lat' dir='ltr'><strong>Paris.</strong></span> <span class='ocrx_word' id='word_1_24' title='bbox 966 591 1104 647; x_wconf 87' lang='lat' dir='ltr'><strong>bibl.</strong></span> <span class='ocrx_word' id='word_1_25' title='bbox 1161 591 1312 662; x_wconf 83' lang='lat' dir='ltr'><strong>pubi.</strong></span> <span class='ocrx_word' id='word_1_26' title='bbox 1336 607 1366 645; x_wconf 89' lang='lat' dir='ltr'><strong>a</strong></span> <span class='ocrx_word' id='word_1_27' title='bbox 1401 591 1604 647; x_wconf 78' lang='lat' dir='ltr'><strong>Seviuo</strong></span> <span class='ocrx_word' id='word_1_28' title='bbox 1634 606 1699 653; x_wconf 75' lang='lat' dir='ltr'><strong>ex</strong></span> <span class='ocrx_word' id='word_1_29' title='bbox 1725 589 1946 646; x_wconf 80' lang='lat' dir='ltr'><strong>Oriente</strong></span> <span class='ocrx_word' id='word_1_30' title='bbox 1977 590 2192 653; x_wconf 84' lang='lat' dir='ltr'><strong>allatos,</strong></span> <span class='ocrx_word' id='word_1_31' title='bbox 2224 591 2350 669; x_wconf 75' lang='lat' dir='ltr'><strong>cod.</strong></span> <span class='ocrx_word' id='word_1_32' title='bbox 2383 592 2475 657; x_wconf 93' lang='lat'><strong>17,</strong></span> <span class='ocrx_word' id='word_1_33' title='bbox 2498 601 2638 647; x_wconf 89' lang='lat' dir='ltr'><strong>teste</strong></span> <span class='ocrx_word' id='word_1_34' title='bbox 2655 590 2954 647; x_wconf 80' lang='lat' dir='ltr'><strong>Montl&#39;auc.</strong></span> <span class='ocrx_word' id='word_1_35' title='bbox 2999 594 3052 646; x_wconf 92' lang='lat' dir='ltr'><strong>in</strong></span> <span class='ocrx_word' id='word_1_36' title='bbox 3081 591 3218 646; x_wconf 87' lang='lat' dir='ltr'><strong>Bibl.</strong></span> <span class='ocrx_word' id='word_1_37' title='bbox 3243 591 3494 647; x_wconf 85' lang='lat' dir='ltr'><strong>biblioth.</strong></span> <span class='ocrx_word' id='word_1_38' title='bbox 3523 609 3652 646; x_wconf 86' lang='lat' dir='ltr'><strong>mss.</strong></span> <span class='ocrx_word' id='word_1_39' title='bbox 3701 591 3704 597; x_wconf 89' lang='grc'><em>’</em></span> 
     </span>
    </p>
   </div>
   <div class='ocr_carea' id='block_1_5' title="bbox 389 677 3319 756">
    <p class='ocr_par' dir='ltr' id='par_1_5' title="bbox 389 677 3319 756">
     <span class='ocr_line' id='line_1_5' title="bbox 389 677 3319 756; baseline -0.002 -16"><span class='ocrx_word' id='word_1_40' title='bbox 389 701 445 756; x_wconf 86' lang='lat' dir='ltr'><strong>p.</strong></span> <span class='ocrx_word' id='word_1_41' title='bbox 474 684 605 739; x_wconf 78' lang='grc'><strong>1051</strong></span> <span class='ocrx_word' id='word_1_42' title='bbox 637 680 699 737; x_wconf 88' lang='lat' dir='ltr'><strong>C.</strong></span> <span class='ocrx_word' id='word_1_43' title='bbox 741 694 794 736; x_wconf 90' lang='lat' dir='ltr'><strong>et</strong></span> <span class='ocrx_word' id='word_1_44' title='bbox 827 679 985 736; x_wconf 79' lang='lat' dir='ltr'><strong>Mart.</strong></span> <span class='ocrx_word' id='word_1_45' title='bbox 1017 680 1272 736; x_wconf 88' lang='lat' dir='ltr'><strong>Crusium</strong></span> <span class='ocrx_word' id='word_1_46' title='bbox 1311 679 1367 736; x_wconf 90' lang='lat' dir='ltr'><strong>in</strong></span> <span class='ocrx_word' id='word_1_47' title='bbox 1402 677 1835 746; x_wconf 69' lang='lat' dir='ltr'><strong>Tarae-Graecia,</strong></span> <span class='ocrx_word' id='word_1_48' title='bbox 1859 693 2047 748; x_wconf 87' lang='lat' dir='ltr'><strong>supra,</strong></span> <span class='ocrx_word' id='word_1_49' title='bbox 2081 680 2134 734; x_wconf 90' lang='lat' dir='ltr'><strong>in</strong></span> <span class='ocrx_word' id='word_1_50' title='bbox 2166 679 2276 734; x_wconf 90' lang='lat' dir='ltr'><strong>vol.</strong></span> <span class='ocrx_word' id='word_1_51' title='bbox 2307 678 2443 747; x_wconf 86' lang='lat' dir='ltr'><strong>V111,</strong></span> <span class='ocrx_word' id='word_1_52' title='bbox 2473 695 2596 750; x_wconf 80' lang='lat' dir='ltr'><strong>pag.</strong></span> <span class='ocrx_word' id='word_1_53' title='bbox 2635 680 2727 744; x_wconf 86' lang='lat'><strong>96,</strong></span> <span class='ocrx_word' id='word_1_54' title='bbox 2752 681 2856 736; x_wconf 87' lang='lat' dir='ltr'><strong>sub</strong></span> <span class='ocrx_word' id='word_1_55' title='bbox 2888 681 2983 736; x_wconf 83' lang='lat' dir='ltr'><strong>lin.</strong></span> <span class='ocrx_word' id='word_1_56' title='bbox 3015 680 3229 752; x_wconf 80' lang='lat' dir='ltr'><strong>(Harl.)</strong></span> <span class='ocrx_word' id='word_1_57' title='bbox 3305 700 3319 711; x_wconf 71' lang='grc' dir='ltr'><strong>ι</strong></span> 
     </span>
    </p>
   </div>
   <div class='ocr_carea' id='block_1_6' title="bbox 460 788 3649 863">
    <p class='ocr_par' dir='ltr' id='par_1_6' title="bbox 460 788 3649 863">
     <span class='ocr_line' id='line_1_6' title="bbox 460 788 3649 863; baseline -0.001 -15"><span class='ocrx_word' id='word_1_58' title='bbox 460 795 536 850; x_wconf 79' lang='lat' dir='ltr'><strong>De</strong></span> <span class='ocrx_word' id='word_1_59' title='bbox 561 803 756 863; x_wconf 79' lang='lat' dir='ltr'><strong>septem</strong></span> <span class='ocrx_word' id='word_1_60' title='bbox 791 791 1044 847; x_wconf 73' lang='lat' dir='ltr'><strong>Ecclesia:</strong></span> <span class='ocrx_word' id='word_1_61' title='bbox 1073 791 1456 858; x_wconf 71' lang='lat' dir='ltr'><strong>Sacr-amentis,</strong></span> <span class='ocrx_word' id='word_1_62' title='bbox 1486 807 1645 863; x_wconf 87' lang='lat' dir='ltr'><strong>quem</strong></span> <span class='ocrx_word' id='word_1_63' title='bbox 1681 791 1882 846; x_wconf 89' lang='lat' dir='ltr'><strong>librum</strong></span> <span class='ocrx_word' id='word_1_64' title='bbox 1913 788 2229 845; x_wconf 86' lang='lat' dir='ltr'><strong>Fridericus</strong></span> <span class='ocrx_word' id='word_1_65' title='bbox 2263 790 2464 845; x_wconf 83' lang='lat' dir='ltr'><strong>Melius</strong></span> <span class='ocrx_word' id='word_1_66' title='bbox 2517 791 2816 845; x_wconf 72' lang='lat' dir='ltr'><strong>Latinitate</strong></span> <span class='ocrx_word' id='word_1_67' title='bbox 2858 791 3107 858; x_wconf 81' lang='lat' dir='ltr'><strong>donavit,</strong></span> <span class='ocrx_word' id='word_1_68' title='bbox 3156 801 3294 849; x_wconf 89' lang='lat' dir='ltr'><strong>teste</strong></span> <span class='ocrx_word' id='word_1_69' title='bbox 3326 791 3649 856; x_wconf 86' lang='lat' dir='ltr'><strong>Possevino,</strong></span> 
     </span>
    </p>
   </div>
   <div class='ocr_carea' id='block_1_7' title="bbox 393 877 3658 952">
    <p class='ocr_par' dir='ltr' id='par_1_7' title="bbox 393 877 3658 952">
     <span class='ocr_line' id='line_1_7' title="bbox 393 877 3658 952; baseline -0.002 -12"><span class='ocrx_word' id='word_1_70' title='bbox 393 884 484 940; x_wconf 88' lang='lat' dir='ltr'><strong>sed</strong></span> <span class='ocrx_word' id='word_1_71' title='bbox 509 899 614 936; x_wconf 89' lang='lat' dir='ltr'><strong>non</strong></span> <span class='ocrx_word' id='word_1_72' title='bbox 651 880 798 936; x_wconf 87' lang='lat' dir='ltr'><strong>edita</strong></span> <span class='ocrx_word' id='word_1_73' title='bbox 827 889 907 935; x_wconf 90' lang='lat' dir='ltr'><strong>est</strong></span> <span class='ocrx_word' id='word_1_74' title='bbox 943 880 1062 951; x_wconf 84' lang='lat' dir='ltr'><strong>ejus</strong></span> <span class='ocrx_word' id='word_1_75' title='bbox 1089 879 1471 951; x_wconf 88' lang='lat' dir='ltr'><strong>interpretatio</strong></span> <span class='ocrx_word' id='word_1_76' title='bbox 1505 896 1520 935; x_wconf 90' lang='lat'><strong>:</strong></span> <span class='ocrx_word' id='word_1_77' title='bbox 1553 878 1832 948; x_wconf 81' lang='lat' dir='ltr'><strong>dialogum</strong></span> <span class='ocrx_word' id='word_1_78' title='bbox 1879 877 1955 932; x_wconf 83' lang='lat' dir='ltr'><strong>De</strong></span> <span class='ocrx_word' id='word_1_79' title='bbox 1985 877 2292 947; x_wconf 79' lang='lat' dir='ltr'><strong>ptenitentia</strong></span> <span class='ocrx_word' id='word_1_80' title='bbox 2332 877 2519 932; x_wconf 70' lang='lat' dir='ltr'><strong>Grazcc</strong></span> <span class='ocrx_word' id='word_1_81' title='bbox 2549 889 2604 934; x_wconf 86' lang='lat' dir='ltr'><strong>et</strong></span> <span class='ocrx_word' id='word_1_82' title='bbox 2633 879 2825 934; x_wconf 81' lang='lat' dir='ltr'><strong>Latine</strong></span> <span class='ocrx_word' id='word_1_83' title='bbox 2855 880 3095 952; x_wconf 83' lang='lat' dir='ltr'><strong>vulgavit</strong></span> <span class='ocrx_word' id='word_1_84' title='bbox 3123 879 3366 937; x_wconf 85' lang='lat' dir='ltr'><strong>Joannes</strong></span> <span class='ocrx_word' id='word_1_85' title='bbox 3404 880 3658 936; x_wconf 81' lang='lat' dir='ltr'><strong>Morinus</strong></span> 
     </span>
    </p>
   </div>
   <div class='ocr_carea' id='block_1_8' title="bbox 393 964 3655 1042">
    <p class='ocr_par' dir='ltr' id='par_1_8' title="bbox 393 964 3655 1042">
     <span class='ocr_line' id='line_1_8' title="bbox 393 964 3655 1042; baseline -0.002 -16"><span class='ocrx_word' id='word_1_86' title='bbox 393 973 448 1026; x_wconf 93' lang='lat' dir='ltr'><strong>in</strong></span> <span class='ocrx_word' id='word_1_87' title='bbox 476 985 640 1042; x_wconf 90' lang='lat' dir='ltr'><strong>opere</strong></span> <span class='ocrx_word' id='word_1_88' title='bbox 663 968 737 1024; x_wconf 83' lang='lat' dir='ltr'><strong>De</strong></span> <span class='ocrx_word' id='word_1_89' title='bbox 766 977 1102 1023; x_wconf 85' lang='lat' dir='ltr'><strong>sacramento</strong></span> <span class='ocrx_word' id='word_1_90' title='bbox 1132 970 1476 1038; x_wconf 68' lang='lat' dir='ltr'><strong>paenitentia,</strong></span> <span class='ocrx_word' id='word_1_91' title='bbox 1503 966 1688 1022; x_wconf 83' lang='lat' dir='ltr'><strong>Paris.</strong></span> <span class='ocrx_word' id='word_1_92' title='bbox 1715 966 1847 1021; x_wconf 81' lang='lat'><strong>1651</strong></span> <span class='ocrx_word' id='word_1_93' title='bbox 1880 965 1975 1020; x_wconf 78' lang='lat' dir='ltr'><strong>fol.</strong></span> <span class='ocrx_word' id='word_1_94' title='bbox 1999 973 2054 1020; x_wconf 87' lang='lat' dir='ltr'><strong>et</strong></span> <span class='ocrx_word' id='word_1_95' title='bbox 2074 981 2272 1022; x_wconf 88' lang='lat' dir='ltr'><strong>recuso</strong></span> <span class='ocrx_word' id='word_1_96' title='bbox 2298 964 2540 1022; x_wconf 78' lang='lat' dir='ltr'><strong>Bruxell.</strong></span> <span class='ocrx_word' id='word_1_97' title='bbox 2569 966 2708 1023; x_wconf 84' lang='grc'>1685</span> <span class='ocrx_word' id='word_1_98' title='bbox 2729 977 2782 1022; x_wconf 90' lang='lat' dir='ltr'><strong>et</strong></span> <span class='ocrx_word' id='word_1_99' title='bbox 2798 967 2994 1023; x_wconf 80' lang='lat' dir='ltr'><strong>Venet.</strong></span> <span class='ocrx_word' id='word_1_100' title='bbox 3023 969 3166 1022; x_wconf 87' lang='lat'><strong>1702</strong></span> <span class='ocrx_word' id='word_1_101' title='bbox 3194 969 3286 1022; x_wconf 78' lang='lat' dir='ltr'><strong>fol.</strong></span> <span class='ocrx_word' id='word_1_102' title='bbox 3313 984 3366 1038; x_wconf 88' lang='lat' dir='ltr'><strong>p.</strong></span> <span class='ocrx_word' id='word_1_103' title='bbox 3386 967 3655 1031; x_wconf 73' lang='grc'>471-176,</span> 
     </span>
    </p>
   </div>
   <div class='ocr_carea' id='block_1_9' title="bbox 393 1054 1999 1129">
    <p class='ocr_par' dir='ltr' id='par_1_9' title="bbox 393 1055 1995 1129">
     <span class='ocr_line' id='line_1_9' title="bbox 393 1055 1995 1129; baseline -0.004 -15"><span class='ocrx_word' id='word_1_104' title='bbox 393 1075 489 1116; x_wconf 81' lang='lat' dir='ltr'><strong>nec</strong></span> <span class='ocrx_word' id='word_1_105' title='bbox 517 1074 626 1113; x_wconf 87' lang='lat' dir='ltr'><strong>non</strong></span> <span class='ocrx_word' id='word_1_106' title='bbox 665 1057 927 1128; x_wconf 79' lang='grc' dir='ltr'>περὶ.τῶν</span> <span class='ocrx_word' id='word_1_107' title='bbox 954 1059 1304 1129; x_wconf 81' lang='grc' dir='ltr'>χειροτονιῶν</span> <span class='ocrx_word' id='word_1_108' title='bbox 1332 1057 1576 1113; x_wconf 86' lang='lat' dir='ltr'><strong>libellum</strong></span> <span class='ocrx_word' id='word_1_109' title='bbox 1613 1056 1690 1111; x_wconf 88' lang='lat' dir='ltr'><strong>De</strong></span> <span class='ocrx_word' id='word_1_110' title='bbox 1730 1055 1995 1110; x_wconf 77' lang='lat' dir='ltr'><strong>ordinatio</strong></span> 
     </span>
    </p>
   </div>
   <div class='ocr_carea' id='block_1_10' title="bbox 2048 1054 3654 1129">
    <p class='ocr_par' dir='ltr' id='par_1_10' title="bbox 2048 1054 3654 1124">
     <span class='ocr_line' id='line_1_10' title="bbox 2048 1054 3654 1124; baseline 0.001 -16"><span class='ocrx_word' id='word_1_111' title='bbox 2048 1056 2140 1108; x_wconf 75' lang='lat' dir='ltr'><strong>ein</strong></span> <span class='ocrx_word' id='word_1_112' title='bbox 2171 1069 2340 1124; x_wconf 88' lang='lat' dir='ltr'><strong>opere</strong></span> <span class='ocrx_word' id='word_1_113' title='bbox 2358 1054 2424 1109; x_wconf 90' lang='lat' dir='ltr'><strong>de</strong></span> <span class='ocrx_word' id='word_1_114' title='bbox 2459 1056 2638 1111; x_wconf 86' lang='lat' dir='ltr'><strong>sacris</strong></span> <span class='ocrx_word' id='word_1_115' title='bbox 2666 1056 3035 1112; x_wconf 78' lang='lat' dir='ltr'><strong>ordinatioais</strong></span> <span class='ocrx_word' id='word_1_116' title='bbox 3065 1058 3263 1112; x_wconf 82' lang='lat' dir='ltr'><strong>ritibus</strong></span> <span class='ocrx_word' id='word_1_117' title='bbox 3293 1056 3470 1112; x_wconf 87' lang='lat' dir='ltr'><strong>Paris.</strong></span> <span class='ocrx_word' id='word_1_118' title='bbox 3511 1055 3654 1110; x_wconf 81' lang='grc'><strong>1655</strong></span> 
     </span>
    </p>
   </div>
   <div class='ocr_carea' id='block_1_11' title="bbox 393 1143 3656 1216">
    <p class='ocr_par' dir='ltr' id='par_1_11' title="bbox 393 1143 3656 1216">
     <span class='ocr_line' id='line_1_11' title="bbox 393 1143 3656 1216; baseline -0.001 -14"><span class='ocrx_word' id='word_1_119' title='bbox 393 1149 486 1202; x_wconf 85' lang='grc'><strong>101.</strong></span> <span class='ocrx_word' id='word_1_120' title='bbox 515 1147 756 1201; x_wconf 83' lang='lat' dir='ltr'><strong>Bruscll.</strong></span> <span class='ocrx_word' id='word_1_121' title='bbox 790 1145 927 1200; x_wconf 83' lang='lat'><strong>1686</strong></span> <span class='ocrx_word' id='word_1_122' title='bbox 972 1145 1065 1200; x_wconf 81' lang='lat' dir='ltr'><strong>fol.</strong></span> <span class='ocrx_word' id='word_1_123' title='bbox 1103 1147 1346 1216; x_wconf 85' lang='lat' dir='ltr'><strong>Utraque</strong></span> <span class='ocrx_word' id='word_1_124' title='bbox 1386 1162 1453 1200; x_wconf 78' lang='lat' dir='ltr'><strong>ex</strong></span> <span class='ocrx_word' id='word_1_125' title='bbox 1490 1145 1686 1200; x_wconf 83' lang='lat' dir='ltr'><strong>Morini</strong></span> <span class='ocrx_word' id='word_1_126' title='bbox 1720 1145 1971 1200; x_wconf 79' lang='lat' dir='ltr'><strong>versione</strong></span> <span class='ocrx_word' id='word_1_127' title='bbox 2014 1144 2272 1213; x_wconf 78' lang='lat' dir='ltr'><strong>leguntur</strong></span> <span class='ocrx_word' id='word_1_128' title='bbox 2321 1143 2487 1198; x_wconf 87' lang='lat' dir='ltr'><strong>etiam</strong></span> <span class='ocrx_word' id='word_1_129' title='bbox 2547 1145 2600 1201; x_wconf 91' lang='lat' dir='ltr'><strong>in</strong></span> <span class='ocrx_word' id='word_1_130' title='bbox 2635 1145 2971 1201; x_wconf 76' lang='lat' dir='ltr'><strong>Bibliotheca</strong></span> <span class='ocrx_word' id='word_1_131' title='bbox 3031 1146 3257 1200; x_wconf 84' lang='lat' dir='ltr'><strong>Patrum</strong></span> <span class='ocrx_word' id='word_1_132' title='bbox 3296 1146 3432 1201; x_wconf 82' lang='lat' dir='ltr'><strong>edit.</strong></span> <span class='ocrx_word' id='word_1_133' title='bbox 3483 1144 3656 1213; x_wconf 69' lang='lat' dir='ltr'><strong>Lugd.</strong></span> 
     </span>
    </p>
   </div>
   <div class='ocr_carea' id='block_1_12' title="bbox 393 1232 3658 1305">
    <p class='ocr_par' dir='ltr' id='par_1_12' title="bbox 393 1232 3658 1305">
     <span class='ocr_line' id='line_1_12' title="bbox 393 1232 3658 1305; baseline -0.001 -15"><span class='ocrx_word' id='word_1_134' title='bbox 393 1247 525 1293; x_wconf 90' lang='lat' dir='ltr'><strong>tom.</strong></span> <span class='ocrx_word' id='word_1_135' title='bbox 560 1235 730 1302; x_wconf 74' lang='lat' dir='ltr'><strong>XXII,</strong></span> <span class='ocrx_word' id='word_1_136' title='bbox 766 1251 890 1305; x_wconf 81' lang='lat' dir='ltr'><strong>pag.</strong></span> <span class='ocrx_word' id='word_1_137' title='bbox 923 1234 1030 1293; x_wconf 86' lang='lat'><strong>792</strong></span> <span class='ocrx_word' id='word_1_138' title='bbox 1053 1245 1108 1290; x_wconf 81' lang='lat' dir='ltr'><strong>et</strong></span> <span class='ocrx_word' id='word_1_139' title='bbox 1140 1234 1266 1289; x_wconf 81' lang='lat'><strong>793.</strong></span> <span class='ocrx_word' id='word_1_140' title='bbox 1297 1233 1600 1305; x_wconf 83' lang='lat' dir='ltr'><strong>[Quosdam</strong></span> <span class='ocrx_word' id='word_1_141' title='bbox 1650 1235 1810 1290; x_wconf 76' lang='lat' dir='ltr'><strong>codd.</strong></span> <span class='ocrx_word' id='word_1_142' title='bbox 1840 1233 1951 1303; x_wconf 84' lang='lat' dir='ltr'><strong>jam</strong></span> <span class='ocrx_word' id='word_1_143' title='bbox 1988 1232 2151 1301; x_wconf 87' lang='lat' dir='ltr'><strong>paulo</strong></span> <span class='ocrx_word' id='word_1_144' title='bbox 2187 1239 2315 1288; x_wconf 88' lang='lat' dir='ltr'><strong>ante</strong></span> <span class='ocrx_word' id='word_1_145' title='bbox 2344 1234 2584 1289; x_wconf 85' lang='lat' dir='ltr'><strong>laudavi.</strong></span> <span class='ocrx_word' id='word_1_146' title='bbox 2632 1236 2775 1292; x_wconf 84' lang='lat' dir='ltr'><strong>Add.</strong></span> <span class='ocrx_word' id='word_1_147' title='bbox 2809 1238 2861 1291; x_wconf 89' lang='lat' dir='ltr'><strong>in</strong></span> <span class='ocrx_word' id='word_1_148' title='bbox 2916 1236 3042 1291; x_wconf 87' lang='lat' dir='ltr'><strong>cod.</strong></span> <span class='ocrx_word' id='word_1_149' title='bbox 3084 1236 3218 1291; x_wconf 88' lang='lat' dir='ltr'><strong>bibl.</strong></span> <span class='ocrx_word' id='word_1_150' title='bbox 3257 1235 3527 1290; x_wconf 83' lang='lat' dir='ltr'><strong>Escorial.</strong></span> <span class='ocrx_word' id='word_1_151' title='bbox 3585 1235 3658 1288; x_wconf 80' lang='lat' dir='ltr'><strong>De</strong></span> 
     </span>
    </p>
   </div>
   <div class='ocr_carea' id='block_1_13' title="bbox 397 1322 3657 1397">
    <p class='ocr_par' dir='ltr' id='par_1_13' title="bbox 397 1322 3657 1397">
     <span class='ocr_line' id='line_1_13' title="bbox 397 1322 3657 1397; baseline 0.002 -19"><span class='ocrx_word' id='word_1_152' title='bbox 397 1325 649 1382; x_wconf 73' lang='lat' dir='ltr'><strong>Ecclesia’</strong></span> <span class='ocrx_word' id='word_1_153' title='bbox 688 1325 1039 1380; x_wconf 74' lang='lat' dir='ltr'><strong>sacramentis</strong></span> <span class='ocrx_word' id='word_1_154' title='bbox 1073 1325 1252 1393; x_wconf 89' lang='lat' dir='ltr'><strong>capita</strong></span> <span class='ocrx_word' id='word_1_155' title='bbox 1291 1324 1358 1377; x_wconf 77' lang='grc'><strong>14</strong></span> <span class='ocrx_word' id='word_1_156' title='bbox 1396 1334 1537 1380; x_wconf 85' lang='lat' dir='ltr'><strong>teste</strong></span> <span class='ocrx_word' id='word_1_157' title='bbox 1571 1324 1768 1379; x_wconf 85' lang='lat' dir='ltr'><strong>Pluero</strong></span> <span class='ocrx_word' id='word_1_158' title='bbox 1800 1325 1855 1378; x_wconf 92' lang='lat' dir='ltr'><strong>in</strong></span> <span class='ocrx_word' id='word_1_159' title='bbox 1906 1322 2162 1383; x_wconf 85' lang='lat' dir='ltr'><strong>ltinerar.</strong></span> <span class='ocrx_word' id='word_1_160' title='bbox 2215 1343 2306 1396; x_wconf 89' lang='lat' dir='ltr'><strong>per</strong></span> <span class='ocrx_word' id='word_1_161' title='bbox 2368 1327 2597 1397; x_wconf 78' lang='lat' dir='ltr'><strong>flispnn.</strong></span> <span class='ocrx_word' id='word_1_162' title='bbox 2639 1345 2760 1397; x_wconf 78' lang='lat' dir='ltr'><strong>pag.</strong></span> <span class='ocrx_word' id='word_1_163' title='bbox 2817 1329 2940 1386; x_wconf 88' lang='lat'><strong>190.</strong></span> <span class='ocrx_word' id='word_1_164' title='bbox 2979 1360 3048 1370; x_wconf 90' lang='lat'><strong>-—</strong></span> <span class='ocrx_word' id='word_1_165' title='bbox 3081 1327 3406 1388; x_wconf 67' lang='lat' dir='ltr'><strong>ZVindobon.</strong></span> <span class='ocrx_word' id='word_1_166' title='bbox 3441 1328 3493 1382; x_wconf 89' lang='lat' dir='ltr'><strong>in</strong></span> <span class='ocrx_word' id='word_1_167' title='bbox 3533 1327 3657 1381; x_wconf 73' lang='lat' dir='ltr'><strong>Cod-</strong></span> 
     </span>
    </p>
   </div>
   <div class='ocr_carea' id='block_1_14' title="bbox 399 1410 3657 1486">
    <p class='ocr_par' dir='ltr' id='par_1_14' title="bbox 399 1410 3657 1486">
     <span class='ocr_line' id='line_1_14' title="bbox 399 1410 3657 1486; baseline 0 -19"><span class='ocrx_word' id='word_1_168' title='bbox 399 1415 600 1468; x_wconf 68' lang='lat' dir='ltr'><strong>Czesar.</strong></span> <span class='ocrx_word' id='word_1_169' title='bbox 632 1413 720 1475; x_wconf 82' lang='grc'>15,</span> <span class='ocrx_word' id='word_1_170' title='bbox 771 1428 828 1466; x_wconf 93' lang='lat' dir='ltr'><strong>n.</strong></span> <span class='ocrx_word' id='word_1_171' title='bbox 860 1412 915 1474; x_wconf 73' lang='grc'>4,</span> <span class='ocrx_word' id='word_1_172' title='bbox 971 1419 1101 1465; x_wconf 86' lang='lat' dir='ltr'><strong>sunt</strong></span> <span class='ocrx_word' id='word_1_173' title='bbox 1135 1426 1358 1482; x_wconf 88' lang='lat' dir='ltr'><strong>quoque</strong></span> <span class='ocrx_word' id='word_1_174' title='bbox 1400 1411 1578 1482; x_wconf 86' lang='lat' dir='ltr'><strong>capita</strong></span> <span class='ocrx_word' id='word_1_175' title='bbox 1610 1411 1678 1466; x_wconf 75' lang='grc'><strong>14</strong></span> <span class='ocrx_word' id='word_1_176' title='bbox 1708 1410 1869 1466; x_wconf 84' lang='lat' dir='ltr'><strong>Conf.</strong></span> <span class='ocrx_word' id='word_1_177' title='bbox 1901 1410 2109 1468; x_wconf 81' lang='lat' dir='ltr'><strong>Kollar.</strong></span> <span class='ocrx_word' id='word_1_178' title='bbox 2153 1413 2206 1468; x_wconf 91' lang='lat' dir='ltr'><strong>in</strong></span> <span class='ocrx_word' id='word_1_179' title='bbox 2265 1413 2546 1485; x_wconf 87' lang='lat' dir='ltr'><strong>Snpplem.</strong></span> <span class='ocrx_word' id='word_1_180' title='bbox 2582 1417 2647 1471; x_wconf 88' lang='lat' dir='ltr'><strong>ad</strong></span> <span class='ocrx_word' id='word_1_181' title='bbox 2700 1416 2959 1473; x_wconf 85' lang='lat' dir='ltr'><strong>Lambec.</strong></span> <span class='ocrx_word' id='word_1_182' title='bbox 3009 1417 3101 1486; x_wconf 88' lang='lat' dir='ltr'><strong>qui</strong></span> <span class='ocrx_word' id='word_1_183' title='bbox 3142 1416 3416 1486; x_wconf 80' lang='lat' dir='ltr'><strong>pluribus,</strong></span> <span class='ocrx_word' id='word_1_184' title='bbox 3453 1414 3534 1470; x_wconf 85' lang='lat' dir='ltr'><strong>vel</strong></span> <span class='ocrx_word' id='word_1_185' title='bbox 3592 1431 3657 1468; x_wconf 77' lang='lat' dir='ltr'><strong>ex</strong></span> 
     </span>
    </p>
   </div>
   <div class='ocr_carea' id='block_1_15' title="bbox 399 1495 3658 1577">
    <p class='ocr_par' dir='ltr' id='par_1_15' title="bbox 399 1495 3658 1577">
     <span class='ocr_line' id='line_1_15' title="bbox 399 1495 3658 1577; baseline -0.001 -20"><span class='ocrx_word' id='word_1_186' title='bbox 399 1503 619 1566; x_wconf 79' lang='lat' dir='ltr'><strong>disertis</strong></span> <span class='ocrx_word' id='word_1_187' title='bbox 645 1502 821 1558; x_wconf 88' lang='lat' dir='ltr'><strong>nostri</strong></span> <span class='ocrx_word' id='word_1_188' title='bbox 859 1500 984 1556; x_wconf 89' lang='lat' dir='ltr'><strong>cod.</strong></span> <span class='ocrx_word' id='word_1_189' title='bbox 1035 1500 1222 1557; x_wconf 83' lang='lat' dir='ltr'><strong>verbis</strong></span> <span class='ocrx_word' id='word_1_190' title='bbox 1253 1501 1309 1555; x_wconf 91' lang='lat' dir='ltr'><strong>in</strong></span> <span class='ocrx_word' id='word_1_191' title='bbox 1343 1500 1452 1556; x_wconf 83' lang='lat' dir='ltr'><strong>line</strong></span> <span class='ocrx_word' id='word_1_192' title='bbox 1485 1509 1680 1555; x_wconf 86' lang='lat' dir='ltr'><strong>contra</strong></span> <span class='ocrx_word' id='word_1_193' title='bbox 1733 1497 1951 1554; x_wconf 86' lang='lat' dir='ltr'><strong>Fabric.</strong></span> <span class='ocrx_word' id='word_1_194' title='bbox 1986 1510 2235 1556; x_wconf 89' lang='lat' dir='ltr'><strong>nostrum</strong></span> <span class='ocrx_word' id='word_1_195' title='bbox 2289 1502 2468 1568; x_wconf 83' lang='lat' dir='ltr'><strong>docet,</strong></span> <span class='ocrx_word' id='word_1_196' title='bbox 2503 1502 2634 1559; x_wconf 87' lang='lat' dir='ltr'><strong>illud</strong></span> <span class='ocrx_word' id='word_1_197' title='bbox 2673 1514 2956 1577; x_wconf 80' lang='lat' dir='ltr'><strong>syntagma</strong></span> <span class='ocrx_word' id='word_1_198' title='bbox 2991 1505 3128 1559; x_wconf 88' lang='lat' dir='ltr'><strong>nihil</strong></span> <span class='ocrx_word' id='word_1_199' title='bbox 3191 1502 3335 1557; x_wconf 87' lang='lat' dir='ltr'><strong>aliud</strong></span> <span class='ocrx_word' id='word_1_200' title='bbox 3373 1517 3518 1569; x_wconf 90' lang='lat' dir='ltr'><strong>esse,</strong></span> <span class='ocrx_word' id='word_1_201' title='bbox 3555 1495 3658 1556; x_wconf 84' lang='lat' dir='ltr'><strong>nisi</strong></span> 
     </span>
    </p>
   </div>
   <div class='ocr_carea' id='block_1_16' title="bbox 398 1585 3658 1662">
    <p class='ocr_par' dir='ltr' id='par_1_16' title="bbox 398 1585 3658 1662">
     <span class='ocr_line' id='line_1_16' title="bbox 398 1585 3658 1662; baseline -0.001 -16"><span class='ocrx_word' id='word_1_202' title='bbox 398 1599 602 1660; x_wconf 70' lang='lat' dir='ltr'><strong>partem</strong></span> <span class='ocrx_word' id='word_1_203' title='bbox 633 1602 886 1658; x_wconf 81' lang='lat' dir='ltr'><strong>magnam</strong></span> <span class='ocrx_word' id='word_1_204' title='bbox 923 1587 1107 1656; x_wconf 89' lang='lat' dir='ltr'><strong>operis</strong></span> <span class='ocrx_word' id='word_1_205' title='bbox 1144 1587 1282 1642; x_wconf 87' lang='lat' dir='ltr'><strong>Sim.</strong></span> <span class='ocrx_word' id='word_1_206' title='bbox 1317 1585 1571 1643; x_wconf 88' lang='lat' dir='ltr'><strong>Thessal.</strong></span> <span class='ocrx_word' id='word_1_207' title='bbox 1635 1597 1760 1642; x_wconf 86' lang='lat' dir='ltr'><strong>ante</strong></span> <span class='ocrx_word' id='word_1_208' title='bbox 1820 1589 2130 1653; x_wconf 85' lang='lat' dir='ltr'><strong>memorati,</strong></span> <span class='ocrx_word' id='word_1_209' title='bbox 2186 1605 2234 1643; x_wconf 90' lang='lat' dir='ltr'><strong>s.</strong></span> <span class='ocrx_word' id='word_1_210' title='bbox 2280 1588 2492 1662; x_wconf 81' lang='lat' dir='ltr'><strong>Dialogi</strong></span> <span class='ocrx_word' id='word_1_211' title='bbox 2524 1595 2706 1646; x_wconf 84' lang='lat' dir='ltr'><strong>eccles.</strong></span> <span class='ocrx_word' id='word_1_212' title='bbox 2748 1603 2937 1647; x_wconf 86' lang='lat' dir='ltr'><strong>contra</strong></span> <span class='ocrx_word' id='word_1_213' title='bbox 2967 1594 3236 1647; x_wconf 74' lang='lat' dir='ltr'><strong>hcereses:</strong></span> <span class='ocrx_word' id='word_1_214' title='bbox 3288 1593 3434 1659; x_wconf 82' lang='lat' dir='ltr'><strong>quod</strong></span> <span class='ocrx_word' id='word_1_215' title='bbox 3493 1589 3658 1644; x_wconf 84' lang='lat' dir='ltr'><strong>etiam</strong></span> 
     </span>
    </p>
   </div>
   <div class='ocr_carea' id='block_1_17' title="bbox 399 1675 3654 1750">
    <p class='ocr_par' dir='ltr' id='par_1_17' title="bbox 399 1675 3654 1750">
     <span class='ocr_line' id='line_1_17' title="bbox 399 1675 3654 1750; baseline -0.001 -18"><span class='ocrx_word' id='word_1_216' title='bbox 399 1679 576 1750; x_wconf 81' lang='lat' dir='ltr'><strong>colligi</strong></span> <span class='ocrx_word' id='word_1_217' title='bbox 608 1689 788 1749; x_wconf 90' lang='lat' dir='ltr'><strong>potest</strong></span> <span class='ocrx_word' id='word_1_218' title='bbox 816 1694 886 1734; x_wconf 80' lang='lat' dir='ltr'><strong>ex</strong></span> <span class='ocrx_word' id='word_1_219' title='bbox 923 1677 1117 1732; x_wconf 87' lang='lat' dir='ltr'><strong>ordine</strong></span> <span class='ocrx_word' id='word_1_220' title='bbox 1176 1678 1414 1745; x_wconf 86' lang='lat' dir='ltr'><strong>capitum</strong></span> <span class='ocrx_word' id='word_1_221' title='bbox 1479 1677 1538 1730; x_wconf 91' lang='lat' dir='ltr'><strong>in</strong></span> <span class='ocrx_word' id='word_1_222' title='bbox 1599 1675 1686 1731; x_wconf 91' lang='lat' dir='ltr'><strong>ed.</strong></span> <span class='ocrx_word' id='word_1_223' title='bbox 1741 1675 2007 1732; x_wconf 89' lang='lat' dir='ltr'><strong>Dosithei.</strong></span> <span class='ocrx_word' id='word_1_224' title='bbox 2039 1676 2118 1731; x_wconf 81' lang='lat' dir='ltr'><strong>Ex</strong></span> <span class='ocrx_word' id='word_1_225' title='bbox 2149 1692 2215 1732; x_wconf 91' lang='lat' dir='ltr'><strong>eo</strong></span> <span class='ocrx_word' id='word_1_226' title='bbox 2253 1677 2418 1732; x_wconf 89' lang='lat' dir='ltr'><strong>etiam</strong></span> <span class='ocrx_word' id='word_1_227' title='bbox 2454 1681 2866 1750; x_wconf 82' lang='lat' dir='ltr'><strong>cognoscimus,</strong></span> <span class='ocrx_word' id='word_1_228' title='bbox 2901 1696 3049 1750; x_wconf 64' lang='grc' dir='ltr'>ψιαε,</span> <span class='ocrx_word' id='word_1_229' title='bbox 3087 1681 3152 1734; x_wconf 87' lang='lat' dir='ltr'><strong>ab</strong></span> <span class='ocrx_word' id='word_1_230' title='bbox 3193 1679 3398 1733; x_wconf 88' lang='lat' dir='ltr'><strong>Allatio</strong></span> <span class='ocrx_word' id='word_1_231' title='bbox 3448 1693 3654 1731; x_wconf 84' lang='lat' dir='ltr'><strong>inemo-</strong></span> 
     </span>
    </p>
   </div>
   <div class='ocr_carea' id='block_1_18' title="bbox 403 1764 3665 1842">
    <p class='ocr_par' dir='ltr' id='par_1_18' title="bbox 403 1764 3665 1842">
     <span class='ocr_line' id='line_1_18' title="bbox 403 1764 3665 1842; baseline -0.001 -20"><span class='ocrx_word' id='word_1_232' title='bbox 403 1777 536 1834; x_wconf 86' lang='lat' dir='ltr'><strong>rata,</strong></span> <span class='ocrx_word' id='word_1_233' title='bbox 563 1776 617 1824; x_wconf 87' lang='lat' dir='ltr'><strong>et</strong></span> <span class='ocrx_word' id='word_1_234' title='bbox 653 1783 680 1820; x_wconf 91' lang='lat' dir='ltr'><strong>a</strong></span> <span class='ocrx_word' id='word_1_235' title='bbox 722 1766 979 1822; x_wconf 88' lang='lat' dir='ltr'><strong>Fabricio</strong></span> <span class='ocrx_word' id='word_1_236' title='bbox 1009 1781 1108 1836; x_wconf 92' lang='lat' dir='ltr'><strong>pro</strong></span> <span class='ocrx_word' id='word_1_237' title='bbox 1136 1766 1362 1821; x_wconf 90' lang='lat' dir='ltr'><strong>ineditis</strong></span> <span class='ocrx_word' id='word_1_238' title='bbox 1395 1764 1602 1828; x_wconf 74' lang='lat' dir='ltr'><strong>habita,</strong></span> <span class='ocrx_word' id='word_1_239' title='bbox 1637 1765 1691 1818; x_wconf 92' lang='lat' dir='ltr'><strong>in</strong></span> <span class='ocrx_word' id='word_1_240' title='bbox 1725 1765 1816 1819; x_wconf 90' lang='lat' dir='ltr'><strong>illa</strong></span> <span class='ocrx_word' id='word_1_241' title='bbox 1850 1764 2088 1820; x_wconf 84' lang='lat' dir='ltr'><strong>editione</strong></span> <span class='ocrx_word' id='word_1_242' title='bbox 2125 1767 2300 1821; x_wconf 87' lang='lat' dir='ltr'><strong>lucem</strong></span> <span class='ocrx_word' id='word_1_243' title='bbox 2332 1768 2589 1823; x_wconf 83' lang='lat' dir='ltr'><strong>viderint.</strong></span> <span class='ocrx_word' id='word_1_244' title='bbox 2626 1768 2884 1842; x_wconf 81' lang='lat' dir='ltr'><strong>(Harl.)]</strong></span> <span class='ocrx_word' id='word_1_245' title='bbox 2912 1801 2980 1814; x_wconf 76' lang='lat'><strong><em>—</em></strong></span> <span class='ocrx_word' id='word_1_246' title='bbox 3013 1767 3264 1824; x_wconf 80' lang='lat' dir='ltr'><strong>Laudant</strong></span> <span class='ocrx_word' id='word_1_247' title='bbox 3293 1767 3570 1822; x_wconf 79' lang='lat' dir='ltr'><strong>Siineonis</strong></span> <span class='ocrx_word' id='word_1_248' title='bbox 3597 1767 3665 1821; x_wconf 87' lang='lat' dir='ltr'><strong>de</strong></span> 
     </span>
    </p>
   </div>
   <div class='ocr_carea' id='block_1_19' title="bbox 401 1851 3664 1928">
    <p class='ocr_par' dir='ltr' id='par_1_19' title="bbox 401 1851 3664 1928">
     <span class='ocr_line' id='line_1_19' title="bbox 401 1851 3664 1928; baseline -0 -18"><span class='ocrx_word' id='word_1_249' title='bbox 401 1857 764 1912; x_wconf 75' lang='lat' dir='ltr'><strong>sacramentis</strong></span> <span class='ocrx_word' id='word_1_250' title='bbox 795 1854 1061 1910; x_wconf 81' lang='lat' dir='ltr'><strong>Jeremias</strong></span> <span class='ocrx_word' id='word_1_251' title='bbox 1119 1854 1432 1922; x_wconf 81' lang='lat' dir='ltr'><strong>patriarcha</strong></span> <span class='ocrx_word' id='word_1_252' title='bbox 1483 1853 1648 1908; x_wconf 80' lang='lat' dir='ltr'><strong>CPol.</strong></span> <span class='ocrx_word' id='word_1_253' title='bbox 1683 1854 1734 1906; x_wconf 91' lang='lat' dir='ltr'><strong>in</strong></span> <span class='ocrx_word' id='word_1_254' title='bbox 1768 1851 2244 1923; x_wconf 86' lang='lat' dir='ltr'><strong>Responsionibus</strong></span> <span class='ocrx_word' id='word_1_255' title='bbox 2275 1856 2344 1910; x_wconf 88' lang='lat' dir='ltr'><strong>ad</strong></span> <span class='ocrx_word' id='word_1_256' title='bbox 2386 1856 2676 1928; x_wconf 81' lang='lat' dir='ltr'><strong>theologos</strong></span> <span class='ocrx_word' id='word_1_257' title='bbox 2742 1857 3256 1928; x_wconf 82' lang='lat' dir='ltr'><strong>Wirtcnbergenses</strong></span> <span class='ocrx_word' id='word_1_258' title='bbox 3283 1896 3296 1918; x_wconf 98' lang='lat'><strong>,</strong></span> <span class='ocrx_word' id='word_1_259' title='bbox 3328 1853 3664 1909; x_wconf 82' lang='lat' dir='ltr'><strong>Franciscus</strong></span> 
     </span>
    </p>
   </div>
   <div class='ocr_carea' id='block_1_20' title="bbox 400 1939 3660 2016">
    <p class='ocr_par' dir='ltr' id='par_1_20' title="bbox 400 1939 3660 2016">
     <span class='ocr_line' id='line_1_20' title="bbox 400 1939 3660 2016; baseline 0 -20"><span class='ocrx_word' id='word_1_260' title='bbox 400 1942 706 1998; x_wconf 84' lang='lat' dir='ltr'><strong>Turrianus</strong></span> <span class='ocrx_word' id='word_1_261' title='bbox 753 1942 822 1998; x_wconf 88' lang='lat' dir='ltr'><strong>ad</strong></span> <span class='ocrx_word' id='word_1_262' title='bbox 853 1941 1170 1997; x_wconf 86' lang='lat' dir='ltr'><strong>Constitutt.</strong></span> <span class='ocrx_word' id='word_1_263' title='bbox 1217 1941 1448 2010; x_wconf 82' lang='lat' dir='ltr'><strong>apostol.</strong></span> <span class='ocrx_word' id='word_1_264' title='bbox 1499 1939 1696 1997; x_wconf 84' lang='lat' dir='ltr'><strong>Petrus</strong></span> <span class='ocrx_word' id='word_1_265' title='bbox 1745 1941 2019 1996; x_wconf 82' lang='lat' dir='ltr'><strong>Arcudius</strong></span> <span class='ocrx_word' id='word_1_266' title='bbox 2053 1943 2108 1997; x_wconf 92' lang='lat' dir='ltr'><strong>in</strong></span> <span class='ocrx_word' id='word_1_267' title='bbox 2137 1942 2461 2013; x_wconf 83' lang='lat' dir='ltr'><strong>Concordia,</strong></span> <span class='ocrx_word' id='word_1_268' title='bbox 2521 1961 2645 2016; x_wconf 82' lang='lat' dir='ltr'><strong>pag.</strong></span> <span class='ocrx_word' id='word_1_269' title='bbox 2675 1948 2734 2009; x_wconf 83' lang='lat'><strong>6,</strong></span> <span class='ocrx_word' id='word_1_270' title='bbox 2769 1946 2820 2011; x_wconf 88' lang='grc'>7,</span> <span class='ocrx_word' id='word_1_271' title='bbox 2861 1944 2944 2012; x_wconf 83' lang='grc'><strong>19,</strong></span> <span class='ocrx_word' id='word_1_272' title='bbox 2980 1955 3034 2000; x_wconf 91' lang='lat' dir='ltr'><strong>et</strong></span> <span class='ocrx_word' id='word_1_273' title='bbox 3061 1945 3301 2015; x_wconf 89' lang='lat' dir='ltr'><strong>passim;</strong></span> <span class='ocrx_word' id='word_1_274' title='bbox 3345 1943 3660 1999; x_wconf 83' lang='lat' dir='ltr'><strong>Gabrielem</strong></span> 
     </span>
    </p>
   </div>
   <div class='ocr_carea' id='block_1_21' title="bbox 398 2029 3659 2104">
    <p class='ocr_par' dir='ltr' id='par_1_21' title="bbox 398 2029 3659 2104">
     <span class='ocr_line' id='line_1_21' title="bbox 398 2029 3659 2104; baseline 0.001 -20"><span class='ocrx_word' id='word_1_275' title='bbox 398 2047 615 2101; x_wconf 82' lang='lat' dir='ltr'><strong>quoque</strong></span> <span class='ocrx_word' id='word_1_276' title='bbox 644 2034 902 2087; x_wconf 84' lang='lat' dir='ltr'><strong>Severum</strong></span> <span class='ocrx_word' id='word_1_277' title='bbox 931 2029 1474 2098; x_wconf 86' lang='lat' dir='ltr'><strong>Pbiladelpbiensem</strong></span> <span class='ocrx_word' id='word_1_278' title='bbox 1499 2030 1655 2098; x_wconf 88' lang='lat' dir='ltr'><strong>plura</strong></span> <span class='ocrx_word' id='word_1_279' title='bbox 1683 2029 1752 2084; x_wconf 86' lang='lat' dir='ltr'><strong>ab</strong></span> <span class='ocrx_word' id='word_1_280' title='bbox 1783 2043 1849 2083; x_wconf 88' lang='lat' dir='ltr'><strong>eo</strong></span> <span class='ocrx_word' id='word_1_281' title='bbox 1881 2038 2186 2086; x_wconf 86' lang='lat' dir='ltr'><strong>mutuatum</strong></span> <span class='ocrx_word' id='word_1_282' title='bbox 2221 2042 2441 2098; x_wconf 84' lang='lat' dir='ltr'><strong>notans,</strong></span> <span class='ocrx_word' id='word_1_283' title='bbox 2466 2049 2590 2104; x_wconf 82' lang='lat' dir='ltr'><strong>pag.</strong></span> <span class='ocrx_word' id='word_1_284' title='bbox 2625 2035 2714 2092; x_wconf 86' lang='lat'><strong>10.</strong></span> <span class='ocrx_word' id='word_1_285' title='bbox 2747 2035 3015 2089; x_wconf 85' lang='lat' dir='ltr'><strong>Similiter</strong></span> <span class='ocrx_word' id='word_1_286' title='bbox 3044 2035 3280 2090; x_wconf 86' lang='lat' dir='ltr'><strong>Allatius</strong></span> <span class='ocrx_word' id='word_1_287' title='bbox 3318 2034 3372 2088; x_wconf 91' lang='lat' dir='ltr'><strong>in</strong></span> <span class='ocrx_word' id='word_1_288' title='bbox 3401 2031 3659 2103; x_wconf 86' lang='lat' dir='ltr'><strong>pluribus</strong></span> 
     </span>
    </p>
   </div>
   <div class='ocr_carea' id='block_1_22' title="bbox 399 2117 3662 2191">
    <p class='ocr_par' dir='ltr' id='par_1_22' title="bbox 399 2117 3662 2191">
     <span class='ocr_line' id='line_1_22' title="bbox 399 2117 3662 2191; baseline 0 -19"><span class='ocrx_word' id='word_1_289' title='bbox 399 2121 726 2188; x_wconf 82' lang='lat' dir='ltr'><strong>scriptorum</strong></span> <span class='ocrx_word' id='word_1_290' title='bbox 767 2134 988 2174; x_wconf 92' lang='lat' dir='ltr'><strong>suorum</strong></span> <span class='ocrx_word' id='word_1_291' title='bbox 1028 2117 1182 2184; x_wconf 89' lang='lat' dir='ltr'><strong>locis,</strong></span> <span class='ocrx_word' id='word_1_292' title='bbox 1243 2129 1303 2172; x_wconf 92' lang='lat' dir='ltr'><strong>ut</strong></span> <span class='ocrx_word' id='word_1_293' title='bbox 1359 2117 1436 2172; x_wconf 78' lang='lat' dir='ltr'><strong>De</strong></span> <span class='ocrx_word' id='word_1_294' title='bbox 1475 2133 1757 2184; x_wconf 82' lang='lat' dir='ltr'><strong>consensu,</strong></span> <span class='ocrx_word' id='word_1_295' title='bbox 1795 2132 1918 2190; x_wconf 77' lang='lat' dir='ltr'><strong>pag.</strong></span> <span class='ocrx_word' id='word_1_296' title='bbox 1960 2119 2097 2176; x_wconf 83' lang='grc'>1159</span> <span class='ocrx_word' id='word_1_297' title='bbox 2141 2136 2284 2190; x_wconf 80' lang='lat' dir='ltr'><strong>seq.,</strong></span> <span class='ocrx_word' id='word_1_298' title='bbox 2321 2121 2486 2190; x_wconf 84' lang='lat'><strong>1256,</strong></span> <span class='ocrx_word' id='word_1_299' title='bbox 2523 2124 2686 2186; x_wconf 79' lang='lat'><strong>1259,</strong></span> <span class='ocrx_word' id='word_1_300' title='bbox 2725 2122 2885 2191; x_wconf 87' lang='lat'><strong>1276,</strong></span> <span class='ocrx_word' id='word_1_301' title='bbox 2917 2132 3052 2186; x_wconf 88' lang='lat' dir='ltr'><strong>etc.,</strong></span> <span class='ocrx_word' id='word_1_302' title='bbox 3081 2123 3146 2178; x_wconf 87' lang='lat' dir='ltr'><strong>de</strong></span> <span class='ocrx_word' id='word_1_303' title='bbox 3179 2131 3339 2178; x_wconf 85' lang='lat' dir='ltr'><strong>aetate</strong></span> <span class='ocrx_word' id='word_1_304' title='bbox 3380 2122 3662 2186; x_wconf 87' lang='lat' dir='ltr'><strong>ordinum,</strong></span> 
     </span>
    </p>
   </div>
   <div class='ocr_carea' id='block_1_23' title="bbox 399 2207 2274 2279">
    <p class='ocr_par' dir='ltr' id='par_1_23' title="bbox 399 2207 2274 2279">
     <span class='ocr_line' id='line_1_23' title="bbox 399 2207 2274 2279; baseline 0 -17"><span class='ocrx_word' id='word_1_305' title='bbox 399 2226 528 2279; x_wconf 77' lang='lat' dir='ltr'><strong>pag.</strong></span> <span class='ocrx_word' id='word_1_306' title='bbox 559 2209 630 2263; x_wconf 71' lang='grc'><strong>12</strong></span> <span class='ocrx_word' id='word_1_307' title='bbox 652 2225 791 2279; x_wconf 86' lang='lat' dir='ltr'><strong>seq.,</strong></span> <span class='ocrx_word' id='word_1_308' title='bbox 830 2207 930 2263; x_wconf 76' lang='grc'>156</span> <span class='ocrx_word' id='word_1_309' title='bbox 959 2223 1078 2277; x_wconf 88' lang='lat' dir='ltr'><strong>seq.</strong></span> <span class='ocrx_word' id='word_1_310' title='bbox 2271 2210 2274 2213; x_wconf 85' lang='grc'><em>’</em></span> 
     </span>
    </p>
   </div>
   <div class='ocr_carea' id='block_1_24' title="bbox 471 2314 3665 2388">
    <p class='ocr_par' dir='ltr' id='par_1_24' title="bbox 471 2314 3665 2388">
     <span class='ocr_line' id='line_1_24' title="bbox 471 2314 3665 2388; baseline 0 -16"><span class='ocrx_word' id='word_1_311' title='bbox 471 2317 674 2372; x_wconf 68' lang='lat' dir='ltr'><strong>Ctetcra</strong></span> <span class='ocrx_word' id='word_1_312' title='bbox 702 2317 867 2386; x_wconf 78' lang='lat' dir='ltr'><strong>hujus</strong></span> <span class='ocrx_word' id='word_1_313' title='bbox 894 2315 1172 2370; x_wconf 82' lang='lat' dir='ltr'><strong>Simeonis</strong></span> <span class='ocrx_word' id='word_1_314' title='bbox 1213 2314 1394 2371; x_wconf 86' lang='lat' dir='ltr'><strong>adhuc</strong></span> <span class='ocrx_word' id='word_1_315' title='bbox 1428 2314 1574 2386; x_wconf 90' lang='lat' dir='ltr'><strong>quod</strong></span> <span class='ocrx_word' id='word_1_316' title='bbox 1611 2315 1784 2370; x_wconf 85' lang='lat' dir='ltr'><strong>sciam</strong></span> <span class='ocrx_word' id='word_1_317' title='bbox 1823 2316 2022 2371; x_wconf 88' lang='lat' dir='ltr'><strong>inedita</strong></span> <span class='ocrx_word' id='word_1_318' title='bbox 2051 2317 2149 2388; x_wconf 89' lang='lat'><strong>(1),</strong></span> <span class='ocrx_word' id='word_1_319' title='bbox 2185 2318 2252 2374; x_wconf 84' lang='lat' dir='ltr'><strong>ab</strong></span> <span class='ocrx_word' id='word_1_320' title='bbox 2278 2319 2469 2376; x_wconf 88' lang='lat' dir='ltr'><strong>eodem</strong></span> <span class='ocrx_word' id='word_1_321' title='bbox 2495 2321 2698 2378; x_wconf 87' lang='lat' dir='ltr'><strong>Allatio</strong></span> <span class='ocrx_word' id='word_1_322' title='bbox 2729 2330 3117 2379; x_wconf 83' lang='lat' dir='ltr'><strong>memorantur</strong></span> <span class='ocrx_word' id='word_1_323' title='bbox 3150 2337 3204 2374; x_wconf 77' lang='grc' dir='ltr'>η.</span> <span class='ocrx_word' id='word_1_324' title='bbox 3236 2320 3340 2378; x_wconf 76' lang='grc'><strong>195</strong></span> <span class='ocrx_word' id='word_1_325' title='bbox 3368 2335 3484 2378; x_wconf 84' lang='lat' dir='ltr'><strong>sco.</strong></span> <span class='ocrx_word' id='word_1_326' title='bbox 3521 2319 3665 2374; x_wconf 83' lang='lat' dir='ltr'><strong>libro</strong></span> 
     </span>
    </p>
   </div>
   <div class='ocr_carea' id='block_1_25' title="bbox 405 2405 856 2463">
    <p class='ocr_par' dir='ltr' id='par_1_25' title="bbox 405 2405 856 2463">
     <span class='ocr_line' id='line_1_25' title="bbox 405 2405 856 2463; baseline 0.002 -4"><span class='ocrx_word' id='word_1_327' title='bbox 405 2405 479 2462; x_wconf 86' lang='lat' dir='ltr'><strong>De</strong></span> <span class='ocrx_word' id='word_1_328' title='bbox 504 2405 856 2463; x_wconf 82' lang='lat' dir='ltr'><strong>Simeonibus.</strong></span> 
     </span>
    </p>
   </div>
   <div class='ocr_carea' id='block_1_26' title="bbox 469 2516 3665 2600">
    <p class='ocr_par' dir='ltr' id='par_1_26' title="bbox 469 2516 3665 2600">
     <span class='ocr_line' id='line_1_26' title="bbox 469 2516 3665 2600; baseline 0 -28"><span class='ocrx_word' id='word_1_329' title='bbox 469 2518 524 2572; x_wconf 87' lang='lat'><strong>2.</strong></span> <span class='ocrx_word' id='word_1_330' title='bbox 568 2517 884 2588; x_wconf 74' lang='grc' dir='ltr'><strong>Ἀπόκρισις</strong></span> <span class='ocrx_word' id='word_1_331' title='bbox 914 2516 1050 2587; x_wconf 78' lang='grc' dir='ltr'><strong>πρὸς</strong></span> <span class='ocrx_word' id='word_1_332' title='bbox 1080 2517 1177 2578; x_wconf 85' lang='grc' dir='ltr'>τὰς</span> <span class='ocrx_word' id='word_1_333' title='bbox 1207 2517 1510 2600; x_wconf 62' lang='grc' dir='ltr'>ἔρωτῄσσις</span> <span class='ocrx_word' id='word_1_334' title='bbox 1528 2517 1625 2570; x_wconf 82' lang='grc' dir='ltr'>τοῦ</span> <span class='ocrx_word' id='word_1_335' title='bbox 1656 2520 1956 2589; x_wconf 74' lang='grc' dir='ltr'>ἱερωτάτου</span> <span class='ocrx_word' id='word_1_336' title='bbox 1988 2521 2394 2590; x_wconf 82' lang='grc' dir='ltr'>μητροπολίτου</span> <span class='ocrx_word' id='word_1_337' title='bbox 2427 2523 2824 2585; x_wconf 63' lang='grc' dir='ltr'>Πενταπόλεως</span> <span class='ocrx_word' id='word_1_338' title='bbox 2848 2520 2953 2594; x_wconf 83' lang='grc' dir='ltr'>κῦῥ</span> <span class='ocrx_word' id='word_1_339' title='bbox 2980 2521 3247 2592; x_wconf 78' lang='grc' dir='ltr'>Γαϐριὴλ.</span> <span class='ocrx_word' id='word_1_340' title='bbox 3277 2520 3665 2590; x_wconf 74' lang='lat' dir='ltr'><strong>Responsiones</strong></span> 
     </span>
    </p>
   </div>
   <div class='ocr_carea' id='block_1_27' title="bbox 398 2605 2004 2683">
    <p class='ocr_par' dir='ltr' id='par_1_27' title="bbox 398 2605 2004 2676">
     <span class='ocr_line' id='line_1_27' title="bbox 398 2605 2004 2676; baseline 0.001 -16"><span class='ocrx_word' id='word_1_341' title='bbox 398 2609 468 2660; x_wconf 85' lang='lat' dir='ltr'><strong>ad</strong></span> <span class='ocrx_word' id='word_1_342' title='bbox 501 2607 830 2676; x_wconf 84' lang='lat' dir='ltr'><strong>interrogata</strong></span> <span class='ocrx_word' id='word_1_343' title='bbox 858 2606 1187 2658; x_wconf 80' lang='lat' dir='ltr'><strong>sanctissimi</strong></span> <span class='ocrx_word' id='word_1_344' title='bbox 1222 2607 1576 2672; x_wconf 77' lang='lat' dir='ltr'><strong>metropolita:</strong></span> <span class='ocrx_word' id='word_1_345' title='bbox 1607 2605 2004 2675; x_wconf 87' lang='lat' dir='ltr'><strong>Pentapolitani</strong></span> 
     </span>
    </p>
   </div>
   <div class='ocr_carea' id='block_1_28' title="bbox 2057 2605 3663 2683">
    <p class='ocr_par' dir='ltr' id='par_1_28' title="bbox 2057 2608 3663 2683">
     <span class='ocr_line' id='line_1_28' title="bbox 2057 2608 3663 2683; baseline -0.002 -19"><span class='ocrx_word' id='word_1_346' title='bbox 2057 2608 2321 2665; x_wconf 57' lang='lat' dir='ltr'><strong>hbrielis.</strong></span> <span class='ocrx_word' id='word_1_347' title='bbox 2361 2613 2420 2665; x_wconf 92' lang='lat' dir='ltr'><strong>P.</strong></span> <span class='ocrx_word' id='word_1_348' title='bbox 2458 2613 2610 2666; x_wconf 84' lang='grc' dir='ltr'>Ἔδει</span> <span class='ocrx_word' id='word_1_349' title='bbox 2640 2613 2742 2683; x_wconf 76' lang='grc' dir='ltr'><strong>μὲν</strong></span> <span class='ocrx_word' id='word_1_350' title='bbox 2768 2615 2868 2675; x_wconf 74' lang='grc' dir='ltr'><strong>τὰς</strong></span> <span class='ocrx_word' id='word_1_351' title='bbox 2895 2611 3155 2675; x_wconf 74' lang='grc' dir='ltr'><strong>τοιαύτας</strong></span> <span class='ocrx_word' id='word_1_352' title='bbox 3187 2609 3299 2663; x_wconf 86' lang='grc' dir='ltr'><strong>τῶν</strong></span> <span class='ocrx_word' id='word_1_353' title='bbox 3332 2611 3663 2680; x_wconf 79' lang='grc' dir='ltr'><strong>ἐρωτήσεων</strong></span> 
     </span>
    </p>
   </div>
   <div class='ocr_carea' id='block_1_29' title="bbox 399 2692 2005 2771">
    <p class='ocr_par' dir='ltr' id='par_1_29' title="bbox 399 2692 2005 2765">
     <span class='ocr_line' id='line_1_29' title="bbox 399 2692 2005 2765; baseline 0.001 -17"><span class='ocrx_word' id='word_1_354' title='bbox 399 2694 762 2765; x_wconf 61' lang='grc' dir='ltr'>ὑψηλοτέρας,</span> <span class='ocrx_word' id='word_1_355' title='bbox 795 2692 890 2746; x_wconf 80' lang='grc' dir='ltr'>καὶ</span> <span class='ocrx_word' id='word_1_356' title='bbox 927 2693 1068 2762; x_wconf 78' lang='grc' dir='ltr'>ὑπὲρ</span> <span class='ocrx_word' id='word_1_357' title='bbox 1095 2694 1264 2762; x_wconf 79' lang='grc' dir='ltr'>ἡμᾶς.</span> <span class='ocrx_word' id='word_1_358' title='bbox 1300 2694 1712 2762; x_wconf 83' lang='lat' dir='ltr'><strong>Responsiones</strong></span> <span class='ocrx_word' id='word_1_359' title='bbox 1749 2707 1875 2749; x_wconf 91' lang='lat' dir='ltr'><strong>sunt</strong></span> <span class='ocrx_word' id='word_1_360' title='bbox 1904 2711 2005 2750; x_wconf 80' lang='lat' dir='ltr'><strong>nun</strong></span> 
     </span>
    </p>
   </div>
   <div class='ocr_carea' id='block_1_30' title="bbox 2059 2692 3665 2771">
    <p class='ocr_par' dir='ltr' id='par_1_30' title="bbox 2059 2696 3665 2771">
     <span class='ocr_line' id='line_1_30' title="bbox 2059 2696 3665 2771; baseline -0.001 -19"><span class='ocrx_word' id='word_1_361' title='bbox 2059 2713 2134 2752; x_wconf 66' lang='lat' dir='ltr'><strong>ero</strong></span> <span class='ocrx_word' id='word_1_362' title='bbox 2166 2698 2236 2753; x_wconf 79' lang='lat'><strong>85</strong></span> <span class='ocrx_word' id='word_1_363' title='bbox 2261 2700 2368 2770; x_wconf 85' lang='grc' dir='ltr'><strong>(α).</strong></span> <span class='ocrx_word' id='word_1_364' title='bbox 2405 2700 2752 2771; x_wconf 80' lang='lat' dir='ltr'><strong>Legebantur</strong></span> <span class='ocrx_word' id='word_1_365' title='bbox 2779 2701 2834 2755; x_wconf 89' lang='lat' dir='ltr'><strong>in</strong></span> <span class='ocrx_word' id='word_1_366' title='bbox 2866 2700 3136 2765; x_wconf 85' lang='lat' dir='ltr'><strong>Palatina,</strong></span> <span class='ocrx_word' id='word_1_367' title='bbox 3161 2711 3216 2755; x_wconf 90' lang='lat' dir='ltr'><strong>et</strong></span> <span class='ocrx_word' id='word_1_368' title='bbox 3239 2715 3386 2754; x_wconf 90' lang='lat' dir='ltr'><strong>nunc</strong></span> <span class='ocrx_word' id='word_1_369' title='bbox 3422 2701 3476 2754; x_wconf 88' lang='lat' dir='ltr'><strong>in</strong></span> <span class='ocrx_word' id='word_1_370' title='bbox 3510 2696 3665 2752; x_wconf 83' lang='lat' dir='ltr'><strong>Vati-</strong></span> 
     </span>
    </p>
   </div>
   <div class='ocr_carea' id='block_1_31' title="bbox 400 2778 3666 2861">
    <p class='ocr_par' dir='ltr' id='par_1_31' title="bbox 400 2778 3666 2861">
     <span class='ocr_line' id='line_1_31' title="bbox 400 2778 3666 2861; baseline 0.001 -25"><span class='ocrx_word' id='word_1_371' title='bbox 400 2798 561 2846; x_wconf 83' lang='lat' dir='ltr'><strong>cana,</strong></span> <span class='ocrx_word' id='word_1_372' title='bbox 589 2781 668 2854; x_wconf 88' lang='lat' dir='ltr'><strong>[et</strong></span> <span class='ocrx_word' id='word_1_373' title='bbox 707 2780 1031 2853; x_wconf 78' lang='lat' dir='ltr'><strong>Masquensi,</strong></span> <span class='ocrx_word' id='word_1_374' title='bbox 1064 2781 1186 2835; x_wconf 90' lang='lat' dir='ltr'><strong>cod.</strong></span> <span class='ocrx_word' id='word_1_375' title='bbox 1215 2781 1343 2836; x_wconf 77' lang='lat'><strong>589.</strong></span> <span class='ocrx_word' id='word_1_376' title='bbox 1378 2778 1440 2835; x_wconf 71' lang='grc' dir='ltr'>ν.</span> <span class='ocrx_word' id='word_1_377' title='bbox 1466 2780 1707 2835; x_wconf 72' lang='lat' dir='ltr'><strong>Matthtei</strong></span> <span class='ocrx_word' id='word_1_378' title='bbox 1731 2783 1893 2836; x_wconf 88' lang='lat' dir='ltr'><strong>notit.</strong></span> <span class='ocrx_word' id='word_1_379' title='bbox 1930 2793 2062 2850; x_wconf 87' lang='lat' dir='ltr'><strong>etc.,</strong></span> <span class='ocrx_word' id='word_1_380' title='bbox 2098 2802 2149 2855; x_wconf 88' lang='lat' dir='ltr'><strong>p.</strong></span> <span class='ocrx_word' id='word_1_381' title='bbox 2182 2788 2308 2844; x_wconf 69' lang='lat'><strong>248.</strong></span> <span class='ocrx_word' id='word_1_382' title='bbox 2341 2787 2543 2861; x_wconf 73' lang='lat' dir='ltr'><strong>(ll-ari.)</strong></span> <span class='ocrx_word' id='word_1_383' title='bbox 2574 2791 2869 2846; x_wconf 85' lang='lat' dir='ltr'><strong>Continent</strong></span> <span class='ocrx_word' id='word_1_384' title='bbox 2905 2791 3078 2844; x_wconf 88' lang='lat' dir='ltr'><strong>multa</strong></span> <span class='ocrx_word' id='word_1_385' title='bbox 3119 2790 3447 2860; x_wconf 79' lang='lat' dir='ltr'><strong>theologica.</strong></span> <span class='ocrx_word' id='word_1_386' title='bbox 3484 2802 3666 2842; x_wconf 89' lang='lat' dir='ltr'><strong>mora-</strong></span> 
     </span>
    </p>
   </div>
   <div class='ocr_carea' id='block_1_32' title="bbox 408 2870 2750 2936">
    <p class='ocr_par' dir='ltr' id='par_1_32' title="bbox 408 2870 2750 2936">
     <span class='ocr_line' id='line_1_32' title="bbox 408 2870 2750 2936; baseline 0.003 -12"><span class='ocrx_word' id='word_1_387' title='bbox 408 2872 479 2924; x_wconf 85' lang='lat' dir='ltr'><strong>lia</strong></span> <span class='ocrx_word' id='word_1_388' title='bbox 513 2880 568 2926; x_wconf 87' lang='lat' dir='ltr'><strong>et</strong></span> <span class='ocrx_word' id='word_1_389' title='bbox 600 2870 971 2926; x_wconf 78' lang='lat' dir='ltr'><strong>ecclesiastica</strong></span> <span class='ocrx_word' id='word_1_390' title='bbox 992 2908 1009 2936; x_wconf 92' lang='lat'><strong>,</strong></span> <span class='ocrx_word' id='word_1_391' title='bbox 1044 2877 1097 2926; x_wconf 91' lang='lat' dir='ltr'><strong>et</strong></span> <span class='ocrx_word' id='word_1_392' title='bbox 1132 2877 1322 2925; x_wconf 88' lang='lat' dir='ltr'><strong>essent</strong></span> <span class='ocrx_word' id='word_1_393' title='bbox 1361 2870 1601 2926; x_wconf 78' lang='lat' dir='ltr'><strong>maxime</strong></span> <span class='ocrx_word' id='word_1_394' title='bbox 1631 2870 1817 2934; x_wconf 89' lang='lat' dir='ltr'><strong>utiles,</strong></span> <span class='ocrx_word' id='word_1_395' title='bbox 1851 2871 1901 2925; x_wconf 91' lang='lat' dir='ltr'><strong>si</strong></span> <span class='ocrx_word' id='word_1_396' title='bbox 1933 2873 2243 2930; x_wconf 87' lang='lat' dir='ltr'><strong>ederentur.</strong></span> <span class='ocrx_word' id='word_1_397' title='bbox 2385 2929 2393 2936; x_wconf 82' lang='lat'><strong>,</strong></span> <span class='ocrx_word' id='word_1_398' title='bbox 2739 2875 2750 2884; x_wconf 71' lang='lat'><em>&#39;</em></span> 
     </span>
    </p>
   </div>
   <div class='ocr_carea' id='block_1_33' title="bbox 473 2980 3668 3062">
    <p class='ocr_par' dir='ltr' id='par_1_33' title="bbox 473 2980 3668 3062">
     <span class='ocr_line' id='line_1_33' title="bbox 473 2980 3668 3062; baseline 0.001 -24"><span class='ocrx_word' id='word_1_399' title='bbox 473 2983 527 3038; x_wconf 79' lang='lat'><strong>3.</strong></span> <span class='ocrx_word' id='word_1_400' title='bbox 563 2981 816 3051; x_wconf 85' lang='lat' dir='ltr'><strong>Ejusdem</strong></span> <span class='ocrx_word' id='word_1_401' title='bbox 847 2999 859 3034; x_wconf 89' lang='lat'>:</span> <span class='ocrx_word' id='word_1_402' title='bbox 895 2981 1034 3052; x_wconf 75' lang='grc' dir='ltr'>Περὶ</span> <span class='ocrx_word' id='word_1_403' title='bbox 1070 2981 1374 3050; x_wconf 73' lang='grc' dir='ltr'><strong>ἱερωσύνης</strong></span> <span class='ocrx_word' id='word_1_404' title='bbox 1412 2980 1552 3052; x_wconf 77' lang='grc' dir='ltr'>πρὸς</span> <span class='ocrx_word' id='word_1_405' title='bbox 1583 2997 1705 3033; x_wconf 86' lang='grc' dir='ltr'>τινα</span> <span class='ocrx_word' id='word_1_406' title='bbox 1735 2980 1844 3034; x_wconf 85' lang='grc' dir='ltr'><strong>τῶν</strong></span> <span class='ocrx_word' id='word_1_407' title='bbox 1879 2981 2129 3038; x_wconf 76' lang='grc' dir='ltr'>εὐλαϐῶν</span> <span class='ocrx_word' id='word_1_408' title='bbox 2166 2988 2421 3060; x_wconf 86' lang='grc' dir='ltr'>μοναχῶν</span> <span class='ocrx_word' id='word_1_409' title='bbox 2459 2990 2614 3062; x_wconf 70' lang='grc' dir='ltr'>ἱερᾶς</span> <span class='ocrx_word' id='word_1_410' title='bbox 2644 2991 2923 3055; x_wconf 79' lang='grc' dir='ltr'>διακονίας</span> <span class='ocrx_word' id='word_1_411' title='bbox 2964 2988 3312 3061; x_wconf 78' lang='grc' dir='ltr'>ὴξιωμένων,</span> <span class='ocrx_word' id='word_1_412' title='bbox 3345 2988 3428 3042; x_wconf 80' lang='grc' dir='ltr'>ἔτι</span> <span class='ocrx_word' id='word_1_413' title='bbox 3457 2989 3550 3043; x_wconf 70' lang='grc' dir='ltr'>καὶ</span> <span class='ocrx_word' id='word_1_414' title='bbox 3574 2988 3668 3042; x_wconf 78' lang='grc' dir='ltr'><strong>τοῦ</strong></span> 
     </span>
    </p>
   </div>
   <div class='ocr_carea' id='block_1_34' title="bbox 401 3073 2007 3150">
    <p class='ocr_par' dir='ltr' id='par_1_34' title="bbox 401 3073 2007 3146">
     <span class='ocr_line' id='line_1_34' title="bbox 401 3073 2007 3146; baseline -0.002 -18"><span class='ocrx_word' id='word_1_415' title='bbox 401 3077 706 3146; x_wconf 79' lang='grc' dir='ltr'>ἀρχιερέως</span> <span class='ocrx_word' id='word_1_416' title='bbox 736 3075 818 3139; x_wconf 80' lang='grc' dir='ltr'><strong>εἰς</strong></span> <span class='ocrx_word' id='word_1_417' title='bbox 845 3074 937 3128; x_wconf 73' lang='grc' dir='ltr'><strong>τὸν</strong></span> <span class='ocrx_word' id='word_1_418' title='bbox 960 3073 1055 3128; x_wconf 83' lang='grc' dir='ltr'>τοῦ</span> <span class='ocrx_word' id='word_1_419' title='bbox 1084 3073 1462 3144; x_wconf 75' lang='grc' dir='ltr'>πρεσϐυτέρου</span> <span class='ocrx_word' id='word_1_420' title='bbox 1494 3073 1783 3136; x_wconf 78' lang='grc' dir='ltr'>τελοῦντος</span> <span class='ocrx_word' id='word_1_421' title='bbox 1807 3076 1932 3127; x_wconf 86' lang='grc' dir='ltr'>τότε</span> <span class='ocrx_word' id='word_1_422' title='bbox 1967 3074 2007 3144; x_wconf 77' lang='grc' dir='ltr'>βι</span> 
     </span>
    </p>
   </div>
   <div class='ocr_carea' id='block_1_35' title="bbox 2061 3073 3667 3150">
    <p class='ocr_par' dir='ltr' id='par_1_35' title="bbox 2061 3076 3667 3150">
     <span class='ocr_line' id='line_1_35' title="bbox 2061 3076 3667 3150; baseline 0.002 -26"><span class='ocrx_word' id='word_1_423' title='bbox 2061 3076 2198 3144; x_wconf 56' lang='grc' dir='ltr'><strong>ιλιόν.</strong></span> <span class='ocrx_word' id='word_1_424' title='bbox 2235 3077 2310 3131; x_wconf 83' lang='lat' dir='ltr'><strong>De</strong></span> <span class='ocrx_word' id='word_1_425' title='bbox 2359 3081 2659 3134; x_wconf 80' lang='lat' dir='ltr'><strong>sacerdotio</strong></span> <span class='ocrx_word' id='word_1_426' title='bbox 2711 3081 2780 3133; x_wconf 91' lang='lat' dir='ltr'><strong>ad</strong></span> <span class='ocrx_word' id='word_1_427' title='bbox 2837 3080 3121 3150; x_wconf 82' lang='lat' dir='ltr'><strong>quemdam</strong></span> <span class='ocrx_word' id='word_1_428' title='bbox 3153 3080 3301 3146; x_wconf 85' lang='lat' dir='ltr'><strong>pium</strong></span> <span class='ocrx_word' id='word_1_429' title='bbox 3344 3077 3667 3133; x_wconf 87' lang='lat' dir='ltr'><strong>monachum</strong></span> 
     </span>
    </p>
   </div>
   <div class='ocr_carea' id='block_1_36' title="bbox 403 3162 2009 3238">
    <p class='ocr_par' dir='ltr' id='par_1_36' title="bbox 403 3162 2003 3234">
     <span class='ocr_line' id='line_1_36' title="bbox 403 3162 2003 3234; baseline -0.001 -16"><span class='ocrx_word' id='word_1_430' title='bbox 403 3181 555 3218; x_wconf 84' lang='lat' dir='ltr'><strong>sacro</strong></span> <span class='ocrx_word' id='word_1_431' title='bbox 590 3165 882 3218; x_wconf 82' lang='lat' dir='ltr'><strong>ministerio</strong></span> <span class='ocrx_word' id='word_1_432' title='bbox 921 3165 1256 3233; x_wconf 79' lang='lat' dir='ltr'><strong>insignitum,</strong></span> <span class='ocrx_word' id='word_1_433' title='bbox 1294 3163 1467 3218; x_wconf 83' lang='lat' dir='ltr'><strong>adhuc</strong></span> <span class='ocrx_word' id='word_1_434' title='bbox 1500 3162 1732 3234; x_wconf 72' lang='lat' dir='ltr'><strong>prazsule</strong></span> <span class='ocrx_word' id='word_1_435' title='bbox 1765 3166 1819 3217; x_wconf 91' lang='lat' dir='ltr'><strong>in</strong></span> <span class='ocrx_word' id='word_1_436' title='bbox 1850 3164 2003 3232; x_wconf 85' lang='lat' dir='ltr'><strong>presb</strong></span> 
     </span>
    </p>
   </div>
   <div class='ocr_carea' id='block_1_37' title="bbox 2061 3162 3667 3238">
    <p class='ocr_par' dir='ltr' id='par_1_37' title="bbox 2061 3165 3667 3238">
     <span class='ocr_line' id='line_1_37' title="bbox 2061 3165 3667 3238; baseline -0.001 -19"><span class='ocrx_word' id='word_1_437' title='bbox 2061 3165 2145 3219; x_wconf 88' lang='lat' dir='ltr'><strong>&#39;eri</strong></span> <span class='ocrx_word' id='word_1_438' title='bbox 2179 3168 2366 3221; x_wconf 82' lang='lat' dir='ltr'><strong>ordine</strong></span> <span class='ocrx_word' id='word_1_439' title='bbox 2414 3169 2723 3223; x_wconf 76' lang='lat' dir='ltr'><strong>exsistente.</strong></span> <span class='ocrx_word' id='word_1_440' title='bbox 2760 3169 2819 3222; x_wconf 88' lang='lat' dir='ltr'><strong>P.</strong></span> <span class='ocrx_word' id='word_1_441' title='bbox 2864 3169 2954 3222; x_wconf 86' lang='grc' dir='ltr'>Ἐν</span> <span class='ocrx_word' id='word_1_442' title='bbox 3009 3168 3235 3238; x_wconf 83' lang='grc' dir='ltr'>Χριστῷ</span> <span class='ocrx_word' id='word_1_443' title='bbox 3273 3185 3364 3238; x_wconf 84' lang='grc' dir='ltr'>μοι</span> <span class='ocrx_word' id='word_1_444' title='bbox 3411 3168 3667 3235; x_wconf 82' lang='grc' dir='ltr'>ἀγαπητὲ</span> 
     </span>
    </p>
   </div>
   <div class='ocr_carea' id='block_1_38' title="bbox 405 3251 2011 3323">
    <p class='ocr_par' dir='ltr' id='par_1_38' title="bbox 405 3251 2011 3323">
     <span class='ocr_line' id='line_1_38' title="bbox 405 3251 2011 3323; baseline -0.001 -17"><span class='ocrx_word' id='word_1_445' title='bbox 405 3256 499 3306; x_wconf 68' lang='grc' dir='ltr'><strong>καὶ</strong></span> <span class='ocrx_word' id='word_1_446' title='bbox 525 3251 866 3323; x_wconf 80' lang='grc' dir='ltr'>γνησιώτατε</span> <span class='ocrx_word' id='word_1_447' title='bbox 900 3251 1099 3320; x_wconf 81' lang='grc' dir='ltr'><strong>ἀδελφὲ</strong></span> <span class='ocrx_word' id='word_1_448' title='bbox 1122 3252 1222 3320; x_wconf 77' lang='grc' dir='ltr'>τὴν</span> <span class='ocrx_word' id='word_1_449' title='bbox 1251 3251 1474 3320; x_wconf 75' lang='grc' dir='ltr'>ὀφειλὴν</span> <span class='ocrx_word' id='word_1_450' title='bbox 1507 3252 1604 3320; x_wconf 81' lang='grc' dir='ltr'><strong>τῆς</strong></span> <span class='ocrx_word' id='word_1_451' title='bbox 1634 3251 1820 3320; x_wconf 82' lang='grc' dir='ltr'><strong>ἀγάπη</strong></span> <span class='ocrx_word' id='word_1_452' title='bbox 1835 3271 1874 3306; x_wconf 89' lang='lat'><strong>:.</strong></span> <span class='ocrx_word' id='word_1_453' title='bbox 1906 3251 2011 3323; x_wconf 83' lang='lat' dir='ltr'><strong>(Fa</strong></span> 
     </span>
    </p>
   </div>
   <div class='ocr_carea' id='block_1_39' title="bbox 2061 3251 3667 3323">
    <p class='ocr_par' dir='ltr' id='par_1_39' title="bbox 2061 3255 3667 3322">
     <span class='ocr_line' id='line_1_39' title="bbox 2061 3255 3667 3322; baseline 0.003 -19"><span class='ocrx_word' id='word_1_454' title='bbox 2061 3257 2124 3322; x_wconf 67' lang='grc' dir='ltr'><strong>γ’.)</strong></span> <span class='ocrx_word' id='word_1_455' title='bbox 2158 3271 2260 3309; x_wconf 88' lang='lat' dir='ltr'><strong>ms.</strong></span> <span class='ocrx_word' id='word_1_456' title='bbox 2307 3255 2358 3307; x_wconf 91' lang='lat' dir='ltr'><strong>in</strong></span> <span class='ocrx_word' id='word_1_457' title='bbox 2392 3258 2516 3311; x_wconf 81' lang='lat' dir='ltr'><strong>cod.</strong></span> <span class='ocrx_word' id='word_1_458' title='bbox 2562 3259 2752 3311; x_wconf 85' lang='lat' dir='ltr'><strong>Baroc.</strong></span> <span class='ocrx_word' id='word_1_459' title='bbox 2791 3259 2920 3322; x_wconf 74' lang='grc'>291,</span> <span class='ocrx_word' id='word_1_460' title='bbox 2958 3273 3011 3309; x_wconf 82' lang='grc' dir='ltr'>ιι.</span> <span class='ocrx_word' id='word_1_461' title='bbox 3061 3259 3140 3310; x_wconf 71' lang='grc'><strong>15.</strong></span> <span class='ocrx_word' id='word_1_462' title='bbox 3178 3257 3234 3310; x_wconf 90' lang='lat' dir='ltr'><strong>In</strong></span> <span class='ocrx_word' id='word_1_463' title='bbox 3269 3257 3401 3311; x_wconf 88' lang='lat' dir='ltr'><strong>bibl.</strong></span> <span class='ocrx_word' id='word_1_464' title='bbox 3452 3256 3667 3310; x_wconf 86' lang='lat' dir='ltr'><strong>Bodlei.</strong></span> 
     </span>
    </p>
   </div>
   <div class='ocr_carea' id='block_1_40' title="bbox 407 3340 3671 3417">
    <p class='ocr_par' dir='ltr' id='par_1_40' title="bbox 407 3340 3671 3417">
     <span class='ocr_line' id='line_1_40' title="bbox 407 3340 3671 3417; baseline 0.001 -24"><span class='ocrx_word' id='word_1_465' title='bbox 407 3344 553 3396; x_wconf 84' lang='lat' dir='ltr'><strong>inter</strong></span> <span class='ocrx_word' id='word_1_466' title='bbox 575 3343 884 3397; x_wconf 76' lang='lat' dir='ltr'><strong>adversaria</strong></span> <span class='ocrx_word' id='word_1_467' title='bbox 905 3340 1033 3396; x_wconf 86' lang='lat' dir='ltr'><strong>Ger.</strong></span> <span class='ocrx_word' id='word_1_468' title='bbox 1064 3340 1401 3411; x_wconf 80' lang='lat' dir='ltr'><strong>Langbaeni,</strong></span> <span class='ocrx_word' id='word_1_469' title='bbox 1438 3355 1504 3393; x_wconf 83' lang='lat' dir='ltr'><strong>ex</strong></span> <span class='ocrx_word' id='word_1_470' title='bbox 1539 3342 1692 3410; x_wconf 74' lang='lat' dir='ltr'><strong>Sym.</strong></span> <span class='ocrx_word' id='word_1_471' title='bbox 1723 3341 1969 3395; x_wconf 81' lang='lat' dir='ltr'><strong>Thessal.</strong></span> <span class='ocrx_word' id='word_1_472' title='bbox 2025 3345 2308 3412; x_wconf 87' lang='lat' dir='ltr'><strong>responsis</strong></span> <span class='ocrx_word' id='word_1_473' title='bbox 2339 3349 2404 3397; x_wconf 85' lang='lat' dir='ltr'><strong>de</strong></span> <span class='ocrx_word' id='word_1_474' title='bbox 2467 3348 2572 3404; x_wconf 81' lang='lat' dir='ltr'><strong>[ine</strong></span> <span class='ocrx_word' id='word_1_475' title='bbox 2624 3350 2831 3410; x_wconf 74' lang='lat' dir='ltr'><strong>saeculi,</strong></span> <span class='ocrx_word' id='word_1_476' title='bbox 2863 3361 2913 3403; x_wconf 83' lang='lat' dir='ltr'><strong>et</strong></span> <span class='ocrx_word' id='word_1_477' title='bbox 2945 3365 3005 3402; x_wconf 76' lang='lat' dir='ltr'><strong>ex</strong></span> <span class='ocrx_word' id='word_1_478' title='bbox 3044 3349 3223 3417; x_wconf 71' lang='lat' dir='ltr'><strong>rjusd.</strong></span> <span class='ocrx_word' id='word_1_479' title='bbox 3264 3345 3671 3416; x_wconf 69' lang='lat' dir='ltr'><strong>qnzestion‘ibus</strong></span> 
     </span>
    </p>
   </div>
   <div class='ocr_carea' id='block_1_41' title="bbox 405 3426 2011 3504">
    <p class='ocr_par' dir='ltr' id='par_1_41' title="bbox 405 3426 1977 3502">
     <span class='ocr_line' id='line_1_41' title="bbox 405 3426 1977 3502; baseline -0.001 -18"><span class='ocrx_word' id='word_1_480' title='bbox 405 3433 470 3485; x_wconf 86' lang='lat' dir='ltr'><strong>de</strong></span> <span class='ocrx_word' id='word_1_481' title='bbox 503 3431 711 3501; x_wconf 77' lang='lat' dir='ltr'><strong>typicis’</strong></span> <span class='ocrx_word' id='word_1_482' title='bbox 735 3429 892 3485; x_wconf 69' lang='lat' dir='ltr'><strong>Sabm</strong></span> <span class='ocrx_word' id='word_1_483' title='bbox 915 3439 970 3486; x_wconf 85' lang='lat' dir='ltr'><strong>et</strong></span> <span class='ocrx_word' id='word_1_484' title='bbox 1009 3428 1361 3483; x_wconf 86' lang='lat' dir='ltr'><strong>Damasccni.</strong></span> <span class='ocrx_word' id='word_1_485' title='bbox 1395 3426 1461 3482; x_wconf 72' lang='grc' dir='ltr'>ν.</span> <span class='ocrx_word' id='word_1_486' title='bbox 1495 3429 1619 3483; x_wconf 81' lang='lat' dir='ltr'><strong>Cat.</strong></span> <span class='ocrx_word' id='word_1_487' title='bbox 1655 3445 1787 3485; x_wconf 86' lang='lat' dir='ltr'><strong>mss.</strong></span> <span class='ocrx_word' id='word_1_488' title='bbox 1819 3431 1977 3502; x_wconf 81' lang='lat' dir='ltr'><strong>Augl.</strong></span> 
     </span>
    </p>
   </div>
   <div class='ocr_carea' id='block_1_42' title="bbox 1103 3426 2709 3504">
    <p class='ocr_par' dir='ltr' id='par_1_42' title="bbox 1103 3426 2709 3504">
     <span class='ocr_line' id='line_1_42' title="bbox 1103 3426 2709 3504; baseline 0.004 -23"><span class='ocrx_word' id='word_1_489' title='bbox 1103 3428 1361 3483; x_wconf 80' lang='lat' dir='ltr'><strong>:nasccni.</strong></span> <span class='ocrx_word' id='word_1_490' title='bbox 1395 3426 1461 3482; x_wconf 72' lang='grc' dir='ltr'>ν.</span> <span class='ocrx_word' id='word_1_491' title='bbox 1495 3429 1619 3483; x_wconf 82' lang='lat' dir='ltr'><strong>Cat.</strong></span> <span class='ocrx_word' id='word_1_492' title='bbox 1655 3445 1787 3485; x_wconf 87' lang='lat' dir='ltr'><strong>mss.</strong></span> <span class='ocrx_word' id='word_1_493' title='bbox 1819 3431 1977 3502; x_wconf 81' lang='lat' dir='ltr'><strong>Attgl.</strong></span> <span class='ocrx_word' id='word_1_494' title='bbox 2016 3439 2123 3485; x_wconf 86' lang='lat' dir='ltr'><strong>etc.</strong></span> <span class='ocrx_word' id='word_1_495' title='bbox 2175 3431 2215 3496; x_wconf 92' lang='lat' dir='ltr'><strong>l,</strong></span> <span class='ocrx_word' id='word_1_496' title='bbox 2260 3449 2313 3503; x_wconf 91' lang='lat' dir='ltr'><strong>p.</strong></span> <span class='ocrx_word' id='word_1_497' title='bbox 2338 3433 2468 3488; x_wconf 87' lang='grc'>268.</span> <span class='ocrx_word' id='word_1_498' title='bbox 2500 3433 2709 3504; x_wconf 81' lang='grc' dir='ltr'><strong>(ΙΙαι-ῑ.)</strong></span> 
     </span>
    </p>
   </div>
   <div class='ocr_carea' id='block_1_43' title="bbox 476 3549 3672 3626">
    <p class='ocr_par' dir='ltr' id='par_1_43' title="bbox 476 3549 3672 3626">
     <span class='ocr_line' id='line_1_43' title="bbox 476 3549 3672 3626; baseline -0.002 -20"><span class='ocrx_word' id='word_1_499' title='bbox 476 3552 531 3606; x_wconf 66' lang='grc'>4.</span> <span class='ocrx_word' id='word_1_500' title='bbox 572 3550 677 3605; x_wconf 84' lang='grc' dir='ltr'>Τοῦ</span> <span class='ocrx_word' id='word_1_501' title='bbox 720 3550 881 3604; x_wconf 65' lang='grc' dir='ltr'>αὑτοῦ</span> <span class='ocrx_word' id='word_1_502' title='bbox 923 3549 1225 3622; x_wconf 75' lang='grc' dir='ltr'>Ἐρμηνεία</span> <span class='ocrx_word' id='word_1_503' title='bbox 1253 3552 1549 3623; x_wconf 78' lang='grc' dir='ltr'>συνοπτικὴ</span> <span class='ocrx_word' id='word_1_504' title='bbox 1584 3553 1728 3606; x_wconf 79' lang='grc' dir='ltr'>κατὰ</span> <span class='ocrx_word' id='word_1_505' title='bbox 1768 3550 2000 3620; x_wconf 63' lang='grc' dir='ltr'>δύναμιν</span> <span class='ocrx_word' id='word_1_506' title='bbox 2035 3553 2116 3616; x_wconf 76' lang='grc' dir='ltr'><strong>εἰς</strong></span> <span class='ocrx_word' id='word_1_507' title='bbox 2163 3552 2223 3605; x_wconf 80' lang='grc' dir='ltr'><strong>τὸ</strong></span> <span class='ocrx_word' id='word_1_508' title='bbox 2260 3551 2360 3620; x_wconf 76' lang='grc' dir='ltr'><strong>τῆς</strong></span> <span class='ocrx_word' id='word_1_509' title='bbox 2392 3551 2683 3619; x_wconf 73' lang='grc' dir='ltr'>ὁρθοδόξου</span> <span class='ocrx_word' id='word_1_510' title='bbox 2735 3555 2828 3607; x_wconf 73' lang='grc' dir='ltr'><strong>καὶ</strong></span> <span class='ocrx_word' id='word_1_511' title='bbox 2881 3556 3189 3626; x_wconf 61' lang='grc' dir='ltr'>ἀμωμήτου</span> <span class='ocrx_word' id='word_1_512' title='bbox 3236 3553 3398 3624; x_wconf 82' lang='grc' dir='ltr'>ἡμῶν</span> <span class='ocrx_word' id='word_1_513' title='bbox 3433 3552 3672 3611; x_wconf 76' lang='grc' dir='ltr'>πίστεως</span> 
     </span>
    </p>
   </div>
   <div class='ocr_carea' id='block_1_44' title="bbox 409 3638 2015 3711">
    <p class='ocr_par' dir='ltr' id='par_1_44' title="bbox 409 3638 2013 3711">
     <span class='ocr_line' id='line_1_44' title="bbox 409 3638 2013 3711; baseline -0.001 -17"><span class='ocrx_word' id='word_1_514' title='bbox 409 3642 514 3696; x_wconf 87' lang='grc' dir='ltr'><strong>τῶν</strong></span> <span class='ocrx_word' id='word_1_515' title='bbox 544 3641 882 3711; x_wconf 79' lang='grc' dir='ltr'>Χριστιανῶν</span> <span class='ocrx_word' id='word_1_516' title='bbox 925 3639 1070 3693; x_wconf 88' lang='grc' dir='ltr'>θεῖον</span> <span class='ocrx_word' id='word_1_517' title='bbox 1124 3643 1220 3693; x_wconf 75' lang='grc' dir='ltr'>καὶ</span> <span class='ocrx_word' id='word_1_518' title='bbox 1258 3642 1402 3711; x_wconf 76' lang='grc' dir='ltr'>ἱερὸν</span> <span class='ocrx_word' id='word_1_519' title='bbox 1433 3641 1734 3711; x_wconf 69' lang='grc' dir='ltr'>Σύμϐολον.</span> <span class='ocrx_word' id='word_1_520' title='bbox 1766 3638 2013 3708; x_wconf 65' lang='lat' dir='ltr'><strong>Expositi</strong></span> 
     </span>
    </p>
   </div>
   <div class='ocr_carea' id='block_1_45' title="bbox 2061 3638 3667 3711">
    <p class='ocr_par' dir='ltr' id='par_1_45' title="bbox 2073 3640 3667 3709">
     <span class='ocr_line' id='line_1_45' title="bbox 2073 3640 3667 3709; baseline -0.003 -15"><span class='ocrx_word' id='word_1_521' title='bbox 2073 3641 2468 3706; x_wconf 79' lang='lat' dir='ltr'><strong>conpendiosa,</strong></span> <span class='ocrx_word' id='word_1_522' title='bbox 2504 3643 2580 3694; x_wconf 85' lang='lat' dir='ltr'><strong>uti</strong></span> <span class='ocrx_word' id='word_1_523' title='bbox 2613 3645 2808 3709; x_wconf 85' lang='lat' dir='ltr'><strong>potuit,</strong></span> <span class='ocrx_word' id='word_1_524' title='bbox 2845 3645 2901 3696; x_wconf 87' lang='lat' dir='ltr'><strong>in</strong></span> <span class='ocrx_word' id='word_1_525' title='bbox 2933 3646 3244 3698; x_wconf 63' lang='lat' dir='ltr'><strong>orthodoxa:</strong></span> <span class='ocrx_word' id='word_1_526' title='bbox 3291 3654 3342 3696; x_wconf 87' lang='lat' dir='ltr'><strong>et</strong></span> <span class='ocrx_word' id='word_1_527' title='bbox 3375 3640 3667 3707; x_wconf 72' lang='lat' dir='ltr'><strong>inculpatte</strong></span> 
     </span>
    </p>
   </div>
   <div class='ocr_carea' id='block_1_46' title="bbox 417 3727 2023 3802">
    <p class='ocr_par' dir='ltr' id='par_1_46' title="bbox 417 3727 2023 3800">
     <span class='ocr_line' id='line_1_46' title="bbox 417 3727 2023 3800; baseline -0.004 -14"><span class='ocrx_word' id='word_1_528' title='bbox 417 3739 609 3786; x_wconf 65' lang='lat' dir='ltr'><strong>nostrae</strong></span> <span class='ocrx_word' id='word_1_529' title='bbox 653 3730 779 3800; x_wconf 77' lang='lat' dir='ltr'><strong>ﬁdei</strong></span> <span class='ocrx_word' id='word_1_530' title='bbox 816 3727 1244 3784; x_wconf 85' lang='lat' dir='ltr'><strong>Christianorum</strong></span> <span class='ocrx_word' id='word_1_531' title='bbox 1278 3741 1679 3784; x_wconf 82' lang='lat' dir='ltr'><strong>sacrosanctum</strong></span> <span class='ocrx_word' id='word_1_532' title='bbox 1731 3727 2023 3797; x_wconf 85' lang='lat' dir='ltr'><strong>Symbolun</strong></span> 
     </span>
    </p>
   </div>
   <div class='ocr_carea' id='block_1_47' title="bbox 2055 3727 3661 3802">
    <p class='ocr_par' dir='ltr' id='par_1_47' title="bbox 2055 3728 3661 3802">
     <span class='ocr_line' id='line_1_47' title="bbox 2055 3728 3661 3802; baseline -0.004 -17"><span class='ocrx_word' id='word_1_533' title='bbox 2055 3769 2065 3785; x_wconf 89' lang='lat'><strong>.</strong></span> <span class='ocrx_word' id='word_1_534' title='bbox 2100 3728 2164 3784; x_wconf 80' lang='grc' dir='ltr'>Ρ.</span> <span class='ocrx_word' id='word_1_535' title='bbox 2189 3731 2327 3797; x_wconf 73' lang='grc' dir='ltr'>Περὶ</span> <span class='ocrx_word' id='word_1_536' title='bbox 2362 3729 2454 3783; x_wconf 78' lang='grc' dir='ltr'>τοῦ</span> <span class='ocrx_word' id='word_1_537' title='bbox 2489 3731 2784 3802; x_wconf 76' lang='grc' dir='ltr'>ἱερωτάτου</span> <span class='ocrx_word' id='word_1_538' title='bbox 2819 3733 3101 3802; x_wconf 76' lang='grc' dir='ltr'>Συμϐόλου</span> <span class='ocrx_word' id='word_1_539' title='bbox 3132 3733 3231 3802; x_wconf 80' lang='grc' dir='ltr'><strong>τῆς</strong></span> <span class='ocrx_word' id='word_1_540' title='bbox 3283 3730 3520 3801; x_wconf 76' lang='grc' dir='ltr'><strong>ἀληθοῦς</strong></span> <span class='ocrx_word' id='word_1_541' title='bbox 3567 3730 3661 3779; x_wconf 75' lang='grc' dir='ltr'><strong>καὶ</strong></span> 
     </span>
    </p>
   </div>
   <div class='ocr_carea' id='block_1_48' title="bbox 422 3817 2028 3891">
    <p class='ocr_par' dir='ltr' id='par_1_48' title="bbox 422 3818 2028 3891">
     <span class='ocr_line' id='line_1_48' title="bbox 422 3818 2028 3891; baseline -0.004 -15"><span class='ocrx_word' id='word_1_542' title='bbox 422 3823 577 3891; x_wconf 80' lang='grc' dir='ltr'>μόνης</span> <span class='ocrx_word' id='word_1_543' title='bbox 603 3821 714 3875; x_wconf 86' lang='grc' dir='ltr'><strong>τῶν</strong></span> <span class='ocrx_word' id='word_1_544' title='bbox 746 3820 1085 3890; x_wconf 80' lang='grc' dir='ltr'>Χριστιανῶν</span> <span class='ocrx_word' id='word_1_545' title='bbox 1108 3819 1264 3890; x_wconf 81' lang='grc' dir='ltr'>ἡμῶν</span> <span class='ocrx_word' id='word_1_546' title='bbox 1295 3820 1554 3884; x_wconf 78' lang='grc' dir='ltr'>πίστεως.</span> <span class='ocrx_word' id='word_1_547' title='bbox 1614 3818 1855 3888; x_wconf 72' lang='lat' dir='ltr'><strong>Mosqute</strong></span> <span class='ocrx_word' id='word_1_548' title='bbox 1884 3819 1938 3873; x_wconf 91' lang='lat' dir='ltr'><strong>in</strong></span> <span class='ocrx_word' id='word_1_549' title='bbox 1977 3832 2028 3873; x_wconf 87' lang='lat' dir='ltr'><strong>cc</strong></span> 
     </span>
    </p>
   </div>
   <div class='ocr_carea' id='block_1_49' title="bbox 2065 3817 3671 3891">
    <p class='ocr_par' dir='ltr' id='par_1_49' title="bbox 2065 3817 3671 3889">
     <span class='ocr_line' id='line_1_49' title="bbox 2065 3817 3671 3889; baseline 0 -20"><span class='ocrx_word' id='word_1_550' title='bbox 2065 3819 2098 3871; x_wconf 91' lang='lat' dir='ltr'><strong>I.</strong></span> <span class='ocrx_word' id='word_1_551' title='bbox 2137 3818 2446 3889; x_wconf 85' lang='lat' dir='ltr'><strong>synod.81,</strong></span> <span class='ocrx_word' id='word_1_552' title='bbox 2473 3819 2525 3872; x_wconf 92' lang='lat'><strong>8.</strong></span> <span class='ocrx_word' id='word_1_553' title='bbox 2564 3817 2627 3872; x_wconf 74' lang='grc' dir='ltr'>ν.</span> <span class='ocrx_word' id='word_1_554' title='bbox 2672 3818 2910 3873; x_wconf 78' lang='lat' dir='ltr'><strong>Matthtei</strong></span> <span class='ocrx_word' id='word_1_555' title='bbox 2940 3820 3107 3873; x_wconf 77' lang='lat' dir='ltr'><strong>Notit.</strong></span> <span class='ocrx_word' id='word_1_556' title='bbox 3138 3820 3301 3873; x_wconf 85' lang='lat' dir='ltr'><strong>codd.</strong></span> <span class='ocrx_word' id='word_1_557' title='bbox 3344 3818 3442 3876; x_wconf 88' lang='lat' dir='ltr'><strong>Gr.</strong></span> <span class='ocrx_word' id='word_1_558' title='bbox 3499 3818 3671 3884; x_wconf 74' lang='lat' dir='ltr'><strong>illosq.</strong></span> 
     </span>
    </p>
   </div>
   <div class='ocr_carea' id='block_1_50' title="bbox 419 3905 3362 3981">
    <p class='ocr_par' dir='ltr' id='par_1_50' title="bbox 419 3905 3362 3981">
     <span class='ocr_line' id='line_1_50' title="bbox 419 3905 3362 3981; baseline -0.003 -14"><span class='ocrx_word' id='word_1_559' title='bbox 419 3928 467 3980; x_wconf 85' lang='lat' dir='ltr'><strong>p.</strong></span> <span class='ocrx_word' id='word_1_560' title='bbox 504 3911 564 3965; x_wconf 83' lang='grc'>61</span> <span class='ocrx_word' id='word_1_561' title='bbox 589 3951 602 3974; x_wconf 91' lang='grc'><strong>,</strong></span> <span class='ocrx_word' id='word_1_562' title='bbox 633 3921 690 3965; x_wconf 84' lang='lat' dir='ltr'><strong>et</strong></span> <span class='ocrx_word' id='word_1_563' title='bbox 733 3926 783 3980; x_wconf 88' lang='lat' dir='ltr'><strong>p.</strong></span> <span class='ocrx_word' id='word_1_564' title='bbox 814 3909 940 3974; x_wconf 80' lang='grc'>521,</span> <span class='ocrx_word' id='word_1_565' title='bbox 982 3910 1040 3963; x_wconf 87' lang='lat' dir='ltr'><strong>in</strong></span> <span class='ocrx_word' id='word_1_566' title='bbox 1087 3908 1213 3964; x_wconf 90' lang='lat' dir='ltr'><strong>cod.</strong></span> <span class='ocrx_word' id='word_1_567' title='bbox 1259 3907 1352 3974; x_wconf 74' lang='lat'><strong>39,</strong></span> <span class='ocrx_word' id='word_1_568' title='bbox 1394 3909 1450 3963; x_wconf 91' lang='lat' dir='ltr'><strong>in</strong></span> <span class='ocrx_word' id='word_1_569' title='bbox 1479 3923 1590 3981; x_wconf 89' lang='lat' dir='ltr'><strong>quo</strong></span> <span class='ocrx_word' id='word_1_570' title='bbox 1625 3910 1789 3964; x_wconf 85' lang='lat' dir='ltr'><strong>etiam</strong></span> <span class='ocrx_word' id='word_1_571' title='bbox 1825 3916 1954 3963; x_wconf 88' lang='lat' dir='ltr'><strong>sunt</strong></span> <span class='ocrx_word' id='word_1_572' title='bbox 1985 3921 2224 3975; x_wconf 75' lang='lat' dir='ltr'><strong>sequens</strong></span> <span class='ocrx_word' id='word_1_573' title='bbox 2260 3921 2424 3976; x_wconf 86' lang='lat' dir='ltr'><strong>Opus,</strong></span> <span class='ocrx_word' id='word_1_574' title='bbox 2466 3918 2518 3961; x_wconf 87' lang='lat' dir='ltr'><strong>et</strong></span> <span class='ocrx_word' id='word_1_575' title='bbox 2559 3905 2631 3960; x_wconf 90' lang='lat' dir='ltr'><strong>De</strong></span> <span class='ocrx_word' id='word_1_576' title='bbox 2660 3908 2905 3961; x_wconf 85' lang='lat' dir='ltr'><strong>articulis</strong></span> <span class='ocrx_word' id='word_1_577' title='bbox 2937 3907 3083 3976; x_wconf 82' lang='lat' dir='ltr'><strong>ﬁdei.</strong></span> <span class='ocrx_word' id='word_1_578' title='bbox 3125 3905 3362 3978; x_wconf 74' lang='lat' dir='ltr'><strong>(Harl.)]</strong></span> 
     </span>
    </p>
   </div>
   <div class='ocr_carea' id='block_1_51' title="bbox 481 4022 3675 4097">
    <p class='ocr_par' dir='ltr' id='par_1_51' title="bbox 481 4022 3675 4097">
     <span class='ocr_line' id='line_1_51' title="bbox 481 4022 3675 4097; baseline -0.003 -13"><span class='ocrx_word' id='word_1_579' title='bbox 481 4029 534 4084; x_wconf 88' lang='lat'><strong>5.</strong></span> <span class='ocrx_word' id='word_1_580' title='bbox 573 4028 681 4082; x_wconf 73' lang='grc' dir='ltr'><strong>Τοῦ</strong></span> <span class='ocrx_word' id='word_1_581' title='bbox 705 4027 870 4082; x_wconf 80' lang='grc' dir='ltr'>αὐτοῦ</span> <span class='ocrx_word' id='word_1_582' title='bbox 909 4028 1171 4094; x_wconf 76' lang='grc' dir='ltr'>Ἔκθεσις</span> <span class='ocrx_word' id='word_1_583' title='bbox 1205 4027 1611 4097; x_wconf 84' lang='grc' dir='ltr'>ἀναγκαιοτάτη</span> <span class='ocrx_word' id='word_1_584' title='bbox 1641 4025 1771 4097; x_wconf 79' lang='grc' dir='ltr'>περὶ</span> <span class='ocrx_word' id='word_1_585' title='bbox 1801 4023 1908 4078; x_wconf 91' lang='grc' dir='ltr'><strong>τῶν</strong></span> <span class='ocrx_word' id='word_1_586' title='bbox 1939 4023 2034 4077; x_wconf 83' lang='grc' dir='ltr'>τοῦ</span> <span class='ocrx_word' id='word_1_587' title='bbox 2069 4022 2218 4092; x_wconf 80' lang='grc' dir='ltr'>ἱεροῦ</span> <span class='ocrx_word' id='word_1_588' title='bbox 2251 4022 2532 4092; x_wconf 78' lang='grc' dir='ltr'>Συμϐόλου</span> <span class='ocrx_word' id='word_1_589' title='bbox 2567 4024 2800 4094; x_wconf 78' lang='grc' dir='ltr'><strong>ῥήσεων,</strong></span> <span class='ocrx_word' id='word_1_590' title='bbox 2821 4024 2944 4078; x_wconf 72' lang='grc' dir='ltr'>ὅθεν</span> <span class='ocrx_word' id='word_1_591' title='bbox 2982 4024 3372 4095; x_wconf 76' lang='grc' dir='ltr'>συνελέγησαν,</span> <span class='ocrx_word' id='word_1_592' title='bbox 3404 4022 3499 4076; x_wconf 75' lang='grc' dir='ltr'>καὶ</span> <span class='ocrx_word' id='word_1_593' title='bbox 3534 4023 3675 4075; x_wconf 72' lang='grc' dir='ltr'>κατὰ</span> 
     </span>
    </p>
   </div>
   <div class='ocr_carea' id='block_1_52' title="bbox 412 4107 2018 4186">
    <p class='ocr_par' dir='ltr' id='par_1_52' title="bbox 412 4115 2018 4186">
     <span class='ocr_line' id='line_1_52' title="bbox 412 4115 2018 4186; baseline -0.001 -18"><span class='ocrx_word' id='word_1_594' title='bbox 412 4117 568 4170; x_wconf 81' lang='grc' dir='ltr'>τινων</span> <span class='ocrx_word' id='word_1_595' title='bbox 598 4117 759 4170; x_wconf 81' lang='grc' dir='ltr'>αὗται</span> <span class='ocrx_word' id='word_1_596' title='bbox 790 4118 1142 4186; x_wconf 76' lang='grc' dir='ltr'>συγκείμεναξ</span> <span class='ocrx_word' id='word_1_597' title='bbox 1168 4119 1296 4172; x_wconf 78' lang='grc' dir='ltr'>εἰσι.</span> <span class='ocrx_word' id='word_1_598' title='bbox 1328 4115 1607 4186; x_wconf 64' lang='lat' dir='ltr'><strong>Expositio</strong></span> <span class='ocrx_word' id='word_1_599' title='bbox 1642 4129 1896 4184; x_wconf 83' lang='lat' dir='ltr'><strong>perquam</strong></span> <span class='ocrx_word' id='word_1_600' title='bbox 1959 4128 2018 4166; x_wconf 86' lang='lat' dir='ltr'><strong>ne</strong></span> 
     </span>
    </p>
   </div>
   <div class='ocr_carea' id='block_1_53' title="bbox 2069 4107 3675 4186">
    <p class='ocr_par' dir='ltr' id='par_1_53' title="bbox 2069 4107 3675 4184">
     <span class='ocr_line' id='line_1_53' title="bbox 2069 4107 3675 4184; baseline -0.001 -18"><span class='ocrx_word' id='word_1_601' title='bbox 2069 4113 2261 4167; x_wconf 74' lang='lat' dir='ltr'><strong>:ssaria</strong></span> <span class='ocrx_word' id='word_1_602' title='bbox 2308 4114 2693 4168; x_wconf 82' lang='lat' dir='ltr'><strong>sententiarum</strong></span> <span class='ocrx_word' id='word_1_603' title='bbox 2746 4116 2890 4169; x_wconf 83' lang='lat' dir='ltr'><strong>sacri</strong></span> <span class='ocrx_word' id='word_1_604' title='bbox 2944 4107 3208 4184; x_wconf 73' lang='lat' dir='ltr'><strong>Symboli,</strong></span> <span class='ocrx_word' id='word_1_605' title='bbox 3243 4116 3383 4167; x_wconf 86' lang='lat' dir='ltr'><strong>unde</strong></span> <span class='ocrx_word' id='word_1_606' title='bbox 3439 4112 3675 4166; x_wconf 73' lang='lat' dir='ltr'><strong>collecta:</strong></span> 
     </span>
    </p>
   </div>
   <div class='ocr_carea' id='block_1_54' title="bbox 414 4201 2020 4275">
    <p class='ocr_par' dir='ltr' id='par_1_54' title="bbox 414 4203 2020 4275">
     <span class='ocr_line' id='line_1_54' title="bbox 414 4203 2020 4275; baseline -0.002 -17"><span class='ocrx_word' id='word_1_607' title='bbox 414 4216 553 4266; x_wconf 84' lang='lat' dir='ltr'><strong>sunt,</strong></span> <span class='ocrx_word' id='word_1_608' title='bbox 575 4215 623 4259; x_wconf 79' lang='lat' dir='ltr'><strong>et</strong></span> <span class='ocrx_word' id='word_1_609' title='bbox 661 4205 906 4260; x_wconf 80' lang='lat' dir='ltr'><strong>adversus</strong></span> <span class='ocrx_word' id='word_1_610' title='bbox 936 4222 1062 4275; x_wconf 83' lang='lat' dir='ltr'><strong>quos</strong></span> <span class='ocrx_word' id='word_1_611' title='bbox 1089 4206 1330 4260; x_wconf 68' lang='lat' dir='ltr'><strong>dictataz.</strong></span> <span class='ocrx_word' id='word_1_612' title='bbox 1356 4205 1417 4260; x_wconf 85' lang='grc' dir='ltr'><strong>Ρ.</strong></span> <span class='ocrx_word' id='word_1_613' title='bbox 1445 4205 1628 4259; x_wconf 81' lang='grc' dir='ltr'>Καλὸν</span> <span class='ocrx_word' id='word_1_614' title='bbox 1658 4203 1936 4268; x_wconf 76' lang='grc' dir='ltr'>ἐκθέσθαι,</span> <span class='ocrx_word' id='word_1_615' title='bbox 1969 4221 2020 4255; x_wconf 76' lang='lat' dir='ltr'><strong>uc</strong></span> 
     </span>
    </p>
   </div>
   <div class='ocr_carea' id='block_1_55' title="bbox 2072 4201 3678 4275">
    <p class='ocr_par' dir='ltr' id='par_1_55' title="bbox 2091 4201 3678 4274">
     <span class='ocr_line' id='line_1_55' title="bbox 2091 4201 3678 4274; baseline -0.001 -19"><span class='ocrx_word' id='word_1_616' title='bbox 2091 4201 2214 4255; x_wconf 85' lang='grc' dir='ltr'>ὅθεν</span> <span class='ocrx_word' id='word_1_617' title='bbox 2241 4202 2300 4254; x_wconf 83' lang='grc' dir='ltr'><strong>τὸ</strong></span> <span class='ocrx_word' id='word_1_618' title='bbox 2330 4203 2626 4274; x_wconf 76' lang='grc' dir='ltr'>ἱερώτατον</span> <span class='ocrx_word' id='word_1_619' title='bbox 2654 4205 2808 4274; x_wconf 72' lang='grc' dir='ltr'>παρὰ</span> <span class='ocrx_word' id='word_1_620' title='bbox 2840 4204 2948 4257; x_wconf 90' lang='grc' dir='ltr'><strong>τῶν</strong></span> <span class='ocrx_word' id='word_1_621' title='bbox 2975 4204 3138 4258; x_wconf 86' lang='grc' dir='ltr'>θείων</span> <span class='ocrx_word' id='word_1_622' title='bbox 3172 4203 3435 4274; x_wconf 84' lang='grc' dir='ltr'>Πατέρων</span> <span class='ocrx_word' id='word_1_623' title='bbox 3461 4204 3678 4254; x_wconf 75' lang='grc' dir='ltr'>συνετέ-</span> 
     </span>
    </p>
   </div>
   <div class='ocr_carea' id='block_1_56' title="bbox 412 4289 2018 4366">
    <p class='ocr_par' dir='ltr' id='par_1_56' title="bbox 412 4290 2012 4366">
     <span class='ocr_line' id='line_1_56' title="bbox 412 4290 2012 4366; baseline 0.001 -22"><span class='ocrx_word' id='word_1_624' title='bbox 412 4292 478 4362; x_wconf 84' lang='grc' dir='ltr'>θη</span> <span class='ocrx_word' id='word_1_625' title='bbox 505 4291 799 4363; x_wconf 78' lang='grc' dir='ltr'>Σύμϐολον.</span> <span class='ocrx_word' id='word_1_626' title='bbox 832 4292 1053 4366; x_wconf 78' lang='lat' dir='ltr'><strong>(Fabr.)</strong></span> <span class='ocrx_word' id='word_1_627' title='bbox 1080 4293 1322 4364; x_wconf 79' lang='lat' dir='ltr'><strong>Mosquae</strong></span> <span class='ocrx_word' id='word_1_628' title='bbox 1350 4293 1404 4348; x_wconf 90' lang='lat' dir='ltr'><strong>in</strong></span> <span class='ocrx_word' id='word_1_629' title='bbox 1431 4293 1552 4349; x_wconf 87' lang='lat' dir='ltr'><strong>cod.</strong></span> <span class='ocrx_word' id='word_1_630' title='bbox 1586 4292 1781 4362; x_wconf 82' lang='lat' dir='ltr'><strong>synod.</strong></span> <span class='ocrx_word' id='word_1_631' title='bbox 1816 4290 1944 4354; x_wconf 87' lang='lat'><strong>279,</strong></span> <span class='ocrx_word' id='word_1_632' title='bbox 1979 4291 2012 4345; x_wconf 86' lang='lat'><strong>8</strong></span> 
     </span>
    </p>
   </div>
   <div class='ocr_carea' id='block_1_57' title="bbox 1430 4289 3036 4366">
    <p class='ocr_par' dir='ltr' id='par_1_57' title="bbox 1431 4289 3036 4364">
     <span class='ocr_line' id='line_1_57' title="bbox 1431 4289 3036 4364; baseline 0.001 -15"><span class='ocrx_word' id='word_1_633' title='bbox 1431 4293 1552 4349; x_wconf 87' lang='lat' dir='ltr'><strong>cod.</strong></span> <span class='ocrx_word' id='word_1_634' title='bbox 1586 4292 1781 4362; x_wconf 79' lang='lat' dir='ltr'><strong>synod.</strong></span> <span class='ocrx_word' id='word_1_635' title='bbox 1816 4290 1944 4354; x_wconf 74' lang='lat'><strong>279,</strong></span> <span class='ocrx_word' id='word_1_636' title='bbox 1979 4291 2034 4345; x_wconf 84' lang='lat'><strong>8.</strong></span> <span class='ocrx_word' id='word_1_637' title='bbox 2072 4290 2130 4344; x_wconf 83' lang='lat' dir='ltr'><strong>V.</strong></span> <span class='ocrx_word' id='word_1_638' title='bbox 2159 4289 2400 4348; x_wconf 52' lang='lat' dir='ltr'><strong>Matthxi</strong></span> <span class='ocrx_word' id='word_1_639' title='bbox 2431 4293 2468 4347; x_wconf 92' lang='grc'>1.</span> <span class='ocrx_word' id='word_1_640' title='bbox 2498 4309 2547 4349; x_wconf 89' lang='lat' dir='ltr'><strong>c.</strong></span> <span class='ocrx_word' id='word_1_641' title='bbox 2579 4309 2634 4364; x_wconf 80' lang='grc' dir='ltr'><strong>ι).</strong></span> <span class='ocrx_word' id='word_1_642' title='bbox 2667 4293 2793 4348; x_wconf 84' lang='grc'>180.</span> <span class='ocrx_word' id='word_1_643' title='bbox 2827 4292 3036 4364; x_wconf 77' lang='grc' dir='ltr'><strong>(Πανι.)</strong></span> 
     </span>
    </p>
   </div>
   <div class='ocr_carea' id='block_1_58' title="bbox 481 4403 3678 4476">
    <p class='ocr_par' dir='ltr' id='par_1_58' title="bbox 481 4403 3678 4476">
     <span class='ocr_line' id='line_1_58' title="bbox 481 4403 3678 4476; baseline 0 -19"><span class='ocrx_word' id='word_1_644' title='bbox 481 4405 536 4457; x_wconf 86' lang='grc'><strong>6.</strong></span> <span class='ocrx_word' id='word_1_645' title='bbox 568 4403 920 4473; x_wconf 76' lang='grc' dir='ltr'>Περιεκτικᾰ,</span> <span class='ocrx_word' id='word_1_646' title='bbox 955 4405 1031 4468; x_wconf 86' lang='grc' dir='ltr'>ὡς</span> <span class='ocrx_word' id='word_1_647' title='bbox 1060 4405 1306 4469; x_wconf 84' lang='grc' dir='ltr'>δυνατὸν,</span> <span class='ocrx_word' id='word_1_648' title='bbox 1359 4405 1462 4474; x_wconf 78' lang='grc' dir='ltr'><strong>τῆς</strong></span> <span class='ocrx_word' id='word_1_649' title='bbox 1506 4403 1678 4474; x_wconf 84' lang='grc' dir='ltr'>μόνης</span> <span class='ocrx_word' id='word_1_650' title='bbox 1718 4403 1831 4457; x_wconf 83' lang='grc' dir='ltr'><strong>τῶν</strong></span> <span class='ocrx_word' id='word_1_651' title='bbox 1880 4403 2230 4472; x_wconf 79' lang='grc' dir='ltr'>Χριστιανῶν</span> <span class='ocrx_word' id='word_1_652' title='bbox 2271 4405 2429 4475; x_wconf 82' lang='grc' dir='ltr'>ἡμῶν</span> <span class='ocrx_word' id='word_1_653' title='bbox 2466 4407 2704 4469; x_wconf 76' lang='grc' dir='ltr'>πίστεως</span> <span class='ocrx_word' id='word_1_654' title='bbox 2741 4406 3018 4476; x_wconf 72' lang='grc' dir='ltr'>κεφάλαια</span> <span class='ocrx_word' id='word_1_655' title='bbox 3064 4403 3296 4468; x_wconf 79' lang='grc' dir='ltr'>δώδεκα,</span> <span class='ocrx_word' id='word_1_656' title='bbox 3353 4405 3496 4474; x_wconf 84' lang='grc' dir='ltr'>ᾶπερ</span> <span class='ocrx_word' id='word_1_657' title='bbox 3533 4404 3678 4466; x_wconf 82' lang='grc' dir='ltr'>τινὲς</span> 
     </span>
    </p>
   </div>
   <div class='ocr_carea' id='block_1_59' title="bbox 413 4492 3681 4565">
    <p class='ocr_par' dir='ltr' id='par_1_59' title="bbox 413 4492 3681 4565">
     <span class='ocr_line' id='line_1_59' title="bbox 413 4492 3681 4565; baseline -0 -19"><span class='ocrx_word' id='word_1_658' title='bbox 413 4493 591 4564; x_wconf 82' lang='grc' dir='ltr'>ἄρθρα</span> <span class='ocrx_word' id='word_1_659' title='bbox 618 4493 841 4548; x_wconf 79' lang='grc' dir='ltr'>καλοῦσι</span> <span class='ocrx_word' id='word_1_660' title='bbox 874 4496 970 4560; x_wconf 84' lang='grc' dir='ltr'><strong>τῆς</strong></span> <span class='ocrx_word' id='word_1_661' title='bbox 997 4495 1258 4558; x_wconf 74' lang='grc' dir='ltr'>πίστεως,</span> <span class='ocrx_word' id='word_1_662' title='bbox 1293 4493 1632 4563; x_wconf 79' lang='grc' dir='ltr'>σαφέστερον</span> <span class='ocrx_word' id='word_1_663' title='bbox 1664 4493 1994 4546; x_wconf 80' lang='grc' dir='ltr'>συντεθέντα</span> <span class='ocrx_word' id='word_1_664' title='bbox 2023 4493 2173 4562; x_wconf 77' lang='grc' dir='ltr'>παρὰ</span> <span class='ocrx_word' id='word_1_665' title='bbox 2204 4493 2299 4545; x_wconf 80' lang='grc' dir='ltr'>τοῦ</span> <span class='ocrx_word' id='word_1_666' title='bbox 2354 4495 2794 4564; x_wconf 82' lang='grc' dir='ltr'>ἀρχιεπισκόπου</span> <span class='ocrx_word' id='word_1_667' title='bbox 2845 4494 3253 4565; x_wconf 77' lang='grc' dir='ltr'>Θεσσαλονὲκης</span> <span class='ocrx_word' id='word_1_668' title='bbox 3300 4492 3550 4562; x_wconf 80' lang='grc' dir='ltr'>Συμεὼν,</span> <span class='ocrx_word' id='word_1_669' title='bbox 3591 4494 3681 4546; x_wconf 74' lang='grc' dir='ltr'>καὶ</span> 
     </span>
    </p>
   </div>
   <div class='ocr_carea' id='block_1_60' title="bbox 411 4581 2017 4654">
    <p class='ocr_par' dir='ltr' id='par_1_60' title="bbox 411 4582 2017 4654">
     <span class='ocr_line' id='line_1_60' title="bbox 411 4582 2017 4654; baseline -0.002 -19"><span class='ocrx_word' id='word_1_670' title='bbox 411 4583 493 4635; x_wconf 81' lang='grc' dir='ltr'>δτι</span> <span class='ocrx_word' id='word_1_671' title='bbox 521 4582 692 4635; x_wconf 78' lang='grc' dir='ltr'>ταῦτα</span> <span class='ocrx_word' id='word_1_672' title='bbox 721 4583 964 4654; x_wconf 74' lang='grc' dir='ltr'>περιέχει</span> <span class='ocrx_word' id='word_1_673' title='bbox 990 4583 1050 4636; x_wconf 75' lang='grc' dir='ltr'><strong>τὸ</strong></span> <span class='ocrx_word' id='word_1_674' title='bbox 1078 4583 1222 4636; x_wconf 74' lang='grc' dir='ltr'>θεῖον</span> <span class='ocrx_word' id='word_1_675' title='bbox 1251 4582 1549 4652; x_wconf 75' lang='grc' dir='ltr'>Σύμὸολον,</span> <span class='ocrx_word' id='word_1_676' title='bbox 1584 4583 1679 4635; x_wconf 75' lang='grc' dir='ltr'><strong>καὶ</strong></span> <span class='ocrx_word' id='word_1_677' title='bbox 1713 4583 1842 4652; x_wconf 73' lang='grc' dir='ltr'>περὶ</span> <span class='ocrx_word' id='word_1_678' title='bbox 1868 4582 1976 4633; x_wconf 90' lang='grc' dir='ltr'><strong>τῶν</strong></span> <span class='ocrx_word' id='word_1_679' title='bbox 2008 4599 2017 4630; x_wconf 66' lang='grc' dir='ltr'><strong>ε</strong></span> 
     </span>
    </p>
   </div>
   <div class='ocr_carea' id='block_1_61' title="bbox 2071 4581 3677 4654">
    <p class='ocr_par' dir='ltr' id='par_1_61' title="bbox 2071 4581 3677 4653">
     <span class='ocr_line' id='line_1_61' title="bbox 2071 4581 3677 4653; baseline -0.001 -20"><span class='ocrx_word' id='word_1_680' title='bbox 2071 4581 2636 4653; x_wconf 71' lang='grc' dir='ltr'>εριεκτικῶνὰρετῶν.</span> <span class='ocrx_word' id='word_1_681' title='bbox 2668 4581 3029 4645; x_wconf 84' lang='lat' dir='ltr'><strong>Continentia,</strong></span> <span class='ocrx_word' id='word_1_682' title='bbox 3057 4591 3112 4633; x_wconf 88' lang='lat' dir='ltr'><strong>nt</strong></span> <span class='ocrx_word' id='word_1_683' title='bbox 3135 4581 3254 4648; x_wconf 77' lang='lat' dir='ltr'><strong>ﬁeri</strong></span> <span class='ocrx_word' id='word_1_684' title='bbox 3284 4584 3479 4649; x_wconf 87' lang='lat' dir='ltr'><strong>potuit,</strong></span> <span class='ocrx_word' id='word_1_685' title='bbox 3510 4582 3677 4635; x_wconf 85' lang='lat' dir='ltr'><strong>solam</strong></span> 
     </span>
    </p>
   </div>
   <div class='ocr_carea' id='block_1_62' title="bbox 413 4669 3681 4742">
    <p class='ocr_par' dir='ltr' id='par_1_62' title="bbox 413 4669 3681 4742">
     <span class='ocr_line' id='line_1_62' title="bbox 413 4669 3681 4742; baseline -0.001 -17"><span class='ocrx_word' id='word_1_686' title='bbox 413 4671 826 4726; x_wconf 81' lang='lat' dir='ltr'><strong>Christianorum</strong></span> <span class='ocrx_word' id='word_1_687' title='bbox 843 4673 997 4742; x_wconf 79' lang='lat' dir='ltr'><strong>ﬁdem</strong></span> <span class='ocrx_word' id='word_1_688' title='bbox 1018 4673 1195 4740; x_wconf 88' lang='lat' dir='ltr'><strong>capita</strong></span> <span class='ocrx_word' id='word_1_689' title='bbox 1210 4670 1505 4735; x_wconf 86' lang='lat' dir='ltr'><strong>duodecim,</strong></span> <span class='ocrx_word' id='word_1_690' title='bbox 1525 4686 1644 4740; x_wconf 70' lang='lat' dir='ltr'><strong>quae</strong></span> <span class='ocrx_word' id='word_1_691' title='bbox 1665 4669 1905 4724; x_wconf 88' lang='lat' dir='ltr'><strong>nonnulli</strong></span> <span class='ocrx_word' id='word_1_692' title='bbox 1928 4672 2178 4726; x_wconf 83' lang='lat' dir='ltr'><strong>articulos</strong></span> <span class='ocrx_word' id='word_1_693' title='bbox 2196 4672 2321 4742; x_wconf 82' lang='lat' dir='ltr'><strong>ﬁdei</strong></span> <span class='ocrx_word' id='word_1_694' title='bbox 2339 4681 2668 4742; x_wconf 87' lang='lat' dir='ltr'><strong>nuncupant,</strong></span> <span class='ocrx_word' id='word_1_695' title='bbox 2689 4673 2886 4726; x_wconf 87' lang='lat' dir='ltr'><strong>clarius</strong></span> <span class='ocrx_word' id='word_1_696' title='bbox 2904 4672 3172 4726; x_wconf 84' lang='lat' dir='ltr'><strong>elucidata</strong></span> <span class='ocrx_word' id='word_1_697' title='bbox 3197 4672 3262 4725; x_wconf 86' lang='lat' dir='ltr'><strong>ab</strong></span> <span class='ocrx_word' id='word_1_698' title='bbox 3286 4672 3681 4740; x_wconf 84' lang='lat' dir='ltr'><strong>archiepiscopo</strong></span> 
     </span>
    </p>
   </div>
   <div class='ocr_carea' id='block_1_63' title="bbox 414 4759 3683 4832">
    <p class='ocr_par' dir='ltr' id='par_1_63' title="bbox 414 4759 3683 4832">
     <span class='ocr_line' id='line_1_63' title="bbox 414 4759 3683 4832; baseline -0.001 -20"><span class='ocrx_word' id='word_1_699' title='bbox 414 4759 856 4814; x_wconf 76' lang='lat' dir='ltr'><strong>Thcssalonicensi</strong></span> <span class='ocrx_word' id='word_1_700' title='bbox 879 4760 1164 4832; x_wconf 80' lang='lat' dir='ltr'><strong>Symeone;</strong></span> <span class='ocrx_word' id='word_1_701' title='bbox 1192 4776 1355 4831; x_wconf 83' lang='lat' dir='ltr'><strong>eaque</strong></span> <span class='ocrx_word' id='word_1_702' title='bbox 1381 4759 1817 4830; x_wconf 82' lang='lat' dir='ltr'><strong>comprehendere</strong></span> <span class='ocrx_word' id='word_1_703' title='bbox 1835 4776 2045 4814; x_wconf 84' lang='lat' dir='ltr'><strong>sacrum</strong></span> <span class='ocrx_word' id='word_1_704' title='bbox 2077 4760 2407 4832; x_wconf 81' lang='lat' dir='ltr'><strong>Symbolum,</strong></span> <span class='ocrx_word' id='word_1_705' title='bbox 2435 4773 2480 4814; x_wconf 78' lang='lat' dir='ltr'><strong>et</strong></span> <span class='ocrx_word' id='word_1_706' title='bbox 2504 4763 2568 4816; x_wconf 84' lang='lat' dir='ltr'><strong>de</strong></span> <span class='ocrx_word' id='word_1_707' title='bbox 2596 4761 3035 4830; x_wconf 84' lang='lat' dir='ltr'><strong>comprehensivis</strong></span> <span class='ocrx_word' id='word_1_708' title='bbox 3064 4759 3364 4814; x_wconf 81' lang='lat' dir='ltr'><strong>virtutibus.</strong></span> <span class='ocrx_word' id='word_1_709' title='bbox 3389 4761 3445 4813; x_wconf 77' lang='grc'><strong>1).</strong></span> <span class='ocrx_word' id='word_1_710' title='bbox 3463 4759 3530 4812; x_wconf 85' lang='grc' dir='ltr'><strong>Ἦ</strong></span> <span class='ocrx_word' id='word_1_711' title='bbox 3551 4759 3683 4828; x_wconf 78' lang='grc' dir='ltr'>ἁλη-</span> 
     </span>
    </p>
   </div>
   <div class='ocr_carea' id='block_1_64' title="bbox 415 4845 2021 4921">
    <p class='ocr_par' dir='ltr' id='par_1_64' title="bbox 415 4848 2021 4921">
     <span class='ocr_line' id='line_1_64' title="bbox 415 4848 2021 4921; baseline 0.001 -21"><span class='ocrx_word' id='word_1_712' title='bbox 415 4848 514 4919; x_wconf 74' lang='grc' dir='ltr'><strong>θὴς</strong></span> <span class='ocrx_word' id='word_1_713' title='bbox 543 4854 637 4902; x_wconf 78' lang='grc' dir='ltr'>καὶ</span> <span class='ocrx_word' id='word_1_714' title='bbox 669 4850 803 4920; x_wconf 81' lang='grc' dir='ltr'><strong>μόνη</strong></span> <span class='ocrx_word' id='word_1_715' title='bbox 837 4851 942 4903; x_wconf 86' lang='grc' dir='ltr'><strong>τῶν</strong></span> <span class='ocrx_word' id='word_1_716' title='bbox 975 4850 1328 4921; x_wconf 83' lang='grc' dir='ltr'>Χριστιανῶν</span> <span class='ocrx_word' id='word_1_717' title='bbox 1362 4849 1522 4918; x_wconf 80' lang='grc' dir='ltr'>ἡμῶν</span> <span class='ocrx_word' id='word_1_718' title='bbox 1550 4851 1735 4912; x_wconf 82' lang='grc' dir='ltr'>πίστις</span> <span class='ocrx_word' id='word_1_719' title='bbox 1770 4848 1911 4919; x_wconf 83' lang='grc' dir='ltr'>ὑπὲρ</span> <span class='ocrx_word' id='word_1_720' title='bbox 1942 4849 2021 4903; x_wconf 80' lang='grc' dir='ltr'>νοῐ</span> 
     </span>
    </p>
   </div>
   <div class='ocr_carea' id='block_1_65' title="bbox 2071 4845 3677 4921">
    <p class='ocr_par' dir='ltr' id='par_1_65' title="bbox 2099 4845 3677 4920">
     <span class='ocr_line' id='line_1_65' title="bbox 2099 4845 3677 4920; baseline 0 -17"><span class='ocrx_word' id='word_1_721' title='bbox 2099 4851 2233 4903; x_wconf 80' lang='grc' dir='ltr'>οὖσα</span> <span class='ocrx_word' id='word_1_722' title='bbox 2261 4851 2357 4904; x_wconf 76' lang='grc' dir='ltr'>καὶ</span> <span class='ocrx_word' id='word_1_723' title='bbox 2381 4850 2559 4918; x_wconf 74' lang='grc' dir='ltr'>λόγον.</span> <span class='ocrx_word' id='word_1_724' title='bbox 2612 4849 2830 4920; x_wconf 79' lang='lat' dir='ltr'><strong>(Fabr.)</strong></span> <span class='ocrx_word' id='word_1_725' title='bbox 2886 4849 3128 4917; x_wconf 74' lang='lat' dir='ltr'><strong>Mosqute</strong></span> <span class='ocrx_word' id='word_1_726' title='bbox 3189 4849 3243 4901; x_wconf 89' lang='lat' dir='ltr'><strong>in</strong></span> <span class='ocrx_word' id='word_1_727' title='bbox 3291 4845 3414 4901; x_wconf 89' lang='lat' dir='ltr'><strong>cod.</strong></span> <span class='ocrx_word' id='word_1_728' title='bbox 3468 4847 3677 4915; x_wconf 82' lang='lat' dir='ltr'><strong>Synod.</strong></span> 
     </span>
    </p>
   </div>
   <div class='ocr_carea' id='block_1_66' title="bbox 412 4937 1594 5009">
    <p class='ocr_par' dir='ltr' id='par_1_66' title="bbox 412 4937 1594 5009">
     <span class='ocr_line' id='line_1_66' title="bbox 412 4937 1594 5009; baseline 0.001 -18"><span class='ocrx_word' id='word_1_729' title='bbox 412 4937 517 4991; x_wconf 76' lang='lat'><strong>279</strong></span> <span class='ocrx_word' id='word_1_730' title='bbox 563 4939 615 4993; x_wconf 87' lang='grc'>8.</span> <span class='ocrx_word' id='word_1_731' title='bbox 657 4937 718 4994; x_wconf 80' lang='grc' dir='ltr'>ν.</span> <span class='ocrx_word' id='word_1_732' title='bbox 746 4939 977 4994; x_wconf 66' lang='lat' dir='ltr'><strong>Mattbtei</strong></span> <span class='ocrx_word' id='word_1_733' title='bbox 1008 4940 1044 4994; x_wconf 89' lang='grc'>1.</span> <span class='ocrx_word' id='word_1_734' title='bbox 1074 4955 1124 4994; x_wconf 90' lang='lat' dir='ltr'><strong>c.</strong></span> <span class='ocrx_word' id='word_1_735' title='bbox 1157 4955 1209 5008; x_wconf 89' lang='lat' dir='ltr'><strong>p.</strong></span> <span class='ocrx_word' id='word_1_736' title='bbox 1241 4937 1363 5006; x_wconf 77' lang='lat'><strong>180.</strong></span> <span class='ocrx_word' id='word_1_737' title='bbox 1391 4938 1594 5009; x_wconf 79' lang='lat' dir='ltr'><strong>(Harl.)</strong></span> 
     </span>
    </p>
   </div>
   <div class='ocr_carea' id='block_1_67' title="bbox 486 5192 3680 5267">
    <p class='ocr_par' dir='ltr' id='par_1_67' title="bbox 486 5192 3680 5267">
     <span class='ocr_line' id='line_1_67' title="bbox 486 5192 3680 5267; baseline -0.002 -21"><span class='ocrx_word' id='word_1_738' title='bbox 486 5195 562 5264; x_wconf 86' lang='grc' dir='ltr'><strong>(α)</strong></span> <span class='ocrx_word' id='word_1_739' title='bbox 603 5195 869 5250; x_wconf 56' lang='lat' dir='ltr'><strong>Ronnulla</strong></span> <span class='ocrx_word' id='word_1_740' title='bbox 902 5214 966 5251; x_wconf 83' lang='lat' dir='ltr'><strong>cx</strong></span> <span class='ocrx_word' id='word_1_741' title='bbox 1000 5199 1085 5252; x_wconf 87' lang='lat' dir='ltr'><strong>bis</strong></span> <span class='ocrx_word' id='word_1_742' title='bbox 1117 5197 1325 5267; x_wconf 76' lang='lat' dir='ltr'><strong>profert</strong></span> <span class='ocrx_word' id='word_1_743' title='bbox 1361 5197 1614 5260; x_wconf 81' lang='lat' dir='ltr'><strong>Allatius,</strong></span> <span class='ocrx_word' id='word_1_744' title='bbox 1644 5198 1740 5252; x_wconf 86' lang='lat' dir='ltr'><strong>lib.</strong></span> <span class='ocrx_word' id='word_1_745' title='bbox 1777 5197 1994 5264; x_wconf 81' lang='lat' dir='ltr'><strong>Depur-</strong></span> <span class='ocrx_word' id='word_1_746' title='bbox 2105 5196 2194 5250; x_wconf 76' lang='lat'><strong>85.</strong></span> <span class='ocrx_word' id='word_1_747' title='bbox 2233 5228 2298 5236; x_wconf 87' lang='lat'><strong>—-</strong></span> <span class='ocrx_word' id='word_1_748' title='bbox 2329 5193 2638 5267; x_wconf 74' lang='lat' dir='ltr'><strong>Vindobon.</strong></span> <span class='ocrx_word' id='word_1_749' title='bbox 2685 5194 2736 5246; x_wconf 89' lang='lat' dir='ltr'><strong>in</strong></span> <span class='ocrx_word' id='word_1_750' title='bbox 2773 5193 2913 5267; x_wconf 54' lang='lat' dir='ltr'><strong>cod.</strong></span> <span class='ocrx_word' id='word_1_751' title='bbox 2969 5193 3071 5267; x_wconf 47' lang='grc' dir='ltr'><strong>15ζ</strong></span> <span class='ocrx_word' id='word_1_752' title='bbox 3106 5210 3162 5246; x_wconf 90' lang='lat' dir='ltr'><strong>n.</strong></span> <span class='ocrx_word' id='word_1_753' title='bbox 3195 5192 3248 5267; x_wconf 69' lang='lat'><strong>5,</strong></span> <span class='ocrx_word' id='word_1_754' title='bbox 3303 5198 3434 5245; x_wconf 84' lang='lat' dir='ltr'><strong>sunt</strong></span> <span class='ocrx_word' id='word_1_755' title='bbox 3471 5197 3680 5267; x_wconf 56' lang='lat' dir='ltr'><strong>taurini}</strong></span> 
     </span>
    </p>
   </div>
   <div class='ocr_carea' id='block_1_68' title="bbox 415 5257 3680 5340">
    <p class='ocr_par' dir='ltr' id='par_1_68' title="bbox 415 5257 3680 5340">
     <span class='ocr_line' id='line_1_68' title="bbox 415 5257 3680 5340; baseline -0.002 -23"><span class='ocrx_word' id='word_1_756' title='bbox 415 5257 641 5340; x_wconf 73' lang='lat' dir='ltr'><strong>gatorio,</strong></span> <span class='ocrx_word' id='word_1_757' title='bbox 682 5283 818 5340; x_wconf 65' lang='lat' dir='ltr'><strong>pag.</strong></span> <span class='ocrx_word' id='word_1_758' title='bbox 855 5268 945 5329; x_wconf 75' lang='lat'><strong>51,</strong></span> <span class='ocrx_word' id='word_1_759' title='bbox 996 5257 1280 5333; x_wconf 50' lang='lat'><strong>140,214,</strong></span> <span class='ocrx_word' id='word_1_760' title='bbox 1336 5278 1388 5322; x_wconf 92' lang='lat' dir='ltr'><strong>et</strong></span> <span class='ocrx_word' id='word_1_761' title='bbox 1426 5257 1627 5322; x_wconf 78' lang='lat' dir='ltr'><strong>Contra</strong></span> <span class='ocrx_word' id='word_1_762' title='bbox 1685 5257 1992 5340; x_wconf 1' lang='lat' dir='ltr'><strong>llotptinger.</strong></span> <span class='ocrx_word' id='word_1_763' title='bbox 2104 5281 2368 5340; x_wconf 78' lang='lat' dir='ltr'><strong>responsa</strong></span> <span class='ocrx_word' id='word_1_764' title='bbox 2412 5265 2624 5320; x_wconf 82' lang='lat' dir='ltr'><strong>decem.</strong></span> <span class='ocrx_word' id='word_1_765' title='bbox 2671 5281 2731 5340; x_wconf 58' lang='grc' dir='ltr'>ν.</span> <span class='ocrx_word' id='word_1_766' title='bbox 2772 5263 3501 5340; x_wconf 40' lang='lat' dir='ltr'><strong>Ko_lla_r_.‘Siipplein.-pag.</strong></span> <span class='ocrx_word' id='word_1_767' title='bbox 3575 5257 3680 5340; x_wconf 78' lang='grc'><strong>128</strong></span> 
     </span>
    </p>
   </div>
   <div class='ocr_carea' id='block_1_69' title="bbox 415 5329 3682 5406">
    <p class='ocr_par' dir='ltr' id='par_1_69' title="bbox 415 5329 3682 5406">
     <span class='ocr_line' id='line_1_69' title="bbox 415 5329 3682 5406; baseline 0 -19"><span class='ocrx_word' id='word_1_768' title='bbox 415 5329 540 5406; x_wconf 70' lang='lat' dir='ltr'><strong>pag.</strong></span> <span class='ocrx_word' id='word_1_769' title='bbox 574 5337 625 5390; x_wconf 92' lang='lat'><strong>8.</strong></span> <span class='ocrx_word' id='word_1_770' title='bbox 682 5329 914 5392; x_wconf 76' lang='lat' dir='ltr'><strong>Exstant</strong></span> <span class='ocrx_word' id='word_1_771' title='bbox 965 5329 1129 5392; x_wconf 81' lang='lat' dir='ltr'><strong>etiam</strong></span> <span class='ocrx_word' id='word_1_772' title='bbox 1185 5329 1320 5393; x_wconf 86' lang='lat' dir='ltr'><strong>mss.</strong></span> <span class='ocrx_word' id='word_1_773' title='bbox 1380 5341 1430 5391; x_wconf 89' lang='lat' dir='ltr'><strong>in</strong></span> <span class='ocrx_word' id='word_1_774' title='bbox 1477 5340 1606 5394; x_wconf 85' lang='lat' dir='ltr'><strong>bibl.</strong></span> <span class='ocrx_word' id='word_1_775' title='bbox 1675 5329 1990 5400; x_wconf 54' lang='lat' dir='ltr'><strong>Dorum-ina,</strong></span> <span class='ocrx_word' id='word_1_776' title='bbox 2103 5329 2219 5402; x_wconf 44' lang='lat' dir='ltr'><strong>seq&quot;.</strong></span> <span class='ocrx_word' id='word_1_777' title='bbox 2265 5337 2478 5404; x_wconf 78' lang='lat' dir='ltr'><strong>integra</strong></span> <span class='ocrx_word' id='word_1_778' title='bbox 2502 5344 2629 5391; x_wconf 89' lang='lat' dir='ltr'><strong>sunt</strong></span> <span class='ocrx_word' id='word_1_779' title='bbox 2671 5335 2722 5387; x_wconf 90' lang='lat' dir='ltr'><strong>in</strong></span> <span class='ocrx_word' id='word_1_780' title='bbox 2766 5336 2891 5392; x_wconf 84' lang='lat' dir='ltr'><strong>cod.</strong></span> <span class='ocrx_word' id='word_1_781' title='bbox 2921 5334 3042 5401; x_wconf 77' lang='lat'><strong>171),</strong></span> <span class='ocrx_word' id='word_1_782' title='bbox 3069 5329 3205 5390; x_wconf 47' lang='lat'><strong>11:2.</strong></span> <span class='ocrx_word' id='word_1_783' title='bbox 3250 5333 3308 5386; x_wconf 75' lang='grc' dir='ltr'>ν.</span> <span class='ocrx_word' id='word_1_784' title='bbox 3337 5332 3597 5406; x_wconf 69' lang='lat' dir='ltr'><strong>Lambcc.</strong></span> <span class='ocrx_word' id='word_1_785' title='bbox 3626 5329 3682 5391; x_wconf 78' lang='grc'>5.</span> 
     </span>
    </p>
   </div>
   <div class='ocr_carea' id='block_1_70' title="bbox 418 5403 3684 5478">
    <p class='ocr_par' dir='ltr' id='par_1_70' title="bbox 418 5403 3684 5478">
     <span class='ocr_line' id='line_1_70' title="bbox 418 5403 3684 5478; baseline -0.001 -20"><span class='ocrx_word' id='word_1_786' title='bbox 418 5403 606 5478; x_wconf 59' lang='lat' dir='ltr'><strong>codice</strong></span> <span class='ocrx_word' id='word_1_787' title='bbox 653 5407 880 5478; x_wconf 69' lang='lat' dir='ltr'><strong>Barocc.</strong></span> <span class='ocrx_word' id='word_1_788' title='bbox 929 5410 1020 5471; x_wconf 84' lang='lat'><strong>91,</strong></span> <span class='ocrx_word' id='word_1_789' title='bbox 1067 5426 1096 5462; x_wconf 87' lang='lat' dir='ltr'><strong>e</strong></span> <span class='ocrx_word' id='word_1_790' title='bbox 1146 5411 1535 5478; x_wconf 77' lang='lat' dir='ltr'><strong>quibuslocns</strong></span> <span class='ocrx_word' id='word_1_791' title='bbox 1589 5409 1880 5462; x_wconf 79' lang='lat' dir='ltr'><strong>adducitur</strong></span> <span class='ocrx_word' id='word_1_792' title='bbox 1926 5410 1994 5463; x_wconf 82' lang='lat' dir='ltr'><strong>ab</strong></span> <span class='ocrx_word' id='word_1_793' title='bbox 2105 5423 2290 5475; x_wconf 84' lang='lat' dir='ltr'><strong>supra,</strong></span> <span class='ocrx_word' id='word_1_794' title='bbox 2348 5403 2434 5460; x_wconf 82' lang='lat' dir='ltr'><strong>ubi</strong></span> <span class='ocrx_word' id='word_1_795' title='bbox 2470 5409 2610 5478; x_wconf 82' lang='lat' dir='ltr'><strong>jatn__</strong></span> <span class='ocrx_word' id='word_1_796' title='bbox 2637 5406 2867 5460; x_wconf 83' lang='lat' dir='ltr'><strong>aliorum</strong></span> <span class='ocrx_word' id='word_1_797' title='bbox 2915 5408 3075 5460; x_wconf 83' lang='lat' dir='ltr'><strong>codd.</strong></span> <span class='ocrx_word' id='word_1_798' title='bbox 3133 5407 3341 5462; x_wconf 83' lang='lat' dir='ltr'><strong>mentio</strong></span> <span class='ocrx_word' id='word_1_799' title='bbox 3380 5403 3519 5457; x_wconf 79' lang='lat' dir='ltr'><strong>facta</strong></span> <span class='ocrx_word' id='word_1_800' title='bbox 3576 5409 3684 5462; x_wconf 68' lang='lat' dir='ltr'><strong>est,</strong></span> 
     </span>
    </p>
   </div>
   <div class='ocr_carea' id='block_1_71' title="bbox 417 5474 2746 5551">
    <p class='ocr_par' dir='ltr' id='par_1_71' title="bbox 417 5474 2746 5551">
     <span class='ocr_line' id='line_1_71' title="bbox 417 5474 2746 5551; baseline 0 -24"><span class='ocrx_word' id='word_1_801' title='bbox 417 5477 717 5530; x_wconf 77' lang='lat' dir='ltr'><strong>lluuilredo</strong></span> <span class='ocrx_word' id='word_1_802' title='bbox 755 5477 906 5551; x_wconf 87' lang='lat' dir='ltr'><strong>Hody</strong></span> <span class='ocrx_word' id='word_1_803' title='bbox 941 5479 992 5551; x_wconf 76' lang='lat' dir='ltr'><strong>in</strong></span> <span class='ocrx_word' id='word_1_804' title='bbox 1031 5474 1178 5551; x_wconf 58' lang='lat' dir='ltr'><strong>libro</strong></span> <span class='ocrx_word' id='word_1_805' title='bbox 1201 5480 1409 5551; x_wconf 79' lang='lat' dir='ltr'><strong>anglico</strong></span> <span class='ocrx_word' id='word_1_806' title='bbox 1439 5480 1583 5532; x_wconf 82' lang='lat' dir='ltr'><strong>edito</strong></span> <span class='ocrx_word' id='word_1_807' title='bbox 1611 5499 1624 5534; x_wconf 88' lang='lat'><strong>:</strong></span> <span class='ocrx_word' id='word_1_808' title='bbox 1655 5478 1761 5533; x_wconf 75' lang='lat' dir='ltr'><strong>Tite</strong></span> <span class='ocrx_word' id='word_1_809' title='bbox 1793 5497 1911 5532; x_wconf 80' lang='lat' dir='ltr'><strong>case</strong></span> <span class='ocrx_word' id='word_1_810' title='bbox 1940 5479 2001 5548; x_wconf 78' lang='lat' dir='ltr'><strong>of</strong></span> <span class='ocrx_word' id='word_1_811' title='bbox 2105 5474 2490 5530; x_wconf 76' lang='lat' dir='ltr'><strong>nienioratmn.</strong></span> <span class='ocrx_word' id='word_1_812' title='bbox 2536 5474 2746 5546; x_wconf 68' lang='grc' dir='ltr'><strong>(Πανί.)</strong></span> 
     </span>
    </p>
   </div>
   <div class='ocr_carea' id='block_1_72' title="bbox 421 5549 1989 5621">
    <p class='ocr_par' dir='ltr' id='par_1_72' title="bbox 421 5549 1989 5621">
     <span class='ocr_line' id='line_1_72' title="bbox 421 5549 1989 5621; baseline 0.003 -21"><span class='ocrx_word' id='word_1_813' title='bbox 421 5563 529 5600; x_wconf 76' lang='lat' dir='ltr'><strong>secs</strong></span> <span class='ocrx_word' id='word_1_814' title='bbox 557 5559 766 5613; x_wconf 76' lang='lat' dir='ltr'><strong>vacant,</strong></span> <span class='ocrx_word' id='word_1_815' title='bbox 806 5549 929 5620; x_wconf 63' lang='lat' dir='ltr'><strong>pag.</strong></span> <span class='ocrx_word' id='word_1_816' title='bbox 964 5549 1053 5605; x_wconf 87' lang='grc'><strong>86.</strong></span> <span class='ocrx_word' id='word_1_817' title='bbox 1094 5549 1311 5621; x_wconf 73' lang='lat' dir='ltr'><strong>(1&quot;abr.)</strong></span> <span class='ocrx_word' id='word_1_818' title='bbox 1343 5550 1479 5603; x_wconf 78' lang='lat' dir='ltr'><strong>ltcni</strong></span> <span class='ocrx_word' id='word_1_819' title='bbox 1520 5556 1570 5603; x_wconf 88' lang='lat' dir='ltr'><strong>in</strong></span> <span class='ocrx_word' id='word_1_820' title='bbox 1604 5551 1726 5605; x_wconf 81' lang='lat' dir='ltr'><strong>cod.</strong></span> <span class='ocrx_word' id='word_1_821' title='bbox 1763 5551 1989 5605; x_wconf 81' lang='lat' dir='ltr'><strong>Barocc.</strong></span> 
     </span>
    </p>
   </div>
   <div class='ocr_carea' id='block_1_73' title="bbox 485 5793 3704 5864">
    <p class='ocr_par' dir='ltr' id='par_1_73' title="bbox 485 5793 3704 5864">
     <span class='ocr_line' id='line_1_73' title="bbox 485 5793 3704 5864; baseline -0.003 -15"><span class='ocrx_word' id='word_1_822' title='bbox 485 5802 555 5863; x_wconf 85' lang='lat'><strong>(1)</strong></span> <span class='ocrx_word' id='word_1_823' title='bbox 592 5801 862 5864; x_wconf 80' lang='lat' dir='ltr'><strong>Sequentia</strong></span> <span class='ocrx_word' id='word_1_824' title='bbox 892 5799 1150 5864; x_wconf 79' lang='lat' dir='ltr'><strong>opuscula,</strong></span> <span class='ocrx_word' id='word_1_825' title='bbox 1172 5798 1264 5846; x_wconf 91' lang='lat' dir='ltr'><strong>sub</strong></span> <span class='ocrx_word' id='word_1_826' title='bbox 1289 5798 1492 5864; x_wconf 83' lang='lat' dir='ltr'><strong>nuni._2,</strong></span> <span class='ocrx_word' id='word_1_827' title='bbox 1525 5798 1646 5864; x_wconf 31' lang='grc' dir='ltr'>εει,</span> <span class='ocrx_word' id='word_1_828' title='bbox 1679 5798 1725 5853; x_wconf 82' lang='grc'>5,</span> <span class='ocrx_word' id='word_1_829' title='bbox 1749 5797 1794 5855; x_wconf 88' lang='grc'><strong>6,</strong></span> <span class='ocrx_word' id='word_1_830' title='bbox 1821 5799 1846 5846; x_wconf 91' lang='lat'><strong>7</strong></span> <span class='ocrx_word' id='word_1_831' title='bbox 1873 5803 2162 5864; x_wconf 73' lang='lat' dir='ltr'><strong>memorata,</strong></span> <span class='ocrx_word' id='word_1_832' title='bbox 2193 5797 2286 5852; x_wconf 77' lang='lat' dir='ltr'><strong>jam</strong></span> <span class='ocrx_word' id='word_1_833' title='bbox 2316 5795 2372 5864; x_wconf 72' lang='lat' dir='ltr'><strong>ab</strong></span> <span class='ocrx_word' id='word_1_834' title='bbox 2399 5793 2536 5843; x_wconf 60' lang='lat' dir='ltr'><strong>annis</strong></span> <span class='ocrx_word' id='word_1_835' title='bbox 2562 5796 2672 5856; x_wconf 80' lang='lat' dir='ltr'><strong>plus</strong></span> <span class='ocrx_word' id='word_1_836' title='bbox 2696 5798 2894 5844; x_wconf 86' lang='lat' dir='ltr'><strong>centum</strong></span> <span class='ocrx_word' id='word_1_837' title='bbox 2941 5808 2968 5841; x_wconf 88' lang='lat' dir='ltr'><strong>e</strong></span> <span class='ocrx_word' id='word_1_838' title='bbox 2990 5794 3071 5839; x_wconf 85' lang='lat' dir='ltr'><strong>lita</strong></span> <span class='ocrx_word' id='word_1_839' title='bbox 3120 5794 3399 5854; x_wconf 49' lang='lat' dir='ltr'><strong>proﬂabant</strong></span> <span class='ocrx_word' id='word_1_840' title='bbox 3429 5808 3538 5842; x_wconf 71' lang='lat' dir='ltr'><strong>c.:m</strong></span> <span class='ocrx_word' id='word_1_841' title='bbox 3569 5793 3704 5844; x_wconf 56' lang='lat' dir='ltr'><strong>Har-</strong></span> 
     </span>
    </p>
   </div>
   <div class='ocr_carea' id='block_1_74' title="bbox 421 5857 2462 5921">
    <p class='ocr_par' dir='ltr' id='par_1_74' title="bbox 421 5857 2462 5921">
     <span class='ocr_line' id='line_1_74' title="bbox 421 5857 2462 5921; baseline -0.004 -7"><span class='ocrx_word' id='word_1_842' title='bbox 421 5857 580 5915; x_wconf 68' lang='lat' dir='ltr'><strong>lesius</strong></span> <span class='ocrx_word' id='word_1_843' title='bbox 605 5857 815 5914; x_wconf 79' lang='lat' dir='ltr'><strong>Fabricii</strong></span> <span class='ocrx_word' id='word_1_844' title='bbox 841 5857 1185 5912; x_wconf 79' lang='lat' dir='ltr'><strong>Bibliothecant</strong></span> <span class='ocrx_word' id='word_1_845' title='bbox 1211 5861 1526 5919; x_wconf 72' lang='lat' dir='ltr'><strong>retractabat,</strong></span> <span class='ocrx_word' id='word_1_846' title='bbox 1567 5862 1627 5908; x_wconf 88' lang='lat' dir='ltr'><strong>de</strong></span> <span class='ocrx_word' id='word_1_847' title='bbox 1660 5873 1758 5921; x_wconf 80' lang='lat' dir='ltr'><strong>quo</strong></span> <span class='ocrx_word' id='word_1_848' title='bbox 1785 5873 1989 5908; x_wconf 86' lang='lat' dir='ltr'><strong>monere</strong></span> <span class='ocrx_word' id='word_1_849' title='bbox 2019 5857 2291 5907; x_wconf 77' lang='lat' dir='ltr'><strong>debuisset.</strong></span> <span class='ocrx_word' id='word_1_850' title='bbox 2331 5858 2462 5906; x_wconf 69' lang='lat' dir='ltr'><strong>linis.</strong></span> 
     </span>
    </p>
   </div>
  </div>
