4066 6462
408 344 478 415 93
1038 361 1344 424 smuon
1382 356 2156 424 lTHESSALONICENSiS
2196 354 2564 419 ARCHIEP.
2598 382 2667 394 —
2699 354 3049 419 NOTITIA.
3614 354 3688 417 at

481 474 533 526 7.
567 473 678 528 Τοῦ
705 474 875 531 αὐτοῦ
900 480 1031 547 περὶ
1072 475 1149 535 ὧν
1184 480 1571 550 καινοτομοῦσι
1625 481 1848 533 Λατῖνοι
1884 480 1987 549 (1).
2031 478 2087 532 ι).

2069 482 2109 532 le
2150 479 2241 543 iis,
2282 479 2427 532 circa
2461 492 2578 546 quia
2611 476 2795 531 Latini
2826 477 3102 531 innatant.
3137 472 3199 526 P.
3227 471 3452 544 Πρῶτον
3485 472 3586 543 μὶν
3615 476 3675 528 τὸ

409 560 540 631 περὶ
570 562 668 633 τὴν
697 564 883 619 πίστιν
909 568 1319 637 ἀποσφαλῆναι,
1352 569 1446 621 καὶ
1480 567 1805 638 προσθήκην
1839 566 2013 620 θεῖναι
2042 565 2122 636 τῷ
2157 566 2437 636 Ξερωτάτῳ
2472 565 2753 636 Συμϐόλῳ.

476 669 529 724 8.
562 670 817 741 Ejusdem
842 676 999 745 plura
1036 676 1353 733 referuntur
1379 677 1449 733 ad
1477 677 1626 749 leges
1648 686 1705 733 et
1727 680 1963 732 canones
1994 674 2325 745 pertinentia
2350 688 2381 727 a
2410 670 2660 729 Manuele
2690 673 2898 729 Malaxa
2934 673 2989 727 in
3016 671 3437 728 Nomocanone.

481 785 534 841 9.
570 784 824 844 Canones
861 790 1025 846 etiam
1049 803 1105 847 et
1137 792 1369 864 hymnos
1395 792 1448 846 in
1474 793 1696 847 sanctos
1725 788 2087 860 composuiSsi

2069 804 2124 855 te,
2176 790 2242 843 ex
2280 786 2525 858 Eugenio
2564 788 2763 859 colligo
2802 805 2816 842 :
2854 790 2967 843 Kal.
2997 788 3161 859 ᾠδαῖς
3212 790 3385 859 ἱεραῖς
3412 788 3541 852 τοὺς
3569 789 3675 842 τῶν

411 874 582 941 ἁγίων
620 879 840 944 χοροὺς,
873 880 971 932 καὶ
995 880 1211 933 οἴκοθεν
1236 878 1701 951 καταστέψαντος,
1729 871 1805 933 ὧν
1830 881 1919 931 τὸν
1953 875 2017 946 ﬁll

2096 875 2364 945 ἐζήλωσε,
2399 878 2497 929 καὶ
2522 878 2766 947 διήνυσε.
2800 875 3056 930 Etaacris
3089 877 3336 931 cantibus
3370 886 3679 931 sanctorum

411 962 615 1027 choros,
647 975 694 1017 et
723 980 789 1016 ea:
816 967 1045 1035 propriis
1073 969 1368 1033 exornavit,
1394 984 1620 1038 quorum
1653 968 1816 1020 vitam
1840 964 2125 1019 wmulatus
2155 964 2402 1034 confecit.
2437 958 2639 1019 llorum
2688 972 2870 1018 tamen
2910 964 3025 1033 ipse
3055 962 3191 1018 nihil
3215 962 3345 1019 vidi.
3397 961 3676 1018 Hactenus

328 1050 342 1061 ’
405 1047 668 1104 Allatius.
705 1050 911 1123 (Fabr.)
951 1051 1018 1108 V.
1047 1055 1172 1108 cod.
1195 1054 1427 1109 Vindob.
1466 1055 1618 1109 citat.
1648 1068 1703 1108 n.
1733 1053 1764 1105 7
1792 1060 1847 1107 et
1876 1053 1931 1108 8.
1960 1052 2171 1123 (Harl.)

477 1161 498 1233 [
532 1161 590 1216 1n
623 1172 733 1220 cat.
763 1165 926 1220 codd.
960 1165 1056 1221 Gr.
1081 1165 1313 1221 Nanian.
1346 1182 1407 1237 p.
1440 1167 1564 1236 151,
1598 1184 1655 1221 n.
1692 1170 1748 1223 7.
1770 1167 1895 1229 cod,
1954 1164 2044 1231 74,
2076 1166 2320 1222 citantur
2365 1164 2641 1221 Simeonis
2693 1148 3022 1221 Thessalon.
3061 1164 3270 1231 Oratio,
3317 1178 3440 1235 qua:
3494 1173 3677 1221 tamen

408 1259 686 1306 auctorem
720 1254 880 1307 habet
910 1254 1219 1309 Simeonem
1253 1253 1514 1310 Mamant.
1549 1255 1627 1325 (2)
1658 1263 1712 1309 et
1750 1268 1915 1324 supra
1949 1263 2272 1309 numeratur
2298 1269 2353 1308 n.
2377 1254 2486 1318 25;
2518 1263 2573 1308 et
2602 1269 2656 1323 p.
2684 1254 2804 1308 152.
2836 1253 2987 1320 Opus
3027 1253 3209 1323 ejusd.
3244 1251 3383 1308 Sim.
3415 1253 3580 1308 Mam.
3607 1284 3679 1296 --

408 1339 545 1393 Sim.
579 1337 829 1396 Thcssal.
860 1340 1047 1397 Oratio
1076 1344 1133 1397 in
1163 1345 1585 1413 Assumptionem
1611 1343 1820 1408 Maria,
1847 1344 2022 1398 Paris.
2054 1343 2107 1399 in
2135 1342 2269 1397 bibl.
2296 1342 2447 1412 pubi.
2479 1341 2612 1396 Cod.
2640 1341 2766 1406 987,
2798 1357 2855 1395 n.
2878 1343 2931 1395 7.
2970 1338 3216 1412 (Harl.)]

480 1450 568 1506 10.
603 1449 875 1508 Simeonis
918 1452 1425 1510 Thessalonicensis
1454 1454 1749 1510 Chronicon
1780 1467 1887 1509 ms.
1916 1454 1974 1507 in
2010 1453 2316 1524 Philippico
2361 1453 2492 1523 imp.
2532 1452 2718 1510 laudat
2746 1454 2990 1525 Cangius
3037 1457 3092 1511 in
3127 1454 3403 1513 GlosSario
3463 1452 3676 1516 Gra'co,

407 1553 464 1608 p.
492 1538 649 1605 1606,
676 1541 780 1595 nisi
827 1541 1026 1596 calami
1079 1557 1264 1599 errore
1296 1543 1843 1598 Thessalonicensem
1878 1546 2080 1612 posuit,
2131 1550 2297 1610 atque
2339 1540 2606 1595 intellexit
2668 1540 2981 1597 Chronicon
3035 1543 3314 1597 Simeonis
3371 1541 3684 1611 Logothem

409 1625 554 1692 quod
579 1625 1027 1695 frequentissime
1062 1630 1193 1683 citat
1229 1628 1382 1694 alibi,
1424 1638 1486 1683 ut
1508 1629 1561 1683 in
1590 1629 1725 1685 diss.
1759 1630 1834 1685 De
1868 1630 2160 1695 hebdomo,
2191 1644 2317 1700 pag.
2353 1628 2628 1695 128,129,
2658 1629 2783 1692 153,
2827 1632 2929 1687 151
2962 1649 2976 1699 ;
3008 1641 3063 1686 et
3092 1633 3240 1687 notis
3290 1631 3356 1685 ad
3410 1631 3679 1684 Zonaram

408 1727 465 1782 p.
493 1712 585 1779 28,
624 1714 714 1779 55,
743 1714 833 1781 70,
862 1724 917 1771 et
943 1716 1010 1768 79
1037 1732 1051 1781 ;
1084 1726 1138 1772 et
1165 1718 1218 1770 in
1252 1714 1568 1786 Appendicc
1597 1717 1663 1771 ad
1691 1717 1939 1773 Glossar.
1973 1732 2009 1788 p

2074 1719 2118 1784 1,
2144 1718 2197 1784 5,
2230 1717 2284 1783 6,
2312 1716 2362 1780 7,
2390 1716 2481 1783 22,
2510 1715 2602 1781 25,
2630 1717 2721 1782 56,
2756 1718 2847 1783 15,
2890 1720 2980 1782 56,
3010 1719 3102 1784 57,
3131 1720 3223 1785 58,
3284 1719 3373 1783 59,
3439 1716 3527 1782 72,
3589 1716 3680 1780 74,

410 1798 501 1866 75,
532 1800 625 1867 83,
659 1802 751 1865 84,
776 1802 866 1869 86,
890 1804 981 1869 90,
1004 1803 1095 1866 92,
1129 1803 1253 1870 160,
1290 1804 1416 1869 101,
1444 1803 1568 1868 103,
1604 1803 1731 1869 106,
1772 1804 1896 1872 110,
1932 1805 2016 1859 HE

2096 1806 2219 1871 114,
2261 1805 2386 1869 115,
2416 1812 2525 1859 etc.
2563 1803 2638 1858 De
2667 1804 2768 1859 hoc
2795 1805 2905 1860 dixi
2941 1806 3044 1860 vol.
3072 1805 3163 1870 Vl,
3206 1822 3261 1877 p.
3308 1804 3415 1860 552
3461 1812 3517 1859 et
3552 1803 3678 1858 158.

410 1889 485 1960 [ε.
520 1892 631 1948 vol.
652 1890 770 1960 VII,
801 1909 857 1965 p.
883 1894 983 1949 171
1005 1910 1088 1965 sq.
1118 1903 1173 1951 et
1213 1911 1270 1966 p.
1297 1894 1403 1950 683
1422 1910 1508 1966 sq.
1535 1893 1623 1950 ed.
1648 1892 1823 1966 nom],
1856 1895 1948 1949 ubi
1970 1894 2135 1950 etiam
2168 1893 2237 1949 de
2262 1891 2499 1948 Historia
2531 1890 2788 1947 chronica
2818 1893 2999 1949 adhuc
3020 1894 3203 1950 itidem
3231 1893 3434 1948 inedita
3462 1890 3678 1945 Simeo-

407 1978 499 2034 nis
560 1979 709 2035 Sethi
770 1981 954 2051 lingua
990 1981 1305 2038 Graecorum
1366 1983 1596 2052 vulgari,
1647 1982 1716 2038 ab
1745 1982 1959 2055 origine
2005 1980 2196 2038 mundi
2226 1979 2293 2036 ad
2320 1980 2610 2051 imperium
2650 1995 2827 2052 usque
2858 1981 3206 2039 Constantini
3239 1982 3422 2050 Ducas,
3467 1979 3537 2035 de
3562 1994 3669 2050 qua

408 2068 571 2136 paulo
622 2078 747 2125 ante
797 2071 866 2126 de
907 2069 1163 2127 Simeone
1206 2072 1467 2139 Setbo,n.
1494 2072 1545 2125 7.

473 2296 545 2369 (ῃ
576 2298 668 2369 βαι
693 2307 841 2369 caput
875 2304 1166 2369 vicesimum
1191 2303 1305 2369 libri
1330 2309 1509 2357 Contra
1543 2307 1767 2361 haereses.
1794 2310 1931 2360 Ευιτ.

478 2359 548 2417 (2)
574 2360 669 2410 Seu
695 2359 969 2423 Ju'uiorem,
987 2364 1085 2424 jam
1110 2380 1135 2413 a
1169 2367 1312 2416 nobis
1345 2381 1573 2419 recusum
1610 2359 1744 2421 tom—.—
1764 2359 1903 2425 CXX.
1924 2372 2047 2424 Enrr
