4066 6442
440 351 518 413 35
1296 336 1678 401 SYMEONIS
1714 336 2046 398 TilESSAI

2101 336 2472 397 iNlCENSlS
2508 336 2856 401 ARCHIEP.
2992 326 2998 330 ’
3639 348 3707 410 :36

454 462 671 518 facilior
702 459 806 514 erit
833 467 886 512 et
915 456 1124 523 utilior,
1158 466 1213 510 et
1242 455 1309 509 ab
1336 468 1404 508 eo
1435 452 1566 522 quid
1594 450 1892 513 commodi,
1919 448 2028 505 Deo
2057 513 2060 521 ⁴

2134 467 2193 505 τε
2221 450 2352 521 ὑμῖν
2383 449 2476 502 καὶ
2501 450 2613 510 τοῖς
2653 449 2840 513 ἄλλοις
2872 446 3119 517 ἀδελφοῖς
3148 451 3178 503 ὁ
3206 452 3363 522 λόγος
3392 452 3577 527 avem
3613 458 3709 511 καὶ

446 555 687 619 volente,
726 551 956 607 forsitan
995 547 1325 620 percipiens.

2131 542 2599 611 λυσιτελέστερος,
2619 542 2683 593 ὲκ
2715 541 2906 594 τούτου
2937 558 2998 594 τε
3022 540 3154 606 ίσως
3184 541 3516 613 βουλομένου
3545 545 3708 616 Θεοῦ,

2130 637 2225 691 καί
2257 654 2311 690 τι
2344 636 2630 706 ἐπωφελδς
2665 637 3132 707 προσγενήσεται.

1048 728 1409 787 CLEatcns.
2010 806 2013 809 _

2010 806 2013 809 _
2731 731 3115 787 Kanptxos.

521 828 679 885 Sicut
702 828 814 897 jam
848 826 1022 896 prius,
1048 824 1275 879 Domine
1309 835 1524 894 sancte,
1557 828 1626 881 de
1654 820 2030 897 spiritualibus

2217 824 2413 892 Ἡμεῖς
2435 822 2808 894 θαρρούντως,
2846 822 2970 892 ἅγιε
3003 823 3269 891 Δέσποτα,
3307 826 3438 897 περὶ
3467 824 3546 883 ὢν
3582 828 3712 901 ἔζη.

447 920 756 989 divinisque
787 919 954 973 rebus
991 926 1062 984 te,
1098 927 1157 971 ut
1185 926 1434 973 nostrum
1460 918 1513 972 in
1545 915 1751 987 Spiritu
1811 915 2028 1008 Patrem

2130 918 2383 986 τήσαμεν
2415 914 2808 982 πνευματικῶν
2834 932 2892 968 τε
2924 916 3022 969 καὶ
3047 915 3231 983 θείων,
3274 917 3374 981 τὰς
3403 919 3706 991 ἐρωτήσεις

448 1013 929 1081 interrogavimus,
964 1010 1033 1064 ita
1064 1019 1117 1065 et
1143 1024 1286 1065 nunc
1318 1010 1388 1064 ad
1441 1010 1588 1064 hunc
1643 1011 1803 1063 ﬁnem
1860 1000 2031 1061 conﬁ-

2130 1005 2514 1076 ἐποιησάμεθα
2576 1000 2652 1069 ὡς
2706 1004 2845 1075 πρὸς
2887 1006 3102 1078 πατέρα
3125 1007 3286 1078 ἡμῶν
3316 1009 3374 1062 ιν
3404 1009 3706 1080 Πνεύματι,

448 1107 638 1161 denter
664 1101 998 1158 accedimus.
1023 1100 1161 1167 Quia
1194 1116 1323 1170 ergo
1373 1101 1425 1154 in
1459 1101 1759 1171 .eltaritate
1821 1096 2029 1153 Christi

2131 1099 2228 1151 καὶ
2263 1097 2399 1167 πρὸς
2447 1096 2607 1150 τοῦτο
2658 1097 2755 1150 νῦν
2786 1097 2863 1160 ὡς
2894 1099 2988 1152 καὶ
3031 1100 3225 1154 ἄλλοτε
3281 1102 3516 1173 ἥκομεν.
3556 1103 3710 1157 Ἐπεὶ

450 1211 733 1251 sermones
765 1204 980 1250 nostros
1011 1194 1194 1248 animo
1221 1203 1448 1262 paterno
1476 1193 1701 1262 accipis,
1732 1204 1859 1246 ecce
1883 1204 2033 1245 nunc

2132 1189 2226 1244 οῦν
2259 1190 2316 1242 ἐν
2349 1189 2543 1260 ἀγάπῃ
2590 1188 2834 1258 Χριστοῦ
2863 1192 2991 1255 τοὺς
3019 1192 3213 1262 λόγους
3239 1193 3401 1266 ἡμῶν
3431 1195 3560 1267 δέχῃ
3607 1215 3710 1249 πα-

450 1304 667 1359 quoque
712 1287 1041 1342 litlurialiter
1094 1287 1147 1338 in
1189 1284 1407 1340 Christo
1453 1285 1879 1356 interrogamus.
1920 1280 2030 1337 Nos

2131 1282 2358 1354 τρικῶς,
2392 1285 2455 1338 ὲν
2490 1283 2714 1355 Χριστῷ
2776 1285 3077 1355 προθύμως
3120 1290 3216 1341 καὶ
3249 1289 3403 1343 αὐτοὶ
3429 1291 3531 1353 τὰς
3571 1293 3708 1362 ἐρω-

448 1381 664 1451 quidem
716 1378 1010 1433 Christiani
1064 1387 1213 1432 recte
1259 1378 1539 1432 credimus
1596 1378 1652 1430 in
1707 1375 1875 1430 Deum
1926 1371 2032 1427 Pa-

2131 1377 2321 1444 τήσεις
2343 1376 2453 1430 ἰδοὺ
2477 1377 2803 1446 ποιούμεθα.
2839 1379 2904 1432 Ἦ
2911 1379 3027 1449 μῶν
3055 1379 3157 1450 μὲν
3174 1383 3257 1444 είς
3271 1381 3406 1435 Θεὸν
3425 1386 3710 1436 πιστευόν-

448 1483 583 1528 trem
613 1480 668 1527 et
692 1469 886 1525 Filium
923 1481 977 1525 et
998 1470 1257 1538 Spiritum
1274 1480 1526 1523 sanctum
1548 1484 1566 1537 ;
1589 1479 1835 1522 sanctam
1854 1465 2032 1520 Trini-

2133 1486 2241 1523 των
2276 1469 2454 1540 ὀρθῶς
2489 1469 2599 1524 τῶν
2650 1471 3010 1539 χριστιανῶν,
3041 1473 3136 1527 καὶ
3171 1473 3415 1545 Πατέρα,
3454 1475 3584 1528 Υίὺν
3613 1478 3709 1530 καὶ

449 1571 614 1616 tatem
652 1562 1013 1630 praedicaturus
1064 1561 1366 1613 sccundmn
1439 1557 1753 1627 Scripturas
1809 1557 1864 1612 in
1925 1573 2030 1611 una

2136 1561 2297 1631 ἆγιον
2330 1563 2575 1634 Πνεῦμα,
2604 1562 2706 1635 τὴν
2738 1564 2905 1632 ἁγίαν
2931 1563 3140 1636 Τριάδα
3167 1567 3311 1620 κατὰ
3352 1568 3451 1630 τὰς
3487 1567 3712 1639 Γραφὰς

447 1656 686 1711 essentia
714 1662 768 1708 et
798 1652 1017 1716 deitate,
1062 1667 1275 1706 necnon
1314 1652 1540 1715 Christi,
1569 1652 1731 1705 unius
1746 1649 2033 1706 Trinitatis

2135 1656 2527 1726 κηρυσσόντων
2551 1657 2609 1709 ὲν
2640 1655 2742 1727 μιᾷ
2784 1655 2946 1728 οὐσίᾳ
2966 1674 3025 1710 τε
3062 1658 3160 1711 καὶ
3189 1658 3433 1730 θεότητι,
3466 1659 3563 1714 τοῦ
3592 1661 3712 1724 ἑνός

449 1760 716 1814 personae.
748 1742 839 1797 Dei
867 1742 1047 1804 Verbi,
1085 1758 1151 1796 ex
1217 1740 1433 1810 Virgine
1489 1741 1542 1795 in
1588 1738 1789 1809 Spiritu
1842 1748 2033 1793 sancto

2134 1764 2196 1800 τε
2248 1748 2352 1817 τῆς
2406 1748 2637 1819 Τριάδος
2670 1748 2910 1820 Χριστοῦ
2963 1750 3057 1804 τοῦ
3088 1750 3225 1805 Θεοῦ
3262 1753 3463 1822 Λόγου,
3496 1730 3621 1826 τὴν
3646 1755 3712 1807 ὲκ

450 1838 908 1901 incarnationem,
939 1843 995 1890 et
1025 1837 1307 1889 veritatem
1344 1849 1409 1887 ex
1441 1834 1622 1885 anima
1669 1832 2028 1896 conﬁtemur;

2103 1824 2106 1862 ί
2137 1814 2416 1906 Παρθένου
2454 1814 2524 1889 ’ὲν
2576 1814 2740 1908 ἁγίῳ-
2770 1838 3053 1909 Πνεῦματι
3108 1814 3413 1911 σάρκωσίν,
3448 1814 3566 1898 vacat.
3608 1845 3709 1916 τὴν

450 1931 542 1985 sed
576 1931 908 1984 cummulta:
936 1927 1045 1980 sint
1090 1926 1380 1996 Opiniones
1434 1933 1542 1977 tam
1600 1933 1813 1978 veteres
1861 1937 2027 1992 quam

2133 1927 2395 1997 ἀλήθειαν
2440 1929 2504 1983 ὲκ
2546 1928 2599 1998 2
2634 1928 2819 2001 ψυχῆς
2869 1932 3387 2002 ἀνομολογούντων·
3427 1937 3601 2005 δοξῶν
3650 1941 3708 1993 δὲ

453 2031 723 2088 recentes,
749 2037 871 2092 qua:
897 2036 1038 2075 verae
1074 2021 1199 2073 huic
1236 2018 1360 2072 ﬁdei
1409 2027 1612 2073 nostra:
1649 2016 2029 2079 adversentur,

2133 2019 2314 2073 οὐσῶν
2352 2019 2569 2074 πολλῶν
2599 2020 2853 2076 παλαιῶν
2881 2039 2943 2076 τε
2995 2023 3093 2076 καὶ
3125 2024 3286 2091 νέων,
3318 2027 3584 2082 ἐναντίων
3612 2046 3711 2083 κα-

447 2120 721 2191 quomodo
745 2118 830 2173 vel
856 2116 1101 2171 inﬁdeles
1127 2112 1572 2184 persuadebimus
1597 2111 1677 2163 vel
1700 2108 2031 2162 inﬁrmiores

2134 2112 2316 2178 sane
2343 2115 2411 2183 τῇ
2445 2113 2676 2184 ἀληθινῇ
2705 2114 2881 2187 ταύτῃ
2911 2116 3076 2185 ἡμῶν
3107 2117 3315 2184 πίστει,
3360 2118 3482 2183 πῶς
3518 2119 3553 2191 ἢ
3588 2122 3711 2175 πεί-

450 2211 901 2267 conlirmabimus
960 2207 1045 2262 vel
1105 2210 1317 2276 singula
1354 2205 1806 2274 interrogandum
1864 2201 2031 2255 dubia

2135 2219 2320 2273 σωμεν
2353 2204 2482 2266 τοὺς
2515 2203 2803 2271 ἀπίστους,
2829 2206 2864 2275 ἢ
2897 2206 3341 2277 ἀσφαλισῶμεθα
3388 2209 3516 2273 τοὺς
3547 2211 3710 2265 a095—

449 2307 725 2361 solvetnus
750 2340 766 2367 ,
796 2316 921 2357 cum
960 2300 1072 2368 jam
1101 2308 1158 2352 ut
1197 2297 1486 2351 reddamus
1534 2297 1800 2349 rationem
1852 2293 1920 2347 de
1967 2306 2027 2345 ea

2133 2295 2448 2360 νεστέρους,
2473 2293 2507 2365 ἢ
2538 2293 2971 2366 θεραπεύσαιμεν
3005 2299 3135 2360 τοὺς
3163 2297 3564 2369 διερωτῶντας,
3588 2304 3711 2356 ἐπεὶ

449 2413 571 2467 quae
599 2403 685 2450 est
709 2394 765 2448 in
794 2389 954 2447 nobis
986 2406 1082 2462 spe
1111 2391 1287 2446 edocti
1320 2388 1629 2443 fuerimus?

2134 2388 2228 2440 καὶ
2265 2386 2469 2440 διδόναι
2526 2386 2685 2451 λόγον
2747 2387 3108 2458 ἐδιδάχθημεν
3158 2389 3424 2462 περὶτῆς
3459 2391 3518 2444 ὲν
3570 2392 3706 2464 ημῖν

984 2484 989 2489 ⁴
2132 2477 2348 2541 ἐλπίδος
2368 2495 2384 2544 ς

527 2573 793 2643 Pontifex.
830 2571 1090 2629 Veritatis
1120 2569 1450 2641 praedicatio,
1473 2568 1663 2631 frater,
1714 2577 1764 2621 et
1813 2563 2029 2637 pietatis

2216 2572 2576 2641 Ἀρχιερεύς.
2613 2571 2679 2626 Ἦ
2696 2576 2796 2643 τῆς
2818 2572 3081 2645 ἀληθείας
3099 2578 3277 2646 ἀνακή
3290 2579 3466 2648 ρυξις,
3488 2578 3706 2649 ἀδελφὲ,

451 2666 747 2729 confessio,
785 2673 912 2719 ante
945 2664 1131 2717 omnia
1161 2660 1320 2718 nobis
1349 2661 1772 2723 estnecessaria,
1796 2671 2031 2728 eamque

2132 2664 2228 2718 atat
2258 2668 2357 2736 τῆς
2404 2666 2692 2730 εὐσεϐείας
2722 2666 3012 2736 ὁμολογία,
3063 2670 3345 2739 ἀναγκαία
3371 2673 3480 2742 πρὸ
3510 2674 3710 2738 παντὸς

451 2773 636 2813 coram
667 2758 924 2811 omnibus
955 2756 1202 2810 conﬁteri
1235 2769 1461 2809 necesse
1487 2760 1594 2815 est,
1626 2752 1836 2806 hocest
1881 2750 2032 2806 enim
2132 2760 2290 2830 ἡμῖν,
2317 2759 2413 2812 καὶ
2435 2760 2641 2830 ταύτην
2663 2759 2950 2829 ὁμολογεῖν
2972 2763 3205 2816 ἐνώπιον
3233 2765 3490 2818 ἁπάντων
3508 2768 3707 2837 χρεών.

452 2853 632 2904 omnis
695 2849 971 2905 credentis
1028 2848 1467 2902 fundamentum.
1532 2846 1759 2914 Propter
1813 2843 2031 2900 confes-

2135 2852 2306 2906 Τοῦτο
2354 2852 2450 2908 καὶ
2492 2852 2603 2924 γὰρ
2636 2853 2831 2907 πιστοῦ
2876 2857 3078 2919 παντὸς
3131 2859 3159 2910 ὁ
3193 2857 3446 2928 θεμέλιος
3474 2874 3492 2892 ⁶
3522 2860 3594 2914 δι’
3639 2860 3710 2931 ἢν

457 2944 669 2998 sionem
706 2944 900 2997 beatus
920 2941 1121 2996 dicitur
1171 2939 1388 3005 Petrus,
1441 2939 1643 3007 Deique
1694 2939 1842 3008 regni
1887 2938 2033 3010 jani-

2133 2945 2436 3014 ὁμολογίαν
2471 2943 2852 3014 μακαρίζιται
2896 2946 2996 3016 μὲν
3026 2947 3253 3018 Πέτρος,
3282 2950 3420 3003 Θεοῦ
3460 2967 3519 3003 τε
3553 2950 3711 3023 βασι-

455 3047 539 3090 tor
568 3036 918 3090 c0nstituitur
948 3049 964 3098 ;
1000 3034 1201 3089 Paulus
1226 3049 1355 3088 vero
1387 3034 1573 3103 sperat
1599 3046 1859 3086 coronam
1907 3034 2032 3086 vitae

2134 3039 2284 3102 λείας
2333 3037 2648 3107 κλειδοῦχος
2678 3038 3032 3104 καθίσταται,
3069 3042 3285 3106 Παῦλος
3338 3043 3396 3096 δὲ
3443 3044 3537 3098 τὸν
3583 3047 3712 3099 στέ-

453 3129 722 3198 aceipere,
755 3129 1012 3197 quoniam
1048 3127 1287 3182 servavit
1321 3138 1376 3181 et
1400 3125 1715 3195 praedicavit
1752 3124 1915 3179 ﬁdem
1940 3141 1956 3192 ;
1979 3132 2032 3178 et

2102 3186 2104 3203 Ι
2144 3147 2319 3199 φανον
2342 3128 2553 3196 ἐλπίζει
2579 3130 2767 3185 λαϐεῖν
2790 3134 2889 3202 τῆς
2922 3132 3089 3198 ζωῆς,
3113 3138 3359 3205 τηρήσας
3385 3138 3480 3190 καὶ
3529 3140 3708 3208 κηρύ-

456 3232 604 3277 totus
635 3231 948 3275 sanctorum
969 3222 1195 3287 chorus,
1220 3221 1346 3290 quia
1370 3221 1442 3274 ita
1463 3220 1591 3275 fecit
1613 3230 1666 3273 et
1686 3233 1909 3273 cursum
1940 3196 2062 3272 be»l

2141 3178 2237 3288 ξας
2260 3178 2593 3293 τὴνπίξτιν.
2623 3225 2732 3277 Καὶ
2750 3178 2987 3288 πᾶς’δὲνό
3012 3178 3121 3279 τῶν
3154 3178 3534 3299 όῑγίωννχορὸς,

458 3331 530 3369 ne
550 3315 951 3369 consummavit
974 3313 1326 3381 gloriﬁcatur.
1347 3311 1581 3367 Necesse
1607 3321 1691 3366 est
1715 3310 1878 3364 etiam
1917 3325 2041 3381 pro-

2141 3318 2398 3386 ποιήσας,
2427 3317 2524 3370 καὶ
2552 3317 2738 3381 καλῶς
2759 3317 2987 3382 τελέσας
3007 3317 3102 3371 τὸν
3126 3318 3350 3390 δρόμον,
3372 3320 3712 3385 δεδόξασται.

452 3410 663 3463 simum
698 3424 795 3478 pro
840 3422 1000 3477 posse
1029 3407 1319 3469 aediﬁcare,
1351 3405 1443 3460 sed
1462 3420 1817 3475 nequaquam
1853 3419 2041 3458 neces-

2139 3409 2334 3481 Χρεὼν
2386 3408 2445 3462 δὲ
2480 3410 2573 3461 καὶ
2595 3410 2687 3461 τὸν
2720 3409 2951 3480 πλησίον
2991 3410 3298 3481 οἰκοδομεῖν
3339 3412 3416 3475 ὡς
3438 3412 3670 3484 δύναμις
3700 3454 3714 3477 .

456 3502 662 3557 sarium
701 3512 1018 3557 esLOmneIn
1076 3501 1344 3554 hominem
1376 3503 1723 3567 persuadere,
1763 3513 1882 3552 cum
1923 3512 2041 3550 om-

2139 3502 2240 3554 οὐκ
2302 3500 2521 3570 ἀνάγκη
2563 3501 2618 3553 δὲ
2648 3501 2829 3553 πάντα
2851 3501 3139 3571 ἄνθρωπον
3164 3503 3391 3569 πείθειν,
3429 3506 3547 3557 ἐπεὶ
3578 3507 3718 3575 μηδὲ

458 3613 557 3649 nes
606 3596 936 3663 persuadere
968 3593 1196 3647 minime
1238 3593 1310 3646 sit
1345 3592 1635 3661 possibile;
1668 3600 1931 3654 attamen,
1991 3589 2040 3644 si

2140 3592 2354 3656 πάντας
2385 3595 2574 3646 πεῖσαι
2615 3592 2869 3648 δυνατόν.
2905 3592 3098 3663 Ὅμως
3130 3593 3352 3649 λεκτέον
3407 3597 3456 3650 εί
3488 3597 3719 3667 δύναμίς

460 3689 724 3759 ηυίιυιίε,
753 3689 980 3743 dicenda
1006 3688 1100 3741 tibi
1139 3696 1300 3739 erunt
1326 3686 1508 3738 omnia
1554 3700 1675 3753 quae
1726 3685 1947 3751 poteris,
1993 3684 2040 3738 si

2142 3703 2227 3738 σοι
2278 3686 2346 3738 τὰ
2397 3684 2541 3737 κατὰ
2581 3684 2839 3755 δύναμιν,
2901 3687 2950 3738 εί
2981 3686 3117 3755 πρὸς
3163 3687 3452 3758 οἰκοδομὴν
3490 3689 3520 3742 ὁ
3563 3689 3720 3758 λόγος

458 3784 675 3854 quidem
719 3798 899 3837 sermo
947 3780 1014 3833 ad
1063 3773 1480 3834 aediﬁcationem
1522 3785 1753 3847 spectat.
1793 3776 1946 3841 Quod
1993 3776 2040 3832 si

2145 3779 2271 3849 ὁρᾷ·
2308 3780 2405 3833 καὶ
2457 3779 2508 3831 εί
2540 3778 2642 3840 μὲν
2670 3776 3068 3847 οἰκοδομήσεις,
3100 3778 3236 3832 πολὺ
3271 3781 3353 3833 σοι
3384 3797 3444 3833 τε
3494 3782 3588 3834 καὶ
3641 3782 3720 3853 τῷ

456 3874 833 3938 :rdiiicaveris,
858 3873 1059 3925 multus
1093 3870 1196 3923 erit
1228 3879 1465 3939 quaestus
1502 3868 1595 3921 tibi
1624 3868 1740 3920 etei
1772 3882 1930 3935 quem
1964 3864 2044 3917 lu-

2143 3869 2485 3940 ὡφελημένῳ
2542 3869 2696 3938 παρὰ
2748 3868 2843 3921 σοῦ
2898 3870 2959 3922 τὸ
2989 3869 3214 3937 ὄφελοςο
3251 3872 3301 3925 εί
3340 3871 3384 3925 δ’
3440 3869 3567 3936 οὖν,
3617 3875 3719 3929 οὐκ

460 3976 645 4021 enatus
666 3964 835 4026 fueris
860 3980 876 4030 ;
904 3964 948 4017 si
979 3978 1110 4016 vero
1141 3978 1247 4014 non
1272 3963 1650 4024 :edilicaveris,
1701 3960 1831 4012 nihil
1883 3957 2043 4027 hujus

2142 3961 2377 4030 ὀφείλεις
2408 3978 2462 4015 τι
2493 3961 2571 4032 τῷ
2618 3963 2738 4029 Θεῷ
2785 3963 2979 4015 τούτου
3031 3965 3190 4033 χάριν
3212 3978 3232 4002 ⁹
3263 3965 3324 4017 τὸ
3359 3967 3559 4021 σαυτοῦ
3614 3969 3723 4040 γὰρ

459 4061 634 4131 gratia
665 4059 772 4110 Deo
797 4055 1021 4109 debebis
1057 4056 1240 4122 :quod
1275 4065 1429 4107 tntnn
1467 4064 1550 4105 est
1574 4053 1768 4106 fecisti.
1803 4052 2042 4105 Rursum

2143 4054 2458 4117 τετέλεκας.
2511 4051 2686 4106 Πάλιν
2717 4052 2772 4104 δὲ
2811 4054 2906 4105 καὶ
2934 4053 3095 4106 τοῦτό
3142 4070 3225 4106 σοι
3279 4054 3606 4125 φυλακτέον·
3646 4061 3723 4129 μὴ

461 4152 562 4206 tibi
588 4150 891 4204 cavendum
927 4157 1011 4201 cst
1043 4162 1109 4200 ne
1147 4147 1277 4217 quid
1334 4161 1500 4215 supra
1561 4147 1707 4200 vires
1748 4146 1922 4219 dicas,
1975 4160 2045 4199 ne

2145 4147 2298 4216 παρᾶ
2328 4147 2429 4216 τὴν
2460 4145 2695 4213 δύναμιν
2725 4146 2872 4214 λέγε,
2909 4146 3116 4214 μήποτ’
3150 4148 3452 4219 ἐπιχειρῶν
3482 4150 3576 4204 τὸν
3605 4153 3724 4205 κεί-

463 4249 626 4311 t'otte,
661 4244 789 4297 dum
823 4239 1323 4309 conarisjacentem
1356 4242 1586 4307 erigere,
1621 4254 1744 4292 cum
1781 4254 1845 4292 eo
1864 4241 2047 4292 conci-

2150 4256 2312 4311 μενον
2347 4238 2596 4307 ἁνιστᾷν,
2642 4240 3072 4313 συγκαταπέσῃς
3101 4239 3273 4311 αὐτῷ.
3309 4241 3468 4295 Κατά
3492 4243 3603 4314 γὰρ
3631 4245 3725 4299 τὸν

464 4337 564 4388 das
588 4350 606 4403 ς
633 4350 754 4388 nam
774 4337 1077 4387 secmidum
1105 4331 1507 4386 divinissimum
1536 4332 2042 4397 Paulmn,omnium

2149 4335 2427 4387 θειότατον
2453 4334 2687 4399 Παῦλον,
2725 4335 2872 4403 μέγα
2898 4334 3348 4406 ὁμολογουμένως
3383 4338 3502 4392 ἐστὶ
3536 4339 3597 4392 τὸ
3623 4338 3727 4409 τῆς

462 4429 812 4483 confessione
859 4441 1115 4495 magnum
1172 4434 1255 4479 est
1308 4424 1525 4493 pietatis
1582 4426 1929 4494 mysterium,
1989 4433 2045 4478 et

2150 4426 2436 4488 εὐσεϐείας
2488 4427 2797 4496 μυστήρισν
2824 4440 2839 4456 ·
2873 4427 2969 4480 καὶ
3013 4428 3121 4497 χρὴ
3159 4427 3278 4498 μετ’
3308 4428 3595 4494 εὐλαϐείας
3630 4433 3726 4485 rei

464 4531 681 4592 oportet
708 4536 830 4575 cum
865 4521 1152 4589 prudentia
1180 4529 1235 4574 et
1295 4535 1459 4590 quant
1519 4522 1756 4574 maxima
1802 4524 2040 4575 circum-

2150 4518 2429 4587 προσοχῆς
2456 4518 2538 4569 ὅτι
2570 4514 2832 4586 πλείστης
2862 4516 2955 4570 τὸν
2976 4516 3365 4588 διαλεγόμενον
3398 4521 3528 4591 περὶ
3555 4520 3729 4591 αὐτῆς

464 4629 571 4683 spe:
597 4615 752 4667 tione
775 4613 1230 4666 sertnooinantem
1259 4610 1324 4665 de
1347 4626 1411 4665 ca
1447 4611 1709 4681 colloqui,
1740 4612 1918 4680 ipsum
1949 4626 2045 4665 au-

2149 4608 2539 4675 διαλέγεσθαι·
2585 4604 2780 4660 τοῦτον
2822 4607 2880 4660 δὲ
2909 4607 3378 4680 δεδοκιμασμένον
3435 4608 3603 4679 εἶναι,
3636 4617 3732 4667 καὶ¹

466 4719 572 4761 tem
607 4707 892 4777 probatum
927 4711 1048 4760 esse
1074 4714 1128 4759 et
1154 4704 1396 4759 doctoris
1439 4706 1667 4774 gratiam
1723 4705 2044 4771 accepisse;

2150 4699 2532 4753 διδασκαλικοῦ
2586 4700 2929 4772 τετυχηκότα
2961 4703 3347 4781 χαρίσματος·
3391 4706 3480 4760 ίνα
3528 4709 3604 4779 μή
3646 4725 3731 4772 τις

466 4815 535 4854 ne
558 4800 683 4867 quis
715 4798 782 4852 de
815 4798 901 4852 his
950 4811 1073 4866 quae
1112 4797 1289 4851 nescit
1337 4798 1698 4859 contendens,
1729 4795 1783 4848 in
1825 4797 2050 4863 laqueos

2153 4794 2284 4861 περὶ
2318 4784 2394 4846 ὧν
2426 4791 2527 4844 οὐκ
2557 4789 2697 4873 οἶδεν
2725 4794 2944 4863 ἐρίζων,
2998 4795 3032 4865 ἦ
3083 4797 3200 4858 τοῖς
3252 4796 3350 4867 τῆς
3378 4796 3731 4870 βλασφημίας

466 4891 838 4961 lilaspitetttiw,
869 4890 1043 4944 autin
1089 4890 1225 4943 retia
1257 4887 1642 4952 dubitationis,
1674 4899 1769 4942 aut
1804 4889 1860 4942 in
1916 4889 2047 4957 dog-

2152 4884 2415 4947 δικτύοις,
2447 4884 2479 4953 ἢ
2516 4885 2728 4952 πάγαις
2752 4885 3044 4955 διχονοίας,
3073 4886 3107 4957 ἢ
3136 4888 3374 4959 δόγμασι
3413 4888 3735 4957 δυσσεϐείας

469 4992 614 5037 mata
686 4981 983 5051 impietatis
1032 4996 1101 5035 ex
1146 4980 1495 5035 sermonibus
1546 4979 1867 5046 irreligiosis
1907 4978 2055 5032 deci-

2154 4981 2219 5031 ὲκ
2273 4978 2388 5029 τῶν
2430 4979 2528 5047 τῆς
2560 4977 2818 5042 ἀσεϐείας
2852 4964 3131 5051 περιπέσῃ
3178 4980 3464 5052 ῥημάτων.
3498 4983 3736 5055 Οἴδαμεν

467 5081 579 5133 dat.
615 5075 753 5131 Nam
785 5058 993 5130 scinius
1040 5073 1246 5129 multos
1294 5072 1545 5128 inﬁrmos
1587 5081 1878 5141 propterea
1933 5086 2055 5126 cor-

2155 5068 2264 5138 γὰρ
2288 5071 2351 5121 ὲκ
2378 5069 2566 5122 τούτου
2593 5070 3059 5140 παραϐλαϐέντας
3085 5072 3197 5125 τῶν
3222 5073 3578 5143 ἀστηρίκτων
3608 5076 3734 5129 πολκ

467 5172 665 5225 ruisse.

2158 5160 2304 5224 λούς.

539 5262 796 5321 Clericus.
843 5260 1037 5317 Utrum
1062 5261 1233 5317 tutius
1264 5267 1350 5315 est
1375 5258 1644 5315 disserere
1695 5273 1759 5313 ex
1796 5258 2052 5313 naturali-

2230 5263 2549 5330 Κληρικός.
2589 5263 2698 5317 Καὶ
2727 5263 2893 5317 πόθεν
2923 5265 3339 5337 ἀσφαλέστερον
3367 5266 3735 5337 διαλέγεσθαι,

471 5360 574 5415 bus
606 5357 1026 5427 cngitationibus
1055 5371 1123 5411 an
1156 5369 1188 5409 e
1221 5353 1440 5423 scriptis
1468 5351 1794 5407 testimoniis
1824 5352 1847 5404 ?

2160 5356 2225 5407 ὲκ
2252 5356 2498 5423 φυσικῶν
2529 5356 2771 5423 ἐννοιῶν,
2803 5355 2836 5428 ἢ
2872 5356 3160 5427 γραφικῶν
3201 5358 3561 5430 μαρτυριῶνς

540 5450 816 5522 Pontifex.
873 5450 915 5503 E
969 5449 1187 5519 scriptis
1235 5445 1571 5503 testimoniis
1609 5447 1721 5513 ;ita
1780 5444 2061 5506 enim,ait

2244 5449 2606 5517 Ἀρχιερεύς.
2649 5449 2782 5501 Ἀπὸ
2807 5449 2919 5502 τῶν
2946 5449 3117 5518 ἁγίων
3168 5451 3426 5522 Γραφῶν.
3448 5450 3606 5505 οὕτω
3632 5450 3744 5524 γάρ

472 5546 780 5603 Dominus:
816 5563 835 5598 ι
866 5541 1202 5598 Set-utamini
1233 5541 1570 5610 Scripturas,
1630 5538 1759 5608 quia
1812 5552 1910 5593 vos
1964 5553 2061 5607 pu-

2164 5553 2301 5609 φησι
2337 5542 2433 5592 καὶ
2474 5541 2502 5591 ὁ
2536 5539 2765 5611 Κύριος·
2812 5559 2831 5594 ι
2883 5542 3175 5612 Ἐρευνᾶτε
3222 5544 3322 5609 τὰς
3377 5545 3625 5616 Γραφὰς,
3661 5545 3747 5598 ὅτι

470 5639 600 5692 tatis
622 5639 680 5693 in
712 5637 845 5707 ipsis
871 5636 1037 5692 vitam
1092 5644 1350 5689 aeternam
1398 5632 1588 5687 haberi
1624 5648 1640 5696 ;
1671 5639 1728 5686 et
1779 5631 1885 5686 illae
1933 5640 2064 5686 sunt

2164 5632 2225 5684 ἐν
2281 5633 2468 5693 αὐταῖς
2501 5631 2712 5683 δοκεῖτε
2744 5633 2891 5704 ζωὴν
2948 5633 3169 5689 αἰώνιον
3203 5634 3349 5704 ἔχειν
3373 5651 3388 5668 ο
3443 5638 3540 5688 καὶ
3580 5631 3745 5688 αὗταί

470 5746 594 5801 qua:
635 5728 1007 5786 testimonium
1037 5726 1329 5797 perhibent
1357 5724 1425 5780 de
1448 5737 1557 5779 me.
1595 5741 1615 5775 ι
1652 5721 1866 5780 Poteris
1896 5723 2060 5777 etiam

2168 5724 2308 5776 εἰσιν
2345 5725 2402 5776 αἱ
2437 5725 2821 5794 μαρτυροῦσαι
2853 5728 2985 5798 περὶ
3013 5727 3171 5797 ἐμοῦ.
3204 5744 3222 5777 ι
3266 5727 3422 5780 Ἐστι
3446 5726 3493 5780 δ’
3524 5730 3615 5780 ὅτε
3652 5726 3746 5780 καὶ

472 5831 735 5895 praetcrea
758 5836 825 5878 ex
867 5819 1255 5878 communibus
1294 5816 1719 5889 cogitationibus
1772 5825 2064 5872 et-exem-

2167 5816 2276 5870 ἀπὸ
2303 5815 2500 5869 κοινῶν
2521 5816 2743 5870 ὲννοιῶν
2765 5804 2862 5873 καὶ
2886 5837 2961 5873 πα
2971 5819 3372 5891 ραόειγμάτων.
3395 5818 3540 5890 Πλὴν
3557 5820 3744 5873 ἐκεῖνα
