4066 6482
340 380 411 445 37
1394 375 1784 438 DIALOGUS
1822 373 2125 437 CONTRA
2168 374 2292 433 ΗιΕ
2303 372 2564 436 RESES.
3561 369 3634 434 38

342 494 582 561 λεκτέον,
611 494 821 563 ὅσαπερ
854 492 910 545 ἓν
952 492 1362 562 παραδείγμασι
1417 493 1527 544 τῶν
1560 494 1735 559 ἀγίων
1768 492 1922 543 πλεῖ-

2039 489 2132 556 ιιΙῑε
2167 488 2460 549 disserere,
2489 486 2672 557 qualia
2701 487 2883 556 plures
2911 486 3239 541 invenerunt
3271 485 3325 538 in
3363 487 3632 555 exemplis
3692 476 3703 489 ”

343 604 460 642 στοι
492 590 772 659 εἰρήκασι,
808 588 904 639 καὶ
962 586 1063 638 ὅσα
1123 588 1184 638 οὐ
1244 586 1382 658 πρὸς
1435 586 1760 638 ἐναντίωσιν
1816 584 1928 638 τῶν

344 683 515 750 ἁγίων
552 681 787 750 Γραφῶν
844 680 980 750 ὁρᾷτ
1040 679 1346 734 καὶταῦτα
1399 679 1476 742 ὡς
1523 679 1580 730 ὲν
1633 679 1926 747 παρέργῳ.

342 777 418 829 Οὐ
443 777 551 844 γὰρ
586 773 691 840 ἔξω
720 774 829 826 τῶν
866 773 1026 826 θείων
1059 773 1297 842 Γραφῶν
1327 771 1466 833 ὅλως
1509 770 1594 824 δεῖ
1625 771 1851 840 χωρεῖν,
1894 768 1926 838 ἢ

345 885 583 941 φρονειν.

937 1023 1192 1078 ΚΕΦΑΛ.
1243 1026 1324 1076 A'.

597 1164 756 1218 Κατὰ
781 1163 994 1226 ἀθέων,
1025 1160 1124 1216 καὶ
1163 1161 1261 1215 ὅτι,
1281 1161 1418 1215 ἐστι
1448 1161 1618 1226 Θεός.

419 1297 744 1365 Κληρικός.
789 1297 1035 1365 Ἐπειδὴ.
1075 1297 1276 1366 πάτερ,
1328 1297 1602 1367 διάφοροι,
1638 1297 1712 1360 ὡς
1739 1297 1927 1366 προεί-

349 1409 514 1461 ρηκα,
547 1389 692 1456 δᾶξαι
735 1389 955 1453 πολλοῖς
988 1389 1096 1442 τῶν
1139 1388 1372 1442 ἐθνικῶν
1431 1391 1561 1460 περὶ
1620 1389 1715 1443 τοῦ
1774 1389 1922 1443 θείου

348 1485 478 1544 εἰσὶ,
511 1485 606 1537 καὶ
639 1483 688 1535 οί
728 1481 830 1553 μὲν
861 1482 1075 1536 πολλῶν
1133 1481 1272 1536 θεῶν
1307 1481 1468 1554 ἔσχον
1505 1482 1740 1552 πλάνην,
1786 1484 1837 1536 οἱ
1870 1485 1928 1538 δὲ

347 1579 482 1631 Θεὸν
535 1579 632 1649 μὲν
662 1578 758 1632 ἕνα
810 1577 972 1648 δῆθεν
1015 1577 1361 1644 δοξάζουσιν,
1395 1577 1457 1630 οὐ
1488 1579 1926 1648 τρισυπόστατον

346 1672 424 1737 δὲ,
461 1670 580 1723 οὐδὲ
607 1669 715 1740 γὰρ
739 1669 1068 1740 ὁμολογοῦσι
1102 1669 1196 1723 τὸν
1228 1669 1322 1722 τοῦ
1359 1667 1498 1721 Θεοῦ
1531 1668 1706 1737 Λόγον
1743 1668 1835 1722 καὶ
1866 1667 1927 1720 τὸ

348 1763 574 1832 Πνεῦμα
623 1766 682 1814 τὸ
714 1761 892 1831 ἅγιον,
928 1763 976 1814 οἱ
1009 1761 1067 1814 δὲ
1103 1762 1198 1816 καὶ
1230 1760 1304 1831 μὴ
1353 1755 1496 1813 εἶναι
1554 1759 1688 1813 Θεὸν
1727 1759 1926 1812 ἀσεϐε-

2037 591 2378 646 sanetortun,
2403 596 2525 650 quae
2552 579 2855 650 Set-ipturis
2891 579 3067 634 sacris
3131 593 3478 648 nequaquam
3537 581 3634 632 ad-

2037 684 2348 738 versantur;
2373 676 2484 728 haee
2504 682 2685 728 autem
2709 673 2868 743 quasi
2893 688 2987 740 per
3002 675 3450 742 consequentiam
3475 687 3635 726 acre-

2035 769 2195 827 dunt.
2225 784 2331 822 non
2368 767 2513 822 enim
2550 775 2704 822 extra
2744 767 2959 822 divinas
3029 765 3346 836 Scripturas
3400 782 3631 835 prorsus

2035 869 2252 931 Oportet
2284 861 2584 932 procedere
2615 861 2698 915 vel
2750 861 3018 928 cogitare.

2652 1021 2881 1077 CAPUT
2925 1022 2966 1076 Ι.

2366 1160 2567 1217 Contra
2598 1163 2804 1228 atheos,
2835 1163 2976 1234 quod
3007 1175 3083 1218 est
3119 1164 3282 1220 Deus.

2104 1298 2368 1354 Clericus.
2407 1299 2702 1367 Quoniam,
2757 1299 2941 1364 Pater,
2988 1300 3134 1356 sicut
3182 1300 3431 1370 praedixi,
3473 1299 3636 1354 variae

1987 1417 1990 1420 ·
2033 1401 2158 1448 sunt
2188 1392 2436 1461 plurimis
2477 1407 2542 1446 ex
2575 1392 2872 1462 gentilibus
2897 1395 2961 1447 de
2992 1393 3216 1447 numine
3243 1392 3551 1462 Opiniones,
3582 1402 3637 1446 et

2031 1485 2121 1540 alii
2140 1486 2359 1552 quidem
2386 1486 2621 1556 plurium
2646 1486 2875 1540 deorum
2893 1502 3136 1540 errorem
3163 1495 3473 1556 sequuntur
3498 1502 3515 1554 ;
3543 1488 3633 1539 alii

2031 1593 2162 1634 vero
2190 1577 2358 1634 Deum
2379 1580 2600 1650 quidem
2623 1595 2791 1633 unum
2816 1579 3070 1645 credunt,
3104 1581 3196 1634 sed
3227 1596 3336 1633 non
3372 1582 3423 1633 in
3459 1580 3634 1634 tribus

2031 1673 2306 1744 personis,
2365 1688 2468 1728 nec
2497 1673 2831 1729 conﬁtentur
2855 1673 2949 1728 Dei
2983 1673 3219 1729 Verbum
3260 1683 3314 1728 et
3369 1674 3634 1744 Spiritum

2031 1774 2279 1820 sanctum
2313 1781 2331 1835 ς
2363 1763 2457 1818 alii
2481 1773 2662 1819 autem
2694 1765 2864 1820 Deum
2901 1781 3010 1820 non
3040 1781 3161 1820 esse
3182 1765 3348 1834 impio
3372 1781 3507 1821 ausu
3556 1767 3639 1821 di-

350 1859 560 1919 στάτως
586 1856 864 1926 εἰρήκασι,
886 1853 992 1907 τίνι
1021 1853 1210 1924 τρόπῳ
1237 1851 1372 1923 πρὸς
1400 1852 1501 1921 τὴν
1532 1851 1710 1923 ἀληθῆ
1735 1852 1922 1905 πίστιν

2039 1865 2250 1923 serunt,
2312 1869 2552 1925 quonam
2603 1857 2770 1912 modo
2806 1871 2902 1913 eos
2937 1859 3006 1912 ad
3043 1872 3224 1911 veram
3274 1856 3428 1909 (idem
3463 1867 3638 1912 attra-

347 1949 734 2018 ὲφελκὺσωμεν
785 1947 1005 2010 τούτους
1030 1963 1046 2014 ;

432 2044 781 2114 Ἅρχιερεύς.
818 2042 1042 2112 Πρῶτον
1075 2041 1174 2112 μὲν
1219 2040 1462 2107 ἐντεύξει
1498 2043 1564 2112 τῇ
1597 2039 1734 2111 πρὸς
1769 2040 1926 2106 Θεὸν,

354 2136 547 2191 ἔπειτα
590 2138 647 2189 δὲ
677 2135 1007 2190 ταπεινώσει
1049 2135 1145 2188 καὶ
1197 2133 1383 2206 ἔργοις
1415 2135 1641 2205 ἀγάπης
1676 2151 1930 2204 πνευμα-

313 2232 538 2301 ⁸τικῆς,
581 2230 854 2301 ἀμέμπτῳ
903 2247 964 2282 τε
1016 2229 1117 2300 βίῳ
1173 2228 1542 2301 μαρτυροῦντι
1591 2230 1691 2300 τὴν
1746 2230 1932 2282 πίστιν

351 2327 425 2390 ὡς
451 2329 544 2380 καὶ
577 2326 628 2378 οἱ
658 2325 950 2380 ἀπόστολοι
983 2321 1238 2387 ἐδίδαξαν
1284 2339 1343 2375 τε
1380 2324 1477 2377 καὶ
1511 2322 1722 2387 ἔδειξαν
1753 2339 1766 2352 ·
1797 2325 1931 2376 ἀπο-

352 2418 603 2472 στολικὸν
631 2419 738 2489 γὰρ
767 2416 926 2470 τοῦτο
957 2416 1019 2468 τὸ
1044 2413 1206 2484 ἔργον
1231 2432 1245 2447 ο
1277 2417 1371 2469 καὶ
1404 2415 1719 2469 τελευταῖον
1743 2415 1929 2483 λόγοις

348 2509 718 2578 ἀφιλονείκως
749 2510 862 2571 τοῖς
893 2506 1003 2560 ἀπὸ
1025 2507 1143 2570 ,τῶν
1178 2506 1340 2559 θείων
1367 2506 1632 2577 Γραφῶν.
1669 2506 1744 2560 Τὸ
1782 2507 1934 2576 φιλο-

347 2604 551 2655 νεικεῖν
578 2601 687 2672 γὰρ
714 2601 810 2655 καὶ
851 2600 1224 2672 διαμάχεσθαι
1251 2599 1352 2670 τῆς
1396 2599 1731 2671 Ἐκκλησίας
1772 2601 1928 2655 ἀλλό-

346 2715 374 2750 τ
383 2714 520 2768 ριον.
949 2733 952 2735 λ

913 2858 964 2930 3
1011 2857 1263 2911 ΚΙῙΦΛΛ.
1298 2855 1374 2909 B’.

352 2998 483 3051 ὀτι
510 2997 641 3051 ἐστι
667 2995 832 3062 Θεὸς,
877 2993 1203 3072 ἀπόδειξις
1223 2990 1426 3059 πρώτη
1448 2991 1568 3048 ἀπὸ
1598 2993 1718 3049 τῶν
1745 2996 1934 3066 ἁγίων

1006 3081 1276 3135 ηραερων.

428 3186 740 3252 Κληρικός.
793 3186 902 3238 Kal
937 3183 1102 3238 πόθεν
1163 3185 1253 3238 τὸν
1287 3183 1452 3238 ἄθεον
1501 3185 1784 3254 πείσωμεν
1842 3187 1927 3239 ὅτι

354 3277 473 3331 ἔστι
504 3276 663 3342 Θεό;;

423 3371 776 3440 ’Λρχιερεύς.
816 3372 1038 3443 Πρῶτον
1071 3373 1192 3442 μὲν,
1219 3372 1294 3436 ὡς
1326 3374 1658 3443 εἰρήκαμεν,
1687 3373 1796 3426 ἀπὸ
1817 3371 1926 3426 τῶν

348 3463 519 3533 ἁγίων
549 3464 822 3534 Pomptini;
845 3466 938 3517 τὸν
971 3465 1106 3516 Θεὸν
1140 3463 1522 3534 ὁμολογουσῶν
1550 3464 1640 3517 διὰ
1671 3465 1918 3531 πάντων,

357 3561 557 3630 μᾶλλον
587 3560 643 3613 δὲ
669 3559 850 3612 αἰτίαν
903 3557 1146 3628 ἐχουσῶν
1201 3559 1290 3611 τὸν
1321 3557 1476 3624 Θεὸν,
1535 3557 1631 3611 καὶ
1689 3559 1924 3628 ποιητὴν

353 3655 461 3708 τῶν
482 3653 615 3708 ὅλων
643 3653 806 3705 αὑτὸν
837 3651 1320 3719 καταγγελουσῶν,
1375 3653 1471 3704 καὶ
1501 3652 1587 3704 ἀεὶ
1621 3651 1751 3704 ὄντα
1784 3652 1926 3721 μετὰ

355 3746 449 3800 τοῦ
486 3746 656 3815 Λόγου
686 3743 851 3799 αὐτοῦ
884 3743 1092 3798 καὶτοῦ
1121 3743 1460 3814 Πνεῦματος.
1491 3745 1600 3798 Kal
1631 3743 1742 3813 γὰρ
1770 3745 1798 3796 ὁ
1826 3742 1927 3813 μὲν

364 3839 587 3907 Matini};
638 3853 837 3907 φησιν·
881 3854 897 3887 t
943 3837 1033 3891 Ἑν
1072 3839 1214 3908 ἀρχῇ
1271 3837 1527 3907 ἐποίησεν
1571 3842 1597 3888 ὁ
1633 3838 1769 3898 Θεὸς
1832 3837 1925 3889 τὸν

367 3930 580 4000 οὐρανὸν
614 3932 708 3984 καὶ
743 3929 841 4000 τὴν
876 3932 998 3999 γῆν.
1034 3930 1146 3982 Καὶ
1180 3923 1338 3982 εἶπεν
1384 3931 1412 3981 6
1444 3929 1599 3992 Θεὸς,
1631 3927 1921 3999 Γενηθήτω

359 4024 490 4093 φῶς,
523 4025 616 4078 καὶ
648 4022 863 4092 ἐγένετο
893 4021 1028 4089 φῶς,
1061 4039 1081 4074 ι
1114 4021 1208 4073 καὶ
1241 4022 1308 4074 τὰ
1329 4020 1494 4072 λοιπὰ
1528 4022 1749 4089 ὁμοίως.
1788 4020 1922 4081 Καὶ,

360 4134 379 4167 ι
434 4116 569 4180 Ἐγώ
595 4117 708 4185 εἰμι
731 4117 756 4167 ὁ
780 4112 874 4166 ὢν.
917 4132 935 4164 ι
967 4115 1075 4168 Καὶ
1108 4115 1165 4166 ὲν
1191 4115 1256 4182 τῇ
1289 4112 1462 4182 βάτῳ,
1506 4132 1522 4164 t
1571 4113 1716 4180 Ἐγώ
1749 4115 1864 4179 εἰμι
1897 4114 1925 4164 6

357 4210 489 4271 Θεὸς
549 4208 823 4278 Ἀϐραὰμ,
855 4208 949 4260 καὶ
977 4209 1003 4260 ὀ
1052 4207 1184 4270 Θεὸς
1211 4206 1428 4269 Ἰσαὰκ,
1465 4206 1558 4258 καὶ
1588 4206 1615 4258 6
1645 4205 1778 4268 Θεὸς
1822 4205 1925 4257 Ἰα-

353 4303 490 4368 κὼὸ,
531 4322 549 4355 ι
580 4303 673 4372 τὴν
699 4301 906 4372 Τριάδα
939 4302 1245 4372 σημαίνων.
1271 4302 1381 4354 Καὶ
1426 4300 1673 4370 περὶτοῦ
1707 4300 1924 4372 ἀνθρώ-

353 4415 456 4450 που
482 4413 496 4428 ·
538 4416 555 4449 ι
586 4398 693 4450 Kal
719 4394 872 4448 εἶπεν
902 4397 931 4449 6
952 4395 1104 4461 Θεὸς,
1136 4395 1464 4464 Ποιήσωμεν
1493 4395 1781 4465 ἄνθρωπον
1805 4395 1924 4448 κατ’

355 4490 540 4542 εἰκόνα
571 4489 846 4558 ἡμετέραν
882 4489 976 4540 καὶ
1004 4486 1129 4540 καθ’
1162 4488 1428 4556 ὁμοίωσιν
1453 4505 1466 4518 ·
1508 4506 1528 4540 ι
1567 4491 1662 4543 καὶ
1688 4492 1748 4541 ὲν
1790 4493 1925 4543 πᾶσι

351 4582 592 4653 ὶίωῦσῆς
626 4581 757 4635 Θεὸν
790 4575 930 4635 εἶναι
973 4581 1238 4642 διδάσκει,
1275 4581 1370 4633 καὶ
1424 4582 1599 4649 Λόγον
1640 4582 1786 4653 ἔχειν
1835 4584 1928 4636 τὸν
1964 4605 2004 4658 ι)

351 4675 507 4738 Θεὸν,
541 4673 632 4726 καὶ
661 4671 818 4742 ἅγιον
855 4672 1076 4744 Πνεῦμα
1097 4687 1110 4701 ο
1142 4673 1238 4725 καὶ
1261 4672 1344 4725 ὅτι
1379 4673 1468 4725 διὰ
1499 4672 1596 4725 τοῦ
1646 4676 1821 4742 Λόγον
1856 4676 1923 4729 τὰ

350 4767 529 4819 πάντα
559 4765 803 4834 ἐποίησε,
852 4765 950 4818 καὶ
978 4765 1057 4836 τῷ
1090 4763 1374 4833 Πνεῦματι
1409 4764 1576 4819 αὐτοῦ
1631 4766 1920 4820 ἐτελείωσε

353 4860 450 4912 καὶ
483 4858 702 4927 ήγίασε.
737 4859 844 4910 Καὶ
877 4858 1078 4919 πάντες
1104 4858 1160 4910 δὲ
1203 4858 1256 4909 οἱ
1303 4857 1588 4928 προφῆται
1640 4861 1778 4929 μετὰ
1827 4861 1922 4914 τοῦ

350 4951 517 5004 Δαὸὶδ
541 4949 698 5003 τοῦτο
722 4947 992 5013 ἐδίδαξαν.
1025 4949 1198 5012 Αὐτὸς
1238 4949 1296 5002 δὲ
1333 4951 1360 5002 6
1388 4949 1554 5004 Δαϐὶδ
1583 4951 1678 5003 καὶ
1717 4951 1928 5022 ἄφρονα

351 5044 505 5098 καλεῖ
534 5043 626 5104 τὸν
675 5043 750 5112 μὴ
785 5040 1158 5111 ὁμολογοῦντα
1187 5041 1341 5095 Θεόν.
1391 5041 1500 5093 Καί
1530 5059 1700 5112 φησιν
1728 5058 1741 5072 ·
1835 5041 1928 5097 Εἱ-

350 5154 450 5191 πεν
479 5140 671 5205 ἄφρων
688 5137 744 5189 ὲν
764 5135 965 5206 καρδίᾳ
988 5135 1156 5188 αὑτοῦ
1184 5149 1198 5164 ·
1234 5133 1350 5188 Οὐκ
1381 5133 1669 5198 ἔστιΘεὸς.
1704 5155 1722 5188 ι
1753 5136 1927 5189 Τοῦτο

350 5232 406 5284 δὲ
442 5231 635 5300 πόρρω
661 5228 842 5296 πάσης
887 5229 1032 5280 ἐστὶν
1075 5226 1362 5291 ἀσεϐείας,
1409 5227 1502 5280 xal
1539 5229 1703 5292 αὐτὸς
1739 5231 1849 5300 γὰρ
1901 5234 1928 5283 6

352 5321 594 5383 διάϐολος
625 5320 885 5389 ὁμολογεῖ
913 5313 1052 5371 εἶναι
1083 5317 1241 5385 Θεὸν,
1288 5318 1338 5370 εί
1369 5319 1466 5371 καὶ
1494 5319 1690 5372 ἑαυτὸν
1715 5322 1742 5372 6
1776 5321 1926 5372 ἀντί-

288 5434 292 5437 ·
354 5415 506 5476 θετος
553 5414 650 5466 καὶ
690 5409 894 5478 ἁσεὸὴς
927 5410 1268 5477 ἀντεισάγει,
1322 5411 1577 5464 κλέπτων
1637 5413 1737 5481 τὴν
1775 5415 1926 5470 θείαν

352 5509 541 5578 τιμήν.
569 5507 662 5559 Διὸ
691 5503 933 5566 καὶτοὺς
963 5503 1158 5565 ἀθέους
1189 5503 1579 5573 ἀπεπλάνησεν
1626 5505 1920 5576 Ἕλληνας,

351 5601 462 5662 τοῖς
526 5595 819 5667 στοιχείοις
870 5595 962 5648 καὶ
1009 5595 1312 5664 δαιμονίοις
1363 5594 1774 5663 ἀπατηθέντας,
1829 5601 1926 5652 καὶ

351 5687 498 5750 θεοὺς
529 5689 598 5740 τὰ
633 5687 914 5756 κτίσματα
941 5683 1340 5752 ὀνομάσαντας.
1377 5686 1562 5756 Πάντη
1596 5687 1690 5742 οὖν
1721 5688 1924 5758 ἄλογος

2034 1948 2228 2002 bemus
2252 1947 2274 2001 ?

2105 2039 2375 2111 Pontifex.
2436 2040 2680 2096 Primum
2741 2043 2961 2112 quidem
3027 2060 3122 2114 per
3178 2047 3496 2102 oratiOnem
3566 2046 3634 2100 ad

2033 2131 2229 2199 Deum,
2265 2135 2468 2191 deinde
2491 2151 2624 2193 vero
2655 2152 2750 2207 per
2775 2138 3143 2200 humilitatem
3175 2149 3232 2195 et
3259 2155 3424 2210 opera
3458 2142 3638 2195 chari-

2035 2229 2161 2283 tatis
2187 2228 2518 2298 spiritualis,
2556 2247 2650 2300 per
2703 2233 2872 2287 vitam
2929 2233 3462 2303 irrepreltensibilem
3519 2248 3642 2303 qua:
3679 2286 3686 2294 ,

2035 2321 2160 2376 lidei
2210 2323 2586 2378 testimoniqu
2623 2325 2894 2395 perhibet,
2933 2336 3095 2396 prout
3129 2325 3437 2383 docuerunt
3469 2337 3522 2382 et
3548 2344 3641 2383 os-

2035 2411 2326 2467 tenderunt
2355 2415 2585 2484 apostoli
2615 2432 2777 2483 ;nam
2806 2419 3166 2487 apostolicum
3195 2420 3442 2490 est'jstud
3463 2435 3636 2488 opus;

2033 2504 2271 2574 denique
2302 2513 2484 2562 autem
2517 2523 2613 2578 per
2654 2511 2820 2564 verba
2839 2510 3082 2568 minime
3115 2513 3379 2583 litigiosa,
3435 2515 3640 2586 quippe

2032 2596 2249 2669 litigare
2284 2608 2338 2653 ct
2361 2601 2694 2657 contendere
2723 2601 2982 2659 Ecclesiae
3019 2604 3264 2661 alienum
3291 2617 3394 2661 est.

2668 2846 2899 2901 CAPUT
2955 2848 3016 2902 ll.

2113 2981 2276 3036 Deum
2296 2999 2428 3051 esse,
2446 2983 2834 3040 demonstratio
2856 2987 3029 3056 prima
3051 3001 3114 3041 ea:
3133 2988 3304 3042 sacris
3337 2988 3561 3046 litteris.

2112 3163 2372 3220 Clericus.
2424 3164 2642 3230 Quibus
2692 3165 3036 3235 argumentis
3072 3165 3294 3222 atheum
3348 3178 3404 3223 ut
3451 3173 3638 3227 credat

1958 3231 1999 3286 ε
2039 3270 2164 3310 eSse
2207 3254 2378 3311 Deum
2422 3231 2926 3326 persuadebimus?

2105 3348 2376 3420 Pontifex.
2412 3349 2654 3405 Primum
2698 3351 2944 3422 quidem,
2976 3360 3037 3408 ut
3084 3353 3349 3418 diximus,
3393 3372 3424 3412 e
3459 3359 3634 3414 sacris

2036 3439 2337 3511 Scripturis
2364 3458 2489 3512 qua:
2535 3445 2700 3498 Deum
2739 3445 2792 3498 in
2822 3446 3081 3501 omnibus
3139 3448 3492 3514 comitentur,
3547 3452 3631 3504 vii

2034 3537 2215 3603 potius
2249 3544 2530 3591 auctorem
2585 3537 2788 3613 habent
2835 3538 3025 3604 Deum,
3083 3555 3323 3612 eumque
3381 3544 3628 3597 omnium

2031 3627 2290 3682 factorem
2325 3628 2629 3696 praedicant
2670 3630 2765 3699 qui
2797 3639 2875 3684 est
2913 3627 3130 3700 semper
3151 3648 3277 3687 cum
3304 3632 3484 3688 Verbo
3510 3636 3632 3704 ejus

2031 3729 2086 3774 et
2124 3720 2356 3789 Spiritu.
2403 3721 2614 3792 Moyses
2645 3723 2790 3778 enim
2825 3723 3083 3779 dixitztln
3118 3726 3387 3795 principio
3416 3738 3632 3784 cretht

2034 3811 2176 3868 Deus
2205 3813 2406 3868 coelum
2441 3823 2492 3868 et
2517 3824 2771 3870 terram.»
2809 3813 2872 3870 Et
2900 3816 3037 3870 dixit
3061 3816 3240 3871 Deus:
3278 3817 3393 3872 Fiat
3425 3820 3539 3884 lux,
3579 3834 3632 3872 et

2031 3905 2173 3960 facta
2209 3917 2292 3960 est
2322 3907 2433 3969 lux,
2463 3926 2482 3957 ι
2525 3919 2578 3960 et
2619 3909 3127 3997 cartei-a(similiter.
3160 3911 3228 3964 Et
3259 3928 3273 3964 :
3312 3929 3330 3962 ι
3368 3912 3475 3980 Ego
3504 3927 3628 3967 sum

2031 4003 2123 4072 qui
2151 4019 2271 4056 sum
2305 4023 2318 4064 ;
2355 4021 2374 4055 ι
2414 4013 2470 4057 et
2511 4005 2565 4057 in
2599 4005 2787 4056 ruhozt
2834 4003 2944 4073 Ego
2987 4021 3107 4058 sum
3149 4005 3289 4060 Deus
3325 4007 3625 4072 Abraham,

2031 4110 2083 4152 et
2127 4098 2270 4152 Deus
2298 4095 2472 4160 Isaac,
2508 4107 2567 4150 et
2597 4097 2741 4151 Dens
2775 4096 2999 4160 Jacob,»
3041 4097 3371 4154 Trinitatem
3404 4103 3627 4172 signiti-

2031 4207 2183 4246 cans.
2206 4190 2432 4260 Insuper
2451 4189 2520 4245 de
2542 4190 2764 4262 homine
2797 4209 2809 4244 :
2841 4210 2858 4242 ι
2886 4189 2952 4243 Ει
2976 4192 3118 4247 dixit
3138 4191 3313 4248 Deus:
3342 4193 3632 4250 Faciamus

2035 4284 2313 4339 hominem
2349 4285 2415 4338 ad
2447 4284 2742 4353 imaginem
2777 4295 2829 4339 et
2858 4287 3277 4342 similitudinem
3313 4300 3626 4344 nostram.»

2033 4379 2098 4432 Et
2137 4379 2342 4448 ubique
2406 4380 2626 4449 Moyses
2654 4380 2814 4434 docet
2869 4379 3036 4434 Deum
3105 4397 3252 4446 esse,
3349 4381 3630 4452 Deumque

2033 4472 2270 4529 Verbum
2295 4475 2500 4529 habere
2522 4484 2576 4529 et
2610 4477 2873 4542 Spiritum
2901 4486 3178 4538 sanctum,
3227 4491 3439 4531 necnon
3471 4495 3630 4532 eum-

2031 4567 2152 4619 dem
2192 4578 2287 4634 per
2339 4564 2577 4619 Verbum
2641 4567 2828 4619 omnia
2873 4565 3094 4631 fecisse,
3148 4581 3357 4637 suoque
3423 4569 3628 4635 Spiritu

2033 4641 2402 4712 consecrasse
2433 4665 2486 4709 ct
2519 4656 2921 4710 sanctilicasse.
2950 4655 3154 4711 Omnes
3180 4673 3309 4711 vero
3346 4661 3629 4729 prophetae

2036 4757 2158 4818 post
2187 4746 2358 4802 David
2390 4747 2535 4801 istud
2571 4747 2898 4814 docuerunt,
2934 4759 2990 4803 et
3019 4747 3190 4803 David
3218 4749 3335 4817 ipse
3367 4749 3625 4805 insanum

2033 4852 2195 4897 vocat
2227 4856 2352 4897 eum
2395 4840 2487 4911 qui
2515 4841 2680 4896 Deum
2717 4858 2825 4896 non
2849 4843 3144 4898 conﬁtetur
3175 4861 3189 4911 ;
3215 4855 3268 4899 et
3297 4848 3394 4901 ait:
3433 4865 3450 4898 ι
3485 4846 3630 4904 Dixit

2033 4936 2264 4993 insanus
2299 4937 2350 4988 in
2394 4936 2560 4990 corde
2592 4951 2727 4992 suo:
2763 4936 2882 4991 Non
2912 4949 2995 4994 est
3032 4939 3197 4994 Deus.
3228 4957 3246 4990 ι
3293 4939 3409 4995 Hoc
3443 4952 3626 4995 autent

2035 5047 2254 5086 omnem
2314 5031 2648 5102 impietatem
2709 5041 2957 5102 superat.
3023 5031 3134 5086 Imo
3193 5033 3311 5101 ipse
3374 5033 3630 5089 diabolus

2033 5126 2326 5180 conﬁtetur
2357 5125 2527 5178 Deum
2559 5140 2702 5189 esse,
2734 5126 2857 5180 licet
2880 5127 3240 5196 settietipsum
3277 5128 3630 5183 adversarius
3673 5137 3682 5144 ‘

2033 5226 2088 5271 et
2112 5219 2313 5296 impius
2336 5229 2578 5287 Opponat
2595 5217 2838 5273 divinam
2861 5220 3214 5290 surripiendo
3230 5225 3480 5290 gloriam.
3503 5218 3630 5275 Ideo

2032 5312 2223 5366 athcos
2246 5324 2430 5365 errare
2451 5311 2576 5366 fecit
2602 5313 2818 5368 Gracos
2841 5313 3124 5370 eletttentis
3150 5332 3330 5371 rerum
3355 5326 3409 5370 et
3431 5319 3630 5371 daemo-

2033 5406 2142 5462 niis
2180 5409 2407 5462 delusos
2439 5409 2682 5478 deosque
2722 5421 2983 5464 vocantes
3036 5423 3341 5467 creaturas.
3385 5410 3628 5466 Omnino

2035 5503 2201 5570 igitur
2257 5515 2450 5555 amens
2475 5511 2530 5555 et
2567 5504 2806 5555 tnaxiu‘te
2879 5503 3094 5569 atheus,
3148 5514 3203 5559 et
3261 5505 3626 5558 stultssimus

2035 5594 2432 5663 darmoniisqtte
2458 5585 2609 5663 pejor
2644 5596 2737 5664 qui
2774 5604 2936 5663 negat.
2975 5595 3145 5650 Deum
3200 5611 3349 5652 esse.
3419 5596 3522 5662 Qui
3557 5610 3626 5649 ex

2037 5688 2201 5744 dictis
2224 5688 2333 5757 jam
2367 5690 2609 5757 primum
2651 5675 3032 5742 convincitur.

347 5788 433 5835 καὶ
482 5784 790 5844 destinato;
845 5779 938 5833 καὶ
971 5781 1372 5849 ἀφρονέστατος
1426 5785 1522 5837 καὶ
1572 5786 1770 5856 χείρων
1813 5788 1916 5840 τῶν
1963 5788 2259 5858 δαιμονίων
2300 5789 2328 5839 6
2386 5787 2460 5856 μὴ
2512 5785 2687 5852 λέγων
2723 5781 2868 5838 εἶναι
2934 5785 3091 5851 Θεὸν,
3145 5786 3242 5841 καὶ
3311 5788 3375 5840 ἐκ
3430 5785 3626 5841 τούτου

352 5881 442 5944 μὲν
471 5878 695 5947 πρῶτον
726 5873 1141 5943 ἐλεγχθήσεται.
