4066 6450
446 344 517 408 39
1291 337 1677 401 δΥΜΕΟΝΙ.)
1704 335 2048 397 THESSAL

2166 330 2472 393 [CENSIS
2510 327 2872 390 ARCHIEP.
3662 322 3732 385 40

1080 451 1309 507 CAPUT
1328 451 1421 507 lll.

449 564 619 621 Deum
651 582 785 629 esse,
819 567 1204 619 demonstratio
1238 563 1470 618 secunda
1499 564 1665 629 petita
1699 566 1764 613 ab
1796 562 1909 629 ipso
1940 560 2041 611 Ito-

522 638 689 719 mine,
716 638 808 708 qui
840 637 905 690 de
923 636 1029 690 Deo
1056 634 1514 699 notionemhabet,
1540 633 1773 702 laqnitur
1798 642 1847 685 et
1870 629 2045 698 inqui-

528 718 622 762 ηε.

523 820 728 875 Deinde
746 819 961 875 eruitur
978 828 1362 889 argumentum
1378 835 1443 873 ex
1469 819 1589 889 ipsa
1628 816 1868 871 hominis
1892 829 2013 867 men
2026 842 2043 853 -

450 921 502 967 te
532 930 651 981 qua:
679 915 747 968 de
770 912 880 967 Deo
904 912 1144 983 indagat,
1203 913 1406 983 quippe
1453 911 1521 966 de
1570 909 1678 965 Deo
1710 909 1969 975 indagare
1992 916 2046 960 et

452 1003 706 1057 meditari
735 1003 929 1057 edocet
969 1002 1138 1057 Deum
1169 1019 1293 1059 esse
1321 1002 1466 1057 illius
1504 1001 1703 1055 mentis
1736 1007 2046 1077 auctorem,

448 1104 503 1148 et
535 1095 710 1163 ipsum
738 1109 859 1149 esse
881 1105 1115 1149 mentem
1152 1102 1433 1151 aeternam.
1460 1091 1612 1150 Meus
1637 1099 1820 1144 autem
1853 1095 2042 1142 nostra

448 1190 517 1242 de
567 1188 679 1243 Deo
725 1186 905 1242 Verho
956 1187 1234 1242 disserens
1296 1186 1475 1255 ipsum
1556 1183 1749 1247 Deum,
1805 1190 2040 1235 mentem

449 1292 707 1335 mter-nam
733 1279 1071 1335 demonstrat
1102 1277 1341 1333 Verbum
1390 1277 1615 1331 habere.
1639 1275 1849 1329 Etcum
1894 1274 2042 1327 vivat

458 1373 506 1428 is
536 1374 628 1441 qui
658 1372 725 1428 de
751 1372 861 1428 Deo
894 1372 1188 1427 meditatur
1218 1381 1272 1426 et
1314 1371 1581 1440 loquitur,
1614 1368 1783 1423 vitam
1813 1380 2040 1436 quoque

454 1467 507 1520 in
546 1466 658 1521 Deo
716 1482 843 1522 esse
910 1474 1144 1520 testatur
1202 1462 1470 1531 Spiritum
1535 1473 1813 1518 sanctum.
1887 1458 2045 1516 Unde

448 1568 664 1613 constat
703 1568 941 1613 mentem
979 1556 1142 1612 istam
1204 1555 1482 1610 hominem
1532 1553 1854 1619 creavisse;
1915 1568 2043 1607 nam

448 1663 612 1701 ouum-
636 1647 781 1717 quod
813 1646 1014 1702 factum
1076 1654 1163 1701 est
1212 1655 1497 1699 auctorem
1578 1656 1738 1697 suum
1788 1641 2042 1713 inquirit.

449 1737 719 1803 Quoniam
772 1752 902 1791 vero
960 1752 1115 1791 mens
1192 1736 1434 1790 hominis
1495 1733 1813 1806 intelligens
1852 1743 1966 1788 ’est
1990 1742 2046 1788 et

2074 454 2121 508 Δ

2761 440 3016 493 ΚΕΦΑΛ.
3055 439 3129 493 Γθ.

2148 557 2279 611 Ὀτι
2306 558 2441 610 ἐστι
2473 556 2641 621 Θεὸς,
2662 552 2976 618 ἀπόδειξις
2990 552 3243 621 δευτέρα
3266 553 3370 607 ἀπ’
3398 551 3587 606 αὐτοῦ
3619 552 3732 607 τοῦ

2214 630 2535 695 ἀνθρώπου
2569 625 2887 690 νοοῦντος.
2910 624 3011 677 καὶ
3036 622 3327 692 λέγοντος
3357 622 3459 677 καὶ
3485 621 3731 690 ζητοῦν-

2218 716 2321 761 τος
2354 697 2492 764 περὶ
2532 697 2708 750 Θεοῦ.

2220 812 2455 865 Ἔπειτα
2507 810 2565 863 δὲ
2597 813 2691 866 καὶ
2722 809 2819 863 ἀπ’
2851 810 3021 863 αὑτοῦ
3047 808 3143 862 τοῦ
3190 807 3535 877 ἀνθρωπίνου
3583 806 3728 872 νοὸς,

2147 903 2443 974 ζητοῦντος
2468 904 2601 973 περὶ
2649 900 2787 955 Θεοῦ
2808 916 2824 933 ’
2853 900 2914 956 τὸ
2936 900 3120 972 ζητεῖν
3167 900 3273 969 γὰρ
3304 898 3433 967 περὶ
3465 896 3603 950 Θεοῦ
3634 895 3727 949 καὶ

2145 998 2395 1067 θεωρεῖν,
2419 996 2502 1050 ὅτι
2523 996 2657 1059 Θεός
2682 996 2835 1049 ἐστιν
2864 993 3175 1049 ἐκδιδάσκει
3212 993 3386 1056 αῖτιος
3415 991 3606 1046 τούτου
3635 988 3725 1044 τοῦ

2145 1092 2286 1156 νοὸς,
2320 1093 2419 1144 καὶ
2451 1084 2608 1155 οὗτος
2638 1090 2880 1160 ἄναρχος
2908 1088 3057 1152 νοῦς.
3084 1088 3195 1142 Καὶ
3224 1088 3254 1139 6
3289 1086 3413 1151 νοῦς
3442 1087 3499 1141 δὲ
3529 1088 3559 1140 6
3588 1085 3727 1158 ἡμέ-

2143 1200 2303 1253 τερος
2332 1183 2478 1254 λόγῳ
2526 1181 2770 1254 ἐρευνῶν
2804 1181 2938 1252 περὶ
2975 1180 3140 1245 Θεοῦ,
3188 1180 3281 1234 τὸν
3322 1179 3563 1249 ἄναρχον
3599 1177 3728 1232 νοῦν

2145 1276 2238 1328 τὸν
2269 1275 2424 1340 Θεὸν,
2451 1276 2548 1329 καὶ
2577 1274 2753 1346 Λόγον
2786 1273 2935 1345 ἔχειν
2964 1273 3233 1329 διδάσκει.
3266 1273 3379 1328 Καὶ
3420 1272 3532 1335 ζῶν
3563 1270 3619 1324 δὲ
3652 1269 3731 1325 ὣν

2144 1370 2173 1422 6
2208 1369 2343 1439 περὶ
2373 1368 2510 1422 Θεοῦ
2536 1366 2927 1437 διανοούμενος
2958 1367 3055 1420 καὶ
3082 1365 3289 1431 λαλῶν,
3343 1364 3438 1418 καὶ
3469 1362 3616 1434 ζωὴν
3665 1362 3727 1416 ἐν

2143 1460 2225 1532 τῷ
2257 1460 2378 1532 Θεῷ
2415 1455 2559 1514 εἶναι
2588 1461 2883 1532 μαρτυρεῖ,
2920 1460 2983 1513 τὸ
3031 1458 3262 1529 Πνεῦμα
3298 1457 3358 1511 τὸ
3401 1458 3595 1524 ἄγιονο
3631 1456 3729 1509 καὶ

2145 1554 2227 1607 ὅτι
2285 1553 2624 1624 δημιουργὸς
2677 1544 2833 1616 οὗτος
2870 1554 2899 1606 6
2947 1550 3074 1616 νοῦς
3118 1549 3214 1604 τοῦ
3259 1548 3576 1620 ἀνθρώπου.
3611 1547 3728 1602 Πᾶν

2146 1647 2254 1717 γὰρ
2284 1646 2509 1713 γεγονὸς
2538 1645 2696 1713 ζητεῖ
2726 1644 2924 1699 τούτου
2960 1645 3055 1698 τὸν
3103 1643 3302 1697 αἴτιον.
3341 1641 3499 1694 Ἐπεὶ
3525 1640 3581 1694 δὲ
3634 1640 3731 1693 καὶ

2146 1737 2336 1806 νοερδς
2387 1738 2484 1790 καὶ
2514 1735 2831 1798 διασατικὸς
2883 1738 2913 1789 6
2969 1736 3096 1799 νοῦς
3136 1734 3232 1789 τοῦ
3267 1732 3582 1804 ἀνθρώπου,
3631 1730 3727 1784 καὶ

455 1846 581 1885 acer
626 1840 681 1884 et
718 1830 993 1899 expedita,
1029 1843 1238 1883 necnon
1274 1825 1581 1897 praevidens
1613 1836 1667 1881 et
1688 1825 2030 1896 contempla.

2153 1831 2331 1899 ταχὺς,
2367 1830 2737 1900 προνοητικός
2768 1845 2829 1881 τε
2877 1828 2976 1881 καὶ
3024 1827 3364 1896 θεωρητικὸς
3417 1825 3525 1879 τῶν
3554 1825 3726 1877 ὄντων

453 1924 783 1987 tiva,rursus
828 1921 1018 1977 eadem
1073 1922 1313 1976 divinam
1389 1929 1622 1976 testatur
1675 1928 1934 1987 mentem,
1983 1929 2039 1976 et

453 2020 721 2082 quantum
757 2013 873 2066 tieri
902 2020 1078 2078 potest
1095 2026 1214 2067 eam
1238 2011 1460 2082 efﬁngit;
1493 2026 1619 2066 nam
1642 2012 1689 2066 si
1724 2013 1886 2065 homo
1921 2021 2041 2066 tan-

456 2118 509 2159 ta
534 2105 637 2159 fert
667 2106 719 2158 in
775 2119 874 2158 sua
914 2113 1118 2169 mente,
1164 2120 1359 2174 magna
1421 2118 1551 2175 ergo
1610 2111 1695 2158 est
1745 2118 1919 2170 mens,
1988 2113 2043 2159 et

454 2198 573 2252 sine
622 2196 915 2268 principio,
966 2195 1106 2250 etin
1151 2204 1418 2249 aeternum
1488 2192 1680 2249 vivens
1741 2194 1805 2248 ad
1865 2209 2031 2263 quam

455 2306 647 2347 onmes
700 2290 986 2361 eriguntur
1021 2298 1255 2351 mentes,
1323 2303 1484 2358 quam
1547 2288 1860 2357 inquirunt,
1916 2304 2041 2358 quae

454 2392 541 2439 est
575 2382 754 2438 omnis
807 2381 1175 2451 intelligentiae
1215 2398 1319 2451 pax
1353 2392 1408 2436 et
1442 2381 1679 2452 requies.
1716 2380 1783 2436 Et
1814 2381 1928 2436 haec
1956 2391 2040 2438 est

462 2492 614 2533 mens
641 2485 847 2531 aeterna
880 2472 1117 2529 Verbum
1178 2482 1290 2543 seu.
1313 2474 1578 2529 rationem
1614 2472 1818 2530 habens
1848 2474 2047 2529 viven-

459 2580 602 2634 tem,
640 2569 706 2624 ad
742 2584 906 2639 quam
937 2569 1183 2623 elevatur
1243 2568 1426 2622 omnis
1473 2568 1651 2635 ratio;
1709 2584 1834 2622 nam
1892 2583 2047 2624 mens

459 2678 567 2717 non
613 2673 699 2717 est
756 2662 875 2716 sine
935 2661 1122 2723 verbo,
1178 2660 1253 2714 ita
1310 2670 1372 2715 ut
1434 2675 1589 2715 mens
1647 2669 1850 2714 interna
1901 2659 2048 2714 Deus

458 2759 617 2814 Pater
665 2769 719 2812 et
774 2755 1013 2809 Verbum
1053 2755 1279 2820 habeat,
1306 2769 1396 2822 per
1428 2753 1570 2822 quod
1602 2752 1779 2807 solum
1810 2750 2048 2806 Verbum

460 2850 765 2919 spiritUalia
796 2849 980 2902 omnia
1015 2858 1143 2901 sunt
1197 2846 1408 2899 ratione
1441 2845 1689 2913 prazdita,
1724 2854 1832 2898 tam
1860 2845 2041 2915 angeli

458 2959 622 3013 quam
650 2942 869 3003 animm,
905 2939 1282 3009 sapientiaque
1310 2948 1361 2991 et
1389 2937 1639 2991 doctrina
1672 2938 1975 3007 replentur,
1998 2947 2051 2992 et

460 3049 615 3089 mens
643 3034 742 3087 ista
766 3032 879 3087 sola
906 3039 957 3083 et
975 3031 1144 3100 prima
1173 3038 1226 3082 et
1252 3028 1438 3081 vivens
1466 3040 1519 3082 et
1541 3043 1754 3097 semper
1776 3030 2050 3083 exsistens

462 3125 628 3178 vitam
656 3124 706 3176 in
743 3121 1037 3191 semetipsa
1066 3130 1229 3189 atque
1264 3135 1327 3172 ex
1353 3120 1642 3188 semetipsa
1666 3121 2047 3189 procedentem

466 3215 659 3268 haheat
719 3223 773 3267 et
825 3213 988 3276 ferat,
1071 3210 1332 3280 Spiritum
1399 3218 1649 3263 sanctum
1730 3224 1823 3278 per
1888 3224 2046 3277 quem

461 3304 765 3375 Spiritualia
797 3304 979 3357 omnia
1030 3302 1301 3371 spirituali
1338 3305 1449 3354 vita
1477 3301 1683 3366 vivant,
1731 3311 1784 3354 et
1816 3300 2047 3368 spiritus

464 3400 575 3454 sint
633 3415 698 3452 ex
756 3393 984 3467 Spiritu,
1055 3405 1110 3449 et
1172 3394 1662 3455 sanctiticationeni
1727 3409 1794 3449 ex
1859 3403 2049 3448 sancto

466 3491 820 3560 participent,
846 3504 1054 3543 necnon
1083 3486 1455 3541 fortitudinem
1480 3495 1535 3539 et
1555 3496 1757 3539 motum
1781 3484 2054 3554 accipiant

463 3598 531 3638 ex
560 3581 655 3637 illo
677 3582 1053 3649 omnipotente
1071 3577 1160 3648 qui
1196 3578 1454 3632 omnibus
1478 3577 1775 3646 potentiam
1800 3577 2048 3647 largitur,

466 3677 589 3731 ideo
619 3683 672 3730 et
706 3675 822 3743 ipse
854 3673 945 3744 qui
991 3673 1157 3727 Deum
1188 3672 1375 3741 ahjicit
1401 3681 1455 3724 et
1486 3670 1689 3740 cogitat
1721 3679 1775 3725 et
1829 3669 1963 3723 vivit
1999 3678 2054 3723 et

470 3761 706 3823 Verbum
741 3767 901 3821 habet
927 3766 980 3819 in
1039 3765 1356 3834 semetipso.
1403 3764 1572 3817 Deum
1631 3778 1761 3831 ergo
1812 3769 2045 3816 testatur

469 3861 631 3913 homo
694 3856 749 3912 in
814 3858 1132 3925 semetipso,
1213 3866 1552 3927 quaprOpter
1618 3856 1885 3924 scriptum
1962 3866 2048 3908 εει

469 3952 745 4007 hominem
786 3949 854 4005 ad
892 3949 1187 4020 imaginem
1240 3948 1337 4002 Dei
1391 3946 1562 4003 fuisse
1605 3956 1876 4002 creatum.

1101 4062 1328 4120 CAPUT
1354 4063 1441 4119 ιν.

472 4184 637 4238 Deum
660 4198 789 4245 esse,
815 4181 1195 4235 demonstratio
1221 4180 1380 4234 tertia
1404 4179 1467 4231 ab
1501 4180 1617 4243 ipsa
1677 4190 1923 4234 creatura
1949 4199 1966 4236 :
2003 4193 2054 4238 et

542 4254 883 4323 productione
916 4253 1051 4321 ejus,
1093 4250 1229 4304 bona
1253 4250 1607 4313 ordinatione,
1642 4252 1973 4321 providentia
1999 4269 2047 4307 et

541 4325 948 4393 dispensatione.

543 4415 662 4483 Ipsa
692 4417 855 4468 etiam
886 4415 1093 4468 creatio
1141 4412 1411 4467 artiﬁcem
1462 4421 1716 4476 testatur,
1744 4422 1799 4467 et
1857 4412 1937 4467 fas
1973 4425 2056 4468 est

2143 1921 2286 1985 ἔστι,
2318 1922 2593 1991 μαρτυρεῖ
2621 1921 2713 1973 τὸν
2746 1920 2891 1973 θεῖον
2919 1917 3046 1971 νοῦν
3082 1918 3248 1972 πάλιν
3285 1916 3475 1981 αὐτὸς,
3515 1914 3614 1968 καὶ
3645 1913 3723 1975 ὡς

2143 2013 2390 2076 δυνατὸν,
2415 2012 2581 2067 αὑτὸν
2599 2010 2936 2076 ἐξεικονίζει.
2967 2010 3028 2064 Ei
3056 2009 3164 2081 γὰρ
3183 2008 3472 2078 ἄνθρωπος
3495 2005 3729 2060 τοιαῦτα

2145 2106 2303 2178 φέρει
2336 2108 2398 2160 ὲν
2432 2106 2513 2177 τῷ
2542 2105 2740 2159 ἑαυτοῦ
2778 2105 2883 2171 vol,
2920 2104 3029 2176 ἄρα
3064 2104 3158 2157 καὶ
3190 2103 3362 2173 μέγας
3406 2101 3527 2155 ἐστὶ
3580 2097 3730 2165 νοῦς,

2146 2200 2242 2254 καὶ
2270 2200 2531 2272 ἄναρχος,
2566 2200 2661 2256 καὶ
2692 2200 2781 2254 ἀεὶ
2805 2198 2903 2264 ὢν,
2936 2198 3076 2268 πρὸς
3103 2197 3163 2251 ὃν
3192 2197 3495 2266 ἀνάγονται
3523 2195 3724 2255 πάντες

2147 2294 2287 2360 νόες,
2320 2298 2416 2347 καὶ
2466 2293 2527 2347 ὃν
2562 2292 2813 2363 ζητοῦσι,
2848 2292 2940 2346 καὶ
2976 2291 3034 2355 ὃς
3088 2290 3250 2361 μόνος
3291 2289 3495 2353 παντὸς
3529 2288 3726 2358 νοεροῦ

2148 2386 2267 2439 ἐστι
2297 2384 2395 2439 καὶ
2424 2384 2781 2451 κατάπαυσις
2815 2383 2912 2437 καὶ
2961 2382 3293 2446 ἀνάπαυσις.
3343 2381 3456 2434 Καὶ
3506 2373 3665 2443 οὗτος
3698 2380 3728 2431 6

2148 2479 2385 2548 ἄναρχος
2420 2477 2568 2542 νοῦς,
2606 2476 2767 2550 λόγον
2814 2475 2930 2546 ἔχει
2967 2475 3171 2541 ζῶντα,
3206 2473 3344 2545 πρὸς
3374 2474 3434 2528 όν
3463 2474 3732 2541 ἀναφέρε-

2148 2585 2239 2622 ται
2268 2568 2424 2637 λόγος
2454 2568 2621 2632 ἄπας.
2668 2568 2803 2621 Οὐδὲ
2851 2568 2963 2639 γάρ
3013 2570 3131 2622 ἐστι
3172 2567 3299 2633 νοῦς
3346 2569 3471 2639 δίχα
3541 2568 3723 2638 λόγου,

2151 2659 2295 2713 ὥστε
2339 2662 2368 2713 6
2398 2660 2636 2733 ἄναρχος
2664 2660 2792 2725 νοῦς
2828 2662 2856 2714 6
2893 2660 3027 2724 Θεὸς
3056 2661 3151 2714 καὶ
3196 2661 3387 2732 Πατὴρ
3416 2662 3514 2716 καὶ
3553 2664 3728 2731 Λόγον

2151 2753 2265 2824 ἔχει
2290 2769 2304 2785 ο
2343 2753 2411 2808 δι’
2450 2754 2511 2807 ὃν
2537 2754 2712 2821 Λόγον
2752 2754 2844 2810 τὸν
2894 2755 3075 2825 μόνον,
3101 2757 3197 2809 καὶ
3248 2755 3318 2810 τὰ
3350 2757 3513 2826 νοερὰ
3549 2757 3731 2811 πάντα

2153 2848 2258 2899 εἰσὶ
2289 2845 2502 2912 λογικὰ,
2540 2846 2590 2897 oi
2613 2844 2834 2913 ἄγγελοί
2868 2862 2928 2899 τε
2962 2846 3057 2899 καὶ
3082 2846 3136 2898 αἱ
3170 2845 3364 2915 ψυχαὶ,
3405 2848 3499 2901 καὶ
3532 2850 3732 2917 σοφίας

2154 2931 2567 3008 πεπληρωμένα
2606 2939 2703 2991 καὶ
2755 2938 3049 3005 γνώσεως’
3085 2942 3181 2993 καὶ
3207 2939 3362 3000 οὗτος
3395 2943 3422 2993 6
3469 2940 3593 3003 νοῦς
3640 2932 3749 2995 καὶΔ

2157 3031 2321 3099 μόνος
2353 3029 2447 3082 καὶ
2481 3029 2699 3100 πρῶτος
2744 3032 2840 3083 καὶ
2871 3030 3005 3095 ζῶν,
3033 3033 3130 3085 καὶ
3160 3033 3249 3085 ἀεὶ
3297 3030 3396 3099 ὢν,
3440 3034 3534 3086 καὶ
3589 3032 3737 3105 ζωὴν

2157 3126 2213 3176 ὲν
2243 3122 2424 3191 ἑαυτῷ
2452 3124 2546 3176 καὶ
2580 3121 2641 3186 ἐξ
2690 3122 2887 3175 ἑαυτοῦ
2915 3123 3219 3193 προϊοῦσαν
3250 3122 3368 3193 ἔχει
3420 3124 3513 3177 καὶ
3548 3125 3734 3195 φέρει,

2154 3218 2215 3268 τὸ
2255 3215 2481 3285 Πνεῦμα
2516 3216 2579 3268 τὸ
2610 3216 2792 3282 ἅγιον,
2823 3215 2893 3268 δι’
2912 3208 2974 3268 οὗ
3006 3216 3101 3269 καὶ
3126 3216 3193 3269 τὰ
3216 3216 3380 3287 νοερά
3403 3219 3583 3271 πάντα
3608 3236 3735 3273 νοε-

2157 3308 2263 3379 ρῶς
2302 3307 2471 3373 ζῶσιν
2528 3310 2594 3362 ἐκ
2663 3309 2832 3377 ζωῆς,
2885 3310 2980 3362 καὶ
3027 3310 3320 3379 πνεύματά
3352 3311 3491 3364 εἰσιν
3529 3314 3593 3364 ὲκ
3643 3312 3746 3365 τοῦ

2154 3398 2495 3469 Πκιεύματος,
2523 3398 2620 3453 καὶ
2655 3398 2934 3467 ἀγιασμοῦ
2972 3400 3193 3470 μετέχει
3223 3403 3292 3454 ὲκ
3317 3401 3411 3454 τοῦ
3432 3402 3616 3470 ἁγίου,
3639 3404 3743 3457 καὶ

2154 3490 2444 3560 δυνάμεως
2474 3491 2531 3543 δὲ
2560 3490 2656 3543 καὶ
2688 3492 2962 3559 κινήσεως
2989 3493 3054 3543 ὲκ
3079 3492 3173 3545 τοῦ
3199 3492 3618 3563 παντοδυνάμου
3646 3496 3749 3550 καὶ

2154 3586 2290 3638 πᾶσι
2319 3584 2554 3647 διδόντος
2597 3583 2852 3653 δύναμιν.
2893 3584 2986 3638 Διὸ
3037 3586 3130 3638 καὶ
3179 3586 3344 3651 αὐτὸς
3391 3588 3419 3640 ό
3466 3588 3559 3644 τὸν
3598 3589 3741 3645 Θεὸν

2159 3676 2371 3732 ἀθετῶν
2410 3680 2507 3732 καὶ
2540 3680 2650 3730 νοεῖ
2688 3680 2780 3729 καὶ
2811 3678 2902 3748 ζῇ,
2960 3684 3054 3731 καὶ
3105 3678 3262 3748 λόγον
3292 3679 3408 3750 ἔχει
3438 3681 3496 3734 ὲν
3530 3681 3738 3751 ἑαυτῷ.

2158 3770 2266 3823 Τὸν
2296 3771 2432 3824 Θεδν
2463 3770 2572 3839 ἄρα
2614 3772 2887 3840 μαρτυρεῖ
2921 3770 3209 3839 ἄνθρωπος
3244 3772 3302 3826 ὲν
3335 3773 3537 3843 ἐαυτῷ.
3585 3775 3749 3831 Ἐπεὶ

2156 3865 2252 3918 καὶ
2280 3861 2403 3916 κατ’
2434 3861 2619 3915 εἰκόνα
2650 3862 2706 3934 ﬁ,
2729 3861 2866 3915 Θεοῦ
2900 3864 2928 3915 6
2962 3863 3250 3934 ἄνθρωπος
3290 3865 3624 3936 γέγραπται.

2742 4041 3005 4124 unum.
3054 4068 3128 4124 ι’.

2158 4178 2288 4233 ’Ὁτι
2314 4178 2444 4256 ἐστι
2497 4181 2663 4256 Θερς,
2697 4181 3012 4250 ἀπόδειξις
3061 4186 3228 4256 τρίτη
3262 4184 3366 4239 ἀπ’
3400 4186 3592 4255 αὐτῆς
3625 4189 3742 4256 τῆς·

2230 4252 2507 4327 κτίσεως,
2529 4252 2738 4327 τῆς-,τε
2770 4254 3156 4327 παραγωγῆς,
3189 4258 3287 4327 καὶ
3315 4252 3613 4327 εὐταξίαξ,
3640 4252 3747 4315 καί

2228 4323 2537 4389 προνοίας,
2571 4323 2669 4375 καὶ
2692 4323 3053 4391 διοικήσεως
3090 4326 3305 4393 αὐτῆς.

2234 4414 2343 4467 Καὶ
2373 4413 2513 4483 αῦτη
2545 4414 2603 4466 δὲ
2654 4415 2749 4467 καὶ
2788 4416 2968 4479 κτίσις
2998 4418 3089 4470 τὸν
3130 4418 3467 4490 δημιουργὸν
3531 4438 3742 4491 μαρτυ-

472 4524 535 4562 ex
564 4506 870 4562 visibilibns
896 4506 1133 4559 visibilia
1178 4504 1517 4573 conspicere.
1541 4504 1699 4570 Quod
1739 4507 1814 4559 ait
1847 4506 2048 4561 Paulus

2165 4510 2251 4578 ρεῖ
2274 4523 2286 4537 ·
2343 4509 2439 4562 καὶ⁵
2471 4509 2535 4561 ὲκ
2567 4508 2679 4560 τῶν
2706 4510 3003 4580 ὁρωμένων
3041 4513 3134 4566 τὸν
3167 4513 3400 4582 ἀόρατον
3437 4515 3551 4569 ἔστι
3586 4533 3747 4570 κατι-

474 4603 723 4656 scribens
742 4616 755 4653 :
786 4618 802 4649 ι
828 4596 1124 4652 lnvisibilia
1147 4597 1318 4666 ipsius
1340 4611 1370 4651 a
1396 4607 1645 4651 creatura
1667 4599 1855 4653 mundi
1876 4615 1969 4668 per
1990 4614 2054 4653 ea

474 4709 595 4764 qua:
624 4693 762 4747 facta
787 4700 913 4746 sunt
935 4691 1209 4745 intellecta
1229 4691 1681 4760 conspiciuntur:
1722 4693 2054 4761 sempiterna

476 4800 697 4856 quoque
723 4784 844 4855 ejus
870 4783 1043 4836 virtus
1067 4793 1121 4835 et
1145 4782 1426 4836 divinitas.
1455 4801 1472 4833 ι
1513 4783 1643 4849 Quis
1666 4785 1811 4837 enim
1838 4801 2053 4839 sursum

481 4876 663 4946 posuit
693 4873 1094 4942 cmlum?quis
1132 4874 1183 4926 in
1238 4876 1415 4927 medio
1474 4874 1863 4943 .terram?quis
1925 4876 2054 4928 illud

482 4966 702 5037 quidem
732 4964 851 5018 sine
886 4963 1067 5032 quiete
1095 4974 1298 5030 movet,
1325 4972 1546 5032 tamque
1579 4966 1806 5033 pulchro
1827 4966 2019 5020 ordme
2041 5004 2058 5031 ,

449 5064 616 5115 'huic
674 5075 803 5113 vero
868 5066 1187 5127 potestatem
1263 5057 1413 5111 dedit
1478 5056 1697 5126 plautas
1759 5059 2058 5112 secundum

487 5163 730 5220 tempora
771 5150 1102 5219 producendi
1125 5148 1147 5200 ?
1172 5146 1322 5202 Unde
1345 5148 1445 5201 soli
1478 5148 1740 5217 splendor
1770 5159 1825 5202 et
1845 5149 2061 5202 virtus?

485 5242 735 5305 Quanam
781 5253 944 5291 manu
977 5238 1314 5307 gubernatus
1368 5247 1517 5291 motu
1561 5240 1736 5295 [ertur
1770 5240 1982 5302 orbico,
2010 5252 2063 5293 et

487 5347 651 5387 cursu
688 5330 940 5399 opposito
975 5346 1191 5384 rursum
1222 5330 1493 5385 volvitur?
1531 5326 1686 5385 Unde
1716 5330 1857 5384 luna:
1875 5347 2064 5400 peren-

485 5439 584 5479 nes
613 5433 667 5477 et
689 5423 1029 5477 diversaevite
1051 5421 1231 5477 iNum
1266 5438 1330 5478 ex
1368 5438 1497 5479 casu
1524 5424 1665 5492 ignis
1693 5424 1912 5492 quidem
1941 5439 2065 5478 sur-

485 5533 606 5574 sum
638 5517 809 5571 fertur
837 5525 891 5571 et
918 5516 1060 5572 lucet
1077 5527 1132 5571 et
1152 5516 1425 5587 splendet;
1454 5531 1597 5586 aqua
1616 5527 1795 5571 autem
1810 5517 2064 5572 deorsum

2158 4602 2287 4655 δεῖν.
2325 4600 2434 4654 Καὶ
2459 4600 2619 4653 τοῦτό
2651 4618 2818 4670 φησιν
2846 4605 2872 4655 ὁ
2908 4604 3138 4669 Παῦλος,
3170 4607 3420 4676 γράφων·
3460 4626 3479 4659 ι
3518 4609 3600 4660 Τὰ
3629 4609 3745 4680 γὰρ

2159 4690 2371 4760 ἀόρατα
2408 4690 2578 4744 αὑτοῦ
2610 4691 2718 4744 ἀπὸ
2770 4692 3005 4758 κτίσεως
3053 4697 3263 4765 κόσμου
3322 4699 3435 4761 τοῖς
3468 4700 3745 4769 ποιήμασι

2161 4784 2811 4854 νοούμενακαοορᾶται,
2862 4787 2896 4856 ἦ
2946 4804 3007 4840 τε
3065 4790 3238 4852 ἀΐδιος
3282 4793 3449 4845 αὑτοῦ
3511 4795 3748 4861 δύναμις

2162 4877 2254 4931 καὶ
2284 4877 2520 4943 θειότης.
2564 4896 2582 4928 ι
2614 4878 2707 4939 Τίς
2740 4878 2903 4945 ἔθηκε
2934 4881 3041 4945 γὰρ
3072 4880 3185 4933 ἄνω
3212 4884 3304 4934 τὸν
3351 4885 3614 4953 οὑρανόν;
3644 4887 3746 4951 Τίς

2163 4971 2219 5022 ὲν
2254 4969 2330 5038 τῷ
2358 4970 2509 5039 μέσῳ
2553 4973 2651 5039 τὴν
2681 4972 2827 5040 γῆν;
2889 4973 2985 5035 Τίς
3044 4975 3250 5028 ἐκεῖνον
3291 4978 3392 5047 μὲν
3443 4981 3745 5044 ἀπαύστως

2165 5066 2306 5115 κινεῖ
2331 5104 2346 5126 ,
2382 5066 2477 5116 καὶ
2514 5063 2688 5127 οὕτως
2722 5066 2999 5128 εὐτάκτως
3019 5108 3033 5132 ,
3063 5069 3237 5141 ταύτῃ
3259 5069 3314 5121 δὲ
3344 5072 3488 5125 κατὰ
3519 5074 3751 5142 καιροὺς

2167 5154 2443 5222 ἁρμοδίως
2482 5154 2805 5222 βλαστάνειν
2837 5157 3070 5226 δύναμιν
3098 5158 3342 5225 δέδωκε;
3376 5162 3547 5216 Πόθεν
3573 5164 3630 5216 δὲ
3662 5165 3742 5235 τῷ

2167 5246 2302 5315 ἡλίῳ
2335 5247 2589 5317 ήλάμψις
2628 5250 2718 5300 καὶ
2736 5247 3000 5318 δύναμις;
3030 5250 3188 5320 Παρά
3215 5253 3361 5317 τίνος
3393 5253 3451 5307 δὲ
3492 5257 3587 5309 καὶ
3621 5273 3750 5309 συν-

2168 5343 2448 5407 εχόμενος,
2515 5340 2746 5410 φέρεται
2797 5342 3257 5412 κυκλοφορικῶς,
3297 5349 3392 5399 καὶ
3450 5350 3544 5415 τὴν
3592 5350 3750 5401 ὲναν-

2166 5431 2288 5483 τίαν
2317 5430 2476 5494 αὖθις
2504 5431 2752 5502 βαδίζει;
2790 5434 2964 5488 Πόθεν
2986 5435 3043 5489 δὲ
3074 5439 3140 5505 τῇ
3177 5436 3380 5511 σελήνῃ
3412 5440 3467 5492 αἱ
3501 5444 3755 5510 συνεχεῖς

2168 5521 2262 5575 τοῦ
2286 5522 2527 5591 φέγγους
2555 5524 2653 5576 καὶ
2701 5523 2800 5588 τῆς
2838 5526 3108 5596 κινήσεως
3142 5528 3449 5597 μεταϐολαὶ
3471 5570 3488 5597 ,
3548 5534 3658 5585 τῶν
3695 5551 3757 5586 τε

489 5612 659 5666 tendit
677 5622 729 5664 et
749 5620 895 5664 motu
913 5610 1056 5665 facili
1071 5610 1401 5665 distenditur
1416 5626 1431 5676 ;
1448 5626 1541 5663 aer
1559 5624 1689 5666 vero
1703 5612 2048 5681 undequaqut

2171 5614 2348 5668 ἄλλων
2387 5617 2635 5686 ἀστέρων
2681 5618 2737 5669 αἱ
2773 5620 3018 5673 ποικίλαι
3054 5622 3166 5674 ὁδοὶ
3200 5622 3298 5676 καὶ
3329 5623 3621 5694 διὰφοροι;
3684 5628 3760 5680 Ἢ

487 5713 755 5765 movetur,
787 5714 841 5757 et
877 5704 1039 5756 flatus
1088 5700 1330 5755 emittit?
1381 5699 1540 5755 Unde
1578 5703 1845 5757 elementa
1878 5704 2064 5757 omnia

2171 5710 2314 5763 κατὰ
2346 5711 2521 5782 τύχην
2558 5710 2634 5782 τῷ
2666 5713 2801 5782 πυρὶ
2839 5713 2940 5781 μὲν
2981 5714 3042 5767 τὸ
3073 5713 3187 5767 ἄνω
3216 5715 3434 5786 τρέχειν
3456 5719 3549 5770 καὶ
3584 5718 3757 5785 φωτί-

486 5798 762 5851 Contrarie
794 5805 845 5851 ιιι
882 5802 1245 5851 consentanee
1279 5794 1583 5865 habentur,
1638 5806 1693 5852 et
1716 5797 1790 5854 ita
1830 5800 2048 5854 mundu:

2174 5804 2289 5868 ζειν
2320 5806 2413 5858 καί
2444 5806 2691 5874 φλέγειν.
2728 5807 2804 5860 τῶ
2856 5807 3013 5861 ὕδατι
3062 5808 3118 5862 δὲ
3171 5808 3230 5862 τὸ
3264 5811 3415 5865 κάτω
3464 5810 3755 5882 φέρεσθαι,
