4066 6438
405 380 501 466 ’43
1287 375 1585 440 SYMEON
1591 375 1662 435 IS
1693 373 2438 437 THESSALONICENSIS
2468 375 2825 438 ARCHIEP.
3646 385 3716 451 μ

431 495 739 565 gubernare
771 509 785 556 ;
837 505 962 546 cum
989 491 1106 547 sint
1147 490 1200 545 in
1250 491 1474 546 modum
1507 489 1900 554 multitudinis,
1939 501 1998 543 se

2129 487 2222 541 καὶ
2248 489 2310 542 οὐ
2340 489 2559 544 δυνατοὶ
2587 491 2802 544 ἔσονται
2834 493 2892 545 τὸ
2930 493 3037 545 πᾶν
3084 485 3355 564 συνέχειν
3391 499 3484 552 καὶ
3517 497 3602 551 δτι
3634 502 3712 563 ὡς

427 585 607 641 ditiosi
637 591 818 645 erunt.
839 592 893 638 et
916 590 1182 653 potestate
1204 583 1488 647 contrarii,
1523 589 1706 637 etnon
1743 581 1840 636 dii.
1860 579 2028 652 Quip-

427 693 493 747 pe
553 691 715 731 verus
749 674 890 730 Dens
948 683 1032 729 est
1054 675 1298 729 omnium
1321 674 1608 739 Dominus,
1636 673 2022 728 universorum

424 768 629 838 opifex,
665 780 950 837 rapaxque
983 765 1169 819 omnia
1211 765 1575 834 gubernandi.
1648 763 1752 819 Sed
1786 764 1832 819 si
1865 763 2020 818 multi

427 866 559 914 sunt
587 866 640 911 et
671 857 897 920 diversi,
930 862 1092 909 erunt
1137 864 1190 908 et
1225 854 1399 920 finiti;
1427 866 1482 911 et
1513 856 1555 909 si
1585 855 1743 922 finiti,
1775 855 1975 908 infirmi
2003 871 2019 921 ;

431 956 489 1002 et
518 946 746 1016 proinde
801 959 1148 1015 nequaquam
1185 946 1612 1014 omnipotentes.
1672 945 1750 1000 Ex
1781 959 1846 999 eo
1872 944 2019 1014 quod

422 1036 674 1091 diversas
697 1035 935 1089 habeant
953 1043 1271 1104 potestates,
1293 1035 1602 1090 ostenditur
1623 1048 1718 1089 eos
1759 1049 1868 1087 non
1894 1048 2019 1089 esse

424 1128 855 1197 omnipotentes,
887 1135 943 1182 et
962 1137 1248 1197 propterea
1279 1126 1383 1181 sibi
1408 1126 1637 1181 invicem
1684 1126 2016 1192 contrarios,

429 1220 664 1290 ideoque
693 1220 797 1275 sibi
819 1228 1010 1274 mutuo
1045 1220 1418 1274 adversantes.
1450 1218 1682 1288 Insuper
1714 1219 1782 1283 si,
1812 1226 1872 1272 ut
1928 1218 2014 1273 di-

422 1321 645 1379 xerunt,
672 1311 900 1366 masculi
935 1319 1064 1366 sunt
1109 1318 1164 1366 et
1197 1310 1436 1377 feminae,
1472 1320 1527 1366 et
1558 1311 1863 1367 secundum
1924 1325 2016 1382 ge-

423 1420 530 1460 nus
553 1404 798 1460 distincti
827 1412 1011 1468 erunt,
1047 1412 1102 1458 et
1125 1417 1357 1474 corpora
1381 1403 1584 1458 habent
1614 1402 1842 1475 (corpus
1867 1404 2012 1458 enim

419 1499 664 1568 implicat
695 1511 864 1553 sexus
886 1495 1225 1567 diversitas),
1255 1505 1309 1550 et
1347 1496 1697 1565 passionibus
1758 1497 2008 1564 obnoxii,

419 1605 632 1645 necnon
679 1590 934 1644 omnibus
955 1603 1078 1659 quae
1110 1603 1173 1643 ex
1201 1589 1305 1643 hoc
1330 1588 1508 1642 fluunt
1531 1605 1545 1642 :
1565 1588 1902 1658 corruptioni
1959 1597 2012 1644 et

416 1681 784 1737 immunditim
807 1692 864 1736 et
885 1679 1206 1752 pollutioni;
1235 1697 1357 1735 nam
1391 1679 1460 1734 ad
1481 1695 1655 1752 genus
1681 1696 1840 1735 suum
1861 1682 2009 1751 quis-

418 1775 867 1848 quemovebitur.
901 1772 1032 1830 Etsi
1060 1774 1210 1829 initia
1257 1775 1590 1838 habuerunt,
1635 1783 1797 1828 erunt
1845 1777 2003 1844 primi

2132 579 2334 650 πλῆθος
2382 581 2557 646 ὄντες,
2607 585 2703 636 καὶ
2751 583 3072 648 στασιώδεις
3119 584 3360 650 ἔσονται,
3415 589 3513 642 καὶ
3548 590 3707 647 ἐναν-

2129 672 2236 754 τίοι
2268 674 2335 742 τῇ
2381 673 2633 743 δυνάμει,
2683 675 2780 728 καὶ
2815 676 2877 730 οὐ
2915 675 3051 731 θεοί.
3097 677 3233 741 Θεὸς
3281 681 3390 752 γὰρ
3427 682 3636 754 ἀληθὴς
3682 686 3710 736 ὁ

2131 746 2352 818 πάντων
2404 765 2676 835 δεσπότης
2703 805 2718 830 ,
2775 769 2870 821 καὶ
2901 776 2916 792 '
2936 770 3142 832 παντὸς
3203 746 3566 844 δημιουργδς,
3593 746 3712 829 ’καὶ

2129 855 2312 909 πάντα
2356 857 2726 929 διακυϐερνᾷν
2778 860 3064 931 ὲξισχύων.
3111 862 3276 917 Ἀλλὰ
3314 867 3409 919 καὶ
3440 884 3711 938 περιγρα-

2124 948 2276 1016 πτοὶ,
2314 952 2364 1003 εί
2401 951 2585 1005 πολλοί
2643 953 2751 1004 εἱσι
2804 955 2900 1006 καὶ
2952 953 3224 1025 διάφοροι.
3271 958 3383 1011 Καὶ
3439 960 3488 1014 εί
3558 980 3712 1031 περι-

2122 1039 2382 1107 γραπτοὶ,
2410 1039 2677 1103 ἀσθενεῖς,
2714 1041 2809 1094 καὶ
2857 1042 2918 1094 οὐ
2963 1045 3367 1117 παντοδύναμοι
3418 1050 3550 1120 ἄρα.
3599 1053 3711 1106 Καὶ

2120 1135 2182 1188 τδ
2214 1134 2512 1204 διαφόρους
2560 1133 2619 1186 δὲ
2650 1134 2914 1204 δυνάμεις
2960 1135 3106 1206 ἔχειν
3149 1129 3210 1191 οὐ
3247 1143 3702 1212 παντοδυνάμους

2120 1226 2322 1288 αὐτοὺς
2355 1225 2530 1294 δηλοῖ,
2563 1227 2658 1279 καὶ
2690 1227 2754 1279 ἐκ
2783 1228 2975 1280 τούτου
2999 1229 3274 1294 ἐναντίους
3303 1231 3580 1302 ἀλλήλοις,
3611 1239 3708 1290 καὶ

2122 1317 2466 1388 μαχομένους
2517 1318 2646 1388 ἄρα.
2710 1319 2772 1371 El
2817 1319 2874 1372 δὲ
2926 1320 3016 1373 καὶ
3065 1323 3296 1393 ᾰρῥενες
3331 1326 3425 1377 καὶ
3462 1327 3706 1396 θήλεαι,

2119 1409 2195 1473 ὥς
2244 1426 2430 1478 φασιν,
2463 1412 2594 1477 εἰσὶ,
2648 1412 2745 1465 καὶ⁸
2799 1412 2945 1465 κατὰ
3002 1413 3062 1465 τὸ
3126 1416 3280 1482 γένος
3343 1419 3702 1490 ἠλλοιωμένη-

2115 1501 2353 1565 τελοῦσι,
2384 1503 2479 1555 καὶ
2509 1504 2739 1574 σώματα
2771 1507 3105 1576 τυγχάνουσι
3139 1524 3151 1538 ·
3192 1511 3463 1579 σωμάτων
3499 1514 3607 1584 γὰρ
3646 1517 3705 1567 τὸ

2116 1596 2250 1667 θῆλυ
2288 1598 2382 1650 καὶ
2419 1599 2589 1670 ἄρρεν
2630 1616 2644 1630 ·
2679 1603 2776 1654 καὶ
2805 1601 3097 1669 ἐμπαθεῖς,
3137 1604 3228 1656 καὶ
3251 1605 3415 1678 τομὴ,
3453 1611 3548 1663 καὶ
3575 1610 3699 1680 ρεὖο

2119 1704 2202 1751 σις
2252 1691 2316 1742 ὲκ
2371 1688 2586 1752 τούτου,
2622 1695 2716 1744 καὶ
2751 1692 2930 1764 φθορὰ
2971 1699 3101 1764 περὶ
3152 1697 3400 1763 τούτους,
3433 1703 3526 1755 καὶ
3559 1703 3700 1755 ἀκα-

2113 1780 2315 1850 θαρσία
2387 1783 2523 1851 παρ’
2557 1783 2740 1846 αὐτοῖς
2793 1785 2887 1838 καὶ
2945 1786 3240 1857 μολυσμις.
3275 1790 3418 1860 Πρὸς
3469 1793 3578 1864 γὰρ
3639 1797 3702 1847 τὸ

418 1880 473 1924 et
506 1868 732 1940 posteri,
760 1874 813 1921 et
834 1867 926 1922 alii
965 1867 1056 1935 qui
1087 1874 1210 1937 post
1240 1867 1399 1932 istos,
1421 1877 1480 1921 ut
1503 1865 1764 1920 effutiunt
1809 1866 2001 1932 Graeci,

2129 1872 2286 1939 γένος
2322 1874 2489 1928 αὑτοῦ
2526 1877 2845 1947 κινούμενος
2877 1878 3032 1933 ἔσται
3082 1881 3335 1945 ἕκαστος.
3386 1885 3446 1938 Ei
3497 1862 3560 1939 at
3604 1889 3700 1941 καὶ

421 1963 744 2031 inceperunt
781 1973 922 2014 esse.
941 1959 1008 2012 At
1024 1959 1300 2029 quomodo
1325 1959 1376 2012 hi
1406 1965 1533 2014 sunt
1552 1958 2011 2028 principes?quo-

416 2057 579 2108 modo
609 2051 799 2106 mundi
833 2049 1113 2106 rectores?
1147 2051 1214 2103 Et
1235 2049 1280 2105 si
1300 2049 1499 2105 cmlum
1549 2059 1634 2104 est
1698 2050 1815 2106 sine
1860 2051 2014 2121 prin-

417 2147 586 2218 cipio,
619 2155 676 2199 ut
718 2145 903 2215 inepte
925 2141 1177 2214 garriunt
1225 2142 1425 2207 Graeci,
1452 2144 1731 2214 quomodo
1783 2146 2006 2214 quidam

414 2241 612 2296 caelum
645 2245 861 2307 regunt,
897 2235 1210 2306 coelumque
1227 2234 1498 2302 habitant,
1526 2236 1615 2305 qui
1654 2247 1771 2306 post
1803 2238 2006 2292 cmlum

403 2335 544 2390 facti
572 2333 744 2390 sunt?
766 2331 844 2386 Ex
864 2331 952 2387 his
979 2340 1034 2386 et
1057 2329 1334 2390 similibus
1349 2329 1561 2385 ridendi
1591 2340 1721 2386 sunt
1740 2329 2004 2397 dicentes.

400 2427 602 2497 vplures
653 2436 776 2478 esse
823 2421 978 2476 deos.
1034 2419 1090 2473 Si
1125 2433 1254 2474 vero
1303 2427 1586 2474 creaturas
1643 2419 1696 2472 in
1775 2434 2006 2474 numero

414 2517 643 2573 deorum
673 2515 987 2570 habuerunt
1009 2511 1210 2577 Graeci,
1244 2510 1417 2566 multo
1450 2511 1624 2582 magis
1641 2510 1822 2565 adhuc
1843 2522 2007 2566 erunt

419 2608 764 2680 perridiculi;
797 2622 920 2661 nam
949 2607 1080 2676 ipsae
1127 2619 1224 2661 sna
1253 2611 1529 2674 potestate
1575 2613 1627 2670 et
1676 2603 1874 2658 virtute
1926 2614 2004 2657 te-

409 2713 630 2761 stantur
659 2716 720 2757 se
745 2715 866 2756 esse
891 2713 1099 2763 servas,
1157 2705 1211 2752 et
1269 2696 1496 2765 exiguas
1548 2704 1601 2750 ct
1629 2695 1898 2758 infirmas,
1951 2704 2004 2750 et

411 2795 633 2851 aliunde
665 2793 774 2846 vim
803 2801 855 2847 et.
882 2798 1088 2844 malum
1114 2801 1404 2858 accepere;
1442 2787 1573 2851 imo,
1596 2775 1858 2853 quoniam
1894 2784 2002 2838 vir-

401 2900 503 2944 tus
532 2901 720 2942 carum
737 2892 790 2938 et
819 2892 998 2937 motus
1022 2880 1181 2936 nobis
1203 2877 1522 2932 hominibus
1553 2884 1994 2946 cognoscuntur;

414 2997 540 3036 nam
565 2979 688 3034 coeli
720 2976 1074 3043 siderumque
1103 2981 1313 3025 motum
1343 2968 1527 3024 sciunt
1560 2967 1808 3021 homines
1833 2983 1848 3032 ;
1879 2967 1998 3021 ideo

405 3090 514 3130 nec
537 3075 762 3137 caelum,
793 3084 894 3124 nec
920 3076 1070 3122 astra
1101 3077 1203 3119 nec
1219 3063 1519 3131 quidquam
1548 3073 1736 3114 eorum
1762 3075 1884 3130 quae
1914 3060 1997 3114 vi-

408 3169 636 3232 dentur,
665 3163 812 3218 Dcus
839 3168 944 3225 cst,
969 3167 1097 3213 sunt
1121 3163 1304 3210 autem
1323 3151 1418 3207 Dei
1444 3151 1825 3206 universorum
1847 3167 1998 3207 crea-

408 3271 543 3316 tura?
571 3274 587 3323 ;
611 3257 683 3312 ab
704 3269 769 3310 eo
791 3253 936 3308 enim
970 3259 1023 3304 et
1045 3245 1342 3318 potentiam
1367 3253 1420 3299 et
1447 3242 1820 3300 exsistentiam
1845 3259 1998 3298 acce-

407 3363 625 3421 perunt.
647 3333 834 3414 Neque
855 3342 1015 3397 etiam
1040 3336 1352 3407 spirituales
1378 3334 1606 3388 virtutes
1625 3333 1701 3387 dii
1735 3343 1882 3393 sunt.
1900 3335 1992 3390 sed

399 3440 721 3515 spirituales
741 3435 834 3489 Dei
859 3443 1146 3493 creaturae,
1168 3441 1398 3497 quarum
1439 3425 1557 3479 aliae
1580 3425 1798 3493 quidem
1825 3425 1993 3480 Deum

408 3537 660 3590 videntes
701 3540 868 3599 atque
921 3523 1234 3586 laudantes,
1275 3518 1368 3574 Dei
1406 3517 1828 3582 suntministri;
1874 3518 1994 3572 aliae

419 3644 543 3684 vero
565 3626 801 3698 pessima
829 3619 1108 3674 voluntate
1122 3613 1192 3667 ab
1211 3625 1274 3665 eo
1294 3617 1709 3664 recesseruntet
1729 3617 1995 3664 vocantur

413 3718 832 3786 daemonia,qu:e
862 3721 1106 3765 errorem
1139 3701 1344 3757 Graecis
1372 3701 1775 3770 imposuerunt.

2119 1964 2288 2034 ἀρχαὶ
2337 1966 2471 2036 παρ’
2505 1969 2692 2031 αὐτοῖς
2747 1973 2843 2023 καὶ
2897 1972 3106 2040 πρῶτοι
3157 1977 3251 2028 καὶ
3308 1974 3552 2046 ὕστεροι,
3604 1981 3699 2034 καὶ

2116 2058 2257 2125 μετὰ
2279 2053 2504 2121 τούτους
2538 2059 2710 2125 ἄλλοι,
2752 2061 2828 2124 ὡς
2859 2062 3124 2135 Ἕλληνες
3163 2067 3562 2138 φληναφοῦσιν,
3595 2073 3695 2142 ἀρ-

2112 2145 2213 2216 χὴν
2250 2148 2547 2218 ἐσχηκότες
2575 2150 2701 2205 εἰσί.
2729 2152 2838 2204 Καὶ
2868 2153 2985 2218 πῶς
3017 2155 3088 2238 av;
3110 2158 3372 2229 ἄρχοντες
3403 2159 3548 2215 οὗτοι
3575 2181 3589 2229 ;
3623 2165 3694 2218 Ἢ

2110 2238 2231 2300 πῶς
2251 2238 2524 2310 διοικηταὶ
2546 2241 2655 2293 τῶν
2688 2242 2780 2295 τοῦ
2812 2246 3018 2316 κόσμου
3043 2264 3056 2311 ;
3084 2249 3188 2302 Καὶ
3222 2252 3268 2302 εἰ
3293 2251 3522 2321 οὐρανός
3546 2256 3692 2310 ἐστιν

2108 2332 2367 2402 ἄναρχος,
2388 2332 2465 2393 ὡς
2487 2331 2749 2404 Ἕλληνες
2774 2335 2840 2406 λη
2851 2338 3112 2407 δωροῠσι,
3133 2340 3248 2404 πῶς
3269 2343 3526 2413 ἡγοῦνταί
3547 2364 3693 2411 τινες

2106 2420 2200 2475 τοῦ
2235 2422 2492 2493 οὐρανοῦ,
2527 2424 2620 2477 καὶ
2666 2425 2756 2478 τὸν
2804 2429 3032 2498 οὐρανὸν
3063 2430 3304 2484 οἰκοῦσιν
3334 2436 3381 2486 οἱ
3423 2438 3565 2504 μετὰ
3598 2440 3689 2491 τὸν

2106 2514 2338 2583 οὐρανὸν
2365 2514 2650 2582 γεγονότες
2675 2534 2692 2585 ;
2739 2517 2834 2572 Ἐκ
2859 2520 3067 2576 τούτων
3090 2523 3183 2574 καὶ
3213 2523 3318 2578 τῶν
3341 2528 3542 2595 ὁμοίων
3572 2531 3689 2583 ἐστι

2107 2607 2444 2677 μυκτηρίσαι
2484 2608 2608 2672 τοὺς
2638 2608 2866 2675 πολλοὺς
2897 2611 3052 2677 θεοὺς
3087 2614 3367 2683 λέγοντας.
3399 2620 3461 2673 El
3496 2621 3554 2673 δὲ
3591 2625 3687 2676 καὶ

2102 2699 2173 2752 τὰ
2231 2701 2508 2770 κτίσματα
2546 2700 2703 2764 θεοὺς
2757 2702 3128 2774 ὑπειλήφασιν
3178 2706 3466 2780 Ἕλληνες,
3515 2731 3687 2769 κατα-

2102 2789 2486 2856 γελαστότατοι
2515 2793 2740 2862 μᾶλλον.
2772 2794 2924 2848 aera
2960 2797 3069 2866 γὰρ
3105 2799 3326 2864 ἑαυτοῖς
3368 2805 3683 2878 μαρτυροῦ-

2105 2881 2168 2933 σι
2191 2884 2309 2945 ταῖς
2335 2884 2640 2953 ἐνεργείαις
2671 2903 2731 2939 τε
2765 2886 2861 2940 καὶ
2909 2888 3228 2960 δυνάμεσιν,
3267 2893 3342 2956 ὡς
3373 2895 3536 2950 δοῦλα
3582 2903 3678 2954 καὶ

2104 2975 2309 3044 μερικὰ
2367 2975 2538 3028 ταῦτα
2589 2979 2686 3031 καὶ
2739 2979 2940 3048 ἀσθενῆ
3002 2983 3260 3048 τελοῦσι,
3312 2989 3408 3040 καὶ
3457 2989 3682 3045 ἄλλοθεν

2099 3064 2212 3135 ἔχει
2247 3066 2347 3136 τὴν
2379 3066 2613 3139 δύναμιν
2672 3089 2730 3124 τε
2785 3073 2883 3126 καὶ
2939 3076 3189 3147 κίνησινο
3226 3085 3319 3133 καὶ
3355 3085 3561 3152 μᾶλλον
3595 3089 3680 3142 ὅτι

2103 3159 2199 3210 καὶ
2230 3159 2261 3228 ἡ
2291 3159 2519 3230 δύναμις
2549 3164 2758 3216 τούτων
2809 3167 2906 3218 καὶ
2950 3169 3167 3237 κίνησις
3213 3175 3326 3238 τοῖς
3370 3177 3685 3248 ἀνθρώποις

2104 3249 2234 3318 ἡμῖν
2272 3253 2511 3321 γνωστὴ.
2549 3253 2658 3308 Καὶ
2689 3257 2925 3327 οὐρανοῦ
2960 3262 3180 3330 κίνησιν
3231 3267 3342 3336 γὰρ
3401 3270 3494 3321 καὶ
3523 3271 3684 3325 ἀστέ-

2105 3355 2214 3406 ρων
2242 3339 2431 3393 ἴσασιν
2463 3342 2761 3413 ἄνθρωποι.
2791 3347 2906 3401 Οὐκ
2935 3349 3043 3419 ἄρα
3076 3355 3328 3425 οὐρανὸς,
3355 3359 3386 3430 ἢ
3427 3361 3678 3431 ἀστέρες,

2099 3428 2132 3498 ἦ
2167 3445 2220 3482 τι
2270 3432 2380 3484 τῶν
2418 3435 2715 3506 δρωμένων
2748 3442 2856 3495 εἰσὶ
2890 3441 3023 3510 θεοὶ,
3062 3445 3199 3501 ἀλλὰ
3246 3450 3339 3502 τοῦ
3376 3428 3524 3506 θεοῦ
3567 3428 3682 3510 τῶν

2098 3522 2238 3574 ὅλων
2285 3525 2582 3595 κτίσματα,
2623 3533 2758 3599 παρ’
2790 3533 2957 3590 αὑτοῦ
2998 3539 3091 3590 καὶ
3125 3539 3184 3591 τὸ
3210 3541 3472 3596 δύνασθαί
3501 3564 3560 3599 τε
3588 3553 3684 3603 καὶ

2098 3614 2158 3666 τὸ
2192 3611 2332 3668 εἶναι
2356 3617 2615 3674 λαϐόντα.
2655 3623 2800 3677 Ἀλλ’
2829 3626 2950 3680 οὐδὲ
2992 3632 3182 3699 νοηταί
3213 3649 3360 3698 τινες
3417 3636 3683 3708 δυνάμεις

2097 3705 2208 3760 εἰσὶ
2236 3707 2370 3774 θεοὶ,
2403 3711 2679 3782 κτίσματα
2710 3714 2765 3769 δὲ
2791 3717 2927 3772 Θεοῦ
2960 3725 3143 3790 νοερὰ.
3181 3725 3288 3779 Καὶ
3333 3729 3401 3782 τὰ
3432 3730 3528 3800 μὲν
3557 3705 3680 3784 τού-

410 3831 540 3874 των,
567 3805 948 3876 Θεδνοὸρῶντα
975 3801 1069 3854 καὶ
1101 3798 1398 3870 μέλποντα,
1429 3797 1479 3851 οἳ
1517 3797 1610 3852 καὶ
1672 3797 1976 3869 λειτουργοὶ⁵
2010 3799 2145 3854 Θεοῦ
2191 3804 2315 3869 εἰσι,
2353 3807 2418 3860 τὰ
2467 3807 2524 3860 δὲ
2573 3813 2894 3882 προαιρέσει
2930 3818 3163 3890 κακίστῃ
3219 3797 3678 3898 ἀποστατήσιντα

404 3907 620 3968 τούτου,
657 3900 691 3954 ἃ
727 3898 821 3952 καὶ
849 3895 1105 3965 δαιμόνια
1139 3891 1414 3959 λέλεκται,
1447 3889 1543 3945 καὶ
1582 3888 1681 3959 τὴν
1723 3888 1933 3961 πλάνην
1958 3895 2073 3954 τοῖς
2104 3893 2365 3968 Ἕλλησιν
2395 3896 2583 3970 ἔθηκε.

1051 4027 1282 4086 CAPUT
1342 4027 1433 4084 V'l.

405 4181 609 4242 Contra
635 4193 724 4233 eos
742 4174 831 4246 qui
856 4172 1027 4241 fatum
1054 4179 1104 4222 et
1140 4169 1411 4292 [οἷιιιειαηι
1432 4166 1590 4236 impie
1619 4167 1826 4235 docent,
1859 4178 1907 4224 et
1925 4170 1990 4225 de

1043 4249 1189 4292 astro
1215 4254 1356 4292 cura.

1043 4249 1356 4308 astrologia.

475 4362 710 4430 Quidam
749 4371 880 4413 vero
909 4355 977 4411 de
1006 4352 1226 4408 fortuna
1248 4359 1302 4405 ct
1337 4349 1468 4417 fato,
1495 4350 1562 4404 de
1584 4352 1900 4422 genealogia
1935 4361 1990 4408 et

407 4453 701 4523 astrologia
742 4450 925 4520 inepte
954 4445 1240 4515 garriunt;
1275 4442 1423 4512 quod
1453 4450 1537 4497 est
1567 4443 1817 4498 maximae
1847 4445 1986 4498 stula

2698 4046 2944 4102 ΚΕΦΑΛ.
2979 4050 3070 4117 cr.

2096 4173 2257 4227 Κατὰ
2304 4175 2692 4265 τῶιςοάσεϐὦς
2735 4181 3124 4265 ¹(δοοεαιζόγτοηε
3173 4189 3542 4265 εἱμαρμένην
3577 4199 3678 4255 καὶ

2390 4248 2604 4315 τύχην,
2652 4251 2749 4303 καὶ
2789 4258 2924 4322 περὶ
2954 4248 3378 4328 ἀστρολοᾷ-ίὰξ.

2165 4356 2240 4409 Τὸ
2281 4357 2335 4409 δὲ
2365 4360 2457 4410 καὶ
2489 4361 2616 4432 περὶ
2660 4362 2829 4433 vti/gr};
2865 4367 2961 4420 καὶ
2993 4369 3357 4445 εἱμαρμένης,
3397 4381 3684 4446 γενεθλιωέ

2095 4447 2278 4516 λογίας
2351 4467 2407 4502 τε
2468 4453 2562 4504 καὶ
2626 4455 2984 4527 ἀστρολογίας
3043 4464 3304 4535 φλυαρεῖν
3353 4488 3503 4534 τινας
3548 4477 3675 4528 ἁλο-

407 4548 540 4603 titiae
586 4555 641 4601 et
699 4539 997 4612 impietatis
1020 4537 1260 4606 signum.
1307 4533 1441 4589 Nam
1491 4536 1725 4604 primum
1763 4537 1982 4606 quidem

2106 4540 2337 4608 γώτατον
2373 4541 2491 4612 ἅμα
2533 4547 2628 4597 καὶ
2679 4548 3008 4608 ἀθεώτατον.
3044 4557 3269 4623 Πρῶτον
3319 4564 3420 4629 μὲν
3471 4567 3580 4636 γὰρ
3613 4570 3675 4622 τὸ

405 4638 687 4700 Creatoris
714 4637 1025 4692 libertatem
1072 4631 1332 4686 auferunt
1361 4629 1537 4699 quiea
1574 4645 1603 4683 e
1637 4631 1807 4685 nihilo
1840 4630 1986 4696 fecit,

407 4743 462 4788 et
509 4743 634 4784 vere
674 4727 951 4798 justeque,
1009 4730 1168 4792 prout
1203 4719 1455 4784 voluerit,
1513 4721 1799 4790 gubernat.
1858 4721 1986 4774 Dein

405 4816 667 4875 auferunt
697 4824 750 4870 et
777 4815 1082 4868 libertatem
1140 4810 1401 4875 hominis,
1448 4811 1650 4879 quippe
1697 4825 1821 4865 cum
1889 4811 1990 4865 ho-

409 4925 498 4965 mo
530 4909 601 4965 sit
638 4905 842 4963 animal
878 4905 1088 4959 ratione
1136 4911 1190 4956 et
1230 4902 1482 4956 libertate
1534 4903 1845 4971 praeditum,
1901 4905 1990 4960 illa

407 5015 540 5056 vero
591 5006 817 5055 careant
869 4995 1084 5050 ratione
1140 5003 1196 5050 et
1244 4993 1460 5059 anima;
1516 4995 1791 5063 quomodo
1859 5012 1990 5066 ergo

406 5094 592 5149 anima
627 5092 696 5147 ab
721 5091 802 5146 eis
847 5087 1073 5159 agetur?
1106 5085 1384 5158 quomodo
1413 5095 1565 5140 motu
1591 5101 1783 5141 eorum
1829 5089 1989 5144 simul

407 5185 672 5242 translata
701 5192 868 5253 atque
893 5181 1146 5252 portata?
1194 5195 1318 5235 nam
1349 5179 1507 5235 nefas
1533 5189 1614 5234 est
1648 5181 1990 5238 irrationabi-

405 5277 479 5331 lia
505 5291 723 5332 movere
752 5273 1121 5330 rationabilia.
1146 5271 1301 5338 Quod
1337 5271 1382 5327 si
1421 5281 1696 5337 moveant,
1733 5274 1847 5343 jam
1883 5288 1988 5328 non

407 5379 491 5424 est
522 5367 849 5422 virtusmec
878 5366 1072 5420 vitium
1103 5380 1118 5430 ;
1145 5363 1352 5418 frustra
1414 5363 1584 5433 leges,
1641 5362 1850 5420 frustra
1885 5366 1986 5420 do-

405 5457 621 5522 ctrinae,
654 5455 858 5511 frustra
917 5452 1236 5524 prophetiae,
1267 5452 1464 5515 frustra
1501 5462 1683 5509 vetera
1741 5466 1794 5510 et
1827 5471 1988 5522 nova,

407 5550 609 5605 frustra
642 5549 880 5621 denique
911 5548 1050 5604 facta
1092 5557 1176 5602 est
1229 5544 1390 5601 Verbi
1443 5545 1537 5600 Dei
1569 5547 1872 5606 incarnatio
1921 5554 1990 5608 ad

393 5642 777 5696 renovandum
821 5641 1071 5696 homines
1093 5649 1150 5694 et
1182 5643 1502 5703 creaturas;
1531 5639 1639 5708 jam
1685 5656 1861 5712 neque
1891 5644 1989 5700 de-

403 5733 492 5788 bet
537 5747 659 5789 esse
715 5747 877 5802 pwna
914 5745 1092 5802 neque
1118 5728 1358 5784 vindicta
1388 5745 1549 5800 quam
1582 5741 1838 5787 mter-nam
1869 5750 1990 5792 esse

406 5822 658 5880 Salvator
688 5825 1056 5892 demonstrat;
1085 5830 1416 5882 evertuntur
1447 5836 1535 5879 res
1559 5823 1825 5894 publicae;
1859 5828 1985 5899 hoc,

2093 4632 2185 4684 τοῦ
2214 4637 2557 4705 Δημιουργοῦ
2591 4637 2932 4702 αὐτεξούσιον
2956 4645 3189 4717 ἀναιρεῖ,
3215 4651 3311 4703 τοῦ
3340 4671 3405 4706 τοο
3435 4660 3670 4723 nar/to;

2093 4724 2234 4777 αὐτὰ
2276 4728 2336 4776 ἐκ
2383 4726 2457 4797 μὴ
2497 4729 2703 4799 ὄντων,
2745 4734 2839 4785 καὶ
2890 4735 3220 4804 διοικοῦντος
3269 4743 3345 4808 ὡς
3392 4747 3672 4816 βούλππι,

2094 4817 2186 4869 καὶ
2223 4817 2446 4888 ἀληθῶς
2478 4823 2574 4874 καὶ
2599 4823 2845 4890 δικαίως.
2877 4828 3109 4882 Ἔπειτα
3140 4833 3192 4885 δὲ
3224 4837 3316 4886 καὶ
3337 4840 3395 4890 τὸ
3417 4842 3677 4905 αὐτιξού-

2096 4921 2210 4958 σιον
2239 4907 2332 4961 τοῦ
2367 4911 2658 4982 ἀνθρώπου
2692 4931 2707 4948 ο
2755 4917 2802 4968 εἰ
2832 4919 2940 4989 γὰρ
2971 4921 3260 4992 ἄνθρωπος
3288 4927 3504 4996 λογικὸν
3533 4933 3674 4995 ζῶον

2093 5000 2188 5052 καὶ
2242 5003 2615 5074 αὐτεξούσιον,
2651 5009 2828 5064 ταῦτα
2877 5012 2933 5065 δὲ
2988 5016 3054 5067 τὰ
3113 5017 3366 5088 ὁρώμενα
3410 5023 3579 5092 alma
3614 5045 3672 5080 τε

2091 5094 2186 5148 καὶ
2212 5095 2418 5167 ἄψυχα,
2449 5099 2568 5163 πῶς
2605 5101 2714 5171 ἄρα
2763 5105 2856 5157 ὑπ’
2893 5107 3077 5162 αὐτῶν
3111 5110 3265 5164 ἔσται
3302 5116 3332 5183 ἡ
3365 5116 3513 5186 ψυχὴ
3539 5120 3669 5186 ἁγο-

2095 5186 2233 5257 μένη
2263 5203 2278 5252 ;
2330 5193 2428 5243 καὶ
2460 5194 2525 5261 τῇ
2558 5196 2776 5263 κινήσει
2829 5200 3037 5254 τούτων
3088 5205 3540 5279 συνδιατιθεμένη
3576 5212 3673 5264 καὶ

2092 5281 2367 5354 φερομένη
2395 5301 2411 5351 ;
2457 5286 2532 5337 Οὐ
2569 5288 2677 5357 γὰρ
2722 5293 2781 5342 τὸ
2814 5290 3015 5360 ἄλογον
3067 5298 3283 5365 κινήσει
3315 5302 3375 5351 τὸ
3407 5300 3668 5368 λογικόν)

2092 5375 2140 5426 εἰ
2187 5373 2230 5426 δ’
2262 5375 2359 5429 οὖν
2419 5377 2572 5432 ἔσται
2619 5381 2928 5450 δυναστεία,
2965 5387 3061 5441 καὶ
3095 5380 3418 5464 οὕτεάρετη
3450 5394 3667 5462 λοιπὸν,

2091 5462 2213 5518 οὔτε
2246 5467 2433 5533 κακία,
2470 5472 2561 5521 καὶ
2596 5473 2678 5536 εἰς
2711 5475 2867 5527 κενὸν
2899 5479 3082 5548 νόμοι,
3113 5481 3193 5544 εἰς
3224 5484 3382 5535 κενὸν
3407 5462 3672 5539 διδασκα-

2092 5555 2229 5620 λίαι,
2287 5560 2367 5622 εἰς
2426 5560 2583 5616 κενὸν
2622 5569 2974 5638 προφητεῖαι,
3027 5571 3083 5641 6
3128 5574 3207 5636 είς
3257 5560 3514 5631 κενὸντὰ
3560 5596 3669 5633 rra-

2093 5647 2224 5700 λαιά
2258 5665 2314 5701 τε
2343 5651 2438 5703 xal
2467 5653 2583 5716 νέα,
2614 5657 2707 5707 καὶ
2743 5660 2777 5727 ἡ
2828 5659 2920 5712 τοῦ
2952 5661 3088 5715 Θεοῦ
3129 5665 3309 5732 Λόγου
3359 5669 3667 5723 τελευταῖον

2093 5740 2172 5800 είς
2223 5739 2618 5812 ἀνοκαινισμὺν
2672 5747 2783 5802 τῶν
2817 5751 3126 5822 ἀνθρώπων
3171 5758 3396 5827 καὶτῆς
3434 5763 3668 5826 κτίσεως

2095 5829 2368 5900 σάρκωσις
2392 5847 2404 5862 ⁸
2441 5835 2536 5893 καὶ
2565 5835 2689 5892 οὔτε
2743 5841 2984 5911 κόλασις,
3023 5844 3148 5900 οὔτε
3205 5853 3468 5922 τιμωρία,
3522 5852 3666 5926 ἅπερ
