4066 6484
1384 347 1400 375 \

331 482 399 544 ts
1389 445 1673 543 buteo
1689 483 1782 543 us
1814 483 1915 542 eo,

2022 483 2116 541 ΒΑ
2161 483 2546 546 HAiRESES.
3539 481 3611 546 46

332 599 527 654 αἰώνια
554 593 694 652 εἶναι
738 599 763 650 ὁ
800 598 989 667 Σωτὴρ
1024 599 1410 669 ἀποφαίνεται.
1459 603 1567 656 Καὶ
1601 605 1887 673 ἀνατροπὴ

2022 610 2053 653 ιι
2081 599 2320 656 breviter
2365 603 2570 665 dicam,
2609 615 2776 666 prava
2819 599 2924 654 erit
2982 595 3281 667 impietatis
3337 603 3391 651 et
3433 596 3611 650 ἰηι-ιξ-

331 693 440 746 τῶν
469 690 726 754 καθόλου,
754 691 849 742 καὶ
887 689 1075 754 ἁθεῖας
1122 691 1282 746 τοῦτο
1318 696 1416 745 καὶ
1453 693 1706 758 ἀσεϐείας
1747 715 1915 767 πονη-

336 784 409 854 ρά
436 785 551 837 ἐστι
577 783 730 846 δόξα.
764 782 829 836 ΕΞ
864 782 921 835 δὲ
968 783 1060 836 καί
1097 801 1242 848 τινες
1275 784 1428 838 ἄθεοι
1484 787 1697 853 ἀλόγως
1743 790 1917 844 ταῦτα

331 877 582 945 λέγουσιν
606 875 828 946 ἔμψυχά
853 892 912 928 τε
945 877 1042 929 καὶ
1083 877 1300 946 λογικὰ,
1341 880 1369 931 ὁ
1405 879 1561 950 λόγος
1589 881 1766 951 πάντη
1797 882 1916 936 ἄλοο

332 985 431 1035 γος
475 967 571 1021 καὶ
615 966 844 1037 ψευδής.
886 967 1109 1038 Πρῶτον
1142 968 1245 1039 μὲν
1284 970 1393 1023 ἀπὸ
1430 972 1528 1039 τῆς
1573 972 1738 1040 ἁγίας
1779 974 1918 1044 Γρα-

331 1058 464 1126 φῆς,
497 1057 692 1125 λογικά
723 1054 888 1128 μόνον
927 1059 1196 1126 ἀγγέλους
1232 1076 1290 1112 τε
1348 1062 1443 1113 καὶ
1473 1061 1803 1130 ἀνθρώπους
1831 1065 1918 1116 λε-

334 1151 559 1221 γοᾶσηεο
591 1151 784 1204 ἔπειτα
837 1152 892 1204 δὲ
939 1153 1033 1205 καὶ
1065 1152 1174 1205 ἀπὸ
1219 1153 1327 1204 τῶν
1375 1155 1674 1224 ἐνεργειῶν
1710 1156 1914 1222 αὐτῶν,

337 1243 430 1294 καὶ
461 1240 561 1311 τῆς
598 1242 690 1294 τοῦ
720 1244 951 1313 οὐρανοῦ
999 1245 1290 1313 κινήσεως.
1334 1245 1393 1296 Ei
1430 1249 1558 1314 γὰρ,
1607 1247 1749 1299 κατὰ
1782 1249 1911 1309 τοὺς

340 1335 625 1408 Ἕλληνας,
657 1337 852 1406 λογικᾶ
887 1340 933 1390 οἱ
963 1339 1217 1408 ἀστέρες,
1249 1342 1359 1394 πᾶν
1387 1341 1441 1392 δὲ
1473 1341 1692 1410 λογικόν
1715 1327 1912 1406 αὐτεξ-

333 1430 537 1496 ούσιον,
572 1430 746 1484 ταῦτα
781 1431 836 1485 δὲ
875 1432 971 1502 τὴν
1031 1434 1201 1505 αὐτὴν
1252 1436 1340 1487 ἀεὶ
1380 1439 1474 1488 καὶ
1506 1435 1700 1505 ὁμοίαν
1732 1438 1906 1489 κινεῖ-

333 1537 426 1574 ται
456 1521 690 1592 κίνησιν,
726 1522 844 1586 πῶς
867 1523 1064 1591 λογικά
1102 1542 1162 1578 τε
1198 1529 1292 1579 καὶ
1329 1529 1730 1596 προαιρετικά;
1768 1527 1830 1581 El
1855 1528 1912 1584 δὲ

333 1617 394 1666 τὸ
436 1615 576 1668 οὕτω
626 1616 896 1670 κινεῖσθαι
940 1617 1040 1686 τὴν
1091 1617 1264 1688 καλὴν
1315 1619 1408 1673 καὶ
1451 1620 1631 1690 ἁπλῆν
1662 1620 1916 1689 λέγουσιν

331 1703 475 1760 εἶναι
503 1707 752 1775 κίνησιν,
799 1711 916 1772 πῶς
971 1712 1004 1780 η
1054 1710 1308 1780 ἐνέργεια
1367 1713 1467 1782 τῆς
1518 1715 1792 1785 κινήσεως
1847 1717 1916 1768 τά

331 1800 548 1870 πονηρά
575 1802 790 1872 ἐνεργεῖ
813 1803 958 1856 κατά
986 1804 1084 1872 τὴν
1113 1803 1295 1857 αὐτῶν
1318 1806 1500 1872 δόξαν,
1536 1809 1634 1876 καὶ
1659 1809 1760 1880 τὴν
1793 1809 1916 1861 κατ’

330 1892 514 1945 αὐτῶν
544 1893 650 1945 τῶν
676 1893 929 1963 ἀστέρων
961 1896 1175 1950 ἔννοιαν
1199 1897 1416 1951 πολλῶν
1448 1917 1508 1952 τε
1545 1902 1637 1954 καὶ
1664 1901 1910 1970 γνῶσινς

335 1985 399 2037 Ei
428 1985 537 2054 γὰρ
573 1984 728 2048 θεοὺς
781 1988 920 2040 αὐτὰ
973 1987 1246 2055 λέγουσιν,
1301 1994 1350 2043 οἱ
1395 1992 1642 2047 πλεῖστοι
1692 1993 1750 2047 δὲ
1803 1994 1913 2048 τῶν

333 2074 639 2143 ἀνθρώπων
682 2080 742 2131 οὐ
775 2079 931 2143 θεοὺς
965 2082 1103 2134 αὐτὰ
1133 2084 1476 2151 νενομίκασι,
1499 2085 1598 2153 τὴν
1617 2085 1675 2138 δὲ
1705 2086 1912 2154 πίστιν,

331 2165 409 2226 ῶς
439 2182 604 2233 φασιν
643 2168 931 2239 Ἕλληνες,
988 2172 1097 2225 τῶν
1143 2172 1452 2242 ἀνθρώπιον
1489 2177 1581 2228 καὶ
1632 2177 1732 2247 τὴν
1783 2178 1914 2248 θρηο

338 2257 532 2311 σκείαν
570 2261 633 2312 ἐκ
665 2261 765 2330 τῆς
795 2261 903 2313 τῶν
942 2263 1194 2334 ἀστέρων
1225 2261 1369 2318 εἶναι
1400 2266 1694 2334 κινήσεως,
1728 2268 1916 2322 λοιπὸν

331 2351 455 2404 καθ’
485 2354 696 2409 ἑαυτῶν
747 2357 1050 2423 κινοῦνται,
1081 2361 1178 2412 καὶ
1212 2361 1314 2431 τὴν
1345 2360 1466 2412 κατ’
1497 2361 1678 2414 αὐτῶν
1710 2363 1914 2429 γνῶσιν

329 2445 447 2506 τοῖς
499 2445 807 2516 ἀνθρώποις
860 2452 1188 2521 παρέχουσι.
1247 2453 1358 2505 Καὶ
1413 2452 1574 2521 δῆλον
1630 2453 1912 2518 ἐντεῦθεν,

330 2536 409 2599 ὠς
457 2537 518 2590 οὐ
561 2543 925 2610 προαιρετικα
985 2542 1108 2595 οὐδὲ
1170 2543 1386 2610 λογικά.
1437 2533 1552 2599 Πᾶν
1583 2546 1690 2615 γὰρ
1726 2563 1920 2616 προαι-

334 2630 551 2697 ρετικὸν
581 2631 676 2684 καὶ
702 2631 1007 2704 δυνάμενον
1036 2637 1103 2706 τῇ
1135 2637 1334 2689 ἑαυτοῦ
1369 2636 1625 2707 βουλήσει
1659 2641 1913 2692 κινεῖται.

344 2717 501 2772 Ἐπεὶ
539 2720 597 2772 δὲ
633 2727 746 2787 καὶ,
777 2721 852 2786 ὥς
883 2741 1072 2792 φασιν,
1109 2726 1327 2796 ἀγαθὴν
1357 2727 1641 2782 κινοῦνται
1673 2727 1912 2799 κίνησιν,

332 2810 429 2863 καὶ
478 2814 874 2882 προαιρετικὴν
919 2817 1148 2888 ταύτην,
1195 2819 1226 2884 ἡ
1280 2819 1496 2890 κίνησις
1533 2820 1591 2873 δὲ
1631 2820 1816 2874 αὐτῶν
1858 2823 1916 2874 ἐν

332 2903 546 2967 πολλοῖς
592 2907 790 2959 κακίαν
843 2909 1077 2980 ἐνεργεῖ,
1132 2912 1231 2963 καὶ
1277 2914 1376 2980 τὴν
1424 2913 1628 2984 ἀρετὴν
1675 2915 1914 2983 ἀναιρεῖ,

330 3001 430 3051 καὶ
462 2998 735 3054 ἀπώλειαν
767 3003 1007 3072 ἐμποιεῖ.
1055 3006 1144 3068 Ὠς
1198 3006 1306 3077 γὰρ
1357 3006 1682 3074 δοξάζουσιν
1713 3011 1916 3082 Ἕλλη-

330 3109 445 3156 νες,
477 3094 563 3147 διὰ
613 3095 722 3150 τῶν
755 3099 1000 3168 ἀστέρων
1023 3102 1142 3154 ἐστὶ
1191 3103 1290 3156 καὶ
1326 3103 1386 3156 τὸ
1433 3105 1694 3176 ἐνάρετον
1734 3102 1905 3174 εἶναι,

331 3187 431 3238 καὶ
472 3187 534 3240 τὸ
579 3192 816 3260 πονηρὸν
849 3187 1011 3258 εἶναι,
1060 3194 1376 3268 ἀκάθαρτον
1408 3215 1468 3251 τε
1507 3200 1603 3252 καὶ
1633 3202 1912 3270 σώφρονα,

333 3279 555 3346 φονικὸν
605 3298 665 3333 τε
719 3286 816 3336 καὶ
865 3283 1098 3351 δίκαιον,
1137 3289 1232 3341 καὶ
1279 3289 1363 3343 ἔτι
1425 3291 1695 3356 θανάτους
1743 3293 1915 3348 ἐθνῶν

333 3372 433 3423 καὶ
475 3372 755 3444 αὐξήσεις,
795 3376 1074 3446 διωγμοὺς
1132 3383 1224 3433 καὶ
1279 3381 1540 3451 ὑψώσεις,
1596 3387 1691 3438 καὶ
1741 3387 1914 3455 μυρία

331 3463 406 3515 τά
457 3465 593 3519 κατὰ
647 3467 773 3531 τοὺς
814 3469 1140 3540 ἀνθρώπους
1188 3474 1602 3542 συμϐαίνοντα,
1649 3481 1913 3545 ἑναντὶως

331 3557 524 3626 ἔχοντα
566 3560 664 3613 καὶ
711 3562 942 3616 πλεῖστα
997 3565 1363 3629 κακωτικῶς·
1399 3568 1512 3640 ἄρα
1568 3574 1661 3622 καὶ
1719 3574 1914 3637 κακίας

332 3651 559 3719 ἐργάται
590 3653 681 3706 καὶ
731 3656 1019 3726 πονηρίας,
1070 3657 1166 3711 καὶ
1220 3659 1385 3728 φόνου
1441 3667 1532 3713 κατ.
1568 3661 1775 3732 βλάϐης
1814 3666 1912 3716 καὶ

336 3741 534 3810 ἀρετῆς
563 3745 865 3814 ἀναιρέται,
899 3749 993 3801 καὶ
1019 3750 1160 3814 ὅλως
1183 3753 1286 3804 οὐκ
1315 3752 1536 3820 ἀγαθοί.
1586 3753 1748 3807 Ἀλλά
1780 3755 1913 3808 ταῦ-

344 3850 412 3885 τα
441 3835 527 3903 μὲν
551 3835 660 3890 τῶν
688 3837 1032 3910 βλασφήμων
1066 3859 1126 3896 τε
1151 3843 1246 3897 καὶ
1282 3844 1484 3901 ἀθέων.
1516 3843 1600 3900 Τὰ
1631 3849 1916 3918 κτίσματα

345 3925 403 3977 δέ
438 3943 494 3994 γε
517 3929 606 3983 τοῦ
639 3931 777 3985 Θεοῦ
825 3933 1028 4000 ἀγαθὰ,
1078 3937 1204 3990 ἐπεὶ
1237 3938 1330 3990 καὶ
1364 3938 1574 4006 ἀγαθοῦ
1610 3944 1910 4010 κτίσματα,

332 4019 414 4080 ὡς
438 4023 526 4076 καὶ
559 4024 740 4079 πάντα
774 4021 915 4080 εἶδεν
963 4029 1149 4093 αὐτὸς,
1182 4031 1280 4084 καὶ
1319 4031 1428 4085 ἰδοὺ
1467 4031 1606 4086 καλὰ
1638 4033 1778 4086 λὶαν·
1815 4036 1913 4088 καὶ

331 4111 550 4177 ἀγαθῶς
603 4117 869 4180 κινεῖται,
924 4120 1001 4182 εἰς
1058 4119 1086 4173 ὃ
1146 4120 1309 4174 ἔλαϐε
1357 4122 1594 4194 δύναμιν
1649 4123 1907 4180 ἕκαστον.

335 4201 446 4253 Καὶ
468 4202 524 4254 οὺ
563 4207 753 4272 λογικά
778 4208 979 4274 ταῦτα,
1014 4212 1152 4265 ά).λὰ
1204 4212 1441 4282 σώματα
1489 4216 1656 4284 μόνον
1698 4216 1910 4287 ἄψυχα,

332 4294 435 4362 τὴν
468 4294 729 4368 αἰσθητὴν
768 4300 1072 4369 κινούμενα
1113 4303 1354 4373 κίνησιν,
1397 4308 1478 4368 εἰς
1528 4307 1912 4377 ὲξοικονομίαν

328 4383 426 4436 τοῦ
455 4385 756 4455 ὁρωμένου.
796 4392 902 4444 Καὶ
929 4391 1088 4464 δῆλον
1114 4395 1209 4463 ἀφ’
1240 4387 1316 4450 ὧν
1360 4397 1687 4468 ἐνεργοῦσιν
1719 4398 1912 4469 αἰσθη-

327 4478 460 4532 τῶν.
493 4479 572 4534 Τά
603 4482 659 4534 δὲ
701 4486 757 4536 ὲν
791 4485 922 4554 ἡμῖν
970 4487 1143 4541 κακία
1191 4492 1287 4541 καὶ
1318 4490 1490 4561 ἀρετὴ
1541 4491 1617 4560 τῷ
1654 4491 1914 4557 αὐτεξου-

329 4569 434 4639 σῖῳ
485 4571 642 4639 ἡμῶν
693 4574 931 4631 τελεῖται
958 4565 988 4640 ,’
1031 4580 1132 4649 τῆς
1187 4581 1388 4652 ἀρετῆς
1422 4583 1521 4652 μὲν
1553 4586 1911 4656 ὲσπάρμένης

330 4659 484 4726 παρά
511 4661 668 4727 Θεοῦ,
711 4667 809 4733 τῆς
869 4668 1066 4731 κακίας
1113 4670 1168 4722 δὲ
1219 4674 1295 4743 μὴ
1341 4671 1532 4743 οῦσης,
1581 4676 1698 4729 ἀλλ’
1748 4679 1912 4744 ὲφευ-
1948 4704 1990 4760 υ

328 4751 584 4822 ρεθεέσης
613 4755 689 4823 τῷ
720 4757 942 4829 πονηρῴ
990 4764 1052 4832 τῇ
1105 4762 1278 4834 ἀργίᾳ
1311 4766 1408 4835 τῆς
1446 4767 1671 4836 ἀρετῆς.
1703 4769 1816 4822 Καὶ
1845 4769 1912 4823 τά

329 4845 393 4897 ἐν
420 4845 498 4912 τῷ
529 4845 718 4917 κόσμῳ
743 4849 800 4902 δὲ
829 4851 922 4904 καὶ
969 4853 1028 4906 ἐν
1058 4857 1192 4924 ἡμῖν
1232 4860 1498 4926 γινόμενα
1545 4859 1802 4930 βουλήσει
1829 4862 1916 4930 γί-

331 4955 477 4991 νεται
508 4939 577 4992 δι’
606 4941 773 5010 ἡμᾶς,
806 4944 876 4996 τά
909 4946 1007 5014 μὲν
1044 4949 1416 5015 εὐδοκοῦντος,
1451 4953 1520 5004 τά
1555 4953 1612 5006 δὲ
1643 4971 1910 5025 παραχω-

329 5026 552 5099 ροῦντος
608 5033 668 5083 ἐκ
714 5032 1012 5106 τῆς”ήμῶν
1059 5041 1262 5103 αἰτίας.
1299 5042 1392 5093 Διὸ
1444 5044 1787 5114 ἁποόλητέον
1816 5052 1914 5109 τὰς

330 5123 587 5188 τοιαύτας
618 5131 808 5196 μωρὰς
849 5129 1130 5199 ζητήσεις.
1194 5134 1305 5186 Καὶ
1356 5136 1484 5198 τοὺς
1540 5139 1640 5206 μὲν
1673 5138 1915 5209 ἀστέρας

179 5209 182 5214 ’
254 5252 260 5256 -
331 5215 469 5268 κατὰ
498 5215 596 5285 τὴν
636 5218 797 5285 ἁγίαν
839 5217 1066 5291 Γραφὴν
1104 5217 1392 5290 γεγονέναι
1447 5227 1598 5295 παρὰ
1629 5227 1768 5282 Θεοῦ
1816 5231 1907 5282 δο-

332 5309 608 5378 ξάζωμεν,
641 5313 734 5364 καὶ
763 5311 854 5364 τὸν
893 5313 1046 5381 ἥλιον
1080 5317 1178 5368 καὶ
1211 5318 1448 5388 σελήνην
1477 5320 1557 5382 εἰς
1602 5319 1664 5373 τὸ
1700 5321 1917 5390 φαίνειν

332 5400 424 5452 ἐπὶ
454 5401 590 5468 γῆς,
624 5403 722 5456 καὶ
760 5403 852 5456 τὸν
889 5405 989 5473 μὲν
1035 5405 1229 5477 ἄρχειν
1277 5409 1380 5478 τῆς
1439 5411 1682 5482 ἡμέρας,
1722 5413 1824 5484 τὴν
1855 5411 1914 5467 δὲ

330 5491 429 5562 τῆς
475 5493 696 5559 νυκτὸς,
751 5495 848 5548 καὶ
904 5497 1172 5552 κινεῖσθαι
1228 5500 1309 5562 εἰς
1347 5499 1781 5573 ὲξοικονὸμησιν
1806 5503 1917 5558 τῶν

332 5586 512 5654 φυτῶν
557 5603 613 5638 τε
673 5588 768 5640 καὶ
813 5588 924 5642 τῶν
977 5591 1291 5657 σωμάτων,
1344 5595 1440 5646 καὶ
1495 5596 1574 5657 εἰς
1635 5596 1914 5666 καιροὺς,

329 5678 508 5749 ἔαρος,
548 5680 762 5751 θέρους,
811 5682 1155 5754 φθινοπώρου
1209 5703 1267 5738 τε
1297 5687 1392 5739 καὶ
1447 5688 1719 5757 χειμῶνος
1754 5728 1771 5754 ,
1821 5692 1920 5744 καὶ

330 5773 410 5833 εἰς
468 5774 674 5843 σημεῖα
722 5773 948 5846 ὄμϐρων
1010 5793 1069 5829 τε
1129 5779 1224 5831 καὶ
1280 5779 1501 5849 ἀνέμων
1559 5783 1654 5834 καὶ
1707 5781 1917 5838 λοιπῶν

333 5861 502 5916 ἄλλων
531 5863 847 5935 αἰσθητῶν,
898 5869 1022 5924 ἐπεὶ
1076 5870 1173 5923 καὶ
1224 5869 1362 5924 αὑτά
1423 5870 1653 5943 σώματά
1701 5890 1761 5927 τε
1822 5876 1921 5932 καὶ

333 5954 582 6029 αἰσθητά·
628 5959 723 6013 καὶ
763 5961 840 6023 εἰς
901 5961 1328 6042 ἑνιαυτοὺςηὸτι
1380 5963 1761 6038 πληρουμένου
1799 5967 1913 6047 *τοῦ

2019 693 2200 760 gionis
2238 694 2446 761 Opinio.
2491 691 2546 746 Si
2600 707 2724 746 vero
2772 691 2996 762 quidam
3047 689 3196 759 impii
3267 688 3435 744 stulte
3494 691 3609 768 bare

2019 783 2201 836 dicant
2237 797 2361 838 esse
2389 782 2630 837 animata
2663 791 2718 836 et
2753 779 3119 845 rationabilia,
3149 793 3329 836 sermo
3352 780 3456 836 erit
3492 797 3610 834 0m-

2021 875 2152 929 nino
2185 875 2520 929 irrationalis
2564 884 2618 928 et
2653 874 2912 929 mendax.
2941 871 3127 927 Primo
3155 871 3375 942 quidem
3407 872 3610 942 probu-

2019 975 2110 1020 tur
2162 982 2224 1020 ex
2261 965 2567 1035 Scriptura,
2617 981 2737 1036 quae
2773 966 2996 1036 angelos
3033 974 3244 1019 tantum
3276 973 3331 1020 et
3361 963 3612 1018 limnines

2017 1059 2152 1113 dicit
2175 1074 2300 1114 esse
2348 1060 2563 1114 ratione
2611 1059 2869 1116 donatos.
2904 1057 3110 1113 Deinde
3151 1073 3219 1112 ex
3261 1072 3449 1112 eorum
3503 1057 3613 1107 νὴ.

2020 1160 2134 1204 tute
2174 1163 2227 1205 et
2262 1161 2412 1205 motu
2455 1153 2601 1206 coeli.
2630 1149 2762 1205 Nam
2789 1151 2856 1216 si,
2895 1159 3055 1219 prout
3084 1147 3429 1218 obganniunt
3459 1144 3608 1201 Grar-

2021 1243 2092 1306 ci,
2127 1252 2277 1298 astra
2309 1243 2525 1298 ratione
2559 1243 2824 1315 gaudent,
2860 1258 3023 1297 omne
3054 1250 3237 1296 autem
3275 1237 3620 1294 rationabile.

2023 1333 2274 1388 libertate
2305 1336 2574 1404 potiatur,
2599 1349 2724 1390 cum
2747 1329 2987 1404 vero_illa
3018 1332 3185 1388 simili
3215 1340 3366 1387 motu
3395 1346 3614 1399 semper

2022 1435 2370 1491 moveantur,
2409 1424 2688 1495 quomodo
2726 1436 2860 1480 sunt
2909 1423 3259 1480 rationabilia
3288 1431 3344 1478 et
3397 1422 3567 1476 libera
3592 1422 3616 1472 ’ἒ

2020 1518 2176 1585 Quod
2198 1519 2243 1575 si
2273 1519 2397 1575 talis
2423 1528 2603 1575 motus
2627 1519 2922 1588 pulchrum
2956 1528 3010 1574 et
3029 1517 3308 1573 sincerum
3340 1531 3464 1572 esse
3500 1531 3612 1569 mn-

2020 1620 2136 1664 tum
2155 1610 2416 1675 dixerint,
2446 1613 2723 1680 quomodo
2751 1626 2942 1667 eorum
3003 1620 3184 1666 motus
3203 1608 3442 1672 aﬂ'ectio.
3461 1609 3616 1680 ipso—

2020 1717 2141 1757 rum
2181 1703 2468 1773 gentilium
2498 1703 2732 1774 judicio,
2780 1703 2982 1758 malum
3022 1702 3318 1772 operatur?
3350 1702 3431 1756 Ita
3468 1701 3616 1755 enim

2021 1793 2173 1848 multi
2197 1793 2468 1850 adversus
2495 1794 2678 1852 sidera
2709 1795 3057 1852 somniantes
3080 1793 3362 1849 dixerunt.
3389 1791 3446 1846 Si
3469 1794 3614 1846 enim

2019 1886 2138 1942 inec
2165 1888 2299 1942 deos
2328 1887 2535 1956 dicant,
2571 1890 2817 1959 plerique
2851 1897 3036 1944 autem
3066 1887 3322 1942 homines
3357 1885 3449 1939 illa
3481 1885 3613 1938 deus

2023 1992 2146 2033 esse
2175 1994 2284 2032 non
2313 1990 2594 2044 censeant,
2615 1981 2684 2047 si,
2721 1991 2778 2035 ut
2802 1979 2961 2036 aiunt
3000 1977 3201 2044 Grazci,
3235 1976 3372 2032 iich
3404 1985 3458 2030 et
3481 1974 3612 2030 reli-

2021 2071 2110 2140 gio
2152 2069 2435 2126 hominum
2489 2087 2521 2127 e
2578 2071 2855 2127 sideribus
2907 2068 3133 2136 deﬂuat,
3190 2084 3324 2139 ergo
3367 2067 3614 2124 sibimet—

2023 2160 2157 2226 ipSiS
2216 2161 2496 2215 contraria
2531 2163 2846 2229 volvuntur,
2907 2170 2962 2218 et
2992 2162 3242 2218 notitiam
3270 2160 3377 2218 sibi
3421 2160 3613 2216 adver—

2019 2267 2135 2305 sam
2181 2253 2495 2310 ltomiuibus
2563 2255 2892 2325 largiuntur.
2958 2254 3111 2312 Unde
3169 2265 3316 2326 patet
3367 2270 3436 2312 ea
3488 2271 3615 2311 esse

2022 2359 2198 2413 neque
2227 2345 2571 2401 rationabilia
2597 2362 2773 2418 neque
2792 2348 3000 2415 libera;
3023 2363 3149 2402 nam
3174 2362 3341 2409 omne
3357 2348 3618 2410 liberum,

2019 2438 2064 2491 si
2097 2439 2294 2507 possit,
2330 2454 2427 2508 pro
2488 2455 2584 2496 sua
2621 2441 2901 2496 voluntate
2948 2451 3221 2498 moretur.
3275 2441 3346 2497 At
3378 2440 3532 2511 quia,
3563 2454 3620 2495 ιιι

2019 2517 2233 2595 dicunt,
2288 2531 2433 2587 bono
2471 2543 2620 2588 motu
2657 2533 2952 2590 volvuntur
2988 2542 3044 2590 et
3090 2545 3243 2590 motu
3297 2533 3492 2598 libero,
3528 2533 3616 2586 hic

2023 2638 2149 2676 vero
2169 2631 2351 2679 motus
2368 2626 2421 2678 in
2454 2626 2640 2682 multis
2659 2628 2960 2698 nequitiam
2981 2638 3261 2698 operatur,
3277 2636 3332 2683 et
3355 2627 3616 2682 virtutem

2021 2714 2181 2778 tollit,
2215 2725 2270 2770 et
2319 2719 2617 2786 perniciem
2679 2729 2997 2790 perpetrat;
3051 2731 3111 2776 ut
3148 2723 3296 2778 enim
3335 2722 3617 2792 desipiunt

2021 2805 2217 2873 Grazci,
2250 2823 2316 2862 ex
2346 2810 2509 2866 astris
2542 2812 2798 2880 sequitur
2827 2828 2950 2870 esse
2992 2814 3226 2884 probum
3252 2825 3307 2870 et
3346 2829 3610 2885 nequam,

2022 2899 2360 2955 immundum
2377 2912 2427 2957 et
2443 2914 2678 2970 castum,
2695 2904 3030 2962 latronem-et
3044 2906 3276 2974 iustum,
3295 2919 3484 2977 gentes
3497 2909 3614 2964 dis-

2021 2993 2198 3060 perire
2213 2996 2489 3063 etaugeri,
2512 2998 2684 3066 premi
2705 3007 2760 3064 et
2780 2999 3033 3067 exaltari,
3052 3015 3267 3056 necnon
3283 3003 3469 3057 omnia
3493 3018 3618 3072 qme

2023 3087 2338 3143 hominibus
2387 3090 2666 3158 accidunt,
2705 3109 2827 3162 quae
2865 3094 3192 3163 plerumque
3221 3096 3499 3152 contrarie
3563 3108 3617 3150 rt

2022 3179 2161 3234 male
2191 3183 2552 3252 contingunt;
2589 3183 2755 3254 igitur
2779 3195 2927 3242 astra
2957 3197 3085 3242 sunt
3125 3189 3387 3259 nequitiae
3421 3205 3621 3260 opera.

2026 3281 2170 3329 tores
2198 3287 2253 3329 et
2289 3276 2533 3343 malitiae,
2561 3279 2726 3337 cadis
2751 3289 2806 3336 et
2835 3282 3143 3352 opprobrii,
3175 3294 3229 3340 et
3256 3285 3408 3342 nullo
3441 3289 3607 3340 modo

2027 3369 2184 3423 bona.
2219 3369 2322 3426 Sed
2353 3373 2469 3429 btec
2497 3375 2717 3445 quidem
2762 3376 3144 3448 blasphemant
3164 3379 3350 3450 impii;
3385 3361 3479 3436 bei
3512 3397 3614 3435 au-

2025 3466 2133 3512 tem
2161 3471 2426 3518 creaturae
2447 3475 2573 3521 sunt
2601 3467 2777 3534 bonae,
2805 3483 2932 3524 cum
2955 3469 3133 3542 bonus
3159 3472 3436 3530 sitearum
3459 3489 3618 3531 crea-

2026 3562 2129 3618 tor,
2155 3556 2247 3624 qni
2272 3557 2386 3626 ipse
2415 3559 2598 3614 omnia
2618 3558 2786 3625 videt,
2804 3571 2858 3617 et
2879 3576 3009 3618 ecce
3035 3563 3192 3620 valde
3214 3564 3376 3633 bona,
3399 3577 3452 3623 et
3479 3567 3616 3624 ben-.2

2024 3656 2319 3718 moventur
2369 3649 2435 3703 ad
2483 3649 2646 3707 linem
2717 3651 2785 3706 ad
2825 3669 2990 3722 quem
3029 3655 3246 3724 singula
3285 3666 3609 3727 potestatem

2025 3749 2377 3808 acceperunt.
2441 3739 2554 3797 Nec
2613 3744 2800 3810 omnia
2872 3755 3004 3801 sunt
3070 3758 3340 3824 creaturae
3404 3751 3618 3805 ration:

2026 3833 2288 3901 praedite,
2319 3834 2413 3888 sed
2471 3850 2705 3905 corpora
2733 3837 2912 3894 solum
2946 3849 3076 3895 sunt
3136 3841 3464 3910 inanimata,
3501 3861 3621 3913 qua:

2026 3926 2278 3981 sensibili
2313 3939 2464 3982 motu
2509 3930 2574 3982 ad
2604 3931 2975 3986 oeconomiam
3010 3933 3248 3989 universi
3285 3947 3578 3990 moventur
3607 3957 3618 3999 ;

2022 4028 2078 4072 et
2133 4019 2358 4074 evidens
2386 4030 2470 4074 est
2496 4021 2566 4075 ab
2597 4021 2677 4076 eis
2709 4004 2988 4079 sensibilis
3022 4029 3272 4096 operari;
3313 4043 3378 4084 ea
3430 4039 3615 4086 autem

2023 4127 2146 4180 quae
2174 4111 2227 4165 in
2265 4112 2423 4167 nobis
2459 4124 2590 4169 sunt
2619 4116 2826 4171 malitia
2855 4126 2910 4174 et
2943 4118 3117 4177 virtus
3150 4121 3398 4179 libertate
3433 4138 3618 4179 nosua

2021 4202 2370 4266 cliiciuntur;
2410 4205 2584 4260 virtus
2609 4205 2828 4274 quidem
2863 4222 2893 4263 a
2931 4209 3038 4265 Deo
3091 4211 3450 4281 diffunditur;
3513 4232 3620 4269 lttm

2025 4304 2208 4349 autem
2257 4297 2490 4365 malitia,
2527 4313 2648 4368 qum
2680 4317 2710 4355 a
2742 4302 3005 4372 maligno,
3041 4304 3326 4362 desidente
3394 4309 3620 4372 νὶτιιιιιι,

2025 4388 2310 4458 procedit;
2342 4406 2406 4446 ea
2443 4407 2574 4449 vero
2603 4409 2728 4462 quae
2761 4395 2814 4449 in
2850 4396 3058 4453 mundo
3087 4410 3144 4455 et
3191 4400 3242 4455 in
3273 4402 3433 4458 nobis
3462 4405 3620 4464 tium,

2024 4488 2247 4546 propter
2279 4494 2378 4535 nos
2407 4496 2437 4536 e
2468 4487 2751 4552 proposito
2787 4488 3136 4557 contingunt,
3168 4490 3291 4546 aliis
3338 4495 3558 4562 quidem
3592 4513 3620 4549 ιι

2023 4571 2184 4626 nobis
2216 4573 2643 4650 procedentibus
2669 4586 2727 4632 ut
2757 4594 2787 4632 a
2823 4582 3116 4650 principio,
3143 4585 3267 4640 aliis
3295 4596 3477 4642 autem
3515 4607 3619 4644 limi

2023 4649 2464 4731 procedentibus.
2495 4665 2706 4723 idcirco
2740 4649 3051 4740 rejicienda:
3106 4687 3236 4732 sunt
3290 4687 3398 4744 tam
3441 4684 3621 4738 stulta:

2024 4756 2440 4825 inquisitiones.
2479 4770 2536 4814 et
2571 4761 2866 4819 credamus
2894 4765 3075 4822 sidera
3103 4784 3134 4822 a
3160 4768 3291 4837 Deo,
3322 4776 3620 4828 secundum

2021 4862 2234 4903 sacram
2270 4852 2633 4922 Scriptttram,
2660 4870 2784 4911 esse
2815 4869 3022 4924 creata,
3053 4861 3226 4917 solem
3271 4879 3401 4920 vero
3451 4879 3508 4922 et
3541 4870 3620 4920 ln-

2024 4957 2172 5004 nam,
2207 4951 2266 4996 ut
2301 4959 2464 5013 super
2499 4956 2702 5003 terram
2733 4948 2973 5018 luceant,
3006 4963 3060 5010 et
3080 4955 3219 5010 alius
3237 4959 3458 5027 quidem
3486 4961 3618 5026 diri,

2022 5035 2128 5088 alia
2155 5050 2282 5091 vero
2303 5042 2451 5094 nocti
2476 5042 2680 5110 praesit,
2713 5052 2768 5099 et
2808 5057 3132 5102 moveantur
3163 5048 3215 5102 in
3249 5046 3618 5110 deconomiam

2022 5129 2332 5199 plantarum
2359 5143 2413 5191 et
2435 5135 2754 5192 animalium
2780 5155 2795 5203 ;
2831 5155 3048 5196 necnon
3072 5143 3128 5197 in
3158 5153 3511 5214 tempestates
3531 5165 3618 5203 Vc-

2023 5221 2122 5286 ris,
2144 5227 2374 5292 aestatis,
2400 5228 2650 5282 autumni
2675 5237 2730 5283 et
2746 5229 2966 5298 hiemis,
2986 5242 3040 5289 et
3065 5233 3121 5291 in
3138 5237 3294 5307 signa
3311 5239 3400 5310 plu
3411 5242 3618 5297 viarmn

2020 5323 2076 5369 et
2112 5327 2400 5372 ventorum
2438 5319 2790 5392 aliorumque
2847 5336 3174 5384 ceterorum
3238 5333 3610 5396 sensibilium,

2023 5422 2151 5464 cum
2207 5419 2261 5464 et
2311 5412 2433 5480 ipsa
2466 5412 2579 5467 sint
2614 5426 2880 5486 corporea
2910 5429 2972 5474 et
3005 5421 3312 5491 sensibilia,
3342 5437 3396 5481 et
3432 5426 3488 5481 in
3519 5445 3616 5482 an-

2023 5515 2219 5558 norum
2272 5504 2498 5569 reditus,
2535 5519 2661 5559 nam
2712 5509 2988 5580 completo
3013 5527 3182 5581 anno,
3210 5531 3430 5573 rursum
3465 5530 3614 5573 motn

2023 5611 2214 5652 eorum
2274 5597 2493 5653 initium
2551 5603 2773 5673 accipit,
2841 5615 2896 5661 et
2946 5606 3023 5662 ita
3078 5620 3342 5678 reguntur
3382 5611 3616 5667 visibilia

2024 5699 2190 5759 prout
2244 5689 2478 5746 voluerit
2544 5691 2689 5751 Deus
2749 5703 2805 5750 et
2883 5699 3247 5767 mandaverit,
3301 5703 3396 5758 sed
3446 5708 3616 5759 “certo

2026 5794 2207 5852 neque
2237 5781 2525 5852 imperium
2561 5785 2766 5844 habent
2809 5802 3096 5861 creaturae,
3128 5809 3306 5866 neque
3363 5795 3619 5852 dominav

2028 5873 2178 5932 tione
2204 5875 2508 5950 potiuntur,
2542 5896 2643 5938 nec
2670 5884 2958 5954 Opiniones
3012 5887 3248 5959 iaciunt,
3280 5905 3382 5948 nec
3409 5901 3618 5962 cogunt

2029 5971 2127 6056 ad
2158 5979 2444 6041 peccatum
2504 5989 2684 6046 neque
2741 5977 2998 6039 virtutem
3065 5993 3386 6055 operantur,
3443 5997 3619 6056 neque
