4066 6440
495 482 565 546 47
1347 475 1728 538 SYMEONIS
1765 418 2517 532 'i'HESSAcLONlCENSlS
2573 458 2932 523 ARCHIEI‘.
3260 506 3263 509 .
3682 450 3750 516 ιιι

495 614 653 672 reges
688 599 767 653 vel
796 596 1068 669 principes
1091 593 1452 657 constituunt,
1478 591 1737 657 inopcsve
1765 594 1819 639 et
1848 582 2065 645 divites,
2097 620 2106 641 ,

2212 596 2350 643 τους,
2382 579 2447 646 τῇ
2503 577 2717 644 κινήσε.
2766 574 2975 625 τούτων
3011 565 3164 632 αὖθις
3221 567 3393 637 ἀρχὴν
3442 566 3745 637 λαμϐάνει,

497 669 669 761 agros
708 696 761 743 et
790 700 974 750 sanos,
1014 685 1310 739 morientes
1340 688 1393 735 et
1424 680 1689 740 viventes,
1732 672 1869 741 viles
1884 680 1938 724 et
1972 669 2073 723 lto-

499 780 794 842 norabiies,
820 778 1012 833 stultos
1037 786 1086 830 et
1115 775 1408 845 sapientes,
1427 771 1600 825 bonos
1631 778 1685 821 et
1718 765 1923 828 malos;
1950 775 2075 815 nam

503 872 798 943 impietatis
831 880 913 925 est
947 869 1165 923 credere
1202 865 1326 919 talia
1404 875 1564 933 posse
1597 866 1740 913 astra
1798 863 1851 911 et
1883 853 2077 907 nativi-

506 975 690 1021 tatem.
757 964 956 1017 Sancta
1022 960 1164 1015 enim
1205 956 1337 1012 dixit
1398 953 1717 1021 Scriptura:
1763 965 1781 998 ι
1818 945 2078 999 Dominus

505 1056 719 1121 inopem
788 1053 917 1107 facit
976 1060 1029 1106 et
1069 1051 1221 1113 ditat,
1273 1044 1521 1099 ltumiliat
1551 1050 1606 1095 et
1655 1038 1927 1099 sublevat,
1971 1052 1989 1085 ι
2026 1041 2080 1087 et

506 1147 586 1200 sic
607 1144 823 1197 deinde.
851 1142 910 1197 Et
942 1157 955 1195 :
987 1159 1005 1191 ι
1035 1139 1294 1193 Dominus
1319 1132 1675 1187 mortiﬁcatet
1694 1126 1952 1188 vivilicat,
1973 1123 2077 1176 du-

503 1236 577 1290 cit
604 1236 668 1287 atl
702 1233 907 1287 inferos
938 1240 988 1284 ct
1014 1228 1245 1289 reducit,
1281 1243 1299 1276 ι
1329 1221 1579 1292 equidem
1607 1220 1751 1289 iuste
1779 1213 2079 1270 secundum

512 1324 938 1392 uniuscujusque
1003 1319 1328 1375 electionem
1383 1322 1546 1384 atque
1608 1312 1965 1369 voluntatem,
2028 1310 2079 1359 vi

504 1426 680 1472 autem
718 1413 963 1478 minimc,
1021 1409 1273 1481 quoniam
1323 1407 1509 1476 justus
1562 1414 1647 1459 est
1708 1400 1974 1455 Dominus
2028 1407 2082 1450 et

498 1508 766 1578 juStitiam
817 1504 1048 1568 dilexit;
1086 1509 1161 1567 et,
1196 1518 1213 1551 ι
1258 1497 1338 1552 Tu
1369 1497 1580 1560 reddes,
1612 1493 1808 1563 inquit,
1871 1488 2083 1544 unicui-

505 1614 612 1669 que
638 1596 937 1651 secundum
968 1609 1128 1663 opera
1169 1591 1313 1660 ejus.
1356 1608 1375 1641 ι
1433 1586 1718 1654 Quomodo
1748 1592 1926 1637 autem
1961 1582 2084 1634 red-

506 1690 615 1753 det,
653 1689 698 1742 si
730 1687 851 1757 quis
873 1686 924 1740 vi
968 1695 1244 1755 precatum
1279 1682 1603 1736 virtutemvc
1636 1673 1926 1745 operatur?
1955 1686 2080 1725 naut

509 1780 553 1833 si
584 1778 632 1832 vi
664 1787 807 1849 agat,
859 1790 1036 1845 neque
1074 1782 1260 1845 peccat
1302 1771 1544 1840 iniquus,
1583 1780 1759 1836 neque
1790 1765 1926 1818 bene
1956 1760 2088 1814 facit

509 1871 713 1940 justus,
741 1882 915 1937 neque
938 1865 1171 1921 trucidat
1194 1862 1526 1925 interfector,
1546 1874 1647 1913 nec
1665 1858 1933 1912 adulterat
1954 1865 2085 1906 ma:-

2180 670 2274 725 xati.
2312 670 2600 722 διοικεῖται
2632 666 2698 719 τά
2735 667 2991 735 ὁρώμενα
3038 662 3205 725 οὑτω,
3238 661 3456 730 θελήσει
3490 658 3625 712 Θεοῦ
3661 662 3753 711 καὶ

2181 755 2572 826 προστάγματι
2627 753 3039 822 συμφερόντως.
3076 753 3150 802 Οὐ
3187 750 3295 821 μὴν
3327 750 3383 802 δὲ
3434 749 3609 818 ἀρχὴν
3641 749 3752 816 ἔχει

2178 848 2249 901 τά
2275 847 2577 916 κτίσματα,
2605 846 2640 917 ἢ
2667 843 2989 899 δυναστείαν
3020 844 3215 904 ἐπάγει
3240 882 3255 904 ,
3291 844 3325 914 ἢ
3365 840 3559 912 γνώμῃ
3591 845 3757 906 ποιεῖ,

2182 943 2215 1011 ἦ
2247 942 2345 1011 τῆς
2371 940 2551 1009 ψυχῆς
2590 938 2879 1007 κατάρχει,
2910 936 2942 1005 ἢ
2993 936 3337 1005 ἁμαρτάνειν
3368 934 3689 1002 ἀναγκάζει,
3722 935 3753 1002 ἢ

2182 1031 2386 1103 ἀρετὴν
2420 1030 2687 1099 ἐνεργεῖν,
2712 1029 2742 1097 ἢ
2777 1026 3020 1097 βασ.λεῖς
3047 1026 3312 1095 καθιστᾷν
3340 1043 3398 1077 τε
3424 1027 3518 1077 καὶ
3553 1026 3750 1093 ἄρχον-

2184 1142 2303 1188 τας’
2339 1122 2670 1190 πενομένους
2700 1137 2759 1171 τε
2808 1122 2904 1172 καὶ
2941 1118 3196 1170 πλουσίου
3217 1136 3251 1180 ’,
3294 1117 3635 1182 ὑγιαίνοντας
3664 1112 3756 1163 καὶ

2184 1218 2525 1288 ἀρρώστους,
2557 1214 2898 1283 θνήσκοντας
2932 1211 3023 1262 καὶ
3052 1209 3282 1272 ζῶντας,
3321 1207 3547 1275 ἀτίμους
3573 1221 3629 1254 τε
3663 1204 3758 1253 καὶ

2185 1312 2423 1377 τιμίους,
2474 1305 2751 1376 έμφρονάς
2788 1320 2846 1354 τε
2875 1305 2967 1354 καὶ
3001 1301 3264 1368 ἄφρονας,
3301 1296 3537 1365 ἀγχθούς
3566 1312 3625 1345 τε
3660 1294 3758 1347 καὶ

2187 1398 2480 1469 πονηρούς.
2530 1398 2747 1459 Ἀθεῒας
2798 1396 2905 1463 γάρ
2961 1395 3021 1445 τὸ
3080 1392 3305 1444 τοιαῦτα
3350 1387 3612 1441 δύνασθαι
3660 1386 3762 1452 τὴν

2186 1493 2403 1559 γένεσιν
2450 1489 2543 1543 καὶ
2591 1491 2717 1549 τοὺς
2767 1486 3003 1555 ἀστέρας
3039 1483 3303 1548 δοξάζειν.
3351 1481 3418 1533 Ἦ
3476 1484 3583 1548 γάρ
3637 1477 3766 1543 ἁγία

2189 1583 2404 1655 Γραφὴ,
2458 1582 2695 1649 Κύριος,
2730 1579 2887 1648 φησὶ,
2922 1578 3186 1645 πτωχίζει
3218 1576 3313 1627 καὶ
3339 1571 3611 1634 πλουτίζει
3635 1612 3648 1633 ,
3680 1586 3769 1620 ςα-

2193 1680 2370 1731 πεινοῖ
2416 1677 2509 1729 καὶ
2540 1675 2753 1742 ἀνυψοῖ,
2794 1674 2889 1725 καὶ
2948 1672 3015 1723 τά
3048 1669 3301 1737 καθεξῆς.
3337 1668 3385 1735 7
3425 1666 3528 1717 Καὶ
3568 1663 3769 1731 Κύριος

2191 1769 2411 1821 θανατοῖ
2444 1770 2538 1819 καὶ
2578 1766 2851 1830 ζωογονεῖ,
2894 1764 3122 1829 κατάγει
3181 1762 3258 1817 είς
3311 1758 3437 1828 ᾅδου
3491 1756 3584 1808 καὶ
3632 1756 3762 1805 ἀνά-

2193 1878 2298 1928 γει,
2330 1860 2428 1911 καὶ
2478 1858 2637 1910 τοῦτο
2686 1857 2914 1917 δικαίως
2950 1854 3044 1907 καὶ
3081 1852 3222 1905 κατᾶ
3274 1849 3594 1919 προαίρεσιν
3631 1845 3765 1896 ἑκά-

516 1958 651 2012 cltus
679 1972 696 2019 ;
725 1957 973 2026 impurus
997 1969 1104 2010 non
1134 1966 1215 2008 ρει
1244 1954 1510 2021 impurus,
1542 1962 1610 2004 ne
1631 1962 1717 2017 tne
1744 1944 1828 1999 fur
1857 1944 2088 2006 furatur,

2212 1972 2326 2007 ιτου
2376 1953 2468 2005 καὶ
2511 1952 2750 2018 κίνησιν,
2800 1949 2895 2001 καὶ
2923 1948 2983 1999 οὐ
3027 1947 3168 1999 κατὰ
3224 1943 3364 2013 βίαν.
3398 1942 3522 1993 Ὀτι
3562 1938 3773 1996 δίκαιος

514 2061 692 2114 neque
719 2048 890 2101 salvat
918 2046 1174 2106 salvittor,
1219 2058 1317 2097 nec
1366 2040 1519 2110 virgo
1552 2036 1861 2103 virginitate
1897 2034 2085 2097 claret,

522 2154 698 2208 neque
728 2140 869 2208 sapit
888 2133 1428 2206 sapiens.Quomodo
1444 2130 1673 2199 denique
1705 2126 1891 2196 puniet
1912 2123 2093 2177 Domi-

520 2231 647 2285 nus?
668 2228 1083 2300 quomodojusti
1109 2237 1162 2281 et
1184 2225 1350 2280 multa
1371 2224 1483 2279 sive
1505 2221 1700 2276 veteris
1716 2220 1830 2275 sive
1846 2234 1999 2272 nova:
2020 2217 2092 2271 le-

518 2325 601 2393 gis
618 2321 892 2387 exempla?
910 2320 1075 2375 Nobis
1098 2332 1223 2373 vero
1244 2314 1593 2371 credentibus
1614 2328 1717 2367 non
1748 2310 2093 2367 solummodo

522 2415 823 2469 secundum
910 2422 1155 2466 naturam
1220 2407 1423 2462 moveri
1490 2405 1784 2459 creduntur
1839 2402 2090 2467 visibilia,

521 2512 616 2564 sed
670 2506 833 2561 etiam
872 2505 993 2572 jure
1027 2518 1193 2572 super
1245 2514 1517 2556 naturam.
1561 2496 1694 2551 Nam
1736 2497 1827 2567 qui
1881 2505 2094 2551 creatu-

523 2614 613 2654 ras
656 2597 782 2652 fecit
818 2606 992 2666 potest
1036 2609 1150 2661 eas,
1207 2603 1266 2647 ιιι
1324 2592 1575 2654 voluerit,
1635 2590 1941 2643 itmnutare.
1971 2585 2096 2640 ldco

525 2690 769 2762 prodigia
811 2688 937 2743 fecit
967 2701 1132 2757 supra
1166 2695 1414 2740 naturam
1462 2683 1637 2753 posita
1694 2692 1800 2734 tam
1864 2688 1990 2733 ante
2024 2679 2092 2732 le-

523 2799 665 2853 gem,
693 2797 856 2853 quam
898 2783 949 2835 in
984 2782 1122 2850 lege,
1166 2785 1217 2834 et
1253 2789 1375 2849 post
1435 2777 1605 2845 legem
1642 2772 1986 2829 orationibus
2011 2771 2099 2841 ju-

519 2885 843 2939 storutn,,et
869 2874 1192 2928 miraculum
1237 2870 1369 2926 fecit
1403 2883 1657 2938 magnum
1688 2880 1851 2935 super
1879 2879 2095 2918 omnem

526 2977 764 3022 mentem
817 2976 979 3033 atque
1044 2979 1377 3019 sermonem.
1430 2959 1669 3015 Verbum
1728 2966 1949 3027 propter
2000 2970 2101 3010 nos

529 3061 869 3112 iucarnatum
904 3066 959 3111 et
1003 3070 1096 3125 per
1144 3054 1306 3107 vitam
1348 3053 1491 3107 inter
1548 3063 1649 3103 nos
1694 3054 2099 3107 conversatum,

528 3160 583 3202 et
616 3161 779 3202 carne
810 3160 1050 3216 passum,
1080 3154 1134 3199 et
1169 3142 1471 3198 redivivum
1501 3146 1557 3194 et
1589 3146 1712 3207 post
1742 3133 2105 3190 resurrectio~

531 3258 650 3296 llelll
733 3252 1112 3309 conspectum,
1191 3246 1393 3291 tactum
1489 3242 1654 3303 atque
1731 3241 2102 3299 progressum,

532 3351 738 3391 necnon
798 3339 853 3390 in
910 3334 1105 3388 cmium
1155 3346 1279 3385 cum
1345 3343 1511 3383 carne
1564 3324 1886 3389 ascendens,
1921 3331 1976 3376 et
2012 3300 2182 3391 perc

536 3428 815 3498 apostolos
839 3436 1094 3480 naturam
1116 3424 1409 3478 humanam
1431 3419 1643 3488 replens
1663 3414 1868 3485 Spiritu
1893 3422 2109 3477 sancto;

536 3520 766 3591 etsigna
818 3518 944 3572 fecit
973 3517 1114 3572 Deus
1179 3525 1343 3585 atque
1393 3512 1660 3584 prodigia,
1703 3517 2017 3575 terramque
2048 3506 2112 3557 ad

538 3614 695 3667 tidem
739 3611 904 3665 traxit
951 3608 1065 3666 sola
1097 3606 1486 3679 praedicatione
1520 3612 1574 3657 et
1626 3599 1931 3660 miraculis,
1987 3610 2116 3650 HCC‘.

535 3720 645 3758 non
681 3718 853 3772 ustue
886 3702 954 3757 ad
1003 3703 1145 3756 hanc
1203 3702 1394 3754 horam
1453 3693 1702 3765 prodigia
1758 3690 2013 3760 patravit,
2061 3694 2115 3741 et

543 3795 775 3850 mortuis
803 3802 1118 3850 sanctorum
1141 3790 1387 3861 reliquiis
1410 3786 1774 3858 precibusque
1795 3791 2112 3838 sanctorum

543 3886 812 3941 mirabilia
843 3894 1121 3955 operatur,
1155 3895 1208 3937 et
1259 3880 1463 3951 ligandi
1500 3888 1667 3947 atque
1722 3873 1967 3930 solvendi
2022 3888 2116 3940 po-

545 3988 714 4033 testas
746 3978 1130 4032 manifestatur
1164 3992 1179 4039 ;
1217 3987 1339 4042 quae
1368 3970 1553 4025 omnia
1608 3977 1733 4023 sunt
1765 3980 1927 4035 supra
1961 3974 2117 4018 natu-

544 4087 684 4134 ram,
715 4070 917 4137 Deique
944 4080 1109 4134 opera
1140 4062 1558 4134 omnipotentis.
1592 4059 1887 4128 Propterea
1913 4055 2117 4111 intirmi

546 4174 832 4230 precamur
863 4166 925 4211 ut
979 4156 1270 4209 sanitatem
1328 4152 1683 4220 accipiamus,
1729 4159 1785 4205 et
1837 4150 2027 4204 tentati
2062 4158 2120 4202 ut

547 4253 841 4307 liberemur
876 4264 940 4302 ex
982 4245 1246 4310 adversis,
1277 4255 1332 4299 et
1364 4245 1492 4297 dum
1523 4243 1791 4297 elementa
1817 4240 2122 4294 inordinate

549 4353 861 4408 moventur,
894 4340 1237 4411 postulamus
1278 4344 1339 4390 ut
1361 4333 1661 4390 secundum
1708 4332 1951 4386 ordinem
2004 4349 2119 4384 ntu-

550 4451 819 4505 veautur,
889 4449 944 4492 et
1003 4436 1264 4506 pleraque
1312 4433 1448 4486 liunt
1498 4430 1739 4483 virorum
1804 4433 2119 4479 sanctorum

552 4534 827 4605 precibus,
876 4532 1022 4586 velut
1078 4526 1264 4598 pluvia
1325 4533 1447 4595 post
1502 4529 1714 4585 aestum,
1776 4518 2121 4591 ut.ltostium

549 4628 751 4693 clades,
785 4634 844 4679 ut
877 4622 1037 4677 famis
1066 4629 1121 4676 et
1167 4618 1337 4688 pestis
1374 4614 1597 4678 solutio,
1633 4622 1687 4667 et
1729 4612 1987 4682 pleraque
2015 4611 2118 4664 alia

549 4730 601 4776 et
636 4720 978 4773 inﬁrmorum
1044 4710 1379 4770 saltationes,
1432 4715 1485 4761 et
1519 4705 1886 4759 calamitatum
1917 4702 2122 4756 exstin-

548 4813 784 4875 ctiones,
824 4815 1044 4879 propter
1073 4817 1195 4874 quae
1251 4801 1581 4869 deprecatur
1639 4796 1900 4850 Ecclesia.
1955 4794 2123 4864 Igitur

550 4920 701 4976 spem
745 4903 798 4957 iu
833 4902 1003 4955 Deum
1030 4895 1227 4952 evertit
1254 4893 1391 4951 falsa
1418 4891 1485 4947 de
1526 4891 1742 4944 fortuna
1773 4898 1828 4944 et
1862 4886 1972 4944 l'ato
2007 4886 2123 4957 Opi-

551 4998 986 5067 nio,ipsumquo
1050 4990 1221 5046 Deum
1285 4983 1539 5050 destruit,
1596 4983 1951 5051 divinamque
2006 4982 2125 5050 eius

553 5089 876 5160 potentiam,
903 5097 958 5142 et
986 5099 1205 5141 omnem
1245 5079 1582 5149 Scripturam
1619 5084 1883 5139 sanctam,
1928 5082 1983 5129 et
2022 5073 2141 5157 iui;

553 5196 787 5252 quorum
849 5194 1057 5248 paruas,
1091 5187 1145 5233 et
1180 5178 1451 5247 iustorum
1499 5171 1827 5235 mercedem,
1856 5181 1912 5224 et
1945 5168 2127 5222 omnia

554 5272 645 5327 Dei
682 5269 956 5343 mysteria.
989 5269 1109 5323 ideo
1134 5269 1300 5324 nolite
1349 5266 1723 5323 Christianum
1752 5261 1956 5316 ducere
2002 5273 2128 5314 eum

554 5364 649 5436 qui
697 5365 761 5419 de
826 5362 936 5417 fato
964 5370 1018 5417 et
1050 5360 1345 5430 astrologia
1391 5368 1555 5426 atque
1600 5356 1872 5412 similibus
1924 5353 2127 5407 studet.

558 5454 624 5513 Et
656 5457 702 5513 si
735 5457 859 5526 quis
907 5454 1107 5511 dixerit
1148 5468 1210 5508 se
1264 5452 1465 5508 talibus
1541 5451 1747 5516 doceri,
1799 5465 1829 5504 a
1883 5451 2133 5502 daemone

557 5551 832 5607 deluditur
877 5558 932 5605 et
969 5547 1239 5620 rejicitur,
1278 5556 1332 5600 et
1367 5545 1435 5599 ab
1474 5543 1715 5600 Ecclesia
1748 5544 1805 5597 tit
1843 5542 2054 5596 alienus
2080 5548 2135 5595 et

559 5642 814 5697 mendax.
871 5640 1064 5697 Omnis
1133 5648 1312 5693 autem
1376 5637 1456 5691 vir
1517 5635 1825 5705 religiosus,
1883 5648 2009 5688 cum
2063 5633 2137 5687 sit

560 5735 783 5799 Christi,
808 5735 903 5807 qui
942 5743 1026 5791 est
1051 5732 1223 5788 virtus
1258 5729 1456 5799 Patris,
1476 5730 1702 5797 veritas,
1739 5729 1970 5783 Verbum
2017 5738 2135 5782 om-

564 5826 840 5896 nipotens,
865 5837 1045 5897 speret
1073 5826 1130 5885 in
1188 5822 1498 5889 Dominum,
1535 5822 1628 5893 qui
1660 5830 1744 5878 est
1781 5835 1926 5876 nunc
1954 5831 2007 5877 et
2040 5834 2138 5889 per

563 5931 727 5985 omne
775 5918 1060 5989 saeculum,
1106 5915 1371 5989 quoniam
1432 5915 1691 5990 praeterit
1739 5911 1911 5985 ﬁgura
1968 5911 2133 5986 iulius

2202 2047 2397 2114 Κύριος
2433 2044 2527 2095 καὶ
2564 2040 2904 2099 δικαιοσύνας
2934 2040 3216 2107 ἠγάπησε.
3254 2034 3359 2085 Καὶ
3390 2034 3470 2083 ὅτι
3508 2030 3609 2080 «Σὺ
3638 2029 3773 2078 ἀπο-

2199 2137 2387 2193 δώσεις
2420 2136 2654 2205 ἑκάστῳ,
2682 2136 2836 2202 φησὶ,
2856 2132 2997 2185 κατά
3023 2132 3088 2182 τὰ
3116 2128 3253 2198 ἔργα
3281 2124 3499 2180 αὑτοῦ.»
3525 2123 3633 2174 Καὶ
3655 2120 3779 2179 πῶς

2209 2227 2506 2291 ἀποδώσει,
2541 2228 2589 2278 εί
2628 2227 2771 2280 κατά
2822 2224 2942 2293 βίαν
2978 2220 3305 2292 ἁμαρτάνει,
3353 2218 3386 2287 ἦ
3424 2212 3714 2282 κατορθοῖς
3746 2212 3780 2262 ὁ

2203 2319 2314 2391 γὰρ
2348 2320 2491 2373 κατὰ
2525 2319 2649 2391 βίαν
2685 2316 2854 2371 ποιῶν
2882 2314 3005 2368 οὔτε
3042 2314 3226 2374 ἄδικος
3262 2307 3616 2379 ἁμαρτάνων,
3647 2301 3775 2355 οὐτε

2201 2416 2409 2477 δίκαιος
2437 2412 2721 2485 κατορθῶν
2751 2427 2765 2443 ο
2798 2411 2894 2463 καὶ
2940 2406 3065 2460 οὐτε
3102 2407 3130 2459 6
3165 2403 3435 2473 φονεύσας
3467 2395 3678 2467 φονεὺς,
3736 2392 3774 2461 ἢ

2203 2507 2231 2559 6
2291 2505 2585 2576 μοιχεύσας
2647 2502 2869 2574 μοιχὸς,
2917 2501 2950 2571 ἢ
2998 2506 3025 2554 ὁ
3057 2498 3370 2567 ἀκάθαρτος
3424 2492 3520 2545 καὶ
3567 2485 3775 2557 ἅρπαξ.

2204 2600 2511 2669 ἀκάθαρτος
2564 2615 2623 2649 τε
2667 2597 2757 2650 καί
2805 2592 3013 2665 ἅρπαξ,
3069 2590 3192 2645 οὔτε
3244 2593 3271 2642 ὁ
3326 2586 3516 2650 σώζων
3570 2580 3775 2651 σωτὴρ,

2206 2694 2300 2747 καὶ
2355 2696 2381 2746 6
2442 2691 2710 2762 παρθένος
2768 2690 3056 2759 παρθένος,
3127 2685 3222 2738 καὶ
3297 2682 3529 2750 σώφρων
3585 2678 3612 2728 6
3667 2674 3778 2725 od)-

2207 2804 2383 2855 φρων,
2417 2785 2511 2839 καὶ
2558 2787 2585 2836 6
2622 2785 2830 2845 δίκαιος
2874 2780 3101 2843 δίκαιος.
3156 2777 3265 2830 Καὶ
3316 2775 3430 2835 πῶς
3461 2771 3646 2824 λοιπὸν
3684 2784 3784 2819 κο-

2207 2878 2359 2941 λάξει
2404 2877 2569 2940 Θεός;
2613 2874 2707 2927 καὶ
2741 2873 2859 2936 πῶς
2886 2872 3086 2925 δικαιοῖ
3126 2870 3220 2923 καὶ
3271 2867 3497 2919 πλεῖστα
3540 2862 3595 2915 έν
3623 2878 3680 2913 τε
3712 2860 3784 2927 τῇ
3822 2926 3841 2937 ν.

2211 2971 2427 3040 Παλαιᾷ
2454 2971 2551 3023 καὶ
2579 2970 2756 3037 Καινῇ
2785 2967 2854 3019 τά
2901 2965 3282 3033 ὑποδείγματα
3312 2978 3327 3026 ;
3364 2958 3527 3012 ’Δλὶὰ
3554 2955 3664 3018 τοῖς
3696 2968 3791 3003 πι-

2213 3064 2357 3126 στοῖς
2380 3063 2514 3131 ἡμῖν
2538 3061 2657 3113 οὐδὲ
2685 3060 2745 3113 τὸ
2767 3059 2910 3112 κατά
2940 3056 3103 3127 φύσιν
3136 3053 3402 3107 κινεῖσθαι
3426 3050 3493 3102 τά
3526 3046 3783 3116 ἅρῶμενα

2216 3155 2376 3225 μόνον
2408 3154 2556 3221 δόξα,
2610 3153 2746 3207 ἀλλὰ
2794 3153 2889 3206 καὶ
2936 3150 3076 3220 ὑπὲρ
3111 3149 3273 3218 φύσιν
3300 3145 3546 3205 δικαίως.
3589 3141 3647 3192 Ὀ
3676 3138 3789 3208 γὰρ

2214 3246 2449 3315 ποιήσας
2494 3244 2593 3308 τὴν
2624 3244 2804 3296 κτίσιν
2854 3240 3029 3311 ἰσχύει
3082 3236 3442 3310 μεταϐάλλειν
3473 3232 3546 3295 ὡς
3596 3229 3793 3300 βούλε-

2214 3354 2325 3391 ται.
2363 3335 2452 3388 Διὸ
2480 3336 2575 3388 xui.
2621 3334 2825 3405 τέρατα
2874 3334 3172 3402 πεποίηκεν
3201 3331 3341 3399 ὑπὲρ
3374 3326 3556 3396 φύσιν,
3584 3325 3651 3376 τὰ
3684 3324 3797 3388 πρὸ

2214 3427 2309 3483 τοῦ
2343 3428 2531 3497 νόμου,
2564 3427 2633 3479 τά
2656 3429 2714 3479 ἐν
2756 3425 2836 3495 τῷ
2864 3427 3039 3494 νόμῳ,
3082 3425 3175 3477 καὶ
3214 3423 3353 3492 μετά
3403 3419 3568 3486 νόμον
3609 3431 3797 3484 προσ-

2214 3524 2400 3592 ευχαῖς
2435 3520 2546 3572 τῶν
2581 3520 2805 3574 δικαίων
2834 3561 2849 3582 ,
2881 3524 2975 3571 καὶ
3006 3518 3067 3571 τὸ
3120 3516 3263 3586 μέγα
3314 3512 3406 3566 καὶ
3438 3510 3578 3577 ὑπὲρ
3612 3509 3801 3559 πάντα

2227 3614 2353 3667 νοῦν
2381 3631 2438 3665 τε
2472 3614 2565 3666 καὶ
2590 3612 2748 3681 λόγον
2794 3615 2852 3666 τὸ
2916 3611 3268 3683 σαρκωθῆναι
3312 3608 3402 3660 τὸν
3451 3604 3622 3670 Λόγον
3654 3602 3805 3669 ὑπὲρ

2216 3704 2396 3776 ήμῶν,
2431 3705 2525 3757 καὶ
2559 3701 3018 3774 ὲμπολιτευθήναι
3069 3699 3147 3769 τῷ
3190 3698 3311 3768 βίῳ,
3344 3695 3439 3749 καὶ
3473 3690 3639 3762 σαρκὶ
3688 3709 3803 3743 πα-

2218 3800 2355 3861 θεῖν,
2387 3800 2479 3851 καὶ
2510 3797 2841 3864 ἀναστῆναι,
2889 3798 2983 3848 καὶ
3014 3792 3283 3864 ὁραθῆναι
3322 3789 3460 3860 μετά
3503 3789 3601 3858 τὴν
3635 3786 3801 3854 ἐγερ-

2220 3905 2325 3951 σιν,
2361 3887 2454 3939 acti.
2473 3884 2895 3955 ψηλαφηθῆναι,
2929 3884 3024 3936 καὶ
3056 3879 3357 3950 τραφῆναι,
3386 3887 3478 3929 καὶ
3509 3877 3589 3938 είς
3623 3874 3799 3940 οὐρα-

2219 3980 2342 4041 νοὺς
2380 3980 2518 4048 μετά
2554 3979 2653 4047 τῆς
2693 3979 2897 4047 σαρκὸς
2931 3975 3176 4029 ἀνελθεῖν
3231 3973 3325 4025 καὶ
3384 3969 3583 4035 πλῆσαι
3625 3965 3804 4018 Πνεῦ-

2224 4087 2389 4140 ματος
2429 4069 2589 4139 ἁγίου
2618 4070 2721 4140 τὴν
2754 4069 3111 4141 ἀνθρωπίνην
3150 4065 3315 4135 φύσιν
3370 4062 3456 4115 διὰ
3506 4059 3615 4111 τῶν
3664 4060 3808 4111 ἀπο-

2224 4164 2446 4225 στόλων,
2474 4164 2570 4216 xui.
2601 4163 2808 4233 σημεῖα
2838 4162 2932 4215 καὶ
2956 4162 3164 4233 τέρατα
3196 4158 3519 4228 ἐνεργῆσαι,
3548 4152 3641 4205 καὶ
3692 4151 3804 4218 τὴν

2221 4254 2547 4325 οἰκουμένην
2587 4258 2666 4319 εἰς
2721 4255 2820 4326 τὴν
2871 4254 3057 4308 πίστιν
3112 4249 3341 4305 ὲλκῦσαι
3395 4247 3542 4316 μόνῳ
3581 4243 3659 4313 τῷ
3696 4260 3809 4310 κη·

2226 4348 2466 4419 ρύγματι
2522 4349 2614 4402 καὶ
2657 4352 2770 4412 τοῖς
2845 4348 3111 4417 θαύμασι,
3197 4343 3295 4397 καὶ
3352 4342 3481 4410 ἄχρι
3545 4335 3635 4389 τοῦ
3701 4333 3807 4388 νῦν

2225 4443 2281 4494 ἐν
2338 4440 2614 4512 θαύμασιν
2684 4442 2936 4510 ἐνεργεῖν
2969 4481 2984 4506 ,
3056 4441 3163 4492 καὶ
3240 4435 3454 4505 νεκροῖς
3519 4429 3810 4495 λειψάνοις

2226 4535 2422 4604 ἁγίων,
2467 4534 2561 4587 καὶ
2592 4534 2780 4603 εὐχαῖς
2819 4532 3013 4604 ἱερέων
3057 4528 3452 4600 τερατουργεῖν
3495 4523 3582 4576 τὸν
3638 4518 3807 4581 Θεὸν,

2226 4626 2321 4680 καὶ
2365 4627 2462 4695 τὴν
2509 4625 2601 4679 τοῦ
2634 4626 2784 4679 λύειν
2833 4625 2929 4678 καὶ
2976 4624 3195 4693 δεσμεῖν
3240 4615 3607 4689 φανεροῦσθαι
3636 4612 3809 4665 δύνα-

2229 4736 2342 4789 μιν,
2377 4718 2520 4789 ’άπερ
2553 4718 2730 4772 πάντα
2770 4716 3055 4787 ὑπερφυῆ,
3091 4715 3189 4767 xui.
3242 4710 3336 4765 τοῦ
3383 4704 3809 4773 παντοδννάμου

2226 4810 2363 4881 ἔργα
2397 4810 2555 4866 Θεοῦ,
2595 4809 2687 4862 Διὸ
2722 4810 2815 4863 καί⁵
2860 4805 3280 4879 ἀρρωστοῦντες
3309 4800 3580 4873 εὐχόμεθα
3611 4795 3813 4857 ὑγείαν

2229 4905 2432 4974 εὑρεῖν,
2459 4905 2555 4955 καὶ
2595 4902 3109 4972 περιστατούμενοι,
3143 4898 3488 4968 λυτρωθῆναι
3535 4892 3641 4946 τῶν
3666 4890 3812 4943 δνσ-

2230 4997 2431 5067 χερῶν,
2490 4997 2587 5049 καὶ
2632 4996 2742 5051 τῶν
2772 4996 3063 5066 στοιχείων
3093 4992 3421 5065 παραλόγως
3450 4985 3817 5053 κινουμένων,

2231 5093 2310 5152 εἰς
2344 5089 2405 5142 τὸ
2444 5089 2693 5158 εὐφόρως
2718 5089 3017 5142 κινεῖσθαι.
3051 5087 3162 5140 Καὶ
3205 5084 3433 5155 πλεῖστα
3480 5080 3687 5149 γίνεται
3718 5079 3819 5128 εὐ-

2232 5184 2354 5254 χαῖς
2381 5182 2608 5236 δικαίων
2638 5182 2871 5252 ἀνδρῶν·
2905 5181 2982 5242 ὼς
3030 5179 3183 5241 ὑετὸς
3224 5176 3283 5240 ἐξ
3330 5171 3564 5243 αὐχμοῦ,
3600 5169 3674 5231 ὼς
3709 5185 3821 5220 κα-

2233 5273 2511 5344 ταστροφὴ
2550 5274 2869 5343 πολεμίων,
2918 5271 2993 5335 ὡς
3039 5268 3201 5339 λιμοῦ
3246 5269 3401 5327 λύσις
3451 5263 3545 5315 καὶ
3586 5258 3807 5329 λοιμοῦ,

2237 5367 2330 5420 καὶ
2360 5367 2589 5420 πλεῖστα
2648 5367 2803 5419 ἀλλα·
2838 5367 2963 5419 και
3000 5360 3247 5416 ἀσθενῶν
3305 5355 3638 5428 άναρρώσεις
3663 5393 3679 5417 ,
3718 5356 3821 5406 καὶ

2235 5455 2529 5528 ἀπαλλαγὴ
2588 5456 2876 5528 λυπηρῶν,
2908 5456 2975 5509 δι’
3008 5455 3043 5510 ἃ
3095 5453 3196 5507 καί⁸
3234 5455 3267 5524 ὴ
3307 5448 3606 5517 Ἐκκλησία
3642 5460 3824 5512 προσ-

2238 5550 2481 5618 εύχεται.
2525 5550 2852 5619 ’Λνατρέπει
2886 5549 3072 5603 τοίνυν
3106 5548 3206 5618 τὴν
3236 5549 3316 5609 εἰς
3350 5543 3485 5597 Θεὸν
3513 5538 3702 5593 ἐλπίδα
3742 5537 3822 5590 τὰ

2236 5640 2335 5709 τῆς
2368 5639 2538 5711 τύχης
2591 5657 2649 5693 τε
2695 5641 2789 5693 καὶ
2838 5642 3111 5710 γενέσεως
3156 5640 3249 5695 καὶ
3305 5636 3468 5691 αὐτὸν
3513 5630 3691 5688 ἀθετεῖ
3716 5630 3820 5682 τὸν

2239 5730 2406 5797 Θεὸν,
2437 5734 2532 5785 καὶ
2580 5732 2679 5803 τὴν
2732 5732 2899 5787 αὐτοῦ
2941 5734 3096 5788 θείαν
3145 5733 3379 5804 δύναμιν
3407 5770 3421 5795 ,
3485 5728 3581 5782 καὶ
3628 5724 3823 5777 πᾶσαν

2242 5822 2401 5890 ἀγίαν
2434 5821 2684 5894 Γραφὴν,
2720 5824 2819 5877 καὶ
2854 5824 3080 5880 κόλασιν
3112 5824 3336 5890 ἀδίκων,
3373 5822 3467 5876 καὶ
3513 5815 3822 5874 ἀπόλαυσιν

2243 5914 2490 5987 δικαίων,
2531 5917 2624 5973 καὶ
2659 5915 2837 5976 πάντα
2869 5915 3006 5974 Θεοῦ
3037 5918 3344 5991 μυστήρια.
3380 5913 3471 5970 Διὸ
3497 5909 3591 5969 καὶ
3621 5906 3819 5979 μηδεὶς
