4066 6450
337 281 410 344 49
1397 285 1678 347 DIALOG
1689 289 1783 351 US
1823 290 2130 353 CONTRA
2172 293 2564 360 HJIRESES.
3542 299 3623 370 ὗθ

337 390 580 459 ἡγείσθω
625 391 975 460 Χριστιανδν,
1031 391 1122 445 τὸν
1155 393 1288 462 περὶ
1318 393 1536 463 γένεσιν
1583 399 1676 450 καὶ
1723 401 1924 470 ἀστρο-

2041 405 2244 465 mundi.
2279 415 2332 460 et
2368 418 2622 463 creatura
2656 407 3051 483 'corrumpitur
3108 419 3273 482 atque
3316 420 3614 484 mutatur;

243 535 254 540 _
334 484 524 550 λογίαν
547 483 737 536 καὶτὰ
774 481 1000 536 τοιαῦτα
1033 482 1392 553 σχολάζοντα.
1429 488 1540 541 Καὶ
1571 491 1625 542 ετ
1654 505 1739 553 τις
1765 491 1913 545 εἴποι

2041 511 2124 552 IOS
2155 507 2340 555 autem
2371 499 2426 554 in
2479 499 2702 558 Christo
2760 517 2868 560 non
2906 481 3114 562 sumus
3163 481 3268 563 sub
3325 481 3616 567 elementis

335 576 402 629 ἐκ
431 576 539 628 τῶν
574 575 837 629 τοιούτων
873 576 1196 646 μανθάνειν,
1234 579 1592 650 ὴπατημὲνος
1644 582 1750 636 ὑπὸ
1794 581 1913 638 δαιη

2041 590 2204 643 nundi
2241 591 2562 658 servientes,
2588 604 2753 664 prout
2809 597 2950 652 dixit
3007 598 3232 663 Paulus,
3264 600 3362 656 sed
3427 602 3613 658 anima

339 669 537 736 μόνων,
569 669 667 722 καὶ
719 669 1052 736 ἀπόϐλητος,
1107 673 1202 726 καὶ
1251 673 1350 742 τῆς
1391 673 1722 744 Ἐκκλησίας
1754 677 1910 730 ἀλλόε

2041 688 2070 734 :t
2108 697 2274 738 carne
2312 688 2655 759 corruptioni
2694 672 3009 760 superiores
3049 690 3176 747 lacti
3205 707 3399 748 sumus
3432 696 3610 763 gratia

335 776 508 828 τριος,
538 762 630 814 καὶ
661 762 942 816 ἀπατεὼν.
969 764 1086 828 Πᾶς
1117 763 1174 817 δὲ
1209 765 1463 835 εὐσεϐὴς,
1513 767 1588 831 ὡς
1633 767 1728 820 τοῦ
1777 769 1913 839 Χρι-

2041 771 2258 843 Spiritus
2288 775 2750 850 incorruptibilis.
2770 782 2942 853 Igitur
2981 785 3166 840 omnia
3197 796 3327 842 sunt
3354 762 3447 841 Dei
3478 801 3609 856 ope—

340 851 467 903 στοῦ
500 849 596 916 ὢν,
625 852 723 922 τῆς
769 853 1055 923 δυνάμεως
1080 853 1177 908 τοῦ
1208 855 1445 926 Πατρδς,
1485 859 1586 926 τῆς
1625 857 1908 928 ἀληθείας,

2041 878 2096 928 ε,
2135 881 2234 922 nec
2276 868 2576 939 quidquam
2616 888 2809 928 eorum
2848 873 3012 931 Deus.

340 943 434 996 τοῦ
490 943 902 1014 παντοδυνάμου
952 943 1159 1013 Λόγου,
1206 947 1486 1001 ὲλπισάτω
1541 948 1639 1002 ἐπὶ
1703 949 1906 1018 Κύριον
1940 951 2050 1008 ἀπὸ
2091 956 2185 1010 τοῦ
2217 959 2316 1012 νῦν
2364 963 2462 1014 καὶ¹
2493 960 2598 1028 ἓως
2653 961 2756 1038 τοῦ
2802 965 3032 1030 αίῶνο;“
3095 968 3177 1022 ὅτι
3225 967 3468 1038 παράγει
3545 967 3608 1021 τὸ

342 1035 528 1132 σχῆμα
552 1130 558 1132 Δ
583 1035 677 1090 τοῦ
717 1038 926 1107 κόσμου
975 1039 1189 1132 τούτου,
1224 1041 1322 1092 καὶ
1380 1042 1413 1111 ἡ
1485 1041 1666 1104 κτίσις
1711 1041 1950 1116 φθαρτὴ,
1991 1050 2090 1103 καὶ
2151 1051 2599 1127 ἀλλοιωθήσεται.
2630 1035 2934 1130 Καὶ-ἡμεῖς
2967 1060 3024 1114 ὲν
3056 1059 3281 1132 Χριστῷ
3311 1035 3413 1116 οὐκ
3441 1062 3615 1132 ἐσμὲν
3656 1108 3662 1125 ,

340 1129 466 1230 ὑπὸ.
508 1130 576 1182 τὰ
632 1133 877 1230 στοιχεῖα
943 1131 1038 1230 τοῦ
1089 1133 1297 1204 κόσμου
1344 1134 1732 1206 δεδουλωμένοι
1759 1177 1774 1203 ,
1836 1137 1912 1202 ὥς
1953 1156 2088 1211 φησι
2123 1145 2360 1214 Παῦλος·
2399 1150 2514 1204 ἀλλ’
2549 1129 2843 1224 ὑπέρτεροι
2871 1155 2938 1224 τῇ
2968 1129 3121 1226 ψυχῆ
3144 1129 3263 1211 καὶ⁷
3302 1159 3371 1228 τῇ
3440 1129 3614 1230 carpit.1

343 1223 647 1317 γεγόναμεν
676 1223 1037 1317 τῆς-φθορᾶς.
1105 1229 1171 1296 τῇ
1215 1226 1315 1280 τοῦ
1357 1228 1642 1300 ἀφθάρτου
1697 1230 2018 1302 Πνεύματος
2085 1237 2292 1310 χάριτι.
2357 1245 2836 1316 Δημιουργήματα
2890 1223 2993 1301 οὖν
3049 1223 3241 1304 πάντα
3296 1223 3472 1317 esca,
3517 1223 3612 1304 καὶ

344 1315 512 1379 οὐδεὶς
545 1315 725 1369 αὐτῶν
769 1315 926 1382 Θεός.

937 1415 1188 1470 ΚΕΦΑΛ.
1237 1418 1309 1472 Ζ’.

603 1509 736 1562 Ὀτι
791 1508 981 1577 μόνος
1014 1507 1155 1574 Θεὸς
1185 1509 1224 1578 ἠ
1266 1509 1406 1578 ἁγία
1447 1510 1641 1581 Τριάς.

413 1595 503 1664 Εἷς
555 1601 608 1654 δὲ
664 1586 824 1670 μόνος
875 1602 992 1653 ἐστὶ
1050 1604 1145 1654 καὶ
1197 1603 1475 1674 ἀληθινὸς,
1531 1607 1560 1659 6
1621 1605 1680 1659 tv
1709 1606 1908 1678 Τριάδι

2625 1431 2853 1487 CAPUT
2893 1432 3004 1488 VII.

2168 1518 2326 1586 Quod
2356 1534 2705 1578 sacrosancta
2737 1523 2976 1580 Trinitas
3023 1526 3170 1580 solus
3201 1527 3269 1581 sit
3307 1526 3470 1582 Deus.

2093 1607 2247 1668 Unus
2266 1627 2394 1670 vero
2417 1615 2568 1670 solus
2595 1625 2650 1670 et
2667 1633 2830 1674 verus
2858 1617 2951 1688 qui
2970 1627 3054 1674 est
3078 1620 3130 1674 in
3151 1619 3423 1675 Trinitate
3449 1618 3616 1686 Deus,

342 1693 496 1759 Θεὸς,
541 1694 633 1744 καὶ
662 1691 852 1747 τοῦτον
894 1694 1046 1747 πᾶσα
1091 1693 1359 1763 κηρύττει
1397 1696 1598 1761 κτίσις.
1631 1693 1781 1752 Οὗσα
1803 1698 1914 1770 γάρ

2041 1711 2069 1756 :t
2107 1703 2213 1758 hoc
2242 1720 2434 1762 omnes
2481 1708 2777 1776 praedicant
2829 1691 3138 1778 creaturae;
3175 1720 3306 1767 sunt
3362 1713 3508 1768 enim
3550 1728 3618 1768 ex

341 1786 492 1836 ἐστιν
542 1787 602 1838 ὲκ
647 1785 739 1838 τοῦ
786 1784 936 1858 ὄντος
979 1786 1066 1840 ἀεὶ
1118 1787 1354 1858 Πατρὸς,
1383 1788 1479 1841 καὶ
1505 1789 1652 1859 λόγῳ
1679 1790 1916 1846 διοικου-

2041 1810 2085 1851 εο
2117 1797 2208 1867 qui
2239 1811 2456 1867 semper
2486 1808 2570 1855 est
2601 1798 2783 1870 Pater,
2824 1811 2880 1858 et
2915 1803 3096 1860 Verbo
3133 1805 3616 1870 administrantur,

345 1876 503 1944 μένη,
557 1877 618 1928 ὲκ
667 1873 763 1929 τοῦ
798 1875 998 1939 ζῶντος
1047 1876 1220 1944 Λόγου
1276 1876 1375 1931 τοῦ
1416 1878 1505 1934 ἀεὶ
1548 1880 1788 1952 Πατρός·
1825 1883 1918 1936 καὶ

2041 1902 2143 1943 :um
2181 1898 2469 1958 generetur
2489 1890 2725 1947 Verbum
2751 1894 2820 1950 ab
2840 1907 2905 1950 eo
2930 1896 3026 1964 qui
3057 1911 3272 1967 semper
3311 1906 3397 1954 est
3428 1896 3619 1964 Pater,

344 1965 625 2036 Πνεύματι
673 1969 1007 2037 συνεχομένη
1057 1970 1154 2024 καὶ
1216 1969 1457 2033 μένουσα
1512 1971 1767 2044 ζωοποιῷ
1819 1974 1913 2030 τοῦ

2041 1987 2080 2036 et
2113 1980 2318 2051 Spiritu
2352 1982 2649 2040 viviﬁcanti
2701 1985 2876 2042 solius
2902 1987 3010 2045 vivi
3037 1987 3129 2044 Dei
3175 1965 3448 2046 vadunataa
3494 2007 3622 2063 per-

347 2059 482 2112 Θεοῦ
517 2059 612 2113 τοῦ
647 2061 808 2130 μόνου
846 2061 942 2114 καὶ
980 2060 1208 2124 ζῶντος.
1258 2062 1370 2116 Καὶ
1413 2061 1736 2129 ’Δθανάσιος
1789 2067 1919 2136 περὶ

2041 2083 2264 2129 nanent.
2325 2074 2484 2142 Quod
2542 2086 2595 2133 te
2642 2077 2920 2135 docebunt
2967 2082 3302 2139 Athanasius
3358 2059 3613 2156 magnus.

344 2153 534 2206 τούτου
585 2155 612 2206 6
642 2153 840 2224 μέγας,
880 2154 977 2206 καὶ
1019 2154 1327 2226 Γρηγόριός
1386 2172 1446 2209 σε
1502 2158 1531 2209 6
1594 2155 1919 2230 θεοῤῥήμων

2041 2163 2319 2238 Ξτεεοτίυε
2351 2166 2664 2242 Theologus
2702 2172 2994 2244 caeterique
3028 2190 3154 2230 cum
3215 2175 3353 2247 ipsis
3397 2153 3614 2234 Patres.

345 2245 655 2311 διδάξουσι,
712 2246 807 2300 καὶ
866 2246 915 2298 oi
968 2245 1150 2300 λοιποὶ
1205 2247 1303 2301 σὺν
1362 2247 1548 2317 αὐτοῖς
1589 2249 1701 2304 τῶν
1747 2251 1920 2306 Πατί-

349 2356 480 2408 ρων.

425 2432 482 2500 8
507 2432 552 2485 Κ
556 2431 1090 2496 .1ηρικός.⁹1κανῶς.
1117 2431 1377 2500 δέσποτα,
1411 2433 1504 2488 καὶ
1529 2434 1620 2489 τὸν
1648 2435 1806 2506 λόγον
1829 2437 1922 2491 τὸν

2096 2441 2348 2498 Clericus.
2388 2443 2558 2510 Satis,
2585 2445 2829 2512 domine,
2873 2449 3181 2505 orationem
3238 2458 3435 2506 contra
3461 2449 3622 2507 Gras-

343 2527 487 2578 κατᾶ
508 2525 614 2577 τῶν
631 2524 897 2595 Ἑλλήνων
913 2525 1020 2578 τῶν
1044 2525 1325 2581 πολυθέων
1359 2527 1704 2598 ἐπέγνωμεν.
1723 2529 1922 2598 Ἀνάγ-

2041 2548 2124 2590 eos
2154 2534 2313 2603 plura
2371 2538 2599 2592 numina
2653 2539 2952 2596 adorantes
2999 2544 3388 2610 percepimus;
3428 2553 3486 2598 at
3519 2559 3621 2599 nos

342 2637 414 2686 κη
469 2619 524 2672 δὲ
577 2619 779 2687 γνῶναι
813 2619 905 2671 καὶ
961 2619 1049 2672 τὸν
1108 2621 1237 2692 περὶ
1267 2621 1498 2691 Τριάδος
1546 2621 1926 2694 ἀριδηλότερον

2041 2640 2190 2681 cesse
2217 2638 2300 2682 est
2337 2627 2482 2684 seire
2539 2629 2786 2684 lucidum
2850 2633 2915 2687 de
2950 2631 3228 2688 Triuitate
3279 2649 3622 2699 sermonem,

344 2714 520 2781 λόγον,
551 2713 626 2776 ὡς
653 2712 717 2765 ἂν
743 2711 868 2776 τοὺς
895 2713 986 2764 τὸν
1020 2712 1150 2766 Υίδν
1181 2714 1272 2767 καλ⁵
1310 2714 1369 2768 τὸ
1399 2714 1626 2786 Πνεῦμα
1652 2713 1748 2768 τοῦ
1787 2714 1924 2770 Θεοῦ

2041 2726 2093 2774 ut
2125 2733 2222 2775 eos
2272 2720 2364 2790 qui
2403 2719 2604 2776 Filium
2665 2732 2719 2777 et
2773 2721 3041 2792 Spiritum
3112 2726 3204 2781 Dei
3259 2725 3520 2796 rejiciunt
3553 2729 3622 2783 ad

350 2803 680 2864 ἀθετοῦντας
712 2804 848 2870 πρδς
878 2805 975 2873 τὴν
1006 2804 1106 2874 τῆς
1137 2805 1401 2876 ἀληθείας
1435 2809 1638 2876 γνῶσιν
1684 2806 1928 2862 ἑλκύσω·

2041 2813 2284 2868 notitiam
2323 2815 2576 2870 veritatis
2623 2816 2988 2872 adducamus.
3027 2817 3161 2872 Nam
3216 2820 3270 2873 in
3304 2819 3408 2875 hoc
3435 2821 3628 2889 praeci-

353 2915 474 2966 μεν.
512 2899 624 2951 Καὶ
669 2896 778 2966 γὰρ
814 2896 948 2965 πρὸς
978 2898 1138 2950 τοῦτο
1179 2898 1415 2968 μάλιστα
1443 2901 1472 2952 6
1504 2900 1678 2968 ἀγὼν.
1715 2900 1929 2954 πολλῶν

2041 2919 2138 2974 pue
2166 2917 2391 2962 constat
2422 2922 2630 2978 pugna,
2666 2925 2794 2964 cum
2837 2911 2995 2966 multi
3030 2911 3144 2966 sint
3173 2911 3265 2968 Dei
3297 2911 3536 2968 Verbum
3570 2922 3625 2970 et

346 2994 516 3043 δντων
545 2991 652 3042 τῶν
682 2990 898 3052 ἀσεϐῶς
946 2989 1292 3044 άθετούντων
1317 2991 1407 3044 τὸν
1438 2991 1530 3046 τοῦ
1568 2991 1704 3047 Θεοῦ
1757 2993 1931 3064 Λόγον

2041 2995 2306 3069 Spiritum
2342 3009 2595 3056 sanctum
2637 3001 2801 3072 impie
2839 3003 3198 3075 abnegantes.

347 3081 442 3134 καὶ
464 3081 525 3133 τὸ
554 3080 773 3150 Πνεῦμα
800 3081 858 3133 τὸ
885 3081 1064 3148 ἀγιον.
1725 3156 1728 3158 Π
1955 3076 2004 3143 C

939 3195 986 3246 Κ
994 3195 1191 3250 litin-1A.
1246 3195 1329 3250 Μ’.

2626 3200 2860 3257 CAPUT
2903 3201 3044 3259 Vill.

349 3288 513 3344 Κατὰ
550 3288 856 3342 Ἰουδαίων
884 3289 981 3341 καὶ
1009 3289 1366 3369 Σαξελλίου,
1405 3292 1507 3345 καὶ
1540 3291 1663 3347 τῶν
1694 3295 1926 3350 λοιπῶν

2041 3291 2224 3348 Contra
2255 3273 2476 3349 Judtt’os
2503 3304 2549 3348 et
2585 3292 2905 3362 Sabellt'um,
2938 3305 2988 3351 et
3012 3297 3148 3352 alios
3173 3299 3339 3369 impia
3360 3299 3625 3355 docentes.

1035 3359 1249 3414 ἀθέων.

435 3454 780 3523 Ἀρχιερεύς.
813 3452 946 3506 Οὐδὲ
976 3452 1113 3519 πρὸς
1139 3449 1301 3505 τοῦτο
1332 3453 1572 3523 σπουδῆς
1616 3455 1726 3527 ἀρα
1767 3458 1926 3529 χρεία

353 3547 578 3617 πολλῆς,
612 3547 684 3610 ὡς
732 3545 833 3614 τῆς
867 3546 1034 3612 ἁγίας
1085 3543 1306 3613 ἀπάσης
1333 3545 1587 3616 Τραφῆς
1633 3547 1767 3617 περὶ
1829 3547 1925 3601 τοῦ

359 3643 530 3710 Λόγου
558 3640 648 3695 τοῦ
680 3638 817 3692 Θεοῦ
855 3640 951 3692 κοιλ⁸
1005 3637 1098 3691 τοῦ
1155 3638 1315 3706 ἁγίου
1366 3638 1686 3708 Πνεύματος
1720 3657 1932 3711 μαρτυ-

363 3735 572 3804 ρούσης.
610 3733 712 3785 Ἦν
747 3733 922 3800 δήπερ
951 3730 1116 3798 ἁγίαν
1157 3730 1388 3801 Γραφὴν
1417 3731 1669 3802 δέχεσθαι
1706 3731 1930 3801 λέγουσι

364 3826 509 3893 δῆθεν
554 3829 598 3879 οί
630 3825 762 3878 Θεὸν
815 3824 936 3893 δίχα
979 3823 1152 3891 Λόγου
1189 3821 1518 3894 φρονοῦντες
1549 3825 1644 3877 καὶ
1677 3824 1931 3894 Πνεύμα-

365 3935 472 3980 τος.
503 3917 690 3970 ’Λθεοι
721 3917 774 3970 δὲ
811 3917 905 3968 καὶ
935 3907 1104 3981 οὗτοι,
1140 3915 1187 3966 εί
1228 3916 1323 3967 καὶ
1367 3913 1504 3968 Θεὸν
1543 3914 1746 3969 εἰδέναι
1779 3915 1930 3984 νομίο

356 4014 561 4072 ξνιυσιν.
611 4009 667 4061 ’0
713 4005 924 4058 ἀθετῶν
957 4006 1088 4074 γὰρ,
1135 4005 1304 4074 φησὶ,
1345 4003 1440 4057 τὸν
1479 4005 1606 4058 Υἱὺν
1632 4005 1816 4058 ἀθετεῖ
1842 4004 1933 4057 τὸν

269 4171 274 4174 _
356 4105 574 4174 Πατέρα.
607 4107 696 4159 τὶν
746 4103 1043 4171 πέμψαντα
1093 4101 1276 4154 αὐτόν.
1315 4101 1426 4153 Καὶ
1459 4102 1656 4169 ἄλογον
1686 4102 1780 4155 καὶ
1812 4101 1935 4155 ἆτος

354 4217 458 4267 (εον
499 4198 628 4250 Θεὸν
676 4197 853 4266 ἐαυτῷ
885 4195 1174 4264 κηρύσσει,
1235 4193 1331 4247 καὶ
1391 4181 1712 4263 Πνεῦματος
1765 4192 1936 4264 χωρὶς

350 4291 447 4342 τοῦ
495 4290 691 4354 ζῶντος
739 4291 833 4342 καὶ
866 4288 1010 4358 ζωὴν
1045 4289 1179 4340 πᾶσι
1221 4287 1503 4356 νέμοντος.
1542 4285 1710 4340 Ὅθεν
1763 4285 1937 4350 ἄθεοι,

351 4383 426 4443 ὡς
460 4381 688 4450 ἔφημεν,
746 4380 840 4433 καὶ
875 4373 1020 4433 οῦτοί
1055 4382 1160 4432 είσι
1186 4421 1200 4446 ,
1245 4380 1339 4432 καὶ
1389 4379 1648 4443 καθάπαξ
1674 4379 1937 4448 ἀσεϐοῦν-

2110 3444 2381 3516 Pontifex.
2417 3446 2533 3503 Non
2595 3449 2768 3503 multo
2820 3451 2885 3503 ad
2947 3450 3050 3504 hoc
3089 3467 3229 3523 opus
3285 3462 3370 3509 est
3419 3455 3628 3517 studio,

2031 3552 2157 3594 cum
2191 3538 2480 3610 Scriptura
2517 3555 2676 3596 sacra
2714 3543 2915 3612 ubique
2945 3544 3012 3600 de
3045 3545 3225 3600 Verbo
3259 3545 3353 3600 Dei
3405 3556 3460 3602 et
3503 3546 3624 3618 Spi-

2031 3631 2140 3686 ritu
2171 3641 2362 3687 sancto
2398 3633 2778 3688 testimonium
2817 3633 2870 3688 ia
2888 3635 3016 3701 ciat,
3050 3651 3214 3702 quam
3254 3638 3448 3692 saltem
3482 3637 3630 3694 Scri-

2033 3729 2246 3790 pturam
2286 3734 2499 3775 sacram
2561 3736 2788 3788 prorsus
2855 3733 3114 3777 asserunt
3143 3739 3202 3778 se
3251 3726 3502 3794 accipere
3533 3727 3627 3795 qui

2034 3812 2205 3868 Deum
2257 3813 2379 3868 sine
2441 3811 2622 3867 Verbo
2682 3827 2736 3868 et
2794 3814 3004 3882 Spiritu
3061 3816 3399 3884 excogitant.
3455 3815 3628 3871 Porro

2035 3905 2179 3959 athei
2213 3911 2345 3957 sunt
2410 3910 2464 3957 et
2522 3902 2649 3968 isti,
2713 3903 2819 3958 etsi
2876 3903 3046 3958 Deum
3081 3919 3313 3960 noscere
3337 3917 3622 3962 censeant.

2036 3997 2127 4050 Ait
2151 3997 2338 4052 enim:
2381 4015 2398 4048 ι
2449 3996 2556 4063 Qui
2597 4005 2762 4065 negat
2815 3994 3040 4060 Filium,
3102 4009 3263 4064 negat
3306 4008 3361 4054 et
3408 3997 3626 4054 Patrem

2038 4089 2132 4156 qui
2169 4088 2491 4151 misiteum,
2535 4105 2554 4138 ι
2593 4093 2649 4142 et
2684 4084 2850 4142 Deum
2900 4086 3023 4141 sine
3072 4083 3253 4141 Verbo
3298 4097 3353 4142 et
3386 4087 3507 4143 sine
3541 4105 3632 4143 sa-

2040 4179 2244 4249 pientia
2311 4176 2641 4245 sibimetipsi
2697 4177 2960 4246 praedicat
3019 4193 3232 4233 necnon
3267 4179 3387 4234 sine
3423 4177 3629 4246 Spiritu

2039 4270 2133 4339 qui
2163 4270 2293 4324 vivit
2327 4277 2381 4325 et
2413 4270 2581 4324 vitam
2639 4269 2902 4325 omnibus
2958 4271 3224 4340 impertit.
3265 4270 3629 4343 Quapropter,

2042 4373 2104 4418 ut
2135 4363 2401 4425 diximus,
2443 4361 2590 4418 atltei
2632 4371 2765 4419 sunt
2795 4373 2851 4417 et
2904 4363 3014 4428 isti,
3075 4371 3128 4418 et
3173 4379 3406 4434 prorsus
3454 4365 3634 4420 irreli-

353 4475 445 4536 τές
500 4491 559 4526 τε
610 4474 703 4526 καὶ
731 4473 986 4528 ἀντίθεοι.
1039 4473 1204 4541 Ἡμῖν
1262 4473 1316 4525 δὲ
1373 4466 1452 4533 εἷς
1483 4471 1615 4535 Θεὸς
1657 4471 1686 4522 6
1727 4471 1938 4540 Πατὴρ,

2050 4455 2187 4524 giosi
2224 4455 2446 4524 Deoque
2475 4455 2803 4510 adversarii.
2850 4453 3020 4510 Nobis
3073 4466 3255 4509 autem
3309 4473 3455 4512 unus
3490 4459 3633 4513 Deus

357 4564 496 4632 μετά
529 4564 619 4618 τοῦ
660 4565 1024 4618 ὲνυποστάτου
1077 4563 1242 4617 αὑτοῦ
1295 4562 1469 4630 Λόγου
1494 4602 1509 4627 ,
1543 4564 1640 4616 καὶ
1671 4561 1765 4615 τοῦ
1800 4563 1938 4625 ζωο-

354 4655 509 4709 ποιοῦ
552 4655 866 4726 Πνεύματος
894 4695 908 4718 ,
955 4655 1136 4718 καθὼς
1179 4655 1591 4724 παρελάϐομεν,
1626 4654 1722 4707 καὶ
1757 4652 1941 4716 καθὼς

355 4749 500 4815 ἡμᾶς
557 4749 716 4810 αὐτὸς
774 4750 802 4800 6
858 4748 952 4800 τοῦ
995 4747 1132 4801 Θεοῦ
1197 4747 1372 4815 Λόγος
1422 4745 1659 4810 ἐδίδαξεν
1734 4745 1941 4814 Ἰησοῦς

357 4840 591 4910 Χριστὸς
619 4881 634 4903 ,
673 4841 734 4892 τὸ
782 4839 1126 4908 ἀπαύγασμα
1177 4839 1274 4906 τῆς
1337 4836 1494 4905 δόξης
1520 4877 1534 4901 9
1575 4837 1604 4888 ὅ
1653 4835 1942 4908 χαρακτὴρ

352 4929 453 4997 τῆς
504 4929 855 4993 ὑποστάσεως
897 4928 992 4983 τοῦ
1055 4928 1271 4998 Πατρὸς
1339 4929 1398 4979 ὲν
1443 4915 1537 4997 ¹’τῷ
1590 4925 1943 4980 ἀποστέλλειν

345 5021 474 5083 τοὺς
539 5021 788 5090 μαθητὰς
856 5021 1184 5091 μαθητεύειν
1239 5022 1308 5074 τὰ
1369 5019 1516 5087 ἔθνη,
1554 5020 1940 5090 παραγγείλας

350 5113 633 5181 βαπτίζειν
706 5113 832 5177 τοὺς
908 5114 1266 5174 πιστεύοντας
1330 5112 1411 5175 είς
1471 5113 1682 5177 αὑτὸν,
1745 5114 1826 5176 είς
1881 5112 1942 5165 τὸ

349 5207 518 5274 ὄνομα
563 5205 657 5259 τοῦ
709 5205 956 5276 Πκτρὸς,
1014 5207 1108 5258 καὶ
1170 5205 1267 5258 τοῦ
1315 5203 1472 5271 Υίοῦ,
1502 5205 1597 5257 καὶ
1643 5202 1740 5256 τοῦ
1781 5204 1972 5270 ἁγίου,

357 5295 691 5366 Πνεύματος,
732 5295 849 5364 ἅμα
899 5295 1009 5364 γὰρ
1065 5295 1161 5347 καὶ
1213 5294 1276 5350 τὸ
1317 5295 1516 5347 ἑνιαῖον
1574 5293 1670 5347 καὶ
1699 5293 1760 5346 τὸ
1789 5309 1945 5363 τρισ-

353 5389 440 5438 σὸν
489 5387 587 5456 τῆς
647 5386 1095 5455 Τριάδοςάύτδς
1142 5387 1171 5439 6
1237 5381 1319 5448 εἷς
1373 5387 1476 5454 τῆς
1543 5386 1776 5455 Τριάδος
1835 5387 1940 5439 ἐδί-

353 5480 500 5544 δαξε.
556 5481 666 5534 Καὶ
725 5481 782 5530 ὲν
825 5480 900 5548 τῷ
936 5481 1112 5532 εἰπεῖν
1169 5480 1267 5548 μὲν
1303 5498 1320 5531 ‹
1364 5480 1442 5544 εἰς
1473 5480 1535 5532 τὸ
1573 5478 1742 5549 ὄνομα
1770 5521 1783 5541 ,
1826 5499 1844 5531 t
1883 5479 1943 5533 τὸ

349 5573 446 5641 τῆς
473 5571 705 5642 Τριάδος
752 5572 1020 5641 ἐκήρυξεν
1055 5572 1287 5625 ἑνιαίον·
1327 5571 1386 5626 ἓν
1427 5570 1536 5641 γὰρ
1570 5575 1662 5624 καὶ
1702 5573 1942 5642 ἀδιαίρε-

350 5682 440 5718 τον
469 5665 561 5718 καὶ
594 5665 656 5718 τὸ
686 5662 880 5734 ὄνομα,
917 5666 990 5727 ὡς
1019 5667 1115 5718 καὶ
1152 5667 1184 5734 ἡ
1223 5665 1384 5718 οὐσία
1421 5665 1519 5735 μία
1561 5665 1656 5718 καὶ
1703 5663 1940 5734 δύναμις

353 5761 445 5813 καὶ
479 5760 771 5830 ἐνέργεια·
809 5760 908 5824 τὰς
963 5761 1112 5828 τρεῖς
1159 5759 1215 5812 δὲ
1259 5758 1613 5824 ὑποστάσεις,
1642 5759 1700 5809 ἐν
1745 5757 1822 5828 τῷ
1855 5761 1934 5810 εξ-

2045 4551 2231 4613 Pater,
2305 4559 2438 4602 eunt
2479 4548 2942 4604 consubstantiali
2994 4547 3116 4619 ejus
3162 4547 3338 4605 Verbo
3367 4560 3422 4605 et
3454 4550 3634 4605 viviﬁ-

2044 4649 2207 4696 cante
2240 4640 2471 4708 Spiritu,
2516 4649 2681 4708 prout
2726 4640 2993 4695 traditum
3035 4649 3123 4696 est
3151 4641 3334 4707 nobis,
3385 4650 3440 4697 ct
3471 4653 3636 4712 prout

2045 4735 2221 4804 ipsum
2282 4733 2374 4788 Dei
2417 4731 2648 4788 Verbum
2704 4749 2802 4788 nos
2848 4733 3102 4799 edocuit,
3132 4733 3296 4789 Jesus
3355 4733 3636 4800 Christus,

2044 4823 2305 4894 splendor
2350 4824 2537 4894 gloria)
2567 4834 2623 4879 et
2660 4826 2833 4896 ligura
2863 4826 3189 4881 substantiae
3218 4825 3420 4891 Patris,
3459 4843 3640 4896 quan-

2045 4919 2116 4973 do
2148 4917 2449 4987 discipulos
2500 4917 2654 4972 misit
2713 4917 2781 4972 ad
2850 4917 3130 4973 docendas
3173 4927 3384 4988 gentes,
3431 4920 3634 4988 jubcns

2047 5011 2324 5079 baptizare
2355 5011 2652 5064 credentes
2689 5011 2742 5063 in
2779 5024 2904 5064 eum
2963 5009 3016 5062 in
3073 5009 3302 5063 nomine
3344 5010 3546 5074 Patris,
3581 5019 3636 5064 et

2046 5101 2191 5165 Filii,
2232 5115 2284 5156 et
2323 5101 2564 5172 Spiritus
2593 5101 2796 5157 sancti.
2848 5101 3064 5170 Quippe
3113 5099 3440 5157 Trinitatem
3473 5103 3637 5158 simul

2044 5201 2100 5248 et
2140 5193 2403 5248 unitatem
2437 5191 2654 5247 Triadis
2711 5194 2828 5263 ipse
2885 5208 3032 5247 unus
3071 5207 3136 5248 ex
3173 5191 3379 5249 Triade
3405 5195 3634 5250 demon-

2042 5287 2273 5351 stravit;
2296 5284 2531 5339 dicendo
2559 5285 2783 5354 quidem
2818 5303 2831 5340 :
2857 5303 2875 5337 t
2899 5283 2955 5340 in
2975 5287 3198 5341 nomine
3224 5307 3242 5339 ι
3272 5286 3490 5344 'l'riadis
3514 5295 3638 5342 uni-

2048 5390 2216 5435 tatem
2250 5379 2588 5449 praedicavit,
2612 5394 2782 5433 unum
2817 5380 2963 5435 enim
2989 5387 3073 5436 est
3107 5381 3510 5438 etindivisibile
3542 5396 3638 5436 no-

2047 5489 2194 5538 men,
2247 5473 2393 5526 sicut
2445 5478 2498 5526 et
2531 5480 2727 5526 natura
2761 5489 2894 5538 una,
2944 5483 2997 5528 et
3050 5483 3291 5544 potestas
3338 5484 3393 5528 et
3435 5475 3630 5537 virtus.

2047 5575 2156 5622 tres
2187 5573 2369 5618 autem
2404 5579 2672 5635 personas
2706 5565 2914 5629 docuit,
2946 5565 3136 5620 dicens
3171 5583 3183 5620 :
3219 5563 3400 5620 Patris
3427 5574 3480 5620 et
3509 5564 3635 5619 Filii

2046 5667 2100 5714 et
2131 5656 2370 5727 Spiritus
2409 5657 2621 5722 sancti;
2663 5666 2715 5712 et
2768 5672 2990 5712 rursum
3025 5658 3191 5712 unius
3241 5656 3458 5712 Triadis
3487 5673 3638 5711 eam-

2047 5753 2171 5807 dem
2204 5759 2257 5805 (ι
2293 5765 2456 5804 unam
2488 5758 2817 5819 potestatem
2867 5760 3030 5820 atque
3080 5754 3342 5806 virtutem
3393 5749 3634 5809 ostendit
