4066 6460
326 351 395 415 53
602 364 607 367 ⁷
1379 347 1766 411 DIALOGUS
1812 346 1931 408 COD

2036 347 2116 410 3A
2160 348 2563 414 HERERES.
3539 341 3616 405 51'

320 468 415 521 καὶ
455 466 579 528 τοὺς
615 467 709 521 τοῦ
759 464 896 519 Θεοῦ
934 463 1123 535 λόγους
1166 465 1224 517 ἐν
1278 463 1444 530 πλαξὶ
1474 465 1704 526 λιθίναις
1749 464 1914 517 Μωῦ-

2036 465 2261 521 Verbum
2291 468 2492 522 essein
2525 467 2658 533 Deo,
2710 473 2763 520 et
2821 463 2984 521 istum
3020 469 3210 534 postea
3247 476 3370 519 esse
3419 461 3612 517 incar~

326 560 422 631 σῆς
456 559 776 626 ὑπεδέξατο,
808 558 907 630 τὴν
954 558 1184 628 δύναμιν
1215 559 1307 613 τοῦ
1340 559 1543 624 ζῶντος
1575 559 1751 629 Λόγου
1793 562 1902 614 δει-

2036 559 2250 614 landum
2314 558 2524 614 necnon
2589 561 2640 614 in
2688 574 2919 630 corpore
2995 557 3475 626 conspiciendum,
3556 571 3631 609 In-

321 653 472 716 κνὺς,
506 651 841 704 ἐκδιδάσκων
867 668 923 704 τε
951 651 1017 703 δι’
1046 651 1229 720 ἔργων
1255 652 1670 721 θαυμαστικῶν,
1700 652 1777 711 ὡς
1805 653 1904 706 καὶ

323 745 491 813 Λόγος
523 744 671 797 ἐστὶν
723 744 781 817 ἐν
814 743 891 813 τῷ
944 742 1083 813 Θεῷ,
1126 746 1223 796 καὶ
1260 744 1684 813 σαρκωθήσεται
1723 740 1901 809 οὗτος,
1938 758 1941 761 ’

322 839 415 903 καὶ
442 836 854 907 παχυνθήσεται
884 835 1133 906 ὕστερον,
1167 837 1242 899 ὡς
1271 838 1329 890 ἐν
1364 837 1536 890 πλακὶ
1564 838 1800 908 γραφεὶς
1831 841 1898 909 τῇ

322 931 572 999 Θεοτόκῳ
630 928 916 998 Παρθένῳ.
976 928 1086 980 Καὶ
1122 929 1309 998 φωνῆς
1369 926 1425 980 δὲ
1484 927 1639 991 θείας
1698 930 1904 998 ἢκουσε

322 1023 584 1083 πολλάκις
638 1022 881 1089 Μωῦσῆς
920 1022 975 1073 ἐν
1003 1023 1066 1089 τῇ
1116 1024 1291 1092 σκηνῇ
1328 1022 1432 1076 ἀνὰ
1484 1022 1650 1090 μέσον
1684 1021 1787 1089 τῆς
1822 1040 1906 1074 κι-

324 1114 519 1167 ϐωτοῦ.
555 1115 713 1183 Φωνὴ
767 1115 825 1167 δὲ
874 1114 1032 1180 λόγου
1079 1114 1227 1166 ἐστὶν
1274 1114 1567 1183 ἁπήχημα.
1600 1114 1665 1167 Ὃ
1706 1114 1769 1184 δὴ
1813 1114 1906 1168 τὸν

330 1206 508 1271 ζῶντα
552 1208 728 1273 Λόγον
756 1206 850 1260 τοῦ
884 1207 1086 1270 ζῶντος
1128 1206 1343 1275 Πατρὸς
1374 1206 1701 1277 ἐμαρτύρει.
1749 1206 1909 1259 Ὑπε-

332 1301 520 1364 δέξατο
548 1299 603 1352 δὲ
638 1301 733 1354 καὶ
765 1298 990 1370 Πνεῦμα
1020 1301 1177 1369 ἆγιον
1210 1301 1475 1369 Μωῦσῆς.
1516 1300 1623 1354 Καὶ
1671 1300 1782 1353 ἀπὸ
1812 1299 1906 1352 τοῦ

330 1392 648 1460 Πκεύματος
688 1393 744 1446 δὲ
789 1391 882 1446 τοῦ
927 1392 1012 1444 ἐπ’
1046 1392 1195 1461 αὐτῷ
1247 1391 1464 1461 ἀφελὼν
1496 1394 1523 1446 6
1554 1392 1712 1457 Θεὸς,
1746 1393 1908 1462 μετέ-

323 1484 496 1538 δωκεν
517 1486 744 1555 ἀνδράσι
773 1489 1008 1551 πιστοῖς,
1032 1486 1106 1549 ὡς
1129 1486 1442 1555 γέγραπται
1474 1485 1908 1555 Ἐϐδομήκοντα.

327 1578 439 1630 Καὶ
487 1577 634 1631 οῦτοι
680 1578 745 1648 δὴ
791 1579 1190 1647 προεφήτευον,
1228 1577 1368 1632 ὥστε
1412 1578 1630 1631 καὶτὸν
1666 1576 1910 1648 Πατέρα,

325 1676 423 1725 καὶ
469 1674 560 1725 τὸν
614 1674 765 1739 Υἱὸν,
802 1673 861 1736 ὃς
914 1676 1061 1727 ἐστιν
1096 1676 1124 1727 6
1153 1674 1351 1740 Λόγος,
1384 1673 1477 1728 καὶ
1510 1672 1569 1725 τὸ
1597 1672 1821 1743 Πνεῦμα
1852 1671 1913 1724 τὸ

2010 660 2167 705 utero
2206 650 2445 719 Deiparze
2499 648 2737 721 Virginis
2766 653 2917 706 velat
2968 651 3021 705 in
3074 650 3259 705 tabula
3314 652 3610 721 scriptum.

2009 742 2210 799 Vocem
2241 743 2482 798 divinam
2512 744 2719 813 pluries
2753 742 2965 798 audivit
3010 742 3225 813 Moyses
3255 743 3311 796 in
3344 742 3606 797 taberna-

2008 836 2155 899 culo,
2189 836 2241 889 in
2279 837 2459 891 medio
2489 850 2649 893 arete.
2707 834 2819 891 Vox
2853 848 3033 891 autem
3065 836 3200 890 nihil
3243 845 3327 890 est
3366 834 3511 888 aliud
3542 848 3608 888 ac

2011 945 2183 987 sonus
2229 933 2420 997 verbi;
2455 931 2604 1002 quod
2644 930 2879 987 Verbum
2918 932 3111 987 vivens
3160 932 3400 987 viventis
3432 931 3616 985 Patris

2013 1026 2335 1081 testabatur.
2403 1023 2635 1092 Insuper
2682 1024 2896 1095 Moyses
2932 1034 3184 1081 sanetum
3231 1030 3455 1094 quoque
3490 1022 3618 1090 Spi-

2012 1119 2179 1172 ritum
2209 1117 2438 1186 accepit,
2488 1117 2554 1170 de
2604 1132 2712 1185 quo
2742 1115 2976 1187 Spiritu,
3007 1118 3151 1172 sicut
3188 1116 3458 1183 scriptum
3499 1123 3609 1181 est,
3664 1150 3671 1187 τ

1994 1213 2158 1265 Deus
2174 1224 2461 1264 assumens
2495 1218 2728 1277 partem,
2751 1208 2905 1265 dedit
2935 1210 3068 1264 viris
3101 1210 3361 1265 fidelibus
3386 1210 3621 1279 Septua-

2013 1303 2191 1374 ginta,
2249 1310 2303 1356 et
2360 1301 2452 1356 isti
2514 1305 3005 1372 prOphetaveruut,
3054 1302 3129 1357 ita
3186 1303 3484 1375 utMoyses
3514 1301 3619 1357 Pa-

2018 1406 2153 1452 trem
2184 1406 2238 1453 et
2261 1396 2459 1452 Filium
2515 1397 2605 1466 qui
2637 1406 2720 1451 est
2759 1396 3017 1462 Verbum,
3070 1404 3125 1451 et
3182 1397 3453 1468 Spiritum
3488 1413 3621 1452 san-

2015 1498 2165 1546 ctum
2194 1494 2626 1564 pra‘cognoverit
2662 1500 2828 1560 atque
2860 1491 3199 1561 praedixerit.
3237 1489 3476 1546 Dieendo
3515 1506 3623 1545 au-

2018 1591 2125 1638 tem
2155 1599 2169 1637 :
2203 1602 2219 1636 ι
2252 1583 2400 1638 Dixit
2428 1585 2570 1639 Deus
2600 1583 2756 1638 :Fiat
2777 1584 2895 1646 lux,
2918 1603 2933 1634 ο
2964 1591 3041 1647 et,
3072 1602 3090 1635 ‹
3124 1582 3269 1638 Dixit
3296 1582 3437 1638 Deus
3460 1601 3474 1638 :
3498 1581 3625 1638 Fiat

2020 1674 2430 1729 firmamentum
2459 1693 2471 1741 ;
2497 1696 2514 1727 ι
2541 1684 2613 1737 et,
2654 1693 2672 1727 (
2699 1673 2847 1729 Dixit
2874 1675 3016 1730 Deus
3049 1690 3065 1731 :
3098 1673 3383 1730 Germinet
3401 1684 3570 1741 terra,
3594 1694 3614 1727 ι

328 1769 508 1836 ᾰγιον,
561 1771 814 1840 προέγνω
864 1772 958 1823 καὶ
1012 1770 1363 1840 προεκήρυξε
1409 1769 1665 1838 Μωῦσῆς.
1701 1769 1813 1822 Καὶ
1854 1770 1913 1820 ἐν

2036 1767 2117 1821 )ei
2151 1765 2391 1822 Verbum
2463 1769 2800 1835 manifestat,
2855 1770 3004 1839 quod
3064 1777 3148 1826 est
3191 1769 3411 1833 vivens.
3448 1785 3622 1825 unum

327 1862 403 1932 τῷ
438 1863 637 1930 λέγειν,
684 1881 704 1914 t
743 1858 910 1917 Εἶπεν
960 1866 986 1917 6
1034 1864 1189 1927 Θεὸς,
1224 1864 1513 1934 Γενηθήτω
1560 1863 1700 1932 φῶς,
1741 1882 1760 1915 ι
1797 1863 1916 1926 καῖ,

334 1974 353 2006 ι
394 1951 559 2011 Εἵπεν
584 1958 610 2009 6
632 1957 792 2021 Θεὸς,
820 1956 1114 2025 Γενηθήτω
1132 1956 1441 2026 στερέωμα,
1482 1974 1499 2007 ι
1529 1956 1649 2019 καὶ,
1691 1973 1710 2007 ι
1751 1949 1921 2009 Εἶπεν

328 2050 357 2099 6
386 2049 538 2113 Θεὸς,
575 2048 943 2117 Βλαστησάτω
976 2048 1007 2116 ἡ
1040 2048 1136 2117 γῆ,
1173 2066 1191 2098 ι
1234 2049 1323 2100 τὸν
1346 2045 1442 2099 τοῦ
1467 2045 1605 2100 Θεοῦ
1632 2047 1808 2114 Λόγον
1838 2045 1919 2097 δι-

338 2142 544 2197 δάσκει.
587 2144 699 2198 Καὶ
743 2136 899 2205 οὗτος
944 2142 1050 2206 ζῶν
1100 2143 1195 2194 καὶ
1225 2137 1308 2205 εἷς
1339 2142 1433 2196 καὶ
1468 2139 1797 2212 μονογενὴς,
1839 2138 1916 2202 ὡς

333 2236 429 2287 καὶ
463 2236 489 2286 6
523 2234 657 2297 Θεὸς
698 2237 792 2288 καὶ
831 2236 1023 2306 Πατὴρ
1073 2228 1153 2299 εἷς
1179 2234 1274 2288 καὶ
1307 2233 1416 2298 ζῶν
1449 2235 1545 2288 καὶ
1584 2233 1745 2303 μόνος
1778 2234 1919 2287 ἐστί.

337 2331 449 2383 Καὶ
482 2331 612 2399 περὶ
662 2331 756 2384 τοῦ
791 2330 1109 2399 Πνεύματος
1149 2327 1245 2382 τοῦ
1274 2329 1459 2394 ἁγίου,
1499 2347 1518 2381 ι
1554 2330 1666 2383 Καὶ
1695 2329 1924 2399 Πνεῦμα

338 2423 475 2475 Θεοῦ
536 2426 840 2494 ἐπεφέρετο
900 2425 1087 2477 ἐπάνω
1135 2422 1233 2478 τοῦ
1289 2422 1525 2489 ὓδατος,
1573 2440 1593 2475 ι
1636 2422 1793 2493 φησί·
1828 2422 1926 2475 κα)⁴

339 2518 468 2587 περὶ
495 2516 589 2570 τοῦ
622 2517 934 2587 ἀνθρώπου·
971 2538 989 2570 ι
1022 2518 1135 2572 Καὶ
1171 2517 1516 2586 ἐνεφύσησεν
1542 2515 1623 2579 είς
1660 2514 1721 2567 τὸ
1747 2513 1927 2584 πρόσ-

337 2626 487 2663 ωπον
520 2612 687 2666 αὑτοῦ
720 2609 887 2679 πνοὴν
930 2611 1076 2679 ζωῆς
1103 2627 1117 2642 ·
1175 2629 1193 2663 ι
1228 2611 1324 2664 καὶ
1356 2611 1448 2664 ἐπὶ
1482 2609 1579 2663 τοῦ
1612 2608 1759 2672 Νῶε,
1798 2628 1815 2661 ‹
1848 2608 1923 2662 Οὐ

342 2706 417 2774 μὴ
469 2704 773 2776 καταμείνῃ
802 2704 864 2757 τὸ
907 2702 1136 2774 Πνεῦμά
1190 2721 1293 2773 μου
1347 2704 1406 2756 ἐν
1456 2703 1570 2765 τοῖς
1617 2700 1928 2770 ἀνθρώποις

342 2798 556 2860 τούτοις
589 2814 600 2826 ·
648 2816 666 2848 ι
733 2798 867 2861 καὶ,
914 2816 931 2848 ι
996 2796 1312 2866 Πνεῦματος
1369 2795 1527 2863 ἁγίου
1597 2793 1844 2864 ἐπλήσθη
1893 2794 1927 2862 ή

348 2892 544 2959 σκηνή.
578 2910 595 2942 ι
644 2889 805 2945 Οῦτω
856 2890 1047 2958 σαφῶς
1096 2889 1301 2956 Μωσῆς
1350 2888 1439 2941 διὰ
1506 2886 1723 2941 πολλῶν
1794 2887 1927 2959 περὶ
1984 2888 1986 2890 ⁷

346 2984 441 3035 τοῦ
499 2984 674 3048 Λόγου
716 2982 807 3035 τοῦ
856 2982 1058 3046 ζῶντος
1110 2978 1342 3050 ἐκήρυξε
1382 2978 1479 3033 τοῦ
1528 2979 1665 3033 Θεοῦ
1702 2980 1796 3033 καὶ
1832 2979 1927 3033 τοῦ

346 3074 506 3140 ἁγίὺυ
552 3074 890 3138 Πνεύματος.
928 3073 1089 3128 Ἀλλὰ
1143 3072 1240 3126 καὶ
1281 3074 1388 3142 πρὸ
1442 3072 1609 3127 αὐτοῦ
1654 3072 1925 3144 Ἀϐραὰμ,

543 3170 679 3234 τρεῖς
760 3165 1159 3235 ὑποδεξάμενος

349 3259 733 3330 ’τῇ-Μαμὸρὴ,
770 3258 856 3322 οὒς
888 3260 980 3311 καὶ
1037 3257 1173 3310 Θεὸν
1234 3255 1330 3309 ἕνα
1376 3254 1563 3322 σαφῶς
1596 3253 1929 3325 ἀνεκήρυξε,

351 3354 445 3403 τὸν
509 3352 563 3403 ἐν
634 3350 826 3418 Τριάδι
878 3349 1011 3401 Θεὸν
1071 3346 1339 3417 ἐκήρυξεν
1367 3388 1380 3410 ,
1423 3344 1623 3414 ἄνδρας
1659 3346 1758 3413 μὲν
1787 3346 1938 3415 τρεῖς

351 3444 675 3512 ςαινόμενον
729 3441 816 3493 διὰ
874 3439 935 3492 τὸ
1000 3436 1201 3504 ἰδιάζον
1254 3436 1362 3489 τῶν
1409 3434 1806 3500 ὑιποστὰσεων,
1844 3434 1940 3487 ἕνα

345 3172 471 3229 τοὺς

352 3539 412 3591 δὲ
477 3534 882 3605 κηρυττόμενον
950 3533 1055 3585 ὑπὸ
1128 3530 1379 3602 Ἀϐραὰμ
1438 3530 1525 3583 διὰ
1605 3528 1668 3581 τὸ
1739 3529 1940 3582 ἐνιαῖον

352 3631 449 3698 τῆς
502 3627 766 3695 φύσεως,
828 3624 895 3679 δι’
955 3618 1028 3677 ὧν
1101 3622 1163 3675 τὸ
1227 3621 1449 3691 τρισσὸν
1516 3617 1651 3688 ὁμοῦ
1717 3618 1814 3671 καὶ
1880 3618 1941 3671 τὸ

361 3721 639 3791 μοναδικὸν
724 3718 1050 3788 ἐσημαίνετο
1129 3714 1229 3783 τῆς
1304 3712 1558 3783 Τριόιδος.
1616 3712 1773 3764 Ἀλλὰ
1847 3711 1940 3763 καὶ

374 3812 600 3877 ἰσαᾶκ,
652 3813 714 3864 τὸ
767 3811 866 3878 τῆς
918 3808 1146 3877 Τριάδος
1191 3806 1290 3861 καὶ
1336 3805 1434 3873 τῆς
1489 3806 1822 3874 σαρκώσεως
1848 3803 1939 3857 τοῦ

364 3910 529 3975 Λόγου
610 3906 821 3975 ἐπέγνω
912 3921 971 3957 τε
1045 3903 1141 3957 καὶ
1227 3900 1490 3971 διέγραψε
1573 3900 1878 3969 μυστήριον
1922 3939 1935 3961 ,

360 4001 639 4071 γεννηθεὶς
680 4000 818 4068 μὲν,
869 3997 1033 4066 ἡνίκα
1069 3995 1200 4057 τοὺς
1253 3996 1403 4064 τρεῖς
1448 3992 1646 4062 ἄνδρας
1691 3989 1942 4058 Ἀϐραὰμ

358 4090 488 4157 εἶδε,
523 4094 622 4161 τὴν
658 4092 937 4160 σάρκωσιν
981 4088 1038 4141 δὲ
1091 4087 1312 4156 δηλῶν,
1367 4084 1681 4153 σταύρωσίν
1730 4099 1791 4134 τε
1846 4082 1941 4134 καὶ

355 4187 653 4239 ἀνάστασιν
694 4182 785 4235 τοῦ
838 4180 1102 4251 Χριστοῦ,
1156 4182 1214 4233 ἐν
1275 4177 1353 4249 τῷ
1426 4177 1731 4247 ἀναχθῆναι
1791 4174 1943 4242 παρὰ

358 4280 583 4348 πατρὸς,
610 4278 678 4329 τὰ
715 4276 848 4341 ξύλα
876 4277 988 4337 τοῖς
1019 4273 1193 4343 ὤμοις
1225 4270 1534 4341 βαστάζων,
1566 4269 1659 4323 τὸν
1691 4269 1940 4335 Σταυρὸν

314 4372 711 4437 ἐκτυποῦντα.
764 4370 859 4422 καὶ
906 4371 961 4422 ἐν
1005 4369 1190 4431 αὐτοῖς
1246 4364 1684 4435 συμποδίξεσθαι
1715 4402 1729 4426 ,
1799 4362 1940 4415 ὥστε

359 4464 549 4516 θ-δσὲαν
573 4460 828 4528 γενέσθαι
865 4458 986 4529 Θεῷ
1036 4461 1133 4512 καὶ
1183 4455 1620 4524 σραγιασθῆναι,
1653 4455 1842 4523 φωνῆς
1879 4470 1938 4507 τε

2023 1870 2075 1913 et
2122 1860 2497 1931 unigenitum,
2553 1862 3020 1932 quemadmodum
3066 1860 3212 1918 Deus
3258 1864 3424 1918 Pater
3476 1878 3621 1918 unus

2026 1963 2111 2009 est
2139 1961 2191 2008 et
2224 1954 2412 2008 vivens
2443 1963 2496 2008 et
2527 1954 2698 2009 solus.
2729 1954 2793 2009 Et
2839 1955 2905 2010 de
2953 1955 3161 2025 Spiritu
3216 1964 3411 2011 sancto
3443 1974 3456 2010 :
3501 1975 3518 2008 ι
3550 1953 3620 2009 Et

2029 2047 2267 2117 Spiritus
2290 2046 2382 2101 Dei
2419 2045 2693 2102 ferebatur
2726 2064 2893 2119 super
2930 2063 3129 2119 aquas,
3167 2065 3185 2100 ι
3222 2047 3439 2117 inquit;
3478 2048 3625 2103 etde

2027 2140 2250 2194 homine
2287 2157 2300 2193 :
2344 2158 2362 2191 ‹
2398 2139 2696 2196 lusumavit
2738 2142 2792 2196 in
2822 2140 3017 2197 faciem
3068 2140 3191 2211 ejus
3234 2139 3500 2210 Spiritum
3544 2139 3622 2193 vi-

2027 2244 2129 2299 tae;
2168 2252 2186 2284 ι
2227 2241 2279 2287 et
2312 2233 2379 2287 de
2408 2230 2561 2289 Noe:
2596 2252 2616 2287 ι
2650 2232 2772 2289 Νοη
2808 2234 3151 2303 permanebit
3185 2233 3429 2303 Spiritus
3465 2247 3625 2289 meus

2029 2327 2083 2382 in
2111 2326 2429 2382 hominibus
2463 2326 2619 2394 istis;
2657 2344 2675 2380 ι
2712 2336 2785 2396 et,
2815 2347 2832 2380 ‹
2882 2327 3095 2398 Spiritu
3132 2338 3327 2383 saneto
3354 2328 3623 2398 repletum

2029 2430 2113 2476 est
2145 2420 2580 2476 tabernaculum.
2627 2438 2645 2473 ι
2684 2418 2760 2475 Ita
2788 2420 3067 2481 sapienter
3096 2420 3312 2493 Moyses
3345 2422 3399 2476 in
3438 2421 3628 2478 multis

2031 2511 2169 2567 locis
2203 2510 2443 2567 Verbum
2470 2512 2663 2567 vivens
2690 2520 2747 2566 et
2770 2511 3039 2581 Spiritum
3077 2520 3329 2567 sanctum
3363 2512 3630 2582 praedica-

2031 2603 2133 2657 vit.
2162 2602 2403 2679 Atvante
2432 2617 2556 2658 eum
2607 2603 2890 2658 Abraham
2940 2612 3051 2658 tres
3104 2604 3254 2660 viros
3289 2604 3393 2660 sub
3418 2619 3629 2675 quercu

2037 2695 2282 2751 Mambre
2312 2695 2625 2766 suscipiens
2660 2711 2801 2765 quos
2844 2711 3011 2750 unum
3045 2696 3220 2752 Deum
3248 2706 3398 2751 recte
3432 2694 3633 2766 praedi-

2037 2787 2203 2853 cavit,
2251 2786 2420 2843 Deum
2466 2788 2520 2842 in
2556 2788 2831 2845 Trinitate
2880 2790 3245 2860 proclamavit
3292 2789 3396 2844 sub
3447 2789 3633 2858 specie

2040 2884 2205 2939 trium
2245 2884 2491 2938 virorum
2535 2892 2917 2954 apparentem,
2966 2894 3189 2953 prepter
3239 2885 3630 2954 prpprietatem

2033 2992 2420 3050 personarum.
2457 2992 2626 3033 unum
2680 2987 2862 3032 tamen
2926 2977 2994 3031 ab
3039 2977 3315 3032 Abraham
3366 2977 3635 3047 praedica-

2038 3079 2151 3125 tum
2187 3079 2413 3138 propter
2442 3069 2709 3123 unitatem
2766 3078 2998 3136 naturae,
3049 3069 3255 3137 quibus
3303 3068 3633 3125 Trinitatem

1255 3163 1459 3232 ἄνδρας
1541 3163 1601 3216 ἐν
1656 3165 1721 3232 τῇ
1805 3161 1930 3230 δρυῒ

2041 3165 2207 3220 simul
2249 3173 2301 3219 et
2328 3165 2594 3219 unitatem
2629 3162 2846 3219 Triadis
2881 3163 3140 3239 signavit.
3175 3163 3281 3219 Sed
3314 3162 3467 3220 Isaac
3496 3178 3636 3232 quo-

2043 3274 2151 3329 que
2192 3259 2475 3314 Trinitatis
2533 3270 2588 3313 et
2646 3259 3046 3315 lnearnalionis
3090 3257 3256 3314 Verbi
3314 3260 3635 3330 mysterium

2042 3351 2438 3419 prmcognitum
2489 3350 2802 3420 descripsit,
2863 3351 3084 3420 genitus
3136 3350 3362 3421 quidem
3416 3352 3637 3420 quando

2046 3450 2159 3496 tres
2226 3442 2376 3497 viros
2436 3442 2714 3497 Abraham
2770 3443 2927 3510 vidit,
2979 3444 3426 3501 incarnationem
3481 3459 3634 3507 vero,

2043 3534 2458 3590 crucifixionem
2492 3544 2545 3588 et
2572 3536 3036 3589 resurrectionem
3089 3534 3296 3590 Christi
3329 3535 3634 3597 declarans,

2044 3627 2562 3700 quandoadductus
2601 3637 2685 3682 est
2734 3643 2763 3681 a
2810 3637 2992 3697 patre,
3040 3628 3251 3697 lignum
3282 3628 3465 3683 crucis
3497 3628 3635 3697 ligu-

2046 3737 2163 3775 ram
2202 3719 2257 3775 in
2306 3719 2561 3775 humeris
2611 3732 2857 3789 portans,
2892 3720 3028 3774 etin
3064 3721 3185 3790 ipso
3221 3721 3518 3791 ligatus,ut
3556 3721 3636 3774 vi-

2044 3817 2205 3871 ctima
2240 3816 2351 3869 Deo
2400 3814 2553 3869 fieret
2596 3825 2650 3869 et.
2696 3816 3061 3881 occideretur,
3121 3823 3287 3885 atque
3325 3816 3512 3871 audita
3550 3827 3633 3871 est

2046 3922 2148 3962 vox
2184 3908 2274 3961 Dei
2332 3922 2454 3975 quae
2508 3905 2601 3959 Dei
2658 3905 2899 3960 Verbqu
2956 3907 3254 3976 significat,
3312 3922 3434 3977 quae
3491 3908 3633 3977 patri

2044 4000 2162 4070 ejus
2205 3999 2385 4053 dixit:
2426 4017 2445 4052 α
2484 3996 2602 4051 Non
2657 3998 2923 4053 extendas
2988 4014 3214 4053 manum
3280 4008 3429 4053 tuam
3467 4016 3635 4071 super

2046 4107 2299 4166 puerum.
2342 4109 2358 4142 ι
2397 4090 2550 4157 Quod
2588 4098 2737 4144 esset
2781 4090 3019 4146 Verbum
3048 4091 3205 4147 .Deus
3241 4092 3333 4163 qui
3363 4092 3663 4162 loqueba-'

2048 4194 2137 4240 tur
2171 4193 2321 4254 patet
2354 4199 2419 4239 cx
2452 4183 2534 4239 eis
2581 4198 2701 4254 quae
2743 4184 2810 4239 ad
2860 4184 3134 4239 Abraham
3183 4184 3321 4239 dixit
3361 4201 3375 4238 :
3429 4204 3447 4235 ι
3482 4182 3639 4241 Nunc

2046 4278 2280 4347 cognovi
2321 4276 2469 4347 quod
2521 4277 2709 4332 times
2736 4276 2933 4341 Deum,
2979 4287 3033 4331 et
3067 4293 3175 4332 non
3207 4278 3501 4347 pepercisti
3552 4278 3635 4333 di-

2048 4373 2191 4425 lecto
2222 4370 2330 4425 lilio
2362 4380 2454 4424 tuo
2481 4378 2704 4439 propter
2728 4385 2835 4423 me.
2870 4388 2890 4422 ι
2924 4370 3026 4424 Hie
3060 4370 3226 4440 igitur
3254 4382 3373 4425 erat
3398 4370 3640 4441 Angelus

2052 4463 2233 4530 magni
2289 4460 2525 4523 consilii,
2566 4459 2739 4515 Filius
2801 4460 3095 4525 Altissimi,
3169 4463 3261 4530 qui
3312 4462 3454 4532 patri.
3522 4463 3645 4533 ejus

360 4560 653 4627 ἀκηκοέναι
682 4555 841 4621 Θεοῦ,
889 4556 923 4626 ἢ
973 4555 1065 4607 τὸν
1121 4551 1216 4606 τοῦ
1270 4550 1406 4605 Θεοῦ
1463 4550 1638 4618 Λόγον
1670 4548 1931 4615 διδάσκει,

2051 4554 2333 4608 Abraham
2403 4554 2635 4621 locutus
2708 4562 2815 4618 est,
2880 4555 3137 4623 idemque
3183 4552 3356 4609 Jacob
3438 4555 3640 4611 Iuctam

364 4652 470 4722 ιο
498 4651 748 4718 λέγοντος
774 4648 853 4717 τῷ
889 4647 1068 4717 Πατρὶ
1102 4644 1296 4708 αὐτοῦ,
1338 4662 1357 4695 ι
1394 4643 1487 4711 Μὴ
1534 4640 1803 4710 ἐπιδάλῃς
1846 4639 1945 4708 τὴν

361 4745 518 4815 χεῖρά
550 4762 643 4796 σου
674 4744 767 4797 ἐπὶ
798 4742 857 4796 τὸ
897 4741 1209 4811 παιδάριον.
1242 4756 1259 4790 ι
1303 4736 1425 4791 Ὀτι
1452 4737 1506 4789 δὲ
1552 4736 1581 4788 6
1613 4734 1745 4796 Θεὸς
1774 4733 1945 4798 Λόγος

360 4834 429 4907 ἦν
463 4840 488 4889 ὁ
513 4838 713 4897 λαλῶν,
744 4836 900 4905 δῆλον
952 4834 1012 4897 ἐξ
1039 4826 1113 4887 ὧν
1149 4849 1285 4903 φησι
1336 4828 1475 4899 πρὸς
1515 4826 1609 4880 τὸν
1649 4825 1907 4895 Ἀδραάμ
1930 4840 1943 4853 '

370 4947 389 4981 ι
429 4930 543 4983 Νῦν
586 4928 779 4995 ἔγνων,
831 4928 913 4979 ὅτι
969 4924 1067 4978 οὐκ
1124 4926 1327 4991 ἐφείσω
1378 4922 1470 4974 τοῦ
1528 4921 1648 4973 υἱοῦ
1694 4935 1791 4972 σου
1844 4916 1943 4969 τοῦ

363 5027 649 5094 ἀγαπητοῦ
696 5024 912 5093 δι’ἐμέ.
946 5043 963 5075 ›
1006 5015 1176 5083 Οὗτος
1229 5019 1338 5089 ἄρα
1389 5013 1457 5088 ἦν
1488 5019 1514 5071 6
1553 5017 1652 5085 τῆς
1704 5015 1945 5084 μεγάλης

367 5118 563 5188 βουλῆς
611 5117 902 5185 Ἄγγελος,
930 5119 958 5169 ὁ
993 5115 1119 5178 Υἱὸς
1169 5113 1264 5166 τοῦ
1325 5110 1587 5179 Ὑψίστου
1619 5149 1633 5173 ,
1669 5110 1697 5161 6
1745 5108 1836 5160 καὶ
1870 5105 1947 5175 τῷ

365 5210 538 5279 Πατρὶ
564 5208 730 5262 αὐτοῦ
774 5207 1027 5276 Ἀϐραὰμ
1064 5204 1477 5272 διαλεγόμενος,
1511 5203 1539 5253 6
1589 5202 1687 5254 καὶ
1715 5198 1793 5269 τῷ
1841 5197 1949 5250 Ἰα-

365 5303 483 5355 κὼὸ
512 5304 608 5372 τὴν
648 5301 825 5371 πάλην
856 5299 1221 5368 στησάμενος,
1253 5297 1348 5349 καὶ
1384 5294 1519 5347 Θεὸν
1550 5293 1658 5345 τῶν
1696 5290 1949 5360 πατέρων

365 5394 530 5448 αὐτοῦ
592 5393 785 5447 ἑαυτὸν
852 5391 1171 5460 ὀνομάσας,
1223 5390 1251 5440 6
1303 5389 1397 5440 xxi.
1456 5384 1740 5454 Πιιεύματι
1804 5382 1948 5451 ἁγίῳ

364 5488 503 5557 πρὸς
538 5485 775 5557 θεωρίας
817 5483 949 5552 ὕψος
987 5482 1150 5536 αὑτὸν
1184 5480 1507 5548 ἀναγαγὼν,
1536 5477 1600 5530 δι’
1637 5471 1698 5528 οῦ
1733 5476 1828 5527 καὶ
1858 5473 1948 5525 λό-

369 5597 466 5646 γον
492 5580 518 5630 6
566 5576 766 5630 Ἰακὼϐ
820 5575 1128 5641 ξενιτεῦσαι
1176 5573 1419 5637 ἐδέξατο,
1448 5569 1806 5637 καὶμφεύγειν
1841 5566 1950 5617 ἀπὸ

382 5667 574 5732 Ἠσαῦ,
611 5670 705 5720 καὶ
736 5667 981 5738 κλίμακα
1016 5662 1166 5719 εῐδέν
1196 5667 1254 5718 ἐν
1293 5663 1483 5724 ὕπνοις
1514 5663 1594 5725 εἰς
1626 5660 1751 5721 τοὺς
1785 5658 1949 5727 οὐρα-

371 5760 493 5825 νοὺς
524 5760 855 5829 φθάνουσαι),
893 5758 990 5811 καὶ
1031 5757 1116 5809 ἐπ’
1148 5758 1341 5827 αὐτῆς,
1385 5757 1507 5826 ἥτις
1540 5751 1611 5825 ἦν
1644 5752 1809 5806 εἰκὼν
1852 5753 1949 5820 τῆς

372 5850 467 5904 τοῦ
504 5850 876 5924 σαρκωθέντος
918 5851 1089 5920 Λόγου
1127 5851 1374 5919 Μητρὸς,
1422 5848 1513 5903 τὸν
1544 5848 1677 5902 Θεὸν
1715 5844 1943 5908 καθεζάν

2050 4646 2252 4711 intulit,
2291 4657 2343 4700 et
2382 4645 2735 4715 semetipsum
2784 4654 3004 4716 patrum
3073 4647 3194 4715 ejus
3254 4646 3421 4701 Deum
3454 4647 3644 4716 appel-

2051 4740 2199 4803 lavit,
2238 4753 2477 4808 eumque
2508 4739 2573 4792 ad
2616 4738 2825 4808 apicem
2882 4738 3366 4809 contemplationis
3397 4755 3493 4810 per
3522 4740 3645 4809 Spi-

2054 4832 2215 4883 ritum
2276 4843 2526 4886 sanctum
2565 4829 2817 4896 adduxit,
2855 4845 2883 4883 a
2942 4846 3053 4900 quo
3114 4830 3283 4886 Jaeob
3335 4831 3525 4898 jussus
3559 4842 3644 4886 est

2052 4926 2119 4980 ab
2177 4924 2320 4980 Esau
2375 4925 2640 4997 aufugere
2684 4934 2739 4980 et
2786 4924 2853 4980 ad
2907 4924 3247 4996 alienigenas
3289 4925 3641 4995 per-igrinari,

2053 5019 2371 5086 scalamque
2399 5018 2536 5071 vidit
2562 5017 2630 5071 ad
2664 5017 2862 5071 coelum
2908 5016 3331 5086 pertingentem,
3383 5027 3437 5072 et
3479 5017 3530 5071 iu
3578 5035 3641 5072 ea

2052 5125 2173 5178 qua:
2205 5110 2377 5177 figura
2412 5119 2529 5164 erat
2586 5108 2745 5164 Verbi
2788 5109 3087 5173 incarnali,
3127 5109 3298 5163 Deum
3335 5111 3640 5173 sedentem,

2052 5216 2109 5260 et
2140 5219 2360 5258 rursum
2395 5205 2591 5273 jussus
2646 5213 2729 5257 est
2780 5203 3151 5274 propinquum
3205 5202 3413 5271 fugere,
3449 5206 3642 5260 miras—

2052 5312 2160 5365 que
2192 5297 2329 5350 vidit
2359 5296 2746 5351 revelationes.
2796 5296 2931 5363 Qua:
2988 5298 3172 5352 omnia
3203 5297 3365 5353 Verbi
3402 5300 3495 5355 Dei
3534 5301 3643 5353 vir-

2056 5395 2226 5441 tutem
2276 5396 2331 5440 et
2394 5386 2633 5456 Spiritus
2672 5387 2766 5442 Dei
2821 5389 3122 5458 potentiam
3190 5390 3241 5443 in
3292 5390 3459 5459 justis
3525 5392 3646 5447 istis

2054 5487 2374 5548 operantem
2451 5480 2909 5547 praedicaverunt.
2977 5482 3119 5548 Quid
3193 5499 3322 5537 vero
3395 5484 3648 5551 Joseph?

2055 5570 2247 5623 Nonne
2300 5585 2395 5639 per
2432 5571 2646 5624 somnia
2702 5572 2943 5627 Verbum
3001 5573 3096 5628 Dei
3139 5574 3423 5642 suscepit?
3454 5573 3647 5628 Nonne

2058 5661 2267 5729 Spiritu
2312 5660 2407 5715 Dei
2443 5663 2816 5716 movebatur?
2861 5662 3017 5719 Unde
3048 5664 3149 5733 ipsi
3185 5665 3455 5730 sapientia
3482 5666 3644 5735 cujus

2057 5770 2161 5824 cpe
2231 5752 2298 5807 ab
2364 5752 2637 5824 Egyptiis
2683 5754 2750 5809 ad
2802 5770 2984 5824 regem
3050 5756 3276 5827 ejusque
3356 5758 3642 5815 ministros

2058 5844 2470 5902 transeuntibus
2518 5845 2786 5904 liberatus
2840 5846 2965 5905 cst-2
3018 5846 3211 5905 Nonne
3240 5848 3440 5904 virtute
3469 5848 3634 5905 divini
