4066 6468
367 323 436 386 55
1212 321 1588 384 SYMEONIS
1620 321 2371 382 THESSALONICENSIS
2403 323 2447 380 A
2461 323 2762 384 BClllEP.
3565 321 3636 388 56

370 432 608 503 Spiritus
630 433 654 473 ν
679 434 874 489 Nonne
907 434 1273 504 omnipotenti
1322 434 1554 505 imperio
1582 433 1821 490 virentis
1851 448 1944 490 sa-

2067 452 2230 501 ιενον,
2264 436 2358 489 καὶ
2402 435 2496 490 τδν
2530 435 2800 506 κηδεστὴν
2844 435 2900 489 δὲ
2951 435 3179 504 φεύγειν
3233 433 3393 500 λόγον
3439 432 3635 498 ἐδέξαο
3717 493 3725 502 ,

367 524 586 592 picutire
616 539 710 579 seu
743 524 834 580 Dei
864 524 1071 582 Verbi?
1114 525 1191 581 Ita
1219 526 1384 582 etiam
1418 525 1534 581 fere
1575 527 1631 581 in
1687 526 1955 584 omnibus

369 615 648 684 prophetis
702 617 969 686 scriptum
1002 625 1087 673 est
1124 635 1140 672 :
1181 637 1200 671 ι
1244 617 1483 672 Verbum
1530 617 1749 674 Domini
1802 620 1949 689 quod

372 707 572 759 (lotium
591 706 675 762 est
707 708 774 763 ad
797 707 993 763 Isaiam
1023 708 1192 763 tilium
1224 710 1410 765 Amos.
1453 727 1472 761 ι
1507 707 1574 763 Et
1607 727 1622 765 :
1658 728 1678 763 ι
1716 709 1950 765 Verbum

373 796 584 852 Domini
615 798 763 869 quod
811 799 1016 854 factum
1048 809 1130 856 est
1161 801 1228 856 ad
1260 799 1558 857 Jeremiam
1591 801 1764 857 tilium
1811 801 1954 856 Hel-

370 890 490 941 εἰει».
533 906 555 940 ›
587 888 653 943 Et
694 893 774 946 sic
819 891 887 945 de
929 893 1142 948 caeteris
1180 911 1194 946 :
1247 913 1264 946 ι
1316 891 1649 963 Principium
1688 891 1851 946 Verbi
1883 891 1952 946 ad

375 982 545 1047 Osee;
587 998 606 1033 ι
639 990 695 1036 et
730 1000 744 1037 :
774 1001 792 1034 ι
824 981 998 1038 Verba
1021 986 1186 1041 Amos
1217 1001 1338 1055 qua:
1378 986 1510 1039 vidit
1551 1001 1714 1054 super
1733 989 1955 1039 Jerusa-

373 1070 387 1120 l
432 1087 512 1135 in;
540 1090 558 1123 ι
579 1079 632 1126 et
658 1089 671 1125 :
701 1091 719 1124 ι
745 1069 968 1127 Factum
993 1073 1326 1130 estVerbum
1351 1075 1648 1130 Dominiad
1667 1076 1951 1132 Miebtram

373 1156 734 1228 Morathiten;
769 1181 789 1215 ›
820 1173 913 1218 et:
967 1183 986 1216 ι
1021 1164 1256 1220 Verbum
1299 1165 1512 1220 Domini
1550 1170 1696 1238 quod
1746 1167 1950 1223 factum

2051 545 2134 591 το,
2165 527 2262 580 καὶ
2288 527 2666 597 ἀποκαλόψεις
2698 527 2887 595 σαφῶς
2925 526 3210 581 ἐθεάσατο.
3257 527 3322 578 ’Λ
3350 523 3416 595 δὴ
3451 524 3631 579 πάντα

2049 618 2152 687 τὴν
2181 614 2278 671 τοῦ
2325 617 2464 672 Θεοῦ
2517 619 2694 687 Λόγου
2729 618 2964 687 δύναμιν
3015 617 3111 671 καὶ
3165 615 3261 670 τοῦ
3306 615 3634 685 Πνεῦματος

2051 708 2188 763 Θεοῦ
2227 711 2330 777 τὴν
2359 710 2643 782 ἐνέργειαν
2673 710 2732 763 ὲν
2775 711 2889 774 τοῖς
2917 709 3151 774 δικαίοις
3200 707 3435 771 ἐκείνοις
3480 710 3633 778 ὲνερυ

2056 801 2264 868 γοῦσαν
2293 801 2550 873 ἐκήρυξε.
2585 801 2651 856 Τί
2691 802 2748 855 δὲ
2788 801 3031 872 Ἰωσήφ;
3064 802 3126 856 οὐ
3169 800 3238 855 δι’
3271 801 3500 872 ὀνείρων
3536 799 3629 854 λόο

2053 910 2184 960 γους
2221 893 2358 946 Θεοῦ
2387 894 2610 962 ἐδέξατο
2637 912 2652 960 ;
2685 895 2747 947 οὐ
2780 894 3292 964 πνευματοκίνητος
3318 891 3386 965 ἦν
3415 910 3430 961 ;
3461 894 3634 948 Πόθεν

2054 983 2205 1052 αὐτῷ
2237 986 2269 1052 ἡ
2307 985 2493 1053 σοφία,
2546 988 2641 1039 καὶ
2678 985 2768 1040 διὰ
2794 985 3005 1056 ταύτης
3039 987 3149 1040 τῶν
3181 987 3633 1056 διαπορουμένων

2057 1076 2136 1144 τῷ
2165 1076 2380 1145 βασιλεῖ
2419 1078 2738 1145 Αἰγυπτίων
2788 1079 2882 1131 καὶ
2935 1078 3044 1131 τῶν
3086 1077 3279 1133 τούτου
3338 1075 3633 1146 ὑπηρετῶν

2054 1171 2108 1222 al
2136 1169 2318 1231 λύσεις
2348 1185 2363 1234 ;
2397 1169 2472 1222 Οὐ
2504 1169 2734 1239 δυνάμει
2766 1169 2861 1223 τοῦ
2884 1169 3029 1223 θείου
3060 1169 3414 1240 Πνεὺματοςς
3441 1169 3500 1220 οὗ
3530 1167 3632 1236 τῆς

371 1261 451 1302 ρει
484 1250 551 1333 ad
580 1248 696 1306 Joel
731 1252 900 1306 tilium
932 1252 1194 1320 Pbatuel;
1222 1272 1240 1304 ›
1278 1263 1368 1309 et:
1397 1273 1416 1304 ι
1457 1254 1581 1310 Ilaec
1605 1256 1740 1310 dicit
1769 1257 1954 1312 Domi-

2067 1261 2238 1330 ζώσης
2272 1262 2474 1329 σοφίας
2508 1261 2603 1314 τοῦ
2651 1261 2789 1315 Θεοῦ
2825 1261 3009 1330 Λόγου
3033 1263 3098 1331 τῇ
3130 1261 3508 1330 παντουργικῇ
3542 1260 3634 1312 δυ·

373 1357 474 1393 nus
528 1339 692 1405 Deus,
757 1344 932 1413 inquit
963 1344 1415 1416 Abdias,tquod
1477 1356 1556 1401 est
1617 1349 1684 1403 de
1743 1347 1949 1415 Verbo,

2067 1351 2281 1422 ναστείᾳ
2311 1369 2325 1416 ;
2365 1350 2527 1406 οὕτω
2559 1353 2653 1406 καὶ
2686 1353 2742 1405 ἐν
2783 1356 2893 1416 τοῖς
2939 1353 3253 1423 προφήταις
3282 1351 3469 1420 σχεδὸν
3497 1351 3634 1404 ᾶπα-

368 1430 828 1514 «ςιιεηιιιόιιιοίίυηι
861 1449 1052 1488 omnes
1085 1437 1362 1505 prepltetu:
1382 1436 1550 1492 locuti
1582 1449 1710 1493 sunt
1743 1459 1755 1493 :
1786 1458 1804 1492 ι
1831 1439 1957 1497 Haec

2067 1461 2109 1496 rt
2145 1443 2458 1515 γέγραπται
2488 1460 2502 1475 ο
2545 1464 2564 1496 ι
2611 1445 2782 1511 Λόγος
2821 1445 3027 1512 Κυρίου
3057 1487 3071 1509 ,
3122 1443 3180 1508 ὃς
3223 1445 3441 1512 ἐγένετο
3497 1443 3634 1514 πρὸς

369 1523 503 1577 dicit
540 1521 823 1589 Dominus,
848 1543 866 1576 ι
906 1525 1141 1580 Verbum
1172 1528 1315 1582 illius
1350 1531 1538 1585 vivens
1561 1531 1953 1600 praedicantes:

2067 1533 2295 1587 Ἡσαΐαν
2321 1533 2651 1602 υξδνἋμώς.
2679 1534 3020 1600 Καὶ,ιΛόγος
3053 1533 3277 1602 Κυρίου,
3309 1533 3368 1597 ὃς
3404 1533 3634 1600 ἐγένετο

378 1633 398 1667 ι
440 1613 502 1666 Et
540 1612 743 1667 factum
777 1624 860 1669 est
903 1614 1137 1671 Verbum
1183 1617 1393 1672 Domini
1440 1620 1504 1674 ad
1551 1619 1745 1675 Jonam
1781 1622 1951 1676 ﬁlium

2067 1624 2202 1694 πρὸς
2246 1625 2520 1693 Ἰερεμίαν
2553 1629 2649 1678 τὴν
2675 1626 2768 1678 τοῦ
2812 1626 3068 1682 Χελκίου.
3104 1645 3122 1677 t
3161 1627 3270 1679 Καὶ
3302 1629 3359 1679 ἐν
3385 1629 3497 1690 τοῖς
3525 1627 3636 1680 λοι-

372 1700 589 1758 A'matlti
619 1701 841 1767 dicens;
884 1721 902 1753 ι
946 1702 1159 1759 Nahum
1189 1714 1367 1759 autem
1413 1725 1425 1760 :
1459 1729 1478 1759 ι
1510 1706 1660 1764 Onus
1688 1710 1900 1775 Ninive,
1929 1731 1948 1762 ι

2067 1719 2179 1778 mi;
2209 1716 2352 1770 οὕτω
2373 1732 2386 1745 ⁸
2417 1737 2434 1768 ι
2461 1719 2511 1769 ’Λ
2525 1718 2625 1786 ρχὴ
2645 1718 2802 1785 λόγου
2831 1718 2967 1786 πρὸς
2992 1717 3173 1787 Ὠσηέ.
3212 1736 3230 1768 ι
3261 1719 3424 1783 Καὶ,ι
3469 1720 3636 1784 Λόγοι

334 1793 588 1860 ⁸ἱιιιιιιίι;
629 1795 774 1863 quod
832 1811 971 1852 onus
1023 1796 1237 1852 dicendi
1284 1797 1551 1856 Jeremias
1587 1819 1691 1857 non
1726 1807 1946 1872 accipit,

2070 1807 2272 1875 ’Λμὼ;,
2295 1806 2390 1870 οῦς
2422 1803 2560 1860 εἶδεν
2589 1808 2730 1878 ὑπὲρ
2767 1808 3150 1878 Ἰερουσαλήμ.
3191 1826 3208 1858 ι
3239 1809 3370 1872 Καὶ,
3409 1829 3427 1860 r
3476 1811 3635 1875 Ἐγέ-

375 1885 467 1938 sed
504 1883 778 1952 Verbum;
824 1887 1078 1943 similiter
1109 1900 1163 1945 et
1201 1891 1417 1946 Nahum
1451 1909 1722 1964 pergens:
1767 1915 1785 1947 ι
1825 1896 1948 1952 llaec

2067 1915 2178 1950 νετο
2206 1899 2366 1964 λόγος
2399 1898 2607 1967 Κυρίου
2633 1900 2768 1969 πρὸς
2802 1900 3044 1969 Μιχαίαν
3067 1902 3156 1951 τὸν
3185 1900 3278 1953 τοῦ
3318 1902 3572 1965 Μωραθί.
3608 1922 3628 1952 ι

375 1978 508 2032 dicit
540 1977 821 2047 Dominus,
861 1981 957 2047 ait,
990 1983 1079 2052 qui
1113 1982 1430 2039 dominatur
1467 1987 1626 2056 aquis
1664 1990 1891 2057 multis;
1927 2011 1944 2042 ι

2067 1989 2184 2051 Καὶ,
2225 2008 2242 2040 ι
2281 1990 2454 2057 Λόγος
2494 1990 2732 2058 Κυρίου,
2769 1991 2827 2052 ὃς
2861 1991 3096 2060 ἐγενήθη
3153 1991 3290 2062 πρὸς
3326 1993 3478 2062 Ἰωήλ
3533 1992 3627 2043 τὸν

372 2084 425 2126 et
467 2081 656 2126 rursus
685 2090 699 2127 :
737 2093 754 2124 ι
785 2073 922 2128 Ecce
945 2089 1042 2144 ego
1077 2093 1245 2146 super
1269 2086 1340 2144 te,
1369 2080 1441 2130 ait
1475 2079 1739 2136 Dominus
1775 2084 1952 2138 omni-

373 2176 604 2233 potens;
654 2185 672 2218 ι
705 2175 755 2222 ct
795 2185 808 2222 :
858 2188 876 2220 ι
919 2167 1073 2228 Onus
1123 2172 1267 2241 quod
1329 2172 1462 2227 vidit
1513 2172 1768 2230 Habacuc
1824 2192 1952 2246 pro-

378 2256 566 2326 pheta.
611 2281 624 2308 I
663 2258 820 2324 Quod
850 2260 988 2314 idem
1017 2274 1102 2316 est
1135 2278 1197 2317 ac
1230 2264 1273 2316 si
1308 2265 1454 2318 dicat
1485 2281 1544 2321 se
1577 2268 1687 2338 regi
1720 2277 1772 2321 et
1827 2268 1952 2322 iet-ri

377 2354 605 2421 Spiritu.
654 2355 812 2422 Quod
856 2372 1001 2412 onus
1047 2357 1118 2412 sit
1165 2358 1403 2426 Spiritus
1457 2361 1657 2427 sancti,
1717 2362 1840 2416 audi
1873 2363 1954 2418 (li-

374 2457 615 2500 contem:
639 2464 658 2498 ι
679 2445 960 2502 Terribilis
995 2448 1246 2519 egregius
1275 2455 1416 2516 est,»
1445 2449 1494 2505 id
1518 2459 1602 2506 est
1636 2442 1801 2506 Deus.
1831 2471 1850 2504 ι
1879 2452 1954 2508 Ex

377 2539 673 2608 sentietipso
720 2539 990 2606 judicium
1049 2541 1170 2606 ejus
1242 2541 1363 2607 erit,
1403 2561 1423 2596 ι
1457 2543 1663 2599 scilicet
1715 2543 1955 2599 Verbum

378 2631 515 2700 eius,
555 2647 677 2685 nam
715 2630 986 2702 judicium
1016 2641 1099 2686 est
1128 2631 1475 2700 Verbum,et,
1509 2655 1526 2686 ι
1556 2633 1710 2692 Onus
1743 2635 1865 2706 ejus
1891 2653 1956 2692 ex

381 2723 499 2788 ipso
531 2721 862 2792 egredietur.
896 2740 914 2772 ι
957 2719 1146 2777 Viden’
1199 2722 1458 2779 virtutem
1519 2724 1761 2797 Spiritus
1795 2743 1824 2782 a
1855 2728 1958 2782 Pa-

383 2825 463 2866 tre
492 2812 876 2881 procedentis?
929 2811 993 2866 Et
1055 2828 1275 2869 rursum
1313 2834 1326 2872 :
1371 2833 1387 2868 ι
1423 2814 1602 2886 Super
1650 2818 1957 2873 custodiam

385 2907 562 2962 Dicam
603 2906 869 2973 staboget
900 2907 1316 2976 contemplabor
1350 2917 1408 2963 ut
1446 2909 1658 2964 videam
1693 2910 1838 2981 quod
1876 2912 1960 2966 di-

389 3008 550 3052 catur
610 2995 766 3058 mihi,
808 3005 861 3052 et
903 2998 1181 3066 respondit
1233 2998 1300 3052 ad
1351 3015 1437 3053 me
1494 2999 1794 3068 Dominus;
1835 3021 1853 3055 ι
1890 3019 1959 3058 eu

2052 2081 2145 2134 τοῦ
2182 2080 2453 2152 Βαθουήλ.
2491 2098 2510 2132 ι
2544 2082 2674 2144 Καὶ,
2715 2102 2730 2132 ι
2771 2083 2911 2136 Τάδε
2947 2081 3094 2149 λέγει
3135 2083 3340 2153 Κύριος
3363 2086 3390 2137 ό
3417 2084 3570 2148 Θεὸς,
3602 2104 3620 2136 ι

2068 2171 2278 2225 ’Λόδιοῦ
2313 2187 2502 2240 φησιν,
2537 2173 2566 2226 ὃ
2595 2175 2722 2240 περὶ
2769 2173 2868 2226 τοῦ
2924 2174 3100 2242 Λόγου
3150 2175 3306 2238 ἐστὶ.
3347 2175 3489 2230 καθᾶ
3535 2178 3631 2231 καὶ

2057 2265 2256 2327 πάντες
2303 2265 2352 2317 οἱ
2388 2266 2664 2336 προφῆταί
2715 2283 2870 2334 φασι,
2913 2286 2931 2318 ι
2973 2267 3112 2321 Τάδε
3147 2268 3298 2336 λέγει
3332 2268 3564 2339 Κύριος,
3605 2288 3627 2321 ι

2061 2357 2154 2409 τὸν
2210 2356 2384 2426 Λόγον
2431 2357 2598 2411 αὐτοῦ
2659 2359 2750 2410 τὸν
2799 2359 2978 2423 ζῶντα
3049 2358 3438 2428 κηρύττοντες.
3501 2361 3632 2424 Καὶ,

2064 2466 2082 2499 ι
2149 2447 2401 2517 Ἐγένετο
2459 2447 2620 2516 λόγος
2691 2449 2895 2519 Κυρίου
2954 2449 3093 2519 πρὸς
3156 2450 3342 2503 Ἰωνᾶν
3396 2451 3490 2503 τὸν
3547 2452 3642 2505 τοῦ

2071 2538 2293 2607 ’Apa‘it,
2340 2539 2537 2607 λέγων.
2578 2559 2596 2591 ι
2637 2540 2746 2593 Καὶ
2776 2539 2968 2610 Ναοὺμ
3001 2540 3122 2609 μὲν,
3154 2559 3174 2592 ι
3213 2542 3444 2612 Λῆμμα,
3485 2544 3643 2612 φησὶ,

2060 2633 2270 2688 Νινευῒ·
2318 2633 2395 2687 »8
2464 2633 2658 2702 λῆμμα
2715 2633 2895 2699 λέγειν
2953 2634 3225 2702 Ἱερεμίας
3250 2635 3311 2686 οὐ
3369 2635 3641 2704 δέχεται,

2063 2723 2201 2777 ἀλλὰ
2253 2723 2451 2792 Λόγον.
2511 2725 2702 2790 Ὅμως
2757 2724 2852 2776 καὶ
2905 2723 3101 2793 Ναοὺμ
3156 2722 3404 2794 προῖὼν,
3440 2744 3458 2776 ι
3501 2725 3642 2778 Τάδε

2063 2818 2214 2886 λέγει
2244 2815 2474 2886 Κύριος,
2523 2819 2678 2885 φησὶ,
2729 2815 3020 2886 κατάρχων
3078 2817 3288 2870 ὑδάτων
3347 2817 3579 2873 πολλῶν.
3615 2837 3636 2871 ι

2064 2911 2176 2964 Καὶ
2203 2910 2388 2975 πάλιν,
2430 2928 2449 2960 ι
2503 2910 2639 2963 Ἰδοὺ
2673 2909 2783 2977 ἐγὼ
2834 2911 2926 2962 ἐπὶ
2971 2911 3052 2975 σὲ,
3088 2910 3237 2978 λέγει
3272 2911 3476 2977 Κύριος
3508 2928 3646 2966 πανο

2063 3004 2370 3074 τοκράτωρ.
2407 3021 2428 3056 ι
2458 3003 2590 3066 Καὶ,
2627 3021 2646 3053 ι
2681 3001 2756 3056 Τὸ
2801 3002 2996 3072 λῆμμα
3023 3001 3052 3054 ὃ
3081 2999 3222 3055 εἶδεν
3253 3004 3575 3072 Ἀϐδακοὺμ
3615 3008 3646 3057 ὁ

387 3103 580 3143 rursus
616 3085 878 3143 Verbum.
914 3087 1019 3156 Qui
1048 3091 1271 3159 insuper
1315 3089 1384 3146 de
1419 3091 1835 3162 dispensatione
1866 3093 1956 3149 Dei

2067 3096 2374 3166 προφήτης.
2405 3113 2423 3145 ι
2452 3093 2624 3146 Τοῦτο
2651 3093 2708 3145 δέ
2740 3096 2886 3146 ἐστιν
2917 3095 3088 3146 εἰπεῖν
3119 3096 3178 3145 τὸ
3193 3095 3531 3164 κρατηθῆναι
3549 3097 3644 3148 καὶ

383 3179 552 3235 Verbl
578 3196 677 3236 nos
703 3182 907 3245 docet,
951 3190 1005 3236 et
1047 3199 1062 3235 :
1105 3200 1125 3234 ι
1163 3182 1362 3239 Audivi
1414 3186 1756 3243 auditionem
1789 3193 1960 3253 tuam,

386 3283 440 3328 et
491 3275 668 3340 timui,
723 3292 742 3324 ι
807 3273 1019 3344 inquit;
1071 3282 1124 3330 et
1160 3293 1174 3331 :
1209 3294 1230 3328 ι
1277 3277 1423 3332 Deus
1470 3292 1538 3334 ex
1593 3278 1810 3335 Pharan
1873 3294 1966 3336 ve-

393 3351 544 3433 niet;
619 3386 637 3418 ι
713 3375 767 3422 et
827 3377 1022 3422 caetera
1085 3368 1321 3438 plurima
1387 3370 1456 3425 de
1513 3370 1658 3426 illius
1715 3371 1968 3428 incarna-

392 3462 564 3520 tione.
604 3460 756 3526 Quod
800 3459 1031 3514 Verbum
1087 3459 1180 3516 Dei
1239 3453 1387 3517 esset
1435 3477 1657 3517 carnem
1715 3475 1964 3532 sumptu-

390 3569 512 3612 rum
549 3561 777 3608 testatur
828 3553 1013 3606 dicens
1044 3568 1058 3605 :
1098 3569 1115 3601 ι
1155 3551 1296 3607 Ante
1333 3552 1526 3607 faciem
1553 3553 1673 3622 eius
1711 3555 1809 3608 ibit
1834 3555 1965 3610 Ver-

392 3649 542 3711 Imm;
579 3665 596 3696 ι
633 3656 685 3700 et
715 3665 727 3698 :
769 3663 788 3696 r
823 3643 1059 3700 Verbum
1105 3641 1318 3698 Domini
1349 3644 1492 3715 quod
1541 3644 1746 3708 factum
1783 3655 1866 3701 est
1898 3648 1966 3702 ad

391 3735 726 3807 Sopltoniam
759 3737 928 3790 filium
976 3736 1175 3801 Cltusi;
1207 3754 1225 3786 ι
1252 3743 1305 3789 et
1349 3752 1361 3788 :
1399 3754 1416 3786 ι
1458 3733 1683 3790 Factum
1716 3747 1798 3792 est
1837 3738 1968 3793 Ver-

392 3831 522 3890 butn
555 3823 766 3905 Domini
817 3829 869 3881 in
911 3841 1074 3880 mantt
1121 3825 1300 3896 Aggwi
1339 3826 1638 3896 propheta,
1671 3827 1897 3894 dicens;
1943 3847 1964 3880 ι

389 3931 445 3976 et
476 3937 491 3974 :
531 3939 550 3972 ι
588 3920 814 3974 Factum
850 3928 933 3976 est
984 3917 1219 3972 Verbum
1275 3916 1492 3972 Domini
1530 3920 1593 3974 ad
1647 3918 1968 3976 Zachariam

394 4015 562 4067 tilium
608 4011 916 4075 Baracbia',
966 4011 1198 4076 dicens;
1239 4031 1256 4062 ι
1303 4013 1391 4067 hic
1438 4026 1658 4086 quoque
1691 4015 1759 4067 de
1793 4014 1974 4068 incar-

393 4108 618 4160 natione
647 4104 809 4159 Verbi
870 4103 1021 4172 plura
1086 4104 1354 4174 prmdixit.
1399 4105 1465 4161 Et
1508 4123 1523 4160 :
1563 4123 1582 4155 ι
1626 4105 1779 4162 Onus
1808 4105 1975 4162 Verbi.

397 4198 613 4252 Domini
646 4199 710 4249 ad
748 4195 912 4250 Israel
952 4197 1007 4248 in
1044 4210 1208 4250 manu
1255 4197 1441 4266 angeli
1469 4197 1586 4265 ejus
1611 4239 1627 4263 ,
1670 4219 1688 4251 ι
1727 4215 1822 4254 seu
1857 4197 1971 4252 Ma-

395 4290 608 4345 tacltite.
640 4289 716 4343 En
755 4291 958 4344 iterum,
985 4304 1123 4343 onus
1167 4287 1355 4354 Verbi,
1409 4298 1462 4344 et
1523 4291 1694 4346 virtus
1728 4291 1972 4360 Spiritus

394 4393 562 4450 atque
595 4381 778 4437 Verbi.
814 4381 918 4448 Qui
963 4378 1258 4436 Malacliias
1306 4397 1505 4437 nomen
1569 4387 1658 4437 Det
1712 4399 1971 4452 magnum

2066 3185 2296 3253 ἄγεσθαι
2342 3185 2640 3248 "vadunt.
2702 3184 2824 3235 ’Ὁτι
2881 3183 2936 3235 δὲ
2999 3183 3315 3252 Πνεῦματος
3367 3183 3528 3250 ἁγίου
3583 3186 3645 3235 τὸ

2067 3278 2283 3348 λῆμμα,
2344 3278 2579 3332 ἄκουσον
2641 3276 2922 3342 λέγοντος·
2980 3293 2998 3326 ι
3067 3275 3299 3345 Φοὸερδς
3362 3276 3643 3343 ἐπιφανής

2065 3372 2214 3423 ἐστιν
2245 3412 2259 3436 ,
2298 3388 2318 3420 ι
2355 3373 2382 3422 ό
2434 3370 2568 3433 Θεὸς
2615 3367 2881 3438 δηλονότι.
2923 3385 2942 3418 r
2984 3367 3076 3430 Ἐξ
3124 3365 3293 3420 αὑτοῦ
3348 3366 3410 3419 τὸ
3462 3366 3642 3434 κρίμα

2068 3460 2232 3515 αὐτοῦ
2273 3461 2452 3512 ἔσται·
2487 3479 2508 3510 ι
2549 3459 2828 3513 τουτέστιν
2887 3460 2916 3511 ὁ
2974 3459 3144 3524 Λόγος
3215 3457 3378 3511 αὑτοῦ
3407 3474 3423 3495 ’
3466 3458 3646 3525 κρίμα

2069 3556 2178 3624 γὰρ
2201 3555 2228 3605 ὁ
2258 3554 2444 3620 Λόγος.
2482 3553 2612 3614 Καὶ,
2651 3570 2667 3602 ι
2704 3552 2778 3605 Τὸ
2817 3551 3014 3620 λῆμμα
3044 3549 3212 3604 αὑτοῦ
3247 3551 3305 3616 ἐξ
3347 3549 3518 3603 αὐτοῦ
3552 3549 3644 3613 ἐξ·

2069 3647 2404 3699 ελεύσεται.ι
2450 3645 2616 3715 Ὀρᾷς
2656 3647 2757 3714 τὴν
2787 3642 2882 3696 τοῦ
2925 3643 3254 3711 Πνεῦματος
3282 3641 3516 3712 δύναμιν
3551 3643 3646 3695 τοῦ

2071 3740 2133 3792 ὲκ
2163 3738 2258 3792 τοῦ
2310 3738 2519 3806 Πατρός
2552 3736 3042 3806 ὲκπορευομένου;
3093 3735 3191 3788 καὶ
3231 3736 3417 3788 πάλιν·
3457 3754 3474 3787 ι
3521 3735 3644 3787 Ἐπὶ

2069 3833 2166 3902 τῆς
2222 3829 2466 3898 φυλακῆς
2515 3845 2619 3896 μου
2665 3828 2958 3896 στήσομαι,
2998 3826 3094 3879 τοῦ
3135 3827 3262 3879 ἰδεῖν
3317 3844 3367 3880 τι
3414 3826 3644 3895 λαλήσει

2071 3925 2130 3976 ὲν
2159 3920 2282 3990 ἐμοὶ
2309 3961 2324 3984 ,
2370 3938 2388 3970 ι
2426 3920 2516 3971 καὶ
2550 3957 2564 3982 ,
2607 3936 2625 3966 ι
2667 3917 2970 3986 Ἀπεκρίθη
3029 3917 3166 3986 πρός
3225 3935 3292 3988 με
3361 3917 3588 3987 Κύριος.
3618 3936 3638 3970 ι

2071 4014 2206 4068 Ἰδοὺ
2238 4012 2398 4065 πάλιν
2429 4013 2456 4064 ὁ
2485 4011 2681 4077 Λόγος.
2715 4009 2884 4072 Οὗτος
2923 4009 3016 4062 καὶ
3047 4011 3174 4077 περὶ
3203 4011 3302 4081 τῆς
3334 4011 3648 4080 οἰκονομίας

2070 4104 2165 4157 τοῦ
2195 4103 2332 4156 Θεοῦ
2366 4103 2543 4169 Λόγου
2590 4101 2856 4154 διδάσκει.
2888 4102 3019 4164 Καὶ,
3053 4121 3069 4151 ι
3109 4101 3304 4171 Κύριε,
3341 4104 3652 4172 είσακὴκοα

2073 4198 2169 4267 τὴν
2197 4196 2366 4263 ἀκοήν
2397 4209 2492 4248 σου
2514 4193 2609 4247 καὶ
2633 4191 2930 4262 ἐφοϐήθην,
2961 4211 2979 4244 ι
3009 4193 3164 4262 φησι.
3199 4193 3329 4258 Καὶ,
3369 4210 3387 4245 ι
3428 4194 3492 4245 '0
3521 4192 3655 4255 Θεὸς

2073 4289 2182 4344 ἀπὸ
2214 4289 2429 4356 Θαιμὰν
2476 4285 2618 4356 ἥξει.
2659 4303 2676 4336 ι
2727 4286 2839 4338 Καὶ
2889 4284 3057 4338 λοιπᾶ
3117 4283 3346 4338 πλεῖστα
3398 4285 3657 4354 περὶτῆς

2078 4377 2407 4448 σαρκώσεως
2457 4374 2651 4429 αὐτοῦ.
2689 4375 2798 4428 Καὶ
2835 4375 2918 4427 ὅτι
2965 4377 2993 4429 ό
3029 4375 3202 4443 Λόγος
3233 4375 3656 4445 σαρκωθήσεται

394 4490 520 4528 esse
550 4472 605 4527 in
640 4474 895 4542 gentibus
938 4472 1097 4527 dixit.
1153 4471 1405 4526 Vidistin‘
1456 4489 1648 4534 omnes
1680 4475 1962 4543 prophetas

2081 4468 2175 4522 τοῦ
2206 4468 2365 4527 Θεοῦ,
2394 4466 2571 4535 λέγει,
2611 4484 2631 4518 r
2669 4465 2780 4536 Πρὸ
2819 4465 3115 4536 προσώπου
3152 4465 3319 4519 αὐτοῦ
3349 4465 3658 4534 προπορεύ-

397 4565 638 4621 Verbum
670 4565 758 4620 Dei
790 4576 842 4619 et
878 4563 1137 4634 Spiritum
1166 4565 1600 4635 prtediravisse?
1631 4565 1840 4618 Atheus
1868 4565 1968 4632 igi-

401 4671 490 4712 tur
516 4658 608 4727 qui
638 4672 702 4712 ea
744 4673 851 4712 non
887 4657 1166 4726 praedicat.
1207 4655 1270 4710 Et
1313 4657 1428 4725 ipse
1467 4656 1676 4710 David:
1722 4674 1737 4704 ι
1781 4654 1973 4716 Omnia

399 4753 454 4806 in
514 4751 790 4821 sapientia
840 4749 1039 4813 fecisti,
1095 4769 1113 4799 ι
1159 4748 1235 4811 ad
1285 4748 1454 4801 Deum
1513 4746 1810 4811 clamavit;
1869 4755 1971 4801 et:

404 4863 422 4891 ι
476 4841 713 4897 Verbum
768 4852 948 4907 tuum,
1006 4839 1251 4905 Domine,
1299 4847 1581 4907 permanet
1641 4837 1693 4890 in
1746 4837 1972 4891 eteloin

400 4934 806 5008 generationem
832 4940 887 4986 et
913 4931 1321 5000 generationem
1350 4947 1522 5000 usque
1553 4930 1604 4982 in
1633 4929 1893 4984 saeculum
1918 4944 1970 4994 ;,›

397 5037 453 5080 et
483 5024 663 5080 Verbo
700 5024 913 5085 Domini
942 5025 1110 5085 erelos
1151 5023 1394 5078 firmatos
1427 5037 1547 5076 esse
1579 5030 1830 5085 testatur,
1862 5021 1973 5073 vir-

401 5127 687 5185 tutemque
723 5131 912 5170 eorum
939 5133 969 5170 e
999 5117 1208 5183 Spiritu
1241 5115 1356 5169 oris
1388 5113 1575 5179 illius;
1607 5126 1766 5181 quem
1799 5112 1975 5181 Spiri-

403 5223 517 5265 tum
550 5211 789 5280 postulat
843 5210 898 5262 iu
953 5207 1256 5264 visceribus
1305 5205 1421 5260 suis
1476 5205 1748 5267 renovari,
1777 5213 1830 5257 et
1864 5219 1978 5260 asc

2084 4579 2238 4614 σεται
2272 4560 2462 4628 Λόγος.
2502 4577 2520 4610 ι
2556 4557 2896 4626 Καὶ,ιΛόγος
2923 4558 3128 4628 Κυρίου
3158 4557 3217 4621 ὃς
3251 4558 3485 4629 ἐγενήθη
3520 4559 3656 4627 πρὸς

2083 4653 2346 4721 Σοφονίαν
2377 4653 2468 4704 τὸν
2498 4650 2592 4704 τοῦ
2642 4649 2835 4704 Χουσί.
2881 4669 2900 4702 ι
2937 4651 3047 4702 Καὶ
3074 4688 3091 4717 ,
3141 4669 3159 4702 ι
3209 4650 3456 4717 Ἐγένετο
3487 4650 3656 4716 Λόγος

2083 4743 2292 4812 Κυρίου
2338 4744 2396 4794 ὲν
2426 4743 2574 4812 χειρὶ
2620 4740 2881 4810 Ἀγγαίου
2918 4739 3014 4794 τοῦ
3059 4743 3374 4812 προφήτου,
3404 4741 3598 4807 λέγων.
3633 4758 3651 4790 ι

2087 4836 2220 4898 Καὶ,
2265 4853 2282 4885 ι
2328 4834 2578 4902 Ἐγένετο
2631 4832 2804 4900 Λόγος
2853 4833 3062 4902 Κυρίου
3096 4832 3230 4903 πρὸς
3259 4833 3540 4902 Ζαχαρίαν
3569 4833 3660 4885 τὸν

2084 4926 2386 4996 Βαραχίου,
2422 4924 2617 4992 λέγων.
2669 4946 2687 4975 ι
2723 4918 2891 4988 Οὗτος
2930 4926 3023 4976 καὶ
3054 4928 3183 4988 περὶ
3217 4926 3314 4993 τῆς
3358 4924 3453 4977 τοῦ
3483 4925 3660 4992 Λόγου

2086 5019 2417 5089 capitumet»;
2455 5019 2681 5070 πλεῖστα
2714 5019 3114 5088 προεφήτευσε.
3157 5035 3175 5067 ι
3205 5018 3315 5071 Καὶ
3339 5058 3353 5079 ,
3393 5035 3410 5067 ι
3454 5017 3664 5086 Λῆμμα

2084 5110 2244 5178 λόγου
2288 5108 2498 5178 Κυρίου
2535 5108 2628 5161 ἐπὶ
2660 5108 2754 5162 τὸν
2783 5107 3002 5179 Ἰσραὴλ
3042 5110 3101 5161 ἑν
3127 5109 3272 5178 χειρὶ
3297 5109 3536 5175 ἀγγέλου
3569 5109 3663 5160 αὐ·
3731 5102 3733 5105 ’

2082 5203 2200 5265 τοῦ,
2245 5221 2264 5253 ι
2299 5202 2419 5272 ἦτοι
2454 5201 2547 5255 τοῦ
2581 5200 2887 5272 Μαλαχὶου.
2932 5200 3064 5254 Ἰδοὺ
3109 5200 3206 5254 καὶ
3257 5200 3454 5270 λῆμμα
3486 5199 3662 5266 Λόγου

404 5320 514 5357 non
546 5304 746 5358 auferri
776 5321 793 5370 ;
825 5311 880 5358 et
911 5315 1053 5357 recte
1091 5303 1257 5354 Deum
1295 5298 1510 5352 Patrem
1559 5296 1818 5368 pradicat
1852 5312 1962 5351 cun

2086 5299 2118 5366 ἠ
2169 5296 2399 5366 δύναμις
2430 5296 2524 5349 τοῦ
2564 5294 2888 5365 Πνεῦματος
2935 5296 3032 5348 καὶ
3085 5294 3180 5348 τοῦ
3221 5295 3419 5362 Λόγου,
3453 5293 3510 5358 ὃς
3546 5294 3664 5346 Μα-

401 5397 581 5451 Verbo
599 5405 651 5452 et
674 5397 904 5467 Spiritu.
940 5396 1002 5449 Et
1033 5394 1214 5448 omnis
1241 5391 1458 5462 quidem
1481 5392 1754 5462 juslorum
1775 5390 1962 5444 cboru:

2087 5389 2275 5458 λαχίας
2307 5374 2421 5442 λκαὶ
2471 5389 2529 5441 τὸ
2575 5389 2744 5458 ὄνομα
2801 5387 2896 5441 τοῦ
2955 5387 3090 5441 Θεοῦ
3139 5387 3403 5457 ἐπιφανὲς
3449 5388 3505 5439 ὲν
3542 5389 3654 5447 τοῖς

402 5489 641 5546 Verbum
678 5492 771 5546 Dei
803 5502 965 5560 atque
1010 5488 1272 5556 Spiritum
1307 5485 1593 5544 manifeste
1619 5486 1959 5542 demonstrat

2097 5483 2277 5534 ἔθνεσί
2329 5501 2515 5553 φησιν.
2578 5482 2745 5552 Ὁρᾷς
2796 5482 2877 5534 ὅτι
2925 5482 3124 5546 πάντες
3166 5481 3215 5532 οἱ
3251 5480 3527 5551 προφῆται
3573 5478 3665 5530 τόν

404 5590 498 5639 τοῦ
533 5586 670 5640 Θεοῦ
704 5587 875 5652 Λόγον
910 5588 1009 5637 καὶ
1055 5583 1113 5634 τὸ
1153 5582 1376 5649 Πνεῦμα
1428 5583 1742 5652 ἐκήρυξαν,
1785 5581 1979 5643 Ἄθεος
2059 5581 2348 5649 τιιγαροέν
2391 5580 2419 5630 ὁ
2467 5581 2541 5649 μὴ
2595 5578 2766 5631 ταῦτα
2848 5577 3155 5647 κηρύττων.
3194 5576 3302 5628 Καὶ
3352 5576 3512 5636 αὐτὸς
3546 5574 3601 5627 δὲ
3633 5574 3662 5624 ὁ

410 5683 596 5748 {tali-.6,
648 5700 664 5731 ι
714 5680 896 5732 Πάντα
948 5679 1004 5729 ὲν
1062 5675 1225 5748 σοφίᾳ
1274 5674 1536 5744 ἐποίησας
1567 5715 1581 5736 ,
1645 5695 1668 5733 ι,
1718 5675 1854 5744 πρὶς
1882 5675 1976 5725 τὸν
2015 5672 2149 5725 Θεὸν
2185 5672 2500 5740 ἁνακράζει.
2559 5672 2690 5736 Καὶ,
2732 5690 2750 5723 ι
2791 5670 2850 5722 '0
2883 5671 3054 5737 Λόγος
3088 5685 3220 5733 σου,
3288 5667 3482 5737 Κύριε,
3542 5667 3662 5721 δια-

423 5777 571 5854 μένει
602 5777 658 5829 ἰν
693 5775 768 5847 τῷ
799 5771 1012 5845 οὐρανῷ
1052 5772 1128 5835 είς
1162 5771 1358 5848 γενεὰν
1392 5771 1484 5833 καὶ
1521 5770 1710 5838 γενεὰν
1749 5769 1859 5842 ’ἕως
1890 5765 1984 5820 τοῦ
2026 5764 2240 5828 αἰῶνος.
2290 5784 2306 5816 ι
2355 5766 2462 5819 Καὶ
2501 5764 2577 5834 τῷ
2617 5765 2759 5837 λόγῳ
2796 5764 3002 5836 Κυρίου
3041 5763 3162 5824 τοὺς
3210 5762 3471 5830 οὐρανοὺς
3506 5764 3655 5820 ἐττει
