4066 6446
368 335 435 396 57
1426 328 1708 391 DlALOG
1720 326 1817 388 US
1855 321 2163 385 CONTRA
2206 318 2603 382 IMERESES.
3580 305 3652 370 58

372 450 608 526 ρεῶσοαι
665 448 955 519 μαρτυρεῖ,
1000 447 1098 515 ιι
1173 445 1266 498 καὶ
1338 443 1435 514 τὴν
1491 443 1721 512 δύναμιν
1792 438 1973 492 αὐτῶν

2079 428 2217 488 εἶναι
2280 433 2361 502 τῷ
2453 430 2726 501 πνεύματι
2804 424 2899 481 τοῦ
2984 424 3253 493 στόματος
3337 418 3524 476 αὐτοῦ.
3586 422 3654 474 Ὃ

376 510 598 615 ίξνεῦμα
643 510 1220 612 ξυγκοινίσθῆναι-τοῖς
1273 510 1530 605 ὲγκᾶτοις
1574 510 1743 589 αῦτοῦ
1779 528 2053 595 δυσωπεῖ,
2086 530 2185 583 καὶ
2233 527 2310 597 μὴ
2342 522 2768 615 όιπολειιγιθῆναιΔ
2808 517 3026 615 τούτου.
3094 514 3242 615 Καὶ.
3284 510 3490 615 σαιρῷς⁸
3523 512 3651 615 ,τὸν

368 603 626 693 szv'xal.
650 603 872 705 ῐίατέρα
902 603 1169 706 κῆρύσσει
1202 603 1410 699 σὺνντῷ
1444 629 1604 697 Λόγῳ
1670 625 1765 680 καὶ
1831 620 2139 690 Πνεύματι.
2213 619 2325 673 Καὶ
2373 616 2485 672 πᾶς
2520 615 2578 669 δὲ
2642 611 2812 681 ὁτῶν
2847 605 3072 662 δικαίων
3123 603 3285 675 χορὸς
3325 605 3421 657 τὸν
3462 603 3644 672 Λόγον

366 733 462 787 τοῦ
495 733 629 787 Θεοῦ
659 730 756 787 καὶ
788 733 848 786 τὸ
888 729 1114 799 Πνεῦμα
1140 726 1414 797 ἀριόἠλως
1454 723 1729 779 διδάσκει.

1003 847 1258 901 ΚΕΦΑΛ.
1312 846 1372 899 l'.

371 949 511 1018 Περὶ
562 945 670 1001 τοῦ
720 943 1096 1018 μονογενοῦς
1162 942 1301 1018 Υἱ-οῦ
1340 940 1449 994 τοῦ
1491 938 1644 994 Θεοῦ
1683 936 1782 991 καὶ
1837 930 1947 989 τοῦ

881 1015 1055 1086 ἁγίου
1077 1014 1446 1081 Πνεύματος.

437 1110 501 1164 ΕΞ
540 1108 642 1179 μὲν
674 1126 767 1162 ουν
810 1108 932 1170 ταῖς
986 1104 1160 1163 θείαις
1195 1091 1441 1172 Γραφαὶξ
1491 1100 1521 1153 6
1565 1097 1945 1167 ἀντικείμενος

368 1204 583 1268 ἕπεται,
618 1203 683 1255 ἐκ
716 1202 924 1253 τούτων
956 1199 1052 1251 καὶ
1084 1195 1196 1250 τῶν
1244 1194 1449 1265 ὁμοίων
1480 1192 1578 1246 τοῦ
1614 1190 1947 1260 φιλονεικεῖν
2019 1236 2035 1248 ,

372 1296 641 1347 παύσεται
661 1308 677 1324 ⁶
708 1292 923 1364 πλήρης
946 1291 1053 1359 γὰρ
1084 1288 1291 1343 τούτων
1323 1286 1507 1357 ή-Θεία
1544 1284 1739 1354 Γραφή
1764 1299 1777 1312 ·
1808 1281 1857 1334 εἰ
1902 1278 1948 1332 δ’

369 1382 489 1451 οὖν,
515 1390 610 1440 καὶ
653 1386 761 1439 ἀπὸ
793 1384 894 1453 τῆς
930 1384 1164 1445 κτίσεως
1194 1382 1366 1451 αὐτῆς
1393 1382 1490 1434 καὶ
1516 1380 1618 1448 τῆς
1670 1374 1949 1447 ἁνθρωπί·

368 1497 464 1546 vn:
486 1477 699 1546 φύσεως
732 1474 1093 1543 ἐπιγνώσεται
1124 1474 1225 1543 τὴν
1272 1473 1555 1543 ἀλήθειαν.
1593 1473 1657 1525 Ei
1698 1471 1809 1541 γὰρ
1856 1468 1951 1539 61]-

375 1569 635 1638 μεουργὸς
664 1569 771 1623 τῶν
814 1568 950 1622 ὅλων
998 1568 1115 1621 ἐστὶ
1173 1568 1327 1633 Θεὸς,
1363 1565 1509 1620 διατί
1567 1565 1675 1634 ἄρα
1706 1564 1775 1617 τὰ
1829 1561 1950 1616 κτί-

372 1677 551 1725 σματσ
576 1659 800 1726 γέγονε;
836 1658 976 1712 διατί
1008 1653 1103 1711 οὖν
1132 1675 1146 1720 ;
1191 1658 1314 1712 Ἵνα
1339 1657 1475 1710 Θεοῦ
1505 1653 1779 1726 ἀπολαύῃ.
1810 1653 1949 1707 Τίνα

370 1754 424 1803 is
456 1751 591 1804 Θεοῦ
640 1751 929 1815 ἀπολαύει,
963 1752 1057 1804 καὶ
1094 1752 1338 1821 δύναμιν
1381 1750 1497 1819 ἔχει
1534 1749 1667 1801 Θεὸν
1700 1746 1947 1814 είδὲναις

371 1843 455 1892 Τὰ
488 1842 645 1908 λόγον
669 1841 881 1911 ἔχοντα.
911 1842 1009 1895 Διὰ
1046 1840 1142 1895 τοῦ
1173 1842 1335 1909 λόγου
1371 1842 1479 1911 γὰρ
1526 1843 1560 1911 ὴ
1616 1839 1844 1909 γνῶσις.
1884 1838 1949 1893 Ei

369 1931 461 1985 οὖν
489 1935 573 1987 διὰ
601 1935 709 1987 τῶν
737 1935 971 2001 λογικῶν
1006 1938 1039 2005 ἡ
1101 1934 1328 2003 γνῶσις,
1370 1935 1531 2002 λόγος
1582 1936 1691 2003 ἄρα
1747 1932 1950 2002 μᾶλλον

370 2031 425 2079 ἓν
450 2029 528 2097 τῷ
577 2027 716 2097 Θεῷ.
753 2028 863 2082 Καὶ
890 2029 937 2080 εἰ
965 2028 1051 2081 διὰ
1102 2029 1170 2082 τὰ
1224 2026 1419 2094 λογικὰ
1449 2030 1477 2081 ό
1507 2026 1794 2096 ὁρώμενος
1852 2023 1948 2077 κό-

369 2139 526 2189 σμος,
553 2122 641 2174 διὰ
670 2122 760 2175 τὸν
786 2122 957 2191 Λόγον
981 2123 1090 2190 ἄρα
1117 2124 1213 2176 καὶ
1247 2122 1333 2175 διὰ
1364 2121 1458 2175 τοῦ
1482 2122 1659 2190 Λόγου
1684 2121 1717 2190 ἡ
1745 2119 1948 2183 κτίσιςο

371 2216 466 2267 καὶ
496 2217 693 2286 μᾶλλον
720 2218 748 2269 6
777 2219 951 2284 Λόγος
984 2218 1138 2270 ἔσται
1166 2219 1224 2270 ὲν
1263 2216 1343 2285 τῷ
1374 2214 1495 2287 Θεῷ
1516 2232 1529 2245 ·
1568 2216 1664 2268 καὶ
1695 2213 1862 2267 αὐτὸν
1883 2207 1952 2283 ἦν

371 2311 591 2381 θεωρῶν
633 2310 661 2362 6
696 2311 886 2379 Πατὴρ
932 2310 1039 2380 πρὸ
1074 2309 1170 2363 τοῦ
1208 2309 1470 2377 γενέσθαι
1509 2309 1576 2362 τὰ
1628 2308 1810 2362 πάντα
1870 2308 1949 2370 ὡς

366 2404 550 2457 εἰκόνα
575 2404 755 2468 ζῶσαν
784 2403 975 2468 αὑτοῦ,
1022 2406 1118 2457 καὶ
1168 2404 1499 2475 χαρακτῆρα
1532 2404 1814 2474 ἀκίνητον,
1856 2418 1950 2455 σο-

368 2499 499 2563 φίαν
552 2514 610 2550 τε
642 2499 735 2551 καλ⁵
778 2496 1142 2567 ἀπαύγασμα,
1185 2499 1281 2551 καὶ
1338 2498 1514 2565 Λόγον
1544 2497 1643 2550 καὶ
1691 2496 1946 2566 δύναμιν,

366 2592 464 2643 καὶ
496 2588 784 2659 ἀγαπητὸν
835 2590 986 2654 Υίὸν,
1021 2592 1116 2644 καὶ
1149 2591 1211 2642 τὸ
1265 2592 1536 2657 πανάγιον
1586 2586 1835 2658 Πνεῦμα,
1874 2588 1949 2651 ὡς

368 2682 663 2753 ἁγιασμὸν,
694 2681 772 2745 ὡς
803 2684 988 2753 πηγὴν
1018 2683 1264 2754 ἀγάπης,
1298 2683 1373 2745 ώς
1403 2682 1552 2753 ζωὴν
1582 2684 1644 2735 ἐκ
1669 2681 1840 2752 ζωῆς,
1870 2682 1949 2744 ὡς

368 2774 658 2838 ζωοποιὸν,
682 2775 758 2836 ώς
782 2774 1067 2846 θησαυρὸν
1095 2777 1457 2847 ἁγαθὸτητος.
1482 2779 1596 2833 Καὶ
1620 2775 1948 2833 τοῦτόὲστιν

367 2870 506 2938 ὅπερ
536 2868 564 2920 6
600 2868 860 2938 Θεολόγος
899 2870 1069 2940 φησὶν
1105 2871 1436 2940 Γρηγόριος,
1464 2871 1525 2925 τὸ
1572 2872 1665 2926 τὸν
1695 2871 1832 2926 Θεὸν
1861 2888 1949 2925 κι-

368 2960 579 3015 νεῖσθαι
609 2964 673 3032 τῇ
708 2962 903 3016 ἑαυτοῦ
937 2962 1166 3033 θεωρίᾳ.
1220 2965 1326 3017 Καὶ
1359 2965 1407 3016 εί
1432 2965 1500 3018 τὰ
1546 2964 1824 3033 κτίσματα
1862 2965 1950 3020 λό-

368 3070 469 3117 γου
502 3054 744 3124 μετέχει,
780 3054 868 3107 ἴνα
904 3055 1152 3126 γινώσκῃ
1185 3054 1343 3121 Θεδν,
1378 3055 1561 3126 πολλῴ
1608 3057 1814 3127 μᾶλλον
1845 3057 1951 3111 Λό-

365 3163 463 3209 γος
489 3145 642 3200 ἔσται
691 3149 748 3201 ὲν
781 3149 859 3217 τῷ
890 3148 1030 3219 Θεῷ,
1071 3151 1130 3202 ὲν
1156 3142 1200 3217 ᾧ
1237 3152 1334 3202 καὶ
1380 3150 1447 3203 δι’
1480 3144 1540 3205 οὗ
1570 3154 1664 3205 καὶ
1719 3152 1828 3224 πρὸ
1854 3151 1947 3207 τοῦ

365 3238 621 3305 γενέσθαι
651 3242 718 3293 τὰ
749 3241 930 3295 πάντα
986 3239 1118 3297 οῐδε.
1157 3245 1267 3296 Καὶ
1293 3245 1338 3297 εἶ
1379 3246 1522 3297 κατὰ
1551 3244 1709 3313 λόγον
1740 3246 1772 3315 ἡ
1826 3244 1948 3298 κτί-

370 3352 455 3396 σις
484 3335 727 3401 γέγονεν,
757 3336 789 3404 ἠ
823 3336 922 3404 μιν
944 3335 1160 3405 λογικὴ,
1199 3337 1232 3405 ἡ
1262 3336 1321 3389 δὲ
1373 3339 1455 3402 εἰς
1489 3338 1802 3407 ὑπηρεσίαν
1839 3337 1949 3392 τῶν

366 3431 623 3497 λογικῶν,
650 3430 758 3502 ἄρα
782 3432 877 3484 καὶ
912 3432 1084 3501 Λόγος
1130 3434 1189 3483 ἐν
1215 3432 1292 3500 τῷ
1326 3432 1464 3502 Θεῷ.
1505 3434 1613 3486 Καὶ
1678 3434 1727 3486 εἰ
1761 3432 1828 3486 τὰ
1859 3433 1950 3485 λο-

368 3524 502 3590 γικὰ
535 3526 647 3576 νοεῖ
674 3525 769 3577 καὶ
800 3525 857 3575 τὸ
874 3524 1227 3589 αὐτεξούσιον
1256 3524 1368 3593 ἔχει
1402 3527 1497 3579 καὶ
1530 3526 1616 3578 ἀεὶ
1648 3524 1739 3595 ζῇ,
1764 3523 1948 3596 πολλῷ

371 3635 433 3681 γε
470 3617 672 3683 μᾶλλον
710 3619 737 3669 6
768 3617 943 3671 ταῦτα
997 3621 1235 3687 ποιήσας
1288 3618 1486 3687 λογικὰ
1520 3617 1679 3686 λόγον
1712 3617 1825 3687 ἔχει
1861 3618 1948 3672 ἀεὶ

369 3713 424 3759 ὲν
455 3710 659 3778 ἑαυτῷ·
727 3710 929 3777 μᾶλλον
976 3710 1031 3763 δὲ
1082 3710 1171 3763 διὰ
1206 3710 1365 3764 τοῦτο
1402 3712 1500 3763 καὶ
1540 3711 1820 3781 κτίσματα
1860 3712 1949 3762 λο-

378 3805 525 3868 γικὰ,
551 3803 633 3856 ὅτι
658 3803 819 3871 λόγον
849 3803 961 3872 ἔχει
991 3803 1147 3867 Θεός.
1170 3803 1283 3855 Kal.
1310 3804 1453 3857 αὐτὰ
1482 3804 1541 3857 δὲ
1573 3804 1642 3857 τὰ
1677 3803 1751 3875 μὴ
1783 3803 1946 3873 λόγου

376 3898 665 3967 μετέχοντα
695 3896 837 3949 κατὰ
876 3895 1037 3964 λόγον
1070 3898 1178 3949 εἰσὶ
1213 3897 1531 3963 συνεστῶτα
1578 3898 1675 3951 καὶ
1714 3897 1948 3967 μένοντα

369 3991 463 4040 καὶ
494 3988 791 4057 κινούμενα
817 4005 829 4019 ⁸
865 3988 948 4043 δτι
980 3989 1140 4056 λόγον
1174 3991 1288 4061 ἔχει
1314 3991 1470 4057 Θεός,
1513 3982 1677 4044 Ἀλλὰ
1710 3990 1947 4063 διάφορα

372 4082 469 4147 μὲν
504 4083 571 4132 τὰ
594 4082 895 4152 κτίσματα,
931 4084 1048 4151 ἐρεῖ
1079 4101 1188 4147 τις,
1217 4088 1308 4138 καὶ
1342 4083 1605 4155 διάφορος
1648 4086 1701 4139 δὲ
1731 4088 1758 4139 6
1788 4084 1949 4154 λόγος

335 4176 583 4241 -οὐτῶν;
625 4176 937 4229 Ἀκουσάτω
976 4170 1154 4241 οὗτος,
1182 4178 1264 4231 ὅτι
1304 4178 1476 4233 πολλὰ
1510 4178 1684 4234 ταῦτα
1722 4178 1797 4242 ώς
1829 4179 1947 4232 κτίο

371 4287 557 4337 σματα
588 4271 681 4323 καὶ
739 4269 1024 4341 ἀρξάμενα
1056 4272 1152 4325 καὶ
1204 4272 1441 4342 διάφορα
1475 4276 1540 4344 τῇ
1602 4272 1799 4343 γνώμῃ
1856 4275 1949 4326 καὶ

368 4361 553 4427 φύσει,
583 4362 677 4415 καὶ
701 4363 765 4415 ὲκ
803 4363 877 4432 μὴ
899 4360 1103 4413 ὄντων·
1162 4363 1243 4415 διὸ
1280 4364 1377 4415 καὶ
1434 4365 1808 4416 ἀνυπόστατον
1855 4366 1949 4416 καὶ

368 4453 614 4507 ποικίλον
648 4456 738 4507 τὸν
769 4455 930 4522 λόγον
963 4455 1056 4506 καὶ
1076 4455 1177 4507 οῦκ
1202 4455 1575 4508 ὲνυπόστατον
1607 4454 1741 4525 ἔχει.
1792 4453 1950 4508 Ἐπεὶ

272 4616 277 4619 μ
364 4548 419 4600 δὲ
446 4547 553 4611 ζῶν
590 4549 686 4602 καὶ
717 4545 795 4611 εἷς
833 4551 969 4614 Θεῖς
1004 4551 1029 4603 6
1057 4548 1271 4617 Πατὴρ,
1306 4548 1404 4601 καὶ
1435 4549 1524 4601 ἀεὶ
1557 4547 1656 4613 ὢν,
1722 4550 1819 4601 καλ⁵
1868 4543 1950 4611 εἷς

364 4643 393 4694 6
425 4641 595 4706 Λόγος
620 4642 768 4695 ἐστὶν
795 4640 989 4706 αὐτοῦ,
1021 4645 1117 4699 καὶ
1150 4641 1257 4705 ζῶν
1291 4642 1364 4699 ὡς
1398 4641 1493 4693 καὶ
1523 4642 1550 4694 6
1600 4639 1816 4712 Πατὴρ,
1855 4643 1950 4693 καὶ

367 4737 454 4786 ἀεὶ
494 4733 589 4798 ὢν,
626 4735 700 4797 ώς
734 4737 761 4788 6
785 4736 975 4803 Πατὴρ
1012 4733 1108 4800 ὢν,
1138 4735 1236 4787 καὶ
1288 4734 1520 4800 τέλειος,
1572 4733 1696 4787 ἐπεὶ
1734 4738 1829 4787 καὶ
1862 4734 1951 4788 τέ·

365 4829 512 4890 isto;
542 4828 570 4879 6
601 4822 793 4898 Πατήρ
816 4846 828 4858 ·
863 4829 942 4881 διὸ
975 4831 1070 4882 καὶ
1110 4830 1172 4880 οὐ
1227 4828 1379 4896 λόγοι
1431 4829 1643 4896 πολλοὶ,
1679 4830 1790 4882 οὐδ’
1821 4831 1949 4883 dw-

373 4920 637 4974 πόστατοι
665 4922 722 4972 ὲν
746 4919 886 4989 Θεῷ,
910 4920 996 4973 ἵνα
1024 4919 1100 4991 μὴ
1129 4922 1329 4991 ἀτελὴς
1363 4923 1560 4993 φανείη
1590 4924 1681 4977 καὶ
1708 4921 1949 4977 ἅλλοιού-
1982 4918 2029 4981 D

370 5031 555 5083 μενος,
583 5016 677 5067 καὶ
703 5014 836 5085 προς
869 5013 1027 5080 λόγον
1072 5015 1412 5086 ὑψηλότερον
1457 5017 1820 5083 ἀναγόμενος,
1857 5017 1951 5068 καὶ

363 5106 807 5177 προσλαμϐάνων
838 5108 1053 5175 σοφίαν·
1086 5109 1223 5162 ἀλλὰ
1254 5110 1350 5178 μία
1380 5111 1476 5161 καὶ
1502 5110 1686 5163 τελεία
1720 5110 1816 5162 καὶ
1868 5112 1952 5163 ἐν·

365 5201 673 5263 υπόστατος
737 5204 831 5255 καὶ
889 5202 1039 5265 ζῶσα
1097 5204 1194 5255 καὶ
1246 5203 1519 5273 συκιιαῖδιος
1569 5205 1731 5269 σοφία
1783 5207 1841 5257 ὲν
1871 5203 1950 5275 τῷ

368 5293 555 5364 Θεῷ,ὁ
587 5295 884 5366 μονογενὴς
921 5296 1086 5349 αὐτοῦ
1118 5298 1311 5363 Λόγος,
1342 5294 1466 5365 ὲνῷ
1499 5298 1699 5362 πάντες
1731 5299 1780 5350 οἱ
1798 5298 1948 5368 λόγοι

369 5388 475 5457 προ
524 5387 635 5440 τῶν
696 5388 910 5440 αἰώνων
967 5389 1096 5446 εἰσί.
1165 5390 1273 5441 Καὶ
1312 5390 1372 5442 τὸ
1422 5390 1720 5455 ζωοποιοῦν
1767 5391 1822 5443 δὲ
1878 5392 1947 5444 τὰ

368 5481 547 5533 πάντα
576 5481 801 5551 Πνεῦμα
833 5481 988 5550 ἅγιον
1029 5482 1089 5535 ἓν
1118 5484 1267 5535 ἐστιν
1316 5482 1375 5546 ἐξ
1415 5484 1533 5548 ἐνὸς
1581 5484 1677 5537 τοῦ
1727 5485 1947 5554 Πατρός

367 5576 472 5639 dei,
514 5577 607 5628 καὶ
661 5574 792 5641 ζῶν,
852 5578 946 5629 καὶ
994 5576 1320 5641 ζωοποιοῦν.
1392 5578 1501 5630 Καὶ
1562 5579 1619 5630 ὲν
1668 5577 1745 5646 τῷ
1809 5578 1951 5647 ἁγίῳ

369 5669 649 5738 Ιινεύματι
701 5670 896 5723 καὶτὰ
942 5669 1139 5739 λογικὰ
1210 5670 1372 5737 ζῶσι,
1412 5672 1509 5725 καὶ
1563 5672 1764 5740 μᾶλλόν
1812 5676 1951 5728 εἰσιν

366 5763 625 5816 ἁίιάνατω
658 5764 853 5832 ὅτιπερ
903 5763 1030 5816 οὐδὲ
1078 5763 1277 5831 λογικὰ
1309 5769 1481 5836 χωρὶς
1524 5766 1843 5837 ῐινεύματος
1870 5762 1949 5820 εἴ·

374 5873 461 5911 νει
491 5856 733 5912 δύναται.
766 5858 847 5911 'l'a't
892 5856 988 5927 μὲν
1028 5856 1120 5910 οῦν
1158 5857 1349 5926 λογικὰ
1378 5860 1556 5922 ζῶντά
1587 5865 1723 5915 εἰσιν
1758 5866 1820 5915 ἐκ
1850 5860 1942 5913 τοῦ

2694 826 2923 886 CAPUT
2960 824 3033 882 Χ.

2205 923 2285 980 De
2327 922 2475 978 Filio
2523 921 2626 977 Dei
2660 922 2931 992 unigenita
2989 930 3040 975 et
3072 928 3256 975 sancto
3285 917 3511 989 Spiritu.

2124 1076 2293 1145 Igitur
2329 1076 2373 1131 si
2405 1075 2759 1131 adversarius
2812 1076 3029 1132 divinas
3074 1082 3341 1145 sequatur
3400 1071 3646 1143 Scriptu-

2050 1184 2163 1232 ras,
2198 1184 2264 1225 ex
2291 1170 2453 1225 dictis
2500 1179 2554 1225 et
2588 1170 2862 1227 similibus
2896 1186 3092 1226 suasus
3116 1185 3147 1224 a
3208 1171 3353 1224 lucta
3393 1168 3649 1229 desistet,

2050 1277 2177 1317 nam
2214 1261 2499 1332 Scriptura
2523 1263 2703 1317 divina
2725 1262 2921 1317 talibus
2946 1261 3145 1316 referta
3171 1271 3257 1315 est
3291 1260 3651 1329 argumentis.

2052 1352 2294 1425 Insuper
2326 1369 2390 1409 ex
2446 1356 2563 1424 ipsa
2597 1356 2875 1411 creatione
2918 1356 3273 1423 humanaque
3302 1362 3500 1407 natura
3550 1367 3651 1405 co-

2051 1454 2281 1515 gnoscet
2338 1446 2647 1501 veritatem.
2697 1446 2911 1516 Quippe
2960 1446 3003 1501 si
3046 1446 3190 1501 Deus
3226 1453 3312 1499 est
3366 1444 3651 1498 universo—

2053 1550 2175 1590 rum
2211 1535 2486 1599 conditor,
2542 1552 2715 1606 quare
2762 1551 2893 1605 ergo
2951 1535 3107 1589 facta:
3160 1542 3291 1588 sunt
3349 1532 3653 1588 creaturae?

2053 1624 2277 1692 Quare?
2309 1625 2380 1680 Ut
2412 1628 2521 1681 Deo
2558 1627 2849 1692 fruantur;
2881 1625 2977 1681 sed
3042 1639 3290 1695 quanam
3329 1624 3436 1677 Deo
3461 1622 3649 1675 fruen-

2055 1726 2164 1782 tur,
2201 1726 2257 1773 et
2294 1725 2622 1788 potestatem
2671 1718 2952 1773 habebunt
2992 1716 3212 1772 videndi
3271 1715 3483 1770 Deum?
3543 1712 3649 1767 Illae

2053 1823 2177 1879 quae
2211 1812 2425 1866 ratione
2476 1823 2605 1865 sunt
2634 1810 2893 1880 praeditas.
2930 1809 3067 1864 Nam
3099 1824 3197 1877 per
3231 1809 3500 1863 rationem
3552 1823 3653 1859 eo-

2054 1899 2265 1971 gnitio;
2301 1900 2470 1970 igitur
2504 1901 2552 1956 si
2604 1915 2702 1970 per
2732 1900 3021 1955 facultates
3052 1898 3348 1954 rationales
3380 1898 3436 1952 tit
3470 1897 3656 1967 cogni-

2055 1991 2156 2058 tio,
2187 2000 2396 2062 quanto
2424 1992 2601 2063 magis
2628 1992 2770 2048 ratio
2796 2008 2889 2047 seu
2929 1991 3172 2047 Verbum
3212 1992 3265 2045 in
3302 1990 3414 2044 Deo
3437 1992 3557 2045 est!
3600 2001 3655 2044 et

2056 2078 2102 2133 si
2153 2078 2393 2135 mundus
2434 2079 2674 2135 visibilis
2725 2089 2948 2152 propter
3003 2080 3306 2137 rationales
3368 2088 3655 2135 creaturas

1984 2194 2027 2250 Β
2059 2168 2238 2225 factus
2279 2179 2382 2234 est,
2419 2170 2588 2242 igitur
2615 2181 2841 2243 propter
2877 2174 3143 2228 rationem
3173 2182 3229 2227 et
3258 2188 3353 2242 per
3385 2172 3651 2227 rationem

2057 2261 2291 2317 conditae
2317 2270 2446 2318 sunt
2476 2272 2780 2332 creaturae;
2823 2273 2878 2319 et
2933 2276 3141 2335 quanto
3171 2264 3345 2335 magis
3398 2262 3540 2317 ratio
3594 2261 3649 2315 in

2056 2353 2170 2409 Deo
2199 2363 2304 2422 est,
2329 2363 2385 2409 et
2407 2353 2555 2409 illam
2588 2344 3111 2426 contemplanserat
3131 2354 3294 2411 Pater
3326 2356 3648 2427 priusquam

2054 2444 2251 2499 ﬁerent
2302 2444 2512 2513 omnia,
2552 2455 2612 2501 ut
2640 2459 2798 2501 suam
2847 2446 3143 2517 imaginem
3198 2447 3404 2507 vivam.
3437 2457 3493 2502 et
3523 2447 3654 2503 cha-

2054 2543 2323 2591 racterem
2382 2534 2752 2601 iudelebilem,
2788 2535 3118 2606 sapientiam
3171 2546 3334 2606 atque
3397 2534 3654 2605 ﬁguram,

2053 2627 2288 2684 verbum
2317 2638 2373 2682 et
2396 2627 2658 2683 virtutem
2684 2637 2849 2698 atque
2884 2628 3144 2682 dilectum
3170 2627 3395 2693 Filium,
3432 2643 3649 2683 necnon

2057 2720 2320 2792 Spiritum
2359 2720 2771 2777 sanctissimum
2804 2730 2863 2775 ut
2896 2721 3276 2787 sanctitatem,
3319 2730 3382 2776 ut
3411 2721 3655 2776 cliarita-

2054 2815 2125 2872 tis
2151 2812 2376 2880 fontem,
2413 2813 2662 2868 utvitam
2721 2828 2785 2867 ex
2843 2814 2975 2879 vita,
3013 2821 3076 2868 ut
3134 2813 3528 2880 vivificantem,
3594 2822 3655 2868 ut

2056 2907 2376 2962 thesaurum
2409 2905 2693 2962 bonitatis.
2728 2903 2845 2961 Hoc
2874 2914 2959 2960 est
2997 2904 3141 2975 quod
3177 2904 3490 2975 Theologus
3518 2904 3658 2960 dixit

2056 2997 2359 3069 Gregorius
2399 3015 2415 3053 :
2478 2997 2623 3053 Deus
2651 3008 2904 3053 movetur
2938 3013 3037 3052 sua
3099 2998 3276 3068 ipsius
3310 2998 3652 3067 contempla-

2056 3090 2244 3159 tione;
2284 3090 2419 3147 etsi
2463 3101 2733 3147 creaturae
2771 3091 3007 3147 rationis
3065 3101 3196 3146 sunt
3252 3091 3550 3161 participes
3596 3101 3656 3146 ut

2055 3181 2226 3237 Deum
2258 3192 2615 3254 cognoscant,
2641 3193 2850 3254 quanto
2882 3185 3064 3254 potius
3092 3184 3232 3238 ratio
3261 3184 3368 3238 erit
3401 3183 3453 3238 in
3515 3183 3652 3251 Deo,

2053 3275 2107 3331 in
2148 3291 2256 3345 qua
2286 3284 2339 3331 et
2366 3292 2462 3346 per
2479 3292 2644 3347 quam
2667 3276 2838 3342 novit,
2868 3260 3191 3347 priusquam
3223 3277 3419 3331 tierent
3439 3275 3651 3331 omnia.

2054 3363 2191 3421 Etsi
2227 3375 2496 3420 creatura:
2545 3365 2845 3421 secundum
2908 3367 3176 3421 rationem
3230 3366 3464 3422 conditae
3501 3378 3650 3428 sunt,

2058 3455 2176 3511 aliar
2196 3456 2419 3527 quidem
2447 3457 2769 3521 rationales,
2792 3456 2913 3512 alia:
2937 3467 3117 3513 autem
3142 3474 3264 3527 quae
3286 3457 3652 3514 rationalibus
3690 3464 3703 3476 '

1977 3564 2023 3625 ε
2062 3550 2393 3617 inserviant,
2429 3566 2562 3620 ergo
2596 3550 2735 3606 ratio
2770 3550 2823 3604 in
2863 3551 2973 3607 Deo
3004 3561 3110 3607 est.
3149 3550 3304 3617 Quod
3336 3553 3379 3605 si
3416 3566 3500 3606 res
3563 3565 3652 3605 ra-

2057 3645 2204 3698 tione
2227 3644 2442 3699 donatae
2475 3645 2813 3713 cogitant,et
2842 3643 3099 3699 libertate
3116 3643 3385 3715 gaudent,
3418 3653 3473 3697 et
3500 3659 3649 3699 scm-

2053 3752 2152 3808 per
2182 3738 2395 3802 vivunt,
2430 3746 2639 3806 quanto
2689 3737 2862 3805 magis
2893 3738 2986 3807 qui
3020 3752 3116 3793 eas
3168 3736 3467 3791 rationales
3521 3736 3652 3791 fecit

2052 3828 2323 3881 rationem
2358 3842 2575 3897 semper
2612 3825 2776 3881 habet
2818 3828 2870 3879 in
2904 3828 3237 3895 semetipso!
3270 3841 3392 3891 seu,
3443 3834 3505 3880 ut
3538 3841 3654 3881 me-

2052 3918 2163 3974 lius
2194 3919 2397 3983 dicam,
2432 3927 2561 3972 sunt
2596 3926 2868 3974 creaturae
2896 3918 3186 3973 rationales
3211 3918 3337 3988 quia
3389 3916 3534 3973 Deus
3566 3932 3652 3971 ra-

2054 4010 2259 4065 tionem
2294 4008 2480 4076 habet,
2512 4008 2631 4063 aliae
2666 4023 2795 4063 vero
2827 4024 2949 4078 quae
2980 4022 3087 4061 non
3123 4018 3252 4062 sunt
3273 4008 3502 4063 rationis
3528 4022 3652 4078 par-

2054 4103 2269 4172 ticipes,
2331 4101 2633 4157 secundum
2690 4102 2957 4155 rationem
2988 4110 3265 4166 constant,
3328 4108 3653 4170 permanent
3718 4172 3719 4175 η

2056 4202 2222 4263 atque
2274 4202 2584 4258 moventur,
2619 4192 2878 4263 quoniam
2936 4193 3203 4247 rationem
3270 4193 3433 4247 liabet
3486 4192 3656 4259 Deus.~

2055 4288 2159 4345 Sed
2191 4288 2428 4343 fortasse
2457 4287 2601 4342 dicet
2636 4287 2837 4355 aliquis
2869 4287 3117 4343 diversas
3154 4302 3277 4341 esse
3345 4294 3657 4349 creaturas,

2053 4380 2441 4448 diversamque
2504 4393 2694 4433 earum
2780 4378 3074 4432 rationem.
3134 4375 3319 4431 Discat
3361 4376 3463 4431 iste
3517 4389 3661 4445 quo-.

2054 4471 2202 4526 niam
2235 4471 2319 4525 liae
2352 4486 2441 4526 res
2477 4470 2683 4534 multze,
2718 4482 2783 4523 eo
2808 4468 2929 4538 ipso
2962 4470 3108 4539 quod
3150 4470 3260 4523 sint
3287 4476 3551 4523 creaturae
3598 4476 3661 4531 et,

2057 4565 2367 4635 inceperint
2427 4579 2573 4629 esse,
2607 4575 2660 4618 et
2724 4563 2955 4618 diversae
3019 4564 3131 4619 sint
3196 4572 3305 4616 tam
3380 4559 3665 4616 sententia

2055 4675 2219 4731 quam
2245 4667 2462 4723 natura,
2508 4673 2721 4713 necnon
2755 4673 2786 4713 e
2814 4657 2985 4713 nihilo
3018 4656 3221 4713 fuerint
3269 4656 3501 4722 eductae,
3531 4654 3668 4709 ideo.

2067 4751 2381 4806 instabilem
2441 4761 2498 4804 et
2555 4750 2829 4805 diversam
2866 4749 3160 4816 rationem,
3227 4749 3454 4803 minime
3520 4762 3655 4802 vero

2057 4842 2481 4900 substantialem
2516 4842 2740 4897 habent.
2774 4842 2844 4897 At
2871 4858 2999 4897 cum
3034 4858 3179 4898 unus
3212 4842 3281 4896 sit
3319 4842 3461 4896 Deus
3494 4841 3655 4901 vivus

2056 4940 2149 5009 qui
2186 4946 2240 4993 et
2272 4938 2433 4992 Pater
2467 4951 2686 5007 semper
2735 4936 2887 5002 vivit,
2917 4951 3087 4991 unum
3141 4950 3359 5006 quoque
3398 4940 3481 4989 est
3529 4931 3661 5002 ejuﬁ

2058 5032 2321 5098 Verbum,
2358 5046 2453 5087 seu
2484 5046 2592 5087 una
2613 5032 2775 5097 ratio,
2806 5031 2998 5085 vivens
3030 5028 3177 5084 sicut
3207 5036 3263 5083 et
3293 5025 3475 5091 Pater,
3502 5040 3655 5081 δοίη-υ,

2057 5140 2266 5196 perque
2314 5124 2529 5192 vivens,
2568 5128 2712 5181 sicut
2759 5125 2925 5179 Pater
2981 5121 3076 5194 qui
3137 5131 3245 5187 est,
3298 5127 3355 5175 et
3410 5117 3655 5189 perfecta

2057 5221 2186 5289 quia
2219 5218 2382 5272 Pater
2413 5217 2693 5289 perfectus
2717 5226 2835 5287 est;
2872 5216 2995 5273 ideo
3035 5232 3145 5273 non
3177 5214 3362 5271 multa:
3428 5222 3558 5269 sunt
3593 5212 3654 5271 in

2061 5311 2171 5365 Deo
2191 5310 2431 5367 rationes
2456 5326 2578 5382 qua:
2608 5326 2717 5366 non
2748 5310 2861 5367 sint
2892 5308 3307 5370 substantiales,
3366 5321 3435 5361 ne
3464 5303 3649 5362 vidca-

2058 5415 2153 5459 tur
2184 5403 2544 5473 imperfectus
2577 5413 2631 5461 et
2660 5404 2964 5471 mutabilis,
3027 5412 3082 5457 et
3139 5402 3209 5457 ad
3272 5399 3650 5474 sublimiorem

2059 5497 2328 5551 rationem
2385 5506 2633 5562 evectus,
2686 5496 3121 5568 sapientiamque
3186 5492 3495 5562 accipiens;
3548 5487 3649 5549 sed

2058 5602 2167 5641 una
2202 5597 2284 5641 est
2319 5588 2457 5642 ratio
2484 5586 2751 5657 perfecta,
2784 5594 2840 5642 et
2880 5586 3289 5650 substantialis,
3345 5592 3398 5637 et
3458 5582 3647 5635 vivens

2056 5690 2112 5735 ct
2164 5687 2440 5736 cozeterna
2494 5679 2763 5751 sapientia
2826 5680 2880 5735 in
2937 5678 3068 5744 Deo,
3118 5674 3455 5746 unigenitum
3527 5669 3648 5740 ejus

2056 5773 2321 5841 Verbum,
2368 5775 2423 5829 in
2455 5786 2567 5843 quo
2590 5787 2783 5830 omnes
2818 5770 3061 5828 rationes
3103 5778 3233 5826 sunt
3264 5777 3389 5821 ante
3419 5764 3649 5827 saecula.

2054 5866 2280 5939 insuper
2311 5866 2548 5941 Spiritus
2577 5874 2802 5922 sanctus
2851 5866 3037 5923 omnia
3070 5863 3353 5919 viviﬁcaris
3386 5874 3529 5915 unus
3560 5868 3646 5923 est
