4066 6448
398 332 468 396 59
1070 351 1079 359 ’
1253 333 1632 395 SYMEONIS
1667 283 2432 397 THESSALONICENSIS
2458 339 2826 401 ARCHIEP.
3579 339 3651 403 60

398 462 465 502 cx
492 460 600 502 uno
640 444 730 515 qui
760 459 978 517 semper
1005 455 1089 502 est
1124 445 1310 511 Patre,
1345 457 1401 502 et
1453 448 1643 503 vivens
1693 458 1751 503 et
1804 448 1967 503 viviti-

2087 449 2246 515 ἁγίου
2300 449 2441 503 Πνεύ
2449 469 2619 519 ματος
2641 470 2655 485 ’

399 552 536 591 cans
562 577 578 602 ,
610 545 663 590 et
693 537 748 590 in
785 536 988 604 Spiritu
1022 546 1212 591 sancto
1237 539 1404 591 vitam
1441 538 1645 591 habent
1700 546 1969 592 creaturae

400 628 776 693 rationabiles,
801 627 885 682 vel
939 631 1120 696 potius
1177 614 1660 695 immortalitatem,
1709 630 1967 698 quoniam

400 718 740 774 rationabilia
773 718 891 773 sine
933 716 1139 786 Spiritu
1185 734 1308 775 esse
1336 734 1444 773 non
1480 728 1751 788 possunt;
1827 718 1968 774 unde

399 826 484 863 res
519 809 730 863 ratione
760 808 997 878 praedita!
1022 814 1184 863 vitam
1215 810 1433 877 quidem
1452 810 1654 864 habent
1683 824 1746 865 ex
1780 821 1971 867 sancto

401 903 629 971 Spiritu,
663 904 931 956 rationem
964 917 1096 956 vero
1142 918 1209 958 ex
1240 901 1419 958 Verbo
1452 904 1665 957 vivente
1718 911 1773 956 et
1818 903 1970 955 exsi-

403 991 660 1045 Stentiam
693 1005 760 1044 ex
781 1005 846 1045 eo
876 991 965 1060 qui
1002 1000 1083 1044 rst
1109 991 1303 1057 Patre;
1344 1006 1531 1044 verum
1574 991 1967 1045 irrationabilia

400 1096 554 1135 exeo
582 1081 679 1151 qui
706 1096 919 1151 semper
963 1092 1046 1136 est
1096 1081 1252 1135 Patre
1288 1082 1491 1136 habent
1524 1081 1669 1150 quod
1722 1083 1854 1147 sint,
1900 1097 1968 1135 ex

401 1173 523 1226 vivo
558 1174 740 1227 Patris
770 1174 943 1227 Verbo
968 1174 1113 1242 quod
1144 1174 1254 1227 sint
1284 1174 1444 1227 modo
1487 1173 1684 1227 rationi
1734 1187 1970 1227 consen-

402 1273 582 1330 taneo,
642 1274 697 1317 et
770 1265 1040 1333 propriam
1101 1265 1330 1332 singqu
1389 1272 1642 1318 naturam
1706 1263 1967 1326 habeant,

400 1370 609 1409 necnon
658 1370 721 1408 ex
772 1357 986 1409 vivente
1037 1357 1331 1419 omniaque
1378 1356 1722 1409 cuadunante
1779 1366 1970 1408 sancto

399 1446 605 1516 Spiritu
632 1450 777 1517 quod
810 1456 1136 1503 moveantur
1165 1460 1218 1504 et
1255 1458 1634 1518 permaneant,
1666 1448 1970 1516 propriam-

398 1554 505 1608 que
538 1540 763 1608 singula:
791 1543 1047 1595 virtutem
1104 1549 1541 1611 consequantur.
1599 1539 1809 1591 Etenim
1838 1539 1968 1605 quid

399 1637 485 1683 est
511 1646 573 1685 ex
610 1632 865 1686 omnibus
899 1648 1021 1701 quze
1052 1635 1331 1688 exsistunt
1357 1633 1495 1700 quod
1535 1648 1639 1685 non
1671 1632 1735 1684 sit
1772 1644 1966 1684 secun-

398 1722 527 1776 dutn
580 1724 999 1780 rationem7vel
1033 1727 1164 1794 quid
1219 1736 1301 1781 est
1338 1726 1481 1795 quod
1548 1733 1749 1777 motum
1807 1737 1964 1776 suum

2711 452 2906 522 λογικὰ
2964 453 3020 507 δὲ
3066 456 3129 508 ὲκ
3177 452 3273 507 τοῦ
3330 452 3506 521 Λόγου
3552 452 3648 505 τοῦ

2078 539 2307 605 ζῶντος,
2333 544 2427 594 καὶ
2452 544 2579 597 ὄντα
2607 546 2670 597 ὲκ
2695 545 2788 598 τοῦ
2811 546 2967 610 ὄντος
3001 547 3237 618 Πατρό;.
3261 545 3461 600 Καὶ’τὰ
3480 545 3650 613 ἄλογα

2071 630 2128 681 δὲ
2167 630 2228 683 τὸ
2257 626 2399 686 εἶναι
2430 635 2494 686 ὲκ
2531 635 2627 689 τοῦ
2660 637 2748 688 ἀεὶ
2788 637 2944 700 ὄντος
2973 638 3089 709 ἔχει
3148 639 3382 709 Πατρὺς,
3417 640 3513 693 καὶ
3569 637 3648 709 τῷ

2070 722 2228 789 Λόγῳ
2256 723 2312 776 δὲ
2372 721 2533 788 εἶναι,
2565 729 2659 781 καὶ
2689 728 2834 782 οὕτω
2884 748 3000 793 πως
3030 731 3176 801 ἔχειν
3228 732 3464 785 ἕκαστον
3507 730 3650 784 κατὰ

2073 808 2237 879 φύσιν
2270 814 2332 866 ἐκ
2361 813 2453 865 τοῦ
2491 814 2694 879 ζῶντος
2714 818 2888 886 Λόγου
2920 817 3014 872 τοῦ
3056 819 3289 890 Πατρδς,
3348 820 3442 873 καὶ
3470 820 3529 872 τὸ
3561 836 3649 871 κι-

2072 902 2281 955 νεῖσθαι
2308 904 2365 957 δὲ
2394 907 2488 958 καὶ
2538 907 2723 974 μένειν
2753 912 2851 962 καὶ
2913 909 3145 977 δύναμιν
3177 909 3388 963 οἰκείαν
3454 907 3651 976 κεκτῆ-

2075 992 2199 1045 σθαι
2235 993 2468 1047 ἕκαστον
2499 998 2565 1049 ἐκ
2583 997 2676 1050 τοῦ
2710 999 2982 1064 ζωοῦντος
3007 1004 3103 1059 καὶ
3135 1002 3447 1073 συνέχοντος
3472 1006 3650 1067 πᾴντα

2077 1084 2237 1151 ἁγίου
2285 1086 2629 1155 Πνεύματος.
2684 1090 2750 1142 Τί
2799 1090 2909 1161 γὰρ
2933 1092 3042 1145 τῶν
3075 1092 3268 1159 όντων,
3301 1093 3330 1147 ὃ
3387 1095 3462 1165 μὴ
3508 1096 3649 1149 κατὰ

2073 1176 2229 1243 λόγον
2259 1177 2444 1241 ὲστίν;
2483 1180 2558 1232 Ἥ
2591 1180 2641 1232 τί
2665 1180 2693 1233 ὃ
2735 1184 2809 1250 μὴ
2849 1184 3065 1254 κίνησιν
3102 1186 3242 1239 ἰδίαν
3293 1186 3409 1256 ἔχει
3442 1189 3537 1241 καὶ
3560 1188 3651 1241 δύ-

2074 1286 2243 1336 ναμιν
2274 1288 2288 1334 ;
2320 1269 2542 1325 Πάντων
2563 1271 2618 1324 δὲ
2642 1273 2850 1339 τούτων
2881 1276 3054 1340 αἴτιος
3084 1279 3117 1348 ἠ
3158 1277 3353 1349 Τριὰς,
3385 1280 3487 1348 12
3513 1282 3541 1333 ό
3561 1281 3649 1333 ἀεὶ

2074 1358 2151 1409 ὢν
2183 1359 2277 1411 καὶ
2326 1360 2434 1423 ζῶν
2467 1361 2562 1415 καὶ
2596 1362 2775 1431 μένων
2816 1366 3028 1437 Πατήρ.
3068 1368 3181 1421 Καὶ
3218 1371 3247 1422 ό
3300 1371 3388 1423 ἀεὶ
3415 1369 3493 1423 ὣν
3547 1370 3647 1423 σὺν

2072 1448 2150 1517 τῷ
2182 1449 2359 1515 nam
2387 1452 2565 1519 Λόγος
2597 1455 2694 1507 καλ⁸
2731 1456 2856 1518 Υίδς
2896 1459 3154 1527 συμφυὴς
3185 1459 3280 1512 καὶ
3332 1461 3646 1529 ἀσώματος,

2074 1543 2134 1591 τὸ
2175 1542 2547 1609 ἀπαύγασμα,
2577 1546 2604 1597 ό
2633 1546 2945 1617 χαρακτὴρ,
2976 1550 3009 1618 ἠ
3044 1550 3206 1617 σοφία
3251 1550 3346 1603 καὶ
3391 1550 3648 1619 δύναμις.

2073 1633 2183 1685 Καὶ
2209 1633 2270 1685 τὸ
2304 1635 2368 1687 ὲκ
2400 1635 2536 1689 Θεοῦ
2572 1639 2667 1690 καὶ
2709 1640 2766 1689 ἐν
2796 1639 2873 1707 τῷ
2928 1640 3047 1709 Θεῷ
3080 1641 3347 1703 ζωοποιὸν
3400 1645 3647 1712 Πνεῦμα,

2075 1723 2257 1785 ἁῖδίως
2283 1723 2534 1793 ὑπάρχον
2561 1728 2618 1777 ἐν
2645 1727 2823 1797 αὐτῷ,
2861 1728 3162 1792 ζωοποιοῦν
3195 1747 3255 1783 τε
3293 1731 3386 1783 καὶ
3420 1730 3648 1799 συνέχον

401 1814 785 1883 propriamque
819 1796 1071 1870 virtutem
1126 1831 1234 1870 non
1285 1817 1530 1871 habeat?
1578 1816 1785 1868 Horum
1845 1827 1967 1866 veru

2080 1814 2148 1866 τὰ
2193 1814 2510 1884 σύμπαντα.

400 1910 780 1968 universorum
811 1930 998 1971 auctor
1024 1921 1109 1970 est
1161 1914 1423 1975 Trinitas,
1464 1914 1556 1982 qui
1597 1925 1833 1981 'semper
1883 1920 1983 1975 est,
2023 1910 2154 1962 vivit
2181 1921 2234 1965 et
2267 1921 2451 1965 manet
2474 1910 2653 1977 Pater,
2683 1923 2739 1968 et
2794 1913 3033 1971 Verbum
3078 1918 3220 1987 quod
3285 1933 3505 1989 semper
3559 1928 3643 1974 est

399 2023 523 2064 cum
553 2007 731 2071 Patre,
788 2009 957 2064 Filius
993 2008 1475 2064 consubstantialis
1513 2018 1566 2063 et
1625 2010 1997 2075 incorporeus,
2036 2004 2312 2072 spleualor.
2342 2006 2535 2076 figura,
2566 2009 2833 2077 sapientia
2863 2020 2916 2065 et
2965 2012 3137 2067 virtus
3161 2052 3177 2076 ,
3208 2021 3371 2083 atque
3412 2015 3651 2085 Spiritus

396 2120 462 2158 ex
494 2102 601 2158 Deo
634 2107 934 2173 procedens
964 2115 1018 2160 et
1069 2107 1121 2160 in
1163 2107 1270 2162 Deo
1300 2109 1600 2170 vivilicans,
1641 2106 1706 2160 ab
1733 2113 1937 2158 aeterno
1970 2100 2023 2153 in
2074 2116 2141 2155 eo
2178 2102 2384 2167 vivens,
2417 2103 2777 2170 universaque
2800 2105 3083 2162 viviﬁcans
3115 2117 3169 2162 et
3203 2110 3543 2168 coattunans.

468 2202 539 2256 At
575 2216 697 2255 cum
730 2216 794 2256 ex
834 2205 1091 2260 utnnihus
1132 2206 1253 2260 istis
1308 2205 1615 2259 visibilibus
1670 2205 1833 2257 homo
1891 2201 1963 2254 sit

397 2290 850 2357 pulcherrimum,
885 2294 951 2345 ait
997 2292 1286 2363 imaginem
1341 2294 1429 2347 Dei
1468 2302 1705 2357 creatus,
1743 2292 1811 2346 ab
1847 2291 1965 2361 ejus

397 2380 559 2434 etiam
578 2382 854 2437 creatione
893 2394 947 2438 et
973 2394 1167 2438 natura
1201 2384 1486 2441 Trinitatis
1520 2385 1810 2456 imaginem
1846 2400 1967 2454 per-

396 2473 699 2541 pendamus
720 2515 734 2539 ,
759 2490 884 2528 nam
911 2476 1022 2544 ipse
1050 2492 1393 2545 nequaquam
1431 2478 1608 2533 factus
1633 2487 1717 2533 est
1742 2488 1971 2547 prepter

398 2564 664 2618 mundum
701 2565 996 2632 visibilem,
1027 2583 1150 2621 eum
1205 2568 1308 2623 iste
1372 2570 1442 2624 sit
1494 2572 1723 2627 rationis
1775 2585 1967 2640 expers

399 2668 454 2709 et
486 2654 605 2724 ejus
654 2666 837 2711 motus
874 2658 1145 2727 perfectus
1207 2661 1475 2731 nobisque
1516 2664 1785 2729 cognitus,
1818 2664 1966 2733 'ipse

397 2750 579 2818 potius
610 2759 831 2819 propter
855 2749 1130 2807 hominem
1170 2755 1344 2810 fartus
1377 2764 1483 2821 est,
1513 2765 1571 2810 ut
1623 2766 1772 2811 motu
1820 2756 1967 2813 illius

397 2853 606 2898 constet
630 2844 864 2900 hominis
901 2862 1139 2915 corpus;
1171 2850 1351 2903 anima
1384 2842 1562 2902 autem
1597 2848 1761 2902 homo
1797 2847 1960 2916 spiri-

394 2935 578 2990 taliter
651 2948 935 3001 movetur,
1010 2948 1065 2992 et
1127 2940 1446 2993 Creatorem
1526 2941 1959 3009 contemplatur,

396 3025 689 3094 ipsumque
734 3041 845 3095 pra:
901 3029 1115 3082 caeteris
1146 3028 1211 3082 ad
1255 3028 1549 3098 imaginem
1590 3027 1679 3081 Dei
1713 3038 1955 3083 creatum

393 3130 514 3170 esse
549 3116 813 3186 scriptum
858 3124 963 3181 est,
998 3127 1161 3187 prout
1212 3118 1387 3172 sancti
1425 3119 1581 3173 multi
1612 3119 1679 3174 de
1744 3119 1843 3174 hac
1902 3134 1963 3175 re

392 3215 723 3273 senserunt;
781 3208 981 3262 etenim
1052 3208 1299 3263 invenies
1344 3208 1668 3265 Trinitatem
1730 3210 1801 3265 ab
1841 3210 1961 3280 ipso

392 3302 763 3355 testimonium
798 3302 1090 3371 accipiens,
1114 3304 1257 3359 sicut
1292 3306 1393 3362 hac
1424 3310 1588 3371 super
1636 3321 1694 3360 re
1728 3306 1796 3360 de
1840 3307 1963 3362 aliis

395 3394 560 3448 latius
590 3394 846 3449 diximus.
881 3392 1017 3448 Nam
1049 3406 1233 3451 mente
1282 3398 1463 3452 anima
1503 3408 1761 3452 aeternam
1812 3413 1965 3451 men-

392 3498 501 3541 tem
531 3497 760 3541 testatnr
788 3486 1025 3553 Patrem,
1057 3489 1265 3543 ratione
1301 3487 1531 3543 Verbum
1580 3497 1635 3543 et
1685 3488 1834 3543 vitali
1867 3503 1964 3557 po-

394 3578 566 3632 tentia
596 3577 860 3646 Spiritum
901 3580 1081 3633 omnia
1130 3579 1523 3635 vivilicantem.
1581 3581 1769 3649 Angeli
1830 3594 1964 3650 quo-

398 3684 530 3734 quo,
562 3684 686 3724 cum
715 3669 822 3724 sint
846 3669 1235 3739 intelligentiae.
1293 3680 1549 3725 aeternam
1582 3680 1813 3724 mentem
1867 3670 1967 3723 Pa-

392 3769 528 3816 trem
564 3761 1142 3831 supersubstantialem
1174 3763 1503 3832 praedicant;
1541 3778 1663 3816 cum
1712 3763 1821 3816 sint
1875 3777 1964 3816 ra-

397 3850 685 3906 tionabiles
739 3858 794 3906 et
866 3851 1167 3921 sapientes,
1235 3852 1473 3906 Verbum
1527 3863 1581 3906 et
1639 3851 1961 3922 sapientiam

397 3942 668 3999 viventem
730 3952 1153 4013 manentemque
1208 3944 1260 3998 in
1317 3959 1508 4013 magna
1556 3954 1742 3999 mente
1778 3944 1963 3999 decla-

393 4045 545 4102 rant;
575 4045 630 4089 et
667 4051 793 4090 cum
845 4035 951 4090 vita
988 4036 1283 4106 gaudeant,
1318 4036 1636 4104 donumque
1692 4035 1961 4089 lumintun

399 4128 652 4192 habeant,
685 4126 738 4180 in
763 4127 975 4181 vivente
1014 4115 1313 4192 sanctoque
1377 4125 1540 4180 Patre
1600 4126 1865 4180 viventem
1912 4134 1968 4179 et

394 4216 831 4271 sanetilicantem
885 4224 939 4270 et
987 4216 1255 4270 vivitleam
1323 4214 1733 4271 substantialem
1791 4217 1965 4270 virtu-

394 4315 504 4359 tem
538 4305 890 4361 manil‘estant
937 4305 1198 4375 Spiritum
1235 4315 1485 4360 sanctum
1543 4308 1634 4375 qui
1700 4316 1784 4361 est
1842 4305 1963 4360 fons
2012 4286 2028 4292 C

396 4396 853 4458 gratiarumeo
884 4407 1134 4452 creatura
1188 4400 1417 4474 ratio-uis
1463 4414 1688 4466 exspers
1740 4396 1963 4451 Creato-

2146 2198 2301 2250 Ἐπεὶ
2355 2199 2412 2251 δὲ
2469 2200 2562 2252 καὶ
2619 2199 2731 2251 τῶν
2792 2202 3088 2270 ὁρωμένων
3138 2208 3368 2259 τουτωνὶ
3419 2207 3482 2259 τὸ
3512 2208 3649 2262 κάλ-

2068 2286 2255 2342 λιστον
2311 2289 2600 2358 ἄνθρωπος
2624 2330 2639 2353 ,
2673 2292 2769 2344 καὶ
2831 2292 2952 2345 κατ’
2979 2294 3164 2349 είκόνα
3195 2292 3330 2349 Θεοῦ
3387 2299 3649 2363 κτισθείς,

2071 2382 2167 2434 καὶ
2208 2381 2315 2435 ἀπὸ
2348 2382 2447 2445 τῆς
2497 2383 2864 2453 δημιουργίας
2907 2382 3100 2438 τούτου
3145 2387 3238 2440 καὶ
3296 2389 3512 2456 φύσεως
3569 2394 3648 2443 ei-

2072 2474 2203 2533 κόνει
2263 2472 2365 2539 τῆς
2399 2471 2631 2543 Τριάδος
2682 2477 3138 2547 κατανοήσωμεν.
3169 2479 3306 2532 Οὐδὲ
3328 2482 3439 2549 γὰρ
3485 2482 3651 2546 αὐτὸς

2074 2561 2162 2615 διὰ
2186 2562 2277 2615 τὸν
2310 2562 2592 2633 ὁρώμενον
2619 2566 2848 2635 κόσμον,
2880 2569 3002 2621 imi
3027 2568 3223 2637 ἄλογος
3282 2569 3311 2623 ό
3341 2571 3645 2640 ὁρώμενος,

2075 2655 2168 2710 καὶ
2221 2659 2616 2729 πεπερασμένη
2668 2660 2862 2712 τούτου
2905 2660 3001 2716 καὶ
3064 2662 3385 2733 ἑγνωσμόνη
3444 2666 3580 2734 ἡμῖν
3613 2667 3647 2735 ἠ

2076 2746 2317 2816 κίνησις,
2383 2750 2480 2801 καὶ
2526 2749 2684 2813 οὗτος
2734 2749 2809 2805 δι’
2858 2750 3022 2805 αὐτὸν
3075 2752 3170 2806 τὸν
3203 2753 3495 2823 ἄνθρωπον
3530 2756 3646 2809 ἔστι

2074 2836 2303 2907 μᾶλλον,
2342 2838 2429 2891 ἵνα
2494 2840 2695 2911 συνέχῃ
2748 2841 2943 2895 τούτου
2995 2844 3062 2913 τῇ
3097 2844 3312 2913 κινήσει
3342 2844 3405 2897 τὸ
3464 2845 3645 2914 σῶμα.

2071 2925 2152 2997 Τῇ
2177 2928 2322 2999 ψυχῇ
2355 2928 2410 2982 δὲ
2459 2929 2750 3001 ἄνθρωπος
2787 2933 2992 3002 νοερῶς
3043 2937 3278 2988 κινεῖται
3325 2937 3419 2990 καὶ
3445 2936 3650 3007 θεωρεῖ

2070 3019 2164 3072 τὸν
2192 3019 2483 3087 κτίσαντα,
2514 3023 2612 3075 καὶ
2637 3022 2795 3087 αὐτὸς
2823 3024 2929 3093 πρὸ
2958 3024 3067 3080 τῶν
3097 3026 3276 3081 ἄλλων
3304 3029 3429 3082 κατ’
3456 3030 3644 3082 είκόνα

2070 3112 2383 3182 γέγραπται
2438 3113 2729 3185 κτισθῆναι
2773 3115 2935 3183 Θεοῦ,
2974 3116 3049 3179 ὡς
3104 3123 3200 3175 καὶ⁸
3264 3119 3478 3184 πολλοῖς
3534 3122 3644 3174 τῶν

2070 3204 2242 3271 ἁγίων
2266 3205 2396 3274 περὶ
2423 3204 2618 3259 τούτου
2642 3205 2971 3277 διείληπται.
3007 3209 3284 3280 Εὑρήσεις
3310 3211 3419 3280 γὰρ
3452 3214 3545 3266 καὶ
3584 3213 3643 3277 ἐξ

2066 3296 2232 3351 αὐτοῦ
2265 3299 2725 3371 μαρτυρουμένην
2753 3299 2851 3370 τὴν
2873 3301 3102 3369 Τριάδα,
3137 3302 3282 3356 καθὰ
3315 3304 3409 3356 καὶ
3456 3305 3515 3355 ὲν
3540 3304 3639 3357 ἆλ-

2065 3385 2176 3449 λοις
2208 3389 2338 3458 περὶ
2362 3387 2557 3443 τούτου
2591 3391 2726 3459 ἡμῖν
2755 3390 3092 3461 πλατύτερον
3117 3394 3358 3462 εἴρηται.
3390 3394 3457 3447 Ἦ
3490 3393 3638 3465 ψυχὴ

2066 3478 2179 3546 γὰρ
2207 3479 2284 3550 τῷ
2308 3481 2391 3533 νοῒ
2418 3479 2510 3535 τὸν
2539 3481 2779 3550 ἄναρχον
2803 3483 2929 3537 νοῦν
2958 3486 3251 3554 μαρτυρεῖ,
3285 3484 3375 3539 τὸν
3398 3487 3636 3555 Πατέρα,

2068 3569 2165 3622 καὶ
2193 3570 2271 3639 τῷ
2304 3569 2452 3640 λόγῳ
2502 3571 2595 3623 τὸν
2620 3573 2817 3640 Λόγον,
2858 3574 2953 3626 καὶ
2980 3577 3048 3644 τῇ
3089 3574 3293 3646 ζωτικῇ
3317 3576 3547 3645 δυνάμει
3573 3576 3635 3627 τὸ

2072 3659 2378 3723 ζωοποιοῦν
2407 3663 2589 3716 πάντα
2617 3662 2866 3734 Πνεῦμα.
2908 3666 3018 3719 Καὶ
3042 3665 3269 3735 ἄγγελοι
3297 3667 3353 3721 δὲ
3384 3668 3504 3730 νόες
3540 3668 3640 3738 μὲν

2066 3753 2224 3816 ὅντες
2253 3752 2397 3807 οὕτω
2460 3754 2799 3824 κηρύττουσι
2846 3758 2939 3810 τδν
2990 3756 3319 3829 προαιώνιον
3366 3758 3492 3813 νοῦν
3547 3760 3639 3812 τὸν

2069 3844 2298 3915 Πατέρα
2346 3848 2440 3898 τὸν
2474 3846 2803 3917 ὕπερούσιον
2825 3862 2840 3878 θ
2865 3847 3077 3916 λογικοὶ
3102 3849 3160 3902 δὲ
3197 3850 3351 3913 ὄντες
3411 3852 3505 3904 καὶ
3546 3868 3637 3905 σο-

2070 3938 2183 4004 φοὶ,
2223 3938 2314 3990 τὸν
2341 3938 2514 4004 Λόγον
2545 3938 2640 3991 καὶ
2669 3938 2766 4011 τὴν
2799 3941 3001 4011 σοφίαν
3028 3941 3130 4010 τὴν
3155 3940 3341 4005 ζῶσαν
3400 3943 3497 3996 καὶ
3545 3945 3640 4014 μέ-

2068 4047 2270 4084 νουσαν
2304 4032 2362 4083 ὲν
2401 4030 2480 4098 τῷ
2514 4032 2736 4101 μεγάλῳ
2770 4032 2873 4087 νοῖ.
2911 4032 3025 4087 ’Δεὶ
3050 4033 3108 4087 δὲ
3140 4032 3365 4097 ζῶντες,
3414 4035 3505 4087 καὶ
3530 4052 3641 4103 φω-

2068 4123 2356 4189 τισμάτων
2408 4122 2620 4192 δωρεὰς
2676 4123 2911 4192 ἔχοντες,
2962 4123 3063 4195 τὴν
3121 4126 3180 4178 ὲν
3219 4123 3298 4194 τῷ
3350 4124 3515 4189 ζῶντι
3546 4124 3642 4179 καὶ

2071 4212 2213 4281 ἁγίῳ
2252 4214 2424 4281 Πατρὶ
2480 4212 2666 4277 ζῶσαν
2711 4216 2804 4269 καὶ
2851 4214 3117 4280 ζωοποιδν
3163 4218 3261 4269 καὶ
3305 4217 3640 4285 ἁγιαστικὴν

2073 4305 2439 4358 ὲνυπόστατον
2462 4306 2715 4371 δύναμιν,
2749 4308 2809 4359 τὸ
2835 4307 3105 4376 πανάγιον
3136 4307 3383 4375 Πνεῦμα,
3433 4309 3571 4376 ὅπερ
3604 4310 3636 4376 ἡ

2073 4397 2229 4465 πηγὴ
2261 4395 2371 4449 τῶν
2424 4397 2782 4468 χαρισμάτων
2831 4398 3003 4452 ἐστίν.
3046 4397 3211 4452 Ἀλλὰ
3248 4400 3343 4452 καὶ
3385 4398 3642 4469 ήᾶλογος
3716 4434 3723 4439 -

396 4501 510 4540 rem
538 4496 766 4541 testatur
794 4503 953 4553 ;nam
987 4488 1115 4542 dum
1145 4488 1378 4543 viventia
1413 4504 1475 4542 ex
1512 4489 1819 4543 viventibus
1865 4504 1960 4557 ge-

2075 4489 2223 4541 πᾶσα
2253 4489 2431 4553 κτίσις
2471 4493 2741 4560 μαρτυρεῖ
2764 4490 2853 4542 τὸν
2885 4490 3263 4560 Δημιουργόν⁶
3294 4490 3353 4543 τὸ
3381 4492 3491 4559 γὰρ
3516 4506 3641 4557 γενο

398 4588 658 4632 uerantur
723 4588 776 4634 et
826 4589 1092 4647 generant
1139 4581 1239 4634 etsi
1305 4580 1452 4634 brevi
1515 4589 1778 4650 tempore,
1837 4579 1963 4633 dum

395 4684 620 4737 corpora
654 4685 719 4723 ex
754 4673 980 4726 materia
1015 4681 1069 4726 et
1098 4673 1384 4727 elementis
1411 4673 1608 4727 similia
1633 4688 1663 4728 e
1694 4672 1968 4727 similibus

397 4770 649 4815 constant
672 4773 722 4816 et
761 4763 972 4831 singula
996 4764 1457 4820 immortalitatem
1482 4774 1761 4834 appetunt,
1798 4763 1965 4817 Deum

396 4852 489 4921 qui
552 4852 712 4907 Pater
766 4864 850 4909 est
900 4864 955 4908 et
1014 4855 1252 4910 Verbum
1291 4857 1411 4912 sine
1461 4856 1648 4910 dolore
1700 4867 1968 4924 generans

400 4960 700 5000 necnon~ex
736 4948 855 5016 ipso
881 4949 1243 5004 viviﬁcantem
1300 4954 1665 5016 sanctumque
1697 4946 1963 5015 Spiritum

400 5036 713 5102 praedicant,
756 5038 1017 5108 illumque
1054 5051 1114 5095 ut
1143 5026 1484 5095 conditorem
1512 5054 1670 5093 suum
1702 5046 1969 5091 testantur

401 5135 661 5182 creatura
683 5143 893 5183 omnes.
937 5129 1028 5186 Sol
1065 5146 1195 5187 vero
1226 5146 1350 5185 eum
1415 5128 1730 5182 manifestat
1786 5128 1970 5181 radios

401 5218 697 5287 lumenque
731 5222 1008 5287 emittens,
1058 5230 1373 5276 monstrant
1414 5231 1467 5275 et
1509 5230 1655 5275 astra
1711 5219 1969 5273 ttniversa

405 5311 579 5375 ignem
612 5311 897 5366 vibrantia.
928 5313 1059 5368 Item
1084 5313 1151 5367 tle
1180 5313 1471 5367 arboribus
1514 5321 1569 5366 et
1619 5313 1821 5381 plantis
1853 5325 1973 5378 quae

404 5399 564 5454 liores
615 5401 933 5471 fructusque
995 5403 1323 5472 producunt.
1387 5401 1553 5455 Terra
1600 5410 1780 5455 autem
1837 5402 1967 5453 dum

404 5492 675 5547 sexcentis
742 5494 1042 5548 viventium
1106 5494 1412 5562 plantarum
1466 5493 1757 5562 generibus
1814 5492 1973 5544 luxu-

412 5583 535 5646 riat,
577 5592 631 5638 et
663 5601 772 5638 uno
804 5586 965 5639 verbo
992 5600 1182 5639 omnes
1213 5595 1480 5638 creaturae
1525 5585 1699 5639 solum
1753 5585 1973 5637 univer-

410 5689 595 5727 sorum
650 5675 816 5727 Deum
867 5675 918 5727 in
973 5673 1245 5727 Triuitate
1286 5672 1615 5741 glorilieant,
1668 5675 1970 5742 praesertim

418 5778 545 5819 vero
569 5779 629 5819 ex
668 5764 921 5838 omnibus
944 5780 1063 5834 qua:
1091 5764 1331 5833 perfecta
1365 5775 1567 5819 suntet
1617 5764 1976 5835 perﬁciuntur

2073 4584 2173 4654 νᾷν
2202 4586 2289 4636 καῖ
2319 4585 2618 4652 γεννᾶσθαι
2643 4584 2826 4650 ζῶντα
2867 4586 2928 4637 ἐκ
2958 4585 3199 4649 ζώντων,
3251 4587 3301 4638 εί
3346 4586 3441 4638 καὶ
3513 4586 3641 4653 ῥευ-

2076 4675 2239 4738 στῶς,
2270 4675 2357 4730 διὰ
2383 4675 2441 4729 τὸ
2473 4678 2536 4728 ὲκ
2567 4676 2664 4739 τῆς
2696 4675 2829 4743 ὕλης
2867 4678 2962 4729 καὶ
2994 4676 3104 4729 τῶν
3160 4674 3436 4745 στοιχείων
3493 4674 3641 4744 ἔχειν

2071 4767 2139 4820 τὰ
2178 4767 2427 4836 σώματα,
2468 4769 2562 4820 καὶ
2599 4768 2762 4835 ὃμοια
2791 4766 2851 4830 ἐξ
2884 4766 3113 4833 ὁμοίων,
3142 4765 3238 4820 καὶ
3292 4765 3391 4835 τὴν
3445 4765 3648 4819 ἀθανα-

2071 4856 2195 4910 σίαν
2226 4854 2459 4909 ἕκαστον
2517 4858 2724 4909 τούτων
2773 4854 3072 4924 ἐπιζητεῖν,
3115 4856 3206 4906 τὺν
3261 4853 3392 4908 ὄντα
3428 4853 3651 4921 Πατέρα

2070 4947 2227 5011 Θεὸν,
2256 4949 2351 5001 καὶ
2385 4944 2614 5010 ἀπαθῶς
2653 4947 2907 5000 τίκτοντα
2943 4946 3140 5014 Λόγον,
3175 4948 3269 4999 καὶ
3307 4947 3367 4999 τὸ
3393 4946 3449 5011 ἐξ
3477 4943 3644 4998 αὐτοῦ

2072 5040 2336 5104 ζωοποιδν
2371 5039 2467 5092 καὶ
2507 5040 2664 5105 ἆγεον
2727 5039 2953 5108 Πνεῦμα
2990 5037 3321 5108 κηρύττουσι
3344 5053 3359 5068 ’
3395 5038 3489 5090 καὶ
3520 5036 3645 5090 τοῦ·

2071 5145 2162 5181 τον
2194 5129 2268 5190 ὡς
2308 5129 2538 5196 κτίστην
2597 5128 2792 5188 ὲαυτίς
2830 5130 2861 5195 ἡ
2904 5126 3076 5188 κτίσις
3113 5125 3298 5179 ἅπασα
3359 5127 3645 5195 μαρτυρεῖ.

2074 5221 2186 5273 Καὶ
2212 5220 2362 5290 ἣλιος
2386 5220 2441 5271 δὲ
2462 5218 2623 5272 τοῦτο
2643 5218 2943 5283 δείκνυσιν,
2980 5218 3205 5281 ἀκτῖνας
3230 5218 3533 5286 ἐκπέμπων
3554 5220 3650 5270 καὶ

2074 5310 2210 5379 φῶς,
2236 5311 2329 5363 καὶ
2349 5311 2578 5379 ἀστέρες
2611 5309 2809 5371 πάντες
2831 5325 2845 5339 ·
2888 5308 3092 5376 ὁμοίως
3125 5324 3184 5360 τε
3238 5309 3334 5361 καὶ
3377 5309 3440 5361 τὸ
3499 5307 3635 5375 πῦρ.

2087 5401 2250 5455 Ἀλλὰ
2284 5401 2378 5453 καὶ
2423 5400 2491 5453 τὰ
2524 5400 2671 5468 φυτὰ
2713 5400 2809 5453 καὶ
2847 5399 3093 5470 βοτάναι,
3142 5399 3280 5470 ἄνθη
3338 5401 3649 5469 προάγοντα

2078 5492 2170 5545 καὶ
2202 5490 2471 5560 καρπούς.
2507 5492 2618 5543 Καὶ
2654 5490 2723 5559 γῆ
2760 5490 2837 5555 δὲ,
2899 5490 3071 5560 μυρία
3108 5489 3493 5558 βλαστάνουσα
3548 5505 3650 5555 φυ-

2078 5584 2185 5637 τῶν
2220 5583 2336 5653 εἴδη
2367 5583 2571 5643 ζῶντα.
2637 5583 2747 5634 Καὶ
2787 5582 2975 5637 ἁπλῶς
3026 5584 3175 5634 πᾶσα
3223 5582 3398 5643 κτίσις
3451 5580 3538 5631 τὸν
3593 5581 3651 5632 ἐν

2079 5674 2273 5743 Τριάδι
2311 5674 2472 5739 μόνον
2495 5674 2628 5725 Θεὸν
2665 5674 2772 5726 τῶν
2803 5673 2941 5726 ὅλων
2984 5672 3277 5739 δοξολογεϊ.
3325 5671 3651 5739 Ίίξαιρέτως

2080 5765 2134 5818 δὲ
2165 5767 2228 5819 ὲκ
2253 5764 2360 5818 τῶν
2412 5766 2810 5833 τελεσθέντων,
2847 5767 2938 5819 καὶ
2991 5767 3070 5818 ἔτι
3134 5764 3493 5833 τελουμένων,
3559 5759 3650 5812 καὶ
