4066 6490
387 300 458 366 63
1248 304 1630 366 SYMEUNIS
1656 301 2416 373 THESSALONICENSIS
2450 300 2812 364 ARCHIEP.

3601 291 3676 356 64

390 418 493 474 stri
534 416 693 473 ﬁdem
723 416 1002 473 exhibent.
1055 414 1182 472 Haec
1210 417 1355 472 enim
1382 425 1509 474 sunt
1551 416 1648 473 Dei
1699 419 1975 474 omnium-

2100 425 2255 478 ποιεῖν
2311 422 2425 484 τοῖς
2471 416 2718 489 μισοῦσι,
2780 410 2877 466 καὶ
2936 408 3076 483 ὑπὲρ
3126 406 3307 462 αὐτῶν
3373 404 3668 474 εῦκεσθαε.

393 524 504 582 que
530 508 743 563 Domini
786 507 1187 564 institutiones.
1216 508 1449 575 Quibus,
1479 519 1635 578 puto,
1668 519 1723 565 et
1775 511 1974 567 simili—

396 603 504 657 bus
531 601 758 671 impium
790 598 857 655 ad
888 597 1261 669 cognitionem
1292 599 1573 671 Evangelii
1601 601 1863 667 deduces,
1892 602 1976 657 in-

398 690 645 762 dnesque
667 693 735 747 ad
760 694 1097 749 noscendum
1123 695 1310 748 vivum
1359 694 1451 749 Dei
1484 693 1719 750 Verbum
1762 703 1817 749 et
1849 693 1973 764 Spi-

398 783 566 838 ritum
626 793 906 852 sanctum,
955 800 1170 841 necnon
1230 787 1297 841 ad
1360 785 1677 843 discendam
1719 785 1977 843 Ecclesiae

402 873 715 928 doctrinam
751 882 939 944 utpote
959 875 1203 929 divinam
1235 883 1289 930 et
1306 884 1573 929 sanctam.
1607 874 1685 929 Ex
1721 874 1809 929 his
1849 888 1976 929 sua-

400 964 556 1018 debis
586 965 651 1018 ad
687 964 952 1019 discenda
982 964 1380 1021 incarnationis
1411 967 1578 1021 unius
1625 981 1658 1020 e
1700 964 1976 1021 Trinitate

399 1069 673 1123 personae,
703 1054 798 1111 Dei
826 1055 991 1112 Verbi
1019 1056 1145 1113 Jesu
1168 1057 1375 1114 Christi
1418 1057 1699 1127 mysteria,
1729 1055 1832 1112 etsi
1862 1070 1972 1110 non

402 1147 587 1202 minus
616 1147 839 1203 dichile
877 1150 947 1204 sit
978 1150 1210 1205 suadere
1234 1150 1407 1203 virum
1435 1149 1525 1216 qui
1586 1149 1641 1203 in
1696 1148 1978 1217 impietate

401 1241 540 1294 vnit
560 1255 723 1309 quam
749 1248 962 1296 tentare
989 1251 1265 1295 mortuum
1283 1239 1638 1305 resuscitare,
1663 1249 1712 1294 et
1740 1239 1973 1294 stultum

400 1329 466 1383 ad
497 1329 909 1399 intelligentiam
939 1326 1234 1396 adducere,
1262 1331 1366 1388 nisi
1422 1332 1566 1386 Deus
1602 1346 1826 1386 manum
1856 1346 1980 1401 por-

398 1421 562 1490 rigat,
596 1420 928 1493 illorumque
979 1423 1311 1478 dementiam
1365 1423 1509 1478 velut
1558 1422 1753 1478 oculos
1784 1422 1915 1477 caeci
1948 1438 1976 1475 a

2075 515 2264 570 Ταῦτα
2289 513 2347 568 δὲ
2378 511 2477 566 καὶ
2501 510 2569 564 τὰ
2600 505 2833 562 τοιαῦτα
2857 504 2960 575 τὴν
2984 501 3239 574 οὕράνιον
3266 502 3361 555 καὶ
3391 501 3450 555 θε
3472 501 3561 555 ίαν
3577 501 3672 555 καὶ

2078 605 2254 676 ἀληθῆ
2313 608 2409 658 καὶ
2463 601 2633 671 μόνην
2667 598 2778 652 τῶν
2834 593 3189 666 Χριστιανῶν
3241 592 3406 663 ἡμῶν
3477 593 3664 645 πίστιν

2078 698 2415 768 παρίστησι·
2446 692 2586 747 Θεοῦ
2611 692 2720 761 γάρ
2744 688 2917 744 ταῦτα
2943 688 3037 743 καλ⁵
3068 686 3332 741 δεσπότου
3385 685 3496 739 τῶν
3518 687 3659 739 ὅλων

2077 787 2423 860 νομοθεσίαι.
2462 786 2559 839 Ἐκ
2585 784 2791 838 τούτων
2814 777 2971 852 οἶμαι
3006 779 3102 834 καὶ
3137 778 3250 831 τῶν
3287 777 3490 846 ὁμοίων
3523 778 3662 846 πρὸς

2076 881 2176 952 τὴν
2208 879 2306 935 τοῦ
2364 874 2703 945 Εὑαγγελίου
2743 871 2993 933 έλκύσεις
3051 869 3257 937 γνῶσιν
3314 868 3407 921 τὸν
3457 868 3660 936 ἀσεϐῆ,

2078 973 2173 1026 καὶ
2195 970 2409 1034 πείσεις
2437 968 2776 1037 κατανοῆσαι
2805 966 2896 1019 τὸν
2924 965 3019 1017 τοῦ
3050 961 3187 1016 Θεοῦ
3244 961 3422 1027 ζῶντα
3458 961 3661 1028 Λόγον,

2080 1069 2174 1123 καὶ
2196 1067 2259 1120 τὸ
2288 1064 2519 1133 Πνεῦμα
2551 1062 2615 1118 τὸ
2651 1061 2829 1128 ἅγιον,
2875 1058 2970 1113 καῖ
3021 1057 3123 1121 τὰς
3179 1056 3510 1126 παραδόσεις
3560 1053 3664 1117 τῆς

2091 1155 2546 1226 Ἐκκλησίας.ὠ;
2577 1152 2728 1215 θείας
2776 1151 2868 1205 καὶ
2938 1148 3103 1218 ἀγίας
3138 1148 3506 1215 καταμαθεῖν.
3563 1146 3666 1202 Ἐκ
3727 1211 3753 1238 ⁸.

2077 1248 2289 1302 τούτων
2311 1247 2368 1301 δὲ
2401 1246 2497 1300 καὶ
2529 1245 2597 1298 τά
2631 1247 2730 1315 τῆς
2773 1241 3252 1312 ὲνανθρωπήσεως
3280 1238 3373 1293 τοῦ
3416 1240 3535 1303 ένδς
3562 1238 3668 1305 τῆς

2080 1338 2317 1409 Τριάδος
2350 1336 2488 1391 Θεοῦ
2529 1336 2704 1403 Λόγου
2736 1332 2917 1402 Ἰησοῦ
2943 1331 3184 1403 Χριστοῦ
3226 1330 3435 1393 πείσεις
3467 1329 3667 1399 νοῆσαι

2086 1430 2385 1499 μυστήρια,
2413 1429 2461 1480 εί
2491 1426 2589 1482 καὶ
2620 1426 2859 1494 χαλεπὸν
2896 1424 2988 1477 τὸν
3010 1423 3225 1486 ἀσεϐῶς
3258 1422 3505 1490 ζήσαντα
3542 1438 3611 1473 πε
3625 1421 3668 1470 i-

398 1509 682 1566 uativitate
714 1510 1035 1582 adaperiat:
1071 1528 1195 1568 nam
1228 1511 1398 1568 Deum
1442 1527 1693 1579 noscere,
1725 1512 1817 1568 Dei
1840 1528 1980 1584 opus

2100 1524 2219 1589 law,
2255 1523 2333 1585 ὡς
2371 1521 2469 1574 καὶ
2509 1519 2707 1588 νεκρὸν
2778 1516 3021 1586 ὲγείρειν
3056 1513 3375 1586 πειρᾶσθαι,
3430 1512 3525 1564 καὶ
3576 1511 3671 1566 τὸν

399 1612 504 1667 est,
531 1611 587 1657 et
621 1605 923 1672 prmsertim
957 1605 1097 1661 velle
1143 1606 1376 1661 suadere
1405 1606 1687 1661 hominem
1730 1606 1822 1675 qui
1859 1620 1980 1661 car-

2100 1615 2346 1667 ίσύνετον
2381 1612 2462 1674 είς
2500 1608 2720 1663 σύνεσιν
2785 1608 3040 1676 ἀγαγεῖν,
3075 1607 3124 1659 εἰ
3187 1606 3262 1675 μὴ
3292 1604 3425 1667 Θεὸς
3455 1604 3669 1671 ὀρέξειε

402 1692 578 1745 nalem
610 1692 808 1748 habeat
838 1702 1100 1763 mentem,
1133 1704 1188 1751 et
1214 1697 1340 1767 quia
1378 1712 1542 1765 super
1572 1710 1789 1752 omnem
1830 1710 1982 1751 men-

2100 1707 2278 1775 χεῖρα,
2308 1703 2412 1757 καὶ
2440 1705 2540 1772 τὴν
2572 1702 2801 1755 ἐκείνων
2850 1701 3057 1761 ἄνοιαν,
3089 1698 3165 1762 ὡς
3196 1699 3322 1759 τοὺς
3348 1696 3674 1765 ὀφθαλμοὺς

404 1794 510 1853 tem
538 1799 813 1856 omneque
864 1787 1091 1842 verbum
1158 1787 1577 1857 intelligentium
1634 1797 1689 1843 et
1739 1791 1983 1846 rationa-

2100 1761 2286 1850 Emiht
2330 1761 2562 1864 γενετῖις
2622 1791 2823 1861 τυφλοῦ
2874 1790 3214 1855 διανοίξςιεν.
3263 1789 3420 1841 Ἐπεὶ
3482 1787 3674 1841 καὶτὸ

400 1877 590 1932 bilium
623 1881 869 1935 omnium
897 1890 1116 1938 creator
1153 1890 1238 1937 est
1272 1880 1536 1949 Trinitas,
1568 1891 1624 1939 et
1669 1882 1798 1954 quia
1860 1884 1981 1942 siue

2100 1883 2294 1952 γνῶναι
2321 1883 2456 1937 Θεὸν
2488 1883 2627 1936 Θεοῦ
2654 1883 2840 1952 ἔργον,
2883 1881 2979 1935 καὶ
3016 1880 3253 1951 μάλιστα
3282 1879 3344 1930 τὸ
3375 1878 3673 1945 ἄνθρωπον

399 1970 582 2025 divina
607 1972 780 2041 gratia
808 1984 1053 2029 creatura
1098 1975 1282 2043 nequit
1308 1973 1625 2031 Creatorem
1655 1974 1979 2046 intelligere.

2100 1976 2313 2031 πείθειν
2328 1975 2616 2046 βούλεσθαι
2646 1974 2773 2028 νοῦν
2827 1972 3029 2044 ἔχοντα
3093 1970 3360 2041 σαρκικόν
3385 1983 3401 1999 ⁸
3430 1968 3532 2021 καὶ
3588 1968 3674 2020 ὅτι

401 2068 542 2140 ὑπὲρ
570 2067 696 2125 νοῦν
756 2070 854 2123 καὶ
905 2068 1086 2138 λόγον,
1122 2072 1151 2124 δ
1199 2070 1314 2124 τῶν
1369 2072 1574 2141 νοερῶν
1613 2073 1709 2127 καὶ
1739 2072 1978 2141 λογικῶν
2007 2074 2103 2128 καὶ
2136 2074 2249 2129 τῶν
2283 2075 2543 2130 ἀπάντων
2574 2071 2908 2142 δημιουργὸς
2955 2069 2990 2138 ή
3016 2067 3188 2138 Τριάς
3241 2069 3357 2121 ἐστι
3383 2083 3398 2097 ·
3430 2065 3529 2120 καὶ
3589 2067 3675 2119 ὅτι

398 2169 571 2238 χωρὶς
592 2168 692 2236 τῆς
712 2152 807 2220 τοῦ
824 2164 961 2219 Θεοῦ
991 2166 1240 2237 χάριτος,
1270 2167 1333 2220 οὐ
1364 2166 1598 2238 δύναμις
1615 2168 1695 2241 τῷ
1714 2169 1978 2240 κτίσματι
2019 2172 2365 2238 κατανοῆσαι
2399 2169 2492 2225 τὸν
2513 2169 2763 2238 κτίστην.

470 2258 732 2314 Clericus.
762 2259 1012 2325 Abunde,
1066 2260 1305 2323 domine,
1345 2261 1533 2317 multis
1563 2262 1749 2318 verbis
1782 2262 1982 2319 doctri-

401 2366 528 2404 nam
559 2352 627 2403 de
651 2349 924 2405 Trinitate
966 2351 1128 2408 nobis
1153 2352 1433 2417 revelasti,
1474 2360 1529 2407 et
1583 2352 1818 2409 docuisti
1882 2368 1983 2410 nos

400 2440 517 2496 fere
539 2439 775 2496 suadere
803 2441 1002 2512 impios
1025 2442 1092 2497 de
1118 2439 1259 2496 Filio
1288 2441 1380 2498 Dei
1409 2442 1695 2512 unigenito
1720 2460 1814 2498 seu
1846 2444 1984 2499 Ver-

402 2532 495 2592 bo.
528 2546 594 2587 eo
636 2534 810 2601 magis
861 2549 971 2603 quo
1012 2533 1355 2604 Scripturam
1400 2536 1617 2606 aliaque
1658 2546 1980 2607 argumenta

403 2638 499 2692 per
528 2624 776 2693 exempla
807 2625 1128 2682 recordatus
1162 2640 1244 2693 es,
1272 2627 1587 2697 pariterque
1605 2642 1668 2682 ea
1692 2643 1817 2697 quae
1839 2629 1983 2683 divis

2165 2265 2486 2335 Κληρικός.
2527 2260 2892 2334 ’Λρκούντως,
2924 2260 3182 2324 δέσποτα,
3216 2257 3310 2311 καὶ
3331 2257 3421 2310 διὰ
3455 2258 3676 2312 πολλῶν

2089 2359 2224 2429 ήμῖν
2255 2355 2646 2427 τὴν’περὶ·τῆς
2681 2352 2845 2421 ἁγίας
2875 2351 3104 2421 Τριάδος
3129 2349 3498 2420 ἀπεκάλυψας
3532 2352 3676 2418 γνῶ-

2094 2468 2202 2514 σιν,
2245 2450 2340 2504 καὶ
2375 2449 2563 2501 πεῖσαι
2618 2444 2807 2516 σχεδὸν
2863 2444 2991 2506 τοὺς
3045 2442 3371 2504 ἀθετοῦντας
3426 2443 3524 2496 τὸν
3581 2442 3676 2496 τοῦ

2091 2543 2228 2597 Θεοῦ
2262 2541 2389 2595 Υίὸν
2407 2540 2498 2594 τὸν
2527 2538 2796 2608 μονογενῆ
2826 2537 2919 2590 καὶ
2948 2535 3039 2589 τὶν
3070 2535 3244 2603 Λόγον
3276 2534 3552 2602 ἐδίδαξας
3581 2536 3677 2588 καὶ

2091 2632 2295 2704 μᾶλλον
2326 2632 2410 2686 ὅτι
2443 2628 2738 2701 γραφικῶν
2773 2629 2871 2683 καὶ
2899 2626 3121 2681 ἐννοιῶν
3140 2628 3346 2691 ἐτέρων
3370 2626 3458 2679 διὰ
3489 2643 3679 2693 παρα-

402 2717 554 2769 nitus
577 2714 632 2769 in
662 2716 903 2771 Ecclesia
929 2717 1175 2787 perfecta
1204 2726 1355 2785 sunt,
1382 2718 1583 2788 quibus
1605 2721 1980 2775 necessarium

2100 2725 2403 2795 Βειγμάτων
2428 2721 2733 2794 ἐμνήσθης,
2757 2723 2852 2776 καὶ
2872 2720 2982 2773 τῶν
3009 2722 3066 2773 ἐν
3082 2722 3149 2790 τῇ
3179 2718 3487 2789 Ἐκκλησία
3514 2719 3678 2782 θείως

400 2815 486 2862 est
543 2821 737 2862 omnes
807 2808 1003 2863 atheos
1062 2808 1307 2879 aggredi.
1358 2808 1464 2863 Sed
1502 2824 1629 2863 cum
1691 2811 1862 2866 multa
1916 2811 1987 2866 sit

2100 2822 2175 2873 tva
2189 2819 2530 2889 ργουμένων,
2559 2815 2595 2870 ἀ
2629 2816 2724 2869 καὶ
2753 2815 2891 2882 πρὸς
2928 2814 3138 2875 πάντας
3164 2812 3361 2875 ἀθέους
3396 2811 3678 2881 ἀναγκαῖά

404 2899 688 2955 luereseon
720 2900 901 2965 turba,
934 2916 1167 2970 quarum
1197 2909 1511 2957 sectatores
1539 2917 1736 2957 omnes
1762 2904 1983 2972 quidem

2100 2914 2199 2965 ιίσι
2233 2909 2516 2978 λέγεσθαι.
2545 2907 2703 2960 Ἐπεὶ
2752 2906 2809 2960 δὲ
2846 2906 2943 2960 κοιλ⁸
2974 2903 3181 2974 πλῆθός
3221 2904 3338 2956 ἔστι
3369 2902 3513 2955 πολὺ
3564 2904 3675 2957 τῶν

406 2993 709 3049 Christiani
744 2993 1111 3063 appellantur,
1157 2993 1500 3049 multimodis
1548 3006 1731 3050 autem
1786 2996 1989 3051 distra-

2100 3006 2380 3075 ιίρέσεων,
2437 3000 2535 3056 καὶ
2572 2986 2898 3069 Χριστιανοὶ
2946 2996 3047 3066 μὲν
3079 2998 3282 3060 πάντες
3352 2994 3679 3060 καλοῦνται,

407 3084 617 3140 buntur
644 3084 1021 3154 opinionibus,
1054 3085 1186 3155 quid
1227 3084 1294 3139 de
1330 3085 1452 3139 istis
1483 3084 1791 3142 faciemus!
1845 3088 1987 3143 Sunt

2100 3094 2276 3162 δόξαις
2306 3094 2365 3148 δὲ
2407 3093 2722 3164 μερίζονται
2774 3090 3160 3161 πολυτρόποις,
3197 3089 3248 3141 τί
3298 3089 3364 3142 ἂν
3415 3091 3516 3143 καὶ
3553 3090 3683 3160 περὶ

407 3177 555 3233 enim
583 3192 651 3231 ex
674 3175 755 3231 eis
776 3177 873 3246 qui
896 3176 961 3232 ad
991 3175 1237 3246 singulas
1275 3175 1511 3232 haereses
1554 3179 1866 3244 pertinent,
1896 3180 1989 3249 qui

2100 3188 2300 3243 τούτων
2334 3191 2701 3257 ποιήσαιμεν;
2760 3185 2950 3238 Ἔστιν
2997 3185 3085 3237 ὅτε
3136 3182 3377 3252 ἑκάστης
3408 3182 3684 3249 αἱρέσεως

411 3286 514 3325 nos
553 3269 890 3324 orthodoxos
917 3269 1185 3324 lacessere
1222 3276 1434 3324 tentant
1478 3269 1861 3341 rationemque
1897 3287 1990 3341 pe-

2100 3281 2257 3333 τινῶν
2302 3277 2437 3345 πρὸξ
2467 3280 2591 3339 τοὺς
2656 3274 2971 3343 δρθοδόξους
2998 3273 3146 3341 ἡμᾶς
3177 3272 3509 3339 φιλονεικεῖν
3563 3288 3683 3324 πει⁶

412 3360 537 3421 tuut
568 3366 635 3420 de
658 3373 805 3420 recta
832 3364 934 3421 (ide
972 3373 1180 3420 nostra.

2100 3374 2388 3441 ρωμένων,
2423 3371 2455 3439 ἦ
2492 3367 2588 3422 καὶ
2619 3367 2780 3436 λόγον
2806 3366 3186 3419 ἀπαιτούντων
3225 3363 3355 3433 περὶ
3372 3362 3473 3433 τῆς
3503 3365 3678 3434 ὀρθῆς

2095 3465 2255 3535 ήμῶν
2288 3462 2547 3526 πίστεως.
2608 3462 2619 3476 ⁸
2817 3506 2825 3513 .

484 3547 759 3617 Pontifex.
796 3546 1081 3603 Rationem
1120 3547 1376 3603 omnibus
1407 3548 1539 3602 dare
1564 3562 1673 3601 nou
1702 3555 1784 3602 est
1808 3560 1995 3602 neces-

2179 3555 2536 3625 Ἀρχιερεύς.
2578 3554 2652 3607 Οὐ
2691 3552 2823 3606 πᾶσι
2857 3549 3064 3602 διδόναι
3107 3548 3268 3616 λόγον
3303 3547 3551 3617 ἀνάγκη,
3584 3566 3687 3602 κα-
3738 3548 3744 3556 “

413 3644 646 3706 sarium,
680 3650 842 3712 prout
866 3642 1240 3712 praediximus.
1277 3640 1627 3697 sciscitantes
1650 3656 1778 3695 vero
1799 3641 1995 3695 docere

2101 3647 2210 3710 θὼς
2242 3648 2663 3716 προειρήκαμεν
2688 3661 2702 3678 ο
2737 3643 2875 3697 ἀλλά
2906 3642 3022 3704 τοῖς
3062 3640 3164 3708 μὲν
3206 3632 3437 3708 ζητοῦσι
3480 3639 3684 3707 μαθεῖν

414 3744 632 3804 oportet
659 3749 797 3801 quos
827 3750 952 3789 cum
980 3749 1112 3803 pace
1140 3733 1529 3803 alloquendum
1561 3739 1641 3787 est
1658 3748 1674 3799 ;
1703 3732 1799 3788 sed
1833 3733 1904 3787 ab
1917 3731 1995 3788 eis

2101 3739 2454 3804 διαλέγεσθαι
2494 3738 2610 3807 μετ’
2640 3737 2889 3807 εἰρήνης,
2921 3733 3031 3787 τῶν
3063 3732 3109 3787 δ’
3156 3730 3227 3786 αὖ
3292 3732 3380 3785 ἀεὶ
3443 3732 3687 3800 φιλονει-

406 3829 505 3895 .qui
539 3825 869 3881 contendere
899 3826 1108 3881 malunt
1138 3824 1486 3880 abscedendi:
1499 3839 1570 3888 ιιι,
1599 3838 1723 3877 nam
1758 3822 1992 3877 conten-

412 3919 544 3973 dere
581 3934 688 3973 non
718 3925 864 3972 amat
896 3915 1142 3971 Ecclesia
1177 3915 1406 3977 Christi,
1462 3915 1606 3970 sicut
1667 3914 1806 3969 dixit
1859 3912 2001 3968 Pau-

411 4010 501 4067 lus
531 4026 546 4064 :
588 4028 607 4061 ι
653 4009 708 4064 Si
736 4011 861 4079 quis
894 4009 1108 4064 videtur
1135 4008 1513 4063 eontentiosus
1540 4022 1683 4069 esse,
1712 4024 1816 4063 nos
1837 4008 1999 4062 talem

406 4101 866 4163 .cousuetudinem
901 4114 1009 4156 non
1029 4100 1317 4166 habemus,
1346 4115 1519 4168 neque
1553 4099 1793 4154 Ecclesia
1815 4097 1943 4163 Dei;
1978 4116 1995 4152 ι

416 4193 543 4253 ideo
583 4190 727 4245 enim
760 4189 1046 4245 haereticos
1074 4204 1264 4245 omnes
1296 4198 1354 4244 ut
1380 4190 1761 4244 contentiosos
1789 4198 1844 4243 ct
1875 4189 2001 4243 inii-

408 4284 570 4344 xleles
601 4282 944 4336 anathemate
972 4280 1098 4335 ferit
1126 4279 1393 4336 Ecclesia.

490 4465 752 4521 Clericus.
784 4464 891 4520 Sed
919 4464 964 4519 si
998 4463 1125 4531 quis
1159 4461 1236 4517 ad-
1260 4477 1414 4539 suam
1482 4463 1774 4518 utilitatem
1813 4462 2003 4518 scisci-

415 4568 589 4623 tatur,
622 4558 753 4626 quid
786 4553 1142 4611 faciendum?

493 4650 766 4718 Pontifex.
789 4648 947 4703 Huric
964 4657 1183 4717 oportet
1203 4648 1505 4716 suscipere,
1525 4662 1579 4703 et
1601 4649 1649 4704 ei
1672 4649 2003 4704 ministrare.
2041 4633 2083 4688 θ

414 4745 650 4814 insuper
678 4742 724 4799 si
754 4741 969 4796 dicendi
994 4742 1224 4810 gratiam
1249 4742 1476 4805 habeas,
1502 4742 1783 4797 Christum
1810 4743 2009 4811 depre-

413 4846 601 4899 catus,
633 4850 699 4890 ex
726 4838 807 4892 eis
839 4826 1158 4903 qua'sancti
1194 4833 1460 4889 adversus
1512 4834 1762 4887 haeresim
1820 4832 2008 4887 elucu-

416 4930 723 4996 dicaverunt
753 4928 961 4982 dissere
993 4943 1009 4995 ;
1042 4942 1165 4980 nam
1218 4926 1354 4980 nihil
1408 4925 1550 4996 quod
1607 4940 1715 4979 non
1777 4925 2014 4979 dixerint

416 5023 632 5089 Patres,
651 5037 775 5077 cum
807 5031 863 5075 et
893 5021 1028 5090 ipsis
1060 5021 1252 5091 ingens
1278 5027 1421 5075 lucta
1451 5020 1716 5073 adversus
1774 5019 2010 5073 haereses

425 5115 758 5178 incubuerit,
773 5128 911 5181 quas
924 5113 1224 5182 adiuvante
1254 5113 1463 5183 Spiritu
1483 5110 1753 5173 vicerunt,
1771 5121 1825 5163 et
1845 5109 2011 5165 falsas

424 5222 616 5268 parum
676 5205 1058 5261 revelaverant
1117 5204 1429 5274 opiniones.
1459 5200 1615 5266 Quod
1661 5200 1709 5256 si
1762 5213 2008 5270 nequeas

428 5299 733 5354 sciscitanti
771 5297 1106 5368 respondere
1141 5297 1225 5351 vel
1275 5297 1401 5365 quia
1461 5294 1691 5363 gratiam
1744 5294 1828 5347 vel
1884 5293 2013 5363 quia

428 5390 709 5444 iii-entiam
744 5403 849 5443 nou
878 5389 1046 5443 habes
1078 5403 1094 5455 ;
1129 5402 1254 5442 nam
1302 5387 1385 5441 lex
1426 5386 1677 5439 Ecclesia:
1733 5387 2016 5440 constituit

429 5485 569 5549 hanc
595 5484 908 5539 facultatem
947 5481 1065 5536 dari
1095 5480 1165 5533 ab
1195 5478 1543 5547 impositionc
1571 5493 1829 5539 manuum
1862 5495 1877 5546 ;
1902 5477 2011 5535 noli

425 5576 752 5628 erubescere
780 5587 904 5628 eum
937 5572 1216 5626 adducens
1244 5570 1642 5623 sciscitantem
1700 5569 1766 5623 ad
1831 5573 2010 5624 virum

428 5662 745 5732 religiosum
794 5662 885 5730 qui
913 5662 1052 5716 sciat
1084 5667 1230 5714 recte
1263 5659 1448 5713 dicere
1480 5675 1495 5723 ;
1529 5660 1698 5713 multa
1737 5661 1885 5714 enim
1906 5661 2013 5716 erit

436 5757 704 5813 ainbobus
732 5757 965 5821 utilitas,
999 5764 1181 5824 atque,
1211 5751 1439 5823 juVante
1468 5751 1600 5819 Deo,
1631 5753 1709 5808 vel
1737 5763 2009 5811 errantem

2102 3832 2221 3885 κεῖν
2257 3831 2605 3899 αἱρουμένων
2651 3827 3019 3896 ἀφίστασθαι.
3062 3825 3169 3879 Τὸν
3203 3825 3314 3895 γὰρ
3370 3826 3689 3893 φιλόνεικον

2099 3926 2163 3978 οὐ
2189 3925 2476 3994 προσίεται
2526 3924 2560 3991 ὴ
2600 3920 2695 3975 τοῦ
2740 3919 2978 3990 Χριστοῦ
3032 3918 3356 3987 Ἐκκλησία,
3409 3916 3609 3989 ὥσπερ
3660 3919 3688 3971 ὁ

2106 4015 2321 4076 Παῦλος
2379 4031 2570 4082 φησιν,
2613 4012 2718 4084 14
2758 4032 2776 4064 ι
2822 4012 2883 4065 Εἰ
2926 4011 2981 4063 δέ
3032 4026 3118 4073 τις
3169 4008 3315 4063 δοκεῖ
3376 4008 3688 4076 φιλόνεικος

2104 4104 2248 4161 εἶναι
2291 4108 2349 4158 ὲν
2394 4107 2555 4175 ἡμῖν,
2590 4105 2751 4174 ἡμεῖς
2794 4103 3060 4172 τοιαύτην
3111 4099 3405 4171 συνήθειαν
3436 4101 3538 4153 οὐκ
3576 4104 3691 4169 ἑχο-

2109 4215 2228 4270 μεν,
2251 4198 2369 4251 οὐδὲ
2390 4195 2786 4265 αἱῈκκλησίαι
2802 4193 2898 4249 τοῦ
2916 4190 3083 4247 Θεοῦ.
3111 4211 3131 4244 ι
3167 4192 3266 4245 Διά
3287 4191 3443 4245 τοῦτο
3465 4193 3579 4262 γὰρ
3598 4192 3693 4246 καὶ⁸

2113 4293 2233 4347 τοὺς
2265 4290 2583 4355 αίρετικοῦς
2615 4288 2824 4351 πάντας
2844 4286 2920 4349 ὡς
2945 4285 3290 4356 φιλονείκους
3316 4285 3410 4337 καὶ
3439 4286 3694 4348 ἀπειθεῖς

2108 4382 2508 4452 ἀναθεματίζει
2538 4384 2572 4451 ἡ
2604 4380 2928 4452 Ἐκκλησία.

2185 4478 2511 4543 Κληρικός.
2540 4475 2650 4528 Καὶ
2677 4473 2774 4526 ἐάν
2803 4489 2886 4536 τις
2940 4471 3014 4535 ὡς
3046 4469 3405 4541 ὠφεληθῆναι
3444 4471 3609 4542 ζητῇ,
3638 4469 3692 4522 τί

2112 4565 2364 4636 ποιητέον
2388 4579 2405 4630 ;

2195 4656 2559 4725 ’Λρχιερεύς.
2598 4654 2703 4705 Τὸν
2735 4653 2978 4705 τοιοῦτον
3038 4652 3431 4722 προσδεκτέον,
3472 4652 3570 4704 καὶ
3635 4653 3694 4703 ὲν

2110 4749 2304 4820 ἀγάπῃ
2336 4746 2721 4816 θεραπευτέον.
2762 4744 2910 4813 Πλὴν
2942 4745 2989 4796 εί
3028 4743 3127 4814 μὲν
3148 4744 3309 4814 χάρις
3344 4744 3459 4795 ἔστι
3488 4760 3572 4795 σοι
3599 4741 3693 4795 τοῦ

2114 4842 2318 4910 λέγειν,
2342 4839 2577 4907 Χριστὸν
2608 4836 3103 4904 ἐπικαλεσάμενος,
3135 4836 3200 4888 ὲκ
3233 4835 3343 4887 τῶν
3375 4836 3487 4897 τοῖς
3517 4824 3697 4898 ἀγίοις

2115 4931 2516 5001 πεπονημένων
2545 4930 2686 4981 κατὰ
2718 4929 2819 4994 τῆς
2860 4927 3124 4997 αἱρέσεως
3155 4926 3302 4992 λέγε.
3332 4926 3501 4978 Οὐδὲν
3526 4926 3636 4994 γὰρ
3663 4921 3693 4975 δ

2117 5025 2193 5096 μή
2224 5025 2517 5095 εἰρήκασιν
2547 5021 2596 5074 oi
2647 5020 2913 5088 Πατέρες.
2959 5018 3113 5070 Ἐπεὶ
3165 5018 3257 5070 καὶ
3294 5018 3459 5080 πολὺς
3509 5017 3693 5077 αὐτοῖς

2115 5120 2144 5172 δ
2178 5116 2461 5171 κατά.τῶν
2493 5114 2760 5183 αἱρέσεων
2794 5111 2944 5181 ἁγὼν
2975 5111 3193 5178 γέγονε,
3253 5111 3345 5164 καὶ
3400 5109 3692 5179 συνεργείᾳ

2122 5207 2217 5261 τοῦ
2241 5206 2386 5260 θείου
2452 5204 2776 5272 Πνεῦματος
2810 5200 3134 5267 νενικήκασι
3186 5199 3412 5269 1ιεαύτας,
3463 5199 3561 5272 καὶ
3597 5198 3696 5259 τὰς

2117 5299 2278 5365 δόξας
2314 5297 2494 5350 αὐτῶν
2544 5270 2760 5364 ψευδεῖς
2795 5292 3167 5359 ἀπεφήναντο.
3217 5291 3280 5343 Ei
3332 5290 3376 5342 δ’
3423 5270 3697 5347 ἀδυνάτως

2117 5389 2265 5460 ἔχεις
2295 5386 2541 5459 περὶτοῦ
2583 5384 2923 5454 ζητουμένου
2973 5382 3176 5447 λέγειν,
3227 5379 3352 5433 οὐδὲ
3395 5380 3557 5449 χάριν
3603 5375 3696 5427 τοῦ

2122 5480 2353 5551 λέγεινῆ
2382 5479 2607 5544 ἔνδοσιν,
2637 5476 2733 5527 καὶ
2762 5474 2925 5527 τοῦτο
2974 5471 3083 5542 γὰρ
3117 5474 3282 5543 νόμος
3328 5473 3426 5540 τῆς
3472 5470 3702 5535 Ἐκκλη-

2125 5572 2271 5634 σίας,
2294 5572 2356 5623 τὸ
2386 5567 2724 5640 χειροτονίαν
2754 5566 2898 5635 ἔχειν
2943 5567 3040 5619 καὶ
3084 5564 3312 5627 ἔνδοσιν,
3353 5564 3427 5633 μὴ
3476 5552 3699 5630 αἰσχυν-

2130 5662 2229 5731 θῇς
2256 5658 2655 5729 προσενεγκεῖν
2682 5654 2776 5708 τὸν
2796 5653 3066 5722 ζητοῦντα
3091 5653 3249 5722 ἀνδρὶ
3305 5651 3549 5705 θεοσεϐεῖ
3603 5649 3698 5701 καὶ

2128 5752 2294 5807 εἰδότι
2340 5751 2523 5818 λέγειν
2553 5744 2734 5816 ὀρθῶς
2772 5758 2784 5773 ·
2823 5744 3052 5816 πλείστη
3083 5744 3191 5817 γὰρ
3215 5744 3367 5797 ἔσται
3398 5743 3490 5796 καὶ
3516 5743 3699 5811 ἀμφο-
