4066 6438
380 398 453 460 65
612 378 619 381 ’
1451 394 1841 456 DlALOGUS
1872 392 2178 454 CONTRA
2219 392 2616 457 assensus.
3585 388 3656 449 66

382 511 559 582 τέροις
592 508 830 578 ὠφέλεια
852 524 865 540 ο
895 508 986 563 καὶ
1013 505 1403 578 συναιρομένου
1463 506 1623 573 Θεοῦ,
1666 508 1698 578 ἢ
1734 508 1829 562 καὶ
1869 508 1960 561 τὸν

2089 508 2216 573 llum
2245 508 2426 563 studio
2453 509 2616 564 simul
2646 518 2699 563 et
2730 509 2907 564 divina
2934 511 3197 567 charitate
3253 511 3514 582 corriges,
3572 514 3655 566 vel

385 602 743 673 πλανώμενον
803 601 1010 655 ἐκεῖνον
1069 600 1199 663 ἴσως
1228 602 1294 672 τῇ
1331 600 1534 671 σπουδῇ
1569 600 1661 652 καὶ
1712 603 1780 671 τῇ
1837 599 1959 671 θεία

389 694 578 765 ἀγάπῃ
647 693 1011 764 διορθώσεις,
1065 690 1098 763 ἢ
1163 691 1376 761 σεαυτῷ
1435 691 1627 761 μισθὸν
1692 691 1963 765 προξενή-

388 802 542 850 σ-ις,
580 787 674 840 καὶ
727 786 850 839 ἀντὶ
903 785 995 839 τοῦ
1038 784 1210 838 κόπου
1260 783 1423 853 χάριν
1482 783 1740 855 εὑρήσεις
1811 785 1965 856 παρά

384 880 520 934 Θεοῦ
533 920 548 936 .

457 972 772 1041 Κληρικός.
820 971 929 1025 Καὶ
978 971 1110 1025 ποίά
1142 970 1250 1024 τῶν
1287 971 1557 1041 αἱρέσεων
1584 971 1819 1043 χείρωνς

475 1064 823 1134 Ἀρχιερεύς.
856 1063 1061 1128 ’Δπαν,
1100 1063 1319 1131 ἀδελφὲ,
1378 1066 1514 1136 ὅπερ
1554 1068 1636 1128 είς
1690 1063 1966 1134 βάραθρον

385 1154 663 1216 ἀπωλείας
697 1153 952 1217 συνωθεῖ,
988 1152 1093 1221 τῆς
1130 1155 1379 1224 πονηρᾶς
1435 1156 1554 1208 ἐστι
1587 1155 1814 1226 μοίρας·
1874 1154 1966 1206 καὶ

389 1250 499 1303 πᾶν
528 1249 665 1318 ὅπερ
710 1246 812 1317 τὴν
853 1246 1136 1315 σωτηρίαν
1168 1245 1395 1315 ζημιοῖ,
1447 1249 1547 1318 τῆς
1580 1247 1967 1315 ἀπολλυμένης

388 1342 648 1410 τυγχάνει
680 1341 911 1405 τάξεως.
948 1338 1095 1391 Ἀλλ’
1153 1338 1305 1407 ὅμως
1356 1338 1550 1409 ὥσπερ
1599 1339 1857 1410 διαφοραὶ
1911 1340 1968 1392 ὲν

384 1436 498 1496 τοῖς
526 1433 770 1501 ἀγαθοῖς,
803 1433 897 1487 καὶ
929 1433 985 1484 ἐν
1028 1431 1255 1500 ἀρεταῖς
1290 1431 1616 1486 ἀναϐάσεων
1655 1432 1965 1498 ἐπιδόσεις,

390 1521 483 1577 καὶ
509 1524 651 1577 κατά
681 1525 784 1588 τὰς
826 1524 1054 1593 πράξεις
1086 1525 1142 1577 αἱ
1165 1524 1491 1588 ἀντιδόσεις,
1526 1524 1606 1578 διὸ
1644 1524 1738 1579 καί
1798 1540 1969 1594 φησιν

390 1619 418 1672 ὁ
448 1618 692 1686 Κύριος·
723 1637 742 1670 α
790 1617 883 1670 Ἐν
908 1619 974 1688 τῇ
1023 1617 1174 1688 οἰκία
1208 1618 1304 1672 τοῦ
1362 1619 1579 1688 Πατρός
1615 1635 1715 1687 μου
1774 1617 1968 1670 πολλαὶ

395 1711 553 1780 μοναί
584 1713 722 1763 εἰσιν
740 1726 755 1741 ο
783 1729 800 1761 ι
828 1707 1027 1776 οὕτως,
1053 1704 1234 1779 οἶμαι,
1264 1710 1356 1762 καὶ
1378 1712 1433 1763 ὲν
1460 1712 1573 1772 τοῖς
1611 1709 1899 1775 ἐναντίοις,
1918 1710 1968 1762 εί

392 1804 490 1856 καὶ
510 1802 703 1866 ἀταξία
726 1802 875 1855 πᾶσα
911 1800 1083 1863 ὄντως
1119 1803 1267 1854 ἐστὶν
1299 1804 1356 1855 ἐν
1391 1802 1598 1867 αὐτοῖς,
1657 1801 1811 1856 οὐδὲν
1857 1801 1968 1873 γὰρ

392 1893 501 1945 τῶν
528 1893 780 1962 πονηρῶν
806 1893 863 1944 ὲν
886 1892 1061 1957 τάξει,
1096 1893 1223 1945 ἐπεὶ
1278 1893 1373 1945 καὶ
1404 1892 1641 1955 ἄτακτος
1691 1895 1718 1946 ό
1784 1895 1967 1965 πατὴρ

392 1982 484 2037 τοῦ
514 1984 741 2052 ψεύδους
772 1984 942 2045 ἐστὶν,
980 1982 1100 2034 ἀλλ’
1126 1983 1277 2053 ὅμως
1317 1984 1522 2052 χείρων
1561 1984 1661 2053 μὲν
1695 1984 1967 2055 αῖρεσιςῆ

396 2075 523 2144 περὶ
541 2072 676 2127 Θεοῦ
711 2072 958 2136 πλείονας
1010 2072 1211 2143 ἔχουσα
1256 2072 1631 2143 βλασφημίας,
1688 2074 1887 2144 ἐφεξῆς
1910 2073 1969 2126 δὲ

399 2168 557 2236 μέσαι
580 2183 639 2218 τε
673 2165 770 2219 καὶ
797 2166 1033 2235 ὲσχάται
1064 2167 1122 2219 αι
1175 2165 1475 2221 ἐλάττωσιν
1506 2156 1764 2219 δοκοῦσαι
1824 2164 1971 2236 ἔχειν

394 2262 514 2311 τινὰ
545 2258 638 2312 τοῦ
669 2258 768 2329 τῆς
792 2258 1149 2330 βλασφημίας
1206 2256 1405 2313 κακοῦ.
1457 2259 1631 2313 Τοῦτο
1681 2259 1739 2313 δὲ
1774 2260 1871 2313 καὶ
1910 2260 1970 2313 ἐν

396 2353 507 2413 τοῖς
529 2349 790 2404 ἀσεϐέσιν
812 2348 953 2405 εἶναι
983 2350 1297 2421 λογίζομαι.
1325 2350 1550 2420 Πρῶτος
1582 2351 1682 2427 μὲν
1719 2351 1830 2421 γὰρ
1862 2351 1972 2406 τῶν

396 2443 570 2497 ἀθέων
597 2448 623 2496 ὁ
651 2443 726 2516 μὴ
758 2445 891 2498 Θεὸν
946 2445 1084 2507 ὅλως
1134 2444 1312 2512 εἰδὼς,
1359 2447 1458 2499 καὶ
1492 2445 1574 2498 ἔτι
1609 2445 1638 2497 ό
1687 2448 1754 2517 τῇ
1805 2446 1973 2501 πολυ-

398 2530 505 2599 θέῳ
538 2531 715 2605 πλάνῃ
768 2534 1164 2604 κρατούμενος.
1220 2536 1296 2588 Οὐ
1332 2534 1442 2605 γὰρ
1490 2535 1729 2606 διαφορά
1762 2535 1975 2601 τούτοις

398 2623 653 2688 ἀσεϐείας
686 2626 856 2690 ἐστὶν,
888 2628 1007 2680 επεὶ
1054 2629 1148 2681 καὶ
1194 2627 1309 2681 ἴσον
1350 2629 1409 2681 τὸ
1459 2628 1533 2699 μὴ
1582 2629 1786 2683 εἰδέναι
1834 2630 1974 2693 ὅλως

401 2716 535 2769 Θεὸν
563 2716 659 2770 τοῦ
686 2718 885 2774 ειδέναι
915 2718 1120 2788 λέγειν,
1149 2724 1245 2774 καὶ
1267 2719 1451 2773 σέϐειν
1491 2721 1667 2785 ἀθέως
1693 2721 1767 2785 ώς
1814 2721 1975 2784 θεοὺς

404 2809 473 2862 τὰ
501 2808 595 2862 τοῦ
629 2808 763 2863 Θεοῦ
794 2812 1092 2882 κτίσματα,
1126 2812 1158 2878 ἢ
1192 2811 1261 2864 τὰ
1312 2811 1568 2882 ὁρώμενα
1602 2813 1790 2878 ταῦτα,
1826 2813 1860 2883 ἢ
1904 2812 1974 2866 τὰ

404 2900 575 2969 ἐναγῆ
621 2900 911 2970 δαιμόνιαι
964 2903 1102 2973 μετὰ
1130 2902 1189 2957 δὲ
1237 2904 1366 2967 τοὺς
1412 2904 1665 2976 πρώτους
1697 2905 1891 2970 ἀθέους
1925 2907 1974 2959 oi

400 2988 533 3041 Θεὸν
582 2991 683 3059 μὲν
711 2990 871 3060 δῆθεν
902 2992 1153 3061 λέγοντες
1178 2993 1385 3065 Κύριον
1417 2996 1658 3066 οὐρανοῦ
1710 2998 1806 3049 καὶ
1838 2997 1965 3067 γῆς,

406 3082 577 3152 χωρὶς
625 3081 681 3135 δὲ
740 3084 914 3152 Λόγου
969 3084 1177 3150 ζῶντος
1237 3085 1333 3141 καὶ
1388 3088 1725 3158 Πνεύματος.
1788 3087 1976 3143 Ἀθέοι

403 3168 498 3227 οὖν
529 3174 622 3228 καὶ
650 3173 823 3243 οὗτοι,
851 3177 927 3241 ώς
955 3178 1016 3232 οὐ
1049 3179 1140 3234 τὸν
1175 3179 1352 3249 ἀληθῆ
1378 3181 1472 3235 καὶ
1524 3182 1684 3253 μόνον
1717 3182 1851 3235 Θεὸν
1880 3201 1980 3254 κη-
2010 3230 2053 3288 c

405 3266 711 3335 ρύττοντες.
744 3270 876 3335 Θεὸς
905 3272 1015 3344 γὰρ
1047 3274 1209 3343 μόνος
1255 3273 1464 3343 ἀληθὴς
1498 3277 1526 3329 ό
1587 3275 1778 3347 Πατὴρ
1837 3279 1977 3346 μετὰ

401 3362 495 3415 τοῦ
530 3365 851 3432 μονογενοῦς
874 3367 1062 3435 {ama
1090 3367 1224 3421 Υίοῦ
1256 3369 1351 3422 καὶ
1382 3368 1476 3422 τοῦ
1511 3369 1779 3433 ζωοποιοῦ
1806 3367 1980 3422 Πνεύ-

406 3472 592 3524 ματος.
632 3457 695 3509 Ei
734 3457 827 3512 οῦν
870 3460 964 3512 καὶ
998 3453 1147 3514 οὗτοι
1200 3462 1429 3516 καθόλου
1463 3462 1634 3525 ἄθεοι,
1685 3464 1800 3535 ἀλλ’
1829 3464 1981 3532 ὅμως

400 3545 466 3597 οὐ
495 3548 853 3616 προσκυνοῦσι
886 3550 944 3603 τὸ
961 3550 1092 3621 πῦρ,
1129 3550 1162 3622 ἢ
1194 3554 1284 3604 τὸν
1313 3554 1486 3624 ἥλιον,
1506 3555 1624 3607 οὐδὲ
1649 3554 1773 3615 τοὺς
1794 3555 1982 3624 δαίμο‹

402 3655 497 3702 νας
513 3638 727 3707 λέγουσι
743 3640 921 3705 θεούςο
940 3644 1036 3697 καί¹
1051 3644 1141 3697 διὰ
1163 3643 1254 3698 τοῦ
1265 3662 1320 3698 το
1341 3644 1623 3710 ἐλάττονος
1642 3649 1841 3711 κακίας
1856 3648 1984 3702 εἰσί.

473 3734 787 3801 Κληρικός.
818 3734 969 3789 Μετά
1016 3737 1242 3801 τούτους
1270 3738 1342 3801 ,δὲ
1386 3739 1533 3802 τίνες
1590 3741 1699 3792 sici.
1729 3737 1979 3810 χείρονες

413 3826 507 3880 τῶν
534 3829 711 3884 ἀλλων
736 3829 816 3892 είς
846 3828 1105 3885 ἀσέϐειαν
1129 3848 1145 3897 ;

989 3947 1242 4003 ΚΕΦΑΛ.
1294 3946 1396 4003 ῙΑ’.

406 4059 567 4133 Kurd
593 4060 859 4133 Σίμωνος
908 4061 1014 4117 τοῦ
1063 4063 1284 4133 μάγου,
1330 4063 1434 4118 καί
1489 4063 1823 4131 Μάνεντος,
1870 4067 1972 4121 καὶ

483 4130 599 4206 τῶν
628 4132 866 4206 ὁμοίων,
895 4134 995 4206 καὶ
1022 4130 1173 4206 κετζά
1192 4133 1311 4189 τῶν
1332 4133 1657 4190 δυσσεϐῶν
1712 4130 1980 4206 Eorum}-

476 4205 620 4265 λων,
648 4201 779 4272 ἢτοι
813 4202 1271 4274 Κουδουγέρων.

477 4292 832 4361 Ἀρχιερεύς.
863 4295 1019 4349 Μετά
1042 4296 1269 4360 τούτους
1305 4297 1361 4351 ai
1403 4298 1464 4363 ἐξ
1498 4299 1673 4369 ἀρχῆς
1713 4299 1983 4370 αἱρέσεις,
2080 4352 2085 4355 ,

405 4387 526 4439 ὅσαι
555 4388 644 4438 τὸν
686 4387 924 4459 Χριστὸν
986 4387 1149 4458 δῆθεν
1189 4388 1441 4453 ἐδέξαντο
1480 4389 1603 4461 μὲν,
1639 4393 1740 4443 οὐκ
1798 4391 1982 4461 ὀρθῶς

410 4477 512 4548 15
540 4479 615 4542 δὲ,
642 4480 762 4532 οὐδὲ
813 4480 891 4543 ὡς
921 4480 983 4533 τὸ
1010 4481 1121 4533 τῶν
1178 4482 1498 4535 ἀποστόλων
1532 4482 1821 4551 παρέδωκε
1874 4483 1983 4553 κή-

2069 601 2396 669 tibimetipsi
2429 601 2739 655 mercedem
2776 604 3138 673 comparabis,
3208 616 3261 660 et
3318 619 3417 661 oro
3466 603 3649 658 labore

2068 694 2299 766 gratiam
2337 695 2481 765 apud
2519 693 2689 750 Deum
2722 695 2987 751 invenies.

2144 958 2412 1015 Clericus.
2446 959 2510 1014 Et
2534 977 2784 1031 quaenam
2817 974 2899 1017 est
2927 978 2992 1017 ex
3019 964 3322 1019 ilil‘l‘eSibllS
3353 967 3552 1036 pejor?

2142 1048 2417 1121 Pontifex.
2451 1051 2644 1116 Omne,
2677 1052 2866 1120 frater,
2901 1057 3044 1124 quod
3075 1056 3128 1109 in
3188 1057 3448 1127 abyssum
3506 1058 3657 1112 exitii

2071 1142 2350 1212 immergit
2377 1144 2542 1198 sortis
2576 1153 2660 1199 est
2693 1146 2963 1214 pessimze,
2993 1157 3224 1202 etomnc
3252 1148 3396 1218 quod
3428 1150 3659 1203 salutem

2072 1236 2292 1305 perimit
2320 1238 2561 1307 iniquam
2589 1239 2746 1294 habet
2775 1238 3086 1307 fortunam;
3149 1243 3244 1296 sed
3306 1244 3665 1312 quemadmo-

2072 1325 2200 1379 dum
2229 1334 2356 1380 snnt
2384 1327 2767 1396 discrepantia;
2800 1329 2851 1382 in
2882 1330 3040 1385 bonis
3073 1332 3339 1401 multique
3364 1342 3491 1387 sunt
3540 1349 3664 1401 gra-

2073 1417 2176 1471 dus
2211 1417 2279 1471 ad
2338 1419 2592 1473 virtutem
2632 1422 2995 1477 ascendentes
3049 1432 3101 1476 ct
3154 1425 3320 1479 variae
3360 1427 3663 1479 secundum

2074 1527 2238 1587 opera
2273 1512 2684 1578 retributiones,
2722 1525 3011 1582 propterea
3075 1516 3221 1569 enim
3268 1517 3419 1571 dixit
3481 1518 3669 1572 Domi-

2082 1620 2191 1660 nus
2223 1619 2240 1657 :
2275 1621 2294 1655 ι
2336 1602 2394 1657 In
2415 1605 2578 1659 domo
2601 1605 2781 1659 Putris
2802 1606 2907 1661 mei
2931 1607 3433 1664 n‘tulttemansioncs
3455 1622 3617 1675 sunt;
3648 1635 3664 1660 ρ

2076 1695 2172 1762 ita,
2205 1710 2289 1749 me
2314 1695 2521 1766 judice,
2553 1696 2609 1749 in
2647 1697 2960 1765 contrariis,
3021 1698 3143 1753 licet
3176 1701 3228 1753 in
3257 1700 3392 1771 ipsis
3423 1703 3495 1758 sit
3558 1718 3674 1755 om-

2076 1783 2162 1838 nis
2196 1786 2555 1853 perturbatio,
2612 1786 2747 1840 nihil
2801 1790 2949 1841 enim
3013 1789 3136 1843 mali
3192 1799 3277 1845 cst
3338 1791 3392 1844 in
3451 1792 3670 1857 ordine,

2004 1868 2046 1921 Β
2077 1890 2201 1931 cum
2238 1877 2495 1932 inimicus
2525 1879 2596 1932 sit
2627 1879 2836 1934 ordinis
2881 1890 3035 1947 pater
3091 1884 3375 1949 mendacii,
3433 1895 3670 1940 attamen

2085 1968 2332 2037 pessima
2365 1976 2450 2023 est
2488 1969 2631 2023 inter
2660 1968 2897 2026 haereses
2934 1986 3055 2041 quae
3087 1972 3268 2042 plures
3289 1974 3356 2029 de
3376 1975 3676 2029 Deoconti—

2079 2070 2175 2116 net
2229 2061 2653 2131 blasphemias;
2695 2063 2892 2118 deinde
2944 2080 3066 2134 quae
3124 2067 3413 2135 pauciores
3475 2070 3675 2123 habent

2080 2156 2271 2210 media:
2322 2164 2472 2221 sunt,
2522 2165 2576 2211 et
2647 2157 2849 2212 ultima:
2914 2172 3038 2226 quas
3091 2174 3254 2229 quam
3308 2161 3667 2229 paucissimis

2080 2245 2437 2318 blasphemiis
2465 2257 2696 2302 scatent.
2742 2247 2896 2315 Quod
2952 2249 3115 2304 etiam
3171 2250 3225 2304 in
3299 2250 3675 2320 impietatibus

2081 2340 2314 2396 inveniri
2343 2356 2564 2397 censeo.
2596 2340 2814 2396 Primus
2836 2342 3055 2411 quidem
3082 2343 3368 2398 atheorum
3390 2344 3480 2414 qui
3506 2345 3675 2399 Deum

2082 2449 2314 2505 prorsus
2348 2436 2545 2498 nescit,
2585 2443 2640 2489 et
2682 2436 2776 2505 qui
2835 2436 3073 2505 plurium
3137 2437 3425 2491 numinum
3483 2438 3675 2493 falsam

2082 2527 2398 2597 opinionem
2438 2526 2723 2595 sequitur;
2755 2542 2879 2581 nam
2901 2528 3042 2583 inter
3063 2528 3181 2582 haec
3200 2529 3348 2583 nulla
3375 2541 3458 2585 est
3480 2531 3676 2600 impie-

2084 2619 2210 2674 tatis
2230 2618 2623 2690 discrepantia,
2643 2633 2767 2673 cum
2802 2634 2896 2689 par
2916 2619 2987 2673 sit
3008 2619 3175 2675 Deum
3199 2624 3425 2691 prorsus
3446 2639 3554 2676 non
3582 2640 3678 2676 no-

2083 2726 2238 2768 scere
2266 2721 2320 2765 ct
2341 2712 2522 2765 dicere
2552 2727 2611 2766 se
2643 2728 2843 2765 numen
2887 2728 3208 2781 agnoscere,
3243 2715 3335 2768 scd
3375 2714 3680 2784 irrcligiose

2085 2812 2145 2857 ut
2176 2803 2308 2859 deos
2345 2803 2626 2858 adorando
2669 2817 2956 2860 creaturas
2991 2804 3105 2859 sive
3138 2821 3224 2859 res
3252 2821 3372 2875 quae
3420 2810 3679 2862 vitientur

2085 2897 2200 2953 sive
2232 2897 2520 2951 maledicta
2549 2897 2839 2951 daemonia.
2872 2898 3000 2953 Post
3064 2900 3199 2955 istos
3245 2901 3438 2956 atheos
3470 2901 3679 2968 prinms

2087 2990 2460 3058 aceeduntqui
2488 2990 2653 3043 Deum
2683 2991 2902 3058 quidem
2939 2990 3438 3046 dicuntDominum
3467 2995 3591 3047 coeli
3625 3004 3681 3048 ct

2089 3093 2272 3147 terrae,
2296 3083 2390 3138 sed
2419 3082 2627 3151 absque
2667 3079 2851 3136 Verbo
2899 3082 3114 3137 vivente
3145 3093 3198 3137 et
3227 3083 3458 3152 Spiritu.
3514 3084 3684 3155 Igitur

2088 3176 2235 3231 athei
2254 3185 2383 3231 sunt
2410 3176 2498 3230 isti
2519 3177 2610 3246 qui
2639 3176 2799 3229 talem
2826 3191 3012 3231 verum
3039 3176 3327 3248 solumque
3353 3177 3519 3233 Deum
3547 3195 3686 3249 prai-

2086 3270 2312 3337 dicant;
2359 3268 2501 3323 Deus
2526 3269 2669 3323 enim
2697 3268 2850 3325 solus
2894 3284 3053 3323 verus
3086 3278 3170 3323 est
3198 3269 3358 3324 Pater
3390 3285 3515 3324 cum
3550 3272 3678 3325 uni-

2087 3363 2272 3433 genito
2302 3362 2420 3431 ejus
2450 3359 2588 3416 Filio
2611 3371 2664 3415 et
2695 3360 3007 3416 viviﬁcante
3032 3361 3263 3431 Spiritu.
3298 3362 3439 3432 Ergo
3467 3365 3517 3417 hi
3545 3380 3685 3434 quo-

2090 3471 2199 3526 que
2221 3466 2347 3508 sunt
2365 3455 2544 3521 allici;
2577 3454 2668 3508 sed
2691 3468 2813 3507 cum
2837 3468 2944 3507 non
2967 3454 3151 3508 colant
3175 3453 3355 3524 ignem
3381 3457 3463 3510 vel
3487 3456 3681 3525 solent,

2100 3563 2283 3618 neque
2340 3540 2521 3601 dicant
2573 3548 2705 3601 deos
2763 3561 2886 3603 esse
2939 3548 3238 3615 daemones,
3308 3548 3431 3603 ideo
3484 3551 3684 3604 minori

2097 3641 2301 3697 malitia
2337 3640 2684 3691 horrescunt.

2162 3735 2423 3790 Clericus.
2462 3734 2660 3788 Verum
2688 3732 2915 3800 abistis,
2955 3731 3177 3803 quinam
3216 3746 3247 3787 e
3288 3732 3507 3789 caneris
3555 3744 3687 3789 sunt

2088 3828 2304 3899 pejores
2330 3826 2382 3879 in
2440 3825 2761 3895 impietate?

2695 3938 2927 3995 CAPUT
2950 3939 3046 3994 XI.

2093 4057 2294 4114 Contra
2349 4044 2617 4111 Simonem
2669 4071 2900 4124 magum,
2940 4055 3206 4111 Manetem
3244 4066 3295 4111 et
3345 4058 3564 4124 similes,
3597 4076 3696 4115 nec

2202 4145 2305 4181 non
2344 4139 2527 4182 contra
2559 4127 2748 4195 impios
2772 4126 3077 4197 Bogomilos
3103 4128 3209 4181 sive
3227 4126 3556 4199 Cudugeros.

2163 4282 2436 4352 Pontifex.
2465 4280 2547 4335 Ab
2576 4280 2694 4336 istis
2717 4280 2931 4351 pejores
2973 4282 3042 4335 ab
3079 4282 3238 4338 initio
3270 4283 3506 4340 luereses
3561 4295 3695 4340 sunt:

2090 4377 2195 4432 illae
2223 4391 2346 4446 qua:
2383 4373 2667 4429 Christum
2702 4374 2924 4442 quidem
2961 4384 3315 4444 acceperunt,
3349 4393 3457 4431 non
3504 4389 3686 4433 autem

2091 4477 2239 4524 recte
2268 4482 2448 4538 neque
2504 4468 2648 4521 sicut
2703 4466 3006 4535 apostolica
3073 4466 3299 4521 tradidit
3351 4469 3699 4536 praedicatio,

408 4590 592 4641 ρυγμα
623 4590 636 4602 -
674 4574 809 4628 ἀλλά
846 4577 941 4628 καὶ
993 4576 1123 4645 περὶ
1166 4576 1267 4646 τῆς
1314 4577 1617 4647 ἐμφανείας
1680 4577 1851 4631 αὑτοῦ
1894 4578 1980 4631 καὶ

2095 4565 2188 4621 sed
2212 4564 2280 4620 de
2307 4562 2759 4618 manifestatione
2791 4562 2914 4632 ejus
2945 4574 2999 4619 et
3028 4564 3404 4618 incarnatione
3444 4566 3701 4621 diversas

407 4664 740 4734 σαρκώσεως
770 4668 1064 4738 διαφόρους
1096 4670 1349 4734 ἐδέξαντο
1387 4670 1569 4735 δόξις.
1618 4671 1740 4723 "Eri
1789 4672 1847 4723 δὲ
1889 4672 1985 4724 καὶ

404 4758 497 4808 τὸν
527 4759 656 4828 περὶ
688 4760 787 4828 τῆς
812 4760 972 4828 ἀγίας
1000 4761 1232 4831 Τριάδος
1279 4761 1443 4833 όρθὸν
1483 4762 1762 4833 ἠθέτησαν
1800 4764 1983 4831 λόγον.

408 4852 472 4903 Οἱ
494 4851 547 4903 δὲ
566 4851 659 4904 καὶ
688 4852 1083 4927 Παρακλήτους
1110 4855 1341 4913 ἑαυτοὺς
1369 4855 1720 4908 ἁπεκάλεσαν
1748 4855 1987 4918 ἀσεϐῶς,

408 4943 503 4994 καί
526 4941 757 5011 δύναμιν
782 4942 942 5011 Θεοῦ,
993 4944 1071 5007 ὡς
1124 4946 1310 5015 Σίμων
1339 4945 1369 4997 ό
1415 4946 1610 5015 μάγος,
1646 4945 1863 4998 διώκων
1895 4945 1988 4998 τὸν

411 5034 582 5102 μέγαν
615 5036 839 5105 Σίμωνα
893 5037 1122 5107 Πέτρον,
1156 5037 1254 5090 καὶ
1304 5037 1500 5107 Μάνης
1540 5056 1625 5101 τις
1674 5039 1982 5110 ἀλιτήριος,

408 5128 457 5180 οἳ
490 5131 734 5198 χείρονες
772 5130 1000 5183 καὶτῶν
1050 5130 1235 5185 ἀθέων
1288 5132 1450 5185 είσίν.
1484 5131 1609 5186 Ἔτι
1663 5132 1720 5185 δὲ
1775 5132 1989 5202 Κήρινο

409 5215 498 5277 θός
529 5236 611 5280 τις
645 5219 741 5272 καὶ
776 5220 1189 5292 Καρποκράτης
1216 5222 1266 5275 οί
1313 5221 1527 5293 μιαροὶ,
1588 5223 1827 5277 ἐναντίοι
1874 5226 1990 5288 τοῖς

410 5309 735 5374 ἀποστόλοις
786 5312 1028 5382 Χριστοῦ
1060 5329 1075 5343 ·
1104 5316 1203 5366 καὶ
1224 5313 1474 5368 πλεῖστοι
1509 5313 1664 5370 ἄλλοι
1692 5314 1791 5384 τῆς
1848 5316 1991 5387 ἀλη·⁸

413 5401 560 5465 θείας
615 5402 824 5473 ἐχθροὶ,
858 5404 1053 5467 οῐτινες
1075 5406 1173 5458 καὶ
1194 5405 1372 5468 ἀθέως
1413 5405 1510 5459 δύο
1543 5405 1716 5476 ἀρχὰς
1747 5406 1990 5478 ἐδογμά-

412 5495 577 5559 τιζον.
612 5496 701 5562 Ἐξ
726 5494 805 5554 ὧν
834 5498 928 5551 καὶ
959 5498 1055 5553 νῦν
1087 5500 1232 5553 είσιν
1261 5500 1312 5552 οι
1347 5499 1673 5570 Βογόμυλοι,
1702 5500 1993 5571 ἀνθρώπια

412 5585 672 5659 δυσσεϐῆ,
702 5590 751 5642 oi
780 5592 877 5646 καὶ
922 5592 1293 5663 Κουδούγεροι
1340 5592 1699 5662 καλούμενοι.
1756 5592 1851 5646 Aab
1898 5594 1995 5647 καὶ

418 5678 560 5748 ὑμᾶς
581 5684 711 5751 περὶ
739 5683 918 5738 αὐτῶν
946 5685 1165 5756 ἀνάγκη
1222 5684 1442 5755 μαθεῖν,
1500 5685 1576 5748 ὡς
1608 5688 1701 5738 καὶ
1758 5685 1990 5754 πλησίον

414 5770 581 5827 ὅντων
613 5778 677 5845 τῇ
711 5779 987 5849 κατοικία.
1015 5778 1110 5834 Ἐν
1159 5778 1331 5849 πολλῇ
1386 5779 1496 5848 γὰρ
1541 5778 1837 5848 ὑποκρίσει
1893 5778 1993 5831 καὶ

417 5866 497 5935 τῷ
524 5868 918 5941 προσεύχεσθαι
945 5870 1399 5944 σχηματίζονται,
1431 5871 1527 5927 καὶ
1558 5869 1991 5943 τὸνΕύαγγέλιον

2092 4666 2393 4713 tenuerunt
2419 4657 2732 4728 opiniones,
2769 4664 2824 4711 ct
2857 4657 3083 4725 insuper
3114 4665 3323 4711 rectum
3382 4658 3452 4714 de
3502 4670 3691 4715 sancta

2091 4752 2360 4807 Trinitate
2394 4765 2704 4806 sermonem
2738 4751 3073 4820 reiecerunt.
3095 4750 3197 4818 Qui
3231 4751 3397 4820 impie
3423 4755 3686 4821 semetip-

2090 4860 2183 4902 sos
2212 4850 2549 4900 vocaverunt
2578 4842 2889 4912 paracletos
2923 4852 2978 4897 et
3017 4842 3110 4897 Dei
3169 4842 3450 4908 virtutem,
3491 4853 3551 4897 ut
3600 4844 3688 4898 Si-

2091 4953 2220 4994 mon
2262 4952 2455 5007 magus
2494 4936 2588 5007 qtti
2615 4950 2874 5005 magnum
2914 4935 3192 4990 Simonem
3236 4935 3456 4989 Petrum
3508 4951 3697 5005 perse-

2092 5033 2385 5103 quebatur,
2424 5040 2479 5085 et
2509 5030 2697 5084 Manes
2730 5044 2988 5095 nequam,
3024 5031 3118 5098 qui
3168 5030 3306 5098 ipsis
3373 5030 3552 5087 atheis
3602 5048 3698 5101 pc-

2087 5126 2239 5196 jores
2271 5131 2422 5191 sunt,
2450 5123 2674 5193 insuper
2711 5120 3010 5177 Corinthus
3055 5132 3109 5177 et
3151 5122 3518 5193 Carpocrates
3592 5128 3697 5182 illic-

2096 5219 2307 5287 mundi,
2338 5218 2431 5288 qui
2462 5216 2674 5273 Christi
2710 5216 2977 5286 apostolis
3003 5216 3465 5287 adversabantur,
3492 5221 3706 5291 aliique:

2095 5310 2599 5381 plurivaeri‘tatis
2631 5309 2838 5364 inimici
2875 5312 2968 5380 qui
3012 5312 3222 5366 nefarie
3247 5313 3356 5366 duo
3409 5315 3696 5384 principia

2096 5412 2363 5476 ponentes
2409 5401 2550 5456 falso
2576 5401 3044 5472 dogmatizabant.
3085 5402 3158 5458 Ex
3190 5405 3393 5473 quibus
3426 5422 3570 5462 nunc
3595 5406 3708 5460 θὼν

2098 5496 2207 5549 huc
2244 5500 2375 5548 sunt
2410 5490 2698 5563 Bogontili,
2746 5493 3053 5565 irreligiosa
3100 5495 3425 5561 multitudo,
3470 5498 3565 5567 qui
3639 5507 3704 5553 et

2097 5585 2369 5657 Cudogeri
2427 5586 2790 5655 appellantur.
2820 5585 3128 5658 Propterea:
3179 5604 3405 5645 necesse
3460 5598 3545 5644 est
3596 5604 3705 5645 vos

2099 5682 2166 5734 de
2202 5680 2336 5749 ipsis
2368 5679 2578 5745 doceri,
2603 5694 2729 5734 cum
2757 5696 2865 5734 non
2896 5681 3137 5750 procula
3167 5681 3335 5736 vobis
3368 5691 3702 5747 morentur;

2100 5789 2229 5828 nam
2257 5773 2607 5829 simulatione
2646 5774 2816 5830 multa
2872 5777 3084 5845 tingunt
3140 5789 3203 5832 se
3265 5774 3572 5845 deprecari,
3639 5786 3696 5830 ct

2104 5866 2457 5940 Evangelium
2492 5866 2715 5940 quidem
2741 5882 2802 5929 se
2846 5870 2979 5929 tueri
3000 5867 3261 5928 simulant
3282 5879 3447 5942 atque
3468 5878 3693 5942 aposto-
