  <div class='ocr_page' id='page_1' title='image "/cluster/home/n/w/nwhite01/storage/ocr_20150623/155/coo.31924054870609/041.png"; bbox 0 0 4066 6452; ppageno 0'>
   <div class='ocr_carea' id='block_1_1' title="bbox 373 378 3659 457">
    <p class='ocr_par' dir='ltr' id='par_1_1' title="bbox 373 378 3659 457">
     <span class='ocr_line' id='line_1_1' title="bbox 373 378 3659 457; baseline 0.005 -17"><span class='ocrx_word' id='word_1_1' title='bbox 373 379 444 441; x_wconf 74' lang='lat'><strong>67</strong></span> <span class='ocrx_word' id='word_1_2' title='bbox 1240 378 1625 440; x_wconf 78' lang='lat' dir='ltr'><strong>SYMEONIS</strong></span> <span class='ocrx_word' id='word_1_3' title='bbox 1652 381 2411 446; x_wconf 78' lang='lat' dir='ltr'><strong>THESSALONICENSIS</strong></span> <span class='ocrx_word' id='word_1_4' title='bbox 2452 388 2813 452; x_wconf 79' lang='lat' dir='ltr'><strong>ARCHIEP.</strong></span> <span class='ocrx_word' id='word_1_5' title='bbox 3589 390 3659 457; x_wconf 78' lang='lat'><strong>68</strong></span> 
     </span>
    </p>
   </div>
   <div class='ocr_carea' id='block_1_2' title="bbox 373 481 1966 567">
    <p class='ocr_par' dir='ltr' id='par_1_2' title="bbox 373 481 1966 555">
     <span class='ocr_line' id='line_1_2' title="bbox 373 481 1966 555; baseline 0.003 -15"><span class='ocrx_word' id='word_1_6' title='bbox 373 487 552 542; x_wconf 77' lang='lat' dir='ltr'><strong>lorum</strong></span> <span class='ocrx_word' id='word_1_7' title='bbox 582 481 842 554; x_wconf 84' lang='lat' dir='ltr'><strong>epistolas</strong></span> <span class='ocrx_word' id='word_1_8' title='bbox 868 490 923 538; x_wconf 90' lang='lat' dir='ltr'><strong>et</strong></span> <span class='ocrx_word' id='word_1_9' title='bbox 970 483 1159 547; x_wconf 85' lang='lat' dir='ltr'><strong>Actus,</strong></span> <span class='ocrx_word' id='word_1_10' title='bbox 1188 486 1281 539; x_wconf 89' lang='lat' dir='ltr'><strong>sed</strong></span> <span class='ocrx_word' id='word_1_11' title='bbox 1340 484 1557 555; x_wconf 71' lang='lat' dir='ltr'><strong>praeter&quot;</strong></span> <span class='ocrx_word' id='word_1_12' title='bbox 1594 488 1697 543; x_wconf 88' lang='lat' dir='ltr'><strong>ista</strong></span> <span class='ocrx_word' id='word_1_13' title='bbox 1747 500 1966 545; x_wconf 67' lang='lat' dir='ltr'><strong>caeteras</strong></span> 
     </span>
    </p>
   </div>
   <div class='ocr_carea' id='block_1_3' title="bbox 2069 481 3656 567">
    <p class='ocr_par' dir='ltr' id='par_1_3' title="bbox 2083 492 3656 567">
     <span class='ocr_line' id='line_1_3' title="bbox 2083 492 3656 567; baseline 0.008 -22"><span class='ocrx_word' id='word_1_14' title='bbox 2083 492 2180 562; x_wconf 81' lang='grc' dir='ltr'>μὲν</span> <span class='ocrx_word' id='word_1_15' title='bbox 2205 494 2592 565; x_wconf 70' lang='grc' dir='ltr'><strong>ὑποκρίνονται</strong></span> <span class='ocrx_word' id='word_1_16' title='bbox 2645 498 2922 567; x_wconf 74' lang='grc' dir='ltr'><strong>στέργειν,</strong></span> <span class='ocrx_word' id='word_1_17' title='bbox 2984 498 3076 552; x_wconf 80' lang='grc' dir='ltr'><strong>καὶ</strong></span> <span class='ocrx_word' id='word_1_18' title='bbox 3130 496 3226 561; x_wconf 78' lang='grc' dir='ltr'><strong>τὰς</strong></span> <span class='ocrx_word' id='word_1_19' title='bbox 3277 500 3385 554; x_wconf 80' lang='grc' dir='ltr'>τῶν</span> <span class='ocrx_word' id='word_1_20' title='bbox 3419 502 3656 558; x_wconf 81' lang='grc' dir='ltr'>ἀποστό-</span> 
     </span>
    </p>
   </div>
   <div class='ocr_carea' id='block_1_4' title="bbox 376 574 1963 649">
    <p class='ocr_par' dir='ltr' id='par_1_4' title="bbox 376 574 1963 649">
     <span class='ocr_line' id='line_1_4' title="bbox 376 574 1963 649; baseline 0.004 -20"><span class='ocrx_word' id='word_1_21' title='bbox 376 590 606 647; x_wconf 81' lang='lat' dir='ltr'><strong>prorsus</strong></span> <span class='ocrx_word' id='word_1_22' title='bbox 628 574 884 643; x_wconf 81' lang='lat' dir='ltr'><strong>rejiciunt</strong></span> <span class='ocrx_word' id='word_1_23' title='bbox 910 574 1244 643; x_wconf 86' lang='lat' dir='ltr'><strong>Scripturas,</strong></span> <span class='ocrx_word' id='word_1_24' title='bbox 1275 592 1376 631; x_wconf 86' lang='lat' dir='ltr'><strong>nec</strong></span> <span class='ocrx_word' id='word_1_25' title='bbox 1396 579 1696 649; x_wconf 79' lang='lat' dir='ltr'><strong>quidquam</strong></span> <span class='ocrx_word' id='word_1_26' title='bbox 1731 596 1963 649; x_wconf 70' lang='lat' dir='ltr'><strong>cvange-</strong></span> 
     </span>
    </p>
   </div>
   <div class='ocr_carea' id='block_1_5' title="bbox 377 665 1966 739">
    <p class='ocr_par' dir='ltr' id='par_1_5' title="bbox 377 665 1966 739">
     <span class='ocr_line' id='line_1_5' title="bbox 377 665 1966 739; baseline 0.003 -18"><span class='ocrx_word' id='word_1_27' title='bbox 377 667 608 723; x_wconf 88' lang='lat' dir='ltr'><strong>licorum</strong></span> <span class='ocrx_word' id='word_1_28' title='bbox 633 675 688 721; x_wconf 92' lang='lat' dir='ltr'><strong>et</strong></span> <span class='ocrx_word' id='word_1_29' title='bbox 713 666 1142 736; x_wconf 86' lang='lat' dir='ltr'><strong>apostolicorum</strong></span> <span class='ocrx_word' id='word_1_30' title='bbox 1164 665 1392 735; x_wconf 87' lang='lat' dir='ltr'><strong>faciunt,</strong></span> <span class='ocrx_word' id='word_1_31' title='bbox 1416 668 1511 723; x_wconf 89' lang='lat' dir='ltr'><strong>sed</strong></span> <span class='ocrx_word' id='word_1_32' title='bbox 1539 672 1718 739; x_wconf 90' lang='lat' dir='ltr'><strong>potius</strong></span> <span class='ocrx_word' id='word_1_33' title='bbox 1752 680 1966 725; x_wconf 87' lang='lat' dir='ltr'><strong>centra-</strong></span> 
     </span>
    </p>
   </div>
   <div class='ocr_carea' id='block_1_6' title="bbox 376 757 1961 828">
    <p class='ocr_par' dir='ltr' id='par_1_6' title="bbox 376 757 1961 828">
     <span class='ocr_line' id='line_1_6' title="bbox 376 757 1961 828; baseline 0.003 -16"><span class='ocrx_word' id='word_1_34' title='bbox 376 757 456 812; x_wconf 87' lang='lat' dir='ltr'><strong>ria</strong></span> <span class='ocrx_word' id='word_1_35' title='bbox 492 757 862 825; x_wconf 89' lang='lat' dir='ltr'><strong>committunt,</strong></span> <span class='ocrx_word' id='word_1_36' title='bbox 896 758 1096 828; x_wconf 78' lang='lat' dir='ltr'><strong>quippe</strong></span> <span class='ocrx_word' id='word_1_37' title='bbox 1133 760 1201 813; x_wconf 90' lang='lat' dir='ltr'><strong>ab</strong></span> <span class='ocrx_word' id='word_1_38' title='bbox 1222 759 1542 815; x_wconf 84' lang='lat' dir='ltr'><strong>adversario</strong></span> <span class='ocrx_word' id='word_1_39' title='bbox 1563 762 1671 815; x_wconf 84' lang='lat' dir='ltr'><strong>acti</strong></span> <span class='ocrx_word' id='word_1_40' title='bbox 1698 762 1961 816; x_wconf 87' lang='lat' dir='ltr'><strong>omnibus</strong></span> 
     </span>
    </p>
   </div>
   <div class='ocr_carea' id='block_1_7' title="bbox 380 848 1966 917">
    <p class='ocr_par' dir='ltr' id='par_1_7' title="bbox 380 848 1966 917">
     <span class='ocr_line' id='line_1_7' title="bbox 380 848 1966 917; baseline -0.001 -13"><span class='ocrx_word' id='word_1_41' title='bbox 380 849 592 904; x_wconf 90' lang='lat' dir='ltr'><strong>Domini</strong></span> <span class='ocrx_word' id='word_1_42' title='bbox 623 848 827 913; x_wconf 80' lang='lat' dir='ltr'><strong>verbis,</strong></span> <span class='ocrx_word' id='word_1_43' title='bbox 881 849 1143 917; x_wconf 85' lang='lat' dir='ltr'><strong>operibus</strong></span> <span class='ocrx_word' id='word_1_44' title='bbox 1195 858 1253 904; x_wconf 88' lang='lat' dir='ltr'><strong>et</strong></span> <span class='ocrx_word' id='word_1_45' title='bbox 1313 851 1703 906; x_wconf 80' lang='lat' dir='ltr'><strong>traditionibus</strong></span> <span class='ocrx_word' id='word_1_46' title='bbox 1769 852 1966 907; x_wconf 79' lang='lat' dir='ltr'><strong>adrer-</strong></span> 
     </span>
    </p>
   </div>
   <div class='ocr_carea' id='block_1_8' title="bbox 374 941 1964 1012">
    <p class='ocr_par' dir='ltr' id='par_1_8' title="bbox 374 941 1964 1012">
     <span class='ocr_line' id='line_1_8' title="bbox 374 941 1964 1012; baseline 0.001 -16"><span class='ocrx_word' id='word_1_47' title='bbox 374 951 590 996; x_wconf 87' lang='lat' dir='ltr'><strong>santur.</strong></span> <span class='ocrx_word' id='word_1_48' title='bbox 626 941 821 996; x_wconf 77' lang='lat' dir='ltr'><strong>Verum</strong></span> <span class='ocrx_word' id='word_1_49' title='bbox 853 944 1039 1012; x_wconf 89' lang='lat' dir='ltr'><strong>potius</strong></span> <span class='ocrx_word' id='word_1_50' title='bbox 1071 942 1299 998; x_wconf 84' lang='lat' dir='ltr'><strong>student</strong></span> <span class='ocrx_word' id='word_1_51' title='bbox 1337 950 1447 998; x_wconf 88' lang='lat' dir='ltr'><strong>toto</strong></span> <span class='ocrx_word' id='word_1_52' title='bbox 1478 945 1644 998; x_wconf 84' lang='lat' dir='ltr'><strong>corde</strong></span> <span class='ocrx_word' id='word_1_53' title='bbox 1678 944 1964 1012; x_wconf 74' lang='lat' dir='ltr'><strong>COgilatio-</strong></span> 
     </span>
    </p>
   </div>
   <div class='ocr_carea' id='block_1_9' title="bbox 375 1030 1966 1103">
    <p class='ocr_par' dir='ltr' id='par_1_9' title="bbox 375 1030 1966 1103">
     <span class='ocr_line' id='line_1_9' title="bbox 375 1030 1966 1103; baseline 0.003 -19"><span class='ocrx_word' id='word_1_54' title='bbox 375 1030 539 1086; x_wconf 86' lang='lat' dir='ltr'><strong>nibus</strong></span> <span class='ocrx_word' id='word_1_55' title='bbox 592 1031 961 1102; x_wconf 85' lang='lat' dir='ltr'><strong>Operibusque</strong></span> <span class='ocrx_word' id='word_1_56' title='bbox 1014 1033 1250 1101; x_wconf 80' lang='lat' dir='ltr'><strong>partium</strong></span> <span class='ocrx_word' id='word_1_57' title='bbox 1329 1034 1674 1096; x_wconf 78' lang='lat' dir='ltr'><strong>Antichristi,</strong></span> <span class='ocrx_word' id='word_1_58' title='bbox 1738 1033 1966 1103; x_wconf 81' lang='lat' dir='ltr'><strong>quibus-</strong></span> 
     </span>
    </p>
   </div>
   <div class='ocr_carea' id='block_1_10' title="bbox 371 1122 1966 1195">
    <p class='ocr_par' dir='ltr' id='par_1_10' title="bbox 371 1122 1966 1195">
     <span class='ocr_line' id='line_1_10' title="bbox 371 1122 1966 1195; baseline 0.003 -18"><span class='ocrx_word' id='word_1_59' title='bbox 371 1125 499 1178; x_wconf 86' lang='lat' dir='ltr'><strong>dam</strong></span> <span class='ocrx_word' id='word_1_60' title='bbox 532 1122 811 1179; x_wconf 91' lang='lat' dir='ltr'><strong>furoribus</strong></span> <span class='ocrx_word' id='word_1_61' title='bbox 840 1133 1097 1195; x_wconf 80' lang='lat' dir='ltr'><strong>aguntur,</strong></span> <span class='ocrx_word' id='word_1_62' title='bbox 1132 1141 1322 1194; x_wconf 87' lang='lat' dir='ltr'><strong>preces</strong></span> <span class='ocrx_word' id='word_1_63' title='bbox 1353 1127 1403 1179; x_wconf 86' lang='lat' dir='ltr'><strong>in</strong></span> <span class='ocrx_word' id='word_1_64' title='bbox 1439 1136 1654 1181; x_wconf 86' lang='lat' dir='ltr'><strong>secreto</strong></span> <span class='ocrx_word' id='word_1_65' title='bbox 1707 1127 1966 1181; x_wconf 74' lang='lat' dir='ltr'><strong>lascivos-</strong></span> 
     </span>
    </p>
   </div>
   <div class='ocr_carea' id='block_1_11' title="bbox 371 1215 1959 1285">
    <p class='ocr_par' dir='ltr' id='par_1_11' title="bbox 371 1215 1959 1285">
     <span class='ocr_line' id='line_1_11' title="bbox 371 1215 1959 1285; baseline 0.002 -18"><span class='ocrx_word' id='word_1_66' title='bbox 371 1229 480 1284; x_wconf 86' lang='lat' dir='ltr'><strong>que</strong></span> <span class='ocrx_word' id='word_1_67' title='bbox 510 1227 706 1270; x_wconf 88' lang='lat' dir='ltr'><strong>cautus</strong></span> <span class='ocrx_word' id='word_1_68' title='bbox 742 1216 959 1284; x_wconf 89' lang='lat' dir='ltr'><strong>aliaque</strong></span> <span class='ocrx_word' id='word_1_69' title='bbox 990 1215 1155 1285; x_wconf 86' lang='lat' dir='ltr'><strong>impia</strong></span> <span class='ocrx_word' id='word_1_70' title='bbox 1187 1223 1241 1268; x_wconf 88' lang='lat' dir='ltr'><strong>et</strong></span> <span class='ocrx_word' id='word_1_71' title='bbox 1275 1215 1456 1285; x_wconf 90' lang='lat' dir='ltr'><strong>turpia</strong></span> <span class='ocrx_word' id='word_1_72' title='bbox 1485 1224 1653 1285; x_wconf 87' lang='lat' dir='ltr'><strong>atque</strong></span> <span class='ocrx_word' id='word_1_73' title='bbox 1712 1217 1959 1271; x_wconf 85' lang='lat' dir='ltr'><strong>immun-</strong></span> 
     </span>
    </p>
   </div>
   <div class='ocr_carea' id='block_1_12' title="bbox 372 1308 1966 1378">
    <p class='ocr_par' dir='ltr' id='par_1_12' title="bbox 372 1308 1966 1378">
     <span class='ocr_line' id='line_1_12' title="bbox 372 1308 1966 1378; baseline 0.001 -16"><span class='ocrx_word' id='word_1_74' title='bbox 372 1308 603 1362; x_wconf 85' lang='lat' dir='ltr'><strong>dissima</strong></span> <span class='ocrx_word' id='word_1_75' title='bbox 667 1315 1005 1376; x_wconf 79' lang='lat' dir='ltr'><strong>operantur,</strong></span> <span class='ocrx_word' id='word_1_76' title='bbox 1058 1322 1182 1377; x_wconf 64' lang='lat' dir='ltr'><strong>qua:</strong></span> <span class='ocrx_word' id='word_1_77' title='bbox 1233 1323 1343 1361; x_wconf 90' lang='lat' dir='ltr'><strong>non</strong></span> <span class='ocrx_word' id='word_1_78' title='bbox 1399 1308 1484 1363; x_wconf 77' lang='lat' dir='ltr'><strong>fus</strong></span> <span class='ocrx_word' id='word_1_79' title='bbox 1543 1316 1630 1364; x_wconf 89' lang='lat' dir='ltr'><strong>est</strong></span> <span class='ocrx_word' id='word_1_80' title='bbox 1679 1308 1966 1378; x_wconf 69' lang='lat' dir='ltr'><strong>scriptura:</strong></span> 
     </span>
    </p>
   </div>
   <div class='ocr_carea' id='block_1_13' title="bbox 372 1400 1963 1469">
    <p class='ocr_par' dir='ltr' id='par_1_13' title="bbox 372 1400 1963 1469">
     <span class='ocr_line' id='line_1_13' title="bbox 372 1400 1963 1469; baseline 0.001 -16"><span class='ocrx_word' id='word_1_81' title='bbox 372 1402 741 1455; x_wconf 83' lang='lat' dir='ltr'><strong>committere.</strong></span> <span class='ocrx_word' id='word_1_82' title='bbox 772 1400 1042 1469; x_wconf 79' lang='lat' dir='ltr'><strong>Rejicinnt</strong></span> <span class='ocrx_word' id='word_1_83' title='bbox 1067 1401 1233 1455; x_wconf 88' lang='lat' dir='ltr'><strong>etiam</strong></span> <span class='ocrx_word' id='word_1_84' title='bbox 1267 1416 1391 1454; x_wconf 91' lang='lat' dir='ltr'><strong>eum</strong></span> <span class='ocrx_word' id='word_1_85' title='bbox 1427 1400 1734 1455; x_wconf 84' lang='lat' dir='ltr'><strong>fideomnia</strong></span> <span class='ocrx_word' id='word_1_86' title='bbox 1757 1401 1963 1455; x_wconf 77' lang='lat' dir='ltr'><strong>Christi</strong></span> 
     </span>
    </p>
   </div>
   <div class='ocr_carea' id='block_1_14' title="bbox 373 1490 1958 1561">
    <p class='ocr_par' dir='ltr' id='par_1_14' title="bbox 373 1490 1958 1561">
     <span class='ocr_line' id='line_1_14' title="bbox 373 1490 1958 1561; baseline 0.001 -17"><span class='ocrx_word' id='word_1_87' title='bbox 373 1491 656 1561; x_wconf 81' lang='lat' dir='ltr'><strong>mysteria,</strong></span> <span class='ocrx_word' id='word_1_88' title='bbox 673 1490 794 1544; x_wconf 83' lang='lat' dir='ltr'><strong>etin</strong></span> <span class='ocrx_word' id='word_1_89' title='bbox 820 1505 885 1545; x_wconf 88' lang='lat' dir='ltr'><strong>ea</strong></span> <span class='ocrx_word' id='word_1_90' title='bbox 901 1499 1164 1546; x_wconf 83' lang='lat' dir='ltr'><strong>evomunt</strong></span> <span class='ocrx_word' id='word_1_91' title='bbox 1186 1490 1580 1559; x_wconf 79' lang='lat' dir='ltr'><strong>blaspliemias,</strong></span> <span class='ocrx_word' id='word_1_92' title='bbox 1600 1491 1655 1545; x_wconf 88' lang='lat' dir='ltr'><strong>in</strong></span> <span class='ocrx_word' id='word_1_93' title='bbox 1682 1490 1958 1547; x_wconf 82' lang='lat' dir='ltr'><strong>divinissi-</strong></span> 
     </span>
    </p>
   </div>
   <div class='ocr_carea' id='block_1_15' title="bbox 372 1581 1961 1650">
    <p class='ocr_par' dir='ltr' id='par_1_15' title="bbox 372 1581 1961 1650">
     <span class='ocr_line' id='line_1_15' title="bbox 372 1581 1961 1650; baseline 0.001 -14"><span class='ocrx_word' id='word_1_94' title='bbox 372 1597 524 1636; x_wconf 84' lang='lat' dir='ltr'><strong>mum</strong></span> <span class='ocrx_word' id='word_1_95' title='bbox 549 1581 849 1650; x_wconf 86' lang='lat' dir='ltr'><strong>baptisma,</strong></span> <span class='ocrx_word' id='word_1_96' title='bbox 881 1596 1095 1636; x_wconf 83' lang='lat' dir='ltr'><strong>sacram</strong></span> <span class='ocrx_word' id='word_1_97' title='bbox 1122 1582 1592 1647; x_wconf 87' lang='lat' dir='ltr'><strong>communionem,</strong></span> <span class='ocrx_word' id='word_1_98' title='bbox 1629 1583 1961 1638; x_wconf 87' lang='lat' dir='ltr'><strong>crucisado-</strong></span> 
     </span>
    </p>
   </div>
   <div class='ocr_carea' id='block_1_16' title="bbox 371 1673 1965 1745">
    <p class='ocr_par' dir='ltr' id='par_1_16' title="bbox 371 1673 1965 1745">
     <span class='ocr_line' id='line_1_16' title="bbox 371 1673 1965 1745; baseline 0.001 -17"><span class='ocrx_word' id='word_1_99' title='bbox 371 1673 559 1728; x_wconf 80' lang='lat' dir='ltr'><strong>randae</strong></span> <span class='ocrx_word' id='word_1_100' title='bbox 589 1673 854 1743; x_wconf 80' lang='lat' dir='ltr'><strong>signum,</strong></span> <span class='ocrx_word' id='word_1_101' title='bbox 881 1687 1070 1728; x_wconf 87' lang='lat' dir='ltr'><strong>sacras</strong></span> <span class='ocrx_word' id='word_1_102' title='bbox 1106 1673 1394 1743; x_wconf 78' lang='lat' dir='ltr'><strong>imagines,</strong></span> <span class='ocrx_word' id='word_1_103' title='bbox 1460 1674 1657 1742; x_wconf 87' lang='lat' dir='ltr'><strong>templa</strong></span> <span class='ocrx_word' id='word_1_104' title='bbox 1711 1686 1965 1745; x_wconf 84' lang='lat' dir='ltr'><strong>augusta,</strong></span> 
     </span>
    </p>
   </div>
   <div class='ocr_carea' id='block_1_17' title="bbox 2074 582 3656 662">
    <p class='ocr_par' dir='ltr' id='par_1_17' title="bbox 2074 582 3656 662">
     <span class='ocr_line' id='line_1_17' title="bbox 2074 582 3656 662; baseline 0.008 -26"><span class='ocrx_word' id='word_1_105' title='bbox 2074 582 2183 638; x_wconf 88' lang='grc' dir='ltr'><strong>λων</strong></span> <span class='ocrx_word' id='word_1_106' title='bbox 2207 585 2262 637; x_wconf 83' lang='grc' dir='ltr'><strong>δὲ</strong></span> <span class='ocrx_word' id='word_1_107' title='bbox 2289 586 2579 650; x_wconf 75' lang='grc' dir='ltr'>ἐπιστολάς</span> <span class='ocrx_word' id='word_1_108' title='bbox 2615 604 2674 641; x_wconf 87' lang='grc' dir='ltr'><strong>τε</strong></span> <span class='ocrx_word' id='word_1_109' title='bbox 2705 590 2800 641; x_wconf 82' lang='grc' dir='ltr'><strong>καὶ</strong></span> <span class='ocrx_word' id='word_1_110' title='bbox 2828 589 3087 658; x_wconf 75' lang='grc' dir='ltr'>Πράξεις.</span> <span class='ocrx_word' id='word_1_111' title='bbox 3152 592 3297 662; x_wconf 72' lang='grc' dir='ltr'>Πλὴν</span> <span class='ocrx_word' id='word_1_112' title='bbox 3347 595 3442 647; x_wconf 67' lang='grc' dir='ltr'>καὶ.</span> <span class='ocrx_word' id='word_1_113' title='bbox 3489 582 3656 658; x_wconf 76' lang='grc' dir='ltr'>αὐτὰς</span> 
     </span>
    </p>
   </div>
   <div class='ocr_carea' id='block_1_18' title="bbox 2073 674 3658 752">
    <p class='ocr_par' dir='ltr' id='par_1_18' title="bbox 2073 674 3658 752">
     <span class='ocr_line' id='line_1_18' title="bbox 2073 674 3658 752; baseline 0.008 -25"><span class='ocrx_word' id='word_1_114' title='bbox 2073 674 2170 730; x_wconf 83' lang='grc' dir='ltr'>καὶ</span> <span class='ocrx_word' id='word_1_115' title='bbox 2210 675 2310 741; x_wconf 82' lang='grc' dir='ltr'>τὰς</span> <span class='ocrx_word' id='word_1_116' title='bbox 2339 676 2506 743; x_wconf 79' lang='grc' dir='ltr'>ἄλλας</span> <span class='ocrx_word' id='word_1_117' title='bbox 2539 678 2792 746; x_wconf 78' lang='grc' dir='ltr'><strong>καθάπαξ</strong></span> <span class='ocrx_word' id='word_1_118' title='bbox 2815 680 3073 735; x_wconf 83' lang='grc' dir='ltr'>άθετοῦσι</span> <span class='ocrx_word' id='word_1_119' title='bbox 3107 683 3352 752; x_wconf 65' lang='grc' dir='ltr'>Γραφάς.</span> <span class='ocrx_word' id='word_1_120' title='bbox 3405 687 3515 741; x_wconf 75' lang='grc' dir='ltr'><strong>Καὶ</strong></span> <span class='ocrx_word' id='word_1_121' title='bbox 3569 690 3658 741; x_wconf 70' lang='grc' dir='ltr'><strong>οὐ·</strong></span> 
     </span>
    </p>
   </div>
   <div class='ocr_carea' id='block_1_19' title="bbox 2070 769 3657 846">
    <p class='ocr_par' dir='ltr' id='par_1_19' title="bbox 2070 769 3657 846">
     <span class='ocr_line' id='line_1_19' title="bbox 2070 769 3657 846; baseline 0.006 -25"><span class='ocrx_word' id='word_1_122' title='bbox 2070 769 2158 821; x_wconf 73' lang='grc' dir='ltr'><strong>δὲν</strong></span> <span class='ocrx_word' id='word_1_123' title='bbox 2209 769 2260 821; x_wconf 76' lang='grc' dir='ltr'>οὶ</span> <span class='ocrx_word' id='word_1_124' title='bbox 2311 769 2466 824; x_wconf 77' lang='grc' dir='ltr'>ἄθεοι</span> <span class='ocrx_word' id='word_1_125' title='bbox 2532 771 2821 841; x_wconf 70' lang='grc' dir='ltr'><strong>ἐνεργοῦσι</strong></span> <span class='ocrx_word' id='word_1_126' title='bbox 2868 773 2979 826; x_wconf 82' lang='grc' dir='ltr'>τῶν</span> <span class='ocrx_word' id='word_1_127' title='bbox 3029 774 3416 846; x_wconf 83' lang='grc' dir='ltr'>εὑαγγελικῶν</span> <span class='ocrx_word' id='word_1_128' title='bbox 3453 795 3510 833; x_wconf 75' lang='grc' dir='ltr'><strong>τε</strong></span> <span class='ocrx_word' id='word_1_129' title='bbox 3567 784 3657 833; x_wconf 76' lang='grc' dir='ltr'><strong>καὶ</strong></span> 
     </span>
    </p>
   </div>
   <div class='ocr_carea' id='block_1_20' title="bbox 2071 862 3656 940">
    <p class='ocr_par' dir='ltr' id='par_1_20' title="bbox 2071 862 3656 940">
     <span class='ocr_line' id='line_1_20' title="bbox 2071 862 3656 940; baseline 0.006 -26"><span class='ocrx_word' id='word_1_130' title='bbox 2071 862 2477 928; x_wconf 86' lang='grc' dir='ltr'>ἀποστολικῶν,</span> <span class='ocrx_word' id='word_1_131' title='bbox 2540 864 2681 918; x_wconf 78' lang='grc' dir='ltr'>ἀλλὰ</span> <span class='ocrx_word' id='word_1_132' title='bbox 2731 865 2992 919; x_wconf 82' lang='grc' dir='ltr'>τάναντία</span> <span class='ocrx_word' id='word_1_133' title='bbox 3041 867 3267 937; x_wconf 75' lang='grc' dir='ltr'>μᾶλλον,</span> <span class='ocrx_word' id='word_1_134' title='bbox 3321 871 3384 922; x_wconf 70' lang='grc' dir='ltr'>ὲκ</span> <span class='ocrx_word' id='word_1_135' title='bbox 3420 870 3519 940; x_wconf 82' lang='grc' dir='ltr'>τῆς</span> <span class='ocrx_word' id='word_1_136' title='bbox 3560 875 3656 926; x_wconf 75' lang='grc' dir='ltr'><strong>τοῦ</strong></span> 
     </span>
    </p>
   </div>
   <div class='ocr_carea' id='block_1_21' title="bbox 2071 954 3655 1026">
    <p class='ocr_par' dir='ltr' id='par_1_21' title="bbox 2071 954 3655 1026">
     <span class='ocr_line' id='line_1_21' title="bbox 2071 954 3655 1026; baseline 0.007 -23"><span class='ocrx_word' id='word_1_137' title='bbox 2071 954 2321 1006; x_wconf 79' lang='grc' dir='ltr'><strong>ἐναντίου</strong></span> <span class='ocrx_word' id='word_1_138' title='bbox 2381 955 2656 1025; x_wconf 84' lang='grc' dir='ltr'>κινήσεως</span> <span class='ocrx_word' id='word_1_139' title='bbox 2743 956 3155 1026; x_wconf 71' lang='grc' dir='ltr'>ἐναντιούμενοι</span> <span class='ocrx_word' id='word_1_140' title='bbox 3213 961 3349 1013; x_wconf 83' lang='grc' dir='ltr'>πᾶσι</span> <span class='ocrx_word' id='word_1_141' title='bbox 3395 963 3511 1024; x_wconf 87' lang='grc' dir='ltr'>τοῖς</span> <span class='ocrx_word' id='word_1_142' title='bbox 3562 960 3655 1014; x_wconf 88' lang='grc' dir='ltr'><strong>τοῦ</strong></span> 
     </span>
    </p>
   </div>
   <div class='ocr_carea' id='block_1_22' title="bbox 2071 1046 3654 1122">
    <p class='ocr_par' dir='ltr' id='par_1_22' title="bbox 2071 1046 3654 1122">
     <span class='ocr_line' id='line_1_22' title="bbox 2071 1046 3654 1122; baseline 0.006 -25"><span class='ocrx_word' id='word_1_143' title='bbox 2071 1046 2282 1114; x_wconf 81' lang='grc' dir='ltr'>Κυρίου</span> <span class='ocrx_word' id='word_1_144' title='bbox 2311 1046 2498 1114; x_wconf 85' lang='grc' dir='ltr'>λόγοις</span> <span class='ocrx_word' id='word_1_145' title='bbox 2531 1050 2629 1102; x_wconf 76' lang='grc' dir='ltr'>καὶ</span> <span class='ocrx_word' id='word_1_146' title='bbox 2660 1047 2847 1118; x_wconf 77' lang='grc' dir='ltr'>ἔργοις</span> <span class='ocrx_word' id='word_1_147' title='bbox 2882 1050 2979 1103; x_wconf 77' lang='grc' dir='ltr'>καὶ</span> <span class='ocrx_word' id='word_1_148' title='bbox 3008 1052 3363 1122; x_wconf 77' lang='grc' dir='ltr'>παραδόσεσι.</span> <span class='ocrx_word' id='word_1_149' title='bbox 3424 1052 3654 1107; x_wconf 82' lang='grc' dir='ltr'>Τελοῦσι</span> 
     </span>
    </p>
   </div>
   <div class='ocr_carea' id='block_1_23' title="bbox 2069 1136 3653 1215">
    <p class='ocr_par' dir='ltr' id='par_1_23' title="bbox 2069 1136 3653 1215">
     <span class='ocr_line' id='line_1_23' title="bbox 2069 1136 3653 1215; baseline 0.006 -27"><span class='ocrx_word' id='word_1_150' title='bbox 2069 1136 2128 1189; x_wconf 73' lang='grc' dir='ltr'><strong>δὲ</strong></span> <span class='ocrx_word' id='word_1_151' title='bbox 2161 1137 2365 1206; x_wconf 84' lang='grc' dir='ltr'>μᾶλλον</span> <span class='ocrx_word' id='word_1_152' title='bbox 2395 1139 2714 1207; x_wconf 81' lang='grc' dir='ltr'>ὁλοσχερῶς</span> <span class='ocrx_word' id='word_1_153' title='bbox 2745 1140 2981 1204; x_wconf 78' lang='grc' dir='ltr'>ἐννοίαις</span> <span class='ocrx_word' id='word_1_154' title='bbox 3006 1159 3066 1195; x_wconf 88' lang='grc' dir='ltr'><strong>τε</strong></span> <span class='ocrx_word' id='word_1_155' title='bbox 3097 1142 3192 1195; x_wconf 80' lang='grc' dir='ltr'>καὶ</span> <span class='ocrx_word' id='word_1_156' title='bbox 3225 1142 3410 1215; x_wconf 78' lang='grc' dir='ltr'>ἔργοις</span> <span class='ocrx_word' id='word_1_157' title='bbox 3438 1144 3537 1214; x_wconf 80' lang='grc' dir='ltr'>τῆς</span> <span class='ocrx_word' id='word_1_158' title='bbox 3561 1145 3653 1197; x_wconf 80' lang='grc' dir='ltr'><strong>τοῦ</strong></span> 
     </span>
    </p>
   </div>
   <div class='ocr_carea' id='block_1_24' title="bbox 2084 1228 3656 1303">
    <p class='ocr_par' dir='ltr' id='par_1_24' title="bbox 2084 1228 3656 1303">
     <span class='ocr_line' id='line_1_24' title="bbox 2084 1228 3656 1303; baseline 0.004 -22"><span class='ocrx_word' id='word_1_159' title='bbox 2084 1228 2463 1299; x_wconf 61' lang='grc' dir='ltr'>’Διτιχρίστου</span> <span class='ocrx_word' id='word_1_160' title='bbox 2531 1231 2776 1303; x_wconf 73' lang='grc' dir='ltr'>μερίδος,</span> <span class='ocrx_word' id='word_1_161' title='bbox 2842 1233 3279 1302; x_wconf 80' lang='grc' dir='ltr'>ὲνθουσιασμούς</span> <span class='ocrx_word' id='word_1_162' title='bbox 3343 1253 3497 1300; x_wconf 90' lang='grc' dir='ltr'>τινας</span> <span class='ocrx_word' id='word_1_163' title='bbox 3560 1238 3656 1289; x_wconf 71' lang='grc' dir='ltr'>καὶ</span> 
     </span>
    </p>
   </div>
   <div class='ocr_carea' id='block_1_25' title="bbox 2074 1321 3650 1395">
    <p class='ocr_par' dir='ltr' id='par_1_25' title="bbox 2074 1321 3650 1395">
     <span class='ocr_line' id='line_1_25' title="bbox 2074 1321 3650 1395; baseline 0.004 -22"><span class='ocrx_word' id='word_1_164' title='bbox 2074 1321 2386 1393; x_wconf 82' lang='grc' dir='ltr'>προσευχὰς</span> <span class='ocrx_word' id='word_1_165' title='bbox 2419 1322 2478 1374; x_wconf 70' lang='grc' dir='ltr'>ἐν</span> <span class='ocrx_word' id='word_1_166' title='bbox 2507 1321 2737 1394; x_wconf 80' lang='grc' dir='ltr'>κρυπτῷ</span> <span class='ocrx_word' id='word_1_167' title='bbox 2775 1324 2867 1377; x_wconf 74' lang='grc' dir='ltr'>καὶ</span> <span class='ocrx_word' id='word_1_168' title='bbox 2899 1325 3116 1395; x_wconf 69' lang='grc' dir='ltr'>ἐπῳδὰς</span> <span class='ocrx_word' id='word_1_169' title='bbox 3144 1323 3371 1394; x_wconf 83' lang='grc' dir='ltr'>μιαρὰς,</span> <span class='ocrx_word' id='word_1_170' title='bbox 3391 1328 3488 1381; x_wconf 75' lang='grc' dir='ltr'>καὶ</span> <span class='ocrx_word' id='word_1_171' title='bbox 3518 1326 3650 1381; x_wconf 79' lang='grc' dir='ltr'>ἄλλα</span> 
     </span>
    </p>
   </div>
   <div class='ocr_carea' id='block_1_26' title="bbox 2070 1411 3654 1487">
    <p class='ocr_par' dir='ltr' id='par_1_26' title="bbox 2070 1411 3654 1487">
     <span class='ocr_line' id='line_1_26' title="bbox 2070 1411 3654 1487; baseline 0.006 -24"><span class='ocrx_word' id='word_1_172' title='bbox 2070 1411 2203 1466; x_wconf 79' lang='grc' dir='ltr'>ἄθεα</span> <span class='ocrx_word' id='word_1_173' title='bbox 2236 1413 2585 1484; x_wconf 75' lang='grc' dir='ltr'>ἐνεργοῦντες</span> <span class='ocrx_word' id='word_1_174' title='bbox 2612 1416 2705 1468; x_wconf 76' lang='grc' dir='ltr'>καὶ</span> <span class='ocrx_word' id='word_1_175' title='bbox 2736 1417 2904 1486; x_wconf 73' lang='grc' dir='ltr'>ἐναγῆ</span> <span class='ocrx_word' id='word_1_176' title='bbox 2940 1419 3038 1470; x_wconf 72' lang='grc' dir='ltr'>καὶ</span> <span class='ocrx_word' id='word_1_177' title='bbox 3075 1416 3432 1487; x_wconf 77' lang='grc' dir='ltr'>παμϐἐὸηλα,</span> <span class='ocrx_word' id='word_1_178' title='bbox 3496 1419 3654 1473; x_wconf 77' lang='grc' dir='ltr'>ἅτινα</span> 
     </span>
    </p>
   </div>
   <div class='ocr_carea' id='block_1_27' title="bbox 2069 1501 3655 1579">
    <p class='ocr_par' dir='ltr' id='par_1_27' title="bbox 2069 1501 3655 1579">
     <span class='ocr_line' id='line_1_27' title="bbox 2069 1501 3655 1579; baseline 0.004 -22"><span class='ocrx_word' id='word_1_179' title='bbox 2069 1501 2191 1559; x_wconf 79' lang='grc' dir='ltr'>οῦδὲ</span> <span class='ocrx_word' id='word_1_180' title='bbox 2219 1506 2445 1577; x_wconf 82' lang='grc' dir='ltr'>θεμιτὸν</span> <span class='ocrx_word' id='word_1_181' title='bbox 2474 1512 2665 1579; x_wconf 72' lang='grc' dir='ltr'>γραφῇ</span> <span class='ocrx_word' id='word_1_182' title='bbox 2699 1507 3062 1577; x_wconf 87' lang='grc' dir='ltr'>παραδοῦναι.</span> <span class='ocrx_word' id='word_1_183' title='bbox 3109 1510 3392 1564; x_wconf 82' lang='grc' dir='ltr'>’Δθετοῦσι</span> <span class='ocrx_word' id='word_1_184' title='bbox 3448 1512 3506 1565; x_wconf 78' lang='grc' dir='ltr'><strong>δὲ</strong></span> <span class='ocrx_word' id='word_1_185' title='bbox 3556 1513 3655 1565; x_wconf 77' lang='grc' dir='ltr'><strong>σὺν</strong></span> 
     </span>
    </p>
   </div>
   <div class='ocr_carea' id='block_1_28' title="bbox 2069 1597 3656 1672">
    <p class='ocr_par' dir='ltr' id='par_1_28' title="bbox 2069 1597 3656 1672">
     <span class='ocr_line' id='line_1_28' title="bbox 2069 1597 3656 1672; baseline 0.002 -22"><span class='ocrx_word' id='word_1_186' title='bbox 2069 1599 2135 1668; x_wconf 84' lang='grc' dir='ltr'>τῇ</span> <span class='ocrx_word' id='word_1_187' title='bbox 2163 1597 2346 1650; x_wconf 90' lang='grc' dir='ltr'>πίστει</span> <span class='ocrx_word' id='word_1_188' title='bbox 2373 1600 2468 1652; x_wconf 75' lang='grc' dir='ltr'><strong>καὶ</strong></span> <span class='ocrx_word' id='word_1_189' title='bbox 2495 1601 2676 1653; x_wconf 83' lang='grc' dir='ltr'>πάντα</span> <span class='ocrx_word' id='word_1_190' title='bbox 2716 1598 2811 1654; x_wconf 89' lang='grc' dir='ltr'><strong>τοῦ</strong></span> <span class='ocrx_word' id='word_1_191' title='bbox 2844 1601 3087 1671; x_wconf 83' lang='grc' dir='ltr'>Χριστοῦ</span> <span class='ocrx_word' id='word_1_192' title='bbox 3133 1600 3203 1654; x_wconf 75' lang='grc' dir='ltr'>τὰ</span> <span class='ocrx_word' id='word_1_193' title='bbox 3225 1604 3525 1672; x_wconf 82' lang='grc' dir='ltr'>μυστήρια,</span> <span class='ocrx_word' id='word_1_194' title='bbox 3561 1603 3656 1657; x_wconf 77' lang='grc' dir='ltr'>καὶ</span> 
     </span>
    </p>
   </div>
   <div class='ocr_carea' id='block_1_29' title="bbox 2070 1689 3655 1765">
    <p class='ocr_par' dir='ltr' id='par_1_29' title="bbox 2070 1689 3655 1765">
     <span class='ocr_line' id='line_1_29' title="bbox 2070 1689 3655 1765; baseline 0.003 -23"><span class='ocrx_word' id='word_1_195' title='bbox 2070 1689 2152 1751; x_wconf 86' lang='grc' dir='ltr'>εἰς</span> <span class='ocrx_word' id='word_1_196' title='bbox 2180 1689 2326 1744; x_wconf 68' lang='grc' dir='ltr'>αὐτὰ</span> <span class='ocrx_word' id='word_1_197' title='bbox 2363 1689 2805 1761; x_wconf 78' lang='grc' dir='ltr'>βλασφημοῦσιν,</span> <span class='ocrx_word' id='word_1_198' title='bbox 2834 1693 2914 1755; x_wconf 75' lang='grc' dir='ltr'>εἷς</span> <span class='ocrx_word' id='word_1_199' title='bbox 2954 1709 3014 1746; x_wconf 82' lang='grc' dir='ltr'><strong>τε</strong></span> <span class='ocrx_word' id='word_1_200' title='bbox 3042 1693 3102 1746; x_wconf 82' lang='grc' dir='ltr'>τὸ</span> <span class='ocrx_word' id='word_1_201' title='bbox 3138 1693 3420 1749; x_wconf 87' lang='grc' dir='ltr'>θειότατον</span> <span class='ocrx_word' id='word_1_202' title='bbox 3453 1693 3655 1765; x_wconf 78' lang='grc' dir='ltr'>βάπτι-</span> 
     </span>
    </p>
   </div>
   <div class='ocr_carea' id='block_1_30' title="bbox 369 1767 1966 1852">
    <p class='ocr_par' dir='ltr' id='par_1_30' title="bbox 369 1767 1966 1840">
     <span class='ocr_line' id='line_1_30' title="bbox 369 1767 1966 1840; baseline -0.002 -15"><span class='ocrx_word' id='word_1_203' title='bbox 369 1770 586 1825; x_wconf 85' lang='lat' dir='ltr'><strong>divinas</strong></span> <span class='ocrx_word' id='word_1_204' title='bbox 618 1769 750 1840; x_wconf 76' lang='lat' dir='ltr'><strong>legis</strong></span> <span class='ocrx_word' id='word_1_205' title='bbox 783 1777 838 1824; x_wconf 90' lang='lat' dir='ltr'><strong>et</strong></span> <span class='ocrx_word' id='word_1_206' title='bbox 868 1769 1262 1840; x_wconf 85' lang='lat' dir='ltr'><strong>prophetarum</strong></span> <span class='ocrx_word' id='word_1_207' title='bbox 1298 1767 1633 1838; x_wconf 88' lang='lat' dir='ltr'><strong>Scripturas,</strong></span> <span class='ocrx_word' id='word_1_208' title='bbox 1654 1770 1966 1837; x_wconf 88' lang='lat' dir='ltr'><strong>justosom-</strong></span> 
     </span>
    </p>
   </div>
   <div class='ocr_carea' id='block_1_31' title="bbox 2069 1767 3653 1852">
    <p class='ocr_par' dir='ltr' id='par_1_31' title="bbox 2069 1780 3653 1852">
     <span class='ocr_line' id='line_1_31' title="bbox 2069 1780 3653 1852; baseline 0.003 -20"><span class='ocrx_word' id='word_1_209' title='bbox 2069 1796 2182 1849; x_wconf 86' lang='grc' dir='ltr'><strong>σμα</strong></span> <span class='ocrx_word' id='word_1_210' title='bbox 2238 1780 2337 1833; x_wconf 75' lang='grc' dir='ltr'>καὶ</span> <span class='ocrx_word' id='word_1_211' title='bbox 2379 1782 2479 1852; x_wconf 86' lang='grc' dir='ltr'>τὴν</span> <span class='ocrx_word' id='word_1_212' title='bbox 2519 1784 2672 1852; x_wconf 75' lang='grc' dir='ltr'>ἱερὰν</span> <span class='ocrx_word' id='word_1_213' title='bbox 2715 1782 3160 1851; x_wconf 52' lang='grc' dir='ltr'>κοινωνίαννκαὶ</span> <span class='ocrx_word' id='word_1_214' title='bbox 3184 1785 3273 1838; x_wconf 80' lang='grc' dir='ltr'><strong>τὸν</strong></span> <span class='ocrx_word' id='word_1_215' title='bbox 3331 1784 3506 1839; x_wconf 78' lang='grc' dir='ltr'>τύπον</span> <span class='ocrx_word' id='word_1_216' title='bbox 3558 1785 3653 1839; x_wconf 68' lang='grc' dir='ltr'><strong>τοῦ</strong></span> 
     </span>
    </p>
   </div>
   <div class='ocr_carea' id='block_1_32' title="bbox 373 1852 1966 1944">
    <p class='ocr_par' dir='ltr' id='par_1_32' title="bbox 373 1860 1960 1934">
     <span class='ocr_line' id='line_1_32' title="bbox 373 1860 1960 1934; baseline -0.003 -14"><span class='ocrx_word' id='word_1_217' title='bbox 373 1879 472 1920; x_wconf 87' lang='lat' dir='ltr'><strong>nes</strong></span> <span class='ocrx_word' id='word_1_218' title='bbox 504 1871 560 1918; x_wconf 92' lang='lat' dir='ltr'><strong>et</strong></span> <span class='ocrx_word' id='word_1_219' title='bbox 585 1872 876 1934; x_wconf 82' lang='lat' dir='ltr'><strong>martyres,</strong></span> <span class='ocrx_word' id='word_1_220' title='bbox 902 1861 1264 1917; x_wconf 84' lang='lat' dir='ltr'><strong>bierarcbiam</strong></span> <span class='ocrx_word' id='word_1_221' title='bbox 1294 1871 1347 1916; x_wconf 91' lang='lat' dir='ltr'><strong>et</strong></span> <span class='ocrx_word' id='word_1_222' title='bbox 1366 1871 1606 1924; x_wconf 87' lang='lat' dir='ltr'><strong>sanctos,</strong></span> <span class='ocrx_word' id='word_1_223' title='bbox 1641 1876 1748 1915; x_wconf 89' lang='lat' dir='ltr'><strong>uuo</strong></span> <span class='ocrx_word' id='word_1_224' title='bbox 1773 1860 1960 1926; x_wconf 82' lang='lat' dir='ltr'><strong>verbo,</strong></span> 
     </span>
    </p>
   </div>
   <div class='ocr_carea' id='block_1_33' title="bbox 2069 1852 3755 1944">
    <p class='ocr_par' dir='ltr' id='par_1_33' title="bbox 2069 1871 3755 1944">
     <span class='ocr_line' id='line_1_33' title="bbox 2069 1871 3755 1944; baseline 0.003 -22"><span class='ocrx_word' id='word_1_225' title='bbox 2069 1871 2251 1942; x_wconf 85' lang='grc' dir='ltr'>τιμίου</span> <span class='ocrx_word' id='word_1_226' title='bbox 2283 1873 2549 1942; x_wconf 84' lang='grc' dir='ltr'>σταυροῦ,</span> <span class='ocrx_word' id='word_1_227' title='bbox 2573 1873 2672 1936; x_wconf 81' lang='grc' dir='ltr'><strong>τὰς</strong></span> <span class='ocrx_word' id='word_1_228' title='bbox 2709 1874 2860 1944; x_wconf 71' lang='grc' dir='ltr'>ἱεράς</span> <span class='ocrx_word' id='word_1_229' title='bbox 2888 1893 2947 1929; x_wconf 76' lang='grc' dir='ltr'><strong>τε</strong></span> <span class='ocrx_word' id='word_1_230' title='bbox 2995 1877 3235 1942; x_wconf 75' lang='grc' dir='ltr'>εἰκόνας,</span> <span class='ocrx_word' id='word_1_231' title='bbox 3272 1879 3406 1941; x_wconf 80' lang='grc' dir='ltr'>τοὺς</span> <span class='ocrx_word' id='word_1_232' title='bbox 3489 1878 3658 1932; x_wconf 76' lang='grc' dir='ltr'>σεσα-</span> <span class='ocrx_word' id='word_1_233' title='bbox 3750 1922 3755 1927; x_wconf 84' lang='grc'><strong>,</strong></span> 
     </span>
    </p>
   </div>
   <div class='ocr_carea' id='block_1_34' title="bbox 372 1951 1966 2023">
    <p class='ocr_par' dir='ltr' id='par_1_34' title="bbox 372 1951 1966 2023">
     <span class='ocr_line' id='line_1_34' title="bbox 372 1951 1966 2023; baseline -0.001 -13"><span class='ocrx_word' id='word_1_234' title='bbox 372 1955 430 2010; x_wconf 87' lang='lat' dir='ltr'><strong>in</strong></span> <span class='ocrx_word' id='word_1_235' title='bbox 462 1954 647 2009; x_wconf 85' lang='lat' dir='ltr'><strong>omnia</strong></span> <span class='ocrx_word' id='word_1_236' title='bbox 675 1969 798 2023; x_wconf 74' lang='lat' dir='ltr'><strong>qua:</strong></span> <span class='ocrx_word' id='word_1_237' title='bbox 821 1964 1008 2010; x_wconf 89' lang='lat' dir='ltr'><strong>sancta</strong></span> <span class='ocrx_word' id='word_1_238' title='bbox 1031 1961 1184 2020; x_wconf 89' lang='lat' dir='ltr'><strong>sunt,</strong></span> <span class='ocrx_word' id='word_1_239' title='bbox 1214 1953 1514 2008; x_wconf 88' lang='lat' dir='ltr'><strong>secundum</strong></span> <span class='ocrx_word' id='word_1_240' title='bbox 1556 1951 1727 2011; x_wconf 89' lang='lat' dir='ltr'><strong>Satan</strong></span> <span class='ocrx_word' id='word_1_241' title='bbox 1748 1964 1966 2021; x_wconf 87' lang='lat' dir='ltr'><strong>aposta-</strong></span> 
     </span>
    </p>
   </div>
   <div class='ocr_carea' id='block_1_35' title="bbox 369 2044 1965 2115">
    <p class='ocr_par' dir='ltr' id='par_1_35' title="bbox 369 2044 1965 2115">
     <span class='ocr_line' id='line_1_35' title="bbox 369 2044 1965 2115; baseline -0.002 -12"><span class='ocrx_word' id='word_1_242' title='bbox 369 2056 482 2103; x_wconf 87' lang='lat' dir='ltr'><strong>tam</strong></span> <span class='ocrx_word' id='word_1_243' title='bbox 506 2055 560 2101; x_wconf 87' lang='lat' dir='ltr'><strong>et</strong></span> <span class='ocrx_word' id='word_1_244' title='bbox 591 2047 893 2111; x_wconf 59' lang='lat' dir='ltr'><strong>daemones,</strong></span> <span class='ocrx_word' id='word_1_245' title='bbox 923 2045 1124 2115; x_wconf 86' lang='lat' dir='ltr'><strong>quibus</strong></span> <span class='ocrx_word' id='word_1_246' title='bbox 1161 2045 1373 2100; x_wconf 82' lang='lat' dir='ltr'><strong>incitati</strong></span> <span class='ocrx_word' id='word_1_247' title='bbox 1414 2045 1595 2101; x_wconf 89' lang='lat' dir='ltr'><strong>solum</strong></span> <span class='ocrx_word' id='word_1_248' title='bbox 1650 2046 1709 2100; x_wconf 80' lang='lat' dir='ltr'><strong>in</strong></span> <span class='ocrx_word' id='word_1_249' title='bbox 1742 2091 1754 2101; x_wconf 89' lang='lat'><strong>.</strong></span> <span class='ocrx_word' id='word_1_250' title='bbox 1774 2044 1965 2100; x_wconf 85' lang='lat' dir='ltr'><strong>Trini-</strong></span> 
     </span>
    </p>
   </div>
   <div class='ocr_carea' id='block_1_36' title="bbox 370 2137 1965 2209">
    <p class='ocr_par' dir='ltr' id='par_1_36' title="bbox 370 2137 1965 2209">
     <span class='ocr_line' id='line_1_36' title="bbox 370 2137 1965 2209; baseline 0 -17"><span class='ocrx_word' id='word_1_251' title='bbox 370 2149 482 2194; x_wconf 88' lang='lat' dir='ltr'><strong>tate</strong></span> <span class='ocrx_word' id='word_1_252' title='bbox 508 2138 700 2202; x_wconf 88' lang='lat' dir='ltr'><strong>Deum,</strong></span> <span class='ocrx_word' id='word_1_253' title='bbox 735 2138 1010 2208; x_wconf 85' lang='lat' dir='ltr'><strong>Verbiqne</strong></span> <span class='ocrx_word' id='word_1_254' title='bbox 1040 2137 1477 2193; x_wconf 77' lang='lat' dir='ltr'><strong>[incarnationem</strong></span> <span class='ocrx_word' id='word_1_255' title='bbox 1512 2147 1569 2194; x_wconf 90' lang='lat' dir='ltr'><strong>et</strong></span> <span class='ocrx_word' id='word_1_256' title='bbox 1600 2138 1787 2193; x_wconf 85' lang='lat' dir='ltr'><strong>omnia</strong></span> <span class='ocrx_word' id='word_1_257' title='bbox 1840 2152 1965 2209; x_wconf 61' lang='lat' dir='ltr'><strong>quae</strong></span> 
     </span>
    </p>
   </div>
   <div class='ocr_carea' id='block_1_37' title="bbox 372 2230 1965 2305">
    <p class='ocr_par' dir='ltr' id='par_1_37' title="bbox 372 2230 1965 2305">
     <span class='ocr_line' id='line_1_37' title="bbox 372 2230 1965 2305; baseline -0.003 -15"><span class='ocrx_word' id='word_1_258' title='bbox 372 2233 470 2289; x_wconf 88' lang='lat' dir='ltr'><strong>Dei</strong></span> <span class='ocrx_word' id='word_1_259' title='bbox 504 2242 635 2289; x_wconf 84' lang='lat' dir='ltr'><strong>sunt</strong></span> <span class='ocrx_word' id='word_1_260' title='bbox 654 2233 888 2305; x_wconf 73' lang='lat' dir='ltr'><strong>turpiter</strong></span> <span class='ocrx_word' id='word_1_261' title='bbox 925 2232 1327 2301; x_wconf 83' lang='lat' dir='ltr'><strong>biaspbemant.</strong></span> <span class='ocrx_word' id='word_1_262' title='bbox 1378 2230 1505 2286; x_wconf 76' lang='lat' dir='ltr'><strong>lizrc</strong></span> <span class='ocrx_word' id='word_1_263' title='bbox 1568 2241 1754 2286; x_wconf 90' lang='lat' dir='ltr'><strong>autem</strong></span> <span class='ocrx_word' id='word_1_264' title='bbox 1806 2232 1965 2286; x_wconf 89' lang='lat' dir='ltr'><strong>nobis</strong></span> 
     </span>
    </p>
   </div>
   <div class='ocr_carea' id='block_1_38' title="bbox 373 2322 1962 2393">
    <p class='ocr_par' dir='ltr' id='par_1_38' title="bbox 373 2322 1962 2393">
     <span class='ocr_line' id='line_1_38' title="bbox 373 2322 1962 2393; baseline -0.006 -10"><span class='ocrx_word' id='word_1_265' title='bbox 373 2325 601 2383; x_wconf 78' lang='lat' dir='ltr'><strong>tradidit</strong></span> <span class='ocrx_word' id='word_1_266' title='bbox 627 2324 879 2380; x_wconf 81' lang='lat' dir='ltr'><strong>Salvator</strong></span> <span class='ocrx_word' id='word_1_267' title='bbox 908 2332 1097 2379; x_wconf 90' lang='lat' dir='ltr'><strong>noster</strong></span> <span class='ocrx_word' id='word_1_268' title='bbox 1158 2323 1252 2392; x_wconf 87' lang='lat' dir='ltr'><strong>qui</strong></span> <span class='ocrx_word' id='word_1_269' title='bbox 1303 2322 1679 2393; x_wconf 87' lang='lat' dir='ltr'><strong>apostolorum</strong></span> <span class='ocrx_word' id='word_1_270' title='bbox 1735 2337 1962 2377; x_wconf 84' lang='lat' dir='ltr'><strong>suorum</strong></span> 
     </span>
    </p>
   </div>
   <div class='ocr_carea' id='block_1_39' title="bbox 373 2415 1965 2489">
    <p class='ocr_par' dir='ltr' id='par_1_39' title="bbox 373 2415 1965 2489">
     <span class='ocr_line' id='line_1_39' title="bbox 373 2415 1965 2489; baseline -0.004 -15"><span class='ocrx_word' id='word_1_271' title='bbox 373 2419 637 2489; x_wconf 84' lang='lat' dir='ltr'><strong>operibus</strong></span> <span class='ocrx_word' id='word_1_272' title='bbox 675 2425 731 2472; x_wconf 91' lang='lat' dir='ltr'><strong>et</strong></span> <span class='ocrx_word' id='word_1_273' title='bbox 756 2416 1106 2472; x_wconf 87' lang='lat' dir='ltr'><strong>sermonibus</strong></span> <span class='ocrx_word' id='word_1_274' title='bbox 1139 2416 1390 2471; x_wconf 88' lang='lat' dir='ltr'><strong>divinum</strong></span> <span class='ocrx_word' id='word_1_275' title='bbox 1428 2415 1702 2483; x_wconf 86' lang='lat' dir='ltr'><strong>baptisma</strong></span> <span class='ocrx_word' id='word_1_276' title='bbox 1729 2415 1965 2469; x_wconf 85' lang='lat' dir='ltr'><strong>commi-</strong></span> 
     </span>
    </p>
   </div>
   <div class='ocr_carea' id='block_1_40' title="bbox 374 2508 1966 2581">
    <p class='ocr_par' dir='ltr' id='par_1_40' title="bbox 374 2508 1966 2581">
     <span class='ocr_line' id='line_1_40' title="bbox 374 2508 1966 2581; baseline -0.004 -15"><span class='ocrx_word' id='word_1_277' title='bbox 374 2514 467 2578; x_wconf 84' lang='lat' dir='ltr'><strong>sit,</strong></span> <span class='ocrx_word' id='word_1_278' title='bbox 491 2512 941 2581; x_wconf 86' lang='lat' dir='ltr'><strong>tremendamque</strong></span> <span class='ocrx_word' id='word_1_279' title='bbox 960 2509 1205 2579; x_wconf 78' lang='lat' dir='ltr'><strong>corporis</strong></span> <span class='ocrx_word' id='word_1_280' title='bbox 1229 2520 1281 2563; x_wconf 89' lang='lat' dir='ltr'><strong>et</strong></span> <span class='ocrx_word' id='word_1_281' title='bbox 1300 2508 1588 2579; x_wconf 79' lang='lat' dir='ltr'><strong>sanguinis</strong></span> <span class='ocrx_word' id='word_1_282' title='bbox 1608 2509 1695 2563; x_wconf 90' lang='lat' dir='ltr'><strong>sui</strong></span> <span class='ocrx_word' id='word_1_283' title='bbox 1720 2522 1966 2562; x_wconf 82' lang='lat' dir='ltr'><strong>comnm-</strong></span> 
     </span>
    </p>
   </div>
   <div class='ocr_carea' id='block_1_41' title="bbox 374 2600 1962 2673">
    <p class='ocr_par' dir='ltr' id='par_1_41' title="bbox 374 2600 1962 2673">
     <span class='ocr_line' id='line_1_41' title="bbox 374 2600 1962 2673; baseline -0.003 -15"><span class='ocrx_word' id='word_1_284' title='bbox 374 2605 594 2660; x_wconf 83' lang='lat' dir='ltr'><strong>nionem</strong></span> <span class='ocrx_word' id='word_1_285' title='bbox 618 2615 954 2673; x_wconf 87' lang='lat' dir='ltr'><strong>sacrumque</strong></span> <span class='ocrx_word' id='word_1_286' title='bbox 982 2600 1373 2667; x_wconf 71' lang='lat' dir='ltr'><strong>ministerium,</strong></span> <span class='ocrx_word' id='word_1_287' title='bbox 1399 2611 1453 2656; x_wconf 90' lang='lat' dir='ltr'><strong>et</strong></span> <span class='ocrx_word' id='word_1_288' title='bbox 1489 2610 1685 2654; x_wconf 63' lang='lat' dir='ltr'><strong>caetera</strong></span> <span class='ocrx_word' id='word_1_289' title='bbox 1720 2602 1838 2670; x_wconf 83' lang='lat' dir='ltr'><strong>ejus</strong></span> <span class='ocrx_word' id='word_1_290' title='bbox 1885 2602 1962 2654; x_wconf 56' lang='lat' dir='ltr'><strong>div</strong></span> 
     </span>
    </p>
   </div>
   <div class='ocr_carea' id='block_1_42' title="bbox 376 2690 1967 2766">
    <p class='ocr_par' dir='ltr' id='par_1_42' title="bbox 376 2690 1967 2766">
     <span class='ocr_line' id='line_1_42' title="bbox 376 2690 1967 2766; baseline -0.004 -16"><span class='ocrx_word' id='word_1_291' title='bbox 376 2696 503 2750; x_wconf 81' lang='lat' dir='ltr'><strong>vina</strong></span> <span class='ocrx_word' id='word_1_292' title='bbox 530 2693 814 2766; x_wconf 80' lang='lat' dir='ltr'><strong>mysteria.</strong></span> <span class='ocrx_word' id='word_1_293' title='bbox 874 2692 998 2762; x_wconf 85' lang='lat' dir='ltr'><strong>Ipse</strong></span> <span class='ocrx_word' id='word_1_294' title='bbox 1041 2693 1207 2748; x_wconf 80' lang='lat' dir='ltr'><strong>etiam</strong></span> <span class='ocrx_word' id='word_1_295' title='bbox 1273 2708 1378 2748; x_wconf 83' lang='lat' dir='ltr'><strong>nos</strong></span> <span class='ocrx_word' id='word_1_296' title='bbox 1427 2693 1733 2748; x_wconf 77' lang='lat' dir='ltr'><strong>orationem</strong></span> <span class='ocrx_word' id='word_1_297' title='bbox 1762 2708 1777 2746; x_wconf 85' lang='lat'><strong>:</strong></span> <span class='ocrx_word' id='word_1_298' title='bbox 1805 2690 1967 2746; x_wconf 80' lang='lat' dir='ltr'><strong>Pater</strong></span> 
     </span>
    </p>
   </div>
   <div class='ocr_carea' id='block_1_43' title="bbox 374 2782 1964 2857">
    <p class='ocr_par' dir='ltr' id='par_1_43' title="bbox 374 2782 1964 2857">
     <span class='ocr_line' id='line_1_43' title="bbox 374 2782 1964 2857; baseline -0.003 -15"><span class='ocrx_word' id='word_1_299' title='bbox 374 2796 572 2852; x_wconf 76' lang='lat' dir='ltr'><strong>noster,</strong></span> <span class='ocrx_word' id='word_1_300' title='bbox 605 2787 857 2857; x_wconf 85' lang='lat' dir='ltr'><strong>aliasque</strong></span> <span class='ocrx_word' id='word_1_301' title='bbox 883 2786 1076 2841; x_wconf 90' lang='lat' dir='ltr'><strong>docuit</strong></span> <span class='ocrx_word' id='word_1_302' title='bbox 1113 2801 1307 2857; x_wconf 84' lang='lat' dir='ltr'><strong>preces</strong></span> <span class='ocrx_word' id='word_1_303' title='bbox 1334 2785 1537 2855; x_wconf 83' lang='lat' dir='ltr'><strong>quibus</strong></span> <span class='ocrx_word' id='word_1_304' title='bbox 1574 2785 1689 2851; x_wconf 87' lang='lat' dir='ltr'><strong>ipse</strong></span> <span class='ocrx_word' id='word_1_305' title='bbox 1748 2782 1964 2838; x_wconf 85' lang='lat' dir='ltr'><strong>Patrem</strong></span> 
     </span>
    </p>
   </div>
   <div class='ocr_carea' id='block_1_44' title="bbox 374 2876 1967 2949">
    <p class='ocr_par' dir='ltr' id='par_1_44' title="bbox 374 2876 1967 2949">
     <span class='ocr_line' id='line_1_44' title="bbox 374 2876 1967 2949; baseline -0.002 -16"><span class='ocrx_word' id='word_1_306' title='bbox 374 2879 794 2949; x_wconf 84' lang='lat' dir='ltr'><strong>deprecabatur.</strong></span> <span class='ocrx_word' id='word_1_307' title='bbox 824 2877 1101 2933; x_wconf 86' lang='lat' dir='ltr'><strong>Debemus</strong></span> <span class='ocrx_word' id='word_1_308' title='bbox 1125 2876 1292 2932; x_wconf 85' lang='lat' dir='ltr'><strong>etiam</strong></span> <span class='ocrx_word' id='word_1_309' title='bbox 1327 2877 1501 2947; x_wconf 73' lang='lat' dir='ltr'><strong>legem</strong></span> <span class='ocrx_word' id='word_1_310' title='bbox 1566 2885 1623 2928; x_wconf 91' lang='lat' dir='ltr'><strong>et</strong></span> <span class='ocrx_word' id='word_1_311' title='bbox 1673 2876 1967 2944; x_wconf 85' lang='lat' dir='ltr'><strong>prophetas</strong></span> 
     </span>
    </p>
   </div>
   <div class='ocr_carea' id='block_1_45' title="bbox 372 2965 1965 3041">
    <p class='ocr_par' dir='ltr' id='par_1_45' title="bbox 372 2965 1965 3041">
     <span class='ocr_line' id='line_1_45' title="bbox 372 2965 1965 3041; baseline -0.003 -16"><span class='ocrx_word' id='word_1_312' title='bbox 372 2974 624 3041; x_wconf 89' lang='lat' dir='ltr'><strong>accipere</strong></span> <span class='ocrx_word' id='word_1_313' title='bbox 650 2986 774 3041; x_wconf 73' lang='lat' dir='ltr'><strong>qua:</strong></span> <span class='ocrx_word' id='word_1_314' title='bbox 826 2971 948 3039; x_wconf 87' lang='lat' dir='ltr'><strong>ejus</strong></span> <span class='ocrx_word' id='word_1_315' title='bbox 999 2970 1172 3040; x_wconf 78' lang='lat' dir='ltr'><strong>gratia</strong></span> <span class='ocrx_word' id='word_1_316' title='bbox 1223 2970 1505 3039; x_wconf 83' lang='lat' dir='ltr'><strong>praemissa</strong></span> <span class='ocrx_word' id='word_1_317' title='bbox 1563 2976 1709 3023; x_wconf 90' lang='lat' dir='ltr'><strong>sunt.</strong></span> <span class='ocrx_word' id='word_1_318' title='bbox 1772 2965 1965 3020; x_wconf 89' lang='lat' dir='ltr'><strong>Divina</strong></span> 
     </span>
    </p>
   </div>
   <div class='ocr_carea' id='block_1_46' title="bbox 373 3056 1963 3132">
    <p class='ocr_par' dir='ltr' id='par_1_46' title="bbox 373 3056 1963 3132">
     <span class='ocr_line' id='line_1_46' title="bbox 373 3056 1963 3132; baseline -0.006 -15"><span class='ocrx_word' id='word_1_319' title='bbox 373 3076 592 3132; x_wconf 73' lang='lat' dir='ltr'><strong>quoque</strong></span> <span class='ocrx_word' id='word_1_320' title='bbox 627 3074 959 3115; x_wconf 82' lang='lat' dir='ltr'><strong>veneremur</strong></span> <span class='ocrx_word' id='word_1_321' title='bbox 986 3059 1189 3128; x_wconf 87' lang='lat' dir='ltr'><strong>templa</strong></span> <span class='ocrx_word' id='word_1_322' title='bbox 1227 3074 1244 3124; x_wconf 88' lang='lat'><strong>;</strong></span> <span class='ocrx_word' id='word_1_323' title='bbox 1277 3058 1379 3112; x_wconf 82' lang='lat' dir='ltr'><strong>hoc</strong></span> <span class='ocrx_word' id='word_1_324' title='bbox 1404 3057 1548 3111; x_wconf 85' lang='lat' dir='ltr'><strong>enim</strong></span> <span class='ocrx_word' id='word_1_325' title='bbox 1579 3056 1739 3110; x_wconf 89' lang='lat' dir='ltr'><strong>nobis</strong></span> <span class='ocrx_word' id='word_1_326' title='bbox 1775 3066 1963 3110; x_wconf 80' lang='lat' dir='ltr'><strong>osten-</strong></span> 
     </span>
    </p>
   </div>
   <div class='ocr_carea' id='block_1_47' title="bbox 374 3147 1966 3220">
    <p class='ocr_par' dir='ltr' id='par_1_47' title="bbox 374 3147 1966 3220">
     <span class='ocr_line' id='line_1_47' title="bbox 374 3147 1966 3220; baseline -0.006 -10"><span class='ocrx_word' id='word_1_327' title='bbox 374 3155 458 3210; x_wconf 88' lang='lat' dir='ltr'><strong>dit</strong></span> <span class='ocrx_word' id='word_1_328' title='bbox 496 3170 560 3208; x_wconf 81' lang='lat' dir='ltr'><strong>ex</strong></span> <span class='ocrx_word' id='word_1_329' title='bbox 592 3153 687 3207; x_wconf 87' lang='lat' dir='ltr'><strong>illo</strong></span> <span class='ocrx_word' id='word_1_330' title='bbox 717 3152 919 3220; x_wconf 86' lang='lat' dir='ltr'><strong>templo</strong></span> <span class='ocrx_word' id='word_1_331' title='bbox 957 3160 1164 3216; x_wconf 83' lang='lat' dir='ltr'><strong>vetere,</strong></span> <span class='ocrx_word' id='word_1_332' title='bbox 1199 3147 1255 3204; x_wconf 87' lang='lat' dir='ltr'><strong>in</strong></span> <span class='ocrx_word' id='word_1_333' title='bbox 1297 3163 1409 3218; x_wconf 89' lang='lat' dir='ltr'><strong>quo</strong></span> <span class='ocrx_word' id='word_1_334' title='bbox 1437 3147 1644 3202; x_wconf 79' lang='lat' dir='ltr'><strong>nefarie</strong></span> <span class='ocrx_word' id='word_1_335' title='bbox 1673 3148 1966 3201; x_wconf 63' lang='lat' dir='ltr'><strong>venileutes</strong></span> 
     </span>
    </p>
   </div>
   <div class='ocr_carea' id='block_1_48' title="bbox 371 3217 2037 3316">
    <p class='ocr_par' dir='ltr' id='par_1_48' title="bbox 371 3217 2037 3316">
     <span class='ocr_line' id='line_1_48' title="bbox 371 3217 2037 3316; baseline -0.004 -16"><span class='ocrx_word' id='word_1_336' title='bbox 371 3217 1000 3316; x_wconf 51' lang='grc' dir='ltr'>Ωυευιιοριρυιίιξίιυοιι</span> <span class='ocrx_word' id='word_1_337' title='bbox 1024 3240 1292 3296; x_wconf 81' lang='lat' dir='ltr'><strong>orationis</strong></span> <span class='ocrx_word' id='word_1_338' title='bbox 1315 3217 1566 3304; x_wconf 86' lang='lat' dir='ltr'><strong>domum,</strong></span> <span class='ocrx_word' id='word_1_339' title='bbox 1583 3236 1969 3308; x_wconf 82' lang='lat' dir='ltr'><strong>suiquel’atris</strong></span> <span class='ocrx_word' id='word_1_340' title='bbox 1995 3217 2037 3275; x_wconf 60' lang='grc' dir='ltr'><strong>(ἶ</strong></span> 
     </span>
    </p>
   </div>
   <div class='ocr_carea' id='block_1_49' title="bbox 373 3329 1968 3405">
    <p class='ocr_par' dir='ltr' id='par_1_49' title="bbox 373 3329 1968 3405">
     <span class='ocr_line' id='line_1_49' title="bbox 373 3329 1968 3405; baseline -0.007 -13"><span class='ocrx_word' id='word_1_341' title='bbox 373 3339 599 3392; x_wconf 85' lang='lat' dir='ltr'><strong>domum</strong></span> <span class='ocrx_word' id='word_1_342' title='bbox 634 3333 948 3405; x_wconf 77' lang='lat' dir='ltr'><strong>appellavit.</strong></span> <span class='ocrx_word' id='word_1_343' title='bbox 986 3352 1004 3384; x_wconf 80' lang='grc' dir='ltr'><strong>ι</strong></span> <span class='ocrx_word' id='word_1_344' title='bbox 1036 3333 1103 3387; x_wconf 82' lang='lat' dir='ltr'><strong>Et</strong></span> <span class='ocrx_word' id='word_1_345' title='bbox 1135 3347 1242 3387; x_wconf 88' lang='lat' dir='ltr'><strong>non</strong></span> <span class='ocrx_word' id='word_1_346' title='bbox 1273 3334 1515 3396; x_wconf 84' lang='lat' dir='ltr'><strong>sinebat,</strong></span> <span class='ocrx_word' id='word_1_347' title='bbox 1541 3333 1619 3385; x_wconf 85' lang='lat' dir='ltr'><strong>ait</strong></span> <span class='ocrx_word' id='word_1_348' title='bbox 1641 3329 1878 3393; x_wconf 77' lang='lat' dir='ltr'><strong>Marcus,</strong></span> <span class='ocrx_word' id='word_1_349' title='bbox 1910 3337 1968 3381; x_wconf 89' lang='lat' dir='ltr'><strong>ut</strong></span> 
     </span>
    </p>
   </div>
   <div class='ocr_carea' id='block_1_50' title="bbox 372 3422 1966 3498">
    <p class='ocr_par' dir='ltr' id='par_1_50' title="bbox 372 3422 1966 3498">
     <span class='ocr_line' id='line_1_50' title="bbox 372 3422 1966 3498; baseline -0.004 -17"><span class='ocrx_word' id='word_1_350' title='bbox 372 3429 667 3498; x_wconf 76' lang='lat' dir='ltr'><strong>quisquam</strong></span> <span class='ocrx_word' id='word_1_351' title='bbox 690 3425 1011 3480; x_wconf 74' lang='lat' dir='ltr'><strong>transferret</strong></span> <span class='ocrx_word' id='word_1_352' title='bbox 1026 3440 1120 3478; x_wconf 84' lang='lat' dir='ltr'><strong>vas</strong></span> <span class='ocrx_word' id='word_1_353' title='bbox 1146 3438 1244 3494; x_wconf 86' lang='lat' dir='ltr'><strong>per</strong></span> <span class='ocrx_word' id='word_1_354' title='bbox 1268 3423 1552 3493; x_wconf 86' lang='lat' dir='ltr'><strong>templum,</strong></span> <span class='ocrx_word' id='word_1_355' title='bbox 1596 3441 1615 3475; x_wconf 75' lang='grc' dir='ltr'><strong><em>ι</em></strong></span> <span class='ocrx_word' id='word_1_356' title='bbox 1638 3422 1839 3491; x_wconf 82' lang='lat' dir='ltr'><strong>quibus</strong></span> <span class='ocrx_word' id='word_1_357' title='bbox 1869 3435 1966 3474; x_wconf 89' lang='lat' dir='ltr'><strong>nos</strong></span> 
     </span>
    </p>
   </div>
   <div class='ocr_carea' id='block_1_51' title="bbox 373 3512 1966 3584">
    <p class='ocr_par' dir='ltr' id='par_1_51' title="bbox 373 3512 1966 3584">
     <span class='ocr_line' id='line_1_51' title="bbox 373 3512 1966 3584; baseline -0.006 -7"><span class='ocrx_word' id='word_1_358' title='bbox 373 3521 568 3577; x_wconf 83' lang='lat' dir='ltr'><strong>docuit</strong></span> <span class='ocrx_word' id='word_1_359' title='bbox 591 3518 1001 3573; x_wconf 84' lang='lat' dir='ltr'><strong>venerationem</strong></span> <span class='ocrx_word' id='word_1_360' title='bbox 1024 3516 1224 3571; x_wconf 80' lang='lat' dir='ltr'><strong>divinis</strong></span> <span class='ocrx_word' id='word_1_361' title='bbox 1241 3514 1459 3584; x_wconf 86' lang='lat' dir='ltr'><strong>templis</strong></span> <span class='ocrx_word' id='word_1_362' title='bbox 1475 3515 1739 3569; x_wconf 84' lang='lat' dir='ltr'><strong>debitam.</strong></span> <span class='ocrx_word' id='word_1_363' title='bbox 1772 3512 1966 3568; x_wconf 86' lang='lat' dir='ltr'><strong>Crucis</strong></span> 
     </span>
    </p>
   </div>
   <div class='ocr_carea' id='block_1_52' title="bbox 372 3608 1969 3681">
    <p class='ocr_par' dir='ltr' id='par_1_52' title="bbox 372 3608 1969 3681">
     <span class='ocr_line' id='line_1_52' title="bbox 372 3608 1969 3681; baseline -0.008 -12"><span class='ocrx_word' id='word_1_364' title='bbox 372 3622 559 3669; x_wconf 83' lang='lat' dir='ltr'><strong>autem</strong></span> <span class='ocrx_word' id='word_1_365' title='bbox 586 3612 817 3681; x_wconf 67' lang='lat' dir='ltr'><strong>figuram</strong></span> <span class='ocrx_word' id='word_1_366' title='bbox 842 3614 1055 3680; x_wconf 68' lang='lat' dir='ltr'><strong>signum</strong></span> <span class='ocrx_word' id='word_1_367' title='bbox 1087 3624 1247 3664; x_wconf 89' lang='lat' dir='ltr'><strong>suum</strong></span> <span class='ocrx_word' id='word_1_368' title='bbox 1274 3608 1514 3671; x_wconf 75' lang='lat' dir='ltr'><strong>vocavit,</strong></span> <span class='ocrx_word' id='word_1_369' title='bbox 1536 3617 1590 3661; x_wconf 85' lang='lat' dir='ltr'><strong>et</strong></span> <span class='ocrx_word' id='word_1_370' title='bbox 1615 3617 1740 3661; x_wconf 87' lang='lat' dir='ltr'><strong>ante</strong></span> <span class='ocrx_word' id='word_1_371' title='bbox 1767 3608 1969 3659; x_wconf 81' lang='lat' dir='ltr'><strong>adven-</strong></span> 
     </span>
    </p>
   </div>
   <div class='ocr_carea' id='block_1_53' title="bbox 376 3699 1963 3774">
    <p class='ocr_par' dir='ltr' id='par_1_53' title="bbox 376 3699 1963 3774">
     <span class='ocr_line' id='line_1_53' title="bbox 376 3699 1963 3774; baseline -0.006 -13"><span class='ocrx_word' id='word_1_372' title='bbox 376 3717 495 3761; x_wconf 68' lang='lat' dir='ltr'><strong>tum</strong></span> <span class='ocrx_word' id='word_1_373' title='bbox 516 3720 678 3760; x_wconf 89' lang='lat' dir='ltr'><strong>suum</strong></span> <span class='ocrx_word' id='word_1_374' title='bbox 706 3707 1065 3774; x_wconf 75' lang='lat' dir='ltr'><strong>posteriorem</strong></span> <span class='ocrx_word' id='word_1_375' title='bbox 1085 3717 1208 3757; x_wconf 88' lang='lat' dir='ltr'><strong>eam</strong></span> <span class='ocrx_word' id='word_1_376' title='bbox 1230 3700 1518 3755; x_wconf 83' lang='lat' dir='ltr'><strong>videndam</strong></span> <span class='ocrx_word' id='word_1_377' title='bbox 1537 3715 1657 3755; x_wconf 82' lang='lat' dir='ltr'><strong>esse</strong></span> <span class='ocrx_word' id='word_1_378' title='bbox 1678 3699 1922 3768; x_wconf 67' lang='lat' dir='ltr'><strong>pruulixil</strong></span> <span class='ocrx_word' id='word_1_379' title='bbox 1951 3715 1963 3751; x_wconf 89' lang='lat'><strong>:</strong></span> 
     </span>
    </p>
   </div>
   <div class='ocr_carea' id='block_1_54' title="bbox 379 3790 1963 3864">
    <p class='ocr_par' dir='ltr' id='par_1_54' title="bbox 379 3790 1963 3864">
     <span class='ocr_line' id='line_1_54' title="bbox 379 3790 1963 3864; baseline -0.004 -15"><span class='ocrx_word' id='word_1_380' title='bbox 379 3817 400 3849; x_wconf 70' lang='grc' dir='ltr'><strong>ε</strong></span> <span class='ocrx_word' id='word_1_381' title='bbox 443 3795 616 3860; x_wconf 88' lang='lat' dir='ltr'><strong>Tunc,</strong></span> <span class='ocrx_word' id='word_1_382' title='bbox 649 3795 846 3864; x_wconf 88' lang='lat' dir='ltr'><strong>inquit,</strong></span> <span class='ocrx_word' id='word_1_383' title='bbox 892 3795 1178 3863; x_wconf 73' lang='lat' dir='ltr'><strong>apparebit</strong></span> <span class='ocrx_word' id='word_1_384' title='bbox 1215 3793 1432 3862; x_wconf 75' lang='lat' dir='ltr'><strong>signum</strong></span> <span class='ocrx_word' id='word_1_385' title='bbox 1471 3790 1595 3845; x_wconf 85' lang='lat' dir='ltr'><strong>Filii</strong></span> <span class='ocrx_word' id='word_1_386' title='bbox 1638 3791 1874 3845; x_wconf 84' lang='lat' dir='ltr'><strong>hominis</strong></span> <span class='ocrx_word' id='word_1_387' title='bbox 1912 3792 1963 3843; x_wconf 90' lang='lat' dir='ltr'><strong>in</strong></span> 
     </span>
    </p>
   </div>
   <div class='ocr_carea' id='block_1_55' title="bbox 373 3882 1964 3957">
    <p class='ocr_par' dir='ltr' id='par_1_55' title="bbox 373 3882 1964 3957">
     <span class='ocr_line' id='line_1_55' title="bbox 373 3882 1964 3957; baseline -0.006 -12"><span class='ocrx_word' id='word_1_388' title='bbox 373 3891 538 3954; x_wconf 71' lang='lat' dir='ltr'><strong>cmlo,</strong></span> <span class='ocrx_word' id='word_1_389' title='bbox 581 3908 600 3942; x_wconf 74' lang='grc' dir='ltr'><strong>ι</strong></span> <span class='ocrx_word' id='word_1_390' title='bbox 638 3889 693 3943; x_wconf 87' lang='lat' dir='ltr'><strong>id</strong></span> <span class='ocrx_word' id='word_1_391' title='bbox 726 3899 811 3943; x_wconf 90' lang='lat' dir='ltr'><strong>est</strong></span> <span class='ocrx_word' id='word_1_392' title='bbox 854 3903 1013 3951; x_wconf 80' lang='lat' dir='ltr'><strong>crux,</strong></span> <span class='ocrx_word' id='word_1_393' title='bbox 1043 3902 1208 3957; x_wconf 88' lang='lat' dir='ltr'><strong>quam</strong></span> <span class='ocrx_word' id='word_1_394' title='bbox 1242 3886 1563 3954; x_wconf 82' lang='lat' dir='ltr'><strong>imperatori</strong></span> <span class='ocrx_word' id='word_1_395' title='bbox 1599 3882 1964 3938; x_wconf 82' lang='lat' dir='ltr'><strong>Constantino</strong></span> 
     </span>
    </p>
   </div>
   <div class='ocr_carea' id='block_1_56' title="bbox 374 3976 1965 4048">
    <p class='ocr_par' dir='ltr' id='par_1_56' title="bbox 374 3976 1965 4048">
     <span class='ocr_line' id='line_1_56' title="bbox 374 3976 1965 4048; baseline -0.008 -7"><span class='ocrx_word' id='word_1_396' title='bbox 374 4000 593 4041; x_wconf 77' lang='lat' dir='ltr'><strong>sursum</strong></span> <span class='ocrx_word' id='word_1_397' title='bbox 619 3982 879 4048; x_wconf 75' lang='lat' dir='ltr'><strong>ostendit,</strong></span> <span class='ocrx_word' id='word_1_398' title='bbox 907 3990 962 4035; x_wconf 90' lang='lat' dir='ltr'><strong>et</strong></span> <span class='ocrx_word' id='word_1_399' title='bbox 1017 3980 1097 4035; x_wconf 90' lang='lat' dir='ltr'><strong>sic</strong></span> <span class='ocrx_word' id='word_1_400' title='bbox 1140 3995 1267 4034; x_wconf 88' lang='lat' dir='ltr'><strong>eum</strong></span> <span class='ocrx_word' id='word_1_401' title='bbox 1318 3978 1385 4032; x_wconf 87' lang='lat' dir='ltr'><strong>ad</strong></span> <span class='ocrx_word' id='word_1_402' title='bbox 1428 3976 1588 4032; x_wconf 83' lang='lat' dir='ltr'><strong>(idem</strong></span> <span class='ocrx_word' id='word_1_403' title='bbox 1613 3992 1768 4033; x_wconf 89' lang='lat' dir='ltr'><strong>suam</strong></span> <span class='ocrx_word' id='word_1_404' title='bbox 1806 3977 1965 4047; x_wconf 82' lang='lat' dir='ltr'><strong>quasi</strong></span> 
     </span>
    </p>
   </div>
   <div class='ocr_carea' id='block_1_57' title="bbox 376 4068 1962 4146">
    <p class='ocr_par' dir='ltr' id='par_1_57' title="bbox 376 4068 1962 4146">
     <span class='ocr_line' id='line_1_57' title="bbox 376 4068 1962 4146; baseline -0.006 -15"><span class='ocrx_word' id='word_1_405' title='bbox 376 4092 545 4131; x_wconf 84' lang='lat' dir='ltr'><strong>manu</strong></span> <span class='ocrx_word' id='word_1_406' title='bbox 581 4074 858 4146; x_wconf 81' lang='lat' dir='ltr'><strong>perduxit,</strong></span> <span class='ocrx_word' id='word_1_407' title='bbox 887 4087 1053 4142; x_wconf 79' lang='lat' dir='ltr'><strong>quam</strong></span> <span class='ocrx_word' id='word_1_408' title='bbox 1088 4072 1253 4125; x_wconf 86' lang='lat' dir='ltr'><strong>etiam</strong></span> <span class='ocrx_word' id='word_1_409' title='bbox 1278 4085 1443 4140; x_wconf 78' lang='lat' dir='ltr'><strong>supra</strong></span> <span class='ocrx_word' id='word_1_410' title='bbox 1467 4068 1882 4124; x_wconf 83' lang='lat' dir='ltr'><strong>Constantinum</strong></span> <span class='ocrx_word' id='word_1_411' title='bbox 1911 4070 1962 4122; x_wconf 90' lang='lat' dir='ltr'><strong>in</strong></span> 
     </span>
    </p>
   </div>
   <div class='ocr_carea' id='block_1_58' title="bbox 377 4160 1964 4226">
    <p class='ocr_par' dir='ltr' id='par_1_58' title="bbox 377 4160 1964 4226">
     <span class='ocr_line' id='line_1_58' title="bbox 377 4160 1964 4226; baseline -0.006 0"><span class='ocrx_word' id='word_1_412' title='bbox 377 4168 560 4226; x_wconf 89' lang='lat' dir='ltr'><strong>media</strong></span> <span class='ocrx_word' id='word_1_413' title='bbox 627 4166 717 4220; x_wconf 88' lang='lat' dir='ltr'><strong>die</strong></span> <span class='ocrx_word' id='word_1_414' title='bbox 772 4163 1115 4219; x_wconf 72' lang='lat' dir='ltr'><strong>monstravit.</strong></span> <span class='ocrx_word' id='word_1_415' title='bbox 1177 4161 1236 4216; x_wconf 85' lang='lat' dir='ltr'><strong>In</strong></span> <span class='ocrx_word' id='word_1_416' title='bbox 1298 4162 1400 4216; x_wconf 86' lang='lat' dir='ltr'><strong>hac</strong></span> <span class='ocrx_word' id='word_1_417' title='bbox 1450 4175 1613 4215; x_wconf 82' lang='lat' dir='ltr'><strong>cruce</strong></span> <span class='ocrx_word' id='word_1_418' title='bbox 1661 4171 1713 4216; x_wconf 88' lang='lat' dir='ltr'><strong>et</strong></span> <span class='ocrx_word' id='word_1_419' title='bbox 1762 4160 1964 4216; x_wconf 81' lang='lat' dir='ltr'><strong>Paulus</strong></span> 
     </span>
    </p>
   </div>
   <div class='ocr_carea' id='block_1_59' title="bbox 374 4254 1964 4331">
    <p class='ocr_par' dir='ltr' id='par_1_59' title="bbox 374 4254 1964 4331">
     <span class='ocr_line' id='line_1_59' title="bbox 374 4254 1964 4331; baseline -0.004 -17"><span class='ocrx_word' id='word_1_420' title='bbox 374 4259 663 4331; x_wconf 75' lang='lat' dir='ltr'><strong>gloiiutur,</strong></span> <span class='ocrx_word' id='word_1_421' title='bbox 719 4271 1024 4325; x_wconf 86' lang='lat' dir='ltr'><strong>omnesque</strong></span> <span class='ocrx_word' id='word_1_422' title='bbox 1085 4255 1261 4310; x_wconf 83' lang='lat' dir='ltr'><strong>sancti</strong></span> <span class='ocrx_word' id='word_1_423' title='bbox 1326 4254 1420 4324; x_wconf 88' lang='lat' dir='ltr'><strong>qui</strong></span> <span class='ocrx_word' id='word_1_424' title='bbox 1472 4269 1578 4308; x_wconf 90' lang='lat' dir='ltr'><strong>non</strong></span> <span class='ocrx_word' id='word_1_425' title='bbox 1644 4256 1964 4323; x_wconf 75' lang='lat' dir='ltr'><strong>spiritaliter</strong></span> 
     </span>
    </p>
   </div>
   <div class='ocr_carea' id='block_1_60' title="bbox 374 4346 1965 4417">
    <p class='ocr_par' dir='ltr' id='par_1_60' title="bbox 374 4346 1965 4417">
     <span class='ocr_line' id='line_1_60' title="bbox 374 4346 1965 4417; baseline -0.004 -10"><span class='ocrx_word' id='word_1_426' title='bbox 374 4361 612 4417; x_wconf 78' lang='lat' dir='ltr'><strong>tantum,</strong></span> <span class='ocrx_word' id='word_1_427' title='bbox 636 4350 729 4406; x_wconf 85' lang='lat' dir='ltr'><strong>sed</strong></span> <span class='ocrx_word' id='word_1_428' title='bbox 760 4359 814 4405; x_wconf 88' lang='lat' dir='ltr'><strong>et</strong></span> <span class='ocrx_word' id='word_1_429' title='bbox 848 4348 1150 4408; x_wconf 65' lang='lat' dir='ltr'><strong>visibiliter</strong></span> <span class='ocrx_word' id='word_1_430' title='bbox 1190 4362 1312 4402; x_wconf 89' lang='lat' dir='ltr'><strong>eam</strong></span> <span class='ocrx_word' id='word_1_431' title='bbox 1356 4348 1650 4402; x_wconf 89' lang='lat' dir='ltr'><strong>coluerunt</strong></span> <span class='ocrx_word' id='word_1_432' title='bbox 1671 4356 1725 4401; x_wconf 90' lang='lat' dir='ltr'><strong>ct</strong></span> <span class='ocrx_word' id='word_1_433' title='bbox 1754 4346 1965 4416; x_wconf 81' lang='lat' dir='ltr'><strong>ample-</strong></span> 
     </span>
    </p>
   </div>
   <div class='ocr_carea' id='block_1_61' title="bbox 376 4438 1957 4512">
    <p class='ocr_par' dir='ltr' id='par_1_61' title="bbox 376 4438 1957 4512">
     <span class='ocr_line' id='line_1_61' title="bbox 376 4438 1957 4512; baseline -0.008 -8"><span class='ocrx_word' id='word_1_434' title='bbox 376 4446 489 4505; x_wconf 73' lang='lat' dir='ltr'><strong>xati</strong></span> <span class='ocrx_word' id='word_1_435' title='bbox 517 4453 668 4500; x_wconf 81' lang='lat' dir='ltr'><strong>sunt.</strong></span> <span class='ocrx_word' id='word_1_436' title='bbox 707 4442 936 4512; x_wconf 76' lang='lat' dir='ltr'><strong>ipseque</strong></span> <span class='ocrx_word' id='word_1_437' title='bbox 964 4441 1163 4497; x_wconf 84' lang='lat' dir='ltr'><strong>Petrus</strong></span> <span class='ocrx_word' id='word_1_438' title='bbox 1199 4440 1346 4495; x_wconf 88' lang='lat' dir='ltr'><strong>illam</strong></span> <span class='ocrx_word' id='word_1_439' title='bbox 1392 4440 1527 4509; x_wconf 89' lang='lat' dir='ltr'><strong>pati,</strong></span> <span class='ocrx_word' id='word_1_440' title='bbox 1579 4439 1631 4494; x_wconf 88' lang='lat' dir='ltr'><strong>id</strong></span> <span class='ocrx_word' id='word_1_441' title='bbox 1659 4448 1765 4505; x_wconf 88' lang='lat' dir='ltr'><strong>est,</strong></span> <span class='ocrx_word' id='word_1_442' title='bbox 1812 4438 1957 4493; x_wconf 87' lang='lat' dir='ltr'><strong>cruci</strong></span> 
     </span>
    </p>
   </div>
   <div class='ocr_carea' id='block_1_62' title="bbox 370 4529 1960 4607">
    <p class='ocr_par' dir='ltr' id='par_1_62' title="bbox 370 4529 1960 4607">
     <span class='ocr_line' id='line_1_62' title="bbox 370 4529 1960 4607; baseline -0.005 -16"><span class='ocrx_word' id='word_1_443' title='bbox 370 4535 521 4607; x_wconf 61' lang='lat' dir='ltr'><strong>abigi</strong></span> <span class='ocrx_word' id='word_1_444' title='bbox 546 4535 822 4605; x_wconf 87' lang='lat' dir='ltr'><strong>cupiebat,</strong></span> <span class='ocrx_word' id='word_1_445' title='bbox 840 4532 987 4602; x_wconf 90' lang='lat' dir='ltr'><strong>quod</strong></span> <span class='ocrx_word' id='word_1_446' title='bbox 1008 4530 1308 4588; x_wconf 87' lang='lat' dir='ltr'><strong>secundum</strong></span> <span class='ocrx_word' id='word_1_447' title='bbox 1328 4529 1634 4585; x_wconf 88' lang='lat' dir='ltr'><strong>Salvatoris</strong></span> <span class='ocrx_word' id='word_1_448' title='bbox 1650 4529 1960 4597; x_wconf 56' lang='lat' dir='ltr'><strong>praedictio-</strong></span> 
     </span>
    </p>
   </div>
   <div class='ocr_carea' id='block_1_63' title="bbox 374 4621 1968 4694">
    <p class='ocr_par' dir='ltr' id='par_1_63' title="bbox 374 4621 1968 4694">
     <span class='ocr_line' id='line_1_63' title="bbox 374 4621 1968 4694; baseline -0.008 -6"><span class='ocrx_word' id='word_1_449' title='bbox 374 4643 498 4688; x_wconf 78' lang='lat' dir='ltr'><strong>netu</strong></span> <span class='ocrx_word' id='word_1_450' title='bbox 526 4627 788 4692; x_wconf 83' lang='lat' dir='ltr'><strong>obtinuit,</strong></span> <span class='ocrx_word' id='word_1_451' title='bbox 822 4641 1033 4681; x_wconf 85' lang='lat' dir='ltr'><strong>necnon</strong></span> <span class='ocrx_word' id='word_1_452' title='bbox 1055 4624 1302 4680; x_wconf 83' lang='lat' dir='ltr'><strong>Andreas</strong></span> <span class='ocrx_word' id='word_1_453' title='bbox 1322 4625 1440 4694; x_wconf 86' lang='lat' dir='ltr'><strong>ejus</strong></span> <span class='ocrx_word' id='word_1_454' title='bbox 1455 4623 1642 4687; x_wconf 85' lang='lat' dir='ltr'><strong>frater,</strong></span> <span class='ocrx_word' id='word_1_455' title='bbox 1675 4631 1823 4677; x_wconf 68' lang='lat' dir='ltr'><strong>caute:</strong></span> <span class='ocrx_word' id='word_1_456' title='bbox 1839 4621 1968 4691; x_wconf 87' lang='lat' dir='ltr'><strong>ique</strong></span> 
     </span>
    </p>
   </div>
   <div class='ocr_carea' id='block_1_64' title="bbox 372 4713 1967 4790">
    <p class='ocr_par' dir='ltr' id='par_1_64' title="bbox 372 4713 1967 4790">
     <span class='ocr_line' id='line_1_64' title="bbox 372 4713 1967 4790; baseline -0.007 -12"><span class='ocrx_word' id='word_1_457' title='bbox 372 4735 567 4778; x_wconf 71' lang='lat' dir='ltr'><strong>onrnes</strong></span> <span class='ocrx_word' id='word_1_458' title='bbox 599 4719 835 4790; x_wconf 84' lang='lat' dir='ltr'><strong>apostoli</strong></span> <span class='ocrx_word' id='word_1_459' title='bbox 868 4728 922 4772; x_wconf 91' lang='lat' dir='ltr'><strong>et</strong></span> <span class='ocrx_word' id='word_1_460' title='bbox 955 4726 1223 4788; x_wconf 87' lang='lat' dir='ltr'><strong>martyres</strong></span> <span class='ocrx_word' id='word_1_461' title='bbox 1246 4715 1340 4786; x_wconf 89' lang='lat' dir='ltr'><strong>qui</strong></span> <span class='ocrx_word' id='word_1_462' title='bbox 1378 4715 1484 4770; x_wconf 87' lang='lat' dir='ltr'><strong>hoc</strong></span> <span class='ocrx_word' id='word_1_463' title='bbox 1507 4717 1722 4787; x_wconf 77' lang='lat' dir='ltr'><strong>signum</strong></span> <span class='ocrx_word' id='word_1_464' title='bbox 1763 4713 1967 4767; x_wconf 83' lang='lat' dir='ltr'><strong>Christi</strong></span> 
     </span>
    </p>
   </div>
   <div class='ocr_carea' id='block_1_65' title="bbox 372 4805 1968 4885">
    <p class='ocr_par' dir='ltr' id='par_1_65' title="bbox 372 4805 1968 4885">
     <span class='ocr_line' id='line_1_65' title="bbox 372 4805 1968 4885; baseline -0.006 -15"><span class='ocrx_word' id='word_1_465' title='bbox 372 4813 613 4885; x_wconf 66' lang='lat' dir='ltr'><strong>sigillum</strong></span> <span class='ocrx_word' id='word_1_466' title='bbox 656 4810 1026 4882; x_wconf 83' lang='lat' dir='ltr'><strong>appellabant.</strong></span> <span class='ocrx_word' id='word_1_467' title='bbox 1074 4808 1385 4864; x_wconf 86' lang='lat' dir='ltr'><strong>Tremenda</strong></span> <span class='ocrx_word' id='word_1_468' title='bbox 1419 4821 1548 4863; x_wconf 85' lang='lat' dir='ltr'><strong>vero</strong></span> <span class='ocrx_word' id='word_1_469' title='bbox 1595 4816 1650 4860; x_wconf 90' lang='lat' dir='ltr'><strong>et</strong></span> <span class='ocrx_word' id='word_1_470' title='bbox 1684 4805 1968 4863; x_wconf 86' lang='lat' dir='ltr'><strong>salutifera</strong></span> 
     </span>
    </p>
   </div>
   <div class='ocr_carea' id='block_1_66' title="bbox 371 4898 1966 4973">
    <p class='ocr_par' dir='ltr' id='par_1_66' title="bbox 371 4898 1966 4973">
     <span class='ocr_line' id='line_1_66' title="bbox 371 4898 1966 4973; baseline -0.005 -11"><span class='ocrx_word' id='word_1_471' title='bbox 371 4907 748 4973; x_wconf 80' lang='lat' dir='ltr'><strong>divinitusque</strong></span> <span class='ocrx_word' id='word_1_472' title='bbox 765 4902 890 4958; x_wconf 91' lang='lat' dir='ltr'><strong>data</strong></span> <span class='ocrx_word' id='word_1_473' title='bbox 907 4902 1165 4972; x_wconf 77' lang='lat' dir='ltr'><strong>mysteria</strong></span> <span class='ocrx_word' id='word_1_474' title='bbox 1190 4898 1396 4955; x_wconf 86' lang='lat' dir='ltr'><strong>Paulus</strong></span> <span class='ocrx_word' id='word_1_475' title='bbox 1418 4899 1644 4955; x_wconf 89' lang='lat' dir='ltr'><strong>tradidit</strong></span> <span class='ocrx_word' id='word_1_476' title='bbox 1660 4913 1785 4968; x_wconf 72' lang='lat' dir='ltr'><strong>qua:</strong></span> <span class='ocrx_word' id='word_1_477' title='bbox 1801 4901 1919 4968; x_wconf 82' lang='lat' dir='ltr'><strong>ipse</strong></span> <span class='ocrx_word' id='word_1_478' title='bbox 1937 4914 1966 4954; x_wconf 90' lang='lat' dir='ltr'><strong>a</strong></span> 
     </span>
    </p>
   </div>
   <div class='ocr_carea' id='block_1_67' title="bbox 373 4992 1969 5066">
    <p class='ocr_par' dir='ltr' id='par_1_67' title="bbox 373 4992 1969 5066">
     <span class='ocr_line' id='line_1_67' title="bbox 373 4992 1969 5066; baseline -0.004 -12"><span class='ocrx_word' id='word_1_479' title='bbox 373 4998 605 5055; x_wconf 84' lang='lat' dir='ltr'><strong>Domino</strong></span> <span class='ocrx_word' id='word_1_480' title='bbox 631 4998 861 5066; x_wconf 80' lang='lat' dir='ltr'><strong>accepit.</strong></span> <span class='ocrx_word' id='word_1_481' title='bbox 879 4995 1144 5051; x_wconf 84' lang='lat' dir='ltr'><strong>Dominus</strong></span> <span class='ocrx_word' id='word_1_482' title='bbox 1177 4994 1343 5049; x_wconf 90' lang='lat' dir='ltr'><strong>etiam</strong></span> <span class='ocrx_word' id='word_1_483' title='bbox 1369 5009 1475 5048; x_wconf 86' lang='lat' dir='ltr'><strong>non</strong></span> <span class='ocrx_word' id='word_1_484' title='bbox 1501 4992 1846 5047; x_wconf 84' lang='lat' dir='ltr'><strong>solummodo</strong></span> <span class='ocrx_word' id='word_1_485' title='bbox 1869 5008 1969 5048; x_wconf 85' lang='lat' dir='ltr'><strong>nos</strong></span> 
     </span>
    </p>
   </div>
   <div class='ocr_carea' id='block_1_68' title="bbox 370 5082 1970 5155">
    <p class='ocr_par' dir='ltr' id='par_1_68' title="bbox 370 5082 1970 5155">
     <span class='ocr_line' id='line_1_68' title="bbox 370 5082 1970 5155; baseline -0.008 -7"><span class='ocrx_word' id='word_1_486' title='bbox 370 5107 533 5149; x_wconf 87' lang='lat' dir='ltr'><strong>orare</strong></span> <span class='ocrx_word' id='word_1_487' title='bbox 559 5090 746 5146; x_wconf 90' lang='lat' dir='ltr'><strong>docuit</strong></span> <span class='ocrx_word' id='word_1_488' title='bbox 767 5088 1027 5152; x_wconf 88' lang='lat' dir='ltr'><strong>dicendo,</strong></span> <span class='ocrx_word' id='word_1_489' title='bbox 1048 5085 1214 5140; x_wconf 83' lang='lat' dir='ltr'><strong>Pater</strong></span> <span class='ocrx_word' id='word_1_490' title='bbox 1236 5093 1439 5152; x_wconf 77' lang='lat' dir='ltr'><strong>noster,</strong></span> <span class='ocrx_word' id='word_1_491' title='bbox 1463 5082 1558 5139; x_wconf 90' lang='lat' dir='ltr'><strong>sed</strong></span> <span class='ocrx_word' id='word_1_492' title='bbox 1591 5094 1651 5155; x_wconf 25' lang='lat' dir='ltr'><strong>et.</strong></span> <span class='ocrx_word' id='word_1_493' title='bbox 1673 5082 1810 5136; x_wconf 87' lang='lat' dir='ltr'><strong>alias</strong></span> <span class='ocrx_word' id='word_1_494' title='bbox 1831 5096 1970 5150; x_wconf 86' lang='lat' dir='ltr'><strong>quas</strong></span> 
     </span>
    </p>
   </div>
   <div class='ocr_carea' id='block_1_69' title="bbox 374 5175 1964 5257">
    <p class='ocr_par' dir='ltr' id='par_1_69' title="bbox 374 5175 1964 5257">
     <span class='ocr_line' id='line_1_69' title="bbox 374 5175 1964 5257; baseline -0.007 -18"><span class='ocrx_word' id='word_1_495' title='bbox 374 5187 478 5257; x_wconf 89' lang='lat' dir='ltr'><strong>ipsi</strong></span> <span class='ocrx_word' id='word_1_496' title='bbox 503 5184 755 5240; x_wconf 85' lang='lat' dir='ltr'><strong>dedecori</strong></span> <span class='ocrx_word' id='word_1_497' title='bbox 778 5182 1000 5246; x_wconf 80' lang='lat' dir='ltr'><strong>habent,</strong></span> <span class='ocrx_word' id='word_1_498' title='bbox 1038 5195 1229 5249; x_wconf 86' lang='lat' dir='ltr'><strong>preces</strong></span> <span class='ocrx_word' id='word_1_499' title='bbox 1262 5176 1544 5241; x_wconf 87' lang='lat' dir='ltr'><strong>iudicavit,</strong></span> <span class='ocrx_word' id='word_1_500' title='bbox 1569 5175 1720 5229; x_wconf 80' lang='lat' dir='ltr'><strong>verbi</strong></span> <span class='ocrx_word' id='word_1_501' title='bbox 1747 5175 1918 5245; x_wconf 82' lang='lat' dir='ltr'><strong>gratia</strong></span> <span class='ocrx_word' id='word_1_502' title='bbox 1948 5192 1964 5228; x_wconf 86' lang='lat'><strong><em>:</em></strong></span> 
     </span>
    </p>
   </div>
   <div class='ocr_carea' id='block_1_70' title="bbox 379 5266 1970 5345">
    <p class='ocr_par' dir='ltr' id='par_1_70' title="bbox 379 5266 1970 5345">
     <span class='ocr_line' id='line_1_70' title="bbox 379 5266 1970 5345; baseline -0.007 -14"><span class='ocrx_word' id='word_1_503' title='bbox 379 5297 399 5330; x_wconf 75' lang='grc' dir='ltr'><strong>ι</strong></span> <span class='ocrx_word' id='word_1_504' title='bbox 426 5275 590 5342; x_wconf 88' lang='lat' dir='ltr'><strong>Deus,</strong></span> <span class='ocrx_word' id='word_1_505' title='bbox 611 5273 881 5345; x_wconf 87' lang='lat' dir='ltr'><strong>propitius</strong></span> <span class='ocrx_word' id='word_1_506' title='bbox 905 5281 1024 5327; x_wconf 86' lang='lat' dir='ltr'><strong>esto</strong></span> <span class='ocrx_word' id='word_1_507' title='bbox 1052 5270 1187 5326; x_wconf 81' lang='lat' dir='ltr'><strong>mihi</strong></span> <span class='ocrx_word' id='word_1_508' title='bbox 1216 5266 1515 5339; x_wconf 86' lang='lat' dir='ltr'><strong>peccatori,</strong></span> <span class='ocrx_word' id='word_1_509' title='bbox 1552 5285 1571 5318; x_wconf 75' lang='grc' dir='ltr'><strong>ι</strong></span> <span class='ocrx_word' id='word_1_510' title='bbox 1592 5266 1970 5343; x_wconf 42' lang='lat' dir='ltr'><strong>quo‘salvatus</strong></span> 
     </span>
    </p>
   </div>
   <div class='ocr_carea' id='block_1_71' title="bbox 372 5362 1962 5433">
    <p class='ocr_par' dir='ltr' id='par_1_71' title="bbox 372 5362 1962 5433">
     <span class='ocr_line' id='line_1_71' title="bbox 372 5362 1962 5433; baseline -0.011 -8"><span class='ocrx_word' id='word_1_511' title='bbox 372 5380 459 5425; x_wconf 86' lang='lat' dir='ltr'><strong>est</strong></span> <span class='ocrx_word' id='word_1_512' title='bbox 474 5368 805 5425; x_wconf 83' lang='lat' dir='ltr'><strong>Publicanus</strong></span> <span class='ocrx_word' id='word_1_513' title='bbox 826 5384 841 5433; x_wconf 90' lang='lat'><strong>;</strong></span> <span class='ocrx_word' id='word_1_514' title='bbox 866 5377 953 5421; x_wconf 88' lang='lat' dir='ltr'><strong>et:</strong></span> <span class='ocrx_word' id='word_1_515' title='bbox 985 5384 1004 5418; x_wconf 78' lang='grc' dir='ltr'><strong>ι</strong></span> <span class='ocrx_word' id='word_1_516' title='bbox 1034 5363 1262 5419; x_wconf 77' lang='lat' dir='ltr'><strong>Peccavi</strong></span> <span class='ocrx_word' id='word_1_517' title='bbox 1280 5364 1336 5416; x_wconf 88' lang='lat' dir='ltr'><strong>in</strong></span> <span class='ocrx_word' id='word_1_518' title='bbox 1352 5362 1551 5418; x_wconf 77' lang='lat' dir='ltr'><strong>coelum</strong></span> <span class='ocrx_word' id='word_1_519' title='bbox 1570 5369 1627 5416; x_wconf 85' lang='lat' dir='ltr'><strong>et</strong></span> <span class='ocrx_word' id='word_1_520' title='bbox 1642 5373 1826 5415; x_wconf 89' lang='lat' dir='ltr'><strong>coram</strong></span> <span class='ocrx_word' id='word_1_521' title='bbox 1851 5367 1900 5411; x_wconf 91' lang='lat' dir='ltr'><strong>te</strong></span> <span class='ocrx_word' id='word_1_522' title='bbox 1914 5372 1932 5425; x_wconf 72' lang='grc' dir='ltr'><strong>ς</strong></span> <span class='ocrx_word' id='word_1_523' title='bbox 1944 5374 1962 5408; x_wconf 70' lang='grc' dir='ltr'><strong>ι</strong></span> 
     </span>
    </p>
   </div>
   <div class='ocr_carea' id='block_1_72' title="bbox 374 5443 1969 5528">
    <p class='ocr_par' dir='ltr' id='par_1_72' title="bbox 374 5443 1969 5528">
     <span class='ocr_line' id='line_1_72' title="bbox 374 5443 1969 5528; baseline -0.011 -7"><span class='ocrx_word' id='word_1_524' title='bbox 374 5473 430 5521; x_wconf 85' lang='lat' dir='ltr'><strong>et</strong></span> <span class='ocrx_word' id='word_1_525' title='bbox 482 5463 728 5519; x_wconf 80' lang='lat' dir='ltr'><strong>salvatus</strong></span> <span class='ocrx_word' id='word_1_526' title='bbox 764 5468 850 5516; x_wconf 81' lang='lat' dir='ltr'><strong>est</strong></span> <span class='ocrx_word' id='word_1_527' title='bbox 881 5460 1027 5515; x_wconf 87' lang='lat' dir='ltr'><strong>titius</strong></span> <span class='ocrx_word' id='word_1_528' title='bbox 1066 5455 1354 5528; x_wconf 77' lang='lat' dir='ltr'><strong>prodigus,</strong></span> <span class='ocrx_word' id='word_1_529' title='bbox 1389 5457 1592 5524; x_wconf 85' lang='lat' dir='ltr'><strong>quippe</strong></span> <span class='ocrx_word' id='word_1_530' title='bbox 1629 5453 1794 5522; x_wconf 84' lang='lat' dir='ltr'><strong>hujus</strong></span> <span class='ocrx_word' id='word_1_531' title='bbox 1817 5443 1969 5506; x_wconf 80' lang='lat' dir='ltr'><strong>verbi</strong></span> 
     </span>
    </p>
   </div>
   <div class='ocr_carea' id='block_1_73' title="bbox 373 5543 1968 5628">
    <p class='ocr_par' dir='ltr' id='par_1_73' title="bbox 373 5543 1968 5628">
     <span class='ocr_line' id='line_1_73' title="bbox 373 5543 1968 5628; baseline -0.011 -16"><span class='ocrx_word' id='word_1_532' title='bbox 373 5557 548 5628; x_wconf 76' lang='lat' dir='ltr'><strong>gratia</strong></span> <span class='ocrx_word' id='word_1_533' title='bbox 584 5566 872 5625; x_wconf 83' lang='lat' dir='ltr'><strong>susceptus</strong></span> <span class='ocrx_word' id='word_1_534' title='bbox 898 5561 988 5608; x_wconf 88' lang='lat' dir='ltr'><strong>est</strong></span> <span class='ocrx_word' id='word_1_535' title='bbox 1005 5558 1131 5621; x_wconf 86' lang='lat' dir='ltr'><strong>post</strong></span> <span class='ocrx_word' id='word_1_536' title='bbox 1176 5547 1594 5604; x_wconf 85' lang='lat' dir='ltr'><strong>conversionem</strong></span> <span class='ocrx_word' id='word_1_537' title='bbox 1608 5554 1662 5611; x_wconf 88' lang='lat' dir='ltr'><strong>et</strong></span> <span class='ocrx_word' id='word_1_538' title='bbox 1709 5543 1968 5599; x_wconf 88' lang='lat' dir='ltr'><strong>reditum.</strong></span> 
     </span>
    </p>
   </div>
   <div class='ocr_carea' id='block_1_74' title="bbox 374 5638 1969 5710">
    <p class='ocr_par' dir='ltr' id='par_1_74' title="bbox 374 5638 1969 5710">
     <span class='ocr_line' id='line_1_74' title="bbox 374 5638 1969 5710; baseline -0.01 -4"><span class='ocrx_word' id='word_1_539' title='bbox 374 5649 445 5710; x_wconf 78' lang='lat' dir='ltr'><strong>Et</strong></span> <span class='ocrx_word' id='word_1_540' title='bbox 476 5667 489 5703; x_wconf 91' lang='lat'><strong>:</strong></span> <span class='ocrx_word' id='word_1_541' title='bbox 516 5666 536 5701; x_wconf 78' lang='grc' dir='ltr'><strong>ι</strong></span> <span class='ocrx_word' id='word_1_542' title='bbox 565 5646 835 5704; x_wconf 79' lang='lat' dir='ltr'><strong>Memento</strong></span> <span class='ocrx_word' id='word_1_543' title='bbox 860 5646 991 5709; x_wconf 85' lang='lat' dir='ltr'><strong>mei,</strong></span> <span class='ocrx_word' id='word_1_544' title='bbox 1020 5642 1274 5706; x_wconf 83' lang='lat' dir='ltr'><strong>Domine,</strong></span> <span class='ocrx_word' id='word_1_545' title='bbox 1292 5653 1418 5695; x_wconf 84' lang='lat' dir='ltr'><strong>cum</strong></span> <span class='ocrx_word' id='word_1_546' title='bbox 1439 5638 1650 5694; x_wconf 81' lang='lat' dir='ltr'><strong>veneris</strong></span> <span class='ocrx_word' id='word_1_547' title='bbox 1668 5639 1721 5691; x_wconf 91' lang='lat' dir='ltr'><strong>in</strong></span> <span class='ocrx_word' id='word_1_548' title='bbox 1741 5651 1969 5708; x_wconf 76' lang='lat' dir='ltr'><strong>regnum</strong></span> 
     </span>
    </p>
   </div>
   <div class='ocr_carea' id='block_1_75' title="bbox 374 5729 1971 5809">
    <p class='ocr_par' dir='ltr' id='par_1_75' title="bbox 374 5729 1971 5809">
     <span class='ocr_line' id='line_1_75' title="bbox 374 5729 1971 5809; baseline -0.008 -12"><span class='ocrx_word' id='word_1_549' title='bbox 374 5751 549 5803; x_wconf 82' lang='lat' dir='ltr'><strong>tuum,</strong></span> <span class='ocrx_word' id='word_1_550' title='bbox 576 5759 595 5793; x_wconf 75' lang='grc' dir='ltr'><strong>ι</strong></span> <span class='ocrx_word' id='word_1_551' title='bbox 619 5751 838 5809; x_wconf 88' lang='lat' dir='ltr'><strong>propter</strong></span> <span class='ocrx_word' id='word_1_552' title='bbox 853 5737 1000 5808; x_wconf 88' lang='lat' dir='ltr'><strong>quod</strong></span> <span class='ocrx_word' id='word_1_553' title='bbox 1020 5736 1160 5790; x_wconf 90' lang='lat' dir='ltr'><strong>latro</strong></span> <span class='ocrx_word' id='word_1_554' title='bbox 1181 5733 1501 5803; x_wconf 84' lang='lat' dir='ltr'><strong>paradisum</strong></span> <span class='ocrx_word' id='word_1_555' title='bbox 1524 5730 1756 5802; x_wconf 79' lang='lat' dir='ltr'><strong>accepit.</strong></span> <span class='ocrx_word' id='word_1_556' title='bbox 1813 5729 1971 5786; x_wconf 86' lang='lat' dir='ltr'><strong>lusu-</strong></span> 
     </span>
    </p>
   </div>
   <div class='ocr_carea' id='block_1_76' title="bbox 377 5823 1964 5905">
    <p class='ocr_par' dir='ltr' id='par_1_76' title="bbox 377 5823 1964 5905">
     <span class='ocr_line' id='line_1_76' title="bbox 377 5823 1964 5905; baseline -0.007 -15"><span class='ocrx_word' id='word_1_557' title='bbox 377 5847 473 5905; x_wconf 86' lang='lat' dir='ltr'><strong>per</strong></span> <span class='ocrx_word' id='word_1_558' title='bbox 495 5839 680 5905; x_wconf 85' lang='lat' dir='ltr'><strong>petere</strong></span> <span class='ocrx_word' id='word_1_559' title='bbox 702 5832 965 5890; x_wconf 82' lang='lat' dir='ltr'><strong>debemus</strong></span> <span class='ocrx_word' id='word_1_560' title='bbox 987 5830 1042 5887; x_wconf 90' lang='lat' dir='ltr'><strong>iu</strong></span> <span class='ocrx_word' id='word_1_561' title='bbox 1067 5827 1290 5887; x_wconf 85' lang='lat' dir='ltr'><strong>nomine</strong></span> <span class='ocrx_word' id='word_1_562' title='bbox 1301 5826 1527 5893; x_wconf 86' lang='lat' dir='ltr'><strong>Christi,</strong></span> <span class='ocrx_word' id='word_1_563' title='bbox 1550 5825 1695 5895; x_wconf 88' lang='lat' dir='ltr'><strong>quod</strong></span> <span class='ocrx_word' id='word_1_564' title='bbox 1723 5824 1839 5895; x_wconf 88' lang='lat' dir='ltr'><strong>ipse</strong></span> <span class='ocrx_word' id='word_1_565' title='bbox 1866 5823 1964 5879; x_wconf 90' lang='lat' dir='ltr'><strong>do-</strong></span> 
     </span>
    </p>
   </div>
   <div class='ocr_carea' id='block_1_77' title="bbox 2071 1963 3657 2043">
    <p class='ocr_par' dir='ltr' id='par_1_77' title="bbox 2071 1963 3657 2043">
     <span class='ocr_line' id='line_1_77' title="bbox 2071 1963 3657 2043; baseline 0.008 -28"><span class='ocrx_word' id='word_1_566' title='bbox 2071 1963 2267 2031; x_wconf 84' lang='grc' dir='ltr'>σμίους</span> <span class='ocrx_word' id='word_1_567' title='bbox 2312 1964 2499 2029; x_wconf 83' lang='grc' dir='ltr'>ναοὺς,</span> <span class='ocrx_word' id='word_1_568' title='bbox 2524 1966 2623 2029; x_wconf 80' lang='grc' dir='ltr'><strong>τὰς</strong></span> <span class='ocrx_word' id='word_1_569' title='bbox 2652 1966 2802 2027; x_wconf 82' lang='grc' dir='ltr'>θείας</span> <span class='ocrx_word' id='word_1_570' title='bbox 2826 1965 2921 2019; x_wconf 86' lang='grc' dir='ltr'><strong>τοῦ</strong></span> <span class='ocrx_word' id='word_1_571' title='bbox 2958 1967 3123 2037; x_wconf 87' lang='grc' dir='ltr'>νόμου</span> <span class='ocrx_word' id='word_1_572' title='bbox 3157 1970 3250 2022; x_wconf 74' lang='grc' dir='ltr'><strong>καὶ</strong></span> <span class='ocrx_word' id='word_1_573' title='bbox 3289 1971 3405 2026; x_wconf 87' lang='grc' dir='ltr'>τῶν</span> <span class='ocrx_word' id='word_1_574' title='bbox 3442 1989 3657 2043; x_wconf 71' lang='grc' dir='ltr'>προφη-</span> 
     </span>
    </p>
   </div>
   <div class='ocr_carea' id='block_1_78' title="bbox 2067 2057 3648 2141">
    <p class='ocr_par' dir='ltr' id='par_1_78' title="bbox 2067 2057 3648 2141">
     <span class='ocr_line' id='line_1_78' title="bbox 2067 2057 3648 2141; baseline 0.011 -33"><span class='ocrx_word' id='word_1_575' title='bbox 2067 2058 2176 2110; x_wconf 83' lang='grc' dir='ltr'><strong>τῶν</strong></span> <span class='ocrx_word' id='word_1_576' title='bbox 2199 2057 2441 2128; x_wconf 73' lang='grc' dir='ltr'>Γραφὰς,</span> <span class='ocrx_word' id='word_1_577' title='bbox 2471 2063 2599 2125; x_wconf 76' lang='grc' dir='ltr'>τοὺς</span> <span class='ocrx_word' id='word_1_578' title='bbox 2630 2062 2881 2128; x_wconf 85' lang='grc' dir='ltr'>δικαίους</span> <span class='ocrx_word' id='word_1_579' title='bbox 2913 2067 3129 2133; x_wconf 79' lang='grc' dir='ltr'>πάντας</span> <span class='ocrx_word' id='word_1_580' title='bbox 3178 2070 3275 2124; x_wconf 80' lang='grc' dir='ltr'>καὶ</span> <span class='ocrx_word' id='word_1_581' title='bbox 3333 2069 3648 2141; x_wconf 84' lang='grc' dir='ltr'>μάρτυρας,</span> 
     </span>
    </p>
   </div>
   <div class='ocr_carea' id='block_1_79' title="bbox 2070 2151 3656 2231">
    <p class='ocr_par' dir='ltr' id='par_1_79' title="bbox 2070 2151 3656 2231">
     <span class='ocr_line' id='line_1_79' title="bbox 2070 2151 3656 2231; baseline 0.009 -28"><span class='ocrx_word' id='word_1_582' title='bbox 2070 2151 2335 2222; x_wconf 79' lang='grc' dir='ltr'>ίεράρχας</span> <span class='ocrx_word' id='word_1_583' title='bbox 2368 2169 2429 2207; x_wconf 87' lang='grc' dir='ltr'><strong>τε</strong></span> <span class='ocrx_word' id='word_1_584' title='bbox 2462 2154 2558 2208; x_wconf 73' lang='grc' dir='ltr'>καὶ</span> <span class='ocrx_word' id='word_1_585' title='bbox 2588 2156 2771 2221; x_wconf 78' lang='grc' dir='ltr'>ὁσίους</span> <span class='ocrx_word' id='word_1_586' title='bbox 2794 2174 2808 2189; x_wconf 89' lang='grc'>·</span> <span class='ocrx_word' id='word_1_587' title='bbox 2841 2161 2936 2213; x_wconf 76' lang='grc' dir='ltr'><strong>καὶ</strong></span> <span class='ocrx_word' id='word_1_588' title='bbox 2986 2160 3193 2231; x_wconf 76' lang='grc' dir='ltr'><strong>ἁπλῶς¹</strong></span> <span class='ocrx_word' id='word_1_589' title='bbox 3224 2163 3308 2226; x_wconf 83' lang='grc' dir='ltr'><strong>είς</strong></span> <span class='ocrx_word' id='word_1_590' title='bbox 3360 2163 3546 2218; x_wconf 87' lang='grc' dir='ltr'>πάντα</span> <span class='ocrx_word' id='word_1_591' title='bbox 3586 2166 3656 2218; x_wconf 70' lang='grc' dir='ltr'><strong>τά</strong></span> 
     </span>
    </p>
   </div>
   <div class='ocr_carea' id='block_1_80' title="bbox 2068 2243 3656 2329">
    <p class='ocr_par' dir='ltr' id='par_1_80' title="bbox 2068 2243 3656 2329">
     <span class='ocr_line' id='line_1_80' title="bbox 2068 2243 3656 2329; baseline 0.009 -33"><span class='ocrx_word' id='word_1_592' title='bbox 2068 2243 2222 2311; x_wconf 83' lang='grc' dir='ltr'>ἆγια,</span> <span class='ocrx_word' id='word_1_593' title='bbox 2259 2247 2401 2300; x_wconf 76' lang='grc' dir='ltr'>κατὰ</span> <span class='ocrx_word' id='word_1_594' title='bbox 2432 2249 2523 2302; x_wconf 86' lang='grc' dir='ltr'><strong>τὸν</strong></span> <span class='ocrx_word' id='word_1_595' title='bbox 2574 2252 2895 2324; x_wconf 81' lang='grc' dir='ltr'>ἀποστάτην</span> <span class='ocrx_word' id='word_1_596' title='bbox 2931 2256 3112 2310; x_wconf 78' lang='grc' dir='ltr'>Σατὰν</span> <span class='ocrx_word' id='word_1_597' title='bbox 3160 2257 3255 2311; x_wconf 74' lang='grc' dir='ltr'><strong>καὶ</strong></span> <span class='ocrx_word' id='word_1_598' title='bbox 3300 2259 3433 2324; x_wconf 75' lang='grc' dir='ltr'>τοὺς</span> <span class='ocrx_word' id='word_1_599' title='bbox 3464 2260 3656 2329; x_wconf 80' lang='grc' dir='ltr'>δαίμο-</span> 
     </span>
    </p>
   </div>
   <div class='ocr_carea' id='block_1_81' title="bbox 2069 2341 3657 2421">
    <p class='ocr_par' dir='ltr' id='par_1_81' title="bbox 2069 2341 3657 2421">
     <span class='ocr_line' id='line_1_81' title="bbox 2069 2341 3657 2421; baseline 0.009 -32"><span class='ocrx_word' id='word_1_600' title='bbox 2069 2355 2187 2402; x_wconf 85' lang='grc' dir='ltr'>νας,</span> <span class='ocrx_word' id='word_1_601' title='bbox 2225 2341 2289 2409; x_wconf 79' lang='grc' dir='ltr'>τῇ</span> <span class='ocrx_word' id='word_1_602' title='bbox 2340 2341 2533 2395; x_wconf 52' lang='grc' dir='ltr'>αὐτου</span> <span class='ocrx_word' id='word_1_603' title='bbox 2588 2345 2804 2415; x_wconf 73' lang='grc' dir='ltr'>κινήσει</span> <span class='ocrx_word' id='word_1_604' title='bbox 2838 2346 2920 2409; x_wconf 87' lang='grc' dir='ltr'><strong>είς</strong></span> <span class='ocrx_word' id='word_1_605' title='bbox 2994 2347 3087 2401; x_wconf 81' lang='grc' dir='ltr'>τδν</span> <span class='ocrx_word' id='word_1_606' title='bbox 3135 2349 3194 2403; x_wconf 66' lang='grc' dir='ltr'>ἐν</span> <span class='ocrx_word' id='word_1_607' title='bbox 3234 2349 3429 2420; x_wconf 84' lang='grc' dir='ltr'>Τριάδι</span> <span class='ocrx_word' id='word_1_608' title='bbox 3493 2353 3657 2421; x_wconf 84' lang='grc' dir='ltr'>μόνον</span> 
     </span>
    </p>
   </div>
   <div class='ocr_carea' id='block_1_82' title="bbox 2068 2430 3655 2508">
    <p class='ocr_par' dir='ltr' id='par_1_82' title="bbox 2068 2430 3655 2508">
     <span class='ocr_line' id='line_1_82' title="bbox 2068 2430 3655 2508; baseline 0.009 -28"><span class='ocrx_word' id='word_1_609' title='bbox 2068 2430 2221 2491; x_wconf 58' lang='grc' dir='ltr'>Θεὸν,</span> <span class='ocrx_word' id='word_1_610' title='bbox 2261 2432 2355 2486; x_wconf 75' lang='grc' dir='ltr'><strong>καὶ</strong></span> <span class='ocrx_word' id='word_1_611' title='bbox 2401 2432 2495 2486; x_wconf 87' lang='grc' dir='ltr'><strong>τοῦ</strong></span> <span class='ocrx_word' id='word_1_612' title='bbox 2536 2435 2711 2504; x_wconf 85' lang='grc' dir='ltr'>Λόγου</span> <span class='ocrx_word' id='word_1_613' title='bbox 2758 2435 2857 2507; x_wconf 83' lang='grc' dir='ltr'>τὴν</span> <span class='ocrx_word' id='word_1_614' title='bbox 2922 2438 3224 2508; x_wconf 75' lang='grc' dir='ltr'>σάρκωσιν,</span> <span class='ocrx_word' id='word_1_615' title='bbox 3289 2442 3386 2495; x_wconf 74' lang='grc' dir='ltr'>καὶ</span> <span class='ocrx_word' id='word_1_616' title='bbox 3446 2441 3518 2498; x_wconf 81' lang='grc' dir='ltr'>τὰ</span> <span class='ocrx_word' id='word_1_617' title='bbox 3563 2441 3655 2497; x_wconf 87' lang='grc' dir='ltr'><strong>τοῦ</strong></span> 
     </span>
    </p>
   </div>
   <div class='ocr_carea' id='block_1_83' title="bbox 2068 2521 3659 2604">
    <p class='ocr_par' dir='ltr' id='par_1_83' title="bbox 2068 2521 3659 2604">
     <span class='ocr_line' id='line_1_83' title="bbox 2068 2521 3659 2604; baseline 0.008 -31"><span class='ocrx_word' id='word_1_618' title='bbox 2068 2521 2206 2577; x_wconf 76' lang='grc' dir='ltr'>Θεοῦ</span> <span class='ocrx_word' id='word_1_619' title='bbox 2273 2526 2451 2578; x_wconf 83' lang='grc' dir='ltr'>πάντα</span> <span class='ocrx_word' id='word_1_620' title='bbox 2498 2526 2605 2580; x_wconf 68' lang='lat' dir='ltr'><strong>eiul</strong></span> <span class='ocrx_word' id='word_1_621' title='bbox 2666 2527 3122 2601; x_wconf 72' lang='grc' dir='ltr'>βλασφημοῦντες</span> <span class='ocrx_word' id='word_1_622' title='bbox 3170 2531 3221 2587; x_wconf 79' lang='grc' dir='ltr'>οι</span> <span class='ocrx_word' id='word_1_623' title='bbox 3270 2536 3508 2604; x_wconf 81' lang='grc' dir='ltr'>μιαροί·</span> <span class='ocrx_word' id='word_1_624' title='bbox 3562 2538 3659 2589; x_wconf 77' lang='grc' dir='ltr'><strong>καὶ</strong></span> 
     </span>
    </p>
   </div>
   <div class='ocr_carea' id='block_1_84' title="bbox 2066 2612 3658 2691">
    <p class='ocr_par' dir='ltr' id='par_1_84' title="bbox 2066 2612 3658 2691">
     <span class='ocr_line' id='line_1_84' title="bbox 2066 2612 3658 2691; baseline 0.01 -27"><span class='ocrx_word' id='word_1_625' title='bbox 2066 2612 2242 2666; x_wconf 79' lang='grc' dir='ltr'>ταῦτα</span> <span class='ocrx_word' id='word_1_626' title='bbox 2269 2615 2363 2668; x_wconf 89' lang='grc' dir='ltr'><strong>τοῦ</strong></span> <span class='ocrx_word' id='word_1_627' title='bbox 2390 2617 2644 2689; x_wconf 79' lang='grc' dir='ltr'>Σωτῆρος</span> <span class='ocrx_word' id='word_1_628' title='bbox 2675 2621 2857 2691; x_wconf 79' lang='grc' dir='ltr'>ἡμῶν,</span> <span class='ocrx_word' id='word_1_629' title='bbox 2891 2624 2988 2676; x_wconf 76' lang='grc' dir='ltr'>καὶ</span> <span class='ocrx_word' id='word_1_630' title='bbox 3044 2624 3155 2678; x_wconf 83' lang='grc' dir='ltr'>τῶν</span> <span class='ocrx_word' id='word_1_631' title='bbox 3208 2626 3534 2682; x_wconf 76' lang='grc' dir='ltr'>ἀποστόλων</span> <span class='ocrx_word' id='word_1_632' title='bbox 3565 2631 3658 2682; x_wconf 65' lang='grc' dir='ltr'><strong>αὖ-</strong></span> 
     </span>
    </p>
   </div>
   <div class='ocr_carea' id='block_1_85' title="bbox 2068 2704 3662 2790">
    <p class='ocr_par' dir='ltr' id='par_1_85' title="bbox 2068 2704 3662 2790">
     <span class='ocr_line' id='line_1_85' title="bbox 2068 2704 3662 2790; baseline 0.011 -33"><span class='ocrx_word' id='word_1_633' title='bbox 2068 2704 2161 2758; x_wconf 84' lang='grc' dir='ltr'><strong>τοῦ</strong></span> <span class='ocrx_word' id='word_1_634' title='bbox 2188 2708 2640 2775; x_wconf 77' lang='grc' dir='ltr'>παραδεδωκότος</span> <span class='ocrx_word' id='word_1_635' title='bbox 2672 2711 2855 2782; x_wconf 78' lang='grc' dir='ltr'>ἔργοις</span> <span class='ocrx_word' id='word_1_636' title='bbox 2913 2715 3011 2769; x_wconf 80' lang='grc' dir='ltr'>καὶ</span> <span class='ocrx_word' id='word_1_637' title='bbox 3040 2716 3223 2785; x_wconf 88' lang='grc' dir='ltr'>λόγοις</span> <span class='ocrx_word' id='word_1_638' title='bbox 3251 2718 3311 2771; x_wconf 86' lang='grc' dir='ltr'>τδ</span> <span class='ocrx_word' id='word_1_639' title='bbox 3355 2718 3513 2773; x_wconf 80' lang='grc' dir='ltr'>θεῖον</span> <span class='ocrx_word' id='word_1_640' title='bbox 3560 2720 3662 2790; x_wconf 76' lang='grc' dir='ltr'><strong>βάο</strong></span> 
     </span>
    </p>
   </div>
   <div class='ocr_carea' id='block_1_86' title="bbox 2072 2804 3660 2880">
    <p class='ocr_par' dir='ltr' id='par_1_86' title="bbox 2072 2804 3660 2880">
     <span class='ocr_line' id='line_1_86' title="bbox 2072 2804 3660 2880; baseline 0.009 -30"><span class='ocrx_word' id='word_1_641' title='bbox 2072 2815 2321 2868; x_wconf 82' lang='grc' dir='ltr'>πτισμα,</span> <span class='ocrx_word' id='word_1_642' title='bbox 2349 2804 2446 2856; x_wconf 74' lang='grc' dir='ltr'><strong>καὶ</strong></span> <span class='ocrx_word' id='word_1_643' title='bbox 2509 2806 2607 2868; x_wconf 81' lang='grc' dir='ltr'>τὴν</span> <span class='ocrx_word' id='word_1_644' title='bbox 2640 2807 2876 2878; x_wconf 81' lang='grc' dir='ltr'>φρικτὴν</span> <span class='ocrx_word' id='word_1_645' title='bbox 2921 2808 3013 2861; x_wconf 82' lang='grc' dir='ltr'><strong>τοῦ</strong></span> <span class='ocrx_word' id='word_1_646' title='bbox 3045 2808 3293 2880; x_wconf 80' lang='grc' dir='ltr'>σώματος</span> <span class='ocrx_word' id='word_1_647' title='bbox 3357 2812 3535 2867; x_wconf 84' lang='grc' dir='ltr'>αὐτοῦ</span> <span class='ocrx_word' id='word_1_648' title='bbox 3568 2812 3660 2865; x_wconf 78' lang='grc' dir='ltr'><strong>καὶ</strong></span> 
     </span>
    </p>
   </div>
   <div class='ocr_carea' id='block_1_87' title="bbox 2068 2888 3659 2971">
    <p class='ocr_par' dir='ltr' id='par_1_87' title="bbox 2068 2888 3659 2971">
     <span class='ocr_line' id='line_1_87' title="bbox 2068 2888 3659 2971; baseline 0.009 -29"><span class='ocrx_word' id='word_1_649' title='bbox 2068 2888 2299 2959; x_wconf 75' lang='grc' dir='ltr'>ἁῖματος</span> <span class='ocrx_word' id='word_1_650' title='bbox 2331 2895 2616 2949; x_wconf 81' lang='grc' dir='ltr'>κοινωνίαν</span> <span class='ocrx_word' id='word_1_651' title='bbox 2644 2914 2703 2950; x_wconf 89' lang='grc' dir='ltr'><strong>τε</strong></span> <span class='ocrx_word' id='word_1_652' title='bbox 2735 2901 2829 2951; x_wconf 72' lang='grc' dir='ltr'>καὶ</span> <span class='ocrx_word' id='word_1_653' title='bbox 2857 2901 3199 2971; x_wconf 81' lang='grc' dir='ltr'>ἱερουργίαν,</span> <span class='ocrx_word' id='word_1_654' title='bbox 3245 2905 3344 2958; x_wconf 72' lang='grc' dir='ltr'>καὶ</span> <span class='ocrx_word' id='word_1_655' title='bbox 3372 2904 3452 2960; x_wconf 73' lang='grc' dir='ltr'>τὰ</span> <span class='ocrx_word' id='word_1_656' title='bbox 3493 2907 3659 2959; x_wconf 73' lang='grc' dir='ltr'>λοιπὰ</span> 
     </span>
    </p>
   </div>
   <div class='ocr_carea' id='block_1_88' title="bbox 2068 2985 3664 3065">
    <p class='ocr_par' dir='ltr' id='par_1_88' title="bbox 2068 2985 3664 3065">
     <span class='ocr_line' id='line_1_88' title="bbox 2068 2985 3664 3065; baseline 0.011 -29"><span class='ocrx_word' id='word_1_657' title='bbox 2068 2985 2259 3039; x_wconf 77' lang='grc' dir='ltr'>τούτου</span> <span class='ocrx_word' id='word_1_658' title='bbox 2313 2986 2431 3040; x_wconf 85' lang='grc' dir='ltr'>θεῖα</span> <span class='ocrx_word' id='word_1_659' title='bbox 2486 2990 2801 3059; x_wconf 78' lang='grc' dir='ltr'>μυστήριαο</span> <span class='ocrx_word' id='word_1_660' title='bbox 2865 2994 2961 3046; x_wconf 71' lang='grc' dir='ltr'>καὶ</span> <span class='ocrx_word' id='word_1_661' title='bbox 3019 2993 3101 3047; x_wconf 80' lang='grc' dir='ltr'>ἔτι</span> <span class='ocrx_word' id='word_1_662' title='bbox 3169 2997 3230 3048; x_wconf 80' lang='grc' dir='ltr'><strong>οὐ</strong></span> <span class='ocrx_word' id='word_1_663' title='bbox 3290 2997 3389 3062; x_wconf 74' lang='grc' dir='ltr'><strong>τὸ,</strong></span> <span class='ocrx_word' id='word_1_664' title='bbox 3467 2997 3664 3065; x_wconf 79' lang='grc' dir='ltr'>Πάτερ</span> 
     </span>
    </p>
   </div>
   <div class='ocr_carea' id='block_1_89' title="bbox 2068 3074 3664 3157">
    <p class='ocr_par' dir='ltr' id='par_1_89' title="bbox 2068 3074 3664 3157">
     <span class='ocr_line' id='line_1_89' title="bbox 2068 3074 3664 3157; baseline 0.009 -33"><span class='ocrx_word' id='word_1_665' title='bbox 2068 3074 2260 3142; x_wconf 75' lang='grc' dir='ltr'>ἡμῶν,</span> <span class='ocrx_word' id='word_1_666' title='bbox 2317 3077 2501 3145; x_wconf 89' lang='grc' dir='ltr'>μόνον,</span> <span class='ocrx_word' id='word_1_667' title='bbox 2535 3079 2670 3132; x_wconf 72' lang='grc' dir='ltr'>ἀλλὰ</span> <span class='ocrx_word' id='word_1_668' title='bbox 2728 3081 2821 3135; x_wconf 70' lang='grc' dir='ltr'>καὶ</span> <span class='ocrx_word' id='word_1_669' title='bbox 2860 3082 3052 3153; x_wconf 78' lang='grc' dir='ltr'>ἐτέρας</span> <span class='ocrx_word' id='word_1_670' title='bbox 3087 3086 3419 3157; x_wconf 79' lang='grc' dir='ltr'>προσευχάς,</span> <span class='ocrx_word' id='word_1_671' title='bbox 3489 3088 3558 3141; x_wconf 83' lang='grc' dir='ltr'><strong>δι’</strong></span> <span class='ocrx_word' id='word_1_672' title='bbox 3588 3083 3664 3141; x_wconf 76' lang='grc' dir='ltr'>ὧν</span> 
     </span>
    </p>
   </div>
   <div class='ocr_carea' id='block_1_90' title="bbox 2071 3168 3668 3247">
    <p class='ocr_par' dir='ltr' id='par_1_90' title="bbox 2071 3168 3668 3247">
     <span class='ocr_line' id='line_1_90' title="bbox 2071 3168 3668 3247; baseline 0.008 -29"><span class='ocrx_word' id='word_1_673' title='bbox 2071 3168 2169 3221; x_wconf 75' lang='grc' dir='ltr'><strong>καὶ</strong></span> <span class='ocrx_word' id='word_1_674' title='bbox 2233 3168 2400 3231; x_wconf 80' lang='grc' dir='ltr'>αὐτὸς</span> <span class='ocrx_word' id='word_1_675' title='bbox 2463 3171 2602 3239; x_wconf 80' lang='grc' dir='ltr'>πρὸς</span> <span class='ocrx_word' id='word_1_676' title='bbox 2667 3171 2760 3225; x_wconf 71' lang='grc' dir='ltr'><strong>τὸν</strong></span> <span class='ocrx_word' id='word_1_677' title='bbox 2834 3174 3056 3245; x_wconf 79' lang='grc' dir='ltr'>Πατέρα</span> <span class='ocrx_word' id='word_1_678' title='bbox 3116 3178 3513 3247; x_wconf 74' lang='grc' dir='ltr'>προσηύχετοο</span> <span class='ocrx_word' id='word_1_679' title='bbox 3568 3179 3668 3233; x_wconf 67' lang='grc' dir='ltr'><strong>καὶ</strong></span> 
     </span>
    </p>
   </div>
   <div class='ocr_carea' id='block_1_91' title="bbox 2070 3258 3666 3341">
    <p class='ocr_par' dir='ltr' id='par_1_91' title="bbox 2070 3258 3666 3341">
     <span class='ocr_line' id='line_1_91' title="bbox 2070 3258 3666 3341; baseline 0.011 -32"><span class='ocrx_word' id='word_1_680' title='bbox 2070 3258 2130 3310; x_wconf 83' lang='grc' dir='ltr'><strong>τὸ</strong></span> <span class='ocrx_word' id='word_1_681' title='bbox 2182 3258 2642 3328; x_wconf 83' lang='grc' dir='ltr'>ἀποδέχεσθαιτά</span> <span class='ocrx_word' id='word_1_682' title='bbox 2673 3262 2769 3317; x_wconf 86' lang='grc' dir='ltr'><strong>τοῦ</strong></span> <span class='ocrx_word' id='word_1_683' title='bbox 2832 3264 2999 3336; x_wconf 80' lang='grc' dir='ltr'>νόμον</span> <span class='ocrx_word' id='word_1_684' title='bbox 3034 3284 3092 3319; x_wconf 89' lang='grc' dir='ltr'><strong>τε</strong></span> <span class='ocrx_word' id='word_1_685' title='bbox 3124 3269 3219 3323; x_wconf 76' lang='grc' dir='ltr'><strong>καὶ</strong></span> <span class='ocrx_word' id='word_1_686' title='bbox 3273 3268 3383 3322; x_wconf 85' lang='grc' dir='ltr'><strong>τῶν</strong></span> <span class='ocrx_word' id='word_1_687' title='bbox 3445 3286 3666 3341; x_wconf 81' lang='grc' dir='ltr'>προφη-</span> 
     </span>
    </p>
   </div>
   <div class='ocr_carea' id='block_1_92' title="bbox 2072 3349 3663 3429">
    <p class='ocr_par' dir='ltr' id='par_1_92' title="bbox 2072 3349 3663 3429">
     <span class='ocr_line' id='line_1_92' title="bbox 2072 3349 3663 3429; baseline 0.009 -27"><span class='ocrx_word' id='word_1_688' title='bbox 2072 3349 2203 3416; x_wconf 79' lang='grc' dir='ltr'>τῶν,</span> <span class='ocrx_word' id='word_1_689' title='bbox 2251 3352 2414 3423; x_wconf 73' lang='grc' dir='ltr'>χάριν</span> <span class='ocrx_word' id='word_1_690' title='bbox 2473 3354 2639 3408; x_wconf 85' lang='grc' dir='ltr'>αὑτοῦ</span> <span class='ocrx_word' id='word_1_691' title='bbox 2698 3361 3183 3429; x_wconf 82' lang='grc' dir='ltr'>προαγορευθέντα</span> <span class='ocrx_word' id='word_1_692' title='bbox 3243 3363 3334 3415; x_wconf 80' lang='grc' dir='ltr'>καὶ</span> <span class='ocrx_word' id='word_1_693' title='bbox 3385 3362 3455 3417; x_wconf 70' lang='grc' dir='ltr'><strong>τὸ</strong></span> <span class='ocrx_word' id='word_1_694' title='bbox 3508 3364 3663 3418; x_wconf 77' lang='grc' dir='ltr'>σέόεο</span> 
     </span>
    </p>
   </div>
   <div class='ocr_carea' id='block_1_93' title="bbox 2074 3442 3660 3523">
    <p class='ocr_par' dir='ltr' id='par_1_93' title="bbox 2074 3442 3660 3523">
     <span class='ocr_line' id='line_1_93' title="bbox 2074 3442 3660 3523; baseline 0.008 -29"><span class='ocrx_word' id='word_1_695' title='bbox 2074 3442 2199 3496; x_wconf 65' lang='grc' dir='ltr'>σ’ἓαι</span> <span class='ocrx_word' id='word_1_696' title='bbox 2224 3442 2283 3495; x_wconf 84' lang='grc' dir='ltr'><strong>δὲ</strong></span> <span class='ocrx_word' id='word_1_697' title='bbox 2311 3446 2433 3507; x_wconf 86' lang='grc' dir='ltr'>τοὺς</span> <span class='ocrx_word' id='word_1_698' title='bbox 2462 3446 2646 3511; x_wconf 81' lang='grc' dir='ltr'>θείους</span> <span class='ocrx_word' id='word_1_699' title='bbox 2701 3450 2885 3513; x_wconf 78' lang='grc' dir='ltr'>ναοὺς,</span> <span class='ocrx_word' id='word_1_700' title='bbox 2942 3450 3054 3504; x_wconf 75' lang='grc' dir='ltr'>ἀπὸ</span> <span class='ocrx_word' id='word_1_701' title='bbox 3099 3450 3193 3504; x_wconf 89' lang='grc' dir='ltr'><strong>τοῦ</strong></span> <span class='ocrx_word' id='word_1_702' title='bbox 3256 3451 3410 3523; x_wconf 78' lang='grc' dir='ltr'>ἱεροῦ</span> <span class='ocrx_word' id='word_1_703' title='bbox 3446 3455 3660 3508; x_wconf 70' lang='grc' dir='ltr'>ἐκείνου</span> 
     </span>
    </p>
   </div>
   <div class='ocr_carea' id='block_1_94' title="bbox 2073 3532 3663 3610">
    <p class='ocr_par' dir='ltr' id='par_1_94' title="bbox 2073 3532 3663 3610">
     <span class='ocr_line' id='line_1_94' title="bbox 2073 3532 3663 3610; baseline 0.009 -24"><span class='ocrx_word' id='word_1_704' title='bbox 2073 3532 2167 3587; x_wconf 90' lang='grc' dir='ltr'><strong>τοῦ</strong></span> <span class='ocrx_word' id='word_1_705' title='bbox 2219 3534 2455 3589; x_wconf 81' lang='grc' dir='ltr'>παλαιιῦ</span> <span class='ocrx_word' id='word_1_706' title='bbox 2484 3537 2646 3591; x_wconf 87' lang='grc' dir='ltr'>τοῦτο</span> <span class='ocrx_word' id='word_1_707' title='bbox 2673 3539 3085 3609; x_wconf 75' lang='grc' dir='ltr'>ἀποδείξαντος,</span> <span class='ocrx_word' id='word_1_708' title='bbox 3133 3542 3264 3597; x_wconf 71' lang='grc' dir='ltr'>ἔνθα</span> <span class='ocrx_word' id='word_1_709' title='bbox 3298 3545 3431 3610; x_wconf 75' lang='grc' dir='ltr'>τοὺς</span> <span class='ocrx_word' id='word_1_710' title='bbox 3464 3546 3663 3599; x_wconf 67' lang='lat' dir='ltr'><strong>050x1-</strong></span> 
     </span>
    </p>
   </div>
   <div class='ocr_carea' id='block_1_95' title="bbox 2072 3626 3660 3706">
    <p class='ocr_par' dir='ltr' id='par_1_95' title="bbox 2072 3626 3660 3706">
     <span class='ocr_line' id='line_1_95' title="bbox 2072 3626 3660 3706; baseline 0.008 -29"><span class='ocrx_word' id='word_1_711' title='bbox 2072 3626 2280 3691; x_wconf 82' lang='grc' dir='ltr'>πήλους</span> <span class='ocrx_word' id='word_1_712' title='bbox 2310 3629 2555 3692; x_wconf 75' lang='grc' dir='ltr'>ἐκείνους</span> <span class='ocrx_word' id='word_1_713' title='bbox 2615 3626 2865 3696; x_wconf 79' lang='grc' dir='ltr'>ὲξεδίωξε</span> <span class='ocrx_word' id='word_1_714' title='bbox 2892 3634 3232 3704; x_wconf 84' lang='grc' dir='ltr'>φραγγελίῳ,</span> <span class='ocrx_word' id='word_1_715' title='bbox 3281 3636 3377 3689; x_wconf 77' lang='grc' dir='ltr'><strong>καὶ</strong></span> <span class='ocrx_word' id='word_1_716' title='bbox 3412 3655 3660 3706; x_wconf 78' lang='grc' dir='ltr'>προσευ-</span> 
     </span>
    </p>
   </div>
   <div class='ocr_carea' id='block_1_96' title="bbox 2074 3716 3653 3794">
    <p class='ocr_par' dir='ltr' id='par_1_96' title="bbox 2074 3716 3653 3794">
     <span class='ocr_line' id='line_1_96' title="bbox 2074 3716 3653 3794; baseline 0.008 -22"><span class='ocrx_word' id='word_1_717' title='bbox 2074 3719 2177 3789; x_wconf 74' lang='grc' dir='ltr'><strong>χῆς</strong></span> <span class='ocrx_word' id='word_1_718' title='bbox 2207 3716 2379 3785; x_wconf 79' lang='grc' dir='ltr'>οἷκον,</span> <span class='ocrx_word' id='word_1_719' title='bbox 2414 3722 2510 3775; x_wconf 73' lang='grc' dir='ltr'>καὶ</span> <span class='ocrx_word' id='word_1_720' title='bbox 2552 3723 2765 3794; x_wconf 83' lang='grc' dir='ltr'>Πατρδς</span> <span class='ocrx_word' id='word_1_721' title='bbox 2793 3724 2959 3778; x_wconf 78' lang='grc' dir='ltr'>αὐτοῦ</span> <span class='ocrx_word' id='word_1_722' title='bbox 2978 3722 3144 3779; x_wconf 78' lang='grc' dir='ltr'>ὀἷκον</span> <span class='ocrx_word' id='word_1_723' title='bbox 3166 3727 3359 3782; x_wconf 86' lang='grc' dir='ltr'>τοῦτον</span> <span class='ocrx_word' id='word_1_724' title='bbox 3396 3731 3653 3785; x_wconf 72' lang='grc' dir='ltr'>ἐκάλεσε.</span> 
     </span>
    </p>
   </div>
   <div class='ocr_carea' id='block_1_97' title="bbox 2076 3812 3659 3894">
    <p class='ocr_par' dir='ltr' id='par_1_97' title="bbox 2076 3812 3659 3894">
     <span class='ocr_line' id='line_1_97' title="bbox 2076 3812 3659 3894; baseline 0.006 -29"><span class='ocrx_word' id='word_1_725' title='bbox 2076 3812 2187 3865; x_wconf 78' lang='grc' dir='ltr'>Καὶ</span> <span class='ocrx_word' id='word_1_726' title='bbox 2211 3813 2311 3866; x_wconf 76' lang='grc' dir='ltr'><strong>οὐκ</strong></span> <span class='ocrx_word' id='word_1_727' title='bbox 2354 3814 2509 3884; x_wconf 53' lang='lat' dir='ltr'><strong>ﬂeas,</strong></span> <span class='ocrx_word' id='word_1_728' title='bbox 2535 3815 2723 3882; x_wconf 73' lang='grc' dir='ltr'>φησὶν,</span> <span class='ocrx_word' id='word_1_729' title='bbox 2763 3817 2849 3870; x_wconf 78' lang='grc' dir='ltr'><strong>ἵνα</strong></span> <span class='ocrx_word' id='word_1_730' title='bbox 2878 3834 2961 3881; x_wconf 86' lang='grc' dir='ltr'><strong>τις</strong></span> <span class='ocrx_word' id='word_1_731' title='bbox 2994 3818 3189 3882; x_wconf 85' lang='grc' dir='ltr'>σκεῦος</span> <span class='ocrx_word' id='word_1_732' title='bbox 3232 3819 3321 3872; x_wconf 81' lang='grc' dir='ltr'>διὰ</span> <span class='ocrx_word' id='word_1_733' title='bbox 3372 3821 3472 3874; x_wconf 91' lang='grc' dir='ltr'><strong>τοῦ</strong></span> <span class='ocrx_word' id='word_1_734' title='bbox 3505 3821 3659 3894; x_wconf 78' lang='grc' dir='ltr'>ἱεροῦ</span> 
     </span>
    </p>
   </div>
   <div class='ocr_carea' id='block_1_98' title="bbox 2072 3899 3659 3986">
    <p class='ocr_par' dir='ltr' id='par_1_98' title="bbox 2072 3899 3659 3986">
     <span class='ocr_line' id='line_1_98' title="bbox 2072 3899 3659 3986; baseline 0.006 -30"><span class='ocrx_word' id='word_1_735' title='bbox 2072 3905 2381 3977; x_wconf 75' lang='grc' dir='ltr'>είσενέγκῃ,</span> <span class='ocrx_word' id='word_1_736' title='bbox 2409 3905 2507 3975; x_wconf 79' lang='grc' dir='ltr'>τὴν</span> <span class='ocrx_word' id='word_1_737' title='bbox 2540 3907 2676 3976; x_wconf 76' lang='grc' dir='ltr'>πρὸς</span> <span class='ocrx_word' id='word_1_738' title='bbox 2713 3909 2838 3971; x_wconf 73' lang='grc' dir='ltr'>τοὺς</span> <span class='ocrx_word' id='word_1_739' title='bbox 2869 3908 3044 3974; x_wconf 82' lang='grc' dir='ltr'>θείους</span> <span class='ocrx_word' id='word_1_740' title='bbox 3096 3913 3258 3976; x_wconf 63' lang='grc' dir='ltr'>ναοὺς</span> <span class='ocrx_word' id='word_1_741' title='bbox 3289 3899 3659 3986; x_wconf 61' lang='grc' dir='ltr'>όφειλομένῄν</span> 
     </span>
    </p>
   </div>
   <div class='ocr_carea' id='block_1_99' title="bbox 2068 3993 3657 4074">
    <p class='ocr_par' dir='ltr' id='par_1_99' title="bbox 2068 3993 3657 4074">
     <span class='ocr_line' id='line_1_99' title="bbox 2068 3993 3657 4074; baseline 0.008 -27"><span class='ocrx_word' id='word_1_742' title='bbox 2068 3993 2336 4048; x_wconf 82' lang='grc' dir='ltr'>διδάσκων</span> <span class='ocrx_word' id='word_1_743' title='bbox 2374 3995 2685 4052; x_wconf 73' lang='grc' dir='ltr'>εὐλάϐειαν.</span> <span class='ocrx_word' id='word_1_744' title='bbox 2715 3998 2824 4050; x_wconf 76' lang='lat' dir='ltr'><strong>Kal.</strong></span> <span class='ocrx_word' id='word_1_745' title='bbox 2854 3998 2946 4051; x_wconf 71' lang='grc' dir='ltr'>τὸν</span> <span class='ocrx_word' id='word_1_746' title='bbox 2971 4001 3140 4053; x_wconf 81' lang='grc' dir='ltr'>τύπον</span> <span class='ocrx_word' id='word_1_747' title='bbox 3166 4001 3222 4054; x_wconf 73' lang='grc' dir='ltr'><strong>δὲ</strong></span> <span class='ocrx_word' id='word_1_748' title='bbox 3262 4001 3357 4055; x_wconf 92' lang='grc' dir='ltr'><strong>τοῦ</strong></span> <span class='ocrx_word' id='word_1_749' title='bbox 3411 4006 3657 4074; x_wconf 87' lang='grc' dir='ltr'>σταυροῦ</span> 
     </span>
    </p>
   </div>
   <div class='ocr_carea' id='block_1_100' title="bbox 2072 4086 3657 4167">
    <p class='ocr_par' dir='ltr' id='par_1_100' title="bbox 2072 4086 3657 4167">
     <span class='ocr_line' id='line_1_100' title="bbox 2072 4086 3657 4167; baseline 0.008 -31"><span class='ocrx_word' id='word_1_750' title='bbox 2072 4089 2298 4155; x_wconf 77' lang='grc' dir='ltr'>σημεῖον</span> <span class='ocrx_word' id='word_1_751' title='bbox 2366 4086 2564 4140; x_wconf 84' lang='grc' dir='ltr'>ἑαυτοῦ</span> <span class='ocrx_word' id='word_1_752' title='bbox 2612 4088 2872 4143; x_wconf 78' lang='grc' dir='ltr'>ἐκάλεσεν</span> <span class='ocrx_word' id='word_1_753' title='bbox 2903 4091 2959 4167; x_wconf 67' lang='grc' dir='ltr'><strong>ὁ⁸</strong></span> <span class='ocrx_word' id='word_1_754' title='bbox 2990 4091 3209 4163; x_wconf 75' lang='grc' dir='ltr'>Σωτὴρ,</span> <span class='ocrx_word' id='word_1_755' title='bbox 3249 4093 3343 4145; x_wconf 71' lang='grc' dir='ltr'><strong>καὶ</strong></span> <span class='ocrx_word' id='word_1_756' title='bbox 3403 4096 3517 4165; x_wconf 77' lang='grc' dir='ltr'><strong>πρὸ</strong></span> <span class='ocrx_word' id='word_1_757' title='bbox 3556 4095 3657 4163; x_wconf 78' lang='grc' dir='ltr'>τῆς</span> 
     </span>
    </p>
   </div>
   <div class='ocr_carea' id='block_1_101' title="bbox 2074 4179 3658 4256">
    <p class='ocr_par' dir='ltr' id='par_1_101' title="bbox 2074 4179 3658 4256">
     <span class='ocr_line' id='line_1_101' title="bbox 2074 4179 3658 4256; baseline 0.006 -28"><span class='ocrx_word' id='word_1_758' title='bbox 2074 4179 2384 4248; x_wconf 76' lang='grc' dir='ltr'>παρουσίας</span> <span class='ocrx_word' id='word_1_759' title='bbox 2404 4179 2571 4232; x_wconf 76' lang='grc' dir='ltr'>αὐτοῦ</span> <span class='ocrx_word' id='word_1_760' title='bbox 2591 4181 2689 4250; x_wconf 83' lang='grc' dir='ltr'>τῆς</span> <span class='ocrx_word' id='word_1_761' title='bbox 2712 4181 2972 4252; x_wconf 82' lang='grc' dir='ltr'>δευτέρας</span> <span class='ocrx_word' id='word_1_762' title='bbox 2988 4187 3222 4254; x_wconf 76' lang='grc' dir='ltr'>φανῆναι</span> <span class='ocrx_word' id='word_1_763' title='bbox 3241 4187 3658 4256; x_wconf 81' lang='grc' dir='ltr'>προηγόρευσε,</span> 
     </span>
    </p>
   </div>
   <div class='ocr_carea' id='block_1_102' title="bbox 2069 4270 3657 4346">
    <p class='ocr_par' dir='ltr' id='par_1_102' title="bbox 2069 4270 3657 4346">
     <span class='ocr_line' id='line_1_102' title="bbox 2069 4270 3657 4346; baseline 0.008 -25"><span class='ocrx_word' id='word_1_764' title='bbox 2069 4270 2192 4323; x_wconf 84' lang='grc' dir='ltr'>τότε</span> <span class='ocrx_word' id='word_1_765' title='bbox 2221 4273 2551 4340; x_wconf 77' lang='grc' dir='ltr'>φανήσεται,</span> <span class='ocrx_word' id='word_1_766' title='bbox 2590 4271 2782 4341; x_wconf 74' lang='grc' dir='ltr'>εἰπὼν,</span> <span class='ocrx_word' id='word_1_767' title='bbox 2816 4274 2879 4330; x_wconf 79' lang='grc' dir='ltr'>τὸ</span> <span class='ocrx_word' id='word_1_768' title='bbox 2925 4278 3153 4346; x_wconf 77' lang='grc' dir='ltr'>σημεῖον</span> <span class='ocrx_word' id='word_1_769' title='bbox 3202 4275 3299 4332; x_wconf 87' lang='grc' dir='ltr'><strong>τοῦ</strong></span> <span class='ocrx_word' id='word_1_770' title='bbox 3334 4278 3496 4334; x_wconf 81' lang='grc' dir='ltr'>’Υἱοῦ</span> <span class='ocrx_word' id='word_1_771' title='bbox 3557 4280 3657 4334; x_wconf 89' lang='grc' dir='ltr'><strong>τοῦ</strong></span> 
     </span>
    </p>
   </div>
   <div class='ocr_carea' id='block_1_103' title="bbox 2069 4361 3663 4442">
    <p class='ocr_par' dir='ltr' id='par_1_103' title="bbox 2069 4361 3663 4442">
     <span class='ocr_line' id='line_1_103' title="bbox 2069 4361 3663 4442; baseline 0.009 -28"><span class='ocrx_word' id='word_1_772' title='bbox 2069 4361 2362 4432; x_wconf 76' lang='grc' dir='ltr'>ἀνθρώπου</span> <span class='ocrx_word' id='word_1_773' title='bbox 2394 4365 2452 4416; x_wconf 83' lang='grc' dir='ltr'>ὲν</span> <span class='ocrx_word' id='word_1_774' title='bbox 2502 4364 2581 4435; x_wconf 86' lang='grc' dir='ltr'>τῷ</span> <span class='ocrx_word' id='word_1_775' title='bbox 2636 4366 2873 4436; x_wconf 79' lang='grc' dir='ltr'>οὐρανῷ,</span> <span class='ocrx_word' id='word_1_776' title='bbox 2908 4372 2936 4421; x_wconf 85' lang='grc' dir='ltr'><strong>ὁ</strong></span> <span class='ocrx_word' id='word_1_777' title='bbox 2991 4370 3222 4439; x_wconf 79' lang='grc' dir='ltr'>σταυρὸς</span> <span class='ocrx_word' id='word_1_778' title='bbox 3280 4370 3556 4442; x_wconf 83' lang='grc' dir='ltr'>δηλονότι,</span> <span class='ocrx_word' id='word_1_779' title='bbox 3601 4373 3663 4428; x_wconf 79' lang='grc' dir='ltr'>ὃν</span> 
     </span>
    </p>
   </div>
   <div class='ocr_carea' id='block_1_104' title="bbox 2069 4455 3661 4532">
    <p class='ocr_par' dir='ltr' id='par_1_104' title="bbox 2069 4455 3661 4532">
     <span class='ocr_line' id='line_1_104' title="bbox 2069 4455 3661 4532; baseline 0.008 -24"><span class='ocrx_word' id='word_1_780' title='bbox 2069 4457 2170 4509; x_wconf 74' lang='grc' dir='ltr'>καὶ</span> <span class='ocrx_word' id='word_1_781' title='bbox 2223 4455 2300 4525; x_wconf 83' lang='grc' dir='ltr'>τῷ</span> <span class='ocrx_word' id='word_1_782' title='bbox 2332 4458 2734 4532; x_wconf 81' lang='grc' dir='ltr'>Κωνσταντίνῳ</span> <span class='ocrx_word' id='word_1_783' title='bbox 2779 4461 2993 4531; x_wconf 84' lang='grc' dir='ltr'>βασιλεί</span> <span class='ocrx_word' id='word_1_784' title='bbox 3042 4462 3320 4531; x_wconf 79' lang='grc' dir='ltr'>ὑπέδειξεν</span> <span class='ocrx_word' id='word_1_785' title='bbox 3373 4465 3516 4531; x_wconf 77' lang='grc' dir='ltr'>ἄνω,</span> <span class='ocrx_word' id='word_1_786' title='bbox 3565 4470 3661 4521; x_wconf 74' lang='grc' dir='ltr'>καὶ</span> 
     </span>
    </p>
   </div>
   <div class='ocr_carea' id='block_1_105' title="bbox 1992 4544 3665 4630">
    <p class='ocr_par' dir='ltr' id='par_1_105' title="bbox 1992 4544 3665 4630">
     <span class='ocr_line' id='line_1_105' title="bbox 1992 4544 3665 4630; baseline 0.009 -35"><span class='ocrx_word' id='word_1_787' title='bbox 1992 4570 2044 4630; x_wconf 70' lang='lat' dir='ltr'><strong><em>D</em></strong></span> <span class='ocrx_word' id='word_1_788' title='bbox 2072 4544 2211 4615; x_wconf 78' lang='grc' dir='ltr'>πρὸς</span> <span class='ocrx_word' id='word_1_789' title='bbox 2241 4546 2340 4615; x_wconf 78' lang='grc' dir='ltr'>τὴν</span> <span class='ocrx_word' id='word_1_790' title='bbox 2361 4545 2528 4600; x_wconf 82' lang='grc' dir='ltr'>αὐτοῦ</span> <span class='ocrx_word' id='word_1_791' title='bbox 2564 4549 2749 4604; x_wconf 88' lang='grc' dir='ltr'>πίστιν</span> <span class='ocrx_word' id='word_1_792' title='bbox 2776 4551 3214 4625; x_wconf 70' lang='grc' dir='ltr'>ἐχειραγώγησε,</span> <span class='ocrx_word' id='word_1_793' title='bbox 3249 4557 3341 4610; x_wconf 75' lang='grc' dir='ltr'>καὶ</span> <span class='ocrx_word' id='word_1_794' title='bbox 3370 4556 3481 4609; x_wconf 60' lang='lat' dir='ltr'><strong>Earl</strong></span> <span class='ocrx_word' id='word_1_795' title='bbox 3502 4560 3665 4612; x_wconf 79' lang='grc' dir='ltr'>Κων-</span> 
     </span>
    </p>
   </div>
   <div class='ocr_carea' id='block_1_106' title="bbox 2075 4637 3664 4721">
    <p class='ocr_par' dir='ltr' id='par_1_106' title="bbox 2075 4637 3664 4721">
     <span class='ocr_line' id='line_1_106' title="bbox 2075 4637 3664 4721; baseline 0.009 -33"><span class='ocrx_word' id='word_1_796' title='bbox 2075 4637 2356 4691; x_wconf 87' lang='grc' dir='ltr'>σταντίνου</span> <span class='ocrx_word' id='word_1_797' title='bbox 2396 4639 2455 4691; x_wconf 83' lang='grc' dir='ltr'>ὲν</span> <span class='ocrx_word' id='word_1_798' title='bbox 2490 4640 2706 4711; x_wconf 80' lang='grc' dir='ltr'>οὐρανῷ</span> <span class='ocrx_word' id='word_1_799' title='bbox 2741 4643 2800 4695; x_wconf 77' lang='grc' dir='ltr'>ὲν</span> <span class='ocrx_word' id='word_1_800' title='bbox 2846 4643 2988 4716; x_wconf 83' lang='grc' dir='ltr'>μέσῃ</span> <span class='ocrx_word' id='word_1_801' title='bbox 3051 4645 3252 4709; x_wconf 77' lang='grc' dir='ltr'>ἔδειξεν</span> <span class='ocrx_word' id='word_1_802' title='bbox 3309 4648 3522 4721; x_wconf 79' lang='grc' dir='ltr'>ἡμέρᾳ.</span> <span class='ocrx_word' id='word_1_803' title='bbox 3570 4650 3664 4703; x_wconf 86' lang='grc' dir='ltr'>Ἐν</span> 
     </span>
    </p>
   </div>
   <div class='ocr_carea' id='block_1_107' title="bbox 2073 4730 3666 4810">
    <p class='ocr_par' dir='ltr' id='par_1_107' title="bbox 2073 4730 3666 4810">
     <span class='ocr_line' id='line_1_107' title="bbox 2073 4730 3666 4810; baseline 0.009 -29"><span class='ocrx_word' id='word_1_804' title='bbox 2073 4730 2251 4799; x_wconf 81' lang='grc' dir='ltr'>τούτῳ</span> <span class='ocrx_word' id='word_1_805' title='bbox 2311 4730 2368 4783; x_wconf 86' lang='grc' dir='ltr'><strong>δὲ</strong></span> <span class='ocrx_word' id='word_1_806' title='bbox 2398 4730 2475 4800; x_wconf 83' lang='grc' dir='ltr'>τῷ</span> <span class='ocrx_word' id='word_1_807' title='bbox 2521 4732 2742 4805; x_wconf 84' lang='grc' dir='ltr'>σταυρῷ</span> <span class='ocrx_word' id='word_1_808' title='bbox 2791 4735 2888 4788; x_wconf 75' lang='grc' dir='ltr'>καὶ</span> <span class='ocrx_word' id='word_1_809' title='bbox 2951 4735 3164 4800; x_wconf 82' lang='grc' dir='ltr'>Παῦλος</span> <span class='ocrx_word' id='word_1_810' title='bbox 3214 4739 3512 4810; x_wconf 81' lang='grc' dir='ltr'>καυχᾶται,</span> <span class='ocrx_word' id='word_1_811' title='bbox 3566 4742 3666 4795; x_wconf 71' lang='grc' dir='ltr'><strong>καὶ</strong></span> 
     </span>
    </p>
   </div>
   <div class='ocr_carea' id='block_1_108' title="bbox 2072 4823 3660 4906">
    <p class='ocr_par' dir='ltr' id='par_1_108' title="bbox 2072 4823 3660 4906">
     <span class='ocr_line' id='line_1_108' title="bbox 2072 4823 3660 4906; baseline 0.001 -20"><span class='ocrx_word' id='word_1_812' title='bbox 2072 4823 2274 4885; x_wconf 73' lang='grc' dir='ltr'>πάντες</span> <span class='ocrx_word' id='word_1_813' title='bbox 2305 4824 2474 4890; x_wconf 83' lang='grc' dir='ltr'>ἆγιοι,</span> <span class='ocrx_word' id='word_1_814' title='bbox 2501 4823 2561 4876; x_wconf 87' lang='grc' dir='ltr'>οὺ</span> <span class='ocrx_word' id='word_1_815' title='bbox 2596 4824 2805 4894; x_wconf 61' lang='lat' dir='ltr'><strong>ventri);</strong></span> <span class='ocrx_word' id='word_1_816' title='bbox 2827 4828 3018 4896; x_wconf 91' lang='grc' dir='ltr'>μόνον,</span> <span class='ocrx_word' id='word_1_817' title='bbox 3053 4828 3191 4884; x_wconf 82' lang='grc' dir='ltr'>ἀλλά</span> <span class='ocrx_word' id='word_1_818' title='bbox 3220 4832 3314 4884; x_wconf 80' lang='grc' dir='ltr'>καὶ</span> <span class='ocrx_word' id='word_1_819' title='bbox 3362 4833 3660 4906; x_wconf 76' lang='grc' dir='ltr'>αἰσθητῶς</span> 
     </span>
    </p>
   </div>
   <div class='ocr_carea' id='block_1_109' title="bbox 2069 4912 3664 4995">
    <p class='ocr_par' dir='ltr' id='par_1_109' title="bbox 2069 4912 3664 4995">
     <span class='ocr_line' id='line_1_109' title="bbox 2069 4912 3664 4995; baseline 0.009 -31"><span class='ocrx_word' id='word_1_820' title='bbox 2069 4912 2235 4966; x_wconf 80' lang='grc' dir='ltr'>αὐτὸν</span> <span class='ocrx_word' id='word_1_821' title='bbox 2257 4913 2529 4983; x_wconf 83' lang='grc' dir='ltr'>τιμῶντες</span> <span class='ocrx_word' id='word_1_822' title='bbox 2558 4917 2653 4969; x_wconf 75' lang='grc' dir='ltr'>καὶ</span> <span class='ocrx_word' id='word_1_823' title='bbox 2680 4916 3062 4991; x_wconf 77' lang='grc' dir='ltr'>ἀσπαζόμενοι</span> <span class='ocrx_word' id='word_1_824' title='bbox 3082 4937 3097 4956; x_wconf 86' lang='grc'><strong>·</strong></span> <span class='ocrx_word' id='word_1_825' title='bbox 3151 4924 3246 4976; x_wconf 77' lang='grc' dir='ltr'>καὶ</span> <span class='ocrx_word' id='word_1_826' title='bbox 3290 4923 3502 4995; x_wconf 76' lang='grc' dir='ltr'>Πέτρος</span> <span class='ocrx_word' id='word_1_827' title='bbox 3564 4927 3664 4980; x_wconf 78' lang='grc' dir='ltr'>αὺ-</span> 
     </span>
    </p>
   </div>
   <div class='ocr_carea' id='block_1_110' title="bbox 2070 5003 3663 5085">
    <p class='ocr_par' dir='ltr' id='par_1_110' title="bbox 2070 5003 3663 5085">
     <span class='ocr_line' id='line_1_110' title="bbox 2070 5003 3663 5085; baseline 0.01 -30"><span class='ocrx_word' id='word_1_828' title='bbox 2070 5004 2185 5069; x_wconf 84' lang='grc' dir='ltr'>τὸς,</span> <span class='ocrx_word' id='word_1_829' title='bbox 2214 5003 2376 5057; x_wconf 88' lang='grc' dir='ltr'>τοῦτο</span> <span class='ocrx_word' id='word_1_830' title='bbox 2401 5005 2640 5076; x_wconf 78' lang='grc' dir='ltr'>ζητήσας</span> <span class='ocrx_word' id='word_1_831' title='bbox 2670 5007 2886 5073; x_wconf 79' lang='grc' dir='ltr'>παθεῖν,</span> <span class='ocrx_word' id='word_1_832' title='bbox 2950 5013 3011 5065; x_wconf 78' lang='grc' dir='ltr'><strong>τὸ</strong></span> <span class='ocrx_word' id='word_1_833' title='bbox 3044 5015 3458 5085; x_wconf 81' lang='grc' dir='ltr'>σταυρωθῆναι,</span> <span class='ocrx_word' id='word_1_834' title='bbox 3490 5017 3521 5070; x_wconf 80' lang='grc' dir='ltr'><strong>ὃ</strong></span> <span class='ocrx_word' id='word_1_835' title='bbox 3562 5021 3663 5071; x_wconf 75' lang='grc' dir='ltr'>καὶ</span> 
     </span>
    </p>
   </div>
   <div class='ocr_carea' id='block_1_111' title="bbox 2074 5096 3665 5177">
    <p class='ocr_par' dir='ltr' id='par_1_111' title="bbox 2074 5096 3665 5177">
     <span class='ocr_line' id='line_1_111' title="bbox 2074 5096 3665 5177; baseline 0.009 -28"><span class='ocrx_word' id='word_1_836' title='bbox 2074 5096 2231 5167; x_wconf 84' lang='grc' dir='ltr'>παρὰ</span> <span class='ocrx_word' id='word_1_837' title='bbox 2256 5096 2350 5150; x_wconf 92' lang='grc' dir='ltr'><strong>τοῦ</strong></span> <span class='ocrx_word' id='word_1_838' title='bbox 2404 5099 2656 5170; x_wconf 82' lang='grc' dir='ltr'>Σωτῆρος</span> <span class='ocrx_word' id='word_1_839' title='bbox 2688 5103 3097 5175; x_wconf 86' lang='grc' dir='ltr'>προαγόρευσιν</span> <span class='ocrx_word' id='word_1_840' title='bbox 3139 5107 3330 5177; x_wconf 69' lang='grc' dir='ltr'>εἴληφε</span> <span class='ocrx_word' id='word_1_841' title='bbox 3358 5123 3373 5138; x_wconf 87' lang='grc'><strong>·</strong></span> <span class='ocrx_word' id='word_1_842' title='bbox 3401 5111 3501 5162; x_wconf 72' lang='grc' dir='ltr'>καὶ</span> <span class='ocrx_word' id='word_1_843' title='bbox 3536 5112 3665 5163; x_wconf 65' lang='grc' dir='ltr'><strong>Ἀν-</strong></span> 
     </span>
    </p>
   </div>
   <div class='ocr_carea' id='block_1_112' title="bbox 2070 5188 3666 5277">
    <p class='ocr_par' dir='ltr' id='par_1_112' title="bbox 2070 5188 3666 5277">
     <span class='ocr_line' id='line_1_112' title="bbox 2070 5188 3666 5277; baseline 0.009 -36"><span class='ocrx_word' id='word_1_844' title='bbox 2070 5188 2234 5260; x_wconf 78' lang='grc' dir='ltr'>δρέας</span> <span class='ocrx_word' id='word_1_845' title='bbox 2284 5193 2310 5241; x_wconf 83' lang='grc' dir='ltr'>ὁ</span> <span class='ocrx_word' id='word_1_846' title='bbox 2340 5189 2532 5244; x_wconf 83' lang='grc' dir='ltr'>τούτου</span> <span class='ocrx_word' id='word_1_847' title='bbox 2588 5192 2840 5272; x_wconf 67' lang='grc' dir='ltr'>ἁδελφὸς,</span> <span class='ocrx_word' id='word_1_848' title='bbox 2884 5197 2975 5250; x_wconf 77' lang='grc' dir='ltr'>καὶ</span> <span class='ocrx_word' id='word_1_849' title='bbox 3030 5196 3273 5277; x_wconf 74' lang='grc' dir='ltr'>πλεῖστοι</span> <span class='ocrx_word' id='word_1_850' title='bbox 3330 5199 3485 5254; x_wconf 73' lang='grc' dir='ltr'>ἄλλοι</span> <span class='ocrx_word' id='word_1_851' title='bbox 3551 5204 3666 5258; x_wconf 80' lang='grc' dir='ltr'>τῶν</span> 
     </span>
    </p>
   </div>
   <div class='ocr_carea' id='block_1_113' title="bbox 2075 5281 3666 5363">
    <p class='ocr_par' dir='ltr' id='par_1_113' title="bbox 2075 5281 3666 5363">
     <span class='ocr_line' id='line_1_113' title="bbox 2075 5281 3666 5363; baseline 0.01 -30"><span class='ocrx_word' id='word_1_852' title='bbox 2075 5281 2395 5334; x_wconf 77' lang='grc' dir='ltr'>ἀποστόλων</span> <span class='ocrx_word' id='word_1_853' title='bbox 2420 5283 2517 5335; x_wconf 81' lang='grc' dir='ltr'>καὶ</span> <span class='ocrx_word' id='word_1_854' title='bbox 2541 5284 2860 5355; x_wconf 86' lang='grc' dir='ltr'>μαρτύρων.</span> <span class='ocrx_word' id='word_1_855' title='bbox 2913 5289 3026 5344; x_wconf 72' lang='grc' dir='ltr'><strong>Καὶ</strong></span> <span class='ocrx_word' id='word_1_856' title='bbox 3083 5291 3359 5361; x_wconf 80' lang='grc' dir='ltr'>σφραγῖδα</span> <span class='ocrx_word' id='word_1_857' title='bbox 3409 5291 3666 5363; x_wconf 81' lang='grc' dir='ltr'>Χριστοῦ</span> 
     </span>
    </p>
   </div>
   <div class='ocr_carea' id='block_1_114' title="bbox 2074 5371 3670 5454">
    <p class='ocr_par' dir='ltr' id='par_1_114' title="bbox 2074 5371 3670 5454">
     <span class='ocr_line' id='line_1_114' title="bbox 2074 5371 3670 5454; baseline 0.008 -30"><span class='ocrx_word' id='word_1_858' title='bbox 2074 5371 2171 5424; x_wconf 61' lang='grc' dir='ltr'><strong>καὶ⁸</strong></span> <span class='ocrx_word' id='word_1_859' title='bbox 2202 5374 2426 5441; x_wconf 86' lang='grc' dir='ltr'>σημεῖον</span> <span class='ocrx_word' id='word_1_860' title='bbox 2458 5374 2650 5428; x_wconf 86' lang='grc' dir='ltr'>τοῦτον</span> <span class='ocrx_word' id='word_1_861' title='bbox 2704 5376 3017 5448; x_wconf 79' lang='grc' dir='ltr'>ὠνόμαζον.</span> <span class='ocrx_word' id='word_1_862' title='bbox 3053 5380 3139 5435; x_wconf 77' lang='grc' dir='ltr'>Τὰ</span> <span class='ocrx_word' id='word_1_863' title='bbox 3198 5384 3404 5454; x_wconf 78' lang='grc' dir='ltr'>φρικτὰ</span> <span class='ocrx_word' id='word_1_864' title='bbox 3437 5383 3502 5437; x_wconf 83' lang='grc' dir='ltr'><strong>δὲ</strong></span> <span class='ocrx_word' id='word_1_865' title='bbox 3565 5385 3670 5438; x_wconf 74' lang='grc' dir='ltr'>καὶ</span> 
     </span>
    </p>
   </div>
   <div class='ocr_carea' id='block_1_115' title="bbox 2074 5454 3670 5542">
    <p class='ocr_par' dir='ltr' id='par_1_115' title="bbox 2074 5454 3670 5542">
     <span class='ocr_line' id='line_1_115' title="bbox 2074 5454 3670 5542; baseline 0.012 -31"><span class='ocrx_word' id='word_1_866' title='bbox 2074 5461 2319 5531; x_wconf 85' lang='grc' dir='ltr'>σωτήρια</span> <span class='ocrx_word' id='word_1_867' title='bbox 2381 5466 2474 5516; x_wconf 81' lang='grc' dir='ltr'>καὶ</span> <span class='ocrx_word' id='word_1_868' title='bbox 2516 5463 2891 5535; x_wconf 81' lang='grc' dir='ltr'>θεοπαράδοτα</span> <span class='ocrx_word' id='word_1_869' title='bbox 2953 5454 3233 5542; x_wconf 70' lang='grc' dir='ltr'>μυστήρια</span> <span class='ocrx_word' id='word_1_870' title='bbox 3281 5475 3379 5528; x_wconf 70' lang='grc' dir='ltr'><strong>καὶ</strong></span> <span class='ocrx_word' id='word_1_871' title='bbox 3439 5472 3670 5538; x_wconf 83' lang='grc' dir='ltr'>Παῦλος</span> 
     </span>
    </p>
   </div>
   <div class='ocr_carea' id='block_1_116' title="bbox 2070 5554 3669 5637">
    <p class='ocr_par' dir='ltr' id='par_1_116' title="bbox 2070 5554 3669 5637">
     <span class='ocr_line' id='line_1_116' title="bbox 2070 5554 3669 5637; baseline 0.01 -31"><span class='ocrx_word' id='word_1_872' title='bbox 2070 5554 2395 5624; x_wconf 29' lang='grc' dir='ltr'>,παρέδωκεν</span> <span class='ocrx_word' id='word_1_873' title='bbox 2427 5558 2591 5621; x_wconf 76' lang='grc' dir='ltr'>αὐτὸς</span> <span class='ocrx_word' id='word_1_874' title='bbox 2617 5558 2796 5612; x_wconf 75' lang='grc' dir='ltr'>λαϐὼν</span> <span class='ocrx_word' id='word_1_875' title='bbox 2820 5560 2930 5615; x_wconf 76' lang='grc' dir='ltr'><strong>ἀπὸ</strong></span> <span class='ocrx_word' id='word_1_876' title='bbox 2958 5561 3054 5616; x_wconf 85' lang='grc' dir='ltr'><strong>τοῦ</strong></span> <span class='ocrx_word' id='word_1_877' title='bbox 3083 5565 3315 5636; x_wconf 73' lang='grc' dir='ltr'>Κυρίου.</span> <span class='ocrx_word' id='word_1_878' title='bbox 3362 5565 3421 5619; x_wconf 84' lang='grc' dir='ltr'><strong>Ὀ</strong></span> <span class='ocrx_word' id='word_1_879' title='bbox 3445 5566 3669 5637; x_wconf 79' lang='grc' dir='ltr'>Κύριος</span> 
     </span>
    </p>
   </div>
   <div class='ocr_carea' id='block_1_117' title="bbox 2072 5646 3664 5728">
    <p class='ocr_par' dir='ltr' id='par_1_117' title="bbox 2072 5646 3664 5728">
     <span class='ocr_line' id='line_1_117' title="bbox 2072 5646 3664 5728; baseline 0.007 -28"><span class='ocrx_word' id='word_1_880' title='bbox 2072 5647 2130 5700; x_wconf 77' lang='grc' dir='ltr'><strong>δὲ</strong></span> <span class='ocrx_word' id='word_1_881' title='bbox 2177 5646 2252 5717; x_wconf 81' lang='grc' dir='ltr'>μὴ</span> <span class='ocrx_word' id='word_1_882' title='bbox 2285 5648 2447 5717; x_wconf 91' lang='grc' dir='ltr'>μόνον</span> <span class='ocrx_word' id='word_1_883' title='bbox 2471 5650 2877 5721; x_wconf 75' lang='grc' dir='ltr'>προσεύχεσθαι</span> <span class='ocrx_word' id='word_1_884' title='bbox 2901 5655 3004 5725; x_wconf 82' lang='grc' dir='ltr'>τὴν</span> <span class='ocrx_word' id='word_1_885' title='bbox 3039 5653 3157 5723; x_wconf 85' lang='grc' dir='ltr'>τοῦ,</span> <span class='ocrx_word' id='word_1_886' title='bbox 3190 5674 3210 5708; x_wconf 86' lang='grc'><strong>‹</strong></span> <span class='ocrx_word' id='word_1_887' title='bbox 3243 5657 3429 5727; x_wconf 85' lang='grc' dir='ltr'>Πάτερ</span> <span class='ocrx_word' id='word_1_888' title='bbox 3470 5659 3664 5728; x_wconf 75' lang='grc' dir='ltr'>ἡμῶν,</span> 
     </span>
    </p>
   </div>
   <div class='ocr_carea' id='block_1_118' title="bbox 2071 5740 3675 5827">
    <p class='ocr_par' dir='ltr' id='par_1_118' title="bbox 2071 5740 3675 5827">
     <span class='ocr_line' id='line_1_118' title="bbox 2071 5740 3675 5827; baseline 0.008 -36"><span class='ocrx_word' id='word_1_889' title='bbox 2071 5740 2100 5791; x_wconf 87' lang='grc' dir='ltr'><strong>ὁ</strong></span> <span class='ocrx_word' id='word_1_890' title='bbox 2130 5740 2188 5792; x_wconf 74' lang='grc' dir='ltr'>ἐν</span> <span class='ocrx_word' id='word_1_891' title='bbox 2209 5743 2320 5803; x_wconf 83' lang='grc' dir='ltr'>τοῖς</span> <span class='ocrx_word' id='word_1_892' title='bbox 2345 5743 2615 5823; x_wconf 75' lang='grc' dir='ltr'>οὐρανοῖς,</span> <span class='ocrx_word' id='word_1_893' title='bbox 2648 5763 2666 5821; x_wconf 62' lang='grc' dir='ltr'>ρ</span> <span class='ocrx_word' id='word_1_894' title='bbox 2692 5744 2978 5815; x_wconf 78' lang='grc' dir='ltr'>παρέδωκε</span> <span class='ocrx_word' id='word_1_895' title='bbox 3004 5747 3113 5827; x_wconf 63' lang='grc' dir='ltr'><strong>ιδ</strong></span> <span class='ocrx_word' id='word_1_896' title='bbox 3153 5748 3501 5820; x_wconf 81' lang='grc' dir='ltr'>προσευχὴν,</span> <span class='ocrx_word' id='word_1_897' title='bbox 3527 5752 3675 5805; x_wconf 68' lang='grc' dir='ltr'>ἀλλὰ</span> 
     </span>
    </p>
   </div>
   <div class='ocr_carea' id='block_1_119' title="bbox 2075 5829 3679 5912">
    <p class='ocr_par' dir='ltr' id='par_1_119' title="bbox 2075 5829 3679 5912">
     <span class='ocr_line' id='line_1_119' title="bbox 2075 5829 3679 5912; baseline 0.01 -31"><span class='ocrx_word' id='word_1_898' title='bbox 2075 5831 2167 5882; x_wconf 70' lang='grc' dir='ltr'><strong>καὶ</strong></span> <span class='ocrx_word' id='word_1_899' title='bbox 2208 5829 2421 5898; x_wconf 78' lang='grc' dir='ltr'>ἑτέρας,</span> <span class='ocrx_word' id='word_1_900' title='bbox 2468 5830 2535 5895; x_wconf 76' lang='grc' dir='ltr'>ἃς</span> <span class='ocrx_word' id='word_1_901' title='bbox 2595 5831 2749 5887; x_wconf 79' lang='grc' dir='ltr'>αῦτοὶ</span> <span class='ocrx_word' id='word_1_902' title='bbox 2810 5836 3209 5907; x_wconf 58' lang='grc' dir='ltr'>ἀτιμάζουσιν</span> <span class='ocrx_word' id='word_1_903' title='bbox 3266 5839 3342 5901; x_wconf 82' lang='grc' dir='ltr'>ὡς</span> <span class='ocrx_word' id='word_1_904' title='bbox 3395 5836 3500 5912; x_wconf 66' lang='grc' dir='ltr'><strong>αδδ,</strong></span> <span class='ocrx_word' id='word_1_905' title='bbox 3533 5857 3557 5893; x_wconf 74' lang='lat' dir='ltr'><strong>t</strong></span> <span class='ocrx_word' id='word_1_906' title='bbox 3611 5838 3679 5897; x_wconf 79' lang='grc' dir='ltr'><em>ὐ</em></span> 
     </span>
    </p>
   </div>
  </div>
