4066 6462
295 385 367 449 69
1355 379 1744 442 DIALOGUS
1776 378 2077 440 CONTRA
2113 380 2506 443 l‘lrliRESES.
3509 392 3577 451 70

296 499 452 561 Θεὸς,
486 495 736 565 ἱλάσθητί
767 513 860 565 μοι
894 495 972 566 τῷ
1013 496 1347 567 ἁμαρτωλῷ,
1399 515 1417 548 ι
1448 497 1516 550 δι’
1574 495 1636 548 οὗ
1688 496 1873 564 ἐσώθη

1991 497 2098 550 cuit
2120 498 2172 552 in
2199 507 2313 552 toto
2334 498 2632 568 Evangelia
2659 515 2672 565 ;
2698 515 2881 554 verum
2905 511 3188 570 prrcantes
3214 516 3337 556 cum
3356 501 3454 556 ﬁde
3490 519 3582 572 pc-

295 589 534 657 τελώνης
558 605 573 621 ⁸
605 589 700 642 καὶ
720 589 803 653 τὸ,
847 606 866 640 ‹
907 589 1193 659 Ἥμαρτον
1250 591 1332 654 είς
1365 591 1456 643 τὸν
1497 589 1728 660 οὐρανὸν
1779 591 1875 642 καὶ

295 683 525 736 ἐνώπιόν
553 699 669 746 σου,
718 701 738 734 ι
775 680 844 736 δι’
878 681 938 735 οὗ
981 680 1162 752 ἐσώθη
1192 684 1221 735 ό
1256 681 1466 746 ἄσωτος
1492 699 1508 714 σ
1544 682 1710 752 χάριν
1776 683 1875 751 τῆς

301 776 484 844 φωνῆς
522 773 725 844 ταύτης
754 773 864 843 γὰρ
887 773 1228 844 προσεδέχθη
1260 773 1402 843 μετά
1429 775 1765 844 ἐπιστροφῆς
1814 789 1872 825 τε

301 867 398 921 καὶ
423 865 801 928 ταπεινώσεως
822 883 838 898 ·
883 867 980 919 καὶ
1013 866 1096 931 τὸ,
1139 885 1157 918 ι
1203 867 1490 938 Μνήσθητί
1518 884 1643 936 μου,
1677 866 1874 936 Κύριε,

299 963 426 1014 ὅταν
457 960 611 1030 ἔλθῃς
639 962 696 1013 ἐν
733 962 802 1030 τῇ
831 958 1078 1030 βασιλείᾳ.
1137 975 1255 1023 σου,
1293 977 1312 1010 ›
1353 959 1419 1011 δι’
1449 952 1510 1010 οὗ
1569 959 1596 1008 ὁ
1653 957 1866 1029 λῃστὴς

301 1054 394 1106 τὸν
425 1053 755 1123 παράδεισον
783 1052 945 1105 ἔλαϐε
970 1070 982 1083 ·
1013 1054 1108 1106 καὶ
1139 1052 1198 1104 τὺ
1254 1051 1525 1103 αἰτεῖσθαι
1584 1051 1639 1102 δὲ
1691 1052 1747 1101 ἐν
1802 1049 1879 1119 τῷ

303 1146 524 1214 δνόματι
545 1144 637 1198 τοῦ
654 1142 932 1216 -Χριστοῦ,
960 1145 1096 1214 ὅπερ
1123 1144 1286 1207 αὐτὸς
1317 1144 1384 1196 δι’
1407 1144 1531 1197 ὅλου
1557 1141 1654 1196 τοῦ
1691 1141 1876 1210 Εὐαγ-

307 1238 484 1307 τελίου
518 1237 760 1302 ἐδίδαξε*
815 1239 911 1292 καὶ
969 1237 1029 1289 τὸ
1078 1235 1552 1307 προσευχομένους
1601 1234 1875 1287 αἰτεῖσθαι

310 1330 442 1398 μετὰ
475 1331 710 1390 πίστεως
765 1330 860 1382 καὶ
910 1327 1212 1398 λαμϐάνειν
1241 1343 1254 1358 ο
1318 1326 1416 1379 καὶ
1456 1325 1619 1378 αὑτοῦ
1675 1325 1741 1394 δὴ
1781 1323 1876 1377 τοῦ

304 1421 540 1490 Χριστοῦ
574 1421 803 1474 πλεῖστα
829 1421 926 1474 καὶ
954 1420 1062 1489 πρὸ
1087 1421 1186 1490 τῆς
1231 1419 1533 1488 Διαθήκης,
1581 1420 1674 1471 καὶ
1705 1420 1761 1469 ἐν
1807 1420 1875 1488 τῇ

304 1514 545 1586 Διαθὴκῃ
572 1514 1044 1584 προσευξαμένου,
1093 1514 1189 1567 καὶ
1221 1513 1493 1565 αἰτεῖσθαι
1531 1512 1624 1566 καὶ
1658 1511 1876 1576 λαμϐά-

303 1625 418 1661 νειν
447 1608 588 1678 ἡμᾶς
623 1606 1064 1676 ἐγγυησαμένου,
1095 1606 1192 1660 καὶ
1220 1607 1396 1658 πάντα
1423 1607 1523 1657 ὅσα
1582 1605 1648 1657 ἂν
1701 1606 1760 1657 ἐν
1810 1604 1874 1672 τῇ

303 1702 574 1772 προσευχῇ
629 1699 930 1769 αἰτώμεθα,
977 1701 1332 1761 πιστεύοντας
1381 1699 1680 1767 λαμϐάνειν
1728 1697 1886 1754 διδάο,

305 1790 648 1854 ξαντος·καὶ
707 1790 814 1844 τῶν
853 1791 1172 1844 ἀποστόλων
1217 1791 1376 1844 τοῦτο
1423 1790 1874 1860 διενεργούντων,

306 1885 399 1936 καὶ
451 1885 509 1937 οὐ
576 1882 738 1952 μόνον
791 1882 875 1949 τὸ,
914 1883 1104 1952 Πάτερ
1163 1882 1353 1952 ἡμῶν,
1406 1883 1879 1953 προσευχομένων,

303 1977 440 2030 ἀλλά
468 1978 559 2029 καὶ
596 1975 794 2043 μυρίας
821 1976 988 2039 ἀλλας
1016 1975 1200 2045 εὐχάς,
1270 1976 1345 2038 ώς
1387 1977 1485 2028 καὶ
1542 1975 1602 2026 ἐν
1660 1976 1728 2042 τῇ
1783 1972 1878 2027 τοῦ

305 2069 546 2124 Ματθίου
579 2070 777 2139 ἐκλογῇ
837 2070 1132 2125 δείκνυται.
1181 2069 1292 2121 Καὶ
1321 2071 1380 2122 ἐν
1429 2069 1504 2138 τῷ
1537 2069 1880 2139 ὑποστρέψαι

307 2163 433 2226 τοῦς
459 2163 789 2225 ἀποστόλους
817 2161 1082 2232 δαρέντας
1109 2161 1216 2222 ὑπὸ
1238 2162 1343 2214 τῶν
1375 2160 1678 2228 Ἰουδαίων,
1709 2163 1796 2216 ὅτε
1815 2164 1875 2216 οὐ

306 2255 388 2317 τὸ,
425 2254 615 2322 Πάτερ
663 2253 864 2324 ἡμῶν,
912 2252 1318 2323 προσεύξασθαι
1371 2253 1702 2318 δείκνυνται,
1763 2254 1878 2307 ἀλλ’

305 2345 499 2416 ἑτέραν
555 2347 621 2414 ἣν
657 2344 930 2412 γράφουσι
991 2343 1303 2414 προσευχὴν
1360 2343 1418 2395 αἱ
1465 2341 1723 2411 Πράξεις,
1783 2341 1877 2395 καὶ

305 2436 656 2506 ἐπλήσθησαν
686 2437 844 2505 ἁγίου
872 2435 1215 2504 Πνεύματος,
1254 2436 1349 2489 καὶ
1401 2435 1673 2502 ἐσαλεύθη
1725 2437 1752 2486 ὁ
1784 2435 1875 2486 τό-

307 2547 410 2593 πος
435 2533 494 2583 ἐν
529 2523 680 2600 ᾧπερ
726 2530 1078 2600 εἱστήκεσαν,
1131 2530 1226 2583 καὶ
1277 2528 1358 2582 ἔτι
1406 2529 1667 2589 πλείστας
1709 2527 1878 2592 ἄλλας

306 2624 618 2693 προσευχὰς
647 2624 1017 2694 πεποιήκεσαν
1033 2615 1183 2677 οὗτοι
1210 2639 1222 2654 ο
1246 2621 1340 2676 καὶ
1363 2621 1423 2674 τὸ
1456 2624 1544 2674 διὰ
1563 2621 1656 2674 τοῦ
1683 2621 1882 2692 ὀνόμα-

304 2729 394 2775 τος
432 2711 490 2765 δὲ
516 2711 610 2765 τοῦ
636 2713 840 2784 Κυρίου
870 2712 1025 2783 ήμῶν
1054 2713 1232 2781 Ἰησοῦ
1261 2713 1359 2775 τὰς
1379 2712 1711 2782 θεοσημείας
1741 2714 1878 2781 μᾶλ-

304 2804 606 2867 λοναίηοὺς
633 2807 894 2874 ἐνεργεῖν
915 2805 1008 2859 καὶ
1054 2805 1148 2860 τοῦ
1170 2807 1377 2876 Κυρίου
1417 2805 1480 2858 ού
1524 2806 1682 2874 μόνον
1717 2821 1886 2876 προσ-

1987 599 2195 658 tamus,
2212 599 2267 646 et
2291 592 2627 661 accipiemus
2655 609 2667 656 ;
2692 608 2815 646 nam
2843 592 3095 650 Christus
3120 593 3233 663 ipse
3255 595 3407 662 plura
3429 597 3579 664 prius

1983 700 2144 756 quam
2167 685 2576 740 Testamentum
2608 698 2784 740 morte
2807 688 3050 744 ﬁrmaret
3076 699 3129 743 et
3155 691 3207 742 in
3242 689 3358 758 ipsa
3385 690 3580 743 mortis

1985 775 2120 830 hora
2155 776 2335 843 petiit,
2367 784 2422 830 et
2454 790 2554 830 nos
2583 787 2904 846 accepturos
2926 781 3199 847 promisit,
3225 782 3388 834 modo
3412 782 3584 849 petie-

1982 867 2176 931 rimus,
2195 867 2490 935 omniaque
2509 883 2848 938 quaecunque
2891 870 2944 922 in
2971 872 3217 923 oratione
3236 872 3578 940 petierimus,

1983 964 2084 1014 nos
2103 960 2390 1014 credentes
2411 969 2732 1028 accepturos
2757 961 2964 1015 docuit.
2989 961 3144 1026 Quod
3169 964 3401 1030 apostoli
3447 980 3586 1032 nito—

1983 1064 2088 1118 que
2111 1047 2378 1116 fecerunt,
2404 1051 2497 1119 qui
2524 1067 2628 1105 non
2657 1063 2863 1106 tantum
2891 1052 3052 1107 Pater
3085 1065 3265 1109 noster
3295 1066 3582 1124 precantes

1982 1142 2266 1205 dixerunt,
2291 1143 2386 1197 sed
2411 1153 2465 1197 et
2493 1154 2781 1200 sescentas
2814 1137 3189 1214 pt'cccsﬁlias,
3214 1157 3378 1216 prout
3427 1163 3584 1201 mon-

1983 1243 2214 1287 stratum
2235 1233 2289 1287 in
2310 1234 2574 1288 electione
2593 1235 2850 1301 Matthim,
2879 1239 2961 1290 vel
2978 1239 3141 1291 etiam
3160 1240 3378 1307 quando
3400 1255 3586 1293 rerero

1984 1327 2029 1382 si
2045 1336 2171 1380 sunt
2197 1327 2428 1396 apostoli
2451 1343 2480 1381 a
2493 1329 2697 1384 Judaais
2711 1331 2909 1397 pressi;
2931 1339 3042 1384 tum
3057 1331 3204 1385 enim
3227 1332 3430 1399 scriptu
3443 1349 3487 1382 ιιί
3503 1343 3588 1386 est

1982 1435 2078 1475 eos
2102 1420 2372 1484 oravisse,
2401 1435 2512 1476 non
2540 1421 2772 1476 dicendo
2795 1423 3038 1492 quidem,
3066 1421 3230 1476 Pater
3247 1434 3448 1487 noster,
3487 1423 3585 1477 sed

1983 1510 2144 1564 aliam
2169 1510 2476 1565 orationem
2497 1529 2658 1582 quam
2678 1513 2923 1568 referunt
2946 1514 3137 1580 Actus,
3161 1526 3213 1569 et
3241 1517 3428 1584 repleti
3452 1527 3584 1570 sunt

1985 1600 2198 1670 Spiritu
2220 1612 2432 1666 sancto,
2456 1611 2510 1658 et
2528 1609 2856 1660 contremuit
2873 1607 3070 1661 dom-ts
3097 1607 3147 1660 in
3170 1623 3333 1676 quam
3350 1596 3582 1676 ingressi

1982 1693 2552 1766 fuerant,multasque
2582 1699 2762 1753 adhuc
2793 1700 2929 1755 alias
2959 1700 3045 1755 isti
3087 1699 3336 1755 fecerunt
3384 1702 3586 1754 oratio—

1985 1802 2104 1842 nes.
2135 1786 2407 1844 Praeterea
2437 1789 2490 1842 in
2515 1791 2740 1846 nomine
2780 1789 2909 1846 Jesu
2953 1792 3168 1846 Domini
3197 1795 3368 1847 nostri
3397 1794 3581 1847 divina

1989 1881 2163 1950 magis
2198 1883 2305 1951 ipsi
2356 1883 2565 1951 operati
2621 1893 2752 1937 sunt
2805 1884 3117 1950 miracula;
3157 1894 3210 1939 et
3267 1901 3375 1939 non
3407 1887 3581 1939 solum

1989 1972 2253 2028 Dominus
2287 1987 2477 2042 preces
2514 1975 2856 2042 hymnOSque
2900 1975 3117 2030 tradidit
3156 1993 3175 2041 ;
3209 1980 3472 2045 scriptum
3503 1986 3588 2029 est

1985 2067 2142 2122 enim
2167 2067 2223 2120 in
2263 2067 2560 2134 Evangelio
2608 2085 2624 2122 :
2669 2084 2686 2117 ι
2727 2067 2789 2120 Et
2845 2069 3046 2137 hymno
3107 2069 3276 2132 dicto,
3334 2069 3588 2121 εκιιιιίιιιι

1993 2160 2048 2214 in
2074 2169 2318 2214 montem
2342 2157 2625 2214 Olirarum
2653 2175 2668 2227 ;
2710 2178 2728 2210 ι
2763 2160 2856 2214 sed
2889 2160 2990 2229 ipsi
3022 2159 3198 2230 angeli
3227 2169 3281 2212 et
3341 2168 3589 2229 pastores

1986 2253 2088 2309 hoc
2151 2253 2521 2307 exhibuerunt
2553 2252 2605 2306 in
2637 2252 2923 2306 uativitate
2983 2251 3281 2306 Salvatoris
3337 2252 3586 2317 Christi;

1985 2344 2164 2413 angeli
2229 2343 2471 2414 quidem,
2506 2359 2630 2399 eum
2695 2343 3054 2398 cecinerunt:
3092 2359 3111 2394 ι
3146 2342 3330 2396 Gloria
3389 2343 3440 2395 in
3495 2359 3589 2396 ex-

1992 2436 2155 2492 celsis
2177 2433 2320 2501 Deo;
2356 2453 2374 2486 »
2412 2443 2660 2503 pastores
2682 2441 2862 2487 autem
2893 2432 3262 2503 gloriﬁcantes
3284 2443 3333 2486 et
3362 2433 3593 2486 laudan-

1991 2537 2070 2584 tes
2099 2529 2266 2584 Deum
2287 2528 2340 2582 in
2360 2527 2617 2582 omnibus
2634 2541 2758 2596 quin
2775 2525 3064 2580 audierant
3082 2536 3134 2581 et
3151 2527 3396 2580 viderant
3419 2541 3434 2590 ;
3461 2541 3592 2594 ιιριιο

1989 2621 2115 2678 stali
2139 2635 2268 2676 vero
2291 2620 2362 2674 ita
2391 2619 2638 2674 fecerunt
2663 2627 2789 2693 post
2814 2620 3210 2673 Ascensionem
3264 2618 3498 2681 Domini,
3532 2628 3591 2670 ut

1990 2698 2256 2782 scriptum
2285 2720 2368 2766 est
2400 2711 2452 2764 in
2496 2709 2790 2781 Evangelia
2818 2730 2831 2764 :
2871 2730 2887 2762 ι
2920 2709 3109 2775 Erant,
3144 2709 3340 2777 inquit.
3374 2722 3592 2776 semper

1996 2807 2050 2860 in
2080 2804 2299 2874 templo,
2331 2804 2614 2859 laudantes
2632 2810 2686 2856 et
2711 2802 3094 2856 benedicentes
3125 2800 3316 2853 Deum.
3337 2801 3528 2853 Amen.
3565 2817 3583 2848 ι

307 2902 474 2971 ευχάς
513 2903 610 2956 καὶ
660 2902 860 2974 ὕμνους
895 2906 1362 2976 παραδεδωκότος,
1416 2924 1434 2956 ι
1479 2905 1849 2975 Ύμνήσαντες
1875 2924 1898 2957 ι
1931 2905 2062 2976 γάρ,
2090 2904 2256 2974 φησὶν
2283 2903 2340 2955 ἐν
2363 2902 2440 2971 τῷ
2473 2899 2812 2970 Εὑαγγελίῳ,
2844 2918 2863 2950 ι
2893 2898 3117 2970 ἐξῆλθον
3139 2901 3218 2960 είς
3243 2899 3303 2950 τὸ
3331 2899 3454 2968 ὅρος
3476 2896 3588 2949 τῶν

306 2995 560 3060 Ἐλαιῶν,
593 3016 610 3048 ι
636 2997 769 3051 ἀλλά
791 2997 848 3051 δὲ
875 2999 1098 3053 καὶτῶν
1119 2998 1369 3067 ἀγγέλων
1402 2999 1500 3052 καὶ
1529 3000 1806 3064 ποιμένων
1839 2998 1998 3052 τοῦτο
2017 2994 2456 3068 παραδειξῶτων
2472 2997 2527 3046 ἐν
2557 2997 2623 3063 τῇ
2648 2995 2903 3080 γενινήσει
2923 2991 3017 3045 τοῦ
3043 2993 3293 3062 Σωτῆρος
3326 2991 3586 3062 Χριστοῦ,

307 3087 556 3159 ἀγγέλων
582 3091 681 3161 μὲν
701 3090 782 3156 τὸ,
805 3109 822 3142 ι
851 3090 986 3156 Δόξα
1010 3093 1070 3145 ἐν
1093 3091 1341 3162 ὑψίστοις
1365 3091 1506 3161 Θεῷ,
1541 3112 1559 3144 ι
1587 3092 2036 3162 δοξολογούντων,
2057 3091 2332 3161 ποιμένων
2351 3089 2408 3142 δὲ
2428 3089 2723 3142 αἰνούντων
2745 3088 2841 3140 καὶ
2859 3085 3194 3151 δοξαζόντων
3224 3086 3318 3138 τὸν
3337 3088 3470 3139 Θεὸν
3495 3089 3590 3140 ἐπὶ

309 3188 476 3241 πᾶσιν
505 3179 585 3247 οἷς
615 3186 856 3257 ἥκουσαν
884 3185 980 3238 καὶ
1000 3179 1145 3238 εἶδον
1165 3199 1179 3213 ·
1213 3184 1309 3238 καὶ
1345 3184 1452 3239 τῶν
1478 3184 1797 3239 ἀποστόλων
1823 3183 1983 3238 τοῦτο
2013 3183 2314 3236 ποιούντων
2334 3182 2472 3252 μετὰ
2501 3181 2599 3251 τὴν
2633 3181 2908 3250 ἀνάληψιν
2933 3178 3029 3232 τοῦ
3062 3180 3289 3250 Κυρίου,
3325 3182 3401 3242 ώς
3426 3184 3484 3235 ἐν
3509 3183 3590 3254 τῷ

311 3277 636 3349 Εὗαγγελίῳ
666 3277 997 3347 γέγραπταιο
1026 3293 1046 3328 ι
1077 3277 1205 3330 Ὀτι
1228 3284 1324 3331 καὶ⁵
1350 3272 1494 3346 ἦσαν
1526 3277 1617 3332 διά
1638 3277 1840 3341 παντὸς
1861 3279 1922 3332 ἐν
1945 3276 2024 3347 τῷ
2053 3276 2204 3347 ίερῷ,
2234 3273 2513 3337 αἰνοῦντες
2535 3274 2629 3326 καὶ
2653 3272 3006 3340 εὐλογοῦντες
3029 3273 3121 3326 τὸν
3141 3272 3300 3326 Θεόν.
3328 3273 3386 3327 Ἀ
3398 3277 3530 3346 μήν.
3566 3315 3584 3347 ,

405 3367 564 3429 Οὗτοι
636 3369 727 3424 οὖν
809 3371 990 3436 πάσας
1063 3371 1164 3436 τὰς
1254 3372 1575 3443 προστυχὴς
1647 3373 1878 3437 ταύτας,

2061 3372 2233 3440 Igitur
2257 3371 2336 3426 illi
2379 3369 2669 3440 (haeretici)
2699 3383 2895 3422 omnes
2950 3368 3090 3422 istas
3119 3381 3314 3436 preces
3342 3369 3592 3424 divinas-

312 3466 407 3520 καὶ
447 3466 572 3527 τοὺς
603 3463 776 3526 θείους
805 3462 1153 3517 ἀποσείονται
1217 3461 1473 3536 ὕμνους..
1510 3465 1622 3518 Καὶ
1653 3464 1734 3530 τὸ,
1770 3463 1889 3517 Udo

313 3574 414 3624 τερ
465 3554 656 3625 ἡμῶν,
712 3554 873 3626 μόνον
929 3557 1009 3618 είς
1068 3555 1329 3624 ἀθέτησιν
1387 3557 1496 3609 τῶν
1541 3556 1720 3610 ἄλλων
1798 3555 1888 3608 δέ·

313 3667 497 3719 χοντειι
526 3649 705 3719 δῆθεν.
759 3647 920 3701 Ἀλλά
969 3648 1064 3702 καὶ
1115 3649 1227 3702 τῶν
1293 3649 1590 3721 προφητῶν
1640 3650 1734 3702 καὶ
1789 3648 1886 3702 τοῦ

315 3741 588 3801 Μωῦσέως
617 3739 744 3802 τοὺς
781 3738 1000 3802 ἐνθέους
1043 3739 1254 3806 λόγους,
1293 3739 1506 3792 καὶτοῦ
1543 3740 1708 3794 Δαϐὶδ
1749 3739 1880 3803 τοὺς

327 3832 602 3901 πνιέρους
650 3829 900 3901 ψαλμοὺς
961 3831 1370 3900 ἀποδεχομένου
1426 3831 1520 3887 τοῦ
1592 3834 1883 3904 Σωτῆρος,

327 3922 389 3972 ἐν
419 3921 492 3990 τῷ
517 3922 696 3990 λέγειν
727 3919 788 3974 τὺ
819 3920 958 3990 ἱερὸν
985 3922 1323 3989 Εὑαγγέλιον
1377 3925 1506 3993 περὶ
1552 3923 1717 3976 αὑτοῦ
1739 3965 1755 3989 ,
1805 3927 1888 3977 ὅτι

323 4027 343 4061 ι
382 4011 490 4063 Καὶ
511 4011 818 4080 ἀρξάμενος
875 4011 985 4064 ἀπὸ
1021 4013 1308 4076 Μωῦσέως
1351 4015 1448 4067 κσιὶ⁵
1488 4013 1597 4066 ἀπὸ
1663 4015 1886 4068 πάντων

311 4103 426 4155 τῶν
466 4105 783 4174 προφητῶν,
806 4103 1176 4174 διηρμήνευεν
1225 4106 1409 4170 αὐτοῖς
1431 4107 1491 4158 ἐν
1519 4108 1728 4169 πάσαις
1760 4110 1884 4167 ταῖς

315 4196 356 4248 Γ
359 4199 560 4265 ραειςαῖς
613 4196 683 4250 τὰ
729 4197 860 4266 περὶ
894 4197 1128 4251 ἑαυτοῦ·
1176 4217 1194 4250 ι
1251 4200 1345 4253 καὶ
1380 4199 1549 4253 αὐτοῦ
1609 4200 1885 4268 λέγοντος,

320 4307 341 4341 ι
366 4281 524 4342 Οὗτοι
563 4289 613 4341 οἱ
639 4289 786 4358 λόγοι
817 4288 912 4353 οὓς
941 4289 1181 4361 ἐλάλησα
1210 4293 1347 4361 πρὸς
1375 4293 1521 4362 ὑμᾶς
1550 4291 1632 4346 ἔτι.
1662 4291 1736 4345 ὣν
1781 4295 1882 4345 σὺν

315 4380 465 4448 ὑμῖν,
495 4380 578 4433 ὅτι
597 4379 678 4432 δεῖ
701 4379 1060 4450 πληρωθῆναι
1093 4380 1276 4435 πάντα
1306 4383 1374 4435 τά
1419 4383 1790 4452 γεγραμμένα
1826 4385 1886 4436 ἐν

310 4472 391 4540 τῷ
419 4472 568 4543 νόμῳ
603 4473 846 4534 Μωσέως
877 4474 972 4525 καὶ
1002 4475 1316 4543 προφήταις
1350 4476 1445 4527 καὶ
1492 4474 1729 4544 ψαλμοῖς
1755 4475 1887 4544 περὶ

312 4563 473 4634 ἐμοῦ,
511 4582 531 4616 ι
567 4557 712 4618 οῦτοι
784 4563 997 4630 ἀσεϐῶς
1046 4565 1298 4618 ἀθετοῦσι
1343 4565 1559 4619 ταῦτα’
1608 4565 1704 4620 καὶ
1757 4570 1886 4636 περὶ

311 4659 424 4713 τῶν
476 4658 646 4728 ἁγίων
701 4661 1122 4729 είκονισμάτων,
1179 4661 1240 4714 οὐ
1278 4661 1370 4714 τοῦ
1432 4663 1681 4727 Μωσέως
1720 4663 1884 4730 μόνον

314 4751 776 4823 νομοθετήσαντος
832 4754 1101 4824 τιμᾶσθαι
1177 4753 1352 4808 ταῦτα
1405 4754 1495 4808 διὰ
1544 4755 1654 4809 τῶν
1705 4758 1762 4808 ἐν
1820 4759 1886 4828 τῇ

317 4849 492 4918 σκηνῇ
517 4848 608 4901 καὶ
637 4849 702 4918 τῇ
729 4846 953 4916 κιϐωτῷ
991 4847 1264 4917 οὐρανίων
1328 4849 1760 4919 ἐκμιμημὰτων,
1808 4851 1890 4913 εἰς

313 4941 485 4994 τύπον
509 4941 617 5009 γάρ
635 4935 778 5012 ἦσαν
827 4941 1010 4994 ἐκεῖνα
1039 4941 1133 4995 τοῦ
1172 4941 1432 5011 ούρανοῦ,
1469 4943 1607 4996 ἀλλὰ
1659 4944 1756 4995 καὶ
1802 4942 1891 4997 διὰ

313 5033 425 5085 τών
459 5031 712 5100 γλυπτῶν
751 5035 861 5084 τῶν
910 5033 1095 5086 ἐπάνω
1139 5035 1241 5104 τῆς
1279 5033 1520 5086 κιϐωτοῦ
1579 5029 1849 5104 χερουϐίμ
1875 5051 1922 5099 ο,

319 5125 400 5178 ἐτι
423 5125 482 5178 δὲ
504 5125 600 5178 καὶ
619 5124 714 5177 τοῦ
749 5123 897 5177 θείου
956 5118 1180 5179 Παύλου
1228 5127 1403 5179 ταῦτα
1445 5127 1883 5195 ἀποδεχομένου,

315 5220 408 5271 καὶ
433 5218 656 5289 πρώτην
682 5218 888 5288 σκηνὴν
913 5218 1094 5274 ταῦτα
1150 5220 1463 5284 καλοῦντος,
1499 5221 1594 5273 καὶ
1629 5221 1696 5272 τὰ
1751 5220 1890 5285 ἐξώ-

314 5327 448 5380 τερα
483 5311 578 5382 μὲν
597 5310 751 5379 ἅγια,
783 5311 850 5365 τά
883 5312 1138 5381 ἐνδότερα
1172 5312 1227 5364 δὲ
1249 5312 1434 5379 ν”Ἂγια
1464 5312 1660 5379 ἁγίων.
1682 5313 1790 5366 Καὶ
1823 5313 1890 5366 τά

315 5404 529 5472 γλυπτά
558 5403 614 5456 δέ
642 5404 730 5458 διὰ
759 5406 815 5458 τὸ
851 5404 1014 5458 θείων
1039 5405 1244 5467 τύπους
1271 5402 1436 5468 εἶναι,
1464 5409 1560 5460 καὶ
1599 5407 1661 5458 οὐ
1695 5406 1890 5475 δαιμοσ

316 5496 482 5550 νικῶν
507 5495 764 5562 εἰδώλων,
813 5495 847 5566 ἦ
900 5496 1232 5567 ἀστέρων,ἣ
1295 5501 1618 5566 κτισμάτων
1658 5498 1912 5562 λοιπῶν,-

313 5587 487 5643 ταῦτα
533 5587 640 5658 γάρ
700 5587 875 5658 μιαρά
926 5589 1022 5640 καὶ
1071 5587 1382 5659 πανασεϐῆ,
1418 5588 1535 5642 ἀλλ’
1570 5589 1886 5668 ἀγγελικῶν

312 5682 594 5751 δυνάμεων
630 5679 784 5751 ἱερὰς
807 5678 1044 5745 εἰκόνας,
1072 5681 1348 5751 χερουϐὶμ
1389 5680 1550 5751 δόξης
1579 5681 1878 5745 καλοῦντος

314 5771 752 5836 κατασκιάζοντα
785 5772 847 5826 τὸ
876 5773 1212 5844 ἱλαστήριον,
1251 5776 1347 5829 καὶ
1399 5774 1489 5827 διά
1525 5773 1746 5827 πάντων
1777 5789 1890 5828 πα-

323 5867 690 5940 μδιδομένων
735 5867 1163 5937 προσκυνεῖσθαι
1199 5867 1311 5925 τῶν
1364 5867 1525 5924 θείων
1584 5866 1890 5940 μορφωμάο

1993 3481 2100 3536 que
2139 3457 2406 3533 respuunt
2438 3463 2688 3531 hymnos,
2717 3460 3044 3528 exterisque
3107 3461 3374 3528 abiectis,
3417 3462 3589 3516 solam

1991 3555 2297 3611 orationem
2323 3554 2485 3608 Pater
2533 3561 2711 3608 noster
2759 3552 3084 3623 accipiunt;
3123 3553 3353 3623 insuper
3405 3555 3588 3609 divina

1991 3654 2380 3720 prophetarum
2408 3648 2720 3719 Moysisque
2757 3647 2920 3701 verba
2961 3647 3456 3716 sanctissimosque
3489 3647 3592 3698 Da-

1990 3743 2131 3797 vidis
2164 3741 2421 3808 psalmos,
2440 3733 2819 3810 quaelaudavit
2847 3737 3096 3793 Salvator
3124 3739 3586 3808 quemadmodum

1990 3835 2058 3888 de
2078 3848 2144 3887 eo
2169 3833 2302 3887 dicit
2335 3833 2720 3902 Evangelium:
2753 3848 2771 3880 ι
2810 3830 3078 3899 Incipiens
3111 3844 3143 3883 a
3172 3829 3354 3900 Moyse
3381 3841 3435 3883 et
3465 3846 3590 3883 oni-

1991 3925 2152 3978 nihus
2174 3925 2472 3993 pmphetis,
2494 3922 2960 3992 interpretabatur
2977 3922 3084 3976 illis
3102 3923 3153 3975 in
3175 3923 3426 3976 omnibus
3442 3923 3592 3976 Scri.

1996 4021 2170 4090 pluris
2188 4035 2305 4089 quac
2331 4020 2398 4073 de
2434 4020 2551 4087 ipso
2580 4027 2791 4073 erant.»
2823 4017 2941 4087 Ipse
2967 4018 3130 4072 etiam
3151 4019 3325 4072 dixit:
3358 4036 3377 4070 ι
3407 4021 3531 4072 llzec
3563 4039 3582 4070 ι

1994 4123 2123 4167 sunt
2167 4130 2183 4162 ι
2227 4112 2391 4165 verba
2417 4127 2538 4180 quae
2581 4111 2796 4165 locutus
2843 4125 2964 4165 sum
2999 4110 3064 4164 ad
3097 4125 3212 4176 vos,
3249 4127 3372 4164 cum
3406 4112 3585 4164 adimo

1990 4220 2167 4260 essem
2233 4205 2541 4270 vobiscum,
2609 4205 2868 4274 quoniam
2946 4218 3168 4258 necesse
3224 4215 3307 4258 est
3367 4205 3582 4273 impleri

1990 4295 2173 4349 omnia
2207 4309 2328 4364 quae
2361 4295 2564 4364 scripta
2592 4303 2720 4348 sunt
2761 4293 2813 4346 in
2837 4293 2954 4362 lege
2982 4292 3153 4362 Moysi
3185 4302 3236 4344 et
3275 4291 3582 4361 Prophetis,

1989 4401 2043 4444 et
2074 4388 2310 4444 Psalmis
2355 4389 2424 4443 de
2484 4403 2588 4442 me.
2622 4407 2641 4438 ι
2678 4385 2754 4440 llli
2817 4397 2998 4440 autem
3031 4386 3194 4453 impie
3228 4385 3341 4440 haec
3396 4402 3587 4455 asper-

1989 4488 2216 4535 nantur.
2253 4478 2424 4534 Porro
2467 4480 2535 4534 de
2575 4479 2781 4532 sanctis
2813 4478 3165 4546 imaginibus,
3191 4494 3312 4531 anon
3373 4477 3589 4546 Moyses

2000 4583 2214 4629 tantum
2241 4571 2408 4643 jussit
2442 4572 2496 4624 in
2523 4572 2728 4624 honore
2751 4571 2939 4624 haberi
2971 4587 3035 4623 ex
3061 4572 3378 4625 caelestibus
3403 4587 3591 4626 exelu-

1992 4665 2238 4736 plaribus
2289 4678 2410 4733 quae
2470 4671 2632 4718 erant
2686 4661 2742 4715 in
2776 4676 2903 4714 arca
2950 4670 3002 4715 et
3054 4662 3439 4728 tabernaculo;
3491 4663 3581 4716 illa

2001 4757 2150 4811 enim
2213 4757 2266 4810 in
2302 4755 2530 4823 ﬁguram
2590 4751 2716 4807 caeli
2747 4752 2889 4806 facta
2938 4762 3096 4807 erant
3124 4769 3140 4818 ;
3169 4753 3263 4806 sed
3297 4753 3462 4808 etiam
3519 4769 3586 4808 ex

2006 4848 2292 4902 cherubim
2341 4861 2505 4916 super
2534 4859 2718 4899 arcam
2748 4844 3085 4914 essculptis:
3121 4853 3177 4900 et
3197 4844 3358 4899 divus
3382 4844 3586 4899 Paulus

2003 4941 2118 4995 haec
2151 4939 2412 5006 laudavit,
2450 4939 2540 4992 illa
2565 4951 2769 4992 vocans
2800 4938 2949 5007 prius
2979 4939 3393 4992 tabernaculum
3419 4947 3474 4992 et
3494 4955 3589 4993 ex-

2001 5032 2198 5088 teriora
2227 5031 2446 5102 quidem
2472 5043 2660 5085 sancta
2687 5029 2894 5093 dicens,
2926 5030 3187 5084 interiora
3220 5046 3352 5086 vero
3383 5031 3586 5086 Sancta

2001 5135 2356 5191 Sanctorum;
2390 5139 2554 5194 opera
2593 5131 2776 5178 autem
2815 5123 3088 5193 sculptilia
3152 5123 3462 5178 divinarum
3503 5140 3590 5180 re-

1998 5232 2122 5272 rum
2147 5223 2306 5270 erant
2334 5215 2550 5284 ﬁgurae,
2616 5229 2725 5268 non
2779 5214 3057 5270 idolorum
3113 5215 3337 5286 quidem
3381 5217 3586 5272 daemo-

2000 5308 2309 5368 niacorum,
2359 5321 2460 5360 nec
2500 5305 2766 5371 siderum,
2801 5321 2900 5363 nec
2917 5307 3150 5360 aliarum
3180 5317 3584 5371 creaturarum.
3677 5380 3682 5384 ν

1999 5415 2121 5470 qua:
2149 5398 2292 5454 taeda
2326 5408 2483 5452 erant
2508 5410 2560 5451 et
2595 5399 2847 5452 maxima:
2881 5398 3204 5466 impietatis,
3260 5401 3355 5454 sed
3385 5413 3588 5454 saneta:

1997 5500 2156 5548 erant
2211 5490 2582 5561 angelicarutn
2603 5501 2935 5561 potestatum
2969 5494 3256 5561 imagines,
3276 5493 3420 5546 sicut
3445 5492 3588 5559 Apo-

2001 5585 2175 5650 stolus
2229 5583 2520 5653 appellavit
2565 5583 2848 5639 cherubim
2903 5584 3341 5653 propitiatorium
3391 5583 3587 5638 obum-

2001 5678 2188 5732 brans.
2218 5675 2364 5731 Idem
2389 5676 2551 5730 etiam
2586 5677 2785 5730 indixit
2818 5675 3028 5747 Moyses
3059 5692 3125 5731 ex
3151 5676 3407 5730 omnibus
3449 5676 3588 5728 divi-

2003 5769 2089 5825 nis
2114 5770 2301 5840 ﬁguris
2327 5785 2466 5840 quas
2496 5771 2843 5826 venerationi
2876 5769 3185 5841 proposuit,
3212 5779 3268 5822 ut
3302 5767 3588 5824 sicutani-

2002 5877 2090 5922 ma
2119 5875 2214 5932 per
2249 5858 2678 5932 confessionem,
2719 5862 2796 5925 ita
2828 5877 3059 5932 corpore
3091 5879 3188 5936 per
3218 5878 3280 5920 ca
3303 5878 3424 5934 qua:
3457 5876 3590 5920 seno
