4066 6454
399 378 404 382 ·
448 368 514 431 71
1312 359 1694 422 SYMEONIS
1735 356 2497 423 TllESSALONlCENSiS
2533 363 2893 422 ARCHIEP.
3657 358 3725 420 Ἠ

451 484 686 539 tiuntnr,
729 478 1134 533 saui‘tiiicemur
1163 477 1256 548 qui
1285 477 1519 545 corpore
1545 484 1600 528 et
1621 473 1802 527 anima
1839 480 2054 526 consta-

2185 494 2292 539 των,
2323 479 2408 530 ἵνα
2458 480 2532 542 ὡς
2571 482 2694 541 ταῖς
2748 479 2950 548 ψυχαῖς
2985 478 3072 530 διὰ
3129 476 3228 547 τῆς
3280 475 3598 544 ὁμολογίας,
3640 480 3729 529 καὶ

452 588 597 627 mus.
629 573 804 637 Quam
841 571 912 625 ob
940 584 1165 625 causam
1223 569 1607 635 incorporeum
1665 563 1758 617 llei
1804 561 2044 614 Verbum

2191 577 2269 634 οἱς
2303 571 2521 640 σώμασι
2553 572 2643 624 δια
2687 571 2800 622 τῶν
2859 569 3141 638 αἰσθητῶς
3180 568 3520 638 τελουμένων
3571 568 3732 620 καθα·

450 673 672 734 propter
705 677 806 716 nos
833 676 960 716 caro
993 659 1198 714 factum
1223 667 1330 722 est,
1356 657 1613 724 Deusque
1669 661 1856 707 noster
1889 651 2049 704 homo

2185 665 2496 733 ιαζώμεθα,
2533 667 2598 718 ὲκ
2659 665 2914 734 σώματος
2965 661 3322 731 συγκείμενοι
3379 659 3478 714 καὶ
3536 659 3730 728 ψυχῆς.

455 757 556 811 fuit
583 754 743 811 nobis
783 754 987 810 similis
1019 767 1141 806 cum
1179 750 1362 805 anima
1392 759 1448 802 et
1473 761 1723 829 corpore,
1757 753 1816 798 nt
1840 744 2047 812 lapsam

2185 757 2238 810 it‘
2270 760 2336 826 ἣν
2377 759 2560 811 αίτίαν
2589 759 2683 812 καὶ
2715 759 2744 809 ὁ
2777 758 2870 810 τοῦ
2903 756 3040 811 Θεοῦ
3105 754 3398 824 ἀσώματος
3451 752 3624 820 Λόγος
3668 751 3734 803 δι’

469 858 640 901 totam
673 854 933 915 purgaret
963 854 1018 898 et
1075 842 1445 898 sanetiiicaret
1473 847 1724 894 naturam
1760 845 2005 890 nostram
2034 850 2048 901 ;

2185 851 2308 917 ιμᾶς
2351 849 2670 919 έσσρκώθη,
2733 848 2827 902 καὶ
2889 848 3012 901 καθ’
3064 847 3210 916 ἡμᾶς
3267 845 3404 916 μετὰ
3432 843 3612 914 ψυχῆς
3645 847 3735 898 καὶ

463 940 543 994 illi
577 948 761 992 autem
803 937 1060 992 sordibus
1099 933 1252 1000 Redi,
1280 948 1406 986 cum
1441 931 1625 984 multis
1655 929 1875 998 quidem
1909 926 2054 988 aliis,

2185 939 2414 1008 πώματος
2442 939 2734 1009 ἄνθρωπος
2767 939 2994 1007 γέγονεν
3021 940 3051 993 ὁ
3103 938 3239 1002 Θεὸς
3281 937 3463 1007 ἡμῶν,
3497 936 3565 990 ἶν’
3611 936 3738 1003 ὃλην

456 1031 724 1101 singulari
763 1044 892 1082 vero
956 1025 1245 1081 insolentia
1307 1023 1494 1078 divina
1547 1021 1765 1088 injuriis
1802 1018 2054 1086 proscin-

2185 1034 2318 1103 ιμῶν
2379 1031 2811 1103 παραπεσοῦσαν
2859 1032 2960 1101 τὴν
3031 1028 3198 1098 φύσιν
3262 1028 3588 1100 ἀνακαθάρῃ
3648 1027 3739 1079 καὶ

461 1124 618 1186 dunt,
649 1127 704 1174 et
741 1135 953 1174 summa
985 1118 1267 1187 impietate
1299 1119 1487 1170 omnia
1548 1113 1813 1168 Ecclesiae
1850 1120 2058 1183 myste-

2185 1127 2395 1195 ιγιάσῃ,
2441 1125 2493 1177 oi
2521 1124 2836 1195 παμμίαροι
2866 1117 3012 1177 οὗτοι
3072 1123 3211 1193 μετὰ
3257 1119 3469 1175 πολλῶν
3502 1120 3605 1192 μὲν
3648 1120 3742 1171 καὶ

478 1217 555 1269 tia
593 1213 882 1281 abjiciunt.
911 1211 1160 1265 Christus
1187 1207 1406 1277 quidem
1440 1206 1620 1260 nudus
1643 1203 1948 1272 baptizatus
1977 1211 2059 1257 est

2185 1219 2343 1272 ἱλλων
2379 1219 2483 1288 17
2515 1217 2819 1281 δυσσεόὦν,
2870 1217 3170 1286 ἐξαιρέτως
3199 1215 3259 1269 δὲ
3315 1214 3472 1268 αὐτοὶ
3523 1213 3744 1282 ἐνυϐρί-

462 1313 524 1358 υι
589 1301 836 1372 spiritale
889 1299 1049 1352 nobis
1086 1295 1329 1350 traderet
1375 1294 1623 1348 divinum
1679 1292 1980 1363 baptisma,
2006 1300 2062 1346 ei

2185 1311 2350 1370 ζουσιν
2382 1312 2460 1372 εἰς
2490 1309 2560 1363 τὰ
2591 1309 2735 1370 θεῖα,
2773 1307 2868 1359 καὶ
2914 1305 3176 1360 ἀσεϐοῦσι
3215 1305 3500 1371 καθάπαξ,
3549 1305 3644 1356 καὶ
3678 1304 3745 1356 τὰ

465 1398 704 1468 Spiritus
755 1408 921 1464 super
952 1407 1077 1446 eum
1116 1388 1402 1444 descendit
1435 1395 1495 1442 ut
1546 1385 1803 1455 baptismi
1857 1385 1950 1454 qui
2001 1383 2057 1437 in

462 1489 684 1542 Christo
708 1485 999 1541 coniicitur
1027 1484 1281 1536 virtutem
1317 1477 1687 1549 accipiamus,
1711 1476 1960 1546 dixitque
2008 1476 2060 1528 in

471 1581 763 1651 Evangelio
787 1599 799 1632 ε
827 1599 844 1632 ι
874 1577 984 1633 Nisi
1011 1576 1137 1647 quis
1168 1585 1389 1629 renatus
1416 1571 1579 1627 fuerit
1608 1587 1672 1625 ex
1701 1585 1842 1640 aqua
1871 1568 2065 1638 ctSpi-

468 1677 575 1730 ritu
596 1686 809 1739 sancto,
830 1687 936 1726 non
960 1677 1139 1739 potest
1162 1667 1388 1720 introire
1404 1664 1457 1718 in
1479 1677 1703 1734 regnum
1726 1664 2016 1723 canorum,
2039 1677 2057 1710 ι

467 1778 522 1824 et
554 1765 854 1834 discipulos
887 1777 1016 1817 suos
1047 1757 1308 1829 baptizari
1348 1756 1514 1825 jussit
1545 1764 1653 1809 tam
1698 1761 1824 1807 ante
1858 1750 2068 1821 passio-

2163 1403 2264 1470 τῆς
2299 1401 2629 1470 Ἐκκλησίας
2651 1399 2904 1454 ἀθετοῦσι
2934 1399 3114 1451 πάντα
3151 1398 3453 1468 μυστήρια.
3481 1397 3592 1450 Καὶ
3615 1397 3745 1466 Χρι-

2168 1494 2290 1556 στὸς
2330 1493 2426 1561 μὲν
2453 1490 2762 1560 γυμνωθεὶς
2794 1490 3149 1554 ἐϐαπτίσατο,
3209 1489 3299 1541 ἵνα
3341 1489 3402 1542 τὸ
3439 1505 3745 1557 πνευματι-

2168 1587 2263 1640 κὸν
2293 1589 2423 1656 ἡμῖν
2456 1586 2683 1654 παραδῷ
2737 1586 2878 1636 θεῖον
2911 1585 3221 1652 βάπτισμα.
3253 1584 3349 1638 καὶ
3403 1583 3466 1636 τὸ
3523 1581 3749 1650 Πνεῦμα

2171 1679 2443 1746 κατῆλθεν
2475 1679 2562 1732 ἐπ’
2591 1680 2778 1744 αὑτὸν,
2824 1679 2914 1730 ἵνα
2949 1677 3045 1730 τοῦ
3074 1678 3133 1728 ἐν
3168 1674 3392 1746 Χριστῷ
3427 1675 3747 1745 βαπτίσμαο

2171 1789 2262 1834 τος
2293 1774 2392 1841 τὴν
2453 1771 2685 1840 δύναμιν
2729 1772 2969 1838 γνῶμεν.
3041 1771 3151 1822 Καὶ
3192 1772 3251 1822 ὲν
3294 1768 3372 1836 τῷ
3429 1767 3750 1834 Εὖαγγελίῳ

471 1876 591 1915 nem
623 1873 784 1929 quam
808 1869 926 1926 pOSt
961 1851 1414 1908 resurrectionem
1437 1887 1454 1914 ,
1481 1847 1718 1918 primum
1753 1845 1972 1916 quidem
2007 1843 2061 1896 in

2185 1868 2373 1936 ρησίνο
2419 1887 2438 1919 ι
2495 1866 2623 1919 Ἐὰν
2675 1866 2750 1934 μὴ
2799 1863 3206 1932 ἁναγεννηθῆτε
3267 1862 3334 1914 δι’
3402 1860 3598 1924 ὓδατος
3659 1861 3751 1911 καὶ

471 1952 757 2016 Bethania,
791 1949 882 2004 ubi
901 1945 1280 2003 eratJoanues
1331 1942 1636 2010 baptizatus,
1674 1939 1802 2008 quia
1835 1935 2070 1992 decebat

474 2039 724 2092 umbram
768 2035 1023 2100 transire,
1061 2045 1358 2100 verumque
1407 2045 1438 2084 a
1477 2029 1696 2084 Christo
1741 2025 2068 2096 baptismum

477 2133 934 2200 appropinquare.
970 2137 1024 2182 et
1076 2127 1165 2181 ubi
1219 2126 1403 2178 multa:
1450 2131 1610 2177 erant
1638 2134 1818 2190 aqua},
1879 2132 2069 2185 quem-

477 2223 771 2277 admodum
842 2219 1033 2277 scribit
1087 2217 1462 2286 Evangelium.
1502 2213 1566 2268 Et
1586 2226 1837 2266 rursum:
1879 2227 1897 2260 ι
1952 2205 2068 2262 Etsi

476 2312 636 2368 Jesus
692 2326 790 2367 eos
862 2326 970 2365 non
1035 2309 1359 2377 baptizaret,
1399 2323 1417 2355 ι
1456 2303 1548 2358 sed
1605 2300 1860 2369 discipuli
1926 2300 2068 2368 ejus,

2171 1960 2510 2028 πνεύματος,
2541 1961 2599 2010 οὑ
2632 1958 2706 2028 μὴ
2732 1957 3020 2026 εἰσέλθητε
3049 1958 3127 2014 εἰς
3167 1955 3267 2026 τὴν
3301 1954 3593 2023 βασιλείαν
3643 1953 3751 2005 τῶν

2169 2050 2440 2122 οὐρανῶν.
2483 2071 2500 2102 ι
2536 2052 2647 2104 Καὶ
2689 2051 2818 2112 τοὺς
2847 2049 3098 2120 μαθητὰς
3124 2049 3182 2101 δὲ
3213 2047 3384 2102 αὐτοῦ
3414 2045 3750 2118 παρήγγειλε

2173 2145 2460 2216 βαπτίζειν
2491 2145 2586 2198 καὶ
2617 2143 2722 2215 πρὸ
2749 2142 2840 2196 τοῦ
2879 2143 3089 2205 παθους
3144 2141 3238 2194 καὶ
3277 2141 3418 2210 μετὰ
3471 2139 3569 2210 τὴν
3600 2138 3756 2206 ἔγερ-

2175 2256 2282 2304 σιν,
2309 2238 2366 2290 ὲν
2394 2235 2693 2306 Βηθαϐαρᾶ
2732 2237 2832 2304 μὲν
2865 2235 3154 2304 πρότερον,
3208 2234 3344 2286 ὅπου
3391 2229 3462 2303 ἦν
3501 2231 3755 2296 Ἰωάννης

2175 2326 2454 2396 βαπτίζων
2487 2326 2574 2378 διὰ
2607 2325 2668 2378 τὸ
2703 2325 2802 2396 τὴν
2852 2323 3357 2392 σκιὰνπαρελθεῖν,
3390 2321 3488 2375 καὶ
3514 2321 3578 2374 τὸ
3626 2319 3753 2388 ἀλη·

476 2416 766 2478 postquam
803 2412 1128 2475 potestatem
1181 2399 1262 2453 eis
1296 2398 1558 2453 dedisset.
1593 2396 1823 2462 Insuper
1857 2393 1972 2461 ipse
2003 2391 2070 2444 ad

2185 2419 2318 2473 itvbv
2362 2418 2542 2470 ἐλθεῖν
2581 2416 2868 2487 βάπτισμα
2915 2416 2977 2469 τὸ
3034 2416 3144 2468 ἀπὸ
3194 2413 3290 2467 τοῦ
3330 2413 3757 2485 Χριστοῦ,ὃπου

473 2515 572 2554 eos
600 2505 720 2568 post
745 2496 1210 2552 resurreCtionem
1229 2490 1401 2544 dixit:
1437 2505 1455 2538 ι
1493 2485 1695 2539 Euntes
1720 2486 1918 2536 docete
1958 2496 2074 2534 om-

477 2608 574 2648 nes
594 2602 806 2663 gentes,
828 2588 1170 2659 baptizautes
1190 2600 1284 2639 eos
1317 2585 1369 2638 in
1401 2583 1622 2636 nomine
1642 2580 1904 2643 Patris,et
1925 2576 2070 2642 Filii,

475 2696 530 2740 et
551 2684 789 2755 Spiritus
820 2682 993 2736 sancti
1021 2695 1037 2747 ;
1069 2698 1088 2732 ι
1121 2687 1211 2733 et:
1247 2697 1264 2728 ι
1302 2675 1402 2741 Qui
1427 2675 1737 2744 baptizatus
1767 2668 1932 2724 fuerit
1962 2669 2073 2722 sal-

477 2797 576 2835 vus
615 2780 758 2843 erit;
792 2776 886 2847 qui
944 2788 1072 2828 vero
1134 2787 1243 2825 non
1304 2769 1621 2833 crediderit,
1680 2764 2073 2821 condemnabi-

479 2887 586 2928 tnr.
612 2894 630 2925 ι
671 2872 778 2942 Ipsi
811 2871 977 2924 etiam
1009 2863 1246 2935 apostoli
1270 2862 1528 2932 baptizati
1563 2871 1709 2914 sunt.
1741 2858 1935 2911 [’etrus
1956 2855 2074 2924 qui-

479 2970 603 3024 dem
638 2981 670 3019 a
700 2964 938 3025 Christo,
973 2968 1136 3030 prout
1170 2958 1358 3012 multis
1395 2953 1653 3008 traditum
1686 2961 1763 3006 est
1785 2967 1801 3016 ;
1826 2950 2075 3004 Andreas

478 3075 608 3112 vero
652 3065 710 3110 et
737 3052 980 3108 Joannes
1012 3065 1044 3104 a
1077 3049 1266 3112 Petro,
1329 3056 1386 3102 et
1448 3045 1630 3099 caeteri
1677 3044 1744 3096 ab
1771 3041 1992 3096 Andrea
2022 3050 2078 3093 et

487 3149 732 3215 loanne;
772 3144 976 3202 Paulus
1017 3153 1200 3200 autem
1255 3142 1320 3195 ab
1369 3137 1603 3198 Anania,
1641 3147 1701 3190 ut
1760 3136 1813 3188 in
1845 3133 2074 3186 Actibus

2172 2514 2269 2566 καὶ
2299 2512 2468 2566 πολλὰ
2499 2507 2569 2582 ἦν
2598 2509 2790 2575 ὕδατα,
2823 2509 2897 2571 ὼς
2930 2509 2989 2560 τὸ
3038 2505 3370 2574 Εὑαγγέλιον
3401 2505 3632 2576 γράφει.
3655 2504 3762 2555 Ka't

2176 2608 2372 2660 πάλιψ
2414 2625 2431 2657 ι
2482 2606 2677 2658 Καίτοι
2702 2620 2766 2671 γε
2798 2599 2962 2664 αὐτὸς
3023 2598 3239 2670 Ἰησοῦς
3281 2598 3386 2652 οὐκ
3437 2599 3758 2655 ἐϐάπτισεν,

2175 2695 2290 2748 ἀλλ’
2330 2697 2378 2746 οἱ
2429 2693 2672 2763 μαθηταὶ
2707 2691 2899 2755 αὑτοῦ,
2958 2691 3083 2743 ἐπεὶ
3131 2690 3230 2758 τὴν
3267 2689 3524 2754 ἐξουσίαν
3581 2685 3763 2745 αὐτοῖς

2179 2786 2405 2839 δέδωκε.
2445 2804 2462 2836 ι
2503 2786 2612 2837 Καὶ
2643 2783 2725 2836 ἔτι
2756 2783 2891 2851 πρὸς
2935 2780 3136 2843 αὐτοὺς
3166 2778 3329 2841 αὐτὸς
3359 2778 3469 2848 ἔφη
3501 2776 3642 2846 μετὰ
3665 2774 3762 2843 τὴν

2176 2877 2415 2945 ἔγερσιν,
2485 2893 2502 2926 ι
2560 2874 2924 2942 Πορευθέντες
2990 2869 3376 2942 μαθητεύσατε
3467 2869 3651 2923 πάντα
3697 2867 3764 2918 τὰ

2177 2970 2328 3036 ἔθνη,
2359 2963 2721 3036 βαπτίζοντες
2741 2964 2942 3026 αὐτοὺς
2962 2965 3043 3026 εἰς
3076 2963 3138 3015 τὸ
3167 2961 3340 3030 ὄνομα
3387 2961 3486 3013 τοῦ
3523 2957 3764 3029 Πατρδς,

2178 3061 2273 3114 καὶ
2311 3059 2405 3112 τοῦ
2464 3059 2596 3112 Υἱοῦ
2658 3057 2883 3110 καὶτοῦ
2941 3057 3102 3122 ἁγίου
3172 3053 3520 3123 Πνεῦματος.
3565 3070 3586 3104 ι
3620 3050 3762 3104 Καί·

2185 3173 2203 3205 ι
2254 3152 2315 3209 Ὀ
2365 3151 2664 3213 πιστεύσας
2720 3149 2819 3203 καὶ
2869 3147 3192 3218 βαπτισθεὶς
3247 3145 3589 3216 σωθήσεται,
3633 3144 3662 3196 ὁ
3709 3140 3766 3195 δὲ

481 3245 748 3312 scriptum
782 3247 902 3298 est:
939 3233 1272 3292 Samaritani
1322 3245 1541 3301 quoque
1596 3244 1626 3283 a
1686 3227 1962 3297 Philippo,
2015 3234 2074 3279 et

2185 3205 2494 3313 ἀπιστήσας
2518 3205 3015 3310 κατακριθήσεται.
3065 3255 3084 3288 ι
3124 3205 3236 3289 καὶ
3296 3235 3348 3286 oi
3380 3205 3678 3289 αποστολοι
3710 3229 3766 3283 δὲ

484 3335 787 3390 Eunuchus
822 3332 890 3386 ab
925 3331 1141 3392 eodem,
1171 3337 1229 3384 ut
1255 3325 1527 3394 scriptum
1557 3333 1682 3377 est:
1716 3341 1734 3374 ι
1769 3319 2074 3374 Descende-

487 3436 618 3482 runt
645 3427 700 3482 in
731 3437 955 3494 aquam.
979 3438 998 3472 ι
1032 3420 1098 3477 Ει
1126 3435 1345 3474 rursum
1378 3415 1676 3470 Paulus-ab
1709 3415 1867 3469 initio
1904 3411 2081 3481 bapti-

487 3533 575 3576 aat
605 3534 702 3574 eos
733 3517 824 3587 qui
869 3513 1098 3572 Joaunls
1133 3519 1344 3571 tantum
1371 3509 1700 3578 baptismum
1727 3512 2076 3574 acceperant.

489 3614 570 3669 Illi
669 3624 851 3668 autem
901 3602 1421 3664 contaminatissimi
1481 3601 1751 3670 baptisma
1800 3598 2078 3664 rejiciunt,

491 3721 618 3762 cum
649 3701 959 3760 inﬁdelibus
989 3707 1310 3758 censentur,
1340 3703 1652 3762 nostraeque
1702 3689 2078 3746 renuvationis

484 3811 545 3858 et
574 3796 1002 3870 regenerationis
1031 3807 1152 3864 qua:
1183 3791 1236 3845 in
1268 3789 1490 3844 Christo
1511 3787 1671 3842 datur
1697 3793 1823 3840 sunt
1843 3783 2076 3853 indigni.

489 3897 761 3952 Praeterea
833 3889 1113 3953 Christus,
1177 3893 1236 3940 ut
1288 3881 1500 3938 dictum
1533 3889 1640 3945 est,
1673 3879 1830 3934 nobis
1857 3875 2083 3930 tradidit

492 3987 884 4050 ministerium,
905 3981 1116 4050 accepit
1139 3991 1332 4049 panem
1369 3987 1425 4030 et
1447 3974 1652 4045 gratias
1681 3986 1852 4042 agens
1898 3971 2080 4024 dixit:

493 4101 516 4135 4
555 4079 803 4150 Accipite
833 4085 889 4131 et
917 4073 1272 4132 manducate,
1306 4069 1408 4123 hoc
1438 4076 1520 4120 est
1551 4079 1755 4132 corpus
1803 4077 2013 4117 meum:
2058 4078 2077 4111 ι

489 4187 548 4231 et
572 4172 730 4229 caliei
751 4168 1085 4225 benedicens
1110 4163 1284 4220 dixit:
1330 4178 1349 4212 ι
1384 4150 1558 4213 Βῖιήιο
1604 4172 1669 4213 ex
1730 4171 1796 4211 eo
1863 4169 2081 4218 omnes,

494 4273 604 4322 hoc
629 4272 715 4320 est
747 4261 973 4331 sanguis
1003 4273 1179 4312 meus:
1221 4273 1239 4307 ι
1277 4263 1332 4308 et
1360 4269 1375 4306 :
1415 4272 1434 4304 ι
1472 4250 1586 4306 lloe
1624 4248 1787 4304 facite
1819 4248 1872 4301 in
1903 4261 2077 4302 meam

491 4351 1104 4413 commemorationem.
1139 4366 1157 4400 ι
1192 4344 1396 4399 Paulus
1427 4355 1644 4411 quoque
1674 4340 1821 4394 istud
1847 4346 2082 4393 testatus

499 4464 586 4508 est
611 4452 846 4506 dicens:
887 4463 907 4497 σ
936 4443 1105 4498 Panis
1132 4456 1294 4509 quem
1328 4436 1653 4507 frangimus,
1714 4447 1894 4489 nonne
1927 4447 2085 4506 com-

2184 3324 2338 3388 αὐτοὶ
2367 3331 2805 3401 ἐϐαπτίσθησαν,
2845 3329 3057 3399 Πέτρος
3092 3327 3193 3396 μὲν
3233 3323 3339 3378 ὑπὸ
3369 3323 3471 3379 τοῦ
3500 3321 3768 3394 Χριστοῦ.

2179 3427 2256 3490 ὡς
2296 3427 2514 3486 πολλοῖς
2559 3424 2963 3493 παραδέδοται,
3033 3422 3292 3492 Ἀνδρέας
3329 3421 3396 3474 δὲ
3427 3421 3529 3476 καὶ
3590 3418 3774 3474 Ἰωάν-

2181 3537 2278 3588 νης
2301 3520 2408 3574 ὑπὸ
2441 3520 2674 3590 Πέτρου,
2698 3518 2795 3572 καὶ
2829 3517 2934 3570 ὑπὸ
2957 3516 3052 3570 τοῦ
3086 3515 3345 3585 Ἀνδρέου
3376 3515 3482 3570 καὶ
3517 3515 3771 3570 Ἰωάννου

2183 3615 2233 3666 oi
2264 3612 2481 3666 λοιποί·
2541 3613 2571 3663 ὁ
2603 3609 2816 3672 Παῦλος
2852 3597 2911 3662 δὲ
2966 3608 3057 3662 ὑπ’
3087 3607 3359 3672 Ἀνανίου,
3405 3607 3487 3670 ὡς
3540 3608 3604 3660 ὲν
3658 3605 3777 3668 ταῖς

2187 3703 2424 3775 Πρᾶξεσι
2467 3703 2803 3773 γέγραπται.
2842 3702 2955 3754 Ka‘t
2986 3703 3035 3754 οἱ
3067 3702 3124 3754 ὲν
3183 3682 3486 3773 Σαμαρείᾳ
3547 3701 3654 3754 ὑπὸ
3686 3700 3779 3752 Φια-

2183 3797 2386 3852 λίππου
2410 3811 2423 3825 ’
2455 3797 2554 3850 καὶ
2609 3793 2692 3847 ἔτι
2744 3795 2774 3847 ὁ
2807 3793 3082 3864 Εὑνοῦχος
3115 3792 3210 3847 ὑπ’
3246 3793 3444 3858 αὑτοῦ,
3511 3793 3778 3848 ἐλθόντων

2186 3889 2278 3942 ἐπί
2307 3906 2358 3941 τι
2400 3887 2568 3958 ὕδωρ,
2605 3887 2682 3951 ὡς
2711 3889 3043 3956 γέγραπται.
3082 3888 3192 3942 Καὶ
3226 3888 3255 3940 δ
3315 3885 3549 3950 Παῦλος
3585 3885 3642 3939 δὲ
3687 3884 3782 3954 βα-

2186 3979 2377 4044 πτίζει
2419 3980 2582 4034 πάλιν
2610 3983 2705 4032 καὶ
2753 3980 2812 4044 ἐξ
2845 3980 3019 4051 ἀρχῆς
3049 3981 3176 4043 τοὺς
3215 3977 3276 4032 τὸ
3323 3978 3587 4034 Ἰωάννου
3623 3978 3783 4047 μόνον
3865 3970 3869 3974 ⁷

2188 4072 2476 4142 βάπτισμα
2505 4069 2858 4140 δεξαμένους.
2907 4063 3074 4123 Οὗτοι
3116 4071 3174 4125 δὲ
3206 4071 3254 4124 οί
3287 4072 3618 4141 παμμίαροι
3651 4074 3782 4123 ἀπο-

2190 4163 2428 4218 σείονται
2457 4163 2638 4228 τοῦτο,
2678 4163 2773 4216 καὶ
2835 4166 2977 4232 μετὰ
3022 4163 3135 4216 τῶν
3176 4162 3431 4216 ἀπίστων
3495 4163 3632 4228 εἰσὶ,
3690 4161 3784 4229 τῆς

2188 4256 2544 4318 ἀναπλάσεως
2600 4255 2760 4325 ἡμῶν
2827 4256 2925 4310 καὶ
2964 4255 3383 4324 ἀναγεννήσεως
3445 4255 3509 4308 ἐν
3562 4253 3784 4324 Χριστρ

2194 4350 2269 4418 μὴ
2300 4349 2623 4419 ἠξιωμένοι.
2668 4349 2777 4402 Καὶ
2805 4347 2898 4400 τοῦ
2951 4345 3219 4419 Χριστοῦ,
3255 4346 3329 4409 ὡς
3380 4346 3632 4416 εἴρηται,
3689 4345 3784 4414 τὴν

2195 4442 2535 4524 ἱερουργίαν,
2572 4439 3027 4512 παραδεδωκότος
3061 4441 3213 4510 ἡμίν,
3247 4438 3341 4493 καὶ
3385 4440 3562 4508 ἄρτον
3587 4439 3785 4492 λασὸν-

503 4540 806 4598 muuicatio
831 4534 1082 4606 corporis
1113 4531 1316 4588 Christi
1344 4539 1428 4584 est
1448 4528 1470 4582 ’ί
1487 4537 1541 4583 et
1570 4538 1731 4600 potus
1754 4543 1917 4598 quem
1949 4525 2078 4580 bibi-

2193 4553 2283 4598 τος
2318 4535 2415 4588 καὶ
2453 4535 2980 4605 εὐχαριστήσαντος,
3016 4533 3136 4598 καὶ,
3191 4549 3212 4583 ι
3264 4531 3503 4598 Λάϐετε,
3557 4533 3788 4601 φάγετε,

506 4651 656 4702 mus,
713 4623 899 4687 nonne
925 4624 1353 4684 communicatio
1383 4621 1671 4692 sanguinis
1705 4620 1908 4676 Christi
1961 4617 2090 4675 est?

503 4730 642 4787 Nam
681 4723 890 4793 accepit
911 4734 1132 4792 panem,
1164 4737 1182 4769 ι
1219 4727 1273 4772 et
1305 4725 1524 4782 caetera,
1560 4725 1614 4770 et
1657 4714 1893 4768 iterum:
1941 4729 1960 4763 ι
2000 4710 2077 4766 υ-

503 4837 638 4879 num
664 4832 866 4889 corpus
904 4828 1118 4878 sumus,
1147 4825 1338 4866 omnes
1401 4808 1548 4863 enim
1579 4821 1643 4859 ex
1684 4819 1796 4859 uno
1843 4817 1983 4874 pane
2037 4813 2091 4857 et

503 4924 636 4988 potu
666 4908 1145 4968 connnunicamus
1168 4919 1186 4971 ;
1216 4915 1299 4967 et,
1341 4919 1362 4952 ι
1404 4899 1511 4966 Qui
1541 4898 1840 4952 manducat
1871 4911 2089 4963 panem,

504 5020 560 5064 et
583 5006 720 5063 bibit
750 5003 977 5058 calicem
993 4996 1208 5052 Domini
1235 4990 1766 5063 indigne,judicium
1798 4988 1904 5052 sibi
1939 5001 2089 5042 man-

505 5107 674 5160 ducat
696 5111 751 5156 et
773 5099 961 5154 bibit.»
989 5095 1056 5150 Et
1079 5108 1297 5147 rursum
1320 5107 1334 5142 :
1363 5087 1589 5142 (Probet
1616 5094 1800 5138 autem
1831 5099 1890 5140 se
1914 5083 2090 5152 ipsum

507 5198 699 5258 homo,
731 5199 786 5246 et
825 5191 908 5245 sic
963 5191 1032 5242 de
1060 5199 1198 5254 pane
1230 5183 1322 5235 illo
1357 5181 1482 5234 edat
1504 5187 1559 5232 et
1591 5177 1658 5230 de
1691 5176 1861 5229 calice
1906 5175 2092 5239 bibat;

507 5289 604 5357 qui
627 5286 771 5340 enim
823 5281 1115 5338 manducet
1161 5284 1217 5330 et
1239 5274 1377 5329 bibit
1405 5271 1646 5339 indigne,
1677 5267 1946 5339 judicium
1983 5266 2090 5320 sibi

514 5383 810 5436 maudueat
849 5386 904 5430 et
930 5373 1090 5436 bibit,
1121 5385 1231 5425 non
1260 5365 1524 5437 judicans
1553 5377 1758 5432 corpus
1789 5361 2029 5416 Domini.
2065 5377 2084 5412 ι

517 5473 781 5531 υοιιιὶηυε
815 5468 1036 5538 quidem
1060 5467 1112 5518 in
1144 5461 1436 5529 Evangelio
1455 5457 1707 5512 dixerat:
1751 5473 1768 5506 ι
1805 5454 1908 5520 Qui
1941 5469 2097 5507 man-

511 5577 878 5623 dueatmeam
910 5571 1130 5614 carnem
1159 5565 1217 5609 et
1251 5551 1391 5606 bibit
1435 5563 1616 5603 meum
1657 5547 1978 5615 sanguinem
2040 5547 2095 5598 in

518 5674 606 5714 me
639 5642 824 5711 manet
850 5663 904 5707 et
937 5662 1040 5720 ego
1079 5649 1134 5701 in
1161 5662 1225 5702 eo
1252 5684 1266 5707 ,
1302 5661 1320 5694 ι
1356 5652 1453 5696 et:
1511 5657 1531 5691 σ
1565 5637 1684 5694 Nisi
1726 5637 2094 5692 manducare-

523 5750 645 5804 ritis
669 5761 893 5802 carnem
921 5742 1046 5798 Filii
1071 5739 1334 5806 hominis,
1365 5749 1419 5792 et
1447 5736 1697 5790 biberitis
1724 5733 1844 5802 ejus
1877 5731 2100 5802 sangui-

519 5853 671 5907 nein,
708 5853 818 5893 non
849 5834 1122 5894 habebitis
1145 5833 1312 5890 vitam
1340 5831 1398 5887 iu
1427 5829 1610 5886 vobis:
1651 5846 1672 5883 ι
1741 5835 1798 5883 et
1859 5828 2094 5882 iterum:

2193 4627 2355 4682 τοῦτό
2407 4629 2525 4681 ἐστι
2555 4628 2615 4680 τὸ
2653 4626 2816 4696 σῶμά
2850 4642 2975 4696 μου,
3011 4643 3031 4678 ι
3060 4624 3362 4696 εἰρηκότος,
3398 4627 3498 4676 καὶ
3522 4623 3588 4678 τὸ
3619 4623 3788 4692 ποτή-

2197 4739 2312 4794 ριον
2343 4722 2764 4789 εὐλογήσαντος,
2805 4721 2902 4773 καὶ
2932 4719 3205 4782 εἰπόντος,
3242 4735 3261 4768 ι
3295 4716 3462 4768 Πίετε
3492 4717 3554 4782 ἐξ
3611 4714 3783 4768 αὐτοῦ

2195 4813 2420 4878 πάντες,
2451 4811 2610 4865 τοῦτό
2671 4813 2788 4863 ἐστι
2837 4809 2900 4862 τὸ
2934 4803 3078 4878 αἷμά
3126 4823 3251 4878 μου,
3298 4824 3317 4858 ι
3375 4809 3517 4873 καὶ,
3557 4825 3578 4859 ι
3619 4806 3791 4858 Τοῦτο

2196 4906 2403 4958 ποιεῖτε
2470 4905 2550 4965 είς
2625 4904 2725 4973 τὴν
2796 4901 2934 4972 ἐμὴν
3003 4900 3312 4969 ἀνάμνησιν
3346 4914 3360 4930 ’
3420 4915 3441 4956 t
3503 4901 3607 4952 καὶ
3699 4896 3793 4949 τοῦ

2198 4997 2416 5050 Παύλου
2491 4994 2651 5048 τοῦτο
2705 4992 3252 5064 ἐπιμαρτυροῦντος,
3318 4989 3417 5045 καὶ
3481 4990 3745 5059 λέγοντος
3777 5026 3794 5052 ,

2203 5103 2223 5138 ι
2261 5086 2322 5140 ’0
2357 5085 2521 5156 ἄρτος
2549 5086 2609 5139 δν
2642 5086 2875 5152 κλῶμεν
2910 5084 3034 5154 οὐχὶ
3073 5083 3333 5136 κοινωνία
3379 5081 3481 5136 τοῦ
3534 5080 3796 5153 σώματος

2197 5177 2292 5231 τοῦ
2316 5178 2559 5251 Χριστοῦ
2588 5179 2708 5230 ἐστι
2735 5195 2749 5242 ;
2785 5179 2899 5231 Καὶ
2921 5177 2983 5230 τὸ
3012 5175 3276 5246 ποτήριον
3324 5173 3352 5227 ὂ
3374 5174 3639 5244 πίνομεν,
3673 5171 3798 5240 οὐχὶ

2200 5273 2457 5326 κοινωνία
2481 5271 2575 5324 τοῦ
2598 5271 2833 5341 αἵματος
2861 5270 2957 5324 τοῦ
3002 5267 3248 5341 Χριστοῦ
3279 5270 3433 5330 tam;
3478 5285 3498 5318 ι
3541 5268 3654 5320 Καὶ
3687 5267 3797 5336 γὰρ

2199 5361 2390 5416 ἔλαϐεν
2409 5363 2594 5431 ἄρτον,
2627 5363 2726 5414 καὶ
2753 5363 2824 5418 τὰ
2853 5361 3004 5430 ἑξῆς.
3053 5359 3164 5412 Καὶ
3189 5358 3376 5422 πάλιν,
3427 5375 3448 5408 ι
3495 5359 3599 5411 Ἐν
3635 5357 3800 5427 σῶμα

2204 5458 2398 5525 ἐσμεν,
2423 5457 2471 5508 oi
2505 5456 2612 5524 γὰρ
2651 5455 2854 5518 πάντες
2883 5457 2946 5508 ὲκ
2993 5451 3088 5507 τοῦ
3123 5453 3244 5515 ἑνὸς
3298 5452 3473 5522 ἄρτου
3537 5452 3642 5503 καὶ
3703 5449 3798 5503 τοῦ

2203 5549 2468 5620 ποτηρίου
2501 5552 2826 5618 μετέχομεν.
2855 5565 2874 5599 ι
2911 5547 3056 5608 Καὶ,
3093 5563 3111 5596 ι
3151 5547 3248 5608 Ὃς
3269 5541 3448 5598 ἐσθίει
3471 5541 3572 5597 τὸν
3603 5544 3799 5613 ἄρτον,

2205 5641 2299 5692 καὶ
2333 5639 2480 5692 πίνει
2503 5638 2564 5691 τὸ
2591 5642 2856 5708 ποτήριον
2890 5636 2988 5691 τοῦ
3046 5635 3257 5705 Κυρίου
3290 5631 3560 5701 ἀναξίως,
3619 5635 3802 5703 κρίμα

2203 5731 2384 5801 ἑαυτῷ
2408 5731 2578 5785 ἐσθίει
2606 5732 2703 5784 καὶ
2737 5731 2898 5786 πίνει.
2935 5749 2954 5783 ι
2991 5731 3102 5785 Καὶ
3145 5728 3333 5795 πάλιν,
3370 5744 3390 5778 ι
3433 5727 3805 5799 Δοκιμαζέτω

2203 5823 2262 5878 δι
2287 5824 2518 5887 ἕκαστος
2552 5822 2782 5899 ἐαυτὸν,
2825 5823 2922 5879 καὶ
2957 5821 3130 5887 οὕτως
3171 5823 3236 5877 tat
3279 5817 3375 5878 τοῦ
3407 5818 3588 5892 ἄρτου
3620 5817 3803 5880 εσθα-
