4066 6452
575 399 645 461 95
1437 394 1823 457 SYMEONIS
1861 393 2138 455 THESSA

2245 390 2615 454 lNICENSlS
2653 390 3035 455 ARCUIEPL
3240 398 3250 409 ‘
3729 394 3791 459 96

568 527 788 582 scmper
839 511 992 577 vivit,
1046 520 1097 564 et
1127 525 1223 581 per
1249 524 1443 565 omnes
1482 522 1742 580 operatur
1775 511 1867 564 Dei
1909 509 2138 565 Verbum

2251 510 2427 563 ποιεῖν
2478 509 2672 570 αὐτοὺς
2708 509 2737 561 ό
2768 507 2827 560 ὲν
2867 507 3051 568 αὐτοῖς
3100 505 3393 573 ἑνοικήσις
3425 507 3518 560 καὶ
3561 509 3641 561 ἀεὶ
3674 509 3788 575 ζὼν,

572 608 764 657 vivens
814 615 868 657 et
907 602 1280 673 omnipotens.
1319 603 1440 657 sine
1459 618 1570 671 quo
1609 603 1740 657 nihil
1782 604 1984 658 factum
2019 613 2141 666 est;

2247 601 2344 655 ml.
2384 601 2473 655 διὰ
2519 601 2741 654 πάντων
2771 600 3028 670 ἐνεργῶν,
3059 602 3087 654 ό
3127 600 3221 654 τοῦ
3254 599 3390 652 Θεοῦ
3429 601 3616 668 Λόγος,
3645 603 3672 655 ό
3696 602 3793 666 ζῶν

570 695 715 747 idem
752 709 927 763 aquas
954 694 1147 748 divino
1183 695 1391 763 Spiritu
1429 696 1756 754 sanctiﬁcat.
1783 705 1836 751 et
1862 695 2138 764 incorrup'

2246 710 2303 745 τε
2334 696 2429 747 καὶ
2462 694 2713 763 ἐνεργὴς,
2745 692 2841 746 καὶ
2869 692 3022 745 οὐδὲν
3051 690 3161 745 τῶν
3197 692 3365 745 ὄντων
3412 696 3578 760 χωρὶς
3620 692 3790 747 αὐτοῦ.

573 786 755 842 ιῖΙιίΙοε
808 794 1124 849 conservat,
1180 796 1239 838 ut
1267 786 1481 841 cineres
1518 776 1838 857 mortuaque
1858 802 2141 840 servorum

569 889 827 943 corpora.
860 875 1042 942 Ipsum
1075 875 1376 931 inauimata
1411 876 1674 945 suiipsius
1710 877 1907 945 templa
1944 877 2146 930 sancti-

572 968 720 1029 ticat,
747 976 801 1018 et
854 966 907 1018 in
965 967 1138 1021 sacris
1173 967 1309 1021 locis
1342 967 1433 1021 ubi
1460 967 1733 1029 Christus,
1767 970 1845 1020 vel
1882 969 2002 1038 ejus
2036 968 2147 1022 Ma-

571 1066 656 1109 ter
681 1056 913 1124 autejus
946 1058 1118 1112 sancti
1143 1059 1488 1122 invocantur,
1532 1061 1699 1112 multa
1732 1070 2022 1129 patrantur
2048 1063 2146 1113 mi—

575 1148 787 1201 racula.-
827 1146 942 1202 Non
1006 1149 1145 1214 ligna
1196 1149 1437 1217 quidem,
1482 1159 1575 1202 aut
1606 1149 1813 1219 lapides
1841 1161 1935 1205 aut
1970 1150 2145 1207 fontes

578 1234 718 1288 banc
772 1235 1025 1289 virtutem
1080 1237 1377 1304 possident,
1435 1254 1563 1292 cum
1591 1240 1700 1293 sint
1731 1250 1998 1294 creatura:
2028 1240 2142 1307 Dei,

573 1327 668 1379 sed
696 1327 878 1381 divina
912 1331 1185 1383 invocatio
1212 1339 1266 1383 et
1287 1330 1455 1403 gratia
1489 1330 1728 1400 Spiritus
1753 1310 1873 1399 quae
1898 1333 2031 1401 ipsis
2061 1331 2143 1386 in-

573 1414 803 1473 habitat.
867 1417 1021 1473 Uule
1071 1420 1255 1473 omnia
1314 1436 1437 1487 qnte
1487 1430 1617 1474 sunt
1661 1421 1863 1475 Christi
1896 1438 1959 1474 ex
1994 1422 2143 1476 omni

571 1510 826 1577 materia,
850 1508 961 1562 sive
988 1525 1145 1573 crux,
1178 1514 1293 1564 sive
1327 1513 1610 1578 templum.
1640 1513 1754 1568 sive
1784 1530 1925 1582 aqua
1953 1524 2145 1569 sancta

577 1598 783 1652 virtute
836 1598 1042 1653 Christi
1103 1602 1372 1655 mirabilia
1423 1611 1741 1672 operantur.
1772 1602 1938 1658 Panis
1966 1605 2018 1658 in
2050 1618 2147 1659 no-

573 1690 717 1743 mine
742 1689 1028 1746 Trinitatis
1087 1691 1421 1758 beue-Jietus,
1456 1695 1632 1748 solmn
1687 1696 1867 1748 crucis
1924 1696 2142 1765 signum

572 1781 627 1833 in
660 1796 783 1835 aera
807 1783 1109 1838 exaltatum
1142 1786 1321 1853 palam
1358 1786 1425 1840 da
1444 1801 1634 1841 mouas
1666 1786 1894 1856 repellit,
1924 1801 2142 1841 onmem

2252 783 2349 849 ’ος
2398 784 2492 838 καὶ
2547 782 2714 839 ὕδατα
2764 783 2988 851 ἁγιάζει
3033 784 3110 853 τῷ
3164 783 3294 853 Θείῳ
3352 781 3656 851 Πνεύματι,
3709 781 3794 836 καὶ

2246 876 2498 947 ἄφθαρτα
2527 879 2802 947 συντηρεῐ,
2835 877 2909 938 ὡς
2950 878 3045 929 καὶ
3077 875 3177 946 τὴν
3206 877 3356 929 κόνιν
3387 876 3478 928 καὶ
3509 876 3575 929 τὰ
3604 890 3788 943 νεκρωο

2248 966 2408 1021 οέντα
2440 966 2562 1035 σὼμ
2574 985 2669 1019 ιτα
2706 969 2815 1019 τῶν
2847 966 3051 1020 δούλων
3081 967 3268 1021 αὑτοῦ.
3299 966 3407 1020 Καὶ
3430 966 3552 1028 τοὺς
3575 963 3790 1034 ἀψύχους
3824 1000 3837 1009 ο

2245 1058 2301 1111 δὲ
2343 1060 2504 1121 ναοὺς
2534 1059 2699 1113 αὑτοῦ
2729 1059 2968 1126 ἁγιάζει.
3004 1059 3111 1113 Καὶ
3140 1060 3197 1110 ἐν
3245 1059 3431 1120 τόποις
3476 1059 3654 1127 ἱεροῖς,
3678 1056 3792 1109 ἔνθα

2246 1146 2485 1215 Χριστοῦ
2524 1147 2555 1216 ἢ
2598 1146 2698 1215 τῆς
2728 1146 2895 1200 αὑτοῦ
2946 1146 3234 1217 μητρὸς,ἢ
3281 1146 3389 1200 τῶν
3439 1146 3606 1210 ἁγίων
3640 1142 3792 1199 αὐτοῦ

2248 1235 2557 1302 ἐπίκλησις,
2617 1237 2846 1291 πλεῖστα
2905 1240 3108 1306 σημεῖα
3171 1238 3424 1291 τελεῖται.
3473 1237 3576 1291 Καὶ
3631 1237 3689 1290 οὒ
3732 1236 3795 1289 τὰ

2249 1329 2384 1395 ξύλα
2414 1333 2506 1382 καί
2537 1331 2585 1383 oi
2619 1331 2756 1383 λίθοι
2789 1330 2821 1398 ἢ
2856 1332 2912 1384 ai
2967 1331 3143 1398 πηγαὶ
3167 1331 3267 1402 τὴν
3314 1330 3545 1399 δύναμιν
3585 1328 3796 1398 κέκτην-

2246 1438 2359 1485 ται,
2390 1422 2481 1472 καὶ
2506 1420 2677 1473 ταῦτα
2711 1420 2820 1490 γὰρ
2849 1422 3124 1490 κτίσματα
3150 1420 3306 1485 Θεοῦ,
3341 1419 3453 1473 ἀλλ’
3481 1421 3513 1487 ή
3551 1417 3664 1471 θεία
3694 1416 3799 1468 ἐπί-

2249 1508 2439 1577 κλησις
2490 1511 2644 1581 καὶὴ
2690 1511 2785 1564 τοῦ
2821 1510 3135 1580 Πνεύματος
3174 1510 3335 1580 χάρις
3378 1510 3561 1572 αὐτοῖς
3601 1508 3797 1575 ἐνοική-

2249 1617 2411 1655 σασα.
2451 1602 2616 1654 Ὅοιν
2656 1602 2837 1657 πάντα
2890 1603 2990 1672 μὲν
3032 1603 3099 1655 τὰ
3128 1602 3224 1654 τοῦ
3255 1600 3494 1672 Χριστοῦ
3528 1602 3591 1654 ἐκ
3632 1601 3796 1666 πάσης

2250 1693 2401 1762 ὕλης,
2436 1696 2545 1747 εἴτε
2599 1696 2849 1765 σταυρὺς,
2884 1697 2993 1750 εἴτε
3044 1698 3192 1759 ναὸς.
3220 1696 3331 1749 εἴτε
3362 1694 3516 1761 ἆγιον
3546 1695 3702 1764 ὕδωρ,
3737 1696 3795 1762 τῇ

2248 1788 2342 1840 τοῦ
2386 1788 2624 1856 Χριστοῦ
2665 1788 2895 1858 δυνάμει
2932 1790 3394 1858 θαυματουργεῦ
3444 1790 3534 1841 καὶ
3584 1784 3797 1854 ἁνυψού·

573 1870 986 1924 fascinationem
1023 1885 1110 1925 aut
1153 1875 1383 1939 magiam
1420 1874 1635 1938 evertit,
1682 1875 1943 1943 quoniam
1983 1873 2138 1929 Citri-

2250 1895 2410 1946 μενος
2462 1880 2628 1947 ἄρτος
2671 1880 2760 1932 ἐπ’
2805 1879 3030 1947 ὀνόματι
3081 1876 3181 1946 τῆς
3235 1878 3489 1945 Τριάδος,
3522 1877 3612 1930 καὶ
3647 1876 3800 1936 τύπος

571 1974 691 2019 stus
714 1964 977 2018 adversus
999 1966 1276 2018 diabolum
1304 1967 1617 2022 incarnatus
1645 1977 1750 2029 est,
1779 1976 1836 2021 ut
1861 1967 2023 2039 hujus
2049 1982 2147 2038 po-

573 2054 796 2106 tentiam
842 2055 1168 2111 destrueret.
1223 2056 1363 2121 Quid
1419 2058 1758 2112 destruxerit
1788 2059 1979 2126 liquet,
2019 2074 2144 2112 nam

571 2145 694 2213 quis
739 2145 1015 2200 daemonas
1064 2148 1295 2202 reddidit
1336 2148 1680 2204 imbecilles?
1710 2150 1834 2218 quis
1869 2150 2146 2219 gentilita-

572 2248 680 2288 tem
734 2237 1074 2305 prostravit?
1118 2240 1243 2305 quis
1304 2239 1442 2292 idola
1502 2241 1735 2294 evertit?
1766 2240 1890 2308 quis
1922 2240 2143 2294 oracula

567 2328 849 2382 evidenter
874 2328 1069 2397 dejecit
1093 2330 1116 2382 ί
1145 2328 1395 2385 Christus
1420 2332 1602 2384 omnia
1659 2331 1861 2386 diaboli
1892 2333 2142 2403 mysteria

569 2433 667 2486 per
695 2418 997 2485 discipulos
1044 2435 1172 2476 suos
1209 2421 1502 2477 destruxit.
1550 2424 1820 2494 Numquid
1863 2425 1945 2478 lex
1999 2426 2142 2481 istud

567 2513 744 2580 potuit
771 2512 1073 2576 lnumquid
1102 2514 1425 2584 prophette?
1454 2517 1717 2587 numquid
1750 2518 1957 2572 deicida
1984 2528 2038 2571 et
2061 2519 2142 2573 in-

570 2602 741 2656 fidelis
792 2600 1104 2660 Judazorum
1148 2608 1341 2660 natio?
1368 2610 1632 2678 numquid
1671 2611 1960 2664 admodum
1994 2611 2141 2681 impii

560 2706 619 2748 et
652 2697 954 2765 turpissimi
985 2699 1261 2767 gentiles?
1289 2701 1424 2777 Quis
1447 2716 1513 2756 ex
1553 2702 1684 2770 ipsis
1735 2714 1925 2758 contra
1956 2714 2142 2774 tyran-

566 2804 669 2843 nos
693 2790 934 2844 restitit?
984 2792 1110 2861 quis
1156 2804 1346 2863 gentes
1404 2795 1631 2850 docuit?
1682 2798 1809 2866 quis
1877 2803 2139 2851 mundum

562 2883 738 2936 Suasit
768 2893 826 2937 ut
855 2895 1104 2940 nosceret
1131 2902 1298 2941 unum
1327 2887 1502 2940 solum
1541 2889 1594 2941 in
1630 2887 1898 2943 Trinitate
1930 2889 2145 2944 Deum?

558 2981 615 3026 et
635 2974 811 3027 suasit
863 2973 982 3027 sine
1013 2976 1208 3042 armis,
1260 2978 1380 3032 sine
1411 2978 1637 3044 divitiis,
1671 2982 1791 3035 sine
1828 2980 2138 3049 principum

564 3059 814 3128 imperio,
844 3063 965 3117 sine
996 3065 1266 3120 mundana
1294 3067 1578 3135 sapientia,
1608 3068 1702 3122 sed
1734 3084 1858 3122 cum
1889 3069 2144 3138 pauperi-

566 3152 693 3221 bus,
732 3171 856 3210 cum
891 3157 1166 3226 inopibus,
1200 3176 1324 3213 cum
1356 3162 1487 3215 viris
1517 3162 1813 3217 humilibus
1847 3164 1995 3217 nulla
2029 3164 2141 3217 elo-

567 3246 788 3312 quentia
827 3249 1252 3317 praestantibus;
1284 3266 1466 3305 nonne
1499 3252 1612 3308 haec
1659 3252 1946 3309 Christus?
1984 3254 2134 3308 Mun-

561 3337 694 3392 dum
728 3340 1076 3409 correxitper
1101 3342 1404 3411 piscatores
1432 3360 1621 3400 servos
1644 3361 1775 3400 suos
1811 3346 1862 3398 iu
1895 3354 2139 3417 tempore

568 3430 827 3495 humiles,
901 3434 1180 3499 mortales,
1240 3450 1549 3503 Oppressos.
1614 3439 1931 3504 eluciams,
1993 3438 2136 3506 quod

568 3538 740 3593 usque
768 3524 832 3578 ad
875 3526 1016 3581 hanc
1068 3528 1256 3580 horam
1317 3526 1605 3583 manifeste
1634 3537 1869 3583 constat.
1901 3529 2025 3583 Haec
2054 3538 2139 3583 est

564 3632 758 3687 magna
788 3619 965 3673 Patris
997 3622 1260 3690 potentia,
1298 3621 1415 3675 τίνει
1455 3622 1545 3677 Dei
1581 3623 1869 3690 sapientia,
1900 3619 2136 3677 Verbum

559 3714 1050 3778 consubstantiale,
1101 3716 1484 3784 lnCOI‘pttl‘t’llm
1544 3716 1778 3786 sigillum
1833 3727 1888 3772 et
1942 3696 2136 3786 figura,

561 3809 1166 3876 SplEIlthl‘CO:P-lel‘nlls;
1192 3807 1334 3861 sicut
1365 3808 1642 3863 sensibilis
1674 3809 1860 3864 radius
1886 3810 2018 3865 solis
2045 3812 2137 3880 qui

558 3904 919 3970 conspicitur,
946 3904 1129 3958 lumen
1170 3913 1338 3958 estex
1372 3904 1598 3968 lumine,
1632 3905 1704 3959 ita
1735 3907 1823 3959 lux
1862 3906 1949 3959 illa
1980 3905 2140 3974 spiri-

555 3998 683 4053 talis
720 4013 787 4053 ex
822 3999 1146 4067 incorporea
1174 4004 1227 4049 et
1263 3997 1498 4064 ingenita
1523 3996 1641 4050 luce
1673 3997 1852 4051 omnia
1886 4011 1983 4051 sua
2009 3997 2137 4050 illit-

558 4094 810 4145 minatct
838 4091 1021 4143 omnia
1073 4086 1400 4143 sanctificat.
1431 4086 1901 4152 Quemadmodum
1949 4089 2135 4142 omnia

554 4199 679 4252 qua:
729 4181 979 4234 videntur
1026 4179 1184 4232 modo
1219 4178 1461 4233 sensibili
1494 4178 1729 4233 illustrat
1771 4179 1852 4233 sol
1904 4189 1957 4233 et
1996 4181 2138 4235 cale-

555 4275 714 4341 facit,
765 4275 836 4327 ita
902 4288 999 4340 per
1051 4270 1236 4325 omnia
1292 4270 1533 4324 illabitur
1583 4271 1716 4325 solis
1764 4271 1994 4341 justitite
2043 4288 2139 4342 po-

479 4428 491 4436 _
554 4371 753 4425 tentia.
811 4366 1019 4422 Idcirco
1077 4362 1260 4418 omnia
1298 4378 1416 4432 quae
1442 4363 1562 4431 ejus
1594 4373 1722 4419 sunt
1767 4374 1957 4419 sancta
1995 4364 2139 4434 ejus-

556 4477 664 4530 que
713 4459 978 4530 imagines
1027 4466 1084 4513 et
1115 4455 1438 4511 vestimenta
1475 4455 1673 4525 quibus
1722 4456 1921 4511 fiebant
1974 4460 2136 4511 mira-

2252 1968 2412 2037 μόνος
2445 1968 2679 2037 σταυροῦ
2713 1971 2792 2029 είς
2828 1970 2965 2041 ἀέρα
2994 1968 3297 2037 γινόμενος.
3331 1967 3528 2021 Διώκει
3558 1967 3660 2036 γὰρ
3686 1965 3796 2024 τοὺς

2247 2059 2504 2137 δαίμονας
2537 2061 2808 2130 φανερῶς.
2845 2064 2937 2114 καὶ
2976 2061 3236 2130 γοητείαν
3266 2062 3447 2113 πᾶσαν
3476 2059 3566 2117 καὶ
3602 2055 3796 2127 ἐπῳδὴν

2246 2155 2530 2222 καταργεῖ,
2559 2153 2744 2224 ἐπειδὴ
2774 2151 3008 2225 Χριστὲς
3041 2154 3183 2207 κατὰ
3218 2154 3312 2205 τοῦ
3344 2153 3592 2206 διαϐόλου
3622 2151 3800 2215 σεσὰρ·

2246 2262 2443 2312 κωται,
2510 2246 2595 2298 ἵνα
2650 2248 2976 2319 καταργήσῃ
3028 2248 3218 2300 τούτου
3265 2247 3366 2316 τὴν
3415 2246 3656 2315 δύναμιν.
3704 2243 3800 2297 Καὶ

2244 2332 2404 2401 δῆλον
2454 2335 2538 2388 ὅτι
2595 2337 2932 2405 κατήργησε.
2965 2335 3060 2398 Τίς
3103 2335 3213 2406 γὰρ
3257 2335 3386 2400 τοὺς
3430 2335 3679 2404 δαίμονας
3711 2348 3799 2388 πε·

2246 2427 2472 2497 ποίηκεν
2524 2427 2808 2493 ἀσθενεῖς;
2842 2427 2937 2491 Τίς
2970 2428 3068 2497 τὴν
3118 2428 3416 2482 πολυθεῖαν
3468 2427 3797 2485 κατέπαυσε;

2245 2516 2341 2580 Τίς
2388 2519 2456 2571 τὰ
2504 2519 2749 2572 είδωλεϊα
2799 2518 3111 2589 διέφθειρας
3161 2520 3255 2583 Τίς
3287 2521 3358 2574 τὰ
3403 2523 3632 2589 μαντεῖα
3658 2516 3800 2571 κατέ·

2245 2626 2421 2663 παυσε
2456 2611 2733 2681 προδήλως
2757 2626 2772 2675 ;
2798 2610 2878 2685 ti);
2909 2612 2936 2663 ό
2966 2612 3200 2675 Χριστὸς
3235 2611 3421 2667 πάντα
3467 2611 3534 2665 τά
3576 2609 3664 2663 τοῦ
3694 2607 3797 2662 δια-

2242 2703 2398 2757 εόλου
2423 2704 2737 2774 κατήργησε
2766 2701 2853 2755 διὰ
2881 2702 2990 2755 τῶν
3023 2701 3190 2758 αὑτοῦ
3222 2702 3504 2774 μαθητῶν.
3534 2699 3622 2771 Μὴ
3653 2697 3798 2765 νόμος

2245 2797 2431 2866 ἴσχυσε
2481 2795 2674 2860 τοῦτο;
2741 2793 2815 2865 μὴ
2876 2794 3192 2863 προςεῆταις
3249 2795 3323 2864 μὴ
3382 2795 3443 2849 τὸ
3498 2795 3648 2859 γένος
3702 2788 3801 2841 τῶν

2254 2889 2528 2942 Ἰουδαίων
2575 2887 2635 2940 τὸ
2687 2886 2974 2940 θεοκτόνον
3017 2887 3112 2939 καὶ
3161 2887 3427 2952 ἀπειθέςς
3466 2886 3539 2956 μὴ
3568 2885 3612 2938 oi
3646 2877 3802 2938 ἀθεώ-

2240 2996 2391 3033 τατοι
2425 2979 2519 3032 καὶ
2548 2978 2936 3045 ἀσελγέστατοι
2967 2979 3203 3045 ὲϐνικοί;
3244 2979 3344 3044 Τίς
3383 2980 3441 3044 ἐξ
3480 2977 3653 3031 αὐτῶν
3684 2972 3800 3045 πρδς

2246 3075 2545 3143 τυράννους
2608 3071 2882 3144 ἀντέστης
2938 3072 3020 3131 τίς
3073 3070 3306 3137 ἐδίδαξεν
3358 3073 3527 3141 ἐθνη;
3587 3070 3661 3131 τίς
3721 3066 3803 3118 τὸν

2246 3165 2453 3231 κόσμον
2503 3162 2708 3231 γνῶναι
2756 3163 2848 3215 τὸν
2905 3164 2962 3216 ἐν
3011 3162 3199 3230 Τριάδι
3247 3161 3387 3216 Θεὸν
3432 3161 3609 3231 ἀληθῆ
3661 3158 3804 3227 μόνον

2246 3255 2465 3317 ἐπεισες
2499 3256 2594 3308 καὶ
2623 3254 2748 3324 δίχα
2775 3253 2978 3318 ὃπλων,
3006 3254 3099 3308 καὶ
3124 3253 3247 3322 δῖχα
3276 3252 3537 3317 πλούτου,
3575 3253 3663 3304 καὶ
3692 3247 3803 3316 δίχα

2245 3348 2556 3415 τυραννίδος
2587 3346 2842 3416 ἀρχικῆς,
2875 3348 2969 3399 καὶ
2997 3347 3121 3416 δίχα
3173 3345 3368 3413 σοφίας
3402 3343 3695 3412 κοσμικῆς,
3721 3339 3805 3392 καὶ

2248 3432 2390 3508 μετᾶ
2434 3439 2668 3507 πτωχῶν
2720 3440 2811 3492 καὶ
2862 3439 3113 3509 πενήτων
3154 3440 3248 3491 καὶ
3292 3434 3589 3498 ταπεινῶν,
3622 3432 3711 3487 καὶ
3740 3427 3805 3499 τῷ

2244 3532 2390 3602 λόγῳ
2441 3530 2686 3584 ἰδιωτῶν.
2725 3531 2859 3600 Οὐχὶ
2906 3529 3143 3599 Χριστὸς
3172 3526 3344 3581 ταῦτα
3398 3528 3467 3581 δι’
3500 3527 3693 3581 ἁλιέων
3721 3519 3808 3576 καὶ

2244 3623 2352 3675 τῶν
2387 3624 2525 3676 κατὰ
2570 3622 2793 3692 καιροὺς
2843 3619 3117 3674 ταπεινῶν
3150 3618 3319 3672 αὐτοῦ
3369 3619 3573 3672 δούλων
3606 3613 3808 3680 κατώρ·

2245 3716 2441 3780 οωσεν,
2488 3714 2968 3786 ἀποθνησκόντων,
3017 3711 3393 3780 διωκομένων,
3448 3703 3809 3781 τυραννουμέ-

2245 3824 2387 3873 νων;
2418 3806 2445 3858 ὃ
2479 3806 2572 3859 καὶ
2619 3806 2789 3876 μέχρι
2841 3820 2936 3858 του
2976 3804 3246 3872 παρόντος
3282 3803 3572 3874 προδήλως
3609 3799 3807 3854 δείκνυ-

2243 3919 2354 3957 ται.
2395 3894 2565 3964 Οὗτος
2609 3894 2704 3951 οὖν
2754 3898 2787 3969 ή
2850 3898 3062 3967 μεγάλη
3097 3895 3330 3964 δύναμις
3378 3894 3476 3949 τοῦ
3531 3888 3808 3962 Πατρδ;,ἡ

2244 3993 2393 4059 ζῶσα
2453 3994 2616 4062 σοφία
2672 3993 2767 4046 τοῦ
2826 3988 2985 4056 Θεοῦ,
3031 3991 3058 4043 ὁ
3120 3990 3491 4051 ὲνυπόστατος
3544 3987 3731 4055 Λόγος.
3778 3981 3808 4049 ἦ

2243 4087 2534 4157 άσώματός
2557 4103 2616 4139 τε
2654 4086 2888 4155 σφραγὶς
2914 4085 3008 4137 καὶ
3032 4081 3219 4147 εἰκὼν,
3246 4081 3307 4134 τὸ
3339 4081 3618 4135 συνατδιον
3647 4072 3809 4131 ἀπαύ-

2243 4195 2454 4249 γασμα.
2490 4177 2679 4248 ὥσπερ
2712 4178 2745 4247 ἡ
2773 4177 3005 4245 αἰσθητὴ
3036 4173 3176 4245 αὕτη
3213 4174 3374 4237 ἀκτὶς
3405 4173 3501 4227 τοῦ
3537 4170 3807 4240 ὁρωμένου

2246 4274 2417 4344 ἡλίου,
2446 4272 2562 4340 φῶς
2595 4274 2742 4323 ἐστιν
2769 4272 2831 4323 ὲκ
2862 4269 2957 4322 τοῦ
2993 4268 3191 4335 φωτὸς,
3225 4265 3323 4319 καὶ
3373 4265 3538 4327 αὐτὸς
3568 4270 3626 4315 τὸ
3658 4260 3807 4315 ἄϋλον

2243 4364 2358 4433 φῶς
2388 4366 2452 4416 ἐκ
2489 4363 2584 4416 τοῦ
2616 4360 2913 4429 ἀσωμάτου
2946 4361 3041 4412 καὶ
3070 4358 3379 4427 άγεννήτου
3420 4357 3625 4426 φωτὸς,
3659 4348 3813 4420 φωτί-

2242 4456 2326 4521 ζει
2361 4457 2427 4509 τὰ
2456 4454 2621 4509 αὐτοῦ
2652 4455 2853 4517 πάντα,
2890 4452 2984 4505 καὶ
3011 4450 3231 4519 ἁγιάζει
3262 4450 3462 4503 πάντα.
3496 4448 3604 4501 Καὶ
3632 4445 3811 4505 ὥσπερ

548 4554 700 4616 cuia,
736 4562 792 4606 et
845 4550 1054 4622 pariter
1089 4565 1178 4604 res
1213 4548 1485 4602 universae
1514 4550 1578 4602 ad
1624 4564 1747 4602 eum
1781 4559 2133 4617 spectantes;

2245 4547 2420 4599 πάντα
2446 4548 2516 4597 τὰ
2545 4542 2801 4613 ὁρώμενα
2836 4540 3110 4612 αξσθητῶς
3141 4540 3323 4608 φαίνει
3350 4556 3413 4592 τε
3450 4540 3544 4591 καὶ
3579 4536 3765 4590 Οάλπει
3787 4529 3812 4580 6

548 4647 644 4702 ille
696 4645 841 4701 enim
904 4645 989 4700 his
1051 4644 1309 4698 virtutem
1343 4641 1678 4711 largiebatur
1719 4643 1944 4695 dicens:
1980 4659 1997 4691 ι
2029 4639 2130 4706 Qui

554 4741 732 4797 credit
778 4739 830 4793 in
880 4753 986 4802 me,
1016 4751 1179 4804 opera
1212 4751 1334 4804 qua:
1382 4751 1482 4804 ego
1536 4734 1675 4789 facio
1714 4744 1766 4787 et
1799 4734 1915 4800 ipse
1945 4731 2126 4797 faciet,

551 4845 611 4890 et
653 4833 862 4902 majora
917 4831 1003 4885 his
1056 4829 1219 4884 faciet
1250 4844 1265 4892 ;
1296 4848 1313 4877 ι
1373 4842 1494 4893 quae
1543 4843 1637 4896 per
1680 4827 1855 4896 ipsum
1896 4825 2131 4885 facient;

548 4942 745 4983 rursus
771 4924 913 4979 enim
949 4921 1030 4977 eis
1084 4920 1259 4975 dixit:
1300 4936 1319 4971 ι
1358 4917 1490 4973 Siue
1522 4934 1608 4972 me
1636 4919 1768 4971 nihil
1800 4917 2030 4987 potestis
2060 4917 2135 4970 fa~

551 5034 696 5073 cere.
731 5035 751 5067 ι
790 5015 939 5068 Patet
981 5028 1077 5069 eos
1132 5012 1339 5081 majora
1393 5008 1612 5075 fecisse,
1672 5026 1796 5063 cum
1859 5025 1953 5078 per
2009 5023 2134 5062 eum

549 5108 813 5164 muudum
847 5121 1065 5159 munem
1093 5105 1164 5158 ab
1200 5105 1471 5157 idolorum
1522 5116 1711 5157 errore
1751 5101 1816 5155 ad
1858 5101 2015 5155 fidem
2052 5102 2136 5154 di-

554 5199 732 5249 vinam
787 5192 1178 5257 converterint,
1216 5193 1405 5245 divino
1461 5201 1721 5261 operante
1753 5191 1982 5261 Spiritu.
2011 5190 2136 5249 Ideo

548 5289 736 5341 omnia
770 5299 892 5356 quae
916 5284 981 5336 ad
1023 5298 1147 5337 cum
1183 5284 1456 5353 pertinent
1491 5293 1681 5338 sancta
1714 5292 1862 5343 sunt.
1904 5282 2135 5335 deterri-

553 5393 639 5431 ma
697 5387 878 5431 autem
941 5382 996 5428 et
1060 5374 1199 5429 foeda
1252 5382 1308 5429 et
1362 5375 1585 5429 infamia
1619 5390 1740 5445 qua:
1769 5376 1833 5427 ad
1863 5373 2138 5428 dmmones

556 5477 831 5539 spcctaut,
864 5481 1074 5522 necnon
1104 5467 1342 5521 maxime
1369 5468 1649 5521 immunda
1682 5483 1805 5535 qua:
1843 5466 2133 5534 impiorum

554 5568 704 5621 sunt,
768 5558 989 5628 templa,
1037 5574 1329 5629 synagoga:
1379 5568 1432 5611 et
1476 5558 1895 5624 libri.Quaerea
1932 5556 2137 5612 Judmis

553 5651 962 5722 gemitibusque
1000 5650 1163 5704 simul
1195 5650 1552 5717 quamobrem
1589 5650 1757 5705 libros
1792 5666 1923 5703 suos
1973 5664 2137 5702 vene-

555 5742 754 5796 rabiles
787 5742 1021 5796 habeant
1046 5751 1100 5794 et
1134 5741 1279 5793 velut
1304 5739 1536 5794 amulcta
1565 5742 1877 5795 custodiant
1900 5741 1924 5793 ἲ
1947 5754 2140 5808 quam-

557 5834 742 5889 obrem
811 5834 977 5904 pelles
1010 5836 1276 5889 lteuureut
1317 5840 1367 5885 et
1395 5832 1604 5888 colores
1640 5834 1688 5888 in
1719 5835 1796 5889 cis
1838 5835 2030 5904 pictoq
2056 5832 2109 5913 ni

2242 4639 2411 4708 ἥλιος,
2440 4636 2581 4689 οὕτω
2625 4636 2721 4689 καὶ
2755 4633 2845 4687 διὰ
2903 4634 3124 4685 πάντων
3166 4631 3342 4702 διήκει
3381 4632 3415 4702 ἡ
3463 4630 3694 4696 δύναμις
3725 4618 3811 4673 τοῦ

2240 4730 2338 4797 τῆς
2379 4726 2726 4797 δικαιοσύνης
2773 4726 2946 4796 ἡλίου.
2972 4724 3062 4777 Διὸ
3087 4722 3181 4776 καὶ
3215 4722 3391 4777 πάντα
3422 4722 3561 4774 εἰσὶν
3595 4720 3723 4787 ἅγια
3754 4717 3815 4765 τὰ

2244 4820 2436 4885 αὐτοῦ,
2472 4822 2568 4875 καὶ
2603 4818 2890 4880 αἱείκόνες
2927 4815 3117 4880 αὐτοῦ,
3153 4815 3249 4868 καὶ
3294 4815 3364 4869 τὰ
3401 4814 3597 4884 ἱμάτια
3633 4805 3810 4863 αὑτοῦ,

2243 4914 2279 4967 ἃ
2304 4913 2363 4981 δὴ
2395 4911 2488 4964 καὶ
2522 4910 2725 4980 σημεῖα
2756 4911 2973 4961 ἐποίουν
2997 4923 3011 4938 ·
3044 4906 3137 4959 καὶ
3173 4906 3282 4958 τῶν
3313 4903 3483 4958 αὑτοῦ
3519 4903 3576 4956 δὲ
3605 4902 3816 4954 πάντων

2241 5005 2462 5074 ὁμοίως.
2510 5003 2747 5064 Ἐκεῖνος
2776 5002 2883 5070 γὰρ
2919 4999 3104 5061 αὐτοῖς
3147 4998 3247 5069 τὴν
3296 4999 3453 5068 ἰσχὺν
3484 4995 3810 5063 ἐδωρήσατο,

2242 5094 2498 5166 είρηκὼς.
2546 5112 2563 5144 ι
2608 5094 2666 5147 '0
2721 5092 2997 5146 πιστεύων
3053 5093 3135 5151 εἰς
3182 5092 3302 5156 ἐμὲ,
3356 5090 3424 5142 τὰ
3455 5088 3593 5164 ἔργα
3634 5085 3669 5138 ἃ
3712 5078 3815 5148 ἐγὼ

2244 5193 2402 5253 ποιῶ,
2437 5191 2684 5250 κάκεῖνος
2715 5187 2955 5254 ποιήσει,
2992 5184 3084 5238 καὶ
3129 5183 3354 5251 μείζονα
3402 5181 3613 5233 τούτων
3668 5174 3815 5240 ποιή-

2246 5300 2346 5337 σει.
2390 5302 2408 5334 ι
2451 5283 2557 5335 Καὶ
2617 5278 2776 5332 τοῦτο
2828 5277 2886 5331 δὲ
2945 5278 3012 5330 δι’
3060 5276 3249 5329 αὐτοῦ.
3280 5273 3427 5343 Ἔφη
3487 5272 3596 5342 γὰρ
3659 5265 3817 5319 πάλιν

2245 5373 2443 5435 αὐτός’
2483 5392 2500 5423 ι
2542 5371 2727 5439 Χωρὶς
2774 5365 2909 5434 ἐμοῦ
2954 5367 3015 5418 οὐ
3072 5365 3304 5418 δύνασθε
3361 5364 3540 5415 ποιεῖν
3590 5359 3760 5413 οὐδέν,
3793 5370 3811 5403 ι

2247 5466 2355 5517 Καὶ.
2399 5464 2557 5531 δῆλον
2605 5460 2680 5523 ὡς
2744 5458 2967 5529 μείζονα
3040 5458 3410 5525 πεποιήκασι,
3468 5454 3560 5506 τὸν
3621 5450 3820 5517 κόσμον

2248 5554 2459 5608 ἅπαντα
2490 5552 2559 5606 δι’
2606 5548 2773 5604 αὑτοῦ
2825 5550 2889 5601 ὲκ
2931 5547 3028 5616 τῆς
3058 5546 3166 5600 τῶν
3210 5544 3449 5599 εἰδώλων
3496 5545 3713 5610 ἀπάτης
3743 5537 3819 5597 είς

2244 5649 2342 5716 τὴν
2371 5644 2534 5698 αὑτοῦ
2575 5643 2729 5697 Θείαν
2775 5640 3205 5710 ἐπιστρέψαντες
3256 5639 3445 5690 πίστιν
3473 5638 3541 5706 τῇ
3576 5630 3821 5703 ἐνεργείᾳ.

2245 5740 2339 5791 τιῦ
2392 5736 2537 5790 Θείου
2570 5737 2910 5801 Πνεύματος.
2956 5734 3044 5785 At?)
3080 5734 3253 5784 πᾶντα
3304 5730 3405 5799 μὲν
3449 5729 3585 5794 ἅγια
3617 5727 3684 5778 τὰ
3728 5721 3859 5775 αὖοι

2245 5828 2364 5889 τοῦ,
2416 5828 2582 5895 ἐναγῆ
2632 5826 2687 5879 δὲ
2744 5830 2812 5879 τὰ
2863 5824 2972 5877 τῶν
3021 5823 3294 5893 δαιμόνων
3350 5819 3444 5875 καὶ
3507 5817 3679 5888 μιαρὰ
3731 5810 3820 5864 καὶ
