4066 6444
493 268 605 337 103

1309 268 1691 331 SYM‘i-ONIS
1738 268 2496 332 TIIESSALONICENSIS
2539 266 2887 328 ARCHIEP.

3640 262 3739 322 1οι

496 383 705 453 Deique
739 381 911 438 nostri
946 390 1001 438 et
1022 382 1393 452 apostolorum
1418 383 1787 447 traditionem,
1814 384 1926 447 qui,
1956 384 2067 438 οισι-
2095 436 2103 449 η

2193 385 2445 447 ῑύνανται,
2480 383 2700 452 ἄμοιροι
2730 380 2824 434 τοῦ
2877 377 3091 449 ἑφοδίου
3126 377 3225 447 τῆς
3264 375 3438 446 ζωῆς,
3474 375 3595 446 δίχα
3626 393 3739 429 xci.

490 471 637 527 satis
665 471 943 535 manibus,
970 471 1250 525 benedixit
1268 471 1370 537 eis.
1395 482 1452 523 ut
1480 472 1708 524 relatum
1735 477 1847 532 ι-εις
1873 479 1925 521 et
1949 468 2070 533 Spi-

496 564 638 618 ritus
667 572 889 617 sanctus
914 578 1078 632 super
1101 564 1277 630 capita
1306 562 1681 631 apostolorum
1722 561 1895 614 sedit:
1928 578 1944 610 ι
1968 558 2071 613 Per

497 653 905 724 impositionem
929 668 1192 708 manuum
1225 652 1532 723 presbyteri
1577 671 1596 703 ι
1631 656 1705 705 ait
1731 650 1951 712 Paulus,
1978 666 2072 704 ne-

496 763 771 819 quaquam
807 762 905 817 per
948 757 1286 815 unguentum
1327 754 1382 801 et
1425 744 1685 800 chrisma.
1729 744 1837 800 Et:
1883 761 1902 793 ι
1951 741 2070 796 Noli

495 840 794 911 negligere,
817 842 889 892 ait
917 838 1229 903 Timotheo,
1253 837 1486 908 gratiam
1519 852 1638 907 quae
1664 845 1747 891 est
1774 838 1828 888 in
1855 847 1929 900 te,
1955 849 2074 903 quae

486 934 624 986 -data
657 939 739 985 est
773 931 868 984 tibi
901 945 995 1000 per
1025 930 1431 1000 impositionem
1462 943 1723 981 manuum
1751 941 2015 979 mearum.
2046 943 2065 975 ι

504 1012 722 1093 septem
752 1021 989 1088 diaconi,
1015 1019 1291 1075 Barnabas
1322 1021 1547 1089 ipseque
1578 1017 1780 1072 Paulus
1799 1025 1853 1072 et
1881 1030 2075 1070 omnes

494 1114 906 1184 impositionem
933 1127 1188 1165 manuum
1214 1118 1546 1181 acceperunt
1567 1111 1709 1178 quod
1734 1102 1815 1162 est
1843 1123 2077 1177 vereque

501 1205 705 1261 dicitur
724 1204 1035 1276 χειροτονία
1059 1219 1154 1258 seu
1186 1217 1449 1256 manuum
1479 1199 1733 1254 elcvatio.
1765 1196 1950 1268 Neque
1979 1213 2073 1267 per

498 1300 685 1366 plures
714 1298 1016 1367 episcopos.
1048 1307 1107 1350 ut
1137 1294 1271 1348 dicit
1302 1308 1476 1348 canon
1517 1290 1872 1361 apostolicus,
1903 1304 2077 1359 neque

504 1407 600 1458 per
632 1391 1038 1459 impositionem
1068 1386 1240 1457 aperti
1272 1384 1566 1454 Evangelii,
1589 1390 1647 1435 ut
1672 1396 1900 1450 magnis
1922 1381 2079 1435 docet

506 1481 825 1551 Dionysius,
869 1479 965 1534 scd
994 1478 1138 1546 apud
1171 1492 1267 1530 eos
1294 1491 1439 1543 smpe
1474 1490 1614 1528 unus
1643 1475 1934 1541 episcopus
1966 1474 2082 1541 epi-

494 1589 726 1643 -sc0pum
756 1573 991 1627 instituit
1016 1569 1301 1641 cujusdam
1326 1585 1426 1640 ope
1452 1568 1712 1640 unguenti
1743 1566 2081 1628 chrismatis,

503 1678 692 1719 contra
731 1666 1079 1718 traditionem
1118 1662 1515 1731 apostolorum,
1544 1676 1608 1714 eo
1643 1660 1817 1729 magis
1841 1658 1987 1729 quod
2014 1643 2084 1711 es

2175 478 2373 540 νωνίας
2402 477 2511 529 τῶν
2539 474 2855 545 μυστηρίων
2888 472 2999 526 τῶν
3047 465 3151 524 ὧδε
3183 470 3555 538 ἐξερχόμενοι.
3601 468 3737 521 Ἀλλ’

2174 571 2284 624 οὐδ’
2330 574 2390 624 ἐν
2450 568 2529 639 τῷ
2579 566 2958 637 θυσιαστηρίῳ
2988 567 3053 635 τῇ
3088 563 3335 617 ὲπιθέσει
3380 562 3491 615 τῶν
3546 563 3740 633 χειρῶν

2174 663 2274 724 τὰς
2320 660 2659 732 χειροτονίας
2690 658 2977 728 ἐνεργοῦσι
3007 656 3119 716 τῶν
3153 653 3375 709 οίκείων
3403 654 3738 718 ἐπισκόπων,

2176 757 2320 831 κατα
2358 755 2458 823 τὴν
2491 752 2700 808 ἄπωθεν
2729 751 2824 805 τοῦ
2880 747 3120 820 Χριστοῦ
3170 749 3263 800 καὶ
3294 744 3432 799 Θεοῦ
3461 744 3617 813 ἡμῶν
3651 746 3743 797 καὶ

2177 847 2285 898 τῶν
2337 845 2652 898 ἀποστόλων
2699 842 2866 899 αὐτοῦ
2918 841 3252 912 παράδοσιντ
3307 838 3366 901 ὃς
3407 838 3619 906 ἐπάρας
3648 840 3745 902 τὰς

2177 942 2364 1008 χείρας
2387 937 2577 1000 αὑτοῦ,
2595 935 2893 1005 εὐλόγησεν
2912 934 3136 997 αὐτοὺς,
3156 932 3315 1001 φησι,
3333 930 3429 983 καὶ
3446 930 3508 982 τὸ
3530 929 3747 997 Πνεῦμα

2177 1028 2238 1082 τδ
2267 1028 2424 1095 ᾰγιον
2449 1026 2527 1091 είς
2558 1028 2655 1089 τὰς
2692 1024 2938 1092 κεφαλὰς
2978 1024 3089 1077 τῶν
3134 1022 3450 1075 ἀποστόλων
3505 1020 3747 1082 ἐκάθισε,

2179 1123 2275 1175 καὶ
2303 1120 2391 1173 διὰ
2418 1121 2520 1187 τῆς
2553 1119 2854 1180 ἐπιθέσεως
2904 1117 3060 1185 (φησι
3096 1115 3331 1180 Παῦλος)
3382 1112 3492 1165 τῶν
3550 1112 3750 1182 χειρῦν

2179 1211 2275 1265 τοῦ
2315 1212 2739 1283 πρεσϐυτερίου,
2769 1211 2863 1264 καὶ
2897 1210 2958 1261 οὐ
2996 1210 3085 1261 διὰ
3145 1207 3319 1276 μύρου
3371 1206 3467 1258 καὶ
3508 1204 3751 1274 χρίσμα-

2179 1321 2292 1369 τος.
2323 1305 2434 1357 Καὶ
2465 1306 2542 1373 μὴ
2576 1303 2770 1372 ἀμέλει
2794 1294 2887 1354 τοῦ
2919 1303 2977 1353 ἐν
3021 1303 3100 1353 σοὶ
3132 1301 3498 1367 χαρίσματος.
3523 1297 3553 1350 δ
3593 1297 3753 1363 ἐδώη

2185 1412 2295 1456 σοι,
2320 1394 2575 1464 Τιμοθέῳ
2604 1394 2775 1461 λέγει,
2807 1392 2892 1445 διά
2924 1394 3022 1461 τῆς
3053 1389 3350 1450 ἐπιθέσεως
3381 1388 3491 1439 τῶν
3553 1388 3755 1456 χειρῶν

2186 1505 2312 1558 μου.
2345 1488 2453 1539 Καὶ
2485 1488 2537 1538 oi
2569 1488 2710 1541 ἑπτα
2753 1485 2811 1539 δὲ
2860 1485 2971 1537 τῶν
3018 1482 3307 1546 διακόνων,
3337 1481 3433 1534 καὶ
3465 1480 3756 1550 Βαρνάϐας

2184 1581 2281 1639 καὶ
2338 1580 2549 1643 Παῦλος
2594 1580 2756 1640 αὐτὸς
2813 1579 2908 1633 καὶ
2968 1577 3191 1640 πάντες,
3238 1564 3517 1637 ἐπιθέσεις
3554 1573 3757 1644 χειρῶν

2187 1670 2437 1734 ἐδέξαντο
2460 1687 2470 1698 ’
2506 1669 2536 1724 δ
2562 1675 2655 1723 καὶ
2683 1650 2992 1739 χειροτονία
3018 1669 3137 1721 ὲστί
3173 1685 3234 1723 τε
3268 1667 3364 1721 καὶ
3386 1665 3608 1733 λέγεται
3633 1666 3763 1728 ἀλημ

504 1754 621 1824 lege
652 1755 702 1807 id
736 1754 964 1808 faciunt.
988 1754 1042 1808 Si
1070 1768 1197 1807 vero
1229 1753 1412 1821 plures
1437 1752 1734 1821 aliquando
1762 1751 1948 1805 adsint
1972 1750 2084 1819 epi-

2193 1761 2328 1822 Βῶςο
2359 1760 2469 1813 οὐδ’
2494 1762 2598 1815 ὑπὸ
2635 1760 2897 1813 πλειόνων
2928 1757 3264 1816 ἐπισκόπων,
3294 1758 3371 1819 ὠς
3407 1759 3433 1809 ὀ
3463 1755 3758 1808 ἀποστολι-

506 1847 681 1916 scopi,
718 1846 769 1899 hi
798 1855 975 1900 tamen
1015 1860 1356 1914 nequaquam
1384 1860 1509 1900 cum
1547 1845 1721 1913 primo
1745 1844 2080 1907 ministrant,

500 1955 614 1993 non
646 1939 790 1992 cnim
830 1951 1083 2007 possunt,
1120 1939 1350 2008 ideoque
1388 1953 1512 1992 cum
1559 1953 1663 1990 non
1697 1936 1862 1991 simul
1896 1935 2085 1990 minis-

506 2039 671 2097 trent,
703 2030 1063 2086 ordinandum
1098 2031 1320 2085 minime
1352 2029 1514 2086 simul
1546 2028 1822 2082 ordinant.
1852 2027 1956 2082 Sed
1986 2030 2084 2082 nc-

508 2140 615 2193 quc
642 2135 873 2193 possunt
898 2123 972 2176 illi
1002 2138 1125 2178 cum
1155 2124 1275 2177 aliis
1303 2122 1464 2178 simul
1490 2136 1708 2178 sacrum
1731 2120 1930 2187 facere,
1952 2134 2088 2189 quo.

511 2215 658 2268 niam
687 2224 1007 2270 consecrata
1038 2230 1226 2286 azyma
1257 2214 1509 2285 frangere
1535 2220 1814 2283 nequeunt
1834 2221 1887 2268 et
1911 2212 2085 2282 pluri-

512 2307 615 2362 bus
637 2307 986 2371 distribuere,
1006 2307 1149 2365 sicut
1172 2305 1394 2361 tradidit
1420 2304 1670 2360 Salvator
1691 2303 1781 2374 qui
1810 2303 2088 2359 benedixit

511 2412 566 2454 et
596 2399 756 2469 fregit
804 2398 1197 2469 discipulisque
1249 2397 1556 2452 distribuit.
1592 2397 1933 2466 Quapropter
1978 2410 2086 2449 non

510 2507 634 2552 Amos
685 2500 769 2546 est
802 2489 1015 2547 Latinis
1047 2500 1105 2544 ut
1139 2489 1319 2557 plures
1354 2486 1657 2559 presbyteri
1712 2487 1795 2541 vel
1844 2485 2088 2555 episcopi

508 2583 677 2640 simul
714 2593 1032 2654 operentur.
1082 2581 1190 2636 Nec
1220 2580 1381 2636 simul
1420 2594 1485 2634 ex
1545 2594 1652 2632 uno
1683 2593 1825 2649 pauc
1871 2594 2090 2648 unoque

519 2675 693 2728 calice
716 2672 1063 2743 participant,
1087 2670 1543 2741 quemadmodum
1564 2667 1766 2722 Paulus
1797 2683 1828 2722 a
1865 2668 2090 2722 Domino

518 2764 753 2835 accepit,
791 2778 1002 2833 nosque
1034 2763 1153 2832 pios
1196 2762 1374 2815 facere
1406 2759 1651 2824 edocuit;
1689 2756 1893 2812 ideirco
1935 2772 2093 2812 nemo

493 2858 658 2926 ,apud
695 2871 791 2909 cos
828 2856 993 2909 simul
1037 2868 1160 2908 cum
1198 2868 1333 2923 papa
1367 2850 1588 2906 sacrum
1627 2850 1755 2902 facit
1790 2849 1893 2903 nisi
1941 2848 2091 2911 solus

490 2950 802 3007 diaconus.
830 2944 1025 3001 Omnia
1055 2945 1318 2999 innovant
1348 2952 1537 2997 contra
1575 2941 1918 2995 traditionem
1960 2957 2091 3008 apo-

515 3038 780 3093 stolornnt
832 3036 1243 3104 Salvatorisque
1297 3033 1466 3088 nostri
1511 3042 1674 3103 atque
1722 3032 1938 3087 Patrum
1996 3035 2087 3101 qui

515 3130 781 3201 apostolis
832 3140 1249 3190 successerunt,
1291 3127 1752 3196 quemadmodum
1802 3127 1868 3181 de
1906 3126 2088 3181 habitu

517 3225 935 3279 monachorum.
968 3219 1178 3275 Etenim
1200 3234 1322 3274 cum
1352 3235 1492 3274 unus
1516 3227 1660 3274 esset
1685 3219 1925 3283 habitus,
1949 3220 2099 3272 hunc

517 3315 596 3369 illi
625 3316 679 3369 in
715 3314 912 3367 inultas
944 3324 1128 3383 partes
1159 3312 1488 3375 diviserunt,
1520 3314 1815 3386 pluresque
1874 3313 2094 3366 habitis

513 3405 783 3469 fecerunt,
815 3405 960 3475 quod
983 3406 1165 3459 nullus
1188 3421 1218 3459 e
1247 3403 1502 3460 Pambos
1539 3407 1833 3477 mandavn,
1859 3403 1948 3457 scd
1979 3417 2097 3459 om-

515 3514 620 3555 nes
676 3513 843 3552 unum
901 3500 1077 3552 solum
1134 3499 1274 3552 sicut
1331 3506 1385 3550 et
1444 3497 1771 3566 baptismum
1842 3493 2094 3548 monachi

520 3590 764 3643 habitum
791 3588 1019 3655 dicunt;
1071 3590 1137 3642 de
1183 3604 1293 3658 quo
1339 3588 1500 3642 divus
1549 3600 1768 3656 quoque
1822 3586 2099 3638 mandarit

518 3679 832 3751 Dionysius.
856 3678 910 3735 Si
942 3695 1070 3733 vero
1102 3681 1241 3748 apud
1269 3694 1369 3733 nos
1395 3679 1570 3746 major
1591 3686 1645 3731 et
1673 3691 1850 3729 intuor
1877 3676 2095 3729 habitus

515 3775 845 3841 appellatur,
874 3772 1096 3825 minime
1118 3774 1262 3825 duos
1289 3769 1410 3823 illos
1434 3768 1687 3830 dicimus,
1719 3768 1813 3820 sed
1846 3780 1986 3818 unus
2004 3766 2094 3833 qui

516 3863 692 3931 major
714 3870 768 3915 et
796 3860 1071 3930 perfectus
1096 3867 1202 3923 est,
1226 3866 1279 3911 et
1303 3858 1397 3925 qui
1423 3856 1601 3908 minor
1622 3852 1847 3915 dicitur,
1866 3855 1959 3919 qui
1986 3868 2097 3903 Ina-

498 3951 651 4031 joris
681 3953 877 4035 pignus
909 3960 992 4004 est
1019 3948 1294 4018 hujusque
1322 3946 1537 4000 initium
1562 3952 1615 3998 et
1634 3942 1954 4012 prommiutn
1979 3960 1993 4006 ;
2014 3956 2093 3995 se-

508 4058 581 4103 ro
602 4058 632 4096 a
659 4042 986 4110 quibusdam
1005 4039 1261 4095 Patrihus
1286 4039 1385 4091 fuit
1405 4037 1762 4106 excogitatus,
1786 4045 1845 4087 ιιι
1860 4034 2097 4089 arrhabo

512 4137 717 4205 prioris
748 4134 1001 4197 traditus,
1024 4131 1292 4202 posterius
1312 4138 1491 4190 autem
1513 4130 1785 4199 perfectus
1805 4126 1925 4190 fuit,
1948 4126 2019 4179 ita
2040 4136 2099 4179 ut

500 4244 661 4302 ‘mms
682 4237 889 4280 tantum
916 4225 1195 4289 tradatur;
1216 4223 1335 4277 ideo
1357 4223 1552 4292 pignus
1571 4221 1793 4291 majoris
1814 4219 2100 4291 sanctique

494 4319 738 4385 ,haigitus
765 4326 1011 4371 vocatur.
1041 4311 1281 4384 Longam
1308 4313 1374 4367 de
1414 4327 1470 4367 re
1496 4313 1593 4366 ista
1623 4312 1922 4366 orationem
1971 4311 2100 4364 facit

2187 1855 2283 1916 κὸς
2308 1852 2488 1906 κανὼν
2521 1853 2692 1921 λέγει,
2722 1853 2842 1905 οὐδὲ
2872 1852 2959 1905 διὰ
2997 1852 3096 1921 τῆς
3137 1848 3232 1903 τοῦ
3267 1847 3603 1915 Εὐαγγελίου
3636 1849 3759 1900 ἀνε-

2186 1946 2438 2016 ῳγμένου
2466 1944 2786 2006 ἐπιθέσεως,
2815 1943 2887 2006 ὡς
2917 1944 2945 1996 ό
2983 1945 3159 2012 μέγας
3186 1941 3428 1994 διδάσκει
3459 1941 3757 1998 Διονύσιος·

2187 2035 2302 2089 ἀλλ’
2330 2030 2411 2098 εἷς
2434 2035 2733 2096 ἐπίσκοπος
2767 2034 2896 2104 παρ’
2927 2034 3112 2095 αὐτοῖς
3160 2032 3423 2091 πολλάκις
3455 2029 3762 2083 ἐπίσκοπον

2188 2127 2505 2198 χειροτονεῖ,
2531 2125 2626 2180 καὶ
2652 2125 2917 2196 χρίσματι
2950 2122 3124 2194 μύρου
3153 2123 3321 2185 τινὸς,
3344 2122 3498 2190 παρά
3527 2122 3633 2189 τὴν
3658 2118 3760 2170 τῶν

2189 2220 2502 2274 ἀποστόλων
2534 2218 2834 2288 παράδοσιν
2858 2232 2873 2247 ⁸
2905 2217 3144 2286 μάλιστα
3175 2217 3233 2269 δὲ
3287 2215 3547 2284 νομικῶς.
3589 2215 3650 2266 Ei
3700 2211 3759 2264 δὲ

2190 2313 2289 2368 καὶ
2322 2309 2546 2381 πάρεισί
2598 2327 2727 2364 ποτε
2782 2310 3003 2372 πλείους
3031 2309 3141 2360 τῶν
3172 2308 3517 2369 ἐπισκόπων,
3544 2304 3670 2358 ἀλλ’
3705 2305 3762 2356 οὐ

2192 2401 2701 2471 συλλειτουργοῦσιν
2753 2395 2899 2453 οὗτοι
2931 2401 3009 2469 τῷ
3057 2400 3278 2471 πρώτῳ,
3312 2398 3448 2452 Οὐδὲ
3495 2399 3613 2472 γὰρ
3675 2397 3768 2451 δύη

2192 2515 2405 2552 νανται.
2435 2496 2526 2549 Διὸ
2553 2494 2628 2566 μὴ
2662 2491 3227 2563 συλλειτουργοῦντες,
3263 2492 3385 2545 οὐδὲ
3416 2506 3770 2560 συγχειροτο-

2192 2588 2342 2643 νοῦσι
2370 2587 2460 2641 τὸν
2498 2584 2997 2657 χιιροτονούμενον.
3045 2585 3182 2639 Ἀλλ’
3222 2585 3343 2638 οὐδὲ
3394 2583 3627 2638 δυνατὸν
3676 2580 3772 2634 αὺ-

2190 2685 2300 2747 τοῖς
2332 2684 2480 2735 ἐστιν
2510 2682 2766 2753 ἀλλήλοις
2818 2671 3280 2749 συλλειτουργεῖν.
3324 2681 3407 2732 ὃτι
3456 2678 3585 2733 οὐδὲ
3618 2677 3776 2729 δυνα-

2190 2777 2281 2828 τὸν
2307 2777 2370 2829 τὸ
2427 2774 2886 2846 ίερουργούμενον
2946 2775 3156 2844 ἄζυμον
3216 2773 3469 2833 κλᾶσθαι.
3505 2773 3611 2825 καὶ
3665 2773 3775 2835 τοῖς

2194 2867 2409 2930 πολλοῖς
2470 2865 2873 2936 μεταδίδοσοαι,
2931 2866 3008 2929 ὡς
3062 2864 3448 2937 παραδέδωκεν
3486 2866 3514 2916 ὁ
3548 2864 3777 2931 Σωτὴρ.

2196 2959 2560 3030 ἱερουργήσας
2590 2958 2683 3011 καὶ
2713 2959 2946 3022 κλάσας,
2994 2958 3089 3011 καὶ
3147 2959 3261 3015 τοῖς
3304 2957 3569 3027 μαθηταῖς
3617 2973 3781 3026 μετα-

2194 3050 2338 3112 δούς.
2376 3049 2467 3101 Διὸ
2493 3049 2603 3102 οὐδ’
2646 3048 2767 3109 ἔθος
2816 3048 3072 3111 Λατίνοις
3100 3048 3236 3118 ὁμοῦ
3269 3048 3624 3117 λειτουργεῖν
3653 3063 3784 3115 πρε-

2200 3140 2500 3210 σὸυτέρους
2561 3138 2782 3202 πλείους
2814 3141 2847 3210 ἢ
2879 3141 3240 3202 ἐπισκόπους,
3263 3139 3371 3192 οὐδ’
3411 3138 3551 3207 ὁμοῦ
3598 3141 3663 3193 ὲκ
3691 3138 3784 3191 τοῦ

2196 3232 2310 3293 ἐνὸς
2332 3233 2496 3300 ἄρτου
2530 3230 2625 3285 καὶ
2653 3229 2745 3283 τοῦ
2776 3231 3036 3300 ποτηρίου
3065 3230 3340 3300 μετέχειν,
3360 3229 3551 3300 ὥσπερ
3573 3234 3620 3284 ὂ
3646 3230 3788 3284 Παῦ-

2195 3321 2284 3383 λος
2307 3322 2614 3393 παρέλασεν
2637 3323 2746 3376 ἀπὸ
2762 3322 2854 3375 τοῦ
2876 3324 3100 3391 Κυρίου,
3119 3323 3210 3375 καὶ
3232 3322 3514 3392 παρέδωκε
3536 3328 3680 3386 τοὶς
3705 3322 3789 3375 εὖ-

2200 3413 2376 3473 σεὸεῖς
2411 3406 2514 3483 31
2555 3415 2704 3483 ἡμᾶς
2748 3415 3009 3481 ἐνεργεῖν.
3034 3413 3124 3466 Διὸ
3146 3412 3267 3466 οὐδὲ
3294 3412 3791 3483 συλλειτουιογοῦσι

2196 3503 2275 3573 τῷ
2297 3504 2499 3573 πάππα
2521 3504 2664 3564 τινὲς
2683 3502 2861 3556 αὐτῶν
2883 3503 2931 3556 εί
2965 3501 3042 3574 μὴ
3068 3503 3311 3566 διάκονος
3349 3502 3509 3573 μόνος
3533 3519 3547 3533 ·
3602 3508 3781 3559 πάντα

2198 3595 2477 3656 ποιοῦντες
2508 3595 2800 3665 καινότερα
2845 3599 2939 3652 καὶ
2986 3595 3141 3665 παρὰ
3170 3594 3269 3667 τὴν
3299 3595 3410 3647 τῶν
3452 3597 3780 3650 ἀποστόλων

2198 3687 2293 3743 καὶ
2320 3685 2413 3740 τοῦ
2443 3687 2697 3756 Σωτῆρος
2724 3687 2882 3755 ἡμῶν
2912 3687 3212 3757 παράδοσιν
3242 3688 3342 3743 καὶ
3370 3686 3479 3741 τῶν
3506 3688 3782 3758 διαδόχων

2197 3778 2307 3832 τῶν
2332 3778 2649 3831 ἀποστόλων
2678 3779 2956 3848 Πατέρων,
2985 3779 3060 3842 ὡς
3092 3779 3190 3833 καὶ
3217 3780 3278 3832 τὸ
3302 3778 3493 3850 σχῆμα
3523 3783 3641 3836 τῶν
3685 3799 3783 3850 μο-

2199 3871 2382 3939 ναχῶν
2406 3885 2422 3901 ⁶
2452 3868 2571 3931 ἐνὸς
2606 3872 2714 3939 γὰρ
2748 3871 2899 3933 ὄντος
2949 3870 3044 3925 τοῦ
3092 3872 3371 3942 σχήματος
3394 3912 3411 3936 ,
3446 3875 3525 3934 είς
3578 3873 3785 3934 πολλὸς

2199 3958 2345 4012 οὗτοι
2377 3958 2538 4013 τοῦτο
2572 3962 2872 4031 κατέτεμον
2902 3962 3120 4031 μοίρας,
3154 3961 3249 4017 καὶ
3283 3963 3513 4014 πλεῖστα
3544 3964 3617 4017 τὰ
3647 3969 3786 4032 σχή-

2204 4070 2348 4122 ματα
2381 4054 2771 4122 πεποιήκασιν.
2806 4054 2986 4123 Ὅπερ
3015 4053 3192 4116 οὐδεὶς
3228 4055 3634 4126 νενομοθέτηκε
3676 4060 3785 4109 τῶν

2203 4142 2483 4211 Πατέρων,
2511 4142 2648 4201 ἀλλὰ
2678 4144 2878 4206 πάντες
2912 4143 2971 4195 ἓν
2999 4145 3095 4197 καὶ
3131 4144 3290 4214 μόνον
3317 4144 3393 4207 ὡς
3438 4147 3532 4198 καὶ
3585 4149 3650 4198 τὸ
3688 4146 3788 4217 βίο-

2202 4249 2417 4302 πτισμα
2448 4232 2674 4302 λέγουσι
2722 4234 2783 4285 τὸ
2838 4235 3023 4304 σχῆμα
3075 4233 3171 4286 τοῦ
3223 4235 3485 4303 μοναχοῦ,
3544 4240 3675 4307 περὶ
3726 4230 3789 4288 οὗ

2201 4326 2298 4380 καὶ
2330 4328 2357 4379 ὁ
2393 4327 2534 4389 θεῖος
2565 4329 2846 4396 νομοθετεῖ
2868 4326 3165 4389 Διονύσιος.
3194 4327 3256 4378 Εἰ
3278 4326 3336 4380 δὲ
3372 4328 3469 4381 καὶ
3491 4329 3630 4401 παρ’
3654 4331 3791 4400 ἡμῖν

498 4424 747 4479 ,inaguus
779 4409 918 4460 inter
948 4407 1230 4475 theologos
1263 4405 1544 4460 confessor
1582 4416 1637 4459 ct
1663 4404 1821 4458 Pater
1853 4402 2097 4457 Studites

2205 4420 2401 4488 μικρὸν
2435 4422 2532 4474 καὶ
2564 4420 2708 4490 μέγα
2741 4418 2960 4485 λέγεται
3000 4422 3211 4489 σχῆμα,
3257 4420 3316 4471 οὐ
3348 4420 3442 4472 δύο
3469 4420 3649 4474 ταῦτά
3689 4441 3792 4488 τρι.-

511 4502 867 4571 ξῐιιεοιιοιμε.
906 4498 1012 4553 Sed
1040 4515 1144 4551 non
1172 4502 1274 4552 ista
1342 4508 1550 4552 tantum
1610 4507 1804 4551 contra
1855 4497 2097 4564 peranti-

419 4635 425 4641 -
510 4612 692 4664 ~quam
729 4591 987 4651 Ecclesia:
1036 4592 1517 4652 consuetudinem,
1554 4603 1740 4641 verum
1776 4588 1940 4641 etiam
1979 4602 2100 4641 sex-

501 4698 676 4752 _ccnta
733 4686 838 4740 alia
898 4683 1227 4738 Christianis
1296 4682 1569 4736 discordia
1631 4689 1873 4750 patrant.
1945 4680 2097 4733 Multi

517 4781 735 4852 .iixuria
787 4786 842 4832 ct
890 4776 1112 4831 lascivia
1165 4773 1435 4840 difﬂuunt,
1496 4782 1549 4827 et
1597 4772 1662 4826 de
1694 4775 1795 4825 hac
1831 4784 1889 4824 re
1915 4771 2099 4826 nullus

510 4880 600 4938 est
624 4874 705 4928 cis
728 4885 929 4937 sermo,
948 4871 1061 4924 sive
1090 4868 1397 4931 monachis,
1423 4866 1537 4920 sive
1562 4865 1957 4930 sacerdotibus,
1987 4868 2102 4919 Sile

519 4966 701 5035 laticis,
736 4964 841 5019 etsi
871 4963 1130 5015 Dominus
1166 4962 1378 5029 impure
1408 4958 1841 5026 conspicientem
1871 4958 2100 5026 castiga.-

520 5067 660 5110 νει-ιι
688 5065 741 5109 et
771 5054 1076 5109 adulterum
1106 5052 1260 5107 illum
1294 5052 1511 5112 dixerit,
1567 5049 1672 5102 etsi
1709 5048 1910 5103 Paulus
1946 5056 2097 5102 tanta

520 5151 769 5207 docuerit
792 5150 1053 5207 adversus
1086 5147 1444 5211 fornicantes,
1477 5154 1533 5200 et
1557 5146 1787 5217 apostoli
1817 5146 1886 5198 ab
1942 5145 2101 5199 initio

524 5248 617 5312 per
651 5241 937 5311 epistolam
970 5239 1355 5293 mandaverint
1388 5247 1447 5290 ut
1474 5237 1763 5292 credentes
1786 5251 1816 5290 e
1851 5237 2103 5304 gentibus

524 5337 594 5385 ab
624 5332 964 5402 idolothytis,
1019 5330 1309 5397 sanguine,
1338 5327 1606 5387 suﬂ'ocato
1633 5335 1688 5380 et
1739 5325 2104 5383 fornicatione

523 5424 881 5477 abstinerent.
920 5420 1044 5474 Haec
1073 5419 1327 5483 dicimus,
1357 5418 1580 5471 minime
1608 5419 1736 5486 quia
1766 5417 2014 5469 nonnulli
2037 5431 2102 5470 ex

524 5515 732 5568 nostris
762 5514 813 5566 in
847 5510 1267 5566 fornicationem
1300 5524 1404 5563 non
1469 5508 1812 5577 ceciderint;
1849 5510 2102 5563 novimus

524 5608 668 5661 enim
701 5607 967 5674 quosdam
996 5604 1175 5671 lapsos
1210 5601 1437 5663 esse,'et
1470 5601 1906 5675 bospmuiteutia
1931 5601 2102 5654 corri-

525 5699 741 5769 gimus;
770 5697 862 5754 sed
885 5697 1010 5767 quia
1036 5694 1175 5773 apud
1205 5693 1427 5748 Latinos
1474 5693 1728 5747 fornicari
1782 5701 1866 5753 est
1906 5706 2102 5773 prope-

2209 4527 2330 4583 μεν,
2361 4510 2478 4564 ἀλλ’
2507 4510 2566 4563 ἓν
2591 4510 2723 4562 αὐτὸ
2750 4510 2819 4561 τὸ.
2866 4514 3009 4581 μέγα
3062 4511 3157 4565 καὶ
3203 4511 3432 4565 τέλειον.
3478 4511 3629 4583 Αὐτὸ
3673 4513 3732 4565 δὲ
3764 4512 3792 4564 ὃ

2202 4575 2423 4671 λέγεται
2474 4603 2693 4673 μικρὸν,
2740 4575 3002 4675 assistat,
3049 4605 3166 4656 ἐστι
3220 4602 3313 4655 τοῦ
3365 4575 3613 4671 μεγάλῶ
3640 4646 3654 4663 ,
3696 4610 3794 4657 καὶ

2200 4694 2427 4767 ἀπαρχὴ
2463 4692 2633 4751 αὐτοῦ
2657 4693 2751 4747 καὶ
2776 4694 3085 4764 προοίμιον,
3116 4694 3211 4746 καὶ
3238 4694 3328 4747 διὰ
3358 4695 3455 4762 τὴν
3488 4696 3794 4749 ἀσθένειαν

2203 4784 2434 4855 ὕστερον
2465 4783 2757 4853 ὲπινοηθέν
2786 4801 2898 4836 τισι
2928 4785 3039 4837 τῶν
3071 4784 3351 4854 Πατέρωνς
3405 4784 3481 4847 ὡς
3516 4785 3797 4858 ἀῤῥαόὼν

2203 4876 2298 4931 τοῦ
2331 4875 2552 4946 πρώτου
2578 4874 2888 4945 διδόμενον,
2936 4875 3164 4944 ὔστερον
3196 4875 3255 4929 δὲ
3288 4873 3676 4945 τελειούμενον
3715 4880 3799 4938 εἰς

2202 4968 2337 5024 αὐτὸ
2384 4968 2449 5040 δὴ
2493 4969 2557 5022 τὸ
2591 4968 3033 5039 παραδεδομένον
3087 4970 3183 5021 καί
3231 4968 3313 5021 ἒν.
3338 4969 3462 5021 ’Διὰ
3492 4967 3661 5021 τοῦτο
3698 4969 3803 5022 καὶ

2204 5059 2466 5132 appaream
2486 5059 2582 5113 τοῦ
2614 5060 2853 5131 μεγάλου
2881 5061 2978 5113 καὶ
3006 5060 3167 5127 ἁγίου
3196 5059 3448 5114 καλεῖται
3478 5062 3797 5129 σχήματος.

2204 5151 2316 5205 Καὶ
2345 5149 2515 5203 πολὺν
2562 5151 2696 5221 περὶ
2744 5150 2936 5210 τούτου
2971 5152 3209 5209 ποιεῖται
3242 5150 3336 5204 τὸν
3370 5150 3526 5218 λόγον
3555 5152 3583 5202 ὁ
3613 5151 3802 5218 μέγας

2203 5243 2261 5293 ἐν
2303 5242 2577 5310 Θεολόγοις
2608 5242 2706 5295 καὶ
2739 5243 3081 5311 ὀμολογητὴς
3127 5245 3221 5301 καὶ
3255 5243 3465 5311 Πατὴρ,
3504 5241 3801 5294 δ’Στουδί-

2206 5351 2302 5400 της
2349 5333 2643 5402 Θεόδωρος,
2678 5333 2757 5388 Οὐ
2795 5336 2958 5405 μόνον
3005 5335 3184 5387 τοίνυν
3236 5333 3307 5385 τὰ
3350 5331 3579 5386 τοιαῦτα
3633 5334 3803 5401 παρὰ

2205 5424 2303 5491 τὴν
2350 5422 2817 5495 ἐκκλησιαστικὴν
2861 5425 3097 5496 ἐξαρχῆς
3141 5428 3473 5497 συνήθειαν,
3510 5423 3656 5479 ἀλλὰ
3695 5428 3802 5479 καὶ

2210 5517 2378 5585 μυρία
2442 5515 2610 5586 ἕτερα
2663 5517 3013 5585 λριστιανοῖς
3067 5518 3383 5587 ἀνάρμοστα
3446 5517 3801 5587 ἐνεργοῦσι,

2207 5609 2463 5677 ποριείας
2491 5608 2674 5677 σχεδὸν
2708 5606 2948 5672 ἅπαντες
2990 5596 3348 5672 ἀκολάστους.
3393 5611 3502 5661 Καὶ
3531 5610 3594 5660 οὐ
3629 5585 3807 5674 λό’,νλς

2208 5699 2388 5762 αὐτοῖς
2421 5698 2554 5762 ὅλως
2590 5701 2719 5777 περὶ
2748 5701 2938 5754 τούτου
2968 5702 3024 5753 ἔν
3058 5711 3120 5753 τε
3167 5704 3445 5771 μοναχοῖς,
3488 5705 3586 5756 καὶ
3626 5700 3815 5773 ἱερω-
