4066 6446
409 389 513 454 tos
1037 373 1046 389 ‘
1452 379 1837 446 nummos
1878 377 2188 439 CUNTRA
2233 374 2624 438 HJERESES.
3593 377 3704 442 me

407 510 612 576 μένοις,
645 504 742 558 καὶ
783 503 1016 565 λαῖκυίς.
1049 501 1228 556 καίτοι
1268 515 1333 567 γε
1362 497 1462 552 τοῦ
1505 499 1715 568 Κυρίου
1758 495 1852 550 τὸν
1879 495 1983 562 ὲμ-

2092 487 2314 542 modum
2353 487 2715 557 inculpatum,
2751 487 2824 542 ita
2857 495 2912 543 ut
2944 485 3087 543 istud
3120 496 3379 544 censeant
3406 491 3692 544 sanctitati

404 599 593 662 πἀθῶς
631 597 846 668 ὁρῶντα
875 595 1225 661 κολάζοντος,
1276 594 1371 648 καὶ
1407 592 1599 663 μοιχὸν
1649 589 1814 645 αὐτὸν
1843 583 1987 641 εἶναι

2096 592 2204 630 non
2228 577 2447 632 obstare
2478 593 2494 643 ;
2527 578 2732 648 quippe
2771 579 2957 648 plures
2984 595 3051 634 ex
3079 595 3269 634 eorum
3311 582 3699 636 sacerdotibus

402 690 674 758 λέγοντος,
701 691 798 743 καὶ
827 687 920 742 τοῦ
949 674 1166 740 Παύλου
1192 685 1437 739 τοσαῦτα
1462 683 1813 745 διδάσκοντος
1843 678 1986 734 κατά

2093 670 2319 740 pellices
2351 671 2577 736 habent,
2600 681 2652 726 et
2676 671 2877 727 liberos
2894 673 3181 728 manifeste
3199 690 3264 730 ex
3299 673 3695 739 fornicatione.

407 781 800 853 πορνευόντων,
855 780 949 834 καὶ
980 779 1090 832 τῶν
1126 775 1447 830 ἀποστόλων
1494 774 1554 840 ἐξ
1604 775 1782 844 ἀρχῆς
1827 772 1989 825 τοῦτο

2092 773 2146 819 et
2177 767 2354 832 palam
2385 765 2438 818 in
2474 765 2756 835 lupanaria
2791 766 3192 836 ingrediuntur,
3241 779 3295 822 et
3338 770 3698 838 impudenter

404 874 474 925 δι’
516 872 806 939 ἐπιστολῆς
863 868 1350 941 νομοθετησάντων
1389 865 1699 936 ἀπέχεσθαι
1748 863 1879 926 τοὺς
1925 861 1986 927 ἐξ

2098 856 2473 919 mcechantur,
2500 872 2599 912 nec
2634 857 2995 928 prohibentur
3025 875 3092 912 ne
3114 874 3268 914 sacra
3300 858 3526 914 faciant.
3547 860 3700 916 Laici

404 964 573 1019 ἐθνῶν
606 963 964 1024 πιστεύοντας
1019 958 1396 1014 εἰδωλοθύτων
1450 957 1548 1010 καὶ
1602 954 1836 1024 αἵματος
1887 954 1987 1006 καὶ

2091 956 2296 1014 autem,
2327 963 2516 1004 eorum
2550 951 2824 1018 exemplo,
2851 951 3070 1018 pollices
3093 952 3398 1016 accipiunt,
3423 960 3479 1004 et
3520 950 3696 1004 forni-

403 1058 633 1112 πνικτοῦ
665 1058 764 1111 καὶ
813 1056 1103 1126 πορνείας.
1152 1055 1264 1108 Kal
1311 1051 1484 1106 ταῦτά
1518 1067 1723 1120 φαμεν,
1775 1049 1872 1118 οὐχ
1902 1047 1984 1100 ὅτι

2090 1053 2280 1112 cantes
2314 1057 2420 1096 neu
2449 1044 2806 1103 eruiwsrunt,
2871 1059 3216 1113 nequaquam
3278 1046 3586 1111 cogitantes
3642 1044 3695 1096 in

401 1151 499 1204 καὶ
531 1149 637 1203 τῶν
675 1149 965 1220 ἡμετέρων
1013 1146 1161 1210 τινὲς
1200 1147 1486 1216 πορνείαις
1519 1144 1581 1195 ού
1618 1141 1984 1210 περιπίπτου-

2092 1135 2200 1188 hoc
2231 1148 2355 1189 esse
2380 1143 2663 1202 peccatum
2692 1144 2744 1188 et
2777 1133 3204 1187 immunditiam.
3224 1132 3450 1203 Insuper
3481 1135 3696 1203 impura

405 1259 493 1294 σιν
525 1258 539 1272 ·
581 1242 739 1310 ἴσμεν
770 1242 882 1309 γάρ
907 1256 1062 1301 τινας
1093 1238 1551 1307 περιπίπτοντας,
1595 1235 1691 1287 καὶ
1723 1233 1986 1304 μετανοίᾳ

2091 1236 2145 1280 et
2177 1227 2460 1280 immunda
2494 1233 2719 1294 tangere
2748 1226 3033 1290 animalia,
3068 1226 3370 1294 praesertim
3405 1226 3697 1291 suil‘oeata,

404 1333 767 1404 διορθούμεθα
813 1338 1044 1395 τούτους
1077 1348 1093 1365 ο
1122 1330 1240 1385 ἀλλ’
1293 1331 1378 1385 ὅτι
1430 1329 1581 1400 παρά
1627 1327 1880 1388 Λατίνοις
1925 1329 1987 1378 τὸ

2092 1335 2203 1374 non
2230 1327 2313 1375 est
2347 1319 2578 1386 bonum;
2614 1320 2763 1374 nullo
2791 1319 2975 1385 modo,
3008 1321 3270 1389 quoniam
3307 1319 3459 1386 quasi
3493 1319 3697 1374 fmdata

403 1426 688 1496 πορνεύειν
717 1426 908 1496 σχεδον
940 1423 1306 1493 ἀνέγκλητον,
1329 1423 1425 1476 καὶ
1447 1421 1702 1475 τοσοῦτον
1731 1419 1808 1483 ὡς
1846 1419 1983 1488 μηδὲ

2092 1412 2481 1481 prohibentur,
2510 1425 2634 1466 cum
2670 1429 2689 1460 ι
2731 1411 2912 1464 omnis
2938 1423 3193 1467 creatura
3248 1410 3341 1466 Dei
3393 1411 3537 1466 bona
3602 1413 3694 1478 sit,

402 1520 634 1589 κώλυμα
658 1518 849 1578 αὐτοῖς
880 1518 962 1579 είς
992 1515 1297 1586 ἱερωσύνην
1328 1515 1464 1576 ὅλως
1495 1508 1660 1566 εἶναι.
1695 1511 1819 1565 Τῶν
1851 1511 1984 1580 παρ’

2091 1507 2562 1577 quemadmodum
2599 1505 2738 1560 dixit
2771 1506 2994 1568 Paulus.
3032 1517 3086 1561 et
3136 1509 3270 1563 nihil
3329 1509 3690 1579 rejiciendum

403 1613 588 1674 αὐτοῖς
612 1611 722 1681 γὰρ
757 1608 1076 1680 ἱερωμένων
1107 1606 1298 1661 πολλοὶ
1345 1604 1629 1667 παλλακάς
1665 1621 1726 1655 τε
1775 1602 1982 1672 έχουσι,

2093 1598 2232 1667 quod
2258 1613 2382 1653 cum
2409 1600 2708 1668 gratiarum
2742 1599 2960 1655 actione
2983 1600 3287 1670 percipitur
3318 1618 3333 1655 :
3368 1620 3385 1653 ι
3419 1617 3542 1657 cum
3569 1619 3699 1672 gra-

403 1705 500 1757 καὶ
524 1704 690 1756 τέκνα
720 1701 972 1772 φανερῶς
1009 1700 1074 1751 ἐκ
1115 1697 1401 1767 πορνείας,
1445 1697 1542 1751 καὶ
1589 1695 1878 1766 προδήλως
1923 1696 1984 1748 ἐν

2091 1692 2293 1746 tiarum
2329 1691 2568 1754 actione,
2604 1693 2806 1763 inquit,
2850 1709 2958 1748 non
3026 1704 3206 1749 autem
3264 1695 3551 1751 fastidiose
3584 1714 3599 1762 ;
3637 1709 3694 1751 et

402 1798 520 1859 τοῖς
571 1794 1001 1866 χαμαιτυπείοις
1051 1791 1422 1862 εἰσέρχονται,
1477 1790 1573 1843 καὶ
1620 1788 1984 1859 πορνεύουσιν

2090 1783 2352 1855 quoniam
2403 1786 2782 1841 sanctiﬁcatur
2826 1802 2924 1856 per
2960 1789 3197 1849 verbum
3255 1789 3344 1844 Dei
3377 1800 3432 1844 et
3487 1790 3696 1844 oratio-

402 1857 661 1952 ἀναιδῶς,
693 1887 788 1940 καὶ
813 1885 1126 1955 ἱερουργεῖν
1146 1857 1552 1937 ούκωλύονται.
1583 1857 1707 1935 Καί
1725 1882 1775 1932 οἱ
1801 1879 1984 1933 λαῖκολ⁸

2089 1893 2237 1934 nem.
2269 1877 2371 1933 Ubi
2395 1877 2605 1935 Latinis
2632 1896 2815 1936 sermo
2849 1883 2916 1936 de
2949 1883 3050 1937 hac
3075 1884 3303 1938 materia
3330 1882 3354 1937 ?
3399 1883 3515 1953 Ipsa
3544 1887 3692 1940 enim

403 1979 463 2032 δὲ
498 1981 702 2032 τούτων
731 1978 874 2031 κατά
916 1978 1116 2038 τόπους
1151 1975 1496 2047 λαμόἀνουσι
1529 1973 1840 2038 παλλακὰς,
1889 1973 1986 2027 καὶ

2193 1981 2450 2042 'gamenta
2490 1981 2743 2042 tangunt,
2796 1989 2897 2029 nec
2941 1991 2970 2030 a
3001 1977 3259 2032 sordibus
3302 1978 3687 2047 prohibentur,
3776 1964 3799 1980 ’

406 2070 851 2142 ἀνερυθριάστως
901 2069 1258 2140 πορνεύουσι,
1307 2067 1385 2138 μὴ
1433 2066 1782 2134 λογιζόμενοι
1825 2065 1986 2119 τοῦτο

2090 2072 2152 2118 ut
2183 2063 2442 2120 viderunt
2473 2066 2654 2122 multi.
2685 2068 2776 2120 Ait
2804 2069 3028 2137 quidem
3070 2069 3234 2126 divus
3261 2071 3545 2140 apostolus
3596 2069 3696 2126 Ju-

405 2166 745 2237 ἀκαθαρσίαν
799 2159 946 2218 εἶναι
1000 2164 1095 2219 καὶ
1146 2162 1447 2232 ἁμαρτίαν.
1498 2160 1625 2214 Ἔτι
1669 2158 1727 2212 δὲ
1777 2157 1874 2211 καὶ
1925 2158 1987 2211 τδ

2089 2157 2232 2213 das:
2275 2176 2294 2210 ι
2331 2157 2595 2227 Odicntes
2615 2169 2670 2214 et
2697 2176 2818 2216 eam
2855 2177 2978 2232 quae
3007 2164 3249 2218 carnalis
3303 2173 3392 2220 est
3445 2166 3693 2220 macula-

406 2261 733 2331 ἀκαθάρτων
770 2257 1042 2312 ἅπτεσθαι
1094 2256 1193 2310 καὶ
1225 2254 1492 2325 ῥυπαρῶν
1534 2252 1714 2317 ζώων,
1747 2253 1846 2307 καὶ
1879 2254 1986 2324 μάλ

2089 2258 2200 2304 tam
2231 2251 2472 2307 tunicam
2513 2269 2528 2316 ;
2573 2270 2590 2304 ι
2625 2253 2698 2331 illi
2733 2269 2862 2308 vero
2899 2270 3004 2309 non
3039 2265 3253 2311 tantum
3323 2271 3353 2310 a
3389 2257 3693 2322 pollutiOne

405 2356 560 2409 λιστα
587 2352 849 2418 πνικτῶν,
876 2351 938 2405 οὐ
973 2350 1163 2413 καλὸν,
1203 2348 1348 2416 ἅπερ
1373 2347 1473 2417 ούχ
1493 2345 1568 2409 ὡς
1595 2346 1984 2416 μεμολυσμένα

2089 2343 2273 2399 carnis
2304 2358 2413 2398 non
2447 2343 2750 2400 abborrent
2779 2361 2958 2418 neque
2989 2362 3111 2403 eam
3177 2348 3230 2402 in
3291 2349 3417 2404 odio
3464 2349 3690 2417 habent,

406 2450 506 2520 μὲν
538 2447 939 2518 ἀπηγόρευται,
969 2445 1094 2498 ἐπεὶ
1122 2460 1142 2495 ι
1169 2445 1280 2496 πᾶν
1304 2439 1663 2510 κτίσμαβεοῦ
1699 2438 1886 2504 καλὸν,
1909 2438 1984 2502 ὡς

2089 2436 2184 2492 sed
2212 2435 2267 2490 in
2299 2451 2362 2492 ea
2395 2438 2597 2507 quibus
2620 2440 2777 2495 cibOs
2811 2449 3005 2509 parant
3038 2455 3170 2496 vasa
3207 2441 3511 2496 maculatas
3542 2442 3690 2495 tuni«

402 2541 610 2604 Παῦλός
629 2557 785 2610 φησι,
816 2539 911 2592 καὶ
938 2536 1093 2592 οὐδὲν
1121 2534 1438 2604 ἀπόϐλητον
1464 2533 1603 2602 μετά
1625 2531 1984 2605 εὐχαριστίας

2087 2543 2182 2584 cas
2213 2540 2268 2584 et
2291 2528 2569 2585 feminalia
2607 2532 2928 2588 immittunt.
2983 2532 3183 2588 Carnis
3219 2543 3402 2589 autem
3454 2534 3682 2590 foedatio

399 2632 840 2704 λαμϐανόμενον·
902 2628 1046 2700 πλὴν
1103 2629 1224 2700 μετ’
1258 2626 1636 2699 εὐχαριστίας,
1691 2626 1882 2696 φησὶν,
1921 2627 1982 2678 ού

2088 2622 2516 2678 maculationem
2538 2639 2603 2678 ex
2627 2633 2853 2694 peccato
2903 2635 3184 2696 acceptam
3203 2625 3445 2693 exhibet,
3479 2642 3591 2697 quo
3607 2627 3693 2682 di—

405 2726 512 2800 μὴν
541 2725 889 2796 ἀδιαφορίας·
923 2724 1021 2778 καὶ
1049 2723 1133 2776 ὅτι
1169 2721 1480 2791 ἁγιάζεται,
1517 2721 1747 2791 γράφει,
1781 2720 1869 2774 διά
1897 2720 1984 2775 λό-

2123 2715 2300 2771 cimus
2329 2707 2431 2771 nos
2458 2717 2510 2770 in
2546 2717 2930 2787 iniquitatibus
2959 2734 3086 2774 esse
3112 2729 3435 2788 conceptos,
3485 2720 3692 2790 quibus
3717 2746 3729 2760 ε

401 2836 500 2888 γου
539 2816 676 2872 Θεοῦ
710 2818 805 2872 καὶ
837 2815 1156 2883 ἐντεύξεως.
1218 2814 1328 2868 Ποῦ
1359 2813 1418 2868 δὲ
1461 2816 1592 2886 περὶ
1624 2811 1818 2867 τούτου
1847 2813 1986 2877 ὅλως

2089 2810 2474 2864 mundarinon
2528 2825 2824 2880 possumus
2881 2812 2987 2867 nisi
3044 2813 3214 2867 divini
3243 2828 3347 2883 ope
3403 2812 3689 2882 baptismi,

400 2911 559 2978 λόγος
593 2910 876 2976 Λατίνοις;
911 2909 1020 2964 Καὶ
1055 2907 1167 2961 τῶν
1196 2909 1638 2978 περιττωμάτων
1666 2907 1775 2978 γάρ
1804 2906 1984 2960 αὐτῶν

2091 2910 2142 2956 et
2171 2907 2358 2971 postea
2391 2916 2587 2956 rursus
2615 2916 2713 2972 per
2743 2903 3151 2972 paenitentiam.
3175 2904 3246 2959 At
3285 2904 3364 2961 illi
3414 2908 3697 2962 membro-

403 3004 689 3068 ἅπτονται,
721 3004 816 3056 καὶ
844 3000 1026 3071 οὔρων
1059 2999 1450 3068 ἀπογεύονται,
1477 2999 1554 3062 ὡς
1589 2995 1732 3054 εἶδον
1770 2999 1982 3056 πολλοί.

2090 3006 2208 3046 rum
2241 2992 2518 3064 superﬂua
2543 2993 2750 3063 quibus
2773 2995 3056 3052 foedantur
3077 2997 3184 3052 heu
3207 2999 3221 3052 !
3247 2997 3313 3052 ad
3345 2997 3488 3054 labia
3521 3013 3696 3070 osque

405 3096 516 3149 Kal
539 3096 567 3148 ό
589 3094 686 3164 μὲν
713 3094 854 3156 θεῖος
877 3091 1178 3156 ἀπόστολος
1204 3090 1431 3156 Ἰούδας,
1449 3091 1807 3159 «Μισοῦντες,
1822 3093 1982 3163 φησὶ,

2089 3086 2406 3152 admovent,
2431 3086 2536 3142 etsi
2566 3087 2868 3158 Apostolus
2899 3104 3002 3146 nos
3025 3089 3224 3146 doceat
3257 3091 3379 3161 pios
3411 3106 3535 3148 esse
3556 3103 3610 3148 et
3640 3094 3695 3148 in

401 3187 606 3242 καὶτὸν
629 3186 736 3240 ἀπὸ
755 3185 854 3256 τῆς
881 3184 1084 3257 σαρκδς
1105 3183 1486 3254 ἐσπιλωμένον
1516 3184 1725 3255 χιτῶνα
1747 3201 1758 3214 ·
1777 3203 1796 3238 i
1829 3180 1978 3240 οῦτοι

2091 3178 2345 3234 erunibus
2365 3187 2764 3250 temperantes;
2797 3196 2922 3236 nam
2952 3183 3050 3251 ait,
3089 3201 3108 3236 ι
3133 3182 3238 3252 Qui
3273 3185 3326 3239 in
3355 3199 3531 3256 agone
3564 3202 3697 3243 con-

395 3284 456 3337 at;
485 3280 576 3336 τὸν
605 3283 669 3334 ὲκ
697 3279 799 3350 τῆς
821 3280 1027 3351 σαρκὸς
1060 3276 1342 3349 μολυσμὸν
1373 3278 1434 3331 οὐ
1469 3278 1634 3349 μόνον
1663 3279 1724 3332 οὐ
1750 3279 1976 3350 βδελύσ-

2090 3269 2262 3324 tendit
2280 3270 2349 3325 ab
2361 3271 2619 3328 omnibus
2639 3287 2696 3327 se
2713 3273 2952 3329 abstinet
2971 3292 3018 3341 μ
3044 3277 3151 3342 vel,
3174 3293 3194 3328 ι
3216 3275 3273 3331 Si
3303 3292 3429 3333 esca
3458 3281 3696 3335 scanda-

403 3392 588 3429 σονται
621 3378 717 3430 καὶ
771 3373 1044 3444 μισοῦσιν,
1092 3371 1210 3426 ἀλλ’
1259 3374 1316 3425 ὲν
1367 3367 1450 3438 οἷς
1501 3373 1570 3426 τά
1625 3374 1726 3442 τῆς
1768 3374 1978 3444 τροφῆς

2090 3363 2218 3416 lizat
2237 3362 2464 3419 fratrem
2485 3380 2696 3436 meum,
2717 3381 2824 3422 non
2844 3369 3192 3425 manducabo
3210 3386 3428 3427 carnem
3450 3373 3503 3429 in
3523 3389 3695 3430 saecu-

397 3470 680 3541 ἐνεργοῦσι
697 3469 971 3529 σκεύεσιν,
995 3471 1054 3523 ὲν
1082 3468 1299 3532 τούτοις
1328 3469 1426 3522 καὶ
1457 3469 1586 3533 τοὺς
1623 3472 1978 3540 μεμολυσμέο

2091 3457 2224 3521 lum,
2238 3475 2258 3508 ι
2283 3457 2483 3528 inquit.
2502 3457 2614 3517 Nos
2633 3472 2890 3530 oportere
2907 3477 3030 3519 esse
3051 3471 3418 3534 temperantes
3435 3476 3487 3523 et
3509 3483 3539 3522 a
3570 3483 3691 3524 car-

396 3577 522 3623 νους
546 3561 780 3632 χιτῶνας
813 3560 911 3614 καὶ
935 3559 1036 3623 τὰς
1067 3557 1401 3630 ἀναξυρίδας
1431 3559 1772 3628 εἰσάγουσιν.
1791 3561 1850 3614 '0
1884 3579 1978 3632 μο-

2091 3551 2250 3606 nibus
2267 3553 2544 3610 abstinere
2571 3554 2687 3624 ipse
2713 3553 2918 3610 Paulus
2934 3556 3197 3627 jejunans
3223 3559 3584 3630 demonstrat,
3611 3563 3697 3619 di-

402 3655 600 3724 λυσμδς
627 3654 684 3707 δὲ
707 3653 807 3723 τῆς
837 3652 1041 3724 σαρκὸς
1087 3651 1188 3722 τὴν
1207 3649 1416 3721 φθορὰν
1445 3651 1548 3722 τὴν
1568 3652 1634 3705 ὲκ
1662 3653 1765 3722 τῆς
1791 3652 1976 3724 ἀμαρ-

2088 3658 2218 3696 cens
2250 3659 2266 3700 :
2300 3661 2318 3694 ι
2344 3642 2400 3696 1η
2429 3643 2657 3716 jejurtiis
2687 3647 2892 3713 pluries
2921 3663 2934 3712 ;
2960 3665 2978 3700 ι
3004 3637 3217 3704 necnon
3245 3667 3303 3705 ιι
3325 3651 3544 3725 CaStigo
3562 3671 3685 3710 cor-

406 3749 518 3809 τίας
545 3747 863 3815 παρίστησι,
895 3743 963 3798 δι’
993 3734 1055 3797 οὗ
1090 3743 1186 3796 καὶ
1216 3743 1274 3795 ὲν
1309 3741 1572 3812 ἀνομίαις
1599 3741 1978 3814 συλληφθῆναι

2094 3752 2194 3802 pus
2229 3751 2410 3790 meum
2439 3737 2574 3792 etin
2618 3739 2944 3795 servitutem
2973 3743 3182 3814 redigo.
3227 3761 3245 3795 ι
3277 3743 3475 3803 Petrus
3504 3759 3690 3804 autem

420 3839 766 3908 μανθάνομεν,
817 3837 912 3891 καὶ
959 3837 1060 3890 οὐκ
1107 3833 1226 3888 ἔστι
1258 3834 1626 3906 καθαρθῆναι,
1660 3836 1707 3888 εί
1765 3835 1842 3905 μὴ
1889 3836 1979 3889 διά

2091 3833 2281 3900 paucis
2316 3832 2519 3901 lupinis
2547 3833 2869 3889 vescebatur
2895 3837 3192 3908 caeterique
3238 3838 3495 3910 discipuli
3545 3843 3693 3920 jeju—

410 3932 492 3982 τοῦ
526 3931 672 3984 θείου
702 3929 1110 3999 βαπτίσματος,
1141 3927 1234 3982 καὶ
1275 3927 1536 3999 μετανοίᾳ
1567 3927 1730 3982 πάλιν
1758 3930 1824 3982 ἐκ
1859 3929 1980 3982 τού-

2092 3927 2200 3982 niis
2269 3917 2640 3996 iitdulgebant,
2705 3925 2800 3998 qui
2838 3927 3142 3986 Salvatoris
3191 3931 3464 4002 jejunium
3526 3917 3685 3991 nobis

402 4041 518 4077 του.
558 4023 694 4076 ’Λλί
722 4021 869 4075 οὗτοι
919 4021 986 4074 τά
1020 4023 1084 4074 ὲκ
1128 4019 1239 4073 τῶν
1275 4019 1458 4090 μελῶν
1490 4019 1672 4074 αὐτῶν
1707 4021 1978 4091 περιττώ-

2085 4020 2426 4076 tradiderunt
2454 4033 2549 4088 per
2572 4021 2926 4088 quatriduum
2954 4031 3008 4076 et
3028 4037 3362 4090 parasccven
3389 4028 3443 4080 in
3483 4029 3687 4098 quibus

406 4132 554 4187 ματα
599 4114 659 4179 ἐξ
707 4111 781 4169 ὧν
821 4115 917 4168 καὶ
950 4115 979 4166 ό
1034 4111 1338 4182 μολυσμὸς,
1375 4113 1754 4182 προσφέρουσι
1786 4111 1908 4182 (φεῦ
1935 4114 1974 4184 ί)

2086 4127 2277 4177 carne,
2305 4110 2424 4166 ovis
2454 4109 2672 4167 ctlacte
2707 4111 2987 4168 abstinere
3011 4126 3319 4184 iusserunt,
3349 4131 3409 4174 ut
3432 4119 3543 4192 jam
3577 4123 3684 4175 du-

401 4211 580 4264 αὺτῶν
625 4211 737 4272 τοῖς
782 4206 986 4279 χείλεσι
1032 4205 1126 4258 καὶ
1160 4205 1236 4272 τῷ
1282 4204 1534 4272 στόματι.
1573 4207 1766 4258 Καίτοι
1813 4222 1878 4274 γε
1914 4209 1977 4261 τὸ

1914 4209 1977 4261 τὸ
2087 4209 2216 4263 dum
2244 4208 2313 4262 ab
2336 4205 2472 4275 ipsis
2494 4206 2761 4275 apostolis
2789 4215 2846 4262 et
2869 4206 3128 4267 Patribus
3149 4215 3486 4284 accepimus.

399 4309 652 4371 εὐλαϐεῖς
697 4304 837 4361 εἶναι
879 4309 1026 4377 ἡμᾶς
1097 4305 1193 4360 καὶ
1240 4304 1539 4372 ἐγκρατεῖς
1582 4303 1642 4357 ιν
1711 4305 1848 4360 πᾶσι
1896 4307 2048 4378 παρά
2085 4306 2180 4361 τοῦ
2227 4305 2559 4360 Ἀποστόλου
2609 4305 2983 4376 μανθάνομεν.
3036 4327 3054 4360 ι
3097 4308 3160 4362 '0
3210 4311 3618 4382 ἀγωνιζόμενος
3657 4333 3675 4368 ι

403 4409 535 4474 γὰρ,
565 4409 695 4474 φησι
719 4447 733 4471 ,
775 4424 795 4456 ι
824 4407 1006 4458 πάντα
1055 4401 1479 4473 εγκρατεύεται.
1537 4403 1650 4456 Καὶ
1699 4403 1750 4455 εἰ
1790 4403 1989 4474 βρῶμα
2031 4402 2382 4464 σκανδαλίζει
2413 4401 2506 4456 τὸν
2535 4401 2766 4470 ἀδελφόν
2804 4421 2928 4474 μου,
2960 4403 3020 4457 οὑ
3055 4405 3130 4476 μὴ
3167 4407 3327 4475 φάγω
3393 4409 3532 4479 κρέα
3599 4413 3683 4478 εἰς

398 4505 492 4557 τδν
541 4503 732 4564 αἰῶνα,
759 4521 777 4554 ι
811 4501 978 4571 λέγει.
1033 4502 1144 4555 Καὶ
1174 4501 1256 4554 ὅτι
1287 4500 1370 4554 δεῖ
1443 4495 1888 4573 ἐγκρατεύεσθαι
1970 4503 2066 4556 καὶ
2104 4502 2213 4573 32
2243 4502 2476 4570 κρέατος
2505 4499 2836 4571 ἀπέχεσθαι,
2868 4501 3032 4565 αὐτός
3066 4520 3126 4556 τε
3164 4505 3376 4568 Παῦλος
3399 4511 3681 4578 νηστεύων

397 4599 658 4663 διδάσκει,
695 4619 714 4649 ι
758 4597 847 4649 Ἐν
875 4594 1155 4664 νηστείαις
1201 4591 1486 4660 πολλάκις,
1523 4614 1542 4649 ι
1581 4596 1780 4662 λέγων,
1815 4595 1934 4664 καὶ,
1980 4605 2011 4648 ι
2041 4594 2368 4659 ’Υποπιάζω
2405 4610 2508 4663 μου
2542 4593 2603 4645 τὸ
2648 4592 2808 4662 σῶμα
2857 4594 2954 4647 καὶ
2983 4595 3338 4666 δουλαγωγῶ.
3366 4618 3385 4650 ι
3432 4602 3541 4654 Καὶ
3577 4603 3684 4658 [Ιέ-

395 4713 524 4769 τρος
571 4694 627 4746 δὲ
673 4693 940 4764 ἀσσαρίου
988 4692 1239 4763 θερμίοις
1272 4693 1552 4764 ἐτρέφετο,
1582 4693 1678 4745 καὶ
1710 4691 1763 4743 οἱ
1826 4691 2008 4744 λοιποὶ
2084 4688 2330 4760 μαθηται
2378 4689 2656 4760 νηστείαις
2687 4687 3004 4758 ἐσχόλαζον,
3049 4690 3098 4743 οἳ
3145 4692 3242 4744 καὶ
3269 4693 3367 4760 τὴν
3423 4700 3682 4767 νηστείαν
3722 4689 3725 4704 ⁸

404 4793 535 4862 ἡμῖν
580 4787 996 4861 παραδεδώκασι
1042 4787 1137 4839 τοῦ
1191 4787 1473 4857 Σωτῆρος,
1501 4786 1750 4856 Τετράδα
1784 4803 1845 4838 τε
1885 4787 1982 4840 καὶ
2021 4781 2416 4854 Παρασκευὴν,
2450 4785 2508 4834 ἐν
2536 4777 2616 4845 οἷς
2652 4782 2748 4834 καὶ
2775 4786 3011 4853 κρέατος
3041 4785 3343 4856 ἀπέχεσθαι
3403 4791 3499 4843 καὶ
3566 4791 3681 4845 ὠοῦ

397 4858 492 4941 καὶ
506 4858 774 4956 γάλακτος
799 4880 1308 4952 νενομοθετήκασιν,
1341 4881 1416 4947 ὡς
1449 4881 1834 4954 παρελάϐομεν
1869 4879 2076 4934 ἄνωθεν
2107 4878 2169 4943 ἐξ
2210 4877 2392 4933 αὐτῶν
2432 4893 2493 4930 τε
2515 4877 2736 4932 καὶτῶν
2756 4876 3076 4930 ἀποστόλων
3116 4879 3346 4932 καὶτῶν
3386 4883 3674 4956 Πατέρων.
3716 4858 3721 4872 Ι

982 5003 1234 5062 ΚΕΦΑΛ.
1268 5003 1396 5060 KA'.
2015 5012 2059 5067 ι)

2015 5012 2059 5067 ι)
2664 4996 2897 5055 CAPUT
2928 4997 3071 5052 xx1.

505 5116 667 5172 Κατὰ
694 5116 812 5172 τῶν
834 5117 1171 5173 ἐσθίον-των
1198 5119 1272 5174 τὰ
1298 5120 1384 5190 μὴ
1410 5120 1893 5192 παραδεδομένα.
2085 5115 2111 5173 ῑ

2085 5079 2293 5173 Coittra
2322 5133 2408 5172 eos
2439 5116 2531 5186 qui
2567 5125 2850 5171 vescuntur
2881 5115 3011 5170 cibis
3055 5116 3349 5172 traditione
3401 5121 3673 5177 ecclesia-

2621 5189 2754 5241 stica
2805 5190 3139 5241 improbatis.

2621 5204 2754 5242 ειιεα
2805 5204 3139 5243 tnmrouam.

477 5275 540 5328 Ei
569 5271 660 5329 οὖν
693 5275 786 5328 καὶ
831 5276 940 5330 τῶν
980 5261 1392 5347 νενομισμένων
1441 5279 1624 5349 κρεῶν
1673 5279 1980 5350 ἀπέχεσθαι

2621 5204 2754 5242 sucu
2805 5204 3139 5258 tmprouam.

2158 5280 2327 5351 Igitur
2358 5280 2700 5350 sislegalihus
2727 5282 2984 5336 carnibus
3016 5281 3162 5335 vesci
3197 5281 3472 5339 abstinere
3507 5301 3677 5356 Opor-

402 5369 510 5440 χρὴ
551 5368 693 5422 κατά
738 5371 958 5440 καιρὸν,
995 5371 1092 5424 καλ⁵
1137 5371 1297 5424 τοῦτο
1336 5371 1710 5444 μαρτυροῦσιν
1739 5374 1790 5425 oi
1838 5374 1980 5427 ἀπό-

2091 5383 2169 5430 tet
2211 5377 2512 5431 secundum
2547 5384 2784 5445 tempus,
2841 5375 2988 5445 quod
3039 5384 3313 5432 testantur
3344 5385 3578 5449 apostoli
3623 5391 3677 5436 et

405 5460 581 5513 στολοι
618 5461 712 5513 καὶ
739 5462 788 5514 οἱ
820 5460 986 5530 ἅγιοι,
1023 5462 1123 5526 τάς
1154 5462 1412 5532 νηστείας
1457 5464 1554 5516 καὶ
1586 5464 1834 5535 Τετράδα
1883 5467 1978 5518 καὶ

2083 5467 2784 5537 sancti,jubentesjejunia
2833 5483 2931 5538 per
2983 5468 3340 5539 quatriduum
3396 5483 3452 5527 et
3511 5489 3673 5541 para-

403 5553 758 5624 Παρασκευην
795 5554 1248 5623 παραδεδωκότες
1275 5557 1583 5626 νηστεύειν,
1622 5557 1805 5628 πολλῷ
1835 5560 1975 5628 μᾶλο

2158 5573 2278 5613 aven
2312 5559 2643 5623 exemenda,
2683 5558 2855 5612 multo
2894 5561 3071 5631 magis
3099 5561 3505 5618 immundorum
3551 5566 3676 5620 ani-
3757 5602 3764 5610 ι

400 5643 492 5696 λον
522 5646 779 5716 ῥυπαρῶν
825 5646 980 5711 ζώων
1023 5647 1119 5700 καὶ
1158 5646 1364 5716 θηρίων
1393 5650 1626 5718 κρέατος
1671 5651 1974 5720 ἀπέχεσθαι

2079 5651 2304 5704 malium
2361 5665 2528 5706 carne
2570 5651 2852 5707 abstinere
2883 5662 3120 5723 oportet,
3153 5670 3388 5725 quorum
3425 5657 3541 5726 ipsa
3571 5673 3672 5712 na-

403 5736 530 5807 χρὴ,
563 5731 637 5790 ὧν
663 5739 756 5790 καὶ
788 5739 925 5809 αὑτὴ
958 5740 990 5810 ὴ
1038 5739 1199 5808 φύσις
1232 5741 1372 5811 πρὸς
1417 5740 1514 5811 τὴν
1561 5741 1764 5813 βρῶσιν
1794 5744 1974 5808 ἀηδῶς

2081 5751 2202 5797 tura
2243 5743 2527 5797 horrorem
2587 5752 2641 5797 et
2702 5743 2978 5800 fastidium
3031 5755 3290 5816 generat,
3329 5763 3402 5802 ne
3442 5750 3670 5804 tutandu-

405 5832 515 5900 ἔχει
547 5833 641 5885 καὶ
668 5831 944 5902 ἀπεχθῶς.
991 5833 1292 5902 Ἀκρασίας
1317 5833 1501 5888 τοίνυν
1532 5834 1690 5900 τοῦτο
1719 5838 1972 5906 σημεῖον,

2078 5845 2294 5901 centur,
2331 5845 2384 5891 et
2419 5837 2645 5906 proinde
2669 5837 2774 5894 hoc
2832 5847 2916 5896 est
2965 5840 3400 5912 intemperantiae
3452 5829 3672 5914 signum

406 5925 502 5978 καὶ
533 5923 830 5997 θηριώδους
859 5927 1084 5997 γνώμης
1108 5926 1205 5979 καὶ
1228 5925 1542 5990 διαθέσεως.
1571 5928 1684 5987 Καὶ
1714 5929 1822 6000 γὰρ
1849 5927 1971 5982 οὐδὲ

2080 5931 2389 6003 mentisque
2409 5928 2539 5987 fera:
2559 5939 2613 5988 et
2637 5932 2808 5990 animi
2832 5934 3149 5990 truculenti.
3173 5935 3290 5990 Non
3313 5937 3461 5993 enim
3496 5936 3669 6013 multa

369 6079 392 6087 ,Α
417 6093 446 6108 κ
680 6020 945 6082 ΡΑτ-ιιοι..
989 6025 1104 6085 Gn.
1139 6020 1311 6086 CLV.

2007 6018 2166 6123 λς-.
2435 6117 2453 6124 ,,
2518 6119 2604 6124 .
3217 6028 3255 6090 ⁸³
