4066 6504
316 347 417 412 107

1156 349 1541 411 SYMEONIS
1575 350 2343 414 THESSALONICENSIS
2386 349 2755 414 ARCHIEP.

3486 350 3601 419 108

314 440 572 497 animalia
610 432 775 497 carne
813 448 1132 504 vescuntur.
1163 442 1259 497 sed
1287 452 1495 497 tantum
1547 442 1729 497 bestia:
1793 456 1914 511 qua:

2018 444 2188 498 πολλὰ
2214 446 2321 497 τῶν
2353 443 2510 507 ζώων
2544 440 2886 512 κρεωφαγεῖ,
2921 439 3059 496 ἀλλὰ
3087 442 3156 494 τὰ
3197 440 3469 512 αἱμοϐόρα
3508 449 3602 513 θη-

310 535 544 604 gaudent
558 534 844 603 sanguine,
859 542 912 589 et
927 550 1048 604 qua:
1065 549 1229 589 carne
1244 543 1562 601 vescuntur,
1578 551 1685 588 non
1714 548 1907 605 quam-

304 626 445 682 libet
468 641 689 682 carnem
712 626 1070 695 tangunt,sed
1096 627 1438 683 solummodo
1458 627 1839 682 mundioribus
1857 636 1910 680 rt

313 717 711 772 salubrioribus
743 725 1010 784 utuntur;
1053 732 1184 786 ergo
1208 720 1297 786 qui
1334 719 1420 773 his
1465 719 1607 774 escis
1660 719 1907 772 abutitur

309 811 736 880 intemperantia
800 811 1024 866 ducitur
1081 810 1338 881 ferasque
1406 811 1621 866 feritate
1655 825 1901 880 superat,

309 902 465 972 quasi
490 902 921 956 irratimtabilcm
954 902 1174 957 haberet
1226 901 1488 956 animam.
1545 900 1903 971 Purgamenta

309 1011 442 1050 vero
471 1003 525 1049 et
552 996 748 1051 sordes
775 1004 999 1066 gustare
1058 995 1260 1049 mentis
1313 1002 1395 1049 est
1446 992 1902 1047 immundissimaa

309 1098 365 1142 et
398 1089 649 1144 obscena:
684 1088 921 1158 feraeque
963 1097 1172 1141 natura:
1222 1086 1345 1140 ﬁnis
1398 1086 1646 1141 ultimus.
1720 1083 1897 1137 Latini

312 1188 492 1233 autem
526 1178 727 1233 talibus
751 1186 964 1232 utentes
997 1192 1094 1231 nos
1121 1177 1210 1245 qui
1253 1177 1322 1230 ab
1364 1176 1483 1230 istis
1539 1175 1903 1230 abhorremus

311 1271 538 1325 irrident
560 1270 720 1333 forte,
740 1269 996 1339 quoniam
1016 1267 1393 1321 suntmaximc
1417 1267 1681 1334 religiosi.
1705 1267 1899 1321 corde-

309 1377 414 1433 que
449 1361 831 1426 mtmdissimi;
865 1373 918 1415 et
950 1362 1030 1415 sic
1059 1374 1183 1428 erga
1216 1359 1342 1413 talia
1368 1374 1425 1413 se
1464 1358 1903 1413 habent.Sacras

310 1458 504 1509 domos
547 1456 710 1521 vulgo
752 1456 967 1523 pervias
987 1453 1329 1521 relinquunt,
1362 1452 1591 1521 ipsaque
1627 1453 1785 1522 adyta
1847 1461 1902 1505 ct

309 1548 573 1605 terribilia
605 1555 889 1616 penetrare
917 1547 1227 1599 sinuutnon
1258 1546 1516 1599 mulieres
1542 1554 1778 1605 tantum,
1803 1544 1899 1598 sed

304 1651 359 1694 et
384 1641 670 1711 cujuslibet
701 1639 876 1692 uitatis
907 1638 1178 1701 homines,
1208 1636 1556 1697 fornicarios.
1585 1635 1900 1689 immundos

296 1733 571 1802 ipsosque
628 1733 847 1800 impios,
921 1745 1028 1786 non
1101 1730 1499 1799 perpendentes
1560 1744 1681 1798 quae
1750 1727 1896 1782 dicta

2020 537 2107 605 ρία
2138 538 2320 606 μόνον·
2352 537 2448 589 καὶ
2476 537 2544 589 τὰ
2571 533 2988 605 κρεοφαγοῦντα
3015 531 3072 585 δὲ
3102 536 3163 588 οὐ
3189 535 3371 604 πάσηε
3399 539 3603 606 σαρκὸς

2015 630 2271 692 ἅπτεται,
2310 628 2446 682 ἀλλά
2495 629 2596 697 τῆς
2627 627 3026 698 καθαρωτέρας
3054 645 3115 682 τε
3156 627 3253 682 καὶ
3297 629 3601 697 ὑγιεινοτέ-

2015 739 2138 792 ρας.
2169 722 2312 790 Ἀρα
2342 722 2404 774 τὸ
2439 720 2836 792 παραχρῆσθσι
2868 723 2981 784 τοῖς
3008 720 3261 791 βρώμασι
3296 725 3394 776 καὶ
3416 723 3597 793 ἀκραο

2010 812 2119 876 τῶς
2159 812 2306 881 ἔχειν
2351 812 2491 882 πρὸς
2516 812 2657 864 αὐτὰ
2692 813 2788 867 καὶ
2818 813 2971 881 παρὰ
3002 811 3072 865 τὰ
3131 811 3299 883 θηρία
3332 814 3474 878 ἐστὶ,
3502 817 3599 867 καὶ

2016 904 2183 957 οἱονεὶ
2220 904 2417 972 ἀλόγου
2444 904 2648 974 ψυχῆς.
2682 905 2755 958 Th
2781 904 2838 958 δὲ
2876 906 2972 958 καὶ
3004 904 3116 958 τῶν
3159 907 3602 976 περιττωμάτων

2009 997 2104 1049 καὶ
2155 994 2334 1066 οὔρων
2390 994 2652 1061 γεύεσθαι
2707 995 3165 1067 ἁκαθαρτοτάτης
3219 995 3453 1065 γνώμης
3504 997 3601 1047 καὶ

2011 1087 2251 1155 μιαρᾶς,
2296 1086 2392 1139 nat
2445 1086 2546 1152 τῆς
2595 1086 2898 1156 θηριώδους
2935 1088 3107 1156 αὐτῆς
3158 1089 3304 1157 πέρα
3358 1088 3600 1157 φύσεως.

2005 1178 2140 1229 Οὐδὲ
2192 1179 2302 1247 γὰρ
2350 1178 2422 1229 τὰ
2471 1176 2638 1248 θηρία
2675 1177 3115 1249 περιττωμάτων
3165 1179 3316 1232 ἰδίων
3342 1178 3595 1246 γεύεται,

2005 1268 2317 1336 δεικνύντα,
2353 1268 2428 1329 ὡς
2459 1270 2521 1323 οὐ
2553 1269 2697 1322 κατά
2726 1269 2891 1337 φύσιν
2915 1268 3073 1323 τοῦτό
3099 1273 3271 1324 ἐστιν.
3323 1271 3517 1341 Ὅμως
3543 1271 3603 1324 δὲ

2004 1363 2225 1416 Λατῖνοι
2274 1364 2487 1415 τούτων
2533 1363 2859 1431 γευόμενοι,
2900 1364 3029 1425 τοὺς
3073 1363 3600 1433 ἀποστρεφομένους

2005 1454 2179 1508 ταῦτα
2237 1456 2618 1524 καταγελῶσιν
2667 1456 2816 1525 ἡμᾶς
2842 1495 2857 1519 ,
2904 1455 2981 1518 ὡς
3022 1455 3187 1522 δῆθεν
3219 1454 3409 1507 λεπτοί
3453 1471 3600 1517 τινες

2002 1549 2156 1611 ὅντες
2185 1549 2364 1611 αὐτοὶ,
2398 1550 2494 1602 καὶ
2543 1549 2643 1619 τὴν
2691 1548 2937 1603 διάνοιαν
2988 1548 3243 1618 καθαροί.
3293 1548 3404 1601 Καὶ
3452 1546 3600 1600 οὕτω

2007 1639 2107 1708 μὲν
2143 1640 2331 1708 ἔχουσι
2362 1640 2493 1708 περὶ
2524 1640 2594 1692 τὰ
2627 1638 2877 1693 τοιαῦτα.
2912 1640 3057 1702 Τοὺς
3092 1639 3150 1692 δέ
3190 1656 3253 1707 γε
3302 1640 3485 1707 ίεροῦς
3514 1637 3600 1690 οτ-

2005 1749 2135 1796 κους
2196 1732 2397 1801 βατοὺς
2447 1733 2695 1787 τίθενται
2748 1734 2863 1796 τοῖς
2915 1731 3153 1794 πολλοῖς,
3213 1733 3310 1786 καὶ
3344 1733 3485 1785 αὐτὰ
3529 1732 3599 1784 τὰ

308 1835 438 1879 sunt
472 1843 486 1881 :
520 1844 539 1877 ‹
572 1825 748 1880 Nolite
770 1833 1019 1879 sanctum
1052 1822 1183 1877 dare
1228 1821 1459 1876 canibus
1489 1837 1505 1886 ;
1549 1839 1568 1872 ι
1601 1829 1655 1876 et
1685 1838 1698 1875 :
1737 1837 1754 1871 ι
1790 1818 1900 1873 Bo.

2005 1826 2177 1879 ἄδυτα
2216 1825 2316 1878 καὶ
2342 1825 2572 1895 φρικτά·
2617 1826 2710 1879 καὶ
2757 1826 2820 1878 οὐ
2853 1824 3075 1894 γυναιξὶ
3111 1826 3272 1896 μόνον
3323 1824 3596 1895 είσιτητά,

307 1934 435 1974 mus
454 1934 573 1973 mea
595 1917 793 1973 domus
816 1916 1082 1971 orationis
1107 1915 1421 1978 vocabitur,
1462 1932 1479 1965 ι
1514 1921 1567 1967 et
1595 1920 1790 1968 castera
1817 1922 1904 1977 ;ct

304 2018 597 2082 propterea
617 2010 808 2066 zelavit
827 2007 1010 2069 Jesus.
1040 2008 1112 2063 ita
1144 2017 1200 2062 ut
1218 2015 1536 2062 mansuetus
1560 2006 1674 2076 ipse
1691 2005 1903 2074 ﬂagello

309 2104 473 2173 hujus
492 2102 662 2173 gratia
683 2109 964 2175 uteretur;
985 2110 1159 2155 etnon
1178 2099 1412 2165 sinebat,
1432 2111 1491 2153 ut
1508 2100 1773 2168 scriptum
1794 2109 1899 2165 est,

307 2207 370 2251 nt
388 2196 663 2267 quispiam
674 2194 1115 2248 trausferretvas
1129 2208 1222 2262 per
1248 2191 1507 2261 templum
1532 2207 1547 2256 ;
1571 2190 1700 2244 illud
1719 2197 1900 2244 autem

306 2291 571 2361 templum
595 2298 713 2343 erat
747 2286 917 2358 legale
942 2286 1244 2353 umbraque
1277 2283 1466 2343 futuri,
1526 2297 1671 2336 nunc
1719 2293 1900 2336 autem

309 2384 493 2455 majus
510 2390 597 2438 est
619 2379 840 2450 templo,
865 2378 1324 2449 quemadmodum
1350 2374 1601 2429 Salvator
1620 2375 1687 2428 de
1699 2382 1902 2429 semet-

308 2479 430 2548 ipso
449 2476 586 2531 dixit
614 2491 633 2543 ;
666 2482 720 2529 et
751 2481 932 2528 tamen
967 2478 1114 2525 tanta
1143 2470 1369 2525 audent.
1406 2468 1554 2523 Nihil
1593 2470 1903 2522 mirumeos

307 2573 404 2644 qui
428 2571 573 2627 circa
599 2568 994 2627 conscientiam
1024 2566 1367 2629 defecerunt,
1395 2565 1485 2636 qui
1524 2563 1903 2620 indiﬁerentcr

302 2676 365 2722 et
396 2664 582 2737 inique
640 2669 1067 2721 conversantur,
1103 2658 1249 2713 circa
1306 2657 1467 2711 ﬁdem
1519 2655 1899 2725 naufragasse,

300 2757 648 2828 proutdocet
682 2754 905 2809 Paulus.
939 2750 1037 2806 Vel
1070 2752 1261 2815 etiam,
1305 2758 1365 2803 ut
1420 2764 1632 2804 rursum
1695 2748 1900 2805 dicam.

307 2848 446 2904 nihil
480 2848 678 2902 mirum
704 2861 801 2901 eos
826 2844 973 2901 circa
998 2843 1158 2898 ﬁdem
1207 2857 1346 2897 nova
1371 2842 1648 2912 cogitasse
1675 2841 1768 2911 qui
1791 2841 1901 2895 cir-

301 2959 368 2998 ea
390 2940 591 3007 agendi
620 2939 884 2992 rationem
916 2936 1328 2991 declinaverunt
1348 2951 1363 3002 ;
1384 2950 1507 2988 nam
1534 2934 1636 2988 sibi
1665 2934 1901 2988 invicem

306 3035 643 3106 respondent
667 3032 801 3087 lides
829 3039 886 3086 ct
916 3029 1023 3084 vita
1056 3045 1073 3097 ;
1101 3028 1305 3083 idcirco
1333 3027 1386 3081 hi
1418 3040 1639 3097 quoque
1680 3026 1770 3095 qui
1834 3041 1900 3080 ex

306 3130 629 3185 ortbodoxis
665 3126 823 3182 ﬁdem
872 3134 1024 3179 recte
1078 3131 1477 3193 cognoscentes
1534 3122 1678 3175 circa
1733 3121 1897 3177 vitam

304 3223 473 3276 soluti
503 3228 655 3287 sunt,
691 3232 866 3289 pennae
912 3222 1044 3271 sunt
1100 3213 1348 3280 obnoxii,
1410 3214 1516 3268 nisi
1576 3214 1897 3285 poenitentia

305 3324 361 3369 et
388 3311 717 3369 abstinentia
751 3327 780 3363 a
806 3309 953 3364 malo
974 3310 1345 3379 corrigantur.
1371 3306 1678 3377 Perpendat
1707 3308 1900 3363 scisci-

306 3417 433 3461 tans
462 3405 721 3471 quoniam
753 3401 844 3472 qui
870 3403 924 3456 in
960 3408 1186 3471 peccata
1230 3398 1481 3453 incidunt
1529 3398 1709 3467 ignavi
1764 3399 1899 3455 liunt

305 3514 360 3554 et
389 3498 572 3569 frigidi
597 3509 760 3567 atque
792 3512 1007 3567 segnes,
1028 3503 1148 3549 tam
1183 3493 1328 3549 circa
1362 3493 1525 3548 verba
1562 3491 1684 3545 ﬁdei
1736 3505 1896 3558 quam

306 3600 454 3653 circa
485 3607 672 3663 opera,
708 3604 887 3659 neque
909 3588 1192 3644 ferventes
1224 3592 1354 3641 sunt
1403 3585 1553 3659 circa
1613 3584 1793 3640 zelum
1843 3591 1899 3639 et

305 3682 775 3748 consuetudines;
808 3681 931 3736 ideo
968 3695 1154 3736 verum
1205 3688 1289 3734 est
1345 3677 1493 3733 istud
1552 3677 1738 3731 fratris
1794 3677 1898 3731 Do-

306 3779 471 3834 nt'ni:
499 3796 518 3829 ι
542 3775 701 3831 Fides
717 3774 836 3829 sine
856 3772 1112 3843 operibus
1136 3779 1347 3825 mortua
1369 3779 1475 3837 est,
1498 3771 1642 3824 sicut
1658 3776 1712 3823 et
1728 3783 1897 3840 opera

306 3875 427 3929 sine
446 3872 572 3928 ﬁde.
595 3869 732 3936 Quid
753 3878 931 3922 autem
957 3865 1133 3920 Latini
1157 3865 1305 3919 circa
1326 3863 1708 3932 pmnitentiam
1734 3863 1899 3918 inno-

304 3973 574 4023 vaveruut
601 3964 782 4019 i‘Cnm
817 3975 1075 4031 maguum
1098 3959 1203 4014 hoc
1256 3958 1463 4012 donum
1527 3952 1581 4011 in
1612 3972 1762 4025 spem
1813 3970 1899 4010 sa-

306 4060 446 4116 lutis
499 4056 660 4113 nobis
690 4053 1026 4125 impertitum
1084 4049 1268 4125 fuerit,
1304 4049 1563 4119 aliudque
1595 4047 1897 4103 secundum

304 4151 584 4224 piaculum
607 4156 733 4219 post
756 4119 1030 4216 baptisma
1050 4143 1106 4198 in
1124 4119 1468 4198 confessione
1490 4147 1546 4196 et
1570 4139 1897 4194 abstinentia

309 4264 340 4301 a
360 4246 503 4301 malo
527 4242 790 4313 lacrymis
813 4239 1021 4294 nostris
1045 4249 1369 4291 concessum
1392 4232 1578 4293 fuerit,
1602 4247 1706 4302 qua
1728 4233 1899 4299 pinni-

308 4338 497 4395 tcntiaa
528 4333 870 4406 propriaeque
897 4326 1268 4384 accusationis
1305 4325 1477 4397 gratia
1512 4323 1692 4379 omnis
1724 4321 1896 4377 ﬁdelis

309 4430 403 4501 qui
451 4437 574 4500 post
628 4424 901 4495 baptisma
961 4418 1209 4490 peccavit
1255 4418 1450 4473 salutis
1510 4416 1895 4471 conﬁdentiam

2004 1918 2140 1969 ἀλλὰ
2177 1918 2273 1970 καὶ
2307 1917 2497 1988 ἡλικία
2524 1917 2676 1991 πάσῃ
2711 1919 2808 1969 καὶ
2850 1917 3076 1987 πόρνοις
3110 1919 3205 1970 καὶ
3235 1917 3595 1988 ἀκαθάρτοις,

2006 2010 2101 2061 καὶ
2136 2008 2394 2062 ἀσεϐέσιν
2443 2010 2652 2072 αὐτοῖς,
2704 2009 2858 2063 οὐδὲν
2905 2008 3256 2079 λογιζόμενοι
3301 2009 3403 2074 τὸ,
3453 2030 3473 2061 ι
3504 2010 3599 2079 Μὴ

2004 2101 2121 2153 δότε
2154 2101 2223 2152 τὰ
2255 2101 2389 2168 ἆγια
2420 2103 2536 2165 τοῖς
2568 2100 2722 2163 κυσὶ,
2764 2118 2782 2151 ι
2823 2100 2938 2163 καὶ,
2968 2120 2987 2153 ι
3028 2101 3088 2154 '0
3130 2097 3281 2164 οίκός
3314 2118 3421 2168 μου
3447 2096 3601 2164 οἶκος

2007 2195 2324 2263 προσευχῆς
2359 2193 2721 2263 κληθήσεται,
2752 2211 2775 2244 ι
2802 2195 2897 2246 καὶ
2923 2193 2992 2246 τὰ
3023 2193 3172 2263 ἑξῆς,
3202 2196 3299 2246 καὶ
3329 2195 3422 2247 τὸν
3454 2195 3598 2266 ὑπὲρ

2004 2286 2197 2339 τούτου
2223 2285 2384 2355 ζῆλον
2417 2286 2514 2339 τοῦ
2552 2286 2759 2352 Ἰησοῦ,
2789 2288 2873 2341 ὅτι
2918 2289 3012 2340 καὶ
3042 2288 3366 2359 φραγγελίῳ
3392 2289 3594 2342 τούτου

2004 2379 2167 2447 χάριν
2200 2380 2477 2447 ἐχρήσατο
2517 2380 2546 2430 ὁ
2574 2380 2756 2448 πραΰς
2780 2394 2795 2409 ο
2859 2378 2956 2432 καὶ
2995 2380 3119 2432 οὐδὲ
3152 2380 3340 2448 ἦφιεν,
3387 2381 3465 2443 ὡς
3503 2382 3599 2448 γέ-

2005 2489 2272 2540 γραπται,
2307 2472 2393 2524 ἴνα
2443 2488 2525 2534 τις
2565 2472 2759 2537 σκεῦος
2808 2471 2896 2525 διὰ
2946 2471 3043 2525 τοῦ
3094 2472 3241 2544 ἱεροῦ
3277 2475 3592 2548 είσενέγκῃ,

2006 2568 2098 2622 καὶ
2131 2566 2307 2619 ταῦτα
2344 2566 2574 2636 νομικοῦ
2608 2566 2702 2620 καὶ
2746 2568 3012 2629 σκιώδους
3060 2568 3216 2632 ὄντος
3243 2569 3459 2626 ἐκείνου
3490 2571 3588 2625 τοῦ

2002 2659 2156 2714 ναοῦ.
2193 2659 2307 2713 Νῦν
2352 2659 2409 2713 δὲ
2446 2660 2633 2729 μεῖζον
2664 2661 2762 2713 τοῦ
2812 2659 2961 2731 ἱεροῦ
2994 2660 3143 2714 ἐστιν
3187 2655 3314 2727 ὧδε,
3345 2665 3372 2716 ὁ
3400 2663 3598 2733 Σωτὴρ

2007 2757 2134 2828 περὶ
2168 2754 2279 2807 τῶν
2331 2753 2498 2808 αὐτοῦ
2552 2770 2709 2825 φησι.
2744 2755 2856 2808 Καὶ
2906 2755 3060 2823 ὅμως
3101 2753 3171 2808 τὰ
3202 2750 3432 2810 τοιαῦτα
3473 2756 3599 2809 τολ-

2007 2848 2171 2917 μῶσι.
2205 2847 2319 2924 Kal.
2348 2847 2410 2899 οὐ
2443 2847 2790 2917 θαυμαστόν.
2820 2849 2884 2901 Oi
2914 2850 3022 2919 γὰρ
3063 2848 3193 2919 περὶ
3221 2848 3323 2919 τὴν
3347 2851 3599 2913 συνείδη-

2004 2958 2094 2994 σιν
2148 2940 2553 3009 ἀστοχήσαντες
2612 2939 2921 3009 ἀδιαφόρως
2975 2941 3181 3003 ζῶντες
3235 2941 3333 2994 καὶ
3376 2942 3595 3009 ἐναγῶς

2006 3034 2102 3085 καὶ
2161 3034 2290 3101 περὶ
2338 3030 2439 3100 τὴν
2493 3034 2677 3083 πίστιν
2725 3030 3100 3100 ἐναυάγησαν,
3135 3032 3212 3095 ὡς
3260 3032 3473 3095 Παῦλος
3521 3034 3599 3087 δι·-

2007 3124 2226 3177 δάσκει.
2261 3122 2351 3175 Διὸ
2384 3121 2480 3176 καὶ
2514 3122 2678 3174 πάλιν
2712 3122 2862 3176 ἔστιν
2894 3124 3094 3188 εἰπεῖν,
3131 3122 3206 3187 ὡς
3241 3123 3293 3176 οί
3333 3123 3467 3192 περὶ
3497 3123 3600 3193 τὴν
3646 3161 3656 3168 -

1962 3204 1973 3227 ³
2005 3217 2194 3270 πίστιν
2222 3215 2723 3284 καινοτομήσαντες
2754 3216 2849 3268 καὶ
2877 3218 3004 3286 περὶ
3026 3215 3122 3269 τὸν
3149 3216 3261 3286 βίον
3292 3216 3596 3281 ἐξέκλιναν.

2016 3308 2286 3381 Ἐχόμενα
2336 3309 2445 3378 γὰρ
2479 3308 2729 3378 ἀλλήλων
2783 3308 2891 3362 εἰσὶ
2934 3311 3118 3372 πίστις
3168 3309 3264 3362 καὶ
3313 3309 3450 3379 βίος.
3501 3310 3623 3363 Διὸ-

2001 3401 2247 3455 καὶτῶν
2299 3399 2598 3472 ὀρθοδόξων
2650 3400 2796 3464 τινὲς
2843 3402 2973 3468 περὶ
3026 3400 3145 3472 τὴν.
3174 3401 3361 3455 πίστιν
3409 3403 3599 3466 καλῶς

2006 3495 2313 3563 ἱστάμενοι,
2349 3493 2483 3564 περὶ
2515 3493 2607 3547 τὸν
2665 3493 2780 3564 βίον
2833 3485 3200 3563 ἠμεληκότες,
3250 3494 3428 3565 ἔνοχοί
3485 3497 3599 3549 εξσι

2002 3589 2069 3656 τῇ
2095 3587 2342 3651 κολάσει,
2373 3588 2422 3639 εί
2458 3586 2532 3657 μὴ
2568 3585 2829 3657 μετανοίᾳ
2859 3585 2953 3638 καὶ
2971 3587 3037 3657 τῇ
3069 3587 3178 3639 τῶν
3200 3585 3387 3642 κακῶν
3409 3588 3596 3658 ἀποχῇ

2001 3678 2363 3749 διορθωθῶσι.
2393 3679 2503 3732 Kal.
2535 3678 2901 3748 κατανοήσειέ
2922 3660 3004 3741 τις
3036 3680 3299 3750 ἐρευνῶν,
3326 3680 3403 3739 ὡς
3428 3682 3599 3750 ἡνίκα

2003 3773 2416 3841 περιπίπτωσιν
2453 3771 2762 3841 ἁμαρτίαις
2802 3770 2971 3834 τινὲς,
3003 3771 3235 3842 ἀμϐλεῒς
3265 3772 3363 3827 καὶ
3393 3771 3618 3842 ψυχροὶ·

2000 3863 2149 3917 οῦτοι
2176 3864 2265 3917 καὶ
2301 3862 2540 3934 ρᾴθυμοι
2577 3863 2675 3916 καὶ
2724 3864 2857 3934 περὶ
2903 3863 3014 3916 τῶν
3063 3863 3167 3931 τῆς
3198 3865 3438 3924 πίστεώς
3488 3865 3599 3918 stat

2000 3957 2176 4024 λόγων
2208 3958 2299 4009 καὶ
2338 3956 2542 4026 ἔργων,
2578 3957 2674 4010 καὶ
2714 3956 2777 4008 οὐ
2814 3956 3011 4025 θερμοὶ
3057 3957 3189 4028 περὶ
3216 3957 3311 4009 τὸν
3343 3958 3507 4029 ζῆλόν
3533 3977 3597 4012 τε

2000 4050 2098 4102 καὶ
2124 4048 2193 4102 τὰ
2221 4048 2344 4120 ἔθη.
2378 4048 2470 4101 Διὸ
2501 4048 2595 4102 καὶ
2625 4048 2831 4117 ἀληθὲς
2859 4049 2924 4101 τὸ
2959 4050 3053 4103 τοῦ
3089 4050 3419 4118 Θεαδέλςξου,
3458 4070 3478 4103 ι
3530 4051 3598 4106 Ἤ

2003 4138 2191 4201 πίστις
2224 4139 2396 4209 χωρὶς
2440 4139 2549 4191 τῶν
2598 4137 2778 4208 ἔργων
2832 4139 3004 4210 νεκρά
3046 4141 3184 4206 ἐστι,
3222 4141 3319 4194 καὶ
3350 4142 3418 4194 τά
3448 4141 3593 4211 ἔργα

2003 4231 2176 4299 χωρὶς
2206 4228 2309 4298 τῆς
2341 4229 2604 4290 πίστεως.
2637 4247 2655 4280 ι
2694 4228 2760 4282 Τί
2793 4228 2849 4281 δὲ
2869 4229 3092 4283 Λατῖνοι
3134 4229 3233 4283 καὶ
3263 4235 3395 4301 περὶ
3431 4248 3604 4300 μεταο

2003 4323 2155 4386 νοίας
2191 4323 2732 4393 κεκαινοτομήκασις
2766 4323 2874 4376 Τοῦ
2906 4324 3150 4392 μεγάλου
3179 4323 3375 4377 τούτου
3411 4325 3592 4394 δώρου

1998 4414 2079 4478 είς
2107 4415 2302 4469 ἐλπίδα
2336 4414 2617 4484 σωτηρίας
2650 4415 2786 4484 ἡμῖν
2832 4414 3238 4486 δεδωρημένου,
3275 4417 3374 4469 καὶ
3412 4415 3597 4468 δευτέ-

307 4520 642 4591 assequitur,
679 4517 756 4571 illi
786 4523 980 4570 contra
1028 4511 1250 4582 regulas
1295 4509 1753 4578 traditionemque
1800 4507 1902 4563 Pa-

2009 4525 2105 4580 ρου
2139 4507 2302 4563 ἄλλον
2347 4508 2488 4578 μετὰ
2531 4507 2591 4560 τὸ
2636 4507 2866 4577 λουτρδν
2901 4508 3207 4579 καθαρσίου
3241 4510 3299 4559 ὲν
3341 4507 3594 4575 ἐξομολο-

308 4626 455 4670 trum
486 4620 711 4683 agentes
737 4612 1046 4677 arguuntur
1077 4621 1092 4671 ;
1125 4601 1385 4674 equidem
1418 4602 1484 4656 ad
1520 4601 1895 4656 conﬁtendum

309 4713 563 4770 currunt,
592 4717 703 4758 non
734 4709 917 4756 autem
951 4698 1183 4753 multum
1225 4705 1422 4753 curant
1443 4696 1512 4752 de
1563 4695 1894 4750 abstinentia

306 4816 342 4855 ι
379 4808 604 4869 peccato
632 4810 648 4855 ς
687 4795 798 4847 imo
823 4789 1072 4862 quaedam
1098 4786 1376 4859 prohibita
1409 4785 1656 4856 patrandi
1698 4799 1725 4837 a
1758 4798 1897 4853 papa

230 4908 241 4911 ‘
300 4894 555 4964 ipsisque
581 4884 852 4957 episcopis
876 4879 1187 4938 facultatem
1205 4880 1498 4948 impetrant
1514 4888 1568 4932 et
1593 4878 1893 4947 accipiunt,

270 4990 271 4993 “
315 4985 615 5054 multisque
640 4981 799 5035 datur
828 4974 1051 5033 licentia
1094 4987 1260 5028 carne
1314 4970 1499 5026 utendi
1561 4967 1894 5023 sanctissimi

300 5078 503 5149 ieiunii
545 5086 811 5143 tempore,
841 5079 896 5126 et
923 5068 1047 5123 aliis
1077 5066 1325 5138 pellicem
1360 5064 1591 5119 habendi
1629 5072 1685 5117 et
1748 5074 1897 5130 quae-

306 5182 532 5239 cunque
598 5164 855 5234 petierint
909 5159 1098 5213 illicita
1148 5156 1419 5221 obtinent,
1470 5167 1648 5223 neque
1710 5151 1901 5221 paucis

312 5263 424 5318 dici
464 5267 644 5332 potest
698 5264 907 5326 quanta
975 5256 1170 5305 contra
1219 5247 1661 5303 Christianorum
1733 5244 1897 5297 vitam

314 5359 649 5421 l’atrumque
678 5358 919 5405 canones
950 5354 1113 5411 agere
1146 5353 1254 5394 non
1277 5338 1631 5393 erubescunt.

2006 4600 2170 4670 γήσει
2198 4601 2292 4651 καὶ
2320 4599 2499 4670 ἀποχῇ
2536 4598 2711 4651 κακοῦ
2764 4597 3164 4669 βραϐευθέντος
3203 4598 3335 4669 ἡμῖν
3367 4601 3465 4653 καὶ
3502 4599 3597 4652 δά-

2006 4706 2230 4759 κρυσιν,
2265 4691 2323 4742 έν
2354 4680 2400 4757 ᾧ
2427 4688 2738 4758 χαρίσματι
2773 4688 2873 4757 τῆς
2909 4688 3204 4756 μετανοίας
3244 4705 3302 4741 τε
3341 4689 3440 4742 καὶ
3473 4688 3599 4754 ἔξα-

2005 4783 2316 4852 γορεύσεως
2375 4781 2485 4845 πᾶς
2532 4782 2725 4843 πιστὸς
2783 4782 2879 4850 τὴν
2934 4779 3263 4847 προσδοκίαν
3321 4781 3591 4846 κέκτηται

2002 4872 2098 4926 τοῦ
2134 4872 2381 4942 σωθῆναι
2426 4870 2764 4941 ἁμαρτήσας
2802 4871 2941 4940 μετὰ
2994 4870 3055 4922 τὸ
3086 4868 3408 4940 βάπτισμα,
3445 4864 3594 4923 οὗτοι

2006 4964 2160 5036 παρὰ
2193 4964 2320 5028 τοῦς
2350 4963 2512 5033 ὅρους
2537 4962 2814 5017 καὶτοῦτο
2854 4965 3028 5015 ποιεῖν
3062 4962 3171 5015 τῶν
3205 4962 3465 5030 Πατέρων
3499 4964 3597 5015 καὶ

2002 5058 2099 5127 τὴν
2128 5055 2435 5126 παράδοσιν
2466 5055 2907 5108 ἀποδείκνυνται.
2967 5054 3077 5106 Kal.
3127 5055 3289 5125 δῆθεν
3324 5055 3427 5123 μὲν
3454 5057 3595 5124 πρλις

2000 5151 2104 5220 τὴν
2142 5148 2539 5219 ἐξομολόγησιν
2573 5148 2885 5218 τρέχουσιν·
2918 5148 3019 5201 οὐκ
3042 5145 3385 5217 ἀποσχέσθαι
3411 5145 3592 5198 δὲ-τοῦ

2005 5242 2180 5297 κακοῦ
2239 5242 2398 5310 λόγος
2455 5240 2624 5304 πολὺς
2685 5239 2820 5309 παρ’
2875 5240 3083 5303 αὐτοῖς.
3131 5240 3295 5294 Ἀλλὰ
3340 5241 3434 5291 καὶ
3482 5238 3594 5289 τῶν

2006 5335 2112 5406 33
2177 5331 2644 5402 ἀπηγορευμένων
2688 5331 2811 5384 τινὰ
2862 5328 3126 5402 πράττειν
3174 5331 3328 5400 παρᾶ
3373 5347 3434 5382 τε
3489 5328 3586 5381 τοῦ

308 5446 540 5513 πάππα,
599 5443 694 5497 καὶ
749 5440 859 5495 τῶν
894 5434 1214 5489 ἐπισκόπων
1271 5432 1476 5495 αὐτῶν,
1536 5428 1889 5502 συγχώρησιν
1929 5429 2205 5495 ὲξαιτοῦσί
2255 5445 2315 5480 τε
2369 5429 2465 5480 καὶ
2512 5426 2870 5496 λαμϐάνουσι,
2918 5429 3014 5480 καὶ
3089 5424 3294 5478 δίδοται
3359 5423 3590 5487 πολλοῖς

311 5545 469 5598 ἄδεια
498 5538 732 5610 κρέατος
785 5531 1033 5604 μετέχειν
1085 5529 1164 5600 τῷ
1248 5527 1429 5598 καιρῷ
1477 5524 1578 5593 τῆς
1622 5524 1937 5594 ἁγιωτᾶτης
2010 5523 2286 5592 νηστείας,
2342 5522 2439 5574 καὶ
2491 5519 2670 5581 ἄλλοις
2727 5518 3011 5588 παλλακὴν
3068 5516 3235 5586 ἔχειν,
3289 5517 3384 5570 καὶ
3440 5513 3590 5579 ἅπερ

311 5639 636 5706 αἰτήσονται
683 5627 825 5684 ἄλλα
858 5624 980 5679 τινὰ
1021 5622 1131 5675 τῶν
1181 5621 1460 5690 ἀθεμίτων
1511 5618 1854 5687 λαμϐάνουσι
1883 5634 1896 5648 ’
1934 5621 2028 5671 καὶ
2059 5616 2247 5679 ἁπλῶς
2282 5616 2382 5667 οὐκ
2405 5615 2555 5667 ἔστιν
2581 5614 2779 5680 εἰπεῖν,
2818 5613 2917 5667 ὅσα
2952 5611 3130 5680 παρὰ·
3167 5611 3267 5681 τὴν
3324 5610 3589 5680 Χριστια-

314 5728 476 5795 νικὴν
504 5722 651 5792 ζωὴν
675 5721 773 5773 καὶ
801 5720 927 5779 τοὺς
956 5714 1067 5767 τῶν
1093 5711 1352 5784 Πατέρων
1380 5710 1615 5772 κανόνας
1649 5712 1896 5777 ἐνεργεῖν
1935 5710 2037 5762 οὐκ
2069 5707 2441 5776 αἰσχύνονται.

376 5792 639 5875 Clericus.
674 5814 874 5884 Quare,
902 5810 1145 5873 domine,
1181 5806 1401 5877 quidam
1453 5792 1531 5860 ex‘
1574 5805 1774 5861 nostris
1836 5804 1903 5858 de

2083 5801 2397 5869 Κληρικός.
2435 5800 2543 5854 Kal
2590 5802 2728 5867 πῶς,
2764 5799 3019 5864 δέσποτα,
3059 5797 3168 5854 τῶν
3194 5798 3478 5870 ἡμετέρων
3511 5816 3597 5853 Tt"
