4066 6456
393 367 524 435 -109

1450 363 1833 425 DIALOGUS
1872 331 2177 425 comm
2229 354 2622 425 unassss.

3580 357 3683 429 HO

417 490 504 552 νὲς
527 486 585 541 οὐ
616 484 784 540 πολὺν
815 484 1076 557 ἡγοῦνται
1106 482 1196 536 τὸν
1235 480 1364 551 περὶ
1387 480 1497 534 τῶν
1521 482 1783 535 τοιούτων
1809 481 1990 549 λόγον,

2110 460 2305 535 talibus
2338 494 2447 534 non
2485 492 2736 548 magnam
2766 477 3037 533 rationem
3073 476 3296 539 habent,
3337 475 3433 533 sed
3480 484 3696 532 tantum

414 581 551 636 ἀλλὰ
572 578 817 651 περὶτοῦ
846 576 1116 647 συμϐόλου
1144 573 1307 647 μόνον
1333 573 1561 644 ζητοῦσι
1589 574 1689 643 τῆς
1716 573 1956 635 πίστεως
1976 613 1991 639 ,

418 673 512 730 καί
544 688 729 742 φασιν,
766 671 842 733 ὡς
883 671 931 723 ει
972 667 1133 721 τοῦτο
1172 666 1334 737 μόνον
1363 665 1542 736 ὀρθῶς
1574 665 1859 719 ἐϐούλοντο
1906 666 2019 730 λέν,

417 783 536 834 γειν
562 765 622 819 τὸ
651 761 950 835 ἱερώτατον
973 759 1264 831 σύμϐολον,
1300 759 1401 813 οὐκ
1450 760 1770 812 ἀπεσείοντο
1798 757 1866 812 ἀν
1893 759 1992 811 αύ-

415 858 541 921 τοῦς
575 857 661 911 διὰ
688 859 757 909 τὰ
795 853 959 909 λοιπά
992 870 1009 920 ς
1046 850 1237 906 Καίτοι
1287 867 1352 920 γε
1413 851 1651 922 μέγιστα
1702 852 1798 904 καὶ
1851 852 1994 904 κατά

415 951 513 1020 τῆς
540 945 824 1020 ύρθοδόξου
875 945 971 999 καὶ
1015 943 1274 1006 εὐσεϐοῦς
1305 944 1451 1012 ζωῆς
1484 943 1553 995 τὰ
1591 940 1993 1012 προειρημένα,

412 1044 510 1098 καὶ
555 1041 795 1095 πλεῖστοι
844 1038 956 1091 τῶν
989 1037 1164 1106 ἁγίων
1197 1036 1414 1106 ἀνδρῶν
1461 1036 1556 1089 καὶ
1601 1035 1745 1103 ὑπὲρ
1780 1034 1995 1103 μικρῶν

412 1153 579 1188 τινων
610 1132 874 1186 τοιούτων
908 1130 1071 1200 ζῆλον
1098 1130 1229 1198 ἄχρι
1251 1131 1348 1181 καὶ
1377 1127 1617 1182 θανάτου
1650 1127 1839 1197 σχεδὶν
1871 1128 2000 1178 ἑπε-

414 1227 660 1293 δείξαντο
690 1225 967 1293 μέγιστον.
1002 1222 1098 1286 Τίς
1124 1215 1222 1275 οὖν
1251 1223 1279 1273 ό
1309 1222 1440 1290 περὶ
1468 1218 1663 1273 τούτου
1692 1219 1885 1286 λόγος;

502 1317 850 1389 Ἀρχιερεύς.
878 1311 1069 1386 Οἶμαι,
1102 1312 1322 1383 ἀδελφέ,
1345 1312 1421 1375 ὡς
1454 1315 1569 1375 τοῖς
1598 1311 1862 1365 τοιούτοις
1888 1311 1996 1361 τῶν

399 1391 707 1482 ἡμετέρων
738 1408 840 1461 οὐκ
867 1405 1194 1476 ἐγνωσμένα
1225 1401 1486 1473 καθαρῶς
1523 1402 1592 1455 τὰ
1641 1401 1795 1472 παρά
1826 1400 1997 1456 Λατί-

429 1520 562 1566 νοις.
598 1504 665 1556 Εἰ
692 1502 748 1554 δὲ
781 1500 878 1553 καὶ
924 1501 1135 1559 τούτων
1175 1497 1351 1552 οἴδασί
1382 1509 1525 1561 τινα,
1578 1496 1703 1548 ἐπεὶ
1732 1496 1827 1571 καὶ
1866 1494 1998 1564 περὶ

417 1596 530 1649 τῶν
562 1594 786 1664 ἀζύμων
817 1593 1051 1647 πλεῖστα
1080 1590 1267 1644 πολλοὶ
1292 1591 1623 1660 γράφουσιν,
1653 1589 1729 1652 ὡς
1754 1588 1815 1642 ού
1839 1586 1997 1657 θέμις

420 1686 607 1756 ἄζυμα
641 1684 997 1756 προσφέρειν,
1035 1680 1173 1735 ἀλλά
1204 1682 1272 1735 τὰ
1316 1680 1489 1733 πλείω
1543 1680 1645 1732 οὐκ
1689 1680 1890 1732 ἴσασιν.
1934 1675 1996 1730 Et

424 1778 484 1832 δὲ
513 1776 610 1831 καί
645 1776 792 1837 τινές
823 1776 930 1828 εἶσι
980 1774 1090 1827 τῶν
1135 1773 1374 1833 εἰδότων,
1428 1770 1793 1839 οτκονομικῶς
1841 1769 1997 1822 τοῦτο

2101 577 2169 632 de
2200 574 2460 646 Symbolo
2479 576 2602 631 fidei
2622 580 2958 633 contendunt
2986 587 3152 648 atque
3178 576 3370 632 dicunt
3400 574 3690 647 quoniam,

2103 671 2148 724 si
2180 670 2325 726 istud
2363 669 2771 725 sanctissimum
2814 670 3123 742 symbolum
3164 667 3513 725 solummodo
3546 674 3699 723 recte

2103 756 2288 812 dicere
2321 758 2543 824 vellent,
2576 772 2672 811 cos
2704 770 2925 827 pmptcr
2966 769 3162 813 caetera
3238 773 3345 812 non
3397 756 3703 826 ejicercnt?

2097 849 2233 903 Nam
2263 851 2448 920 gravia
2481 857 2610 905 sunt
2638 850 2827 905 contra
2861 850 3218 904 orthodoxam
3245 850 3500 919 piamque
3530 849 3699 903 vitam

2099 957 2224 1011 quae
2266 956 2431 1012 supra
2464 941 2765 1012 protulisti,
2800 953 2852 997 et
2883 941 3246 1014 plcriqueviri
3276 943 3449 997 sancti
3481 951 3702 1012 propter

2103 1032 2239 1087 istas
2279 1048 2365 1086 res
2398 1047 2596 1102 parvas
2631 1035 2927 1097 maximum
2955 1044 3114 1103 atque
3137 1032 3374 1103 ﬂagrans
3395 1033 3505 1087 fere
3531 1050 3704 1103 usque

2099 1125 2167 1179 ad
2198 1132 2431 1179 mortem
2460 1126 2702 1179 studium
2728 1127 3120 1181 exhibuernut.
3172 1124 3316 1192 Quid
3348 1139 3480 1196 ergo
3505 1124 3573 1180 de
3600 1125 3706 1179 hoc

2101 1216 2240 1271 dicis
2277 1217 2300 1270 ?

2179 1310 2453 1384 Pontifex.
2489 1315 2724 1379 Censeo,
2761 1314 2948 1379 frater,
2976 1313 3184 1369 nostris
3219 1312 3329 1368 illis
3389 1326 3498 1366 non
3551 1310 3705 1379 peni-

2101 1414 2192 1461 tus
2222 1409 2478 1479 cognosci
2504 1424 2625 1478 qua:
2652 1409 2793 1479 apud
2820 1400 3046 1462 Latinos
3079 1408 3214 1461 fiunt
3247 1424 3263 1475 ;
3288 1406 3541 1475 equidem
3560 1420 3704 1458 non-

2101 1499 2249 1554 nulla
2276 1510 2570 1567 noverunt,
2593 1515 2717 1556 cum
2751 1501 2907 1554 multi
2939 1501 3090 1570 plura
3124 1500 3192 1553 de
3223 1498 3431 1570 azymis
3461 1499 3705 1566 scripse-

2102 1595 2213 1648 rint
2238 1595 2497 1665 quoniam
2532 1610 2721 1667 azyma
2751 1591 2949 1649 offerre
2981 1609 3086 1647 non
3115 1593 3263 1658 iieet,
3291 1592 3384 1647 sed
3434 1592 3698 1663 pleraque

2100 1702 2208 1742 non
2240 1689 2423 1742 sciunt
2458 1703 2474 1754 ;
2506 1688 2652 1759 quod
2690 1689 2735 1741 si
2764 1688 2986 1757 quidam
3020 1694 3376 1755 cognoscant,
3424 1687 3522 1750 ita,
3577 1685 3703 1754 opi-

2099 1794 2221 1846 nor,
2247 1792 2310 1834 ex
2342 1782 2625 1851 proposito
2649 1790 2837 1851 agunt.
2856 1779 2981 1850 quia
3013 1780 3315 1833 voluntt-os
3346 1777 3415 1833 ad
3439 1766 3504 1831 ad
3541 1765 3707 1845 caput

419 1871 692 1938 λέγουσιν,
722 1867 797 1932 ῶς
844 1865 1023 1936 οἶμαι,
1059 1865 1398 1937 ἐπανορθοῦν
1424 1864 1623 1926 αὐτοὺς
1656 1863 1736 1932 τῷ
1769 1880 1991 1931 καιριω-

2110 1874 2438 1944 praecipuum
2473 1873 2633 1928 fidem
2665 1873 2961 1942 corrigere,
2992 1880 3048 1927 et
3079 1872 3161 1927 sic
3191 1871 3456 1943 paulatim
3476 1869 3544 1925 ad
3574 1885 3707 1927 cor-

419 1966 565 2035 τέρῳ
597 1965 662 2034 τῇ
694 1963 878 2016 πίστει
913 1960 1253 2031 βουλόμενοι,
1304 1960 1398 2012 καὶ
1429 1956 1573 2010 οὓτω
1617 1957 1761 2009 κατά
1809 1954 2005 2025 μικρὸν

423 2054 562 2124 πρὸς
588 2053 686 2124 τὴν
714 2051 1005 2124 διόρθωσιν
1040 2050 1136 2105 καλ⁸
1165 2049 1275 2103 τῶν
1308 2048 1517 2102 λοιπῶν
1547 2047 1858 2117 ἐπιφέρειν.

1002 2188 1255 2245 ΚΕΦᾹΛ.
1293 2189 1420 2242 KB’.

424 2311 554 2365 ὀτι
583 2308 678 2364 καὶ
706 2307 825 2362 ἀπὸ
856 2306 977 2360 τῶν
1011 2304 1355 2359 δοκούντων
1378 2300 1612 2373 μικρῶν
1650 2302 1748 2360 δεῖ
1781 2303 2006 2371 προσ-ἐ·

1147 2392 1299 2444 χειν.

493 2494 620 2548 Ὀτι
653 2493 709 2547 δὲ
738 2492 973 2555 καὶτοῖς
1015 2488 1335 2552 ἀποστόλοις
1380 2488 1541 2558 ἔμελε
1574 2490 1669 2540 καὶ
1712 2488 1842 2558 περὶ
1898 2490 2005 2540 τῶν

420 2587 723 2641 δοκούντων
761 2584 975 2656 μικρῶν
1004 2580 1355 2652 διορθοῦσθαι
1387 2582 1517 2641 τοὺς
1541 2580 1811 2644 εὐσεϐεῖς,
1845 2581 2005 2650 δῆλον

422 2681 486 2746 ἐξ
523 2675 596 2733 ὧν
625 2679 873 2749 ἔγραψαν
899 2678 1014 2739 τοῖς
1071 2675 1183 2730 ἀπὸ
1233 2674 1345 2728 τῶν
1402 2673 1575 2726 ἐθνῶν
1623 2675 1709 2727 διὰ
1750 2674 2005 2744 Βαρνάϐα

424 2773 521 2828 καὶ
553 2772 786 2835 Παύλου,
837 2771 918 2825 ὅτι
974 2767 1281 2840 ἀπέχεσθαι
1331 2767 1439 2839 χρὴ
1492 2766 1863 2821 εἰδωλοθύτων
1910 2769 2005 2820 καὶ

428 2863 682 2933 πορνείας
709 2879 768 2915 τε
798 2861 896 2915 καὶ
917 2858 1169 2914 πνικτοῦ.
1193 2856 1377 2928 Ὅπερ
1393 2859 1476 2927 (τὸ
1494 2860 1626 2929 περὶ
1646 2857 1743 2911 τοῦ
1773 2857 2003 2911 πνικτοῦ

427 2954 652 3028 δηλαδὴ)
680 2955 863 3023 ὀλίγον
893 2948 1034 3008 εἶναι
1067 2951 1218 3005 δοκεῖ
1263 2951 1359 3005 καὶ
1389 2950 1502 3003 τῶν
1544 2949 1832 3021 ἡμετέρων
1877 2951 2004 3004 πολι

428 3050 560 3115 λοῖς,
606 3046 862 3112 καθάπαξ
916 3046 974 3099 δὲ
1012 3044 1359 3106 ἀπεναντίας
1413 3045 1527 3106 τοῖς
1577 3043 1904 3106 ἀποστόλοις
1946 3045 2006 3096 τὸ

429 3142 632 3199 πνικτὰ
657 3142 857 3196 ἐσθίειν
883 3139 1151 3202 Λατίνους
1187 3138 1356 3191 πᾶσιν
1390 3135 1555 3207 ἔργον
1586 3136 1736 3188 ἐστὶν
1764 3136 2005 3205 ἀπαραί-

2117 1967 2420 2022 rectionem
2463 1976 2796 2021 czeterorum
2836 1966 3133 2019 adducere.

2680 2190 2911 2246 CAPUT
2963 2192 3129 2246 XXII.

2258 2304 2408 2372 Quod
2435 2310 2592 2363 etiam
2632 2309 2683 2361 in
2722 2308 2899 2378 parvis
2929 2321 3144 2364 cautum
3165 2318 3278 2365 esse
3302 2314 3562 2378 oporteat.

2193 2490 2483 2561 Apostolos
2519 2500 2742 2560 operam
2773 2490 2989 2546 dedisse
3018 2500 3077 2545 ut
3105 2490 3207 2545 viri
3262 2490 3503 2562 religiosi
3536 2491 3704 2547 etiam

2111 2589 2255 2644 circa
2278 2602 2339 2642 ea
2377 2600 2499 2656 qua:
2527 2600 2692 2656 parva
2723 2585 2998 2653 videntur,
3022 2585 3433 2656 corrigerentur
3456 2595 3605 2656 patet
3638 2601 3704 2641 ex

2112 2681 2196 2735 his
2221 2694 2343 2749 quae
2368 2677 2711 2748 scripserunt
2739 2679 2805 2732 ad
2837 2678 3021 2735 fideles
3045 2694 3109 2735 ex
3143 2679 3399 2750 gentibus
3432 2695 3531 2751 per
3562 2663 3703 2734 Bar-

2112 2774 2309 2827 nabam
2335 2781 2388 2827 et
2423 2771 2675 2838 Paulum,
2723 2773 2984 2842 quoniam
3036 2774 3312 2829 abstinere
3366 2783 3585 2844 oportet
3633 2775 3703 2829 ab

2109 2865 2453 2935 idolothytis,
2488 2879 2517 2919 a
2552 2864 2912 2921 fornicatione
2935 2876 2989 2922 et
3020 2864 3303 2933 snffocato,
3335 2869 3477 2939 quod
3513 2868 3706 2939 (δυσ..-

2109 2969 2292 3012 catum
2325 2958 2555 3028 scilicet)
2590 2974 2816 3029 parvum
2850 2960 3064 3015 videtur
3096 2962 3282 3015 multis
3313 2962 3474 3016 etiam
3512 2978 3576 3017 ex
3608 2977 3708 3018 no-

2110 3051 2266 3113 stris.
2286 3048 2495 3106 Latinis
2520 3060 2701 3105 autem
2720 3052 2979 3109 omnibus
2999 3066 3064 3107 ex
3089 3051 3319 3109 adverso
3338 3053 3706 3122 apostolorum

2111 3142 2374 3198 suffocata
2404 3143 2735 3198 manducare
2756 3159 2895 3213 opus
2914 3152 3000 3199 est
3021 3145 3529 3215 irreprehenslbile.
3549 3146 3674 3201 lnsn
3694 3175 3710 3186 -

428 3250 614 3307 τητον.
643 3234 764 3287 Ἔτι
807 3231 863 3285 δὲ
898 3229 995 3285 καὶ
1040 3229 1101 3283 τὸ
1142 3227 1430 3291 παλλακὰς
1462 3227 1609 3297 ἔχειν
1644 3226 1997 3297 ἀνέγκλητον,

2110 3252 2204 3305 per
2237 3235 2458 3306 pellices
2512 3236 2715 3291 habere
2771 3236 2930 3306 culpa
2965 3246 3138 3305 caret,
3163 3247 3218 3292 et
3255 3236 3513 3293 fornicari
3559 3239 3711 3292 nullo

430 3328 529 3381 καὶ
556 3325 837 3396 πορνιύιιν
863 3320 1334 3392 ἀνεπαισχύντως.
1370 3319 1510 3373 Ἀλλ’
1544 3319 1606 3372 οὐ
1635 3321 1751 3381 τοῖς
1773 3319 2005 3372 ἀποστό-

429 3416 544 3481 λοις
570 3418 726 3471 τοῦτο
743 3416 920 3469 ἐδόκει
946 3413 1282 3484 παροπτέον,
1306 3411 1445 3465 ἀλλά
1471 3412 1823 3481 γεγράφασιν
1858 3410 2005 3481 ᾇπερ

431 3509 697 3581 ἔγραψαν.
731 3510 844 3563 Καὶ
872 3505 1318 3575 εἰδωλολατρείας
1355 3504 1471 3557 ἴσον
1502 3504 1565 3556 τὸ
1598 3502 1886 3573 πορνεύειν
1912 3504 2008 3555 καὶ

432 3600 635 3657 πνικτά
677 3599 881 3654 ἐσθίειν
906 3599 1221 3670 είρήκασινυ
1252 3598 1375 3650 ἐπεὶ
1408 3594 1542 3658 Θεὸς
1569 3595 1727 3648 τοῦτο
1756 3596 1852 3648 καὶ
1899 3595 2007 3663 πρὸ

430 3692 527 3748 τοῦ
574 3692 738 3763 νόμου
785 3690 863 3762 τῷ
907 3689 1033 3742 Νῶε
1080 3687 1497 3757 νενομοθέτηκε.
1541 3685 1737 3740 Τοίνυν
1767 3684 1891 3739 οὐδὲ
1937 3686 2007 3738 τὰ

443 3783 585 3856 “nepa
607 3781 744 3838 Θεοῦ
767 3785 883 3846 τοῖς
914 3781 1167 3844 παλαιοῖς
1199 3778 1462 3848 δεδομένα
1491 3777 1658 3831 καλόν
1687 3778 1804 3829 ἐστι
1829 3776 2007 3829 πάντα

448 3876 702 3947 παρορᾷν,
746 3872 885 3928 ἀλλὰ
938 3869 1327 3941 πνευματικῶς
1361 3868 1549 3920 ἐκεῖνα
1587 3865 1887 3937 διενεργεῖν
1912 3863 2009 3918 καὶ

440 3972 593 4037 νοεῖν,
624 3968 723 4022 καὶ
754 3968 832 4030 είς
858 3965 922 4021 τὸ
949 3964 1195 4034 κρεῖττον
1220 3958 1581 4028 ἐπανορθοῦν,
1619 3960 1714 4013 καὶ
1742 3957 1885 4028 ὑπὲρ
1915 3957 2008 4011 τὸν

437 4062 597 4132 νόμον
626 4061 822 4126 ποιεῖν,
867 4057 928 4111 ού
979 4056 1085 4128 μὴν
1129 4055 1187 4109 δὲ
1238 4055 1605 4125 παρανομεῖν.
1668 4068 1687 4101 ι
1723 4050 1854 4105 Ἐἀν
1898 4050 2008 4121 γὰρ

441 4156 515 4228 μὴ
542 4152 879 4227 περισσεύσῃ
900 4153 935 4224 ή
962 4150 1282 4219 δικαιοσύνη
1311 4148 1467 4217 ὑμῶν
1491 4147 1675 4202 πλεῖον
1698 4148 1808 4199 τῶν
1829 4161 2014 4215 γραμ-

439 4250 656 4322 ματέων
700 4248 793 4303 καὶ
822 4244 1155 4317 Φαρισαίων,
1187 4260 1206 4295 ο
1234 4242 1427 4312 φησὶν,
1466 4258 1486 4293 ι
1516 4241 1577 4294 ού
1608 4240 1685 4311 μὴ
1726 4239 2010 4310 εἰσέλθητε

434 4346 517 4410 αις
537 4345 636 4415 τὴν
666 4340 947 4414 βασιλείαν
978 4338 1086 4393 τῶν
1117 4335 1385 4409 οὐρανῶν*
1419 4355 1438 4389 ο
1472 4334 1590 4402 καὶ,
1630 4351 1648 4386 ι
1683 4334 1843 4388 ’ἰῶτα
1869 4332 1928 4387 ἒν
1974 4333 2007 4402 ἢ

2112 3328 2277 3383 modo
2306 3335 2389 3383 est
2414 3328 2617 3383 rubore
2644 3328 2893 3398 dignum.
2922 3329 3201 3399 Apostolis
3232 3341 3415 3385 autem
3446 3330 3571 3387 talia
3597 3349 3705 3385 non

2114 3421 2444 3477 ridebantur
2486 3421 2910 3485 contemnenda,
2972 3424 3066 3477 sed
3109 3423 3411 3479 scribentes
3453 3425 3711 3478 condem-

2112 3526 2404 3579 naverunt,
2436 3525 2491 3570 et
2516 3514 2776 3570 fornicari
2819 3515 3202 3586 suﬂ’oeataque
3234 3515 3571 3572 manducare
3619 3532 3715 3585 ge-

2112 3622 2349 3663 nusesse
2386 3607 2707 3662 idololatriae
2747 3608 3045 3675 dixerunt;
3074 3608 3196 3661 ideo
3244 3590 3361 3662 haec
3414 3606 3557 3663 Deus
3596 3606 3714 3662 Noe

2113 3701 2278 3757 etiam
2318 3708 2445 3755 ante
2472 3701 2642 3769 legem
2676 3699 2978 3769 prohibuit.
3016 3698 3187 3771 Igitur
3217 3699 3401 3754 omnia
3428 3702 3709 3769 aspernari

2112 3803 2381 3865 praecepta
2438 3808 2468 3847 α
2532 3793 2643 3849 Deo
2687 3792 2927 3863 antiquis
2974 3792 3098 3846 data
3118 3801 3328 3846 nonest
3354 3792 3580 3859 bonum,
3616 3796 3709 3848 sed

2111 3890 2329 3953 oportet
2349 3896 2411 3937 ea
2433 3881 2750 3953 spiritaliter
2761 3881 3059 3951 adimplere
3072 3891 3124 3935 et
3140 3882 3475 3952 perpendere
3499 3897 3709 3938 necnon

2114 3975 2170 4030 in
2200 3975 2396 4031 melius
2425 3975 2705 4046 corrigere
2759 3984 2921 4044 atque
2956 3988 3124 4044 supra
3152 3975 3324 4047 legem
3360 3973 3561 4043 facere,
3599 3991 3710 4032 non

2115 4075 2299 4123 autem
2328 4067 2636 4137 despicere.
2675 4067 2889 4143 Dictum
2928 4077 3012 4122 est
3041 4066 3188 4121 enim
3231 4083 3245 4120 :
3287 4085 3307 4118 ι
3332 4065 3444 4123 Nisi
3469 4070 3711 4124 abunda-

2115 4160 2254 4216 verit
2273 4159 2485 4231 justitia
2515 4168 2697 4216 vestra
2726 4160 3014 4229 plusquam
3047 4158 3365 4215 Scribarum
3398 4170 3454 4215 et
3516 4160 3715 4217 Phari-

2116 4269 2372 4322 saeorum,
2416 4268 2524 4309 non
2554 4254 2830 4311 intrabitis
2872 4255 2925 4308 in
2966 4269 3196 4325 regnum
3233 4255 3499 4311 caelorum
3527 4272 3553 4333 ;_
3580 4275 3600 4311 ι
3634 4268 3709 4327 et,

2125 4365 2144 4398 ι
2180 4348 2295 4403 lota
2329 4361 2498 4403 unum
2527 4355 2624 4403 aut
2651 4362 2791 4411 unus
2826 4361 2965 4417 apex
3016 4362 3124 4402 non
3157 4348 3459 4419 praeteribit
3483 4366 3513 4406 a
3544 4344 3707 4422 ‘lege,

441 4441 543 4512 μία
566 4436 763 4507 κεραία
791 4436 854 4489 ού
895 4433 972 4504 μὴ
1017 4430 1264 4503 παρέλθῃ
1309 4429 1540 4499 ἀπὸτοῦ
1572 4427 1761 4498 νόμου,
1809 4426 1914 4490 ἕως
1944 4427 2003 4481 ἂι

2120 4440 2295 4496 donec
2327 4440 2510 4495 omnia
2543 4439 2699 4506 flant,
2728 4459 2748 4493 ι
2789 4456 2898 4495 non
2944 4453 3099 4496 more
3124 4440 3344 4512 quidem
3371 4440 3712 4503 Judazornm.

440 4532 620 4587 πάντα
647 4532 895 4599 γένηταιο
933 4545 952 4578 ι
996 4528 1058 4579 ού
1108 4527 1215 4596 μὴν
1258 4522 1317 4576 δὲ
1347 4520 1679 4586 Ἰουδαϊκῶς,
1726 4519 1844 4576 ἀλλ’
1870 4520 2003 4591 ὑπὲρ

2122 4538 2217 4589 sed
2249 4531 2412 4589 modo
2441 4546 2608 4604 supra
2634 4532 2805 4602 legem
2838 4530 3130 4603 spirituali.
3181 4532 3319 4589 Nam
3343 4538 3708 4606 quemadmo-

440 4629 532 4682 τὸν
554 4628 716 4698 νόμον
737 4622 1148 4695 πνευματικῶς.
1191 4622 1281 4685 Ὦς
1301 4620 1410 4692 γὰρ
1432 4621 1554 4673 ἀντὶ
1577 4620 1679 4688 τῆς
1707 4615 2003 4688 περιτομῆς

2121 4624 2251 4680 dum
2284 4638 2385 4695 pro
2417 4626 2842 4682 circumcisione
2865 4626 3028 4683 datus
3062 4635 3148 4684 est
3194 4604 3375 4684 nobis
3406 4630 3712 4699 baptismus

438 4725 577 4794 ἡμῖν
608 4720 763 4791 ἐδόθη
781 4721 842 4773 τὸ
864 4717 1151 4789 βάπτισμα
1180 4718 1276 4769 καὶ
1295 4715 1330 4785 ἠ
1358 4717 1415 4766 ὲν
1444 4710 1669 4784 Χριστῷ
1702 4708 2003 4780 ἡγιασμένη

2120 4724 2174 4773 et
2202 4718 2310 4772 vita
2340 4717 2394 4773 in
2422 4717 2647 4775 Christo
2677 4704 3041 4786 sanrtlfi‘cata,
3079 4735 3179 4791 pro
3203 4721 3400 4779 hostiis
3424 4721 3716 4776 irrationa-

440 4817 579 4887 ζωὴ,
615 4815 709 4867 καὶ
746 4813 872 4867 ἀντὶ
896 4811 1007 4865 τῶν
1051 4808 1264 4878 ἀλόγων
1295 4805 1554 4877 θυμάτων
1597 4806 1631 4874 ἡ
1681 4801 1876 4871 λογικὴ
1919 4802 2003 4853 καῑ

2120 4809 2321 4864 bilibus
2348 4809 2691 4865 rationabilis
2739 4819 2795 4864 et
2819 4809 3010 4865 vivens
3046 4825 3225 4882 neque
3249 4823 3479 4868 cruenta
3506 4813 3714 4876 hostia,

440 4910 596 4975 ζῶσα
625 4904 786 4962 θυσία
807 4904 1165 4974 ἀναίμακτος,
1198 4902 1235 4972 ἡ
1268 4899 1358 4954 διὰ
1384 4896 1481 4952 τοῦ
1510 4898 1678 4969 ἄρτου
1710 4897 1807 4948 καὶ
1842 4910 2003 4962 ποτη-

2118 4900 2366 4971 corporis
2390 4903 2603 4958 scilicet
2628 4911 2683 4957 et
2716 4902 3005 4972 sanguinis
3027 4902 3234 4959 Christi
3266 4919 3362 4973 per
3419 4919 3615 4973 panem
3661 4919 3717 4961 et

443 5006 564 5074 ρίου
589 4998 685 5053 τοῦ
710 4997 926 5068 ἀληθῶς
962 4996 1214 5066 σώματος
1241 4993 1337 5046 καὶ
1364 4991 1597 5060 αἵματος
1624 4990 1717 5042 τοῦ
1749 4985 2003 5057 Χριστοῦ,

2118 4993 2342 5049 calicem
2381 5008 2397 5061 ;
2432 4993 2763 5050 connublum
2826 4993 3146 5048 honorabile
3200 5002 3256 5050 et
3289 4997 3577 5063 mundum,
3608 5014 3714 5052 non

443 5095 542 5148 καῖ
566 5095 597 5149 ὁ
629 5094 804 5163 γάμος
833 5092 861 5142 ό
887 5088 1068 5158 τίμιός
1100 5103 1163 5140 τε
1193 5087 1290 5139 καὶ
1314 5084 1580 5153 καθαρὸς,
1602 5083 1666 5135 οὐ
1696 5081 2003 5150 πολυγαμίσ

2121 5095 2303 5140 autem
2336 5084 2642 5156 polygamia
2666 5094 2720 5140 et
2781 5084 3092 5150 fornicatio,
3156 5094 3210 5140 et
3266 5086 3555 5157 virginitas
3606 5105 3708 5160 pro

444 5187 505 5239 δὲ
533 5184 568 5255 ἢ
597 5186 843 5255 πορνεία,
892 5184 989 5234 καὶ
1020 5178 1103 5232 ἔτι
1134 5180 1167 5248 ἡ
1203 5175 1474 5247 παρθενία
1524 5175 1648 5228 ἀντὶ
1701 5172 1933 5243 χηρείας
1980 5174 2003 5240 ἡ

2120 5177 2381 5233 viduitate
2444 5177 2735 5233 sublimior
2805 5176 3086 5233 connubio
3135 5179 3454 5249 angelisqne
3510 5179 3717 5234 honore

446 5279 757 5351 ὑψηλοτέρα
806 5277 901 5330 τοὺ
950 5276 1132 5345 γάμου
1163 5273 1258 5327 καὶ
1301 5271 1411 5324 τῶν
1442 5269 1696 5339 ἀγγέλων
1733 5268 2003 5337 ἰσότιμος⁴

2120 5281 2228 5322 non
2258 5268 2436 5337 impar
2470 5282 2485 5334 ;
2530 5269 2602 5322 ita
2625 5270 2756 5325 etin
2803 5270 2947 5326 escis
2974 5272 3335 5341 temperantia
3358 5288 3457 5345 pro
3514 5274 3714 5329 intem-

446 5370 590 5425 οὕτω
638 5371 732 5424 καὶ
771 5369 834 5422 ὲν
865 5369 977 5431 τοῖς
1006 5366 1291 5437 βρώμασιν
1323 5362 1629 5433 ἐγκράτεια
1671 5361 1795 5414 ἀντὶ
1841 5360 2003 5430 ἀκρα‹

2120 5360 2413 5429 perantia,
2471 5359 2853 5431 jejuniumque
2936 5364 3098 5418 datur
3160 5365 3319 5436 I-gali
3381 5365 3711 5432 sublimius;

451 5460 597 5524 σίας,
633 5463 727 5513 καὶ
770 5458 996 5529 νηστεία
1039 5455 1350 5527 ὑψηλοτέρα
1385 5457 1485 5527 τῆς
1513 5453 1749 5524 νομικῆς
1783 5453 2003 5507 δέδοται.

2122 5453 2243 5507 ideo
2264 5451 2428 5506 etiam
2461 5466 2625 5507 carne
2670 5454 3057 5510 abstinendum
3106 5466 3192 5513 est
3255 5460 3309 5513 in
3378 5456 3710 5529 quibusdam

446 5556 538 5607 Διδ
579 5553 674 5607 καὶ
718 5552 950 5623 κρέατος
980 5551 1163 5623 ἀποχὴ
1191 5549 1250 5603 ὲν
1277 5546 1515 5620 ἡμέραις
1547 5561 1609 5599 τε
1653 5547 1749 5599 καὶ
1779 5547 2003 5615 καιροῖς

2124 5542 2321 5599 diebus
2357 5553 2521 5613 atque
2545 5547 2903 5616 temporibus.
2930 5549 3037 5605 Lex
3066 5564 3200 5620 ergo
3242 5552 3467 5606 minime
3532 5551 3710 5622 negli-
3791 5624 3796 5630 ι

449 5646 565 5698 Οὐκ
588 5644 697 5715 ἀρα
723 5647 788 5698 τὸ
812 5643 1053 5714 ἀργῆσαι
1084 5644 1178 5697 τὸν
1202 5642 1368 5713 νόμον
1396 5638 1459 5694 τὸ
1510 5636 1821 5691 καταλῦσαί
1842 5640 2003 5701 ἐστιν,

2123 5636 2296 5705 genda
2329 5643 2414 5689 est
2442 5649 2619 5705 neque
2650 5638 2935 5706 solvenda,
2964 5639 3059 5697 sed
3085 5641 3380 5697 sublimius
3412 5654 3467 5697 et
3506 5644 3709 5698 divini-

446 5735 586 5790 ἁλλά
635 5737 695 5789 τὸ
749 5735 1102 5808 ύψηλοτέριυς
1150 5734 1246 5788 καὶ
1297 5731 1456 5793 θείως
1484 5728 1595 5800 34
1637 5731 1883 5798 ἐνεργεῖν
1925 5728 2003 5779 κα⁴

2126 5740 2214 5785 tus
2244 5737 2408 5799 atque
2469 5732 2791 5801 spiritaliter
2855 5735 3152 5804 implenda,
3207 5737 3465 5806 quoniam
3512 5739 3710 5795 umbra

451 5831 860 5899 πνευματικῶς.
893 5829 1019 5883 Ὀτι
1047 5827 1179 5882 σκιά
1214 5827 1314 5896 μὲν
1356 5826 1545 5879 ἐκεῖνα
1571 5824 1639 5877 τὰ
1666 5822 1890 5892 νομικὰ,
1924 5820 2003 5873 κα¹

2130 5820 2287 5876 erant
2306 5821 2393 5883 illa
2413 5822 2604 5892 legalia
2634 5823 2930 5896 figuraeque
2953 5828 3293 5898 symbolicae,
3321 5837 3506 5885 nostra
3527 5841 3709 5886 autem

451 5918 889 6001 aporpapptxat
923 5916 1325 6003 προτυπῴσεις,
1356 5916 1426 5971 τὰ
1452 5915 1509 5968 δὲ
1541 5900 1789 5986 ἡμέτερα
1830 5911 2003 5996 σαφῶς

2126 5914 2386 5985 mysteria
2412 5913 2531 5985 ipsa
2560 5926 2690 5972 sunt
2720 5920 2924 5974 veritas
2956 5935 2974 5987 ;
3011 5920 3084 5975 ibi
3118 5920 3340 5991 quidem
3364 5920 3597 5993 Moyses,
3623 5922 3711 5978 hic
