4066 6452
366 315 469 381 Jll

1197 313 1586 375 SYMEONIS
1628 311 2386 373 THESSAIDNICENSIS
2423 311 2787 372 ARCIIIEP.

3533 309 3625 374 II?

365 443 497 484 vero
517 424 796 488 Christus.
831 422 922 478 Dei
964 421 1202 480 Verbum
1236 439 1335 495 pro
1368 423 1526 478 nobis
1556 423 1899 478 incarnatum
1929 439 1944 490 ;
1976 473 1981 485 ,

2073 445 2081 496 ι
2117 427 2365 497 ἀλήθεια.
2393 426 2502 478 Kal
2539 425 2781 493 Μωῦσῆς
2845 422 2946 490 μὲν
2995 423 3133 484 ἰκεῐ,
3169 416 3271 474 ὦδε
3315 421 3372 475 δὲ
3403 422 3631 494 Χριστὸς

362 527 695 590 quapropter
724 531 898 572 novus
924 515 1093 570 Israel
1123 530 1314 570 sumus
1344 516 1436 586 qui
1465 530 1591 571 vere
1619 515 1947 569 Trinitatem

362 628 532 667 unum
564 611 742 677 reipsa
785 608 952 664 Deum
993 608 1382 680 cognoscimus
1405 620 1459 663 et
1493 609 1820 678 cOgitamus,
1853 622 1952 662 ve-

361 717 594 772 rumque
635 701 882 755 Messiam
913 697 1100 754 Jesnm
1128 699 1407 755 Christum
1443 697 1538 752 Dci
1594 698 1703 753 vivi
1757 697 1952 754 Filium

363 795 698 862 recepimus,
717 799 771 846 et
800 791 1107 861 spiritualia
1139 791 1323 844 omnia
1352 789 1615 860 legalibus
1645 789 1956 859 praestantia

362 887 672 954 accepimus
707 899 772 939 ac
823 899 1045 939 servare
1103 884 1384 949 debemus,
1420 898 1526 937 non
1567 892 1746 936 autem
1780 881 1958 952 tepide

364 987 416 1032 et
439 986 718 1047 utcunque
752 976 1012 1030 ceciderit
1032 975 1233 1042 vivere,
1259 989 1433 1045 neque
1452 984 1648 1046 praeter
1663 989 1878 1043 aequum
1903 981 1957 1028 et

360 1068 652 1123 barbarice
714 1067 1028 1124 conversari
1060 1083 1078 1135 ;
1107 1065 1418 1122 'nuncenim
1451 1066 1688 1121 tenebrae
1724 1080 1831 1119 non
1861 1081 1957 1119 su-

366 1177 509 1224 mus,
550 1161 642 1216 sed
678 1160 770 1214 lux
800 1161 853 1214 in
889 1160 1142 1215 Domino.

895 1340 1125 1397 CAPUT
1191 1339 1380 1395 XXIII.

369 1461 520 1527 Quod
551 1469 790 1530 oporteat
817 1475 896 1512 res
951 1455 1160 1530 divinas
1212 1455 1964 1530 imaginibus__reprcesentare

579 1525 664 1599 pie
701 1543 750 1583 et
785 1530 946 1599 juxta
978 1528 1236 1581 traditam
1264 1525 1713 1579 consuetudinem.

439 1624 580 1690 Quid
614 1624 758 1677 aliud
786 1623 895 1676 illis
926 1627 1120 1675 contra
1152 1617 1586 1674 ecclesiasticam
1609 1612 1967 1671 consuetudi-

370 1733 497 1774 nem
521 1718 840 1770 innovatum
871 1726 953 1770 est
979 1714 1003 1767 ἲ
1034 1715 1252 1767 Sanctae
1275 1729 1337 1766 ac
1358 1712 1680 1765 veneranda!
1698 1710 1964 1780 imagines

2057 518 2151 572 τοῦ
2177 519 2312 573 Θεοῦ
2357 521 2386 572 ό
2418 519 2593 586 Λόγος
2646 515 3080 588 ἐνανθρωπὴσας
3131 514 3272 586 ὑπὲρ
3320 514 3630 585 ήμῶν.’Διδ

2059 611 2154 666 καὶ
2193 610 2411 683 Ἰσραὴλ
2438 613 2557 674 νέος
2587 612 2774 680 ἡμεῖς,
2810 609 2885 673 ὡς
2912 609 3130 678 άληθῶς
3161 607 3260 676 τὴν
3290 607 3492 678 Τριάδα
3540 607 3629 660 τὸν

2064 704 2222 774 μόνον
2257 704 2424 767 ὅντως
2471 704 2601 758 ὄντα
2645 704 2780 756 Θεὸν
2811 703 3184 774 γνωρίσαντες
3231 702 3329 756 καὶ
3373 702 3629 766 νοοῦντες,

2061 796 2280 851 καὶτὸν
2325 798 2499 867 ἀληθῆ
2543 797 2790 852 Μεσσίαν
2825 799 3064 868 Χριστῖν
3104 795 3339 867 Ἰησοῦν,
3381 795 3471 872 τὸν
3509 795 3633 848 Υίὸν

2060 890 2154 944 τοῦ
2181 890 2385 955 ζῶντος
2409 891 2546 944 Θεοῦ
2577 890 2890 961 δεξάμενοι,
2943 893 3038 944 καὶ
3087 889 3435 959 πνευματικὰ
3466 888 3635 942 πάντα

2063 981 2156 1036 καὶ
2185 982 2327 1052 ὑπὲρ
2354 983 2446 1035 τὸν
2479 983 2644 1051 νόμον
2681 983 2960 1046 λαϐόντες,
3001 983 3096 1035 καὶ
3151 981 3447 1050 φυλάσσειν
3493 979 3636 1048 ὀφεί-

2062 1074 2270 1138 λοντες,
2303 1076 2361 1127 οῦ
2397 1076 2504 1146 μὴν
2530 1077 2586 1128 δὲ
2614 1075 2926 1144 ἀδιαφόρως
2979 1075 3072 1128 καὶ
3105 1075 3180 1139 ὡς
3217 1075 3375 1144 ἔτυχε
3403 1074 3522 1145 ζῇν,
3547 1074 3634 1128 καὶ

2063 1165 2274 1234 ἀλόγως
2302 1165 2398 1218 καὶ
2427 1165 2791 1237 βαρϐαρικῶς
2830 1164 2982 1235 βιοῦν
3017 1183 3076 1218 τε
3113 1166 3206 1219 καὶ
3241 1165 3635 1220 πολιτεύεσθαι.

2064 1253 2140 1308 Οὐ
2178 1255 2283 1324 γὰρ
2309 1258 2498 1318 σκότος
2535 1256 2628 1309 νῦν
2663 1239 2854 1326 ἐσμεν,
2886 1256 3021 1308 ἀλλὰ
3057 1256 3170 1324 φῶς
3201 1258 3260 1309 ὲν
3291 1255 3497 1325 Κυρίῳ.

2657 1348 2909 1404 ΚΕΦΛΛ.
2943 1346 3068 1402 ΚΓ.

2071 1459 2192 1515 ’Ότι
2241 1461 2332 1514 δεῖ
2373 1460 2723 1527 ἁνιστορεῖν
2763 1462 3037 1526 εὐλαϐῶς
3065 1461 3138 1516 τὰ
3173 1465 3303 1518 θεῖα
3342 1464 3440 1518 καὶ
3471 1465 3642 1518 εὐσε-

2177 1530 2315 1598 ϐῶς,
2346 1533 2444 1585 καὶ
2484 1532 2637 1588 κατὰ
2685 1531 2799 1599 τὴν
2827 1531 3159 1602 δεδομένην
3189 1534 3540 1603 συνήθειαν.

2141 1623 2206 1674 Τί
2239 1623 2295 1676 δὲ
2331 1621 2426 1674 καὶ
2454 1620 2590 1674 ἄλλο’
2618 1621 2807 1684 αὐτοῖς
2842 1622 2992 1694 παρὰ
3041 1625 3143 1690 τὴν
3191 1623 3646 1692 ἐκκλησιαστικὴν

2069 1715 2471 1784 ὲκαινοτομήθη
2527 1713 2870 1783 πιράδοσινς
2925 1715 3035 1766 τῶν
3081 1714 3257 1782 ἁγίων
3299 1717 3392 1767 καὶ
3434 1713 3644 1767 σεπτῶν

362 1809 626 1861 tidelibus
659 1808 743 1875 pie
777 1806 1068 1875 propositae
1097 1805 1150 1856 in
1203 1803 1466 1857 honorem
1518 1801 1833 1855 divinorum
1867 1814 1960 1854 ex-

2073 1808 2296 1862 εἱκόνων
2353 1806 2597 1870 εὐσεϐῶς
2666 1806 3121 1877 παραδεδομένων
3177 1809 3256 1870 εἰς
3313 1808 3482 1877 τιμὴν
3539 1806 3644 1856 τῶν

372 1899 694 1967 emplarium
727 1908 781 1952 et
815 1895 1214 1951 observantiam
1250 1909 1346 1960 pro
1377 1893 1589 1948 ratione
1607 1907 1793 1947 eorum
1817 1906 1959 1958 quos

374 1993 615 2047 referant
645 1997 984 2051 sanctorum,
1007 2003 1305 2056 verumque
1332 1985 1691 2054 exprimendo
1727 1985 1960 2038 demon-

373 2092 571 2139 strant.
604 2081 736 2135 Nam
770 2077 1010 2133 Verbum
1046 2087 1263 2146 propter
1290 2090 1388 2130 nos
1423 2075 1768 2128 inearnatum
1811 2068 1961 2123 ellin-

377 2174 858 2242 gunt,omniaqne
884 2170 1066 2225 divina
1113 2170 1233 2238 ejus
1280 2174 1505 2237 propter
1544 2179 1644 2220 nos
1691 2177 1855 2232 opera
1909 2169 1963 2215 et

377 2265 639 2320 miracula
696 2275 859 2333 atque
920 2260 1200 2332 mysteria,
1263 2273 1474 2313 necnon
1553 2253 1960 2311 sanctissimam

375 2367 580 2414 sancta:
608 2357 732 2428 ejus
775 2355 961 2409 Matris
991 2368 1206 2422 semper
1237 2350 1461 2420 virginis
1483 2349 1711 2417 figuram
1733 2345 1962 2414 ejusque

375 2460 698 2505 sant-torum
727 2447 960 2502 formam
993 2455 1048 2499 et
1075 2456 1415 2514 quacunque
1467 2439 1712 2495 referunt
1735 2436 1962 2492 historia

374 2543 687 2615 evangelica
742 2551 1062 2610 caeteraeque
1155 2535 1352 2590 divina:
1442 2529 1965 2604 Scriptmmpvelut

375 2640 497 2694 aliis
525 2633 1054 2698 litteris,coloribus
1107 2630 1339 2700 aliisque
1401 2627 1645 2681 materiis
1690 2621 1964 2694 pingendo

371 2731 621 2786 edocent.
653 2727 732 2782 llli
769 2735 949 2780 autem
981 2724 1192 2783 omnia,
1243 2729 1302 2774 ut
1328 2720 1536 2774 dictum
1559 2725 1664 2780 est,
1696 2715 1965 2768 innovan-

281 2891 285 2895 ι
371 2831 720 2885 tes,sanctas
757 2833 975 2889 quoque
1004 2815 1293 2886 imagines.
1323 2813 1528 2867 omissa
1565 2810 1677 2878 lege
1728 2820 1964 2861 consue-

373 2915 604 2978 tudinis,
638 2926 781 2981 smpe
821 2911 930 2965 alio
963 2909 1124 2962 modo
1152 2906 1451 2962 conﬁciunt
1511 2915 1652 2972 quas
1701 2897 1960 2952 humanis

376 3007 677 3076 capillisct
700 3003 857 3059 stolis
885 3017 986 3072 pro
1046 3001 1210 3071 pictis
1267 2998 1518 3052 crinibus
1581 3004 1746 3063 atque
1807 2992 1966 3045 indu-

376 3100 576 3154 mentis
603 3103 895 3156 exornzint,
923 3093 1200 3162 quodnon
1238 3101 1323 3143 est
1381 3087 1702 3157 capillorum
1758 3091 1813 3136 et
1872 3097 1966 3136 ve-

2069 1901 2232 1955 θείων
2279 1900 2681 1968 πρωτοτύπων,
2739 1899 2834 1952 καὶ
2885 1899 2985 1967 τὴν
3039 1898 3181 1951 κατὰ
3238 1898 3425 1966 σχέσιν
3469 1896 3647 1949 αὐτῶν

2069 1991 2178 2046 τῶν
2209 1990 2383 2059 ἁγίων
2407 1991 2811 2060 είκονισμάτων
2864 1989 3245 2060 προσκύνησιν
3275 1991 3390 2053 τοῖς
3418 1991 3646 2053 πιστοῖς,

2069 2085 2162 2138 καί⁵
2187 2084 2287 2149 τὴν
2333 2083 2596 2153 ἀλήθειαν
2631 2083 3007 2152 ἐμφαινόντων
3056 2083 3366 2145 είκονικῶς.
3410 2083 3512 2136 Τὸν
3543 2084 3646 2152 γὰρ

2072 2172 2426 2245 σαρκωθέντα
2458 2173 2633 2242 Λόγον
2669 2171 2738 2226 δι’
2765 2171 2912 2242 ἡμᾶς
2945 2171 3297 2236 είκονίζουσι,
3351 2173 3443 2224 καὶ
3477 2169 3650 2222 πάντα

2069 2270 2138 2324 τὰ
2168 2269 2310 2337 ὑπὲρ
2345 2265 2502 2336 ἡμῶν
2533 2264 2698 2318 αὑτοῦ
2744 2263 2865 2317 θεία
2893 2263 3035 2332 ἔργα
3077 2263 3170 2316 καὶ
3207 2263 3361 2333 πάθη
3398 2259 3649 2316 καὶθαύ·

2075 2376 2220 2430 ματα
2251 2359 2348 2411 καὶ
2381 2357 2677 2426 μυστήρια,
2710 2353 2805 2406 καὶ
2840 2352 2923 2406 ἔτι
2951 2353 3011 2406 τὸ
3045 2353 3313 2421 πανάγιον
3376 2349 3517 2414 εἶδος
3552 2352 3648 2421 τῆς

2073 2453 2235 2519 ἁγίας
2269 2448 2433 2504 αὐτοῦ
2465 2448 2825 2518 ἁειπαρθένου
2885 2447 3114 2517 μητρὸς,
3166 2449 3260 2501 καὶ
3309 2446 3426 2502 τῶν
3481 2445 3648 2514 ἁγίων

2073 2540 2260 2604 αὐτοῦ,
2288 2540 2382 2594 καὶ
2413 2539 2558 2609 ἅπερ
2587 2540 2620 2609 ἡ
2655 2539 2991 2610 εὐαγγελικὴ
3023 2539 3235 2610 ίστορία
3262 2538 3363 2592 καὶ
3395 2540 3448 2592 αἱ
3474 2535 3652 2590 λοιπαὶ

2073 2635 2216 2688 θεῖαι
2251 2631 2470 2704 Γραφαὶ
2525 2631 2796 2699 λέγουσιν,
2835 2630 2911 2693 ὡς
2962 2633 3290 2702 γράμμασιν
3335 2631 3546 2698 ἄλλοις,
3590 2629 3654 2698 τῇ

2074 2724 2508 2798 χρωματουργία
2533 2725 2630 2778 καὶ
2655 2724 2816 2796 λοιπῇ
2857 2723 2959 2797 ῦλῃ
2987 2726 3276 2787 εἰκονικῶς
3308 2725 3658 2780 ἐκδιδάσκου-

2076 2837 2181 2884 σιν,
2215 2812 2360 2872 οὗτοι
2402 2819 2580 2873 πάντα
2615 2817 3090 2887 καινοτομοῦντες,
3139 2819 3216 2883 ὡς
3260 2822 3514 2890 εἴρηται,
3565 2818 3660 2872 καὶ

2073 2912 2172 2975 τὰς
2205 2910 2356 2982 ίερὰς
2390 2911 2613 2974 εἰκόνας
2645 2912 2796 2982 παρὰ
2823 2911 2885 2963 τὺ
2917 2913 3309 2982 νενομισμένον
3337 2914 3524 2984 ἑτέρῳ
3545 2911 3665 2983 τρό-

2076 3023 2162 3075 πῳ
2194 3005 2456 3067 πολλάκις
2509 3005 2928 3076 ἀνιστοροῦσιν,
2989 3006 3114 3060 ἀντὶ
3163 3006 3470 3062 είκονιδιῶν
3523 3006 3667 3060 ἐνδυ-

2079 3099 2265 3167 μάτων
2288 3114 2345 3150 τε
2379 3098 2475 3150 καὶ
2506 3097 2732 3169 τριχῶν,
2787 3097 3164 3168 ἀνθρωπείαις
3215 3097 3370 3169 θριξὶ
3424 3100 3516 3155 καὶ
3546 3115 3660 3152 στο-

376 3191 546 3246 ﬁlium
595 3190 797 3256 “"330:
819 3184 917 3240 sed
947 3183 1232 3253 CUIUSdam
1268 3179 1509 3234 ¹¹⁰¹¹¹Ῐ¹¹Ῑ⁵
1535 3191 1692 3232 coma
1722 3183 1777 3230 εί
1805 3172 1964 3228 νθδίί·
1999 3172 2042 3232 c
2076 3193 2197 3256 λαῖς
2253 3193 2710 3258 καλλωπίζοντες,
2767 3194 2907 3264 ὅπερ
2942 3195 3045 3247 οὐκ
3098 3194 3261 3246 εἰκὼν
3324 3195 3512 3266 τριχὸς
3561 3197 3656 3248 καὶ

376 3293 651 3348 mentum,
700 3293 880 3348 neque
935 3291 1113 3346 Imago
1166 3275 1250 3328 vel
1313 3274 1484 3343 figura
1545 3268 1961 3338 exemplarium.

381 3376 539 3432 Unde
565 3372 831 3440 imagines
867 3369 1027 3423 modo
1062 3367 1382 3422 irreverenti
1417 3365 1748 3420 concinnant
1775 3372 1830 3418 ct
1867 3377 1968 3418 ex—

385 3473 609 3530 ornant,
628 3463 773 3533 quod
806 3461 985 3531 potius
1009 3469 1092 3514 est
1113 3459 1192 3513 eis
1219 3458 1523 3524 adversari,
1555 3465 1717 3524 prout
1743 3455 1969 3524 subjicit

379 3575 560 3618 canon
589 3557 809 3624 srptimi
847 3553 1168 3608 universalis
1195 3551 1449 3618 concilii;
1503 3551 1640 3604 dixit
1693 3551 1842 3603 enim
1901 3562 1967 3603 ea

381 3669 489 3708 non
523 3666 645 3706 esse
685 3646 1038 3720 exprimenda
1103 3661 1222 3715 qum
1281 3645 1364 3698 vel
1397 3641 1829 3714 simplicissimis
1857 3653 1966 3693 non

380 3753 630 3813 prosunt.
664 3742 896 3809 Insuper
925 3737 1071 3808 quod
1100 3737 1156 3792 fit
1185 3747 1376 3792 contra
1401 3736 1672 3800 ordinem,
1695 3747 1802 3786 non
1825 3741 1971 3787 recte

377 3839 459 3901 fit,
493 3851 591 3890 nec
620 3833 748 3887 illud
783 3827 1313 3902 approbantPatres.
1347 3825 1610 3881 Praeterea
1650 3832 1708 3879 ut
1740 3825 1793 3877 in
1821 3823 1970 3876 thea-

383 3941 467 3981 tro
493 3925 740 3996 qnmdam
767 3923 978 3978 faciunt
1007 3921 1210 3976 divinis
1258 3919 1469 3989 legibus
1494 3917 1798 3980 contraria,
1853 3915 1969 3966 Vel-

380 4020 456 4073 uti
480 4033 604 4074 cum
635 4016 951 4086 exprimunt
983 4011 1305 4081 mysterium
1358 4005 1797 4062 annuntiatiouis
1836 4003 1962 4057 Ἧι·-

380 4109 524 4178 ginis
552 4107 813 4174 Deiparm,
853 4105 932 4157 vel
959 4101 1373 4156 cruciﬁxioncm
1427 4096 1732 4152 Salvatoris
1781 4103 1836 4149 et
1863 4108 1970 4148 cae-

383 4211 521 4260 tera,
555 4199 609 4251 in
641 4196 818 4250 triviis
852 4205 906 4248 et
935 4192 1132 4262 plateis
1169 4191 1420 4244 homines
1476 4197 1669 4242 contra
1721 4187 1969 4240 ordinem

384 4297 616 4360 ponunt,
681 4301 914 4358 quorum
973 4299 1115 4338 turus
1171 4282 1388 4350 quidem
1453 4279 1728 4348 Virginem
1785 4278 1971 4341 refert,

383 4385 616 4438 alterum
654 4391 838 4434 autem
875 4376 1060 4431 Mariae
1089 4376 1268 4428 virum
1293 4372 1593 4443 appellant,
1627 4373 1713 4426 hic
1745 4378 1971 4425 vocatur

383 4475 634 4546 angelus,
670 4473 759 4524 ille
783 4485 911 4524 vero
951 4482 1116 4524 senex
1135 4467 1345 4522 dierum
1370 4467 1461 4521 cui
1517 4479 1688 4520 canos
1742 4463 1970 4534 capillos

387 4569 441 4622 in
478 4565 702 4622 barbam
729 4567 1088 4631 componunt,
1115 4573 1256 4629 quos
1287 4572 1413 4614 cum
1479 4556 1656 4612 Latini
1707 4571 1817 4611 non
1872 4556 1974 4610 ha-

388 4660 552 4714 beant
587 4662 815 4710 venuste
844 4653 1195 4723 contraleges
1224 4659 1431 4706 naturae
1458 4651 1743 4706 tondentes
1767 4649 1974 4704 alienos

387 4753 622 4818 ponunt,
662 4743 789 4798 inde
823 4742 1174 4800 oswndentes
1193 4756 1252 4798 se
1303 4754 1652 4811 nequaquam
1726 4737 1974 4793 sibimet-

289 4847 309 4855 '
390 4838 530 4911 ipsis
555 4837 868 4893 convenire.
894 4834 1029 4891 Nam
1067 4835 1112 4889 si
1174 4831 1344 4889 Deum
1405 4831 1634 4902 capillos
1672 4830 1972 4900 perfectam

391 4931 693 5002 imaginem
749 4930 1115 5000 exprimentes
1173 4926 1466 4981 habentem
1531 4924 1787 4981 viderunt
1849 4937 1975 4993 pro-

392 5024 586 5094 phetae,
620 5022 785 5092 igitur
819 5022 874 5076 in
898 5021 1162 5076 honorem
1219 5027 1428 5074 naturae
1483 5026 1538 5072 et
1587 5017 1700 5072 Deo
1760 5015 1975 5074 favente

395 5115 555 5169 nobis
580 5122 710 5168 sunt
735 5113 939 5182 capilli,
964 5113 1132 5180 igitur
1155 5121 1347 5166 contra
1389 5123 1676 5184 assensum
1733 5108 1828 5164 Dei
1889 5109 1973 5162 fa-

391 5205 542 5259 ciunt
576 5213 630 5259 et
659 5207 712 5260 in
746 5204 985 5259 dedecus
1015 5214 1222 5258 natura:
1285 5204 1378 5273 qui
1427 5203 1556 5258 illos
1619 5201 1871 5262 tondent.
1921 5212 1977 5257 et

388 5299 663 5368 praecipue
683 5297 998 5352 sacerdotes
1033 5305 1091 5352 et
1140 5297 1417 5358 monachi.
1465 5295 1667 5367 quibus
1709 5295 1975 5367 prohibe-

391 5401 480 5446 tur
511 5391 743 5446 necarni
802 5389 1130 5446 ministrent.
1177 5388 1396 5443 Diernm
1453 5389 1618 5442 etiam
1669 5386 1973 5457 Antiqunm

387 5483 604 5546 faciunt
639 5483 923 5538 habentem
947 5498 1045 5553 pro
1085 5481 1291 5552 Spiritu
1318 5489 1508 5538 sancto
1534 5480 1846 5536 columbam
1874 5494 1975 5534 vo-

391 5577 622 5642 lantem,
657 5575 784 5630 hinc
828 5590 1020 5629 rursus
1048 5584 1420 5628 monstrantes
1452 5589 1510 5630 se
1535 5583 1726 5629 contra
1774 5581 1974 5628 semet-

392 5669 542 5739 ipsos
584 5671 806 5725 sentire.
838 5669 1048 5742 Quippe
1073 5671 1118 5726 si
1149 5669 1413 5753 Spiritum
1444 5667 1673 5724 credant
1733 5683 1799 5722 ex
1827 5665 1969 5722 Filio

388 5761 704 5833 procedere,
737 5779 905 5833 quare
945 5761 1142 5819 Filium
1173 5761 1412 5833 Antiquo
1447 5761 1664 5819 dierum
1715 5760 1974 5819 assistere

2074 3284 2396 3352 ἐνδύματος,
2448 3283 2563 3336 ἀλλ’
2614 3284 2906 3353 ἀνθρώπου
2963 3286 3105 3347 τινός
3151 3287 3258 3338 είσι
3291 3285 3418 3357 θρὶξ
3451 3287 3543 3340 καὶ
3575 3285 3657 3338 ἐν·

2071 3374 2244 3444 δυμα,
2266 3376 2361 3427 καὶ
2389 3376 2511 3445 οὐχὶ
2542 3375 2709 3428 είκών
2732 3393 2791 3427 τε
2816 3376 2926 3428 τῶν
2951 3376 3328 3446 πρωτοτύπων
3352 3380 3446 3432 καὶ
3467 3377 3654 3440 τύπος.

2075 3467 2188 3518 Καὶ
2242 3468 2395 3536 παρὰ
2443 3468 2503 3520 τὸ
2556 3467 2784 3530 εὐλαϐὲς
2820 3467 2878 3520 δὲ
2921 3467 3268 3538 ἀνιστοροῦσι
3319 3471 3527 3536 ταύτας
3569 3485 3661 3522 και

2077 3557 2534 3622 καλλωπίζουσιν,
2582 3558 2719 3628 ὅπερ
2758 3559 2902 3613 κατὰ
2936 3557 3049 3611 τῶν
3077 3560 3250 3627 ἁγίων
3279 3562 3508 3614 εἰκόνων
3536 3560 3649 3614 ἐστὶ

2077 3651 2299 3721 μᾶλλον,
2329 3651 2404 3714 ώς
2435 3652 2464 3704 6
2499 3653 2598 3721 τῆς
2642 3651 3034 3720 οἰκουμενικῆς
3065 3650 3234 3722 ἕκτης
3283 3655 3510 3708 συνόδου
3565 3669 3659 3705 κα-

2077 3741 2182 3794 νὼν
2220 3741 2561 3810 ὑποτίθησιν.
2598 3743 2736 3796 Οὐδὲ
2791 3745 2900 3814 γὰρ
2930 3745 3240 3812 ἁνιστορεῖν
3286 3750 3464 3817 φησιν
3499 3746 3660 3808 asta;

2074 3833 2144 3886 τὰ
2169 3834 2296 3896 τοὺς
2328 3833 2744 3903 ἁπλουστέρους
2782 3835 2858 3905 μὴ
2885 3834 3223 3903 ὠφελοῦντα.
3257 3838 3370 3890 Καὶ
3409 3839 3472 3892 τὸ
3515 3824 3661 3908 παρὰ

2073 3925 2174 3996 τὴν
2203 3924 2355 3988 τάξιν
2385 3926 2487 3978 οὐκ
2520 3926 2735 3993 εὐαγές.
2783 3925 2890 3979 Kal
2915 3928 2962 3979 oi
2990 3927 3240 3995 Πατέρες
3268 3927 3432 3983 τοῦτο
3459 3931 3518 3982 οὐ
3550 3946 3654 3981 πα·

2077 4014 2413 4085 ραδέχονται.
2446 4015 2570 4068 Ἔτι
2606 4015 2664 4069 δὲ
2695 4016 2792 4069 xal
2814 4016 2890 4078 ὡς
2927 4017 2985 4070 ἐν
3015 4016 3255 4087 δράματί
3289 4034 3415 4072 τινα
3445 4019 3660 4073 ποιοῦσι

2077 4108 2228 4176 παρὰ
2281 4108 2411 4170 τοῦς
2449 4106 2631 4170 θείους
2686 4106 2947 4177 θεσμούς.
3014 4109 3192 4162 Οίονεὶ
3236 4111 3347 4179 γὰρ
3403 4110 3663 4176 ἐξεικονί-

2077 4196 2264 4262 ζοντες
2294 4199 2363 4252 τὰ
2397 4197 2493 4252 τοῦ
2525 4198 2930 4268 εὑαγγελισμοῦ
2965 4200 3063 4271 τῆς
3097 4196 3380 4271 Παρθένου
3409 4205 3505 4257 καὶ
3529 4203 3660 4256 Θεο-

2079 4291 2338 4359 μήτορος,
2373 4291 2469 4344 καὶ
2499 4293 2566 4346 τὰ
2589 4291 2692 4363 τῆς
2724 4290 3093 4362 σταυρώσεως
3121 4291 3215 4345 τοῦ
3266 4292 3530 4366 Σωτῆρος
3573 4293 3665 4346 καὶ

2077 4384 2261 4449 λοιπὰ,
2296 4385 2388 4436 ἐπὶ
2418 4385 2646 4455 τριόδων
2689 4388 2786 4440 καὶ
2837 4387 3112 4442 πλατειῶν
3144 4389 3474 4458 ἀνθρώπους
3509 4389 3664 4443 καθιο

2080 4475 2250 4529 στῶσι
2279 4477 2428 4548 παρὰ
2478 4477 2578 4548 τὴν
2620 4477 2796 4542 τάξιν.
2847 4479 2959 4533 Kal
2996 4481 3024 4533 6
3069 4479 3169 4549 μὲν
3199 4486 3368 4539 τυποῖ
3395 4485 3495 4554 τὴν
3525 4464 3666 4551 Παρ-

2079 4568 2259 4633 θένον,
2291 4569 2389 4622 καὶ
2416 4568 2508 4622 τὸν
2546 4569 2715 4639 ἄνδρα
2745 4573 2954 4625 ἐκεῖνον
2985 4574 3224 4644 Μαριὰμ
3268 4575 3424 4629 αὐτοὶ
3455 4579 3652 4646 ὀνομά-

2077 4661 2282 4725 ζουσιν·
2314 4661 2342 4714 ὁ
2367 4660 2425 4714 δὲ
2453 4661 2682 4730 ἄγγελος
2709 4662 3060 4732 ὀνομάζεται⁸
3104 4667 3133 4719 6
3162 4665 3221 4720 δὲ
3271 4668 3512 4730 Παλαιὸς
3557 4666 3665 4720 τῶν

2077 4751 2322 4823 ἡμερῶν,
2365 4745 2412 4820 ᾧ
2459 4753 2557 4806 καὶ
2592 4755 2940 4825 περιτιθέασι
2975 4756 3172 4827 τρίχας
3207 4759 3414 4822 λευκάς
3447 4763 3529 4824 είς
3572 4761 3665 4814 τὸν
3719 4757 3724 4762 ”

2080 4843 2342 4912 πώγωνα.
2396 4843 2558 4900 Ἐπεὶ
2607 4847 2717 4918 γὰρ
2772 4847 2874 4902 οὐκ
2919 4848 3103 4919 ἔχουσι
3143 4852 3421 4922 κείροντες
3460 4853 3666 4913 ταύτας

2079 4936 2396 5004 θρυπτικῶς
2445 4938 2539 4991 καὶ
2575 4925 2729 5009 παρὰ
2776 4941 2905 5003 τοὺς
2936 4940 3174 5011 θεσμοὺς
3217 4944 3318 5013 τῆς
3363 4947 3581 5014 φύσεως
3615 4946 3663 4996 oi

2077 5029 2323 5093 Λατῖνοι,
2359 5027 2651 5099 ἀλλοτρίας
2680 5031 2954 5096 τιθέασιν,
2996 5035 3251 5089 ἐντεῦθεν
3293 5036 3392 5089 καὶ
3437 5037 3507 5088 τὰ
3541 5032 3663 5088 καθ’

2079 5120 2290 5174 ἑαυτῶν
2316 5121 2559 5193 ἐνεργεῖν
2609 5122 2976 5194 δεικνύμενοι.
3032 5127 3098 5181 Εί
3146 5127 3258 5197 γὰρ
3297 5129 3493 5198 τρίχας
3525 5129 3668 5179 εἰκο-

2078 5211 2246 5273 νικῶς
2295 5211 2442 5282 ἔχειν
2476 5209 2620 5269 εἶδον
2646 5216 2696 5268 cl
2727 5217 3008 5285 προφῆται
3055 5219 3144 5272 τὸν
3181 5220 3335 5285 Θεὸν,
3386 5221 3470 5284 είς
3497 5214 3666 5287 τιμὴν

2077 5303 2185 5374 ἄρα
2216 5305 2313 5375 τῆς
2365 5305 2580 5375 φύσεως
2611 5311 2707 5361 καὶ
2739 5298 2882 5363 κατὰ
2917 5309 3145 5383 γνώμην
3177 5311 3314 5367 Θεοῦ
3354 5315 3414 5364 ὲν
3445 5313 3579 5382 ἡμῖν
3608 5309 3665 5364 aI

2076 5398 2285 5469 τρίχες.
2327 5399 2532 5453 Λοιπὸν
2559 5401 2712 5470 παρὰ
2757 5400 2987 5472 γνώμην
3029 5403 3166 5457 Θεοῦ
3199 5406 3417 5458 ποιοῦσι
3455 5403 3553 5456 καὶ
3580 5402 3664 5464 είς

2078 5488 2304 5558 ἀτιμίαν
2339 5489 2440 5559 τῆς
2469 5490 2686 5558 φύσεως
2713 5491 2764 5544 oi
2798 5492 3099 5564 κείροντες,
3165 5495 3260 5548 καὶ
3312 5493 3662 5564 μάλισταίίε-

2080 5579 2315 5651 ρωμένοι
2353 5581 2447 5634 καὶ
2487 5583 2734 5652 μοναχοὶ,
2768 5579 2848 5647 οἷς
2873 5584 2970 5639 καὶ
2995 5586 3378 5658 ἀπηγόρευται
3409 5586 3470 5638 τὸ
3497 5585 3661 5654 θερα-

2080 5673 2270 5726 πεύειν
2327 5674 2426 5743 τὴν
2475 5676 2678 5745 σάρκα.
2725 5676 2888 5732 Ἀλλὰ
2944 5680 3040 5734 καὶ
3092 5682 3397 5752 κατέχοντα.
3442 5675 3664 5732 ποιοῦσι

2077 5762 2411 5844 περιστερὰν
2446 5763 2506 5816 τὸ
2531 5763 2735 5833 πτηνὸν
2765 5767 2884 5822 ἀντὶ
2916 5768 3008 5823 τοῦ
3038 5768 3186 5825 θείου
3220 5768 3358 5825 lived
3378 5783 3550 5837 ματος
3578 5765 3670 5817 τὸν
