4066 6450
450 365 555 438 113

1467 382 1851 447 DIALOGUS
1880 374 2182 446 CONTRA
2223 386 2614 452 H/ERESES.

3537 378 3543 382 ’
3615 401 3716 468 tu

445 486 686 546 Παλαιὸν
719 489 824 544 τῶν
857 493 1105 564 ἡμερῶν,
1140 494 1375 551 ἐνταῦθα
1429 502 1592 555 πάλιν
1641 502 1764 556 καθ’
1801 503 1981 556 ἑαυτῶ

2088 557 2090 563 .
2124 519 2231 559 non
2262 505 2472 562 faciunt
2497 518 2555 563 ut
2578 509 2741 566 ambo
2775 511 3088 568 columbam
3121 513 3423 571 emittant?
3470 515 3712 575 Rursum

441 581 655 650 φρονεῖν
681 575 828 636 οὗτοι
867 583 1232 658 δεικνύμενοι.
1280 591 1343 644 Ei
1378 591 1486 661 γὰρ
1518 593 1614 646 καὶ
1645 593 1708 647 ὲκ
1737 592 1832 646 τοῦ
1876 593 2006 648 Υἱοῦ

441 672 500 723 τὸ
531 669 752 742 Πνεῦμα
771 672 1074 743 δοξάζουσι,
1106 678 1222 744 πῶς
1239 682 1362 751 οὐχὶ
1389 681 1486 736 καὶ
1517 683 1644 738 Υῑδν
1667 685 1748 757 τῷ
1776 685 2002 758 Παλαιῷ

437 761 544 816 τῶν
572 763 800 834 ἡμερῶν
822 768 1271 835 συγκαθίζουσιν,
1297 772 1388 827 ῖνα
1409 775 1502 826 καὶ
1528 775 1694 845 ἄμφω
1723 777 1825 847 τὴν
1853 795 2010 848 περι-

441 853 639 924 στερὰν
669 856 1107 926 ἀποστέλλωσινς
1147 861 1289 930 Ἀλλ’
1312 863 1547 932 ὤφειλον
1565 867 1730 920 πάλιν
1753 871 1847 923 καὶ¹
1875 869 2006 924 Υἱὸν

437 944 786 1002 ἀποστέλλειν
816 951 956 1019 πρὸς
1011 952 1072 1006 ὃν
1115 954 1341 1010 καλοῦσι
1374 959 1627 1029 Μαριάμ.
1683 962 1758 1014 Οὐ
1803 963 1910 1032 γὰρ
1944 964 2005 1017 τὸ

434 1035 658 1105 Πνεῦμα
688 1043 1059 1110 σεσάρκωται,
1088 1047 1134 1099 εξ
1168 1048 1262 1102 καὶ
1288 1049 1586 1116 ἐπεσκίαζε
1617 1055 1682 1124 τῇ
1718 1055 2000 1126 Παρθένῳ.

445 1126 604 1182 Ἀλλὰ
635 1132 783 1200 παρὰ
814 1132 971 1204 λόγον
993 1134 1213 1192 ἄπαντα
1241 1138 1436 1207 ταῦτα,
1465 1141 1683 1211 καὶτῆς
1708 1146 2005 1214 ἐκκλησια-

433 1222 622 1289 στικῆς
651 1223 912 1310 ἀλλότρια
939 1231 1315 1301 παραδόσεως,
1348 1234 1441 1288 καὶ
1473 1237 1555 1298 είς
1603 1236 1765 1309 ὕϐριν
1800 1240 2002 1310 μᾶλλον

429 1313 537 1368 τῶν
556 1314 660 1385 35
680 1304 1017 1390 μυστῆρίων,
1038 1323 1132 1376 καὶ
1151 1324 1250 1391 τῆς
1268 1323 1662 1398 Χριστιανικῆς
1679 1304 1999 1398 εὐλαϐείας.

431 1405 496 1459 Τί
523 1406 576 1460 δὲ
607 1409 674 1462 τὰ
705 1410 839 1481 παρ’
870 1412 1052 1477 αὐτοῖς
1087 1418 1405 1487 τυπούμενοι
1435 1422 1598 1490 χάριν
1625 1425 1870 1496 Χριστοῦ
1899 1428 2000 1499 τῆς

433 1500 832 1569 σταυρώσεως;
869 1501 1018 1574 Αἷμα
1050 1507 1206 1571 ζώων
1234 1511 1448 1578 ἀλόγων
1497 1515 1553 1565 ἐν
1604 1515 1794 1586 χολάσι
1845 1517 2001 1583 ζώων

431 1591 763 1660 εἰσάγοντες,
799 1597 921 1648 ἀντὶ
970 1599 1061 1652 τοῦ
1107 1600 1428 1657 δεσποτικοῦ
1466 1607 1611 1674 ῥέειν
1657 1612 2003 1666 κατασκευά-

429 1684 614 1746 ζουσιν
649 1685 907 1755 αἵματος,
941 1691 1047 1743 ἀπὸ
1095 1693 1204 1747 τῶν
1245 1695 1338 1748 τοῦ
1373 1697 1535 1766 δῆθεν
1578 1702 2000 1773 ἐσταυρωμένον

427 1773 712 1844 ἀνθρώπου
752 1779 894 1844 τινὸς
933 1783 1133 1852 χειρῶν
1162 1787 1254 1838 καὶ
1287 1788 1466 1842 ποδῶν
1497 1809 1553 1844 τε
1579 1794 1672 1846 καὶ
1706 1799 1804 1865 τῆς
1831 1800 1999 1853 πλευ-

2117 595 2394 654 debebant
2432 598 2631 656 Filium
2671 603 2890 661 mittere
2954 605 3024 661 ad
3074 621 3202 662 eum
3263 624 3426 680 quem
3483 608 3724 665 Mariam

2117 692 2396 760 appellant
2431 709 2447 761 ;
2486 693 2720 764 Spiritus
2743 697 2889 750 enim
2916 714 3025 752 non
3062 702 3378 757 incarnatus
3427 713 3532 768 est.
3583 718 3721 759 cunr

2115 779 2326 853 Virgini
2354 784 2788 844 adumbraverit.
2817 791 2885 844 At.
2915 790 3030 846 haec
3050 793 3232 848 omnia
3293 796 3492 851 rationi
3546 812 3721 874 repu-i

2113 882 2306 942 gnant,
2338 877 2406 931 ab
2451 877 2824 936 ecclesiastica
2893 882 3189 938 traditione
3217 895 3339 940 sunt
3398 887 3601 952 aliena,
3653 898 3711 941 ct

2113 964 2299 1033 potius
2330 965 2386 1019 in
2411 965 2670 1037 injuriam
2724 973 3108 1042 mysteriorum
3169 976 3496 1046 pietatisque
3547 978 3707 1033 Chri-

2113 1057 2304 1112 stiana:
2335 1068 2640 1129 patrantur.
2661 1062 2920 1129 Quasnam
2954 1077 3136 1122 autem
3156 1070 3474 1138 exprimunt
3502 1072 3704 1129 Christi
3783 1130 3786 1132 γ

2109 1149 2488 1207 οταοιίιτίοηίδ
2531 1155 2753 1224 gratia?
2820 1155 3288 1216 lrrationabilium
3380 1164 3704 1218 animalimn

2110 1255 2365 1298 cruorem
2392 1245 2444 1299 in
2481 1247 2784 1304 visceribus
2807 1251 3067 1308 animalis
3090 1254 3340 1309 infusum
3372 1256 3494 1310 loco
3528 1258 3703 1310 dumi-

2111 1335 2222 1388 nici
2251 1339 2539 1408 sanguinis
2570 1356 2796 1397 manare
2825 1343 3031 1398 faciunt
3055 1361 3119 1400 ex
3152 1348 3407 1404 manibus
3435 1351 3701 1416 pedibus-

2113 1442 2221 1496 que
2283 1439 2339 1484 et
2387 1431 2560 1488 latere
2601 1435 2888 1503 cujusdam
2950 1437 3191 1496 hominis
3238 1441 3512 1496 crucifixi.
3568 1441 3702 1510 Quis

2108 1533 2240 1588 ergo
2263 1531 2346 1576 cst
2373 1523 2462 1578 ille
2489 1527 2788 1584 cruciﬁxus
2809 1529 2832 1584 ἲ
2852 1528 2987 1596 Quis
3027 1547 3153 1586 vero
3183 1534 3404 1604 sanguis
3427 1534 3453 1588 ἲ
3486 1533 3699 1589 Veritas

2113 1625 2183 1664 an
2206 1611 2431 1684 imago?
2453 1615 2509 1670 Si
2537 1617 2714 1689 imago
2732 1621 2976 1690 quidem,
3000 1638 3168 1694 quare
3185 1625 3348 1680 homo
3368 1637 3420 1680 et
3443 1629 3700 1694 sanguis?

2122 1702 2301 1761 Homo
2331 1709 2473 1764 enim
2503 1713 2684 1783 imago
2712 1729 2820 1769 non
2861 1727 2942 1770 est
2968 1735 2982 1785 ;
3007 1718 3052 1772 si
3086 1728 3264 1773 autem
3293 1722 3495 1775 veritas
3535 1721 3702 1776 homo

2106 1805 2162 1852 et
2195 1801 2441 1870 sanguis,
2478 1803 2643 1873 igitur
2671 1807 2851 1877 imago
2887 1824 2994 1863 non
3027 1818 3132 1866 est.
3166 1811 3411 1883 Denique
3436 1814 3700 1882 quisliam-

430 1868 554 1932 ρᾶς.
586 1867 682 1932 Τίς
735 1871 845 1939 ἄρα
890 1875 1097 1937 ἐκεῖνός
1130 1879 1279 1931 ἐστιν
1321 1883 1346 1932 ὁ
1379 1885 1819 1956 σταυρούμενο;;
1857 1894 1908 1946 τί
1941 1894 1983 1948 δὲ

2103 1887 2193 1943 ille
2219 1891 2242 1944 ?
2264 1905 2317 1946 et
2347 1894 2474 1961 quid
2514 1895 2605 1951 ille
2633 1902 2860 1968 sanguis
2887 1901 2909 1955 ?
2972 1904 3261 1974 cujusnam
3296 1905 3458 1974 pretii
3491 1906 3695 1961 baben-

426 1957 488 2010 τὸ
514 1957 693 2028 αἷμα;
729 1963 984 2034 ἀλήθεια,
1015 1967 1047 2038 ἢ
1077 1968 1276 2037 εἰκὼν;
1311 1975 1422 2030 Καὶ
1446 1978 1493 2028 εί
1534 1979 1634 2044 μὲν
1665 1981 1851 2045 εἰκὼν,
1884 1984 1998 2048 πῶς

425 2050 712 2121 ἄνθρωπος
755 2057 847 2109 καὶ
881 2053 1021 2128 αἷμα
1049 2078 1061 2125 ;
1094 2062 1154 2115 οὐ
1187 2064 1351 2137 γὰρὴ
1388 2069 1554 2123 εἰκὼν
1589 2073 1898 2144 ἄνθρωπος.
1938 2081 1999 2132 Ei

427 2143 475 2197 δ’
503 2145 733 2218 ἀληθείᾳ
762 2148 1048 2220 ἄνθρωπος
1083 2156 1180 2209 καὶ
1218 2153 1378 2227 αἷμα.
1405 2162 1505 2216 οὐκ
1540 2165 1648 2235 ἄρα
1677 2143 1863 2224 είκών.
1893 2173 2000 2226 Καὶ

426 2236 616 2291 λοιπὸν
646 2241 729 2303 τίς
752 2241 995 2311 ἐκεῖνος;
1035 2248 1126 2299 καὶ
1151 2249 1202 2301 τί
1233 2251 1293 2303 τὸ
1322 2249 1457 2322 αἷμα
1487 2257 1663 2310 ἐκεῖνο
1689 2278 1702 2322 ;
1738 2263 1829 2314 καὶ
1854 2264 2000 2330 τίνος

426 2331 535 2399 ἄρα
561 2330 838 2393 λογιστέον
874 2336 1028 2405 αὐτὸ,
1059 2340 1154 2393 τοῦ
1187 2342 1462 2413 Σωτῆρος,
1497 2349 1528 2419 ἢ
1565 2353 1782 2416 κοινόνς
1825 2355 2000 2411 Βαϐαὶ

423 2422 523 2490 τῆς
551 2424 823 2490 ἀτοπίαςῐ
867 2429 1006 2483 κατὰ
1051 2431 1160 2485 τῶν
1208 2435 1372 2505 ἱερῶν
1411 2440 1637 2494 εἰκόνων
1691 2447 1863 2502 ταῦτα
1903 2451 1998 2504 καὶ

421 2514 531 2566 τῶν
565 2516 914 2586 Εὐαγγελίων
945 2522 1075 2591 εἰσὶ,
1112 2526 1208 2580 καὶ
1253 2527 1360 2580 τῶν
1390 2548 1524 2601 φρικ
1539 2534 1635 2588 τῶν
1667 2539 1871 2607 μᾶλλον
1900 2545 1995 2598 τοῦ

418 2606 662 2674 Χριστοῦ
689 2614 1031 2683 μυστηρίων.
1053 2614 1218 2672 Ἀλλὰ
1247 2621 1414 2676 πόθεν
1441 2627 1613 2680 ταῦτα
1647 2634 1992 2704 παρέλαϐονς

416 2699 501 2761 τίς
528 2700 639 2753 τῶν
664 2703 839 2772 ἁγίων
860 2706 1087 2762 τοιαῦτα
1119 2711 1439 2781 παρέδωκεν
1464 2734 1478 2782 ;
1525 2718 1768 2792 Ἀληθῶς
1816 2728 1994 2784 πάντα

417 2797 948 2866 κεκαινοτομὴκασιν
983 2801 1152 2858 οὗτοι.
1189 2806 1298 2858 Καὶ
1336 2810 1568 2866 τοιαῦτα
1609 2818 1855 2872 ποιοῦσιν
1900 2821 1993 2877 ἐπὶ

413 2885 636 2953 τριόδων
667 2891 757 2942 καὶ
777 2893 1078 2962 πλατειῶν,
1104 2899 1426 2968 ἀνθρώπους
1451 2909 1820 2978 καθιστῶντες
1838 2915 1993 2986 παρὰ

411 2979 512 3046 τὴν
542 2979 715 3045 τάξιν,
747 2985 842 3037 καὶ
868 2988 1000 3057 περὶ
1022 2988 1135 3042 τῶν
1163 2991 1307 3062 ὑπὲρ
1343 2995 1501 3066 λόγον
1532 3001 1628 3054 καὶ
1657 2979 1990 3074 θαυμαστων

411 3069 470 3136 ἐξ
503 3063 576 3124 ὧν
609 3073 683 3143 μὴ
709 3073 888 3144 θέμις,
917 3079 1368 3155 δραματουργίας
1401 3091 1863 3168 ἐπιδεικνύμενοι,
1893 3104 1988 3156 καὶ

408 3162 507 3232 τὴν
558 3170 886 3238 περιστερὰν
934 3173 995 3226 τὸ
1040 3175 1229 3244 ὄρνεον
1280 3181 1502 3253 Πνεῦμα
1579 3162 1732 3257 ἅγιον
1785 3162 1986 3264 ὀνομά-

407 3255 609 3320 ζοντες.
642 3260 749 3313 Καὶ
804 3265 1134 3334 φθέγγονται
1182 3273 1232 3324 οἱ
1265 3274 1500 3331 τοιοῦτοι
1544 3255 1639 3334 καλ
1684 3255 1981 3357 ἀντιφθέγ-

411 3361 599 3410 γονται
637 3350 702 3403 τὰ
731 3356 858 3423 περὶ
884 3355 994 3410 τῶν
1025 3359 1252 3429 ἑορτῶν.
1283 3364 1392 3418 Καὶ
1419 3368 1450 3436 ἡ
1479 3367 1717 3425 δοκοῦσα
1746 3350 1982 3449 Μαριάμ

405 3439 505 3508 τὴν
537 3440 729 3507 ἄλογον
757 3451 1089 3520 περιστερὰν
1138 3453 1263 3508 ἀντὶ
1305 3457 1401 3511 τοῦ
1437 3461 1754 3534 Πνεύματος
1785 3439 1980 3524 ὐποδέ-

405 3549 578 3601 χεται.
631 3537 799 3591 Πάλιν
836 3540 890 3594 δέ
939 3559 1022 3611 γε,
1063 3545 1140 3608 ὡς
1187 3548 1425 3620 ἔφημεν,
1483 3558 1813 3629 σταυροῦταί
1869 3581 1978 3631 τις,

407 3624 640 3694 Χριστὸς
673 3632 806 3700 παρ’
835 3634 1022 3699 αὐτοῖς
1058 3638 1431 3712 καλούμενος,
1467 3648 1560 3701 καὶ
1605 3651 1631 3718 ἡ
1668 3654 1978 3725 σταύρωσις

406 3721 500 3772 οὐκ
533 3721 758 3794 ἀληθὴς,
789 3728 881 3781 καὶ
908 3729 969 3782 τὸ
999 3730 1125 3802 ῥέον
1152 3729 1293 3806 αἷμα
1330 3730 1490 3804 ’ςὼου
1526 3744 1672 3808 τινὸς
1709 3750 1789 3811 εἰς
1813 3721 1976 3821 ῦδριν

417 3812 498 3865 τοῦ
520 3814 839 3888 θεορρύτου⁶
876 3822 1056 3878 καίτοι
1081 3843 1146 3893 γε
1186 3828 1286 3900 οὐχ
1330 3829 1478 3886 οὕτω
1516 3834 1617 3905 τὴν
1665 3839 1975 3911 ἀνάμνησιν

413 3902 506 3955 τῶν
545 3910 865 3978 μυστηρίων
920 3918 1097 3970 ποιεῖν
1140 3917 1240 3973 τοῦ
1289 3922 1498 3994 Κυρίου
1541 3931 1970 3998 προστάξαντος,

402 3995 512 4048 ἀλλ’
543 3998 617 4062 ὡς
660 4002 822 4067 αὐτὸς
873 4008 1279 4080 παραδέδωκεν,
1319 4014 1380 4070 ἐν
1413 4011 1497 4081 οἷς
1545 4021 1765 4090 ἐνεργεῖ
1810 4026 1972 4080 πάλιν

395 4088 582 4156 αὺτῗς,
630 4095 726 4148 καὶ
759 4097 1038 4171 ίερουργεῖ
1069 4103 1266 4160 ἑαυτόν
1287 4123 1301 4138 ο
1353 4111 1445 4164 καὶ
1489 4113 1622 4167 αὐτὸ
1643 4088 1880 4174 -έκείνου
1909 4122 1972 4174 τὸ

399 4185 563 4253 σῶμα
599 4191 693 4242 καὶ
745 4186 886 4262 αἷμα
936 4196 1000 4250 τὸ
1047 4199 1529 4273 ἱερουργούμενον.
1573 4202 1704 4281 Ἆρ’
1731 4211 1824 4268 οὖν
1869 4216 1970 4270 οὐκ

394 4278 673 4351 ἐπισφαλῆ
704 4285 769 4335 τὰ
799 4288 929 4356 παρ’
961 4289 1186 4345 ἐκείνων
1215 4293 1358 4350 οὕτω
1390 4278 1691 4369 γινόμενα,
1724 4308 1817 4359 καὶ
1847 4307 1968 4362 λίαν

391 4369 702 4441 ὲπισφαλῆς
731 4374 790 4428 Et
820 4376 1015 4442 θέλεις,
1050 4380 1328 4454 ἄνθρωπε,
1349 4389 1526 4446 ταῦτα
1551 4399 1844 4468 παριστᾷν,
1875 4402 1967 4455 καὶ

391 4463 505 4522 τοῖς
559 4464 868 4534 ἀνθρώποις
916 4470 1210 4537 διδάσκειν,
1259 4479 1536 4552 ἱερούργει
1573 4463 1650 4550 ὼε
1725 4463 1964 4561 πὰραδέε

2106 1986 2212 2042 dus
2241 1997 2324 2043 est
2353 1989 2376 2042 ?
2412 2005 2480 2044 an
2508 1990 2810 2050 Salvatoris
2843 1996 2924 2050 vel
2949 1998 3260 2054 communis
3285 2000 3309 2053 ?
3337 1999 3480 2053 Proh
3516 2002 3694 2056 .insa-

2105 2081 2253 2135 niam
2287 2084 2299 2136 Ξ
2330 2085 2504 2140 sacris
2539 2086 2864 2157 imaginibus
2888 2100 2940 2144 et
2965 2090 3277 2162 Evangeliis
3306 2094 3692 2159 adversantur,
3738 2118 3747 2125 -

2109 2174 2223 2230 imo
2255 2178 2566 2233 metuendis
2590 2179 2798 2236 Christi
2855 2185 3155 2253 mysteriis.
3205 2184 3313 2240 Sed
3374 2187 3519 2244 unde
3574 2189 3684 2243 ista

2104 2270 2481 2334 acceperunt?
2506 2273 2758 2342 quisnam
2792 2291 2822 2330 c
2848 2278 3054 2333 sanctis
3084 2279 3209 2334 talia
3241 2281 3511 2336 tradidit?
3559 2284 3694 2340 Vere

2102 2362 2286 2416 omnia
2323 2377 2665 2422 novaverunt
2696 2369 2794 2434 illi,
2827 2380 2882 2427 et
2901 2373 3028 2429 talia
3094 2373 3306 2429 faciunt
3341 2376 3394 2429 in
3433 2379 3612 2432 triviis
3638 2389 3694 2434 rt

2102 2455 2294 2523 plateis
2334 2457 2589 2515 homines
2608 2471 2797 2519 contra
2827 2467 3073 2522 ordinem
3106 2469 3462 2526 collocautes.
3487 2471 3689 2528 lterum

2099 2545 2243 2601 circa
2278 2564 2338 2602 ca
2375 2566 2497 2620 qua:
2525 2554 2790 2609 rationem
2815 2569 3079 2625 superant
3115 2561 3412 2628 mirabilia,
3472 2565 3538 2618 de
3566 2566 3690 2634 qui-

2099 2635 2199 2693 bus
2231 2637 2312 2695 fas
2339 2656 2447 2695 non
2477 2652 2584 2704 est,
2615 2645 2832 2701 fabulas
2861 2649 3146 2715 exhibent,
3187 2668 3341 2708 avem
3370 2657 3682 2714 columbam

2096 2742 2348 2788 sanctum
2375 2734 2641 2803 Spiritum
2701 2741 3060 2809 appellantes.
3121 2743 3321 2802 Dicunt
3379 2748 3456 2804 illi
3500 2760 3554 2806 ct
3607 2770 3693 2808 rc-

2100 2825 2378 2892 spondent
2405 2843 2465 2881 ea
2491 2845 2614 2899 qua:
2638 2829 2690 2884 in
2719 2831 2872 2890 festis
2895 2847 3152 2908 aguntur,
3213 2849 3269 2895 et
3305 2841 3394 2897 illa
3429 2860 3551 2914 quze
3578 2845 3691 2903 Ma-

2097 2917 2234 2973 riam
2269 2920 2900 2984 rcfertirrationahilem
2954 2933 3269 2989 columbam
3332 2953 3431 3008 pro
3483 2942 3689 3010 Spiritu

2094 3012 2346 3083 suscipit.
2387 3013 2648 3085 liursum,
2683 3029 2742 3074 ut
2773 3020 3041 3090 diximus,
3068 3027 3291 3096 quidam
3351 3033 3689 3104 crucifigitur

2045 3085 2051 3092 ’
2091 3101 2344 3161 Christus
2376 3108 2444 3163 ab
2480 3108 2560 3162 eis
2583 3111 2912 3181 appellatus,
2960 3126 3013 3170 et
3055 3120 3338 3176 crucilixio
3401 3139 3527 3178 vera
3578 3143 3686 3181 non

2093 3207 2507 3271 est.mauatque
2530 3217 2697 3259 cruor
2720 3206 3007 3276 cujusdam
3046 3212 3305 3268 animalis
3334 3215 3386 3269 in
3423 3217 3680 3282 iniuriam

2088 3287 2260 3345 divini
2289 3294 2596 3362 sanguinis.
2625 3297 2877 3354 Attamen
2904 3317 3012 3358 nou
3052 3303 3126 3358 ita
3165 3307 3442 3363 mandavit
3494 3311 3681 3365 Domi-

2085 3397 2192 3438 nus
2238 3387 2624 3457 mysteriorum
2675 3406 3257 3455 commemorationem
3313 3402 3513 3464 facere.
3587 3407 3685 3460 sed

2084 3474 2232 3529 sicut
2263 3477 2379 3547 ipse
2409 3481 2658 3547 tradidit,
2695 3485 2748 3538 in
2781 3487 2986 3555 quibus
3019 3493 3133 3558 ipse
3167 3507 3362 3549 rursus
3421 3509 3682 3565 cperatur

2081 3574 2137 3622 et
2161 3570 2515 3641 semetipsum
2545 3575 2726 3642 offert,
2753 3578 3044 3653 ipsumque
3072 3586 3194 3656 ejus
3245 3595 3445 3657 corpus
3473 3599 3526 3644 et
3558 3592 3677 3660 ipse

2080 3663 2304 3733 sanguis
2335 3665 2583 3723 oﬂ‘ertur.
2609 3669 2736 3742 Ideo
2765 3689 2871 3728 non
2906 3684 3116 3732 tantum
3174 3681 3478 3749 periculosa
3525 3668 3672 3740 sunt

2079 3769 2199 3823 quae
2226 3757 2297 3812 ita
2325 3763 2467 3829 apud
2502 3776 2598 3818 eos
2622 3763 2780 3828 fiunt,
2814 3767 2909 3822 sed
2931 3769 3096 3824 etiam
3132 3771 3296 3828 nimis
3333 3777 3664 3843 periculosa.

2078 3845 2134 3901 Si
2175 3849 2442 3916 volueris,
2478 3853 2662 3918 homo,
2692 3857 2819 3912 talia
2850 3861 3155 3929 producere
3181 3876 3235 3920 et
3297 3867 3550 3925 homines
3571 3875 3668 3924 du-

2077 3955 2224 4006 cere,
2252 3957 2484 4013 Operare
2526 3950 2992 4017 quemadmodum
3040 3956 3158 4026 ipse
3222 3962 3467 4026 tradidit,
3529 3965 3665 4019 dore

2077 4034 2276 4100 verbis,
2307 4035 2503 4093 litteris
2553 4040 2752 4106 scribe,
2811 4045 3057 4102 colorum
3101 4051 3266 4104 etiam
3332 4071 3434 4125 ope
3454 4058 3665 4129 ellingc,

2079 4134 2137 4179 ut
2170 4128 2428 4182 traditum
2463 4129 2582 4198 fuit,
2626 4136 2774 4204 quod
2806 4147 2889 4192 est
2919 4154 3042 4195 vera
3076 4143 3299 4213 eﬂigies,
3327 4151 3477 4205 velut
3533 4128 3667 4210 scri-

2073 4228 2230 4288 plura
2268 4223 2319 4274 in
2349 4223 2526 4292 libris,
2563 4226 2752 4298 eiSque
2783 4229 2925 4288 inest
2957 4233 3143 4293 divina
3180 4243 3351 4310 gratia
3382 4260 3507 4301 cum
3541 4266 3668 4304 san-

2072 4323 2160 4367 cta
2186 4316 2294 4370 sint
2327 4333 2450 4385 quae
2477 4320 2885 4391 exprimuntur.
2915 4327 2998 4382 Illi
3028 4342 3212 4387 autent
3261 4339 3432 4394 Semel
3489 4347 3664 4410 vagati

2073 4404 2164 4458 ubi
2192 4421 2301 4461 non
2323 4420 2539 4476 oportet
2575 4423 2826 4470 currunt.
2854 4417 3007 4485 Quod
3067 4423 3113 4477 si
3150 4439 3254 4481 nos
3312 4444 3545 4498 arguant
3601 4438 3668 4489 de

2070 4495 2301 4552 fornace
2345 4515 2663 4571 puerorum,
2700 4505 2815 4577 jam
2843 4525 3074 4580 prorsus
3127 4517 3261 4573 nihil
3315 4509 3662 4596 gauddbunt;

389 4551 554 4615 δωκε,
584 4554 800 4611 δίδασκε
849 4559 1049 4630 λόγοις,
1087 4568 1269 4638 γράφε
1329 4577 1778 4648 συγγράμμασιν,
1807 4551 1962 4639 ἐἰκό-

389 4648 502 4672 ...ν-
557 4647 645 4672 ..-ι
699 4648 897 4672 se“,
993 4655 1003 4668 ι
1177 4658 1190 4672 .
1423 4666 1502 4672 -.-

2247 4551 2294 4552 κέ
2346 4551 2663 4571 r_----_--.,
2700 4551 2815 4577 διν--
2843 4551 3074 4580 ιι-υιοιιο
3127 4551 3261 4573 num
3315 4551 3660 4596 δίιιιίινυυιιις

2088 4585 2355 4645 iurnaecm
2386 4593 2532 4648 enim
2566 4612 2673 4650 non
2731 4602 3109 4671 accendimus,
3153 4611 3247 4665 sed
3291 4629 3480 4669 cereus
3534 4634 3660 4672 cmn

389 4648 505 4705 νιζε
557 4647 649 4699 καὶ
695 4648 783 4702 διὰ
815 4655 1122 4722 χρωμάτων
1159 4658 1237 4722 ὡς
1264 4666 1627 4733 παραδέδοται
1648 4690 1660 4703 ο
1694 4673 1835 4744 ὅπερ
1871 4679 1965 4730 καὶ

385 4740 415 4790 ὁ
445 4740 651 4810 dimi];
682 4744 832 4795 ἐστιν
877 4747 1259 4820 ὲξεικονισμδς
1281 4795 1295 4820 ,
1337 4757 1413 4819 ὡς
1448 4763 1605 4834 καὶὴ
1657 4767 1714 4818 ἐν
1753 4740 1966 4837 βίϐλοις

390 4832 599 4901 γραφὴ,
631 4836 723 4887 καὶ
757 4837 916 4906 χάρις
948 4841 1009 4892 έν
1056 4842 1244 4908 αὐτοῖς
1287 4849 1403 4902 εστ-ι
1429 4832 1866 4918 θείαίὲπεὶνκαὶ
1898 4832 1966 4916 τὰ

388 4927 701 4992 τυποίμενα
742 4929 894 4997 ἅγια.
936 4933 1077 4986 Ἀλλ’
1119 4931 1271 4991 οὗτοι
1316 4949 1780 5014 παρατραπέντες
1831 4955 1963 5022 ὲφά-

389 5020 518 5084 παξ,
552 5022 629 5084 εἰς
663 5021 698 5076 ἂ
735 5023 809 5093 μὴ
859 5025 942 5078 δεῖ
994 5024 1302 5100 τρέχουσιν.
1358 5035 1420 5090 Et
1469 5039 1526 5093 δὲ
1576 5044 1830 5115 καὶπερὶ
1864 5020 1964 5117 τῆς

386 5114 622 5180 καμίνου
652 5115 759 5168 τῶν
790 5119 999 5173 παίδων
1031 5123 1180 5192 ἡμᾶς
1203 5127 1563 5198 αἰτιάσονται,
1597 5135 1714 5188 ἀλλ’
1743 5139 1803 5191 οὐ
1837 5157 1962 5210 χαι-

387 5207 650 5274 ρὴσουσιν
692 5208 850 5270 ὅλως.
901 5212 975 5264 Οὐ
1012 5214 1122 5284 γὰρ
1161 5218 1476 5291 ἁνάπτομεν
1525 5227 1778 5296 κάμινον,
1824 5234 1962 5290 ἀλλὰ

387 5297 590 5362 κηροὺς
624 5297 764 5366 μετὰ
817 5298 1036 5368 φώτων,
1091 5308 1187 5360 καὶ
1238 5307 1494 5382 θυμίαμα
1539 5318 1658 5388 Θεῷ
1707 5324 1851 5378 κατὰ
1899 5326 1962 5380 τὸ

384 5390 499 5449 €00,-
529 5392 934 5461 προσφέρομεν,
969 5399 1061 5452 καὶ
1089 5398 1323 5467 ἄγγελον
1352 5407 1712 5480 είκονίζομεν,
1741 5416 1843 5470 οὐκ
1867 5418 1959 5474 ἄν·

385 5485 600 5548 θρωπον
639 5485 1062 5557 ἁποστέλλομεν.
1111 5493 1310 5558 Παῖδας
1348 5497 1406 5551 δὲ
1453 5501 1613 5568 μὸνον
1655 5506 1958 5576 ὑμνοῦντας

385 5573 651 5641 καθαροὺς
688 5575 761 5637 ὡς
812 5579 1052 5644 ἐκείνους
1081 5585 1209 5646 τοὺς
1245 5591 1442 5654 παῖδας
1493 5598 1641 5662 τρεῖς
1678 5603 1957 5670 παριστῶ-

386 5681 509 5731 μεν,
540 5664 688 5734 ᾅδειν
708 5668 902 5731 αὐτοὺς
932 5673 1028 5740 τὴν
1049 5671 1194 5745 ᾠδὴν
1219 5678 1445 5735 ἐκείνων
1471 5683 1547 5748 ὡς
1574 5691 1954 5758 παραδέδοται.

383 5753 492 5815 οὓς
529 5757 720 5818 παῖδας
763 5763 856 5811 καὶ
887 5762 1086 5827 πάντες
1119 5769 1168 5819 ot
1213 5771 1651 5842 ἐσφραγισμένοι
1694 5783 1790 5836 καὶ
1821 5786 1960 5857 ἱεροὶ

381 5849 615 5904 τυποῦσι
651 5851 863 5916 παῖδες.
899 5856 1005 5908 Καὶ
1033 5858 1324 5930 ἱερωμένοι
1355 5865 1410 5921 δὲ
1453 5871 1673 5939 πάντες,
1727 5877 1957 5946 ἕκαστος

2073 4681 2396 4751 luminibus,
2421 4687 2788 4746 ctiucensum
2839 4693 2951 4750 Deo
2997 4703 3302 4758 secundum
3367 4722 3665 4764 (‘Oltstlt'ltt-

2069 4775 2253 4830 diucm
2281 4777 2598 4848 oﬂcriutus;
2622 4783 2876 4853 angelum
2900 4789 3119 4857 quidem
3154 4797 3538 4864 exprimimus,
3565 4804 3663 4855 bu-

2071 4869 2274 4926 minem
2318 4887 2449 4927 vero
2501 4891 2608 4929 non
2644 4878 2972 4950 emittimus,
3041 4885 3137 4940 sed
3191 4903 3391 4957 pueros
3447 4905 3657 4951 tantum

2069 4960 2309 5018 mundos
2340 4973 2602 5021 canentes
2629 4966 2775 5024 sicut
2803 4969 2878 5025 illi
2909 4982 3021 5030 tres
3079 4979 3236 5046 pueri
3269 4985 3660 5044 constituimus

2070 5051 2346 5107 uthorum
2372 5056 2648 5111 canticum
2675 5052 2994 5129 concibant,
3027 5077 3188 5135 prout
3230 5074 3487 5130 traditum
3551 5093 3654 5146 est,

2071 5160 2211 5214 quos
2243 5161 2445 5215 pueros
2468 5149 2624 5218 pueri
2661 5151 2903 5209 referunt
2927 5172 3120 5216 omnes
3145 5166 3322 5219 sancti
3353 5169 3656 5238 baptismu-

2066 5253 2172 5307 que
2194 5240 2418 5310 signati,
2443 5249 2496 5296 et
2519 5246 2830 5306 sacerdotes
2855 5251 3099 5310 universi
3157 5273 3245 5314 res
3301 5263 3386 5316 sui
3443 5267 3678 5322 ordinis

2064 5329 2326 5400 elﬁnguut
2356 5333 2598 5401 singuli:
2636 5335 2932 5396 Dominum
2965 5345 3185 5415 quidem
3227 5352 3442 5420 primus
3481 5360 3655 5427 ι)οηιί‹-

2064 5419 2176 5486 fex,
2201 5425 2440 5494 episcopi
2474 5443 2603 5481 vero
2657 5431 2863 5498 primos
2916 5444 3221 5506 apostolos,
3282 5460 3406 5500 cum
3455 5464 3647 5504 eorum

2065 5519 2236 5585 gratia
2267 5517 2455 5572 donati
2495 5521 2721 5588 fuerint,
2763 5529 3066 5600 presbyteri
3096 5540 3440 5608 septuaginta
3476 5544 3647 5613 viros,

2065 5608 2278 5665 diaconi
2305 5609 2544 5677 Levitas,
2579 5616 2902 5676 subdiaconi
2937 5635 2991 5679 et
3019 5631 3198 5682 cmtcri
3247 5635 3640 5702 prophetarum

2062 5700 2336 5757 Ordinem.
2377 5704 2557 5760 Altera
2617 5709 2781 5766 etiam
2842 5713 2957 5786 lege
3005 5720 3244 5787 pontifex
3297 5700 3648 5788 incarnatum

2064 5794 2156 5850 Dei
2211 5797 2444 5852 Verbum
2496 5805 2773 5871 exprimit,
2823 5813 3124 5883 presbyteri
3181 5829 3362 5873 autem
3417 5825 3645 5882 ordines

2064 5887 2378 5960 inferiores,
2403 5892 2620 5948 diaconi
2653 5913 2778 5954 vero
2803 5902 3146 5970 subiacentes
3197 5910 3489 5970 ministerii
3545 5931 3647 5988 po-
