4066 6458
423 360 533 427 115

1218 359 1599 421 SYMEONIS
1632 362 1735 420 ΤΗ
1749 358 1835 418 ES
1848 358 2391 420 SALONICENSIS
2427 358 2788 421 ARCHIEP.

3583 352 3677 417 116

422 481 667 538 testates,
691 471 978 541 elerusque
1008 473 1296 528 universus
1315 488 1439 528 cum
1465 477 1665 543 populo
1693 473 2009 528 orthodoxo

2117 479 2202 528 τὸν
2241 477 2340 540 τῆς
2377 475 2573 529 ἑαυτοῦ
2605 477 2765 528 τυποῖ
2806 472 3034 538 τάξεως·
3068 469 3163 522 καὶ
3214 470 3300 523 τὸν
3340 467 3533 536 Κύριον
3574 469 3667 536 μὲν

425 566 648 619 ultimos
693 565 938 629 ordines,
1012 575 1066 620 et
1127 581 1317 623 onmes
1348 568 1441 623 isti
1492 568 1743 623 ordinem
1796 570 2000 624 habent

421 657 723 710 secundum
758 656 958 723 gradus
988 659 1328 727 gratiamque
1362 660 1783 728 respondentem
1819 679 1839 729 ς
1876 662 1999 716 ideo

421 747 557 801 nihil
590 748 923 813 dissentiens
949 765 1146 819 pueros
1185 751 1441 822 efﬁngere
1469 753 1592 809 illos
1636 764 1747 808 tres
1773 769 2000 823 pueros,

420 840 680 910 quoniam
723 851 955 909 possunt
992 857 1181 898 eorum
1202 843 1400 898 habere
1434 845 1686 923 gratiam.
1714 844 2001 900 Dominum

421 947 552 986 vero
589 933 643 985 in
675 934 1037 988 eruetlixione
1060 936 1368 1002 exprimere
1397 944 1453 990 et
1489 935 1749 990 simulare
1804 936 2000 1001 videri,

424 1039 637 1080 necnon
689 1042 912 1081 manare
949 1028 1289 1097 sanguinem,
1346 1028 1440 1085 sed
1493 1045 1601 1084 non
1656 1044 1783 1083 vere
1827 1044 2005 1097 neque

427 1116 728 1171 secundum
783 1118 1020 1174 divinam
1051 1119 1439 1187 traditionem;
1472 1133 1527 1179 et
1587 1121 1868 1190 Deiparam
1911 1137 2006 1190 per

424 1208 601 1262 virum
622 1219 713 1264 aut
749 1211 1123 1266 mulierculam
1153 1195 1377 1279 referre,
1410 1222 1463 1269 et
1490 1228 1645 1267 avem
1678 1212 1804 1267 loco
1830 1210 2005 1282 Spiri-

428 1312 516 1355 tus
546 1302 819 1372 accipere,
846 1318 1072 1371 prorsus
1114 1313 1200 1361 est
1256 1306 1551 1360 absonum.
1621 1304 1847 1373 Insuper
1906 1319 2004 1371 per

427 1391 660 1445 aliorum
684 1392 910 1461 capillos
938 1401 995 1448 et
1021 1403 1199 1451 vestes
1223 1403 1538 1451 sanctorum
1582 1394 1790 1450 formas
1856 1393 2008 1449 ciliu-

426 1498 551 1549 gere
565 1493 621 1539 et
650 1497 846 1540 ornare
879 1488 936 1540 lit
960 1494 1148 1542 contra
1178 1488 1495 1558 religionem
1532 1501 1709 1557 neque
1746 1501 1779 1541 a
1829 1487 2009 1542 Patri-

426 1574 533 1630 bus
556 1585 838 1631 ostensum
876 1576 999 1644 fuit,
1031 1588 1080 1633 et
1112 1595 1223 1634 uno
1254 1579 1442 1642 verbo,
1474 1579 1622 1633 velut
1654 1579 1706 1633 in
1744 1593 1911 1634 scena
1956 1588 2011 1633 et

429 1667 643 1722 theatro
667 1668 846 1724 divina
872 1679 1179 1725 monstrare
1203 1671 1458 1743 mysteria
1488 1686 1685 1740 neque,
1718 1672 1867 1742 pium
1900 1678 2005 1737 est,

430 1775 605 1829 neque
643 1761 923 1829 traditum,
956 1778 1131 1833 neque
1151 1763 1477 1819 Christianis
1515 1763 1761 1834 dignum.
1823 1762 2011 1833 Neque

2106 575 2133 624 6
2167 569 2381 639 πρῶτος
2403 568 2719 639 ἀρχιερεὺς,
2751 567 3038 619 ἐπίσκοποι
3060 563 3114 615 δὲ
3139 562 3266 619 τοὺς
3299 560 3543 629 πρώτους
3566 560 3668 611 τῶν

2107 662 2440 723 ἀποστόλων,
2465 661 2588 713 ἐπεὶ
2611 659 2703 710 καὶ
2720 659 2819 722 τὴν
2842 658 3022 710 αὐτῶν
3040 656 3201 725 χάριν
3220 654 3427 721 ἔχουσι·
3445 651 3673 720 πρεσϐύ-

2106 773 2255 824 τεροι
2302 755 2358 808 δέ
2405 772 2465 819 γε
2522 756 2647 814 τοὺς
2704 752 3112 820 ἐϐδομήκονταυ
3142 748 3395 800 διάκονοι
3452 746 3508 798 δὲ
3554 746 3673 807 τοὺς

2106 850 2364 909 Λευῖτας·
2398 848 2743 901 ὑποδιάκονοι
2775 846 2828 897 δὲ
2868 845 2962 896 καὶ
3009 842 3188 894 λοιποὶ
3222 842 3324 906 τὴν
3373 839 3523 902 τάξιν
3571 838 3673 890 τῶν

2110 942 2434 1012 προφητῶν.
2473 942 2581 993 Καὶ
2621 940 2744 994 καθ’
2773 938 2965 1006 ἕτερον
3011 936 3067 989 δὲ
3099 934 3300 988 σκοπὸν
3333 936 3361 986 6
3394 930 3677 1000 ἀρχιερεὺς

2107 1036 2199 1089 τὸν
2227 1035 2725 1104 ὲνανθρωπήσαντα
2751 1031 2885 1083 Θεὸν
2920 1029 3096 1096 Λόγον
3159 1026 3410 1078 extorret"
3443 1020 3677 1091 πρεσϐύ-

2108 1146 2256 1197 τεροι
2285 1128 2341 1181 δὲ
2375 1129 2472 1188 τὰς
2510 1125 2914 1196 ὑπερκειμένας
2954 1123 3062 1176 τῶν
3094 1120 3323 1183 τάξεων·
3356 1117 3591 1169 διάκονοι
3625 1113 3678 1165 δὲ

2112 1225 2206 1285 τὰς
2242 1222 2633 1288 ὑποδεεστέρας
2665 1216 3048 1285 λειτουργικάς
3073 1212 3361 1279 δυνάμεις’
3396 1208 3491 1261 καὶ
3516 1208 3544 1259 6
3572 1204 3678 1257 λοι-

2064 1368 2071 1375 ,
2112 1314 2209 1374 πδς
2241 1314 2297 1366 δὲ
2333 1314 2532 1381 κλῆρος
2563 1312 2660 1372 τὰς
2703 1308 3023 1367 τελευταίας
3055 1304 3237 1366 τάξεις
3290 1300 3428 1370 μετὰ
3461 1297 3554 1353 τοῦ
3588 1298 3682 1364 δρ-

2113 1407 2327 1469 θοῗὸξου
2353 1405 2507 1460 λαοῦ.
2554 1406 2664 1457 Καὶ
2715 1405 2914 1461 πάντες
2951 1399 3097 1453 οὗτοι
3147 1398 3242 1451 καὶ
3294 1395 3449 1460 τάξιν
3503 1393 3683 1458 ἔχουσι

2111 1500 2252 1554 κατὰ
2282 1499 2409 1559 τοὺς
2468 1497 2733 1567 βαθμοὺς,
2782 1495 2877 1548 καὶ
2930 1492 3302 1559 ἀναλογοῦσαν
3353 1489 3454 1556 τὴν
3503 1485 3682 1555 χάριν.

2112 1593 2205 1647 Διδ
2232 1593 2328 1646 καὶ
2352 1591 2505 1644 οὐδὲν
2527 1589 2735 1660 ἀπᾷδον
2760 1590 2821 1641 τὸ
2847 1585 3134 1649 εἱκονίζειν
3159 1584 3358 1645 παῖδας
3390 1582 3516 1641 τοὺς
3542 1579 3687 1646 τρεῖς

2112 1682 2355 1741 δκείνους
2390 1683 2610 1745 παῖδας,
2660 1682 2743 1733 ὅτι
2788 1682 2884 1733 καὶ
2929 1677 3155 1732 δυνατὸν
3195 1675 3295 1743 τὴν
3344 1673 3509 1743 χάριν
3548 1671 3689 1738 ἔχειν

2114 1772 2317 1829 αὐτῶν.
2345 1774 2417 1826 Τὸ
2444 1774 2499 1827 δὲ
2528 1773 2822 1835 είκονίζειν
2845 1774 2903 1826 ὲν
2922 1774 2986 1841 τῇ
3016 1767 3320 1837 σταυρῶσαι
3345 1766 3437 1818 τὸν
3463 1763 3687 1831 Κύριον,

428 1852 614 1907 dicant
642 1855 953 1910 sacerdotes
989 1855 1093 1909 ista
1124 1857 1336 1925 operari
1367 1856 1499 1911 etin
1553 1857 1657 1911 hoc
1704 1871 1799 1912 eos
1850 1870 2011 1925 posse

2117 1872 2207 1924 καὶ
2248 1868 2584 1938 σφάττεσθαι
2614 1868 2814 1929 δοκεῖν,
2851 1866 2944 1919 καὶ
2971 1860 3111 1929 αἷμα
3147 1861 3385 1930 ὲκχέειν,
3424 1858 3524 1910 οὐκ
3565 1855 3694 1921 ἁλη-

432 1943 716 2000 Dominum
748 1946 1120 2017 virginemque
1168 1947 1287 2018 ejus
1317 1956 1542 2003 matrem
1576 1949 1811 2013 referre;
1880 1962 2005 2001 natn

430 2037 574 2091 istud
611 2037 666 2092 in
700 2039 786 2094 his
808 2038 991 2095 facere
1022 2056 1128 2096 non
1155 2050 1299 2095 recte
1321 2040 1539 2096 dicitur.
1569 2040 1830 2095 Referunt
1859 2039 2006 2095 enim

431 2129 485 2182 in
541 2129 626 2185 his
677 2129 877 2199 quibus
937 2140 1171 2200 oportet,
1219 2131 1570 2201 baptizando,
1622 2130 2006 2196 sacrificando,

430 2223 661 2279 lavando
683 2225 1002 2285 alterutrius
1059 2226 1243 2296 pedes,
1301 2238 1355 2281 et
1403 2226 1454 2280 in
1521 2227 1644 2282 aliis
1702 2240 1823 2295 qua:
1870 2225 2009 2281 dixit

429 2318 704 2382 Salvator,
730 2318 792 2372 .in
826 2319 1026 2389 quibus
1058 2320 1346 2389 pontiﬁces
1375 2329 1429 2374 et
1452 2321 1766 2375 sacerdotes
1791 2321 2007 2392 cperari

430 2413 688 2467 traditum
728 2422 831 2474 est,
882 2415 1011 2467 item
1050 2412 1277 2484 quando
1317 2412 1554 2482 hymnos
1584 2415 1830 2469 canendo
1887 2412 2011 2466 imi-

433 2516 619 2558 tantur
665 2513 1001 2569 cantatores,
1056 2520 1400 2575 nequaquam
1460 2517 1641 2560 autem
1693 2505 1912 2574 quando
1950 2504 2011 2561 (it

432 2597 735 2663 crucifixio,
768 2596 1048 2666 falsusque
1077 2597 1463 2665 fluitsanguis,
1530 2598 1832 2667 praesertim
1894 2597 2012 2652 ani-

434 2689 591 2743 malis
622 2704 809 2755 cruor,
834 2689 937 2743 nisi
966 2690 1091 2758 quis
1122 2690 1174 2742 in
1209 2690 1476 2760 martyrio
1537 2689 1819 2759 proprium
1876 2704 2008 2745 san-

430 2778 648 2846 guinem
683 2794 813 2834 vere
841 2778 1126 2841 effundere
1154 2779 1411 2845 voluerit,
1442 2780 1526 2835 vel
1556 2782 1718 2836 etiam
1750 2785 1796 2838 si
1832 2784 2012 2840 cruci-

431 2871 630 2939 figatur
659 2884 794 2924 caro
819 2885 942 2925 cum
979 2870 1124 2925 vitiis
1151 2881 1205 2925 et
1236 2871 1723 2939 concupiscentiis,
1744 2883 1909 2941 prout
1937 2875 2013 2929 ait

430 2959 631 3015 Paulus
665 2961 758 3030 qui
787 2962 1037 3016 addidit:
1080 2980 1099 3013 ι
1139 2962 1268 3017 Mihi
1312 2964 1546 3019 mumlus
1576 2964 1872 3019 cruciﬁxus
1929 2974 2014 3020 est

431 3070 484 3111 et
509 3074 612 3126 ego
648 3057 873 3124 utuudo,
909 3076 928 3109 ι
960 3057 1047 3111 cui
1082 3058 1159 3112 rei
1220 3073 1412 3113 omnes
1442 3060 1643 3115 debent
1670 3061 2009 3117 incumbere.

433 3149 675 3219 Virginis
698 3160 879 3205 autem
913 3149 1154 3220 Deiparm
1173 3151 1288 3206 sive
1315 3155 1607 3221 puritatem
1633 3153 1750 3208 sive
1781 3154 2009 3223 gratiam

432 3261 541 3315 qua
573 3246 627 3300 itt
654 3247 868 3316 Spiritu
896 3245 1186 3300 Dominum
1226 3261 1389 3315 carne
1428 3246 1681 3316 concepit
1705 3255 1759 3301 et
1787 3245 2012 3315 peperit,

433 3354 596 3394 nemo
620 3347 798 3410 potest
822 3337 1323 3407 imitari,qu_ouiant
1349 3337 1465 3393 haec
1494 3339 1542 3393 ei
1574 3338 1674 3393 soli
1708 3338 1831 3393 data
1855 3347 2013 3405 sunt;

433 3447 553 3487 eam
578 3447 711 3486 vero
749 3431 992 3485 imitatur
1042 3430 1132 3498 qui
1188 3440 1337 3484 caste
1382 3429 1514 3483 vivit
1538 3440 1592 3485 et
1649 3430 2015 3498 virginitatem

436 3526 622 3594 elegit,
654 3538 823 3593 seque
869 3524 1091 3597 dignum
1142 3520 1461 3591 accipienda
1522 3521 1694 3589 gratia
1748 3532 2013 3591 quantum

436 3622 616 3680 potest
641 3612 902 3676 exhibet;
937 3620 991 3665 et
1031 3610 1261 3680 proinde
1289 3608 1619 3677 cupiendum
1675 3618 1763 3663 est
1823 3624 2016 3663 omnes

434 3722 553 3762 eam
577 3707 629 3760 in
666 3705 751 3760 his
781 3717 880 3773 pro
912 3703 1121 3757 viribus
1146 3701 1370 3756 imitari.
1412 3699 1471 3755 Si
1536 3715 1665 3753 vero
1726 3706 1829 3754 ista
1886 3715 2014 3753 cum

434 3796 593 3866 pictis
613 3796 814 3852 divinis
868 3794 1205 3866 imaginibus
1260 3792 1567 3857 conferant,
1633 3792 1753 3847 sine
1804 3790 2017 3846 ratione

435 3889 868 3946 ratiocinantur;
901 3902 1026 3939 natn
1056 3885 1108 3941 in
1129 3884 1302 3954 elligie
1324 3884 1540 3955 quidem
1557 3899 1683 3939 vere
1704 3896 1781 3938 est
1814 3885 2014 3954 imago,

434 3993 489 4036 et
510 3981 718 4036 Christi
737 3993 867 4034 vere
888 3979 1127 4048 pingitur
1146 3978 1350 4047 imago,
1375 3988 1428 4032 et
1447 3980 1675 4048 sanguis
1691 3977 2017 4046 exprimitur

437 4089 650 4128 necnon
672 4070 764 4126 Dei
791 4080 963 4134 mater
990 4070 1045 4123 in
1069 4069 1303 4139 imagine
1321 4078 1374 4124 et
1396 4072 1643 4134 angelus,
1662 4079 1715 4123 et
1736 4068 2016 4137 apostolus

435 4173 491 4219 et
520 4176 774 4219 summus
794 4159 1057 4231 pontifex,
1077 4167 1132 4221 et
1151 4166 1355 4229 martyr
1373 4167 1426 4212 et
1474 4158 1715 4229 Spiritus
1761 4159 1813 4212 in
1837 4157 2018 4227 specie

435 4254 725 4318 columbae,
746 4262 798 4307 et
812 4251 991 4306 omnia
1010 4248 1338 4318 efﬁnguntur
1374 4264 1588 4317 ,rerum
1612 4248 1831 4320 quidem
1874 4247 2017 4303 divi-

442 4361 633 4404 narum
652 4345 919 4415 imagines
936 4352 992 4397 et
1010 4342 1236 4411 picturae
1257 4350 1501 4411 augustae
1522 4350 1650 4396 sunt
1670 4351 1723 4396 et
1753 4356 2018 4397 veneram-

439 4440 829 4507 damhoutines
847 4450 975 4491 vero
999 4434 1328 4490 haecimitari
1353 4434 1431 4489 las
1447 4449 1552 4499 non
1588 4444 1693 4489 est.
1752 4434 1857 4489 Sed
1906 4450 2014 4491 non

443 4536 549 4587 ista
568 4540 803 4595 tantum,
826 4544 1013 4584 verum
1032 4529 1193 4583 etiam
1216 4527 1368 4596 plura
1387 4527 1587 4589 similia
1623 4526 1800 4583 Latini
1841 4526 2019 4583 facere

442 4637 493 4681 et
510 4624 817 4695 excogitare
835 4637 940 4676 non
954 4621 1226 4676 dubitant.
1246 4618 1383 4675 Hinc
1403 4622 1566 4679 etiam
1587 4620 1887 4676 secundum
1901 4617 2023 4675 Ori-

442 4733 631 4787 gencm
657 4718 814 4771 linem
834 4711 1377 4780 decernuntinferni,
1418 4714 1790 4782 purgatorium
1838 4712 2024 4767 nescio

436 4812 579 4882 quod
596 4820 720 4866 ante
736 4815 1000 4865 tormenta
1043 4823 1230 4862 eorum
1249 4806 1697 4874 expurgatorium
1718 4820 2024 4874 proponen-

437 4906 520 4953 tes
562 4900 612 4951 in
650 4897 792 4968 quod
815 4897 907 4967 qui
942 4896 1308 4966 deliquerunt,
1335 4895 1723 4967 ingredientes,
1749 4894 2022 4963 inquiunt,

438 5006 629 5058 poenas
646 4989 802 5044 luunt
820 4988 887 5043 ad
908 4988 1049 5043 dietn
1077 5003 1248 5056 usque
1266 4993 1590 5040 extremum.
1605 4985 1760 5058 Quod
1780 5001 1940 5041 nemo
1958 5002 2023 5041 ex

439 5083 642 5135 sanctis
661 5082 855 5143 tenuit,
877 5088 1137 5143 tanquam
1155 5078 1301 5148 quod
1332 5079 1496 5131 verba
1521 5076 2022 5143 Dominidestwat,

440 5192 562 5243 «tum
601 5173 800 5229 inferni
837 5188 1049 5242 puzuas,
1086 5172 1549 5243 quemadmodum
1574 5181 1630 5233 et
1667 5174 1831 5227 vitam
1860 5183 2024 5228 aeter-

441 5279 833 5330 nam,aeternas
847 5274 1121 5330 astrttunt,
1140 5280 1204 5320 ac
1225 5264 1393 5319 divini
1408 5264 1557 5320 Pauli
1578 5265 1719 5320 dicta
1733 5266 2029 5333 convellat,

444 5364 512 5415 de
532 5360 736 5414 sanctis
756 5369 1051 5422 asserente,
1074 5360 1165 5427 qui
1201 5358 1254 5412 in
1286 5358 1388 5413 fide
1420 5360 1587 5414 vitam
1612 5374 1865 5429 posuere,
1889 5375 2027 5413 non—

445 5452 574 5505 dum
607 5460 827 5518 propter
852 5462 949 5501 nos
979 5448 1249 5517 recepisse
1284 5449 1731 5519 promissionem,
1780 5465 1882 5505 nec.
1908 5450 2027 5505 sine

446 5544 604 5599 nobis
630 5540 1013 5610 perfectionem
1050 5552 1351 5608 assecutos,
1386 5552 1439 5597 et
1470 5553 1600 5598 tunc
1634 5543 2025 5613 perfectionem

449 5630 689 5688 futuram
732 5647 881 5697 esse,
911 5648 1034 5688 eum
1066 5649 1169 5690 nos
1193 5648 1566 5703 resurgemus,
1598 5643 1654 5690 et
1684 5636 1885 5706 singuli
1947 5652 2029 5693 re-

448 5725 653 5795 cipient
675 5723 839 5779 simul
865 5739 988 5779 cum
1021 5739 1272 5793 corpore,
1306 5739 1431 5778 cum
1455 5740 1565 5793 quo
1597 5735 1692 5780 aut
1714 5736 2026 5800 peccarunt,

451 5816 849 5880 autlaudabilia
883 5825 1186 5893 gesserunt,
1215 5817 1514 5873 secundum
1560 5831 1726 5893 opera
1776 5833 1897 5877 sua.
1961 5818 2029 5881 Et

2113 1963 2221 2024 θῶς
2246 1963 2364 2016 οὐδὲ
2398 1963 2539 2015 κατὰ
2586 1961 2686 2029 τὴν
2715 1960 2869 2013 θείαν
2922 1956 3248 2025 παράδοσιν.
3291 1952 3405 2006 Καὶ
3437 1949 3538 2016 τὴν
3566 1948 3694 1999 Θεο-

2117 2058 2330 2126 μήτορα
2374 2054 2432 2107 δὲ
2462 2051 2827 2115 είκονὶζεσθαι
2874 2050 2941 2104 δι’
2980 2048 3172 2117 ἀνδρὸς
3209 2046 3241 2115 ἢ
3283 2043 3511 2113 γυναίου
3538 2080 3553 2103 ,
3601 2038 3694 2091 καὶ

2111 2146 2315 2215 πτηνὸν
2342 2146 2464 2198 ἀντὶ
2503 2142 2824 2210 Πνεύματος
2856 2140 3134 2209 δέχεσθαι,
3173 2137 3292 2190 λίαν
3327 2137 3553 2190 ἄτοπον.
3591 2130 3693 2183 Καὶ

2111 2239 2172 2291 τὸ
2203 2236 2292 2291 διὰ
2325 2235 2532 2306 τριχῶν
2567 2233 2872 2304 ἀλλοτρίων
2908 2232 3005 2286 xui.
3049 2230 3368 2301 ἐνδυμάτων
3436 2222 3695 2292 ἐξεικονίι

2113 2330 2226 2393 ζειν
2259 2329 2326 2382 τὰ
2372 2328 2483 2380 τῶν
2529 2324 2700 2391 ἀγίων
2753 2322 3120 2394 μορφώματα,
3176 2320 3272 2373 καὶ
3326 2315 3694 2380 καλλωπίζειν

2112 2422 2222 2492 36
2251 2420 2402 2489 παρὰ
2446 2420 2506 2470 τὸ
2543 2416 2792 2480 εὐλαϐὲς,
2842 2415 2943 2467 οὐκ
2991 2412 3337 2479 ἐνδεδομένον
3374 2411 3529 2479 παρὰ
3585 2409 3694 2469 τοῖς

2116 2511 2384 2580 Πατράσιο
2416 2509 2508 2562 καὶ
2536 2508 2726 2569 ἀπλῶς
2747 2507 2805 2559 τὸ
2838 2505 3029 2573 ὥσπερ
3058 2505 3117 2556 ὲν
3148 2505 3323 2571 σκηνῇ
3353 2518 3415 2554 τε
3446 2501 3540 2553 καὶ
3567 2499 3695 2565 δρά-

2116 2622 2244 2674 ματι
2277 2605 2344 2657 ea
2392 2603 2514 2656 θεῖα
2547 2599 2826 2655 δεικνύναι
2858 2599 2963 2652 οὐκ
2997 2596 3242 2658 εὐσεϐὲς,
3292 2597 3392 2649 καὶ
3443 2594 3518 2664 μὴ
3546 2593 3692 2647 δεδο-

2117 2696 2297 2765 μένον,
2335 2693 2470 2763 μηδὲ
2495 2692 2845 2758 Χριστιανοῖς
2877 2688 3048 2753 ἄξιον.
3089 2687 3152 2740 Et
3183 2687 3231 2739 δ’
3259 2684 3474 2739 εῐποιεν
3500 2684 3575 2746 ὡς
3604 2683 3698 2735 καὶ

2113 2788 2163 2841 οἱ
2194 2788 2262 2840 τὰ
2288 2785 2518 2838 τοιαῦτα
2546 2780 2954 2849 διενεργοῦντες
2985 2781 3152 2847 ἱερεῖς
3182 2776 3400 2830 τελοῦσι
3437 2776 3535 2830 καὶ
3562 2773 3700 2826 κατά

2116 2878 2273 2932 τοῦτο
2323 2876 2551 2930 δυνατὸν
2605 2875 2804 2935 αὐτοὺς
2835 2871 2926 2924 τὸν
2971 2870 3176 2939 Κύριόν
3209 2886 3269 2922 τε
3301 2870 3403 2921 καὶ
3431 2869 3534 2927 τὴν
3565 2882 3704 2935 παρ-

2115 2973 2268 3025 θένον
2299 2968 2465 3023 αὑτοῦ
2503 2966 2715 3037 μητέρα
2746 2962 2974 3027 τυποῦν,
3009 2964 3110 3017 οὐκ
3142 2962 3370 3028 εθλογον
3402 2963 3460 3013 ὲν
3490 2960 3702 3019 τούτοις

2117 3061 2276 3116 τοῦτο
2309 3061 2504 3115 ποιεῖν.
2538 3056 2805 3121 ῑΤυποῦσι
2846 3058 2943 3126 μὲν
2974 3055 3086 3125 γὰρ
3116 3055 3172 3106 ὲν
3205 3048 3285 3117 οἷς
3324 3053 3475 3114 δέον,
3521 3055 3581 3104 ὲν
3626 3049 3705 3118 τῷ

2123 3155 2427 3224 βαπτίζειν,
2487 3155 2545 3205 ὲν
2587 3150 2666 3220 τῷ
2721 3151 3050 3221 ἱερουργεῖν,
3088 3149 3146 3199 ἐν
3196 3146 3275 3216 τῷ
3326 3147 3547 3199 νίπτειν
3581 3145 3706 3205 τοὺς

2123 3249 2289 3311 πόδας
2332 3246 2599 3315 ἀλλήλων,
2635 3245 2711 3305 ὡς
2748 3244 2841 3296 καὶ
2887 3245 3000 3304 τοῖς
3045 3241 3249 3301 λοιποῖς
3288 3234 3378 3302 οἷς
3424 3240 3655 3308 εἴρηκεν
3680 3238 3707 3289 6

2122 3340 2332 3410 Σωτὴρ,
2361 3335 2444 3402 οἷς
2472 3340 2720 3405 ἐνεργεῖν
2753 3336 3017 3407 ίεράρχας
3050 3333 3145 3386 καὶ
3189 3333 3364 3402 ἱερεῖς
3414 3331 3710 3402 παραδέδο-

2118 3448 2232 3485 ται.
2264 3430 2372 3485 Καὶ
2400 3429 2527 3491 τοὺς
2556 3428 2835 3498 ὑμ.νῳδοῦς
2863 3426 2918 3479 δὲ
2949 3424 3041 3477 καὶ
3064 3422 3475 3489 ἀναγινώσκειν
3502 3425 3709 3489 ἐσφραο

2120 3524 2439 3592 γισμὲνους,
2469 3522 2525 3573 ὲν
2570 3520 2649 3588 τῷ
2695 3517 3101 3585 ἀναγινώσκειν
3128 3532 3188 3567 τε
3235 3515 3327 3567 καὶ
3364 3517 3583 3585 ὑμνεῖν.
3635 3512 3709 3567 Οὐ

2123 3615 2227 3685 μὴν
2261 3614 2316 3667 δέ
2347 3630 2411 3679 γε
2454 3609 2823 3680 σταυροῦσθαι
2854 3608 2946 3661 καὶ
2981 3609 3192 3677 ὲκχέειν
3221 3603 3366 3675 αἷμα
3398 3606 3649 3676 ψευδῶς,
3676 3604 3709 3675 ἢ

2123 3707 2324 3776 μᾶλλον
2347 3701 2487 3774 αἷμα
2512 3704 2677 3768 ζώουο
2710 3704 2757 3756 εἱ
2787 3703 2863 3771 μὴ
2892 3700 3036 3756 κατά
3064 3701 3126 3752 τὸ
3150 3697 3461 3770 μαρτύριον
3492 3697 3711 3766 ἀληθῶς

2120 3801 2324 3853 οἰκεῖον
2357 3793 2497 3868 αἷμα
2538 3796 2751 3867 ὲκχέειν
2781 3812 2865 3858 τις
2910 3794 3173 3864 αἱρεῖται,
3206 3792 3302 3847 καὶ
3331 3792 3420 3846 ἔτι
3456 3792 3601 3846 κατὰ
3651 3789 3714 3842 τὸ

2123 3891 2435 3960 σταυρῶσαι
2481 3890 2581 3953 τὴν
2633 3890 2808 3959 σάρκα
2840 3889 2939 3940 σὺν
2972 3889 3089 3949 τοῖς
3119 3884 3419 3954 παθήμασι
3466 3884 3566 3938 καὶ
3592 3884 3713 3945 ταῖς

2121 3986 2445 4055 ἐπιθυμίαις
2500 3984 2778 4056 (καθάπερ
2825 3980 3039 4043 Παῦλος
3090 3977 3281 4049 φησιν)
3329 3976 3712 4046 ἀγωνίζεται,

2122 4078 2216 4130 καὶ
2251 4077 2334 4140 τὸ,
2359 4077 2442 4129 ὃτι
2481 4093 2501 4126 ι
2548 4073 2705 4144 Ἐμοὶ
2738 4075 2765 4126 6
2796 4072 3000 4141 κόσμος
3035 4068 3408 4138 ἐσταύρωται,
3441 4065 3603 4136 κάγὼ
3636 4063 3715 4133 τῷ

2122 4170 2336 4237 κόσμῳ,
2381 4186 2399 4219 ι
2438 4171 2531 4220 καὶ
2562 4165 2698 4236 πρὸς
2729 4164 2888 4218 τοῦτο
2920 4164 3126 4225 πάντες
3150 4160 3567 4215 σπευδέτωσαν.
3608 4158 3719 4213 Καὶ

2122 4262 2223 4331 τὴν
2254 4259 2537 4331 Παρθένον
2564 4258 2621 4312 δὲ
2651 4256 2919 4311 Θεοτόκον
2950 4254 3130 4315 οὐδεὶς
3157 4252 3532 4323 ὲκμιμεῖσθαι
3552 4250 3718 4304 δύνα-

2120 4369 2208 4404 ται
2239 4350 2272 4420 ἢ
2301 4351 2444 4405 κατὰ
2477 4349 2576 4420 τὴν
2602 4348 2848 4416 ἁγνείαν,
2877 4346 2912 4418 ἢ
2948 4345 3009 4398 τὸ
3040 4347 3096 4397 ὲν
3139 4342 3426 4411 Πνεύματι
3462 4341 3719 4410 συλλαμ-
3765 4336 3769 4340 ’

2126 4443 2314 4499 ϐάνειν
2377 4443 2542 4513 σαρκὶ
2596 4442 2691 4496 καὶ
2746 4443 2950 4494 τίκτειν
3008 4439 3098 4491 τον
3146 4436 3379 4505 Κύριον,
3427 4437 3516 4489 ὅτι
3554 4436 3719 4503 μόνον

2054 4562 2097 4621 ι)
2124 4536 2285 4591 τοῦτο
2316 4537 2409 4589 καὶ
2439 4534 2592 4605 παρά
2623 4533 2786 4604 μόνῃο
2811 4532 3063 4603 μιμεῖται
3091 4528 3149 4582 δέ
3182 4545 3267 4589 τις
3296 4527 3501 4596 αὐτὴν,
3540 4528 3720 4593 ἁγνῶς

2134 4628 2266 4699 βιῶν
2296 4629 2392 4682 καὶ
2427 4624 2790 4697 παρθενεύειν
2822 4621 3168 4694 αἱρούμενος,
3195 4620 3343 4684 ἄξιός
3371 4637 3434 4672 τε
3461 4620 3565 4688 τῆς
3591 4621 3723 4672 ὐπο-

2129 4724 2293 4792 δοχῆς
2326 4720 2431 4790 τῆς
2463 4720 2692 4791 χάριτος
2721 4717 2797 4782 ὡς
2822 4716 3051 4771 δυνατὸν
3078 4713 3443 4781 δεδειγμένος.
3481 4713 3726 4766 nomen»

2129 4817 2314 4867 τοίνυν
2346 4812 2403 4865 ὲν
2439 4810 2656 4873 τούτοις
2690 4808 2767 4871 ὡς
2819 4808 3055 4878 ἐγχωρεῖ
3101 4806 3307 4865 πάντας
3354 4803 3534 4872 αὐτὴν
3567 4805 3725 4873 ἐκμι-

2134 4904 2438 4976 μήσασθαι.
2490 4904 2555 4958 Et
2583 4903 2639 4956 δὲ
2675 4903 2770 4956 καὶ
2804 4899 2880 4963 ὡς
2919 4901 3018 4961 τὰς
3051 4896 3409 4968 γραφομένας
3461 4896 3619 4957 θείας
3652 4895 3728 4946 εἰ·

2131 4997 2292 5061 κύνας
2322 4996 2498 5051 ταῦτά
2546 5012 2734 5064 φασιν,
2781 4993 2843 5046 οὐ
2891 4995 3036 5045 κατὰ
3080 4990 3239 5058 λόγον
3271 4989 3299 5040 6
3322 4987 3513 5054 λόγος,
3547 4989 3633 5040 ὃτι
3666 4988 3727 5037 ὲν

2129 5091 2473 5161 εἱκονίσμασι
2524 5089 2627 5159 μὲν
2672 5085 2889 5157 ἀληθῶς
2918 5082 3106 5149 εἰκὼν,
3139 5082 3237 5135 καὶ
3264 5081 3515 5149 Χριστοῦ
3550 5078 3726 5133 εἰκὼν

2130 5183 2478 5254 γραιρομένη,
2509 5182 2602 5233 καὶ
2633 5175 2774 5248 αἷμα
2799 5175 3217 5245 είκονιζόμενον,
3244 5174 3338 5227 καὶ
3363 5171 3508 5225 Θεοῦ
3537 5171 3728 5242 μήτηρ

2132 5273 2189 5324 ὲν
2229 5272 2422 5338 είκόνι,
2453 5272 2548 5325 καὶ
2579 5269 2834 5339 ἄγγελος,
2896 5268 2991 5321 καὶ
3028 5265 3345 5341 ἀπόστολος.
3386 5263 3486 5316 καὶ
3532 5262 3731 5332 ἱεράρ·

2130 5381 2253 5434 χης,
2294 5362 2390 5416 καὶ
2420 5362 2654 5432 μάρτυς,
2693 5361 2789 5413 καὶ
2820 5358 2882 5411 τὸ
2931 5356 3159 5427 Πνεῦμα
3191 5358 3250 5409 ὲν
3296 5354 3426 5406 εῖδει
3458 5370 3733 5423 περιστε-

2135 5458 2255 5526 ρᾶς,
2287 5457 2379 5509 καὶ
2422 5456 2604 5509 πάντα
2635 5451 2824 5517 είκὼν,
2853 5450 3057 5513 καῖ’ὡς
3088 5451 3198 5502 τῶν
3233 5447 3390 5502 θείων
3415 5446 3637 5508 εἰκόνες
3668 5461 3731 5497 τε

2139 5549 2236 5601 καὶ
2264 5546 2500 5616 γραφαὶ,
2536 5542 2920 5615 προσκυνηταὶ
2947 5542 3042 5595 καὶ
3070 5541 3359 5610 σεϐάσμιοι
3385 5551 3400 5564 ’
3433 5538 3500 5589 τὸ
3531 5538 3593 5590 δὲ
3637 5540 3733 5591 άν-

2134 5639 2385 5708 θρώπους
2438 5637 2618 5691 ταῦτα
2680 5634 2969 5705 μιμεῖσθαι
3009 5633 3109 5687 οὐκ
3156 5631 3375 5699 εὐαγές.
3447 5629 3597 5681 Ἀλλ’
3666 5628 3730 5681 οὐ

2138 5732 2298 5801 μόνον
2329 5730 2523 5793 ταῦτα,
2556 5730 2650 5781 καὶ
2680 5727 2907 5780 πλεῖστα
2938 5726 2993 5778 δέ
3027 5743 3091 5793 γε
3123 5722 3349 5778 τοιαῦτα
3393 5720 3460 5772 οὐ
3518 5739 3732 5790 παραι-

2133 5819 2353 5877 τοῦνται
2382 5822 2601 5876 Λατῖνοι
2635 5822 2810 5876 ποιεῖν
2842 5819 2937 5873 καὶ
2969 5818 3207 5889 φρονεῖν.
3241 5814 3405 5868 Ὅθεν
3442 5813 3594 5866 κατά
3635 5808 3733 5865 τὸν
