4066 6472
330 288 436 358 119

1171 294 1556 356 SYMEONIS
1594 295 2349 360 THESSALONICENSIS
2388 297 2755 362 ARCHIEP.

3419 277 3619 359 '120

328 426 457 481 quae
485 409 666 466 Latinl
690 411 745 466 in
773 411 1128 480 dogmatibus
1156 421 1212 468 et
1261 413 1618 468 sanctissimo
1654 412 1915 483 Syin'bolo
1947 463 1951 475 η

2042 415 2183 469 ῑύνου
2232 416 2446 480 πλάνην
2479 415 2857 485 καταισχύνας
2885 431 2945 468 τε
2975 412 3074 469 καὶ
3113 407 3445 467 καταϐαλών
3467 423 3484 441 ·
3512 412 3613 466 καὶ

325 513 669 562 novaverunt
702 520 915 560 necnon
943 505 1010 559 de
1031 506 1287 575 superbia
1319 522 1508 560 eorum
1545 506 1709 560 locuti
1766 515 1917 573 sunt,

340 597 541 667 suique
573 595 811 652 nominis
838 596 1001 665 digna
1028 605 1080 651 et
1104 597 1287 651 divina
1336 597 1807 665 conscripserunt.
1858 613 1924 651 ac

336 687 535 744 idonea
579 687 782 756 quibus
835 688 971 757 lapsi
1029 687 1372 757 erigerentur
1420 687 1674 741 veritatis
1740 686 1918 755 gratia

346 782 716 852 protulerunt.
748 781 907 838 Unde
932 781 1038 852 ipsi
1075 780 1143 836 ad
1174 796 1236 835 ea
1268 796 1390 850 quae
1425 778 1596 835 nostri
1656 778 1919 834 dixerunt

333 872 494 936 quasi
526 886 593 927 ex
618 872 879 942 apostolis
913 881 967 926 et
995 871 1250 937 Patribus
1277 881 1462 926 essent
1491 869 1684 924 oculos
1738 871 1922 923 inten—

326 962 548 1029 damus,
575 974 630 1019 et
656 963 817 1019 facile
846 963 1286 1019 adversariorum
1322 964 1428 1019 tela
1475 960 1922 1032 exstinguemus,

334 1057 609 1126 nobisque
633 1057 876 1113 veritatis
902 1058 1084 1113 lumen
1136 1054 1502 1112 servabimus.
1558 1051 1773 1109 Utvero
1825 1052 1920 1106 tibi

2028 511 2128 563 σὺν
2177 508 2363 572 αὐτοῖς
2397 507 2581 579 ἕτεροι
2625 509 2869 562 πλεῖστοι
2909 507 3020 562 τῶν
3051 506 3239 561 θεόθεν
3272 502 3613 573 ἐκλελεγμέ-

2027 621 2155 667 νων,
2184 601 2315 673 περί
2345 620 2404 656 τε
2438 602 2539 669 τῆς
2572 601 2934 671 καινοτομίας
2967 601 3219 655 Λατίνων
3253 599 3358 669 τῆς
3408 599 3469 652 ὲν
3496 600 3616 663 τοῖς

2024 696 2263 765 δόγμασι
2315 694 2521 762 καὶτῷ
2571 696 2857 764 ίιρωτάτῳ
2884 693 3169 765 Συμδόλῳ,
3205 694 3305 747 καὶ
3342 693 3475 764 περὶ
3529 686 3610 746 ὧν

2028 787 2411 858 ὑπερηφάνως
2460 786 2738 852 λαλοῦσιν,
2783 786 2953 852 ἀξίως
2988 786 3201 849 ἑαυτῶν
3253 787 3458 839 ἐκεῖνοι
3515 784 3617 838 καὶ

2028 878 2191 943 θείως
2228 878 2673 950 συνεγράψαντο,
2728 879 2840 934 Kal
2879 878 3042 933 ἱκανὰ.
3071 878 3141 933 τὰ
3193 875 3326 946 παρ’
3378 875 3615 931 ἐκείνων

2026 973 2129 1040 τῆς
2175 972 2442 1043 ἀληθείας
2492 970 2658 1042 χάριν
2715 971 2811 1025 καὶ
2855 970 2952 1024 τοῦ
2997 964 3455 1037 ἐπανορθωθῆναι
3485 965 3618 1029 τοὺς

2027 1065 2447 1129 καταπεσόντας
2472 1065 2734 1134 ρηθέντα.
2767 1063 2935 1117 Ὅθεν
2962 1064 3059 1117 καὶ
3080 1063 3247 1133 ἡμεῖς
3264 1060 3401 1130 πρὸς
3422 1061 3616 1114 ’ἐκεῖνα

329 1162 433 1201 nos
460 1147 738 1202 modicam
768 1149 1141 1220 cognitionem
1191 1147 1495 1226 tradamps,
1547 1162 1647 1217 pro
1709 1146 1923 1201 viribus

2042 1157 2269 1227 δρῶμεν,
2302 1156 2450 1227 ἅπερ
2477 1156 2691 1226 ἔφησαν
2726 1157 2778 1209 oi
2809 1156 2990 1227 ἡμῶν,
3024 1154 3104 1218 ὡς
3133 1156 3198 1207 ἐκ
3229 1153 3341 1207 τῶν
3375 1152 3617 1207 ἀποστό-

328 1256 393 1294 ex
425 1240 587 1296 dictis
620 1241 841 1298 Patrum
871 1242 1125 1298 dicimus.
1188 1241 1418 1307 Latinis,
1482 1240 1577 1312 qui
1624 1239 1920 1312 primatum

327 1336 579 1391 Romano
613 1345 891 1403 astruunt,
924 1336 1303 1392 contradicere
1332 1349 1474 1405 opus
1505 1350 1611 1390 non
1639 1343 1723 1390 est
1758 1349 1775 1400 ;
1827 1347 1925 1387 ne-

327 1446 436 1496 que
486 1428 538 1485 id
575 1430 723 1485 laedit
785 1427 1108 1486 Ecclesiam.
1162 1427 1473 1484 Ostendam
1538 1423 1928 1481 tantummodo

326 1528 508 1594 ipsum
536 1522 590 1576 in
627 1522 773 1577 Petri
798 1521 901 1577 lide
930 1532 985 1577 et
1012 1523 1161 1577 illius
1184 1535 1571 1577 successorum
1594 1520 1923 1590 persistere;

327 1625 383 1669 et
406 1614 607 1669 habeat
639 1613 743 1668 sibi
789 1612 948 1683 Petri|
977 1613 1187 1679 omnia,
1238 1620 1293 1666 et
1348 1610 1562 1681 primus
1608 1610 1682 1666 sit
1709 1618 1764 1665 et
1806 1625 1925 1664 ver-

2028 1253 2138 1306 λων
2189 1252 2323 1305 ὅντα
2362 1249 2600 1304 καὶτῶν
2646 1248 2936 1318 Πατέρων,
2992 1248 3089 1302 καὶ
3125 1246 3330 1306 ἱκανῶς
3374 1244 3618 1317 ὶσόμεθα

2029 1349 2099 1398 τά
2125 1343 2234 1398 τῶν
2271 1342 2534 1397 ἐναντίων
2563 1340 3060 1406 κατασϐεννύντες,
3093 1340 3193 1394 καὶ
3217 1340 3354 1410 ἡμῖν
3389 1341 3451 1394 τὸ
3482 1340 3621 1410 φέγ-

2030 1453 2128 1505 γος
2157 1436 2257 1506 τῆς
2283 1434 2552 1506 ἀληθείας
2608 1432 3141 1505 περιφυ).άσσοντες.
3180 1433 3301 1485 Ἵνα
3326 1432 3383 1486 δέ
3410 1449 3495 1485 σοι
3521 1432 3622 1485 καὶ

2032 1528 2240 1600 μικρὰν
2276 1519 2381 1582 ὧδε
2404 1526 2507 1598 τὴν
2536 1526 2745 1596 είδησιν
2779 1525 2967 1595 δῶμεν
2996 1526 3094 1579 καὶ
3126 1526 3314 1594 ἡμεῖς,
3349 1524 3427 1588 ὡς
3454 1523 3621 1577 δύνα-

2039 1638 2133 1689 μις
2166 1621 2230 1673 ἔκ
2272 1618 2381 1673 τῶν
2434 1618 2550 1681 τοῖς
2600 1616 2782 1683 ἁγίοις
2830 1615 3110 1687 ῥηθέντων
3163 1618 3370 1686 φαμὲν,
3429 1617 3506 1681 ὡς
3557 1617 3620 1671 τὸ

328 1720 419 1760 te:
444 1717 496 1761 et
512 1714 677 1776 caput
693 1704 940 1759 omnium
961 1717 1008 1760 et
1027 1718 1319 1774 supremus
1336 1703 1565 1759 antistes
1584 1718 1601 1771 ;
1621 1700 1671 1755 id
1691 1701 1836 1756 enim
1856 1702 1924 1755 de

2042 1714 2213 1781 λέγειν
2274 1712 2541 1773 Λατίνους
2578 1709 2799 1781 πρῶτον
2857 1705 3000 1763 εῖναι
3046 1710 3139 1763 τὸν
3187 1709 3435 1779 Ῥώμης,
3475 1710 3624 1764 ἀντι-

330 1798 665 1868 patriarcbis
698 1795 982 1863 Romanis,
1002 1796 1093 1863 qui
1124 1812 1223 1865 pro
1248 1806 1495 1866 tempore
1523 1793 1766 1860 luerunt,
1789 1794 1925 1848 scri-
1960 1779 2011 1834 Β
2032 1779 2213 1872 λέςιειν
2242 1805 2346 1859 οὐκ
2378 1779 2706 1871 ἀναγκαῖὸν,
2740 1804 2865 1858 οὐδὲ
2896 1803 3296 1874 παρασλάπτον
3324 1804 3489 1857 τοῦτο
3518 1804 3622 1872 τὴν

331 1899 485 1960 ptum
515 1898 601 1945 est
635 1906 652 1955 ;η
673 1900 726 1945 et
758 1888 1092 1959 apostolicus
1124 1888 1213 1944 hic
1244 1887 1494 1951 thronus,
1530 1887 1705 1957 et,qui
1739 1887 1794 1941 in
1861 1900 1928 1939 eo

336 1980 563 2041 insidet,
582 1976 849 2050 pontilex,
878 1987 1085 2033 rectam
1114 1977 1272 2033 ﬁdem
1294 1985 1508 2041 tenens,
1531 1990 1821 2032 successor
1847 1973 1929 2029 di-

332 2067 477 2122 citur
508 2066 688 2134 Petri;
716 2067 1014 2133 nullusque
1039 2074 1188 2121 recte
1229 2065 1589 2120 sentientium
1616 2076 1669 2120 et
1696 2065 1928 2136 loquen-

333 2160 471 2215 tium
518 2161 830 2231 oppositum
893 2159 1206 2214 aﬂlrmabit.
1235 2159 1365 2214 Ideo
1392 2160 1631 2214 secunda
1665 2158 1927 2230 synodus.

342 2253 469 2308 licet
521 2252 755 2321 a'qualia
813 2250 1088 2323 iudicaret
1143 2251 1291 2307 sedis
1367 2250 1932 2321 Constantinopolita-

346 2358 434 2398 me
476 2342 625 2409 jura.
657 2343 897 2413 primum
929 2357 1052 2398 esse
1113 2342 1251 2397 dixit
1311 2341 1621 2410 Romanum
1697 2342 1922 2413 pontill-

335 2451 481 2501 cem,
533 2445 588 2491 et
652 2418 776 2490 licet
828 2434 1337 2505 ConstantinOpolls
1409 2437 1729 2504 episeopunt
1781 2443 1928 2490 tanta

334 2542 502 2596 posse
530 2535 741 2596 putaret
774 2537 978 2596 quanta
1009 2525 1196 2583 Romae
1228 2527 1538 2597 episcopus,
1567 2526 1719 2581 illum
1749 2536 1930 2582 tamen

336 2628 465 2689 post
498 2619 648 2675 hunc
678 2621 980 2673 secundum
1034 2629 1299 2688 praastare
1348 2620 1508 2675 dixit.
1548 2617 1618 2674 Et
1671 2628 1929 2691 quartum

337 2712 632 2768 concilium
668 2710 722 2766 in
746 2727 857 2781 quo
910 2711 1135 2782 triginta
1187 2721 1243 2769 et
1276 2711 1505 2767 trecenti
1554 2719 1932 2767 convenerunt

337 2803 604 2873 episcopi,
633 2804 824 2859 eodem
861 2803 1123 2859 innovato
1167 2814 1378 2865 statuto
1438 2805 1590 2873 paria
1645 2804 1785 2859 dixit
1810 2805 1933 2872 jura

341 2896 577 2961 Romani
627 2909 683 2954 et
732 2899 1326 2970 Constantinopolitani
1399 2900 1695 2971 pontilicis.
1752 2902 1933 2972 Ipsum

338 3003 471 3043 vero
503 2986 766 3055 Leonem,
801 2989 896 3058 qni
931 2989 1194 3059 epistolas
1221 2989 1288 3045 ad
1337 2991 1635 3045 concilium
1692 2989 1933 3061 scripsit,

347 3080 714 3151 apostolicum
751 3089 1085 3135 vocaverunt
1127 3081 1319 3137 Patres
1349 3082 1589 3147 concilii,
1624 3091 1935 3139 asserentes

342 3190 406 3231 se
445 3189 629 3231 vocem
668 3175 788 3245 ejus
844 3174 992 3229 velut
1023 3174 1172 3237 Petri
1236 3176 1506 3243 accipere,
1539 3184 1593 3231 et
1618 3176 1931 3232 columnam

345 3272 507 3322 recta:
543 3264 666 3321 lizlei
714 3264 1002 3335 epistolam
1058 3266 1179 3334 ejus
1229 3264 1690 3331 nominaverunt;
1723 3278 1935 3320 necnon

344 3359 540 3414 Patres
603 3364 772 3415 sextio
819 3357 1183 3429 septimaeque
1225 3358 1420 3430 synodi
1475 3368 1533 3412 et
1611 3366 1937 3413 ceterarum

350 3454 536 3509 sedem
597 3454 768 3524 ipsam
822 3452 1180 3523 apostolicam
1228 3452 1527 3523 appellant,
1577 3460 1634 3506 et
1696 3464 1798 3506 nos
1828 3464 1936 3505 non

348 3544 649 3603 :iuleriinus
675 3544 897 3602 Patrum
938 3545 1117 3616 leges;
1169 3556 1377 3603 rectam
1410 3544 1571 3601 [idem
1613 3550 1945 3599 tantummo-

345 3639 420 3697 do
444 3636 764 3708 proﬁteatur
782 3635 1037 3692 Silvestri
1055 3644 1109 3690 et
1128 3635 1464 3708 Agathonis,
1487 3634 1685 3692 Leonis
1710 3644 1763 3691 et
1786 3632 1942 3689 Libe-

346 3732 438 3793 rii.
501 3731 724 3789 Martini
790 3743 959 3801 atque
1008 3729 1261 3803 Gregorii
1312 3743 1603 3788 successor
1661 3726 1944 3785 Romanus

345 3825 612 3892 pontifex,
645 3834 702 3880 et
747 3835 879 3880 tunc
933 3823 1086 3881 illum
1113 3823 1479 3894 apostolicum
1511 3831 1945 3891 caeterornmque

346 3917 665 3997 pontiﬁcum
732 3917 1034 3988 principem
1082 3915 1537 3986 predicabimus;
1594 3926 1652 3971 et
1679 3915 1784 3987 ipsi
1816 3913 1946 3970 obe-

352 4013 618 4075 dientiam
660 4011 1069 4083 praestabimus,
1122 4025 1232 4065 non
1295 4019 1508 4065 tantum
1570 4010 1721 4066 velut
1756 4007 1943 4072 Petro,

349 4106 449 4163 sed
499 4106 668 4161 etiam
706 4105 857 4160 velut
886 4102 993 4173 ipsi
1031 4100 1327 4160 Salvatori.
1382 4103 1451 4157 At
1513 4101 1561 4156 si
1623 4109 1944 4156 sanctorum

359 4200 579 4259 illorum
606 4196 730 4251 ﬁdei
764 4195 939 4260 lieres
962 4208 1073 4249 non
1116 4193 1211 4261 sit,
1241 4208 1415 4264 neque
1442 4194 1587 4248 sedis
1616 4191 1723 4250 erit
1745 4191 1942 4251 haeres.

350 4308 533 4364 neque
579 4291 742 4347 modo
792 4303 1140 4359 nequaquam
1185 4288 1292 4346 erit
1342 4286 1709 4355 apostolicus,
1765 4300 1945 4356 neque

351 4389 589 4458 primus,
620 4397 797 4454 neque
821 4380 1006 4446 Pater,
1031 4383 1128 4438 sed
1167 4381 1480 4438 econtratio
1513 4380 1864 4436 adversarius
1890 4390 1943 4436 et

2044 1898 2379 1969 Ἐκκλησίαν
2433 1896 2572 1950 ἐστί.
2630 1895 2983 1961 Δειξάτωσαν
3036 1895 3201 1964 μόνον
3245 1894 3413 1948 αὐτὸν
3462 1895 3522 1946 ἐν
3552 1896 3618 1962 τῇ

2033 1993 2213 2045 πίστει
2269 1990 2405 2043 ὄντα
2453 1988 2550 2042 τοῦ
2606 1988 2818 2058 Πέτρου
2874 1986 2971 2041 καὶ
3034 1984 3145 2041 τῶν
3200 1986 3469 2055 διαδόχων
3522 1983 3621 2037 τοῦ

2035 2085 2246 2153 Πέτρου
2278 2098 2293 2114 ’
2324 2082 2421 2136 καὶ
2452 2080 2633 2134 πάντα
2662 2079 2837 2149 ἐχέτω
2863 2079 2933 2133 τὰ
2964 2077 3058 2133 τοῦ
3087 2079 3322 2143 Πέτρου,
3350 2077 3447 2129 καὶ
3472 2076 3627 2145 πρῶ-

2033 2194 2122 2240 τος
2152 2175 2294 2230 ἔστω
2329 2175 2422 2230 καὶ
2449 2173 2670 2244 κορυφὴ
2698 2173 2798 2226 καὶ
2819 2171 3033 2240 κεφαλὴ
3061 2171 3306 2234 πάντων,
3331 2169 3424 2222 καὶ
3453 2169 3627 2239 ἄκρος

2034 2266 2351 2336 ἀρχιερεύς.
2383 2264 2494 2319 Kal
2524 2262 2635 2335 γὰρ
2674 2262 2835 2316 τοῦτο
2886 2262 3019 2330 περὶ
3067 2261 3178 2316 τῶν
3206 2260 3349 2314 κατὰ
3390 2260 3629 2329 καιροὺς

2035 2356 2397 2428 πατριαρχῶν
2444 2356 2671 2428 Ῥώμης
2722 2356 3063 2425 γέγραπται,
3117 2353 3217 2408 καὶ
3258 2350 3627 2415 amoenitati);

2036 2449 2195 2513 οὗτος
2228 2451 2256 2502 ό
2286 2448 2500 2518 θρόνος,
2532 2447 2630 2502 καὶ
2657 2449 2686 2501 ὁ
2715 2445 2803 2501 ιπ’
2838 2446 2992 2516 αὖτῷ
3021 2446 3123 2514 τῆς
3152 2443 3470 2515 ὸρθοδοξίας
3503 2443 3627 2513 exd-

2040 2558 2201 2611 μενος
2225 2541 2522 2613 ἀρχιερεὺς
2551 2538 2798 2611 διάδοχος
2827 2538 3053 2608 λέγεται
3103 2536 3200 2591 τοῦ
3235 2537 3446 2607 Πέτρου
3467 2551 3482 2567 ·
3517 2537 3621 2589 καὶ

2036 2635 2212 2697 οὐδεὶς
2256 2636 2366 2688 τῶν
2415 2631 2561 2705 ὀρθὰ
2598 2631 2949 2702 φρονούντων
2982 2649 3042 2685 τε
3089 2631 3186 2685 καὶ
3216 2629 3489 2699 λεγόντων
3524 2628 3623 2682 ἐπὶ

2037 2726 2250 2791 τούτοις
2298 2725 2540 2796 ἀντερεῖ.
2608 2723 2771 2779 Ἐπεὶ
2820 2724 2919 2778 καὶ
2963 2725 2999 2795 ή
3039 2723 3272 2794 δευτέρα
3313 2721 3557 2785 σύνοδος,
3590 2721 3628 2793 ἡ

2036 2820 2107 2873 τὰ
2135 2819 2229 2873 tua
2260 2816 2526 2888 πρεσϐεῖα
2555 2815 2636 2887 τῷ
2666 2814 3312 2878 Κωνσταντινουπό).εως
3353 2813 3624 2881 νέμουσα,

2040 2911 2258 2981 πρῶτον
2293 2907 2437 2964 εἶναι
2468 2908 2564 2962 τδν
2608 2906 2830 2980 Ῥώμης
2871 2909 3033 2977 φησὶ,
3083 2908 3181 2961 καὶ
3208 2907 3304 2960 τὸν
3331 2906 3434 2976 τῆς
3465 2906 3629 2960 Κων-

2041 3001 2547 3064 σταντινουπόλεως
2593 3001 2686 3055 ίσα
2740 2998 2842 3068 μὲν
2894 2997 2974 3070 τῷ
3039 2998 3266 3070 Ῥώμης
3319 2999 3628 3069 δυνάμενον

2041 3093 2202 3161 εἶναι,
2234 3095 2488 3164 δεύτερον
2520 3094 2576 3148 δὲ
2611 3092 2731 3164 μετ’
2760 3093 2971 3147 ἐκεῖνον
3000 3093 3293 3164 ὑπάρχειν.
3321 3093 3435 3146 Kal
3474 3093 3507 3162 ὴ
3535 3109 3630 3145 τες-

2041 3190 2215 3260 τάρτη
2247 3188 2304 3242 δὲ
2330 3188 2440 3241 τῶν
2472 3185 2781 3252 ἑξακοσίων
2809 3185 3133 3257 τριάκοντα,
3159 3185 3254 3240 τὸν
3284 3184 3453 3240 αὑτὸν
3492 3186 3631 3239 ἁνα-

2040 3279 2484 3349 κεφαλαιουμένη
2509 3275 2738 3341 κανόνα,
2763 3275 2833 3330 τὰ
2850 3276 3015 3346 ὃμοια
3035 3277 3166 3348 περὶ
3186 3276 3297 3329 τῶν
3318 3276 3634 3345 πρεσϐείων
3710 3334 3719 3339 ,

2041 3374 2136 3427 τοῦ
2175 3371 2397 3444 Ῥώμης
2425 3388 2487 3424 τε
2514 3372 2612 3426 καὶ
2644 3371 2740 3426 τοῦ
2775 3370 3411 3434 Κωνσταντινουπόλεώς
3464 3387 3630 3442 φησι.

2044 3466 2155 3519 Kal
2182 3464 2346 3518 αὑτὸν
2369 3462 2425 3517 δὲ
2453 3462 2547 3517 τδν
2567 3462 2773 3517 Λέοντα
2789 3461 2847 3526 ὃς
2879 3460 2980 3532 τὴν
3008 3463 3301 3527 ἐπιστολὴν
3327 3462 3536 3533 ἔγραψε
3558 3465 3632 3535 τῇ

2046 3556 2274 3628 συνόδῳ,
2300 3554 2672 3610 ἁποστολικόν
2697 3571 2865 3624 φασιν
2895 3555 2948 3609 οἱ
2976 3553 3080 3618 τῆς
3109 3555 3335 3609 συνόδου
3365 3556 3634 3623 Πατέρες,

2044 3649 2141 3702 καὶ
2164 3647 2242 3712 ὡς
2273 3647 2369 3701 τοῦ
2401 3647 2614 3719 Πέτρου
2646 3646 2903 3718 δέχεσθαι
2944 3646 3043 3710 τὰς
3072 3645 3242 3701 αὐτοῦ
3273 3647 3460 3715 φωνὰς
3490 3689 3507 3714 ,
3536 3649 3638 3701 καὶ

2045 3739 2251 3810 στήλην
2280 3738 2591 3810 όρδοδοξίας
2618 3739 2720 3810 τὴν
2758 3738 3060 3807 ἐπιστολὴν
3108 3736 3274 3793 αὐτοῦ
3309 3739 3422 3809 38
3450 3756 3636 3793 κατω-

2045 3834 2316 3905 νόμασαν.
2353 3832 2469 3887 Kal
2514 3832 2566 3887 οί
2602 3833 2705 3900 τῆς
2751 3831 2921 3902 ἕκτης
2953 3832 3177 3886 συνόδου
3220 3832 3439 3903 καὶτῆς
3480 3831 3638 3885 ἑϐδό-

2047 3943 2157 3995 μης
2186 3910 2286 3980 καῖ
2310 3926 2368 3979 αἱ
2392 3924 2585 3979 λοιπαὶ
2632 3924 2996 3979 ἀποστολικδν
3024 3924 3215 3994 θρόνον
3244 3924 3409 3979 αὐτὸν
3433 3925 3641 3995 ὀνομά-

2044 4021 2220 4085 ζουσι.
2242 4018 2355 4073 Kal
2376 4018 2540 4089 ἡμεῖς
2567 4018 2669 4071 οὐκ
2699 4017 3038 4090 ἀναιροῦμεν
3066 4018 3195 4080 τοὺς
3215 4016 3326 4069 τῶν
3350 4015 3633 4086 Πατὲρων

2045 4112 2229 4182 ὅρους.
2272 4112 2460 4166 Ἔστω
2514 4113 2683 4180 μόνον
2725 4114 2824 4183 τῆς
2859 4109 3174 4183 όρθοδοξίας
3216 4108 3547 4178 Σιλὸέστρου
3575 4124 3640 4162 τε

2048 4208 2142 4262 καὶ
2187 4204 2521 4274 ’Δγάθωνος,
2551 4204 2783 4268 Λέοντός
2808 4220 2869 4257 τε
2906 4204 3000 4259 καὶ
3032 4202 3294 4273 Λιϐερίου
3333 4202 3430 4256 καὶ
3474 4202 3638 4270 Μαρ-

2046 4299 2220 4365 τίνου,
2247 4302 2346 4355 καὶ
2400 4296 2706 4370 Γρηγορίου
2753 4295 3001 4367 διάδοχος
3053 4296 3082 4349 ὀ
3112 4294 3214 4365 τῆς
3257 4292 3506 4365 Ῥώμης,
3541 4292 3641 4347 καὶ

2046 4390 2223 4456 οὕτως
2258 4391 2624 4446 ἀποστολικδν
2681 4387 2849 4444 αὑτὸν
2900 4389 3000 4442 καὶ
3046 4386 3268 4459 πρῶτον
3300 4387 3411 4440 τῶν
3463 4384 3644 4440 ἄλλων

348 4488 601 4535 vastator
632 4487 686 4531 ιιι
726 4472 1104 4546 apostolorum
1168 4475 1453 4530 inimicus.
1509 4472 1660 4530 Unde
1721 4473 1945 4528 memini

2053 4484 2289 4557 ἐροῦμεν
2318 4482 2646 4556 ἀρχιερέων,
2681 4483 2777 4537 καὶ
2832 4481 2934 4553 τὴν
2966 4478 3252 4551 ὑποταγὴν
3288 4479 3440 4550 αὐτῷ
3468 4478 3644 4532 δώσο-

352 4572 559 4642 aliquid
617 4570 726 4626 tale
777 4568 847 4624 ad
904 4569 1199 4641 quemdam
1262 4583 1327 4624 ex
1391 4578 1548 4638 parte
1624 4564 1946 4622 Latinorum

351 4667 826 4738 Constantinopoli
884 4666 1112 4724 dixisse.
1165 4664 1381 4734 Quippe
1432 4677 1556 4717 cum
1610 4660 1656 4715 is
1703 4673 1790 4713 me
1836 4658 1949 4715 col-

353 4765 642 4825 locuturus
671 4759 956 4825 adirissct,
1018 4754 1425 4828 argumentanti
1487 4753 1747 4824 respondi
1800 4768 1949 4822 qua:-

353 4870 574 4927 cunque
617 4853 764 4910 Deus
806 4854 939 4911 mihi
988 4852 1137 4907 dedit
1169 4866 1237 4907 ex
1285 4858 1604 4905 sanctorum
1634 4846 1757 4917 ejus
1785 4847 1951 4902 dictis

356 4957 425 5008 tle
450 4959 568 5025 ipso
585 4953 895 5023 divinisque
916 4951 1089 5022 ipsius
1111 4949 1429 5005 veritatilms
1452 4948 1656 5001 dicere.
1682 4944 1948 5014 Ιιυιιίιιιιε.

359 5047 565 5114 Quare,
610 5048 808 5117 inquit,
845 5061 969 5101 cum
1003 5041 1240 5107 Orientis
1286 5040 1639 5111 pontilit-inus
1682 5038 1953 5108 dictisque

365 5138 694 5209 patriarebis
720 5138 1037 5196 societatem
1058 5137 1207 5197 initis
1223 5144 1387 5204 atque
1406 5133 1728 5188 memoriam
1757 5146 1950 5187 eorum

360 5236 418 5286 in
440 5230 680 5287 Ecclesia
705 5228 911 5298 facitis,
931 5228 1033 5284 etsi
1056 5229 1167 5291 sint
1187 5227 1401 5282 barbari
1427 5241 1606 5294 Iteqtle
1617 5232 1954 5295 cognoscant

369 5324 502 5394 quid
528 5324 599 5378 sit
623 5322 1109 5384 Cltristianismus,
1134 5336 1328 5391 papam
1362 5329 1544 5377 autem
1571 5317 1697 5373 licet
1732 5319 1952 5387 sapiens

369 5419 443 5471 sit
462 5420 718 5487 virosque
737 5418 925 5469 doctos
943 5415 1143 5483 quinos
1167 5413 1398 5481 stipatur
1423 5410 1647 5466 minime
1669 5410 1913 5479 accipitis
1931 5408 1955 5464 ’ί

367 5511 469 5565 Cui
505 5507 761 5580 respondi
796 5523 896 5562 nos
936 5520 1133 5576 papam
1195 5520 1385 5559 verum
1417 5517 1761 5573 nequaquam
1792 5517 1954 5556 aver-

368 5602 502 5667 sari,
540 5614 696 5655 neea
759 5597 1150 5653 communione
1203 5604 1389 5651 nostra
1444 5593 1694 5663 rejieere,
1738 5595 1956 5663 imoque

367 5708 471 5747 nos
521 5707 643 5746 cum
670 5692 764 5747 illo
789 5689 933 5747 sicut
961 5691 1084 5745 cu’m
1116 5688 1337 5745 Christo
1362 5702 1530 5742 unum
1577 5701 1723 5753 esse,
1747 5685 1956 5756 ipsum-

372 5797 495 5865 que.
537 5793 748 5866 patrem
776 5791 881 5869 _Vet
935 5791 1212 5856 pastorem
1277 5777 1572 5855 appellare.
1629 5775 1722 5844 ille
1774 5787 1956 5848 autem

2053 4597 2175 4649 μεν,
2204 4578 2303 4649 οὐχ
2326 4580 2401 4642 ὡς
2431 4577 2511 4647 τῷ
2540 4578 2738 4649 Πέτρῳ
2769 4575 2955 4648 μόνον,
2991 4577 3109 4632 ἀλλ’
3129 4575 3206 4639 ὡς
3236 4575 3389 4644 αὑτῷ
3419 4573 3498 4645 τῷ
3525 4574 3641 4628 Σω-

2050 4673 2201 4743 τῆρι.
2224 4673 2287 4726 Εἰ
2314 4673 2360 4727 δ’
2387 4673 2448 4725 οὐ
2476 4670 2725 4746 διάδοχος
2751 4672 2816 4741 τῇ
2846 4671 3031 4725 πίστει
3055 4671 3169 4732 τοῖς
3198 4667 3379 4735 ἁγίοις
3407 4667 3645 4728 ἐκείνοις

2051 4767 2223 4834 ἐστὶν,
2255 4765 2378 4819 οὐδὲ
2403 4764 2654 4835 διάδοχος
2680 4762 2774 4817 τοῦ
2811 4763 3033 4834 θρόνου.
3073 4762 3183 4816 Kal
3225 4762 3288 4815 οὐ
3322 4761 3487 4833 μόνον
3537 4759 3643 4812 οὐκ

2053 4857 2418 4917 ἀποστολικὸς
2447 4857 2545 4912 καὶ
2574 4857 2637 4910 οὐ
2688 4855 2909 4927 πρῶτος
2938 4855 3064 4929 οὐδὲ
3098 4854 3317 4924 Πατὴρ,
3366 4853 3505 4907 ἀλλὰ
3547 4853 3645 4905 καὶ

2054 4947 2299 5009 ἐναντίος
2330 4948 2426 5001 καὶ
2466 4944 2688 5014 λυμεὼν
2722 4949 2819 5001 καὶ
2846 4946 2959 4999 τῶν
2992 4945 3316 5000 ἀποστόλων
3356 4944 3513 4996 ἔσται
3540 4960 3645 4997 πο-

2055 5038 2472 5120 λέμιοςηὊθεν
2511 5040 2609 5093 καὶ
2643 5039 2954 5109 μέμνημαι,
2977 5037 3198 5105 ἀδελφέ,
3230 5035 3478 5089 τοιοῦτόν
3500 5052 3555 5088 τι
3585 5037 3644 5088 ἐν

2056 5132 2638 5187 Κωνσταντινουπόλει
2705 5131 2842 5201 πρός
2893 5149 3019 5186 τινα
3065 5131 3166 5201 τῆς
3231 5130 3342 5184 τῶν
3394 5129 3648 5184 Λατίνων
3712 5192 3715 5193 ν

2059 5225 2258 5297 μοίρας
2316 5223 2581 5297 εἰρηκώς.
2631 5224 2952 5296 Ἐπεὶγάρ
3000 5241 3094 5294 μοι
3126 5222 3438 5294 προσῆλθεν
3487 5222 3648 5286 οὗτος

2056 5316 2474 5387 διαλεγόμενος,
2508 5315 2649 5389 πρὸς
2680 5314 2752 5369 τὰ
2771 5314 2987 5369 ἐκείνου
3019 5313 3120 5382 μὲν
3157 5313 3344 5366 ἐκεῖνα
3375 5310 3646 5380 είρήκειν,

2056 5408 2159 5464 ὅσα
2209 5426 2301 5479 μοι
2330 5407 2466 5470 θεὸς
2514 5406 2753 5462 δέδωκεν
2786 5407 2853 5460 ὲκ
2900 5404 3011 5458 τῶν
3060 5403 3228 5459 αὑτοῦ
3280 5403 3454 5471 ἁγίων
3502 5401 3649 5468 ὑπὲρ

2058 5500 2227 5556 αὐτοῦ
2264 5503 2360 5556 καὶ
2386 5500 2496 5555 τῶν
2531 5499 2703 5555 αὐτοῦ
2737 5497 2901 5552 θείων
2929 5496 3222 5566 δογμάτων
3245 5496 3422 5548 εἰπεῖν
3445 5511 3458 5523 ·
3490 5491 3652 5558 τέλος

2059 5593 2119 5648 δέ
2173 5611 2284 5663 μοι,
2335 5594 2445 5646 Kal
2492 5591 2659 5652 διατι,
2700 5589 2915 5662 ἠρώτα,
2967 5591 3082 5652 τοῖς
3136 5588 3236 5659 μὲν
3280 5585 3651 5649 ’Λνατολικοῖς

2064 5685 2347 5757 ίεράρχαις
2398 5687 2513 5748 τοῖς
2553 5685 2875 5756 λεγομένοις
2920 5681 3295 5753 πατριάρχαις
3321 5678 3421 5749 τὴν
3450 5692 3649 5730 ⁴κοινω-

2066 5776 2187 5837 νίαν
2215 5778 2517 5850 παρέχετε,
2537 5778 2630 5834 καὶ
2661 5777 2760 5850 τὴν
2809 5774 3023 5831 τούτων
3057 5773 3289 5847 μνήμην
3312 5771 3401 5825 ἐπ’
3435 5767 3649 5839 ἐκκλη-
