4066 6474
300 323 396 391 121

1344 324 1740 388 DIALOGUS
1772 324 2071 388 CONTRA
2105 327 2501 393 ILERESES.

3476 327 3588 395 122

267 444 423 518 ,σίας
471 441 736 507 ποιεῖσθε,
798 440 1096 514 βαρϐάρων
1140 439 1314 497 ὄντων
1361 441 1567 509 αὐτῶν,
1608 445 1702 499 καὶ
1740 443 1876 514 μηδὲ

1997 463 2215 518 >εῐεοηε
2243 451 2499 519 qrmsivit
2553 450 2831 522 quomodo
2867 448 2973 506 hoc
3032 449 3148 505 fieri
3201 457 3406 517 potest,
3444 450 3578 506 dum

299 541 353 595 τί
373 541 492 594 ἐστι
519 535 961 606 Χριστιανισμὺς
997 537 1407 604 γινωσκόντων,
1444 539 1536 590 τὸν
1558 539 1614 591 δὲ
1642 539 1878 592 πάππαν

302 635 432 690 ὄντα
464 632 628 701 σορὸν
660 633 757 685 καὶ
781 632 907 694 τοὺς
929 631 1059 700 περ)⁵
1082 631 1244 684 αὑτὸν
1269 631 1594 701 ἐλλογίμους
1614 634 1718 687 οὐκ
1741 633 1880 687 ἀπο-

296 726 553 797 δέχεσθε;
589 726 731 796 Πρὸς
765 724 824 777 δν
850 726 1096 792 εἰρήκειν
1127 725 1260 794 ἐγὼ,
1293 725 1370 787 ὡς
1396 726 1470 779 Οὐ
1513 725 1606 778 τὸν
1639 725 1878 781 πάππαν

301 820 466 887 ἡμεῖς
492 816 953 887 ἀποστρεφόμεθα
987 816 1152 880 ὅλως,
1199 817 1296 871 καὶ
1331 816 1454 870 οὐδὲ
1479 817 1673 871 τούτου
1710 818 1878 889 ἐσμὲν

304 910 681 980 ἀκοινώνητοι,
711 911 912 980 μᾶλλον
942 911 997 965 δὲ
1034 911 1093 964 ’ἐν
1117 913 1284 980 ἐσμεν
1324 911 1444 979 μετ’
1475 910 1645 964 αὐτοῦ
1677 912 1754 975 ὡς
1783 917 1881 966 καὶ

309 1005 446 1074 μετὰ
484 1002 576 1055 τοῦ
599 1002 866 1072 Χριστοῦ,
901 1003 995 1056 καὶ
1032 1004 1253 1072 Πατέρα
1280 1003 1446 1055 αὐτὸν
1475 1001 1764 1071 ἡγούμεθα
1785 1003 1880 1055 καὶ

307 1093 564 1159 ποιμένα,
627 1094 734 1148 Τοῦ
791 1094 851 1148 δὲ
899 1093 1364 1162 διαπορουμὲνου,
1409 1095 1507 1146 καὶ
1556 1094 1707 1156 ὅπως
1763 1093 1878 1162 ἔχει

310 1186 462 1238 τοῦτο
482 1186 870 1255 διερωτῶντος,
897 1187 1017 1238 ἐπεὶ
1040 1185 1134 1238 τὸν
1179 1185 1312 1256 παρ’
1336 1187 1518 1248 αὐτοῖς
1551 1186 1783 1239 πάππαν
1816 1186 1878 1240 ού

318 1279 472 1346 μόνον
494 1277 554 1328 οὑ
574 1277 890 1330 κοινωνικὸν
913 1275 1135 1346 ἔχομεν,
1161 1273 1299 1327 ἀλλὰ
1321 1274 1416 1327 καὶ
1439 1274 1722 1343 αἱρετικὸν
1747 1275 1881 1325 ἁπο-

315 1369 605 1435 καλοῦμεν,
645 1369 822 1438 ἔγωγε
873 1369 1023 1437 αὐτῷ
1081 1367 1415 1439 ἀπεκρίθην,
1451 1368 1528 1432 ὡς
1590 1368 1727 1436 μετὰ
1786 1366 1880 1419 τοῦ

310 1463 511 1514 πάππα
541 1463 700 1530 ἡμεῖς
735 1461 828 1515 τοῦ
865 1465 1072 1532 Πέτρου
1097 1463 1193 1514 καὶ
1224 1463 1388 1515 Λίνου
1421 1463 1515 1515 καὶ
1556 1461 1882 1530 Κλήμεντος

311 1556 405 1606 καὶ
443 1557 737 1622 Στεφάνου.
772 1555 867 1609 καὶ
902 1555 1248 1618 Ἱππολύτου,
1281 1557 1375 1607 καὶ
1398 1553 1753 1619 Σιλϐἐστρου,
1784 1551 1882 1605 Ἰν-

309 1647 584 1697 νοκεντίου
617 1662 675 1697 τε
705 1647 801 1698 καὶ
829 1645 1061 1705 Λέοντος
1094 1645 1191 1698 καὶ⁹
1219 1643 1569 1712 Ἀγαπητοῦ,
1599 1641 1882 1712 Μαρτίνου

308 1753 369 1788 τε
396 1738 494 1789 καὶ
516 1737 848 1804 Ἀγάθωνος.
893 1739 990 1789 καὶ
1022 1737 1129 1789 τῶν
1154 1737 1362 1804 ὁμοίων
1388 1736 1600 1799 τούτοις
1633 1735 1878 1788 παππῶν

1981 558 2172 598 eorum
2230 561 2424 614 papam
2486 561 2597 602 non
2664 547 2828 601 modo
2885 561 2994 601 non
3050 543 3581 599 communicatorem

1989 637 2287 707 habemus,
2321 639 2417 696 sed
2448 640 2614 696 etiam
2660 640 2978 695 haereticum
3039 639 3382 708 appellamus
3412 639 3434 692 ?
3466 639 3584 708 Ego

1985 743 2120 782 vero
2150 731 2200 785 ei
2265 732 2522 800 reSpondi
2588 747 2691 786 nos
2723 746 2846 786 cum
2889 745 3030 800 papa
3099 730 3259 786 Petro
3311 739 3363 784 et
3416 729 3579 796 Lino,

1986 820 2269 876 Clemente
2301 833 2353 877 et
2384 820 2686 894 Stephano,
2745 823 3056 894 Hippolyto,
3091 821 3377 886 Silvestre,
3411 822 3582 876 iuno-

1982 917 2163 974 ceute,
2217 909 2401 965 Leone
2441 920 2496 964 et
2547 911 2813 982 Agapeto,
2861 911 3097 966 Mai-tino
3155 919 3208 963 et
3274 911 3578 980 Agathone,

1984 999 2293 1070 horumque
2323 1001 2595 1056 similibus
2629 1002 2782 1072 papis
2809 1010 2863 1056 et
2901 1001 3234 1069 patriarchis
3267 1017 3566 1070 perennem

1983 1093 2430 1147 communionem
2493 1103 2548 1150 et
2592 1097 2852 1149 unionem
2895 1110 3022 1148 cum
3064 1094 3288 1148 Christo
3351 1093 3582 1164 habere

1986 1186 2303 1254 nullamque
2333 1186 2600 1240 rationem
2639 1203 2740 1242 nos
2774 1189 2839 1241 ab
2860 1187 2980 1241 istis
2999 1198 3382 1256 separaturam
3416 1202 3539 1240 esse
3570 1206 3586 1252 ς

1985 1287 2040 1332 et
2087 1279 2229 1332 istud
2263 1288 2412 1346 patet
2447 1295 2513 1334 ex
2547 1295 2612 1335 eo
2666 1279 2815 1350 quod
2853 1280 2956 1336 hos
2988 1295 3180 1350 omnes
3232 1279 3580 1334 celebramus

1987 1386 2126 1438 quos
2202 1371 2456 1427 doctores
2509 1381 2564 1426 et
2617 1384 2802 1441 patres
2864 1346 3148 1435 vocamus,
3216 1380 3583 1440 sanctamque

1987 1479 2178 1518 eorum
2216 1467 2538 1520 memoriam
2593 1467 2850 1533 facimus,
2883 1481 3090 1536 eosque
3126 1467 3470 1536 patriarchas
3500 1477 3586 1518 at-

1989 1573 2095 1624 que
2160 1567 2340 1626 patres
2391 1558 2622 1619 ciemus.
2675 1574 2942 1626 quoniam
3017 1573 3207 1614 eorum
3269 1558 3394 1611 ﬁdei
3434 1573 3586 1627 sym-

1988 1648 2173 1702 bolum
2216 1663 2503 1704 servamus
2559 1650 2973 1713 intemeratum,
3030 1657 3085 1702 et
3118 1645 3587 1716 quemadmodum

1991 1738 2426 1807 baptizaverunt,
2483 1741 2555 1794 ita
2586 1750 2640 1794 et
2681 1754 2780 1794 nos
2817 1739 3179 1809 baptizamus,
3223 1737 3587 1807 quemadmo-

315 1830 412 1882 καὶ
441 1831 814 1899 πατριαρχῶν,
851 1831 1136 1884 κοινωνίαν
1161 1830 1534 1886 ἀδιάσπαστον
1568 1831 1626 1880 ὲν
1657 1827 1882 1898 Χριστῷ

1997 1831 2116 1883 dum
2149 1845 2365 1886 sacrum
2397 1831 2664 1897 fecerunt,
2704 1831 2776 1885 ita
2808 1838 2865 1886 et
2892 1847 2990 1886 nos
3023 1817 3272 1895 fecimus,
3321 1827 3586 1898 quemad-

314 1922 408 1973 καὶ
437 1921 630 1975 ἕνωσιν
657 1923 876 1991 ἔχομεν,
901 1923 993 1974 καὶ
1025 1921 1202 1984 οὐδεὶς
1234 1922 1394 1990 λόγος
1427 1921 1654 1992 χωρίσει
1681 1920 1888 1973 τούτων

309 2015 479 2082 ἡμᾶς.
505 2014 611 2066 Καὶ
631 2013 790 2083 δῆλον
814 2013 874 2078 ἐξ
895 2008 973 2070 ὧν
997 2013 1333 2082 ἑορτάζομεν
1361 2012 1586 2076 τούτους
1613 2013 1882 2080 ἅπαντας,

315 2104 670 2168 διδασκάλους
703 2105 1000 2175 ἡγούμενοι
1031 2107 1123 2159 καὶ
1157 2106 1433 2175 Πατέρας,
1465 2106 1562 2157 καὶ
1593 2105 1693 2169 τὰς
1727 2105 1884 2174 ἱερὰς

317 2197 496 2250 αὐτῶν
554 2200 772 2269 μνήμας
827 2200 1074 2268 ἄγοντες,
1128 2201 1224 2252 καὶ
1265 2199 1608 2269 πατριάρχας
1659 2199 1884 2259 τούτους

316 2289 410 2340 καὶ
443 2289 690 2360 Πατέρας
717 2289 1028 2356 καλοῦντες,
1061 2290 1297 2361 ἐπείπερ
1350 2291 1446 2342 καὶ
1489 2289 1554 2342 τὸ
1606 2287 1885 2357 Σύμϐολον

312 2380 409 2447 τῆς
431 2380 653 2435 ἐκείνων
678 2383 916 2446 πίστεως
934 2383 1098 2452 ἡμεῖς
1123 2381 1462 2452 ἁκηλίδωτον
1486 2381 1884 2454 περιφέρομεν,

315 2473 410 2523 καὶ
429 2471 505 2533 ὡς
543 2471 929 2540 ἐϐαπτίσαντο,
975 2473 1392 2545 ἐϐαπτίσθημεν
1417 2515 1432 2540 ,
1467 2477 1562 2529 καὶ
1601 2475 1679 2538 ὡς
1728 2473 1888 2544 ἱερώ-

314 2562 510 2631 Θησαν,
549 2565 876 2635 ἱερὼϐημεν,
925 2567 1021 2618 καὶ
1065 2565 1138 2628 ὡς
1175 2565 1598 2636 παραδεδώκασι
1656 2567 1884 2636 Χριστῷ

315 2655 410 2719 τὰς
444 2656 623 2727 ψυχὰς
651 2659 707 2711 ἐν
734 2658 811 2731 τῷ
835 2659 1123 2732 Συμϐόλῳ,
1161 2661 1258 2713 καὶ
1286 2663 1447 2731 ἡμεῖς
1480 2659 1884 2731 παρατίθεμεν.

314 2747 386 2802 Εἴ
404 2767 489 2812 τις
520 2750 614 2804 οὖν
637 2753 818 2821 ὅμοιος
849 2753 1064 2817 τούτοις
1111 2753 1186 2822 τῷ
1215 2753 1480 2824 Συμϐόλῳ
1511 2754 1614 2824 τῆς
1653 2755 1888 2815 πίστεως

316 2845 411 2896 καὶ
438 2843 517 2914 τῷ
554 2844 652 2915 βίῳ
681 2848 773 2900 καὶ
808 2849 921 2909 τοῖς
951 2847 1099 2900 ἔθεσι
1138 2851 1236 2916 τῆς
1261 2846 1598 2918 ὀρθοδοξίας,
1622 2863 1888 2918 ’κοινωνιο

313 2938 408 3001 κὸς
430 2940 562 3008 ἡμῖν
597 2932 752 3001 οὗτος
781 2943 807 2994 ὁ
841 2942 1056 3012 Πατήρ.
1093 2942 1203 2995 Καὶ
1231 2941 1308 3003 ὡς
1339 2942 1433 2995 τὸν
1475 2941 1684 3011 Πέτρον
1718 2939 1889 2993 αὐτὸν

313 3032 538 3105 ἔχομεν,
568 3033 664 3086 καὶ
693 3037 761 3092 τὰ
805 3036 903 3104 τῆς
944 3037 1196 3100 ὲνώσεως
1224 3037 1318 3089 ἐπὶ
1369 3036 1542 3090 πολὺν
1570 3036 1663 3089 τὸν
1696 3035 1892 3105 χρόνον

320 3128 450 3194 ἡμῖν
484 3128 581 3178 καὶ
630 3128 709 3188 εἰς
754 3129 962 3192 αἰῶνας
1015 3129 1172 3182 ἔσται
1224 3127 1466 3184 αἰώνων.
1535 3127 1758 3198 Ἐπειδὴ
1793 3129 1888 3181 καὶ

313 3222 448 3288 ἄχρι
499 3220 702 3298 χιλίων⁵
736 3221 874 3275 ὲτῶν
923 3222 994 3275 τὰ
1033 3222 1134 3292 τῆς
1180 3221 1497 3293 ὀρθοδοξίας
1547 3223 1662 3285 τοῖς
1709 3222 1891 3289 ἁγίοις

313 3315 548 3377 ἐκείνοις
596 3313 862 3383 διέμεινε,
920 3317 1017 3372 καὶ
1068 3317 1096 3385 ἡ
1148 3315 1434 3386 ὀρθόδοξος
1490 3315 1675 3369 αὐτῶν
1707 3313 1892 3374 πίστις

313 3412 449 3478 παρ’
480 3411 634 3480 ἡμῖν.
667 3411 838 3481 Δῆλον
869 3411 976 3484 γὰρ
1007 3412 1085 3475 ὡς
1115 3411 1260 3466 οὕτω
1311 3411 1373 3465 τδ
1405 3409 1552 3464 θεῖον
1602 3407 1888 3478 Σύμϐολον

314 3505 539 3568 ἐκεῖνοι,
566 3506 639 3567 ὡς
667 3506 854 3575 ἡμεῖς,
881 3505 1219 3576 ὡμολόγουν,
1249 3503 1343 3558 καὶ
1365 3501 1708 3574 μαρτυροῦσι
1733 3501 1894 3554 τοῦτο

315 3597 429 3659 τοῖς
463 3598 630 3667 ὅροις,
667 3599 759 3650 καὶ
794 3599 944 3651 πᾶσα
1002 3599 1124 3668 μὲν,
1160 3596 1554 3667 καθαρώτερον
1581 3595 1639 3649 δὲ
1697 3595 1730 3663 ἡ
1760 3595 1892 3661 ἑκτη

319 3707 379 3741 τε
404 3690 496 3742 καὶ
538 3689 743 3760 ἑϐδόμη
776 3689 885 3744 τῶν
939 3688 1344 3758 οίκουμενικῶν
1373 3689 1631 3742 συνόδων.
1671 3685 1891 3751 Ἐξότου

329 3783 390 3836 δὶ
415 3784 450 3851 ὴ
469 3783 789 3854 καινοτομία
820 3784 952 3854 περὶ
981 3784 1043 3836 τὸ
1071 3783 1216 3837 θεῖον
1237 3782 1439 3852 συνέϐη
1464 3781 1765 3852 Σύμϐολον,
1791 3780 1891 3832 οὐκ

307 3927 310 3933 .
339 3876 417 3927 ἔτι
453 3877 532 3930 τὸν
559 3878 792 3931 πάππαν
844 3878 1196 3949 εὑρίσκομεν,
1227 3877 1350 3931 οὐδὲ
1407 3877 1501 3930 τὸν
1530 3873 1893 3930 ἀποστολικὸν

333 3970 422 4021 καὶ
468 3971 714 4038 Πατέρα·
752 3971 878 4024 ἐπεὶ
905 3971 1030 4024 οὐδὲ
1094 3970 1238 4024 κατὰ
1272 3970 1372 4040 τὴν
1407 3971 1590 4022 πίστιν
1631 3967 1726 4022 τοῦ
1757 3969 1896 4020 arto-

328 4061 514 4115 στόλου
551 4065 764 4132 Πέτρου
798 4065 895 4116 καὶ
923 4064 1021 4134 τὴν
1048 4063 1345 4133 ὁμολογίαν
1381 4062 1533 4115 ἔστιν
1561 4062 1744 4132 εὑρεῖν
1767 4059 1894 4124 τοὺς

321 4154 440 4205 νυνὶ
459 4153 782 4221 λεγομένους
813 4154 1072 4216 πάππας,
1092 4153 1227 4206 ἀλλὰ
1248 4152 1392 4206 κατὰ
1423 4153 1590 4223 μόνην
1607 4155 1707 4220 τὴν
1722 4151 1895 4222 ἄρνη-

322 4258 424 4292 σιν.
467 4241 578 4293 Καὶ
613 4241 803 4312 ὥσπερ
834 4243 895 4296 οὐ
934 4244 1142 4314 Πέτρος
1178 4245 1206 4296 ὁ
1245 4243 1475 4313 Πέτρος,
1521 4243 1632 4298 οὐδ’
1660 4243 1896 4298 ἀπόστο-

319 4333 433 4398 λος,
462 4334 586 4386 οὐδὲ
631 4335 850 4404 πρῶτος
882 4335 972 4389 τὸν
998 4337 1237 4404 Χριστὸν
1268 4337 1678 4408 ἀρνησάμενος.
1729 4335 1840 4390 οὐδ’
1865 4337 1895 4390 ὁ

319 4425 614 4494 λεγόμενος
638 4429 868 4490 πάππας
887 4427 1038 4481 ἔσται
1061 4427 1295 4489 πάππας
1318 4428 1473 4490 ποτὲ,
1494 4426 1568 4497 μὴ
1591 4427 1692 4496 τὴν
1710 4427 1895 4480 πίστιν

1991 1923 2214 1979 modum
2264 1925 2476 1980 animas
2524 1924 2745 1981 Christo
2785 1927 2838 1980 in
2871 1925 3124 1996 symbolo
3169 1924 3592 1978 commendave-

1990 2028 2145 2081 runt,
2180 2017 2252 2072 ita
2304 2027 2359 2073 et
2400 2035 2500 2073 nos
2536 2021 3016 2072 commendamus.
3050 2017 3106 2071 Si
3143 2017 3270 2085 quis
3315 2031 3446 2084 ergo
3495 2008 3586 2070 his

1989 2109 2186 2165 similis
2243 2110 2317 2164 sit
2346 2109 2594 2176 symbolo
2633 2109 2778 2175 ﬁdei,
2814 2109 3230 2165 conversatione
3251 2116 3304 2161 et
3342 2107 3588 2164 moribus

1989 2209 2139 2255 recta
2170 2201 2425 2271 opinione
2459 2201 2662 2271 dignis,
2694 2203 2740 2258 is
2794 2202 2954 2256 nobis
3000 2207 3103 2257 erit
3149 2199 3588 2255 communicator

1992 2306 2046 2348 et
2082 2305 2257 2360 pater,
2315 2310 2555 2364 eumque
2627 2296 2771 2372 sicut
2845 2295 3062 2350 Petrum
3122 2294 3467 2354 habebimus,
3532 2299 3588 2346 et

1993 2387 2217 2441 unionis
2249 2389 2465 2442 vincula
2507 2405 2604 2458 per
2641 2389 2864 2456 longum
2927 2400 3142 2454 tempus
3193 2400 3247 2440 et
3292 2386 3345 2439 in
3383 2386 3586 2440 srccula

1991 2479 2320 2533 saeculorum
2357 2483 2780 2550 permanebunt,
2813 2481 3280 2550 quemadmodum
3337 2478 3458 2532 lidei
3498 2478 3587 2531 iu-

1991 2572 2218 2638 tegritas
2291 2587 2320 2626 a
2375 2572 2524 2626 mille
2587 2573 2748 2628 annis
2805 2572 2911 2626 illis
2968 2571 3177 2626 sanctis
3251 2571 3578 2640 permansit.

1991 2674 2042 2716 et
2075 2664 2291 2718 sincera
2346 2679 2539 2719 eorum
2577 2665 2708 2718 ﬁdes
2739 2665 2875 2732 apud
2937 2679 3038 2717 nos
3090 2671 3296 2718 manet.
3353 2663 3588 2718 Constat

1991 2755 2136 2808 euiui
2163 2769 2258 2808 eos
2297 2753 2438 2808 idem
2500 2771 2564 2810 ac
2601 2771 2702 2809 nos
2736 2755 3058 2825 Symbolum
3106 2753 3396 2808 confessos
3427 2769 3576 2818 esse,

1993 2849 2137 2917 quod
2159 2849 2382 2903 statutis
2403 2857 2673 2904 testantur
2694 2848 3120 2918 omniaquidem
3141 2863 3202 2900 ex
3226 2848 3584 2902 (ecumeuicis

1995 2941 2254 3004 concilia.
2287 2943 2604 3011 expressius
2663 2951 2841 2998 autem
2889 2949 3103 2997 sextum
3143 2951 3196 2995 et
3265 2941 3588 3010 septimum.

1997 3034 2100 3089 Sed
2133 3051 2196 3089 ex
2228 3051 2339 3105 quo
2399 3052 2536 3090 nova
2563 3036 2706 3092 circa
2770 3037 3018 3090 divinum
3077 3035 3396 3107 Symbolum
3463 3034 3587 3092 ﬁcta

1996 3139 2142 3192 sunt,
2171 3127 2282 3197 jam
2324 3143 2432 3182 non
2471 3143 2669 3198 papam
2702 3128 3036 3192 invenimus,
3072 3144 3176 3184 nec
3223 3128 3588 3200 apostolicum

2004 3232 2182 3286 neque
2215 3216 2453 3284 Patrem,
2491 3233 2616 3272 cum
2651 3216 2948 3272 secundum
2979 3215 3138 3270 ﬁdem
3178 3225 3342 3285 atque
3369 3215 3590 3269 confes-

2004 3309 2217 3362 sionem
2287 3309 2523 3378 apostoli
2583 3308 2729 3363 Petri
2773 3325 2880 3363 non
2933 3307 3283 3362 inveniantur
3313 3306 3403 3376 qui
3446 3321 3593 3366 nunc

2002 3418 2158 3472 papae
2192 3403 2472 3466 dicuntur,
2499 3403 2590 3457 sed
2625 3402 2971 3457 solummodo
3004 3399 3308 3456 secundum
3345 3400 3590 3470 negatio-

2003 3512 2151 3552 nem.
2195 3496 2259 3552 Et
2285 3497 2772 3566 quemadmodum,
2818 3505 3014 3560 negato
3069 3496 3312 3558 Christo,
3395 3493 3591 3549 Petrus

1997 3590 2110 3659 jam
2147 3587 2343 3644 Petrus
2390 3605 2495 3642 non
2543 3599 2775 3653 est,nec
2825 3587 3111 3658 apostolus
3158 3601 3334 3655 neque
3361 3587 3590 3655 primus,

2003 3684 2075 3737 ita
2115 3683 2290 3738 necis
2319 3683 2410 3749 qui
2465 3696 2602 3750 papa
2657 3680 2863 3734 dicitur
2923 3681 3036 3748 jam
3085 3679 3190 3733 erit
3249 3695 3409 3747 papa,
3464 3693 3591 3731 cum

2002 3789 2111 3828 non
2159 3772 2359 3826 habeat
2392 3773 2536 3827 Petri
2573 3771 2733 3824 [idem
2794 3785 2957 3840 quam
3001 3771 3140 3824 trina
3221 3769 3591 3832 confessione,

2003 3875 2189 3935 utpote
2262 3865 2517 3936 diligens,
2567 3864 2803 3934 signavit
2877 3861 3096 3924 Petrus,
3164 3873 3450 3930 pOstquam
3511 3870 3595 3914 ter

2003 3960 2332 4026 negavisset,
2358 3973 2536 4026 neque
2585 3971 2876 4012 successor
2901 3955 3006 4009 erit
3040 3954 3144 4010 nisi
3181 3954 3416 4008 ditescat
3445 3953 3590 4007 bona

2002 4053 2112 4108 divi
2142 4052 2297 4118 ,Petri
2333 4053 2564 4123 ejusque
2605 4065 2995 4107 successorum
3034 4047 3389 4104 confessione
3421 4060 3588 4115 quam

2004 4147 2165 4202 Pater
2197 4147 2410 4201 coalitus
2450 4144 2738 4200 revel‘avit.
2765 4141 2897 4208 Qua:
2941 4158 3065 4198 cum
3113 4141 3440 4199 diceremus.
3475 4139 3594 4192 col-

2004 4239 2224 4294 locutor
2258 4247 2490 4292 miratus
2551 4240 2754 4298 tacuit;
2789 4246 2847 4293 et
2901 4236 3003 4289 hoc
3033 4242 3114 4291 est
3149 4233 3372 4294 veritas.
3399 4241 3455 4286 et
3486 4231 3597 4284 Do-

2006 4333 2188 4386 minus
2216 4329 2310 4399 qui
2346 4330 2546 4384 veritas
2572 4338 2657 4384 est
2689 4330 2829 4384 dixit
2860 4346 2875 4383 :
2921 4347 2939 4380 ‹
2976 4325 3154 4381 Nemo
3189 4325 3296 4379 scit
3321 4339 3442 4392 qua:
3465 4329 3596 4383 sunt

2009 4422 2291 4489 hominis,
2346 4422 2451 4476 nisi
2516 4422 2742 4489 spiritus
2784 4421 2876 4490 qui
2932 4420 2984 4474 iu
3042 4433 3110 4474 eo
3184 4425 3289 4482 est,
3340 4423 3396 4470 et
3434 4429 3601 4469 nemo

321 4519 466 4590 ἔχων
497 4522 589 4573 τοῦ
633 4523 862 4591 Πέτρου,
895 4521 964 4593 ἦν
992 4523 1186 4592 τριττῇ
1224 4521 1486 4592 ὁμολογία
1537 4520 1613 4584 ὡς
1666 4521 1890 4589 ἀγαπῶν

2004 4515 2258 4586 cognovit
2292 4531 2416 4586 quas
2449 4514 2545 4570 Dei
2576 4526 2704 4568 sunt
2734 4514 2836 4569 nisi
2871 4512 3109 4582 Spiritus
3139 4512 3229 4581 qui
3261 4510 3316 4563 in
3346 4523 3413 4564 eo
3439 4516 3542 4571 est,
3568 4523 3592 4565 t

321 4613 350 4664 ὁ
395 4612 601 4682 Πέτρος
635 4614 996 4682 ἐσφράγισεν,
1037 4613 1162 4665 ἐπεὶ
1210 4613 1332 4680 τρὶς
1367 4612 1713 4683 ἑξηρνήσατο
1739 4628 1754 4644 ο
1787 4612 1898 4664 οὐδ’

324 4704 478 4758 ἔσται
530 4693 794 4774 διάδοξος,
847 4705 896 4757 εἰ
934 4707 1008 4775 μὴ
1042 4705 1293 4759 πλουτῶν
1347 4703 1449 4778 ἔχῃ
1479 4704 1546 4758 τὰ
1596 4705 1692 4771 τῆς
1727 4703 1901 4772 καλῆς

323 4799 615 4867 ὁμολογίας
645 4799 739 4852 τοῦ
765 4798 912 4852 Θείου
949 4799 1160 4869 Πέτρου
1209 4799 1308 4852 καὶ
1338 4799 1446 4852 τῶν
1483 4800 1692 4852 ἐκείνου
1723 4797 1902 4850 διαδό-

325 4910 460 4960 χων,
491 4894 556 4963 ἣν
583 4896 608 4944 ὁ
651 4893 844 4962 Πατὴρ
889 4893 1098 4947 ἄνωθεν
1132 4891 1480 4962 ἁπεκὰλυῴε.
1518 4891 1706 4946 Ταῦτα
1741 4889 1902 4961 ἡμῶν

331 4985 622 5052 λεγόντων,
653 4989 679 5037 ὁ
706 4985 1090 5054 διαλεγόμενος
1124 4987 1414 5056 θαυμάσας
1467 4985 1752 5053 σεσίγηκε-
1791 4985 1903 5038 καὶ

328 5079 482 5130 τοῦτο
507 5080 656 5131 ἐστιν
675 5078 923 5148 ἀλήθεια.
951 5081 1060 5130 Καὶ
1084 5081 1112 5133 ὀ
1143 5080 1348 5148 Κύριος
1377 5080 1408 5148 ἡ
1438 5078 1667 5148 ἀλήθειά
1693 5095 1862 5148 φησιν
1884 5095 1900 5112 ο

336 5191 351 5221 ι
384 5173 572 5230 Οὐδεὶς
607 5167 713 5224 οἶδε
753 5173 820 5225 si
850 5172 943 5224 τοῦ
979 5171 1301 5240 ἀνθρώπου,
1351 5174 1400 5225 εὶ
1439 5174 1513 5240 μὴ
1559 5173 1618 5224 τὸ
1680 5172 1905 5240 Πνεῦμα

330 5265 434 5335 39
461 5265 520 5317 τὸ
552 5267 610 5316 ὲν
653 5265 821 5331 αὐτῇ,
880 5271 974 5331 καὶ
1021 5265 1201 5328 οὐδεὶς
1257 5265 1324 5318 τὰ
1390 5265 1484 5316 τοῦ
1545 5263 1682 5318 Θεοῦ
1737 5261 1904 5328 εἶδεν,

333 5358 378 5409 εί
408 5360 483 5426 μὴ
515 5359 575 5409 τὸ
607 5355 831 5426 Πνεῦμα
865 5357 924 5409 τὸ
950 5360 1007 5410 ἐν
1051 5357 1201 5427 αὐτῷ
1224 5375 1238 5390 ο
1267 5375 1286 5409 ι
1341 5358 1426 5420 τίς
1467 5357 1573 5426 ἄρα
1609 5357 1802 5426 νοῆσαί
1849 5376 1904 5412 τι

333 5453 670 5520 καυχήσεται
696 5450 790 5502 τοῦ
821 5452 1140 5520 Πνεύματος
1182 5450 1550 5521 ὑψηλότερον;
1582 5449 1675 5502 τοῦ
1737 5453 1908 5505 Πνεύ-

339 5559 501 5609 ματος
529 5543 586 5596 δὲ
616 5543 665 5596 oi
707 5542 970 5611 Πατέρες,
1003 5544 1097 5596 καὶ
1121 5543 1188 5596 τὰ
1205 5547 1262 5596 ἐν
1292 5546 1409 5606 ταῖς
1436 5543 1609 5606 Θείαις
1638 5544 1900 5615 Γραφαῖς.

336 5635 440 5688 Καὶ
470 5635 553 5688 ὅτι
585 5633 748 5688 τοῦτό
778 5649 842 5701 γε
865 5635 1082 5702 ἀληθὲς,
1111 5653 1130 5686 ι
1175 5635 1487 5704 Ἐρευνᾶτε,
1523 5637 1690 5703 φησὶν
1720 5635 1906 5700 αὐτὸς,

334 5727 426 5792 τὰς
460 5729 715 5799 Γραφὸς,
766 5727 850 5778 ὅτι
905 5729 962 5778 ἐν
1003 5728 1191 5791 αὑταῖς
1246 5729 1458 5781 δοκεῖτε
1491 5727 1638 5797 ζωὴν
1687 5727 1909 5782 αἰώνιον

334 5818 495 5892 ίχειν.
533 5821 643 5888 Kal.
681 5817 844 5873 αὗταί
875 5820 1009 5873 εἰσιν
1042 5818 1370 5892 αἰὸηλοῦσαι
1396 5822 1522 5891 περὶ
1554 5820 1710 5894 ἐμοῦ.
1759 5842 1776 5875 ι
1812 5823 1909 5886 Τίς

2004 4608 2128 4676 quis
2195 4623 2328 4678 ergo
2383 4608 2710 4677 gloriabitur
2764 4606 2920 4676 quasi
2985 4605 3314 4663 sublimiora
3385 4601 3597 4670 Spiritu

2005 4700 2448 4766 cogitaverit?in
2502 4698 2710 4769 Spiritu
2773 4697 2967 4752 Patres
3039 4697 3351 4766 divinaeque
3399 4693 3602 4747 docent

2007 4792 2326 4862 Scriptura.
2351 4792 2499 4847 Istud
2523 4807 2743 4862 quoque
2775 4806 2964 4846 verum
2993 4796 3076 4842 est
3109 4805 3122 4855 ;
3147 4788 3221 4841 ait
3244 4785 3390 4840 enim
3418 4783 3602 4838 Domi-

2007 4902 2110 4941 nus
2146 4904 2162 4940 :
2204 4886 2589 4957 rlScrutamini
2630 4884 2963 4953 Scripturas,
3001 4881 3261 4951 quoniam
3310 4876 3513 4947 putatis
3540 4876 3595 4929 in

2006 4983 2085 5038 eis
2114 4983 2277 5037 vitam
2309 4991 2570 5036 aeternam
2614 4979 2883 5040 invenire,
2924 4983 2978 5030 et
3010 4976 3115 5028 illa:
3144 4980 3273 5026 sunt
3303 4985 3422 5038 quae
3447 4968 3598 5023 testi-

2010 5076 2253 5130 monium
2282 5075 2568 5145 perhibent
2597 5074 2664 5145 de
2696 5087 2835 5126 me.»
2865 5069 2998 5136 Quis
3021 5067 3186 5136 igitur
3216 5063 3438 5118 audebit
3465 5077 3599 5116 con-

2011 5177 2090 5223 tra
2145 5169 2461 5238 Scripturas
2491 5182 2629 5220 nova
2678 5163 2883 5226 moliri,
2916 5171 2974 5216 et
3000 5171 3192 5216 contra
3241 5161 3435 5214 Patres
3460 5172 3598 5224 quos

2012 5263 2316 5331 rrpleverat
2353 5258 2589 5328 Spiritus
2637 5258 2785 5328 loqui
2817 5256 2839 5310 ?
2869 5253 3001 5308 Nam
3045 5255 3090 5308 si
3118 5252 3384 5306 Dominus
3415 5249 3595 5312 dixit:

2016 5373 2035 5406 ι
2079 5352 2413 5407 Scrutamini
2445 5350 2796 5421 Scripturas;
2835 5369 2854 5403 ι
2910 5358 2964 5403 et
3003 5347 3204 5402 Paulus
3240 5363 3254 5401 :
3288 5363 3308 5397 ί
3345 5343 3599 5400 Christus

2013 5459 2206 5514 passus
2272 5453 2358 5498 est
2409 5457 2505 5510 pro
2556 5443 2714 5496 nobis
2791 5441 3092 5496 secundum
3157 5437 3492 5508 Scripturas,
3547 5443 3602 5490 et

2011 5536 2322 5592 cruciﬁxus.
2353 5546 2408 5589 et
2455 5535 2612 5588 tertia
2661 5534 2750 5589 die
2793 5533 3092 5589 resurrexit
3124 5531 3422 5586 secundum
3455 5526 3603 5582 Scri-
3698 5570 3705 5575 .

2015 5641 2228 5699 pturas,
2261 5648 2279 5680 ι
2316 5627 2583 5682 Dominus
2623 5641 2752 5682 vero
2788 5626 3060 5697 incipiens
3091 5640 3122 5680 a
3168 5623 3352 5695 Moyse
3395 5631 3450 5674 et
3477 5633 3600 5673 om-

2015 5723 2176 5776 nibus
2216 5721 2498 5792 prophetis
2530 5722 2924 5790 iuterpretatus
2962 5731 3046 5774 est
3076 5718 3129 5773 in
3161 5715 3418 5770 oninibus
3444 5709 3600 5766 Scri-

2016 5818 2338 5889 pturisquac
2399 5816 2465 5873 de.
2519 5817 2638 5886 ipso
2684 5825 2864 5883 erant,
2921 5831 3019 5870 nec
3053 5811 3195 5868 ullus
3243 5823 3311 5864 ex
3335 5803 3600 5879 apostolis
