4066 6486
461 326 562 393 127

1258 336 1655 398 SYMEJNIS
1693 338 2451 400 THESSALONICENSIS
2509 339 2866 403 ADCIIIEP.

3607 337 3626 402 l
3636 334 3699 403 2-8

459 449 657 517 getiam
680 449 860 501 mitem
891 465 902 499 :
949 448 1325 518 «Baptizantes
1355 454 1521 507 cosio
1547 455 1766 508 nomine
1788 454 1967 509 Patris
1991 463 2045 510 et

2154 474 2174 506 ι
2218 455 2326 507 Καὶ
2354 457 2437 515 εἰς
2471 454 2530 507 τί)
2565 453 2792 521 Πνεῦμα
2818 452 2877 504 τὸ
2909 451 3087 518 ἅγιον.
3121 470 3141 505 ι
3173 451 3202 505 6
3235 450 3300 521 δὴ
3320 450 3414 506 καὶ
3446 452 3552 505 τῶν
3577 470 3700 521 προ-

458 538 583 595 Filii
602 549 653 593 et
668 539 903 606 Spiritus
923 543 1131 607 sancti;
1162 562 1179 593 ι
1201 543 1277 598 illi
1301 558 1427 599 vero
1445 546 1799 614 adjecerunt:
1822 566 1839 598 ι
1856 548 2039 601 Domi-

463 646 593 684 num
627 632 1015 694 viviﬁcantem.
1042 637 1135 703 qui
1162 651 1224 688 ex
1259 634 1420 690 Patre
1463 638 1703 705 procedit
1727 682 1741 699 .
1776 640 1867 708 qui
1914 655 2036 693 cum

464 721 629 779 Patre
648 734 701 777 et
726 723 865 779 Filio
896 726 1060 780 simul
1089 728 1352 782 adorator
1379 737 1431 783 cl
1460 730 1920 800 congloriﬁcatur,
1945 731 2038 800 qui

465 817 683 870 locutus
708 827 793 870 est
818 832 914 881 per
948 819 1277 886 pmphetas;
1309 820 1360 873 in
1400 837 1559 874 uuam
1584 832 1825 876 sanctam
1853 824 2040 878 catho-

465 907 627 962 licam
645 917 697 961 et
716 909 1072 978 apostolicam
1095 909 1414 966 Ecclesium.
1430 932 1447 963 ι
1469 912 1730 982 Equidem
1752 915 1881 969 illud
1906 915 2042 972 «Do-

467 1000 677 1053 tniimm
711 1016 731 1049 ι
784 1016 848 1054 cx
878 1001 1105 1069 epistola
1133 1002 1244 1056 divi
1284 1002 1438 1057 Pauli
1467 1005 1743 1073 accipiunt
1768 1007 2038 1064 dicentis:

469 1109 488 1140 ι
507 1090 770 1145 Dominus
786 1101 963 1145 autem
993 1091 1229 1161 Spiritus
1249 1109 1266 1155 ς
1295 1095 1385 1147 ubi
1409 1111 1535 1149 vero
1553 1096 1787 1165 Spiritus
1806 1099 2040 1165 Domini,

463 1181 539 1234 ibi
570 1181 797 1237 libertas
822 1201 840 1234 ι
878 1182 1018 1237 istud
1052 1199 1215 1239 vero:
1250 1205 1268 1237 ι
1309 1185 1705 1248 Virilicantem.
1731 1208 1751 1242 ι
1785 1203 1849 1243 ex
1885 1204 2043 1245 sacro

465 1275 763 1343 Evangelio
794 1290 904 1342 quo
951 1277 1218 1345 scriptum
1278 1288 1409 1332 est:
1453 1299 1472 1330 ι
1506 1278 1742 1353 Spiritus
1810 1292 1892 1336 est
1949 1284 2042 1352 qui

465 1365 723 1419 viviﬁcat.
751 1384 768 1415 ι
795 1365 1058 1419 Similiter
1083 1366 1215 1421 illud
1242 1386 1253 1420 :
1281 1387 1299 1419 ι
1325 1368 1427 1434 Qui
1450 1385 1511 1423 ex
1539 1369 1696 1425 Patre
1720 1372 1982 1441 procedit,
2019 1392 2041 1427 ι

463 1458 532 1511 ab
577 1456 869 1525 Evangelia
934 1470 1181 1524 sumunt,
1245 1477 1344 1516 nec
1401 1477 1430 1515 a
1500 1464 1811 1533 semetipsis
1887 1465 2049 1535 quid-

463 1564 628 1618 quam
679 1549 882 1604 addere
911 1551 1136 1607 audent.
1172 1552 1289 1620 Ipse
1318 1553 1463 1607 enim
1495 1554 1710 1608 dixerat
1746 1554 2042 1613 Dominus:

480 1660 497 1690 ι
529 1639 764 1708 Spiritus
785 1642 1032 1696 veritatis
1055 1644 1146 1712 qui
1172 1659 1236 1697 ex
1267 1642 1426 1698 Patre
1446 1646 1684 1714 procedit
1714 1690 1727 1713 ,
1762 1666 1781 1699 ι
1815 1648 2047 1704 dicendo

463 1731 705 1799 quidem,
742 1751 762 1784 ι
816 1734 1083 1799 veritatis,
1122 1753 1139 1788 ι
1194 1738 1519 1792 monstravit
1568 1740 1849 1807 proprium
1896 1738 2043 1795 Patri

467 1823 732 1889 Spiritum
776 1839 918 1891 esse,
967 1836 1151 1894 utpote
1177 1828 1700 1885 consubstantialem
1753 1840 1806 1885 ct
1844 1831 2044 1887 indivi-

463 1910 676 1964 sibilem
748 1922 801 1965 et
833 1912 888 1966 itt
920 1928 984 1968 eo
1011 1915 1212 1984 iugiter
1235 1928 1544 1973 manentem
1572 1936 1587 1985 ;
1640 1920 1742 1976 hoc
1820 1934 2042 1978 autem:

470 2019 489 2051 ι
518 1998 619 2064 Qui
648 2018 712 2055 ex
735 2000 893 2056 Patre
914 2006 1178 2073 procedit,
1204 2027 1222 2058 ι
1256 2008 1427 2075 ipsius
1451 2009 1689 2077 Spiritus
1709 2012 2040 2082 principium

466 2102 515 2145 et
551 2108 774 2148 causam
819 2104 1087 2156 testatur:
1151 2098 1402 2156 videlicet
1459 2116 1584 2156 eum
1643 2118 1827 2160 esse:
1882 2103 2045 2161 Patre

461 2184 686 2254 perinde
730 2201 793 2240 ac
830 2188 941 2255 ipse
970 2188 1163 2255 Filius,
1198 2207 1321 2245 cum
1352 2193 1416 2249 de
1446 2196 1747 2266 semetipso
1797 2198 2040 2253 dixerit:

472 2293 491 2326 ι
528 2274 637 2344 Ego
665 2278 807 2332 exivi
838 2295 865 2332 a
906 2278 1062 2336 Patre
1111 2294 1167 2337 et
1198 2285 1366 2352 vado;
1412 2305 1433 2337 ι
1460 2297 1515 2342 et
1559 2304 1786 2350 rursus:
1823 2310 1842 2343 σ
1885 2291 2042 2347 Exivi

465 2381 493 2418 a
523 2364 684 2422 Patre
713 2381 766 2424 et
799 2371 919 2425 veni
955 2372 1006 2427 in
1048 2376 1334 2430 ntuudum.
1363 2395 1382 2428 ι
1418 2376 1629 2434 Idcirco
1680 2381 1725 2434 si
1751 2381 1852 2437 ista
1883 2383 2044 2438 intel-

464 2460 630 2528 ligare
652 2472 868 2531 oportet
895 2465 961 2520 de
988 2466 1393 2535 incarnatione,
1421 2471 1655 2527 dicendo
1678 2474 1845 2529 etiam
1872 2490 1889 2530 :
1924 2493 1943 2529 ι
1981 2475 2042 2532 In

470 2553 740 2625 principio
761 2566 897 2623 erat,
921 2567 975 2612 et
999 2560 1141 2627 apud
1166 2562 1333 2616 Deum
1356 2572 1500 2628 erat,
1524 2584 1542 2616 ι
1576 2574 1805 2622 testatur
1828 2568 2045 2626 Veritas

465 2644 683 2702 Patrem
706 2664 827 2704 esse
845 2649 1108 2720 suiipsius
1133 2661 1189 2707 et
1204 2653 1440 2722 Spiritus
1461 2672 1682 2712 causam
1701 2675 1717 2714 :
1741 2675 1865 2714 cum
1884 2660 2047 2718 Pater

463 2740 618 2796 solus
645 2740 714 2796 sit
744 2744 868 2798 I‘ons
892 2751 948 2797 et
972 2744 1382 2814 principium,et
1411 2750 1589 2813 radix,
1606 2759 1661 2804 et
1685 2767 1851 2808 causa
1877 2752 2045 2812 Verbi

450 2841 523 2886 .et
566 2833 846 2901 Spiritus;
880 2850 1005 2888 cum
1044 2836 1265 2905 insuper
1289 2837 1362 2892 sit
1400 2838 1560 2894 Pater
1586 2842 1880 2910 lutninum,
1915 2860 2047 2916 ergo

467 2920 679 2976 Iumina
706 2933 836 2978 sunt
865 2922 934 2977 de
962 2924 1169 2979 lumine
1198 2942 1213 2978 :
1239 2926 1386 2981 aliud
1417 2928 1635 2996 quidem
1667 2936 2043 3001 generatione,

467 3013 614 3068 aliud
673 3025 857 3069 autem
911 3018 1284 3085 processione,
1327 3017 1869 3091 FiliusetSpiritus:
1908 3043 1927 3079 ι
1985 3028 2043 3083 In

468 3105 678 3159 lumine
745 3116 859 3170 tuo,
908 3107 1058 3160 canit
1086 3105 1273 3169 David,
1309 3108 1614 3166 videbimus
1673 3114 1901 3182 lumen;
1936 3136 1955 3170 ι
1990 3128 2045 3173 et
2074 3136 2122 3198 α

474 3195 638 3250 Pater
661 3207 745 3250 est
774 3196 890 3257 sola
918 3194 1137 3252 fontana
1164 3198 1443 3267 divinitas,
1471 3200 1547 3254 ait
1569 3202 1791 3273 quidam
1839 3207 2048 3262 theolo-

471 3288 628 3356 logus
653 3302 669 3354 ;
693 3286 838 3340 unde
860 3286 994 3339 nihil
1028 3299 1218 3342 contra
1247 3287 1562 3359 Scriptores
1591 3294 1917 3350 addiderunt
1949 3296 2052 3353 Pa-

472 3387 607 3433 tres.
673 3378 825 3433 Unde
891 3378 1054 3432 illud:
1093 3399 1110 3431 ι
1140 3378 1400 3445 Quicum
1425 3381 1584 3437 Patre
1608 3393 1662 3440 et
1691 3385 1831 3442 Filio
1884 3390 2051 3445 simul

478 3471 737 3522 aduratur
792 3479 848 3523 et
898 3471 1361 3540 conglorillcatur,
1393 3492 1413 3525 ι
1444 3490 1475 3529 e
1506 3479 1709 3531 sanctis
1748 3475 2051 3547 Scripturis

469 3560 813 3624 collegerunt
841 3561 1053 3616 Patres.
1074 3563 1162 3616 Ait
1184 3563 1328 3618 enim
1358 3565 1522 3620 David
1546 3583 1560 3620 :
1586 3586 1605 3620 (
1642 3569 1957 3637 iii/oremus,
1975 3578 2050 3636 et,

470 3649 779 3720 Glori/icate
827 3668 966 3706 eum.
1029 3672 1049 3706 ι
1112 3653 1268 3721 Quod
1314 3654 1555 3715 Trinitas
1608 3660 1944 3731 gloriﬁcatur
1986 3678 2053 3717 ex

472 3744 678 3814 hymno
738 3742 1022 3814 Serapbim
1077 3757 1342 3802 constat:
1406 3767 1425 3801 ι
1481 3750 1741 3814 Sanctus.
1800 3761 2050 3819 sanctus,

470 3847 715 3899 sanctus,
770 3836 1032 3893 Dominus
1087 3838 1370 3908 Sabaoth;
1426 3830 1571 3911 pleni
1634 3832 1762 3899 sunt
1810 3843 1937 3900 coeli
2001 3853 2058 3899 et

472 3940 616 3985 terra
644 3932 816 4001 gloria
847 3931 986 3999 cjus.
1013 3950 1033 3983 ι
1063 3932 1258 3987 Viden’
1292 3950 1457 3989 unam
1486 3933 1834 4005 prmdicatam
1871 3934 2059 3990 Triui-

471 4024 602 4085 tatis
656 4023 932 4093 gloriam?
974 4025 1110 4079 Illud
1143 4027 1315 4088 enim,
1349 4045 1368 4078 ‹
1400 4026 1657 4092 Sanctus,
1696 4045 1715 4079 ι
1754 4037 1838 4081 ter
1893 4026 2060 4082 itera-

474 4123 614 4175 ιιι-ιι,
642 4122 805 4181 prout
843 4113 1179 4182 interpretati
1219 4124 1349 4170 sunt
1374 4114 1579 4180 Patres,
1610 4116 1934 4171 Trinitatem
1980 4116 2058 4170 si-

473 4204 697 4272 gniﬁcat
730 4218 748 4272 ;
782 4205 885 4258 hoc
918 4220 1084 4259 vero:
1127 4222 1147 4256 ι
1208 4205 1494 4272 Dominus,
1553 4226 1572 4259 ι
1632 4208 1803 4264 semel
1848 4206 2057 4262 dictum

471 4294 662 4363 gloriae
740 4295 859 4363 ejus
914 4304 969 4349 et
1021 4305 1230 4351 natura:
1286 4298 1551 4353 unitatem
1609 4298 1852 4354 exhibet.
1906 4297 2056 4362 Ideu,

476 4403 502 4441 ι
543 4384 690 4440 Pleni
717 4395 864 4450 sunt,
898 4386 1095 4457 inquit,
1133 4389 1256 4445 ρωὶί
1284 4400 1338 4444 et
1360 4400 1499 4445 terra
1523 4391 1694 4461 gloria
1720 4390 1863 4460 ejus,
1891 4409 1912 4443 ι
1948 4405 2057 4445 non

2142 544 2329 612 φητῶν
2360 544 2453 595 καὶ
2490 543 2584 595 τοῦ
2622 540 2961 610 Εὑαγγελίου
2997 542 3115 595 ἐστὶ
3145 541 3323 610 φωνὴ,
3352 540 3447 594 τοῦ
3478 541 3572 608 μὲν
3600 544 3697 595 Δα-

2140 636 2225 689 σιδ
2246 636 2496 704 λέγοντος
2522 676 2535 692 .
2575 653 2595 687 ι
2634 634 2708 687 T6
2734 632 2961 702 Πνεῦμά
2994 650 3088 685 σου
3111 632 3173 686 τὸ
3221 633 3377 700 ἅγιον
3410 632 3485 702 μὴ
3519 633 3698 684 ἀνταν-

2142 729 2270 800 έλῃς
2299 728 2392 780 ἀπ’
2421 726 2577 798 ἐμοῦ,
2606 745 2625 778 ι
2662 725 2756 780 τοῦ
2806 724 3147 794 Εύαγγελὶου
3177 724 3259 788 δὲ,
3302 743 3321 777 ι
3352 725 3700 788 Βαπτίζοντες

2142 822 2339 884 αὐτοὺς
2368 822 2447 885 είς
2475 821 2536 874 τὸ
2570 819 2743 890 ὄνομα
2767 816 2861 871 τοῦ
2894 818 3132 888 Πατρός,
3166 818 3262 871 καὶ
3292 816 3388 871 τοῦ
3435 816 3584 880 Υίοῦ,
3614 820 3702 868 καὶ

2141 917 2235 968 τοῦ
2283 915 2440 983 ἁγίου
2502 912 2844 983 Πνεύματος,
2883 930 2903 965 ι
2938 910 3323 980 προστιθέασιν
3374 909 3539 972 οὗτοι,
3577 926 3595 960 t
3628 907 3698 960 Τὸ

2142 1008 2354 1078 κύριον,
2376 1008 2438 1061 τὸ
2486 1005 2770 1071 ζωοποιδν.
2826 1005 2886 1058 τὸ
2935 1006 3002 1058 ἐκ
3048 1003 3145 1059 τοῦ
3178 1003 3391 1075 Πατρδς
3414 1002 3701 1070 ἐκπορευό·

2147 1117 2332 1170 μενον,
2371 1099 2431 1153 τὸ
2463 1099 2562 1152 σὺν
2595 1098 2775 1169 Πατρὶ
2800 1097 2896 1152 καὶ
2948 1096 3066 1167 Υίῷ
3116 1093 3699 1166 συμπροσκυνούμενον

2143 1192 2239 1245 καὶ
2288 1190 2765 1260 συνδοξαζόμενον,
2805 1191 2866 1243 τδ
2903 1189 3149 1257 λαλῆσαν
3199 1186 3289 1240 διὰ
3346 1185 3458 1238 τῶν
3505 1201 3706 1251 προφη-

2143 1283 2275 1347 τῶν,
2311 1285 2392 1343 είς
2454 1284 2585 1353 μίαν
2642 1282 2806 1348 ἁγίαν
2860 1279 3157 1349 καθολικὴν
3211 1280 3307 1331 καί⁵
3354 1274 3706 1342 ἀποστολικὴν

2149 1374 2505 1446 Ἐκκλησίαν.
2538 1393 2558 1427 ι
2599 1375 2708 1428 Καὶ
2730 1373 2832 1446 ἀι
2859 1374 2921 1427 τὸ
2972 1373 3069 1442 μὲν
3116 1371 3306 1442 κύριον
3341 1370 3448 1423 ἀπὸ
3469 1368 3568 1436 τῆς
3593 1369 3709 1420 ἑπι-

2148 1467 2343 1536 στολῆς
2376 1465 2472 1520 τοῦ
2512 1466 2658 1519 θείου
2701 1464 2916 1519 Παύλου
2941 1463 3334 1534 λαμϐάνουσιν,
3363 1480 3383 1514 ι
3420 1462 3482 1515 '0
3512 1461 3568 1513 δὲ
3599 1460 3710 1513 Κύ-

2148 1576 2264 1629 ριος
2293 1560 2355 1612 τὸ
2406 1557 2629 1627 Πνεῦμα
2649 1559 2817 1621 ὲστι,ι
2840 1558 3112 1623 λέγοντος·
3150 1556 3362 1610 ("Ome
3398 1555 3457 1608 δὲ
3495 1554 3710 1623 Πνεῦμα

2148 1649 2377 1720 Κυρίου,
2402 1650 2519 1702 ἐκεῖ
2536 1648 2841 1718 ἐλευθερία·
2859 1666 2876 1699 ι
2907 1647 2969 1701 τὸ
2997 1647 3053 1700 δὲ
3083 1647 3352 1711 ζωοποιὸν
3370 1647 3434 1700 ὲκ
3453 1645 3545 1698 τοῦ
3570 1643 3709 1715 ἱεροῦ

2151 1743 2507 1812 Εὐαγγελίου,
2545 1760 2563 1794 ι
2601 1742 2675 1796 Τὸ
2712 1740 2934 1809 Πνεῦμᾶ.
2956 1738 3150 1792 ἔστιτὸ
3177 1737 3546 1803 ζωοποιοῦν,ι
3583 1733 3712 1802 γρά-

2149 1854 2364 1906 φοντος.
2412 1835 2650 1904 Ὀμοίως
2699 1833 2756 1887 δὲ
2790 1833 2884 1887 καὶ
2933 1832 2991 1885 τὸ
3039 1832 3103 1884 ἐκ
3165 1830 3258 1884 τοῦ
3304 1814 3518 1899 Πατρός
3557 1827 3713 1880 ὲκπο-

2151 1930 2446 2000 ρευόμενον
2478 1928 2546 1980 ὲκ
2595 1925 2690 1979 τοῦ
2742 1924 3075 1991 Εύαγγελίου
3108 1922 3474 1991 λαμϐάνουσι.
3509 1919 3600 1973 καὶ
3655 1918 3712 1971 ού

2145 2019 2388 2089 τολμῶσί
2425 2037 2478 2072 τι
2505 2017 2856 2088 προστιθέναι
2904 2016 3000 2083 ἀφ’
3040 2013 3271 2068 ἑαυτῶν.
3310 2012 3481 2073 Αὐτὸς
3512 2010 3616 2080 γὰρ
3644 2007 3714 2062 εί-

2148 2130 2318 2184 ρηκεν
2344 2116 2373 2167 6
2402 2111 2611 2181 Σωτὴρ,
2653 2129 2673 2161 ε
2717 2110 2791 2162 Τὸ
2820 2106 3044 2178 Πνεῦμα
3064 2107 3165 2173 τῆς
3200 2104 3486 2174 ἀληθείας,
3509 2102 3537 2156 6
3568 2104 3710 2171 παρᾶ

2144 2205 2241 2259 τοῦ
2293 2205 2504 2273 [ἰατρὸς
2555 2200 2939 2270 ἐκπορεύεται.
3001 2218 3020 2251 ι
3081 2197 3193 2251 Καὶ
3248 2216 3266 2247 ι
3308 2197 3410 2265 τῆς
3448 2194 3545 2264 μὲν
3589 2193 3711 2258 ἀλη-

2146 2296 2298 2359 θείας
2334 2316 2349 2347 ι
2391 2296 2589 2357 εἰπὼν,
2621 2292 2823 2357 ἔδειξεν
2856 2291 3054 2343 οἰκεῖον
3086 2287 3234 2355 αύτῷ
3269 2290 3333 2341 τὸ
3368 2287 3611 2357 Πνεῦμα,
3642 2285 3709 2345 ὡς

2150 2386 2398 2456 συμφυὲς
2424 2386 2520 2439 καὶ
2550 2384 2856 2454 ἀδιαίρετον
2887 2381 2969 2447 ὃν,
2999 2381 3093 2435 καὶ
3121 2382 3174 2433 ὲν
3207 2378 3361 2450 αύτῷ
3399 2379 3557 2449 μόνον
3591 2375 3671 2429 ἀεί
3692 2391 3707 2408 ο

2147 2481 2209 2534 τδ
2259 2479 2316 2532 δὲ
2365 2498 2383 2532 ι
2431 2479 2460 2532 6
2495 2476 2647 2546 napi
2702 2473 2798 2529 τοῦ
2854 2472 3062 2544 Πατρδς
3130 2473 3515 2540 ἐκπορεύεται,
3553 2488 3572 2521 ι
3614 2469 3704 2535 τὴν

2152 2568 2333 2637 ἀρχὴν
2361 2567 2527 2621 αὐτοῦ
2556 2564 2649 2617 τοῦ
2683 2562 3001 2633 Πνεύματος
3038 2561 3132 2616 καὶ
3168 2560 3266 2631 τὴν
3304 2563 3489 2614 αἰτίαν
3515 2576 3711 2627 μαρτυ-

2152 2655 2282 2721 ρῶν,
2329 2655 2413 2708 ὅτι
2463 2654 2611 2724 παρὰ
2644 2651 2738 2705 τοῦ
2775 2651 3012 2722 Πατρὺς,
3053 2650 3129 2713 ὡς
3163 2650 3259 2703 καὶ
3304 2649 3471 2713 αύτὶς
3513 2652 3540 2704 6
3573 2647 3712 2708 Υἱός.

2159 2748 2316 2802 Ἐπεὶ
2373 2747 2469 2801 καὶ
2526 2747 2654 2816 περὶ
2688 2745 2879 2798 ἑαυτοῦ
2942 2758 3108 2813 φησιν
3141 2759 3157 2775 ο
3193 2762 3213 2795 ι
3267 2742 3416 2811 Ἐγὼ
3449 2740 3598 2809 παρὰ
3631 2737 3716 2791 τοῦ

2158 2838 2374 2906 Πατρδς
2398 2834 2625 2904 ἐξῆλθον
2672 2835 2769 2888 καὶ
2798 2834 2919 2904 ἥκω
2949 2850 2963 2865 ·
3006 2851 3023 2885 t
3057 2832 3153 2886 καὶ
3179 2832 3369 2897 πάλιν,
3405 2852 3424 2885 ι
3468 2830 3717 2900 Ἐξῆλθον

2152 2930 2304 2998 παρὰ
2338 2928 2432 2983 τοῦ
2474 2928 2691 2999 Πατρός
2743 2931 2836 2981 καὶ
2893 2924 3127 2994 ἐλήλυθα
3159 2927 3236 2988 είς
3285 2926 3388 2978 τὸν
3441 2925 3660 2994 κόσμον.
3696 2939 3714 2971 ι

2152 3021 2215 3074 Et
2244 3019 2376 3090 γοῦν
2412 3020 2509 3074 καὶ
2538 3020 2681 3073 κατὰ
2717 3018 2817 3089 τὴν
2856 3017 3174 3087 οἰκονομίαν
3206 3014 3328 3069 ἔστι
3374 3016 3533 3070 τοῦτο
3567 3018 3718 3078 νοεῖν,

2154 3113 2293 3166 ἀλλὰ
2323 3112 2421 3165 καὶ
2452 3112 2511 3164 ὲν
2541 3109 2684 3180 ἀρχῇ
2718 3105 2806 3180 ἦν,
2842 3110 2938 3162 καὶ
2986 3110 3122 3178 πρὸς
3157 3107 3242 3160 τὸν
3265 3107 3409 3163 Θεὸν
3436 3104 3524 3179 ἦν,
3551 3107 3720 3162 αἰτίαν

2153 3201 2353 3256 ἑαυτοῦ
2380 3203 2476 3254 καὶ
2505 3200 2598 3254 τοῦ
2650 3199 2969 3270 Πνεύματος
3002 3197 3098 3251 τὸν
3157 3197 3394 3268 Πατέρα
3441 3195 3723 3270 μαρτυρῶν

2154 3297 2188 3366 ἡ
2212 3295 2464 3366 ἀλήθεια.
2516 3293 2670 3347 Ἐπεὶ
2708 3293 2802 3346 καὶ
2840 3291 2951 3345 τῶν
2995 3289 3056 3356 ἐξ
3081 3289 3249 3345 αὐτοῦ
3286 3291 3317 3343 6
3360 3292 3551 3362 Πατὴρ
3578 3291 3725 3360 μόνος

2156 3384 2310 3453 πηγὴ
2341 3383 2438 3437 καὶ
2462 3381 2606 3454 ἀρχὴ
2639 3383 2731 3435 καὶ
2767 3380 2893 3452 ῥίζα
2926 3380 3023 3433 καὶ
3044 3380 3194 3433 αίτία
3222 3377 3323 3434 τοῦ
3355 3382 3531 3450 Λόγου
3560 3398 3616 3435 τε
3641 3380 3728 3434 καὶ

2155 3475 2252 3529 τοῦ
2301 3474 2641 3544 Πνεύματος.
2685 3474 2837 3528 Ἐπεὶ
2866 3471 2961 3524 καὶ
3015 3470 3207 3542 Πατὴρ
3240 3471 3363 3528 τῶν
3394 3472 3587 3542 φώτων
3639 3471 3729 3525 αὑ-

2156 3568 2270 3631 τός.
2290 3568 2449 3622 Φῶτα
2468 3566 2527 3620 δὲ
2548 3567 2615 3619 ὲκ
2636 3565 2834 3635 φωτὸς,
2860 3564 2921 3617 τὸ
2949 3565 3049 3633 μὲν
3076 3562 3386 3631 γεννητῶς,
3412 3564 3471 3619 τὸ
3496 3564 3552 3618 δὲ
3576 3563 3637 3616 ἐκ
3648 3580 3731 3615 πο-

2162 3659 2391 3730 ρευτῶς,
2434 3658 2462 3711 ό
2491 3656 2618 3720 Υἱὸς
2650 3655 2744 3709 καὶ
2791 3654 2851 3707 τὸ
2877 3651 3124 3723 Πνεῦμα.
3168 3671 3188 3704 t
3223 3652 3318 3707 Ἐν
3352 3653 3594 3723 τῷιφωτί
3635 3668 3723 3705 σου
3778 3658 3779 3663 ‘

2158 3749 2404 3820 ὀψόμεθα
2453 3746 2594 3816 φῶς,
2632 3764 2651 3799 ι
2703 3743 2898 3814 ψάλλει
2943 3741 3128 3797 Δαϐίδ.
3178 3742 3293 3797 Καὶ
3342 3744 3480 3814 μόνη
3522 3741 3725 3811 πηγαῖα

2158 3842 2362 3911 Θεότης
2388 3840 2416 3892 6
2437 3839 2646 3910 Πατὴρ,
2664 3838 2775 3892 τῶν
2795 3836 3060 3903 θεολόγων
3089 3832 3196 3904 ἔφη
3228 3850 3340 3899 τις.
3372 3834 3559 3896 Οὕτως
3581 3830 3725 3885 οὐδὲν

2163 3933 2314 4004 παρὰ
2346 3933 2443 3996 τὰς
2462 3931 2693 4002 Γραφὰς
2722 3931 2770 3983 οί
2797 3928 3045 3998 Πατὲρες
3073 3925 3414 3982 τεθείκασιν.
3449 3924 3612 3983 Ὅθεν
3642 3922 3728 3977 καὶ

2169 4024 2232 4078 τὸ
2273 4042 2292 4076 ι
2331 4024 2429 4077 σὺν
2459 4023 2639 4092 Ilath
2694 4021 2789 4075 καὶ
2820 4021 2936 4091 Υἱῷ
2986 4019 3591 4089 συμπροσκυνούμενον
3639 4013 3729 4068 καὶ

2164 4113 2625 4184 συνδοξαζόμενον
2654 4132 2673 4165 ι
2711 4112 2818 4165 ἀπὸ
2849 4111 2958 4165 τῶν
2985 4109 3156 4179 ἁγίων
3187 4108 3548 4175 συνελέξαντο
3595 4106 3725 4178 Γρα-

2162 4208 2280 4278 φῶν
2300 4208 2352 4261 οἱ
2374 4205 2637 4274 Πατέρες.
2666 4205 2740 4257 T6
2766 4221 2785 4255 ι
2823 4205 3306 4273 Προσκυνήσωμεν
3336 4221 3356 4255 ι
3390 4202 3503 4271 γὰρ
3529 4201 3557 4253 ό
3575 4195 3730 4251 Δασὶδ

2160 4300 2334 4365 λέγει,
2365 4297 2459 4350 καὶ
2490 4298 2552 4349 τὸ
2600 4315 2620 4348 ι
2653 4293 2924 4358 Δοξᾶσατε
2955 4291 3143 4346 αὐτόν.
3178 4310 3196 4343 ι
3238 4291 3366 4346 Ὅτι
3417 4292 3478 4345 δὲ
3505 4292 3539 4362 ὴ
3567 4287 3731 4360 Τριὰς

2164 4384 2568 4451 συνδοξάζεται,
2597 4383 2691 4437 καὶ
2720 4381 2828 4437 ἀπὸ
2853 4382 2948 4436 τοῦ
2982 4379 3155 4449 ὕμνου
3193 4379 3306 4433 τῶν
3338 4379 3593 4450 Σεραφὶμ
3622 4394 3724 4445 φαο

472 4492 658 4538 ιον-κω
712 4477 901 4542 dixit,.
928 4478 1185 4548 quoniam
1226 4481 1390 4535 trium
1436 4495 1799 4551 personarum
1833 4494 1940 4535 una
1970 4487 2057 4535 est

2160 4478 2340 4549 vsp6v'
2414 4493 2435 4528 ι
2481 4477 2691 4545 Ἄγιος,
2741 4474 2919 4542 ἅγιος,
2976 4473 3156 4540 ἅγιος,
3219 4470 3428 4543 Κύριος
3478 4467 3724 4526 Σαϐαὼθ.

472 4568 648 4641 gloria
684 4578 737 4623 et
764 4580 956 4625 natura
985 4582 1039 4625 et
1077 4571 1277 4637 virtus,
1302 4583 1607 4644 sanctaque
1638 4571 1880 4627 Trinitas
1910 4586 2057 4627 unus

477 4658 623 4717 Deus
654 4669 709 4714 et
738 4660 996 4718 Dominus
1051 4677 1216 4718 unam
1241 4664 1406 4720 habet
1435 4666 1666 4731 gloriam
1698 4674 1757 4719 et
1784 4664 2062 4719 adoratio-

476 4766 623 4807 nem.
678 4752 882 4807 Idcirco
939 4753 1174 4824 Spiritus
1229 4766 1451 4811 sanctus
1484 4772 1607 4809 cum
1635 4757 1797 4810 Patre
1834 4762 1888 4809 et
1911 4752 2054 4810 Filio

475 4845 641 4900 simul
681 4847 943 4902 aduratur
1000 4860 1054 4903 et
1082 4848 1527 4919 conglorillcatur
1562 4850 1629 4903 ab
1664 4848 1799 4918 ipsis
1826 4848 2056 4918 angelis,

473 4951 599 4989 cum
640 4936 804 4991 David
853 4938 1034 4993 dicat:
1069 4956 1087 4990 ι
1130 4940 1198 4993 Et
1226 4939 1456 4994 adorent
1486 4953 1614 4992 eum
1659 4952 1852 4992 munes
1881 4936 2057 5006 angeli

474 5026 619 5095 ejus,
652 5046 671 5078 ι
729 5029 821 5081 sed
854 5029 1015 5083 etiam
1048 5045 1078 5085 a
1106 5031 1264 5085 nobis
1300 5031 1455 5098 ipsis,
1491 5045 1618 5085 cum
1690 5028 1856 5082 David
1897 5029 2058 5084 nobis

477 5120 668 5174 dicat:
704 5138 723 5171 ι
769 5118 979 5188 Venite,
1007 5123 1298 5178 adoremus
1337 5133 1393 5178 et
1422 5123 1701 5192 ploretnus
1734 5137 1921 5177 coram
1955 5123 2058 5177 Do-

481 5213 633 5266 tniuo
668 5214 759 5282 qui
789 5213 918 5267 fecit
947 5230 1107 5269 nos.»
1140 5214 1295 5270 Unus
1330 5231 1460 5284 ergo
1496 5215 1760 5269 Dominus
1789 5213 2054 5278 Trinitas,

482 5315 545 5359 ut
599 5306 791 5361 dicunt
844 5309 1021 5378 angeli
1067 5324 1080 5362 :
1123 5328 1142 5361 ‹
1201 5308 1329 5363 Sani
1352 5321 1459 5373 tus,
1506 5318 1749 5376 sanctus,
1814 5317 2058 5373 sanctus,

486 5399 747 5453 Dominus
776 5415 791 5466 ;
822 5419 839 5451 ι
906 5411 960 5455 et
995 5418 1164 5455 unum
1216 5417 1423 5455 nomen
1483 5399 1769 5455 Trinitatis
1806 5398 1983 5453 Patris
2006 5409 2059 5453 et

480 5488 604 5544 Filii
654 5500 709 5545 et
758 5490 998 5562 Spiritus
1051 5495 1224 5565 sancti
1293 5494 1346 5545 iu
1403 5506 1512 5561 quo
1551 5492 1813 5563 baptizati
1841 5508 2054 5556 sumus,

474 5581 738 5650 quoniam
804 5592 858 5637 et
914 5599 1056 5637 unus
1105 5592 1158 5636 et
1212 5582 1365 5637 solus
1416 5581 1556 5636 Dens
1614 5582 1884 5643 Trinitas.
1930 5598 2053 5637 cum

480 5672 624 5729 Deus
651 5675 725 5729 sit
771 5673 927 5729 Pater
954 5683 1009 5728 ct
1036 5674 1177 5728 Deus
1207 5681 1352 5727 esset
1387 5669 1646 5733 Verbum.
1681 5672 1823 5741 quod
1855 5681 1975 5728 erat
2004 5671 2056 5725 in

482 5764 752 5837 principio
773 5765 913 5834 apud
943 5763 1224 5833 DeumJﬂt
1252 5782 1264 5818 :
1303 5762 1514 5829 «Quare
1547 5764 1805 5824 tttcntitus
1840 5781 1897 5818 es
1935 5763 2059 5839 Spf-

2160 4568 2383 4640 Πλήρης
2421 4569 2451 4622 6
2503 4565 2734 4637 οὐρανὸς
2778 4566 2874 4618 καὶ
2906 4565 2940 4634 ἡ
2979 4562 3052 4634 γῆ
3100 4562 3199 4631 τῆς
3247 4561 3410 4632 δόξης
3457 4560 3643 4616 αὐτοῦ.
3704 4575 3723 4609 ι

2169 4659 2369 4728 Ὁρᾶτε
2403 4658 2536 4729 μίαν
2565 4657 2663 4728 τὴν
2701 4654 2859 4720 δόξαν
2892 4652 3310 4726 κηρυττομὲνην
3335 4654 3435 4724 τῆς
3465 4651 3729 4722 Τριάδοςς

2158 4753 2235 4807 Τὸ
2264 4752 2375 4822 γὰρ
2438 4770 2456 4803 ι
2498 4751 2656 4817 ἆγιος
2699 4768 2718 4802 ι
2755 4749 3052 4818 λεγόμενον
3079 4748 3225 4818 τρὶς,
3261 4748 3340 4810 ὡς
3398 4748 3448 4799 οί
3497 4745 3732 4810 Πατὲρες

2160 4844 2440 4916 εἰρήκασι,
2491 4841 2590 4912 τὴν
2624 4840 2834 4912 Τριὰδα
2888 4837 3166 4908 σημαίνει.
3204 4835 3276 4889 Τὸ
3321 4836 3380 4890 δὲ
3417 4848 3436 4888 t
3476 4833 3673 4905 Κύριος
3706 4848 3747 4903 »ί

2162 4933 2319 5001 ἆπαξ
2356 4933 2416 4989 τὸ
2462 4931 2718 5001 ὁμόδοξον
2748 4929 2845 4983 καὶ
2891 4925 3139 4996 συμφυὲς
3170 4922 3378 4995 ταύτης
3412 4922 3731 4993 παρίστησι.

2161 5028 2254 5082 Διὸ
2312 5026 2407 5081 καὶ
2438 5043 2457 5076 ι
2498 5025 2719 5093 Πλήρης
2752 5018 2967 5093 (φασὶν)
3002 5022 3030 5073 ὀ
3077 5018 3309 5086 οὐρανὸς
3348 5016 3446 5070 καὶ
3474 5017 3506 5084 ἡ
3539 5014 3612 5084 γῆ
3639 5012 3733 5082 τῆς

2160 5123 2321 5194 δόξης
2342 5119 2531 5176 αὐτοῦ.
2571 5138 2590 5171 t
2622 5118 2737 5172 Ούκ
2767 5115 2987 5180 αὐτῶν,
3018 5113 3207 5184 ἐπειδὴ
3234 5111 3346 5165 τῶν
3385 5109 3556 5181 τριῶν
3606 5107 3733 5160 ὐπο-

2164 5216 2412 5269 στάσεων
2453 5213 2552 5281 μία
2580 5213 2614 5280 ἡ
2647 5210 2775 5275 δόξα
2811 5210 2906 5263 καὶ
2958 5210 2991 5277 ἡ
3023 5205 3181 5259 ούσία
3208 5206 3302 5259 καὶ⁵
3332 5203 3587 5273 δύναμις.
3626 5197 3733 5252 Καὶ

2162 5309 2193 5375 ἡ
2228 5306 2361 5374 ἁγία
2387 5305 2557 5375 Τριὰς
2583 5304 2611 5356 6
2647 5303 2808 5371 μόνος
2836 5299 2968 5361 Θεός
2995 5315 3056 5351 τε
3082 5300 3178 5353 καὶ
3212 5296 3423 5366 Κύριος
3451 5297 3582 5363 μίαν
3620 5291 3731 5358 ἔχει

2163 5398 2263 5469 τὴν
2294 5397 2449 5462 δόξαν
2483 5398 2579 5450 καὶ
2600 5394 2699 5464 τὴν
2725 5389 3119 5462 προσκύνησιν.
3157 5387 3251 5441 Διὸ
3279 5387 3375 5439 καὶ
3423 5384 3486 5438 τὸ
3515 5381 3735 5448 Πνεῦμα

2161 5491 2221 5544 τὸ
2252 5490 2407 5558 ἆγιον
2433 5487 2510 5557 τῷ
2536 5486 2709 5553 [largi
2736 5485 2833 5537 καὶ
2865 5483 2944 5553 τῷ
2973 5481 3091 5552 Υἱῷ
3122 5480 3457 5547 συντιμᾶται
3484 5477 3579 5529 καὶ
3601 5489 3735 5540 συμο

2163 5582 2557 5652 προσκυνεῖται
2609 5577 2704 5631 καὶ
2742 5575 2893 5645 παρὰ
2923 5573 3034 5627 τῶν
3090 5571 3338 5641 ἀγγέλων
3375 5567 3582 5630 αὐτῶν,
3616 5560 3734 5615 Emi.

2162 5671 2277 5736 atat,
2308 5688 2327 5721 ι
2363 5670 2783 5739 Προσκυνήσατε
2814 5664 2999 5725 αὐτὸν,
3057 5660 3223 5731 φησὶν
3252 5661 3279 5712 ό
3322 5656 3513 5721 Δασὶδ,
3537 5652 3732 5739 πάντες

2165 5761 2388 5833 ἄγγελοι
2415 5737 2588 5816 αὐτοῦ
2617 5774 2627 5782 ·
2664 5776 2680 5808 ι
2715 5755 2846 5809 ἀλλὰ
2889 5757 2978 5809 καῖ
3008 5754 3140 5824 παρ’
3176 5750 3333 5825 ἡμῶν
3367 5744 3545 5802 αὐτῶν
3566 5759 3581 5775 ·
3613 5737 3734 5795 ἐπεὶ
