4066 6470
282 329 382 396 ῙΞἹ

1301 316 1690 382 DMLOGUS
1731 319 2034 380 CONTRA
2079 317 2479 381 HERESES.

3444 319 3544 383 130

278 453 373 503 καὶ
409 443 543 516 πρὸς
571 445 714 514 ἡμᾶς
761 459 925 512 φησιν
958 439 985 492 6
1026 439 1209 504 Δα6“ιδ,
1264 457 1281 490 ι
1319 439 1507 502 Δεῦτε,
1541 438 1848 508 προσκυνή-

1970 438 2079 490 ·ἱιιιί
2147 439 2392 493 sancto?
2448 436 2564 490 Non
2620 452 2680 493 es
2736 438 3006 505 mentitus
3063 437 3395 505 bominilms,
3448 441 3542 495 sed

281 555 464 610 σωμεν
504 535 595 590 καὶ
652 534 975 604 κλαύσωμεν
1025 533 1267 586 ἐναντίον
1322 531 1530 599 Κυρίου
1564 529 1658 584 τοῦ
1693 531 1852 599 ποιήο

282 648 477 694 σαντος
507 629 674 699 ἡμᾶς.
727 645 747 680 θ
787 621 882 690 Εἷς
912 621 1006 679 οὖν
1031 625 1234 696 Κύριος
1264 625 1298 693 ἡ
1346 621 1538 694 Τριὰς,
1572 625 1644 686 ὡς
1678 626 1774 675 καὶ
1809 624 1857 674 oi

283 723 502 792 ἄγγελοί
526 737 709 789 φασιν,
740 739 759 772 ι
793 719 1004 787 Ἀγιος,
1024 717 1203 787 ἅγιος,
1229 717 1400 785 ἅγιος,
1425 716 1652 786 Κύριος.
1694 734 1712 766 ι
1749 717 1860 768 Καὶ

285 816 349 868 ἓν
380 815 439 868 τὸ
475 813 644 880 ὄνομα
675 813 775 881 τῆς
807 811 1036 882 Τριάδος
1057 812 1150 864 τοῦ
1185 810 1420 881 Πατρὸς,
1459 812 1554 862 καὶ
1583 809 1676 862 τοῦ
1701 806 1858 872 Υἰοῦ,

286 911 386 964 καὶ
413 909 505 962 τοῦ
551 909 707 970 ἁγίου
774 907 1112 975 Πνεύματος,
1150 907 1230 966 είς
1261 903 1289 956 ὃ
1340 902 1739 974 βαπτιζόμεθα,
1776 903 1858 955 ὅτι

284 1002 381 1053 καὶ
407 996 487 1064 εἷς
518 1000 612 1052 καὶ
644 998 802 1070 μόνος
835 995 965 1060 Θεὸς
995 999 1028 1063 ἡ
1062 996 1258 1064 Τριάς,
1280 995 1402 1047 ἐπεὶ
1433 997 1524 1046 καὶ
1549 994 1678 1057 Θεὸς
1711 995 1860 1046 ἐστιν

289 1097 316 1146 6
343 1096 554 1162 Πατὴρ,
589 1092 686 1144 καὶ
724 1089 856 1152 Θεὸς
886 1085 954 1160 ἦν
985 1091 1013 1142 6
1044 1088 1236 1156 Λόγος,
1259 1087 1315 1152 ὃς
1343 1083 1410 1156 ἦν
1449 1088 1506 1139 ἐν
1535 1087 1678 1156 ἀρχῇ
1724 1085 1861 1154 πρὸς

293 1185 378 1237 τὸν
405 1184 557 1237 Θεόν.
581 1183 710 1245 Καὶ,
732 1181 887 1234 α”Ινα
915 1181 967 1233 τί
1001 1179 1216 1251 ἐψεύσω
1244 1180 1304 1232 τὸ
1327 1177 1551 1249 Πνεῦμα
1577 1179 1635 1230 τὸ
1667 1177 1858 1244 ἆγιονς

300 1278 390 1330 οἰκ
423 1274 636 1344 ἐψεύσω
666 1273 995 1342 ἀνθρώποις,
1023 1272 1160 1324 ἀλλά
1189 1270 1328 1338 Θεῷ,
1357 1289 1376 1322 ι
1400 1272 1601 1339 Πέτρος
1621 1269 1860 1322 διδάσκει

297 1372 419 1438 περὶ
443 1367 534 1420 τοῦ
567 1365 906 1434 Πνεύματος.
926 1365 1036 1419 Kal.
1065 1364 1297 1433 ούξτρεῖς
1315 1363 1448 1428 θεοὶ,
1482 1363 1598 1416 ἀλλ’
1623 1355 1703 1423 εἷς
1727 1360 1860 1422 Θεὸς

292 1463 348 1511 ἐν
376 1459 584 1527 Τριάδι.
613 1457 767 1510 Ἐπεὶ
797 1456 890 1510 καὶ
929 1455 1027 1525 μία
1053 1453 1148 1509 τοῦ
1195 1455 1408 1526 Πατρδς
1456 1455 1551 1507 καὶ
1597 1453 1729 1506 Υίοῦ
1764 1453 1858 1506 καὶ

294 1551 605 1621 Πνεύματος
638 1541 712 1612 ὡς
734 1551 768 1618 ή
799 1548 956 1600 οὐσία
987 1548 1091 1602 καὶ
1124 1545 1308 1616 φύσις,
1341 1546 1436 1601 καὶ
1457 1548 1489 1616 ἡ
1511 1545 1738 1615 δύναμις
1770 1547 1862 1601 καὶ

293 1644 462 1715 βουλὴ
511 1644 605 1697 καὶ
649 1641 862 1711 κίνησις
911 1641 1006 1694 καὶ
1041 1639 1293 1708 ἐνέργεια
1352 1642 1447 1693 καὶ
1488 1639 1716 1710 πρόνοια
1766 1638 1864 1691 καὶ

295 1737 538 1806 βασιλεία
585 1734 681 1789 καὶ
711 1733 856 1804 ἀρχὴ
897 1733 990 1786 καὶ
1039 1731 1168 1798 δόξα
1220 1733 1548 1803 ἀχώριστος.
1589 1731 1725 1784 Οὐδὲ
1752 1732 1862 1799 γὰρ

1963 527 2092 592 Deo,
2135 547 2151 578 ι
2185 528 2343 584 docet
2372 527 2564 582 Petrus
2612 529 2678 584 de
2711 528 2942 599 Spiritu.
2979 529 3098 584 Non
3142 544 3253 585 tres
3295 532 3394 595 dii,
3447 529 3544 584 sed

1961 638 2103 676 unus
2131 631 2216 677 est
2250 621 2392 676 Deus
2424 621 2478 676 in
2518 622 2812 687 Trinitate,
2857 639 2979 678 cum
3007 625 3080 678 sit
3116 623 3296 677 Patris
3331 632 3386 678 et
3418 623 3546 678 Filii

1959 731 2013 772 et
2059 716 2297 785 Spiritus
2361 716 2534 770 sancti
2559 719 2796 770 essentia
2835 728 2889 771 et
2945 726 3162 780 natura,
3210 717 3454 787 potentia
3486 726 3543 770 et

1961 812 2236 874 voluntas,
2264 819 2447 863 motus
2475 820 2530 864 et
2556 811 2824 880 operatio,
2848 813 3190 881 providentia
3212 821 3266 864 ct
3289 826 3540 876 regnum,

1962 917 2130 956 unum
2190 902 2520 973 principium
2576 914 2628 958 et
2685 905 2858 974 gloria
2930 904 3303 958 indirisihilis.
3379 902 3544 955 Pater

1960 995 2105 1048 enim
2155 1011 2435 1067 nunquam
2472 995 2575 1052 fuit
2602 999 2722 1050 sine
2754 995 2934 1051 Verbo
2986 1007 3039 1050 et
3105 995 3335 1065 Spiritu,
3364 1010 3540 1059 neque

1965 1083 2202 1140 Verbum
2238 1088 2360 1142 sine
2391 1089 2554 1143 Patre
2588 1096 2642 1142 et
2677 1088 2906 1159 Spiritu,
2930 1104 3107 1159 neque
3141 1088 3385 1158 Spiritus
3427 1089 3548 1139 sine

1961 1172 2123 1230 Patre
2169 1186 2223 1231 et.
2279 1175 2420 1231 Filio
2466 1194 2481 1232 :
2544 1181 2808 1247 quoniam
2857 1178 3139 1231 individua
3190 1188 3271 1231 est
3309 1177 3552 1231 Trinitas

1963 1279 2128 1340 atque
2181 1269 2585 1327 inconl‘usibilis
2619 1289 2633 1325 :
2663 1270 3069 1338 inconfusibilis
3121 1271 3368 1339 quidem,
3415 1286 3553 1339 quo-

1966 1362 2112 1415 niam
2147 1361 2201 1415 in
2233 1377 2295 1416 ea
2330 1372 2415 1417 est
2446 1378 2570 1418 rere
2606 1364 2790 1429 Pater,
2817 1380 2941 1419 rere
2967 1362 3158 1430 FliillS,
3191 1381 3318 1419 vere
3372 1364 3552 1435 Spiri-

1965 1462 2052 1507 tus
2095 1462 2354 1508 sanctus:
2395 1454 2674 1509 individua
2730 1457 3226 1526 autem,qnoniam
3262 1473 3402 1510 unus
3440 1455 3545 1509 Pa-

1967 1557 2048 1600 ter
2107 1545 2316 1614 abSque
2372 1547 2524 1599 initio
2576 1555 2630 1600 ct
2670 1562 2789 1615 quae
2835 1562 2899 1600 ex
2949 1547 3066 1617 ipso
3091 1557 3218 1602 sunt
3249 1548 3549 1602 sincinitio

1967 1646 2118 1702 sunt,
2173 1649 2375 1692 a-tcrna
2420 1649 2570 1703 sunt,
2601 1639 2718 1692 sine
2747 1639 3004 1708 passione
3027 1641 3355 1709 procedunt.
3394 1640 3552 1692 Pater

1971 1745 2116 1784 ennn
2169 1739 2255 1784 est
2311 1731 2435 1784 fons
2487 1731 3039 1800 supersubstantialis
3090 1730 3553 1796 Dcitatis;Filius

294 1829 483 1899 Πατὴρ
507 1829 627 1897 δίχα
662 1828 836 1894 Λόγου
869 1824 1000 1879 ποτὲ
1049 1825 1081 1896 ἢ
1124 1824 1446 1895 Πνεύματος
1469 1839 1483 1852 ⁸
1527 1824 1650 1877 οὐδὲ
1693 1825 1863 1891 Λόγος

1970 1839 2098 1876 vero
2142 1833 2196 1878 et
2227 1823 2465 1893 Spiritus
2503 1827 2648 1879 velut
2684 1824 2844 1880 liores
2876 1837 2929 1879 et
2987 1827 3194 1880 lumina
3255 1827 3554 1895 supersul»

292 1923 416 1992 δίχα
445 1921 536 1974 τοῦ
566 1919 778 1989 Πατρδς
807 1917 904 1971 καὶ
930 1916 1023 1970 τοῦ
1075 1915 1392 1984 Πνεύματος
1417 1933 1430 1946 ·
1477 1915 1596 1969 οὐδὲ
1645 1915 1866 1984 Πνεῦμα

292 2013 414 2083 δίχα
443 2010 534 2065 τοῦ
586 2011 794 2082 Πατρδς
827 2009 924 2063 καὶ
951 2007 1046 2062 τοῦ
1077 2007 1231 2061 Υιοῦ.
1259 2008 1381 2061 Ὀτι
1411 2008 1506 2060 καὶ
1555 2008 1865 2078 ἀδιαίρετος

293 2112 389 2161 καὶ
419 2104 722 2176 ἀσύγχυτος
749 2105 784 2173 ἡ
816 2102 988 2174 Τριάς
1018 2117 1032 2132 ο
1083 2101 1390 2171 ἀσύγχυτος
1423 2100 1522 2171 μὲν
1551 2101 1634 2153 ὅτι
1673 2101 1863 2171 Πατὴρ

295 2195 510 2266 ἀληθῶς
565 2193 662 2247 καὶ
692 2192 818 2254 Υἱὸς
867 2190 1102 2260 ἀληθῶς,
1136 2192 1233 2244 καὶ
1288 2192 1513 2260 Πνεῦμα
1548 2191 1704 2260 ἆγιον
1735 2192 1864 2262 ἀλη-

296 2289 405 2352 θῶς
427 2305 440 2317 ·
477 2287 778 2355 ἀδιαίρετος
810 2285 888 2351 δὲ,
920 2286 1000 2338 ὅτι
1035 2279 1113 2347 εἷς
1170 2287 1198 2338 ὁ
1231 2285 1422 2354 Πατὴρ
1471 2286 1565 2338 καὶ
1600 2285 1862 2356 ἄναρχος,

294 2382 392 2436 καὶ
432 2382 503 2433 τά
549 2379 624 2444 ἐξ,
657 2379 822 2433 αὑτοῦ
853 2378 1110 2449 ἀνάρχως
1140 2377 1235 2430 καὶ
1270 2377 1454 2440 ἀϊδίως
1484 2377 1580 2430 καὶ
1611 2379 1862 2442 ἀπαθῶς.

298 2477 458 2546 Πηγὴ
488 2477 598 2545 γὰρ
631 2476 729 2542 τῆς
759 2472 1088 2542 ὑπερουσίου
1129 2469 1398 2539 Θεότητος
1447 2471 1474 2523 ὁ
1509 2471 1724 2541 Πατὴρ,
1752 2473 1778 2523 6
1807 2471 1865 2524 δὲ

296 2570 422 2632 Υἱὸς
455 2569 549 2621 καὶ
571 2567 632 2621 τὸ
654 2565 899 2636 Πνεῦμα,
924 2559 1035 2619 οἷον
1057 2563 1213 2633 ἄνθη,
1238 2565 1332 2616 καὶ
1358 2563 1661 2634 ὑπερούσια
1689 2564 1864 2632 φῶτα,

302 2659 432 2729 φησὶ
479 2657 774 2721 Διονύσιος,
816 2656 944 2725 μίαν
966 2653 1074 2726 42
1127 2653 1229 2725 τὴν
1268 2652 1477 2722 λάμψιν
1528 2653 1863 2723 κεκτημένα,

296 2751 371 2814 ὡς
403 2750 497 2802 καὶ
527 2747 624 2817 τὴν
660 2745 821 2817 φύσιν
855 2746 985 2816 μίαν
1013 2744 1110 2799 καὶ
1136 2747 1237 2814 τὴν
1266 2744 1496 2814 δύναμιν
1530 2745 1624 2796 καὶ
1651 2745 1869 2814 κίνησιν

295 2843 392 2895 καὶ
419 2841 722 2911 ἐνέργειαν,
749 2838 843 2892 καὶ
881 2838 940 2891 οὒ
973 2837 1098 2891 κατ’
1123 2837 1395 2906 ἀγγέλους
1424 2837 1520 2889 καὶ
1544 2835 1868 2907 ἀνθρώπους

293 2933 522 3004 γνώμης
547 2933 692 2994 τινὸς
713 2931 748 3002 ἢ
778 2929 969 3000 σοφίας
991 2929 1278 3000 διαφοράν.
1309 2927 1528 2989 «Οὐδεὶ,
1555 2928 1664 2998 γάρ
1693 2931 1871 2996 ἐπιγι-

295 3029 498 3081 νώσκει
543 3026 632 3080 τὸν
665 3025 794 3098 Υίὸν
830 3025 880 3079 εί
921 3023 996 3094 μὴ
1030 3024 1058 3076 6
1088 3024 1315 3092 Πατήρ·
1351 3023 1475 3076 οὐδὲ
1507 3022 1600 3075 τὸν
1647 3022 1867 3093 Πατέρα

292 3139 380 3184 τις
407 3119 763 3189 ἐπιγινώσκει
795 3119 846 3172 εί
873 3117 949 3189 μὴ
977 3118 1006 3170 6
1027 3117 1178 3181 Υἱὸς,
1211 3117 1308 3170 καὶ
1346 3109 1390 3183 ᾧ
1427 3116 1522 3169 ὲάν
1555 3114 1816 3186 βούληται
1840 3117 1868 3169 6

295 3214 426 3278 Υίδς
457 3211 804 3280 ἀποκαλύψαι
831 3224 881 3263 ⁸»
941 3209 1320 3264 ἀποκαλύπτει
1350 3209 1405 3263 δὲ
1422 3210 1544 3262 ὅσον
1566 3208 1815 3278 βούλεται
1843 3209 1870 3260 6

292 3305 500 3370 διδοὺς,
527 3304 626 3356 καὶ
674 3303 798 3355 ὅσον
829 3299 1052 3354 δύναται
1081 3302 1108 3353 6
1135 3299 1428 3368 λαμϐάνων
1459 3299 1548 3352 διὰ
1573 3298 1667 3351 τοῦ
1699 3297 1870 3352 Πνεύ-

295 3414 495 3469 ματος.
535 3397 666 3460 Καὶ,
701 3412 720 3446 ι
754 3393 828 3447 Τὸ
865 3394 1090 3464 Πνεῦμα
1125 3392 1182 3446 δὲ
1222 3393 1404 3446 πάντα
1435 3393 1655 3464 ἐρευνᾷ,
1684 3393 1777 3446 καὶ
1801 3392 1871 3446 τὰ

294 3493 439 3564 βάθη
474 3488 569 3543 τοῦ
602 3487 762 3542 Θεοῦ.
801 3487 910 3542 Καὶ
937 3486 1008 3540 τὰ
1039 3486 1132 3540 τοῦ
1157 3485 1294 3539 Θεοῦ
1326 3485 1499 3549 οὐδεὶς
1524 3481 1687 3551 οἶδεν,
1712 3486 1762 3538 εί
1792 3486 1868 3556 μὴ

293 3587 358 3638 τὸ
392 3582 614 3653 Πνεῦμα
663 3581 725 3634 τὸ
758 3581 816 3632 έν
856 3578 1062 3650 αὐτῷ.»
1115 3576 1284 3650 Ὀρᾷς
1319 3575 1463 3630 κατὰ
1515 3576 1747 3646 δύναμιν
1795 3577 1869 3640 ὡς

295 3678 412 3738 τοῖς
445 3674 623 3742 ἁγίοις
654 3670 1018 3739 ἀπεκαλύφθη
1047 3668 1108 3724 τὸ
1142 3669 1445 3739 μυστήριον
1474 3667 1573 3738 τῆς
1623 3666 1870 3736 ἀδιαιρέο

305 3786 402 3820 του
445 3767 534 3819 καὶ
580 3763 892 3834 ἁσυγχύτου
923 3762 1178 3832 Τριάδος,
1231 3759 1324 3813 τοῦ
1362 3757 1525 3829 μόνου
1571 3758 1680 3811 τῶν
1730 3758 1870 3810 ὅλων

316 3859 478 3924 Θεοῦ;
505 3858 696 3911 Λοιπὸν
717 3857 791 3926 μὴ
813 3855 1127 3925 περαιτέρω
1151 3853 1305 3922 ζήτει
1335 3867 1349 3883 ⁸
1370 3849 1543 3920 ἀρκοῦ
1581 3851 1692 3913 τοῖς
1720 3852 1874 3919 εἰρη-

310 3956 484 4022 μένοις
511 3952 603 4003 καὶ
627 3948 932 4018 δεδομένοις
957 3946 1110 4018 παρά
1136 3943 1294 3997 Θεοῦ.
1339 3943 1493 3996 Ἐπεὶ
1519 3941 1614 3996 καὶ
1660 3942 1868 4012 Πέτρος

303 4044 454 4113 παρά
478 4044 570 4095 τοῦ
599 4040 806 4112 Πατρδς
837 4039 926 4091 τδν
973 4037 1100 4090 Υίὸν
1143 4034 1488 4104 ἀποκαλύψει
1545 4033 1814 4104 ἐγνώρισε
1848 4049 1864 4066 ·

300 4139 397 4190 καὶ
437 4135 597 4187 πάλιν
655 4134 751 4185 σὺν
799 4133 912 4191 τοῖς
966 4129 1172 4192 λοιποῖς
1202 4129 1525 4191 ἀποστόλοις
1561 4129 1714 4196 ποιρά
1769 4123 1869 4178 τοῦ

303 4230 438 4284 Υίοῦ
495 4229 585 4280 τὸν
626 4227 840 4296 Πατέρα
890 4223 1060 4294 ἔμαθε
1116 4221 1410 4291 διδαχθεὶς,
1449 4239 1466 4272 ι
1507 4218 1870 4291 Ἐφανέρωσά

295 4341 391 4376 σου
431 4321 492 4373 τὸ
548 4319 738 4389 ὄνομα,
775 4335 795 4370 ι
849 4317 1125 4385 λέγοντος,
1178 4333 1197 4366 ι
1230 4318 1344 4378 τοῖς
1393 4314 1726 4384 ἀνθρώποις,
1771 4315 1868 4368 καὶ

295 4416 571 4485 ἐγνώρισα
594 4414 774 4476 αὐτοῖς
807 4413 866 4465 τὸ
895 4409 1072 4480 ὅνομὰ
1118 4426 1210 4462 σου
1247 4408 1344 4461 καὶ
1376 4407 1656 4477 γνωρίσω.
1697 4425 1715 4458 ι
1757 4407 1867 4460 Καὶ

1967 1915 2268 1979 Stantialia,
2290 1916 2365 1968 ait
2387 1917 2698 1988 Dionysius,
2718 1917 2890 1972 lucem
2914 1935 3076 1972 uuam
3105 1919 3382 1984 habentia,
3411 1920 3555 1974 sicut

1968 2016 2022 2061 et
2063 2023 2224 2060 unam
2263 2018 2516 2062 naturam
2569 2019 2623 2062 et
2647 2019 3000 2079 potestatem,
3039 2021 3093 2064 et
3130 2011 3462 2065 voluntatem
3497 2023 3552 2064 ct

1969 2098 2364 2168 Operationem,
2390 2115 2564 2168 neque
2605 2101 3074 2154 more‘hominum
3105 2111 3158 2156 et
3223 2103 3541 2172 angelorum

1968 2192 2199 2247 scientia
2262 2193 2493 2260 quadam
2527 2205 2621 2248 aut
2665 2194 2930 2262 sapientia
2985 2195 3262 2250 diii‘erunt.
3297 2214 3315 2247 ‹
3373 2196 3546 2250 Nemo

1969 2285 2116 2340 enim
2153 2286 2303 2340 novit
2332 2287 2526 2341 Filium
2560 2287 2664 2342 nisi
2706 2287 2886 2352 Pater,
2916 2298 2970 2343 et
2995 2305 3155 2344 nemo
3204 2289 3416 2346 Patrem
3451 2309 3550 2347 no-

1968 2379 2167 2434 vitnisi
2192 2375 2393 2442 Filius,
2416 2388 2468 2432 et
2490 2378 2578 2434 cui
2603 2381 2836 2434 voluerit
2861 2379 3034 2437 Filius
3059 2384 3365 2451 revelarep
3402 2401 3554 2440 reve-

1970 2468 2104 2524 labit
2132 2477 2315 2524 autem
2343 2482 2609 2539 quantum
2638 2470 2874 2525 voluerit
2908 2471 2954 2526 is
2985 2475 3077 2541 qui
3127 2474 3318 2538 dat,‘et
3372 2493 3551 2545 qua-i-

1969 2570 2085 2616 tum
2116 2565 2357 2632 potuerit
2387 2563 2430 2617 is
2463 2563 2552 2632 qui
2584 2578 2678 2632 per
2705 2563 2970 2633 Spiritum
3003 2567 3221 2635 accipit.
3258 2587 3274 2618 ι
3313 2568 3550 2637 Spiritus

1969 2668 2102 2708 vero
2151 2654 2335 2709 omnia
2389 2663 2669 2709 scrutatur
2719 2657 2883 2710 etiam
2931 2659 3203 2727 profunda
3250 2661 3400 2724 Dei,»
3450 2672 3550 2718 et:

1977 2765 1996 2799 ι
2035 2744 2168 2812 Quae
2197 2756 2328 2801 sunt
2362 2745 2454 2800 Dei
2487 2763 2649 2802 nemo
2685 2750 2836 2803 novit
2869 2751 2975 2805 nisi
3003 2751 3240 2821 Spiritus
3268 2756 3359 2824 qui
3386 2766 3471 2810 est
3497 2755 3552 2808 in

1971 2853 2059 2894 eo.
2098 2857 2116 2890 ι
2180 2837 2374 2894 Viden’
2402 2841 2665 2910 quoniam
2721 2858 2817 2912 pro
2875 2843 3084 2899 viribus
3129 2847 3426 2901 revelatum
3470 2859 3556 2902 est

1973 2932 2180 2990 sanctis
2232 2933 2555 3004 mysterium
2622 2934 2978 2990 indivisibilis
3034 2948 3091 2991 ct
3150 2939 3552 2994 ineunfusibilis

1972 3025 2284 3091 Trinitatis,
2320 3026 2492 3081 solius
2525 3027 2910 3084 universorum
2949 3029 3080 3084 Dei?
3115 3032 3386 3086 Caeterum
3437 3035 3552 3088 noli

1973 3121 2139 3176 altius
2182 3121 2460 3190 inquirere
2498 3137 2514 3188 ;
2545 3122 2819 3178 suﬂiciant
2850 3139 2968 3193 quac
2997 3123 3141 3178 (ἧι-ιη
3177 3136 3304 3180 ειιιιι
3331 3136 3383 3180 et
3429 3128 3555 3181 data

1975 3227 2006 3267 a
2035 3211 2164 3278 Deo,
2197 3212 2457 3282 quoniam
2494 3211 2691 3269 Petrus
2726 3230 2945 3284 quoque
2973 3231 3001 3270 a
3037 3215 3144 3270 Deo
3172 3215 3368 3271 Filium
3404 3235 3560 3273 rere-

1975 3302 2179 3358 latione
2237 3302 2515 3373 cognorit,
2546 3312 2601 3358 et
2630 3304 2826 3358 iterum
2857 3321 2984 3359 cum
3043 3307 3256 3361 meti-ris
3294 3310 3562 3378 apostolis

1973 3409 2005 3449 a
2036 3392 2176 3449 Filio
2202 3395 2428 3450 edocms
2457 3393 2673 3450 Patrem
2713 3396 2909 3451 didicit
2963 3397 3057 3468 qui
3120 3397 3293 3453 dixit:
3333 3419 3350 3451 ι
3387 3400 3563 3454 illaut-

1975 3487 2170 3542 festavi
2225 3503 2421 3543 nomen
2466 3496 2619 3543 tuum
2672 3488 3013 3554 hominibus,
3046 3499 3099 3543 et
3133 3501 3319 3544 notum
3349 3492 3450 3548 feci
3476 3493 3558 3548 cis

1972 3594 2172 3634 nomen
2234 3590 2384 3634 tuum
2451 3588 2506 3634 et
2533 3589 2722 3634 uotum
2783 3581 3004 3636 faciam.
3038 3600 3056 3633 ›
3100 3581 3164 3636 Ει
3196 3599 3316 3653 qua:
3347 3587 3559 3654 angelis

1974 3669 2258 3726 tremenda
2315 3679 2445 3727 sunt
2494 3681 2664 3743 Mque
2732 3673 2919 3744 ignota
2952 3691 3048 3742 per
3093 3675 3357 3745 Spiritum
3402 3681 3564 3734 nobis

1975 3762 2208 3818 revelata
2239 3771 2367 3818 sunt
2401 3781 2415 3819 :
2461 3783 2478 3816 ι
2521 3764 2648 3822 Haec
2689 3766 2870 3834 nobis,
2902 3768 2979 3821 ait
3007 3765 3230 3837 Paulus,
3259 3786 3354 3837 per
3381 3770 3558 3841 Spiri-

1973 3865 2089 3913 tum
2121 3857 2399 3913 revelavil.
2436 3877 2453 3910 ι
2484 3855 2743 3928 Superest
2791 3869 2849 3913 ut
2904 3861 3142 3916 revelata
3206 3865 3412 3919 sanctis
3458 3847 3561 3919 cu-

1974 3946 2311 4014 stodiamus,
2343 3963 2525 4016 neque
2554 3957 2740 4004 nostra
2767 3950 3194 4006 immisceamus.
3221 3953 3455 4022 Spiritus
3480 3963 3566 4009 est

1971 4038 2522 4109 veritatis,Spiritus
2572 4037 2696 4107 Dei,
2756 4039 2996 4111 Spiritus
3061 4041 3264 4110 Patris,
3319 4044 3557 4115 Spiritus

1973 4130 2200 4196 Christi,
2255 4129 2491 4201 Spiritus
2539 4129 2663 4186 Filii
2707 4131 2760 4186 ’νί
2801 4133 3029 4188 unitatis
3089 4136 3437 4204 substantiae,
3494 4148 3550 4194 et

1971 4222 2211 4287 consilii,
2279 4223 2640 4294 ejusdemque
2725 4225 3002 4297 principii,
3090 4231 3428 4298 operationis
3503 4244 3558 4287 et

1972 4315 2277 4386 potestatis.
2339 4315 2577 4371 Verba:
2643 4335 2662 4370 ι
2732 4316 2939 4386 Spiritu
3003 4321 3114 4376 oris
3177 4323 3295 4391 ejus
3346 4324 3439 4393 qui
3491 4341 3558 4380 ex

1975 4406 2134 4462 Patre
2164 4406 2436 4477 procedit,
2475 4407 2712 4480 Spiritus
2740 4411 2832 4481 qui
2861 4427 2926 4466 ex
2969 4412 3080 4468 Deo
3110 4425 3214 4479 est,
3250 4433 3269 4467 θ
3306 4432 3557 4485 causam,

293 4517 357 4562 τὰ
389 4511 502 4571 τοῖς
529 4506 778 4575 ἀγγέλοις
823 4505 881 4557 δὲ
927 4503 1133 4573 φρικτὰ
1158 4518 1218 4554 τε
1249 4505 1342 4554 καὶ
1370 4501 1627 4570 ἄγνωστα
1657 4499 1744 4553 διὰ
1773 4499 1865 4552 τοῦ

1976 4499 2182 4555 fontem
2255 4517 2533 4571 unumque
2581 4502 2758 4559 Patris
2813 4504 3149 4574 principium
3216 4508 3310 4576 qui
3365 4523 3560 4565 auetor

299 4601 618 4670 Πνεύματος
652 4600 782 4668 ἡμῖν
817 4595 1200 4666 ἀπεκαλύφθη.
1226 4591 1439 4656 Παῦλός
1464 4609 1686 4663 (prgam:
1708 4590 1872 4660 Ἡμῖν

292 4697 350 4748 δὲ
374 4692 554 4747 ταῦτα
585 4690 900 4760 ἀπεκάλυψε
925 4689 1014 4742 διά
1032 4688 1127 4742 τοῦ
1148 4686 1523 4756 Πνεύματος.»
1554 4686 1758 4739 Λοιπὸν
1777 4700 1872 4753 τη-

301 4788 486 4858 ρῶμεν
536 4787 607 4838 τά
646 4781 1105 4851 ἀποκαλυφθέντα
1141 4783 1254 4843 τοῖς
1302 4779 1502 4849 ἀγίοις,
1536 4777 1632 4832 καὶ
1669 4775 1746 4848 μὴ
1802 4778 1870 4830 τά

296 4882 544 4952 ἡμέτερα
574 4876 1018 4949 παρεισάγωμεν.
1048 4875 1120 4930 T6
1160 4872 1387 4944 Πνεῦμα
1441 4873 1542 4944 τῆς
1585 4870 1867 4941 ἀληθείας,

297 4975 526 5044 Πνεῦμα
574 4970 732 5036 Θεοῦ,
781 4970 1005 5039 Πνεῦμα
1053 4970 1287 5036 Πατρὸς,
1329 4965 1554 5035 Πνεῦμα
1604 4962 1868 5036 Χριστοῦ,

302 5067 529 5136 Πνεῦμα
578 5063 672 5117 τοῦ
706 5063 862 5129 Υίοῦ,
892 5062 1067 5116 ταῦτα
1097 5061 1198 5130 τῆς
1257 5059 1736 5134 ὁμοουσιούτητος,
1772 5058 1868 5127 τῆς

300 5158 643 5229 ὁμοϐουλίας,
671 5159 768 5227 τῆς
804 5158 931 5226 μιᾶς
963 5155 1135 5224 ἀρχῆς
1163 5152 1260 5206 καὶ
1283 5150 1567 5222 ἐνεργείας
1596 5152 1693 5204 καὶ
1710 5150 1872 5204 δυνά-

304 5263 467 5317 μεως.
497 5245 590 5314 Τῷ
620 5243 902 5313 Πνεύματι
936 5244 1028 5296 τοῦ
1087 5243 1357 5312 στόματος
1398 5241 1590 5303 αὐτοῦ,
1639 5240 1668 5293 6
1719 5241 1870 5311 παρά

299 5338 393 5391 τοῦ
417 5336 630 5406 Πατρὸς
663 5335 1044 5406 ἐκπορεύεται,
1070 5336 1127 5386 τδ
1146 5333 1366 5403 Πνεῦμα
1397 5335 1458 5386 τὸ
1485 5337 1550 5386 ἐκ
1577 5333 1671 5384 τοῦ
1704 5333 1866 5396 Θεοῦ,

301 5428 468 5484 ταῦτα
509 5429 612 5499 τῆς
637 5409 817 5490 αἰτίας
853 5429 948 5479 καὶ
993 5429 1177 5496 πηγῆς
1235 5429 1329 5480 καὶ
1382 5429 1512 5498 μιᾶς
1565 5426 1742 5497 ἀρχῆς
1774 5424 1868 5478 τοῦ

306 5519 526 5590 Πατρδς,
552 5519 612 5583 ὃς
637 5519 811 5580 αἴτιος
844 5523 936 5570 καὶ
965 5518 1060 5570 τοῦ
1095 5517 1225 5570 Υἱοῦ
1261 5518 1354 5570 καὶ
1395 5519 1488 5570 τοῦ
1524 5518 1864 5587 Πνεύματος.

316 5613 458 5666 Ἐπεὶ
499 5616 592 5667 καὶ
633 5615 764 5683 περὶ
791 5613 886 5664 τοῦ
923 5611 1046 5664 Υἱοῦ
1077 5613 1413 5681 γέγραπται,
1449 5630 1467 5661 ‹
1529 5611 1668 5680 Ἐγὼ
1717 5613 1812 5665 καὶ
1841 5614 1869 5664 6

311 5705 485 5776 Πατὴρ
517 5705 574 5758 ἓν
602 5708 794 5774 ἐσμεν.
840 5703 898 5755 '0
930 5704 1186 5774 έωρακὼ,
1221 5703 1347 5772 ἐμὲ,
1385 5704 1598 5772 ἑώρακε
1626 5704 1719 5755 τὸν
1760 5708 1867 5757 Πα-

305 5797 450 5866 τέρα.
488 5799 665 5855 Πάντα
697 5799 799 5850 ὃσα
833 5795 944 5866 ἔχει
981 5799 1008 5848 ὁ
1039 5798 1223 5867 Πατὴρ
1253 5798 1358 5866 ἐμά
1392 5798 1530 5852 ἐστι.
1581 5797 1764 5850 Πάντα
1798 5800 1864 5849 τὰ

1975 4605 2058 4649 est
2094 4591 2214 4647 Filii
2242 4602 2296 4646 et
2328 4593 2564 4663 Spiritus
2587 4595 2890 4664 exhibent;
2922 4599 3044 4653 ideo
3073 4598 3142 4653 de
3192 4598 3332 4654 Filio
3381 4601 3561 4671 scrip-

1975 4697 2088 4741 tum
2124 4695 2206 4742 est
2237 4703 2250 4739 :
2292 4705 2310 4738 ι
2367 4685 2481 4758 Ego
2510 4698 2565 4742 et
2615 4686 2781 4744 Pater
2815 4705 2984 4744 unum
3019 4706 3252 4758 sumus;
3291 4693 3392 4759 Qui
3416 4694 3560 4748 ridet

1977 4794 2061 4834 me
2091 4777 2237 4833 videt
2258 4785 2312 4834 et
2335 4778 2586 4849 Patrem;
2609 4778 2803 4835 Omnia
2834 4797 3177 4852 quaecunque
3209 4784 3372 4838 habet
3394 4783 3559 4839 Pater

1975 4886 2094 4926 mea
2128 4881 2291 4937 sunt;
2327 4871 2522 4926 Omnia
2549 4881 2640 4926 tua
2683 4887 2803 4927 mea
2837 4884 2986 4940 sunt,
3017 4885 3071 4930 ct
3102 4891 3220 4930 mea
3260 4886 3349 4931 tua
3378 4887 3503 4932 sunt
3531 4918 3550 4944 ,

1976 4963 2131 5020 Sicut
2150 4963 2310 5021 Pater
2339 4967 2631 5022 resuscitat
2658 4977 2910 5024 mortuos
2948 4978 3002 5024 et
3059 4968 3323 5037 vivilieat,
3359 4972 3433 5027 ita
3468 4970 3559 5025 Fi-

1971 5055 2078 5110 lius
2107 5071 2246 5125 quos
2275 5055 2674 5124 vult‘virilicat,
2711 5075 2728 5109 ›
2769 5065 2827 5112 et
2859 5057 3084 5122 similia,
3115 5059 3319 5127 quibus
3372 5061 3560 5116 unitas

1974 5159 2180 5203 naturae
2232 5158 2284 5203 et
2331 5149 2588 5218 potentia:
2639 5158 2804 5218 atque
2843 5149 3058 5204 cons:lii
3087 5159 3140 5202 et
3196 5149 3556 5204 individttitas

1977 5249 2333 5295 monstratur.
2363 5239 2426 5293 Et
2466 5256 2692 5296 rursus:
2731 5259 2748 5292 ι
2773 5240 2828 5294 Ιιι
2861 5241 3128 5311 principio
3153 5253 3269 5296 crat
3289 5239 3553 5310 Verbum,

1973 5343 2028 5389 et
2066 5335 2302 5388 Verbum
2361 5345 2480 5387 erat
2520 5335 2572 5388 in
2624 5336 2892 5403 principio
2922 5336 3062 5405 apud
3103 5336 3294 5401 Deum,
3325 5346 3378 5390 et
3411 5336 3555 5391 Deus

1972 5433 2090 5480 erat
2119 5423 2390 5497 Verbum;
2424 5444 2443 5475 ι
2482 5442 2693 5480 necnon
2716 5440 2910 5481 voces:
2943 5445 2960 5477 ι
2992 5425 3172 5493 Pater,
3204 5425 3557 5497 Unigenitus,

1972 5518 2073 5584 Qui
2109 5527 2186 5571 est
2226 5495 2285 5570 iii
2307 5518 2427 5570 sinu
2471 5517 2670 5583 Patris,
2709 5518 2810 5584 Qui
2861 5530 2946 5573 est
2978 5522 3236 5588 splendor
3271 5495 3482 5588 gloriae,
3524 5539 3546 5571 ›

1968 5613 2087 5664 ιιςιιο
2121 5611 2304 5662 omnia
2353 5607 2550 5662 Filium
2594 5626 2712 5664 che
2754 5614 3278 5666 consubsmntalem
3330 5613 3559 5665 demon-

1971 5704 2644 5772 strant,quemadmodum
2676 5705 2776 5760 ista
2809 5722 3001 5760 rursus
3044 5708 3112 5760 de
3151 5704 3356 5773 Spiritu
3389 5705 3561 5770 dicta,

1979 5816 1997 5848 ι
2035 5797 2110 5851 Ex
2155 5813 2238 5851 me
2279 5797 2542 5867 accipiet,
2574 5808 2623 5852 et
2665 5798 3012 5853 annuntiabit
3047 5798 3219 5862 γοὺὶς,
3252 5814 3268 5846 ι
3308 5795 3557 5849 indicant
