  <div class='ocr_page' id='page_1' title='image "/cluster/home/n/w/nwhite01/storage/ocr_20150623/155/coo.31924054870609/074.png"; bbox 0 0 4066 6438; ppageno 0'>
   <div class='ocr_carea' id='block_1_1' title="bbox 274 299 382 366">
    <p class='ocr_par' dir='ltr' id='par_1_1' title="bbox 274 299 382 366">
     <span class='ocr_line' id='line_1_1' title="bbox 274 299 382 366; baseline 0.009 -1"><span class='ocrx_word' id='word_1_1' title='bbox 274 299 382 366; x_wconf 71' lang='grc'><strong>133</strong></span> 
     </span>
    </p>
   </div>
   <div class='ocr_carea' id='block_1_2' title="bbox 1302 290 2476 365">
    <p class='ocr_par' dir='ltr' id='par_1_2' title="bbox 1302 290 2476 365">
     <span class='ocr_line' id='line_1_2' title="bbox 1302 290 2476 365; baseline 0.003 -6"><span class='ocrx_word' id='word_1_2' title='bbox 1302 290 1425 359; x_wconf 74' lang='grc' dir='ltr'><strong>ΒΥΑ</strong></span> <span class='ocrx_word' id='word_1_3' title='bbox 1440 297 1692 359; x_wconf 87' lang='lat' dir='ltr'>LOGUS</span> <span class='ocrx_word' id='word_1_4' title='bbox 1732 294 2039 360; x_wconf 83' lang='lat' dir='ltr'><strong>CONTRA</strong></span> <span class='ocrx_word' id='word_1_5' title='bbox 2080 293 2476 365; x_wconf 73' lang='lat' dir='ltr'><strong>H/ERESES.</strong></span> 
     </span>
    </p>
   </div>
   <div class='ocr_carea' id='block_1_3' title="bbox 3447 304 3551 372">
    <p class='ocr_par' dir='ltr' id='par_1_3' title="bbox 3447 304 3551 372">
     <span class='ocr_line' id='line_1_3' title="bbox 3447 304 3551 372; baseline 0.067 -10"><span class='ocrx_word' id='word_1_6' title='bbox 3447 304 3551 372; x_wconf 57' lang='lat'><strong>1:34</strong></span> 
     </span>
    </p>
   </div>
   <div class='ocr_carea' id='block_1_4' title="bbox 276 417 1859 493">
    <p class='ocr_par' dir='ltr' id='par_1_4' title="bbox 276 417 1852 493">
     <span class='ocr_line' id='line_1_4' title="bbox 276 417 1852 493; baseline -0.009 -15"><span class='ocrx_word' id='word_1_7' title='bbox 276 424 328 478; x_wconf 76' lang='grc' dir='ltr'><strong>τί</strong></span> <span class='ocrx_word' id='word_1_8' title='bbox 365 424 471 493; x_wconf 78' lang='grc' dir='ltr'>ἄρα</span> <span class='ocrx_word' id='word_1_9' title='bbox 512 420 780 490; x_wconf 72' lang='grc' dir='ltr'>ἐλάϐομεν</span> <span class='ocrx_word' id='word_1_10' title='bbox 807 438 821 487; x_wconf 87' lang='grc'>;</span> <span class='ocrx_word' id='word_1_11' title='bbox 851 419 962 474; x_wconf 71' lang='grc' dir='ltr'><strong>Καὶ</strong></span> <span class='ocrx_word' id='word_1_12' title='bbox 1013 417 1173 488; x_wconf 71' lang='grc' dir='ltr'>χάριν</span> <span class='ocrx_word' id='word_1_13' title='bbox 1223 418 1345 471; x_wconf 70' lang='grc' dir='ltr'>ἀντὶ</span> <span class='ocrx_word' id='word_1_14' title='bbox 1391 419 1636 489; x_wconf 78' lang='grc' dir='ltr'>χάριτος.</span> <span class='ocrx_word' id='word_1_15' title='bbox 1689 418 1852 488; x_wconf 69' lang='grc' dir='ltr'>Ὁρᾷς</span> 
     </span>
    </p>
   </div>
   <div class='ocr_carea' id='block_1_5' title="bbox 1962 417 3555 493">
    <p class='ocr_par' dir='ltr' id='par_1_5' title="bbox 1962 417 3555 490">
     <span class='ocr_line' id='line_1_5' title="bbox 1962 417 3555 490; baseline 0.006 -18"><span class='ocrx_word' id='word_1_16' title='bbox 1962 417 2088 472; x_wconf 86' lang='lat' dir='ltr'><strong>etin</strong></span> <span class='ocrx_word' id='word_1_17' title='bbox 2127 433 2361 487; x_wconf 89' lang='lat' dir='ltr'><strong>persona</strong></span> <span class='ocrx_word' id='word_1_18' title='bbox 2389 419 2550 487; x_wconf 67' lang='lat' dir='ltr'><strong>hujus</strong></span> <span class='ocrx_word' id='word_1_19' title='bbox 2574 428 2854 485; x_wconf 82' lang='lat' dir='ltr'><strong>constans,</strong></span> <span class='ocrx_word' id='word_1_20' title='bbox 2880 419 3003 490; x_wconf 84' lang='lat' dir='ltr'><strong>quis</strong></span> <span class='ocrx_word' id='word_1_21' title='bbox 3036 419 3259 475; x_wconf 75' lang='lat' dir='ltr'><strong>audebit</strong></span> <span class='ocrx_word' id='word_1_22' title='bbox 3284 420 3463 479; x_wconf 86' lang='lat' dir='ltr'><strong>dicere</strong></span> <span class='ocrx_word' id='word_1_23' title='bbox 3493 439 3555 481; x_wconf 67' lang='grc' dir='ltr'>τε</span> 
     </span>
    </p>
   </div>
   <div class='ocr_carea' id='block_1_6' title="bbox 279 511 1851 587">
    <p class='ocr_par' dir='ltr' id='par_1_6' title="bbox 279 511 1851 587">
     <span class='ocr_line' id='line_1_6' title="bbox 279 511 1851 587; baseline -0.003 -17"><span class='ocrx_word' id='word_1_24' title='bbox 279 517 424 579; x_wconf 79' lang='grc' dir='ltr'>ὅπως</span> <span class='ocrx_word' id='word_1_25' title='bbox 453 515 616 587; x_wconf 83' lang='grc' dir='ltr'>χάριν</span> <span class='ocrx_word' id='word_1_26' title='bbox 647 516 741 568; x_wconf 71' lang='grc' dir='ltr'><strong>καὶ</strong></span> <span class='ocrx_word' id='word_1_27' title='bbox 788 512 849 566; x_wconf 88' lang='grc' dir='ltr'><strong>οὑ</strong></span> <span class='ocrx_word' id='word_1_28' title='bbox 904 511 1069 581; x_wconf 81' lang='grc' dir='ltr'>φύσιν</span> <span class='ocrx_word' id='word_1_29' title='bbox 1110 511 1419 582; x_wconf 78' lang='grc' dir='ltr'>ὲλάὸομεν;</span> <span class='ocrx_word' id='word_1_30' title='bbox 1459 511 1572 583; x_wconf 79' lang='grc' dir='ltr'><strong>Τὴν</strong></span> <span class='ocrx_word' id='word_1_31' title='bbox 1606 512 1708 583; x_wconf 81' lang='grc' dir='ltr'>μὲν</span> <span class='ocrx_word' id='word_1_32' title='bbox 1741 512 1851 583; x_wconf 82' lang='grc' dir='ltr'>γὰρ</span> 
     </span>
    </p>
   </div>
   <div class='ocr_carea' id='block_1_7' title="bbox 282 604 1846 675">
    <p class='ocr_par' dir='ltr' id='par_1_7' title="bbox 282 604 1846 675">
     <span class='ocr_line' id='line_1_7' title="bbox 282 604 1846 675; baseline -0.003 -13"><span class='ocrx_word' id='word_1_33' title='bbox 282 608 574 662; x_wconf 76' lang='grc' dir='ltr'><strong>ὑπόστασιν</strong></span> <span class='ocrx_word' id='word_1_34' title='bbox 600 604 696 660; x_wconf 87' lang='grc' dir='ltr'><strong>τοῦ</strong></span> <span class='ocrx_word' id='word_1_35' title='bbox 727 606 903 675; x_wconf 87' lang='grc' dir='ltr'>Λόγου</span> <span class='ocrx_word' id='word_1_36' title='bbox 940 605 1099 674; x_wconf 83' lang='grc' dir='ltr'>μόνος</span> <span class='ocrx_word' id='word_1_37' title='bbox 1132 605 1340 667; x_wconf 76' lang='grc' dir='ltr'>ἐκεῖνος</span> <span class='ocrx_word' id='word_1_38' title='bbox 1364 605 1392 657; x_wconf 81' lang='grc' dir='ltr'>ὁ</span> <span class='ocrx_word' id='word_1_39' title='bbox 1425 605 1571 668; x_wconf 85' lang='grc' dir='ltr'>θεῖος</span> <span class='ocrx_word' id='word_1_40' title='bbox 1602 606 1729 668; x_wconf 84' lang='grc' dir='ltr'>ναὸς</span> <span class='ocrx_word' id='word_1_41' title='bbox 1751 604 1846 660; x_wconf 87' lang='grc' dir='ltr'><strong>τοῦ</strong></span> 
     </span>
    </p>
   </div>
   <div class='ocr_carea' id='block_1_8' title="bbox 270 694 1850 767">
    <p class='ocr_par' dir='ltr' id='par_1_8' title="bbox 270 694 1850 767">
     <span class='ocr_line' id='line_1_8' title="bbox 270 694 1850 767; baseline 0 -16"><span class='ocrx_word' id='word_1_42' title='bbox 270 697 526 767; x_wconf 67' lang='grc' dir='ltr'>’Σωτῆρος</span> <span class='ocrx_word' id='word_1_43' title='bbox 553 696 712 767; x_wconf 77' lang='grc' dir='ltr'>ἡμῶν</span> <span class='ocrx_word' id='word_1_44' title='bbox 743 697 824 759; x_wconf 84' lang='grc' dir='ltr'><strong>είς</strong></span> <span class='ocrx_word' id='word_1_45' title='bbox 854 695 1031 766; x_wconf 78' lang='grc' dir='ltr'>ἄκραν</span> <span class='ocrx_word' id='word_1_46' title='bbox 1080 694 1239 766; x_wconf 74' lang='grc' dir='ltr'>ἔσχεν</span> <span class='ocrx_word' id='word_1_47' title='bbox 1291 697 1511 763; x_wconf 71' lang='grc' dir='ltr'>ἕνωσιν,</span> <span class='ocrx_word' id='word_1_48' title='bbox 1542 697 1663 748; x_wconf 69' lang='grc' dir='ltr'>ἐπεὶ</span> <span class='ocrx_word' id='word_1_49' title='bbox 1697 696 1790 750; x_wconf 73' lang='grc' dir='ltr'><strong>καὶ</strong></span> <span class='ocrx_word' id='word_1_50' title='bbox 1823 699 1850 751; x_wconf 81' lang='grc' dir='ltr'>ὁ</span> 
     </span>
    </p>
   </div>
   <div class='ocr_carea' id='block_1_9' title="bbox 276 787 1853 860">
    <p class='ocr_par' dir='ltr' id='par_1_9' title="bbox 276 787 1853 860">
     <span class='ocr_line' id='line_1_9' title="bbox 276 787 1853 860; baseline -0.001 -15"><span class='ocrx_word' id='word_1_51' title='bbox 276 791 450 858; x_wconf 86' lang='grc' dir='ltr'>Λόγος</span> <span class='ocrx_word' id='word_1_52' title='bbox 481 789 779 848; x_wconf 75' lang='grc' dir='ltr'><strong>ὑπόστασις</strong></span> <span class='ocrx_word' id='word_1_53' title='bbox 828 787 1017 857; x_wconf 82' lang='grc' dir='ltr'>γέγονε</span> <span class='ocrx_word' id='word_1_54' title='bbox 1055 791 1134 858; x_wconf 80' lang='grc' dir='ltr'>τῷ</span> <span class='ocrx_word' id='word_1_55' title='bbox 1166 788 1494 860; x_wconf 81' lang='grc' dir='ltr'>ἀνθρωπίνῳ</span> <span class='ocrx_word' id='word_1_56' title='bbox 1527 789 1721 853; x_wconf 83' lang='grc' dir='ltr'>αὑτοῦ,</span> <span class='ocrx_word' id='word_1_57' title='bbox 1754 792 1853 844; x_wconf 77' lang='grc' dir='ltr'><strong>καὶ</strong></span> 
     </span>
    </p>
   </div>
   <div class='ocr_carea' id='block_1_10' title="bbox 281 882 1854 961">
    <p class='ocr_par' dir='ltr' id='par_1_10' title="bbox 281 882 1854 961">
     <span class='ocr_line' id='line_1_10' title="bbox 281 882 1854 961; baseline -0.001 -24"><span class='ocrx_word' id='word_1_58' title='bbox 281 883 443 953; x_wconf 79' lang='grc' dir='ltr'>μόνος</span> <span class='ocrx_word' id='word_1_59' title='bbox 470 882 625 953; x_wconf 61' lang='grc' dir='ltr'>ὤφθη</span> <span class='ocrx_word' id='word_1_60' title='bbox 660 883 1044 961; x_wconf 80' lang='grc' dir='ltr'>Θεάνθρωπος,</span> <span class='ocrx_word' id='word_1_61' title='bbox 1076 887 1171 938; x_wconf 80' lang='grc' dir='ltr'><strong>καὶ</strong></span> <span class='ocrx_word' id='word_1_62' title='bbox 1214 884 1374 953; x_wconf 89' lang='grc' dir='ltr'>μόνος</span> <span class='ocrx_word' id='word_1_63' title='bbox 1423 887 1489 954; x_wconf 81' lang='grc' dir='ltr'>τῇ</span> <span class='ocrx_word' id='word_1_64' title='bbox 1549 885 1854 938; x_wconf 75' lang='grc' dir='ltr'>ὑποστάσει</span> 
     </span>
    </p>
   </div>
   <div class='ocr_carea' id='block_1_11' title="bbox 280 971 1856 1047">
    <p class='ocr_par' dir='ltr' id='par_1_11' title="bbox 280 971 1856 1047">
     <span class='ocr_line' id='line_1_11' title="bbox 280 971 1856 1047; baseline -0.001 -16"><span class='ocrx_word' id='word_1_65' title='bbox 280 977 434 1040; x_wconf 76' lang='grc' dir='ltr'>οὗτος</span> <span class='ocrx_word' id='word_1_66' title='bbox 462 971 542 1039; x_wconf 76' lang='grc' dir='ltr'>εἷς</span> <span class='ocrx_word' id='word_1_67' title='bbox 571 979 634 1028; x_wconf 80' lang='grc' dir='ltr'>ἐκ</span> <span class='ocrx_word' id='word_1_68' title='bbox 662 977 755 1030; x_wconf 85' lang='grc' dir='ltr'><strong>δύο</strong></span> <span class='ocrx_word' id='word_1_69' title='bbox 791 977 1049 1046; x_wconf 77' lang='grc' dir='ltr'><strong>συνετέθη</strong></span> <span class='ocrx_word' id='word_1_70' title='bbox 1078 975 1321 1047; x_wconf 72' lang='grc' dir='ltr'>φύσεων,</span> <span class='ocrx_word' id='word_1_71' title='bbox 1357 977 1487 1040; x_wconf 76' lang='grc' dir='ltr'>Θεὸς</span> <span class='ocrx_word' id='word_1_72' title='bbox 1520 977 1615 1029; x_wconf 68' lang='grc' dir='ltr'>καὶ</span> <span class='ocrx_word' id='word_1_73' title='bbox 1646 976 1856 1047; x_wconf 51' lang='grc' dir='ltr'>ἄνθρω-</span> 
     </span>
    </p>
   </div>
   <div class='ocr_carea' id='block_1_12' title="bbox 283 1067 1855 1140">
    <p class='ocr_par' dir='ltr' id='par_1_12' title="bbox 283 1067 1855 1140">
     <span class='ocr_line' id='line_1_12' title="bbox 283 1067 1855 1140; baseline 0 -18"><span class='ocrx_word' id='word_1_74' title='bbox 283 1088 376 1132; x_wconf 84' lang='grc' dir='ltr'><strong>πος</strong></span> <span class='ocrx_word' id='word_1_75' title='bbox 415 1067 510 1123; x_wconf 78' lang='grc' dir='ltr'>ὧν.</span> <span class='ocrx_word' id='word_1_76' title='bbox 545 1069 734 1132; x_wconf 75' lang='grc' dir='ltr'>Οὐδεὶς</span> <span class='ocrx_word' id='word_1_77' title='bbox 786 1070 843 1123; x_wconf 81' lang='grc' dir='ltr'><strong>δὲ</strong></span> <span class='ocrx_word' id='word_1_78' title='bbox 895 1069 1081 1140; x_wconf 78' lang='grc' dir='ltr'>ἕτερός</span> <span class='ocrx_word' id='word_1_79' title='bbox 1128 1089 1211 1133; x_wconf 89' lang='grc' dir='ltr'><strong>τις</strong></span> <span class='ocrx_word' id='word_1_80' title='bbox 1271 1072 1382 1124; x_wconf 79' lang='grc' dir='ltr'>εἴτε</span> <span class='ocrx_word' id='word_1_81' title='bbox 1437 1070 1690 1138; x_wconf 82' lang='grc' dir='ltr'>ἀγγέλων</span> <span class='ocrx_word' id='word_1_82' title='bbox 1745 1070 1855 1122; x_wconf 78' lang='grc' dir='ltr'>εἴτε</span> 
     </span>
    </p>
   </div>
   <div class='ocr_carea' id='block_1_13' title="bbox 288 1159 1853 1231">
    <p class='ocr_par' dir='ltr' id='par_1_13' title="bbox 288 1159 1853 1231">
     <span class='ocr_line' id='line_1_13' title="bbox 288 1159 1853 1231; baseline 0.002 -20"><span class='ocrx_word' id='word_1_83' title='bbox 288 1160 490 1230; x_wconf 78' lang='grc' dir='ltr'>βροτῶν</span> <span class='ocrx_word' id='word_1_84' title='bbox 516 1159 654 1212; x_wconf 76' lang='grc' dir='ltr'>θεοῦ</span> <span class='ocrx_word' id='word_1_85' title='bbox 690 1160 992 1231; x_wconf 77' lang='grc' dir='ltr'><strong>μετείληφε</strong></span> <span class='ocrx_word' id='word_1_86' title='bbox 1046 1160 1284 1231; x_wconf 77' lang='grc' dir='ltr'>φύσεως.</span> <span class='ocrx_word' id='word_1_87' title='bbox 1319 1161 1577 1229; x_wconf 78' lang='grc' dir='ltr'><strong>Χαρίτων</strong></span> <span class='ocrx_word' id='word_1_88' title='bbox 1610 1162 1666 1215; x_wconf 86' lang='grc' dir='ltr'><strong>δὲ</strong></span> <span class='ocrx_word' id='word_1_89' title='bbox 1696 1161 1853 1231; x_wconf 78' lang='grc' dir='ltr'>μετέ-</span> 
     </span>
    </p>
   </div>
   <div class='ocr_carea' id='block_1_14' title="bbox 286 1251 1857 1322">
    <p class='ocr_par' dir='ltr' id='par_1_14' title="bbox 286 1251 1857 1322">
     <span class='ocr_line' id='line_1_14' title="bbox 286 1251 1857 1322; baseline 0 -19"><span class='ocrx_word' id='word_1_90' title='bbox 286 1269 432 1322; x_wconf 84' lang='grc' dir='ltr'>χουσι</span> <span class='ocrx_word' id='word_1_91' title='bbox 469 1255 693 1316; x_wconf 82' lang='grc' dir='ltr'>πάντες,</span> <span class='ocrx_word' id='word_1_92' title='bbox 720 1252 817 1305; x_wconf 77' lang='grc' dir='ltr'><strong>καὶ</strong></span> <span class='ocrx_word' id='word_1_93' title='bbox 872 1254 1075 1306; x_wconf 81' lang='grc' dir='ltr'>τούτων</span> <span class='ocrx_word' id='word_1_94' title='bbox 1110 1253 1414 1320; x_wconf 76' lang='grc' dir='ltr'><strong>ἀναλόγως,</strong></span> <span class='ocrx_word' id='word_1_95' title='bbox 1442 1251 1538 1305; x_wconf 66' lang='grc' dir='ltr'><strong>καὶ</strong></span> <span class='ocrx_word' id='word_1_96' title='bbox 1573 1251 1672 1320; x_wconf 73' lang='grc' dir='ltr'>τῆς</span> <span class='ocrx_word' id='word_1_97' title='bbox 1705 1252 1857 1314; x_wconf 82' lang='grc' dir='ltr'>θείας</span> 
     </span>
    </p>
   </div>
   <div class='ocr_carea' id='block_1_15' title="bbox 284 1342 1858 1415">
    <p class='ocr_par' dir='ltr' id='par_1_15' title="bbox 284 1342 1858 1415">
     <span class='ocr_line' id='line_1_15' title="bbox 284 1342 1858 1415; baseline 0 -18"><span class='ocrx_word' id='word_1_98' title='bbox 284 1342 638 1412; x_wconf 72' lang='grc' dir='ltr'><strong>ὲλ).ἀμψειι›ς’</strong></span> <span class='ocrx_word' id='word_1_99' title='bbox 686 1344 784 1396; x_wconf 68' lang='grc' dir='ltr'><strong>καὶ</strong></span> <span class='ocrx_word' id='word_1_100' title='bbox 836 1342 949 1397; x_wconf 76' lang='grc' dir='ltr'>θεοὶ</span> <span class='ocrx_word' id='word_1_101' title='bbox 1002 1344 1217 1397; x_wconf 76' lang='grc' dir='ltr'>τελοῦσι</span> <span class='ocrx_word' id='word_1_102' title='bbox 1265 1345 1478 1410; x_wconf 67' lang='grc' dir='ltr'>πολλοὶ,</span> <span class='ocrx_word' id='word_1_103' title='bbox 1525 1344 1666 1415; x_wconf 78' lang='grc' dir='ltr'>πλὴν</span> <span class='ocrx_word' id='word_1_104' title='bbox 1715 1344 1858 1397; x_wconf 84' lang='grc' dir='ltr'>κατὰ</span> 
     </span>
    </p>
   </div>
   <div class='ocr_carea' id='block_1_16' title="bbox 282 1432 1856 1507">
    <p class='ocr_par' dir='ltr' id='par_1_16' title="bbox 282 1432 1856 1507">
     <span class='ocr_line' id='line_1_16' title="bbox 282 1432 1856 1507; baseline 0.001 -18"><span class='ocrx_word' id='word_1_105' title='bbox 282 1439 462 1507; x_wconf 85' lang='grc' dir='ltr'>χάριν.</span> <span class='ocrx_word' id='word_1_106' title='bbox 492 1436 555 1489; x_wconf 76' lang='grc' dir='ltr'><strong>Εἰ</strong></span> <span class='ocrx_word' id='word_1_107' title='bbox 588 1432 680 1489; x_wconf 79' lang='grc' dir='ltr'><strong>οὖν</strong></span> <span class='ocrx_word' id='word_1_108' title='bbox 716 1438 813 1490; x_wconf 66' lang='grc' dir='ltr'><strong>καὶ</strong></span> <span class='ocrx_word' id='word_1_109' title='bbox 843 1436 905 1488; x_wconf 83' lang='grc' dir='ltr'>τὸ</span> <span class='ocrx_word' id='word_1_110' title='bbox 933 1436 1268 1490; x_wconf 72' lang='grc' dir='ltr'>Δεσποτικόν</span> <span class='ocrx_word' id='word_1_111' title='bbox 1305 1438 1464 1506; x_wconf 86' lang='grc' dir='ltr'>σῶμα</span> <span class='ocrx_word' id='word_1_112' title='bbox 1497 1438 1708 1507; x_wconf 86' lang='grc' dir='ltr'>κτίσμα</span> <span class='ocrx_word' id='word_1_113' title='bbox 1763 1437 1856 1506; x_wconf 86' lang='grc' dir='ltr'>μέ-</span> 
     </span>
    </p>
   </div>
   <div class='ocr_carea' id='block_1_17' title="bbox 194 1529 1856 1600">
    <p class='ocr_par' dir='ltr' id='par_1_17' title="bbox 194 1529 1856 1600">
     <span class='ocr_line' id='line_1_17' title="bbox 194 1529 1856 1600; baseline -0.002 -14"><span class='ocrx_word' id='word_1_114' title='bbox 194 1580 205 1586; x_wconf 85' lang='grc'><strong>-</strong></span> <span class='ocrx_word' id='word_1_115' title='bbox 282 1547 362 1585; x_wconf 81' lang='grc' dir='ltr'><strong>νει</strong></span> <span class='ocrx_word' id='word_1_116' title='bbox 398 1530 490 1583; x_wconf 72' lang='grc' dir='ltr'>καὶ</span> <span class='ocrx_word' id='word_1_117' title='bbox 515 1529 718 1583; x_wconf 81' lang='grc' dir='ltr'>ἑνωθὲν</span> <span class='ocrx_word' id='word_1_118' title='bbox 747 1530 825 1599; x_wconf 82' lang='grc' dir='ltr'>τῷ</span> <span class='ocrx_word' id='word_1_119' title='bbox 864 1529 1131 1600; x_wconf 74' lang='grc' dir='ltr'>Δεσπότη,</span> <span class='ocrx_word' id='word_1_120' title='bbox 1163 1530 1389 1600; x_wconf 86' lang='grc' dir='ltr'>ὁμόθεον</span> <span class='ocrx_word' id='word_1_121' title='bbox 1416 1530 1472 1584; x_wconf 77' lang='grc' dir='ltr'><strong>δὲ</strong></span> <span class='ocrx_word' id='word_1_122' title='bbox 1503 1531 1669 1600; x_wconf 87' lang='grc' dir='ltr'>μόνον</span> <span class='ocrx_word' id='word_1_123' title='bbox 1697 1530 1856 1584; x_wconf 88' lang='grc' dir='ltr'>τοῦτὸ</span> 
     </span>
    </p>
   </div>
   <div class='ocr_carea' id='block_1_18' title="bbox 279 1623 1856 1694">
    <p class='ocr_par' dir='ltr' id='par_1_18' title="bbox 279 1623 1856 1694">
     <span class='ocr_line' id='line_1_18' title="bbox 279 1623 1856 1694; baseline 0.001 -18"><span class='ocrx_word' id='word_1_124' title='bbox 279 1625 447 1684; x_wconf 73' lang='grc' dir='ltr'>ἐστιν,</span> <span class='ocrx_word' id='word_1_125' title='bbox 482 1623 556 1686; x_wconf 86' lang='grc' dir='ltr'><strong>ὡς</strong></span> <span class='ocrx_word' id='word_1_126' title='bbox 589 1625 775 1694; x_wconf 75' lang='grc' dir='ltr'>ἄκρως</span> <span class='ocrx_word' id='word_1_127' title='bbox 806 1623 1084 1694; x_wconf 83' lang='grc' dir='ltr'>ἡνωμένον</span> <span class='ocrx_word' id='word_1_128' title='bbox 1116 1623 1194 1694; x_wconf 85' lang='grc' dir='ltr'>τῷ</span> <span class='ocrx_word' id='word_1_129' title='bbox 1220 1624 1401 1692; x_wconf 81' lang='grc' dir='ltr'>Λόγῳ,</span> <span class='ocrx_word' id='word_1_130' title='bbox 1427 1625 1522 1677; x_wconf 63' lang='grc' dir='ltr'><strong>καὶ¹</strong></span> <span class='ocrx_word' id='word_1_131' title='bbox 1546 1626 1603 1676; x_wconf 77' lang='grc' dir='ltr'>ὲν</span> <span class='ocrx_word' id='word_1_132' title='bbox 1629 1626 1695 1694; x_wconf 81' lang='grc' dir='ltr'>τῇ</span> <span class='ocrx_word' id='word_1_133' title='bbox 1727 1625 1856 1678; x_wconf 66' lang='grc' dir='ltr'>ὑπ)-</span> 
     </span>
    </p>
   </div>
   <div class='ocr_carea' id='block_1_19' title="bbox 282 1716 1854 1788">
    <p class='ocr_par' dir='ltr' id='par_1_19' title="bbox 282 1716 1854 1788">
     <span class='ocr_line' id='line_1_19' title="bbox 282 1716 1854 1788; baseline -0.002 -17"><span class='ocrx_word' id='word_1_134' title='bbox 282 1719 467 1771; x_wconf 83' lang='grc' dir='ltr'>στάσει</span> <span class='ocrx_word' id='word_1_135' title='bbox 498 1719 664 1771; x_wconf 78' lang='grc' dir='ltr'>αὑτοῦ</span> <span class='ocrx_word' id='word_1_136' title='bbox 697 1717 917 1784; x_wconf 82' lang='grc' dir='ltr'>συστὰν,</span> <span class='ocrx_word' id='word_1_137' title='bbox 948 1716 1065 1780; x_wconf 91' lang='grc' dir='ltr'><strong>πῶς</strong></span> <span class='ocrx_word' id='word_1_138' title='bbox 1099 1733 1180 1780; x_wconf 87' lang='grc' dir='ltr'><strong>τις</strong></span> <span class='ocrx_word' id='word_1_139' title='bbox 1209 1718 1535 1787; x_wconf 79' lang='grc' dir='ltr'>τολμήσειεν</span> <span class='ocrx_word' id='word_1_140' title='bbox 1563 1717 1671 1788; x_wconf 84' lang='grc' dir='ltr'>ἄρα</span> <span class='ocrx_word' id='word_1_141' title='bbox 1718 1718 1854 1770; x_wconf 85' lang='grc' dir='ltr'>ὑπό-</span> 
     </span>
    </p>
   </div>
   <div class='ocr_carea' id='block_1_20' title="bbox 204 1810 1855 1882">
    <p class='ocr_par' dir='ltr' id='par_1_20' title="bbox 204 1810 1855 1882">
     <span class='ocr_line' id='line_1_20' title="bbox 204 1810 1855 1882; baseline 0 -18"><span class='ocrx_word' id='word_1_142' title='bbox 204 1812 209 1815; x_wconf 76' lang='grc'><strong>’</strong></span> <span class='ocrx_word' id='word_1_143' title='bbox 281 1828 470 1864; x_wconf 88' lang='grc' dir='ltr'>στασιν</span> <span class='ocrx_word' id='word_1_144' title='bbox 498 1810 751 1876; x_wconf 79' lang='grc' dir='ltr'>δέξασθαι</span> <span class='ocrx_word' id='word_1_145' title='bbox 782 1812 915 1865; x_wconf 81' lang='grc' dir='ltr'>Θεοῦ</span> <span class='ocrx_word' id='word_1_146' title='bbox 962 1813 1175 1878; x_wconf 80' lang='grc' dir='ltr'>εἰπεῖν;</span> <span class='ocrx_word' id='word_1_147' title='bbox 1207 1813 1270 1867; x_wconf 74' lang='lat' dir='ltr'><strong>Ei</strong></span> <span class='ocrx_word' id='word_1_148' title='bbox 1302 1812 1411 1882; x_wconf 80' lang='grc' dir='ltr'><strong>γὰρ</strong></span> <span class='ocrx_word' id='word_1_149' title='bbox 1443 1812 1742 1876; x_wconf 82' lang='grc' dir='ltr'>ὑπόστασις</span> <span class='ocrx_word' id='word_1_150' title='bbox 1794 1811 1855 1864; x_wconf 76' lang='grc' dir='ltr'>τὸ</span> 
     </span>
    </p>
   </div>
   <div class='ocr_carea' id='block_1_21' title="bbox 282 1904 1856 1976">
    <p class='ocr_par' dir='ltr' id='par_1_21' title="bbox 282 1904 1856 1976">
     <span class='ocr_line' id='line_1_21' title="bbox 282 1904 1856 1976; baseline 0.004 -21"><span class='ocrx_word' id='word_1_151' title='bbox 282 1904 618 1971; x_wconf 73' lang='grc' dir='ltr'>ἑμπνευσθὲν</span> <span class='ocrx_word' id='word_1_152' title='bbox 646 1904 741 1958; x_wconf 75' lang='grc' dir='ltr'>καὶ</span> <span class='ocrx_word' id='word_1_153' title='bbox 775 1905 836 1958; x_wconf 86' lang='grc' dir='ltr'><strong>οὑ</strong></span> <span class='ocrx_word' id='word_1_154' title='bbox 870 1905 1139 1976; x_wconf 82' lang='grc' dir='ltr'>χάρισμα,</span> <span class='ocrx_word' id='word_1_155' title='bbox 1186 1905 1541 1969; x_wconf 75' lang='grc' dir='ltr'>ὑποστάσεως</span> <span class='ocrx_word' id='word_1_156' title='bbox 1588 1908 1696 1975; x_wconf 83' lang='grc' dir='ltr'>ἄρα</span> <span class='ocrx_word' id='word_1_157' title='bbox 1736 1910 1856 1961; x_wconf 78' lang='grc' dir='ltr'>τότε</span> 
     </span>
    </p>
   </div>
   <div class='ocr_carea' id='block_1_22' title="bbox 279 1996 1855 2069">
    <p class='ocr_par' dir='ltr' id='par_1_22' title="bbox 279 1996 1855 2069">
     <span class='ocr_line' id='line_1_22' title="bbox 279 1996 1855 2069; baseline 0.003 -21"><span class='ocrx_word' id='word_1_158' title='bbox 279 1996 374 2051; x_wconf 86' lang='grc' dir='ltr'><strong>τοῦ</strong></span> <span class='ocrx_word' id='word_1_159' title='bbox 434 1998 750 2067; x_wconf 87' lang='grc' dir='ltr'>Πνεύματος</span> <span class='ocrx_word' id='word_1_160' title='bbox 798 2000 1061 2069; x_wconf 79' lang='grc' dir='ltr'>μετέσχον</span> <span class='ocrx_word' id='word_1_161' title='bbox 1104 1998 1156 2050; x_wconf 82' lang='grc' dir='ltr'><strong>οἱ</strong></span> <span class='ocrx_word' id='word_1_162' title='bbox 1206 1999 1472 2069; x_wconf 78' lang='grc' dir='ltr'>μαθηταὶ,</span> <span class='ocrx_word' id='word_1_163' title='bbox 1511 2002 1604 2052; x_wconf 73' lang='grc' dir='ltr'><strong>καὶ</strong></span> <span class='ocrx_word' id='word_1_164' title='bbox 1638 1999 1758 2052; x_wconf 87' lang='grc' dir='ltr'>τότε</span> <span class='ocrx_word' id='word_1_165' title='bbox 1792 2001 1855 2069; x_wconf 76' lang='grc' dir='ltr'><strong>δὴ</strong></span> 
     </span>
    </p>
   </div>
   <div class='ocr_carea' id='block_1_23' title="bbox 282 2091 1850 2164">
    <p class='ocr_par' dir='ltr' id='par_1_23' title="bbox 282 2091 1850 2164">
     <span class='ocr_line' id='line_1_23' title="bbox 282 2091 1850 2164; baseline 0.003 -19"><span class='ocrx_word' id='word_1_166' title='bbox 282 2091 603 2163; x_wconf 79' lang='grc' dir='ltr'>ὑπαρξάσης</span> <span class='ocrx_word' id='word_1_167' title='bbox 625 2109 639 2122; x_wconf 81' lang='grc'><em>’</em></span> <span class='ocrx_word' id='word_1_168' title='bbox 659 2093 796 2160; x_wconf 79' lang='grc' dir='ltr'>ὅπερ</span> <span class='ocrx_word' id='word_1_169' title='bbox 819 2093 999 2163; x_wconf 81' lang='grc' dir='ltr'>πάσης</span> <span class='ocrx_word' id='word_1_170' title='bbox 1020 2091 1373 2164; x_wconf 82' lang='grc' dir='ltr'>βλασφημίας</span> <span class='ocrx_word' id='word_1_171' title='bbox 1396 2095 1545 2147; x_wconf 75' lang='grc' dir='ltr'>ἐστὶν</span> <span class='ocrx_word' id='word_1_172' title='bbox 1570 2095 1850 2148; x_wconf 76' lang='grc' dir='ltr'>ἐπέκεινα.</span> 
     </span>
    </p>
   </div>
   <div class='ocr_carea' id='block_1_24' title="bbox 282 2182 1858 2256">
    <p class='ocr_par' dir='ltr' id='par_1_24' title="bbox 282 2182 1858 2256">
     <span class='ocr_line' id='line_1_24' title="bbox 282 2182 1858 2256; baseline 0.001 -19"><span class='ocrx_word' id='word_1_173' title='bbox 282 2184 485 2237; x_wconf 72' lang='grc' dir='ltr'>Λοιπὸν</span> <span class='ocrx_word' id='word_1_174' title='bbox 514 2184 578 2236; x_wconf 85' lang='grc' dir='ltr'><strong>έκ</strong></span> <span class='ocrx_word' id='word_1_175' title='bbox 602 2182 698 2236; x_wconf 87' lang='grc' dir='ltr'><strong>τοῦ</strong></span> <span class='ocrx_word' id='word_1_176' title='bbox 730 2183 1099 2253; x_wconf 80' lang='grc' dir='ltr'>πληρώματος</span> <span class='ocrx_word' id='word_1_177' title='bbox 1142 2184 1400 2250; x_wconf 77' lang='grc' dir='ltr'>λαϐόντες</span> <span class='ocrx_word' id='word_1_178' title='bbox 1442 2187 1602 2256; x_wconf 71' lang='grc' dir='ltr'>ἡμεῖς</span> <span class='ocrx_word' id='word_1_179' title='bbox 1641 2188 1737 2241; x_wconf 73' lang='grc' dir='ltr'><strong>καὶ</strong></span> <span class='ocrx_word' id='word_1_180' title='bbox 1761 2185 1858 2256; x_wconf 84' lang='grc' dir='ltr'><strong>χά-</strong></span> 
     </span>
    </p>
   </div>
   <div class='ocr_carea' id='block_1_25' title="bbox 284 2273 1857 2349">
    <p class='ocr_par' dir='ltr' id='par_1_25' title="bbox 284 2273 1857 2349">
     <span class='ocr_line' id='line_1_25' title="bbox 284 2273 1857 2349; baseline 0.003 -22"><span class='ocrx_word' id='word_1_181' title='bbox 284 2291 370 2344; x_wconf 82' lang='grc' dir='ltr'><strong>ριν</strong></span> <span class='ocrx_word' id='word_1_182' title='bbox 401 2273 521 2327; x_wconf 79' lang='grc' dir='ltr'>ἀντὶ</span> <span class='ocrx_word' id='word_1_183' title='bbox 575 2275 817 2345; x_wconf 83' lang='grc' dir='ltr'>χάριτος,</span> <span class='ocrx_word' id='word_1_184' title='bbox 865 2275 992 2329; x_wconf 71' lang='grc' dir='ltr'>ἀντὶ</span> <span class='ocrx_word' id='word_1_185' title='bbox 1021 2276 1119 2345; x_wconf 80' lang='grc' dir='ltr'>τῆς</span> <span class='ocrx_word' id='word_1_186' title='bbox 1153 2278 1386 2345; x_wconf 83' lang='grc' dir='ltr'>νομικῆς</span> <span class='ocrx_word' id='word_1_187' title='bbox 1417 2278 1663 2349; x_wconf 87' lang='grc' dir='ltr'>δηλονότι</span> <span class='ocrx_word' id='word_1_188' title='bbox 1693 2278 1857 2332; x_wconf 79' lang='grc' dir='ltr'>αὑτὸν</span> 
     </span>
    </p>
   </div>
   <div class='ocr_carea' id='block_1_26' title="bbox 280 2364 1854 2439">
    <p class='ocr_par' dir='ltr' id='par_1_26' title="bbox 280 2364 1854 2439">
     <span class='ocr_line' id='line_1_26' title="bbox 280 2364 1854 2439; baseline 0.003 -22"><span class='ocrx_word' id='word_1_189' title='bbox 280 2367 374 2419; x_wconf 75' lang='grc' dir='ltr'>τὸν</span> <span class='ocrx_word' id='word_1_190' title='bbox 400 2364 537 2419; x_wconf 73' lang='grc' dir='ltr'>Θεὸν</span> <span class='ocrx_word' id='word_1_191' title='bbox 586 2365 707 2436; x_wconf 73' lang='grc' dir='ltr'>μεθ’</span> <span class='ocrx_word' id='word_1_192' title='bbox 755 2368 786 2434; x_wconf 84' lang='grc' dir='ltr'><strong>ή</strong></span> <span class='ocrx_word' id='word_1_193' title='bbox 797 2366 935 2437; x_wconf 88' lang='grc' dir='ltr'>μῶν,</span> <span class='ocrx_word' id='word_1_194' title='bbox 963 2365 1067 2420; x_wconf 71' lang='grc' dir='ltr'>καὶ</span> <span class='ocrx_word' id='word_1_195' title='bbox 1098 2367 1218 2421; x_wconf 72' lang='grc' dir='ltr'>ἀντὶ</span> <span class='ocrx_word' id='word_1_196' title='bbox 1251 2369 1413 2432; x_wconf 79' lang='grc' dir='ltr'>σκιᾶς</span> <span class='ocrx_word' id='word_1_197' title='bbox 1446 2369 1546 2439; x_wconf 83' lang='grc' dir='ltr'>τὴν</span> <span class='ocrx_word' id='word_1_198' title='bbox 1574 2369 1854 2438; x_wconf 78' lang='grc' dir='ltr'>ἀλήθειαν.</span> 
     </span>
    </p>
   </div>
   <div class='ocr_carea' id='block_1_27' title="bbox 292 2457 1858 2529">
    <p class='ocr_par' dir='ltr' id='par_1_27' title="bbox 292 2457 1858 2529">
     <span class='ocr_line' id='line_1_27' title="bbox 292 2457 1858 2529; baseline 0.003 -18"><span class='ocrx_word' id='word_1_199' title='bbox 292 2457 443 2512; x_wconf 77' lang='grc' dir='ltr'>Ἐπεὶ</span> <span class='ocrx_word' id='word_1_200' title='bbox 468 2459 562 2511; x_wconf 72' lang='grc' dir='ltr'><strong>καὶ</strong></span> <span class='ocrx_word' id='word_1_201' title='bbox 594 2458 750 2512; x_wconf 87' lang='grc' dir='ltr'>τοῦτό</span> <span class='ocrx_word' id='word_1_202' title='bbox 781 2475 966 2527; x_wconf 84' lang='grc' dir='ltr'>φησιν,</span> <span class='ocrx_word' id='word_1_203' title='bbox 1005 2476 1024 2511; x_wconf 75' lang='grc' dir='ltr'><strong>ι</strong></span> <span class='ocrx_word' id='word_1_204' title='bbox 1075 2457 1137 2513; x_wconf 84' lang='lat'><strong>&#39;0</strong></span> <span class='ocrx_word' id='word_1_205' title='bbox 1177 2460 1365 2528; x_wconf 78' lang='grc' dir='ltr'>νόμος,</span> <span class='ocrx_word' id='word_1_206' title='bbox 1403 2479 1421 2512; x_wconf 76' lang='grc' dir='ltr'><strong>ι</strong></span> <span class='ocrx_word' id='word_1_207' title='bbox 1457 2461 1669 2529; x_wconf 86' lang='grc' dir='ltr'>λέγων,</span> <span class='ocrx_word' id='word_1_208' title='bbox 1706 2481 1724 2512; x_wconf 78' lang='grc' dir='ltr'><strong>ι</strong></span> <span class='ocrx_word' id='word_1_209' title='bbox 1770 2461 1858 2515; x_wconf 76' lang='grc' dir='ltr'>διὰ</span> 
     </span>
    </p>
   </div>
   <div class='ocr_carea' id='block_1_28' title="bbox 278 2550 1857 2625">
    <p class='ocr_par' dir='ltr' id='par_1_28' title="bbox 278 2550 1857 2625">
     <span class='ocr_line' id='line_1_28' title="bbox 278 2550 1857 2625; baseline 0.001 -20"><span class='ocrx_word' id='word_1_210' title='bbox 278 2550 523 2614; x_wconf 72' lang='grc' dir='ltr'>Μωσέως</span> <span class='ocrx_word' id='word_1_211' title='bbox 570 2550 748 2620; x_wconf 76' lang='grc' dir='ltr'>ἐδόθη,</span> <span class='ocrx_word' id='word_1_212' title='bbox 786 2552 817 2621; x_wconf 81' lang='grc' dir='ltr'>ἡ</span> <span class='ocrx_word' id='word_1_213' title='bbox 867 2552 1028 2622; x_wconf 81' lang='grc' dir='ltr'>χάρις</span> <span class='ocrx_word' id='word_1_214' title='bbox 1077 2553 1170 2605; x_wconf 66' lang='grc' dir='ltr'><strong>καὶ</strong></span> <span class='ocrx_word' id='word_1_215' title='bbox 1216 2554 1247 2622; x_wconf 84' lang='grc' dir='ltr'>ἠ</span> <span class='ocrx_word' id='word_1_216' title='bbox 1303 2553 1530 2623; x_wconf 78' lang='grc' dir='ltr'>ἀλήθεια</span> <span class='ocrx_word' id='word_1_217' title='bbox 1559 2553 1648 2607; x_wconf 79' lang='grc' dir='ltr'>διὰ</span> <span class='ocrx_word' id='word_1_218' title='bbox 1682 2553 1857 2625; x_wconf 87' lang='grc' dir='ltr'>Ἰησοῦ</span> 
     </span>
    </p>
   </div>
   <div class='ocr_carea' id='block_1_29' title="bbox 282 2643 1857 2718">
    <p class='ocr_par' dir='ltr' id='par_1_29' title="bbox 282 2643 1857 2718">
     <span class='ocr_line' id='line_1_29' title="bbox 282 2643 1857 2718; baseline 0.001 -21"><span class='ocrx_word' id='word_1_219' title='bbox 282 2643 520 2714; x_wconf 76' lang='grc' dir='ltr'>Χριστοῦ</span> <span class='ocrx_word' id='word_1_220' title='bbox 579 2644 819 2710; x_wconf 78' lang='grc' dir='ltr'>ἐγένετο,</span> <span class='ocrx_word' id='word_1_221' title='bbox 865 2663 884 2697; x_wconf 72' lang='grc' dir='ltr'><strong>ι</strong></span> <span class='ocrx_word' id='word_1_222' title='bbox 930 2646 1363 2717; x_wconf 80' lang='grc' dir='ltr'>προστρέχωμεν</span> <span class='ocrx_word' id='word_1_223' title='bbox 1402 2650 1473 2718; x_wconf 80' lang='grc' dir='ltr'>τῇ</span> <span class='ocrx_word' id='word_1_224' title='bbox 1508 2647 1691 2716; x_wconf 86' lang='grc' dir='ltr'>χάριτι</span> <span class='ocrx_word' id='word_1_225' title='bbox 1765 2647 1857 2700; x_wconf 76' lang='grc' dir='ltr'><strong>καὶ</strong></span> 
     </span>
    </p>
   </div>
   <div class='ocr_carea' id='block_1_30' title="bbox 278 2734 1858 2809">
    <p class='ocr_par' dir='ltr' id='par_1_30' title="bbox 278 2734 1858 2809">
     <span class='ocr_line' id='line_1_30' title="bbox 278 2734 1858 2809; baseline 0.001 -20"><span class='ocrx_word' id='word_1_226' title='bbox 278 2738 343 2807; x_wconf 76' lang='grc' dir='ltr'>τῇ</span> <span class='ocrx_word' id='word_1_227' title='bbox 380 2734 633 2806; x_wconf 79' lang='grc' dir='ltr'>ἀληθείᾳ,</span> <span class='ocrx_word' id='word_1_228' title='bbox 679 2736 773 2788; x_wconf 73' lang='grc' dir='ltr'><strong>καὶ</strong></span> <span class='ocrx_word' id='word_1_229' title='bbox 812 2739 878 2790; x_wconf 80' lang='grc' dir='ltr'>τὰ</span> <span class='ocrx_word' id='word_1_230' title='bbox 930 2739 1028 2807; x_wconf 84' lang='grc' dir='ltr'>τῆς</span> <span class='ocrx_word' id='word_1_231' title='bbox 1077 2739 1300 2808; x_wconf 81' lang='grc' dir='ltr'>χάριτος</span> <span class='ocrx_word' id='word_1_232' title='bbox 1341 2739 1722 2809; x_wconf 79' lang='grc' dir='ltr'>ὁμολογῶμεν,</span> <span class='ocrx_word' id='word_1_233' title='bbox 1765 2739 1858 2791; x_wconf 71' lang='grc' dir='ltr'>καὶ</span> 
     </span>
    </p>
   </div>
   <div class='ocr_carea' id='block_1_31' title="bbox 280 2828 1860 2902">
    <p class='ocr_par' dir='ltr' id='par_1_31' title="bbox 280 2828 1860 2902">
     <span class='ocr_line' id='line_1_31' title="bbox 280 2828 1860 2902; baseline 0.004 -22"><span class='ocrx_word' id='word_1_234' title='bbox 280 2828 643 2899; x_wconf 83' lang='grc' dir='ltr'>συντηρῶμεν</span> <span class='ocrx_word' id='word_1_235' title='bbox 674 2830 888 2892; x_wconf 79' lang='grc' dir='ltr'>ἑαυτοῖς</span> <span class='ocrx_word' id='word_1_236' title='bbox 922 2830 1024 2899; x_wconf 81' lang='grc' dir='ltr'>τὴν</span> <span class='ocrx_word' id='word_1_237' title='bbox 1060 2832 1221 2901; x_wconf 82' lang='grc' dir='ltr'>χάριν</span> <span class='ocrx_word' id='word_1_238' title='bbox 1242 2845 1257 2861; x_wconf 85' lang='grc'><strong>·</strong></span> <span class='ocrx_word' id='word_1_239' title='bbox 1302 2835 1397 2884; x_wconf 71' lang='grc' dir='ltr'><strong>καὶ</strong></span> <span class='ocrx_word' id='word_1_240' title='bbox 1428 2835 1541 2896; x_wconf 82' lang='grc' dir='ltr'>τοῖς</span> <span class='ocrx_word' id='word_1_241' title='bbox 1578 2834 1860 2902; x_wconf 85' lang='grc' dir='ltr'>Πατράσιν</span> 
     </span>
    </p>
   </div>
   <div class='ocr_carea' id='block_1_32' title="bbox 280 2914 1860 2990">
    <p class='ocr_par' dir='ltr' id='par_1_32' title="bbox 280 2914 1860 2990">
     <span class='ocr_line' id='line_1_32' title="bbox 280 2914 1860 2990; baseline 0.006 -25"><span class='ocrx_word' id='word_1_242' title='bbox 280 2914 569 2984; x_wconf 80' lang='grc' dir='ltr'>έπώμεθα,</span> <span class='ocrx_word' id='word_1_243' title='bbox 594 2918 708 2978; x_wconf 88' lang='grc' dir='ltr'>τοῖς</span> <span class='ocrx_word' id='word_1_244' title='bbox 743 2917 849 2970; x_wconf 89' lang='grc' dir='ltr'><strong>ὑπὸ</strong></span> <span class='ocrx_word' id='word_1_245' title='bbox 887 2918 981 2970; x_wconf 88' lang='grc' dir='ltr'><strong>τοῦ</strong></span> <span class='ocrx_word' id='word_1_246' title='bbox 1031 2919 1350 2990; x_wconf 74' lang='grc' dir='ltr'>Πνεῦματος</span> <span class='ocrx_word' id='word_1_247' title='bbox 1383 2921 1478 2974; x_wconf 89' lang='grc' dir='ltr'><strong>τοῦ</strong></span> <span class='ocrx_word' id='word_1_248' title='bbox 1530 2922 1679 2974; x_wconf 83' lang='grc' dir='ltr'>θείου</span> <span class='ocrx_word' id='word_1_249' title='bbox 1710 2940 1860 2976; x_wconf 86' lang='grc' dir='ltr'>κεκι-</span> 
     </span>
    </p>
   </div>
   <div class='ocr_carea' id='block_1_33' title="bbox 273 2999 1858 3084">
    <p class='ocr_par' dir='ltr' id='par_1_33' title="bbox 273 2999 1858 3084">
     <span class='ocr_line' id='line_1_33' title="bbox 273 2999 1858 3084; baseline 0.004 -23"><span class='ocrx_word' id='word_1_250' title='bbox 273 3008 555 3075; x_wconf 67' lang='grc' dir='ltr'>νημένοις.</span> <span class='ocrx_word' id='word_1_251' title='bbox 598 3005 755 3061; x_wconf 80' lang='grc' dir='ltr'>Ἐπεὶ</span> <span class='ocrx_word' id='word_1_252' title='bbox 780 3008 875 3061; x_wconf 81' lang='grc' dir='ltr'>καὶ</span> <span class='ocrx_word' id='word_1_253' title='bbox 909 3009 968 3062; x_wconf 76' lang='grc' dir='ltr'>τὸ</span> <span class='ocrx_word' id='word_1_254' title='bbox 991 2999 1417 3080; x_wconf 69' lang='grc' dir='ltr'>λαλῆσάν’φασι,</span> <span class='ocrx_word' id='word_1_255' title='bbox 1453 3012 1539 3065; x_wconf 79' lang='grc' dir='ltr'><strong>διὰ</strong></span> <span class='ocrx_word' id='word_1_256' title='bbox 1580 3014 1689 3066; x_wconf 88' lang='grc' dir='ltr'><strong>τῶν</strong></span> <span class='ocrx_word' id='word_1_257' title='bbox 1722 3032 1858 3084; x_wconf 79' lang='grc' dir='ltr'>προ-</span> 
     </span>
    </p>
   </div>
   <div class='ocr_carea' id='block_1_34' title="bbox 282 3100 1929 3184">
    <p class='ocr_par' dir='ltr' id='par_1_34' title="bbox 282 3100 1929 3184">
     <span class='ocr_line' id='line_1_34' title="bbox 282 3100 1929 3184; baseline 0.007 -34"><span class='ocrx_word' id='word_1_258' title='bbox 282 3100 495 3170; x_wconf 76' lang='grc' dir='ltr'>φητῶν,</span> <span class='ocrx_word' id='word_1_259' title='bbox 521 3102 599 3163; x_wconf 85' lang='grc' dir='ltr'><strong>είς</strong></span> <span class='ocrx_word' id='word_1_260' title='bbox 630 3102 762 3169; x_wconf 89' lang='grc' dir='ltr'>μίαν</span> <span class='ocrx_word' id='word_1_261' title='bbox 798 3102 957 3169; x_wconf 80' lang='grc' dir='ltr'>ἁγίαν</span> <span class='ocrx_word' id='word_1_262' title='bbox 1003 3102 1299 3174; x_wconf 75' lang='grc' dir='ltr'>καθολικὴν</span> <span class='ocrx_word' id='word_1_263' title='bbox 1346 3105 1442 3158; x_wconf 69' lang='grc' dir='ltr'>καὶ</span> <span class='ocrx_word' id='word_1_264' title='bbox 1485 3107 1857 3177; x_wconf 83' lang='grc' dir='ltr'>ἀποστολικὴν</span> <span class='ocrx_word' id='word_1_265' title='bbox 1887 3129 1929 3184; x_wconf 74' lang='lat' dir='ltr'>c</span> 
     </span>
    </p>
   </div>
   <div class='ocr_carea' id='block_1_35' title="bbox 289 3191 1863 3271">
    <p class='ocr_par' dir='ltr' id='par_1_35' title="bbox 289 3191 1863 3271">
     <span class='ocr_line' id='line_1_35' title="bbox 289 3191 1863 3271; baseline 0.006 -26"><span class='ocrx_word' id='word_1_266' title='bbox 289 3191 645 3262; x_wconf 81' lang='grc' dir='ltr'>Ἐκκλησίαν.</span> <span class='ocrx_word' id='word_1_267' title='bbox 679 3193 788 3246; x_wconf 72' lang='grc' dir='ltr'>Καὶ</span> <span class='ocrx_word' id='word_1_268' title='bbox 813 3195 1091 3266; x_wconf 86' lang='grc' dir='ltr'>Ζαχαρίας</span> <span class='ocrx_word' id='word_1_269' title='bbox 1120 3196 1281 3250; x_wconf 86' lang='grc' dir='ltr'>τοῦτό</span> <span class='ocrx_word' id='word_1_270' title='bbox 1334 3216 1502 3268; x_wconf 79' lang='grc' dir='ltr'>φησιν</span> <span class='ocrx_word' id='word_1_271' title='bbox 1532 3200 1560 3251; x_wconf 86' lang='grc' dir='ltr'><strong>ό</strong></span> <span class='ocrx_word' id='word_1_272' title='bbox 1591 3199 1685 3253; x_wconf 89' lang='grc' dir='ltr'><strong>τοῦ</strong></span> <span class='ocrx_word' id='word_1_273' title='bbox 1724 3201 1863 3271; x_wconf 85' lang='grc' dir='ltr'>Προ-</span> 
     </span>
    </p>
   </div>
   <div class='ocr_carea' id='block_1_36' title="bbox 277 3284 1860 3365">
    <p class='ocr_par' dir='ltr' id='par_1_36' title="bbox 277 3284 1860 3365">
     <span class='ocr_line' id='line_1_36' title="bbox 277 3284 1860 3365; baseline 0.006 -27"><span class='ocrx_word' id='word_1_274' title='bbox 277 3284 479 3355; x_wconf 84' lang='grc' dir='ltr'>δρόμου</span> <span class='ocrx_word' id='word_1_275' title='bbox 517 3286 764 3354; x_wconf 85' lang='grc' dir='ltr'>γενέτης,</span> <span class='ocrx_word' id='word_1_276' title='bbox 787 3288 914 3357; x_wconf 77' lang='grc' dir='ltr'>περὶ</span> <span class='ocrx_word' id='word_1_277' title='bbox 946 3286 1042 3341; x_wconf 90' lang='grc' dir='ltr'><strong>τοῦ</strong></span> <span class='ocrx_word' id='word_1_278' title='bbox 1066 3289 1303 3360; x_wconf 73' lang='grc' dir='ltr'>Πατρδς,</span> <span class='ocrx_word' id='word_1_279' title='bbox 1338 3310 1356 3343; x_wconf 83' lang='grc'><em>‹</em></span> <span class='ocrx_word' id='word_1_280' title='bbox 1400 3291 1598 3357; x_wconf 78' lang='grc' dir='ltr'>Καθὼς</span> <span class='ocrx_word' id='word_1_281' title='bbox 1628 3295 1860 3365; x_wconf 73' lang='grc' dir='ltr'>ἐλάλησε</span> 
     </span>
    </p>
   </div>
   <div class='ocr_carea' id='block_1_37' title="bbox 276 3377 1861 3458">
    <p class='ocr_par' dir='ltr' id='par_1_37' title="bbox 276 3377 1861 3458">
     <span class='ocr_line' id='line_1_37' title="bbox 276 3377 1861 3458; baseline 0.006 -28"><span class='ocrx_word' id='word_1_282' title='bbox 276 3377 367 3431; x_wconf 75' lang='grc' dir='ltr'><strong>διὰ</strong></span> <span class='ocrx_word' id='word_1_283' title='bbox 396 3377 666 3448; x_wconf 86' lang='grc' dir='ltr'>στόματος</span> <span class='ocrx_word' id='word_1_284' title='bbox 700 3380 809 3433; x_wconf 86' lang='grc' dir='ltr'><strong>τῶν</strong></span> <span class='ocrx_word' id='word_1_285' title='bbox 837 3380 1008 3449; x_wconf 74' lang='grc' dir='ltr'>ἁγίων</span> <span class='ocrx_word' id='word_1_286' title='bbox 1031 3382 1140 3436; x_wconf 87' lang='grc' dir='ltr'><strong>τῶν</strong></span> <span class='ocrx_word' id='word_1_287' title='bbox 1178 3384 1275 3437; x_wconf 81' lang='grc' dir='ltr'><strong>ἀπ’</strong></span> <span class='ocrx_word' id='word_1_288' title='bbox 1320 3386 1516 3450; x_wconf 80' lang='grc' dir='ltr'>αἰῶνος</span> <span class='ocrx_word' id='word_1_289' title='bbox 1564 3390 1861 3458; x_wconf 76' lang='grc' dir='ltr'>προφητῶν</span> 
     </span>
    </p>
   </div>
   <div class='ocr_carea' id='block_1_38' title="bbox 279 3462 1859 3548">
    <p class='ocr_par' dir='ltr' id='par_1_38' title="bbox 279 3462 1859 3548">
     <span class='ocr_line' id='line_1_38' title="bbox 279 3462 1859 3548; baseline 0.007 -26"><span class='ocrx_word' id='word_1_290' title='bbox 279 3468 449 3523; x_wconf 87' lang='grc' dir='ltr'>αὑτοῦ</span> <span class='ocrx_word' id='word_1_291' title='bbox 486 3473 765 3541; x_wconf 85' lang='grc' dir='ltr'>σωτηρίαν</span> <span class='ocrx_word' id='word_1_292' title='bbox 797 3473 857 3536; x_wconf 72' lang='grc' dir='ltr'><strong>ἐξ</strong></span> <span class='ocrx_word' id='word_1_293' title='bbox 889 3472 1103 3544; x_wconf 77' lang='grc' dir='ltr'>ἐχθρῶν</span> <span class='ocrx_word' id='word_1_294' title='bbox 1131 3476 1310 3545; x_wconf 80' lang='grc' dir='ltr'>ἡμῶν.</span> <span class='ocrx_word' id='word_1_295' title='bbox 1343 3496 1362 3528; x_wconf 68' lang='grc' dir='ltr'><strong>ι</strong></span> <span class='ocrx_word' id='word_1_296' title='bbox 1393 3477 1500 3530; x_wconf 79' lang='grc' dir='ltr'><strong>Καὶ</strong></span> <span class='ocrx_word' id='word_1_297' title='bbox 1529 3478 1556 3548; x_wconf 74' lang='grc' dir='ltr'>ἡ</span> <span class='ocrx_word' id='word_1_298' title='bbox 1596 3462 1688 3531; x_wconf 83' lang='grc' dir='ltr'><strong>τοῦ</strong></span> <span class='ocrx_word' id='word_1_299' title='bbox 1724 3478 1859 3534; x_wconf 80' lang='grc' dir='ltr'>Θεοῦ</span> 
     </span>
    </p>
   </div>
   <div class='ocr_carea' id='block_1_39' title="bbox 281 3562 1861 3643">
    <p class='ocr_par' dir='ltr' id='par_1_39' title="bbox 281 3562 1861 3643">
     <span class='ocr_line' id='line_1_39' title="bbox 281 3562 1861 3643; baseline 0.005 -26"><span class='ocrx_word' id='word_1_300' title='bbox 281 3563 455 3632; x_wconf 78' lang='grc' dir='ltr'>Λόγου</span> <span class='ocrx_word' id='word_1_301' title='bbox 480 3564 538 3617; x_wconf 82' lang='grc' dir='ltr'><strong>δὲ</strong></span> <span class='ocrx_word' id='word_1_302' title='bbox 572 3562 780 3636; x_wconf 80' lang='grc' dir='ltr'>ὕμνησε</span> <span class='ocrx_word' id='word_1_303' title='bbox 810 3568 953 3621; x_wconf 67' lang='grc' dir='ltr'>κατὰ</span> <span class='ocrx_word' id='word_1_304' title='bbox 985 3568 1164 3641; x_wconf 82' lang='grc' dir='ltr'>σάρκα</span> <span class='ocrx_word' id='word_1_305' title='bbox 1194 3570 1416 3643; x_wconf 74' lang='grc' dir='ltr'>Μήτηρ,</span> <span class='ocrx_word' id='word_1_306' title='bbox 1450 3589 1470 3622; x_wconf 77' lang='grc' dir='ltr'><strong>ι</strong></span> <span class='ocrx_word' id='word_1_307' title='bbox 1512 3570 1711 3634; x_wconf 86' lang='grc' dir='ltr'>Καθὼς</span> <span class='ocrx_word' id='word_1_308' title='bbox 1738 3575 1861 3625; x_wconf 75' lang='grc' dir='ltr'>ἐλά-</span> 
     </span>
    </p>
   </div>
   <div class='ocr_carea' id='block_1_40' title="bbox 281 3653 1861 3729">
    <p class='ocr_par' dir='ltr' id='par_1_40' title="bbox 281 3653 1861 3729">
     <span class='ocr_line' id='line_1_40' title="bbox 281 3653 1861 3729; baseline 0.004 -24"><span class='ocrx_word' id='word_1_309' title='bbox 281 3653 414 3721; x_wconf 83' lang='grc' dir='ltr'>λησε</span> <span class='ocrx_word' id='word_1_310' title='bbox 447 3653 585 3723; x_wconf 63' lang='grc' dir='ltr'>πρὸς</span> <span class='ocrx_word' id='word_1_311' title='bbox 619 3654 747 3718; x_wconf 75' lang='grc' dir='ltr'>τοὺς</span> <span class='ocrx_word' id='word_1_312' title='bbox 796 3655 1050 3726; x_wconf 84' lang='grc' dir='ltr'>Πατέρας</span> <span class='ocrx_word' id='word_1_313' title='bbox 1100 3656 1281 3727; x_wconf 79' lang='grc' dir='ltr'>ἡμῶν,</span> <span class='ocrx_word' id='word_1_314' title='bbox 1321 3676 1339 3709; x_wconf 68' lang='grc' dir='ltr'><strong>ι</strong></span> <span class='ocrx_word' id='word_1_315' title='bbox 1383 3658 1671 3727; x_wconf 84' lang='grc' dir='ltr'>λέγουσαν,</span> <span class='ocrx_word' id='word_1_316' title='bbox 1717 3678 1736 3710; x_wconf 71' lang='grc' dir='ltr'><strong>ε</strong></span> <span class='ocrx_word' id='word_1_317' title='bbox 1781 3657 1861 3729; x_wconf 83' lang='grc' dir='ltr'>τῷ</span> 
     </span>
    </p>
   </div>
   <div class='ocr_carea' id='block_1_41' title="bbox 303 3748 1861 3824">
    <p class='ocr_par' dir='ltr' id='par_1_41' title="bbox 303 3748 1861 3824">
     <span class='ocr_line' id='line_1_41' title="bbox 303 3748 1861 3824; baseline 0.004 -23"><span class='ocrx_word' id='word_1_318' title='bbox 303 3748 545 3820; x_wconf 70' lang='grc' dir='ltr'>’Δῦραὰμ</span> <span class='ocrx_word' id='word_1_319' title='bbox 575 3751 672 3804; x_wconf 71' lang='grc' dir='ltr'>καὶ</span> <span class='ocrx_word' id='word_1_320' title='bbox 699 3749 777 3822; x_wconf 79' lang='grc' dir='ltr'>τῷ</span> <span class='ocrx_word' id='word_1_321' title='bbox 808 3751 1083 3824; x_wconf 85' lang='grc' dir='ltr'>σπέρματι</span> <span class='ocrx_word' id='word_1_322' title='bbox 1117 3753 1281 3806; x_wconf 87' lang='grc' dir='ltr'>αὑτοῦ</span> <span class='ocrx_word' id='word_1_323' title='bbox 1314 3752 1418 3817; x_wconf 80' lang='grc' dir='ltr'><strong>ἕως</strong></span> <span class='ocrx_word' id='word_1_324' title='bbox 1438 3754 1655 3817; x_wconf 78' lang='grc' dir='ltr'>αἰῶνος.</span> <span class='ocrx_word' id='word_1_325' title='bbox 1691 3773 1709 3806; x_wconf 75' lang='grc' dir='ltr'><strong>ι</strong></span> <span class='ocrx_word' id='word_1_326' title='bbox 1752 3756 1861 3808; x_wconf 72' lang='grc' dir='ltr'>Καὶ</span> 
     </span>
    </p>
   </div>
   <div class='ocr_carea' id='block_1_42' title="bbox 300 3840 1861 3917">
    <p class='ocr_par' dir='ltr' id='par_1_42' title="bbox 300 3840 1861 3917">
     <span class='ocr_line' id='line_1_42' title="bbox 300 3840 1861 3917; baseline 0.006 -25"><span class='ocrx_word' id='word_1_327' title='bbox 300 3840 358 3893; x_wconf 82' lang='grc' dir='ltr'>ἐν</span> <span class='ocrx_word' id='word_1_328' title='bbox 383 3845 487 3906; x_wconf 78' lang='grc' dir='ltr'>ταῖς</span> <span class='ocrx_word' id='word_1_329' title='bbox 511 3841 758 3914; x_wconf 81' lang='grc' dir='ltr'>Πράξεσι</span> <span class='ocrx_word' id='word_1_330' title='bbox 801 3843 857 3896; x_wconf 84' lang='grc' dir='ltr'><strong>δὲ</strong></span> <span class='ocrx_word' id='word_1_331' title='bbox 910 3847 1223 3916; x_wconf 83' lang='grc' dir='ltr'>γέγραπται</span> <span class='ocrx_word' id='word_1_332' title='bbox 1248 3861 1263 3877; x_wconf 77' lang='grc' dir='ltr'><strong>ο</strong></span> <span class='ocrx_word' id='word_1_333' title='bbox 1296 3866 1315 3899; x_wconf 75' lang='grc' dir='ltr'><strong>ι</strong></span> <span class='ocrx_word' id='word_1_334' title='bbox 1371 3849 1468 3901; x_wconf 90' lang='grc' dir='ltr'>Ὃν</span> <span class='ocrx_word' id='word_1_335' title='bbox 1513 3848 1595 3900; x_wconf 85' lang='grc' dir='ltr'>δεῖ</span> <span class='ocrx_word' id='word_1_336' title='bbox 1630 3848 1861 3917; x_wconf 80' lang='grc' dir='ltr'>οὐρανὸν</span> 
     </span>
    </p>
   </div>
   <div class='ocr_carea' id='block_1_43' title="bbox 289 3932 1855 4007">
    <p class='ocr_par' dir='ltr' id='par_1_43' title="bbox 289 3932 1855 4007">
     <span class='ocr_line' id='line_1_43' title="bbox 289 3932 1855 4007; baseline 0.004 -22"><span class='ocrx_word' id='word_1_337' title='bbox 289 3932 390 4004; x_wconf 79' lang='grc' dir='ltr'>μὲν</span> <span class='ocrx_word' id='word_1_338' title='bbox 418 3933 671 4002; x_wconf 81' lang='grc' dir='ltr'>δέξασθαι</span> <span class='ocrx_word' id='word_1_339' title='bbox 691 3935 821 4007; x_wconf 79' lang='grc' dir='ltr'>ἄχρι</span> <span class='ocrx_word' id='word_1_340' title='bbox 845 3938 1057 4006; x_wconf 79' lang='grc' dir='ltr'>χρόνων</span> <span class='ocrx_word' id='word_1_341' title='bbox 1079 3937 1588 4002; x_wconf 74' lang='grc' dir='ltr'>ἀποκαταστάσεως</span> <span class='ocrx_word' id='word_1_342' title='bbox 1616 3940 1855 4003; x_wconf 85' lang='grc' dir='ltr'>πάντων,</span> 
     </span>
    </p>
   </div>
   <div class='ocr_carea' id='block_1_44' title="bbox 282 4010 1860 4100">
    <p class='ocr_par' dir='ltr' id='par_1_44' title="bbox 282 4020 1860 4100">
     <span class='ocr_line' id='line_1_44' title="bbox 282 4020 1860 4100; baseline 0.004 -20"><span class='ocrx_word' id='word_1_343' title='bbox 282 4020 355 4080; x_wconf 81' lang='grc' dir='ltr'>ὧν</span> <span class='ocrx_word' id='word_1_344' title='bbox 384 4026 648 4096; x_wconf 76' lang='grc' dir='ltr'>ἐλάλησεν</span> <span class='ocrx_word' id='word_1_345' title='bbox 678 4030 705 4081; x_wconf 87' lang='grc' dir='ltr'>ὁ</span> <span class='ocrx_word' id='word_1_346' title='bbox 738 4030 866 4091; x_wconf 73' lang='grc' dir='ltr'>θεὸς</span> <span class='ocrx_word' id='word_1_347' title='bbox 891 4028 981 4082; x_wconf 79' lang='grc' dir='ltr'><strong>διὰ</strong></span> <span class='ocrx_word' id='word_1_348' title='bbox 1008 4031 1278 4099; x_wconf 87' lang='grc' dir='ltr'>στόματος</span> <span class='ocrx_word' id='word_1_349' title='bbox 1301 4031 1525 4084; x_wconf 80' lang='grc' dir='ltr'>πάντων</span> <span class='ocrx_word' id='word_1_350' title='bbox 1548 4030 1659 4084; x_wconf 86' lang='grc' dir='ltr'><strong>τῶν</strong></span> <span class='ocrx_word' id='word_1_351' title='bbox 1686 4031 1860 4100; x_wconf 82' lang='grc' dir='ltr'>ἁγίων</span> 
     </span>
    </p>
   </div>
   <div class='ocr_carea' id='block_1_45' title="bbox 281 4119 1860 4195">
    <p class='ocr_par' dir='ltr' id='par_1_45' title="bbox 281 4119 1860 4195">
     <span class='ocr_line' id='line_1_45' title="bbox 281 4119 1860 4195; baseline 0.004 -24"><span class='ocrx_word' id='word_1_352' title='bbox 281 4119 449 4172; x_wconf 74' lang='grc' dir='ltr'>αὑτοῦ</span> <span class='ocrx_word' id='word_1_353' title='bbox 496 4121 796 4192; x_wconf 80' lang='grc' dir='ltr'>προφητῶν</span> <span class='ocrx_word' id='word_1_354' title='bbox 842 4120 936 4174; x_wconf 79' lang='grc' dir='ltr'><strong>ἀπ’</strong></span> <span class='ocrx_word' id='word_1_355' title='bbox 987 4122 1201 4184; x_wconf 83' lang='grc' dir='ltr'>αἰῶνος.</span> <span class='ocrx_word' id='word_1_356' title='bbox 1264 4143 1282 4174; x_wconf 73' lang='grc' dir='ltr'><strong>ι</strong></span> <span class='ocrx_word' id='word_1_357' title='bbox 1334 4123 1628 4195; x_wconf 77' lang='grc' dir='ltr'>Ἐλάλησεν</span> <span class='ocrx_word' id='word_1_358' title='bbox 1665 4122 1760 4177; x_wconf 80' lang='grc' dir='ltr'><strong>οὖν</strong></span> <span class='ocrx_word' id='word_1_359' title='bbox 1798 4125 1860 4178; x_wconf 79' lang='grc' dir='ltr'>τὸ</span> 
     </span>
    </p>
   </div>
   <div class='ocr_carea' id='block_1_46' title="bbox 278 4214 1889 4290">
    <p class='ocr_par' dir='ltr' id='par_1_46' title="bbox 278 4214 1889 4290">
     <span class='ocr_line' id='line_1_46' title="bbox 278 4214 1889 4290; baseline 0.004 -23"><span class='ocrx_word' id='word_1_360' title='bbox 278 4214 506 4284; x_wconf 82' lang='grc' dir='ltr'>Πνεῦμα</span> <span class='ocrx_word' id='word_1_361' title='bbox 532 4217 559 4268; x_wconf 79' lang='grc' dir='ltr'>ὃ</span> <span class='ocrx_word' id='word_1_362' title='bbox 587 4216 798 4286; x_wconf 79' lang='grc' dir='ltr'>ἐξέχεεν</span> <span class='ocrx_word' id='word_1_363' title='bbox 828 4217 856 4268; x_wconf 82' lang='grc' dir='ltr'><strong>ό</strong></span> <span class='ocrx_word' id='word_1_364' title='bbox 888 4217 1019 4279; x_wconf 84' lang='grc' dir='ltr'>Θεὸς</span> <span class='ocrx_word' id='word_1_365' title='bbox 1064 4219 1122 4270; x_wconf 81' lang='grc' dir='ltr'>ὲν</span> <span class='ocrx_word' id='word_1_366' title='bbox 1162 4220 1285 4281; x_wconf 86' lang='grc' dir='ltr'>ταῖς</span> <span class='ocrx_word' id='word_1_367' title='bbox 1330 4219 1586 4288; x_wconf 75' lang='grc' dir='ltr'>ἐσχάταις</span> <span class='ocrx_word' id='word_1_368' title='bbox 1622 4219 1859 4290; x_wconf 83' lang='grc' dir='ltr'>ἡμέραις</span> <span class='ocrx_word' id='word_1_369' title='bbox 1886 4281 1889 4286; x_wconf 32' lang='grc' dir='ltr'><strong>η</strong></span> 
     </span>
    </p>
   </div>
   <div class='ocr_carea' id='block_1_47' title="bbox 278 4309 1857 4384">
    <p class='ocr_par' dir='ltr' id='par_1_47' title="bbox 278 4309 1857 4384">
     <span class='ocr_line' id='line_1_47' title="bbox 278 4309 1857 4384; baseline 0.004 -23"><span class='ocrx_word' id='word_1_370' title='bbox 278 4309 373 4361; x_wconf 78' lang='grc' dir='ltr'><strong>ἐπὶ</strong></span> <span class='ocrx_word' id='word_1_371' title='bbox 399 4310 584 4362; x_wconf 81' lang='grc' dir='ltr'>πᾶσαν</span> <span class='ocrx_word' id='word_1_372' title='bbox 615 4312 814 4380; x_wconf 82' lang='grc' dir='ltr'>σάρκα,</span> <span class='ocrx_word' id='word_1_373' title='bbox 847 4310 924 4374; x_wconf 84' lang='grc' dir='ltr'><strong>ὡς</strong></span> <span class='ocrx_word' id='word_1_374' title='bbox 971 4311 1174 4381; x_wconf 79' lang='grc' dir='ltr'>ἔφησεν</span> <span class='ocrx_word' id='word_1_375' title='bbox 1215 4311 1389 4382; x_wconf 78' lang='grc' dir='ltr'>Ἰωὴλ,</span> <span class='ocrx_word' id='word_1_376' title='bbox 1420 4315 1514 4366; x_wconf 77' lang='grc' dir='ltr'><strong>καὶ</strong></span> <span class='ocrx_word' id='word_1_377' title='bbox 1556 4313 1655 4384; x_wconf 79' lang='grc' dir='ltr'><strong>τὴν</strong></span> <span class='ocrx_word' id='word_1_378' title='bbox 1692 4317 1857 4367; x_wconf 86' lang='grc' dir='ltr'>καθο-</span> 
     </span>
    </p>
   </div>
   <div class='ocr_carea' id='block_1_48' title="bbox 278 4401 1858 4475">
    <p class='ocr_par' dir='ltr' id='par_1_48' title="bbox 278 4401 1858 4475">
     <span class='ocr_line' id='line_1_48' title="bbox 278 4401 1858 4475; baseline 0.003 -21"><span class='ocrx_word' id='word_1_379' title='bbox 278 4401 441 4470; x_wconf 78' lang='grc' dir='ltr'>λικὴν</span> <span class='ocrx_word' id='word_1_380' title='bbox 479 4402 810 4473; x_wconf 86' lang='grc' dir='ltr'>Ἐκκλησίαν</span> <span class='ocrx_word' id='word_1_381' title='bbox 835 4404 1287 4474; x_wconf 80' lang='grc' dir='ltr'>ἐπῳκοδόμησεν,</span> <span class='ocrx_word' id='word_1_382' title='bbox 1311 4406 1436 4475; x_wconf 70' lang='grc' dir='ltr'>ἣτις</span> <span class='ocrx_word' id='word_1_383' title='bbox 1468 4406 1723 4474; x_wconf 83' lang='grc' dir='ltr'>θεμέλιον</span> <span class='ocrx_word' id='word_1_384' title='bbox 1757 4405 1858 4471; x_wconf 83' lang='grc' dir='ltr'>μὲν</span> 
     </span>
    </p>
   </div>
   <div class='ocr_carea' id='block_1_49' title="bbox 1891 1775 1922 1827">
    <p class='ocr_par' dir='ltr' id='par_1_49' title="bbox 1891 1775 1922 1827">
     <span class='ocr_line' id='line_1_49' title="bbox 1891 1775 1922 1827; baseline 0 0"><span class='ocrx_word' id='word_1_385' title='bbox 1891 1775 1922 1827; x_wconf 83' lang='grc' dir='ltr'>Β</span> 
     </span>
    </p>
   </div>
   <div class='ocr_carea' id='block_1_50' title="bbox 1962 507 3551 581">
    <p class='ocr_par' dir='ltr' id='par_1_50' title="bbox 1962 507 3551 581">
     <span class='ocr_line' id='line_1_50' title="bbox 1962 507 3551 581; baseline 0.001 -20"><span class='ocrx_word' id='word_1_386' title='bbox 1962 522 2248 577; x_wconf 82' lang='lat' dir='ltr'><strong>personam</strong></span> <span class='ocrx_word' id='word_1_387' title='bbox 2289 507 2377 563; x_wconf 88' lang='lat' dir='ltr'><strong>Dei</strong></span> <span class='ocrx_word' id='word_1_388' title='bbox 2408 508 2882 578; x_wconf 85' lang='lat' dir='ltr'><strong>accepisse?Nam</strong></span> <span class='ocrx_word' id='word_1_389' title='bbox 2921 510 2967 564; x_wconf 90' lang='lat' dir='ltr'><strong>si</strong></span> <span class='ocrx_word' id='word_1_390' title='bbox 3031 509 3368 565; x_wconf 86' lang='lat' dir='ltr'><strong>insufllatum</strong></span> <span class='ocrx_word' id='word_1_391' title='bbox 3427 528 3551 581; x_wconf 87' lang='lat' dir='ltr'><strong>per-</strong></span> 
     </span>
    </p>
   </div>
   <div class='ocr_carea' id='block_1_51' title="bbox 1957 602 3553 672">
    <p class='ocr_par' dir='ltr' id='par_1_51' title="bbox 1957 602 3553 672">
     <span class='ocr_line' id='line_1_51' title="bbox 1957 602 3553 672; baseline 0.001 -16"><span class='ocrx_word' id='word_1_392' title='bbox 1957 615 2095 656; x_wconf 84' lang='lat' dir='ltr'><strong>sona</strong></span> <span class='ocrx_word' id='word_1_393' title='bbox 2129 611 2236 666; x_wconf 87' lang='lat' dir='ltr'><strong>est,</strong></span> <span class='ocrx_word' id='word_1_394' title='bbox 2283 617 2389 655; x_wconf 90' lang='lat' dir='ltr'><strong>non</strong></span> <span class='ocrx_word' id='word_1_395' title='bbox 2432 602 2930 672; x_wconf 80' lang='lat' dir='ltr'><strong>gratia,personam</strong></span> <span class='ocrx_word' id='word_1_396' title='bbox 2956 620 3086 670; x_wconf 76' lang='lat' dir='ltr'><strong>ergo</strong></span> <span class='ocrx_word' id='word_1_397' title='bbox 3110 603 3349 672; x_wconf 75' lang='lat' dir='ltr'><strong>Spiritus</strong></span> <span class='ocrx_word' id='word_1_398' title='bbox 3384 605 3553 672; x_wconf 86' lang='lat' dir='ltr'><strong>parti-</strong></span> 
     </span>
    </p>
   </div>
   <div class='ocr_carea' id='block_1_52' title="bbox 1963 693 3549 765">
    <p class='ocr_par' dir='ltr' id='par_1_52' title="bbox 1963 693 3549 765">
     <span class='ocr_line' id='line_1_52' title="bbox 1963 693 3549 765; baseline 0.002 -18"><span class='ocrx_word' id='word_1_399' title='bbox 1963 693 2294 761; x_wconf 87' lang='lat' dir='ltr'><strong>cipaverunt.</strong></span> <span class='ocrx_word' id='word_1_400' title='bbox 2317 693 2594 763; x_wconf 82' lang='lat' dir='ltr'><strong>discipuli,</strong></span> <span class='ocrx_word' id='word_1_401' title='bbox 2647 711 2768 762; x_wconf 73' lang='lat' dir='ltr'><strong>quae</strong></span> <span class='ocrx_word' id='word_1_402' title='bbox 2822 703 2951 749; x_wconf 91' lang='lat' dir='ltr'><strong>tunc</strong></span> <span class='ocrx_word' id='word_1_403' title='bbox 3008 697 3229 765; x_wconf 78' lang='lat' dir='ltr'><strong>quidem</strong></span> <span class='ocrx_word' id='word_1_404' title='bbox 3284 701 3549 753; x_wconf 70' lang='lat' dir='ltr'><strong>exsistere</strong></span> 
     </span>
    </p>
   </div>
   <div class='ocr_carea' id='block_1_53' title="bbox 1957 786 3546 857">
    <p class='ocr_par' dir='ltr' id='par_1_53' title="bbox 1957 786 3546 857">
     <span class='ocr_line' id='line_1_53' title="bbox 1957 786 3546 857; baseline 0.002 -18"><span class='ocrx_word' id='word_1_405' title='bbox 1957 786 2234 852; x_wconf 69' lang='lat' dir='ltr'><strong>cmpisset,</strong></span> <span class='ocrx_word' id='word_1_406' title='bbox 2267 786 2410 854; x_wconf 88' lang='lat' dir='ltr'><strong>quod</strong></span> <span class='ocrx_word' id='word_1_407' title='bbox 2437 794 2609 841; x_wconf 82' lang='lat' dir='ltr'><strong>estex</strong></span> <span class='ocrx_word' id='word_1_408' title='bbox 2642 787 2997 855; x_wconf 84' lang='lat' dir='ltr'><strong>blasphemiis</strong></span> <span class='ocrx_word' id='word_1_409' title='bbox 3037 790 3385 855; x_wconf 81' lang='lat' dir='ltr'><strong>impiissima.</strong></span> <span class='ocrx_word' id='word_1_410' title='bbox 3438 791 3546 857; x_wconf 67' lang='lat' dir='ltr'><strong>lgi-</strong></span> 
     </span>
    </p>
   </div>
   <div class='ocr_carea' id='block_1_54' title="bbox 1959 880 3545 951">
    <p class='ocr_par' dir='ltr' id='par_1_54' title="bbox 1959 880 3545 951">
     <span class='ocr_line' id='line_1_54' title="bbox 1959 880 3545 951; baseline 0.003 -18"><span class='ocrx_word' id='word_1_411' title='bbox 1959 888 2048 933; x_wconf 92' lang='lat' dir='ltr'><strong>tur</strong></span> <span class='ocrx_word' id='word_1_412' title='bbox 2074 895 2198 933; x_wconf 87' lang='lat' dir='ltr'><strong>cum</strong></span> <span class='ocrx_word' id='word_1_413' title='bbox 2265 880 2334 933; x_wconf 89' lang='lat' dir='ltr'><strong>de</strong></span> <span class='ocrx_word' id='word_1_414' title='bbox 2366 880 2705 949; x_wconf 78' lang='lat' dir='ltr'><strong>plenitudine</strong></span> <span class='ocrx_word' id='word_1_415' title='bbox 2738 882 2856 949; x_wconf 64' lang='lat' dir='ltr'><strong>ejus</strong></span> <span class='ocrx_word' id='word_1_416' title='bbox 2888 883 3262 951; x_wconf 75' lang='lat' dir='ltr'><strong>acceperimus</strong></span> <span class='ocrx_word' id='word_1_417' title='bbox 3314 884 3545 951; x_wconf 78' lang='lat' dir='ltr'><strong>gratiam</strong></span> 
     </span>
    </p>
   </div>
   <div class='ocr_carea' id='block_1_55' title="bbox 1960 972 3547 1042">
    <p class='ocr_par' dir='ltr' id='par_1_55' title="bbox 1960 972 3547 1042">
     <span class='ocr_line' id='line_1_55' title="bbox 1960 972 3547 1042; baseline 0.002 -17"><span class='ocrx_word' id='word_1_418' title='bbox 1960 988 2059 1041; x_wconf 90' lang='lat' dir='ltr'><strong>pro</strong></span> <span class='ocrx_word' id='word_1_419' title='bbox 2079 972 2276 1036; x_wconf 74' lang='lat' dir='ltr'><strong>gratia,</strong></span> <span class='ocrx_word' id='word_1_420' title='bbox 2300 988 2494 1041; x_wconf 87' lang='lat' dir='ltr'><strong>nempe</strong></span> <span class='ocrx_word' id='word_1_421' title='bbox 2517 988 2613 1041; x_wconf 90' lang='lat' dir='ltr'><strong>pro</strong></span> <span class='ocrx_word' id='word_1_422' title='bbox 2633 973 2787 1042; x_wconf 80' lang='lat' dir='ltr'><strong>legali</strong></span> <span class='ocrx_word' id='word_1_423' title='bbox 2816 972 2994 1042; x_wconf 91' lang='lat' dir='ltr'><strong>ipsum</strong></span> <span class='ocrx_word' id='word_1_424' title='bbox 3016 974 3299 1028; x_wconf 89' lang='lat' dir='ltr'><strong>nobiscum</strong></span> <span class='ocrx_word' id='word_1_425' title='bbox 3356 977 3547 1038; x_wconf 82' lang='lat' dir='ltr'><strong>llcum,</strong></span> 
     </span>
    </p>
   </div>
   <div class='ocr_carea' id='block_1_56' title="bbox 1959 1065 3549 1132">
    <p class='ocr_par' dir='ltr' id='par_1_56' title="bbox 1959 1065 3549 1132">
     <span class='ocr_line' id='line_1_56' title="bbox 1959 1065 3549 1132; baseline 0.001 -14"><span class='ocrx_word' id='word_1_426' title='bbox 1959 1072 2014 1118; x_wconf 87' lang='lat' dir='ltr'><strong>et</strong></span> <span class='ocrx_word' id='word_1_427' title='bbox 2053 1080 2150 1132; x_wconf 86' lang='lat' dir='ltr'><strong>pro</strong></span> <span class='ocrx_word' id='word_1_428' title='bbox 2194 1065 2384 1117; x_wconf 85' lang='lat' dir='ltr'><strong>umbra</strong></span> <span class='ocrx_word' id='word_1_429' title='bbox 2415 1066 2723 1128; x_wconf 80' lang='lat' dir='ltr'><strong>veritatem,</strong></span> <span class='ocrx_word' id='word_1_430' title='bbox 2753 1077 2917 1132; x_wconf 83' lang='lat' dir='ltr'><strong>prout</strong></span> <span class='ocrx_word' id='word_1_431' title='bbox 2946 1067 3152 1119; x_wconf 88' lang='lat' dir='ltr'><strong>dictum</strong></span> <span class='ocrx_word' id='word_1_432' title='bbox 3184 1077 3263 1121; x_wconf 87' lang='lat' dir='ltr'><strong>est</strong></span> <span class='ocrx_word' id='word_1_433' title='bbox 3304 1084 3317 1121; x_wconf 92' lang='lat'>:</span> <span class='ocrx_word' id='word_1_434' title='bbox 3362 1085 3378 1118; x_wconf 86' lang='lat' dir='ltr'><strong>t</strong></span> <span class='ocrx_word' id='word_1_435' title='bbox 3414 1066 3549 1131; x_wconf 82' lang='lat' dir='ltr'><strong>Lex,</strong></span> 
     </span>
    </p>
   </div>
   <div class='ocr_carea' id='block_1_57' title="bbox 1961 1151 3553 1225">
    <p class='ocr_par' dir='ltr' id='par_1_57' title="bbox 1961 1151 3553 1225">
     <span class='ocr_line' id='line_1_57' title="bbox 1961 1151 3553 1225; baseline 0.005 -21"><span class='ocrx_word' id='word_1_436' title='bbox 1961 1151 2184 1222; x_wconf 82' lang='lat' dir='ltr'><strong>inquit,</strong></span> <span class='ocrx_word' id='word_1_437' title='bbox 2218 1168 2312 1222; x_wconf 91' lang='lat' dir='ltr'><strong>per</strong></span> <span class='ocrx_word' id='word_1_438' title='bbox 2375 1154 2595 1225; x_wconf 76' lang='lat' dir='ltr'><strong>Moysen</strong></span> <span class='ocrx_word' id='word_1_439' title='bbox 2666 1156 2791 1208; x_wconf 84' lang='lat' dir='ltr'><strong>data</strong></span> <span class='ocrx_word' id='word_1_440' title='bbox 2837 1163 2954 1218; x_wconf 85' lang='lat' dir='ltr'><strong>est,</strong></span> <span class='ocrx_word' id='word_1_441' title='bbox 3010 1158 3183 1222; x_wconf 79' lang='lat' dir='ltr'><strong>gratia</strong></span> <span class='ocrx_word' id='word_1_442' title='bbox 3247 1165 3300 1210; x_wconf 89' lang='lat' dir='ltr'><strong>et</strong></span> <span class='ocrx_word' id='word_1_443' title='bbox 3348 1157 3553 1212; x_wconf 85' lang='lat' dir='ltr'><strong>veritas</strong></span> 
     </span>
    </p>
   </div>
   <div class='ocr_carea' id='block_1_58' title="bbox 1959 1239 3551 1317">
    <p class='ocr_par' dir='ltr' id='par_1_58' title="bbox 1959 1239 3551 1317">
     <span class='ocr_line' id='line_1_58' title="bbox 1959 1239 3551 1317; baseline 0.006 -25"><span class='ocrx_word' id='word_1_444' title='bbox 1959 1255 2056 1309; x_wconf 86' lang='lat' dir='ltr'><strong>per</strong></span> <span class='ocrx_word' id='word_1_445' title='bbox 2091 1239 2275 1294; x_wconf 78' lang='lat' dir='ltr'><strong>Jesum</strong></span> <span class='ocrx_word' id='word_1_446' title='bbox 2302 1242 2580 1296; x_wconf 84' lang='lat' dir='ltr'><strong>Christum</strong></span> <span class='ocrx_word' id='word_1_447' title='bbox 2612 1243 2876 1307; x_wconf 68' lang='lat' dir='ltr'><strong>fat-ta&#39;est,</strong></span> <span class='ocrx_word' id='word_1_448' title='bbox 2911 1263 2929 1295; x_wconf 72' lang='grc' dir='ltr'><strong>ι</strong></span> <span class='ocrx_word' id='word_1_449' title='bbox 2976 1260 3266 1299; x_wconf 77' lang='lat' dir='ltr'><strong>curramus</strong></span> <span class='ocrx_word' id='word_1_450' title='bbox 3309 1247 3373 1299; x_wconf 85' lang='lat' dir='ltr'><strong>ad</strong></span> <span class='ocrx_word' id='word_1_451' title='bbox 3422 1264 3551 1317; x_wconf 78' lang='lat' dir='ltr'><strong>gra-</strong></span> 
     </span>
    </p>
   </div>
   <div class='ocr_carea' id='block_1_59' title="bbox 1960 1333 3550 1404">
    <p class='ocr_par' dir='ltr' id='par_1_59' title="bbox 1960 1333 3550 1404">
     <span class='ocr_line' id='line_1_59' title="bbox 1960 1333 3550 1404; baseline 0.006 -21"><span class='ocrx_word' id='word_1_452' title='bbox 1960 1333 2092 1385; x_wconf 86' lang='lat' dir='ltr'><strong>tiam</strong></span> <span class='ocrx_word' id='word_1_453' title='bbox 2126 1342 2181 1385; x_wconf 89' lang='lat' dir='ltr'><strong>et</strong></span> <span class='ocrx_word' id='word_1_454' title='bbox 2209 1336 2515 1399; x_wconf 88' lang='lat' dir='ltr'><strong>veritatem,</strong></span> <span class='ocrx_word' id='word_1_455' title='bbox 2549 1338 2688 1389; x_wconf 81' lang='lat' dir='ltr'><strong>dona</strong></span> <span class='ocrx_word' id='word_1_456' title='bbox 2720 1337 2907 1404; x_wconf 67' lang='lat' dir='ltr'><strong>gratiae</strong></span> <span class='ocrx_word' id='word_1_457' title='bbox 2935 1339 3319 1401; x_wconf 80' lang='lat' dir='ltr'><strong>confiteantur,</strong></span> <span class='ocrx_word' id='word_1_458' title='bbox 3358 1350 3409 1392; x_wconf 86' lang='lat' dir='ltr'><strong>et</strong></span> <span class='ocrx_word' id='word_1_459' title='bbox 3448 1356 3550 1392; x_wconf 79' lang='lat' dir='ltr'><strong>no-</strong></span> 
     </span>
    </p>
   </div>
   <div class='ocr_carea' id='block_1_60' title="bbox 1961 1424 3550 1501">
    <p class='ocr_par' dir='ltr' id='par_1_60' title="bbox 1961 1424 3550 1501">
     <span class='ocr_line' id='line_1_60' title="bbox 1961 1424 3550 1501; baseline 0.004 -23"><span class='ocrx_word' id='word_1_460' title='bbox 1961 1424 2043 1479; x_wconf 90' lang='lat' dir='ltr'><strong>bis</strong></span> <span class='ocrx_word' id='word_1_461' title='bbox 2067 1425 2200 1493; x_wconf 87' lang='lat' dir='ltr'><strong>ipsis</strong></span> <span class='ocrx_word' id='word_1_462' title='bbox 2225 1427 2455 1495; x_wconf 82' lang='lat' dir='ltr'><strong>gratiam</strong></span> <span class='ocrx_word' id='word_1_463' title='bbox 2493 1430 2894 1494; x_wconf 78' lang='lat' dir='ltr'><strong>cusmdiamus,</strong></span> <span class='ocrx_word' id='word_1_464' title='bbox 2920 1427 3219 1498; x_wconf 76' lang='lat' dir='ltr'><strong>Patresque</strong></span> <span class='ocrx_word' id='word_1_465' title='bbox 3252 1447 3550 1501; x_wconf 72' lang='lat' dir='ltr'><strong>sequamur</strong></span> 
     </span>
    </p>
   </div>
   <div class='ocr_carea' id='block_1_61' title="bbox 1958 1510 3550 1594">
    <p class='ocr_par' dir='ltr' id='par_1_61' title="bbox 1958 1510 3550 1594">
     <span class='ocr_line' id='line_1_61' title="bbox 1958 1510 3550 1594; baseline 0.004 -24"><span class='ocrx_word' id='word_1_466' title='bbox 1958 1510 2101 1585; x_wconf 76' lang='lat' dir='ltr'><strong>quos</strong></span> <span class='ocrx_word' id='word_1_467' title='bbox 2135 1518 2360 1573; x_wconf 76' lang='lat' dir='ltr'><strong>divinus</strong></span> <span class='ocrx_word' id='word_1_468' title='bbox 2392 1522 2644 1574; x_wconf 82' lang='lat' dir='ltr'><strong>movebat</strong></span> <span class='ocrx_word' id='word_1_469' title='bbox 2684 1521 2948 1590; x_wconf 88' lang='lat' dir='ltr'><strong>Spiritus,</strong></span> <span class='ocrx_word' id='word_1_470' title='bbox 2971 1525 3097 1592; x_wconf 88' lang='lat' dir='ltr'><strong>quia</strong></span> <span class='ocrx_word' id='word_1_471' title='bbox 3158 1527 3301 1592; x_wconf 84' lang='lat' dir='ltr'><strong>quod</strong></span> <span class='ocrx_word' id='word_1_472' title='bbox 3363 1534 3550 1594; x_wconf 77' lang='lat' dir='ltr'><strong>protu—</strong></span> 
     </span>
    </p>
   </div>
   <div class='ocr_carea' id='block_1_62' title="bbox 1962 1612 3550 1681">
    <p class='ocr_par' dir='ltr' id='par_1_62' title="bbox 1962 1612 3550 1681">
     <span class='ocr_line' id='line_1_62' title="bbox 1962 1612 3550 1681; baseline 0.004 -15"><span class='ocrx_word' id='word_1_473' title='bbox 1962 1612 2141 1666; x_wconf 88' lang='lat' dir='ltr'><strong>lerant</strong></span> <span class='ocrx_word' id='word_1_474' title='bbox 2176 1614 2455 1681; x_wconf 76' lang='lat' dir='ltr'><strong>prophetae</strong></span> <span class='ocrx_word' id='word_1_475' title='bbox 2485 1614 2779 1670; x_wconf 84' lang='lat' dir='ltr'><strong>dixerunt:</strong></span> <span class='ocrx_word' id='word_1_476' title='bbox 2820 1636 2837 1667; x_wconf 77' lang='lat' dir='ltr'><strong>t</strong></span> <span class='ocrx_word' id='word_1_477' title='bbox 2874 1616 2925 1670; x_wconf 94' lang='lat' dir='ltr'><strong>In</strong></span> <span class='ocrx_word' id='word_1_478' title='bbox 2966 1636 3129 1673; x_wconf 89' lang='lat' dir='ltr'><strong>unam</strong></span> <span class='ocrx_word' id='word_1_479' title='bbox 3182 1632 3427 1674; x_wconf 74' lang='lat' dir='ltr'><strong>sanetam</strong></span> <span class='ocrx_word' id='word_1_480' title='bbox 3456 1636 3550 1673; x_wconf 84' lang='lat' dir='ltr'><strong>ca-</strong></span> 
     </span>
    </p>
   </div>
   <div class='ocr_carea' id='block_1_63' title="bbox 1963 1710 3548 1781">
    <p class='ocr_par' dir='ltr' id='par_1_63' title="bbox 1963 1710 3548 1781">
     <span class='ocr_line' id='line_1_63' title="bbox 1963 1710 3548 1781; baseline 0.007 -19"><span class='ocrx_word' id='word_1_481' title='bbox 1963 1710 2216 1765; x_wconf 80' lang='lat' dir='ltr'><strong>tholicam</strong></span> <span class='ocrx_word' id='word_1_482' title='bbox 2265 1719 2313 1764; x_wconf 91' lang='lat' dir='ltr'><strong>et</strong></span> <span class='ocrx_word' id='word_1_483' title='bbox 2379 1712 2734 1781; x_wconf 83' lang='lat' dir='ltr'><strong>apostolicam</strong></span> <span class='ocrx_word' id='word_1_484' title='bbox 2808 1715 3133 1772; x_wconf 72' lang='lat' dir='ltr'><strong>Ecclesium.</strong></span> <span class='ocrx_word' id='word_1_485' title='bbox 3173 1735 3191 1768; x_wconf 72' lang='grc' dir='ltr'><strong>ο</strong></span> <span class='ocrx_word' id='word_1_486' title='bbox 3251 1716 3548 1773; x_wconf 81' lang='lat' dir='ltr'><strong>Zacharias</strong></span> 
     </span>
    </p>
   </div>
   <div class='ocr_carea' id='block_1_64' title="bbox 1960 1800 3545 1873">
    <p class='ocr_par' dir='ltr' id='par_1_64' title="bbox 1960 1800 3545 1873">
     <span class='ocr_line' id='line_1_64' title="bbox 1960 1800 3545 1873; baseline 0.009 -21"><span class='ocrx_word' id='word_1_487' title='bbox 1960 1815 2178 1870; x_wconf 79' lang='lat' dir='ltr'><strong>quoque</strong></span> <span class='ocrx_word' id='word_1_488' title='bbox 2236 1800 2601 1867; x_wconf 69' lang='lat' dir='ltr'><strong>Prtecttrsoris</strong></span> <span class='ocrx_word' id='word_1_489' title='bbox 2638 1805 2854 1873; x_wconf 76' lang='lat' dir='ltr'><strong>genitor</strong></span> <span class='ocrx_word' id='word_1_490' title='bbox 2904 1806 3048 1861; x_wconf 87' lang='lat' dir='ltr'><strong>istud</strong></span> <span class='ocrx_word' id='word_1_491' title='bbox 3075 1809 3141 1863; x_wconf 94' lang='lat' dir='ltr'><strong>de</strong></span> <span class='ocrx_word' id='word_1_492' title='bbox 3175 1809 3333 1865; x_wconf 85' lang='lat' dir='ltr'><strong>Patre</strong></span> <span class='ocrx_word' id='word_1_493' title='bbox 3372 1813 3545 1867; x_wconf 79' lang='lat' dir='ltr'><strong>dixit:</strong></span> 
     </span>
    </p>
   </div>
   <div class='ocr_carea' id='block_1_65' title="bbox 1964 1892 3548 1975">
    <p class='ocr_par' dir='ltr' id='par_1_65' title="bbox 1964 1892 3548 1975">
     <span class='ocr_line' id='line_1_65' title="bbox 1964 1892 3548 1975; baseline 0.011 -31"><span class='ocrx_word' id='word_1_494' title='bbox 1964 1910 1982 1943; x_wconf 79' lang='grc' dir='ltr'><strong>ι</strong></span> <span class='ocrx_word' id='word_1_495' title='bbox 2016 1892 2167 1946; x_wconf 91' lang='lat' dir='ltr'><strong>Sicut</strong></span> <span class='ocrx_word' id='word_1_496' title='bbox 2200 1894 2417 1949; x_wconf 77' lang='lat' dir='ltr'><strong>loeutus</strong></span> <span class='ocrx_word' id='word_1_497' title='bbox 2465 1907 2551 1951; x_wconf 90' lang='lat' dir='ltr'><strong>est</strong></span> <span class='ocrx_word' id='word_1_498' title='bbox 2583 1914 2676 1967; x_wconf 86' lang='lat' dir='ltr'><strong>per</strong></span> <span class='ocrx_word' id='word_1_499' title='bbox 2703 1915 2764 1953; x_wconf 91' lang='lat' dir='ltr'><strong>os</strong></span> <span class='ocrx_word' id='word_1_500' title='bbox 2800 1911 3144 1965; x_wconf 88' lang='lat' dir='ltr'><strong>sanctorum,</strong></span> <span class='ocrx_word' id='word_1_501' title='bbox 3170 1907 3262 1975; x_wconf 92' lang='lat' dir='ltr'><strong>qui</strong></span> <span class='ocrx_word' id='word_1_502' title='bbox 3290 1922 3316 1958; x_wconf 86' lang='lat' dir='ltr'><strong>a</strong></span> <span class='ocrx_word' id='word_1_503' title='bbox 3347 1910 3548 1962; x_wconf 66' lang='lat' dir='ltr'><strong>sarculo</strong></span> 
     </span>
    </p>
   </div>
   <div class='ocr_carea' id='block_1_66' title="bbox 1959 1983 3551 2059">
    <p class='ocr_par' dir='ltr' id='par_1_66' title="bbox 1959 1983 3551 2059">
     <span class='ocr_line' id='line_1_66' title="bbox 1959 1983 3551 2059; baseline 0.009 -19"><span class='ocrx_word' id='word_1_504' title='bbox 1959 1983 2538 2057; x_wconf 63' lang='lat' dir='ltr'><strong>sunt,prop&#39;hctarnm</strong></span> <span class='ocrx_word' id='word_1_505' title='bbox 2571 1992 2693 2059; x_wconf 75' lang='lat' dir='ltr'><strong>ejus</strong></span> <span class='ocrx_word' id='word_1_506' title='bbox 2752 1993 2986 2048; x_wconf 85' lang='lat' dir='ltr'><strong>salutem</strong></span> <span class='ocrx_word' id='word_1_507' title='bbox 3043 2012 3107 2050; x_wconf 83' lang='lat' dir='ltr'><strong>ex</strong></span> <span class='ocrx_word' id='word_1_508' title='bbox 3155 1997 3394 2053; x_wconf 81' lang='lat' dir='ltr'><strong>inimicis</strong></span> <span class='ocrx_word' id='word_1_509' title='bbox 3455 2018 3551 2053; x_wconf 87' lang='lat' dir='ltr'><strong>no-</strong></span> 
     </span>
    </p>
   </div>
   <div class='ocr_carea' id='block_1_67' title="bbox 1959 2081 3544 2149">
    <p class='ocr_par' dir='ltr' id='par_1_67' title="bbox 1959 2081 3544 2149">
     <span class='ocr_line' id='line_1_67' title="bbox 1959 2081 3544 2149; baseline 0.008 -15"><span class='ocrx_word' id='word_1_510' title='bbox 1959 2081 2090 2135; x_wconf 86' lang='lat' dir='ltr'><strong>stris</strong></span> <span class='ocrx_word' id='word_1_511' title='bbox 2116 2097 2132 2147; x_wconf 88' lang='lat'><strong>;</strong></span> <span class='ocrx_word' id='word_1_512' title='bbox 2171 2099 2188 2131; x_wconf 73' lang='grc' dir='ltr'><strong>ι</strong></span> <span class='ocrx_word' id='word_1_513' title='bbox 2215 2082 2413 2135; x_wconf 83' lang='lat' dir='ltr'><strong>cecinit</strong></span> <span class='ocrx_word' id='word_1_514' title='bbox 2443 2081 2614 2136; x_wconf 82' lang='lat' dir='ltr'><strong>Mater</strong></span> <span class='ocrx_word' id='word_1_515' title='bbox 2635 2084 2795 2140; x_wconf 82' lang='lat' dir='ltr'><strong>Verbi</strong></span> <span class='ocrx_word' id='word_1_516' title='bbox 2833 2085 2926 2141; x_wconf 84' lang='lat' dir='ltr'><strong>Dei</strong></span> <span class='ocrx_word' id='word_1_517' title='bbox 2959 2090 3259 2146; x_wconf 86' lang='lat' dir='ltr'><strong>secundum</strong></span> <span class='ocrx_word' id='word_1_518' title='bbox 3285 2107 3544 2149; x_wconf 88' lang='lat' dir='ltr'><strong>carnem:</strong></span> 
     </span>
    </p>
   </div>
   <div class='ocr_carea' id='block_1_68' title="bbox 1964 2172 3575 2254">
    <p class='ocr_par' dir='ltr' id='par_1_68' title="bbox 1964 2172 3575 2254">
     <span class='ocr_line' id='line_1_68' title="bbox 1964 2172 3575 2254; baseline 0.012 -32"><span class='ocrx_word' id='word_1_519' title='bbox 1964 2190 1982 2222; x_wconf 76' lang='grc' dir='ltr'><strong>ι</strong></span> <span class='ocrx_word' id='word_1_520' title='bbox 2020 2172 2175 2226; x_wconf 85' lang='lat' dir='ltr'><strong>Sicut</strong></span> <span class='ocrx_word' id='word_1_521' title='bbox 2206 2172 2423 2228; x_wconf 80' lang='lat' dir='ltr'><strong>loeutus</strong></span> <span class='ocrx_word' id='word_1_522' title='bbox 2457 2184 2541 2228; x_wconf 89' lang='lat' dir='ltr'><strong>est</strong></span> <span class='ocrx_word' id='word_1_523' title='bbox 2567 2177 2629 2228; x_wconf 86' lang='lat' dir='ltr'><strong>ad</strong></span> <span class='ocrx_word' id='word_1_524' title='bbox 2662 2175 2853 2241; x_wconf 83' lang='lat' dir='ltr'><strong>Patres</strong></span> <span class='ocrx_word' id='word_1_525' title='bbox 2887 2189 3130 2243; x_wconf 86' lang='lat' dir='ltr'><strong>nostros,</strong></span> <span class='ocrx_word' id='word_1_526' title='bbox 3171 2182 3444 2254; x_wconf 74' lang='lat' dir='ltr'><strong>Abraham</strong></span> <span class='ocrx_word' id='word_1_527' title='bbox 3495 2172 3575 2240; x_wconf 15' lang='lat' dir='ltr'><strong>et:</strong></span> 
     </span>
    </p>
   </div>
   <div class='ocr_carea' id='block_1_69' title="bbox 1960 2264 3543 2344">
    <p class='ocr_par' dir='ltr' id='par_1_69' title="bbox 1960 2264 3543 2344">
     <span class='ocr_line' id='line_1_69' title="bbox 1960 2264 3543 2344; baseline 0.008 -26"><span class='ocrx_word' id='word_1_528' title='bbox 1960 2264 2155 2318; x_wconf 84' lang='lat' dir='ltr'><strong>Semini</strong></span> <span class='ocrx_word' id='word_1_529' title='bbox 2206 2264 2327 2332; x_wconf 85' lang='lat' dir='ltr'><strong>ejus</strong></span> <span class='ocrx_word' id='word_1_530' title='bbox 2388 2266 2439 2319; x_wconf 88' lang='lat' dir='ltr'><strong>in</strong></span> <span class='ocrx_word' id='word_1_531' title='bbox 2478 2267 2701 2320; x_wconf 81' lang='lat' dir='ltr'><strong>saecula.</strong></span> <span class='ocrx_word' id='word_1_532' title='bbox 2742 2286 2761 2319; x_wconf 76' lang='grc' dir='ltr'><strong>ι</strong></span> <span class='ocrx_word' id='word_1_533' title='bbox 2796 2269 2864 2324; x_wconf 85' lang='lat' dir='ltr'><strong>Et</strong></span> <span class='ocrx_word' id='word_1_534' title='bbox 2907 2271 2960 2323; x_wconf 94' lang='lat' dir='ltr'><strong>in</strong></span> <span class='ocrx_word' id='word_1_535' title='bbox 2997 2273 3225 2326; x_wconf 81' lang='lat' dir='ltr'><strong>Actibus</strong></span> <span class='ocrx_word' id='word_1_536' title='bbox 3275 2277 3543 2344; x_wconf 80' lang='lat' dir='ltr'><strong>scriptum</strong></span> 
     </span>
    </p>
   </div>
   <div class='ocr_carea' id='block_1_70' title="bbox 1959 2356 3547 2435">
    <p class='ocr_par' dir='ltr' id='par_1_70' title="bbox 1959 2356 3547 2435">
     <span class='ocr_line' id='line_1_70' title="bbox 1959 2356 3547 2435; baseline 0.007 -27"><span class='ocrx_word' id='word_1_537' title='bbox 1959 2364 2074 2411; x_wconf 82' lang='lat' dir='ltr'><strong>est:</strong></span> <span class='ocrx_word' id='word_1_538' title='bbox 2116 2373 2134 2405; x_wconf 82' lang='grc' dir='ltr'><strong>ι</strong></span> <span class='ocrx_word' id='word_1_539' title='bbox 2204 2356 2375 2421; x_wconf 85' lang='lat' dir='ltr'><strong>Quem</strong></span> <span class='ocrx_word' id='word_1_540' title='bbox 2418 2365 2636 2425; x_wconf 76' lang='lat' dir='ltr'><strong>Oportet</strong></span> <span class='ocrx_word' id='word_1_541' title='bbox 2680 2361 2880 2414; x_wconf 70' lang='lat' dir='ltr'><strong>coelum</strong></span> <span class='ocrx_word' id='word_1_542' title='bbox 2939 2363 3219 2432; x_wconf 85' lang='lat' dir='ltr'><strong>suscipere</strong></span> <span class='ocrx_word' id='word_1_543' title='bbox 3271 2382 3444 2435; x_wconf 85' lang='lat' dir='ltr'><strong>usque</strong></span> <span class='ocrx_word' id='word_1_544' title='bbox 3493 2369 3547 2421; x_wconf 91' lang='lat' dir='ltr'><strong>in</strong></span> 
     </span>
    </p>
   </div>
   <div class='ocr_carea' id='block_1_71' title="bbox 1962 2449 3552 2524">
    <p class='ocr_par' dir='ltr' id='par_1_71' title="bbox 1962 2449 3552 2524">
     <span class='ocr_line' id='line_1_71' title="bbox 1962 2449 3552 2524; baseline 0.008 -23"><span class='ocrx_word' id='word_1_545' title='bbox 1962 2456 2208 2519; x_wconf 87' lang='lat' dir='ltr'><strong>tempora</strong></span> <span class='ocrx_word' id='word_1_546' title='bbox 2264 2449 2633 2507; x_wconf 87' lang='lat' dir='ltr'><strong>restitutionis</strong></span> <span class='ocrx_word' id='word_1_547' title='bbox 2690 2454 2980 2519; x_wconf 87' lang='lat' dir='ltr'><strong>omnium,</strong></span> <span class='ocrx_word' id='word_1_548' title='bbox 3020 2472 3141 2524; x_wconf 75' lang='lat' dir='ltr'><strong>quae</strong></span> <span class='ocrx_word' id='word_1_549' title='bbox 3206 2459 3422 2514; x_wconf 85' lang='lat' dir='ltr'><strong>locutus</strong></span> <span class='ocrx_word' id='word_1_550' title='bbox 3466 2470 3552 2514; x_wconf 82' lang='lat' dir='ltr'><strong>est</strong></span> 
     </span>
    </p>
   </div>
   <div class='ocr_carea' id='block_1_72' title="bbox 1962 2542 3554 2623">
    <p class='ocr_par' dir='ltr' id='par_1_72' title="bbox 1962 2542 3554 2623">
     <span class='ocr_line' id='line_1_72' title="bbox 1962 2542 3554 2623; baseline 0.006 -28"><span class='ocrx_word' id='word_1_551' title='bbox 1962 2542 2106 2595; x_wconf 84' lang='lat' dir='ltr'><strong>Deus</strong></span> <span class='ocrx_word' id='word_1_552' title='bbox 2131 2558 2224 2611; x_wconf 88' lang='lat' dir='ltr'><strong>per</strong></span> <span class='ocrx_word' id='word_1_553' title='bbox 2255 2557 2318 2596; x_wconf 85' lang='lat' dir='ltr'><strong>os</strong></span> <span class='ocrx_word' id='word_1_554' title='bbox 2347 2554 2669 2598; x_wconf 84' lang='lat' dir='ltr'><strong>sanctorum</strong></span> <span class='ocrx_word' id='word_1_555' title='bbox 2700 2561 2926 2601; x_wconf 89' lang='lat' dir='ltr'><strong>suorum</strong></span> <span class='ocrx_word' id='word_1_556' title='bbox 2961 2564 2989 2603; x_wconf 87' lang='lat' dir='ltr'><strong>a</strong></span> <span class='ocrx_word' id='word_1_557' title='bbox 3014 2552 3218 2605; x_wconf 73' lang='lat' dir='ltr'><strong>s:eculo</strong></span> <span class='ocrx_word' id='word_1_558' title='bbox 3257 2555 3554 2623; x_wconf 76' lang='lat' dir='ltr'><strong>propheta-</strong></span> 
     </span>
    </p>
   </div>
   <div class='ocr_carea' id='block_1_73' title="bbox 1916 2631 3551 2712">
    <p class='ocr_par' dir='ltr' id='par_1_73' title="bbox 1916 2631 3551 2712">
     <span class='ocr_line' id='line_1_73' title="bbox 1916 2631 3551 2712; baseline 0.007 -25"><span class='ocrx_word' id='word_1_559' title='bbox 1916 2638 1919 2639; x_wconf 61' lang='grc'><strong><em>⁷</em></strong></span> <span class='ocrx_word' id='word_1_560' title='bbox 1961 2650 2107 2687; x_wconf 87' lang='lat' dir='ltr'><strong>rum.</strong></span> <span class='ocrx_word' id='word_1_561' title='bbox 2140 2652 2158 2685; x_wconf 74' lang='grc' dir='ltr'><strong>ι</strong></span> <span class='ocrx_word' id='word_1_562' title='bbox 2185 2631 2426 2687; x_wconf 77' lang='lat' dir='ltr'><strong>Locutus</strong></span> <span class='ocrx_word' id='word_1_563' title='bbox 2460 2645 2545 2689; x_wconf 89' lang='lat' dir='ltr'><strong>est</strong></span> <span class='ocrx_word' id='word_1_564' title='bbox 2568 2651 2700 2707; x_wconf 82' lang='lat' dir='ltr'><strong>ergo</strong></span> <span class='ocrx_word' id='word_1_565' title='bbox 2733 2637 2972 2708; x_wconf 86' lang='lat' dir='ltr'><strong>Spiritus</strong></span> <span class='ocrx_word' id='word_1_566' title='bbox 2997 2658 3157 2712; x_wconf 89' lang='lat' dir='ltr'><strong>quem</strong></span> <span class='ocrx_word' id='word_1_567' title='bbox 3191 2644 3379 2698; x_wconf 65' lang='lat' dir='ltr'><strong>effudit</strong></span> <span class='ocrx_word' id='word_1_568' title='bbox 3406 2648 3551 2699; x_wconf 87' lang='lat' dir='ltr'><strong>Dens</strong></span> 
     </span>
    </p>
   </div>
   <div class='ocr_carea' id='block_1_74' title="bbox 1964 2726 3553 2803">
    <p class='ocr_par' dir='ltr' id='par_1_74' title="bbox 1964 2726 3553 2803">
     <span class='ocr_line' id='line_1_74' title="bbox 1964 2726 3553 2803; baseline 0.007 -22"><span class='ocrx_word' id='word_1_569' title='bbox 1964 2726 2020 2781; x_wconf 89' lang='lat' dir='ltr'><strong>in</strong></span> <span class='ocrx_word' id='word_1_570' title='bbox 2057 2727 2377 2782; x_wconf 82' lang='lat' dir='ltr'><strong>novissimis</strong></span> <span class='ocrx_word' id='word_1_571' title='bbox 2409 2728 2603 2784; x_wconf 88' lang='lat' dir='ltr'><strong>diebus</strong></span> <span class='ocrx_word' id='word_1_572' title='bbox 2642 2746 2808 2801; x_wconf 85' lang='lat' dir='ltr'><strong>super</strong></span> <span class='ocrx_word' id='word_1_573' title='bbox 2838 2748 3057 2788; x_wconf 87' lang='lat' dir='ltr'><strong>onmem</strong></span> <span class='ocrx_word' id='word_1_574' title='bbox 3096 2752 3336 2803; x_wconf 85' lang='lat' dir='ltr'><strong>carnem,</strong></span> <span class='ocrx_word' id='word_1_575' title='bbox 3364 2749 3421 2793; x_wconf 92' lang='lat' dir='ltr'><strong>ut</strong></span> <span class='ocrx_word' id='word_1_576' title='bbox 3466 2741 3553 2793; x_wconf 88' lang='lat' dir='ltr'><strong>di-</strong></span> 
     </span>
    </p>
   </div>
   <div class='ocr_carea' id='block_1_75' title="bbox 1963 2819 3553 2901">
    <p class='ocr_par' dir='ltr' id='par_1_75' title="bbox 1963 2819 3553 2901">
     <span class='ocr_line' id='line_1_75' title="bbox 1963 2819 3553 2901; baseline 0.009 -27"><span class='ocrx_word' id='word_1_577' title='bbox 1963 2821 2039 2874; x_wconf 81' lang='lat' dir='ltr'><strong>xit</strong></span> <span class='ocrx_word' id='word_1_578' title='bbox 2087 2819 2225 2884; x_wconf 82' lang='lat' dir='ltr'><strong>Joel,</strong></span> <span class='ocrx_word' id='word_1_579' title='bbox 2268 2829 2320 2875; x_wconf 88' lang='lat' dir='ltr'><strong>et</strong></span> <span class='ocrx_word' id='word_1_580' title='bbox 2384 2820 2713 2901; x_wconf 78' lang='lat' dir='ltr'><strong>catholicam</strong></span> <span class='ocrx_word' id='word_1_581' title='bbox 2752 2826 3043 2881; x_wconf 50' lang='lat' dir='ltr'><strong>ardificavit</strong></span> <span class='ocrx_word' id='word_1_582' title='bbox 3070 2828 3392 2895; x_wconf 75' lang='lat' dir='ltr'><strong>Ecelesiam,</strong></span> <span class='ocrx_word' id='word_1_583' title='bbox 3428 2850 3553 2901; x_wconf 70' lang='lat' dir='ltr'><strong>qua:</strong></span> 
     </span>
    </p>
   </div>
   <div class='ocr_carea' id='block_1_76' title="bbox 1965 2899 3555 2981">
    <p class='ocr_par' dir='ltr' id='par_1_76' title="bbox 1965 2899 3555 2981">
     <span class='ocr_line' id='line_1_76' title="bbox 1965 2899 3555 2981; baseline 0.009 -16"><span class='ocrx_word' id='word_1_584' title='bbox 1965 2911 2387 2966; x_wconf 77' lang='lat' dir='ltr'><strong>fundamentum</strong></span> <span class='ocrx_word' id='word_1_585' title='bbox 2425 2899 2587 2968; x_wconf 80' lang='lat' dir='ltr'><strong>habet</strong></span> <span class='ocrx_word' id='word_1_586' title='bbox 2615 2915 3015 2972; x_wconf 84' lang='lat' dir='ltr'><strong>confessionem</strong></span> <span class='ocrx_word' id='word_1_587' title='bbox 3042 2920 3185 2976; x_wconf 85' lang='lat' dir='ltr'><strong>Petri</strong></span> <span class='ocrx_word' id='word_1_588' title='bbox 3221 2924 3555 2981; x_wconf 71' lang='lat' dir='ltr'><strong>rerelatione</strong></span> 
     </span>
    </p>
   </div>
   <div class='ocr_carea' id='block_1_77' title="bbox 1965 3006 3556 3083">
    <p class='ocr_par' dir='ltr' id='par_1_77' title="bbox 1965 3006 3556 3083">
     <span class='ocr_line' id='line_1_77' title="bbox 1965 3006 3556 3083; baseline 0.01 -25"><span class='ocrx_word' id='word_1_589' title='bbox 1965 3006 2297 3071; x_wconf 87' lang='lat' dir='ltr'><strong>institutam,</strong></span> <span class='ocrx_word' id='word_1_590' title='bbox 2357 3018 2579 3076; x_wconf 89' lang='lat' dir='ltr'><strong>propter</strong></span> <span class='ocrx_word' id='word_1_591' title='bbox 2624 3025 2789 3078; x_wconf 88' lang='lat' dir='ltr'><strong>quam</strong></span> <span class='ocrx_word' id='word_1_592' title='bbox 2850 3010 2954 3067; x_wconf 81' lang='lat' dir='ltr'><strong>iste</strong></span> <span class='ocrx_word' id='word_1_593' title='bbox 3001 3016 3422 3083; x_wconf 77' lang='lat' dir='ltr'><strong>cognominatus</strong></span> <span class='ocrx_word' id='word_1_594' title='bbox 3470 3031 3556 3074; x_wconf 78' lang='lat' dir='ltr'><strong>c~t</strong></span> 
     </span>
    </p>
   </div>
   <div class='ocr_carea' id='block_1_78' title="bbox 1965 3099 3551 3166">
    <p class='ocr_par' dir='ltr' id='par_1_78' title="bbox 1965 3099 3551 3166">
     <span class='ocr_line' id='line_1_78' title="bbox 1965 3099 3551 3166; baseline 0.009 -16"><span class='ocrx_word' id='word_1_595' title='bbox 1965 3102 2184 3163; x_wconf 80' lang='lat' dir='ltr'><strong>Petrus,</strong></span> <span class='ocrx_word' id='word_1_596' title='bbox 2209 3099 2425 3154; x_wconf 79' lang='lat' dir='ltr'><strong>scilicet</strong></span> <span class='ocrx_word' id='word_1_597' title='bbox 2457 3116 2471 3154; x_wconf 88' lang='lat'><strong>:</strong></span> <span class='ocrx_word' id='word_1_598' title='bbox 2509 3119 2527 3152; x_wconf 80' lang='grc' dir='ltr'><strong>ι</strong></span> <span class='ocrx_word' id='word_1_599' title='bbox 2558 3100 2639 3155; x_wconf 84' lang='grc' dir='ltr'>Τυ</span> <span class='ocrx_word' id='word_1_600' title='bbox 2668 3118 2726 3156; x_wconf 89' lang='lat' dir='ltr'><strong>es</strong></span> <span class='ocrx_word' id='word_1_601' title='bbox 2750 3101 3011 3159; x_wconf 85' lang='lat' dir='ltr'><strong>Christus</strong></span> <span class='ocrx_word' id='word_1_602' title='bbox 3047 3106 3217 3162; x_wconf 78' lang='lat' dir='ltr'><strong>Filius</strong></span> <span class='ocrx_word' id='word_1_603' title='bbox 3260 3110 3351 3163; x_wconf 81' lang='lat' dir='ltr'><strong>Dei</strong></span> <span class='ocrx_word' id='word_1_604' title='bbox 3389 3113 3551 3166; x_wconf 65' lang='lat' dir='ltr'><strong>vivi.»</strong></span> 
     </span>
    </p>
   </div>
   <div class='ocr_carea' id='block_1_79' title="bbox 1967 3190 3557 3257">
    <p class='ocr_par' dir='ltr' id='par_1_79' title="bbox 1967 3190 3557 3257">
     <span class='ocr_line' id='line_1_79' title="bbox 1967 3190 3557 3257; baseline 0.009 -14"><span class='ocrx_word' id='word_1_605' title='bbox 1967 3190 2090 3246; x_wconf 66' lang='lat' dir='ltr'><strong>llaec</strong></span> <span class='ocrx_word' id='word_1_606' title='bbox 2115 3200 2199 3245; x_wconf 89' lang='lat' dir='ltr'><strong>est</strong></span> <span class='ocrx_word' id='word_1_607' title='bbox 2234 3193 2376 3245; x_wconf 88' lang='lat' dir='ltr'><strong>enim</strong></span> <span class='ocrx_word' id='word_1_608' title='bbox 2408 3192 2822 3249; x_wconf 83' lang='lat' dir='ltr'><strong>fundamentum</strong></span> <span class='ocrx_word' id='word_1_609' title='bbox 2859 3212 3002 3251; x_wconf 69' lang='lat' dir='ltr'><strong>vera:</strong></span> <span class='ocrx_word' id='word_1_610' title='bbox 3037 3200 3401 3257; x_wconf 77' lang='lat' dir='ltr'><strong>confessionis</strong></span> <span class='ocrx_word' id='word_1_611' title='bbox 3461 3222 3557 3257; x_wconf 79' lang='lat' dir='ltr'><strong>no-</strong></span> 
     </span>
    </p>
   </div>
   <div class='ocr_carea' id='block_1_80' title="bbox 1969 3288 3557 3361">
    <p class='ocr_par' dir='ltr' id='par_1_80' title="bbox 1969 3288 3557 3361">
     <span class='ocr_line' id='line_1_80' title="bbox 1969 3288 3557 3361; baseline 0.006 -20"><span class='ocrx_word' id='word_1_612' title='bbox 1969 3297 2094 3341; x_wconf 47' lang='lat' dir='ltr'><strong>stra».</strong></span> <span class='ocrx_word' id='word_1_613' title='bbox 2126 3296 2348 3354; x_wconf 88' lang='lat' dir='ltr'><strong>propter</strong></span> <span class='ocrx_word' id='word_1_614' title='bbox 2408 3303 2573 3357; x_wconf 85' lang='lat' dir='ltr'><strong>quam</strong></span> <span class='ocrx_word' id='word_1_615' title='bbox 2633 3288 2749 3358; x_wconf 89' lang='lat' dir='ltr'><strong>ipse</strong></span> <span class='ocrx_word' id='word_1_616' title='bbox 2782 3288 2971 3345; x_wconf 85' lang='lat' dir='ltr'><strong>Petrus</strong></span> <span class='ocrx_word' id='word_1_617' title='bbox 2998 3301 3186 3361; x_wconf 86' lang='lat' dir='ltr'><strong>utpote</strong></span> <span class='ocrx_word' id='word_1_618' title='bbox 3216 3308 3244 3345; x_wconf 89' lang='lat' dir='ltr'><strong>a</strong></span> <span class='ocrx_word' id='word_1_619' title='bbox 3274 3292 3436 3349; x_wconf 83' lang='lat' dir='ltr'><strong>P..tre</strong></span> <span class='ocrx_word' id='word_1_620' title='bbox 3465 3313 3557 3350; x_wconf 71' lang='lat' dir='ltr'><strong>ar-</strong></span> 
     </span>
    </p>
   </div>
   <div class='ocr_carea' id='block_1_81' title="bbox 1964 3379 3555 3456">
    <p class='ocr_par' dir='ltr' id='par_1_81' title="bbox 1964 3379 3555 3456">
     <span class='ocr_line' id='line_1_81' title="bbox 1964 3379 3555 3456; baseline 0.006 -23"><span class='ocrx_word' id='word_1_621' title='bbox 1964 3388 2177 3448; x_wconf 88' lang='lat' dir='ltr'><strong>ceptam</strong></span> <span class='ocrx_word' id='word_1_622' title='bbox 2217 3380 2409 3433; x_wconf 87' lang='lat' dir='ltr'><strong>beatus</strong></span> <span class='ocrx_word' id='word_1_623' title='bbox 2461 3379 2684 3443; x_wconf 80' lang='lat' dir='ltr'><strong>dicitur,</strong></span> <span class='ocrx_word' id='word_1_624' title='bbox 2718 3391 2769 3435; x_wconf 89' lang='lat' dir='ltr'><strong>et</strong></span> <span class='ocrx_word' id='word_1_625' title='bbox 2802 3397 2901 3438; x_wconf 89' lang='lat' dir='ltr'><strong>nos</strong></span> <span class='ocrx_word' id='word_1_626' title='bbox 2938 3384 3031 3453; x_wconf 81' lang='lat' dir='ltr'><strong>qui</strong></span> <span class='ocrx_word' id='word_1_627' title='bbox 3062 3401 3182 3439; x_wconf 86' lang='lat' dir='ltr'><strong>eam</strong></span> <span class='ocrx_word' id='word_1_628' title='bbox 3237 3390 3555 3456; x_wconf 85' lang='lat' dir='ltr'><strong>accepimus</strong></span> 
     </span>
    </p>
   </div>
   <div class='ocr_carea' id='block_1_82' title="bbox 1963 3470 3559 3548">
    <p class='ocr_par' dir='ltr' id='par_1_82' title="bbox 1963 3470 3559 3548">
     <span class='ocr_line' id='line_1_82' title="bbox 1963 3470 3559 3548; baseline 0.008 -24"><span class='ocrx_word' id='word_1_629' title='bbox 1963 3472 2017 3524; x_wconf 88' lang='lat' dir='ltr'><strong>itt</strong></span> <span class='ocrx_word' id='word_1_630' title='bbox 2073 3480 2190 3524; x_wconf 88' lang='lat' dir='ltr'><strong>tuto</strong></span> <span class='ocrx_word' id='word_1_631' title='bbox 2250 3470 2439 3540; x_wconf 86' lang='lat' dir='ltr'><strong>positi,</strong></span> <span class='ocrx_word' id='word_1_632' title='bbox 2474 3472 2889 3541; x_wconf 64' lang='lat' dir='ltr'><strong>supermdificali</strong></span> <span class='ocrx_word' id='word_1_633' title='bbox 2950 3490 3143 3532; x_wconf 90' lang='lat' dir='ltr'><strong>sumus</strong></span> <span class='ocrx_word' id='word_1_634' title='bbox 3169 3493 3334 3548; x_wconf 81' lang='lat' dir='ltr'><strong>super</strong></span> <span class='ocrx_word' id='word_1_635' title='bbox 3366 3482 3559 3535; x_wconf 83' lang='lat' dir='ltr'><strong>funda-</strong></span> 
     </span>
    </p>
   </div>
   <div class='ocr_carea' id='block_1_83' title="bbox 1965 3566 3549 3640">
    <p class='ocr_par' dir='ltr' id='par_1_83' title="bbox 1965 3566 3549 3640">
     <span class='ocr_line' id='line_1_83' title="bbox 1965 3566 3549 3640; baseline 0.006 -24"><span class='ocrx_word' id='word_1_636' title='bbox 1965 3576 2208 3618; x_wconf 81' lang='lat' dir='ltr'><strong>mentum</strong></span> <span class='ocrx_word' id='word_1_637' title='bbox 2238 3566 2613 3633; x_wconf 87' lang='lat' dir='ltr'><strong>apostolorum</strong></span> <span class='ocrx_word' id='word_1_638' title='bbox 2639 3577 2689 3622; x_wconf 74' lang='grc' dir='ltr'><strong>ει</strong></span> <span class='ocrx_word' id='word_1_639' title='bbox 2721 3569 3135 3637; x_wconf 71' lang='lat' dir='ltr'><strong>prephetarum,</strong></span> <span class='ocrx_word' id='word_1_640' title='bbox 3165 3571 3282 3640; x_wconf 84' lang='lat' dir='ltr'><strong>ipso</strong></span> <span class='ocrx_word' id='word_1_641' title='bbox 3325 3589 3549 3628; x_wconf 82' lang='lat' dir='ltr'><strong>summo</strong></span> 
     </span>
    </p>
   </div>
   <div class='ocr_carea' id='block_1_84' title="bbox 1965 3657 3556 3731">
    <p class='ocr_par' dir='ltr' id='par_1_84' title="bbox 1965 3657 3556 3731">
     <span class='ocr_line' id='line_1_84' title="bbox 1965 3657 3556 3731; baseline 0.008 -22"><span class='ocrx_word' id='word_1_642' title='bbox 1965 3658 2208 3724; x_wconf 71' lang='lat' dir='ltr'><strong>angulari</strong></span> <span class='ocrx_word' id='word_1_643' title='bbox 2243 3658 2421 3726; x_wconf 86' lang='lat' dir='ltr'><strong>lapide</strong></span> <span class='ocrx_word' id='word_1_644' title='bbox 2454 3659 2674 3713; x_wconf 84' lang='lat' dir='ltr'><strong>Christo</strong></span> <span class='ocrx_word' id='word_1_645' title='bbox 2713 3657 2866 3721; x_wconf 86' lang='lat' dir='ltr'><strong>Jesu,</strong></span> <span class='ocrx_word' id='word_1_646' title='bbox 2903 3661 2995 3729; x_wconf 87' lang='lat' dir='ltr'><strong>qui</strong></span> <span class='ocrx_word' id='word_1_647' title='bbox 3040 3662 3280 3731; x_wconf 84' lang='lat' dir='ltr'><strong>Spiritus</strong></span> <span class='ocrx_word' id='word_1_648' title='bbox 3341 3666 3556 3720; x_wconf 78' lang='lat' dir='ltr'><strong>habita-</strong></span> 
     </span>
    </p>
   </div>
   <div class='ocr_carea' id='block_1_85' title="bbox 1963 3748 3556 3819">
    <p class='ocr_par' dir='ltr' id='par_1_85' title="bbox 1963 3748 3556 3819">
     <span class='ocr_line' id='line_1_85' title="bbox 1963 3748 3556 3819; baseline 0.006 -16"><span class='ocrx_word' id='word_1_649' title='bbox 1963 3754 2149 3804; x_wconf 91' lang='lat' dir='ltr'><strong>culum</strong></span> <span class='ocrx_word' id='word_1_650' title='bbox 2177 3765 2367 3803; x_wconf 86' lang='lat' dir='ltr'><strong>sutnus</strong></span> <span class='ocrx_word' id='word_1_651' title='bbox 2396 3766 2411 3817; x_wconf 85' lang='lat'><strong>;</strong></span> <span class='ocrx_word' id='word_1_652' title='bbox 2447 3768 2465 3801; x_wconf 75' lang='grc' dir='ltr'><strong>ι</strong></span> <span class='ocrx_word' id='word_1_653' title='bbox 2496 3748 2553 3802; x_wconf 86' lang='lat' dir='ltr'><strong>In</strong></span> <span class='ocrx_word' id='word_1_654' title='bbox 2583 3765 2718 3819; x_wconf 91' lang='lat' dir='ltr'><strong>quo,</strong></span> <span class='ocrx_word' id='word_1_655' title='bbox 2747 3755 2824 3805; x_wconf 86' lang='lat' dir='ltr'><strong>ait</strong></span> <span class='ocrx_word' id='word_1_656' title='bbox 2856 3753 3079 3813; x_wconf 83' lang='lat' dir='ltr'><strong>Paulus.</strong></span> <span class='ocrx_word' id='word_1_657' title='bbox 3113 3763 3164 3807; x_wconf 87' lang='lat' dir='ltr'><strong>et</strong></span> <span class='ocrx_word' id='word_1_658' title='bbox 3196 3772 3291 3808; x_wconf 71' lang='lat' dir='ltr'><strong>vos</strong></span> <span class='ocrx_word' id='word_1_659' title='bbox 3317 3760 3556 3811; x_wconf 77' lang='lat' dir='ltr'><strong>coaediﬁ-</strong></span> 
     </span>
    </p>
   </div>
   <div class='ocr_carea' id='block_1_86' title="bbox 1963 3840 3546 3912">
    <p class='ocr_par' dir='ltr' id='par_1_86' title="bbox 1963 3840 3546 3912">
     <span class='ocr_line' id='line_1_86' title="bbox 1963 3840 3546 3912; baseline 0.008 -19"><span class='ocrx_word' id='word_1_660' title='bbox 1963 3840 2160 3894; x_wconf 86' lang='lat' dir='ltr'><strong>camini</strong></span> <span class='ocrx_word' id='word_1_661' title='bbox 2200 3840 2251 3893; x_wconf 89' lang='lat' dir='ltr'><strong>itt</strong></span> <span class='ocrx_word' id='word_1_662' title='bbox 2280 3840 2653 3895; x_wconf 76' lang='lat' dir='ltr'><strong>habitaculum</strong></span> <span class='ocrx_word' id='word_1_663' title='bbox 2693 3842 2785 3896; x_wconf 79' lang='lat' dir='ltr'><strong>Dei</strong></span> <span class='ocrx_word' id='word_1_664' title='bbox 2821 3846 2870 3895; x_wconf 92' lang='lat' dir='ltr'><strong>in</strong></span> <span class='ocrx_word' id='word_1_665' title='bbox 2909 3841 3133 3912; x_wconf 84' lang='lat' dir='ltr'><strong>Spiritu.</strong></span> <span class='ocrx_word' id='word_1_666' title='bbox 3170 3865 3187 3899; x_wconf 74' lang='grc' dir='ltr'><strong>ι</strong></span> <span class='ocrx_word' id='word_1_667' title='bbox 3225 3846 3546 3906; x_wconf 82' lang='lat' dir='ltr'><strong>Videtisne?</strong></span> 
     </span>
    </p>
   </div>
   <div class='ocr_carea' id='block_1_87' title="bbox 1962 3930 3555 4006">
    <p class='ocr_par' dir='ltr' id='par_1_87' title="bbox 1962 3930 3555 4006">
     <span class='ocr_line' id='line_1_87' title="bbox 1962 3930 3555 4006; baseline 0.007 -21"><span class='ocrx_word' id='word_1_668' title='bbox 1962 3931 2085 3998; x_wconf 83' lang='lat' dir='ltr'><strong>Ipsa</strong></span> <span class='ocrx_word' id='word_1_669' title='bbox 2110 3931 2347 3984; x_wconf 79' lang='lat' dir='ltr'><strong>Ecclesia</strong></span> <span class='ocrx_word' id='word_1_670' title='bbox 2386 3932 2438 3983; x_wconf 91' lang='lat' dir='ltr'><strong>in</strong></span> <span class='ocrx_word' id='word_1_671' title='bbox 2464 3930 2730 3986; x_wconf 83' lang='lat' dir='ltr'><strong>Trinitate</strong></span> <span class='ocrx_word' id='word_1_672' title='bbox 2762 3934 3061 3999; x_wconf 66' lang='lat' dir='ltr'><strong>fundatur;</strong></span> <span class='ocrx_word' id='word_1_673' title='bbox 3102 3952 3119 3986; x_wconf 78' lang='grc' dir='ltr'><strong>ι</strong></span> <span class='ocrx_word' id='word_1_674' title='bbox 3152 3938 3211 3989; x_wconf 81' lang='lat' dir='ltr'><strong>in</strong></span> <span class='ocrx_word' id='word_1_675' title='bbox 3242 3953 3353 4006; x_wconf 85' lang='lat' dir='ltr'><strong>quo</strong></span> <span class='ocrx_word' id='word_1_676' title='bbox 3382 3948 3435 3992; x_wconf 71' lang='lat' dir='ltr'><strong>rt</strong></span> <span class='ocrx_word' id='word_1_677' title='bbox 3458 3956 3555 3996; x_wconf 76' lang='lat' dir='ltr'><strong>vos</strong></span> 
     </span>
    </p>
   </div>
   <div class='ocr_carea' id='block_1_88' title="bbox 1961 4021 3556 4091">
    <p class='ocr_par' dir='ltr' id='par_1_88' title="bbox 1961 4021 3556 4091">
     <span class='ocr_line' id='line_1_88' title="bbox 1961 4021 3556 4091; baseline 0.004 -13"><span class='ocrx_word' id='word_1_678' title='bbox 1961 4023 2180 4078; x_wconf 81' lang='lat' dir='ltr'><strong>Christo</strong></span> <span class='ocrx_word' id='word_1_679' title='bbox 2197 4021 2325 4076; x_wconf 83' lang='lat' dir='ltr'><strong>Jesu</strong></span> <span class='ocrx_word' id='word_1_680' title='bbox 2351 4023 2827 4088; x_wconf 64' lang='lat' dir='ltr'><strong>comdiiiean1iui,r</strong></span> <span class='ocrx_word' id='word_1_681' title='bbox 2863 4026 2937 4080; x_wconf 89' lang='lat' dir='ltr'><strong>ait</strong></span> <span class='ocrx_word' id='word_1_682' title='bbox 2957 4025 3181 4091; x_wconf 83' lang='lat' dir='ltr'><strong>Paulus,</strong></span> <span class='ocrx_word' id='word_1_683' title='bbox 3203 4031 3453 4086; x_wconf 74' lang='lat' dir='ltr'><strong>videlicet</strong></span> <span class='ocrx_word' id='word_1_684' title='bbox 3474 4031 3556 4085; x_wconf 77' lang='lat' dir='ltr'><strong>Fi-</strong></span> 
     </span>
    </p>
   </div>
   <div class='ocr_carea' id='block_1_89' title="bbox 1952 4116 3549 4191">
    <p class='ocr_par' dir='ltr' id='par_1_89' title="bbox 1952 4116 3549 4191">
     <span class='ocr_line' id='line_1_89' title="bbox 1952 4116 3549 4191; baseline 0.005 -23"><span class='ocrx_word' id='word_1_685' title='bbox 1952 4116 2060 4180; x_wconf 78' lang='lat' dir='ltr'><strong>lio,</strong></span> <span class='ocrx_word' id='word_1_686' title='bbox 2081 4135 2099 4166; x_wconf 72' lang='lat' dir='ltr'>c</span> <span class='ocrx_word' id='word_1_687' title='bbox 2124 4116 2175 4168; x_wconf 90' lang='lat' dir='ltr'><strong>in</strong></span> <span class='ocrx_word' id='word_1_688' title='bbox 2204 4116 2572 4170; x_wconf 79' lang='lat' dir='ltr'><strong>habitaculum</strong></span> <span class='ocrx_word' id='word_1_689' title='bbox 2598 4116 2713 4183; x_wconf 85' lang='lat' dir='ltr'><strong>Dei,</strong></span> <span class='ocrx_word' id='word_1_690' title='bbox 2732 4136 2750 4168; x_wconf 76' lang='grc' dir='ltr'><strong>ι</strong></span> <span class='ocrx_word' id='word_1_691' title='bbox 2777 4119 2828 4172; x_wconf 90' lang='lat' dir='ltr'><strong>id</strong></span> <span class='ocrx_word' id='word_1_692' title='bbox 2847 4129 2929 4173; x_wconf 87' lang='lat' dir='ltr'><strong>est</strong></span> <span class='ocrx_word' id='word_1_693' title='bbox 2954 4119 3154 4185; x_wconf 88' lang='lat' dir='ltr'><strong>Patris,</strong></span> <span class='ocrx_word' id='word_1_694' title='bbox 3178 4120 3261 4174; x_wconf 69' lang='lat' dir='ltr'><strong>«in</strong></span> <span class='ocrx_word' id='word_1_695' title='bbox 3281 4122 3510 4191; x_wconf 88' lang='lat' dir='ltr'><strong>Spiritu.</strong></span> <span class='ocrx_word' id='word_1_696' title='bbox 3529 4143 3549 4176; x_wconf 72' lang='grc' dir='ltr'><strong>ι</strong></span> 
     </span>
    </p>
   </div>
   <div class='ocr_carea' id='block_1_90' title="bbox 1964 4201 3555 4284">
    <p class='ocr_par' dir='ltr' id='par_1_90' title="bbox 1964 4201 3555 4284">
     <span class='ocr_line' id='line_1_90' title="bbox 1964 4201 3555 4284; baseline 0.006 -22"><span class='ocrx_word' id='word_1_697' title='bbox 1964 4209 2019 4262; x_wconf 85' lang='lat' dir='ltr'><strong>lu</strong></span> <span class='ocrx_word' id='word_1_698' title='bbox 2051 4211 2132 4262; x_wconf 91' lang='lat' dir='ltr'><strong>his</strong></span> <span class='ocrx_word' id='word_1_699' title='bbox 2162 4208 2447 4264; x_wconf 84' lang='lat' dir='ltr'><strong>manifesta</strong></span> <span class='ocrx_word' id='word_1_700' title='bbox 2483 4210 2540 4263; x_wconf 82' lang='lat' dir='ltr'><strong>fit</strong></span> <span class='ocrx_word' id='word_1_701' title='bbox 2577 4201 2864 4266; x_wconf 81' lang='lat' dir='ltr'><strong>Trinitatis</strong></span> <span class='ocrx_word' id='word_1_702' title='bbox 2905 4211 3207 4279; x_wconf 86' lang='lat' dir='ltr'><strong>confessio,</strong></span> <span class='ocrx_word' id='word_1_703' title='bbox 3229 4224 3283 4269; x_wconf 92' lang='lat' dir='ltr'><strong>et</strong></span> <span class='ocrx_word' id='word_1_704' title='bbox 3316 4216 3555 4284; x_wconf 79' lang='lat' dir='ltr'><strong>Spiritus</strong></span> 
     </span>
    </p>
   </div>
   <div class='ocr_carea' id='block_1_91' title="bbox 1963 4301 3554 4375">
    <p class='ocr_par' dir='ltr' id='par_1_91' title="bbox 1963 4301 3554 4375">
     <span class='ocr_line' id='line_1_91' title="bbox 1963 4301 3554 4375; baseline 0.006 -20"><span class='ocrx_word' id='word_1_705' title='bbox 1963 4310 2193 4357; x_wconf 87' lang='lat' dir='ltr'><strong>sanctus</strong></span> <span class='ocrx_word' id='word_1_706' title='bbox 2229 4302 2281 4355; x_wconf 89' lang='lat' dir='ltr'><strong>in</strong></span> <span class='ocrx_word' id='word_1_707' title='bbox 2314 4302 2428 4369; x_wconf 86' lang='lat' dir='ltr'><strong>ipsa</strong></span> <span class='ocrx_word' id='word_1_708' title='bbox 2459 4301 2705 4371; x_wconf 82' lang='lat' dir='ltr'><strong>loquitur</strong></span> <span class='ocrx_word' id='word_1_709' title='bbox 2735 4302 3002 4358; x_wconf 68' lang='lat' dir='ltr'><strong>Ecclesia.</strong></span> <span class='ocrx_word' id='word_1_710' title='bbox 3035 4303 3380 4375; x_wconf 82' lang='lat' dir='ltr'><strong>Quapropter</strong></span> <span class='ocrx_word' id='word_1_711' title='bbox 3441 4318 3554 4364; x_wconf 89' lang='lat' dir='ltr'><strong>tres</strong></span> 
     </span>
    </p>
   </div>
   <div class='ocr_carea' id='block_1_92' title="bbox 1964 4393 3550 4465">
    <p class='ocr_par' dir='ltr' id='par_1_92' title="bbox 1964 4393 3550 4465">
     <span class='ocr_line' id='line_1_92' title="bbox 1964 4393 3550 4465; baseline 0.003 -16"><span class='ocrx_word' id='word_1_712' title='bbox 1964 4394 2279 4465; x_wconf 71' lang='lat' dir='ltr'><strong>congregati</strong></span> <span class='ocrx_word' id='word_1_713' title='bbox 2308 4395 2360 4447; x_wconf 91' lang='lat' dir='ltr'><strong>in</strong></span> <span class='ocrx_word' id='word_1_714' title='bbox 2392 4395 2611 4449; x_wconf 88' lang='lat' dir='ltr'><strong>nomine</strong></span> <span class='ocrx_word' id='word_1_715' title='bbox 2640 4393 2770 4449; x_wconf 83' lang='lat' dir='ltr'><strong>Jesu</strong></span> <span class='ocrx_word' id='word_1_716' title='bbox 2799 4395 3006 4451; x_wconf 84' lang='lat' dir='ltr'><strong>Christi</strong></span> <span class='ocrx_word' id='word_1_717' title='bbox 3037 4397 3214 4465; x_wconf 88' lang='lat' dir='ltr'><strong>ipsmn</strong></span> <span class='ocrx_word' id='word_1_718' title='bbox 3254 4399 3457 4454; x_wconf 89' lang='lat' dir='ltr'><strong>habent</strong></span> <span class='ocrx_word' id='word_1_719' title='bbox 3494 4400 3550 4455; x_wconf 91' lang='lat' dir='ltr'><strong>in</strong></span> 
     </span>
    </p>
   </div>
   <div class='ocr_carea' id='block_1_93' title="bbox 278 4479 1859 4568">
    <p class='ocr_par' dir='ltr' id='par_1_93' title="bbox 278 4494 1856 4568">
     <span class='ocr_line' id='line_1_93' title="bbox 278 4494 1856 4568; baseline 0.002 -20"><span class='ocrx_word' id='word_1_720' title='bbox 278 4495 404 4567; x_wconf 70' lang='grc' dir='ltr'>ἐσχε</span> <span class='ocrx_word' id='word_1_721' title='bbox 437 4495 537 4567; x_wconf 78' lang='grc' dir='ltr'>τὴν</span> <span class='ocrx_word' id='word_1_722' title='bbox 559 4494 625 4549; x_wconf 84' lang='grc' dir='ltr'><strong>δι’</strong></span> <span class='ocrx_word' id='word_1_723' title='bbox 648 4495 1042 4564; x_wconf 76' lang='grc' dir='ltr'>ἀποκαλύψεως</span> <span class='ocrx_word' id='word_1_724' title='bbox 1075 4498 1368 4566; x_wconf 78' lang='grc' dir='ltr'>ὁμολογίαν</span> <span class='ocrx_word' id='word_1_725' title='bbox 1401 4497 1493 4559; x_wconf 81' lang='grc' dir='ltr'><strong>τοῦ</strong></span> <span class='ocrx_word' id='word_1_726' title='bbox 1528 4497 1757 4568; x_wconf 80' lang='grc' dir='ltr'>Πέτρου,</span> <span class='ocrx_word' id='word_1_727' title='bbox 1787 4495 1856 4551; x_wconf 78' lang='grc' dir='ltr'><strong>δι’</strong></span> 
     </span>
    </p>
   </div>
   <div class='ocr_carea' id='block_1_94' title="bbox 1962 4479 3551 4568">
    <p class='ocr_par' dir='ltr' id='par_1_94' title="bbox 1966 4488 3551 4566">
     <span class='ocr_line' id='line_1_94' title="bbox 1966 4488 3551 4566; baseline 0.004 -24"><span class='ocrx_word' id='word_1_728' title='bbox 1966 4489 2189 4555; x_wconf 88' lang='lat' dir='ltr'><strong>medio;</strong></span> <span class='ocrx_word' id='word_1_729' title='bbox 2236 4497 2289 4542; x_wconf 85' lang='lat' dir='ltr'><strong>et</strong></span> <span class='ocrx_word' id='word_1_730' title='bbox 2340 4488 2435 4555; x_wconf 87' lang='lat' dir='ltr'><strong>qui</strong></span> <span class='ocrx_word' id='word_1_731' title='bbox 2476 4488 2654 4559; x_wconf 80' lang='lat' dir='ltr'><strong>diligit</strong></span> <span class='ocrx_word' id='word_1_732' title='bbox 2689 4489 2970 4545; x_wconf 77' lang='lat' dir='ltr'><strong>Christum</strong></span> <span class='ocrx_word' id='word_1_733' title='bbox 3002 4492 3054 4545; x_wconf 91' lang='lat' dir='ltr'><strong>in</strong></span> <span class='ocrx_word' id='word_1_734' title='bbox 3091 4492 3298 4561; x_wconf 85' lang='lat' dir='ltr'><strong>Spiritu</strong></span> <span class='ocrx_word' id='word_1_735' title='bbox 3332 4495 3507 4566; x_wconf 75' lang='lat' dir='ltr'><strong>diligit</strong></span> <span class='ocrx_word' id='word_1_736' title='bbox 3536 4513 3551 4563; x_wconf 89' lang='lat'>;</span> 
     </span>
    </p>
   </div>
   <div class='ocr_carea' id='block_1_95' title="bbox 278 4581 1864 4659">
    <p class='ocr_par' dir='ltr' id='par_1_95' title="bbox 278 4581 1864 4659">
     <span class='ocr_line' id='line_1_95' title="bbox 278 4581 1864 4659; baseline 0.003 -20"><span class='ocrx_word' id='word_1_737' title='bbox 278 4587 345 4657; x_wconf 82' lang='grc' dir='ltr'>ἠν</span> <span class='ocrx_word' id='word_1_738' title='bbox 374 4589 469 4640; x_wconf 73' lang='grc' dir='ltr'>καὶ</span> <span class='ocrx_word' id='word_1_739' title='bbox 504 4588 705 4657; x_wconf 81' lang='grc' dir='ltr'>Πέτρος</span> <span class='ocrx_word' id='word_1_740' title='bbox 736 4581 891 4652; x_wconf 73' lang='grc' dir='ltr'>οὗτος</span> <span class='ocrx_word' id='word_1_741' title='bbox 917 4588 1253 4658; x_wconf 79' lang='grc' dir='ltr'>ὠνόμασται,</span> <span class='ocrx_word' id='word_1_742' title='bbox 1286 4589 1369 4656; x_wconf 72' lang='grc' dir='ltr'><strong>τὸ,</strong></span> <span class='ocrx_word' id='word_1_743' title='bbox 1403 4606 1424 4641; x_wconf 80' lang='grc' dir='ltr'><strong>ι</strong></span> <span class='ocrx_word' id='word_1_744' title='bbox 1469 4588 1540 4642; x_wconf 74' lang='grc' dir='ltr'><strong>Σὺ</strong></span> <span class='ocrx_word' id='word_1_745' title='bbox 1573 4586 1627 4642; x_wconf 81' lang='grc' dir='ltr'>εἷ</span> <span class='ocrx_word' id='word_1_746' title='bbox 1660 4592 1688 4643; x_wconf 85' lang='grc' dir='ltr'>ὁ</span> <span class='ocrx_word' id='word_1_747' title='bbox 1729 4590 1864 4659; x_wconf 87' lang='grc' dir='ltr'>Χρι-</span> 
     </span>
    </p>
   </div>
   <div class='ocr_carea' id='block_1_96' title="bbox 280 4678 1861 4752">
    <p class='ocr_par' dir='ltr' id='par_1_96' title="bbox 280 4678 1861 4752">
     <span class='ocr_line' id='line_1_96' title="bbox 280 4678 1861 4752; baseline -0.001 -18"><span class='ocrx_word' id='word_1_748' title='bbox 280 4681 403 4744; x_wconf 75' lang='grc' dir='ltr'>στὸς</span> <span class='ocrx_word' id='word_1_749' title='bbox 431 4682 462 4733; x_wconf 83' lang='grc' dir='ltr'><em>ὁ</em></span> <span class='ocrx_word' id='word_1_750' title='bbox 494 4680 620 4743; x_wconf 78' lang='grc' dir='ltr'>Υίδς</span> <span class='ocrx_word' id='word_1_751' title='bbox 655 4679 747 4734; x_wconf 89' lang='grc' dir='ltr'><strong>τοῦ</strong></span> <span class='ocrx_word' id='word_1_752' title='bbox 782 4680 917 4734; x_wconf 71' lang='grc' dir='ltr'>Θεοῦ</span> <span class='ocrx_word' id='word_1_753' title='bbox 946 4680 1040 4734; x_wconf 81' lang='grc' dir='ltr'><strong>τοῦ</strong></span> <span class='ocrx_word' id='word_1_754' title='bbox 1075 4678 1296 4744; x_wconf 81' lang='grc' dir='ltr'>ζῶντος.</span> <span class='ocrx_word' id='word_1_755' title='bbox 1338 4699 1357 4732; x_wconf 71' lang='grc' dir='ltr'><strong>ι</strong></span> <span class='ocrx_word' id='word_1_756' title='bbox 1388 4680 1538 4752; x_wconf 84' lang='grc' dir='ltr'><strong>Λὺτη</strong></span> <span class='ocrx_word' id='word_1_757' title='bbox 1572 4682 1683 4751; x_wconf 86' lang='grc' dir='ltr'><strong>γάρ</strong></span> <span class='ocrx_word' id='word_1_758' title='bbox 1711 4683 1861 4735; x_wconf 77' lang='grc' dir='ltr'>ἐστιν</span> 
     </span>
    </p>
   </div>
   <div class='ocr_carea' id='block_1_97' title="bbox 281 4772 1863 4845">
    <p class='ocr_par' dir='ltr' id='par_1_97' title="bbox 281 4772 1863 4845">
     <span class='ocr_line' id='line_1_97' title="bbox 281 4772 1863 4845; baseline 0 -18"><span class='ocrx_word' id='word_1_759' title='bbox 281 4774 439 4843; x_wconf 79' lang='grc' dir='ltr'>ήμῶν</span> <span class='ocrx_word' id='word_1_760' title='bbox 472 4773 503 4827; x_wconf 81' lang='grc' dir='ltr'>ὁ</span> <span class='ocrx_word' id='word_1_761' title='bbox 527 4772 776 4842; x_wconf 76' lang='grc' dir='ltr'>θεμέλιος</span> <span class='ocrx_word' id='word_1_762' title='bbox 804 4773 907 4842; x_wconf 85' lang='grc' dir='ltr'>τῆς</span> <span class='ocrx_word' id='word_1_763' title='bbox 937 4772 1173 4842; x_wconf 84' lang='grc' dir='ltr'>ἀληθοῦς</span> <span class='ocrx_word' id='word_1_764' title='bbox 1212 4774 1529 4843; x_wconf 85' lang='grc' dir='ltr'>ὁμολογίας,</span> <span class='ocrx_word' id='word_1_765' title='bbox 1560 4773 1630 4825; x_wconf 79' lang='grc' dir='ltr'><strong>δι’</strong></span> <span class='ocrx_word' id='word_1_766' title='bbox 1655 4775 1720 4845; x_wconf 83' lang='grc' dir='ltr'>ἣν</span> <span class='ocrx_word' id='word_1_767' title='bbox 1766 4773 1863 4827; x_wconf 71' lang='grc' dir='ltr'>καὶ</span> 
     </span>
    </p>
   </div>
   <div class='ocr_carea' id='block_1_98' title="bbox 279 4861 1864 4934">
    <p class='ocr_par' dir='ltr' id='par_1_98' title="bbox 279 4861 1864 4934">
     <span class='ocr_line' id='line_1_98' title="bbox 279 4861 1864 4934; baseline -0.001 -16"><span class='ocrx_word' id='word_1_768' title='bbox 279 4863 556 4929; x_wconf 48' lang='lat' dir='ltr'><strong>uorago;</strong></span> <span class='ocrx_word' id='word_1_769' title='bbox 585 4863 737 4934; x_wconf 74' lang='grc' dir='ltr'>παρὰ</span> <span class='ocrx_word' id='word_1_770' title='bbox 758 4861 861 4916; x_wconf 82' lang='grc' dir='ltr'><strong>τοῦ</strong></span> <span class='ocrx_word' id='word_1_771' title='bbox 878 4863 1094 4933; x_wconf 83' lang='grc' dir='ltr'>Πατρὸς</span> <span class='ocrx_word' id='word_1_772' title='bbox 1123 4861 1334 4930; x_wconf 81' lang='grc' dir='ltr'>μαθὼν,</span> <span class='ocrx_word' id='word_1_773' title='bbox 1358 4863 1746 4933; x_wconf 78' lang='grc' dir='ltr'>μακαρίζεται,</span> <span class='ocrx_word' id='word_1_774' title='bbox 1766 4862 1864 4916; x_wconf 65' lang='grc' dir='ltr'><strong>καὶ</strong></span> 
     </span>
    </p>
   </div>
   <div class='ocr_carea' id='block_1_99' title="bbox 278 4951 1859 5031">
    <p class='ocr_par' dir='ltr' id='par_1_99' title="bbox 278 4951 1859 5031">
     <span class='ocr_line' id='line_1_99' title="bbox 278 4951 1859 5031; baseline 0.001 -27"><span class='ocrx_word' id='word_1_775' title='bbox 278 4954 329 5004; x_wconf 71' lang='lat' dir='ltr'><strong>ot</strong></span> <span class='ocrx_word' id='word_1_776' title='bbox 378 4951 591 5020; x_wconf 86' lang='grc' dir='ltr'>ταύτην</span> <span class='ocrx_word' id='word_1_777' title='bbox 624 4951 877 5014; x_wconf 76' lang='grc' dir='ltr'>λαϐόντες</span> <span class='ocrx_word' id='word_1_778' title='bbox 906 4953 1090 5020; x_wconf 77' lang='grc' dir='ltr'>ἡμεῖς,</span> <span class='ocrx_word' id='word_1_779' title='bbox 1113 4954 1323 5016; x_wconf 82' lang='grc' dir='ltr'>ἀσινεῖς</span> <span class='ocrx_word' id='word_1_780' title='bbox 1358 4952 1815 5031; x_wconf 81' lang='grc' dir='ltr'>διαφυλαχθέντες</span> <span class='ocrx_word' id='word_1_781' title='bbox 1842 4991 1859 5018; x_wconf 94' lang='grc'><strong>,</strong></span> 
     </span>
    </p>
   </div>
   <div class='ocr_carea' id='block_1_100' title="bbox 280 5042 1862 5115">
    <p class='ocr_par' dir='ltr' id='par_1_100' title="bbox 280 5042 1862 5115">
     <span class='ocr_line' id='line_1_100' title="bbox 280 5042 1862 5115; baseline 0.003 -21"><span class='ocrx_word' id='word_1_782' title='bbox 280 5042 930 5115; x_wconf 58' lang='grc' dir='ltr'>ἐποικοδομηθέντεςμ</span> <span class='ocrx_word' id='word_1_783' title='bbox 967 5044 1059 5096; x_wconf 76' lang='grc' dir='ltr'>ἐπὶ</span> <span class='ocrx_word' id='word_1_784' title='bbox 1091 5044 1168 5115; x_wconf 85' lang='grc' dir='ltr'>τῷ</span> <span class='ocrx_word' id='word_1_785' title='bbox 1209 5044 1447 5113; x_wconf 82' lang='grc' dir='ltr'>θεμελίῳ</span> <span class='ocrx_word' id='word_1_786' title='bbox 1488 5045 1598 5097; x_wconf 85' lang='grc' dir='ltr'><strong>τῶν</strong></span> <span class='ocrx_word' id='word_1_787' title='bbox 1630 5046 1862 5098; x_wconf 76' lang='grc' dir='ltr'>ἀποστό-</span> 
     </span>
    </p>
   </div>
   <div class='ocr_carea' id='block_1_101' title="bbox 280 5136 1860 5208">
    <p class='ocr_par' dir='ltr' id='par_1_101' title="bbox 280 5136 1860 5208">
     <span class='ocr_line' id='line_1_101' title="bbox 280 5136 1860 5208; baseline 0.001 -20"><span class='ocrx_word' id='word_1_788' title='bbox 280 5136 388 5191; x_wconf 88' lang='grc' dir='ltr'><strong>λων</strong></span> <span class='ocrx_word' id='word_1_789' title='bbox 407 5137 506 5190; x_wconf 76' lang='grc' dir='ltr'><strong>καὶ</strong></span> <span class='ocrx_word' id='word_1_790' title='bbox 534 5136 857 5208; x_wconf 84' lang='grc' dir='ltr'>προφητῶν,</span> <span class='ocrx_word' id='word_1_791' title='bbox 880 5139 1033 5202; x_wconf 80' lang='grc' dir='ltr'>ὑντος</span> <span class='ocrx_word' id='word_1_792' title='bbox 1055 5137 1460 5208; x_wconf 76' lang='grc' dir='ltr'>ἀκρογωνιαίου</span> <span class='ocrx_word' id='word_1_793' title='bbox 1483 5138 1648 5189; x_wconf 83' lang='grc' dir='ltr'>αὑτοῦ</span> <span class='ocrx_word' id='word_1_794' title='bbox 1684 5136 1860 5207; x_wconf 83' lang='grc' dir='ltr'>Ἰησοῦ</span> 
     </span>
    </p>
   </div>
   <div class='ocr_carea' id='block_1_102' title="bbox 280 5226 1863 5298">
    <p class='ocr_par' dir='ltr' id='par_1_102' title="bbox 280 5226 1863 5298">
     <span class='ocr_line' id='line_1_102' title="bbox 280 5226 1863 5298; baseline -0.001 -18"><span class='ocrx_word' id='word_1_795' title='bbox 280 5226 544 5297; x_wconf 75' lang='grc' dir='ltr'>Χριστοῦ,</span> <span class='ocrx_word' id='word_1_796' title='bbox 591 5226 641 5280; x_wconf 79' lang='grc' dir='ltr'>οἳ</span> <span class='ocrx_word' id='word_1_797' title='bbox 676 5229 1095 5298; x_wconf 81' lang='grc' dir='ltr'>κατοικητήριον</span> <span class='ocrx_word' id='word_1_798' title='bbox 1139 5227 1467 5297; x_wconf 69' lang='grc' dir='ltr'>Πνεῦματὸς,</span> <span class='ocrx_word' id='word_1_799' title='bbox 1484 5227 1672 5296; x_wconf 79' lang='grc' dir='ltr'>ἐσμεν.</span> <span class='ocrx_word' id='word_1_800' title='bbox 1704 5245 1723 5278; x_wconf 76' lang='grc' dir='ltr'><strong>ι</strong></span> <span class='ocrx_word' id='word_1_801' title='bbox 1774 5227 1863 5279; x_wconf 87' lang='grc' dir='ltr'><strong>Ἐν</strong></span> 
     </span>
    </p>
   </div>
   <div class='ocr_carea' id='block_1_103' title="bbox 281 5311 1864 5389">
    <p class='ocr_par' dir='ltr' id='par_1_103' title="bbox 281 5311 1864 5389">
     <span class='ocr_line' id='line_1_103' title="bbox 281 5311 1864 5389; baseline 0 -16"><span class='ocrx_word' id='word_1_802' title='bbox 281 5311 325 5384; x_wconf 82' lang='grc' dir='ltr'>ᾧ</span> <span class='ocrx_word' id='word_1_803' title='bbox 356 5319 451 5373; x_wconf 73' lang='grc' dir='ltr'><strong>καὶ</strong></span> <span class='ocrx_word' id='word_1_804' title='bbox 480 5319 641 5389; x_wconf 84' lang='grc' dir='ltr'>ὑμεῖς</span> <span class='ocrx_word' id='word_1_805' title='bbox 676 5318 1171 5388; x_wconf 84' lang='grc' dir='ltr'>συνοικοδομεῖσθε,</span> <span class='ocrx_word' id='word_1_806' title='bbox 1205 5337 1223 5370; x_wconf 73' lang='grc' dir='ltr'><strong>ι</strong></span> <span class='ocrx_word' id='word_1_807' title='bbox 1253 5319 1464 5382; x_wconf 85' lang='grc' dir='ltr'>Παῦλός</span> <span class='ocrx_word' id='word_1_808' title='bbox 1495 5335 1686 5388; x_wconf 86' lang='grc' dir='ltr'>φησιν,</span> <span class='ocrx_word' id='word_1_809' title='bbox 1730 5337 1747 5370; x_wconf 82' lang='grc' dir='ltr'><strong>ι</strong></span> <span class='ocrx_word' id='word_1_810' title='bbox 1781 5320 1864 5384; x_wconf 84' lang='grc' dir='ltr'><strong>είς</strong></span> 
     </span>
    </p>
   </div>
   <div class='ocr_carea' id='block_1_104' title="bbox 281 5411 1864 5482">
    <p class='ocr_par' dir='ltr' id='par_1_104' title="bbox 281 5411 1864 5482">
     <span class='ocr_line' id='line_1_104' title="bbox 281 5411 1864 5482; baseline 0.002 -19"><span class='ocrx_word' id='word_1_811' title='bbox 281 5413 703 5482; x_wconf 77' lang='grc' dir='ltr'>κατοικητήριον</span> <span class='ocrx_word' id='word_1_812' title='bbox 736 5411 832 5464; x_wconf 83' lang='grc' dir='ltr'><strong>τοῦ</strong></span> <span class='ocrx_word' id='word_1_813' title='bbox 855 5411 989 5465; x_wconf 86' lang='grc' dir='ltr'>Θεοῦ</span> <span class='ocrx_word' id='word_1_814' title='bbox 1026 5416 1085 5465; x_wconf 75' lang='grc' dir='ltr'>ὲν</span> <span class='ocrx_word' id='word_1_815' title='bbox 1113 5412 1418 5482; x_wconf 80' lang='grc' dir='ltr'>Πνεῦματι.</span> <span class='ocrx_word' id='word_1_816' title='bbox 1456 5430 1476 5464; x_wconf 72' lang='grc' dir='ltr'><strong>ι</strong></span> <span class='ocrx_word' id='word_1_817' title='bbox 1517 5411 1752 5481; x_wconf 83' lang='grc' dir='ltr'>Ὀρᾶτε;</span> <span class='ocrx_word' id='word_1_818' title='bbox 1794 5411 1864 5466; x_wconf 86' lang='grc' dir='ltr'><strong><em>Ἥ</em></strong></span> 
     </span>
    </p>
   </div>
   <div class='ocr_carea' id='block_1_105' title="bbox 293 5500 1864 5580">
    <p class='ocr_par' dir='ltr' id='par_1_105' title="bbox 293 5500 1864 5580">
     <span class='ocr_line' id='line_1_105' title="bbox 293 5500 1864 5580; baseline 0 -22"><span class='ocrx_word' id='word_1_819' title='bbox 293 5505 590 5575; x_wconf 78' lang='grc' dir='ltr'>Ἐκκλησία</span> <span class='ocrx_word' id='word_1_820' title='bbox 622 5504 765 5573; x_wconf 79' lang='grc' dir='ltr'>αὕτη</span> <span class='ocrx_word' id='word_1_821' title='bbox 817 5507 875 5557; x_wconf 83' lang='grc' dir='ltr'>ὲν</span> <span class='ocrx_word' id='word_1_822' title='bbox 915 5508 979 5576; x_wconf 80' lang='grc' dir='ltr'>τῇ</span> <span class='ocrx_word' id='word_1_823' title='bbox 1024 5506 1218 5577; x_wconf 70' lang='grc' dir='ltr'>Τρ,ιάδι</span> <span class='ocrx_word' id='word_1_824' title='bbox 1253 5506 1572 5576; x_wconf 68' lang='grc' dir='ltr'>ἐγήγερταιο</span> <span class='ocrx_word' id='word_1_825' title='bbox 1602 5507 1660 5558; x_wconf 73' lang='grc' dir='ltr'>ἐν</span> <span class='ocrx_word' id='word_1_826' title='bbox 1768 5505 1864 5559; x_wconf 63' lang='grc' dir='ltr'><strong>καὶ¹</strong></span> 
     </span>
    </p>
   </div>
   <div class='ocr_carea' id='block_1_106' title="bbox 283 5596 1863 5668">
    <p class='ocr_par' dir='ltr' id='par_1_106' title="bbox 283 5596 1863 5668">
     <span class='ocr_line' id='line_1_106' title="bbox 283 5596 1863 5668; baseline 0 -20"><span class='ocrx_word' id='word_1_827' title='bbox 283 5597 442 5664; x_wconf 85' lang='grc' dir='ltr'>ὑμεῖς</span> <span class='ocrx_word' id='word_1_828' title='bbox 464 5600 546 5668; x_wconf 79' lang='grc' dir='ltr'>τῷ</span> <span class='ocrx_word' id='word_1_829' title='bbox 575 5597 800 5668; x_wconf 80' lang='grc' dir='ltr'>Χριστῷ</span> <span class='ocrx_word' id='word_1_830' title='bbox 843 5597 1022 5667; x_wconf 72' lang='grc' dir='ltr'>Ἰησοῦ</span> <span class='ocrx_word' id='word_1_831' title='bbox 1056 5598 1552 5666; x_wconf 81' lang='grc' dir='ltr'>συνοικοδομεῖσθε,</span> <span class='ocrx_word' id='word_1_832' title='bbox 1587 5614 1607 5646; x_wconf 76' lang='grc' dir='ltr'>«ι</span> <span class='ocrx_word' id='word_1_833' title='bbox 1650 5596 1863 5659; x_wconf 62' lang='lat' dir='ltr'><strong>nam;</strong></span> 
     </span>
    </p>
   </div>
   <div class='ocr_carea' id='block_1_107' title="bbox 283 5688 1863 5760">
    <p class='ocr_par' dir='ltr' id='par_1_107' title="bbox 283 5688 1863 5760">
     <span class='ocr_line' id='line_1_107' title="bbox 283 5688 1863 5760; baseline 0 -19"><span class='ocrx_word' id='word_1_834' title='bbox 283 5704 486 5756; x_wconf 75' lang='grc' dir='ltr'>φησιν,</span> <span class='ocrx_word' id='word_1_835' title='bbox 530 5689 683 5758; x_wconf 82' lang='grc' dir='ltr'>αὑτῷ</span> <span class='ocrx_word' id='word_1_836' title='bbox 726 5689 803 5758; x_wconf 79' lang='grc' dir='ltr'>τῷ</span> <span class='ocrx_word' id='word_1_837' title='bbox 844 5688 958 5759; x_wconf 56' lang='lat' dir='ltr'><strong>Titii</strong></span> <span class='ocrx_word' id='word_1_838' title='bbox 992 5689 1216 5760; x_wconf 79' lang='grc' dir='ltr'>δηλαδὴ,</span> <span class='ocrx_word' id='word_1_839' title='bbox 1249 5707 1267 5738; x_wconf 82' lang='grc' dir='ltr'><strong>ι</strong></span> <span class='ocrx_word' id='word_1_840' title='bbox 1314 5691 1393 5749; x_wconf 88' lang='grc' dir='ltr'>εἰς</span> <span class='ocrx_word' id='word_1_841' title='bbox 1438 5691 1863 5758; x_wconf 75' lang='grc' dir='ltr'>κατοικητήριον</span> 
     </span>
    </p>
   </div>
   <div class='ocr_carea' id='block_1_108' title="bbox 282 5778 1862 5851">
    <p class='ocr_par' dir='ltr' id='par_1_108' title="bbox 282 5778 1862 5851">
     <span class='ocr_line' id='line_1_108' title="bbox 282 5778 1862 5851; baseline 0.001 -18"><span class='ocrx_word' id='word_1_842' title='bbox 282 5781 377 5834; x_wconf 81' lang='grc' dir='ltr'><strong>τοῦ</strong></span> <span class='ocrx_word' id='word_1_843' title='bbox 406 5778 564 5850; x_wconf 78' lang='grc' dir='ltr'>Θεοῦ,</span> <span class='ocrx_word' id='word_1_844' title='bbox 606 5800 625 5832; x_wconf 70' lang='grc' dir='ltr'><strong>ι</strong></span> <span class='ocrx_word' id='word_1_845' title='bbox 663 5781 781 5851; x_wconf 72' lang='grc' dir='ltr'>ἦτοι</span> <span class='ocrx_word' id='word_1_846' title='bbox 815 5780 910 5834; x_wconf 89' lang='grc' dir='ltr'><strong>τοῦ</strong></span> <span class='ocrx_word' id='word_1_847' title='bbox 952 5783 1182 5851; x_wconf 70' lang='grc' dir='ltr'>Πατρδς,</span> <span class='ocrx_word' id='word_1_848' title='bbox 1214 5799 1231 5832; x_wconf 82' lang='grc' dir='ltr'><strong>ι</strong></span> <span class='ocrx_word' id='word_1_849' title='bbox 1274 5785 1331 5835; x_wconf 80' lang='grc' dir='ltr'>ὲν</span> <span class='ocrx_word' id='word_1_850' title='bbox 1363 5779 1666 5849; x_wconf 75' lang='grc' dir='ltr'>ιινεῦματι.</span> <span class='ocrx_word' id='word_1_851' title='bbox 1706 5798 1723 5831; x_wconf 73' lang='grc' dir='ltr'><strong>ι</strong></span> <span class='ocrx_word' id='word_1_852' title='bbox 1756 5780 1862 5835; x_wconf 79' lang='grc' dir='ltr'><strong>Φα-</strong></span> 
     </span>
    </p>
   </div>
   <div class='ocr_carea' id='block_1_109' title="bbox 1974 4580 3552 4649">
    <p class='ocr_par' dir='ltr' id='par_1_109' title="bbox 1974 4580 3552 4649">
     <span class='ocr_line' id='line_1_109' title="bbox 1974 4580 3552 4649; baseline 0.006 -17"><span class='ocrx_word' id='word_1_853' title='bbox 1974 4599 1993 4632; x_wconf 80' lang='grc' dir='ltr'><strong>ι</strong></span> <span class='ocrx_word' id='word_1_854' title='bbox 2025 4580 2196 4633; x_wconf 83' lang='lat' dir='ltr'><strong>Nemo</strong></span> <span class='ocrx_word' id='word_1_855' title='bbox 2221 4580 2365 4632; x_wconf 90' lang='lat' dir='ltr'><strong>enim</strong></span> <span class='ocrx_word' id='word_1_856' title='bbox 2404 4589 2585 4649; x_wconf 87' lang='lat' dir='ltr'><strong>potest</strong></span> <span class='ocrx_word' id='word_1_857' title='bbox 2608 4583 2787 4636; x_wconf 87' lang='lat' dir='ltr'><strong>dicere</strong></span> <span class='ocrx_word' id='word_1_858' title='bbox 2823 4581 3114 4636; x_wconf 87' lang='lat' dir='ltr'><strong>Dominum</strong></span> <span class='ocrx_word' id='word_1_859' title='bbox 3151 4582 3336 4639; x_wconf 84' lang='lat' dir='ltr'><strong>Jesum</strong></span> <span class='ocrx_word' id='word_1_860' title='bbox 3362 4588 3466 4639; x_wconf 88' lang='lat' dir='ltr'><strong>nisi</strong></span> <span class='ocrx_word' id='word_1_861' title='bbox 3499 4587 3552 4641; x_wconf 91' lang='lat' dir='ltr'><strong>in</strong></span> 
     </span>
    </p>
   </div>
   <div class='ocr_carea' id='block_1_110' title="bbox 1966 4672 3555 4748">
    <p class='ocr_par' dir='ltr' id='par_1_110' title="bbox 1966 4672 3555 4748">
     <span class='ocr_line' id='line_1_110' title="bbox 1966 4672 3555 4748; baseline 0.004 -21"><span class='ocrx_word' id='word_1_862' title='bbox 1966 4683 2159 4729; x_wconf 86' lang='lat' dir='ltr'><strong>sancto</strong></span> <span class='ocrx_word' id='word_1_863' title='bbox 2203 4672 2410 4742; x_wconf 80' lang='lat' dir='ltr'><strong>Spiritu</strong></span> <span class='ocrx_word' id='word_1_864' title='bbox 2447 4692 2465 4724; x_wconf 74' lang='grc' dir='ltr'><strong>ι</strong></span> <span class='ocrx_word' id='word_1_865' title='bbox 2501 4683 2588 4728; x_wconf 85' lang='lat' dir='ltr'><strong>est</strong></span> <span class='ocrx_word' id='word_1_866' title='bbox 2621 4689 2746 4729; x_wconf 89' lang='lat' dir='ltr'><strong>cum</strong></span> <span class='ocrx_word' id='word_1_867' title='bbox 2783 4673 2947 4730; x_wconf 80' lang='lat' dir='ltr'><strong>Patre</strong></span> <span class='ocrx_word' id='word_1_868' title='bbox 2977 4684 3032 4730; x_wconf 91' lang='lat' dir='ltr'><strong>et</strong></span> <span class='ocrx_word' id='word_1_869' title='bbox 3078 4675 3218 4731; x_wconf 86' lang='lat' dir='ltr'><strong>Filio</strong></span> <span class='ocrx_word' id='word_1_870' title='bbox 3247 4686 3305 4731; x_wconf 90' lang='lat' dir='ltr'><strong>et</strong></span> <span class='ocrx_word' id='word_1_871' title='bbox 3338 4680 3555 4748; x_wconf 84' lang='lat' dir='ltr'><strong>Spiritu</strong></span> 
     </span>
    </p>
   </div>
   <div class='ocr_carea' id='block_1_111' title="bbox 1965 4752 3553 4840">
    <p class='ocr_par' dir='ltr' id='par_1_111' title="bbox 1965 4752 3553 4840">
     <span class='ocr_line' id='line_1_111' title="bbox 1965 4752 3553 4840; baseline 0.004 -20"><span class='ocrx_word' id='word_1_872' title='bbox 1965 4752 2181 4830; x_wconf 85' lang='lat' dir='ltr'><strong>sancto,</strong></span> <span class='ocrx_word' id='word_1_873' title='bbox 2217 4775 2274 4819; x_wconf 88' lang='lat' dir='ltr'><strong>et</strong></span> <span class='ocrx_word' id='word_1_874' title='bbox 2326 4764 2568 4820; x_wconf 85' lang='lat' dir='ltr'><strong>Trinitas</strong></span> <span class='ocrx_word' id='word_1_875' title='bbox 2599 4767 2651 4820; x_wconf 91' lang='lat' dir='ltr'><strong>in</strong></span> <span class='ocrx_word' id='word_1_876' title='bbox 2680 4782 2745 4822; x_wconf 88' lang='lat' dir='ltr'><strong>eo</strong></span> <span class='ocrx_word' id='word_1_877' title='bbox 2776 4776 2883 4830; x_wconf 88' lang='lat' dir='ltr'><strong>est,</strong></span> <span class='ocrx_word' id='word_1_878' title='bbox 2910 4784 3019 4822; x_wconf 88' lang='lat' dir='ltr'><strong>non</strong></span> <span class='ocrx_word' id='word_1_879' title='bbox 3053 4780 3249 4824; x_wconf 88' lang='lat' dir='ltr'><strong>natura</strong></span> <span class='ocrx_word' id='word_1_880' title='bbox 3302 4773 3553 4840; x_wconf 84' lang='lat' dir='ltr'><strong>quidem,</strong></span> 
     </span>
    </p>
   </div>
   <div class='ocr_carea' id='block_1_112' title="bbox 1967 4858 3557 4930">
    <p class='ocr_par' dir='ltr' id='par_1_112' title="bbox 1967 4858 3557 4930">
     <span class='ocr_line' id='line_1_112' title="bbox 1967 4858 3557 4930; baseline 0.003 -15"><span class='ocrx_word' id='word_1_881' title='bbox 1967 4859 2060 4915; x_wconf 83' lang='lat' dir='ltr'><strong>sed</strong></span> <span class='ocrx_word' id='word_1_882' title='bbox 2103 4860 2301 4930; x_wconf 80' lang='lat' dir='ltr'><strong>gratia.</strong></span> <span class='ocrx_word' id='word_1_883' title='bbox 2340 4878 2357 4910; x_wconf 81' lang='grc' dir='ltr'><strong>ι</strong></span> <span class='ocrx_word' id='word_1_884' title='bbox 2402 4858 2515 4930; x_wconf 82' lang='lat' dir='ltr'><strong>Ego</strong></span> <span class='ocrx_word' id='word_1_885' title='bbox 2541 4859 2709 4924; x_wconf 85' lang='lat' dir='ltr'><strong>cnim,</strong></span> <span class='ocrx_word' id='word_1_886' title='bbox 2743 4859 2941 4930; x_wconf 86' lang='lat' dir='ltr'><strong>inquit,</strong></span> <span class='ocrx_word' id='word_1_887' title='bbox 2981 4872 3035 4916; x_wconf 89' lang='lat' dir='ltr'><strong>et</strong></span> <span class='ocrx_word' id='word_1_888' title='bbox 3064 4860 3227 4916; x_wconf 84' lang='lat' dir='ltr'><strong>Pater</strong></span> <span class='ocrx_word' id='word_1_889' title='bbox 3267 4865 3557 4919; x_wconf 81' lang='lat' dir='ltr'><strong>veniemus</strong></span> 
     </span>
    </p>
   </div>
   <div class='ocr_carea' id='block_1_113' title="bbox 1963 4951 3553 5022">
    <p class='ocr_par' dir='ltr' id='par_1_113' title="bbox 1963 4951 3553 5022">
     <span class='ocr_line' id='line_1_113' title="bbox 1963 4951 3553 5022; baseline 0.003 -16"><span class='ocrx_word' id='word_1_890' title='bbox 1963 4958 2020 5006; x_wconf 88' lang='lat' dir='ltr'><strong>et</strong></span> <span class='ocrx_word' id='word_1_891' title='bbox 2054 4953 2395 5006; x_wconf 87' lang='lat' dir='ltr'><strong>mansionem</strong></span> <span class='ocrx_word' id='word_1_892' title='bbox 2429 4954 2569 5021; x_wconf 89' lang='lat' dir='ltr'><strong>apud</strong></span> <span class='ocrx_word' id='word_1_893' title='bbox 2601 4967 2727 5005; x_wconf 82' lang='lat' dir='ltr'><strong>cuin</strong></span> <span class='ocrx_word' id='word_1_894' title='bbox 2761 4951 3052 5008; x_wconf 86' lang='lat' dir='ltr'><strong>faciemus.</strong></span> <span class='ocrx_word' id='word_1_895' title='bbox 3094 4971 3112 5004; x_wconf 77' lang='grc' dir='ltr'><strong>ι</strong></span> <span class='ocrx_word' id='word_1_896' title='bbox 3155 4954 3330 5022; x_wconf 80' lang='lat' dir='ltr'><strong>Igitur</strong></span> <span class='ocrx_word' id='word_1_897' title='bbox 3355 4959 3553 5011; x_wconf 74' lang='lat' dir='ltr'><strong>catho-</strong></span> 
     </span>
    </p>
   </div>
   <div class='ocr_carea' id='block_1_114' title="bbox 1964 5043 3581 5120">
    <p class='ocr_par' dir='ltr' id='par_1_114' title="bbox 1964 5043 3581 5120">
     <span class='ocr_line' id='line_1_114' title="bbox 1964 5043 3581 5120; baseline 0.004 -24"><span class='ocrx_word' id='word_1_898' title='bbox 1964 5043 2069 5097; x_wconf 88' lang='lat' dir='ltr'><strong>lica</strong></span> <span class='ocrx_word' id='word_1_899' title='bbox 2088 5053 2188 5098; x_wconf 72' lang='grc' dir='ltr'>’ρει</span> <span class='ocrx_word' id='word_1_900' title='bbox 2212 5043 2479 5110; x_wconf 82' lang='lat' dir='ltr'><strong>Ecclesia,</strong></span> <span class='ocrx_word' id='word_1_901' title='bbox 2516 5059 2624 5098; x_wconf 90' lang='lat' dir='ltr'><strong>non</strong></span> <span class='ocrx_word' id='word_1_902' title='bbox 2652 5043 2919 5107; x_wconf 74' lang='lat' dir='ltr'><strong>Romana,</strong></span> <span class='ocrx_word' id='word_1_903' title='bbox 2950 5060 3128 5114; x_wconf 86' lang='lat' dir='ltr'><strong>neque</strong></span> <span class='ocrx_word' id='word_1_904' title='bbox 3157 5046 3553 5120; x_wconf 79' lang='lat' dir='ltr'><strong>Hierosolymi-</strong></span> <span class='ocrx_word' id='word_1_905' title='bbox 3577 5072 3581 5077; x_wconf 83' lang='lat'><strong><em>-</em></strong></span> 
     </span>
    </p>
   </div>
   <div class='ocr_carea' id='block_1_115' title="bbox 1968 5136 3549 5207">
    <p class='ocr_par' dir='ltr' id='par_1_115' title="bbox 1968 5136 3549 5207">
     <span class='ocr_line' id='line_1_115' title="bbox 1968 5136 3549 5207; baseline 0.005 -18"><span class='ocrx_word' id='word_1_906' title='bbox 1968 5145 2119 5202; x_wconf 82' lang='lat' dir='ltr'><strong>lana,</strong></span> <span class='ocrx_word' id='word_1_907' title='bbox 2147 5151 2325 5206; x_wconf 83' lang='lat' dir='ltr'><strong>neque</strong></span> <span class='ocrx_word' id='word_1_908' title='bbox 2349 5136 2958 5207; x_wconf 83' lang='lat' dir='ltr'><strong>Constantinupolitana</strong></span> <span class='ocrx_word' id='word_1_909' title='bbox 2986 5148 3089 5203; x_wconf 89' lang='lat' dir='ltr'><strong>est,</strong></span> <span class='ocrx_word' id='word_1_910' title='bbox 3120 5155 3220 5194; x_wconf 89' lang='lat' dir='ltr'><strong>nec</strong></span> <span class='ocrx_word' id='word_1_911' title='bbox 3249 5142 3549 5197; x_wconf 81' lang='lat' dir='ltr'><strong>Antioche-</strong></span> 
     </span>
    </p>
   </div>
   <div class='ocr_carea' id='block_1_116' title="bbox 1965 5228 3551 5304">
    <p class='ocr_par' dir='ltr' id='par_1_116' title="bbox 1965 5228 3551 5304">
     <span class='ocr_line' id='line_1_116' title="bbox 1965 5228 3551 5304; baseline 0.005 -21"><span class='ocrx_word' id='word_1_912' title='bbox 1965 5244 2058 5289; x_wconf 79' lang='lat' dir='ltr'><strong>na,</strong></span> <span class='ocrx_word' id='word_1_913' title='bbox 2092 5244 2191 5283; x_wconf 91' lang='lat' dir='ltr'><strong>nec</strong></span> <span class='ocrx_word' id='word_1_914' title='bbox 2216 5228 2605 5294; x_wconf 83' lang='lat' dir='ltr'><strong>Alexandrina,</strong></span> <span class='ocrx_word' id='word_1_915' title='bbox 2635 5230 2727 5283; x_wconf 90' lang='lat' dir='ltr'><strong>sed</strong></span> <span class='ocrx_word' id='word_1_916' title='bbox 2761 5232 3031 5286; x_wconf 87' lang='lat' dir='ltr'><strong>catholica</strong></span> <span class='ocrx_word' id='word_1_917' title='bbox 3060 5243 3143 5288; x_wconf 90' lang='lat' dir='ltr'><strong>est</strong></span> <span class='ocrx_word' id='word_1_918' title='bbox 3171 5243 3226 5287; x_wconf 91' lang='lat' dir='ltr'><strong>ct</strong></span> <span class='ocrx_word' id='word_1_919' title='bbox 3257 5252 3363 5288; x_wconf 85' lang='lat' dir='ltr'><strong>una</strong></span> <span class='ocrx_word' id='word_1_920' title='bbox 3387 5253 3403 5303; x_wconf 84' lang='lat'><strong>;</strong></span> <span class='ocrx_word' id='word_1_921' title='bbox 3431 5252 3551 5304; x_wconf 71' lang='lat' dir='ltr'><strong>qua:</strong></span> 
     </span>
    </p>
   </div>
   <div class='ocr_carea' id='block_1_117' title="bbox 1965 5319 3545 5403">
    <p class='ocr_par' dir='ltr' id='par_1_117' title="bbox 1965 5319 3545 5403">
     <span class='ocr_line' id='line_1_117' title="bbox 1965 5319 3545 5403; baseline 0.005 -30"><span class='ocrx_word' id='word_1_922' title='bbox 1965 5319 2129 5373; x_wconf 78' lang='lat' dir='ltr'><strong>simul</strong></span> <span class='ocrx_word' id='word_1_923' title='bbox 2159 5326 2346 5374; x_wconf 81' lang='lat' dir='ltr'><strong>sancta</strong></span> <span class='ocrx_word' id='word_1_924' title='bbox 2373 5329 2457 5373; x_wconf 90' lang='lat' dir='ltr'><strong>est</strong></span> <span class='ocrx_word' id='word_1_925' title='bbox 2486 5328 2540 5372; x_wconf 86' lang='lat' dir='ltr'><strong>et</strong></span> <span class='ocrx_word' id='word_1_926' title='bbox 2578 5321 2905 5388; x_wconf 85' lang='lat' dir='ltr'><strong>apostolica,</strong></span> <span class='ocrx_word' id='word_1_927' title='bbox 2934 5324 3285 5403; x_wconf 83' lang='lat' dir='ltr'><strong>sanctitatem</strong></span> <span class='ocrx_word' id='word_1_928' title='bbox 3323 5327 3545 5396; x_wconf 82' lang='lat' dir='ltr'><strong>quidem</strong></span> 
     </span>
    </p>
   </div>
   <div class='ocr_carea' id='block_1_118' title="bbox 1968 5410 3554 5491">
    <p class='ocr_par' dir='ltr' id='par_1_118' title="bbox 1968 5410 3554 5491">
     <span class='ocr_line' id='line_1_118' title="bbox 1968 5410 3554 5491; baseline 0.004 -26"><span class='ocrx_word' id='word_1_929' title='bbox 1968 5412 2174 5466; x_wconf 83' lang='lat' dir='ltr'><strong>habetis</strong></span> <span class='ocrx_word' id='word_1_930' title='bbox 2200 5426 2266 5465; x_wconf 85' lang='lat' dir='ltr'><strong>ex</strong></span> <span class='ocrx_word' id='word_1_931' title='bbox 2301 5419 2493 5466; x_wconf 83' lang='lat' dir='ltr'><strong>saneto</strong></span> <span class='ocrx_word' id='word_1_932' title='bbox 2523 5410 2756 5481; x_wconf 84' lang='lat' dir='ltr'><strong>Spiritu,</strong></span> <span class='ocrx_word' id='word_1_933' title='bbox 2791 5417 3151 5482; x_wconf 82' lang='lat' dir='ltr'><strong>apostolicam</strong></span> <span class='ocrx_word' id='word_1_934' title='bbox 3184 5433 3318 5470; x_wconf 79' lang='lat' dir='ltr'><strong>vero</strong></span> <span class='ocrx_word' id='word_1_935' title='bbox 3374 5421 3554 5491; x_wconf 80' lang='lat' dir='ltr'><strong>digni-</strong></span> 
     </span>
    </p>
   </div>
   <div class='ocr_carea' id='block_1_119' title="bbox 1966 5498 3550 5575">
    <p class='ocr_par' dir='ltr' id='par_1_119' title="bbox 1966 5498 3550 5575">
     <span class='ocr_line' id='line_1_119' title="bbox 1966 5498 3550 5575; baseline 0.003 -15"><span class='ocrx_word' id='word_1_936' title='bbox 1966 5516 2131 5560; x_wconf 84' lang='lat' dir='ltr'><strong>tatem</strong></span> <span class='ocrx_word' id='word_1_937' title='bbox 2188 5519 2254 5558; x_wconf 78' lang='lat' dir='ltr'><strong>ex</strong></span> <span class='ocrx_word' id='word_1_938' title='bbox 2315 5498 2687 5572; x_wconf 74' lang='lat' dir='ltr'><strong>apostolorum</strong></span> <span class='ocrx_word' id='word_1_939' title='bbox 2742 5508 3155 5575; x_wconf 61' lang='lat' dir='ltr'><strong>praitlicatiune.</strong></span> <span class='ocrx_word' id='word_1_940' title='bbox 3228 5509 3361 5575; x_wconf 73' lang='lat' dir='ltr'><strong>Qua:</strong></span> <span class='ocrx_word' id='word_1_941' title='bbox 3427 5528 3550 5565; x_wconf 87' lang='lat' dir='ltr'><strong>cunt</strong></span> 
     </span>
    </p>
   </div>
   <div class='ocr_carea' id='block_1_120' title="bbox 1966 5598 3553 5671">
    <p class='ocr_par' dir='ltr' id='par_1_120' title="bbox 1966 5598 3553 5671">
     <span class='ocr_line' id='line_1_120' title="bbox 1966 5598 3553 5671; baseline 0.004 -20"><span class='ocrx_word' id='word_1_942' title='bbox 1966 5598 2162 5651; x_wconf 77' lang='lat' dir='ltr'><strong>habent</strong></span> <span class='ocrx_word' id='word_1_943' title='bbox 2193 5603 2415 5651; x_wconf 66' lang='lat' dir='ltr'><strong>verbum</strong></span> <span class='ocrx_word' id='word_1_944' title='bbox 2461 5599 2710 5653; x_wconf 78' lang='lat' dir='ltr'><strong>veritatis</strong></span> <span class='ocrx_word' id='word_1_945' title='bbox 2766 5603 3065 5670; x_wconf 73' lang='lat' dir='ltr'><strong>integrum,</strong></span> <span class='ocrx_word' id='word_1_946' title='bbox 3092 5603 3553 5671; x_wconf 74' lang='lat' dir='ltr'><strong>sermonibusmie</strong></span> 
     </span>
    </p>
   </div>
   <div class='ocr_carea' id='block_1_121' title="bbox 1965 5686 3551 5761">
    <p class='ocr_par' dir='ltr' id='par_1_121' title="bbox 1965 5686 3551 5761">
     <span class='ocr_line' id='line_1_121' title="bbox 1965 5686 3551 5761; baseline 0 -19"><span class='ocrx_word' id='word_1_947' title='bbox 1965 5689 2165 5758; x_wconf 83' lang='lat' dir='ltr'><strong>polleat</strong></span> <span class='ocrx_word' id='word_1_948' title='bbox 2200 5686 2536 5755; x_wconf 77' lang='lat' dir='ltr'><strong>apostoliCIs,</strong></span> <span class='ocrx_word' id='word_1_949' title='bbox 2574 5690 3089 5744; x_wconf 81' lang='lat' dir='ltr'><strong>etsanctificatiuue</strong></span> <span class='ocrx_word' id='word_1_950' title='bbox 3127 5689 3363 5757; x_wconf 83' lang='lat' dir='ltr'><strong>Spiritus</strong></span> <span class='ocrx_word' id='word_1_951' title='bbox 3416 5707 3551 5761; x_wconf 83' lang='lat' dir='ltr'><strong>gau-</strong></span> 
     </span>
    </p>
   </div>
   <div class='ocr_carea' id='block_1_122' title="bbox 1967 5780 3554 5853">
    <p class='ocr_par' dir='ltr' id='par_1_122' title="bbox 1967 5780 3554 5853">
     <span class='ocr_line' id='line_1_122' title="bbox 1967 5780 3554 5853; baseline 0.002 -16"><span class='ocrx_word' id='word_1_952' title='bbox 1967 5781 2112 5849; x_wconf 81' lang='lat' dir='ltr'><strong>deat,</strong></span> <span class='ocrx_word' id='word_1_953' title='bbox 2142 5780 2257 5851; x_wconf 88' lang='lat' dir='ltr'><strong>ipsa</strong></span> <span class='ocrx_word' id='word_1_954' title='bbox 2296 5795 2404 5835; x_wconf 89' lang='lat' dir='ltr'><strong>una</strong></span> <span class='ocrx_word' id='word_1_955' title='bbox 2434 5790 2488 5835; x_wconf 91' lang='lat' dir='ltr'><strong>et</strong></span> <span class='ocrx_word' id='word_1_956' title='bbox 2516 5791 2706 5837; x_wconf 85' lang='lat' dir='ltr'><strong>sancta</strong></span> <span class='ocrx_word' id='word_1_957' title='bbox 2741 5794 2903 5852; x_wconf 86' lang='lat' dir='ltr'><strong>atque</strong></span> <span class='ocrx_word' id='word_1_958' title='bbox 2937 5785 3258 5853; x_wconf 73' lang='lat' dir='ltr'><strong>apostolica,</strong></span> <span class='ocrx_word' id='word_1_959' title='bbox 3293 5798 3389 5839; x_wconf 87' lang='lat' dir='ltr'><strong>seu</strong></span> <span class='ocrx_word' id='word_1_960' title='bbox 3439 5801 3554 5840; x_wconf 88' lang='lat' dir='ltr'><strong>ma-</strong></span> 
     </span>
    </p>
   </div>
  </div>
