4066 6460
304 418 404 479 137

1399 415 1786 502 DIALOGQS
1833 414 2131 478 CONTRA
2171 416 2560 481 HIERESES.

3207 371 3232 398 Ρ

3462 420 3566 484 133

305 536 396 588 τδν
436 531 580 587 θεῖον
627 533 832 589 Λέοντα
888 539 1122 594 πάππαν
1171 539 1388 611 ἔχουσα,
1424 539 1519 591 καί¹
1554 535 1680 598 τοὺς
1709 532 1866 589 αυτοῐ

1989 545 2114 584 vum
2169 531 2388 601 quidem
2427 527 2664 587 Leonem
2703 547 2896 603 papam
2943 535 3291 606 adjuvantem
3345 535 3560 592 habens

299 627 702 696 τοποτηρητὰς,
748 628 1041 702 Διόσκορον
1069 632 1126 686 δὲ
1169 628 1577 698 Ἀλεξανδρείας
1621 628 1714 681 καὶ
1761 625 1868 682 Εὐ-

298 721 434 789 τυχῆ
493 719 872 792 πρεσϐύτερον
925 724 1020 778 καὶ
1080 724 1206 788 τοὺς
1273 723 1370 776 σὺν
1431 720 1612 782 αὐτοῖς
1679 718 1871 772 καθαι-

298 810 392 880 ροῦ
401 829 487 865 σα.

776 959 780 976 τ
871 907 1127 962 ΚΕΦΑΛ.
1181 909 1315 962 KH'.

641 996 781 1066 Περὶ
811 997 920 1067 τῆς
953 998 1231 1068 πέμπτης
1258 998 1550 1054 συνόδου.
1841 999 1857 1030 ’

372 1088 478 1142 Καὶ
512 1089 544 1155 ἡ
582 1089 811 1161 πέμπτη
864 1091 920 1144 δὲ
971 1091 1081 1144 τῶν
1131 1091 1328 1146 ἑκατὸν
1381 1090 1650 1162 ἐξήκοντα
1699 1087 1912 1158 ἁγίων·

297 1180 574 1252 Πατέρων,
606 1175 672 1254 ἦς
702 1181 1012 1254 Ἀγαπητδς
1038 1183 1505 1256 πάππαςέξαρχος
1536 1184 1593 1236 ἐν
1621 1185 1688 1254 τῇ
1718 1183 1873 1236 Κων-

305 1272 601 1338 σταντίνου,
633 1275 776 1327 κατὰ
810 1273 904 1328 τοῦ
949 1257 1264 1346 Ὠριγένους
1291 1276 1380 1328 καὶ
1424 1275 1658 1346 Διδύμου
1689 1291 1749 1326 τε
1777 1275 1873 1327 καὶ

303 1363 596 1435 Εὖαγρίου,
620 1367 872 1421 παλαιῶν
903 1386 1066 1422 τινων
1099 1369 1198 1439 τὴν
1234 1369 1457 1433 κακίαν,
1492 1367 1620 1438 περί
1655 1386 1715 1420 τε
1745 1369 1875 1420 ἀνα-

301 1457 539 1521 στάσεως
609 1459 820 1529 νεκρῶν
881 1461 975 1515 καὶ
1033 1462 1305 1516 πλείστων
1363 1462 1539 1516 ἄλλων
1592 1461 1874 1532 ζητήσεων

296 1546 668 1619 ἀθροισθεῖσα,
700 1552 769 1605 τὰ
797 1553 962 1623 ὅμοια
1007 1557 1129 1619 ταῖς
1183 1557 1286 1627 πρὸ
1314 1555 1484 1627 αὐτῆς
1513 1556 1642 1625 περὶ
1667 1554 1761 1609 τοῦ
1797 1559 1872 1607 ls-

299 1640 397 1710 ροῦ
435 1641 712 1713 Συμϐόλου
740 1647 1196 1719 νενομοθέτηκεν,

880 1739 1134 1793 ΚΕΦΑΛ.
1180 1741 1312 1797 KG'.

437 1829 573 1896 Περὶ
595 1828 712 1898 τῆς(
732 1829 912 1898 ἕκτης
939 1847 1004 1885 τε
1031 1833 1130 1886 καί
1154 1833 1412 1904 ἑϐδόμης
1435 1837 1728 1891 συνόδου.

379 1913 447 1971 Ἦ
498 1919 631 1989 ἕκτη
684 1920 742 1974 δὲ
797 1922 907 1976 τῶν
961 1924 1156 1977 ἑκατὸν
1205 1926 1473 1996 ἐξήκοντα
1531 1931 1719 1996 πέντε,
1779 1931 1872 1984 καί⁸

299 2010 498 2082 ἑϐδόμη
529 2012 636 2067 τῶν
680 2015 1009 2084 τριακοσίων
1041 2017 1327 2086 ἐξήκοντα,
1370 2011 1444 2072 ὧν
1497 2020 1530 2091 ἡ
1568 2021 1666 2091 μὲν
1720 2023 1776 2075 ἐν
1802 2023 1871 2093 τῇ

296 2103 414 2175 Νέᾳ
450 2105 640 2180 Ῥώμῃ
667 2110 732 2178 τῇ
770 2109 1182 2164 Κμωνσταντίνου
1218 2111 1358 2164 κατά
1394 2129 1453 2165 τε
1489 2113 1749 2184 Ὀνωρίου
1775 2111 1871 2184 τῆς

299 2197 532 2261 παλαιᾶς
575 2199 794 2271 Ῥώμης
822 2204 916 2257 καί¹
944 2203 1172 2272 Σεργίου
1203 2205 1299 2258 καὶ
1334 2205 1553 2278 Πύρρου
1585 2209 1682 2278 τῆς
1713 2210 1871 2262 Κων-

302 2293 927 2361 σταντινουπόλεως,καὶ
985 2295 1190 2350 λοιπῶν
1224 2297 1402 2352 ἄλλων
1452 2300 1870 2370 Μονοθελητῶν,

301 2384 334 2452 ἡ
370 2384 443 2449 δὲ,
478 2385 536 2437 ἐν
569 2386 772 2457 Νικαίᾳ
816 2387 878 2440 τὸ
930 2387 1204 2456 δεύτερον,
1253 2390 1391 2443 κατά
1434 2393 1543 2444 τῶν
1595 2393 1872 2446 δυσσεϐῶν

298 2476 822 2545 εἰκονομαχούντων,
855 2479 1238 2552 ἀριδηλότερόν
1269 2498 1327 2533 τε
1363 2482 1458 2534 καὶ
1493 2483 1636 2552 μετὰ
1671 2483 1869 2537 πολλοῦ

301 2565 463 2634 ζήλου
494 2567 562 2622 τά
591 2569 721 2638 περὶ
766 2568 860 2622 τοῦ
907 2569 1052 2623 θείου
1097 2571 1376 2642 Συμϐόλου
1430 2573 1663 2638 ἐξέθετο.
1698 2577 1804 2630 Καὶ
1839 2578 1870 2646 ἡ

304 2659 404 2727 μὲν
430 2659 559 2730 ’έκτη
587 2660 796 2724 λέξεσιν
828 2663 1021 2729 αὑταῖς
1057 2666 1153 2718 καὶ
1179 2664 1240 2718 τὸ
1266 2666 1366 2734 τῆς
1398 2665 1622 2738 πρώτης
1651 2670 1869 2724 συνόδου

298 2751 541 2821 ἐκτίθησι
574 2753 850 2822 Σύμϐολον
900 2756 994 2809 καὶ
1045 2756 1105 2809 τὸ
1138 2756 1240 2827 τῆς
1272 2757 1552 2829 δευτέρας,
1580 2763 1673 2816 καλ¹
1703 2763 1871 2833 μηδὲν

296 2845 470 2913 τούτῳ
525 2847 840 2912 προσθεῖναι
882 2846 1262 2901 διακελεύεται
1293 2850 1368 2920 ’ἢ
1405 2849 1460 2902 δέ
1515 2868 1578 2920 γε
1643 2852 1868 2925 ἑϐδόμην

297 2935 355 2989 ἒν
385 2937 584 3006 ἔχουσα
611 2937 671 2990 τὸ
709 2939 806 3008 τῆς
840 2938 1065 3008 πρώτης
1101 2957 1159 2992 τε
1205 2943 1297 2993 καὶ
1326 2941 1609 3012 δευτέρας,
1641 2943 1778 3015 ὅπερ
1805 2947 1870 3017 δὴ

295 3030 388 3082 καὶ
418 3031 503 3082 ἐπ’
547 3030 844 3100 ἐκκλησίας
876 3031 1242 3102 κηρύττομεν,
1271 3032 1488 3100 λέξεσιν
1520 3034 1709 3099 αὑταῖς
1738 3038 1870 3092 αὐτὸ

295 3121 516 3191 γράφει.
554 3123 660 3176 Καὶ
685 3123 812 3186 τοὺς
848 3124 1260 3195 προσθήσοντας
1292 3127 1348 3180 ὲν
1380 3126 1554 3198 τούτῳ
1581 3127 1614 3200 ἢ
1645 3131 1872 3199 ἀφελόν-

291 3230 413 3277 τας,
471 3215 802 3285 ίερωμένους
860 3217 959 3286 μὲν
1017 3218 1340 3290 καθαιρέσει
1393 3222 1488 3274 καὶ
1546 3224 1866 3293 κληρικοῦς,

293 3306 514 3372 λαῖκοὺς
546 3309 601 3361 δὲ
638 3311 1042 3364 καθυποϐάλλει
1092 3313 1173 3382 τῷ
1228 3313 1562 3384 ἀναθέματι.
1619 3315 1777 3372 Οὕτω
1811 3319 1871 3372 τὸ

298 3401 494 3454 σεπτὸν
521 3400 680 3455 τοῦτο
720 3403 1096 3475 συνεκροτήθη
1133 3405 1397 3459 πάντοθεν
1442 3407 1740 3478 Σύμϐολον,
1778 3415 1873 3465 καὶ

297 3492 402 3544 ὑπὸ
449 3491 555 3545 τῶν
609 3493 868 3564 Πατέρων
904 3497 1368 3569 ἐπισφραγισθὲν,
1420 3500 1724 3573 ἐκηρύχθη,
1777 3505 1872 3558 καὶ

294 3585 409 3647 τοῖς
445 3583 716 3656 θαύμασιν
752 3589 978 3642 ἐκείιων
1024 3591 1120 3644 καὶ
1168 3589 1351 3658 λόγοις
1405 3593 1739 3664 ἐϐεϐαιώθη,
1775 3598 1871 3650 καὶ

293 3680 402 3740 τοῖς
436 3678 830 3750 συγγράμμασι
866 3681 959 3733 καὶ
986 3680 1064 3753 τῷ
1086 3681 1252 3735 τέλει.
1275 3681 1449 3737 Τοῦτο
1488 3685 1598 3754 γὰρ
1649 3689 1744 3740 καὶ
1776 3687 1870 3758 βα-

296 3770 640 3840 πτιζόμενοι,
680 3773 756 3837 ὡς
793 3775 1120 3844 εἰρήκαμεν,
1157 3776 1244 3827 ἐπ’
1275 3775 1573 3846 ἐκκλησίας
1610 3784 1866 3851 καθωμο-

258 3850 260 3853 ’
294 3865 555 3935 λόγησαν,
577 3868 670 3920 καὶ
690 3867 788 3936 τὴν
813 3865 1115 3938 ἱερωσύνην
1137 3867 1438 3938 δεχόμενοι,
1460 3850 1866 3942 προεκήρυξαν,

296 3959 390 4012 καὶ
440 3960 797 4023 τελευτῶντες
853 3959 928 4023 ὡς
979 3959 1192 4026 ἐφόδιον
1245 3960 1588 4031 ὡμολόγουν,
1620 3967 1714 4018 καὶ
1748 3966 1868 4038 Θεῷ

290 4053 465 4123 δῶρον
517 4055 774 4121 παρεῖχον
823 4051 1220 4115 ἐπιτελεύτιον,
1252 4045 1327 4104 ὧν
1361 4055 1457 4107 καὶ
1501 4054 1570 4108 τὰ
1613 4054 1863 4125 λείψανα,

291 4146 386 4197 καὶ
421 4144 491 4197 τὰ
525 4145 686 4213 μέχρι
717 4141 811 4196 τοῦ
840 4142 935 4196 νῦν
964 4141 1031 4194 δι’
1060 4142 1240 4195 αὐτῶν
1283 4144 1491 4213 ίάματά
1517 4162 1576 4197 τε
1615 4147 1709 4201 καὶ
1734 4145 1867 4200 Θαύ-

295 4253 443 4304 ματα
484 4237 543 4289 re
586 4237 732 4290 θεῖον
777 4236 937 4290 τοῦτο
974 4236 1252 4306 Σύμϐολον
1291 4239 1756 4308 ἐπιμαρτυροῦσι,
1801 4239 1865 4293 δι’

292 4324 355 4383 οὗ
403 4331 495 4384 καὶ
525 4331 622 4402 τὴν
671 4332 896 4401 εἰρήνην
928 4333 960 4402 ἡ
1005 4331 1306 4402 Ἐκκλησία
1339 4333 1629 4400 ἐκέκτητο,
1663 4334 1757 4386 καὶ
1798 4335 1866 4386 τὰ

295 4423 434 4494 μέλη
468 4423 563 4476 τοῦ
591 4424 828 4495 Χριστοῦ
856 4423 1112 4495 ἡνωμένα
1142 4424 1397 4494 ἀλλήλοις
1423 4421 1585 4495 ἦσαν,
1620 4425 1713 4479 καλ⁵
1737 4427 1865 4497 Χρι-

295 4519 420 4581 στὸς
449 4518 482 4586 ἡ
510 4518 699 4589 εἰρήνη
731 4516 888 4586 ἡμῶν
918 4516 992 4580 ὡς
1027 4517 1239 4587 κεφαλὴ
1270 4513 1335 4587 ἦν
1372 4519 1478 4580 τοῖς
1511 4517 1735 4587 μέλεσιν
1760 4523 1860 4572 αύ-

1903 1886 1948 1946 Β

1899 3248 1944 3310 C

1976 621 2260 695 vicemque
2287 624 2407 695 ejus
2435 633 2779 693 praestantes,
2806 625 3126 683 Dioscorum
3155 645 3285 683 vero
3316 629 3554 684 Alexan-

1975 716 2192 771 drinum
2218 724 2271 770 et
2302 717 2583 787 Eutychen
2619 719 3000 790 presbyterum
3053 736 3353 792 eorumque
3407 737 3555 778 asse-

1977 808 2092 861 clas
2116 809 2470 865 subvertens.
3115 869 3118 878 ,

2509 899 2744 958 CAPUT
2779 900 3023 958 xxvm.
3113 881 3122 906 '

2482 993 2556 1048 De
2606 996 2806 1066 synodo
2855 999 3060 1068 quinta.

2045 1082 2115 1136 At
2139 1083 2706 1152 quintumeoncilium
2744 1090 2809 1141 ad
2841 1089 2986 1157 quod
3015 1098 3234 1145 centum
3269 1098 3323 1145 et
3345 1099 3563 1160 septua-

1975 1173 2126 1242 ginta
2161 1174 2350 1230 Patres
2385 1178 2560 1231 sancti
2595 1192 2995 1243 convenerunt,
3030 1183 3116 1235 cui
3151 1182 3370 1251 praefuit
3421 1182 3564 1252 Aga-

1977 1275 2135 1335 petus
2177 1282 2312 1338 papa
2347 1268 2399 1323 in
2432 1270 2657 1325 civitate
2712 1270 3087 1339 Constantini,
3124 1284 3318 1329 contra
3374 1272 3564 1346 Orige-

1979 1375 2124 1426 nem,
2160 1359 2444 1432 Didymum
2474 1370 2529 1416 et
2557 1363 2877 1434 Evagrium,
2904 1381 3055 1419 vn'os
3088 1366 3292 1421 malitia
3323 1377 3561 1428 veteres.

1980 1467 2192 1508 necnon
2223 1455 2653 1510 resurrectionis
2686 1466 3025 1512 mortuorum
3062 1474 3227 1514 causa
3281 1460 3562 1528 plurimu-

1977 1560 2085 1615 que
2114 1547 2348 1601 aliorum
2404 1549 2643 1617 capitum
2703 1547 2905 1604 similia
2941 1549 3008 1605 de
3065 1557 3254 1605 sancto
3303 1551 3566 1621 Symbolo

1979 1637 2169 1692 statuit
2194 1653 2255 1691 ac
2279 1639 2511 1692 concilia
2540 1640 2694 1708 prius
2717 1650 3038 1695 convocata.

2542 1732 2766 1789 CAPUT
2792 1733 2987 1790 XXIX.

2332 1822 2410 1877 De
2438 1825 2640 1894 synodo
2690 1835 2840 1880 sexta
2873 1836 2922 1880 et
2959 1829 3206 1898 septima.

2069 1913 2292 1969 Sextum
2362 1917 2680 1984 concilium,
2745 1918 2835 1973 cui
2905 1930 3122 1975 centqu
3188 1931 3241 1976 et
3281 1923 3564 1991 sexaginta

1981 1992 2460 2076 quinque‘Patres,
2500 2021 2556 2066 et
2594 2011 2906 2082 septimum,
2945 2014 3032 2068 cui
3060 2014 3289 2070 trecenti
3325 2023 3378 2070 et
3409 2029 3569 2069 sexa-

1981 2097 2131 2164 ginta
2169 2098 2482 2166 adfuerunt,
2517 2102 2648 2156 illud
2678 2103 2899 2173 quidem
2938 2121 3092 2161 nova:
3121 2105 3309 2162 Roma:
3335 2122 3362 2160 a
3416 2105 3562 2159 Con-

1981 2190 2223 2246 stautino
2245 2193 2528 2249 aediﬁcata:
2555 2195 2823 2252 adversus
2862 2196 3166 2253 Honorium
3200 2201 3399 2254 veteris
3448 2197 3561 2255 Re.

1982 2297 2082 2336 mm
2105 2284 2423 2355 episcopum
2455 2297 2622 2358 atque
2650 2289 2901 2360 Sergium
2925 2302 2976 2346 et
3004 2291 3272 2364 Pyrrhum
3295 2294 3565 2350 Constan-

1982 2375 2406 2446 tinopolitanum
2440 2391 2785 2453 caeterosque
2818 2385 2955 2439 alios
2992 2385 3411 2450 Monotheletas,
3449 2387 3553 2442 hoc

1955 2481 2109 2535 .vero
2167 2470 2368 2526 iterum
2424 2473 2617 2530 Nicaeae
2654 2477 2921 2532 adversus
2987 2477 3186 2548 itnpios
3264 2480 3562 2549 imaginum

1980 2575 2266 2618 exet-seres
2307 2578 2667 2622 eonvocatum
2706 2567 2831 2636 fuit,
2864 2571 3042 2640 palam
3077 2571 3245 2627 multo
3273 2572 3457 2627 studio
3502 2588 3566 2627 ea

1980 2668 2101 2722 quae
2123 2655 2186 2709 ad
2218 2657 2464 2712 divinum
2496 2658 2818 2721 Svmbolnm
2849 2665 3562 2732 spectantdeclaraverunt.

1981 2747 2210 2804 Sextum
2242 2751 2465 2821 quidem
2517 2754 2677 2823 primi
2725 2764 2778 2809 et
2809 2756 3040 2810 secundi
3069 2758 3286 2812 concilii
3324 2756 3560 2829 Symbo-

1981 2835 2090 2890 lum
2125 2837 2380 2908 ﬁrmavit,
2410 2850 2464 2897 et
2495 2857 2562 2898 ne
2611 2843 2740 2913 quid
2775 2845 3069 2900 adderetur
3103 2848 3412 2917 prohibuit.
3459 2850 3562 2905 Se»

1980 2931 2211 3001 ptimum
2250 2942 2431 2989 autem
2489 2951 2661 2990 unum
2728 2937 2889 3007 primi
2938 2940 3279 3011 secundique
3341 2943 3562 2996 concilii

1981 3021 2299 3094 Symbolum
2350 3024 2557 3082 habens
2600 3027 2748 3097 quod
2805 3029 2860 3083 in
2909 3032 3139 3086 ecclesia
3179 3033 3564 3102 praedicamus.

1981 3115 2086 3170 hoc
2119 3116 2235 3171 suis
2267 3117 2493 3188 scripsit
2517 3118 2741 3184 litteris,
2773 3121 2936 3192 eique
2959 3123 3226 3179 audentes
3260 3127 3561 3197 quidquam

1980 3210 2180 3264 addere
2213 3212 2296 3266 vel
2343 3211 2413 3267 ab
2444 3228 2510 3269 eo
2539 3215 2832 3272 detrahere
2864 3219 3180 3274 sacerdotes
3210 3221 3436 3290 quidem
3508 3231 3564 3276 et

1978 3304 2209 3359 clericos
2237 3319 2267 3359 a
2307 3304 2575 3374 dignitate
2612 3309 2822 3379 dejicit,
2860 3309 3031 3367 laicos
3065 3329 3194 3368 vero
3225 3317 3560 3368 anathemati

1978 3395 2221 3466 snbjieit.
2250 3395 2437 3468 Itaque
2465 3409 2758 3468 augustum
2787 3401 2917 3457 illud
2947 3401 3270 3473 Symbolum
3317 3405 3563 3476 undique

1979 3485 2078 3540 fuit
2109 3489 2509 3546 conclamatum
2541 3501 2595 3546 et
2628 3509 2655 3547 a
2703 3491 2961 3550 Patribus
2993 3495 3367 3567 obsignatum,
3435 3515 3562 3554 nec-

1975 3596 2083 3635 non
2120 3583 2190 3636 ab
2214 3584 2420 3640 eisdem
2458 3587 2818 3655 praedicatum
2857 3597 3023 3657 atque
3052 3592 3336 3646 miraculis
3364 3608 3556 3648 eorum

1974 3679 2027 3724 et
2067 3673 2246 3727 verbis
2290 3675 2625 3745 scriptisque
2677 3691 2742 3733 ae
2820 3690 2998 3735 morte
3052 3681 3351 3739 ﬁrmatum.
3409 3683 3557 3742 Istud

1973 3764 2142 3824 enim.
2188 3766 2331 3821 sicut
2367 3768 2628 3835 diximus,
2660 3781 2716 3825 et
2745 3770 3007 3840 baptizati
3040 3775 3094 3827 in
3155 3775 3390 3832 ecclesia
3428 3793 3559 3832 con-

1929 3857 1934 3862 “
1975 3854 2102 3910 fessi
2132 3866 2284 3922 sunt,
2308 3867 2361 3914 et
2396 3861 2710 3917 sacerdotio
2739 3864 2938 3918 initiati
2982 3867 3444 3935 prmdicavernnt,
3501 3883 3556 3927 et

1975 3948 2270 4005 morientes
2303 3960 2362 4004 ut
2394 3952 2650 4007 viaticum
2675 3953 3014 4023 habuerunt,
3052 3956 3270 4027 Deoqne
3299 3961 3551 4017 ultimum

1975 4057 2174 4096 munus
2205 4043 2564 4114 obtulerunt’;
2595 4061 2831 4116 quorum
2865 4049 3111 4118 reliquiae
3151 4063 3205 4106 et
3235 4055 3552 4110 saltationes

1971 4145 2134 4205 atque
2164 4136 2426 4192 miracula
2465 4155 2558 4208 per
2587 4155 2684 4195 eas
2715 4141 2938 4212 impleta
2965 4145 3208 4200 divinum
3235 4148 3365 4203 illud
3396 4149 3556 4222 Sym-

1971 4226 2154 4283 bolum
2207 4239 2498 4296 testantur,
2568 4248 2677 4301 quo
2732 4249 2921 4303 pacem
2975 4235 3218 4293 Ecclesia
3255 4257 3550 4298 consecuta

1969 4328 2071 4385 est,
2132 4329 2185 4376 et
2236 4323 2480 4378 membra
2537 4323 2742 4381 Christi
2795 4327 2897 4382 sibi
2960 4328 3196 4386 invicem
3256 4334 3550 4404 COnjuncta

1970 4423 2116 4479 sunt,
2147 4411 2648 4492 Cbristusque‘pax
2672 4432 2857 4474 nostra
2891 4419 3073 4480 factus
3098 4433 3216 4491 est;
3247 4411 3372 4480 nam
3399 4438 3551 4484 arcte

1971 4513 2028 4555 ut
2061 4514 2224 4574 caput
2253 4508 2512 4562 membris
2544 4511 2662 4564 suis
2691 4512 2970 4569 adunatus
3004 4515 3058 4568 in
3125 4516 3260 4585 ipsis
3313 4519 3552 4574 delecta—

287 4608 384 4663 τοῦ
413 4609 688 4679 ἡνωμένος
720 4609 950 4662 καθόλου
981 4609 1075 4660 καὶ⁴
1107 4608 1538 4678 εὐφραινόμενος
1567 4611 1624 4661 ἐν
1653 4611 1859 4674 αὐτοῖς.

1972 4599 2152 4654 batur.
2182 4599 2483 4659 Primatum
2517 4614 2701 4666 autem
2738 4623 2944 4675 amare,
3001 4608 3266 4666 fratribus
3297 4614 3552 4682 superbia

291 4702 364 4755 Τὸ
412 4702 470 4756 δὲ
512 4701 967 4773 φιλο-πρωτεύειν,
1000 4701 1096 4754 καὶ
1142 4700 1252 4754 τῶν
1285 4701 1530 4771 ἀδελφῶν
1565 4701 1861 4774 ὑπεραίρε-

1968 4700 2024 4747 et
2052 4698 2400 4752 contumacia
2453 4699 2744 4766 insultare,
2782 4717 3128 4773 nequaquam
3159 4719 3325 4775 super
3362 4707 3552 4761 catlteo

291 4792 414 4848 σθαι
463 4794 557 4847 καὶ
603 4793 989 4862 ὑπερφρονεῖν,
1021 4793 1118 4846 καὶ
1172 4793 1272 4845 οὐκ
1305 4793 1397 4846 ἐπὶ
1446 4793 1546 4861 τὴν
1595 4793 1861 4864 καθέδραν

1971 4787 2121 4841 dram
2153 4787 2323 4855 Petri,
2356 4791 2448 4846 sed
2489 4807 2652 4862 super
2683 4794 2858 4850 nubes
2910 4796 2996 4851 vel
3050 4797 3215 4852 etiam
3257 4799 3551 4857 sublimius

287 4883 378 4937 τοῦ
432 4885 658 4956 Πέτρου,
693 4884 810 4939 ἀλλ’
862 4885 956 4938 ἐπὶ
1012 4886 1121 4939 τῶν
1155 4885 1397 4955 νεφελῶν
1452 4885 1548 4939 καὶ
1600 4888 1860 4958 ὑπεράνω

1971 4879 2254 4936 considere
2285 4883 2478 4947 videri,
2537 4885 2644 4938 Deo
2675 4899 2799 4940 sese
2823 4885 3155 4952 assimilare,
3186 4890 3420 4956 perinde
3484 4905 3549 4943 ae

286 4977 460 5031 δοκεῖν
494 4977 844 5046 καθέζεσθαι,
872 4979 966 5033 καὶ
993 4981 1026 5049 ἡ
1067 4979 1292 5040 ίσοθεῖα,
1317 4979 1393 5042 ὡς
1417 4982 1510 5032 καὶ
1534 4979 1596 5033 τδ
1623 4981 1857 5049 ἀποθνὴο

287 5087 440 5125 σκειν
469 5073 581 5136 τοῖς
609 5071 918 5142 ἀνθρώποις
956 5072 1246 5144 πρότερον,
1280 5073 1376 5125 καὶ
1407 5071 1504 5126 νῦν
1532 5072 1589 5124 τὸ
1621 5072 1858 5142 ἀποθνήο

291 5183 443 5219 σκειν
494 5167 724 5230 πολλοὺς
778 5165 958 5237 πολλῷ
1013 5165 1401 5237 χαλεπώτερον
1433 5165 1852 5236 ἀπειργάσατο·

286 5259 380 5308 καὶ
409 5255 469 5308 τδ
507 5254 839 5309 κινδυνεύειν
871 5257 1208 5310 καταπεσεῖν
1243 5255 1343 5326 τὴν
1374 5255 1730 5327 Ἐκκλησίαν,
1765 5257 1856 5311 καὶ

282 5346 520 5417 Χριστοῦ
552 5346 955 5417 διασπασθῆναι
986 5347 1054 5400 τὰ
1093 5347 1254 5417 μέλη,
1287 5347 1384 5401 καὶ
1431 5346 1635 5418 ἔχθραν
1683 5348 1856 5402 τεθεῖ-

280 5458 366 5494 ναι
395 5440 668 5509 ἀναμέσον
714 5440 822 5493 τῶν
866 5439 965 5510 τῆς
993 5436 1216 5512 εἰρήνης
1252 5441 1406 5508 υἱῶν,
1441 5440 1534 5504 οὒς
1563 5444 1622 5494 ἐν
1663 5444 1852 5515 ἀγάπῃ

279 5531 410 5596 Θεὸς
443 5533 474 5602 ή
507 5532 697 5600 ἀγάπη
727 5535 1024 5601 συνήγαγε,
1053 5536 1129 5605 μὴ
1152 5534 1482 5604 φεισάμενος
1507 5533 1601 5588 τοῦ
1636 5537 1854 5605 ἀγαπη-

278 5623 391 5686 τοῦ,
423 5623 586 5692 βαϐαὶ
635 5623 730 5692 τῆς
779 5625 1106 5696 δαιμονικῆς
1149 5627 1450 5696 ἐπηρείαςί
1479 5626 1573 5682 καὶ
1605 5628 1853 5695 συλλογι-

279 5717 406 5786 σμοὶ
435 5716 528 5770 ἐπὶ
553 5717 761 5779 τούτοις
793 5719 900 5770 τῶν
935 5718 1112 5772 ἀθέων
1149 5719 1443 5788 Ἑλλήνων,
1477 5721 1525 5772 οί
1553 5721 1652 5793 τὴν
1689 5723 1852 5775 πολυ-

279 5809 429 5863 θεῖαν
457 5809 628 5863 πάλαι
657 5810 689 5880 ἢ
721 5811 921 5878 μᾶλλον
964 5811 1156 5865 ἁθεῖαν
1200 5815 1375 5866 εἰπεῖν
1435 5817 1846 5885 συγκροτήσανς

275 5917 386 5968 τες,
428 5905 522 5955 καὶ
555 5902 798 5956 διαϐολαὶ
852 5906 1032 5974 ῥητῶν
1079 5907 1391 5975 γραφικῶν,
1418 5906 1515 5959 καὶ
1551 5923 1846 5977 παρερμη-

573 5998 845 6059 1Ἀτιιυι.
884 6001 925 6057 G
940 6019 996 6061 [ι.
1034 6000 1180 6061 CLV
1197 6007 1233 6057 .'

1963 4973 2096 5026 olim
2149 4980 2381 5029 mortem
2446 4976 2502 5030 in
2559 4977 2824 5031 mundum
2876 4977 3111 5043 induxit,
3168 4980 3240 5034 ita
3296 4990 3350 5034 et
3400 4997 3548 5038 nunc

1967 5063 2168 5119 multos
2203 5076 2376 5120 morte
2405 5066 2576 5121 multo
2612 5069 2863 5137 graviore
2899 5066 3112 5135 aﬁ‘ecit;
3149 5069 3274 5126 inde
3301 5069 3546 5130 Ecclesia

1961 5158 2129 5212 exitio
2167 5159 2478 5230 periclitata
2523 5172 2632 5226 est,
2695 5161 2898 5219 Christi
2953 5164 3197 5218 membra
3251 5165 3543 5223 dilacerata

1959 5263 2110 5318 sunt,
2134 5253 2420 5308 inimicitia
2451 5253 2667 5308 inducta
2694 5263 2777 5310 est
2810 5255 2954 5311 inter
2986 5255 3126 5314 ﬁlios
3151 5260 3301 5327 pacis
3326 5275 3468 5330 quos
3487 5262 3538 5316 in

1959 5349 2228 5403 charitate
2255 5346 2400 5402 Deus
2435 5347 2529 5417 qui
2568 5349 2809 5404 cltaritas
2859 5357 2941 5403 est
2978 5353 3344 5421 congregavit,
3381 5369 3539 5410 suam

1959 5441 2242 5496 effundens
2266 5441 2616 5496 charitatem.
2643 5441 2796 5497 Ileu!
2832 5455 3032 5513 quanta
3061 5459 3092 5499 a
3119 5445 3370 5502 daemone
3413 5465 3538 5518 per-

1961 5535 2133 5589 nicies
2158 5535 2170 5590 l
2211 5543 2266 5588 et
2295 5543 2623 5602 argumenta
2647 5536 2714 5590 de
2744 5535 2845 5590 hac
2874 5538 3100 5592 materia
3134 5537 3338 5595 Graecis
3359 5542 3537 5598 atheis

1957 5628 2140 5697 digna,
2167 5628 2257 5697 qui
2293 5630 2495 5681 multos
2516 5629 2644 5681 olim
2671 5627 2801 5684 deos
2825 5645 2919 5683 seu
2949 5633 3129 5702 potius
3160 5635 3368 5689 nullum
3392 5638 3538 5689 cole-

1957 5718 2110 5780 bant,
2138 5726 2191 5770 et
2217 5715 2519 5785 Scriptura:
2542 5732 2738 5772 vocum
2771 5719 3291 5791 depravationes,'et
3322 5740 3533 5781 sermo-

1956 5825 2086 5863 num
2126 5808 2350 5863 Patrum
2388 5809 2537 5862 falsae
2573 5810 3448 5879 interpretationes,solummodo
3482 5829 3539 5874 nt

1954 5903 2263 5972 superbiam
2291 5904 2610 5958 tuerentur!
2643 5905 2687 5957 Ο
2718 5905 2906 5972 Ιιοηιο,
2962 5925 3153 5962 omnes
3191 5927 3297 5966 uno
3350 5912 3533 5968 animo

3098 6005 3134 6064 5
