4066 6434
388 380 491 445 139

726 356 755 383 ⁸
1199 368 1341 429 SYM
1356 364 1576 426 Et)le
1610 350 2360 423 TIIESSALONICENSIS
2396 345 2756 410 ARCIIIEP.

3527 336 3637 401 140

384 489 993 553 clatnavcruntl’atres.
1020 501 1126 542 non
1172 482 1345 539 semel
1371 490 1584 537 tantum
1609 476 1693 532 vel
1724 474 1809 547 bis
1859 480 1953 529 aut
1982 530 1983 535 η

2086 470 2195 525 οἶαι
2214 463 2496 537 πατρικῶν
2520 462 2713 533 λόγων,
2734 457 2845 531 5.6
2859 456 2945 510 τνα
2963 452 3126 526 μόνον
3146 449 3206 505 τὸ
3228 451 3325 522 τῆς
3348 451 3634 523 ὑπερηφα-

382 599 494 653 ter,
526 583 621 642 sed
652 592 705 636 et
728 579 956 652 pluries,
996 575 1141 631 sicut
1173 569 1343 636 nosti.
1372 582 1538 640 quam
1571 563 1766 636 agendi
1791 560 1957 619 ratio-

386 645 515 734 nem
548 645 785 732 testatus
838 678 923 724 est
955 669 1117 731 Deus,
1151 671 1209 718 tu
1259 669 1440 719 autem
1476 656 1724 713 divinum
1783 645 1959 707 sancti

392 769 570 826 Patris
595 765 828 822 Verbum
853 759 1130 831 pravando
1153 751 1458 818 frustraris,
1475 748 1526 804 vi
1554 761 1758 820 cogens
1771 753 1832 799 ut
1851 756 1958 797 non

391 862 457 917 de
492 858 589 914 illo
613 856 795 924 capite
825 853 984 915 bene,
1026 860 1157 902 vero
1183 844 1252 900 de
1283 842 1391 897 alio
1438 838 1712 912 prolatum
1770 832 1959 895 fuerit,

390 951 632 1019 illudque
657 945 831 999 aliena
856 939 1185 1012 cogitatione
1207 933 1382 1005 adigis
1407 939 1468 986 ut
1483 927 1780 986 secundum
1812 934 1958 979 tuam

389 1013 663 1099 errantem
709 1034 1021 1106 opinionem
1074 1027 1273 1099 cogitet
1336 1030 1391 1079 et
1438 1015 1750 1090 cogitetur!
1818 1013 1960 1083 Ergo
2002 1054 2007 1059 .

394 1133 736 1203 temetipsum
767 1124 1004 1184 seducis.
1042 1120 1108 1175 Et
1170 1118 1216 1174 si
1247 1112 1537 1188 protuleris
1566 1106 1830 1182 Cyrillum
1860 1114 1956 1159 aut

396 1226 672 1289 Basilium,
707 1221 785 1275 vel
818 1232 942 1270 vere
963 1227 1217 1284 magnum
1250 1206 1607 1262 Athanasium
1630 1210 1684 1255 et
1708 1196 1962 1266 Augusti-

394 1333 547 1378 num.
583 1323 636 1369 et
665 1309 1035 1370 Ambrosium,
1064 1319 1164 1372 ego
1221 1301 1389 1355 etiam
1420 1297 1516 1353 tibi
1579 1295 1697 1364 ipse
1734 1300 1862 1345 ante
1913 1298 1964 1341 te

395 1407 634 1480 profero,
668 1405 747 1457 vel
789 1402 952 1457 etiam
983 1398 1154 1452 multo
1185 1395 1394 1465 plures,
1422 1390 1686 1461 quoniam
1738 1386 1790 1439 in
1830 1381 1965 1452 ipsis

389 1517 492 1572 ego
528 1493 1068 1570 potiusconlidenter
1097 1487 1394 1560 gloriabor,
1427 1493 1480 1540 et
1508 1486 1832 1552 argumenta
1873 1486 1963 1530 tua

393 1568 597 1648 Graecis
630 1590 791 1658 digna
820 1586 1019 1656 quibus
1058 1580 1310 1652 gloriaris
1338 1593 1403 1633 ex
1471 1586 1652 1630 mente
1698 1568 1964 1641 repudio;

393 1701 497 1755 ego
539 1697 671 1737 vero
697 1682 750 1734 in
803 1678 1067 1731 honorem
1091 1686 1269 1728 causa:
1297 1684 1428 1725 mea:
1465 1667 1601 1722 alios
1651 1665 1829 1719 adhuc
1872 1661 1966 1730 qui

396 1786 523 1830 ante
593 1774 775 1827 dictos
824 1775 1012 1823 t’atres
1058 1765 1315 1817 vixerunt
1388 1771 1714 1830 proponam,
1771 1766 1967 1822 nempe

404 1864 738 1934 Dionysium,
765 1868 967 1913 etcum
999 1856 1117 1925 ipso
1146 1850 1491 1913 Jerotbenm,
1542 1859 1753 1901 necnon
1782 1842 1968 1912 signo-
2001 1831 2041 1887 Β

396 1973 517 2012 rum
573 1953 822 2023 opiﬁcem
880 1946 1228 2018 Gregorium,
1263 1941 1545 1998 Justinutn
1581 1936 1964 2009 philosophum

394 2060 451 2101 et
485 2054 802 2116 martyrem,
834 2042 1066 2109 ejusque
1112 2044 1493 2091 antecessores
1540 2038 1595 2085 et
1620 2038 1965 2093 .coaetaneos,

400 2141 622 2208 insuper
680 2131 1000 2203 Gregorium
1055 2137 1108 2183 et
1157 2123 1506 2196 Gregorium,
1561 2118 1826 2175 Joannem
1876 2131 1969 2174 ore

398 2202 649 2288 aureum,
682 2202 977 2276 Maximum
1029 2224 1085 2271 et
1118 2213 1385 2268 Joannem
1433 2205 1811 2277 philosophos,
1850 2202 1970 2256 uni-

399 2331 730 2386 versumque
757 2328 880 2367 cum
917 2307 1050 2378 ipsis
1083 2304 1303 2357 Patrum
1333 2299 1585 2354 chorum.
1620 2295 1702 2349 Tu
1750 2291 1970 2365 quidem

400 2412 574 2469 stabis
605 2406 954 2461 contentione
985 2401 1275 2467 disputans
1314 2402 1370 2448 et
1427 2387 1770 2461 argumentis
1820 2387 1968 2438 inso-

402 2507 660 2568 lcsm'ns;
696 2514 793 2566 ego
814 2504 1000 2550 autem
1038 2492 1215 2546 dicam
1252 2497 1304 2543 te
1330 2485 1648 2553 Scripturas
1687 2488 1741 2534 et
1781 2476 1974 2531 Patres

403 2599 536 2652 illisa
569 2591 933 2662 explicatione
965 2594 1315 2649 corrumpere
1343 2589 1397 2632 et
1418 2573 1722 2645 aspernari,
1747 2570 1972 2626 Graeco-

403 2702 630 2758 rumque
681 2699 785 2738 non
837 2679 1059 2734 Patrum
1118 2688 1238 2730 esse
1292 2667 1639 2739 discipulum.
1694 2664 1971 2723 Attamen,

404 2785 447 2836 si
476 2782 689 2837 vellem.
720 2791 820 2843 ego
845 2785 1064 2842 quoque
1097 2768 1271 2823 habeo
1308 2768 1633 2831 argumenta
1667 2758 1777 2811 tuis
1835 2769 1974 2823 pra:-

402 2873 605 2928 stant'ta
629 2869 831 2937 quibus
869 2863 1195 2933 dejiciantur
1223 2855 1532 2925 sophistica:
1562 2861 1669 2905 tua:
1700 2850 1977 2914 ratiuncu-

404 2968 491 3027 lae,
522 2964 612 3021 illa
653 2970 835 3015 autem
879 2954 1094 3024 rejicio,
1130 2959 1184 3004 et
1208 2944 1709 3003 demonstrationes
1771 2955 1837 2994 ex
1874 2937 1979 2991 Pa-

407 3058 583 3111 tribus
599 3061 902 3116 eorumque
918 3042 1264 3100 sermonibus
1282 3050 1629 3107 componam.
1657 3033 1739 3086 Tu
1758 3029 1976 3101 quidem

406 3145 753 3207 Aristotelem
815 3151 869 3194 ct
913 3137 1196 3191 Platonem
1252 3131 1332 3186 vel
1379 3131 1542 3184 etiam
1579 3125 1867 3197 quemdam
1909 3136 1973 3175 ex

410 3241 568 3296 noris
610 3237 720 3292 tuis
750 3231 1070 3288 doctoribus
1094 3239 1356 3296 repones;
1392 3222 1485 3275 sed
1530 3235 1630 3289 ego
1675 3216 1770 3271 tibi
1802 3216 1981 3285 pisca-

412 3343 561 3387 tores
595 3340 868 3399 opponam
902 3333 1201 3392 eorumque
1233 3313 1642 3386 pradieationis
1694 3307 1985 3365 sincerita-

412 3434 542 3489 tem,
581 3430 634 3475 et
672 3398 855 3474 veram
890 3414 1211 3484 sapientiam
1235 3423 1399 3479 quam
1437 3413 1492 3459 tu
1516 3401 1803 3459 stultitiam
1832 3398 1981 3468 judi-

412 3487 533 3579 σεε,
591 3511 672 3565 vel
743 3510 908 3562 etiam
980 3500 1301 3570 simpliciter
1362 3494 1580 3566 pietatis
1658 3487 1980 3561 mysterium

413 3601 781 3676 quodPaulus
805 3608 1062 3666 maguum
1086 3607 1211 3646 esse
1228 3597 1377 3643 recte
1397 3584 1675 3657 praedicat,
1694 3590 1747 3635 et
1764 3582 1984 3650 sapien-

414 3675 540 3752 tiam
563 3704 709 3749 tnam
743 3690 965 3745 stultam
998 3686 1216 3748 faciam,
1248 3692 1301 3738 et
1323 3683 1499 3736 dicam
1537 3695 1552 3731 :
1587 3694 1607 3727 ι
1634 3675 1801 3729 Deum
1831 3685 1986 3726 nemo

413 3791 555 3845 vidit
591 3791 830 3856 unquam
856 3798 874 3850 ;
902 3778 1132 3836 manein
1162 3778 1242 3831 eis
1278 3789 1399 3844 quae
1429 3771 1667 3826 didicisti
1698 3774 1752 3822 et
1800 3765 1985 3820 consi-

416 3883 571 3946 dera,
629 3880 809 3932 sciens
861 3890 892 3928 a
935 3887 1045 3942 quo
1106 3869 1381 3935 didicisti;
1424 3864 1617 3919 stultas
1661 3859 1989 3932 quaestiones

416 3972 641 4034 devita;
673 3964 929 4036 prmcipio
962 3960 1060 4015 tibi
1113 3973 1297 4014 coram
1357 3956 1578 4009 Christo
1629 3948 1783 4013 Iesu,
1834 3961 1989 4003 sorva

420 4063 616 4117 bonam
639 4056 1040 4110 confessionem
1067 4065 1085 4118 ;
1111 4056 1166 4104 et
1187 4046 1600 4101 fundamentum
1632 4037 1778 4095 aliud
1833 4052 1990 4091 nemo

422 4156 600 4220 potest
638 4160 840 4216 ponere
864 4149 1060 4211 praeter
1100 4138 1152 4192 id
1180 4134 1326 4205 quod
1356 4135 1592 4204 positum
1631 4138 1751 4193 est;
1777 4127 1822 4182 si
1869 4127 1992 4196 quis

420 4236 880 4310 evaugcltzaverit
930 4231 1085 4285 vobis
1140 4236 1336 4301 praeter
1385 4226 1438 4278 id
1490 4223 1636 4294 quod
1678 4221 1992 4290 accepistis,

424 4336 712 4389 anathema
740 4331 830 4383 sit.
863 4344 881 4377 ι
923 4327 985 4378 Et
1009 4336 1063 4377 tu
1088 4319 1309 4393 quidem
1339 4320 1414 4373 ita
1437 4316 1727 4374 reverteris
1758 4328 1991 4373 vacuus.

423 4439 526 4495 ego
557 4436 683 4477 vero
706 4419 982 4491 gloriabor
1028 4416 1081 4470 in
1104 4414 1273 4484 gloria
1321 4412 1539 4466 Patrum
1575 4422 1845 4470 meorum,
1885 4418 1993 4457 non

2062 558 2179 621 νίας
2221 556 2677 623 ἑπεκδικήσωσιν.
2716 548 3032 618 Ἄνθρωπε,
3062 544 3265 605 πάντες
3306 539 3443 609 ὁμυῦ
3474 557 3635 596 owe-

2061 645 2322 719 φώνησαν
2346 646 2396 699 oi
2422 641 2688 713 Πατέρες,
2717 638 2810 693 καὶ
2839 638 2900 690 ού
2926 635 3057 707 μίαν
3082 633 3116 705 ἦ
3146 633 3227 697 δὶς
3247 631 3409 697 μόνον
3432 631 3467 704 ἢ
3488 633 3637 703 τρὶς,

2062 739 2198 792 ἀλλὰ
2227 739 2321 789 καὶ
2367 735 2623 801 ἑπτάκις,
2656 733 2731 794 ὼς
2779 724 2960 782 οἶσθα.
3019 727 3129 781 Kal
3172 726 3235 778 τὸ
3270 725 3402 795 παρ’
3453 726 3635 780 αὐτῶν

2061 829 2195 891 Θεὸς
2235 824 2651 897 μεμαρτύρηκε.
2688 822 2758 876 Σὺ
2793 820 2849 874 δὲ
2885 819 3141 881 κλέπτεις
3174 817 3339 888 ῥητόν
3384 833 3438 870 τι
3487 815 3635 870 θεῖον

2061 916 2384 989 κακουργῶν
2424 916 2583 986 ἁγίου
2626 913 2862 985 Πατρδς,
2898 910 3215 979 ἀναγκαίως
3250 908 3393 979 ὑπὲρ
3440 909 3636 979 ἑτέρου

2063 1012 2400 1082 ζητήματος,
2435 1009 2528 1062 καὶ
2562 1006 2854 1083 οὖχ,ύπὲρ
2906 1003 3100 1057 τούτου
3153 1000 3305 1071 αύτῷ
3348 999 3630 1072 ῥηθέντος,

2064 1107 2158 1162 καὶ
2191 1106 2312 1191 καθ’
2346 1104 2540 1171 ἑτέραν
2594 1101 2825 1162 ἔννοιαν,
2860 1096 2955 1151 καὶ
2985 1099 3142 1149 τοῦτο
3178 1093 3342 1168 βιάζῃ
3375 1095 3513 1147 νοεῖν
3537 1092 3634 1146 καὶ

2065 1184 2300 1251 νοεῖσθαι
2354 1194 2492 1248 κατὰ
2528 1193 2626 1263 τὴν
2680 1188 3110 1258 πεπλανημένην
3145 1186 3305 1253 δόξαν
3337 1185 3438 1255 τὴν
3487 1184 3590 1253 σήν
3618 1198 3636 1249 ;

2065 1288 2419 1361 Φρεναπατᾷς
2452 1283 2546 1338 οῦν
2582 1282 2795 1337 ἑαυτόν.
2823 1281 2930 1333 Kal
2963 1282 3011 1332 si
3038 1278 3335 1349 προφέρεις
3367 1276 3640 1345 Κύριλλου

2065 1384 2099 1455 ἢ
2144 1380 2445 1443 Βασίλειον,
2477 1378 2509 1447 ἢ
2543 1375 2868 1431 Ἀθανάσιον
2914 1372 3005 1425 τὸν
3044 1369 3259 1441 ἀληθῶς
3282 1368 3638 1444 ὶμέγαν,“καὶ

2066 1473 2429 1544 λύγουστῖνόν
2464 1489 2523 1525 τε
2558 1470 2654 1524 καὶ
2684 1466 3010 1539 ’Δμόρόσιον
3030 1479 3043 1494 ·
3078 1465 3174 1516 καὶ
3223 1461 3385 1524 αὑτός
3416 1475 3500 1512 σοι
3528 1458 3639 1530 γὰρ

2068 1568 2289 1629 τούτους
2342 1566 2448 1636 πρὸ
2483 1563 2579 1617 σοῦ
2635 1562 2919 1633 προφέρω,
2952 1559 3049 1615 καὶ
3084 1557 3179 1617 ἔτι
3204 1555 3330 1619 τοὺς
3361 1554 3639 1616 πλείονας,

2067 1662 2191 1715 ἐπεὶ
2218 1660 2311 1713 καὶ
2340 1659 2437 1711 ἐπὶ
2456 1655 2666 1719 τούτοις
2702 1654 2909 1726 μᾶλλον
2935 1650 3156 1723 θαρῤὦν
3185 1646 3298 1713 ἐγὼ
3316 1644 3640 1715 καυχῶμαι.

2071 1752 2182 1806 Kal
2235 1752 2303 1805 τὰ
2353 1749 2643 1820 Ἑλληνικά
2697 1764 2793 1803 σου
2854 1745 3166 1813 σοφίσματα
3216 1736 3298 1805 οῖς
3350 1738 3512 1801 αὐτὸς
3545 1738 3641 1805 ἑγ-

2071 1846 2269 1919 καυχᾷ,
2303 1844 2722 1912 ἀποστρέφομαι
2748 1840 2812 1893 ὲκ
2842 1836 3042 1907 ψυχῆς.
3086 1831 3389 1904 Προσθήσω
3415 1829 3473 1884 δὲ
3501 1827 3645 1900 ὑπὲρ

2074 1937 2206 2010 ἐμοῦ
2250 1936 2500 1998 καὶτοὺς
2546 1932 2653 2007 πρὸ
2704 1932 2811 1984 τῶν
2856 1929 3163 2000 εἰρημένων
3209 1925 3403 1988 ἄλλους
3450 1923 3647 1990 ἁγίων,

2071 2027 2349 2083 Διονύσιόν
2398 2028 2565 2098 φημι,
2606 2023 2701 2078 καὶ
2758 2021 3025 2093 Ἰερὸθεον
3075 2018 3173 2071 σὺν
3212 2014 3383 2086 αὐτῷ,
3425 2013 3518 2068 καὶ
3553 2014 3649 2065 τὸν

2071 2120 2501 2193 Θαυματουργὸν
2547 2116 2768 2187 Πατέρα
2807 2113 3130 2185 Γρηγόριον,
3174 2108 3392 2163 καὶτὸν
3427 2105 3646 2175 φιλόσο-

2075 2230 2173 2283 φον
2199 2213 2496 2266 Ἰουστίνον
2549 2208 2644 2261 καὶ
2682 2206 2959 2276 μάρτυρα,
2994 2202 3088 2256 καὶ
3135 2200 3263 2267 τοὺς
3315 2198 3424 2269 πρὸ
3450 2196 3652 2249 τούτου

2074 2306 2171 2359 καὶ
2226 2303 2324 2355 σὺν
2371 2300 2586 2371 τούτῳ·
2620 2299 2700 2351 ἔτι
2733 2314 2790 2351 τε
2826 2296 3129 2367 Γρηγόριον
3178 2291 3273 2346 καὶ
3323 2289 3655 2361 Γρηγὸριον,

2073 2397 2328 2465 Ἰωάννην
2362 2410 2421 2445 τε
2451 2392 2541 2445 τὸν
2576 2389 2835 2460 χρυσοῦν,
2866 2388 2961 2443 καὶ
2992 2386 3249 2453 Μάξιμον
3273 2384 3367 2436 καὶ
3390 2381 3655 2448 Ἰωάννην

2073 2487 2198 2550 τοὺς
2228 2480 2580 2555 φιλοσόφους,
2611 2481 2706 2534 καὶ
2742 2481 2840 2535 σὺν
2874 2480 3067 2540 αὐτοῖς
3099 2476 3275 2530 πάντα
3302 2474 3390 2526 τὸν
3411 2472 3518 2526 τῶν
3541 2472 3656 2524 Πα-

2075 2579 2248 2647 τέρων
2284 2576 2463 2645 χορόν.
2501 2574 2609 2627 Καὶ
2662 2574 2726 2626 σὺ
2792 2572 2896 2638 μὲν
2945 2570 3117 2641 στήσῃ
3171 2563 3519 2635 φιλονεικῶν,
3555 2562 3656 2614 καὶ

2079 2667 2461 2738 συλλογισμοῖς
2520 2663 2931 2736 φρυαττόμενος
2965 2677 2979 2691 ·
3017 2660 3191 2729 ἔγωγε
3229 2659 3286 2712 δὲ
3328 2658 3404 2722 ὡς
3437 2672 3654 2727 παρερ-

2083 2761 2335 2831 μηνεύεις
2372 2761 2467 2811 καὶ.
2502 2756 2813 2818 Staseam;
2858 2754 2969 2825 ἐρῶ
3016 2755 3115 2814 τὰς
3157 2750 3380 2822 Γραφὰς
3408 2746 3656 2807 καὶτοὺς

2081 2856 2358 2924 Πατέρας,
2381 2853 2477 2904 καὶ
2502 2851 2576 2911 ὡς
2603 2850 2715 2903 τῶν
2751 2838 3025 2919 Ἑλλήνων
3056 2851 3150 2900 καὶ
3180 2846 3241 2898 ού
3263 2844 3369 2897 τῶν
3397 2841 3658 2913 Πατέρων

2085 2946 2335 3017 μαθητὴς
2383 2939 2452 2998 εί.
2506 2941 2701 2997 Καίτοι
2733 2956 2797 3009 γε
2833 2942 2880 2994 εί
2921 2937 3238 3011 βουλοίμην,
3280 2934 3376 2990 καὶ
3406 2933 3659 3000 συλλογι-

2086 3038 2255 3108 σμοῦς
2290 3035 2432 3107 ὑπὲρ
2461 3036 2592 3099 τοὺς
2624 3035 2749 3096 σοὺς
2792 3032 2935 3086 κατὰ
2959 3030 3067 3084 τῶν
3095 3030 3203 3083 σῶν
3237 3026 3518 3098 λογισμῶν
3544 3024 3661 3079 τῶν

2087 3131 2417 3198 σοφιστικῶν
2469 3130 2769 3195 κέκτημαι.
2821 3122 3174 3195 Ἀπορῤίπτω
3201 3121 3256 3173 δὲ
3286 3119 3531 3181 τούτους,
3579 3115 3661 3180 ὡς

2090 3221 2165 3289 μὴ
2193 3218 2283 3272 διὰ
2313 3216 2413 3286 τῆς
2445 3215 2615 3285 θύρας
2641 3213 3081 3283 εἰσερχομένους,
3108 3211 3203 3263 καὶ
3228 3210 3325 3272 τὰς
3353 3205 3663 3272 ἀποδείξεις

2086 3313 2151 3364 ἐκ
2183 3310 2291 3362 τῶν
2328 3308 2584 3378 Πατέρων
2616 3306 2713 3358 καὶ⁴
2746 3305 2860 3357 τῶν.
2902 3305 3125 3357 ἐκείνων
3161 3320 3244 3355 σοι
3277 3301 3450 3371 λόγων
3497 3298 3659 3371 ποιήο

2090 3418 2275 3472 σομαι.
2307 3400 2417 3453 Kal
2448 3400 2512 3452 σῦ
2546 3399 2648 3469 μὲν
2677 3398 2995 3468 ἁντιφήσεις
3017 3397 3084 3449 τὰ
3116 3395 3536 3469 Ἀριστοτέλους
3565 3396 3666 3448 καὶ

2090 3493 2399 3554 Πλάτωνος.
2429 3492 2508 3544 ἔτι
2552 3491 2607 3542 δὲ
2652 3491 2748 3542 καὶ
2794 3489 2902 3542 τῶν
2955 3491 3090 3540 νέων
3132 3504 3226 3540 σου
3279 3486 3662 3541 διδασκάλωνο

2087 3583 2195 3653 ἐγὼ
2224 3585 2279 3638 δέ
2310 3601 2391 3638 σοι
2428 3583 2556 3646 τοὺς
2590 3582 2761 3642 ἁλιεῖς
2793 3580 3095 3649 ἀντιθήσω,
3119 3583 3205 3632 καὶ
3243 3579 3303 3631 τὸ
3330 3577 3538 3632 ἁπλοῦν
3566 3580 3670 3632 αύ-

2088 3676 2197 3728 τῶν
2226 3675 2319 3728 τοῦ
2352 3674 2730 3742 κηρύγματος,
2762 3673 2853 3724 καὶ
2884 3671 2984 3742 τὴν
3018 3672 3187 3733 ὅντως
3227 3670 3443 3737 σοφίαν,
3474 3670 3671 3724 δοκοῦ-

2091 3786 2188 3822 σαν
2217 3767 2275 3819 δέ
2307 3783 2389 3819 σοι
2425 3766 2658 3834 μωρίαν.
2685 3762 2794 3817 Καὶ
2825 3762 2905 3815 ἔτι
2932 3762 2991 3814 τὸ
3014 3765 3110 3831 τῆς
3145 3761 3427 3826 εὐσεϐείας
3456 3763 3674 3832 μυστή-

2092 3879 2209 3933 ριον
2240 3863 2298 3913 ἐν
2332 3859 2614 3919 ἁπλότητι,
2646 3859 2784 3924 ὅπερ
2814 3857 2841 3907 ὁ
2872 3854 3080 3917 Παῦλος
3129 3856 3271 3924 μέγα
3305 3850 3445 3909 εἶναι
3472 3848 3691 3926 ὁμολοιῗ

2091 3957 2378 4027 γουμένως
2417 3955 2707 4026 μαρτυρεῖ.
2751 3952 2859 4005 Kal
2886 3950 2986 4019 τὴν
3022 3950 3216 4017 σοφίαν
3255 3966 3348 4003 σου
3405 3945 3670 4019 μωρανῶ.

2092 4050 2222 4115 Kal,
2257 4068 2275 4100 ι
2304 4048 2407 4100 Τὸν
2435 4046 2569 4099 Θεὶν
2592 4045 2767 4108 ιύδεὶς
2804 4044 3015 4115 ἑώρακε
3040 4041 3316 4107 minitare,»
3350 4040 3670 4113 προσθήσω.

2094 4142 2225 4207 Καὶ,
2253 4159 2271 4191 ι
2293 4139 2441 4193 Μένε
2463 4142 2520 4192 ἐν
2540 4132 2622 4201 οἷς
2651 4135 2846 4206 ἔμαθες
2871 4137 2964 4188 καὶ
2988 4134 3318 4203 ἐπιστώθης,
3339 4135 3493 4199 εἰδὼς
3516 4133 3676 4204 παρὰ

2092 4233 2236 4293 τίνος
2272 4229 2493 4299 ἔμαθες.
2522 4247 2540 4280 ι
2573 4227 2682 4281 Kal
2706 4226 2787 4292 τὸ,
2833 4246 2851 4278 ε
2876 4224 2986 4288 Τὰς
3023 4224 3209 4298 μωρὰς
3243 4225 3498 4297 ζητήσεις
3515 4242 3676 4296 -παρ-

2096 4323 2274 4377 αιτοῦ.
2315 4338 2334 4374 ι
2379 4321 2489 4375 Kal
2524 4317 2896 4393 παραγγέλλω
2924 4333 3005 4372 σοι
3035 4318 3268 4372 ἐνώπιον
3316 4317 3498 4389 Ἰησοῦ
3532 4317 3672 4385 Χρι-

2101 4413 2253 4480 στοῦ,
2278 4411 2511 4482 φύλαξον
2561 4411 2659 4483 τὴν
2692 4409 2864 4479 καλὴν
2914 4410 3230 4481 ὁμολογίαν.
3276 4409 3390 4464 Kal
3419 4409 3680 4478 θεμέλιον

426 4518 573 4570 enim
610 4521 869 4568 evacuata
900 4509 1005 4563 fuit
1027 4522 1161 4563 crux
1201 4504 1424 4568 Christi,
1458 4503 1561 4556 etsi
1593 4501 1713 4570 ejus
1740 4497 1983 4567 prtudica‘

2103 4506 2262 4562 ἄλλον
2290 4504 2465 4567 οὐδεὶς
2494 4502 2718 4556 δύναται
2747 4501 2921 4557 θεῖναι
2955 4501 3106 4571 παρὰ
3133 4502 3223 4554 τὸν
3255 4501 3529 4571 κείμενον.
3567 4501 3678 4555 Kal

429 4610 503 4664 tio
531 4604 854 4677 quibusdam
886 4599 1117 4655 stultitia
1168 4597 1440 4651 videatur.
1473 4593 1630 4649 Unde
1684 4589 1996 4658 accepimus
2028 4636 2043 4649 κ

430 4695 574 4765 quod
600 4688 955 4761 acet-pimus?
982 4687 1029 4743 A
1068 4686 1296 4758 Spiritu.
1327 4685 1391 4739 Et
1428 4684 1744 4757 quicunque
1789 4679 1996 4749 Spiritu

431 4790 526 4845 Dei
555 4797 815 4858 aguntur,
849 4784 882 4836 ii
910 4790 1038 4837 sunt
1064 4781 1157 4835 lilii
1193 4780 1309 4845 Dei,
1334 4793 1567 4848 quarum
1601 4772 1997 4830 sententiarum

432 4885 567 4938 lines
595 4881 916 4951 protrahere
949 4890 1056 4929 non
1082 4882 1320 4945 oportet.
1364 4870 1496 4924 Vide
1522 4868 1689 4939 igitur
1714 4880 1780 4920 ne
1802 4865 2002 4920 stultus

432 4976 734 5036 tiaslilius,
761 4972 850 5041 qui
880 4984 1045 5023 natus
1075 4983 1135 5022 cs
1161 4982 1225 5021 ex
1251 4965 1507 5018 Patribus
1540 4962 1632 5031 qui
1660 4970 1713 5015 te
1738 4961 1788 5014 in
1824 4958 2002 5031 Spiri-

430 5070 491 5122 tu
525 5075 848 5137 genuerunt,
876 5078 1053 5130 neque
1076 5060 1317 5114 videaris
1344 5055 1625 5124 generatio
1653 5069 1819 5123 prava
1840 5063 2003 5123 atque

395 5154 690 5232 'pctversa
717 5173 906 5212 eorum
939 5156 1032 5223 qui
1068 5154 1289 5204 minime
1318 5163 1439 5217 qua:
1467 5146 1680 5201 Domini
1714 5156 1866 5211 sunt,
1910 5147 2004 5201 sed

433 5238 557 5322 quae
587 5264 686 5305 sua
723 5256 851 5302 sunt
888 5252 1162 5314 quaerunt,
1193 5236 1286 5310 qiti
1335 5254 1439 5292 non
1477 5237 1530 5290 in
1564 5238 2005 5303 aedificationem,

432 5345 530 5399 sed
556 5341 611 5394 in
648 5338 1075 5393 destructionem
1113 5328 1556 5385 ambulant.*$ed
1582 5329 1713 5396 quid
1747 5327 1840 5381 tibi
1894 5327 2009 5381 vult

438 5434 614 5490 multa
646 5433 761 5485 haec
788 5423 1107 5483 contentio?
1145 5424 1311 5476 Deum
1364 5419 1636 5474 noscere?
1663 5418 1838 5472 Nosce
1863 5419 2008 5471 sicut

427 5526 699 5582 didicisti.
727 5521 867 5575 Eum
892 5518 1055 5572 sicuti
1085 5525 1168 5571 est
1187 5511 1555 5583 cognoscere?
1596 5513 1701 5565 Sed
1731 5524 2007 5579 nunquam

2107 4600 2160 4652 εί
2186 4616 2267 4662 τις
2306 4595 2730 4663 εὐαγγελίζεται
2767 4594 2897 4664 ὑμῖν
2932 4592 3061 4661 παρ’
3090 4590 3117 4643 ὃ
3158 4590 3682 4664 παρελάϐετεκάνὰ-

2107 4656 2265 4760 θεμα⁷
2286 4656 2598 4743 ἔστωΐίίαὶ⁷
2622 4684 2764 4738 οὕτω
2805 4656 2870 4736 σὺ
2920 4656 3025 4755 μὲν.
3047 4656 3327 4752 ἀπελεύσῃ
3357 4656 3535 4747 κενὸς,
3567 4679 3687 4747 ἐγὼ

2108 4784 2162 4837 δὲ
2188 4780 2586 4850 δοξασθήσομαι
2619 4780 2678 4831 ὲν
2710 4779 2779 4848 τῇ
2810 4775 2922 4829 τῶν
2976 4775 3234 4842 Πατέρων
3268 4790 3371 4841 μου
3418 4772 3570 4843 δόξῃ.
3601 4774 3683 4824 Οὐ

2110 4875 2219 4944 γὰρ
2253 4875 2328 4943 μὴ
2362 4870 2578 4940 κενωθῇ
2610 4885 2739 4921 ποτε
2765 4870 2793 4920 ὁ
2821 4865 3055 4935 σταυρὸς
3098 4865 3190 4918 τοῦ
3227 4863 3486 4935 Χριστοῦ,
3510 4865 3559 4917 εί
3586 4866 3685 4919 καὶ

2115 4968 2298 5039 μωρία
2331 4965 2473 5030 δόξει
2502 4962 2615 5015 τισὶ
2654 4961 2715 5015 τὸ
2758 4960 3040 5030 κήρυγμα.
3091 4956 3262 5009 Πόθεν
3290 4957 3347 5008 δὲ
3375 4955 3687 5026 παρελάϐο-

2116 5078 2217 5131 μεν
2245 5059 2272 5111 ὃ
2305 5056 2690 5128 παρελάϐομεν
2713 5068 2731 5121 ;
2755 5053 2892 5106 Ἀπὸ
2915 5052 3024 5104 τῶν
3056 5048 3151 5115 τοῦ
3179 5049 3518 5120 Πνεῦματος.
3544 5049 3685 5117 Kal,

2121 5168 2139 5203 ο
2189 5150 2345 5202 Ὅσοι
2397 5145 2679 5212 Πνεύματι
2733 5141 2872 5196 Θεοῦ
2925 5141 3174 5209 ἄγονται,
3210 5134 3356 5195 οῦτοί
3402 5142 3543 5194 εἰσιν
3575 5142 3686 5193 υἱοὶ

2115 5239 2272 5294 Θεοῦ.
2311 5256 2331 5291 ι
2365 5236 2474 5290 Kal
2506 5237 2565 5289 ού
2598 5235 2679 5288 δεῖ
2715 5233 2995 5303 μεταίρειν
3020 5235 3225 5286 τούτων
3261 5231 3327 5285 τὰ
3363 5212 3510 5299 ὅρια.
3543 5229 3688 5299 Ὅρα

2117 5336 2301 5386 τοίνυν
2332 5331 2407 5401 μὴ
2440 5327 2703 5398 μωμητὸν
2737 5327 2867 5395 γένῃ
2886 5325 3095 5389 τέκνον,
3124 5324 3262 5376 κατὰ
3284 5323 3390 5375 τῶν
3423 5338 3688 5392 γεγεννη-

2117 5426 2294 5478 κότων
2327 5424 2384 5475 ὲν
2416 5420 2694 5490 [Ι-λεύματι
2735 5414 2995 5484 γεγονὼς,
3037 5417 3132 5469 καὶ
3165 5416 3327 5484 γενεὰ
3372 5416 3559 5469 σκολιὰ
3592 5419 3690 5469 καὶ

2117 5512 2528 5584 διεστραμμένη
2551 5511 2745 5581 ὀφθῇς,
2771 5511 2865 5563 καὶ
2909 5511 3019 5565 τῶν
3049 5512 3123 5580 μὴ
3154 5509 3459 5580 ζητούντων
3490 5509 3558 5563 τὰ
3578 5509 3687 5575 ιτοῦ

440 5618 586 5673 istud
618 5615 832 5669 discere
879 5608 1126 5679 puteris;
1156 5616 1239 5661 est
1273 5607 1420 5658 enim
1468 5601 1982 5672 incomprehensibi

2121 5607 2350 5677 Κυρίου,
2372 5604 2508 5658 ἀλλὰ
2538 5604 2601 5656 τὰ
2630 5604 2861 5671 ἑαυτῶν,
2893 5603 2989 5657 καλ⁸
3016 5602 3124 5656 τῶν
3155 5601 3255 5655 οὑκ
3288 5606 3367 5667 εἰς
3397 5600 3693 5672 οἰκοδομὴν

438 5711 534 5776 lis,
570 5718 623 5762 et
648 5722 754 5759 nou
781 5704 876 5757 tibi
901 5711 1137 5767 tantum,
1195 5698 1290 5754 sed
1334 5710 1388 5751 et
1432 5697 1667 5765 angelis,
1715 5695 1861 5763 quod
1912 5692 2010 5747 tibi

442 5789 682 5855 ostendit
704 5796 892 5850 doctor
924 5791 1105 5856 lingua
1133 5804 1333 5845 aureus
1354 5802 1372 5855 ;
1404 5790 1448 5842 si
1478 5789 1644 5841 istum
1669 5785 1828 5854 eique
1847 5784 2007 5840 simi-

2122 5693 2594 5767 σπεριπατούντων,
2638 5693 2753 5747 ἀλλ’
2802 5697 2884 5757 εἰς
2935 5693 3278 5762 καθαίρεσιν.
3328 5692 3489 5746 Ἀ).λὰ
3517 5692 3571 5744 τί
3605 5709 3693 5745 σοι
3761 5697 3775 5712 '

2125 5786 2373 5854 βούλεται
2404 5786 2466 5840 τὸ
2513 5785 2649 5839 πολὺ
2697 5784 2796 5853 τῆς
2850 5784 3220 5853 φιλονεικίας;
3263 5778 3396 5837 Θέὸν
3448 5780 3695 5845 εἰδέναι;
