4066 6480
330 416 419 481 Ml
1374 409 1757 474 DIALOGUS
1803 407 2109 476 CONTRA
2149 410 2544 473 H/ERESES.

3479 411 3581 476 122

323 531 493 587 Γνῶθι
523 531 598 592 ὠς
627 528 852 600 ἔμαθες.
901 525 1042 582 Ἀλλ’
1087 526 1161 590 ὡς
1210 524 1356 579 ἐστιν
1384 543 1399 593 ;
1431 526 1506 577 Οὐ
1543 525 1618 595 μὴ
1661 521 1898 594 δυνηθῇς

2015 525 2082 578 les
2114 524 2168 578 in
2204 540 2434 580 numero
2477 525 2776 594 putaveris,
2811 526 2922 582 noli
2971 528 3162 583 saltem
3192 527 3250 583 in
3288 541 3468 586 mente
3496 542 3587 587 tua

327 625 537 695 μαθεῖν.
592 622 702 677 Καὶ
750 623 861 691 γάρ
911 619 1296 688 ἅκατάληπτος
1323 634 1335 648 ·
1369 619 1463 671 καὶ
1493 617 1555 671 ού
1594 618 1674 670 σοὶ
1708 616 1892 685 μόνον,

324 719 456 773 ἀλλὰ
495 717 589 772 καὶ
619 719 731 780 τοῖς
753 716 1027 784 ἀγγέλοις.
1054 714 1166 768 Καὶ
1193 715 1222 766 ὁ
1254 711 1490 785 χρυσοῦς
1521 710 1620 782 τὴν
1645 711 1896 779 γλῶτταν

326 812 449 880 περὶ
481 809 669 862 τούτου
699 807 940 861 διδάσκει
979 823 1063 870 σε,
1096 805 1156 859 ετ
1180 821 1244 873 γε
1274 803 1369 859 καὶ
1404 803 1560 870 μέλει
1595 819 1678 854 σοι
1703 801 1896 854 τούτου

285 920 288 926 '
324 905 418 960 καὶ
448 905 552 957 τῶν
582 902 786 971 ὁμοίων
819 900 989 972 αὐτῷ,
1025 902 1119 953 καὶ
1160 900 1235 968 μὴ
1268 899 1363 952 καὶ
1392 897 1537 968 ὑπὲρ
1563 897 1786 972 τούτους
1811 894 1897 948 δο-

326 1000 439 1060 κείς
474 997 625 1065 παρὰ
664 992 878 1062 σεαυτῷ
921 993 1157 1062 φρονεῖν.
1184 990 1348 1043 Ἀλλὰ
1379 989 1461 1053 τίς
1495 989 1630 1042 Θεοῦ
1662 987 1769 1043 οἶδε
1800 989 1898 1058 φύ-

326 1089 493 1161 σιν,ἢ
537 1087 904 1157 ἐξηγόρευσε;
937 1085 1197 1155 Πείσθητι
1247 1083 1435 1136 λοιπὸν
1483 1085 1596 1145 τοῖς
1628 1082 1722 1136 τοῦ
1761 1085 1897 1136 Θεοῦ

325 1181 515 1249 φίλοις,
543 1175 622 1243 οἷς
657 1177 820 1241 αὐτὸς
875 1176 1093 1248 ἑωράθη
1143 1176 1270 1228 ὅσον
1315 1175 1543 1228 δυνατὸν
1571 1170 1659 1246 ἦν,
1696 1174 1770 1236 ὡς
1808 1175 1898 1227 καὶ

326 1275 530 1345 Μωῢσῇ
566 1269 852 1343 πρότερον,
884 1266 968 1334 οἷς
1016 1269 1405 1338 ἀπεκαλύφθη,
1441 1269 1518 1332 ὡς
1550 1268 1645 1323 καὶ
1675 1267 1752 1336 τῷ
1798 1269 1898 1321 Πέ-

329 1384 456 1438 τρῳ,
510 1359 591 1430 οἷς
636 1368 890 1436 ἐμφανὴς
928 1365 1172 1433 γέγονεν,
1199 1363 1275 1426 ὡς
1312 1364 1392 1433 τῷ
1423 1362 1626 1433 Παύλῳ
1655 1363 1751 1414 καὶ
1785 1364 1899 1424 τοῖς

326 1456 526 1527 ὁμοίοις
563 1455 780 1526 Παύλῳ.
825 1456 935 1508 Καὶ
983 1453 1234 1523 πείσθητι
1270 1453 1448 1522 τούτῳ
1482 1453 1557 1522 τῷ
1595 1451 1794 1522 Παύλῳ
1824 1451 1897 1513 ὡς

327 1554 402 1614 είς
429 1551 685 1620 οὐρανοὺς
717 1549 993 1603 ἀνελθόντι
1027 1546 1167 1618 ὑπὲρ
1199 1547 1257 1600 σὲ
1295 1547 1504 1619 (θαρρῶ
1541 1545 1769 1616 λέγειν),
1801 1543 1898 1596 καὶ

325 1643 432 1696 τῶν
469 1645 799 1714 ἀπορρήτων
837 1643 1133 1696 ἀκούσαντι
1165 1640 1417 1710 κρεῖττόν
1448 1656 1542 1691 σου
1571 1639 1666 1692 καὶ
1690 1638 1899 1708 κηρύσ-

329 1751 488 1799 σοντι,
521 1753 538 1786 ι
587 1733 847 1788 Πείθεσθε
897 1734 1008 1796 τοῖς
1059 1733 1389 1802 ἡγουμένοις
1433 1729 1587 1800 ὑμῶν
1633 1729 1742 1801 47
1806 1732 1900 1783 καὶ

329 1825 602 1881 ὑπείκετε.
628 1844 648 1877 ι
687 1827 1019 1894 Ἠγούμενος
1047 1825 1104 1877 δὲ
1134 1825 1244 1877 τῶν
1268 1823 1458 1892 ψυχῶν
1480 1823 1634 1891 ἡμῶν
1655 1814 1810 1883 οὗτός
1839 1837 1896 1873 τε

331 1921 426 1970 καὶ
449 1919 496 1970 oi
524 1919 622 1986 τῆς
649 1917 933 1972 εὐσεϐείας
966 1916 1230 1989 Πατέρες,
1258 1915 1308 1968 οἲ
1331 1913 1468 1986 όμοῦ
1494 1915 1694 1977 πάντες
1726 1917 1784 1965 τὸ
1803 1914 1902 1982 τῆς

329 2012 563 2074 πίστεως
597 2011 843 2074 ἐξέθεντο
870 2010 1173 2079 Σύμϐολον,
1202 2009 1297 2062 καὶ
1319 2007 1374 2061 οἳ
1401 2009 1564 2060 τοῦτο
1586 2005 1906 2075 καθωμολό-

328 2118 474 2170 γουν,
498 2103 592 2154 καὶ
623 2102 675 2154 οἳ
701 2105 838 2171 ὁμοῦ
888 2101 1320 2171 ἐπεσφράγιζον,
1369 2101 1433 2152 Ei
1484 2099 1528 2150 δ’
1581 2095 1696 2162 οὖν,
1725 2097 1906 2152 αὐτῶν

329 2196 677 2268 παρακούων,
707 2195 803 2250 καὶ
831 2195 1028 2258 αὐτοὺς
1071 2193 1303 2255 ἀθετῶν,
1329 2192 1568 2264 Χριστὸν
1599 2191 1836 2257 ἀθετεῖς,
1879 2193 1907 2244 ό

327 2289 558 2359 Χριστὲς
589 2289 718 2357 έφη,
760 2286 1000 2358 Χριστοῦ
1039 2283 1400 2356 παρακούετς,
1429 2286 1524 2337 καὶ
1553 2283 1662 2337 τῶν
1706 2285 1910 2337 Πεντα-

331 2381 562 2436 πολιτῶν
611 2383 789 2435 ἐκεῖσε
842 2382 1028 2451 χεῖρον
1067 2380 1477 2451 κατακριθήσῃ.
1518 2376 1909 2447 Ἀνεκτότερον

328 2478 433 2547 γὰρ
469 2477 619 2530 ἐσται
669 2475 924 2544 Σοδόμοις
953 2475 985 2544 ἢ
1017 2473 1342 2544 Γομόρῥοις,
1391 2473 1580 2542 φησιν,
1629 2473 1687 2524 ἐν
1727 2471 1910 2541 ἡμέρᾳ

329 2571 564 2640 κρίσεως
591 2567 624 2636 ἦ
653 2570 768 2630 τοῖς
806 2569 880 2636 μὴ
925 2566 1247 2636 δεξαμένοις
1279 2566 1338 2615 τὸ
1370 2565 1658 2634 κήρυγμα.
1689 2563 1912 2631 Κήρυγ-

333 2679 408 2730 μα
441 2662 500 2714 δέ
533 2659 795 2731 Χριστοῦ,
839 2659 912 2723 ὡς
940 2660 1001 2712 τὸ
1043 2660 1154 2711 τῶν
1185 2659 1505 2712 ἀποστόλων
1537 2658 1632 2711 καὶ
1659 2657 1767 2711 τῶν
1805 2659 1911 2710 Πα-

331 2757 526 2824 τέρων.
551 2754 658 2805 Καὶ
687 2754 736 2804 εἰ
775 2753 802 2805 ό
830 2751 1202 2816 σκανδαλίζων
1228 2751 1326 2805 ἕνα
1359 2751 1468 2804 τῶν
1505 2750 1719 2821 μικρῶν
1761 2749 1911 2802 ἀδελ-

333 2847 468 2918 φῶν,
495 2845 676 2915 ἐνοχος
721 2845 1132 2915 κατακρίματος
1179 2841 1534 2915 τηλικούτου,
1560 2845 1588 2895 ὁ
1619 2843 1912 2907 τοσούτους

335 2938 702 3003 σκανδαλίζων
729 2941 824 2992 καὶ
850 2938 1101 2993 διασπῶν
1125 2941 1314 2992 ὁποίου
1345 2953 1361 3004 ;
1393 2937 1610 2991 Γένοιτο
1634 2935 1692 2990 δέ
1719 2953 1913 2988 ταπει-

335 3032 574 3086 νωθέντα
616 3048 675 3085 σε
707 3034 774 3103 τῇ
811 3032 1046 3102 μιμήσει
1075 3029 1171 3084 τοῦ
1200 3028 1484 3101 εἰρηνικοῦ
1516 3045 1577 3082 τε
1613 3029 1707 3082 καὶ
1735 3029 1911 3097 πράου

337 3123 654 3177 ἐπανελθεῖν
682 3124 776 3176 καὶ
806 3121 1075 3191 ἐνωθῆναι
1123 3123 1237 3184 τοῖς
1288 3120 1430 3174 κατὰ
1471 3119 1609 3173 Θεὸν
1637 3120 1912 3189 ἀδελφοῖς,

2001 614 2247 685 cogitare
2275 626 2328 670 te
2365 616 2475 673 illis
2501 616 2706 686 majora
2739 633 3096 688 cognoscere.
3129 619 3236 675 Sed
3276 621 3402 690 quis
3432 634 3589 678 natu-

2003 722 2118 762 ram
2153 707 2247 762 Bei
2283 709 2416 764 vidit
2435 709 2514 764 vel
2552 709 3146 779 patefecit?Crctet-um
3173 717 3334 770 crede
3385 719 3585 772 amicis

2004 802 2316 874 Deiquibus
2345 805 2461 874 ipse
2484 814 2748 875 quantum
2783 805 2895 859 fieri
2947 815 3161 876 poterat
3212 811 3486 879 apparuit,
3525 823 3584 866 ut

2000 898 2154 968 prius
2185 897 2377 968 Moysi,
2405 898 2606 968 quibus
2635 899 2906 954 revelatus
2936 910 3042 965 est,
3067 911 3127 955 ut
3156 901 3342 968 Petro,
3379 907 3576 972 quibus

2005 989 2332 1045 manifestus
2356 989 2532 1046 fat-tus
2562 999 2666 1055 est,
2703 1000 2761 1045 ut
2786 991 2952 1045 Paulo
2985 1001 3037 1046 et
3065 994 3233 1048 Paulo
3266 996 3578 1065 similibus;

2001 1082 2163 1136 crede
2197 1082 2325 1136 huic
2347 1081 2522 1137 Paulo
2553 1083 2646 1152 qui
2671 1084 2800 1138 licet
2835 1084 2888 1137 in
2909 1086 3108 1138 uelum
3140 1087 3304 1142 altius
3325 1103 3488 1156 quam
3517 1099 3572 1145 tu

2003 1173 2367 1243 (conﬁdenter
2397 1174 2542 1241 dico)
2585 1177 2915 1240 ascenderit,
2968 1187 3020 1232 et
3072 1179 3365 1235 ineffabilia
3405 1183 3580 1252 magis

2002 1281 2166 1338 quam
2199 1277 2252 1321 tu
2286 1266 2560 1321 audiverit
2602 1285 2616 1321 :
2680 1286 2700 1319 ι
2731 1267 2984 1336 Obcdite,
3037 1258 3239 1340 inquit,
3279 1275 3585 1342 praepositis

2003 1360 2203 1414 vestris
2249 1370 2302 1431 et
2351 1359 2630 1429 subjarete
2670 1360 2772 1415 eis.
2809 1380 2826 1412 ι
2883 1360 3216 1430 Praepositus
3268 1365 3578 1421 animarum

2003 1462 2318 1506 nostrarum
2364 1451 2454 1505 ille
2516 1461 2599 1505 est
2627 1467 2935 1523 omnesque
2987 1455 3207 1524 pietatis
3235 1455 3447 1525 Patres,
3491 1461 3584 1528 qui

2003 1558 2193 1598 omnes
2238 1543 2400 1597 simul
2451 1544 2574 1598 tidei
2625 1545 2949 1614 Symbolum
3012 1548 3441 1616 constituerunt,
3492 1555 3587 1622 qui

2005 1637 2136 1691 illud
2170 1635 2411 1692 confessi
2438 1646 2588 1700 sunt,
2620 1639 2712 1708 qui
2746 1638 2880 1692 illud
2938 1639 3101 1694 simul
3131 1642 3582 1712 obsignaverunt.

2006 1730 2177 1801 Igitur
2217 1731 2262 1786 si
2289 1731 2425 1787 istos
2455 1746 2780 1802 aspernans,
2833 1733 3079 1802 istosque
3114 1735 3394 1804 rejicicns,
3425 1736 3587 1790 Chri-

2006 1832 2151 1877 stum
2206 1824 2544 1894 asperuaris,
2610 1833 2669 1878 ιιι
2727 1825 2806 1879 ait
2851 1825 3127 1892 Christus,
3188 1826 3589 1900 Christumque

2009 1915 2214 1984 rejicis,
2242 1916 2394 1986 pejus
2412 1917 2842 1986 l’entapolitanis
2865 1918 3137 1987 judicium
3173 1920 3425 1989 habebis;
3456 1939 3584 1977 nam

2011 2007 2354 2062 tolerabilius
2376 2009 2482 2062 erit
2511 2017 2669 2063 terra:
2698 2009 3066 2065 Sodomorum
3111 2020 3164 2066 et
3209 2011 3592 2069 Gontorrhaao-

2012 2115 2155 2165 rum,
2187 2102 2384 2170 inquit,
2407 2101 2461 2156 in
2489 2103 2578 2158 die
2601 2103 2794 2174 judicii
2825 2121 2988 2176 quam
3012 2107 3092 2164 eis
3113 2109 3208 2177 qui
3239 2125 3344 2164 non
3368 2124 3594 2181 recepe-

2011 2201 2140 2246 runt
2169 2194 2635 2262 prardicatiouetn,
2674 2211 2870 2266 nempe
2896 2198 3337 2266 prtedicationetn
3361 2202 3596 2268 Christi,

2013 2300 2137 2339 cum
2177 2286 2246 2340 ab
2273 2285 2552 2356 Apostolis
2602 2296 2660 2341 et
2713 2286 2970 2344 l’atribus
3011 2290 3155 2346 facta
3200 2292 3386 2348 fuerit.
3438 2295 3502 2350 Et
3552 2299 3598 2352 si

2015 2378 2143 2446 quis
2202 2380 2664 2436 scandalizaverit
2732 2400 2903 2438 unum
2961 2399 3027 2437 ex
3061 2386 3277 2455 pusillis
3340 2388 3603 2446 fratribus

2015 2486 2141 2526 reus
2165 2471 2271 2526 erit
2294 2481 2457 2527 tanta:
2475 2472 2874 2542 damnationis,
2902 2489 3119 2546 quantae
3138 2480 3229 2549 qui
3263 2490 3340 2534 tut
3362 2483 3561 2537 scanda
3579 2514 3594 2523 -

2016 2563 2263 2619 lizaverit
2297 2575 2355 2621 et
2402 2566 2455 2621 in
2515 2582 2683 2636 prava
2735 2569 3074 2625 distraxerit.
3133 2571 3349 2628 Utinam
3399 2584 3597 2632 temet-
3693 2555 3695 2558 1

2017 2658 2192 2726 ipsum
2250 2658 2546 2714 humilians
2579 2659 2646 2713 ad
2682 2663 2993 2729 exemplum
3038 2665 3248 2733 paciﬁci
3295 2671 3601 2722 mansueti-

2016 2765 2121 2819 que
2149 2748 2473 2814 Salvatoris,
2509 2753 2676 2806 redux
2711 2756 3008 2811 convenias
3038 2757 3103 2811 ad
3140 2772 3236 2814 eos
3264 2763 3357 2829 qui
3395 2774 3600 2814 secun-

2017 2843 2146 2896 dum
2187 2841 2353 2897 Deum
2386 2842 2585 2899 fratres
2619 2856 2768 2908 sunt,
2799 2857 2851 2901 et
2886 2864 3054 2902 unum
3091 2850 3190 2905 fras
3223 2865 3348 2905 cum
3381 2851 3605 2907 Christo

2017 2944 2072 2989 et
2097 2935 2208 2990 illis
2234 2935 2558 3006 Christique
2585 2937 2809 2992 famulis
2833 2938 3093 2996 Patrihus
3128 2944 3351 3006 nostris,
3406 2945 3603 3001 delini-

2018 3033 2134 3078 tum
2173 3024 2240 3080 ab
2271 3026 2349 3080 eis
2374 3027 2534 3094 quale
2593 3027 3019 3084 declaraveram
3077 3033 3397 3104 Symbolum
3456 3048 3602 3091 recta

2021 3116 2126 3171 fide
2159 3115 2466 3183 confessus,
2507 3127 2565 3172 ut
2595 3119 2684 3175 hic
2715 3131 2767 3175 et
2810 3121 2921 3176 illic
2949 3139 3117 3178 unum
3154 3125 3325 3182 simus
3360 3129 3413 3181 in
3448 3127 3609 3184 Chri-

337 3215 430 3268 καὶ
455 3213 513 3267 ἐν
542 3215 792 3284 γενέσθαι
843 3215 982 3285 μετὰ
1023 3213 1264 3284 Χριστοῦ
1302 3213 1396 3266 καὶ
1446 3211 1652 3278 αὐτῶν,
1679 3211 1772 3264 καὶ
1803 3211 1907 3265 τῶν

2019 3220 2102 3267 sto
2132 3208 2284 3274 Jesu,
2315 3220 2481 3279 prout
2501 3210 2829 3280 deprecatus
2856 3225 2938 3269 est
2964 3213 3244 3272 Christus.

334 3312 424 3368 τοῦ
475 3313 710 3386 Χριστοῦ
772 3312 1142 3383 θεραπόντων,
1193 3311 1352 3380 ἡμῶν
1389 3310 1447 3363 δέ
1509 3309 1790 3378 Πατέρων,
1838 3311 1900 3363 τὺ
1937 3311 2071 3382 παρ’
2098 3307 2325 3363 ἐκείνων
2365 3308 2611 3375 ἐκτεθὲν,
2657 3308 2734 3373 ὡς
2785 3310 3056 3380 ἐξέθεντο,
3119 3316 3606 3390 άνομολογήσαντα,

335 3412 611 3482 Σύμϐολον
638 3409 954 3481 ὀρθοδὸξως,
1008 3408 1095 3462 ἵνα
1133 3410 1226 3462 καὶ
1260 3400 1360 3460 ὧδε
1391 3407 1554 3461 κάκεῖ
1588 3405 1647 3459 ἓν
1681 3400 1832 3475 ὦμεν
1875 3408 1934 3461 ἐν
1974 3404 2199 3477 Χριστῷ
2228 3403 2431 3477 Ἰησοῦ,
2459 3405 2532 3471 ὡς
2565 3408 2594 3460 ό
2624 3407 2861 3479 Χριστὸς
2893 3408 3120 3478 ηὔξατο.

405 3531 722 3600 Κληρικός.
750 3530 922 3600 Χάρις
951 3529 1029 3599 τῷ
1057 3527 1198 3599 Θεῷ,
1241 3527 1498 3580 δέσποτα.
1549 3525 1772 3588 Ἰκανῶς
1805 3525 1912 3597 γάρ

2090 3525 2353 3581 Clericus.
2389 3528 2494 3582 Deo
2523 3529 2748 3598 gratias,
2778 3530 3018 3586 domine.
3064 3532 3197 3587 Nam
3227 3536 3362 3591 satis
3392 3553 3455 3592 ea
3485 3555 3606 3607 quas

335 3627 399 3678 τὰ
430 3625 556 3694 περὶ
603 3625 702 3694 τῆς
734 3623 1030 3690 Λατινικῆς
1082 3621 1431 3691 καινοτομίας
1483 3619 1786 3691 ἐμάθομεν,
1821 3620 1907 3673 καὶ

2018 3634 2047 3672 a
2090 3617 2298 3673 Latinis
2333 3629 2529 3673 nUVata
2582 3631 2710 3676 sunt
2741 3622 3062 3688 didicimus,
3105 3635 3160 3680 et
3223 3630 3474 3686 novimus
3513 3647 3609 3688 eos

333 3719 407 3781 ὼς
438 3719 497 3771 ού
526 3718 667 3771 κατὰ
696 3717 880 3770 πίστιν
910 3714 1052 3785 αὕτη
1080 3714 1378 3781 σφάλλεται
1413 3715 1596 3783 μόνον,
1621 3711 1746 3764 ἐπεὶ
1776 3711 1916 3764 κατά

2023 3729 2129 3767 ιιοιι
2189 3713 2541 3768 solummodo
2591 3716 2893 3770 secundum
2967 3718 3127 3774 fidem
3199 3732 3418 3787 nutare,
3477 3738 3604 3780 cum

334 3810 428 3864 τοῦ
465 3809 608 3880 ἱεροῦ
639 3813 870 3864 κινεῖται
902 3807 1182 3874 Συμϐόλου
1217 3808 1316 3877 τῆς
1350 3805 1608 3871 πίστεως,
1654 3805 1790 3860 ἀλλὰ
1825 3803 1907 3858 καῚ

2019 3815 2236 3857 sacrum
2271 3803 2391 3856 fidet
2427 3804 2747 3873 Symbolum
2782 3809 3130 3876 violaverim,
3165 3815 3260 3866 sed
3291 3814 3453 3868 etiam
3488 3815 3601 3870 fer-

337 3907 478 3958 κατὰ
516 3905 734 3958 πάντων
765 3903 952 3973 σχεδὸν
997 3902 1109 3954 τῶν
1135 3900 1277 3954 ἐθῶν
1325 3917 1385 3952 τε
1435 3899 1530 3952 καὶ
1562 3898 1917 3969 παραδόσεων

335 4001 433 4066 τῆς
459 3999 608 4068 ίερᾶς
647 3997 992 4068 Ἐκκλησίας,
1023 3995 1222 4048 Λοιπὸν
1249 3993 1584 4062 προσεκτέον
1609 3991 1763 4044 ἔσται
1785 3992 1916 4061 ἡμῖν

336 4093 396 4143 τὸ
425 4091 670 4161 περὶτῆς
699 4087 982 4150 κοινωνίας
1012 4086 1218 4149 αὐτῶν,
1251 4087 1344 4138 καὶ
1378 4085 1440 4138 τὺ
1464 4081 1596 4152 περὶ
1633 4083 1730 4152 τῆς
1763 4081 1916 4149 λεγο-

339 4183 505 4254 μένης
536 4182 780 4244 ἐνώσεως
813 4181 931 4234 δέον
962 4179 1144 4243 καλῶς
1176 4177 1452 4244 ἐξετάσαι.

420 4275 770 4344 Ἀρχωρεύς.
803 4274 952 4339 Δέον,
989 4271 1209 4340 ἀδελφέ,
1257 4272 1379 4325 ἐπεὶ
1424 4271 1536 4324 οὐδ’
1567 4271 1754 4332 ἁπλῶς
1804 4271 1917 4332 τοῖς

336 4373 443 4439 πρὸ
475 4369 630 4439 ἡμῶν
665 4371 692 4440 ἡ
723 4367 1004 4431 διάστασις
1041 4369 1288 4434 γέγονεν.
1319 4361 1481 4428 Οἶδας
1504 4365 1634 4435 γάρ,
1662 4363 1738 4426 ὡς
1773 4363 1915 4417 καὶὸ

333 4464 432 4530 τῆς
458 4462 701 4523 ένὼσεως
748 4461 897 4528 δηλοῖ
925 4459 1125 4529 Τόμος,
1151 4460 1300 4520 ὅπως
1333 4459 1492 4529 χάριν
1519 4457 1772 4526 δευτέρου
1821 4456 1916 4508 καὶ

333 4556 519 4625 τρίτου
552 4556 753 4626 γάμου,
784 4553 860 4607 ἔτι
888 4553 942 4606 δὲ
969 4554 1066 4606 καὶ
1114 4557 1398 4632 τετάρτου,
1442 4545 1554 4604 οἷον
1593 4550 1796 4619 σχίσμα
1826 4564 1917 4615 γε·

333 4647 557 4716 γένηται
585 4647 677 4698 κοιλ⁵
705 4646 797 4696 ἐπ“ι⁸
832 4644 1068 4706 πολλοῖς,
1101 4643 1174 4705 ὼς
1209 4636 1574 4711 μανθάνομεν,
1607 4641 1756 4693 ἔτεσι
1778 4678 1792 4704 ,
1821 4640 1916 4691 καὶ

2025 3910 2112 3946 me
2131 3896 2432 3949 secundum
2475 3912 2669 3952 omnes
2719 3899 3218 3957 sanctze'Ecclcsiae
3248 3909 3610 3963 consuetudi-

2026 4001 2123 4040 nes
2157 3997 2208 4039 et
2233 3987 2579 4044 traditiones.
2633 3990 2896 4060 Superest
2933 4003 2990 4048 ut
3020 3995 3087 4048 de
3120 4012 3309 4050 eorum
3363 4013 3611 4053 comnm-

2027 4079 2192 4134 uione
2242 4080 2610 4151 instruamur,
2648 4095 2700 4138 et
2726 4085 3016 4156 diligenter
3055 4078 3300 4158 .Oportet
3351 4090 3420 4147 de
3464 4093 3611 4148 dicta

2023 4173 2363 4230 adunatioue
2396 4175 2707 4245 inquirere.

2099 4266 2377 4337 Pontifex.
2428 4273 2544 4327 Hoc
2601 4287 2757 4339 sane,
2817 4274 3003 4341 frater,
3060 4287 3141 4332 est
3204 4281 3606 4346 necessarium,

2027 4379 2150 4416 eum
2177 4381 2283 4418 non
2316 4366 2484 4422 semel
2518 4367 2798 4435 prioribus
2836 4372 3047 4424 nostris
3082 4372 3226 4425 facta
3255 4375 3329 4426 sit
3359 4373 3611 4443 disjunc-

2029 4452 2140 4521 tio;
2200 4456 2309 4510 scis
2358 4455 2526 4521 enim,
2586 4468 2755 4528 prout
2785 4459 2958 4528 aperit
2997 4459 3137 4515 liber
3188 4462 3422 4521 uuiouis,
3470 4479 3610 4534 quo-

2028 4545 2178 4599 niam
2229 4546 2525 4603 occasione
2574 4549 2805 4605 secundi
2852 4560 2903 4606 et
2937 4553 3081 4607 tertii
3117 4555 3198 4608 vel
3231 4555 3400 4611 etiam
3427 4558 3612 4626 quarti

2025 4636 2268 4708 conjugii
2302 4641 2578 4709 quoddam
2610 4643 2849 4698 sehisma
2876 4658 2972 4714 per
3002 4645 3220 4713 multos,
3243 4657 3303 4701 ιιι
3323 4647 3611 4716 discimus.

335 4741 464 4809 περὶ
491 4739 822 4808 ζητημάτων
854 4737 909 4790 δὲ
939 4754 1099 4789 τινων
1132 4735 1306 4788 ἄλλων
1343 4733 1560 4804 μικρῶν
1611 4733 1907 4786 δοκούντων

2027 4747 2205 4787 annos
2234 4744 2421 4788 ortum
2447 4744 2558 4804 est,
2590 4745 2644 4790 et
2673 4736 2818 4792 circa
2848 4737 2987 4793 alias
3015 4740 3286 4808 quasdam
3346 4745 3607 4810 quaesuo-

337 4831 506 4893 πολὺς
540 4830 698 4899 ζῆλος
730 4831 972 4897 ἐγεγόνει
1006 4829 1188 4882 τινῶν.
1238 4828 1297 4879 Εἰ
1327 4823 1422 4879 οὖν
1449 4825 1578 4894 περὶ
1626 4826 1726 4896 τῆς
1773 4825 1916 4878 κατά

333 4925 436 4993 τὴν
476 4925 753 4977 πολιτείαν
777 4921 885 4975 τῶν
917 4918 1157 4973 εὐσεϐῶν
1193 4919 1350 4989 ἡμῶν
1395 4917 1652 4984 εὐταξίας
1682 4916 1849 4978 πολὺς
1889 4917 1917 4968 ὁ

333 5017 495 5084 λόγος
531 5016 788 5077 πολλάκις
828 5016 1072 5084 γέγονεν,
1107 5013 1189 5066 ὅτι
1224 5013 1318 5065 καὶ
1355 5011 1469 5082 βίος
1508 5010 1641 5082 παρ’
1680 5011 1812 5079 ἡμῖν
1843 5009 1918 5072 ὡς

335 5111 435 5163 καὶ
465 5112 498 5180 ἡ
531 5111 712 5172 πίστις
741 5111 1092 5178 κηρύττεται,
1151 5106 1332 5174 πολλῷ
1386 5107 1450 5175 δὴ
1509 5103 1712 5173 μᾶλλον
1762 5101 1918 5156 ἐσται

337 5204 580 5274 περὶτῆς
603 5203 860 5265 πίστεως.

411 5385 726 5453 Κληρικός.
755 5384 1006 5456 Οὕτωςὴ
1049 5383 1280 5451 ἀλήθεια
1332 5383 1467 5453 ἔχει,
1518 5385 1719 5453 Πάτερ.
1773 5384 1918 5454 Πλὴν

337 5477 420 5529 ἔτι
450 5477 703 5545 δεόμεθα,
734 5477 944 5543 δίδαξον
973 5479 1117 5548 ἡμᾶς
1137 5479 1184 5528 εἰ
1209 5477 1418 5546 ἀνεφύη
1446 5477 1539 5530 καὶ
1565 5477 1692 5531 ἄλλο
1709 5495 1758 5529 τι
1779 5477 1921 5529 κατὰ

336 5570 438 5638 τῆς
480 5569 764 5638 ὀρθοδόξου
812 5569 1054 5635 ζιζάνιον
1092 5571 1323 5633 πίστεως
1387 5570 1530 5641 μετὰ
1585 5570 1742 5625 τοῦτο
1773 5572 1837 5643 δὴ
1861 5571 1922 5623 τὸ

336 5666 605 5719 Λατίνων.

2028 4841 2122 4879 nes
2152 4842 2272 4895 quae
2299 4826 2450 4883 feres
2489 4828 2762 4893 videntur,
2790 4829 3040 4884 nonnulli
3066 4847 3321 4901 maguum
3346 4850 3610 4903 exprom-

2027 4933 2182 4988 psere
2207 4920 2473 4974 studium.
2523 4919 2696 4991 igitur
2733 4921 2779 4976 si
2809 4936 3034 4992 propter
3068 4922 3412 4991 disciplinam
3439 4925 3612 4992 piam-

2027 5026 2136 5079 que
2167 5017 2648 5066 conversationem
2690 5022 2935 5066 nostram
2989 5014 3158 5066 multa
3221 5015 3425 5083 pluries
3483 5016 3608 5073 data

2029 5113 2114 5157 est
2138 5119 2328 5174 opera,
2360 5105 2621 5174 quoniam
2658 5105 2853 5172 agendi
2887 5106 3075 5174 regula
3104 5095 3246 5160 sicut
3270 5113 3324 5160 et
3352 5108 3613 5163 credendi

2028 5196 2172 5266 apud
2205 5212 2303 5250 nos
2335 5196 2688 5266 praedicatur,
2719 5209 2928 5266 quanto
2959 5199 3132 5268 magis
3157 5199 3223 5252 de
3273 5197 3378 5254 iide
3413 5213 3616 5256 curan-

2031 5289 2156 5342 dunt
2191 5299 2298 5342 est.

2099 5380 2359 5437 Clericus.
2418 5381 2520 5450 ita,
2580 5382 2760 5449 Pater,
2819 5399 2940 5439 sese
3007 5384 3171 5440 habet
3225 5384 3446 5442 veritas.
3507 5383 3612 5440 Sed

2032 5477 2211 5532 adhuc
2269 5477 2652 5547 deprecamur,
2686 5479 2822 5533 duce
2850 5493 2949 5533 nos
2983 5493 3048 5532 an
3099 5487 3222 5550 post
3262 5480 3528 5535 zizaniam
3583 5495 3614 5533 a

2031 5569 2239 5625 Latinis
2266 5573 2589 5626 seminat-am
2619 5573 2726 5628 alia
2746 5573 2907 5628 etiam
2932 5583 3120 5630 contra
3150 5575 3421 5632 sinceram
3448 5589 3613 5632 sanc—

2032 5673 2253 5734 tamque
2317 5662 2478 5720 iidcm
2537 5667 2796 5722 creverit.
