4066 6476
306 409 404 478 HS

1320 420 1704 510 DiALOGUS
1745 419 2045 480 CONTRA
2087 422 2478 486 HsERESES.

3472 421 3598 487 iis:

305 535 455 599 στὰς,
482 535 867 605 καθαρώτερον
904 535 1121 606 μετέχει
1169 539 1267 593 σὺν
1317 543 1428 602 τοῖς
1467 539 1721 608 ἀγγέλοις
1771 543 1872 607 τῆς

1999 539 2283 594 mmortale
2327 518 2382 595 ct
2450 557 2732 614 nunquam
2834 546 3093 603 deﬁciens
3183 545 3564 616 participabat.

304 627 572 681 ἀθανάτου
605 629 880 683 κοινωνῶν
910 631 1092 694 αὐτοῖς
1123 632 1219 685 καὶ
1248 632 1322 702 μὴ
1351 633 1668 703 παυομένης
1699 654 1877 704 φωτο-

303 719 517 787 χυσίας.
557 715 724 782 Οὗτος
756 717 874 785 οὖν,
906 719 1072 787 ἀξίως
1095 718 1262 776 αὐτοῦ
1292 725 1394 792 τῆς
1418 721 1653 794 Θεωρίας
1682 743 1740 778 τε
1785 728 1876 780 καὶ

303 808 685 879 λαμπρότητος
707 812 802 864 καὶ
831 811 970 879 ἔγνω
996 813 1091 864 καλ.
1117 811 1516 883 συνεγράψατοσ
1552 816 1646 868 καὶ
1672 816 1736 869 ἐκ
1769 817 1878 870 τῶν

302 901 448 973 αύτῷ
481 902 660 964 καλῶς
691 902 814 958 λίαν
846 907 1242 973 πεπονημένων
1272 907 1543 974 γνώσεται
1589 911 1696 972 πᾶς
1727 911 1754 962 ό
1783 909 1880 979 ζη-

302 995 428 1050 τῶν.
463 996 584 1048 Ἔτι
616 996 672 1049 δὲ
720 996 818 1050 καλ⁵
873 998 1024 1064 παρὰ
1057 998 1163 1049 τῶν
1225 1000 1698 1070 συμπονησάντων
1727 1003 1880 1073 αὑτῷ

303 1088 568 1142 πλείστων
606 1089 708 1157 μὲν
739 1093 836 1143 καὶ
869 1090 1064 1156 ἄλλων,
1097 1092 1391 1159 ἐξαιρέτως
1421 1093 1477 1146 δὲ
1514 1093 1609 1147 τοῦ
1649 1097 1882 1164 πεφιλη-

304 1182 463 1252 μένου
500 1181 620 1251 Θεῷ
649 1182 924 1248 Φιλοθέου,
977 1183 1070 1236 τοῦ
1100 1185 1200 1252 τῆς
1249 1187 1880 1248 Κωνσταντινουπόλεὼς

306 1291 446 1343 φημι
475 1272 733 1343 λαμπροῦ
763 1278 1128 1346 πατριάρχου,
1162 1277 1257 1329 καὶ
1298 1278 1392 1330 τοῦ
1426 1278 1545 1347 μετ’
1597 1279 1759 1332 αὑτὸν
1788 1297 1879 1331 σο-

306 1367 547 1434 φωτάτου
577 1367 793 1432 Νείλου,
825 1371 926 1436 τῆς
974 1369 1148 1438 αὐτῆς
1180 1370 1327 1436 αὖτῷ
1354 1372 1882 1442 ἀρχιερατεύσαντος

315 1458 661 1528 ’ίθῖκκλησίαφ
695 1461 803 1512 Καὶ
832 1461 911 1513 ἔτι
935 1462 1121 1529 ἐτέρου
1145 1457 1340 1515 Νείλου
1362 1463 1641 1517 θειοτάτου
1663 1464 1875 1533 ἀνδρὸς,

300 1549 394 1603 τοῦ
419 1552 518 1620 τῆς
551 1552 997 1605 Θεσσαλονικέων
1041 1555 1140 1624 τὴν
1174 1557 1468 1625 προεδρίαν
1505 1557 1606 1625 μὲν
1661 1559 1882 1626 είληφό-

299 1659 410 1707 τος,
449 1644 522 1712 μὴ
558 1643 694 1711 πρὸς
729 1642 901 1714 αὐτὴν
929 1645 985 1697 δὲ
1044 1647 1350 1712 φθάσαντος
1406 1649 1600 1714 ἐλθεῖν,
1651 1650 1792 1702 κατὰ
1825 1650 1881 1702 δὲ

298 1735 399 1802 τῆς
431 1731 538 1785 τῶν
569 1733 818 1787 Λατίνων
869 1737 1228 1806 καινοτομίας
1285 1737 1518 1808 λαμπρὰ
1555 1741 1650 1792 καὶ
1703 1740 1881 1810 ἀληθῆ

299 1819 420 1872 λίαν
446 1822 538 1873 καὶ
572 1820 769 1893 ισχυρὰ
802 1826 1287 1896 συγγραψαμένου,
1325 1828 1418 1882 καὶ
1449 1833 1592 1884 κατά
1618 1831 1717 1901 τῆς
1753 1832 1882 1886 δυσ-

1990 627 2089 683 Hic
2142 645 2272 700 ergo
2327 633 2486 702 digne
2544 650 2642 704 pro
2703 652 2801 691 sua
2857 635 3318 708 contemplatione
3343 649 3395 692 et
3445 637 3572 690 illii-

1989 720 2257 776 stratione
2291 725 2634 791 pereruditus
2681 728 2922 797 scripsit,
2965 731 3124 797 cujus
3169 731 3426 798 operibus
3472 729 3573 781 ad-

1986 809 2208 864 modum
2231 813 2539 882 perspicuis
2565 817 2744 871 omnis
2771 820 2860 888 qui
2891 819 3415 888 qumritcognoscet,
3446 833 3573 872 nec-

1988 914 2094 953 non
2135 910 2203 954 et
2237 902 2424 957 mttltis
2454 905 2575 960 aliis
2599 908 2688 976 qui
2720 924 2842 962 cum
2871 925 2936 962 eo
2989 910 3394 972 laboraverunt,
3437 924 3574 977 prae-

1982 990 2169 1044 sertim
2195 1007 2322 1046 vero
2353 1010 2416 1047 ex
2451 998 2708 1066 operibus
2769 999 3036 1056 Philothci
3065 1002 3174 1056 Deo
3206 1002 3409 1067 dilecti,
3439 1000 3572 1055 clari
3657 1001 3660 1003 ’

1982 1083 2194 1138 scilicet
2228 1085 2731 1158 Constantinopolis
2779 1094 3125 1161 patriarchm,
3166 1093 3269 1148 Nili
3298 1103 3420 1163 post
3444 1109 3569 1148 eum

1982 1177 2377 1244 sapientissimi
2405 1182 2496 1249 qui
2523 1183 2770 1236 eamdem
2808 1185 3050 1254 pontifex
3078 1188 3214 1240 rexit
3244 1185 3570 1246 Ecclesiam.

1982 1269 2208 1323 alterius
2241 1287 2460 1341 quoque
2500 1273 2603 1328 Nili
2634 1277 2725 1342 qui
2756 1275 3332 1333 Thessalonicensinm
3363 1279 3568 1347 prima-

1983 1363 2112 1416 tiam
2161 1366 2368 1435 accepit
2416 1354 2578 1434 quam
2637 1378 2818 1423 tamen
2858 1371 3134 1425 declinare
3184 1374 3437 1431 tentavit,
3471 1371 3565 1438 qui

1984 1463 2173 1507 contra
2210 1454 2531 1510 Latinorum
2573 1459 2846 1513 novitates
2867 1460 3065 1512 eximia
3105 1460 3380 1529 nimisque
3441 1475 3567 1512 vera

1984 1555 2036 1600 ct
2087 1547 2427 1602 vehementia
2470 1551 2818 1619 conscripsit,
2880 1559 3042 1620 atque
3077 1552 3341 1606 adversus
3373 1553 3567 1606 exilio-

1985 1653 2098 1692 sam
2135 1639 2294 1693 istam
2325 1639 2568 1694 Barlaam
2621 1653 2676 1698 et
2709 1643 2978 1712 Acindyni
3018 1642 3290 1709 hatresim,
3331 1657 3567 1710 quorum

1981 1728 2202 1784 Patrum
2259 1732 2510 1802 beatique
2575 1735 2738 1788 etiam
2796 1733 2936 1788 illius
3006 1733 3300 1789 Cabassila:
3354 1731 3562 1786 Nicolai

1985 1826 2204 1879 nomine
2228 1826 2319 1888 qui
2367 1827 2565 1880 bonam
2654 1827 2939 1880 victoriam
2969 1826 3173 1895 pietate
3207 1830 3305 1880 Sua
3341 1826 3573 1895 vitzeqne

298 1912 458 1982 τήνου
515 1917 747 1984 ταυτησὶ
791 1915 883 1968 τοῦ
913 1917 1179 1988 Βαρλαάμ
1207 1937 1266 1971 τε
1299 1922 1391 1973 καὶ
1448 1921 1760 1976 Ἀκινδύνου
1796 1925 1881 1977 ai-

1994 1919 2249 1973 munditia
2321 1920 2529 1981 retulit,
2558 1928 2611 1973 ct
2642 1918 2992 1988 Theophanis
3048 1919 3188 1972 alius
3222 1919 3416 1973 Nicaea:
3454 1921 3574 1988 phi-

301 2006 523 2073 ρέσεως.
551 2000 644 2057 Ὧν
670 2007 732 2077 δὴ
756 2007 1016 2078 Πατέρων
1039 2011 1094 2062 αί
1117 2009 1393 2066 θειόταται
1419 2017 1756 2084 συγγραφαὶ,
1785 2017 1883 2070 καὶ

300 2094 380 2148 ἔτι
411 2095 505 2149 τοῦ
546 2099 856 2167 μακαρίτου
889 2100 1109 2156 ἐκείνου
1142 2103 1486 2175 Καϐάσσιλα,
1513 2109 1608 2162 τοῦ
1651 2111 1751 2178 τὴν
1787 2129 1888 2165 κα·-

299 2187 396 2258 λὴν
423 2187 581 2257 νίκην
605 2190 694 2244 ἐπ’
729 2191 986 2265 εὐσεϐείᾳ
1030 2196 1122 2248 καὶ
1159 2197 1418 2269 ἁγνότητι
1457 2199 1575 2270 βίου
1610 2219 1887 2275 συστησα-

304 2280 489 2348 μένου,
537 2281 806 2338 Νικολάου
843 2286 984 2340 κατά
1017 2289 1118 2359 τὴν
1165 2290 1384 2360 κλῆσιν,
1427 2294 1525 2347 καὶ
1573 2295 1886 2365 Θεοφάνους

300 2371 355 2425 δὲ
381 2373 475 2425 τοῦ
504 2373 743 2438 Νικαίας
789 2377 954 2431 ἄλλου
991 2380 1158 2448 σοφοῦ
1208 2383 1303 2436 καὶ
1347 2385 1686 2455 ὁμολογητοῦ
1739 2391 1884 2456 νέου,

301 2468 393 2519 καὶ
436 2466 713 2539 ’ἰσιδὼρου
764 2471 1187 2542 Θεσσαλονίκης,
1241 2475 1398 2529 οὐδὲν
1446 2477 1885 2551 ἀπολειπομένου

300 2559 393 2612 τοῦ
427 2563 594 2630 σοφοῦ
623 2566 691 2616 τὰ
731 2563 851 2620 θεῖα
885 2567 1270 2636 Πηλουσιὼτου
1306 2570 1519 2625 ἐκείνου
1553 2573 1647 2625 καὶ
1677 2574 1888 2644 ὁμωνύ-

305 2672 429 2722 μου,
460 2656 527 2708 τά
555 2660 684 2728 περὶ
713 2659 808 2728 τῆς
843 2656 1140 2732 εἰρημένης
1168 2664 1440 2734 αἱρέσεως
1466 2666 1715 2736 ἀκριϐῶς
1744 2686 1886 2740 παρ-

304 2745 540 2801 ιστῶσιν.
601 2749 696 2804 Ἐκ
720 2751 828 2805 τῶν
873 2754 1083 2817 τούτοις
1105 2757 1286 2810 τοίνυν
1311 2762 1714 2830 πεπονημένων
1732 2763 1886 2817 ἔσται

303 2840 641 2900 καταμαθεῖν
668 2842 703 2896 ἃ.
747 2843 923 2913 ζητεῖ,
963 2847 1144 2900 πίστει
1173 2851 1243 2904 τὰ
1273 2851 1480 2905 τούτων
1531 2854 1883 2926 ἀνεγνωκὼς,

305 2930 518 3000 καὶτῆς
544 2933 974 3006 Βαρλααμίτιδος
1004 2941 1268 3009 αἱρέσεως
1293 2943 1660 3010 ἐπιγνώσεται
1691 2949 1749 3000 τὸ
1770 2949 1892 3000 ὀλέ-

305 3021 474 3089 θριον,
523 3024 622 3093 τῆς
653 3024 1041 3082 πολυκινδόνου
1089 3049 1146 3083 τε
1181 3032 1454 3102 ληρωδίας
1506 3039 1600 3090 καὶ
1630 3038 1887 3092 κινδυνώ-

305 3115 427 3177 ὃους
455 3116 808 3187 βλασφημίας
856 3122 952 3175 τοῦ
1027 3125 1340 3181 ’Δκινδύνου
1386 3132 1446 3182 τὸ
1501 3131 1787 3203 βλαϐερόν.
1828 3136 1887 3188 Ὀ

309 3209 408 3278 μὲν
462 3212 571 3280 γὰρ
623 3213 912 3284 Βαρλαάμ,
961 3216 1038 3281 ὡς
1089 3221 1146 3272 ἐν
1196 3221 1365 3291 ὀλίγῳ
1420 3225 1606 3290 φάναι,
1653 3226 1887 3291 πλάναις

307 3300 414 3374 49
452 3304 794 3374 Ἑλληνικαῖς
828 3312 1214 3380 κατεχόμενος,
1245 3287 1348 3368 καὶ.
1375 3287 1540 3386 μηδὲν
1571 3287 1886 3392 περαιτέρω
1914 3287 1957 3342 C

308 3392 446 3450 εἶναι
476 3400 585 3452 τῶν
608 3402 665 3453 ἐν
701 3404 952 3474 αἰσθήσει
996 3407 1266 3476 οἰόμενος,
1295 3412 1581 3480 φωτισμὸν
1611 3415 1711 3480 μὲν
1747 3413 1884 3466 Θειῖῦ

308 3491 403 3544 καὶ
417 3487 616 3560 γνῶσιν
637 3494 806 3565 μόνην
830 3498 923 3549 καὶ
951 3498 1143 3564 σοφίαν
1166 3502 1352 3570 ἠγεῖτο
1378 3506 1404 3556 ὀ
1427 3505 1611 3569 ἄθλιος
1629 3509 1730 3577 τὴν
1757 3511 1888 3579 περὶ

308 3583 375 3636 τὰ
398 3582 652 3654 ὁρώμενα
682 3591 777 3639 καὶ
812 3590 1099 3660 ποιήματα
1130 3595 1486 3666 κατανόησιν.
1518 3599 1630 3652 Καὶ
1655 3599 1715 3652 τὸ
1755 3601 1892 3655 εἰδέ-

312 3694 397 3730 ναι
430 3681 556 3740 τοὺς
577 3679 813 3750 δρόμους
841 3683 995 3751 ἡλίου
1031 3702 1087 3737 τε
1135 3688 1227 3740 καὶ
1259 3689 1491 3760 σελήνης
1528 3693 1623 3744 καὶ
1675 3707 1890 3762 σχημα-

307 3774 536 3843 τισμοὺς
564 3776 656 3828 καὶ
689 3777 971 3847 δυνάμεις,
1009 3778 1076 3842 ἃς
1130 3781 1163 3849 ἡ
1211 3781 1320 3834 τῶν
1351 3781 1455 3848 ἔξω
1488 3783 1670 3851 σοφῶν
1730 3787 1891 3856 μωρὰ

309 3867 551 3921 διδάσκει
605 3871 916 3939 περιεργία,
986 3872 1188 3940 γνῶσιν
1239 3874 1337 3928 καὶ
1369 3875 1654 3945 φωτισμὸν
1704 3879 1890 3948 ἠγεῖτο

311 3960 404 4012 καὶ
450 3960 625 4029 ἔλεγε.
677 3964 787 4016 Καὶ
839 3965 1090 4034 ἀριθμῶν
1145 3967 1199 4018 δὲ
1245 3968 1342 4031 τάς
1406 3968 1735 4038 ἀναλογίας,
1798 3971 1892 4024 καὶ

311 4054 655 4121 γεωμετρίας
682 4054 742 4105 τὸ
777 4054 1132 4126 πολύσχημον
1155 4058 1249 4110 καὶ
1281 4059 1549 4126 ποικίλον,
1580 4063 1673 4114 καὶ
1706 4078 1895 4130 μουσι-

313 4146 416 4210 κῆς
447 4146 543 4216 τὴν
573 4147 844 4215 ἁρμονίαν
889 4151 986 4202 καὶ
1021 4139 1316 4218 φθόγγους,
1368 4153 1462 4204 καὶ
1497 4153 1597 4224 τὴν
1648 4171 1894 4224 σοφιστι-

314 4240 415 4311 κὴν
443 4241 691 4306 ἀλογίαν,
715 4244 780 4313 ἦν
806 4244 870 4312 δὴ
902 4244 997 4296 καὶ
1028 4243 1256 4313 λογικὴν
1293 4244 1666 4315 ψευδωνύμως
1693 4248 1895 4302 καλοῦ-

318 4349 404 4383 σιν
437 4331 722 4402 Ἕλληνες,
753 4333 956 4398 γνῶσιν
988 4333 1141 4388 θείαν
1179 4337 1274 4388 καὶ
1305 4336 1588 4405 φωτισμὸν
1619 4338 1897 4404 δυσσεϐῶς

314 4427 695 4496 κατωνόμαζεο
727 4431 818 4480 καὶ
846 4429 936 4481 τὶν
993 4429 1068 4498 μὴ
1119 4429 1298 4483 εἰδότα
1345 4431 1442 4500 τὴν
1475 4430 1585 4483 τῶν
1635 4432 1897 4487 τοιούτων

316 4521 541 4591 μύησιν,
580 4521 713 4590 μηδὲ
751 4525 850 4592 τὴν
897 4523 1212 4593 ἐπιστήμην
1243 4525 1352 4576 τιῖιν
1398 4526 1597 4590 ἔξωθεν
1639 4529 1899 4598 μαθημά-

1985 2011 2199 2082 losophi
2267 2014 2504 2082 novique
2561 2012 2925 2073 confessoris,
2976 2022 3144 2080 atque
3201 2009 3565 2067 Thessaloni-

1988 2103 2172 2158 censis
2221 2101 2413 2158 lsidori
2456 2103 2548 2173 qui
2600 2104 2848 2158 doctrina
2883 2103 3184 2172 theologica
3223 2118 3572 2173 nequaquam

1986 2197 2219 2266 sapienti
2247 2212 2348 2253 suo
2369 2196 2658 2252 Pelusiotm
2685 2197 3014 2268 homonymo
3033 2197 3284 2261 cedebat,
3307 2211 3571 2265 quorum.
3625 2240 3640 2253 .

1991 2292 2236 2360 inquam,
2269 2290 2472 2358 scripta
2518 2289 2860 2344 divinissima
2911 2290 3070 2344 dictae
3113 2290 3386 2344 haereseos
3421 2297 3574 2358 gesta

1990 2395 2215 2447 prorsus
2269 2380 2531 2435 referunt.
2565 2380 2736 2449 Igitur
2759 2396 2823 2434 ex
2876 2381 3133 2450 operibus
3199 2379 3429 2434 istorum
3492 2379 3574 2431 di-

1989 2476 2186 2528 scenda
2230 2483 2357 2528 sunt
2405 2489 2528 2543 quae
2566 2473 2882 2528 sciscitatur
2922 2474 3004 2525 vir
3031 2473 3332 2536 studiosus,
3370 2471 3574 2540 quibus

1989 2567 2321 2622 conﬁdenter
2341 2567 2596 2636 perlectis
2615 2575 2668 2621 et
2690 2582 2853 2636 quam
2881 2566 3107 2620 exitiosa
3138 2564 3304 2620 fuerit
3325 2562 3572 2616 Barlaam

1989 2658 2252 2722 hatresis,
2311 2673 2584 2727 quamque
2642 2657 2919 2722 damnosa:
2971 2657 3237 2728 Acindyni
3293 2656 3571 2724 periculo-

1991 2752 2224 2806 sissima!
2253 2752 2470 2820 ineptia:
2510 2751 2790 2820 plenccque
2845 2750 3184 2803 discriminis
3210 2749 3572 2817 blasphemia:

1989 2857 2272 2916 agnoscet.
2311 2846 2522 2900 Etenim
2553 2846 2798 2900 Barlaam
2832 2847 3074 2916 quidem,
3114 2855 3168 2897 ut
3193 2844 3384 2913 paucis
3407 2857 3576 2911 expc-

1993 2940 2158 3002 diam,
2187 2939 2473 2993 erroribus
2494 2938 2808 2994 Graecorum
2834 2939 3094 3001 imbutus,
3120 2948 3171 2989 et
3192 2933 3544 2999 :estimansni
3565 2964 3577 2971 -

1992 3033 2065 3084 hil
2096 3047 2218 3085 esse
2253 3041 2446 3100 praeter
2478 3047 2542 3085 ea
2569 3047 2689 3098 qua:
2715 3031 2818 3084 sub
2863 3046 3060 3083 sensus
3088 3029 3308 3091 cadunt,
3342 3029 3577 3080 ducebat

1991 3123 2080 3176 ille
2105 3139 2340 3192 nequam
2379 3125 2551 3177 solam
2589 3123 2680 3176 Dei
2709 3123 3161 3176 illuminalioncm
3211 3128 3265 3173 et
3288 3120 3574 3174 scientiam

1994 3225 2158 3284 atque
2187 3216 2510 3285 sapientiam
2537 3216 2682 3270 circa
2702 3231 2762 3269 ea
2794 3232 2914 3284 quae
2953 3215 3090 3268 facta
3140 3223 3270 3267 sunt
3329 3220 3381 3264 et
3447 3226 3578 3264 con-

1991 3309 2302 3379 spiciuntur
2341 3309 2590 3375 versari;
2630 3308 2856 3376 insuper
2906 3308 3050 3361 scire
3097 3320 3321 3360 cursum
3361 3303 3492 3357 solis
3523 3313 3579 3355 et

1992 3401 2135 3454 luuze
2164 3401 2368 3454 formas
2395 3409 2559 3468 atque
2585 3399 2906 3455 affectiones
2937 3414 3074 3469 quas
3105 3399 3254 3452 fatua
3299 3397 3459 3451 docet
3488 3411 3576 3449 sa-

1991 3493 2260 3563 pientium
2324 3493 2688 3564 profanorum
2749 3492 3102 3558 observatio,
3169 3491 3453 3547 scientiam
3524 3497 3580 3542 et

1994 3586 2451 3642 illuminationem
2482 3586 2570 3640 ille
2595 3585 2826 3641 ducebat
2858 3600 2920 3639 ac
2948 3585 3197 3646 dicebat;
3231 3598 3448 3638 necnon
3476 3601 3578 3638 nu-

1993 3698 2273 3742 merorum
2324 3681 2760 3743 convenientias,
2828 3682 3092 3749 variaque
3114 3689 3168 3735 et
3220 3680 3578 3734 multiformia

1994 3776 2310 3846 geometria:
2343 3775 2709 3835 theoremata.
2751 3774 2980 3827 musicae
3041 3771 3388 3826 harmoniam
3415 3779 3582 3838 atque

1994 3878 2176 3932 tonos,
2199 3867 2672 3937 sophisticamque
2697 3866 2983 3920 stultitiam
3017 3879 3182 3934 quam
3221 3863 3361 3917 falso
3388 3863 3580 3932 logica:

1995 3961 2262 4016 vocabulo
2311 3959 2484 4015 Graeci
2541 3958 2842 4029 appellant,
2889 3957 3130 4011 divinam
3195 3955 3479 4011 scientiam
3527 3966 3582 4007 et

1996 4054 2456 4109 illuminationem
2508 4051 2676 4120 impie
2712 4049 3078 4116 nominabat,
3140 4049 3428 4116 virumque
3483 4049 3582 4099 ho-

1997 4166 2118 4205 rum
2173 4149 2328 4203 initia
2383 4147 2738 4213 nescientem,
2801 4161 2980 4216 neque
3031 4143 3387 4215 profanarum
3441 4142 3585 4197 noti-

2000 4246 2131 4300 tiam
2186 4243 2470 4298 habentcm
2527 4242 2900 4295 doctrinarum
2947 4240 3202 4294 insanum
3257 4241 3487 4294 vocabat
3532 4247 3586 4289 et

2000 4337 2360 4399 obcaacatum,
2396 4333 2668 4404 praecipue
2719 4334 2761 4386 si
2796 4333 3077 4402 ignoraret
3116 4331 3370 4386 stolidam
3406 4331 3584 4386 scicu-
3635 4354 3646 4359 -

2002 4429 2132 4482 tiam
2198 4436 2252 4481 et
2310 4426 2617 4480 doctrinam
2676 4442 2797 4494 qua:
2855 4426 3000 4478 circa
3063 4432 3243 4477 motus
3308 4433 3595 4476 astrorum-

2003 4530 2272 4584 versatur,
2299 4519 2442 4585 quod
2470 4519 2794 4587 theologiam
2823 4519 2969 4572 cient
2990 4516 3162 4571 Graeci
3189 4517 3281 4586 qui
3304 4526 3594 4571 creaturas-

313 4633 441 4678 των,
482 4616 676 4682 ἄλογον
707 4616 890 4669 ἐκάλει
925 4616 1018 4669 καὶ
1048 4620 1346 4672 σκοτεινόν*
1379 4620 1673 4690 ἐξαιρέτως
1701 4624 1758 4676 δὲ
1797 4625 1891 4693 τὴν

2007 4614 2150 4666 inter
2210 4613 2435 4665 numina
2502 4610 2826 4675 ascribunt,
2883 4619 3258 4678 creaturzeque
3323 4610 3586 4663 honorem

316 4708 448 4776 περὶ
481 4707 548 4760 τὰ
580 4708 759 4776 ἄστρα
791 4709 1007 4777 κίνησιν
1042 4710 1140 4770 τὴν
1185 4711 1411 4780 ἀνόητον
1447 4717 1776 4784 περιεργίαν
1803 4718 1898 4770 καὶ¹

318 4799 666 4869 κατανόησιν,
683 4800 709 4850 ὃ
730 4801 822 4854 καὶ
844 4801 1121 4869 θεολογίαν
1140 4804 1306 4873 φασὶν
1329 4808 1378 4858 oi
1399 4807 1464 4858 τὰ
1483 4808 1762 4876 κτίσματα
1787 4811 1901 4863 θεο-

318 4891 634 4960 ποιούμενοι
653 4890 937 4963 Ἕλληνες,
955 4895 1047 4945 καὶ
1065 4896 1132 4964 τῇ
1156 4898 1328 4948 κτίσει
1349 4913 1425 4949 πα
1435 4897 1502 4965 ρά
1525 4899 1616 4950 τὸν
1636 4899 1900 4953 κτίσαντα

314 4987 419 5055 τὴν
436 4986 602 5056 τιμὴν
633 4985 1024 5055 ἀπονέμοντες.
1070 4986 1154 5038 Ἐν
1177 4987 1388 5049 τούτοις
1423 4985 1518 5042 οὖν
1549 4990 1736 5058 ἔλεγεν
1765 4995 1904 5046 ἐκεῖ·

317 5098 410 5142 νος
437 5082 466 5133 ό
490 5079 613 5132 λίαν
643 5080 845 5146 άσοφος
877 5079 978 5148 τήν
1001 5096 1062 5131 τε
1093 5061 1377 5147 θεολογίαν
1406 5075 1548 5134 εἶναι
1573 5086 1660 5135 καὶ
1686 5083 1784 5150 τὴν
1813 5102 1900 5136 σο-

320 5173 472 5240 φίαν,
507 5173 602 5224 καὶ
633 5173 730 5239 τὴν
761 5174 1068 5240 κατάληψιν
1099 5173 1279 5224 αὐτῶν
1309 5172 1553 5239 ἔντευξιν
1590 5173 1731 5228 εἶναι
1762 5178 1900 5230 Θεοῦ

321 5265 418 5318 καὶ
441 5265 606 5326 ὅντως
640 5263 944 5331 φωτισμὸν,
973 5267 998 5314 ὁ
1023 5264 1413 5334 ἑσκοτισμὲνος
1445 5267 1539 5320 καὶ
1581 5269 1790 5336 κτίσμα
1826 5269 1903 5322 ῶν

320 5358 581 5420 ἑκουσίως
614 5358 872 5426 πονηρόν.
919 5359 1028 5411 Καὶ
1061 5356 1297 5426 θεωρίαν
1349 5359 1727 5430 ἀληθεστάτην
1772 5361 1906 5414 ὠνό-

324 5448 467 5520 μαζε
528 5449 627 5517 τὴν
671 5450 766 5501 καὶ
809 5447 1041 5517 δυνατὴν
1075 5449 1155 5517 τῷ
1210 5447 1524 5519 βουλομένῳ
1575 5450 1904 5515 σκέψασθαι,

321 5542 420 5593 καὶ
444 5539 880 5609 ἀκαθαρτοτάτῳ
912 5539 1024 5592 τῶν
1053 5539 1358 5610 ἀνθρώπων
1389 5540 1492 5594 νοῒ.
1527 5541 1624 5603 Ὃς
1663 5542 1729 5610 δὴ
1779 5543 1905 5605 νοῦς

323 5631 672 5702 ἀνθρώπινος
697 5633 790 5684 καὶ
815 5635 1145 5701 τιμιώτερος
1180 5633 1396 5702 ὁρᾶται,
1430 5633 1525 5684 καὶ
1570 5631 1907 5702 ὑψηλότερος

324 5728 425 5789 τῆς
459 5723 666 5776 τούτων
699 5724 989 5792 κινήσεως,
1037 5721 1110 5785 tit;
1161 5722 1337 5776 ταῦτα
1382 5724 1755 5793 κατειληφὼς,
1813 5727 1907 5778 καὶ

326 5814 622 5886 δυνάμενος
652 5813 900 5885 θεωρεῖν·
933 5813 1134 5883 μᾶλλον
1161 5813 1221 5867 δὶ
1247 5815 1434 5886 κύριος
1459 5815 1554 5868 καὶ
1574 5814 1781 5885 θεωρὸς
1806 5816 1908 5885 τῆς

329 5911 613 5979 όρωμένης
645 5907 874 5971 κτίσεως
923 5907 1187 5976 γεγονώς.
1233 5909 1386 5962 Ἐπεὶ
1417 5911 1510 5963 καὶ
1557 5910 1624 5962 δι’
1673 5910 1836 5963 αὑτὸν
1873 5912 1905 5981 ἡ

2002 4707 2248 4760 Creatori
2303 4704 2546 4758 debitum
2600 4703 2946 4769 altrihuunt;
2995 4704 3045 4756 in
3078 4702 3162 4756 his
3239 4702 3402 4771 igitur
3467 4718 3594 4772 (tua:

2003 4800 2244 4856 diximus
2291 4797 2375 4852 vir
2449 4797 2538 4857 ille
2589 4796 2854 4864 insipiens
2914 4794 3083 4850 nimis
3145 4795 3478 4863 theologiam
3535 4807 3593 4848 et.

2002 4889 2326 4955 sapientiam
2371 4888 2634 4956 ponebat;
2695 4886 3002 4954 horumque
3036 4885 3587 4954 comprehensionem

1999 4984 2203 5038 donum
2249 4997 2372 5037 esse
2407 4981 2497 5035 Dei
2550 4995 2738 5033 veram
2765 4995 2852 5038 rue
2897 4978 3322 5033 illustrationcm
3365 4977 3592 5031 dicebat

2005 5077 2094 5130 ille
2126 5075 2438 5130 obcaecatus
2473 5075 2632 5125 homo
2677 5071 2882 5140 Deique
2919 5079 3171 5126 creatura
3203 5070 3437 5124 lihcnter
3469 5083 3592 5137 per-

2006 5185 2184 5234 versa,
2216 5177 2269 5221 et
2324 5181 2504 5220 veram
2595 5164 3118 5233 contemplationem
3175 5163 3406 5217 vocabat
3469 5177 3591 5218 eam

2005 5279 2113 5332 qua
2163 5260 2401 5330 gaudere
2473 5266 2660 5327 potest
2716 5259 3034 5324 ltuicunque
3092 5255 3368 5320 voluerit,
3431 5270 3594 5310 mens

2005 5357 2171 5412 etiam
2207 5355 2490 5406 hominum
2523 5351 2988 5415 immundissima,
3019 5367 3140 5421 quia
3163 5366 3318 5406 mens
3351 5352 3592 5405 humana

2009 5446 2305 5517 pretiosior
2339 5443 2554 5498 videtur
2577 5449 2633 5496 et
2698 5442 2974 5496 sideribus
3021 5457 3144 5510 quae
3172 5453 3462 5497 moventur
3496 5457 3592 5495 sn-

2011 5541 2249 5603 hlimior,
2282 5553 2406 5593 cum
2441 5537 2546 5592 ista
2586 5536 3022 5604 comprehendat
3068 5546 3120 5590 et
3153 5535 3356 5591 intueri
3392 5535 3588 5602 possit,

2010 5633 2121 5688 imo
2163 5648 2289 5686 cum
2339 5632 2502 5683 homo
2560 5628 2820 5682 dominus
2872 5636 2926 5682 et
2981 5628 3296 5697 speculator
3360 5625 3592 5678 visibilis

2010 5725 2310 5781 creatiouis
2365 5722 2542 5776 factus
2605 5721 2788 5785 fuerit,
2819 5721 3076 5789 quoniam
3110 5720 3229 5786 ejus
3260 5716 3433 5784 gratia
3472 5717 3590 5782 ipsa

2013 5817 2152 5873 facta
2184 5814 2512 5872 est-creatio
2541 5823 2598 5870 et
2653 5822 2875 5883 propter
2909 5830 3032 5867 cum
3079 5809 3417 5879 corruptioni
3458 5809 3591 5863 sub-

2017 5909 2230 5973 missa,
2307 5915 2470 5975 prout
2549 5906 2709 5961 docet
2776 5903 2977 5958 Paulus
3043 5903 3287 5956 dicens:
3351 5917 3368 5950 ι
3427 5896 3592 5952 Vani-
