4066 6446
442 357 542 420 M7

1294 358 1674 419 SYMEONIS
1711 357 2464 420 THESSALONICENSIS
2517 359 2870 422 ARCHIEP.

3598 359 3705 426 H8

433 480 530 535 tati
563 481 708 536 enim
765 491 1010 534 creatura
1062 478 1308 547 subjecta
1367 479 1474 544 est’,
1513 494 1618 533 non
1664 476 1870 538 videns,
1913 474 2005 529 scd

2128 477 2290 540 ιτὶσις
2319 477 2463 546 αὕτη
2513 478 2828 547 γεγένηται,
2885 480 2978 531 καὶ
3029 479 3099 532 δι’
3147 479 3309 533 αὐτὸν
3346 480 3595 552 ὑπέκυψε
3625 485 3700 552 τῇ

430 581 653 642 propter
699 587 824 626 eum
860 572 950 641 qui
1015 571 1246 638 subjecit
1299 586 1418 626 eam
1474 571 1526 623 in
1580 585 1696 639 Spe.
1741 587 1758 618 ι
1796 567 2010 621 Stultus

435 668 618 713 autem
647 659 894 713 Barlaam
940 669 1178 713 mentem
1209 659 1260 712 in
1301 659 1612 728 disciplinis
1643 675 1763 728 qua:
1807 658 1875 711 ad
1915 673 2007 710 ar—

432 763 537 806 tem
579 753 850 819 pertinent
884 754 1070 808 rudem
1098 761 1332 807 mentem
1364 753 1735 806 irrationalem
1769 761 1824 806 et
1859 761 2010 835 tene-

431 847 647 899 brosam
679 847 908 900 vocabat
967 846 1055 900 ille
1102 846 1498 916 nequissimus,
1551 844 1800 902 nesciens
1847 845 2010 898 homo

429 951 604 989 vanus
629 938 888 1005 quoniam
921 937 1018 991 ista
1051 939 1268 1007 quidem
1316 949 1538 1008 propter
1571 953 1671 993 nos
1705 948 1763 992 ttt
1791 937 2006 1004 corpori

433 1029 788 1096 providentur
824 1031 1186 1100 prmsentique
1221 1033 1342 1086 vitae
1389 1042 1586 1086 nostr:c
1625 1032 1836 1102 prosint
1867 1030 2005 1086 facta

437 1131 584 1185 sunt,
635 1123 739 1176 alia
792 1138 922 1178 vero
976 1134 1156 1178 sunta
1193 1126 1298 1179 Deo
1349 1125 1503 1180 nobis
1546 1134 1848 1194 pra-parata
1885 1133 2010 1178 ante

435 1216 906 1278 constitutionem,
950 1229 1110 1287 prout
1166 1219 1281 1288 ipse
1331 1219 1458 1272 olim
1509 1220 1690 1273 dixit:
1739 1239 1756 1269 ι
1794 1217 2006 1282 Venite,

433 1308 708 1362 benedicti
741 1307 919 1364 Patris
963 1313 1088 1374 mei,
1140 1312 1414 1378 possidete
1451 1322 1699 1382 paratum
1737 1312 1892 1366 vobis
1928 1328 2010 1365 re-

431 1414 595 1467 gnum
629 1416 657 1453 a
691 1400 1090 1455 constitutione
1134 1404 1345 1456 mundi.
1396 1423 1414 1456 ι
1457 1405 1604 1457 Bona
1645 1412 1827 1457 autem
1864 1405 2011 1457 illius

435 1491 607 1558 regni,
637 1491 710 1543 ait
736 1490 955 1554 Paulus,
1013 1494 1136 1547 talia
1195 1505 1322 1548 sunt
1371 1505 1429 1549 ut
1468 1517 1485 1547 ‹
1524 1510 1621 1548 nec
1675 1496 1869 1551 oculus
1899 1496 2012 1550 haec

433 1582 631 1636 viderit
695 1597 796 1637 nec
857 1585 1004 1637 auris
1064 1585 1338 1640 audiverit
1380 1602 1483 1641 nec
1525 1587 1578 1640 in
1636 1602 1731 1640 cor
1770 1586 2010 1641 hominis

436 1677 744 1730 ascenderit
783 1694 902 1746 qua:
935 1680 1261 1747 przeparavit
1295 1678 1439 1734 Deus
1474 1680 1830 1748 diligentibus
1861 1695 1939 1735 se.
1986 1700 2004 1732 ι

436 1768 560 1822 “eo
619 1770 778 1824 docet
818 1769 1079 1827 Dominus
1123 1791 1135 1826 :
1183 1791 1202 1823 ι
1239 1773 1447 1827 (Icelum
1502 1782 1556 1827 et
1605 1781 1744 1826 terra
1804 1773 2010 1828 transi-

439 1865 608 1930 bunt;
640 1884 656 1914 ο
691 1864 1047 1934 prohibetque
1079 1865 1282 1923 Paulus
1311 1881 1379 1922 ne
1403 1867 1468 1920 de
1499 1867 1584 1922 his
1617 1883 1737 1936 qua».
1765 1868 2013 1923 videntur

438 1956 658 2011 solliciti
691 1958 900 2025 simus;
935 1974 1057 2012 nam
1091 1974 1212 2029 qua,1
1233 1960 1492 2015 videntur
1519 1961 1839 2030 temporalia
1863 1971 2010 2026 sunt,

437 2064 560 2116 quae
591 2059 769 2102 autem
802 2065 907 2104 non
942 2052 1194 2107 videntur
1233 2063 1433 2107 aeterna
1469 2064 1616 2109 sunt.
1668 2053 1770 2108 Et:
1817 2073 1835 2105 ι
1877 2053 2013 2109 Catii

438 2141 582 2196 sicut
605 2142 740 2196 liber
766 2142 1261 2212 complicabuntur;
1285 2165 1302 2198 ι
1328 2146 1574 2216 dixitque
1600 2147 1821 2202 Petrus:
1849 2147 2012 2203 «Casii

437 2235 654 2304 quidem
692 2251 889 2306 magno
917 2236 1149 2291 stridore
1183 2239 1521 2303 transibunt,
1565 2239 1831 2295 elementa
1886 2256 2016 2294 vero

439 2329 619 2380 calore
663 2327 977 2395 solventur;
1011 2338 1152 2384 terra
1199 2339 1380 2385 autem
1418 2341 1472 2386 et
1501 2347 1624 2401 qua:
1655 2333 1705 2386 in
1737 2333 1850 2402 ipsa
1887 2345 2015 2388 sunt

441 2433 604 2487 opera
659 2430 980 2476 exurentur.
1020 2441 1038 2472 ι
1073 2425 1138 2476 At
1197 2424 1282 2478 itis
1328 2425 1584 2480 omnibus
1625 2427 2013 2492 dissolvendis,

441 2513 632 2582 quales
658 2529 756 2568 nos
783 2529 902 2571 esse
931 2516 1188 2584 oportet?
1213 2515 1462 2571 Profecto
1495 2517 1548 2571 in
1577 2529 1766 2573 sancta
1790 2535 2042 2574 convt~r-'

441 2607 657 2662 satione
709 2609 1080 2678 Oper-ibusque
1117 2610 1354 2679 pietatis"
1385 2621 1766 2681 exspectantes
1803 2613 2014 2667 Domini

441 2699 612 2753 nostri
648 2696 777 2754 Jesu
805 2699 1009 2755 Christi
1042 2701 1357 2764 adventum,
1391 2700 1458 2754 de
1493 2717 1600 2770 quo
1630 2717 1730 2757 nos
1762 2718 1882 2758 esse
1909 2704 2011 2759 spl-

441 2791 621 2846 liritos
647 2800 886 2861 oportet.
923 2792 1181 2858 Quantam
1228 2795 1370 2846 enim
1425 2794 1633 2849 utilitas
1663 2809 1727 2849 ex
1776 2805 2018 2849 contem-

443 2887 680 2951 platimte
712 2897 1092 2940 creaturarum
1113 2887 1136 2938 ‘3
1156 2889 1434 2953 Quantum
1463 2888 1585 2940 inde
1604 2897 1783 2953 torpet
1802 2889 2015 2941 anima!

443 2974 716 3040 Quantum
753 2976 876 3030 inde
910 2979 1256 3032 conteritur!
1292 2979 1394 3033 nisi
1437 2979 1601 3032 etiam
1638 2978 1765 3033 inde
1804 2989 2019 3033 crescat

446 3070 822 3140 praesumptio,
849 3071 1126 3141 impiaqtte
1161 3071 1380 3141 superbi
1414 3073 1761 3128 tenebrarum
1794 3075 2022 3144 spiritus

2118 569 2316 640 φθορᾷ,
2348 570 2493 624 καθά
2527 588 2629 623 που
2670 572 2763 624 καὶ
2816 573 3028 635 Παῦλος
3077 573 3208 642 περὶ
3255 574 3446 627 τούτου
3513 575 3657 644 φησὶ
3683 616 3702 640 ,

2122 682 2138 712 ι
2179 662 2256 733 Τῇ
2291 661 2402 730 γὰρ
2457 664 2780 732 ματαιότητι
2808 665 2839 734 ή
2871 664 3049 726 κτίσις
3102 665 3376 736 ὑπετάγη.
3417 684 3434 716 ι
3495 665 3699 734 λέγων,

2119 773 2138 804 ι
2173 755 2270 822 οὐχ
2304 753 2530 820 ἑκοῦσα,
2560 755 2694 808 ἀλλὰ
2717 756 2804 808 διὰ
2830 759 2920 809 τὶν
2943 756 3290 824 ὑποτάξαντα
3320 759 3408 811 ἐπ’
3435 758 3614 812 ἑλπίδι
3643 780 3696 816 ι.

2125 846 2184 897 '0
2218 846 2274 898 δέ
2316 863 2378 913 γε
2415 848 2674 910 ἀσύνετος
2705 848 2974 920 Βαρλαὰμ
3003 849 3127 902 νοῦν
3182 849 3274 903 τὴν
3308 851 3384 920 μὴ
3413 851 3549 921 «περὶ
3585 851 3702 904 τῶν

2118 941 2459 1012 μαθημάτων
2517 943 2626 995 τῶν
2682 943 2946 1013 ἐντέχνων
2999 943 3197 1003 εἰδότα¹
3242 943 3367 997 νοῦν
3423 946 3616 1012 ἄλογον
3672 948 3704 999 6

2113 1035 2343 1098 δείλαιος
2365 1035 2632 1088 ἀπεκάλει
2658 1037 2750 1088 καὶ
2774 1036 3071 1094 σκοτεινὸν.
3099 1039 3174 1106 μὴ
3200 1035 3355 1099 εἰδὼς
3380 1039 3406 1089 ὁ
3439 1037 3700 1104 μάταιος,

2113 1124 2188 1187 ὡς
2219 1127 2392 1178 ταῦτα
2435 1126 2535 1194 μὲν
2588 1125 2655 1179 δι’
2686 1128 2854 1196 ἡμᾶς,
2891 1127 2986 1178 καὶ
3039 1126 3125 1180 ἵνα
3183 1127 3252 1179 τά
3293 1127 3388 1180 τοῦ
3443 1125 3700 1196 σώματος

2113 1217 2405 1287 διοικῆται,
2435 1219 2527 1271 καὶ
2560 1219 2637 1280 είς
2669 1218 2869 1289 χρῆσιν
2915 1212 3016 1272 ὦσι
3052 1220 3151 1288 τῆς
3205 1219 3492 1289 παρούσης
3536 1219 3700 1289 ἡμῶν

2116 1308 2281 1379 ζωῆς,
2315 1310 2479 1380 ἔτερα
2505 1310 2550 1364 δ’
2579 1312 2686 1363 εἰσὶ
2716 1311 2784 1363 τά
2819 1311 2925 1378 πρὸ
2958 1311 3269 1380 καταϐολῆς
3295 1310 3500 1378 κόσμου
3549 1313 3700 1380 ήτοι-

2119 1402 2371 1471 μασμένα
2401 1402 2530 1471 ἡμῖν
2579 1401 2854 1474 παρα-τοῦ
2885 1401 3044 1469 Θεοῦ,
3073 1403 3148 1466 ὡς
3185 1401 3348 1466 αὑτὸς
3379 1403 3496 1472 ἐρεῖ
3521 1405 3646 1457 τότε
3679 1419 3698 1434 ·

2122 1510 2141 1544 ι
2166 1492 2354 1560 Δεῦτε,
2375 1495 2424 1546 οἱ
2452 1493 2810 1567 εὐλογημένοι
2841 1495 2934 1546 τοῦ
2964 1495 3177 1564 Πατρός
3206 1511 3329 1564 μου,
3356 1495 3702 1566 κληρονομή-

2116 1599 2245 1634 σατε
2299 1582 2398 1654 τὴν
2447 1585 2865 1655 ἡτοιμασμένην
2897 1586 3026 1654 ὑμῖν
3064 1585 3342 1654 βασιλείαν
3375 1587 3484 1640 ἀπὸ
3525 1604 3696 1639 καταο

2115 1676 2280 1748 δολῆς
2313 1677 2540 1746 κόσμου.
2571 1696 2590 1730 ι
2632 1679 2713 1733 Τὰ
2740 1678 2796 1732 δὲ
2828 1677 2928 1748 τῆς
2952 1678 3228 1748 βασιλείας
3248 1678 3462 1750 ἐκείνης
3492 1678 3694 1745 ἀγαθὰ,

2117 1772 2253 1837 φησὶ
2290 1768 2526 1832 Παῦλος,
2554 1769 2803 1834 τοιαῦτα,
2831 1771 2914 1822 ὅτι
2949 1789 2968 1822 ι
3019 1770 3332 1839 Ὀφθαλμὸς
3385 1770 3560 1824 ταῦτα
3595 1772 3697 1824 οῦκ

2117 1858 2247 1927 οἶδε,
2281 1865 2375 1917 καὶ
2403 1859 2495 1926 οῦς
2533 1864 2632 1916 οὑκ
2663 1864 2888 1935 ἤκουσε,
2939 1863 3035 1916 καὶ
3095 1864 3188 1916 ἐπὶ
3219 1853 3446 1932 καρδίαν
3485 1863 3698 1930 ἀνθρὼ-

2117 1972 2220 2010 που
2252 1959 2353 2010 οὑκ
2377 1957 2568 2026 ἀνέὸη,
2599 1956 2634 2010 ἀ
2669 1957 2970 2025 ἡτοίμασεν
3017 1959 3045 2010 6
3091 1955 3226 2018 Θεὸς
3261 1959 3375 2016 τοῖς
3403 1957 3700 2023 ἀγαπῶσιν

2118 2049 2277 2103 αὑτόν
2317 2069 2360 2103 ι.
2401 2049 2510 2102 Καὶ
2528 2049 2607 2102 ὅτι
2638 2049 2665 2100 6
2706 2049 2936 2118 οὐρανὸς
2971 2051 3121 2121 καὶὴ
3149 2052 3218 2119 γῆ
3257 2049 3698 2118 παρελεύσονται

2117 2143 2360 2196 διδάσκει
2386 2143 2412 2195 6
2439 2142 2663 2212 Κύριος.
2694 2144 2807 2195 Καὶ
2834 2143 2895 2195 οὐ
2924 2141 3005 2196 δεῖ
3029 2143 3157 2212 περὶ
3181 2141 3290 2197 τῶν
3342 2140 3700 2212 βλεπομένων

2117 2237 2290 2306 ἡμᾶς,
2326 2234 2536 2296 Παῦλός
2571 2251 2726 2304 φησι,
2770 2236 3065 2304 μεριμνᾷν.
3099 2234 3182 2290 Τὰ
3235 2234 3344 2304 γὰρ
3384 2234 3702 2303 βλεπόμενα

2119 2329 2452 2399 πρόσκαιρα,
2477 2329 2544 2380 τὰ
2573 2329 2629 2380 δὲ
2663 2327 2738 2398 μὴ
2776 2327 3087 2397 βλεπόμενα
3135 2327 3352 2380 αἰώνια.
3388 2327 3498 2380 Καὶ
3551 2328 3580 2379 6
3607 2327 3704 2379 ού-

2125 2422 2283 2493 ρανδς
2313 2421 2665 2492 εἱληθήσεται
2696 2421 2772 2482 ὡς
2819 2407 3044 2491 βιϐλίον.
3107 2421 3215 2473 Καὶ
3244 2419 3452 2489 Πέτρος
3507 2422 3701 2488 φησιν,

2127 2535 2144 2568 ι
2181 2515 2416 2587 Οὑρανοὶ
2451 2515 2551 2583 μὲν
2587 2513 2835 2590 ῥοιζηδὸν
2872 2512 3330 2582 παρελεύσονται,
3375 2516 3617 2582 στοιχεῖα
3641 2512 3706 2566 δὲ

2121 2608 2474 2678 καυσούμενα
2531 2605 2895 2675 λυθήσονται⁹
2935 2608 3029 2658 καὶ
3079 2608 3148 2674 γῆ
3183 2608 3276 2659 καὶ
3321 2607 3392 2659 τὰ
3442 2607 3502 2660 ὲν
3557 2607 3702 2677 αὐτῇ

2120 2701 2299 2756 πάντα
2326 2701 2761 2767 κατακαήσεται.
2793 2719 2810 2750 ι
2851 2699 3073 2752 Τούτων
3093 2699 3148 2752 δὲ
3176 2699 3396 2752 πάντων
3417 2700 3704 2768 λυομένων

2122 2794 2397 2857 ποταποὺς
2422 2794 2502 2846 δεῖ
2535 2789 2673 2848 εἶναι
2718 2793 2906 2862 ήμᾶς;
2949 2791 3040 2844 Ἐν
3091 2791 3280 2860 ἁγίαις
3329 2793 3706 2862 ἀναστροφαῖς
3742 2861 3750 2867 ἱ

2122 2891 2216 2941 καὶ
2271 2887 2602 2950 εὐσεϐείαις,
2664 2884 3139 2954 ἀπεκδεχομένους
3189 2887 3290 2952 τὴν
3342 2884 3437 2936 τοῦ
3490 2883 3705 2954 Κυρίου

2123 2981 2280 3053 ήμῶν
2326 2981 2502 3052 Ἰησοῦ
2535 2979 2775 3046 Χριστοῦ
2826 2979 3158 3048 παρουσίαν,
3211 2980 3341 3048 περὶ
3383 2973 3450 3047 ἦς
3499 2978 3565 3046 δὴ
3603 2980 3706 3032 καὶ

2127 3076 2435 3148 φροντίζειν
2461 3075 2609 3145 ήμᾶς
2635 3071 2833 3143 χρεών.
2894 3071 2959 3126 Τί
2989 3071 3098 3140 γὰρ
3153 3072 3212 3124 τὸ
3237 3071 3428 3140 Ι5φελος
3483 3075 3550 3125 ἐκ
3603 3073 3711 3142 τῆς

447 3163 632 3232 opinio
663 3164 936 3218 mentibus
975 3164 1187 3220 insanis
1219 3165 1514 3220 inseratur.
1559 3167 1714 3232 Quod
1751 3183 1858 3223 non
1889 3169 2022 3239 ipsa:

2128 3171 2232 3224 τῶν
2264 3169 2584 3238 κτισμάτων
2613 3165 2846 3236 θεωρίας
2873 3181 2888 3233 ;
2922 3165 3054 3217 ποία
3087 3165 3150 3216 ὲκ
3191 3163 3397 3218 τούτων
3425 3164 3708 3235 ἁπάθεια;

449 3257 653 3312 faciunt
678 3265 942 3313 creatura:
967 3273 1091 3312 cum
1117 3259 1272 3312 home
1296 3259 1406 3313 sint
1430 3266 1616 3328 utpote
1641 3275 1672 3315 a
1699 3262 1846 3317 bono
1872 3278 2022 3317 crea-

447 3361 586 3405 turae
624 3351 879 3416 conditae,
939 3355 1029 3405 sed
1097 3351 1332 3406 sollicita
1396 3368 1580 3408 earum
1627 3355 2022 3420 consideratio,

447 3458 610 3513 quam
672 3444 1100 3513 contemplatum
1177 3453 1480 3513 apostatam
1543 3444 1732 3500 dicunt
1797 3447 2022 3516 quidam

451 3537 796 3600 (sublimiore
845 3537 988 3592 enim
1032 3540 1494 3607 contemplatione
1536 3541 1733 3610 dignus
1780 3539 2024 3594 nonfuit

451 3632 541 3685 ille
587 3631 659 3687 ab
717 3631 876 3686 initio
905 3632 1301 3702 gloriabundus
1349 3642 1402 3688 et
1432 3633 1900 3688 insolentissimus
1931 3633 2025 3701 qui

452 3734 633 3780 tamen
661 3739 877 3780 summo
903 3725 1224 3796 angelorum
1264 3728 1443 3781 ordini
1473 3728 1750 3796 prmerat),
1777 3725 1901 3780 dum
1942 3728 2028 3782 in-

449 3825 698 3872 tueretur
714 3817 1098 3887 superhivisse,
1115 3833 1280 3888 seque
1293 3820 1574 3888 jactitasse
1593 3820 1852 3874 thronum
1868 3834 2025 3874 suum

451 3927 618 3982 super
647 3911 819 3968 nubes
837 3921 889 3965 et
907 3921 1051 3966 astra
1075 3914 1403 3980 positurum,
1431 3914 1774 3984 similemque
1796 3913 1915 3969 fore
1937 3914 2030 3967 Al-

453 4007 686 4070 tissimo,
706 4005 798 4074 qui
813 4005 1153 4059 Altissimum
1171 4022 1276 4060 non
1299 4009 1680 4077 cognoscebat.
1701 4006 1857 4060 Hunc
1878 4021 2032 4062 mens

450 4097 630 4153 omnis
650 4111 866 4164 semper
887 4097 1242 4164 contemplari
1265 4098 1423 4152 debet
1445 4099 1593 4152 velut
1622 4106 1856 4152 mentem
1874 4107 2030 4152 mter-

453 4207 576 4244 nam
601 4190 814 4243 Patrem
842 4205 965 4242 cum
985 4187 1166 4242 Verbo
1189 4199 1242 4242 et
1270 4190 1498 4259 Spiritu,
1527 4201 1579 4245 et
1603 4206 1725 4244 eum
1751 4199 2030 4260 appetere,

451 4295 613 4352 atque
625 4283 692 4338 ad
709 4299 830 4338 eum
850 4292 1221 4337 creaturarum
1242 4286 1500 4337 factorem
1519 4285 1773 4338 continua
1795 4297 2032 4352 propen-

453 4377 608 4432 sione
630 4377 870 4440 tendere,
885 4384 938 4429 et
959 4391 1082 4429 eum
1110 4376 1161 4430 in
1186 4376 1404 4431 silentio
1429 4376 1661 4431 adorare
1680 4377 2034 4446 quemadmo-

452 4469 580 4524 dum
600 4468 798 4538 angeli;
821 4469 1023 4539 Deique
1038 4483 1201 4538 opera
1221 4483 1472 4538 quzenam
1491 4467 1601 4522 sint
1620 4467 1849 4523 intuitus
1865 4469 2029 4524 homo
2056 4501 2108 4560 Β

453 4566 612 4618 debet
629 4563 924 4618 secundum
946 4563 1166 4632 angelos
1184 4576 1368 4631 agere,
1385 4575 1578 4628 nempe
1598 4577 1718 4616 eum
1741 4562 1958 4631 hymnis
1975 4573 2030 4618 et

453 4655 706 4709 laudibus
725 4655 1027 4710 celebrare.
1060 4653 1152 4707 Ait
1186 4653 1368 4707 enim:
1403 4671 1420 4703 ι
1457 4651 1689 4715 Quando
1719 4651 1862 4706 facta
1903 4663 2033 4707 sunt

453 4757 625 4816 astra,
654 4747 1057 4803 laudabantme
1094 4761 1227 4802 voce
1252 4761 1447 4815 magna
1479 4759 1670 4800 omnes
1708 4745 1885 4816 angeli
1926 4747 2031 4800 mei

457 4844 783 4911 hymnisque
814 4840 1107 4894 ornabant.
1149 4857 1168 4889 ι
1199 4837 1427 4892 Vidcn’?
1459 4837 1755 4892 humilitati
1802 4848 1950 4900 sunt,
1982 4849 2037 4893 et

455 4937 640 4992 statim
668 4935 733 4989 ad
766 4932 1286 5001 contemplationem
1343 4940 1398 4985 et
1440 4929 1890 4997 gloriﬁcationem
1942 4928 2034 4983 Dei

456 5041 688 5087 mentem
727 5036 1046 5090 erexerunt,
1098 5026 1360 5096 quoniam
1421 5023 1537 5091 ipse
1571 5024 1814 5076 omnium
1853 5021 2034 5076 Domi-

459 5141 597 5193 nus;
634 5137 810 5193 neque
848 5129 1064 5191 prepter
1093 5133 1240 5185 eum,
1279 5116 1375 5172 sed
1414 5124 1632 5184 propter
1673 5130 1792 5183 nos,
1832 5125 1892 5169 ut
1933 5131 2036 5169 no-

457 5230 571 5275 stra
601 5222 861 5286 regantur
894 5229 1123 5282 corpora
1166 5211 1405 5266 visibilia
1466 5210 1732 5274 condidit,
1782 5210 2032 5263 invisibi-

457 5313 528 5366 lia
561 5319 744 5365 autem
775 5317 833 5360 ut
866 5306 1064 5361 animis
1115 5305 1322 5359 nostris
1359 5304 1669 5373 proﬁciant.
1705 5302 1836 5368 Qua:
1871 5302 2039 5370 igitur

459 5404 672 5461 utilitas
737 5405 782 5457 si
839 5399 906 5453 de
965 5398 1049 5452 his
1100 5397 1551 5466 corruptibilihus
1600 5394 1824 5450 solliciti
1867 5393 2040 5449 simus

461 5513 588 5570 quae
612 5493 961 5551 studentibus
1017 5507 1125 5547 non
1183 5503 1438 5560 prosunt,
1496 5491 1598 5544 nisi
1658 5489 1782 5558 quis
1837 5487 1927 5540 illa
1954 5502 2043 5540 so-

460 5591 745 5647 lummodo
785 5587 1039 5656 inspiciat
1092 5595 1152 5641 ttt
1207 5584 1314 5640 Deo
1360 5585 1566 5654 gratias
1624 5591 1678 5635 et
1726 5579 1913 5634 Iaudes
1946 5579 2044 5633 tri—

467 5687 618 5748 buat,
660 5693 719 5737 ut
749 5683 927 5738 solent
961 5680 1252 5751 sanctihet
1300 5676 1469 5731 David
1526 5674 1672 5731 istud
1711 5679 1941 5727 testatur
1985 5671 2039 5724 in

465 5775 652 5829 multis
683 5773 905 5846 psalmis
932 5787 1093 5843 opera
1153 5771 1245 5826 Dei
1297 5766 1667 5837 praedicando.
1734 5763 1828 5818 ille
1861 5769 2040 5815 autem

467 5871 782 5938 immundus
819 5869 932 5927 iure
969 5867 1193 5924 omnino
1228 5865 1432 5920 oblitus
1464 5855 2040 5934 Graccoruntincptias

2127 3261 2256 3315 ποία.
2280 3259 2459 3329 ψυχῆς
2493 3256 2788 3328 συντρι6ή;
2821 3258 2869 3310 εί
2925 3257 3001 3325 μὴ
3042 3256 3132 3308 καὶ
3167 3254 3346 3322 οἴησιν
3377 3257 3710 3326 προστίθησι

2131 3355 2353 3425 μᾶλλον,
2381 3353 2476 3406 καὶ
2505 3354 2627 3414 ταῖς
2659 3351 2768 3404 τῶν
2799 3351 3054 3418 ἀφρόνων
3097 3347 3300 3418 ψυχαῖς
3327 3344 3424 3418 τήν
3457 3349 3554 3402 τοῦ
3582 3367 3715 3403 σκο-

2128 3447 2307 3502 τεινοῦ
2336 3445 2454 3508 νοὸς
2478 3445 2573 3497 καὶ
2591 3443 2944 3512 ὑπερηφάνου
2966 3441 3213 3494 ἀντίθεον
3238 3440 3467 3512 γνώμην
3490 3443 3710 3512 ἐντίθηο

2131 3558 2236 3594 σιν.
2267 3540 2340 3592 Οὐ
2380 3539 2448 3590 τὰ
2480 3539 2757 3606 κτίσματα
2783 3537 2838 3589 δὲ
2881 3535 3040 3589 τοῦτο
3072 3539 3236 3600 ποιεῖ,
3272 3536 3412 3588 καλά
3465 3539 3576 3606 γὰρ
3635 3537 3714 3600 ὼς

2129 3635 2225 3688 καὶ
2259 3631 2426 3686 καλοῦ
2476 3631 2774 3697 κτίσματα,
2805 3628 2922 3683 ἀλλ’
2978 3631 3012 3698 ἡ
3052 3629 3344 3699 περίεργος
3384 3630 3612 3700 θεωρία,
3643 3633 3714 3700 ἢν

2132 3727 2227 3778 καὶ
2255 3726 2612 3794 θεωρήσαντα
2644 3723 2734 3776 τὸν
2760 3721 3075 3790 ἀποστάτην
3125 3722 3258 3788 φασί
3306 3739 3452 3785 τινες
3487 3723 3570 3792 (οὐ
3601 3725 3715 3794 γὰρ

2131 3818 2468 3888 ὑψηλοτέρας
2491 3815 2692 3886 ἠξίωτο
2733 3813 2990 3884 θεωρίας,
3021 3813 3116 3866 ἀπ’
3149 3816 3346 3883 ἀρχῆς,
3378 3816 3454 3868 ὢν
3494 3815 3720 3879 ἀλαζὼν

2133 3913 2228 3966 καὶ
2287 3910 2623 3977 ὑπέροφρυς,
2676 3906 2778 3974 τῆς
2825 3905 3143 3968 τελευταίας
3193 3906 3248 3958 δὲ
3298 3907 3406 3960 τῶν
3457 3908 3715 3975 ἀγγέλων

2134 4002 2349 4072 ὑπῆρχε
2397 3997 2626 4068 τάξεως)
2682 3994 3096 4065 ὑπερφρονῆσαι
3156 3998 3213 4048 ὲν
3265 3996 3342 4063 τῷ
3397 3997 3550 4060 ἰδεῖν,
3617 4003 3719 4051 καὶ

2134 4097 2308 4150 θεῖναι
2340 4089 2723 4162 καυχήσασθαι
2767 4089 2952 4141 ἐπάνω
2999 4087 3108 4140 τῶν
3155 4088 3394 4155 νεφελῶν
3448 4091 3544 4143 καὶ
3599 4093 3716 4144 τῶν

2135 4190 2354 4258 ἄστρων
2415 4185 2508 4237 τὸν
2565 4182 2756 4252 θρόνον
2820 4179 3008 4243 αὑτοῦ,
3069 4184 3166 4235 καὶ
3194 4181 3380 4248 ὅμοιον
3437 4178 3583 4236 εἶναι
3636 4185 3719 4253 τῷ

2145 4280 2406 4349 ,Υψίστῳ,
2450 4275 2526 4346 μὴ
2560 4275 2737 4348 εἰδότα
2765 4273 2858 4324 τὸν
2891 4272 3179 4341 Ὕψιστον.
3235 4275 3332 4326 Ὃν
3371 4274 3454 4327 δεῖ
3483 4273 3720 4344 θεωρεῖν

2139 4372 2314 4426 πάντα
2343 4369 2470 4424 νοῦν
2488 4367 2578 4421 ἀεὶ
2601 4367 2676 4430 ὡς
2695 4364 2802 4435 5ο
2818 4365 3055 4434 ἄναρχον
3076 4364 3204 4417 ὄντα
3232 4365 3357 4418 νοῦν
3382 4366 3476 4419 τὸν
3495 4369 3719 4439 Πατέρα

2139 4466 2232 4518 σὺν
2263 4463 2341 4531 τῷ
2371 4464 2529 4531 Λόγῳ
2578 4462 2672 4514 καὶ
2723 4457 3028 4526 Πνεύματι,
3061 4457 3154 4511 καὶ
3209 4459 3343 4526 πρὸς
3394 4459 3557 4512 αὑτὸν
3621 4463 3720 4530 τὴν

2137 4558 2326 4627 ἔφεσιν
2358 4556 2527 4625 ἔχειν,
2566 4554 2658 4606 καὶ
2691 4551 2830 4621 πρὸς
2863 4551 3028 4603 αὐτὸν
3063 4552 3153 4604 ἀεὶ
3182 4551 3583 4614 ἀνατείνεσθαι,
3620 4553 3720 4607 τὸν

2136 4653 2368 4721 ποιητὴν
2421 4647 2534 4700 τῶν
2584 4647 2924 4712 κτισμάτων.
2983 4644 3078 4696 καὶ
3133 4643 3382 4709 δοξάζειν
3435 4645 3722 4714 ἀσιγήτως

2135 4745 2298 4799 αὑτὸν
2327 4741 2401 4803 ὡς
2418 4741 2467 4792 οἱ
2497 4737 2742 4807 ἄγγελοι,
2769 4736 2864 4789 καὶ
2889 4735 3031 4788 κατὰ
3064 4735 3192 4798 τοὺς
3215 4734 3482 4802 ἀγγέλους
3513 4738 3721 4801 ποιεῖν,

2136 4832 2448 4903 θεωροῦντα
2475 4829 2596 4882 τίνα
2625 4829 2694 4880 τὰ
2715 4825 2808 4881 τοῦ
2839 4825 2974 4879 Θεοῦ
3005 4827 3303 4896 κτίσματα,
3334 4826 3523 4895 ὑμνεῖν
3552 4828 3725 4882 αὑτὸν

2138 4934 2232 4982 καὶ
2250 4926 2573 4992 δοξολογεῖν.
2606 4923 2770 4975 «Ὅτε
2800 4940 2819 4973 ι
2845 4921 2978 4990 γὰρ,
3003 4920 3192 4991 φησὶν,
3223 4937 3242 4971 ι
3273 4920 3493 4985 ἐγένετο
3514 4919 3718 4989 ἄστρα,

2137 5020 2338 5092 ᾔνεσαν
2362 5034 2428 5088 με
2471 5018 2622 5086 φωνῇ
2689 5013 2905 5085 μεγάλῃ
2939 5012 3141 5075 πάντες
3198 5012 3422 5080 ἄγγελοί
3483 5029 3588 5080 μου
3621 5011 3726 5064 καὶ

2142 5112 2412 5181 ὕμνησαν.
2447 5128 2464 5160 ι
2509 5109 2721 5178 Ὀρᾷς;
2755 5105 3222 5172 Τεταπείνωνται,
3283 5109 3378 5158 καὶ
3428 5105 3564 5175 πρὸς
3619 5105 3726 5173 τὴν

2141 5203 2236 5257 τοῦ
2274 5200 2412 5256 Θεοῦ
2471 5199 2706 5270 θεωρίαν
2737 5199 2835 5252 καὶ
2885 5196 3200 5264 δοξολογίαν
3229 5197 3392 5259 εὐθὺς
3447 5199 3540 5248 τὸν
3592 5193 3728 5249 νοῦν

2141 5293 2399 5360 ἔστησαν·
2432 5289 2514 5342 ὅτι
2543 5289 2638 5342 καὶ
2667 5287 2831 5351 αὐτὸς
2867 5290 3088 5339 πάντων
3122 5287 3515 5358 παραγωγεὺς,
3539 5284 3637 5337 καὶ
3657 5285 3728 5338 οὑ

2141 5384 2208 5437 δι’
2240 5383 2404 5436 αὑτὸν
2443 5381 2508 5434 τὰ
2538 5381 2838 5450 κτίσματα,
2870 5379 3004 5432 ἀλλὰ
3025 5379 3092 5432 δι’
3125 5382 3157 5448 ή
3170 5380 3296 5448 μᾶς,
3325 5379 3410 5431 ἵνα
3449 5377 3730 5447 κυϐερνᾶ-

2143 5497 2232 5532 ται
2266 5476 2424 5547 ήμῶν
2452 5473 2520 5527 τὰ
2557 5477 2804 5543 σώματα.
2840 5473 2921 5526 Τὰ
2977 5473 3032 5526 δὲ
3060 5472 3330 5546 ὑπὲρ-τῶν
3353 5469 3542 5541 ψυχῶν
3564 5469 3733 5540 ἡμῶν

2144 5571 2512 5642 ἀκατανόητοι.
2545 5569 2643 5632 Τίς
2698 5563 2790 5621 οῦν
2823 5567 2856 5636 ἡ
2895 5564 3058 5634 χρεία
3119 5565 3390 5634 μεριμνᾷν
3451 5565 3580 5632 περὶ
3616 5565 3735 5618 τῶν

2147 5663 2426 5735 φθαρτῶν,
2461 5663 2557 5716 καί¹
2590 5661 2758 5732 μηδὲν
2789 5656 3147 5726 ὠφελούντων
3195 5659 3252 5708 ὲν
3283 5655 3363 5726 τῷ
3410 5660 3731 5722 κατανοεῖν,

2148 5762 2194 5812 εἰ
2231 5759 2302 5828 μή
2338 5775 2420 5820 τις
2449 5756 2807 5824 κατανοήσειε
2840 5751 3036 5822 μικρὸν
3055 5751 3144 5803 διὰ
3167 5750 3336 5819 μόνην
3365 5749 3733 5819 εὐχαριστίαν

2149 5852 2283 5907 Θεοῦ
2313 5852 2406 5907 καὶ
2436 5848 2763 5918 δοξολογίαν,
2799 5847 2874 5910 ὡς
2905 5846 2999 5899 καὶ
3044 5846 3156 5908 τοῖς
3187 5843 3362 5911 ἁγίοις
3402 5842 3520 5906 ἔθος
3566 5845 3728 5911 sort;
