4066 6484
304 382 384 446 liti

1343 376 1727 446 DiALOGUS
1760 384 2059 446 CONTRA
2093 383 2483 446 HaERESES.

3453 382 3553 444 15')

299 499 390 552 Καὶ
415 492 578 549 Δασιό
618 492 778 547 τοῦτο
813 497 1107 567 μαρτυρεῖ,
1142 496 1201 549 ἐν
1231 497 1448 562 πολλοῖς
1476 499 1586 552 τῶν
1628 498 1865 569 ψαλμῶν

1987 496 2329 565 ηοιοηῖειιυο
2373 496 2656 552 doctrinas
2712 508 2768 552 et
2811 497 3098 568 Opiniones
3156 510 3296 566 quas
3350 501 3554 549 vocant

298 591 355 642 τὰ
403 588 496 642 τοῦ
525 587 660 648 Θεοῦ
721 587 1106 658 διηγούμενος.
1169 589 1334 643 Ἀλλὰ
1368 590 1574 645 τούτων
1628 590 1862 662 μηδενὸς

303 681 544 754 μνησθεὶς
576 682 786 744 ἐκεῖνος
820 684 847 735 6
883 681 1104 752 μιαρὸς.
1145 682 1244 747 τὰς
1299 680 1628 752 Ἑλληνικάς
1657 684 1864 754 φληνα-

305 774 416 843 φίας
440 775 532 829 καὶ
559 775 656 836 τὰς
682 775 775 827 τοῦ
806 774 1096 837 Πλάτωνος
1124 775 1440 846 εἰσηγήσεις
1467 793 1528 828 τε
1557 776 1654 829 καὶ
1680 775 1860 842 δόξας,

301 863 384 922 καὶ
407 867 472 930 ἃς
497 866 756 938 καλοῦσιν
781 885 800 918 ι
840 867 1004 932 ίδέας,
1036 886 1054 920 ι
1090 868 1377 938 φωτισμὸν
1398 870 1580 940 ἠγεῖτο
1601 870 1694 923 καὶ
1724 867 1866 936 γνῶ-

306 974 378 1010 σιν
400 959 492 1012 καὶ
520 957 794 1026 κάθαρσιν
821 957 850 1010 ό
892 958 1224 1028 ἀκάθαρτος.
1263 959 1330 1015 Ἀ
1365 961 1428 1030 δὴ
1475 962 1570 1014 καὶ
1603 957 1864 1014 ἐλάττονα

303 1052 388 1120 τῆς
417 1049 764 1120 ἀνθρωπίνης
794 1049 904 1104 eici.
943 1050 1204 1115 διανοίας,
1239 1051 1332 1106 ὑπ’
1379 1051 1552 1124 αὐτῆς
1583 1046 1865 1120 καταλαμ-

301 1141 589 1210 ϐανόμεναο
640 1142 736 1194 καὶ
788 1143 1092 1208 μετρεῖται,
1146 1140 1244 1194 καὶ
1297 1142 1546 1207 ἐξετάσει
1610 1141 1866 1212 διδόμενα

303 1229 694 1298 ἑφευρίσκεται,
727 1229 823 1283 καὶ
872 1230 1109 1301 μάλιστα
1143 1232 1212 1284 τὰ
1246 1233 1374 1304 περὶ
1419 1235 1520 1303 τῆς
1563 1234 1675 1286 τῶν
1705 1236 1865 1287 ἀστέ-

309 1341 397 1394 ρων
427 1323 724 1393 κινήσεως·
759 1324 855 1378 καὶ
882 1324 1039 1378 οὐδὲν
1085 1327 1148 1380 ὲκ
1181 1327 1388 1381 τούτων
1434 1328 1628 1398 ὄφελος
1667 1329 1745 1399 τῷ
1777 1331 1868 1380 ἀν-

307 1407 510 1486 θρώπῳ.
567 1415 631 1470 Τί
665 1413 778 1487 γὰρ
813 1418 966 1488 παρᾶ
1015 1419 1078 1472 τὸ
1129 1419 1330 1475 είδὲναι
1376 1421 1479 1476 ποῦ
1513 1420 1614 1492 τὴν
1648 1423 1869 1491 κίνησιν

201 1513 204 1516 ’
302 1511 401 1578 ἔχει
431 1510 458 1560 6
488 1509 640 1578 ἥλιος
674 1509 770 1563 καὶ
801 1511 999 1581 σελήνη
1034 1511 1132 1564 καὶ
1165 1513 1233 1567 τὰ
1266 1512 1431 1568 λοιπᾶ
1473 1515 1583 1568 τῶν
1611 1515 1868 1584 cici-pura;

302 1604 344 1655 εί
370 1603 440 1673 μὴ
479 1602 566 1658 διά
596 1618 721 1656 τινα
755 1607 948 1674 χρείαν
981 1605 1184 1674 σαρκὸς
1235 1606 1312 1669 ὡς
1358 1608 1603 1662 ναυτικοὶ
1639 1609 1870 1678 κέχρην-

299 1703 394 1751 ται.
419 1697 525 1750 Καὶ
549 1698 872 1769 παχυτέρως
893 1697 1042 1753 οὗτοι
1059 1700 1128 1753 τὰ
1157 1702 1268 1755 τῶν
1296 1700 1516 1772 ἄστρων
1546 1704 1872 1757 κατανοοῦσι

304 1789 615 1859 κρειττόνως
651 1791 913 1854 πολλάκις
942 1791 1039 1846 καὶ
1069 1793 1176 1848 τῶν
1199 1794 1545 1865 λεπτοτέρων
1569 1794 1872 1848 δοκούντων

1968 590 2121 645 ideas
2154 590 2580 646 illustrationem
2613 600 2666 644 ct
2714 590 3006 645 scientiam
3043 599 3210 659 atque
3245 589 3548 658 puritatem

1966 685 2221 751 impurus
2245 681 2523 750 ducebat;
2561 698 2684 753 quze
2737 684 2994 738 humanae
3035 683 3356 753 cogitationi
3415 680 3555 734 inle-

1966 771 2112 826 riora
2144 781 2296 839 sunt,
2333 788 2457 828 cum
2500 774 2568 828 ab
2601 789 2664 829 ea
2705 777 3099 844 comprehensa
3135 782 3548 834 mensurentur,

1967 873 2021 918 et
2049 864 2427 920 observationi
2493 864 2621 919 data
2688 867 3061 935 reperiantur,
3118 866 3396 936 praecipue
3429 880 3555 935 quae

1967 957 2112 1013 circa
2143 967 2324 1012 motus
2377 967 2652 1012 astrorum
2709 968 3020 1026 versantur,
3078 974 3144 1014 ex
3205 959 3404 1029 quibus
3437 958 3558 1011 nul-

1969 1052 2078 1105 lum
2107 1051 2316 1105 homini
2346 1049 2722 1116 commodum,
2757 1049 2902 1119 Quid
2951 1051 3096 1107 enim
3129 1053 3352 1121 prodest
3382 1051 3427 1104 si
3462 1065 3559 1103 uo-

1967 1143 2147 1198 verint
2175 1142 2454 1212 quomodo
2485 1153 2810 1199 moveantur
2869 1146 2952 1200 sol
3005 1154 3060 1200 et
3115 1145 3243 1199 luna
3295 1157 3556 1213 asuraque

1969 1235 2208 1290 caetera?
2241 1233 2354 1288 Nisi
2397 1235 2523 1289 inde
2551 1235 2844 1305 quamdam
2878 1237 3060 1290 carnis
3093 1236 3382 1291 utilitatem
3413 1237 3558 1290 sicut

1972 1336 2152 1382 nauta:
2185 1329 2491 1398 percipiant
2521 1345 2536 1396 ;
2574 1329 2778 1399 istique
2835 1335 3019 1384 mente
3076 1330 3386 1385 hebetiores
3413 1344 3558 1398 saepe

1973 1421 2170 1474 melius
2201 1431 2541 1490 cognoscunt
2573 1437 2634 1476 ea
2660 1437 2781 1492 quae
2805 1425 2871 1477 ad
2901 1423 3083 1478 sidera
3111 1433 3357 1492 spectant
3389 1437 3563 1491 quam

1975 1513 2048 1566 illi
2076 1513 2168 1582 qui
2204 1515 2546 1584 sapientibus
2574 1517 2859 1571 acutiores
2897 1517 3174 1572 videntur.
3205 1516 3258 1571 Si
3285 1525 3466 1570 autem
3494 1518 3561 1569 de

1974 1605 2398 1674 originererum
2426 1606 2672 1672 disserit,
2698 1607 2837 1663 heu!
2874 1624 3037 1678 quam
3069 1623 3214 1662 caeca
3246 1607 3521 1662 aberratio
3542 1607 3567 1659 ί

1975 1713 2140 1768 quam
2186 1699 2352 1767 impie
2397 1700 2640 1769 loquitur
2685 1699 2940 1754 divinum
2987 1701 3251 1753 honorem
3289 1698 3564 1754 creaturis

1978 1791 2278 1844 exhibens!
2325 1789 2443 1844 Non
2477 1793 2620 1845 enim
2657 1791 2747 1847 Dei
2777 1793 3123 1858 providentia
3154 1801 3339 1847 nostra
3368 1791 3569 1860 guber-

308 1881 448 1950 παρὰ
489 1883 695 1950 σοφοῖς.
749 1884 812 1937 Εἰ
843 1884 898 1938 δὲ
947 1887 1080 1955 περὶ
1111 1887 1386 1955 γενέσεως
1416 1887 1444 1939 6
1473 1886 1631 1955 λόγος
1655 1888 1870 1956 ἐκείνῳ,

1987 1883 2098 1937 nari
2135 1883 2441 1950 existimat,
2469 1885 2564 1940 sed
2610 1885 2723 1940 fato
2762 1885 3093 1955 fortunaque
3131 1893 3188 1940 et
3213 1894 3409 1954 sponte
3443 1899 3594 1949 sua,-

302 1970 396 2040 φεῦ
422 1974 520 2043 τῆς
549 1975 767 2044 ἀπάτης
794 1979 807 2029 !
846 1977 922 2040 ὡς
947 1979 1426 2050 κτισματολόιτρης
1447 1979 1556 2049 γὰρ
1589 1981 1682 2033 καὶ
1724 1979 1871 2032 ἀντί-

302 2066 434 2128 θεος.
465 2067 541 2120 Οὐ
570 2068 683 2140 γὰρ
709 2070 775 2140 τῇ
812 2067 908 2123 τοῦ
933 2069 1070 2124 θεοῦ
1105 2070 1335 2144 προνοίᾳ
1360 2072 1461 2143 τὴν
1483 2073 1642 2144 ἡμῶν
1671 2073 1875 2144 διοίκη-

301 2176 378 2213 σιν
403 2162 740 2232 ἀνατίθησιν,
765 2163 902 2218 ἀλλὰ
923 2167 990 2233 τῇ
1022 2165 1342 2237 εἱμαρμένῃ
1391 2167 1484 2220 καὶ
1512 2167 1648 2238 τύχῃ
1676 2171 1768 2220 καὶ
1797 2168 1874 2239 τῷ

301 2254 585 2326 αὐτομάτῳ
609 2255 750 2309 κατὰ
779 2257 870 2309 τὸν
911 2257 1256 2329 Ἐπίκουρον,
1293 2259 1325 2328 ἢ
1365 2262 1486 2324 ταῖς
1510 2261 1618 2314 τῶν
1653 2259 1876 2329 ἄστρων

297 2344 573 2414 δυνάμεσι,
605 2347 699 2399 καὶ
731 2345 890 2401 τοῦτο
913 2348 976 2403 τὸ
1010 2348 1164 2414 τέλος
1207 2350 1309 2420 τῆς
1343 2351 1556 2413 ἀθείας.
1595 2351 1708 2406 Καὶ
1739 2355 1877 2406 Πτο-

299 2432 513 2503 λεμαῖος
536 2427 697 2500 ἄλλος
747 2438 775 2490 6
802 2436 1092 2512 Βαρλαὰμ,
1122 2443 1190 2496 τὰ
1227 2443 1347 2496 θεῖα
1396 2445 1497 2513 μὲν
1526 2442 1690 2513 δῆθεν
1727 2446 1878 2514 δεχό-

303 2542 455 2595 μενος
485 2527 640 2595 λόγια
682 2528 758 2591 ὡς
807 2523 1014 2596 ἐκεῖνος
1068 2531 1136 2587 τὰ
1184 2534 1294 2587 τῶν
1359 2533 1646 2606 Ἐϐραίων,
1697 2536 1732 2590 ἃ
1783 2540 1876 2590 καὶ

299 2619 591 2689 ἑρμηνείας
625 2620 848 2692 ἠξίωσε,
900 2623 999 2695 τὴν
1037 2624 1203 2680 αὐτοῦ
1235 2627 1291 2680 δὲ
1343 2625 1710 2699 Τετρόιόιόλον
1738 2631 1879 2704 κατὰ

299 2709 396 2794 τῆς
425 2712 681 2780 προνοίας
716 2713 950 2781 συνθείς,
983 2717 1058 2779 ὥς
1095 2721 1191 2774 καὶ
1219 2712 1372 2782 οὗτος
1395 2719 1463 2772 τὰ
1511 2720 1611 2794 τῆς
1651 2720 1882 2794 Ἐκκλη-

301 2793 538 2871 σίαςμὲν
570 2803 744 2872 λέγων
763 2804 1038 2876 δέχεσθαι,
1093 2809 1188 2862 καὶ
1219 2810 1362 2863 κατὰ
1384 2793 1636 2865 Λατίνων
1664 2813 1718 2866 δὲ
1747 2831 1878 2883 συγ-

299 2892 663 2961 γραφόμενος,
694 2894 786 2948 τὸν
828 2895 1191 2968 Ἐλληνισμὸν
1223 2900 1281 2952 δὲ
1310 2901 1566 2970 είσάγων.
1608 2903 1668 2956 Ei
1697 2903 1752 2956 δὲ
1787 2903 1879 2957 καὶ

300 2987 356 3037 τὸ
387 2985 484 3040 τοῦ
510 2988 722 3043 Παύλου
757 2989 1001 3063 ἀντιθείη
1042 3010 1126 3057 τις
1153 2996 1308 3063 ἡμῖν,
1359 3014 1378 3048 ι
1407 2997 1486 3049 Τὰ
1512 2997 1621 3067 γὰρ
1669 2997 1878 3066 ἀόρατα

301 3079 461 3131 αὐτοῦ
491 3081 598 3132 ἀπὸ
624 3081 854 3146 κτίσεως
884 3085 1092 3155 κόσμου
1135 3089 1248 3149 τοῖς
1283 3091 1554 3159 ποιήμασι
1607 3092 1879 3161 νοούμενα

301 3169 621 3240 καθορᾶται,
664 3193 682 3226 ι
719 3178 812 3230 καὶ
862 3178 922 3230 τὸ
957 3179 1051 3231 τοῦ
1096 3180 1281 3247 Δαόὶδ,
1314 3199 1362 3258 ,ι
1395 3183 1455 3234 Oi
1492 3184 1715 3252 οὐρανοὶ
1762 3183 1876 3257 διη-

301 3261 518 3330 γοῦνται
541 3265 699 3330 δόξαν
751 3268 909 3333 Θεοῦ,
955 3289 972 3322 t
1013 3270 1129 3326 ἀλλ’
1179 3273 1323 3326 οὕτω
1365 3275 1471 3344 χρὴ
1522 3276 1682 3330 τοῦτο
1719 3283 1876 3344 νοεῖν,

302 3356 374 3418 ὡς
401 3358 554 3410 αὐτοὶ
579 3358 742 3413 τοῦτο
775 3363 1254 3432 παραδεδώκασιν,
1291 3371 1368 3430 εἰς
1405 3369 1466 3422 τὸ
1513 3371 1758 3437 εὐλογεῖν
1791 3371 1881 3424 τὸν

305 3447 507 3516 Κύριον
537 3452 633 3502 καὶ
689 3451 876 3520 ὑμνεῖν
925 3457 990 3508 ὲκ
1026 3456 1139 3508 τῶν
1173 3449 1469 3532 ὁρωμένων
1520 3461 1705 3529 αὑτὸν,
1765 3465 1884 3524 καὶ,

310 3559 325 3591 ι
358 3537 604 3610 Εύλόγει,
645 3561 664 3594 ι
704 3543 905 3612 λέγειν,
945 3566 961 3598 ι
1002 3547 1212 3620 ἡψυχὴ
1272 3567 1396 3618 μου,
1443 3554 1535 3605 τὸν
1584 3553 1813 3626 Κύριον·
1861 3575 1878 3608 ι

307 3633 419 3696 καὶ,
451 3649 478 3718 μ
517 3629 605 3698 Ὠς
629 3637 976 3710 ἑμεγαλύνθη
1003 3641 1070 3692 τὰ
1093 3639 1230 3711 ἔργα
1253 3660 1372 3709 σου,
1397 3643 1595 3716 Κύριε,
1619 3647 1792 3723 πάντα
1827 3652 1884 3701 ὲν

307 3727 466 3798 σοφίᾳ
499 3730 784 3801 ἐποιησας·
816 3751 834 3785 ι
880 3736 994 3797 καὶ,
1038 3754 1056 3787 ι
1111 3733 1544 3811 Ἐθαυμαστώθη
1591 3741 1626 3812 ἡ
1683 3743 1885 3810 γνῶσίς

305 3832 404 3872 σου
437 3820 496 3886 ἐξ
527 3822 684 3892 ἐμοῦ,
713 3825 1091 3896 ὲκραταιώθη,
1120 3825 1182 3880 ού
1221 3828 1297 3898 μὴ
1340 3827 1590 3899 δύνωμαι
1617 3831 1754 3902 πρὸς
1785 3831 1884 3884 αύ-

301 3911 428 3982 τήνσ
460 3931 478 3963 ι
515 3914 631 3980 καὶ,
668 3933 688 3967 ι
733 3916 860 3968 Ἐὰν
914 3915 1100 3971 ἀναῗῶ
1129 3921 1206 3979 είς
1255 3920 1345 3973 τὸν
1376 3922 1630 3992 οὐρανὸν,
1659 3923 1723 3977 σὺ
1775 3927 1890 3976 ἐκεῖ

305 4001 372 4072 εἴ,
403 4006 496 4059 ἐὰν
526 4009 752 4062 καταϐῶ
785 4011 866 4073 είς
894 4012 984 4064 τὸν
1005 4009 1165 4084 ᾅδην,
1201 4013 1388 4082 πάρει,
1424 4036 1441 4068 ι
1477 4019 1573 4070 καὶ
1601 4017 1669 4070 τὰ
1698 4017 1886 4072 λοιπά.

310 4099 380 4151 Ἃ
435 4101 583 4166 λέγει
641 4104 750 4172 τὴν·
801 4107 1062 4174 πρίνοιαν
1107 4111 1396 4178 κηρύττων
1474 4110 1641 4164 αὐτοῦ
1703 4111 1888 4167 Δαόίδ.

311 4193 410 4254 Ὃς
444 4195 585 4247 κατὰ
610 4196 735 4258 τοὺς
757 4196 924 4260 ἁλιεῖς
962 4199 1299 4262 ἀποστόλους
1329 4203 1425 4256 καὶ
1452 4203 1548 4256 τοῦ
1586 4205 1893 4275 ἀγραμμά-

303 4299 400 4336 του
433 4285 726 4356 κληθέντος
757 4291 898 4342 κατὰ
936 4290 1114 4360 σάρκα
1147 4293 1324 4360 Λόγου
1361 4295 1551 4365 Πατὴρ
1587 4298 1796 4364 φανεὶς,
1835 4298 1893 4350 ὲν

308 4378 548 4451 ἰδιωτείᾳ
595 4383 892 4451 καυχᾶται,
930 4383 1031 4436 οὐκ
1067 4385 1126 4436 ἐν
1159 4379 1340 4458 σοφίαι
1378 4405 1398 4438 ι
1431 4389 1555 4441 Ὅτι
1590 4389 1687 4442 οὐκ
1718 4390 1892 4458 ἔγνων

303 4472 721 4541 γραμματείας,
758 4490 777 4525 ι
809 4473 964 4544 φησί·
1011 4479 1125 4541 καὶ,
1180 4495 1198 4528 ι
1243 4478 1500 4533 Ἀνέλαὸέ
1553 4499 1620 4550 με
1672 4485 1736 4534 ὲκ
1784 4483 1893 4535 τῶν

1978 1985 2140 2044 prout
2196 1971 2357 2030 docet
2409 1973 2701 2046 Epicurus,
2761 1975 2846 2030 vel
2899 1974 3018 2045 ipso
3063 1974 3304 2030 siderum
3337 1972 3566 2040 inﬂuxu,

1979 2065 2121 2132 quod
2161 2075 2246 2120 est
2273 2081 2504 2122 summa
2546 2067 2868 2136 impietatis,
2901 2067 3042 2120 unde
3069 2066 3211 2120 alius
3237 2065 3568 2120 Ptolemaeus

1978 2156 2224 2210 Barlaam
2258 2157 2442 2212 divina
2495 2157 2806 2227 suscipiens
2834 2157 3057 2211 oracula
3103 2157 3569 2228 quemadmodum

1979 2247 2072 2302 ille
2134 2264 2324 2304 sacros
2375 2249 2593 2319 quidem
2671 2248 3030 2304 Hebraeorum
3093 2249 3313 2304 codices
3359 2247 3570 2317 accepit

1979 2356 2120 2410 quos
2153 2342 2616 2412 interpretatione
2646 2343 2842 2414 dignos
2883 2342 3177 2412 judicavit,
3214 2341 3444 2395 Bihliam
3473 2355 3572 2395 au-

1981 2441 2086 2486 tem
2155 2448 2309 2488 suam
2356 2433 2718 2504 quadrupiam
2772 2435 3076 2490 secundum
3136 2434 3331 2488 insitas
3381 2433 3577 2488 animo-

1979 2526 2268 2596 opiniones
2301 2531 2635 2597 composuit,
2682 2528 2754 2582 ita
2793 2528 2882 2582 hic
2921 2528 3142 2596 quidem
3182 2520 3441 2582 Ecclesiae
3480 2528 3566 2580 in-

1980 2620 2166 2675 Stituta
2201 2635 2261 2675 se
2294 2619 2433 2674 dixit
2458 2620 2710 2691 accipere
2763 2621 2982 2691 imoque
3027 2620 3295 2677 adversus
3346 2605 3569 2674 Latinos

1981 2709 2224 2779 scripsit,
2276 2710 2474 2782 impias
2527 2726 2657 2767 vero
2691 2710 3009 2768 Graecorum
3052 2713 3356 2768 sententias
3393 2712 3574 2765 immi.

1981 2799 2147 2856 seuit.
2176 2801 2244 2853 At
2281 2801 2327 2856 si
2369 2800 2494 2872 quis
2523 2801 2654 2855 illud
2693 2800 2846 2855 Pauli
2892 2802 3050 2857 nobis
3101 2811 3344 2870 opponat
3378 2818 3393 2854 :
3433 2820 3454 2854 ι
3491 2801 3576 2854 lu-

1981 2892 2212 2948 visibilia
2250 2893 2394 2948 enim
2456 2893 2630 2964 ipsius
2658 2908 2687 2948 a
2719 2902 2975 2949 creatura
3012 2895 3197 2947 mundi
3232 2909 3330 2962 per
3360 2908 3422 2948 ea
3452 2909 3574 2963 qua:

1983 2983 2125 3039 facta
2155 2993 2285 3039 sunt
2335 2986 2605 3042 intellecta
2637 2988 3093 3060 conspiciuntur;
3135 3007 3158 3040 »ι
3195 2989 3277 3044 vel
3309 2987 3439 3043 illud
3476 2987 3578 3043 Das

1983 3077 2071 3131 vid
2139 3095 2151 3130 :
2193 3097 2213 3130 ‹
2250 3077 2389 3134 lei
2425 3093 2688 3136 enarrant
2722 3083 2951 3153 gloriam
2998 3084 3113 3148 Dei,
3158 3101 3178 3135 ι
3221 3083 3336 3138 haac
3391 3093 3574 3137 autem

1984 3169 2277 3240 intelligas,
2318 3183 2482 3240 prout
2533 3173 2638 3242 ipsi
2692 3174 3058 3239 tradiderunt,
3112 3175 3370 3245 quoniam
3411 3189 3577 3244 Opor-

1987 3270 2099 3315 teat
2133 3260 2426 3317 Dominum
2460 3264 2786 3320 benedicere
2837 3275 3001 3336 atque
3047 3283 3112 3320 ex
3149 3265 3460 3322 visibilibus
3493 3280 3582 3319 ce-

1986 3354 2201 3410 lebrare
2253 3355 2488 3412 dicendo
2534 3375 2547 3412 :
2592 3377 2611 3410 ‹
2663 3357 2923 3425 Benedic,
2964 3360 3148 3414 anima
3203 3374 3346 3426 mea,
3391 3357 3582 3411 Domi-

1988 3462 2161 3513 num;
2201 3465 2219 3499 ι
2251 3456 2304 3502 et
2341 3465 2357 3501 :
2400 3467 2417 3498 ι
2461 3449 2636 3514 Quam
2680 3451 3029 3522 magnilicata
3091 3459 3227 3506 sunt
3268 3466 3438 3520 opera
3466 3457 3581 3511 tua,

1988 3538 2215 3592 Domine
2242 3557 2259 3607 ;
2288 3543 2471 3595 omnia
2504 3542 2558 3596 in
2586 3545 2855 3612 sapientia
2892 3544 3111 3612 fecisti;
3161 3567 3176 3597 ι
3212 3553 3266 3599 et
3306 3563 3317 3598 :
3356 3563 3376 3595 ι
3416 3542 3585 3598 Mira-

1990 3630 2114 3684 bilis
2154 3630 2294 3687 facta
2335 3642 2419 3687 est
2450 3634 2680 3688 scientia
2736 3643 2828 3688 tua
2867 3650 2929 3689 ex
2969 3651 3074 3702 me,
3125 3634 3433 3689 eonfortata
3475 3641 3585 3702 est,

1988 3734 2044 3777 et
2083 3738 2188 3777 non
2223 3734 2415 3794 potero
2473 3724 2543 3778 ad
2605 3741 2772 3792 eam;
2816 3745 2834 3778 ι
2872 3735 2927 3780 et
2962 3743 2975 3779 :
3008 3745 3026 3777 ι
3074 3725 3129 3779 Si
3185 3725 3487 3781 ascendero
3523 3725 3578 3778 in

1989 3815 2215 3880 (mlum,
2276 3823 2335 3868 tu
2401 3815 2511 3869 illic
2545 3829 2630 3881 es,
2684 3817 2728 3870 si
2784 3815 3123 3871 descende-ro
3177 3818 3228 3869 in
3295 3815 3589 3870 infernum.

1993 3907 2163 3974 ades;
2196 3926 2214 3958 ι
2245 3916 2299 3961 et
2331 3901 2528 3962 caetera
2567 3924 2690 3977 qua:
2750 3908 2884 3962 dicit
2945 3907 3116 3964 David
3170 3910 3586 3980 praescientiam.

1992 3998 2112 4066 ejus
2149 3998 2479 4067 praedicans,
2538 4001 2632 4068 qui
2687 3999 2994 4053 secundum
3030 3999 3334 4068 piscatores
3363 4010 3582 4066 aposto~

1996 4091 2101 4155 los,
2132 4105 2256 4144 cum
2287 4098 2436 4144 esset
2457 4099 2611 4160 pater
2640 4091 2949 4145 secundum
2980 4105 3206 4145 carnem
3236 4088 3403 4145 Verbi
3436 4092 3586 4161 quod

1995 4183 2174 4252 ipsum
2205 4181 2548 4237 illitteratum
2585 4182 2687 4238 fuit
2719 4191 3002 4251 vocatum,
3027 4184 3095 4239 de
3130 4184 3442 4258 inscientia,
3485 4200 3584 4239 nc-

1996 4292 2272 4347 quaquam
2319 4278 2387 4331 de
2445 4277 2710 4348 sapientia
2764 4280 3032 4348 gloriatur
3083 4279 3275 4334 dicens
3316 4295 3329 4331 :
3377 4297 3396 4330 ‹
3435 4279 3588 4345 Quo-

1998 4372 2145 4424 niam
2179 4386 2286 4425 non
2345 4372 2575 4439 cognovi
2630 4371 3047 4440 litteraturam;
3088 4389 3106 4424 ι
3143 4381 3198 4425 et
3233 4391 3245 4427 :
3288 4390 3308 4424 ι
3353 4370 3590 4426 Sustulit

2001 4479 2087 4518 me
2121 4462 2187 4519 de
2225 4463 2486 4535 gregibus
2536 4465 2721 4520 ovium
2774 4467 2946 4535 patris
2991 4467 3136 4535 mei;
3174 4486 3194 4520 ι
3237 4476 3292 4522 et
3341 4468 3586 4523 Paulus:

307 4567 585 4635 ποιμνίων
634 4567 745 4620 τῶν
775 4569 1068 4638 προϐάτων
1107 4565 1201 4624 τοῦ
1243 4559 1457 4640 Πατρός
1507 4591 1631 4642 μου.
1670 4594 1688 4626 ι
1728 4577 1837 4628 Καὶ
1870 4579 1883 4628 ί

2011 4575 2029 4608 ι
2074 4551 2194 4610 Non
2226 4556 2348 4610 veni
2376 4561 2678 4612 secundum
2738 4559 3131 4614 sublimitatem
3187 4564 3462 4616 sermonis
3497 4573 3602 4616 aut

308 4657 550 4725 Παῦλος,
587 4679 608 4712 ‹
637 4656 751 4714 Οὐκ
779 4654 944 4733 ἦλθον
972 4662 1097 4716 καθ’
1129 4663 1404 4735 ὑπεροχὴν
1434 4667 1594 4735 λόγου
1619 4667 1652 4739 ἢ
1679 4669 1892 4738 σοφίας.

305 4752 423 4806 Καὶ
449 4753 549 4806 οὐκ
580 4753 772 4824 ἔκρινα
805 4755 899 4807 τοῦ
933 4753 1136 4810 εἰδέναι
1161 4775 1213 4809 τι
1254 4758 1313 4809 ὲν
1368 4759 1521 4828 ἡμῖν,
1581 4761 1629 4812 εί
1669 4761 1743 4830 μὴ
1793 4759 1897 4832 ’1η-

307 4841 442 4895 σοῦν
495 4845 754 4911 Χριστὸν,
817 4846 913 4899 καὶ
965 4845 1156 4900 τοῦτον
1215 4842 1654 4920 ἐσταυρωμένον
1696 4871 1713 4902 ι
1783 4853 1896 4916 καὶ,

310 4953 334 4987 σ
379 4936 504 4989 Ἔτι
568 4937 776 5009 (φησὶν)
826 4939 933 4993 ὑπὸ
969 4941 1038 4993 τὰ
1084 4945 1326 5012 στοιχεῖα
1372 4942 1466 5007 τοῦ
1516 4944 1725 5012 κόσμου
1777 4944 1901 4997 ἐστὶ

303 5027 755 5099 Edonii-ipsimi;
792 5049 811 5083 ι
873 5034 990 5096 καὶ,
1059 5051 1078 5084 ι
1111 5032 1190 5102 Τῇ
1258 5035 1585 5106 ματαιότητι
1639 5036 1672 5104 ἡ
1724 5036 1902 5098 κτίσις

306 5121 592 5192 ὑπετάγηο
631 5140 650 5173 ι
691 5123 806 5184 καὶ,
854 5139 873 5174 ι
914 5124 1164 5194 Παράγει
1217 5124 1277 5177 τὸ
1313 5125 1500 5196 σχῆμα
1541 5125 1637 5180 τοῦ
1692 5127 1901 5198 κόσμου

303 5213 534 5265 τούτου·
569 5231 588 5265 ›
620 5215 738 5279 καὶ,
775 5233 794 5267 ε
851 5215 1302 5287 Ἐμωράνθησαν,
1337 5220 1429 5271 καὶ
1469 5218 1804 5289 ἐλάτρευσαν
1835 5223 1903 5291 τῇ

308 5305 499 5358 κτίσει
537 5308 685 5377 παρὰ
715 5307 810 5360 τὸν
866 5308 1155 5366 κτίσαντα.
1195 5329 1213 5362 ι
1264 5312 1456 5382 Ὁρᾷς,
1508 5311 1583 5374 ὡς
1614 5312 1710 5382 οὐχ
1766 5314 1904 5384 ὑπὲρ

309 5401 534 5452 τούτων
591 5395 822 5470 μελετᾷν
855 5402 1004 5470 ἡμᾶς
1055 5405 1199 5474 χρή;
1238 5421 1256 5454 ι
1286 5403 1369 5456 Τὰ
1427 5403 1540 5458 ἄνω
1573 5408 1845 5475 φρονεῖτε,
1883 5426 1901 5457 ι

308 5496 481 5562 φησὶ,
522 5511 540 5545 ι
578 5493 645 5546 τὰ
673 5494 784 5549 άνω
809 5493 1047 5564 ζητεῖτε,
1080 5495 1217 5549 ὅπου
1248 5496 1562 5567 πρόδρομος
1589 5499 1729 5568 ὑπὲρ
1750 5501 1908 5568 ἡμῶν

308 5583 546 5654 εἰσῆλθε
567 5585 821 5656 Χριστός·
844 5604 862 5638 ι
884 5586 996 5652 καὶ,
1017 5603 1035 5637 ι
1063 5586 1250 5656 Ἥμῶν
1271 5588 1328 5640 τὸ
1352 5588 1653 5657 πολίτευμα
1673 5591 1732 5642 ὲν
1749 5590 1928 5660 ούρα-,

311 5677 438 5738 vol;
461 5677 716 5747 ὑπάρχει.
738 5695 757 5729 ι
784 5677 879 5740 Τίς
902 5679 1011 5749 ἄρα
1029 5679 1188 5749 χρεία
1207 5681 1458 5751 περὶτῶν
1479 5668 1914 5754 ἀλλοιωθησομέο

313 5786 437 5820 νων
468 5769 617 5838 ἡμᾶς
653 5767 754 5838 51
766 5773 1038 5842 μεριμνᾷν
1090 5791 1148 5826 τε
1173 5774 1544 5845 καὶιιμελετᾷν,
1566 5776 1661 5830 καὶ
1685 5776 1761 5847 μὴ
1784 5777 1911 5846 περὶ

321 5859 448 5914 τῶν
491 5860 731 5915 αἰωνίων
757 5879 772 5928 ;
803 5862 911 5916 Καὶ
932 5863 1100 5918 ταῦτα
1121 5865 1222 5934 μὲν
1239 5866 1307 5918 τὰ
1327 5867 1423 5936 τῆς
1466 5865 1626 5936 δόξης
1647 5865 1741 5920 τοῦ
1774 5867 1912 5935 Βαρ-

2000 4649 2286 4720 sapientiai
2315 4665 2332 4717 ;
2367 4669 2386 4702 ›
2421 4661 2476 4704 et
2507 4669 2521 4705 :
2557 4668 2577 4702 ι
2615 4651 2733 4706 Non
2789 4652 3030 4722 judicavi
3063 4669 3149 4707 me
3201 4655 3345 4709 scire
3383 4646 3590 4724 aliquid

2000 4743 2146 4797 inter
2177 4757 2274 4797 vos
2298 4743 2406 4798 nisi
2463 4740 2650 4797 Jesum
2711 4745 3016 4809 Christum,
3078 4757 3134 4800 et
3195 4747 3345 4801 hunc
3375 4748 3593 4802 crucib-

2003 4852 2174 4905 xum;
2215 4855 2234 4887 ι
2273 4846 2333 4891 et
2368 4853 2383 4889 :
2417 4855 2436 4887 ι
2464 4837 2682 4901 Adhuc,
2707 4839 2909 4908 inquit,
2942 4838 3046 4892 sub
3077 4839 3369 4894 elementis
3400 4841 3591 4894 mundi

1995 4931 2138 4986 estis
2179 4928 2526 4985 servientes?
2570 4949 2588 4981 ι
2630 4938 2685 4983 et
2735 4947 2748 4985 :
2805 4948 2824 4981 ‹
2863 4927 3100 4983 Vauitati
3147 4937 3401 4985 creatura
3454 4930 3589 4986 sub-

2003 5021 2146 5090 jecta
2181 5031 2307 5090 est;
2345 5040 2364 5075 ι
2393 5033 2487 5077 et:
2531 5040 2549 5074 ι
2593 5019 2844 5076 Praeterit
2892 5022 3067 5091 ﬁgura
3097 5021 3265 5091 hujus
3297 5024 3531 5090 mundi;
3570 5044 3586 5074 ι

2005 5121 2062 5170 et
2099 5133 2112 5168 :
2143 5131 2164 5166 ι
2198 5112 2361 5169 Stulti
2392 5111 2524 5168 facti
2557 5123 2712 5181 sunt,
2743 5122 2797 5170 et
2829 5113 3125 5169 coluerunt
3151 5123 3464 5170 creaturam
3497 5131 3594 5186 po-

2010 5207 2121 5262 tius
2169 5220 2339 5276 quam
2396 5206 2736 5262 Creatorem.
2781 5223 2800 5258 »
2834 5203 3026 5260 Viden’
3078 5206 3341 5276 quoniam
3377 5218 3595 5276 oportet

2009 5315 2111 5373 nos
2140 5298 2208 5352 de
2270 5298 2355 5353 his
2415 5297 2641 5352 minime
2689 5311 2815 5354 esse
2859 5298 3172 5354 sollicitos?
3211 5300 3345 5366 Quae
3371 5316 3590 5356 sursum

2013 5400 2161 5458 sunt,
2198 5390 2396 5462 inquit,
2437 5375 2635 5460 sapite,
2693 5405 2816 5462 quat
2871 5406 3094 5447 sursum
3151 5400 3282 5446 sunt
3342 5395 3601 5463 quzerite,

2015 5489 2104 5543 ubi
2146 5501 2456 5557 praecursor
2501 5466 2600 5556 pro
2633 5485 2795 5540 nobis
2832 5486 3078 5540 introivit
3107 5486 3402 5554 Christus;
3439 5504 3458 5537 ι
3495 5495 3550 5542 et
3580 5503 3600 5540 ε

2019 5601 2038 5633 ι
2075 5581 2274 5637 Nostra
2339 5580 2684 5634 conversatio
2753 5578 2810 5632 in
2859 5578 3014 5633 caelis
3043 5587 3147 5634 est.
3193 5597 3212 5632 ι
3249 5577 3392 5644 Quid
3432 5579 3600 5647 igitur

2015 5683 2231 5744 oportet
2270 5687 2370 5727 nos
2426 5671 2494 5728 de
2555 5669 2643 5726 his
2683 5686 2806 5740 qua:
2867 5669 3131 5724 mutanda
3181 5679 3312 5724 sunt
3367 5670 3521 5724 curis
3549 5679 3607 5724 et

2016 5766 2290 5835 anxietate
2318 5763 2591 5829 consumi,
2624 5763 2865 5818 minime
2911 5779 3042 5818 vero
3071 5764 3139 5818 de
3176 5760 3443 5817 aaternis?
3479 5759 3602 5818 Iliae

2018 5868 2102 5915 cst
2168 5857 2410 5912 Barlaam
2461 5856 2713 5911 doctrina
2784 5871 2927 5910 veru:
2988 5857 3264 5909 contraria
3322 5853 3606 5923 sapientia:
