4066 6456
498 258 607 344 m

1349 289 1731 352 SYMEONIS
1782 290 2555 352 THESSALONICENSIS~
2577 294 2770 354 ARCH
2788 293 2924 355 lEP.

3663 273 3758 351 152

507 408 672 461 quam
704 391 1006 462 piscatores
1037 397 1237 450 mundo
1285 399 1731 468 pmtlicaverttnt,
1766 415 1870 453 non
1905 399 1955 452 iu
1992 414 2116 463 sam

2206 400 2330 469 ,αὰμ
2389 401 2530 454 κατὰ
2593 401 2694 470 τῆς
2745 401 3006 472 ἀληθινῆς
3063 399 3277 471 σοφίας,
3331 399 3410 472 ἣν
3464 400 3633 462 ἁλιεῖς
3679 399 3752 467 τῷ

507 487 710 554 pientia
741 502 1076 556 sermonum,
1100 503 1168 543 ne
1193 498 1546 544 evacuaretur
1567 507 1696 545 crux
1725 492 1949 554 Christi,
1979 491 2073 546 scd

507 579 560 632 in
592 579 776 633 divino
801 579 1005 648 Spiritu
1033 598 1047 648 ;
1095 584 1187 652 qui
1246 585 1408 636 etiam
1445 593 1597 637 tanto
1639 581 1827 637 mundi
1860 584 2074 651 sapien-

508 671 656 725 tibus
690 673 1086 739 praestiterunt,
1120 676 1310 744 quanti
1368 674 1560 731 Patres
1610 677 1661 729 in
1699 676 1871 746 gratia
1905 675 2071 729 divini

508 761 744 828 Spiritus
796 763 1045 818 Barlaam
1107 769 1502 822 excelluerunt.
1535 767 1774 838 Nequam
1810 769 1911 824 iste
1940 768 2074 820 Bar-

507 853 649 905 laam
681 855 835 920 plura
860 860 1022 910 etiam
1066 869 1255 912 contra
1316 876 1524 914 sacram
1581 860 1878 913 orationem
1932 861 2074 915 blas-

509 946 779 1013 phemans
813 951 1165 1020 conscripsit,
1198 967 1410 1006 necnon
1455 954 1682 1024 gratiam
1723 951 1815 1007 Dei
1847 962 1900 1006 et
1929 951 2076 1021 ejus-

509 1036 632 1089 dem
663 1038 1139 1109 illuminationem,
1189 1044 1287 1098 has
1334 1059 1516 1112 voces,
1573 1065 1591 1098 ι
1633 1044 1761 1099 Sine
1799 1043 2075 1098 intermis-

511 1128 667 1182 sione
694 1142 866 1196 orate,
915 1152 932 1184 ι
979 1149 1074 1188 nec
1107 1136 1408 1206 intelligens
1448 1152 1542 1191 nec
1573 1138 1617 1192 is
1653 1138 1744 1207 qui
1780 1136 1950 1204 possit
1980 1150 2076 1190 eas

512 1217 834 1290 intelligere.
868 1223 1000 1278 Nam
1067 1229 1341 1294 quomodo
1399 1229 1723 1296 intelligeret
1785 1228 1874 1281 ille
1924 1226 2077 1294 cujus

515 1325 670 1366 mens
699 1317 923 1369 vanitati
951 1318 1218 1385 suhjacet,
1252 1320 1343 1386 qui
1403 1321 1600 1375 animae
1646 1320 2076 1389 cogitationibus

513 1403 706 1472 angelo
747 1407 1017 1475 superbiae
1043 1409 1321 1463 adhaeret?
1360 1409 1546 1479 Neque
1576 1411 1770 1465 melius
1798 1412 2077 1480 sequentia

513 1495 721 1563 accepit
757 1512 771 1549 :
813 1513 831 1546 ι
873 1496 1105 1552 Psallam
1168 1500 1388 1570 spiritu,
1451 1501 1677 1570 psallam
1710 1511 1765 1555 et
1806 1510 2020 1566 mente;
2056 1519 2073 1550 ›

513 1584 594 1636 vel
628 1603 642 1640 :
683 1604 702 1637 ι
735 1585 1030 1644 Cantantes
1061 1598 1114 1643 et
1146 1593 1439 1658 psallentes
1475 1594 1526 1646 in
1549 1593 1714 1648 corde
1747 1599 1929 1647 vestro
1971 1592 2080 1646 Do-

515 1678 701 1746 mino;
757 1699 775 1730 ι
837 1683 920 1736 vel
971 1701 1046 1738 τι
1097 1683 1244 1740 Misit
1305 1687 1445 1740 Deus
1504 1687 1766 1757 Spiritum
1830 1684 1950 1739 Filii
1996 1685 2078 1739 sui

2182 492 2373 559 κόσμῳ
2406 490 2696 561 ἐκήρυξαν,
2729 493 2788 545 οὗ
2840 492 3006 562 σοφίᾳ
3044 491 3240 560 λόγων,
3280 492 3368 545 ἵνα
3411 491 3490 562 μὴ
3539 493 3748 560 κενωθῇ

2182 581 2209 634 6
2245 582 2473 651 σταυρὸς
2517 583 2611 636 τοῦ
2661 584 2920 656 Χριστοῦ,
2953 584 3089 638 ἀλλὰ
3143 583 3422 654 Πνεύματι
3462 583 3628 652 θείῳο
3663 584 3752 636 καὶ

2181 673 2291 725 τῶν
2343 673 2439 728 τοῦ
2497 675 2705 740 κόσμου
2760 677 2942 745 σοφῶν
2991 676 3408 746 ύπερήρθησαν,
3444 675 3522 738 ὡς
3571 677 3668 729 καὶ
3707 675 3753 727 oi
3842 672 3856 685 ⁵

2183 764 2424 832 Πατέρες
2459 765 2517 818 ἐν
2557 767 2740 836 χάριτι
2795 766 3111 836 Πνεύματος
3149 767 3296 819 θείου
3341 764 3440 818 τοῦ
3493 763 3755 832 Βαρλαὰμ

2184 855 2592 927 ὑπερήρθησαν.
2625 853 2794 921 Οὗτος
2822 861 2848 912 6
2879 858 3142 928 δύστηνος
3169 857 3440 927 Βαρλαὰμ
3471 855 3571 909 καὶ
3613 855 3760 908 πλεῖ-

2186 965 2284 1000 στα
2334 949 2473 1001 κατὰ
2518 950 2616 1016 τῆς
2679 950 2829 1021 ἱερᾶς
2882 950 3200 1020 προσευχῆς
3243 947 3646 1017 ἐϐλασφήμησέ
3703 962 3759 998 τε

2184 1041 2277 1092 καὶ
2310 1041 2712 1111 συνεγράψατο,
2743 1043 2839 1096 καὶ
2879 1043 2980 1113 τῆς
3007 1042 3104 1096 τοῦ
3153 1040 3290 1095 Θεοῦ
3321 1039 3550 1111 χάριτός
3582 1055 3641 1091 τε
3669 1037 3762 1090 καὶ

2184 1131 2524 1201 ἐλλάμψεως,
2559 1134 2639 1199 τὸ,
2683 1153 2701 1186 ι
2753 1135 3144 1196 Ἀδιαλείπτως
3183 1131 3590 1202 προσεύχεσθε,
3625 1149 3644 1182 ι
3687 1129 3763 1196 μὴ

2187 1225 2387 1290 συνεὶς,
2427 1226 2559 1296 μηδέ
2594 1227 2894 1296 δυνάμενος
2924 1228 3129 1295 γνῶναι
3155 1243 3170 1259 ·
3200 1225 3320 1287 πῶς
3355 1226 3472 1294 γὰρ
3514 1225 3543 1275 6
3575 1221 3651 1292 τῷ
3685 1219 3764 1273 νοῒ

2188 1316 2542 1383 ματαιάζων,
2593 1317 2688 1371 καὶ
2736 1319 2813 1386 τῷ
2866 1317 3204 1390 ὑπερηφάνῳ
3251 1318 3373 1379 ταῖς
3438 1315 3765 1384 φαντασίαις

2185 1409 2284 1478 τῆς
2308 1407 2544 1473 διανοίας
2581 1410 2902 1480 ἐνούμενος;
2947 1409 3082 1480 μηδὲ
3113 1409 3194 1472 τὸ,
3227 1427 3247 1460 ι
3277 1405 3663 1477 Προσεύξομαι
3692 1403 3768 1474 τῷ

2186 1504 2480 1574 πνεύματι,
2521 1503 2900 1574 προσεύξομαι
2941 1501 3000 1556 δέ
3041 1499 3244 1570 καὶτῷ
3291 1501 3373 1553 νοῒ
3398 1515 3412 1530 ·
3455 1517 3475 1551 ι
3520 1498 3654 1566 μηδὲ
3684 1498 3766 1560 τό,

2193 1614 2211 1645 ι
2249 1595 2498 1665 ’ᾼδοντες
2539 1597 2631 1648 καὶ
2685 1593 2980 1662 ψάλλοντες
3030 1595 3087 1646 ἐν
3123 1595 3190 1662 τῇ
3238 1592 3444 1661 καρδίᾳ
3495 1588 3653 1658 ὑμῶν
3692 1587 3802 1656 τῷ.

2189 1685 2398 1753 Κυρίῳ,
2431 1704 2448 1736 ι
2488 1683 2581 1737 καὶ
2608 1684 2689 1737 ὅτι
2722 1702 2740 1735 ι
2775 1682 3192 1748 Ἐξαπέστειλεν
3227 1683 3253 1734 6
3279 1681 3415 1744 Θεὸς
3445 1681 3508 1732 τὸ
3546 1679 3766 1746 Πνεῦμα

515 1774 735 1840 (nempe
768 1774 1018 1844 gratiam)
1077 1775 1130 1828 in
1174 1777 1427 1831 cordibus
1470 1779 1694 1842 nostris,
1745 1779 1799 1831 in
1832 1791 1939 1846 quo
1975 1777 2085 1830 cla-

2206 1776 2281 1829 τοῦ
2302 1775 2433 1830 Υἱοῦ
2472 1775 2659 1839 αὐτοῦ,
2687 1795 2703 1826 ι
2725 1777 2822 1846 τὴν
2845 1776 3005 1847 χάριν
3028 1775 3269 1846 δηλονότι
3293 1775 3350 1825 ἐν
3374 1775 3495 1834 ταῖς
3519 1770 3766 1840 καρδίαις
3811 1825 3813 1827 ,

519 1877 734 1920 mamus
765 1883 779 1920 :
825 1866 1000 1932 Abba,
1036 1866 1231 1936 Pater;
1263 1887 1281 1919 ι
1320 1869 1400 1923 vel
1445 1871 1608 1924 etiam
1653 1885 1668 1924 :
1705 1889 1725 1920 α
1762 1869 1819 1922 In
1844 1869 2076 1924 ecclesia

2206 1870 2357 1941 ιμῶν,
2393 1870 2620 1937 κράζον,
2667 1889 2684 1922 ι
2737 1869 2962 1923 ’Λϐὄᾶό
2996 1870 3186 1936 Πατήρ
3215 1883 3230 1897 ·
3277 1885 3295 1917 ι
3340 1867 3462 1930 καὶ,
3501 1883 3520 1916 ι
3570 1864 3767 1930 Κρεῖσ-

519 1958 664 2010 malo
695 1958 938 2027 quinque
970 1961 1131 2014 verba
1167 1975 1330 2016 sensu
1363 1976 1482 2015 meo
1514 1961 1661 2030 loqui
1703 1970 1864 2031 quam
1890 1961 2080 2014 decem

2206 1977 2272 2014 πον
2313 1961 2471 2012 πέντε
2505 1961 2698 2028 λόγους
2728 1961 2804 2028 τῷ
2851 1962 2931 2012 νοῒ
2974 1977 3075 2029 μου
3124 1960 3182 2010 ἐν
3222 1956 3503 2025 ἐκκλησίᾳ.
3535 1953 3770 2021 λαλῆσαι

519 2049 688 2102 millia
749 2051 1036 2104 verborum
1111 2052 1166 2106 in
1243 2053 1444 2122 lingua.
1496 2071 1514 2103 ι
1559 2052 1847 2122 Propterea
1901 2062 2082 2105 mente

2206 2052 2214 2122 ἱ
2251 2053 2482 2123 μυρίους
2523 2054 2718 2120 λόγους
2755 2054 2812 2105 ὲν
2849 2053 3094 2123 γλώσσῃ.
3136 2070 3153 2102 ι
3197 2050 3289 2103 Διὸ
3313 2048 3412 2102 καὶ
3445 2047 3546 2117 τὴν
3581 2044 3772 2115 νοερὰν

518 2149 842 2209 conceptam
888 2145 1190 2198 orationem
1231 2143 1530 2211 prohibuit,
1576 2153 1629 2198 et
1672 2143 1969 2213 praesertim
2003 2143 2082 2196 in-

2206 2142 2495 2214 προσευχὴν
2539 2145 2874 2213 ἀπηγόρευε,
2920 2143 3010 2195 καὶ
3062 2141 3296 2211 μάλιστα
3337 2138 3444 2208 τὴν
3481 2136 3769 2204 ἐπίκλησιν

522 2233 861 2288 vocationem
894 2235 1132 2298 Domini,
1197 2253 1357 2306 quem
1416 2237 1704 2292 confessus
1755 2245 1839 2290 est
1891 2232 2084 2288 Petrus

2206 2236 2276 2288 τοῦ
2319 2236 2547 2308 Κυρίου.
2588 2237 2653 2289 Ὃ
2698 2237 2760 2304 δὴ
2806 2236 2901 2288 καὶ
2939 2234 3199 2303 ὁμολογία
3246 2232 3342 2287 τοῦ
3408 2231 3646 2299 Πέτρου,
3691 2227 3768 2289 τὸ,

524 2330 699 2394 palam
733 2330 921 2386 dicens
951 2351 964 2386 :
998 2349 1018 2382 σ
1060 2332 1138 2386 Tu
1171 2348 1230 2388 es
1261 2332 1531 2398 Christus,
1558 2333 1730 2387 Filius
1758 2331 1848 2385 Dei
1883 2331 2017 2385 vivi.
2060 2350 2077 2382 ι

2206 2347 2209 2377 ς
2245 2329 2314 2381 Σὺ
2349 2326 2400 2381 εἳ
2436 2330 2464 2382 6
2517 2327 2746 2397 Χριστὸς
2779 2329 2806 2380 6
2847 2328 2974 2388 Υἱὸς
3031 2326 3124 2379 τοῦ
3152 2324 3289 2379 Θεοῦ
3342 2323 3443 2376 τοῦ
3485 2323 3709 2388 ζῶντος,
3745 2335 3765 2370 ι

469 2409 484 2424 ’
523 2422 707 2492 Itaque
781 2434 864 2478 est
929 2423 1145 2479 Domini
1203 2425 1463 2480 traditio:
1502 2443 1520 2475 ι
1567 2425 1621 2478 Si
1652 2424 1781 2494 quid
1821 2423 2087 2492 petieritis

2206 2417 2546 2487 εηρύξαντος.
2615 2417 2727 2469 Καὶ
2784 2415 2880 2468 τοῦ
2954 2413 3165 2482 Κυρίου
3224 2409 3536 2481 παράδοσις
3587 2408 3768 2494 ἐστιν,

524 2511 735 2566 Patrem
777 2513 828 2566 in
862 2513 1082 2568 nomine
1128 2528 1275 2578 meo,
1321 2514 1518 2584 inquit,
1576 2493 1874 2584 accipietis.
1917 2533 1936 2566 ι
1973 2511 2082 2569 Ει;

2206 2528 2214 2560 l
2263 2509 2328 2562 Ὀ
2363 2526 2415 2562 τι
2459 2508 2525 2562 ἂν
2575 2510 2835 2579 αἰτήσητε
2889 2509 2980 2560 τὸν
3025 2507 3243 2576 Πατέρα
3300 2506 3360 2557 ἐν
3419 2503 3500 2571 τῷ
3551 2493 3769 2568 ὀνόματί

529 2627 544 2656 ι
580 2607 638 2660 in
671 2607 888 2661 nomine
934 2621 1055 2660 meo
1109 2609 1377 2665 daemonia
1432 2609 1674 2679 ejicient,
1717 2630 1734 2662 ι
1764 2619 1816 2664 et
1867 2619 2085 2675 caetera,

2206 2617 2316 2664 mu,
2339 2619 2358 2654 ι
2380 2601 2648 2665 λέγοντος,
2676 2599 2956 2668 «λήψεσθε.
2979 2598 3110 2662 Καὶ,
3153 2615 3172 2648 ι
3196 2597 3283 2649 Ἑν
3311 2595 3396 2664 τῷ
3419 2593 3647 2664 ὀνόματί
3673 2607 3772 2660 μου

522 2700 780 2763 quoniam
841 2713 1038 2753 nomen
1106 2700 1225 2769 ejus
1282 2701 1387 2756 vita
1443 2712 1663 2756 acterna.
1722 2719 1740 2751 ι
1785 2699 1908 2755 Haec
1941 2704 2085 2755 en‘m

2206 2695 2443 2764 ἰαιμόνια
2472 2692 2771 2747 ἐκϐαλοῦσι
2803 2709 2817 2723 ’
2860 2712 2881 2746 ι
2918 2694 3013 2744 καὶ
3043 2693 3110 2744 τὰ
3153 2689 3337 2744 λοιπά.
3390 2689 3548 2742 Ἐπεὶ
3583 2685 3676 2738 καὶ
3716 2682 3774 2736 τδ

524 2790 726 2859 scripta
761 2798 912 2854 sunt,
972 2791 1046 2844 ait
1102 2790 1362 2855 Joannes,
1415 2802 1474 2847 ut
1527 2793 1766 2848 credatis
1827 2791 2085 2860 quoniam

2206 2788 2362 2858 ίνομα
2415 2787 2578 2841 αὑτοῦ
2633 2786 2747 2855 ζωὴ
2802 2785 3020 2847 αἰώνιός
3081 2786 3219 2837 ἐστι.
3267 2800 3287 2833 ‹
3331 2780 3535 2836 Ταῦτα
3583 2797 3603 2832 ι
3645 2777 3770 2844 γὰρ,

505 2877 682 2939 ,ὶρευε
719 2886 800 2932 est
834 2877 1083 2932 Christus
1131 2879 1302 2934 Filius
1361 2881 1472 2945 Dei,
1519 2889 1574 2934 et
1608 2887 1664 2933 ut
1701 2880 1984 2934 credentes
2015 2878 2090 2933 vi-

2206 2882 2379 2949 ρησ“ιν,
2436 2899 2455 2931 t
2522 2881 2852 2947 γέγραπται,
2907 2877 2994 2931 ἵνα
3051 2874 3399 2943 πιστεύσητε
3455 2875 3538 2927 ὅτι
3576 2866 3775 2938 Ἰησοῦς

528 2979 637 3022 tam
673 2979 932 3022 aeternam
994 2968 1239 3022 habeatis
1282 2969 1336 3022 in
1374 2969 1593 3043 nomine
1624 2970 1764 3039 ejus.
1808 2989 1826 3022 ι
1865 2971 2092 3039 Insuper

2206 2978 2344 3027 ἐστιν
2371 2976 2398 3028 6
2431 2975 2665 3043 Χριστὸς
2694 2977 2721 3027 ὁ
2756 2976 2885 3036 Υίδς
2913 2973 3006 3026 τοῦ
3040 2972 3199 3037 Θεοῦ,
3239 2971 3335 3024 καὶ
3363 2970 3470 3023 ἵνα
3501 2961 3776 3018 πιστεύον-

531 3057 794 3125 Spiritum
854 3066 1105 3110 sanctum
1168 3057 1408 3112 infundit
1473 3058 1746 3114 invocatio
1815 3058 2016 3115 Christi
2073 3077 2088 3114 :

543 3148 762 3202 :Nemo
809 3157 988 3217 potest
1060 3148 1244 3204 dicere
1317 3148 1594 3204 Christum
1647 3148 1852 3218 Iesum,
1917 3152 2093 3220 inquit

528 3247 754 3308 Paulus,
823 3245 926 3300 nisi
985 3245 1037 3298 in
1107 3245 1312 3315 Spiritu
1372 3255 1596 3312 sancto;
1656 3265 1674 3297 ›
1730 3254 2096 3317 sexcentaque

531 3339 633 3392 alia
665 3340 728 3391 de
776 3353 835 3390 re
895 3336 1084 3391 eadem
1147 3338 1348 3406 scripta
1429 3348 1580 3392 sunt.
1630 3337 1827 3393 Verum
1893 3347 2096 3407 quanta

532 3431 621 3484 ille
655 3430 964 3484 obcaecatus
1012 3439 1199 3482 contra
1255 3430 1500 3484 divinum
1532 3429 1714 3483 lumen
1765 3429 1991 3498 protulit
2023 3439 2098 3482 te-

533 3525 763 3579 nebrosa
795 3523 1003 3577 scilicet
1044 3531 1097 3575 et
1127 3523 1368 3577 obscura
1397 3509 1680 3590 valdeque
1710 3520 1983 3575 contraria
2012 3521 2099 3574 di-

533 3623 671 3675 vinze
702 3619 777 3673 illi
805 3627 1234 3689 quae'vesperam
1286 3617 1458 3671 nescit
1489 3623 1541 3669 et
1580 3630 1678 3683 per
1707 3623 1920 3668 noctem
1959 3613 2101 3667 lucet

534 3709 922 3766 illuminationi
957 3707 1117 3775 cujus
1173 3705 1385 3761 luciferi
1426 3705 1744 3775 angelorum
1799 3705 1952 3759 chori
2013 3704 2104 3758 lte-

535 3815 720 3858 tantur
779 3801 1089 3870 participes,
1152 3800 1410 3869 quoniam
1461 3800 1652 3852 horum
1717 3798 1968 3868 voluptas
2021 3797 2106 3852 di-

534 3896 696 3950 vinus
732 3892 1008 3962 splendor,
1052 3890 1413 3959 eamdemque
1467 3891 1793 3959 participant
1826 3892 1919 3960 qui
1957 3891 2104 3945 inter

538 3987 787 4040 homines
821 3994 950 4038 sunt
974 3981 1160 4035 mundi
1197 3981 1381 4036 corde.
1423 3978 1550 4035 Ideo
1595 3982 1860 4036 adversus
1882 3997 1978 4036 eos
2011 3979 2102 4051 qui

535 4082 702 4132 vitam
744 4077 796 4130 in
832 4075 1126 4130 sanctitate
1157 4073 1492 4128 reconditam
1524 4080 1689 4140 agunt
1724 4072 1869 4126 velut
1892 4073 2103 4127 daemon

538 4171 678 4222 alius
707 4173 824 4221 erat
853 4179 1107 4233 grassans
1138 4164 1192 4216 in
1232 4177 1327 4217 eos
1370 4163 1462 4232 qui
1521 4177 1550 4216 a
1583 4163 1918 4217 tumultuosa
1955 4161 2107 4229 plebe

539 4261 803 4315 recedunt
834 4258 1047 4327 solique
1105 4255 1215 4309 Deo
1272 4255 1549 4310 adhterere
1581 4254 1926 4318 desiderant,
1962 4267 2104 4322 quos

543 4352 746 4421 smpitts
801 4349 1222 4405 contritionibus
1283 4343 1469 4403 multis
1533 4347 1686 4416 pravi
1732 4346 2008 4415 invidique
2055 4357 2109 4400 et

2196 3085 2283 3129 τες
2314 3067 2458 3135 ζωὴν
2497 3067 2659 3137 ἔχητε
2692 3067 2749 3119 ὲν
2787 3066 2862 3134 τῷ
2894 3067 3117 3134 ὀνόματι
3167 3063 3360 3118 αὐτοῦ.
3409 3083 3428 3117 ι
3466 3062 3576 3116 Καὶ
3609 3057 3770 3114 Πνεύσ

2205 3177 2374 3228 ματος
2401 3160 2554 3228 ἁγίου
2585 3160 2893 3229 παρεκέικὴ
2923 3161 2955 3230 ἡ
2989 3157 3274 3226 ἐπίκλησις
3308 3155 3574 3226 Χριστοῦ.
3623 3170 3642 3203 ι
3674 3148 3770 3203 οὐ·

2203 3251 2312 3312 δεὶς
2349 3250 2568 3304 δύναται
2596 3251 2773 3304 εἰπεῖν
2805 3253 3006 3320 Κύριον
3046 3249 3275 3317 Ἰησοῦν,
3315 3250 3365 3302 εί
3404 3249 3481 3318 μὴ
3520 3249 3578 3300 ἐν
3605 3239 3772 3297 Πνεύ-

2207 3356 2336 3405 ματι
2392 3341 2552 3412 ἁγίῳ,
2616 3360 2634 3392 ι
2685 3343 2853 3410 φησί’
2889 3344 2982 3396 καὶ
3033 3341 3202 3411 μυρία
3253 3339 3325 3393 τὰ
3373 3339 3514 3408 ὑπὲρ
3564 3336 3767 3390 τούτου.

2219 3433 2410 3487 Ὀποῖα
2443 3433 2499 3488 δὲ
2551 3435 2579 3486 6
2633 3434 3022 3502 ἐσκοτισμένος
3067 3433 3205 3486 κατὰ
3254 3433 3351 3486 τοῦ
3397 3432 3544 3486 θείου
3603 3425 3770 3500 φωτὸς

2207 3525 2461 3594 ἐλάλησε,
2494 3527 2742 3579 σκοτεινά
2780 3542 2908 3579 τινα
2939 3527 3038 3579 καὶ
3076 3523 3293 3593 ζοφώδη
3327 3529 3427 3580 καὶ¹
3459 3523 3646 3595 πόρρω
3682 3516 3770 3570 καὶ

2208 3619 2546 3689 ἐναντίατῆς
2571 3619 2876 3687 ἅνεσπὲρου
2915 3619 3130 3686 ἐκείνης
3159 3617 3558 3688 φρυκτωρικῆς
3591 3631 3648 3667 τε
3685 3607 3773 3664 καὶ

2210 3713 2359 3775 θείας
2408 3711 2752 3781 ἐλλάμψεως,
2785 3706 2851 3782 ἧς
2889 3712 2983 3764 καὶ
3020 3710 3130 3764 τῶν
3159 3710 3416 3778 ἀγγέλων
3460 3710 3508 3763 oi
3543 3702 3774 3776 φαεσφό-

2214 3821 2295 3873 ροι
2331 3805 2478 3875 χοροὶ
2524 3804 2840 3874 άκορέστως
2880 3804 3167 3872 μετέχουσι
3216 3801 3310 3853 καὶ
3346 3801 3770 3871 εὐφραίνονται·

2210 3895 2292 3948 ὅτι
2336 3896 2428 3947 καὶ
2483 3894 2782 3956 ἀπόλαυσις
2823 3893 3031 3954 τούτοις
3083 3893 3114 3962 ή
3157 3891 3272 3943 θεία
3298 3890 3645 3961 λαμπρότης,
3682 3882 3772 3938 καὶ

2211 3986 2318 4040 τῶν
2343 3983 2646 4055 ἀνθρώπων
2671 3987 2719 4039 οἱ
2753 3984 2984 4054 καθαροὶ
3017 3983 3115 4052 τὴν
3151 3983 3388 4053 καρδίαν
3437 3981 3770 4053 μετέχουσιν.

2226 4079 2379 4133 Ἐπεὶ
2410 4079 2518 4147 γὰρ
2543 4080 2684 4131 κατὰ
2714 4079 2821 4131 τῶν
2853 4078 3012 4146 ἱερῶς
3041 4077 3430 4146 ἡσυχαζόντων
3461 4072 3773 4140 κινούμενος

2212 4167 2280 4240 ἦν
2311 4173 2386 4233 ὡς
2440 4171 2567 4225 ἄλλο
2619 4169 2918 4240 δαιμόνιον,
2953 4168 3247 4238 βασκαῖνον
3294 4169 3408 4231 τοῖς
3439 4159 3774 4234 ἀναχωροῦσι

2213 4261 2322 4314 τῶν
2365 4263 2422 4314 ἐν
2472 4259 2743 4330 θορύϐοις,
2771 4260 2863 4312 καὶ
2902 4259 3023 4325 Θεῷ
3075 4261 3236 4323 μόνον
3269 4257 3556 4325 σχολάζειν
3594 4249 3778 4306 ἐπιθυ-

2220 4352 2434 4422 μοῦσιν,
2480 4349 2560 4415 οἷς
2601 4355 2694 4408 καὶ
2739 4352 2966 4404 πλεῖστα
3023 4350 3289 4412 πολλάκις
3336 4351 3388 4402 οί
3424 4345 3652 4416 πονηροὶ
3691 4338 3780 4394 καὶ

543 4443 816 4499 maledicti
847 4438 1124 4498 daemOnes
1156 4440 1398 4496 abiciunt
1427 4439 1823 4507 erroribusquc
1852 4437 2111 4491 imbtntnt

2217 4442 2470 4512 φθονεροὶ
2509 4445 2604 4497 καὶ
2649 4443 2948 4512 κατάρατοι
2996 4441 3253 4510 δαίμονες
3299 4441 3510 4509 ἐπῆγον
3556 4437 3624 4488 τὰ
3672 4434 3782 4485 θλι-

542 4537 734 4607 gratia:
798 4534 890 4588 Dei
939 4533 1246 4603 divinaeque
1315 4529 1700 4586 illuminationi
1756 4528 2108 4598 adversariis,

549 4632 642 4702 qui
677 4645 799 4683 cum
828 4627 1064 4683 tenebrat
1099 4627 1210 4680 siut
1263 4624 1318 4678 in
1368 4623 1620 4690 angelum
1655 4619 1792 4674 lucis
1833 4629 2112 4675 transmu-

553 4729 761 4780 tantur.
793 4719 1039 4773 volentes
1079 4716 1201 4771 illos
1245 4730 1272 4768 a
1327 4714 1472 4768 bono
1527 4713 1808 4782 proposito
1844 4721 2113 4777 avertere,

550 4831 621 4871 ne
664 4815 771 4871 sint
801 4827 924 4867 cum
958 4809 1086 4874 Deo,
1127 4808 1383 4879 quoniam
1419 4805 1518 4875 ipsi
1573 4820 1601 4857 a
1656 4803 1766 4858 Deo
1807 4803 1965 4873 longe
1989 4802 2115 4858 facti

549 4919 700 4976 sunt,
728 4925 795 4962 ne
828 4908 1066 4961 humana
1096 4910 1289 4956 natura
1341 4898 1611 4954 materiali
1657 4912 1886 4966 corpore
1918 4899 2115 4951 donata

547 5000 779 5068 spiritali
816 5011 1003 5052 eorum
1043 5004 1250 5048 natura
1313 4989 1639 5061 praecelleat.
1694 4987 1938 5042 lnvidum
1971 4991 2116 5042 enim

549 5094 856 5147 daemonum
891 5103 1063 5160 genus
1108 5100 1219 5155 prie
1269 5081 1521 5152 superbia
1571 5081 1728 5149 cujus
1758 5081 1930 5149 gratia
1953 5095 1982 5133 a
2010 5079 2118 5132 Deo

551 5184 869 5240 defecerunt
898 5188 953 5234 et.
979 5178 1196 5233 coalitus
1228 5174 1535 5244 praecipites
1564 5172 1756 5240 dejecti
1802 5182 1952 5235 sunt,
1986 5187 2114 5226 nec—

551 5289 661 5329 non
691 5287 862 5342 usque
887 5269 1092 5324 invidet
1140 5269 1208 5322 iis
1256 5268 1349 5334 qui
1380 5265 1488 5318 Deo
1521 5265 1711 5319 volunt
1744 5279 1840 5332 per
1871 5263 2120 5318 solitudi-

555 5381 681 5420 nem
708 5372 762 5418 ct
787 5361 1111 5416 munditiam
1153 5367 1315 5426 atque
1339 5357 1638 5410 orationem
1675 5356 1902 5410 ﬁrmiter
1941 5354 2125 5409 adhae-

557 5470 701 5516 rere,
734 5453 988 5520 ideoque,
1035 5459 1192 5517 prout
1249 5449 1504 5512 diximus,
1542 5455 1816 5501 certantes
1848 5447 2119 5500 sexcentis

556 5544 873 5602 incursibus
898 5540 1310 5610 aggrediuntur,
1336 5547 1384 5593 et
1420 5552 1729 5607 quanquam
1750 5538 1989 5590 tenebrae
2010 5536 2121 5590 sint

560 5653 623 5693 ac
656 5637 805 5691 velut
833 5634 1013 5702 fulgur
1044 5631 1111 5686 de
1133 5632 1272 5686 coelo
1306 5631 1627 5694 ceciderint,
1656 5631 1709 5682 in
1757 5629 2008 5698 angelum
2037 5627 2120 5680 lu-

561 5734 641 5786 cis
672 5733 1114 5783 transmutantur
1156 5734 1213 5780 ut
1259 5723 1554 5780 nonnullos
1583 5719 1878 5800 decipiant.
1909 5719 2000 5775 Ille
2024 5734 2120 5772 au-

2219 4535 2373 4603 6ερὰ,
2405 4535 2502 4588 καὶ
2537 4533 2680 4587 κατὰ
2721 4533 2818 4602 τῆς
2847 4532 2940 4586 τοῦ
2995 4532 3133 4586 Θεοῦ
3187 4532 3412 4602 χάριτος
3447 4531 3541 4584 καὶ
3573 4525 3665 4580 τοῦ
3703 4526 3781 4575 ἐν·

2220 4630 2344 4682 θέον
2385 4627 2667 4698 φωτισμοῦ
2716 4628 2930 4690 πλάνας
2963 4628 3168 4696 ἐπῆγον
3195 4627 3402 4691 αὐτοῖς,
3437 4625 3517 4686 είς
3555 4617 3780 4688 ἄγγελον

2220 4720 2396 4789 φωτὸς
2442 4722 2490 4772 oi
2545 4719 2736 4781 σκότος
2787 4717 2939 4780 ὄντες
2986 4714 3610 4785 μετασχηματιζόμενοι,
3645 4707 3781 4759 ἀπα-

2221 4812 2412 4878 γαγεῖν
2462 4810 2564 4880 τῆς
2603 4811 2779 4878 καλῆς
2825 4810 3025 4871 αὐτοὺς
3081 4808 3394 4878 προθυμίας
3447 4801 3778 4875 βουλόμενοι,

2222 4905 2317 4956 καὶ
2345 4902 2439 4954 τοῦ
2474 4903 2610 4972 μετὰ
2658 4901 2792 4955 Θεοῦ
2823 4895 2961 4954 εἶναι
3004 4901 3078 4962 ὡς
3109 4901 3264 4954 αὐτοὶ
3311 4899 3500 4970 πόρῤω
3532 4891 3780 4963 γεγόνασι

2222 4993 2316 5047 τοῦ
2348 4993 2508 5056 Θεοῦ,
2547 4993 2636 5046 ἵνα
2693 4993 2767 5063 μὴ
2820 4991 3137 5060 ἀνθρωπίνη
3191 4989 3355 5058 φύσις
3391 4986 3571 5042 καὶτὸ
3604 4977 3780 5035 ὑλικὸν

2221 5086 2298 5155 τῷ
2339 5085 2551 5155 σώματι
2583 5083 2893 5152 κεκτημένη
2947 5083 3202 5149 ὑπεράνω
3233 5083 3331 5151 τῆς
3366 5080 3531 5134 ἀΰλου
3564 5071 3780 5126 ἐκείνων

2222 5180 2450 5248 γένηται
2506 5177 2759 5245 φύσεως·
2827 5175 3089 5243 φθονερὸν
3165 5175 3273 5242 γὰρ
3329 5164 3676 5238 ὑπερηφανίᾳ
3723 5158 3781 5210 τὸ

2224 5269 2498 5338 δαιμόνιον
2551 5265 2734 5334 φῦλον,
2774 5267 2842 5319 δι’
2897 5268 2963 5332 ἢν
3016 5267 3109 5318 καὶ
3159 5265 3294 5318 Θεοῦ
3329 5263 3658 5332 ἠστόχησαν,
3689 5251 3779 5301 καὶ

2223 5357 2513 5428 οὐρανόθεν
2561 5357 2884 5428 ἐρρίφησαν,
2921 5357 3015 5408 καὶ
3042 5357 3129 5408 ἀεὶ
3165 5351 3486 5421 φθονοῦντές
3527 5348 3633 5397 εἱσι
3673 5338 3779 5397 τοῖς

2222 5451 2302 5519 τῷ
2347 5449 2464 5517 Θεῷ
2512 5447 2948 5517 προσκολλᾶσθαι
2981 5448 3068 5501 διὰ
3106 5446 3396 5516 μονώσεως
3443 5440 3534 5493 καὶ
3580 5430 3778 5519 καθάρ-

2227 5518 2362 5602 σέως
2401 5540 2494 5592 καὶ
2525 5538 2832 5609 προσευχῆς
2862 5539 3208 5608 βουλομένοις
3234 5553 3247 5568 ·
3281 5535 3406 5588 ὅθεν
3456 5528 3548 5583 καὶ
3581 5518 3774 5609 μυρίας

2224 5631 2489 5698 ἐπάγουσι
2532 5633 2645 5693 τοῖς
2690 5607 3116 5700 ἀγωνιζομένοις
3145 5629 3242 5692 τὰς
3273 5621 3554 5694 ἐπηρείας,
3593 5612 3678 5666 καὶ
3705 5607 3774 5665 ὡς

2227 5723 2545 5792 εῖρήκαμενν
2584 5723 2660 5786 είς
2693 5707 2920 5792 ἄγγελον
2975 5722 3152 5791 φωτὸς
3175 5720 3225 5773 oi
3253 5719 3442 5778 σκότος
3470 5705 3760 5762 τελοῦντες,
