4066 6468
382 345 482 411 15'?

1418 352 1809 417 DIALOGUS
1845 351 2149 415 CONTRA
2195 356 2579 418 HEHESES.

3543 352 3646 415 151

373 464 468 517 καὶ
509 460 587 527 ὡς
633 463 890 536 ἀστραπὴ
947 466 1204 532 πεσόντες
1245 468 1340 536 ἀπ’
1377 469 1635 541 οὐρανοῦ,
1679 487 1956 541 μετασχη-

2069 482 2170 531 tem
2209 473 2455 530 Barlaam
2505 485 2566 529 ut
2616 475 2844 543 angelus
2875 490 2941 529 ex
2978 470 3098 529 istis
3130 466 3436 527 ordinibus,
3468 465 3647 519 iurem

378 552 716 623 ματίζονται,
752 555 817 609 ἶν’
866 558 1187 628 ἀπατήσωσί
1237 576 1409 623 τινας.
1438 561 1568 629 [Καὶ
1617 562 1646 615 ὁ
1691 561 1959 630 Βαρλαάμ

374 643 550 710 οὗτος,
599 647 675 711 ὡς
735 649 965 718 ἄγγελος
1009 653 1181 704 τελῶν
1222 654 1470 717 ἐκείνων,
1516 655 1791 708 σκοτεινὸν
1840 654 1957 721 φῶς

376 737 821 810 ὑποκρινομενος,
852 744 992 797 κατὰ
1020 746 1127 799 τῶν
1175 746 1477 816 ίσαγγὲλων
1509 747 1670 801 θείων
1718 746 1958 816 ἀνδρῶν,

377 832 470 883 καὶ
515 833 681 887 αὑτοῦ
714 836 809 889 τοῦ
846 836 987 889 θείου
1035 839 1214 908 φωτὸς
1258 839 1613 904 ἀντετάξατο.
1669 838 1779 892 Καὶ
1832 840 1960 889 ἁκο-

378 926 613 992 λούθως,
673 931 748 993 ὡς
800 930 907 984 ἔδει
954 932 1172 999 αὐτοῖς,
1225 934 1384 986 τοῦτο
1431 933 1682 1002 διενοήθη
1742 948 1803 984 τε
1865 930 1959 983 καὶ

376 1020 674 1093 διεπράχθη
725 1026 837 1085 τοῖς
891 1025 1147 1095 δαίμοσι,
1206 1028 1301 1081 καὶ¹
1349 1028 1440 1079 τὸν
1491 1026 1703 1097 μύστην
1752 1024 1958 1077 τούτων

376 1115 530 1168 αὐτοὶ
566 1115 707 1168 κατά
733 1118 828 1170 τοῦ
856 1117 996 1171 θείου
1035 1120 1211 1187 φωτὸς
1241 1122 1334 1173 καὶ
1383 1122 1482 1189 τῆς
1518 1118 1795 1189 μακαρίας
1848 1117 1958 1170 τῶν

374 1210 622 1275 ἀγγέλων
672 1211 1011 1282 ἐλλάμψεως,
1054 1215 1102 1266 oi
1161 1216 1349 1276 σκότος
1403 1215 1689 1283 γεγονότες
1748 1230 1808 1267 τε
1865 1212 1959 1265 καὶ

374 1302 680 1369 λεγόμενοι,
711 1304 804 1355 τὸν
845 1305 935 1357 ίσα
964 1305 1177 1368 τούτοις
1226 1307 1613 1373 ὲσκοτῖσμένον
1655 1306 1956 1373 κεκινήκα-

377 1411 461 1445 σιν
497 1394 760 1463 ἀνοήτως.
805 1394 959 1448 Ἐπεὶ
989 1396 1112 1448 οὐδὲ
1142 1398 1292 1451 ίσασι
1325 1397 1377 1449 τί
1410 1397 1471 1449 τὸ
1502 1397 1617 1463 φῶς
1651 1398 1849 1461 ἐκεῖνον
1881 1394 1956 1465 μὴ

375 1484 561 1538 τούτου
596 1487 937 1555 μετέχοντες,
968 1488 1158 1559 πόῤῥω
1190 1488 1245 1541 δὲ
1294 1487 1499 1558 μᾶλλον
1525 1488 1699 1552 ὄντες,
1730 1491 1823 1540 καὶ
1878 1489 1957 1550 είς

374 1578 435 1630 τὸ
462 1576 736 1647 ἐξώτερον.
758 1580 946 1643 σκότος
981 1580 1086 1650 52
1128 1582 1637 1651 παραπεμπόμενοι
1694 1583 1795 1634 σὺν
1845 1582 1956 1642 τοῖς

375 1671 581 1741 ὁμοίοις
619 1672 822 1737 αὐτοίς,
851 1675 967 1736 τοῖς
1013 1675 1107 1727 καὶ
1139 1674 1235 1728 ὑπ’
1264 1675 1445 1729 αὐτῶν
1478 1675 1826 1744 κινουμένοις
1852 1692 1864 1704 ·
1898 1673 1957 1737 ὃς

2068 571 2416 624 tenebrosam
2452 568 2715 631 reiereus,
2748 568 3011 622 adversus
3046 565 3197 619 viros
3231 560 3449 615 divinos
3476 572 3652 624 ange-

2065 661 2132 715 lis
2162 660 2370 716 similes
2423 659 2710 727 ipsamque
2762 657 3003 710 divinam
3064 655 3243 708 lucem
3277 649 3515 713 obstitit,
3550 660 3649 699 ea-

2064 756 2302 824 demque
2330 769 2393 807 ac
2421 752 2699 806 daemones
2734 750 2833 813 illi,
2887 759 2943 802 ut
2993 762 3215 802 necesse
3255 751 3397 805 erat,
3439 738 3649 794 machi-

2064 858 2227 902 natus
2263 846 2513 909 tentavit,
2544 844 2658 914 qui,
2696 857 2820 896 cum
2850 840 3086 896 tenebrze
3126 836 3235 893 sint
3265 845 3429 900 atque
3460 832 3650 886 dican-

2065 950 2173 1006 tur,
2204 940 2414 995 eisdem
2464 938 2703 992 tenebris
2737 935 3061 999 caligantem
3120 930 3362 983 animum
3395 925 3652 980 invisibi-

2066 1032 2187 1086 liter
2219 1030 2510 1084 movebant
2564 1028 2648 1083 his
2703 1026 2987 1083 erroribus
3038 1024 3333 1085 imbutum,
3386 1017 3652 1073 adversus

2063 1122 2306 1176 divinum
2348 1121 2529 1175 lumen
2571 1119 2915 1186 faustamque
2975 1116 3291 1184 angelorum
3328 1107 3654 1165 illusuratio-

2064 1230 2209 1269 ncm.
2251 1213 2448 1268 Verum
2482 1228 2607 1267 cum
2659 1212 2911 1266 nesciant
2963 1208 3097 1278 quid
3135 1207 3206 1262 sit
3238 1206 3369 1259 illud
3411 1205 3592 1258 lumen
3622 1216 3652 1254 a

2063 1323 2175 1377 quo
2211 1308 2412 1361 nedum
2443 1306 2589 1359 illius
2644 1304 2771 1357 facti
2828 1303 2940 1357 sint
2998 1300 3317 1368 participes,
3370 1297 3528 1363 longe
3557 1282 3651 1363 po-

2066 1400 2176 1453 tius
2221 1405 2571 1452 recesserunt
2625 1396 2677 1448 in
2738 1393 2992 1447 tenebras
3054 1392 3360 1445 exteriores
3419 1385 3651 1441 immissi

2062 1508 2187 1547 cum
2233 1488 2589 1544 consortibus
2647 1489 2763 1541 suis
2825 1486 3139 1552 animisque
3165 1499 3304 1554 quas
3346 1482 3653 1545 duxerunt,

2062 1584 2151 1639 ille
2181 1583 2433 1637 eﬂ'utiens
2470 1581 2634 1649 impie
2670 1578 2928 1633 cantabat
2972 1578 3056 1631 vel
3103 1575 3343 1630 divinam
3390 1589 3498 1628 non
3533 1587 3656 1627 esse

2061 1677 2509 1739 illustrationem,
2570 1674 2653 1728 vel
2714 1673 2756 1727 si
2808 1685 3042 1741 prorsus
3120 1670 3214 1732 sit,
3294 1669 3443 1722 illam
3507 1681 3652 1728 esse,

376 1767 471 1817 καὶ
505 1766 779 1862 δυσσεϐῶς
829 1770 861 1838 ἢ
899 1768 973 1839 μὴ
1019 1764 1161 1824 εἶναι
1219 1770 1372 1825 θείαν
1422 1771 1694 1841 ἔλλαμψιν
1724 1771 1959 1841 ἐφληνά-

2069 1772 2235 1837 prohl
2271 1780 2523 1824 naturam
2560 1767 2649 1821 Dei
2676 1765 2970 1820 invisibilis
2996 1770 3049 1817 et
3079 1758 3653 1830 incomprehensibilis

378 1872 585 1926 φησεν,
633 1857 665 1927 ἢ
718 1860 877 1929 εἴπερ
939 1861 1077 1924 ὅλως
1136 1864 1277 1927 ἐστὶ,
1342 1865 1508 1931 φύσιν
1562 1861 1702 1917 εἶναι
1749 1862 1954 1931 ταύτην

376 1945 548 2012 Θεοῦ,
611 1947 859 2020 (βαδαίί)
914 1949 1007 2003 τοῦ
1059 1953 1316 2021 ἀοράτου,
1379 1955 1473 2007 καὶ
1534 1954 1804 2023 ἀλήπτου,
1861 1956 1955 2005 καὶ

374 2039 692 2108 ἀπροσίτου.
731 2042 842 2095 Καὶ
886 2043 1049 2097 πάλιν
1077 2048 1474 2115 στρεφόμενος,
1504 2047 1580 2109 ὡς
1627 2044 1846 2113 ἀληθῶς
1876 2044 1955 2097 ὢν

376 2130 705 2201 παράφρων,
748 2151 766 2185 ι
821 2136 882 2187 Εἰ
911 2133 1066 2206 ὤφθη
1110 2138 1245 2204 φῶς,
1281 2139 1470 2208 φησιν,
1503 2138 1701 2208 ὁρατὸν
1734 2134 1825 2207 ἦν,
1860 2139 1956 2189 καὶ

375 2223 426 2275 εί
479 2226 689 2294 ὁρατὸν,
721 2226 782 2280 οὐ
818 2226 986 2291 Θεός⁸
1024 2230 1120 2282 καὶ
1153 2231 1201 2283 εί
1231 2230 1509 2289 επαύσατο
1536 2230 1789 2301 δρᾶσθαι,
1819 2230 1954 2299 μηδὲ

374 2314 630 2371 δύνασθαι
664 2314 805 2373 εἶναι
831 2336 847 2352 ο
877 2322 969 2375 καὶ
998 2322 1084 2376 διά
1112 2322 1270 2376 τοῦτο
1296 2323 1494 2394 φάσμα
1525 2342 1579 2377 τι
1604 2320 1745 2378 εἶναι
1777 2322 1957 2380 τοῦτο.

378 2411 441 2463 El
485 2412 531 2465 δ’
588 2413 805 2485 ἀληθῶς
853 2417 1005 2468 ἐστιν
1054 2415 1344 2486 ἔλλαμψις,
1377 2419 1582 2487 κτίσμα
1631 2415 1773 2471 εἶναι
1816 2417 1959 2471 κατὰ

376 2504 604 2572 καιροὺς
655 2506 1066 2572 συνιστάμενον,
1123 2510 1412 2575 γινόμενόν
1442 2528 1501 2564 τε
1554 2511 1651 2564 καὶ
1697 2511 1959 2580 ἀπογινό-

383 2608 580 2659 μενον,
626 2594 723 2658 τὴν
768 2594 861 2647 τοῦ
898 2595 1034 2649 Θεοῦ
1084 2597 1247 2668 χάριν
1304 2600 1402 2652 καὶ
1441 2600 1640 2669 νοητὴν
1689 2598 1960 2667 ἔλλαμψιν

380 2685 609 2754 κτιστὴν
634 2681 798 2748 εἶναι,
842 2687 872 2758 ἢ
912 2688 1181 2758 μηδαμῶς
1225 2685 1367 2742 εῖναι
1411 2689 1751 2758 δογματίζων
1780 2693 1806 2743 ὁ
1833 2691 1960 2743 δυσ-

382 2776 569 2845 σεσής.
616 2778 705 2832 Ἐν
760 2774 847 2843 αἷς
898 2780 1072 2851 δήπερ
1117 2778 1397 2845 ἀσεϐείαις
1435 2784 1531 2835 καὶ
1574 2783 1829 2844 ἀτοπίαις
1865 2782 1962 2835 καὶ

381 2868 625 2939 διάδοχον
657 2870 852 2924 ἑαυτοῦ
895 2872 983 2924 τὸν
1027 2873 1290 2941 δύστηνον
1334 2875 1542 2927 ἐκεῖνον
1575 2873 1733 2945 ἔσχεν
1784 2873 1962 2926 Ἀκίν-

382 2962 568 3015 δυνον·
613 2965 704 3016 καὶ
766 2964 847 3018 ἔτι
899 2965 1081 3031 Δεξιόν
1137 2983 1286 3028 τινα,
1322 2968 1439 3018 τὸν
1511 2966 1610 3035 τῆς
1666 2967 1964 3037 ἀριστερᾶς

389 3057 633 3127 μερίδοςο
673 3058 767 3111 καὶ
829 3059 1097 3128 ’Λργυρὺν
1146 3059 1239 3112 τὸν
1296 3058 1377 3111 ίοῦ
1436 3059 1656 3129 μεστὸν,
1717 3060 1813 3112 τὸν
1871 3059 1965 3111 καλ⁸

2062 1875 2227 1934 atque
2282 1861 2710 1917 inaccessibilis.
2750 1858 3102 1925 Rursumque
3163 1866 3492 1913 conversus,
3524 1867 3648 1903 rum

2060 1972 2188 2013 vere
2246 1957 2510 2018 insaniat,
2546 1955 2592 2009 si
2638 1954 2822 2006 lumen
2876 1948 3153 2019 apparuit,
3192 1948 3396 2010 aiebat,
3436 1945 3655 1999 visibile

2060 2057 2203 2113 erat,
2244 2051 2288 2105 si
2329 2064 2458 2103 vero
2496 2055 2617 2103 erat
2666 2046 2902 2111 visibile,
2937 2042 3083 2097 Deus
3112 2056 3219 2094 non
3253 2048 3393 2103 erat,
3426 2039 3654 2106 insuper

2061 2146 2107 2201 si
2134 2146 2203 2201 ab
2233 2144 2412 2199 oculis
2448 2141 2691 2204 evanuit,
2747 2155 2853 2192 non
2909 2147 3090 2191 tamen
3133 2148 3253 2189 esse
3301 2134 3484 2197 desiit,
3544 2135 3649 2187 hoc

2062 2249 2181 2296 erat
2223 2235 2593 2305 phantasmati
2648 2233 2850 2289 simile.
2884 2232 3024 2286 Vera
3078 2240 3260 2285 autem
3316 2227 3649 2282 illuminatio

2062 2342 2312 2388 creatura
2370 2339 2454 2386 est
2515 2345 2613 2398 pro
2670 2326 2939 2394 temporis
2998 2323 3416 2393 opportunitate
3446 2319 3652 2374 consti-

2064 2433 2177 2507 tuta
2207 2439 2330 2494 quae
2358 2423 2521 2477 modo
2548 2422 2603 2474 tit
2630 2432 2686 2475 et
2717 2419 2878 2473 modo
2904 2417 3129 2478 desinit,
3166 2414 3256 2469 ille
3297 2429 3424 2467 vero
3454 2412 3654 2481 impius

2066 2506 2196 2572 falsa
2229 2530 2494 2586 spargens
2543 2515 2818 2582 dogmata,
2848 2512 3081 2580 gratiam
3121 2508 3213 2561 Dei
3243 2506 3659 2574 spiritalemque

2065 2609 2487 2667 illustrationcm
2518 2615 2614 2660 aut
2646 2604 2997 2660 conditorem
3035 2616 3158 2656 esse
3202 2608 3296 2653 aut
3343 2598 3661 2653 nullatenus

2066 2717 2191 2759 csse
2221 2702 2529 2757 asserebat.
2595 2697 2650 2751 ln
2694 2698 2898 2766 quibus
2931 2693 3310 2762 impietatibus
3357 2703 3410 2743 et
3441 2688 3661 2757 ineptiis

2069 2811 2448 2853 successorem
2501 2794 2699 2848 habuit
2748 2790 3155 2859 nequissimum
3200 2785 3571 2855 Aciudynnm,
3606 2791 3662 2836 et

2068 2894 2292 2959 insuper
2324 2888 2553 2942 Dexium
2587 2884 2879 2954 quemdam
2910 2880 3102 2951 quiad
3136 2878 3418 2933 sinistram
3443 2886 3655 2945 partem

2068 2981 2384 3043 declinavit,
2418 2988 2473 3035 et
2510 2980 2779 3048 Argyrum
2813 2988 3026 3029 veneno
3059 2972 3281 3041 plenum
3328 2969 3423 3038 qui
3470 2967 3660 3020 admo-

2070 3075 2199 3127 dum
2239 3077 2359 3126 erat
2394 3069 2604 3124 ditatus
2633 3080 2797 3136 prava
2848 3063 3163 3119 Graecorum
3219 3060 3551 3128 nugaritate,
3605 3064 3662 3110 et

387 3151 521 3204 πολὺ
553 3151 613 3204 τὸ
655 3151 905 3221 κίϐδηλον
948 3155 1048 3222 τῆς
1091 3150 1370 3223 Ἑλλήνων
1407 3151 1681 3223 φλυαρίας
1725 3152 1962 3222 πλουτή-

2071 3174 2199 3221 ante
2229 3166 2353 3220 illos
2387 3163 2687 3232 Gregoram
2735 3159 3006 3213 famosum
3045 3163 3377 3224 apostatam,
3413 3152 3505 3219 qui
3537 3165 3662 3220 gra-

387 3263 552 3299 σαντα
577 3261 591 3278 ⁶
628 3248 719 3302 καὶ
750 3246 856 3315 πρὸ
886 3246 1068 3300 αὐτῶν
1098 3247 1390 3317 Γρηγορᾶν
1447 3248 1654 3299 ἐκεῖνον
1694 3246 1786 3297 τὸν
1823 3245 1962 3297 ἀπο-

388 3337 626 3404 στάτηνο
665 3338 716 3391 οἳ
765 3338 859 3390 καὶ
888 3338 987 3408 τὴν
1034 3339 1197 3409 χάριν
1225 3339 1479 3404 καθάπαξ
1526 3337 1835 3408 ὴθετήκασι
1871 3335 1966 3399 τοῦ

386 3429 544 3493 Θεοῦ,
573 3430 666 3483 καὶ
691 3430 790 3501 τὴν
820 3431 1063 3501 φυσικὴν
1089 3432 1255 3485 αὑτοῦ
1283 3431 1517 3502 δύναμιν
1549 3433 1644 3485 καὶ
1680 3433 1968 3500 ἐνέργειαν

388 3522 768 3592 ὲξηρνήσαντο,
799 3524 1070 3593 μηδεμίαν
1123 3524 1353 3595 δύναμιν
1404 3528 1687 3597 προσεῖναι
1719 3525 1968 3594 λέγοντες

386 3615 463 3684 τῷ
494 3615 634 3685 Θεῷ,
658 3616 790 3685 μηδὲ
819 3617 1030 3687 δωρεάν
1059 3634 1118 3669 τε
1150 3618 1246 3671 καλΙ
1275 3619 1435 3688 χάριν
1466 3619 1523 3683 ἐξ
1550 3617 1717 3670 αὐτοῦ
1750 3617 1969 3687 προϊοῦ-

390 3726 508 3769 σαν,
545 3710 876 3773 ἀπεναντίας
921 3709 1000 3779 τῷ
1044 3710 1366 3779 Εὑαγγελὶῳ
1418 3729 1475 3763 τε
1514 3711 1607 3764 καὶ
1643 3713 1756 3774 τοῖς
1788 3710 1968 3779 λόγοις

390 3805 483 3856 καὶ
532 3804 760 3872 πράξεσι
810 3804 918 3856 τῶν
975 3804 1238 3874 μαθητῶν
1290 3805 1386 3858 τοῦ
1439 3806 1678 3876 Χριστοῦ
1748 3807 1842 3859 καὶ
1892 3804 1970 3875 τῷ

387 3898 558 3968 λοιπῷ
591 3897 737 3969 χορῷ
783 3899 893 3951 τῶν
925 3900 1096 3967 ἁγίων
1141 3900 1299 3970 ἡμῶν
1362 3901 1627 3970 Πατέρων
1663 3900 1967 3969 βαίνοντες.

391 3993 455 4047 Οἳ
483 3993 680 4057 πάντες
723 3993 860 4061 ὁμοῦ
891 3994 1056 4047 αὑτὸν
1083 3994 1184 4064 μὲν
1230 3992 1322 4047 τδν
1351 3994 1557 4063 Κύριον
1589 3995 1681 4047 τὸν
1710 3995 1804 4047 τοῦ
1831 3993 1968 4048 Θεοῦ

394 4088 653 4157 μονογενῆ
707 4088 834 4140 Υίὸν
881 4089 975 4141 καὶ
1034 4088 1209 4155 Λόγον
1256 4090 1315 4140 ὲν
1370 4091 1438 4158 τῇ
1503 4087 1612 4158 ἰδία
1667 4087 1969 4142 ὑποστάσει

390 4179 744 4247 σαρκωθῆναί
788 4196 943 4247 φασι,
1003 4179 1100 4234 καὶ
1143 4179 1431 4250 ἄνθρωπον
1482 4180 1762 4249 γενέσθαι,
1828 4192 1969 4239 κατα

388 4270 643 4339 ἀλήθειαν
703 4271 934 4340 μένοντα
995 4271 1168 4337 Θεὸν,
1238 4274 1332 4326 καὶ
1390 4272 1751 4326 ἀναλλοίωτον
1806 4274 1967 4328 ὄντα·

390 4366 537 4434 ἡμᾶς
578 4365 635 4418 δὲ
676 4366 751 4435 μὴ
797 4365 930 4418 Θεὸν
972 4366 1362 4429 ἑνυποστάτως
1400 4366 1658 4431 δέξασθαι
1689 4370 1781 4422 καὶ
1828 4368 1970 4422 κατά

389 4458 551 4527 φύσιν
600 4456 894 4525 ἐνωθῆναι.
943 4461 1040 4512 Ἓν
1099 4459 1209 4527 γὰρ
1261 4462 1441 4513 ἐκεῖνο
1492 4461 1551 4517 τὸ
1603 4464 1965 4533 πρόσλημμα,

389 4555 527 4621 ὅπερ
585 4553 953 4623 προσείληφεν
1004 4553 1187 4622 ἐαυτῷ
1244 4556 1272 4607 ὁ
1324 4553 1419 4607 τοῦ
1475 4554 1611 4608 Θεοῦ
1671 4558 1967 4627 μονογενὴς

387 4646 581 4713 Λόγος,
634 4647 727 4698 καὶ
782 4638 936 4716 ᾧπερ
1001 4646 1188 4716 ἄκρως
1246 4647 1459 4717 ήνώθη,
1511 4650 1610 4701 καί¹
1663 4649 1970 4724 ἀδιαίρετον

389 4744 575 4793 τούτου
609 4743 761 4809 μένει
795 4740 869 4802 ὡς
904 4739 996 4791 καὶ
1029 4739 1357 4808 ἀσύγχυτον.
1397 4739 1731 4809 Ἐπειδήπερ
1763 4744 1970 4814 ἑκάστη
2006 4756 2025 4767 ’

388 4833 551 4900 φύσις
590 4833 658 4885 τὰ
708 4831 817 4884 ἴδια
859 4833 1158 4900 κέκτηται,
1190 4832 1223 4901 ἠ
1259 4830 1382 4885 θεία
1413 4832 1482 4885 τὰ
1515 4832 1717 4903 θεῖα,ή
1754 4834 1967 4905 ἀνθρω-

388 4927 515 4996 πίνη
578 4943 638 4979 τε
694 4926 761 4978 τὰ
811 4925 1114 4991 ἀδιάϐλητα
1180 4924 1290 4976 τῶν
1348 4925 1694 4996 ἀνθρώπων*
1748 4930 1846 4981 καὶ
1913 4932 1972 4983 ἐν

387 5017 573 5088 ἐκείνῃ
627 5018 730 5088 μὲν
780 5018 841 5072 τὸ
911 5019 1352 5090 ἅπερίγραπτον,
1410 5019 1506 5073 καὶ
1551 5020 1964 5091 ἀκατάληπτον,

388 5111 484 5162 καὶ
517 5112 813 5180 ἄτρεπτον,
857 5112 951 5164 καὶ
991 5113 1080 5165 ἀεὶ
1107 5110 1190 5177 ὃν,
1224 5111 1319 5163 καὶ
1352 5109 1414 5163 τὸ
1446 5112 1880 5184 παντοδύναμον,
1911 5117 1968 5169 ἐν

388 5203 451 5269 τῇ
506 5200 823 5273 ἀνθρωπίνῃ
874 5201 931 5254 δὲ
980 5203 1039 5254 τὸ
1091 5201 1490 5271 περιγραπτὸν,
1545 5202 1605 5254 τὸ
1657 5196 1875 5273 ὁρατὸν,
1910 5206 1970 5258 τὸ

386 5294 726 5362 ψηλαφητδν,
758 5294 818 5345 τὸ
850 5292 1215 5352 ἀλλοιοῦσθαι.
1250 5293 1309 5345 τὸ
1336 5292 1625 5363 ἄρξασθαι.
1660 5296 1751 5347 Διὸ
1783 5297 1845 5364 δὴ
1876 5300 1969 5350 καὶ

390 5387 806 5456 σεσαρκωμένος
832 5389 858 5439 ὀ
893 5388 1064 5453 Λόγος
1105 5389 1338 5456 ἐωρῖιτο,
1370 5389 1461 5439 καὶ
1490 5386 1837 5457 ἐψηλχφᾶτο,
1873 5391 1969 5442 καὶ

387 5479 610 5547 ἔπασχε,
648 5480 742 5532 καὶ
774 5477 1024 5546 ἑθνησκε,
1052 5480 1147 5531 καὶ
1180 5479 1460 5541 ἀνίστατο,
1496 5479 1557 5530 οὐ
1583 5482 1647 5549 τῇ
1677 5479 1836 5547 φύσει
1869 5480 1968 5550 τῆς

389 5570 661 5639 θεότητος,
699 5573 767 5640 τῇ
810 5570 867 5623 δὲ
915 5571 1074 5639 φύσει
1123 5570 1216 5623 τοῦ
1270 5571 1545 5640 σώματος.
1580 5572 1744 5626 Ὅθεν
1794 5576 1888 5627 καὶ
1941 5577 1967 5627 ὀ

385 5663 741 5733 ἠγαπημέειος
772 5665 956 5733 φησὶν,
984 5682 1001 5713 ι
1036 5665 1102 5718 '0
1126 5659 1192 5733 ἦν
1222 5663 1316 5716 ἀπ’
1343 5664 1537 5734 ἀρχῆς,
1557 5664 1585 5717 ὃ
1612 5666 1962 5735 ἑωράκαμεν,

385 5753 415 5806 ὃ
442 5755 785 5822 ἐθεασάμεθα
835 5758 946 5818 τοῖς
980 5755 1280 5826 ὀφθαλμοῖς
1336 5758 1517 5826 ἡμῶν,
1545 5758 1636 5829 καὶ
1678 5759 1734 5810 αἱ
1785 5762 1966 5829 χεῖρες

390 5844 545 5914 ἡμῶν
590 5845 965 5918 ἐψηλάφησαν,
1008 5866 1025 5900 ι
1062 5849 1189 5917 περὶ
1250 5847 1343 5901 τοῦ
1394 5850 1582 5917 Λόγου
1627 5851 1726 5921 τῆς
1780 5851 1960 5919 ζωῆς·

2074 3263 2203 3316 tiam
2242 3261 2333 3315 Dei
2386 3260 2607 3329 penitus
2642 3242 3011 3324 negaverunt,
3045 3254 3329 3321 ipsamque
3358 3248 3479 3316 ejus
3516 3246 3663 3299 nati-

2070 3370 2196 3410 vam
2230 3351 2536 3422 potentiam
2563 3359 2617 3403 et
2643 3346 3023 3417 operationem
3056 3342 3392 3403 abnuerunt,
3418 3338 3665 3392 dicentes

2074 3448 2278 3503 nullam
2322 3445 2430 3498 Deo
2494 3443 2678 3497 inesse
2712 3446 3068 3507 potestatem,
3108 3449 3287 3503 neque
3324 3432 3532 3485 donum
3567 3444 3664 3483 ne-

2073 3555 2179 3610 que
2209 3538 2440 3607 gratiam
2470 3536 2537 3589 ab
2568 3534 2687 3603 ipso
2718 3530 2961 3603 prodire,
2991 3529 3258 3582 adversus
3282 3522 3664 3590 Evangelium,

2074 3642 2474 3698 sermonesque
2527 3638 2580 3681 et
2630 3633 2789 3679 actus
2838 3621 3238 3691 discipulorum
3290 3615 3494 3673 Christi
3538 3613 3663 3667 reli-

2074 3737 2355 3793 quumque
2404 3720 2635 3773 chorum
2686 3726 3007 3771 sanctorum
3059 3712 3281 3765 Patrum
3344 3707 3660 3762 nostroru’m

2075 3815 2443 3869 ambulantes.
2486 3810 2589 3877 Qui
2635 3824 2829 3865 omnes
2872 3806 3037 3860 simul
3074 3805 3254 3873 ipsum
3300 3802 3520 3872 quidem
3558 3799 3665 3851 Do-

2077 3908 2286 3960 minum
2326 3905 2526 3959 Filium
2562 3896 2669 3957 Dei
2703 3899 3046 3970 unigenitum
3089 3897 3442 3964 Vcrbumque
3476 3894 3663 3947 dicunt

2076 4000 2127 4053 in
2180 3996 2397 4066 propria
2452 4007 2688 4065 persona
2740 3992 3088 4045 incarnatum
3140 3987 3311 4041 fuisse
3362 3986 3652 4038 hominem-

2074 4109 2179 4162 que
2212 4090 2415 4145 factum
2458 4101 2607 4151 esse,
2666 4090 2980 4137 manentem
3016 4081 3069 4135 in
3119 4078 3349 4131 veritate
3390 4076 3559 4129 lit-um
3608 4083 3660 4128 et

2074 4186 2126 4240 in
2148 4181 2595 4239 immutabilitate
2621 4185 2956 4247 perstantem
2984 4189 2999 4238 ;
3028 4188 3129 4226 nos
3166 4185 3294 4224 vero
3314 4162 3664 4237 nequaquam

2077 4279 2243 4333 Deum
2277 4274 2582 4331 secundum
2617 4268 2980 4327 substantiam
3036 4264 3321 4333 accepisse
3351 4274 3530 4330 neque
3581 4275 3668 4314 sc-

2073 4372 2312 4427 cundum
2346 4377 2598 4423 naturam
2631 4364 2905 4418 adunatos
2942 4368 3107 4426 esse;
3158 4371 3327 4411 unum
3362 4354 3506 4408 enim
3542 4361 3663 4405 erat

2074 4463 2208 4519 illud
2243 4460 2388 4532 quod
2424 4458 2528 4514 sibi
2563 4453 2864 4523 assumpsit
2896 4448 3133 4504 Verbum
3174 4445 3267 4500 Dei
3297 4442 3667 4513 unigenitum,

2073 4566 2127 4611 et
2157 4554 2242 4609 cui
2267 4560 2418 4607 arcte
2446 4550 2801 4616 coniunctum
2829 4554 2933 4605 est.
2980 4556 3010 4595 a
3041 4556 3152 4612 quo
3184 4546 3365 4591 manet
3408 4535 3668 4590 indivisi-

2076 4650 2185 4704 bile
2211 4648 2352 4703 sicut
2376 4654 2430 4700 et
2462 4638 2877 4698 iucont‘usibile.
2914 4636 3048 4689 Cum
3080 4631 3280 4699 cuique
3324 4636 3532 4681 naturae
3568 4640 3666 4679 sua

2075 4743 2208 4805 sint,
2246 4738 2447 4794 divinae
2492 4735 2697 4796 divina,
2741 4733 2991 4786 humana:
3030 4721 3465 4789 humana,vitiis
3506 4732 3666 4772 exce-

2075 4833 2205 4903 ptis,
2239 4829 2383 4884 etin
2430 4826 2522 4882 illa
2578 4824 2800 4895 quidem
2850 4814 3334 4883 incircumscripta
3380 4809 3666 4865 immensi-

2077 4902 2187 4987 tas,
2234 4915 2833 4990 incomprehensibilis
2897 4910 3161 4973 intiuitas,
3219 4902 3662 4961 immutabilitas,

2073 5014 2355 5070 aeternitas
2379 5022 2432 5065 et
2469 5005 2865 5077 omnipotentis
2895 5019 2911 5069 ;
2952 5001 3006 5054 in
3046 5000 3286 5052 humana
3319 5001 3501 5046 autem
3540 5004 3664 5045 esse

2074 5105 2519 5174 circumscripta,
2581 5098 2836 5160 visibilis,
2895 5091 3121 5155 tactilis,
3150 5084 3455 5148 mutabilis,
3493 5092 3547 5136 et
3582 5085 3664 5135 in-

2074 5198 2311 5267 cepisse,
2374 5200 2711 5265 quaprOpter
2785 5190 3133 5242 incarnatum
3190 5178 3431 5233 Verbum
3485 5175 3661 5231 visum

2075 5289 2178 5343 fuit
2227 5298 2281 5343 ct
2329 5284 2751 5343 contrectatunr
2788 5289 3128 5348 passumque
3160 5280 3213 5325 et
3244 5278 3544 5330 mortuum,
3583 5273 3665 5319 at-

2074 5396 2180 5449 que
2220 5378 2546 5441 resurrexit,
2607 5390 2716 5429 non
2752 5371 2939 5425 divina
2994 5366 3250 5437 equidem
3289 5362 3383 5417 sed
3424 5361 3663 5414 humana

2073 5447 2269 5529 natura
2302 5490 2317 5536 ;
2348 5471 2491 5524 unde
2527 5468 2761 5521 dilectus
2791 5464 2867 5517 ait
2895 5460 3202 5531 discipulus
3234 5473 3248 5511 :
3279 5474 3299 5507 ι
3370 5453 3524 5519 Quod
3562 5447 3666 5502 fuit

2072 5570 2141 5625 ab
2174 5567 2354 5631 initio,
2387 5564 2533 5635 quod
2585 5560 2988 5633 perspeximus,
3046 5554 3285 5609 vidimus
3340 5546 3516 5601 oculis
3564 5557 3663 5596 no-

2075 5662 2230 5729 stris,
2268 5670 2322 5714 et
2344 5673 2543 5712 manus
2567 5665 2769 5710 nostrae
2822 5652 3304 5707 contrectaverunt
3363 5643 3426 5693 de
3481 5635 3663 5690 Verbo

2071 5756 2213 5819 vitaz,
2239 5762 2294 5806 ct
2319 5752 2432 5805 vita
2464 5747 2817 5804 manifestata
2856 5753 2943 5799 est
2978 5759 3003 5807 7
3031 5750 3085 5795 et
3131 5735 3521 5791 annuntiamus
3570 5742 3663 5780 vo-

2071 5851 2154 5907 bis
2196 5849 2359 5907 vitam
2409 5857 2667 5902 aeternam
2720 5857 2843 5913 qua:
2877 5848 2992 5896 erat
3021 5836 3163 5907 apud
3197 5833 3436 5897 Patrem,
3476 5834 3531 5882 et
3563 5839 3662 5892 ap-
