4066 6440
350 338 449 407 151

1360 362 1371 367 θ’
1412 343 1800 406 DIALOGUS
1832 344 2137 407 CONTRA
2178 347 2572 412 HIERESES.

3506 346 3607 411 158

349 461 683 533 χαρίσματα,
710 459 804 511 καὶ
838 458 897 510 ὲν
934 458 1149 520 πολλοῖς
1175 458 1572 527 ἐνεργούμενα.
1598 458 1706 511 Kal
1736 450 1781 525 ᾧ
1822 458 1920 523 μὲν

2036 462 2484 528 meinadnmdum
2526 467 2601 521 ait
2654 464 2853 522 Paulus
2910 468 3142 523 dicens:
3180 464 3322 521 (Alii
3385 467 3603 537 quidem

351 551 551 605 δίδοται
580 549 758 613 τοῦτο,
792 541 835 617 ᾧ
863 549 919 601 δὲ
954 547 1167 619 ἐκείνῳ,
1196 548 1270 610 ὡς
1303 547 1512 607 Παῦλός
1541 564 1697 617 φησι,
1722 545 1916 613 λέγων,

359 663 376 696 ι
423 636 491 715 ᾯ
522 642 620 712 μὲν
652 644 759 711 γὰρ
783 642 870 696 διὰ
911 640 1003 693 τοῦ
1054 641 1373 711 Πνεύματος
1403 641 1608 694 δίδοται
1639 641 1797 709 λόγος
1831 657 1923 693 σο-

356 739 499 801 φίας,
525 735 669 806 ἆλὶῳ
700 738 757 789 δὲ
788 736 943 803 λόγος
973 736 1227 803 γνώσεως
1251 736 1393 789 κατὰ
1420 737 1480 789 16
1511 737 1644 790 αὐτὸ
1674 736 1918 803 Πνεῦμα,

353 829 493 899 ἄλλῳ
530 829 583 881 δὲ
617 829 967 898 ἐνεργήματα
990 829 1293 896 δυνάμεων,
1322 828 1465 898 ἄλλῳ
1490 828 1545 881 δὲ
1571 830 1919 897 προφητεῖαι,

352 923 494 991 ἄλλῳ
523 923 579 974 δὲ
606 921 906 990 διακρίσεις
936 923 1286 991 πνευμάτων,
1311 921 1484 992 ἑτέρῳ
1513 921 1567 972 δὲ
1592 920 1722 989 γένη
1747 919 1924 988 γλωσ-

354 1016 479 1081 σῶν,
510 1006 737 1084 angat
767 1016 1058 1084 ἑρμηνεῖαι
1090 1015 1374 1083 γλωσσῶν.
1422 1016 1603 1068 Πάντα
1644 1013 1700 1069 δὲ
1748 1013 1923 1068 ταῦτα

353 1109 563 1177 ἐνεργεῖ
589 1108 647 1160 16
677 1107 734 1159 ἓν
771 1108 863 1160 καὶ
896 1107 955 1160 16
986 1107 1118 1160 αὐτὸ
1154 1108 1400 1176 Πνεῦμα,
1431 1107 1677 1176 διαιροῦν
1709 1108 1925 1175 ἑκάστῳ

356 1200 460 1268 ἰδία
490 1199 673 1259 καθὼς
703 1198 977 1269 βούλεται.
1042 1201 1188 1253 Διότι
1236 1200 1330 1253 καὶ
1382 1199 1440 1252 ἓν
1472 1200 1571 1270 μὲν
1601 1201 1754 1265 αὐτὸ,
1786 1201 1924 1253 διαι-

355 1293 438 1361 ρεῖ
467 1292 521 1343 δὲ
554 1293 765 1362 ἑκάστῳ
792 1293 857 1345 τὰ
879 1294 1218 1361 χαρίσματα,
1250 1290 1432 1355 καθὼς
1458 1292 1729 1363 βούλεται.
1753 1311 1770 1344 ι
1813 1293 1925 1345 Kal

355 1384 565 1447 Παῦλος
597 1402 761 1456 φησιν
786 1399 800 1415 ⁸
830 1404 848 1436 ι
888 1385 1052 1454 Ἡμῖν
1086 1385 1142 1438 δὲ
1172 1380 1254 1447 εἷς
1286 1386 1420 1449 Θεὸς
1450 1387 1543 1439 καὶ
1574 1387 1763 1457 Πατὴρ
1786 1386 1925 1453 πάν-

352 1495 480 1542 των,
532 1478 627 1530 καὶ
673 1472 754 1541 εἷς
812 1477 1018 1548 Κύριος
1058 1477 1265 1546 Ἰησοῦς
1301 1476 1558 1549 Χριστός.
1596 1498 1614 1530 ι
1650 1481 1759 1532 Kal
1790 1482 1922 1551 περὶ

353 1571 444 1623 τοῦ
470 1570 783 1639 Πνεῦματος
806 1572 1005 1640 ὁμοίως
1028 1589 1043 1604 ο
1078 1590 1095 1622 ι
1136 1572 1234 1623 Ἐν
1260 1572 1317 1624 δὲ
1345 1574 1441 1626 καὶ
1459 1572 1519 1624 τὸ
1542 1572 1675 1632 αὐτὸ
1699 1572 1923 1643 Πνεῦμα

354 1660 591 1731 διαιροῦν
630 1662 735 1730 ἰδία
764 1663 983 1731 ἑκάστῳ
1016 1661 1199 1725 καθὼς
1233 1661 1507 1732 βούλεται.
1542 1680 1559 1712 ι

916 1776 1166 1828 ΚΕΦᾹΛ.
1204 1776 1329 1829 ΛΒ’.

354 1868 515 1922 Κατὰ
567 1868 858 1929 Λατίνων,
906 1868 1111 1992 ὅτιιῗκ
1139 1870 1353 1949 μόνου
1420 1868 1528 1923 τοῦ
1578 1868 1810 1937 Πατρὸς
1853 1868 1922 1922 τὸ

1066 1956 1272 1992 νευιια.

1066 1956 1272 2007 νευμα.

426 2031 588 2085 Ὅθεν
622 2030 856 2100 φανερόν
886 2032 1057 2095 ἐστιν,
1082 2031 1155 2093 ὡς
1187 2031 1247 2083 ἓν
1276 2031 1377 2099 μὲν
1411 2032 1469 2084 16
1500 2032 1642 2085 θεῖον
1674 2032 1923 2103 Πνεῦμα,

356 2128 447 2180 καὶ
480 2129 542 2181 ὲκ
568 2125 662 2180 τοῦ
702 2126 821 2187 ἑνὸς
852 2126 946 2179 τοῦ
978 2127 1212 2197 Πατρός.
1251 2126 1347 2180 Ἕν
1378 2127 1437 2181 τὸ
1471 2128 1699 2198 Πνεῦμα
1728 2129 1803 2191 ὡς
1835 2132 1927 2182 ὲκ-

356 2220 717 2290 πορευόμενον
750 2219 807 2285 ἐξ
843 2219 1032 2281 αὑτοῦ,
1057 2219 1132 2282 ὡς
1160 2221 1251 2272 καὶ
1277 2214 1361 2282 εἷς
1388 2222 1416 2273 6
1450 2220 1653 2289 Κύριος
1689 2222 1781 2276 καὶ
1812 2224 1921 2277 Ma

355 2311 596 2377 νογενὴς,
627 2314 687 2364 ὲκ
724 2312 887 2378 μόνου
942 2310 1033 2363 τοῦ
1090 2312 1304 2380 Πατρδς
1363 2314 1642 2382 γεννητῶς
1704 2318 1854 2368 ἐστιν
1900 2316 1929 2369 6

358 2402 501 2462 Υἱός.
552 2404 661 2456 Kal
709 2401 797 2455 διὰ
830 2402 990 2456 τοῦτο
1024 2403 1084 2453 οὐ
1132 2402 1359 2456 δυνατὸν
1390 2403 1451 2455 16
1480 2403 1538 2455 ἓν
1572 2408 1666 2459 καὶ
1702 2406 1768 2457 16
1798 2406 1928 2459 αὐτὸ

356 2497 418 2548 ὲκ
445 2495 539 2548 δύο
568 2494 712 2565 ἔχειν
744 2496 846 2563 τὴν
895 2497 1092 2565 ἀρχὴν,
1135 2497 1211 2559 ὼς
1245 2498 1293 2549 oi
1323 2500 1540 2551 Λατῖνοί
1590 2516 1774 2567 φασιν,
1808 2501 1928 2553 ἐπεὶ

358 2586 448 2641 καὶ
484 2588 512 2640 6
546 2587 857 2657 Μονογενὴς
896 2583 977 2651 είς
1016 2590 1080 2641 ὲκ
1110 2588 1202 2641 τοῦ
1236 2590 1354 2653 ἑνός
1386 2591 1522 2645 ὲστι.
1549 2592 1659 2643 Καὶ
1681 2591 1840 2660 μόνος
1863 2594 1927 2647 ἐκ

360 2680 521 2747 μόνου
555 2680 848 2747 γεννητῶς,
875 2680 949 2744 ὡς
998 2682 1093 2733 καὶ
1143 2680 1203 2733 16
1258 2680 1399 2734 θεῖον
1461 2682 1688 2751 Πνεῦμα
1722 2684 1801 2747 ἓν,
1834 2686 1927 2739 καὶ

360 2772 517 2843 μόνον
546 2776 609 2826 ὲκ
646 2774 808 2844 μόνου
839 2773 932 2827 τοῦ
970 2776 1182 2845 Πατρδς
1233 2778 1601 2846 ὲκπορευτῶς.
1636 2778 1744 2832 Kal
1780 2774 1861 2842 εἷς
1900 2782 1928 2834 6

356 2867 526 2928 αἴτιος
551 2866 779 2933 τούτων,
808 2870 890 2921 ὅτι
920 2868 1015 2921 καὶ
1051 2869 1189 2939 πρὸς
1221 2870 1380 2922 αὑτὸν
1411 2871 1477 2921 τὰ
1509 2870 1568 2934 ἐξ
1604 2871 1770 2925 αὐτοῦ
1798 2873 1926 2925 ἀναο

357 2958 601 3024 φέρεται.
630 2960 735 3011 Kal
762 2958 851 3011 διὰ
878 2958 1040 3011 τοῦτο
1065 2962 1337 3031 μοναρχία
1362 2961 1421 3012 τὸ
1444 2963 1929 3030 προσκυνούμενον

358 3054 507 3121 ἡμῖν,
547 3054 627 3106 ὅτι
665 3052 801 3122 πρὸς
853 3054 912 3106 τὸ
954 3052 1012 3106 ἒν
1045 3053 1241 3121 αἴτιον,
1272 3056 1361 3108 τδν
1394 3056 1637 3127 Πατέρα,
1673 3057 1733 3110 16
1769 3058 1929 3124 μόνον

355 3145 613 3211 γεννητὸν
640 3147 667 3199 6
696 3145 846 3209 Υἱὸς,
892 3146 967 3216 μὴ
1006 3147 1393 3218 ἀλλοιούμενον
1435 3149 1593 3215 ὅλως,
1620 3148 1713 3202 καὶ
1744 3149 1805 3201 16
1834 3150 1932 3217 p.6-
1961 3139 2005 3195 Co

358 3254 447 3289 νον
478 3238 805 3305 ἐκπορευτὸν
834 3240 990 3306 ἅγιον
1014 3239 1261 3310 Πνεῦμα,
1286 3243 1360 3313 μὴ
1388 3242 1769 3310 ἀλλοιούμενον
1794 3244 1932 3306 ὅλως

359 3330 709 3400 ἀναφέρεται.
736 3332 810 3384 Ού
832 3332 995 3398 φύσιν
1020 3332 1077 3385 δὲ
1105 3333 1165 3385 16
1190 3334 1446 3403 γεννητὸν
1474 3334 1627 3404 δηλοῖ
1655 3336 1747 3388 καὶ
1771 3338 1932 3389 ἐκπο-

362 3423 570 3491 ρευτὸν,
604 3424 678 3485 ὡς
709 3425 756 3475 οἱ
802 3425 1049 3494 Πατέρες
1096 3432 1281 3493 φασὶν,
1316 3427 1432 3480 ἀλλ’
1467 3428 1705 3497 ἰδιότητα
1739 3430 1931 3497 μόνην.

358 3518 472 3571 Μία
507 3519 615 3588 γὰρ
645 3517 807 3585 φύσις
834 3521 946 3581 τοϊς
985 3522 1157 3588 τρισὶ,
1183 3518 1415 3590 τηροῦσι
1450 3521 1517 3572 τὰ
1550 3516 1762 3574 ἑαυτῶν
1790 3520 1935 3574 ἰδιώ-

361 3630 529 3681 ματα,
566 3611 646 3664 ὃτι
679 3613 773 3666 καὶ
806 3607 886 3673 εἷς
916 3612 943 3663 6
974 3611 1148 3675 αἴτιος
1177 3611 1272 3665 τοῦ
1322 3612 1662 3680 Μονογενοῦς
1708 3612 1805 3666 καὶ
1838 3613 1934 3667 τοῦ

357 3707 791 3779 ἐκπορευομένου
852 3706 1194 3776 Πνεῦματος,
1226 3709 1251 3760 6
1281 3706 1472 3776 Πατὴρ
1521 3705 1708 3767 αὑτοῦ,
1742 3707 1803 3760 τὸ
1833 3709 1933 3776 μὲν

356 3803 656 3871 γεννῶντος
706 3802 1000 3870 ἀφράστως
1053 3802 1148 3854 καὶ
1205 3801 1533 3868 ἁσωμὰτως,
1566 3801 1628 3853 16
1681 3801 1733 3853 δὲ
1769 3802 1937 3853 ἐκπο-

362 3898 632 3965 ρεύοντος.
663 3897 763 3949 Διὰ
787 3897 945 3949 τοῦτο
979 3896 1069 3947 καὶ
1108 3897 1204 3962 μία
1251 3895 1453 3964 Θεότης
1486 3898 1545 3949 ὲν
1589 3896 1806 3965 Τριάδι,
1839 3899 1933 3948 xal

361 3991 595 4063 ήΤριὰς
644 3991 974 4058 ἀδιαίρετος.
1184 3988 1422 4052 Ἒνωσις
1481 3988 1593 4056 γὰρ
1653 3987 1783 4040 Υἱοῦ
1839 3988 1933 4039 καὶ

364 4083 681 4150 Πνεύματος
729 4086 755 4136 6
785 4084 997 4152 Πατὴρ,
1031 4085 1063 4150 ἡ
1112 4081 1367 4146 θεολογος
1406 4082 1541 4150 φησὶ
1592 4083 1773 4149 φωνή.
1825 4081 1931 4135 Τοῦ

362 4178 680 4247 Πνεύματος
715 4177 769 4230 δὲ
810 4177 1016 4245 καρποὶ
1039 4176 1309 4247 διάφοροι,
1338 4174 1483 4245 ἅπερ
1523 4174 1797 4244 ὲνέργειαί
1829 4176 1935 4227 εἱσι

363 4273 456 4324 καὶ
482 4272 763 4340 δυνάμεις.
792 4269 901 4322 Kal
932 4266 1090 4320 τοῦτο
1118 4266 1328 4329 Παῦλός
1357 4285 1545 4337 φησιν,
1574 4285 1592 4318 ι
1636 4268 1694 4320 '0
1724 4266 1939 4336 καρπὸς

362 4366 456 4420 τοῦ
490 4364 829 4436 Πνεύματος,
878 4381 895 4414 ι
933 4361 1129 4430 λέγων,
1168 4379 1186 4412 ε
1231 4359 1349 4412 ἐστι
1381 4359 1552 4430 χαρὰ,
1586 4360 1802 4428 εἰρήνη,
1834 4377 1942 4428 μα-

1950 1803 1998 1862 Β

2027 567 2124 621 per
2181 552 2445 621 Spiritum
2498 555 2660 609 datur
2720 571 2900 611 sermo
2948 556 3244 626 sapientiae,
3281 556 3371 611 alii
3423 567 3604 612 autem

2026 656 2210 699 Sermo
2236 646 2479 701 scientia:
2509 649 2805 702 secundum
2859 651 3104 704 eumdem
3133 650 3392 719 Spiritum
3431 668 3446 717 ;
3471 651 3609 703 alte-

2029 741 2070 793 ri
2107 738 2241 795 ﬁdes
2282 740 2335 793 in
2380 740 2572 794 eodem
2627 742 2831 808 Spiritu
2866 758 2880 807 ;
2912 742 3005 796 alii
3041 743 3289 812 Opt'l‘ﬂllO
3319 745 3604 807 virtutum,

2028 830 2119 885 alii
2155 831 2459 901 prophetia,
2491 833 2580 886 alii
2617 831 2879 888 discretio
2934 835 3225 903 spirituum
3263 852 3279 899 ;
3319 835 3409 887 alii
3442 850 3605 904 gene-

2027 936 2085 976 ra
2119 922 2464 991 linguarum;
2497 922 2585 976 alii
2658 924 3032 993 interpretatio
3087 940 3443 990 sermonum;
3491 923 3607 977 lu'c

2026 1024 2208 1069 autem
2249 1016 2429 1069 omnia
2460 1025 2721 1083 operatur
2750 1032 2891 1071 unus
2942 1027 3104 1087 atque
3134 1018 3277 1072 idem
3344 1016 3603 1086 Spiritus,

1976 1184 1977 1187 η
2028 1106 2272 1162 dividens
2322 1106 2553 1177 singulis
2584 1118 2747 1177 prout
2798 1108 2960 1162 vult:
3006 1128 3024 1160 ι
3068 1109 3185 1165 ideo
3224 1110 3341 1179 ipse
3387 1109 3605 1179 quidem

2029 1215 2168 1255 unus
2190 1208 2271 1255 est
2297 1243 2311 1265 ,
2352 1200 2547 1255 dividit
2575 1211 2757 1255 autem
2795 1201 3028 1269 singulis
3085 1212 3240 1272 prout
3279 1202 3412 1255 vult.
3466 1200 3610 1254 Dixit

2026 1294 2187 1349 etiam
2216 1292 2418 1346 Paulus
2452 1308 2467 1344 :
2508 1310 2525 1343 ι
2556 1291 2723 1346 Nobis
2757 1307 2885 1346 vero
2922 1309 3065 1347 unus
3115 1304 3198 1348 est
3235 1293 3375 1347 Dens
3422 1304 3474 1345 et
3505 1292 3610 1345 Pa-

2029 1394 2109 1437 ter
2151 1384 2415 1449 omnium,
2452 1400 2699 1449 uinisque
2747 1382 3005 1440 Dominus
3058 1383 3219 1439 Jcsus
3264 1384 3518 1439 Christus
3550 1401 3599 1449 ,ι

2025 1485 2078 1529 el
2109 1475 2361 1533 similiter
2390 1476 2454 1529 de
2485 1474 2690 1542 Spiritu
2725 1494 2736 1530 :
2785 1493 2803 1527 ι
2843 1475 2990 1531 Unus
3041 1486 3203 1546 atque
3253 1477 3396 1533 idem
3438 1476 3607 1545 Spiri-

2028 1582 2113 1624 tus
2142 1569 2389 1624 dividens
2420 1568 2653 1639 singulis
2680 1578 2839 1638 prout
2874 1568 3004 1623 vult.
3046 1589 3064 1621 ι

2578 1770 2810 1829 CAPUT
2861 1771 3078 1827 XXXII.

2032 1866 2233 1922 Contra
2257 1868 2499 1935 Latinos,
2533 1868 2673 1939 quod
2705 1883 2771 1923 ex
2786 1868 2917 1993 (ﬁlo
2946 1865 3108 1922 Patre
3141 1867 3376 1937 Spiritus
3430 1884 3611 1937 proce-

2826 1955 2839 1990 ι
2870 1977 2886 1993 .

2826 1947 2886 1993 ιι.

2104 2034 2258 2089 Unde
2289 2034 2645 2089 manifestum
2697 2043 2783 2089 est
2814 2047 2980 2087 unum
3016 2046 3139 2088 esse
3196 2032 3457 2101 Spiritum
3514 2033 3608 2102 qui

2031 2135 2117 2183 est
2145 2143 2174 2180 a
2214 2126 2394 2183 Patre.
2434 2127 2583 2182 Unus
2643 2136 2728 2181 est
2758 2127 2997 2196 Spiritus
3063 2126 3322 2195 quoniam
3374 2125 3443 2179 ab
3493 2127 3612 2196 ipso

2032 2219 2298 2289 procedit,
2347 2220 2572 2288 perinde
2610 2234 2675 2273 ac
2706 2234 2849 2273 unus
2874 2226 2960 2273 est
3013 2218 3274 2272 Dominus
3327 2228 3381 2273 et
3415 2219 3616 2287 Unige-

2034 2324 2121 2368 tus
2153 2313 2298 2383 quia
2332 2312 2448 2367 solo
2476 2311 2637 2367 Patre
2664 2321 2961 2383 generatur
2986 2310 3181 2367 Filius.
3216 2311 3279 2365 Et
3330 2322 3611 2380 propterea

2033 2405 2372 2476 impossibile
2421 2414 2507 2460 est
2548 2421 2716 2459 unum
2775 2415 2829 2459 et
2881 2406 3020 2459 Idem
3086 2420 3117 2460 a
3158 2405 3370 2460 duobus
3417 2405 3617 2457 habere

2031 2498 2175 2567 quod
2201 2498 2451 2566 exsistat,
2487 2499 2608 2552 ideo
2625 2510 2679 2554 et
2705 2499 3031 2569 Unigenitus
3062 2510 3205 2553 unus
3244 2504 3328 2551 est
3358 2494 3613 2565 quoniam

2032 2591 2100 2645 ab
2153 2606 2259 2645 uno
2306 2600 2619 2661 generatur.
2678 2589 3148 2658 Quemadmodum
3204 2602 3345 2643 unus
3393 2602 3457 2641 ex
3506 2600 3616 2639 uno

2032 2686 2116 2740 via
2150 2685 2542 2755 generationis,
2606 2685 2678 2739 ita
2716 2701 2858 2739 unus
2889 2684 3102 2740 divinus
3149 2682 3387 2750 Spiritus
3439 2679 3616 2733 solus-

2031 2794 2139 2848 que
2193 2794 2258 2832 ex
2320 2780 2437 2833 solo
2488 2777 2647 2832 Patre
2713 2779 2797 2831 via
2850 2776 3235 2846 processionis.
3286 2774 3467 2830 Unum
3534 2780 3618 2825 est

2030 2886 2216 2926 eorum
2248 2871 2572 2941 principium
2625 2871 2879 2941 quoniam
2902 2870 3171 2938 adipsnm
3205 2883 3326 2938 quae
3381 2867 3449 2920 ab
3497 2865 3617 2933 ipso

2032 2975 2159 3019 sunt
2188 2964 2519 3028 referuntur,
2576 2974 2633 3019 et
2686 2966 2806 3018 ideo
2863 2977 2970 3018 una
3024 2973 3107 3017 cst
3164 2968 3407 3028 potestas
3448 2972 3612 3025 quam

2034 3058 2325 3114 adoramus
2379 3058 2636 3127 quoniam
2690 3058 2755 3111 ad
2808 3072 2976 3111 unum
3033 3054 3384 3124 principium,
3422 3064 3615 3119 nempe

2041 3150 2281 3217 Patrem,
2317 3152 2410 3220 qui
2463 3152 2614 3205 solus
2648 3159 2941 3219 generatur
2970 3148 3140 3203 Filius
3166 3161 3390 3217 prorsus
3422 3146 3617 3197 immu-

2038 3244 2243 3308 tabilis,
2302 3254 2357 3298 et
2419 3245 2514 3312 qui
2573 3245 2722 3299 solus
2790 3242 3031 3312 procedit
3095 3250 3321 3295 sanctus
3380 3237 3617 3305 Spiritus

2040 3336 2267 3387 omnino
2326 3333 2530 3404 pariter
2589 3331 2947 3387 immutabilis
3025 3329 3355 3383 referuntur.
3415 3322 3616 3377 Verum

2039 3426 2286 3495 generari
2318 3435 2372 3480 et
2421 3424 2719 3495 procedere
2775 3438 2886 3477 non
2941 3430 3193 3476 naturam
3250 3418 3505 3481 ostendit,
3559 3424 3620 3466 ut

2040 3522 2193 3573 aiunt
2217 3518 2429 3585 Patres,
2460 3519 2553 3573 sed
2580 3515 2922 3571 solummodo
2951 3513 3367 3584 proprietatem;
3403 3521 3508 3562 una
3534 3516 3621 3560 est

2041 3612 2186 3667 enim
2252 3612 2428 3666 tribus
2461 3620 2651 3665 natura
2689 3609 2942 3680 personis
2993 3624 3113 3674 quae
3144 3605 3359 3676 propria
3404 3611 3615 3655 servant

2039 3706 2321 3767 idiomata,
2344 3704 2601 3774 quoniau
2625 3718 2792 3756 unum
2814 3710 2899 3756 est
2922 3700 3246 3766 principium
3270 3692 3539 3762 lluigeniti
3566 3698 3621 3745 ct

2039 3799 2384 3868 procedentis
2416 3796 2679 3865 Spiritus,
2712 3794 2922 3849 scilicet
2946 3791 3094 3846 illius
3119 3792 3300 3849 Pater,
3336 3787 3477 3841 alius
3503 3785 3623 3852 qui-

2038 3894 2161 3948 dem
2196 3890 2523 3960 principium
2555 3903 2650 3957 per
2683 3885 3011 3941 ineffabilem
3035 3892 3086 3935 et
3119 3885 3495 3947 incorpoream
3531 3892 3622 3946 ge-

2035 3986 2394 4050 nerationem,
2416 3982 2638 4036 alterius
2653 3994 2783 4034 vero
2804 3994 2899 4047 per
2915 3977 3335 4047 processionem.
3354 3969 3625 4035 Quamob-

2036 4093 2150 4131 rem
2175 4090 2279 4129 una
2303 4075 2481 4128 Deitas
2508 4074 2561 4127 in
2594 4072 2858 4125 Trinitate
2887 4077 2943 4123 et
2966 4083 3071 4121 una
3098 4064 3336 4117 Trinitas
3374 4060 3622 4114 indivisi-

2037 4170 2194 4223 bilis:
2237 4165 2512 4221 vinculum
2549 4164 2691 4217 enim
2724 4161 2841 4215 Filii
2871 4170 2925 4214 et
2952 4157 3187 4228 Spiritus
3216 4154 3394 4218 Pater,
3444 4151 3625 4219 inquit.

2040 4260 2369 4329 Theologus.
2406 4257 2641 4326 Spiritus
2679 4254 2893 4307 fructus
2947 4249 3150 4305 diversi
3190 4256 3342 4310 sunt,
3373 4244 3625 4298 videlicet

2037 4354 2384 4424 operationus
2404 4360 2458 4406 et
2490 4351 2743 4412 virtutes,
2773 4352 2915 4417 quod
2944 4346 3084 4401 dixit
3123 4343 3324 4398 Paulus
3365 4356 3379 4394 :
3419 4359 3437 4390 ‹
3480 4336 3623 4391 Fru-

363 4433 656 4529 κροθυμία,
685 4456 993 4527 χρηστότης
1034 4472 1051 4505 ι
1088 4455 1183 4507 καὶ
1237 4454 1305 4506 τὰ
1336 4452 1521 4516 λοιπὰ,
1554 4452 1590 4505 ἃ.
1623 4453 1716 4504 καὶ
1745 4453 1791 4504 οἱ
1824 4452 1932 4503 λοι-

2042 4458 2187 4512 ctns,
2215 4448 2311 4511 ait,
2343 4445 2580 4514 Spiritus
2607 4455 2687 4500 est
2724 4442 3003 4514 gaudium,
3051 4455 3177 4509 pax,
3210 4433 3622 4505 longanimitas,

364 4551 455 4602 ποὶ
492 4550 600 4601 τῶν
631 4548 945 4600 ἀποστόλων
1006 4545 1519 4615 συμμαρτυροῦσιν,
1564 4545 1821 4611 Ἰωάννης
1852 4544 1936 4596 λέ-

364 4657 495 4708 γων,
538 4657 556 4689 ι
617 4636 674 4691 '0
698 4636 751 4689 δὲ
777 4636 908 4698 Θεὸς
935 4634 1124 4703 ἀγάπη
1152 4634 1287 4687 ἐστί.
1324 4652 1341 4684 ι
1374 4635 1481 4686 Καὶ
1507 4631 1718 4696 Παῦλος
1749 4635 1933 4702 πάλιν,

370 4749 389 4781 ‹
422 4730 657 4796 Χαίρετε
695 4730 752 4780 ἐν
803 4727 1018 4795 Κυρίῳ,
1068 4743 1085 4776 ι
1123 4726 1242 4790 καὶ,
1288 4742 1305 4774 ι
1347 4723 1583 4794 Χριστός
1615 4723 1763 4775 ἐστιν
1793 4724 1826 4791 ἠ
1863 4723 1940 4774 εί-

370 4824 504 4892 ρήνη
540 4820 716 4892 ἡμῶν.
759 4821 917 4872 iKal
965 4818 1151 4886 Aa6‘v3,
1187 4835 1203 4869 t
1250 4816 1504 4886 Χρηστὸς
1552 4816 1757 4887 Κύριος
1804 4817 1939 4869 πᾶσι

365 4918 474 4979 τοῖς
505 4913 958 4982 ἐπικαλουμένοις
1005 4911 1188 4965 αὐτόν.
1232 4930 1249 4961 ι
1300 4910 1432 4974 Kal,
1475 4928 1492 4961 ι
1540 4907 1816 4961 Γεύσασθε
1848 4908 1943 4962 καὶ

368 5010 505 5060 ἴδετε
532 5010 612 5060 ὅτι
652 5005 887 5075 χρηστὸς
916 5009 943 5059 6
980 5003 1205 5074 Κύριος.
1247 5022 1264 5052 ι
1319 5003 1451 5063 Kal,
1493 5020 1510 5052 ι
1567 5000 1943 5069 Ἐξομολογεῖ-

369 5101 459 5153 σοε
498 5100 575 5169 τῷ
633 5100 842 5169 Κυρίῳ,
872 5100 955 5151 ὅτι
986 5097 1187 5162 ἀγαθὸς
1230 5097 1317 5149 διὰ
1346 5096 1444 5165 τὴν
1492 5093 1872 5162 ἀγαθωσύνην.
1917 5112 1934 5145 ι

371 5197 501 5261 Kal,
541 5212 558 5245 ι
606 5192 802 5254 Πιστὸς
842 5191 1044 5260 Κύριος
1064 5193 1120 5243 ὲν
1157 5192 1288 5244 πᾶσι
1324 5191 1435 5251 τοῖς
1478 5188 1657 5259 ἔργοις
1689 5186 1877 5241 αὑτοῦ.
1919 5204 1937 5236 ι

372 5285 479 5339 Καὶ
508 5286 535 5337 6
566 5282 779 5351 Σωτὴρ,
825 5300 841 5334 ι
876 5282 1094 5335 Mallem
1117 5282 1208 5335 ἀπ’
1236 5279 1391 5349 ἐμοῦ,
1422 5280 1503 5332 ὅτι
1534 5278 1705 5347 πρᾶός
1731 5280 1868 5345 εἰμι.
1918 5295 1936 5328 ι

371 5381 477 5431 Kal
492 5378 702 5447 καρπὸς
718 5375 810 5429 τοῦ
826 5376 1142 5443 Πνεύματίος
1165 5376 1198 5443 ἡ
1216 5374 1478 5442 πραότης.
1503 5375 1633 5439 Kal,
1670 5393 1687 5424 ι
1715 5374 1810 5436 Σὺ,
1837 5372 1946 5426 K6-

370 5488 477 5543 ριε,
515 5490 534 5522 ι
566 5473 592 5523 6
614 5471 776 5524 Aa6l6
807 5470 967 5523 πάλιν
984 5472 1135 5539 φησὶ,
1171 5488 1187 5520 ι
1237 5469 1587 5539 μακρόουμος
1619 5469 1713 5521 καὶ
1752 5468 1940 5521 πολυέο

373 5566 512 5627 λεος.
550 5583 568 5615 ι
614 5565 742 5630 Kal,
781 5582 799 5615 ι
847 5566 1001 5617 Ὅσοι
1030 5565 1328 5631 “Πνεύματι
1359 5560 1497 5615 Θεοῦ
1527 5562 1774 5629 ἄγονται,
1804 5555 1947 5615 οὗτοί

374 5656 509 5708 εἰσιν
538 5656 646 5709 υἱοὶ
682 5656 839 5723 Θεοῦ,
878 5675 895 5709 ι
938 5656 1024 5708 διὰ
1058 5659 1156 5726 τὴν
1191 5658 1541 5723 ἐγκράτειαν.
1578 5654 1742 5705 Ὥστε
1777 5655 1869 5706 καὶ
1898 5654 1948 5705 οἱ

378 5749 581 5816 καρποὶ
610 5748 703 5800 τοῦ
734 5748 1048 5818 Πνεύματος
1076 5750 1133 5801 ὲν
1174 5749 1252 5817 τῷ
1284 5748 1460 5816 Πατρὶ
1489 5745 1823 5816 θεωροῦνται
1854 5748 1948 5800 καὶ

378 5841 455 5908 τῷ
486 5837 618 5909 Υίῷ.
648 5842 754 5895 Kal
785 5842 817 5911 ἡ
854 5842 1095 5897 υξοτὶεσία
1127 5843 1256 5912 ἡμῖν
1284 5843 1342 5893 ἑν
1388 5838 1663 5907 Πνεύματι
1705 5838 1933 5908 γίνεται,

2042 4542 2356 4611 benignitas
2384 4550 2438 4595 et
2486 4547 2709 4604 caetera,
2751 4557 2770 4590 ι
2808 4552 2930 4605 qua:
2958 4534 3136 4590 czeteri
3174 4536 3449 4585 testantur
3492 4540 3623 4592 apo-

2042 4637 2164 4692 stoli
2188 4653 2203 4702 ;
2231 4634 2467 4690 Joannes
2495 4633 2661 4688 dicit:
2697 4650 2715 4683 ι
2748 4632 2890 4685 Deus
2922 4638 3003 4682 est
3032 4627 3310 4691 Charitas;
3345 4632 3398 4678 ct
3424 4622 3629 4675 Paulus.

2044 4731 2238 4785 iterum
2270 4746 2283 4781 :
2323 4746 2343 4779 ‹
2373 4727 2619 4782 Gaudete
2654 4724 2707 4778 in
2751 4722 3001 4784 Domino,
3036 4739 3054 4772 ι
3092 4728 3168 4786 et,
3223 4737 3242 4771 ι
3268 4718 3521 4773 Christus
3537 4722 3625 4771 est

2045 4840 2147 4895 pax
2172 4832 2357 4878 nostra
2392 4839 2408 4886 ;
2437 4839 2456 4873 ι
2486 4819 2652 4873 David
2678 4826 2861 4872 autem
2912 4833 2926 4869 :
2961 4832 2978 4865 ι
3020 4813 3205 4893 [Bonus
3244 4820 3326 4866 est
3362 4810 3622 4864 Dominus

2045 4916 2300 4971 omnibus
2339 4911 2718 4968 invocantibus
2770 4924 2942 4972 eum;
2982 4925 3000 4957 ι
3070 4913 3174 4960 et:
3218 4921 3237 4955 ι
3289 4900 3515 4956 Gustate
3567 4906 3625 4953 et

2046 5011 2223 5064 videte
2270 5007 2529 5076 quoniam
2566 5004 2750 5059 suavis
2766 5014 2847 5056 est
2879 4998 3141 5053 Dominus
3168 5014 3213 5061 ς»
3247 5004 3302 5049 et
3333 5011 3347 5047 :
3391 5012 3408 5044 ι
3440 4992 3623 5046 Conti-

2052 5101 2239 5157 tentini
2271 5100 2501 5154 Domino
2525 5097 2784 5166 quoniam
2818 5095 2995 5148 bonus
3058 5084 3278 5160 propter
3319 5086 3620 5157 benignita-

2050 5206 2192 5258 tem;
2233 5213 2252 5245 ι
2288 5202 2341 5247 et
2374 5209 2389 5249 :
2424 5211 2440 5245 ι
2475 5190 2678 5244 Fidelis
2701 5197 2782 5243 est
2834 5185 3092 5241 Dominus
3124 5184 3176 5235 in
3208 5181 3461 5235 omnibus
3492 5193 3625 5244 ope-

2049 5290 2200 5342 rbus
2228 5285 2378 5351 suis;
2412 5303 2430 5336 ι
2477 5283 2737 5338 Dominus
2791 5296 2919 5335 vero
2972 5278 3219 5333 Salvator
3255 5294 3269 5332 :
3308 5294 3325 5326 ι
3358 5275 3559 5330 Discite
3587 5286 3621 5324 a

2052 5394 2135 5434 me
2169 5378 2293 5448 quia
2328 5377 2475 5432 mitis
2510 5392 2631 5432 sum
2667 5382 2721 5430 et
2769 5373 2987 5429 humilis
3023 5371 3219 5436 corde;
3262 5390 3277 5422 ι
3311 5384 3472 5437 porro
3499 5367 3623 5436 Spi-

2051 5474 2188 5527 ritus
2221 5471 2431 5525 l‘rut-tus
2455 5468 2849 5532 mansuetudo;
2882 5477 2936 5522 et
2977 5486 2991 5521 :
3031 5486 3047 5518 ι
3077 5464 3179 5529 Tu,
3213 5464 3458 5528 Domine,
3496 5478 3623 5514 rur-

2050 5578 2143 5617 sus
2178 5561 2254 5614 ait
2296 5559 2486 5623 David,
2548 5558 2874 5627 longanimis
2922 5566 2977 5609 et
3029 5554 3377 5613 misericors;
3428 5569 3448 5602 ›
3506 5560 3561 5603 et
3602 5566 3621 5605 ι

2057 5673 2076 5705 ε
2102 5654 2422 5720 Quicunque
2451 5648 2655 5719 Spiritu
2712 5648 2802 5702 Dei
2824 5658 3077 5718 agrtntur,
3106 5647 3140 5700 ii
3164 5652 3290 5698 sunt
3319 5643 3410 5696 tilii
3445 5640 3562 5699 Dei.
3595 5657 3617 5691 ι

2056 5762 2247 5815 nempe
2271 5753 2493 5812 prOpter
2530 5744 2963 5809 temperantiam.
2997 5738 3469 5806 Quemadmodum
3502 5734 3621 5787 fru-

2050 5851 2169 5895 ctus
2198 5838 2433 5908 Spiritus
2463 5839 2514 5889 In
2574 5834 2732 5890 Patre
2772 5845 2823 5889 ct
2862 5833 2996 5889 l’dio
3043 5829 3315 5899 videntur,
3355 5830 3429 5885 ita
3478 5828 3621 5884 tilio-
