4038 6440
1377 126 1439 169 δ

440 316 544 382 L59
1274 332 1655 395 SYMEONIS
1691 337 2456 404 THESSALONICENSIS
2486 346 2857 408 ARCHIEP.
3596 366 3693 429 160

436 452 558 490 rum
589 440 808 509 adoptio
849 443 1007 499 nobis
1067 446 1118 507 in
1178 447 1379 519 Spiritu
1431 452 1575 508 facta
1620 464 1726 521 est,
1761 457 2015 527 quoniam

2122 460 2207 514 ὅτι
2235 463 2329 515 xal
2358 464 2518 518 κοινά
2547 467 2618 520 τά
2651 469 2970 538 χαρίσματα
3004 470 3105 541 τῆς
3146 472 3401 542 Τριάδος.
3445 474 3695 534 ’Ὅτικαὶ

437 533 743 585 Communia
773 543 897 588 sunt
940 535 1225 596 Trinitatis
1272 543 1626 609 charismata,
1676 564 1895 618 unaque
1939 560 2015 605 est

2129 552 2232 620 μία
2273 554 2503 625 δύναμις
2554 533 2949 632 καὶ-*ἐνέργεια
2988 533 3086 630 τῆς
3120 533 3376 634 nisi“:
3408 569 3501 622 Διά
3547 571 3697 625 τοῦτο

440 630 701 689 potestas,
744 641 848 680 una
898 628 1187 687 Trinitatis
1228 638 1497 705 operatio.
1555 640 1847 710 Propterea
1875 647 2015 703 athei

2127 644 2277 700 ἄθεοι
2306 648 2355 699 oi
2387 648 2463 720 μὴ
2491 650 2588 713 τάς
2625 628 2907 721 ἐνεργείας
2942 628 3259 723 δοξάζοντες
3286 658 3394 728 τῆς
3435 660 3656 732 τριάδος
3677 680 3693 697 ο

439 726 568 766 sunt
598 716 689 783 qui
727 717 1017 777 Trinitatis
1044 728 1388 793 operationes
1442 746 1552 786 non
1586 734 1892 801 celebrant,
1937 740 2015 793 vel

2125 736 2159 808 ἢ
2185 716 2578 807 ὁμολογοῦντες
2613 716 2735 812 μὲν,
2763 716 3042 817 itala—para
3069 716 3126 802 δὲ
3158 716 3691 820 ταύτας-καλοῦντες.

439 806 768 863 conﬁtentur
799 813 1045 880 quidem,
1070 828 1353 874 creaturas
1376 831 1556 878 autem
1585 842 1679 881 eas
1726 830 2015 899 appellant.

2126 806 2191 886 liii
2239 835 2353 902 γὰρ.
2383 838 2440 889 ὲν
2469 806 2943 908 ἡμῖν-κτίσματα,
2979 842 3032 895 τί
3064 806 3552 917 περισσὸν-ἔχομεν
3579 865 3602 915 ;·
3636 806 3693 903 ἐξ

440 898 573 954 Nam
602 903 647 957 si
672 904 775 958 illae
806 906 860 959 in
911 909 1069 966 nobis
1117 922 1242 966 sunt
1278 928 1563 983 creaturae,
1602 922 1730 990 quid
1763 934 1872 981 tam
1904 914 2015 986 exi-

2124 923 2181 978 δέ
2214 898 2276 994 γε
2307 898 2468 996 ερύσιν
2491 898 2710 1000 ⁷ίχομεν
2737 898 2898 997 Θεοῦ,
2922 898 2997 999 dt;
3025 898 3173 990 οὗτοι
3199 898 3698 1007 ληροῦέιῖθεούπό-

440 994 610 1048 mium
642 996 1027 1057 habemus?Si
1085 1021 1216 1063 vero
1277 1020 1527 1067 naturam
1574 1016 1680 1072 Dei
1736 1019 2015 1090 habemus,

2130 994 2326 1071 arator
2342 1022 2434 1073 καὶ
2459 1024 2491 1090 ἠ
2504 994 2625 1089 “Et;
2649 994 2893 1095 ἐσόμεθα
2910 994 3211 1099 ἅνθρωποι.
3242 994 3337 1085 ,ὶὶιι
3355 994 3695 1102 θεάνθρωποι

442 1089 596 1144 ntilli
633 1089 890 1158 delirant,
930 1096 1094 1165 igitur
1125 1116 1222 1155 nos
1282 1097 1495 1175 quoque
1524 1109 1775 1167 homines
1807 1114 1858 1167 in
1895 1089 2015 1181 per;

2126 1107 2279 1163 ἄλλοι
2308 1111 2382 1175 ὡς
2416 1113 2444 1164 6
2472 1089 2729 1182 Χριστὸς,
2748 1089 2759 1095 ⁷
2781 1118 2874 1169 καὶ
2908 1118 2968 1170 ού
3016 1089 3191 1190 ’χάριν
3238 1120 3472 1191 ἔχοντες,
3499 1089 3632 1175 ἀλλὰ
3662 1123 3693 1194 ἦ

440 1194 572 1233 sona
605 1180 699 1236 Dei
732 1186 958 1254 erimus,
990 1190 1189 1259 aliique
1248 1195 1631 1268 Dii-lmmines,
1669 1204 1812 1259 sicut
1865 1208 2015 1264 Chri-

2126 1200 2226 1271 τὴν
2251 1203 2551 1260 ὑπόστασιν
2576 1205 2672 1260 τοῦ
2705 1208 2858 1276 Υίοῦ,
2887 1209 2919 1279 ἢ
2953 1210 3046 1265 τοῦ
3078 1214 3314 1280 Πατρδς.
3341 1217 3374 1284 ἢ
3405 1214 3501 1267 τοῦ
3531 1214 3694 1291 "vgi-

438 1282 714 1337 sttts,non
775 1282 1007 1348 gratiam
1067 1285 1332 1342 habentes
1366 1293 1460 1347 sed
1521 1310 1808 1363 personam
1874 1300 2015 1364 Filii,

2130 1311 2321 1360 ματος.
2355 1296 2464 1349 Kal
2496 1298 2549 1351 τί
2576 1298 2646 1353 ἂν
2675 1300 2806 1354 ἄλλο
2838 1304 3022 1370 χεῖρον
3050 1303 3148 1373 τῆς
3196 1282 3544 1375 βλασιρπιμίας
3573 1282 3697 1358 ταύ-

438 1365 523 1418 vol
546 1365 723 1423 Patris
753 1382 847 1425 aut
883 1373 1158 1444 Spiritus;
1198 1383 1328 1450 qttid
1360 1395 1541 1440 autent
1584 1389 1740 1459 pejus
1773 1393 1876 1448 hac
1908 1395 2015 1451 bla‘

2127 1404 2227 1456 της
2253 1390 2466 1454 γένοιτό
2497 1409 2627 1445 ποτε
2654 1410 2669 1461 ;
2694 1395 2756 1447 Ei
2786 1365 3081 1466 sta-imm
3236 1365 3451 1461 horai;
3488 1365 3695 1469 ἔχομεν,

438 1460 682 1528 Spltemia
710 1468 1008 1535 excogitari
1052 1477 1272 1539 potest?
1300 1476 1356 1531 Si
1408 1492 1591 1537 autem
1627 1498 1933 1545 creaturam
1968 1494 2015 1547 in

2127 1478 2262 1532 Θεδν
2287 1481 2386 1534 οὐκ
2417 1483 2614 1553 ἔχομεν
2659 1488 2790 1556 ἄρα.
2833 1489 2943 1541 και
2978 1460 3096 1552 eis;
3145 1491 3264 1556 μεθ’
3295 1492 3453 1560 ἡμῶν
3479 1460 3696 1561 δ’ὸὲόςξ

439 1554 593 1609 nobis
626 1556 911 1628 habemus,
950 1562 1117 1620 Deum
1153 1583 1286 1639 ergo
1339 1588 1447 1627 non
1485 1575 1757 1634 habemus
1786 1600 1800 1643 :
1830 1598 2015 1639 verum

2127 1572 2236 1625 Kal
2268 1573 2385 1636 πῶς
2423 1574 2484 1628 τὸ
2514 1554 2743 1646 Πνεῦμα
2773 1579 2833 1632 τὸ
2861 1580 2925 1633 ὲκ
2955 1580 3049 1634 τοῦ
3081 1554 3216 1634 Θεοῦ
3265 1554 3568 1652 ἑλάϐομεν;
3597 1554 3699 1639 Kal

408 1644 713 1713 ‘quontodo
740 1652 1024 1709 nobiscum
1056 1660 1238 1715 licus?
1294 1663 1575 1729 Quomodo
1609 1670 1871 1739 Spiritum
1926 1679 2015 1747 qtti

2128 1663 2247 1728 πῶς
2280 1665 2506 1737 Πνεῦμα
2535 1644 2776 1738 Χριστοῦ
2803 1671 3003 1742 ἔχομεν
3031 1690 3046 1741 ;
3084 1675 3196 1727 Kal
3225 1675 3344 1738 πῶς
3373 1644 3470 1746 τὴν
3497 1644 3699 1748 δωρεάν

439 1755 504 1793 ex
535 1741 642 1796 Deo
664 1753 745 1797 est
770 1751 1129 1816 accepimus?
1157 1752 1442 1819 Quomodo
1498 1760 1757 1827 Spiritum
1813 1741 2015 1825 Christi

2125 1753 2220 1807 τοῦ
2255 1756 2577 1826 Πνεύματος
2602 1760 2871 1832 ἐλάϐομεν
2896 1780 2912 1831 ;
2938 1765 3051 1818 Kal
3102 1764 3189 1828 τίς
3220 1767 3254 1836 ἡ
3282 1741 3588 1836 ἐπαγγελία
3611 1769 3701 1824 τοῦ

438 1829 754 1904 habemus?
783 1842 1060 1906 quomodo
1108 1844 1310 1902 donum
1377 1850 1617 1918 Spiritus
1663 1860 2015 1931 accepimus?

2124 1846 2445 1917 Πνεύματος
2475 1852 2534 1904 ὲν
2576 1854 2710 1922 ἡμῖν
2738 1829 2911 1921 {Kal
2974 1855 3105 1910 ποία
3159 1859 3195 1929 ἡ
3240 1829 3548 1916 ἐπελθοῦσα
3594 1863 3700 1926 τοῖς

438 1928 728 1992 Quodnam
748 1946 832 1986 εει
851 1935 1180 2001 promissum
1206 1939 1446 2008 Spiritus
1469 1946 1522 1999 in
1551 1948 1741 2004 nobis?
1766 1928 2015 2021 quaenam

2122 1938 2447 2006 ἀποστόλοις
2477 1943 2537 2011 ἐξ
2574 1944 2743 2016 ὕψους
2797 1948 3069 2019 δύναμις;
3103 1928 3214 2005 Kal
3262 1953 3317 2006 τί
3369 1955 3431 2007 τὸ
3482 1954 3699 2024 Πνεῦμα

437 2019 615 2075 virtus
654 2036 717 2076 ex
749 2023 861 2079 alto
892 2029 1147 2094 apostolis
1193 2036 1544 2101 supervenit?
1594 2041 1735 2106 Quid
1784 2019 2015 2113 Spiritus

2121 2033 2184 2086 τὺ
2206 2033 2366 2101 ἅγιον
2396 2037 2458 2091 τδ
2491 2038 2719 2094 ἐπελθὸν
2740 2040 2818 2110 τῷ
2844 2043 3134 2116 Κορνηλίῳ
3160 2046 3393 2111 καὶτοῖς
3415 2048 3514 2102 σὺν
3532 2019 3696 2119 αὖτ’ᾦὶ

438 2116 665 2170 sanctus
690 2113 950 2172 Cornelio
976 2120 1202 2190 ejusque
1225 2125 1391 2181 sociis
1423 2134 1848 2197 superveniens?
1877 2137 2015 2205 Quid

2122 2123 2283 2179 Ποῖον
2303 2125 2404 2180 δὲδ
2428 2127 2738 2197 ὲλάμϐανον
2769 2133 2820 2185 oi
2855 2113 3251 2203 βαπτισθέντες
3277 2138 3386 2193 ὑπὸ
3409 2113 3694 2207 Φιλίππους

439 2219 772 2277 acceperunt
799 2211 898 2265 Viri
931 2228 961 2267 a
996 2213 1245 2285 Philippo
1267 2218 1560 2290 baptizati,
1592 2224 1754 2282 Petro
1775 2239 1828 2283 et
1856 2230 2021 2289 Joan-

436 2311 508 2350 ne
530 2315 726 2355 manus
755 2304 1306 2371 cisimponentibus?
1355 2313 1495 2381 Quid
1548 2333 1878 2393 acceperunt
1917 2326 2015 2382 viri

437 2405 466 2442 a
504 2389 675 2447 Paulo
709 2394 988 2464 baptizati,
1019 2402 1107 2468 qui
1132 2402 1282 2471 prius
1320 2421 1420 2461 nec
1480 2389 1727 2467 sciebant
1778 2431 1878 2473 nec
1920 2434 2020 2473 au-

437 2481 689 2538 diverant
716 2485 760 2539 si
797 2497 880 2542 est
904 2486 1144 2558 Spiritus
1193 2499 1458 2552 sanctus?
1488 2500 1624 2566 Quid
1670 2508 2018 2571 operationes

437 2572 747 2631 virtutum?
793 2578 922 2647 quid
979 2584 1168 2651 gratiae
1215 2588 1557 2647 sanitatum?
1606 2595 1735 2663 quid
1788 2600 2017 2657 meliora

433 2666 1091 2738 charismata?Quaeuam
1122 2676 1349 2749 insuper
1403 2685 1578 2753 gratia
1637 2688 1850 2746 Domini
1916 2709 2016 2748 no—

433 2757 532 2812 stri
556 2756 689 2815 Jesu
719 2762 962 2819 Christi?
989 2765 1124 2832 Quid
1158 2770 1329 2853 illud:
1373 2793 1391 2824 ι
1423 2773 1607 2833 Gratia
1661 2782 1815 2839 vobis
1845 2800 1875 2840 a
1906 2784 2018 2841 Deo

432 2851 593 2905 Patre
614 2862 669 2906 et
695 2852 925 2911 Domino
956 2857 1082 2913 Jesu
1137 2851 1400 2919 Christo?
1440 2888 1458 2920 ι
1510 2869 1695 2936 Quare
1724 2875 2018 2933 invocatur

2124 2217 2488 2272 ἔπιτιθὲντων
2518 2220 2615 2284 τὰς
2645 2224 2837 2294 χεῖρας
2865 2226 3052 2289 αὐτοῖς
3073 2227 3284 2298 Πέτρου
3310 2233 3409 2284 καὶ
3428 2233 3695 2299 Ἰωάννου;

2122 2306 2282 2360 Ποῖον
2326 2308 2383 2362 δὲ
2433 2308 2463 2363 δ
2516 2310 2710 2365 ἔλαϐον
2761 2314 2811 2366 οἱ
2860 2312 3251 2383 βαπτισθέντες
3301 2318 3412 2372 ὑπὸ
3464 2306 3692 2382 Παύλου,

2123 2400 2390 2470 πρότερον
2426 2401 2501 2469 μὴ
2541 2403 2745 2468 εἰδότες
2797 2406 2830 2474 ἢ
2883 2408 3184 2477 ἀκηκοότες
3212 2410 3261 2463 εί
3314 2410 3434 2465 ἔστι
3482 2410 3696 2477 Πνεῦμα

2121 2493 2281 2561 ἆγιον
2312 2511 2328 2563 ;
2361 2496 2428 2548 Τί
2464 2497 2533 2550 τὰ
2566 2499 2924 2568 ἐνεργήματα
2953 2500 3062 2554 τῶν
3092 2503 3384 2573 δυνάμεων
3409 2522 3425 2575 ;
3453 2507 3520 2559 τὰ
3548 2506 3698 2576 χαρί-

2122 2603 2311 2655 σματα
2339 2588 2448 2643 τῶν
2481 2590 2730 2661 ἰαμάτων
2759 2604 2774 2659 ;
2802 2590 2872 2645 τὰ
2923 2593 3245 2664 χαρίσματα
3276 2597 3347 2651 τὰ
3376 2599 3693 2668 κρείττονα;

2119 2677 2212 2735 Τίς
2247 2679 2304 2731 δὲ
2340 2681 2373 2750 ή
2421 2679 2584 2750 χάρις
2626 2681 2723 2736 τοῦ
2771 2684 2980 2755 Κυρίου
3012 2686 3175 2756 ἡμῶν
3203 2687 3388 2758 Ἰησου
3421 2685 3693 2760 Χριστοῦ;

2120 2775 2213 2825 καὶ
2237 2773 2319 2839 τὸ,
2352 2792 2373 2824 ι
2414 2774 2593 2843 Χάρις
2622 2775 2752 2846 ὑμῖν
2778 2776 2863 2847 εἴη
2890 2777 2999 2831 ἀπὸ
3027 2778 3166 2833 Θεοῦ
3200 2781 3445 2851 Πατρδς,
3482 2783 3575 2838 καὶ
3598 2783 3700 2837 Ku-

2123 2864 2240 2932 ρίου
2288 2852 2469 2936 ’Ῑήσοῦ
2518 2868 2804 2937 Χριστοῦς
2845 2889 2863 2923 ι
2896 2870 3053 2925 Διατί
3085 2873 3142 2927 δι
3177 2874 3209 2943 ἠ
3260 2875 3558 2944 ἐπίκλησις
3605 2874 3701 2942 τῆς

433 2940 616 2999 divina
641 2947 815 3015 gratia
845 2951 1063 3019 quando
1096 2953 1231 3022 ﬁunt
1278 2958 1654 3020 ordinationes
1674 2964 1700 3018 ἲ
1733 2966 2013 3040 Numquid

2120 2958 2273 3023 θείας
2300 2963 2525 3031 χάριτος
2556 2964 2765 3029 γίνεται
2815 2969 2874 3019 ἐν
2925 2967 3052 3028 ταῖς
3091 2940 3421 3035 γινομέναις
3457 2940 3701 3041 -χειροτο⁹

434 3035 584 3091 insni
649 3054 813 3094 sensu
861 3040 1065 3099 dicitur
1126 3050 1346 3115 gratia?
1399 3051 1584 3110 Proltl
1638 3035 1913 3115 fallaciam
1963 3074 2015 3118 et

2120 3054 2259 3115 νίαις
2291 3070 2306 3121 ;
2333 3050 2483 3125 'Apa
2513 3058 2595 3119 εἰς
2624 3058 2782 3111 κενὸν
2812 3059 3033 3127 λέγεται
3065 3077 3080 3128 ;
3105 3060 3212 3115 Φεῦ
3238 3064 3334 3132 τῆς
3376 3035 3588 3131 ἀπάτης
3616 3059 3704 3115 καὶ

432 3131 834 3200 blasphemiam
866 3150 1054 3192 eorum
1108 3143 1199 3208 qui
1244 3142 1363 3197 sine
1407 3145 1578 3213 gratia
1630 3150 1864 3219 gratiam
1920 3153 2011 3209 Dei

2122 3143 2477 3216 βλασφημίας
2521 3146 2632 3199 τῶν
2680 3149 2826 3202 κατά
2877 3149 2977 3219 τῆς
3023 3127 3250 3220 χάριτος
3281 3127 3387 3207 τοῦ
3424 3127 3558 3205 Θεοῦ
3588 3149 3704 3219 δίχα

433 3227 854 3293 aggrediuntur!
881 3229 1022 3297 Quid
1045 3241 1228 3289 autem
1274 3235 1473 3291 donum
1525 3242 1698 3295 sancti
1736 3243 2017 3313 Spiritus?

326 3380 333 3395 _
432 3320 715 3389 Numquid
769 3333 967 3381 natura
999 3327 1052 3381 in
1112 3330 1287 3386 tribus
1309 3334 1608 3401 personis?
1638 3335 2013 3409 Nequaquam,

435 3422 688 3465 naturant
716 3414 861 3468 enim
892 3416 983 3469 Dei
1013 3431 1174 3473 nemo
1229 3423 1482 3493 suscipit.
1510 3422 1794 3496 Numquid
1843 3432 2016 3502 igitur

433 3504 731 3559 creatura?
769 3509 865 3562 sed
895 3514 1170 3577 quomodo
1197 3514 1366 3569 Deum
1416 3518 1474 3572 in
1512 3520 1670 3574 nobis
1703 3523 2017 3580 habemus?

434 3597 715 3663 quomodo
770 3600 1048 3658 Christum
1110 3610 1450 3676 portamus?
1514 3614 1793 3682 quomodo
1842 3614 2016 3687 Spiri-

330 3712 337 3721 ν
438 3702 549 3744 tum
586 3704 836 3749 sanctum
872 3696 924 3749 in
959 3698 1221 3755 cordibus
1262 3717 1391 3758 vere
1449 3707 1804 3776 accepimus?
1846 3709 2017 3766 Idcir-

433 3779 808 3842 co‘Trinitatis
833 3795 920 3842 est
949 3789 1002 3842 in
1032 3791 1190 3846 nobis
1214 3795 1388 3857 gratia
1437 3811 1545 3871 qu-a
1593 3799 1754 3857 nobis
1779 3817 1807 3857 a
1850 3802 2015 3860 Patre

432 3887 531 3941 per
560 3874 761 3930 Filium
812 3878 1161 3935 incarnatum
1211 3884 1264 3937 in
1312 3895 1508 3942 sancto
1555 3889 1763 3959 Spiritu
1810 3893 2014 3963 imper-

433 3966 590 4022 titur.
622 3966 748 4024 Ideo
785 3971 902 4040 ipsa
927 3973 981 4027 in
1023 3974 1188 4030 nobis
1215 3976 1436 4034 diverso
1492 3982 1658 4038 modo
1709 3995 2011 4054 operatur;

431 4068 486 4111 et
546 4059 713 4115 alium
776 4063 998 4131 quidem
1065 4068 1374 4126 sanctiﬁcat
1422 4080 1477 4128 et
1526 4089 1626 4141 per
1676 4075 2011 4145 baptismum

330 4178 337 4191 π
433 4144 744 4221 regenerat,
772 4154 940 4210 alium
969 4171 1103 4213 vero
1160 4162 1318 4230 ungit
1365 4170 1421 4218 et
1469 4165 1723 4237 obsignat
1770 4186 1869 4240 per
1905 4189 2013 4229 un-

433 4253 715 4308 guentum,
763 4247 995 4303 alterum
1047 4261 1228 4306 autem
1271 4255 1491 4312 ordinat
1540 4263 1901 4329 sacerdotem,
1960 4276 2014 4321 ct

434 4336 581 4391 hunc
626 4339 788 4392 etiam
847 4341 1062 4398 diversa
1105 4345 1358 4402 ratione:
1411 4349 1500 4404 hic
1533 4352 1753 4422 quident
1809 4359 2012 4413 consti-

435 4427 607 4482 tuitur
655 4428 828 4485 lcctor
872 4434 1095 4503 populo,
1133 4435 1223 4491 ille
1274 4452 1403 4495 vero
1431 4441 1821 4511 subdiaconus,
1871 4447 2011 4502 alius

433 4531 614 4577 autem
670 4524 964 4589 diaconus,
1033 4529 1294 4585 sacerdos
1349 4532 1509 4599 alter,
1567 4536 1709 4590 alter
1774 4538 2015 4609 denique

433 4615 720 4683 pontifex;
786 4624 841 4672 ct
898 4634 1043 4675 unus
1111 4622 1331 4691 quidem
1385 4634 1472 4681 est
1516 4629 1823 4697 apostolus,
1877 4631 2018 4687 alius

433 4715 616 4763 autem
674 4710 964 4779 propheta,
1005 4712 1151 4770 alius
1190 4714 1405 4785 doctor,
1467 4718 1721 4791 aliusque
1785 4723 2019 4780 virtutes

431 4800 518 4855 viel
565 4802 769 4870 gratias
837 4804 1136 4874 sanitatum
1193 4806 1427 4873 habens,
1456 4820 1512 4866 et
1542 4822 1763 4868 caetera.
1800 4816 1888 4869 ‘Et
1925 4816 2015 4871 alii

433 4893 655 4960 quidem
686 4909 782 4966 per
818 4894 1086 4965 Spiritum
1127 4899 1294 4955 datur
1329 4916 1517 4959 sermo
1579 4906 1884 4975 sapientiae,
1924 4908 2014 4962 alii

434 5000 564 5040 vero
588 4994 771 5043 sermo
798 4989 1043 5045 scientia:
1074 4993 1378 5048 secundum
1436 4997 1689 5050 eumdem
1725 4997 2014 5067 Spiritum,

432 5090 491 5133 et
516 5088 714 5133 caetera
738 5088 799 5134 ut
823 5080 1081 5139 diximus.
1107 5082 1264 5137 Unde
1286 5087 1339 5139 in
1366 5086 1525 5142 nobis
1558 5102 1670 5141 non
1727 5100 1809 5143 est
1835 5106 2018 5160 persoo

434 5186 502 5225 na
533 5170 796 5241 Spiritus,
825 5174 919 5227 sed
951 5174 1007 5228 in
1046 5175 1253 5245 Spiritu
1314 5181 1627 5235 communis
1677 5184 1849 5247 gratia
1893 5183 2016 5239 Tri-

436 5262 623 5317 nitatis
676 5274 731 5319 et
783 5266 1014 5323 diversae
1065 5271 1443 5339 operationes.
1504 5272 1631 5327 ideo
1681 5290 1863 5344 neque
1915 5277 2010 5346 qui

433 5356 764 5426 baptismum
844 5359 1077 5429 suscipit
1131 5361 1320 5415 statim
1382 5365 1700 5420 sacerdotio
1754 5368 2013 5435 donatur,

436 5464 617 5520 neque
649 5450 918 5506 diaconus
973 5450 1151 5508 factus
1200 5456 1526 5527 presbyterii
1571 5468 1898 5528 potestatem
1925 5477 2015 5516 ac-

434 5542 589 5611 cipit,
650 5558 834 5612 neque
884 5544 1172 5616 presbyter
1209 5548 1498 5602 ordinatus
1553 5553 1792 5623 episcopi
1840 5556 2013 5624 gratia

433 5634 757 5697 adornatur,
787 5635 880 5689 sed
917 5634 1150 5704 quisque
1180 5653 1342 5693 suum
1373 5640 1595 5709 accipit,
1643 5653 1697 5698 et
1725 5646 1865 5698 alius
1896 5646 2016 5713 qui-

434 5725 558 5778 dem
591 5725 813 5791 minori,
859 5726 1002 5781 alius
1053 5743 1181 5782 rem
1236 5730 1430 5799 majori
1487 5733 1692 5789 virtute
1756 5738 2016 5803 praeditus

436 5824 544 5872 cst.
601 5816 876 5873 Diaconos
935 5818 1157 5888 quidem
1225 5822 1523 5894 ministrat,
1588 5828 1845 5884 sacerdos
1892 5844 2018 5885 vero

2124 3241 2349 3309 χάριτος
2370 3239 2706 3310 κινουμένων
2733 3241 2746 3295 ι
2773 3240 2870 3304 Τίς
2894 3240 3001 3312 δὶή
3027 3242 3208 3312 δωρεά
3228 3241 3323 3296 τοῦ
3353 3245 3517 3312 ἁγίου
3545 3240 3706 3297 Πνεύ-

2127 3348 2333 3401 parm;
2365 3328 2516 3403 Ἀρα
2549 3335 2583 3405 ἡ
2617 3334 3055 3405 τρισυπόστατος
3080 3336 3244 3406 φύσις
3270 3352 3285 3405 ;
3316 3339 3608 3410 Οὐδαμῶς.
3634 3335 3704 3390 Οὐ

2123 3426 2232 3497 γὰρ
2265 3425 2402 3481 Θεοῦ
2431 3427 2594 3496 φύσιν
2622 3446 2708 3492 τις
2735 3428 3083 3499 ὑποδέχεται.
3117 3431 3230 3487 Kal
3261 3430 3462 3486 λοιπὸν
3485 3433 3706 3501 κτίσμα;

2123 3520 2235 3573 Kal
2283 3519 2402 3580 πῶς
2433 3519 2525 3574 τὸν
2572 3520 2705 3574 Θεὸν
2760 3523 2820 3573 ὲν
2872 3523 3008 3591 ἡμῖν
3042 3521 3239 3593 ἔχομεν
3272 3539 3288 3591 ;
3323 3524 3447 3578 Kal
3480 3522 3595 3587 πῶς
3623 3523 3708 3574 τὸν

2123 3613 2360 3681 Χριστὸν
2395 3614 2674 3684 φοροῦμεν
2705 3628 2720 3681 ;
2755 3616 2865 3669 Kal
2902 3614 3019 3678 πῶς
3070 3617 3133 3669 τὸ
3184 3614 3426 3685 Πνεῦμα
3468 3619 3529 3671 τὸ
3560 3615 3710 3683 ἅγιον

2122 3706 2179 3758 ὲν
2210 3706 2331 3768 ταῖς
2357 3707 2610 3775 καρδὲαις
2633 3705 2904 3774 ἐλάϐομεν
2936 3706 3153 3769 άληθῶς
3183 3721 3199 3775 ;
3230 3708 3387 3773 Ἀρσε
3415 3709 3574 3779 χάρις
3599 3706 3710 3759 ἐστὶ

2120 3799 2223 3867 τῆς
2253 3800 2489 3869 Τριάδος
2523 3801 2580 3852 ἓν
2612 3800 2768 3871 ἡμῖν.
2799 3800 2909 3854 Kal
2940 3803 3265 3872 χορηγεῖται
3298 3801 3450 3873 αῦτη
3488 3806 3620 3874 ἡμῖν
3647 3804 3709 3855 ἐκ

2120 3891 2215 3943 τοῦ
2246 3892 2461 3960 Πατρδς
2482 3892 2573 3946 διὰ
2594 3891 2690 3945 τοῦ
2721 3893 2845 3946 Υἱοῦ
2873 3894 3256 3963 σαρκωθέντος
3284 3897 3343 3949 ἐν
3366 3898 3510 3969 ἁγίῳ
3539 3894 3704 3951 Πνεύ-

2124 4000 2279 4052 ματι.
2331 3984 2432 4036 Διά.
2489 3982 2649 4037 τοῦτο
2694 3985 2792 4039 καὶ
2821 3984 3094 4054 διαφόρως
3124 3987 3183 4039 ὲν
3208 3988 3346 4058 ἡμῖν
3380 3989 3521 4057 αὕτη
3554 3988 3702 4057 ἔνερο

2121 4077 2229 4140 γεῖ.
2260 4075 2372 4128 Kal
2419 4074 2480 4127 ὃν
2529 4075 2629 4143 μὲν
2658 4074 2857 4129 τελειοϊ
2884 4076 2981 4128 xal
3006 4077 3279 4148 ἀναγεννᾷ
3310 4078 3403 4133 διὰ
3453 4079 3547 4132 τοῦ
3607 4078 3703 4149 ﬂa-

2123 4166 2450 4235 πείσματος,
2469 4166 2529 4220 ὃν
2557 4167 2611 4220 δὲ
2641 4168 2787 4238 χρίει
2817 4168 2912 4221 καὶ
2940 4169 3235 4239 σφραγίζει
3263 4168 3341 4240 τῷ
3359 4171 3536 4243 μύρῳ,
3563 4171 3623 4225 ὃν
3650 4168 3704 4223 δὲ

2123 4263 2272 4332 ἱερέα
2325 4265 2648 4334 χειροτονεῖ,
2692 4263 2793 4318 καὶ
2840 4264 3032 4319 τοῦτον
3065 4266 3121 4317 δὲ
3152 4266 3452 4337 διαφόρως.
3500 4268 3561 4320 '0
3607 4265 3705 4335 μὲν

2090 4352 2231 4424 ’γάρ
2265 4352 2415 4408 ἐστιν
2457 4354 2854 4420 ἀναγινώσκων
2886 4355 2964 4426 τῷ
3012 4356 3152 4426 λαῷ,
3206 4359 3235 4410 6
3263 4357 3320 4411 δὲ
3353 4358 3650 4430 ὑπουργὸς,
3678 4358 3706 4409 6

2121 4445 2176 4497 δὲ
2204 4443 2493 4511 διακονῶν,
2530 4448 2559 4499 6
2589 4446 2647 4499 δὲ
2689 4447 3016 4517 ίερουργῶν,
3048 4450 3076 4502 6
3106 4448 3165 4502 δὲ
3194 4450 3610 4522 ἀρχιερατεύων
3647 4448 3706 4501 τὺ

2118 4535 2472 4591 τελεώτατον.
2504 4539 2616 4591 Kal
2653 4540 2682 4592 6
2720 4540 2820 4608 μὲν
2869 4539 3016 4595 ἐστιν
3070 4541 3394 4610 ἀπόστολος,
3425 4546 3453 4597 6
3482 4544 3539 4597 δὲ
3573 4558 3707 4612 προ-

2121 4630 2322 4699 φήτης,
2348 4632 2377 4684 6
2411 4631 2468 4685 δὲ
2497 4631 2843 4698 διδάσκαλος,
2872 4633 2900 4687 6
2931 4633 2988 4688 δὲ
3034 4633 3295 4705 δυνάμεις
3324 4635 3359 4708 ἢ
3390 4635 3707 4706 χαρίσματα

2124 4722 2372 4791 ἰαμάτων
2425 4724 2590 4795 ἔχων,
2635 4727 2668 4798 ἢ
2725 4726 2796 4781 τὰ
2847 4727 3036 4783 λοιπά.
3084 4720 3278 4796 Kal
3319 4730 3423 4797 μὲν
3474 4729 3564 4783 διὰ
3612 4725 3704 4780 τοῦ

2120 4815 2440 4885 Πνεύματος
2462 4819 2665 4873 δίδοται
2694 4819 2858 4889 λόγος
2883 4820 3095 4889 σοφίας,
3125 4820 3272 4892 ἄλλῳ
3294 4822 3350 4875 δὲ
3372 4823 3535 4890 λόγος
3563 4819 3705 4890 γνώ-

2121 4922 2263 4969 σεως
2293 4911 2433 4962 κατὰ
2462 4910 2526 4964 τὸ
2558 4910 2693 4964 αὐτὸ
2728 4909 2979 4979 Πνεῦμα,
3010 4911 3198 4967 καὶτὰ
3227 4913 3414 4997 λοιπὰ,
3446 4914 3525 4976 ὡς
3559 4911 3707 4981 εἰρή-

2120 5012 2321 5065 καμεν.
2350 4998 2513 5052 Ὥστε
2539 5000 2637 5070 οὐχ
2666 5002 2699 5066 ἠ
2736 5000 3040 5064 ύπόστασὶς
3071 5001 3189 5054 ἐστι
3234 5000 3329 5055 τοῦ
3380 4999 3705 5068 Πνεύματος

2119 5087 2178 5139 ὲν
2208 5088 2358 5157 ἡμῖν,
2391 5088 2508 5142 ἀλλ’
2543 5090 2602 5144 ὲν
2661 5091 2740 5161 τῷ
2797 5092 3079 5162 Πνεῦματι
3124 5093 3157 5163 ἡ
3198 5094 3352 5163 κοινὴ
3410 5095 3572 5162 χάρις
3608 5092 3704 5155 τῆς

2120 5179 2377 5249 Τριάδος,
2420 5181 2516 5234 καὶ
2571 5182 2642 5235 τὰ
2691 5182 2925 5255 διάφορα
2958 5185 3327 5255 ἐνεργήματα.
3380 5183 3474 5237 Διὸ
3508 5183 3629 5237 οὐδὲ
3678 5181 3707 5233 6

2117 5271 2179 5325 τὸ
2216 5272 2503 5345 βάπτισμα
2527 5254 2711 5329 λαϐὼιδ
2743 5276 2908 5338 εὐθὺς
2929 5277 3191 5346 τυγχάνει
3229 5277 3325 5330 καὶ
3358 5276 3564 5346 ἱερεὺς,
3595 5273 3702 5327 οὐδ’
3785 5326 3797 5347 ,

2118 5366 2146 5416 6
2170 5364 2416 5429 διάκονος
2455 5368 2698 5435 γεγονὼς
2741 5369 2836 5422 καὶ
2866 5355 2977 5440 sip;3
3005 5369 3100 5422 τοῦ
3132 5368 3517 5441 πρεσϐυτέρου
3566 5368 3707 5449 λαμ-

2118 5454 2274 5510 ϐάνει
2308 5456 2415 5527 55
2456 5459 2706 5528 δύναμιν,
2744 5459 2853 5514 οὐδ’
2880 5462 2908 5514 6
2947 5461 3321 5532 πρεσϐύτερος
3376 5475 3703 5531 χειροτονη-

2121 5547 2235 5609 θεὶς
2272 5551 2367 5601 καὶ
2393 5550 2493 5619 τὴν
2524 5549 2619 5604 τοῦ
2665 5552 2976 5606 ἐπισκόπου
3008 5553 3281 5621 λαμϐάνει
3334 5553 3504 5624 χάριν
3526 5567 3541 5583 ⁸
3592 5547 3706 5604 ἀλλ’

2118 5641 2354 5704 ἕκαστος
2391 5642 2530 5711 ὅπερ
2560 5642 2773 5711 ἔλαϐεν,
2810 5645 2993 5711 ἔλαϐε,
3029 5646 3125 5700 καὶ
3155 5648 3183 5699 ὁ
3212 5646 3314 5716 μὲν
3342 5649 3406 5699 ὲν
3436 5643 3707 5707 ἐλάττονι,

2117 5736 2145 5787 ὁ
2175 5733 2231 5786 δὲ
2268 5736 2327 5788 ἐν
2362 5733 2574 5803 μείζονί
2623 5737 2740 5789 ἐστι
2772 5740 2837 5808 τῇ
2885 5738 3132 5808 δυνάμει.
3172 5739 3284 5791 Kal
3315 5734 3571 5796 διάκονος
3614 5731 3711 5798 μὲν

2120 5827 2411 5898 ὑπηρετεῖ,
2441 5829 2623 5897 ἱερεὺς
2659 5829 2714 5885 δὲ
2740 5831 3038 5901 ἶερουργεῖ,
3083 5831 3390 5904 ἀρχιερεὺς
3441 5827 3498 5881 δὲ
3537 5838 3713 5897 κειρο-
