4038 6454
335 381 429 446 161

1315 384 1706 447 DIALOGUS
1743 381 2051 444 CONTRA
2089 380 2482 442 H/ERESES.

3492 384 3599 450 ire

329 496 491 560 τονεῖ,
532 493 628 548 xal
676 494 784 549 τῶν
831 495 1193 566 χαρισμάτων
1225 495 1320 549 τοῦ
1371 496 1508 550 Θεοῦ
1560 496 1910 567 μεταδίδωσι,

2024 490 2317 556 sacrificat,
2386 489 2628 560 pontifex
2681 500 2861 547 autem
2894 487 3113 548 ordinat
3159 505 3213 549 et
3267 493 3599 550 charismata

330 588 427 640 καὶ
485 586 637 641 λύειν
684 592 778 641 καὶ
835 588 1057 658 δεσμεῖν
1105 591 1427 658 πταίσματα
1485 589 1583 659 τὴν
1654 589 1907 652 ἐξουσίαν

330 681 571 737 πλουτεῖ.
607 680 703 743 Τίς
733 682 843 751 ἄρα
871 679 1013 750 αὕτη
1054 684 1079 751 1)
1136 682 1396 747 ἐξουσία,
1450 682 1546 743 Τίς
1580 680 1813 749 δύναμις
1846 680 1907 732 τὸ

330 774 656 843 χειροτονεῖν
678 787 694 838 ;
719 773 782 825 Τί
806 773 860 824 δέ
893 775 1039 824 ἐστιν
1073 774 1104 842 ἡ
1141 774 1445 843 χειροτονία
1472 790 1487 839 ;
1514 770 1661 842 Ἀρα
1696 773 1907 840 κτίσμα

332 865 387 913 ἐν
420 864 587 931 ἡμῖν;
614 864 723 916 Καὶ
754 864 805 916 τί
831 864 939 933 ἄρα
969 866 1027 915 τὸ
1050 864 1257 933 κτίσμα
1281 866 1507 919 δύναται
1534 879 1548 929 ;
1593 863 1717 925 Πῶς
1749 864 1904 929 θεοῖ;

333 955 443 1008 Kal
474 953 589 1019 πῶς
624 955 922 1026 καθαίρει;
962 958 1073 1010 Καὶ
1125 958 1241 1020 πῶς
1288 958 1395 1026 ἄρα
1445 957 1682 1022 τελειοῖ;
1730 955 1794 1009 Τί
1851 956 1908 1009 δὲ

333 1045 422 1099 καὶ
453 1048 486 1116 ἡ
552 1047 839 1117 ἐπίκλησις
875 1048 973 1117 τῆς
1004 1049 1098 1101 τοῦ
1133 1048 1271 1102 Θεοῦ
1325 1032 1592 1119 χάριτος;
1639 1043 1762 1118 'Ap’
1808 1049 1908 1101 οὐκ

335 1132 506 1211 ἰσχύει
536 1157 588 1194 τι
616 1157 632 1207 ;
664 1141 866 1195 Λοιπὸν
897 1142 995 1194 οὐκ
1053 1144 1110 1195 ἐν
1141 1143 1274 1212 ἡμῖν
1300 1142 1359 1193 τὸ
1401 1141 1627 1212 Πνεῦμα
1676 1120 1775 1210 τ’ἧς
1813 1141 1912 1211 χά-

334 1246 515 1297 ριτος;
543 1230 711 1284 Βαὸαι
741 1232 842 1300 τῆς
878 1232 1267 1302 βλασφημίαςι
1310 1233 1510 1305 Πόρρω
1547 1234 1665 1286 ἐστὶ
1692 1235 1791 1302 τῆς
1813 1231 1908 1285 τοῦ

334 1320 467 1376 Θεοῦ
497 1323 719 1392 χάριτος
740 1324 768 1375 ὁ
802 1326 876 1394 μὴ
922 1324 1211 1393 κηρύττων
1240 1326 1342 1395 τὴν
1400 1326 1496 1378 τοῦ
1529 1324 1665 1378 Θεοῦ
1726 1326 1907 1395 χάριν,

334 1418 427 1469 καὶ
456 1414 550 1470 τοῦ
586 1416 908 1485 Πνεύματος
946 1417 1041 1471 τοῦ
1071 1418 1207 1472 Θεοῦ
1242 1420 1550 1490 ἀλλότριος,
1584 1420 1680 1471 και
1707 1420 1907 1488 ἀχαρί-

332 1526 501 1573 τωτος
549 1505 723 1574 οὗτος,
796 1515 891 1565 καὶ
938 1513 1231 1566 κοινωνίαν
1288 1515 1363 1583 μὴ
1415 1512 1558 1582 ἔχων
1619 1513 1759 1582 μετὰ
1813 1511 1909 1595 τοῦ

336 1601 483 1655 θείου
534 1596 888 1671 Πνεύματος,
920 1603 1014 1656 τοῦ
1046 1604 1332 1674 ἀλλοτρίου
1372 1603 1431 1657 δὲ
1487 1604 1692 1657 μᾶλλον
1740 1602 1913 1655 Πνεύ-

337 1712 525 1764 ματος,
560 1696 656 1748 καὶ
685 1695 939 1764 ἔμπλεως
957 1695 1152 1749 τούτου
1188 1699 1288 1762 τῆς
1324 1698 1566 1767 πονηρᾶς
1597 1696 1909 1765 δυνάμεως.

336 1781 409 1842 Ob
438 1787 501 1858 δὴ
528 1787 621 1841 καὶ
649 1790 713 1857 τῇ
745 1789 931 1856 ἐναγεῖ
958 1789 1054 1841 καὶ
1095 1792 1345 1859 σκοτεινῇ
1380 1790 1635 1861 ἐνεργείᾳ.
1677 1790 1777 1860 τὴν
1807 1790 1909 1859 τῆς

2012 583 2106 637 Dei
2174 584 2477 652 dispensat,
2531 583 2840 653 gaudetque
2900 596 3172 656 potestate
3222 600 3445 656 peccata
3484 588 3600 641 sol-

2011 676 2174 728 vendi
2212 686 2378 744 atque
2402 675 2626 743 ligandi.
2657 677 2834 729 Porro
2882 694 3129 745 quaenam
3188 680 3290 732 ista
3320 681 3604 748 potestas?

2012 768 2272 834 Qnmnam
2303 769 2593 823 ordinandi
2652 771 2940 836 potentia?
2975 772 3106 841 quid
3155 782 3239 827 est
3285 773 3601 827 ordinatio?

2014 862 2260 930 nunquid
2323 871 2571 915 creatura
2596 864 2646 914 in
2675 863 2872 916 nobis?
2901 864 3040 928 Quid
3072 880 3200 934 ergo
3253 872 3606 934 potestcrva-

2016 954 2178 1007 tura?
2222 955 2501 1023 quomodo
2557 956 2687 1008 deos
2746 954 2916 1008 facit?
2974 957 3250 1024 quomodo
3298 956 3605 1009 emundat?

2013 1048 2287 1110 quomodo
2312 1046 2668 1101 sanctificat?
2714 1046 2858 1112 Quid
2912 1048 3189 1103 invocatio
3221 1048 3410 1117 gratia:
3465 1047 3605 1101 Dei?

2012 1137 2205 1193 Nonne
2236 1139 2441 1208 aliquid
2475 1139 2652 1193 valet?
2683 1139 2856 1209 Igitur
2889 1140 2943 1193 in
2976 1140 3139 1195 nobis
3173 1156 3285 1194 non
3315 1150 3398 1194 est
3430 1138 3603 1208 Spiri-

2018 1240 2104 1284 tus
2138 1232 2369 1299 gratiae?
2404 1231 2543 1284 Proh
2573 1232 2585 1283 ι
2632 1230 2911 1285 infandam
2968 1232 3403 1301 blasphemiam!
3444 1236 3604 1300 longe

2014 1332 2100 1376 est
2130 1336 2157 1374 a
2190 1323 2365 1389 gratia
2397 1320 2493 1376 Dei
2530 1323 2622 1390 qui
2657 1321 2748 1376 Dei
2796 1323 3025 1392 gratiam
3086 1340 3195 1377 non
3263 1325 3550 1391 profitetur
3583 1342 3600 1387 ;

2015 1414 2109 1468 hic
2140 1398 2355 1468 alienus
2391 1424 2477 1468 est
2514 1428 2543 1467 a
2598 1412 2806 1483 Spiritu
2869 1413 2965 1467 Dei
3022 1418 3307 1483 gratiaque
3366 1432 3597 1481 vacuus,

2015 1519 2194 1573 neque
2221 1506 2545 1559 sacietatem
2606 1507 2928 1560 habetcum
2991 1508 3179 1560 divino
3243 1508 3474 1577 Spiritu,
3514 1511 3600 1561 vel

2017 1598 2190 1675 magis
2219 1597 2413 1666 plenus
2453 1609 2539 1652 est
2578 1599 2741 1653 alieni
2779 1597 3038 1669 Spiritus,
3108 1616 3301 1669 nempe
3358 1602 3601 1671 Spiritus

2016 1693 2215 1763 iniqua:
2247 1694 2561 1762 potestatis,
2595 1696 2755 1764 cujus
2813 1696 3024 1751 nefaria
3058 1705 3112 1750 et
3144 1698 3430 1750 tenebrosa
3471 1712 3600 1764 ope-

2019 1786 2231 1845 ratione
2261 1787 2551 1845 Trinitatis
2586 1791 2815 1861 gratiam
2877 1791 3255 1859 nequissimus
3310 1792 3605 1859 abnegavit

335 1880 568 1951 Τριάδος
596 1881 873 1950 ἠρνήσατο
903 1880 1064 1950 χάριν
1097 1882 1124 1933 6
1152 1881 1405 1946 δείλαιος,
1444 1883 1518 1946 ὡς
1555 1883 1783 1954 ἀνόητος
1806 1883 1905 1948 ὢν,

2024 1889 2207 1950 utpote
2272 1898 2485 1950 amens,
2550 1884 2867 1941 insensatus
2932 1893 2987 1939 et
3048 1883 3231 1937 inania
3286 1883 3352 1935 de
3406 1881 3604 1936 divinis

338 1972 668 2043 μωρανθεὶς,
702 1970 798 2024 καὶ
827 1973 957 2040 περὶ
988 1972 1098 2023 τῶν
1120 1971 1282 2025 θείων
1311 1974 1445 2028 κενὰ
1482 1976 1904 2048 μεμελετηκώς.

336 2064 448 2117 Kal
480 2064 538 2116 τὸ
563 2063 677 2132 φῶς
704 2062 801 2117 τοῦ
832 2064 968 2117 Θεοῦ
1001 2065 1104 2117 οὑκ
1136 2061 1299 2133 οἶδεν,
1333 2067 1416 2119 ὅτι
1461 2067 1623 2122 τοῦτο
1650 2071 1909 2140 ὴθέτησε.

336 2156 447 2209 Kal
483 2154 558 2226 μὴ
585 2155 841 2226 θελήσας,
870 2156 971 2209 οὐκ
1010 2157 1276 2227 ὴθελήθη.
1314 2160 1424 2214 Kal
1453 2161 1552 2214 οὐκ
1607 2162 1745 2229 ἔγνω
1777 2164 1913 2233 ψάλ-

335 2250 450 2301 λειν
486 2248 623 2319 μετὰ.
649 2248 745 2302 τοῦ
787 2249 979 2314 Δαὸὶδ,
1024 2269 1041 2300 ι
1075 2252 1186 2304 Kal
1221 2252 1364 2305 ἔστω
1393 2254 1425 2323 ἡ
1451 2238 1775 2327 λαμπρότης
1803 2258 1913 2309 Κυ-

340 2341 457 2409 ρίου
480 2340 575 2394 τοῦ
605 2341 741 2394 Θεοῦ
769 2342 926 2412 ἡμῶν
957 2342 1040 2411 ἐφ’
1065 2346 1234 2415 ἡμᾶς,
1264 2364 1281 2396 ι
1320 2349 1437 2411 καὶ,
1463 2366 1481 2397 ι
1511 2348 1753 2402 Φὼτισον
1784 2352 1936 2414 τοὺς·

300 2488 311 2493 ,ν
338 2429 653 2500 ὀφθαλμούς
693 2448 821 2501 μου,
889 2433 1101 2504 μήποτε
1155 2435 1392 2489 ὑπνώσω
1447 2439 1528 2500 είς
1580 2437 1829 2494 θάνατον.
1888 2459 1908 2493 ι

339 2522 475 2577 Ούδέ
503 2525 600 2589 τῆς
630 2524 723 2577 τοῦ
770 2525 907 2577 Θεοῦ
969 2526 1248 2593 βασιλείας
1291 2528 1524 2598 ἠθέλησε
1578 2532 1914 2603 κληρονόμος

339 2618 679 2685 ἀναφανῆναι
707 2618 828 2671 κατ’
852 2619 1123 2683 ἐκείνους,
1160 2622 1292 2691 περὶ
1323 2616 1397 2675 ὧν
1434 2624 1673 2693 εἴρηται,
1714 2643 1731 2675 ι
1765 2626 1914 2679 Οἴτι-

341 2727 429 2774 νες
469 2713 528 2763 οὐ
571 2710 645 2781 μὴ
695 2711 1005 2780 γεύσωνται
1056 2714 1313 2782 Θανάτου,
1370 2716 1475 2780 ἕως
1511 2717 1576 2769 ἂν
1613 2719 1767 2772 ἴδωσι
1815 2720 1914 2789 τὴν

345 2801 620 2871 βασιλείαν
656 2805 751 2856 τοῦ
778 2804 914 2857 Θεοῦ
945 2806 1270 2877 ἐληλυθυῖαν
1302 2811 1358 2862 ἐν
1385 2809 1651 2880 δυνάμει,
1676 2830 1694 2862 ι
1724 2812 1791 2883 ἢν
1823 2814 1916 2867 καὶ

342 2892 480 2949 εἶδον
514 2899 571 2948 ἐν
612 2896 687 2966 τῷ
714 2896 833 2966 ὄρει
886 2898 1009 2952 καθ’
1044 2901 1171 2954 ὅσον
1226 2902 1514 2971 ἠδύναντο,
1574 2907 1634 2959 τὸ
1683 2907 1797 2975 φῶς
1858 2909 1917 2962 τὺ

342 2989 660 3057 ἀνέσπερον,
696 2990 763 3043 δι’
793 2990 852 3044 οὗ
888 2994 983 3045 καὶ
1020 2994 1067 3046 οἱ
1111 2993 1311 3047 δίκαιοι
1363 2996 1483 3050 τότε
1540 2999 1917 3069 ἐκλάμψουσιν

341 3079 414 3141 ὡς
446 3083 471 3134 6
502 3080 674 3151 ἥλιος,
709 3082 782 3146 ώς
839 3086 867 3136 6
897 3084 997 3154 τῆς
1063 3085 1418 3157 δικαιοσύνης
1465 3089 1706 3155 ἐδίδαξεν
1743 3092 1915 3164 ἥλιος.

343 3172 475 3241 Περὶ
502 3168 567 3243 ἧς
591 3175 977 3245 λαμπρότητος
1014 3178 1105 3229 καὶ
1129 3178 1156 3229 6
1182 3178 1241 3230 τὸ
1269 3180 1384 3248 φῶς
1431 3182 1609 3237 ἐκεῖνο
1648 3183 1772 3238 ἰδὼν
1804 3187 1917 3249 υίὸς

341 3265 441 3332 τῆς
472 3265 701 3343 βροντῆς
752 3242 982 3337 γράφει,
1038 3286 1056 3317 ι
1098 3269 1215 3321 Νῦν
1276 3242 1375 3324 οὐκ
1427 3275 1657 3345 οἴδαμεν
1692 3279 1746 3330 τί
1792 3242 1990 3332 ἐσόζρ

347 3356 501 3425 μεθα.
544 3358 778 3426 Οἴδαμεν
811 3359 867 3412 δὲ
915 3361 997 3412 ὃτι
1026 3361 1156 3414 ὅταν
1199 3364 1513 3436 φανερωθῇ,
1548 3367 1725 3436 ὅμοιοι
1771 3370 1921 3440 αὑτῷ

346 3450 602 3517 ἐσόμεθα.
646 3469 663 3501 ι
703 3453 809 3505 Καὶ
844 3455 871 3506 6
897 3453 1134 3518 Παῦλος,
1175 3455 1250 3519 ὡς
1282 3458 1357 3526 μὴ
1390 3461 1657 3530 πρότερον
1690 3462 1790 3531 μὲν
1828 3480 1923 3516 κα-

345 3545 506 3614 θαρὸς
536 3546 632 3609 ὣν,
666 3545 789 3600 ίδὼν
819 3550 997 3601 ἐκεῖνο
1025 3550 1087 3603 τὸ
1120 3550 1257 3618 φῶς,
1322 3552 1416 3605 καὶ
1474 3554 1678 3619 πεσὼν,
1716 3555 1923 3626 καθαρ-

346 3635 459 3699 θεὶς
484 3636 706 3709 ἀνέστη,
736 3640 801 3692 ἐκ
824 3641 1020 3693 τούτου
1060 3641 1280 3707 δεικνὺς
1316 3646 1418 3715 τὴν
1447 3647 1509 3698 ἐκ
1528 3647 1630 3717 τῆς
1660 3648 1922 3713 πτώσεως

345 3728 511 3780 αὐτοῦ
539 3728 781 3801 ἔγερσιν,
821 3732 915 3785 καὶ
944 3734 1037 3787 τὸν
1086 3736 1151 3788 ἐκ
1182 3734 1276 3789 τοῦ
1332 3738 1562 3801 σκότους
1614 3743 1923 3810 φωτισμὸν,

344 3821 439 3872 καὶ
466 3820 545 3874 ἔτι
567 3823 636 3874 δι’
668 3823 831 3876 αὑτοῦ
865 3824 955 3878 τὸν
1008 3825 1109 3895 τῆς
1150 3827 1503 3897 οἰκουμένης.
1534 3831 1811 3901 ’Ὕστερον
1868 3834 1925 3888 δὲ

350 3915 618 3983 ἁρπαγεὶς
676 3917 757 3979 είς
807 3918 901 3971 τὸν
945 3918 1172 3988 οὐρανὸν
1203 3919 1279 3983 ὡς
1337 3920 1748 3994 κεκαθαρμένος
1783 3925 1923 3993 ὅλος,

346 4006 503 4060 τοῦτο
536 4006 919 4080 λαμπρότερον
955 4006 1082 4065 εἶδε.
1114 4012 1223 4066 Καὶ
1282 4012 1422 4081 βοῶν
1450 4014 1660 4084 ἔλεγεν,
1703 4036 1723 4069 ι
1766 4019 1927 4072 Ἐπε-

354 4101 496 4170 εράνη
529 4102 561 4169 ἠ
616 4102 777 4172 χάρις
836 4103 932 4156 τοῦ
966 4103 1105 4156 Θεοῦ
1136 4104 1168 4174 ἡ
1200 4107 1472 4176 σωτήριος
1505 4109 1674 4163 πᾶσιν
1714 4110 1929 4183 ἀνθρώ-

350 4208 494 4255 ποις.
528 4211 546 4244 ι
586 4194 715 4259 Kal,
759 4211 777 4245 ι
815 4193 931 4248 Νῦν
964 4195 1313 4266 γινώσκομεν
1341 4201 1398 4251 ἐν
1428 4200 1682 4271 ἐσόπτρῳ
1733 4204 1826 4257 καὶ
1870 4205 1928 4256 ἐν

350 4283 658 4354 ξαίνίγματι,
694 4288 815 4340 τότε
856 4288 913 4341 δέ
946 4290 1241 4359 πρόσωπον
1276 4292 1412 4359 πρὸς
1449 4295 1773 4364 πρόσωπον.
1802 4316 1822 4349 ι
1852 4290 1927 4351 Οὗ

352 4378 447 4432 καὶ
474 4378 601 4441 τοὺς
635 4380 963 4449 ἀρραϐῶνας
1018 4381 1144 4452 ἔσχε
1191 4385 1433 4454 Μωῦσῆς
1461 4387 1519 4439 ἐν
1550 4385 1628 4457 τῷ
1657 4387 1795 4458 δρει.
1835 4390 1930 4443 Διὸ

355 4472 447 4523 καὶ
484 4472 584 4525 οὐκ
621 4473 884 4543 ἠδύναντο
935 4475 1159 4546 θεωρεῖν
1223 4478 1390 4532 αὑτοῦ
1438 4481 1497 4532 τὸ
1552 4481 1847 4550 πρόσωπον
1877 4482 1927 4535 οί

2014 1975 2181 2027 rebus
2213 1974 2524 2041 meditatus,
2562 1985 2612 2028 et
2648 1975 2829 2029 lumen
2866 1975 2956 2029 Dei
2986 1990 3099 2029 non
3135 1975 3308 2040 novit,
3344 1975 3602 2044 quoniam

2013 2064 2147 2119 illud
2185 2065 2377 2134 rejecit
2406 2065 2637 2135 ipseque
2701 2077 3030 2135 aspernatus
3080 2068 3324 2137 abiectus
3355 2074 3456 2121 est.
3490 2066 3601 2120 Nc-

2015 2158 2179 2213 scivit
2207 2172 2331 2212 cum
2380 2158 2552 2213 David
2593 2160 2823 2228 psallere
2856 2176 2871 2215 :
2910 2179 2927 2211 ι
2969 2161 3033 2214 Ει
3073 2163 3142 2216 sit
3197 2162 3453 2229 splendor
3500 2159 3605 2213 Do-

2013 2250 2146 2304 mini
2179 2251 2272 2305 Dei
2316 2255 2490 2305 nOstri
2522 2268 2685 2321 Super
2722 2268 2865 2317 nos;
2909 2271 2926 2303 ι
2966 2262 3060 2307 et:
3097 2272 3115 2305 ι
3160 2252 3411 2305 lllumiua
3470 2267 3603 2305 ocu-

2014 2341 2097 2397 los
2126 2358 2294 2409 meos,
2334 2360 2401 2399 ne
2430 2361 2670 2414 unquam
2706 2345 3035 2400 obdorniam
3072 2346 3126 2400 in
3166 2352 3340 2398 morte
3372 2364 3385 2409 ;
3428 2362 3446 2395 ι
3510 2359 3603 2399 ne~

2016 2448 2123 2503 que
2154 2435 2329 2489 voluit
2364 2437 2514 2504 regni
2543 2434 2636 2489 Dei
2674 2437 2848 2492 haeres
2876 2437 2992 2493 lleri
3046 2438 3359 2492 secundum
3383 2452 3477 2492 eos
3537 2440 3606 2491 de

2017 2524 2220 2591 quibus
2252 2525 2459 2579 dictum
2486 2536 2571 2581 est
2605 2543 2620 2580 :
2665 2545 2683 2576 ι
2719 2527 2859 2581 Sunt
2887 2529 2980 2596 qui
3011 2544 3117 2582 non
3145 2529 3631 2599 gnstabunlmor-.

2020 2622 2125 2666 teni
2160 2616 2333 2668 donec
2362 2616 2584 2669 videant
2619 2633 2848 2686 regnum
2916 2618 3010 2673 Dei
3056 2618 3278 2673 veniens
3314 2619 3366 2671 in
3424 2619 3602 2672 virtu-

2018 2715 2094 2760 te.
2136 2725 2154 2757 ›
2187 2707 2340 2773 Quod
2366 2710 2696 2763 videruntin
2733 2722 2935 2777 monte,
2988 2718 3263 2781 "quantum
3329 2722 3603 2780 poterant,

2017 2799 2231 2853 scilicet
2264 2800 2440 2854 lucem
2483 2802 2603 2856 sine
2662 2818 2882 2870 vespere
2919 2820 3023 2873 qua
3057 2803 3192 2872 justi
3256 2814 3385 2859 tunc
3440 2804 3606 2871 fulge-

2022 2891 2157 2947 bunt
2190 2894 2333 2948 sicut
2376 2898 2478 2960 sol,
2518 2905 2681 2963 prout
2711 2896 2896 2950 docuit
2948 2901 3027 2951 sol
3085 2897 3333 2963 iustitiae.
3390 2896 3466 2951 De
3496 2912 3607 2966 quo

2019 2986 2312 3056 splendore
2344 2987 2518 3041 lucem
2553 2987 2700 3041 illam
2739 2989 2971 3043 intuitus
3001 2989 3228 3043 tonitrui
3279 2988 3424 3043 filius
3470 2990 3609 3043 seri-

2020 3081 2137 3135 bit:
2175 3100 2193 3133 ι
2222 3079 2379 3135 Nunc
2414 3081 2690 3136 nescimus
2721 3083 2852 3151 quid
2909 3082 3140 3148 erimus,
3175 3084 3382 3137 scimus
3429 3094 3609 3136 autem

2021 3176 2301 3244 quoniam,
2362 3191 2486 3230 cum
2543 3176 2883 3244 apparuerit,
2943 3176 3155 3230 similes
3216 3176 3264 3229 ei
3306 3176 3536 3231 erimus.
3582 3195 3600 3227 ›

2022 3265 2225 3321 Paulus
2261 3281 2412 3329 vero,
2453 3267 2608 3337 prius
2663 3267 2881 3335 quidem
2938 3283 3283 3335 nequaquam
3345 3273 3603 3334 mundus,

2024 3354 2217 3412 videns
2244 3356 2377 3409 illud
2409 3357 2592 3411 lumen
2644 3366 2697 3411 et
2734 3358 2935 3412 cadens
2968 3359 3211 3413 surrexit
3262 3360 3610 3428 puriﬁcatus,

2025 3445 2152 3501 inde
2178 3449 2537 3502 manifestans
2566 3464 2719 3503 suam
2749 3463 2779 3503 e
2819 3464 2950 3503 casu
2977 3452 3400 3515 surreetionem,
3454 3468 3608 3505 suam

2026 3555 2059 3593 e
2093 3539 2335 3593 tenebris
2391 3539 2842 3604 illustrationem,
2876 3540 3262 3607 universaque
3309 3552 3466 3595 terrae
3520 3559 3615 3609 per

2027 3647 2153 3688 eum
2199 3632 2692 3697 illuminationem;
2734 3631 3009 3700 posterius
3075 3640 3256 3685 autem
3308 3632 3361 3684 in
3415 3632 3615 3686 cadum

2030 3732 2243 3795 raptus,
2280 3731 2472 3793 utpote
2516 3732 2663 3778 totus
2694 3724 3051 3787 emundatus,
3103 3724 3238 3777 illud
3275 3723 3617 3792 splendidius

2028 3818 2188 3881 vidit,
2210 3828 2265 3872 et
2296 3817 2571 3871 clamabat
2607 3818 2796 3871 dicens
2830 3833 2845 3868 :
2883 3834 2902 3866 ι
2931 3815 3200 3884 Apparuit
3256 3816 3436 3884 gratia
3492 3816 3614 3868 Sal-

2030 3912 2236 3963 vatoris
2311 3909 2489 3965 nostri
2561 3908 2819 3963 omnibus
2877 3908 3235 3972 hominibus;
3284 3914 3385 3960 et:
3456 3906 3615 3962 Nune

2030 4001 2422 4071 cognoscimus
2477 3999 2531 4053 in
2598 4001 2826 4068 speculo
2888 4006 2943 4052 el.
2993 4002 3048 4052 in
3109 3998 3418 4068 tenigmate,
3482 4008 3613 4055 tunc

2031 4102 2217 4149 autem
2245 4095 2385 4149 facie
2424 4093 2493 4148 ad
2553 4091 2785 4160 faciem;
2822 4111 2840 4144 ι
2881 4094 3041 4163 cujus
3096 4094 3324 4149 luminis
3384 4094 3611 4168 pignora

2035 4188 2228 4241 habuit
2265 4186 2481 4256 Moyses
2548 4186 2603 4240 in
2665 4196 2871 4250 monte,
2925 4190 3046 4243 ideo
3077 4205 3187 4244 non
3224 4199 3478 4260 poterant
3518 4192 3617 4245 filii

2032 4280 2196 4333 Israel
2232 4281 2284 4333 in
2315 4280 2507 4334 faciem
2564 4278 2684 4349 ejus
2746 4280 3055 4337 intendere.
3112 4282 3424 4352 Stephanus
3490 4299 3619 4341 vero

2032 4372 2237 4427 clarius
2270 4373 2413 4426 hanc
2440 4372 2614 4425 lucem
2662 4375 2914 4441 aspexit:
2950 4375 3454 4442 resplenduitenim
3495 4380 3618 4431 vul-

2034 4479 2123 4525 tus
2156 4470 2293 4539 ejus,
2330 4476 2490 4537 prout
2519 4468 2788 4537 scriptum
2820 4476 2927 4534 est,
2985 4472 3129 4524 sicut
3175 4471 3355 4526 vultus
3401 4473 3616 4541 angeli;

350 4564 459 4616 υἱοὶ
504 4564 595 4618 τοῦ
641 4568 879 4638 Ἰσραήλ.
934 4570 1044 4622 Kal
1092 4570 1365 4638 Στέφανος
1418 4571 1474 4624 δέ
1537 4571 1921 4645 λαμπρότερον

2035 4579 2161 4617 nam
2197 4563 2265 4617 ad
2317 4564 2468 4617 illum
2497 4564 2750 4618 decorem
2786 4564 3069 4633 spectabat
3126 4563 3384 4633 splendm'
3416 4579 3619 4634 corpus

354 4653 509 4707 τοῦτο
542 4656 599 4708 τὸ
633 4657 748 4724 qui;
794 4654 920 4712 εἶδε.
954 4660 1065 4711 Kal
1089 4661 1516 4727 καταυγασθεὶς,
1538 4662 1598 4714 τὸ
1629 4664 1928 4732 πρόσωπον

359 4745 521 4800 αὐτοῦ
568 4743 639 4818 ἦν
685 4748 815 4801 ὡσεὶ
844 4752 1139 4820 πρόσωπον
1173 4753 1433 4821 ἀγγέλου,
1483 4753 1558 4816 di;
1587 4760 1928 4825 γέγραπται.

360 4836 499 4906 Πρὸς
528 4840 638 4908 γὰρ
671 4839 731 4891 τὸ
774 4841 970 4905 κάλλος
1025 4844 1201 4895 ἐκεῖνο
1252 4840 1320 4914 ἦν
1371 4847 1537 4915 καὶὴ
1599 4845 1931 4918 ἐξαλλομένη

355 4928 684 4999 λαμπρότης
725 4931 801 5001 τῷ
838 4934 1077 5002 σώματι.
1127 4937 1191 4987 'H
1235 4938 1294 4988 ἐν
1327 4940 1393 5006 τῇ
1442 4939 1589 5009 ψυχῇ
1623 4941 1734 5010 γὰρ
1768 4940 1934 5010 ἐκχυ-

359 5020 513 5075 θεῖσα
548 5022 669 5076 θεία
704 5026 798 5077 xal
858 5026 1023 5089 άῦλος
1078 5027 1173 5101 τοῦ
1207 5028 1527 5099 Πνεύματος
1555 5034 1813 5101 ἀστραπή
1872 5048 1932 5084 τε

362 5114 456 5168 καὶ
487 5116 666 5185 χάριν,
702 5117 877 5170 καὶτὸ
910 5118 1071 5187 σῶμα
1099 5100 1498 5189 περιηύγαζεν,
1535 5121 1611 5184 ib;
1644 5124 1816 5175 καὶτὸ
1836 5123 1934 5175 τοῦ

360 5211 659 5272 Μωῦσέως.
686 5210 856 5263 Τοῦτο
910 5211 967 5262 δέ
1004 5211 1064 5263 τὸ
1115 5212 1253 5277 φῶς,
1282 5212 1343 5263 ού
1383 5211 1561 5274 καθὼς
1610 5211 1782 5278 ἔστιν,
1818 5212 1935 5267 ἀλλ’

358 5302 429 5365 ὡς
466 5302 689 5356 δυνατὸν
714 5299 803 5373 ἦν,
851 5304 1062 5373 ἐωρᾶτο
1119 5306 1233 5367 τοῖς
1269 5307 1588 5374 θεωμένοις,
1622 5306 1698 5369 ώς
1744 5306 1839 5358 καὶ
1880 5306 1935 5359 ἐν

356 5399 470 5459 τοῖς
504 5399 843 5466 προφήταις,
878 5398 938 5449 οὐ
976 5396 1162 5460 καθὼς
1202 5394 1294 5469 ἦν,
1334 5398 1472 5450 ἀλλὰ
1523 5402 1666 5450 κατὰ
1700 5399 1934 5469 δύναμιν

358 5488 570 5558 ἐωρᾶτο
619 5487 725 5540 τῶν
757 5490 1032 5558 ὁρώντων,
1090 5488 1185 5540 καὶ
1237 5489 1438 5548 αὐτοὺς
1493 5490 1932 5559 περιήστραπτε.

358 5580 469 5634 Kal
496 5582 548 5631 τί
580 5580 660 5631 δεῖ
707 5579 877 5633 πολλὰ
933 5580 1114 5647 λέγειν
1146 5581 1275 5648 περὶ
1327 5583 1426 5651 τῆς
1483 5580 1635 5643 θείας
1692 5581 1916 5651 ἐκείνης

358 5671 763 5742 λαμπρότητος,
790 5672 860 5724 δι’
893 5669 960 5747 ἦς
1010 5675 1058 5726 οί
1112 5673 1311 5726 δίκαιοι
1357 5673 1732 5741 ἐκλάμψουσιν
1781 5674 1855 5735 ὡς
1909 5674 1937 5723 6

358 5765 505 5833 ἥλιος
541 5768 597 5817 ἐν
629 5769 692 5836 τῇ
724 5767 999 5838 παρουσίᾳ
1029 5766 1123 5819 τοῦ
1177 5767 1389 5835 [ἰατρὸς
1446 5766 1628 5819 αὐτῶν
1683 5765 1780 5836 (ὡς
1826 5766 1933 5835 ἔφη

364 5860 622 5929 Χριστὸς)
663 5860 768 5912 τῶν
801 5862 1040 5914 ἀκτίνων
1097 5859 1193 5914 τοῦ
1233 5859 1429 5914 ἀδύτου
1463 5860 1617 5928 ἡλίου
1672 5859 1933 5930 μετέχον-

2036 4655 2340 4721 adornatis,
2376 4665 2430 4709 et
2472 4655 2522 4708 in
2554 4657 2739 4709 anima
2774 4664 2891 4709 erat
2923 4656 3120 4710 diffusa
3154 4656 3336 4711 divina
3362 4666 3416 4710 et
3441 4658 3621 4710 incor-

2035 4763 2203 4817 porea
2241 4747 2413 4803 divini
2443 4748 2685 4817 Spiritus
2715 4749 2895 4817 gratia
2918 4758 2971 4801 et
3011 4750 3351 4812 coruscatio,
3385 4749 3618 4818 ejusque

2036 4840 2308 4896 emicabat
2357 4855 2556 4909 corpus
2620 4840 3084 4910 quemadmodum
3163 4841 3364 4910 Moysis
3432 4844 3620 4895 facies.

2036 4934 2176 4989 Illud
2243 4942 2426 4990 autem
2463 4935 2646 4988 lumen
2678 4949 2788 4987 non
2843 4934 3005 4988 sicuti
3034 4944 3141 4997 est,
3178 4934 3273 4987 sed
3312 4934 3457 4987 sicut
3505 4942 3623 4987 erat

2038 5025 2323 5095 possibile,
2356 5025 2425 5078 ab
2452 5025 2798 5079 intuentibus
2830 5034 3186 5094 conspectum
3215 5032 3320 5091 est,
3354 5026 3624 5093 quemad-

2039 5116 2263 5170 modum
2294 5116 2348 5169 in
2382 5115 2664 5186 prophetis
2700 5132 2807 5170 non
2842 5118 3003 5170 sicuti
3028 5127 3150 5171 erat
3181 5116 3494 5184 videbatur,
3528 5116 3623 5171 sed

2042 5210 2343 5263 secundum
2404 5209 2663 5263 virtutem
2703 5210 3031 5273 videntium,
3075 5218 3129 5263 et
3188 5211 3382 5266 oculos
3434 5225 3624 5265 eorum

2040 5301 2469 5370 perstringebat.
2504 5301 2568 5354 Et
2596 5301 2726 5370 quid
2762 5310 2981 5370 oportet
3010 5303 3168 5370 plura
3226 5301 3414 5355 dicere
3443 5301 3510 5356 de
3544 5300 3631 5355 di-

1990 5426 2001 5435 ς
2042 5395 2170 5445 vino
2202 5392 2292 5445 illo
2328 5393 2645 5460 splendore,
2692 5409 2801 5462 quo
2835 5393 2974 5461 justi
3027 5392 3313 5463 fulgebunt
3363 5395 3505 5448 sicut
3543 5394 3628 5447 sol

2042 5485 2098 5539 in
2133 5496 2433 5555 conspectu
2455 5484 2633 5538 Patris
2656 5501 2870 5547 eorum,
2893 5495 2951 5537 ut
2974 5486 3112 5539 dixit
3138 5484 3416 5550 Christus,
3444 5487 3627 5540 radios

2043 5579 2176 5634 solis
2207 5576 2479 5630 inaccessi
2520 5578 2952 5646 participantrs?
2978 5577 3084 5632 Iste
3109 5587 3194 5631 est
3226 5578 3316 5631 lux
3347 5595 3468 5632 vera
3498 5595 3623 5648 quae

2044 5673 2317 5726 illuminat
2372 5684 2593 5723 omnem
2654 5671 2933 5726 hominem
2988 5672 3292 5725 venientem
3351 5672 3405 5724 in
3477 5674 3625 5726 hunc

2047 5766 2337 5828 mundum,
2374 5764 2560 5831 inquit
2592 5762 2837 5820 Joannes
2885 5766 2937 5817 in
2983 5764 3297 5834 Evangelia.
3329 5767 3387 5820 In
3416 5768 3633 5833 Apoca-

2047 5858 2183 5929 lypsi
2224 5872 2350 5912 vero
2379 5859 2646 5926 scriptum
2668 5868 2751 5913 cst
2778 5874 2795 5914 :
2834 5875 2852 5909 ι
2883 5856 3053 5912 Justis
3095 5872 3205 5911 non
3231 5858 3337 5911 erit
3370 5860 3632 5927 splendor
