4038 6442
468 379 566 440 163

1319 369 1694 431 SYMEONIS
1725 369 2472 434 THESSALONICENSlS
2503 373 2860 435 ABCHIEP.

3617 379 3702 441 164

463 495 614 556 solis,
651 493 744 547 sed
778 505 951 563 agnus
980 489 1084 545 erit
1115 488 1197 543 eis
1250 487 1472 542 lucerna
1530 501 1637 540 non
1699 486 1961 541 deﬁciens
1989 504 2039 541 ,ο

2156 507 2277 557 reg;
2347 510 2364 542 ι
2399 491 2494 555 ’ος
2527 494 2646 545 ἐστι
2703 492 2764 543 τὸ
2795 491 2912 560 φῶς
2961 489 3020 543 τὸ
3080 489 3356 560 ἀληθινὸν,
3419 490 3444 543 δ
3495 492 3700 561 φωτίζει

465 586 568 641 Hic
596 595 776 639 autem
815 597 987 653 agnus
1046 590 1131 636 est
1193 595 1372 651 agnus
1409 577 1504 634 Dei
1570 577 1736 634 .lesus
1783 578 2044 634 Christus

469 679 562 747 qui
631 684 716 730 est
778 675 1046 729 Dominus
1090 673 1299 744 gloriae,
1348 672 1413 728 de
1455 687 1565 740 quo
1623 671 1790 726 David
1844 673 1982 726 dixit
2024 688 2040 727 :

469 787 485 816 ι
515 766 778 821 Dominus
803 766 991 836 gloriae
1024 765 1284 828 intonuit,
1311 783 1330 816 ι
1355 773 1408 818 et
1437 762 1681 818 Paulus:
1710 781 1728 813 ι
1753 762 2041 831 Nunquam

462 859 753 914 Dominum
805 859 995 928 glorias
1049 857 1481 912 cruciﬁxissent.
1520 875 1538 907 ι
1599 855 1728 910 ideo
1775 856 2040 924 scriptum

461 961 544 1002 est
576 949 629 1001 in
658 947 954 1018 Evangelio
989 962 1002 997 :
1044 965 1062 997 ι
1092 945 1156 1000 Ει
1199 947 1431 1001 vidimus
1462 945 1692 1015 gloriam
1735 947 1874 1016 ejus.
1928 948 2044 1015 glo-

461 1041 600 1093 riam
633 1040 788 1107 quasi
822 1039 1096 1109 Unigeniti
1126 1053 1154 1090 a
1184 1037 1366 1100 Patre,
1396 1055 1415 1089 ι
1457 1053 1580 1107 quae
1615 1037 1786 1106 gloria
1823 1053 1928 1091 non
1961 1048 2046 1092 est

467 1147 698 1201 persona
734 1148 798 1185 ex
839 1131 1018 1185 tribus
1049 1132 1304 1200 personis
1338 1139 1627 1195 constans,
1683 1131 1777 1184 sed
1837 1133 2042 1199 gratia;

464 1242 490 1274 ς
536 1227 774 1293 plenum.
826 1224 923 1285 ait,
966 1224 1155 1290 gratiae
1193 1232 1248 1276 et
1283 1222 1551 1276 veritatis.
1586 1241 1603 1273 ι
1647 1221 1804 1286 Quod
1849 1223 2045 1277 Petrus

464 1317 870 1387 sapientissime
901 1323 1140 1370 testatur
1164 1315 1355 1370 dicens
1391 1330 1405 1367 :
1451 1333 1470 1365 ι
1502 1313 1621 1368 Non
1659 1316 1808 1369 enim
1854 1320 2046 1370 doctas

466 1409 678 1462 fabulas
719 1408 918 1471 secuti,
939 1417 1122 1461 notam
1155 1407 1388 1461 fecimus
1421 1407 1575 1460 vobis
1609 1406 1826 1460 Domini
1863 1406 2044 1462 nostri

462 1500 592 1555 Jesu
633 1500 842 1556 Christi
877 1500 1135 1554 virtutem
1163 1509 1216 1553 et
1247 1500 1594 1568 praesentiam
1621 1540 1635 1564 ,
1679 1500 1772 1555 sed
1797 1502 2047 1568 spei-ula-

465 1609 610 1648 tores
643 1593 772 1647 l'acti
803 1593 949 1646 illius
1013 1593 1433 1662 magnitudinis,
1470 1612 1488 1644 ν
1527 1608 1688 1662 quam
1724 1595 1961 1664 gloriam
1994 1605 2048 1648 et

469 1687 730 1738 honorem
768 1693 944 1738 vocat.
971 1683 1059 1736 Ait
1097 1685 1242 1737 enim
1286 1701 1299 1737 :
1339 1703 1359 1736 ι
1384 1685 1676 1755 Accipiens
1701 1703 1727 1738 a
1768 1687 1879 1739 Deo
1938 1687 2048 1742 Pa-

465 1784 550 1825 tre
583 1775 843 1827 honorem
875 1781 930 1825 et
980 1772 1238 1840 gloriam,
1270 1787 1406 1826 voce
1437 1773 1664 1842 delapsa
1695 1775 1760 1828 ad
1789 1790 1914 1829 eum
1950 1776 2050 1829 huc

464 1864 766 1933 juscemodi
797 1879 824 1916 a
858 1864 1142 1932 magniﬁca
1173 1865 1344 1933 gloria
1373 1883 1391 1916 ι
1428 1905 1441 1918 .

470 1959 686 2011 Patrem
711 1957 940 2025 gloriam
980 1964 1137 2009 vocat
1165 1956 1295 2023 quia
1329 1958 1453 2011 fons
1489 1967 1574 2012 est
1633 1968 1687 2012 et
1721 1958 2048 2029 principium

463 2050 676 2119 gloriae,
715 2048 917 2102 Filium
975 2064 1105 2102 vero
1136 2064 1319 2118 regem
1367 2051 1554 2120 gloriae
1605 2053 1884 2121 appellat?
1944 2055 2051 2109 Sed

475 2142 673 2196 Paulus
705 2156 927 2215 quoque
960 2157 1084 2196 eum
1145 2141 1491 2210 splendorem
1556 2144 1730 2210 gloria
1771 2148 2052 2215 cognomi-

473 2241 564 2286 nat
625 2213 864 2288 dicens:
939 2251 956 2283 ι
991 2233 1092 2299 Qui
1153 2249 1278 2288 cum
1335 2235 1407 2288 sit
1463 2234 1723 2302 splendor
1782 2213 2044 2307 gloriae}.

473 2325 671 2380 Eodem
731 2327 956 2379 nomine
1012 2326 1243 2394 gratiam
1313 2337 1366 2379 et
1430 2342 1721 2396 personam
1777 2315 2053 2398 signiﬁcat

468 2417 932 2488 quemadmodum
963 2419 1182 2472 diversa
1217 2419 1644 2489 roce'Spiritum
1701 2421 2053 2490 eperationes

466 2510 724 2578 appellat,
751 2511 1120 2579 spiritumque
1146 2522 1306 2566 Voc:tl
1367 2509 1608 2582 Spiritus
1641 2512 1812 2567 divini
1864 2529 2055 2583 perso-

473 2617 592 2654 nam
629 2617 654 2652 a
693 2601 1168 2668 qua.drscendunt
1197 2602 1552 2658 charismata.
1575 2605 1900 2660 Communis
1921 2621 2052 2674 ergo

470 2691 757 2746 Trinitatis
789 2693 981 2761 gloria,
1025 2705 1312 2762 propterea
1355 2709 1368 2745 :
1415 2713 1432 2746 ι
1470 2693 1735 2763 Sanctus,
1798 2710 2052 2762 sanctus,

464 2795 715 2850 sanctus,
747 2786 1010 2842 Dominus
1037 2787 1278 2842 Sabaoth
1307 2803 1321 2842 :
1349 2789 1492 2855 pleni
1525 2796 1653 2842 sunt
1685 2789 1883 2844 cteliet
1909 2801 2052 2845 terra

469 2877 639 2946 gloria
671 2876 812 2945 ejus.
847 2896 864 2928 ι
904 2878 1024 2933 Una
1057 2889 1142 2934 est
1169 2877 1459 2932 Trinitatis
1499 2879 1784 2945 divinitas,
1824 2883 2056 2952 ideoque

454 2969 542 3022 -dii
577 2980 704 3024 sunt
732 2983 869 3036 quos
904 2971 996 3022 illa
1029 2979 1182 3024 tanto
1218 2972 1426 3026 honore
1485 2973 1760 3042 dignatur.
1795 2975 2055 3043 Propter-

455 3077 532 3118 ea
581 3064 744 3116 etiam
797 3063 941 3116 Deus
997 3077 1080 3115 est
1117 3064 1195 3128 ,in
1261 3075 1537 3135 synagoga
1600 3065 1851 3120 deorum.
1905 3065 2054 3120 Unus

469 3169 687 3225 quoque
717 3152 1006 3207 Trinitatis
1037 3153 1295 3222 splendor
1323 3157 1390 3209 de
1441 3171 1550 3225 quo
1581 3155 1774 3222 David,
1808 3169 1867 3211 ut
1906 3159 2050 3213 dixi-

471 3261 615 3306 mus,
658 3253 913 3314 precatur
951 3259 965 3296 :
995 3246 1058 3299 Et
1089 3245 1160 3298 sit
1211 3245 1476 3316 splendor
1501 3246 1716 3301 Domini
1751 3246 1845 3302 Dei
1881 3252 2051 3304 nostri
2079 3234 2126 3296 C

471 3350 642 3403 super
670 3349 793 3399 nos,
831 3352 848 3384 ι
875 3341 932 3387 et
963 3350 977 3386 :
1015 3351 1034 3385 ι
1067 3334 1120 3388 lu
1155 3334 1564 3404 spletrdoribus,
1597 3338 1800 3406 inquit,
1833 3349 2054 3393 saneto-

475 3443 594 3479 rutu
626 3439 844 3480 tuorum
881 3466 892 3481 .
916 3445 935 3477 ι
995 3427 1194 3496 Aspice
1230 3429 1491 3494 quoniam
1555 3429 1814 3500 splendor
1872 3443 1955 3487 est
1997 3432 2050 3485 in

465 3516 604 3582 Deo,
635 3527 690 3571 et
727 3519 778 3569 in
813 3519 1024 3573 sanctis
1054 3534 1276 3588 quoque
1299 3519 1559 3589 splendor
1587 3537 1602 3586 ;
1643 3522 1721 3574 ait
1754 3525 1900 3576 enim
1956 3524 2055 3578 Pe-

462 3619 590 3663 .trus
620 3627 634 3663 :
685 3626 704 3660 ι
739 3607 972 3665 Vocavit
999 3626 1101 3665 nos
1133 3613 1186 3665 in
1227 3612 1552 3668 admirabile
1580 3615 1762 3669 lumen
1792 3631 1987 3684 suum;
2027 3636 2046 3669 ι

461 3699 538 3754 de
571 3702 672 3754 hoc
701 3717 802 3758 nos
828 3701 990 3758 docet
1049 3704 1194 3759 alius
1228 3705 1516 3775 theologus
1578 3708 1670 3777 qui
1717 3707 1894 3764 lucem
1961 3709 2051 3764 Dei

471 3792 607 3848 vidit
637 3804 692 3848 et
731 3797 976 3850 sustulit.
1010 3797 1264 3852 l'astores
1299 3812 1483 3852 autem
1544 3799 1693 3853 illam
1730 3811 1858 3856 ante
1924 3817 2050 3856 eum

470 3884 748 3948 viderant,
812 3900 939 3940 nam
999 3889 1170 3957 gloria
1217 3889 1428 3944 Domini
1499 3890 1866 3948 circumfulsit
1933 3911 2050 3962 eos,

449 3991 594 4046 .qnae
627 3976 864 4047 l'ulgidos
907 3980 1130 4049 angelos
1185 3982 1519 4037 manifestat.
1553 3986 1645 4039 Ait
1705 3991 1855 4041 enim
1897 3990 2052 4044 Psala

457 4068 636 4122 .niista
681 4085 697 4122 :
733 4087 751 4119 ι
786 4066 889 4134 Qui
927 4069 1058 4123 facit
1093 4072 1314 4142 angelos
1366 4089 1496 4129 suos
1526 4078 1753 4144 spiritus
1804 4090 1859 4133 et
1892 4083 2056 4136 mini-

453 4167 619 4212 stros
673 4173 806 4212 suos
860 4157 1136 4212 ﬂammam
1197 4163 1360 4230 ignis.
1405 4178 1424 4214 ι
1489 4193 1557 4205 ——
1619 4185 1638 4217 ι
1681 4168 1811 4222 Erat
1870 4181 2050 4227 autem

451 4257 728 4316 -aspectus
796 4249 917 4315 ejus
981 4250 1127 4303 sicut
1196 4249 1418 4322 fulgur,
1485 4257 1809 4313 vestimenta
1870 4271 2050 4316 autem

453 4341 598 4394 -alba
629 4340 780 4393 sicut
820 4341 936 4392 nix.
964 4359 981 4392 ι
1020 4343 1138 4411 Ipse
1174 4359 1299 4398 vero
1333 4345 1597 4414 splendor
1656 4351 1847 4420 gloriae
1885 4355 2055 4410 multo

472 4431 652 4500 magis
683 4432 1001 4489 incarnatus
1027 4435 1252 4501 eﬁ‘ulsit,
1289 4448 1342 4491 et
1374 4453 1640 4510 quantum
1671 4446 1872 4501 intueri
1905 4457 2057 4517 pote-

471 4523 892 4594 rantdiscipuli,
928 4527 1055 4581 istis
1083 4529 1138 4581 in
1171 4539 1357 4585 monte
1385 4546 1716 4603 conspectus
1745 4547 1832 4592 est
1874 4555 1890 4593 :
1928 4561 1946 4593 ι
1984 4541 2051 4595 Ει
2085 4573 2132 4632 υ

467 4614 840 4682 resplenduit,
877 4617 1050 4688 inquit
1082 4618 1389 4688 Mattliaeus,
1421 4624 1590 4680 l'acies
1623 4627 1745 4696 ejus
1776 4631 1922 4685 sicut
1948 4632 2054 4698 sol,

477 4706 804 4760 vestimenta
838 4718 1021 4763 autem
1049 4713 1168 4781 ejus
1201 4713 1339 4768 facta
1372 4726 1502 4770 sunt
1531 4719 1652 4774 alba
1681 4723 1824 4776 sicut
1863 4727 1996 4793 nix;
2028 4743 2047 4777 ο

466 4794 617 4848 alius
645 4808 826 4850 autem
853 4798 1197 4870 Evangelista
1219 4804 1358 4858 dixit
1387 4821 1403 4860 :
1442 4804 1598 4862 Sicut
1630 4809 1746 4875 lux,
1783 4813 1911 4879 quia
1943 4829 2052 4868 non

463 4888 633 4944 sicuti
683 4899 789 4955 est,
823 4892 917 4947 sed
959 4906 1122 4963 prout
1170 4899 1449 4952 sustinere
1490 4911 1745 4978 poterant
1789 4907 2055 4961 cerneba-

462 4989 582 5035 tur.
607 4979 822 5041 Rursus
851 4989 1016 5041 etiam
1059 4991 1286 5060 angelos
1320 4991 1374 5044 in
1410 5004 1775 5050 monumento
1810 4996 2054 5069 fulgidos

461 5085 798 5140 aspexerunt
821 5078 1018 5132 divina:
1035 5082 1295 5137 mulieres
1321 5094 1374 5137 et
1394 5083 1586 5141 Petrus
1606 5087 1658 5140 in
1679 5103 1921 5145 carcere.
1948 5091 2054 5147 Sed

459 5167 678 5233 angelis
711 5169 931 5236 quidem
986 5171 1075 5226 lux
1135 5185 1255 5227 erat
1308 5179 1614 5232 secundum
1669 5183 2052 5252 participatio-

464 5273 621 5322 nem.
653 5269 708 5314 et
734 5262 858 5317 ideo
893 5264 984 5317 isti
1014 5276 1144 5320 sunt
1170 5268 1258 5321 lux
1295 5271 1625 5327 secundaria
1668 5277 1867 5344 primae
1912 5278 2056 5335 lucis

343 5364 362 5387 ο
464 5352 734 5420 ministri,
771 5367 827 5408 ut
855 5355 994 5409 dixit
1023 5361 1244 5426 quidam
1275 5363 1604 5435 theologus;
1651 5371 1918 5425 Dominus
1958 5388 2055 5426 au-

464 5452 579 5497 tem
615 5446 707 5498 lux
733 5462 858 5501 vera
897 5452 1198 5506 secundum
1220 5466 1480 5510 naturam
1515 5460 1678 5515 habet
1708 5463 2050 5531 splendorem

455 5549 696 5605 ‘propter
724 5553 890 5604 quam
935 5545 1263 5608 precabatur
1297 5545 1465 5602 David
1515 5551 1703 5607 dicens
1743 5571 1757 5606 :
1799 5571 1819 5605 ι
1853 5555 2054 5611 Emitte

459 5630 652 5701 ducent
682 5637 828 5683 tuam
857 5641 912 5686 et
947 5636 1234 5691 veritatem
1273 5648 1446 5704 tuam,
1478 5660 1496 5692 ι
1536 5659 1703 5718 quam
1740 5646 1869 5702 alibi
1927 5650 2054 5704 illu-

467 5721 827 5776 minationem
889 5725 1072 5782 vultus
1129 5729 1220 5784 Dei
1286 5735 1660 5800 cognominat.
1722 5737 1945 5795 Necnon
1985 5745 2052 5797 de

465 5809 867 5871 illuminatioue
894 5832 1015 5887 quae
1070 5820 1233 5877 datur
1269 5825 1478 5880 sanctis
1510 5841 1524 5877 :
1567 5845 1583 5877 ι
1619 5829 1886 5888 Exortum
1942 5846 2047 5902 est,

2149 587 2327 638 πάντα
2349 585 2642 651 ἄνθρωπον
2673 586 2970 657 ἐρχόμενον
2995 587 3074 648 είς
3098 585 3189 637 τὸν
3214 585 3438 654 κόσμον,
3473 603 3492 636 ι
3539 585 3707 638 Ἰωάν-

2147 695 2246 747 νης
2276 680 2334 730 ὲν
2357 677 2436 748 τῷ
2471 677 2792 748 Εὐαγγελὶῳ
2819 677 2974 747 φησί.
3014 677 3126 730 Kal
3157 679 3212 729 ὲν
3245 665 3310 746 τῇ
3351 676 3707 746 Ἀποκαλύψει

2147 771 2204 824 δὲ
2235 773 2570 843 γέγραπται,
2602 773 2674 833 ὡς
2711 772 2812 826 οὐκ
2847 771 3002 823 ἔσται
3056 772 3162 834 τοῖς
3196 769 3425 828 δικαίοις
3455 770 3602 840 ἡλίου
3635 769 3712 822 ἕλε

2147 863 2378 932 λαμψις,
2415 864 2555 916 ἀλλὰ
2587 865 2648 917 τὸ
2683 864 2872 933 ἀρνίον
2922 863 3077 916 ἔσται
3111 862 3229 930 φῶς
3275 863 3457 924 αὐτοῖς
3493 860 3564 930 μὴ
3601 861 3712 915 δυό-

2147 972 2334 1020 μενον.
2382 955 2596 1026 ’Ᾱρνίον
2629 957 2685 1009 δὲ
2716 959 2744 1010 6
2789 956 2962 1025 ἀμνὸς
3001 954 3092 1008 τοῦ
3153 953 3293 1008 Θεοῦ
3321 952 3530 1021 Ἰησοῦς
3584 955 3714 1023 Χρι-

2151 1046 2296 1111 στὸς.
2323 1046 2380 1109 ὃς
2404 1047 2498 1100 καὶ
2527 1049 2733 1118 Κύριος
2765 1048 2865 1118 τῆς
2890 1047 3048 1119 δόξης
3078 1049 3212 1102 ἐστί.
3255 1048 3365 1102 Kal
3408 1047 3574 1103 Aa6l6
3596 1047 3715 1117 περὶ

2149 1142 2342 1193 τούτου
2375 1141 2508 1211 φησί
2536 1157 2550 1172 ⁸
2599 1159 2616 1192 ι
2649 1142 2853 1211 Κύριος
2881 1141 2982 1210 τῆς
3007 1141 3170 1212 δόξης
3204 1142 3521 1212 ὲόρόντησε,
3558 1160 3574 1192 i
3611 1141 3714 1195 Kal

2136 1233 2176 1284 ’ὁ
2217 1232 2453 1295 Παῦλος,
2507 1251 2525 1283 ι
2564 1233 2678 1285 Ούκ
2718 1231 2784 1285 ἂν
2819 1232 2911 1284 τὸν
2942 1233 3151 1301 Κύριον
3177 1232 3281 1302 τῆς
3331 1232 3494 1302 δόξης
3535 1232 3718 1286 ἐσταύ-

2155 1341 2354 1394 ρωσαν.
2396 1343 2413 1376 ι
2469 1324 2558 1376 Διὸ
2623 1327 2714 1378 καὶ
2771 1326 2831 1377 ἐν
2887 1324 2966 1395 τῷ
3025 1325 3345 1394 Εὑαγγελῐῳ
3394 1326 3719 1395 γέγραπται,

2157 1437 2173 1468 ι
2218 1418 2326 1470 Kal
2375 1417 2723 1486 ἐθεασάμεθα
2757 1417 2857 1484 τὴν
2880 1416 3039 1481 δόξαν
3097 1418 3290 1482 αὑτοῦ,
3328 1419 3485 1484 δόξαν
3515 1417 3620 1488 56
3648 1417 3728 1480 ὡς’

2154 1508 2487 1578 Μονογενοῦς
2521 1512 2673 1581 παρὰ
2717 1509 2933 1580 Πατρός
2963 1525 2976 1539 °
3022 1529 3040 1562 ›
3095 1512 3189 1563 καὶ
3224 1511 3432 1579 ταύτην
3466 1509 3565 1580 οὐχ
3601 1509 3726 1560 ὑπό-

2152 1620 2343 1655 στασιν
2396 1605 2459 1656 ἐκ
2512 1602 2621 1656 τῶν
2673 1602 2842 1672 τριῶν
2901 1603 3306 1666 ὑποστάσεων,
3361 1603 3498 1656 ἀλλὰ.
3548 1603 3719 1672 χάριν.

2158 1712 2176 1745 ι
2212 1694 2431 1764 Πλήρης
2467 1696 2690 1766 χάριτος
2723 1697 2815 1748 καὶ
2849 1697 3134 1766 ἀληθείας,
3164 1715 3181 1747 ι
3217 1696 3374 1765 φησί.
3425 1695 3537 1748 Kal
3565 1698 3592 1748 6
3627 1693 3724 1747 Πέ⁶

2152 1805 2278 1857 τρος
2303 1788 2361 1840 δὲ
2427 1789 2742 1856 σαφέστατα
2785 1789 2945 1842 τοῦτο
3006 1792 3297 1860 μαρτυρεῖ,
3354 1789 3551 1856 λέγων,
3595 1805 3614 1839 ι
3654 1787 3724 1840 Ού

1468 1903 1482 1917 .
1507 1905 1522 1919 .
1563 1867 1754 1920 Viden’
1789 1871 2048 1937 quoniam

2156 1881 2265 1951 γὰρ
2300 1885 2718 1950 σεσοφισμένοις
2757 1882 2951 1950 μύθοις
2979 1881 3541 1954 ἐξακολουθήσαντες,
3572 1882 3728 1948 ἐγνω-

2159 1976 2392 2045 ρίσαμεν
2437 1977 2564 2045 ὑμῖν
2599 1977 2698 2047 τὴν
2753 1976 2847 2030 τοῦ
2890 1977 3101 2046 Κυρίου
3150 1977 3328 2046 Ἰησοῦ
3365 1977 3595 2045 δύναμιν
3639 1973 3729 2027 καὶ

2155 2067 2493 2135 παρουσίαν,
2553 2069 2669 2122 ἀλλ’
2726 2069 2966 2122 ἐπόπται
3014 2068 3341 2138 γενηθέντες
3395 2070 3462 2137 τῇ
3526 2065 3725 2120 ἐκείνου

2158 2161 2564 2231 μεγαλειότητι.
2609 2181 2627 2213 ο
2667 2163 2778 2216 Kal
2831 2162 2990 2228 δόξαν
3020 2161 3183 2214 τοῦτο
3213 2163 3310 2215 καὶ
3339 2161 3515 2231 τιμὴν
3541 2157 3733 2229 ὀνομά-

2157 2252 2264 2318 ξειο
2296 2254 2492 2306 Λαϐὼν
2522 2255 2652 2324 γὰρ,
2695 2258 2849 2326 φησὶ,
2923 2258 3077 2327 παρὰ
3123 2254 3259 2306 Θεοῦ
3306 2253 3528 2324 Πατρός
3575 2251 3732 2320 τιμὴν

2156 2345 2250 2398 καὶ
2283 2345 2466 2411 δόξαν,
2501 2347 2684 2416 φωνῆς
2726 2347 3049 2418 ἐνεχθείσης
3086 2346 3237 2418 αὐτῷ
3265 2348 3486 2401 τοιᾶσδε
3521 2346 3624 2400 ὕπὸ
3643 2347 3734 2411 τῆς

2160 2437 2617 2508 μεγαλοπρεποῦς
2646 2439 2827 2511 δόξης.
2893 2439 3056 2511 Ὁρᾷς
3108 2442 3190 2494 ὅτι
3251 2441 3346 2494 καὶ
3405 2441 3496 2493 τόν
3529 2437 3734 2506 Πατέρα

2155 2532 2315 2599 δόξαν
2352 2535 2553 2603 φησίν;
2605 2537 2687 2588 ὅτι
2735 2537 2885 2604 πηγὴ
2929 2536 3026 2588 καὶ
3085 2535 3231 2606 ἀρχὴ
3271 2536 3380 2605 τῆς
3421 2534 3598 2603 δόξης,
3646 2531 3734 2584 καὶ

2155 2627 2247 2680 τὸν
2278 2627 2407 2680 Υίὺν
2438 2628 2496 2681 δὲ
2527 2627 2753 2697 βασιλέα
2781 2629 2881 2697 τῆς
2911 2627 3108 2695 δόξηςς
3160 2629 3326 2682 Ἀλλὰ
3365 2634 3465 2683 καὶ
3501 2628 3727 2688 Παῦλος,

2163 2738 2180 2772 ι
2216 2719 2583 2788 Ἀπαύγασμα
2608 2722 2708 2789 τῆς
2747 2720 2934 2790 δόξης,
2969 2741 2986 2772 ι
3020 2721 3209 2790 φησίν.
3253 2741 3270 2773 ι
3319 2724 3430 2786 Ὁς
3476 2719 3550 2774 ὣν
3581 2715 3742 2772 ἀπαύο

2159 2829 2349 2882 γασμα
2400 2814 2498 2882 τῆς
2527 2814 2723 2883 δόξης·
2768 2832 2786 2865 ι
2834 2815 3144 2887 ὁμωνύμως
3178 2817 3242 2886 τῇ
3282 2815 3480 2888 χάριτι
3523 2815 3616 2868 καὶ
3645 2812 3736 2881 τὴν

2159 2908 2466 2961 ὑπόστασιν
2496 2909 2804 2977 ὀνομάζων,
2857 2909 2932 2972 ὡς
2964 2911 3057 2962 καὶ
3090 2910 3317 2982 Πνεῦμα
3374 2912 3643 2982 διαφόρως
3669 2910 3730 2963 τὰ

2157 3001 2514 3070 ἐνεργήματα
2549 3001 2728 3055 καλεῖ.
2765 3003 2870 3054 Kal
2919 3000 3146 3072 Πνεῦμα
3180 3002 3281 3070 τὴν
3315 3003 3615 3056 ὑπόστασιν
3641 2999 3729 3052 αὖ·

2157 3092 2256 3162 τὴν
2292 3090 2554 3161 ὀνομάζει
2588 3091 2684 3144 τοῦ
2715 3092 2861 3145 θείου
2895 3093 3237 3162 Πνεύματος,
3276 3095 3339 3159 ἐξ
3368 3091 3436 3167 ἧς
3465 3097 3532 3148 τὰ
3579 3092 3727 3164 χαρίσ

2161 3198 2367 3250 σματα.
2405 3182 2578 3254 Κοινὴ
2605 3183 2714 3256 ἄρα
2767 3185 2800 3246 ἡ
2824 3182 2951 3247 δόξα
2987 3184 3085 3252 τῆς
3120 3184 3380 3252 Τρὶἀδος,
3437 3187 3590 3240 Ἐπεὶ
3641 3181 3730 3236 καὶ

2166 3292 2184 3325 ι
2223 3273 2438 3342 Ἀγιος.
2469 3257 2648 3343 ἅγιος,
2681 3275 2857 3343 ἅγιος,
2920 3276 3126 3346 Κύριος
3161 3277 3418 3344 Σαϐαὼθ,
3451 3281 3662 3348 πλήρης
3700 3277 3727 3329 6

2156 3365 2387 3437 οὐρανὸς
2417 3367 2513 3420 καὶ
2553 3368 2585 3436 ἡ
2617 3367 2690 3436 γῆ
2722 3369 2822 3438 τῆς
2841 3366 3000 3437 δόξης
3026 3368 3216 3421 αὑτοῦ.
3261 3388 3278 3420 ι
3350 3371 3462 3423 Kal
3497 3372 3592 3440 μία
3628 3367 3732 3422 θεό-

2157 3478 2255 3530 της
2285 3461 2386 3529 τῆς
2419 3460 2675 3530 Τριάδος,
2705 3461 2826 3512 ἐπεὶ
2855 3461 2950 3513 καὶ
2985 3459 3100 3512 θεοὶ
3135 3463 3182 3513 οἱ
3206 3461 3315 3514 sub
3344 3463 3554 3533 ταύτης
3587 3460 3728 3515 θεού-

2157 3569 2334 3627 μενοι.
2368 3552 2466 3604 Διὰ
2493 3551 2656 3604 τοῦτο
2692 3551 2784 3603 καὶ
2810 3550 2943 3614 Θεὸς
2969 3550 3100 3622 ἔστη
3133 3554 3190 3605 ἐν
3223 3557 3527 3625 συναγωγῇ
3579 3552 3729 3606 θεῶν.

2159 3646 2265 3698 Kal
2299 3644 2398 3714 μία
2421 3645 2747 3716 λαμπρότης
2795 3647 2828 3716 ἡ
2881 3647 2978 3716 τῆς
3012 3645 3270 3715 Τριάδος,
3329 3650 3465 3720 περὶ
3493 3645 3558 3720 ἧς
3592 3647 3727 3718 εῠχε.

2155 3752 2244 3790 ται
2281 3737 2468 3802 Δαδὶδ,
2498 3737 2681 3802 καθὼς
2714 3739 2952 3809 ἔφημεν,
2985 3761 3003 3792 ι
3040 3741 3146 3792 Kal
3178 3740 3319 3792 ἔστω
3351 3745 3385 3812 ἡ
3417 3741 3736 3812 λαμπρότης

2159 3832 2365 3900 Κυρίου
2400 3831 2495 3884 τοῦ
2525 3831 2658 3885 Θεοῦ
2700 3834 2855 3902 ἡμῶν
2885 3833 3158 3904 ἐφ’ἡμᾶς.
3191 3853 3209 3886 ι
3251 3836 3385 3902 Kal,
3441 3855 3459 3889 ι
3498 3835 3590 3890 Ἐν
3621 3836 3734 3893 ταῖς

2154 3922 2529 3995 λαμπρότησι,
2590 3925 2743 3993 φησὶ,
2800 3923 2912 3976 τῶν
2942 3926 3118 3991 ἁγίων
3154 3943 3271 3980 σου.
3318 3945 3337 3978 ι
3401 3927 3546 3996 ’Ὅρα
3575 3927 3629 3980 δὲ
3659 3926 3737 3978 ὅτι

2156 4017 2250 4070 καὶ
2289 4019 2346 4068 ὲν
2378 4017 2456 4084 τῷ
2502 4015 2622 4083 Θεῷ
2650 4018 3000 4088 λαμπρότης,
3028 4019 3122 4072 καὶ
3157 4021 3214 4071 ὲν
3242 4021 3359 4084 τοῖς
3385 4022 3568 4090 ἁγίοις
3597 4020 3735 4087 λαμ·

2160 4107 2366 4176 πρότης
2397 4121 2411 4136 ⁸
2455 4126 2472 4158 ι
2516 4107 2776 4160 Ἐκάλεσε
2808 4109 2916 4179 γὰρ
2955 4111 3104 4180 ἡμᾶς
3140 4110 3275 4178 πρὸς
3333 4113 3396 4165 τὸ
3428 4111 3740 4182 θαυμαστὸν

2159 4199 2324 4252 αὐτοῦ
2362 4199 2504 4267 φῶς,
2544 4219 2562 4251 ι
2626 4201 2832 4272 Πέτρος
2879 4202 3051 4272 λέγει.
3106 4194 3236 4256 Καί
3277 4203 3443 4280 ἄλλος
3495 4205 3739 4272 θεολόγος

2159 4293 2286 4361 περὶ
2353 4292 2560 4362 ταύτης
2630 4293 2915 4357 διδάσκει,
2988 4295 3356 4366 λαμπρότητα
3403 4281 3577 4352 ¹Θεοῦ
3650 4297 3740 4351 καὶ

2161 4383 2286 4437 ίδὼν
2335 4369 2509 4447 αὐτὸς
2559 4387 2654 4440 καὶ
2711 4388 2940 4441 παθών·
2999 4389 3096 4441 καὶ
3145 4391 3193 4442 οἱ
3237 4393 3500 4460 ποιμένες
3536 4391 3593 4446 δὲ
3635 4390 3738 4460 πρὸ

2159 4475 2328 4529 αύ’τοῦ
2359 4473 2519 4532 εἶδον.
2567 4496 2586 4530 ι
2627 4479 2771 4544 Δόξα
2803 4482 2934 4549 γὰρ,
2964 4482 3118 4551 φησὶ,
3179 4483 3386 4553 Κυρίου
3445 4486 3747 4554 περιέλαμ-

2157 4567 2260 4637 ψεν
2302 4569 2530 4633 αὐτούς.
2574 4588 2592 4621 ι
2624 4570 2774 4640 Αὕτη
2828 4572 2884 4625 δὲ
2935 4578 3232 4642 φωτεινοίις
3275 4577 3373 4630 καὶ
3414 4580 3543 4640 τοὺς
3578 4577 3745 4646 ἀγγέη

2160 4659 2286 4722 λους
2317 4661 2572 4716 δεικνύει.
2605 4680 2625 4716 ι
2671 4663 2728 4717 '0
2755 4665 2923 4718 ποιῶν
2961 4685 2980 4718 ι
3018 4669 3149 4737 γὰρ,
3208 4670 3365 4736 φησι,
3402 4689 3422 4721 ‹
3465 4672 3593 4734 τοὺς
3645 4671 3745 4736 ἀγ·-

2161 4754 2351 4820 γέλους
2387 4753 2554 4807 αὑτοῦ
2596 4756 2904 4826 πνεύματα,
2938 4762 3032 4812 καὶ
3069 4761 3196 4823 τοὺς
3249 4761 3609 4834 λειτουργοὺς
3650 4764 3747 4816 αύ-

2159 4845 2256 4898 τοῦ
2285 4849 2459 4916 πυρός
2488 4848 2682 4916 φλόγα.
2743 4868 2760 4900 ι
2816 4852 2929 4905 Kal
2976 4847 3044 4923 ἦν
3088 4854 3144 4907 δὲ
3191 4857 3223 4925 ἡ
3280 4858 3430 4911 είδέα
3471 4857 3640 4912 αὑτοῦ
3673 4858 3746 4920 ὡς

2157 4937 2441 5010 ἀστραπὴ,
2476 4945 2571 4994 καὶ
2593 4944 2653 4994 τὸ
2684 4944 2896 5015 ἔνδυμα
2952 4947 3120 5000 αὑτοῦ
3156 4949 3350 5003 λευκὸν
3401 4954 3539 5007 ὡσεὶ
3587 4952 3738 5023 χιών.

2156 5030 2328 5091 Αὐτὸς
2368 5031 2470 5084 δὲό
2524 5036 2889 5102 καταυγὰζων
2953 5041 3133 5110 πολλῷ
3189 5043 3395 5110 μᾶλλον
3459 5046 3736 5117 ἐξέλαμψε

2158 5123 2486 5191 σαρκωθείς.
2513 5127 2624 5179 Kal
2682 5128 2915 5182 καθόσον
2967 5132 3236 5201 ἠδύναντο
3271 5135 3502 5206 θεωρεῖν
3556 5141 3605 5192 cl
3638 5156 3744 5209 μα-

2157 5213 2339 5283 θηταὶ,
2372 5214 2529 5286 ὤφθη
2579 5219 2790 5284 τούτοις
2839 5225 2934 5276 ἐπὶ
2966 5225 3058 5278 τοῦ
3107 5226 3290 5297 ὅρους.
3332 5248 3351 5282 ι
3390 5232 3501 5286 Καὶ
3532 5229 3740 5301 ἔλαμψε

2158 5305 2376 5378 (φησὶ)
2434 5309 2492 5361 τὸ
2549 5314 2846 5381 πρόσωπον
2907 5318 3075 5371 αὑτοῦ
3133 5320 3209 5384 ὡς
3266 5324 3294 5376 6
3338 5323 3516 5392 ἥλιος,
3573 5328 3639 5377 τα
3687 5324 3744 5376 δὲ

2159 5398 2355 5468 ἱμάτια
2397 5401 2566 5454 αὑτοῦ
2592 5406 2814 5473 ὲγένετο
2847 5408 3020 5462 λευκὰ
3060 5410 3179 5465 λίαν
3213 5414 3288 5477 ὡς
3333 5414 3515 5483 χιών·
3555 5436 3573 5467 ι
3620 5415 3740 5469 ἓτε-

2163 5507 2253 5559 ρος
2281 5491 2338 5544 δὲ
2378 5493 2490 5546 τῶν
2545 5497 2954 5566 εύαγγελιστῶν
2994 5521 3159 5572 φησιν
3186 5521 3200 5534 ·
3233 5525 3250 5557 ι
3307 5507 3397 5570 Ὠς
3448 5509 3510 5561 τὸ
3545 5510 3683 5576 φῶς.
3717 5526 3736 5560 ι

2167 5583 2387 5657 Ἐπειδὴ
2422 5588 2482 5639 ού
2518 5589 2701 5654 καθὼς
2732 5587 2820 5662 ἦν,
2848 5595 2985 5649 ἀλλὰ
3015 5597 3199 5661 καθὼς
3225 5599 3498 5670 ἠδύναντο
3538 5601 3738 5671 χωρεῖν

2154 5675 2388 5746 ἑωρᾶτο.
2417 5681 2524 5733 Καὶ
2552 5685 2678 5746 τοὺς
2706 5686 2974 5754 ἀγγέλους
3005 5691 3060 5743 δὲ
3100 5692 3156 5744 ἐν
3171 5693 3248 5764 τῷ
3278 5695 3529 5764 μνήματι
3565 5695 3730 5748 πάλιν

2156 5773 2454 5837 φωτεινοὺς
2498 5776 2728 5844 ἔϐλεψαν
2751 5780 2806 5832 αἱ
2840 5780 2981 5834 θεῖαι
3016 5788 3299 5852 γυναῖκες,
3335 5789 3431 5840 καὶ
3461 5789 3489 5839 6
3539 5787 3741 5857 Πέτρος

2155 5865 2212 5913 ἐν
2237 5866 2302 5931 τῇ
2337 5867 2546 5938 εἱρκτῇ.
2595 5870 2756 5923 Ἀλλὰ
2806 5873 2916 5935 τοῖς
2957 5876 3056 5944 μὲν
3101 5880 3352 5947 ἀγγέλοις
3401 5881 3544 5934 κατὰ
3579 5895 3737 5950 μετο-
