4038 6434
387 356 485 420 165

1437 360 1819 422 DIALOGUS
1860 361 2163 420 CONTRA
2208 364 2597 427 lli‘ERESES.

3541 364 3641 428 1316

386 472 486 539 χὴν
514 463 582 539 ἧν
612 467 674 522 τὸ
697 468 837 538 φῶς,
871 470 994 523 ἐπεὶ
1033 472 1124 523 καὶ
1168 472 1398 540 δεύτερα
1441 473 1597 541 φῶτα
1631 471 1808 533 οῦτοι,
1846 473 1953 526 λει-

2065 475 2265 545 inquit,
2314 478 2368 531 in
2402 480 2643 535 tenebris
2677 478 2865 535 lumen
2926 481 3112 546 rectis,
3148 499 3166 533 ι
3206 488 3429 549 propter
3493 482 3639 551 quod

385 564 607 632 τουργοὶ
637 564 737 632 τῆς
790 564 1015 637 πρώτης
1068 566 1481 638 λαμπρότητος,
1532 569 1678 624 καθά
1710 586 1814 624 που
1847 572 1959 625 τῶν

386 654 651 722 θεολόγων
682 657 818 727 φησί
844 675 928 720 τις
951 677 964 691 ο
995 660 1023 710 ό
1055 659 1259 729 Κύριος
1291 661 1345 715 δὲ
1376 661 1493 729 φῶς
1521 663 1777 730 ἀληθινὸν
1818 665 1963 719 κατὰ

391 748 552 816 φύσιν
585 744 698 818 εἶχε
731 753 831 818 τὴν
857 750 1086 820 λάμψιν,
1121 755 1249 824 περὶ
1272 749 1340 819 ἧς
1404 754 1604 825 ηὔχετο
1647 757 1831 819 Δαϐἱδ,
1869 759 1959 811 λέ-

302 842 305 845 ’
392 856 526 907 γων,
554 857 574 891 ι
614 840 1034 903 Ἐξαπόστειλον
1057 843 1120 896 τὸ
1150 847 1267 912 φῶς
1304 863 1400 899 σου
1443 846 1536 899 καὶ
1564 849 1664 918 τὴν
1700 848 1962 918 ἀλήθειάν

397 951 511 989 σου.
548 952 566 985 ι
616 933 883 1005 Ἀλλαχοῦ
918 935 973 991 δὲ
1028 940 1122 990 καὶ
1165 939 1448 1011 φωτισμὸν
1497 940 1592 994 τοῦ
1661 941 1961 1010 προσώπου

389 1022 525 1076 Θεοῦ
548 1024 805 1092 ὀνομάζει
839 1031 1018 1082 τοῦτο.
1052 1030 1163 1082 Καὶ
1192 1031 1320 1099 περὶ
1351 1031 1443 1084 τοῦ
1504 1033 1561 1084 ὲν
1593 1035 1705 1096 τοῖς
1731 1035 1963 1098 δικαίοις

387 1115 693 1184 φωτισμοῦ,
744 1136 761 1165 ι
798 1116 1174 1181 Ἐξανέτειλεν
1197 1121 1254 1173 ὲν
1284 1123 1469 1175 σκότει
1507 1123 1624 1190 φῶς
1659 1125 1773 1186 τοῖς
1810 1124 1964 1177 eoos-

386 1225 463 1267 σι,
498 1226 516 1258 ι
554 1210 676 1275 περὶ
709 1208 769 1262 οῦ
806 1213 985 1278 φωτὸς
1021 1214 1241 1282 καὶτῆς
1270 1214 1447 1270 ἀϊδίου
1475 1220 1571 1269 καὶ
1630 1218 1782 1281 θείας
1816 1218 1963 1289 λαμ·

395 1301 665 1367 πρότητος
713 1304 808 1356 καὶ
840 1305 949 1366 πᾶς
1003 1306 1313 1373 ἠγωνίσατο
1347 1310 1373 1362 ὁ
1403 1310 1513 1362 τῶν
1555 1310 1727 1378 ἁγίων
1778 1313 1961 1382 χορὸς,

389 1395 479 1446 καὶ
505 1392 613 1445 τῶν
646 1396 987 1465 ἁρῤαϐώνων
1028 1395 1120 1450 τοῦ
1163 1401 1449 1469 φωτισμοῦ
1492 1402 1710 1464 τούτου,
1745 1402 1822 1463 ὡς
1867 1406 1963 1473 ἐγ-

389 1484 599 1553 χωροῦν
631 1481 719 1557 ἢν,
752 1490 842 1541 καὶ
885 1491 984 1559 τῆς
1015 1492 1332 1560 ἐλλάμψεως
1366 1492 1578 1563 ἔτυχεν.
1631 1495 1816 1549 Οἵδασι
1851 1497 1961 1568 γὰρ

388 1575 641 1645 εὔχεσθαι
703 1580 842 1648 μετὰ
878 1582 972 1636 τοῦ
1009 1584 1173 1638 Δαϐιδ
1202 1586 1282 1646 τὸ,
1322 1605 1338 1636 ι
1374 1587 1445 1638 Σὺ
1488 1591 1711 1655 φωτιεϊς
1769 1589 1961 1660 λύχνον

389 1686 512 1731 μου,
549 1671 719 1739 Κύριε
755 1673 781 1725 ὁ
822 1673 957 1737 Θεός
990 1693 1115 1745 μου,
1179 1682 1398 1743 ςωτιεῖς
1431 1680 1491 1731 τὸ
1536 1681 1729 1743 σκότος
1764 1701 1887 1752 μου.
1934 1702 1954 1736 ι

392 1763 485 1824 ’ος
516 1765 610 1814 καὶ
658 1766 955 1833 φωτισθεὶς
1005 1770 1099 1821 καὶ
1132 1770 1477 1842 εὐφροσύνης
1502 1774 1566 1825 ἐκ
1597 1777 1791 1829 τούτου
1819 1776 1960 1848 πλη-

384 1854 601 1925 ρωθεὶς,
635 1856 813 1924 ἔλεγε,
856 1878 874 1909 ι
909 1858 1032 1922 Φῶς
1062 1861 1305 1914 ἀνέτειλε
1343 1862 1418 1931 τῷ
1449 1863 1669 1937 δικαίῳ,
1703 1868 1798 1921 καὶ
1840 1869 1954 1933 τοῖς

384 1948 565 2002 εύθέσι
614 1953 678 2020 τῇ
712 1953 909 2023 καρδίᾳ⁴
960 1955 1295 2026 εὐφροσύνη,
1334 1956 1391 2008 ὲν
1421 1950 1455 2030 ᾖ
1487 1959 1582 2012 καὶ
1632 1961 1954 2030 χορτασθεὶς

383 2044 468 2093 ἐλε
491 2058 560 2108 γε.
596 2061 613 2093 ι
650 2043 1118 2118 Χορτασθήσομαι
1150 2049 1207 2100 ὲν
1233 2049 1311 2116 τῷ
1342 2050 1580 2120 ὀφθῆναί
1623 2071 1716 2122 μοι
1741 2054 1839 2123 τὴν
1871 2054 1956 2108 δό-

385 2132 479 2196 ξαν
503 2148 618 2188 σου.
663 2154 681 2187 ι
720 2136 942 2192 Μᾶλλον
989 2138 1045 2192 δὲ
1091 2140 1216 2202 τοὺς
1280 2143 1612 2213 ἀρραϐῶνας
1645 2143 1831 2203 λαῦὼν
1880 2147 1956 2211 ὡς

383 2223 691 2302 θεοπὰτωρ,
727 2226 795 2280 τὰ
818 2229 949 2295 περὶ
975 2228 1074 2300 τῆς
1100 2228 1261 2300 δόξης
1291 2231 1385 2285 τοῦ
1418 2233 1664 2305 Χριστοῦ
1698 2237 1791 2288 καὶ
1809 2237 1954 2307 λαμ-

382 2317 651 2386 πρότητος
680 2317 1082 2388 προεκήρυττε,
1114 2319 1183 2374 δι’
1204 2315 1271 2393 ἧς
1302 2323 1398 2376 καὶ
1426 2326 1590 2395 ἡμεῖς
1612 2326 1718 2378 υἱοὶ
1750 2327 1954 2396 φωτὸς,

382 2410 477 2463 καὶ
530 2411 695 2462 τέκνα
745 2412 944 2478 φωτός.
1001 2414 1093 2466 Διὸ
1147 2416 1243 2469 καὶ
1297 2416 1474 2484 φωτὸς
1522 2419 1673 2482 υἱοὺς
1723 2420 1872 2489 ήμᾶς
1908 2422 1956 2476 οί

382 2501 623 2569 θεολόγοι
658 2503 999 2572 γεγράφασι,
1028 2508 1123 2558 καὶ
1158 2507 1508 2579 παράκλησιν
1534 2513 1627 2563 καὶ
1658 2512 1837 2582 χάριν,
1863 2516 1958 2567 καὶ

381 2592 681 2660 βασιλείαν,
721 2594 815 2647 καὶ
847 2596 1167 2667 ἀρραϐῶνα,
1228 2599 1319 2651 καὶ
1373 2589 1636 2672 ’ἀπαρχὴν
1686 2603 1779 2657 τοῦ
1822 2605 1956 2673 μέλ·

378 2686 562 2747 λοντος
629 2689 826 2750 αἰιῖινος
894 2689 1054 2743 τοῦτο
1118 2691 1177 2743 τὸ
1270 2694 1385 2760 φῶς
1457 2694 1795 2764 είρήκασιν·
1856 2698 1956 2754 οὐκ

380 2779 657 2849 αἰσθητῶς
710 2783 1046 2855 γευσάμενοι
1114 2785 1351 2839 τούτου*
1412 2787 1532 2840 ἐπεὶ
1592 2788 1702 2841 οὐδ’
1761 2792 1955 2863 αίσθη-

377 2871 446 2941 τὴ
497 2873 528 2941 ἠ
574 2873 777 2942 λάμψις
831 2876 978 2926 ἐστὶν
1031 2876 1239 2946 ἐκείνη.
1287 2879 1477 2947 Ὀμως
1527 2880 1831 2953 ἐπειδήπερ
1877 2885 1958 2938 δι-

381 2966 505 3017 πλοῖ
537 2965 641 3035 57
677 2968 859 3036 ἡμεῖς,
900 2968 1117 3038 »ἀληθὴς
1156 2969 1271 3041 δὲή
1314 2971 1518 3040 λάμψις
1554 2974 1738 3046 ἐκείνη
1771 2977 1835 3030 ἐκ
1861 2978 1956 3032 τοῦ

380 3058 475 3127 τῆς
514 3058 859 3130 δικαιοσύνης
900 3061 1109 3124 Ἠλίου,
1148 3063 1243 3115 καὶ
1278 3064 1308 3132 ή
1348 3065 1606 3137 ἀστραπὴ
1641 3068 1805 3140 νοητὴ
1856 3069 1958 3138 τῆς

379 3150 665 3217 Θεὸτητος,
727 3151 823 3204 καὶ
862 3152 1066 3223 νοητῶς
1130 3156 1193 3205 ἐκ
1245 3154 1561 3222 [Ινεύματος
1621 3157 1779 3227 ἁγίου
1826 3161 1953 3229 ἡμῖν

2063 3157 2226 3212 ritate
2259 3154 2513 3210 Christi?
2553 3174 2570 3206 ι
2610 3164 2662 3209 et

378 3245 783 3314 ὲπιλάμπουσα,
834 3245 894 3297 οὗ
926 3245 1023 3315 τὴν
1074 3244 1253 3316 ψυχὴν
1300 3248 1529 3315 αὐγάζει
1584 3252 1767 3321 μόνον,
1819 3252 1955 3308 ἀλλὰ

380 3339 471 3392 καὶ
523 3339 583 3390 τὸ
634 3337 792 3407 σῶμα
853 3338 1336 3410 καταλαμπρύνει.
1397 3342 1507 3394 Καὶ
1564 3342 1724 3395 τοῦτο
1782 3343 1955 3410 ἔδειξε

381 3432 573 3503 πρώην
632 3434 751 3504 μὲν,
804 3433 877 3495 ώς
924 3431 1137 3503 ἔφημεν
1162 3474 1178 3499 ,
1232 3435 1476 3507 Μωῦσῆς
1505 3453 1517 3465 ·
1544 3434 1737 3491 ἔπειτα
1771 3437 1826 3489 δὲ
1860 3437 1956 3490 καὶ

378 3531 514 3601 αὐτὴ
570 3533 603 3600 ή
650 3531 918 3601 ἀλήθεια,
958 3532 990 3601 ή
1033 3531 1130 3601 τὴν
1207 3531 1415 3602 λάμψιν
1488 3533 1705 3604 ἐκείνην
1776 3536 1955 3608 πηγά-

376 3625 566 3688 ζουσα,
609 3625 815 3695 Ἰησοῦς
862 3625 1099 3694 Χριστὸς
1151 3627 1178 3678 ὁ
1218 3625 1350 3690 Θεὸς
1408 3627 1587 3697 ἡμῶν,
1618 3628 1760 3681 καὶὸ
1796 3628 1948 3699 πρῶ-

374 3738 465 3782 τος
509 3720 565 3772 δὲ
623 3720 930 3789 ἐναθλήσας
983 3720 1123 3788 ὑπὲρ
1172 3718 1339 3773 αὐτοῦ
1401 3720 1676 3788 Στέφανος
1718 3721 1748 3772 ὁ
1798 3722 1954 3790 μέγι-

377 3831 518 3879 στος,
551 3814 642 3865 καὶ
667 3815 694 3864 ὁ
721 3811 992 3872 θειότατος
1026 3812 1234 3875 Παῦλος
1258 3854 1270 3874 ,
1308 3810 1365 3872 ὃς
1421 3812 1588 3882 μήπω
1648 3812 1747 3882 μὲν
1787 3811 1955 3865 καθα-

375 3906 465 3975 ρ’ς
491 3906 584 3967 ὢν,
616 3903 762 3966 ιῖὼν,
800 3900 1084 3972 ἐτυφλώθη
1118 3903 1211 3965 τὰς
1250 3903 1439 3972 κόρας,
1473 3902 1576 3962 ἕως
1611 3901 1954 3972 κεκάθαρται

371 3999 449 4067 τῷ
494 3997 852 4067 βαπτίσματι,
913 3990 1275 4065 μετὰταῦτα
1332 3995 1390 4048 δὲ
1454 3995 1597 4064 ἔχων
1654 3997 1712 4048 ὲν
1772 3992 1952 4065 ἐαυτῷ

373 4090 777 4160 διεθερμαίνοντο
806 4087 1004 4155 λέγων,
1038 4106 1055 4137 ι
1109 4085 1204 4149 Τίς
1239 4087 1390 4156 ἡμᾶς
1434 4087 1664 4157 χωρίσει
1712 4087 1820 4140 ἀπὸ
1855 4088 1952 4158 τῆς

370 4185 589 4252 ἀγάπης
615 4184 707 4236 τοῦ
734 4181 1002 4250 Χριστοῦ;
1034 4200 1051 4231 ι
1090 4182 1197 4234 Καὶ
1233 4180 1617 4246 ἐξαπέστειλεν
1659 4183 1686 4233 ὁ
1732 4180 1864 4243 Θεὸς
1891 4181 1953 4234 τὸ

372 4277 596 4346 Πνεῦμα
648 4274 739 4328 τοῦ
801 4274 926 4326 Υἱοῦ
960 4273 1125 4325 αὐτοῦ
1176 4274 1255 4334 είς
1301 4273 1400 4335 τὰς
1438 4272 1671 4341 καρδίας
1704 4272 1883 4342 ἡμῶν.
1926 4291 1944 4324 ι

371 4371 498 4433 Καὶ,
542 4387 559 4418 ι
597 4368 661 4419 Εἴ
690 4386 770 4429 τις
808 4365 1032 4435 Πνεῦμα
1074 4364 1315 4435 Χριστοῦ
1345 4366 1446 4417 οὐκ
1488 4365 1625 4435 ἔχει,
1659 4358 1816 4428 οὗτος
1847 4366 1951 4418 οὐκ

369 4462 512 4514 ἔστιν
558 4461 749 4521 αὐτοῦ,
792 4479 809 4510 ι
862 4459 961 4527 τὴν
1013 4457 1176 4526 χάριν
1225 4455 1400 4525 λέγων
1445 4453 1540 4509 τοῦ
1604 4454 1947 4524 Πνεύματος,

2065 571 2247 625 lumen
2304 583 2357 627 et
2414 582 2676 627 aeternam
2745 574 3098 644 divinamque
3177 575 3638 629 illuminationem

2062 664 2247 718 omnis
2306 673 2624 717 sanctorum
2686 665 2892 721 chorus
2928 665 3251 727 decertavit,
3302 676 3355 720 et
3411 666 3639 735 pignora

2063 756 2212 811 illius
2235 755 2547 826 splendoris
2572 766 2625 811 et
2670 758 3057 814 illustrationis
3110 776 3205 829 pro
3235 762 3444 817 viribus
3481 775 3643 813 acce-

2066 846 2162 915 pit.
2194 844 2387 901 Sciunt
2413 847 2559 902 enim
2587 864 2710 903 cum
2741 848 2908 903 David
2938 866 3139 909 orare:
3173 868 3191 902 ι
3232 851 3295 905 Ει
3328 862 3385 905 tu
3422 852 3641 906 illumi-

2066 956 2166 995 nas
2192 940 2472 995 lucernam
2500 957 2701 1007 meam,
2730 943 2976 1007 Domine,
3004 943 3341 1011 Deusmeus,
3370 944 3644 998 illumina-

2067 1030 2151 1084 bis
2188 1032 2442 1086 tenebras
2472 1048 2662 1098 meas;
2696 1052 2713 1085 ι
2750 1035 2841 1104 qui
2876 1034 3220 1090 illuminatus
3266 1047 3316 1091 et
3352 1046 3638 1106 propterea

2068 1122 2254 1176 laetitia
2290 1124 2547 1193 impletus
2593 1126 2810 1181 dicehat
2847 1141 2860 1179 :
2896 1145 2912 1177 ι
2943 1126 3059 1181 Lux
3094 1138 3213 1183 orta
3248 1136 3329 1183 est
3363 1128 3535 1199 justo,
3591 1136 3648 1182 et

2069 1214 2230 1291 rectis
2261 1216 2424 1270 corde
2454 1216 2664 1282 laetitia,
2698 1236 2715 1268 ›
2777 1220 2829 1273 in
2887 1236 2990 1290 qua
3026 1222 3309 1275 exsultans
3373 1212 3591 1277 dicebat
3628 1239 3642 1277 :
3736 1250 3739 1253 -

2072 1325 2089 1357 ι
2127 1305 2424 1360 Exsultabo
2446 1322 2567 1361 cum
2597 1311 2916 1379 apparuerit
2977 1313 3104 1365 mihi
3138 1315 3308 1383 gloria
3359 1324 3502 1381 tuan
3546 1332 3643 1385 po-

2067 1398 2176 1451 tius
2210 1413 2339 1451 vero
2394 1398 2621 1467 pignora
2657 1402 2935 1466 accipiens
2978 1413 3164 1472 utpote
3219 1404 3310 1459 Dei
3377 1421 3640 1475 proauis,

2062 1490 2290 1560 gloriam
2324 1499 2376 1543 et
2412 1490 2717 1544 claritatem
2748 1491 2950 1547 Christi
2996 1495 3319 1564 praedicebat
3355 1512 3447 1565 per
3473 1513 3639 1565 quam

2067 1582 2160 1636 lilii
2193 1582 2329 1636 lucis
2390 1596 2582 1635 sumus
2638 1592 2691 1637 et
2730 1586 2880 1652 pueri
2938 1586 3099 1641 lucis.
3146 1587 3439 1657 Pmptcrca
3501 1590 3641 1644 lucis

2066 1676 2206 1729 lilios
2264 1674 2501 1744 theologi
2567 1690 2666 1730 nos
2716 1676 3097 1745 scripserunt,
3157 1688 3320 1749 atque
3380 1681 3636 1734 solatium

2063 1769 2405 1837 gratiamque
2434 1779 2488 1822 et
2537 1784 2791 1837 regnum,
2821 1771 3017 1839 pignus
3060 1782 3112 1827 et
3156 1773 3430 1841 primitias
3474 1774 3640 1827 lnturi

1992 1836 2244 1915 Bszeeuli
2308 1861 2486 1914 lucem
2561 1861 2731 1915 illam
2771 1861 3051 1926 dixerunt,
3084 1880 3249 1933 quam
3306 1882 3411 1923 non
3470 1881 3637 1921 sensu

2062 1962 2441 2020 gustaverunt,
2476 1968 2598 2006 cum
2656 1954 2881 2008 claritas
2937 1954 3026 2007 illa
3063 1972 3167 2009 non
3236 1958 3307 2010 sit
3341 1959 3638 2012 sensibilis.

2058 2046 2193 2101 Cum
2225 2045 2386 2100 simul
2426 2046 2631 2115 duplici
2665 2047 2972 2102 substantia
3002 2057 3340 2110 constemus.
3370 2066 3499 2102 vera
3542 2050 3632 2104 lur

2062 2136 2148 2189 illa
2196 2137 2324 2193 solis
2380 2136 2631 2207 justitiaa,
2653 2147 2706 2190 et
2734 2137 3033 2207 spiritualis
3073 2140 3384 2194 coruscatio
3414 2139 3641 2194 Deitatis

2060 2226 2416 2293 Spiritualiter
2460 2226 2616 2281 nobis
2657 2244 2721 2281 ex
2781 2236 2973 2283 sancto
3024 2227 3227 2298 Spiritu
3264 2231 3493 2287 illncens
3534 2247 3640 2284 non

2062 2329 2296 2372 tuentem
2329 2327 2540 2374 tantum
2576 2320 2870 2385 illuminat,
2913 2323 3008 2376 sed
3068 2331 3120 2377 ct
3164 2338 3367 2392 corpus
3430 2323 3638 2379 lumine

2062 2411 2367 2485 perfundit.
2403 2414 2559 2479 Quod
2600 2412 2859 2485 patefecit
2896 2415 3074 2485 primo
3125 2416 3370 2484 quidem,
3407 2428 3467 2470 ut
3503 2418 3641 2472 dixi-

2064 2519 2209 2570 mus,
2244 2503 2480 2576 Moyses,
2507 2506 2703 2560 deinde
2728 2524 2857 2562 vero
2885 2510 3000 2578 ipsa
3036 2510 3261 2575 vet-itas,
3317 2509 3442 2565 fons
3477 2512 3642 2567 istius

2061 2595 2223 2659 lucis,
2260 2595 2419 2653 Jesus
2450 2597 2707 2654 Christus
2737 2599 2881 2654 Deus
2920 2612 3127 2666 noster,
3161 2619 3370 2657 necnon
3432 2606 3643 2671 primus

2061 2688 2151 2757 qui
2191 2704 2287 2757 pro
2325 2703 2388 2742 eo
2420 2691 2650 2744 certarit
2708 2692 3020 2761 Stephanus
3083 2695 3373 2760 maximus,
3414 2694 3642 2751 Paulus

2060 2796 2169 2849 que
2199 2780 2599 2849 divinissimus,
2628 2784 2719 2854 qui
2757 2799 2879 2837 cum
2920 2785 3159 2841 mundus
3197 2788 3435 2842 nondum
3471 2798 3637 2853 esset,

2065 2874 2277 2939 videns,
2319 2877 2496 2931 oculis
2532 2888 2726 2945 captus
2761 2888 2867 2942 est,
2904 2894 3079 2948 usque
3131 2879 3258 2933 dum
3315 2880 3641 2949 baptismate

2064 2968 2424 3023 mundarctur
2458 2986 2474 3037 ;
2516 2979 2701 3040 postea
2733 2987 2858 3022 vero
2900 2971 3082 3024 lumen
3119 2971 3324 3025 habens
3353 2971 3405 3025 in
3438 2983 3640 3026 sumet—

2062 3060 2182 3129 ipso
2210 3063 2436 3118 ardebat
2469 3063 2661 3118 dicens
2694 3080 2705 3113 :
2755 3083 2772 3115 ‹
2805 3064 2939 3129 Quis
2996 3078 3097 3116 nos
3128 3064 3409 3132 separabit
3443 3081 3471 3119 a
3508 3064 3638 3119 cha-

2724 3172 2738 3209 :
2776 3174 2793 3207 ι
2832 3155 2979 3210 Misit
3014 3155 3156 3211 Deus
3195 3155 3461 3226 Spiritum
3517 3157 3641 3212 Filii

2060 3247 2143 3303 sui
2173 3248 2226 3302 in
2268 3247 2527 3301 cordibus
2564 3247 2804 3313 nostris;
2838 3267 2855 3298 ι
2904 3256 2956 3300 et
2988 3263 3003 3301 :
3046 3266 3065 3299 ι
3106 3246 3161 3301 Si
3199 3248 3324 3319 quis
3376 3249 3645 3319 Spiritum

2059 3339 2262 3395 Christi
2322 3356 2431 3394 non
2484 3340 2665 3404 habt-t,
2728 3341 2815 3393 hic
2867 3355 2973 3393 non
3012 3350 3094 3396 est
3157 3342 3298 3411 ejus,
3336 3360 3352 3393 ›
3410 3343 3637 3411 gratiam

2062 3432 2306 3504 Spiritus
2340 3435 2530 3489 dicens
2571 3420 2692 3503 quae
2748 3434 3007 3489 Trinitati
3045 3436 3356 3490 communis
3388 3446 3493 3493 est.
3535 3436 3639 3490 Pe-

2060 3534 2181 3581 trus
2215 3542 2346 3581 vero
2383 3526 2437 3579 in
2460 3541 2704 3588 carcere,
2742 3526 2863 3581 luce
2887 3535 3130 3596 aspecta,
3178 3527 3304 3582 inde
3350 3531 3648 3583 roboratus

2058 3623 2159 3676 est,
2199 3624 2253 3669 et
2297 3627 2506 3669 catena:
2541 3615 2861 3669 ceciderunt
2893 3616 2959 3669 de
2996 3617 3248 3671 manibus
3294 3617 3438 3685 ejus.
3488 3616 3645 3671 Mutti-

2056 3708 2220 3763 etiam
2252 3721 2283 3757 e
2319 3707 2522 3762 divinis
2555 3706 2846 3776 discipulis
2898 3707 3001 3761 hac
3031 3707 3433 3763 illuminatione
3461 3709 3634 3779 gavisi

2058 3807 2209 3863 sunt,
2256 3800 2398 3853 inter
2453 3816 2591 3866 quos
2642 3798 2822 3855 Lucas
2870 3808 2926 3855 et
2975 3800 3246 3870 Cleophas
3298 3800 3435 3855 lucis
3487 3800 3645 3857 illius

2056 3891 2295 3945 calorem
2329 3900 2689 3960 acceperunt.
2735 3899 2789 3945 et
2821 3907 2917 3944 cor
2949 3892 3138 3943 eorum
3188 3888 3387 3946 ardens
3415 3901 3532 3946 erat
3581 3893 3633 3945 in

2056 3985 2214 4054 ipsis,
2263 3999 2387 4037 nam
2421 3984 2511 4037 lux
2554 3999 2681 4038 vera
2713 3985 2894 4052 ignem
2932 3983 3089 4037 illum
3123 3985 3271 4038 venit
3302 3985 3519 4037 mittere
3579 3985 3641 4037 in

2058 4088 2279 4143 terram,
2314 4076 2382 4131 de
2413 4094 2521 4146 quo
2546 4077 2759 4131 dicebat
2793 4094 2807 4131 :
2846 4096 2862 4128 ι
2897 4075 3080 4145 Ignem
3124 4076 3247 4130 veni
3307 4076 3524 4131 mittere
3578 4075 3644 4130 in:

2055 4182 2279 4235 terram,
2330 4180 2383 4225 et
2415 4172 2545 4240 quid
2605 4170 2726 4225 volo
2792 4169 2893 4225 nisi
2955 4179 3013 4223 ut
3060 4169 3439 4224 aeiteudatur?
3470 4188 3487 4221 ι
3524 4184 3634 4238 quo

2054 4266 2177 4334 igne
2198 4264 2426 4318 ardebat
2457 4263 2623 4318 David
2646 4263 2838 4317 dicens
2883 4281 2895 4317 :
2935 4282 2953 4315 ι
2985 4262 3273 4318 Concaluit
3323 4276 3418 4316 cor
3447 4278 3630 4316 meum

2056 4356 2197 4409 intra
2232 4370 2339 4417 me,
2367 4363 2420 4408 et
2449 4356 2501 4408 in
2530 4355 2889 4409 meditatione
2931 4368 3049 4407 mea
3080 4354 3401 4408 exardescet
3426 4353 3639 4422 ignis.»

2054 4447 2328 4502 Antonius
2367 4458 2546 4501 autem
2586 4447 2767 4501 lumen
2801 4446 2936 4500 illud
2965 4446 3155 4500 videns
3189 4445 3241 4499 in
3276 4454 3644 4501 monumento

366 4552 488 4621 ἥτις
542 4549 697 4618 κοινὴ
743 4548 840 4616 τῆς
888 4546 1142 4617 Τριάδος.
1176 4545 1286 4598 Καὶ
1340 4545 1550 4612 Πέτρος
1603 4544 1659 4596 δὲ
1708 4544 1798 4595 ἐπὶ
1846 4542 1949 4611 τῆς

2057 4539 2491 4613 οοηευιιιιὶοηοῐη
2545 4539 2776 4608 accepit,
2843 4546 2898 4592 et
2960 4539 3232 4592 clamabat
3286 4539 3352 4590 ad
3410 4536 3629 4590 Deum:

370 4642 611 4713 φυλακῆς
635 4641 799 4695 τοῦτο
826 4639 888 4694 τὸ
916 4639 1032 4709 φῶς
1085 4638 1232 4705 ἰδὼν,
1269 4637 1554 4707 ἐνισχύθη,
1593 4641 1686 4689 καὶ
1731 4638 1785 4689 αί
1815 4635 1948 4689 ἁλύσ-

368 4754 480 4799 σεις
509 4735 705 4789 ἔπεσον
747 4733 805 4798 ἐξ
853 4731 1041 4787 αὐτοῦ.
1072 4732 1179 4784 Kal.
1213 4731 1455 4784 πλεῖστοι
1500 4729 1612 4782 τῶν
1639 4728 1800 4781 θείων
1844 4745 1950 4796 μα-

366 4829 546 4898 θητῶν
584 4827 679 4881 τοῦ
731 4825 1015 4896 φωτισμοῦ
1071 4823 1263 4877 τούτου
1324 4823 1535 4892 ἔτυχον,
1581 4823 1676 4874 καὶ
1728 4822 1949 4883 Λουκᾶς

366 4923 460 4974 καὶ
491 4919 785 4985 Κλεώπας,
825 4916 921 4970 τοῦ
958 4917 1135 4985 φωτὸς
1184 4913 1536 4983 ὲκείνου“τὴν
1571 4912 1784 4982 θέρμην
1819 4913 1945 4966 ἐλα-

366 5014 479 5080 ϐον,
513 5016 608 5071 καὶ
637 5014 671 5083 ή
705 5011 902 5082 καρδία
939 5009 1121 5061 αὐτῶν
1148 5007 1415 5076 καιομένη
1446 5000 1515 5076 ἦν
1546 5007 1605 5059 ἐν
1633 5006 1819 5069 αὐτοῖς
1845 5020 1860 5035 ’
1887 5006 1948 5059 τὸ

364 5106 473 5173 τὰρ
511 5102 765 5174 ἀληθινὸν
807 5102 946 5170 φῶς,
974 5099 1108 5152 αὐτὸ
1166 5098 1226 5151 τὸ
1280 5097 1393 5166 πῦρ
1440 5093 1575 5168 ἦλθε
1628 5096 1811 5165 βαλεῖν
1854 5097 1948 5149 ἐπὶ

362 5201 462 5268 τῆς
492 5199 594 5268 γῆς
634 5193 762 5263 περὶ
793 5189 854 5248 οὗ
881 5193 971 5246 καὶ
1009 5191 1185 5257 ἔλεγε,
1226 5206 1243 5239 ι
1286 5188 1405 5256 Πῦρ
1431 5184 1598 5259 ἦλθον
1632 5186 1821 5256 βαλεῖν
1850 5188 1946 5239 ἐπὶ

361 5293 461 5360 τὴν
508 5291 653 5360 γῆν*
713 5288 807 5339 καὶ
848 5287 901 5338 τί
945 5284 1138 5355 ἤθελον
1171 5282 1221 5335 εἰ
1272 5280 1374 5351 ἤδη
1419 5280 1674 5350 ἁνήφθη;
1718 5296 1736 5330 ι
1768 5279 1877 5331 Καὶ
1920 5278 1947 5328 ὁ

364 5386 528 5437 Δαὸὶδ
578 5386 640 5435 ἐκ
681 5381 866 5433 τούτου
911 5379 1005 5431 τοῦ
1063 5378 1236 5447 πυρὸς
1282 5374 1662 5444 ὲθερμαίνετο,
1700 5371 1945 5441 (ιἘθερ-

369 5478 567 5548 paver,
602 5476 795 5541 λέγων,
832 5475 864 5544 ἡ
913 5471 1108 5541 καρδία
1143 5487 1249 5535 μου
1286 5470 1441 5528 ἐντός
1487 5482 1626 5534 μου·
1660 5464 1754 5517 καὶ
1798 5466 1853 5515 ὲν
1878 5466 1945 5532 τῇ

365 5572 566 5644 μελέτῃ
608 5586 711 5640 μου
757 5566 1167 5635 ἐκκαυθήσεται
1224 5562 1356 5633 πῦρ.
1414 5580 1432 5613 ι
1483 5560 1593 5612 Καὶ
1656 5557 1947 5619 ’Λντώνιος

362 5664 418 5716 δὲ
451 5663 610 5716 τοῦτο
641 5659 765 5714 ἰδὼν
798 5660 860 5713 τὸ
888 5660 1004 5727 φῶς
1050 5659 1109 5710 ὲν
1158 5656 1237 5723 τῷ
1283 5654 1527 5724 μνήματι
1576 5649 1900 5722 παρεκλήθη
1927 5664 1943 5680 ο

362 5761 479 5819 καὶ,
511 5772 531 5806 ο
565 5754 673 5807 Ποῦ
719 5749 786 5824 ἦς
822 5754 1087 5823 πρότερον
1121 5749 1249 5801 ἐϐόα
1302 5746 1439 5817 πρὸς
1478 5745 1570 5798 τὸν
1601 5744 1766 5806 Θεόν;
1805 5762 1821 5793 ι
1869 5743 1945 5805 ὼς

365 5849 395 5900 ὁ
434 5846 607 5917 μέγας
659 5845 822 5915 φησὶν
849 5843 1193 5902 Ἀθανάσιος.
1229 5840 1338 5892 Kal.
1385 5834 1573 5890 πολλοὶ
1604 5833 1711 5886 τῶν
1746 5849 1946 5899 συγκε-

2059 4630 2293 4686 Ubinam
2325 4646 2449 4686 eras
2482 4630 2685 4685 antea?
2720 4638 2778 4682 ut
2809 4645 3040 4699 magnus
3071 4627 3243 4682 refert
3276 4627 3631 4681 Athanasius.

2054 4724 2205 4778 Multi
2244 4739 2464 4794 quoque
2498 4724 2675 4778 sancti
2735 4724 2787 4776 in
2842 4720 3083 4778 tenebris
3132 4720 3403 4789 angustati
3442 4721 3641 4772 eadem

2054 4832 2149 4887 gra
2182 4817 2231 4870 ia
2260 4817 2465 4887 dignati
2498 4824 2648 4879 sunt,
2684 4829 2808 4869 cum
2851 4822 3036 4869 essent
3069 4812 3162 4865 lilii
3205 4812 3363 4873 lucis,
3399 4825 3465 4863 ex
3510 4810 3637 4865 Deo

2052 4908 2311 4971 deiﬁcati,
2348 4907 2515 4961 Deum
2555 4921 2772 4975 semper
2820 4904 2962 4958 inter
3008 4904 3274 4957 orandum
3330 4901 3635 4963 intuentes,

2052 4999 2236 5068 diique
2268 4998 2396 5052 facti
2430 4997 2726 5052 secundum
2782 4994 3040 5066 gratiam.
3076 5008 3198 5046 cum
3225 5006 3416 5045 omnes
3445 4999 3633 5044 essent

2051 5092 2240 5161 gratiae
2265 5089 2586 5159 participes,
2611 5086 2872 5153 quoniam
2906 5084 3162 5138 Christus
3196 5084 3449 5153 promisit
3491 5084 3634 5139 sein

2051 5187 2171 5240 suis
2198 5183 2598 5243 habitaturum,
2636 5195 2689 5234 et
2717 5178 2954 5248 Spiritus
2985 5177 3107 5244 ejus
3145 5178 3353 5230 habitat
3408 5177 3462 5230 in
3525 5193 3628 5230 no-

2050 5278 2154 5331 bis.
2187 5276 2311 5329 ldeo
2341 5274 2479 5329 dixit
2528 5272 2730 5326 l’aulus
2775 5287 2789 5323 :
2829 5289 2847 5320 ι
2880 5269 3115 5324 Nescitis
3150 5271 3406 5339 quoniam
3471 5269 3638 5322 Chri-

2050 5380 2167 5423 stus
2194 5367 2406 5425 habitat
2438 5365 2490 5417 in
2529 5363 2737 5417 nobis?
2777 5361 2949 5417 Secus
2982 5376 3134 5425 vero,
3176 5361 3388 5430 reprobi
3417 5360 3553 5414 estis
3575 5376 3631 5427 ;›

2047 5469 2102 5515 et
2138 5478 2151 5515 :
2197 5477 2215 5510 ι
2250 5457 2400 5511 Misit
2462 5456 2605 5510 Deus
2636 5454 2899 5523 Spiritum
2930 5454 3076 5507 Filii
3132 5454 3219 5508 sui
3261 5453 3313 5505 in
3368 5452 3638 5506 cordibus

2052 5553 2281 5619 nostris,
2317 5552 2370 5604 in
2411 5565 2522 5619 quo
2556 5548 2863 5601 clamamus
2901 5565 2914 5601 :
2948 5546 3122 5611 Abba,
3159 5545 3371 5601 Pater.)
3408 5544 3635 5597 Habitat

2048 5657 2229 5702 autem
2261 5644 2516 5700 Christus
2537 5656 2662 5694 cum
2703 5639 2865 5694 Patre
2914 5648 2967 5692 et
3019 5637 3249 5707 Spiritu,
3285 5645 3340 5690 et
3390 5634 3634 5688 mansio-

2047 5758 2170 5795 nem
2203 5741 2331 5795 iacit
2364 5738 2418 5792 in
2455 5737 2635 5796 nobis,
2671 5750 2779 5789 non
2831 5733 3051 5801 quidem
3089 5730 3390 5787 secundum
3439 5743 3629 5797 perso-

2050 5851 2201 5900 nam,
2241 5832 2336 5888 sed
2372 5828 2677 5885 secundum
2716 5827 2969 5894 gratiam.
3042 5825 3107 5877 Et
3146 5820 3351 5875 Paulus
3385 5819 3631 5873 clamat:
