4038 6448
438 385 537 448 161

1299 381 1689 444 smmoms
1726 352 2489 445 THESSAIDNICENSIS
2528 375 2886 437 ARCHIEP.
2941 447 2951 459 ,
3599 373 3687 434 lt‘8

436 521 454 552 ι
492 501 679 557 Gratia
737 498 958 555 Domini
989 499 1164 565 nostri
1197 496 1328 555 Jcsu
1387 499 1619 566 Christi,
1657 509 1711 554 et
1779 499 2010 556 charitas

2126 498 2466 567 κλεισμένων
2513 494 2685 562 ἁγίων
2741 491 2799 544 ἐν
2852 490 3037 543 σκότει
3081 488 3181 557 τῆς
3239 488 3492 555 τοιαύτης
3527 484 3685 558 neut»

433 594 523 649 Dei
547 593 745 660 Patris,
782 604 830 649 et
863 593 1299 649 communicatio
1333 589 1573 662 Spiritus
1604 601 1781 653 sancti
1816 635 1830 659 ,
1869 611 1887 645 ι
1935 601 2011 657 et,

434 707 452 739 ι
488 688 675 742 Gratia
724 688 879 743 vobis
913 695 967 740 et
1000 702 1102 756 pax
1132 700 1163 739 a
1201 685 1311 738 Dco
1345 683 1504 738 Patre
1534 694 1588 738 et
1622 682 1855 740 Domino
1885 683 2014 741 Jesu

424 779 682 847 Christo;
715 798 733 832 ι
791 778 939 850 quod
994 778 1106 833 fere
1152 778 1206 831 in
1249 776 1517 843 omnibus
1555 776 1805 846 episwlis
1855 777 2011 833 dixit.

426 874 487 928 In
521 874 749 928 Actibus
801 882 1024 927 autem:
1074 892 1092 923 ι
1126 869 1315 925 Gratia
1385 869 1602 924 Domini
1657 871 1830 925 nostri
1881 869 2010 926 Jesu

425 965 636 1021 Christi
686 966 996 1029 vobiscum,
1029 974 1083 1019 et
1131 962 1477 1033 accipiebant
1526 962 1732 1017 donum
1771 960 2047 1033 Spiritusv

427 1058 625 1113 sancti.
664 1077 684 1110 ι
719 1055 895 1128 lgitur
918 1058 1120 1110 donum
1152 1062 1205 1109 et
1236 1055 1466 1123 gratiam
1490 1061 1693 1108 sanctae
1721 1042 2011 1110 Trinitatis
2064 1102 2073 1110 .

429 1149 752 1219 accipimus,
775 1149 1001 1203 minime
1025 1163 1154 1202 vero
1176 1156 1452 1209 naturam,
1480 1161 1659 1216 neque
1690 1162 2009 1215 personam,

427 1260 529 1299 nec
557 1260 720 1298 unam
756 1260 787 1298 e
841 1241 1127 1313 personis;
1160 1241 1255 1296 sed
1305 1239 1551 1294 divinum
1614 1240 1749 1295 illud
1796 1250 2010 1295 tantum

423 1336 573 1405 quod
605 1335 907 1403 assumpsit
945 1333 1181 1388 Verbum
1218 1332 1383 1401 hujus
1419 1349 1695 1404 personae,
1757 1342 1818 1387 ut
1866 1333 2051 1387 dixi--

425 1442 570 1488 mus.
611 1424 716 1480 fuit
751 1426 1051 1479 adunatum
1088 1424 1499 1480 indivisibiliter
1528 1433 1583 1479 et
1647 1423 2011 1479 incoul'nsibi-

425 1517 570 1583 liter,
605 1517 660 1572 in
688 1494 797 1587 quo
824 1515 1193 1587 corporaliter
1236 1516 1449 1572 habitat
1485 1517 1668 1572 omnis
1724 1517 2012 1587 plenitudo

425 1608 764 1671 Diviuitatis,
817 1623 919 1663 nos
950 1623 1097 1684 vero
1129 1608 1325 1665 omnbs
1357 1623 1617 1663 mensura
1651 1616 1862 1664 naturae
1919 1624 2012 1664 uo-

312 1758 325 1783 \
422 1712 551 1756 stt-te
580 1702 998 1758 accommodata
1043 1701 1112 1757 de
1184 1702 1529 1773 plenitudine
1580 1702 1703 1772 ejus
1772 1704 2006 1773 gratiam

424 1796 765 1866 accepimus.
814 1793 897 1849 Ex
954 1794 1058 1851 ista
1111 1794 1454 1865 plenitudine
1505 1795 1693 1850 divina
1739 1797 1885 1851 velut
1938 1812 2005 1852 ex

2119 589 2291 661 θησαν
2319 588 2567 659 χάριτος,
2592 585 2670 649 ὡς
2708 584 2885 652 φωτὸς
2935 582 3089 644 ὄντες
3124 580 3256 644 υἱοὶ,
3291 582 3382 634 καὶ
3409 579 3685 649 θεούμενοι

2115 683 2181 737 ὲκ
2234 679 2393 747 Θεοῦ,
2430 679 2563 733 Θεὸν
2617 678 2856 748 ὁρῶντες
2906 678 3031 739 ταῖς
3081 676 3413 745 προσευχαῖς
3460 673 3566 736 ἀεὶ,
3598 675 3688 727 καὶ

2117 774 2231 827 θεοὶ
2260 775 2542 842 γινόμενοι
2591 770 2735 824 κατὰ
2765 770 2951 840 χάριν,
2988 766 3111 820 ἐπεὶ
3142 766 3236 819 καὶ
3278 767 3500 836 χάριτος
3537 766 3690 835 μετέι

2115 882 2271 936 χουσι
2327 865 2551 927 πάντες.
2584 863 2709 917 Ὀτι
2759 863 2855 915 καὶ
2904 861 3141 913 ἐνοικεῖν
3192 858 3428 928 Χριστὸς
3476 859 3532 911 ὲν
3582 859 3688 920 τοῖς

2114 958 2283 1021 αὐτοῦ
2328 957 2722 1027 ἐπηγγείλατο,
2759 956 2853 1009 καὶ
2896 956 2957 1008 τὸ
2994 951 3218 1023 Πνεῦμα
3254 952 3422 1007 αὑτοῦ
3467 952 3605 1005 οἰκεῖ
3634 952 3688 1003 ὲν

2114 1050 2268 1121 ἡμῖν.
2307 1049 2415 1103 Kal
2446 1047 2654 1111 [Ιαῦλός
2694 1063 2883 1117 φησιν,
2925 1064 2945 1097 ι
2991 1047 3105 1099 Οὐκ
3140 1046 3320 1099 οἴδατε
3351 1045 3436 1097 ὅτι
3465 1044 3692 1113 Χριστὸς

2113 1146 2254 1197 οἰκεῖ
2302 1143 2361 1195 ὲν
2413 1144 2586 1210 ἡμίν;
2624 1142 2672 1192 εἰ
2722 1139 2798 1210 μὴ
2846 1139 2931 1192 ὅτι
2980 1137 3090 1206 ἄρα
3129 1137 3379 1206 ἀδόκιμοί
3413 1138 3552 1188 ἐστε.
3588 1134 3694 1187 Kzl

2113 1233 2500 1302 ἐξαπέστειλεν
2557 1235 2585 1286 ό
2633 1232 2768 1296 Θεὸς
2812 1232 2875 1285 τὸ
2927 1231 3153 1301 Πνεῦμα
3224 1230 3321 1283 τοῦ
3359 1227 3488 1281 Υἱοῦ
3534 1227 3692 1280 αὐτοῦ

2113 1329 2197 1390 εις
2228 1327 2331 1389 τὰς
2364 1325 2595 1396 καρδίας
2621 1323 2804 1394 ἡμῶν,
2836 1322 3059 1394 κράζον·
3082 1320 3259 1374 Ἀὄόᾶ
3287 1322 3316 1373 ό
3342 1320 3580 1390 Πατήρ.»
3603 1318 3692 1371 0i-

2112 1421 2201 1471 κεῖ
2224 1419 2281 1472 δὲ
2311 1418 2550 1487 Χριστὸς
2580 1418 2677 1471 σὺν
2703 1416 2783 1488 τῷ
2814 1417 2992 1487 Πατρὶ
3023 1417 3119 1470 καὶ
3150 1414 3231 1486 τῷ
3274 1411 3577 1483 ιινεύματι,
3605 1410 3694 1463 καὶ

2115 1513 2286 1582 μονὴν
2339 1515 2577 1565 ποιεῖται
2631 1513 2690 1564 ὲν
2756 1512 2915 1581 ἡμῖν,
2964 1511 3066 1580 οὐχ
3118 1507 3523 1572 ὑποστατικῶς,
3568 1503 3696 1557 ἀλλὰ

2110 1605 2252 1658 κατὰ
2283 1606 2469 1675 χάριν.
2505 1603 2615 1657 Kal
2646 1602 2858 1667 Παῦλος
2888 1601 3009 1673 βοᾷ,
3034 1622 3052 1654 ι
3078 1601 3143 1654 Ἦ
3182 1603 3347 1673 χάρις
3377 1600 3472 1654 τοῦ
3497 1597 3694 1668 Κυρίου

2111 1696 2271 1767 ἡμῶν
2302 1696 2479 1768 Ἰησοῦ
2521 1694 2786 1768 Χριστοῦ,
2821 1696 2918 1750 καὶ
2968 1698 3001 1767 ὴ
3049 1696 3243 1766 άγάπη
3294 1695 3391 1748 τού
3435 1691 3569 1746 θεοῦ
3610 1692 3696 1744 καὶ

2113 1789 2471 1859 Πιτρὸς,καὶ
2526 1790 2560 1860 ἡ
2600 1788 2858 1872 xot‘vwviz
2908 1788 3005 1842 τοῦ
3063 1790 3224 1857 ἁγίου
3290 1785 3629 1857 Πνεύματος.
3674 1802 3691 1834 ι

424 1886 594 1950 fonte,
628 1902 821 1943 omnes
853 1888 951 1957 qui
1000 1897 1127 1941 sunt
1163 1887 1369 1943 Christi
1428 1891 1714 1951 hauriunt.
1766 1898 1822 1943 et
1870 1904 2008 1957 prae-

2114 1879 2242 1945 Καὶ,
2266 1897 2285 1930 ι
2320 1880 2497 1950 Χάρις
2528 1881 2658 1950 ὑμῖν
2685 1879 2774 1950 εἴη
2803 1885 2897 1933 καὶ
2926 1880 3121 1951 εἰρήνη
3157 1879 3268 1931 ἀπὸ
3295 1877 3434 1931 Θεοῦ
3470 1874 3699 1945 Πατρός,

426 1981 615 2035 sertim
640 1980 733 2051 qui
757 1991 984 2053 propter
1007 1997 1132 2038 eum
1170 1993 1420 2055 pugnant
1441 1994 1495 2039 et
1522 1985 1833 2054 patiuntur,
1880 2001 2006 2041 cum

424 2073 537 2127 sint
562 2073 616 2127 in
655 2073 900 2130 tenebris
930 2083 984 2130 et
1013 2089 1260 2143 carcere,
1293 2092 1357 2132 ex
1417 2076 1508 2131 illa
1545 2077 1794 2133 claritate
1824 2077 2009 2133 suble-

422 2173 643 2219 vanior.
692 2163 814 2220 Ideo
849 2165 991 2222 dixit
1023 2165 1193 2222 David
1223 2184 1237 2221 :
1273 2185 1292 2220 ι
1325 2168 1645 2224 Secundum
1697 2170 2010 2226 multitudi-

423 2269 548 2309 nem
580 2254 836 2310 dolorum
871 2273 1121 2313 meorum
1158 2258 1214 2314 in
1278 2262 1446 2315 corde
1477 2277 1621 2329 meo,
1673 2264 1997 2318 consolatio-

426 2362 522 2403 nes
553 2355 659 2401 tua:
680 2348 1098 2405 laetilicaverunt
1118 2352 1357 2407 animam
1394 2369 1609 2421 meam;
1642 2373 1660 2406 ι
1696 2355 1820 2410 ideo
1839 2354 2006 2410 etiam

425 2437 519 2508 qui
561 2440 749 2495 vivunt
780 2440 832 2494 iu
864 2441 1072 2498 Christi
1128 2453 1318 2513 utpote
1372 2446 1579 2501 mundo
1615 2446 1805 2514 corde,
1833 2445 2006 2502 Deum

426 2531 708 2598 videbunt,
775 2550 887 2589 non
945 2535 1167 2603 quidem
1244 2537 1548 2592 secundum
1611 2554 1773 2609 quam
1845 2538 2011 2594 babet

425 2638 703 2693 naturam,
722 2628 816 2682 sed
848 2629 1151 2684 secundum
1179 2634 1433 2701 gratiam.
1457 2628 1728 2688 Vidistine
1757 2647 2011 2687 commu-

423 2733 548 2772 nem
580 2717 865 2775 Trinitatis
897 2721 1169 2791 gratiam?
1216 2722 1365 2777 Misit
1399 2722 1544 2779 Dens
1572 2724 1836 2795 Spiritum
1887 2726 2011 2782 Filii

424 2811 552 2877 sui;
585 2825 649 2864 ex
687 2811 1031 2881 plenitudine
1060 2813 1181 2883 ejus
1217 2827 1411 2870 OllllleS
1438 2832 1536 2870 nos
1563 2818 1901 2886 accepimus,
1957 2827 2012 2874 et.

422 2900 555 2971 quid
581 2903 941 2972 accepimus?
976 2902 1241 2961 Videlicet
1276 2905 1518 2976 Spiritus
1559 2908 1814 2978 gratiam,
1846 2920 2012 2980 atque

423 3009 522 3064 pro
545 2995 716 3064 gratia
743 2998 1005 3064 gratiam.
1038 2996 1103 3050 Et.
1119 2997 1310 3052 cll'ndit
1340 3000 1391 3051 in
1423 3015 1547 3064 nos,
1575 3000 1774 3071 inquit,
1802 3002 2007 3085 donqu

422 3086 661 3156 Spiritus
690 3090 890 3154 Sancti,
952 3089 1006 3143 in
1041 3104 1150 3158 quo
1208 3089 1552 3146 clamamus:
1599 3095 1773 3160 Abba,
1826 3094 2008 3154 Pater.

422 3179 557 3245 Quae
581 3195 708 3246 vox,
737 3181 902 3246 abba,
931 3180 1076 3234 idetu
1111 3198 1174 3236 ac
1209 3181 1371 3236 Pater
1394 3194 1577 3250 Sonat,
1606 3188 1869 3255 quimuaut
1910 3191 2005 3244 lilii
2036 3218 2078 3274 ο

422 3286 522 3342 per
552 3272 785 3341 gratiam
822 3271 955 3326 facti
1011 3288 1249 3341 sumus;
1296 3273 1437 3331 lilios
1465 3277 1615 3330 enim
1681 3293 1792 3334 nos
1843 3279 2009 3336 Pater

421 3365 632 3434 accepit
653 3379 751 3433 per
780 3363 1132 3433 Unigeuitum
1166 3382 1328 3421 suum
1364 3367 1418 3421 iu
1454 3380 1649 3424 sancto
1676 3370 1882 3441 Spiritu
1918 3375 2006 3428 itt-

419 3466 727 3511 carnatum.
797 3456 982 3526 Itaque
1048 3459 1234 3512 omnia
1301 3457 1498 3524 divini,
1574 3461 1824 3533 inquam,
1891 3467 2010 3522 sive

427 3549 638 3607 Veteris
667 3551 787 3607 sive
837 3551 976 3607 Novi
1029 3555 1220 3624 gratia.-
1252 3552 1588 3612 Testamenti
1623 3561 1856 3630 gratiam
1911 3561 2008 3619 Dei

424 3652 732 3710 testantur;
777 3659 874 3700 seu
911 3648 1097 3714 potius
1164 3645 1281 3714 ipsa
1317 3649 1493 3717 gratia
1550 3650 1714 3705 nobis
1746 3668 1842 3721 per
1892 3652 2009 3709 dis-

425 3738 802 3806 pensationem
870 3733 1028 3792 Verbi
1104 3739 1451 3795 abundanter
1501 3741 1672 3796 eﬂ'usa
1739 3746 2006 3801 mundum

422 3828 653 3902 replevit
681 3829 1022 3884 universum.
1046 3828 1421 3895 Quamobrem
1456 3833 1573 3903 ipsa
1598 3831 1764 3891 Verbi
1785 3835 2011 3908 dispen-

422 3924 563 3977 satio
585 3924 760 3993 gratia
793 3921 1235 3991 cognominatur.
1270 3919 1474 3978 Verum
1501 3926 1592 3996 qui
1618 3938 1808 3981 carent
1831 3928 2008 3999 gratia

422 4022 614 4083 utpote
644 4013 853 4082 indigni
882 4013 976 4082 qui
1009 4014 1242 4082 gratiam
1276 4017 1575 4087 accipiant,
1617 4020 1851 4087 donum,
1875 4037 2007 4095 ope-

421 4107 690 4159 rationem
723 4112 778 4158 ct
816 4106 1048 4174 gratiam
1107 4103 1353 4175 Spiritus
1405 4107 1682 4178 rejieiuut,
1715 4114 1809 4184 qui
1858 4116 2007 4170 circa.

422 4195 599 4250 lucem
630 4196 875 4249 tenebris
924 4194 1317 4264 obvolvuutur,
1357 4196 1587 4269 lueeque
1656 4216 2005 4273 nequaquam

419 4296 671 4358 accepta,
718 4276 929 4340 divina:
990 4287 1415 4345 illuminatiouis
1486 4291 1816 4349 suavitatem
1896 4312 2004 4351 non

416 4390 801 4452 gustaverunt.
867 4377 1025 4435 Unde
1080 4381 1255 4450 ignari
1306 4396 1676 4452 aspernantur
1739 4400 1794 4442 et
1850 4389 2006 4460 impii

420 4475 821 4543 blasphemant.
859 4470 995 4539 Quis
1027 4473 1108 4528 eis
1156 4473 1425 4543 revelabit
1455 4477 1655 4532 divina
1687 4479 1825 4535 lucis
1874 4498 2006 4536 sua-

2113 1971 2207 2026 καὶ
2238 1974 2445 2043 Κυρίου
2478 1971 2660 2043 Ἰησοῦ
2702 1970 2968 2042 Χριστοῦ.
3010 1991 3028 2024 ι
3079 1973 3190 2027 Kal
3226 1971 3421 2042 σχεδὸν
3452 1966 3613 2022 τοῦτο
3643 1969 3698 2019 ὲν

2111 2064 2316 2126 πάσαις
2359 2064 2496 2134 φησὶ
2528 2065 2648 2127 ταῖς
2700 2064 3039 2128 ἐπιστολαῖς.
3071 2065 3203 2130 Kal,
3242 2080 3261 2115 ι
3313 2061 3382 2117 'li
3413 2063 3571 2135 χάρις
3610 2061 3700 2113 τοῦ

2112 2156 2320 2226 Κυρίου
2374 2156 2535 2227 ἡμῶν
2563 2156 2742 2229 Ἰησοῦ
2788 2154 3031 2228 Χριστοῦ
3072 2157 3195 2228 μεθ’
3225 2156 3413 2226 ὑμῶν.
3456 2174 3475 2205 ι
3516 2154 3621 2207 Kal
3646 2153 3701 2205 ὲν

2110 2251 2232 2311 ταῖς
2282 2249 2544 2319 Ηράξεσι,
2586 2265 2606 2300 ι
2644 2251 2753 2302 Kal
2782 2249 2981 2303 ἔλαόον
3025 2252 3124 2320 τὴν
3172 2248 3390 2320 δωρεὰν
3422 2246 3517 2301 τοῦ
3550 2244 3697 2314 ἁγίου

2115 2340 2453 2412 [Ινεύματος.
2492 2358 2511 2393 ι
2562 2341 2768 2394 Λοιπὸν
2807 2341 3019 2411 δωρεάν
3075 2343 3171 2396 καὶ
3217 2343 3387 2414 χάριν
3421 2342 3522 2412 τῆς
3549 2339 3701 2408 ἁγίας

2112 2434 2343 2505 Τριάδος
2374 2432 2753 2505 λαμϐάνομεν,
2796 2435 2892 2488 καὶ
2938 2436 3000 2488 οὐ
3038 2435 3227 2505 φύσιν,
3257 2435 3388 2488 οὐδὲ
3445 2435 3543 2497 τὰς
3579 2433 3707 2485 ﬁm-

2116 2528 2357 2595 στάσεις,
2391 2529 2422 2599 ἢ
2456 2530 2588 2600 μίαν
2646 2529 2757 2581 τῶν
2809 2527 2980 2598 τριῶν
3022 2529 3415 2584 ὑποστάσεων.
3454 2527 3627 2582 Μόνον
3653 2525 3705 2578 δὲ

2112 2621 2174 2672 τὸ
2226 2621 2367 2675 (θεῖον
2414 2621 2778 2693 πρόσλημμα,
2809 2621 2883 2685 ὡς
2930 2624 3259 2693 εἰρήκαμεν,
3294 2625 3375 2695 τῇ
3419 2620 3710 2675 ὑποστάσει

2111 2712 2321 2783 ἥνωται
2355 2713 2448 2766 τοῦ
2480 2715 2679 2782 Λόγου,
2718 2713 3045 2785 ἁδιαιρέτως
3075 2715 3171 2768 καὶ
3202 2710 3643 2786 ἀσυγχύτως,ἑν
3672 2702 3711 2780 ᾧ

2113 2809 2211 2857 καὶ
2256 2807 2362 2856 πᾶν
2396 2804 2458 2854 τὸ
2508 2807 2790 2875 πλήρωμα
2824 2806 2925 2874 τῆς
2951 2806 3219 2875 θεότητος
3251 2806 3619 2879 σωμκτικῶς,
3653 2807 3713 2857 ὲκ

2112 2895 2206 2949 τοῦ
2252 2898 2623 2968 πληρώματος
2670 2898 2729 2951 δὲ
2783 2900 2945 2969 ἡμεῖς
2991 2897 3359 2970 λαμόἀνομεν·
3391 2902 3555 2972 χάριν
3583 2904 3707 2954 ἁνα-

2112 2990 2308 3059 λόγως.
2358 2993 2453 3046 Ἐκ
2497 2995 2693 3046 τούτου
2744 2996 2840 3047 τοῦ
2891 2994 3040 3048 θείου
3087 2995 3470 3066 πληρώματος
3526 2998 3601 3059 ὡς
3643 2997 3704 3048 ὲκ

2116 3087 2301 3156 πηγῆς
2332 3087 2382 3138 oi
2437 3084 2533 3140 τοῦ
2565 3086 2805 3158 Χριστιῦ
2852 3088 3119 3158 ἀρύονται
3149 3088 3421 3159 ἅπαντες,
3448 3091 3542 3144 καὶ
3574 3089 3705 3159 μᾶλ-

2114 3171 2204 3225 λον
2255 3174 2304 3227 οί
2355 3173 2428 3228 δι’
2472 3176 2639 3230 αὑτὸν
2684 3178 3083 3250 ἁγωνιζόμενοί
3134 3198 3194 3233 τε
3238 3188 3338 3234 καί
3380 3183 3701 3254 πάσχοντες,

2115 3273 2209 3322 καὶ
2244 3272 2302 3322 εν
2345 3269 2594 3341 εἱρκταῖς
2639 3272 2794 3337 ὄντες
2824 3276 2921 3328 καὶ
2955 3258 3126 3348 ζόφῳ,
3163 3277 3269 3330 ὑπὸ
3297 3279 3511 3348 ταύτης
3540 3295 3702 3350 παρε-

2112 3360 2378 3415 καλοῦντο
2408 3363 2509 3432 τῆς
2560 3365 2929 3436 λαμπηδόνος.
2962 3369 3077 3423 Καὶ
3104 3374 3131 3425 ὁ
3164 3374 3355 3443 Διιὸὶδ,
3398 3395 3418 3428 ί
3456 3375 3610 3430 Κατὰ
3646 3375 3704 3427 τὸ

2112 3456 2317 3526 πλῆθος
2353 3456 2466 3510 τῶν
2507 3457 2713 3511 όδυνῶν
2768 3476 2875 3529 μου
2913 3462 2972 3513 ἐν
3022 3465 3087 3534 τῇ
3124 3465 3329 3537 καρδίᾳ
3359 3487 3487 3539 μου,
3516 3469 3573 3522 αἱ
3608 3486 3707 3522 πα·

2112 3546 2415 3618 ρακλήσεις
2457 3565 2552 3601 σου
2595 3547 2881 3620 εύφραναν
2924 3552 3024 3624 τὴν
3077 3556 3258 3626 ψυχήν
3316 3577 3447 3627 μου,
3491 3580 3508 3612 ι
3553 3560 3704 3631 φησι.

2113 3645 2217 3697 Kal
2246 3647 2297 3697 οι
2328 3645 2387 3697 ὲν
2426 3646 2649 3718 Χριστῷ
2677 3645 2906 3715 ζῶντες,
2945 3648 3021 3714 ὡς
3061 3651 3297 3724 καθαροὶ
3325 3659 3426 3728 τὴν
3456 3656 3702 3728 καρδίαν,

2109 3754 2140 3786 τ
2173 3755 2201 3790 ν
2241 3736 2374 3790 Θεὸν
2402 3737 2721 3819 βλέπουσιν,
2755 3741 2854 3811 ούχ
2901 3742 2978 3805 ὡς
3022 3744 3135 3814 ἔχει
3164 3746 3388 3814 φύσεως
3420 3752 3574 3819 (Θε’.ν
3602 3750 3706 3822 γὰρ

2108 3834 2293 3896 οὐδεὶς
2343 3835 2561 3905 ἑώρακε
2615 3833 2886 3904 πώποτε),
2918 3835 3056 3892 ἀλλὰ
3110 3840 3253 3893 κατὰ
3306 3844 3495 3914 χάριν,
3543 3846 3705 3916 Ὁρᾷς

2110 3929 2210 3996 τὴν
2268 3928 2457 3999 κοινὴν
2517 3929 2619 3999 τῆς
2673 3929 2903 4004 Τριάδ-ξ
2954 3934 3153 4003 χάῳινς
3217 3939 3636 4004 Ἐξαιιέστειλεν
3681 3946 3707 3997 ό

2110 4020 2242 4085 Θεὸς
2266 4023 2326 4075 τὸ
2355 4022 2579 4093 Πνεῦμα
2614 4022 2709 4078 τοῦ
2756 4027 2877 4081 Υἱοῦ
2910 4029 3100 4096 αὑτοῦ,
3144 4051 3162 4084 ι
3214 4034 3309 4088 Ἐκ
3348 4040 3444 4092 τοῦ
3487 4041 3707 4112 πληρώ-

2113 4132 2282 4183 ματος
2319 4116 2486 4169 αὐτοῦ
2513 4121 2677 4187 ἡμεῖς
2717 4122 2917 4186 πάντες
2950 4124 3241 4196 ἐλάϐομεν.
3281 4148 3300 4180 ι
3347 4112 3458 4185 Kal
3487 4134 3540 4186 τί
3585 4134 3708 4188 ἑλά-

2110 4205 2318 4276 6ογιενς
2351 4210 2553 4282 δηλαδὴ
2578 4213 2675 4284 τὴν
2703 4217 2865 4286 χάριν
2899 4215 2993 4270 τοῦ
3029 4219 3374 4291 ιῙνεύματος,
3407 4227 3504 4279 καὶ
3547 4228 3707 4300 χάριν

2108 4303 2229 4356 ἀντὶ
2261 4303 2507 4373 χάριτος,
2538 4308 2633 4359 καὶ
2662 4307 2880 4380 ἐξέχεεν
2929 4314 3014 4381 ἐφ’
3044 4314 3193 4383 ἡμᾶς
3241 4320 3427 4391 (φησι)
3462 4322 3564 4393 τὴν
3602 4322 3707 4376 δω-

2114 4394 2242 4460 ρεάν
2271 4395 2364 4448 τοῦ
2394 4397 2552 4465 ἁγίου
2613 4392 2955 4470 Πνεύμλτος.
2992 4405 3102 4475 58
3137 4407 3247 4462 Kal
3277 4411 3342 4463 ἐν
3388 4392 3543 4485 αὖτῷ
3567 4418 3706 4484 κρά-

2111 4485 2298 4557 ζομεν,
2336 4486 2511 4544 Ἀσϐᾶ
2560 4493 2587 4544 ό
2631 4494 2846 4565 Πατήρ.
2891 4499 3034 4551 Αὐτὸ
3068 4500 3125 4553 δὲ
3162 4502 3246 4569 τὸ,
3282 4504 3485 4573 ’A660't,
3521 4510 3707 4580 Πάτερ

418 4566 643 4620 vitalem
676 4564 770 4634 qui
800 4580 918 4618 eam
965 4580 1072 4620 non
1114 4575 1495 4636 gustavcrttut,
1532 4569 1641 4624 imo
1693 4574 1785 4642 qui
1823 4583 2010 4628 errant

2113 4581 2284 4651 δηλοῖ.
2331 4583 2485 4636 Ἐπεὶ
2532 4586 2642 4639 υἱοὶ
2688 4589 3002 4661 γεγόναμεν
3047 4564 3255 4667 χάριτι.
3289 4564 3708 4675 ΥίοθετήθημεΙν

416 4669 472 4712 et
498 4660 550 4711 in
574 4656 816 4712 tenebris
846 4656 1143 4724 dormiunt,
1167 4667 1360 4711 etcum
1391 4662 1696 4717 tenebrosis
1721 4672 1776 4717 et
1798 4663 2006 4733 iniquis

417 4750 759 4803 dauttonibus
812 4763 1237 4814 couversanur,
1273 4752 1367 4819 qui
1424 4746 1713 4806 deliCatam
1759 4755 2007 4810 mollem-

417 4857 526 4912 que
557 4842 719 4896 vitam
765 4841 1186 4910 concupiscunt,
1218 4857 1382 4911 atque
1407 4846 1555 4897 circa
1580 4846 2005 4916 contemplatio-

416 4950 538 4989 nem
582 4933 883 4996 visibilium
909 4933 1370 5004 mutabiliuu‘tqne
1396 4947 1778 4991 creaturarum
1816 4940 2000 4994 inania

418 5027 743 5092 tnoliuutur,
778 5029 872 5096 qui
902 5025 1019 5081 lere
1049 5032 1354 5082 secundum
1406 5028 1630 5085 Graecos
1664 5033 1999 5100 iusensatos,

415 5128 681 5173 creaturae
717 5128 914 5187 praeter
963 5116 1308 5184 Creatorem,
1358 5134 1521 5191 prout
1582 5124 1720 5178 dixit
1771 5122 2001 5191 Paulus,

414 5211 764 5277 inserviunt;
800 5213 977 5281 pluris
1010 5214 1157 5267 enim
1197 5214 1382 5269 habita
1427 5225 1816 5272 creaturarum
1871 5236 2003 5276 con-

414 5302 793 5373 templatione,
853 5305 993 5358 nihil
1057 5305 1550 5364 dicunt-divinum
1605 5309 1732 5366 ﬁdei
1789 5313 1997 5380 inesse,

412 5394 511 5450 sed
567 5395 671 5450 soli
724 5398 988 5450 vanitatis
1030 5399 1338 5469 cognitioni
1373 5403 1686 5469 coulidunt,
1721 5406 2000 5477 stulteque

412 5488 711 5556 opinantur
742 5489 878 5544 nihil
948 5506 1116 5560 supra
1163 5506 1411 5556 sensum,
1453 5504 1506 5547 et
1540 5507 1777 5553 mentem
1824 5500 1998 5554 horni-

412 5598 542 5634 uttm
578 5596 701 5638 esse
758 5563 1063 5636 amentium
1126 5599 1282 5639 utore
1314 5586 1623 5640 daemonum
1658 5589 1753 5659 qui
1807 5592 2000 5660 procul

411 5673 622 5728 distant
666 5689 695 5728 a
736 5675 1080 5737 spiritalibus
1114 5676 1287 5732 radiis
1344 5690 1400 5734 et
1456 5679 1714 5739 ineﬂ'abili
1750 5685 2002 5743 claritate

412 5764 530 5826 Dei,
561 5776 616 5818 et
648 5768 881 5836 proinde
915 5776 1178 5836 teguntur
1211 5770 1467 5842 caligine,
1502 5774 1792 5847 solumque
1841 5796 1998 5835 arro-

413 5863 604 5926 ganter
670 5867 721 5913 et
752 5857 917 5913 stulte
951 5858 1096 5914 circa
1134 5876 1261 5915 aera
1321 5872 1375 5918 ct
1430 5870 1636 5925 terram
1676 5878 1985 5925 versantur.

2114 4680 2223 4746 γὰρ
2259 4679 2336 4750 τῷ
2373 4681 2546 4750 Πατρὶ
2580 4683 2669 4737 διὰ
2694 4686 2787 4739 τοῦ
2827 4688 3174 4760 Μονογενοῦς
3217 4700 3607 4767 σαρκωθέντυς
3650 4706 3708 4756 ἐν

2108 4770 2251 4840 ἁγίῳ
2283 4771 2585 4842 Πνεύματι.
2619 4777 2730 4830 Kal
2778 4778 2867 4833 διὰ
2916 4783 3136 4837 πάντων
3160 4784 3326 4857 οὕτω,
3358 4792 3463 4863 τῆς
3498 4811 3558 4849 τε
3596 4811 3706 4848 πα-

2106 4863 2267 4929 λαιᾶς
2300 4883 2444 4938 φημι
2476 4867 2627 4933 θείας
2659 4872 2906 4943 Γραφῆς,
2933 4878 3030 4931 καὶ
3060 4881 3161 4949 τῆς
3184 4882 3436 4959 χάριτος,
3465 4890 3535 4941 τὰ
3576 4888 3707 4959 περὶ

2104 4958 2207 5028 τῆς
2237 4959 2331 5011 τοῦ
2360 4961 2495 5015 Θεοῦ
2532 4965 2758 5035 χάριτος
2811 4975 3202 5040 μαρτυρεῖται.
3252 4977 3322 5030 Ἢ
3350 4956 3465 5033 ικαὶ
3498 4956 3707 5050 μᾶλλον

2102 5052 2236 5121 ἡμῖν
2264 5052 2353 5107 διὰ
2385 5055 2482 5125 τῆς
2513 5057 2606 5110 τοῦ
2641 5058 2819 5127 Λόγου
2852 5064 3170 5133 οἰκονομίας
3198 5069 3502 5139 ἐκχυθεῖσα
3542 5075 3709 5129 πλου-

2105 5144 2260 5209 σίως,
2291 5146 2472 5201 πάντα
2499 5148 2593 5203 τὸν
2619 5150 2825 5219 κόσμον
2851 5154 3244 5225 πεπλήρωκεν.
3285 5161 3577 5218 Ἐντεῦθεν
3609 5161 3705 5219 οὖν

2103 5239 2198 5290 καὶ
2235 5238 2267 5308 ή
2317 5240 2607 5310 οἰκονομία
2654 5246 2751 5297 τοῦ
2795 5245 2976 5313 Λόγου
3023 5250 3190 5319 χάρις
3227 5256 3702 5325 κατονομάζεται.

2114 5328 2255 5382 Ἀλλ’
2294 5333 2342 5383 οἱ
2372 5333 2473 5403 τῆς
2504 5336 2732 5405 χάριτος
2762 5338 3005 5409 ἄμοιροι,
3041 5341 3117 5404 ὠς
3141 5342 3356 5408 ἀνάξιοι
3389 5347 3496 5417 τὴν
3539 5349 3704 5419 χάριν

2101 5421 2309 5489 λαϐεῖν,
2351 5427 2607 5481 ἀθετοῦσι
2644 5430 2742 5501 τὴν
2783 5432 2995 5501 δωρεὰν
3031 5437 3125 5488 καὶ
3153 5437 3251 5508 τὴν
3283 5440 3575 5508 ἐνέργειαν
3605 5443 3703 5496 καὶ

2100 5517 2261 5587 χάριν
2293 5520 2388 5571 τοῦ
2418 5520 2761 5590 Πνεύματος,
2802 5526 2851 5577 οἱ
2879 5529 3148 5581 σκοτεινοὶ
3182 5536 3310 5600 περὶ
3334 5531 3397 5582 τὸ
3430 5533 3576 5601 φῶς,
3608 5536 3704 5587 καὶ

2104 5605 2181 5677 μὴ
2229 5605 2487 5673 λαϐόντες
2523 5611 2583 5664 τὸ
2628 5613 2765 5681 φῶς,
2801 5615 2898 5670 καὶ
2946 5618 3038 5671 τοῦ
3081 5620 3365 5692 φωτισμοῦ
3411 5623 3511 5694 τῆς
3549 5622 3703 5686 θείας

2100 5696 2440 5769 γλυκύτητος
2467 5702 2745 5771 ἄγευστοι.
2780 5707 2944 5763 Ὅθεν
2977 5712 3070 5764 καὶ
3095 5713 3390 5768 ἀπιστοῦσι
3429 5715 3508 5787 μὴ
3533 5716 3706 5783 ἐγνω-

2102 5787 2282 5854 κότες,
2314 5793 2405 5844 καὶ
2436 5793 2510 5857 ὡς
2536 5794 2797 5866 ἀντίθεοι,
2834 5799 3244 5872 βλασφημοῦσι.
3281 5805 3393 5860 Καὶ
3413 5808 3495 5870 τίς
3530 5808 3705 5876 ἀναγ-

2102 5878 2253 5946 γελεῖ
2284 5884 2466 5949 αὐτοῖς
2493 5888 2590 5957 τὴν
2619 5888 2940 5963 γλυκύτητα
2970 5895 3063 5948 τοῦ
3097 5894 3244 5951 θείου
3294 5896 3477 5967 φωτὸς
3512 5897 3588 5962 ὡς
3622 5901 3699 5968 μὴ
