4038 6448
537 295 635 361 ΠΙ

1361 300 1742 362 SYMEONIS
1776 300 2065 361 THESSA
2078 301 2536 364 LONICENSIS
2577 304 2940 368 ARCHIEP.

3655 315 3744 378 172

536 414 682 463 enim
707 409 1157 480 quemadmodum
1183 413 1436 482 aperuisti
1455 423 1554 468 cta
1577 415 1781 491 sanctis
1797 415 2109 478 (lliiit'itlllls,

2218 434 2424 483 σποτα;
2454 420 2612 488 ἡμεῖς
2640 419 2746 486 γάρ
2789 415 2991 483 (καθὼς
3025 417 3333 483 ἀπέδειξας,
3369 418 3460 472 καὶ
3485 425 3624 492 παρὰ
3650 429 3744 478 τῶν

538 503 804 556 inlinitam
837 502 1057 571 quidem
1088 514 1145 557 et
1175 505 1777 574 incompreltensibilem
1810 508 1898 559 Dei
1957 519 2109 561 natu-

537 609 649 647 ram
686 595 959 648 celebrare
994 595 1321 663 accepimus,
1382 597 1608 665 gratiam
1657 607 1835 650 autem
1886 599 1950 650 ad
2012 615 2109 654 nos

534 701 598 739 ex
629 696 819 740 natura
862 703 1133 742 emanare.
1165 686 1303 752 Quid
1357 703 1483 741 vero
1524 688 1611 741 isti
1665 689 1732 742 de
1775 689 1874 742 bac
1917 703 1972 741 re
2026 689 2110 742 di-

533 776 716 829 cunt?

605 879 875 947 Ponti/ex.
915 880 1297 935 lla-reticorum
1316 880 1531 949 quidem
1565 878 1804 943 inventa,
1827 887 2008 948 utpote
2028 879 2108 933 di-

535 988 694 1027 versa
730 983 782 1027 et
804 973 1104 1041 impietatis
1141 974 1296 1039 plena
1337 971 1792 1025 contemnendum
1846 984 1948 1033 est,
1984 979 2112 1024 sunt

536 1067 679 1118 enim
701 1064 928 1119 insulsa.
949 1062 1080 1115 Nam
1098 1064 1176 1114 vel
1209 1061 1372 1115 Deum
1389 1062 1576 1115 dicunt
1601 1061 1747 1114 nullo
1773 1063 1933 1116 modo
1953 1077 2110 1130 posse

539 1153 872 1221 participari.
901 1163 953 1206 et
978 1154 1200 1221 proinde
1230 1167 1278 1204 v1
1313 1151 1558 1219 ejusdem
1614 1153 1898 1206 sententiae
1940 1153 2108 1206 Deum

534 1249 589 1299 in
620 1246 778 1300 nobis
811 1261 914 1297 non
945 1259 1064 1297 ελδερ
1092 1243 1425 1312 praedicant;
1460 1242 1540 1297 vel
1582 1243 1627 1297 si
1664 1242 1974 1312 participari
2012 1257 2110 1310 po-

537 1345 660 1398 test,
722 1336 1020 1390 securidttan
1084 1347 1330 1390 naturam
1380 1313 1778 1393 communicari
1839 1317 2110 1400 aSscritnt,

535 1427 676 1481 unde
709 1425 930 1479 alteram
958 1425 1410 1491 incarnationem,
1451 1443 1644 1496 nempe
1699 1425 1987 1480 Trinitatis
2024 1427 2110 1494 in-

534 1521 905 1573 carnationem
935 1519 1253 1588 praedicant,
1286 1521 1428 1587 (“liti
1461 1521 1642 1573 nullus
1676 1534 1703 1572 a
1749 1519 1964 1574 sawulis
2016 1518 2112 1571 im-

537 1614 660 1681 pius
683 1615 946 1674 evomuit,
998 1610 1089 1665 Dei
1145 1629 1271 1664 vrro
1333 1613 1565 1680 gratiam
1620 1624 1671 1666 et
1724 1615 2018 1681 potentiam
2061 1623 2115 1666 et

534 1705 909 1772 tqm‘atiunem
957 1720 1020 1756 ex
1058 1703 1176 1770 ejus
1223 1714 1414 1756 natura
1467 1703 2114 1770 procl-dentcmnec'esse

2207 511 2379 576 ἁγίων
2415 509 2782 579 μανθάνομεν)
2823 513 3065 579 ἄληπτον
3120 513 3217 577 μὲν
3249 513 3339 565 καὶ
3380 513 3741 585 ἀκατάληπτον

2205 599 2308 669 τὴν
2338 601 2488 654 θεία-ν
2518 602 2707 653 οὐσίαν
2735 601 2979 664 δοξάζειν
3013 601 3298 669 ἐλάϐομεν,
3328 604 3424 673 τὴν
3452 605 3514 658 ἐκ
3544 606 3634 672 τῆς
3659 608 3741 658 οὐ·

2211 691 2334 747 σίας
2380 691 2437 743 δὲ
2467 691 2626 761 χάριν
2666 691 2800 760 πρὸς
2850 694 2996 762 ἡμᾶς
3039 693 3317 763 ἔρχεσθαι.
3367 695 3484 756 Πῶς
3529 695 3584 748 δὲ
3614 697 3744 752 οῦτοι

2211 795 2278 830 πε
2288 781 2338 846 pi.
2365 780 2557 832 τούτου
2595 781 2758 847 φασίν
2778 798 2792 845 ;

2297 871 2650 938 Ἀρχιερεύς.
2675 869 2755 922 Τὰ
2785 870 2884 940 μὲν
2909 871 3056 940 παρὰ
3087 873 3197 924 τῶν
3223 874 3525 941 αῖρετικῶν,
3545 875 3616 930 ὡς
3645 895 3728 930 ποι

2213 961 2340 1015 κίλα
2396 961 2488 1012 καὶ
2517 961 2832 1022 δυσσεϐείας
2863 963 3166 1030 ἀνάμεστα.
3207 969 3532 1032 παροπτέον
3567 969 3750 1035 ἀνόητα

2215 1055 2352 1122 γάρ.
2391 1055 2456 1104 Ἥ
2493 1053 2602 1121 γάρ
2652 1054 2954 1123 ἀμέθεκτον
2996 1055 3171 1124 πάντη
3208 1057 3340 1122 φασὶ
3378 1057 3466 1108 τὸν
3498 1057 3640 1123 Θεδν,
3670 1061 3754 1113 καὶ

2212 1144 2303 1198 διὰ
2326 1141 2486 1195 τοῦτο
2517 1142 2638 1195 κατ’
2680 1144 2879 1204 αὐτοὺς
2913 1145 3045 1211 μηδὲ
3077 1142 3215 1198 εἶναι
3257 1149 3314 1198 ἐν
3352 1149 3481 1216 ἡμῖν
3513 1149 3600 1201 τὸν
3636 1150 3754 1204 Θεὸν

2211 1234 2666 1302 δογματίζουσιν·
2710 1235 2741 1304 ἢ
2795 1237 2954 1304 εἴπερ
2997 1237 3136 1290 ὅλως
3193 1237 3499 1308 μετέχεται,
3552 1242 3753 1310 μετέχε-

2217 1325 2340 1379 σϐαι
2371 1327 2490 1378 κατ’
2515 1325 2727 1379 οὐσίαν.
2765 1327 2927 1379 ὈΘεν
2971 1328 3164 1394 ἑτέραν
3213 1330 3486 1398 σάρόιωσιν
3521 1331 3756 1399 δογματί-

2215 1415 2390 1480 ζουσι,
2424 1415 2522 1477 καὶ,
2558 1417 2832 1485 σάρκωσιν
2868 1416 2968 1484 τῆς
3013 1418 3263 1486 Τριάδος,
3293 1419 3430 1488 ὅπερ
3466 1421 3633 1484 οὐδεὶς
3660 1422 3756 1472 τῶν
3791 1459 3796 1464 ι

2217 1507 2311 1560 ἀπ’
2347 1508 2544 1570 αἰῶνος
2573 1508 2851 1560 δυσσεϐῶν
2879 1509 3227 1578 ἐξηρεύξατο.
3259 1511 3396 1563 Θεοῦ
3426 1512 3480 1564 δὲ
3504 1513 3654 1582 χάριν
3677 1515 3757 1566 καὶ

2215 1600 2444 1669 δύναμιν
2484 1603 2579 1653 καὶ
2613 1601 2892 1668 ἐνέργειαν
2921 1603 2984 1654 ὲκ
3008 1601 3107 1670 τῆς
3147 1603 3333 1663 οὐσίας
3364 1604 3648 1674 προϊοῦσαν
3672 1607 3756 1656 αὺ-

2216 1689 2310 1739 τοῦ
2339 1688 2459 1740 οὔτε
2493 1687 2661 1751 εἶναι,
2695 1690 2822 1743 οὔτε
2845 1691 3068 1743 δυνατὸν
3109 1686 3250 1746 εἶναι
3300 1694 3470 1752 ἀθέως
3503 1694 3752 1761 λέγουσιν.

533 1811 707 1864 ιιι-«μω
735 1809 894 1863 posse
918 1808 1034 1847 esse
1068 1795 1230 1862 impie
1257 1805 1589 1846 asseverant.
1621 1792 1730 1849 Nos
1798 1805 1974 1847 autem
2022 1793 2108 1862 pie

2224 1779 2412 1848 Ἡμεῖς
2449 1781 2505 1834 δὲ
2535 1781 2774 1844 εὐσεϐῶς
2813 1783 2907 1834 καὶ
2931 1782 3031 1852 τὴν
3057 1782 3261 1852 Τριάδα
3294 1783 3400 1834 τῶν
3432 1783 3758 1836 ὑποστάσεων

534 1885 854 1938 Trinitatem
889 1901 1242 1952 personarum
1275 1885 1326 1937 in
1381 1901 1485 1937 una
1521 1885 1723 1939 Deitate
1752 1886 2103 1946 conﬁtentur,

534 1986 587 2029 et
611 1975 793 2048 ,Denm
821 1992 983 2028 unum
1008 1974 1325 2028 Trinitatem
1355 1975 1410 2028 in
1435 1992 1536 2029 una
1563 1977 1798 2046 potentia
1827 1985 1882 2030 ct
1914 1991 2107 2044 opera-

534 2071 702 2131 tione,
723 2083 772 2122 et
801 2082 983 2135 regno,
1001 2077 1052 2120 et
1077 2069 1249 2136 gratia
1272 2068 1355 2135 pie
1381 2068 1757 2135 pra'dxcamns,
1778 2085 1987 2120 necnon
2017 2083 2109 2120 ua-

532 2167 712 2213 turam
746 2175 774 2226 q
788 2158 964 2211 uidem
986 2157 1208 2212 omnino
1231 2158 1549 2211 invisibilem
1590 2175 1930 2228 nequaquam
1953 2173 2108 2228 posse

535 2251 698 2305 nobis
741 2260 795 2304 et
851 2266 918 2303 οη
945 2251 996 2303 ni
1027 2259 1295 2305 creatura:
1338 2252 1725 2304 connnunicari
1763 2253 2104 2314 conlitemur,

527 2341 993 2408 quemadmodum
1042 2341 1178 2395 dixit
1229 2339 1602 2409 Uuigettitus:
1667 2361 1686 2392 ι
1733 2341 1894 2394 Deum
1949 2356 2109 2398 nemo

534 2428 668 2482 vidit
701 2444 956 2498 unquam,
991 2448 1006 2478 ι
1036 2429 1180 2498 quod
1213 2430 1621 2498 iutelligemlum
1682 2441 1764 2485 est
1805 2431 2102 2484 secundum

534 2531 808 2574 naturam.
886 2521 1007 2574 Ideo
1033 2521 1202 2591 Moysi
1230 2521 1363 2575 dixit
1400 2540 1413 2574 :
1443 2541 1462 2573 ι
1497 2521 1610 2576 Non
1681 2525 1881 2577 videbit
1946 2524 2107 2577 homo

536 2611 728 2663 tat-iem
759 2626 956 2675 meam,
997 2621 1052 2665 et
1087 2613 1231 2666 vivet
1264 2628 1279 2676 ;
1314 2630 1332 2663 ι
1389 2614 1614 2681 gloriam
1670 2625 1851 2667 autem
1911 2615 2032 2684 ejus
2053 2624 2103 2668 et

518 2701 844 2754 «claritatem
878 2717 999 2770 qum
1023 2718 1086 2756 ex
1121 2712 1314 2755 natura
1369 2704 1667 2768 derivatur,
1728 2721 1938 2759 necnon
1983 2721 2109 2774 gra-

531 2790 662 2844 tiam
691 2797 742 2844 et
773 2799 1100 2860 potestatem
1132 2808 1227 2861 pro
1263 2794 1476 2848 viribus
1511 2797 1694 2850 videre
1761 2807 1813 2848 et
1863 2798 2108 2865 accipere

525 2882 808 2936 credimus
841 2897 858 2948 ;
897 2883 1039 2937 unde
1067 2884 1303 2938 visiones
1329 2890 1739 2954 prophetarum,
1795 2890 2111 2957 sanctisque

532 2978 672 3028 datae
702 2973 1148 3038 illuminatioues,
1175 2984 1228 3030 et
1261 2976 1311 3028 in
1369 2977 1501 3046 ipsis
1550 2978 1961 3042 illustrationes,
2012 2979 2110 3032 mi-

533 3065 886 3118 nistrationes
917 3068 1349 3132 etoperationes
1421 3067 1707 3130 virtutum,
1755 3055 2108 3136 divinamque

532 3156 762 3225 gratiam
789 3172 893 3208 non
932 3164 1181 3209 naturam
1207 3173 1398 3211 omnes
1423 3157 1722 3226 accipimus
1745 3176 1760 3222 ;
1787 3161 1961 3215 Solum
1981 3175 2109 3214 vero

536 3245 779 3296 divinum
811 3244 943 3298 illud
967 3257 1304 3315 assumptum
1338 3249 1679 3317 bypostatice
1739 3247 1915 3302 Verbo
1979 3250 2113 3302 adu-

525 3346 872 3392 :natumesse
891 3339 1182 3402 credimus,
1213 3347 1269 3392 nt
1296 3355 1394 3393 nos
1415 3355 1509 3408 per
1535 3339 1686 3402 illud,
1711 3353 1972 3410 quantum
1999 3343 2112 3396 ﬁeri

528 3436 740 3496 potest,
775 3429 864 3482 Dei
894 3436 1181 3483 consortes
1204 3429 1397 3483 simus.
1436 3428 1632 3485 Verum
1690 3431 1745 3484 in
1801 3433 1896 3483 illo
1943 3433 2115 3499 parti-

529 3505 1063 3590 cipamusgratiam,
1096 3536 1217 3573 eum
1240 3519 1298 3572 in
1330 3521 1447 3588 ipso
1477 3522 1548 3575 sit
1581 3521 1762 3575 omnis
1829 3522 2113 3589 plenitudo

535 3610 839 3663 divinitatis
871 3611 1252 3680 cet-poraliter,
1291 3626 1410 3679 qua:
1444 3611 1497 3664 in
1531 3626 1598 3665 eo
1625 3612 1914 3676 inhabitat,
1945 3622 2106 3680 prout

531 3700 724 3756 docuit
759 3702 971 3755 Paulus
1009 3701 1220 3755 dicens
1260 3720 1274 3755 :
1342 3721 1359 3752 ι
1394 3699 1663 3767 Quoniam
1697 3705 1748 3756 in
1784 3717 1848 3756 eo
1899 3703 2112 3756 inhabi-

539 3801 616 3846 tat
640 3795 820 3847 otnnis
847 3792 1124 3859 plenitudo
1181 3791 1487 3847 divinitatis
1534 3797 1894 3861 corporaliter
1921 3813 1939 3844 ι
2001 3810 2106 3848 non

539 3892 786 3952 personae
817 3886 1093 3954 Spiritus;
1128 3899 1250 3938 nam
1281 3901 1450 3939 unum
1487 3885 1764 3940 Trinitatis
1826 3888 2110 3954 solmuqne

540 3973 780 4030 Verbum
812 3978 1154 4030 iucarnatum
1180 3987 1291 4038 est,
1325 3987 1382 4030 et
1403 3977 1516 4029 sola
1542 3977 1659 4046 ejus
1688 3978 2000 4031 humanitas
2025 3976 2110 4028 di-

532 4068 664 4120 vina
700 4082 930 4136 persona
965 4066 1204 4135 perfecta
1240 4076 1324 4121 est
1354 4077 1408 4121 ct
1438 4068 1502 4122 ad
1530 4068 1770 4121 divinam
1793 4066 2109 4135 dignitatem

530 4158 771 4223 elevata,
793 4166 990 4225 utpote
1019 4157 1117 4226 ipsi
1153 4165 1324 4221 arcte,
1358 4157 1762 4211 indivisibiliter
1817 4169 1872 4211 et
1925 4157 2115 4212 incon-

539 4246 1182 4316 fusibilitereonjuncta,
1212 4249 1541 4316 propriaque
1564 4247 1680 4316 ejus
1709 4247 1928 4302 elTecta.
1968 4249 2114 4313 Qua-

545 4346 766 4409 piopter
796 4337 998 4390 donum
1014 4335 1120 4390 .Dei
1150 4349 1205 4390 et
1233 4339 1461 4405 gratiam
1481 4337 1548 4388 ab
1581 4353 1646 4391 eo
1705 4336 2109 4407 procedentem,

2209 1871 2266 1923 ὲν
2301 1873 2398 1940 μιᾷ
2434 1871 2658 1942 Θεότητι
2714 1873 3211 1943 καθομολογοῦμεν,
3247 1877 3343 1928 καὶ
3376 1875 3507 1927 Θεὸν
3545 1875 3636 1926 ἕνα
3665 1878 3752 1942 τὴν

2209 1963 2412 2033 Τριάδα
2442 1964 2500 2015 ἐν
2535 1965 2637 2034 μιᾷ
2681 1964 2908 2033 δυνάμει
2961 1965 3054 2017 καὶ
3093 1966 3364 2036 ἐνεργείᾳ,
3401 1968 3494 2020 καὶ
3529 1966 3756 2034 βασιλείᾳ

2207 2058 2301 2110 καὶ
2332 2055 2515 2125 χάριτι
2542 2055 2884 2127 κηρύττομεν
2909 2055 3146 2119 εὐσεϐῶς
3174 2072 3189 2088 °
3222 2059 3316 2112 καὶ
3345 2060 3441 2129 τὴν
3475 2060 3570 2129 μὲν
3590 2060 3760 2111 οὐσίαν

2205 2149 2438 2216 ἀόρατόν
2471 2163 2530 2199 τε
2583 2154 2759 2215 πάντη
2801 2147 2902 2197 παὶ
2950 2147 3258 2216 άμέθεκτον
3297 2128 3758 2218 καθομολογοῦμεν

2205 2241 2414 2308 ἡμῖν’τε
2437 2239 2530 2292 καὶ
2547 2240 2694 2307 πάσῃ
2713 2241 2775 2307 τῇ
2805 2239 3001 2304 κτίσει,
3020 2240 3093 2302 ὡς
3123 2243 3216 2294 καὶ
3237 2243 3265 2292 6
3285 2243 3596 2309 Μονογενὴς
3624 2257 3762 2308 φησι,

2212 2347 2232 2381 ι
2273 2331 2405 2382 Θεὸν
2433 2331 2604 2391 οὐδεὶς
2636 2331 2848 2398 ἑώρακε
2897 2331 3144 2384 πώποτε.
3178 2350 3196 2382 ι
3247 2333 3338 2394 Ὠς
3375 2333 3485 2384 ἔστι
3521 2332 3762 2402 δηλονότι,

2207 2424 2296 2474 καὶ
2336 2423 2457 2474 κατ’
2502 2423 2710 2475 οὐσίαν,
2764 2423 2913 2475 Ἐπεὶ
2959 2425 3052 2478 καὶ
3086 2425 3162 2493 τῷ
3206 2427 3438 2479 Μωῦσεῖ
3481 2426 3604 2496 ἔφη,
3642 2444 3658 2476 ι
3697 2424 3763 2477 Οὐ

2210 2514 2285 2583 μὴ
2324 2513 2422 2566 tam
2459 2513 2745 2584 ἄνθρωπος
2772 2515 2833 2566 τὸ
2863 2515 3154 2584 πρόσωπόν
3193 2534 3297 2585 μου
3345 2520 3444 2570 καὶ
3477 2518 3706 2588 ζήσεται.
3745 2534 3762 2566 ι

2207 2607 2319 2674 Τὴν
2344 2606 2400 2659 δὲ
2429 2605 2586 2670 δόξαν
2611 2605 2778 2660 αὑτοῦ
2810 2609 2904 2658 xui.
2932 2606 3294 2676 λαμπρότητα
3321 2609 3432 2679 τὴν
3476 2611 3538 2662 ἐκ
3574 2611 3666 2676 τῆς
3690 2607 3768 2658 οὑ-

2209 2697 2329 2758 σίας
2359 2698 2454 2750 καὶ
2509 2696 2670 2767 χάριν
2719 2699 2814 2750 καὶ
2857 2697 3092 2766 δύναμιν
3126 2701 3258 2768 ὁρᾷν
3308 2700 3394 2764 ὼς
3435 2701 3650 2754 δυνατὸν
3687 2699 3769 2750 καὶ

2206 2789 2508 2854 λαμϐάνειν
2554 2789 2913 2857 πιστεύομεν,
2959 2791 3052 2841 καὶ
3095 2791 3232 2842 κατὰ
3262 2791 3435 2845 τοῦτο
3480 2793 3534 2844 αί
3567 2793 3768 2860 ὁράσεις

2207 2880 2317 2932 τῶν
2374 2881 2692 2950 προφητῶν,
2747 2882 2844 2933 καὶ
2892 2882 2948 2934 ai
3000 2881 3381 2949 φωτοφάνειιιι
3431 2885 3542 2946 τοῖς
3585 2881 3760 2948 ἁγίοις,

2210 2971 2306 3024 καὶ
2333 2970 2629 3039 ἐλλάμψεις
2661 2972 2717 3023 αἱ
2748 2971 2804 3022 ὲν
2837 2973 3044 3034 αὐτοῖς,
3074 2973 3167 3024 καὶ
3193 2974 3250 3025 αι
3273 2975 3563 3035 διακονίαι,
3597 2975 3682 3025 καὶ
3704 2971 3761 3023 τὰ

2209 3066 2558 3134 ἐνεργήματα
2585 3067 2694 3118 τῶν
2721 3066 3024 3134 δυνάμεων,
3043 3067 3134 3120 καὶ
3167 3068 3327 3136 χάριν
3358 3070 3530 3136 θείαν,
3556 3069 3649 3120 οὐκ
3681 3066 3762 3117 οὐ-

2220 3157 2359 3220 σίαν,
2397 3161 2594 3219 πάντες
2633 3158 3005 3228 λαμϐάνομεν,
3038 3161 3199 3225 μόνον
3241 3159 3298 3212 δὲ
3332 3161 3392 3213 τὸ
3439 3161 3578 3213 θεῖον
3606 3159 3764 3211 ἐκεῖνο

2217 3249 2554 3319 πρόσλημμα
2605 3251 2984 3312 ὑποστατικῶς
3045 3250 3316 3317 ἑνωθῆναι
3364 3251 3442 3322 τῷ
3487 3252 3638 3319 Λόγῳ
3683 3267 3762 3299 πι-

2216 3341 2501 3409 στεύομεν,
2532 3342 2618 3394 ἵνα
2656 3341 2722 3393 δι’
2763 3343 2976 3394 ἐκείνου
3009 3340 3084 3404 ὡς
3113 3343 3341 3395 δυνατὸν
3367 3346 3764 3412 κοινωνήσωμιν

2214 3434 2374 3502 ἡμεῖς
2408 3431 2502 3484 τοῦ
2533 3431 2691 3486 Θεοῦ.
2730 3432 3112 3499 Κοινωνοῦμεν
3152 3433 3209 3486 δὲ
3243 3433 3346 3502 τῆς
3381 3437 3439 3488 ὲν
3463 3435 3649 3503 ἐκείνῳ
3677 3431 3764 3499 χά-

2218 3538 2385 3592 ριτος,
2420 3519 2514 3573 τοῦ
2547 3520 2914 3590 πληρώματος
2947 3523 3149 3585 παντὸς
3181 3524 3238 3574 ἐν
3275 3524 3428 3594 αὐτῷ
3460 3526 3558 3593 τῆς
3583 3522 3767 3588 Θεότη-

2213 3629 2302 3674 τος
2351 3613 2679 3684 σωματικῶς
2709 3611 2880 3676 δντος,
2932 3611 3069 3681 ὅπερ
3106 3615 3164 3666 ὲν
3204 3615 3387 3684 ἑαυτῷ
3438 3611 3764 3683 κατῴκησεν.

2215 3703 2405 3771 ὥσπερ
2429 3703 2456 3753 6
2490 3702 2700 3766 Παῦλος
2743 3719 2908 3773 φησιν
2945 3703 3026 3756 ὅτι
3066 3706 3121 3756 ὲν
3170 3706 3322 3772 αὑτῷ
3356 3705 3640 3776 κατῴκησε
3671 3700 3768 3752 πᾶν

2215 3794 2275 3846 τ’»
2310 3794 2583 3862 πλήρωμα
2621 3795 2720 3860 τῆς
2752 3793 3019 3863 Θεότητος
3061 3796 3391 3862 σωματικῶς
3425 3796 3485 3848 οὐ
3531 3795 3622 3861 τῆς
3655 3794 3772 3844 ὐπο-

2218 3886 2459 3947 στάσεως
2509 3883 2602 3937 τοῦ
2663 3884 3001 3953 Πνεῦματος.
3033 3885 3156 3936 ’Ότι
3206 3887 3234 3938 6
3270 3879 3355 3949 εἷς
3408 3887 3506 3954 τῆς
3554 3883 3767 3954 Τριάδος

2216 3978 2308 4029 καὶ
2362 3977 2523 4045 μόνος
2551 3979 2578 4029 6
2623 3977 2796 4043 Λόγος
2849 3977 3215 4044 σεσάρκωται.
3269 3978 3381 4031 Καὶ
3429 3977 3588 4047 μόνον
3635 3974 3768 4028 ὲκεί-

2214 4085 2305 4120 νου
2382 4067 2440 4119 τὸ
2491 4067 2836 4135 ἀνθρώπινον
2878 4067 3272 4141 θεοῦπόστατόν
3331 4071 3454 4122 ἔστι
3514 4069 3607 4122 καὶ
3653 4064 3772 4134 ὁμό-

2215 4159 2356 4222 Θεον,
2414 4157 2487 4221 ὼς
2529 4159 2805 4228 ἡνωμένον
2867 4159 3050 4226 ἄκρως
3111 4173 3258 4228 αυτῳ
3314 4161 3638 4230 ἀδιαιρέτως
3689 4157 3770 4208 καὶ

2215 4248 2554 4322 ἀσυγχύτως,
2606 4250 2700 4302 καὶ
2737 4249 2868 4302 ῐδιον
2914 4249 3080 4302 αὐτοῦ
3126 4250 3374 4318 γεγονός.
3413 4252 3506 4302 Διὸ
3544 4249 3638 4302 καὶ
3683 4247 3770 4313 τῆς

2215 4337 2421 4406 δωρεᾶς
2453 4335 2547 4392 τοῦ
2578 4337 2712 4388 Θεοῦ
2763 4338 2855 4388 καὶ
2895 4337 3113 4407 χάριτος
3150 4337 3487 4408 πιστεύομεν
3540 4337 3775 4405 μετέχειν

547 4425 870 4493 participare
897 4425 1195 4491 credimus,
1232 4440 1338 4478 non
1379 4435 1558 4480 autem
1582 4426 1699 4494 ejus
1731 4435 2006 4490 naturam,
2035 4427 2109 4480 si-

2217 4428 2513 4493 προϊούσης
2553 4424 2611 4489 ὲξ
2644 4425 2836 4490 αὐτοῦ,
2881 4426 2942 4478 οὐ
2972 4426 3072 4494 τῆς
3114 4426 3324 4489 οὐσίας,
3359 4427 3435 4486 ὼς
3475 4427 3525 4479 oi
3555 4423 3777 4480 Μασσα·

545 4515 660 4567 euti
687 4514 838 4582 impii
863 4515 1143 4568 somniant
1191 4514 1498 4570 Massaliani
1531 4525 1584 4570 et
1625 4512 1917 4585 Dogomili,
1940 4517 2100 4586 cujus

542 4606 704 4660 testis
726 4619 801 4660 est
821 4606 915 4678 qui
933 4621 1098 4676 supra
1124 4607 1368 4662 divinum
1393 4618 1586 4678 pectus
1607 4613 1958 4672 recumbens,
1985 4610 2109 4663 inde

538 4698 825 4766 copiosam
851 4696 1131 4768 theologia:
1161 4699 1396 4769 gratiam
1451 4700 1682 4769 accepit,
1744 4703 2004 4770 solusque
2065 4701 2114 4755 is

533 4775 744 4855 estqui
777 4785 1158 4840 testimonium
1214 4786 1426 4853 reddat,
1461 4788 1588 4856 quia
1625 4804 1810 4843 verum
1830 4799 1923 4843 est
1949 4789 2114 4844 testi-

541 4876 959 4946 monium-ejus,
1003 4893 1023 4928 ι
1063 4885 1115 4930 et
1135 4877 1228 4932 ille
1263 4878 1368 4932 scit
1393 4887 1654 4948 tanquam
1679 4879 1923 4934 veritatis
1948 4881 2118 4934 disci-

537 4969 707 5036 pulus
755 4967 1014 5036 quoniam
1068 4983 1196 5022 vera
1258 4967 1621 5035 dieit,utnos
1667 4972 1982 5026 credamus.
2017 4971 2118 5025 llic

537 5060 768 5130 (juidetu
820 5061 887 5113 de
966 5059 1151 5114 divina
1230 5066 1426 5114 natura
1511 5061 1584 5115 ita
1653 5061 1832 5117 dixit:
1901 5063 2114 5116 «Deum

549 5167 714 5227 nemo
763 5151 899 5205 vi’dit
950 5166 1191 5221 unquam
1244 5168 1260 5206 :
1302 5169 1320 5202 ι
1371 5160 1425 5206 et
1479 5161 1674 5206 testem
1738 5152 1963 5209 adduxit
2011 5154 2116 5208 Do.

547 5245 760 5297 miuum
829 5242 1020 5296 dicens
1084 5259 1102 5292 ι
1142 5241 1471 5312 Unigenitus
1562 5243 1736 5300 Filius
1790 5248 1880 5315 qui
1939 5249 2115 5301 estin

546 5333 673 5387 sinu
705 5331 1045 5400 Patris,ipse
1076 5333 1350 5385 enarravit
1387 5349 1407 5382 ι
1455 5332 1550 5386 sed
1608 5333 1675 5388 de
1727 5335 1899 5404 gloi'ia
1937 5337 2053 5404 ejus
2103 5356 2117 5390 :

557 5439 579 5474 ι
615 5432 668 5476 et
696 5422 937 5475 vidimus
977 5424 1204 5491 gloriam
1239 5425 1358 5491 ejus
1389 5441 1407 5474 ι
1447 5436 1501 5478 et
1540 5441 1604 5479 ne
1638 5428 1760 5494 quis
1803 5427 1946 5480 dicat
1995 5443 2118 5482 eum

547 5512 622 5566 de
651 5511 1021 5567 incarnatione
1043 5511 1154 5565 Sola
1191 5514 1302 5565 brec
1323 5513 1588 5581 proferre,
1621 5513 1802 5568 addit:
1839 5534 1856 5566 ι
1879 5516 2119 5569 Gloriam

517 5600 713 5673 “Quasi
749 5599 1025 5670 Unigeniti
1057 5616 1083 5652 a
1115 5601 1272 5655 Patre
1307 5619 1320 5655 :
1361 5619 1379 5652 ι
1420 5611 1472 5655 et
1506 5618 1571 5656 ne
1595 5604 1718 5672 quis
1757 5615 2004 5659 naturam
2040 5608 2123 5660 di-

556 5693 804 5747 vinitatis
839 5691 1000 5755 dicat,
1033 5707 1248 5745 rursum
1281 5692 1520 5760 loquitur
1547 5711 1558 5745 :
1591 5711 1608 5744 ι
1653 5693 1876 5748 l’leunen
1934 5699 2123 5764 gratia:

2205 4517 2378 4569 λιανοι
2432 4517 2726 4586 φρονοῦσιν
2753 4518 2804 4568 οἱ
2853 4517 3135 4580 δυσσεϐεῖς
3189 4518 3282 4570 καὶ
3323 4518 3636 4586 Βογόμιλοι.
3680 4512 3779 4568 Καὶ

2213 4606 2404 4659 τούτου
2435 4607 2642 4676 μάρτυς
2666 4609 2694 4658 6
2729 4608 2819 4660 ἐπὶ
2857 4607 2916 4660 τὸ
2955 4607 3097 4661 θεῖον
3125 4607 3322 4676 στῆθος
3355 4607 3562 4672 πεσὼν,
3602 4605 3782 4658 κάκεῖ-

2216 4699 2308 4752 θεν
2337 4698 2537 4767 δαψιλῆ
2561 4701 2660 4767 τὴν
2688 4697 2788 4766 τῆς
2817 4698 3098 4762 Θεολογίας
3132 4699 3294 4768 χάριν
3321 4699 3637 4768 δεξάμενος.
3677 4693 3780 4746 Καὶ

2218 4789 2398 4851 ἱκανὸς
2430 4782 2584 4850 οῦτος
2632 4788 2769 4859 πρὸς
2815 4789 3122 4858 μαρτυρίαν
3183 4789 3278 4840 καὶ
3332 4791 3514 4857 μόιος,
3565 4790 3648 4840 ὅτι
3694 4784 3781 4836 καὶ

2218 4879 2433 4950 ἀληθὴς
2458 4881 2491 4948 ἡ
2524 4880 2802 4949 μαρτυρία
2833 4878 3021 4942 αὑτοῦ,
3049 4879 3302 4942 κάκεῖνος
3332 4875 3476 4931 οἶδεν
3501 4880 3584 4931 ὃτι
3608 4871 3780 4946 άληθῆ

2217 4969 2389 5037 λέγει,
2422 4970 2508 5023 ἵνα
2539 4972 2696 5039 ἡμεῖς
2729 4969 3133 5037 πιστεύσωμεν,
3164 4968 3264 5038 τῆς
3291 4969 3551 5038 ἀληθείας
3582 4968 3656 5019 ῶν
3686 4981 3784 5033 μα-

2217 5060 2409 5130 θητής.
2444 5056 2614 5122 Οὗτος
2641 5062 2767 5130 περὶ
2805 5060 2902 5130 μὲν
2924 5060 3023 5128 τῆς
3055 5059 3205 5121 Θείας
3223 5061 3413 5122 οὐσίας
3440 5061 3586 5112 οὕτω
3615 5055 3777 5126 φησί·

2226 5165 2244 5199 ι
2289 5149 2422 5200 Θεὸν
2473 5147 2648 5209 οὐδεὶς
2707 5148 2922 5216 ἑώρακε
2973 5147 3247 5200 πώποτεν
3289 5166 3308 5200 ι
3360 5149 3475 5202 Καὶ
3531 5147 3784 5216 μάρτυρα

2221 5238 2549 5306 παρεισάγει
2581 5239 2673 5290 τὸν
2707 5238 2930 5308 Κύριον,
2957 5239 3148 5305 λέγων,
3182 5257 3201 5291 ι
3244 5239 3307 5292 ’0
3335 5238 3631 5308 μονογενὴς
3666 5233 3784 5295 Υἱὸς

2222 5332 2249 5381 6
2283 5327 2356 5381 ὢν
2403 5331 2481 5400 εἰς
2517 5329 2606 5381 τὶν
2647 5329 2845 5380 κόλπον
2896 5328 2989 5381 τοῦ
3047 5331 3280 5398 Πατρὸς,
3341 5332 3549 5391 ἐκεῖνος
3590 5326 3784 5395 ἐξηγή-

2225 5435 2375 5474 σατο.
2421 5440 2438 5471 ι
2476 5421 2608 5490 Περὶ
2644 5419 2702 5472 δὲ
2742 5421 2839 5489 τῆς
2871 5423 3094 5489 χάριτος
3133 5422 3319 5485 αὑτοῦ,
3365 5441 3383 5471 ι
3427 5420 3533 5473 Καὶ
3566 5415 3784 5470 ἐθεασά-

2228 5512 2498 5582 μεθα-τὴν
2543 5512 2701 5574 δόξαν
2743 5491 2928 5564 αὑτοῦ.
2971 5531 2988 5563 ι
3027 5512 3135 5565 Καὶ
3179 5513 3266 5564 ἵνα
3307 5515 3380 5580 μή
3421 5529 3503 5574 τις
3550 5511 3681 5577 εἴπῃ
3723 5505 3784 5556 τὰ

2229 5605 2358 5673 περὶ
2387 5605 2486 5672 τῆς
2521 5602 2850 5671 σαρκῶσεως
2881 5607 3039 5669 μόνον
3073 5605 3276 5671 λέγειν,
3305 5606 3527 5670 ἐπάγει,
3571 5620 3587 5652 ι
3623 5600 3784 5661 Δόξαν

2225 5697 2298 5760 ὼ,
2331 5696 2670 5762 Μυνογενοῦς
2699 5700 2847 5762 παρὰ
2875 5698 3105 5762 Πατρός.
3140 5716 3159 5748 ι
3200 5699 3307 5751 Καὶ
3339 5696 3430 5750 ἵνα
3477 5696 3550 5761 μή
3584 5709 3666 5755 τις
3692 5691 3784 5752 τὴν
