4038 6468
288 442 388 515 181

1529 439 1633 500 DE
1670 432 2238 497 SACRAMENTIS.

3452 442 3553 507 1???

288 557 387 620 τάς
428 553 655 623 λογικὰς
708 553 887 625 ψυχάς
933 551 1243 623 ἐκκαθάρη,
1279 550 1376 605 xui
1423 550 1649 622 χάριτος
1695 548 1858 619 ἁγίου

1974 549 2228 619 spiritali,
2260 558 2317 604 ut
2351 558 2576 606 nostras
2601 553 2883 621 spiritales
2914 555 3137 611 animas
3163 559 3474 619 mnudaret.
3506 574 3559 617 et

291 649 604 718 Πνεύματος
642 645 1000 719 ἐκπληρώσῃ,
1034 648 1126 698 xui
1158 645 1226 699 τὰ
1275 644 1505 713 σώματα
1546 644 1764 713 map:
1781 641 1872 713 \m

287 743 404 811 ἅμα
434 743 525 794 καὶ
554 740 780 810 ἁγιάσῃ.
810 741 911 792 Διὰ
944 739 1104 791 τοῦτο
1138 737 1322 790 τοίνυν
1343 737 1441 789 καὶ
1481 735 1550 789 τὰ
1583 738 1873 807 μυστήρια

287 835 458 888 ταῦτα
490 833 692 885 δέδωκε
729 830 959 895 διπλῶς,
998 827 1275 898 αἰσθητῶς
1316 829 1415 898 μὲν
1446 827 1558 881 ἀπὸ
1588 828 1698 880 τῶν
1727 822 1875 898 ὁρωέι

292 927 466 994 μένων
498 924 652 1005 ὅντα,
693 922 973 991 Πνεύματι
1006 921 1061 974 δὲ
1089 921 1235 990 ἁγίῳ
1262 919 1592 989 τελούμενα,
1636 921 1733 972 xui
1766 920 1865 988 τῆς

287 1015 436 1077 θείας
487 1015 713 1087 χάριτος
764 1014 1075 1083 παρεκτικὲι
1128 1012 1326 1080 ψυχαῖς
1366 1029 1424 1064 τε
1477 1012 1574 1064 καὶ
1622 1009 1863 1079 σώμασι.

290 1110 582 1178 Παρέδωκε
603 1108 659 1161 δὲ
684 1106 856 1160 ταῦτα
885 1107 946 1159 οὐ
970 1106 1150 1173 λόγοις
1184 1108 1368 1174 μόνον,
1402 1104 1537 1158 ἀλλὰ
1560 1106 1655 1157 καὶ
1680 1105 1861 1174 πράγ-

292 1214 445 1269 μασι·
476 1200 569 1250 xui
602 1200 683 1261 είς
724 1197 919 1251 ἐαυτὸν
952 1198 1171 1267 πρῶτον
1224 1197 1361 1267 σὰρξ
1390 1199 1684 1264 γενόμενος
1713 1195 1741 1246 ὁ
1769 1194 1861 1247 τοῦ

287 1291 420 1344 Θεοῦ
464 1291 638 1359 Λόγος
699 1289 1101 1358 φιλανθρώπως
1147 1289 1491 1358 ἐνήργησεν,
1525 1286 1593 1340 ἶν’
1638 1285 1864 1356 ἀπαρχὴ

285 1384 420 1452 ἡμῖν
446 1382 553 1435 τῶν
577 1380 800 1449 ἀγαθῶν
835 1381 1183 1450 ὑπάρχοντος
1213 1378 1288 1442 ὡς
1334 1378 1444 1431 ἀπὸ
1482 1379 1667 1447 πηγῆς
1695 1378 1863 1430 αὐτοῦ

285 1479 335 1530 οἱ
366 1475 528 1530 αὑτοῦ
556 1477 757 1535 πάντες
795 1475 956 1543 ἡμεῖς
998 1471 1396 1540 ).αμ6άνωμεν.
1441 1472 1539 1523 Διὰ
1576 1470 1737 1523 τοῦτο
1766 1469 1865 1523 καὶ

282 1570 392 1640 γὰρ
443 1567 908 1638 ἐνηνθρὼπησεν,
959 1565 1028 1619 ἵν’
1087 1564 1379 1633 ἐνωθῶμεν
1427 1562 1597 1632 αὐτῷ,
1650 1566 1745 1615 xui
1798 1563 1863 1614 ἵν’

279 1660 633 1727 ἁγιασθῶμεν
656 1660 722 1712 δι’
749 1657 939 1711 αὑτοῦ.
967 1654 1094 1711 Ὀτι
1116 1658 1210 1707 xui
1237 1653 1393 1716 οὗτος
1414 1655 1442 1706 ό
1471 1654 1685 1717 πλάσας
1715 1656 1865 1723 ἡμᾶς

281 1756 307 1804 ὁ
338 1751 434 1803 τοῦ
458 1750 591 1803 Θεοῦ
623 1751 794 1818 Λόγος
827 1747 888 1813 ἐξ
933 1748 1130 1817 ἀρχῆς,
1164 1748 1259 1799 xui
1301 1741 1471 1809 οὗτοξ
1487 1746 1651 1799 πάλιν
1677 1748 1705 1799 ό
1732 1749 1864 1801 ἁνα-

283 1844 534 1900 πλάττων
577 1845 724 1914 ἡμᾶς
771 1842 997 1913 εὐδοκία
1036 1841 1274 1912 Πατρδς,
1310 1840 1404 1893 xui
1455 1839 1717 1911 curem/iu
1765 1838 1861 1892 τοῦ

1978 642 2151 709 gratia
2187 640 2427 711 Spiritus
2462 645 2638 697 sancti
2693 648 3036 715 adimpleret,
3103 650 3375 715 simulque
3437 669 3557 705 eor-

1978 747 2107 801 pora
2148 734 2589 804 incor‘rnptibilia
2627 734 2833 790 faceret
2875 748 2927 792 et
2986 740 3372 795 sanctillcaret.
3429 742 3557 797 ldco

1973 822 2175 891 dupl'ci
2210 824 2424 880 ratione
2455 825 2556 879 ista
2589 834 2728 896 myst
2767 828 2845 881 ria
2880 828 3125 893 tradidit,
3153 834 3310 885 modo
3336 832 3554 901 quidem

1973 915 2219 969 sensibili
2253 929 2378 970 Cum
2411 931 2474 970 ex
2509 916 2812 971 visibilihus
2859 931 3140 983 constent,
3186 920 3395 993 Spiritu
3430 941 3554 978 veru

1971 1017 2159 1060 sancto
2208 1009 2481 1073 absoluta,
2543 1008 2896 1080 divinumque
2948 1012 3176 1081 gratiam
3236 1016 3435 1070 animis
3500 1027 3552 1071 ct

1968 1099 2293 1163 corporibus
2325 1098 2689 1155 infundentia.
2720 1103 2851 1167 Quze
2882 1103 3042 1158 nobis
3074 1105 3222 1159 dedit
3282 1122 3387 1160 It0lt
3433 1124 3551 1160 ver-

1969 1182 2055 1241 bis
2084 1198 2322 1254 tantum,
2348 1190 2441 1244 sed
2475 1198 2529 1245 et
2549 1193 2823 1257 operibus,
2871 1204 2925 1247 et
2992 1195 3044 1248 in
3087 1196 3382 1267 semetipso
3446 1199 3552 1267 pri-

1968 1297 2119 1334 mum
2153 1281 2472 1349 adimplet/it
2516 1281 2610 1337 Dei
2656 1282 2891 1337 Verbum
2942 1301 3072 1339 caro
3120 1291 3552 1344 misericorditer

1969 1372 2197 1437 factum,
2234 1383 2291 1426 ιιι
2317 1374 2570 1443 pritnitite
2596 1375 2751 1429 nobis
2777 1390 2922 1431 esset
2952 1379 3223 1434 bonorum
3280 1385 3557 1449 Omniuw,

1968 1483 2067 1522 nos
2098 1477 2280 1519 autem
2309 1481 2498 1521 omnes
2521 1470 2615 1537 qui
2646 1468 2765 1536 ejus
2790 1481 2916 1525 sunt
2941 1474 3096 1540 quasi
3135 1475 3202 1528 de
3258 1476 3406 1531 futue
3463 1495 3552 1531 ac-

1967 1559 2262 1629 ciptamus,
2297 1557 2589 1628 Propterea
2616 1560 2834 1629 quidem
2869 1563 3190 1620 incarnatus
3214 1577 3317 1633 est,
3355 1583 3412 1622 ut
3446 1570 3551 1638 ip~i

1968 1653 2250 1722 conjuncti
2288 1653 2356 1707 ab
2389 1653 2506 1721 ipso
2536 1654 3031 1717 sanctificaremur,
3087 1659 3346 1728 quoniam
3407 1662 3552 1715 idem

1967 1748 2113 1816 quod
2159 1760 2259 1800 nos
2294 1761 2324 1800 a
2362 1745 2633 1815 principio
2668 1747 2875 1800 creavit
2909 1746 3149 1803 Verbum
3196 1750 3310 1816 Dei,
3368 1754 3545 1821 ipsum

1971 1854 2163 1893 rursus
2224 1854 2321 1892 nos
2386 1840 2669 1902 recreabit,
2721 1841 2859 1893 bona
2919 1840 3095 1898 Patris
3159 1844 3439 1902 voluntate
3497 1861 3554 1901 et

281 1938 440 2003 ἁγίου
486 1902 829 2005 Πνεθίμαντος.
879 1932 943 1986 Ἦ
970 1902 1289 2002 .Tptuc'yup
1316 1934 1342 1984 ὁ
1393 1932 1525 1995 Θεὸς
1751 1934 1858 1986 πᾶν

1969 1929 2211 2001 Spiritus
2240 1932 2417 1984 sancti
2450 1934 2857 2000 COOpet'uliullc.
2906 1931 3040 1987 Nam
3092 1932 3338 1991 Trinitas
3412 1937 3553 1992 Dens

280 2032 579 2098 ποιήσασα,
610 2032 705 2082 καὶ
733 2029 793 2081 τὸ
824 2029 932 2081 πᾶν
959 2026 1322 2094 ἐξοικονομεϊ,
1348 2026 1443 2077 xui
1476 2025 1681 2095 μᾶλλον
1712 2026 1859 2097 ἡμᾶς

281 2123 704 2190 παραπεσόντας
728 2161 742 2183 ,
778 2121 839 2173 τὸ
890 2118 1226 2187 τιμιώτατον
1273 2116 1385 2171 τῶν
1425 2118 1728 2189 ὁρωμένων
1764 2119 1862 2172 xui

281 2216 401 2268 κατ’
446 2216 630 2267 εἰκόνα
681 2214 841 2269 Θεοῦ.
886 2212 947 2267 Ὀ
1004 2212 1180 2279 Λόγος
1234 2211 1420 2263 τοίνυν
1468 2209 1565 2263 τοῦ
1618 2211 1777 2278 θεοῦ,
1823 2214 1856 2283 ἡ

280 2309 428 2372 ζῶσα
462 2306 625 2359 εἰκὼν
652 2308 743 2359 καὶ
778 2305 1017 2385 σφραγὶς
1044 2305 1141 2356 xui
1175 2302 1548 2373 ἀπαύγασμα,
1587 2305 1685 2376 τὴν
1722 2304 1859 2360 ίδίαν

280 2402 466 2451 εἰκόνα
494 2399 553 2451 τὸ
587 2398 803 2465 λογικὸν
841 2399 988 2466 ἡμᾶς
1035 2396 1309 2465 λαμῦάνει
1347 2397 1487 2461 ζῶον
1520 2398 1600 2459 είς
1636 2398 1857 2453 ἑαυτόν.

281 2492 389 2542 Καὶ
442 2489 503 2542 οὐ
557 2489 646 2543 διὰ
693 2488 998 2557 κτίσματός
1051 2504 1200 2550 τινος
1249 2487 1440 2540 ἐτέοου
1491 2486 1853 2551 ἀνακαινίζει.

290 2583 441 2637 Ἐπεὶ
469 2583 589 2635 οὐδὲ
619 2583 871 2638 δυνατόν.

349 2770 668 2839 Κληρικός.
702 2769 812 2823 Καὶ
856 2769 997 2837 πῶς,
1030 2768 1290 2836 δέσποτα,
1325 2768 1383 2820 οὐ
1413 2765 1639 2821 δυνατὸν
1662 2762 1731 2839 ἦν
1763 2767 1859 2821 xui

279 2863 348 2916 δι’
374 2864 608 2930 ἀγγέλου
631 2904 647 2929 ,

352 2954 703 3023 Ἀρχιερεύς.
736 2954 1025 3025 Οὖδγμῶς,
1062 2955 1143 3009 ὅτι
1191 2958 1299 3008 πᾶν
1336 2956 1546 3026 κτίσμα
1591 2972 1855 3026 περιγρα-

281 3046 432 3111 πτὸν,
486 3048 582 3097 xui
640 3046 700 3097 οὐ
754 3045 1039 3116 πανταχοῦ
1100 3046 1338 3115 φθάνον,
1379 3052 1474 3100 xui
1510 3049 1571 3101 οὐ
1615 3052 1858 3118 φυσικὴν

280 3135 403 3203 ἔχον
450 3137 547 3204 τὴν
601 3136 695 3189 τοῦ
734 3137 929 3200 σώζειν
964 3138 1219 3206 δύναμιν.
1258 3139 1416 3191 Κατὰ
1464 3141 1632 3208 χάριν
1654 3140 1737 3207 es,
1764 3143 1861 3194 xui

277 3220 346 3294 ἦν
395 3226 460 3279 ἄν
504 3226 578 3291 ὡς
627 3227 698 3279 δι’
743 3229 979 3298 ὀργάνου
1040 3228 1220 3290 διδοὺς
1267 3230 1366 3298 τὴν
1418 3233 1602 3300 χάριν,
1644 3234 1742 3283 καὶ
1782 3232 1855 3302 μὴ

276 3317 569 3387 δυνάμενος
598 3322 677 3381 εἰς
703 3322 908 3382 πάντας
943 3320 1169 3390 μερικὸς
1192 3320 1267 3372 ὣν
1297 3323 1434 3391 μηδέ
1468 3325 1581 3386 τοῖς
1614 3323 1853 3394 πρώτως

277 3410 509 3461 παθοῦσι
548 3409 885 3479 χαρίσασθαι
920 3412 1015 3478 τὴν
1051 3410 1377 3464 ἀνάπλασιν.
1426 3411 1588 3465 Ἀλλὰ
1636 3413 1754 3476 πῶς
1788 3413 1855 3467 ἂν

280 3507 505 3573 παρεῖχε
560 3504 726 3572 ζωὴν,
764 3504 838 3573 μὴ
882 3505 1043 3571 φύσει
1088 3504 1165 3556 ὢν
1214 3508 1247 3576 ἡ
1295 3506 1408 3575 ζωή
1445 3524 1458 3572 ;
1518 3507 1590 3559 ’Ἡ
1641 3506 1758 3569 πῶς
1790 3507 1856 3560 ἂν

275 3600 465 3666 ἔμενεν
496 3599 769 3669 ἄτρεπτος
798 3599 873 3668 μὴ
906 3599 1067 3668 φύσει
1104 3599 1182 3652 ὢν
1211 3602 1518 3672 άτρεπτος;
1548 3601 1856 3671 ἐπειδήπερ

273 3692 533 3755 ἐξέπεσόν
580 3708 727 3755 τινες
779 3692 838 3756 ἐξ
874 3691 1076 3756 αὐτῶν,
1118 3692 1212 3745 xui
1265 3692 1441 3745 ταῦτα
1491 3693 1627 3762 μηδὲ
1689 3695 1856 3762 σαρκὶ

273 3779 590 3841 ἑνωθέντες.
615 3779 715 3832 Διὰ
746 3782 905 3832 τοῦτο
937 3781 1152 3849 ἀνάγκη
1178 3776 1248 3851 ἦν
1272 3781 1433 3833 αὑτὸν
1460 3781 1548 3833 τὸν
1581 3782 1855 3851 ἄτρεπτον

272 3870 456 3934 φύσει,
484 3871 576 3922 τὸν
608 3872 694 3924 ἀεὶ
727 3871 855 3923 ὄντα
1040 3872 1233 3935 Λόγον,
1268 3872 1357 3923 τὸν
1384 3872 1559 3935 ζῶντα
1593 3873 1681 3924 ἀεὶ
1722 3874 1857 3941 μετὰ

273 3963 370 4015 τοῦ
426 3963 630 4025 ζῶντος
680 3964 893 4034 Πατρὸς
950 3966 1048 4017 σὺν
1099 3966 1183 4033 θεῷ
1251 3963 1504 4034 ζωοποῷ
1556 3964 1856 4034 Πνεύματι,

275 4056 387 4115 τοῖς
422 4053 636 4123 θνητοῖς
687 4055 819 4123 ἡμῖν
851 4054 1142 4124 ἐνωθῆναι,
1172 4056 1259 4107 ἵνα
1292 4054 1372 4124 τῷ
1399 4054 1655 4125 στρέπτῳ
1675 4072 1735 4107 τε
1763 4055 1859 4108 xui

267 4148 536 4217 ἀφθάρτῳ
591 4150 777 4218 στήσῃ
833 4150 992 4218 ήμῶν
1045 4148 1145 4219 τὴν
1198 4149 1427 4219 φθορὰν,
1476 4150 1571 4200 xui
1622 4148 1737 4218 ζωὴ
1783 4148 1858 4201 ὢν

268 4242 510 4303 αἰώνιος,
544 4242 636 4293 τον
670 4241 897 4294 θάνατον
933 4241 1031 4312 μὲν
1067 4241 1161 4311 ἀφ’
1187 4243 1348 4311 ἡμῶν
1381 4241 1637 4312 ἐκδιώξῃ,
1682 4244 1858 4311 ἐμφυ-

267 4332 437 4401 τεύσῃ
474 4333 530 4385 δὲ
560 4333 657 4401 τὴν
689 4333 1017 4385 ἀθανασίαν.
1064 4333 1171 4385 Kui
1196 4334 1268 4395 ὡς
1307 4332 1626 4401 ἅπανταχοῦ
1660 4331 1735 4385 ὢν
1766 4336 1858 4385 καὶ

266 4428 506 4489 αἰώνιος,
542 4432 635 4478 καί
669 4426 796 4488 τοὺς
852 4425 1122 4496 πρότερον
1162 4425 1459 4491 θανόντας,
1494 4426 1589 4477 καὶ
1630 4425 1760 4488 τοὺς
1802 4428 1859 4478 ἐν

265 4519 346 4587 τῷ
394 4518 573 4587 καιρῷ
605 4518 706 4583 τῆς
743 4519 832 4570 ἐπὶ
867 4520 972 4589 γῆς
1014 4518 1180 4570 αὑτοῦ
1225 4518 1508 4579 πολιτείας
1558 4534 1861 4571 πεπιστευ-

1966 2038 2085 2092 qua:
2118 2024 2436 2077 universum
2465 2023 2617 2087 fecit,
2654 2026 2965 2078 universum
3024 2027 3310 2097 gubernat,
3341 2038 3394 2085 ct
3448 2044 3553 2088 nos

1965 2105 2387 2185 praesertimqui
2426 2118 2824 2181 cetideramns,
2876 2120 3355 2185 przeclarissimum
3410 2137 3553 2190 Opus

1963 2224 2029 2264 ex
2099 2211 2411 2265 visibilibns
2469 2213 2535 2264 ad
2583 2212 2872 2279 imaginem
2945 2213 3040 2270 Dei
3094 2215 3322 2270 factum.
3385 2216 3553 2284 Igitur

1965 2301 2210 2358 Verbum
2237 2304 2350 2367 Dei,
2390 2305 2620 2374 ejuSque
2657 2307 2845 2361 vivens
2896 2307 3091 2379 imago,
3148 2312 3436 2364 character
3498 2319 3553 2366 et

1964 2398 2248 2468 splendor,
2311 2398 2601 2469 imaginem
2656 2417 2810 2454 suam
2866 2381 3171 2464 hominem,
3206 2404 3406 2456 animal
3463 2418 3554 2457 ra-

1963 2494 2110 2546 tione
2138 2492 2419 2561 prmditum
2474 2495 2523 2545 in
2585 2494 2942 2563 semetipsum
2980 2495 3319 2563 assumpsit;
3375 2512 3476 2563 neq
3520 2510 3554 2551 ο

1961 2583 2248 2651 cujusdam
2306 2592 2702 2651 opecreaturze
2739 2585 3041 2649 renovavit,
3106 2586 3253 2654 quod
3326 2585 3553 2656 inSupr

1965 2676 2078 2728 ﬁeri
2118 2691 2222 2727 non
2259 2683 2492 2742 poterat.

2035 2768 2287 2822 Clericus.
2323 2768 2525 2833 Quare,
2560 2768 2779 2822 domine
2803 2810 2818 2833 ,
2847 2768 2992 2824 istud
3017 2769 3109 2825 ’τοι
3153 2786 3185 2840 p
3223 2786 3250 2824 r
3296 2769 3549 2839 angelum

1965 2862 2079 2916 fieri
2108 2876 2212 2915 non
2248 2861 2499 2930 poterat?

2036 2955 2307 3023 Pontifex.
2340 2954 2585 3023 Minime,
2623 2955 2881 3024 quoniam
2920 2955 3099 3011 omnis
3135 2958 3409 3009 creatura'
3441 2956 3550 3008 cir-
3622 2982 3623 2989 ι

1961 3050 2294 3117 cun-scripta
2327 3058 2433 3113 est,
2461 3064 2564 3103 nec
2588 3047 2793 3118 ubique
2818 3047 3058 3111 exsistit,
3088 3064 3264 3116 neque
3327 3056 3553 3100 natura-

1964 3145 2067 3196 lem
2104 3143 2267 3196 habet
2294 3141 2540 3195 salvaudi
2600 3150 2948 3210 potestatem.
2992 3140 3188 3195 Verum
3243 3142 3552 3197 scentulum

1891 3267 1929 3324 Ο
1964 3236 2341 3302 grati:un,etsi
2367 3235 2598 3304 gratiam
2657 3236 3025 3302 possetquasi
3080 3250 3175 3302 per
3217 3235 3552 3287 lusu-umen-

1964 3337 2075 3380 tum
2104 3326 2380 3391 conferre;
2413 3327 2662 3395 nequiret
2697 3335 2877 3379 tamen
2932 3324 2999 3378 ad
3055 3339 3249 3379 omnes
3278 3339 3549 3393 praesens

1962 3424 2241 3483 assistere,
2274 3436 2454 3490 neque
2488 3422 2721 3490 primum
2759 3420 3141 3473 laborantibus
3175 3420 3546 3488 integritatem

1962 3514 2275 3569 restituere.
2330 3516 2602 3567 (Steterunt
2677 3513 2951 3581 quomodo
3019 3512 3180 3565 vitam
3262 3510 3551 3583 largiretur

1960 3608 2052 3677 qui
2128 3617 2320 3660 natura
2384 3621 2491 3660 non
2543 3605 2800 3658 estvita?
2851 3605 3139 3670 Quomodo
3190 3602 3545 3655 immutabilis

1962 3708 2305 3770 permaneret
2349 3697 2443 3767 qui
2486 3683 2677 3751 natura
2729 3712 2836 3749 non
2879 3705 2962 3750 est
2992 3692 3392 3749 immutabilis?
3423 3694 3543 3746 ideo

1961 3793 2179 3860 quidam
2216 3805 2282 3843 ex
2311 3790 2446 3859 ipsis
2473 3788 2798 3843 ceciderunt
2823 3787 3052 3857 angelis,
3077 3788 3181 3840 etsi
3218 3801 3385 3839 carne
3439 3799 3547 3838 non

1961 3894 2144 3939 essent
2183 3882 2385 3935 induti.
2416 3882 2710 3949 Propterea
2737 3886 3104 3933 necesseerat
3134 3879 3308 3945 ipsum
3354 3886 3548 3931 natura

1954 3975 2326 4043 jmnmtabile,
2359 3972 2503 4043 quod
2557 3988 2777 4041 semper
2810 3984 2892 4027 est
2912 3970 3176 4031 Vt-rbum,
3212 3973 3355 4039 quod
3409 3986 3549 4026 sem-

1962 4079 2057 4133 per
2079 4065 2209 4117 vivit
2239 4078 2365 4118 cum
2394 4063 2517 4116 vivo
2554 4062 2715 4116 Patre
2748 4071 2801 4115 et
2836 4061 3146 4115 viviﬁcante
3187 4057 3421 4129 Spiritu,
3457 4073 3543 4113 no-

1962 4156 2047 4210 bis
2082 4155 2406 4210 mortalibus
2431 4154 2659 4208 adunari
2695 4165 2753 4207 ut
2789 4170 2887 4209 sua
2918 4153 3358 4206 innnutabilitate
3383 4162 3437 4206 ct
3468 4154 3550 4205 in.

1962 4243 2424 4311 corruptibilitate
2472 4244 2889 4312 corruptionem
2952 4255 3197 4295 nostram
3250 4240 3551 4310 cohiberet,

1962 4344 2014 4391 et
2039 4351 2205 4406 quum
2246 4344 2448 4389 aeterna
2483 4336 2554 4389 sit
2581 4336 2710 4402 vita,
2744 4343 2976 4388 mortem
3003 4348 3032 4387 a
3060 4334 3217 4389 nobis
3272 4340 3552 4387 amoveret

1963 4438 2017 4483 et
2046 4428 2516 4483 immortalitatem
2572 4427 2925 4497 produceret,
3003 4434 3169 4495 atque
3223 4439 3391 4494 quum
3452 4426 3551 4477 im-

1965 4536 2193 4574 mensus
2224 4522 2296 4574 sit
2323 4531 2377 4574 et
2404 4530 2671 4583 aeternus,
2707 4520 2860 4590 prius
2911 4520 3159 4572 mortuos
3224 4524 3402 4585 potest
3458 4531 3553 4583 per

264 4613 455 4672 κότας,
502 4609 596 4662 xui
624 4611 753 4672 τοὺς
800 4610 942 4678 μετὰ
974 4608 1152 4662 ταῦτα
1184 4609 1291 4669 ἕως
1327 4609 1528 4673 αἰῶνος
1563 4609 1856 4663 πιστεύον-

1965 4626 2063 4665 sua
2096 4611 2351 4679 mySIeria
2382 4610 2636 4679 bonaque
2665 4624 2761 4664 sua
2781 4609 3011 4680 gratiam
3042 4608 3161 4677 ejus
3205 4607 3550 4661 continentia

262 4720 387 4767 τας,
422 4704 510 4756 διὰ
554 4705 663 4755 τῶν
714 4704 1034 4774 μυστηρίων
1083 4702 1273 4766 αὑτοῦ,
1323 4705 1417 4756 xui
1463 4702 1572 4754 τῶν
1606 4702 1849 4767 οἰκείων,

264 4796 500 4863 ἐχόντων
551 4796 647 4865 τὴν
699 4795 865 4865 χάριν
919 4794 1111 4859 αὑτοῦ,
1144 4795 1373 4847 δύναται
1410 4791 1635 4857 σώζειν.
1680 4795 1792 4847 Κλὶ
1825 4795 1853 4846 ό

261 4888 429 4945 αὐτὸς
467 4888 562 4940 καὶ
602 4884 683 4950 εἷς
729 4890 818 4939 ἀεὶ
866 4889 1086 4958 ἐνεργεῖ
1132 4889 1228 4940 καὶ
1261 4888 1461 4957 φθάνει
1487 4887 1575 4939 διὰ
1613 4885 1851 4940 πολλῶν.

260 4982 357 5031 Διὸ
387 4983 483 5032 καὶ
528 4979 628 5050 τὴν
658 4983 821 5051 χάριν
871 4980 1036 5033 αὑτοῦ
1071 4982 1201 5049 ἡμῖν
1246 4979 1629 5048 ἐνεφύτευσεν,
1661 4979 1749 5031 ἵνα
1785 4978 1853 5031 δι’

228 5075 426 5142 ιήμών
474 5075 695 5144 ἐνεργῇ.
756 5074 866 5126 Καὶ
925 5076 1090 5143 ἡμεῖς
1157 5074 1254 5142 μὲν
1309 5073 1358 5124 oi
1399 5072 1499 5141 τῆς
1550 5073 1855 5143 ἱερωσύνης

259 5166 561 5236 ἠξιωμένοι
619 5165 827 5232 πολλοὶ,
885 5168 982 5218 καὶ
1032 5168 1093 5217 ἐν
1127 5165 1413 5235 διαφόροις
1452 5166 1566 5226 τοῖς
1622 5165 1852 5225 τόποιςο

260 5262 431 5320 αὐτὸς
469 5258 528 5309 δὲ
579 5253 682 5324 εἷς,
716 5259 810 5311 καὶ
863 5261 922 5313 ἐν
978 5259 1196 5328 οὐρανῷ
1238 5258 1333 5310 καὶ
1368 5258 1462 5309 ἐπὶ
1503 5256 1603 5324 γῆς
1631 5295 1645 5317 ,
1678 5258 1771 5307 καὶ
1798 5256 1856 5307 ἐν

261 5352 538 5422 θαλάσσῃ,
580 5352 677 5404 xui
724 5352 782 5403 ἐν
830 5352 908 5422 τῷ
950 5354 1115 5403 παντὶ⁵
1162 5352 1257 5403 xui
1303 5349 1583 5418 πανταχοῦ
1618 5348 1843 5415 φθάνων

260 5447 537 5508 ἅπαντας,
572 5445 665 5496 καὶ
711 5447 891 5497 πάντα
938 5444 1030 5496 διὰ
1092 5444 1318 5496 πάντων
1370 5442 1635 5511 ἐνεργῶν.
1676 5441 1855 5509 Ὅπερ

260 5537 523 5607 οὐδεμιᾶς
550 5539 668 5588 ἐστι
702 5537 930 5607 κτιστῆς
964 5537 1099 5598 ὅλως
1145 5537 1388 5604 φύσεως.
1422 5536 1514 5586 Διὸ
1545 5534 1663 5586 οὐδὲ
1693 5536 1855 5601 ἡμεῖς

262 5628 602 5699 ἐνεργοῦμεν
632 5629 912 5693 τελοῦντες
957 5632 1025 5682 τὰ
1059 5630 1379 5700 μυστήρια’
1418 5629 1556 5681 ἀλλὰ
1599 5628 1855 5696 λειτουρ-

264 5722 475 5792 γοῦμεν
529 5723 738 5790 μόνον,
789 5723 911 5791 ἦτοι
968 5722 1383 5792 ὑπηρετοῢμεν.
1444 5721 1618 5782 Αὐτὸς
1678 5719 1735 5770 δὲ
1788 5718 1856 5769 δι’

256 5816 430 5884 ¹ἡμῶν
473 5818 712 5883 ἐνεργεῖ.
749 5814 841 5867 Διὺ
873 5817 972 5869 xui
1010 5813 1223 5885 μυρίων
1259 5812 1687 5882 προσφερόντων
1724 5810 1857 5861 καθ-

266 5908 510 5977 εκάστην
542 5910 637 5960 καὶ
672 5907 728 5959 ἐν
759 5906 944 5977 ταυτῷ
978 5906 1305 5977 ἱερουργών,
1343 5904 1402 5958 ἓν
1450 5906 1566 5955 ἐστι
1599 5904 1659 5955 τὸ
1694 5901 1857 5972 σῶμα

1963 4704 2148 4759 salvos
2177 4703 2358 4757 facere
2397 4715 2508 4757 tum
2547 4718 2646 4758 eos
2675 4702 2766 4772 qui
2801 4702 2855 4755 in
2916 4709 3163 4768 tempore
3221 4701 3368 4753 illius
3421 4714 3554 4753 con-

1961 4798 2295 4853 versationis
2326 4811 2493 4865 super
2531 4804 2735 4850 terram
2769 4793 3130 4848 crediderunt
3177 4809 3302 4845 cum
3331 4806 3425 4846 eos
3459 4792 3552 4860 qui

1964 4903 2152 4962 postea
2186 4906 2360 4959 usque
2381 4891 2432 4943 in
2462 4889 2723 4943 saeculum
2762 4887 2921 4940 [idem
2951 4885 3266 4949 habebunt;
3298 4882 3552 4949 Idemque

1963 4984 2115 5038 solus
2165 4993 2426 5051 operatur
2480 4989 2535 5035 et
2596 4980 2726 5033 vivit
2786 4979 2839 5031 in
2875 4976 3150 5030 omnibus.
3178 4974 3547 5039 Quamobrem

1964 5078 2195 5145 gratiam
2224 5077 2347 5143 ejus
2367 5077 2417 5126 in
2447 5073 2606 5127 nobis
2624 5071 2833 5145 ell‘udit,
2859 5078 2914 5120 ut
2944 5084 3039 5137 per
3058 5082 3159 5121 nos
3189 5075 3463 5133 operetur,
3493 5075 3549 5120 et

1964 5182 2068 5221 nos
2096 5169 2314 5236 quidem
2350 5169 2500 5219 multi
2533 5144 2845 5221 sacerdotio
2872 5160 3058 5214 donati
3107 5174 3321 5219 sumus,
3353 5159 3405 5211 in
3456 5172 3553 5211 va-

1965 5264 2064 5317 riis
2121 5261 2257 5316 locis
2317 5260 2651 5319 habitantes,
2719 5260 2834 5327 ipse
2886 5269 3015 5309 veto
3067 5268 3211 5307 unus
3254 5259 3359 5309 est.
3407 5249 3551 5303 etin

1963 5363 2131 5417 terra,
2164 5362 2219 5405 et
2251 5352 2304 5403 in
2345 5350 2503 5415 mari,
2535 5351 2741 5419 ubique
2776 5360 2830 5404 et
2868 5349 2920 5401 in
2959 5349 3110 5401 omni
3146 5347 3268 5400 loco
3301 5346 3553 5397 omnibus

1964 5448 2142 5517 prmit,
2175 5457 2220 5499 et
2262 5446 2443 5497 omnia
2496 5447 2549 5497 in
2587 5443 2849 5496 omnibus
2899 5455 3183 5510 operatur,
3222 5438 3368 5508 quod
3422 5435 3554 5491 nulli

1966 5546 2177 5588 natura:
2208 5543 2405 5587 creata:
2424 5548 2507 5586 est
2538 5533 2815 5602 possibile.
2845 5532 2971 5586 Ideo
3000 5547 3108 5585 non
3137 5544 3236 5582 nos
3265 5538 3553 5595 operantur

1965 5628 2229 5681 facientes
2271 5627 2549 5697 mysteria,
2580 5627 2674 5679 sed
2709 5623 3055 5680 solummodo
3086 5620 3431 5683 conﬁcimus,
3461 5632 3553 5671 seu

1966 5722 2372 5782 ministramus,
2405 5721 2523 5788 ipse
2556 5729 2740 5772 autem
2796 5732 2893 5786 per
2933 5730 3033 5770 nos
3071 5721 3349 5781 Operatur.
3408 5708 3550 5771 Qua-

1970 5816 2187 5878 propter
2250 5807 2351 5860 etsi
2400 5807 2636 5875 singulis
2697 5807 2892 5860 diebus
2952 5814 3007 5858 et
3064 5804 3118 5857 in
3183 5802 3373 5854 eadem
3425 5798 3552 5853 hora

1967 5900 2212 5955 sexcenti
2272 5901 2507 5954 etlerant
2579 5898 2919 5965 sacerdotes,
2968 5910 3140 5950 unum
3193 5902 3275 5948 est
3328 5904 3553 5961 corpus,
