4038 6436
310 441 409 505 189

1570 460 1669 525 DE
1710 464 2263 537 SACRAMENTIS.

3438 494 3541 553 190

290 568 670 636 ἱερουργηθεὶς
695 571 854 639 ἄρτος
881 574 974 628 καὶ¹
1019 574 1080 631 τὸ
1130 580 1391 650 ποτήριον
1420 582 1508 636 διὰ
1551 587 1659 639 τῶν
1688 588 1864 658 εὐχῶν

1989 605 2379 660 :onsecratum,
2410 598 2612 665 pariter
2641 615 2747 654 non
2782 600 2879 657 erit
2904 604 3383 673 unguentumillud
3415 623 3543 661 san-

289 661 383 712 τοῦ
421 662 631 731 ἱερέως,
661 666 781 718 οὐδὲ
820 668 962 735 μέγα
1018 672 1191 741 μύρον
1243 674 1305 725 τὸ
1359 676 1435 745 μὴ
1504 678 1863 748 ίερουργηθὲν

290 751 378 804 διὰ
399 754 505 807 τῶν
538 757 848 826 ίερωτάτων
877 763 1050 831 εὐχῶν
1075 766 1183 816 τῶν
1215 766 1514 821 θειοτάτων
1537 772 1862 841 ἀρχιερέων.

308 842 405 893 Ἰζκ
428 842 617 897 τούτου
655 845 711 899 δὲ
741 849 834 900 τοῦ
881 850 1258 922 βαπτίσματος
1282 859 1377 910 καὶ
1408 862 1503 912 τοῦ
1542 861 1720 932 μύρου
1770 868 1865 916 καὶ

294 932 605 1001 Χριστιανοὶ
631 939 947 1010 καλούμεθα
976 946 1068 997 καί
1103 948 1293 1015 ἐσμεν,
1328 952 1426 1004 καὶ
1461 953 1663 1021 μᾶλλον
1687 956 1749 1007 ἐκ
1771 954 1864 1008 τοῦ

298 1025 546 1119 μόρου,ὃ
592 1031 689 1083 καὶ
740 1035 946 1105 χρίσμα
1002 1040 1273 1107 καλεῖται,
1308 1044 1430 1097 ἐπεὶ
1478 1047 1571 1098 καὶ
1629 1048 1866 1119 Χριστὸς

296 1117 388 1171 διὰ
429 1121 489 1172 τὸ
526 1125 814 1196 χρισθῆναι
852 1129 994 1200 ἁγίῳ
1025 1134 1303 1202 Πνεύματι
1346 1117 1690 1207 σωματικῶς
1716 1141 1870 1208 λέγε-

292 1221 407 1271 ςιαι.
442 1212 551 1267 Καὶ
591 1215 745 1269 τοῦτο
797 1237 931 1285 φησι
977 1224 1182 1293 Πέτρος
1241 1244 1323 1291 τε,
1358 1228 1433 1291 ὡς
1478 1232 1723 1298 εἴπομεν,
1774 1232 1868 1285 καὶ

300 1305 482 1359 Δασὶδ.
507 1327 526 1359 ι
562 1310 660 1362 Διά
683 1312 841 1365 τοῦτο
865 1314 1047 1384 ἔχρισέ
1072 1335 1128 1370 σε
1149 1322 1175 1371 6
1198 1320 1352 1384 Θεὸς,
1378 1322 1405 1374 ὀ
1424 1323 1553 1385 Θεός
1580 1342 1671 1377 σου
1691 1324 1869 1378 ἔλαιον

302 1398 671 1465 ἀγαλλιάσεως
734 1407 883 1475 παρὰ
916 1409 1039 1470 τοὺς
1096 1413 1357 1481 μετόχους
1393 1431 1506 1470 σου.
1538 1436 1554 1467 ι
1583 1416 1867 1480 Τουτέστι,

304 1488 369 1540 Σὲ
399 1493 495 1558 μὲν
548 1494 768 1548 πάντων
797 1499 905 1550 τῶν
933 1504 1292 1570 χαρισμάτων
1328 1508 1611 1578 ἐπλήρωσε
1648 1511 1730 1581 (τὸ
1762 1511 1869 1580 γάρ

304 1584 574 1655 πλήρωμα
614 1590 714 1659 τῆς
741 1593 1003 1663 Θεότητο;
1055 1598 1265 1667 ἔλαϐες)
1297 1615 1309 1628 ο
1341 1603 1386 1653 οἱ
1423 1605 1638 1671 μέτοχοι
1670 1607 1725 1657 δὲ
1753 1607 1871 1673 σοῦ,

300 1675 373 1737 ὡς
403 1679 508 1730 ἀπὸ
531 1686 709 1753 πηγῆς
741 1684 1037 1749 ἀναλόγως.
1071 1691 1177 1742 Καὶ
1204 1693 1262 1746 τὸ
1293 1694 1464 1762 μύρον
1492 1697 1590 1763 μὲν
1616 1694 1789 1759 οὕτως
1814 1700 1871 1750 ἑ)

302 1771 376 1831 τοῖν
404 1770 760 1840 βαπτίσματι,
784 1777 879 1830 τοῦ
910 1778 1224 1847 Πνεύματος
1258 1783 1631 1849 κατελθόντος,
1686 1787 1874 1840 ὑπεδέ-

304 1860 430 1923 ξατο
587 1870 613 1919 6
638 1868 850 1937 Σωτήρ.
884 1870 1043 1924 Ἀλλά
1072 1873 1164 1926 καὶ
1189 1876 1246 1942 εν
1283 1875 1361 1943 τῷ
1394 1876 1604 1943 μέλλειν
1641 1880 1871 1948 πάσχειν

306 1956 460 2025 μύρῳ
489 1958 746 2027 ἠλείψατο
772 1964 852 2024 είς
881 1963 973 2015 τὸν
1013 1967 1379 2035 ἐνταφιασμον
1411 1969 1575 2022 αὑτοῦ
1607 1972 1764 2025 τοῦτο
1794 1972 1869 2026 εἷ-

306 2066 387 2099 ·,αι
448 2049 651 2118 λέγων’
687 2052 900 2118 δεικνὺς
931 2057 994 2109 ἐκ
1046 2058 1357 2122 τούτου,ὡ;
1395 2064 1486 2114 καὶ
1507 2064 1869 2135 ἀποθνήσκων

304 2141 443 2209 ὑπὲρ
471 2143 650 2210 ἡμῶν,
683 2145 791 2207 ζῶν
835 2148 1043 2218 ὑπῆρχε
1111 2152 1243 2214 Θεὸς
1271 2150 1364 2217 ὢν,
1418 2155 1511 2206 καὶ
1557 2156 1654 2218 τὰς
1692 2157 1871 2220 ζώσας

306 2234 583 2303 ἐνεργείας
603 2236 696 2289 τοῦ
719 2238 1036 2308 Πνεύματος
1058 2243 1395 2309 ἀδιαιρέτους
1416 2241 1559 2315 εἶχεν
1586 2248 1641 2299 ἐν
1669 2248 1871 2315 ἑαυτῷ.

869 2332 1119 2386 ΚΕΦᾹΛ.
1174 2335 1306 2389 MA'.

280 2419 438 2471 ,⁵οη
469 2418 585 2484 τὴν
637 2423 972 2492 ἱερουργίαν
1014 2428 1196 2493 αὐτὸς
1240 2426 1523 2483 ἐτέλεσεν
1565 2433 1597 2484 ὁ
1647 2424 1874 2502 Σωτήρ.

381 2573 490 2645 Τὴν
519 2574 572 2630 δέ
599 2594 661 2644 γε
700 2579 1008 2651 ἱερουργίαν
1026 2582 1118 2636 τοῦ
1154 2586 1423 2652 παναγίου
1478 2589 1728 2657 σώματος
1780 2592 1869 2645 αὑ-

274 2712 275 2715 η
308 2663 403 2716 τοῦ
428 2683 485 2717 τε
525 2669 615 2720 καὶ
644 2671 873 2738 αἵματος
923 2674 1082 2743 δῆλον
1111 2675 1185 2740 ὡς
1221 2680 1381 2741 αὐτὸς
1411 2680 1757 2751 ἱερούργησε,
1786 2686 1880 2737 καὶ

312 2760 612 2827 ἱερουργεῖν
662 2763 792 2831 ἡμῖν
836 2767 1213 2834 παραδέδωκε.
1272 2790 1291 2823 ι
1326 2772 1497 2825 Τοῦτο
1541 2776 1670 2845 γὰρ,
1724 2779 1879 2845 φησὶ,

318 2855 521 2906 ποιεῖτε
549 2856 626 2915 εἰς
650 2858 748 2922 τὴν
798 2857 937 2927 ἐμὴν
988 2859 1318 2930 ἀνάμνησιν.
1358 2882 1377 2915 ι
1438 2865 1535 2917 Οτι
1582 2866 1677 2918 καὶ
1720 2868 1882 2930 αὐτὸς

319 2944 499 3010 ἱερεὺς
526 2948 605 3009 είς
652 2946 742 3002 τον
778 2950 949 3003 αἰῶνα
1002 2954 1145 3007 κατά
1200 2954 1296 3025 τὴν
1339 2956 1493 3019 τάξιν
1551 2959 1885 3028 Μελχισεδὲκ

317 3037 397 3099 (ἐν
424 3037 570 3107 ἄρτῳ
593 3039 832 3108 δηλονότι
865 3044 959 3096 καὶ
1003 3046 1154 3115 οἴνῳ)
1216 3048 1482 3118 μηδαμῶς
1530 3051 1838 3121 παυόμενος
1868 3070 1882 3084 ·

316 3130 412 3181 καὶ
438 3129 650 3193 αίὼνιος
679 3134 880 3202 μᾶλλον
910 3136 1109 3207 ἱερεὺς,
1155 3139 1236 3192 ὅτι
1285 3141 1381 3193 καὶ
1428 3142 1653 3195 τέθνκεν
1696 3145 1885 3197 ἑαυτὸν

1973 696 2121 740 etum
2147 730 2162 753 ,
2204 689 2349 758 quod
2385 704 2484 744 nec
2512 693 2942 748 saeerdoualibus
2969 696 3217 763 precibus
3258 713 3356 752 nec
3407 698 3543 752 divi-

1971 778 2217 833 nissiuiis
2272 782 2620 846 pontilicibus
2644 783 2806 838 fuerit
2860 796 3254 840 consecratum.
3332 789 3545 844 Virtute

1973 880 2154 925 autem
2190 872 2353 941 hujus
2384 873 2640 943 baptismi
2666 884 2719 930 et
2751 878 3009 946 unguenti
3043 856 3336 933 Christiani
3370 882 3547 934 nomi-

1976 977 2172 1015 namur
2201 974 2255 1016 et
2295 980 2523 1031 smnus;
2557 968 2828 1036 prateipue
2862 984 2988 1022 vero
3033 969 3293 1039 unguenti
3326 972 3544 1036 virtute,

1971 1055 2114 1123 quod
2146 1056 2306 1108 etiam
2332 1056 2569 1111 chrisma
2597 1069 2837 1120 vocatur,
2864 1061 3125 1129 siquidem
3148 1061 3398 1116 Christus
3426 1062 3550 1131 Spi-

1977 1146 2081 1199 ritu
2116 1156 2307 1200 saneto
2344 1160 2538 1203 unctus
2569 1152 2929 1219 corporaliter
2961 1153 3180 1206 dicitur.
3233 1154 3295 1206 Et
3334 1154 3438 1207 hoc
3466 1154 3550 1208 lo-

1971 1239 2155 1297 uuitur
2187 1236 2378 1293 beatus
2410 1238 2621 1301 Petrus.
2648 1241 2811 1294 veluti
2839 1236 3098 1305 diximus,
3119 1253 3169 1296 et
3197 1244 3311 1311 ipse
3344 1242 3546 1297 David:

1970 1326 2261 1397 Propterea
2304 1332 2455 1382 unxit
2491 1340 2541 1383 te
2571 1329 2712 1385 Deus
2744 1332 2887 1386 Deus
2920 1342 3044 1386 tuus
3065 1333 3183 1385 oleo
3213 1333 3407 1387 laetitia:
3441 1350 3550 1403 prae

1972 1422 2322 1476 consortibus
2351 1422 2455 1476 tuis
2479 1438 2494 1489 ;
2519 1423 2570 1476 id
2594 1433 2701 1489 est,
2722 1434 2769 1489 te
2791 1424 3006 1494 quidem
3036 1426 3276 1491 implevit
3297 1427 3549 1482 omnibus

1973 1510 2152 1575 donis,
2199 1512 2522 1579 (ditinitatis
2579 1513 2722 1567 enim
2774 1514 3162 1582 plenitudinem
3210 1519 3548 1586 suscepisti),

1972 1610 2256 1656 consortes
2296 1611 2473 1655 autem
2512 1603 2608 1666 tui,
2641 1603 2800 1657 veluti
2828 1618 2890 1657 ex
2924 1604 3070 1659 fonte
3098 1621 3192 1673 per
3220 1607 3545 1674 analogiam.

1976 1691 2321 1760 Unguentum
2351 1692 2568 1761 quidem
2597 1694 2648 1747 in
2683 1695 2970 1764 baptismo,
2993 1698 3404 1764 superveniente
3427 1698 3551 1765 Spi-

1977 1783 2081 1837 ritu
2114 1792 2327 1849 saneto,
2382 1783 2632 1840 Salvator
2692 1797 2875 1841 noster
2927 1789 3221 1856 suscepit;
3281 1790 3373 1841 sed
3426 1803 3550 1842 cum

1978 1877 2217 1944 oportuit
2250 1877 2398 1930 illum
2434 1878 2564 1946 pati,
2598 1890 2871 1947 unguento
2903 1880 3096 1933 iterum
3128 1880 3386 1949 perfusus
3445 1891 3552 1943 est,

1977 1969 2119 2035 quod
2163 1968 2229 2022 ad
2253 1969 2622 2037 sepeliendum
2659 1986 2718 2026 se
2798 1985 2920 2025 esse
2968 1972 3103 2026 dixit
3136 1988 3153 2027 :
3182 1969 3335 2025 Unde
3378 1973 3552 2027 visum

1974 2070 2078 2122 est.
2106 2060 2252 2129 quod
2285 2063 2446 2115 etiam
2474 2064 2714 2117 moriens
2742 2078 2841 2132 pro
2866 2064 3045 2127 nobis,
3082 2065 3236 2117 vivus
3272 2067 3550 2123 remansit.

1978 2163 2169 2220 utpote
2228 2153 2406 2218 Deus;
2440 2164 2494 2208 et
2550 2155 2767 2207 aliunde
2814 2156 3026 2210 vividas
3080 2155 3315 2225 Spiritus
3375 2156 3554 2211 sancti

1977 2245 2121 2298 vires
2161 2244 2421 2300 indivisas
2456 2244 2591 2298 inse
2619 2244 2862 2300 retinuit.

2530 2331 2755 2387 CAPUT
2812 2329 2995 2387 XLIV.

1983 2422 2134 2488 Quod
2167 2412 2418 2476 Saluator
2440 2423 2547 2487 ίμδε
2579 2423 2970 2478 Eucharistiam
2998 2423 3313 2491 perﬁciendo
3332 2419 3563 2475 celebra-

2716 2496 2809 2547 υῑι.

2053 2584 2208 2650 Quod
2238 2585 2353 2655 ipse
2378 2585 2713 2647 sanctissimi
2749 2585 2997 2654 corporis
3055 2584 3139 2638 sui
3176 2593 3227 2636 et
3279 2582 3560 2652 sanguinis

1984 2679 2447 2731 consecrationem
2482 2675 2875 2729 Eucharistiatn
2934 2675 3262 2744 perﬁciendo
3316 2674 3556 2727 celebra-

1984 2771 2082 2833 vit,
2111 2770 2377 2837 nobisque
2411 2768 2790 2824 celebrandam
2866 2769 3167 2835 reliquerit,
3231 2768 3559 2820 incum-ossa

1984 2872 2069 2914 est
2102 2877 2227 2916 res:
2269 2879 2287 2911 ι
2320 2860 2430 2914 Hoc
2460 2861 2627 2919 enimn.
2667 2860 2862 2929 inquit,
2901 2860 3059 2913 facile
3094 2859 3145 2911 in
3182 2873 3352 2912 meam
3412 2872 3559 2910 eom-

1988 2954 2439 3007 memorationem
2476 2969 2493 3012 ;
2528 2971 2544 3002 ι
2582 2968 2682 3005 nec
2716 2968 2821 3003 non
2855 2951 2996 3019 quod
3036 2949 3150 3017 ipse
3192 2951 3444 3001 ειη-«ϊιιοε
3494 2949 3565 3001 sit

1989 3046 2042 3099 in
2071 3046 2265 3099 smcula
2292 3045 2592 3100 secundum
2622 3042 2866 3096 ordinem
2919 3039 3277 3094 Melchisedec
3317 3040 3392 3102 (in
3427 3054 3565 3105 pane

1993 3137 2240 3191 videlicet
2264 3144 2318 3189 et
2346 3137 2490 3203 vino)
2522 3136 2891 3189 indesinenter
2919 3147 3245 3202 permanens
3271 3149 3284 3196 ;
3307 3147 3369 3184 eo
3395 3129 3566 3197 magis

316 3221 579 3284 ἑκουσίως
601 3224 687 3277 διὰ
719 3227 980 3295 σταυροῦ,
1013 3231 1107 3282 καὶ
1137 3228 1275 3294 θύει,
1309 3232 1403 3285 καὶ
1434 3235 1780 3303 προσήνεγκε
1807 3237 1883 3305 τῷ

1991 3243 2119 3281 vero
2168 3241 2404 3282 auertitis
2457 3229 2734 3291 sacerdos,
2802 3242 2911 3295 quo
2970 3227 3131 3280 etiam
3183 3223 3561 3292 semetipsum,

317 3313 515 3383 Πατρὶ,
548 3316 640 3368 καὶ
670 3319 958 3386 προσάγει.
993 3322 1104 3375 Καὶ
1137 3324 1364 3391 σφάγιον
1409 3328 1586 3379 κεῖται
1617 3328 1885 3399 διηνεκὲς,

317 3409 408 3457 καὶ
441 3406 656 3460 αἰώνιον
683 3410 821 3480 ὑπὲρ
854 3414 885 3482 ἠ
897 3413 1013 3481 μῶν
1068 3415 1383 3485 ἱλαστήριον
1409 3432 1423 3448 ⁸
1458 3418 1517 3471 ὃν
1566 3423 1662 3474 καὶ
1715 3421 1888 3489 μέγαν

316 3497 515 3567 ἔχομεν
547 3501 807 3571 ἀρχιερέα
837 3506 1000 3573 ἡμεῖς
1030 3507 1389 3576 διεληλυθότα
1418 3511 1542 3573 τοὺς
1600 3511 1887 3579 οὐρανοὺς,

331 3590 541 3656 Ἰησοῦν
566 3596 659 3646 τὴν
686 3597 811 3650 Υίὸν
832 3598 925 3649 τοῦ
985 3598 1120 3651 Θεοῦ
1151 3610 1166 3629 ⁸
1225 3602 1317 3654 καὶ
1366 3601 1680 3671 κρατοῦμεν
1723 3604 1889 3657 αὑτοῦ

315 3680 417 3749 τῆς
438 3683 752 3752 ὁμολογίας.
787 3689 897 3743 Καὶ
944 3690 1185 3754 τοιοῦτος
1237 3694 1371 3762 ἡμῖν
1429 3695 1597 3757 ὅντως
1655 3694 1892 3764 ἔπρεπεν

318 3774 628 3843 ἀρχιερεὺς,
661 3779 830 3843 ὅσιος,
867 3780 1095 3846 ἄκακος,
1136 3782 1423 3851 ἀμίαντος,
1483 3786 1892 3856 κεχωρισμένος

319 3867 426 3918 ἀπὸ
456 3867 563 3920 τῶν
594 3870 957 3938 ἁμαρτωλῶν,
987 3874 1081 3927 καὶ
1117 3875 1446 3945 ὑψηλότερος
1488 3876 1599 3929 τῶν
1640 3877 1892 3948 οὐρανῶν

318 3959 630 4027 γενόμενος,
658 3962 795 4032 ὑπὲρ
821 3963 977 4033 ἡμῶν
1004 3966 1358 4031 ταπεινωθεὶς
1389 3967 1496 4020 τῶν
1526 3969 1889 4039 ἁμαρτωλῶν.

881 4172 1131 4224 ΚΕΦΑΛ.
1187 4172 1321 4228 ME’.

323 4260 449 4312 Ὀτι
476 4258 571 4313 καί
604 4259 795 4328 ἱερεὺς
823 4264 917 4335 καί
944 4263 1256 4333 ἀρχιερεὺς
1312 4264 1662 4333 σωματικῶς
1704 4281 1897 4335 κεχειθ

771 4334 1094 4400 ροτόνηται
1132 4338 1164 4388 ὀ
1212 4335 1435 4402 Σωτήρ.

397 4422 517 4475 ’Ότι
552 4424 607 4477 δέ
644 4427 830 4493 γεκαὶ
866 4426 1043 4494 ἱερεὺς
1064 4427 1220 4496 ἡμῶν
1246 4428 1338 4479 καὶ
1369 4429 1662 4498 ἀρχιερεὺς
1724 4446 1901 4499 κεχει-

326 4516 630 4583 ροτόνηται,
650 4517 811 4580 αὐτὸς
840 4520 1109 4589 ἑδή>.ωσ;ν
1135 4524 1163 4570 ὁ
1195 4519 1403 4589 Σωτὴρ,
1436 4523 1608 4589 Λόγος
1642 4522 1734 4574 τοῦ
1762 4521 1895 4574 Θεοῦ

1993 3319 2295 3374 voluntarie
2332 3320 2589 3373 obtulerit
2648 3319 2701 3372 in
2751 3333 2931 3382 cruce,
2962 3326 3014 3371 et
3070 3316 3226 3370 ollert
3268 3315 3466 3377 adhur,
3515 3320 3570 3361 rt

1992 3411 2137 3467 Palri
2172 3413 2370 3481 praebet
2400 3421 2454 3466 et
2483 3412 2703 3466 adducit
2727 3427 2795 3466 ac
2821 3410 2991 3464 hosua
3014 3404 3566 3473 iiulesinentorjaeet,

1991 3513 2365 3574 aeternumque
2393 3519 2490 3572 pro
2523 3505 2677 3558 nobis
2706 3503 3138 3573 propitiatorium
3166 3516 3181 3565 ;
3216 3514 3375 3569 quem
3404 3496 3567 3550 etiam

1995 3597 2303 3667 pontiﬁcem
2338 3614 2592 3665 maguum
2644 3614 2741 3651 nos
2772 3598 3060 3659 habemus,
3119 3595 3210 3663 qui
3272 3589 3574 3661 penetravit

1994 3687 2397 3753 cmlosJesum
2434 3688 2630 3742 Filium
2692 3689 2804 3753 Dei,
2868 3687 3022 3753 cujus
3076 3687 3238 3740 etiam
3292 3694 3572 3735 teneamus

1995 3781 2395 3835 confessionem
2426 3797 2441 3847 ;
2491 3801 2508 3832 ι
2535 3782 2682 3836 Talis
2712 3783 2856 3836 enim
2900 3780 3125 3835 decebat
3153 3788 3211 3831 ut
3240 3776 3397 3830 nobis
3427 3781 3574 3827 esset

1996 3870 2264 3941 pontifex,
2295 3883 2544 3939 sanctus,
2574 3874 2861 3935 innocens,
2887 3871 3225 3938 impollutus,
3254 3874 3573 3935 segregatus

1997 3978 2025 4017 a
2060 3964 2458 4031 peccatoribus,
2504 3974 2557 4016 et
2586 3964 2852 4017 excelsior
2885 3962 3037 4016 cmlis
3093 3960 3286 4021 laetus,
3326 3957 3419 4025 qui
3478 3968 3575 4023 pro

2002 4056 2164 4109 nobis
2199 4055 2525 4109 humiliatus
2555 4065 2639 4109 est
2669 4054 3065 4124 peccatoribus.
3094 4070 3113 4102 ι

2570 4166 2799 4222 CAPUT
2844 4164 3006 4220 XLV.

2003 4260 2161 4329 Quod
2189 4261 2438 4316 sacerdos
2464 4272 2508 4313 el
2544 4260 2781 4329 pontifex
2810 4261 3072 4313 man-imus
3117 4256 3463 4327 corporaliter
3488 4271 3579 4308 or-

2338 4362 2360 4389 ,
2462 4332 2673 4383 diuatus
2701 4331 2947 4384 Salvator
2970 4330 3090 4397 fuit.

2071 4426 2225 4493 Quod
2259 4440 2393 4479 sane
2450 4428 2613 4477 etiam
2668 4423 2925 4477 sacerdos
2986 4432 3169 4476 noster
3225 4432 3278 4475 et
3340 4421 3579 4489 pontifex

2005 4523 2278 4573 maximus
2310 4516 2469 4571 fuerit
2502 4516 2808 4576 ordinatus,
2848 4512 3097 4568 Salvator
3160 4514 3274 4581 ipse
3328 4513 3585 4581 pra-buit,

321 4604 415 4667 ῶν,
445 4582 537 4659 καὶ
575 4609 711 4677 ὑπὲρ
736 4608 893 4678 ἡμῶν
920 4582 1255 4679 ,σαρκωθεὶῇ
1285 4582 1536 4665 tta-1.61:6.
1560 4582 1654 4666 τοῦ
1689 4614 1883 4684 Πατρὸς

2003 4628 2128 4665 cum
2185 4609 2275 4664 Dei
2305 4608 2540 4662 Verbum
2568 4616 2733 4672 esset,
2764 4622 2863 4676 pro
2905 4606 3060 4659 nobis
3100 4605 3261 4659 etiam
3319 4622 3449 4660 caro
3505 4607 3584 4660 fa-

330 4700 698 4770 μαρτυρηθείς
723 4718 783 4753 τε
828 4703 922 4755 καὶ
959 4701 1035 4771 τῷ
1082 4703 1362 4773 Πνεύματι
1414 4706 1899 4774 χειρονοτονηθεὶς,

325 4789 401 4851 ὡς
428 4792 522 4844 καὶ
548 4793 576 4845 ὁ
614 4792 841 4856 Ἡσαΐας
887 4796 1099 4863 προέφη
1129 4810 1142 4827 ·
1173 4813 1190 4846 ι
1262 4794 1655 4865 Ἀναστήσεται
1707 4798 1900 4867 ῥάϐδος

325 4886 389 4935 ὲκ
418 4883 517 4952 τῆς
551 4884 707 4955 ῥίζης
739 4884 960 4950 Ἰεσσαὶ,
990 4889 1083 4940 καὶ
1108 4888 1267 4952 ἄνθος
1299 4890 1362 4941 ὲκ
1386 4888 1484 4957 τῆς
1507 4889 1665 4958 ῥίζης
1697 4876 1903 4960 ἀναὸήξ-

331 4993 504 5029 σεται.
536 4978 643 5029 Καὶ
666 4978 1113 5033 ὲπαναπαύσεται
1137 4980 1221 5031 ἐπ’
1252 4980 1415 5032 αὐτὸν
1442 4980 1663 5049 Πνεῦμα
1686 4980 1843 5041 Θεοῦ,
1876 4999 1895 5033 ι

331 5070 426 5121 καὶ
454 5070 520 5121 τὰ
551 5067 769 5137 ἐφεξῆς.
802 5068 909 5123 Κθιὶ
942 5072 1045 5140 ὅρα
1094 5071 1164 5125 τὰ
1210 5072 1341 5141 περὶ
1392 5076 1491 5140 τῆς
1540 5073 1896 5142 χειροτονίας,

329 5158 475 5223 ὅπως
520 5155 675 5222 οἶτος
728 5161 1050 5230 θαυμαστὴν
1120 5163 1325 5230 ταύτην
1369 5164 1462 5215 καὶ⁵
1507 5162 1900 5235 λαμπροτάτην

330 5252 519 5321 είληφε
547 5265 560 5280 ο
593 5252 770 5304 καίτοι
804 5269 866 5321 γε
899 5253 1032 5316 Θεὸς
1064 5251 1139 5305 ῶν
1169 5255 1355 5323 φύσει,
1394 5255 1487 5308 καὶ
1528 5255 1588 5308 τὸ
1636 5257 1899 5309 παντοδὺ⁴

329 5360 498 5412 ναμον
521 5344 656 5413 ἔχων
682 5344 774 5397 καὶ
802 5345 1145 5416 παντουργόν
1171 5365 1229 5399 τε
1260 5350 1351 5399 καὶ
1379 5348 1533 5415 ἅγιον
1562 5362 1578 5379 ·
1607 5348 1702 5401 τοῦ
1759 5349 1897 5402 Θεοῦ

327 5436 432 5503 γὰρ
456 5435 564 5499 ζῶν
607 5438 721 5488 ἐστι
778 5438 969 5504 Λόγος,
1025 5428 1178 5507 ἅγιός
1230 5456 1288 5491 τε
1332 5441 1423 5492 καὶ
1471 5440 1898 5510 παντοδύναμος.

326 5526 440 5579 ἀλλ’
468 5529 617 5595 ὅμως
642 5528 709 5580 δ.’
758 5530 903 5597 ἡμᾶς
954 5531 1046 5583 καὶ
1091 5531 1416 5600 σωματικῶς
1464 5534 1906 5603 κεχειροτόνηται

335 5621 483 5689 παρά
513 5618 608 5671 τοῦ
645 5621 877 5690 Πατρός.
911 5623 1019 5674 Καὶ
1047 5622 1262 5690 πρῶτον
1292 5624 1387 5690 μὲν
1424 5625 1481 5674 ὲν
1506 5625 1651 5694 αὐτῷ
1675 5626 1754 5694 τῷ
1809 5627 1904 5693 βαι

329 5712 612 5776 πτίσματι,
660 5707 774 5776 ἅμα
817 5712 925 5779 γὰρ
950 5710 1072 5762 τότε
1129 5711 1525 5779 βαπτιζόμενος
1581 5716 1674 5767 καὶ
1717 5732 1904 5785 χειρα-

331 5800 749 5867 πτούμενον,ὡ;
808 5801 1287 5871 χειροτονούμενος
1345 5799 1434 5872 ἦν,
1493 5803 1742 5858 Ἰωάννου
1805 5805 1904 5872 μὲν

338 5891 402 5958 ὴν
431 5895 594 5960 χεῖρα
620 5890 769 5960 αὐτῷ
794 5893 1053 5960 τιθέντος,
1081 5895 1174 5947 καὶ
1217 5895 1274 5946 τὸ
1308 5896 1527 5968 Πνεῦμα
1551 5897 1839 5967 δεχόμενος
1874 5912 1888 5929 ⁶

2002 4713 2123 4757 etus
2151 4712 2255 4767 est,
2286 4702 2430 4756 etde
2456 4700 2572 4768 ipso
2603 4699 2970 4753 testimonium
3008 4697 3283 4766 perhibuit
3321 4698 3495 4763 Pater,
3528 4706 3584 4751 et

2003 4809 2033 4848 a
2072 4794 2279 4865 Spiritu
2313 4805 2503 4847 saneto
2531 4792 2821 4846 ordinatus
2856 4801 2956 4855 est,
3008 4791 3173 4843 veluti
3207 4791 3369 4843 etiam
3405 4790 3585 4844 lsaias

2004 4887 2295 4956 praedixit:
2343 4884 2703 4955 «Egredietur
2736 4883 2883 4950 virga
2935 4884 3001 4934 de
3060 4884 3239 4935 radice
3294 4879 3472 4943 Jesse,
3527 4891 3583 4934 et

2005 4978 2108 5032 llos
2143 4977 2211 5031 de
2248 4976 2428 5030 radice
2458 4976 2579 5045 ejus
2610 4975 2888 5029 ascendet.
2944 4974 3007 5026 Et
3062 4977 3367 5041 requiescet
3416 4986 3583 5042 super

2006 5089 2131 5129 eum
2171 5073 2409 5142 Spiritus
2437 5070 2707 5134 Domini,»
2764 5079 2817 5123 et
2849 5078 3063 5123 caetera.
3119 5067 3251 5133 Qua:
3311 5067 3475 5121 etiam
3513 5067 3582 5121 ad

2007 5167 2409 5219 ordinationem
2442 5170 2691 5233 spectant
2720 5162 2860 5224 vide,
2894 5176 3126 5230 quonam
3158 5160 3321 5215 modo
3377 5161 3584 5215 miran-

2006 5257 2131 5310 dam
2161 5258 2304 5309 illam
2340 5269 2437 5309 nec
2469 5271 2575 5307 non
2612 5255 2816 5307 claram
2881 5252 3281 5307 ordinationem
3324 5267 3585 5322 suscepe-

2007 5349 2099 5408 rit,
2125 5348 2224 5402 etsi
2249 5357 2441 5401 natura
2474 5361 2573 5400 sua
2607 5346 2750 5398 Deus
2780 5346 2872 5405 sit,
2897 5353 2950 5397 et
2981 5344 3433 5413 omnipotentiam
3490 5345 3588 5399 ba-

2008 5442 2130 5493 heat
2159 5448 2212 5493 et
2242 5453 2457 5490 omnem
2500 5439 2751 5490 virtutem
2783 5446 2837 5490 et
2874 5436 3241 5501 sanctitatem,
3294 5436 3387 5489 Dii
3438 5437 3582 5489 enim

2003 5532 2182 5585 vivum
2217 5540 2299 5584 est
2327 5530 2587 5591 Verbum,
2607 5539 2854 5583 sanetum
2883 5528 3101 5596 quidem
3133 5538 3186 5581 et
3216 5527 3584 5595 omnipotens,

2002 5632 2057 5677 et
2083 5622 2300 5674 aliunde
2329 5630 2546 5689 propter
2583 5635 2681 5673 nos
2716 5634 2743 5671 a
2772 5617 2926 5671 Patre
2950 5616 3309 5685 corporaliter
3350 5622 3433 5668 est
3488 5628 3585 5668 or-

2002 5715 2289 5775 dinatum;
2330 5714 2506 5780 primo
2538 5713 2759 5781 quixlem
2818 5713 2868 5763 in
2923 5712 3039 5778 ipso
3088 5708 3377 5776 baptismo.
3446 5703 3584 5759 Cum
3639 5772 3645 5780 ι

2002 5806 2148 5857 enim
2185 5805 2554 5872 baptizaretur
2619 5813 2673 5857 et
2729 5802 2830 5871 ipsi
2898 5816 3090 5854 manus
3152 5800 3584 5865 imponerentur,

2004 5901 2070 5952 ad
2099 5897 2463 5954 ordinandum
2528 5913 2674 5964 eum,
2736 5894 2946 5949 Joanne
3001 5890 3218 5961 quidem
3264 5890 3587 5947 sublevame
