4038 6440
243 367 342 428 ἓυί

1527 363 1628 423 DE
1668 362 2223 426 SACRAMENTIS.

3413 365 3516 428 1202

247 485 442 553 νοητὴς
497 482 572 534 ῶν
621 480 845 542 ἐκεῖιος.
894 479 1040 548 ἡμᾶς
1095 478 1190 548 μὲν
1239 476 1495 546 καθαρῶς
1551 476 1700 547 αὐτῷ
1739 479 1830 529 καὶ

1957 479 2163 534 ninime
2199 491 2393 532 curare
2421 477 2707 543 debemus,
2741 481 2866 548 quia
2903 479 3044 534 Deus
3096 479 3185 536 ille
3225 483 3519 550 providens

254 572 948 648 γνησίωςάκοῖιουθοῦντας
980 568 1300 639 ἰσαγγὲλους
1324 570 1562 640 ποιήσει,
1596 569 1726 641 παρ’
1751 562 1834 633 οἷς

254 669 409 723 οὐδὲν
463 665 802 734 προσπαθὲς,
849 663 984 732 μόνη
1031 661 1088 714 δὲ
1130 665 1163 732 ἠ
1216 662 1572 732 ἀπαθεστάτη
1621 662 1833 730 ἀγάπη.

272 760 528 814 Ἐκείνων
570 757 624 810 δὲ
655 754 731 810 ῶν
767 754 1128 826 ὐπερορῶμεν
1179 756 1341 827 ἡμεῖς
1387 754 1453 808 δι’
1487 755 1671 821 αὐτὸν,
1704 772 1836 825 προ..

262 853 514 923 νοήσεται
535 849 602 903 δι’
629 848 850 919 ἑτέρων.

841 1033 1092 1088 ΚΕΦΑΛ.
1126 1031 1250 1089 ΝΔ’.

269 1133 333 1190 Τί
357 1132 423 1186 τὸ
463 1149 482 1182 ι
519 1131 696 1199 Ἄφες
737 1126 880 1191 τοὺς
919 1126 1173 1215 νεκροὺς
1215 1127 1403 1197 θάψαι
1441 1128 1584 1195 τοὺς
1611 1126 1843 1182 ἑαυτῶν

877 1215 1156 1266 νεκρους.
1197 1217 1215 1249 ι

341 1295 432 1350 Διδ
477 1295 570 1348 καὶ
623 1290 934 1346 κεκώλυκεν
978 1292 1186 1344 ἐκεῖνον
1233 1289 1424 1356 εἰπὼν,
1453 1312 1472 1344 ι
1507 1293 1676 1360 Ἄφες
1717 1295 1845 1355 τοὺς

274 1387 501 1459 νεκροὺς
528 1384 695 1454 θάψαι
718 1383 843 1447 τοὺς
862 1384 1074 1437 ἑαυτῶν
1100 1384 1346 1454 νεκρούς.
1379 1403 1399 1438 ι
1435 1384 1706 1456 Ἀνήγαγε
1736 1385 1844 1454 γὰρ

275 1486 434 1538 αὐτὸν
459 1482 539 1544 εἰς
567 1481 666 1552 τὴν
694 1477 1027 1550 ἀφθαρσίαν,
1065 1477 1159 1530 καὶ
1201 1479 1316 1540 τοῖς
1359 1478 1648 1541 ἀθανάτοις
1681 1477 1846 1547 συνῆ-

270 1577 375 1646 ψεν
424 1573 704 1643 ἀγγέλοις,
751 1570 999 1642 μιμητὴν
1040 1570 1222 1623 αὐτῶν
1259 1570 1602 1640 δεδειγμένον
1647 1569 1737 1622 διὰ
1784 1568 1848 1622 τὸ

275 1667 521 1736 ᾰσχετον.
567 1663 644 1717 Οὐ
687 1661 900 1732 νεκρὸς,
959 1660 1145 1731 φησὶν,
1192 1657 1280 1714 εἶ’
1313 1661 1394 1715 διὸ
1443 1662 1538 1714 καὶ
1584 1659 1714 1730 περὶ
1763 1677 1849 1712 νε-

273 1756 426 1826 κρῶν
452 1753 557 1808 τῶν
583 1751 856 1820 λυομένων
883 1751 1140 1821 πατέρων
1174 1751 1249 1823 μὴ
1283 1751 1545 1822 μερίμνα.

852 1865 1103 1920 ΚΕΦΔΔ.
1134 1865 1262 1921 ΝΕ’.

401 1965 460 2020 Τί
480 1965 566 2028 τὸ,
593 1981 614 2016 ι
653 1961 864 2027 Οὐδείς
884 1959 1100 2026 ,βαλὼν
1117 1960 1233 2028 τὴν
1252 1958 1423 2030 xeipa
1441 1961 1631 2016 αὐτοῦ
1649 1959 1744 2014 ἐπ’

888 2031 1164 2100 ἄροτρον.
1202 2049 1221 2083 ι

341 2127 449 2182 Καὶ
472 2125 642 2196 ἑτέρῳ
675 2125 732 2178 δὲ
773 2123 850 2194 τῷ
879 2123 1186 2194 βουλομένῳ
1218 2123 1595 2188 ἀποτάξασθαι
1625 2125 1736 2188 τοῖς
1770 2126 1850 2189 είς

271 2219 366 2274 τὸν
393 2214 537 2272 οἷκον
565 2216 756 2281 αὑτοῦ,
780 2216 1025 2271 τουτέστι
1058 2218 1278 2284 γυναικὶ
1303 2216 1400 2271 καὶ
1429 2218 1540 2279 τοῖς
1569 2217 1773 2282 ἀλλοις,
1797 2218 1846 2270 τί

273 2326 470 2379 φησινς
505 2328 524 2361 ι
560 2310 746 2372 Οὐδεὶς
782 2308 959 2380 βαλὼν
985 2308 1082 2369 τὴν
1111 2309 1269 2379 χεῖρα
1299 2309 1466 2362 αὐτοῦ
1497 2311 1586 2362 ἐπ’
1615 2310 1849 2380 ἄροτρον

278 2403 372 2455 καὶ
427 2403 686 2470 στραφεὶς
732 2400 812 2462 είς
860 2400 926 2453 τὰ
955 2399 1152 2463 ὀπίσω,
1187 2398 1408 2463 εὔθετός
1447 2403 1594 2454 ἐστιν
1643 2403 1723 2465 είς
1752 2403 1849 2472 τὴν

268 2494 549 2566 βασιλείαν
570 2493 677 2546 τῶν
708 2493 973 2564 οὐρανῶν.
996 2511 1012 2543 ι
1038 2493 1312 2561 Γεωργὶας
1334 2493 1504 2564 ἤρξω,
1524 2494 1630 2564 72
1661 2496 1845 2562 φησὶν,

268 2589 370 2641 οὐκ
399 2585 767 2656 ἀνθρωπίνης,
798 2583 913 2637 ἀλλ’
946 2585 1001 2636 ὲν
1040 2584 1118 2653 τῷ
1147 2584 1363 2654 οὐρανῷ
1403 2589 1692 2657 γεωργεῖς.
1732 2587 1848 2640 Οὐκ

270 2658 492 2739 εὔθετος
526 2677 622 2749 ἔσῃ
654 2676 1021 2747 στρεφόμενος
1051 2677 1187 2744 πρὸς
1217 2677 1286 2731 τὰ
1313 2679 1644 2748 πρόσκαιρα.
1692 2679 1848 2733 Maiae:

265 2772 332 2826 δὲ
369 2773 460 2825 καὶ
509 2771 629 2825 τίνα
663 2771 828 2823 τίνων
877 2769 1217 2841 ἀνταλλάττῃ
1255 2772 1404 2824 οἴκου
1462 2787 1556 2825 σου
1611 2773 1850 2828 καὶτῶν

270 2872 334 2922 ὲν
375 2865 454 2936 τῷ
506 2867 662 2933 οἴκῳ,
707 2863 988 2936 βασιλείαν
1017 2863 1284 2932 οὐρανῶν.
1344 2865 1688 2936 Εὐρίσκομεν
1716 2866 1848 2936 ἄρα,

266 2959 348 3021 ὡς
377 2959 470 3012 καὶ
496 2955 687 3026 ἔζησεν
713 2958 739 3009 ὁ
773 2955 979 3026 Κύριος
1005 2955 1104 3026 τὴν
1125 2955 1269 3010 κατά
1295 2956 1565 3027 μοναχούς
1595 2956 1733 3022 ὁδὸν,
1758 2959 1851 3014 καὶ

274 3050 579 3120 παρέδωκε.
612 3050 720 3102 Καὶ
753 3049 812 3101 ὲν
841 3049 955 3112 τοῖς
997 3048 1316 3112 ἀποστόλοις
1366 3047 1506 3119 αὕτη
1549 3050 1582 3118 ἡ
1617 3047 1731 3120 ζωὴ
1759 3044 1848 3121 ἦν,

265 3145 351 3197 διὸ
373 3144 469 3196 καὶ
499 3141 710 3206 τούτοις
739 3138 997 3212 παρῄνει,
1032 3139 1104 3212 μὴ
1134 3138 1226 3194 δύο
1257 3142 1402 3211 ἔχειν
1429 3141 1686 3212 χιτῶνας,
1716 3142 1853 3213 μηδὲ

272 3235 490 3307 ῥάϐδον,
521 3235 553 3304 ἣ
590 3237 787 3307 πήραν,
819 3211 1232 3306 ἦηύποδήματα,
1264 3235 1358 3288 καὶ
1381 3211 1661 3299 τάλοιπά,
1753 3211 1851 3304 τίῆς
1879 3211 1920 3268 C

269 3328 577 3400 μοναχικῆς
608 3331 723 3382 ἐστι
753 3329 961 3398 βιοτῆς.
987 3327 1098 3381 Καὶ
1133 3327 1232 3397 οὐχ
1258 3328 1446 3391 ἁπλῶς
1473 3325 1653 3396 λόγοις
1686 3329 1849 3397 μόνον

272 3422 369 3474 καὶ
425 3421 610 3489 εὐχαῖς
659 3421 794 3492 πρὸς
840 3419 1001 3474 τοῦτο
1057 3419 1272 3491 ἐνίσχυε
1325 3418 1385 3472 τὸ
1429 3419 1613 3488 ἔργον,
1648 3421 1724 3483 ὡς
1756 3419 1848 3474 καὶ

275 3513 412 3583 πρδς
443 3512 502 3566 τὸ
532 3511 825 3579 διδάσκειν,
857 3511 997 3565 ἀλλά
1030 3512 1122 3565 καὶ
1147 3511 1389 3580 εὐλογῶν
1429 3513 1627 3574 αὐτοὺς
1655 3511 1850 3576 ἐξαπέ-

275 3606 474 3659 στειλε.
511 3606 620 3658 Καὶ
664 3604 896 3674 δύναμιν
934 3606 1216 3676 παρεῖχεν,
1247 3604 1677 3670 ἐξαποστέλλων,
1712 3603 1851 3658 κατὰ

274 3698 605 3768 πνευμάτων
628 3697 978 3768 ἀκαθάρτων,
1007 3697 1101 3751 καὶ
1140 3697 1464 3766 θεραπεύειν
1489 3697 1670 3750 πᾶσαν
1696 3695 1850 3751 νόσον

272 3791 370 3844 καὶ
400 3791 580 3842 πᾶσαν
617 3789 909 3859 μαλακίαν,
940 3790 1077 3860 ὅπερ
1103 3788 1162 3842 οὐ
1198 3789 1359 3859 μόνον
1400 3789 1458 3842 ἐν
1484 3790 1595 3852 τοῖς
1622 3787 1850 3843 ἀποστό-

273 3885 386 3945 λοις
410 3885 532 3936 τῧτε
561 3877 650 3954 ἦν,
679 3881 812 3937 ἀλλά
867 3884 964 3936 καὶ
1007 3883 1062 3935 ὲν
1089 3883 1224 3945 τοῖςν
1249 3882 1426 3948 ἁγίοις
1471 3881 1718 3950 ὕστερον,
1755 3881 1852 3934 καὶ

279 3976 478 4046 μᾶλλον
509 3978 621 4037 τοῖς
657 3977 943 4047 ἁσκηταῖς.
985 3974 1110 4028 ’ὐτι
1140 3975 1195 4028 δὲ
1222 3976 1314 4028 καὶ
1346 3975 1536 4042 τελετὴ
1564 3969 1632 4045 ἦν
1667 3972 1726 4038 ἐξ
1757 3973 1852 4041 ἀρ-

275 4069 396 4140 χῆς,
429 4071 525 4122 καὶ
548 4051 844 4139 μυστήριον
875 4069 1178 4140 μοναχικῆς
1223 4067 1584 4130 τελειώσεως,
1620 4065 1716 4121 καὶ
1745 4066 1854 4120 ἀπὸ

277 4162 388 4213 τῶν
414 4161 730 4214 ἀποστόλων
755 4160 956 4226 αὐτῶν,
985 4163 1013 4214 ὁ
1045 4161 1219 4230 μέγας
1245 4159 1400 4214 τοῦτο
1431 4162 1704 4230 μαρτυρεῖ
1735 4160 1854 4212 Διο-

279 4254 458 4317 νύσιος
487 4253 626 4324 μετά
655 4253 754 4315 τὰς
777 4253 943 4317 ἄλλας
979 4252 1129 4323 ίεράς
1157 4253 1402 4318 τελετὰς,
1425 4253 1519 4308 καὶ
1553 4252 1855 4324 μυστήριον

276 4345 509 4415 γράφων
569 4346 870 4414 μοναχικῆς
908 4343 1264 4408 τελειώσεως.
1309 4343 1624 4396 Πλανῶνται
1671 4341 1777 4414 ἄρα
1806 4340 1854 4392 oi

277 4435 631 4504 λέγοντεςῶς
657 4435 969 4507 καινότερον
1003 4437 1118 4489 ἔστι
1148 4435 1206 4488 τὸ
1239 4437 1446 4506 σχῆμα,
1480 4437 1572 4488 καὶ
1601 4435 1664 4488 οὐ
1703 4434 1855 4504 παρά

1937 579 2020 624 est
2049 569 2143 638 qui
2192 583 2314 633 nos,
2366 570 2527 625 modo
2558 571 2734 639 ipsum
2777 585 2912 639 pure
2969 587 3034 628 ac
3081 573 3298 630 sincere
3340 578 3519 632 secuti

1938 660 2164 727 erimus,
2197 659 2407 716 similes
2466 661 2674 732 angelis
2726 663 2921 722 faciet.
2975 666 3117 734 apud
3153 683 3290 737 quos
3335 668 3522 724 nullus

1938 761 2188 806 remanet
2235 753 2515 821 appetitus
2538 794 2553 820 ,
2614 753 2718 808 nisi
2755 755 2906 810 solus
2941 755 3317 813 divinissimus
3341 775 3518 827 amor;

1942 845 2138 900 horum
2177 845 2320 900 enim
2349 846 2402 900 in
2446 847 2624 903 locum
2667 863 2788 918 quae
2824 858 3046 921 pr0ptcr
3081 851 3254 922 ipsum
3286 855 3524 925 relique-

1944 936 2138 1003 rimus,
2172 938 2277 995 alia
2298 938 2366 994 ab
2390 953 2456 995 eo
2487 939 2847 997 sullicientur.

2515 1055 2744 1112 CAPUT
2783 1056 2916 1112 LIV.

1946 1143 2080 1212 Quae
2125 1147 2193 1201 sit
2243 1148 2501 1202 sententia
2550 1150 2678 1202 dicti
2740 1148 2940 1205 Matth.
2975 1166 3090 1216 vm,
3129 1150 3245 1206 εἰς
3289 1170 3308 1203 ι
3358 1151 3531 1208 Sinite

2253 1229 2487 1274 mortuos
2513 1219 2730 1290 sepelire
2765 1231 3001 1275 mortuos
3022 1239 3166 1276 suos.
3211 1243 3230 1275 ι

2016 1305 2173 1364 Νυηο
2209 1318 2390 1365 autem
2449 1309 2695 1365 cohibuit
2744 1312 2934 1368 dicens
2961 1329 2980 1367 ι
3023 1331 3042 1365 ι
3081 1313 3342 1370 Permitte
3381 1331 3533 1373 mor—
3586 1289 3605 1306 ⁹

1949 1407 2070 1456 tuos
2093 1401 2321 1468 sepelire
2347 1409 2597 1457 mortuos
2625 1417 2779 1468 suos,
2820 1412 2880 1458 ut
2914 1419 3040 1460 eum
3087 1406 3153 1461 ad
3190 1406 3531 1478 incorrupti-

1951 1491 2078 1546 bilia
2109 1502 2331 1562 raperet
2382 1501 2436 1548 et
2467 1493 2869 1549 immortalibus
2903 1496 3112 1564 angelis
3144 1496 3527 1568 coniungeret,

1947 1600 2077 1640 cum
2098 1585 2290 1640 horum
2314 1589 2476 1642 etiam
2498 1587 2665 1643 studii
2694 1587 3019 1642 imitatorem
3051 1603 3169 1644 sese
3185 1591 3481 1658 praeberet:
3507 1611 3527 1643 ι

1952 1677 2200 1734 Mortuus
2236 1693 2344 1735 non
2378 1695 2461 1748 es,
2522 1681 2738 1750 inquit;
2777 1694 2946 1751 quare
2979 1690 3224 1738 mortuos
3276 1693 3534 1754 parentes

1949 1767 2064 1840 jam
2093 1769 2302 1827 solutos
2327 1771 2436 1826 noli
2465 1761 2700 1841 amplius
2736 1787 2950 1828 curare.

2539 1888 2771 1947 CAPUT
2809 1890 2921 1946 LV.

1953 1975 2082 2042 Qua:
2108 1980 2242 2035 dicti
2274 1980 2404 2035 Luc.
2441 1980 2606 2048 tx,62
2633 1998 2648 2038 :
2671 2000 2691 2033 ι
2712 1981 2874 2036 Nemo
2908 1985 3118 2039 mittens
3145 2002 3359 2040 manum
3384 2001 3537 2041 suam

2517 2053 2589 2105 ad
2635 2063 2896 2107 aratrum.
2939 2073 2958 2107 ι

2019 2141 2103 2198 Ad
2133 2141 2365 2198 alterum
2391 2152 2567 2198 autem
2594 2141 2724 2197 vale
2750 2145 2936 2202 dicere
2959 2146 3268 2216 cupientem
3302 2148 3387 2205 his
3413 2165 3538 2218 qum

1950 2234 2096 2290 domi
2122 2245 2272 2300 sunt,
2305 2236 2353 2290 id
2394 2244 2499 2300 est,
2525 2235 2683 2291 uxori
2705 2251 2823 2293 sua:
2848 2247 2902 2294 et
2932 2240 3167 2308 caneris,
3200 2242 3334 2311 quid
3365 2242 3538 2298 dicit?

1956 2345 1976 2379 ι
2006 2328 2174 2385 Nemo
2203 2331 2425 2386 mittens
2456 2345 2676 2385 manum
2695 2346 2852 2388 suam
2884 2334 2950 2386 ad
2978 2343 3244 2400 aratrum,
3279 2344 3333 2390 et
3364 2336 3540 2406 respi-

1952 2423 2102 2478 ciens
2131 2431 2298 2486 retro,
2331 2433 2490 2492 aptus
2519 2430 2601 2478 est
2625 2436 2797 2491 regno
2840 2424 2954 2480 Dei.
2993 2443 3015 2478 ι
3059 2425 3178 2482 Non
3210 2427 3532 2492 humanam,

1953 2514 2148 2584 inquit,
2186 2513 2363 2583 incipe
2390 2513 2714 2580 arationem,
2745 2515 2841 2570 sed
2880 2531 3001 2570 eam
3037 2532 3159 2587 quae
3182 2518 3417 2590 desuper
3452 2531 3538 2577 est

1952 2622 2118 2674 cura;
2169 2606 2312 2661 haud
2354 2616 2478 2678 apta
2515 2606 2662 2662 enim
2717 2608 2983 2672 invenies,
3022 2610 3066 2664 si
3103 2611 3168 2662 ad
3227 2620 3537 2667 momentao

1954 2714 2054 2754 nea
2086 2697 2402 2767 deﬂexeris;
2431 2699 2578 2754 disce
2617 2699 2780 2770 igitur
2808 2714 3058 2769 quaenam
3093 2715 3240 2755 nunc
3272 2717 3536 2770 quorum-

1954 2806 2079 2846 nam
2125 2790 2179 2844 in
2213 2789 2392 2846 locum
2425 2789 2779 2856 suliicientur,
2821 2791 2940 2844 loco
2971 2791 3170 2845 domus
3224 2800 3330 2846 tuae
3360 2803 3414 2846 et
3439 2808 3534 2849 eo-

1956 2899 2078 2937 rum
2115 2897 2238 2952 quae
2295 2881 2441 2935 domi
2487 2888 2635 2946 sunt,
2692 2897 2919 2951 regnum
2969 2882 3250 2936 caelorum.
3303 2881 3538 2955 Jamjam

1954 2973 2118 3044 igitur
2155 2974 2464 3028 invenimus
2499 2973 2790 3042 quomodo
2842 2972 3105 3029 Dominus
3148 2975 3301 3044 juxta
3352 2991 3542 3031 mona-

1955 3065 2182 3120 chorum
2217 3063 2358 3116 viam
2393 3072 2449 3118 ct
2490 3063 2606 3132 ipse
2648 3063 2782 3118 visit
2810 3075 2863 3118 et
2901 3065 3062 3120 nobis
3100 3064 3358 3133 tradidit;
3395 3076 3449 3120 et
3475 3084 3538 3121 ea

1957 3155 2058 3210 fuit
2102 3169 2323 3226 quoque
2374 3153 2747 3224 apostolorum
2808 3160 2939 3222 vita,
2973 3157 3173 3225 quibus
3210 3159 3324 3228 ipse
3363 3163 3541 3215 suasit

1955 3264 2021 3304 ne
2047 3248 2184 3304 duas
2217 3248 2486 3303 haberent
2539 3247 2776 3316 tunicas,
2811 3265 2987 3319 neque
3035 3250 3313 3310 baculum.
3364 3269 3542 3320 nequi:

1951 3355 2160 3412 peram,
2194 3353 2370 3409 neque
2402 3339 2794 3406 calceamenta,
2850 3356 3029 3410 neque
3058 3341 3164 3396 alia
3198 3342 3538 3414 huiusmodi,

1951 3431 2095 3503 quod
2111 3446 2243 3488 sane
2261 3431 2653 3498 monachorum
2672 3431 2795 3486 vita:
2812 3432 3091 3503 proprium
3112 3442 3220 3489 est.
3239 3433 3341 3491 Eos
3361 3444 3543 3490 autem

1953 3539 2061 3580 non
2080 3527 2200 3579 suis
2213 3524 2555 3589 sermonibus
2569 3532 2778 3579 tantum
2797 3528 3156 3598 precibusque
3172 3528 3238 3583 ad
3255 3545 3391 3599 opus
3409 3528 3543 3584 illud

1953 3619 2250 3686 roboravit,
2283 3618 2447 3673 veluti
2485 3619 2551 3674 ad
2585 3619 2916 3682 docendum,
2965 3623 3060 3676 sed
3100 3622 3266 3677 etiam
3306 3622 3538 3678 benedi-

1953 3726 2083 3766 cens
2117 3726 2215 3766 eos
2269 3711 2438 3778 misit,
2476 3711 2826 3778 mittensque,
2863 3711 3010 3767 dedit
3073 3713 3180 3768 illis
3215 3722 3537 3783 potestatem

1954 3796 2245 3866 spirituum
2303 3799 2709 3854 immundorum
2774 3808 2833 3854 ut
2873 3801 3132 3870 ejicerent
3181 3817 3275 3857 eos
3333 3812 3390 3857 et
3444 3820 3542 3858 cu—
3625 3787 3636 3794 ’

1954 3898 2140 3944 rarent
2168 3904 2384 3945 omnem
2437 3891 2758 3961 languorem
2798 3902 2853 3947 et
2887 3908 3103 3948 omnem
3141 3893 3541 3959 inﬁrmitatem,

1955 3979 2100 4047 quod
2130 3987 2259 4034 tunc
2293 3996 2400 4034 non
2433 3989 2636 4035 tantum
2692 3983 2745 4036 in
2783 3983 3045 4052 apostolis
3087 3981 3209 4050 fuit,
3247 3984 3340 4038 sed
3375 3985 3536 4040 etiam

1955 4073 2009 4126 in
2037 4074 2242 4129 sanctis
2271 4083 2480 4144 postea,
2513 4090 2580 4130 ac
2609 4077 2879 4146 praecipue
2904 4077 2958 4131 in
2989 4079 3208 4134 ascetis.
3247 4078 3408 4145 Quod
3440 4096 3542 4133 au-

1957 4176 2062 4220 tem
2095 4168 2164 4222 ab
2193 4167 2353 4222 initio
2385 4167 2550 4222 fuerit
2612 4169 2700 4224 hic
2732 4179 2933 4237 status,
2980 4171 3124 4241 quod
3153 4172 3315 4227 etiam
3351 4187 3544 4228 mona-

1958 4259 2134 4316 chalis
2204 4260 2572 4318 institutionis
2646 4264 2966 4334 mysterium
3001 4264 3069 4319 ab
3110 4265 3242 4336 ipsis
3277 4267 3544 4335 apostolis

1960 4349 2121 4405 nobis
2176 4349 2444 4419 tradatur,
2506 4366 2734 4422 magnus
2800 4362 3030 4407 testatur
3085 4353 3396 4425 Dionysius,
3447 4357 3542 4426 qui

1957 4451 2081 4514 post
2110 4459 2266 4500 sacra
2312 4445 2418 4499 alia
2470 4461 2723 4512 munera,
2768 4447 2945 4516 ipsum
3004 4450 3346 4506 monachalis
3381 4451 3545 4506 insti-

279 4529 374 4583 τοῦ
409 4530 658 4598 Σωτῆρος
700 4527 733 4598 ἢ
763 4528 871 4581 τῶν
901 4528 1218 4582 ἀποστόλων
1265 4527 1430 4580 αὐτοῦ
1467 4526 1641 4581 δοθέν.
1684 4527 1851 4580 ’Λπε-

1967 4536 2192 4591 tutionis
2226 4536 2543 4606 mysterium
2580 4538 2792 4595 scribit.
2843 4537 3042 4594 Errant
3075 4539 3239 4609 igitur
3265 4540 3356 4611 qui
3386 4540 3544 4596 habi-

278 4623 467 4693 δειχθη
495 4623 602 4694 γὰρ
631 4623 705 4686 ὠς
729 4623 821 4676 καὶ
845 4621 1080 4692 Χριστὸς
1101 4623 1129 4675 ὁ
1150 4621 1281 4684 Θεὸς
1313 4621 1471 4693 ήμῶν
1497 4621 1656 4674 τοῦτο
1683 4636 1856 4691 παρα-

278 4716 522 4781 δεδωκὼς
564 4711 654 4788 ἦν,
701 4717 798 4770 καὶ
830 4716 878 4768 οἱ
919 4714 1086 4770 αὐτοῦ
1126 4713 1390 4785 μαθηταὶ,
1427 4717 1522 4767 καί
1554 4714 1856 4784 μυστήριον

280 4806 346 4880 ἦν
394 4795 826 4879 παραδεδομένον
855 4807 949 4860 ὑπ’
981 4805 1162 4860 αὐτῶν
1190 4808 1288 4874 τῆς
1318 4806 1428 4865 τῶν
1475 4803 1727 4875 μονακῶν
1769 4819 1858 4856 τε·

281 4901 571 4966 λειώσεως,
619 4899 712 4952 καὶ
748 4899 1010 4971 περιϐολὴ
1063 4899 1344 4970 σχήματος
1396 4898 1561 4968 ἑτέρα
1615 4895 1769 4966 παρά
1796 4894 1858 4948 τὸ

285 4995 472 5065 σχῆμα
521 4991 582 5045 τδ
634 4992 920 5060 κοσμικόν.
974 4991 1084 5046 Καὶ
1137 4993 1293 5045 τοῦτο
1333 4991 1440 5060 γὰρ
1487 4993 1514 5044 ὁ
1552 4989 1690 5052 θεῖός
1722 5004 1856 5059 φησι

282 5083 576 5146 Διονύσιος.
614 5083 682 5135 Ὃ
708 5099 761 5135 τι
795 5082 851 5134 δὲ
883 5085 975 5136 καὶ
1019 5083 1094 5152 τῷ
1137 5081 1266 5154 ἱερῷ
1315 5083 1595 5153 Παχωμίῳ
1641 5083 1699 5134 ἐν
1743 5084 1854 5145 τοῖς

279 5177 386 5229 τῶν
409 5175 666 5246 Πατέρων
703 5176 1016 5244 γέγραπται
1057 5174 1259 5242 λόγοις,
1291 5174 1517 5245 ὕστερον
1565 5173 1624 5226 τὸ
1669 5172 1857 5244 σχῆμα

281 5269 410 5339 παρ’
445 5267 680 5336 ἀγγέλου
724 5267 962 5336 δοθῆναι,
1011 5266 1193 5330 καλῶς
1243 5267 1336 5320 καὶ
1387 5265 1605 5336 ἀληθῶς
1645 5265 1855 5335 γέγρα-

281 5377 434 5413 πται.
472 5360 580 5412 Καὶ
608 5361 715 5430 γὰρ
749 5358 843 5412 τοῦ
881 5361 1163 5429 σχήματος
1193 5360 1396 5430 σημεῖά
1418 5375 1561 5424 τινα,
1596 5357 1852 5411 τελειοτέ-

281 5470 378 5520 ραν
411 5451 761 5504 διδασκαλίαν
807 5452 999 5522 ἑχοντα
1052 5451 1203 5522 παρὰ
1243 5451 1304 5504 τὸ
1339 5451 1606 5521 πρότερον
1641 5451 1852 5520 σχῆμα,

276 5543 506 5596 δέδοται.
555 5543 709 5595 Ἐπεὶ
757 5543 866 5614 γὰρ
903 5547 1042 5597 κατά
1092 5545 1289 5614 μικρδν
1338 5545 1406 5597 τὰ
1438 5547 1535 5614 τῆς
1569 5546 1850 5605 εὐσεδεῖας

277 5634 478 5707 ῃύξπνέ
526 5650 583 5686 τε
640 5636 732 5686 καὶ
781 5637 1118 5706 προέκοπτε,
1151 5637 1245 5689 καὶ
1287 5637 1384 5706 τῆς
1423 5637 1750 5706 Ἑκκλησίας
1796 5637 1853 5688 αἱ

279 5727 524 5792 εὐταξίαι
581 5725 799 5796 μείζους
848 5726 1108 5794 ἐγίνοντο,
1144 5730 1236 5781 καὶ
1275 5728 1341 5781 τὰ
1381 5729 1481 5797 τῆς
1533 5729 1854 5798 ἱερουργίας

280 5824 370 5877 καὶ
400 5821 494 5874 τοῦ
531 5819 905 5890 βαπτίσματος
950 5821 1330 5891 λαμπρότερον
1372 5823 1703 5888 συνετίθετο,
1758 5825 1850 5874 καὶ

602 5912 866 5974 ΡΑτιιοιι.
912 5916 1024 5974 Gn.
1076 5916 1246 5978 CLV.

1965 4636 2078 4683 tum
2113 4629 2489 4684 monachalem
2515 4631 2877 4687 recentiorem
2920 4647 3064 4694 csse,
3107 4633 3330 4688 minime
3369 4648 3544 4690 veroa

1964 4719 2270 4785 Salvatore,
2326 4720 2408 4776 vel
2464 4722 2534 4775 ab
2588 4719 2710 4791 eius
2744 4724 3008 4793 apostolis
3066 4726 3334 4794 originem
3384 4740 3540 4779 suam

1962 4808 2180 4865 trahere
2220 4811 2580 4866 contendunt.
2613 4813 2856 4867 innotuit
2897 4814 3040 4868 enim
3076 4814 3234 4868 nobis
3268 4815 3546 4884 quomodo

1959 4899 2214 4957 Christus
2250 4903 2393 4958 Deus
2431 4911 2616 4958 noster
2660 4904 2766 4961 hoc
2815 4905 2976 4960 nobis
3017 4906 3278 4969 tradidit,
3335 4915 3385 4960 et
3423 4907 3543 4976 ejus

1962 4991 2236 5062 discipuli.
2281 4991 2465 5048 Talem
2521 5009 2760 5064 namque
2811 4995 3040 5050 decebat
3096 4998 3413 5065 mysterium
3470 5001 3540 5053 ab

1963 5086 2096 5156 ipsis
2144 5087 2496 5153 monachalis
2549 5086 2762 5143 ordinis
2797 5087 3240 5145 institutionibus
3277 5090 3442 5154 tradi,
3487 5101 3542 5145 et

1960 5177 2127 5232 alium
2156 5179 2372 5247 quidem
2407 5179 2628 5236 habitus
2665 5181 3024 5247 monachalis,
3062 5181 3226 5236 alium
3276 5184 3536 5237 mundani

1971 5269 2190 5325 habitus
2240 5284 2365 5325 esse
2403 5270 2802 5325 indumentum.
2839 5271 2904 5326 Et
2941 5273 3054 5328 hate
3107 5273 3268 5329 habet
3321 5275 3539 5330 divinus

1963 5361 2254 5432 Dionysius
2277 5381 2290 5418 :
2313 5361 2443 5429 Quae
2471 5363 2538 5418 de
2571 5373 2758 5419 sancto
2793 5363 3086 5421 Pachomio
3112 5367 3164 5420 in
3194 5368 3540 5422 sermonibus

1958 5451 2181 5509 Patrum
2225 5456 2428 5525 scripta
2456 5466 2604 5523 sunt,
2653 5458 2799 5526 quod
2842 5474 3037 5528 nempe
3072 5460 3312 5514 habitum
3346 5477 3542 5516 mona-

1959 5549 2170 5604 chalem
2205 5559 2391 5618 postea
2422 5550 2490 5604 ab
2537 5549 2729 5620 angelo
2767 5552 3092 5621 susceperit,
3135 5567 3254 5606 vere
3307 5568 3370 5605 ac.
3395 5552 3542 5622 juste

1961 5642 2163 5710 scripta
2192 5650 2348 5709 sunt;
2383 5643 2625 5711 quaedam
2677 5641 2821 5698 enim
2881 5644 2980 5713 ipsi
3023 5643 3220 5697 tradita
3257 5658 3380 5706 sunt
3424 5660 3540 5696 nin—

1963 5735 2216 5790 nachalis
2243 5735 2459 5792 habitus
2513 5729 2692 5806 signa,
2748 5751 2867 5804 quae
2896 5737 3276 5806 perfer-tierent
3304 5750 3367 5789 ac
3391 5736 3540 5804 prior

1960 5826 2178 5883 habitus
2212 5827 2512 5884 doctrinam
2541 5828 2876 5898 prrebcbant.
2914 5828 3210 5898 Postquam
3239 5828 3383 5882 enim
3418 5829 3535 5897 pie-

3105 5918 3144 5975 7
