4038 6436
547 350 657 414 203
1396 341 1699 406 SYMEON
1717 342 1785 402 IS
1814 340 2578 404 THESSALONICENSIS
2615 342 2976 409 ARCHIEP.
3693 358 3784 422 20⁸,

553 474 633 517 tas
663 462 823 533 paulo
852 466 974 531 post
1005 457 1235 514 creverit
1264 471 1329 512 ac
1354 456 1592 525 auxerit,
1639 463 1693 509 et
1724 453 1960 523 majores
1999 450 2126 508 facti

2193 454 2566 526 ,ψαλμφδιῶν
2615 456 2710 510 καὶ
2759 457 2937 528 εὐχῶν
2995 457 3317 514 ἁκολουθίαι
3369 459 3461 516 καὶ
3491 463 3657 531 τάξεις
3700 468 3788 524 ὑπὸ

549 557 661 612 sint
710 554 840 608 varii
895 552 1152 608 Ecclesiae
1183 559 1383 613 status,
1413 564 1476 605 ac
1531 547 1847 618 praeclarius
1921 545 2133 600 enitue-

2242 546 2353 600 τῶν
2401 547 2542 601 κατὰ
2591 549 2819 620 καιροὺς
2875 549 3051 618 ἁγίων
3096 551 3308 623 ἀνδρῶν
3354 557 3672 626 κινουμένων
3700 550 3791 632 ’τῷ

553 648 662 701 rint
685 659 805 714 qua:
855 644 922 699 ad
974 658 1187 698 sacram
1240 638 1643 697 Eucharistiaut
1688 647 1743 693 et
1798 637 2132 708 baptismum

2247 637 2549 708 Πνεῦματι,
2581 640 2680 693 καὶ
2705 640 2773 693 τά
2801 638 2900 699 τοῦ
2954 641 3234 711 σχήματος
3269 645 3376 699 τῶν
3405 650 3645 719 μοναχῶν
3673 653 3792 722 πρὸς

551 750 826 812 spectant,
851 752 1060 793 necnon
1087 736 1515 808 psahnodiarum
1552 747 1887 805 precumque
1903 732 2138 801 sequelae

2243 730 2304 783 τὸ
2362 730 2755 800 εὐτακτότερον
2801 733 2899 787 καὶ
2944 734 3275 805 σεμνότερον
3324 739 3429 792 ὑπὸ
3471 741 3686 808 ἀγγέλου
3728 744 3794 813 τῷ

548 845 604 889 et
634 833 881 896 ordines,
918 846 1041 901 qua:
1072 839 1199 901 apte
1252 845 1280 884 a
1322 828 1531 884 sanctis
1579 828 1738 894 viris,
1772 825 1984 896 Spiritu
2017 840 2133 880 mo-

2247 823 2531 894 Παχωμίῳ
2574 823 2871 878 ἐδείκνυτο.
2904 824 3015 879 Kal
3070 826 3301 896 χιτῶνος
3358 830 3456 899 μὲν
3507 832 3795 888 εὐλαϐεστέ-

534 934 735 991 -vente,
777 926 1000 991 ﬁebant,
1037 933 1326 994 postquam
1363 923 1577 977 demum
1607 920 2004 976 monachorum
2044 920 2129 973 ha-

2246 933 2314 987 ρα
2345 915 2608 988 περιϐολή
2631 931 2644 946 ⁸
2674 911 2796 971 εῐτα
2828 916 2975 988 ζώνη
3030 935 3091 972 τε
3150 919 3249 973 καὶ
3299 922 3556 987 ἀνάϐολος
3578 942 3593 958 ·
3632 925 3797 981 ἔπειτα

558 1016 725 1082 bitus,
759 1016 952 1086 aptiori
986 1016 1337 1085 gravioritu
1391 1015 1494 1070 sub
1539 1013 1738 1076 forma,
1773 1011 1968 1081 angelo
2007 1025 2131 1066 eam

2245 1007 2586 1074 κουκούλιον,
2623 1008 2718 1061 καὶ
2748 1008 2997 1076 παλλίον,
3031 1012 3124 1065 καὶ
3151 1012 3413 1069 σανδάλια
3438 1016 3529 1069 καὶ
3554 1017 3795 1087 μανδῦας,

559 1111 826 1175 tradente,
865 1108 1167 1163 Pachomio
1193 1107 1560 1178 apparuerit:
1598 1121 1663 1160 ex
1702 1114 2139 1161 tunceveneran—

2245 1099 2407 1154 θείων
2435 1100 2601 1154 τινῶν
2628 1101 2985 1172 παρεχόμενα
3014 1103 3349 1178 συμϐολικὴν
3379 1105 3601 1163 ἔννοιαν.
3627 1109 3798 1164 ’Δτινα

554 1202 678 1257 dius
710 1202 904 1255 tunicae
944 1199 1352 1261 indumentum,
1404 1205 1593 1269 postea
1630 1210 1760 1251 vero
1788 1210 1927 1250 zona
1949 1202 2004 1249 et
2030 1194 2140 1250 cla.

2245 1191 2310 1262 δὴ
2357 1192 2455 1246 καὶ
2510 1193 2653 1247 ἑπτά
2688 1195 2848 1258 εἰσιν,
2878 1193 2953 1259 ὡς
2995 1196 3091 1249 καὶ
3133 1197 3201 1251 τὰ
3226 1197 3319 1252 τοῦ
3346 1198 3641 1270 ἀρχιερέως
3679 1202 3800 1255 εἰσὶν

553 1309 676 1352 vus.
735 1291 937 1346 deinde
985 1290 1234 1345 cucullus
1284 1298 1340 1345 et
1388 1289 1634 1359 pallium,
1663 1296 1720 1342 et
1779 1285 2050 1351 sandalia,
2081 1292 2139 1339 et

2247 1284 2546 1354 ἐνδύματα,
2581 1284 2681 1355 τὴν
2721 1285 3071 1358 τελειοτάτην
3103 1289 3485 1359 μαρτυροῦντα
3518 1288 3679 1361 ζωὴν,
3709 1292 3801 1345 ἀπὺ

552 1385 761 1460 trabea,
793 1398 1024 1454 quaeque
1056 1383 1366 1437 divinarum
1420 1395 1602 1436 rerum
1637 1376 1994 1449 symbolicam
2023 1374 2138 1431 elli-

2243 1375 2355 1430 τῶν
2391 1376 2535 1431 ἑπτὰ
2580 1380 2941 1449 χαρισμάτων
2995 1379 3091 1433 τοῦ
3123 1381 3469 1451 Πνεῦματος.
3509 1383 3648 1454 Πλὴν
3688 1384 3800 1454 περὶ

553 1478 692 1549 gietu
716 1492 827 1549 prae
857 1491 918 1533 se
941 1476 1209 1531 ferebam.
1245 1477 1310 1530 Et
1352 1474 1468 1528 haec
1506 1472 1727 1542 quidem
1768 1481 1975 1539 septem
2005 1477 2138 1525 sunt

2244 1467 2452 1522 τούτων
2483 1467 2718 1539 ἐροῦμεν
2742 1471 3091 1540 τρανότερον,
3135 1472 3338 1525 ὁπόταν
3399 1473 3492 1526 καὶ
3534 1473 3658 1545 περὶ
3702 1472 3798 1527 τῶν

552 1585 807 1640 numero,
840 1570 1005 1624 veluti
1062 1576 1271 1638 septem
1322 1574 1452 1622 sunt
1496 1564 1772 1636 pontiﬁcis
1798 1561 2136 1628 indumenta,

1830 1561 2136 1628 idumenta,
2250 1557 2552 1628 γινομένων
2588 1558 2808 1629 ἑκάστῳ
2840 1557 3093 1630 εἴπωμεν
3118 1561 3425 1632 μυστηρίῳ.

553 1665 967 1734 perfectissima:
1034 1663 1158 1717 vita:
1215 1661 1590 1718 testimonium
1671 1658 2042 1729 perhibentia,
2104 1670 2134 1710 a
2175 1663 2383 1724 septem
2440 1649 2678 1723 Spiritus
2737 1654 2912 1708 sancti
2956 1653 3138 1709 'donis
3185 1654 3443 1713 deducta.
3513 1657 3579 1712 de
3625 1655 3803 1728 quibus

554 1762 795 1833 apertius
855 1762 1121 1827 dicemus,
1158 1774 1282 1815 cum
1325 1759 1393 1815 de
1423 1758 1506 1813 his
1553 1773 1677 1828 quae
1731 1756 1796 1811 ad
1843 1755 2115 1826 singultim
2150 1751 2473 1831 mysterium
2500 1759 2750 1822 spectant
2783 1751 3145 1809 disseremus.

1148 1920 1376 1977 CAPUT
1416 1920 1549 1976 LVI.
2173 1880 2220 1936 Β

2173 1880 2220 1936 ⁸
2832 1922 3084 1978 usus.
3118 1922 3262 1990 NG".

558 2037 713 2103 Quod
753 2037 853 2091 olei
892 2035 1031 2090 sacri
1060 2036 1167 2089 sive
1198 2036 1435 2089 oratione
1490 2034 1784 2088 consecrati
1830 2033 2139 2104 mysterium

2250 2033 2380 2089 Ὅτι
2423 2036 2520 2089 καί
2577 2038 2644 2090 τὸ
2695 2036 2802 2090 τοῦ
2858 2038 3031 2104 ἁγίου
3080 2037 3293 2101 ἐλαίου
3342 2036 3475 2104 ἤτοι
3508 2035 3800 2105 sola/talen

945 2124 976 2160 (ι
1011 2105 1289 2161 Salratore
1315 2107 1571 2159 “aditum
1627 2105 1753 2174 fuit.
2369 2120 2533 2175 μυστ

2369 2106 2705 2175 μυστήριον
2738 2108 2857 2163 ’ὑπὸ
2888 2109 2994 2163 τοῦ
3030 2106 3308 2175 Σωτῆρός
3341 2108 3473 2161 ἐστι
3498 2106 3684 2163 δοθέν.

626 2223 779 2277 Nunc
807 2231 991 2276 autem
1027 2221 1095 2275 de
1118 2220 1352 2289 septimo
1404 2218 1791 2289 mysteriorum
1824 2232 1922 2273 ceu
1948 2216 2015 2272 de
2051 2230 2142 2273 sa-

2318 2217 2432 2273 Νῦν
2459 2219 2514 2273 δέ
2554 2222 2650 2273 καὶ
2679 2221 2811 2290 περὶ
2838 2219 2929 2275 τοῦ
2959 2221 3188 2291 ἑϐδόμου
3230 2222 3342 2275 τῶν
3376 2224 3683 2295 μυστηρίων
3719 2222 3798 2276 τοῦ

553 2329 652 2369 cro
682 2314 804 2368 oleo
863 2313 1022 2367 nobis
1072 2312 1260 2368 dicere
1295 2311 1586 2378 incumbit,
1622 2314 1898 2383 quomodo
1926 2310 2054 2366 illud
2109 2322 2140 2364 ιι

2246 2309 2402 2378 ἁγίου
2439 2311 2624 2367 ἐλαίου
2682 2312 2983 2382 ἀναγκαῖόν
3026 2315 3172 2367 ἐστιν
3203 2316 3406 2381 εἰπεῖν,
3433 2317 3579 2378 ὅπως
3625 2332 3679 2369 τε
3717 2318 3799 2368 καὶ

555 2407 837 2464 Salvatore
876 2405 1035 2462 nobis
1072 2403 1331 2459 traditum
1365 2402 1493 2468 fuit,
1518 2405 1794 2475 quomodo
1829 2404 1995 2458 etiam
2026 2403 2140 2472 ipse

2243 2402 2403 2456 τοῦτο
2427 2405 2490 2457 ἐκ
2518 2405 2613 2457 τοῦ
2638 2404 2889 2475 Σωτῆρος
2922 2406 3080 2477 ἡμῶν
3106 2407 3343 2478 ὑπάρχει
3377 2409 3691 2475 παραδοθὲν,
3722 2407 3802 2462 καὶ

556 2507 753 2553 unctus
786 2507 867 2552 est
892 2496 1035 2561 oleo,
1064 2511 1173 2550 non
1208 2504 1389 2551 autem
1430 2505 1650 2565 propter
1676 2510 1759 2559 se,
1794 2494 1890 2551 sed
1921 2504 2142 2565 propter

2244 2496 2409 2560 αὐτὸς
2445 2496 2605 2551 τοῦτο
2630 2496 2914 2569 ἠλείψατο,
2948 2499 3008 2551 οὐ
3037 2498 3104 2553 δι’
3129 2500 3347 2569 ἑαυτὸν,
3370 2502 3441 2555 ’δι’
3464 2503 3604 2573 ἡμᾶς
3631 2503 3703 2568 δὲ,
3737 2501 3801 2563 ὡς

554 2606 678 2655 nos,
707 2598 765 2644 ut
789 2594 952 2645 etiam
994 2591 1267 2660 mysteriis
1294 2589 1415 2645 aliis
1450 2604 1582 2644 usus
1621 2599 1724 2655 cst,
1750 2603 1814 2644 ac
1844 2604 2138 2659 quamnatu

2245 2592 2335 2642 καὶ
2373 2590 2486 2651 τοῖς
2513 2590 2721 2654 λοιποῖς
2759 2592 3082 2662 μυστηρίοις
3107 2595 3406 2665 ἐχρήσατο,
3432 2597 3528 2651 καὶ
3579 2595 3693 2649 τίνα
3720 2594 3801 2664 τὴν

554 2686 779 2740 demum
813 2685 940 2739 huic
1007 2685 1261 2739 virtutem
1317 2684 1585 2754 praestitit.
1628 2683 1765 2739 lllud
1822 2685 2043 2755 quidem
2073 2698 2141 2739 eo

2249 2684 2402 2753 ἰσχὺν
2433 2683 2568 2754 ἔχει.
2600 2683 2960 2755 Παραδέδωκε
2983 2688 3162 2741 τοίνυν
3189 2689 3345 2756 αὐτὸ,
3370 2692 3535 2763 ήνίκα
3565 2690 3683 2753 τοὺς
3712 2707 3802 2759 μα-

556 2789 801 2847 tempore
848 2777 1092 2841 tradidit,
1126 2792 1237 2846 quo
1300 2777 1451 2833 misit
1498 2777 1774 2847 apostolos
1824 2792 1955 2833 suos
1983 2777 2141 2832 binos

2245 2775 2413 2845 υητὰς
2436 2775 2768 2829 ἀπέστελλεν
2796 2776 2963 2831 αὐτοῦ
2987 2777 3082 2831 δύο
3123 2779 3217 2831 δύο
3248 2783 3360 2851 πρὸ
3391 2782 3675 2855 προσώπου
3697 2783 3802 2834 ἐαυ·

555 2879 681 2925 aute
713 2867 905 2925 [ciem
933 2884 1124 2935 suam;
1158 2877 1212 2923 et
1242 2878 1527 2935 exeuntes,
1550 2870 1746 2939 inquit,
1774 2869 2141 2938 praedicabant

2242 2867 2359 2921 τοῦ.
2395 2866 2458 2920 Οἳ
2491 2867 2588 2922 καὶ
2618 2867 3008 2937 πορευθέντες,
3051 2870 3239 2941 φησὶν,
3273 2873 3583 2944 ἐκήρυσσον
3612 2876 3691 2928 ἵνα
3720 2892 3802 2943 με·

560 2973 616 3015 ιιι
653 2962 1027 3031 pmuitentiam
1077 2966 1321 3030 agerent.
1358 2958 1601 3015 Videsne
1650 2961 1812 3015 etiam
1865 2960 2140 3028 quomodo

2240 2958 2598 3029 τιν-νοήσωσιν.
2646 2960 2809 3030 Ὁρᾷς
2855 2962 2951 3014 καὶ
3010 2960 3171 3017 τοῦτο
3219 2964 3278 3016 τὸ
3301 2965 3482 3020 ἔλαιον
3524 2967 3596 3028 ὡς
3636 2967 3698 3020 τὰ
3720 2969 3799 3036 τῆς

530 3054 677 3109 oleo
712 3055 813 3108 iSta
847 3054 1180 3123 poenitentia:
1209 3067 1378 3123 Opera
1413 3053 1805 3123 perﬁciuntur?
1832 3052 1897 3108 Et
1936 3053 2125 3108 dmmo-

2246 3053 2536 3120 μετανοίας
2566 3053 2793 3119 τελειοῖ;
2828 3055 2937 3109 Kal
2996 3055 3250 3126 δαιμόνια
3312 3062 3486 3114 πολλὰ
3522 3061 3798 3125 ἐξέϐαλλον.

480 3160 481 3163 ‘
565 3146 653 3200 nia
693 3146 863 3200 tnulta
897 3146 1209 3215 ο]ἱ‹·ἰθί)ιιη1,
1247 3156 1301 3199 et
1345 3147 1620 3214 ungebant
1652 3146 1851 3201 multos
1881 3160 2055 3216 aegros

2245 3142 2346 3197 Kal
2377 3145 2600 3216 ἤλειφον
2645 3146 2811 3217 ἐλαίῳ
2844 3147 3077 3211 πολλοὺς
3122 3150 3449 3221 ἀρρώστους
3501 3155 3592 3208 καὶ
3632 3153 3801 3222 ἐθερά-

554 3241 842 3294 sauabanl.
905 3239 1044 3293 Ecce
1091 3238 1271 3293 oleum
1327 3238 1703 3294 censecratum
1755 3239 2129 3309 paenitentiam

2245 3252 2431 3289 πευον.
2486 3235 2616 3291 Ἰδοὺ
2651 3237 2712 3289 τὸ
2746 3237 2926 3291 ἔλαιον
2958 3237 3323 3310 ἀγιαζόμενον
3354 3245 3467 3306 τοῖς
3510 3244 3802 3310 μετανοοῦσι

554 3331 843 3399 agentibus
879 3331 1131 3396 traditur;
1160 3339 1214 3385 ct
1248 3345 1425 3400 aegros
1468 3339 1646 3394 sanat,
1689 3345 1792 3383 nec
1827 3338 1985 3384 curat
2014 3344 2137 3384 cor-

2239 3327 2464 3383 δίδοται.
2514 3330 2623 3382 Kal
2669 3330 2797 3393 τοὺς
2826 3366 2832 3372 -
2857 3331 3278 3403 ἀρρωστοῦντας
3332 3335 3504 3403 ἰᾶται,
3541 3337 3634 3391 καὶ
3658 3337 3801 3404 θερα-

554 3436 687 3491 pora
720 3431 953 3485 tantum,
989 3420 1082 3475 sed
1123 3422 1286 3475 etiam
1320 3420 1555 3475 animas.
1589 3419 1743 3486 Quod
1774 3420 1937 3475 etiam
1966 3428 2140 3475 testa-

2241 3424 2403 3478 πεύει
2444 3425 2506 3479 οὐ
2541 3423 2772 3495 σώματα
2820 3424 3000 3494 μόνον,
3035 3425 3171 3479 ἀλλὰ
3214 3428 3307 3481 καὶ
3344 3431 3444 3496 τὰς
3470 3430 3664 3502 ψυχάς.
3709 3430 3802 3481 Καὶ

554 3523 646 3568 ῑιιι·
693 3510 1117 3580 Tueadelphus:
1161 3530 1181 3562 ι
1207 3510 1516 3564 Iulii-matur
1554 3510 1680 3578 quis
1720 3510 1774 3565 iu
1820 3510 2016 3567 vobis?
2055 3512 2139 3567 ln-

2243 3520 2371 3589 περὶ
2393 3517 2583 3570 τούτου
2606 3518 2877 3586 μαρτυρεῖ
2902 3518 2930 3570 6
2953 3518 3279 3587 Θεάδελφος,
3300 3541 3318 3573 ι
3348 3523 3610 3589 Ἀσθενεῖ,
3628 3523 3801 3590 λέγων,

556 3604 1122 3674 ιίυοοιφτθεὺνιυωε
1166 3601 1441 3668 Ecclesiae,
1473 3612 1529 3659 et
1572 3612 1731 3658 orent
1787 3619 1952 3673 super
1989 3621 2136 3669 eum,

2241 3626 2325 3671 τις
2381 3610 2440 3662 ἐν
2480 3609 2647 3677 ὑμῖνς
2708 3609 3186 3679 προσκαλεσάσθω
3239 3616 3371 3678 τοὺς
3420 3617 3804 3687 πρεσϐυτέρους

557 3704 825 3767 ungentes
860 3710 985 3751 eum
1031 3694 1154 3751 oleo
1180 3696 1232 3749 in
1281 3694 1503 3748 nomine
1556 3692 1791 3747 Domini.
1857 3692 1922 3747 Et
1964 3692 2139 3747 oratio

2240 3700 2340 3764 τῆς
2365 3699 2684 3770 ἐκκλησίας,
2711 3701 2806 3753 κοιλ⁸
2835 3701 3331 3771 προσευξάσθωσαν
3365 3708 3449 3760 ἐπ’
3475 3709 3652 3776 αὐτὸν,
3677 3705 3806 3760 ἀλεί-

559 3789 683 3846 ﬁdei
711 3788 942 3845 salvaiiit
973 3786 1271 3851 inﬁrmum,
1306 3793 1362 3839 et
1387 3783 1659 3838 alleviahit
1686 3783 1982 3848 Dominus;
2014 3794 2068 3838 et
2093 3784 2137 3839 si

2244 3791 2446 3859 ψαντες
2483 3791 2644 3845 αὐτὸν
2672 3791 2838 3862 ἐλαίῳ
2859 3795 2918 3846 ἐν
2945 3793 3024 3862 τῷ
3050 3794 3275 3864 ὀνόματι
3302 3797 3401 3851 τοῦ
3424 3797 3806 3868 Κυρίου.Καὶή

555 3887 613 3940 in
656 3886 891 3956 peccatis
949 3881 1040 3945 sit,
1077 3882 1420 3952 remittemur
1475 3885 1545 3934 ei.
1576 3897 1594 3931 ι
1640 3877 1794 3934 Unde
1827 3881 1990 3935 etiam
2035 3881 2139 3934 alia

2245 3884 2379 3954 εὐχὴ
2394 3883 2493 3952 τῆς
2511 3883 2751 3947 πίστεως
2770 3883 2934 3938 σώσει
2967 3887 3059 3940 τὸν
3091 3887 3393 3958 κάμνοντα,
3410 3892 3503 3944 καὶ
3522 3890 3625 3962 73
3649 3893 3809 3960 ἐγερεί

557 3976 806 4047 quaedam
839 3984 1159 4029 aovatorum
1186 3973 1502 4030 Latinorum
1522 3973 1819 4027 destruitur
1849 3981 2137 4028 sententia.

2244 3975 2409 4028 αὐτὸν
2439 3978 2464 4028 6
2499 3973 2725 4043 Κύριος.
2757 3973 2875 4029 Κᾶν
2915 3976 3194 4045 ἁμαρτίας
3311 3982 3652 4051 πεποιηκὼς,
3692 3985 3809 4050 ἀφε-

554 4067 636 4123 lbi
682 4083 922 4135 namque
974 4079 1191 4118 sacrum
1229 4063 1407 4118 oleum
1440 4063 1506 4118 iis
1533 4062 1624 4132 qui
1682 4063 1806 4117 vitae
1857 4078 2008 4135 spem
2047 4067 2143 4120 ha-

2245 4064 2473 4135 θήσεται
2508 4063 2679 4134 αὐτῷ.
2712 4083 2746 4117 ἰ
2769 4064 3035 4120 Ἐνταῦθα
3060 4070 3151 4122 καὶ
3181 4069 3315 4139 άλλη
3337 4089 3423 4134 τις
3451 4073 3555 4125 τῶν
3588 4088 3809 4126 καινοτο-

553 4160 687 4214 bent
744 4156 888 4211 haud
953 4153 1278 4209 tradendum
1339 4169 1463 4209 esse
1524 4156 1886 4222 contendunt,
1943 4158 2036 4211 sed
2075 4156 2143 4212 iis

2246 4155 2494 4226 μούντων
2544 4154 2791 4211 Λατίνων
2852 4156 3255 4212 καταϐάλλεται
3309 4161 3458 4226 δόξα.
3496 4154 3652 4216 Οῦτει
3710 4161 3804 4230 γάρ

558 4258 771 4304 tantum
794 4248 888 4317 qui
926 4242 1252 4310 moriuntur,
1288 4261 1411 4300 cum
1441 4254 1658 4315 peccata
1688 4247 2000 4304 remittendi
2028 4248 2144 4303 vir-

2244 4263 2399 4317 φασι,
2432 4247 2506 4300 Τὸ
2536 4246 2693 4315 ἅγιον
2723 4247 2903 4301 ἔλαιον
2949 4247 3011 4301 οὐ
3045 4248 3152 4321 χρὴ
3206 4250 3449 4306 δίδοσθαι
3485 4256 3594 4318 τοῖς
3634 4252 3803 4306 ἐλπίδα

559 4353 730 4397 tutem
765 4341 819 4394 in
861 4354 920 4395 se
958 4338 1268 4405 contineat;
1301 4338 1576 4393 contrario
1611 4341 1770 4394 modo
1821 4339 2143 4410 apostolicis

2243 4341 2604 4411 κεκτημένοις
2655 4340 2822 4410 ζωῆς,
2859 4341 2994 4396 ἀλλὰ
3048 4343 3162 4406 τοῖς
3189 4344 3602 4417 ἀποθνήσκουσι
3634 4348 3802 4418 μόνον,

559 4433 977 4497 traditionibus,
1007 4432 1147 4487 sicut
1180 4431 1235 4486 in
1268 4431 1545 4497 omnibus,
1579 4434 1743 4488 etiam
1798 4434 1852 4488 in
1906 4433 1995 4489 his
2022 4448 2146 4489 sen-

2244 4433 2433 4503 ἐπειδὴ
2458 4434 2877 4503 ἁμαρτημάτων
2908 4434 3205 4506 παρέχεται
3231 4437 3430 4505 ἄφεσιν
3450 4456 3466 4472 ο
3494 4441 3804 4499 ἁπεναντίας

562 4531 759 4584 tientcs
785 4539 840 4583 et
867 4536 1086 4598 agentes
1113 4542 1126 4577 :
1153 4525 1500 4595 Theadelpho
1527 4527 1671 4579 enim
1701 4526 1993 4592 clamante,
2034 4544 2052 4577 ι
2077 4523 2142 4579 Et

2212 4578 2219 4615 ι
2245 4528 2358 4587 τοῖς
2387 4525 2763 4590 ἀπστολικοίς
2794 4526 2869 4590 ὡς
2909 4529 2967 4579 ἐν
2992 4527 3163 4582 ἅπασι
3194 4530 3288 4581 καὶ
3314 4525 3417 4585 ὧδε
3448 4534 3541 4587 καὶ
3567 4534 3807 4604 φρονοῐν-

561 4618 837 4675 alleviabit
865 4633 987 4673 cum
1025 4617 1304 4684 Dominus,
1339 4635 1358 4670 ι
1398 4618 1452 4671 hi
1480 4631 1587 4671 non
1617 4616 1934 4673 alleviandis
1959 4619 2138 4672 uicum

2209 4616 2335 4680 ’τες
2395 4618 2489 4669 καὶ
2549 4618 2885 4687 πράττοντες
2936 4620 3164 4688 ῥήμασι.
3210 4621 3318 4675 Τοῦ
3373 4625 3484 4693 γὰρ
3516 4624 3804 4692 Θεαδέλφου

559 4711 707 4767 istud
764 4711 904 4765 tradi
975 4708 1163 4765 dicunt
1220 4724 1285 4765 ac
1354 4717 1699 4779 peccatorum
1762 4708 2139 4766 remissionem

2247 4710 2504 4781 βοῶντος,
2548 4729 2565 4761 ι
2601 4711 2709 4765 Kal
2747 4711 2932 4780 ἐγερεῖ
2959 4711 3120 4765 αὑτὸν
3164 4715 3192 4766 6
3223 4715 3450 4784 Κύριος,
3483 4737 3501 4770 ι
3534 4717 3675 4771 οῦτοι
3704 4717 3808 4776 τοῖς

559 4804 614 4859 in
646 4804 764 4859 solo
814 4804 934 4858 oleo
973 4811 1243 4866 statuunt,
1281 4804 1420 4856 hanc
1477 4813 1623 4857 certe
1658 4810 2004 4870 peccatorum
2055 4817 2140 4857 rc-

2248 4805 2324 4874 μὴ
2358 4802 2730 4874 ἐγειρομένοις
2766 4799 3029 4871 παρέχειν
3069 4803 3226 4856 τοῦτό
3253 4822 3409 4874 φασι,
3440 4809 3533 4860 καὶ
3561 4809 3657 4878 τὴν
3684 4807 3810 4876 ἄρε-

558 4896 877 4952 missionem
910 4910 975 4951 ex
997 4893 1349 4950 confessione
1374 4908 1590 4962 semper
1617 4904 1671 4948 et
1704 4893 1806 4955 hoc
1833 4908 1992 4950 sacro
2018 4896 2140 4950 oleo

2247 4912 2330 4947 σιν
2360 4896 2466 4947 τῶν
2501 4893 2793 4964 ἁμαρτιῶν
2825 4894 2881 4946 ἐν
2916 4893 2992 4964 τῷ
3020 4894 3184 4963 ἐλαίῳ
3218 4895 3365 4965 μόνῳ
3409 4897 3802 4968 περιορίζωσι·

557 4988 801 5059 undique
845 4987 1109 5058 perfecto,
1165 5002 1230 5040 ex
1262 4986 1762 5041 communicatione
1792 4989 2038 5057 corporis
2088 4998 2141 5042 et

2244 4986 2419 5038 καίτοι
2455 5001 2516 5052 γε
2547 4983 2749 5054 ταύτην
2785 4984 2884 5055 τὴν
2920 4983 3114 5053 ἄφεσιν
3143 4986 3251 5039 τῶν
3290 4987 3577 5059 ἁμαρτιῶν
3628 4989 3715 5041 κτὶ
3749 4985 3805 5052 τῇ

558 5080 838 5152 sanguinis
868 5079 1073 5135 Christi
1106 5090 1158 5132 et
1195 5078 1285 5132 Dei
1321 5076 1518 5138 nostri,
1562 5077 1944 5147 pmnitentiam
1976 5094 2141 5150 agen-

2244 5075 2632 5145 ἐξομολογήσει
2665 5076 3037 5146 χαριζομένην
3066 5076 3175 5142 ἀεὶ,
3209 5078 3304 5131 καὶ
3344 5079 3522 5148 τούτῳ
3556 5080 3630 5148 τῷ
3678 5077 3806 5144 ἁγίῳ

558 5170 709 5224 tibus
729 5170 1068 5226 solummodo
1099 5181 1441 5222 concessam.
1476 5164 1632 5231 Quod
1654 5177 1834 5220 autem
1860 5181 1957 5235 pro
1983 5167 2141 5223 nobis

2243 5167 2410 5233 ἐλαίῳ
2450 5169 2684 5222 πάντοτε
2721 5166 3055 5236 τελουμένῳ,
3084 5167 3177 5220 καὶ
3206 5170 3272 5240 τῇ
3303 5173 3560 5241 κοινωνίᾳ
3591 5170 3679 5222 τοῦ
3712 5166 3806 5220 σώ-

560 5263 684 5317 olco
722 5269 924 5316 unctus
974 5260 1045 5314 sit
1094 5259 1367 5324 Salvator,
1420 5259 1568 5315 diace
1599 5260 1666 5313 ab
1697 5270 1997 5330 unguento,
2031 5273 2140 5330 quo

2247 5277 2412 5331 ματος
2439 5260 2535 5313 xal
2564 5259 2796 5328 αἵματος
2823 5259 2915 5311 τοῦ
2945 5258 3183 5329 Χριστοῦ
3213 5261 3307 5315 καὶ
3336 5261 3474 5314 Θεοῦ
3505 5261 3678 5332 ἡμῶν,
3707 5261 3810 5318 τοῖς

563 5354 836 5410 accedens
887 5353 1144 5407 meretrix
1202 5352 1364 5406 unxit
1420 5365 1544 5405 eum
1582 5369 1596 5409 :
1634 5365 1741 5405 non
1774 5366 1838 5406 ea
1883 5348 2004 5421 quae
2035 5352 2138 5408 fuit

2246 5353 2509 5425 μετανοίᾳ
2559 5351 2722 5424 μόνον
2764 5352 3243 5424 προσερχομένοις.
3297 5353 3420 5406 Ὀτι
3468 5352 3528 5408 δέ
3566 5354 3810 5423 ἠλείψατο

561 5446 804 5519 passioni
829 5445 1073 5516 proxima
1099 5443 1292 5510 Maria,
1330 5442 1521 5497 Lazari
1555 5442 1735 5509 soror,
1761 5445 1954 5499 honori
1974 5445 2137 5500 etiam

2243 5447 2338 5501 καὶ
2372 5444 2555 5497 ἔλαιον
2603 5443 2745 5514 ὑπὲρ
2785 5444 2945 5514 ἡμῶν
2982 5446 3009 5498 6
3040 5443 3253 5514 Σωτὴρ,
3288 5447 3620 5515 καταμαθεῖν
3675 5446 3808 5496 ἔστιν

564 5539 809 5593 habenda
836 5536 1077 5606 ;mulier,
1134 5551 1188 5589 et
1231 5550 1294 5590 ea
1342 5534 1583 5603 myrrha,
1625 5541 1682 5587 ut
1733 5533 1826 5601 ait,
1882 5533 1936 5588 in
1987 5534 2135 5588 futu-

2244 5542 2307 5593 ὲκ
2341 5538 2433 5605 τοῦ
2475 5537 2673 5607 μύρου,
2713 5536 2782 5588 δι’
2812 5528 2874 5587 οῦ
2921 5536 2954 5606 ἡ
2990 5535 3364 5606 προσελθοῦσα
3395 5537 3614 5609 ἤλειψεν
3661 5536 3809 5590 αὐτὸν

561 5645 677 5683 ram
708 5631 826 5698 eius
875 5627 1212 5696 sepulturam
1261 5624 1668 5689 cﬂ'undcbatur,
1704 5641 1828 5679 cum
1856 5628 2018 5681 etiam
2074 5643 2136 5681 ea

2243 5633 2420 5700 πόρνη
2442 5618 2459 5659 ·’
2489 5630 2586 5698 οὐχ
2612 5631 2643 5698 ἡ
2680 5628 2912 5698 πλησίον
2940 5627 3035 5683 τοῦ
3068 5627 3276 5694 πάθους
3304 5629 3498 5700 Μαρία
3529 5633 3559 5702 η
3588 5629 3677 5683 τοῦ
3707 5630 3808 5683 Λα·

558 5737 681 5790 quae
717 5721 771 5775 in
806 5721 968 5775 domo
998 5718 1240 5775 Simonis
1305 5718 1506 5787 leprosi
1536 5727 1653 5772 erat
1681 5719 1900 5785 mulier,
1934 5721 1977 5774 si
2012 5720 2133 5790 qui-

2212 5712 2215 5715 ’
2244 5724 2435 5791 ζάρου,
2463 5721 2586 5790 ἥτις
2621 5720 2717 5774 ml
2752 5722 2925 5792 σεμνὴ
2954 5717 3045 5792 ἦν,
3082 5722 3177 5775 καὶ
3212 5725 3290 5786 είς
3336 5722 3429 5774 τὸν
3460 5723 3807 5792 ἐνταφιασμίν

561 5817 680 5868 dein
709 5812 833 5882 alia,
871 5826 975 5870 nor
1010 5826 1071 5870 ea
1104 5819 1284 5881 potest
1323 5824 1442 5869 esse
1474 5808 1636 5865 Maria
1660 5826 1675 5879 ;
1707 5812 1885 5867 ethoc
1924 5811 1976 5866 in
2007 5826 2134 5882 pas-

2241 5811 2309 5886 ’ἦν
2340 5811 2529 5880 αὐτοῦ,
2561 5808 2634 5876 ὡς
2666 5810 2792 5883 ἔφη,
2830 5813 3092 5868 ἐκεῖνοτδ
3131 5812 3323 5884 μύρον,
3355 5813 3431 5880 ὡς
3464 5817 3554 5871 καὶ
3587 5817 3616 5886 ἠ
3660 5816 3715 5868 ἐν
3744 5813 3801 5876 τῆ
