4038 6442
285 386 399 451 ἓ.θό
435 413 440 418 ·

1559 383 1657 442 DE
1704 381 1879 442 SACH

1983 382 2271 443 JENTIS.
3454 388 3562 448 ειη

288 501 438 572 οἰκίᾳ
465 500 710 569 Σίμωνος
738 495 830 550 τοῦ
855 491 1074 564 Λεπροῦ
1107 492 1266 563 γυνὴ,
1301 492 1457 564 εἴπερ
1487 492 1624 562 άλλη
1658 495 1750 546 καὶ
1773 493 1870 561 οὐχ

1983 491 2151 548 sionis
2211 501 2450 561 tempore
2484 493 2689 550 factum
2741 505 2824 551 est
2865 504 2917 550 et
2957 495 3012 550 in
3053 496 3171 566 ejus
3219 497 3559 565 sepulturam

289 599 322 665 ἡ
353 591 540 661 Μαρία
563 585 652 659 ἦν,
682 591 778 642 καὶ
810 587 968 640 τοῦτο
998 587 1103 658 γάρ
1134 586 1191 637 ὲν
1219 585 1297 654 τῷ
1333 585 1511 656 καιρῷ
1544 584 1636 638 τοῦ
1666 585 1872 648 πάθους

291 686 582 756 γεγένηται
615 682 706 734 καὶ
737 682 815 743 είς
844 679 936 732 τον
969 678 1338 747 ἐνταφιασμόν
1366 677 1530 732 αὑτοῦ
1575 677 1666 731 καὶ
1710 676 1874 730 τοῦτό

293 791 461 844 φησιν
480 791 492 805 ·
531 771 646 825 ἀλλ’
670 773 806 840 ὅπερ
828 772 863 841 ἠ
888 770 944 821 ὲν
979 769 1055 838 τῷ
1081 769 1266 841 Λουκᾷ
1298 769 1666 839 γεγραμμένη
1701 769 1876 837 πόρνη

295 863 653 934 προσέφερεν,
686 861 719 932 ἢ
765 863 857 914 καὶ
888 863 996 924 τοῖς
1019 861 1282 931 δάκρυσιν
1315 860 1532 931 έδρεχε,
1567 860 1875 931 καὶῆλειφε

295 958 418 1018 τοὺς
442 955 606 1016 πόδας
626 954 814 1020 αὐτοῦ,
847 955 938 1006 καὶ
970 955 1089 1016 ταῖς
1129 953 1304 1022 θριξὶν
1327 952 1620 1022 ὲξέματτεν
1653 953 1874 1021 ἑαυτῆς,

295 1047 326 1101 ὃ
354 1047 416 1118 δὴ
449 1047 544 1101 καὶ
577 1046 677 1115 τῆς
711 1044 1001 1116 μετανοίας
1045 1044 1224 1098 ἔλαιόν
1265 1046 1437 1108 ἐστιν,
1471 1043 1695 1106 εἰκότως
1727 1042 1876 1114 αὐτῷ

297 1140 604 1211 προσαχθὲν
635 1140 784 1206 παρὰ
809 1139 904 1206 τῆς
925 1135 1277 1207 άμαρτωλοῦ,
1308 1137 1374 1190 δι’
1409 1135 1468 1190 οῦ
1498 1138 1592 1190 καὶ
1621 1135 1760 1205 αὕτη
1789 1137 1876 1190 διὰ

295 1237 404 1288 τῶν
423 1232 624 1302 τριχῶν
650 1227 725 1285 ὧν
744 1231 1044 1300 ἐξέμασσεν
1067 1229 1395 1299 ὴλειμμένη,
1413 1228 1512 1296 τὴν
1535 1229 1642 1282 τῶν
1667 1227 1876 1280 πολλῶν

300 1325 710 1395 ἁμαρτημάτων
729 1325 921 1391 ἄφεσιν
941 1321 1183 1390 εἴληφεν,
1207 1319 1282 1384 ῶς
1303 1319 1399 1373 καὶ
1417 1319 1548 1372 αὐτὸ
1573 1318 1874 1388 παρίστησι

299 1418 360 1472 τὺ
391 1416 717 1483 Εὐαγγέλιον
743 1415 1006 1484 ἐναργῶς.
1046 1415 1184 1484 Φησὶ
1219 1413 1328 1480 γὰρ
1361 1412 1499 1484 πρὸς
1539 1412 1631 1465 τὸν
1681 1411 1876 1482 ἔχοντα

299 1508 396 1577 τὴν
424 1507 602 1559 οἰκίαν
636 1509 664 1559 6
697 1506 900 1575 Κύριος
933 1505 1154 1572 Σίμωνα
1193 1502 1408 1571 πρῶτον
1443 1503 1542 1572 μὲν
1571 1502 1671 1573 τὴν
1697 1517 1876 1572 Rapa.—

301 1599 462 1668 δολὴν
489 1599 596 1650 τῶν
619 1597 712 1650 δύο
740 1595 1172 1668 χρεωφειλετῶν,
1202 1589 1274 1649 ὧν
1300 1596 1326 1648 6
1357 1595 1454 1664 μὲν
1481 1594 1680 1664 ὤφειλε
1703 1595 1874 1663 δηνά-

299 1707 398 1757 ρια
449 1690 797 1752 πεντακόσια,
823 1685 858 1741 ’ό
897 1687 953 1740 δὲ
997 1688 1184 1756 ἕτερος
1226 1692 1596 1757 πεντήκοντα·
1639 1687 1735 1740 καὶ
1791 1686 1873 1740 ὃτι

301 1782 580 1850 ἀφεθείσιν
616 1781 818 1843 αὐτοῖς,
847 1783 1000 1844 ποῖος
1029 1780 1138 1834 τῶν
1168 1779 1261 1835 δύο
1284 1780 1447 1833 πλέον
1477 1780 1752 1849 ἀγαπήσει
1783 1779 1873 1832 τὸν

300 1871 361 1922 τό
383 1871 536 1940 χρέος
567 1871 806 1938 ἁφέντα;
843 1858 1140 1938 Εἰρηκότος
1171 1870 1229 1922 δὲ
1249 1869 1343 1923 τοῦ
1370 1869 1630 1940 Σίμωνος,
1660 1865 1877 1937 «Ὀτιῷ

293 1963 362 2014 τὸ
399 1963 575 2014 πλεῖον
611 1962 922 2030 ἐχαρίσατο,
960 1980 978 2013 ι
1013 1961 1234 2031 είρηκεν
1282 1963 1309 2015 6
1341 1961 1577 2031 Κύριος’
1613 1979 1632 2013 ι
1680 1961 1877 2026 Καλῶς

297 2055 461 2123 ἔφης.
485 2072 503 2102 ι
538 2053 644 2106 Καὶ
692 2054 948 2124 στραφεὶς
982 2052 1118 2124 πρὸς
1148 2053 1246 2123 τὴν
1278 2054 1534 2120 γυναῖκα,
1568 2051 1644 2122 τῷ
1672 2053 1878 2123 Σίμωνι

297 2145 430 2215 ἔφη,
461 2165 479 2197 ι
513 2145 743 2207 Βλέπεις
787 2143 994 2213 ταύτην
1024 2145 1124 2214 τὴν
1161 2135 1428 2213 γυναῖκα;
1462 2145 1730 2216 Είσῆλθόν
1780 2160 1877 2198 σου

297 2240 381 2301 είς
398 2236 495 2308 τὴν
515 2236 710 2302 οίκίαν,
742 2233 886 2305 ὕδωρ
913 2237 1004 2288 ἐπὶ
1031 2235 1158 2297 τοὺς
1183 2235 1351 2299 πόδας
1383 2254 1482 2307 μου
1504 2237 1603 2290 οῦκ
1637 2235 1840 2299 ἔδωκας
1859 2253 1875 2268 ⁸

299 2331 442 2398 αῦτη
475 2331 530 2383 δὲ
575 2329 839 2399 δάκρυσιν
885 2327 1072 2399 ἔδρεξέ
1116 2345 1217 2398 μου
1265 2330 1392 2391 τοὺς
1436 2329 1624 2392 πόδας.
1681 2327 1879 2399 Ἐλαίῳ

300 2423 399 2494 τὴν
429 2422 671 2490 κεφαλήν
700 2438 801 2490 μου
827 2421 928 2474 οὐκ
951 2419 1177 2490 Ιἤλειψας
1201 2435 1216 2450 ⁸
1246 2419 1386 2491 αῦτη
1416 2420 1472 2474 δὲ
1500 2420 1658 2492 μύρῳ
1686 2419 1878 2492 ἤλειψέ

301 2533 408 2586 μου
437 2518 560 2578 τοὺς
597 2514 784 2578 πόδας.
823 2508 896 2568 06
929 2513 1090 2584 χάριν
1135 2513 1278 2579 λέγω
1325 2530 1430 2579 σοι,
1482 2512 1781 2582 Ἀφέωνται
1820 2513 1878 2566 αί

300 2609 568 2679 ἁμαρτίαι
597 2607 766 2677 αὐτῆς
798 2609 852 2660 αί
881 2607 1095 2673 πολλαὶ,
1123 2608 1206 2660 ὅτι
1241 2606 1497 2677 ἠγάπησε
1528 2604 1688 2658 πολύ.
1716 2597 1786 2676 Ὦ
1823 2605 1879 2658 δὲ

297 2699 479 2768 ὀλίγον
506 2700 746 2767 ἀφίεται,
775 2699 955 2766 ὀλίγον
985 2697 1191 2768 ἀγαπᾷ.
1231 2717 1250 2750 ι
1305 2696 1555 2762 Βλέπεις,
1593 2697 1673 2749 ὅτι
1716 2695 1878 2749 τοῦτο

297 2793 456 2862 δηλοί
495 2792 556 2844 τὸ
595 2790 750 2860 διγιον
803 2792 1020 2856 ἑλαιονς
1065 2789 1542 2861 ⁹Αμαρτὴσαντες,
1577 2786 1880 2858 προσερχό-

305 2884 448 2954 μεθα
473 2883 639 2948 θείοις
669 2884 925 2955 ἀνδράσι*
960 2883 1053 2938 καὶ
1086 2881 1502 2954 μετανοοῦντες,
1554 2881 1650 2951 τὴν
1686 2877 1880 2946 ἐξαγό-

301 2994 491 3048 ρευσιν
513 2979 619 3030 τῶν
642 2978 1022 3048 ἐπταισμένων
1049 2975 1374 3045 ποιούμεθα.
1411 2966 1514 3026 Ὧν
1549 2975 1612 3042 τῇ
1642 2972 1877 3040 ὲπιταγῇ

301 3071 684 3142 προσφέρομεν
709 3071 862 3137 ἅγιον
891 3070 1071 3124 ἔλαιον
1105 3069 1182 3140 τῷ
1216 3067 1335 3138 Θεῷ
1382 3067 1462 3128 είς
1501 3066 1670 3119 τύπον
1708 3063 1877 3117 αὐτοῦ

300 3163 402 3232 τῆς
446 3159 815 3230 ὲλεημοσύνης
858 3161 950 3213 καὶ
987 3160 1326 3233 ἱλαρότητος,
1360 3159 1418 3212 ἐν
1527 3159 1621 3211 καὶ
1649 3155 1709 3208 τδ
1735 3156 1879 3208 θεῖον

302 3252 397 3304 καὶ
423 3249 605 3319 ἱλαρὸν
634 3251 936 3320 ἀστράπτει
968 3251 1067 3319 τῆς
1089 3250 1314 3320 χάριτος
1342 3247 1479 3318 φῶς.
1511 3247 1622 3300 Καὶ
1647 3245 1756 3315 γὰρ
1785 3244 1882 3298 καὶ

303 3343 460 3411 φῶτα
491 3342 895 3412 προσφέρομεν.
945 3341 1099 3395 Ἐπεὶ
1129 3342 1185 3395 δὲ
1228 3343 1323 3396 καὶ
1358 3342 1391 3410 ἡ
1421 3339 1556 3410 εὐχὴ
1605 3337 1881 3406 προσάγε-

303 3452 416 3498 ται,
449 3436 544 3487 καὶ
574 3434 632 3487 τὸ
655 3434 831 3488 ἔλαιον
856 3434 1170 3502 ἁγιάζεται,
1202 3434 1252 3486 οί
1303 3432 1580 3503 χριόμενοι
1613 3429 1690 3500 τῷ
1717 3428 1882 3498 ἐλαίῳ

1980 595 2038 640 ut
2074 584 2190 654 ipse
2221 586 2316 639 ait.
2378 584 2489 641 Hoc
2541 603 2668 642 vero
2701 596 3041 654 unguentum
3072 589 3219 659 quod
3277 589 3476 644 mulier
3507 589 3561 644 in

1979 675 2127 730 Luca
2169 676 2446 746 descripta
2481 678 2687 743 attulit,
2725 694 2848 748 quae
2882 681 3047 734 etiam
3077 680 3332 751 lacrymis
3365 680 3566 750 rigavit

1979 779 2034 824 et
2078 768 2241 822 unxit
2285 769 2449 838 pedes
2499 768 2617 836 ejus
2671 778 2724 822 et
2767 770 2981 839 capillis
3029 771 3144 825 suis
3177 771 3357 831 tersit.
3415 775 3562 840 «ιιιοιι

1978 866 2125 913 certe
2154 867 2238 914 est
2269 859 2604 928 pmnitentia:
2644 859 2848 921 oleum,
2904 859 3005 930 ipsi
3055 861 3177 928 jure
3241 862 3479 915 oblatum
3530 881 3558 914 ιι

1978 946 2309 1018 peccatrice,
2361 963 2474 1017 quo
2505 958 2558 1002 et
2595 948 2710 1017 ipsa
2778 964 2843 1003 ex
2880 949 3113 1018 capillis,
3142 951 3346 1019 quibus
3401 953 3566 1020 pedes

1978 1037 2138 1094 tersit
2191 1045 2378 1102 uncta,
2436 1038 2855 1093 innumerorum
2890 1027 3243 1109 peccatorum
3279 1041 3561 1096 remissio—

1981 1146 2104 1187 nem
2143 1131 2567 1201 acapit;quod
2610 1133 2787 1202 ipsum
2815 1134 2957 1187 clare
2987 1133 3274 1203 subjungit
3315 1133 3562 1203 Evange-

1979 1223 2134 1278 lium.
2161 1223 2370 1294 Hospiti
2404 1223 2546 1278 enim
2582 1224 2791 1278 Simoni
2820 1225 3057 1293 primum
3086 1235 3275 1280 narrat
3311 1225 3564 1282 Christus

1980 1316 2214 1370 duorum
2244 1316 2552 1369 debitorum
2593 1317 2930 1385 parabolam,
2964 1332 3200 1387 quorum
3236 1334 3379 1373 unus
3406 1319 3566 1386 quiu-

1977 1417 2195 1478 gentos,
2227 1409 2364 1463 alter
2383 1409 2783 1478 quinquaginta
2809 1410 3064 1464 denarios
3089 1411 3337 1472 debebat,
3375 1422 3430 1465 et
3458 1427 3568 1465 aere

1978 1499 2238 1564 remisso,
2263 1510 2383 1555 uter
2407 1501 2696 1555 amborum
2733 1505 2905 1571 magis
2937 1503 3181 1556 dilexerit
3217 1503 3565 1556 remisson-m

1979 1593 2300 1662 interrogat.
2341 1593 2643 1648 Declarauti
2698 1603 2878 1647 autem
2917 1592 3124 1647 Simoni
3154 1611 3276 1649 eum
3324 1611 3445 1650 esse
3479 1597 3562 1649 cui

1977 1686 2097 1756 plus
2124 1686 2366 1750 donavit,
2398 1687 2531 1741 dixit
2566 1687 2862 1742 Dominus:
2902 1705 2920 1738 ι
2956 1683 3119 1742 Recte
3145 1688 3423 1759 judieasti.
3470 1709 3486 1740 ι
3515 1700 3570 1743 et

1979 1795 2280 1836 conversus
2313 1779 2377 1834 ad
2410 1780 2551 1835 hanc
2599 1782 2879 1836 mulierem
2905 1821 2922 1848 ,
2951 1780 3160 1836 Simoni
3192 1782 3365 1836 dixit:
3402 1781 3569 1837 Vides

1906 1847 1952 1906 Β
1981 1869 2124 1928 hanc
2173 1872 2492 1928 mulierem?
2551 1872 2749 1928 intravi
2782 1873 2837 1928 in
2868 1874 3092 1929 domum
3128 1885 3272 1930 tuam
3311 1893 3323 1928 :
3367 1892 3564 1942 aquam

1983 1965 2213 2034 pedibus
2265 1967 2404 2020 meis
2467 1980 2574 2020 non
2631 1966 2861 2032 dedisti;
2914 1967 3028 2022 haec
3077 1977 3256 2022 autem
3313 1967 3571 2038 lacrytnis

1977 2055 2180 2126 rigavit
2209 2057 2374 2126 pedes
2398 2071 2550 2112 meos
2576 2073 2591 2110 :
2620 2057 2741 2112 oleo
2775 2067 2938 2127 caput
2969 2074 3150 2114 meum
3177 2075 3281 2112 non
3318 2061 3523 2114 unxisti
3551 2075 3566 2125 ;

1981 2147 2096 2202 bam
2150 2157 2332 2204 autem
2387 2157 2670 2219 unguento
2729 2151 2884 2204 unxit
2939 2153 3102 2220 pedes
3166 2168 3334 2208 meos.
3366 2152 3568 2218 Quam-

1975 2237 2169 2293 obrem
2209 2238 2334 2293 dico
2388 2240 2538 2295 tibi:
2587 2241 2959 2296 “emittuntur
3013 2242 3061 2296 ei
3119 2253 3339 2312 peccata
3371 2246 3564 2310 multa,

1981 2331 2235 2399 quoniam
2264 2331 2452 2386 dilexit
2483 2332 2736 2387 multum.
2771 2333 2869 2389 Cui
2897 2343 3076 2391 autem
3129 2337 3311 2390 minus
3343 2336 3570 2392 dimitti-

1979 2431 2092 2489 tur,
2133 2423 2315 2477 minus
2353 2425 2546 2494 diligit.
2585 2443 2602 2476 ι
2650 2423 2884 2483 Videsne
2923 2429 3052 2498 quid
3090 2428 3193 2483 hoc
3237 2444 3456 2484 sacrum
3489 2431 3570 2485 si-

1982 2514 2205 2584 gniﬁcat
2233 2515 2416 2570 oleum
2438 2517 2460 2569 ?
2485 2515 2720 2572 Peccato
2763 2521 3144 2588 contaminati,
3179 2523 3246 2576 ad
3280 2522 3374 2579 Dei
3418 2524 3570 2579 viros

1979 2606 2294 2662 accedimus
2328 2618 2407 2672 et,
2441 2609 2718 2666 voluntate
2766 2623 2995 2678 mutata,
3029 2611 3428 2670 confessionem
3455 2617 3570 2685 agi-

1981 2714 2106 2754 mus
2153 2699 2474 2754 delictorum
2509 2716 2743 2770 quorum
2767 2702 2936 2773 jussis
2964 2721 3182 2761 sacrum
3241 2709 3346 2759 Deo
3386 2707 3572 2763 οπειὶ-

1983 2805 2105 2844 mus
2145 2790 2324 2846 oleum
2373 2792 2426 2846 in
2461 2792 2751 2862 imaginem
2816 2797 2936 2868 ejus
2983 2798 3371 2854 misericordiae
3404 2809 3456 2855 ct
3481 2801 3570 2869 ju-

1982 2881 2304 2948 cunditatis,
2333 2883 2386 2937 in
2428 2885 2628 2954 quibus
2659 2887 2906 2942 divinum
2937 2897 2991 2944 et
3025 2889 3328 2958 jucundum
3361 2891 3428 2946 ad
3466 2908 3568 2945 nos

1978 2973 2172 3040 gratia:
2195 2987 2307 3028 suae
2334 2974 2516 3030 lumen
2541 2978 2837 3048 jaculatur.
2867 2979 2931 3032 Et
2957 2982 3126 3036 etiam
3173 2983 3353 3037 lucem
3377 2983 3565 3037 oﬂeri—

1985 3079 2126 3118 mus.
2154 3061 2292 3118 Cum
2345 3074 2528 3122 autem
2574 3069 2749 3124 oratio
2776 3071 3072 3142 conjuncta
3105 3073 3268 3128 fuerit
3293 3084 3348 3128 et
3383 3075 3564 3130 oleum

1987 3155 2154 3211 fuerit
2198 3169 2606 3228 consecratum,
2667 3163 2771 3218 hoc
2797 3164 2919 3218 oleo
2967 3166 3116 3220 uncti
3179 3167 3566 3222 remissionem

1989 3257 2340 3316 peccatorum
2367 3251 2674 3318 inveniunt,
2701 3263 2759 3309 ut
2786 3266 2841 3310 et
2879 3258 2993 3326 ipsa
3021 3260 3278 3312 meretrix
3305 3273 3429 3313 cum
3457 3262 3570 3312 Sal-

1991 3340 2196 3407 vatoris
2255 3340 2420 3410 pedes
2458 3345 2725 3413 auxisset,
2777 3357 2832 3402 et
2879 3349 3006 3404 inde
3061 3350 3177 3420 ipsa
3218 3362 3378 3405 uncta
3432 3351 3570 3408 fuis-

1989 3438 2091 3483 set.

306 3528 404 3596 τὴν
439 3527 634 3594 ἄφεσιν
667 3529 772 3580 τῶν
805 3528 1219 3597 ἁμαρτημάτων
1263 3525 1635 3596 εὑρίσκουσιν,
1665 3521 1738 3585 ὼς
1777 3521 1874 3573 καὶ
1917 3521 1950 3590 ἡ
1989 3520 2163 3592 πόρνη
2211 3527 2452 3596 χρίσασα
2485 3534 2610 3595 τοὺς
2659 3535 2822 3597 πόδας
2855 3538 2976 3599 τοὺς
3027 3540 3352 3608 σωτηρίους,
3384 3540 3570 3592 κάκεῖ.

304 3621 403 3676 θεν
436 3621 528 3673 die
542 3621 800 3692 ιψαμένη.

893 3757 1144 3810 ΚΕΦΛΛ.
1185 3754 1308 3808 ΝΖ⁹.
1619 3749 1664 3767 “

305 3901 467 3954 Διατί
489 3899 584 3952 καί
608 3897 815 3951 ἔλαιον
838 3897 904 3948 ἐν
932 3894 1010 3960 τῷ
1037 3895 1182 3962 ἁγίῳ
1208 3894 1305 3946 καὶ
1327 3893 1568 3961 μεγάλῳ
1583 3892 1770 3960 μύρῳ,
1788 3889 1885 3941 καὶ

701 3969 907 4020 ἔλαιον
941 3966 1008 4020 ἐν
1040 3964 1120 4030 τῷ
1139 3966 1460 4031 εὐχελαὲῳ.

380 4149 501 4213 Πῶς
523 4150 578 4203 δὲ
601 4149 692 4201 καὶ
710 4147 887 4201 ἔλαιον
913 4145 968 4200 έν
986 4161 1044 4198 τε
1065 4143 1143 4214 τῷ
1163 4143 1292 4214 θείῳ
1310 4142 1404 4196 καὶ
1435 4140 1675 4212 μεγίστῳ
1702 4138 1881 4210 μύρῳ,

307 4244 338 4298 ὃ
368 4245 462 4312 τὴν
497 4241 770 4313 σφραγῖδα
805 4240 958 4311 φέρει
995 4237 1088 4292 τοῦ
1111 4237 1464 4308 Πνεῦματος,
1494 4236 1589 4288 καὶ
1619 4235 1793 4288 ἔλαιον
1828 4235 1883 4284 ἐν

307 4337 389 4407 τῷ
417 4337 526 4389 τῶν
562 4333 973 4406 μετανοούντων
1027 4332 1121 4385 καὶ
1167 4329 1470 4401 ἀρρώστων
1515 4327 1716 4394 ὲλαίῳς
1755 4323 1882 4376 Ὀτι

308 4431 473 4483 κᾶκεί
501 4430 592 4481 καὶ
618 4426 849 4480 ἐνταῦθα
879 4424 1046 4478 τύπον
1073 4423 1216 4476 θείου
1239 4422 1419 4484 ἐλέους
1451 4419 1561 4489 ἔχει
1593 4419 1652 4470 τὸ
1679 4416 1883 4469 ἔλαιον.

323 4524 466 4576 Ἐκεῖ
501 4522 597 4588 μὲν
626 4522 734 4590 γὰρ
766 4522 822 4572 ὲν
854 4517 932 4588 τῷ
971 4515 1128 4586 μύρῳ
1175 4515 1275 4585 τὴν
1311 4511 1586 4583 σωτηρίαν
1614 4511 1744 4581 ἡμῖν
1787 4505 1884 4559 καὶ

307 4614 409 4681 τὴν
447 4611 552 4664 ἀπὸ
581 4609 673 4662 τοῦ
711 4609 944 4662 θανάτου
980 4606 1272 4675 λύτρωσιν,
1302 4604 1398 4656 καὶ
1427 4601 1520 4656 τοῦ
1559 4599 1885 4666 ζωοποιοῦν-

2552 3758 2782 3814 CAPUT
2833 3759 2990 3814 LVII.

1982 3885 2169 3969 Quare
2195 3887 2294 3941 olei
2313 3905 2439 3953 usus
2464 3891 2530 3944 sit
2552 3895 2607 3969 in
2653 3904 2926 3969 sanctae!
2957 3913 3142 3964 magno
3173 3911 3434 3969 unguento
3463 3904 3570 3957 sive

2057 3959 2359 4018 chrismate.
2393 3978 2484 4013 nec
2511 3963 2681 4016 minus
2714 3959 3267 4022 adlaiﬁenlurbleumv
3289 3973 3342 4024 in
3383 3978 3571 4026 euehe—

2056 4027 2155 4081 lwo
2184 4031 2551 4096 pwnitentium
2587 4042 2635 4086 et
2659 4035 2993 4104 infirmorum

2061 4146 2175 4202 Cur
2214 4163 2340 4203 vero
2371 4150 2698 4206 adhibeatur
2738 4154 2918 4209 oleum
2967 4155 3019 4210 in
3057 4168 3250 4213 sancto
3279 4168 3333 4214 et
3369 4176 3570 4231 magno

1989 4252 2288 4309 unguento,
2319 4243 2461 4311 quod
2492 4243 2727 4313 sigillum
2757 4261 2869 4314 prae
2900 4263 2958 4302 se
2987 4250 3090 4303 l‘ert
3110 4236 3348 4320 Spiritus
3376 4257 3574 4319 sancti,

1988 4347 2086 4385 cur
2103 4331 2263 4385 etiam
2287 4333 2464 4387 oleum
2486 4333 2538 4387 in
2563 4336 2836 4392 euchelaeo
2855 4341 3234 4408 poenitenttum
3259 4353 3311 4398 et
3331 4345 3576 4399 inﬁrmo-

1987 4419 2144 4472 rum?
2167 4419 2300 4486 Quia
2323 4432 2376 4476 et
2408 4423 2497 4477 hic
2515 4433 2570 4478 et
2601 4434 2731 4481 tunc
2758 4429 2953 4482 divinae
2975 4431 3361 4488 misericordiae
3392 4435 3575 4490 locum

1992 4522 2140 4566 tenet
2169 4513 2388 4580 oleum;
2419 4515 2463 4570 si
2500 4517 2718 4586 quidem
2759 4519 2811 4572 in
2852 4533 3152 4592 unguento,
3190 4526 3426 4584 salutem
3472 4548 3578 4584 no-

1991 4605 2076 4659 bis
2107 4614 2162 4660 et
2194 4608 2390 4662 mortis
2416 4611 2868 4680 redemptionem,
2892 4629 2992 4670 nec
3023 4631 3129 4671 non
3155 4619 3481 4677 viviﬁcantis
3513 4641 3578 4678 ac

310 4721 401 4767 τος
439 4704 532 4757 καὶ
564 4700 750 4772 ἱλαροῦ
782 4699 1098 4769 Πνεύματος
1146 4700 1245 4766 τὴν
1280 4695 1554 4766 σφραγῖδα
1605 4691 1878 4791 σημαίνει,

1991 4697 2210 4767 propitii
2275 4697 2516 4767 Spiritus
2593 4706 2770 4757 sancti
2851 4705 3089 4772 sigillum
3165 4712 3576 4782 praesignitirat,

312 4797 378 4849 δι’
407 4795 466 4849 οὗ
498 4796 706 4848 καὶτοῦ
744 4791 1137 4862 κατακλυσμοῦ
1166 4791 1264 4860 τῆς
1301 4785 1578 4858 ἁμαρτίας
1611 4783 1884 4857 ἐρρύσθη-

317 4907 435 4958 μεν.
471 4889 560 4942 Διὸ
587 4889 679 4942 καὶ
711 4888 767 4939 ὲν
791 4885 868 4946 τῶ
900 4885 991 4938 ἐπὶ
1021 4882 1114 4936 τοῦ
1146 4881 1270 4934 Νῶε
1302 4878 1674 4947 κατακλυσμῷ
1721 4893 1883 4946 περι-

315 4982 478 5050 στερὰ
503 4981 579 5043 εἰς
606 4980 770 5031 τύπον
798 4977 892 5030 τοῦ
919 4976 1238 5044 Πνεύματος
1270 4974 1482 5042 κάρφος
1508 4969 1689 5030 ἐλαίας
1718 4970 1774 5021 ὲν
1808 4966 1885 5036 τῷ

314 5074 541 5144 στόματι
702 5072 944 5142 φέροοσα
962 5071 1058 5136 τὴν
1080 5069 1354 5139 σωτηρίαν
1371 5064 1580 5134 ἐδήλου.
1603 5064 1709 5118 Καὶ
1725 5063 1781 5114 ὲν
1807 5062 1887 5131 τῷ

315 5164 682 5234 κατακλυσμῷ
751 5163 806 5215 δὲ
867 5163 967 5231 τῆς
1021 5159 1299 5231 ἁμαρτίας
1376 5157 1456 5226 τῷ
1510 5155 1604 5208 τοῦ
1675 5154 1883 5224 Κυρίου

316 5256 650 5326 βαπτίσματι
697 5256 756 5306 ὲν
785 5254 914 5306 εῖδει
947 5251 1282 5322 περιστερᾶς
1325 5249 1385 5300 τὸ
1417 5246 1644 5316 Πνεῦμα
1675 5247 1886 5316 κατήρ-

314 5364 458 5418 χετο,
487 5347 576 5397 τὸν
611 5344 751 5398 θεῖον
781 5345 930 5396 ἔλεον
955 5345 1051 5397 καὶ
1073 5343 1175 5409 τὴν
1203 5341 1363 5410 χάριν
1399 5336 1734 5408 μαρτυροῦν.
1777 5336 1886 5389 Καὶ

314 5438 546 5493 ἐνταῦθα
597 5439 655 5490 δὲ
704 5439 782 5499 είς
830 5436 998 5488 τύπον
1055 5434 1156 5503 τῆς
1201 5433 1378 5496 θείας,
1426 5431 1500 5491 ὼς
1559 5430 1885 5498 εἰρήκαμεν,

315 5530 679 5606 ἐλεημοσύνης
739 5531 817 5593 είς
868 5531 1017 5600 ἡμᾶς
1069 5527 1165 5580 καὶ
1217 5525 1566 5596 συμπαθείας
1612 5521 1771 5576 τ)ῦτο
1823 5520 1884 5572 τὸ

316 5625 489 5678 ἔλαιον
521 5622 930 5692 προσαγόμενον
963 5618 1273 5688 ἁγιάζεται,
1314 5619 1407 5671 καὶ
1457 5616 1526 5667 δι’
1575 5612 1742 5666 αὐτοῦ
1792 5613 1886 5664 τὸν

317 5717 408 5769 τοῦ
457 5715 595 5768 Θεοῦ
649 5712 796 5767 ἔλεον
849 5713 1234 5782 ὲπισπώμεθα.
1285 5709 1466 5763 Ἰκανὰ
1526 5708 1696 5761 ταῦτα
1750 5705 1886 5775 πρὸς

318 5804 593 5870 ἀπόδειξιν
622 5805 728 5857 τῶν
772 5805 869 5872 τῆς
907 5804 1236 5874 Ἐκκλησίας
1275 5801 1434 5873 ἱερῶν
1477 5801 1815 5871 μυστηρίων,
1850 5796 1881 5865 ἦ

325 5899 414 5952 καὶ
442 5899 697 5953 πλειόνων
721 5898 869 5968 ἔχετε
894 5893 1085 5968 ipsi“
1107 5911 1121 5963 ;

1991 4787 2152 4858 cujus
2189 4789 2352 4844 etiam
2382 4792 2557 4860 gratia
2608 4807 2638 4847 a
2675 4805 3024 4861 peccatorum
3063 4798 3270 4854 diluvio
3308 4803 3575 4875 redempti

1993 4896 2206 4938 sumus.
2243 4883 2588 4955 Quapropter
2629 4892 2874 4955 tempore
2911 4888 3100 4943 diluvii
3127 4891 3264 4958 Noe,
3298 4896 3575 4964 columba,

1992 4973 2233 5045 Spiritus
2267 4976 2443 5031 sancti
2474 4977 2648 5033 vicem
2681 4991 2896 5048 gerens,
2927 4979 3083 5035 oliva:
3117 4983 3351 5051 palmam
3383 4986 3436 5040 in
3473 5002 3572 5042 ove

1993 5066 2251 5132 aﬂ‘erens,
2305 5069 2535 5124 salutem
2583 5072 3011 5140 portendebat;
3079 5076 3154 5130 ita
3208 5078 3400 5144 etiam,
3462 5083 3570 5134 sub

1994 5160 2202 5214 diluvio
2258 5161 2468 5230 peccati
2525 5162 2580 5215 in
2637 5162 2850 5218 Domini
2904 5163 3179 5234 baptismo
3225 5170 3330 5244 sub
3391 5175 3575 5236 specie

1993 5252 2262 5306 columba:
2294 5251 2533 5319 Spiritus
2585 5255 3022 5326 praatigurabitur
3058 5258 3296 5314 divinam
3349 5262 3572 5317 miseri-

1993 5339 2234 5394 cordiam
2293 5347 2348 5394 et
2402 5341 2634 5409 gratiam
2681 5345 3001 5400 testiﬁcans.
3061 5347 3138 5402 Ex
3186 5359 3335 5415 tunc,
3387 5363 3574 5424 utpote

1993 5431 2255 5496 diximus,
2291 5444 2390 5522 pro
2419 5430 2605 5486 divina
2654 5434 3001 5506 eleemosyna
3043 5448 3098 5493 et
3137 5440 3408 5497 charitate
3443 5459 3572 5515 erga

1995 5537 2118 5584 nos,
2150 5522 2354 5576 oleum
2412 5521 2556 5574 istud
2607 5523 2850 5578 oblatum
2900 5537 3254 5581 consecratur
3307 5539 3361 5583 et
3409 5532 3574 5600 hujus

2001 5613 2202 5667 virtute
2236 5614 2329 5668 Dei
2367 5614 2804 5670 misericordiam
2835 5618 3253 5687 consequimur.
3285 5618 3421 5673 Num
3457 5623 3573 5677 lnrc

1997 5709 2130 5759 satis
2175 5719 2300 5761 sunt
2343 5707 2407 5761 ad
2464 5710 2902 5777 explanationem
2967 5727 3249 5765 sacrorum
3318 5714 3572 5770 Ecclesia

1997 5799 2399 5870 mysteriorum,
2436 5799 2748 5867 pluribusve
2775 5803 2870 5858 tibi
2899 5819 3035 5873 opus
3063 5803 3186 5858 et?
