4038 6450
519 363 628 454 207

1376 377 1763 440 SYMEONIS
1800 373 2564 437 THESSALONICENSIS
2604 371 2978 434 ARCHIEP.

3663 382 3753 445 203

589 503 848 559 Clericus.
895 497 1183 555 Sufﬁciunt
1235 496 1374 562 haec,
1427 493 1672 556 domine,
1742 509 1839 548 nec
1897 493 2140 553 caeteris.

2285 492 2612 560 Κληρικός.
2649 489 2861 557 Ἱκανὰ,
2881 489 3140 552 δέσποτα,
3171 487 3265 541 καὶ
3300 486 3360 542 ού
3390 487 3566 558 χρείαν
3583 489 3752 560 ἔχομεν

518 609 656 667 opus
700 604 784 648 est
816 592 1010 656 nobis;
1043 590 1147 645 nisi
1205 595 1321 643 ate
1373 588 1717 656 postuleinus
1769 592 1826 638 ut
1882 584 2102 656 singula

519 687 779 758 mysteria
809 699 1075 756 exponas,
1121 693 1175 738 et
1218 696 1373 738 sacra
1423 681 1582 735 nobis
1645 679 1905 749 explancs
1962 695 2110 750 sym-

522 781 681 840 bola,
717 794 926 848 nosque
949 780 1152 832 doceas
1173 775 1348 847 qualis
1384 771 1818 844 uniuscujusque
1847 774 1919 828 sit
1948 787 2110 842 pera-

522 878 736 921 ctorum
774 869 970 921 virtus.

601 958 882 1028 Pontifrx.
941 957 1073 1013 Illud
1101 997 1116 1022 ,
1151 956 1338 1022 frater,
1378 971 1540 1026 supra
1572 971 1693 1023 nos,
1736 966 1794 1012 ut
1834 956 1946 1027 jam
1979 957 2117 1012 dixi-

527 1067 682 1116 mus,
716 1051 1044 1120 viitutisque
1068 1062 1121 1104 et
1151 1049 1429 1119 sapientiae
1461 1049 1799 1104 sulilimioris
1829 1050 2111 1118 proprium

526 1154 648 1210 est;
684 1143 830 1213 quod
863 1143 906 1197 si
940 1142 1084 1220 enim
1114 1151 1167 1195 et
1188 1141 1480 1212 Dionysius
1511 1149 1563 1194 et
1591 1132 1862 1196 Maximus
1887 1155 2012 1196 cum
2045 1155 2113 1196 eo

528 1244 770 1290 tremore
797 1246 850 1289 et
879 1250 1098 1304 pavere,
1125 1251 1287 1305 quem
1307 1235 1398 1290 hic
1427 1234 1632 1290 referre
1649 1248 1756 1288 non
1787 1243 1870 1290 est
1904 1249 2110 1299 meum,

527 1337 640 1384 tam
686 1329 862 1383 sacris
911 1329 1075 1382 rebus
1107 1329 1426 1384 incumbere
1477 1327 1768 1390 curabant,
1833 1326 2114 1396 quomodo

531 1419 752 1475 tandem
774 1419 840 1474 de
863 1420 946 1475 his
977 1419 1137 1474 nobis
1161 1419 1430 1474 disserere
1455 1416 1828 1472 Iieebit?Cum
1857 1425 2036 1470 autem
2059 1415 2114 1469 in

525 1509 721 1576 Deum,
749 1511 841 1579 qui
875 1513 1058 1565 omnia
1089 1521 1292 1580 potest,
1319 1510 1483 1564 ﬁdere
1511 1509 1784 1578 expediat,
1826 1507 1942 1577 ipse
1970 1507 2114 1561 enim

527 1604 782 1659 ﬁdelibus
819 1612 1034 1673 praistut
1067 1602 1220 1671 juxta
1245 1601 1402 1655 ﬁdem
1439 1617 1502 1656 ac
1533 1600 1837 1655 secundum
1873 1599 2115 1653 Charita-

530 1705 662 1760 tem,
709 1711 915 1763 eosque
955 1695 1115 1747 docet
1161 1693 1304 1762 quod
1349 1692 1462 1762 ipse
1494 1684 1738 1746 Charitas
1769 1701 1890 1756 est;
1941 1705 2112 1759 quum

529 1787 751 1839 aliunde
777 1801 875 1839 nos
905 1801 1002 1854 pro
1033 1795 1120 1838 tua
1155 1784 1443 1854 loquamur
1460 1784 1749 1845 eharitate,
1785 1798 1846 1835 os
1865 1796 2112 1836 nosn'um

2219 586 2420 642 ἄλλων.
2458 584 2605 653 Πλὴν
2659 583 2896 654 δεόμεθά
2946 599 3066 644 σου,
3113 581 3348 635 ἕκαστον
3396 580 3618 635 ἐκθεῖναι
3660 585 3756 638 τῶν

2217 677 2552 749 μυστηρίων,
2572 676 2669 729 καὶ
2691 679 2758 729 τὰ
2783 677 2828 728 ιε
2839 675 2905 744 ρὰ
2927 676 3060 746 ἡμῖν
3086 673 3388 738 ἀναπτύξαι
3411 673 3470 726 σύ
3481 675 3657 744 μεολα,
3674 675 3757 728 καὶ

2213 767 2424 834 διδάξαι
2459 768 2608 841 ἡμᾶς
2638 767 2724 832 τίς
2761 768 2996 822 ἑκάστου
3029 765 3286 836 τυγχάνει
3315 765 3425 819 τῶν
3451 765 3760 835 τελουμένων

2214 867 2248 936 ἡ
2273 864 2528 934 δύναμις.

2294 957 2666 1026 Ἀρχιερεύς.
2712 955 2888 1026 ’Υπέρ
2941 955 3109 1024 ἡμᾶς,
3143 951 3218 1016 ὡς
3257 952 3576 1024 εἰρήκαμεν,
3601 951 3762 1016 τοῦτο,

2215 1049 2433 1118 ἁδελφέ,
2453 1050 2540 1103 καὶ
2564 1049 2969 1118 δυνάμεω;,καὶ
3001 1046 3194 1116 σοφίας
3222 1046 3571 1117 ὑψηλοτέρας.
3590 1045 3647 1098 El
3671 1046 3767 1115 γὰρ

2215 1142 2491 1208 Διονύσιός
2507 1159 2566 1196 τε
2588 1144 2680 1196 καὶ
2697 1141 2949 1210 Μάξιμος
2982 1140 3102 1212 μεθ’
3126 1139 3429 1208 ὑποστολῆς
3447 1155 3504 1192 τε
3521 1139 3612 1192 καὶ
3631 1137 3770 1189 εὐλα-

2217 1235 2374 1299 ϐείας
2397 1236 2528 1305 ὅσης
2553 1235 2652 1288 οὐκ
2669 1233 2817 1287 ἔστιν
2841 1237 3034 1297 εἰπεῖν,
3055 1235 3325 1302 ἐγχειρεῖν
3349 1234 3652 1302 ἐπεχείρουν
3671 1231 3772 1293 τοῖς

2216 1326 2480 1388 τοιούτοις
2513 1327 2678 1398 ίεροίς
2712 1327 3026 1398 πράγμασι,
3055 1325 3176 1388 πῶς
3208 1325 3342 1396 ἡμῖν
3377 1323 3526 1376 ἐσται
3568 1321 3772 1375 δυνατὸν

2219 1419 2328 1489 ἄρα
2366 1417 2498 1488 περὶ
2538 1415 2796 1471 τοιούτων
2828 1415 3235 1485 ἐφερμηνεύειν
3266 1432 3282 1482 ;
3327 1415 3468 1469 Ἀλλ’
3502 1411 3774 1482 ἐπειδήπερ

2219 1511 2279 1564 τὸ
2307 1508 2545 1581 ’Θαρρεϊν
2591 1511 2670 1573 είς
2697 1508 2829 1561 Θεὸν
2855 1508 3033 1562 πάντα
3065 1508 3314 1572 δύναται,
3356 1506 3516 1569 αὐτὸς
3545 1507 3647 1575 γὰρ
3676 1507 3774 1566 τοῖς

2221 1602 2542 1656 πιστεύουσι
2597 1603 2833 1672 παρέχει
2893 1601 3032 1653 κατά
3065 1601 3164 1670 τὴν
3196 1601 3400 1667 πίστιν,
3435 1598 3527 1652 καὶ
3571 1597 3653 1650 διὰ
3687 1597 3774 1665 τὴν

2221 1696 2443 1767 ἀγάπην
2467 1694 2526 1747 δὲ
2563 1696 2812 1764 χορηγεῖ,
2847 1693 2930 1747 ὅτι
2963 1695 3055 1747 καὶ
3090 1694 3278 1761 ἀγάπη
3311 1695 3428 1746 ἐστί
3451 1709 3466 1726 ο
3500 1691 3672 1744 λοιπὸν
3696 1687 3776 1742 καὶ

2223 1789 2382 1858 ἡμεῖς
2421 1786 2508 1840 διὰ
2544 1787 2644 1857 τὴν
2678 1788 2953 1857 ὑμετέραν
2984 1787 3237 1855 λέγοντες
3277 1786 3518 1854 ἀγάπην,
3553 1785 3778 1837 πιστεύο-

529 1877 830 1946 aperiendo
869 1892 1178 1930 sermonem
1225 1875 1426 1928 habere
1463 1873 1818 1930 conﬁdimus.
1871 1872 1938 1926 Et
1987 1889 2115 1929 ecce

2227 1894 2322 1947 μεν
2372 1877 2561 1931 λαϐεῖν
2617 1877 2779 1946 λόγον
2831 1879 2890 1929 ἐν
2924 1877 3124 1942 ἀνοίξει
3179 1877 3272 1930 τοῦ
3310 1877 3571 1946 στόματος
3615 1873 3775 1944 ἡμῶν.

530 1985 812 2034 curamus,
850 1975 1070 2038 propter
1103 1967 1471 2022 obedientiam
1503 1967 1554 2020 in
1590 1967 1858 2021 charitatc
1887 1965 2115 2030 Christi,

532 2072 682 2116 tuam
718 2061 1022 2130 adimplere
1058 2059 1506 2127 postulationem.
1545 2057 1621 2112 De
1660 2059 1878 2128 singulo
1905 2069 2114 2112 autem

528 2169 812 2210 sacrorum
871 2153 1249 2223 symbolorum
1300 2151 1564 2222 quidquid
1627 2166 1691 2205 ex
1753 2150 2118 2205 sanctissimis

535 2244 838 2312 Scripturis
897 2243 1210 2298 audivimus
1261 2243 1587 2312 loquemur;
1670 2257 1902 2313 quaeque
1953 2242 2117 2296 etiam

530 2353 632 2392 nos
659 2337 967 2391 docuerunt
992 2335 1180 2390 Patres
1220 2335 1418 2400 nostri,
1459 2335 1726 2405 dicemus,
1770 2337 1823 2388 in
1854 2345 2118 2404 quantum

534 2431 862 2499 cegnovisse
913 2429 1248 2499 potuimus..
1279 2429 1342 2482 Et
1398 2429 1452 2483 in
1508 2428 1704 2498 primis
1747 2427 2024 2497 loquimur
2054 2428 2122 2482 de

532 2521 722 2576 divino
759 2521 1055 2593 baptismo,
1089 2521 1359 2591 siquidem
1395 2521 1536 2590 apud
1569 2535 1669 2574 nos
1713 2521 1949 2589 primum
1999 2536 2121 2576 sese

531 2613 690 2668 habet
721 2614 862 2668 inter
894 2613 1180 2684 mysteria.
1217 2613 1444 2681 Insuper
1473 2613 1792 2682 priusquam
1815 2613 2121 2684 baptismus

533 2705 847 2762 conferatur
901 2705 1140 2760 carnalis
1195 2705 1455 2760 nativitas
1514 2706 1671 2760 nobis
1725 2706 2006 2771 tribuitur,
2069 2713 2124 2761 et

532 2796 664 2851 hinc
691 2796 986 2852 dicendum
1021 2810 1104 2852 est
1134 2811 1383 2866 quaenam
1432 2810 1622 2887 preces
1669 2795 1721 2848 in
1760 2795 1847 2850 illa
1884 2796 2120 2865 primum

530 2891 714 2959 peragi
777 2889 1032 2944 debeant.
1103 2889 1586 2955 Quemadmodum
1642 2890 1790 2942 enim
1849 2889 1901 2942 in
1961 2903 2124 2943 carne

531 2984 850 3045 nascimur,
906 2981 981 3034 ita
1041 2980 1108 3034 ad
1170 2980 1643 3048 regenerationem
1700 2994 1794 3047 per
1850 2977 2118 3048 Spiritum

533 3083 790 3128 sanctum
848 3073 1223 3144 perducimur,
1283 3082 1337 3126 et
1378 3071 1626 3128 Ecclesia
1681 3071 1885 3127 Christi
1934 3080 2124 3142 utpote

537 3167 891 3222 immaculata
920 3177 972 3219 et
1003 3166 1054 3219 in
1087 3164 1308 3220 Christo
1347 3164 1714 3229 sanctiﬁcata,
1762 3164 1815 3219 in
1868 3165 2120 3220 ﬁdelibus

533 3261 720 3316 statim
768 3266 1052 3330 peccatum
1113 3269 1360 3314 nostrum
1408 3271 1472 3312 ac
1529 3257 1806 3312 carnalem
1873 3259 2125 3327 puriﬁcat

533 3354 898 3411 nativitatem.

1093 3466 1322 3524 CAPUT
1386 3465 1574 3524 LVIII.

537 3608 713 3674 Quare
742 3609 984 3660 sacerdos
1025 3621 1201 3674 preces
1245 3613 1467 3677 peragat
1501 3621 1660 3674 super
1693 3611 1819 3658 nato
1851 3603 2064 3674 infante
2096 3604 2121 3656 ?

611 3767 744 3821 Nato
791 3766 996 3822 infante
1039 3769 1106 3821 de
1161 3765 1388 3820 muliere
1425 3765 1512 3834 pia
1564 3775 1790 3818 vocatur
1841 3762 2120 3832 sacerdos,

540 3860 818 3929 Deumque
853 3860 1148 3928 glorilicat,
1187 3859 1395 3927 gratias
1443 3872 1615 3927 agens
1667 3856 1815 3926 quod
1859 3864 2022 3911 natus
2053 3857 2127 3913 sit

540 3955 703 4006 homo
735 3955 788 4008 in
831 3957 1055 4018 mundo,
1105 3967 1169 4007 ac
1211 3951 1510 4006 Dominicae
1544 3950 1728 4004 crucis
1761 3950 2127 4019 impressione

539 4056 728 4100 natum
766 4045 1060 4109 benedicit,
1107 4055 1160 4099 et
1200 4056 1552 4112 perseverare
1591 4050 1646 4096 et
1679 4041 2018 4112 baptismum
2077 4051 2131 4096 et

543 4140 857 4190 unctionem
885 4140 1160 4205 suseipere
1179 4142 1454 4206 precatur.
1489 4135 1622 4199 Quae
1655 4150 1780 4189 vero
1805 4135 1868 4188 ad
1904 4134 2130 4189 salutem

543 4241 796 4300 spectant
822 4240 1014 4284 orante
1054 4239 1250 4294 matre,
1280 4226 1381 4298 ipsi
1420 4230 1743 4296 caeterisque
1769 4245 1892 4283 cum
1925 4245 1986 4282 ea
2013 4246 2132 4283 mu-

543 4326 772 4378 lierihus
809 4326 1037 4393 gratiam
1071 4333 1122 4377 et
1153 4321 1586 4392 puriﬁcationem
1620 4322 1857 4386 conlert,
1890 4322 2133 4376 eisdem-

545 4434 654 4488 que
687 4417 1001 4471 facultatem
1044 4415 1247 4484 praebet
1280 4413 1626 4470 sanctiﬁcare
1656 4431 1846 4482 Opera,
1887 4431 1987 4469 nec
2022 4415 2132 4471 ullo

551 4509 713 4562 modo
759 4506 1033 4575 impediri,
1068 4506 1182 4561 sive
1229 4505 1510 4560 immundo
1542 4507 1976 4573 communicare,
2013 4506 2128 4561 sive

2222 1970 2331 2024 Kal
2365 1970 2474 2024 ἰδοὺ
2505 1969 2866 2040 ἐγχειροῦμεν
2897 1969 2966 2022 δι’
2989 1969 3236 2041 ὑπακοὴν
3266 1971 3325 2022 ἐν
3346 1969 3534 2040 ἀγάπῃ
3562 1962 3777 2038 Χριστοῦ

2221 2061 2507 2115 ἐκτελέσαι
2550 2061 2650 2132 τὴν
2691 2063 2961 2131 ὑμετέραν
2990 2062 3223 2132 αἴτησιν.
3255 2061 3366 2115 Καὶ
3397 2062 3527 2128 περὶ
3562 2059 3776 2112 ἑκάστου

2219 2154 2330 2208 τῶν
2363 2155 2526 2224 ἱερῶν
2556 2154 2842 2225 συμϐόλων
2873 2155 3012 2226 ὅπερ
3042 2155 3294 2223 ἔγνωμεν
3339 2157 3402 2208 ἐκ
3443 2153 3547 2206 τῶν
3579 2149 3782 2221 ίερωτάο

2219 2264 2328 2302 των
2353 2246 2586 2318 Γραφῶν
2619 2246 2876 2318 ἐροῦμεν.
2905 2248 3011 2302 Kal
3037 2248 3174 2317 ὅπερ
3216 2247 3282 2301 ἂν
3311 2249 3459 2317 ἡμᾶς
3487 2248 3534 2300 oi
3565 2244 3783 2312 Πατέρες

2222 2339 2383 2410 ἡμῶν
2415 2339 2681 2406 ’ἐδίδαξαν
2713 2339 2962 2407 λέξομεν,
3002 2338 3234 2394 καθόσον
3273 2339 3632 2410 ἐξισχύσαμεν
3659 2334 3786 2402 γνῶ-

2223 2446 2332 2484 ναι.
2369 2429 2479 2482 Kal
2527 2429 2592 2500 δὴ
2640 2430 2858 2500 πρῶτον
2887 2429 3122 2500 λέγομεν
3157 2433 3284 2502 περὶ
3314 2431 3410 2485 τοῦ
3443 2431 3586 2483 Θείου
3615 2425 3787 2500 βαπτί-

2227 2536 2472 2591 σματος·
2506 2521 2628 2574 ἐπεὶ
2672 2523 2766 2573 καὶ
2797 2521 2959 2574 τοῦτο
2986 2523 3128 2591 ἀρχὴ
3157 2521 3266 2576 τῶν
3306 2525 3388 2587 είς
3423 2524 3570 2595 ἡμᾶς
3603 2535 3787 2591 μυστη-

2230 2617 2380 2685 ρίων.
2437 2613 2582 2684 Πλὴν
2633 2615 2714 2668 ὅτι
2758 2615 2855 2668 καὶ
2901 2615 3010 2684 πρὸ
3042 2615 3137 2670 τοῦ
3175 2616 3541 2688 βαπτισθῆναι
3573 2613 3786 2686 σαρκικὴ

2227 2707 2482 2776 γέννησις
2511 2706 2643 2774 ἡμῖν
2671 2704 2906 2774 γίνεται,
2935 2706 3128 2775 ῥητέον
3157 2708 3250 2760 καὶ
3276 2723 3346 2760 πε
3358 2711 3408 2778 pl
3433 2707 3528 2776 τῆς
3559 2708 3614 2759 ἐν
3637 2702 3788 2773 ταύτῃ

2227 2798 2491 2869 πρότερον
2521 2798 2853 2869 τελουμένης
2880 2798 3069 2869 εὐχῆς.
3119 2799 3272 2852 Ἐπεὶ
3321 2801 3433 2872 γὰρ
3477 2797 3788 2868 γεγεννημέ-

2228 2906 2311 2944 νοι
2344 2889 2530 2960 σαρκὶ,
2561 2888 2734 2952 οὕτως
2789 2891 2870 2952 είς
2901 2889 3002 2960 τὴν
3051 2891 3419 2962 ἁναγέννησιν
3465 2891 3561 2961 τὴν
3592 2889 3677 2942 διὰ
3711 2883 3789 2939 τοῦ

2231 2981 2552 3051 Πνεύματος
2581 2980 2951 3052 δδηγούμεθα,
2985 2982 3018 3052 ὴ
3076 2981 3380 3050 Ἐκκλησία
3430 2982 3522 3036 τοῦ
3549 2976 3788 3050 Χριστοῦ,

2227 3071 2302 3136 ὡς
2332 3074 2561 3137 ἄσπιλος
2595 3073 2734 3128 οὖσα
2769 3075 2865 3127 καὶ
2899 3067 3207 3145 ἡγιασμένη
3246 3077 3303 3127 ἐν
3339 3075 3579 3144 Χριστῷ,
3612 3075 3668 3126 ἐν
3696 3073 3792 3131 τοίς

2230 3166 2513 3221 εύσεϐἐσιν
2545 3167 2706 3230 εὐθὺς
2727 3167 2825 3238 τὴν
2853 3167 3175 3238 ἁμαρτωλὸν
3206 3167 3374 3238 ἡμῶν
3405 3169 3496 3223 καὶ
3525 3168 3588 3221 ὲκ
3615 3161 3794 3235 σαρϊδς

2233 3261 2486 3332 γέννησιν
2516 3259 2862 3332 ἐκκαθαίρει.

2813 3471 3065 3526 ΚΕΦΛΛ.
3107 3471 3239 3527 Nﬂ'.

2232 3607 2396 3663 Διατί
2450 3605 2522 3662 ἐν
2556 3605 2628 3675 τῇ
2660 3611 2768 3664 τοῦ
2788 3611 3064 3680 ,βρέφους
3119 3612 3416 3680 γεννήσει
3473 3609 3622 3680 εὐχὴ
3661 3605 3803 3676 παρά

2725 3683 2832 3737 τοῦ
2863 3681 3064 3750 ἱερέως
3091 3683 3347 3752 γίνεται-

2306 3780 2418 3832 Kal
2449 3780 2734 3850 τεχθέντος
2768 3776 2864 3830 τοῦ
2901 3777 3137 3846 βρέφους
3168 3777 3322 3848 παρὰ
3371 3776 3628 3847 γυναικὸς
3668 3771 3806 3827 εὐσε-

2232 3869 2384 3934 ϐοῦς,
2412 3872 2440 3922 ὁ
2474 3869 2656 3939 ἱερεὺς
2690 3867 3085 3936 παραγίνεται,
3116 3864 3212 3919 καὶ
3240 3865 3524 3937 δοξολογετ
3549 3866 3638 3918 τὸν
3663 3860 3801 3924 Θεὸν,

2233 3961 2599 4034 εὐχαριστῶν,
2622 3961 2704 4014 δτι
2734 3959 3021 4026 ἄνθρωπος
3052 3958 3382 4028 γεγέννηται
3413 3962 3469 4012 ἐν
3495 3957 3570 4028 τῷ
3594 3955 3767 4023 κόσμῳ
3788 3962 3802 3980 ⁸

2233 4055 2328 4108 καὶ
2360 4053 2692 4123 σφραγίσας,
2735 4051 2948 4120 εύλογεῖ
2978 4050 3038 4103 τὸ
3063 4051 3273 4120 τεχθὲν,
3305 4053 3401 4105 καὶ
3423 4051 3695 4119 διαμένειν
3721 4043 3803 4097 καὶ

2232 4145 2490 4210 δέξασθαι
2533 4145 2592 4199 τὸ
2635 4144 2922 4214 βάπτισμα
2964 4143 3058 4196 καὶ
3099 4141 3161 4194 τὸ
3191 4142 3407 4212 χρίσμα
3453 4142 3702 4197 αἰτεῖται.
3733 4135 3803 4203 Τῇ

2237 4236 2407 4308 μητρί
2444 4253 2502 4290 τε
2533 4237 2600 4291 τὰ
2634 4237 2772 4308 πρὸς
2804 4234 3078 4306 σωτηρίαν
3108 4233 3430 4303 εὐχόμενος,
3469 4230 3806 4302 μεταδίδωσιν

2234 4329 2375 4400 αὐτῇ
2434 4346 2494 4383 τε
2559 4329 2656 4383 καὶ
2712 4330 2831 4389 ταῖς
2880 4329 2977 4381 σὺν
3021 4327 3155 4400 αὐτῇ
3206 4327 3428 4395 γυναιξὶ
3472 4326 3688 4396 χάριτος
3722 4319 3808 4373 καὶ

2235 4421 2536 4491 ἀγιασμοῦ,
2570 4421 2756 4476 ἄδειάν
2786 4437 2846 4472 τε
2897 4419 3126 4489 παρέχει
3175 4419 3421 4488 ἐνεργεῖν
3453 4421 3524 4472 τὰ
3554 4418 3686 4488 ἔργα
3717 4411 3807 4467 αύ-

2236 4515 2365 4580 τῶν,
2421 4515 2517 4567 ml
2565 4513 2706 4568 κατὰ
2764 4513 2931 4582 μηδὲν
2986 4513 3123 4575 ὅλως
3183 4512 3516 4578 κωλύεσθαι,
3565 4510 3597 4580 ἢ
3647 4506 3808 4580 ῥύπου

549 4603 616 4656 de
682 4599 970 4654 fallacibus
1025 4599 1231 4668 peccati
1285 4598 1578 4667 speciebus
1631 4598 1906 4664 dubitare,
1965 4613 2130 4667 quum

2244 4578 2514 4675 μετέχειν,
2561 4603 2594 4672 ἢ
2635 4578 2927 4666 ἐνδοιάζειν
2975 4601 3254 4670 φθονεροῖς
3297 4600 3394 4654 τοῦ
3447 4578 3682 4670 πονηροῦ
3719 4595 3810 4664 φά-

545 4694 713 4748 semel
736 4694 1090 4747 iennmnditize
1123 4706 1186 4746 ac
1216 4692 1514 4761 voluptatis
1543 4706 1607 4760 pa
1626 4701 1772 4745 rtum
1808 4693 2134 4762 praestitere,

547 4803 709 4858 quem
745 4801 878 4841 sane
907 4783 1282 4854 corruptionis
1315 4799 1378 4839 ac
1419 4783 1612 4838 mortis
1644 4783 1861 4838 initium
1908 4785 2132 4854 quidam

547 4881 865 4950 praedicant,
900 4879 976 4932 uti
1003 4892 1190 4932 revera
1228 4886 1334 4930 est.

1113 5012 1344 5070 CAPUT
1401 5011 1540 5069 LIX.

550 5158 824 5226 Expositio
858 5157 1322 5224 singular-uinaria
1355 5152 1491 5226 ﬁunt
1539 5161 1662 5226 ante
1703 5152 2042 5220 baptismum,
2081 5154 2133 5205 in

909 5227 1170 5294 baptismo
1197 5233 1244 5276 et
1271 5233 1384 5291 post
1435 5224 1776 5289 baptismum.

627 5384 848 5451 Insuper
879 5381 970 5449 qui
997 5378 1232 5449 signavit
1254 5392 1452 5447 aquam
1477 5379 1634 5448 signo
1659 5377 1840 5434 crucis
1871 5379 1926 5432 in
1961 5391 2139 5447 prore-

555 5479 723 5530 minm
766 5473 936 5528 divini
997 5471 1337 5540 baptismatis
1364 5510 1380 5534 ,
1441 5470 2055 5540 domum'conspt-rgit,
2085 5479 2139 5523 et

554 5567 764 5622 infante
816 5566 868 5618 in
911 5563 1090 5617 fronte
1134 5561 1346 5631 signato
1378 5570 1600 5631 prepter
1633 5572 1890 5628 mentem,
1928 5577 2136 5616 necnon

554 5662 609 5714 in
658 5675 751 5714 ore
803 5666 1026 5728 propter
1085 5655 1417 5709 locutionem
1471 5665 1524 5708 et
1563 5655 1817 5724 spiritum
1877 5664 2044 5724 atque
2083 5653 2136 5706 in

552 5751 720 5807 corde
749 5761 972 5822 propter
1022 5749 1129 5801 vim
1162 5746 1404 5810 vitalem,
1436 5745 1505 5799 ita
1542 5755 1598 5800 ut
1627 5756 1875 5802 servatus
1921 5755 2140 5800 maneat

554 5846 610 5900 in
644 5845 937 5900 salutarem
976 5838 1321 5910 baptismum,
1369 5838 1452 5893 his
1495 5836 1564 5892 ita
1597 5838 1874 5908 perlectis,
1925 5851 2050 5907 egre
2076 5837 2134 5890 li-

2242 4713 2466 4767 σμασιν,
2494 4695 2684 4764 ἐπειδὴ
2723 4693 2801 4762 τῷ
2836 4693 2936 4762 τῆς
2972 4692 3252 4762 ἁμαρτίας
3285 4694 3381 4745 καὶ
3415 4691 3477 4756 ἐξ
3508 4689 3698 4762 ἡδονῆς
3731 4687 3810 4750 ἐξ·

2240 4782 2597 4852 υπηρέτησαν
2625 4781 2788 4851 τόκῳ,
2815 4780 2874 4833 ὃν
2895 4781 2960 4851 δὴ
2986 4781 3086 4849 τῆς
3109 4779 3314 4848 φθορᾶς
3345 4783 3442 4834 καὶ
3472 4781 3580 4851 tot?
3593 4779 3810 4833 Θανάτου

2240 4872 2529 4944 προοίμιόν
2564 4871 2709 4934 τινές
2741 4887 2876 4940 φασι
2906 4871 3002 4923 καὶ
3033 4869 3204 4922 ἔστιν.

2829 5001 3074 5055 ΚΕΦΑΛ.
3107 4999 3236 5053 ΝΘ.

2241 5143 2515 5211 Δήλωσις
2555 5141 2705 5211 κατὰ
2731 5139 2915 5211 μέρος
2947 5136 3066 5190 τῶν
3093 5136 3205 5211 πρῲ
3242 5137 3814 5211 τοῦ-,βαστζίᾳματοα

2311 5205 2410 5265 καὶ
2458 5205 2527 5265 ei»
2574 5210 2654 5276 τῷ
2679 5205 3086 5276 βαπτίσματι,
3111 5208 3207 5260 καὶ
3237 5207 3389 5277 μετὰ
3419 5209 3484 5260 τὸ
3508 5205 3814 5270 ,βάπτισμα

2312 5283 2713 5352 τελουμένων.

2324 5376 2484 5430 Ἀλλὰ
2545 5375 2642 5427 καὶ
2699 5373 3003 5444 σφραγίσας
3057 5371 3200 5442 ὕδωρ
3257 5373 3324 5441 τῇ
3382 5368 3683 5440 σημειώσει
3728 5358 3815 5413 τοῦ

2241 5469 2503 5540 σταυροῦ,
2534 5470 2614 5531 εἰς
2656 5469 2947 5537 προοίμιον
3001 5463 3096 5517 τοῦ
3133 5464 3280 5518 Θείου
3320 5462 3700 5534 βαπτίσματος
3721 5469 3818 5509 και

2239 5537 2595 5632 caepa-nim
2624 5557 2714 5611 τὸν
2738 5553 2906 5611 οἷκον.
2931 5555 3405 5626 Κατασφραγίσας
3425 5553 3482 5606 δὲ
3510 5551 3602 5604 καὶ
3623 5551 3680 5602 τὸ
3703 5546 3821 5615 βρέ-
3872 5537 3876 5543 ’

2242 5672 2339 5724 (po;
2387 5654 2463 5724 τῷ
2507 5650 2744 5723 μετώπῳ
2790 5653 2878 5704 διὰ
2922 5651 3013 5704 τὸν
3047 5650 3193 5716 νοῦν,
3223 5649 3318 5703 καὶ
3363 5647 3442 5716 τῷ
3476 5646 3700 5716 στόματι
3737 5638 3818 5692 διὰ

2241 5747 2332 5799 τὸν
2385 5747 2541 5814 λόγον
2571 5747 2660 5798 καὶ
2690 5745 2785 5815 τὴν
2813 5745 3006 5812 πνοὴν,
3044 5744 3139 5798 καὶ
3161 5746 3224 5815 τῇ
3261 5761 3326 5798 κα
3339 5740 3462 5810 ρδίᾳ
3491 5737 3578 5792 διὰ
3605 5734 3700 5804 τὴν
3727 5730 3824 5815 (mf

2241 5835 2396 5906 τικὴν
2443 5836 2695 5903 δύναμιν,
2739 5833 2878 5886 ὥστε
2933 5834 3114 5903 μένειν
3147 5827 3589 5902 «πεφυλαγμένον
3636 5823 3710 5884 εἰς
3762 5812 3822 5868 τὸ
