4038 6438
312 337 426 402 209

1593 342 1634 400 D
1647 343 1694 402 Ε
1739 341 1872 399 SAC
1885 344 2295 412 BAMENTIS.

3461 348 3566 411 92-.)

306 447 574 518 σωτήριον
603 447 903 520 βάπτισμα,
923 448 1094 514 οὕτως
1121 449 1420 514 ἀπολύσας,
1441 450 1546 522 75
1562 452 1883 523 ἀπέρχεται.

2013 476 2104 515 :ur.
2141 461 2346 516 Octava
2374 468 2554 516 autem
2577 461 2684 525 die.
2722 461 3148 518 aﬁ'erturinfans
3181 481 3210 519 a
3243 467 3567 534 quihusdam

308 541 386 612 Τῇ
421 541 477 594 δὲ
509 541 672 614 ὀγδόῃ
697 541 879 612 ἡμέρᾳ
912 543 1246 613 προσάγεται
1273 545 1332 596 τὸ
1356 543 1553 614 βρέφος
1585 543 1690 598 ὑπό
1719 563 1880 599 τινων

309 637 384 706 τῷ
417 634 555 704 Θεῷ,
593 638 688 688 καὶ
716 633 822 702 πρὸ
843 633 950 688 τῶν
982 633 1186 699 πυλῶν,
1217 635 1280 688 οὺ
1299 635 1410 705 γὰρ
1437 636 1772 705 ἡγιασμένον
1798 637 1882 690 ἔτι

313 728 431 780 ἐστὶ
479 726 556 795 τῷ
591 726 953 796 βαπτίσματι,
993 725 1280 797 σφραγίξει
1322 726 1484 782 πάλιν
1535 728 1668 780 αὐτὸ
1712 731 1791 791 είς
1822 728 1884 781 τὸ

316 822 583 890 μέτωπον,
642 823 737 874 καὶ
793 821 853 872 τὸ
908 819 1106 890 στόμα,
1141 820 1234 874 καὶ
1268 820 1330 873 τδ
1367 820 1564 890 στῆθος
1607 823 1633 874 ὁ
1667 821 1882 892 ἱερεύς⁸

313 918 405 970 καὶ
463 915 679 970 δίδωσιν
737 914 909 980 ὄνομα
966 915 1139 984 τούτῳ
1201 914 1268 966 δι’
1307 913 1472 986 εὐχῆς
1533 915 1710 984 ἱερᾶς,
1749 916 1887 985 ὅπερ

313 1011 376 1063 ἂν
409 1010 455 1062 oi
489 1008 737 1072 τεκόντες
766 1007 1071 1077 θελήσαιεν,
1103 1006 1222 1078 μεθ’
1251 1006 1312 1061 οῦ
1347 1011 1441 1062 καὶ
1465 1006 1806 1077 βαπτίζεται.

828 1183 832 1186 _
904 1123 1158 1177 ΚΕΦΑΛ.
1205 1123 1282 1179 Ξ’.

310 1216 438 1269 Ὀτι
462 1213 559 1268 καὶ
599 1213 667 1268 ἐν
696 1213 772 1286 τῇ
823 1214 1004 1284 ὀγδόῃ
1041 1217 1231 1283 ἡμέρᾳ
1284 1221 1316 1272 ό
1354 1220 1570 1285 Κύριος
1601 1217 1670 1271 τὸ
1703 1216 1891 1286 ὄνομα

658 1285 936 1354 εἴληφεν,
980 1287 1227 1355 Ἰησοῦς
1260 1289 1532 1357 κληθείς.

381 1378 651 1448 Καθάπερ
682 1377 842 1433 τοῦτο
877 1380 1069 1447 γέγονε
1117 1382 1212 1434 καὶ
1264 1383 1325 1435 ὲν
1357 1381 1436 1452 τῷ
1470 1382 1664 1452 Κυρίῳ
1695 1398 1708 1413 ⁶
1735 1383 1794 1434 ὲν
1824 1383 1890 1450 τῇ
1960 1413 1962 1416 -

325 1469 483 1544 ὀγδόῃ
528 1473 636 1539 γὰρ
673 1471 1055 1541 περιτμηθεὶς,
1110 1474 1322 1544 Ἰησοῦς
1351 1474 1654 1546 ἐπεκλήθη.
1701 1471 1893 1542 Ἡμεῖς

320 1562 375 1614 δὲ
407 1563 468 1616 οὺ
503 1564 804 1632 περιτομὴν
834 1563 1030 1633 ἔχομεν
1059 1583 1071 1597 ·
1129 1567 1459 1635 πεπλήρωκε
1487 1567 1596 1633 γὰρ
1643 1567 1671 1619 ὁ
1703 1564 1894 1636 Σωτὴρ
1923 1557 1936 1564 ’

313 1654 381 1705 τὰ
409 1654 504 1706 τοῦ
535 1655 700 1724 νόμου
737 1655 857 1708 ἀντὶ
891 1655 1068 1726 ἡμῶν,
1118 1660 1214 1710 καὶ
1246 1659 1348 1725 τῆς
1381 1661 1614 1727 νομικῆς
1648 1656 1895 1719 δουλείας

317 1739 569 1815 ἐρύσατο.
601 1747 808 1801 Δέδωκε
838 1748 895 1801 δὲ
929 1748 1234 1818 περιτομὴν
1259 1749 1428 1818 ἄλλην
1461 1751 1518 1803 ὲν
1555 1748 1653 1819 ὅλῃ
1684 1751 1752 1818 τῇ
1789 1747 1893 1817 φύ-

316 1855 421 1900 σει,
453 1839 510 1892 τὸ
540 1838 681 1893 θεῖον
714 1840 1026 1911 βάπτισμα,
1054 1842 1189 1910 ὅπερ
1215 1841 1274 1893 οὑ
1311 1841 1490 1912 σάρκα
1530 1840 1740 1911 τέμνει,
1775 1838 1893 1893 ἀλλ’

314 1931 588 1998 ἁμαρτίας
637 1931 917 2006 καθαίρει.
955 1933 1231 1986 Ἕκαστον
1285 1933 1341 1986 δὲ
1403 1933 1508 1986 τῶν
1557 1931 1774 2002 βρεφῶν
1817 1930 1892 1994 ὡς

330 2022 540 2091 Ἰησοῦς
581 2025 610 2076 ὁ
647 2025 883 2092 Χριστὸς
917 2025 974 2080 ὲν
1006 2025 1082 2095 τῷ
1117 2026 1234 2095 ίδὲῳ
1287 2025 1611 2094 βαπτίζεται
1644 2025 1894 2094 ὀνόματι.

322 2117 398 2169 Οὐ
427 2116 532 2186 μὴν
563 2117 618 2170 δὲ
653 2115 1011 2186 βαπτίζονται
1034 2118 1235 2184 πάντες
1267 2117 1523 2186 Ἰωάννης
1561 2117 1656 2170 καὶ
1683 2114 1895 2186 Μαρία,

317 2207 396 2266 ὡς
440 2207 548 2260 τῶν
605 2207 993 2278 ἁπλουστέρων
1041 2209 1138 2261 καὶ
1179 2207 1468 2262 ἰδιωτικῶν
1507 2207 1654 2270 τινές
1705 2223 1892 2278 φασιν.

328 2301 417 2353 Ἐν
477 2303 540 2369 τῇ
595 2301 758 2373 ὀγδόη
795 2302 852 2356 δὲ
905 2305 939 2373 ἡ
1001 2304 1274 2373 περιτομὴ
1304 2308 1426 2356 τότε
1479 2297 1548 2374 ῆν
1603 2304 1718 2364 τοῖς
1768 2302 1900 2355 Ἰου-

315 2393 508 2457 δαίοις.
551 2393 624 2447 Τὸ
670 2394 842 2463 ὄνομα
886 2395 942 2449 δὲ
975 2394 1070 2467 νῦν
1122 2397 1180 2447 ὲν
1207 2396 1345 2466 αὐτῇ
1376 2397 1426 2450 οἱ
1464 2397 1647 2449 πιστοὶ
1679 2396 1899 2465 λαμϐά-

320 2503 507 2556 νομεν,
537 2488 619 2539 ὃτι
648 2488 1044 2558 ἀνακαινισμδς
1075 2490 1108 2558 ἡ
1137 2486 1324 2558 ὀγδόη.
1358 2488 1756 2560 Πληρωθεεσης
1788 2489 1899 2558 γὰρ

315 2580 414 2648 τῆς
450 2579 685 2648 ἑϐδόμης
721 2580 790 2651 ἢν
849 2581 883 2649 ἡ
926 2581 1040 2650 ζωὴ
1090 2581 1228 2652 αῦτη
1289 2583 1597 2650 κέκτηται,
1654 2581 1722 2636 δι’
1761 2582 1902 2634 ἑπτὰ

315 2675 660 2746 κυκλουμένη
683 2673 790 2728 τῶν
813 2673 1061 2745 ἡμερῶν,
1089 2677 1156 2745 τῇ
1189 2675 1352 2746 ὀγδόῃ
1378 2674 1544 2728 πάλιν
1569 2675 1900 2744 ἀπάρχεται.

323 2769 389 2818 Ὃ
426 2769 652 2836 σημεῖον
704 2767 802 2833 τῆς
840 2765 1192 2827 ἀναστάσεως
1238 2767 1379 2830 ἐστι,
1419 2765 1514 2818 καὶ
1548 2765 1648 2833 τῆς
1681 2765 1902 2817 αίωνίου

321 2860 464 2928 ζωῆς
518 2859 824 2930 προοίμιον.
867 2860 957 2912 Ἐν
1000 2860 1111 2930 γὰρ
1159 2861 1224 2928 τῇ
1272 2857 1434 2931 ὀγδόῃ
1470 2857 1565 2910 καὶ
1616 2859 1643 2910 ὁ
1698 2855 1905 2927 Κύριος

321 2954 606 3022 ἐξανέστη,
644 2953 742 3006 καὶ.
805 2952 906 3022 τὴν
950 2951 1270 3006 τελευταίαν
1333 2951 1497 3020 ἡμεῖς
1553 2949 1770 3022 ἡμέραν
1805 2951 1906 3019 τῆς

323 3048 544 3102 αἰωνίου
565 3048 708 3116 ζωῆς
737 3046 1052 3115 ἐλπίζομεν.
1079 3046 1242 3108 Ἢτις
1268 3045 1364 3098 καὶ
1391 3045 1700 3113 ἀπέραντος
1725 3045 1901 3108 ἔσται,

1989 554 2056 610 ad
2094 556 2289 618 Deum,
2311 563 2366 610 et
2397 568 2496 624 pro
2531 554 2758 622 foribus,
2789 571 2896 610 non
2929 559 3076 612 enim
3106 559 3374 625 baptismo
3393 559 3570 612 adhuc

1996 647 2372 704 sanetilicatus
2406 656 2511 714 est,
2541 663 2731 702 rursus
2788 648 2966 719 signat
2999 666 3120 704 eum
3149 651 3202 705 in
3235 649 3408 704 fronte
3435 657 3487 704 et
3517 651 3570 705 in

1997 756 2092 794 ore
2131 747 2293 808 atque
2358 740 2411 794 in
2450 750 2671 809 pectore
2717 742 2997 808 sacerdos,
3038 743 3198 812 eique
3224 758 3319 811 per
3359 757 3570 808 sacram

1993 832 2294 886 orationem
2335 833 2428 886 dat
2486 848 2682 888 nomen
2721 834 3098 904 quodcumque
3149 834 3416 888 voluerint
3456 833 3574 902 ejus

1994 931 2268 993 parentes,
2300 937 2540 994 quocum
2572 915 2898 994 baptizatur.
3277 908 3280 910 ⁷

2594 1127 2825 1184 CAPUT
2850 1127 2972 1214 ιχ.

1999 1219 2152 1286 Quod
2183 1218 2435 1275 Dominus
2457 1236 2660 1289 quoque
2717 1230 2899 1274 octaua
2934 1222 3021 1274 die
3064 1237 3250 1275 nomen
3301 1219 3494 1284 accepit
3530 1228 3577 1272 ct

2483 1289 2638 1346 Jcsns
2675 1293 2974 1360 appellatus
2999 1301 3098 1346 est.

2067 1379 2534 1447 Quemadmodum
2583 1383 2724 1437 idem
2753 1383 2804 1436 in
2841 1383 3073 1436 Domino
3098 1381 3296 1438 factum
3330 1393 3445 1451 est;
3479 1399 3577 1441 oe-

1997 1485 2120 1530 tava
2175 1474 2319 1528 enim
2350 1475 2435 1529 die
2468 1475 2825 1531 circumcisus
2856 1485 3082 1531 vocatus
3131 1484 3218 1532 est
3256 1476 3436 1533 Jesns.
3469 1477 3579 1532 Nos

1995 1579 2126 1619 vero
2150 1565 2623 1621 circumcisionem
2660 1581 2768 1620 non
2794 1565 3097 1633 habemus;
3124 1583 3246 1621 nam
3281 1569 3446 1638 legem
3480 1585 3580 1638 pro

2001 1657 2162 1713 nobis
2213 1658 2529 1728 adimplevit
2565 1658 2836 1725 Salvator,
2867 1667 2920 1713 et
2946 1673 2973 1711 a
3003 1658 3158 1726 legali
3190 1659 3450 1713 servitute
3483 1675 3582 1714 nos

2002 1750 2168 1818 eruit,
2199 1752 2293 1806 sed
2320 1752 2372 1806 in
2413 1752 2559 1807 omni
2598 1762 2792 1808 natura
2826 1752 2988 1806 aliam
3022 1751 3169 1806 dedit
3210 1753 3581 1809 circumcisio-

1997 1857 2144 1909 ncm,
2169 1843 2410 1899 divinum
2443 1845 2894 1915 haptisma,quod
2927 1859 3034 1898 non
3066 1858 3284 1896 carnem
3313 1854 3583 1912 amputat,

2015 1935 2110 1990 sed
2147 1937 2386 2004 peccatis
2416 1945 2631 2007 purgat.
2662 1936 2897 1992 Infantes
2927 1938 3123 2005 singuli
3155 1948 3213 1992 ut
3251 1934 3408 1992 Jesus
3430 1937 3585 1992 Chri-

1998 2036 2117 2083 stus
2147 2028 2200 2081 in
2243 2029 2461 2098 proprio
2502 2029 2726 2083 nomine
2767 2029 3132 2098 haptizantur.
3173 2029 3445 2098 siquidem
3479 2043 3585 2082 non

2001 2136 2194 2176 omnes
2256 2121 2607 2191 baptizantur
2655 2123 2708 2176 in
2755 2121 2976 2176 nomine
3025 2119 3251 2177 Joannis
3283 2129 3337 2174 ct
3372 2119 3586 2184 Marite,

2003 2227 2166 2284 prout
2196 2217 2453 2271 dixerunt
2488 2215 2708 2284 quidam
2743 2222 2927 2268 mente
2968 2213 3247 2281 simplices
3280 2223 3334 2268 et
3382 2213 3589 2266 idiotae.

2009 2306 2103 2361 Die
2139 2307 2356 2376 quidem
2400 2315 2592 2360 oetava
2629 2312 2754 2357 tunc
2787 2311 2905 2357 erat
2964 2300 3168 2360 Iudicis
3218 2303 3587 2367 circumcisio,

2006 2413 2105 2452 nos
2127 2412 2260 2452 vero
2293 2397 2476 2451 lidelcs
2528 2396 2718 2450 eadem
2755 2396 2842 2448 die
2877 2409 3075 2450 nomen
3127 2394 3430 2463 accipimus
3460 2407 3590 2461 quo-

2010 2491 2155 2544 niam
2184 2500 2375 2545 octava
2408 2499 2491 2544 est
2517 2489 2816 2543 renovatio.
2841 2486 2972 2542 Nam
2999 2488 3219 2557 impleta
3257 2485 3594 2541 hebdomade

2006 2597 2168 2650 quam
2196 2581 2313 2649 ipsa
2346 2589 2638 2635 consecuta
2661 2589 2746 2635 est
2779 2581 2886 2634 vita
2921 2589 3126 2649 septem
3153 2579 3361 2632 dierum
3389 2577 3593 2632 circulo

2009 2682 2290 2738 contenta,
2333 2687 2552 2726 rursum
2605 2672 2694 2727 die
2723 2681 2915 2726 octava
2957 2671 3274 2733 revertitur,
3323 2671 3466 2738 quod
3519 2669 3595 2723 si-

2006 2782 2170 2836 gnum
2191 2775 2272 2821 est
2287 2764 2725 2826 resurrectionis,
2749 2775 3070 2834 aeternaeque
3090 2763 3214 2816 vita:
3233 2761 3585 2830 prooemium.

2009 2857 2221 2929 Quippe
2279 2866 2470 2913 octava
2517 2857 2606 2912 die
2667 2855 2966 2911 resurrexit
3020 2854 3318 2918 Dominus,
3387 2869 3596 2922 nosque

2011 2950 2258 3004 ultimam
2319 2948 2462 3002 diem
2520 2958 2736 3002 :rternm
2771 2947 2892 3001 vitm
2932 2959 3238 3014 speramus,
3272 2959 3392 3012 qttae
3425 2943 3599 2997 nescit

2011 3057 2292 3108 occasum,
2324 3050 2491 3111 prout
2516 3038 2830 3094 didicimus.
2866 3038 3037 3107 Igitur
3062 3037 3115 3090 in
3148 3035 3266 3105 ipsa
3299 3035 3386 3090 die
3412 3045 3598 3089 octava

325 3142 472 3195 καθά
503 3141 893 3210 διδασκόμεθα.
940 3140 1030 3191 Ἐν
1061 3138 1238 3209 ταύτῃ
1267 3136 1361 3193 οῦν
1391 3141 1457 3207 τῇ
1515 3137 1679 3208 ὀγδόῃ
1720 3137 1771 3189 οἱ
1811 3136 1908 3206 μὲν

2018 3134 2192 3191 Judzei
2245 3133 2467 3203 quidem
2525 3129 2830 3187 secundum
2865 3127 3142 3183 masculos
3170 3135 3379 3182 tantum
3415 3135 3601 3196 utpote

338 3232 584 3287 Ἰουδαῖοι
644 3233 1071 3302 περιετέμνοντο
1124 3231 1264 3284 κατὰ
1302 3230 1370 3282 τὰ
1404 3230 1610 3303 ᾶρῤενα
1647 3230 1809 3301 μόνον
1832 3230 1908 3292 ὡς

2014 3225 2323 3298 imperfecti
2379 3222 2941 3288 circumcidehantur,
3006 3220 3254 3274 memhro
3301 3219 3602 3288 voluptatis

334 3327 567 3391 ἀτελεῖς,
602 3326 1035 3397 σφραγιζόμενοι
1067 3327 1146 3397 τῷ
1184 3327 1359 3398 μορίῳ
1388 3329 1487 3396 τῆς
1515 3327 1739 3398 ἡδονῆς,
1773 3341 1908 3394 προ-

2013 3318 2212 3390 signati
2243 3323 2624 3388 praetcstantes
2663 3311 2882 3383 quidem
2917 3320 2974 3365 et
3004 3310 3105 3380 ipsi
3138 3308 3600 3364 resurrectionem

339 3418 747 3492 μαρτυροῦντες
806 3419 905 3489 μὲν
967 3421 1064 3474 καὶ
1115 3421 1264 3474 αὐτοὶ
1324 3419 1426 3490 τὴν
1484 3419 1788 3475 ἀνάστασιν
1841 3420 1908 3487 τῇ

2013 3427 2110 3484 per
2131 3411 2274 3465 diem
2301 3417 2576 3472 octavam,
2604 3413 2656 3460 et
2693 3419 2787 3474 per
2815 3402 3296 3458 circumcisionem
3336 3400 3602 3455 indican-

333 3512 523 3584 ὀγδόη,
554 3515 649 3566 καὶ⁵
679 3515 735 3566 ἐν
769 3512 848 3583 τῷ
874 3513 1303 3584 περιτέμνεσθαι
1329 3513 1408 3576 δὲ,
1443 3515 1808 3583 σημαίνοντες
1837 3511 1914 3573 ὡς

337 3605 370 3673 ἡ
402 3604 564 3674 ἡδονὴ
594 3605 693 3676 τῆς
730 3605 932 3673 σαρκὸς
982 3603 1328 3673 παυθήσεταί
1375 3621 1529 3667 ποτε,
1575 3603 1672 3656 καὶ
1704 3602 1913 3673 ἄφθαρ-

287 3682 294 3686 ’
330 3714 424 3760 στος
461 3681 621 3751 ἔσται
651 3697 786 3768 ζωὴ,
818 3698 913 3750 καὶ
947 3696 1023 3768 μὴ
1056 3697 1143 3751 διὰ
1170 3697 1370 3767 σαρκδς
1404 3696 1801 3767 ἐνεργουμένην
1838 3697 1914 3766 μὴ

333 3791 580 3854 νοοῦντες
624 3791 681 3844 δὲ
720 3789 900 3854 τοῦτο,
936 3790 1072 3860 μηδὲ
1121 3790 1221 3862 τὴν
1272 3790 1453 3860 ἀληθῆ
1481 3792 1789 3862 περιτομὴν
1817 3789 1916 3859 τὴν

336 3882 433 3950 τῆς
462 3880 739 3952 ἁμαρτίας
790 3881 1181 3943 κατανοοῦντες
1223 3879 1506 3943 ἀπόθεσιν,
1538 3880 1674 3950 ὅπερ
1707 3880 1823 3933 ἐστὶ
1855 3879 1918 3932 τὸ

336 3975 492 4043 ἅγιον
547 3974 851 4044 βάπτισμα.
914 3973 1087 4026 Τοῦτο
1141 3973 1252 4042 γὰρ
1306 3973 1366 4025 τὸ
1415 3971 1728 4041 ἀφθάρτους
1763 3971 1918 4034 ὅλους

337 4067 480 4123 εἶναι
512 4069 606 4122 καὶ
643 4069 850 4131 ἀσινεῖς
890 4066 1223 4133 ἐκδιδάσκει,
1266 4066 1363 4119 καὶ
1397 4065 1472 4136 μὴ
1502 4065 1646 4118 κατά
1672 4082 1726 4118 τι
1753 4064 1919 4118 λελωο

337 4162 612 4232 ϐημένους
637 4178 649 4192 ·
681 4164 709 4215 ὁ
758 4161 869 4232 γὰρ
901 4159 1368 4231 περιτεμνόμενος
1398 4158 1498 4228 τὴν
1536 4158 1715 4226 σάρκα
1746 4157 1916 4210 λελώ-

337 4259 524 4323 ϐηται,
559 4254 654 4307 καὶ
678 4253 738 4307 τὸ
761 4253 948 4324 ἄρτιον
997 4252 1057 4305 οὑ
1085 4251 1375 4321 περιφέρει
1419 4251 1519 4320 τῆς
1552 4248 1790 4319 φύσεως·
1824 4250 1920 4302 καὶ

336 4348 424 4398 ὅτι
458 4344 557 4396 οὐκ
604 4342 814 4406 ἀπαθὲς
842 4339 903 4406 ἐξ
951 4341 1145 4412 ἡδονῆς
1172 4339 1459 4394 τίκτεσθαι
1485 4340 1656 4410 ἡμᾶς.
1705 4339 1798 4392 Διὸ
1823 4340 1919 4391 καὶ

334 4436 497 4492 τοῦτο
532 4435 751 4490 λέλυται
787 4436 848 4489 τὸ
882 4435 942 4501 ἐξ
972 4435 1168 4506 ἡδονῆς
1194 4434 1500 4489 τίκτεσθαι.
1535 4433 1830 4505 Δοθήσεται
1864 4432 1919 4486 δὲ

2017 3515 2097 3560 tes
2146 3512 2279 3558 tunc
2308 3510 2645 3556 cessaturam
2687 3497 2872 3552 carnis
2899 3494 3231 3563 voluptatem
3257 3537 3273 3562 ,
3329 3493 3605 3565 vitamque

2018 3592 2258 3648 futuram
2294 3587 2772 3657 incorruptibilcm
2815 3599 2991 3655 neque
3017 3598 3111 3653 per
3144 3599 3369 3638 carnem
3414 3598 3606 3652 opera--

2017 3693 2193 3740 turam
2217 3701 2232 3752 ;
2262 3683 2354 3737 sed
2389 3696 2487 3736 nec
2514 3679 2658 3734 istud
2680 3676 2936 3739 scientes,
2962 3689 3138 3744 neque
3162 3689 3348 3729 veram
3369 3675 3607 3728 circum-

2018 3781 2283 3836 cisionem
2323 3774 2540 3846 peccati
2571 3771 2918 3826 aversionem
2982 3766 3312 3836 cogitantes,
3347 3765 3490 3836 quod
3522 3775 3607 3822 est

2017 3881 2272 3929 sanctum
2302 3868 2570 3938 baptisma
2597 3881 2611 3932 ;
2641 3864 2744 3919 hoc
2774 3861 2920 3917 enim
2943 3875 3044 3915 nos
3073 3859 3234 3915 docet
3270 3873 3393 3912 esse
3423 3858 3604 3913 incor-

2020 3974 2209 4035 ruptos
2236 3972 2289 4017 et
2322 3958 2547 4015 omnino
2580 3956 2814 4011 intactos
2843 3969 2944 4007 nec
2975 3952 3028 4005 in
3058 3951 3240 4018 aliqua
3285 3958 3438 4020 parte
3462 3964 3595 4005 seu.

2021 4060 2157 4113 cios‘.
2184 4056 2318 4110 Nam
2373 4052 2466 4122 qui
2524 4045 2939 4105 circumciditur
2986 4043 3287 4098 secundum
3350 4057 3598 4106 carnem,

2021 4149 2259 4212 laeditur,
2305 4159 2481 4214 neque
2521 4138 2841 4198 circumfert
2895 4147 3103 4193 natura;
3132 4122 3518 4205 integritatem,
3552 4142 3609 4189 et

2023 4240 2289 4310 quoniam
2353 4249 2704 4307 nequaquam
2741 4233 2946 4302 absque
2986 4237 3209 4300 peccato
3237 4243 3302 4282 ex
3335 4228 3609 4298 voluptate

2024 4331 2296 4395 nascitur,
2332 4329 2454 4384 ideo
2511 4324 2684 4379 noluit
2742 4337 2842 4377 nos
2886 4336 2950 4374 ex
2994 4319 3271 4387 voluptate
3312 4317 3606 4387 generari;

2023 4423 2188 4480 nobis
2219 4436 2349 4477 vero
2399 4433 2494 4488 per
2521 4416 2791 4486 baptisma
2837 4411 3057 4468 dabitur
3088 4408 3240 4465 nasci
3273 4424 3380 4460 non
3416 4423 3480 4461 ex
3507 4421 3608 4460 vo-

334 4531 468 4598 ἡμῖν
494 4529 581 4582 διὰ
601 4526 696 4582 τοῦ
725 4497 1101 4598 βαπτίσματος
1123 4497 1190 4580 τὸ
1219 4525 1319 4581 οὐκ
1343 4529 1407 4580 ἐκ
1439 4526 1568 4597 θελὴ
1580 4497 1748 4596 ματος
1775 4543 1908 4596 σαρ-

2021 4520 2229 4574 luntate
2252 4513 2456 4578 carnis,
2481 4523 2657 4581 neque
2688 4504 3066 4564 ex'voluntate
3098 4501 3222 4566 viri,
3257 4497 3353 4555 sed
3382 4515 3447 4554 ex
3473 4497 3607 4564 Deo,

337 4622 455 4688 κὸς,
488 4620 609 4673 οὐδὲ
639 4621 703 4673 ὲκ
731 4619 1042 4690 θελήματος
1070 4619 1283 4689 ἀνδρὸς,
1313 4619 1427 4673 ἀλλ’
1463 4621 1526 4672 ὲκ
1556 4618 1695 4673 Θεοῦ
1725 4620 1912 4674 τίκτε-

339 4715 490 4770 σθαι.
518 4714 687 4768 Τοῦτο
719 4715 764 4768 δ’
797 4713 914 4767 ἐστὶ
944 4713 1006 4766 τὸ
1045 4713 1133 4768 διὰ
1177 4714 1406 4785 λουτροῦ
1445 4715 1542 4783 τῆς
1586 4715 1914 4783 παλιγγενε-

340 4809 462 4873 σίας
506 4806 925 4876 ἀναγεννᾶσθαι.
957 4807 1126 4860 Ὅθεν
1171 4808 1268 4860 καὶ
1319 4809 1386 4878 τῇ
1423 4806 1586 4880 ὀγδόῃ
1631 4793 1816 4880 ἡμέρᾳ
1854 4810 1916 4861 τὸ

337 4901 514 4971 ὄνομα
552 4901 822 4968 λαμῦἀνει
853 4900 955 4968 μὲν
999 4899 1060 4952 τὸ
1091 4898 1326 4970 βρέφος,
1357 4897 1548 4969 ὥσπερ
1575 4901 1604 4953 ὁ
1641 4898 1832 4970 Σωτὴρ
1857 4900 1918 4952 τὸ

342 4991 618 5062 Σωτήριον
675 4989 881 5062 Ἰησοῦς
925 4991 1241 5063 ἐπικληθείς
1269 5008 1284 5023 '
1343 4992 1680 5063 σφραγισθὲν
1731 4991 1787 5045 δὲ
1823 4993 1920 5046 καὶ

340 5084 506 5156 εὐχὴν
534 5082 718 5138 λαϐὼν
761 5085 915 5154 ἱερὰν
939 5125 954 5151 ,
1003 5083 1080 5148 ὡς
1129 5085 1439 5156 προσαχθὲν
1469 5087 1546 5154 τῷ
1577 5083 1790 5156 Κυρίῳ’,
1824 5086 1921 5138 καὶ

344 5177 649 5246 σημειωθὲν
681 5176 760 5247 τῷ
795 5176 1015 5248 σταυρῷ
1063 5176 1125 5230 τὸ
1179 5178 1432 5247 μέτωπον
1457 5219 1470 5241 ,
1512 5177 1588 5240 ὼς
1623 5176 1786 5247 ἔφην,
1833 5177 1922 5230 διὰ

342 5269 404 5320 τὸ
434 5268 706 5340 νοητικὸν,
737 5268 800 5321 τὸ
840 5270 1017 5337 στόμα
1039 5267 1127 5322 διά
1152 5269 1213 5322 τὸ
1246 5268 1485 5336 λογικὸν,
1522 5269 1618 5321 καὶ
1648 5268 1749 5338 τὴν
1780 5286 1920 5338 καρ-

343 5361 463 5415 δίαν
491 5361 579 5415 διά
607 5362 670 5415 τὸ
701 5361 990 5424 ζωοποιδν,
1030 5362 1126 5415 καὶ
1153 5363 1218 5431 τῇ
1253 5361 1420 5431 βίϐλῳ
1449 5363 1516 5432 τῇ
1550 5360 1754 5432 αἰωνίῳ
1786 5378 1922 5429 γρα-

344 5455 444 5522 φὲν
480 5455 572 5510 διὰ
609 5454 704 5507 τοῦ
746 5453 1090 5517 ἐπιτεθέντος
1137 5452 1288 5523 αὑτῷ
1341 5453 1632 5523 ὀνόματος,
1689 5451 1924 5521 ἐπανέρ-

345 5564 497 5616 χεται
536 5547 602 5618 τῇ
641 5547 830 5616 μητρί.
875 5548 955 5617 Τῇ
988 5547 1412 5617 τεσσαρακοστῇ
1453 5545 1510 5600 δὲ
1542 5546 1728 5618 ἡμέρᾳ
1764 5545 1926 5600 πάλιν

348 5636 688 5706 προσάγεται
719 5635 826 5690 ὑπὸ
855 5639 953 5707 τῆς
991 5637 1198 5708 μητρὸς
1240 5634 1320 5707 τῷ
1373 5635 1488 5704 ναῷ
1526 5634 1622 5688 καὶ
1665 5631 1823 5687 τοῦτο
1851 5632 1928 5695 ὡς

351 5729 522 5800 δῶρον
560 5727 682 5799 Θεῷ
721 5729 1182 5799 προσκομίζεται.
1229 5728 1291 5782 '0
1322 5728 1503 5799 ἱερεὺς
1534 5726 1644 5796 γὰρ
1675 5725 1784 5796 πρὸ
1818 5723 1927 5777 τῶν

355 5822 534 5899 θυρῶν
571 5822 704 5888 στὰς
751 5820 848 5877 τοῦ
889 5823 1019 5902 ναοῦ
1061 5821 1141 5893 (οὐ
1173 5822 1280 5892 γὰρ
1313 5821 1471 5891 θέμις
1502 5819 1608 5890 πρὸ
1643 5819 1740 5890 τῆς
1764 5817 1928 5887 εὐχῆς

2014 4611 2162 4682 quod
2188 4618 2272 4665 est
2292 4622 2385 4677 per
2415 4605 2695 4659 lavacrum
2727 4594 3161 4669 regenerationis
3191 4592 3390 4646 iterum
3434 4589 3609 4645 nasci.

2023 4681 2180 4761 Unde
2240 4710 2432 4757 octava
2481 4696 2575 4751 die
2627 4706 2830 4748 nomen
2869 4688 3090 4753 quidem
3129 4683 3332 4753 accipit
3377 4681 3560 4737 infans
3591 4720 3610 4746 ,

2020 4798 2166 4854 sicut
2209 4794 2464 4851 Salvator
2490 4786 2716 4856 nurnine
2747 4761 3028 4838 salutifero
3056 4777 3222 4833 .Iesus
3245 4783 3500 4837 vocatus,
3531 4773 3609 4829 si-

2019 4897 2215 4960 gnatus
2242 4889 2477 4950 vcro,-ct
2509 4893 2668 4936 saera
2695 4873 2944 4932 oratione
2981 4877 3230 4936 accepta.
3267 4873 3455 4960 utpote
3483 4865 3614 4960 -Deo

2023 4955 2261 5044 oblatus,
2310 4977 2665 5046 signatusque
2725 4965 2904 5021 crucis
2950 4963 3131 5028 signo,
3169 4966 3329 5027 prout
3383 4955 3520 5020 dixi,
3549 4955 3610 5009 in

2024 5075 2201 5130 fronte
2221 5079 2441 5142 propter
2463 5073 2725 5126 mentem,
2742 5060 2793 5112 in
2812 5072 2906 5111 ore
2925 5061 3141 5122 propter
3154 5048 3532 5150 ,Ιοαυειιιηιμθι
3551 5047 3612 5102 in

2023 5167 2188 5224 corde
2224 5171 2444 5234 propter
2478 5156 2697 5211 vitalem
2723 5149 3043 5222 potentiam,
3070 5157 3282 5197 necnon
3322 5149 3375 5193 in
3400 5149 3610 5194 aeterno

2027 5262 2166 5316 libro
2200 5231 2295 5328 per
2346 5248 2664 5320 impositum
2710 5243 2760 5298 ei
2811 5256 3006 5294 nomen
3055 5231 3395 5301 inscriptus,
3452 5233 3611 5286 matri

2029 5351 2364 5408 restituitur.
2387 5344 2482 5398 Die
2504 5349 2684 5395 autem
2714 5331 3131 5407 quadragesima
3159 5348 3353 5389 rursus
3382 5347 3410 5385 a
3437 5337 3614 5385 matre

2029 5445 2086 5500 in
2116 5439 2377 5512 templum
2411 5439 2732 5505 apportatus
2783 5428 2932 5484 velut
2961 5426 3169 5486 donum
3209 5425 3318 5480 Deo
3362 5423 3608 5477 oll‘urtur.

2029 5537 2279 5604 Namque
2317 5525 2573 5584 sacerdos
2609 5537 2721 5594 prae
2755 5519 2965 5575 foribus
2997 5517 3182 5588 templi
3215 5515 3440 5570 adstans
3472 5512 3608 5584 (non

2030 5629 2176 5685 enim
2211 5624 2290 5679 ias
2323 5629 2409 5678 est
2452 5627 2575 5673 aute
2610 5629 2798 5686 preces
2833 5610 3062 5680 ingredi)
3128 5617 3301 5663 matre
3340 5605 3612 5675 simulque

2032 5721 2238 5777 infante
2268 5713 2499 5786 signatis
2523 5719 2580 5768 et
2606 5725 2699 5780 per
2739 5705 3017 5763 orationes
3042 5698 3420 5762 sanctiﬁcatis,
3447 5699 3614 5752 matri

2036 5811 2257 5887 quidem
2290 5805 2672 5880 purgationem
2699 5798 2920 5858 exhibet
2960 5811 2992 5851 a
3025 5789 3332 5864 voluptaria
3368 5788 3618 5847 sordida-
