4038 6418
376 333 478 399 211

1264 337 1648 401 SYMEONIS
1681 334 2432 399 THESSALONICENSIS
2465 336 2825 399 ARCHIEP.

3535 331 3647 395 222

376 467 485 521 que
524 451 885 523 conceptione
936 466 1059 523 quae
1089 459 1216 524 post
1258 465 1476 524 partum
1530 453 1767 509 absolvit
1817 451 1958 508 diem
1992 481 2002 513 Α

2078 449 2353 524 εἰσελθεῖν)
2385 452 2479 506 καλ
2508 451 2609 522 τήν
2648 452 2865 523 μητέρα
2901 451 3215 531 σφραγίσας
3243 452 3359 523 ἃμα
3398 454 3479 523 τῷ
3516 452 3644 525 βρέ-

378 546 527 601 illam
563 544 1036 616 quadragesimam
1068 546 1121 601 in
1151 561 1257 615 qua
1288 545 1470 602 infans
1501 547 1555 601 in
1592 561 1653 602 ca
1687 546 1958 615 perfectus

378 646 460 692 est
488 646 542 693 et
572 638 849 694 exsultare
892 638 1096 708 erepit;
1127 637 1290 707 eique
1331 638 1463 693 dato
1498 639 1550 692 in
1580 636 1841 707 templum
1882 636 1960 691 in-

380 743 613 797 gressu,
667 745 833 799 quum
901 731 967 785 ad
1007 732 1152 785 hanc
1206 730 1396 785 horam
1456 730 1616 799 digna
1672 743 1781 783 non
1817 736 1962 785 esset

382 833 508 889 quae
560 820 940 892 ingrederetur
971 830 1026 876 et
1067 835 1192 877 cum
1243 829 1433 877 sancto
1486 820 1959 884 communicaret,

382 911 645 966 infantem
678 912 733 967 in
768 912 1020 968 manibus
1050 912 1348 982 accipiens,
1383 911 1693 966 Simeonem
1718 910 1962 967 referens

382 1002 673 1057 Dominum
718 1018 947 1073 puerum
995 1005 1433 1074 amplectentem,
1478 1002 1610 1057 illud
1646 1003 1849 1060 (Nunc
1875 1003 1962 1059 di-

382 1092 610 1156 mittis,»
642 1091 842 1148 clamat
870 1093 1127 1149 sacerdos
1157 1094 1453 1150 obsecrans
1478 1102 1537 1148 ut
1563 1092 1745 1151 infans
1778 1109 1809 1149 a
1839 1109 1964 1164 pec-

383 1192 509 1237 cato
539 1182 754 1239 solutus
786 1183 967 1238 lumen
1006 1184 1187 1239 videat
1230 1184 1534 1250 Christum,
1573 1183 1962 1241 revelationem

382 1275 623 1343 gentium
650 1283 704 1329 et
724 1274 967 1343 ‘glmiam
1020 1276 1151 1330 novi
1174 1275 1364 1344 Israel,
1398 1284 1454 1332 et
1482 1276 1692 1347 Spiritu
1745 1290 1967 1346 regene-

380 1376 537 1421 ratus
571 1364 740 1419 Dcum
795 1365 934 1420 facie
979 1368 1044 1421 ad
1096 1365 1291 1423 faciem
1323 1369 1646 1438 conspiciat.
1678 1366 1739 1424 Si
1786 1364 1967 1423 infans

382 1457 692 1527 baptizatus
719 1466 822 1522 est,
847 1457 912 1512 ad
941 1458 1111 1513 altare
1134 1472 1256 1513 eum
1282 1457 1441 1513 affert
1470 1473 1710 1529 eumque
1728 1459 1967 1515 circum-

380 1555 579 1614 gestat,
609 1545 764 1614 quasi
807 1545 1182 1603 adorationem
1215 1546 1441 1614 faciens,
1478 1558 1797 1606 monstrans
1841 1566 1965 1606 eum

386 1652 509 1692 esse
554 1638 889 1693 oblationem
922 1638 1058 1701 Deo,
1109 1646 1165 1695 et
1192 1641 1456 1697 factorem
1493 1642 1705 1698 adorat.
1748 1642 1804 1699 Si
1840 1658 1969 1700 vero

382 1726 693 1794 baptizatus
714 1728 955 1783 nondum
988 1728 1152 1786 fuerit
1170 1730 1371 1795 infans,
1397 1742 1550 1790 stans
1573 1742 1698 1790 ante
1728 1734 1967 1791 interco-

2063 557 2177 608 φει,
2215 542 2311 596 καὶ
2342 543 2579 611 ἁγιάσας
2614 542 2809 605 αὐτοὺς
2841 541 3049 612 εὐχαῖς,
3083 543 3179 596 καὶ
3232 545 3297 614 τῇ
3338 544 3442 610 μὲν
3475 544 3647 615 μητρὶ

2059 635 2161 706 τὴν
2208 634 2318 689 άπὸ
2379 635 2481 705 τῆς
2539 634 2791 703 ὲνηδόνου
2845 635 2939 687 καὶ
2997 633 3283 705 ρυπώδους
3331 637 3642 704 γεννήσεως

2063 726 2334 798 κάθαρσιν
2384 726 2707 798 παρασχὼν,
2751 725 3175 798 πεπληρωκυίας
3247 725 3389 794 μετὰ
3433 725 3525 779 τὸν
3560 729 3647 779 τό-

2064 836 2160 873 κον
2202 820 2265 872 τδ
2313 818 2933 889 τεσσαραικονθήμερον,
2973 818 3033 870 έν
3085 810 3129 883 ᾧ
3168 818 3262 871 καὶ
3324 818 3385 871 es
3451 817 3650 887 βρέφος

2063 910 2122 964 έν
2169 909 2307 980 αὐτῇ
2356 908 2613 980 ἐτελέσθη
2665 911 2759 962 καὶ
2814 908 3041 980 σκιρτᾷν
3092 907 3336 978 ῆρξατο·
3380 906 3476 961 καὶ
3526 906 3653 971 δοὺς

2064 1001 2202 1073 αὐτῇ
2235 1000 2333 1073 τὴν
2365 1002 2422 1054 ὲν
2458 1000 2537 1071 τῷ
2566 1000 2684 1072 ναῷ
2712 1000 2940 1067 εἴσοδον,
2975 999 3138 1071 μέχρι
3188 1001 3309 1052 τότε
3359 999 3434 1069 μὴ
3481 997 3651 1067 οὔσης

2062 1093 2267 1164 ταύτης
2311 1093 2464 1161 ἀξίας
2517 1092 2613 1147 τοῦ
2666 1093 2952 1156 εἰσελθεῖν,
2993 1093 3131 1163 μηδὲ
3183 1088 3651 1160 κοινωνῆσαιτοῦ

2066 1183 2360 1255 καθαροῦ,
2389 1184 2450 1238 τὸ
2496 1185 2707 1239 παιδίον
2748 1185 2828 1249 είς
2874 1185 3065 1255 χεῖρας
3119 1182 3282 1245 αὐτὸς
3313 1181 3528 1243 λαϐὼν,
3583 1181 3652 1235 τὰ

2064 1276 2161 1332 τοῦ
2231 1275 2459 1348 Συμεὼν
2511 1275 2764 1330 ἐκτυπῶν
2813 1275 3256 1346 ἁγκαλισαμένου
3316 1274 3517 1344 βρέφος
3561 1272 3656 1326 τὸν

2064 1368 2308 1439 Κύριον,
2367 1368 2452 1436 τὸ,
2516 1386 2535 1420 ι
2594 1367 2712 1422 Νῦν
2759 1367 3041 1435 ἀπολύεις,
3086 1385 3106 1421 ι
3164 1365 3415 1436 ἀναϐοᾷ,
3451 1365 3514 1416 ὲκ
3551 1363 3653 1433 τῆς

2072 1459 2350 1530 ἁμαρτίας
2373 1459 2601 1528 λυθῆναι
2629 1460 2689 1513 τὸ
2718 1459 2918 1531 βρέφος
2943 1459 2970 1512 ὁ
2996 1459 3178 1528 ἱερεὺς
3206 1456 3523 1526 εὐχόμενος,
3557 1454 3654 1509 καὶ

2068 1552 2181 1622 φῶς
2211 1552 2338 1605 ίδεῖν
2364 1551 2453 1605 τὸν
2472 1551 2728 1621 Χριστὸν,
2756 1548 2853 1623 τὴν
2880 1549 3222 1619 ἀποκάλυψιν
3239 1546 3346 1602 τῶν
3364 1546 3535 1600 ἐθνῶν
3558 1547 3655 1598 καὶ

2065 1639 2223 1704 δόξαν
2252 1638 2350 1694 τοῦ
2377 1642 2497 1694 νέου
2539 1639 2758 1711 Ἰσραὴλ
2782 1680 2797 1704 ,
2835 1639 2946 1711 76
2967 1635 3361 1707 γεγεννημένον
3387 1637 3481 1690 καὶ
3525 1634 3661 1688 αὐτὸ

2073 1731 2378 1801 Πνεύματι,
2406 1732 2507 1785 καὶ
2539 1731 2676 1785 Θεὸν
2713 1731 2857 1802 ὀρῶν
2890 1732 3174 1801 άντικρυς.
3206 1727 3318 1783 Καὶ
3366 1729 3415 1780 εί
3473 1728 3573 1795 μὲν
3596 1724 3661 1778 eo

383 1817 590 1870 lumnia
623 1826 673 1871 et
707 1827 931 1888 propter
958 1820 1225 1876 infantem
1264 1838 1375 1893 prae
1406 1826 1565 1879 altari
1596 1825 1974 1882 adorationem

2079 1824 2280 1895 βρέφος
2312 1822 2749 1893 βεϐαπτισμένον
2784 1823 2953 1885 ἔστιν,
3004 1822 3222 1890 εἰσάγει
3256 1819 3419 1874 τοῦτο
3448 1820 3552 1873 κάν
3581 1817 3662 1887 τῷ

311 1954 319 1961 .
388 1909 617 1977 faciens,
646 1912 799 1967 illum
825 1914 985 1968 matri
1013 1916 1310 1971 restituens
1335 1916 1582 1971 dimittit.
1614 1918 1769 1974 Unde
1791 1917 1972 1974 infans

386 1999 447 2053 ﬁt
481 2000 914 2057 catcclmmenus
942 2019 957 2067 ;
1004 2011 1180 2058 mater
1209 2014 1392 2060 autem
1427 2005 1738 2061 facultatem
1767 2007 1977 2077 accepit

391 2100 576 2161 utpote
600 2092 884 2162 purificata
919 2094 971 2149 in
1017 2096 1276 2167 templum
1312 2097 1658 2168 ingrediendi
1691 2105 1746 2153 et
1776 2108 1978 2170 myste-

388 2182 488 2238 riis
515 2184 727 2251 adesse,
752 2185 971 2256 quando
1000 2190 1198 2258 poterit
1226 2196 1282 2245 et
1310 2189 1578 2256 voluerit;
1606 2204 1726 2260 quae
1752 2190 1972 2261 quidem

390 2278 467 2332 ita
506 2277 662 2335 ﬁunt.

2078 1915 2495 2015 θυσιαστηρίῳ,
2557 1916 2655 1970 καὶ
2701 1915 2887 1985 κύκλῳ
2942 1914 3075 1969 αὐτὸ
3139 1913 3417 1985 περιάγει,
3471 1912 3663 1982 ὥσπερ

2080 2009 2251 2063 ποιῶν
2279 2003 2374 2061 καὶ
2413 2006 2806 2078 προσκύνησιν,
2839 2005 3017 2075 δηλῶν
3067 2006 3143 2070 ὡς
3197 2003 3458 2074 ἀνάθημα
3502 2003 3667 2055 τοῦτο

2081 2100 2223 2172 Θεῷ,
2252 2101 2349 2155 καὶ
2380 2100 2682 2173 προσκυνεῖ
2706 2099 2786 2170 τῷ
2816 2100 3125 2169 ποιήσαντι.
3158 2096 3293 2151 Bibi
3318 2096 3487 2167 μήπω
3519 2094 3664 2164 βαπ-

2081 2192 2269 2247 τισθέν
2314 2192 2430 2245 ἐστι
2486 2190 2546 2244 τὸ
2594 2191 2829 2256 παιδίον,
2881 2191 2988 2262 πρὸ
3022 2189 3134 2245 τῶν
3168 2188 3472 2243 διαστύλων
3507 2186 3663 2248 στάς,

2083 2282 2181 2340 καὶ
2208 2284 2298 2338 διὰ
2329 2282 2426 2337 τοῦ
2464 2283 2700 2355 βρέφους
2739 2283 3118 2354 προσκύνησιν
3148 2284 3206 2337 ἐν
3244 2281 3322 2353 τῷ
3356 2280 3662 2349 θυσιαστη-

393 2373 495 2443 ρίῳ
535 2375 791 2445 ποιήσας,
822 2376 914 2430 καὶ
947 2380 1013 2449 τῇ
1080 2379 1255 2450 μητρὶ
1307 2379 1584 2450 παραδοὺς
1638 2334 1810 2444 αὐτὸ,
1866 2380 2123 2436 ἀπολύει.
2170 2334 2605 2433 Ἐντεῦθενῗρῦν
2650 2334 2712 2432 es
2779 2334 2880 2450 μὲν
2935 2334 3136 2449 βρέφος
3221 2334 3339 2429 ἐστὶ
3390 2334 3663 2445 κατηχούο

394 2482 578 2531 μενος·
614 2469 647 2538 ἠ
677 2467 735 2521 δέ
761 2485 824 2537 γε
859 2470 1040 2542 μήτηρ
1062 2470 1247 2525 ἄδειαν
1279 2470 1471 2540 εἴληφε
1518 2473 1610 2525 τόν
1644 2489 1706 2526 τε
1742 2472 1870 2527 ναὸν
1898 2472 1975 2536 ὡς
2027 2471 2427 2543 καθαρισθεῑσα
2484 2472 2753 2537 είσιέναι,
2800 2471 2897 2524 καὶ
2954 2469 3065 2524 τῶν
3117 2467 3437 2541 μυστηρίων
3509 2464 3668 2537 μετέ-

390 2574 531 2628 χειν,
565 2558 729 2612 ὁπότε
779 2560 1016 2632 ἑτοίμως
1050 2561 1165 2633 ἔχει
1214 2563 1311 2617 καὶ
1355 2563 1627 2633 βούλεται.
1662 2567 1771 2620 Καὶ
1799 2564 1971 2619 ταῦτα
2015 2565 2117 2637 μὲν
2143 2563 2338 2628 οὕτως.

983 2680 1212 2737 CAPUT
1249 2682 1385 2738 LXI.

392 2771 762 2829 Ceusideratio
793 2789 976 2829 eorum
992 2790 1109 2845 qua:
1141 2774 1195 2828 in
1238 2776 1410 2831 divino
1428 2775 1688 2845 baptismo
1719 2792 1978 2849 peragun-

1144 2858 1196 2899 lu
1205 2862 1252 2902 r.
1404 2862 1419 2869 ί
1584 2850 1599 2867 ⁸

467 2938 540 2994 At
570 2953 635 2993 ea
685 2952 810 3009 quae
851 2935 919 2992 ad
959 2937 1371 2994 sanctissimum
1402 2938 1674 3009 baptisma
1704 2937 1980 3008 pertinent

2672 2683 2923 2737 ΚΕΦΑᾹ.
2965 2680 3086 2734 ΞΝ.

2084 2778 2305 2848 Θεωρία
2338 2775 2473 2847 περὶ
2507 2774 2627 2831 τῶν
2654 2776 3039 2845 τελουμένων
3075 2773 3144 2828 ἐν
3172 2773 3251 2837 τῷ
3281 2771 3417 2838 θείῳ
3439 2770 3669 2837 ,ϐαπτίο

2773 2862 2973 2916 apart.

2157 2939 2238 2992 Τά
2269 2938 2365 2993 τοῦ
2415 2937 2692 3010 ερωτάτου
2734 2937 2791 2991 δὲ
2847 2935 3225 3006 βαπτίσματος
3270 2931 3665 3002 καταμάνθανε

390 3028 504 3096 iam
567 3027 1059 3084 edisce.‘Primum
1111 3028 1330 3099 quidem
1394 3031 1532 3085 scito
1593 3037 1807 3100 tempus
1850 3029 1985 3100 bap-

2086 3031 2188 3100 ῆδη
2216 3047 2231 3063 ·
2274 3029 2369 3084 καὶ⁸
2411 3029 2627 3100 πρῶτον
2676 3029 2773 3099 μὲν
2820 3025 2897 3091 ὡς
2952 3028 3053 3081 οὐκ
3082 3026 3199 3080 ἔστι
3239 3024 3437 3080 τούτου
3472 3023 3669 3095 καιρὸς

394 3117 544 3174 rismi
592 3131 701 3173 non
732 3132 853 3173 esse
881 3132 1059 3187 neque
1087 3118 1228 3173 diem
1274 3133 1450 3189 neque
1476 3120 1665 3175 horam
1708 3119 1977 3190 praestitu-

2086 3120 2365 3193 ἡμερῶνῆ
2401 3119 2581 3192 ὡρῶν,
2643 3122 2716 3191 μή
2772 3136 2905 3175 ποτε
2961 3118 3271 3188 ἀφώτιστον
3321 3118 3545 3172 ἀπέλθοι
3605 3117 3668 3171 τὸ

400 3220 536 3277 tam,
570 3223 642 3264 ne
680 3210 884 3278 absque
916 3210 1244 3266 sacramenti
1305 3210 1706 3268 illuminatione
1756 3212 1981 3268 decedat

2088 3179 2307 3287 βρέφος.
2352 3179 2491 3268 ῖΑύσ
2525 3179 2579 3268 εί
2628 3179 2791 3285 adeo;
2835 3179 3088 3278 θανάτου,
3138 3204 3323 3266 πάντα
3372 3210 3535 3273 εὐθὺς
3588 3211 3669 3279 τῷ

396 3298 582 3357 infans
607 3316 624 3368 ;
656 3315 842 3356 rerum
870 3300 916 3354 si
951 3315 1100 3357 mors
1129 3301 1410 3369 timeatur,
1438 3304 1622 3358 omnia
1652 3303 1834 3359 statim
1856 3311 1979 3373 post

2085 3310 2416 3380 γεννηθῆναι
2443 3307 2510 3362 τά
2534 3308 2677 3361 κατά
2709 3306 2878 3361 τύπον
2905 3306 3132 3369 γίνεται*
3160 3305 3299 3373 πλὴν
3327 3303 3463 3375 μετά
3499 3319 3671 3372 προσ-

401 3393 742 3449 nativitatem
807 3392 1109 3448 secundum
1165 3393 1396 3448 formam
1452 3395 1613 3460 fiunt,
1668 3396 1773 3451 nisi
1832 3396 1978 3467 quod

2085 3401 2238 3471 οχῆς,
2266 3399 2359 3454 καὶ
2397 3399 2588 3471 ἱερέως
2610 3396 2872 3460 εὐλιαίοῦς
2894 3412 2953 3449 τε
2992 3395 3085 3449 καὶ
3111 3397 3395 3463 νήφοντος·
3424 3394 3519 3446 καὶ
3549 3393 3667 3457 εἴγε

401 3486 555 3541 abest
585 3486 761 3541 oratio
799 3493 965 3556 atque
1024 3487 1147 3557 pius
1184 3496 1514 3558 sanctusque
1566 3490 1846 3555 sacerdos,
1884 3488 1977 3544 sed

2093 3494 2310 3547 δίδωσιν
2342 3493 2610 3562 ἀκαιρδς,
2647 3491 2742 3543 xa‘.
2778 3488 2851 3560 μὴ
2886 3487 3048 3557 φόϐος
3087 3488 3320 3541 θανάτου
3349 3527 3365 3550 ,
3404 3485 3540 3557 μετὰ
3566 3484 3670 3556 τὴν

399 3583 444 3637 si
496 3581 709 3638 dederit
758 3592 994 3652 tempus,
1046 3599 1222 3656 neque
1268 3586 1523 3639 timeatur
1556 3599 1732 3649 mors,
1793 3585 1979 3640 statim

2091 3584 2405 3654 ἱερευργῐαν
2436 3582 2617 3646 εὐθὺς,
2659 3583 2746 3635 ἵνα
2778 3582 2871 3635 καὶ
2915 3578 3195 3650 μεταλάϐῃ
3226 3578 3287 3632 τὸ
3319 3578 3517 3649 βρέφος
3558 3578 3669 3630 τῶν

404 3682 531 3742 post
569 3687 787 3729 sacrum
817 3672 1098 3729 confertur
1145 3673 1448 3749 baptismys
1492 3683 1553 3730 ut
1593 3676 1869 3747 mysteriis
1899 3676 1982 3730 in-

2096 3676 2433 3748 μυστηρίων.
2470 3676 2577 3729 Kal
2636 3676 2766 3744 περὶ
2814 3673 3008 3727 τούτου
3066 3674 3202 3742 φησὶ
3260 3670 3557 3736 Διονύσιος,
3590 3670 3670 3733 ὡς

407 3768 530 3823 fans
594 3766 984 3823 communicet.
1021 3766 1097 3821 De
1141 3782 1250 3837 quo
1285 3768 1423 3824 dixit
1478 3769 1769 3841 Dionysius
1797 3771 1981 3825 omnia

2092 3772 2271 3826 πάντα
2300 3768 2369 3822 τά
2405 3769 2683 3838 μυστήρια
2732 3758 3036 3820 τελειοῦσιν
3080 3764 3230 3834 ἡμᾶς
3283 3765 3352 3844 τῇ
3384 3762 3670 3833 κοινωνίᾳ.

406 3860 663 3928 mysteria
715 3871 817 3911 nos
849 3871 941 3926 per
973 3856 1413 3914 communionem
1451 3861 1834 3929 sanctificare;
1867 3862 1983 3915 bzec

2092 3861 2266 3916 Τοῦτο
2298 3861 2408 3931 γάρ
2458 3863 2517 3914 τδ
2569 3860 2745 3930 πέρας
2782 3859 2998 3912 πάντων
3030 3855 3197 3909 ἐστίν.
3244 3851 3482 3922 Ὀφείλει
3509 3851 3566 3905 δέ
3599 3868 3666 3919 γε

406 3947 551 4002 enim
586 3954 672 4003 est
704 3947 947 4002 omnium
984 3946 1130 4002 linis.
1167 3947 1337 4003 Debet
1377 3960 1556 4006 autem
1592 3951 1849 4007 sacerdos
1894 3967 1986 4007 sa-

2089 3955 2117 4006 ὁ
2154 3953 2333 4025 ἱερεὺς
2365 3953 2458 4005 καὶ
2487 3953 2585 4015 τὰς
2618 3952 2769 4021 ίεράς
2815 3950 2994 4011 καλῶς
3030 3947 3325 4017 μελετῆσαι
3352 3947 3445 3998 καὶ
3482 3946 3667 4011 λέγειν

406 4055 529 4113 cras
559 4054 748 4107 preces
784 4038 921 4093 bene
974 4040 1209 4094 recitare
1245 4050 1298 4095 et
1337 4041 1517 4097 dicere
1544 4051 1751 4098 attento
1777 4044 1982 4111 animo,

2092 4046 2280 4114 εὐχὰς,
2316 4044 2407 4098 καὶ
2451 4040 2590 4111 μετά
2643 4041 2957 4112 προσοχῆς,
3012 4040 3108 4092 καὶ
3147 4038 3349 4110 ἀργῶς,
3390 4038 3437 4089 εἰ
3470 4037 3544 4106 μή
3579 4053 3669 4099 τις

411 4140 464 4183 et
500 4131 663 4193 lente,
710 4130 813 4184 nisi
848 4130 1015 4185 fuerit
1044 4133 1364 4197 necessitas,
1416 4133 1488 4187 ita
1520 4141 1579 4187 ut
1610 4134 1864 4190 audiatur
1890 4150 1985 4192 eas

2094 4135 2310 4205 ἀνάγκη
2362 4132 2760 4201 ἀναγινώσκειν
2806 4132 2863 4183 έν
2919 4130 3161 4200 ἐπηκόῳ.
3200 4129 3503 4182 Ἥκουσται
3556 4127 3671 4198 γάρ

406 4221 794 4292 pronuntians.
872 4221 1009 4275 Nam
1071 4237 1102 4277 a
1178 4221 1434 4280 Patribus
1493 4225 1783 4282 didicimus
1843 4242 1986 4298 saepe

2095 4226 2227 4294 ἡμῖν
2270 4225 2420 4293 παρὰ
2482 4224 2768 4293 Πατέρων,
2798 4221 2875 4284 ὡς
2902 4223 2950 4274 οἱ
2987 4221 3093 4275 ὑπὸ
3142 4223 3444 4291 φασμάτων
3475 4220 3670 4287 δειμα-

410 4313 883 4383 pbantasmatibus
919 4311 1138 4369 territos
1169 4311 1271 4368 boc
1303 4314 1433 4382 pati,
1471 4316 1726 4385 quoniam
1764 4317 1858 4388 qui
1892 4333 1987 4374 eos

2095 4313 2356 4383 τούμενοι
2383 4312 2667 4376 πολλάκις,
2699 4311 2787 4366 διὰ
2817 4311 2978 4365 τοῦτο
3025 4312 3293 4382 πάσχουσι
3336 4310 3516 4374 τοῦτο,
3551 4311 3671 4363 δτι·-
3744 4355 3757 4365 .

411 4405 827 4473 baptizaverunt
875 4408 1190 4461 sacerdotes
1224 4405 1343 4460 sine
1401 4407 1597 4462 mentis
1647 4408 1985 4465 advertentia

2102 4423 2208 4477 περ
2248 4406 2298 4459 oi
2339 4403 2711 4483 βαπτίσαντες
2752 4406 2920 4472 ἱερεῖς
2967 4405 3026 4456 οὗ
3067 4404 3204 4474 μετὰ
3236 4405 3513 4473 προσοχῆς
3542 4407 3671 4466 τοὺς

413 4498 751 4553 exorcismos
781 4497 1039 4551 dixerunt
1067 4496 1313 4567 aliasque
1346 4512 1534 4567 preces
1565 4512 1771 4554 sacras.
1819 4499 1988 4571 Igitur

2093 4498 2477 4567 άφορκισμοὺς
2527 4494 2685 4549 εἷπον
2708 4535 2723 4562 ,
2780 4499 2878 4551 καὶ
2911 4498 3009 4559 τὰς
3042 4497 3234 4565 ἐτέρας
3290 4494 3444 4563 ἱεράς
3476 4493 3666 4562 εὐχάς.

412 4591 457 4642 si
491 4587 656 4641 fuerit
702 4586 959 4651 facultas,
1005 4600 1114 4640 non
1182 4587 1350 4643 semel
1407 4596 1616 4642 tantum
1674 4598 1887 4658 oportet
1917 4589 1987 4644 ab

2096 4591 2272 4661 Εἴπερ
2298 4586 2389 4645 οὖν
2422 4589 2573 4643 ἐστιν
2602 4590 2775 4656 άδεια,
2818 4590 2917 4657 οὐχ
2963 4588 3111 4654 suae
3153 4588 3313 4659 μόνον
3343 4588 3449 4658 χρὴ
3483 4588 3668 4653 λέγειν

413 4680 574 4735 initio
617 4679 798 4734 dicere
827 4678 1260 4733 exorcismorum
1286 4679 1453 4735 verba
1498 4694 1799 4751 precesque
1829 4680 1984 4747 alias,

2091 4684 2192 4747 τὰς
2246 4683 2341 4737 ἀπ’
2371 4684 2549 4754 ἀρχῆς
2599 4681 2709 4736 τῶν
2760 4681 3156 4751 άφυρκισμῶν,
3198 4682 3291 4734 καὶ
3344 4681 3443 4745 τὰς
3479 4681 3669 4750 ἑτέρας

411 4774 504 4829 sed
547 4767 772 4842 pluties.
826 4768 960 4826 Nam
1019 4770 1073 4825 in
1122 4772 1446 4840 eucbologio
1493 4773 1665 4827 octies
1694 4773 1772 4827 vel
1806 4771 1990 4828 decies

415 4883 511 4922 eos
547 4865 809 4921 scribitur
842 4862 1176 4928 recitandas,
1211 4864 1469 4933 quoniam
1500 4863 1720 4931 antiqua
1748 4875 1866 4918 erat
1894 4864 1991 4918 Ec-

417 4958 597 5014 clesiae
626 4943 1003 5022 consuetudo;
1032 4955 1257 5025 slngui's
1286 4956 1504 5024 quidem
1528 4955 1721 5010 diebus
1743 4970 1839 5022 per
1874 4970 1993 5023 scp—

421 5056 529 5105 tex‘n
558 5050 677 5103 dies
720 5063 748 5101 a
783 5048 1097 5102 ratecbistis
1145 5045 1523 5102 sacerdotibus
1569 5045 1857 5115 baptizatis
1888 5047 1991 5101 illae

417 5126 762 5203 dicebantur,
794 5152 1013 5191 rursum
1058 5145 1240 5191 autem
1281 5152 1308 5189 a
1349 5135 1607 5205 pontifice
1638 5136 1720 5191 vel
1751 5152 1779 5190 a
1814 5138 1990 5205 bapti-

419 5238 613 5283 zaturo
648 5225 949 5292 sacerdote,
978 5226 1165 5294 sicque
1197 5225 1614 5295 baptizabantur
1647 5239 1679 5278 a
1728 5225 1989 5295 pontiﬁce

417 5331 514 5373 aut
564 5318 862 5373 sacerdote.
894 5316 1005 5372 Nos
1031 5332 1160 5371 vero
1189 5320 1444 5372 novimus
1493 5316 1611 5386 pios
1645 5317 1991 5387 presbyteros

423 5423 505 5465 ter
537 5411 654 5465 sine
695 5412 1009 5463 intermisso
1040 5409 1161 5463 illas
1187 5408 1434 5463 dicentes
1455 5416 1507 5461 et
1537 5408 1608 5461 ita
1631 5407 1988 5478 baptizantes.

424 5500 833 5555 Divinissinmm
878 5509 1058 5555 autem
1095 5499 1361 5568 baptisma
1386 5497 1444 5551 fit
1477 5497 1542 5551 ad
1575 5499 1718 5552 hunc
1746 5499 1989 5553 modum.

428 5593 724 5647 Adducitur
757 5591 1134 5660 baptizandus,
1166 5591 1211 5646 si
1237 5589 1417 5645 infans
1447 5588 1688 5658 quidem,
1717 5604 1746 5644 a
1772 5581 1994 5646 niuliere

424 5686 618 5738 allatus
650 5692 698 5736 et
731 5690 1001 5751 praesente
1030 5696 1311 5752 sponsore,
1346 5681 1393 5736 si
1425 5697 1551 5737 vero
1572 5690 1783 5738 atatem
1811 5682 1991 5747 habet,

428 5779 606 5844 solus,
643 5776 899 5845 qucuiam
962 5777 1188 5831 libenter
1238 5784 1595 5851 oportet‘eum
1630 5776 1910 5845 accedere,
1938 5782 1991 5833 ct

2090 4778 2282 4847 slxac,
2318 4777 2454 4831 ἀλλὰ
2492 4775 2773 4838 πολλάκις.
2812 4776 2922 4829 Καὶ
2949 4776 3054 4846 γάρ
3110 4776 3166 4827 έν
3221 4776 3319 4845 μὲν
3351 4775 3427 4846 τῷ
3454 4773 3671 4844 εύχολο-
3738 4803 3748 4809 -

2094 4869 2198 4938 γίῳ
2228 4868 2457 4931 ὀκτάκις
2495 4867 2529 4937 ἢ
2573 4867 2795 4929 δεκάκις
2826 4868 3106 4937 γράφεται
3150 4866 3426 4933 λέγεσθαι,
3458 4866 3541 4918 ὅτι
3573 4865 3668 4917 καὶ

2096 4960 2356 5029 συνήθεια
2383 4954 2451 5029 ἦν
2482 4960 2689 5029 ἀρχαία
2740 4960 2836 5026 τῆς
2875 4958 3207 5029 Ἐκκλησέας
3230 4998 3243 5019 ,
3278 4957 3401 5011 καθ’
3429 4957 3667 5025 ἑκάστην

2094 5033 2195 5118 μὲν
2247 5052 2303 5103 ἒν
2357 5052 2497 5103 έπτά
2544 5050 2782 5119 ἡμέραις
2814 5050 2919 5104 ὑπὸ
2950 5037 3061 5103 τῶν
3108 5048 3435 5119 κατηχητῶν
3474 5048 3668 5116 ἱερέων

2094 5145 2206 5201 τοῖς
2259 5143 2679 5214 βαπτιζομένοις
2731 5143 2935 5204 ταύτας
2971 5141 3245 5208 ἑλέγεσοαι
3267 5181 3281 5206 ,
3316 5142 3383 5210 τῇ
3415 5139 3577 5210 ὀγδόῃ
3608 5137 3668 5189 δὲ

2095 5232 2259 5284 πάλιν
2291 5230 2395 5285 ὑπὸ
2423 5231 2516 5284 τοῦ
2546 5231 2864 5301 ἀρχιερέως,
2899 5231 2930 5299 ἢ
2965 5230 3059 5283 τοῦ
3085 5231 3367 5299 μέλλοντος
3400 5228 3668 5298 βάπτίσαι

2097 5323 2286 5390 ἱερέως
2311 5337 2326 5351 ⁸
2364 5324 2455 5375 καὶ
2499 5321 2671 5383 οὕτως
2702 5321 3058 5385 ἐϐαπτίζοντο
3092 5322 3196 5375 ὑπὸ
3242 5322 3334 5375 τοῦ
3363 5320 3668 5392 ἀρχιερέως

2091 5416 2123 5486 ἧ
2153 5414 2344 5484 ἱερέως
2362 5432 2376 5447 ·
2413 5416 2574 5481 ἡμεῖς
2599 5413 2654 5466 δὲ
2682 5413 2899 5480 εἴδομεν
2921 5413 3162 5474 εύλαίείς
3189 5414 3347 5481 ἱερεῖς
3375 5414 3491 5480 τρὶς
3520 5416 3671 5464 ἀπα-

2096 5506 2400 5576 ραλείπτως
2437 5506 2692 5571 λέγοντας
2725 5503 2947 5563 ταύτας,
2973 5504 3068 5555 καὶ
3094 5502 3235 5555 οὕτω
3288 5503 3666 5571 βαπῖί-ζοντας.

2092 5597 2165 5648 Τὸ
2187 5597 2469 5665 βάπτισμα
2486 5596 2619 5648 δὲτὸ
2639 5594 2910 5648 θειότατον
2928 5596 3132 5662 γίνεται
3150 5594 3311 5646 οὕτω
3331 5596 3667 5659 προσάγεται

2093 5692 2121 5742 ὁ
2151 5687 2358 5757 μέλλων
2396 5684 2784 5756 βαπτισθῆναι,
2831 5687 2878 5737 εί
2914 5685 3012 5753 μὲν
3038 5684 3255 5755 βρέφος,
3279 5684 3382 5736 ὑπὸ
3408 5687 3671 5751 γυναικῖις

2094 5780 2481 5850 κατεχόμενον,
2514 5777 2604 5833 καὶ
2643 5776 2735 5832 τοῦ
2772 5779 3029 5849 ἀναδόχου
3076 5777 3340 5849 παρόντος
3366 5794 3379 5809 ο
3414 5780 3459 5831 εί
3484 5776 3529 5822 δ’
3553 5776 3670 5850 ἠλι-
