4038 6434
281 333 380 398 ‘21:}

1547 337 1646 397 DE
1685 335 2247 396 SACRAMENTIS.

3441 333 3549 397 214

280 451 396 503 κίαν
431 448 566 520 ἔχει,
597 449 776 518 μόνος,
809 448 928 503 ἐπεὶ
962 453 1056 504 καὶ
1089 451 1348 513 ἑκουσίως
1377 449 1458 504 δεῐ
1479 447 1666 504 τοῦτον
1691 466 1861 520 προσ-

1986 464 2201 519 sponsor
2269 462 2394 503 cum
2462 461 2548 502 eo.
2614 445 2712 502 llic
2777 448 2918 502 enim
2955 463 3096 516 przes
3131 447 3250 518 ejtis
3308 457 3389 503 est
3421 465 3549 519 erga

281 541 553 611 ἔρχεσθαι,
601 544 694 595 καὶ
739 545 767 595 ὁ
808 543 1066 613 ἀνάδοχος
1101 543 1196 596 σὺν
1224 543 1395 612 αὐτῷ.
1429 544 1600 606 Αὐτὸς
1629 543 1736 612 γὰρ
1756 543 1852 597 a5-

281 635 366 687 τοῦ
391 635 668 704 ἐγγυητὴς
697 635 776 698 είς
814 635 1069 705 Χριστὸν,
1105 635 1244 688 ὥστε
1279 637 1466 706 τηρεῖν
1498 636 1567 688 τὰ
1613 635 1714 702 τῆς
1765 634 1855 685 πί-

285 745 467 789 στεως,
504 726 599 778 καὶ
629 727 1016 797 χριστιανικῶς
1048 727 1169 795 ζῇν,
1197 727 1292 780 καὶ
1312 727 1369 779 τὸ
1403 726 1574 796 ὄνομα
1595 725 1650 778 δὲ
1682 725 1850 797 δηλοῖ.

291 819 572 888 Ἀνάδοχος
622 820 753 889 γὰρ,
793 820 872 880 εἰς
908 819 1100 871 ἑαυτὸν
1130 816 1241 871 οἷον
1271 819 1687 889 ἀναδεχόμενος.

861 912 1110 966 ΚΕΦΛΛ.
1148 910 1266 968 EB’.

285 1023 406 1076 Ὀτι
431 1022 542 1091 χρὴ
573 1021 688 1091 τύνί
727 1021 1035 1088 ἀνάδοχον
1064 1023 1171 1076 τοῦ
1211 1022 1654 1091 βαπτιζομένου
1688 1021 1857 1091 ὀρθό-

662 1090 851 1155 δοξον
883 1093 1037 1146 εἶναι
1084 1095 1180 1146 καί
1213 1094 1468 1162 εὐσεϐῆ.

354 1185 525 1239 Ἔνθα
575 1187 638 1256 δὴ
686 1187 780 1240 καὶ
818 1187 1175 1257 προσεκτέον,
1216 1187 1514 1257 ἀναδόχους
1549 1185 1857 1246 ¹ποιεῖσθαι.

289 1279 618 1345 φιλευσεὸεῐς
682 1279 776 1333 καὶ
825 1281 1176 1345 διδασκάλους
1233 1281 1420 1352 σχεδὸν
1467 1282 1565 1350 τῆς
1600 1280 1855 1342 πίστεως.

290 1369 422 1420 ’Λλλῧ
453 1371 574 1439 ἐμοὶ
603 1370 868 1440 ἧκουσται
894 1370 1014 1423 λίαν
1037 1370 1240 1425 ἄτοπον
1267 1372 1359 1425 καὶ
1391 1369 1553 1441 βαρύ.
1589 1371 1728 1431 Τοὺς
1752 1368 1860 1438 γὰρ

292 1459 513 1520 διώκτας
563 1463 659 1514 καὶ
692 1461 955 1531 ὑϐριστὰς
993 1462 1092 1531 τῆς
1149 1464 1408 1529 πίστεως,
1438 1463 1636 1525 ἀθέους
1674 1479 1732 1515 τε
1768 1461 1862 1515 καὶ⁵

293 1553 620 1621 αἱρετικοὺς,
645 1555 725 1619 εἰς
757 1555 1028 1625 ἀναδοχὴν
1054 1555 1221 1626 (οἴμοι
1251 1559 1293 1624 ί)
1312 1556 1420 1610 τῶν
1450 1557 1655 1610 τέκνων
1683 1554 1862 1610 αὐτῶν

290 1661 428 1706 τινες
462 1644 548 1698 διά
579 1663 631 1697 τι
659 1644 1096 1714 προσκαλοῦνται
1127 1646 1476 1718 ἀνθρώπινον
1526 1645 1622 1699 καὶ
1665 1645 1726 1698 τὸ
1761 1663 1863 1714 μυ-

297 1736 514 1806 στήριον
541 1737 822 1791 ἀθετοῦσιν
857 1731 1004 1794 οὗτοι
1026 1756 1040 1770 ·
1079 1741 1175 1793 καὶ
1200 1741 1268 1792 τὰ
1299 1737 1465 1793 τέκνα
1497 1738 1556 1791 οὐ
1596 1738 1864 1806 φωτίζου-

293 1848 423 1911 law,
480 1831 615 1884 ἀλλὰ
681 1833 988 1892 σκοτίζουσι
1051 1832 1272 1903 μᾶλλον.
1329 1833 1438 1886 Καὶ
1489 1833 1516 1884 6
1569 1828 1863 1900 ὑπουργῶν

297 1924 475 1991 ἱερεὺς
535 1926 790 1988 κοινωνὸς
847 1925 1127 1979 δείκνυται
1185 1928 1299 1987 τοῖς
1345 1923 1649 1994 ἀλλοτρίοις
1704 1920 1864 1976 Θεοῦ.

298 2015 406 2066 Καὶ
438 2014 553 2079 πῶς
583 2014 647 2069 ἂν
697 2017 724 2068 ὁ
781 2016 1120 2088 βλασφημῶν
1149 2017 1227 2082 είς
1258 2016 1392 2069 Θεὸν
1433 2016 1533 2086 τὴν
1580 2014 1866 2068 εὐσέϐειαν

299 2105 558 2170 ἐκδιδάξοι
585 2124 599 2174 ;
646 2109 806 2161 Ἀλλὰ
839 2109 924 2174 τίς
959 2109 1218 2163 κοινωνία
1268 2108 1411 2180 φωτὶ
1463 2109 1599 2178 πρὸς
1631 2108 1863 2173 σκότοςς

301 2197 372 2250 Ἤ
405 2199 486 2260 τίς
530 2202 685 2269 μερὶς
717 2202 892 2270 πιστῷ
946 2201 1084 2271 μετὰ
1118 2202 1372 2263 ἀπίστου,
1404 2201 1477 2263 ὡς
1512 2200 1823 2268 γέγραπται
1850 2213 1865 2264 ;

303 2291 364 2343 '0
406 2291 472 2342 τὰ
508 2291 748 2352 ,τοιαῦτα
786 2294 956 2346 ποιῶν
1011 2294 1374 2363 κατάκριτος·
1427 2294 1522 2347 καὶ
1581 2295 1608 2346 6
1657 2291 1728 2345 τὰ
1759 2290 1869 2344 τῶν

295 2380 509 2433 ἀσεϐῶν
558 2381 846 2452 δεχόμενος
912 2383 1113 2454 βρέφη,
1165 2386 1214 2436 εί
1275 2386 1348 2454 μὴ
1391 2383 1655 2453 πρότερον
1703 2382 1870 2436 καθο-

299 2472 672 2542 μολογήσωσιν
696 2475 838 2528 οὗτοι
859 2476 1012 2543 ἅγιον
1031 2473 1284 2529 εἶναικαὶ
1311 2477 1453 2528 θεῖον
1469 2477 1528 2528 τὸ
1559 2474 1865 2546 βάπτισμα,

298 2569 389 2618 καὶ
428 2567 701 2638 ἁμαρτίας
744 2569 1112 2640 καθαρτικὸν,
1157 2570 1263 2639 77
1305 2569 1398 2622 καὶ
1442 2567 1755 2635 ἁναγεννῶν
1811 2569 1869 2620 ὲν

296 2658 540 2728 Χριστῷ,
571 2660 1014 2729 καὶΧριστιανὸν
1061 2657 1203 2714 εἶναι
1240 2662 1331 2714 τόν
1374 2660 1533 2713 τοῦτο
1579 2661 1871 2731 δεχόμενον

296 2751 368 2819 (εἰ
400 2751 508 2820 γὰρ
543 2751 736 2814 τοῦτο,
793 2753 820 2804 ὁ
858 2753 957 2820 μὲν
1010 2753 1091 2806 ὅτι
1145 2752 1336 2807 πιστὸν
1391 2751 1546 2806 ἔσται
1575 2752 1634 2805 τὸ
1670 2752 1872 2824 βρέφος

293 2849 622 2919 ὁμολογήσει
649 2891 662 2915 ,
697 2850 856 2913 αὐτὸς
889 2851 944 2904 δὲ
980 2851 1084 2903 ὑπὸ
1136 2851 1304 2920 φόεου
1351 2851 1495 2912 τινὸς
1527 2836 1874 2921 ὑποκρόπτε-

296 2939 437 3010 ται),
469 2940 633 2994 καλὸν
664 2940 917 3010 δέχεσθαι
973 2945 1070 2996 καὶ
1123 2941 1372 3010 ἁγιάζειν
1398 2943 1460 2994 τὸ
1508 2941 1731 3014 βρέφτς,
1771 2942 1876 3012 μή-

300 3050 432 3085 ποτε
483 3030 580 3086 καὶ
623 3033 863 3104 ληφθείη
911 3034 1055 3086 οῦτω
1108 3029 1260 3104 παρὰ
1303 3033 1460 3088 Θεοῦ.
1499 3034 1750 3088 Ἵσταται
1783 3033 1874 3087 οῦν

304 3127 404 3180 σὺν
426 3127 503 3197 τῷ
536 3128 782 3196 ἀναδόχῳ
811 3127 838 3177 6
881 3125 1303 3196 βαπτιζόμενος,
1337 3125 1575 3190 δεικνὺς,
1612 3127 1695 3179 ὅτι
1721 3128 1874 3178 ἑκου-

302 3222 436 3282 σίως
475 3217 773 3288 προσῆλθε,
819 3218 916 3270 καὶ
961 3218 1054 3270 τὸν
1107 3215 1455 3286 ὲγγυώμενον
1485 3217 1618 3289 ἔχει.
1641 3218 1750 3270 Καὶ
1783 3216 1877 3271 τοῦ

303 3314 494 3384 ἱερέως
523 3312 944 3381 εὐλογήσαντος,
991 3310 1338 3380 εὐχαριστεῖν
1377 3310 1457 3362 δεῖ
1487 3308 1546 3374 ἐξ
1579 3309 1756 3380 ἀρχῆς
1787 3308 1882 3362 καὶ⁸

302 3407 539 3458 πάντοτε
569 3402 644 3472 τῷ
684 3402 802 3472 Θεῷ
837 3403 929 3454 ἐπὶ
979 3405 1046 3472 τῇ
1100 3400 1192 3454 τοῦ
1230 3401 1574 3462 ἀπολωλότος
1610 3401 1878 3470 σωτηρίᾳ,

301 3498 465 3559 εὐθὺς
492 3495 688 3566 γυμνῷ
731 3494 845 3548 δντι
875 3492 970 3547 καὶ
1008 3492 1444 3564 ἀπερικαλύπτῳ
1485 3493 1626 3562 μετὰ
1658 3493 1885 3562 περιϐο-

300 3589 454 3642 λαίου
507 3589 690 3657 μόνου,
732 3587 956 3657 ὲμφυσᾷ
985 3585 1062 3656 τῷ
1085 3586 1482 3656 κατηχουμένῳ
1522 3587 1884 3656 σταυροειδῶς

302 3682 489 3751 τρίτον
512 3682 540 3733 ὁ
574 3679 775 3749 ἱερεύς.
812 3678 923 3732 Καὶ
960 3676 1049 3730 διὰ
1089 3678 1189 3747 μὲν
1219 3675 1312 3730 τοῦ
1357 3678 1754 3747 ὲμφυσήματος
1789 3677 1885 3747 τὴν

303 3775 365 3825 ὲν
395 3771 472 3842 τῷ
516 3770 687 3840 Ἀδὰμ
717 3769 941 3840 πρώτην
979 3769 1195 3837 ἐκείνην
1255 3765 1555 3836 ἔμπνευσιν
1598 3765 1885 3830 ἀναζωπυ-

307 3867 415 3935 ρεῖ,
457 3865 599 3928 ἐπεὶ,
630 3863 775 3914 (καὶ
810 3862 1141 3930 ἐνεφύσησεν
1172 3859 1251 3922 είς
1282 3859 1341 3912 τὸ
1368 3857 1666 3930 πρόσωπον
1699 3858 1887 3925 αὑτοῦ,

311 3960 470 4028 φησὶ.
502 3956 672 4025 πνοὴν
723 3954 888 4024 ζωῆς.
940 3971 958 4004 ι
1001 3952 1104 4006 Καὶ
1156 3954 1183 4006 ὁ
1223 3952 1404 4022 ἱερεὺς
1448 3952 1502 4004 δὲ
1535 3952 1770 4023 Χριστὸν
1799 3952 1888 4006 τὸν

309 4057 446 4111 Θεὸν
473 4056 655 4108 τυποῖ.
707 4052 873 4106 Ὅθεν
923 4049 1020 4103 καὶ⁸
1077 4049 1240 4102 καλὸν
1273 4050 1412 4118 μετὰ
1457 4049 1556 4120 τὴν
1604 4049 1890 4103 κοινωνίαν

310 4148 551 4220 Χριστοῦ
584 4144 869 4217 βαπτίζειν
920 4160 979 4196 τε
1028 4143 1123 4195 καὶ
1161 4142 1445 4210 ἐμπνέειν.
1481 4142 1678 4211 Τρίτον
1699 4143 1763 4195 »δὲ
1795 4143 1893 4212 ἐμ-

312 4242 463 4310 φυσᾷ
489 4238 578 4293 διὰ
622 4237 719 4307 τὴν
749 4234 973 4306 Τριάδσ,
1011 4235 1095 4286 ὄτι
1138 4232 1293 4303 κοινὴ
1325 4233 1424 4301 τῆς
1459 4233 1696 4301 Τριάδος
1742 4231 1891 4285 ἐστὶν

313 4332 347 4398 ἡ
398 4329 557 4400 χάρις
609 4325 772 4395 καὶὴ
823 4324 1098 4392 ἐνέργεια.
1153 4323 1524 4393 Σταυροειδῶς
1576 4322 1632 4375 δὲ
1681 4323 1770 4376 διὰ
1803 4323 1894 4377 τὸν

317 4420 670 4489 σαρκωθέντα
727 4416 866 4487 ὑπὲρ
901 4415 1081 4486 ἡμῶν,
1139 4417 1233 4468 καὶ
1282 4415 1525 4468 παθόντα
1580 4414 1746 4487 σαρκὶ
1796 4415 1896 4486 τῆς

1961 541 2266 604 Christum,
2302 539 2376 594 ita
2415 550 2473 593 ut
2501 539 2656 594 ﬁdem
2706 549 2889 594 servet
2920 549 2973 594 et
3002 541 3319 595 Christiane
3369 541 3555 607 vivat;

1963 633 2108 703 quod
2146 633 2324 702 ipsum
2359 646 2557 688 nomen
2614 632 2875 697 ostendit,
2901 647 3131 701 sponsor
3153 633 3297 686 enim
3330 643 3558 688 vocatur

1964 723 2224 794 quoniam
2257 723 2442 794 aliquo
2477 722 2640 779 modo
2681 723 2796 792 ipse
2828 738 2926 792 pro
2951 739 3016 778 eo
3045 726 3299 793 spondet.

2541 901 2768 960 CAPUT
2803 901 2956 958 LX“.

1967 1016 2333 1088 Susceptorem
2375 1019 2678 1090 baptizandi
2699 1030 2836 1075 recte
2865 1021 2929 1073 de
2975 1021 3079 1086 ﬁde
3129 1021 3433 1076 sentientem
3506 1032 3556 1077 et

2493 1093 2636 1159 pium
2669 1095 2780 1146 esise
2836 1091 3039 1146 debere.

2037 1181 2191 1239 Unde
2233 1182 2622 1238 attendendum
2682 1195 2765 1239 est
2811 1198 3107 1254 sponsores
3156 1183 3276 1238 .ﬁeri
3341 1184 3559 1253 pictatis

1966 1277 2172 1332 amicos
2203 1284 2257 1332 et
2289 1275 2458 1332 simul
2496 1275 2618 1330 ﬁdei
2669 1275 2940 1331 doctores.
2979 1276 3047 1330 At
3085 1291 3186 1347 ego
3215 1276 3394 1331 audivi
3449 1290 3564 1330 rem

1962 1366 2127 1423 nimis
2153 1368 2415 1422 absonam
2461 1366 2800 1435 nimiumque
2831 1381 3047 1436 gravem
3076 1383 3089 1420 :
3131 1381 3253 1420 nam
3299 1380 3564 1436 persecu-

1965 1469 2111 1515 tores
2139 1468 2192 1513 et
2222 1457 2622 1514 conviciatores
2653 1458 2801 1520 ﬁdei,
2839 1458 3028 1523 atheos
3060 1457 3224 1512 etiam
3252 1472 3316 1512 ac
3344 1458 3564 1512 haereti-

1965 1567 2060 1608 cos
2084 1553 2149 1606 ad
2175 1551 2580 1621 spondendum,
2600 1551 2740 1605 heu!
2771 1565 2870 1620 pro
2890 1552 3004 1605 suis
3025 1551 3210 1620 pueris
3233 1549 3562 1619 cujusquam

1967 1644 2194 1700 humani
2223 1643 2497 1699 commodi
2527 1642 2700 1715 gratia
2728 1643 2947 1714 quidam
2977 1643 3285 1698 advocant!
3312 1643 3377 1697 lli
3409 1658 3558 1713 mys-

1969 1736 2170 1790 terium
2206 1746 2615 1803 aspernantur,
2659 1734 2798 1790 ﬁlios
2855 1750 2964 1789 non
3028 1737 3144 1789 luce
3205 1734 3566 1804 perfundunt,

1967 1828 2061 1884 sed
2109 1828 2282 1897 magis
2320 1826 2559 1882 tenebris
2599 1827 2906 1890 involvunt,
2935 1834 2990 1882 et
3022 1821 3346 1882 ministrans
3382 1842 3564 1881 sacer-

1967 1919 2066 1974 dos
2097 1919 2338 1976 inimicis
2377 1919 2471 1974 Dei
2506 1934 2567 1974 se
2617 1918 3030 1974 communicare
3085 1918 3446 1973 demonstrat.
3503 1916 3574 1971 Et

1969 2010 2248 2084 quomodo
2298 2010 3117 2082 blasphemanSpietatcmerga
3157 2009 3327 2064 Deum
3375 2009 3574 2064 edoce-

1969 2105 2088 2160 hit?
2119 2102 2221 2158 Sed
2253 2119 2374 2174 quae
2401 2104 2636 2160 societas
2665 2102 2810 2158 lucis
2845 2104 2910 2157 ad
2949 2101 3207 2156 tenebras
3235 2103 3260 2156 ?
3311 2103 3392 2156 vel
3452 2117 3576 2171 qua:

1971 2213 2100 2268 pars
2134 2196 2274 2251 ﬁdeli
2301 2211 2423 2253 cum
2463 2195 2688 2262 inﬁdeli,
2728 2203 2894 2265 prout
2922 2195 3190 2265 scriptum
3240 2195 3368 2249 est?
3397 2193 3574 2250 Male-

1971 2292 2153 2347 dictus
2181 2291 2276 2360 qui
2310 2290 2436 2345 talia
2470 2291 2601 2360 agit,
2635 2304 2850 2344 necnon
2883 2290 2975 2355 qui
3004 2288 3301 2359 impiorum
3339 2289 3578 2344 infantes

1971 2383 2221 2452 suscipit,
2252 2382 2356 2436 nisi
2389 2383 2543 2453 prius
2589 2382 2679 2436 isti
2729 2382 3099 2436 conﬁteantur
3143 2390 3390 2435 sanctum
3439 2382 3580 2435 divi-

1973 2490 2214 2544 numque
2241 2476 2368 2530 esse
2423 2473 2781 2543 baptismum,
2819 2488 2847 2527 a
2907 2472 3148 2544 peccatis
3209 2458 3466 2542 purgare,
3524 2472 3578 2527 in

1973 2567 2190 2624 Christo
2209 2581 2545 2635 regenerare,
2567 2576 2620 2620 et
2635 2563 3009 2620 Christianum
3027 2579 3148 2618 esse
3167 2579 3292 2618 eum
3320 2563 3412 2632 qni
3438 2564 3585 2617 hunc

1975 2661 2188 2730 accepit
2228 2661 2377 2731 (nam
2405 2659 2450 2716 si
2489 2659 2564 2714 ita
2593 2667 2695 2726 est,
2730 2674 2852 2715 cum
2892 2659 3034 2712 alius
3065 2659 3284 2727 quidem
3319 2659 3584 2713 conﬁtea-

1976 2763 2065 2808 tur
2110 2752 2372 2808 infantem
2434 2766 2558 2808 esse
2605 2751 3016 2813 ﬁdelem,'alius
3064 2765 3193 2806 vero
3225 2767 3292 2806 ex
3339 2750 3578 2820 quodam

1975 2855 2122 2902 metu
2150 2845 2479 2910 dissimulet,
2519 2846 2722 2900 bonum
2755 2853 2839 2899 est
2880 2841 3149 2897 infantem
3207 2842 3489 2912 suscipere
3523 2850 3584 2896 et

1979 2937 2350 3003 sanctiﬁcare,
2386 2953 2456 2994 ne
2487 2938 2564 2993 sic
2588 2955 2616 2993 a
2651 2939 2757 2994 Deo
2781 2934 3270 3009 deprehendatur).
3297 2933 3418 2988 Stat
3448 2949 3582 3004 ergo

1977 3047 2104 3087 cum
2144 3047 2410 3102 sponsore
2441 3031 2769 3100 baptizatus,
2805 3032 3110 3088 ostendens
3143 3046 3202 3087 se
3225 3031 3458 3084 libenter
3494 3043 3587 3083 ac-

1905 3161 1948 3217 c
1980 3126 2193 3191 cedere,
2224 3135 2277 3180 et
2303 3125 2538 3197 praedem
2575 3127 2760 3180 habet.
2800 3125 3097 3196 Postquam
3127 3122 3469 3180 hcnedixerit
3496 3137 3586 3176 sa-

1984 3219 2201 3284 cerdos,
2233 3226 2448 3288 oportet
2472 3219 2713 3275 ahinitio
2730 3234 3050 3290 semperque
3069 3219 3272 3291 gratias
3297 3217 3404 3272 Deo
3425 3230 3590 3288 agere

1983 3314 2050 3368 de
2069 3313 2244 3368 salute
2264 3312 2384 3384 ejus
2407 3311 2499 3382 qui
2526 3314 2755 3382 perierat
2782 3330 2797 3381 ;
2818 3313 2999 3367 statim
3031 3312 3086 3366 in
3130 3309 3588 3367 catechumenum

1986 3403 2196 3460 nudum
2225 3412 2279 3459 et
2317 3407 2560 3462 restibus
2591 3416 2819 3462 exutum
2864 3406 3093 3473 soloque
3131 3403 3400 3458 velamine
3428 3400 3589 3456 indu-

1989 3508 2100 3554 tum
2135 3499 2187 3553 in
2223 3500 2446 3554 modum
2501 3501 2684 3555 crucis
2719 3509 2798 3554 ter
2829 3497 3082 3554 exsutﬁat
3131 3495 3392 3551 sacerdos
3417 3532 3432 3547 .
3484 3493 3591 3547 Per

1988 3593 2134 3647 hunc
2168 3593 2384 3662 quidem
2420 3591 2665 3646 inﬂatum
2703 3592 2937 3662 primam
2971 3591 3117 3644 illam
3171 3589 3225 3642 in
3276 3587 3448 3641 Adam
3510 3585 3594 3638 in-

1988 3686 2339 3755 spirationem
2371 3685 2684 3746 exsuscitat.
2717 3685 2784 3739 de
2808 3699 2914 3754 qua
2940 3683 3142 3738 dictum
3192 3689 3276 3736 est
3307 3697 3319 3732 :
3353 3676 3449 3730 «Et
3503 3677 3592 3730 in-

1990 3780 2221 3850 spiravit
2275 3779 2324 3832 iu
2362 3779 2556 3834 faciem
2581 3779 2700 3849 ejus
2721 3777 3055 3846 spiraculum
3089 3776 3250 3842 vitre;
3282 3793 3300 3826 ι
3331 3772 3594 3828 sacerdos

1990 3886 2122 3927 vero
2152 3870 2433 3926 Christum
2462 3871 2630 3924 Deum
2671 3869 2888 3939 ﬁgurat,
2914 3868 3040 3922 ideo
3087 3867 3290 3921 bonum
3339 3873 3422 3921 cst
3469 3872 3594 3933 post

1991 3961 2546 4022 communicationem
2594 3960 2798 4016 Christi
2843 3958 3124 4030 baptizare
3174 3966 3228 4012 et
3285 3953 3590 4010 insufllare.

1994 4055 2101 4112 Ter
2132 4066 2312 4111 autem
2364 4055 2598 4125 inspirat
2646 4060 2871 4123 preptcr
2923 4051 3274 4114 Trinitatem,
3325 4048 3590 4118 quoniam

1995 4148 2306 4207 communis
2337 4157 2422 4202 est
2450 4146 2702 4202 Trinitati
2750 4155 2922 4217 gratia
2955 4154 3009 4201 et
3064 4142 3354 4213 operatio;
3396 4155 3588 4196 verum

1996 4242 2050 4296 in
2079 4241 2259 4297 crucis
2296 4240 2528 4294 lormam
2567 4237 2751 4293 suﬂlat
2787 4245 3009 4308 propter
3057 4251 3226 4290 unum
3259 4249 3288 4288 e
3321 4232 3596 4288 Trinitate

1997 4334 2274 4391 Christum
2329 4348 2427 4402 pro
2458 4332 2614 4388 nobis
2662 4330 3007 4390 cruciﬁxum.
3041 4342 3318 4397 caraeque
3373 4341 3594 4396 passum

1999 4426 2091 4497 qui
2129 4441 2228 4496 per
2263 4441 2482 4482 crucem
2509 4423 2798 4479 victoriam
2831 4421 3039 4477 retulit.
3072 4421 3442 4488 Quamobrem
3467 4432 3598 4472 cru-

317 4513 550 4585 Τριόιδος
585 4512 682 4565 ἕνα
729 4511 985 4579 Χριστὸν,
1041 4509 1138 4563 καὶ
1191 4508 1268 4578 τῷ
1330 4507 1549 4578 σταυρῷ
1597 4509 1698 4577 τὴν
1739 4508 1880 4578 νίκηι

2003 4517 2085 4572 cis
2108 4518 2324 4584 signum
2357 4515 2687 4571 sacriﬁcium
2722 4514 2844 4584 ejus
2879 4514 3084 4568 indicat
3121 4511 3599 4578 humilitatemque

319 4607 682 4675 στησάμενον.
724 4602 815 4656 Διδ
845 4604 943 4655 καὶ
989 4603 1016 4656 6
1049 4601 1343 4668 σταυρικὸς
1372 4602 1543 4662 τύπος
1573 4600 1671 4671 τὴν
1702 4600 1894 4654 θυσίαν

317 4696 484 4752 αὑτοῦ
510 4697 680 4768 δηλοῖ,
715 4695 1041 4749 ταπείνωσίν
1070 4711 1130 4747 τε
1177 4695 1271 4747 καὶ
1303 4695 1485 4763 νίκην,
1517 4694 1598 4747 ὅτι
1630 4693 1700 4747 δι’
1729 4693 1895 4747 αὐτοῦ

316 4795 415 4854 τὰς
437 4791 627 4854 ὀδύνας
659 4790 816 4842 ἔλυσε
839 4788 933 4843 τοῦ
967 4789 1224 4854 θανάτου,
1258 4789 1352 4841 καὶ
1374 4787 1696 4858 κατήργησε
1726 4787 1816 4840 τὶν
1839 4786 1899 4840 τὸ

320 4884 518 4953 κράτος
545 4883 736 4953 ἔχοντα
753 4881 847 4934 τοῦ
873 4881 1105 4935 θανάτου
1137 4881 1404 4947 διάϐολον,
1430 4881 1522 4934 καὶ
1544 4882 1641 4943 τὰς
1662 4880 1902 4933 ἀντικει-

325 4976 493 5046 μένας
517 4975 882 5045 ὲθριάμὸευσε
919 4975 1292 5044 πονηροτάτας
1327 4974 1608 5044 δυνάμεις.
1653 4973 1744 5026 Ἐν
1770 4967 1812 5040 ᾧ
1835 4973 1900 5044 δὴ

322 5068 544 5138 σταυρῷ
578 5069 672 5120 καὶ
696 5067 858 5136 ἡμεῖς
897 5069 1138 5137 νικῶμεν
1166 5069 1223 5119 ἐν
1255 5065 1482 5136 Χριστῷ
1507 5067 1599 5118 τὸν
1632 5065 1901 5134 διάϐολον,

321 5161 416 5212 καὶ
469 5161 596 5222 τοὺς
657 5142 922 5226 δαίμονας
972 5157 1376 5228 ἐκτρεπόμεθα.
1442 5157 1548 5210 Καὶ
1607 5162 1832 5228 σημεῖον
1876 5161 1904 5212 ό

330 5246 561 5314 σταυρὸς
593 5245 688 5298 τοῦ
721 5247 972 5316 Σωτῆρος
1006 5250 1099 5300 καὶ
1131 5248 1371 5317 σφραγίς
1403 5264 1460 5299 τε
1491 5249 1586 5302 καὶ
1617 5250 1901 5319 τρόπαιον.

324 5340 454 5408 Τρὶς
476 5334 571 5392 οὖν
601 5339 930 5409 ὲμφυσήσας
971 5340 1048 5410 τῷ
1077 5340 1475 5411 κατηχουμένῳ
1505 5340 1534 5392 ὁ
1573 5341 1773 5411 ἱερεὺς,
1811 5341 1905 5394 καὶ

325 5431 445 5500 τρὶς
482 5432 792 5502 σφραγίσας
838 5432 1002 5485 πάλιν
1043 5435 1109 5504 τῇ
1158 5437 1304 5502 χειρὶ
1344 5433 1422 5504 τῷ
1481 5434 1692 5504 σημείῳ
1730 5433 1906 5504 τούτῳ

326 5525 404 5593 τῷ
445 5523 725 5592 σταυρικῷ
776 5524 864 5576 διὰ
905 5525 987 5591 τὸ,
1030 5542 1050 5576 ι
1091 5525 1156 5577 Δί
1186 5526 1364 5596 χεῖρές
1405 5543 1500 5578 σου
1537 5527 1804 5596 ἐποίησάν
1839 5544 1907 5596 με

332 5616 426 5668 καὶ
462 5613 708 5667 ἔπλασαν
743 5631 834 5683 με,
870 5633 890 5666 ν
921 5616 1019 5669 καὶ
1043 5616 1100 5668 ὲν
1125 5616 1205 5686 τῷ
1233 5617 1474 5687 μετώπῳ
1501 5635 1584 5684 τε,
1607 5618 1682 5681 ὡς
1719 5635 1908 5687 προει-

337 5707 554 5775 ρήκειν,
598 5704 686 5759 διὰ
738 5705 797 5759 τὸ
834 5708 1105 5778 νοητικὸν,
1137 5709 1231 5762 καὶ
1271 5710 1328 5762 ὲν
1359 5709 1438 5777 τῷ
1470 5709 1698 5779 στόματι
1730 5710 1820 5763 διὰ
1850 5709 1909 5763 τὸ

332 5798 568 5869 λιιγικὶν,
606 5800 697 5853 καί
733 5799 787 5853 ὲν
834 5803 897 5872 τῇ
946 5801 1143 5874 καρδίᾳ
1185 5803 1271 5857 διὰ
1320 5803 1377 5857 τὺ
1417 5802 1688 5873 ζωτικὶν,
1740 5802 1907 5858 ἐπιτί-

2001 4621 2054 4666 et
2082 4610 2389 4672 victoriam,
2416 4610 2674 4679 quoniam
2730 4611 2783 4661 in
2816 4622 2888 4662 eo
2924 4607 3142 4660 dolores
3181 4604 3375 4658 mortis
3411 4602 3596 4665 solvit,

1999 4709 2052 4761 et
2071 4704 2339 4761 destruxit
2363 4718 2487 4758 eum
2508 4703 2598 4772 qui
2628 4701 2858 4755 habebat
2883 4700 3077 4755 mertis
3095 4699 3410 4770 imperium,
3436 4713 3592 4752 nemv

2003 4810 2069 4866 pe
2125 4795 2424 4858 diabolum,
2461 4802 2514 4847 et
2537 4791 2882 4847 adversaries
2919 4790 3277 4858 triumphavit
3318 4788 3596 4858 nequissi-

2003 4901 2122 4942 ruas
2139 4883 2528 4956 potestates.ln
2548 4898 2710 4938 cruce
2746 4883 2910 4936 etiam
2931 4896 3030 4936 nos
3066 4895 3286 4948 quoque
3324 4880 3599 4934 vincimus

2005 4979 2058 5034 in
2077 4978 2296 5034 Christo
2315 4976 2588 5032 diabolum
2605 4984 2659 5028 et
2675 4974 2952 5029 daemones
2977 4972 3266 5042 fugamus;
3291 4965 3342 5024 e't
3359 4987 3493 5024 crux
3513 4983 3600 5026 est

2007 5072 2310 5128 Salvatoris
2331 5070 2687 5140 sigillumque
2709 5081 2773 5120 ac
2802 5073 3084 5134 tropaeum.
3111 5063 3281 5132 Igitur
3308 5073 3598 5133 postquam

2007 5164 2263 5222 sacerdos
2299 5172 2382 5216 ter
2402 5161 2456 5214 in
2488 5159 2944 5215 catechumenum
2977 5154 3295 5221 insulllavit,
3318 5156 3604 5210 emndem-

2007 5272 2114 5327 que
2146 5265 2226 5313 ter
2255 5255 2450 5306 itermn
2484 5253 2537 5304 in
2577 5265 2739 5304 manu
2763 5248 2868 5302 hoc
2899 5247 3080 5302 crucis
3103 5247 3262 5318 signo
3291 5246 3606 5314 obsignavit

2007 5357 2231 5418 propter
2257 5344 2422 5399 illud:
2457 5360 2476 5393 ι
2523 5340 2718 5395 Manus
2752 5350 2854 5417 nia:
2891 5337 3136 5393 fecerunt
3167 5353 3254 5392 me
3287 5346 3340 5392 ct
3373 5338 3608 5404 plasma-

2007 5451 2204 5495 verunt
2241 5453 2344 5492 me.
2377 5456 2396 5487 ι
2435 5437 2656 5491 Necnon
2691 5435 2742 5490 in
2787 5434 2986 5498 fronte,
3020 5433 3167 5487 sicut
3227 5447 3392 5498 supra
3454 5429 3608 5484 dixe-

2008 5545 2150 5594 ram,
2178 5536 2399 5598 propter
2432 5535 2690 5590 mentem,
2721 5534 2776 5579 et
2812 5524 2864 5578 in
2892 5539 2989 5578 ore
3027 5531 3250 5592 propter
3275 5519 3604 5574 locutionem

2013 5631 2177 5692 atque
2212 5623 2262 5674 in
2301 5620 2464 5674 rorde
2509 5626 2733 5688 propter
2765 5617 2985 5671 vitalem
3027 5614 3346 5684 potentiam,
3373 5611 3607 5678 imponit

2002 5713 2060 5769 ei
2095 5726 2312 5767 nsanum
2339 5717 2526 5779 utpote
2553 5719 2932 5764 consecratam
2965 5717 3018 5762 et
3053 5708 3104 5759 in
3154 5703 3356 5773 Spiritu
3377 5717 3606 5771 operan-

2017 5815 2145 5872 tem,
2199 5816 2494 5874 precesque
2552 5815 2738 5858 saetas
2793 5800 3124 5871 pronuntiat.
3162 5799 3227 5852 At
3284 5796 3605 5867 priusquam
