4038 6436
316 333 421 399 2:7

1584 327 1685 388 DE
1719 326 2279 402 SACBAMENTIS.

3477 325 3582 392 218

310 450 408 500 καὶ
427 436 609 512 ’μηδὲν
639 441 742 512 κρύ
756 458 883 510 πτῃ,
907 441 1004 494 καὶ
1031 440 1087 492 ὲν
1116 436 1263 508 αύτῷ
1293 437 1381 509 ζῇ,
1414 439 1508 492 καὶ
1555 438 1772 507 κινῆται
1799 439 1893 493 καὶ

2004 448 2118 495 ratur
2134 449 2558 497 etconsecretur
2586 441 2772 496 divino
2793 442 3139 512 baptismate,
3168 440 3461 496 chrismate
3496 458 3582 496 sa-

316 539 476 607 μὲνῃ.
506 533 659 588 Μετὰ
706 531 866 586 τοῦτο
919 530 1138 598 εὐλογεῖ
1188 529 1281 583 τὸν
1331 530 1462 582 Θεὸν
1515 530 1543 582 ό
1575 529 1892 599 ἀρχιερεὺς,

310 629 392 684 ὅτι
425 628 573 692 ἄξιον
621 625 786 680 αὐτὸν
839 623 1082 692 εὐλογεῖν
1144 623 1235 675 ἐπὶ
1283 622 1350 692 τῇ
1398 621 1491 675 τοῦ
1549 621 1892 685 ἀπολωλότος

313 719 552 790 εὑρέσει,
585 721 683 772 καὶ
733 720 800 788 τῇ
854 715 1172 788 ἀνθρωπίνῃ
1232 715 1498 787 σωτηρίᾳ.
1535 711 1670 770 Elea.
1707 716 1893 786 χειρὸς

315 813 568 876 ὲτιίθεσις
589 811 679 864 διὰ
723 811 822 880 τὴν
863 808 1290 879 μεταδιδομένην
1323 808 1485 878 χάριν
1511 807 1607 860 καὶ
1639 806 1737 880 τὴν
1761 807 1893 862 ἀνά-

317 908 535 962 πλασιν.
575 905 644 959 Ἥ
679 905 868 974 πρώτη
896 903 952 956 δὲ
986 902 1119 974 εὐχὴ
1151 904 1209 955 ὲν
1249 902 1474 973 ὀνόματι
1507 903 1606 970 τῆς
1633 901 1889 971 Τριάδος.

316 1001 461 1069 Αύτῇ
499 1000 609 1068 γὰρ
639 996 1003 1066 παρατίθεται
1026 994 1102 1066 τῷ
1138 995 1284 1066 μόνῳ
1315 994 1456 1064 Θεῷ,
1486 993 1582 1047 καὶ
1607 993 1676 1046 δι’
1716 993 1887 1062 αὐτῆς

317 1093 627 1162 ἁγιάζεται.
690 1090 804 1144 Καὶ
859 1089 1222 1159 ἀνεξάρνητον
1255 1088 1437 1160 μένειν
1489 1087 1550 1140 τὺ
1586 1087 1758 1156 ὄνομα
1792 1087 1895 1156 τῆς

315 1185 544 1254 Τριάδος
577 1184 636 1236 ἐν
675 1182 754 1252 τῷ
807 1180 1194 1252 βαπτιζομένῳ
1247 1181 1281 1250 ἠ
1339 1179 1475 1250 εὐχὴ
1506 1179 1768 1243 δυσωπεῖ,
1799 1177 1893 1232 καὶ

315 1271 672 1342 τελειωθῆναι
705 1270 892 1324 τοῦτον
924 1270 1000 1340 τῷ
1022 1270 1152 1340 θείῳ
1181 1269 1520 1340 βαπτίσματί
1545 1287 1605 1325 τε
1632 1270 1728 1323 καὶ
1759 1268 1895 1339 Χρι-

322 1379 526 1431 σμστι,
577 1362 671 1416 καὶ
729 1365 794 1431 τῇ
851 1361 976 1431 ἱερᾷ
1023 1363 1319 1430 Κοινωνίᾳ.
1361 1360 1426 1413 Ἢ
1472 1360 1529 1416 δέ
1565 1378 1632 1428 γε
1663 1361 1894 1430 δευτέρα

319 1454 451 1522 εὐχὴ
482 1453 822 1522 ἀφορκισμός
855 1455 1022 1516 ἐστιν,
1045 1451 1387 1506 ἀποσοϐοῦσα
1405 1452 1494 1503 καὶ
1511 1450 1780 1505 διώκουσα
1799 1452 1891 1506 τὸν

318 1544 582 1609 διάϐολον,
615 1546 710 1598 καὶ
743 1546 924 1598 πᾶσαν
971 1542 1254 1613 ἐνέργειαν
1306 1545 1471 1598 αὐτοῦ
1501 1545 1614 1606 τοῖς
1645 1546 1894 1614 φρικτοῖς

318 1639 416 1690 καὶ
449 1637 610 1700 θείοις
643 1637 872 1708 ὀνόμασί
918 1656 978 1692 τε
1018 1638 1112 1692 καὶ
1161 1642 1504 1711 μυστηρίοις.
1539 1641 1647 1693 Καὶ
1669 1638 1764 1691 τοῦ
1791 1638 1890 1691 ἀν-

321 1728 538 1794 θρώπου
579 1728 767 1783 διώκει
796 1731 1007 1797 τοῦτον,
1062 1731 1158 1785 καὶ
1211 1731 1337 1794 τοὺς
1392 1731 1556 1784 αὑτοῦ
1603 1730 1888 1799 δαίμονας.

321 1822 433 1874 Καὶ
461 1823 684 1891 φεύγειν
734 1825 798 1878 ἐκ
853 1825 1047 1881 τούτου
1081 1825 1475 1895 παραγγέλλει,
1510 1825 1606 1879 καὶ
1641 1827 1716 1895 μὴ
1758 1815 1892 1897 ἐπη-

322 1915 539 1986 ρεάζειν
580 1917 751 1988 αύτῷ.
799 1917 1034 1987 Ὁμοίως
1085 1918 1142 1972 δὲ
1181 1919 1276 1973 καὶ
1306 1921 1339 1988 ἡ
1366 1919 1524 1989 τρίτῃ
1554 1919 1892 1988 ἀφορκισςώς

320 2002 455 2058 οὖσα
487 2007 582 2060 καὶ
613 2008 772 2079 αὑτὴ,
805 2009 928 2071 τοὺς
960 2008 1221 2078 δαίμονας
1271 2009 1402 2079 θείῳ
1450 2009 1674 2078 ὀνόματι
1706 2009 1896 2064 ἐκδιώ-

321 2113 430 2150 κει.
469 2099 533 2151 Ἦ
569 2099 622 2151 δέ
669 2116 730 2166 γε
763 2100 1000 2170 τετάρτη
1048 2099 1215 2154 πάλιν
1274 2100 1408 2170 εὐχῆ
1457 2099 1595 2170 πρὸς
1628 2101 1718 2153 τὸν
1759 2101 1893 2156 Θεόν

323 2189 472 2240 ἐστιν
528 2190 934 2260 ἀναφερομένη,
978 2191 1070 2244 τὸν
1102 2191 1340 2262 πονηρὸν
1378 2192 1658 2255 παντελῶς
1702 2192 1894 2247 ὲκδιῶ·

321 2281 411 2346 ξαι
447 2281 540 2335 τοῦ
584 2281 904 2354 πλάσματος
961 2284 1058 2336 τοῦ
1115 2283 1262 2336 θείου
1292 2283 1671 2355 ἐξαιτουμένη,
1711 2288 1806 2339 καὶ
1837 2288 1894 2340 ὲν

322 2375 389 2441 τῇ
451 2375 634 2426 πίστει
665 2374 936 2443 στηρίξαι.
969 2373 1134 2428 Ὅθεν
1167 2375 1330 2438 εὐθὺς
1363 2377 1460 2428 καὶ
1502 2376 1601 2445 τὴν
1631 2376 1894 2447 πέμπτην

321 2468 558 2519 ποιεῖται
594 2468 782 2536 εὐχὴν,
817 2467 1250 2538 ἀναγκαιοτέραν
1295 2463 1484 2534 οὖσαν,
1507 2469 1599 2522 καὶ
1634 2468 1703 2521 δι’
1724 2469 1896 2537 αὐτῆς

318 2559 600 2629 ἀνατίθησι
636 2559 724 2612 τὸν
753 2557 1151 2628 βαπτιζόμενον
1183 2559 1261 2630 τῷ
1291 2559 1431 2630 Θεῷ.
1475 2553 1620 2634 Ἐνῇ
1660 2561 1755 2614 καὶ
1787 2562 1894 2615 πάι

317 2653 404 2705 λιν
436 2652 567 2723 εὐχῇ
617 2654 839 2725 ἐμφυτᾷ
869 2651 1020 2722 αὐτῷ
1059 2652 1121 2706 τὸ
1167 2653 1423 2723 δεύτερον
1448 2669 1462 2684 ο
1499 2654 1640 2723 ὅπερ
1683 2654 1801 2707 ἐστὶ
1835 2653 1898 2708 τὸ

320 2744 670 2814 βεϐαιότερον
703 2745 885 2815 ἔργον,
911 2747 1009 2817 τῆς
1023 2745 1411 2812 ,ἀναζωώσεώς
1443 2763 1504 2800 τε
1534 2746 1630 2799 καὶ
1664 2745 1898 2800 ἀνακαι-

322 2839 516 2902 νίσεως
556 2840 621 2894 ἐκ
654 2839 846 2895 τούτου
890 2841 1246 2912 δηλουμένου.
1292 2840 1405 2894 Καὶ
1455 2838 1748 2911 σφραγίζει
1777 2841 1897 2910 τρὶς

324 2927 486 2995 αὖθις
513 2931 656 2986 κατά
686 2950 746 2986 τε
776 2933 836 2986 τὸ
871 2933 1148 3004 μέτωπον,
1189 2935 1285 2988 καὶ
1318 2933 1380 2988 τὸ
1416 2933 1614 3002 στόμα,
1645 2934 1742 2988 καὶ
1768 2934 1899 3003 στῆ-

324 3019 439 3086 θος,
478 3021 565 3076 διὰ
593 3023 683 3076 τὸν
709 3024 836 3078 νοῦν
863 3043 925 3079 τε
955 3026 1053 3080 καὶ
1084 3025 1242 3092 λόγον
1265 3025 1434 3080 αὐτοῦ
1465 3026 1560 3080 καὶ
1593 3025 1694 3095 τὴν
1727 3025 1896 3095 ζωήν·

2009 548 2211 601 eraque
2236 535 2643 589 communione.
2663 533 2919 590 Secunda
2953 543 3132 590 autem
3170 535 3345 590 oratio
3401 545 3455 590 et
3484 551 3581 590 ex-

2004 626 2277 682 orcismus
2315 627 2641 696 propulsans
2671 636 2725 682 et
2757 627 2983 696 cjiciens
3009 628 3288 683 diabolum
3333 641 3582 683 omnem-

2004 731 2110 788 que
2143 716 2261 787 ejus
2293 724 2621 788 potestatem
2673 717 3018 773 terribilibus
3055 717 3367 787 divinisque
3399 717 3580 771 nomi—

2003 811 2162 866 nibus
2197 825 2262 866 ac
2300 811 2612 881 mysteriis;
2642 811 2794 866 illum
2818 811 3044 882 ejusque
3071 811 3346 866 daemones
3380 811 3448 865 ah
3480 810 3578 864 ho-

2002 906 2150 960 mine
2213 905 2453 975 expellit,
2511 921 2542 961 a
2579 921 2686 975 quo
2726 904 2914 975 fugere
2937 905 3187 975 praecipit
3213 904 3578 974 prohibetque

2000 1013 2070 1053 ne
2101 998 2150 1054 ei
2180 998 2233 1054 in
2262 1007 2540 1068 posterum
2565 999 2851 1055 insultent.
2880 997 3150 1054 Similiter
3174 1007 3227 1052 et
3258 995 3438 1061 tertia,
3457 1010 3580 1064 quae

2002 1107 2170 1162 quum
2229 1093 2346 1162 ipsa
2387 1107 2608 1161 quoque
2634 1092 2708 1148 sit
2759 1091 3100 1148 exorcismus
3134 1087 3324 1143 divino
3358 1088 3581 1141 nomine

2001 1184 2276 1239 daemones
2331 1184 2594 1256 proﬂigat.
2645 1184 2852 1250 Quarta
2910 1192 3090 1238 autem
3141 1197 3337 1237 rursus
3401 1180 3580 1235 oratio

2003 1277 2114 1332 Deo
2137 1285 2502 1346 nuncupatur,
2534 1279 2830 1347 deprecans
2885 1284 2946 1331 ut
2995 1276 3292 1345 malignum
3353 1287 3580 1342 prorsus

2001 1369 2238 1437 expellat
2286 1385 2317 1423 a
2349 1370 2532 1424 divino
2579 1371 2868 1439 plasmate.
2902 1369 3158 1438 istuthue
3195 1368 3248 1421 in
3289 1367 3394 1423 fide
3434 1380 3573 1419 con-

2004 1462 2200 1516 firmet.
2257 1461 2385 1516 ideo
2438 1462 2621 1516 statim
2657 1462 2903 1529 quintam
2939 1460 3068 1514 facit
3111 1459 3414 1513 orationem
3469 1471 3577 1526 qua

2004 1555 2186 1610 acrius
2239 1553 2429 1620 instat,
2463 1560 2518 1608 et
2575 1568 2671 1622 per
2721 1569 2842 1607 eam
2881 1553 3218 1621 baptizatum
3253 1549 3411 1604 offert
3442 1549 3576 1611 Deo,

2001 1643 2059 1698 lu
2085 1660 2189 1715 qua
2220 1645 2471 1700 oratione
2501 1645 2699 1699 iterum
2724 1643 2778 1698 in
2807 1645 2953 1698 hunc
2981 1643 3246 1707 insufflat,
3270 1656 3381 1710 quo
3413 1654 3580 1694 mon-

2004 1745 2215 1792 stratur
2247 1737 2456 1792 firmior
2482 1738 2606 1792 vitae
2637 1751 2790 1791 novre
2819 1745 2872 1790 et
2911 1733 3335 1790 instaurationis
3387 1743 3578 1799 opera.

2000 1830 2106 1885 Ter
2126 1846 2345 1885 rursum
2375 1831 2548 1901 signat
2576 1830 2630 1885 in
2665 1828 2867 1891 fronte,
2894 1829 2948 1882 in
2980 1842 3076 1882 ore
3106 1834 3161 1880 et
3184 1825 3238 1879 in
3267 1823 3429 1878 corde
3449 1837 3579 1892 pro-

1998 1930 2120 1992 pter
2174 1932 2411 1978 mentem
2443 1924 2674 1993 ejusque
2733 1921 3069 1994 locutionem
3121 1926 3176 1972 et
3229 1915 3577 1978 vitalitatem,

1999 2023 2052 2067 et
2075 2013 2332 2082 quoniam
2361 2028 2540 2075 mens,
2571 2012 2800 2067 verbum
2847 2020 2902 2066 et
2934 2009 3173 2078 Spiritus
3231 2017 3313 2061 est
3337 2004 3582 2059 Trinitas

2001 2104 2143 2159 Deus
2169 2113 2376 2170 uoster,
2404 2119 2527 2174 qua:
2553 2103 2702 2157 illum
2732 2116 2869 2157 nova
2903 2101 3109 2156 animat
3136 2099 3267 2158 vita,
3293 2112 3414 2166 quae
3451 2095 3578 2150 red-

1997 2195 2078 2251 dit
2113 2195 2161 2250 ei
2193 2210 2352 2251 suam
2386 2195 2680 2266 imaginem
2709 2208 2872 2264 quam
2934 2191 3290 2263 perdiderat:
3327 2208 3345 2239 ι
3377 2187 3475 2241 Exi
3508 2185 3580 2243 ab

1997 2308 2084 2360 eo,
2116 2291 2310 2360 inquit,
2338 2289 2518 2344 omnis
2553 2301 2788 2357 nequam
2811 2294 2866 2342 et
2898 2284 3180 2340 immunde
3211 2282 3462 2351 Spiritus,
3483 2277 3580 2348 qui

2000 2385 2052 2438 in
2084 2383 2202 2452 ejus
2231 2384 2393 2437 corde
2427 2380 2733 2436 occultatus
2765 2379 2922 2434 lates.
2952 2395 2970 2430 ι
3009 2377 3142 2430 Nam
3167 2379 3584 2430 commorantur

1999 2475 2266 2532 dmmonia
2302 2475 2355 2529 in
2387 2471 2590 2528 animis
2629 2487 2818 2528 eorum
2862 2470 2955 2540 qui
2987 2467 3245 2538 baptizati
3273 2480 3382 2520 non
3424 2471 3580 2529 sunt,
3651 2537 3669 2550 ο

1999 2579 2058 2624 ιιι
2093 2583 2191 2624 eos
2217 2575 2466 2623 avertant
2495 2581 2525 2621 a
2561 2575 2711 2622 recta
2775 2566 2858 2620 via
2917 2573 2972 2620 et
3005 2573 3064 2618 ut
3095 2561 3382 2631 inquinent
3435 2568 3585 2612 sata-

1998 2661 2200 2731 gentia,
2234 2661 2377 2730 quod
2402 2659 2720 2730 possuntab
2747 2657 2836 2712 illa
2868 2653 3332 2724 transgressione.
3369 2650 3494 2703 ideo
3524 2649 3581 2702 in

1998 2752 2260 2809 caulibus
2292 2751 2591 2808 infidelium
2621 2761 2678 2807 et
2721 2765 2909 2806 eorum
2947 2749 3042 2819 qui
3092 2746 3287 2802 initiati
3330 2761 3438 2799 non
3465 2743 3582 2798 fue-

1964 2864 1968 2867 ·
2000 2856 2129 2902 runt
2163 2844 2451 2900 manifeste
2481 2845 2786 2900 immanent
2812 2887 2827 2910 ,
2867 2842 3067 2912 illaque
3100 2839 3387 2909 inquinant
3423 2844 3478 2892 et
3508 2832 3576 2888 ad

1999 2956 2162 3012 opera
2191 2939 2304 2995 Deo
2336 2939 2524 2994 odiosa
2557 2943 2928 2993 commonent.
2960 2935 3158 2989 Verum
3200 2931 3255 2985 in
3313 2930 3419 2983 fine
3455 2942 3581 2980 ora-

2003 3035 2168 3090 tionis
2218 3033 2508 3103 abnegatio
2545 3041 2600 3088 et
2634 3039 2856 3100 pactum
2911 3029 2971 3083 fit
3027 3029 3094 3082 ad
3132 3026 3281 3080 hunc
3333 3019 3581 3076 modum.

321 3115 420 3168 καὶ
449 3116 528 3168 ὅτι
556 3114 680 3181 νοῦς
726 3119 818 3170 καὶ
842 3117 998 3184 λόγος
1031 3117 1127 3171 καὶ
1164 3117 1388 3189 Πνεῦμα
1427 3121 1461 3188 ἠ
1499 3118 1671 3188 Τριας
1703 3121 1732 3172 ό
1765 3118 1899 3182 Θεὸς

2004 3124 2176 3180 Vertit
2201 3124 2528 3194 baptizatum
2559 3125 2800 3194 pontifex
2829 3121 2895 3178 ad
2918 3119 3253 3176 occidentem
3279 3127 3389 3184 quo
3412 3111 3585 3180 signi-

325 3208 509 3278 ήμῶν,
567 3209 598 3278 ἠ
653 3208 845 3263 τοῦτον
897 3209 1221 3275 ἁναζωοῦσα
1253 3251 1267 3274 ,
1327 3211 1422 3264 καὶ
1472 3211 1683 3266 τὸκατ’
1714 3211 1902 3266 εἰκόνα

321 3303 566 3366 διδοῦσα,
610 3304 746 3374 ὅπερ
776 3303 1048 3358 ἀπώλεσε.
1087 3323 1106 3357 ι
1150 3306 1260 3358 Καὶ
1295 3305 1553 3372 ἐξέλασον
1587 3305 1683 3359 ἀπ’
1709 3304 1901 3370 αὐτοῦ,

325 3397 480 3464 φησὶ,
512 3399 623 3450 πᾶν
649 3395 888 3467 πονηρὸν
919 3397 1016 3451 καὶ
1048 3396 1363 3467 ἀκάθαρτον
1392 3397 1632 3468 πνεῦμα,
1655 3415 1904 3469 κεκρυμ-

327 3493 486 3561 μένον
528 3497 620 3549 καὶ
657 3488 973 3562 ἐμφωλεῦον
1001 3492 1168 3546 αὐτοῦ
1195 3495 1260 3561 τῇ
1287 3491 1508 3564 καρδίᾳ.
1555 3510 1574 3543 ι
1631 3490 1899 3562 Ἐμφιλο-

325 3589 564 3662 χωροῦσι
597 3589 705 3658 γὰρ
736 3590 804 3642 τὰ
832 3588 1085 3656 δαιμόνια
1117 3587 1237 3647 ταῖς
1281 3585 1390 3639 τῶν
1423 3585 1771 3639 ἀϐαπτίστων
1803 3585 1905 3653 ψυ-

323 3685 468 3752 χαῖς,
500 3681 821 3751 ἀποπλανᾷν
851 3680 946 3734 καὶ
973 3677 1209 3749 μιαίνειν
1243 3676 1566 3747 βουλόμενα.
1608 3677 1716 3730 Καὶ
1743 3676 1902 3731 τοῦτο

328 3774 604 3844 ίσχύουσιν
656 3773 764 3827 ἀπὸ
805 3771 906 3839 τῆς
935 3769 1328 3842 ’παραϐάσεως
1363 3769 1603 3841 ἐκείνης.
1639 3770 1740 3824 Διὸ
1780 3771 1903 3834 ταῖς

324 3868 579 3941 καρδίαις
624 3865 734 3918 τῶν
788 3864 1054 3934 ἀμυήτων
1105 3878 1166 3916 τε
1205 3863 1299 3916 καὶ
1329 3862 1578 3916 ἀπίστων
1623 3862 1902 3916 ἐνοικοῦσι

327 3963 632 4034 προδήλως,
679 3956 776 4013 καὶ
827 3955 1035 4018 ταύτας
1087 3954 1366 4027 μιαίνουσί
1401 3971 1462 4009 τε
1511 3954 1607 4008 καὶ
1648 3955 1788 4024 πρὸς
1832 3955 1906 4009 τὰ,

327 4058 553 4129 θεομισῆ
587 4050 955 4122 συγκινοῦσιν.
997 4047 1087 4103 Ἐν
1116 4049 1197 4120 τῷ
1244 4048 1393 4102 τέλει
1421 4047 1480 4102 δὲ
1533 4048 1632 4119 τῆς
1665 4048 1833 4120 εὐχῆς
1867 4049 1900 4119 ἠ

327 4151 578 4222 ἀποταγὴ
629 4150 723 4206 καὶ
759 4146 1000 4217 συνταγὴ
1047 4143 1192 4200 οὕτω
1241 4144 1476 4212 γίνεται.
1531 4140 1761 4212 Στρέφει
1810 4140 1903 4195 τδν

329 4242 726 4316 βαπτιζόμενον
772 4240 800 4292 ό
835 4237 1133 4308 ἀρχιερεὺς
1195 4234 1273 4299 ὡς
1329 4234 1468 4304 πρὸς
1521 4232 1758 4302 δυσμὰς,
1806 4233 1902 4287 τοῦ

331 4320 554 4397 σκότους
587 4334 652 4387 ὲκ
688 4333 880 4385 τούτου
912 4326 1246 4399 δη).ουμιίνου
1269 4365 1284 4392 ,
1319 4325 1378 4378 ὲν
1491 4327 1640 4378 ἐστιν
1669 4325 1697 4378 ὁ
1725 4325 1908 4379 διάϐο-

328 4427 438 4490 λος.
470 4426 654 4495 Αίρειν
684 4439 745 4476 τε
776 4421 872 4484 τὰς
899 4422 1091 4492 χεῑρας
1139 4417 1302 4471 αὐτὸν
1350 4415 1466 4470 ἄνω
1513 4415 1763 4481 κελεύει,
1797 4417 1906 4470 δει-

329 4519 649 4588 κνυομὲνου,
679 4516 761 4569 ὅτι
791 4515 894 4568 οὐκ
924 4512 1037 4582 ἔχει
1067 4529 1120 4565 τι
1151 4513 1180 4564 ὁ
1225 4509 1624 4580 βαπτιζόμενος
1657 4527 1904 4578 κεκρυμ-
1937 4498 1980 4552 1)

332 4612 496 4683 μένον
519 4610 576 4665 ὲν
602 4606 780 4674 ἐαυτῷ
809 4605 917 4659 τῶν
939 4603 1036 4657 τοῦ
1065 4602 1324 4673 πονηροῦ·
1358 4605 1454 4656 καὶ
1483 4602 1564 4656 ὅτι
1589 4601 1681 4654 τὸν
1708 4601 1906 4654 ἐσταυο

333 4704 577 4774 ρωμένον
613 4700 754 4770 ὑπὲρ
792 4699 824 4768 ἡ
836 4697 952 4766 μῶν
986 4695 1214 4766 ἄρχεται
1262 4693 1638 4764 ὲκμιμεῖσθαι.
1672 4693 1782 4746 Καὶ
1818 4692 1908 4746 λέ-

332 4814 451 4865 γειν
475 4791 911 4861 παρακελεύεται
942 4789 1094 4859 παρὰ
1118 4787 1210 4841 τοῦ
1235 4787 1560 4856 ἀρχιερέως,
1587 4805 1604 4836 ι
1644 4784 1908 4838 Ἀποτάσ-

338 4904 500 4955 σομαι
527 4884 601 4955 τῷ
626 4882 858 4952 Σατανᾷ,
895 4880 994 4937 καὶ
1025 4879 1160 4932 πᾶσι
1184 4879 1295 4939 τοῖς
1329 4876 1511 4946 ἔργοις
1537 4875 1728 4940 αὐτοῦ,
1767 4893 1785 4928 ι
1814 4876 1908 4930 καὶ

330 4980 401 5033 τὰ
443 4976 664 5047 ἐφεξῆς.
697 4976 808 5029 Καὶ
836 4976 864 5028 ό
899 4970 1298 5043 βαπτιζόμενος
1337 4968 1436 5039 τὴν
1482 4969 1768 5039 ἀποταγὴν
1811 4965 1906 5022 τοῦ

333 5067 568 5139 πονηροῦ
608 5068 842 5119 ποιεῖται
869 5105 884 5131 ,
919 5061 1147 5116 καὶτῶν
1177 5061 1344 5115 αὐτοῦ
1370 5059 1469 5129 τὴν
1499 5059 1715 5112 τελείαν
1750 5059 1908 5129 ἐξάρ-

333 5181 506 5234 νησιν.
537 5159 643 5213 Καὶ
667 5156 825 5213 τοῦτό
847 5173 980 5227 φηςι
997 5157 1137 5224 τρὶς,
1165 5155 1245 5217 είς
1265 5153 1557 5224 βεϐαίωσιν
1585 5155 1907 5224 τῆςὰποτα-

333 5258 435 5325 γῆς
450 5253 544 5307 τοῦ
569 5251 784 5324 ἐχθροῦ·
813 5250 908 5303 καὶ
925 5251 1003 5302 ὅτι
1021 5248 1210 5316 φεύγει
1228 5246 1507 5317 όλοῷύχως
1529 5248 1621 5300 τὸν
1647 5246 1906 5315 πονηρόν*

335 5349 411 5402 ἔτι
437 5348 492 5400 δὲ
515 5347 609 5398 καὶ
629 5346 707 5406 είς
725 5343 890 5412 τιμὴν
905 5343 1003 5412 τῆς
1028 5341 1188 5407 ἁγίας
1209 5340 1459 5411 Τριάδος,
1479 5341 1600 5409 ἥτις
1626 5340 1800 5392 πάντα
1826 5339 1910 5408 βε-

336 5443 477 5494 ϐαιοῖ
509 5456 568 5491 τε
753 5437 844 5489 καὶ
884 5435 1098 5489 τελειοῖ.
1135 5434 1445 5502 Ἐρωτήσας
1479 5432 1534 5485 δὲ
1565 5433 1726 5484 πάλιν
1754 5433 1906 5502 τρὶς,

343 5555 361 5588 ι
383 5535 663 5600 ’Δπετάξω
696 5532 774 5600 τῷ
796 5532 1010 5602 Σατανᾷ
1027 5547 1040 5598 ;
1070 5549 1088 5582 ι
1121 5531 1214 5584 καὶ
1241 5528 1335 5581 τοῦ
1356 5526 1755 5597 βαπτιζομένου
1786 5544 1909 5578 συν-

338 5630 564 5698 θεμένου
587 5626 730 5693 τρὶς,
759 5625 854 5678 καὶ
884 5624 1151 5685 εἰπόντος,
1174 5640 1192 5672 ι
1234 5618 1644 5688 Ἀπεταξάμην,
1675 5638 1693 5671 ι
1726 5618 1910 5672 τουτέ-

336 5738 444 5772 στιν
467 5719 796 5790 ἠρνησάμην
814 5733 870 5768 τε
904 5717 996 5770 καὶ
1019 5712 1374 5781 ἀπεϐαλόμην
1404 5711 1492 5764 τὸν
1526 5727 1659 5780 πονη
1671 5712 1782 5780 ρδιν,
1803 5728 1878 5778 φα

337 5814 492 5885 usin
517 5813 624 5884 γὰρ
645 5811 736 5864 καὶ
756 5809 978 5882 βεϐαίαν
1005 5805 1142 5862 εἷνα.
1162 5807 1243 5861 δεῖ
1267 5805 1357 5860 τοῦ
1379 5803 1550 5859 κακοῦ
1583 5805 1678 5874 τὴν
1707 5803 1910 5857 ἀποτα-

2007 3217 2241 3272 fieantur
2301 3218 2546 3272 tenebras
2604 3217 2658 3270 in
2692 3215 2894 3284 quibus
2925 3220 3012 3268 est
3069 3209 3340 3266 diabolus.
3387 3205 3585 3259 Manus

2005 3324 2223 3365 rursum
2258 3309 2468 3377 erigere
2491 3307 2792 3378 eumjubet
2819 3304 3116 3362 ostendens
3147 3300 3406 3372 quoniam
3445 3297 3588 3364 hap-

2005 3403 2205 3458 tizatus
2237 3403 2374 3458 nihil
2406 3402 2572 3457 habet
2598 3401 2799 3457 diaboli
2835 3401 2889 3455 in
2924 3398 3222 3466 semetipso
3271 3392 3583 3452 conditum,

2006 3502 2059 3549 et
2086 3497 2341 3559 quoniam
2372 3493 2694 3548 crucifixum
2711 3506 2810 3562 pro
2837 3488 3216 3545 nobisimitari
3244 3485 3454 3553 incipit.
3477 3483 3586 3536 De-

2008 3587 2132 3642 inde
2163 3587 2345 3642 dicere
2370 3587 2687 3657 praecipitur
2741 3601 2772 3639 a
2826 3584 3122 3654 pontiﬁce:
3187 3599 3205 3633 ι
3243 3575 3586 3633 Abi-enuntio

2005 3678 2225 3734 Satanae
2253 3690 2307 3733 et
2337 3678 2596 3732 omnibus
2631 3678 2892 3745 operibus
2927 3675 3047 3744 ejus
3075 3692 3095 3726 ι
3127 3683 3182 3728 et
3233 3680 3466 3731 caetera;
3533 3675 3588 3720 et

2006 3772 2315 3842 baptizatus
2345 3770 2477 3826 facit
2505 3770 2730 3842 maligni
2755 3769 3123 3838 ejurationem
3179 3773 3235 3820 et
3279 3761 3583 3834 perfectam

2006 3865 2250 3936 ejusdem
2281 3863 2708 3934 renegationem.
2744 3860 2901 3928 Quod
2931 3868 3014 3915 ter
3042 3859 3179 3914 dicit
3208 3858 3264 3912 iu
3289 3856 3588 3912 coniirniao

2005 3960 2208 4024 tionem
2263 3956 2682 4013 renuntiationis
2710 3953 2944 4019 inimici,
2969 3960 3022 4007 et
3047 3950 3310 4021 quoniam
3367 3963 3434 4003 ex
3473 3956 3588 4002 tota

2006 4053 2186 4108 anima
2205 4051 2522 4122 malignitas
2553 4049 2712 4120 fugit,
2732 4049 2817 4105 vel
2852 4048 3018 4103 etiam
3050 4045 3104 4101 in
3141 4043 3356 4100 laudem
3384 4048 3592 4097 sanctae

2005 4144 2294 4202 Trinitatis
2325 4159 2447 4215 quae
2474 4143 2660 4200 omnia
2693 4142 2874 4198 firmat
2899 4151 2953 4195 et
2981 4138 3211 4210 perlicit.
3239 4134 3442 4190 Deinde
3469 4147 3591 4187 rur-

2007 4257 2128 4298 sum
2160 4249 2243 4296 ter
2278 4239 2591 4296 sciscitatus
2627 4249 2643 4290 :
2683 4253 2703 4288 ι
2729 4232 3167 4292 Abrenuntiasne
3210 4226 3459 4284 Satanae?
3490 4243 3507 4276 ι
3539 4233 3592 4280 et

2008 4333 2280 4404 baptizato
2300 4340 2383 4387 ter
2400 4343 2628 4386 assenso
2642 4327 2898 4383 etlocuto
2922 4343 2938 4380 :
2962 4319 3482 4382 «Abrenuntiamus,
3499 4336 3516 4368 ι
3541 4316 3592 4370 id

2009 4437 2126 4481 est:
2157 4424 2506 4493 Abuegauius
2547 4429 2602 4476 et
2650 4419 2934 4489 rejicimus
2966 4415 3295 4482 malignum.
3322 4426 3446 4466 nam
3476 4423 3596 4463 ma-

2012 4517 2263 4573 nifestam
2286 4516 2651 4584 stabilemque
2675 4526 2798 4570 esse
2820 4518 3038 4581 oportet
3062 4506 3188 4562 mali
3205 4503 3591 4576 ejurationem,

2011 4611 2252 4681 pontifex
2283 4627 2298 4664 :
2345 4627 2362 4660 ι
2392 4607 2449 4663 In
2483 4623 2606 4662 eum
2638 4605 2814 4671 suilla,
2846 4623 2864 4658 ι
2902 4603 3100 4672 inquit,
3128 4600 3180 4656 id
3210 4609 3293 4654 est
3333 4613 3396 4653 ex
3429 4595 3595 4650 corde

2011 4718 2162 4766 erue,
2200 4716 2231 4756 a
2266 4699 2432 4756 corde
2460 4698 2639 4767 abjice
2663 4706 2718 4752 et
2751 4697 3036 4752 inimicum
3065 4689 3370 4755 ignominia
3403 4687 3588 4752 ailice;

2010 4793 2156 4863 quod
2183 4803 2263 4848 ter
2288 4792 2415 4846 facit
2451 4799 2508 4844 ιιι
2539 4791 2692 4844 firma
2744 4789 2816 4845 sit
2851 4788 3072 4858 maligni
3128 4780 3467 4840 renuntiatio
3492 4819 3508 4843 ,
3538 4788 3593 4834 ct

2011 4884 2067 4938 in
2103 4884 2331 4955 gloriam
2365 4883 2528 4940 unius
2566 4881 2619 4935 in
2655 4879 2927 4934 Triuitate
2987 4878 3078 4932 Dei
3120 4873 3297 4930 nostri
3350 4875 3442 4942 qui
3475 4886 3589 4925 ma-

2012 4980 2218 5048 lignum
2246 4976 2521 5046 propellit.
2559 4972 2756 5029 Postea
2779 4972 2928 5026 illttm
2964 4972 3030 5024 ad
3063 4971 3334 5024 orientem
3360 4983 3591 5022 convcr-

2011 5069 2094 5134 tit,
2118 5085 2239 5122 nam
2279 5067 2346 5122 ad
2372 5067 2548 5122 lucem
2579 5063 2801 5121 adducit
2823 5081 2886 5118 ex
2915 5064 3174 5124 tenebris,
3207 5077 3273 5116 ex
3300 5061 3588 5116 mendacio

2012 5161 2078 5214 ad
2110 5161 2420 5214 veritatem.
2449 5157 2516 5212 Et
2569 5158 2703 5212 dicit
2747 5156 2988 5227 pontifex
3016 5172 3030 5208 :
3066 5173 3085 5207 ι
3131 5155 3226 5210 Dic
3249 5196 3264 5222 ,
3322 5154 3388 5209 Et
3420 5153 3596 5208 fateor

2013 5250 2320 5311 Christum,
2349 5257 2404 5303 et
2453 5249 2616 5304 credo
2652 5248 2706 5302 in
2743 5263 2913 5302 unum
2945 5249 3113 5302 Deum
3150 5247 3360 5303 Patrem
3421 5246 3600 5301 omni-

2012 5351 2303 5412 potentem,
2333 5349 2386 5394 et
2411 5349 2638 5405 caetera;
2669 5347 2884 5408 oportet
2905 5341 3047 5394 enim
3070 5355 3194 5395 eum
3217 5341 3391 5394 'ucem
3427 5349 3507 5394 ter
3539 5351 3596 5392 ut

2013 5430 2092 5484 sol
2124 5429 2502 5498 splendentem
2562 5429 2837 5492 confiteri,
2888 5439 2948 5484 ut
2984 5431 3146 5484 corde
3195 5431 3420 5497 accipiat
3475 5430 3604 5500 ejus

2017 5519 2502 5574 illuminationem.
2532 5519 2702 5588 Igitur
2727 5519 3127 5576 confessionem
3164 5520 3308 5574 sacri
3345 5518 3605 5590 Symboli-

2015 5623 2183 5670 totum
2209 5614 2354 5668 clare
2379 5627 2476 5667 ore
2505 5615 2842 5682 pronuntiat.
2871 5612 3027 5678 Quod
3062 5622 3142 5666 tcr
3169 5627 3386 5683 quoque
3436 5611 3595 5674 facit,

2015 5708 2380 5762 corroborans
2430 5704 2856 5772 confessmnem,
2885 5706 3182 5775 simulque,
3219 5716 3276 5758 ut
3329 5705 3607 5771 diximus,

2013 5802 2066 5858 in
2110 5798 2324 5857 laudent
2359 5797 2581 5856 Deitatis
2608 5799 2660 5854 iu
2696 5799 2868 5857 tribus
2907 5781 3176 5868 νει-ἐρωῆς.
3242 5795 3377 5851 lllttd
3411 5796 3605 5867 palm
