4038 6438
468 338 578 404 ‘219
1297 343 1688 404 SYMEONIS
1717 338 2475 404 TIIESSALONICENSIS
2517 344 2874 408 ABCIIIEP.
3611 349 3708 413 9’20

470 455 765 508 confitetur
805 452 1082 523 quoniam
1111 455 1393 512 veritatem
1432 456 1726 510 annuntiat
1773 455 2044 524 istamque

2112 495 2116 510 λ
2149 453 2270 520 γὴν,
2296 455 2324 506 6
2359 454 2668 524 ἀρχιερεὺς,
2711 474 2729 506 ι
2784 454 3133 524 Ἐμφῦσησον
3163 455 3331 525 αὐτῷ,
3372 475 3390 508 ι
3418 459 3564 528 φησὶ,
3595 479 3707 514 του-

471 555 686 612 oportet
742 561 924 601 coram
977 547 1184 617 angelis
1266 557 1320 601 et
1378 547 1692 603 hominibus
1753 545 2047 617 praedicare

2150 545 2329 596 τέστιν
2353 545 2416 597 ἐκ
2456 545 2554 614 τῆς
2585 545 2809 616 καρδίας
2841 547 3167 619 ἀπόρριψον,
3211 550 3306 601 καὶ
3356 551 3460 603 ἀπὸ
3499 552 3710 620 καρδίας

471 649 742 703 perquam
772 638 956 694 salvus
983 640 1104 706 erit,
1137 641 1414 711 Deumque
1434 643 1810 697 universorum
1835 657 2045 696 annun-

2149 634 2435 702 ἀθέτησον,
2495 636 2589 688 καὶ
2644 638 3006 708 καταίσχυνον
3034 639 3126 692 τὸν
3161 640 3374 711 ἐχθρόν.
3409 643 3514 695 Καὶ
3566 645 3709 695 τοῦτο

472 727 610 778 tiare
631 737 814 794 aperte
837 739 918 784 est
948 733 1344 797 necessarium,
1377 734 1900 789 consubstantialem
1924 735 2046 790 dico

2151 727 2381 780 ποιεῖται
2403 727 2522 796 τρὶς
2556 727 2642 780 διὰ
2675 729 2735 782 τὸ
2758 731 2996 798 ἀσφαλὲς
3025 734 3120 800 τῆς
3143 733 3422 803 ἀποταγῆς
3448 735 3535 786 τοῦ
3561 753 3714 806 πονη-

476 814 796 872 Trinitatcm
819 829 872 875 et
907 820 1082 875 solum
1113 821 1206 890 qui
1246 832 1328 878 est
1354 821 1542 890 Deum,
1577 827 1669 878 sed
1704 834 1760 881 et
1804 826 1965 880 unius
2015 840 2046 880 a

2152 818 2267 888 ροῦ,
2301 821 2394 873 καὶ
2425 821 2504 883 είς
2537 820 2696 886 δόξαν
2723 823 2816 876 τοῦ
2851 825 2910 875 ἐν
2939 822 3128 895 Τριάδι
3174 826 3337 893 μόνου
3376 827 3509 879 Θεοῦ
3543 829 3707 896 ήμῶν,

478 903 743 962 Trinitate
765 910 928 965 Verbi
982 911 1076 969 Dei
1111 913 1310 969 factam
1339 926 1561 986 propter
1619 932 1718 972 nos
1751 932 1780 972 e
1825 916 2046 986 Virgine

2146 912 2238 966 τοῦ
2269 913 2664 978 καταϐαλόντος
2689 917 2780 968 τὸν
2809 918 3064 987 πονηρόν.
3090 915 3253 979 ΞοΕἴτα
3281 923 3502 988 στρέφει
3535 921 3714 975 τοῦτον

475 997 927 1057 incarnationem.
953 1002 1065 1059 Hoc
1090 1006 1352 1075 igiturter
1375 1007 1537 1073 facto,
1558 1017 1610 1064 et
1638 1019 1923 1079 postquam
1965 1019 2047 1065 ter

2147 1006 2288 1058 κατά
2315 1006 2582 1070 ἀνατολάς
2605 1024 2622 1041 ο
2654 1011 2788 1079 πρὸς
2822 1010 2882 1062 τὸ
2906 1010 3023 1078 φῶς
3085 1011 3194 1079 γὰρ
3241 1011 3432 1078 ἀνάγει
3484 1013 3588 1065 ἀπὸ
3628 1012 3714 1066 τοῦ

473 1103 692 1144 rursum
719 1092 1077 1165 interrogatus
1103 1098 1342 1154 :Fatcris
1368 1099 1688 1157 Christum?
1712 1110 1794 1157 ter
1819 1119 2046 1172 respon-

2149 1094 2394 1162 σκότους,
2429 1099 2522 1150 καὶ
2555 1098 2617 1149 ὲκ
2641 1097 2734 1150 τοῦ
2761 1097 2992 1168 ψεύδους
3019 1099 3155 1169 πρὸς
3180 1100 3277 1171 τὴν
3303 1100 3583 1169 ἀλήθειαν.
3613 1101 3718 1154 Καί

474 1179 554 1234 dit
589 1195 653 1235 ex
710 1184 873 1240 corde
911 1193 963 1241 et
994 1186 1162 1243 dixit:
1195 1207 1213 1240 ι
1239 1189 1495 1245 Fatemur
1538 1206 1684 1257 eum,
1721 1209 1771 1246 »λ
1804 1195 2043 1265 pontifex

2148 1187 2676 1257 φησινὸἀρχιερεύς
2715 1205 2728 1220 ·
2776 1208 2794 1241 ι
2836 1191 2994 1253 Εἰπὲ,
3056 1193 3169 1246 Καὶ
3218 1193 3595 1261 συντάσσομαι
3644 1193 3717 1262 τῷ

472 1273 658 1327 addit:
717 1293 737 1325 ‹
775 1275 836 1330 Et
895 1277 1060 1332 adora
1131 1294 1277 1336 eum.
1313 1300 1332 1334 ι
1381 1281 1446 1338 Ει
1494 1285 1919 1354 signatuscruce
1950 1305 2047 1356 per

2146 1278 2392 1348 Χριστῷ,
2421 1282 2515 1334 καὶ
2543 1281 2786 1336 πιστεύω
2811 1284 2888 1345 είς
2910 1283 3006 1336 ἕνα
3027 1285 3157 1337 Θεὸν
3182 1285 3401 1355 Πατέρα
3425 1287 3722 1352 παντοκρά-

474 1377 690 1417 manum
718 1366 856 1434 ejus,
879 1369 1022 1436 quod
1045 1369 1244 1425 Christi
1265 1372 1664 1428 confessionem
1689 1387 1950 1431 connOIat
1995 1389 2048 1433 et

2145 1387 2303 1440 τορα,
2344 1391 2363 1426 ι
2403 1375 2497 1426 καὶ
2526 1375 2594 1428 τὰ
2625 1375 2775 1442 ἑξῆς.
2829 1379 2921 1429 Δεῖ
2965 1377 3075 1447 γὰρ
3119 1377 3285 1431 αὑτὸν
3338 1378 3399 1431 τὸ
3454 1379 3722 1448 τρισήλιον

473 1454 991 1522 tuanifestationem,
1016 1470 1304 1530 postquam
1325 1474 1403 1518 tcr
1425 1466 1732 1521 adoraverit
1755 1470 2047 1526 ostendens

2145 1460 2404 1531 καθαρῶς
2434 1464 2837 1534 ἀνομολογῆσαι
2869 1467 3004 1533 φῶς,
3029 1466 3104 1529 ὡς
3142 1467 3206 1520 ἂν
3266 1469 3358 1521 καὶ
3415 1471 3482 1538 τῇ
3531 1469 3721 1539 καρδία

469 1546 787 1602 servitutem
814 1558 869 1604 et
898 1567 1084 1607 veram
1109 1567 1233 1608 cum
1287 1555 1629 1612 confessione
1655 1560 2043 1629 obedientiam,

2145 1551 2362 1621 δέξηται
2386 1553 2482 1624 τὴν
2512 1555 2718 1625 λάμψιν
2751 1557 2940 1612 αὐτοῦ.
2974 1559 3086 1628 Τὴν
3141 1559 3437 1628 ὁμολογίαν
3495 1561 3589 1614 οὖν
3633 1560 3723 1614 τοῦ

475 1639 542 1692 ad
567 1641 834 1696 orientem
865 1648 1219 1714 convertitur,
1247 1658 1300 1704 et
1333 1649 1857 1722 benedicitpoutifex
1881 1651 2046 1708 Deum

2147 1643 2294 1707 ἱεροῦ
2324 1645 2600 1710 Συμϐόλου
2634 1650 2814 1701 πᾶσαν
2840 1649 3110 1718 λαμπρῶς
3154 1650 3230 1720 τῷ
3263 1652 3500 1720 στόματι
3559 1652 3725 1720 λέγει.

373 1731 377 1735 ’
477 1731 571 1795 qui
635 1733 748 1787 vult
783 1749 975 1793 omnes
1026 1739 1206 1797 salvos
1259 1742 1422 1810 fieri;
1496 1744 1574 1800 sic
1632 1746 1776 1798 enim
1837 1760 1968 1814 opor

2149 1735 2258 1789 Καὶ
2284 1735 2442 1790 τοῦτο
2491 1743 2725 1793 ποιείται
2782 1740 2923 1810 τρὶς,
2987 1741 3224 1808 βεϐαιῶν
3265 1745 3370 1810 τὴν
3421 1744 3727 1814 ὁμολογίαν,

472 1823 538 1876 dc
589 1826 847 1884 omnibus
889 1833 1092 1897 gratias
1155 1847 1336 1902 agere,
1370 1843 1426 1890 et
1487 1836 1786 1904 przrscrtitn
1841 1813 1907 1892 de
1945 1839 2045 1894 ho-

2150 1825 2267 1895 ἅμα
2295 1826 2350 1879 δὲ
2384 1829 2476 1880 καὶ
2507 1830 2586 1890 είς
2628 1829 2812 1897 τιμὴν,
2848 1830 2923 1892 ὠς
2956 1833 3260 1901 εἰρήκαμεν
3324 1834 3428 1903 τῆς
3462 1813 3729 1904 ντρισυπο-

476 1919 679 1971 tuinum
724 1921 919 1975 salute.
978 1923 1042 1978 Et
1087 1925 1158 1979 ita
1211 1928 1521 1996 suscipiens
1566 1929 1740 1996 ipsum
1791 1933 2047 1985 catechu-

2151 1917 2350 1971 στάτου
2380 1919 2665 1990 Θεότητος.
2715 1921 3004 1991 Ὀμολογεῖ
3033 1924 3087 1975 δὲ
3114 1924 3273 1976 τοῦτο
3304 1926 3584 1994 φανερῶς,
3617 1925 3731 1978 ἐπεὶ

478 2024 692 2063 menum
718 2027 813 2080 per
838 2028 1057 2071 manum
1093 2019 1250 2088 quasi
1291 2019 1557 2088 perditum
1600 2022 1906 2087 inveniens,
1962 2024 2046 2077 iu-

2149 2005 2249 2074 τὴν
2268 2006 2532 2076 ἀλήθειαν
2562 2011 2920 2077 καταγγέλλει
2949 2027 2964 2042 ο
2993 2013 3088 2064 καὶ
3118 2013 3196 2065 ὅτι
3225 2012 3462 2067 ἐνώπιον
3492 2014 3733 2082 ἀγγέλων

475 2102 710 2158 troducit
751 2104 802 2160 in
838 2108 1118 2178 templum,
1186 2126 1378 2180 nempe
1412 2113 1556 2167 velut
1593 2114 1647 2168 in
1696 2117 1893 2171 cmlum
1965 2120 2045 2174 vel

2147 2094 2229 2149 δεῖ
2251 2096 2345 2150 καὶ
2373 2099 2678 2167 ἀνθρώπων
2705 2103 2906 2174 ταύτην
2930 2106 3250 2175 κηρύσσειν,
3281 2106 3350 2160 δι’
3394 2102 3461 2179 ἧς
3494 2109 3590 2160 καὶ
3633 2124 3733 2160 σω·

473 2197 526 2250 in
582 2200 918 2268 paradisum,
983 2211 1295 2259 monstrans
1361 2219 1562 2262 seeutu
1631 2208 1694 2261 ad
1753 2209 2043 2265 Dominum

2149 2190 2392 2260 θήσεται.
2423 2192 2530 2244 Καὶ
2567 2193 2658 2246 τὸν
2685 2194 2818 2248 Θεὸν
2845 2196 2953 2248 τῶν
2983 2198 3122 2251 ὅλων
3170 2201 3584 2269 καταγγέλλειν
3636 2199 3739 2270 χρὴ

471 2289 562 2357 qui
599 2291 856 2348 amiserat
901 2293 1178 2349 reducere.
1221 2293 1490 2352 Caudium
1532 2313 1658 2353 vero
1692 2301 2046 2359 manifestans

2214 2285 2458 2355 ιρρησίᾳ,
2501 2284 2599 2354 τὴν
2632 2287 2922 2356 ὁμοούσιὸν
2951 2307 3093 2358 φημι
3146 2291 3386 2361 Τριάδα,
3437 2293 3532 2346 τὸν
3590 2293 3744 2360 μόνον
3803 2349 3809 2354 ,

473 2396 584 2448 quo
614 2397 737 2438 cum
797 2383 1004 2454 angelis
1033 2386 1229 2457 gaudet
1262 2387 1328 2442 de
1357 2401 1642 2459 peccatore
1673 2394 2043 2460 pmnitentiam

2148 2373 2314 2436 ὅντως
2339 2375 2466 2428 ὄντα
2490 2377 2642 2442 Θεὸν,
2667 2379 2805 2433 ἀλλά
2839 2382 3048 2435 καὶτοῦ
3086 2385 3205 2447 ἐνὸς
3231 2383 3330 2452 τῆς
3385 2385 3620 2453 Τριάδος
3649 2384 3742 2438 τοῦ

472 2483 704 2539 agente:
745 2493 762 2526 ι
802 2475 1010 2544 Gaude,
1045 2480 1220 2547 gratia
1252 2481 1427 2550 plena,
1462 2501 1481 2534 ι
1546 2484 1621 2538 ait
1669 2487 1966 2552 cantando,
1994 2497 2047 2543 et

2147 2466 2282 2520 Θεοῦ
2314 2470 2491 2536 Λόγου
2517 2471 2614 2542 τὴν
2641 2473 2780 2542 ὑπὲρ
2807 2475 2964 2543 ήμῶν
2997 2477 3060 2529 ἐκ
3113 2478 3410 2544 Παρθένου
3445 2479 3741 2548 σάρκωσιν.

473 2561 795 2629 ingreditur.
841 2565 962 2635 Ipsa
1009 2569 1154 2622 enim
1197 2578 1282 2624 est
1311 2584 1472 2625 causa
1523 2572 1778 2628 salutaris
1825 2575 2042 2644 lmtitize,

2149 2557 2321 2611 Τοῦτο
2347 2555 2441 2614 οὖν
2473 2563 2846 2632 ποιησαμένου
2873 2565 3014 2634 τρὶς,
3049 2569 3144 2618 καὶ
3180 2566 3562 2637 ἐρωτηθέντος
3587 2567 3740 2630 αὖθις

474 2662 626 2719 porta
646 2656 946 2724 salutifera,
978 2673 1100 2728 quae
1126 2661 1354 2716 salutem
1391 2663 1547 2720 nobis
1571 2664 1924 2733 dispensavit,
1955 2683 2047 2725 vc-

2145 2648 2286 2719 τρὶς,
2327 2669 2346 2702 ι
2390 2652 2674 2718 Συνετάξω
2715 2654 2792 2724 τῷ
2848 2656 3106 2725 Χριστῷ;
3138 2675 3156 2707 ι
3196 2655 3294 2710 καὶ
3346 2659 3738 2727 ἀποκριθέντος

471 2764 698 2820 rumque
731 2752 837 2806 Deo
865 2752 1109 2808 laetitiam
1133 2753 1366 2810 Verbum
1396 2757 1566 2812 Deum
1593 2773 1660 2812 ex
1691 2759 1807 2828 ipsa
1853 2760 2036 2816 incar-

2146 2743 2265 2812 τρὶς
2299 2743 2361 2796 ἐκ
2383 2744 2632 2814 καρδίας,
2668 2747 2764 2799 καὶ
2788 2748 3094 2816 εἰρηκότος,
3135 2766 3154 2800 ι
3198 2748 3596 2819 Συνεταξάμην
3644 2751 3741 2802 αὐ-

472 2849 656 2893 natum
684 2849 876 2897 sancto
899 2853 952 2898 et
979 2843 1221 2912 virgineo
1244 2853 1401 2911 partu
1421 2887 1433 2900 .
1458 2849 1645 2918 genuit
1694 2850 1759 2904 ad
1796 2861 2040 2907 nostram

2143 2835 2241 2906 τῷ,
2289 2854 2308 2888 ι
2341 2838 2370 2889 ὁ
2396 2836 2684 2907 ἀρχιερεύς
2719 2855 2873 2909 φησι,
2908 2857 2926 2889 ι
2962 2841 3069 2892 Καὶ
3101 2838 3493 2912 προσκύνησον
3520 2841 3688 2910 αὐτῷ,
3718 2859 3736 2894 ι

471 2929 941 2990 instaurationem.
972 2933 1199 3006 Insuper
1226 2936 1535 2994 Simeonem
1568 2939 1809 2999 referens
1864 2945 2044 3013 ponti-

2146 2929 2238 2980 καὶ
2265 2929 2711 2998 σφραγισαμένου
2746 2930 2966 2999 σταυρῷ
3016 2931 3104 2984 διὰ
3137 2931 3234 3000 τῆς
3301 2934 3493 3003 χειρὸς
3553 2935 3735 3001 αὕτοῦ,

473 3021 556 3076 fex
623 3023 844 3079 adducit
899 3027 952 3080 in
1012 3038 1361 3097 conspectum
1421 3030 1610 3088 altaris
1683 3033 2039 3104 baptizatum,

2145 3019 2173 3071 ὃ
2210 3019 2309 3089 τὴν
2332 3019 2424 3072 τοῦ
2451 3020 2689 3091 Χριστοῦ
2733 3022 3023 3092 ὁμολογίαν
3069 3022 3221 3092 δηλοῖ
3260 3025 3360 3078 καὶ
3414 3024 3739 3096 σημείωσιν,

467 3113 712 3169 ἱει.1ἰοοηε
774 3131 832 3170 se
882 3132 1008 3172 eum
1056 3117 1289 3186 offerre;
1338 3120 1496 3185 jubet
1549 3125 1716 3178 etiam
1780 3127 2038 3182 illumter

2149 3113 2241 3166 καὶ
2287 3115 2769 3184 προσκυνήσαντος
2819 3115 2959 3183 τρὶς,
3011 3115 3430 3184 ἐνδεικνυμένου
3489 3117 3594 3188 τὴν
3630 3116 3744 3169 δου-

2149 3204 2288 3224 ἱ.1μ-.
2337 3203 2424 3224 --ηε
2463 3204 2557 3224 _l_._
2596 3205 2755 3224 1,\-n-.
2802 3208 2921 3224 ,,-,l
2972 3206 3106 3224 κίνει
3148 3206 3243 3224 ,,\,
3286 3208 3316 3224 ,I
3434 3209 3446 3224 I
3652 3209 3665 3224 ο

471 3207 639 3262 Deum
695 3208 941 3271 adorare,
967 3211 1228 3280 quoniam
1267 3211 1320 3266 in
1351 3214 1585 3282 gratiam
1618 3215 1706 3270 Dei
1747 3218 1908 3273 rediit
1945 3203 2066 3290 per,

2140 3203 2310 3268 λείαν,
2335 3203 2431 3257 καὶ
2461 3204 2558 3274 τὴν
2588 3205 2765 3274 ἀληθῆ
2797 3208 2934 3272 μετά
2966 3206 3066 3273 τῆς
3086 3206 3391 3273 ὁμολογίας
3425 3209 3735 3278 ὑποταγὴν,

469 3302 878 3358 conversionem
902 3304 1361 3372 quemadmodum
1386 3306 1478 3361 ille
1509 3307 1800 3378 prodigus.
1825 3325 2036 3366 necnon

2143 3297 2437 3366 στρέφεται
2472 3297 2610 3368 πρὸς
2643 3298 2927 3363 ἀνατολὰς,
2965 3300 3061 3353 καὶ
3095 3299 3313 3369 εὐλογετ
3375 3301 3474 3356 τὸν
3536 3302 3671 3355 Θεὸν
3708 3301 3736 3352 ὁ

470 3387 536 3441 ad
566 3388 884 3457 dignitatem
923 3392 1015 3446 filii
1047 3401 1102 3447 et
1154 3394 1221 3448 ad
1253 3395 1750 3464 incorruptionem,
1805 3401 2037 3467 primam

2149 3387 2432 3457 ἀρχιερεὺς
2463 3390 2557 3441 τὸν
2587 3391 2797 3454 πάντας
2823 3391 3061 3460 σωθῆναι
3112 3390 3363 3447 θέλοντα.
3401 3393 3568 3448 Οῦτω
3637 3393 3744 3464 γὰρ

472 3480 710 3548 Spiritus
738 3483 959 3550 stolam,
989 3500 1098 3555 quo
1142 3488 1383 3541 nondum
1420 3488 1616 3543 melius
1654 3498 1708 3544 et
1761 3493 2038 3548 excellen-

2153 3476 2219 3530 iei’
2248 3477 2587 3548 εὐχαριστεῖν
2619 3481 2714 3531 ἐπὶ
2743 3481 2900 3546 πᾶσι,
2935 3483 3030 3532 καὶ
3063 3482 3268 3549 μᾶλλον
3288 3487 3359 3555 τῇ
3385 3485 3503 3538 τῶν
3533 3484 3748 3556 ἀνθρώ-

472 3573 578 3627 tius
631 3576 892 3642 pervenit,
922 3591 1019 3645 per
1064 3577 1307 3632 divinum
1335 3578 1626 3648 baptisma.
1665 3579 1770 3636 Sed
1807 3594 1864 3638 ut
1888 3595 2035 3641 certa

2154 3585 2260 3621 πων
2287 3570 2554 3641 σωτηρίᾳ.
2585 3573 2694 3624 Καὶ
2717 3571 2860 3624 οὕτω
2895 3575 3176 3643 κρατήσας
3201 3576 3374 3630 αὐτὸν
3419 3579 3516 3631 τὸν
3575 3596 3749 3649 κατη-

470 3662 540 3717 sit
561 3665 847 3721 conversio
867 3676 920 3721 et
949 3667 1246 3729 confessio,
1281 3684 1602 3738 sponsorem
1635 3688 1852 3743 quoque
1881 3688 2040 3733 vocat

2153 3658 2402 3727 ίούμενον
2433 3661 2532 3729 τῆς
2570 3665 2749 3731 χειρὸς
2779 3660 2854 3725 ὠς
2890 3664 2982 3718 τὸν
3015 3663 3347 3720 ἀπολωλότα
3381 3669 3597 3740 εὑρὼν,
3631 3670 3748 3721 εἰσ-

441 3760 729 3839 φοηιὶίεχ,
755 3776 914 3827 quem
948 3760 1098 3831 iubet
1155 3771 1240 3818 ter
1269 3764 1439 3819 altare
1467 3766 1698 3821 adorare
1729 3769 1782 3822 in
1813 3785 1920 3837 quo
1946 3771 2036 3825 Ita-

2154 3751 2269 3818 ίγει
2303 3753 2384 3814 εἰς
2439 3751 2531 3805 τὸν
2557 3753 2705 3818 ναὸν,
2729 3754 2802 3816 ὡς
2827 3755 2906 3817 είς
2951 3757 3042 3808 τὸν
3097 3757 3334 3826 οὐρανὸν
3382 3759 3664 3832 δηλονότι,
3716 3759 3749 3830 ἢ

471 3849 604 3903 bitat
622 3848 783 3914 Deus,
809 3851 935 3906 hinc
955 3851 1338 3908 demonstrans
1359 3868 1418 3908 se
1444 3853 1602 3909 tidem
1627 3855 1759 3912 dare
1790 3866 1902 3912 tute
1926 3863 2038 3914 ser-

2157 3843 2232 3896 εὸν
2255 3844 2601 3914 παράδεισον,
2632 3847 2864 3912 δεικνὺς,
2900 3849 2976 3912 ὡς
3046 3851 3361 3919 προσφέρει
3424 3853 3624 3906 τοῦτον
3675 3852 3752 3922 τῷ

464 3941 624 3994 vandi
676 3942 727 3994 in
790 3942 892 3997 fide
941 3943 1136 4012 piaque
1190 3945 1606 4000 conversatione
1677 3947 2034 4018 baptizatum.

2160 3937 2506 3992 ὶπολωλεκότι
2528 3939 2786 4012 δεσπότῃ.
2819 3942 2932 4010 Τὴν
2953 3945 3127 4012 χαρὰν
3157 3941 3212 3994 δὲ
3247 3943 3468 4011 δηλῶν,
3505 3947 3578 4016 ἢν
3615 3946 3755 4016 μετά

467 4033 595 4086 Dein
623 4033 665 4087 si
698 4033 878 4088 infans
901 4033 1115 4103 quidem
1150 4032 1312 4090 fuerit
1370 4035 1763 4106 baptizandus,
1805 4039 2038 4093 inclina-

2156 4028 2248 4081 ιῶν
2280 4028 2527 4097 ἀγγέλων
2587 4033 2767 4103 χαίρει
2821 4033 2916 4088 ἐπὶ
2978 4031 3336 4103 μετανοοῦντι
3405 4037 3751 4107 ἁμαρτωλῷ,

464 4135 552 4180 tus
579 4125 724 4180 hunc
754 4125 981 4194 suscipit
1011 4141 1243 4194 sponsor
1282 4142 1468 4183 coram
1516 4130 1689 4185 sacris
1719 4128 1928 4185 foribus
1953 4132 2038 4200 ,ἰο-

2160 4137 2166 4171 r
2195 4121 2388 4193 Χαῖρε,
2417 4125 2859 4194 κεχαριτωμένη,
2899 4144 2917 4176 ι
2969 4127 3135 4196 φησιν
3167 4126 3392 4193 ὑμνῶν,
3431 4132 3535 4183 καὶ
3569 4129 3755 4201 εἰσέρ-

463 4217 880 4281 centenuvelut
931 4233 962 4273 e
1013 4219 1264 4276 manibus
1294 4221 1517 4276 Christi.
1567 4221 1623 4276 Si
1657 4236 1784 4276 vero
1823 4234 2037 4278 aatatem

2154 4228 2312 4280 (εται.
2341 4212 2490 4283 Αὕτη
2515 4216 2624 4284 γὰρ
2653 4217 2684 4285 ή
2717 4217 2941 4287 ἀπαρχὴ
2968 4218 3066 4287 τῆς
3109 4220 3394 4289 σωτηρίου
3469 4224 3683 4292 χαρᾶς,
3720 4225 3749 4292 ή

465 4308 644 4373 habet,
678 4309 1004 4377 baptizatum
1028 4324 1058 4363 e
1081 4324 1245 4364 manu
1273 4311 1490 4378 accipit,
1519 4312 1660 4367 idem
1692 4314 2031 4384 significans,

2152 4307 2406 4375 σωτήριος
2437 4307 2603 4376 πύλη,
2635 4309 2667 4376 ή
2700 4310 2799 4377 τὴν
2837 4309 3108 4378 σωτηρίαν
3131 4311 3262 4377 ἡμῖν
3285 4313 3747 4384 οίκονομήσασα,

463 4415 654 4469 nempe
683 4416 740 4454 se
770 4415 892 4454 eum
941 4415 969 4454 a
1012 4400 1230 4455 Christo
1263 4403 1561 4471 suscipere,
1603 4414 1659 4459 et
1701 4407 1849 4475 quod
1899 4423 2036 4476 pnes

2158 4398 2234 4450 ιαὶ
2259 4397 2357 4466 τὴν
2376 4398 2548 4468 ἀληθῆ
2574 4401 2752 4470 χαρὰν
2779 4392 2856 4470 τῷ
2881 4401 3095 4470 κόσμῳ,
3128 4402 3218 4454 τὸν
3247 4402 3388 4457 Θεὸν
3446 4407 3633 4474 Λόγον
3665 4424 3753 4459 σε-

462 4493 608 4545 illius
645 4490 822 4545 factus
870 4500 953 4546 est
993 4508 1120 4563 erga
1155 4493 1458 4560 Christum,
1494 4495 1900 4566 spititualisque
1927 4500 2032 4553 erit

2158 4490 2498 4559 ταρκωμένον
2528 4489 2587 4554 ἐξ
2624 4492 2792 4560 αὐτῆς
2818 4492 3133 4562 γεννήσασα
3158 4493 3334 4560 ἀγίως
3370 4513 3436 4548 τε
3463 4499 3564 4551 καὶ
3603 4514 3753 4566 παρο

460 4585 579 4652 ejus
599 4591 770 4653 pater.
789 4583 946 4638 llnde
965 4585 1112 4639 illum
1133 4585 1471 4653 prehendens
1496 4587 1713 4643 adducit
1735 4589 1800 4644 ad
1819 4606 2031 4646 sacram

2158 4583 2368 4645 δενικῶς
2394 4585 2472 4644 εἰς
2496 4584 2771 4654 ἡμετέραν
2797 4585 3118 4638 ἀνάπλασιν.
3152 4586 3259 4639 Καὶ
3287 4587 3361 4640 τὰ
3384 4591 3486 4641 τοῦ
3515 4589 3753 4661 Συμεὼν

462 4678 724 4747 piscinam
774 4678 1068 4731 ostendens
1101 4677 1374 4731 initiatum
1415 4678 1670 4746 libenter,
1708 4696 1814 4734 non
1840 4692 2028 4738 autem

2156 4674 2193 4727 ῑὲ
2226 4676 2478 4727 ἐκτυπῶν
2508 4678 2534 4728 ὁ
2565 4677 2876 4745 ἀρχιερεὺς,
2911 4680 3178 4746 προσάγει
3211 4676 3308 4730 τοῦ
3334 4680 3751 4753 θυσιαστηρίου

458 4769 510 4823 vi
542 4769 798 4823 accedere
832 4769 899 4822 ad
936 4768 1287 4839 baptismum,
1324 4771 1484 4826 ducet
1528 4774 1691 4826 etiam
1743 4775 1810 4828 ad
1867 4785 2032 4832 testes

2160 4765 2370 4819 ,νὼπιον
2401 4768 2492 4818 τὸν
2531 4767 2948 4837 βαπτιζόμενον,
2981 4768 3178 4837 δηλῶν,
3207 4769 3284 4832 ὡς
3339 4770 3430 4824 ὃτι
3472 4776 3755 4844 προσέφε-

460 4861 665 4915 scilicet
698 4861 874 4931 primo
901 4872 956 4916 et
1007 4863 1276 4932 praecipue
1313 4865 1503 4929 Deum,
1569 4866 1766 4920 deinde
1810 4867 2033 4936 pontifi-

2159 4875 2221 4911 ›ε.
2258 4858 2365 4910 Καὶ
2396 4861 2542 4911 ποιεῖ
2579 4858 2768 4912 τοῦτον
2827 4861 2946 4926 τρὶς
3005 4861 3389 4929 προσκυνῆσαι
3448 4864 3578 4936 Θεῷ
3616 4881 3632 4897 ⁶
3669 4868 3754 4919 ὅτι

459 4969 574 5007 (που)
599 4962 654 5007 et
673 4954 947 5008 adstantes
971 4955 1151 5009 ﬁdeles
1175 4955 1267 5024 qui
1287 4970 1475 5010 omnes
1497 4967 1622 5011 sunt
1645 4959 2030 5026 mysteriorum

2160 4951 2235 5002 ιαὶ
2283 4951 2652 5019 κατήλλακται
2697 4952 2774 5021 τῷ
2813 4951 2930 5020 Θεῷ
2982 4951 3051 5004 δι’
3114 4958 3486 5025 επιστροφῆς,
3554 4957 3755 5027 ῶσπερ

460 5055 645 5109 testes,
681 5047 856 5116 ipsum
908 5048 1073 5101 etiam
1139 5062 1460 5116 sponsorem
1483 5066 1604 5102 cum
1647 5052 2027 5115 adducentem,

2159 5042 2342 5102 κεῖνος
2371 5042 2398 5092 6
2429 5041 2658 5106 ἄσωτος,
2684 5043 2775 5093 καὶ
2813 5042 2952 5112 πρὸς
2970 5043 3068 5111 τὴν
3095 5044 3374 5098 υἱοθεσίαν
3403 5050 3504 5100 καὶ
3531 5049 3754 5120 ἀφθαρ-

457 5147 511 5191 et
542 5139 839 5206 praesertim
867 5138 1081 5193 divinos
1126 5140 1622 5210 sanctissimosque
1688 5143 1908 5212 angelos
1937 5143 2030 5212 qui

2158 5133 2257 5184 τίαν
2295 5132 2394 5202 τὴν
2432 5131 2654 5204 πρώτην
2687 5135 2882 5203 στολὴν
2913 5135 3005 5188 τοῦ
3035 5137 3382 5206 Πνεῦματος,
3414 5140 3553 5194 ὅσον
3590 5141 3753 5195 οὔπω

461 5227 804 5282 invisibiliter
831 5227 1026 5282 adsunt
1059 5237 1110 5282 et
1143 5227 1391 5283 lietautur
1453 5229 1520 5284 de
1584 5231 1761 5285 salute
1820 5231 2031 5286 divina-

2155 5228 2360 5296 ἔρχεται
2389 5229 2650 5295 μειζόνως
2675 5245 2731 5281 τε
2765 5230 2857 5282 καὶ
2888 5231 3235 5299 κρειττόνως,
3280 5231 3376 5284 διὰ
3424 5233 3530 5286 τοῦ
3597 5236 3750 5288 θείου

460 5335 565 5384 que
601 5319 854 5387 bnptizati
890 5321 942 5373 in
976 5321 1174 5389 spiritu
1208 5322 1490 5378 nativitate
1527 5324 1789 5393 illumque
1833 5325 1884 5378 iu
1922 5341 2032 5380 cm-

2157 5318 2534 5387 ιαπτίσματος.
2570 5320 2686 5372 Ἵνα
2717 5321 2771 5372 δὲ
2802 5321 2893 5373 καὶ
2920 5317 2953 5390 ὴ
2981 5323 3285 5390 ἐπιστροφὴ
3339 5325 3443 5376 καὶ
3479 5328 3514 5395 ή
3552 5328 3752 5394 ὁμολο-

460 5413 528 5468 lis
573 5413 909 5476 adscribunt,
947 5416 1056 5483 jam
1108 5413 1407 5470 familiares
1455 5425 1506 5470 et
1567 5417 1722 5470 atniei
1781 5415 1909 5470 facti
1962 5419 2030 5472 ab

2154 5413 2259 5476 τίαν
2281 5411 2528 5481 ἀσφαλὴς
2559 5406 2612 5485 ᾗ,
2648 5414 2741 5465 καὶ
2763 5415 2852 5466 τὸν
2879 5413 3136 5483 ἀνάδοχον
3161 5415 3313 5466 καλεῖ
3347 5417 3378 5466 ὁ
3408 5417 3749 5487 ἀρχιερεύς.

458 5509 841 5562 emundatioue
894 5524 958 5562 ex
1015 5509 1200 5563 divino
1241 5510 1458 5564 lavacro
1491 5509 1712 5563 obtenta
1749 5521 1802 5562 et
1857 5527 2030 5578 ungu-

2158 5505 2244 5556 ἰαὶ
2276 5506 2652 5572 προσκυνῆσαι
2704 5506 2823 5574 τρὶς
2883 5507 3028 5572 λέγει
3074 5507 3150 5575 τῷ
3210 5507 3636 5578 θυσιαστηρίῳ,
3693 5513 3753 5561 ὲν

457 5602 566 5655 cuti
589 5601 888 5671 signaculo.
913 5600 1038 5656 Ideo
1068 5603 1432 5656 necessarium
1480 5611 1562 5654 est
1595 5609 1724 5655 tunc
1759 5616 1884 5655 cum
1918 5604 2030 5670 pie-

2157 5592 2284 5665 ἰπερ
2309 5599 2446 5648 οἰκεῖ
2474 5599 2501 5648 6
2528 5597 2680 5658 Θεὸς,
2709 5598 2793 5648 διὰ
2821 5597 3009 5650 τούτου
3044 5597 3241 5666 δηλῶν,
3271 5597 3349 5656 ὼς
3396 5597 3568 5663 λόγον
3609 5617 3752 5668 παρ-

463 5703 570 5748 tute
593 5703 646 5748 et
683 5693 878 5762 gaudio
913 5697 1103 5747 adesse
1137 5693 1320 5747 fideles
1377 5691 1488 5746 fere
1541 5708 1750 5757 omnes,
1797 5701 1851 5746 ct
1910 5709 2026 5747 cre-

2163 5707 2266 5757 χει,
2303 5689 2534 5758 φυλάξαι
2568 5690 2825 5758 ἀσφαλῶς
2853 5691 2911 5744 ὲν
2939 5693 3003 5762 τῇ
3037 5691 3217 5743 πίστει
3244 5688 3338 5742 καὶ
3395 5695 3468 5759 τῇ
3524 5694 3753 5746 εὐσεϐεῖ

459 5787 586 5840 dere
641 5785 862 5855 auge-los
919 5785 1134 5839 adﬂare.
1193 5784 1285 5854 qui
1342 5785 1590 5838 lzetautur
1640 5783 1704 5837 de
1740 5792 2026 5854 peccatore

2156 5781 2375 5854 πολιτεία
2431 5783 2521 5836 τὸν
2581 5782 2995 5854 βαπτιζὸμῖνον.
3048 5781 3179 5836 Εἶτα
3241 5783 3287 5836 εἰ
3353 5782 3460 5850 μὲν
3537 5785 3751 5855 βρέφος
