4038 6432
341 336 439 401 ﬁt

1606 337 1703 399 DE
1742 337 2304 402 SACRAMENTIS.

3494 349 3603 414 E22

341 455 487 506 ἐστὶν
513 455 539 505 6
574 453 786 520 μέλλων
811 450 1192 520 βαπτίζεσθαι,
1224 453 1401 521 κύψας
1442 452 1710 522 λαμϐάνει
1736 453 1923 508 τοῦτον

2045 459 2423 526 υωηῐιριιιὶοηι
2499 474 2728 533 agente,
2793 481 3005 522 necnon
3071 467 3407 540 baptizatum
3477 479 3609 526 tunc

343 543 675 611 ὸὰνάδοχος,
737 541 968 594 ἐνώπιον
1020 541 1274 611 κείμενον
1325 543 1434 596 τῶν
1481 543 1652 610 ἁγίων
1712 544 1917 613 θυρῶν,

342 636 528 703 ὥσπερ
560 634 665 686 ἀπὸ
692 635 798 686 τῶν
823 634 1022 703 χειρῶν
1049 634 1143 687 τοῦ
1171 636 1407 704 Χριστοῦ
1435 652 1449 667 °
1482 637 1530 690 εί
1561 636 1605 689 δ’
1630 640 1686 689 ὲν
1711 637 1919 708 ἡλικίᾳ,

343 727 607 794 λαμϐάνει
641 725 730 780 τὸν
766 725 1167 795 βαπτιζόμενον
1196 727 1305 780 ἀπὸ
1333 727 1434 796 τῆς
1467 731 1670 798 χειρὸς,
1706 729 1763 781 τὸ
1788 729 1922 781 αὐτὸ

343 818 537 886 δηλῶν,
562 820 644 870 ὅτι
679 817 788 870 ἀπὸ
815 817 912 870 τοῦ
944 818 1182 888 Χριστοῦ
1231 821 1419 872 τοῦτον
1473 819 1769 890 παρέλαϐε,
1830 820 1924 874 καὶ

345 911 617 979 ἐγγυητὴς
640 910 864 976 γέγονεν
902 909 1071 962 αὐτοῦ
1103 910 1183 971 είς
1211 910 1463 978 Χριστὸν,
1499 911 1594 964 καὶ
1625 927 1920 978 πνευματι-

345 1003 434 1062 κὸς
457 1001 609 1052 ἔσται
644 1001 846 1070 πατήρ.
886 1001 1049 1055 Ὅθεν
1076 1002 1168 1056 καὶ
1202 1002 1443 1071 κρατῶν,
1474 1002 1776 1074 προσφέρει
1797 1001 1926 1056 τοῦ·

349 1113 436 1148 τον
459 1098 524 1166 τῇ
563 1097 687 1167 ἱερᾷ
719 1096 1098 1169 κολυμϐήθρᾳ,
1127 1096 1360 1162 δεικνὺς,
1408 1097 1482 1160 ὡς
1521 1096 1784 1158 ἑκουσίως
1830 1094 1925 1150 καὶ

344 1187 402 1238 οὐ
436 1188 575 1240 κατὰ
617 1187 739 1256 βίαν
776 1191 1141 1258 προσέρχεται
1178 1187 1254 1258 τῷ
1289 1188 1628 1258 βαπτίσματι
1659 1190 1686 1240 6
1741 1186 1926 1240 τελού-

351 1297 528 1348 μενος,
548 1281 641 1334 καὶ
664 1281 754 1334 ἐπὶ
779 1281 1015 1351 μάρτυσι
1045 1281 1260 1350 πρῶτον
1281 1282 1380 1352 μὲν
1407 1285 1499 1336 καὶ
1525 1282 1816 1352 ἐξαιρέτως
1846 1278 1924 1350 τῷ

348 1373 456 1442 80
483 1373 627 1442 Θεῷ,
659 1373 852 1426 ἔπειτα
883 1373 940 1427 δὲ
967 1373 1042 1442 τῷ
1076 1375 1308 1446 ίεράρχῃ
1335 1374 1426 1427 καὶ
1451 1375 1560 1436 τοῖς
1582 1371 1928 1442 παρατυχοῦ-

352 1484 402 1518 σι
426 1467 656 1531 πιστοῖς,
690 1464 738 1518 οἳ
768 1465 969 1530 πάντες
999 1465 1280 1536 μάρτυρες
1296 1465 1406 1518 τῶν
1433 1465 1776 1534 τελουμένων
1797 1464 1926 1532 είσὶ,

354 1559 443 1609 καὶ
465 1556 612 1626 αὐτῷ
631 1556 694 1624 δὴ
727 1555 804 1626 τῷ
827 1557 1076 1627 ἀναδόχῳ
1101 1557 1176 1626 τῷ
1218 1559 1313 1611 καὶ
1342 1558 1678 1629 προσάγοντι
1714 1556 1922 1621 τοῦτον,

351 1652 443 1704 καὶ
484 1649 718 1718 μάλιστα
749 1648 810 1718 δὴ
837 1651 948 1725 τοῖς
976 1650 1142 1712 θείοις
1173 1651 1270 1705 καὶ
1320 1651 1614 1720 πανάγνοις
1646 1651 1924 1718 ἀγγέλοις,

2028 554 2295 608 committi
2349 566 2539 611 sancto
2585 559 2774 628 angelo
2833 562 3070 629 custodi,
3097 563 3189 631 qui
3244 577 3458 632 semper
3502 564 3608 617 erit

2029 659 2223 700 cumeo
2277 646 2557 702 mortifera
2607 649 2901 719 proﬁigans
2957 653 3224 709 daemonia
3275 669 3602 722 omnemque

2026 737 2358 794 dolosissimi
2431 739 2640 796 inimici
2699 742 2982 807 insultum,
3027 748 3186 800 modo
3246 757 3456 803 tantum
3513 749 3608 801 ba-

2030 831 2266 900 ptizatus
2322 847 2520 903 purum
2575 835 2843 891 custodiat
2915 837 3020 892 ﬁde
3087 848 3140 893 et
3193 839 3450 905 operibus
3512 841 3608 894 ba-

2027 925 2311 993 ptismum,
2365 942 2600 998 eumque
2648 929 2699 984 in
2760 945 2986 1000 regnum
3039 932 3300 987 caelorum
3353 932 3605 987 salvabit.

2029 1016 2198 1087 Igitur
2241 1019 2498 1089 quoniam
2548 1021 2846 1077 maximum
2895 1031 2979 1078 est
3005 1038 3142 1093 opus
3172 1023 3340 1078 divini
3390 1024 3600 1092 baptis-

2031 1113 2214 1174 matis,
2239 1109 2361 1164 ideo
2411 1111 2565 1180 prius
2591 1112 2829 1168 Ecclesia
2873 1129 2972 1183 per
3009 1114 3283 1184 pontiﬁcis
3317 1116 3372 1168 iu
3407 1114 3604 1168 catho-

2030 1199 2150 1254 licis
2178 1199 2435 1256 Ecclesiis
2481 1203 2798 1258 conferebat
2822 1203 3156 1273 baptismum
3190 1203 3587 1259 accedentibus

2029 1295 2156 1350 etin
2199 1302 2442 1364 tempore
2490 1311 2600 1364 quo
2634 1296 2688 1351 in
2723 1294 2910 1353 divino
2959 1297 3234 1353 sacriﬁcio
3277 1297 3605 1368 psallimus:

2035 1406 2056 1438 ι
2087 1387 2428 1455 Quicumque
2488 1387 2542 1442 in
2575 1387 2796 1444 Christo
2820 1391 3074 1460 baptizati
3111 1391 3266 1455 estis,
3310 1409 3328 1442 ι
3359 1397 3414 1444 et
3465 1403 3608 1457 pra?-

2030 1481 2191 1550 cipue
2219 1484 2272 1535 in
2298 1496 2498 1552 magno
2519 1482 2762 1538 Sabbato
2793 1493 2917 1539 ante
2975 1483 3219 1538 divinum
3248 1483 3605 1547 sacriﬁcium,

2037 1576 2288 1644 pluribus
2310 1575 2466 1632 lectis
2493 1592 2522 1632 e
2549 1574 2750 1632 divinis
2772 1576 3053 1646 prophetis
3078 1575 3440 1642 lectionibus;
3473 1589 3609 1644 quo-

2032 1668 2177 1722 niam
2203 1668 2510 1738 baptismus
2542 1668 2922 1724 sanctissimus
2945 1667 3284 1738 regeneratio
3311 1675 3422 1732 est,
3445 1677 3498 1720 et
3525 1680 3613 1720 re-

351 1743 598 1812 ἀοράτως
619 1744 738 1796 τότε
767 1742 1026 1814 παροῦσι,
1074 1745 1170 1798 καὶ
1221 1745 1673 1815 εὖφραινομένοις
1721 1747 1785 1812 τῇ
1834 1741 1923 1796 τοῦ

2033 1759 2277 1822 novatio,
2335 1769 2388 1815 et
2450 1760 2724 1830 purgatio,
2767 1768 2820 1815 et
2869 1759 3218 1824 illuminatio,
3280 1767 3334 1814 et
3375 1758 3610 1814 ﬁliorum

352 1835 751 1906 βαπτιζομένου
769 1838 826 1888 ὲν
858 1835 1142 1907 Πνεύματι
1175 1837 1488 1908 θεογενεσίᾳ
1518 1837 1612 1891 καὶ
1661 1838 1926 1908 σωτηρίᾳ,

349 1927 443 1980 καὶ
475 1927 955 1999 ἀπογραφομένοις
1013 1929 1175 1983 αὐτὸν
1221 1931 1280 1982 ὲν
1340 1930 1452 1990 τοῖς
1509 1928 1781 1998 οὐρανοῖς,
1834 1926 1930 1979 καὶ

353 2021 676 2090 γνωρίμοις,
705 2020 800 2072 καὶ
827 2019 1000 2088 φίλοις
1029 2019 1358 2090 γινομένοις,
1388 2020 1496 2073 ἀπό
1526 2037 1584 2072 τε
1615 2022 1716 2088 τῆς
1749 2020 1812 2072 ἐκ
1835 2017 1928 2070 τοῦ

349 2113 490 2166 εείου
520 2109 745 2182 λουτροῦ
774 2109 1118 2180 καθάρσεως,
1180 2114 1275 2167 καὶ
1335 2114 1435 2180 τῆς
1491 2111 1784 2181 σφραγῖδος
1833 2108 1930 2162 τοῦ

351 2206 546 2274 μύρου.
579 2205 671 2256 Διὸ
701 2203 793 2257 καὶ
827 2205 1126 2271 ἀναγκαῖον
1160 2205 1418 2274 παρεῖναι
1450 2204 1569 2258 τότε
1597 2203 1716 2272 μετ’
1771 2203 1932 2258 εὐλα-

348 2297 501 2358 ϐείας
527 2313 588 2349 τε
619 2297 713 2349 καὶ
749 2296 926 2365 χαρᾶς
953 2294 1204 2359 ἅπαντας
1270 2295 1456 2367 σχεδὸν
1501 2297 1628 2360 τοὺς
1681 2297 1929 2360 πιστοὺς,

347 2391 440 2441 καὶ
490 2386 770 2441 πιστεύειν
804 2388 882 2451 ὡς
935 2387 1190 2458 πάρεισιν
1242 2388 1489 2456 άγγελοι,
1543 2389 1592 2442 οἳ
1644 2390 1928 2459 χαίρουσιν

349 2481 442 2534 ἐπὶ
474 2481 552 2533 ἐνὶ
587 2479 895 2550 ἁμαρτωλῷ
927 2479 1278 2549 μετανοοῦντι
1315 2496 1329 2513 ο
1362 2482 1457 2533 καὶ
1504 2481 1585 2534 ὅτι
1641 2481 1931 2551 παραδίδο-

349 2590 437 2626 ται
464 2573 587 2626 τότε
609 2575 635 2625 6
665 2572 1060 2642 βαπτιζόμενος
1096 2573 1236 2642 ἁγίῳ
1269 2572 1724 2642 ἀγγέλῳιφύλακι
1757 2589 1772 2604 '
1835 2575 1930 2626 καὶ

347 2660 500 2728 οὗτος
525 2664 679 2718 ἔσται
713 2664 946 2718 πάντοτε
975 2666 1095 2734 μετ’
1129 2662 1320 2729 αὑτοῦ,
1353 2665 1420 2717 τὰ
1447 2664 1684 2734 φθονερὰ
1713 2664 1929 2719 διώκων

347 2757 617 2828 δαιμόνια,
658 2758 752 2812 καὶ
778 2758 960 2811 πᾶσαν
1009 2757 1280 2827 ἐπήρειαν
1329 2757 1423 2810 τοῦ
1467 2757 1789 2812 δολιωτάτου
1839 2759 1928 2828 ὲχο

349 2851 498 2920 θροῦ,
533 2851 648 2918 εἴγε
682 2849 843 2919 μόνον
873 2851 901 2902 6
935 2848 1258 2918 βαπτισθεὶς
1287 2848 1530 2918 καθαρὸν
1562 2851 1797 2920 τηρήσει
1834 2852 1926 2901 πί.

349 2961 461 2996 στει
489 2944 582 2998 καὶ
611 2943 794 3013 ἔργοις
829 2941 890 2995 τὸ
917 2941 1224 3013 βάπτισμα,
1251 2943 1346 2996 καὶ
1375 2945 1452 3004 εἰς
1485 2941 1584 3012 τὴν
1644 2941 1928 3012 βασιλείαν

344 3033 599 3089 διασώσει
631 3033 818 3088 τοῦτον
852 3034 959 3088 τῶν
995 3034 1260 3105 οὐρανῶν.
1293 3034 1416 3089 Ὅτι
1445 3029 1539 3088 οὖν
1570 3035 1831 3104 μέγιστον
1859 3035 1922 3088 τὸ

2033 1852 2278 1918 adoptio,
2302 1861 2357 1909 et
2386 1854 2581 1920 gratia,
2623 1863 2678 1908 et
2709 1853 3070 1908 sanctiﬁcatio
3105 1863 3159 1909 et
3203 1860 3459 1909 sexcenta
3503 1849 3609 1904 alia

2033 1962 2154 2017 qua!
2187 1945 2444 2001 dixerunt
2475 1943 2686 2002 Patres.
2718 1943 2903 2000 Refert
2957 1955 3138 2001 autem
3169 1945 3220 2000 in
3247 1945 3439 2013 primis
3462 1956 3611 1997 mor-

2033 2051 2140 2095 tem
2195 2038 2399 2096 Christi
2433 2046 2486 2093 et
2540 2039 3000 2093 resurrectionem
3035 2039 3197 2092 tertia
3227 2038 3312 2092 die
3378 2036 3604 2098 factam,

2031 2132 2176 2201 quod
2209 2131 2584 2200 tempuszillud
2611 2131 2829 2199 proprie
2847 2132 3108 2198 declarat,
3139 2132 3341 2202 quippe
3367 2148 3395 2184 a
3425 2140 3607 2186 morte

2031 2228 2235 2283 Christi
2257 2228 2490 2296 ejusque
2523 2227 2776 2281 triduana
2804 2225 3081 2293 sepultura
3107 2234 3162 2281 et
3193 2227 3611 2280 resurrectione

2032 2319 2495 2374 immortalitatem
2520 2326 2574 2372 et
2597 2315 3068 2388 incorruptionem
3091 2317 3421 2386 accepimus,
3457 2317 3610 2371 futu-

2031 2425 2260 2478 ratnque
2286 2409 2431 2463 illam
2476 2417 2860 2478 exspectamus
2890 2407 3347 2464 resurrectionem
3407 2413 3463 2462 et
3515 2421 3608 2462 re-

2033 2502 2380 2557 novationem
2462 2511 2836 2569 aeternamque
2901 2501 3066 2554 vitam
3128 2498 3286 2567 cujus
3349 2497 3610 2569 primitiae

2030 2595 2207 2650 factus
2240 2603 2318 2650 est
2351 2594 2604 2649 Christus
2655 2593 2748 2664 qui
2793 2608 2957 2661 quum
3008 2592 3161 2648 solus
3216 2592 3288 2646 sit
3319 2592 3438 2646 sine
3475 2605 3606 2660 pee-

2029 2697 2151 2743 cato
2177 2701 2372 2757 passus
2400 2702 2499 2756 pro
2527 2686 2687 2741 nobis
2724 2685 3128 2755 peccatoribus,
3156 2684 3280 2737 licet
3308 2683 3447 2737 mori
3483 2696 3595 2737 non

2028 2781 2250 2836 deberet
2273 2789 2460 2849 utpote
2488 2778 2714 2833 omnino
2745 2777 2955 2845 peccati
2981 2777 3266 2839 immunis.
3295 2789 3397 2846 pro
3447 2775 3606 2830 nobis

2025 2882 2278 2929 mortuus
2308 2881 2414 2928 est.
2464 2870 2600 2926 Nam
2651 2880 2938 2940 peccatum
2985 2879 3069 2925 est
3119 2868 3313 2924 mortis
3343 2867 3592 2930 aculeus,

2025 2951 2490 3028 utdicuntlsaias
2525 2974 2578 3020 et
2631 2964 2856 3029 Paulus,
2908 2978 3004 3018 seu
3041 2961 3396 3033 principium,
3451 2959 3603 3015 radix

2026 3070 2189 3130 atque
2224 3066 2439 3115 auctor.
2465 3058 2588 3129 Ipse
2609 3073 2739 3112 vero
2768 3055 3020 3113 Christus
3048 3057 3151 3110 etsi
3183 3063 3464 3125 peccatum
3499 3067 3605 3107 non

345 3129 503 3197 ἔργον
526 3127 616 3180 τοῦ
659 3126 932 3181 θειοτάτου
974 3127 1370 3197 βαπτίσματος,
1399 3127 1486 3181 διὰ
1514 3127 1672 3181 τοῦτο
1721 3129 1920 3196 πρότε-

2034 3154 2272 3220 fecisset,
2312 3167 2485 3222 neque
2527 3151 2750 3206 deberet
2783 3149 2946 3214 mori,
2996 3163 3097 3217 pro
3151 3147 3307 3202 nobis
3358 3153 3606 3199 mortuus

347 3236 439 3286 ρον
467 3219 560 3272 καὶ
587 3219 620 3288 ή
667 3217 961 3290 Ἐκκλησία
993 3218 1082 3272 διὰ
1112 3218 1218 3272 τῶν
1246 3219 1556 3290 ἀρχιερέων
1595 3221 1654 3273 ἐν
1679 3221 1797 3282 ταῖς
1826 3237 1922 3273 κα-

345 3313 584 3376 θολικαῖς
605 3313 924 3382 ἐκκλησίαις
964 3313 1202 3365 ἐποιεῖτο
1216 3313 1284 3367 τὰ
1312 3313 1419 3366 τῶν
1452 3317 1918 3384 προσερχομένων

346 3404 722 3475 βαπτίσματα,
757 3408 851 3458 καὶ
884 3405 1007 3459 καθ’
1039 3405 1100 3458 ὃν
1139 3406 1332 3477 καιρὸν
1365 3408 1422 3459 ἐν
1453 3407 1572 3470 ταῖς
1606 3407 1825 3477 ἑορταῖς
1853 3408 1918 3476 τῇ

345 3499 460 3570 θείᾳ
495 3499 827 3568 λειτουργίᾳ,
860 3499 939 3565 τὺ,
975 3518 992 3550 ι
1017 3498 1175 3552 Ὅσοι
1201 3501 1281 3561 είς
1319 3499 1556 3570 Χριστὸν
1585 3497 1922 3568 ἐϐαπτίσθη-

345 3609 420 3657 τε,
453 3609 471 3642 ι
507 3590 806 3660 ψάλλομεν,
833 3591 927 3641 καὶ
979 3591 1218 3658 μάλιστα
1245 3591 1308 3660 δὴ
1337 3589 1413 3660 τῷ
1449 3590 1670 3660 μεγάλῳ
1707 3589 1919 3643 Σαϐϐά-

344 3701 421 3754 τῳ
445 3685 552 3756 πρὸ
581 3684 680 3752 τῆς
715 3684 863 3748 θείας
898 3684 1234 3756 ἱερουργίας,
1273 3683 1378 3736 τῶν
1412 3682 1623 3737 πολλῶν
1651 3671 1918 3751 ἀναγινω-

345 3777 624 3845 σκομένων
658 3778 1105 3846 ἀναγνωσμάτων
1136 3776 1243 3830 ἀπὸ
1268 3776 1374 3829 τῶν
1406 3777 1565 3831 θείων
1594 3775 1918 3846 προφητῶν.

357 3865 570 3937 Ἐπειδὴ
613 3867 672 3920 τὸ
723 3866 1018 3937 ἱερώτατον
1075 3867 1360 3938 βάπτισμα
1417 3869 1512 3921 καὶ
1563 3868 1919 3938 ἁναγέννησίς

343 3961 480 4025 ἐστι,
509 3961 607 4014 καὶ
633 3962 954 4025 ἁνάπλασις,
984 3961 1253 4032 κάθαρσίς
1280 3978 1338 4014 τε
1371 3963 1470 4015 καὶ
1499 3961 1781 4030 φωτισμδς
1823 3961 1920 4012 καὶ

345 4052 602 4117 υἱοθεσία,
628 4054 722 4106 καὶ
756 4055 1005 4125 χάρισμα
1031 4055 1122 4108 καὶ
1157 4053 1452 4124 ἁγιασμὸς,
1484 4056 1578 4108 καὶ
1614 4053 1785 4123 μυρία
1818 4053 1919 4106 ὅσα

346 4150 512 4212 φασὶν
548 4150 594 4202 οἱ
627 4149 894 4218 Πατέρες.
933 4149 1108 4202 Τυποῖ
1142 4148 1196 4203 δὲ
1221 4149 1515 4219 ἐξαιρέτως
1556 4147 1646 4200 τὸν
1691 4147 1918 4201 θάνατον

343 4243 436 4295 τσῦ
473 4241 732 4312 Χριστοῦ,
767 4242 862 4295 καὶ¹
889 4240 987 4312 τὴν
1015 4241 1318 4311 τριήμερον
1343 4240 1578 4311 ἔγερσιν.
1636 4240 1699 4292 Ὃ
1730 4239 1791 4308 δὴ
1825 4241 1918 4291 καὶ

343 4337 370 4388 6
401 4336 588 4404 καιρὸς
632 4336 834 4396 ἐκεῖνος
883 4333 1266 4403 καθαρώτερον
1309 4333 1568 4403 παριστᾷ.
1633 4332 1764 4385 Ἀπὸ
1811 4331 1918 4400 γάρ

341 4427 435 4480 τοῦ
479 4427 706 4481 θανάτου
729 4424 820 4478 τοῦ
847 4423 1082 4495 Χριστοῦ
1126 4427 1220 4479 καὶ
1251 4423 1350 4494 τῆς
1378 4425 1679 4494 τριημέρου
1737 4421 1919 4491 ταφῆς

2023 3255 2128 3311 est,
2181 3256 2256 3313 et,
2307 3253 2488 3301 morte
2538 3243 2748 3300 devicta
2815 3241 3153 3303 resurrexit,
3213 3239 3607 3308 passionesque

2023 3345 2240 3393 nostras
2276 3343 2329 3391 et
2363 3334 2770 3390 damnationem
2804 3332 2965 3388 solvit
2991 3331 3247 3402 patiendo
3291 3329 3383 3398 qui
3419 3343 3515 3398 per
3543 3341 3605 3384 se

2022 3437 2140 3483 erat
2195 3426 2545 3497 impassibilis
2575 3441 2592 3493 ;
2632 3424 2807 3480 factus
2852 3440 3072 3495 quoque
3104 3425 3212 3478 dux
3246 3424 3370 3478 vitae
3403 3429 3605 3477 nostra:

2024 3521 2079 3574 in
2111 3520 2280 3576 caelos
2306 3530 2620 3588 assumptus
2671 3526 2774 3582 est,
2803 3525 2856 3571 et
2892 3533 2992 3572 nos
3032 3517 3126 3586 qui
3165 3517 3320 3571 illum
3357 3517 3413 3569 in
3465 3515 3604 3583 bap-

2023 3615 2187 3670 tismo
2211 3613 2490 3668 induimus
2534 3628 2563 3666 a
2599 3611 2740 3668 cmlo
2773 3627 2895 3666 eum
2928 3620 3334 3680 exspectamus,
3379 3608 3603 3680 quando

2022 3719 2122 3759 nos
2148 3702 2492 3758 resuscitabit
2524 3713 2580 3758 et
2608 3702 3179 3772 ineorruptibilitatem
3215 3715 3446 3769 prorsus
3499 3699 3602 3754 tri-

2024 3795 2148 3848 buet
2176 3794 2333 3863 cujus
2364 3794 2555 3848 arrhas
2599 3793 2761 3848 modo
2791 3788 2883 3862 per
2914 3792 3249 3862 baptismum
3307 3791 3480 3847 dedit.
3515 3789 3605 3846 Si-

2023 3887 2224 3941 tniliter
2256 3896 2310 3942 et
2347 3886 2400 3939 in
2441 3885 2590 3939 omni
2621 3893 2868 3954 tempore
2900 3885 3274 3941 necessarium
3306 3893 3392 3939 est
3421 3882 3602 3951 bapti-

2023 3994 2169 4043 zare,
2208 3994 2276 4034 ne
2304 3978 2432 4049 quid
2493 3977 2825 4032 incommodi
2863 3976 3095 4032 fortasse
3148 3976 3364 4031 accidat
3413 3984 3469 4030 et
3497 3975 3598 4030 ali-

2021 4072 2146 4140 quis
2171 4087 2277 4126 non
2299 4070 2679 4125 sanctiﬁcatus
2699 4069 2946 4136 decedat,
2968 4069 3022 4124 id
3045 4078 3131 4124 est
3154 4071 3273 4124 sine
3301 4067 3597 4135 baptismo,

2021 4173 2075 4219 et
2110 4165 2301 4234 ingens
2329 4163 2454 4218 inde
2482 4162 2587 4217 erit
2627 4163 2922 4227 damnum;
2966 4161 3060 4230 qui
3096 4161 3240 4215 enim
3272 4176 3377 4214 non
3429 4161 3607 4228 bzzpti‘

2022 4267 2176 4312 zatus
2213 4256 2536 4324 fuerit..non
2583 4255 2768 4310 salvus
2799 4254 2922 4309 erit.
2958 4252 3407 4322 Oportetautem,
3433 4267 3606 4319 quan-

2020 4361 2136 4403 tum
2178 4347 2292 4402 ﬁeri
2325 4355 2520 4417 potest,
2553 4346 2850 4415 baptismos
2890 4361 3014 4400 cum
3044 4340 3390 4400 solemnitate
3428 4353 3482 4398 et
3508 4356 3580 4411 po

2024 4445 2214 4492 testate
2237 4437 2497 4502 conferri,
2521 4437 2966 4506 sacerdotetnque
2988 4451 3108 4491 esse
3123 4435 3430 4504 diligentem
3449 4444 3496 4489 et
3519 4449 3616 4490 so-

344 4520 555 4590 καὶτῆς
583 4520 931 4580 ἀναστάσεως
985 4517 1082 4587 τὴν
1131 4516 1432 4570 ἀθανασίαν
1475 4517 1568 4568 καὶ
1609 4515 1921 4584 ἀφθαρσίαν

2028 4531 2227 4595 brium,
2261 4546 2385 4584 nam
2411 4531 2706 4583 maximum
2735 4527 2824 4583 Dei
2846 4544 2983 4598 opus
3003 4537 3277 4598 Operatur,
3305 4527 3612 4596 nempelto—

345 4609 758 4679 ὲλάὸομεν,καὶ
815 4610 914 4678 τὴν
976 4609 1276 4680 μέλλουσαν
1347 4608 1566 4676 ἐκείνην
1634 4607 1926 4677 ἐλπίζομεν

344 4703 639 4756 ἁνάστασίν
677 4719 734 4755 τε
765 4705 860 4755 καὶ
884 4702 1255 4766 ἀνακαίνισιν,
1293 4701 1390 4754 καὶ
1437 4699 1583 4770 ζωὴν
1635 4700 1735 4768 τὴν
1791 4698 1924 4753 αίὼ-

345 4815 477 4859 νιον,
507 4792 570 4868 ἧς
601 4796 789 4865 γέγονε
813 4797 1044 4867 Χριστὸς
1069 4797 1316 4868 ἀπαρχὴ,
1349 4797 1376 4849 6
1434 4795 1593 4866 μόνος
1655 4794 1730 4848 ὢν
1793 4795 1927 4848 ἁνα-

347 4891 642 4960 μάρτητος,
683 4889 869 4942 παθὼν
896 4889 1035 4958 ὑπὲρ
1068 4889 1224 4959 ἡμῶν
1273 4888 1380 4941 τῶν
1426 4887 1793 4957 ἁμαρτωλῶν,
1831 4887 1925 4940 καὶ

344 4986 370 5032 ὁ
402 4982 476 5052 μὴ
507 4983 736 5049 ὀφείλων
768 4983 1080 5043 ἀποθανεῖν,
1117 4980 1191 5043 ὡς
1245 4981 1324 5052 μὴ
1371 4980 1702 5052 ἁμαρτήσας
1761 4980 1920 5054 ὅλως,

345 5073 485 5144 ὑπὲρ
515 5074 670 5144 ἡμῶν
698 5074 1004 5128 ἀποθανών.
1057 5075 1120 5128 Ἠ
1151 5075 1259 5143 γὰρ
1292 5074 1537 5144 ἁμαρτία
1571 5072 1663 5126 τοῦ
1693 5072 1923 5126 θανάτου

347 5169 460 5219 ἐστὶ
483 5167 543 5220 τὸ
572 5167 816 5238 κέντρον,
852 5167 926 5230 ὡς
972 5168 1035 5220 Ἥ
1051 5170 1199 5230 ῖαΐας
1231 5169 1326 5221 καὶ
1391 5167 1603 5228 Παῦλος
1645 5167 1919 5234 λέγουσιν,

344 5258 684 5328 ἧτοιὴάρχὴ
735 5259 828 5311 καὶ
889 5259 1012 5330 ῥίζα
1067 5262 1161 5312 καί
1227 5260 1504 5329 πρόξενος.
1560 5260 1734 5322 Αὐτὸς
1789 5260 1845 5312 δὲ
1896 5261 1924 5311 ὁ

345 5349 578 5418 Χριστὸς
608 5351 681 5419 μὴ
711 5351 1028 5420 πεποιηκὼς
1079 5353 1377 5421 ἁμαρτίαν,
1431 5353 1524 5404 καὶ
1575 5350 1649 5421 μὴ
1693 5351 1926 5418 ὀφείλων

349 5440 666 5502 ἀποθανεῖν,
689 5441 924 5494 ἀπέθανε
954 5442 1022 5494 δι’
1051 5445 1197 5512 ἡμᾶς
1233 5459 1244 5473 ’
1280 5443 1375 5495 καὶ
1415 5443 1499 5496 διὰ
1530 5442 1686 5497 τοῦτο
1721 5459 1924 5512 καταρ-

347 5534 521 5597 γῆσεις
552 5532 641 5583 τὸν
681 5531 928 5598 θάνατον,
974 5535 1356 5606 ἐξεγήγερται,
1423 5536 1518 5588 καὶ
1565 5537 1630 5587 τὰ
1679 5536 1924 5604 ἡμέτερα

349 5621 494 5690 πάθη
517 5622 737 5683 καὶτὴν
769 5626 1093 5696 κατάκρισιν
1142 5629 1318 5695 ἔλυσε,
1379 5627 1568 5681 παθὼν
1621 5629 1648 5680 ὁ
1705 5628 1924 5696 ἀπαθὴς

345 5713 410 5766 δι’
441 5713 636 5768 ἑαυτοῦ
665 5730 679 5745 ⁸
712 5719 1000 5787 γενόμενός
1029 5739 1087 5774 τε
1133 5723 1372 5793 ἀρχηγὸς
1405 5725 1502 5794 τῆς
1545 5726 1694 5795 ζωῆς
1740 5724 1922 5792 ἡμῶν,

347 5806 421 5868 εἰς
455 5805 576 5869 τοὺς
633 5806 892 5877 οὖρανοὺς
961 5813 1259 5885 ἀνελήφθη.
1305 5817 1416 5871 Καὶ
1472 5819 1519 5870 οἱ

1586 5816 1837 5886 ἐνῖεὖνμέ
1850 5832 1921 5868 vo:

2031 4624 2194 4678 minis
2215 4622 2685 4678 instaurationem.
2717 4621 2820 4677 Sed
2843 4623 2908 4676 ad
2929 4622 3267 4693 propositum
3297 4619 3609 4676 redeamus.

2031 4716 2314 4772 Prazeunte
2347 4713 2626 4785 pontiﬁce,
2645 4713 2864 4769 adducit
2903 4713 3235 4783 baptizatum
3271 4726 3507 4782 sponsor
3546 4712 3612 4764 ad

2029 4824 2240 4866 sacram
2271 4805 2562 4877 piscinam,
2605 4821 2746 4876 praes
2770 4805 3002 4860 libenter
3025 4805 3393 4859 accedentem.
3421 4803 3615 4857 Adstat

2028 4901 2276 4972 pontifex
2304 4899 2585 4955 Christum
2612 4901 2787 4968 ipsum
2820 4897 3084 4961 referens,
3119 4897 3240 4964 ejus
3276 4895 3482 4950 habens
3517 4910 3614 4963 po-

2029 5002 2305 5055 testatem,
2337 4999 2390 5046 et
2425 4991 2664 5060 repletur
2701 4990 2908 5059 piscina
2943 5003 3082 5058 aqua
3113 4986 3404 5041 Iordanem
3437 4986 3616 5054 expri-

2028 5100 2207 5138 mens.
2246 5083 2640 5137 Accendutttur
2661 5082 2821 5136 etiam
2853 5079 3059 5133 lumina
3086 5078 3287 5148 quibus
3305 5079 3613 5132 ostenditur

2031 5177 2272 5246 Spiritus
2305 5175 2658 5241 illuminatio,
2699 5185 2747 5229 et
2779 5173 2917 5244 quia
2957 5173 3265 5243 baptizatus
3283 5187 3348 5226 ex
3375 5172 3614 5228 tenebris

2031 5271 2183 5325 venit
2206 5270 2269 5324 ad
2303 5270 2476 5324 lucem
2513 5281 2566 5323 et
2596 5268 2709 5339 jam
2743 5267 2801 5322 ﬁt
2836 5267 2980 5322 ﬁlius
3013 5267 3170 5321 lucis.
3205 5267 3426 5322 Circum
3477 5267 3614 5320 alta-

2029 5379 2088 5417 re
2113 5365 2236 5416 thus
2267 5361 2508 5416 incendit
2541 5359 2805 5429 pontifex,
2835 5360 3037 5414 bonum
3067 5360 3294 5414 odorem
3330 5369 3384 5414 et
3411 5358 3614 5414 sancti-

2032 5453 2338 5506 lit-ationem
2402 5449 2638 5518 Spiritus
2701 5449 3038 5520 signiﬁcans,
3101 5449 3192 5518 qui
3257 5465 3472 5505 omnem
3516 5448 3616 5503 luit

2030 5556 2374 5618 peccatorum
2402 5545 2673 5608 faetorem,
2697 5553 2922 5599 sanctus
2953 5545 3098 5598 enim
3119 5544 3376 5612 Spiritus.
3414 5540 3614 5593 Deinde

2049 5641 2093 5692 In
2118 5638 2394 5692 ncdicitet
2415 5637 2654 5690 celebrat
2695 5635 2933 5706 pontifex
2969 5650 3190 5705 regnum
3254 5643 3457 5689 sanctae
3496 5631 3615 5685 Trio

2029 5730 2216 5784 uitatis
2248 5729 2412 5782 unius
2451 5726 2563 5794 Dei,
2600 5743 2723 5783 nam
2753 5729 2868 5796 ipsa
2936 5735 3126 5796 regnat
3174 5725 3308 5792 sola,
3361 5733 3413 5778 et
3463 5736 3613 5777 nunc

2031 5823 2273 5892 regnarit
2308 5838 2336 5877 τι
2367 5821 2602 5887 maligno
2663 5820 2899 5891 eripiens
2937 5819 3136 5875 mundo
3196 5819 3609 5889 regeneratum;
