4038 6440
380 303 496 367 9‘23
1219 303 1606 367 SYMEONIS
1638 303 2405 373 THESSALONICENSIS
2439 314 2801 381 ARCHIEP.
3547 315 3658 383 224

387 422 580 478 Postea
616 419 779 476 dictis
808 436 837 476 a
861 419 1092 476 diacono
1118 421 1270 491 pacis
1301 420 1555 490 precibus
1604 427 1659 475 et
1709 418 1967 476 obsecra-

2096 427 2242 494 jttdc
2269 425 2439 481 αὐτὸν
2463 427 2542 497 τῷ
2569 429 2934 500 βαπτίσματι,
2969 432 3067 487 ἀπ’
3083 430 3315 504 οὐρανοῦ
3358 430 3522 487 αὐτὸν
3568 437 3663 488 ὲκ-

389 514 649 577 tionibus.
680 522 734 568 et
765 513 967 582 popu'o
994 512 1265 568 clamante
1296 528 1310 567 :
1338 512 1524 580 erie,
1563 513 1793 577 eleison,
1846 528 1972 568 nam

2096 519 2355 589 ῖεχόμεθα
2385 539 2400 597 τ
2436 522 2525 575 ὅτε
2548 523 2646 577 καὶ
2678 523 2979 593 ἀναστήσει
3002 526 3171 594 ἡμᾶς,
3204 525 3297 578 καὶ
3326 523 3424 595 τὴν
3450 525 3663 594 ἀφθαρ-

386 623 515 662 vere
540 623 734 676 magna
777 606 850 661 ibi
884 606 1200 662 decernitur
1251 605 1651 671 miscrictrdia,
1707 607 1760 661 in
1804 606 1972 663 filium

387 692 640 768 adoptato
663 714 730 755 eo
760 699 853 770 qui
916 699 1069 769 prius
1124 708 1245 753 erat
1306 707 1560 768 peccator
1588 707 1643 753 et
1695 698 1973 764 inimicus,

387 792 630 863 pontifex
668 808 767 862 pro
797 791 1093 862 semetipso
1122 806 1218 847 ore
1251 807 1350 848 suo
1380 800 1634 862 precatur
1695 794 1976 861 postulans

391 894 497 939 uta
539 885 650 941 Deo
703 886 997 956 puritatem
1031 893 1087 941 et
1116 885 1560 956 propitiationem
1590 885 1853 949 inveniat,
1908 901 1976 956 ne

389 981 519 1035 dum
543 978 681 1035 alios
712 988 929 1050 purgat,
954 979 1070 1048 ipse
1103 979 1344 1047 peccatis
1378 979 1697 1046 inquinatus
1731 978 1979 1034 invenia-

392 1084 505 1139 tur;
539 1073 794 1127 virtutem
822 1072 987 1127 etiam
1021 1071 1267 1142 deposcit
1318 1078 1374 1126 et
1434 1071 1665 1141 gratiam
1730 1071 1869 1127 bene
1923 1081 1978 1128 et

392 1166 736 1220 convenienti
790 1165 951 1220 modo
1002 1164 1263 1236 mysterio
1318 1163 1975 1233 ministrandi.Magnum

391 1256 537 1309 enim
567 1263 649 1310 est
670 1255 990 1327 mysterium
1015 1255 1227 1325 angelis
1257 1254 1768 1319 circumstantibus,
1812 1254 1977 1310 Cbri-

391 1358 478 1400 sto
511 1347 744 1401 formam
783 1348 940 1418 aquis
978 1347 1267 1418 largiente,
1306 1346 1512 1418 Spiritu
1563 1359 1757 1405 saneto
1810 1349 1977 1406 adve—

391 1442 594 1506 niente,
619 1447 676 1495 et
699 1441 973 1510 baptizato
1002 1457 1069 1497 ex
1126 1442 1333 1511 polluto
1362 1450 1419 1497 et
1459 1452 1747 1513 peccatore
1777 1452 1833 1498 et
1878 1441 1982 1497 im-

392 1535 600 1589 mundo
632 1543 687 1589 et
718 1534 944 1591 inimico
971 1546 1026 1589 et
1047 1544 1310 1604 corrupto
1332 1534 1447 1603 jam
1496 1544 1687 1591 sancto
1736 1542 1792 1591 et
1819 1550 1975 1605 puro,

391 1639 447 1681 et
474 1627 584 1681 filio
610 1627 698 1681 Dei
735 1636 789 1681 et
819 1628 1225 1698 incorruptibill
1259 1629 1425 1685 facto.
1477 1627 1523 1685 Ο
1575 1643 1824 1702 magnam
1858 1644 1982 1701 gra-

392 1721 526 1775 tiam
554 1721 567 1774 i
600 1720 644 1775 Ο
675 1720 880 1776 donum
909 1721 1040 1777 Deii
1074 1719 1117 1776 0
1143 1723 1419 1791 ingentem
1463 1738 1594 1793 erga
1622 1738 1724 1780 nos
1776 1724 1979 1781 beneﬁ-

395 1814 650 1868 cientiam
714 1824 767 1868 et
823 1815 1090 1885 gratiam!
1167 1815 1294 1871 Ideo
1358 1816 1646 1885 completis
1703 1819 1978 1886 precibus,

395 1905 643 1970 pontifex
706 1906 776 1961 ab
826 1906 1080 1960 oratione
1143 1920 1490 1979 exsurgens:
1550 1928 1570 1962 ι
1623 1908 1853 1980 Magnus
1901 1926 1980 1977 es,

398 1995 649 2063 Domine,
675 1996 894 2065 clamat,
933 2007 986 2051 ct
1010 1999 1281 2055 mirabilia
1308 2015 1473 2071 opera
1515 2008 1629 2059 tua.
1661 2021 1680 2054 ›
1710 2002 1865 2069 Quod
1905 2011 1987 2057 ter

397 2086 583 2152 iterat,
612 2088 913 2144 trinitatem
948 2090 1171 2145 deitatis
1196 2091 1449 2160 laudans,
1471 2102 1527 2149 et
1547 2093 1982 2151 benefacientem

397 2178 779 2249 magnificans.
811 2181 1013 2239 Deinde
1044 2183 1110 2238 ad
1139 2183 1487 2241 incarnatum
1556 2202 1652 2256 pro
1678 2186 1837 2242 nobis
1890 2187 1985 2242 Dei

398 2271 598 2327 Fdium
641 2275 951 2332 orationem
983 2277 1220 2347 erigens,
1251 2279 1480 2348 ejusque
1504 2295 1533 2334 a
1572 2280 1843 2352 principio
1866 2296 1987 2336 om-

395 2364 488 2429 nia
513 2379 791 2437 exponens
818 2369 1107 2440 miracula,
1142 2374 1465 2443 mysterium
1491 2374 1610 2445 ejus
1649 2384 1705 2431 et
1733 2377 1987 2433 incarna-

332 2494 339 2497 -
401 2466 607 2520 tionem
637 2481 701 2520 ex
748 2465 1046 2539 Virginein
1076 2466 1282 2538 Spiritu
1336 2467 1535 2525 factam
1557 2471 1610 2525 in
1664 2470 1985 2527 memoriam

398 2566 620 2613 revocat
677 2557 905 2630 ejusque
947 2559 1003 2614 in
1046 2558 1289 2615 Iordane
1334 2559 1674 2631 baptismum
1727 2576 1839 2632 quo
1888 2576 1990 2618 nos

397 2652 724 2707 instauravit
755 2651 1110 2725 confringens
1138 2655 1319 2723 capita
1372 2652 1676 2708 draconum
1736 2653 1789 2706 in
1823 2666 1987 2723 aqua,

397 2753 565 2816 prout
592 2745 732 2800 dixit
789 2744 1085 2815 Propheta.
1153 2747 1282 2802 ideo
1342 2746 1675 2816 deprecatur
1738 2761 1872 2802 eum
1931 2753 1993 2800 ut

400 2838 552 2915 adsit
584 2855 682 2907 per
711 2840 1091 2897 advenientem
1118 2839 1381 2911 Spiritum
1418 2849 1672 2896 sanctum
1705 2846 1762 2895 et
1792 2853 1989 2915 aquam

404 2932 736 2996 sanetilicet,
762 2948 889 2988 nam
921 2932 1191 2988 indivisus
1224 2941 1309 2988 est
1332 2932 1503 2989 Filius
1528 2948 1558 2988 ιι
1590 2932 1753 2988 Patre
1776 2913 1843 2989 et
1863 2932 1991 3002 Spi-

400 3025 536 3087 ritu,
563 3035 620 3080 et
640 3026 952 3099 communis
980 3035 1065 3081 est
1084 3026 1167 3081 eis
1198 3026 1396 3094 gratia.
1431 3025 1538 3082 Ter
1571 3039 1771 3095 aquam
1824 3040 1988 3080 manu
2017 3058 2024 3065 -

2079 615 2203 667 σῐαν
2229 616 2437 679 τελέως
2472 617 2796 688 χορηγήσει,
2832 612 2902 690 ἧς
2931 618 3059 681 τοὺς
3083 617 3415 690 ἀρραϐῶνας
3446 618 3542 672 νῦν
3572 618 3664 672 διὰ

2079 704 2173 758 τοῦ
2200 704 2586 776 βαπτίσματος
2619 710 2871 766 δέδωκεν.
2907 712 3098 782 Ὀμως
3131 712 3228 767 καὶ
3267 712 3326 765 tv
3348 717 3512 766 παντὶ
3541 729 3664 766 και-

2080 797 2160 867 ρῷ
2185 799 2488 867 ἀναγκαῖόν
2520 802 2639 855 ἐστι
2672 801 2980 872 βαπτίζειν,
3013 804 3089 875 μή
3142 803 3277 857 ποτέ
3323 821 3379 857 τι
3432 803 3665 872 κώλυμα

2076 890 2325 958 γένηται,
2358 892 2455 946 καί
2485 910 2572 956 τις
2624 895 2834 968 ἀπέλθῃ
2879 896 3148 966 ἀμύητος,
3203 897 3450 950 τουτέστι
3495 896 3667 964 χωρὶς

2084 981 2491 1054 βαπτίσματος.
2526 988 2636 1055 Kal
2661 987 2890 1059 πλείστη
2915 988 2982 1042 ἑκ
3019 987 3211 1043 τούτου
3261 988 3417 1041 ἔσται
3469 987 3662 1057 ζημία.

2092 1075 2153 1130 Ὅ
2181 1078 2290 1147 γὰρ
2324 1078 2399 1148 μὴ
2431 1079 2753 1148 βαπτισθεὶς
2774 1081 2837 1135 οὐ
2875 1082 3204 1153 σωθήσεται.
3237 1083 3367 1136 Δέον
3422 1083 3481 1137 δι
3539 1082 3666 1136 ὅσον

2078 1170 2317 1240 ἐγχωρεῖ
2355 1174 2530 1225 ποιεῖν
2551 1174 2619 1227 τὰ
2652 1174 3010 1245 βαπτίσματα
3072 1175 3210 1244 μετὰ
3273 1174 3668 1246 λαμπρότητός

2077 1275 2137 1312 τε
2163 1263 2263 1315 καὶ.
2284 1262 2592 1326 εὐλαϐείας.
2616 1264 2722 1317 Τὸν
2747 1267 2897 1336 ῑερέα
2922 1281 2985 1319 τε
3017 1268 3126 1337 χρὴ
3178 1267 3546 1337 προσεκτικδν
3572 1271 3670 1320 καὶ

2078 1352 2344 1422 νηφάλιον
2363 1351 2526 1410 εἶναι.
2570 1354 2678 1410 Τοῦ
2715 1356 2853 1411 Θεοῦ
2888 1357 2998 1430 γὰρ
3066 1359 3129 1413 τὸ
3191 1360 3452 1428 μέγιστον
3504 1359 3670 1427 ἔργον

2080 1445 2377 1517 διενεργεϊ,
2404 1448 2506 1517 τὴν
2532 1449 2643 1503 τῶν
2672 1451 2982 1522 ἀνθρώπων
3026 1452 3363 1507 ἀνάπλασιν.
3404 1453 3545 1508 Ἀλλ’
3576 1452 3671 1506 ἐπὶ

2079 1538 2142 1592 τὸ
2166 1540 2536 1610 προκείμενον
2568 1541 2839 1614 ἔλθωμεν.
2871 1542 2980 1597 Ινοῦ
3040 1544 3349 1615 ἀρχιερέως
3398 1561 3671 1614 προηγου-
3768 1614 3771 1617 _

2085 1631 2274 1700 μένου,
2313 1634 2586 1704 προσάγει
2611 1637 2704 1690 τδν
2744 1637 3146 1708 βαπτιζόμενον
3201 1642 3231 1693 6
3287 1640 3546 1709 ἁνάδοχος
3602 1642 3671 1709 τῇ

2084 1726 2209 1797 ἱερᾷ
2261 1729 2618 1800 κολυμϐήθρα
2653 1745 2669 1760 ο
2724 1730 2755 1782 6
2825 1730 3180 1801 ἐγγυώμενος
3241 1733 3336 1786 τὸν
3408 1733 3674 1796 ἑκουσίως

2088 1823 2555 1891 προσερχόμενον.
2587 1823 2700 1876 Kal
2733 1824 2948 1879 ῑσταται
2977 1827 3005 1880 6
3051 1827 3366 1896 ἀρχιερεὺς,
3393 1827 3487 1881 τδν
3538 1827 3677 1896 Χρι-

2090 1914 2220 1967 στὸν
2250 1915 2414 1968 αὐτὸν
2441 1916 2721 1979 ἐκτυπῶν,
2746 1918 3037 1988 τὴν¹αὒτοῦ
3063 1918 3297 1988 δύναμιν
3343 1919 3506 1989 ἔχων.
3566 1919 3677 1975 Kal

2088 2005 2453 2078 πληροῦταιὴ
2491 2008 2854 2081 κολυμϐήθρα
2903 2009 3117 2079 ὓδατος,
3151 2011 3243 2065 τὸν
3276 2011 3553 2081 Ἰορδάνην
3582 2030 3680 2068 τυ-

2087 2098 2291 2154 ποῦσα.
2321 2100 2432 2155 Καὶ
2456 2101 2793 2156 ἀνάπτονται
2824 2103 2998 2172 φῶτα,
3027 2104 3121 2157 τὸν
3147 2103 3430 2175 φωτισμὸν
3451 2104 3680 2176 δηλοῦν-

2087 2208 2158 2246 τα
2179 2191 2273 2246 τοῦ
2308 2193 2656 2263 Πνεῦματοςο
2682 2197 2776 2250 καὶ
2807 2197 2890 2251 ὅτι
2941 2196 2971 2249 6
3017 2195 3417 2268 βαπτιζόμενος
3470 2198 3534 2252 ὲκ
3573 2198 3672 2253 τοῦ

2092 2284 2319 2348 σκότους
2343 2285 2562 2356 ἔρχεται
2591 2286 2727 2358 πρὸς
2757 2290 2818 2341 τὸ
2853 2286 2991 2357 φῶς,
3047 2288 3144 2343 καὶ
3176 2289 3293 2354 υίὸς
3343 2289 3524 2359 φωτὸς
3576 2290 3678 2362 ήδη

2089 2375 2322 2443 γίνεται.
2350 2376 2536 2448 Θυμιᾷ
2564 2394 2625 2431 τε
2664 2377 2852 2449 κύκλῳ
2891 2376 2989 2449 τὴν
3028 2379 3419 2452 κολυμϐήθραν
3437 2382 3465 2435 6
3494 2380 3683 2450 ἀρχιε-

2095 2469 2243 2537 ρεὺς,
2274 2469 2374 2540 τὴν
2397 2470 2632 2524 εὐωδίαν
2662 2471 2758 2525 καὶ
2790 2472 3102 2542 ἁγιωσύνην
3125 2472 3303 2544 δηλῶν
3356 2472 3451 2526 τοῦ
3504 2473 3683 2526 Πνεύ-
3747 2484 3753 2488 ’

2095 2577 2288 2631 ματος,
2319 2558 2414 2614 τοῦ
2439 2561 2626 2614 πᾶσαν
2679 2561 2950 2616 δυσωδίαν
3014 2562 3432 2633 ἁμαρτημάτων
3482 2561 3687 2618 ἐκπλύ-

2091 2668 2294 2711 νοντος.
2321 2652 2428 2723 81
2458 2650 2650 2721 Ἀγιον
2676 2651 2786 2722 γὰρ
2816 2651 2875 2706 τὸ
2906 2653 3149 2723 Πνεῦμα.
3177 2650 3311 2708 Εἶτα
3347 2653 3562 2722 εὐλογεῖ
3587 2654 3685 2708 καὶ

2093 2744 2255 2813 ὑμνεῖ
2281 2743 2382 2814 τὴν
2416 2744 2698 2816 βασιλείαν
2732 2745 2834 2813 τῆς
2864 2744 3030 2814 ἁγίας
3076 2745 3308 2813 Τριάδος
3366 2745 3462 2799 τοῦ
3519 2745 3685 2816 μόνου

2092 2834 2231 2889 Θεοῦ
2262 2837 2291 2891 6
2320 2836 2641 2907 ἀρχιερεύς.
2671 2837 2826 2908 Μόνη
2858 2838 2968 2909 γὰρ
3016 2836 3156 2910 αὕτη
3215 2837 3493 2907 βασιλεύει
3515 2855 3531 2870 ο
3590 2842 3687 2893 καὶ

2092 2929 2175 2981 ὅτι
2205 2928 2302 2982 νῦν
2329 2930 2705 2999 ἐϐασίλευσεν,
2738 2912 2807 2984 εκ
2836 2929 2932 2986 τοῦ
2969 2932 3211 3005 πονηροῦ
3255 2933 3542 3005 ῥυσαμένη
3593 2932 3688 2986 τὸν

2094 3020 2220 3089 ἄρτι
2241 3020 2711 3092 ἁναγεννῶμενον.
2740 3019 2874 3078 Εἶτα
2899 3024 3214 3093 λεγομένων
3238 3024 3350 3078 τῶν
3389 3024 3687 3096 εἰρηνικῶν

400 3116 458 3171 in
493 3116 723 3173 formam
759 3118 942 3172 crucis
994 3117 1194 3188 signat,
1228 3116 1509 3171 Christum
1566 3124 1986 3186 repraesentans.

2100 3112 2414 3184 προσευχῶν
2448 3115 2544 3168 καὶ
2572 3115 2844 3187 αἰτήσεων
2900 3116 3053 3183 παρὰ
3109 3115 3204 3169 τοῦ
3257 3114 3528 3180 διακόνου,
3590 3115 3688 3168 καὶ

402 3217 458 3261 οι
483 3208 689 3278 ﬂagitat
714 3215 773 3262 ut
798 3220 919 3262 eam
955 3207 1120 3263 faciat
1154 3209 1385 3265 .fontem
1455 3206 1886 3278 immortalitatis
1938 3217 1995 3264 et

406 3309 622 3355 caetera.
664 3299 869 3355 Deinde
921 3300 1071 3356 brevi
1134 3300 1323 3371 elapso
1378 3270 1657 3372 temptfre,
1715 3316 1907 3359 rursus
1938 3303 1994 3358 in

408 3404 608 3458 aquam
636 3399 719 3444 ter
748 3390 991 3446 insufﬂat
1017 3391 1257 3457 divinam
1285 3392 1335 3447 ei
1361 3393 1594 3463 gratiam
1622 3392 1990 3463 copiosiorem

409 3481 732 3549 infundens,
756 3482 1035 3539 Christum
1064 3484 1308 3549 imitans,
1335 3492 1390 3540 et
1405 3484 1576 3542 illud:
1610 3502 1631 3537 ι
1660 3483 1728 3538 Et
1757 3483 1995 3557 Spiritus

410 3575 508 3631 Dei
542 3575 821 3632 ferebatur
844 3592 1011 3645 super
1035 3592 1229 3648 aquas,
1257 3596 1277 3631 ι
1307 3593 1528 3635 rursum
1594 3595 1695 3652 per
1724 3581 1994 3652 baptisma

409 3671 527 3727 ﬁeri
550 3672 933 3740 comprobatus.
971 3671 1121 3727 lllam
1144 3684 1366 3741 quoque
1394 3672 1592 3728 iterum
1615 3686 1780 3728 manu
1815 3672 1998 3743 signat

410 3780 629 3821 crucem
659 3760 924 3837 ﬁgurans,
951 3777 1007 3822 et
1059 3767 1137 3821 ait
1167 3783 1181 3821 :
1221 3785 1239 3818 ι
1262 3764 1695 3836 Confringantur
1734 3780 1764 3821 a
1815 3767 1997 3837 signa-

413 3859 534 3912 culo
558 3859 696 3928 signi
716 3858 899 3914 crucis
932 3866 1039 3912 tute
1062 3873 1257 3913 omnes
1278 3859 1606 3914 adversariae
1626 3866 1943 3928 potestates.
1971 3873 1991 3910 ι

411 3950 620 4006 Caetera
656 3961 838 4007 autem
874 3950 1006 4006 dicit
1062 3960 1125 4005 nt
1185 3951 1451 4020 spiritalis
1511 3950 1583 4006 sit
1635 3964 1779 4021 aqua
1837 3959 2000 4020 atque

413 4049 605 4098 sancta
637 4056 812 4110 neque
859 4042 914 4097 in
942 4055 1008 4098 ea
1063 4044 1228 4098 lateat
1258 4042 1555 4113 quidquam
1603 4043 1849 4114 maligni,
1900 4042 1998 4100 sed

415 4139 602 4207 pctius
651 4136 747 4192 ﬁat
811 4135 865 4190 ei
932 4135 1245 4192 adveneris
1295 4150 1536 4207 eumque
1597 4135 1885 4207 propellat,
1944 4143 2002 4190 et

414 4229 594 4300 possit
627 4228 931 4298 baptizatos
962 4229 1019 4283 in
1047 4241 1109 4282 ea
1133 4227 1381 4296 reticere,
1404 4228 1751 4284 sanctiﬁcare
1776 4236 1829 4283 et
1859 4228 2001 4284 filios

417 4323 650 4378 reddere
675 4332 731 4379 et
753 4323 960 4379 liberos
989 4323 1130 4379 lucis
1156 4322 1393 4380 efficere.
1420 4322 1514 4380 Sic
1542 4324 1712 4393 igitur
1739 4324 2002 4396 depreca-

418 4423 510 4469 tus
529 4424 583 4470 et
614 4415 739 4469 data
765 4429 899 4485 pace
931 4429 1052 4486 quas
1081 4421 1165 4470 est
1213 4414 1374 4471 Jesus
1417 4415 1697 4483 Cbristus,
1741 4416 1815 4473 ibi
1856 4416 1999 4472 enim

420 4508 576 4563 adest
601 4522 705 4577 pax
737 4523 857 4577 qua:
880 4516 1176 4580 exsuperat
1203 4524 1422 4566 omnem
1452 4523 1674 4565 sensum
1724 4508 2001 4573 Christus,

420 4600 538 4669 ipse
566 4614 787 4670 quoque
823 4616 1008 4671 pacem
1045 4601 1243 4672 accipit
1275 4603 1543 4674 pontifex.
1613 4600 1679 4657 Et
1740 4586 2002 4659 inclinato

421 4692 622 4760 capite,
656 4692 710 4746 in
738 4693 1034 4762 semetipso
1058 4692 1252 4749 iterum
1273 4703 1546 4762 precatur,
1570 4693 1625 4748 in
1648 4692 2007 4761 tranquillita-

425 4792 499 4847 te,
533 4783 816 4852 pacificum
851 4794 905 4840 ct
931 4785 1204 4855 placidum
1238 4785 1444 4856 ubique
1490 4786 1768 4841 advocans
1818 4783 2002 4840 Jcsum

420 4876 851 4932 dicendouTu
903 4877 1078 4947 quiin
1142 4878 1435 4934 Jnrdanem
1498 4878 1780 4950 ingressus
1834 4894 2006 4948 aquas

418 4970 798 5037 sanctificasti,
827 4971 1016 5041 accipe
1046 4986 1146 5026 nos
1171 4985 1363 5026 servos
1382 4983 1508 5026 tuos
1530 4985 1716 5026 coram
1748 4980 1799 5026 te
1824 4970 2010 5041 proci.

423 5062 635 5129 dentes,
662 5072 714 5117 et
735 5064 1015 5119 sanctiﬁea
1069 5079 1242 5134 aquas
1305 5063 1438 5119 istas
1474 5072 1526 5118 et
1589 5078 1713 5126 nos,
1764 5066 2009 5133 ﬁantque

424 5153 586 5208 nobis
620 5154 671 5208 in
705 5157 992 5210 sanitatem
1047 5160 1245 5211 animae
1268 5165 1323 5211 et
1352 5155 1629 5225 corporis.
1650 5175 1670 5208 ι
1723 5155 1788 5211 Et
1810 5170 2006 5210 exsur-

425 5262 582 5314 gens,
614 5257 927 5303 monstrans
964 5249 1241 5305 Cbzistum
1270 5265 1369 5306 nos
1395 5250 1574 5320 lapsos
1596 5250 1808 5321 erigere
1854 5249 2009 5318 bym-

429 5338 517 5393 nis
538 5354 662 5393 eum
682 5342 917 5397 celebrat
942 5352 1199 5412 tanquam
1216 5343 1463 5396 omnium
1489 5342 1968 5397 sanctificatorem.
1983 5361 2001 5395 ι

429 5431 586 5486 'l‘nnc
624 5448 752 5503 ergo
784 5432 939 5502 plena
993 5442 1078 5488 est
1125 5435 1329 5504 piscina
1390 5433 1653 5504 Spiritus,
1708 5444 1761 5490 et
1822 5444 2008 5491 sancta

426 5540 571 5594 aqua
601 5541 722 5594 quae
752 5525 1101 5582 invisibiliter
1131 5512 1577 5597 Christumgerit
1610 5527 1662 5580 in
1698 5527 2010 5596 semetipsa.

430 5619 541 5673 Sed
583 5636 707 5674 cum
737 5629 985 5691 oporteat
1015 5622 1177 5676 etiam
1209 5636 1327 5675 eam
1375 5635 1496 5676 esse
1555 5623 1771 5691 signum
1815 5622 2013 5677 divina:

436 5715 854 5781 misericordire,
887 5714 993 5769 boc
1041 5728 1260 5785 quoque
1313 5715 1443 5769 facit
1499 5725 1750 5771 sanctum
1794 5715 2007 5780 oleum;

433 5819 596 5878 aqua:
627 5808 770 5861 cnim
801 5805 1072 5880 significat
1095 5806 1427 5864 ablutionem
1450 5816 1503 5864 ct
1533 5806 1932 5880 purgationem,
1963 5819 2015 5862 et

2095 3205 2191 3259 τοῦ
2223 3205 2357 3260 λαοῦ
2414 3205 2496 3271 τὺ,
2529 3225 2548 3260 ι
2577 3207 2776 3279 Κύριε,
2810 3207 3058 3278 ἐλέησον,
3099 3225 3118 3261 ι
3155 3205 3479 3272 ὲκϐοῶντοςι
3516 3206 3689 3271 ὅντως

2097 3298 2211 3369 γὰρ
2250 3300 2429 3354 ἐκεῖσε
2449 3298 2511 3355 τὸ
2538 3302 2634 3355 τοῦ
2659 3299 2798 3356 Θεοῦ
2852 3300 2999 3372 μέγα
3035 3298 3468 3370 ὲπιϐραϐεύεται
3514 3299 3688 3366 ἔλεος,

2097 3392 2510 3462 υίοθετουμένου
2552 3392 2649 3448 τοῦ
2701 3393 2835 3463 πρὶν
2905 3392 3104 3465 ἐχθροῦ
3156 3410 3216 3446 τε
3266 3391 3366 3447 καὶ
3423 3391 3683 3460 ἐναγοῦς,

2097 3487 2124 3539 6
2147 3484 2444 3556 ἀρχιερεὺς
2472 3485 2552 3547 si;
2577 3485 2774 3539 ἑαυτὸν
2803 3482 3025 3555 εὔχεται
3053 3483 3197 3565 ὑπὲρ
3225 3480 3448 3546 ἑαυτοῦ,
3506 3481 3691 3551 ζητῶν

2098 3577 2163 3631 ὲκ
2184 3577 2321 3632 θεοῦ
2347 3577 2620 3649 κάθαρσίν
2649 3594 2708 3631 τε
2758 3576 2854 3630 καὶ
2917 3566 3177 3647 ίλασμδιί
3212 3576 3415 3648 εὑρεῖν,
3470 3577 3558 3629 ἵνα
3611 3575 3692 3645 μὴ

2098 3667 2295 3733 ἄλλους
2322 3668 2625 3741 καθαίρων,
2660 3667 2826 3730 αὐτὸς
2857 3667 3275 3738 μεμολυσμένος
3336 3669 3460 3731 ταῖς
3506 3667 3694 3736 ἁμαρ-

2096 3760 2244 3825 τίαις
2269 3761 2489 3833 εὑρεθῇ.
2525 3762 2635 3817 Kal
2673 3762 2826 3831 ίσχὺν
2849 3759 3145 3825 ἑξαιτεῖται
3180 3761 3275 3814 καὶ
3296 3760 3476 3833 χάριν,
3509 3760 3693 3824 καλῶς

2098 3873 2160 3909 τε
2197 3858 2293 3911 καὶ
2314 3857 2391 3921 ὡς
2415 3857 2625 3928 πρέπον
2656 3858 2809 3911 ἐστὶν
2832 3854 3249 3925 ὲξυπηρετῆσαι
3271 3855 3348 3924 τῷ
3382 3855 3690 3925 μυστηρίῳ.

2100 3949 2258 4019 Μέγα
2287 3949 2400 4022 γὰρ
2432 3950 2495 4003 τὸ
2558 3951 2883 4020 μυστήριον,
2914 3948 3167 4017 ἀγγέλων
3225 3945 3691 4018 περιισταμένων,

2102 4042 2342 4112 Χριστοῦ
2382 4043 2777 4113 μορφουμένου
2810 4042 2925 4104 τοῖς
2958 4042 3137 4107 ὕδασι,
3180 4041 3502 4111 Πνεῦματος
3529 4039 3693 4107 ἁγίου

2106 4133 2517 4205 ὲπιφοιτῶντος,
2551 4135 2647 4189 καὶ
2671 4134 2768 4189 τοῦ
2793 4133 3195 4206 βαπτιζομένου
3224 4134 3335 4189 ἀπὸ
3367 4133 3696 4205 ῥερυπωμέ-

2103 4244 2199 4280 νου
2235 4227 2333 4282 καὶ
2371 4224 2704 4299 ἁμαρτωλοῦ
2734 4229 2832 4285 καὶ
2860 4228 3178 4302 ἀκαθάρτου
3208 4229 3305 4283 καὶ
3351 4227 3551 4300 ἐχθροῦ
3599 4229 3697 4282 καὶ

2106 4321 2351 4389 φθαρτοῦ
2387 4320 2548 4390 ἁγίου
2584 4323 2879 4393 γινομένου
2950 4322 3048 4378 καὶ
3114 4322 3363 4394 καθαροῦ
3419 4322 3515 4377 καὶ
3574 4321 3695 4376 υίοῦ

2106 4413 2243 4467 Θεοῦ
2273 4415 2370 4468 καὶ
2402 4414 2709 4486 ἀφθάρτου.
2771 4414 2839 4470 Ὠ
2887 4415 2990 4486 τῆς
3046 4415 3296 4487 μεγάλης
3346 4415 3614 4487 χάριτος-ί
3650 4415 3698 4469 ὣ

2108 4505 2209 4575 τῆς
2236 4506 2453 4578 δωρεᾶς
2483 4509 2581 4561 τοῦ
2603 4506 2779 4563 Θεοῦί
2818 4506 2864 4563 ὣ
2886 4508 2990 4579 τῆς
3010 4508 3150 4580 πρὸς
3177 4509 3324 4578 ἡμᾶς
3371 4507 3699 4579 εὐεργεσίας

2107 4581 2202 4654 καῖ
2225 4598 2492 4668 χάριτοςί
2526 4599 2621 4655 Διὸ
2650 4600 2747 4656 καὶ
2806 4599 3198 4672 πληρωθεισῶν
3233 4600 3345 4655 τῶν
3398 4601 3696 4670 αἰτήσεων,

2105 4690 2410 4756 ἐξαναστὰς
2435 4694 2461 4745 6
2483 4693 2776 4763 ἀρχιερεὺς
2809 4693 2920 4747 ἀπὸ
2963 4693 3063 4761 τῆς
3092 4692 3285 4765 εὐχῆς,
3315 4712 3333 4745 ι
3371 4693 3560 4763 Μέγας
3621 4691 3696 4760 εῐ,

2108 4783 2306 4853 Κύριε,
2334 4784 2522 4854 ἐκϐοᾷ,
2551 4785 2647 4838 καὶ
2665 4784 2955 4854 θαυμαστὰ
2967 4783 3038 4838 τὰ
3063 4784 3201 4854 ἔργα
3232 4800 3382 4848 seu.»
3410 4783 3520 4838 Kal
3537 4782 3700 4840 τοῦτο

2107 4873 2419 4942 ἁνακράζει
2441 4876 2584 4946 τρὶς,
2605 4875 2669 4929 τὸ
2701 4876 2924 4946 τρισσὸν
2953 4875 3210 4944 ἁνυμνῶν
3244 4876 3344 4944 τῆς
3403 4876 3695 4948 Θεότητος,

2109 4967 2201 5020 καὶ
2229 4966 2547 5038 μεγαλῦνων
2574 4969 2666 5020 τὸν
2692 4968 3011 5037 εὐεργέτην.
3048 4965 3180 5022 Εἶτα
3233 4967 3372 5040 πρδς
3416 4967 3510 5022 τὸν
3571 4984 3704 5040 σαρ-

2107 5058 2360 5113 κωθέντα
2386 5057 2530 5130 ὑπὲρ
2566 5059 2726 5130 ήμῶν
2756 5057 2887 5112 Υἱὸν
2923 5058 3016 5112 τοῦ
3042 5057 3179 5113 Θεοῦ
3207 5060 3309 5130 τὴν
3359 5058 3527 5131 εὐχὴν
3566 5061 3701 5115 ἁνα-

2117 5150 2320 5221 φέρων,
2348 5149 2446 5202 καὶ
2497 5148 2566 5203 τὰ
2623 5150 2880 5220 ἁπαρχῆς
2933 5151 3126 5204 τούτου
3161 5151 3339 5205 πάντα
3384 5150 3701 5219 καταλέγων

2113 5243 2416 5314 θαυμάσια,
2445 5241 2599 5305 τέλος
2623 5242 2716 5296 καὶ
2764 5240 2863 5311 τὴν
2923 5241 3200 5312 σάρκωσιν
3255 5243 3338 5306 εἰς
3387 5241 3703 5313 ὑπόμνησιν

2111 5338 2236 5406 ἄγει
2260 5335 2451 5389 τούτου
2481 5334 2582 5404 τὴν
2618 5337 2683 5387 ὲκ
2716 5332 2996 5405 Παρθένου
3028 5335 3086 5387 ὲν
3112 5333 3423 5402 Πνεύματι,
3478 5333 3578 5387 καὶ
3635 5334 3701 5389 τὸ

2115 5431 2401 5500 βάπτισμα
2441 5430 2499 5481 ἐν
2526 5427 2604 5496 τῷ
2642 5427 2905 5499 Ἰορδάνῃ,
2967 5426 3035 5480 δι’
3085 5425 3146 5480 οῦ
3195 5426 3347 5498 ἡμᾶς
3400 5427 3700 5495 ἀνέπλασε,

2116 5523 2413 5595 συντρίψας
2437 5522 2535 5586 τὰς
2563 5521 2807 5588 κεφαλὰς
2841 5522 2950 5575 τῶν
2982 5521 3295 5593 δρακόντων
3321 5520 3415 5575 ἐπὶ
3439 5520 3536 5574 τοῦ
3572 5519 3705 5574 ὕδα-

2115 5634 2228 5681 τος,
2253 5616 2327 5679 ὡς
2353 5617 2382 5669 6
2416 5614 2711 5685 Προφήτης
2739 5614 2927 5684 φησίν.
2961 5614 3128 5668 Ὅθεν
3156 5615 3248 5667 καὶ
3296 5615 3552 5683 παρεῖναι
3596 5611 3701 5666 αὐ-

2114 5710 2205 5765 τὸν
2232 5704 2640 5762 ὲκδυσωπεϊδιὰ
2657 5704 2757 5777 τῆς
2783 5706 3185 5776 ἐπιφοιτήσεως
3209 5704 3305 5757 τοῦ
3332 5706 3491 5773 ἁγίου
3526 5703 3703 5756 Πνεῦ-

2127 5816 2321 5873 ματος,
2348 5796 2443 5853 καὶ
2475 5797 2697 5870 ἁγιάσαι
2724 5796 2783 5852 τὺ
2817 5795 2980 5868 ὕδωρ.
3021 5793 3354 5867 Ἀχὼριστος
3381 5795 3489 5866 γὰρ
3523 5794 3549 5848 6
3572 5792 3703 5858 Υίέις
