4038 6426
300 343 409 407 2-5

1476 336 1503 357 '
1586 335 1685 397 DE
1716 333 2275 398 SACRAMENTIS.

3464 345 3572 408 £26

301 456 397 510 τοῦ
422 454 633 525 Πατρὺς
656 452 751 508 καὶ
785 452 881 507 τοῦ
920 452 1262 523 Πνεύματος,
1294 452 1390 507 καὶ
1422 454 1577 525 κοινὴ
1624 456 1656 524 ή
1718 453 1878 524 χάρις

2010 471 2094 508 am
2120 456 2461 511 sanctiﬁcata
2494 466 2598 523 est;
2627 458 2807 513 nicum
2856 475 2987 515 vero
3044 462 3281 518 divinam
3326 463 3583 533 patefacit

302 548 509 609 αὐτοῖς.
544 546 654 599 Καὶ
690 545 985 616 σφραγίζει
1009 546 1130 615 τρὶς
1153 548 1218 617 τῇ
1251 546 1396 616 χειρὶ
1427 546 1786 616 σταυροειδῶς
1819 545 1881 598 τὸ

300 637 466 709 ὕδωρ,
510 638 601 691 τὸν
665 637 902 707 Χριστὸν
960 637 1210 691 ἐντυπῶν
1250 639 1421 707 αὐτῷ.
1482 638 1594 690 Καὶ
1656 637 1882 706 ποιῆσαι

303 732 436 788 αὐτὸ
462 729 683 800 εὔχεται
714 729 1034 799 ἀφθαρσίας
1062 730 1266 800 πηγὴν,
1292 731 1389 784 καὶ
1422 731 1490 785 τὰ
1522 731 1704 785 λοιπά.
1747 728 1882 784 Εἶτα

212 826 217 827 ⁷
306 823 421 895 μετ’
441 823 620 891 ὀλίγον
654 822 816 875 πάλιν
846 822 1067 893 ἐμφυσᾷ
1089 821 1166 891 τῷ
1191 821 1343 876 ὕδατι
1370 822 1573 891 τρίτον,
1600 826 1697 891 τὴν
1731 822 1883 876 θείαν

303 915 465 985 χάριν
483 912 633 982 αύτῷ
662 912 1049 982 δαψιλέστερον
1097 912 1349 978 ἐντιθεὶς,
1405 912 1745 983 μιμούμενος
1792 913 1884 967 τὸν

302 1008 559 1078 Χριστὸν,
607 1009 699 1060 καὶ
732 1007 815 1068 τὸ,
844 1022 864 1058 ι
908 1004 1133 1076 Πνεῦμα
1184 1004 1321 1059 Θεοῦ
1360 1005 1659 1075 ἐπεφέρετο
1698 1007 1884 1061 ἐπάνω

302 1098 396 1151 τοῦ
424 1099 631 1162 ὓδατος,
664 1116 683 1149 ι
710 1098 801 1152 διὰ
832 1099 895 1151 τὸ
925 1093 1240 1167 βάπτισμα,
1280 1098 1519 1168 ἐξαρχῆς
1551 1093 1693 1151 εἶναι
1748 1115 1886 1169 μαρ-

299 1190 500 1260 τυρῶν.
523 1191 634 1246 Καὶ
655 1190 949 1261 σφραγίζει
973 1191 1107 1245 αὐτὸ
1138 1191 1301 1245 πάλιν
1338 1193 1405 1261 τῇ
1446 1193 1593 1262 χειρὶ
1650 1192 1885 1261 σταυρὸν

302 1281 572 1347 ἐκτυπῶν,
599 1283 695 1335 καί
749 1298 906 1353 φησι,
948 1300 968 1334 ι
1006 1265 1456 1352 Συπριόήτωσαν
1486 1282 1590 1336 ὑπὸ
1623 1274 1739 1353 τὴν
1789 1300 1886 1354 ση-

304 1373 530 1444 μείωσιν
556 1373 651 1428 τοῦ
677 1372 851 1428 τύπου
885 1372 983 1428 τοῦ
1018 1373 1263 1445 σταυροῦ
1295 1389 1389 1427 σου
1425 1375 1600 1428 πᾶσαι
1634 1375 1691 1428 αἰ
1732 1376 1887 1429 ἐναν-

301 1470 412 1524 τίαι
434 1468 715 1536 δυνάμεις.
760 1487 780 1521 ι
816 1469 927 1524 Καὶ
953 1469 1021 1524 τά
1047 1469 1214 1524 λοιπά
1241 1469 1297 1523 δὲ
1328 1469 1497 1538 λέγει,
1532 1468 1673 1524 ὥστε
1716 1485 1881 1521 πνευ-

305 1560 535 1630 ματικὸν
569 1556 711 1614 εἶναι
738 1560 800 1615 τὸ
831 1560 975 1632 ὕδωρ
1009 1561 1105 1615 καὶ
1145 1563 1324 1629 ἅγιον,
1366 1563 1466 1615 καὶ
1526 1561 1694 1633 μηδὲν
1751 1562 1881 1616 ὐπο-

301 1654 568 1725 κρυϐῆναι
600 1652 773 1725 τούτῳ
798 1654 893 1706 τοῦ
917 1652 1183 1725 πονηροῦ,
1208 1654 1348 1707 ἀλλά
1382 1653 1585 1723 μᾶλλον
1638 1654 1885 1706 ἐναντίον

2005 547 2435 602 misericordiam
2459 557 2512 601 et
2538 549 2796 607 bonitatis
2835 553 2953 622 ejus
3002 554 3365 623 dulcedinem,
3416 572 3578 624 quam

2000 640 2302 696 vulneratis
2334 648 2388 695 et
2423 642 2667 698 contusis
2705 643 2773 698 ab
2810 643 2964 699 hoste
3013 647 3288 700 communi
3324 646 3576 717 largitur,

2004 743 2165 802 prout
2197 734 2249 787 in
2298 732 2605 802 Evangeliis
2663 736 2741 788 ait
2785 734 3061 791 Christus.
3118 738 3273 803 Quod
3308 739 3470 793 etiam
3524 740 3577 793 in

2001 824 2117 881 Noe
2142 834 2501 881 monstratum
2533 838 2635 895 est,
2673 828 2872 898 quippe
2905 830 3154 884 columba
3177 832 3337 886 rediit
3390 834 3455 887 ad
3483 848 3581 890 cus

1998 920 2095 990 qui
2127 920 2179 973 in
2206 934 2331 975 arca
2363 936 2527 990 super
2576 937 2746 991 aquas
2790 932 2948 978 erant
3004 939 3218 979 ramum
3285 926 3441 979 olivw
3488 942 3584 979 ore

2001 1013 2204 1068 ferens.
2240 1010 2445 1066 fiamus
2472 1024 2653 1069 autem
2687 1014 2845 1070 olivae
2872 1016 3013 1085 quod
3065 1031 3159 1072 ore
3196 1016 3425 1080 ferebat,
3462 1026 3581 1071 erat

2000 1106 2056 1160 in
2085 1107 2390 1176 exemplum
2421 1106 2828 1173 misericordiae,
2864 1117 2917 1162 et
2949 1109 3227 1163 immensae
3276 1109 3370 1163 Dei
3423 1110 3581 1164 boni-

2004 1197 2134 1252 tatis
2155 1213 2171 1264 ;
2193 1197 2316 1252 ideo
2339 1198 2428 1252 liic
2445 1197 2498 1252 in
2521 1198 2845 1269 baptismate
2862 1210 3111 1256 sanctum
3131 1201 3358 1258 oﬁ'crtnr
3375 1203 3584 1259 oleum.

2002 1288 2077 1343 Ita
2105 1303 2234 1343 vero
2264 1289 2640 1345 sanctiﬁcatur
2700 1291 2983 1348 :aﬁ‘ertur
3049 1295 3103 1348 in
3164 1297 3398 1363 quodam
3454 1309 3584 1349 vase

2002 1378 2205 1434 mundo
2236 1379 2302 1434 ad
2332 1380 2667 1448 pontiﬁcem,
2703 1397 2799 1439 seu
2854 1384 2921 1439 ad
2984 1387 3347 1449 sacerdotem,
3402 1390 3444 1440 si
3474 1401 3579 1439 non

2001 1471 2153 1527 adest
2187 1472 2453 1540 pontifex,
2491 1485 2545 1529 et
2570 1474 2624 1529 in
2650 1474 2783 1529 illud
2809 1476 3065 1544 insuﬁiat,
3081 1488 3133 1533 et
3156 1488 3238 1533 ter
3258 1478 3387 1534 illud
3418 1494 3578 1533 manu

2005 1564 2186 1633 signat
2216 1564 2374 1635 signo
2404 1565 2610 1622 crucis.
2651 1565 3026 1624 lnsuﬁlatione
3088 1569 3305 1640 quidem
3347 1573 3580 1640 gratiam

2002 1653 2242 1724 Spiritus
2264 1655 2598 1724 manifestat,
2623 1673 2787 1727 quam
2821 1674 2849 1713 a
2871 1658 3092 1715 Christo
3144 1660 3386 1729 pontifex
3424 1673 3584 1716 accc-

303 1745 451 1815 αύτῷ
482 1746 572 1800 καί
605 1745 926 1814 διωκτήριον
973 1742 1115 1799 εἶναι
1164 1744 1344 1811 τοῦτο,
1388 1746 1484 1799 καὶ
1519 1744 1886 1798 ἀναπλάττειν

2004 1748 2077 1819 pit
2100 1748 2323 1818 quando
2346 1750 2531 1804 divino
2554 1765 2650 1805 ore
2675 1751 2728 1804 in
2754 1752 3031 1821 apostolos
3062 1752 3395 1822 insufﬁavit;
3418 1769 3582 1809 cruce
3657 1740 3679 1746 ⁷

303 1841 398 1892 καὶ
432 1837 678 1906 ἁγιάζειν
708 1840 803 1891 καὶ
827 1837 1093 1891 υίοθετεϊν
1152 1840 1280 1902 τοὺς
1335 1837 1771 1908 βαπτιζομένους
1828 1838 1886 1889 ἐν

2004 1857 2123 1899 rero
2153 1843 2321 1898 refert
2348 1842 2525 1916 ipsum
2577 1859 2677 1915 pro
2728 1845 2888 1901 nobis
2934 1844 3258 1900 cruciﬁxum
3334 1849 3427 1917 qui
3486 1864 3580 1917 per

302 1932 478 2001 τούτῳ
502 1933 821 1997 δυνάμενον,
854 1934 948 1987 καὶ
1002 1932 1184 2001 φωτὸς
1232 1934 1399 1987 τέκνα
1446 1936 1643 1985 ποιεῖν.
1701 1929 1888 1994 Οὕτως

1992 1951 2210 1992 crucem
2243 1937 2476 1992 salutem
2510 1936 2671 1992 nobis
2729 1937 3065 2007 adimplcvit.
3127 1938 3254 1993 ideo
3313 1939 3582 2008 perfectos

310 2019 404 2077 οὖν
426 2024 816 2092 ἐπευξάμενος,
845 2025 939 2077 καὶ
962 2026 1190 2096 εἰρήνην
1219 2025 1365 2089 δοὺς,
1402 2026 1460 2087 ὃς
1481 2028 1631 2079 ἐστιν
1679 2024 1887 2095 Ἰησοῦς

2004 2024 2122 2082 iacit
2142 2041 2301 2092 crux,
2327 2032 2379 2080 ct
2402 2026 2606 2096 absque
2634 2039 2800 2080 cruce
2826 2026 3033 2080 nullum
3057 2040 3120 2081 ex
3151 2026 3354 2081 divinis
3382 2037 3585 2097 myste-

301 2115 558 2184 Χριστὸς,
592 2116 826 2186 πάρεστι
849 2116 956 2186 γὰρ
986 2116 1250 2184 ἐκεῖσενή
1314 2117 1659 2187 ὑπερέχουσα
1706 2118 1886 2171 πάντα

2004 2118 2089 2175 riis
2149 2118 2453 2190 perﬁcitur.
2477 2119 2673 2173 Postea
2700 2126 2857 2188 caput
2885 2117 3151 2174 inclinans
3178 2119 3502 2186 deprecatur
3524 2122 3585 2172 ut

301 2206 426 2262 νοῦν
458 2209 652 2279 εἰρήνη
686 2209 946 2279 Χριστὸς,
977 2210 1072 2264 καὶ
1093 2210 1396 2265 ἀντιλαῦὼν
1431 2213 1530 2279 τήν
1581 2212 1808 2282 εἰρήνην
1857 2213 1886 2265 6

305 2300 586 2371 ἰεράρχης,
638 2302 735 2355 καὶ
788 2302 974 2366 κλίνας
1022 2302 1121 2369 τὴν
1175 2303 1440 2373 κεφαλὴν,
1507 2303 1633 2357 καθ’
1697 2303 1892 2360 ἑαυτὸν

303 2394 462 2447 πάλιν
490 2392 733 2466 εὔχεται,
754 2396 813 2448 ἐν
848 2394 1068 2466 ήσυχίᾳ,
1110 2394 1202 2450 τὸν
1233 2396 1509 2468 εἰρηνικὸν
1540 2397 1635 2450 καὶ
1664 2397 1891 2468 ήσύχιον

303 2489 397 2540 καὶ
434 2487 714 2558 πανταχοῦ
777 2488 1260 2559 προσκαλούμενος
1326 2489 1558 2558 Ἰησοῦν,
1594 2507 1613 2541 ι
1653 2490 1748 2555 Σὺ,
1806 2490 1894 2543 λέ-

1994 2212 2375 2268 sanctilicetur
2409 2211 2587 2265 oleum
2614 2210 2819 2280 Spiritu
2853 2219 3065 2273 sancto,
3117 2211 3185 2264 ab
3220 2211 3341 2280 ipso
3392 2212 3484 2280 qui
3514 2211 3584 2265 ad

1995 2301 2107 2358 Noe
2137 2316 2234 2371 per
2269 2300 2577 2356 columbam
2629 2315 2842 2355 ramum
2875 2299 3033 2356 olivae
3086 2301 3291 2368 emisit,
3329 2311 3382 2356 et
3402 2301 3583 2356 oleum

1996 2396 2050 2452 in
2082 2397 2201 2466 lege
2232 2394 2565 2464 praescripsit
2596 2402 2761 2463 atque
2825 2393 3094 2462 apostolis
3153 2394 3583 2449 commendarit.

1996 2489 2276 2560 Cumpleta
2300 2495 2481 2542 autem
2510 2486 2779 2550 oratione,
2846 2487 3096 2555 actisque
3156 2485 3372 2554 gratiis,
3404 2485 3582 2555 primo

301 2597 434 2648 γων,
469 2582 496 2633 6
523 2582 581 2633 ἐν
617 2580 859 2651 Ἰορδάνῃ
888 2576 1339 2651 παραγενόμενος
1387 2583 1482 2635 καὶ
1519 2583 1766 2651 ἁγιάσας
1826 2584 1890 2636 τὰ

2004 2583 2057 2638 in
2083 2581 2314 2639 formam
2342 2578 2525 2634 crucis
2553 2579 2607 2633 in
2644 2593 2840 2647 aquam
2869 2576 3109 2632 infundit
3129 2577 3305 2632 oleum
3338 2585 3420 2633 ter
3455 2590 3586 2633 san-

304 2671 495 2738 ῦδατα,
518 2672 666 2738 δέξαι
700 2675 794 2727 καί⁵
824 2676 972 2744 ἡμᾶς
1004 2674 1266 2738 δουλικῶς
1296 2692 1377 2728 σοι
1405 2674 1857 2745 προσπίπτοντας
1879 2690 1890 2710 ·

2007 2683 2155 2728 ctum
2206 2671 2371 2726 modo
2423 2679 2821 2737 consecratum,
2895 2668 3324 2739 insignissimum
3381 2684 3587 2725 canens

300 2768 398 2819 καὶ
464 2767 690 2833 ἁγίασον
756 2768 934 2823 ταῦτα
990 2768 1060 2824 τά
1127 2770 1295 2823 ὕδατα
1370 2771 1464 2823 καὶ
1519 2770 1718 2839 ήμᾶς·
1796 2770 1895 2822 καὶ
2007 2762 2565 2821 οειιιιιηιιΛίΙεΙιιὶδ.

301 2857 645 2924 γενέσθωσαν
714 2862 850 2931 ἡμῖν
930 2864 1011 2927 εἰς
1082 2862 1270 2930 ὑγείαν
1343 2862 1523 2933 ψυχῆς
1567 2880 1626 2916 τε
1689 2860 1782 2914 καὶ
1839 2859 2113 2932 σώματος.
2150 2876 2168 2909 ι
2219 2856 2328 2910 Καὶ
2394 2854 2658 2920 ἀναστὰς,
2721 2854 2936 2920 δεικνύς
2984 2857 3066 2911 ὅτι
3118 2856 3387 2919 πεσόντας
3438 2857 3586 2927 ἡμᾶς

300 2948 533 3022 Χριστὸς
556 2953 865 3022 ἀνήγειρεν,
898 2954 1150 3022 ἁνυμνεῖ,
1182 2955 1504 3025 ἐπιφωνήσας
1562 2951 1753 3007 τοῦτον
1801 2951 1878 3014 ὡς
1913 2951 2135 3003 πάντων
2174 2948 2469 3018 ἁγιασμόν.
2505 2948 2641 3002 Τότε
2669 2948 2852 3000 τοίνυν
2907 2949 3127 3021 πλήρης
3199 2951 3232 3020 ή
3308 2951 3588 3021 κολυμϐη-

302 3045 409 3112 θρα
438 3046 531 3097 τοῦ
565 3046 906 3116 Πνεύματος,
963 3048 1057 3099 καὶ
1106 3046 1262 3116 ἆγιον
1313 3047 1375 3100 τὸ
1425 3046 1592 3116 ὕδωρ,
1639 3046 1735 3100 καὶ
1791 3045 1884 3099 τὸν
1952 3043 2191 3116 Χριστὸν
2256 3044 2426 3114 φέρον
2490 3042 2733 3114 ἀοράτως
2766 3043 2824 3097 ἐν
2858 3043 3056 3114 ἐαυτῷ.
3101 3044 3255 3098 Ἐπεὶ
3285 3045 3341 3099 δὲ
3373 3050 3469 3099 καὶ
3492 3047 3588 3100 τῗιν

301 3133 472 3188 τύπον
502 3134 597 3188 τοῦ
657 3136 801 3189 θείου
867 3136 1053 3201 ἐλέους
1116 3140 1370 3206 παρεῖναι
1421 3137 1522 3204 δεῖ,
1573 3139 1666 3190 καὶ
1721 3135 1880 3204 ἆγιον
1921 3134 2100 3188 ἔλαιον
2166 3135 2497 3204 ἐνεργεῖται.
2572 3131 2644 3185 Τὸ
2681 3132 2780 3202 μὲν
2827 3132 2936 3202 γὰρ
2985 3133 3130 3205 ὕδωρ
3187 3138 3443 3206 σημαίνει
3486 3138 3587 3207 τὴν

303 3232 567 3293 εκπλυσίν
598 3249 655 3285 τε
712 3235 809 3287 καὶ
840 3233 1136 3305 κάθαρσιν,
1192 3234 1288 3286 καὶ
1338 3232 1438 3303 ἤδη
1496 3232 1796 3303 ἡγίασται·
1853 3232 1911 3284 τὸ
1952 3230 2132 3285 ἔλαιον
2195 3228 2250 3283 δὲ
2307 3227 2559 3305 τὸᾼθεῖον
2610 3227 2759 3289 ἕλεος
2798 3228 3062 3292 δείκνυσι,
3113 3231 3210 3282 καὶ
3282 3232 3343 3283 τὸ
3403 3232 3588 3304 ίλαρὺν

303 3290 468 3378 Ᾱῦτοῦ
496 3328 593 3397 τῆς
619 3290 1010 3397 χρηστότητοςί
1054 3290 1211 3396 Ὃ’δὴ
1243 3290 2136 3395 καίτὶῖέτετραυματισμένοις
2159 3322 2311 3394 παρὰ
2331 3290 2424 3376 τὼ
2490 3320 2673 3376 κοινοῦ
2744 3321 2942 3392 ἐχθροῦ
3010 3290 3105 3377 at
3173 3290 3588 3394 μωλωπισθέῖσι

305 3418 624 3487 παρέχεται,
648 3419 724 3483 ὡς
746 3419 806 3473 ἐν
837 3423 951 3483 τοῖς
998 3420 1359 3489 Εὐαγγελίοις
1418 3421 1555 3490 φησὶ
1580 3421 1692 3491 82
1725 3422 1982 3491 Χριστός.
2028 3419 2200 3472 Τοῦτο
2228 3419 2321 3472 καὶ
2364 3417 2456 3470 ἐπὶ
2519 3417 2614 3470 τοῦ
2662 3416 2787 3470 Νῶε
2825 3417 3058 3489 ἐδείχθη.
3111 3421 3419 3493 Περιστερά
3478 3423 3587 3492 γὰρ

306 3496 437 3571 ἦλθε
464 3509 576 3570 τοῖς
600 3509 680 3572 εἰς
702 3509 763 3562 τὸ
791 3510 933 3580 ὕδωρ
959 3510 1040 3564 ἐτι
1096 3510 1215 3566 οὖσι
1273 3513 1410 3581 μετά
1461 3513 1561 3583 τῆς
1620 3508 1879 3579 κιϐωτοῦ,
1919 3514 2130 3581 κάρφος
2157 3510 2341 3570 ἐλαίας
2404 3508 2483 3579 τῷ
2544 3510 2773 3578 στόματι
2854 3513 3121 3580 φέρουσα.
3184 3513 3294 3565 Καὶ
3349 3514 3408 3567 τὸ
3487 3515 3589 3586 μὲν

311 3602 453 3671 ὕδωρ
483 3603 543 3655 τδ
569 3601 854 3673 βάπτισμα
882 3596 1225 3676 προετύπουξ
1278 3607 1312 3677 ή
1366 3607 1667 3676 περιστερὰ
1721 3605 1778 3658 δέ
1829 3606 1889 3657 τὸ
1928 3603 2157 3672 Πνεῦμα
2188 3603 2250 3657 τὸ
2282 3604 2439 3671 ἆγιον
2474 3618 2486 3631 ·
2518 3603 2576 3657 τὸ
2603 3604 2817 3673 κάρφος
2845 3604 2901 3657 δὲ
2927 3604 3026 3675 τῆς
3073 3605 3261 3669 ἐλαίας
3283 3606 3310 3659 ὃ
3380 3607 3439 3658 ἐν
3508 3609 3588 3676 τῷ

312 3693 539 3763 στόματι
570 3693 786 3764 ἔφερεν,
819 3697 899 3758 εἰς
926 3697 1123 3767 δεῖγμα
1143 3697 1237 3771 τοῦ
1277 3697 1462 3759 ἐλέους
1486 3692 1579 3768 ἦν,
1639 3698 1735 3751 καὶ
1784 3697 1886 3764 τῆς
1924 3696 2157 3765 ἀπείρου
2192 3698 2288 3748 τοῦ
2351 3696 2486 3749 Θεοῦ
2550 3698 2946 3767 χρηστότητος.
3003 3698 3169 3752 Ὅθεν
3221 3699 3316 3751 καὶ
3367 3693 3470 3755 ὧδε
3529 3700 3589 3751 ἐν

311 3789 390 3861 τῷ
425 3789 759 3862 βαπτίσματι
789 3793 972 3849 ἔλαιον
1015 3795 1357 3865 προσάγεται
1415 3794 1594 3859 ἅγιον.
1638 3794 1955 3863 Ἀγιὰζεται
2022 3793 2078 3845 δὲ
2127 3791 2302 3855 οὕτως
2339 3807 2354 3822 ⁸

316 3882 409 3954 ροῦ
437 3882 512 3952 τῷ
537 3884 801 3954 ἀρχιερεῖ,
836 3886 869 3958 ἢ
901 3886 979 3957 τῷ
1005 3888 1165 3956 ίερεῖ,
1190 3888 1238 3939 εἰ
1295 3887 1369 3957 μὴ
1399 3891 1667 3955 πάρεστιν
1714 3889 1741 3939 ὁ
1788 3885 2082 3957 ἀρχιερεύς
2110 3902 2125 3917 ⁸

2432 3793 2775 3863 προσάγεται
2834 3794 2903 3846 δι’
2955 3794 3180 3862 ἀγγείου
3225 3794 3370 3856 τινὸς
3413 3794 3589 3847 καθα-

2163 3887 2258 3939 καὶ
2336 3889 2559 3958 ἐμφυσᾷ
2613 3886 2810 3956 τούτῳ.
2865 3886 2979 3939 Καὶ
3049 3878 3345 3957 σῖξραγίζει
3404 3888 3589 3954 τρίτον

313 3977 467 4046 τύπῳ
498 3979 734 4049 σταυροῦ
763 3984 827 4051 τῇ
864 3973 1035 4051 χειρὶ,
1090 3981 1168 4050 τῷ
1202 3982 1302 4050 μὲν
1360 3981 1728 4052 ἐμφυσήματι
1795 3982 1894 4049 τὴν
1935 3981 2097 4053 χάριν
2155 3978 2250 4032 τοῦ
2324 3980 2647 4050 Πνεύματος
2725 3979 2924 4050 δηλῶν,
2980 3978 3046 4049 ἣν
3100 3979 3290 4031 ἔλασεν
3337 3979 3445 4032 ἀπὸ
3491 3977 3588 4033 τοῦ

312 4076 547 4148 Χριστοῦ
582 4078 658 4148 τῷ
688 4079 746 4130 ἐν
767 4082 876 4142 τοῖς
904 4080 1225 4137 ἀποστόλοις
1283 4080 1411 4150 θείῳ
1460 4080 1824 4148 ἐμφυσήματι
1864 4080 1891 4131 6
1932 4078 2224 4148 ἀρχιερεύς
2262 4092 2278 4109 ο
2335 4076 2412 4146 τῷ
2465 4075 2688 4145 σταυρῷ
2738 4075 2797 4130 δέ
2852 4076 3040 4129 τυπῶν
3083 4075 3246 4127 αὑτὸν
3292 4076 3382 4128 τὸν
3429 4092 3589 4129 σταυ-

316 4171 555 4241 ρωθέντα
581 4172 720 4244 ὑπὲρ
752 4173 931 4243 ήμῶν,
963 4172 1021 4234 ὃς
1041 4173 1130 4226 διὰ
1162 4173 1255 4226 τοῦ
1293 4174 1529 4244 σταυροῦ
1565 4173 1664 4244 τὴν
1713 4172 1988 4245 σωτηρίαν
2016 4173 2145 4243 ἡμῖν
2172 4171 2408 4225 ἐτέλεσε.
2472 4170 2564 4223 Διὸ
2588 4169 2682 4221 καὶ
2737 4168 3073 4230 τελειοποιδς
3125 4168 3287 4229 αὐτὸς
3342 4169 3370 4220 6
3424 4184 3589 4219 σταυ-

316 4265 427 4335 ρὸς,
462 4267 557 4320 καὶ
583 4270 750 4338 χωρὶς
773 4250 1012 4338 σταυροῦ
1057 4267 1212 4321 οὐδὲν
1260 4268 1496 4320 τελεῖται
1543 4267 1656 4319 τῶν
1705 4266 1888 4321 θείων.
1928 4261 2062 4319 Εἶτα
2095 4267 2284 4327 κλίνας
2315 4263 2414 4334 τὴν
2472 4264 2743 4333 κεφαλὴν,
2814 4263 3107 4332 ἐπεύχεται
3150 4262 3481 4330 ἁγιασθῆναι
3528 4259 3588 4312 τδ

314 4356 489 4417 ἔλαιον
511 4356 588 4426 τῷ
617 4357 757 4427 ἁγίῳ
787 4356 1087 4427 Πνεύματι,
1121 4355 1215 4409 ὑπ’
1239 4346 1405 4410 αὐτοῦ
1442 4356 1564 4418 ξτοῦ
1594 4357 1689 4411 καὶ
1718 4357 1809 4409 ἐπὶ
1850 4353 1972 4408 Νῶε
2013 4355 2073 4408 τὸ
2100 4358 2311 4424 κάρφος
2340 4354 2440 4421 τῆς
2463 4353 2645 4417 ἐλαίας
2668 4355 2751 4407 διὰ
2781 4354 3107 4423 περιστερᾶς
3142 4352 3586 4417 ἀποστείλαντος,

316 4450 411 4504 καὶ
440 4451 497 4500 ὲν
524 4448 600 4518 τῷ
628 4449 777 4519 νόμῳ
800 4447 958 4501 τοῦτο
990 4448 1285 4510 δεδωκότος
1314 4450 1374 4502 τὸ
1400 4449 1601 4513 ἔλαιον,
1631 4451 1726 4502 καὶ
1779 4451 1889 4512 τοῖς
1927 4448 2252 4510 ἀποστόλοις
2297 4446 2738 4516 παρεσχηκότος.
2799 4446 3039 4507 Τελέσας
3106 4445 3163 4499 δὲ
3241 4447 3341 4513 τὴν
3402 4444 3585 4517 εὐχὴν,

316 4541 408 4594 καὶ
441 4539 864 4612 εὐχαριστήσας,
894 4540 1080 4609 ἐγχέει
1152 4539 1370 4610 πρῶτον
1420 4540 1499 4609 τῷ
1557 4540 1711 4593 ’ύδατι
1785 4540 2146 4608 σταυροειδῶς
2204 4538 2265 4590 τὸ
2343 4538 2605 4606 ἁγιασθέν
2681 4535 2836 4605 ἅγιον
2882 4536 3025 4605 τρὶς,
3083 4536 3145 4589 τὸ
3209 4536 3590 4608 πολυύμνητον

316 4633 455 4705 ᾄδων
480 4628 653 4705 ᾆσμα,
684 4632 745 4688 τὸ
796 4631 1134 4702 Ἀλληλούῖα.

850 4753 871 4757 -
901 4725 1152 4781 ΚΕΦΛΛ.
1184 4723 1301 4780 ΞΓ.

2531 4714 2763 4773 CAPUT
2837 4714 3025 4771 LXIII.

636 4817 697 4872 Τί
725 4818 1005 4885 σημαίνει
1066 4818 1136 4871 τὸ
1181 4819 1570 4886 Ἀλληλούϊα.

389 4910 558 4964 Τοῦτο
586 4910 723 4964 δὲτὸ
759 4906 934 4982 ᾆσμα,
974 4911 1035 4964 τὸ
1078 4910 1416 4981 Ἀλληλούῐα,
1446 4912 1497 4964 οἰ
1529 4912 1896 4980 ἐμπνεόμενοι

320 5004 396 5075 τῷ
428 5004 568 5073 ἁγίῳ
598 5002 874 5073 Πνεύματι
914 5004 1101 5072 ἔλεγον
1148 5004 1451 5074 προφῆται.
1493 5006 1559 5056 Ὃ
1608 5004 1671 5075 δὴ
1714 5004 1899 5074 ἐπιδη-

323 5095 448 5162 μίαν
476 5091 610 5146 Θεοῦ
649 5093 922 5167 σημαίνει,
957 5093 1049 5144 ml
1078 5092 1160 5157 τὸ,
1201 5111 1219 5143 ι
1266 5094 1522 5164 Ἔρχεται
1563 5095 1589 5145 6
1625 5093 1778 5157 Θεὸς,
1804 5096 1898 5145 καὶ

319 5184 504 5238 τοῦτον
532 5186 750 5247 αἰνεῖτε,
793 5202 812 5235 ι
854 5185 1206 5254 προφητικῶς
1262 5185 1418 5238 τεθὲν
1468 5185 1562 5237 καὶ
1614 5185 1893 5256 ᾀδόμενον,

320 5275 407 5328 διὰ
435 5276 495 5328 τὸ
529 5274 740 5345 μέλλειν
763 5277 852 5329 τὸν
896 5275 1097 5344 Κύριον
1139 5275 1416 5345 ἔρχεσθαι,
1462 5276 1558 5329 καὶ
1609 5276 1749 5331 κατὰ
1799 5278 1896 5346 τὴν

321 5369 542 5436 πρώτην
570 5365 731 5420 αὑτοῦ
763 5368 858 5421 καὶ
902 5366 1000 5439 τὴν
1031 5367 1289 5435 δευτέραν
1331 5368 1657 5437 παρουσίαν,
1684 5369 1777 5421 καὶ
1798 5366 1895 5437 τὴν
1914 5408 1925 5413 -

321 5463 481 5533 χάριν
518 5461 682 5514 αὑτοῦ
712 5463 797 5514 ἀεὶ
820 5461 1170 5514 ἀποστέλλειν
1199 5464 1256 5514 ἐν
1292 5463 1423 5530 ἡμῖν
1457 5463 1513 5513 ἐν
1559 5460 1697 5530 ἀγίῳ
1726 5460 1893 5513 Πνεύ-

326 5572 475 5625 ματι.
504 5553 596 5606 Διὸ
631 5554 724 5605 καὶ
754 5554 840 5605 ἀεὶ
866 5554 926 5605 τὸ
949 5551 1100 5622 ᾆσμα
1122 5552 1280 5605 τοῦτο
1318 5554 1350 5622 ή
1386 5551 1682 5619 Ἐκκλησία
1722 5548 1901 5619 μελῶν

325 5646 421 5709 δεῖ,
463 5644 552 5696 τὸν
584 5643 814 5712 Χριστὸν
870 5643 1131 5707 λαϐοῦσα,
1194 5642 1285 5695 καὶ
1337 5642 1396 5704 ἐξ
1431 5639 1664 5711 οὐρανοῦ
1718 5638 1901 5690 τοῦτο·

328 5736 673 5806 ἐκδεχομένη,
702 5735 774 5796 ὡς
807 5735 1130 5804 εἰρήκαμεν.
1188 5735 1247 5785 '0
1284 5734 1382 5803 μὲν
1412 5730 1503 5786 οῦν
1544 5731 1684 5794 θεῖος
1714 5732 1897 5783 Διονυι

328 5845 435 5895 σιος
506 5831 564 5883 ἐν
638 5829 701 5897 τῇ
763 5827 884 5901 ἱερᾷ
936 5826 1305 5897 κολυμϐήθρᾳ.
1361 5825 1531 5898 μύρον
1598 5821 1893 5896 ὲγχέετθιιι

2213 4808 2343 4874 Qua:
2370 4810 2435 4863 sit
2458 4811 2535 4864 vis
2556 4821 2602 4864 et
2624 4814 2883 4865 sententia
2924 4812 3062 4865 vocis
3123 4811 3374 4869 Alleluia.

2073 4902 2172 4959 llic
2192 4912 2275 4957 est
2307 4912 2523 4969 cantus,
2551 4904 2790 4967 alleluia,
2818 4920 2975 4971 quem
3011 4915 3204 4959 sancto
3256 4906 3459 4973 Spiritu
3506 4909 3589 4961 in-

2003 4996 2189 5066 spirati
2217 4996 2469 5050 dicebant
2495 4998 2795 5065 prephetae.
2813 4995 2964 5062 Quod
2990 4996 3281 5052 adventum
3309 4998 3400 5053 Dei
3420 5001 3590 5070 signi—

2006 5092 2149 5152 ficat,
2183 5096 2235 5142 et
2264 5088 2462 5157 duplex
2495 5096 2654 5143 sonat
2685 5098 2737 5141 ct
2771 5089 2948 5143 ismd:
2984 5088 3132 5144 Venit
3161 5091 3318 5156 Deus,
3344 5103 3395 5147 et
3433 5095 3585 5161 illud,

2007 5178 2185 5250 Ipsum
2209 5180 2449 5241 landnte,
2475 5178 2790 5248 prOplietice
2809 5180 3027 5249 quidem
3045 5188 3297 5237 cantatus
3322 5182 3443 5246 fuit,
3462 5185 3588 5253 quia

2005 5284 2269 5327 venturus
2284 5282 2402 5325 erat
2417 5270 2678 5327 Dominus
2698 5282 2804 5328 tam
2820 5273 3120 5329 secundum
3141 5276 3375 5345 priorem
3394 5277 3592 5332 adven-

2006 5374 2121 5417 tum
2147 5379 2311 5433 qnam
2349 5367 2647 5431 secundum
2686 5366 3064 5434 posteriorem,
3089 5378 3144 5421 et
3170 5371 3400 5437 gratiam
3434 5383 3587 5424 suam

2003 5469 2215 5522 semper
2232 5454 2416 5507 eratin
2440 5453 2593 5508 nobis
2612 5454 2664 5507 in
2682 5462 2874 5509 sancto
2892 5454 3093 5523 Spiritu
3116 5456 3439 5511 emissurus.
3470 5458 3523 5512 ld
3558 5474 3590 5511 ο

2010 5560 2224 5614 semper
2268 5546 2369 5601 hoc
2411 5549 2684 5600 canticum
2726 5547 2951 5602 cantitat
2979 5546 3247 5613 Ecclesia,
3281 5566 3402 5618 quae
3434 5550 3590 5604 Cini-

2010 5647 2150 5691 stum
2178 5638 2404 5705 accepit,
2436 5652 2670 5707 eumque
2702 5654 2728 5692 a
2754 5639 2912 5700 coelo.
2941 5648 2996 5693 ut
3018 5639 3589 5710 diximus,exspectat.

2008 5729 2175 5784 D.vus
2238 5729 2456 5799 quidem
2506 5731 2821 5801 Dionysius.
2856 5732 2906 5784 in
2972 5747 3124 5787 sacra
3175 5733 3390 5800 piscina
3454 5712 3591 5792 dicit

2007 5826 2218 5882 infundi
2256 5838 2631 5896 unguentum;
2669 5842 2814 5884 nunc
2848 5842 2990 5901 vero.
3033 5828 3339 5885 infunditur
3402 5831 3583 5888 olcum
