4038 6472
446 352 553 419 227
1267 340 1652 406 SYMEONIS
1690 336 2450 401 THESSALONICENSIS
2494 337 2859 399 ARCHIEP.
3596 334 3702 400 22/8

447 464 594 537 quod
622 470 704 518 est
730 455 983 530 unguenti
1003 452 1353 527 prooemium,
1378 460 1564 522 postea
1584 459 1763 503 autem
1783 460 2027 517 unguen-

2153 445 2316 513 λέγει·
2374 443 2470 497 νῦν
2522 445 2580 498 δὲ
2636 444 2800 498 τοῦτο
2864 446 3106 513 ἐγχεῖται
3154 444 3217 499 τὸ
3265 443 3475 511 ἔλαιον,
3519 446 3713 515 προοί-

451 536 593 610 tum.
629 554 697 605 At
731 558 921 620 putare
951 547 1078 602 licet
1098 552 1346 601 sanctum
1377 542 1699 612 Dionysium
1719 540 1822 594 hoc
1844 538 2023 593 oleum

2153 552 2252 591 ιιον
2301 536 2361 590 δν
2412 536 2504 590 τοῦ
2563 536 2769 606 μύρουο
2814 536 2874 590 τὸ
2920 536 3090 607 μύρον
3121 536 3179 591 δὲ
3242 536 3498 608 ὕστερον.
3558 538 3717 593 Ἐστι

454 652 642 715 utpote
670 640 929 711 unguenti
981 636 1308 708 prooemium
1343 634 1675 703 unguentum
1729 628 2024 700 appellare,

452 735 710 807 quoniam
741 734 794 786 in
818 747 883 785 eo
911 730 1129 801 quidem
1160 727 1469 797 baptizatus
1517 721 1847 794 principium
1884 719 2028 773 acci-

453 832 533 902 pit
564 823 1038 888 sanctiiicationis,
1065 830 1118 876 et
1141 822 1207 876 ad
1238 819 1423 874 divina
1455 818 1677 886 ungitur
1704 812 2028 872 certamina.

460 923 732 993 posterius
763 930 945 974 autem
980 915 1217 988 perfecte
1250 913 1608 969 confirmatur
1643 918 1696 963 et
1723 907 2029 962 sanctifica-

457 1025 547 1069 tur
567 1024 732 1083 atque
758 1011 1006 1083 signatur
1036 1016 1309 1078 unguento
1337 1006 1523 1076 gratiae
1550 997 2028 1072 praestantissimo.

459 1107 586 1165 ideo
613 1108 681 1161 de
714 1106 929 1159 duobus
958 1102 1011 1156 in
1044 1099 1317 1170 baptismo
1345 1097 1405 1151 fit
1427 1092 1711 1151 memoria.
1776 1088 2035 1145 Pontifex

457 1212 611 1260 vero,
644 1206 929 1267 postquam
958 1188 1394 1257 .consecraverit
1441 1186 1645 1250 oleum,
1696 1181 2032 1253 baptizatum

458 1289 784 1347 Sanctificat.
839 1285 1099 1353 Sedquaa
1153 1292 1271 1336 erat
1329 1279 1631 1335 necessitas
1684 1275 2034 1344 baptizatum

459 1389 642 1467 postea
662 1385 942 1448 unguento
965 1373 1132 1439 liniri,
1149 1371 1194 1426 si
1217 1371 1270 1425 in
1288 1370 1609 1440 baptismate
1625 1374 1769 1421 esset
1790 1378 2038 1432 unguent-

458 1459 573 1526 t'um
596 1471 619 1525 ί
645 1471 812 1538 igitur
841 1484 906 1523 ex
937 1467 1041 1522 hoc
1065 1465 1184 1520 oleo
1207 1464 1361 1533 ungit
1386 1463 1503 1533 ipse
1539 1461 1779 1532 primum
1810 1459 2033 1527 jamjam

460 1562 852 1636 baptizandum
888 1559 1077 1615 dicens
1112 1574 1127 1613 :
1185 1575 1205 1608 ι
1237 1556 1471 1626 Ungitnr
1527 1554 1629 1608 iSte
1663 1554 1785 1606 oleo
1840 1548 2040 1604 laetitiae

463 1659 516 1712 in
549 1656 770 1711 nomine
800 1651 1110 1708 Trinitatis.
1145 1667 1164 1701 ι
1195 1648 1293 1703 Est
1321 1657 1502 1702 autem
1559 1644 1743 1700 laetitia
1805 1642 2040 1711 Spiritus

462 1747 555 1816 qui
585 1758 684 1798 nos
708 1744 844 1797 bene
870 1750 924 1795 et
946 1739 1186 1808 jucunde
1229 1738 1412 1793 salvos
1464 1734 1631 1803 facit;
1666 1734 1864 1790 clamat
1893 1732 2038 1787 enim

463 1838 632 1892 David
663 1855 678 1891 :
712 1854 731 1888 ι
762 1833 950 1889 Redde
978 1832 1110 1887 mihi
1137 1831 1378 1886 laetitiam
1408 1827 1675 1884 Salutaris
1708 1826 1805 1892 tui,
1838 1834 1890 1882 et
1920 1825 2041 1896 Spi-

465 1930 572 1984 ritu
606 1926 894 1999 principali
922 1924 1183 1979 eonfirma
1213 1938 1321 1976 me.
1351 1939 1370 1972 ›
1405 1918 1613 1976 Deinde
1642 1935 1672 1974 a
1708 1918 1885 1988 capite
1947 1931 2043 1986 per

465 2022 759 2093 quemdam
797 2018 1094 2075 diaconum
1155 2025 1248 2071 aut
1280 2015 1595 2070 ministrum
1630 2020 1806 2068 totum
1843 2023 2042 2080 corpus

468 2114 729 2183 ungitur;
759 2111 959 2181 quippe
981 2110 1051 2164 ad
1108 2108 1291 2163 divina
1332 2105 1631 2162 certamina
1656 2104 1882 2159 omnino
1909 2115 2044 2172 prae-

468 2215 712 2273 paratur,
736 2220 845 2259 non
864 2202 1007 2257 enim
1032 2210 1088 2255 ut
1112 2198 1269 2254 cadat
1295 2198 1545 2263 accessit,
1570 2196 1665 2251 sed
1692 2195 2043 2252 utChristum

468 2301 715 2356 imitetur
737 2312 897 2368 quem
936 2295 1137 2360 induit,
1168 2301 1224 2349 et
1272 2300 1460 2349 contra
1486 2290 1785 2362 malignum
1843 2296 2047 2358 pugnet

465 2403 524 2450 et
552 2393 693 2448 sicut
718 2390 798 2444 \‘it‘
837 2389 1123 2449 decertet;
1155 2385 1424 2440 luctantes
1465 2397 1593 2438 vero
1616 2381 1895 2453 quondam
1927 2380 2047 2435 oleo

467 2500 690 2542 carnem
718 2481 1054 2539 oblinebant.
1088 2476 1245 2533 Tune
1274 2466 1405 2545 ergo
1427 2474 1481 2529 in
1511 2488 1714 2544 aquam
1742 2471 2049 2542 ingreditur

469 2579 699 2633 omnino
725 2575 929 2640 nudus,
965 2571 1426 2643 quemadmodum
1460 2579 1622 2625 natus
1646 2576 1733 2625 est
1757 2576 1809 2623 et
1837 2566 2049 2637 primus

469 2669 769 2739 plasmatus
791 2676 875 2721 est
907 2664 1104 2729 homo;
1142 2661 1237 2718 sed
1276 2661 1363 2716 hic
1384 2660 1603 2732 quidem
1628 2659 1867 2715 divinam
1897 2658 2046 2714 illam

474 2759 710 2829 primum
744 2755 980 2812 habebat
1007 2755 1228 2831 stolam,
1263 2762 1339 2818 et,
1370 2753 1499 2808 licet
1532 2752 1716 2808 nudus
1738 2760 1904 2818 esset,
1939 2763 2047 2805 non

470 2849 863 2915 erubescebat;
892 2862 1037 2903 nunc
1074 2861 1205 2903 vero
1238 2845 1422 2901 nudus
1460 2855 1622 2901 natus
1647 2845 1703 2900 in
1734 2859 1905 2900 carne
1948 2846 2054 2899 fert

438 2943 628 3014 ’signa
669 2938 1023 3009 turpitudinis
1055 2946 1108 2993 et
1159 2937 1653 3007 transgressionis;
1708 2937 1803 2991 sed
1855 2949 2052 3005 aquam

475 3044 721 3088 sarciam
755 3032 1035 3101 ingressus
1097 3028 1303 3098 peccati
1371 3027 1593 3099 quidem
1663 3026 2053 3097 turpitudinem

474 3125 677 3196 rejicit.
709 3120 1129 3179 immortalitatis
1158 3132 1337 3176 autem
1394 3120 1618 3192 gloriam
1647 3130 1703 3176 et
1761 3118 2053 3174 indumen-

477 3228 592 3272 tum
619 3215 836 3286 accipit.
874 3212 972 3267 illo
998 3211 1145 3267 enim
1175 3226 1205 3265 a
1240 3210 1420 3280 capite
1448 3209 1504 3264 in
1536 3223 1643 3279 quo
1673 3216 1803 3264 sunt
1859 3221 2051 3262 omnes

478 3323 676 3365 sensus
708 3317 762 3362 et
790 3307 929 3375 viget
964 3303 1176 3372 imperii
1202 3303 1433 3358 facultas
1470 3298 1833 3371 deprehenso,
1890 3308 1945 3357 et
1998 3300 2052 3354 in

477 3418 675 3475 aquam
705 3399 873 3456 semel
895 3399 1168 3464 demerso,
1190 3395 1427 3466 pontifex
1458 3409 1553 3450 seu
1620 3396 1875 3449 sacerdos
1940 3394 2051 3447 cla-

481 3504 626 3549 mat:
658 3512 677 3545 ι
705 3491 1020 3561 Baptizatur
1041 3488 1142 3543 iste
1172 3500 1364 3543 servus
1397 3485 1485 3539 Dei
1509 3484 1562 3539 in
1584 3486 1804 3539 nomine
1824 3482 2049 3563 Patris,»

479 3587 740 3642 ctstatim
768 3600 892 3640 eum
933 3579 1182 3636 retrahit.
1216 3579 1410 3635 Posma
1434 3577 1669 3633 demittit
1730 3578 1923 3631 iterum
1975 3575 2059 3630 di-

478 3695 610 3737 cens
646 3698 661 3735 :
697 3696 716 3730 ι
756 3686 811 3733 ct
842 3674 991 3742 Filii,
1028 3692 1048 3727 ι
1103 3683 1159 3728 et
1217 3666 1443 3727 iterum'
1482 3671 1730 3728 retrahit.
1769 3672 1829 3727 Et
1900 3672 2059 3727 tertio

479 3773 716 3832 demittit
742 3772 970 3828 dicens:
1004 3788 1024 3822 ι
1056 3777 1112 3824 et
1141 3767 1380 3838 Spiritus
1403 3766 1596 3821 sancti.
1623 3784 1642 3817 ι
1680 3765 1747 3820 Ει
1799 3764 1880 3820 sic
1932 3778 2058 3818 eum

479 3867 664 3923 educit
698 3864 1096 3921 sanctificatum
1133 3860 1483 3915 divinissimo
1508 3859 1857 3928 baptismate,
1895 3855 2061 3910 simul

482 3959 701 4030 quidem
735 3972 829 4027 per
857 3963 1101 4012 sanctam
1132 3953 1453 4007 Trinitatem
1494 3966 1620 4006 eum
1672 3950 1982 4004 instaurans
2007 3955 2062 4002 et

481 4050 855 4116 sanetificans,
886 4055 941 4103 et
967 4055 1082 4103 tres
1104 4060 1366 4117 personas
1384 4046 1435 4099 in
1462 4058 1571 4098 una
1603 4041 1805 4098 deitate
1864 4039 2065 4112 praedi-

482 4159 636 4211 cans,
668 4141 898 4197 dicendo
926 4158 942 4194 :
973 4139 1034 4193 in
1062 4137 1303 4203 nomine,
1335 4136 1478 4207 quod
1501 4135 1768 4214 unitatem
1805 4133 2066 4188 Divinita-

483 4232 553 4293 tis
585 4235 782 4306 aperit,
818 4232 1013 4289 deinde
1051 4229 1246 4293 Patris,
1280 4238 1335 4284 et
1370 4227 1490 4283 Filii
1513 4237 1566 4282 et
1590 4226 1828 4297 Spiritus
1860 4225 2062 4289 sancti,

483 4329 629 4398 quod
657 4324 934 4383 confessio
964 4332 1049 4381 est
1081 4326 1244 4378 trium
1297 4321 1605 4377 divinarum
1658 4318 2066 4374 indivisibiiium

2125 631 2182 685 δὲ
2234 630 2550 699 λογίσασθαι
2609 633 2702 684 καὶ
2754 630 2846 684 τὸν
2896 630 3039 700 ἱερὸν
3076 630 3379 697 Διονύσιον,
3437 631 3599 684 τοῦτο
3657 632 3718 686 τδ

2122 724 2306 778 ἔλαιον
2353 724 2428 787 ὡς
2468 724 2753 794 προοίμιον
2797 725 2891 778 τοῦ
2948 723 3122 795 μύρου
3170 723 3341 793 μύρον
3396 723 3611 789 καλεῖν,
3644 724 3720 787 ὡς

2126 817 2217 872 διὰ
2267 816 2458 871 τούτου
2522 816 2621 886 μὲν
2669 816 2763 870 τοῦ
2817 814 3221 885 βαπτιζομένου
3254 816 3522 886 ἀπαρχὴν
3572 814 3720 883 λαμ-

2131 911 2388 971 ϐάνοντος
2422 908 2518 962 τοῦ
2551 907 2848 977 ἀγιασμοῦ,
2873 906 3134 977 καὶπρὸς
3176 906 3303 969 τοῦς
3335 906 3521 970 θείους
3574 907 3722 974 ἁγῶο

2133 1019 2232 1067 νας
2266 1000 2652 1073 ἀλειφομένου,
2684 1000 2915 1069 ὕστερον
2940 1000 2997 1054 δὲ
3057 1000 3449 1073 ινισχυομένου
3498 999 3724 1063 τελείως

2133 1097 2230 1150 καὶ
2244 1094 2622 1165 τελειουμένου
2652 1093 2745 1148 καὶ
2791 1093 3227 1164 σφραγιζομένου
3256 1094 3336 1162 τῷ
3399 1093 3727 1161 τελεωτάτῳ

2138 1188 2295 1259 μύρῳ
2316 1188 2420 1258 τῆς
2446 1188 2693 1260 χάριτος.
2731 1187 2824 1242 Διὸ
2850 1186 2944 1242 καὶ.
2971 1188 3085 1241 τῶν
3109 1185 3207 1242 δύο
3261 1185 3473 1241 τούτων
3534 1186 3596 1240 ἔν
3650 1185 3727 1254 τῷ

2137 1280 2481 1351 βαπτίσματι
2538 1282 2833 1353 μέμνηται.
2902 1282 2963 1334 '0
3011 1281 3068 1334 δὲ
3124 1280 3426 1350 ἀρχιερεὺς
3480 1278 3622 1348 μετὰ
3670 1278 3730 1330 τὸ

2135 1373 2365 1443 ἁγιάσαι
2389 1373 2450 1427 τδ
2473 1373 2655 1427 ἔλαιον
2706 1372 2798 1427 τὸν
2860 1372 3233 1443 βαπτισθέντα
3275 1371 3503 1425 τελειοῖ.
3566 1371 3730 1422 Ἀλλὰ

2138 1466 2235 1519 καὶ
2254 1465 2338 1530 τίς
2365 1460 2436 1535 ἦν
2485 1467 2644 1536 χρεία
2692 1466 2787 1520 τὸν
2843 1459 3244 1536 βαπτιζόμενον
3289 1462 3527 1532 ὕστερον
3572 1463 3728 1532 μύρῳ

2138 1558 2412 1629 χρίεσθαι,
2441 1560 2491 1612 εί
2521 1559 2578 1611 ὲν
2639 1556 2716 1629 τῷ
2742 1557 3078 1627 βαπτίσματι
3127 1552 3199 1628 ἦν
3238 1557 3302 1609 τὸ
3363 1557 3545 1627 μύρον
3579 1570 3596 1622 ;
3635 1554 3731 1609 Ἐκ

2139 1648 2331 1702 τούτου
2358 1647 2565 1702 οὖντοῦ
2586 1649 2764 1702 ελαίου
2801 1649 2947 1721 χρίει
2998 1647 3216 1718 πρῶτον
3252 1649 3422 1710 αὐτὸς
3484 1649 3577 1700 τὸν
3629 1647 3729 1717 ήδη

2147 1740 2406 1811 μέλλοντα
2460 1740 2845 1812 βαπτισθῆναι,
2907 1760 2928 1793 ι
2973 1739 3229 1813 Χρίεται,
3285 1741 3496 1809 λέγων,
3538 1741 3733 1795 ὁὸεἰνα

2145 1831 2322 1887 ἔλαιον
2347 1833 2717 1902 ἀγαλλιάσεως
2750 1833 2831 1896 είς
2853 1833 2913 1886 τὸ
2933 1832 3107 1904 ὄνομα
3150 1833 3254 1900 τῆς
3285 1833 3551 1903 Τριάδος.
3598 1851 3619 1886 ι
3669 1834 3733 1884 Ἦ

2149 1924 2475 1995 ἀγαλλίασις
2506 1925 2564 1979 δὲ
2612 1926 2850 1996 ὑπάρχει
2906 1927 3003 1980 τοῦ
3055 1926 3405 1996 Πνεύματος,
3473 1925 3736 1990 σώζοντος

2143 2020 2294 2089 ἡμᾶς
2320 2019 2541 2088 ἅγαθῶς
2569 2035 2629 2072 τε
2661 2019 2757 2073 καὶ
2804 2019 3024 2090 ίλαρῶς.
3067 2037 3088 2072 ι
3125 2019 3357 2082 Ἀπόδος
3386 2035 3480 2089 μοι
3503 2020 3614 2089 γὰρ
3640 2018 3736 2089 τὴν

2144 2110 2464 2180 ἀγαλλίασιν
2492 2110 2587 2165 τοῦ
2619 2112 2899 2181 Σωτηρίου
2922 2128 3037 2175 σου,
3065 2112 3095 2165 6
3150 2111 3318 2164 Aa6l.6
3369 2111 3607 2181 ἀναϐοᾷ,
3644 2112 3733 2164 καὶ

2146 2205 2429 2275 Πνεύματι
2460 2205 2777 2277 ἡγεμονικῷ
2811 2201 3070 2275 στήριξόν
3115 2221 3210 2275 με.
3247 2222 3266 2257 ι
3298 2199 3441 2258 Εἶτα
3496 2203 3608 2258 ἀπὸ
3645 2218 3732 2255 κε-

2148 2297 2327 2367 φαλῆς
2354 2297 2458 2351 ὑπό
2490 2315 2635 2362 τινος
2667 2298 2975 2369 διακόνουῆ
3014 2299 3293 2369 ὑπηρέτου
3318 2298 3446 2351 ὅλον
3469 2296 3533 2349 τδ
3577 2296 3734 2364 σῶμα
3818 2339 3829 2348 .

2148 2390 2383 2461 χρίεται.
2430 2391 2577 2462 Πρὸς
2625 2391 2733 2463 γὰρ
2789 2391 2915 2455 τοὺς
2973 2390 3151 2453 θείους
3202 2389 3429 2458 ἀγῶνας
3477 2388 3733 2450 ὀλοτελῶς

2151 2472 2555 2554 εὐτρεπίζὲται.
2587 2483 2723 2538 Οὐδὲ
2753 2483 2864 2555 γὰρ
2890 2483 2978 2538 ἵνα
3025 2481 3446 2545 ἁναπεπτωκὼς
3481 2478 3539 2555 ᾖ,
3570 2497 3735 2551 προσ-

2147 2575 2333 2646 ῆλθεν,
2395 2575 2511 2630 ἀλλ’
2546 2575 2635 2629 ἵνα
2667 2579 2902 2647 μιμῆται
2948 2576 3043 2629 τὸν
3076 2575 3341 2646 Χριστὸν,
3374 2574 3733 2637 ὃν“ὲνδὺεται,

2152 2672 2244 2723 καὶ
2268 2669 2412 2722 κατὰ
2431 2667 2526 2722 τοῦ
2554 2667 2796 2740 πονηροῦ
2820 2668 3024 2740 παλαίῃ
3051 2686 3109 2722 τε
3131 2668 3225 2722 καὶ
3256 2669 3606 2741 ἀνδρίζηται.
3633 2670 3739 2721 Kal.

2152 2765 2203 2816 oi
2235 2758 2634 2831 ἀγωνιζόμενοι
2660 2760 2718 2812 δὲ
2753 2762 2821 2831 τῇ
2857 2761 3026 2830 σαρκὶ
3054 2761 3221 2829 ἐλαίῳ
3258 2764 3438 2816 πάλαι
3493 2763 3737 2831 ἠλείφον-

2153 2869 2232 2906 το.
2258 2851 2391 2904 Τότε
2420 2845 2517 2903 οὖν
2546 2831 2829 2918 εἰσάγεται
2881 2848 3090 2919 γυμνὸς
3148 2848 3269 2910 ὅλος
3318 2851 3408 2913 είς
3449 2849 3510 2902 τὸ
3577 2848 3737 2915 ὕδωρ,

2159 2943 2306 2996 καθὰ
2337 2942 2432 2996 καὶ
2461 2943 2809 3012 γεγέννηται,
2841 2941 2938 2994 καὶ
2969 2940 3116 2995 καθὰ
3154 2940 3379 3010 πρῶτον
3409 2940 3737 2994 πέπλασται.

2166 3032 2331 3088 um
2354 3033 2569 3102 πρῶτον
2602 3032 2702 3103 μὲν
2753 3029 2872 3102 εἶχε
2910 3034 3009 3103 τὴν
3053 3032 3209 3086 θείαν
3260 3033 3486 3101 ἐκείνην
3529 3032 3737 3100 στολὴν,

2155 3129 2251 3180 καὶ
2279 3125 2485 3196 γυμνὸς
2513 3123 2612 3190 ὢν,
2660 3125 2760 3178 οὐκ
2801 3123 3065 3195 ⁴ᾐσχύνετο
3094 3139 3107 3155 ·
3139 3123 3237 3177 νῦν
3258 3123 3313 3177 δὲ
3352 3124 3564 3195 γυμνὸς
3588 3139 3742 3191 γενη⁴

2157 3219 2291 3284 θεὶς,
2320 3218 2427 3272 ἀπὸ
2449 3219 2547 3287 τῆς
2592 3218 2795 3289 σαρκὸς
2855 3218 3013 3287 φέρει
3052 3216 3125 3271 τὰ
3171 3217 3277 3287 τῆς
3329 3202 3600 3289 αἰσχύνης
3647 3217 3741 3282 τῆς

2158 3312 2547 3382 παραϐάσεως.
2587 3310 2735 3379 Πλὴν
2761 3310 3021 3365 εἰσελθὼν
3048 3309 3111 3364 τὸ
3151 3309 3296 3378 ὕδωρ
3328 3310 3396 3364 τὸ
3435 3311 3613 3380 ἅγιον,
3646 3309 3742 3379 τὴν

2161 3405 2261 3476 μὲν
2282 3404 2545 3475 αἰσχύνην
2571 3405 2904 3476 ἀπορρίπτει
2927 3403 3029 3474 τῆς
3061 3404 3344 3474 ἁμαρτίας
3374 3421 3389 3436 -
3416 3405 3519 3474 τῆς
3539 3405 3743 3473 ἀφθαρ.

2160 3500 2281 3559 σίας
2311 3497 2368 3551 δὲ
2393 3498 2493 3567 τὴν
2512 3496 2670 3561 δόξαν
2703 3495 3204 3568 ἀπολαμϐάνει83
3221 3513 3280 3549 τε
3311 3499 3415 3551 καὶ
3442 3498 3503 3550 τὸ
3526 3498 3741 3565 ἔνδυμα.

2160 3589 2474 3659 Λαὸόμενος
2497 3589 2607 3658 γὰρ
2640 3587 2809 3657 αὑτοῦ
2839 3589 2868 3640 6
2925 3588 3190 3658 ίεράρχης
3239 3587 3273 3658 ἢ
3332 3591 3369 3642 ὁ
3427 3590 3608 3658 ἱερεὺς
3651 3588 3744 3654 τῆς

2162 3680 2402 3750 κεφαλῆς
2427 3680 2484 3734 ἐν
2566 3680 2635 3732 τὰ
2654 3680 2991 3749 αἰσθητήρια
3022 3680 3201 3734 πάντα
3227 3678 3325 3732 καὶ
3381 3680 3444 3733 τὸ
3492 3683 3743 3749 ἡγεμονι-

2162 3774 2260 3827 κὸν
2279 3774 2516 3843 ἐνεργεῖ,
2558 3773 2657 3826 καὶ
2683 3769 2995 3834 καταδύσας
3029 3772 3110 3833 είς
3143 3770 3202 3823 τὸ
3229 3770 3385 3842 ὕδωρ
3420 3771 3592 3837 ἅπαξ,
3619 3772 3746 3823 ἀνα-

2163 3864 2284 3934 δοᾷ,
2318 3882 2337 3916 ι
2370 3862 2701 3928 Βαπτίζεται
2733 3864 2762 3916 6
2787 3862 2974 3926 δοῦλος
2995 3860 3090 3916 τοῦ
3131 3860 3269 3915 Θεοῦ
3293 3863 3320 3915 6
3367 3864 3518 3917 δεῖνα
3553 3863 3634 3924 είς
3678 3860 3738 3912 τὸ

2164 3954 2335 4023 ὄνομα
2351 3952 2444 4007 τοῦ
2480 3953 2716 4024 Πατρός.
2744 3971 2763 4004 ι
2788 3955 2896 4007 Kal
2925 3954 3088 4018 εὐθὺς
3121 3955 3343 4010 ἀναδύει
3382 3960 3594 4012 τοῦτον.
3622 3950 3750 4007 Εἶτα

2165 4044 2423 4099 καταδύει
2458 4046 2620 4100 πάλιν
2640 4044 2838 4113 λέγων,
2881 4063 2900 4096 ι
2933 4046 3041 4099 Καὶ
3066 4045 3163 4100 τοῦ
3197 4046 3352 4102 Υίοῦ.
3408 4067 3426 4101 ι
3464 4048 3572 4101 Kal.
3596 4047 3750 4100 πάλιν

2168 4139 2411 4193 ἁναδύει.
2437 4139 2551 4192 Καὶ
2576 4139 2642 4192 ὲκ
2670 4140 2858 4207 τρίτου
2892 4138 3224 4204 καταδύσας,
3258 4144 3426 4210 φησὶ,
3456 4159 3476 4193 ι
3515 4140 3625 4195 Kal.
3661 4137 3748 4190 τοῦ

2169 4231 2324 4300 ἁγίου
2350 4230 2691 4301 Πνεύματος.
2742 4247 2761 4282 ι
2796 4230 2908 4284 Kal.
2934 4229 3110 4294 οὕτως
3135 4227 3329 4300 ἆνάγει
3372 4233 3567 4285 τοῦτον
3607 4246 3751 4283 τετε-

2167 4323 2429 4393 λεσμένον
2467 4322 2545 4392 τῷ
2589 4321 2853 4393 θειοτάτῳ
2912 4322 3277 4393 βαπτίσματι,
3323 4323 3444 4395 ἅμα
3498 4324 3598 4394 μὲν
3659 4323 3748 4372 καὶ

484 4431 540 4475 et
564 4415 1031 4474 inconfusihilium
1062 4429 1461 4486 personarum;
1524 4412 1690 4469 simul
1754 4422 1935 4467 autem
1973 4427 2049 4480 pet

2171 4416 2259 4470 διὰ
2291 4415 2392 4485 τῆς
2424 4415 2590 4482 ἁγίας
2631 4412 2866 4485 Τριάδος
2912 4414 3075 4468 αὐτὸν
3124 4414 3490 4472 ἀναπλάττων
3540 4414 3636 4467 καὶ
3667 4427 3751 4464 τε·

487 4523 600 4566 tres
626 4508 1009 4564 immersiones
1038 4517 1092 4563 et
1121 4505 1441 4562 eductiones
1464 4503 1770 4558 triduanam
1825 4502 2049 4571 sepultu‘

2169 4510 2351 4572 λειῶν,
2394 4510 2618 4570 καὶτὰς
2649 4512 2799 4578 τρεῖς
2863 4511 3192 4572 ὑποστάσεις
3244 4509 3641 4579 ἀνακηρύττων
3693 4506 3748 4554 ἐν

488 4618 603 4657 ram
628 4608 682 4656 et
715 4598 1172 4653 resurrectionem
1208 4594 1525 4665 significans
1554 4595 1672 4665 ejus
1702 4595 1796 4664 qui
1831 4608 1930 4662 pro
1961 4607 2049 4646 non

2177 4601 2279 4671 μιᾷ
2302 4602 2368 4670 τῇ
2396 4599 2642 4669 Θεότητι,
2672 4601 2753 4662 εἰς
2773 4599 2833 4652 τὸ
2858 4598 3031 4668 ὄνομα
3064 4599 3260 4668 λέγων,
3290 4600 3319 4653 6
3350 4599 3504 4669 δηλοῖ
3555 4595 3615 4649 τὸ
3658 4607 3750 4662 μο-

487 4693 575 4750 bis
601 4707 769 4748 carne
794 4689 1090 4746 cruciﬁxus
1123 4698 1208 4744 est
1231 4698 1286 4743 et
1315 4688 1631 4742 resurrexit.

2175 4688 2396 4742 ναδικὸν
2425 4689 2523 4759 τῆς
2573 4689 2862 4761 Θεότητος,
2910 4683 3033 4743 εἶτα
3090 4689 3199 4743 τοῦ.
3250 4690 3466 4762 Πατρδς
3522 4687 3617 4741 καὶ
3659 4678 3750 4734 τοῦ

487 4792 620 4846 Υίοῦ
681 4790 773 4844 καὶ
794 4786 888 4842 τοῦ
919 4787 1080 4856 ἁγίου
1137 4785 1480 4856 Πνεύματος,
1532 4785 1671 4854 ὅπερ
1733 4787 1766 4854 ὴ
1821 4784 2085 4854 ὁμολογία
2116 4786 2236 4839 ἐστὶ
2290 4786 2400 4841 τῶν
2457 4787 2627 4857 τριῶν
2675 4789 2839 4840 θείων
2892 4786 3219 4857 ἀδιαιρέτων
3283 4790 3377 4842 καὶ
3430 4783 3749 4853 ἀσυγχύτων

490 4885 821 4961 προσώπων,
854 4880 974 4953 ἅμα
993 4881 1053 4936 δὲ
1078 4879 1167 4935 διὰ
1215 4879 1323 4932 τῶν
1376 4877 1546 4949 τριῶν
1598 4878 1948 4932 καταδύσεών
2004 4895 2065 4931 τε
2095 4880 2191 4932 καὶ
2215 4879 2525 4934 ἀναδύσεων
2583 4882 2682 4953 τὴν
2732 4883 3033 4953 τριήμερον
3085 4881 3265 4953 ταφὴν
3308 4881 3404 4934 καὶ
3465 4880 3566 4948 τὴν
3622 4875 3749 4930 dva-

492 4997 686 5037 στασιν
709 4981 1081 5049 αἰνιττόμενος
1111 4977 1205 5034 τοῦ
1241 4971 1378 5042 ὑπὲρ
1412 4977 1569 5046 ἡμῶν
1599 4976 1765 5043 σαρκὶ
1812 4975 2219 5044 σταυρωθέντος
2261 4978 2356 5027 καὶ
2410 4977 2764 5041 ἀναστάντος.

1056 5100 1282 5159 CAPUT
1316 5102 1506 5158 LXIV.

493 5199 645 5266 Quod
666 5199 873 5252 diversa
896 5199 963 5251 sit
986 5199 1250 5251 sententia
1273 5196 1515 5266 formula:
1532 5234 1548 5258 ,
1571 5214 1590 5247 ι
1636 5195 1948 5265 Baptizatur
1970 5213 2078 5252 ser—

560 5286 653 5324 vus
681 5270 825 5334 Dei,»
846 5278 895 5322 et
923 5268 1190 5337 formulae.
1215 5285 1234 5318 ι
1270 5265 1381 5335 Ego
1399 5266 1607 5337 baptizo
1633 5283 1839 5321 servum
1866 5268 1977 5321 Dei.
1994 5287 2012 5319 ι

569 5363 710 5417 Dicit
734 5379 748 5414 :
777 5362 1118 5432 Baptizatur,
1149 5344 1495 5429 nequaquam
1524 5377 1538 5413 :
1568 5360 1682 5431 Ego
1704 5361 1941 5429 baptizo,
1968 5363 2079 5416 sic.

497 5466 555 5510 ut
584 5455 760 5510 Latini
802 5456 856 5510 in
900 5456 1003 5509 hoc
1049 5455 1211 5509 etiam
1242 5454 1588 5518 innovantes,
1624 5454 1886 5523 baptizati
1919 5454 2082 5509 liber-

498 5560 661 5606 tatem
697 5560 901 5605 testans
949 5547 1210 5618 pontifex.
1258 5545 1397 5601 illud
1440 5548 1586 5602 enim
1623 5564 1636 5601 :
1669 5548 1783 5618 Ego
1833 5549 2074 5616 baptizo,

500 5659 607 5697 non
629 5643 865 5697 ostendit
889 5642 1119 5695 libenter
1139 5639 1407 5709 baptizari
1435 5654 1560 5693 eum
1585 5643 1675 5709 qui
1710 5640 2074 5705 illuminatur,

501 5735 615 5788 fieri
644 5733 788 5788 enim
822 5733 999 5803 potest
1025 5741 1082 5785 ut
1116 5733 1163 5785 \i
1192 5733 1426 5801 quadam
1449 5741 1502 5786 et
1525 5743 1711 5787 contra
1738 5733 2072 5788 voluntatem

502 5824 757 5893 baptizati
809 5824 977 5894 tingat
1007 5839 1129 5879 eum
1161 5835 1308 5881 sotus
1336 5840 1364 5879 a
1410 5827 1703 5892 semetipso
1738 5825 2071 5893 baptizator.

2760 5102 3011 5159 ΚΕΦΔΛ.
3050 5102 3169 5156 ΞΝ.
3222 5128 3243 5143 ο

2180 5194 2315 5251 Ὀτι
2342 5194 2431 5256 τὸ,
2471 5212 2489 5244 ι
2531 5192 2881 5254 Βαπτίζεται
2914 5197 2946 5247 ό
2968 5194 3193 5259 δοῦλος
3222 5188 3331 5249 τοῦ
3357 5189 3533 5259 'qufr,
3573 5182 3750 5259 {toﬁs

2218 5286 2236 5317 ι
2270 5252 2534 5325 Βαπτίζὶυ
2555 5265 2672 5334 ἐγὼ
2691 5252 2798 5318 τὸν
2815 5265 3041 5318 δοῦλον
3063 5252 3183 5318 τοῦ’
3197 5262 3369 5328 Θεοῦ,
3400 5282 3419 5315 ι
3441 5252 3716 5326 διαφέρει.

2255 5358 2589 5420 Βαπτίςεται
2619 5356 2698 5421 δὲ,
2737 5357 2892 5431 φησὶ,
2924 5356 3018 5408 καὶ
3055 5357 3140 5422 o6,
3197 5354 3452 5418 Βαπτίζω
3514 5346 3643 5417 ἐγὼ,
3679 5342 3749 5403 ὡς

2182 5451 2232 5504 οἱ
2256 5454 2477 5505 Λατῖνοι
2513 5453 2616 5506 κάν
2670 5450 2846 5521 τούτῳ
2887 5450 3359 5522 καινοτομοῦντες,
3415 5447 3475 5501 τὸ
3510 5440 3747 5497 ἑκούσιον

2183 5547 2279 5599 τοῦ
2321 5545 2725 5616 βαπτιζομένου
2771 5546 3071 5618 μαρτυρῶν
3105 5548 3133 5598 6
3161 5541 3475 5616 ἀρχιερεύς.
3524 5537 3597 5591 Τὸ
3624 5530 3748 5600 γάρ,

2185 5638 2442 5703 Βαπτίςω
2470 5640 2600 5706 ἐγὼ,
2626 5642 2725 5691 οὐκ
2748 5638 3004 5707 ἐμφαίνει
3029 5639 3089 5692 τὸ
3115 5622 3378 5701 ἓκουσῖως
3405 5624 3748 5705 βαπτίζεσθαι

2180 5731 2272 5784 τὸν
2304 5731 2694 5800 φωτιζόμενον.
2739 5730 3120 5800 Ἐνδεχόμενον
3170 5731 3282 5802 γὰρ
3316 5728 3413 5783 καὶ
3434 5721 3572 5777 κατὰ
3594 5718 3748 5770 δυναο

2186 5834 2371 5879 στειαν
2404 5832 2543 5893 τινα,
2580 5829 2671 5878 καὶ
2710 5826 2857 5895 παρὰ
2885 5832 3128 5895 γνώμην,
3163 5823 3255 5879 καὶ
3287 5819 3451 5877 avg-gi”
3481 5806 3747 5883 βαπτίζειν
