4038 6476
466 333 570 400 231

1285 331 1671 395 SYMEONIS
1710 328 2473 394 THESSALONICENSIS
2502 328 2872 394 ARCHIEP.

3613 331 3712 397 2ῗῖ

471 467 500 505 a
529 462 785 505 manuum
813 445 1162 517 impositione
1191 445 1452 513 donatur,
1486 455 1541 501 et
1564 444 1767 510 nullus,
1798 441 2050 515 quamvis
2076 488 2086 510 Α

2170 443 2456 514 εειροτονίᾳ
2481 442 2788 513 χαρίζεται.
2846 443 2959 498 Καὶ
2983 441 3158 507 οὐδεὶς
3212 444 3503 514 ἐνεργήσει
3528 462 3581 499 τι
3611 450 3713 502 τῶν

468 541 790 599 miraculum
824 548 1020 609 patret.
1074 539 1375 610 quidquam
1415 553 1481 594 ex
1511 535 1817 595 sacerdotis
1854 550 2046 591 mune-

470 634 625 688 ribus
684 630 1001 703 operabitur
1065 632 1274 701 absque
1336 645 1597 686 manuum
1653 628 2044 699 impositione;

468 725 782 780 sanationes
808 732 993 779 autem
1038 722 1221 781 facere
1264 729 1321 778 et
1369 721 1714 792 prophetare,
1745 728 1801 774 et
1831 720 2048 775 mundi—

468 816 598 871 tiam
630 825 736 869 tam
771 830 1005 885 corpore
1049 829 1214 885 quam
1259 824 1444 871 mente
1489 814 1786 879 custodire,
1817 820 1871 867 et
1921 827 2049 868 vere

470 907 788 979 virginalem
810 908 975 962 vitam
1007 906 1228 975 ducere,
1258 915 1313 961 ct
1335 906 1570 961 orationi
1596 906 1859 959 continuo
1886 911 2049 973 atque

471 994 767 1064 tranquille
788 995 1093 1064 indulgere,
1118 992 1187 1049 ad
1217 994 1538 1048 cliaritatem
1571 993 1807 1047 divinam
1838 992 2048 1076 fervere

471 1092 526 1138 ct
557 1085 786 1150 moveri,
833 1084 1037 1139 divinis
1085 1082 1580 1139 illuminationibus
1625 1083 1834 1154 dignari
1884 1092 2049 1153 atque

472 1177 646 1234 sacris
704 1177 1129 1234 revelationibus
1179 1185 1235 1233 et
1297 1176 1575 1248 mysteriis
1621 1174 2052 1246 cmlestihusque

472 1269 775 1325 visionibus
825 1283 890 1324 ac
947 1269 1239 1334 similibus,
1299 1268 1413 1324 fere
1466 1268 1766 1325 secundum
1829 1268 2051 1341 angelos

473 1360 612 1429 ﬁeri,
649 1371 708 1416 ut
747 1361 931 1432 plures
961 1360 1088 1418 l‘acti
1120 1370 1272 1427 sunt,
1322 1361 1482 1417 inulti
1529 1362 1739 1431 absque
1790 1374 2052 1415 manuum

474 1454 824 1524 impositione
855 1468 952 1524 per
1001 1456 1233 1525 gratiam
1268 1468 1334 1510 ex
1383 1453 1654 1522 baptismo
1686 1460 1741 1507 et
1774 1461 2054 1524 unguento

473 1545 617 1601 hanc
660 1545 913 1601 virtutem
941 1546 1218 1602 consecuti
1269 1553 1398 1602 sunt
1432 1552 1489 1601 et
1530 1555 1966 1616 consequuntur,
1999 1551 2056 1599 et

474 1640 675 1695 talibus
704 1639 853 1708 digni
883 1648 1015 1696 sunt
1043 1638 1240 1695 habiti.
1275 1639 1406 1704 Quae
1432 1638 1501 1695 de
1528 1637 1636 1717 hac
1669 1654 1729 1694 re
1757 1637 2053 1694 sulﬁciunt.

475 1730 648 1788 Porro
701 1741 828 1787 ante
873 1725 1215 1796 unctionem,
1266 1740 1392 1802 post
1436 1730 1734 1803 baptisma,
1789 1729 2052 1803 pontifex,

2148 534 2335 605 ίερῶν,
2366 536 2415 589 εί
2446 538 2541 590 καὶ
2572 538 2960 608 σημειοφόρος,
3017 537 3190 606 χωρὶς
3220 537 3320 606 τῆς
3369 540 3716 609 χειροτονίας.
3742 534 3751 541 ’

2160 626 2384 697 ’ἰάματα
2415 627 2473 682 δέ
2501 630 2676 681 ποιεῖν
2706 629 2801 682 καὶ
2858 628 3228 700 προφητεύειν
3253 628 3350 684 καὶ
3395 629 3719 699 καθαρεύειν

2150 720 2366 791 σώματί
2402 739 2464 775 τε
2498 722 2593 775 καὶ
2623 722 2928 791 λογισμοῖς,
2954 723 3049 776 καὶ
3071 720 3287 793 ἀληθῶς
3336 722 3716 792 παρθενεύειν,

2150 814 2244 867 καὶ
2278 812 2680 885 προσεύχεσθαι
2732 814 2993 884 διηνεκῶς
3046 831 3106 867 τε
3164 813 3262 867 καὶ
3299 814 3720 885 ἀῤῥεμδάστως,

2149 906 2246 959 καὶ
2279 906 2418 977 πρὸς
2450 905 2673 976 ἀγάπην
2703 907 2856 959 Θείαν
2887 905 3277 975 θερμαίνεσθαι
3309 906 3408 959 καὶ
3435 906 3719 973 κινεῖσθαι,

2150 996 2247 1050 καὶ
2284 995 2445 1050 θείων
2478 995 2799 1065 ἐλλάμψεων
2853 993 3161 1060 ἀξιοῦσθαι,
3208 993 3304 1048 καλ⁵
3329 992 3724 1062 ἀποκαλύψεων

2154 1086 2319 1156 ιερῶν
2374 1088 2469 1141 καὶ
2515 1087 2837 1158 μυστηρίων
2889 1088 2983 1140 καὶ
3034 1084 3281 1155 θεωριῶν
3311 1084 3605 1154 οὐρανίων,
3634 1085 3723 1138 καὶ

2150 1180 2261 1235 τῶν
2281 1178 2564 1245 τοιούτων,
2617 1179 2713 1233 καὶ
2756 1178 2878 1234 κατ’
2908 1177 3176 1245 ἀγγέλους
3229 1176 3422 1245 σχεδὸν
3458 1176 3725 1242 γενέσθαι,

2151 1271 2227 1335 ὡς
2249 1271 2345 1325 καὶ
2366 1270 2612 1324 πλεῖστοι
2643 1271 2922 1339 γεγόνασι,
2943 1267 3040 1322 καὶ
3063 1268 3163 1337 τῆς
3189 1267 3536 1335 χειροτονίας
3565 1264 3726 1334 χωρὶς

2154 1361 2339 1416 πολλοὶ
2385 1362 2474 1417 διὰ
2527 1361 2628 1431 τῆς
2661 1361 2887 1431 χάριτος
2943 1357 3052 1412 ἀπὸ
3083 1357 3179 1411 τοῦ
3233 1355 3614 1426 βαπτίσματος
3640 1351 3730 1406 καὶ

2154 1455 2250 1511 τοῦ
2275 1455 2471 1528 μύρου,
2502 1453 2735 1525 δύναμιν
2765 1453 2927 1522 ἔσχον
2970 1453 3179 1521 τυχεῖν,
3237 1449 3336 1504 καὶ
3382 1447 3727 1515 τυγχάνουσι,

2156 1545 2396 1600 καὶτῶν
2450 1544 2713 1600 τοιούτων
2769 1538 3174 1607 καταξιοῢνται.
3240 1537 3355 1593 Καὶ
3410 1538 3582 1592 ταῦτα
3641 1536 3733 1604 μὲν

2158 1637 2290 1708 περὶ
2321 1635 2536 1691 τούτου.
2564 1636 2678 1707 Πρὸ
2704 1635 2763 1689 δέ
2792 1651 2858 1703 γε
2889 1631 2983 1688 τοῦ
3026 1633 3340 1705 χρίσματος
3399 1630 3541 1700 μετά
3564 1628 3623 1683 τὸ
3647 1628 3733 1699 βά-

2159 1746 2376 1801 πτισμα
2405 1732 2434 1783 ὁ
2456 1728 2772 1800 ἀρχιερεὺς,
2823 1727 3151 1797 ἐνδυομένου
3188 1725 3285 1780 τοῦ
3333 1723 3733 1793 βαπτιζομένου

478 1821 755 1890 baptizato
781 1832 933 1878 veste
958 1822 1152 1879 induto
1170 1838 1293 1894 quae
1317 1823 1387 1879 ab
1418 1824 1512 1879 illo
1544 1823 1904 1889 benedicitur,
1938 1838 2061 1892 gra-

2170 1822 2381 1895 χιτῶνα,
2441 1822 2502 1886 ὃς
2533 1822 2843 1891 εὐλογεῖται
2898 1820 3032 1891 παρ’
3061 1819 3252 1882 αὐτοῦ,
3287 1818 3364 1873 τὰ
3392 1816 3496 1884 τῆς
3525 1816 3738 1883 εὐχαρι-

480 1913 588 1968 tias
621 1912 731 1969 Deo
763 1913 894 1983 agit,
927 1913 1163 1971 laudans
1195 1929 1320 1970 eum
1348 1916 1415 1971 de
1445 1916 1623 1971 salute
1662 1915 1960 1985 regenerati
2003 1914 2058 1970 in

2170 1912 2318 1978 στίας
2344 1913 2483 1985 πρὸς
2505 1913 2643 1967 Θεὸν
2666 1912 2952 1984 ἀναφέρει,
2997 1911 3255 1982 ἀνυμνῶν
3284 1909 3454 1965 αὐτὸν
3482 1908 3622 1978 ύπέρ
3644 1907 3736 1977 τῆς

480 2020 622 2073 aqua
642 2014 695 2060 et
726 2006 957 2075 spiritu;
986 2006 1184 2062 deinde
1206 2010 1533 2078 deprecatur
1560 2017 1623 2064 ut
1651 2007 1743 2064 ille
1766 2007 2062 2063 chrismate

2170 2007 2442 2078 σωτηρίας
2507 2005 2601 2061 τοῦ
2651 2005 3112 2074 ἀναγεννηθέντος
3175 2002 3255 2074 τῷ
3316 2001 3473 2056 ὕδατι
3534 1997 3734 2066 καὶτῷ

481 2099 678 2168 dignus
700 2099 793 2154 ﬁat
817 2108 872 2154 et
897 2115 991 2169 per
1013 2099 1159 2157 istud
1186 2101 1330 2156 dono
1353 2115 1418 2156 ac
1442 2100 1877 2157 sanctiﬁcatione
1894 2098 2063 2156 diiini

2170 2099 2465 2170 Πνεύματι.
2487 2094 2620 2153 Εἶτα
2648 2098 2746 2152 καὶ
2768 2097 2863 2152 τοῦ
2893 2097 3193 2167 χρίσματος
3224 2093 3531 2164 ἀξιωθῆναι
3556 2090 3736 2165 ἐκδυσο

486 2190 746 2260 Spiritus,
777 2207 899 2245 nam
930 2205 1155 2248 sanctus
1178 2201 1514 2249 monstratur
1551 2202 1607 2248 et
1634 2193 1856 2250 Christo
1882 2195 2062 2263 signa-

2170 2191 2320 2255 ωπεῖ,
2351 2189 2444 2242 καὶ
2472 2190 2569 2257 τῆς
2595 2187 2805 2259 δωρεᾶς
2845 2186 2914 2238 δι’
2947 2185 3114 2240 αὐτοῦ
3142 2185 3238 2240 καὶ
3280 2185 3384 2255 τῆς
3435 2181 3736 2252 ἁγιωσύνης

486 2291 596 2348 tus,
629 2291 685 2336 et
711 2284 920 2351 angelis
958 2282 1146 2339 divino
1183 2294 1459 2354 unguento
1494 2293 1693 2353 notus;
1725 2293 1779 2340 et
1807 2285 1920 2358 jam
1954 2299 2065 2340 non

2170 2278 2258 2332 τοῦ
2275 2276 2431 2331 ’θείου
2467 2276 2802 2346 [Ινεύματος.
2861 2275 3050 2345 ’Δγτος
3077 2275 3187 2344 γὰρ
3239 2273 3619 2329 ἀναδείκνυται
3650 2271 3736 2322 καὶ
3780 2348 3783 2353 _

484 2372 591 2428 nisi
634 2388 776 2444 aegre
825 2374 1062 2430 inimicis
1107 2376 1511 2446 expugnabilis,
1566 2375 1944 2431 tantummodo
1989 2374 2064 2429 sit

2170 2372 2879 2444 ἐσφραγισμένοςλΧριστῷ,
2912 2371 3011 2426 καὶ
3058 2369 3406 2439 ἐπιγνωστὸς
3439 2370 3553 2431 τοῖς
3580 2368 3739 2435 ἀγγέ-

483 2464 749 2535 vigilans;
783 2464 990 2537 ﬂagitat
1016 2481 1230 2537 quoque
1264 2476 1324 2522 ut
1359 2468 1451 2523 ille
1486 2468 1869 2540 mysteriorum
1915 2481 2068 2521 com-

483 2558 925 2616 municatittucm
950 2571 1345 2630 consequatur,
1394 2574 1572 2632 neque
1601 2561 1655 2616 in
1689 2569 1964 2631 posterum
1997 2561 2071 2616 sit

486 2655 632 2711 iiiius
658 2654 862 2721 carnis,
891 2654 988 2712 sed
1014 2653 1158 2711 ﬁlius
1187 2653 1337 2725 regni
1367 2653 1483 2710 Dei.

1036 2942 1268 3001 CAPUT
1305 2943 1516 3000 LXVII.

489 3066 665 3133 Quare
691 3063 1000 3135 baptizandi
1036 3062 1369 3135 tondentur,_
1400 3063 1803 3135 induunturque
1856 3061 2072 3117 cucullo

964 3144 1012 3188 et
1045 3134 1306 3189 humerali
1323 3131 1568 3188 sindone.

563 3294 692 3350 P0st
738 3290 1073 3355 unctionem,
1120 3287 1526 3344 sanctissimum
1574 3288 1786 3345 scilicet
1833 3302 2075 3360 unguen-

491 3397 646 3451 tum,
682 3385 869 3441 tondet
901 3382 1132 3452 capillos
1160 3378 1356 3450 capitis
1383 3379 1503 3450 ejus
1531 3381 1583 3434 in
1619 3381 1839 3435 modum
1871 3380 2072 3447 crucis,

491 3490 605 3535 tum
660 3477 880 3547 quidem
929 3476 1187 3546 quoniam
1246 3487 1412 3546 eaput
1464 3474 1625 3529 habet
1672 3473 1974 3535 Christum,
2021 3483 2077 3527 ct

491 3573 696 3627 nudato
730 3571 907 3640 capite
940 3569 1101 3624 debet
1148 3583 1330 3632 orare,
1380 3578 1437 3623 ut
1482 3569 1642 3623 docet
1688 3566 1927 3633 Paulus;
1960 3579 2073 3621 tum

493 3679 622 3718 vero
652 3662 907 3733 quoniam
940 3662 994 3715 in
1032 3661 1134 3716 hac
1162 3668 1388 3716 tonsura
1422 3657 1698 3730 quoddam
1729 3656 2072 3729 signaculum

494 3754 665 3819 facit;
699 3770 819 3808 nam
853 3753 909 3807 in
938 3753 1156 3807 modum
1183 3754 1366 3808 crucis
1396 3766 1519 3806 eum
1549 3751 1758 3816 tondet,
1796 3758 1854 3802 ut
1886 3763 2076 3803 omnes

491 3844 795 3916 superﬂuos
821 3844 1181 3914 cogitationes
1199 3844 1404 3913 ejiciat.
1427 3843 1796 3910 Quamobrem
1823 3841 2076 3898 monachi

493 3938 657 3991 etiam
696 3936 1016 3991 tondentur.
1049 3936 1116 3991 Et
1155 3936 1333 3991 omnis
1368 3934 1541 3990 ﬁdelis
1584 3933 1857 4005 superﬂua
1903 3948 2077 4003 neque

493 4028 685 4083 usibus
720 4028 840 4083 vita:
872 4028 1184 4083 necessaria
1211 4028 1375 4083 debet
1400 4029 1722 4098 aspernari;
1760 4031 1982 4098 insuper
2018 4036 2079 4082 ut

495 4122 753 4192 primitiae
780 4129 836 4175 et
864 4119 1194 4174 sacriﬁcium
1222 4120 1446 4175 humani
1475 4122 1719 4190 corporis
1747 4140 1775 4174 ει
1809 4122 2078 4190 baptizato

495 4213 673 4268 crines
707 4211 929 4266 Christo
969 4194 1474 4277 oﬂerunturgsunt
1518 4214 1662 4269 enim
1709 4214 1855 4269 velut
1907 4212 2077 4269 totius

496 4303 744 4372 corporis
774 4301 1166 4358 suilimentum.
1201 4300 1330 4357 ideo
1374 4303 1497 4359 illos
1530 4319 1693 4358 manu
1730 4316 1943 4370 tenens,
1982 4320 2078 4359 nc-

498 4415 769 4469 quaquam
822 4398 914 4453 ubi
976 4396 1082 4452 fert
1147 4413 1311 4453 casus
1379 4399 1620 4470 projicit,
1680 4401 1774 4457 sed
1845 4400 1900 4455 in
1957 4399 2078 4455 loco

498 4502 687 4545 sancto
750 4489 992 4558 deponit.
1060 4486 1230 4559 igitur
1302 4488 1370 4543 ita
1444 4490 1667 4545 indutus
1740 4490 1924 4544 tunica
1990 4489 2075 4543 vir

499 4580 807 4650 baptizatus
850 4587 905 4633 ct
952 4585 1191 4647 unctus,_
1230 4577 1500 4649 caesisque
1530 4577 1764 4646 capillis,
1802 4576 2075 4632 cucullum

500 4674 554 4727 in
583 4674 757 4743 capite
783 4672 1076 4741 accipiens,
1111 4670 1207 4741 qui
1247 4670 1410 4726 etiam
1444 4679 1670 4726 vocatur
1704 4669 1901 4740 capitis
1930 4679 2072 4739 _teg-

500 4778 646 4829 men,
684 4763 865 4818 tunica
901 4762 1121 4834 quidem
1166 4762 1534 4817 innocentiam
1572 4772 1626 4817 et
1656 4777 1853 4817 novam
1886 4759 2077 4816 infan-

501 4858 628 4915 tiam
690 4870 852 4927 atque
918 4857 1214 4927 puritatem
1269 4855 1586 4921 ostendens,
1642 4854 1855 4909 cucullo
1896 4862 2078 4909 autem

502 4949 818 5020 praesidium
850 4949 995 5018 quod
1026 4958 1111 5004 est
1132 4962 1200 5002 ex
1235 4946 1345 5001 Deo
1378 4956 1541 5017 atque
1570 4961 1832 5001 sensuum
1895 4956 2080 5001 custo-

505 5039 673 5105 diam,
709 5039 955 5108 plerique
986 5040 1131 5094 enint
1167 5052 1367 5092 sensus
1405 5038 1457 5091 in
1491 5037 1670 5107 capite
1707 5037 2078 5106 colliguntur;

503 5131 700 5187 deinde
759 5131 922 5184 etiam
981 5130 1267 5185 linteolum
1325 5129 1620 5185 candidum
1682 5127 1868 5184 ferens
1931 5129 2081 5199 quod

506 5222 883 5279 indumentum
923 5235 1142 5290 quoque
1167 5220 1393 5284 dicitur,
1423 5220 1476 5273 in
1520 5224 1737 5292 signum
1772 5222 1943 5275 divini
2000 5221 2083 5275 lu-

511 5314 678 5368 minis
709 5323 763 5367 et
794 5312 1049 5382 angelicae
1082 5312 1357 5383 puritatis,
1390 5329 1513 5367 nam
1560 5314 1701 5369 ﬁlius
1734 5313 1875 5368 lucis
1905 5313 2082 5370 factus

505 5414 591 5460 cst
635 5404 973 5473 baptizatus,
1023 5413 1077 5458 ct
1124 5405 1349 5459 omnino
1398 5405 1752 5462 intemeratus
1788 5422 1853 5462 ac
1910 5423 2083 5475 purus

509 5506 841 5551 monstratus
866 5505 966 5560 est,
989 5498 1062 5550 ita
1087 5495 1357 5563 perfectus
1385 5506 1528 5565 stat;
1553 5499 1598 5551 si
1626 5507 1837 5553 aetatem
1862 5500 2081 5569 quidem

508 5589 693 5654 habet,
734 5588 851 5658 ipse
882 5588 1167 5644 candelam
1194 5600 1372 5660 portat
1400 5591 1453 5643 in
1486 5592 1854 5646 ostensionem
1878 5600 1935 5645 et
1966 5592 2053 5662 glo
2073 5620 2087 5635 ο

509 5684 643 5735 riam
672 5681 1026 5737 divinissimte
1050 5682 1190 5739 lucis
1216 5700 1233 5752 ;
1265 5685 1312 5740 si
1339 5684 1543 5750 infans,
1576 5699 1810 5754 sponsor
1832 5684 1947 5739 \‘icc
1968 5686 2086 5756 ejus

509 5790 625 5828 eam
663 5782 861 5844 portat,
911 5785 965 5831 et
995 5772 1254 5833 Ecclesia:
1285 5784 1535 5834 cantores
1584 5787 1787 5832 canunt
1822 5795 1834 5831 :
1906 5795 1923 5829 ι
1953 5775 2083 5843 Qui-

2169 2464 2282 2529 λοις
2308 2465 2388 2535 τῷ
2413 2465 2544 2536 θείῳ
2577 2464 2760 2535 μύρῳ,
2793 2465 3026 2528 καὶτοῖς
3065 2462 3284 2536 ἐχθροῖς
3321 2463 3425 2534 οὐχ
3451 2461 3737 2528 ἁλώσιμος.

2168 2559 2219 2611 εί
2260 2558 2422 2629 μόνον
2448 2557 2739 2630 γρηγορῶν
2758 2558 2867 2628 εἴη.
2904 2557 3015 2611 Καὶ
3036 2556 3134 2627 τῆς
3161 2556 3459 2619 κοινωνίας
3483 2554 3541 2609 δὲ
3564 2550 3740 2605 τοῦτον

2170 2651 2280 2705 τῶν
2305 2652 2620 2722 μυστηρίων
2649 2640 2929 2721 ἐπιτυχεῖν
2959 2650 3255 2718 ἐξαιτείται
3281 2687 3299 2714 ,
3341 2647 3436 2703 καὶ
3460 2643 3739 2715 μὴιτέινον

2173 2743 2255 2796 ἔτι
2297 2742 2546 2814 σώματος
2572 2740 2739 2810 εἶναι,
2771 2742 2908 2799 ἀλλὰ
2944 2742 3134 2798 τέκνον
3167 2742 3264 2813 τῆς
3310 2739 3407 2796 τοῦ
3431 2737 3568 2795 Θεοῦ
3601 2735 3740 2808 βασι-

2174 2832 2351 2896 λείας.

2781 2947 3031 3002 ΚΕΦΛΛ.
3058 2947 3176 3004 ΞΖ’.

2180 3063 2345 3138 Atad
2375 3062 2638 3138 rixgvgd
2685 3064 2757 3118 ἐν
2802 3065 2927 3138 τοῖς
2954 3065 3429 3138 ,Βιιπτιζομένοις
3481 3073 3741 3137 τελεῖται,

2248 3134 2444 3260 ἔξιῌέ
2471 3133 2703 3203 ἔνδυμα
2748 3136 2854 3191 τοῦ
2891 3133 3261 3192 κουκουλίὸυ
3302 3133 3419 3196 καί
3459 3144 3565 3198 τοῦ
3607 3133 3742 3199 dra;

2245 3298 2402 3352 Μετά
2428 3297 2488 3350 τὸ
2514 3295 2743 3369 χρίσμα,
2769 3297 2831 3353 «at
2867 3299 3137 3368 πανάγιόν
3172 3320 3321 3373 φημι
3361 3307 3556 3377 μύρον,
3585 3307 3745 3376 κείρει

2174 3389 2273 3450 τὰς
2309 3390 2409 3458 τῆς
2453 3387 2698 3459 κεφαλῆς
2746 3388 2914 3444 αὐτοῦ
2969 3393 3340 3463 σταυροειδῶς
3386 3397 3600 3468 τρίχας,
3640 3396 3745 3465 ἅμα

2180 3484 2278 3552 μὲν
2307 3482 2403 3534 καὶ
2427 3480 2517 3534 διὰ
2545 3483 2606 3535 τὸ
2627 3482 2870 3553 κεφαλὴν
2896 3481 3043 3554 ἔχειν
3072 3485 3167 3538 τὸν
3202 3487 3473 3557 Χριστδν,
3504 3489 3597 3543 καὶ
3621 3490 3748 3542 ἀπε·

2180 3572 2528 3644 ρικαλύπτως
2556 3573 2791 3642 ὀφείλειν
2818 3575 3241 3646 προσεύχεσθαι,
3271 3580 3352 3645 ὡς
3378 3586 3473 3636 καὶ
3491 3585 3519 3636 ὁ
3553 3579 3746 3641 Παῦλος

2176 3662 2438 3727 διδάσκει,
2474 3663 2591 3733 ἅμα
2622 3663 2678 3717 δὲ
2701 3664 2798 3716 καὶ
2821 3665 2895 3727 ὼς
2922 3667 3196 3738 σφραγῖδά
3223 3686 3351 3724 τινα
3380 3672 3536 3726 τοῦτο
3565 3670 3745 3733 ποιῶν,

2176 3753 2278 3823 τὴν
2303 3754 2530 3823 κουρὰν,
2557 3754 2681 3810 ἐπεὶ
2712 3757 2811 3811 καὶ
2830 3757 3193 3828 σταυροειδῶς
3221 3762 3420 3816 τοῦτον
3445 3764 3633 3834 κείρει,
3674 3762 3750 3813 ἵνα
3804 3812 3818 3827 ,
3922 3758 3927 3775 ¹

2178 3845 2272 3896 καὶ
2308 3844 2416 3897 πᾶν
2468 3844 2723 3914 περιττὸν
2778 3846 2889 3899 τῶν
2927 3847 3147 3901 ἐννοιῶν
3178 3850 3527 3925 ἀπορῥίπτη.
3578 3853 3665 3904 Διὸ
3692 3848 3751 3916 δὴ

2182 3934 2273 3988 καὶ
2303 3936 2351 3989 oi
2406 3937 2634 4007 μοναχοὶ
2675 3938 3085 4008 ἀποκείρονται.
3151 3942 3262 3995 Καὶ
3310 3948 3426 4009 πᾶς
3475 3945 3661 4007 πιστὸς
3687 3942 3751 3995 τὰ

2181 4026 2415 4097 περιττά
2444 4027 2539 4079 καὶ
2595 4025 2672 4098 μὴ
2700 4028 2962 4081 τοσοῦτον
3018 4031 3098 4093 είς
3128 4033 3333 4103 χρῆσιν
3372 4035 3748 4105 παραιτεῖσθαι

2179 4117 2407 4186 ὀφείλει.
2447 4118 2567 4172 Ἔτι
2594 4118 2650 4172 δὲ
2684 4120 2778 4172 καὶ
2812 4121 2888 4184 ὼς
2916 4122 3141 4194 ἀπαρχὴ
3192 4127 3291 4179 καὶ
3322 4129 3486 4182 θυσία
3538 4128 3630 4181 τοῦ
3663 4128 3748 4180 ἀν-

2180 4209 2453 4279 θρωπείου
2485 4208 2736 4279 σώματος
2770 4211 2880 4264 ἀπὸ
2916 4212 3010 4265 τοῦ
3041 4214 3441 4284 βαπτισθέντος
3486 4220 3543 4274 αἱ
3577 4217 3749 4287 τρίχες
3784 4212 3798 4226 ’

2179 4302 2400 4372 Χριστῷ
2458 4305 2892 4374 προσφέρονται.
2935 4305 3043 4359 Τοῦ
3080 4308 3186 4380 γὰρ
3210 4310 3335 4365 ὅλου
3392 4313 3640 4381 σώματος
3680 4309 3747 4368 ὡς

2181 4396 2548 4466 ἀναθυμίασίς
2571 4397 2699 4452 είσι.
2737 4399 2828 4452 Διὸ
2856 4401 2951 4455 καὶ
2980 4404 3006 4455 ὁ
3028 4403 3293 4474 ίεράρχης
3320 4404 3526 4468 ταύτας
3559 4401 3748 4461 λαϐὼν,

2108 4496 2149 4553 ἰ)
2179 4489 2276 4560 οὐχ
2328 4490 2402 4554 ὡς
2437 4489 2596 4561 ἔτυχε
2651 4490 2857 4562 ῥίπτει,
2893 4493 3011 4549 ἀλλ’
3039 4497 3097 4550 ὲν
3130 4498 3282 4567 τόπῳ
3340 4497 3471 4569 ἱερῷ
3521 4496 3747 4562 τίθησιν.

2183 4582 2340 4636 Οὕτω
2366 4582 2465 4652 μὲν
2500 4581 2592 4635 οὖν
2618 4584 2984 4655 ἐνδυσάμενος
3015 4589 3222 4658 χιτῶνα
3251 4591 3280 4644 ὁ
3306 4589 3644 4661 βαπτισθεὶς,
3662 4582 3751 4636 καὶ

2180 4674 2444 4744 χρισθεὶς,
2489 4675 2584 4727 καὶ
2614 4676 2944 4747 ἀποκαρεὶς,
2977 4680 3070 4733 καὶ
3120 4682 3443 4737 κουκούλιον
3469 4683 3529 4736 ἐν
3565 4680 3629 4749 τῇ
3660 4692 3748 4727 κε·

2182 4767 2325 4839 φαλῇ
2354 4767 2556 4833 λαϐὼν,
2580 4770 2607 4822 ὃ
2639 4770 2704 4841 δὴ
2734 4772 2832 4826 καὶ
2883 4775 3289 4846 περικεφαλαία
3339 4778 3608 4838 καλεῖται,
3660 4767 3750 4824 καὶ

2181 4860 2242 4914 τὸ
2265 4862 2367 4932 μὲν
2404 4861 2492 4916 διὰ
2517 4864 2616 4933 τὴν
2651 4865 2892 4919 ἀκακίαν
2927 4870 3023 4921 atat
3046 4868 3107 4924 τὸ
3140 4872 3414 4940 νηπιῶδες
3435 4869 3516 4922 ἔτι
3544 4865 3637 4920 καὶ
3663 4877 3752 4914 κα-

2185 4951 2372 5023 θαρὸν,
2397 4953 2456 5006 τὸ
2480 4955 2537 5008 δὲ
2575 4956 2656 5017 είς
2700 4957 2913 5028 σκέπην
2962 4959 3065 5030 τὴν
3101 4961 3210 5016 ἀπὸ
3243 4961 3339 5015 τοῦ
3371 4958 3507 5015 Θεοῦ
3540 4955 3625 5010 καὶ
3656 4967 3750 5020 φυ·

2184 5043 2356 5110 λακὴν
2381 5045 2487 5097 τῶν
2516 5045 2914 5119 αἰσθητηρίων,
2946 5052 3004 5102 αί
3059 5051 3312 5106 πλεῖσται
3340 5054 3448 5122 γὰρ
3482 5048 3751 5114 αἰσθήσεις
3824 5086 3827 5089 ς

2185 5135 2539 5208 καθίδρυνται
2567 5141 2627 5192 ἐν
2660 5144 2727 5212 τῇ
2774 5143 3007 5213 κεφαλῇ,
3042 5141 3163 5198 εἶτα
3215 5148 3310 5199 καὶ
3343 5144 3542 5216 χιτῶνα
3566 5134 3749 5192 λευκὸν

2185 5228 2370 5283 ἐπάνω
2398 5230 2656 5301 φορέσας,
2677 5231 2707 5286 ὃ
2740 5234 2833 5287 καὶ
2873 5235 3155 5290 ἀναόὁλιον
3186 5236 3432 5305 λέγεται,
3460 5234 3541 5296 είς
3583 5229 3748 5282 τύπον

2186 5319 2278 5372 τοῦ
2297 5319 2441 5373 θείου
2472 5322 2670 5392 φωτὸς,
2688 5325 2898 5396 καὶτῆς
2930 5328 3226 5398 ἀγγελικῆς
3246 5328 3354 5399 85
3371 5321 3745 5393 καθαρότητος,

2188 5412 2301 5476 υἱὸς
2333 5413 2438 5484 γὰρ
2486 5416 2664 5482 φωτὸς
2710 5420 2737 5469 ὁ
2770 5418 3113 5486 βαπτισθεὶς,
3149 5423 3245 5475 καὶ
3290 5424 3411 5483 ὅλος
3437 5413 3656 5473 ἄσπιλός
3690 5422 3742 5457 τε

2188 5505 2282 5555 καὶ
2323 5505 2561 5575 καθαρὸς
2610 5508 2948 5580 ἀπεδείχθη,
3006 5512 3153 5564 οὓτω
3184 5511 3478 5573 τελεσθεὶς,
3520 5506 3742 5558 ἵσταται.

2192 5597 2252 5648 Εἰ
2285 5596 2386 5666 μὲν
2411 5599 2470 5648 ἐν
2508 5599 2698 5671 ἡλικία
2731 5602 2867 5669 ἐστὶ,
2904 5604 3463 5676 λαμπαδηφοροῦντος
3492 5591 3649 5652 αὑτοῦ
3670 5591 3745 5647 εὶς

2190 5686 2412 5754 ἑνδειξίν
2452 5704 2511 5741 τε
2541 5691 2634 5743 καὶ
2663 5691 2823 5757 δόξαν
2853 5694 2946 5747 τοῦ
2984 5696 3263 5749 θειοτάτου
3299 5691 3476 5764 φωτός
3496 5704 3510 5720 ⁸
3537 5686 3582 5737 εἰ
3609 5680 3660 5737 δέ
3686 5689 3744 5743 γε

2193 5779 2413 5851 βρέφος,
2448 5778 3017 5857 λαμπαδηφοροῖδντος
3058 5779 3152 5841 to?)
3186 5788 3453 5857 ἀναδόχου
3485 5777 3633 5851 χάριν
3659 5770 3744 5821 τίδ’
