4038 6466
351 427 452 488 ΞἯΞ

1634 408 1729 466 DE
1763 401 2322 466 SACRAMEEQTIS.

3507 403 3612 467 234

355 536 470 603 τοῦ,
505 533 552 587 οἱ
581 529 681 602 μὲν
711 528 810 597 τῆς
850 523 1148 594 ἐκκλησίας
1177 520 1438 592 ὑμνῳδοῖ,
1473 519 1550 583 τὸ,
1586 537 1605 571 ι
1646 519 1804 572 Ὅσοι
1839 518 1920 578 είς

2037 529 2241 583 :unque
2296 531 2345 567 in
2379 513 2598 571 Christo
2632 515 2890 585 haptizati
2923 517 3074 574 estis.
3109 537 3128 570 ι
3178 518 3427 577 Pontifex
3482 537 3613 576 Vero

345 626 580 698 Χριστὸν
637 620 1030 688 ἐϐαπτίσθητε,
1091 635 1110 667 ι
1155 615 1423 710 ᾅδουσι-ν’.
1461 614 1488 665 6
1517 611 1811 710 μρχιὲρεὺς
1862 609 1918 710 δὲ

346 718 423 771 ἔτι
444 713 654 774 καὶτὰς
682 711 878 772 λοιπὰς
918 707 1029 759 τῶν
1073 704 1253 773 εὐχῶν
1283 699 1790 762 τετελεκὼς,’ὅπως
1837 699 1915 766 τῷ

347 803 694 879 βαπτισθέντι
714 800 783 852 τὸ.
807 795 901 851 τοῦ
935 795 1310 867 βαπτίσματος
1339 789 1592 858 διαμείνῃ
1618 784 1916 879 ἀμόλυντα,

316 877 436 960 ,λαὶ
457 895 524 949 τὰ
546 895 644 963 τῆς
679 890 974 960 σφραγῖδος
1003 884 1390 951 ἀνεξάλειπτα.
1428 881 1521 933 καὶ
1559 881 1628 930 τὰ
1663 877 1764 946 τῆς
1793 892 1917 928 κου-

349 990 448 1060 ρᾶς
479 987 707 1054 γένηται
757 980 838 1042 εἰς
888 977 1188 1048 ἀσφάλειαν
1214 974 1329 1026 τῶν
1377 969 1792 1062 αἰσθητηρίοινὶ
1824 967 1920 1062 καὶ

351 1057 518 1132 πλείω
545 1074 708 1144 ἕτερα
743 1072 823 1133 είς
856 1067 1134 1138 σωτηρίαν
1166 1063 1558 1130 ἐπευξάμενος,
1583 1060 1678 1114 καὶ
1704 1057 1918 1121 δοξολο-

347 1171 522 1239 γήσας
561 1169 656 1220 τὸν
680 1165 836 1228 Θεὸν,
876 1159 1142 1230 λαμϐάνει
1173 1157 1382 1226 χαίρων
1424 1154 1516 1206 τὸν
1548 1149 1920 1222 βαπτισθέντα

343 1261 505 1316 πάλιν
534 1261 598 1312 ὲκ
625 1258 724 1326 τῆς
746 1254 950 1326 χειρὸς,
979 1251 1074 1305 τοῦ
1101 1250 1364 1319 ἁναδόχου
1389 1244 1786 1315 συνεειιομιένου⁸
1808 1239 1920 1293 Καὶ

343 1353 560 1425 χορείαν
588 1351 846 1419 ποιήσας,
875 1345 952 1408 ὡς
1012 1345 1124 1408 τοῖς
1161 1342 1414 1409 ἀγγέλοις
1445 1335 1794 1407 συγχορεύων
1825 1333 1920 1386 καὶ

346 1442 728 1510 συνηδόμενος,
759 1437 878 1507 τρὶς
913 1434 1013 1505 τὴν
1042 1431 1436 1502 κολυμϐήθραν
1479 1430 1698 1514 κυκλοῖ,
1735 1427 1830 1480 ἐπὶ
1851 1427 1916 1494 τῇ

347 1533 687 1602 πνευματικῇ
722 1529 891 1599 μητρὶ
914 1526 1140 1597 χαίρων,
1171 1525 1266 1577 καὶ
1299 1525 1393 1575 ἐπὶ
1425 1521 1502 1590 τῷ
1524 1519 1919 1590 γεγεννημένῳ

349 1623 626 1693 Πνεύματι
661 1619 792 1690 θείῳ
820 1619 878 1684 ἐξ
906 1617 1100 1686 αὐτῆς.
1149 1616 1261 1668 Kal
1279 1613 1363 1675 τό,
1399 1631 1419 1665 ι
1459 1613 1618 1664 Ὅσοι
1678 1613 1756 1674 είς
1789 1611 1922 1678 Χρι-

351 1715 473 1768 στὸν
506 1711 893 1778 ἐϐαπτίσθητε.
934 1727 954 1760 ι
993 1708 1090 1761 σὺν
1119 1712 1228 1769 τοῖς
1259 1705 1444 1778 ᾄδουσι
1485 1701 1733 1775 μελῳδεῖ.
1787 1695 1922 1753 Eia:

307 1809 408 1859 ~16
446 1825 466 1858 ι
504 1805 781 1872 Μακάριοι
816 1794 890 1855 ὧν
923 1800 1207 1868 ἀφέθησαν
1259 1797 1315 1850 αἱ
1365 1797 1610 1866 ἀνομίαι,
1652 1811 1672 1843 ι
1709 1793 1804 1846 καὶ
1856 1790 1922 1842 τὰ

2023 604 2308 673 completis
2367 606 2622 674 precibus
2669 609 2902 674 caeteris,
2969 619 3029 663 ιιι
3086 610 3359 679 baptizato
3429 616 3604 683 gratia

2022 697 2276 767 baptismi
2329 696 2535 766 integra
2569 708 2804 759 maneat,
2837 709 2892 752 et
2921 701 3161 770 sigillum
3205 703 3516 767 indelebile,
3559 713 3614 758 et

2024 800 2250 842 tonsura
2284 788 2338 841 in
2389 788 2611 842 tutelam
2646 803 2929 856 sensuum,
2967 793 3233 861 pluraque
3277 796 3381 848 alia
3417 797 3482 849 ad
3520 811 3608 850 sa-

2021 881 2188 934 Intem
2218 881 2563 950 deprecatus,
2583 866 2647 936 iet
2680 881 2991 950 gloriﬁcans
3021 884 3214 953 Deum,
3245 903 3440 943 rursus
3480 903 3613 955 gau-

2023 973 2158 1027 dens
2222 972 2551 1041 baptizatum
2622 990 2784 1028 manu
2861 978 3170 1046 prehendit,
3241 992 3614 1046 consequente

2023 1078 2305 1129 sponsore.
2338 1062 2492 1117 Jacta
2531 1065 2756 1136 insuper
2784 1069 3008 1130 chorea.
3047 1070 3204 1138 quasi
3239 1085 3363 1125 cum
3403 1073 3612 1140 angelis

2033 1151 2259 1208 saltaret
2287 1165 2343 1210 et
2375 1156 2671 1224 lauaretur,
2715 1167 2797 1213 ter
2826 1160 3092 1229 piscinam
3111 1163 3330 1228 circuit,
3349 1165 3416 1217 de
3439 1174 3616 1220 matre

2023 1246 2250 1312 suit-itali
2280 1247 2522 1316 gaudens
2558 1259 2724 1317 atque
2753 1253 2822 1305 de
2870 1263 3187 1321 regenerato
3217 1271 3280 1314 ex
3309 1273 3373 1311 ea
3402 1257 3455 1310 in
3493 1255 3616 1326 Spi-

2025 1339 2130 1392 ritu
2161 1350 2374 1405 sancto,
2397 1349 2450 1393 et
2506 1341 2636 1396 illud
2662 1359 2676 1397 :
2715 1363 2734 1394 ι
2763 1344 3088 1416 Quicunque
3113 1349 3166 1400 in
3189 1347 3408 1404 Christo
3440 1350 3616 1420 bapti-

2023 1432 2127 1484 zati
2161 1434 2319 1496 estis,
2350 1449 2368 1482 ι
2417 1449 2541 1487 cum
2590 1438 2908 1492 cantoribus
2945 1441 3258 1496 modulatur
3316 1457 3380 1511 ac
3425 1443 3562 1498 illud
3596 1462 3612 1500 :

2031 1536 2049 1568 ι
2080 1521 2225 1574 Beati
2259 1535 2496 1590 quorum
2537 1527 2783 1580 remissae
2812 1536 2940 1580 sunt
2981 1529 3324 1599 iniquitates,
3350 1550 3369 1583 ι
3405 1543 3460 1588 et
3484 1536 3616 1590 reli-

2025 1611 2304 1680 quailiius
2331 1621 2396 1666 ex
2427 1615 2648 1704 psalmis
2689 1618 2782 1685 qui
2813 1613 3109 1689 hymnilugi
3151 1623 3451 1692 dicuntur;
3498 1626 3616 1695 ipse

2027 1717 2156 1756 vero
2179 1704 2455 1773 baptizato
2480 1708 2712 1776 prmiens
2740 1711 2789 1763 in
2817 1723 3164 1780 conspectum
3203 1716 3394 1772 altaris
3433 1717 3612 1782 ducit,

2029 1806 2083 1847 et
2123 1795 2196 1848 ibi
2249 1811 2377 1851 eum
2427 1800 2720 1855 tremendae
2759 1805 3164 1860 communionis
3213 1806 3346 1862 facit
3393 1809 3619 1878 partici-

348 1899 474 1968 ἑξῆς
503 1897 596 1950 τοῦ
628 1894 859 1962 Ψαλμοῦ
882 1893 992 1946 τῶν
1015 1888 1272 1961 ὑμνῳδῶν
1301 1890 1594 1956 λεγόντων,
1627 1885 1798 1969 αὐτὸς
1826 1884 1917 1936 τὸν
1953 1882 1993 1935 Β
2025 1900 2168 1954 pem.

303 1990 706 2061 ,βαπτισθέντα
768 1985 1310 2056 προπορευόμενος,.
1357 1981 1451 2035 τοῦ
1515 1979 1909 2049 θυσιαστηρίου
1940 1976 2258 2049 ἔμπροσθεν
2318 1983 2494 2053 φέρει,
2560 1984 2724 2038 κάκεῖ
2803 1989 2902 2056 τῆς
2950 1993 3242 2057 κοινωνίας
3303 1995 3452 2065 αὐτῷ
3513 1997 3616 2068 τῆς

348 2088 582 2160 φρικτῆς
615 2083 964 2156 μεταδίδωσι.
1223 2143 1236 2149 _

909 2197 1160 2250 ΚΕΦΑΛ.
1205 2194 1332 2248 EH'.

346 2292 471 2348 Ὅτι
519 2291 585 2346 τὸ
617 2289 792 2355 τέλος
817 2289 923 2344 τοῦ
943 2289 1372 2356 βαπτίσματος
1425 2286 1522 2340 καί
1555 2284 1664 2340 τοῦ
1693 2285 1916 2354 μύρου,

679 2361 718 2429 ἠ
750 2361 1032 2415 κοινωνία
1063 2361 1184 2412 τῶν
1203 2357 1580 2427 μυστηρίων.

416 2453 588 2509 Τοῦτο
614 2419 723 2524 γὰρ
756 2453 850 2506 καὶ
899 2453 959 2506 τὸ
1005 2452 1161 2516 τέλος
1200 2419 1296 2504 τοῦ
1338 2419 1646 2520 μύ-στηρίου
1691 2444 1917 2510 παντὸς,
1952 2419 1962 2427 ⁵

348 2547 436 2601 ἵνα
467 2549 564 2617 τῆς
625 2545 836 2616 πλάνης
890 2544 1300 2610 ἀπαλλαγέντες
1335 2543 1429 2597 καὶ
1458 2540 1554 2594 τοῦ
1611 2540 1785 2610 ῥύπου
1821 2540 1920 2608 τῆς

349 2639 647 2710 ἁμαρτίας,
680 2637 914 2708 καθαροί
939 2654 998 2690 τε
1029 2635 1388 2705 γεγενημένοι
1424 2636 1516 2689 καὶ
1547 2633 1924 2704 ἐσφραγισμέ-

347 2750 430 2786 νοι
451 2731 672 2801 Χριστῷ
708 2733 765 2784 ἐν
794 2731 937 2801 ἁγίῳ
985 2730 1286 2800 Πνεύματι,
1340 2730 1441 2798 τῆς
1473 2731 1676 2798 σαρκὸς
1701 2726 1920 2780 καὶτοῦ

353 2825 584 2894 αἵματος
644 2822 810 2876 αὐτοῦ
873 2821 968 2875 τοῦ
1019 2821 1262 2889 Χριστοῦ
1327 2821 1770 2890 κοινωνήσωμεν,
1826 2817 1922 2870 καὶ

357 2916 541 2983 ἄκρως
589 2913 879 2983 ὲνωθῶμεν
929 2913 1097 2981 αὐτῷ.
1149 2911 1322 2965 Τοῦτο
1362 2911 1469 2981 γὰρ
1524 2911 1552 2962 ὃ
1588 2911 1683 2963 καὶ
1712 2909 1798 2961 διὰ
1829 2909 1922 2962 τοῦ

355 3008 641 3077 Προφήτου
672 3006 871 3074 φησιν·
909 3023 930 3058 ι
983 3007 1281 3074 Ἐνοικήσω
1315 3005 1371 3056 ὲν
1402 3005 1613 3066 αὐτοῖς⁸
1633 3003 1727 3056 καὶ
1749 3004 1944 3070 cpite--

357 3099 658 3170 ριπατήσωυ
703 3115 721 3148 ι
769 3097 864 3149 καὶ
897 3097 1034 3168 ὅπερ
1069 3095 1230 3160 αὐτὸς
1271 3095 1479 3165 ηὔξατο
1515 3095 1650 3165 πρὸς
1681 3094 1772 3147 τὸν
1817 3095 1926 3146 Ila-

350 3195 506 3264 τέρα,
541 3193 734 3261 λέγων,
774 3211 793 3243 ι
832 3190 951 3245 ’Ίνα
981 3183 1116 3244 ὦσιν
1145 3189 1206 3244 ἓν
1235 3189 1418 3252 καθὼς
1445 3191 1630 3259 ἡμεῖς,
1673 3208 1692 3241 ι
1720 3187 1818 3241 καὶ
1843 3189 1923 3249 τὸ,

361 3304 380 3337 ι
429 3286 558 3338 Ἰδοὺ
586 3284 696 3351 ἐγὼ
729 3282 846 3352 μεθ’
880 3281 1033 3351 ὑμῶν
1075 3284 1194 3360 είμι
1247 3281 1430 3344 πάσας
1465 3280 1564 3342 τὰς
1624 3280 1862 3349 ἡμέρας.
1903 3298 1920 3330 ι

367 3374 585 3444 Ἐπειδὴ
623 3375 751 3444 ἄχρι
778 3375 899 3427 τότε
922 3372 1011 3428 διὰ
1045 3372 1154 3426 τῶν
1185 3371 1506 3443 μυστηρίων
1535 3371 1630 3423 καὶ
1677 3371 1930 3439 ἀοράτως

2553 2193 2782 2250 CAPUT
2855 2197 3086 2254 LXVIII.

2027 2280 2175 2346 Quod
2198 2283 2319 2353 ﬁnis
2344 2295 2393 2338 et
2422 2303 2609 2358 scapus
2644 2289 2898 2371 baptismi
2929 2302 2978 2371 ιιι
3005 2295 3314 2351 chrismatis
3355 2297 3416 2374 ﬁt
3467 2315 3614 2354 rom-

2525 2366 2775 2413 muniam
2782 2366 3118 2430 ysteriorum.

2099 2442 2238 2500 Illud
2267 2449 2410 2502 enim
2445 2448 2567 2504 ﬁnis
2595 2459 2678 2505 est
2713 2452 2891 2508 omnis
2924 2457 3193 2526 mysterii,
3223 2465 3284 2510 ut
3321 2460 3514 2515 remoti
3548 2462 3617 2517 ab

1978 2570 1991 2577 -
2028 2552 2220 2594 errore
2274 2551 2328 2596 et
2382 2557 2413 2596 a
2481 2545 2737 2600 sordibus
2797 2550 3030 2615 peccati,
3082 2552 3314 2621 purique
3369 2551 3497 2608 facti
3562 2557 3634 2609 et‘

2029 2630 2249 2686 Christo
2275 2632 2472 2703 signati
2508 2635 2562 2688 in
2622 2645 2816 2691 sancto
2844 2636 3077 2707 Spiritu,
3109 2657 3331 2696 carnem
3389 2650 3443 2697 et
3491 2659 3619 2699 san-

2030 2723 2251 2789 guinem
2289 2727 2462 2794 ipsius
2512 2725 2714 2782 Christi
2750 2731 3250 2797 communicenms,
3286 2743 3340 2788 et
3378 2744 3528 2791 arcte
3564 2735 3619 2792 ei

2031 2816 2445 2886 coniungantur.
2473 2816 2584 2874 Iloc
2615 2821 2758 2874 enim
2785 2821 2920 2898 dixit
2950 2839 3047 2892 per
3073 2827 3392 2894 prolihetam
3420 2844 3434 2880 :
3474 2847 3492 2880 ι
3527 2828 3619 2883 Ιη-

2033 2906 2290 2962 habitabo
2322 2909 2373 2962 in
2407 2909 2512 2975 eis,
2544 2920 2596 2965 et
2619 2914 3016 2981 perambulabo
3037 2932 3084 2980 ς»
3115 2927 3170 2972 et
3196 2919 3341 2988 quod
3380 2920 3496 2990 ipse
3519 2937 3618 2989 pe-

2035 2999 2184 3052 tebat
2212 3014 2242 3053 a
2275 3000 2435 3055 Patre
2457 3002 2642 3057 dicens
2673 3021 2687 3056 :
2729 3023 2746 3055 ι
2774 3003 2842 3059 Ut
2860 3006 2971 3060 sint
3001 3023 3167 3062 unum
3189 3011 3332 3066 sicut
3355 3020 3410 3066 et
3443 3028 3543 3067 nos
3566 3029 3614 3079 ςι

2034 3099 2088 3143 et
2129 3089 2261 3145 illud
2291 3108 2306 3146 :
2355 3111 2374 3143 ι
2404 3093 2546 3148 Ecce
2585 3095 2872 3152 vobiscum
2908 3114 3026 3153 sum
3066 3102 3326 3160 omnibus
3356 3104 3614 3173 diebusp

2037 3197 2163 3236 nam
2219 3198 2392 3252 usque
2430 3186 2496 3241 ad
2529 3187 2782 3243 ultimum
2812 3189 2954 3244 diem
2984 3195 3243 3264 mysteria
3273 3197 3624 3254 invisibiliter

2037 3276 2142 3331 erit
2169 3277 2498 3346 nobiscum;
2529 3287 2656 3335 tunc
2687 3291 2872 3336 autem
2906 3287 3069 3340 sicuti
3098 3297 3183 3344 est
3217 3291 3515 3356 videbitur,
3563 3302 3624 3346 ut

2037 3366 2177 3422 dixit
2211 3367 2443 3444 dilectus
2462 3369 2787 3439 discipulus.
2825 3373 3122 3437 Pr0pterea
3157 3379 3321 3432 etiam
3368 3379 3626 3436 incarna-

359 3467 478 3536 μεθ’
505 3466 664 3535 ἡμῶν
686 3464 1025 3524 ἐσται.,Τότε
1047 3463 1102 3515 δὲ
1130 3463 1205 3525 ὡς
1235 3462 1382 3515 ἐστιν
1428 3461 1756 3530 ὀφθήσεται.
1788 3460 1865 3524 ὡς
1901 3463 1928 3513 ὀ

2037 3468 2123 3514 tus
2146 3465 2231 3514 est
2261 3474 2327 3514 ex
2353 3457 2596 3528 Virgine,
2633 3470 2691 3515 ut
2719 3463 2876 3518 nobis
2927 3465 3236 3535 adunetur;
3269 3470 3433 3540 hujus
3454 3488 3623 3530 causa

356 3553 708 3626 ἡγαπημένος
737 3555 892 3622 φησί.
919 3556 1030 3608 Καὶ
1049 3554 1138 3606 διὰ
1160 3551 1320 3606 τοῦτο
1341 3554 1686 3623 σεσάρκωται
1705 3553 1766 3604 ὲκ
1791 3553 1937 3621 Παρ-

359 3647 533 3712 θένου,
559 3647 646 3699 ἵνα
666 3647 797 3715 ἡμῖν
821 3644 1018 3715 ὲνωθῇ.
1047 3645 1254 3698 Τούτου
1287 3662 1344 3697 τε
1374 3645 1538 3715 χάριν
1560 3642 1928 3712 ἐσταύρωται,

356 3740 452 3793 καὶ
477 3718 539 3792 τὸ
559 3736 696 3808 αἷμα
727 3739 908 3808 ἐξέχεε
933 3736 1000 3788 δι’
1030 3737 1203 3807 ἡμᾶς,
1241 3735 1308 3788 ἶν’
1338 3735 1506 3789 αὑτοῦ
1559 3735 1930 3802 κοινωνῶμεν.

355 3833 467 3885 Καὶ
498 3833 604 3900 πρὸ
630 3829 724 3882 τοῦ
750 3827 984 3896 σταυροῦ
1018 3829 1107 3881 διὰ
1133 3827 1233 3896 τῆς
1270 3825 1585 3896 ίερουργίχς
1625 3827 1691 3878 τὰ
1727 3825 1942 3912 μυᾼστήί

358 3940 451 3993 ρις.
477 3923 728 3986 δέδωκεν,
764 3921 851 3974 ἵνα
880 3918 999 3990 μεθ’
1045 3917 1203 3989 ἡμῶν
1249 3915 1306 3990 ᾖ,
1355 3917 1452 3969 καὶ
1498 3920 1748 3968 κοινωνοὶ
1783 3910 1934 3983 ὦμεν

359 4016 548 4080 αὑτοῦ,
575 4014 670 4067 νῦν
699 4031 754 4066 τε
783 4015 877 4066 καὶ
911 4014 970 4064 ἐν
1009 4011 1088 4081 τῷ
1123 4011 1396 4080 μέλλοντι,
1448 4012 1544 4062 καὶ
1577 4008 1686 4061 τῶν
1713 4007 1940 4076 ἀγαθῶν

361 4110 529 4164 αὐτοῦ
566 4108 884 4177 μετέχωμεν
921 4103 1148 4168 πάντες,
1179 4104 1284 4156 ὅτι·
1319 4101 1478 4155 τοῦτο
1513 4102 1790 4170 ἠγάπησε.
1827 4101 1942 4153 Καὶ⁵

356 4204 388 4255 ὀ
421 4201 607 4269 Πατὴρ
648 4198 814 4254 αὑτοῦ
863 4196 1009 4249 οὕτω
1069 4199 1162 4251 τὸν
1220 4195 1427 4265 κόσμον
1452 4196 1761 4265 ἠγάπησεν,
1793 4193 1933 4247 ὥστε

357 4296 450 4347 τὸν
483 4295 607 4346 Υἱὸν
631 4290 796 4344 αὑτοῦ
826 4292 918 4342 τὸν
960 4289 1229 4359 μονογενῆ
1253 4289 1481 4354 ἔδωκεν,
1518 4287 1607 4339 ἵνα
1641 4288 1751 4348 πᾶς
1779 4287 1807 4338 6
1838 4304 1934 4339 πι-

360 4386 566 4440 στεύων
597 4383 676 4443 είς
706 4382 870 4434 αὐτ-’.ν
917 4381 992 4449 μὴ
1023 4379 1314 4447 ἀπόληται,
1353 4374 1468 4432 ἀλλ’
1500 4376 1600 4450 ἔχῃ
1629 4377 1776 4447 ζωὴν
1806 4373 1935 4430 αἰώ-

361 4495 498 4530 νιον.
537 4478 646 4531 Καὶ
675 4475 762 4527 δμὰ
784 4468 942 4524 τοῦτο
975 4469 1377 4540 παραπλησίως
1405 4468 1774 4538 κεκοινώνηκε
1804 4485 1937 4538 σαρ-

2041 3551 2342 3607 cruciﬁxus
2375 3560 2477 3616 est,
2509 3560 2562 3607 et
2591 3556 2914 3624 sanguinem
2949 3569 3170 3629 pr0ptcr
3212 3578 3313 3619 nos
3342 3564 3535 3620 ct'l'udit
3567 3574 3625 3620 ut

2042 3641 2196 3695 ἱΙΙιιιιι
2228 3644 2280 3697 in
2315 3644 2704 3700 communione
2739 3647 3100 3716 accipiamus,
3147 3663 3203 3707 et
3240 3665 3367 3710 ante
3402 3659 3628 3712 crucem

2043 3747 2140 3802 pcr
2164 3736 2496 3791 sacrificium
2529 3739 2682 3794 dedit
2712 3745 2969 3812 mysteria
3007 3755 3064 3800 ut
3108 3747 3401 3802 nobiscum
3431 3751 3525 3810 sit,
3571 3761 3628 3804 et

2041 3839 2140 3879 nos
2184 3826 2306 3896 ejus
2359 3830 2744 3901 participemus
2775 3877 2789 3900 ,
2841 3837 3104 3904 quoniam
3159 3838 3265 3894 hoc
3308 3838 3521 3908 dilexit,
3573 3855 3630 3897 et

2041 3918 2211 3972 Pater
2240 3920 2360 3988 ejus
2385 3923 2455 3976 ita
2483 3924 2745 3978 mundum
2781 3926 2970 3982 dilexit
3001 3943 3057 3982 ut
3086 3927 3282 3984 Filium
3312 3947 3473 3987 suum
3502 3935 3627 3988 uni-

2039 4011 2282 4075 genitum
2335 4013 2511 4080 daret,
2571 4025 2628 4070 ut
2663 4020 2844 4074 omnis
2883 4019 2981 4089 'qni
3016 4021 3192 4076 credit
3243 4023 3297 4078 in
3335 4040 3460 4078 eum
3518 4041 3625 4082 nou

2041 4107 2248 4166 pereat,
2273 4104 2368 4157 sed
2399 4104 2594 4160 habeat
2625 4106 2790 4163 vitam
2828 4118 3110 4168 aeternam.
3145 4111 3438 4182 Propterea
3471 4116 3627 4171 simi-

2044 4191 2170 4246 liter
2194 4193 2545 4265 participavit
2574 4202 2727 4253 carni
2762 4210 2815 4255 et
2856 4203 3136 4273 sanguini,
3173 4213 3232 4258 ut
3274 4216 3375 4261 nos
3426 4206 3628 4263 habea-

2045 4300 2166 4342 mus
2200 4291 2649 4345 communionem
2683 4307 2808 4348 cum
2841 4309 2932 4361 eo,
2974 4297 3234 4364 quoniam
3269 4297 3368 4353 hic-
3402 4310 3489 4355 est
3530 4287 3630 4358 ve-

2045 4393 2140 4433 rus
2182 4377 2325 4434 Deus
2378 4388 2434 4434 et
2484 4381 2593 4434 vita
2638 4390 2863 4450 acterna,
2899 4393 2956 4438 ut
2989 4401 3211 4444 rursum
3263 4391 3339 4446 ait
3392 4392 3627 4448 dilectus

2044 4471 2363 4538 apostolus;
2405 4471 2509 4540 ipsi
2547 4487 2689 4527 verae
2731 4474 2836 4528 luci
2871 4477 3040 4545 gloria
3074 4481 3128 4532 in
3162 4482 3385 4536 saecula.
3428 4485 3626 4539 Amen.

364 4577 457 4640 κός
502 4591 562 4628 τε
604 4577 698 4628 καὶ
758 4572 1014 4641 αἵματος,
1067 4572 1158 4624 ἵνα
1205 4568 1490 4624 κοινωνίαν
1545 4568 1759 4640 ἔχωμεν
1829 4568 1950 4638 μετ’
1989 4569 2176 4623 αὐτοῦ.
2213 4567 2337 4622 Ὀτι
2367 4568 2520 4635 οὗτός
2551 4570 2700 4624 ἐστιν
2731 4574 2758 4626 6
2787 4574 3043 4645 ἀληθινὸς
3087 4578 3219 4642 Θεὸς
3265 4581 3417 4654 καὶὴ
3450 4579 3564 4652 ζωὴ
3593 4585 3630 4654 ἡ

365 4673 601 4736 αἰώνιος,
628 4672 700 4735 ὼς
731 4670 889 4724 πάλιν
921 4671 948 4722 ό
982 4670 1339 4739 ὴγαπημένος
1381 4668 1568 4737 φησίν.
1605 4668 1766 4738 Αὑτῷ
1797 4669 1874 4737 τῷ
1901 4667 2139 4738 ἀληθινῷ
2171 4670 2310 4737 φωτὶ
2339 4669 2372 4734 ἡ
2406 4669 2532 4735 δόξα
2584 4672 2664 4734 είς
2694 4673 2822 4735 τοὺς
2871 4674 3100 4738 αἰῶνας.
3163 4677 3342 4750 Ἀμήν

447 4771 508 4824 '0
527 4772 622 4841 μὲν
641 4763 732 4822 οὖν
751 4768 1040 4838 ἀρχιερεὺς
1060 4769 1200 4836 μετὰ
1215 4767 1275 4819 τὸ
1298 4766 1620 4834 μεταδοῦναι
1639 4767 1717 4837 τῷ
1741 4767 1937 4837 βαπτι-

2120 4769 2292 4838 lgitur
2360 4751 2607 4838 pontifci
2672 4769 2918 4838 quidem,
2997 4781 3286 4844 postquam
3347 4776 3630 4847 baptizpto

373 4865 550 4919 σθέντι
575 4863 673 4933 τῆς
706 4861 1014 4924 κοινωνίας,
1044 4858 1449 4928 εὐχαριστήσας
1470 4859 1546 4927 τῷ
1575 4858 1816 4928 Σωτῆρι,
1844 4864 1930 4910 καῖ

2044 4859 2486 4914 communionem
2530 4858 2886 4924 ministravit,
2932 4864 3122 4930 gratiis
3143 4865 3281 4919 actis
3328 4864 3626 4933 Salvatori,

370 4955 669 5018 ἀπολύσας,
709 4950 1012 5019 εὐλογήσας
1047 4966 1108 5000 τε
1139 4950 1231 5000 τὸν
1262 4948 1630 5017 βαπτισθέντα
1673 4949 1811 5018 μετὰ
1844 4948 1938 4999 τοῦ

371 5044 652 5111 ἀναδόχου,
685 5041 1024 5108 ἀπέρχεται·
1049 5039 1076 5088 ὁ
1108 5037 1431 5107 βαπτισθεὶς
1470 5038 1526 5089 δὲ
1555 5039 1636 5100 είς
1670 5039 1760 5091 τὸν
1791 5034 1940 5092 οἷκον

371 5135 686 5207 πορεύεται,
737 5132 1200 5202 προπεμπόμενος
1267 5131 1408 5212 μετὰ
1460 5129 1654 5198 φώτων
1693 5130 1766 5192 ὡς
1823 5131 1938 5192 υἱὸς

373 5229 546 5297 φωτὸς
575 5227 677 5295 ἤδη
700 5243 714 5256 ·
740 5226 838 5277 καὶ
855 5224 944 5288 τὸ,
979 5242 998 5274 ι
1027 5223 1184 5275 ’Ὅσοι
1215 5225 1293 5285 είς
1318 5223 1552 5290 Χριστὸν
1573 5222 1940 5290 ἐϐαπτίσθητε

373 5321 423 5374 οἱ
460 5318 878 5387 προπέμποντες
913 5315 1265 5385 μελῳδοῦσιν.
1302 5315 1624 5367 Ἐνεδύσατο
1653 5315 1810 5384 γὰρό
1851 5317 1943 5382 βα-

375 5409 620 5468 πτισθεὶς
650 5407 740 5458 τὸν
765 5406 1000 5472 Χριστὸν
1031 5405 1290 5474 ὲνὲαυτῷ
1323 5405 1416 5456 καὶ
1446 5405 1767 5474 ,ἐμορφὼθη
1811 5406 1948 5474 Χριη

379 5504 500 5562 στὺς
547 5503 604 5552 ἐν
651 5497 863 5566 ὲαυτῷ⁸
923 5499 1019 5549 καὶ
1053 5499 1084 5567 ἡ
1119 5499 1277 5567 χάρις
1328 5495 1475 5565 αὐτῷ
1505 5496 1598 5548 τοῦ
1629 5498 1943 5565 ΙΙνεύματος

377 5595 740 5662 ἐπεδήμησεν.
773 5591 964 5661 Ὃςεδὴ
1011 5592 1104 5643 καὶ
1158 5585 1560 5660 προσεύχεσθαι
1601 5589 1696 5642 καὶ
1721 5590 1789 5642 τὰ
1824 5589 1946 5658 ίερᾶι

379 5689 578 5756 ἄμφια,
609 5685 668 5737 τὸ
697 5683 1012 5737 κουκούλιον
1029 5683 1231 5752 δηλαδὴ
1257 5687 1349 5736 καὶ
1375 5683 1435 5734 τὸ
1465 5683 1772 5746 ἀναϐόλιον,
1798 5683 1825 5735 ὃ
1852 5681 1944 5735 καὶ

376 5777 647 5846 ἐμφώτιον
698 5776 939 5841 λέγεταις
992 5776 1087 5826 καὶ
1117 5774 1323 5842 ἔνδυμα
1355 5776 1620 5845 πρότερον
1644 5770 1733 5845 ἦν,
1769 5775 1860 5826 καὶ
1890 5773 1938 5825 οἱ

377 5867 732 5937 (pinnat-Eure;
769 5867 975 5920 ἀνωθεν
1002 5867 1342 5932 ὲπενδύοντο,
1395 5870 1524 5940 ἄχρι
1581 5867 1674 5921 καὶ
1705 5866 1942 5935 ἑϐδόμης

611 5963 881 6022 ΡΑτιιοι..
913 5968 1030 6027 Gn.
1086 5962 1256 6023 CLV.

2048 4960 2102 5005 et
2157 4951 2437 5006 dimittens
2497 4961 2661 5021 atque
2716 4953 3045 5008 benedicens
3100 4955 3440 5024 baptizatum
3497 4973 3625 5014 cum

2047 5057 2337 5111 sponsore,
2396 5043 2618 5096 recedit.
2667 5042 2980 5110 Baptizatus
3037 5056 3219 5098 autem
3283 5047 3338 5100 in
3396 5049 3628 5105 domum

2047 5135 2198 5188 vadit
2259 5134 2525 5188 deductus
2577 5148 2701 5187 cum
2759 5134 3024 5196 lucernis,
3063 5143 3121 5189 ιιι
3175 5134 3320 5191 [ilius
3363 5137 3529 5203 lucis,
3570 5151 3641 5195 et-

2052 5227 2228 5280 illud:
2283 5225 2656 5292 «Quicunque
2709 5224 2765 5278 in
2814 5225 3034 5292 Christo
3089 5226 3352 5296 baptizati
3391 5231 3545 5287 -estis
3602 5252 3622 5286 ι

2048 5319 2375 5373 deducentes
2408 5317 2739 5382 concinunt;
2777 5319 2979 5389 quippe
3008 5321 3309 5387 baptizatus
3345 5323 3631 5379 Christum

2050 5407 2102 5460 in
2133 5409 2426 5479 semetipso
2446 5407 2645 5474 induit,
2671 5418 2728 5480 et
2753 5409 3005 5464 Christus
3033 5411 3086 5464 in
3117 5426 3186 5467 eo
3223 5422 3495 5468 tormatus
3522 5423 3632 5479 est,

2049 5509 2103 5551 ct
2153 5499 2327 5570 gratia
2370 5499 2606 5568 Spiritus
2644 5499 2696 5553 in
2744 5515 2870 5554 eum
2920 5505 3258 5570 supervenit.
3311 5503 3416 5570 Qui
3469 5521 3632 5560 orare

2051 5591 2208 5643 debet
2237 5599 2291 5643 et
2317 5604 2504 5642 sacras
2547 5601 2724 5645 vestes
2758 5593 3005 5658 induere,
3039 5607 3238 5663 nempe
3267 5592 3545 5648 cucullum
3575 5605 3632 5646 et

2054 5681 2336 5736 linteolum
2371 5681 2514 5749 quod
2541 5683 2708 5735 etiam
2749 5682 3081 5738 luminosum
3115 5687 3312 5740 dicitur
3334 5685 3626 5741 indumen-

2058 5781 2193 5836 tum,
2223 5781 2276 5826 et
2302 5771 2590 5842 prior'crat
2617 5773 2852 5828 amictus
2876 5791 3038 5842 quem
3068 5777 3357 5829 illutniuati
3374 5791 3471 5830 seu
3501 5777 3634 5856 bapo,

2056 5864 2232 5918 tizati-
2263 5861 2730 5932 superinduebant
2780 5879 2952 5933 usque
3002 5866 3068 5920 ad
3125 5862 3412 5934 septimam
3482 5866 3632 5925 diem

3160 5956 3194 6018 8
