4038 6424
346 325 444 386 ΞΖΠ

952 435 1202 488 ΚΕΦΑΔ.
1273 434 1347 486 Ο’.

349 531 470 585 Ὅτι
497 531 616 597 χρὴ
641 502 724 583 ’τὸ
755 528 912 593 ὕδωρ
961 527 1070 581 τοῦ
1103 527 1533 594 βαπτίσματος
1568 526 1667 580 καὶ
1702 525 1776 597 τὰ
1812 529 1941 579 λοι-

455 596 542 654 κά
558 600 703 669 ἅγια
742 598 1035 668 ἀσφαλῶς
1069 597 1495 665 περιστέλλειν
1514 597 1622 650 τὸν
1652 596 1832 664 ἱερέα.

425 693 574 764 Πλὴν
605 691 938 761 προσεκτέον
991 690 1088 743 καὶ
1123 690 1183 742 ὲν
1219 689 1456 753 τούτοις,
1497 691 1777 759 ἁγαπητὲ.
1829 693 1942 755 τοῖς

353 787 507 855 παρά
535 801 648 837 τισι
681 780 1120 854 παρορωμένοις,
1165 780 1260 834 καὶ
1293 780 1542 834 δοκοῦσιν
1598 781 1826 844 ἐκείνοις
1862 778 1963 845 εἷ-,

356 894 444 930 vat
465 879 706 945 μικροῖς.
736 875 903 927 Καὶὸ
963 873 1227 942 ἱεράρχης
1288 873 1431 924 καὶὸ
1488 873 1668 942 ἱερεὺς
1722 876 1835 933 τοῖς
1880 889 1942 926 τε

357 969 636 1038 λειψάνοις
662 966 758 1020 τοῦ
790 965 948 1034 ἁγίου
976 964 1162 1018 ἐλαίου
1190 963 1287 1032 τῆς
1320 963 1721 1031 ἀγαλλιάσεως,
1759 967 1835 1034 μὴ
1865 963 1942 1026 ὡς

352 1065 507 1131 ἔτυχε
536 1061 786 1132 χρήσθω,
846 1059 1204 1130 προτύπωσις
1257 1060 1366 1128 γὰρ
1425 1059 1584 1112 τοῦτο
1640 1057 1732 1112 τοῦ
1795 1055 1944 1111 θείου

357 1149 554 1219 μύρου,
582 1148 720 1201 ἀλλὰ
751 1150 1010 1218 τηρείτω,
1037 1148 1133 1201 καὶ
1161 1151 1218 1201 ἐν
1258 1151 1322 1216 τῇ
1356 1147 1548 1218 λυχνία
1601 1147 1944 1200 ἀναλισκέτω

352 1241 447 1295 τοῦ
482 1242 905 1312 θυσιαστηρίου,
941 1244 998 1295 ἐν
1031 1244 1245 1311 ἀγγείῳ
1295 1243 1634 1311 κεκτημένος
1689 1243 1786 1294 καὶ
1830 1241 1944 1310 ἰδίῳ

352 1348 414 1386 τε
442 1332 537 1386 καὶ
564 1333 890 1402 ἡγιασμένῳ
921 1349 935 1362 ·
965 1333 1060 1386 καὶ
1098 1335 1172 1404 μὴ
1199 1332 1274 1397 ὡς
1309 1333 1518 1403 τροφὴν
1557 1332 1806 1404 χρήσθω.
1833 1331 1946 1385 Καὶ

355 1427 415 1476 τὸ
447 1425 589 1477 θεῖον
633 1425 777 1494 ὕδωρ
835 1408 934 1478 τοῦ
981 1425 1362 1495 βαπτίσματος
1407 1428 1465 1478 ἐν
1630 1425 1944 1496 ἡάμαρτία

357 1515 656 1585 κατεπόθη.
683 1518 829 1570 καὶὸ
877 1517 1113 1587 Χριστὸς
1162 1512 1319 1586 ἦλθε,
1360 1517 1456 1568 καὶ
1503 1517 1566 1570 ’τὸ
1610 1516 1833 1585 Πνεῦμα
1885 1517 1946 1570 τὸ

359 1609 512 1676 ἅγιον
537 1610 877 1678 ἐπεδήμησε,
923 1611 1016 1662 καὶ
1047 1612 1074 1662 6
1100 1609 1388 1677 ἅνθρωπος
1419 1608 1755 1678 ἀνεπλάσθη,
1794 1626 1948 1679 περι-

360 1703 694 1768 φυλαττέτω,
727 1701 823 1754 καὶ
851 1704 908 1754 ἐν
934 1703 1084 1772 τόπῳ
1140 1701 1379 1770 ἐκχεέτω
1415 1701 1568 1771 ἱερῷ,
1596 1702 1684 1754 ἵνα
1739 1701 1814 1772 μὴ
1870 1702 1946 1764 ὡς

1547 315 1640 376 DE
1682 314 1971 376 SANCTO
2027 311 2472 376 UNGUENTO.

3521 324 3630 391 238

2617 433 2846 490 CAPUT
2892 434 3057 490 LXX.

2054 523 2210 591 Quod
2243 526 2531 580 sacerdotis
2563 535 2640 580 est
2671 544 2864 597 aquam
2900 530 3151 598 baptismi
3176 543 3227 587 et
3247 543 3441 589 caetera
3475 552 3635 592 sacra

2651 609 2787 652 recte
2819 617 3027 656 curare.

2122 690 2388 744 Caeterum
2431 690 2821 745 attendendum
2855 701 2938 748 est
2972 695 3024 748 in
3060 695 3148 758 iis,
3187 697 3405 758 dilecte.
3468 699 3635 753 rebus

2050 799 2171 850 quae
2194 798 2222 836 a
2257 783 2586 852 quibusdam
2620 784 3002 854 despiciuntur
3051 787 3284 857 istisque
3341 805 3521 858 parva:
3551 792 3637 843 vi-

2053 877 2253 930 dentur
2287 891 2429 930 esse.
2465 876 2714 931 Pontifex
2764 885 2819 932 et
2849 879 3107 933 sacerdos
3163 881 3388 950 reliquis
3458 884 3634 938 sancti

2051 969 2157 1023 olei
2192 969 2390 1022 lzrtitiae
2424 983 2764 1037 nequaquam
2796 980 2856 1023 ut
2885 969 2988 1024 fert
3017 986 3198 1036 casus,
3232 983 3420 1027 utatur
3451 991 3467 1042 ;
3506 987 3637 1030 nam

2051 1062 2181 1114 illud
2248 1061 2417 1132 figura
2469 1070 2553 1115 est
2591 1061 2761 1114 divini
2822 1063 3108 1132 unguenti,
3162 1065 3260 1119 sed
3322 1081 3418 1122 eas
3451 1048 3686 1122 custo-i

2050 1152 2183 1213 diat,
2218 1152 2273 1205 in
2307 1167 2440 1207 vase
2469 1152 2693 1223 proprio
2715 1165 2768 1208 et
2798 1165 3124 1210 consecrato
3153 1167 3442 1215 contentas
3498 1167 3552 1213 et
3581 1159 3637 1213 in
3693 1167 3696 1170 '

2054 1243 2301 1312 lampade
2323 1245 2510 1299 altaris
2543 1246 2867 1312 comburat;
2896 1248 2992 1302 sed
3021 1249 3164 1306 absit
3189 1260 3246 1303 nt
3268 1251 3334 1304 iis
3365 1251 3419 1305 in
3453 1251 3637 1307 cibum

2053 1343 2264 1402 utatur,
2298 1345 2352 1392 et
2406 1338 2587 1392 tlivina
2639 1339 2988 1407 baptismatis
3043 1357 3182 1410 aqua
3227 1345 3280 1396 in
3311 1359 3419 1411 qua
3451 1344 3642 1400 absor-

2055 1438 2205 1498 ptum
2275 1438 2694 1498 estpcccatum,
2738 1441 2791 1485 ct
2817 1423 3079 1486 Christus
3113 1435 3281 1498 venit,
3333 1443 3388 1489 et
3445 1452 3642 1506 super-

2055 1521 2200 1572 venit
2264 1519 2505 1590 Spiritus
2551 1532 2793 1587 sanctus,
2849 1531 2903 1576 ct
2953 1523 3118 1578 homo
3167 1525 3498 1584 reformatus
3527 1539 3638 1594 est,

2054 1621 2434 1676 conservetur,
2494 1621 2548 1666 et
2615 1613 2831 1666 inloco
2875 1623 3072 1668 sancto
3127 1615 3468 1683 effundatur,
3544 1634 3640 1682 ne,

2057 1715 2338 1773 utcunque
2378 1704 2654 1764 reciderit.
2703 1703 2880 1759 effusa
2932 1719 2961 1758 a
3009 1706 3384 1765 nescientibus
3435 1720 3644 1782 myste-

359 1794 547 1864 ἔτυχεν
579 1794 816 1863 ἐκχυθὲν
840 1793 1208 1863 καταπατηθῇ
1238 1794 1481 1847 ύποτὼν
1518 1795 1590 1863 μὴ
1618 1793 1841 1846 εἰδότων
1887 1795 1946 1850 τὸ

2065 1799 2193 1850 -lnm
2243 1799 2626 1851 conculcetur.
2697 1795 2822 1852 llaec
2853 1813 3015 1868 aqua,
3050 1811 3394 1871 nequaquam
3462 1805 3644 1859 minor

363 1886 678 1955 μυστήριον.
699 1887 808 1956 87
833 1887 1006 1939 Τοῦτο
1021 1887 1079 1940 τὺ
1110 1885 1254 1955 ὕδωρ
1287 1884 1408 1938 κατ’
1437 1885 1590 1938 οὐδὲν
1617 1885 1946 1956 ἐλαττούμε-

361 1995 450 2030 νον
478 1978 570 2030 τοῦ
593 1977 703 2030 τῶν
737 1979 908 2046 ἁγίων
947 1977 1382 2046 Θεοφανίων.ἐει
1437 1976 1492 2029 δὲ
1541 1982 1634 2030 καὶ
1690 1978 1946 2043 πλείονας

358 2065 648 2138 δεχόμένόν
686 2073 834 2124 ἐστιν
889 2071 1077 2140 εὐχὰς,
1136 2072 1273 2141 πρὸς
1307 2071 1614 2124 ἀνάπλασιν
1680 2071 1776 2124 τοῦ
1845 2071 1947 2142 βα-

361 2161 715 2231 πτιζομένου,
740 2162 878 2216 ἀλλὰ
910 2165 1006 2217 καὶ
1025 2163 1085 2216 τὸ
1131 2163 1308 2217 ἔλαιον
1335 2165 1433 2233 τῆς
1465 2162 1840 2229 ἀγαλλιάσεως
1864 2163 1947 2216 δέ-

361 2268 542 2320 χεται.
584 2253 684 2306 Διά
708 2253 868 2306 τοῦτο
906 2254 1254 2308 εὐλαϐεῖσθαι
1284 2255 1390 2326 χρὴ
1431 2255 1528 2308 καὶ
1566 2256 1732 2325 τιμᾷν
1792 2256 1944 2310 αὑτό.

367 2342 476 2396 Καὶ
502 2343 680 2398 ταῦτα
706 2344 849 2413 λέγω
893 2347 982 2400 διὰ
1034 2347 1162 2409 τοὺς
1215 2346 1569 2415 ἀγνοοῦντας.
1638 2344 1793 2400 Εἶδον
1843 2349 1953 2414 γὰρ

364 2437 527 2500 αὐτὸς
560 2437 847 2502 πλείστους
881 2440 1012 2509 περὶ
1062 2438 1237 2492 ταῦτα
1299 2439 1522 2508 ἀμελῶς
1557 2439 1804 2508 ﬁxam-atq,
1858 2440 1953 2492 καὶ

2058 1905 2221 1958 quam
2269 1899 2585 1944 sanctorum
2652 1887 3178 1959 TlteOphaniorum,
3241 1908 3401 1964 aqua,
3457 1897 3645 1965 p‘ures

2055 1980 2438 2049 complectitur
2488 1993 2678 2047 preces
2731 1979 2797 2033 ad
2852 1978 3297 2037 reformationem
3352 1984 3642 2052 baptizati,

2055 2085 2162 2124 una
2210 2085 2334 2123 cum
2401 2069 2904 2139 oleojubilationis.
2942 2071 3149 2126 Idcirco
3211 2075 3564 2129 veneratione
3587 2084 3647 2130 et

2056 2163 2265 2216 honore
2325 2161 2489 2231 digna
2547 2173 2651 2218 est.
2706 2159 2820 2217 Hoc
2881 2171 3104 2232 propter
3162 2168 3386 2232 ignaros
3423 2166 3643 2236 {dictum

2062 2254 2245 2308 Vt'liln.
2302 2252 2598 2323 Plerosque
2628 2255 2772 2309 cnim
2804 2254 2876 2310 ob
2901 2255 2953 2308 id
2987 2256 3042 2308 in
3072 2255 3282 2311 incuria
3316 2259 3648 2314 constitutos

2061 2356 2116 2400 et
2177 2345 2334 2399 nihili
2385 2345 2649 2401 facientes
2707 2347 2825 2416 ipse
2867 2346 2979 2402 vidi
3009 2358 3097 2412 ;et
3132 2346 3217 2402 his
3255 2363 3420 2419 super
3438 2349 3647 2420 egoin-

2065 2439 2204 2492 litua:
2248 2439 2584 2494 conditionis
2629 2439 2815 2502 homo.
2851 2439 2919 2493 de
2959 2440 3244 2509 profundis
3280 2441 3545 2511 ingemui.

364 2530 550 2601 σχεδὸν
573 2531 648 2595 ὡς
669 2531 828 2586 οὐδὲν
872 2531 1012 2586 αὐτὰ
1043 2533 1383 2604 ἡγουμένους
1415 2550 1430 2564 ο
1461 2535 1554 2586 καὶ
1584 2533 1677 2586 ἐπὶ
1699 2532 1915 2596 τούτοις
1976 2532 2052 2596 ὡς
2112 2527 2260 2602 εἶχον
2303 2531 2506 2585 εἰδέναι
2543 2531 2711 2601 μηδὲν
2745 2529 2845 2598 ὢν,
2865 2533 2930 2586 ἐκ
2959 2531 3160 2603 βάθους
3189 2533 3475 2598 ἐστέναξα.

378 2673 3614 2706 ww

779 2845 789 2853 ’
875 2833 1276 2962 ΠΕΡΙ
1353 2835 1702 2962 ΤΗΣ
1789 2827 2270 2962 ΙΕΡΑΣ
2370 2831 3149 2966 ΤΕΛΕΤΗΣ

1444 3071 1676 3157 Τογ
1736 3047 2078 3158 ΑΓΙΟΥ
2154 3071 2578 3161 ΜΥΡΟΥ.

763 3395 907 3484 DE
1047 3391 1418 3486 SACRO
1563 3394 1852 3486 RITU
1991 3393 2417 3483 SANCTI
2563 3375 3247 3498 UNGUENTI.

455 3666 780 3724 ’Δκὸλουθον
799 3665 844 3719 δ’
877 3665 943 3719 ἂν
972 3665 1060 3734 εἴη
1099 3664 1240 3736 μετά
1267 3662 1328 3717 τὺ
1368 3663 1637 3732 πανάγιον
1678 3664 1957 3736 βάπτισμα

2141 3662 2444 3733 Postquam
2478 3661 2544 3716 de
2596 3660 2952 3717 sanctissimo
2986 3662 3318 3733 baptismate
3363 3666 3530 3722 locuti
3561 3685 3656 3725 su-

373 3764 470 3817 καὶ
523 3757 778 3830 περὶτοῦ
825 3757 970 3810 θείου
1035 3755 1208 3827 μύρου
1271 3756 1441 3825 ἐρεῖν,
1500 3756 1653 3818 ὅπως
1703 3756 1959 3811 τελεῖται.

385 3853 571 3907 Ἱκανὰ
596 3851 650 3904 δὲ
679 3849 773 3904 καὶ
813 3847 1079 3917 πρότερον
1104 3847 1234 3916 περὶ
1276 3847 1473 3900 τούτου
1515 3847 1842 3917 εἰρήκαμεν,
1869 3847 1964 3900 καὶ

375 3944 457 3997 ὅτι
486 3943 757 4012 ἐχρήσατο
786 3939 963 4010 τούτῳ
991 3939 1020 3990 6
1051 3938 1268 4008 Σωτὴρ,
1300 3937 1396 3990 καὶ
1437 3937 1520 3990 ὅτι
1577 3937 1967 4007 παραδεδώκα-

359 4052 467 4088 σσιν
495 4035 546 4086 οἱ
571 4032 888 4095 ἀπόστολοι,
914 4029 1010 4083 καὶ
1038 4031 1066 4082 6
1103 4028 1350 4098 διάδοχος
1394 4027 1602 4082 τούτων
1652 4029 1797 4097 ίερδς
1843 4028 1969 4090 Διοτ-

379 4127 561 4189 νύσιος
584 4142 647 4178 πε
658 4126 712 4195 pi.
743 4124 934 4178 τούτου
979 4121 1150 4190 λέγει,
1183 4121 1282 4174 καὶ
1313 4121 1396 4174 ὅτι
1429 4123 1487 4174 ἐν
1507 4119 1587 4191 τῷ
1613 4121 1762 4188 νόμῳ
1807 4121 1967 4174 τοῦτο

377 4217 468 4293 ἦν,
497 4221 546 4272 εἰ
577 4218 673 4272 καὶ
699 4215 1054 4283 ἀτελέστερον
1073 4210 1144 4284 ἦν
1173 4213 1275 4279 ἔτι,
1307 4213 1376 4290 διδ
1399 4207 1462 4265 οὗ
1487 4212 1730 4282 βασιλεῖς
1754 4213 1968 4284 ἐχρίον-

315 4322 322 4328 ’
378 4332 440 4368 το
471 4313 567 4367 καὶ
592 4311 866 4382 ἀρχιερεῖς
897 4324 914 4339 ο
943 4306 1040 4360 νῦν
1085 4307 1143 4359 δὲ
1174 4307 1380 4368 πάντες
1432 4306 1702 4377 χριόμεθα
1759 4307 1964 4373 πιστοὶ,

379 4409 475 4464 καὶ
501 4402 822 4476 Χριστιανοὶ
865 4400 956 4454 διὰ
1011 4399 1173 4453 τοῦτο
1230 4397 1588 4468 καλούμεθα·
1635 4398 1735 4468 τὴν
1784 4399 1969 4470 χρίσιν

380 4504 490 4574 γὰρ
518 4501 750 4571 παρέχει
802 4497 896 4551 τοῦ
960 4495 1107 4549 θείου
1157 4495 1501 4566 Πνεύματος,
1542 4494 1714 4566 αὐτὴν
1763 4493 1970 4564 δηλαδὴ

380 4595 478 4666 τὴν
511 4595 673 4665 χάριν
699 4590 864 4646 αὐτοῦ
893 4599 915 4623 '°
945 4588 1040 4642 καὶ
1065 4588 1146 4641 ὅτι
1172 4586 1350 4639 πάντα
1377 4586 1478 4656 μὲν
1526 4586 1594 4640 τὰ
1621 4586 1965 4657 χαρίσματα,

381 4690 476 4744 καὶ
506 4687 834 4758 σωματικῶς
866 4681 1082 4748 ἐδέξατο
1128 4685 1156 4736 6
1192 4683 1428 4753 Χριστὸς
1477 4684 1504 4735 6
1565 4682 1754 4752 Σωτὴρ
1784 4683 1965 4752 ἡμῶν,

380 4783 518 4852 ἔχων
543 4780 684 4833 αύτᾶ
721 4778 814 4832 καὶ
843 4778 902 4829 ἐν
937 4774 1115 4845 ἐαυτῷ
1137 4775 1320 4843 φύσει,
1346 4773 1480 4826 Θεοῦ
1504 4774 1674 4842 Λόγος
1705 4773 1802 4826 ὤν’
1834 4793 1852 4826 ι
1875 4775 1970 4828 Ἐκ

381 4875 475 4929 τοῦ
508 4870 879 4943 πληρώματος
921 4869 977 4923 δὲ
1020 4868 1213 4932 αὑτοῦ,
1268 4865 1361 4919 καὶ⁵
1411 4867 1574 4936 ἡμεῖς
1614 4866 1968 4936 λαμϐάνομεν

381 4966 593 5038 χάριν.»
630 4963 705 5022 ὡς
739 4963 798 5015 τὸ
819 4958 1154 5029 Εύαγγέλιον
1181 4957 1406 5026 γράφει,
1433 4956 1526 5008 καὶ
1554 4957 1789 5025 σφραγὶς
1812 4955 1970 5010 τοῦτο

2065 3771 2209 3823 mus,
2242 3754 2536 3810 dicendum
2568 3761 2714 3807 esset
2762 3753 2829 3808 de
2859 3752 3029 3807 divini
3062 3754 3168 3808 olei
3209 3759 3652 3816 consecratione.

2065 3847 2167 3902 Sed
2203 3847 2355 3918 prius
2385 3846 2520 3901 satis
2547 3845 2716 3899 multa
2753 3845 2821 3899 de
2861 3859 2929 3899 eo
2967 3845 3229 3913 diximus,
3257 3857 3321 3902 .et
3353 3849 3405 3902 in
3441 3865 3654 3906 memo-

2069 3939 2204 3993 riam
2258 3936 2579 3997 reduximus
2637 3935 2927 3991 Dominum
2982 3937 3321 3993 Salvatorem
3371 3945 3438 3994 eo
3491 3955 3654 3996 usum

2066 4047 2209 4098 esse,
2253 4030 2521 4100 nobisque
2557 4031 2836 4098 apostolos
2875 4027 3007 4083 illud
3033 4029 3433 4095 transmisisse,
3485 4041 3540 4087 et
3585 4033 3657 4088 de

2071 4139 2137 4180 eo
2177 4136 2554 4198 successorem
2596 4135 2786 4175 eorum
2832 4130 3083 4175 sanctum
3123 4121 3442 4191 Dionysium
3506 4124 3657 4178 lucu-

2063 4224 2184 4269 ‘tum
2217 4229 2358 4269 esse.
2385 4212 2714 4268 Adtlidimus
2743 4211 2887 4281 quod
2921 4214 2974 4267 in
3014 4213 3132 4281 lege
3189 4213 3320 4269 illud
3369 4225 3508 4283 erat,
3553 4218 3656 4272 etsi

2072 4307 2273 4363 minori
2297 4314 2445 4363 esset
2476 4304 2793 4372 sanctitate,
2825 4319 2934 4375 quo
2967 4320 3122 4376 reges
3150 4314 3205 4361 et
3237 4308 3434 4362 summi
3472 4309 3657 4377 ponti-

2071 4399 2200 4453 ﬁces
2264 4396 2633 4467 ungebantur.
2691 4393 2852 4451 Nunc
2918 4404 3102 4472 autem
3161 4412 3353 4453 omnes
3405 4400 3659 4468 ungimus

2074 4491 2283 4553 fideles,
2321 4499 2376 4544 et
2411 4491 2533 4545 ideo
2557 4488 2865 4545 Christiani
2901 4490 3248 4545 nominamur
3281 4508 3295 4545 :
3341 4493 3657 4547 unctionem

2071 4583 2214 4637 enim
2279 4583 2440 4638 nobis
2485 4591 2711 4653 praastat
2742 4582 2911 4636 divini
2947 4583 3207 4651 Spiritus,
3238 4584 3410 4654 ipsam
3449 4599 3645 4653 nempe

2072 4674 2236 4746 huius
2281 4674 2538 4745 gratiam.
2575 4672 2774 4729 Omnia
2829 4673 3050 4741 quidem
3083 4664 3416 4730 charismata
3447 4684 3499 4730 et
3530 4691 3660 4730 cor~

2074 4766 2335 4836 ,taraliter
2361 4763 2571 4833 accepit
2589 4763 2851 4817 Christus
2869 4761 3124 4817 Salvator
3153 4771 3358 4828 noster,
3389 4763 3444 4817 in
3470 4765 3653 4830 seipso

2073 4873 2137 4913 ea
2175 4857 2498 4912 naturaliter
2532 4852 2837 4923 possidens,
2858 4867 2982 4906 cum
3010 4851 3103 4906 Dei
3136 4850 3370 4906 Verbum
3405 4855 3499 4908 sit.
3532 4874 3551 4908 ι
3585 4858 3660 4918 De

2075 4946 2415 5017 plenitudine
2445 4953 2626 4996 autem
2658 4941 2778 5010 ejus
2795 4949 2852 4995 et
2876 4955 2977 4995 nos
3001 4941 3230 5010 gratiam
3266 4943 3591 5012 accipimus,
3629 4965 3648 4996 ι

326 5084 329 5086 ·
866 5013 1105 5119 σφραγὶς
1161 5013 1749 5118 δωρεαξηνεύματος
1804 5045 1957 5112 ἁγίου

2077 5013 2139 5093 ut
2167 5035 2360 5092 scribit
2391 5032 2762 5101 Evangeliurn.
2808 5030 2874 5084 Et
2903 5030 3036 5084 illud
3073 5030 3282 5087 Christi
3309 5031 3654 5102 signaculum

382 5145 522 5201 ἐστί.
559 5148 666 5198 Καὶ
687 5144 862 5207 τοῦτο,
905 5141 1044 5196 ὃδιὰ
1091 5139 1200 5191 τῶν
1247 5137 1549 5191 ἐπιθέσεων
1592 5141 1702 5190 τῶν
1768 5139 1968 5207 χειρῶν

386 5243 432 5294 οἱ
463 5238 750 5292 ἀπόστολοι
773 5235 987 5288 ἔλαϐον.
1022 5233 1134 5285 Καὶ
1165 5231 1254 5285 διὰ
1287 5230 1398 5282 τῶν
1428 5230 1631 5300 χειρῶν
1658 5230 1768 5282 τῶν
1810 5230 1968 5283 Ἀπο-

387 5335 591 5386 στόλων
617 5333 664 5384 oi
737 5329 842 5382 ὑπὸ
898 5304 1170 5380 Φιλίππου
1235 5323 1630 5393 βαπτισθέντες
1695 5321 1966 5386 ἐδέξαντο.

389 5429 496 5480 Καὶ
529 5427 576 5479 0i
604 5423 709 5477 ὑπὸ
729 5421 821 5475 τοῦ
871 5420 1088 5475 Παύλου
1123 5416 1263 5488 μετὰ
1289 5418 1349 5467 τὸ
1379 5414 1665 5485 βάπτισμα
1729 5413 1967 5486 χειροθε-

386 5519 662 5589 τηοέντες,
688 5511 736 5570 οῖ
770 5513 959 5567 ἔλαϐον
987 5511 1213 5579 Πνεῦμα
1251 5511 1431 5576 ἅγιον.
1493 5507 1638 5560 ’Δντὶ
1703 5505 1809 5576 γὰρ
1870 5506 1968 5574 τῆς

389 5611 685 5672 ἐπιθέσεως
727 5607 834 5660 τῶν
878 5605 1078 5676 χειρῶν
1119 5603 1278 5655 τοῦτο
1309 5599 1519 5653 δέδοται
1562 5599 1666 5651 ὑπὸ
1697 5599 1804 5650 τῶν
1833 5597 1970 5650 ἁπο-

393 5706 590 5756 στόλων
625 5704 730 5763 τοῖς
767 5703 820 5751 ὲν
845 5696 1064 5767 Χριστῴ
1107 5693 1546 5763 βαπτιζομένοις.
1602 5690 1666 5743 'H
1725 5688 1973 5750 ἐπίθεσις

392 5800 446 5850 δὲ
479 5796 583 5850 τῶν
623 5795 842 5863 χειρῶν,
880 5792 1035 5860 καὶὴ
1082 5791 1178 5857 τῆς
1219 5789 1440 5858 χάριτος
1495 5784 1807 5852 ἐπίκλησις,
1863 5782 1974 5842 τοῖς

2076 5138 2130 5182 et
2156 5125 2284 5182 doni
2311 5122 2552 5193 Spiritus
2584 5119 2760 5172 sancti
2791 5118 3128 5187 signaculum
3159 5131 3275 5189 est;
3322 5129 3377 5178 et
3411 5123 3544 5178 illud
3580 5135 3666 5180 εει

2077 5217 2221 5285 quod
2251 5229 2344 5284 per
2381 5210 2787 5281 impusitionem
2851 5221 3111 5262 manuum
3143 5219 3482 5278 acceperunt
3525 5227 3663 5284 apo-

2077 5309 2236 5373 stoli;
2286 5316 2340 5360 et
2395 5300 2540 5372 quod
2598 5313 2698 5370 per
2757 5313 2953 5354 manus
3007 5303 3382 5369 apostolorum
3419 5302 3458 5358 ii
3498 5305 3662 5374 quia

2081 5398 2334 5467 Philippo
2384 5393 2648 5462 baptizari
2677 5399 2826 5454 sunt,
2869 5405 3201 5460 suscepere;
3229 5399 3284 5447 et
3313 5393 3350 5448 ii
3389 5393 3591 5463 quibus
3631 5409 3660 5447 a

2077 5494 2249 5548 Paulo
2297 5500 2415 5558 post
2448 5487 2785 5558 Baptismnm
2821 5486 3330 5556 manusimpositae
3357 5496 3505 5552 sunt,
3541 5485 3663 5556 Spi-

2081 5589 2246 5641 ritum
2280 5589 2532 5640 sanctnm
2563 5587 2916 5648 acceperunt.
2950 5577 3322 5646 lmpositionis
3349 5577 3493 5630 enim
3529 5591 3652 5630 ma-

2083 5694 2254 5733 nuum
2310 5676 2451 5738 loco,
2482 5673 2616 5727 illud
2645 5673 2823 5728 oleum
2867 5671 2934 5724 ab
2975 5669 3239 5738 apostolis
3265 5669 3448 5721 datum
3483 5679 3568 5722 est
3598 5669 3665 5723 iis

2085 5771 2175 5843 qui
2222 5770 2278 5825 in
2324 5769 2550 5824 Christo
2581 5764 3025 5834 baptizabantur.
3059 5759 3344 5823 lmpositio
3375 5772 3505 5813 vero
3546 5774 3689 5834 mai
