4038 6444
376 311 482 375 23‘)

1222 298 1600 365 SYMEONIS
1640 268 2391 361 THESSALONICENSIS
2420 293 2782 356 ARCHIEP.

3533 295 3630 359 ΞΗ

369 443 538 484 unum
570 436 623 484 et
650 427 839 498 gratiae
896 424 1169 482 invocatio
1199 421 1268 477 iis
1317 419 1409 491 qui
1459 417 1515 472 in
1574 413 1977 486 saccrtlotium‘

2066 414 2127 478 ιξς
2187 412 2285 479 τὴν
2357 410 2663 481 ἱερωσύνην
2743 408 3250 479 χειροτονουμένοις
3332 410 3627 481 τετήρηται.

369 521 608 578 ordinati
658 528 805 585 sunt,
865 527 1078 573 servata
1137 524 1249 581 est;
1305 513 1399 583 qni
1433 507 1654 581 quidem
1706 506 1861 578 prius
1893 513 1949 559 et

371 612 514 666 illam
548 611 859 665 unctionem
902 608 956 663 in
1015 605 1290 675 baptismo
1337 602 1610 672 recipiunt
1650 608 1706 654 et
1746 597 1951 653 habent

365 704 477 772 jam
502 713 761 772 tanquam
817 699 1023 756 Christi
1057 697 1375 752 unctionem
1406 703 1459 748 et
1491 694 1708 759 signum
1745 698 1800 744 et
1826 688 1952 757 Spi-

381 792 510 847 ritui
556 792 730 847 sancti
762 790 989 855 donum.
1026 786 1319 856 Accipiunt
1361 798 1492 838 vero
1540 796 1637 852 per
1689 793 1948 833 manuum

301 924 307 931 .
384 883 702 952 pontiﬁcum
761 881 1191 953 impositionem,
1249 873 1756 932 et’onlinationem
1802 878 1860 924 et
1893 868 1949 923 in

371 974 669 1043 ignearum‘
720 971 1030 1042 linguarum
1101 968 1274 1023 forma
1335 964 1574 1035 Spiritus
1629 963 1949 1015 adventum.

376 1084 394 1116 t
425 1065 603 1127 Sedit,
641 1063 1009 1133 inquitenim,
1037 1075 1206 1132 super
1234 1068 1682 1126 unumquemque
1712 1068 1905 1108 eorum
1930 1066 1948 1120 ;

368 1167 425 1213 et
465 1156 652 1227 repleti
683 1164 810 1212 sunt
841 1169 1028 1210 omnes
1057 1151 1266 1223 Spiritu
1315 1158 1530 1205 sancto.
1573 1165 1593 1201 ι

924 1264 1158 1322 CAPUT
1197 1259 1385 1319 ωιχι.

547 1360 619 1416 De
639 1366 901 1430 apparatu
930 1366 980 1412 et
997 1356 1277 1412 elixatione
1306 1353 1480 1407 sancti
1507 1350 1789 1420 unguenti.

389 1574 393 1580 1
443 1513 519 1568 Ita
546 1513 710 1583 igitur
753 1508 1165 1564 sanctissimum
1191 1511 1525 1570 unguentum
1566 1509 1954 1556 consecratur.

370 1603 764 1662 Sanctissimus
796 1597 1130 1669 patriarcha,
1186 1597 1337 1650 clero
1366 1595 1782 1657 circumstante,
1814 1604 1952 1659 quo-

369 1698 518 1752 niam
555 1696 675 1765 ipse
697 1701 780 1748 est
815 1691 936 1745 fons
975 1686 1296 1772 sacerdotii,
1336 1694 1391 1741 et
1434 1685 1528 1755 qui
1566 1698 1689 1737 cum
1719 1698 1786 1737 eo
1825 1691 1955 1737 sunt

2058 505 2121 559 Οἳ
2145 503 2208 574 δὴ
2248 504 2339 558 καὶ
2369 502 2429 556 τὸ
2459 503 2667 573 χρίσμα
2694 502 2795 572 μὲν
2819 500 2979 555 τοῦτο
3008 504 3276 572 πρότερον
3335 505 3391 558 ὲν
3443 503 3518 574 τῷ
3546 504 3635 573 βα-

2055 595 2320 664 πτίσματι
2349 594 2716 665 λαμϐάνουσι,
2750 595 2845 648 καὶ
2883 596 3102 664 Εχουσιν
3131 594 3230 665 ἠδη
3275 594 3357 658 ὥς
3408 594 3629 669 Χριστοῦ
3695 576 3703 582 ’

2055 686 2288 758 χρίσμα,
2316 690 2413 742 καὶ
2436 687 2735 756 σφραγῖδα,
2780 689 2877 741 καὶ
2906 687 3114 757 δωρεὰν
3146 686 3241 741 τοῦ
3274 686 3579 757 Πνεύματος
3608 701 3624 720 ·

2055 781 2393 849 λαμῦάνουσι
2419 780 2477 833 δὲ
2500 783 2564 850 τῇ
2587 780 2831 834 ὲπιθέσει
2853 779 2963 834 τῶν
3010 781 3415 850 ἀρχιερατικῶν
3440 782 3634 851 χειρῶν

2055 872 2152 925 καὶ
2187 871 2288 941 τὴν
2318 870 2680 952 χειροτονίαν,
2731 871 2876 926 κατὰ
2924 871 3027 941 τὴν
3088 873 3146 924 ἑν
3206 871 3336 926 εἴδει
3397 873 3634 942 πυρίνων

2053 961 2317 1030 γλωσσῶν
2364 960 2666 1029 ἐπιδημίαν
2722 958 2819 1014 τοῦ
2881 960 3223 1029 Πνεύματος,
3255 977 3274 1011 ι
3315 958 3632 1013 Ἐπεκάθισε

2055 1056 2184 1123 γάρ,
2208 1055 2399 1123 φησιν,
2426 1053 2513 1121 ἐφ’
2537 1053 2629 1106 ἕνα
2659 1053 2892 1109 ἕκαστον
2918 1054 3104 1113 αὐτῶν
3127 1093 3143 1118 ,
3175 1053 3270 1107 καὶ
3296 1051 3637 1124 ἐπλήσθηταν

2057 1146 2300 1208 ἅπαντες
2339 1144 2655 1214 Πνεύματος
2695 1145 2876 1212 ἁγίου.
2917 1162 2938 1197 ι

2647 1256 2903 1313 ΚΕΦΑΛ.
2935 1259 3062 1312 OA'.

2057 1346 2193 1418 Περὶ
2232 1345 2343 1418 τῆς
2369 1347 2706 1416 ὑπηρεσίας
2741 1367 2818 1438 τε,
2839 1348 2941 1403 καὶ
2981 1347 3266 1419 ἑψήσεως
3319 1349 3428 1404 τοῦ
3480 1351 3643 1405 θείου

2789 1437 2956 1473 υοου.

2789 1437 2821 1473 υ
2863 1437 2956 1473 ου.

2137 1510 2388 1566 Τελεῖται
2411 1513 2511 1567 οὖν
2529 1512 2591 1566 τὸ
2626 1437 2893 1579 πανὲγεν
2949 1510 3121 1582 μύρον
3151 1509 3325 1575 οὕτως
3352 1529 3367 1544 ο
3398 1513 3426 1565 ὁ
3474 1512 3644 1578 ἀγιώσ-

2060 1620 2222 1666 τατος
2243 1605 2619 1675 πατριάρχης,
2652 1604 2748 1658 τοῦ
2801 1603 3010 1675 κλήρου
3050 1607 3433 1675 συμπαρόντος
3476 1599 3643 1671 αὑτὲῖ,

2074 1696 2196 1749 ἐπεὶ
2223 1695 2376 1766 πηγὴ
2402 1696 2668 1765 οὖτοςτῆς
2692 1695 2997 1766 ἱερωσύνης
3028 1698 3166 1756 ἐστὶ.
3197 1696 3356 1749 καὶοῖ
3379 1698 3476 1750 σὺν
3500 1696 3650 1765 α’ύτῷ

368 1787 736 1846 sacerdotium
769 1785 840 1840 ab
872 1798 937 1839 eo
977 1789 1307 1851 acceperunt
1329 1788 1385 1834 et
1411 1777 1710 1847 accipiunt,
1749 1774 1862 1830 abit
1901 1775 1953 1827 in

2066 1788 2120 1853 ἐξ
2170 1788 2339 1841 αὑτοῦ
2363 1788 2558 1843 ἔλαϐον
2587 1791 2682 1842 καὶ
2731 1788 3122 1858 λαμσάνουσιν.
3155 1788 3462 1859 ἀπέρχεται
3515 1792 3650 1859 πρὸς

370 1884 558 1937 locum
607 1879 978 1947 designatum,
1030 1873 1097 1928 ad
1151 1870 1256 1926 olei
1306 1871 1640 1932 coctionem,
1696 1875 1753 1921 et
1801 1880 1959 1922 sacra

373 1973 510 2029 stola
562 1969 831 2035 vestitus,
896 1980 1019 2036 quae
1064 1963 1283 2035 quidem
1314 1960 1384 2016 ab
1416 1961 1635 2017 excelso
1678 1965 1959 2028 acceptam

370 2064 579 2136 Spiritu
633 2061 859 2132 gratiam
912 2055 1213 2127 signiﬁcat;
1274 2061 1333 2108 et
1379 2066 1540 2108 sacro
1593 2049 1957 2120 omophorio,

370 2153 523 2225 quod
546 2150 746 2210 Christi
778 2146 1218 2204 incarnationem
1257 2142 1519 2208 ostendit,
1550 2140 1720 2194 Deum
1767 2138 1822 2192 in
1860 2138 1961 2191 tri-

372 2249 476 2303 bus
504 2243 754 2314 personis
783 2240 990 2296 laudat.
1023 2238 1208 2309 Atque
1242 2237 1315 2291 ita
1350 2234 1486 2289 ﬁunt
1508 2248 1699 2304 preces
1733 2248 1749 2286 :
1788 2251 1807 2283 ι
1840 2230 1958 2307 ilex

371 2338 699 2404 cmlestis;-r
733 2345 787 2389 et
815 2331 1103 2403 Trisagion
1136 2342 1210 2382 γε
1243 2327 1603 2385 Sanctissima
1628 2325 1903 2388 Trinitas;
1935 2343 1955 2376 ι

374 2441 467 2484 et:
501 2448 519 2480 ι
555 2428 717 2482 Pater
752 2434 965 2479 noster.
1006 2441 1024 2473 ι
1063 2421 1303 2476 Necesse
1328 2429 1414 2475 est
1439 2419 1584 2473 enim
1618 2428 1678 2471 ut
1721 2416 1776 2471 in
1814 2415 1961 2470 divi-

373 2524 462 2578 nis
490 2520 749 2591 operibus
781 2516 1109 2587 principium
1141 2513 1212 2568 sit
1240 2512 1477 2578 Spiritus
1522 2509 1701 2565 sancti
1736 2509 1959 2564 invoca~

373 2615 475 2676 tio,
504 2620 560 2667 et
582 2621 706 2665 ante
738 2608 920 2663 omnia
942 2607 1227 2661 inVocetur
1265 2601 1502 2673 Spiritus
1535 2609 1777 2657 sanctus.
1829 2617 1848 2651 t
1886 2598 1946 2654 in

375 2704 581 2776 Spiritu
618 2710 831 2762 sancto,
872 2698 948 2754 ait
982 2696 1203 2763 Paulus,
1236 2708 1486 2750 oramus.
1522 2711 1540 2745 ι
1569 2690 1636 2748 Ει
1666 2698 1956 2762 postquam

371 2792 687 2866 patriarcha
712 2788 890 2845 dixit:
927 2806 947 2839 ι
982 2786 1158 2841 Tuum
1216 2792 1302 2841 est
1346 2797 1609 2852 regnum;
1638 2798 1657 2831 ι
1705 2793 1784 2848 οι,
1813 2798 1833 2833 ι
1865 2779 1962 2834 Be—

377 2885 630 2941 nedictus
678 2898 775 2948 es,
816 2878 1036 2945 Christe
1100 2876 1267 2949 Deus,
1311 2894 1335 2928 ›
1383 2877 1659 2944 troparion
1721 2872 1957 2934 dicitur,

375 2986 430 3033 et
485 2974 732 3046 quaedam
782 2985 909 3025 cum
962 2982 1066 3034 eo,
1101 2966 1301 3036 quibus
1378 2963 1586 3037 dictis,
1647 2961 1958 3031 patriarcha

383 3068 564 3123 oleum
606 3061 857 3119 infundit
911 3061 965 3115 in
1018 3073 1239 3124 urnam,
1269 3057 1324 3111 in
1352 3070 1457 3125 qua
1490 3056 1829 3123 decoquetur
1858 3068 1961 3107 un-

385 3154 667 3229 guentum.
721 3152 788 3206 Et
843 3165 1008 3205 manu
1053 3121 1343 3215 benedicit,
1369 3121 1677 3202 ostendens
1719 3148 1960 3216 seipsum
1987 3121 2034 3185 ο

386 3264 524 3320 opus
550 3247 682 3303 illud
717 3243 1068 3314 incipere,‘et
1096 3239 1310 3295 divinas
1349 3253 1439 3295 res
1465 3252 1753 3309 apparare.
1790 3238 1967 3320 Intro-

387 3309 609 3398 ducitur
641 3309 851 3393 autem-
872 3334 1148 3405 reliquum
1195 3331 1376 3386 oleum
1403 3345 1435 3384 a
1463 3309 1966 3391 ministris..Et‘sic

388 3449 605 3490 rursum
622 3429 934 3502 patriarcha
953 3427 1130 3496 ignem
1155 3425 1345 3480 subter
1361 3423 1679 3484 incendens,
1706 3431 1963 3494 tanquam

389 3526 625 3595 Spiritus
648 3521 825 3578 sancti
852 3519 1113 3591 mysterio
1139 3515 1402 3582 serviens,
1432 3524 1633 3571 emtum
1665 3514 1892 3570 dimittit
1913 3523 1967 3570 et

388 3621 503 3690 ipse
533 3618 1066 3675 abit.0:eumautem
1089 3612 1219 3666 illud
1247 3610 1507 3681 unguenti
1537 3612 1675 3665 sacri
1705 3611 1965 3681 coquitur

390 3728 421 3768 a
455 3711 689 3781 quodam
726 3705 976 3775 prudenti
1004 3712 1059 3760 et
1089 3703 1249 3759 docto
1270 3702 1411 3768 viro,
1443 3716 1563 3756 cum
1593 3701 1762 3757 multa
1792 3716 1961 3771 cura;

385 3803 531 3873 quod
576 3798 787 3871 peragit
832 3795 1138 3868 praesertim
1191 3794 1247 3848 in
1294 3808 1491 3863 magna
1548 3792 1639 3847 illa
1675 3803 1729 3847 et
1773 3804 1963 3848 sancta

375 3893 773 3963 feriaquarta,
824 3902 930 3959 qua
983 3888 1098 3943 haec
1153 3885 1430 3954 peccatrix
1501 3884 1694 3940 mulier
1725 3885 1962 3955 pretioso

378 3994 657 4055 unguento
709 3981 1000 4037 Dominum
1051 3980 1228 4034 unxit.
1266 3977 1335 4032 Et
1363 3987 1493 4032 tunc
1525 3993 1588 4031 ea
1615 3992 1742 4047 pars
1779 3976 1960 4032 Evan-

376 4079 502 4152 gelii
552 4091 673 4145 quae
725 4071 859 4129 illud
891 4078 1162 4135 memorat
1217 4069 1436 4139 legitur.
1469 4068 1539 4123 Et
1587 4074 1667 4125 s'c
1706 4069 1962 4139 coquitur

375 4173 583 4235 oleum,
609 4164 1044 4221 misericordiam
1103 4161 1199 4217 Dei
1254 4161 1580 4216 immensam
1611 4152 1957 4232 signiﬁcans.

306 4268 307 4271 ‘
387 4259 562 4313 Varia:
607 4267 787 4310 autem
818 4245 1120 4308 aromatum
1171 4251 1381 4322 species
1414 4260 1544 4308 tunc
1581 4254 1745 4307 etiam
1776 4264 1959 4308 terun-

378 4361 467 4406 tur
490 4360 546 4405 ct
569 4359 855 4418 parantur.
888 4344 955 4399 Et
979 4346 1195 4416 quando
1225 4330 1347 4399 haec
1366 4344 1546 4399 coctio
1576 4356 1796 4414 peracta
1836 4345 1959 4400 fuc-

2074 1879 2166 1932 τὸν
2199 1870 2643 1949 ἀτὲοτεταγμένον
2671 1880 2922 1948 έψεῖσθαι
2952 1880 3013 1934 τὸ
3057 1880 3230 1951 μύρον
3293 1883 3462 1937 τόπον
3487 1896 3503 1912 ·
3558 1886 3651 1937 καὶ

2065 1968 2530 2041 περιϐαλλόμενος
2555 1969 2945 2042 ὲπιτραχήλιον
2971 1970 3139 2042 ἱερὸν,
3159 1972 3187 2025 ὃ
3211 1973 3302 2044 δὴ,
3321 1973 3422 2044 τὴν
3447 1972 3654 2028 ἀνωθεν

2068 2062 2490 2133 χορηγουμένην
2507 2062 2668 2132 χάριν
2682 2062 2834 2132 δηλοῖ
2846 2060 2942 2115 τοῦ
2964 2064 3307 2130 Πνεύματος,
3326 2068 3423 2118 καὶ
3438 2065 3654 2135 ὠμοφοῖ-

2067 2168 2188 2223 ριον
2223 2150 2389 2219 ἱερὸν,
2420 2150 2449 2204 ὃ
2470 2149 2568 2221 τὴν
2600 2152 2881 2221 σάρκωσιν
2930 2155 3186 2222 ὲμιραίιει
3214 2156 3479 2227 Χριστοῦ,
3501 2158 3651 2210 εὐλο-

2070 2244 2166 2311 γεϊ
2190 2242 2281 2297 τὸν
2304 2245 2363 2296 ἐν
2396 2244 2591 2313 Τριάδι
2615 2243 2769 2300 Θεὸν.
2808 2245 2918 2299 Kal
2941 2245 3086 2299 οὕτω
3116 2251 3399 2320 προσευχὴ
3426 2252 3654 2318 γίνεται,

2068 2334 2162 2388 τοῦ
2195 2353 2212 2387 ι
2255 2334 2485 2389 Βασιλεῢ
2514 2335 2735 2406 ούράνιε
2767 2354 2788 2388 ι
2825 2337 3143 2407 λεγομένου,
3190 2339 3287 2393 τοῦ
3334 2340 3656 2411 Τρισαγίου,

2081 2446 2102 2478 ε
2136 2427 2390 2494 Παναγία
2447 2428 2642 2496 Τριάς,
2676 2447 2696 2480 ι
2734 2430 2830 2482 καὶ
2861 2446 2879 2480 ι
2922 2431 3107 2500 Πάτερ
3163 2433 3350 2501 ἡμῶν.
3400 2452 3420 2485 ι
3468 2434 3661 2500 ’Δναγο

2066 2522 2220 2574 καῖον
2258 2518 2367 2590 γὰρ
2420 2521 2502 2583 είς
2557 2520 2626 2573 τὰ
2687 2520 2805 2573 θεῖα
2852 2520 2992 2590 ἔργα
3039 2521 3134 2576 τοῦ
3200 2526 3521 2596 Ιίνεύματος
3568 2526 3661 2594 τὴν

2065 2610 2377 2699 προσευχὴν
2403 2606 2542 2664 εῖναι
2572 2612 2770 2683 ἀρχὴν,
2804 2612 2899 2665 καὶ
2935 2613 2995 2666 τὸ
3034 2614 3258 2685 Πνεῦμα
3291 2618 3405 2686 πρὸ
3435 2620 3656 2673 πάνεων

2064 2702 2447 2757 ἐπικαλεῖσθαι
2476 2702 2537 2756 τὸ
2557 2704 2735 2772 ἅγιον.
2772 2722 2792 2757 ι
2838 2705 2925 2758 Ἐν
2950 2705 3027 2775 τῷ
3061 2707 3346 2775 Πνεύματι
3368 2711 3502 2779 γὰρ,
3525 2712 3663 2764 Παῦ·

2064 2795 2155 2860 λός
2193 2813 2354 2866 φησι,
2387 2798 2828 2868 προσευχόμεθα.
2865 2816 2885 2850 ι
2923 2801 3032 2853 Kal
3069 2799 3165 2854 τοῦ
3199 2805 3551 2873 πατριάρχου
3592 2808 3665 2856 εἱ-

2062 2888 2280 2955 πόντος,
2323 2908 2342 2941 ι
2372 2889 2499 2944 Ὅτι
2531 2878 2626 2944 σού
2677 2891 2834 2944 ἔστιν
2886 2893 2924 2961 ἡ
2983 2892 3259 2958 Βασιλεία,
3290 2914 3313 2948 ι
3351 2897 3415 2950 τὸ
3455 2915 3474 2949 ι
3502 2897 3666 2951 Εὐλο-

2062 2979 2230 3048 γητὸς
2260 2974 2332 3045 εἴ,
2364 2981 2568 3050 Χριστὲ
2597 2981 2627 3033 ὁ
2672 2982 2828 3046 Θεὸς,
2874 3001 2894 3036 ι
2925 2986 3225 3055 τροπάρίον
3275 2986 3528 3055 λέγεται,
3575 2988 3669 3043 καί

2061 3090 2184 3129 τινα
2204 3072 2365 3143 ἕτερα
2389 3072 2488 3125 σὺν
2511 3072 2682 3143 αὐτῷ.
2710 3067 2811 3128 Ὧν
2849 3076 3186 3143 λεγομένων,
3222 3078 3248 3130 ὁ
3310 3081 3667 3152 πατριάρχης

2068 3166 2252 3234 ἐγχέει
2286 3165 2347 3218 τὸ
2376 3165 2558 3220 ἔλαιον
2587 3165 2667 3238 τῷ
2690 3167 2922 3239 ἀγγείῳ,
2966 3168 3024 3221 ὲν
3057 3161 3100 3236 ᾧ
3132 3170 3352 3239 ἐφεῖται
3385 3176 3446 3226 τὸ
3475 3173 3669 3243 μύρον.

2072 3257 2181 3309 Kal
2201 3256 2419 3327 εύλογεῖ
2442 3260 2510 3329 τῇ
2536 3259 2700 3329 χειρὶ,
2736 3258 2974 3325 δεικνὺς,
3012 3260 3094 3313 ὅτι
3126 3262 3288 3326 αὐτὸς
3358 3266 3522 3337 ἄρχει
3577 3265 3672 3319 τοῦ

2067 3350 2259 3421 ἔργον,
2291 3353 2389 3406 καὶ
2409 3351 2574 3415 αὐτὸς
2606 3354 2721 3416 τοῖς
2782 3352 2948 3416 θείοις
3010 3354 3299 3425 ὑπηρετεῖ.
3368 3340 3671 3428 Είσάγεται

2065 3440 2121 3493 δὲ
2148 3441 2243 3494 καὶ
2274 3442 2334 3495 τὸ
2360 3441 2552 3497 λοιπὸν
2603 3443 2786 3497 ἔλαιον
2820 3444 2973 3516 παρὰ
3028 3445 3138 3499 τῶν
3188 3446 3511 3519 ὑπηρετῶν.
3564 3451 3669 3504 Καὶ

2065 3530 2212 3586 οὕτω
2235 3532 2400 3587 πάλιν
2424 3535 2453 3587 ὁ
2484 3534 2832 3605 πατριάρχης
2854 3535 3073 3605 πρῶτος
3107 3536 3407 3609 invdia;
3435 3541 3500 3595 τὸ
3536 3539 3695 3612 πῦρ..

2065 3623 2143 3686 ὡς
2167 3622 2244 3693 τῷ
2270 3623 2365 3679 τοῦ
2394 3625 2716 3696 Πνεύματος
2743 3626 3101 3698 ἐξυπηρετῶν
3132 3629 3457 3704 μυστηρίῳ,
3501 3635 3672 3687 ποιεῖ-

2064 3730 2155 3768 ται
2179 3715 2444 3769 ἀπόλυσιν
2478 3716 2573 3770 καὶ
2594 3720 2921 3789 ἀπέρχεται,
2957 3720 3031 3773 Τὸ
3059 3720 3239 3774 έλα;ον
3284 3723 3348 3777 δὲ
3376 3728 3558 3780 ἐκεῖνο
3578 3724 3676 3779 τοῦ

2069 3806 2244 3876 μύρου
2277 3807 2489 3879 ἐφεῖται
2538 3811 2692 3882 παρά
2741 3827 2915 3876 τινος,
2938 3812 3222 3878 εύλαὸοῠς,
3248 3816 3370 3888 88
3407 3819 3507 3891 τὴν
3557 3821 3674 3872 ἑπι-

2066 3899 2166 3968 στή
2174 3916 2284 3970 μην
2316 3900 2542 3966 εἰδότος,
2569 3901 2709 3970 μετά
2738 3901 2938 3975 πολλῆς
2965 3906 3049 3958 ὅτι
3073 3910 3459 3978 προσοχῆς.’”0
3479 3911 3546 3980 δὴ
3578 3912 3675 3964 καὶ

2065 3987 2184 4057 ὲψεί
2220 3988 2458 4059 μάλιστα
2501 3992 2644 4045 κατά
2677 3992 2774 4064 τὴν
2806 3995 3052 4066 μεγάλην
3070 3997 3167 4050 καὶ
3199 3998 3367 4066 ἁγίαν
3400 4001 3679 4073 Τετράδα,

2064 4079 2153 4135 ὅτε
2172 4083 2268 4135 καὶ
2290 4082 2322 4151 ἡ
2348 4085 2521 4154 πόρνη
2556 4084 2740 4153 εκείνη
2764 4087 2842 4156 τῷ
2865 4088 3220 4160 πολυτιμήτω
3251 4090 3418 4165 μύρῳ
3444 4094 3538 4149 τὸν
3565 4096 3676 4150 Κύ-

2067 4190 2178 4245 ριον
2208 4171 2422 4244 ἧλειψε.
2458 4173 2565 4226 Καὶ
2600 4173 2661 4227 τὸ
2689 4179 2814 4245 περὶ
2848 4176 3043 4232 τυύτου
3068 4182 3190 4234 τότε
3219 4183 3677 4253 ἀναγινώσκεται

2062 4266 2422 4337 Εὑαγγέλιον.
2455 4266 2528 4319 Τὸ
2567 4268 2665 4338 μὲν
2693 4267 2786 4322 οὖν
2825 4269 3047 4326 Ἐλαιον
3095 4274 3310 4343 ἐφεῖται
3378 4278 3550 4349 οὕτω,
3583 4282 3677 4353 δη-
3711 4306 3722 4313 ·

2060 4355 2188 4410 λοῦν
2213 4355 2308 4409 τοῦ
2334 4354 2472 4409 Θεοῦ
2516 4356 2578 4409 τὸ
2614 4357 2926 4429 ἀμέτρητον
2959 4359 3132 4425 ἕλεος.
3183 4362 3267 4417 Τὰ
3295 4366 3420 4438 εῐδη
3445 4369 3506 4422 δὲ
3560 4372 3676 4422 τῶν

379 4438 472 4502 rit,
524 4447 656 4489 tunc
713 4447 931 4489 rursum
990 4433 1147 4487 adest
1191 4432 1528 4502 patriarcha.
1570 4434 1637 4488 Et
1693 4449 1960 4501 aromata,

2066 4446 2379 4517 ἀρωμάτων
2409 4445 2670 4517 τδιάφορα
2707 4447 2837 4500 ὄντα
2881 4449 3132 4519 τρίϐεται
3187 4453 3279 4506 καὶ
3339 4432 3491 4511 αύτά
3548 4459 3678 4511 τότε

376 4526 667 4597 postquam
691 4540 753 4579 ea
786 4524 1148 4587 benedixcrit,
1175 4524 1230 4576 in
1254 4524 1539 4578 decoctum
1565 4524 1747 4580 oleum
1775 4526 1965 4581 int'uu-J

381 4619 493 4683 dit;
538 4630 660 4685 quae
696 4627 830 4671 sane
884 4614 1034 4667 varia
1101 4612 1341 4682 Spiritus
1374 4614 1583 4676 .sancti
1646 4616 1785 4670 dona
1826 4618 1963 4675 indi-

380 4719 529 4763 cant.
568 4707 660 4761 Sic
691 4706 859 4776 igitur
887 4712 1221 4775 praeparatur
1249 4713 1304 4760 et
1324 4705 1581 4774 coquitur
1618 4708 1824 4762 oleum.
1855 4709 1960 4764 Pa-

383 4800 621 4854 triarcha
655 4814 783 4854 vero
805 4797 1033 4852 dimittit
1062 4803 1116 4852 et
1141 4796 1376 4852 recedit.
1412 4796 1602 4855 Oleum
1645 4799 1958 4869 rifrigescit.

380 4892 483 4948 Per
503 4892 603 4957 has
619 4892 836 4962 quidem
852 4904 1045 4971 preces
1077 4899 1133 4946 et
1161 4893 1485 4961 patriarcha:
1526 4891 1960 4951 benedictionem

380 4993 631 5040 sanctum
694 4990 824 5049 est,
881 4981 1128 5038 nondum
1183 4992 1369 5037 autem
1421 4998 1582 5038 sacro
1609 4985 1716 5039 ritu
1763 5000 1959 5043 conse-

380 5086 616 5131 cratum.

2069 4538 2164 4589 καὶ
2194 4536 2571 4607 ἑτοιμάζεται.
2613 4538 2723 4592 Kal
2758 4539 2895 4610 πρὸς
2928 4542 2990 4594 τὸ
3038 4544 3191 4608 τέλος
3239 4546 3519 4621 ἐλθούσης
3578 4551 3678 4619 τῆς

2070 4627 2322 4697 ἑψήσεως
2352 4627 2447 4681 τοῦ
2481 4628 2689 4695 ἐλαίου,
2726 4631 2891 4685 πάλιν
2924 4634 2952 4686 ὁ
2984 4636 3335 4708 πατριάρχης,
3363 4643 3678 4712 παραγὶνε.

2069 4735 2185 4795 cat,
2227 4721 2321 4773 καὶ
2346 4720 2412 4773 τὰ
2438 4720 2709 4792 ἀρώματα
2737 4723 3105 4795 εύλογηθέντα
3132 4732 3266 4798 παρ’
3293 4731 3495 4799 αὑτοῦ,
3527 4737 3679 4789 εἰσά-

2071 4827 2227 4879 γεται
2256 4815 2315 4866 ἐν
2343 4813 2420 4883 τῷ
2474 4814 2726 4886 ἑψομένῳ
2768 4815 2956 4887 ἐλαίῳ,
2990 4816 3027 4871 ἀ
3090 4820 3186 4873 καὶ
3245 4822 3514 4893 ὲμφαί.ει
3579 4827 3679 4882 τοῦ

2071 4903 2228 4971 ἁγίου
2269 4904 2593 4973 Πνεύματος
2626 4907 2696 4959 τὰ
2736 4908 2958 4960 ποικίλα
2988 4910 3330 4979 χαρίσματα.
3377 4917 3495 4972 Καὶ
3532 4918 3680 4973 οὕτω

2074 4995 2380 5049 σκευασθὲν
2410 4997 2504 5049 καὶ
2543 4997 2743 5069 teneat.
2775 4999 2986 5065 γίνεται
3017 5000 3077 5054 τὸ
3109 5002 3301 5074 μύρον.
3355 5009 3421 5063 '0
3447 5011 3555 5081 μὲν
3585 5010 3679 5064 οὖν

2068 5086 2422 5158 πατριάρχης
2441 5088 2666 5142 ἀπολύει
2688 5106 2744 5142 τε
2785 5088 3225 5163 καὶ“ἀπέρχεται
3252 5114 3267 5129 ⁸
3302 5098 3364 5152 τδ
3398 5082 3482 5170 μύ
3492 5121 3592 5174 ρον
3623 5104 3678 5157 δὲ

320 5171 333 5177 ‘
380 5164 700 5265 ψυχρανθὲνΔ
749 5164 838 5265 διὰ
881 5164 984 5233 μὲν
1042 5166 1142 5231 τὰς
1166 5164 1478 5239 προσευχὰς
1533 5169 1632 5221 καὶ
1659 5168 1761 5239 τὴν
1798 5172 2051 5243 εὐλογίαν
2079 5176 2173 5232 τοῦ
2201 5180 2546 5251 πατριάρχου
2575 5184 2731 5255 ἅγιόν
2781 5191 2957 5257 ἐστιν,
2991 5190 3145 5245 ούπω
3180 5193 3235 5246 δὲ
3272 5164 3677 5265 τετελεσμένον

380 5261 446 5329 τῇ
478 5259 602 5327 ἱερᾷ
621 5255 834 5327 τελετῇ.
1080 5322 1087 5330 .

921 5350 1151 5407 CAPUT
1173 5351 1380 5410 LXXII.

604 5436 607 5437 ⁷
717 5440 792 5495 De
823 5444 996 5496 sancti
1019 5448 1269 5514 unguenti
1294 5463 1450 5503 sacro
1477 5451 1612 5504 ritu.

456 5531 746 5598 Postridie,
802 5549 923 5607 quc
962 5535 1081 5592 dies
1115 5546 1200 5592 est
1244 5548 1436 5595 saneta
1465 5551 1520 5596 et
1572 5558 1768 5612 magna
1821 5544 1957 5600 feria

383 5625 597 5693 quinta,
638 5623 947 5680 infunditur
997 5628 1130 5682 illud
1180 5629 1358 5686 oleum
1416 5631 1470 5686 in
1519 5636 1800 5702 pr0priutn
1838 5652 1955 5701 vas,

384 5710 535 5782 quod
560 5723 779 5769 vocatur
812 5713 1260 5812 alabastrum,
1310 5719 1472 5790 hujus
1524 5721 1752 5778 formam
1814 5726 1956 5794 quod

1588 5880 1605 5887 -
1717 5864 1735 5895 ε

2254 5398 2262 5406 -
2656 5373 2909 5432 ΚΕΦΑΔ.
2941 5375 3062 5432 ΟΒ’.
3328 5373 3331 5377 “
3472 5402 3487 5417 ι

2173 5455 2314 5523 Περὶ
2340 5456 2457 5537 τῆς
2496 5460 2659 5529 ἱερᾶς
2695 5465 2944 5535 τελετῆς
2973 5468 3081 5522 τοῦ
3121 5468 3296 5537 ἁγίου
3327 5439 3564 5537 μύρου.

2133 5547 2290 5603 Κατά
2320 5547 2424 5622 τὴδν
2451 5553 2716 5625 ἐπαύριον
2745 5552 2868 5623 οὖν,
2912 5557 3037 5628 ἣτις
3091 5559 3242 5616 ἐστὶν
3295 5560 3328 5627 ἡ
3376 5558 3523 5625 ἁγία
3580 5560 3677 5611 καὶ

2066 5640 2279 5731 μεγάλη
2312 5644 2893 5731 Πέμπτηρείσάγεται
2920 5652 3086 5704 τοῐτο
3115 5655 3176 5706 τὸ
3208 5652 3382 5723 μύρον
3410 5650 3475 5704 ὲν
3540 5670 3677 5721 κρα-

2063 5730 2192 5802 τῆρι
2239 5732 2376 5803 ἰδίῳ,
2411 5736 2555 5807 ᾇπερ
2583 5737 2827 5793 καλεῖται
2862 5740 3229 5811 ἀλάϐαστρον,
3252 5743 3329 5806 είς
3360 5739 3549 5796 ’τύπον
3576 5740 3679 5795 τοῦ
