4038 6464
247 5599 264 5629 Ι

374 466 474 530 sit
1419 427 1426 433 ’
1572 460 1673 523 DE
1718 459 2015 523 SANCTO
2057 460 2510 526 UNGUENTO.

3537 463 3644 528 Ξῑὲ

371 581 691 651 ἐκχυθέντος
717 582 779 652 τῇ
812 580 1022 652 κεφαλῇ
1063 579 1155 635 τοῦ
1199 580 1379 653 Ἰησοῦ
1412 580 1567 653 παρά
1603 581 1704 651 τῆς
1748 577 1958 649 πόρνης

2070 576 2123 631 in
2152 592 2318 649 caput
2349 581 2478 639 Jesl
2507 598 2534 637 a
2578 584 2882 653 peecatriee
2910 593 3004 640 aut
3032 600 3224 642 sorore
3255 583 3445 640 Lazari
3477 584 3641 640 Maria

377 674 567 743 μύρου,
606 674 640 741 ἦ
681 674 782 742 τῆς
831 673 1067 745 ἀδελφῆς
1118 673 1212 727 τοῦ
1263 673 1517 745 Λαζάρου
1575 672 1828 744 Μα,ρίας”
1863 671 1961 725 καίΙ

376 767 462 818 ειὰ
485 767 842 836 καλύμματος
877 766 1024 839 ἱεροῦ
1061 767 1390 835 σκεπασθὲν,
1416 770 1474 821 ὲν
1513 769 1592 836 τῷ
1625 768 1962 835 σκευοφυλα-

381 859 478 926 κίῳ
502 860 712 915 τίθεται
759 863 858 930 τῆς
907 862 1285 932 προσκομιδῆς
1334 862 1825 933 γενομένης..Καὶ
1859 862 1962 931 τῆς

375 951 522 1013 θείας
570 952 913 1023 λειτουργίας
965 953 1362 1024 ἐναρξαμένης,
1424 951 1525 1022 τῆς
1597 951 1842 1023 μεγάλης
1900 969 1960 1005 τε

376 1043 575 1097 εἰσόδου
602 1045 956 1113 τελουμένης,
990 1045 1206 1113 πρῶτον
1231 1046 1330 1114 μὲν
1359 1047 1388 1098 6
1433 1042 1527 1096 ἐπὶ
1559 1045 1659 1112 τῆς
1709 1044 1960 1110 εὐταξίας

376 1135 669 1205 πορεύεται
703 1151 718 1166 ·
763 1130 882 1189 εἶτα
911 1136 960 1189 oi
991 1136 1336 1204 ἀναγνῶσται
1370 1133 1814 1204 λαμπαδηφόροι,
1861 1134 1960 1204 τὴν

376 1227 524 1280 θείαν
545 1227 640 1280 τοῦ
676 1228 995 1296 Πνεύματος
1055 1225 1422 1302 ὲῆκτυποῦντες
1482 1205 1756 1295 ἐλλαμψιν
1790 1240 1804 1256 °
1840 1221 1960 1277 εἶτα

374 1317 403 1367 ό
425 1318 640 1386 πρῶτος
665 1319 775 1371 τῶν
804 1320 1018 1387 ἱερέων,
1065 1319 1314 1387 κατέχων
1343 1318 1405 1370 τὸ
1465 1318 1810 1387 ἀλάϐαστρον
1864 1317 1959 1370 τοῦ

380 1409 552 1478 μύρου
571 1411 693 1472 ταῖς
745 1411 958 1480 χερσὶν,
991 1409 1162 1482 αὐτὴν
1199 1411 1452 1481 φανερῶν
1490 1411 1587 1481 τὴν
1637 1410 1798 1482 χάριν
1862 1408 1957 1462 τοῦ

379 1500 711 1568 Πνεύματος.
762 1502 860 1554 Διὰ
907 1501 1067 1554 τοῦτο
1107 1501 1217 1572 γάρ
1276 1504 1374 1557 καὶ
1437 1504 1466 1554 6
1529 1502 1746 1572 πρῶτος
1802 1502 1962 1554 τοῦτο

377 1591 612 1658 κατέχει,
667 1592 744 1653 ὡς
793 1592 1117 1661 τελεώτερος
1163 1593 1256 1647 ὢν.
1283 1594 1635 1662 Ἐμπροσθεν
1667 1595 1724 1647 δὲ
1769 1595 1862 1647 καὶ
1897 1594 1962 1646 ἐκ

382 1683 610 1750 πλαγίου
657 1683 848 1736 τούτου
899 1685 994 1738 καλ⁵
1041 1685 1268 1738 ὄπισθεν
1317 1686 1559 1740 διάκονοι
1619 1685 1700 1751 ἒξ,
1751 1685 1960 1740 δώδεκα
2007 1688 2012 1694 ’

381 1773 697 1843 κατέχοντες
724 1775 1028 1844 πτέρυγας,
1054 1774 1130 1839 ὡς
1160 1776 1188 1828 ὁ
1242 1777 1418 1844 μέγας
1469 1777 1606 1848 φησὶ
1654 1779 1954 1842 Διονύσιος,

378 1865 623 1918 τουτέστι
648 1865 878 1934 ῥιπίδια.
915 1865 1148 1934 Δηλοῦσι
1185 1867 1240 1920 δὲ
1262 1868 1435 1921 ταῦτα
1492 1870 1589 1931 τάς
1649 1870 1802 1934 θείας
1865 1873 1962 1941 ἁγ-

380 1953 602 2020 γελικάς
626 1954 907 2025 δυνάμεις,
941 1957 1038 2010 καὶ¹
1068 1957 1128 2010 τὸ
1161 1958 1347 2027 νοερὸν
1378 1957 1560 2011 αὐτῶν
1600 1959 1697 2012 καὶ
1730 1960 1959 2028 ἀσώμα-

381 2061 471 2098 τον
499 2061 514 2076 ·
554 2045 676 2097 ἐπεὶ
703 2047 799 2098 καὶ
843 2045 910 2098 τά
953 2047 1205 2116 Σεραφὶμ
1240 2048 1299 2099 ὲν
1358 2047 1586 2118 πτέρυξι
1623 2049 1718 2102 καὶ
1752 2049 1820 2104 τά
1861 2049 1965 2102 Χε-

386 2135 580 2206 ρουϐὶμ
615 2140 728 2200 τοῖς
759 2139 1070 2208 προφήταις
1101 2139 1320 2210 ἑωράθη
1356 2155 1370 2171 ⁸
1412 2142 1508 2195 καὶ
1552 2139 1745 2212 ὥσπερ
1769 2143 1957 2196 ἐκεῖνα

384 2227 730 2281 συστέλλεται
763 2228 862 2299 τὴν
896 2231 1062 2300 χάριν
1089 2231 1376 2300 δεχόμενα,
1415 2232 1510 2286 καὶ
1549 2234 1711 2303 ἡμεῖς
1748 2233 1960 2302 ὀφείλο-

385 2336 484 2387 μεν
505 2319 682 2382 τοῦτο,
707 2322 803 2376 καὶ
827 2322 913 2375 διὰ
938 2322 1046 2376 τῶν
1079 2324 1387 2394 εἰρημένων
1427 2324 1717 2394 πτερύγων
1749 2326 1963 2395 δείκνυ-

386 2429 484 2477 μεν
510 2426 525 2441 ο
556 2415 652 2468 καὶ
687 2413 877 2484 ὥσπερ
908 2417 966 2467 ὲν
999 2418 1060 2486 τῇ
1102 2420 1273 2485 σκηνῇ
1310 2418 1566 2487 ὑπεράνω
1597 2419 1696 2489 τῆς
1726 2419 1962 2473 κιϐωτοῦ

322 2589 324 2592 _
381 2502 481 2569 τῆς
509 2503 770 2568 σκιώδους
810 2505 1027 2574 ἐκείνης
1064 2508 1348 2577 Χερουϐὶμ.
1401 2505 1469 2580 ἦν
1497 2510 1732 2579 τορευτά
1759 2528 1816 2564 τε
1868 2513 1964 2566 καὶ

380 2593 614 2662 ’γλυπτὰ,
638 2599 775 2661 ταῖς.
789 2599 1018 2669 πτέρυξι
1050 2602 1167 2661 ταῖς
1206 2603 1439 2664 οἰκείαις
1477 2603 1648 2672 αὐτὴν
1679 2604 1758 2667 εἰς
1791 2606 1963 2673 τιμὴν

386 2688 856 2755 συγκαλύπτοντα,
883 2692 959 2754 ὼς
982 2692 1132 2754 ἐντὸς
1155 2694 1223 2746 τὰ
1266 2693 1384 2764 θεῖα
1412 2694 1473 2747 ἐν
1501 2697 1623 2757 ταῖς
1649 2695 1812 2760 πλαξὶ
1840 2693 1964 2760 ιταῖς

383 2779 610 2842 λιθίναις
633 2779 860 2849 ἔχουσαν
886 2782 1061 2850 λόγια,
1095 2783 1238 2856 οῦτω
1261 2785 1354 2837 καὶ
1379 2785 1636 2856 ὑπεράνω
1656 2787 1750 2840 τοῦ
1785 2787 1963 2857 μύρου

383 2871 476 2922 καὶ
509 2872 615 2924 τῶν
637 2873 809 2939 ἁγίων
832 2875 1030 2938 ταῦτα,
1077 2877 1170 2929 καὶ
1204 2875 1285 2929 ἔτι
1339 2875 1442 2944 τῆς
1472 2880 1628 2948 ἱερᾶς
1681 2881 1975 2950 τραπέζης’

383 2962 542 3028 εἰσιν,
572 2964 648 3027 ὡς
684 2964 752 3019 τὰ
806 2966 1114 3037 ὑψηλότερα
1170 2971 1528 3038 κεκτημένων
1588 2970 1813 3037 τούτων,
1872 2973 1966 3027 καὶ

393 3053 592 3122 μᾶλλον
628 3056 758 3109 ἀντὶ
803 3058 904 3126 τῆς
965 3061 1127 3122 σκιᾶς
1195 3063 1296 3128 τὴν
1357 3062 1637 3131 ἀλήθειαν.
1704 3065 1966 3134 Ἐπείπερ

385 3149 500 3198 ἐκεῖ
527 3147 696 3210 τύπος
713 3144 782 3219 ἦν
814 3151 1015 3213 πάντα,
1066 3153 1159 3204 καὶ
1205 3152 1360 3222 ἄρτοι
1404 3154 1627 3223 ἄζυμοι,
1694 3157 1818 3209 ἀντὶ
1861 3158 1963 3212 ,τοῦ

2063 668 2300 724 εΠυειιιη
2341 683 2457 737 est,
2487 689 2756 744 sacroque
2794 676 2911 730 velo
2946 685 3278 746 protectum,
3308 676 3362 730 in
3397 675 3644 730 sacrario

2065 763 2306 832 ponitur,
2340 764 2478 821 facta
2505 768 2877 825 translatione.
2899 769 2964 822 Et
2985 784 3139 824 sacra
3161 769 3377 838 liturgia
3405 769 3643 838 incepta.

2064 863 2116 907 et
2158 855 2388 909 solemni
2435 858 2692 923 introitu,
2725 859 2931 928 primus
2982 860 3206 923 incedit,
3253 861 3345 929 qui
3381 876 3646 914 cmremo—

2065 944 2210 998 niam
2250 949 2414 1012 regit,
2441 947 2640 1004 deinde
2673 952 2906 1005 lectores
2965 952 3054 1020 qui
3103 952 3387 1019 lampades
3439 951 3645 1014 ferunt,

2064 1044 2227 1104 atque
2277 1037 2348 1091 ita
2379 1039 2618 1095 divinam
2668 1045 2847 1097 sancti
2897 1043 3140 1112 Spiritus
3183 1043 3641 1097 illuminationem

2064 1118 2497 1198 reprzcsentant;
2552 1132 2751 1189 deinde
2795 1136 3004 1204 primus
3037 1137 3384 1190 sacerdotum
3413 1175 3427 1197 ,
3459 1136 3645 1190 alaba-

2063 1232 2238 1276 su'um
2279 1224 2532 1279 manibus
2561 1235 2772 1292 tenens,
2803 1228 2972 1295 ipsam
3004 1226 3244 1294 Spiritus
3269 1227 3498 1296 gratiam
3531 1243 3645 1280 ma-

2064 1314 2349 1370 nifestans.
2406 1317 2537 1372 Ideo
2595 1319 2743 1373 enim
2785 1329 2841 1373 et
2875 1320 3081 1389 primus
3120 1319 3250 1372 illud
3309 1326 3477 1379 tenet.
3522 1327 3642 1370 tax:-

2063 1423 2226 1476 quam
2255 1410 2582 1477 perfectior;
2640 1421 2766 1466 ante
2819 1421 2874 1464 et
2912 1428 2941 1466 a
2991 1411 3160 1466 latere
3213 1419 3319 1465 eta
3353 1423 3524 1478 tergo,
3554 1425 3648 1464 se:

2064 1498 2279 1553 diaconi
2334 1493 2624 1554 duodecim
2693 1502 2929 1558 ferentes
2993 1504 3130 1565 alas,
3176 1512 3234 1557 ut
3289 1517 3519 1573 magnus
3571 1502 3648 1555 ait

2069 1590 2385 1662 Dionysius,
2423 1595 2469 1646 id
2499 1605 2582 1648 est
2612 1595 2824 1650 ﬂabella
2913 1595 3022 1650 Illae
3074 1609 3200 1650 vero
3238 1595 3483 1660 indicant
3509 1595 3650 1647 divi-

2066 1699 2164 1739 nas
2227 1687 2604 1753 etnugelicas
2647 1683 2898 1753 virtutes,
2957 1688 3285 1756 illarumque
3341 1687 3651 1753 intelligen-

2068 1773 2195 1827 tiam
2235 1782 2289 1856 ιιι
2317 1774 2784 1842 spiritualitatem.
2835 1776 3045 1831 Etenim
3106 1775 3392 1844 Seraphim
3421 1783 3472 1828 et
3509 1773 3651 1829 Che-

2069 1865 2242 1919 rubim
2300 1867 2578 1935 prophetis
2613 1867 2714 1922 alis
2746 1867 2936 1921 muniti
2971 1867 3148 1937 angeli
3202 1880 3524 1936 apparuere.
3584 1865 3649 1917 Et

2063 1957 2526 2024 quemadmodum
2580 1959 2686 2013 illa:
2739 1960 2836 2012 ala:
2907 1959 3379 2014 contrallebantur
3413 1959 3643 2023 gratiam

2064 2047 2421 2116 accipientes,
2459 2051 2532 2106 ita
2575 2060 2628 2105 et
2652 2067 2749 2104 nos
2783 2052 3016 2121 gratiam
3052 2049 3519 2121 comprehendere
3551 2049 3642 2102 de-

2064 2136 2279 2202 bemus,
2316 2139 2481 2209 idque
2525 2157 2621 2211 per
2681 2142 2971 2211 prauiictas
3011 2143 3126 2198 alas
3173 2141 3534 2195 ostendimus.
3587 2138 3652 2193 Et

2063 2231 2521 2298 quemadmodum
2553 2233 2605 2286 in
2635 2235 2991 2288 tabernaculo
3023 2234 3169 2289 illius
3220 2249 3362 2288 arca:
3410 2249 3531 2304 quae
3587 2232 3648 2286 ii~

2066 2338 2197 2392 gnra
2247 2335 2383 2387 erat,
2447 2334 2607 2380 erant
2663 2324 2962 2381 Cherubim
3028 2326 3302 2395 insculpta
3354 2335 3410 2380 et
3454 2325 3648 2383 incisa.

2067 2416 2301 2485 propriis
2357 2418 2458 2471 alis
2514 2433 2672 2482 eam,
2744 2417 2966 2472 honoris
3013 2433 3200 2480 causa,
3286 2418 3649 2488 protegentis,

2064 2509 2264 2578 quippe
2320 2525 2438 2579 qua:
2474 2510 2623 2565 intus
2652 2511 2833 2565 divina
2888 2511 3114 2565 oracula
3173 2513 3229 2564 in
3265 2510 3468 2565 tabulis
3520 2509 3654 2578 lapi-

2063 2599 2178 2655 deis
2211 2601 2535 2666 contineret,
2557 2601 2630 2655 ita
2650 2611 2701 2655 et
2729 2617 2892 2670 supra
2923 2600 3100 2656 oleﬂtu
3129 2603 3229 2655 hoc
3257 2613 3309 2656 et
3335 2601 3438 2655 alia
3464 2611 3652 2656 sancta

2064 2701 2119 2748 et
2157 2707 2319 2762 supra
2357 2707 2570 2748 sacram
2601 2687 2844 2748 mensam
2870 2709 2990 2763 qum
3020 2694 3320 2748 excelsiora
3346 2693 3652 2756 continent,

2064 2794 2120 2838 et.
2155 2784 2440 2839 veritatem
2497 2799 2598 2838 nec
2635 2784 3021 2837 tantummodo
3054 2784 3328 2836 umbram.
3387 2781 3461 2835 Ibi
3503 2783 3648 2834 cuitu

2029 2889 2034 2894 ‘
2065 2876 2247 2932 omnia
2287 2884 2444 2931 erant
2492 2876 2699 2946 ﬁgurae,
2729 2883 2780 2928 et
2829 2889 2996 2943 panes
3029 2873 3226 2944 azymi,
3256 2887 3352 2940 pro
3401 2889 3532 2928 vero
3560 2873 3651 2928 ille

2066 2987 2131 3026 ac
2157 2971 2375 3025 vivente
2433 2969 2609 3034 Pane;
2652 2977 2707 3023 et
2759 2966 3159 3021 irrationalinm
3188 2965 3474 3034 sanguinis
3500 2966 3652 3019 ohla-

2068 3061 2140 3115 tio
2209 3074 2308 3129 pro
2344 3059 2616 3128 sanguine
2669 3055 2831 3110 Verbi
2870 3053 3006 3120 Dei;
3041 3065 3094 3108 et
3139 3055 3319 3108 oleum
3378 3056 3654 3109 unctionis

2070 3167 2165 3220 pro
2197 3154 2340 3205 dono
2368 3150 2542 3204 sancti
2571 3147 2832 3216 Spiritus.
2859 3147 2939 3202 lbi
2976 3157 3155 3199 autem
3206 3154 3288 3199 est.
3319 3147 3442 3199 vita:
3475 3148 3654 3214 panis,

385 3240 552 3307 ἄρτου
601 3239 794 3294 τούτου
845 3241 940 3296 τοῦ
1000 3243 1224 3310 ζῶντος,
1275 3245 1366 3296 καὶ
1422 3245 1636 3314 ἀλόγων
1705 3248 1963 3320 θυμάτων

2070 3242 2259 3309 ipsum
2298 3255 2499 3309 corpus
2552 3246 2604 3292 et
2653 3237 2880 3308 sanguis
2916 3235 3143 3296 Christi,
3184 3251 3279 3305 pro
3318 3233 3475 3289 nobis
3505 3234 3657 3287 inde-

385 3331 591 3399 αἶματα
615 3332 708 3386 καὶ
735 3336 1124 3402 προσαγωγαὶ,
1155 3336 1288 3405 ἀντὶ,
1309 3345 1404 3391 τοὺ
1431 3340 1667 3407 αἵματος
1697 3341 1792 3395 τοῦ
1827 3343 1964 3396 Θεοῦ

388 3425 584 3489 Λόγου,
609 3426 703 3479 καὶ
750 3425 928 3481 ἔλαιον
983 3427 1083 3497 τῆς
1149 3428 1382 3498 κρίσεως
1437 3431 1558 3485 ἀντὶ
1603 3433 1702 3502 τῆς
1757 3435 1967 3505 δωρεᾶς

361 3515 477 3570 ,τοῦ
514 3517 669 3584 ἁγίου
701 3518 1040 3588 Πνεύματος.
1091 3520 1360 3575 Ἐνταῦθα
1387 3523 1444 3575 δὲ
1473 3525 1501 3576 6
1524 3525 1622 3592 τῆς
1651 3523 1796 3591 ζωῆς
1820 3525 1967 3579 ἐστιν

386 3605 572 3676 ἄρτος,
601 3607 734 3660 αὐτὸ
758 3607 819 3660 τὸ
861 3608 1024 3678 σῶμα
1055 3609 1151 3663 καὶ
1181 3606 1324 3679 αἷμα
1377 3613 1472 3665 τοῦ
1527 3614 1768 3676 Χριστοῦ
1827 3615 1967 3686 ὑπὲρ

390 3703 546 3768 ἡμῶν
583 3702 881 3766 ἀπαύστως
903 3704 1188 3774 θυόμενον,
1209 3707 1304 3761 καὶ
1330 3709 1362 3778 ἡ
1391 3709 1574 3777 χρίσις
1615 3708 1716 3776 τῆς
1757 3709 1968 3779 δωρεᾶς

387 3793 480 3847 τοῦ
512 3794 774 3856 ζωοποιοῦ
803 3795 1148 3874 Πνεύματος,
1180 3798 1337 3852 Μετὰ
1370 3799 1427 3852 δὲ
1473 3797 1573 3863 τὰς
1604 3796 1811 3853 δώδεκα
1839 3800 1970 3852 πτέ-

394 3903 586 3955 ρυγας,
613 3887 731 3956 ἤτοι
753 3887 822 3940 τά
861 3890 1092 3958 ριπίδια,
1127 3890 1177 3941 οἱ
1206 3889 1390 3943 λοιποὶ
1417 3891 1663 3945 διάκονοι
1716 3891 1966 3960 ἔρχονται

392 3980 527 4031 κατὰ
557 3979 818 4045 συζυγίαν
846 3979 918 4044 ὡς
973 3979 1116 4044 ἔθος,
1151 3982 1539 4048 προοδεύοντες
1586 3984 1694 4035 τῶν
1753 3983 1924 4049 ἁγίων
1951 3999 1964 4013 ⁸

391 4071 483 4123 καὶ
508 4073 540 4139 ή
570 4070 732 4142 λοιπὴ
760 4072 913 4136 τάξις
941 4073 1305 4126 ἐπακολουθεῖ
1339 4077 1439 4143 τῆς
1476 4074 1705 4130 εἰσόδου.
1746 4076 1967 4130 Δώδεκα

391 4164 445 4215 δὲ
469 4164 767 4233 πτέρυγες,
798 4167 892 4217 καὶ
915 4164 1005 4217 διά
1035 4165 1136 4234 τὴν
1185 4165 1466 4219 δωδεκάδα
1508 4166 1620 4219 τῶν
1686 4165 1966 4236 μαθητῶν,

391 4253 481 4313 οὒς
517 4256 549 4313 ή
614 4255 776 4322 χάρις
824 4251 920 4306 τοῦ
948 4253 1267 4323 Πνεύματος
1299 4255 1356 4321 ἐξ
1417 4255 1598 4325 ἀρχῆς
1655 4257 1966 4322 ἐτελείωσε,

393 4348 488 4399 καὶ
519 4345 607 4398 διά
637 4347 707 4399 τά
732 4346 826 4400 δύο
873 4347 1159 4416 Χερουϐὶμ
1208 4349 1273 4416 τῇ
1334 4351 1505 4419 σκηνῇ
1562 4350 1968 4422 παριστάμενα,

392 4439 595 4492 δώδεκα
628 4439 906 4509 πτέρυγας
959 4441 1182 4510 ἔχοντα.
1250 4439 1346 4506 Ἓξ
1405 4441 1513 4511 γὰρ
1570 4443 1843 4510 πτέρυγες
1891 4443 1972 4513 τῷ

394 4529 495 4594 ἐνὶ,
523 4532 617 4584 καὶ
643 4531 704 4596 ἒξ
733 4533 1008 4602 πτέρυγες
1032 4529 1112 4601 τῷ
1143 4531 1245 4597 ἑνὶ,
1275 4530 1441 4599 φησίν
1468 4546 1482 4560 ο
1515 4529 1544 4583 ὂ
1577 4535 1672 4584 καὶ
1705 4532 1834 4602 περὶ
1863 4532 1971 4585 τῶν

394 4591 639 4694 Σεραφὶμ
670 4591 1002 4694 γέγραπταί
1053 4591 1791 4695 Ἰλνὲςδέτετραπτέρυγα.
1830 4625 1971 4693 γρά-
2007 4591 2050 4644 D

393 4719 641 4782 φουσιτά
679 4715 984 4786 Χερουϐὶμ,
1047 4715 1399 4785 ὲξαπτέρυγα
1451 4715 1508 4768 δὲ
1560 4717 1628 4768 τά
1675 4717 1970 4784 Σεραφίμ’

392 4807 566 4862 ταῦτα
589 4807 644 4860 δὲ
679 4807 929 4879 μείζονός
991 4825 1127 4876 φασι
1182 4805 1411 4872 τάξεως,
1462 4806 1494 4876 ἢ
1543 4807 1614 4859 τά
1669 4809 1974 4877 Χερουϐίμ.

395 4899 484 4952 Διὸ
519 4899 662 4968 ὑπὲρ
715 4900 808 4952 τὸν
854 4899 1021 4967 νόμον
1070 4893 1208 4952 οὖσα
1260 4899 1294 4968 ἡ
1367 4897 1686 4976 Ἐκκλησία,
1733 4898 1826 4952 τὸν
1868 4899 1977 4951 τῶν

393 4992 780 5062 ἑξαπτερύγων
810 4994 1048 5044 ποιεῖται
1069 4991 1262 5056 τύπον,
1298 4991 1392 5043 καὶ
1441 4992 1511 5045 τὰ
1557 4989 1767 5044 δώδεκα
1819 4993 1975 5063 φέρει

395 5086 602 5170 ῥιπίδια
630 5087 750 5137 ἀντὶ
782 5085 890 5136 τῶν
924 5084 1018 5137 δύο
1053 5084 1334 5154 Σεραφίμ.
1375 5081 1571 5136 Ἢνίκα
1601 5080 1698 5136 οὖν
1744 5086 1793 5137 oi
1841 5087 1976 5138 ἀνα·
2003 5148 2020 5160 _‘

392 5179 632 5246 γνῶσται
665 5176 779 5247 89
809 5177 1145 5242 εἰσέλθωσιν,
1171 5179 1221 5230 οἱ
1267 5176 1586 5245 κατέχοντες
1608 5176 1848 5230 διάκονοι
1878 5179 1978 5242 τὰς

393 5271 672 5338 πτέρυγας
711 5268 962 5321 ἵστανται
993 5267 1340 5340 ἑκατέρωθεν
1370 5267 1465 5322 τοῦ
1515 5268 1578 5324 τὸ
1630 5269 1805 5340 μύρον
1874 5289 1978 5325 κα-

393 5362 642 5432 τέχοντος
674 5359 1075 5430 πρεσϐυτέρου,
1107 5362 1280 5432 τιμὴν
1344 5362 1497 5432 αύτῷ
1551 5364 1830 5432 νέμοντες,
1881 5367 1976 5418 καὶ

393 5450 505 5508 οἷον
533 5452 972 5516 ὲπισκιάζοντες.
1006 5452 1209 5506 Τούτου
1242 5454 1298 5508 δὲ
1355 5457 1667 5525 φθάσαντος
1723 5458 1827 5530 ἤδη
1874 5459 1977 5524 τὰς

397 5553 566 5622 θύρας
617 5552 718 5614 τὰς
788 5549 970 5618 ἁγίας,
1023 5553 1050 5604 ό
1107 5551 1454 5622 πατριάρχης
1515 5555 1844 5624 κατέρχεται
1879 5555 1979 5624 τῆς

398 5645 658 5715 κρηπῖδος
689 5644 791 5714 τῆς
836 5645 1010 5712 ἱερᾶς,
1053 5644 1149 5697 καὶ
1175 5643 1447 5715 λαμϐάνει
1477 5647 1538 5700 τὸ
1571 5646 1743 5716 μύρον
1775 5649 1838 5702 ἐκ
1869 5647 1979 5702 τῶν

400 5737 600 5808 χειρῶν
627 5736 722 5789 τοῦ
751 5736 1147 5808 πρεσϐυτέρου,
1175 5739 1269 5791 καὶ
1299 5741 1367 5808 τῇ
1394 5740 1811 5811 ίερᾷὲπιτίθησι
1845 5759 1977 5812 τρα-

404 5827 562 5897 πέζῃ,
607 5827 830 5895 μείζονα
873 5829 964 5880 καὶ
997 5827 1107 5879 τῶν
1138 5827 1327 5898 δώρων
1356 5829 1477 5883 τότε
1541 5830 1615 5894 ὡς
1669 5831 1978 5885 ἀτελέστων

407 5918 484 5973 ἐτι
513 5919 684 5983 διδοὺς
718 5916 794 5987 τῷ
827 5917 982 5990 μύρῳ
1009 5919 1288 5991 τὴντιμήν
1309 5937 1324 5951 ·
1357 5919 1482 5992 ἢὼς
1507 5921 1766 5979 ὲπιπλέον
1822 5924 1979 5989 ἡγια-

2072 3334 2314 3387 sinenter
2365 3331 2580 3396 oblata;
2619 3337 2675 3384 et
2713 3331 2900 3382 unctio
2937 3327 3065 3380 doni
3113 3325 3443 3380 vivillcantis
3483 3325 3660 3393 Spiri-

2072 3435 2177 3479 tus.
2215 3424 2349 3481 Post
2390 3425 2676 3480 duodecim
2737 3425 2850 3479 alas
2883 3439 2976 3480 seu
3011 3422 3248 3484 flabella,
3280 3421 3475 3489 reliqui
3539 3420 3660 3474 dia-

2071 3518 2193 3573 coni
2250 3518 2477 3571 veniunt
2518 3517 2681 3580 boni,
2717 3531 2867 3570 more
2920 3514 3106 3577 solito,
3141 3519 3329 3582 sancta
3354 3509 3662 3579 prmeeden-

2072 3619 2173 3665 tes.
2212 3610 2277 3664 Et
2319 3611 2565 3677 reliquus
2601 3609 2740 3663 ordo
2771 3606 3084 3662 successive
3135 3603 3321 3658 intrat.
3357 3603 3656 3658 Duodecim

2073 3719 2202 3756 vero
2233 3704 2330 3757 alae
2361 3711 2416 3758 et
2449 3710 2674 3772 propter
2702 3700 2988 3755 duodecim
3042 3698 3367 3766 discipulos,
3401 3711 3539 3764 quos
3566 3712 3660 3751 sa-

2070 3799 2243 3853 cravit
2280 3797 2532 3851 abinitio
2569 3795 2809 3864 Spiritus
2857 3793 3033 3848 sancti
3098 3793 3297 3862 gratia,
3349 3797 3404 3843 et
3437 3800 3662 3859 propter

2071 3889 2494 3945 duoCherubiiu
2537 3899 2664 3941 aute
2716 3884 3130 3940 tabernaeuhtm
3187 3883 3389 3938 stantia
3422 3893 3478 3936 et.
3523 3883 3662 3934 duo-

2072 3985 2248 4040 decim
2300 3983 2414 4037 alas
2475 3980 2752 4036 hahentia.
2794 3998 2812 4029 ι
2853 3979 2959 4032 Sex
3012 3979 3156 4031 enim
3218 3977 3315 4030 alte
3343 3975 3458 4038 uni,
3486 3985 3658 4029 ctsex

2073 4081 2172 4133 alte
2247 4077 2437 4139 alteri,
2481 4095 2501 4128 ι
2546 4074 2755 4142 inquit;
2811 4072 2956 4142 quod
2999 4071 3220 4142 quidem
3271 4071 3336 4124 ale
3369 4070 3658 4139 Seraphiin

2074 4172 2339 4241 scriptum
2372 4180 2477 4225 est.
2531 4167 2764 4234 Quidam
2815 4181 2944 4218 vero
2979 4164 3230 4218 scribunt
3261 4171 3503 4232 quatuor
3543 4164 3660 4217 alas

2074 4262 2371 4317 Cherubim
2423 4269 2478 4315 et
2513 4274 2606 4313 sex
2663 4258 2776 4310 alas
2833 4253 3162 4324 Seraphin];
3228 4267 3399 4319 eaque
3437 4252 3663 4319 majoris

2075 4355 2287 4409 ordinis
2313 4353 2646 4407 dicuntesse
2673 4365 2835 4418 quam
2871 4347 3191 4403 Cherubim.
3228 4345 3353 4399 Ideo
3399 4359 3524 4400 cum
3578 4361 3664 4400 su-

2078 4465 2169 4518 pra
2195 4449 2364 4516 legem
2389 4445 2458 4500 sit
2482 4442 2742 4503 Ecclesia,
2767 4441 2994 4511 figuram
3014 4453 3202 4494 earum
3222 4453 3314 4490 sex
3333 4435 3541 4490 alarum
3560 4435 3664 4491 sibi

2079 4543 2207 4596 facit
2233 4549 2285 4595 et
2315 4537 2601 4593 duodecim
2645 4535 2862 4589 [labella
2895 4531 2996 4587 fert
3040 4545 3140 4599 pro
3173 4543 3404 4582 numero
3448 4529 3668 4584 alarum.-

2081 4635 2316 4689 duorum
2365 4629 2683 4700 Seraphim;
2721 4624 2942 4696 quando
2969 4625 3138 4693 igitur
3169 4623 3396 4680 lectores
3438 4623 3666 4677 introie-

2081 4737 2231 4791 runt,
2291 4707 2514 4778 diaconi
2549 4721 2640 4791 qui
2684 4719 2798 4772 alas
2834 4725 3044 4780 tenent,
3081 4716 3500 4770 constituuntur
3529 4713 3664 4768 hinc

2079 4829 2133 4874 et
2164 4818 2289 4872 inde
2323 4830 2491 4886 prope
2520 4828 2642 4868 eum
2689 4809 2784 4881 qui
2843 4809 3022 4863 oleum
3063 4816 3211 4860 tenet
3266 4805 3664 4876 presbyterum,

2079 4912 2346 4965 honorem
2408 4907 2512 4976 ipsi
2575 4910 2829 4973 gerentes
2859 4908 2911 4955 et
2957 4907 3214 4966 tanquam
3251 4897 3664 4952 obumbrantes.

2079 5002 2371 5070 Postquam
2415 4999 2526 5068 jam
2586 4996 2653 5048 ad
2694 5006 2882 5049 sacras
2913 4989 3056 5044 fores
3093 4989 3202 5060 ille]
3230 4989 3497 5059 pervenit,
3533 4997 3664 5043 tunc

2081 5091 2393 5164 patriarcha
2430 5107 2456 5141 a
2483 5087 2689 5141 sanctis
2719 5084 2979 5155 gradibus
3029 5081 3334 5144 descendit,
3377 5088 3432 5136 et
3481 5081 3660 5136 oleum

2080 5186 2276 5256 accipit
2305 5184 2374 5238 de
2428 5180 2680 5235 manibus
2719 5176 3042 5247 presbyteri,
3079 5185 3134 5228 et
3166 5176 3219 5227 in
3271 5174 3458 5229 divina
3520 5175 3653 5228 illud

2082 5292 2268 5331 mensa
2313 5270 2555 5342 deponit,
2607 5269 2867 5338 majorem
2908 5267 3156 5321 tribuens
3186 5267 3310 5319 oleo
3372 5267 3661 5332 honorem,

2079 5366 2465 5440 quamjdonis
2521 5362 2766 5417 nondum
2830 5359 3197 5424 consecratis,
3252 5359 3347 5430 sed
3403 5359 3671 5429 majorem

2081 5458 2566 5516 sanctificationem
2612 5453 2842 5522 accepit.
2902 5451 3114 5506 Etenim
3149 5451 3490 5507 sanctiﬁcata
3542 5455 3666 5521 mti-

2082 5555 2204 5608 dem
2237 5561 2291 5604 et
2315 5549 2424 5604 Deo
2455 5548 2637 5602 oblata
2665 5546 2804 5600 dona
2831 5552 2981 5608 sunt,
3017 5543 3109 5597 sed
3136 5542 3314 5596 adhuc
3349 5540 3663 5609 imperfecta

2081 5655 2135 5700 et
2157 5640 2502 5698 solummodo
2555 5636 3023 5709 repraesentativa.
3055 5705 3057 5708 η
3089 5635 3280 5690 Oleum
3313 5645 3516 5693 autem,
3563 5642 3666 5685 ιιιει

2081 5733 2326 5789 nondum
2382 5742 2763 5786 consecratum
2835 5729 2926 5792 sit,
2982 5727 3065 5782 bis
3118 5733 3354 5778 tamena
3409 5723 3670 5791 pontiﬁce

2082 5841 2270 5896 preces
2293 5824 2500 5893 accepit
2527 5833 2575 5874 et
2597 5823 2663 5876 ab
2687 5821 2778 5875 illo
2801 5818 3143 5874 benedictum
3163 5825 3264 5870 est.
3291 5815 3418 5877 Aut,
3451 5824 3509 5867 ut
3531 5829 3666 5869 mttlt

2083 5917 2440 5975 verisimilius
2484 5916 2733 5982 videtur,
2786 5913 2912 5982 quia
2976 5907 3425 5969 communionem
3474 5906 3666 5963 oleum-
