4038 6430
406 344 514 396 245

1571 345 1670 406 DE
1713 345 2000 411 SANCTO
2038 329 2484 412 UNGUENTO-

3563 346 3666 410 2&6

386 464 590 516 σματα.
623 468 642 501 ι
682 450 809 516 Ναὶ,
836 452 1072 507 δέσποτα
1111 455 1222 524 90
1255 456 1355 510 Θεὲ
1407 459 1812 530 παντοκράτορ,
1843 461 1977 516 ἀνά-

2087 460 2298 530 Spiritu
2351 466 2533 518 omnia
2603 467 2656 519 in
2686 464 2841 521 nobis
2877 466 3032 519 fiunt.
3085 463 3146 518 Et
3202 440 3666 534 quemadmodum

380 538 554 604 δειξον
601 542 734 596 αὐτὸ
778 546 842 614 τῇ
892 547 1235 616 ἐπιφοιτήσει
1279 547 1374 602 τοῦ
1431 552 1817 622 προσκυνητοῦ
1870 560 1964 607 καὶ

386 631 542 695 ἁγίου
590 650 684 686 σου
750 636 1087 704 Πνεύματος.
1149 657 1167 688 ι
1243 640 1409 692 Πάλιν
1465 641 1564 712 τὴν
1614 643 1963 714 ἑπιφοίτησιν

385 724 675 788 ἐξαιτεῖται
718 727 814 780 τοῦ
863 729 1134 797 παναγίου
1186 733 1526 799 Πνεύματος.
1580 734 1677 788 Ἐκ
1707 725 1965 805 Ιγάτῗτοῦ

387 817 597 884 Πατρδς
641 820 729 872 διὰ
761 819 852 872 τοῦ
897 821 1057 888 λόγου
1101 827 1158 876 ἐν
1194 824 1336 896 ἁγίῳ
1372 826 1650 896 Πνεύματι
1686 829 1864 884 πάντα
1909 832 1967 884 ἐν

381 908 514 976 ἡμῖν
543 909 776 974 γίνεται.
811 913 918 966 Καὶ
961 913 1036 976 ὡς
1069 916 1147 984 τῷ
1194 917 1336 986 λόγῳ
1384 919 1588 988 Κυρίου
1643 921 1693 972 οἱ
1741 921 1968 990 οὐρανοὶ

385 999 818 1070 ἐστερεώθησαν,
853 1003 931 1072 τῷ
961 1006 1240 1076 Πνεύματι
1269 1007 1325 1061 δὲ
1363 1009 1456 1062 τοῦ
1490 1011 1757 1077 στόματος
1799 1012 1965 1066 αὐτοῦ

391 1091 534 1143 πᾶσα
577 1093 609 1162 ή
640 1094 874 1163 δύναμις
905 1098 1105 1151 αύτῶνο
1141 1101 1200 1152 ἐν
1233 1101 1384 1170 αύτῷ
1422 1105 1530 1171 γὰρ
1568 1104 1645 1173 τῷ
1680 1103 1966 1172 Πνεύματι

382 1183 799 1241 τετελείωνταιο
843 1190 987 1245 οὕτω
1021 1196 1116 1247 καὶ
1159 1198 1251 1251 ἐπὶ
1286 1197 1437 1271 πάσῃ
1488 1198 1691 1270 δωρεᾷ,
1729 1199 1852 1268 ἦτις
1905 1201 1970 1253 ἐκ

383 1271 478 1324 τοῦ
534 1274 746 1347 Πατρὶς
808 1279 898 1334 διὰ
951 1283 1044 1336 τοῦ
1103 1285 1278 1352 Λόγου
1339 1288 1396 1338 ὲν
1455 1287 1595 1357 ἁγίῳ
1651 1291 1970 1359 χορηγεῖται

386 1365 688 1434 Πνεύματι,
735 1374 826 1426 καὶ
884 1373 1124 1442 μάλιστα
1173 1379 1314 1445 μετὰ
1359 1379 1458 1446 τὴν
1487 1379 1581 1433 τοῦ
1609 1379 1747 1434 Θεοῦ
1793 1381 1970 1449 Λόγου

385 1456 530 1524 ὑπὲρ
555 1459 714 1526 ἡμῶν
756 1465 1093 1533 οἰκονομίαν.
1138 1467 1196 1521 Ὀ
1231 1469 1329 1536 μὲν
1365 1470 1473 1539 γὰρ
1514 1472 1702 1543 Πατὴρ
1736 1473 1970 1530 εὐδοκεῖ.

399 1551 456 1601 '0
485 1550 542 1604 δὲ
573 1552 701 1618 Υἱὸς
732 1559 1026 1629 αὐτουργεῖ
1049 1578 1064 1593 ο
1110 1562 1169 1615 τδ)
1199 1561 1257 1614 δὲ
1290 1561 1445 1630 ἅγιον
1487 1565 1712 1635 Πνεῦμα
1750 1567 1972 1620 τελειοῖ.

391 1663 415 1694 ί
479 1646 724 1714 Ἔνδομα
773 1651 1084 1720 ἀφθαρσίας
1132 1657 1227 1709 καὶ
1283 1659 1560 1727 σ’ρραγῖδα
1619 1659 1974 1724 τεὶειοποιὺν,

388 1738 736 1793 ὲκτυτιοῦσαν
783 1745 892 1804 τοϊς
939 1746 998 1796 τι
1043 1746 1188 1800 θεῖόν
1243 1765 1338 1802 σου
1387 1749 1614 1820 λουτρὸν
1657 1750 1975 1820 δεχομένοις

2078 549 2251 606 Verbo
2293 551 2500 608 Domini
2533 557 2656 611 ειειί
2691 556 2886 610 firmati
2937 567 3085 616 sunt,
3117 555 3322 624 Spiritu
3373 568 3499 607 vero
3543 553 3662 607 oris

2070 643 2190 711 ejus
2222 645 2402 699 omnis
2439 647 2611 702 virtus
2633 663 2822 703 eorum
2852 667 2865 714 ;
2894 649 2944 702 in
2977 648 3094 716 ipso
3119 646 3262 700 enim
3306 645 3512 714 Spiritu
3548 660 3667 713 pcr-

2069 733 2195 790 fecti
2226 746 2357 792 sunt
2394 755 2407 802 ;
2444 741 2514 791 ita
2539 739 2681 793 etde
2711 740 2858 795 oinui
2910 739 3054 792 dono
3097 739 3327 804 quodex
3374 726 3534 788 Patre
3573 751 3668 804 per

2071 825 2310 882 Verbum
2342 830 2392 882 in
2425 840 2617 883 saneto
2669 829 2873 899 Spiritu
2922 841 3229 899 prmstatur,
3264 841 3315 883 et
3368 827 3667 900 prazscrtim

2074 929 2196 988 post
2226 921 2390 978 Verbi
2450 911 2539 977 D'éi
2598 938 2692 990 pro
2757 923 2916 977 nobis
2979 923 3431 976 incarnationem.
3503 918 3667 971 Pater
3745 978 3752 985 _

2070 1013 2216 1066 enim
2243 1013 2532 1082 approbat,
2565 1012 2736 1069 Filius
2773 1024 3051 1084 operatur,
3076 1023 3303 1070 sanctus
3330 1021 3510 1066 autem
3543 1008 3670 1077 Spi-

2071 1104 2214 1158 ritus
2279 1104 2513 1172 perﬁcit.
2580 1123 2598 1156 ι
2660 1104 3042 1160 lndumentmn
3109 1101 3564 1164 immortalitatis,
3615 1107 3671 1153 et

2075 1194 2426 1266 periecﬁouis
2453 1197 2797 1262 signaculum
2835 1198 3086 1266 imprime
3107 1198 3159 1250 in
3189 1196 3268 1250 eis
3301 1195 3392 1263 qui
3421 1193 3666 1247 divinum

2075 1295 2228 1340 tuum
2261 1285 2588 1355 baptismum
2631 1287 2920 1354 recipiunt.
2955 1296 3206 1342 sanctum
3256 1295 3420 1339 'tuum
3468 1298 3666 1338 nomen

2074 1385 2130 1432 et
2161 1377 2456 1446 nnigenitis
2488 1376 2604 1432 Filii
2636 1380 2737 1442 tui,
2769 1388 2820 1432 et
2849 1376 3083 1444 Spiritus
3121 1377 3296 1432 sancti
3326 1375 3424 1428 tui.
3465 1393 3481 1424 ι
3511 1373 3670 1426 ΙιιιΙιι-

2079 1464 2822 1529 mentum'immortalitatis,
2851 1469 2977 1537 quia
3032 1466 3270 1521 viviﬂeat
3325 1464 3564 1533 Spiritus
3616 1470 3670 1514 et

2078 1559 2542 1615 immortalitatem
2596 1568 2818 1629 praestat
2858 1577 2872 1624 ;
2917 1561 3257 1630 signaculum
3295 1555 3663 1626 perfectionis,

2081 1661 2340 1717 tauquam
2387 1651 2546 1705 nobis
2605 1652 2972 1706 sanctissima:
3013 1651 3299 1704 Trinitatis
3347 1648 3574 1716 gratiam
3615 1658 3669 1699 et

2083 1755 2282 1794 nomen
2324 1741 2570 1796 tribuens
2606 1757 2620 1806 ;
2654 1740 2910 1810 quoniam
2937 1739 2990 1793 in
3049 1738 3313 1793 Tl‘lllllule
3371 1752 3666 1792 consecra-

388 1828 488 1897 τὴν
527 1831 688 1899 ἁγίαν
735 1851 831 1888 σου
875 1835 1196 1903 ὀνομασίαν,
1230 1839 1322 1893 καὶ
1355 1839 1451 1896 τοῦ
1508 1841 1834 1911 μονογενοῦς
1875 1859 1967 1896 σου

2084 1847 2246 1887 [ηιμ-,ι
2283 1833 2345 1888 Ut
2383 1833 2492 1889 sint
2521 1843 2574 1887 et
2603 1834 2706 1902 ipsi
2739 1848 2922 1886 coram
2956 1841 3009 1887 te
3026 1831 3252 1900 cogniti,
3288 1849 3306 1882 ι
3334 1830 3383 1884 id
3413 1837 3516 1893 est,
3570 1828 3666 1881 tibi

391 1920 544 1984 Υίοῦ,
603 1926 697 1977 καὶ
760 1927 854 1980 τοῦ
909 1929 1066 1997 ἁγίου
1120 1948 1216 1985 σου
1275 1933 1616 2004 Πνεύματος.
1652 1951 1672 1985 ι
1725 1933 1974 2004 Ἔνδυμα

391 2014 721 2082 ἀφθαρσίας,
763 2020 846 2073 ὄτι
883 2021 1148 2082 ζωοποιὸν
1174 2024 1235 2076 τὸ
1267 2025 1516 2094 Πνεῦμα,
1537 2026 1645 2080 καὶ
1673 2026 1974 2081 ἀθανασίαν

327 2167 335 2174 _
392 2105 645 2177 παρέχει.
681 2110 964 2179 Σφραγῖδα
987 2115 1340 2180 τελειοποιὺν,
1373 2117 1447 2179 ὡς
1481 2117 1581 2186 τῆς
1617 2113 1781 2185 ’ἁγίας
1807 2116 1976 2185 Τριά-

389 2197 478 2260 δος
506 2199 602 2269 τὴν
630 2201 788 2272 χάριν
813 2205 976 2274 νέμον
1003 2208 1148 2276 ἡμῖν·
1174 2211 1268 2262 καὶ
1294 2209 1356 2260 τὸ
1383 2208 1552 2277 ὄνομα
1579 2225 1592 2238 °
1620 2210 1747 2263 ἐπεὶ
1787 2213 1882 2264 καὶ
1918 2212 1975 2261 ἐν

391 2290 460 2358 τῇ
506 2291 695 2362 Τριάδι
746 2279 1127 2366 τελειούμεοα.
1159 2319 1177 2350 ι
1227 2301 1319 2362 Et;
1364 2301 1424 2354 τὸ
1471 2298 1614 2355 εἶναι
1672 2303 1728 2354 δὲ
1778 2303 1975 2364 αὐτοὺς

394 2382 624 2437 ἐνώπιόν
667 2403 757 2439 σου
782 2390 1174 2456 ὲπιγνωστοῦς,
1213 2412 1232 2444 ι
1261 2395 1510 2447 τουτέστι
1543 2393 1858 2462 γνωρίμους
1893 2396 1975 2446 σοὶ

395 2475 470 2545 τῷ
501 2475 654 2548 Θεῷ.
691 2481 756 2532 Ὠ
800 2483 898 2548 τῆς
934 2484 1146 2553 δωρεᾶς
1199 2486 1292 2538 τοῦ
1349 2487 1498 2539 θείου
1545 2486 1753 2556 μύρουί
1802 2487 1847 2539 ὢ
1877 2488 1974 2555 τῆς

400 2569 663 2638 μεγίστης
694 2575 946 2643 χάριτοςῐ
974 2576 1142 2630 πόσου
1177 2578 1285 2649 ἄρα
1317 2578 1973 2648 ἁπολιμπὰνεταιδώρου,

389 2661 422 2711 ό
473 2663 547 2730 μὴ
593 2665 785 2719 τούτου
835 2666 1012 2736 τυχὼν
1059 2669 1152 2722 τοῦ
1207 2671 1580 2740 χαρίσματος;
1627 2687 1646 2720 1
1699 2671 1973 2735 Οῐκείους,

395 2755 546 2824 φησὶ,
600 2758 692 2810 καὶ
742 2759 992 2824 πολίτας,
1035 2763 1258 2825 δούλους
1309 2780 1402 2815 σου
1454 2763 1549 2815 καὶ
1594 2763 1906 2826 παιδίσκας.
1949 2782 1968 2815 ι

395 2844 558 2900 Ὥστε
583 2847 647 2901 ὲκ
676 2848 770 2902 τοῦ
805 2850 977 2920 μύρου
1012 2853 1128 2906 ἐστί
1161 2852 1225 2905 τὸ
1272 2851 1507 2916 οἰκείους
1537 2848 1677 2906 εῖναι
1726 2853 1846 2923 Θεῷ
1882 2855 1977 2908 καὶ

391 2937 610 3004 δούλους
658 2944 915 3012 γνησίους
959 2945 1088 3008 τοὺς
1139 2944 1406 3008 εὐσεϐεῖς.
1441 2945 1689 3015 Μεγίστη
1736 2946 1974 3018 δντωςή

391 3031 590 3104 δωρεά.
629 3050 648 3085 ι
708 3035 872 3089 Ἀλλὰ
920 3038 1013 3088 καὶ
1057 3038 1457 3106 ἡγιασμένους,
1509 3037 1678 3106 φησι,
1719 3038 1866 3108 ψυχῇ
1916 3054 1975 3089 τε

393 3125 489 3178 καὶ
537 3125 770 3196 σώματι.
807 3146 826 3179 ι
877 3129 1008 3182 Ἰδοὺ
1057 3130 1150 3182 καὶ
1205 3130 1399 3196 ἁγίους
1433 3129 1660 3193 τούτους
1706 3133 1851 3182 ποιεῖ
1882 3129 1976 3182 καὶ

394 3217 852 3288 ἀναμαρτήτους·
905 3221 1100 3287 ἐπάγει
1176 3221 1321 3291 γὰρ,
1391 3239 1409 3272 ι
1498 3221 1980 3292 Ἀπηλλαγμένους

395 3315 579 3381 πάσης
608 3313 826 3377 κακίας,
859 3315 954 3365 καὶ
990 3312 1166 3381 πάσης
1207 3313 1486 3381 ἁμαρτίας
1530 3311 1980 3384 λελυτρωμένους

395 3410 460 3478 τῇ
494 3405 752 3477 περιϐολῇ
809 3403 903 3458 τοῦ
923 3403 1236 3474 ἐνδύματος
1266 3405 1366 3473 τῆς
1410 3404 1772 3474 ἀφθαρσίας.»
1822 3408 1888 3458 '0
1916 3406 1979 3477 δὴ

401 3501 539 3570 μετὰ
567 3500 660 3554 τοῦ
691 3498 920 3569 λουτροῦ
974 3497 1035 3550 τὸ
1067 3497 1237 3566 μύρον
1271 3497 1409 3554 ἔστί.
1440 3499 1549 3550 Καὶ
1589 3497 1694 3566 ὅρα
1723 3500 1983 3568 μέγιστον

397 3597 525 3652 ἄλλο
551 3595 743 3666 δῶρον.
799 3611 818 3645 ι
867 3589 1362 3662 Ἐπιγινώσκεσθαι
1411 3591 1491 3656 δὲ,
1541 3591 1696 3661 φησὶ,
1746 3591 1835 3644 διὰ
1883 3592 1983 3660 τῆς

399 3691 558 3755 ἁγίας
594 3704 687 3742 σου
722 3685 926 3755 ταύτης
962 3683 1320 3753 σημειώσεως
1373 3682 1479 3735 ὑπὸ
1527 3683 1699 3750 ἁγίων
1735 3683 1982 3750 ἀγγέλων

399 3784 494 3839 καὶ
539 3779 917 3852 ἁρχαγγέλων,
959 3777 1054 3830 καὶ
1085 3773 1190 3828 ὑπὸ
1236 3773 1420 3844 πάσης
1468 3774 1798 3843 ἐπουρανίου
1827 3773 1984 3827 δυνοὶ-

403 3895 568 3947 μεως.
605 3894 624 3928 ι
659 3874 825 3926 Ὥστε
859 3861 1200 3940 ¹σύμμορφοι
1262 3869 1376 3929 τοῖς
1435 3866 1692 3934 ἀγγέλοις
1745 3867 1834 3920 διὰ
1886 3868 1984 3922 τοῦ

376 3964 576 4040 ’μύρου
611 3964 892 4035 γινόμεθα,
927 3961 1023 4015 καὶ
1058 3959 1388 4028 ἐπιγνωστοὶ
1423 3959 1511 4013 διὰ
1550 3958 1741 4012 τούτου
1770 3957 1983 4022 τούτοις

402 4060 589 4128 ἐσμέν.
621 4056 819 4112 Λοιπὸν
863 4054 914 4106 οι
963 4051 1040 4121 μὴ
1080 4050 1400 4122 χρισθέντες
1429 4049 1506 4120 τῷ
1557 4048 1714 4120 μύρῳ
1750 4047 1874 4104 οὔτε
1905 4049 1985 4121 τῷ

399 4151 544 4219 Θεῷ,
573 4147 700 4201 οὔτε
727 4148 840 4221 τοῖς
870 4142 1122 4214 ἀγγέλοις
1151 4141 1440 4212 γνώριμοι,
1480 4145 1576 4195 καὶ
1609 4142 1983 4213 ἁσφράγιστοι

403 4245 550 4300 οῦτοι
573 4243 670 4296 καὶ
708 4239 1044 4309 ἁσημείωτοι
1070 4235 1150 4306 τῷ
1179 4235 1422 4306 Χριστῷ.
1457 4235 1598 4306 Ὅρα
1643 4236 1701 4289 δὲ
1735 4237 1830 4290 καὶ
1862 4235 1982 4288 Ere.

410 4356 500 4410 ρον
532 4337 671 4407 μέγα
693 4334 886 4404 δῶρον.
915 4331 1025 4384 Καὶ
1058 4327 1324 4400 φοϐερούς
1357 4345 1492 4398 φησι
1525 4330 1693 4382 πᾶσιν
1720 4330 1988 4399 ὑπάρχειν

408 4433 522 4494 τοῖς
574 4427 831 4498 πονηροῖς
875 4423 972 4478 καὶ
1020 4421 1356 4489 ἀκαθάρτοις
1409 4420 1682 4490 δαίμοσιν.
1717 4423 1880 4474 Ὥστε
1937 4422 1987 4474 οι

411 4519 848 4591 σεσημειωμένοι
917 4514 997 4585 τῷ
1063 4512 1194 4583 θείῳ
1254 4513 1413 4582 μύρῳ
1441 4515 1558 4590 ..καὶ
1603 4515 1711 4574 τοῖς
1769 4513 1989 4580 δαίμοσι

411 4615 653 4687 φοϐεροί.
692 4613 756 4664 Ὢ
797 4613 895 4678 τῆς
945 4609 1210 4677 μεγίστης
1245 4604 1340 4657 τοῦ
1391 4603 1528 4658 Θεοῦ
1562 4605 1817 4674 χάριτοςί
1850 4605 1993 4674 Ὅρα

408 4713 466 4766 δὲ
509 4712 590 4764 ἔτι
633 4709 728 4763 καὶ
770 4705 821 4758 τί
872 4703 1002 4756 ἄλλο
1035 4701 1199 4771 ἡμεῖς
1266 4697 1317 4750 οῖ
1366 4699 1548 4752 πιστοὶ
1578 4699 1665 4752 διὰ
1700 4698 1796 4751 τοῦ
1845 4699 1992 4752 θείου

415 4803 586 4876 μύρου
615 4797 896 4869 γινόμεθα.
943 4813 960 4845 ι
1004 4794 1123 4845 Ἵνα
1150 4784 1254 4843 ὦσί
1287 4806 1391 4854 σοι,
1426 4789 1580 4858 φησὶ,
1608 4789 1739 4851 λαὸς
1770 4790 1992 4858 περιούσ-

414 4911 548 4956 σιος,
580 4879 855 4963 βασίλειον
876 4884 1198 4955 ἱεράτευμα,
1225 4877 1375 4941 ἔθνος
1406 4876 1582 4944 ἅγιον,
1614 4877 1994 4945 ἐσφραγισμέ-

413 5002 494 5040 νοι
519 4985 605 5038 διὰ
638 4980 731 5035 τοῦ
767 4978 1037 5048 ἁχρὰντου
1068 4990 1159 5026 σου
1196 4971 1372 5041 μύρου
1403 4969 1621 5020 τούτου.
1661 4966 1872 5020 Λοιπὸν
1904 4967 1994 5020 διὰ

413 5077 604 5132 τούτου
629 5073 728 5144 τὴν
761 5068 1033 5139 σφραγῖδα
1075 5065 1172 5134 τῆς
1203 5061 1367 5129 ἁγίας
1399 5059 1632 5129 Τριάδος
1671 5061 1729 5112 ὲν
1783 5061 1996 5123 ἑαυτοῖς

415 5169 803 5240 περιφέρομεν.
845 5163 904 5215 '0
954 5160 1030 5229 μὴ
1077 5155 1322 5228 χρισθεὶς
1375 5153 1484 5222 ἄρα
1533 5150 1611 5221 τῷ
1655 5150 1786 5222 θείῳ
1839 5153 1996 5221 μύρῳ

412 5261 588 5330 τούτῳ
630 5259 1025 5328 ἁσφράγιστος.
1075 5249 1236 5304 Ἀλλὰ
1279 5251 1373 5300 καὶ
1432 5247 1486 5298 τί
1553 5245 1813 5314 μέγιστον
1866 5244 1997 5297 ἄλλο

412 5359 586 5426 δῶρον
612 5354 912 5424 παρέχεται
947 5349 980 5417 ἡ
1013 5345 1188 5416 εύχής
1220 5341 1308 5395 διὰ
1350 5338 1511 5392 τοῦτο
1540 5337 1648 5406 γὰρ
1685 5337 1779 5390 καὶ
1815 5338 1996 5417 πᾶσαν

412 5451 672 5520 ἐξέθηκα,
709 5447 796 5500 ἵνα
828 5441 1046 5513 γνῶμεν
1085 5438 1186 5500 τὰς
1230 5434 1318 5488 διὰ
1369 5431 1467 5485 τοῦ
1536 5431 1711 5499 μύρου
1763 5428 1994 5498 δωρεάς.

419 5560 439 5594 ι
479 5541 588 5596 Καὶ
620 5539 856 5608 ἔχοντες,
885 5533 1042 5603 φησὶ,
1069 5530 1160 5583 τὸν
1197 5525 1436 5596 Χριστόν
1466 5539 1561 5574 σου
1605 5523 1664 5575 ὲν
1691 5522 1814 5583 ταῖς
1862 5536 1996 5589 καρ-

415 5635 556 5697 δίαις
604 5631 804 5693 αὐτῶν,
835 5629 914 5690 είς
964 5617 1390 5690 κατοικητήριόν
1437 5632 1532 5667 σου
1583 5611 1678 5665 τοῦ
1721 5613 1856 5665 Θεοῦ
1905 5613 1998 5663 καὶ

419 5723 633 5792 Ιῐατρδς
662 5723 716 5772 ὲν
753 5721 895 5789 ἁγίῳ
926 5715 1226 5784 Πνεύματι.
1272 5731 1290 5762 ι
1344 5710 1475 5764 Ἰδοὺ
1528 5707 1596 5761 δι’
1647 5705 1814 5760 αὑτοῦ
1849 5707 1940 5757 καὶ
1973 5707 1999 5756 ὁ

421 5813 652 5884 Χριστὸς
685 5813 743 5866 ἐν
772 5814 892 5874 ταῖς
947 5808 1198 5876 καρδίαις
1233 5802 1423 5875 ἡμῶν·
1461 5802 1555 5855 καὶ
1602 5799 1998 5868 κατοικητήρια

2080 1924 2191 1978 Deo
2228 1925 2362 1980 noti.
2401 1923 2444 1980 Ο
2475 1924 2649 1979 Divini
2676 1925 2780 1980 olei
2837 1927 3037 1979 donum
3073 1926 3088 1978 l
3119 1923 3162 1977 Ο
3201 1924 3491 1976 maximam
3541 1937 3667 1990 gra-

2077 2019 2206 2071 tiam
2240 2019 2253 2071 l
2281 2030 2490 2088 quanto
2524 2020 2686 2087 igitur
2721 2019 2867 2072 dono
2919 2025 3072 2072 caret
3106 2017 3198 2086 qui
3230 2031 3336 2068 non
3375 2014 3507 2068 illud
3543 2013 3672 2067 cha-

2079 2109 2245 2163 risma
2295 2110 2540 2163 obtinet!
2613 2109 2963 2186 IF'ﬂllllliilfeS
3009 2109 3084 2160 tui
3136 2115 3186 2160 et
3245 2105 3417 2168 cives,
3466 2103 3668 2171 inquit,

2078 2200 2219 2254 servi
2260 2203 2332 2254 tui
2364 2214 2416 2255 et
2451 2201 2686 2262 ancillae,
2721 2220 2738 2252 ›
2790 2201 2862 2254 ita
2898 2209 2948 2253 ut
2980 2216 3046 2254 ex
3086 2199 3190 2253 hoc
3214 2199 3336 2252 oleo
3375 2195 3466 2250 [lat
3506 2208 3564 2248 ut
3598 2194 3671 2262 pii

2080 2282 2457 2348 familiares-et
2502 2295 2645 2348 servi
2679 2293 2766 2346 Dei
2815 2293 2960 2347 sint:
2991 2293 3228 2345 maxima
3291 2305 3424 2344 sane
3457 2291 3627 2358 gratia
3656 2290 3670 2343 ί

2084 2385 2219 2439 «Sed
2261 2395 2314 2438 et
2361 2387 2689 2440 sanctiiiCati
2740 2385 2919 2440 anima
2947 2394 3000 2438 et
3043 2399 3295 2453 corpore.
3336 2401 3354 2434 ι
3396 2383 3534 2436 Ecce
3577 2397 3676 2435 eos

2079 2487 2306 2532 sanctos
2352 2479 2514 2536 eilicit
2586 2487 2640 2534 et
2692 2477 2944 2531 mundos.
2985 2476 3166 2545 Pergit
3236 2476 3382 2529 enim
3425 2493 3436 2528 :
3485 2473 3674 2529 «Omni

2079 2571 2284 2624 malitia
2347 2571 2560 2625 liberati
2614 2579 2666 2626 et
2697 2571 2848 2623 omni
2909 2577 3135 2639 peccato
3189 2569 3457 2630 mmnlati,
3512 2569 3678 2622 vesti-

2080 2673 2260 2716 mento
2318 2660 2746 2717 immortalitatis
2779 2660 2944 2730 hujus
2981 2661 3304 2725 circumdati
3336 2660 3516 2728 ;quod
3544 2675 3678 2715 sane

2078 2755 2137 2810 ﬁt
2195 2762 2316 2823 post
2378 2753 2636 2822 baptismi
2686 2755 3020 2809 unctionem.
3099 2754 3161 2808 l-It
3220 2753 3338 2806 vide
3381 2756 3674 2808 niaximum

2079 2847 2224 2901 aliud
2291 2848 2518 2902 donum.
2591 2845 2952 2909 (Noscanltlr,
3011 2848 3209 2915 inquit,
3264 2861 3361 2915 per
3421 2855 3674 2900 sauclum

2079 2949 2232 2994 tuutn
2265 2942 2632 3009 signaculum,
2668 2957 2697 2994 a
2736 2941 2944 2994 sanctis
3004 2939 3213 3008 angelis
3253 2948 3304 2993 et
3338 2938 3677 3008 arcliangt-lis

2079 3041 2130 3086 et
2160 3033 2226 3086 ab
2252 3033 2400 3088 omni
2430 3033 2638 3087 cualosti
2689 3033 2920 3086 Virtute.
2947 3052 2963 3082 ι
2999 3031 3068 3084 Ita
3108 3040 3161 3085 ut
3189 3031 3410 3100 Angelis
3456 3030 3675 3083 confor-

2083 3140 2199 3179 mes
2245 3141 2338 3193 per
2369 3125 2548 3180 oleum
2595 3125 2809 3185 ﬁamus.
2845 3133 2900 3179 et
2933 3125 3151 3194 cognitu
3185 3122 3368 3178 faciles
3401 3138 3495 3192 per
3543 3122 3673 3176 illud

2085 3218 2154 3272 iis
2183 3219 2379 3273 simus.
2407 3217 2510 3284 Qui
2544 3234 2652 3273 non
2688 3210 2836 3272 uncti
2867 3228 2999 3273 sunt
3038 3217 3160 3270 oleo
3206 3229 3385 3284 neque
3440 3216 3544 3268 Deo
3584 3229 3679 3267 ne-

2079 3321 2187 3378 que
2216 3312 2431 3382 angelis
2485 3311 2596 3365 noti
2627 3320 2753 3365 sunt
2797 3325 2975 3377 neque
3013 3307 3234 3363 Christo
3262 3306 3462 3372 signati
3513 3314 3566 3360 et
3595 3306 3680 3382 in-

2081 3381 2456 3472 signiti.’Vide
2489 3410 2540 3456 et
2592 3402 2736 3455 aliud
2783 3415 3036 3470 magnum
3079 3397 3308 3452 donum.
3333 3417 3350 3448 ι
3380 3381 3680 3451 Terribiles

2081 3495 2212 3556 sint,
2241 3494 2443 3562 inquit,
2473 3493 2729 3547 omnibus
2757 3494 2918 3546 malis
2945 3500 2998 3546 ει.
3026 3489 3254 3558 impuris
3279 3488 3674 3544 daemonibus.)

2083 3584 2160 3637 Ita
2199 3595 2257 3637 ut
2285 3585 2377 3653 qui
2407 3583 2592 3638 divino
2629 3592 2912 3652 unguento
2938 3583 3136 3651 signati
3169 3593 3318 3643 sunt,
3347 3579 3681 3634 formidandi

2083 3677 2192 3730 sint
2218 3677 2579 3732 dxmonibtﬁ.
2612 3679 2652 3730 0
2683 3677 2975 3731 maximam
3011 3675 3102 3728 Dei
3124 3674 3353 3745 gratiam
3385 3675 3396 3725 !
3427 3670 3560 3724 Vide
3585 3687 3683 3745 an-

2084 3779 2192 3823 tem
2248 3770 2425 3823 adhuc
2478 3770 2607 3839 quid
2672 3766 2819 3820 aliud
2874 3782 2974 3821 nos
3036 3743 3228 3820 ﬁdeles
3283 3779 3377 3834 per
3431 3743 3680 3818 diviu'ntn

2085 3863 2263 3916 oleum
2291 3861 2525 3914 ﬁamus:
2568 3857 2668 3913 «Ut
2694 3859 2802 3913 sint
2835 3859 2952 3918 tibi,
2985 3856 3184 3926 inquit,
3223 3855 3460 3924 populus
3503 3855 3680 3915 dives,

2088 3951 2265 4021 regale
2304 3951 2692 4008 sacerdotium.
2727 3965 2860 4017 gens
2923 3959 3132 4013 sancta,
3186 3946 3382 4017 signati
3422 3947 3530 3999 hoc
3569 3946 3684 3998 sin-

2087 4053 2215 4099 cero
2246 4045 2369 4097 oleo
2413 4051 2561 4096 tuo.)
2591 4041 2760 4112 igitur
2791 4055 2886 4109 per
2946 4039 3080 4094 illud
3147 4038 3201 4092 in
3260 4036 3421 4091 nobis
3477 4045 3686 4090 saneta:

2088 4135 2382 4190 Trinitatis
2413 4135 2752 4204 signaculum
2779 4131 3241 4188 circttml‘erimus.
3260 4127 3364 4194 Qui
3387 4143 3494 4181 non
3519 4126 3686 4196 igitur

2088 4229 2276 4285 divino
2303 4229 2397 4282 illo
2426 4237 2704 4298 unguento
2744 4234 2945 4279 unctus
2971 4232 3072 4288 est,
3118 4223 3206 4276 ille
3237 4236 3347 4275 non
3385 4229 3468 4273 est
3500 4221 3687 4287 signa--

2090 4331 2200 4376 tus.
2236 4319 2341 4375 Sed
2381 4319 2654 4388 quodnam
2715 4317 3012 4370 maximum
3071 4315 3275 4368 donum
3336 4311 3514 4366 oratio
3574 4311 3688 4365 haec

2090 4423 2312 4484 praesunt
2345 4412 2518 4468 ?l.leo
2554 4412 2718 4482 igitur
2746 4423 2865 4464 eam
2897 4416 3068 4462 totam
3120 4406 3370 4476 exposui,
3405 4413 3467 4458 ut
3523 4419 3688 4458 nove-

2027 4518 2068 4570 ι)
2099 4507 2268 4561 rimus
2289 4519 2427 4574 quas
2458 4503 2664 4573 gratias
2693 4518 2788 4571 per
2832 4501 3011 4554 oleum
3045 4499 3404 4568 accipiamus.
3440 4515 3458 4548 ι
3493 4495 3555 4549 Ει
3588 4498 3690 4548 ba-

2098 4597 2314 4660 bentes,
2347 4596 2545 4665 inquit,
2567 4593 2845 4650 Christum
2874 4601 3026 4646 tuum
3060 4591 3111 4644 in
3159 4589 3423 4646 cordibus
3458 4590 3687 4650 nostris.

2099 4693 2151 4744 in
2185 4689 2370 4744 sedem
2404 4700 2552 4741 tuam
2579 4685 2669 4740 Dei
2694 4693 2749 4740 et
2769 4683 2946 4738 Patris
2977 4682 3030 4736 in
3061 4691 3254 4736 saneto
3279 4680 3690 4750 SpiritnaEcce

2099 4798 2194 4850 per
2225 4779 2358 4835 illud
2386 4778 2642 4834 Christus
2707 4777 2915 4831 habitat
2937 4776 2989 4827 in
3039 4774 3300 4828 cordibus
3361 4773 3589 4838 nostris,
3632 4779 3689 4826 et

2098 4870 2374 4925 domicilia
2405 4883 2460 4924 et
2488 4870 2687 4936 templa
2732 4867 2824 4921 Dei
2861 4879 3252 4919 consccramur
3300 4872 3354 4917 et
3405 4862 3583 4915 Patris
3629 4875 3690 4916 et.

2101 4965 2222 5019 Filii
2247 4964 2366 5032 ejus
2390 4963 2519 5018 Jesu
2547 4959 2750 5015 CIII‘lSli
2777 4971 2831 5011 et
2853 4956 3029 5011 sancti
3049 4955 3313 5025 Spiritus.
3350 4956 3485 5009 lllttd
3524 4955 3690 5024 igitur

2102 5063 2437 5122 unguentum
2480 5050 2698 5120 perlicit
2748 5048 3018 5117 baptisma
3059 5057 3112 5100 et
3145 5044 3430 5100 Trinitatis
3488 5046 3689 5115 templa

2103 5163 2203 5200 nos
2249 5144 2437 5200 cilicii.
2477 5141 2602 5196 Ideo
2627 5153 2681 5195 et
2710 5151 2832 5209 post
2867 5139 3142 5208 baptisma
3174 5138 3354 5211 datur.
3389 5139 3456 5192 Et
3489 5140 3688 5193 adiren-

2105 5255 2214 5292 tutu
2245 5238 2487 5307 Spiritus
2515 5240 2689 5290 sancti
2716 5239 2768 5287 in
2792 5234 2952 5289 nobis
2985 5242 3230 5304 pratstat,
3259 5250 3419 5304 quem
3449 5239 3690 5290 ostendit

2103 5335 2354 5390 SaIVator
2382 5334 2432 5385 in
2467 5328 2704 5384 .Iordane
2747 5329 3072 5398 baptizatus.
3133 5329 3196 5382 Et
3245 5345 3339 5400 per
3395 5331 3528 5384 illud
3583 5346 3687 5382 un-

2103 5438 2362 5498 guentum
2417 5425 2838 5493 spirituales,et
2900 5425 3071 5492 gratia
3127 5425 3319 5478 armati
3365 5440 3578 5489 sumus,
3635 5434 3689 5478 et

2104 5524 2284 5577 divina
2317 5517 2585 5573 Triuitate
2625 5518 2826 5586 signati
2882 5519 3297 5572 sanctiiicamur
3347 5518 3566 5586 quidem
3611 5515 3688 5571 ‘el

2107 5614 2438 5668 inundamur
2467 5621 2520 5664 et
2565 5626 2954 5679 regeneramur
2985 5611 3038 5664 in
3092 5619 3278 5682 sancta
3315 5625 3476 5678 aqua,
3508 5609 3689 5673 Triui-

2107 5705 2232 5759 tatis
2251 5702 2616 5757 invocatione.
2636 5702 2738 5755 Per
2770 5703 2871 5756 hoc
2897 5712 3075 5755 autem
3101 5711 3432 5772 unguentum
3459 5701 3601 5755 dona
3627 5705 3691 5755 il-

2110 5799 2214 5852 lius
2228 5793 2523 5863 accipiunt.
2550 5794 2611 5849 Et
2633 5794 3096 5864 quemadmodum
3112 5795 3204 5864 qui
3229 5808 3334 5849 non
3357 5793 3686 5862 baptizatur,
