4038 6466
233 392 319 453 949

1420 399 1520 459 DE
1553 398 1846 459 SANCTO
1892 400 2047 462 UNG
2062 402 2338 465 UENTO.

3398 410 3508 473 2.50

232 522 367 575 τερον
416 505 718 576 χριόμενοι,
768 506 847 571 εἰς
892 511 1144 578 χριστοῦς
1193 510 1399 582 Κυρίου
1447 512 1802 578 τελειοῦνται,

1927 518 2196 587 principes
2245 520 2644 578 ostcmiuntur.
2684 522 2981 579 Pontiﬁces
3023 536 3203 581 autem
3236 537 3288 580 ct
3320 541 3508 582 sacer-

231 599 443 652 καὶτῶν
477 600 719 653 εὐσεϐῶν
750 602 1010 671 ἄρχοντες
1045 604 1483 659 ἁναδείκνυνται.
1516 607 1578 658 Oi
1611 606 1805 675 ἀρχιεο

234 694 330 762 psi;
358 691 412 746 at
444 694 534 745 καὶ
570 694 735 763 ἱερεῖς
768 695 917 764 μόνοι
949 700 1012 767 τῇ
1048 697 1359 769 χειροτονίᾳ
1379 698 1663 751 τελοῦνται
1689 738 1703 761 ,
1738 698 1805 768 ἢν

231 784 286 851 δὴ
318 782 433 836 οὔτε
467 783 724 852 βασιλεὺς
745 826 761 850 ,
793 785 915 841 οὔτε
955 790 1188 859 μοναχὺς
1219 789 1552 859 ἐπιδέχεται.
1593 790 1719 860 Ἰδίᾳ
1748 790 1805 843 δὲ

169 928 173 931 .
232 876 352 946 αὕτη
378 879 408 947 ἡ
438 880 597 946 χάρις
623 879 761 944 ἐστὶ,
790 881 883 933 καὶ
908 881 1007 948 τῆς
1036 883 1384 952 παντουργοῦ
1413 887 1504 936 καὶ
1531 883 1810 936 ἀναπλατ-

233 972 421 1038 τούσης
456 973 549 1023 καί
588 971 928 1041 ἀγιαζούσης
959 972 1028 1026 τὰ
1065 976 1244 1028 πάντα
1276 976 1582 1042 δυνάμεως.
1615 977 1808 1043 ’Ὅμως

234 1063 277 1113 εἰ
315 1061 619 1128 ἐξετάσεις,
660 1065 756 1115 καὶ
791 1062 887 1123 τὰς
928 1065 1267 1135 χειροτονίας
1308 1068 1364 1119 ἐν
1399 1066 1478 1137 τῷ
1524 1066 1685 1137 μύρῳ
1720 1086 1809 1119 τε-

235 1152 539 1221 λειουμένας
569 1154 850 1222 εὑρήσεις.

294 1247 603 1313 Κληρικός.
643 1247 954 1314 Ἔγνωμεν,
986 1246 1246 1313 δέσποτα,
1282 1248 1411 1317 περὶ
1440 1247 1550 1301 τῶν
1581 1248 1810 1318 εἰρημέ-

235 1357 328 1393 νων
355 1340 622 1410 ἀκριϐῶς,
654 1341 753 1395 καὶ
784 1341 1127 1409 εὐφροσύνης
1156 1340 1511 1411 ἑπλήσθημεν
1537 1357 1551 1371 ο
1588 1342 1683 1394 καὶ
1715 1343 1812 1411 χά-

238 1450 311 1500 ρις
332 1432 407 1503 τῷ
436 1433 755 1503 ἐνεργοῦντι
784 1434 959 1486 ταῦτα
990 1434 1058 1486 δι’
1083 1434 1228 1503 ἡμᾶς
1261 1433 1401 1503 Θεῷ.
1434 1434 1723 1503 Τρὰνωσον
1754 1434 1808 1486 δὲ

237 1528 354 1597 ἡμῖν
382 1528 473 1581 καὶ
503 1528 633 1598 περὶ
660 1528 769 1580 τῶν
799 1527 926 1596 ἑξῆς
950 1542 965 1557 ο
998 1527 1093 1581 καὶ
1121 1528 1283 1581 τοῦτο
1315 1527 1518 1598 μᾶλλον
1548 1527 1576 1581 ὃ
1612 1527 1706 1581 νῦν
1735 1527 1813 1579 εί-

240 1636 398 1689 ρηκας
424 1621 685 1692 δήλωσον,
718 1627 833 1685 πῶς
865 1626 960 1678 καὶ
993 1625 1048 1677 at
1079 1625 1414 1701 χειροτονίαι
1444 1625 1500 1676 ἐν
1531 1623 1610 1694 τῷ
1651 1620 1811 1694 μύρῳ

235 1712 484 1780 γίνονται.

800 1807 1055 1861 ΚΕΦᾹΛ.
1098 1807 1221 1861 οΕ¹.

237 1916 357 1971 Ὀτι
390 1916 466 1972 δι’
488 1918 784 1985 ἀλλήλων
816 1918 1086 1974 δίδονται
1119 1922 1193 1974 τὰ
1220 1918 1561 1988 μυστήρια,
1594 1919 1694 1975 καί
1734 1919 1809 1973 δι’

643 1990 941 2057 ἀλλήλων
981 1990 1375 2046 τελειοῦν-ται.

308 2080 651 2150 Ἀρχιερεύς.
680 2082 799 2136 Ἵνα
834 2085 867 2153 ἠ
902 2082 1125 2153 διαδοχὴ
1160 2086 1247 2138 ἀεὶ
1281 2086 1419 2157 μένῃ
1453 2085 1553 2154 τῆς
1588 2084 1809 2156 χάριτος

234 2173 334 2224 ἀπὸ
363 2173 457 2227 τοῦ
492 2174 729 2243 Χριστοῦ
766 2176 845 2237 είς
881 2177 1055 2246 ἡμᾶς,
1089 2175 1212 2230 οὔτε
1248 2178 1309 2231 τὸ
1345 2179 1518 2248 μύρον
1549 2179 1675 2247 δίχα
1710 2175 1810 2244 μύ-

234 2281 322 2332 ίου
349 2265 584 2320 τελεῖται
606 2308 620 2327 ,
655 2266 781 2321 οὔτε
810 2270 1117 2339 χειροτονία
1151 2273 1321 2341 χωρὶς
1354 2271 1447 2325 τοῦ
1484 2271 1678 2341 μύρου.
1715 2270 1809 2323 Διὸ

234 2359 317 2410 καὶ
347 2360 378 2425 ή
414 2358 682 2427 ἱερωσύνη
712 2361 770 2412 ὲν
801 2360 879 2430 τῷ
915 2362 1075 2432 μύρῳ
1102 2363 1340 2430 γίνεται.
1369 2363 1478 2432 92
1513 2364 1621 2415 Καὶ
1650 2361 1811 2416 τοῦιὼ

231 2448 406 2519 γνώσῃ
438 2450 686 2506 ἐντεῦθεν
711 2470 726 2483 ο
758 2455 815 2507 ὲν
842 2454 920 2523 τῷ
954 2454 1331 2526 θυσιαστηρίῳ
1363 2456 1684 2526 προτίθεται
1716 2458 1811 2509 καὶ

230 2559 258 2592 τ
289 2541 456 2594 λείται
485 2543 545 2595 τὸ
582 2543 773 2613 μύρον.
808 2546 995 2615 Χωρὶς
1029 2546 1085 2598 δὲ
1121 2546 1515 2617 θυσιαστηρίου
1551 2549 1610 2600 οὐ
1645 2547 1809 2601 δυνα-

229 2634 314 2682 τὸν
344 2633 683 2703 τελεσθῆναι.
718 2636 791 2688 Τὸ
822 2637 1214 2705 θυσιαστήριον
1245 2638 1301 2691 δὲ
1332 2639 1812 2709 προκεχρισμένον

230 2726 343 2777 ὲετὶ
380 2727 455 2796 τῷ
503 2727 682 2798 μύρῳ,
730 2730 824 2782 καὶ
867 2729 934 2782 δι’
962 2712 1128 2783 αύτόὖ
1173 2731 1564 2800 καθηγίασται.
1605 2732 1693 2784 Ἐν
1736 2730 1813 2801 τῷ

234 2816 386 2887 μύρῳ
422 2818 530 2887 ἄρα
564 2820 626 2872 τὸ
664 2821 835 2892 μύρον
871 2820 1203 2877 ἐκτελεῖται.
1241 2823 1352 2877 Καὶ⁸
1386 2823 1552 2876 πάλιν
1586 2823 1674 2876 διὰ
1710 2823 1806 2877 τοῦ

231 2910 531 2981 ἀρχιερέως
558 2914 618 2966 τὸ
651 2914 821 2986 μύρον
855 2917 1227 2987 ἱερουργεῖται
1251 2933 1265 2946 ·
1304 2919 1395 2971 καὶ
1428 2920 1599 2987 χωρὶς
1630 2920 1812 2989 ἀρχιε-

232 3005 371 3073 ρέως
400 3006 460 3057 οὐ
492 3007 741 3063 δυνατόν.
778 3001 944 3074 Οὗτος
974 3011 1031 3063 δὲ
1060 3013 1427 3081 κεχρισμένος
1454 3012 1533 3083 τῷ
1566 3013 1723 3084 μύρῳ
1754 3014 1812 3066 ὲν

229 3096 307 3166 τῷ
337 3098 711 3168 βαπτίσματι,
740 3103 836 3156 καὶ
866 3105 1205 3173 χειροτονίαν
1234 3104 1375 3174 ἔχων
1401 3108 1466 3176 τῇ
1502 3106 1689 3176 χάριτι
1718 3104 1813 3158 τοῦ

1837 1862 1886 1923 Β

1911 608 2067 663 dotes
2108 610 2211 665 soli
2266 611 2614 668 ordinatione
2640 627 3067 683 consecrantur;
3111 632 3272 686 quam
3327 634 3509 687 neque

1913 717 2005 756 rex
2042 719 2223 771 neque
2255 707 2560 760 monachus
2598 706 2905 775 accipiunt.
2939 709 3015 763 Ea
3053 719 3234 765 autem
3267 721 3347 767 est
3393 714 3507 765 sin-

1911 790 2120 858 guiaris
2168 793 2342 861 gratia
2374 805 2424 847 et
2464 794 2625 864 hujus
2670 796 2891 850 virtutis
2942 800 3337 868 omnipotentis
3386 818 3507 869 quae

1910 881 2093 934 Omnia
2130 881 2332 935 format
2360 893 2412 937 et
2462 885 2792 941 sanctiﬁcat.
2835 891 3104 952 Attamen,
3142 892 3188 944 si
3234 892 3506 961 inquiras,

1909 983 1964 1028 et
1992 974 2370 1032 ordinationes
2398 977 2452 1032 in
2490 980 2611 1033 oleo
2650 992 3005 1037 consecratas
3039 984 3308 1040 invenies.

1984 1256 2246 1311 Clericus.
2277 1254 2843 1333 Nnvimus,_domine,
2874 1257 2942 1313 de
2971 1258 3245 1326 praedictis
3275 1272 3472 1314 accura
3494 1290 3508 1299 -

1913 1358 1965 1405 te
1991 1358 2045 1404 et
2075 1348 2259 1404 ltetitia
2289 1347 2490 1417 impleti
2514 1366 2727 1404 sumus.
2751 1350 2812 1405 Et
2857 1350 3062 1418 gratias
3109 1350 3237 1415 Deo,
3266 1354 3356 1420 qui
3383 1366 3493 1419 pro

1914 1453 2034 1513 pter
2077 1460 2179 1499 nos
2251 1446 2365 1499 haec
2431 1452 2708 1511 operatur.
2747 1442 2966 1512 Explica
3014 1454 3194 1497 autem
3258 1445 3415 1500 nobis
3454 1455 3510 1498 et

1912 1550 1976 1589 ea
2039 1549 2161 1603 quae
2194 1542 2519 1605 sequuntur,
2561 1542 2617 1587 et
2646 1530 2775 1586 illu-l
2827 1533 3064 1600 primum
3115 1533 3260 1603 quod
3290 1533 3504 1601 dixisti,

1910 1625 2285 1683 ordinationes
2310 1622 2364 1678 in
2403 1631 2681 1693 unguento
2718 1620 2854 1675 ﬁeri.

2470 1802 2704 1859 CAPUT
2746 1799 2960 1857 LXXV.

1921 1926 2080 1994 Quod
2126 1925 2348 1981 invicem
2375 1923 2578 1978 dantur
2606 1932 2943 1978 sacramenta
2978 1929 3027 1974 et
3064 1928 3247 1973 mutuo
3291 1916 3513 1971 invicem

2530 1996 2902 2065 perﬁciuntur.

1990 2089 2267 2159 Pontifex.
2306 2088 2376 2145 Ut
2429 2089 2617 2158 gratiae
2648 2087 2926 2142 successio
2982 2099 3253 2153 sempera
3293 2080 3516 2135 Christo

1919 2183 1985 2238 ad
2010 2197 2110 2238 nos
2140 2190 2475 2252 permaneat,
2506 2194 2679 2245 neque
2706 2184 3044 2247 unguentum
3074 2177 3195 2231 sine
3228 2180 3513 2243 unguento

1918 2283 2296 2338 consecratur,
2327 2288 2504 2342 neque
2526 2271 2801 2325 ordinatio
2821 2269 3028 2337 absque
3057 2274 3357 2338 unguento.
3389 2263 3516 2319 Ideo

1919 2376 1973 2422 et
2013 2366 2291 2421 ordinatio
2323 2366 2378 2419 in
2418 2372 2695 2433 unguento
2730 2362 2807 2416 lit.
2846 2360 2911 2414 Et
2943 2361 3073 2416 illud
3109 2346 3236 2413 inde
3268 2372 3467 2413 nosces
3497 2373 3513 2409 :

1919 2462 1974 2516 in
2000 2460 2160 2515 altari
2196 2459 2487 2527 deponitur
2515 2458 2696 2511 oleum
2732 2463 2785 2509 et
2816 2463 3195 2514 consecratur,
3224 2459 3281 2505 et
3310 2450 3518 2518 absque

1920 2549 2077 2605 altari
2134 2564 2238 2604 non
2262 2556 2438 2618 potest
2461 2546 2798 2600 consecrari.
2830 2542 3015 2597 Altare
3045 2556 3174 2595 vero
3203 2549 3361 2594 antea
3389 2539 3516 2593 oleo

1920 2648 2298 2696 consecratum
2330 2649 2414 2695 est
2444 2648 2498 2693 et
2531 2654 2627 2708 per
2669 2637 2799 2689 illud
2837 2633 3269 2688 sanctificatum.
3307 2627 3360 2682 ln
3393 2628 3517 2682 oleo

1922 2736 2089 2806 igitur
2121 2736 2303 2790 oleum
2345 2732 2743 2788 sanctiﬁcatum
2792 2726 2858 2780 Et
2907 2739 3128 2779 rursum
3165 2739 3259 2792 per
3296 2719 3519 2791 pontiti-

1921 2842 2038 2882 cem
2073 2835 2412 2895 unguentum
2444 2831 2831 2885 consecratur,
2880 2827 2933 2873 et
2965 2817 3083 2871 sine
3113 2812 3369 2884 pontiﬁce
3402 2804 3515 2865 non

1923 2927 2120 2990 patest.
2151 2919 2243 2974 [lle
2276 2933 2407 2973 vero
2433 2916 2554 2969 oleo
2587 2924 2943 2969 consecratus
2966 2919 3049 2962 est
3080 2909 3134 2961 in
3163 2906 3512 2976 baptismate.

1923 3025 1974 3070 et
2017 3014 2421 3069 ordinationem
2456 3010 2666 3064 habens
2688 3006 2933 3076 Spiritus
2962 3002 3140 3059 sancti
3176 3000 3369 3070 gratia.
3397 2996 3515 3053 Alia

1926 3110 2089 3178 igitur
2122 3107 2245 3160 aliis
2286 3105 2493 3159 dantur
2542 3103 2915 3165 charismata;
2955 3098 3217 3166 quoniam
3270 3092 3515 3161 ejusdem

232 3191 567 3260 Πνεύματος.
611 3194 701 3258 Ἐξ
744 3195 993 3265 ἀλλήλων
1028 3196 1139 3266 ἄρα
1168 3196 1239 3249 τὰ
1279 3197 1601 3267 χαρίσματα
1641 3197 1812 3250 δίδον-

1927 3215 1986 3253 ac
2023 3200 2197 3255 salius
2229 3200 2283 3252 in
2320 3197 2601 3252 .Trinitate
2634 3194 2725 3250 Dei
2756 3194 2899 3248 dona
2949 3195 3296 3245 consecrant.
3328 3184 3393 3239 Et
3428 3197 3518 3237 or-

228 3302 316 3339 ται
340 3302 354 3317 ⁸
388 3288 574 3358 ἐπειδὴ
603 3288 692 3341 τοῦ
726 3288 895 3344 αὑτοῦ
925 3291 1019 3343 καὶ
1051 3291 1215 3360 μόνου
1248 3293 1305 3343 ἐν
1335 3291 1529 3362 Τριάδι
1559 3291 1695 3343 Θεοῦ
1726 3307 1815 3343 τε·

226 3376 379 3430 λοῦσι
414 3378 736 3450 δωρήματα.
775 3382 883 3434 Καὶ
918 3382 974 3435 αἱ
1007 3385 1337 3453 χειροτονίαι
1370 3385 1426 3437 δὲ
1459 3386 1517 3436 ἐν
1549 3384 1629 3455 τῷ
1661 3384 1820 3454 μύρῳ

227 3470 495 3537 γίνονται,
526 3474 598 3535 ὡς
631 3472 841 3543 ἔφημεν
867 3491 882 3505 ο
913 3470 1073 3528 αὗται
1106 3478 1214 3545 γὰρ
1248 3477 1304 3528 ὲν
1334 3477 1409 3545 τῷ
1442 3478 1818 3548 θυσιαστηρίῳ

226 3563 532 3619 ςελοῦνται.
571 3565 643 3617 Τὸ
685 3565 1075 3638 θυσιαστήριον
1110 3567 1167 3620 δὲ
1202 3567 1278 3637 τῷ
1324 3569 1481 3637 μύρῳ
1524 3570 1820 3638 κεχρισμέ-

227 3672 321 3707 νον
352 3654 469 3706 ὲστὶ
491 3697 508 3721 ,
545 3656 641 3710 καὶ
672 3658 843 3726 χωρὶς
878 3643 1271 3730 θυσιαστηρίου
1312 3661 1488 3723 οὐδεὶς
1521 3662 1626 3713 τῶν
1661 3661 1819 3731 ὀρθο-

225 3745 396 3812 δόξων
426 3751 841 3817 χειροτονεῖται.
881 3749 971 3802 Ἐν
1002 3750 1078 3820 τῷ
1115 3751 1275 3820 μύρῳ
1306 3752 1411 3821 ἄρα
1446 3753 1543 3803 καὶ
1574 3753 1607 3821 ἡ
1638 3769 1819 3821 χειρο-

227 3841 382 3892 τονία
413 3840 523 3900 τῶν
556 3839 750 3909 ἱερέων
770 3880 784 3904 ,
818 3842 927 3912 ἰδίᾳ
959 3844 1053 3894 καὶ
1084 3843 1184 3911 τὴν
1214 3842 1561 3912 χειροθεσίαν
1593 3844 1689 3896 καὶ
1717 3846 1819 3913 τὴν

222 3932 519 4001 ἐπίκλησιν
556 3932 648 3986 τοῦ
694 3933 1010 4003 Πνεύματος
1051 3935 1273 4005 ἔχουσα.
1318 3934 1731 4005 Καινοτομοῦσι.
1760 3934 1819 3987 δὲ

222 4026 323 4078 καὶ
356 4000 521 4095 οἰγτῷ
557 4025 716 4095 μύρῳ
751 4028 808 4079 ὲν
839 4000 960 4090 ταῖς
995 4000 1358 4097 χειροτονίαις
1392 4000 1817 4098 νομικιῦςαριὸ-

223 4133 386 4186 μενοι
417 4118 657 4182 Λατῖνοι,
690 4119 781 4171 καὶ
812 4120 982 4188 χωρὶς
1011 4119 1106 4173 τοῦ
1140 4120 1537 4191 θυσιαστηρίου
1572 4123 1817 4192 χειροθε-

217 4209 486 4278 τούμενοι
512 4253 526 4273 ,
559 4210 655 4263 καὶ
688 4210 1017 4283 ἁχαρίτωτοι
1048 4207 1217 4276 οἶιτοι.
1255 4211 1393 4281 Παρ’
1420 4212 1729 4264 ἐπισκόπου
1761 4212 1818 4265 δὲ

220 4304 396 4371 ιόνον
433 4304 492 4356 τὸ
534 4304 707 4373 μύρον
740 4304 979 4357 τελεῖται
1001 4343 1016 4368 ,
1052 4304 1128 4367 ὡς
1168 4304 1263 4357 καὶ
1304 4307 1360 4356 ὲν
1397 4307 1463 4374 τῇ
1498 4304 1689 4374 τελετῇ
1724 4305 1819 4357 τοῦ

218 4397 407 4465 μύρου
436 4394 595 4449 τοῦτο
624 4397 1055 4467 ἐπιγέγραπται,
1092 4417 1110 4448 ι
1140 4396 1262 4450 Ὅτι
1296 4398 1623 4464 qun-armo;
1650 4400 1677 4449 ὁ
1703 4396 1820 4450 επί-

213 4505 458 4551 σκοπος,
493 4490 589 4541 καὶ
620 4489 833 4542 τελείαν
861 4490 1002 4558 ἔχων
1030 4487 1135 4559 τὴν
1159 4490 1320 4559 χάριν
1350 4490 1445 4543 τοῦ
1479 4490 1817 4559 Πειεύματος,

1880 3276 2236 3355 ίύὶηοιίοηεε
2291 3292 2344 3345 in
2396 3299 2678 3358 unguento
2730 3287 2908 3349 ﬁunt,
2955 3291 3014 3337 ut
3055 3279 3341 3336 dicimus:
3385 3276 3518 3345 ipsae

1924 3389 2069 3444 enim
2117 3386 2169 3439 in
2224 3386 2383 3440 altari
2418 3391 2839 3439 consecrantur.
2866 3378 3051 3433 Altare
3080 3390 3210 3431 vero
3233 3381 3519 3442 unguento

1924 3492 2150 3537 unctum
2188 3490 2310 3548 est;
2348 3491 2396 3532 et
2430 3479 2636 3545 absque
2670 3473 2868 3539 altari,
2905 3486 3065 3525 nemo
3089 3467 3519 3524 orthodoxorum

1923 3572 2229 3626 ordinatur.
2267 3569 2323 3622 in
2368 3576 2646 3636 unguento
2675 3564 2842 3634 igitur
2875 3570 2930 3615 et
2968 3558 3316 3615 sacerdotum
3371 3552 3521 3609 ordi-

1924 3664 2096 3728 natio,
2118 3660 2204 3716 cui
2233 3658 2466 3728 propria!
2491 3664 2616 3709 sunt
2642 3663 2698 3707 et
2724 3665 2981 3706 manuum
3015 3645 3295 3714 impositio
3320 3651 3374 3698 et
3393 3640 3521 3711 Spi-

1925 3757 2065 3811 ritus
2101 3752 2391 3809 invocatio.
2415 3747 2686 3803 Innovaut
2716 3752 2895 3798 autem
2935 3739 3110 3793 Latini
3142 3737 3195 3790 in
3218 3734 3524 3789 ordinatio-

1922 3849 2106 3912 nibus,
2133 3856 2194 3903 ut
2223 3848 2276 3900 in
2311 3844 2425 3914 lege
2454 3840 2636 3914 ﬁebat,
2666 3837 2788 3893 oleo
2818 3834 2991 3897 uncti,
3026 3842 3091 3885 et»
3131 3824 3522 3900 absquealtari

1920 3941 2180 4003 ordinati,
2208 3949 2372 4006 atque
2394 3935 2475 3991 sic
2499 3933 2707 4000 absque
2734 3927 2928 4000 gratia.
2956 3924 3038 3979 Ab
3060 3923 3314 3992 episcopo
3340 3928 3520 3973 autem

1923 4038 2042 4094 solo
2075 4039 2414 4104 unguentum
2443 4032 2824 4085 consecratur,
2854 4027 2985 4074 utet
3011 4018 3065 4071 in
3096 4011 3353 4084 unguenti
3389 4027 3525 4065 con—

1924 4123 2246 4186 secrationis
2293 4121 2402 4176 ritu
2449 4114 2772 4184 inscriptum
2806 4120 2892 4165 est
2925 4127 2940 4163 :
2977 4127 2995 4159 ι
3036 4105 3173 4173 Quia
3235 4105 3527 4174 episcopus

1923 4221 2100 4287 magis
2162 4212 2499 4269 illuminalus
2530 4215 2699 4263 estet
2733 4201 3026 4273 perfectam
3072 4195 3236 4250 habet
3286 4191 3525 4259 Spiritus

1924 4312 2181 4386 gratiam,
2206 4307 2436 4375 ideoque
2469 4297 2716 4372 possidet
2743 4306 2797 4350 et
2813 4293 3041 4365 gratiam
3074 4290 3254 4343 lumen
3278 4286 3523 4341 divinum

1927 4376 2271 4464 iradendih
2327 4398 2379 4452 id
2438 4403 2523 4450 est
2580 4390 2976 4447 charismatum
3038 4381 3267 4444 donum,
3308 4376 3525 4431 Patrem

1923 4490 2191 4545 lmninum
2223 4486 2390 4541 Deum
2424 4482 2665 4538 imitans.

212 4587 319 4637 καὶ
348 4583 438 4639 διὰ
461 4583 617 4635 τοῦτο
642 4582 736 4635 καὶ
758 4583 855 4653 τὴν
883 4584 1242 4652 μεταδοτικὴν
1268 4583 1492 4639 πλουτεί
1516 4584 1628 4636 τῶν
1655 4583 1818 4638 θείων
1842 4582 2039 4653 φώτων
2074 4583 2237 4653 χάριν
2264 4595 2277 4608 ·
2319 4597 2339 4631 ι
2382 4575 2635 4631 τουτέστι
2669 4572 2780 4626 τῶν
2841 4568 3201 4641 χαρισμάτων
3261 4565 3363 4637 τὴν
3423 4560 3525 4616 διο·

214 4681 402 4749 ρεὰν,
437 4682 530 4732 τὶν
572 4680 791 4749 Πατέρα
831 4680 942 4731 τῶν
982 4680 1179 4749 φώτων
1217 4678 1352 4733 Θεὸν
1394 4679 1829 4749 ἐκμιμούμενος.

815 4795 1068 4850 ΚΕΦΑΛ.
1106 4797 1244 4861 θεῖν.

254 4893 393 4945 Ὀτι
428 4890 579 4945 ἑπτὰ
609 4889 854 4956 τελετὰς
886 4890 1011 4959 ἔχει
1041 4888 1110 4943 ἐν
1140 4888 1333 4953 ἑαυτῷ
1365 4891 1398 4943 d
1428 4889 1784 4955 ἐπίσκοπος.

289 5052 394 5102 Διὸ
424 5050 520 5102 καὶ
548 5047 772 5109 τελετὰς
802 5048 942 5100 ἑπτὰ
971 5046 1263 5116 περιφέρει
1293 5044 1436 5099 κατά
1464 5043 1557 5098 τὸν
1586 5044 1827 5115 ἀριθμὸν

214 5144 338 5197 τῶν
381 5143 543 5195 θείων
578 5140 873 5211 ἐνεργειῶν
908 5139 1002 5193 τοῦ
1042 5137 1384 5205 [Ινεύματος.
1418 5135 1592 5191 Αὖται
1624 5136 1684 5188 δέ
1720 5137 1830 5190 εἰσι

216 5236 552 5304 βάπτισμα,
589 5233 766 5304 μύρου
807 5232 1013 5303 χρίσις,
1046 5230 1394 5298 ἀναγνώστου
1428 5229 1687 5301 σφραγὶς,
1720 5246 1833 5299 χει-

216 5327 463 5399 ροθεσία
492 5326 847 5379 ὑποδιακόνου
872 5364 888 5391 ,
921 5323 1225 5393 χειροτονία
1263 5322 1516 5376 διακόνου
1538 5365 1552 5389 ,
1586 5321 1828 5392 πρεσϐυ-

209 5420 278 5471 τέ
292 5436 424 5486 ρον,
456 5418 550 5469 καὶ
580 5403 903 5470 ἐπισκόπου.
936 5415 1025 5468 Ἐν
1054 5414 1267 5477 τούτοις
1295 5410 1389 5467 οὖν
1414 5414 1826 5483 τετελεσμένος,

213 5512 330 5580 ’.ὴν
384 5508 740 5578 μεταδοτικὴν
784 5507 946 5578 μόνος
989 5508 1257 5576 κέκτηται
1302 5508 1486 5577 χάριν,
1526 5507 1619 5559 Διὸ
1664 5507 1827 5575 μόνος

219 5605 331 5656 ταὶ
362 5602 461 5665 τὰς
489 5602 824 5672 χειροτονίας
855 5602 950 5656 καὶ
977 5601 1037 5655 τὸ
1075 5602 1247 5669 μύρον
1278 5603 1510 5670 ἐνεργεῖ.
1542 5599 1620 5653 Δι’
1644 5598 1826 5653 αὐτῶν

212 5692 277 5743 δὲ
309 5694 431 5744 τῶν
460 5692 552 5744 δύο
583 5691 775 5757 φθάνει
807 5707 865 5742 τε
895 5691 1196 5760 πανταχοῦ,
1225 5692 1321 5743 καὶ
1351 5694 1417 5742 τὰ
1450 5691 1633 5743 πάντα
1662 5691 1827 5753 αὐτὸς

214 5784 247 5836 ὲ
268 5786 475 5850 ιεργεί,
498 5783 588 5836 τὸν
611 5782 742 5835 Θεὸν
767 5782 1202 5852 ἐκμιμούμενος,
1226 5782 1320 5835 καὶ
1344 5782 1442 5850 τὴν
1468 5780 1636 5833 αὑτοῦ
1664 5781 1825 5833 πλου·

219 5882 346 5929 ταν
389 5875 567 5947 χάριν.
606 5875 711 5929 Καὶ
753 5874 860 5945 γὰρ
893 5876 920 5927 ὁ
956 5874 1250 5947 ἀρχιερεύς
1296 5877 1443 5929 ἐστιν
1476 5875 1500 5926 ὁ
1534 5874 1598 5927 τὰ
1643 5875 1821 5929 πάντα

1856 4792 1905 4852 D

2472 4775 2703 4833 CAPUT
2754 4770 2994 4829 LXXVI.
3064 4766 3067 4769 ’

1932 4877 2087 4947 Quod
2118 4888 2313 4949 septem
2357 4880 2669 4949 potestates_
2699 4865 3136 4948 cterentoniarum
3168 4859 3526 4915 curandarum

2404 4948 2459 4999 in
2496 4959 2550 4997 se
2580 4941 2733 4993 habet
2763 4938 3061 5005 episcopus.

2004 5040 2135 5096 Ideo
2164 5050 2219 5095 et
2252 5047 2462 5109 septem
2497 5031 2948 5087 consecrationes
2994 5022 3318 5079 circumfert
3364 5021 3521 5091 juxta

1937 5146 2228 5188 numerum
2265 5129 2582 5184 divinorum
2622 5121 2864 5192 Spiritus
2895 5116 3073 5172 sancti
3096 5114 3394 5171 donorum.
3422 5110 3527 5165 Illae

1941 5235 2126 5279 autem
2182 5229 2332 5288 sunt,
2388 5216 2715 5286 baptismus,
2757 5208 3020 5281 unguenti
3066 5206 3277 5269 unctio,
3311 5204 3527 5260 lectoris

1934 5319 2248 5379 character,
2277 5308 2600 5367 subdiaconi
2632 5304 2926 5369 ordinatio,
2956 5301 3194 5366 diaconi,
3224 5296 3525 5370 presbyteri

1935 5419 1992 5465 et
2030 5408 2299 5479 episcopi.
2330 5405 2389 5460 In
2420 5404 2486 5457 iis
2512 5401 2680 5470 igitur
2706 5405 3088 5460 consecratus,
3119 5391 3526 5450 transmitteudi

1935 5476 2085 5560 solus
2112 5500 2343 5572 gratiam
2384 5495 2649 5567 possidet.
2699 5493 2936 5561 Ideoque
2970 5491 3123 5544 solus
3148 5476 3526 5543 ordinationes

1933 5605 1990 5651 et
2019 5595 2204 5650 oleum
2231 5598 2515 5661 operatur.
2565 5587 2669 5642 Per
2700 5586 2818 5641 haec
2865 5594 3048 5641 autem
3084 5583 3196 5638 duo
3225 5581 3529 5652 quemlibet

1932 5689 1987 5743 in
2014 5689 2193 5742 locum
2228 5699 2291 5740 se
2317 5682 2581 5738 transfert
2608 5690 2663 5734 et
2690 5680 2875 5734 omnia
2908 5679 3027 5749 ipse
3048 5689 3328 5747 operatur,
3354 5675 3524 5729 Deum

1932 5778 2155 5832 imitans
2200 5784 2254 5830 et
2318 5773 2633 5828 divitiarum
2689 5772 2809 5843 ejus
2840 5770 3127 5839 possidens
3154 5770 3409 5835 gratiam.
3435 5766 3530 5822 Et-

1930 5870 2073 5934 enim
2130 5867 2366 5939 pontifex
2435 5873 2520 5936 est
2572 5865 2666 5936 qui
2726 5865 2905 5923 omnia
2976 5878 3070 5934 per
3114 5861 3427 5918 sacerdotes
3475 5873 3529 5921 et
