4038 6444
551 351 650 413 251

1376 357 1755 420 SYMEONIS
1788 315 2538 419 THESSA’LONICENSIS
2577 354 2907 416 ARCIIIEP

3683 357 3778 421 952

549 479 776 524 ca-teros
837 470 1065 526 clericos
1127 471 1270 542 (cum
1306 471 1455 540 ipsos
1505 472 1865 544 ordinaverit)
1907 473 1963 528 in
2007 477 2181 545 my-t

2255 471 2326 524 ἰιὰ
2355 470 2466 522 τῶν
2504 469 2698 539 ἱερέων
2729 469 2823 524 καὶ
2854 469 2964 523 τῶν
2991 468 3196 523 λοιπῶν
3225 469 3497 540 κληρικῶν
3529 471 3780 540 (χειροτο-

437 639 444 646 _
549 557 732 615 Stcriis
769 570 1045 629 operatur.
1084 561 1149 615 Et
1183 561 1472 632 Dionysius
1503 564 1634 618 illud
1673 563 1825 621 dicit.

619 735 880 792 Clericus.
919 739 982 792 Et
1005 743 1277 810 quomodo
1311 740 1361 793 id
1405 742 1480 803 lit,
1510 739 1706 795 Pater?

1085 833 1316 888 CAPUT
1342 833 1598 888 LXXVII.

554 921 708 994 Quod
732 925 898 977 solum
929 924 991 976 ab
1015 927 1252 989 episcopo
1270 943 1480 978 sacrum
1505 936 1826 994 unguentum
1854 941 2103 978 manuum
2121 954 2135 968 -

620 992 722 1056 ’que
761 995 1124 1062 imposiliones
1157 1011 1174 1047 :
1217 1006 1264 1046 ct
1301 1012 1390 1062 per
1433 1013 1551 1048 eum
1582 992 1642 1049 in
1681 995 1920 1048 omnibus
1965 997 2134 1051 sacris

624 1064 816 1117 ritibus
841 1067 1023 1133 gratia
1055 1066 1365 1131 episcopalis
1391 1075 1702 1133 pra'statur.

635 1155 906 1224 Pontifex.
951 1157 1109 1210 Audi.
1143 1155 1312 1211 Nemo
1384 1158 1648 1212 Sacerdos
1683 1173 1838 1212 sacra
1872 1158 2051 1213 facere
2082 1159 2135 1212 in

557 1248 752 1317 spiritu
799 1249 963 1312 valet,
1001 1258 1095 1303 aut
1124 1249 1270 1303 aliud
1303 1250 1582 1318 quoddam
1622 1253 1860 1320 operari,
1899 1253 2003 1307 nisi
2045 1267 2139 1308 or-

559 1340 890 1395 dinationem
926 1341 1140 1396 habeat.
1177 1342 1414 1396 Rursum
1458 1346 1712 1398 sacerdos
1742 1347 1999 1414 mysteria
2031 1361 2138 1399 non

557 1443 814 1501 speratur
835 1435 958 1488 sine
987 1435 1163 1488 altari.
1205 1435 1343 1489 Illud
1390 1446 1573 1491 autem
1599 1437 1718 1492 oleo
1741 1439 2138 1492 sanctiﬁcatur.

552 1522 752 1579 Oleum
794 1537 976 1580 autem
1031 1542 1126 1593 per
1169 1527 1489 1595 episcopum
1540 1530 1716 1583 solum
1763 1539 2137 1585 consecratur.

560 1616 735 1683 Igitur
771 1617 889 1670 sine
917 1617 1180 1686 episcopo
1231 1635 1406 1687 neque
1442 1621 1796 1687 sacriﬁcium,
1843 1636 2020 1690 neque
2056 1637 2144 1677 sa-

562 1707 758 1762 cerdos
790 1723 965 1778 neque
997 1710 1220 1764 cumino
1259 1711 1448 1766 altare.
1488 1713 1657 1783 Igitur
1687 1715 1800 1768 haec
1835 1714 2018 1768 omnia
2049 1729 2144 1783 per

2230 562 2407 631 νήσας
2461 560 2698 631 αὐτοὺς)
2752 561 2992 629 ἐνεργῶν
3043 564 3100 614 ἐν
3151 563 3263 624 τοῖς
3318 561 3643 630 μυστηρίοις.
3688 563 3782 616 Καὶ

2234 653 2509 717 Διονύσιος
2539 654 2698 707 τοῦτό
2730 670 2887 720 φησι.

2305 748 2634 815 Κλγιρικός.
2667 747 2780 800 Καὶ
2808 746 2928 809 πῶς
2957 747 3120 798 τοῦτο
3148 743 3383 811 γίνεται,
3417 742 3631 811 Πάτερ;

2826 839 3074 892 ΚΕΦΛΛ.
3117 836 3238 892 ΟΖ’.

2238 929 2373 984 Ὀτι
2409 931 2547 998 παρ’
2571 930 2913 983 ἐπισκόπου
2944 928 3135 998 μόνον
3163 929 3227 982 τὸ
3258 930 3452 995 μύρον
3478 927 3573 982 καὶ
3601 929 3658 980 ai
3687 943 3788 998 χει-

2304 996 2597 1068 ροτονγαι,
2626 1001 2722 1053 καί
2752 999 2828 1052 δι’
2846 997 3035 1053 αὑτοῦ
3060 998 3131 1068 ἐν
3153 999 3374 1065 πάσαις
3402 998 3528 1062 ταῖς
3552 996 3792 1063 τελεταῖς

2312 1067 2349 1136 ἢ
2383 1067 2754 1135 ἐπισκοπικὴ
2788 1069 3000 1138 φθάνει
3031 1067 3222 1138 χάρις.

2322 1163 2678 1231 Ἀρχιερεύς.
2717 1162 3011 1215 1Ἄκουσον.
3057 1161 3248 1224 Οὐδεὶς
3293 1159 3596 1231 ἱερουργεῖν
3634 1157 3793 1229 ἱερεὺς

2244 1256 2420 1324 ῑσχύει
2450 1257 2506 1307 ἐν
2537 1253 2835 1323 πνεύματι,
2866 1253 2898 1321 ἢ
2931 1253 3059 1307 ἄλλο
3085 1270 3138 1306 τι
3169 1253 3489 1324 διενεργεῖν,
3519 1252 3564 1304 εί
3595 1250 3663 1320 μὴ
3695 1265 3792 1318 χει-

2247 1347 2491 1417 ροτονίαν
2518 1345 2650 1418 ἔχῃ..
2669 1343 2818 1414 Αὕτη
2846 1344 2902 1397 δέ
2932 1342 3116 1422 ἐκὶτοῦ
3146 1343 3450 1414 ἀρχιερέως
3477 1341 3636 1395 ἐστίν.
3663 1341 3788 1410 "Aps

2245 1441 2275 1506 ἡ
2313 1437 2691 1508 ἀρχιερωσύνη
2726 1435 2794 1489 δι’
2819 1436 2985 1490 αὐτοῦ
3021 1437 3262 1507 ἐνεργεῖ.
3293 1430 3458 1498 Αὖθις
3487 1436 3514 1487 ὁ
3545 1433 3711 1502 ἱερεὺς
3739 1429 3792 1482 οὐ

2245 1531 2340 1589 τὰς
2371 1528 2764 1600 μυσταγωγίας
2788 1529 3003 1598 ἐνεργεῖ
3025 1529 3193 1598 χωρὶς
3217 1525 3623 1594 θυσιαστηρίου.
3645 1518 3799 1574 Τοῦτο

2243 1623 2298 1675 δὲ
2326 1623 2415 1676 διὰ
2440 1623 2535 1675 τοῦ
2567 1623 2742 1692 μύρου
2773 1622 3081 1686 ἁγιάζεται.
3109 1621 3183 1672 Τὸ
3215 1618 3386 1688 μύρον
3409 1618 3464 1670 δέ
3491 1617 3577 1669 διὰ
3601 1615 3688 1666 τοῦ
3713 1615 3798 1680 ἀρ-

2245 1715 2476 1784 χιερέως
2507 1714 2670 1782 μόνου
2700 1714 2960 1768 τελεῖται.
2991 1715 3136 1784 Ἀρα
3167 1712 3337 1782 χωρὶς
3369 1703 3665 1778 ἀρχιερέως
3690 1704 3798 1758 οὔτε

560 1798 883 1867 episropttm
912 1809 1056 1855 sunt.
1093 1800 1330 1855 Rursum
1367 1819 1527 1858 nemo
1561 1805 1819 1874 baptizat,
1852 1806 1956 1859 nisi
1989 1805 2135 1860 ordi-
2172 1796 2181 1854 l

2255 1806 2431 1868 θυσία,
2462 1806 2588 1860 οὔτε
2621 1808 2825 1876 ἱερεὺς,
2857 1806 2982 1859 οὔτε
3013 1807 3405 1875 θυσιαστήριον
3435 1803 3589 1862 ὅλως.
3620 1797 3798 1853 Λοιπδν

567 1891 844 1946 nationem
877 1891 1102 1956 habeat;
1133 1909 1194 1947 ea
1247 1904 1429 1948 autem
1460 1904 1542 1947 est
1581 1911 1678 1965 per
1704 1897 2045 1965 episcopum.
2081 1895 2146 1950 Et

564 1997 796 2035 rursum
821 1999 924 2036 non
958 1995 1134 2053 potest
1163 1987 1438 2055 hapt‘zare
1473 1989 1591 2042 sine
1623 1990 1777 2054 oleo;
1821 1990 1871 2041 id
1900 2001 2078 2043 autem
2116 2005 2144 2042 a

567 2073 890 2140 pontiﬁcatu
924 2085 1090 2128 venat.
1133 2074 1306 2144 Igitur
1355 2080 1538 2130 omnia
1583 2079 1766 2132 divina
1803 2079 2060 2148 mysteria
2094 2086 2148 2134 et

569 2167 627 2219 in
685 2167 943 2221 onmibus
989 2169 1329 2222 consecratis
1374 2171 1726 2240 episcopatus
1775 2183 2052 2241 Operatur.
2087 2170 2152 2224 Et

569 2259 779 2328 absque
820 2262 1116 2329 episcopali
1159 2265 1430 2329 potentia,
1465 2279 1644 2332 neque
1690 2265 1861 2318 altare
1895 2266 2018 2325 erit,
2055 2279 2153 2317 nc-

570 2369 678 2424 que
703 2355 995 2420 ordinatio,
1034 2371 1212 2425 neque
1248 2363 1462 2412 sacrum
1499 2361 1704 2424 oIt'tt-n,
1732 2375 1909 2429 neque
1945 2359 2151 2428 haptis.

573 2462 716 2506 Inus,
758 2461 932 2515 neque
975 2447 1141 2515 igitur
1174 2448 1496 2505 Christiani.
1545 2449 1646 2515 Pe‘r
1694 2450 1834 2504 hanc
1875 2451 2038 2518 igitur
2066 2465 2154 2502 ve-

576 2553 670 2590 rus
697 2538 1161 2605 chriSIianismtts,
1192 2547 1244 2592 et
1278 2540 1460 2593 omnia
1493 2540 1694 2593 Christi
1735 2555 1831 2608 per
1867 2542 2008 2592 hanc
2041 2554 2155 2609 my~

572 2629 763 2682 steria.
803 2629 942 2684 Bene
990 2641 1172 2684 autem
1232 2646 1338 2684 non
1390 2641 1670 2696 unguntur
1701 2631 2033 2685 sensibiliter
2061 2630 2154 2700 qui

572 2721 920 2785 ordinantur,
978 2723 1106 2791 quia
1165 2724 1300 2777 nihil
1357 2724 1640 2778 materiale
1689 2733 2011 2794 operantur,
2060 2723 2156 2778 sed

565 2811 754 2864 :otnnia
803 2813 1144 2880 spiritualia,
1185 2825 1240 2869 et
1273 2815 1401 2884 quia
1450 2817 1516 2868 ad
1573 2831 1759 2870 rerum
1806 2825 2158 2872 accesserunt

571 2914 942 2970 unguentum,
991 2906 1136 2972 quod
1182 2903 1437 2961 Christus
1470 2915 1579 2970 est,
1615 2907 1776 2974 cujus
1816 2919 2162 2979 unguentum

579 3009 775 3049 autnen
810 2999 1040 3065 accepit.

1076 3173 1301 3230 CAPUT
1343 3175 1495 3229 'LXX
1509 3174 1646 3230 VIII.
1719 3207 1728 3214 -

581 3265 738 3331 Quod
766 3265 889 3336 fons
921 3268 1208 3339 sacerdotii
1236 3277 1313 3321 est
1336 3267 1602 3328 Christus.
1633 3278 1681 3323 et
1706 3267 1770 3322 ab
1804 3267 1899 3323 illo
1931 3283 2119 3339 percu:
2139 3295 2163 3307 -

897 3353 1126 3392 cessares
1153 3338 1268 3408 ejus
1297 3340 1476 3408 gratia
1503 3341 1796 3395 derivatur.

653 3512 734 3573 Ex
765 3516 970 3572 divinis
1004 3517 1170 3586 igitur
1195 3519 1299 3574 illis
1325 3520 1579 3576 manibus
1608 3530 1662 3576 et
1709 3537 1804 3577 ore
1831 3521 2167 3577 benedictio-

582 3625 706 3665 nem
743 3620 796 3666 et
829 3611 1246 3680 inspiratiouem
1298 3624 1350 3667 ct
1391 3615 1793 3670 ordinationem
1843 3617 2167 3685 recipientes

581 3713 639 3757 et
679 3703 937 3772 gratiam,
988 3717 1089 3758 nos
1147 3703 1242 3773 qui
1302 3707 1610 3760 consecrati
1664 3722 1854 3762 sumus
1911 3706 2165 3777 gratiam,

583 3796 890 3866 accipimus
922 3811 1016 3865 per
1040 3811 1137 3850 eos
1181 3812 1321 3865 quos
1360 3799 1744 3854 .sanctiticavit
1806 3815 1901 3870 per
1945 3815 2168 3856 succos-

580 3889 817 3944 sionem.
856 3889 922 3943 Et
952 3889 1073 3945 fons
1103 3891 1288 3958 gratiae
1322 3891 1476 3946 nobis
1506 3891 1786 3960 Christus,
1818 3893 1911 3962 qui
1950 3903 2007 3947 et
2039 3907 2170 3963 ope-

583 3989 741 4032 ratur
773 3980 957 4034 omnia
995 3981 1047 4035 in
1077 3983 1353 4043 omnibus.

659 4068 916 4124 Clericus.
953 4070 1020 4124 Et
1053 4073 1328 4138 quomodo
1347 4081 1554 4143 septem
1573 4073 1750 4128 solum
1779 4073 1944 4127 modo
1971 4072 2172 4143 accipit

586 4164 1037 4216 consecrationes
1095 4163 1370 4228 Pontifex,
1425 4181 1550 4221 cum
1579 4166 1650 4222 sit
1704 4168 2008 4221 monachus
2059 4166 2171 4236 ple-

589 4269 824 4324 rumque
853 4263 910 4308 et
940 4258 1348 4313 communionis
1377 4258 1682 4329 particeps?

661 4345 932 4415 Pontifex.
949 4347 1404 4404 Communiouem
1455 4351 1705 4418 accipere
1752 4351 2007 4405 omnibus
2033 4350 2171 4406 ﬁde-

591 4437 739 4492 libus
767 4437 954 4492 datum
979 4449 1064 4493 est
1089 4478 1105 4503 ,
1127 4455 1299 4509 neque
1327 4441 1482 4496 estin
1517 4443 1776 4511 pontiﬁce
1803 4444 2171 4509 consecratio,

2251 1900 2430 1952 πάντα
2464 1899 2639 1952 ταῦτα
2681 1898 2770 1951 διὰ
2807 1897 2902 1951 τοῦ
2943 1899 3248 1968 ἀρχιερέως
3286 1898 3415 1949 είσί.
3453 1894 3618 1947 Πάλιν
3650 1890 3804 1951 οὐδεὶς

2254 1990 2532 2061 βαπτίζει.
2566 1991 2614 2042 εί
2649 1990 2724 2059 μὴ
2759 1990 3096 2060 χειροτονίαν
3128 1988 3226 2061 ἔχῃ
3251 2005 3264 2021 ο
3299 1986 3444 2055 αὕτη
3473 1987 3527 2038 δὲ
3559 1983 3613 2048 ἐξ
3644 1984 3806 2050 ἀρχιε.

2253 2085 2413 2157 ρέως.
2450 2085 2556 2135 Καὶ
2589 2083 2750 2134 πάλιν
2784 2082 2846 2134 οὐ
2879 2081 3104 2134 δύναται
3139 2079 3428 2150 βαπτίζειν
3456 2079 3574 2147 δίχα
3601 2075 3688 2128 τοῦ
3721 2073 3807 2142 μύο

2255 2192 2374 2243 ρου.
2409 2172 2583 2227 Τοῦτο
2612 2173 2667 2225 δέ
2700 2171 2798 2239 τῆς
2829 2172 3244 2242 ἀρχιερωσύνης
3280 2174 3452 2224 ἐστίν.
3483 2171 3621 2237 "Ap:
3652 2166 3808 2218 πάντα

2239 2267 2322 2341 ,τὰ
2354 2267 2472 2319 θεῖα
2506 2266 2786 2335 μυστήρια
2816 2267 2911 2319 καὶ
2943 2265 3000 2316 ἐν
3033 2267 3199 2317 πᾶσιν
3231 2264 3552 2332 ίερωμένοις
3581 2263 3612 2329 ἡ
3643 2260 3809 2328 ἀρχιε-

2260 2362 2475 2430 ρωσύνη
2511 2359 2815 2428 ἐνεργοῦσά
2842 2358 2957 2409 ἐστι
2984 2375 2998 2389 ο
3034 2360 3128 2412 καὶ
3159 2358 3328 2428 χωρὶς
3363 2355 3564 2423 ταύτης
3593 2352 3707 2404 οὔτε
3736 2350 3813 2401 θυ-

2259 2454 2578 2521 σιαστήριον
2601 2451 2775 2519 ἔσται,
2803 2451 2928 2507 οὔτε
2955 2453 3287 2521 χειροτονία,
3313 2447 3441 2502 οὔτε
3473 2447 3634 2516 μύρον
3661 2444 3812 2509 ἅγιον.

2258 2542 2382 2596 οὔτε
2419 2542 2704 2611 βάπτισμα
2731 2558 2745 2573 ·
2778 2541 2904 2594 οὗτε
2937 2542 3044 2611 ἄρα
3075 2539 3419 2610 Χριστιανοί.
3456 2541 3528 2589 Δι’
3553 2534 3709 2601 αὐτῆς
3735 2528 3815 2581 οὖν

2259 2638 2287 2690 ὁ
2314 2637 2520 2706 ἀληθὴς
2552 2637 3006 2706 Χριστιανισμδς,
3033 2635 3129 2686 καὶ
3155 2634 3222 2686 τὰ
3249 2632 3351 2685 τοῦ
3380 2629 3616 2700 Χριστοῦ
3760 2623 3817 2674 δι’

2261 2728 2435 2798 αὐτῆς
2479 2728 2658 2782 πάντα
2707 2726 3012 2796 μυστήρια.
3055 2723 3254 2786 Καλῶς
3297 2723 3365 2776 δὲ
3408 2723 3468 2776 οὐ
3513 2720 3743 2791 χρίονται
3778 2714 3819 2768 cI

2261 2819 2726 2893 χειροτονούμε-ιοι
2754 2816 3052 2884 αἰσθητῶς,
3071 2818 3152 2869 ὅτι
3177 2815 3330 2868 οὐδὲν
3359 2814 3466 2868 τῶν
3486 2811 3676 2866 ὑλικῶν
3693 2813 3822 2878 ἐνερ-

2261 2915 2473 2982 γοῦσιν,
2497 2911 2632 2965 ἀλλὰ
2662 2911 2839 2964 πάντα
2864 2909 3212 2978 πνευματικὰ
3235 2950 3250 2974 ,
3280 2908 3388 2960 καὶ
3411 2907 3492 2960 ὅτι
3515 2905 3592 2975 τῷ
3615 2901 3822 2971 ἀληθινῷ

2266 3008 2643 3076 προσήγγισαν
2676 3003 2868 3075 μύρῳ,
2897 3004 3036 3074 ὅπερ
3067 3002 3213 3054 ἐστὶν
3253 3000 3477 3072 Ἰηεσοῦς
3509 2998 3745 3071 Χριστὸς,
3771 2991 3821 3048 οὗ

2269 3097 2438 3168 μύρον
2471 3095 2774 3149 ἐκκενωθὲν
2805 3094 3000 3164 ὄνομα.

2849 3185 3104 3240 ΚΕΦΑΛ.
3146 3185 3276 3242 OH'.

2269 3280 2397 3333 Ὅτι
2429 3279 2591 3347 πηγὴ
2621 3279 2731 3345 τῆς
2767 3279 3098 3346 ἱερωσύνης
3132 3281 3165 3332 δ
3195 3280 3457 3344 Χριστες
3485 3277 3578 3331 καὶ
3599 3274 3664 3340 ἐξ
3693 3269 3819 3325 ἐκεί-

2337 3368 2450 3437 νοι)
2481 3351 2581 3404 διὰ
2614 3349 2736 3402 τῶν
2767 3347 3063 3417 διαδόχων
3104 3348 3294 3403 αὐτοῦ
3335 3351 3374 3419 ἠ
3407 3348 3574 3420 χάρις
3606 3357 3820 3416 μετοχε-

2338 3436 2471 3474 τευε
2477 3436 2568 3474 ται
2577 3460 2590 3476 ο

2349 3514 2443 3565 Ἐκ
2469 3513 2578 3567 τῶν
2606 3512 2768 3567 θείων
2799 3512 2892 3567 οὖν
2924 3513 3151 3567 ἐκείνων
3181 3513 3386 3583 χειρῶν
3409 3511 3504 3566 καὶ
3528 3510 3617 3565 τοῦ
3649 3505 3825 3575 στόμα-

2266 3623 2356 3670 τος
2393 3604 2654 3669 λαϐόντες
2699 3605 2799 3675 τὴν
2828 3591 3082 3672 εὐλογίαν
3123 3604 3219 3658 καὶ
3262 3603 3571 3674 ἐμπνευσιν
3612 3599 3699 3655 καὶ
3736 3596 3826 3664 τὴν

2267 3698 2602 3770 χειροτονίαν
2629 3698 2725 3752 καὶ
2758 3698 2942 3769 χάριν,
2970 3697 3058 3750 διὰ
3091 3697 3201 3750 τῶν
3231 3696 3294 3761 ἐξ
3327 3697 3538 3750 ἐκείνου
3567 3689 3828 3760 ἁγιασθέν-

2267 3807 2375 3842 των
2416 3789 2560 3842 κατὰ
2587 3789 2839 3860 διαδοχὴν
2863 3789 2963 3857 τὴν
2991 3789 3151 3859 χάριν
3185 3789 3234 3840 οί
3267 3787 3557 3857 ίερωμένοι
3585 3781 3830 3852 λαμϐάνο-

2272 3900 2372 3951 μεν
2392 3901 2405 3915 ο
2463 3885 2558 3936 καὶ
2587 3884 2740 3952 πηγὴ
2775 3884 2910 3951 ἡμῖν
2958 3883 3057 3954 τῆς
3093 3883 3322 3951 χάριτος
3353 3883 3382 3933 ὁ
3410 3879 3661 3950 Χριστὸς,
3690 3875 3744 3938 ὃς
3775 3871 3828 3940 δὴ

2269 3978 2364 4026 καὶ
2397 3976 2614 4043 ἐνεργεῖ
2640 3973 2708 4027 τά
2737 3975 2913 4028 πάντα
2943 3974 3003 4025 ἐν
3034 3975 3192 4030 πᾶσι.

2339 4067 2665 4132 Κληρικός.
2705 4066 2814 4141 Καὶ
2837 4065 2953 4128 πῶς
2977 4065 3118 4118 ἐπτὰ
3145 4066 3307 4134 μόνον
3337 4065 3607 4135 λαμϐάνει
3635 4055 3833 4114 τελετὰς

2270 4159 2299 4211 ό
2348 4159 2664 4229 ἀρχιερεὺς,
2697 4157 2930 4229 μοναχὺς
2967 4158 3063 4224 ὢν,
3105 4158 3372 4222 πολλάκις
3432 4158 3527 4212 καὶ
3574 4149 3836 4210 κοινωνίας

2275 4245 2522 4322 μετέχων
2546 4267 2562 4318 ;

2357 4343 2721 4413 Ἀρχιερεύς.
2746 4341 2820 4396 Τὸ
2845 4344 3123 4396 κοινωνεῖν
3150 4343 3284 4395 πᾶσι
3312 4343 3529 4403 πιστοῖς
3549 4338 3835 4410 πρόκειται,

2277 4437 2371 4489 καὶ⁸
2429 4437 2493 4487 οὐ
2524 4434 2717 4504 τελετὴ
2753 4436 2835 4497 είς
2869 4434 2961 4486 τὸν
2993 4433 3258 4503 ἀρχιερέα
3302 4434 3476 4497 ἐστὶν,
3515 4429 3630 4484 ἀλλ’
3671 4427 3745 4485 είς
3788 4422 3840 4472 τὸ

551 4543 556 4548 '
590 4529 685 4584 sed
707 4540 1065 4591 consecratur
1090 4530 1268 4599 ipsum
1289 4534 1698 4589 sanctissimum
1724 4533 1928 4591 Christi
1975 4551 2174 4606 corpus

2285 4524 2710 4596 ίερουργηθῆναι
2747 4523 2878 4577 αὐτὸ
2903 4525 2965 4576 τὸ
2994 4523 3260 4591 πανάγιον
3292 4524 3456 4592 σῶμα
3500 4516 3732 4591 Χριστοῦ
3762 4512 3843 4567 καὶ

589 4633 645 4676 et
669 4623 894 4693 sanguis
943 4633 996 4678 et
1049 4622 1301 4678 ﬁdelibus
1344 4626 1682 4681 omnibusin
1735 4629 2173 4686 communionem

2275 4613 2437 4686 αἷμα,
2465 4618 2559 4670 καὶ
2591 4618 2700 4678 τοῖς
2721 4617 2936 4678 πιστοῖς
2969 4617 3173 4670 ἅπασιν
3196 4617 3275 4678 είς
3303 4615 3594 4668 κοινωνίαν
3618 4611 3840 4676 δοθῆναι·

589 4718 772 4772 datur.
806 4717 871 4771 Et
897 4723 983 4771 est
1015 4718 1316 4771 secundum
1343 4733 1403 4772 se.
1429 4718 1607 4788 ipsam
1636 4734 1700 4774 ea
1740 4721 1880 4787 sola,
1927 4724 2173 4777 omnium

2277 4711 2372 4762 καὶ
2402 4709 2516 4760 ἔστι
2546 4707 2670 4760 καθ’
2703 4707 2906 4776 ἑαυτὴν
2940 4706 3078 4774 αὕτη
3119 4707 3255 4776 μόνη
3291 4705 3485 4759 πασῶν
3508 4704 3843 4799 τελετῶνθτε·

588 4809 1068 4866 consecrationum
1119 4812 1484 4878 consecratio,
1542 4812 1743 4867 tradita
1797 4815 2177 4870 tantummodo

2277 4799 2426 4866 λετὴ,
2467 4796 2864 4866 μεταδιδομένη
2901 4797 3064 4866 μόνον
3105 4797 3185 4858 είς
3219 4796 3532 4848 κοινωνίαν.
3574 4793 3616 4844 Τ
3619 4795 3646 4844 ὸ
3674 4793 3843 4878 σχῆμά

589 4902 646 4958 in
675 4902 1145 4958 communionem.
1171 4901 1358 4958 Status
1394 4917 1528 4958 vero
1563 4905 1816 4960 monachi
1867 4913 1950 4960 est
2005 4907 2178 4974 poeni-

2278 4894 2333 4944 δέ
2367 4909 2431 4959 γε
2478 4890 2574 4943 τοῦ
2605 4889 2839 4958 μοναχοῦ
2873 4890 2970 4959 τῆς
3001 4887 3290 4956 μετανοίας
3317 4887 3472 4940 ἐστὶν
3514 4886 3671 4938 ἴδιον
3705 4881 3731 4933 ὃ
3763 4874 3846 4930 καὶ

589 4994 778 5050 tentias
810 4994 1068 5064 proprius
1103 5003 1322 5059 status;
1373 4995 1469 5066 qui
1529 4995 1742 5064 lapsum
1795 4995 2074 5065 puriﬁoat,
2125 5001 2179 5048 et

2282 4984 2536 5054 καθαίρει
2561 4984 2655 5037 τὸν
2686 4985 3010 5049 πταίσαντα,
3044 4982 3080 5051 ἢ
3108 4983 3303 5050 ἀνυψοῖ
3332 4981 3429 5035 τὸν
3459 4979 3844 5048 προκόπτοντα.

590 5086 832 5141 sustollit
857 5101 981 5140 eum
1015 5086 1109 5154 qui
1139 5085 1365 5140 decidit.
1395 5085 1511 5140 Non
1545 5096 1726 5142 autem
1779 5099 2068 5142 consecrat
2123 5090 2180 5145 in

2281 5080 2356 5133 Οὐ
2377 5078 2576 5133 τελειοῖ
2603 5077 2660 5131 δὲ
2691 5079 2771 5142 είς
2805 5076 2978 5145 ἱερέα.
3006 5075 3097 5128 Διὸ
3124 5075 3217 5126 καὶ
3258 5073 3431 5143 χωρὶς
3457 5071 3552 5124 τοῦ
3589 5068 3850 5138 σχήματος

592 5175 924 5246 pontiﬁcem.
955 5173 1082 5229 Ideo
1123 5186 1178 5229 et.
1219 5175 1427 5244 absque
1453 5191 1518 5231 eo
1579 5187 1724 5231 statu
1763 5178 2008 5246 episcopi
2048 5193 2180 5230 con-

2283 5174 2572 5227 ὲπίσκοποι
2609 5172 2997 5226 καθιστῶνται.
3033 5169 3272 5238 Μοναχοὶ
3299 5168 3356 5218 δὲ
3399 5165 3477 5234 μὴ
3511 5164 3601 5216 τὸν
3637 5161 3745 5227 βίον
3765 5155 3853 5221 ἀρ’

591 5268 916 5321 stituuntur.
968 5265 1221 5320 Monachi
1283 5282 1414 5321 vero
1470 5267 1563 5337 qui
1615 5263 1720 5322 non
1777 5277 1921 5322 recte
1971 5269 2178 5334 vivunt,

2287 5267 2468 5332 μόδιον
2499 5265 2737 5334 ἔχοντες,
2773 5265 2833 5316 ού
2861 5264 2994 5332 πρὸς
3030 5261 3335 5332 ἱερωσύνην
3359 5257 3540 5311 ἐλθεῖν
3569 5250 3852 5323 ἰσχύουσιν.

594 5373 704 5412 non
728 5357 793 5412 ad
822 5356 1188 5411 sacerdotium
1222 5359 1506 5429 pervenire
1529 5360 1727 5414 valent.
1761 5359 1950 5415 Viden’
1982 5362 2181 5416 bonum

2297 5359 2459 5428 Ὁρᾷς
2485 5357 2580 5427 τὴν
2608 5357 2861 5424 εὐταξίαν
2891 5356 2990 5426 τῆς
3030 5355 3355 5424 Ἐκκλησίας
3382 5368 3396 5417 ;

594 5449 855 5505 Ecclesia:
885 5451 1134 5506 ordinem
1164 5452 1186 5505 ?

670 5540 928 5594 Clericus.
965 5540 1030 5593 Et
1077 5542 1143 5597 de
1173 5545 1239 5598 iis
1289 5544 1602 5599 didicimus.
1663 5545 1854 5613 Igitur,
1925 5546 2181 5610 domine,

2363 5533 2818 5600 Κληρικός.ι(αὶ
2862 5530 3007 5601 ὑπὲρ
3055 5530 3245 5583 τούτου
3291 5526 3592 5595 ἐμάθομεν.
3646 5511 3854 5614 Λοιπὸν.

598 5649 724 5704 qua
773 5644 1215 5703 consequuntur,
1249 5651 1350 5691 nos
1406 5637 1624 5692 doceas.
1658 5637 1974 5692 Necessaria
2038 5654 2181 5706 quee-

2288 5625 2543 5688 δέσποτα,
2579 5625 2672 5675 καὶ
2711 5624 2777 5675 τὰ
2806 5621 3073 5676 ἀκόλουθα
3114 5620 3323 5686 δίδαξον
3356 5617 3526 5686 ἡμᾶς.
3574 5613 3858 5726 ’ἐναγκαια

597 5725 726 5780 dam
764 5723 983 5794 cognitu
1019 5724 1175 5782 nobis
1207 5736 1509 5782 occurrunt
1589 5725 1952 5796 inquisitione
1995 5724 2156 5779 facta.

2292 5717 2401 5784 γάρ
2431 5732 2546 5767 τινα
2579 5715 2712 5784 ἡμῖν
2743 5713 2878 5784 πρὸς
2916 5713 3116 5780 γνῶσιν
3155 5712 3429 5782 ἔρχονται,
3465 5711 3566 5774 τῆς
3591 5711 3856 5769 ςητησεως

2295 5823 2606 5873 γινομτνης.
