4038 6470
543 371 652 435 255

1403 371 1788 436 SYMEONIS
1827 367 2585 433 THESSALONICENSIS
2619 367 2974 435 ARCliIEP.

3708 375 3802 438 2L6

536 486 1060 570 t-t’splentlidissima
1098 489 1325 558 edocet,
1380 498 1516 545 utet
1565 491 1633 544 de
1666 489 1792 544 aliis
1835 487 2134 560 mysteriis.

2253 486 2443 556 ρράσει
2475 503 2536 540 τε
2569 486 2666 540 καὶ
2698 486 2902 554 ἐννοίᾳ,
2945 485 3123 540 πάντα
3156 487 3213 540 ἐν
3244 487 3495 559 ἐπιτόμῳ
3527 490 3801 560 ἐκτίθεται,

535 577 645 630 Nos
674 589 854 633 autem
919 580 1130 655 debiles
1193 590 1248 635 et
1309 582 1487 635 ultimi
1544 581 1942 649 discipulorum
2009 577 2129 644 ejus

537 672 815 741 discipuli,
848 675 1123 740 quomodo
1173 675 1420 744 magistri
1476 677 1784 730 doctrinam
1823 672 2132 744 penetrabi-

540 764 700 817 mus?
737 763 840 818 Sed
879 773 1081 830 tmueu,
1137 759 1402 836 quantum
1457 769 1761 834 potuimus,
1815 767 1881 821 ad
1915 765 2129 819 anima-

543 872 661 908 rum
697 859 1004 911 vestrarum
1042 859 1249 922 lumen,
1298 874 1362 913 ex
1403 860 1520 928 ipso
1550 858 1762 914 discere
1789 868 1842 912 et
1878 859 2040 912 etiam
2063 871 2129 910 ex

541 947 610 1000 iis
645 950 732 1014 qui
767 958 888 1017 post
920 965 1043 1002 eum
1067 952 1295 1018 gratiam
1323 965 1582 1020 accepere
1613 958 1668 1002 et
1695 949 1894 1004 divinis
1929 949 2136 1004 nostris

477 1100 502 1114 .
548 1041 814 1108 patribus,
853 1055 950 1111 pro
978 1042 1184 1096 virihus
1235 1042 1502 1108 dicemus,
1547 1053 1604 1094 ut
1635 1057 1733 1096 nos
1777 1043 2138 1112 interregavi-

548 1133 667 1186 Stis.
711 1131 835 1187 Ideo
870 1144 924 1187 et
951 1133 1021 1188 de
1078 1135 1146 1188 iis
1170 1150 1290 1202 qua:
1322 1135 1377 1188 in
1438 1135 1813 1204 propositione
1836 1143 1886 1188 et
1924 1151 2045 1204 qua:
2078 1135 2133 1188 in

546 1224 703 1276 altari
739 1235 1152 1290 consecrantur,
1185 1228 1439 1280 omnibus
1475 1226 1748 1284 disserere
1791 1226 2135 1291 curabimus.

550 1315 908 1383 inquirentes,
982 1326 1041 1370 ut
1105 1318 1563 1387 valemus,quas
1647 1317 1918 1376 rationes.
1965 1333 2132 1372 unum

545 1407 804 1476 quodque
853 1407 1070 1464 habeat.
1095 1409 1276 1479 Atque
1332 1424 1466 1464 sane
1489 1410 1541 1463 in
1597 1407 1818 1463 Christo
1873 1409 2134 1466 dicimus.

1082 1618 1311 1675 CAPUT
1361 1620 1599 1676 LXXIX.

549 1703 690 1768 Quid
720 1707 976 1776 signiﬁcet
1008 1713 1273 1764 antistitis
1297 1712 1357 1764 de
1379 1712 1501 1764 sede
1526 1712 1818 1775 episcopali
1838 1710 2134 1772 descensio,

622 1777 672 1828 et
708 1779 835 1844 quid
865 1794 956 1844 per
987 1798 1144 1835 sacra
1177 1784 1509 1849 uestimenta,
1544 1782 1861 1851 illorum'yue
1888 1780 2140 1836 induitia-

623 1863 740 1899 nem
771 1865 836 1900 uo
865 1860 983 1904 οταν·
1009 1855 1034 1908 ?

623 1959 867 2015 Pontifex
905 1979 936 2018 e
973 1965 1167 2019 throno
1195 1979 1297 2019 suo
1331 1964 1620 2020 descendit
1656 1981 1671 2032 ;
1707 1964 1753 2021 is
1781 1973 1861 2020 est
1887 1964 1981 2020 Dei
2016 1964 2145 2020 des-

551 2067 796 2118 census;
831 2064 884 2109 et
932 2064 1018 2112 ter
1050 2057 1287 2113 adorans
1347 2057 1540 2121 Deum,
1591 2058 1818 2129 gratiam
1876 2067 1930 2113 et
1976 2059 2147 2114 virtu-

554 2151 662 2196 tem
695 2143 877 2198 divina
927 2148 1239 2216 perficiendi
1283 2148 1559 2218 efﬂagitat,
1601 2149 1897 2204 ostendens
1922 2165 1980 2203 se
2025 2165 2149 2205 esse

554 2249 772 2289 servum
816 2237 909 2292 Dei
943 2248 996 2292 et
1023 2238 1194 2308 ipsius
1240 2239 1439 2294 virtute
1469 2240 1642 2310 ipsius
1686 2239 1993 2296 ministerio
2030 2255 2148 2296 ser-

554 2331 695 2383 vire.
751 2329 953 2386 Deinde
1013 2348 1201 2388 sacras
1261 2341 1440 2387 vestes
1498 2333 1700 2400 induit,
1755 2349 1878 2404 quae
1935 2347 2146 2406 septem

554 2430 704 2485 sunt,
732 2433 954 2489 propter
987 2434 1192 2494 septem
1231 2423 1466 2494 Spiritus
1499 2427 1672 2480 sancti
1725 2427 1890 2483 dona.
1935 2427 2022 2484 Eae
2049 2446 2148 2485 au-

554 2520 734 2565 autem
807 2524 934 2568 sunt
981 2533 996 2570 :
1054 2518 1406 2581 stieharium,
1458 2518 1898 2588 epitrachelium,
1970 2538 2130 2586 zona.

554 2601 900 2668 epimanicia,
953 2607 1235 2676 gremiale,
1303 2609 1671 2680 phzeuolium,
1739 2626 1956 2678 saccus,
1999 2615 2153 2684 poly-

552 2690 847 2755 stanrium,
879 2705 942 2746 ac
1001 2695 1216 2751 tandem
1274 2702 1679 2768 omophorium.
1733 2702 1935 2761 Omnes
1983 2705 2148 2760 simul

553 2780 757 2836 Christi
793 2785 1226 2846 incarnationem
1263 2795 1590 2861 ostendunt,
1627 2806 1682 2852 et
1709 2813 1830 2867 quae
1865 2800 1930 2854 ad
1965 2799 2149 2853 lucar-

556 2872 837 2928 nationetn
900 2884 1199 2946 pertinent.
1238 2882 1598 2958 Unaquaeque
1649 2878 1780 2945 v'ero
1868 2893 2145 2962 propriam

555 2967 1008 3036 significationem
1039 2974 1220 3031 habet.
1257 2976 1616 3044 Sticharium,
1644 2981 1790 3051 quod
1821 2982 2003 3036 album
2043 2991 2145 3049 est,

482 3069 489 3073 '
559 3060 740 3115 lumen
775 3061 864 3116 Dei
903 3076 1262 3132 repraesentat
1338 3085 1557 3138 purum,
1595 3081 1650 3126 et
1703 3071 1849 3142 quod
1897 3083 2144 3126 naturam

557 3163 801 3207 nostram
840 3153 982 3210 Deus
1012 3171 1202 3224 puram
1233 3162 1439 3214 creavit
1467 3171 1521 3217 et
1564 3165 1884 3234 assumpsit.
1921 3165 1979 3219 Si
2021 3180 2146 3219 vero
2175 3194 2217 3250 ρ

560 3246 790 3303 rubrum
817 3247 908 3311 sit,
934 3258 1155 3317 propter
1189 3253 1500 3319 passionem
1555 3267 1660 3318 est,
1725 3258 1853 3324 quia
1921 3267 2144 3327 propter

561 3356 663 3396 nos
685 3340 1006 3410 sanguinem
1039 3340 1232 3396 eﬂudit
1263 3343 1493 3397 Verbum
1529 3358 1896 3401 incarnatum.
1925 3347 2055 3413 Quae
2091 3349 2145 3404 in

563 3435 685 3502 ipso
718 3434 972 3488 videntur
1005 3433 1254 3500 finiuina,
1313 3435 1646 3493 chariSmata
1673 3441 1937 3496 doctrinae
1964 3453 2150 3497 osten-

561 3527 720 3594 dunt,
745 3534 800 3580 et
821 3526 981 3580 etiam
1002 3524 1302 3582 Salvatoris
1328 3527 1499 3582 nostri
1529 3532 1810 3600 sanguinis
1834 3534 1999 3590 rivos.
2026 3535 2150 3589 Ideo

561 3629 618 3675 et
656 3618 1003 3674 solummodo
1040 3632 1103 3674 ea
1165 3619 1268 3674 fert
1295 3621 1609 3690 episcopale
1674 3624 1997 3680 sticharium
2041 3643 2057 3693 ;
2093 3635 2152 3682 ut

561 3721 618 3766 et
646 3710 910 3780 Inandyas
940 3709 1175 3780 (cappa).
1207 3711 1326 3779 Ipse
1366 3712 1584 3781 quidem
1631 3716 1920 3788 episcopus
1961 3721 2150 3787 provi-

561 3804 778 3858 dentem
869 3811 926 3856 et
996 3804 1504 3872 comprehensivam
1602 3817 1657 3861 et
1775 3819 2149 3882 protegentem

565 3896 794 3963 gratiam
838 3893 929 3948 Dei
989 3905 1348 3963 reprarsentat
1386 3906 1442 3952 et
1470 3904 1642 3952 totum
1709 3914 1912 3969 corpus
1946 3903 2153 3974 colligit

563 3999 618 4043 ct
644 3987 1078 4057 comprehendit.
1113 3987 1362 4042 Fluinina
1416 3998 1596 4045 autem
1635 3992 1943 4061 significant
1973 3995 2170 4066 varios?

565 4077 830 4131 doctrinae
869 4084 1070 4143 motus,
1106 4091 1170 4130 ex
1200 4078 1415 4134 duobus
1458 4072 1800 4136 testamentis
1840 4085 2154 4152 perenniter

565 4168 934 4222 scaturientes
955 4181 1022 4221 ex
1066 4168 1257 4223 Vetere
1281 4179 1334 4225 et
1365 4187 1428 4226 ex
1462 4169 1612 4226 Novo
1649 4190 1664 4239 ;
1711 4189 1831 4242 qure
1859 4175 1966 4230 duo
1992 4184 2155 4230 testa-

523 4257 526 4259 λ
570 4269 750 4313 menta
812 4261 1004 4326 pocula
1056 4258 1296 4313 indicant
1351 4277 1366 4328 ;
1423 4269 1476 4315 et
1521 4264 1700 4317 adhuc
1760 4279 1881 4318 eam
1940 4280 2062 4333 qua:
2101 4264 2155 4319 in

538 4360 810 4420 ‘pectore,
849 4349 900 4405 id
927 4357 1012 4406 est
1045 4350 1098 4404 in
1131 4349 1298 4406 corde
1337 4363 1520 4418 aperta
1549 4360 1652 4418 est,
1682 4351 1959 4424 Evangelii
2001 4355 2157 4409 Chri-

568 4448 644 4501 sti
674 4445 958 4501 scientiam
991 4444 1132 4507 quod
1174 4443 1528 4512 Evangelium
1571 4446 1858 4501 ordinatus
1900 4448 1952 4500 in
1981 4448 2157 4516 capite

2238 581 2332 633 καὶ
2366 579 2735 651 λαμπρότατα
2765 578 2984 649 θεωρεῖ,
3015 579 3090 645 ὡς
3146 580 3240 634 καὶ
3295 581 3424 649 περὶ
3463 581 3572 634 τῶν
3623 583 3807 636 λοιπῶν

2239 673 2381 725 ποιεῖ
2418 671 2740 740 μυστηρίων
2762 688 2776 702 ’
2811 671 2972 740 ἡμεῖς
3000 670 3058 724 δὲ
3088 672 3342 742 ἀδρανεῖς
3375 672 3526 736 ὄντες
3549 674 3640 726 καλ⁴
3667 673 3809 742 ἐσχα-

2238 779 2323 816 τοι
2373 761 2484 816 τῶν
2544 760 2802 831 μαθητῶν
2837 761 3004 815 αὐτοῦ
3039 762 3303 838 μαθηταὶ,
3335 765 3456 827 πῶς
3500 763 3569 818 τὰ
3618 765 3810 818 ἐκείνου

2239 854 2587 924 κατίδωμεν;
2646 855 2846 924 Ὀμωξ
2892 854 3018 908 ὅσον
3069 855 3371 925 ἰσχύσαμεν
3419 856 3500 916 εἰς
3551 854 3812 924 φωτισμὸν

2240 946 2350 1001 τῶν
2371 946 2562 1016 ψυχῶν
2587 947 2745 1018 ἡμῶν
2771 947 2835 1000 ἐκ
2861 947 3054 1000 τούτου
3092 949 3460 1017 καταμαθεῖν,
3489 948 3583 1002 καὶ
3611 947 3689 1000 ἔτι
3717 947 3812 1000 τῶν

2240 1040 2446 1094 λοιπῶν
2476 1038 2670 1093 τούτου
2703 1038 2969 1108 διαδόχων
2998 1039 3097 1108 τῆς
3130 1039 3357 1109 χάριτος
3388 1040 3485 1092 καὶ
3527 1037 3682 1091 θείων
3711 1037 3812 1090 Πα-

2241 1133 2417 1203 τέρων
2455 1131 2636 1204 ἡμῶν,
2667 1131 2809 1184 κατὰ
2841 1131 3074 1201 δύναμιν
3101 1131 3362 1201 ἐροῦμεν,
3387 1129 3466 1194 ὡς
3491 1129 3779 1199 ἐζητήσατε
3797 1146 3810 1160 ο

2241 1227 2321 1280 διδ
2350 1228 2444 1280 καὶ
2475 1225 2607 1295 περὶ
2636 1224 2748 1277 τῶν
2789 1227 2846 1276 ἐν
2877 1226 2945 1294 τῇ
2981 1223 3241 1294 προθέσει
3267 1223 3364 1275 καὶ
3406 1223 3516 1274 τῶν
3547 1224 3603 1275 ἐν
3624 1221 3696 1290 τῷ
3727 1221 3812 1273 lio--

2244 1315 2548 1387 σιαστηρῐῳ
2595 1317 2940 1386 τελουμένων
2988 1315 3247 1369 ἁπάντων
3281 1314 3568 1368 διαλαϐεῖν
3603 1314 3818 1367 σπουδά-

2245 1428 2432 1479 σομεν.
2464 1408 2814 1473 ἐξετάζοντες
2849 1408 2926 1470 ὡς
2972 1408 3149 1477 ἰσχὺς,
3176 1409 3331 1471 τίνας
3364 1407 3558 1477 λόγους
3603 1406 3817 1459 ἕκαστον

2245 1502 2382 1574 ἔχει.
2416 1503 2527 1555 Καὶ
2557 1501 2623 1572 δὴ
2653 1500 2886 1571 λέγομεν
2912 1502 2972 1555 ἐν
2997 1499 3244 1571 Χριστῷ.

2841 1614 3092 1668 ΚΕΦΑΛ.
3123 1612 3247 1670 ΟΘ’.

2251 1708 2312 1761 Τί
2341 1705 2523 1773 δηλοῖ
2548 1707 2586 1772 ἡ
2626 1706 2735 1760 τοῦ
2768 1708 3053 1775 ιεράρχου
3087 1707 3157 1762 ἐκ
3189 1708 3297 1762 τοῦ
3325 1706 3550 1773 θρόνου
3584 1703 3818 1775 κατάθου

2315 1792 2438 1841 σις,
2473 1776 2574 1830 καὶ
2599 1780 2672 1831 τὰ
2704 1773 2833 1846 ιερὰ
2861 1773 3190 1848 ἐνδύματα,
3219 1778 3322 1832 καὶ
3351 1776 3420 1830 τὸ
3452 1777 3639 1830 ταῦτα
3661 1773 3817 1827 erae-

2173 1850 2214 1905 Β
2312 1849 2564 1900 σασθαι.

2328 1959 2389 2014 ⁸0
2419 1961 2683 2032 ἱερὰρχης
2722 1961 3057 2032 κατέρχεται
3103 1961 3198 2016 τοῦ
3232 1961 3428 2033 θρόνου
3461 1957 3645 2020 αὐτοῦ,
3676 1955 3817 2010 τοῦτο

2250 2052 2284 2120 ἡ
2333 2050 2469 2104 Θεοῦ
2524 2054 2962 2120 συγκατάὸασις,
3011 2055 3107 2107 καὶ
3155 2053 3552 2125 προσκυνήσας
3604 2051 3716 2117 τρὶς
3748 2046 3816 2116 τῷ

2249 2142 2388 2212 Θεῷ,
2413 2144 2712 2210 ὲξαιτεῑται
2745 2147 2906 2216 χάριν
2935 2148 3032 2200 καὶ
3063 2146 3296 2217 δύναμιν
3324 2147 3421 2200 τοῦ
3454 2142 3814 2199 ἐκτελέσαιντᾰ

2251 2233 2393 2300 θεῖα,
2427 2235 2649 2302 δεικνὺς
2703 2238 2785 2291 ὅτι
2837 2236 3022 2302 δοῦλος
3059 2239 3219 2302 Θεοῦ,
3271 2240 3369 2292 καὶ
3397 2241 3464 2309 τῇ
3495 2235 3656 2290 αὐτοῦ
3689 2235 3815 2302 ισχύῖ

2248 2331 2362 2394 τοῖς
2384 2330 2552 2384 αὐτοῦ
2581 2330 2925 2404 ἐξυπηρετεῖ,
2958 2329 3087 2386 Εἶτα
3110 2333 3177 2386 τὰ
3206 2333 3331 2402 ἱερὰ
3362 2331 3604 2386 ἐνδύεται
3631 2329 3814 2398 ᾶμφια,

2250 2421 2392 2474 ἐπτὰ
2423 2421 2550 2476 δντα
2598 2422 2688 2476 διὰ
2724 2425 2822 2486 τὰς
2865 2425 3007 2478 ἑπτὰ
3036 2425 3323 2494 ἐνεργείας
3363 2423 3458 2479 τοῦ
3497 2421 3810 2489 Πνεύματος·

2251 2513 2437 2566 Ταῦτα
2462 2514 2520 2568 δέ
2562 2515 2670 2567 εισι
2717 2517 3020 2586 στιχάριον,
3054 2517 3470 2587 ὲπιτραχήλιον,
3515 2515 3675 2578 ζώνη,
3713 2511 3814 2560 ἐπι-

2254 2606 2505 2674 μανίκια,
2539 2607 2908 2674 ἐπιγονάτιιιν,
2941 2607 3239 2676 φαινόλιον,
3274 2608 3309 2680 ἢ
3355 2609 3582 2671 σάκκος,
3615 2603 3816 2675 ἢπολυ-

2252 2697 2531 2766 σταύριον,
2565 2699 2664 2751 καὶ
2697 2699 2848 2759 τέλος
2880 2700 3210 2771 ὠμοφόριον.
3244 2700 3505 2754 Ἀπαντα
3553 2695 3685 2767 ὁμοῦ
3729 2692 3814 2763 τὴν

2251 2787 2668 2860 ἐνανθρώπησιν
2718 2790 2938 2861 δηλοῦσι
2999 2791 3263 2858 Χριστοῦ,
3298 2792 3398 2845 καὶ
3443 2775 3512 2845 τὰ
3543 2789 3640 2856 τῆς
3680 2789 3814 2840 ἐναν-

2251 2881 2612 2951 θρωπήσεως.
2655 2877 2784 2953 ’Ῑδίᾳ
2808 2881 2864 2935 δὲ
2897 2883 3132 2936 ἕκαστον
3164 2881 3447 2952 σημασιαν
3466 2881 3578 2948 ἔχει
3614 2873 3815 2930 τινά·τὸ

2255 2971 2352 3031 μὲν
2384 2974 2664 3044 στιχάριον
2693 2971 2889 3026 λευκὸν
2915 2971 2996 3039 ὃν,
3021 2973 3082 3026 τὺ
3114 2972 3230 3042 φῶς
3250 2971 3346 3025 τοῦ
3377 2969 3514 3025 Θεοῦ
3549 2971 3635 3022 καὶ
3663 2965 3813 3019 καθα-

2253 3060 2366 3130 ρὸν,
2431 3063 2526 3116 καὶ
2573 3062 2657 3116 ὅτι
2709 3063 2956 3132 καθαρὰν
2989 3065 3087 3132 τὴν
3117 3063 3280 3131 φύσιν
3319 3062 3480 3134 ἡμῶν
3509 3061 3683 3113 ἔκτισε
3732 3055 3814 3106 καὶ

2251 3153 2639 3224 προσείληφεν.
2673 3156 2734 3208 Et
2761 3153 2818 3208 δὲ
2842 3153 3184 3224 πορφυροῦν,
3216 3153 3301 3208 διὰ
3336 3160 3399 3210 τὸ
3437 3155 3627 3217 πάθος,
3660 3151 3732 3203 ὅτι
3761 3146 3814 3197 τὸ

2252 3238 2394 3313 αἷμα
2420 3244 2605 3315 ἐξέχεε
2643 3245 2712 3300 δι’
2739 3247 2888 3315 ἡμᾶς
2937 3248 2965 3299 ὁ
2996 3245 3437 3318 ἐνανθρωπήσας
3480 3245 3652 3312 λᾶγος.
3685 3239 3744 3296 Ol
3765 3240 3819 3289 ἐν

2252 3337 2400 3407 αὑτῷ
2445 3339 2502 3392 δὲ
2551 3341 2808 3408 ποταμοὶ,
2847 3341 2918 3395 τὰ
2954 3323 3274 3411 χαρίσματα
3333 3341 3434 3410 τῆς
3467 3332 3815 3392 διδασκαλίας,

2252 3431 2332 3483 ἔτι
2386 3431 2445 3484 δέ
2502 3434 2595 3485 καὶ
2638 3433 2766 3496 τοὺς
2810 3434 2906 3487 τοῦ
2957 3434 3189 3504 αἵματος
3246 3434 3346 3488 τοῦ
3380 3435 3632 3503 Σωτῆρςβ
3676 3423 3814 3494 ἡμῶν

2255 3522 2540 3591 κρουνούς.
2569 3523 2660 3576 Διὸ
2719 3524 2813 3577 καὶ
2866 3525 3031 3595 μόνον
3085 3525 3312 3588 τούτους
3353 3525 3414 3578 τὸ
3456 3514 3818 3595 ἀρχιερατικὸν

2255 3613 2538 3685 στιχάριον
2570 3615 2871 3684 κέκτηταιέ
2904 3616 2982 3678 ὡς
3014 3619 3106 3670 καὶ
3141 3620 3168 3670 ὁ
3219 3618 3480 3686 μανδύας,
3530 3611 3684 3672 αὐτὸς
3730 3605 3816 3675 μὲν

2253 3705 2352 3778 τὴν
2397 3708 2769 3778 προνοητικὴν
2819 3711 2915 3764 καὶ
2965 3697 3290 3790 συνεκτικὴν
3338 3711 3436 3765 καὶ
3472 3699 3816 3767 σκεπαστικὴν

2253 3786 2414 3870 χάριν
2439 3802 2692 3856 ἐκτυπῶν
2711 3801 2808 3858 τοῦ
2835 3804 2998 3870 Θεοῦ,
3030 3786 3123 3857 καὶ
3155 3804 3275 3857 ὅλον
3307 3806 3372 3857 τὸ
3408 3803 3567 3872 σῶμα
3596 3795 3815 3863 συνέχων

2258 3894 2352 3946 καὶ
2379 3894 2792 3964 συλλαμϐάνων.
2821 3897 2885 3950 Οἱ
2917 3897 3156 3965 ποταμοὶ
3187 3895 3245 3948 δὲ
3268 3895 3338 3948 τὰ
3367 3895 3597 3962 διάφορα
3630 3887 3722 3956 τῆς
3748 3883 3815 3935 δι·

2255 3987 2554 4050 δασκαλίας
2590 3989 2889 4060 κινήματα,
2914 3991 2979 4042 ἐκ
3000 3989 3109 4040 τῶν
3143 3987 3234 4042 δύο
3260 3971 3576 4056 πηγάζοντα
3594 3978 3812 4035 ἁεννάως

2257 4079 2562 4145 Διαθηκῶν,
2592 4079 2695 4149 τῆς
2730 4079 2968 4143 παλαιᾶς
3015 4097 3076 4132 τε
3127 4080 3221 4132 καὶ
3252 4081 3402 4147 νέας,
3430 4078 3496 4141 ἃς
3524 4071 3730 4143 δηλοῦσι
3755 4063 3814 4117 τὰ

2259 4169 2501 4237 πώματα
2527 4185 2542 4201 ’
2591 4171 2687 4222 καὶ
2715 4172 2797 4223 ἔτι
2828 4173 2927 4240 τὴν
2959 4172 3016 4224 ἐν
3052 4169 3133 4240 τῷ
3167 4172 3356 4240 στήθει
3401 4171 3519 4241 ἦτοι
3553 4168 3614 4235 τῇ
3638 4156 3816 4229 καρδίὲ-

2260 4263 2616 4334 ἀνεῳγμένην
2665 4262 2866 4330 γνῶσιν
2924 4262 3020 4315 τοῦ
3055 4263 3390 4331 Εὑαγγελὶου
3445 4244 3815 4329 Χριστοῦ,ὃδὴ

2259 4357 2355 4408 καὶ
2385 4356 2480 4409 ἐπὶ
2511 4356 2758 4425 κεφαλῆς
2817 4355 3292 4426 χειροτονούμενος
3341 4351 3683 4422 ἀνεῳγμένον
3718 4338 3818 4394 ἐδέ-

2261 4447 2410 4512 ξατο.
2444 4447 2533 4500 Διὸ
2570 4447 2686 4512 καὶ,
2731 4466 2750 4498 ‹
2785 4445 2846 4499 Ὀ
2875 4446 3150 4501 πιστεύων
3199 4447 3278 4510 εἰς
3331 4447 3457 4517 ἐμὲ,
3495 4441 3644 4513 φησὶ,
3671 4447 3820 4488 ποτα·

566 4550 813 4612 apertum
867 4539 1094 4607 accepit.
1135 4536 1260 4591 Ideo
1295 4555 1314 4589 ι
1354 4537 1456 4603 Qui
1497 4538 1669 4592 credit
1719 4537 1770 4592 in
1807 4554 1915 4603 me,
1955 4540 2154 4610 inquit,

2266 4539 2358 4604 pol.
2389 4538 2453 4591 ἐκ
2482 4539 2582 4606 τῆς
2611 4538 2821 4601 κοιλίας
2855 4537 3022 4591 αὐτοῦ
3056 4538 3350 4609 ῥεύσουσιν
3369 4537 3558 4595 ὓδατος
3585 4528 3812 4593 ζῶντοςνν

568 4633 790 4689 flumina
815 4630 883 4686 de
912 4640 1098 4685 ventre
1124 4631 1244 4700 ejus
1297 4629 1463 4684 ﬂuent
1503 4645 1659 4699 aquae
1702 4631 1855 4692 vivae,
1894 4651 1912 4684 ι
1948 4622 2010 4687 Μ’
2050 4645 2155 4698 est,

580 4724 828 4798 Spiritus
859 4723 1034 4780 sancti
1057 4721 1309 4784 virtutes,
1356 4729 1413 4774 ut
1475 4723 1652 4791 ipsum
1703 4724 1862 4778 docet
1904 4711 2152 4780 sacrum

571 4815 943 4886 Evangelium,
980 4814 1208 4868 dicens:
1241 4830 1258 4863 t
1285 4811 1343 4866 Id
1379 4821 1561 4866 autem
1583 4813 1818 4880 dicebat,
1851 4815 1917 4870 de
1945 4816 2154 4886 Spiritu

569 4923 727 4979 quem
759 4907 1029 4962 debebant
1056 4905 1302 4974 accipere
1325 4905 1608 4959 credentes
1633 4907 1686 4960 in
1723 4923 1900 4961 eum.»
1941 4909 2002 4962 Et
2028 4912 2154 4975 quia

569 4997 801 5067 gratiam
860 4993 1180 5062 accipimus,
1241 5009 1349 5048 non
1406 5009 1534 5048 vero
1583 5007 1830 5049 ttaturam
1896 4996 2155 5064 Spiritus,

573 5089 722 5142 addit
759 5105 774 5142 :
805 5105 823 5138 ι
845 5085 1100 5142 Nondum
1133 5086 1280 5140 enim
1317 5095 1435 5140 erat
1477 5086 1712 5155 Spiritus
1745 5099 1992 5154 sanctus,
2025 5090 2155 5160 quia

571 5180 732 5254 Jcsus
775 5180 1021 5233 nomium
1080 5186 1199 5232 erat
1262 5176 1615 5248 glorificatus.
1690 5197 1709 5231 ι
1783 5181 1921 5246 Quid
1982 5181 2157 5236 illud?

572 5271 826 5327 Nondum
863 5278 979 5324 erat
1009 5268 1243 5335 Spiritus
1273 5264 1487 5324 sanctus
1517 5271 1540 5323 ?
1581 5271 1794 5325 Etenim
1821 5279 1938 5326 erat
1967 5279 2021 5326 et
2072 5280 2157 5326 est

572 5375 628 5421 et
666 5364 794 5428 erit,
859 5362 1159 5419 secundum
1205 5373 1452 5418 naturam
1505 5373 1554 5418 et
1593 5393 1598 5400 ι
1637 5364 1973 5435 hypostasim
2036 5380 2052 5429 ;
2105 5373 2160 5417 et

574 5458 699 5513 fons
737 5449 1132 5511 charismatum
1185 5471 1403 5526 semper
1441 5465 1547 5512 est.
1600 5457 1706 5513 Sed
1761 5457 2005 5511 nondum
2037 5457 2161 5511 data

2259 4630 2380 4699 ἦτοι
2433 4628 2527 4682 τοῦ
2566 4630 2882 4699 Πνεῦματος
2913 4631 2968 4684 αἱ
3016 4631 3313 4700 ἐνέργειαι,
3339 4629 3418 4692 ὡς
3442 4625 3570 4680 αὐτὸ
3597 4616 3818 4673 διδάσκει

2263 4723 2324 4775 τὸ
2353 4722 2502 4793 ἱερὸν
2536 4721 2894 4790 Εὐαγγέλιον,
2919 4721 3101 4792 λέγον,
3151 4742 3170 4773 ‹
3202 4720 3376 4774 Τοῦτο
3406 4720 3461 4773 δὲ
3509 4716 3656 4781 ἔλεγε
3707 4702 3818 4771 περὶ

2259 4811 2356 4866 τοῦ
2386 4811 2724 4881 ΙἸνεύματος,
2751 4810 2812 4864 οῦ
2843 4810 3072 4879 ἔμελλον
3094 4809 3399 4881 λαμϐάνειν
3419 4808 3468 4862 ol
3495 4797 3820 4881 πιστεύοντες

2262 4907 2346 4967 εἰς
2381 4878 2582 4958 αὐτόν·
2629 4905 2726 4957 καὶ
2765 4904 2846 4956 ὅτι
2876 4878 3039 4973 χάριν
3077 4878 3451 4972 λαμϐάνομεν,
3481 4893 3574 4948 καὶ
3621 4887 3680 4941 οὐ
3730 4878 3820 4973 τῂν

2266 4965 2428 5068 φύσιν
2490 4995 2586 5050 τοῦ
2637 4965 2990 5064 Πνεύματος,
3070 4965 3296 5062 ἐπαγει,
3399 4989 3562 5044 Οὖπω
3610 4979 3713 5048 γὰρ

2267 5059 2496 5161 ᾖνεῦμα
2556 5089 2735 5156 ἅγιον,
2785 5059 2869 5142 δτι
2911 5087 3121 5157 Ἰησοῦς
3149 5059 3362 5141 ούδέπω
3407 5073 3676 5161 ιξδοξεῖισθηἴ
3711 5084 3729 5116 ι
3763 5059 3820 5161 ξΓί

2264 5152 2433 5237 τοῦτο
2461 5152 2658 5250 λέγων,
2699 5152 2729 5233 ι’
2755 5179 2922 5234 Οῦπω
2955 5152 3022 5249 ἦν
3062 5177 3290 5249 Πνεῦμα
3329 5177 3510 5245 ἇγιον;
3545 5187 3564 5220 ι
3598 5160 3686 5218 καὶ
3724 5152 3820 5250 γᾴρ

2263 5271 2356 5344 ἦν,
2391 5273 2486 5327 καὶ
2537 5243 2685 5336 ἰέστι,
2721 5271 2817 5325 καὶ¹
2875 5243 3051 5336 ἔσται,
3083 5243 3236 5323 κατέ
3272 5243 3558 5339 τὴν-φύσιν
3607 5250 3697 5309 καὶ
3728 5243 3819 5344 :‘lll’

2269 5328 2606 5419 ύπδστασινο
2641 5328 2736 5416 καὶ
2798 5363 2950 5432 πηγὴ
3009 5328 3372 5432 χαρισμάτων
3412 5328 3503 5411 de!
3533 5328 3817 5432 ἐστιν,βῦ

2279 5454 2420 5509 Ἀλλ’
2440 5453 2594 5507 οὔπω
2615 5453 2770 5523 ἐδόθη
2802 5427 2873 5506 τά
2890 5427 3097 5505 ξόύτέά
3114 5427 3454 5523 χαρίσματα,
3479 5440 3598 5496 ἐπεὶ
3627 5427 3818 5523 οὐδέπω

569 5560 730 5606 erant
761 5549 881 5618 ejus
932 5550 1304 5615 charismata,
1363 5552 1622 5619 quoniam
1685 5549 1927 5605 nondum
1981 5547 2162 5604 oblata

2270 5545 2304 5615 ἡ
2336 5545 2422 5598 διὰ
2461 5543 2701 5616 σταυροῦ
2737 5519 3090 5614 προσηνέχθη
3114 5519 3328 5597 Πθυσία.
3367 5537 3536 5594 Τοῦτο
3573 5525 3676 5619 γάρ

575 5639 753 5691 fuerat
781 5652 876 5706 per
897 5652 1113 5693 crucem
1149 5640 1390 5695 victima.
1423 5639 1558 5694 illud
1597 5642 1742 5695 enim
1791 5648 1916 5694 est:
1953 5657 1972 5691 t
2005 5637 2164 5694 Jesus

2269 5601 2350 5701 τὺ,
2393 5655 2414 5689 ι
2445 5637 2574 5702 Ὅτι,
2605 5601 2818 5706 ζΙησοῦς
2871 5601 3090 5689 οῦδέῗπω
3133 5633 3394 5704 ἐδοξάσθη
3435 5645 3449 5661 ·
3486 5644 3504 5678 ι
3547 5614 3662 5673 ἐπεὶ
3705 5601 3816 5666 δόξῖι

576 5725 818 5779 nondum
884 5737 1001 5784 erat
1062 5729 1414 5798 glorificatus.
1465 5747 1483 5782 ι
1523 5728 1706 5785 Gloria
1755 5729 1901 5784 enim
1962 5727 2164 5793 Christi

2277 5728 2514 5802 Χριστοῦ
2539 5730 2566 5783 ὁ
2601 5728 2855 5799 σταυρὸς.

577 5831 712 5872 (πως
745 5826 852 5873 θδῑ.
