4038 6496
219 424 302 488 257

1373 418 1472 480 DE
1514 416 1753 479 SACRA
1800 414 2182 479 LITURGIA
2200 457 2216 474 .

795 527 1045 583 ΚΕΦᾹΛ.
1079 528 1160 584 Π’.
1463 539 1466 544 ’
1795 529 1836 586 Α

3335 404 3447 470 Ξ58

2430 519 2654 579 CAPUT
2680 518 2894 576 LXXX.

220 644 333 714 Hirpi
375 641 482 698 τοῦ
510 643 932 714 ἀρχιερατικοῦ
961 643 1238 713 μαινδύου
1272 659 1361 714 τε,
1397 642 1497 714 καί
1531 641 1640 696 τοῦ
1669 642 1765 713 ἐγ·-

1891 641 1946 696 9e
1974 640 2258 714 episcopali
2289 640 2455 712 pallio
2492 648 2540 694 et
2568 637 2833 714 pectorqu
2871 634 3044 700 theca,
3069 643 3118 688 et
3159 632 3223 687 de
3247 641 3450 702 pasto-

349 711 629 779 κολπιού,
660 713 755 767 καί
796 712 906 780 τῆς
937 711 1334 782 σὲοιμαντικῆς
1350 712 1602 780 ῥάϐδου.

280 807 520 868 Τνθέντος
548 803 644 858 οὖν
673 805 768 860 καὶ
790 805 1046 868 θανόντος
1069 805 1163 858 καὶ
1191 805 1525 866 ἀναστάντος
1549 803 1644 857 καὶ
1673 804 1768 858 ἀν-

2494 711 2598 762 rali
2631 707 2841 761 baculo.

1936 805 2236 874 Postquam
2269 802 2522 858 Christus
2573 800 2917 874 saerilieatus
2963 803 3048 851 est
3082 803 3138 850 et
3190 802 3449 847 mortuus

224 899 436 961 ελθόντος
470 897 711 966 Χριστοῦ
745 897 885 970 ὑπὲρ
919 897 1098 968 ἡμῶν,
1130 896 1250 948 τότε
1284 897 1344 948 τὸ
1380 894 1608 964 Πνεῦμα
1631 912 1766 948 κατ-

1891 905 1955 952 ξει
1984 904 2039 950 et
2075 895 2377 951 resurrexit
2407 902 2461 948 et
2498 907 2598 964 pro
2633 892 2790 946 nobis
2837 889 2893 943 in
2929 889 3096 942 caelos
3123 885 3455 951 rediit,tune

224 991 331 1060 ἦλθε
357 991 448 1043 καὶ
477 989 576 1061 τὴν
605 989 766 1059 χάριν
793 989 1056 1058 ἐλάϐομεν
1081 1003 1094 1018 ·
1131 989 1226 1040 καὶ
1283 988 1347 1040 ἐκ
1391 989 1489 1055 τῆς
1536 985 1768 1056 καρδίας

225 1084 316 1134 τῶν
349 1083 548 1133 πιστῶν
604 1081 656 1133 oi
709 1080 943 1147 ποταμοὶ
987 1079 1102 1131 ’τῶν
1153 1078 1372 1148 δωρεῶν
1421 1078 1623 1149 ῥέουσι.
1659 1077 1768 1130 Καὶ

223 1171 356 1226 τοῦτο
376 1171 524 1242 δηλοῖ
549 1173 577 1224 ὁ
615 1170 855 1242 μανδύας
875 1186 889 1200 ο
917 1171 1013 1222 καὶ
1042 1172 1075 1240 ἡ
1111 1171 1347 1239 σφραγὶς
1370 1170 1426 1222 δὲ
1454 1171 1546 1222 καὶ
1577 1170 1773 1238 ὁμολο-

207 1265 303 1333 qia.
330 1264 422 1332 τῆς
452 1263 688 1326 πίστεως
722 1263 779 1314 ὲν
803 1260 880 1331 τῷ
907 1262 1002 1314 τοῦ
1029 1264 1330 1331 ἀρχιερέως
1363 1262 1552 1333 στήθει
1578 1264 1774 1331 ἐκκρε-

226 1357 418 1427 μαμένη
447 1355 535 1408 διὰ
566 1355 826 1426 σταυρίου
869 1353 902 1425 ἢ
937 1355 1230 1423 ὲγκολπίου
1266 1355 1430 1418 τινός.
1467 1355 1580 1409 Καὶ
1612 1353 1773 1408 τοῦτο

223 1451 315 1520 γὰρ
341 1452 394 1503 ὲν
421 1449 498 1520 τῷ
521 1449 708 1519 στήθει
750 1448 837 1500 διὰ
865 1447 962 1517 τὴν
994 1450 1058 1500 ὲκ
1087 1446 1315 1518 καρδίας
1357 1447 1669 1516 ὁμολογίαν.
1707 1446 1773 1498 Ἠ

226 1541 396 1612 ῥάϐδος
423 1540 478 1593 δὲ
511 1540 579 1611 ἢν
609 1539 852 1609 κατέχει,
881 1537 979 1608 τὴν
1011 1539 1260 1602 ἐξουσίαν
1284 1537 1436 1607 δηλοί
1473 1537 1568 1590 τοῦ
1604 1538 1773 1590 Πνεῦ-

227 1649 392 1704 ματος,
419 1631 512 1686 καὶ
539 1631 600 1684 τὸ
623 1631 973 1701 στηρικτικὸν
1017 1630 1113 1683 τοῦ
1141 1629 1292 1693 λαοῦ,
1332 1630 1426 1682 καὶ
1449 1628 1509 1682 τὺ
1539 1647 1775 1697 ποιμανε-

222 1727 376 1788 τικδν,
402 1727 497 1777 καὶ
520 1724 579 1777 τὺ
606 1723 820 1793 ὁδηγεῖν
842 1721 1124 1788 δύνασθαι,
1150 1722 1243 1774 καὶ
1263 1721 1322 1774 τὸ
1349 1719 1624 1775 παιδεύειν
1651 1723 1775 1785 τοὺς

223 1816 580 1883 ἀπειθοῦντας,
608 1817 700 1870 καὶ
753 1817 814 1870 τὸ
853 1816 1108 1884 συνάγειν
1155 1818 1236 1879 είς
1282 1815 1476 1868 ἑαυτὸν
1521 1815 1647 1878 τοὺς
1675 1831 1780 1884 μα-

1873 987 2112 1057 Spiritus
2138 995 2362 1041 sanctus
2394 984 2682 1039 descendit
2740 991 2794 1035 et
2827 981 3059 1049 gratiam
3113 978 3450 1043 accepimus.

1871 1077 1939 1132 Et
2011 1092 2078 1131 ex
2130 1076 2366 1130 fidelium
2423 1074 2586 1130 corde
2659 1073 2880 1126 flumina
2937 1073 3208 1122 donorum
3255 1066 3451 1118 tinttnt.

1873 1170 1939 1223 Et
1967 1170 2096 1224 illud
2127 1183 2300 1238 cappa
2333 1167 2628 1237 significat.
2667 1165 2730 1218 Et
2788 1167 3009 1233 signum
3049 1176 3112 1214 ac
3179 1158 3458 1214 confessio

1874 1261 2000 1316 tidei
2027 1261 2081 1315 in
2113 1258 2358 1329 episcopi
2421 1268 2644 1328 pectore
2709 1255 3066 1324 suspenditur
3133 1267 3229 1321 per
3279 1250 3460 1319 ψιοιι-

1875 1353 2000 1407 dam
2062 1351 2406 1417 erui-igcrum
2481 1364 2578 1403 seu
2659 1348 2930 1416 quoddam
2992 1343 3318 1414 pectorale;
3403 1345 3460 1392 et

1875 1443 2008 1500 illud
2073 1453 2158 1498 est
2211 1443 2266 1496 in
2321 1451 2564 1512 pectore,
2618 1451 2841 1514 prepter
2892 1441 3291 1496 confessionem
3335 1450 3460 1506 quae

1876 1550 1940 1589 ex
1980 1535 2148 1588 corde
2166 1535 2246 1588 tit.
2273 1533 2530 1587 Bai-nium
2554 1541 2735 1588 autem
2761 1535 2904 1602 quod
2925 1540 3121 1602 geStat,
3157 1530 3456 1600 potentiam

1879 1627 2118 1697 Spiritus
2163 1626 2436 1697 significat
2491 1635 2546 1682 et
2579 1624 2762 1696 populi
2810 1624 3060 1678 firmandi
3123 1637 3188 1676 ac
3227 1636 3461 1691 pascen—

1879 1719 1932 1774 di
1961 1718 2217 1784 oﬂicinm,
2252 1727 2308 1772 et
2334 1717 2600 1784 dirigendi
2626 1725 2949 1785 potestatem
2983 1721 3038 1768 et
3085 1713 3463 1767 inohedientes

1881 1813 2108 1868 docendi
2141 1821 2194 1866 et
2221 1813 2287 1865 ad
2317 1811 2529 1880 seipsos
2564 1809 2864 1864 reducendi
2907 1809 3001 1878 qui
3055 1809 3215 1876 longe
3243 1807 3466 1875 aberra-

136 1963 140 1967 .
223 1913 366 1984 κράν.
391 1911 481 1964 Διὸ
652 1909 824 1973 λαϐὰς
867 1909 942 1973 ὡς
973 1879 1221 1981 ἀγκύρας
1255 1909 1462 1963 ἄνωθεν
1495 1909 1629 1978 ἔχει,
1676 1879 1776 1960 ⁷καὶ

1891 1912 2078 1962 verunt
2117 1906 2263 1975 (ideo
2329 1907 2383 1958 in
2438 1905 2720 1974 superiore
2786 1915 2936 1969 parte
2990 1902 3252 1971 quasdam
3302 1914 3467 1953 ansas

221 2007 275 2056 τὸ
295 2005 500 2056 διώκειν
539 2001 665 2064 τοὺς
715 2001 1003 2071 θηριώδεις
1047 2018 1106 2054 τε
1140 2001 1231 2054 καὶ
1258 2001 1654 2070 λυμαντικοὺς,
1686 2002 1777 2053 καὶ

219 2095 510 2150 τελευταῖον
558 2093 650 2146 τὸν
705 2095 942 2164 σταυρὸν
998 2094 1094 2146 τοῦ
1124 2095 1363 2162 Χριστοῦ
1402 2093 1556 2162 δηλοῖ
1596 2092 1779 2147 καὶτὸ

219 2187 482 2257 τρόπαιον,
519 2185 576 2238 ἒν
601 2178 646 2253 ᾧ
688 2185 784 2239 καί⁵
818 2185 1079 2254 νικῶμεν,
1110 2185 1205 2237 καὶ
1262 2185 1653 2256 στηριζόμεθα,
1686 2186 1780 2238 καὶ

221 2275 570 2347 ὸδηγούμεθα,
602 2277 696 2329 καὶ
726 2277 1156 2346 ποιμαινόμεθα,
1196 2278 1291 2329 καὶ
1338 2278 1777 2347 σφραγιζόμεθα,

222 2373 309 2424 καὶ
334 2369 844 2439 παιδαγωγούμεθα,
890 2370 986 2422 καὶ
1022 2370 1293 2438 ἑλκόμεθα
1343 2371 1422 2432 είς
1450 2371 1684 2440 Χριστὸν
1714 2371 1782 2422 τὰ

210 2461 357 2530 -πάθη
408 2459 757 2532 νεκροῦντες,
800 2461 896 2513 καὶ
949 2460 1076 2522 τοὺς
1131 2458 1424 2530 πολεμίους
1489 2459 1780 2528 διώκομεν,

219 2555 307 2608 καὶ
342 2553 603 2606 πάντοθεν
647 2551 1053 2623 φυλαττόμεθα.
1089 2552 1254 2604 Ἀλλὰ
1299 2553 1390 2604 καὶ
1432 2552 1492 2603 τὸ
1523 2551 1781 2621 λαμπάδα

218 2645 460 2715 ἡμμένην
489 2643 845 2715 προηγεῖσθαι
868 2642 1034 2697 αὑτοῦ
1067 2645 1166 2712 τὴν
1190 2641 1396 2711 λάμψιν
1421 2642 1573 2713 δηλοῖ
1603 2643 1701 2711 τῆς
1726 2644 1782 2694 ὲν

187 2729 292 2807 ’τῷ
325 2737 572 2807 ἀρχιερεῖ
616 2737 859 2806 χάριτος,
897 2736 1086 2788 καὶτὸ
1129 2737 1197 2790 δι’
1225 2735 1393 2790 αὐτοῦ
1433 2736 1783 2806 μεταδοτικὺν

218 2829 379 2896 αὐτῆς
409 2830 544 2896 πρός
568 2843 627 2879 τε
663 2827 992 2897 ἱερατικοὺς,
1029 2830 1123 2880 καὶ
1151 2829 1276 2892 τοὺς
1305 2828 1526 2891 λοιποὺς
1555 2832 1784 2891 πιστοϋς

217 2920 477 2981 ἅπαντας·
509 2919 690 2973 Πάντα
723 2919 831 2987 γὰρ
864 2921 934 2972 τὰ
965 2920 1114 2988 δῶρα
1158 2921 1216 2974 ἐν
1251 2922 1386 2974 πᾶσι
1437 2921 1526 2975 διὰ
1559 2921 1657 2990 τῆς
1688 2923 1784 2989 ἁρ-

220 3011 532 3081 χιερατικῆς
566 3011 810 3080 χάριτος,
842 3013 936 3064 καὶ
962 3011 1114 3064 οὐδὲν
1147 3013 1314 3082 χωρὶς
1342 3013 1510 3082 αὐτῆς
1539 3028 1552 3042 °
1583 3013 1664 3066 διὸ
1693 3015 1786 3066 καὶ

219 3102 539 3171 φωτιστικδς
569 3103 598 3152 ό
624 3104 918 3172 ἀρχιερεὺς
950 3104 1098 3174 παρά
1127 3105 1205 3173 τῷ
1238 3104 1368 3176 ἱερῷ
1391 3105 1652 3175 Διονυσίῳ
1684 3122 1786 3159 κα·

1881 2012 2137 2069 tanquatn
2183 1997 2452 2052 anchoras
2487 1997 2648 2050 habet
2679 1994 2722 2066 ),
2747 2004 2801 2049 et
2852 1993 3210 2064 persequendi
3241 2006 3337 2046 eos
3371 1990 3464 2060 qui

1881 2091 1979 2147 feri
2011 2102 2211 2147 suntet
2251 2090 2446 2145 rabidi.
2473 2091 2705 2145 Demum
2766 2089 3040 2161 Signiﬁcat
3093 2087 3298 2142 Christi
3339 2101 3467 2139 cru-

1879 2197 1999 2241 9cm
2029 2197 2084 2240 et
2127 2197 2388 2253 "elucum
2447 2185 2501 2237 in
2537 2199 2646 2254 quo
2692 2191 2744 2238 et
2772 2183 3039 2237 vincimus
3087 2191 3142 2235 ct
3187 2181 3470 2234 iirtnamnr

1883 2286 1936 2333 et
1986 2277 2290 2347 dirigimur,
2327 2287 2380 2330 et
2421 2277 2714 2346 pascimur,
2765 2285 2820 2327 ct
2877 2275 3192 2345 signantur,
3223 2281 3278 2328 et
3308 2270 3471 2325 doce-

1885 2386 2026 2433 mur,
2065 2380 2112 2424 et
2159 2362 2428 2422 trahimur
2484 2371 2536 2421 in
2565 2367 2870 2432 Christum,
2907 2367 3237 2436 cupiditates
3297 2363 3470 2418 malas

1887 2463 2311 2521 ntortitlcanles.
2351 2470 2401 2514 el
2454 2460 2641 2515 hostes
2694 2461 3094 2529 persequimur,
3135 2467 3188 2512 et
3228 2458 3471 2524 undique

1888 2555 2250 2611 custodimus.
2281 2554 2348 2608 Et
2379 2554 2524 2623 quod
2560 2564 2686 2607 ante
2717 2552 2890 2621 ipsmn
2923 2554 3128 2620 lampas
3162 2550 3470 2620 praifertur,

1889 2649 1941 2703 id
1978 2647 2217 2703 ostendit
2247 2645 2592 2716 splendorem
2616 2646 2802 2713 gratim
2830 2660 2953 2714 qua:
2983 2653 3066 2698 est
3105 2642 3160 2697 in
3191 2643 3470 2710 episeopo,

1889 2751 1944 2796 et
1971 2742 2088 2812 ejus
2119 2739 2469 2794 traditionem
2519 2747 2575 2792 et
2604 2736 2986 2792 sacerdotibus
3016 2746 3068 2790 et
3117 2736 3329 2789 caeteris
3352 2749 3474 2787 om-

1892 2833 2052 2887 nibus
2083 2815 2577 2886 fidelibus/Omnia
2607 2832 2750 2884 enim
2782 2831 2895 2882 hare
2950 2829 3091 2882 dona
3125 2827 3179 2881 in
3213 2827 3473 2881 omnibus

1891 2939 1986 2994 per
2013 2924 2378 2994 epise0palem
2415 2925 2667 2992 gratiam,
2699 2931 2752 2977 ct
2777 2921 2910 2976 nihil
2941 2923 3061 2976 sine
3110 2936 3196 2974 ea.
3256 2919 3380 2973 Ideo
3407 2927 3464 2972 et

1891 3016 2109 3072 Lucifer
2127 3018 2419 3084 episcopus
2458 3015 2600 3085 apud
2635 3023 2886 3068 sanctum
2929 3011 3250 3084 Dionysium
3289 3011 3472 3065 nomi-

1893 3119 2076 3178 natur,
2101 3120 2156 3165 et
2186 3111 2399 3164 Patrem
2439 3109 2718 3178 ,lnminntn
2768 3109 3034 3172 imitatur,
3081 3117 3135 3160 et
3177 3121 3362 3158 verum
3395 3104 3478 3157 lu—

217 3195 407 3259 λεῖται,
445 3195 540 3247 καὶ
576 3195 665 3247 τὸν
696 3196 913 3265 Πατέρα
952 3198 1269 3266 ἐκμιμεῖται
1299 3198 1409 3250 τῶν
1445 3199 1663 3267 φώτων,
1694 3200 1788 3252 καὶ

1896 3219 2020 3256 men
2080 3202 2286 3267 Jesum,
2339 3210 2392 3254 et
2444 3202 2818 3270 apostolorum
2878 3200 3041 3253 habet
3094 3197 3346 3268 gratiam,
3380 3197 3478 3267 qui

215 3287 277 3341 τὸ
312 3286 562 3356 ἀληθινὸν
608 3287 722 3354 φῶς
775 3287 866 3341 τὸν
901 3286 1132 3356 Ἰησοῦν,
1172 3291 1268 3343 καὶ
1320 3289 1430 3342 τῶν
1478 3291 1788 3343 ἀποστόλων

213 3380 327 3448 ἔχει
354 3380 452 3450 τὴν
486 3379 663 3448 χάριν,
691 3377 740 3432 οἳ
776 3380 891 3448 φῶς
936 3379 1029 3432 τοῦ
1065 3382 1272 3450 κόσμου
1313 3376 1646 3452 ἐκλήθηᾶαν.
1683 3383 1790 3435 Καὶ

213 3470 274 3521 τὸ
303 3468 674 3522 διδασκαλικὸν
720 3470 776 3520 δὲ
813 3470 1059 3539 χάρισμα
1107 3470 1168 3521 τὺ
1204 3470 1317 3538 φῶς
1358 3472 1547 3540 προϊὸν
1584 3470 1790 3540 σημαί-

212 3581 317 3625 νει,
351 3562 450 3632 τὴν
479 3561 683 3631 λάμψιν
717 3564 962 3633 παρέχον
993 3564 1089 3632 τῆς
1121 3563 1214 3615 τοῦ
1245 3563 1379 3616 Θεοῦ
1411 3564 1667 3632 γνώσεως
1701 3563 1793 3615 καὶ

209 3656 324 3708 τῶν
374 3655 605 3723 ἀρετῶν,
654 3657 749 3708 καὶ
778 3656 857 3707 ἔτι
902 3656 1003 3724 τὴν
1041 3656 1342 3725 ἀγγελικὴν
1374 3655 1472 3707 καὶ
1515 3655 1664 3706 θείαν
1699 3656 1792 3707 καὶ

211 3746 634 3816 κεκαθαρμένην
661 3749 753 3802 καὶ
793 3747 1065 3818 φωτεινὴν
1093 3749 1202 3800 τῶν
1234 3748 1398 3818 ἱερῶν
1436 3747 1648 3815 ἀνδρῶν
1677 3748 1792 3816 βιο-

207 3838 333 3908 τὴν,
383 3839 478 3890 καὶ
514 3838 748 3907 μάλιστά
782 3855 844 3903 γε
891 3840 997 3891 τῶν
1031 3826 1390 3901 διδασκάλων,
1429 3837 1556 3906 περὶ
1595 3831 1668 3888 ὢν
1701 3836 1793 3904 γέ-

208 3943 480 3994 γραπται,
521 3945 541 3980 ι
577 3929 860 3998 Λαμψάτω
895 3930 958 3982 τὸ
988 3931 1103 3999 φῶς
1136 3931 1292 4002 ὑμῶν
1341 3931 1653 4000 ἔμπροσθεν
1689 3929 1797 3982 τῶν

210 4019 542 4088 ἀνθρώπιον,
572 4020 718 4084 ὅπως
752 4022 999 4096 ἴδωσι-τὰ
1036 4022 1174 4076 καλὰ
1215 4022 1370 4092 ὑμῶν
1397 4021 1557 4092 ἔργα,
1597 4021 1798 4074 x1160-

209 4111 421 4174 ξάσωσι
448 4113 539 4165 τὸν
566 4113 786 4182 Πατέρα
812 4114 964 4182 ὑμῶν
992 4115 1082 4166 τὸν
1115 4118 1173 4166 ἐν
1197 4118 1303 4176 τοῖς
1330 4115 1582 4183 οὐρανοῖς
1604 4131 1618 4147 ·
1655 4132 1673 4165 ι
1706 4115 1799 4167 καὶ

207 4201 293 4254 ἑτι
327 4203 410 4254 ὅτι
443 4204 578 4272 προς
610 4205 670 4256 τὸ
701 4204 816 4272 φῶς
848 4207 1032 4275 ὁδηγεῖ
1057 4208 1084 4258 ό
1111 4207 1424 4276 ἀρχιερεὺς,
1457 4206 1801 4276 ἐκμιμούμεο

205 4310 299 4357 νος
334 4295 570 4364 Χριστὸν
613 4297 672 4348 τὸ
703 4297 818 4364 φῶς
869 4299 963 4351 τιῦ
1022 4299 1252 4368 κόσμου,
1294 4299 1389 4359 ὠς·
1427 4299 1554 4369 ἔφη,
1589 4300 1670 4351 ὅτι
1707 4302 1800 4352 καὶ

203 4385 314 4454 τὴν
351 4387 517 4438 αὐτοῦ
554 4386 777 4440 πλουτεί
808 4389 989 4458 χάριν,
1037 4394 1132 4444 καὶ
1166 4390 1301 4459 πρὸς
1331 4391 1494 4443 αὑτὸν
1519 4392 1644 4459 ἄγει
1674 4393 1800 4454 τοὺς

204 4478 520 4546 ἑπομένους
577 4478 744 4545 αὐτῷ.
779 4480 965 4533 Ἰαῦτα
1021 4481 1120 4548 μὲν
1169 4481 1237 4534 τὰ
1282 4481 1506 4534 τοιαῦτα
1556 4483 1798 4552 δηλοῦσι,

203 4573 314 4621 καὶ
344 4566 427 4620 ἔτι
461 4569 707 4637 μείζονα,
736 4565 824 4622 οἷα
851 4570 915 4623 ἀν
945 4586 1031 4630 τις
1065 4572 1308 4641 ὲν”.οὴσοι
1337 4572 1443 4625 τῶν
1473 4571 1655 4627 θείων.

802 4683 1057 4736 ΚΕΦΑΛ.
1095 4684 1222 4739 llA’.

199 4769 353 4824 Ὅτι
389 4771 540 4825 ἑπτὰ
568 4771 640 4826 τὰ
682 4772 790 4827 τοῦ
815 4773 1136 4842 ἀρχιερέως
1183 4775 1305 4843 ιερὰ
1340 4773 1664 4842 ἐνδύματα,
1702 4775 1798 4828 καί

320 4844 464 4894 τίνα
493 4843 702 4908 ταῦτα,
737 4845 835 4896 καὶ
862 4849 914 4898 τι
951 4845 1216 4898 ἕκαστον
1240 4846 1471 4897 τούτων
1500 4845 1693 4913 δηλοῖ.

293 4932 366 4986 ὐ
407 4935 464 4986 δὲ
508 4937 795 5006 ἀρχιερεὺς
841 4935 1085 4989 ἐνδύεται
1131 4937 1250 5002 μὲν,
1284 4938 1358 4998 ὡς
1383 4927 1709 5006 εἰρήκαμεν,
1746 4937 1806 4991 τὸ

196 5031 525 5100 πιχὰριον,
555 5030 628 5092 ὼς
653 5030 858 5098 ἔνδυμα
885 5029 1194 5097 ἀφθαρσίας
1227 5029 1492 5098 φωτεινὸν
1518 5031 1610 5082 καὶ
1640 5031 1808 5098 ἁγιω-

195 5121 411 5192 σύνης,
444 5122 506 5173 τὸ
555 5121 792 5191 καθαρὴν
848 5125 942 5174 καὶ
990 5121 1320 5190 φωτιστικὸν
1364 5120 1567 5192 Ἰησοῦ,
1605 5122 1700 5174 καὶ
1743 5123 1804 5174 τὸ

184 5215 316 5266 τῶν
361 5201 617 5282 ἀγγέλων.
640 5213 804 5281 ἁγνὸν
841 5212 936 5265 καὶ
990 5212 1243 5282 λαμπρὸν
1273 5211 1466 5283 δηλοῦν
1497 5226 1511 5242 ·
1567 5210 1661 5263 καὶ
1703 5211 1803 5280 τὴν

180 5310 390 5376 εὐχήν
444 5323 609 5377 φησιν
661 5307 770 5360 ἀπὸ
822 5310 914 5361 τοῦ
952 5304 1208 5375 Ψαλμοῦ,
1245 5303 1714 5372 (Ἄγαλλιὰσεται
1767 5303 1800 5374 ή

179 5399 360 5468 ψυχή
421 5415 522 5469 μου
571 5402 663 5452 ἐπὶ
703 5399 780 5470 τῷ
816 5401 1020 5472 Κυρίῳ.
1062 5419 1080 5451 ι
1127 5394 1256 5451 Εἶτα
1297 5398 1356 5450 τὸ
1385 5397 1798 5466 ὲπιτραχήλιον,

175 5491 297 5556 τὴν
349 5490 570 5544 ἄνωθεν
622 5490 689 5543 ἐκ
732 5491 826 5543 τοῦ
866 5489 1096 5561 οὐρανοῦ
1128 5490 1238 5542 ἀπὸ
1277 5486 1526 5556 κεφαλῆς
1559 5487 1809 5540 δοθεῖσαν
1843 5557 1847 5559 _

174 5581 373 5651 χάριν
408 5584 675 5650 σημαῖνον
699 5597 716 5612 ο
750 5585 843 5633 καὶ
879 5582 912 5645 ἠ
942 5580 1076 5650 εὐχὴ
1103 5579 1260 5632 τοῦτό
1294 5595 1482 5648 φησιν,
1511 5597 1529 5629 ι
1564 5579 1806 5650 Εὐλογη-

173 5677 284 5738 τὸς
328 5677 366 5728 ὁ
399 5673 532 5736 Θεὸς
571 5675 598 5725 ὁ
639 5673 846 5743 ὲκχέυν
874 5673 972 5744 τὴν
1004 5675 1164 5744 χάριν
1206 5671 1370 5725 αὐτοῦ
1424 5672 1534 5748 ἐπὶ.
1560 5675 1686 5736 τοὺς
1723 5674 1801 5726 is.

1893 3297 2076 3350 lumen
2113 3295 2300 3350 mundi
2332 3294 2584 3364 appellati
2621 3303 2770 3349 sunt.
2801 3293 2863 3347 Et
2893 3292 3151 3347 doctrina:
3181 3292 3480 3358 charisma,

1893 3389 2071 3442 lumen
2107 3389 2419 3457 prieecdens
2469 3387 2696 3450 indicat,
2729 3387 3189 3440 illuminzitionem
3223 3386 3472 3453 praebens

1892 3490 1944 3533 et
1985 3479 2074 3532 Dei
2104 3481 2346 3534 scientiae
2384 3489 2439 3533 et
2471 3479 2770 3544 virtutum;
2800 3487 2854 3533 et
2885 3478 3067 3532 adhuc
3095 3477 3396 3546 angelicam
3427 3484 3482 3531 et

1894 3572 2130 3626 divinam
2155 3581 2207 3625 et
2241 3571 2555 3626 nutndatatn
2609 3581 2666 3626 et
2712 3572 2943 3626 lucidam
2984 3582 3298 3626 sanctorum
3334 3572 3482 3624 viro-

1893 3683 2015 3722 rum
2067 3668 2254 3732 vilam,
2288 3677 2338 3722 et
2370 3670 2641 3737 praecipue
2670 3667 2957 3723 doctorum
3006 3666 3073 3722 de
3105 3668 3304 3734 quibus
3338 3667 3480 3720 scri-

1896 3766 2044 3828 ptum
2075 3767 2159 3813 est
2191 3775 2206 3812 :
2240 3775 2258 3808 ι
2296 3756 2504 3811 Lueeat
2556 3757 2647 3811 lux
2703 3766 2887 3811 vestra
2943 3770 3130 3810 coram
3167 3755 3483 3810 hominith

1896 3859 1955 3905 ut
1993 3851 2208 3905 videant
2235 3865 2400 3919 opera
2426 3860 2605 3904 vestra
2640 3851 2780 3903 hona
2832 3861 2888 3902 et
2914 3849 3224 3918 gloriﬁcent
3262 3847 3477 3902 Patrem

1895 3950 2134 3995 vestrum
2183 3941 2274 4008 qui
2328 3941 2380 3993 in
2432 3939 2587 3994 cmlis
2649 3948 2750 3992 est.
2792 3959 2810 3989 ι
2848 3937 2910 3991 Ει
2957 3938 3136 3993 adhuc
3181 3938 3246 3992 ad
3297 3939 3478 3992 lumen

1896 4033 2048 4088 ducit
2079 4033 2390 4101 episcOpns,
2421 4030 2723 4097 Christum,
2757 4031 2940 4085 lumen
3003 4032 3190 4084 mundi
3231 4031 3474 4093 imitans,

1899 4125 2156 4184 utdixit;
2213 4127 2330 4194 ejus
2365 4126 2537 4195 gratia
2597 4133 2827 4177 ornatur
2877 4125 3245 4188 abundanter,
3308 4133 3359 4176 et
3409 4123 3478 4177 ad

1897 4234 2016 4274 eam
2051 4219 2202 4273 ducit
2231 4233 2325 4274 eos
2365 4219 2456 4288 qui
2496 4219 2674 4288 ipsum
2727 4227 3055 4286 sequuntur.
3107 4216 3229 4271 llaec
3255 4218 3479 4286 quidem

1902 4311 2024 4365 talia
2079 4312 2344 4378 indicant,
2391 4319 2444 4366 et
2479 4311 2662 4365 adhuc
2694 4311 2904 4381 majora
2932 4310 3114 4380 qualia
3143 4311 3269 4380 quis
3295 4310 3480 4382 divina

1901 4403 2138 4471 cogitare
2169 4404 2320 4457 velit.

1833 4565 1876 4621 D

2419 4685 2675 4743 CAPUT.
2730 4684 2971 4740 LXXXI.

1907 4781 2114 4850 Septem
2136 4796 2248 4836 esse
2272 4780 2580 4834 indumenta
2616 4781 2862 4848 episcopi,
2897 4789 2946 4832 et
2973 4794 3218 4847 quamam
3249 4778 3362 4831 haec
3397 4777 3493 4847 (‘),

2217 4866 2264 4906 et
2303 4855 2428 4922 quid
2464 4869 2556 4922 per
2585 4853 2797 4921 singula
2829 4851 3176 4918 signiﬁcetur.

1982 4943 2283 5015 Episcopus
2324 4945 2574 4999 induitur
2600 4945 2846 5012 quidem,
2887 4951 2944 4996 nt
2975 4943 3234 5003 diximus,
3289 4938 3494 4996 sticliaa

1910 5034 2013 5099 rio,
2059 5045 2316 5106 tanquam
2388 5035 2821 5088 immortalitatis
2875 5043 2930 5087 et
2984 5034 3290 5086 sanctitatis
3329 5031 3490 5085 indu-

1914 5137 2098 5182 mento
2125 5128 2324 5188 lucido,
2357 5130 2645 5196 puritatem
2679 5137 2734 5181 et
2756 5126 2938 5179 lumen
2973 5123 3124 5190 Jesn,
3147 5124 3495 5192 angelorum-
3542 5129 3544 5131 ’

1911 5237 2016 5286 que
2051 5220 2375 5300 munditiam
2412 5227 2466 5272 et
2495 5219 2841 5288 splendorem
2885 5219 3232 5273 ostendente.
3272 5219 3334 5273 Et
3367 5234 3492 5272 orao

1911 5298 2112 5367 tionem
2157 5326 2224 5364 ex
2288 5298 2499 5378 psalmo
2557 5315 2869 5377 excerptam
2921 5309 3052 5363 dicit
3091 5325 3104 5363 :
3148 5309 3495 5366 «Exsultahit

1909 5404 2087 5457 animo
2123 5416 2240 5455 mea
2274 5401 2325 5454 in
2366 5400 2615 5454 Domino.
2662 5417 2681 5451 ι
2739 5399 2944 5459 Deinde
3003 5400 3364 5467 epitraclielio
3413 5402 3497 5455 in-

1918 5496 2126 5558 duitnr,
2152 5509 2272 5547 eam
2307 5506 2430 5562 quae
2485 5490 2557 5546 de
2611 5506 2828 5547 sursum
2865 5507 2896 5546 e
2927 5493 3067 5547 cmlo
3097 5508 3127 5546 a
3169 5496 3345 5562 capite
3371 5495 3497 5549 data

1913 5595 2017 5651 est,
2053 5585 2282 5654 gratiam
2319 5583 2613 5638 indicante.
2647 5583 2786 5638 Etid
2818 5585 3076 5653 exprimit
3102 5584 3315 5638 oratio:
3345 5603 3364 5634 ς
3393 5583 3496 5638 De.

1913 5676 2169 5732 nedictus
2208 5676 2376 5740 Deus,
2416 5676 2511 5745 qui
2540 5676 2765 5730 effundit
2789 5677 3018 5747 gratiam
3048 5692 3202 5731 suam
3233 5677 3285 5728 in
3313 5689 3498 5742 sacere

259 5797 282 5814 ‘
321 5791 410 5843 Τὸ
462 5786 761 5857 στιχάριον,
819 5786 879 5841 τὸ
931 5786 1342 5858 ἐπιτραχήλιον,
1399 5784 1435 5857 ἠ
1465 5787 1633 5859 ζώνη,
1692 5791 1754 5845 τὸ
1811 5791 2190 5860 ὲπιγονάτιον,
2240 5790 2310 5845 τὰ
2364 5790 2711 5859 ἐπιμανίκια,
2769 5790 2828 5843 τὸ
2883 5787 3178 5858 φαινόλιον,
3229 5786 3291 5839 τὸ
3333 5788 3498 5842 πολυ·

177 5866 497 5928 σταύριον.
