4038 6432
233 376 323 444 261

818 490 1073 547 ΚΕΦΑΛ.
1097 488 1222 545 Ill”.

233 584 291 637 Τί
335 582 616 649 σημαίνει
679 579 745 634 τὸ
805 583 1142 651 λαμϐάνειν
1170 582 1458 647 εὐλογίαν
1498 583 1657 650 παρὰ
1703 583 1811 636 τοῦ

294 657 532 717 ,πρώτου
577 651 898 720 ἀρχιερέως
932 655 1074 718 τούς
1123 672 1186 707 τε
1239 656 1342 706 ὑπ’
1381 655 1571 705 αὑτὸν
1611 655 1810 721 ἀρχιε-

287 723 414 791 ρεῖς
465 722 643 789 ῖερεῖς
699 740 764 775 τε
812 723 912 776 καὶ
954 724 1308 790 κληρικοὺς,
1338 726 1408 777 ὲν
1447 722 1527 786 τῷ
1553 725 1812 788 μέλλειν

295 793 404 858 τὰς
434 793 595 860 ἱερὰς
629 792 834 864 αὐτῶν
861 794 1093 858 στολὰς
1131 795 1480 857 ἐνδύεσθαι,
1511 794 1606 844 καί
1631 796 1807 864 μετά-

293 880 465 917 νοιαν
495 863 710 918 ποιεῖν.

308 957 364 1010 Ὀ
400 957 578 1027 ἱερεὺς
609 956 668 1010 δὲ
715 959 773 1010 ἐν
802 957 879 1028 τῷ
917 959 1313 1032 ουσιαστηρίῳ,
1349 961 1564 1030 πρῶτον
1596 959 1674 1030 τῷ
1707 960 1810 1030 ἀρα

223 1052 398 1121 χιερετ
427 1050 840 1119 προσκυνήσας,
875 1051 975 1120 τὴν
1019 1052 1301 1124 ὑποταγὴν
1349 1054 1686 1116 ἐπιδεικνὺς,
1713 1053 1810 1106 καὶ

223 1139 471 1207 εὐλογίας
516 1139 794 1204 ἀξιωθεὶς,
850 1143 1086 1194 ποιεῖται
1133 1144 1233 1210 τὴν
1262 1145 1674 1215 προσκομιδήν·
1727 1145 1812 1196 δεῖ

226 1233 329 1302 γάρ
364 1234 529 1301 εὐχὴν
554 1234 924 1302 προηγεῖσθαι
957 1237 1067 1288 τῶν
1093 1237 1255 1290 θείων
1288 1238 1486 1309 ἔργων,
1517 1238 1610 1292 καὶ
1640 1241 1808 1294 αἰτεῖ-

227 1329 348 1379 συαι
375 1323 727 1395 συγχώρησιν
752 1341 766 1355 ⁸
795 1326 876 1379 διὸ
909 1327 1175 1398 πρότερον
1199 1329 1454 1398 εὐλογίαν
1479 1331 1679 1397 λαϐὼν,
1712 1333 1806 1386 καὶ

226 1420 610 1486 ἀτπασάμενος
637 1417 739 1487 τὴν
767 1421 925 1489 χεῖρα
959 1421 1052 1472 τοῦ
1079 1422 1339 1492 ίεράρχου
1382 1423 1464 1486 είς
1490 1424 1552 1476 τὺ
1592 1425 1807 1496 ἱερουρ-

223 1511 341 1576 γεῖν
374 1512 699 1579 ἀπέρχεται,
728 1510 805 1573 ὡς
836 1512 929 1564 καὶ
956 1513 1222 1583 πρότερον
1249 1516 1307 1566 ὲν
1340 1515 1418 1584 τῷ
1464 1516 1682 1584 μέλλειν
1715 1519 1808 1570 ὲν-

222 1602 443 1655 δύεσθαι
495 1602 593 1664 τὰς
647 1603 928 1670 ἱερατικὰς
977 1603 1126 1674 αύτῷ
1185 1605 1379 1669 στολὰς
1429 1609 1478 1660 oi
1538 1608 1802 1674 διάκονοι,

225 1694 629 1765 μαρτυροῦντες
655 1689 802 1748 οὗτοι
834 1693 928 1748 καὶ
959 1695 1124 1764 ίεριῖς
1157 1698 1249 1751 καὶ
1272 1683 1571 1768 ἀρχιερεῖς,
1600 1701 1806 1765 πάντες

220 1786 378 1840 τοῦτο
408 1786 691 1850 ποιοῦντες
719 1786 838 1840 κατ’
869 1788 1115 1861 ὀφειλὴν,
1156 1790 1230 1853 ὡς
1277 1791 1364 1845 διὰ
1394 1793 1494 1862 τῆς
1526 1793 1621 1846 τοῦ
1657 1794 1807 1864 πρώ-

220 1899 315 1933 του
347 1880 535 1934 τούτου
567 1882 871 1951 ἀρχιερέως
897 1883 1082 1952 χειρδς
1107 1880 1255 1938 οὗτοι
1303 1889 1804 1957 κεχειροτόνηνται,

221 1973 313 2026 καὶ
359 1971 641 2043 ἀρχιερεῖς
685 1975 780 2028 καὶ
821 1976 990 2044 ἱερεῖς
1023 1975 1133 2028 εἰσί
1178 1994 1238 2028 τε
1279 1980 1374 2030 καὶ
1411 1978 1686 2048 κληρικοὶ,
1711 1981 1806 2032 καὶ

219 2063 325 2133 97
365 2065 463 2132 τῆς
507 2064 760 2132 εὐλογίας
813 2067 1126 2136 μετέχουσι,
1183 2063 1275 2121 καὶ
1328 2069 1430 2139 τὴν
1477 2070 1807 2124 ταπείνωσιν

218 2156 563 2219 ἅποπὼζουσι
591 2155 686 2208 καὶ
710 2156 810 2228 τὴν
833 2157 991 2222 τάξιν
1011 2171 1026 2186 ·
1065 2161 1156 2211 καὶ
1186 2159 1268 2212 ὅτι
1294 2160 1697 2229 προσέρχονται
1729 2160 1805 2231 τῷ

220 2247 337 2315 Θεῷ
376 2247 493 2316 μετ’
521 2247 776 2316 εὐλογίας
802 2248 896 2302 καὶ
927 2252 1327 2322 σνγχωρήσεως
1348 2268 1363 2283 ο
1395 2253 1490 2305 καὶ
1521 2253 1642 2323 μετ’
1672 2256 1806 2307 ὑπο-

218 2343 392 2410 ταγῆς
423 2357 482 2392 τε
533 2341 626 2395 καὶ
672 2341 895 2413 είρὴνης
936 2342 998 2395 τὸ
1047 2343 1150 2414 τῆς
1198 2345 1475 2408 διακονίας
1522 2347 1805 2402 ἐκτελέσαι

219 2431 446 2494 ἕκαστος
477 2431 720 2502 ἔρχεται.
762 2433 1043 2488 ’Δπελθὼν
1069 2436 1163 2489 οὖν
1196 2438 1339 2504 μετὰ
1383 2438 1482 2510 τὴν
1517 2439 1805 2512 συγχώρη-

222 2541 304 2576 σιν
336 2528 428 2577 καὶ
456 2525 708 2592 εὐλογίαν
759 2525 868 2580 τῶν
897 2527 1095 2596 ἱερέων
1131 2529 1157 2580 ὁ
1201 2528 1477 2599 δεύτερος.
1513 2531 1702 2604 ἐπειδὴ
1735 2533 1804 2586 τὰ

215 2617 482 2687 προοίμια
507 2619 607 2686 τῆς
643 2619 955 2690 ἱερουργίας
982 2621 1152 2687 τελεῖ,
1183 2623 1279 2674 καὶ
1315 2624 1390 2686 ὡς
1416 2623 1485 2676 τὰ
1513 2625 1802 2696 δευτεραῖα

212 2711 306 2766 τοῦ
366 2711 585 2782 πρώτου
629 2713 774 2782 ἔχων
831 2715 1002 2778 ἐστὶν,
1055 2715 1088 2783 ἢ
1125 2714 1328 2784 μᾶλλον
1375 2719 1556 2772 εἰπεῖν
1597 2718 1664 2772 τά
1693 2720 1803 2772 τῶν

212 2806 510 2874 προφητῶν
539 2804 799 2874 ἐμφαίνει
825 2807 1035 2859 τυπικὰ
1071 2807 1374 2878 αἰνίγματα
1408 2810 1504 2863 καὶ
1541 2811 1802 2888 πράγμα-

208 2914 277 2949 τα
309 2899 404 2949 καὶ
455 2897 806 2967 κηρύγματα,
841 2899 900 2950 ἐν
947 2902 1013 2970 τῇ
1060 2901 1320 2970 προθέσει
1371 2902 1481 2974 γὰρ
1533 2904 1684 2974 λέγει
1732 2907 1802 2961 τΞι

211 2991 342 3060 περὶ
380 2992 480 3058 τῆς
513 2990 732 3060 σφαγῆς
771 2993 866 3045 καὶ
897 2993 994 3046 τοῦ
1032 2995 1269 3049 θανάτου
1316 2997 1581 3066 Χριστοῦ,
1610 3001 1675 3053 ὲκ
1706 3001 1798 3054 τοῦ

221 3082 592 3136 Ἠσαῖουικαὶ
639 3084 747 3137 τῶν
790 3075 1018 3153 λοιπῶν,
1056 3087 1151 3141 καὶ
1187 3089 1246 3142 ὲν
1289 3091 1364 3158 τῷ
1393 3094 1460 3144 τὰ
1491 3091 1640 3162 δῶρα
1668 3093 1817 3162 ’προ-¹

1431 378 1528 438 DE
1575 377 1816 440 SACRA
1850 379 2253 443 LITURGIA.
3399 387 3509 452 962

2443 499 2673 558 CAPUT
2709 499 2996 555 LXXXI”.

1928 588 2072 656 Quid
2102 591 2364 660 signiﬁcet
2393 593 2534 659 quod
2572 594 2981 646 benedictionem
3024 595 3088 647 ab
3119 595 3514 663 archiepiscopo

1998 663 2261 725 accipiunt
2308 663 2399 732 qui
2447 665 2541 717 sub
2572 681 2630 718 eo
2665 672 2787 716 sunt
2827 664 3080 731 episcopi,
3117 669 3414 719 sacerdotes
3463 675 3517 717 et

1996 732 2196 792 clerici.
2227 732 2440 800 quando
2474 735 2652 786 volunt
2681 751 2866 786 sacras
2899 740 3065 788 stolas
3107 753 3232 789 suos
3275 737 3519 800 induere,

1997 811 2152 871 atque
2181 813 2338 870 caput
2372 815 2420 856 et
2448 821 2638 874 corpus
2683 822 2862 858 (orant
2890 805 2980 857 illo
3011 806 3288 859 inclinant.

2000 955 2272 1014 Sacerdos
2329 960 2380 1014 in
2411 960 2567 1015 altari
2625 963 2862 1031 primum
2917 971 3044 1018 ante
3099 962 3407 1032 pontificem
3455 979 3523 1017 se-

1926 1052 2253 1117 prosteruit,
2294 1052 2658 1107 obedientiam
2699 1055 3018 1119 ostendens,
3045 1065 3101 1111 et
3131 1055 3515 1110 benedictione

1925 1150 2173 1208 accepta,
2209 1143 2544 1196 oblationem
2579 1143 2730 1201 iacit.
2763 1144 2991 1214 Oportet
3022 1145 3168 1200 enim
3203 1146 3511 1199 orationem

1929 1233 2115 1287 divina
2149 1248 2314 1302 opera
2348 1235 2656 1306 pra'cedcre
2696 1246 2751 1291 et
2783 1237 2996 1290 veniam
3046 1236 3350 1306 implorari.
3387 1237 3524 1291 Ideo

1924 1324 2078 1392 prius
2116 1323 2555 1379 benedictionem
2607 1328 2806 1396 accipit
2840 1337 2894 1381 et
2955 1341 3178 1381 manum
3229 1327 3519 1383 Pontilicis-

1921 1414 2240 1480 osculatur,
2283 1431 2444 1483 quam
2503 1418 2566 1471 ad
2616 1416 3038 1481 sacrificandum
3117 1420 3296 1473 abeat.
3343 1420 3416 1473 ita
3455 1429 3510 1472 et

1925 1508 2080 1576 prius
2121 1506 2334 1562 faciunt
2379 1507 2592 1563 diaconi
2624 1550 2639 1571 ,
2701 1527 2824 1564 cum
2858 1528 3044 1566 sacras
3097 1513 3202 1566 sibi
3258 1514 3517 1582 proprias-

1920 1609 2102 1658 vestes
2143 1604 2195 1656 in
2231 1619 2294 1657 eo
2329 1613 2458 1659 sunt
2503 1615 2562 1659 ut
2621 1606 2883 1670 induant,
2918 1607 3224 1661 indicantes
3256 1608 3291 1661 ii
3345 1619 3393 1662 et
3424 1623 3511 1662 sl-

1916 1693 2170 1748 cerdotes
2227 1703 2281 1748 et
2330 1695 2575 1765 episcopi
2605 1738 2618 1762 ,
2661 1697 2791 1751 dum
2850 1699 2902 1753 id
2967 1699 3196 1763 factum,
3235 1715 3292 1753 se
3341 1716 3505 1754 manu

1922 1787 2082 1853 primi
2123 1785 2404 1842 Pontiﬁcis
2437 1781 2720 1846 ordinatas
2753 1807 2873 1846 eSse
2901 1801 2952 1845 et
2985 1809 3078 1861 per
3124 1808 3248 1846 eum
3297 1810 3353 1864 se
3385 1811 3518 1849 esse

1915 1885 1971 1929 et
1999 1878 2318 1932 sacerdotes
2347 1887 2402 1932 et
2431 1881 2742 1950 episcopos,
2777 1892 2830 1934 et
2860 1881 3090 1937 clericos
3114 1899 3129 1950 ;
3162 1894 3216 1938 et
3245 1885 3507 1939 benedic-

1923 1969 2128 2022 tionem
2189 1971 2520 2042 participant
2573 1981 2626 2028 et
2661 1974 3024 2030 humilitatem
3068 1988 3289 2032 servant
3324 1989 3378 2032 et
3413 1992 3516 2032 ονο-

1911 2059 2115 2114 dinem.
2179 2060 2246 2116 Et
2299 2064 2366 2117 ad
2422 2063 2594 2119 Deum
2648 2081 2771 2120 cmn
2826 2067 3208 2129 benedictione
3241 2081 3294 2123 rt
3348 2074 3504 2126 venia

1911 2152 2199 2206 accedunt.
2233 2153 2296 2208 Et
2331 2169 2453 2208 eum
2485 2156 2814 2228 robedientia
2852 2165 2905 2212 et
2941 2174 3074 2229 pace
3126 2161 3508 2232 unusquisque

1910 2245 1997 2298 sui
2060 2246 2356 2301 ministerii
2410 2247 2606 2304 ofﬁciis
2657 2249 2926 2318 fungitur.
2986 2254 3284 2322 Postquam
3341 2253 3508 2322 igitur

1909 2347 2030 2406 post
2059 2337 2282 2392 veniam
2313 2349 2366 2394 et
2392 2341 2856 2406 benedictionem,
2895 2347 3172 2400 secnmlus
3217 2362 3282 2400 ex
3320 2363 3508 2403 sacer-

1909 2430 2132 2486 dotibus
2162 2431 2411 2498 recessit,
2456 2433 2548 2502 qui
2601 2441 2877 2492 secundus
2919 2447 3004 2493 est
3046 2442 3306 2508 quon’am
3338 2443 3514 2494 sacri-

1911 2525 1959 2576 ίὶι
1983 2526 2015 2577 ii
2049 2532 2312 2593 prooemia
2355 2530 2573 2584 conficit
2600 2539 2654 2585 et
2683 2540 2939 2601 tauquam
2977 2535 3276 2588 secundum
3326 2535 3517 2589 locum

1906 2615 2092 2672 habet.
2130 2619 2233 2672 Hic
2284 2619 2430 2673 enim
2482 2624 2873 2690 prophetatum
2947 2627 3123 2695 typiea
3172 2627 3508 2696 aenigmata,

1907 2710 2023 2764 sive
2063 2725 2152 2763 res
2180 2714 2296 2765 sive
2324 2728 2612 2768 sermones
2656 2717 2992 2771 manifestat.
3039 2718 3092 2770 In
3129 2721 3508 2787 propositione

1904 2803 2050 2856 enim
2083 2802 2216 2856 dicit
2239 2819 2358 2873 qua:
2395 2807 2460 2860 ad
2495 2807 2930 2863 immolationem
2957 2819 3011 2865 et
3041 2823 3272 2865 mortem
3295 2811 3514 2867 Christi-

1905 2895 2183 2960 pertiuent
2244 2899 2386 2968 apud
2432 2900 2627 2954 Isaiam
2659 2911 2712 2956 et
2742 2914 2990 2958 masteros
3051 2907 3390 2974 prophetas;
3452 2912 3516 2959 et.

1903 2988 2033 3040 dum
2064 2990 2379 3046 oblationes
2410 3005 2814 3061 praeparantur,
2847 2994 3103 3064 Baptistae
3144 3008 3302 3051 actus
3331 3013 3509 3064 usque

1903 3076 1968 3130 ad
1999 3076 2214 3132 Domini
2253 3079 2573 3135 adventum.
2610 3082 2850 3151 Baptista
2883 3085 3052 3149 enim,
3090 3085 3221 3139 dum
3258 3089 3506 3154 Iaptiza-

209 3175 543 3243 ετοιμάζειν,
575 3176 668 3229 καὶ
695 3177 789 3230 τοῦ
828 3178 1138 3232 Βαπτιστοῦ
1182 3181 1422 3248 ἅπαντα,
1449 3183 1554 3246 ἓως
1583 3179 1748 3254 ἦλθεν
1773 3187 1794 3238 c'

1906 3169 1999 3223 bat
2025 3209 2041 3236 ,
2078 3169 2361 3226 Christum
2429 3174 2756 3241 pra-dicabat
2787 3186 2838 3230 et
2877 3193 3000 3230 eum
3057 3179 3418 3233 annuntiabat
3451 3189 3512 3234 υιι

209 3267 436 3336 Κύριος·
469 3269 497 3320 ὁ
538 3268 850 3335 Βαπτιστὴς
880 3273 987 3339 γὰρ
1022 3263 1303 3339 βαπτίζων
1340 3273 1574 3344 Χριστὸν
1626 3277 1800 3329 ἐδίδα-

207 3375 330 3420 σκε,
361 3360 456 3411 καὶ
490 3361 619 3429 περὶ
655 3358 826 3413 αὑτοῢ
861 3361 1150 3431 κηρύττων
1181 3359 1268 3434 ἦν,
1307 3365 1402 3418 καὶ
1437 3366 1588 3436 αὑτῴ
1621 3368 1802 3438 ὑπῆρ-

204 3469 302 3520 χεν
331 3451 642 3522 ὑπηρετῶν,
686 3455 782 3506 καὶ
829 3454 1068 3508 ἐνταῦθα
1102 3459 1129 3509 ὁ
1174 3457 1430 3531 δεύτερος
1461 3460 1570 3512 τῶν
1606 3461 1800 3531 ἱερέων

204 3545 490 3614 ὑπηρετεῖ.
538 3543 865 3615 ’Λπὲρχεται
909 3541 1002 3598 οὖν
1041 3525 1346 3612 οὖτοξγκαὶ
1381 3553 1520 3617 μετά
1545 3551 1653 3605 τῶν
1684 3553 1799 3607 λοι-

203 3635 326 3688 πῶν
359 3635 552 3706 ίερέων
603 3637 672 3689 τὰ
705 3639 957 3707 ίερατικα
985 3641 1372 3710 περιϐάλλεται
1402 3643 1604 3712 άμφια.
1659 3646 1794 3716 Τρὶς

200 3732 315 3800 γάρ
365 3734 751 3802 προσκυνήσας
798 3731 892 3785 τοῦ
955 3735 1350 3806 θυσιαστηρίου
1398 3735 1653 3802 ἐνώπιον,
1697 3741 1792 3792 καὶ

201 3821 348 3893 ἅπερ
382 3821 582 3892 ηὔξατο
611 3826 638 3877 ὁ
672 3827 983 3897 ἀρχιερεὺς,
1012 3826 1311 3893 εὐξάμενος
1342 3827 1436 3881 καὶ
1468 3829 1656 3894 αὐτὸς,
1695 3831 1790 3884 καὶ

199 3917 303 3984 τὴν
332 3914 483 3983 ίερὰν
517 3917 902 3982 ἀσπασάμενος
929 3917 1231 3987 τράπεζαν,
1266 3919 1482 3982 δεικνὺς
1516 3923 1615 3991 τὴν
1651 3925 1789 3994 πρὶς

197 4008 337 4060 Θεὸν
363 4010 580 4080 ἀγάπην
604 4009 771 4063 αὐτοῦ
803 4011 897 4064 καὶ
930 4014 1031 4080 τὴν
1065 4012 1280 4074 ἕνωσιν,
1317 4014 1410 4066 καὶ
1439 4013 1520 4066 ὅτι
1557 4015 1664 4068 ἀπὸ
1690 4015 1785 4069 τοῦ

198 4103 592 4172 θυσιαστηρίου
620 4103 903 4174 ἡγίασται.
943 4105 1217 4159 Ἕκαστον
1262 4106 1481 4175 εύλογεῖ
1523 4108 1599 4172 ὡς
1633 4111 1728 4162 καὶ
1758 4111 1786 4164 ὁ

195 4196 493 4265 ἀρχιερεὺς
532 4195 640 4249 τῶν
671 4197 836 4267 ἱερῶν
866 4197 1183 4267 ἐνδυμάτων
1213 4217 1271 4252 τε
1304 4199 1401 4252 καὶ
1429 4201 1740 4265 ἀσπάζεται
1764 4219 1779 4234 ο

195 4289 294 4340 καὶ
338 4287 478 4340 οὕτω
531 4286 596 4360 δὴ
639 4289 1047 4360 περιϐάλλεται,
1079 4291 1313 4358 δεικνὺς,
1351 4291 1427 4354 ὠς
1467 4293 1780 4362 ἡγιασμένοι

192 4380 330 4450 εἰσὶ,
374 4379 467 4432 καὶ
499 4381 553 4432 ὲν
578 4378 655 4449 τῷ
684 4380 903 4449 σταυρῷ
941 4382 1035 4434 τοῦ
1066 4383 1306 4453 Χριστοῦ
1337 4384 1650 4452 ἁγιάζεται,
1685 4386 1778 4439 καὶ

1907 3263 2012 3331 ipsi
2066 3265 2440 3320 ministrabat.
2484 3265 2537 3318 ld
2601 3268 2766 3336 igitur
2818 3272 3045 3325 secundi
3100 3273 3388 3325 sacerdotii
3422 3282 3505 3328 est

1905 3356 2164 3412 ollicium.
2199 3360 2326 3413 Abit
2363 3362 2530 3428 igitur
2566 3363 2654 3417 hic
2687 3371 2740 3415 rt
2767 3379 2891 3416 cum
2941 3365 3169 3434 reliquis
3205 3368 3504 3420 sacerdoti-

1906 3451 2005 3503 bus
2044 3465 2232 3507 sacras
2265 3465 2444 3508 vestes
2485 3455 2680 3509 induit.
2717 3455 2825 3509 Ter
2867 3456 3028 3524 igitur
3065 3473 3123 3512 se
3173 3468 3298 3511 ante
3334 3458 3381 3512 al
3409 3474 3516 3514 arc-

1902 3545 2221 3611 prosternit,
2252 3553 2307 3598 et
2337 3561 2529 3613 preces
2563 3563 2700 3616 quas
2757 3550 2952 3602 recitat
2998 3551 3289 3619 episcopos
3311 3594 3327 3616 ,
3389 3551 3515 3620 ipse.

1899 3620 2070 3706 dicit;
2131 3645 2185 3690 ct
2236 3653 2450 3692 sacram
2513 3655 2759 3693 mensam
2826 3640 3134 3706 osculatur,
3199 3634 3509 3696 ostendens

1896 3750 2052 3788 suam
2096 3733 2150 3787 in
2189 3733 2358 3788 Deum
2389 3732 2713 3786 charitatem
2746 3742 2801 3786 et
2843 3749 2965 3786 cum
3018 3749 3084 3786 eo
3119 3736 3375 3788 uuiourtn
3399 3776 3414 3800 ,
3446 3749 3501 3789 et

1896 3840 1956 3880 se
1985 3841 2080 3896 per
2108 3825 2279 3878 altare
2315 3823 2683 3878 sanetiﬁcari.
2729 3823 3170 3894 Unumquodque
3216 3827 3504 3882 indumenv

1897 3924 2078 3968 torum
2108 3915 2403 3980 benedicit,
2437 3913 2849 3982 tit-episcopus,
2898 3923 2951 3968 et
2980 3917 3278 3969 osculatur.
3329 3915 3390 3969 Et
3417 3917 3500 3971 sic

1893 4007 2062 4076 ig'tnr
2095 4017 2274 4063 vestes
2330 4022 2522 4061 sacras
2576 4005 2804 4071 induit,
2863 4007 3164 4060 ostendens
3215 4022 3309 4061 eas
3366 4023 3495 4063 esse

1893 4099 2306 4164 sanctiﬁcatas,
2352 4099 2490 4154 ctiu
2546 4113 2712 4154 crure
2781 4098 2991 4153 Christi
3046 4100 3383 4163 sanctiticari
3440 4109 3496 4154 et

1895 4211 2090 4250 rursus
2150 4195 2375 4249 indutas
2422 4195 2913 4249 sanctificatiouem
2958 4195 3192 4248 tradere.
3241 4192 3496 4264 Quinque

1889 4287 2137 4342 vestibus
2161 4287 2559 4349 circumdatur,
2588 4297 2848 4349 tanquam
2885 4296 2940 4340 et
2967 4287 3082 4356 ipse
3109 4297 3501 4364 conseeratus,

1883 4389 1939 4434 et
2000 4388 2414 4434 consecrantem
2480 4380 2710 4449 gratiam
2775 4379 3007 4434 habens.
3045 4381 3297 4448 Quinque
3344 4382 3492 4435 enim

191 4471 472 4540 ἁγιασμοῦ
508 4472 840 4541 μεταδοτικά
861 4475 969 4528 εῑσι
994 4477 1160 4530 πάλιν
1187 4476 1584 4546 ὑπενδυόμενα.
1616 4479 1774 4549 Περι-

1906 4480 2014 4525 .unt
2047 4471 2274 4541 perfecti
2303 4486 2500 4526 sensus
2526 4471 2776 4541 corporis.
2803 4482 2856 4526 et
2882 4471 3124 4542 quinque
3153 4473 3350 4526 anima-
3378 4474 3494 4527 vir-

189 4561 452 4616 εάλλεται
477 4559 570 4616 οὖν
597 4564 757 4617 πέντε
787 4563 1088 4636 ἐνδύματα,
1118 4566 1194 4630 ὡς
1220 4567 1427 4631 τέλειος
1466 4573 1560 4623 καὶ
1589 4571 1778 4636 αὐτὸς,

1906 4574 2058 4630 .utes,
2087 4579 2224 4633 quas
2264 4564 2525 4618 sacerdos
2563 4565 2912 4628 sanctificat,
2952 4565 3237 4634 baptizatus
3272 4573 3326 4618 et
3360 4579 3495 4618 sau-
3526 4605 3535 4613 .

188 4655 292 4708 καὶ
320 4655 649 4710 τελειοποιδν
672 4655 812 4728 ἔχων
834 4659 1014 4728 χάριν.
1045 4659 1211 4712 Πέντε
1242 4659 1350 4732 γάρ
1375 4662 1431 4713 at
1465 4661 1673 4716 τέλειαί
1707 4665 1785 4717 εί-

1906 4657 2136 4711 :tilicaus
2168 4657 2465 4712 hominem.
2497 4655 2686 4712 Vestes
2729 4657 2896 4728 igitur
2943 4673 3079 4728 quas
3126 4658 3336 4719 induit,
3363 4667 3492 4714 sunt

191 4766 282 4800 σιν
327 4750 607 4820 αἰσθήσεις
651 4752 748 4804 τοῦ
783 4753 1064 4819 σώματος,
1101 4753 1196 4806 καὶ
1232 4755 1394 4808 πέντε
1429 4755 1485 4808 αἱ
1514 4756 1782 4826 δυνάμεις

187 4839 293 4908 τῆς
320 4840 520 4911 ψυχῆς,
559 4841 626 4906 ἃς
679 4843 774 4896 καὶ
797 4845 824 4896 ὁ
859 4844 1040 4912 ἱερεὺς
1074 4843 1313 4912 ἁγιάζει,
1370 4845 1652 4915 βαπτίζων
1685 4848 1782 4901 καὶ

185 4931 436 4997 ἁγιάζων
465 4932 555 4985 τὸν
578 4931 882 5002 ἄνθρωπον.
921 4934 1077 4987 Ἔστι
1127 4935 1183 4986 δὲ
1232 4937 1267 4988 ἃ
1307 4935 1556 4990 ἐνδύεται
1591 4939 1784 5007 στιχὰ-

187 5039 328 5089 ριον,
361 5024 769 5093 ὲπιτραχήλιον,
827 5024 996 5094 ζώνη,
1041 5026 1388 5093 ὲπιμανίκια,
1449 5025 1545 5078 καὶ
1587 5029 1780 5094 φαινό-

178 5115 324 5168 λιον.
360 5116 546 5168 Δευκὰ
586 5116 642 5168 δὲ
672 5117 843 5170 ταῦτα
900 5118 990 5170 διὰ
1052 5119 1111 5170 τὸ
1140 5117 1386 5186 καθαρὸν
1417 5119 1515 5188 τῆς
1552 5120 1779 5190 χάριτός

176 5224 239 5258 τε
269 5207 367 5259 καὶ
410 5209 702 5277 φωτεινόν⁹
737 5207 996 5272 πολλάκις
1041 5209 1097 5262 δὲ
1149 5210 1244 5261 καὶ
1292 5213 1579 5280 πορφύρεα
1635 5211 1778 5264 κατὰ

177 5300 381 5368 καιρὸν
415 5299 524 5352 τῶν
550 5300 836 5367 νηστειῶν,
870 5299 960 5354 διά
991 5316 1053 5365 γε
1087 5300 1145 5352 τὸ
1170 5299 1382 5352 πενθεῖν
1416 5303 1560 5370 ἡμᾶς
1593 5302 1776 5371 ἁμαρ-

175 5391 477 5459 τήσαντας,
507 5392 600 5443 καὶ
631 5391 718 5444 διὰ
750 5391 841 5444 τὸν
879 5393 1159 5460 σφαγέντα
1202 5393 1345 5472 ὑπὲρ
1387 5394 1568 5462 ἡμῶν,
1598 5395 1662 5446 ἵν’
1695 5397 1776 5459 είς

176 5484 498 5553 ὑπόμνησιν
534 5482 778 5543 ἐλθόντες
806 5484 898 5536 τοῦ
936 5484 1146 5547 πάθους
1177 5484 1369 5550 αὐτοῦ,
1402 5485 1565 5537 αὑτὸν
1599 5505 1774 5557 μιμη-

178 5577 434 5644 σώμεθα,
480 5575 508 5628 ὃ
555 5577 646 5629 κα)⁸
700 5577 967 5647 μέλλομεν
1011 5577 1314 5649 ἑορτάζειν.
1368 5579 1527 5640 Τινὲς
1563 5579 1620 5632 δὲ
1665 5581 1774 5633 τῶν

177 5665 421 5733 πρώτων
482 5667 889 5738 πρεσϐυτέρων,
948 5667 1069 5739 ἦτοι
1117 5669 1167 5720 oi
1216 5669 1608 5740 σταυροφόροι,
1660 5649 1771 5724 τῶν

173 5757 626 5830 ἀρχιμανδριτῶν
677 5761 736 5812 τέ
789 5777 954 5824 τινες,
1006 5761 1100 5812 καὶ
1153 5760 1502 5828 ὲπιγονάτιον
1561 5761 1768 5830 ἔχουσι.

176 5851 355 5904 Τοῦτο
387 5851 444 5905 δὲ
487 5853 624 5907 κατὰ
649 5853 862 5922 δωρεάν
920 5855 1070 5906 ἔστιν
1101 5853 1526 5926 ἀρχιερατικὴν,
1563 5853 1638 5916 ὡς
1671 5856 1768 5909 καὶ

1841 4741 1846 4748 ’
1892 4750 2254 4818 Sticharium,
2312 4750 2772 4818 epitracbelium,
2823 4766 3000 4818 zona,
3052 4749 3380 4819 epimanicia
3435 4759 3493 4802 et

1885 4843 2247 4914 pbaeuolium.
2298 4845 2453 4898 Alba:
2488 4855 2672 4898 autem
2721 4854 2853 4898 sunt
2879 4882 2892 4902 .
2924 4851 3142 4911 preptrr
3172 4847 3359 4907 gratiae
3387 4857 3492 4910 pu-

1886 4940 2101 4991 ritatem
2128 4951 2192 4990 ac
2225 4937 2574 5006 splendorem
2613 4953 2628 5002 ;
2659 4951 2801 5004 szepe
2843 4948 2972 4986 vero
3003 4935 3204 4996 rubrae,
3237 4942 3489 5000 tempore

1878 5026 2238 5096 ieiuniorum,
2290 5035 2349 5080 ut
2401 5041 2497 5080 eos
2554 5026 2647 5094 qtti
2687 5028 3051 5094 peccaverunt
3107 5024 3373 5092 paeniteat
3428 5033 3484 5076 et

1882 5129 2110 5189 propter
2143 5119 2277 5172 Eum
2316 5118 2407 5184 qui
2448 5133 2548 5186 pro
2586 5118 2746 5184 nobis
2805 5115 3121 5169 immolatus
3173 5124 3292 5179 est,
3324 5124 3381 5168 ut
3416 5117 3484 5171 ad
3510 5124 3529 5144 ‘

1883 5210 2200 5263 memoriam
2236 5209 2510 5278 passionis
2563 5207 2682 5276 ejus
2745 5207 3038 5261 redeuntes
3063 5247 3078 5271 ,
3128 5205 3266 5260 Eum
3307 5209 3486 5262 imite-
3523 5276 3537 5294 v

1880 5318 2037 5371 mur;
2065 5318 2226 5373 quam
2262 5303 2571 5372 passionem
2609 5303 2660 5355 iu
2697 5317 2763 5356 eo
2797 5317 2990 5358 sumus
3020 5312 3078 5358 ut
3117 5303 3482 5360 et-lebremus.

1880 5393 2115 5460 Quidam
2149 5403 2332 5448 autem
2370 5395 2671 5462 primorum
2709 5394 3182 5465 presbyterorum,
3212 5396 3253 5448 ii
3282 5411 3481 5463 nempe

1879 5487 1973 5556 qui
2011 5501 2234 5541 erucem
2267 5495 2509 5555 gestant,
2547 5495 2601 5541 et
2633 5487 2854 5555 quidam
2881 5488 3327 5543 archimandrita:
3357 5504 3482 5556 gre-

1885 5577 2049 5632 miale
2082 5576 2305 5630 habent.
2348 5575 2462 5629 lloe
2493 5587 2677 5631 autem
2704 5577 2988 5647 dignitatis
3018 5581 3348 5648 episcopalis
3372 5591 3475 5630 ομι.

1883 5667 2054 5722 Nemo
2089 5668 2256 5730 enim,
2302 5679 2538 5737 excepto
2560 5669 2836 5739 episcopo,
2875 5685 3068 5724 cruces
3116 5670 3171 5722 in
3205 5669 3478 5738 pbaauolio
3538 5703 3542 5708 ι

1877 5771 1930 5816 ct.
1969 5776 2136 5830 supra
2167 5770 2332 5830 caput
2366 5773 2584 5832 gestare
2637 5774 2837 5832 potest,
2881 5778 3056 5832 neque
3085 5763 3366 5832 gremiale.
3404 5761 3476 5813 iis

1875 5864 2081 5928 tamen,
2112 5868 2180 5919 eo
2209 5854 2354 5924 quod
2390 5870 2502 5925 pra‘
2534 5857 2658 5912 aliis
2705 5857 2862 5926 primi
2893 5855 3131 5910 ordinati
3168 5861 3318 5918 ειιιη,
3349 5866 3478 5906 cru-
