4038 6450
514 354 619 428 963

1368 362 1755 424 smn;on
1787 347 2553 425 THESSALONICENSIS
2589 361 2950 426 ARCHIEP.
3669 375 3761 439 ist

514 492 630 534 cem
663 475 862 541 habere
899 491 1064 546 supra
1095 485 1260 545 caput
1285 483 1340 530 et
1378 477 1640 545 gremiale
1684 477 1739 530 in
1778 476 1966 530 divino
2009 490 2095 531 sa-

2225 505 2227 521 ι
2279 480 2534 549 σταυρός.
2591 480 2782 542 Οὐδεὶς
2812 481 2926 550 γὰρ
2979 479 3120 549 πλὴν
3170 481 3264 533 τοῦ
3315 481 3600 553 ἀρχιερέως
3641 490 3757 547 τοὺς

516 567 727 622 rriﬁcio
750 577 967 635 gestare
1007 568 1187 630 datur;
1225 567 1486 636 quoniam
1513 581 1640 620 cum
1691 565 2021 628 sacerdotio.
2053 565 2107 620 et

513 656 717 723 judicis
755 658 1156 713 ordinationem
1193 660 1418 720 habent,
1452 658 1752 712 maximum
1779 659 1830 711 in
1859 657 2103 712 Ecclesia

519 748 880 801 ministerium
929 769 940 804 :
986 749 1136 816 iique
1191 759 1435 818 pastores
1493 747 1798 801 animarum
1847 757 1901 801 ct
1971 761 2100 816 pro-

517 846 800 892 curatores
852 839 1135 893 constituti
1176 847 1304 892 sunt
1335 846 1388 893 et
1438 837 1686 908 quaedam
1748 838 1903 907 signa
1941 838 2104 908 primi

517 929 766 984 Pastoris
797 929 999 991 ferunt.
1037 938 1097 984 ut
1135 939 1190 983 et
1220 930 1370 983 illum
1404 928 1708 983 imitentur.

2212 569 2483 638 σταυρούς
2537 588 2598 623 τε
2637 573 2695 623 ὲν
2722 571 2800 641 τῷ
2834 572 3098 640 φαινολίῳ
3141 573 3238 626 καὶ
3268 573 3359 626 ἐπὶ
3398 576 3647 646 κεφαλῆς,
3675 579 3761 631 καὶ

2210 657 2269 710 τὸ
2297 659 2640 724 ὲπιγονάτιον
2671 662 2859 727 φορεῖν
2887 657 3135 715 δύναται.
3172 659 3392 723 Τούτοις
3423 663 3476 716 δὲ
3507 665 3644 732 ὅμως
3674 665 3752 719 διὰ

2208 749 2270 801 τὸ
2307 749 2562 819 πρώτους
2587 750 2697 804 τῶν
2721 752 2896 806 ἄλλων
2929 754 3380 824 χειροτονεῖσολι,
3413 756 3471 808 τὸ
3501 756 3588 809 ἐπὶ
3615 774 3766 826 κεφιι-
3841 759 3854 768 ”

2207 841 2306 909 λῆς
2371 841 2519 912 ἔχειν
2578 844 2816 913 σταυρὸν
2871 844 3058 912 μόνον,
3089 848 3183 901 καὶ
3235 847 3566 913 ὲπιγονάτιον
3610 849 3664 900 ἐν
3704 849 3764 919 τῇ

2211 925 2496 1002 ἱερουργίᾳ
2559 936 2748 1005 φορεῖν
2803 935 3024 989 δῖδοται.
3081 937 3233 990 Ἐπεὶ
3297 937 3433 1006 μετὰ
3475 939 3566 1007 τῆς
3625 937 3769 1008 ἱερω-

520 1022 687 1094 σύνης
736 1025 830 1075 καὶ
860 1023 1051 1092 κριτοῦ
1084 1023 1419 1093 χειροτονίαν
1449 1025 1496 1076 oi
1530 1024 1628 1092 μὲν
1652 1023 1836 1093 ἔχουσι
1868 1023 1962 1076 καὶ
1988 1020 2264 1088 διακονίας
2299 1028 2569 1100 μεγίστης
2604 1031 3068 1101 ἐκκλησιαπικῆς
3131 1049 3276 1096 τινος
3299 1049 3310 1062 ·
3373 1034 3422 1085 οἱ
3476 1032 3551 1086 δὲ.
3597 1035 3769 1100 ποιμέ-

518 1139 606 1185 νες
653 1121 845 1190 ψυχῶν
887 1122 980 1174 καὶ
1029 1121 1302 1190 οἰκονόμοι
1340 1120 1720 1184 καθίστανται,
1757 1120 1852 1175 καὶ
1887 1121 2090 1190 σημεῖά
2142 1138 2265 1176 τινα
2311 1127 2541 1196 φέρουσι
2595 1126 2690 1180 τοῦ
2727 1127 2948 1199 πρώτου
2994 1129 3255 1199 ποιμένος
3347 1128 3420 1191 ὡς
3460 1128 3524 1182 ἂν
3583 1129 3770 1182 ἐκεῖνον

520 1215 886 1285 ὲκμιμῶνται.

1021 1307 1254 1365 CAPUT
1290 1307 1580 1364 LXXXIV.

562 1402 638 1456 De
672 1403 777 1456 illis
800 1419 917 1472 qua’
951 1405 1002 1457 in
1037 1404 1309 1473 oﬂ'erforio
1358 1405 1462 1457 sive
1497 1402 1658 1456 missa
1689 1412 2036 1472 peraguntur.

594 1497 864 1552 Sacerdos
895 1499 987 1566 qui
1036 1499 1314 1551 secundas
1363 1496 1526 1551 hauet
1575 1497 1628 1549 in
1696 1496 2110 1565 propositione,

520 1585 711 1642 abiens
746 1603 872 1642 eum
924 1587 1163 1642 diacono
1214 1588 1307 1657 qui
1361 1603 1516 1642 sacra
1573 1601 1704 1642 vasa
1757 1587 2109 1656 praeparavit,

521 1689 812 1746 postquam
849 1688 934 1733 ter
963 1680 1129 1734 Deum
1163 1681 1437 1745 adoravit,
1475 1680 1605 1734 facit
1648 1678 2112 1734 benedictionem.

2810 1309 3061 1366 ΚΕΦΑΛ.
3097 1313 3219 1366 ΠΔν.

2350 1396 2488 1463 Περὶ
2521 1395 2640 1451 τῶν
2664 1397 2736 1451 ἐν
2767 1396 2842 1467 τῇ
2863 1399 3247 1468 προσκομιδῇ
3279 1401 3668 1468 τελουμένων.

2303 1489 2362 1541 ’0
2392 1490 2729 1559 δευτερεύων
2759 1491 2814 1544 δὲ
2845 1492 2954 1544 τῶν
2988 1493 3178 1561 ἱερέων
3202 1494 3261 1546 ὲν
3293 1496 3358 1562 τῇ
3401 1493 3649 1562 προθέσει
3680 1495 3774 1547 ἀπ·

2219 1580 2389 1635 ελοὼν
2423 1582 2561 1652 μετὰ
2591 1582 2844 1636 διακόνου
2891 1583 2986 1637 τοῦ
3027 1583 3096 1637 τὰ
3128 1586 3249 1654 ἱερὰ
3294 1585 3461 1655 σκεύη
3499 1602 3776 1654 προευτρε-

2213 1674 2494 1740 πίσαντος,
2531 1676 2923 1745 προσκυνήσας
2951 1677 3072 1748 τρὶς
3098 1677 3180 1746 τῷ
3209 1677 3350 1748 Θεῷ,
3393 1679 3621 1730 ποιεῖται
3644 1677 3776 1730 εὐλο-

523 1767 581 1822 Ει
618 1785 680 1825 ex
719 1770 955 1840 panibus
994 1772 1176 1825 allatis
1209 1787 1380 1825 unum
1418 1785 1641 1826 smnens
1679 1771 1860 1840 signat
1888 1769 2114 1838 cuspide

2225 1769 2384 1835 γητόν
2405 1783 2417 1796 °
2452 1769 2547 1821 καὶ
2591 1771 2657 1822 ὲκ
2691 1768 2801 1822 τῶν
2837 1770 3302 1840 προσφερομένων
3349 1771 3529 1840 ἄρτων
3574 1770 3664 1822 ἕνα
3694 1771 3778 1822 λιι·

523 1860 578 1914 ἱιι
609 1859 838 1915 l'ormam
871 1861 1076 1925 cruris,
1118 1871 1174 1916 ut
1207 1863 1507 1917 salutarem
1541 1861 1744 1916 Christi
1798 1861 2109 1929 passionem

524 1960 894 2022 repraesentet,
930 1962 985 2008 et
1029 1956 1352 2008 memoriam
1415 1953 1604 2019 faciat,
1657 1963 1717 2008 ut
1767 1952 1974 2007 dictum
2007 1963 2114 2016 est,

523 2047 644 2118 ejus
673 2047 950 2102 dolorum.
997 2043 1066 2101 Et
1096 2056 1178 2100 ter
1216 2046 1416 2101 addit:
1459 2066 1478 2098 ι
1524 2046 1582 2100 ln
1635 2047 1956 2100 memoriam
2013 2045 2116 2100 Do—

525 2138 657 2194 mini
713 2148 768 2194 et
822 2138 914 2193 Dci
969 2147 1022 2193 et
1080 2139 1382 2194 Salvatoris
1422 2138 1596 2194 nostri
1629 2134 1758 2194 Jesu
1789 2137 2036 2200 Christi';
2091 2157 2109 2188 ι

525 2232 821 2288 IttaitifeSIe
848 2234 1169 2296 ostendens,
1199 2233 1350 2301 quod
1384 2231 1886 2301 Ejustraditionem
1920 2245 2116 2300 opera-

525 2336 635 2379 tur.
677 2326 880 2380 Deinde
929 2341 1024 2395 per
1077 2325 1360 2392 cuspidem
1419 2334 1823 2394 repraesentans
1860 2339 1980 2379 eam
2013 2341 2117 2394 qua

530 2417 793 2472 Dominus
828 2419 1150 2472 vulneratus
1179 2427 1260 2473 est
1285 2454 1302 2481 ,
1344 2417 1535 2472 dividit
1584 2419 1638 2471 in
1689 2417 1844 2486 signo
1872 2417 2115 2472 oblatum

531 2511 584 2565 in
645 2522 886 2580 quatuor
937 2521 1120 2579 partes
1177 2509 1294 2565 haec
1354 2508 1511 2564 Isaiae
1577 2509 1742 2563 verba
1805 2509 2052 2564 referens
2102 2527 2118 2564 :

533 2621 552 2655 ι
592 2602 873 2674 Tanquam
925 2605 1045 2658 ovis
1087 2603 1154 2658 ad
1210 2602 1545 2658 occisionem
1599 2601 1798 2656 ductus
1831 2612 1956 2664 est,
2013 2620 2032 2653 ι
2067 2612 2123 2656 et

527 2706 744 2762 caetera,
778 2697 1072 2752 ostendens
1099 2697 1522 2763 prtenuntiatum
1583 2695 1920 2766 mysterium.
1967 2694 2122 2749 Post-

528 2805 692 2858 quam
719 2799 899 2842 antem
927 2787 1098 2842 dixit:
1123 2805 1142 2839 ι
1187 2786 1411 2842 Sublata
1441 2795 1526 2841 est
1558 2801 1588 2838 c
1620 2796 1767 2839 terra
1804 2787 1912 2839 vita
1943 2785 2116 2854 ejus,»

529 2880 751 2947 oblique
800 2880 1088 2947 cuspidem
1147 2879 1503 2933 iutroducens
1530 2917 1545 2941 ,
1580 2879 1758 2931 aufert
1789 2893 1914 2931 cum
1966 2879 2123 2950 signo

528 2972 988 3042 quadripartitum
1020 2951 1210 3040 panem
1243 2978 1296 3023 et
1328 2984 1453 3024 eum
1498 2970 1551 3024 in
1576 3024 1583 3029 ,
1608 2969 1765 3025 disco
1803 2969 2050 3042 deponit.

1059 3254 1290 3311 CAPUT
1322 3255 1586 3310 LXXXV.

531 3350 673 3419 Quid
704 3351 912 3406 denotet
944 3350 996 3403 in
1032 3350 1265 3417 prothesi
1301 3353 1408 3403 sive
1438 3350 1634 3404 sacello
1661 3353 1730 3402 ad
1755 3352 1998 3405 dextram
2035 3353 2119 3406 be—

761 3423 918 3476 matis
951 3425 1054 3474 sito
1081 3421 1308 3474 rotunda
1343 3438 1544 3485 mensa,
1581 3433 1630 3474 et
1659 3425 1885 3490 reliqua.

602 3515 799 3572 Discus
858 3515 1022 3586 igitur
1073 3514 1278 3570 emtum
1344 3525 1742 3583 repraesentat.
1811 3526 1862 3569 et
1913 3516 2120 3570 ideirco

531 3610 806 3664 rotundus
830 3614 934 3672 est,
967 3614 1022 3662 et
1060 3605 1352 3660 Dominum
1405 3607 1671 3662 ccelurnm
1714 3607 1974 3662 eontinet.
2006 3608 2119 3672 Ὀιιί

533 3713 715 3757 autem
769 3701 972 3756 dicitur
1020 3700 1364 3763 asteriscus,
1412 3701 1600 3754 stellas
1631 3711 1684 3755 ct
1723 3716 1842 3754 ean.
1899 3716 2018 3771 qua:
2066 3702 2118 3753 in

544 3795 833 3848 nativitate
893 3793 1098 3848 Christi
1154 3793 1448 3862 apparuit,
1488 3792 1732 3858 indicat,
1796 3803 1856 3847 ut
1907 3803 1961 3846 et
2003 3793 2117 3846 Vela

536 3885 852 3957 signiﬁcant
886 3885 1319 3950 ﬁrmamentum,
1367 3899 1582 3954 pannos
1613 3894 1670 3940 et
1713 3885 2003 3940 sindoncm
2035 3899 2123 3939 se-

533 3976 748 4049 pulchri
797 3988 852 4032 et
881 3976 1244 4045 linteamina;
1295 3976 1456 4031 simul
1486 3977 1629 4031 enim
1657 3987 2020 4048 repraesentat
2068 3987 2124 4033 et

537 4085 659 4138 qua:
692 4067 760 4122 ad
815 4065 1250 4122 linearnatiouem
1284 4073 1340 4120 et
1384 4081 1508 4134 quas
1549 4067 1615 4120 ad
1659 4067 2075 4124 crurilixionem
2103 4106 2119 4130 ,

535 4163 662 4230 quia
701 4161 823 4213 ideo
865 4157 1185 4211 incarnatus
1218 4166 1305 4211 est
1361 4166 1422 4211 ut
1459 4172 1559 4228 pro
1593 4159 1754 4214 nobis
1788 4158 2120 4213 itntnoletur.

537 4251 641 4307 Sed
661 4262 716 4305 et
731 4248 1039 4320 l’ropOsitio
1058 4248 1164 4318 ﬁgu
1174 4262 1286 4300 ram
1307 4245 1470 4302 refert
1491 4248 1764 4318 spelunca:
1781 4259 1832 4303 et
1852 4251 2120 4320 praesepii.

537 4345 689 4398 Calix
722 4356 851 4397 vero
891 4341 1161 4412 signiﬁcat
1189 4354 1314 4394 eum
1352 4339 1407 4393 in
1458 4357 1566 4410 quo
1595 4339 1852 4396 Christus
1901 4345 2126 4412 sanguio

541 4451 664 4490 nem
715 4448 876 4488 suum
927 4433 1300 4487 consecravit.
1347 4430 1475 4487 ldco
1529 4444 1817 4504 postquam
1864 4435 2002 4490 dixit
2031 4451 2128 4492 eas

541 4526 894 4598 propheticas
933 4541 1096 4580 voces
1123 4525 1180 4580 in
1214 4540 1436 4595 panem,
1461 4542 1581 4595 qua:
1608 4527 2035 4585 immolationem
2073 4544 2125 4586 et
2159 4514 2202 4568 θ

541 4618 872 4676 sacriﬁcium
895 4617 1026 4672 Jesu
1051 4617 1439 4688 praenuntiant,
1462 4635 1658 4690 nempe
1681 4637 1694 4674 :
1721 4639 1739 4671 ι
1779 4621 1918 4677 Ecce
1952 4639 2127 4694 agnus

545 4712 636 4767 Dei
661 4713 754 4782 qui
787 4710 926 4764 tollit
950 4719 1233 4780 peccatum
1260 4711 1490 4778 mundi;
1525 4729 1543 4762 ι
1577 4719 1631 4767 et
1663 4729 1678 4766 :
1707 4712 1963 4770 «Sublata
1993 4727 2130 4772 este

547 4820 693 4864 terra
727 4806 834 4858 vita
869 4803 990 4875 ejus
1018 4818 1035 4870 ;
1065 4816 1352 4874 postquam
1380 4820 1570 4874 nempe
1597 4822 1792 4876 passus
1828 4811 2130 4865 resurrexit

542 4913 596 4956 et
645 4899 893 4955 ascendit
947 4898 1001 4952 iu
1037 4898 1209 4953 caelos
1263 4897 1355 4952 ubi
1392 4898 1583 4954 vivens
1621 4909 1702 4954 est
1748 4910 1802 4954 et
1846 4903 1990 4957 unde
2034 4920 2130 4959 nos

546 4991 899 5057 sanctiﬁcat;
947 4991 1143 5045 dividit
1198 5003 1418 5043 rursum
1472 5003 1668 5058 panem
1727 5007 1823 5061 per
1885 4992 2126 5047 medium

550 5085 833 5146 sacerdos,
864 5097 1086 5136 crucem
1122 5079 1335 5134 faciens
1363 5119 1378 5142 ,
1427 5079 1479 5132 in
1541 5081 1795 5136 omnibus
1832 5084 2130 5139 ostendens

553 5181 604 5232 id
635 5193 758 5234 esse
786 5177 990 5231 Christi
1026 5173 1468 5237 cruciﬁxionem,
1497 5182 1551 5226 et
1574 5175 1874 5228 ostendens
1916 5173 1970 5227 id
2007 5191 2131 5229 esse

550 5270 755 5324 Clu-isti
792 5267 1168 5332 sacriﬁcium,
1201 5267 1611 5321 cruciﬁxionem
1655 5283 1869 5337 nempe.
1922 5266 1986 5319 Et
2031 5269 2134 5320 im-

553 5363 807 5425 molatur,
845 5360 1022 5430 inquit
1057 5361 1402 5430 preplietice,
1439 5375 1615 5427 agnus
1652 5359 1743 5415 Dei
1791 5377 1889 5431 pro
1939 5361 2130 5414 mundi

552 5458 658 5508 vita
713 5469 776 5508 ac
837 5453 1035 5506 salute.
1085 5452 1288 5506 Deinde
1333 5452 1526 5521 pungit
1577 5453 1804 5521 cuspide
1847 5468 2040 5520 panem
2100 5468 2130 5505 a

553 5548 790 5612 destris,
827 5545 1014 5599 omnia
1044 5543 1133 5597 illa
1169 5543 1410 5614 ﬁgurans
1437 5559 1558 5612 qua:
1589 5547 1644 5597 in
1694 5545 1922 5598 salutari
1957 5545 2134 5598 salva—

554 5641 692 5694 toris
722 5653 954 5706 corpore
985 5636 1128 5691 facta
1155 5644 1306 5692 sunt.
1355 5635 1420 5690 Et
1473 5638 1660 5691 statim
1706 5637 2036 5690 ln-nediccns
2079 5646 2135 5689 et

554 5734 735 5785 vinum
789 5740 1135 5797 et-aqnam,
1201 5729 1256 5782 in
1306 5729 1527 5782 calicem
1591 5727 1837 5782 infundit
1895 5729 2131 5788 dicens;

553 5825 682 5878 dum
710 5823 902 5893 pungit
929 5824 1192 5892 quidem:
1226 5840 1245 5874 ι
1295 5822 1443 5879 Unus
1486 5823 1717 5877 militum
1759 5825 1944 5877 lancea
1989 5821 2134 5877 latus

2216 1859 2347 1926 ὅὼν,
2381 1863 2680 1932 σφραγίζει
2729 1861 2919 1916 τοῦτον
2956 1863 3098 1932 μετὰ
3135 1865 3232 1933 τῆς
3271 1864 3475 1934 λόγχης
3518 1881 3779 1934 σταυροεισ

2215 1951 2342 2020 δὼς,
2373 1954 2434 2006 τὸ
2488 1955 2758 2024 σωτήριον
2805 1955 2975 2020 πάθος
3025 1957 3375 2024 ἐξεικονίζων
3411 1958 3661 2028 Χριστοῦ,
3698 1962 3780 2010 καὶ

2216 2048 2325 2098 τῶν
2372 2047 2541 2100 αὑτοῦ
2597 2050 2967 2118 μεμνημένος,
3014 2049 3089 2113 ὡς
3143 2049 3388 2120 εἴρηται,
3437 2050 3779 2120 παθημάτων.

2219 2141 2328 2194 Κιιὶ
2359 2141 2476 2211 τρὶς
2509 2140 2774 2209 ἐπιλέγει,
2817 2161 2836 2193 ι
2865 2143 2958 2206 Ei;
2993 2143 3305 2212 ἀνάμνησιν
3343 2144 3436 2197 τοῦ
3473 2143 3666 2213 Κυρίου
3698 2142 3784 2196 κσὶ

2218 2231 2354 2285 Θεοῦ
2393 2233 2486 2285 καὶ
2520 2233 2778 2304 Σωτῆρος
2834 2235 2994 2304 ἡμῶν
3035 2234 3210 2302 Ἰησοῦ
3244 2235 3508 2304 Χριστοῦ,
3533 2255 3551 2287 ι
3601 2235 3785 2306 ἰτροδή⁴

2221 2325 2324 2384 λως
2349 2324 2586 2388 δεικνὺς,
2617 2325 2690 2387 ὡς
2718 2326 2817 2394 τὴν
2850 2325 3018 2377 αὐτοῦ
3054 2327 3270 2394 ἐνεργεῖ
3315 2327 3636 2394 παράδοσιν.
3667 2321 3785 2378 Εἶτα

2219 2415 2308 2468 διὰ
2332 2415 2430 2483 τῆς
2455 2415 2679 2484 λόγχης,
2707 2417 3049 2486 ἐκτυπούσης
3080 2417 3318 2487 ἐκείνην,
3353 2417 3420 2471 δι’
3445 2412 3510 2488 ἦς
3542 2413 3739 2484 ἐτρώθη
3762 2415 3787 2466 6

2224 2505 2448 2574 Κύριος,
2494 2506 2785 2575 ἀνατέμνει
2827 2507 2886 2558 ἐν
2927 2511 2994 2577 τῇ
3031 2510 3291 2576 σφραγῖδι
3327 2509 3679 2579 τετραμερῶς
3702 2505 3788 2575 τὴν

2223 2599 2568 2668 προσφορὰν,
2602 2600 2671 2652 τὰ
2696 2600 2791 2653 τοῦ
2837 2600 3066 2654 Ἥσοῖου
3101 2603 3397 2668 ἐπιλέγων,
3439 2623 3456 2654 ι
3489 2604 3572 2664 Ὠς
3602 2600 3790 2669 πρόϐαι-

2223 2709 2312 2744 τον
2346 2694 2440 2747 ἐπὶ
2480 2693 2696 2762 σφαγὴν
2728 2693 2893 2763 ἤχθη,
2926 2712 2942 2745 ι
2980 2693 3074 2747 καὶ
3109 2695 3174 2746 τὰ
3204 2693 3394 2761 λοιπὲ,
3427 2695 3636 2757 δεικνὺς
3668 2709 3790 2762 προ-

2225 2785 2634 2854 κηρυττόμενον
2693 2785 2754 2837 τὸ
2805 2787 3131 2854 μυστήριον.
3170 2785 3301 2839 Ὅτε
3333 2786 3392 2839 δὲ
3427 2785 3590 2853 εἴποι,
3630 2804 3646 2836 ι
3681 2783 3790 2837 ’Ὁτι

2225 2875 2443 2946 αἴρεται
2470 2875 2578 2928 ἀπὸ
2612 2875 2710 2945 τῆς
2733 2878 2892 2945 γῆςή
2927 2876 3039 2946 ζωὴ
3073 2877 3259 2942 αὐτοῦ,
3296 2897 3316 2929 ι
3353 2883 3417 2932 ἐκ
3455 2879 3676 2945 πλαγίου
3704 2875 3790 2943 τὴν

2223 2968 2427 3038 λόγχην
2450 2969 2784 3036 εἰσαγαγὼν,
2822 2971 3042 3036 ἐκφέρει
3073 2970 3214 3038 μετὰ
3247 2972 3345 3036 τῆς
3373 2970 3487 3041 98
3519 2967 3790 3040 σφραγῖδος

2227 3061 2546 3130 τετραμερῆ
2574 3061 2662 3113 τὸν
2692 3062 2859 3131 ἄρτον
2883 3078 2897 3093 ο
2931 3063 3025 3114 καὶ
3057 3063 3137 3124 εἰς
3161 3062 3252 3114 τὸν
3276 3061 3464 3116 δίσκον
3495 3063 3650 3116 αὑτὸν
3675 3065 3792 3112 ἁπο-

2147 3143 2193 3202 C
2228 3150 2465 3219 τῗοησιν.

2811 3268 2853 3318 Κ
2865 3268 2986 3318 Faba
2997 3269 3060 3321 Λ.
3105 3269 3144 3319 ll
3159 3267 3226 3320 ις’.

2233 3355 2294 3409 Τί
2322 3357 2605 3425 σημαίνει
2649 3361 2680 3412 ό
2719 3359 2791 3412 ἐν
2821 3357 2895 3426 τῇ
2930 3360 3210 3427 προθέσει
3237 3361 3412 3430 ἅγιος
3447 3362 3676 3428 δίσκος,
3707 3358 3794 3412 καί

2866 3432 2937 3484 τὰ
2969 3431 3176 3486 λοιπά.

2308 3517 2367 3571 '0
2396 3520 2495 3578 μὲν
2520 3518 2614 3573 οῦν
2637 3519 2818 3582 δίσκος
2851 3522 3012 3573 τυποῖ
3036 3521 3126 3574 τὸν
3153 3521 3408 3591 οὐρανὸν,
3433 3523 3528 3576 καὶ
3549 3521 3633 3576 διὰ
3656 3519 3800 3572 τοῦτο

2177 3675 2180 3678 γ
2230 3610 2569 3681 κικλοτερής
2597 3612 2737 3677 ἐστι,
2766 3613 2861 3667 καὶ
2913 3612 3006 3666 τὸν
3054 3611 3149 3666 τοῦ
3182 3615 3420 3682 οὐρανοῦ
3455 3615 3672 3683 κατέχει
3718 3615 3802 3663 Δε-

2231 3704 2459 3772 σπότην.
2507 3703 2568 3756 ’0
2605 3703 2901 3773 λεγόμενος
2937 3705 2994 3758 δὲ
3024 3705 3352 3777 ἀστερίσκος
3381 3709 3479 3761 καὶ
3508 3708 3630 3769 τοὺς
3656 3706 3802 3758 ἀστέ-

2231 3810 2352 3865 ρας,
2391 3797 2486 3847 καὶ⁵
2533 3793 2699 3848 αὐτὸν
2731 3797 2824 3848 τὸν
2855 3796 2947 3849 ἐπὶ
2979 3799 3042 3867 τῇ
3079 3800 3331 3868 γεννήσει
3373 3799 3613 3870 Χριστοῦ
3647 3797 3801 3867 δηλοῖ,

2228 3884 2302 3948 ὡς
2330 3883 2425 3938 καὶ
2450 3884 2518 3938 τὰ
2545 3885 2882 3956 καλύμματα
2909 3889 2970 3940 τὸ
3002 3888 3311 3958 στερέωμα,
3340 3893 3408 3945 τὰ
3439 3889 3724 3961 σπάργανά
3750 3903 3801 3937 τε

2230 3978 2327 4029 καὶ
2361 3978 2464 4048 τὴν
2495 3977 2708 4031 σινδόνα
2762 3978 2856 4031 τοῦ
2891 3979 3068 4049 τάφου
3123 3981 3220 4034 καὶ
3263 3983 3333 4036 τὰ
3372 3983 3620 4051 ἐντάφια.
3667 3981 3806 4045 ’Ἅμα

2231 4075 2342 4146 γὰρ
2377 4074 2473 4126 καὶ
2507 4073 2576 4126 τὰ
2599 4074 2697 4144 τῆς
2728 4073 3057 4143 σαρκώσεως
3099 4076 3190 4128 καὶ
3221 4075 3318 4128 τοῦ
3351 4076 3586 4130 θανάτου
3619 4069 3806 4128 τυποῦο

2235 4183 2340 4230 σιν,
2371 4166 2454 4219 ὅτι
2485 4165 2572 4220 διὰ
2601 4165 2757 4218 τοῦτο
2796 4167 3168 4239 σεσάρκωται,
3203 4167 3291 4220 ἵνα
3327 4169 3642 4238 σφαγιπισοῇ
3682 4166 3808 4234 ὑπὲρ

2233 4256 2411 4326 ἡμῶν.
2457 4257 2620 4310 Ἀλλὰ
2648 4259 2740 4310 καὶ
2771 4259 2803 4327 ἡ
2850 4257 3110 4326 πρόθεσς
3131 4257 3302 4310 τύπον
3345 4260 3537 4329 ἐπέχει
3562 4257 3651 4310 τοῦ
3683 4269 3807 4322 σπη-

2232 4346 2387 4400 λαίου
2417 4364 2478 4400 τε
2509 4348 2603 4400 καὶ
2644 4349 2742 4416 τῆς
2774 4351 3006 4416 φάτνης.
3034 4349 3106 4402 Τὸ
3151 4351 3417 4419 ποτήριον
3450 4349 3506 4402 δε
3535 4349 3706 4402 ὲκεῖιο
3727 4361 3810 4396 τλσ

2236 4441 2348 4503 ποῖ,
2385 4440 2440 4493 ἐν
2471 4432 2514 4506 ᾧ
2549 4441 2607 4490 τὸ
2638 4433 2780 4508 αἷμα
2814 4440 3173 4508 ἱερούργησεν
3229 4442 3254 4491 6
3311 4442 3533 4512 Σωτήρ.
3561 4471 3568 4476 -
3593 4440 3680 4492 Διὸ
3725 4437 3809 4489 καὶ

2235 4530 2374 4598 μετὰ
2408 4531 2467 4583 τὸ
2516 4531 2694 4584 εἰπεῖν
2729 4531 2796 4584 τὰ
2839 4533 3157 4601 προφητικᾶι
3209 4535 3266 4586 ὲν
3308 4532 3389 4604 τῷ
3441 4537 3615 4604 ἄρτῳ,
3646 4531 3681 4586 ἃ
3723 4530 3811 4597 τὴν

2234 4622 2454 4693 σφαγὴν
2499 4624 3049 4693 προκαταγγέλλουσι
3083 4623 3178 4677 καὶ
3222 4623 3319 4695 τὴν
3355 4624 3553 4682 ουσίαν
3584 4623 3675 4678 τοῦ
3719 4623 3812 4690 Ἰη-

2233 4715 2349 4778 σοῦ,
2391 4733 2408 4766 ι
2446 4715 2620 4777 Αὐτὸς
2668 4718 2781 4785 γὰρ
2837 4717 2865 4767 ὁ
2911 4716 3083 4786 ἀμνὸς
3123 4717 3218 4770 τοῦ
3267 4717 3405 4771 Θεοῦ
3453 4721 3481 4771 ὁ
3529 4719 3698 4788 αἴρων
3724 4715 3815 4784 τὴν

2234 4808 2508 4878 ἁμαρτίαν
2545 4807 2637 4860 τοῦ
2669 4809 2932 4877 κόσμου,ι
2959 4809 3052 4860 καὶ
3092 4827 3111 4860 ι
3155 4810 3333 4880 ἼνΙροη
3373 4811 3432 4863 δὲ
3461 4811 3571 4862 ἀπὸ
3600 4810 3692 4876 τῆς
3721 4807 3811 4873 γῆς

2234 4903 2264 4971 ἡ
2302 4902 2413 4970 ζωὴ
2449 4899 2673 4965 αὐτοῦ,›
2709 4901 2847 4968 μετὰ
2873 4903 2933 4954 τὸ
2977 4902 3148 4964 πάθος
3184 4901 3581 4966 ἐξαναστάντος
3613 4905 3704 4955 καὶ
3743 4901 3816 4959 εἰς

2230 4995 2358 5055 τοὺς
2407 4995 2674 5062 οὐρανοὺς
2729 4994 3068 5060 ἀνελθόντος,
3134 4995 3228 5046 καὶ
3274 4994 3506 5059 ζῶντος,
3567 4993 3813 5048 κάκεῖθεν

2232 5085 2380 5154 ἡμᾶς
2413 5083 2749 5151 ἁγιάζοντος,
2784 5085 2974 5155 τέμνει
3030 5085 3191 5138 πάλιν
3217 5085 3306 5137 τὸν
3359 5087 3530 5154 ἄρτον
3591 5086 3730 5138 κατὰ
3763 5081 3817 5133 τὸ

2237 5177 2405 5245 μέσον
2465 5179 2492 5230 6
2549 5178 2750 5248 ἱερεὺς,
2786 5177 3017 5247 σταυρὸν
3067 5179 3330 5248 ἐνεργῶν,
3370 5180 3428 5231 ἐν
3461 5179 3571 5249 ὅλῳ
3611 5176 3815 5234 δεικνὺς

2234 5267 2326 5319 τοῦ
2361 5267 2600 5337 Χριστοῦ
2640 5268 2740 5338 τὴν
2785 5268 3114 5338 σταιύρωσιν,
3160 5273 3250 5322 καὶ
3293 5268 3394 5340 τὴν
3441 5270 3634 5322 Θυσίαν
3668 5267 3818 5322 τοῦτο

2235 5354 2375 5410 εἶναι
2424 5349 2593 5426 λέγει’
2625 5361 2887 5430 Χριστοῦ,
2941 5362 3040 5431 τὴν
3086 5359 3398 5429 στὰύρωσιν
3446 5362 3673 5430 δηλαδή.
3714 5358 3817 5410 Καὶ

2237 5451 2448 5515 (iis-catt,
2484 5453 2637 5520 φησὶ,
2679 5453 3060 5522 προφητικῶς,
3101 5455 3128 5506 ὁ
3173 5455 3342 5520 ἀμνὸς
3386 5453 3483 5506 τοῦ
3517 5451 3652 5506 Θεοῦ
3683 5451 3814 5517 ὑπὲρ

2235 5547 2336 5612 τῆς
2367 5545 2460 5597 τοῦ
2500 5547 2706 5615 κόσμου
2734 5547 2878 5616 ζωῆς
2909 5550 3002 5599 καὶ
3035 5547 3327 5616 σωτηρίας.
3360 5543 3496 5599 Εἶτα
3527 5547 3622 5600 καὶ
3647 5546 3818 5597 νύττει

2236 5638 2327 5688 τὸν
2359 5637 2523 5707 ἄρτον
2575 5639 2640 5690 ἐκ
2672 5637 2862 5701 δεξιῶν
2899 5642 2963 5708 τῇ
3005 5640 3198 5713 λόγχῃ,
3234 5640 3414 5692 πάντα
3444 5641 3633 5690 ἐκεῖνα.
3666 5640 3818 5689 ἐκτυ-

2238 5729 2356 5781 πῶν
2393 5731 2488 5781 καὶ
2532 5730 2722 5796 ποιῶν,
2775 5733 2875 5783 ὅσα
2928 5733 2992 5802 δὴ
3023 5733 3100 5796 είς
3136 5735 3194 5784 τὸ
3234 5733 3507 5800 σωτήριον
3542 5731 3700 5794 σῶμα
3727 5728 3816 5780 τοῦ

2242 5823 2490 5893 Σωτῆρος
2523 5824 2757 5891 ἐγένετο·
2795 5827 2905 5880 Καὶ
2958 5825 3120 5889 εὐθὺς
3173 5823 3417 5892 εὖλογῶν
3449 5825 3544 5878 τὶν
3587 5818 3726 5877 οῖνὸν
3766 5834 3819 5874 τε
