4038 6430
366 331 471 387 εδδ

1564 328 1660 395 DE
1706 337 1932 396 SACRJ

2042 336 2372 398 i‘TURGIA.
2726 394 2727 399 η
3514 343 3619 410 ἓΐϐ

366 444 462 530 και
515 433 578 488 τὸ
611 433 776 530 ὕδωρ,
830 437 1042 530 alga?“
1090 436 1169 513 τῷ
1216 444 1465 517 ποτηρίῳ
1521 446 1720 514 λέγων,
1770 450 1831 501 ὲν
1869 449 1932 518 τᾷ

2052 450 2170 521 ejus
2202 453 2453 520 aperuit;
2511 461 2563 506 ct
2599 453 2723 521 dum
2761 456 2997 513 infundit
3053 459 3236 514 vinum
3272 474 3394 513 cum
3434 476 3576 530 aqua
3607 474 3621 513 :

364 525 576 578 νύττειν
629 526 750 595 μὲν,
782 544 802 579 σ
840 521 937 593 Εἷς
994 530 1104 585 τῶν
1152 537 1506 602 στρατιωτῶν
1553 539 1722 611 λόγχῃ
1767 541 1938 595 αὐτοῦ

362 615 461 685 τὴν
500 615 740 688 πλευρὰν
784 619 990 688 ἔνυξεν,
1030 641 1050 675 ι
1088 626 1146 679 ὲν
1190 626 1268 697 τῷ
1294 628 1538 696 εἰσάγειν
1576 630 1634 685 δὲ
1677 637 1770 686 τὸν
1798 630 1941 687 οῐνον

363 706 462 760 σὺν
495 706 671 774 ὕδατι,
699 728 720 762 ι
759 711 871 766 Kal
902 713 1107 780 εὐθέως
1146 717 1370 789 ἐξῆλθεν
1401 715 1541 791 αἷμα
1584 723 1679 776 καὶ
1704 721 1870 791 ὕδωρ,
1915 744 1934 780 ι

366 800 462 852 xal
491 801 560 854 τὰ
588 800 780 867 λοιπά,
815 807 1113 876 μαρτυρῶν
1145 809 1222 874 ὡς
1268 810 1440 882 αὐτὴν
1476 814 1576 883 τὴν
1602 814 1799 871 θυσίαν
1845 820 1943 873 xul

365 891 678 963 ἱερουργίαν
712 896 925 966 ἐνεργεῖ
973 897 1073 952 τοῦ
1119 901 1396 973 Χριστοῦο
1458 904 1553 957 καὶ
1581 905 1618 959 ἂ
1671 907 1941 962 πέπονθεν

364 981 503 1053 ὑπὲρ
536 985 698 1056 ἡμῶν
732 987 984 1058 ἐκτυποϊ,
1017 992 1117 1063 τὴν
1145 993 1456 1066 ἀνάμνησιν
1485 997 1651 1054 αὐτοῦ
1685 1000 1762 1064 ὡς
1793 1012 1939 1072 παρ-

360 1072 562 1129 έδωκεν
590 1077 855 1148 ἐνεργῶν.

938 1171 1195 1233 usus.
1227 1180 1371 1250 uq'.

589 1261 756 1316 Διατί
772 1262 1460 1343 ἕνζυμοςᾯροσςρέρεται
1489 1268 1691 1344 ἄρτος.
1728 1259 1738 1268 ’

433 1348 501 1403 ὐ
535 1348 635 1421 μὲν
672 1352 768 1408 οὖν
795 1355 962 1429 ἄρτος
1006 1358 1241 1434 ἐνζυμός
1266 1366 1437 1431 ἐστιν,
1474 1367 1551 1431 ὡς
1578 1362 1825 1440 ἔμψυχός
1855 1386 1939 1433 τις

359 1438 447 1494 διά
477 1442 575 1513 τῆς
599 1445 778 1517 ζύμης
806 1446 903 1513 ὢν,
934 1451 1028 1505 xal
1053 1453 1272 1526 άληθῶς
1296 1458 1505 1528 ἄρτιος.
1536 1438 1826 1531 Μαρτυρεῖ
1856 1461 1938 1527 δὲ,

359 1532 438 1624 ὠς
468 1534 563 1591 xal
593 1538 799 1593 τέλειον
847 1536 916 1613 ἦν
966 1545 1028 1598 τὸ
1063 1547 1417 1619 πρόσλημμα,
1456 1550 1485 1603 6
1534 1553 1675 1623 ὑπὲρ
1710 1553 1868 1624 ἡμῶν
1911 1555 1940 1608 6

359 1623 453 1717 τοῦ
482 1626 615 1681 Θεοῦ
644 1633 1013 1700 προσελάϐετο
1038 1637 1211 1706 Λόγος
1232 1655 1248 1672 ο
1280 1641 1393 1695 Kal
1425 1644 1561 1713 σάρξ
1597 1623 1835 1713 ἐγένετο,
1861 1646 1939 1717 μὴ

360 1716 672 1808 άλλοιωθείς
695 1738 709 1752 ·
742 1726 838 1778 καὶ
874 1728 1014 1795 μετὰ
1044 1727 1225 1801 ψυχῆς
1252 1731 1481 1802 λογικῆς
1515 1752 1574 1790 τε
1616 1739 1713 1791 xal
1742 1716 1937 1808 νοερᾶς

2053 557 2072 590 ς
2115 538 2180 593 Ει
2212 543 2477 596 continuo
2507 544 2670 597 exivit
2697 550 2920 615 sanguis
2944 558 2995 602 et
3021 564 3185 618 aqua.
3228 569 3245 601 ι
3290 549 3352 603 Et
3381 566 3575 605 caetera
3611 566 3625 617 ;

2047 629 2353 684 testiﬁcaris
2406 628 2509 685 hoc
2557 632 2718 688 modo
2766 650 2825 690 se
2888 639 3104 706 operari
3178 642 3510 695 sacriticium
3569 651 3626 694 et

2045 720 2378 777 oblationem
2431 722 2660 781 Christi.
2704 725 2768 781 Et
2821 744 2946 797 qua:
2998 745 3097 798 pro
3144 733 3302 786 nobis
3353 732 3626 801 pertulit,

2048 808 2265 879 ﬁgurat,
2300 815 2880 872 commemorationem
2915 817 3068 889 Ejus,
3102 831 3167 875 ut
3202 823 3625 889 commendarit,

2046 899 2277 956 iaciens.
3120 926 3123 929 '

2564 1161 3109 1232 CAPUTLXXXVL

2222 1255 2302 1322 De
2336 1264 2547 1321 senibus
2594 1269 2786 1322 uirtute
2818 1276 2867 1321 et
2893 1269 3176 1338 prudentia
3217 1260 3445 1324 ornatis.
3556 1276 3565 1289 ’

2113 1355 2279 1414 Panis
2307 1358 2477 1428 igitur
2509 1357 2870 1413 fermentatus
2913 1368 3020 1425 est,
3055 1368 3315 1430 tanquam
3348 1362 3626 1417 animatus

2043 1444 2117 1500 sit
2150 1445 2443 1512 fermento,
2474 1459 2530 1501 et
2559 1462 2688 1501 vere
2718 1449 3050 1517 completus.
3094 1446 3448 1505 Testiﬁcatur
3495 1459 3627 1508 vero

2042 1552 2227 1592 veram
2288 1538 2719 1606 assumptionem
2766 1537 2937 1593 fuisse
2992 1554 3156 1608 quam
3216 1556 3313 1608 pro
3349 1541 3507 1597 nobis
3536 1557 3626 1597 as-

2042 1626 2279 1697 sumpsit
2322 1626 2416 1682 Dei
2452 1623 2711 1680 Verbum.
2748 1624 2814 1678 Et
2848 1623 3085 1680 Verbum
3117 1640 3246 1680 caro
3295 1626 3499 1680 factum
3541 1638 3627 1682 εει

2041 1733 2149 1773 non
2183 1726 2478 1773 mutatum.
2505 1720 2568 1773 Et
2601 1733 2722 1775 cum
2754 1719 2934 1773 anima
2974 1718 3224 1773 rationali
3262 1728 3315 1773 et
3345 1720 3623 1789 spirituali

362 1804 447 1876 ἧν,
501 1812 633 1866 αὐτὸ
683 1814 745 1867 τὸ
796 1817 1138 1889 ἀνθρώπινον
1190 1827 1668 1896 προσλαϐόμενοςο
1718 1804 1932 1893 καὶ-ὼς

2042 1820 2181 1874 erat,
2216 1810 2332 1879 ipsa
2365 1810 2703 1865 humanitate
2739 1819 3041 1880 assmnpta.
3082 1808 3146 1864 Et
3178 1819 3443 1880 tanquam
3476 1812 3624 1867 Dens

357 1901 490 1966 Θεὸς
530 1906 755 1976 τέλειος,
791 1912 886 1964 καὶ
921 1913 1204 1985 ἄνθρωπος
1244 1919 1451 1984 τέλειός
1494 1922 1663 1987 ἐστιν,
1697 1924 1785 1978 ἵνα
1837 1926 1932 1978 xul

358 1993 457 2063 ἐμὲ
511 1996 631 2050 ὅλον
694 2001 1007 2076 άναπλάσῃ.
1045 2008 1153 2060 Kal
1186 2011 1312 2081 τρία
1354 2012 1414 2065 δὲ
1463 2015 1521 2067 ὲν
1551 2015 1721 2086 αὐτῷ,
1752 2017 1839 2071 διὰ
1872 2018 1934 2072 τὸ

359 2089 613 2180 τριμερὲς
640 2093 738 2161 τῆς
767 2093 970 2166 ψυχῆς,
1004 2101 1099 2153 xal
1129 2101 1221 2155 διὰ
1246 2106 1345 2174 τὴν
1367 2104 1531 2176 τιμὴν
1559 2108 1657 2177 τῆς
1679 2110 1929 2180 Τριάδος·

358 2174 583 2272 άλευρον
634 2185 1008 2259 μετάζύμης,
1057 2191 1180 2261 ἥτις
1232 2195 1386 2267 δηλοῖ
1442 2174 1543 2270 τὴν
1589 2174 1790 2272 ψυχήν.
1836 2203 1935 2257 xal

356 2268 501 2362 ὕδωρ
539 2270 675 2362 ὅπερ
707 2273 860 2345 δηλοῖ
880 2276 941 2329 τὸ
967 2277 1275 2351 βάπτισμα,
1304 2287 1398 2340 καὶ
1438 2268 1592 2355 ἃλας,
1618 2289 1647 2344 ὃ
1669 2268 1931 2362 σημαίνει

356 2361 449 2415 τὸν
476 2361 599 2416 νοῦν
631 2363 727 2419 xal
774 2367 875 2438 τὴν
905 2369 1257 2427 διδασκαλίαν
1284 2372 1386 2430 τοῦ
1428 2378 1626 2447 Λόγου.
1659 2361 1760 2444 ’ος
1792 2381 1932 2449 πρὸς

357 2456 482 2518 τοὺς
536 2454 784 2527 μαθητάς
835 2461 1063 2532 ἔφησεν,
1120 2483 1164 2546 ι.
1187 2466 1383 2538 ’Υμετς
1430 2472 1553 2525 ἐστε
1582 2471 1642 2525 τὸ
1664 2472 1799 2538 ἃλας
1828 2477 1929 2539 τῆς

360 2546 516 2616 γῆς,›
542 2548 591 2600 oi
609 2548 914 2606 διδάσκαλοι
936 2554 1196 2619 δηλονότι.
1219 2559 1349 2624 Kal,
1378 2562 1605 2631 «Ἔχετε
1630 2564 1686 2616 ὲν
1711 2565 1927 2628 ἑαυτοῖς

356 2637 512 2704 ἃλας,
545 2658 564 2692 ι
591 2642 691 2709 τὴν
727 2643 933 2710 γνῶσιν
962 2648 1056 2701 καὶ
1088 2650 1188 2720 τὴν
1220 2652 1443 2723 ἀγάπην
1477 2654 1593 2725 ἅμα
1620 2656 1816 2725 δηλῶν,
1848 2659 1931 2712 ὅτι

357 2733 450 2785 καὶ
480 2733 579 2803 τῆς
608 2731 838 2806 Τριάδος
874 2731 957 2803 εἷς
1003 2742 1155 2796 ἐστιν
1188 2745 1215 2797 6
1264 2747 1592 2814 σαρκωθείς.
1624 2749 1929 2821 Ἐψημένος

355 2823 413 2876 δὲ
443 2825 472 2878 6
500 2824 664 2896 άρτος
702 2829 759 2881 ὲν
787 2831 945 2900 πυρὶ,
983 2833 1069 2887 ὅτι
1120 2835 1254 2900 Θεὸς
1276 2837 1373 2904 ὢν,
1399 2840 1519 2903 ὅλος
1553 2841 1685 2910 ἡμῖν
1715 2842 1923 2913 ἠνὼθη,

356 2915 453 2991 xal
500 2915 602 2985 τῆς
661 2917 824 2972 αὑτοῦ
867 2921 999 2991 ἡμῖν
1041 2923 1328 2993 δυνάμεως
1360 2928 1453 2981 καὶ
1482 2930 1766 2999 ἐνεργείας
1798 2949 1931 3002 μετ⁴

356 3007 561 3061 ἑδωκε·
593 3009 792 3079 μᾶλλον
845 3010 903 3066 δὲ
953 3014 1077 3080 ὅλος
1120 3015 1216 3091 ὅλῃ
1271 3018 1429 3089 ἡμῶν
1472 3020 1654 3093 ἠνώθη
1706 3026 1772 3095 τῇ
1821 3024 1932 3077 άτι-

359 3103 524 3173 αρχῆ-

606 3292 613 3297 ,
934 3222 1350 3281 KE0AA.uzu

355 3305 517 3360 Διατί
535 3311 893 3381 τετραμερὴς
915 3316 948 3367 ό
963 3320 1456 3439 πρὲἓνὲοερόμενος
1478 3320 1567 3389 εις
1590 3325 1931 3395 ἱερουργίαν

1154 3406 1245 3439 Ol‘.

1074 3404 1245 3454 φτος.

424 3467 778 3557 Τετραμερὴς
815 3474 870 3527 δὲ
921 3477 949 3529 6
988 3477 1175 3547 ἄρτος,
1217 3480 1334 3534 ἀλλ’
1377 3482 1438 3535 οὐ
1491 3484 1836 3557 κυκλοτερὴς
1869 3502 1930 3538 τε

356 3556 449 3609 xal
480 3557 708 3629 άξυμος,
743 3563 819 3624 ὡς
842 3563 891 3615 .ὁ
924 3570 1077 3636 παρὰ
1126 3569 1377 3623 Λατίνων
1409 3570 1693 3641 θυόμενος,
1717 3573 1798 3626 ὅτι
1835 3574 1933 3627 καὶ

355 3646 584 3713 τέλειος,
611 3651 686 3713 ὡς
717 3653 1044 3726 εἰρήκαμεν,
1072 3658 1160 3712 διά
1180 3659 1242 3713 τὸ
1271 3659 1478 3715 τέλειον
1522 3662 1614 3716 τὸν
1642 3663 1933 3734 ἄνθρωπον

356 3740 477 3794 ὅλον
515 3741 577 3795 ἐκ
612 3760 673 3796 τε
698 3745 878 3821 ψυχῆς
921 3750 1017 3802 καὶ
1050 3749 1162 3803 τῶν
1199 3753 1486 3824 τεσσάρων
1519 3755 1802 3825 στοιχείων
1840 3756 1933 3809 τδν

357 3831 490 3885 Θεὸν
521 3833 923 3904 προσλαϐέσθαι
946 3856 962 3872 ο
994 3842 1090 3895 καὶ
1138 3843 1221 3897 ὅτι
1262 3846 1608 3917 τετραμερὴς
1639 3848 1748 3910 πᾶς
1779 3847 1808 3900 6
1842 3850 1934 3900 x6-

362 3927 658 3993 apogxu‘t
696 3928 857 3991 αὐτὸς
896 3929 927 3983 6
970 3931 1144 4001 Λόγος
1183 3934 1279 3987 τοῦ
1310 3936 1518 4004 κόσμου
1560 3936 1930 4008 δημιουργός·

358 4014 451 4065 xu".
480 4013 562 4067 ὅτι
596 4017 662 4069 ὲκ
688 4020 973 4083 τεσσάρων
1000 4024 1283 4092 στοιχείων
1311 4027 1371 4078 τὸ
1403 4026 1560 4096 σῶμα
1599 4028 1628 4080 ὃ
1663 4029 1933 4097 προσελά-

356 4105 481 4163 ϐετο
509 4107 538 4159 6
568 4106 802 4177 Χριστός
829 4127 844 4142 ·
879 4114 975 4166 καὶ
1011 4115 1094 4169 ὅτι
1141 4118 1211 4170 τά
1248 4118 1462 4189 πέρατα
1496 4120 1675 4175 πάντα
1711 4119 1805 4174 τοῦ
1837 4122 1930 4175 x6-

357 4212 498 4266 σμου
522 4200 716 4269 ήγίασε
744 4206 1049 4274 σαρκωθεὶς
1076 4208 1105 4261 6
1131 4208 1327 4277 Λόγος,
1365 4211 1462 4264 xal
1491 4212 1557 4265 τὰ
1578 4211 1806 4283 οὐράνια
1835 4213 1931 4266 καὶ

357 4288 424 4341 τά
472 4289 584 4360 99
632 4291 855 4360 ἐπίγεια
884 4311 899 4328 ο
960 4296 1056 4351 καὶ
1103 4301 1187 4352 ὅτι
1243 4303 1433 4354 τούτου
1479 4302 1541 4355 τὸ
1570 4290 1774 4372 σχῆμα
1834 4304 1933 4357 αὑ-

354 4380 447 4432 τοῦ
496 4384 659 4436 τυποῖ
700 4385 793 4438 τὸν
838 4389 1088 4459 σταυρὸν,
1128 4392 1278 4446 διὀὖ
1327 4395 1669 4463 προσ-παγεὶς
1698 4396 1755 4448 ἐν
1781 4394 1929 4467 αὐτῷ

1957 3177 2007 3240 c

2044 1901 2320 1973 perfectus
2372 1913 2456 1957 est
2491 1912 2548 1956 et
2598 1909 2857 1972 tanquam
2902 1903 3085 1967 homo,
3126 1912 3185 1957 ut
3219 1915 3271 1955 ct
3308 1917 3393 1957 me
3449 1912 3625 1957 totum

2047 1993 2329 2049 reformet.
2366 1992 2433 2049 Et
2468 1995 2569 2049 tria
2594 1995 2648 2048 in
2681 2009 2745 2049 eo
2779 2004 3162 2065 sunt,propter
3197 1996 3465 2065 triplicem
3501 1999 3624 2050 ani-

2046 2103 2148 2142 ma:
2206 2086 2521 2141 facultatem
2591 2095 2645 2141 et
2709 2097 2931 2157 propter
2985 2087 3269 2143 Trinitatis
3330 2088 3622 2142 honorem.

2045 2175 2344 2233 Triticeum
2410 2177 2495 2232 far
2551 2191 2675 2231 cum
2755 2176 3072 2243 fermento,
3156 2178 3302 2247 quod
3383 2179 3623 2232 animam

2043 2270 2302 2336 ostendit,
2332 2279 2387 2324 et
2417 2285 2553 2340 aqua
2588 2284 2708 2340 quae
2741 2268 3070 2339 baptismum
3112 2268 3406 2339 significat,
3435 2279 3492 2324 et
3516 2270 3622 2331 sal,

2044 2362 2193 2430 quod
2249 2369 2485 2416 mentem
2534 2369 2589 2416 et
2623 2363 2929 2417 doctrinam
2969 2359 3129 2416 Verbi
3186 2361 3429 2427 indiCnt;
3477 2359 3621 2431 quod

2045 2454 2284 2510 Verbum
2312 2454 2599 2523 discipulis
2635 2454 2774 2508 dixit
2806 2472 2818 2508 :
2857 2473 2876 2506 ‹
2918 2453 3028 2509 Vos
3059 2455 3195 2511 estis
3247 2455 3328 2509 sal
3380 2464 3560 2518 terrae,
3599 2474 3619 2505 ι

2043 2562 2239 2617 nempe
2305 2548 2584 2602 doctores.
2646 2545 2710 2599 Et
2767 2564 2787 2598 ι
2850 2545 3059 2601 ilabete
3109 2546 3162 2600 in
3220 2547 3376 2601 vobis
3433 2548 3553 2611 sal,
3594 2564 3615 2597 ι

2050 2637 2338 2696 scientiam
2372 2646 2428 2693 et
2477 2638 2803 2693 cbaritatem
2836 2640 3001 2693 simul
3035 2638 3379 2708 signiﬁcans,
3411 2638 3538 2707 quia
3567 2650 3623 2692 et

2045 2731 2331 2786 Trinitatis
2377 2745 2523 2786 unus
2566 2737 2671 2795 est,
2735 2731 2828 2800 qui
2882 2739 2967 2784 est
3018 2731 3354 2785 incarnatus.
3418 2730 3623 2784 Coetus

2038 2834 2218 2881 autem
2251 2824 2408 2893 panis
2445 2823 2497 2877 in
2532 2822 2655 2892 igne
2677 2833 2781 2889 est,
2809 2823 2957 2892 quia,
2992 2807 3117 2877 cuin
3170 2823 3239 2878 sit
3282 2824 3446 2886 Deus,
3475 2833 3622 2877 totus

2042 2917 2331 2974 nobiscum
2371 2915 2561 2971 uultus
2587 2923 2691 2979 est,
2726 2924 2780 2970 et
2810 2925 2910 2970 nos
2936 2931 3049 2970 sua:
3084 2909 3342 2984 potentiae
3366 2924 3420 2969 et
3445 2915 3622 2969 virtu-

2040 3011 2111 3066 tis
2140 3009 2437 3079 participes
2480 3006 2703 3074 eil‘ecit;
2743 3009 2853 3063 imo
2898 3021 3029 3063 vero
3082 3016 3229 3066 totus
3268 3009 3397 3065 tutis
3451 3009 3623 3066 nostri
3698 3072 3711 3081 ν

2043 3103 2301 3177 primitiis
2328 3102 2516 3159 unitus
2552 3112 2657 3158 est.

2544 3218 2771 3273 CAPUT
2811 3212 3125 3273 LXXXVII.

2049 3306 2229 3378 Quare
2263 3313 2415 3378 panis
2441 3312 2510 3364 ad
2540 3326 2749 3363 sacrant
2774 3313 2995 3363 Missam
3020 3311 3228 3362 oblatus
3246 3311 3314 3363 sit
3344 3312 3622 3379 quadran-

2453 3381 2655 3451 gutaris
2686 3391 2737 3433 et
2767 3379 3238 3450 quadripartitus?
3357 3377 3362 3379 ’
3525 3377 3535 3386 ”

2116 3472 2560 3542 Quadripartitus
2592 3486 2719 3525 vero
2752 3471 2909 3541 panis
2963 3483 3049 3525 est
3076 3508 3091 3534 ,
3140 3485 3316 3539 neque
3356 3469 3626 3524 rotundus

2044 3576 2098 3619 et
2121 3579 2368 3635 azymus,
2401 3572 2459 3617 ut
2489 3563 2629 3632 apud
2662 3561 2910 3625 Latinos,
2946 3562 3161 3617 oblatus
3189 3561 3363 3630 panis,
3413 3561 3541 3630 quia
3570 3570 3626 3614 et

2047 3656 2342 3724 perfectus,
2369 3664 2427 3708 ut
2450 3655 2713 3720 diximus,
2744 3669 2810 3708 eo
2840 3655 2987 3723 quod
3035 3653 3180 3707 Deus
3232 3662 3404 3706 totum
3443 3653 3624 3706 homi-

2046 3762 2196 3811 nem,
2233 3747 2582 3814 anitnamquc
2614 3756 2669 3801 et
2706 3755 2944 3815 quatuor
2985 3744 3255 3800 elementa
3300 3748 3621 3815 assumpsit.

2046 3839 2112 3894 Et
2145 3840 2274 3908 quia
2325 3838 2758 3909 quadripartitus
2798 3850 2883 3895 est
2918 3839 3208 3894 universus
3241 3838 3478 3893 mundus
3508 3878 3522 3901 ,
3570 3847 3626 3891 et.

2045 3933 2222 4002 ipsum
2259 3929 2526 3998 Verbum,
2581 3932 2727 4001 quod
2780 3933 3039 3986 mundum
3089 3932 3338 3997 creavit;
3379 3940 3434 3984 et
3493 3933 3620 3998 quia

2043 4035 2284 4092 quatuor
2338 4022 2625 4078 elementis
2681 4032 2897 4078 constat
2951 4038 3151 4093 corpus
3194 4038 3223 4076 a
3260 4022 3485 4077 Christo
3534 4038 3620 4075 as-

2046 4124 2349 4182 sumptum,
2384 4122 2438 4169 et
2463 4116 2589 4185 quia
2617 4130 2808 4171 omnes
2849 4115 2984 4170 lines
3018 4116 3207 4170 mundi
3259 4116 3623 4170 sanctiﬁcavit

2044 4202 2283 4259 Verbum
2323 4206 2690 4277 incarnattun,
2721 4214 2775 4261 et
2833 4206 3075 4262 coelestia
3117 4216 3173 4261 et
3206 4208 3484 4262 terrestria
3514 4225 3528 4273 ;
3564 4220 3622 4261 ct

2043 4296 2172 4366 quia
2230 4299 2345 4351 haec
2404 4298 2563 4368 panis
2596 4296 2775 4354 forma
2807 4310 3027 4354 erucem
3063 4298 3293 4371 ﬁgurat,
3327 4317 3422 4371 per
3451 4317 3614 4371 quam

2044 4387 2339 4444 cruciﬁxus
2367 4398 2421 4444 et
2455 4401 2706 4446 mortuus
2758 4407 2857 4447 nos
2907 4398 2964 4446 et
2997 4395 3260 4447 mundum
3304 4396 3614 4449 uniwrsum

359 4472 454 4569 καὶ
493 4471 799 4542 ἀποθανὼν,
828 4475 976 4547 ἡμᾶς
1037 4479 1132 4533 καὶ
1176 4480 1272 4535 τὸν
1304 4483 1509 4555 κόσμον
1542 4484 1717 4538 πάντα
1746 4484 1927 4557 άνώρ·
1965 4510 2010 4569 D
2039 4480 2239 4535 erexit.

356 4558 555 4618 θωσεν.

922 4684 1177 4745 ΚΕΦΛΛ.
1212 4686 1348 4745 ΠΗ’.

356 4790 624 4867 ὀτι-οὐκ
657 4795 842 4867 ὀρθῶς
872 4799 989 4854 κάν
1009 4802 1200 4866 τούτῳ
1225 4802 1471 4858 ποιοῦσι
1503 4800 1768 4867 Λατῖνοι,
1798 4804 1931 4867 ἄζυ-

416 4863 504 4942 μά
532 4881 596 4919 τε
624 4866 721 4919 καί
750 4863 1076 4942 κῴκλοενιδῆ
1103 4863 1292 4927 ταῦτα
1321 4863 1798 4942 προσφέροντες-ο
1823 4863 1930 4930 ἁνε-

423 4934 724 5069 Ξὲίρέἑοται
754 4938 861 5007 γὰρ
881 4943 916 4993 ό
939 4934 1196 5008 Χριστός
1221 4958 1234 4973 ο
1266 4943 1333 4996 τὸ
1362 4934 1651 5012 bivia-6s-
1672 4934 1930 5001 ἐπ’στοι-

433 5112 574 5168 Ἀλλ’
604 5117 654 5170 οί
686 5116 908 5173 Λατῖνοί
944 5135 1135 5191 φασιν,
1169 5121 1246 5188 ὡς
1290 5124 1351 5178 τὸ
1381 5126 1715 5192 κυκλοειδὲς,
1748 5129 1843 5181 καὶ
1870 5128 1931 5182 τὸ

353 5202 584 5274 ἄναρχον
614 5209 779 5264 αὐτοῦ
812 5214 1067 5281 σημαίνει
1097 5215 1193 5268 καὶ
1219 5215 1576 5287 ἀτελεύτητον
1600 5220 1700 5291 τῆς
1730 5221 1929 5291 066m-

352 5311 461 5358 τος.
496 5298 606 5354 Kal
642 5301 695 5353 τί
731 5304 888 5357 τοῦτο
927 5306 977 5359 oi
1007 5307 1305 5377 ὀρθοδόξως
1341 5311 1670 5382 φρονοῦντες
1705 5329 1927 5383 φαμενς

354 5385 429 5438 Οὐ
452 5389 581 5457 περὶ
606 5389 884 5460 θεολογίας
907 5396 1017 5462 γάρ
1053 5396 1150 5452 νῦν
1171 5400 1199 5450 6
1217 5398 1396 5468 λόγος.
1435 5401 1507 5454 Τὸ
1538 5404 1841 5474 μυστήριον
1871 5402 1929 5456 δὲ

353 5477 451 5547 τῆς
483 5482 812 5549 σαρκώσεως
842 5489 935 5539 καὶ
971 5489 1065 5542 τοῦ
1100 5492 1310 5556 πάθους
1349 5494 1699 5566 κηρύττεται,
1736 5496 1831 5547 καὶ
1861 5496 1929 5548 τὰ

353 5567 453 5637 τῆς
481 5571 946 5646 ἐνανθρωπήσεως
972 5573 1073 5632 ὦδε
1118 5581 1483 5637 ὲκτυποῦνται
1515 5585 1728 5656 καὶτῆς
1763 5602 1927 5638 σταυο

356 5660 595 5731 ρώσεως.
620 5666 814 5736 Ὅμως
836 5670 969 5741 ,οὐδὲ
994 5674 1054 5724 τὸ
1078 5673 1264 5744 σχῆμα
1291 5675 1449 5728 τοῦτο
1480 5676 1674 5747 ἀφείθη
1703 5678 1735 5749 ἢ
1769 5696 1929 5731 κατε-

354 5751 569 5827 λείφθη.
594 5758 708 5811 ἀλλ’
738 5760 797 5811 ὲν
831 5764 894 5831 τῇ
924 5766 1181 5833 σφραγῖδι
1213 5768 1429 5837 ὁρᾶται.
1483 5770 1594 5823 Kal
1629 5772 1928 5839 ἀναγκαῖον

641 5851 911 5915 Panos.
947 5858 1057 5918 Gn.
1098 5857 1237 5917 CLV
1251 5902 1266 5919 .

2526 4706 2758 4764 CAPUT
2799 4700 3129 4767 LXXXVIII.

2034 4815 2157 4872 Non
2190 4830 2325 4875 recte
2359 4821 2411 4892 in
2439 4820 2534 4875 hoc
2565 4822 2740 4890 facere
2769 4822 3008 4887 Latinos,
3038 4826 3179 4888 quod
3210 4826 3615 4892 infcrmrnlamu

2104 4899 2150 4942 et
2178 4889 2436 4964 rotundas
2460 4889 2655 4946 hostias
2689 4893 2938 4960 o/ferunl,
2977 4910 3095 4945 cum
3134 4889 3379 4964 Christus
3398 4910 3614 4951 carnem

2104 4963 2452 5030 assumpserit
2474 4978 2539 5017 ex
2563 4973 2793 5031 quatuor
2821 4972 3151 5018 constantem
3180 4963 3469 5017 elementis.

2104 5134 2209 5190 Sed
2242 5134 2417 5190 Latini
2449 5136 2637 5190 dicunt
2671 5150 2863 5205 paan
2907 5136 3199 5189 rotundum
3234 5147 3287 5188 et
3336 5137 3614 5189 aeternita-

2031 5233 2139 5279 tem
2189 5235 2243 5280 et
2295 5226 2757 5280 immortalitatem
2791 5224 3023 5280 Deitatis
3062 5218 3490 5295 reprzescntare.
3548 5225 3615 5281 Et

2031 5316 2161 5385 quid
2216 5317 2319 5370 hoc
2349 5315 2595 5371 dicemus
2651 5331 2750 5371 nos
2803 5319 2896 5388 qui
2950 5319 3253 5372 orthodoxe
3301 5319 3617 5373 sentimus?

2032 5404 2148 5459 Non
2182 5404 2248 5459 de
2279 5404 2571 5475 Tlteologia
2620 5408 2813 5475 agitur.
2856 5409 3227 5462 Annuntiatur
3263 5409 3609 5464 [ncarnatio-

2032 5494 2116 5550 nis
2146 5505 2198 5549 et
2231 5496 2512 5551 Passionis
2549 5497 2894 5568 mysterium,
2925 5509 2978 5554 et
3009 5500 3409 5557 incainatiouis
3437 5498 3615 5555 cruci-

2032 5586 2364 5655 ﬁxionisquc
2398 5588 2704 5658 ﬁgurantur
2728 5593 3011 5661 mysteria.
3048 5592 3252 5647 Tamen
3302 5608 3410 5647 non
3448 5593 3616 5661 hujus

2035 5677 2207 5731 forma
2242 5678 2442 5746 rejecta
2474 5691 2557 5734 est
2608 5692 2661 5734 et
2692 5682 2980 5751 derelicta,
3036 5684 3128 5738 sed
3179 5685 3234 5737 in
3288 5685 3445 5751 signo
3497 5687 3613 5738 visa

2032 5781 2146 5827 est:
2190 5780 2242 5826 et
2296 5772 2366 5826 ibi
2421 5774 2593 5842 magis
2630 5777 3022 5843 necessarium,
3058 5777 3186 5846 quia
3237 5791 3360 5845 quae
3388 5778 3453 5831 ad
3486 5775 3611 5832 Sale

3265 5869 3300 5930 9
