4038 6446
473 339 581 409 271

1260 347 1635 410 SYllEONlS
1668 346 2425 414 THESSALONICENSES
2461 352 2817 416 ARCHIEP.

3600 362 3697 428 2‘72

478 465 545 518 de
577 462 717 519 rtelo
739 462 1097 531 desvendens,
1134 477 1230 533 pro
1268 479 1467 518 manna
1500 464 1592 519 illo
1625 481 1642 531 ;
1673 480 1835 535 quem
1866 481 2048 537 panem

2166 473 2194 524 6
2225 470 2355 535 ζῶν,
2405 472 2430 522 6
2469 472 2533 524 ἐκ
2558 470 2652 523 τοῦ
2685 466 2918 540 οὐρανοῦ
2950 467 3216 532 καταεῗάς,
3255 466 3376 523 ἀντὶ
3423 471 3515 525 τοῦ
3550 477 3713 543 μάννα

475 559 567 625 qui
607 555 1035 619 mamluraverit,
1064 572 1171 610 non
1241 557 1525 619 morietur,
1559 566 1618 610 nt
1672 557 1830 612 dixit.
1892 558 1949 612 Si
1998 567 2052 612 et

474 648 652 703 adlme
681 649 1000 713 contendas,
1027 658 1085 701 ut
1114 648 1277 712 soles,
1312 656 1368 701 et
1397 647 1527 702 illud
1568 664 1634 702 ex
1660 658 1905 719 tempore
1932 650 2051 719 ipso

475 740 862 808 interpreteris,
893 750 947 793 et
977 754 1227 810 azymum
1261 756 1455 809 panem
1499 741 1724 794 allatum
1784 756 1927 805 esse,
1984 756 2051 797 eo

386 858 398 885 ι
469 834 611 901 quod
648 831 814 900 legale
850 831 1052 885 Pascha
1092 847 1214 884 cum
1248 832 1452 901 azymis
1487 832 1897 900 celebrabatur;
1922 842 2051 888 sunt

471 925 658 977 Inultac
743 938 803 976 ac
857 924 1150 976 verissimae
1200 939 1360 976 voces
1415 925 1777 977 maximorum
1835 925 2049 981 divino-

470 1028 704 1081 rumque
734 1014 971 1066 virorum
997 1027 1114 1079 qua:
1145 1014 1427 1085 audaciam
1463 1020 1612 1066 tuam
1655 1013 2050 1082 ignorantiam-

468 1120 576 1174 que
605 1103 914 1156 deturbem.
963 1101 1131 1156 Addis
1180 1102 1326 1169 quod
1377 1102 1616 1155 nondum
1666 1104 2051 1157 assumebatur

470 1195 819 1255 fermentum,
852 1192 1072 1260 quando
1101 1193 1355 1262 mysteria
1390 1193 1615 1247 tradidit
1658 1193 1929 1247 Salvator.
1985 1193 2049 1246 Et

468 1283 818 1356 Evangelium
856 1284 1016 1351 hujus
1046 1285 1121 1337 rei
1147 1294 1229 1337 est
1248 1284 1567 1345 testis,cnm
1601 1285 1742 1339 hanc
1765 1285 1905 1339 diem
1928 1296 2051 1339 esse

462 1379 605 1432 diem
640 1392 952 1447 azymorum
975 1393 1075 1431 nos
1104 1377 1296 1430 doceat
1329 1396 1343 1441 ;
1376 1377 1597 1446 quando
1627 1394 1686 1431 se
1710 1378 1885 1446 ipsum
1917 1390 2049 1430 con-

462 1468 987 1524 secravitCln-istus.
1017 1467 1123 1523 Sed
1145 1478 1261 1521 erat
1293 1476 1416 1521 ante
1446 1481 1657 1537 azyma.
1691 1485 1707 1517 ι
1737 1466 2038 1521 Antedicm

462 1562 661 1617 festum
695 1558 938 1625 Paschza,
983 1560 1076 1622 ait,
1113 1559 1294 1612 sciens
1319 1557 1503 1622 Jesus,
1544 1576 1564 1610 ι
1600 1566 1652 1611 et
1684 1556 1919 1611 hostiam
1943 1555 2042 1611 de-

460 1654 562 1718 dit,
599 1653 819 1723 quando
848 1653 975 1706 fecit
1008 1666 1244 1706 orenam.
1278 1649 1433 1703 Tunc
1462 1666 1678 1719 quoque
1694 1652 1856 1720 pedes
1880 1648 2049 1703 disci-

460 1746 716 1816 pulorum
749 1743 875 1797 lavit
900 1758 915 1810 ;
941 1754 993 1796 et
1024 1743 1139 1797 haec
1165 1753 1321 1795 erant
1350 1750 1480 1795 ante
1509 1740 1790 1796 Judaicum
1813 1740 2044 1796 Pascha.

464 1835 599 1889 Vide
628 1845 805 1889 autem
830 1833 959 1903 quid
983 1833 1125 1885 dicat
1150 1842 1203 1885 et
1236 1833 1288 1885 in
1323 1831 1588 1900 passionis
1639 1832 1726 1886 die
1758 1849 1773 1885 :
1803 1851 1821 1884 ι
1858 1833 1921 1884 Ει
1943 1830 2044 1898 ipsi

462 1943 569 1981 non
602 1926 928 1980 introierunt
957 1926 1009 1977 in
1040 1926 1376 1991 praetorium,
1440 1933 1629 1977 utnon
1654 1912 2044 1993 polluerentur,

460 2021 553 2075 sed
584 2029 641 2072 ut
667 2019 1061 2072 manducarent
1097 2015 1320 2070 Pascha.
1354 2035 1373 2068 ι
1416 2015 1479 2067 Et
1510 2031 1728 2070 rursum
1758 2016 1809 2068 in
1872 2016 2047 2071 cruci-

464 2112 697 2165 tiaione:
728 2129 746 2161 ι
805 2109 1065 2179 quoniam
1128 2108 1427 2162 Parasceve
1477 2116 1616 2170 erat,
1650 2107 1873 2176 inquit;
1920 2116 2039 2162 erat

458 2204 606 2258 cnim
638 2219 869 2271 magnus
900 2201 1018 2254 dies
1054 2201 1143 2254 ille
1175 2198 1423 2254 Sabbati.
1466 2218 1484 2251 ι
1518 2197 1582 2252 Et
1615 2213 1681 2253 ex
1718 2198 1783 2252 iis
1813 2214 1931 2268 qme
1967 2198 2049 2252 di-

362 2362 367 2367 ,
460 2296 534 2347 rit
592 2294 940 2363 Evangelium
976 2309 991 2348 :
1030 2311 1047 2344 ι
1091 2292 1315 2359 Accepit
1362 2305 1555 2360 panem
1606 2307 1625 2341 ι
1684 2303 1792 2344 non
1846 2290 2042 2345 addit:

465 2402 740 2458 azymutn.
766 2386 831 2439 Et
860 2388 1005 2455 quod
1032 2387 1106 2440 ait
1136 2385 1396 2440 Dominus
1425 2401 1440 2437 :
1472 2401 1489 2435 ι
1521 2381 1804 2439 Desiderio
1831 2382 2045 2437 deside-

456 2480 570 2535 ravi
609 2478 950 2537 hoc-Pascha
984 2478 1313 2535 manducare
1370 2478 1680 2541 vobiscum,
1738 2484 2033 2547 antequam

455 2573 649 2643 patiar.
682 2589 701 2622 ι
728 2570 1172 2625 Manifestissima
1192 2569 1357 2639 igitur
1377 2568 1555 2624 docet.
1577 2567 1697 2623 Non
1718 2569 1863 2622 enim
1895 2568 2034 2623 Pas—

453 2668 556 2718 cha
604 2661 894 2718 Judaicum
931 2661 1381 2731 desiderat,quod
1404 2661 1604 2731 saepius
1638 2660 1858 2717 fecerat.
1875 2659 2036 2717 Prius

452 2753 585 2808 illud
618 2752 823 2807 Pascha
845 2751 973 2807 fecit
1001 2768 1015 2815 ;
1039 2750 1236 2806 deinde
1268 2766 1427 2806 suum
1456 2753 1652 2822 ipsius.
1678 2753 1742 2805 ιιι
1771 2753 1874 2806 hoc
1892 2751 2042 2806 desi-

451 2846 677 2900 derabat
699 2846 916 2899 tradere
950 2844 1127 2909 nobis,
1162 2853 1220 2897 ut
1257 2845 1428 2899 ιιοὺὶει
1450 2860 1540 2899 um
1572 2854 1789 2898 maneat
1823 2861 1839 2912 ;
1872 2853 2042 2899 utve-

452 2953 571 2992 rum
604 2939 673 2991 sit
700 2938 845 3007 quod
875 2936 1015 2989 dixit
1046 2953 1060 2990 :
1103 2953 1121 2986 ι
1151 2935 1256 3001 Qui
1292 2934 1588 2990 manducat
1614 2949 1792 2990 meam
1816 2950 2036 2990 carnem

449 3040 503 3084 et
537 3032 568 3085 b
596 3031 672 3083 bit
706 3046 884 3082 meum
917 3029 1239 3097 sanguinem
1274 3026 1328 3080 in
1368 3042 1454 3082 me
1499 3035 1682 3081 manet
1730 3035 1785 3082 et
1830 3042 1932 3096 ego
1981 3027 2035 3082 in

2155 562 2390 615 ἐκείνου.
2446 563 2544 613 Ὃν
2572 563 2599 615 6
2626 560 2816 630 φαγὼν
2860 560 2961 613 οὐκ
2990 559 3348 630 ἀποθνήσκει,
3382 562 3455 625 ὡς
3499 563 3706 635 ἔφησεν.

2154 652 2214 703 El
2237 650 2292 703 δὲ
2325 653 2414 704 καὶ
2450 651 2611 704 πάλιν
2644 651 2992 718 φιλονεικεῖς,
3015 651 3091 711 ὡς
3123 650 3242 713 ἔθος
3276 669 3377 717 σοι,
3400 654 3492 706 καὶ
3539 656 3597 707 ἐκ
3624 654 3712 711 τοῦ

2152 744 2345 811 καιροῦ
2370 741 2526 795 τοῦτο
2554 740 3016 809 καταναγκάζεις,
3049 741 3145 795 καὶ
3176 741 3238 793 16
3274 743 3573 812 προσαχθὲν
3597 749 3712 799 τότε

2153 832 2364 904 ἄζυμον
2415 830 2556 888 εἶναι
2585 835 2788 902 λέγεις,
2841 832 2917 898 ὠς
2942 836 3036 888 τοῦ
3073 835 3267 904 Πάσχα
3293 834 3361 886 δι’
3395 836 3612 905 ἀζύμων
3638 858 3714 892 τε-

2149 927 2416 997 λουμένου
2460 920 2556 980 τοῦ
2593 927 2846 996 νομικοῦ,
2873 928 2981 981 ιῖσὶ
3013 927 3112 998 μὲν
3137 928 3381 982 πλεῖστοι
3409 930 3498 981 καὶ
3533 929 3715 1000 άληθέ-

2154 1035 2337 1071 arato:
2365 1019 2423 1070 λό
2436 1037 2511 1086 τοι
2549 1018 2826 1088 μεγίστων
2859 1020 2952 1073 καὶ
3000 1020 3165 1073 θείων
3210 1021 3441 1088 ἀνδρῶν,
3468 1021 3527 1074 τδ
3553 1021 3714 1091 θρισῦ

2158 1131 2256 1167 σου
2310 1116 2404 1167 καὶ
2458 1115 2741 1183 ἄγνωστον
2804 1115 3315 1186 κσταρῤάσσοντες·
3364 1118 3459 1171 καὶ
3510 1115 3583 1179 ὡς
3622 1116 3714 1169 οὐκ

2153 1205 2366 1276 ἐπήρθη
2405 1207 2483 1260 ἔτι
2519 1208 2551 1276 ή
2582 1207 2726 1276 ζύμη
2758 1210 2847 1262 ὅτε
2893 1211 2958 1262 τὶ
3013 1211 3294 1280 μυστήρια
3358 1210 3663 1279 παρέδωκεν
3690 1207 3718 1261 6

2151 1298 2365 1368 Σωτήρ.
2396 1300 2503 1353 Kal
2541 1299 2600 1353 τὸ
2640 1300 2972 1369 Εὑαγγέλιον
3003 1304 3194 1356 τούτου
3261 1302 3487 1371 μάρτυς,
3532 1302 3590 1354 03
3626 1299 3717 1366 τὴν

2151 1394 2368 1464 ἡμέραν
2432 1387 2572 1448 εἶναι
2640 1396 2896 1450 διδάσκον
2963 1394 3073 1449 τῶν
3144 1394 3391 1463 ἀζύμων,
3441 1394 3527 1445 ὅτε
3570 1391 3711 1460 101

2152 1490 2344 1542 ἑαυτὸν
2408 1489 2763 1559 ἱερούργησεν
2821 1492 2850 1542 6
2907 1488 3141 1559 Χριστός
3176 1505 3191 1521 ·
3240 1488 3375 1542 ἀλλὰ
3448 1485 3549 1554 πρδ
3615 1483 3716 1570 τῶν

2148 1580 2378 1651 ἀζύμων
2406 1577 2492 1651 ἦν.
2533 1601 2553 1634 ι
2591 1582 2703 1652 Πρὸ
2755 1582 2811 1636 δὲ
2842 1582 2941 1647 τῆς
2977 1583 3193 1650 ἑορτῆς,
3240 1581 3395 1649 φησι,
3419 1576 3511 1631 τοῦ
3540 1577 3715 1641 Πάσχα

2148 1673 2303 1734 είδὼς
2331 1672 2617 1742 ὁΊησοῦς.
2661 1692 2680 1725 ι
2720 1674 2830 1726 Kal
2875 1672 2976 1743 τὴν
3017 1672 3211 1726 θυσίαν
3266 1671 3599 1737 παρέδωκεν,
3633 1668 3714 1718 ὅτε

2078 1802 2124 1862 Β
2153 1763 2377 1830 ἐποίησε
2412 1764 2502 1816 16v
2534 1765 2773 1819 δεῖπνον.
2807 1761 2944 1816 Τότε
2981 1762 3038 1815 δὲ
3069 1761 3163 1816 καὶ
3206 1761 3274 1814 τὰ
3322 1759 3417 1812 τοῦ
3472 1758 3716 1858 νιπτῆροῐ

2153 1856 2389 1910 ἐτέλεσε.
2427 1857 2537 1909 Καὶ
2590 1856 2696 1925 πρὸ
2728 1854 2823 1909 τοῦ
2863 1856 3052 1924 Πάσχα
3083 1854 3256 1908 ταῦτα
3301 1854 3396 1907 τοῦ
3436 1846 3714 1906 ’1ουδαῖκοῦ

2148 1940 2240 2015 ἦν.
2273 1946 2417 2015 Ὀρα
2472 1946 2528 1999 δὲ
2562 1946 2615 1999 τί
2648 1963 2783 2015 φησι
2835 1945 3019 1998 καὶξν
3047 1947 3113 2015 τῇ
3147 1947 3335 2015 ἡμέρᾳ
3379 1943 3472 1997 τοῦ
3503 1940 3717 1999 πάθους.

2149 2036 2262 2089 Καὶ
2291 2039 2446 2090 αὐτοὶ
2502 2038 2603 2091 οὐκ
2654 2037 2904 2106 εἰσῆλθον
2927 2039 3006 2100 εἰς
3040 2038 3100 2089 16
3146 2036 3503 2107 πραιτώριον,
3533 2034 3616 2086 ἴνα
3648 2031 3714 2100 μὴ

2151 2128 2479 2198 μιανθῶσιν,
2537 2129 2652 2182 ἀλλ’
2686 2130 2774 2183 ἵνα
2825 2129 3043 2196 φάγωσι
3073 2128 3133 2181 16
3173 2129 3391 2198 Πάσχα.
3425 2127 3530 2181 Kal
3571 2127 3627 2176 ἐν
3654 2124 3714 2193 τῇ

2147 2220 2457 2289 σταυρώσει
2507 2220 2693 2282 πάλιν,
2742 2240 2761 2272 ι
2806 2220 2960 2273 Ἐπεὶ
2996 2222 3325 2290 παρασκευὴ
3358 2215 3446 2289 ἦν,
3485 2237 3503 2269 ι
3538 2216 3715 2286 φησὶν,

2145 2305 2217 2383 ἦν
2245 2312 2357 2382 γὰρ
2414 2311 2625 2381 μεγάλη
2659 2313 2692 2382 ὴ
2721 2311 2905 2381 ἡμέρα
2938 2312 3122 2381 ἐκείνη
3149 2310 3242 2364 τοῦ
3284 2310 3586 2365 Σαὸὄάτου.
3616 2306 3716 2359 Καὶ

2148 2404 2244 2475 ἀφ’
2279 2397 2356 2459 ὧν
2404 2404 2465 2458 16
2517 2404 2852 2471 Εὑαγγὲλιον
2884 2399 3042 2467 αὖθις
3078 2404 3250 2472 λέγει.
3292 2421 3310 2455 ι
3347 2402 3578 2456 Ἐλαεεν
3627 2398 3717 2465 ἄρ-

2145 2515 2260 2550 τον.
2302 2515 2320 2548 ι
2358 2495 2467 2550 Kal
2503 2495 2604 2550 οὐκ
2634 2497 2843 2565 ἄζυμον
2882 2494 3229 2566 προστίθησι.
3278 2495 3392 2548 Kal
3427 2495 3454 2547 6
3484 2492 3538 2546 δὲ
3566 2490 3662 2559 ἔφη
3690 2486 3719 2539 6

2144 2586 2368 2658 Κύριος,
2411 2605 2430 2639 ι
2483 2585 2783 2656 Ἐπιθυμίᾳ
2831 2585 3158 2655 ἐπεθύμησα
3215 2584 3380 2640 τοῦτο
3430 2585 3491 2639 16
3541 2582 3717 2651 Πάσχα

2145 2679 2345 2749 φαγεῖν
2381 2678 2502 2748 μεθ’
2545 2677 2702 2747 ὑμῶν
2755 2679 2862 2747 πρὸ
2893 2677 2987 2730 τοῦ
3028 2694 3095 2744 με
3136 2677 3364 2740 παθεῖν,
3408 2695 3425 2728 ι
3477 2674 3715 2744 ἀριδηλὸ-

2142 2786 2281 2822 τατα
2314 2769 2577 2823 διδάσκει.
2622 2768 2696 2820 Οὐ
2733 2768 2842 2837 γὰρ
2877 2766 2971 2820 τοῦ
3029 2768 3337 2821 Ἰουδαῖκοῦ
3383 2767 3661 2837 ἐπεθύμει,
3692 2764 3717 2816 6

2142 2858 2407 2921 πολλάκις
2454 2854 2522 2929 ἢν
2554 2858 2885 2921 τετελεκώς.
2929 2859 3039 2911 Kal
3067 2859 3166 2927 τὴν
3204 2861 3369 2913 σκιὰν
3413 2856 3542 2930 ἦλοε
3589 2858 3717 2912 παί-

2143 2968 2275 3004 σων.
2312 2950 2515 3004 Λοιπὸν
2566 2950 2725 3020 εἴπερ
2781 2950 2873 3003 καὶ
2947 2952 3009 3004 16
3067 2954 3294 3021 νομικὸν
3351 2953 3709 3012 ὲκτετὲλεκεν,

2122 3044 2371 3111 ,ἐποίησε
2410 3042 2699 3112 πρότερον.
2735 3041 3007 3111 ’Ὕστερον
3044 3042 3101 3096 δὲ
3133 3045 3423 3112 παρέδωκε
3449 3045 3508 3097 16
3531 3041 3708 3097 αὑτοῦ.

450 3123 563 3175 illo.
610 3140 628 3171 ι
670 3121 792 3174 Ideo
853 3136 957 3172 non
1009 3120 1189 3171 omnia
1250 3118 1512 3189 legaliain
1540 3121 1641 3173 hac
1663 3133 1821 3175 caena
1858 3120 2037 3175 adim-

2145 3135 2257 3187 Καὶ
2288 3134 2445 3187 τοῦτο
2466 3129 2534 3204 ἦν
2560 3133 2844 3203 ἐπιθυμῶν
2867 3136 3208 3205 παραδοῦναι
3238 3138 3348 3206 πρὸ
3379 3136 3471 3190 τοῦ
3504 3135 3707 3197 παθεῖν,

450 3211 615 3280 pluvit
644 3228 659 3276 ;
699 3211 793 3263 sed
828 3220 883 3262 et
913 3210 1303 3275 discipulorum
1360 3210 1523 3280 pedes
1569 3210 1700 3265 lavit
1732 3230 1747 3278 ;
1776 3221 1830 3267 et
1877 3228 2036 3268 recu.

449 3304 681 3365 buit;et
726 3317 834 3354 non
883 3303 1061 3353 solum
1111 3315 1266 3354 assas
1296 3316 1489 3358 carnes
1529 3302 1782 3368 habebat,
1840 3306 1932 3359 sed
1982 3314 2037 3360 et

448 3394 716 3457 catinum,
753 3395 806 3446 in
842 3407 946 3458 quo
977 3393 1198 3445 ἰιιιίιιιιιι
1228 3390 1419 3446 Judas.
1474 3393 1549 3448 lta
1606 3403 1665 3447 ut
1725 3410 1832 3448 non
1889 3410 2035 3451 esset

449 3494 666 3554 tempus
690 3484 970 3539 l’aschatis
1000 3482 1312 3539 Judaeorum
1334 3500 1350 3551 ;
1377 3492 1430 3538 et
1454 3484 1797 3541 uonJudaica
1824 3488 2035 3541 solum-

448 3574 610 3630 modo
633 3575 882 3645 perfecit,
904 3575 996 3629 sed
1025 3584 1078 3629 et
1108 3574 1327 3646 prepria
1361 3578 1688 3645 praesertim,
1735 3578 1803 3633 de
1830 3579 2032 3646 quibus

445 3666 659 3721 diccbat
700 3683 715 3719 :
759 3683 778 3717 ι
814 3664 929 3720 lloc
988 3665 1151 3719 facite
1199 3665 1253 3718 in
1313 3680 1488 3721 meam
1544 3670 2029 3724 connneinoratio-

445 3773 590 3813 nem.
633 3778 652 3809 ι
693 3756 776 3824 Ει,
814 3776 834 3811 ι
866 3757 1008 3812 Caro
1040 3772 1158 3811 mea
1189 3772 1315 3812 vere
1345 3764 1428 3813 est
1478 3757 1653 3825 cibus,
1701 3768 1755 3813 et
1807 3760 2031 3831 sanguis

443 3865 598 3905 meus
633 3866 758 3904 vere
794 3859 878 3905 est
920 3858 1078 3920 potus
1116 3867 1134 3900 ι
1172 3857 1225 3903 et
1259 3850 1402 3919 quod
1438 3861 1616 3906 vetera
1681 3853 2027 3918 recesserint,

441 3943 559 4012 ipse
587 3951 815 3997 testatur
840 3942 1070 3997 dicens:
1112 3960 1130 3992 ι
1167 3940 1274 3998 Lex
1302 3950 1356 3995 et
1386 3940 1672 4013 Propheta:
1731 3958 1906 4011 usque
1959 3944 2027 3998 ad

439 4033 703 4090 Joannem
747 4054 765 4087 ι
803 4032 1005 4089 Verum
1048 4033 1216 4103 igitur
1260 4044 1344 4089 est
1395 4050 1519 4089 eum
1577 4049 1683 4089 non
1712 4032 2025 4089 Iuda-orum

438 4127 674 4190 Pascha,
712 4126 1090 4180 irrationalem
1119 4140 1314 4194 nempe
1344 4140 1542 4196 agnum
1574 4137 1629 4179 et
1658 4125 1910 4178 animalis
1929 4125 2031 4182 hu-

434 4218 526 4287 jus
557 4217 879 4287 sanguinem
901 4216 1121 4270 dedisse
1149 4234 1162 4279 ;
1194 4230 1292 4269 nec
1322 4231 1389 4269 eo
1426 4224 1554 4270 tunc
1586 4215 1893 4271 delectatus
1922 4225 2026 4281 est,

438 4312 535 4365 sed
567 4321 622 4362 et
658 4309 936 4377 proprium
964 4306 1172 4362 Pascha
1205 4306 1553 4361 desiderabat
1608 4305 1892 4374 discipulis
1919 4318 2030 4361 tra-

438 4400 590 4455 dere.
623 4396 683 4451 Et
725 4398 945 4451 tradidit
972 4397 1117 4466 quod
1145 4390 1283 4451 tunc
1314 4397 1480 4451 semel
1514 4398 1630 4467 ipse
1668 4397 1864 4452 fecitct
1909 4397 2022 4453 fieri

2140 3227 2227 3280 ἵνα
2262 3228 2401 3298 μένῃ
2438 3226 2556 3294 μεθ’
2590 3227 2772 3297 ἡμῶν,
2832 3227 2920 3280 ἵνα
2982 3226 3177 3297 ἀληθὲς
3307 3230 3448 3297 ὅπερ
3497 3228 3706 3296 ἔφησεν,

2145 3335 2164 3371 ι
2220 3319 2275 3369 Ὀ
2328 3316 2556 3386 τρώγων
2613 3334 2715 3385 μου
2751 3315 2850 3387 τὴν
2909 3318 3089 3388 σάρκα
3135 3321 3229 3372 καὶ
3280 3322 3455 3374 πίνων
3504 3337 3604 3389 μου
3651 3312 3708 3368 τὸ

2135 3405 2275 3477 αἷμα
2316 3410 2372 3460 ἐν
2423 3410 2545 3476 ἐμοὶ
2582 3410 2759 3477 μένει,
2794 3407 2951 3476 κάγὼ
2988 3410 3047 3463 ὲν
3085 3410 3254 3479 αὐτῷ.
3295 3430 3315 3464 ι
3370 3412 3461 3465 Διὸ
3503 3410 3595 3463 καὶ
3650 3408 3707 3461 οὐ

2134 3502 2203 3552 τὰ
2233 3499 2435 3567 νομικὰ
2463 3501 2644 3553 πάντα
2695 3501 2755 3552 ἐν
2801 3499 2878 3568 τῷ
2935 3501 3140 3572 δείπνῳ
3182 3504 3384 3576 ἐκείνῳ
3412 3500 3479 3575 ἦν
3510 3502 3707 3570 ἐκπλη-

2137 3588 2247 3657 ρῶν
2273 3604 2287 3619 °
2323 3588 2460 3644 ἀλλὰ
2491 3590 2586 3642 καὶ
2624 3592 2868 3660 νιπτῆρα
2918 3591 3158 3657 ἑτέλεσε,
3210 3595 3312 3647 καὶ
3361 3594 3708 3661 ἀνακείμενος

2132 3675 2223 3751 ἦν,
2256 3681 2351 3734 καὶ
2374 3682 2471 3751 οὐχ
2504 3681 2647 3735 ὀπτὰ
2681 3684 2843 3753 μόνον
2894 3685 3032 3755 κρέα
3082 3683 3245 3755 ἔχων,
3279 3688 3419 3741 ἀλλὰ
3460 3688 3551 3739 καὶ
3583 3702 3701 3747 τρια

2135 3774 2285 3827 ὁλίον
2321 3776 2382 3827 ὲν
2409 3769 2454 3843 ᾧ
2486 3776 2687 3843 ἔϐαψεν
2720 3778 2748 3829 6
2792 3775 3014 3840 Ἰούδας,
3066 3777 3232 3831 Ὥστε
3264 3779 3393 3834 οὔτε
3433 3778 3620 3849 καιρὸς
3644 3770 3706 3844 ἦν

2130 3867 2226 3920 τοῦ
2262 3868 2373 3922 τῶν
2417 3867 2691 3922 Ἰουδαίων
2725 3871 2935 3939 Πάσχα,
2960 3872 3056 3925 καὶ
3080 3872 3142 3925 οὐ
3176 3872 3234 3925 16
3271 3873 3566 3943 Ἰουδαϊκὸν
3592 3871 3706 3924 τότε

2135 3962 2299 4032 μόνον
2332 3962 2607 4028 ἐτέλεσεν,
2640 3963 2777 4017 ἀλλὰ
2815 3964 3052 4034 μάλιστα
3084 3965 3145 4019 16
3191 3967 3418 4033 οίκεῖον,
3469 3965 3596 4035 περὶ
3650 3955 3705 4016 εὖ

2132 4054 2229 4108 καὶ
2281 4053 2458 4121 ἔλεγε,
2514 4073 2535 4107 ι
2576 4054 2748 4108 Τοῦτο
2794 4056 2999 4108 ποιεῖτε
3034 4057 3114 4115 εἰς
3142 4056 3241 4126 τὴν
3281 4057 3426 4128 ἐμὴν
3468 4056 3705 4123 ἀνάμνη-

2132 4161 2239 4201 σιν.
2272 4146 2441 4216 Καὶή
2476 4146 2615 4216 σάρξ
2647 4165 2750 4215 μου
2784 4146 3002 4217 ἀληθῶς
3059 4148 3179 4200 ἐστι
3231 4147 3457 4217 βρῶσις.
3508 4148 3613 4202 Kal
3652 4146 3706 4195 τὸ

2129 4232 2271 4307 αἷμά
2306 4254 2412 4307 μου
2454 4236 2671 4305 ἀληθῶς
2726 4237 2843 4290 ἐστι
2884 4237 3067 4301 πόσις.
3108 4257 3126 4290 ι
3160 4238 3271 4292 Καὶ
3303 4240 3386 4292 ὅτι
3413 4239 3468 4293 δὲ
3503 4243 3571 4290 τὰ
3605 4252 3676 4287 πα

2129 4329 2258 4385 λαιὰ
2282 4331 2582 4391 πέπαυται,
2615 4330 2779 4392 αὐτὸς
2807 4330 2972 4384 πάλιν
2998 4333 3267 4401 μαρτυρεί
3319 4332 3518 4399 λέγων,
3566 4348 3584 4381 ι
3650 4327 3705 4377 '0

2130 4420 2293 4488 νόμος
2318 4421 2412 4473 καὶ
2434 4422 2483 4474 οἱ
2516 4421 2793 4492 προφῆται
2818 4420 2924 4482 ἓως
2957 4419 3227 4477 Ἰωάννου.
3266 4438 3283 4471 ι
3323 4421 3547 4491 Ἀληθὲς
3578 4421 3701 4483 ἄρα,

440 4493 700 4563 praecepit
729 4491 781 4544 in
819 4492 1041 4544 szeeula.
1076 4487 1187 4541 Etsi
1227 4489 1391 4558 igitur
1425 4489 1538 4544 haec
1587 4491 1771 4543 omnia
1799 4499 1852 4542 et
1904 4505 2026 4559 qua:

2136 4512 2216 4564 ὄτι
2250 4514 2310 4565 οὐ
2347 4512 2409 4565 16
2438 4512 2547 4563 τῶν
2588 4511 2861 4564 Ἰουδαίων
2894 4512 3088 4579 Πάσχα
3120 4512 3181 4564 16
3210 4511 3271 4576 ἐξ
3310 4513 3511 4578 ἀλόγου
3537 4507 3704 4578 ἀμνοῦ

440 4601 468 4640 a
495 4584 747 4639 Patribus
775 4582 921 4636 dicta
962 4591 1092 4636 sunt
1120 4590 1267 4635 tuam
1313 4580 1647 4634 dementiam
1710 4580 2021 4650 dissipant;

433 4684 716 4748 oporteret
764 4684 970 4738 tamen,
1013 4674 1059 4729 si
1088 4674 1232 4743 quod
1264 4672 1527 4728 oﬂ‘crebat
1552 4672 1827 4738 Christus,
1893 4688 2023 4744 azy-

438 4785 587 4824 inum
629 4767 823 4824 fuisset
863 4776 1082 4837 promer
1127 4765 1391 4834 temporis
1446 4765 1934 4827 circumstantiam,
1972 4775 2024 4821 te

433 4861 644 4932 aliquid
673 4860 969 4931 perfectius
998 4859 1240 4928 operari,
1273 4855 1733 4925 quemadmodum
1782 4865 1838 4910 et
1894 4857 2024 4914 reli-

436 4971 543 5027 qua
562 4970 724 5024 supra
739 4955 914 5023 legem
937 4951 1328 5013 faciendaesse
1351 4950 1664 5017 accepimus
1697 4966 1712 5004 :
1745 4960 1801 5004 ut
1818 4965 2013 5022 nempe

432 5046 646 5119 justitia
680 5055 869 5101 nostra
925 5044 1169 5098 abundet
1222 5042 1512 5113 plusquam
1561 5041 1867 5097 scribarum
1925 5051 2020 5096 aut.

436 5139 864 5194 Pharisaeorum.
891 5134 1013 5189 Nos‘
1031 5136 1175 5188 enim
1205 5150 1234 5189 a
1269 5135 1385 5205 lege
1414 5134 1577 5188 soluti
1631 5150 1846 5200 sumus,
1887 5132 2017 5190 Jesu

428 5232 636 5285 Christi
668 5229 957 5298 sanguine.
996 5244 1013 5277 ι
1049 5226 1302 5281 Christus
1334 5240 1433 5280 nos
1477 5226 1734 5280 liberavit
1775 5241 1805 5280 a
1856 5227 2022 5280 ntale-

435 5322 586 5376 dicto
613 5319 766 5389 legis,
804 5336 823 5370 ι
858 5318 1039 5389 inquit
1070 5316 1289 5371 Paulus.
1341 5313 1408 5369 Et
1464 5316 1601 5370 nihil
1672 5317 1834 5371 nobis
1890 5330 2015 5370 cum

440 5414 575 5480 legis
606 5419 870 5466 servrtute
896 5424 1188 5464 commune
1215 5418 1318 5463 est.
1346 5410 1403 5462 Si
1437 5424 1558 5479 quae
1583 5408 1715 5479 legis
1745 5419 1873 5464 sunt
1898 5425 2016 5462 rur-

436 5520 529 5561 sus
591 5502 875 5568 iaciamus,
915 5519 934 5552 ι
972 5500 1221 5555 Christus
1276 5500 1433 5647 no)is
1479 5501 1613 5554 nihil
1667 5501 1893 5570 profuit,
1943 5501 2019 5553 ait

437 5611 656 5647 rutsum
709 5593 944 5647 Paulus:
996 5592 1250 5647 Christus
1292 5594 1438 5646 enim
1483 5593 1668 5645 omnia
1714 5608 1812 5647 nro
1858 5593 2018 5647 nobis

437 5611 656 5651 rursum
709 5593 944 5660 Paulus;
996 5592 1250 5648 Christus
1292 5592 1438 5647 enim
1483 5593 1668 5645 omnia
1714 5608 1812 5662 pro
1858 5593 2018 5647 nobis

439 5690 752 5759 adimplevit
779 5698 831 5742 et
861 5704 960 5743 nos
988 5687 1259 5742 liberavit.
1302 5704 1321 5736 ι
1350 5686 1723 5743 Circumcisus
1746 5686 1864 5755 ipse
1890 5696 1972 5738 cst
1999 5702 2013 5743 :

440 5799 539 5839 nos
570 5796 697 5838 vero
725 5796 829 5837 non
859 5780 1167 5837 circumcisi
1195 5793 1406 5835 sumus.
1446 5776 1796 5846 Baptizamur
1830 5791 2009 5834 autem

2131 4605 2224 4655 καὶ
2263 4603 2496 4670 αἵματος
2527 4602 2669 4666 ξὼου
2700 4603 2904 4656 δέδωκε
2938 4606 3032 4657 καὶ
3065 4602 3257 4670 ἠγάπα
3286 4603 3411 4656 τότε
3437 4617 3452 4633 ο
3486 4601 3617 4655 ἀλλὰ
3646 4598 3702 4649 16

2124 4693 2328 4745 οἰκεῖον
2382 4688 2451 4761 ἦν
2508 4693 2799 4763 ἐπιθυμῶν
2851 4692 3187 4764 παραδοῦναι
3240 4696 3356 4756 τοῖς
3410 4692 3698 4761 μαθηταῖς.

2126 4784 2236 4839 Kal
2276 4785 2584 4856 παρέδωκε,
2613 4786 2749 4861 ὅπερ
2782 4787 2903 4839 τότε
2954 4785 3101 4850 ἅπαξ
3128 4784 3291 4849 αὐτὸς
3323 4785 3574 4853 ἐποίησε,
3610 4780 3698 4832 καὶ

2122 4877 2204 4938 είς
2232 4874 2436 4939 αἰῶνας
2466 4875 2776 4929 ἐνετείλατο
2835 4875 3111 4944 γίνεσθαι.
3161 4875 3225 4928 Ei
3272 4876 3366 4927 καὶ
3401 4872 3573 4927 ταῦτα
3606 4867 3698 4923 οὖν

2121 4967 2300 5021 πάντα
2326 4969 2420 5022 καὶ
2452 4970 2521 5021 τὰ
2551 4969 2615 5022 ὲκ
2645 4968 2908 5038 Πατέρων
2935 4968 3202 5022 ἀποσοϐεῖ
3231 4985 3325 5021 σου
3356 4966 3458 5038 τὴν
3489 4964 3695 5019 ἄνοιανο

2120 5057 2271 5128 ὅμως
2318 5058 2451 5125 ἔδει.
2487 5060 2603 5129 εἴτε
2655 5061 2751 5114 καὶ
2787 5059 2997 5130 ἄζυμον
3018 5055 3087 5131 ἦν
3133 5059 3196 5113 16
3235 5057 3543 5129 προσαχθὲν
3594 5050 3696 5107 6:16

2117 5148 2210 5201 τοῦ
2237 5149 2487 5219 Σωτῆρος
2509 5151 2631 5203 τότε
2662 5150 2753 5204 διὰ
2776 5152 2868 5203 τὸν
2894 5150 3172 5203 ἐνεστῶτα
3196 5151 3412 5219 καιρὸν,
3438 5144 3697 5198 τελεώτε-

2121 5255 2215 5307 ρον
2267 5242 2508 5310 ἐνεργεῖν
2542 5256 2626 5305 σε,
2685 5240 2827 5295 καθά
2854 5239 2920 5312 δὴ
2970 5240 3068 5294 καὶ
3102 5240 3175 5294 τὰ.
3216 5240 3382 5292 λοιπὰ
3419 5235 3562 5303 ὑπὲρ
3603 5230 3693 5284 τὸν

2118 5328 2285 5397 νόμον
2318 5333 2493 5384 ποιεῖν
2545 5331 2953 5402 παρελάϐομεν,
2974 5333 3086 5385 ,καὶ
3116 5330 3467 5403 περισσεύειν
3490 5327 3590 5399 τῂν
3616 5323 3691 5376 δι·

2118 5420 2420 5491 καιοσύνην
2447 5423 2603 5492 ἡμῶν
2636 5423 2822 5477 πλεῖον
2843 5423 2954 5477 τῶν
2982 5423 3022 5475 Γ
3025 5423 3331 5493 ραμματέω
3385 5437 3419 5472 κ
3455 5418 3692 5484 Nape»

2120 5514 2308 5566 σλίων.
2348 5513 2509 5566 ’Λλλὰ
2560 5514 2654 5566 καὶ
2687 5514 2963 5585 ἐλεύθεροι
3000 5516 3164 5584 ἡμεῖς
3196 5514 3261 5566 ἐκ
3290 5509 3382 5563 τοῦ
3425 5508 3592 5577 νόμον
3615 5502 3691 5571 τῷ

2116 5603 2311 5670 αἵματι
2351 5603 2532 5669 Ἰησοῦ
2567 5603 2827 5674 Χριστοῦ.
2860 5606 3097 5674 Χριστὸς
3150 5604 3259 5673 γὰρ
3290 5601 3440 5670 ἡμᾶς
3471 5594 3690 5667 ὴλευθὲ-

2118 5710 2293 5763 ρωτεν
2321 5697 2385 5747 lx
2414 5695 2509 5765 τῆ;
2554 5697 2800 5768 κατάρας
2849 5696 2942 5750 τοῦ
2975 5697 3163 5764 νόμου,
3194 5698 3357 5765 φησιν
3385 5694 3413 5744 6
3446 5683 3651 5745 Παῦλος
3671 5697 3685 5713 '

2118 5784 2215 5837 καὶ
2242 5784 2395 5839 οὐδὲν
2422 5786 2552 5856 ἡμῖν
2582 5787 2677 5849 καὶ
2707 5791 2773 5859 τῇ
2811 5787 3037 5857 λατρεία
3069 5787 3163 5840 τ’λῦ
3192 5786 3379 5855 νόμον.
3431 5780 3554 5832 Ἐιν
3587 5776 3685 5843 γὰρ
