4038 6458
307 351 409 418 273
1224 390 1225 393 η
1509 364 1609 426 DE
1650 363 1893 425 SACBA
1919 363 2321 437 LITURGIA.
3459 366 3571 429 Ἧι

308 469 369 523 τὰ
399 467 493 522 τοῦ
525 468 701 540 νόμου
736 470 901 533 πάλιν
946 475 1219 546 τελῶμεν,
1255 478 1493 548 Χριστος
1548 480 1701 549 ἡμᾶς
1726 477 1880 533 οὐδὲν

1988 482 2045 539 in
2099 483 2356 555 Spiritu;
2392 501 2568 559 neque
2639 500 2838 543 carnes
2888 484 3102 542 oblatas
3151 491 3206 539 et
3246 483 3571 552 sanguinem

308 558 597 631 ὠφελήσει,
626 562 791 618 πάλιν
819 566 848 617 ὁ
878 561 1278 647 Παῦλόςφησι.
1311 570 1544 641 Χριστὸς
1570 571 1681 642 γὰρ
1704 572 1884 637 πάντα

1987 577 2388 637 manducamus
2418 597 2434 647 ;
2464 558 2557 636 sed
2585 580 2758 649 ipsius
2780 593 3000 633 carnem
3026 585 3081 631 et
3104 574 3448 644 sanguinem.
3469 571 3577 625 ι’..

310 652 603 745 πληρώσας
628 653 774 725 ὑπὲρ
796 656 978 727 ημῶν,
999 659 1148 729 ἡμᾶς
1174 660 1575 732 ἠλευθέρωσεν.
1612 663 1767 719 Ἐπεὶ
1788 665 1883 719 καὶ

1987 677 2066 726 tet
2098 670 2264 742 igitur
2297 671 2473 745 magis
2503 687 2567 727 ac
2595 671 2767 742 magis
2797 670 2941 742 quod
2976 668 3177 724 oblatio
3209 666 3371 733 huius
3423 680 3573 718 reve-

308 744 649 816 περιετμήθη
682 745 782 815 μὲν
832 750 1061 813 ἐκεῖνος,
1095 750 1211 804 ἀλλ’
1265 755 1429 823 ἡμεῖς
1455 754 1518 808 ού
1553 756 1884 825 περιτεμνό-

1985 761 2141 817 rendi
2172 761 2329 833 panis
2358 744 2410 817 et
2441 762 2646 829 calicis,
2673 776 2779 815 non
2813 759 3133 827 antemlegis
3161 757 3364 813 Pascha
3396 756 3576 811 trade-

308 834 475 903 μεθα·
503 835 889 910 βαηιζὸμεθα
941 842 999 896 δὲ
1048 845 1107 896 ἐν
1144 845 1424 915 Πνεύματι
1450 863 1465 880 ⁸
1498 849 1597 903 καὶ
1640 848 1700 902 ού
1741 849 1884 919 κρέα

1986 854 2170 917 batur,
2198 867 2326 908 cum
2354 853 2501 909 dicat
2534 868 2549 906 :
2588 869 2608 904 ι
2644 850 2758 906 Hoc
2791 859 2878 906 est
2905 864 3107 904 novmn
3162 847 3574 902 Testamentum

307 925 541 1016 θυόμενα
573 930 671 985 καλ¹
694 927 837 1001 αῐμα
869 932 1156 1004 ἐσθίομεν,
1192 937 1331 992 ἀλλὰ
1362 938 1463 1009 τὴν
1485 940 1663 1010 σάρκα
1692 942 1792 996 καὶ
1820 940 1883 993 τὸ

1988 944 2045 999 in
2081 959 2203 1000 meo
2232 944 2529 1016 sanguine;
2560 962 2580 997 ι
2603 953 2688 1001 et:
2713 962 2732 996 ι
2771 942 2873 997 Πίο
2897 951 2982 998 est
3008 940 3233 1011 sanguis
3267 953 3419 992 mens
3450 938 3576 990 novi

307 1013 441 1087 αἷμα
468 1021 661 1077 αὐτοῦ.
693 1024 867 1094 Δῆλον
903 1021 999 1080 οὖν
1037 1027 1263 1097 μᾶλλον,
1298 1032 1383 1084 ὅτι
1414 1031 1448 1101 ἠ
1506 1031 1668 1086 θυσία
1713 1029 1883 1086 αὑτοῦ

1988 1035 2324 1092 Testamenti
2345 1013 2379 1090 ἰ
2416 1035 2880 1108 quemadmodum
2909 1044 2964 1091 et
2986 1035 3139 1105 prius
3160 1046 3388 1087 carnem
3417 1045 3574 1085 suam

305 1110 394 1165 τοῦ
420 1112 652 1183 φρικτοῦ
702 1114 869 1187 ἄρτου
895 1118 991 1172 καὶ
1022 1122 1312 1190 ποτηρίου,
1343 1122 1439 1176 καὶ
1479 1122 1539 1177 ού
1575 1124 1637 1177 τὸ
1670 1124 1765 1176 τοῦ
1799 1124 1887 1177 νό-

1988 1127 2148 1183 nobis
2174 1127 2227 1181 in
2261 1126 2444 1183 cibum
2473 1128 2742 1191 tribuens.
2774 1126 2991 1183 dicebat
3018 1128 3032 1179 !
3066 1144 3084 1177 ι
3125 1110 3391 1194 Accipite,
3422 1136 3567 1176 man-

307 1222 404 1271 μου
460 1205 651 1277 Πάσχα
705 1203 776 1281 ἦν
825 1211 858 1279 ἡ
918 1212 1238 1285 παράδοσις,
1295 1214 1379 1268 ὅτι
1427 1216 1585 1284 φησὶ,
1651 1233 1671 1267 ι
1707 1217 1882 1271 Τοῦτό

2099 1226 2226 1274 ate:
2254 1218 2370 1275 lloc
2399 1228 2484 1275 est
2511 1234 2710 1289 corpus
2766 1234 2948 1274 meum
2988 1236 3007 1271 ι
3034 1217 3179 1288 quod
3219 1227 3274 1271 tu
3331 1230 3437 1269 non
3487 1228 3585 1282 po.

303 1297 446 1391 ἐστιν
496 1299 529 1369 ἡ
563 1301 723 1371 καινὴ
753 1302 996 1391 Διαθὴκη
1048 1307 1107 1359 ὲν
1161 1304 1239 1377 τῷ
1268 1305 1388 1378 ἐμῷ
1419 1307 1634 1379 αἵματι.
1671 1327 1690 1361 ι
1731 1310 1839 1363 Καί
1868 1326 1883 1343 ο

1990 1322 2074 1370 tes
2109 1312 2356 1379 imitari;
2398 1313 2537 1370 adeo
2580 1327 2772 1391 azymo
2803 1313 3049 1377 teneris;
3109 1326 3288 1376 neque
3337 1307 3584 1369 dividens

303 1389 471 1444 Τοῦτό
504 1391 619 1446 ἔστι
653 1394 712 1448 τὸ
751 1390 893 1466 αἷμά
916 1414 1019 1466 μου
1050 1398 1110 1453 τὸ
1142 1401 1242 1471 τῆς
1291 1400 1487 1470 καινῆς
1517 1401 1820 1473 Διαθήκης.
1861 1421 1880 1456 ι

1989 1414 2168 1478 potes,
2206 1415 2264 1460 et
2312 1407 2559 1475 praebere
2607 1389 3335 1475 corpus;quemadmodnm
3398 1414 3584 1467 neque

316 1482 403 1547 Ὧς
434 1485 527 1537 καὶ
557 1490 666 1554 arpi.
712 1489 910 1543 τούτου
949 1494 1051 1560 τὴν
1086 1492 1286 1558 ἑαυτοῦ
1319 1494 1501 1565 σάρκα
1542 1495 1718 1559 διδοὺς
1753 1496 1888 1566 ἡμῖν

1990 1497 2332 1567 sanguinem.
2352 1497 2449 1552 Illo
2472 1505 2656 1552 tamen
2677 1498 2931 1552 dicente:
2959 1496 3134 1549 Bibite
3160 1510 3224 1548 ex
3258 1509 3323 1547 eo
3345 1506 3535 1546 omnes
3559 1508 3574 1546 :

204 1618 215 1628 .
308 1578 384 1639 si;
416 1580 641 1650 τροφὴν,
695 1582 870 1649 ἔλεγε,
912 1602 931 1637 ι
954 1584 1185 1648 Λάῦετε,
1227 1586 1428 1655 φάγετε
1453 1604 1466 1617 ·
1489 1586 1648 1641 τοῦτό
1685 1590 1799 1643 ἐστι

1991 1590 2079 1645 hic
2093 1598 2175 1645 est
2189 1589 2412 1659 sanguis
2431 1605 2607 1651 meus,
2626 1589 2717 1644 sed
2741 1598 2796 1643 tu
2818 1604 2923 1642 non
2949 1590 3103 1641 facis.
3125 1587 3221 1652 Qui
3241 1586 3383 1640 enim
3404 1593 3586 1639 terum

312 1667 467 1737 σῶμά
502 1690 624 1740 μου.
670 1691 690 1726 ι
723 1674 901 1746 Ὅπερ
929 1676 1052 1730 οὐδὲ
1075 1676 1205 1748 δύνῃ
1239 1677 1530 1746 μιμεῖσθαι
1566 1679 1629 1731 σύ
1654 1696 1668 1710 ·
1702 1679 1895 1735 τοσοῦ..

1989 1684 2638 1747 voluntcomnmnicare,
2666 1698 2749 1737 eis
2796 1697 2901 1751 non
2936 1679 3100 1734 utiers
3143 1677 3403 1737 Carnem;
3444 1676 3580 1728 aleo

310 1781 399 1817 τον
433 1764 537 1817 ὑπδ
566 1765 661 1819 τοῦ
692 1767 906 1835 ἀζύμου
959 1770 1400 1841 κατεκρατήθης.
1450 1771 1705 1824 Καὶούδὲ
1757 1773 1891 1842 τίμα

1993 1776 2177 1831 omnia
2205 1771 2501 1830 innovasti.
2520 1774 2626 1829 Sed
2652 1790 2759 1845 nos
2776 1774 2829 1827 in
2867 1773 3085 1827 Christo
3108 1769 3481 1824 sacrifieanms
3499 1780 3585 1819 se-

311 1872 423 1909 νειν
462 1856 614 1928 δύνῃ⁹
652 1859 745 1911 καὶ
782 1860 1046 1932 παρέχειν
1080 1862 1140 1914 τὸ
1188 1861 1371 1931 σῶμα,
1420 1862 1612 1935 ὥσπερ
1647 1864 1770 1919 οὐδὲ
1827 1866 1887 1919 τὸ

1994 1867 2232 1922 cundum
2283 1866 2458 1935 ipsum
2491 1875 2587 1933 ;et
2618 1846 2809 1935 panem
2830 1863 3234 1933 frangimus,nt
3257 1861 3368 1930 ipsc
3389 1857 3583 1927 fregit;

315 1941 454 2017 αἷμα
480 1966 492 1980 ·
528 1950 707 2002 καίτοι
731 1966 795 2017 γε
830 1951 1022 2004 τούτου
1052 1952 1326 2021 λέγοντος,
1371 1972 1391 2007 ι
1427 1954 1586 2009 Πίετε
1618 1956 1678 2021 ἐξ
1722 1957 1888 2011 αὑτοῦ

1992 1968 2047 2014 et
2070 1974 2173 2015 nos
2203 1957 2467 2021 bibimus,
2509 1966 2568 2012 ut
2595 1958 2709 2026 ipse
2733 1956 2871 2010 dixit
2899 1972 2914 2018 ς
2940 1962 2995 2009 et
3056 1952 3309 2007 ﬁdelibus
3359 1951 3585 2005 calicem

226 2049 231 2054 ‘
316 2040 516 2101 πάντες
538 2056 555 2072 ο
582 2040 742 2094 τοῦτό
781 2043 896 2095 ἐστι
932 2042 993 2096 τὸ
1019 2036 1160 2113 αἷμά.
1210 2061 1337 2114 μου.
1380 2064 1400 2099 ι
1446 2045 1589 2099 Ἀλλ’
1614 2046 1727 2100 οὐδ’
1760 2050 1821 2104 αἰ

1997 2050 2263 2107 tradimus
2291 2067 2307 2118 ;
2337 2060 2386 2106 et
2408 2050 2704 2120 perfectum
2748 2061 2939 2117 panem
2988 2044 3302 2107 oderimus;
3330 2042 3592 2109 quoniam

318 2128 381 2181 σὺ
417 2130 678 2200 ὲνεργεῖς.
728 2131 837 2186 Καὶ
867 2133 976 2203 γὰρ
1007 2136 1122 2198 τοῖς
1154 2137 1623 2207 προσερχομένοις
1666 2155 1750 2191 σοι
1772 2157 1895 2193 κοι-

2002 2150 2051 2196 et
2086 2141 2206 2212 ipse
2230 2140 2510 2212 perfectus
2540 2140 2706 2193 homo
2738 2147 2791 2193 et
2814 2139 2866 2191 in
2898 2136 3087 2206 legalis
3130 2133 3389 2188 sacriﬁcii
3443 2133 3597 2189 abla-

316 2222 503 2272 νωνεϊν
533 2221 593 2273 ού
627 2222 924 2291 μεταδίδως
954 2222 1049 2276 τοῦ
1085 2224 1381 2294 ποτηρίου’
1417 2227 1674 2281 τοσοῦτον
1715 2231 1897 2284 πάντα

2000 2233 2223 2299 tionem,
2252 2232 2512 2303 quoniam
2541 2230 2798 2292 cessavit,
2833 2228 3052 2298 quando
3081 2227 3333 2296 apparuit
3363 2225 3595 2280 veritas.

319 2312 811 2381 κεκαινοτόμηκας.
858 2312 1000 2365 ’Δλ>.’
1028 2316 1191 2385 ἡμεῖς
1236 2317 1295 2370 ὲν
1326 2318 1547 2391 Χριστῷ
1577 2321 1898 2395 ἱερουργού-

2004 2325 2068 2381 Et
2095 2309 2375 2384 credimus
2413 2323 2692 2379 Christum
2738 2320 3125 2374 fermentatum
3182 2325 3236 2371 et
3294 2314 3599 2386 perlectum

324 2418 423 2469 μεν
452 2400 570 2454 κατ’
598 2403 782 2469 αὑτὸν,
828 2405 1044 2458 καὶτὸν
1076 2406 1242 2477 ἄρτον
1269 2408 1511 2477 κλῶμεν,
1543 2412 1621 2476 ὡς
1669 2412 1900 2469 ἔκλασεν

2015 2434 2196 2487 panem
2231 2417 2575 2473 sacrificasse
2609 2416 2663 2469 in
2722 2416 2987 2470 Paschate
3036 2411 3179 2478 quod
3237 2407 3610 2475 desideravit,

318 2494 514 2556 αὐτός·
548 2495 642 2547 καὶ
689 2497 853 2565 ἡμεῖς
905 2498 1181 2567 ἐσθίομεν,
1241 2501 1317 2566 ὡς
1361 2502 1488 2573 ἔφη,
1532 2504 1773 2568 καὶτοῖς
1813 2524 1903 2560 πισ

2007 2508 2108 2565 etsi
2146 2509 2316 2579 legale
2348 2507 2558 2562 Pascha
2593 2506 2745 2576 prius
2796 2503 3027 2575 peregit.
3076 2501 3285 2555 Etenim
3346 2515 3470 2553 cum
3512 2512 3602 2556 re-

323 2587 470 2648 στοῖς
508 2586 866 2658 μεταδίδομεν
887 2603 902 2617 ·
933 2590 1031 2642 καὶ
1062 2592 1269 2645 τέλειον
1313 2593 1481 2665 ἄρτον
1514 2599 1898 2669 προσάγομεν·

2013 2602 2288 2656 cumberet
2318 2611 2372 2654 et
2402 2601 2642 2656 catinum
2679 2597 2905 2651 haberet
2938 2596 2990 2650 in
3018 2610 3124 2664 quo
3162 2592 3382 2653 intinxit
3403 2590 3608 2653 ludas,

322 2678 448 2731 ἐπεὶ
492 2678 587 2732 καὶ
627 2679 838 2741 τέλειος
884 2681 1175 2753 ἄνθρωπος
1205 2684 1389 2753 αὐτὸς,
1420 2688 1516 2742 καὶ¹
1550 2691 1632 2754 εἰς
1673 2693 1774 2762 τὴν
1802 2692 1903 2760 τῆς

2003 2709 2112 2749 non
2142 2694 2314 2762 legale
2333 2704 2461 2747 tunc
2486 2692 2694 2746 Pascha
2715 2697 2972 2760 operatus
2991 2702 3110 2741 esse
3137 2686 3375 2741 videtur.
3397 2682 3596 2739 Omnia

248 2768 257 2771 ’
323 2773 554 2843 νομικῆς
577 2775 768 2839 Θυσίας
788 2778 1090 2847 ἀναίρεσιν,
1108 2780 1229 2833 ἐπεὶ
1248 2781 1525 2836 πέπαυται
1546 2783 1703 2854 ιθ2
1723 2803 1843 2855 φανε

2013 2786 2149 2840 enim
2182 2784 2238 2838 in
2265 2784 2356 2845 illo
2378 2783 2644 2839 Pascbate
2678 2782 2799 2851 igne
2828 2796 2951 2836 assa
2980 2795 3101 2834 esse
3129 2784 3383 2847 oportere
3441 2772 3608 2841 dicit,

325 2881 425 2933 σης
449 2865 546 2935 τῆς
576 2867 856 2932 ἀληθείας.
889 2870 1001 2923 Καὶ
1030 2870 1362 2940 πιστεύομεν
1405 2874 1483 2937 ὡς
1528 2880 1623 2930 καὶ
1672 2876 1907 2948 ἒνζυμον

2025 2893 2185 2948 teque
2216 2878 2272 2933 in
2295 2892 2436 2949 aqua
2474 2885 2655 2931 cocta.
2687 2874 2995 2931 Verisimile
3047 2881 3138 2933 est,
3181 2871 3345 2940 igitur
3393 2867 3620 2931 Pascha,

322 2956 528 3007 τέλειον
556 2955 721 3027 ἄρτον
755 2957 1113 3029 ἱερούργησεν
1156 2961 1185 3013 ὁ
1215 2963 1409 3035 Σωτὴρ
1445 2968 1527 3027 είς
1560 2965 1621 3019 τὸ
1665 2968 1854 3039 Πάσχα
1878 2970 1907 3023 ὃ

2067 2970 2177 3040 gate
2208 2967 2318 3026 alio
2349 2979 2591 3037 tempore
2644 2981 2767 3020 eum
2801 2964 3130 3028 celebrasse,
3162 2973 3216 3015 et
3248 2970 3379 3013 tunc
3432 2971 3611 3012 suum.
3660 3028 3662 3031 τ

326 3045 694 3118 ἐπεθύμησεν,
721 3050 836 3118 εῐγε
882 3052 977 3106 καὶ
1028 3053 1090 3106 τὸ
1124 3055 1349 3125 νομικὸν
1380 3057 1677 3127 εἰργάσατο
1711 3063 1908 3131 πρότε-

2045 3063 2219 3117 ‘ascba
2260 3062 2408 3133 quod
2439 3059 2792 3122 desideravit.
2825 3056 2886 3111 Et
2914 3056 2967 3110 id
3012 3055 3212 3124 saepius
3265 3053 3411 3113 dico,
3453 3049 3633 3132 δεδιτ-

327 3156 441 3208 ρον.
492 3141 645 3195 Ἐπεὶ
677 3142 1040 3213 ἀνακείμενος
1066 3145 1163 3214 ὢν,
1199 3147 1295 3201 καὶ
1322 3149 1578 3219 τρυϐλίον
1603 3152 1744 3224 ἔχων
1776 3157 1835 3210 ἐν
1857 3149 1902 3226 ᾧ

2007 3152 2207 3211 derans
2258 3169 2360 3224 ego
2406 3153 2462 3207 in
2508 3153 2625 3221 ipso
2668 3150 2830 3219 hujus
2884 3147 3119 3202 viventis
3162 3142 3450 3199 Paschatis
3487 3134 3602 3192 [ιω-ι

326 3232 528 3301 ἔδαψεν
561 3232 589 3285 ὀ
607 3230 831 3301 Ἰούδας,
862 3237 924 3291 ού
953 3237 1015 3290 τὸ
1044 3240 1268 3309 νομικὸν
1291 3240 1412 3294 τότε
1444 3242 1689 3313 ἐνεργεῖν
1717 3247 1911 3318 Πάσχα

2018 3244 2316 3313 particeps,
2347 3242 2523 3313 ipsius
2554 3240 2954 3304 misericordia,
2988 3247 3042 3293 et
3090 3251 3235 3290 nunc
3285 3243 3335 3287 et
3371 3233 3424 3285 in
3461 3230 3608 3285 futu—

325 3323 611 3393 φαίνεται·
653 3326 831 3381 πάντα
865 3329 974 3399 γὰρ
1003 3331 1121 3384 ἐκεῖ
1158 3332 1302 3387 ὀπτὰ
1335 3334 1470 3405 πυρί
1502 3352 1668 3406 φησιν
1695 3334 1836 3393 εἶναι
1882 3341 1910 3394 ό

2017 3355 2081 3394 ro
2106 3339 2333 3393 saeculo.
2367 3336 2432 3390 Et
2462 3337 2592 3391 mihi
2623 3336 2673 3390 id
2703 3350 2822 3390 esse
2857 3341 3080 3403 prropto
3109 3343 3323 3399 semper
3351 3336 3407 3380 et
3430 3323 3608 3377 ninni-

329 3415 517 3484 νόμος,
548 3416 645 3471 καὶ
674 3418 750 3488 μὴ
776 3419 835 3474 ἐν
864 3418 1021 3473 ὕδατι
1050 3423 1315 3492 ἑψόμενα.
1352 3426 1509 3489 Εἰκὸς
1546 3424 1641 3481 οὖν
1661 3430 1731 3483 ὲνη
1764 3430 1909 3503 ἄλλῳ

2019 3429 2119 3484 bus
2150 3428 2287 3482 meis
2318 3426 2603 3481 fratribus.
2639 3424 2703 3478 Et
2733 3423 2984 3480 sanctum
3017 3421 3247 3475 calicem
3274 3428 3606 3469 consecran-

328 3506 507 3578 καιρῷ
532 3508 593 3561 τὸ
611 3512 835 3580 νομικὸν
858 3512 1100 3578 τελέσαι,
1128 3515 1225 3571 καὶ⁵
1245 3517 1366 3570 τότε
1387 3517 1449 3571 τὸ
1469 3519 1664 3574 ἑαυτοῦ
1694 3501 1908 3594 Πάσχα,

2021 3527 2105 3575 tes
2135 3519 2187 3574 in
2211 3522 2330 3591 ipso
2360 3520 2577 3577 Christo
2632 3518 2739 3573 Deo
2773 3526 2983 3580 nostro,
3016 3512 3109 3582 qui
3160 3510 3401 3579 scipsum
3452 3501 3611 3560 nobis

327 3595 498 3671 οὗπερ
549 3602 641 3655 καὶ
672 3602 1013 3675 ἐπεθύμησε.
1067 3605 1178 3661 Καὶ
1227 3608 1385 3664 τοῦτο
1416 3610 1564 3677 λέγω
1621 3612 1908 3682 πολλάκις,

2015 3617 2187 3689 dedit,
2224 3626 2277 3669 et
2300 3613 2565 3670 fratribus
2590 3626 2654 3665 ex
2690 3624 2756 3665 eo
2788 3606 3108 3670 bibendum,
3141 3612 3199 3658 ut
3221 3600 3363 3671 jussi
3391 3613 3608 3659 sumus.

328 3690 611 3761 ἐπιθυμῶν
644 3694 798 3763 κᾶγὼ
848 3697 907 3749 ἐν
955 3697 1106 3768 αύτῷ
1136 3698 1329 3754 τούτου
1359 3700 1456 3756 τοῦ
1487 3701 1689 3768 ζῶντος
1720 3708 1913 3779 Πάσχα

2034 3724 2071 3762 ιι
2104 3706 2377 3762 charitate
2404 3705 2623 3768 damus,
2656 3716 2824 3761 unum
2851 3696 3057 3767 eli‘ecti,
3093 3704 3155 3750 ut
3175 3691 3374 3753 oravit,
3404 3699 3463 3749 et.
3488 3704 3626 3751 cum

331 3783 564 3836 πάντοτε
597 3784 855 3853 γεύεσθαι
886 3788 1027 3841 ἐλέει
1049 3789 1217 3843 αὑτοῦ
1245 3789 1343 3843 νῦν
1373 3808 1432 3844 τε
1460 3792 1557 3846 καὶ
1587 3795 1646 3847 ἐν
1671 3796 1748 3864 τῷ
1782 3798 1916 3866 μέλ-

2015 3792 2079 3854 eo
2112 3798 2275 3852 simul
2307 3810 2432 3850 eum
2469 3791 2631 3847 Patre
2661 3800 2715 3845 et
2746 3786 3017 3858 Spirituin
3048 3787 3259 3840 unitate
3303 3780 3610 3844 constituti:

330 3875 478 3929 λοντι
502 3890 517 3907 ⁶
555 3876 835 3931 καὶτοῦτο
882 3878 1114 3950 εὖχομαι
1146 3883 1273 3951 ἐμοὶ
1299 3882 1597 3947 διαπαντὸς
1638 3881 1913 3949 εἶναικαὶ

2034 3902 2077 3946 ιι
2104 3889 2259 3946 dixit.
2284 3887 2391 3942 Sed
2423 3887 2534 3940 lnec
2592 3883 2867 3940 snliiciunt
2896 3889 2985 3948 get
3024 3881 3308 3958 plusquam
3336 3874 3629 3956 proposuit,

333 3970 470 4023 πᾶσι
498 3972 612 4034 τοῖς
659 3972 932 4041 ἀδελφοῖς.
981 3974 1090 4028 Καὶ
1135 3975 1197 4029 τὸ
1229 3975 1377 4045 ἱερὸν
1405 3976 1461 4029 δὲ
1496 3977 1913 4048 ἱερουργοῦντες

2018 3996 2142 4037 mus
2170 3978 2411 4036 breviter
2442 3977 2651 4041 dicere,
2675 3973 2937 4036 diximus,
2965 3984 3220 4026 sermone
3252 3968 3372 4038 ipso
3409 3965 3612 4028 coacti,

335 4064 600 4133 ποτήριον
633 4064 693 4116 έν
713 4064 864 4137 αὖτῷ
895 4065 1118 4136 Χριστῷ
1148 4067 1225 4137 τῷ
1256 4066 1375 4138 θεῷ
1402 4068 1583 4139 ἡμῶν,
1611 4071 1690 4140 τῷ
1719 4071 1917 4127 ἑαυτὸν
1938 4074 2091 4144 ἡμῖν
2128 4072 2410 4135 δεδωκότι,
2450 4068 2547 4121 καὶ
2601 4066 2714 4128 τοῖς
2760 4062 3012 4133 ἀδελφοῖς
3079 4059 3258 4114 πίνειν
3330 4055 3389 4120 ἐξ
3447 4053 3621 4111 αὐτοῦ

335 4160 523 4224 πᾶσιν,
550 4160 627 4224 ὡς
669 4162 1096 4241 ὲκελεύσθημεν,
1132 4164 1450 4236 παρέχομεν
1498 4166 1558 4221 ἐν
1608 4167 1823 4241 ἀγάπῃ,
1851 4168 1910 4222 ἒν
1941 4171 2219 4240 γινόμενοι
2252 4166 2446 4236 ὥσπερ
2472 4161 2701 4234 ηὔξατο,
2729 4161 2824 4214 καὶ
2854 4159 2953 4212 σὺν
2980 4154 3131 4226 αύτῷ
3195 4153 3336 4224 μετὰ
3403 4150 3620 4219 Πατρός

334 4271 393 4306 τε
424 4253 517 4307 καὶ
549 4254 864 4325 Πνεύματος
895 4256 953 4310 ἓν
982 4256 1344 4327 ὑπάρχοντες,
1379 4258 1571 4330 ὥσπερ
1603 4259 1731 4332 ἔφη.
1773 4263 1917 4315 mw
1960 4263 2124 4317 ἱκανὰ
2152 4260 2332 4317 ταῦτα
2356 4276 2372 4292 ·
2403 4261 2502 4314 καὶ
2537 4256 2701 4311 πλέον
2753 4253 2787 4325 ἧ
2825 4247 3169 4324 προεθέμεθα
3218 4318 3221 4319 ν
3257 4244 3316 4300 ὲν
3382 4243 3617 4320 ιπιτομῇ

337 4348 540 4417 λέγειν.
572 4349 823 4419 εῐπομεν,
856 4349 963 4405 ὑπὸ
1007 4348 1101 4411 τοῦ
1130 4348 1292 4418 λόγου
1324 4352 1665 4422 βιασθέντες.
2236 4338 2239 4342 1

412 4414 732 4514 ίίληρικόςί.
775 4414 1078 4513 ’Ᾰνατκαῖα
1119 4414 1397 4517 sip-71300:,
1426 4414 1688 4515 δέσποτα,
1723 4451 1815 4504 καὶ
1849 4449 1928 4521 τῷ
1958 4517 1987 4521 _

2105 4449 2365 4506 Clericus.
2397 4445 2529 4513 Quae
2563 4440 2880 4499 necessaria
2904 4447 3032 4496 sunt
3063 4435 3272 4502 dixisti,
3292 4432 3540 4497 Domine,
3566 4414 3621 4486 ο*

341 4535 461 4605 Θεῷ
490 4538 652 4605 χάρτς
697 4536 837 4607 ὑπὲρ
894 4538 1135 4592 τούτων⁹
1171 4540 1540 4608 ἀσφαλίζουσι
1588 4540 1696 4611 γὰρ
1749 4517 1922 4611 ἡμᾶς,

2031 4559 2131 4615 pro
2156 4544 2223 4597 iis
2250 4542 2359 4596 Deo
2386 4541 2610 4612 gratias.
2642 4535 2750 4593 Nos
2779 4534 2925 4590 enim
2964 4534 3184 4587 flrmant
3212 4538 3267 4590 et
3290 4529 3354 4583 de
3381 4541 3447 4581 eo
3469 4523 3614 4595 quod

346 4628 441 4681 καὶ
475 4627 608 4697 περὶ
658 4627 751 4682 τοῦ
779 4627 945 4695 ὀρθοΰ
976 4645 1036 4681 τε
1073 4629 1170 4683 καὶ
1207 4628 1447 4701 ἀληθοῦς
1500 4628 1704 4702 πολλὴν
1763 4632 1936 4702 παρέ-

2041 4646 2243 4691 rectnm
2275 4642 2359 4692 est
2380 4650 2446 4692 ac
2469 4648 2654 4689 verum
2680 4630 2909 4689 multam
2960 4623 3371 4698 intelligentiam
3403 4629 3457 4677 et
3504 4634 3636 4684 cena-

345 4735 505 4789 χουσι
531 4719 629 4790 τὴν
659 4717 877 4781 σύνεσιν
911 4721 1009 4777 καὶ
1040 4718 1358 4791 βεϐαίωσιν.

1044 4718 1358 4791 βεϐαίωσιν.
2035 4727 2323 4783 titudinem
2354 4734 2639 4797 praestant.

428 4810 779 4881 Ἀρχιερεύς.
815 4812 1088 4878 Πλεῖστοι,
1132 4814 1353 4883 ἁδελφὶ.
1410 4814 1546 4870 θεῖοι
1600 4815 1773 4881 ὅντως
1830 4817 1932 4871 καὶ

2113 4813 2387 4885 Pontifex.
2441 4812 2627 4884 Multi;
2673 4809 2861 4875 frater,
2909 4815 3095 4865 mente
3140 4819 3283 4877 rere
3320 4802 3507 4858 divina
3550 4814 3623 4862 ac

351 4900 546 4972 ὑψηλοὶ
571 4901 671 4962 τὴν
701 4900 940 4964 διάνοιαν
995 4902 1252 4972 εἰρήκασι
1286 4918 1418 4973 περι
1449 4901 1657 4956 τούτων
1681 4916 1697 4933 ο
1726 4906 1823 4957 καὶ
1856 4902 1936 4967 ὡς

2022 4905 2254 4962 'excelsa
2307 4902 2521 4975 praediti
2551 4902 2619 4958 de
2646 4901 2718 4955 iis
2739 4898 2904 4953 loculi
2939 4904 3088 4962 sunt,
3151 4906 3205 4950 et
3228 4895 3388 4963 quasi
3423 4904 3617 4959 super-

355 4991 630 5061 παρέλκον
669 4990 918 5067 ἡγοῦμαι
966 4992 1061 5045 καὶ
1118 4990 1393 5063 τολμηρὸν
1446 4991 1507 5045 τὸ
1562 4991 1750 5061 λέγειν
1789 4991 1935 5062 κάμὲ

2036 4998 2207 5053 ﬂuum
2246 5012 2311 5053 ac
2334 4995 2683 5051 temerarium
2716 4993 2784 5047 de
2814 4990 2883 5045 iis
2914 4990 3181 5057 meipsum
3220 4994 3328 5038 tam
3354 4981 3630 5036 humilem.

353 5086 486 5154 περὶ
508 5084 714 5144 τούτων
742 5086 999 5139 ταπεινὸν
1030 5084 1178 5138 ὄντα.
1211 5084 1360 5154 Πλὴν
1389 5086 1424 5154 ἡ
1448 5085 1640 5154 ἀγάπη
1665 5083 1934 5154 βιάζεται.

2038 5085 2313 5141 disserere
2363 5082 2581 5152 opinor.
2643 5079 2802 5147 Cogit
2845 5086 3026 5132 tamen
3077 5073 3303 5128 caritas.
3373 5067 3619 5137 Accipite

355 5177 585 5247 Δέχεσθε
610 5173 705 5234 οὖν
737 5179 829 5232 καὶ
862 5178 1017 5240 αὐτοὶ
1045 5179 1109 5232 τδ
1153 5179 1293 5232 κατὰ
1317 5177 1548 5247 δύναμιν
1587 5175 1721 5247 παρ’
1751 5175 1936 5245 ἡμῶν.

2039 5176 2207 5248 igitur
2242 5186 2298 5230 et
2327 5189 2426 5229 vos
2450 5187 2573 5243 quae
2608 5185 2834 5241 possum
2868 5182 2966 5237 pro
3018 5164 3227 5220 viribus
3254 5162 3459 5217 dicere.
3494 5158 3622 5212 Per-

357 5266 442 5321 Τὰ
469 5267 773 5338 τελεώτερα
809 5267 867 5327 δὲ
895 5269 1049 5339 παρὰ
1097 5269 1209 5322 τῶν
1244 5267 1500 5338 μεγάλων
1544 5265 1939 5336 ἐπιζητοῦντες

2044 5266 2272 5322 fectinra
2327 5277 2458 5317 vero
2503 5277 2533 5315 a
2565 5262 2778 5331 magnis
2831 5256 3171 5328 inquirentes
3210 5253 3444 5317 discite;
3490 5248 3620 5319 quia

360 5359 684 5428 μανθάνετε.
717 5359 841 5417 Ὅτι
869 5361 977 5423 πᾶς
1004 5360 1033 5413 ὁ
1058 5359 1241 5429 ζητῶν
1268 5360 1517 5432 εὑρήσει,
1544 5359 1699 5430 φησί.

2043 5356 2225 5412 omnis
2252 5354 2346 5424 qui
2371 5352 2569 5424 quaerit
2603 5348 2837 5414 invenit,
2862 5357 2922 5403 ut
2955 5346 3162 5404 dictum
3191 5355 3300 5402 est.

939 5451 1353 5520 KEaAA.sBz

2611 5437 2845 5521 carus
2900 5435 3062 5493 xcu.

484 5544 624 5615 Περὶ
656 5545 775 5600 τῶν
801 5545 872 5600 ὲν
899 5545 974 5613 τῇ
1006 5542 1390 5614 προσκομιδῇ
1410 5541 1818 5613 τελουμένων.

1729 5557 1818 5595 ον.
2348 5533 2425 5589 De
2462 5534 2530 5589 iis
2560 5549 2678 5605 qua:
2706 5535 2761 5587 in
2790 5531 2952 5586 Missa
2980 5539 3324 5600 peraguntur.

432 5637 621 5699 οὕτως
642 5638 671 5693 ὁ
697 5638 874 5705 ἱερεὺς
895 5637 987 5690 τὸν
1010 5633 1242 5705 ῑνζυμον
1271 5635 1476 5689 ἐκεῖνον
1499 5633 1663 5703 ἄρτον
1683 5632 1746 5684 ἐκ
1775 5628 1943 5699 μέσου

2124 5624 2217 5682 Sic
2249 5626 2416 5697 igitur
2446 5635 2737 5696 postquam
2771 5622 3030 5679 sacerdos
3056 5620 3439 5675 fermentatum
3472 5614 3645 5678 illum,

365 5729 460 5783 τοῦ
491 5729 660 5801 ἄρτου
705 5726 1016 5798 ἐξαγαγὼν,
1048 5726 1227 5798 δηλῶν
1278 5726 1384 5780 κάν
1413 5722 1593 5791 τούτῳ
1622 5723 1700 5785 ὡς
1746 5723 1812 5775 εκ
1845 5721 1947 5789 τῆς

2054 5734 2253 5790 panem
2307 5732 2376 5774 ex
2426 5718 2610 5773 medio
2647 5730 2788 5787 pane
2829 5713 3154 5784 assumpsit,
3191 5707 3490 5766 ostendens
3524 5706 3634 5761 hoc

355 5796 630 5895 ἡμετερας
657 5796 1005 5891 φύσεωςνκσὶ
1050 5796 1154 5880 alia
1197 5818 1257 5885 ἐξ
1303 5818 1499 5893 ἑτέρας
1528 5816 1719 5882 οὐσίας
1746 5814 1946 5889 σεσάρρ

2057 5811 2223 5870 modo
2278 5809 2558 5870 Christum
2609 5823 2673 5866 ex
2718 5813 2907 5863 nostra
2966 5810 3164 5878 natura
3200 5813 3375 5871 neque
3403 5812 3468 5857 ex
3521 5796 3632 5856 alia
