4038 6450
229 335 312 397 231

1419 345 1514 404 DE
1557 344 1797 405 saeua
1843 346 1920 405 LI
1941 315 2250 412 tunam;

3369 357 3477 423 252

231 439 332 516 ρίου
362 449 458 518 τὴν
493 449 904 522 ἒνινθρὼπητιν
927 471 940 484 ο
979 455 1077 526 τὴν
1109 457 1162 510 δὲ
1199 457 1276 517 είς
1310 459 1482 528 τιμὴν
1515 460 1610 513 καὶ
1648 460 1782 531 μνή-

1910 464 2091 520 iavere
2140 466 2355 523 Domini
2433 467 2919 538 lncarnationem;
2983 470 3143 525 aliam
3204 480 3384 526 autem
3413 473 3471 527 in

231 557 327 606 μην
378 541 485 592 τῶν
527 545 698 602 ἁγίων
761 548 852 599 καὶ
899 551 1271 615 πανευψῆμων
1313 551 1667 612 ἀποστόλων,
1711 552 1787 615 ὡς

228 631 504 702 ὑπηρετῶν
537 634 633 688 τεῦ
669 635 906 702 Χριστοῦ
928 679 942 703 ,
978 639 1054 701 ὡς
1088 640 1321 708 πρώτων
1357 643 1546 710 ἱερέων
1580 643 1674 695 καὶ
1708 643 1790 695 δι-

227 722 494 774 δασκάλων
533 722 635 791 τῆς
672 723 942 790 πίστεως,
977 728 1070 780 καὶ
1109 729 1218 782 τῶν
1265 731 1384 800 μετ’
1411 731 1608 794 αὐτοὺς
1651 731 1794 803 ὑπὲρ

227 811 316 882 τῆς
349 813 628 878 εὐσεϐείας
663 816 1102 880 ἐσπουδακότων,
1138 821 1248 872 τῶν
1284 821 1457 888 ἁγίων
1492 823 1789 892 ίερκρχῶν,

229 905 327 956 τῶν
354 905 523 970 ἁγίων
550 907 644 960 καὶ
669 908 995 962 καλλινίκων
1025 911 1339 979 μαρτύρων,
1369 914 1462 966 καὶ
1489 913 1598 965 τῶν
1628 914 1793 966 ὁσίων

233 996 320 1049 σὺν
351 997 488 1050 πᾶσι
521 998 636 1060 τοῖς
669 999 846 1066 ἁγίοις
872 1016 888 1030 ’
932 1000 1248 1055 τελευταῖον
1279 1003 1338 1055 δὲ
1381 1005 1463 1066 είς
1495 1004 1663 1072 τιμὴν
1697 1007 1792 1057 καὶ

234 1089 446 1157 μνήμην
482 1092 784 1159 προσφέρει
821 1091 914 1144 τοῦ
957 1094 1099 1144 κατα
1135 1093 1235 1161 τὴν
1270 1095 1483 1164 ἡμέραν
1519 1095 1679 1163 ἁγίου
1705 1137 1721 1161 ,
1757 1095 1791 1166 ἢ

231 1178 316 1232 τοῦ
351 1180 770 1250 ὲορταζομένου.
804 1184 897 1235 καὶ
931 1185 1022 1236 to?
1058 1185 1448 1254 Χρυσοιστόμου
1489 1188 1722 1256 Πατρὸς,
1757 1186 1791 1257 ἢ

232 1273 501 1326 Βασιλείου
523 1313 538 1337 ,
574 1267 637 1327 οὗ
651 1277 702 1343 εὴ
741 1277 1052 1344 λειτουργία
1087 1280 1234 1341 ἐστὶ,
1272 1279 1367 1332 καὶ
1403 1279 1623 1332 πάντων
1655 1279 1794 1349 ὁμοῦ

234 1365 386 1418 πάλιν
411 1366 518 1419 τῶν
543 1366 749 1434 ἁγίων,
766 1369 952 1439 ἐπειδὴ
982 1371 1179 1433 πάντες
1207 1373 1264 1423 ὲν
1292 1371 1510 1442 Χριστῷ
1535 1374 1792 1443 ἧνωνται.

239 1458 339 1510 Καὶ
379 1458 674 1525 ἀναγκαῖον
721 1462 862 1529 μετὰ
904 1461 1003 1529 τῆς
1046 1463 1406 1533 ἀναμνήσεως
1444 1464 1540 1516 τοῦ
1588 1463 1794 1532 Κυρίου

233 1549 319 1598 καὶ
341 1548 441 1617 τήν
467 1548 772 1618 ἀνάμνησιν
799 1553 1075 1606 ποιεῖσθκι
1099 1553 1207 1606 τῶν
1232 1553 1435 1608 δούλων
1464 1554 1630 1607 αὐτοῦ
1655 1568 1672 1585 ⁸
1701 1556 1797 1608 καὶ

233 1639 440 1708 πρῶτον
473 1639 574 1708 μὲν
601 1641 700 1710 τῆς
734 1643 1041 1713 ὸλοχεύτως
1076 1646 1240 1700 αὐτὸν
1268 1647 1570 1715 τεκούσης,
1604 1647 1682 1710 ὼς
1716 1646 1792 1699 εί·

235 1747 417 1800 ρηται,
441 1732 507 1785 δι’
528 1728 591 1804 ἦς
622 1735 690 1788 τὰ
721 1738 994 1806 μυστήρια
1017 1739 1116 1808 τῆς
1149 1742 1425 1808 σωτηρίας
1459 1742 1617 1810 ἡμῶν
1643 1743 1796 1794 ἐκτε-

236 1825 483 1878 τέλεσται
508 1841 524 1858 ·
569 1827 761 1880 ἔπειτα
801 1804 918 1882 τῶν
955 1804 1130 1899 ἁγίων
1171 1804 1584 1902 ἀγγελῶ-ιδὼς
1631 1836 1798 1888 καθυ·
1832 1804 1872 1858 Β

237 1919 659 1986 πουργησάντων
705 1919 784 1990 τῷ
833 1924 1155 1994 μυστηρίῳ,
1207 1927 1301 1978 καὶ
1351 1926 1419 1980 δι’
1448 1927 1616 1980 αὐτοῦ
1667 1929 1798 1996 ἡμῖν

231 2009 552 2071 ἑνωθέντων,
583 2014 674 2064 καὶ
707 2015 1216 2083 περιφυλαττόντων
1247 2019 1393 2088 ἡμᾶς
1417 2035 1434 2052 ο
1467 2019 1658 2074 ἔπειτα
1689 2021 1800 2074 τῶν

232 2101 690 2171 προκηρυξάντων
737 2107 804 2160 τὰ
851 2107 947 2161 τοῦ
1001 2109 1302 2180 μυστηρίου
1359 2111 1656 2182 προφητῶν
1704 2114 1800 2167 καὶ

229 2201 474 2266 δικαίων,
518 2197 593 2256 ὧν
632 2202 912 2272 ἐξαίρετος
951 2205 1047 2258 καὶ
1089 2208 1324 2278 σφραγὶς
1367 2207 1396 2260 ὁ
1440 2207 1751 2272 Βαπτιστής
1780 2222 1796 2237 ⁶

229 2292 420 2347 ἔπειτα
449 2294 554 2347 τῶν
583 2294 828 2348 θεοπτῶν
858 2295 1153 2366 κηρύκων,
1184 2299 1500 2352 ἀποστόλων
1530 2316 1591 2352 τε
1622 2299 1718 2352 καὶ
1747 2299 1800 2352 οἳ

230 2389 319 2439 τὸν
356 2385 560 2454 κόσμον
595 2388 972 2458 κατηύγασαν,
1006 2389 1130 2458 μεθ’
1154 2384 1229 2442 ὧν
1265 2393 1361 2443 καὶ
1394 2391 1502 2444 τῶν
1537 2390 1801 2462 διαδόχων

232 2478 411 2532 αὐτῶν
442 2481 742 2552 ἱεραρχῶν,
775 2483 866 2536 καὶ
897 2481 990 2536 τοῦ
1026 2482 1241 2552 καρποῦ
1275 2482 1369 2537 τοῦ
1403 2484 1763 2554 κηρύγματος
1783 2523 1799 2550 ,

231 2572 341 2626 τῶν
386 2573 673 2644 μαρτύρων
712 2574 806 2626 καὶ
847 2574 960 2626 τῶν
996 2574 1200 2628 ὁσίωνο
1249 2577 1342 2628 καὶ
1385 2577 1538 2640 τέλος
1578 2577 1802 2630 πάντων

231 2664 370 2732 ὁμοῦ
392 2707 405 2725 ,
443 2665 625 2734 ἐπειδὴ
657 2667 722 2735 τῇ
767 2664 930 2738 θυσίᾳ
961 2666 1136 2738 ταύτῃ
1170 2670 1236 2738 τῇ
1273 2669 1398 2739 ἱερᾷ
1431 2672 1633 2732 πάντες
1666 2669 1802 2739 ὁμοῦ

235 2755 460 2825 ἄγγελοί
497 2774 556 2810 τε
598 2760 692 2810 καὶ
732 2756 1014 2829 ἄνθρωποι
1061 2759 1208 2826 ἅγιοι
1254 2760 1348 2812 καὶ
1393 2758 1684 2829 ήνώθησαν
1727 2760 1806 2831 τῷ

235 2847 463 2918 Χριστῷ
481 2888 497 2912 ,
528 2850 622 2901 καὶ
655 2851 712 2902 ὲν
739 2848 887 2920 αὐτῷ
916 2851 1259 2922 ἡγιάσθησαν
1281 2891 1296 2914 ,
1328 2853 1424 2905 καὶ
1453 2853 1626 2924 τούτῳ
1654 2854 1806 2923 ἡμᾶς

235 2940 355 2994 ἑνοῦ
363 2956 463 2996 σιν.
919 2947 924 2950 ’

309 3055 329 3088 ι
364 3029 465 3088 Ὧν
512 3037 633 3100 ταῖς
686 3028 918 3102 ἱκεσίαις
967 3038 1262 3110 ἐπίσκεψαι
1314 3041 1488 3110 ἡμᾶς,
1540 3039 1730 3110 φησιν,
1778 3040 1808 3094 ὁ

1894 557 2158 613 honorem
2186 574 2251 615 ae
2277 561 2600 614 memoriam
2626 571 2947 616 sanctorum
2977 572 3033 617 et
3057 561 3474 617 benedictorum

1895 655 2298 724 apostolorum,
2358 661 2620 723 tanquam
2695 653 2897 708 Christi
2966 656 3367 721 ministrorum,
3419 664 3476 709 et

1895 750 2200 817 primorum
2237 747 2584 802 sacerdotum
2619 762 2681 802 ac
2709 749 2828 802 lielei
2865 749 3246 817 magistrorum
3278 765 3294 814 ;
3325 747 3464 820 etOin

1897 839 2217 894 memoriam
2247 853 2438 894 eorum
2476 840 2571 908 qui
2629 847 2749 906 post
2786 839 2909 892 illos
2937 856 3036 909 pro
3073 841 3274 908 pietate
3297 847 3474 893 certa-

1895 941 2385 996 vere,sanetorum
2440 945 2632 1001 nempe
2663 932 3005 1002 pontiﬁcum,
3058 941 3373 986 sanctorum
3420 938 3475 983 et

1894 1025 2360 1093 triumphantium
2397 1035 2701 1095 martyrum
2728 1036 2780 1078 et
2812 1026 3024 1094 piorum
3067 1039 3192 1078 cum
3221 1024 3479 1080 omnibus
3506 1091 3508 1094 ι

1893 1113 2123 1166 sanctis.
2152 1110 2397 1180 Denique
2449 1111 2608 1167 ol'l‘ert
2652 1113 2706 1167 in
2749 1113 3013 1166 honorem
3043 1129 3108 1167 ac
3151 1114 3473 1166 memoriam

1895 1203 2060 1269 hujus
2087 1205 2259 1258 Sancti
2293 1205 2448 1273 cujus
2474 1212 2556 1258 est
2579 1204 2697 1258 dies
2749 1205 2946 1266 festus,
2976 1214 3031 1258 et
3080 1203 3259 1259 Patris
3301 1203 3474 1259 nostri

1895 1295 2294 1365 Chrysostomi,
2357 1306 2451 1351 aut
2488 1295 2712 1372 Basilii.
2771 1299 2932 1365 cujus
2955 1307 3040 1352 est
3101 1297 3346 1365 litnrgia.
3413 1293 3478 1348 Et

1895 1388 2141 1442 omnium
2187 1389 2350 1442 simul
2390 1405 2581 1442 rursus
2621 1400 2983 1456 sanctorum;
3032 1405 3156 1444 cum
3187 1405 3380 1443 omnes
3415 1389 3472 1442 in

1895 1481 2132 1536 Christo
2163 1483 2461 1547 uniantnr;
2494 1494 2548 1536 et
2604 1498 2826 1545 necesse
2864 1485 2936 1536 sit
2988 1492 3045 1536 ut
3069 1498 3193 1537 enm
3228 1496 3476 1536 comme-

1898 1577 2205 1631 moratione
2239 1576 2452 1629 Domini
2499 1575 2950 1629 commemoratio
2997 1585 3311 1628 sanctorum
3357 1573 3475 1640 ejus

1900 1671 1988 1725 lia!
2025 1686 2040 1738 ;
2073 1681 2124 1724 et
2176 1670 2354 1737 primo
2400 1668 2619 1738 quidem
2685 1667 2869 1733 hujus,
2902 1682 3025 1736 qua:
3051 1682 3266 1733 semper
3325 1668 3478 1735 virgo

1901 1777 2023 1814 eum
2054 1760 2258 1830 genuit,
2297 1768 2352 1810 ut
2378 1757 2579 1811 dictum
2630 1767 2754 1822 est;
2791 1773 2886 1827 per
2921 1772 3086 1826 quam
3121 1757 3316 1810 salutis
3371 1773 3474 1809 no-

1901 1863 2030 1908 stra:
2087 1851 2344 1920 mysteria
2427 1848 2616 1904 effecta
2674 1858 2844 1913 sunt;
2897 1848 3095 1902 deinde
3155 1859 3476 1902 sanczo'rum

1901 1946 2237 2015 angelorum,
2262 1943 2356 2012 qui
2420 1942 2687 2013 mysterio
2737 1941 3230 1997 subministrarem
3265 1946 3331 1994 ae‘
3387 1955 3482 2010 per

1902 2036 2032 2090 illml
2067 2036 2353 2092 nobiscum
2386 2036 2521 2090 uniti
2579 2042 2730 2100 sunt,
2763 2045 2816 2088 et
2839 2049 2937 2088 nos
2974 2033 3290 2087 custodiunt
3323 2050 3340 2096 ;
3389 2036 3482 2085 de-

1903 2129 2030 2184 inde
2065 2143 2257 2182 eorum
2284 2127 2380 2196 qui
2430 2141 2492 2180 ea
2515 2142 2638 2196 qua:
2696 2125 2762 2179 ad
2816 2127 3137 2196 mysterium
3184 2125 3480 2194 pertinent,

1902 2220 2290 2290 praedixerunt,
2343 2219 2734 2289 prophetarmn
2767 2227 2821 2273 et
2868 2219 3172 2286 jnstormn,
3239 2233 3480 2286 quorum

1901 2312 2295 2384 inclytissimus
2341 2319 2394 2366 et
2436 2312 2593 2382 quasi
2646 2311 2983 2379 signaculum
3050 2317 3132 2364 est
3201 2308 3483 2376 Baptista;

1901 2405 2098 2460 deinde
2138 2417 2448 2470 praeconum
2489 2401 2582 2471 qui
2641 2400 2812 2456 Demn
2866 2402 3136 2468 viderunt,
3201 2403 3482 2471 apostolo-

1901 2511 2131 2566 rumqne
2161 2497 2252 2566 qui
2287 2494 2546 2550 mundum
2586 2494 3038 2549 illuminaverunt
3072 2511 3088 2560 ;
3124 2508 3249 2548 cum
3281 2493 3486 2563 quibus

1906 2600 1963 2646 et
2001 2586 2320 2659 pontificum
2350 2588 2444 2656 qui
2477 2588 2612 2657 ipsis
2641 2595 3074 2654 successerunt;
3105 2601 3170 2640 ac
3221 2586 3484 2655 praedica-

1906 2683 2070 2738 tionis
2113 2681 2346 2748 l'rnctns,
2398 2689 2696 2750 martyrum
2752 2687 2807 2734 et
2833 2679 3072 2747 piorum.
3113 2677 3210 2733 Est
3249 2678 3488 2745 denique

1906 2775 2156 2828 onmimn
2198 2772 2384 2836 simul,
2417 2773 2681 2840 quoniam
2719 2770 2818 2824 hac
2850 2784 3006 2824 sacra
3043 2770 3266 2824 victima
3291 2784 3502 2824 mttqu-

1909 2866 2073 2921 simul
2100 2864 2388 2935 angelique
2439 2878 2505 2918 ac
2555 2863 2808 2917 homines
2868 2862 3044 2917 sancti
3078 2878 3203 2916 emn
3261 2861 3424 2916 Cltris
3453 2875 3499 2913 οι

1907 2957 2042 3012 uniti
2077 2967 2206 3012 sunt
2232 2968 2286 3010 et
2319 2957 2374 3010 in
2405 2955 2525 3024 ipso
2555 2954 2904 3016 sanctificati,
2935 2964 2987 3008 et
3015 2969 3081 3007 eo
3113 2967 3214 3006 nos
3267 2953 3488 3005 nniunt.

1983 3068 2005 3102 ι
2046 3047 2128 3103 Ad
2161 3049 2358 3102 horum
2393 3060 2706 3118 quaesumus
2761 3059 2952 3115 preces
3010 3044 3221 3112 respice
3253 3041 3306 3096 in
3367 3057 3491 3106 nos,

230 3129 400 3192 Θεὸς,
437 3129 531 3181 καὶ
567 3128 811 3199 δὼρησαι
849 3131 982 3202 ἡμῖν
1021 3132 1200 3184 πάντα
1235 3133 1306 3186 τὰ
1346 3132 1482 3200 πρὸς
1524 3132 1806 3202 σωτηρίαν

1912 3141 2079 3204 Deus,
2119 3149 2173 3195 et
2205 3139 2366 3195 nobis
2395 3139 2536 3194 dona
2565 3153 2688 3207 qua:
2713 3137 2779 3191 ad
2806 3135 3036 3190 salutem
3075 3134 3226 3188 ntilia
3263 3141 3414 3200 sunt,
3438 3145 3495 3186 et

232 3224 548 3292 αἰτήματα,
584 3224 678 3276 καὶ
710 3223 856 3295 ζωὴν
885 3224 985 3293 τὴν
1018 3225 1256 3280 αἰώνιον.
1298 3243 1317 3276 ι
1357 3226 1660 3288 Κατανοεῖς
1680 3264 1696 3290 ,
1728 3224 1804 3287 ὡς

233 3316 356 3369 ἀντὶ
397 3315 504 3368 τῶν
541 3315 713 3383 ἁγίων
751 3317 888 3368 εἰσὶν
926 3317 983 3369 αί
1026 3316 1277 3386 μερίδες;
1316 3317 1411 3370 καὶ
1453 3317 1534 3380 είς
1579 3316 1806 3387 μνήμην

232 3405 414 3459 αὐτῶν
443 3405 539 3459 καὶ
565 3406 731 3475 τιμὴν
749 3448 764 3474 ,
796 3405 891 3460 καὶ
922 3406 992 3460 δι’
1015 3407 1197 3462 αὐτῶν
1226 3409 1307 3472 είς
1340 3407 1618 3478 σωτηρίαν
1647 3407 1807 3478 ἡμῶν

231 3498 712 3570 προσφερόμεναις
743 3499 1030 3571 μετέχουσι
1060 3501 1168 3571 γὰρ
1197 3501 1292 3555 καὶ
1320 3499 1467 3554 οὗτοι
1492 3499 1572 3569 τῷ
1602 3515 1807 3570 μυστη-

233 3593 337 3662 ρίῳ
370 3591 448 3660 τῷ
486 3591 699 3663 φρικτῷ
728 3593 901 3664 τούτῳ
933 3593 1010 3656 ὡς
1045 3594 1508 3664 συνηγωνισμένοι
1546 3591 1768 3662 Χριστῷ
1791 3629 1807 3655 ,

231 3685 395 3754 δόξης
423 3685 518 3738 καὶ
543 3685 864 3750 ἀναϐάσεως
897 3685 1168 3755 μείζονος,
1193 3689 1260 3756 τῇ
1289 3684 1548 3755 κοινωνίᾳ
1573 3685 1672 3754 τῆς
1705 3701 1809 3736 σω-

233 3775 532 3848 τηριώδους
581 3776 790 3846 θυσίας,
838 3779 935 3832 καὶ⁸
979 3779 1130 3848 ἡμᾶς
1175 3777 1325 3848 αὐτῷ
1369 3777 1809 3831 καταλλάσσουσι

231 3871 333 3922 καὶ
382 3869 754 3923 συνάπτουσι·
804 3870 902 3923 καὶ
947 3869 1149 3940 μᾶλλον
1190 3870 1301 3940 ὅσῳ
1343 3868 1549 3922 τούτων
1601 3867 1812 3938 μεμνή-

236 3959 400 4030 μεθα.
430 3960 574 4032 Πλὴν
597 3961 658 4014 οὐ
689 3961 1116 4031 μεταϐάλλονται
1145 3961 1202 4016 αί
1233 3961 1452 4033 μερίδες
1477 3961 1510 4032 ἦ
1541 3961 1621 4024 είς
1649 3959 1811 4029 σῶμα

231 4055 576 4120 δεσποτικὸν,
606 4053 639 4127 ἢ
669 4057 749 4118 είς
774 4054 844 4108 τὰ
871 4054 1101 4125 σώματα
1123 4053 1234 4108 τῶν
1261 4053 1435 4122 ἁγίων
1457 4069 1474 4084 ο
1503 4053 1640 4108 ἀλλὰ
1671 4053 1812 4124 μόνα
1844 4101 1847 4109 .

233 4148 391 4218 δῶρά
423 4150 528 4202 εισι
561 4149 654 4202 καὶ
687 4147 1004 4219 προσφοραὶ
1034 4147 1126 4201 καὶ
1159 4145 1339 4200 θυσίαι
1373 4145 1440 4198 δι’
1467 4145 1634 4216 ἄρτου
1668 4141 1812 4197 κατὰ

238 4242 473 4310 μίμησιν
500 4240 591 4295 τοῦ
623 4241 915 4306 Δεσπότου,
942 4240 1040 4294 καὶ⁸
1068 4237 1156 4294 ἔπ’
1177 4238 1402 4308 ὀνόματι
1429 4240 1635 4291 τούτων
1660 4233 1813 4307 αὐτῷ

235 4334 725 4405 προσφερόμεναι,
761 4334 857 4387 καὶ
889 4315 955 4402 τῇ
996 4331 1281 4403 ίερουργίιτ⁴
1311 4331 1420 4384 τῶν
1455 4329 1774 4401 μυστηρίων
1796 4367 1813 4394 ,

232 4430 307 4497 τῇ
337 4425 528 4480 ἐνώσει
551 4442 610 4479 τε
636 4426 730 4479 καὶ
758 4423 1012 4495 κοινωνίᾳ
1035 4422 1419 4492 ἁγιαζόμεναι,
1443 4421 1539 4475 καὶ¹
1565 4423 1645 4483 είς
1671 4420 1814 4474 ὲκεί-

233 4536 366 4580 νους
409 4520 545 4588 ὑπὲρ
582 4511 657 4571 ῶν
692 4517 797 4570 εἰσι
817 4554 834 4581 ,
866 4516 960 4570 τὸν
990 4514 1264 4585 ἁγιασμδν
1299 4513 1776 4586 παραπέμπουσαι
1796 4550 1814 4577 ,

235 4615 338 4665 καὶ
377 4612 462 4666 διὰ
493 4610 603 4664 τῶν
636 4611 776 4680 ὑπὲρ
808 4608 918 4662 τῶν
950 4609 1122 4676 ἁγίων
1161 4607 1243 4672 εις
1285 4607 1436 4678 ἡμᾶς
1459 4621 1476 4640 ο
1520 4604 1710 4675 ὥσπερ
1749 4595 1818 4674 δὴ

237 4706 340 4758 καὶ
367 4703 454 4758 διὰ
482 4703 589 4756 τῶν
619 4702 796 4774 εὐχῶν
825 4700 986 4756 τοῦτο
1014 4700 1244 4770 γίνεται,
1282 4698 1445 4769 ἡνίκα
1480 4696 1814 4768 μνησθῶμεν

238 4796 424 4850 αὐτῶν
444 4837 458 4860 ,
488 4795 521 4866 ἦ
554 4797 680 4849 ὅταν
709 4797 820 4856 τοῖς
851 4796 995 4858 ναοῖς
1025 4794 1058 4866 ἢ
1086 4796 1200 4857 τοῖς
1227 4791 1504 4860 λειψάνοις
1533 4789 1713 4843 αὐτῶν
1734 4828 1749 4854 ,
1781 4785 1818 4858 ἢ

237 4891 364 4952 ταῖς
398 4889 570 4942 εἰκόσι
603 4889 656 4941 τὶ
689 4887 1162 4958 προσενέγκωμεν.
1197 4884 1360 4938 Αὐτοὶ
1397 4883 1498 4952 μὲν
1532 4881 1641 4952 γὰρ
1673 4881 1818 4951 ἁμέ-

239 4995 356 5041 σως
386 4977 702 5046 ἁγιάζονται
731 4978 883 5050 παρὰ
905 4976 999 5031 τοῦ
1027 4973 1163 5028 Θεοῦ
1185 4988 1201 5004 ⁶
1235 4971 1512 5044 δεχόμενοι
1542 4971 1600 5027 δὲ
1629 4971 1725 5025 καὶ
1753 4971 1819 5026 τὰ

240 5070 377 5139 παρ’
405 5068 604 5140 ἡμῶν,
637 5069 706 5123 δι’
731 5069 908 5124 αὐτῶν
936 5068 1095 5140 ,ἡμᾶς
1137 5063 1476 5135 ἁγιάζουσιν.
1516 5065 1580 5118 ει
1626 5065 1721 5116 οὖν
1761 5063 1822 5116 ιν

237 5164 354 5223 τοῖς
387 5161 564 5222 ἄλλοις
597 5160 892 5215 ἁποδεκτὺν
925 5162 1109 5224 αὐτοῖς
1141 5159 1202 5213 τὸ
1243 5159 1578 5230 προσφίρειν
1613 5159 1694 5221 είς
1732 5175 1818 5210 τι-

240 5256 354 5324 μὴν
382 5258 475 5306 καὶ
507 5255 724 5324 μνήμην
749 5253 952 5316 αὐτῶν,
978 5253 1160 5327 πολλῷ
1184 5269 1247 5320 γε
1271 5250 1429 5304 τοῦτο
1456 5250 1660 5320 μᾶλλον
1685 5252 1820 5303 ἁπο-

236 5347 482 5413 δέξονται
525 5347 582 5400 ὲν
614 5349 678 5416 τῇ
725 5345 996 5419 ἱερωτάτη
1034 5344 1214 5415 θυσίᾳ..
1251 5344 1314 5397 Εἰ
1355 5343 1467 5412 γὰρ
1504 5343 1600 5396 καὶ
1639 5342 1818 5404 ἀΰλως

239 5440 339 5492 καὶ
383 5437 582 5507 νοερῶς
633 5426 917 5507 μετέχουσι
960 5439 1057 5506 τῆς
1099 5436 1194 5490 τοῦ
1242 5433 1480 5505 Χριστοῦ
1528 5423 1850 5496 κοινωνίας

242 5534 362 5593 ταῖς
394 5530 613 5602 ψυχαῖς,
646 5529 782 5583 ἀλλὰ
813 5528 906 5582 καὶ
936 5529 1026 5582 διὰ
1055 5527 1153 5597 τῆς
1184 5524 1346 5580 αὐτοῦ
1381 5526 1716 5595 ἱερουργίας,
1751 5525 1820 5595 ἣν

243 5624 389 5692 ὑπὲρ
419 5622 514 5675 τοῦ
545 5623 750 5690 κόσμου
782 5621 1070 5694 παρέδωκε
1101 5619 1351 5693 γίνεσθαι
1370 5658 1386 5683 ,
1424 5617 1689 5688 μεγίστης
1725 5635 1824 5686 με-

245 5718 462 5789 τέχουσι
491 5714 589 5782 τῆς
619 5712 775 5784 δόξης
796 5753 811 5778 ,
842 5712 916 5777 ὡς
952 5711 1400 5784 συμπονήσαντες
1433 5709 1526 5762 καὶ
1563 5709 1823 5775 συνδοξα-

249 5811 482 5882 ςιιμενοι.
528 5807 687 5870 Ἀλλᾲ
738 5808 832 5862 καὶ
880 5808 930 5868 οί
981 5806 1255 5881 θειότατοι.
1291 5803 1549 5875 ἄγγελοι,
1596 5803 1666 5868 ὡς
1723 5801 1818 5864 καὶ

1907 3231 2246 3301 postmodum
2276 3229 2441 3284 vitam
2481 3237 2762 3284 aeternam.
2792 3246 2807 3278 ι
2848 3225 3036 3281 Viden‘
3057 3236 3116 3281 ιιι
3135 3227 3254 3281 loco
3268 3235 3490 3280 samrto-

1905 3342 2025 3382 rum
2060 3323 2338 3392 particulae
2363 3321 2550 3393 posita:
2577 3319 2750 3375 sunt?
2777 3330 2832 3373 ut
2860 3317 2926 3372 ad
2978 3319 3222 3389 ipsormn
3254 3330 3495 3373 comme-

1908 3418 2270 3474 morationcm
2295 3430 2360 3472 ac
2384 3415 2651 3472 honorem
2667 3421 2722 3469 et
2747 3412 2814 3468 ad
2844 3422 3084 3467 nostram
3107 3411 3340 3466 salutem
3363 3423 3496 3464 con-

1908 3508 2198 3564 tribuunt?
2228 3507 2363 3561 Nam
2387 3505 2567 3561 sancti
2597 3519 2818 3574 quoque
2844 3502 3105 3573 mysterio
3125 3501 3202 3556 illi
3225 3501 3499 3556 horrendo

1909 3600 2240 3672 participant
2270 3609 2329 3652 ut
2359 3597 2565 3654 Christi
2600 3595 3026 3660 commilitones,
3068 3593 3181 3648 imo
3229 3592 3417 3661 gloria
3441 3598 3498 3644 et

1907 3693 2232 3750 elevationis
2291 3691 2518 3758 maioris
2545 3688 2966 3760 participatione
3023 3686 3285 3742 salutaris
3327 3682 3498 3739 sacri-

1911 3783 2018 3839 ﬁcii
2054 3789 2200 3853 quod
2229 3796 2327 3837 nos
2355 3779 2584 3834 Domino
2618 3777 2922 3848 coniungit,
2953 3775 3253 3832 dummodo
3279 3775 3498 3830 sincera

1913 3884 2096 3930 mente
2126 3874 2279 3929 illius
2342 3871 2588 3944 mysterii
2629 3870 2947 3926 memoriam
2999 3867 3290 3923 faciamus.
3329 3864 3500 3922 Parti-

1910 3969 2047 4024 culaa
2082 3973 2264 4022 autem
2295 3981 2404 4020 non
2457 3963 2512 4019 in
2543 3978 2745 4034 corpus
2791 3960 3010 4016 Domini
3048 3967 3143 4014 aut
3176 3959 3232 4014 in
3269 3966 3496 4012 saneto-

1911 4077 2032 4116 rmn
2063 4074 2294 4129 corpora
2353 4066 2661 4120 mutantur,
2692 4054 2788 4132 sed
2819 4053 3168 4108 solummodo
3199 4051 3341 4106 dona
3367 4056 3501 4104 sunt

1911 4163 1966 4210 et
1988 4151 2260 4208 sacrificia
2298 4149 2476 4206 oblata
2502 4164 2596 4220 per
2614 4161 2804 4218 panem
2829 4147 2897 4201 ad
2913 4143 3222 4214 exemplum
3251 4139 3497 4206 Domini,

1915 4251 2081 4312 atque
2117 4241 2218 4295 hoc
2249 4239 2405 4294 titulo
2445 4238 2733 4293 sanetilicii
2788 4236 2980 4292 oblata:
3026 4244 3079 4288 et
3134 4249 3231 4305 per
3298 4241 3500 4304 myste-

1915 4336 2128 4390 riorum
2189 4332 2564 4403 operationem
2609 4342 2662 4384 et
2729 4329 2986 4383 nationem
3043 4327 3401 4382 sanctilicatae
3438 4325 3494 4378 in

1918 4444 2016 4485 eos
2048 4442 2269 4498 quoque
2291 4440 2527 4496 quorum
2560 4424 2736 4477 locum
2767 4431 2979 4485 tenent,
3005 4418 3498 4474 sanetilicationem

1845 4499 1894 4556 θ
1921 4519 2240 4583 conferunt,
2261 4517 2533 4586 nobisque
2553 4515 2686 4585 ipsis
2723 4529 2818 4584 per
2850 4522 3072 4568 sanctos
3100 4509 3504 4566 transmittunt.

1921 4610 1989 4666 Et
2048 4609 2154 4664 hoc
2199 4625 2294 4681 per
2351 4622 2546 4677 preces
2569 4605 2629 4661 lit
2657 4607 2703 4662 si
2739 4621 2928 4660 eorum
2987 4619 3260 4659 memores
3286 4601 3504 4671 templis

1922 4719 2117 4760 eormn
2175 4712 2271 4758 aut
2295 4700 2546 4772 reliquiis
2603 4709 2700 4755 aut
2731 4697 3073 4769 imaginibus
3099 4695 3507 4767 appropinqua-

1925 4811 2068 4851 tnus.
2104 4793 2241 4848 Dum
2265 4795 2415 4850 enim
2448 4793 2626 4849 sancti
2660 4792 2765 4861 ipsi
2811 4806 2844 4844 a
2869 4791 2980 4845 Deo
3035 4788 3345 4843 immediate
3373 4801 3502 4842 san-

1926 4889 2263 4952 ctiﬁeautur,
2312 4901 2416 4940 nos
2449 4886 2708 4952 deinceps
2765 4880 3133 4936 sanctilieant.
3187 4875 3342 4942 Quod
3369 4875 3412 4928 si
3446 4875 3503 4930 in

1923 4981 2138 5035 cteteris
2179 4993 2366 5048 preces
2405 4985 2622 5030 nostras
2649 4972 2754 5026 heti
2783 4978 3036 5038 acceptas
3067 4966 3337 5031 referunt,
3361 4963 3503 5017 mul-

1923 5082 1983 5128 to
2008 5071 2238 5141 gratiori
2269 5069 2459 5124 animo
2521 5082 2617 5123 eas
2667 5065 2722 5120 in
2754 5061 3031 5118 sacriﬁcio
3097 5073 3162 5114 ac
3228 5056 3506 5129 mysteriis

1921 5160 2216 5230 recipient.
2260 5155 2396 5210 Nam
2447 5156 2494 5210 si
2540 5149 2979 5209 immaterialiter
3026 5156 3082 5205 et
3141 5147 3506 5218 spiritualiter

1921 5252 2203 5308 Christum
2236 5251 2288 5304 in
2324 5247 2525 5303 animis
2560 5247 2850 5316 recipiunt,
2917 5259 3011 5313 per
3063 5241 3394 5300 sacriﬁcium
3450 5239 3507 5295 in

1922 5359 2033 5411 quo
2069 5358 2128 5397 se
2154 5341 2361 5396 mundo
2415 5337 2635 5400 obtulit,
2673 5351 2945 5390 summam
2975 5334 3205 5404 gloriam
3229 5335 3508 5398 obtinent,

1923 5434 2051 5504 quia
2085 5439 2444 5502 eeoperanles
2482 5427 2989 5498 conglorilicantnr.
3023 5427 3126 5482 Sed
3156 5425 3326 5479 divini
3370 5439 3509 5491 quo-

1930 5542 2038 5596 que
2069 5523 2247 5595 angeli
2309 5530 2499 5592 utpote
2531 5521 2822 5575 nobiscum
2855 5519 3165 5584 conjuncti,
3220 5525 3275 5572 et
3315 5515 3367 5569 in
3392 5529 3508 5583 mya

1929 5619 2099 5671 sterio
2123 5623 2502 5682 cooperantes,
2561 5610 2751 5681 gratiae
2773 5617 3059 5678 compotes
3116 5607 3272 5662 linnt.
3307 5603 3506 5662 Praeci-

1928 5725 2037 5778 pnc
2073 5718 2255 5762 autem
2319 5705 2411 5760 Dei
2438 5693 2600 5759 Verhi
2629 5702 2822 5766 Mater,
2861 5716 3069 5772 magna:
3101 5695 3509 5755 incarnationis

1925 5783 2102 5868 serva,
2166 5797 2361 5858 divinae
2434 5797 2656 5857 iunonis
2719 5793 2958 5862 oliicina,
3009 5791 3187 5865 magni
3247 5787 3506 5850 sacriﬁcii
