4038 6474
428 323 580 386 ε2ι7

1255 330 1648 397 SYMEONIS
1685 334 2427 399 THESSALONICENSIS
2463 340 2818 401 ARCHIEP.

3606 344 3709 409 238

476 439 673 494 omium
720 444 894 510 operit
930 445 1248 514 virtutibus,
1286 460 1339 503 ut
1389 448 1730 516 DcusJesus
1762 451 2040 516 Christus;

2162 452 2421 515 τυνὲσεως
2454 452 2621 507 αὐτοῦ
2658 454 2872 525 πλήρης
2906 457 2940 527 ή
2975 457 3067 526 γῆ.
3107 470 3126 509 ι
3168 459 3344 522 assa;
3379 459 3437 511 δέ
3490 458 3635 513 ἐστιν
3672 463 3726 525 ζς

476 543 534 588 et
560 535 827 604 Sapientia
859 539 978 594 sive
1031 542 1347 608 cognitione
1398 546 1515 612 ejus
1560 545 1717 613 plena
1771 546 1911 600 facta
1971 556 2053 601 est

476 633 647 681 terra.
678 628 800 698 Ipso
827 646 1064 701 namque
1096 634 1407 705 incarnato,
1455 639 1635 694 omnis
1693 647 1837 693 terra
1873 639 2051 707 ipsum

475 732 603 771 cum
636 719 799 775 Patre
827 735 881 777 et
913 725 1122 796 Spiritu
1156 730 1439 799 cognovit.
1473 727 1589 785 Hoc
1614 740 1796 784 autem
1830 731 2052 800 psalmi-

475 824 599 862 cttm
623 825 786 879 super
810 828 1021 882 omnes,
1051 817 1097 873 si
1137 819 1320 887 plures
1350 820 1571 891 quidem
1633 829 1762 877 sunt
1825 822 2047 889 calices,

475 901 676 958 addit:
713 920 880 959 unum
937 910 1083 963 enim
1147 912 1389 968 oblatum
1444 923 1501 969 et
1550 918 1724 967 unum
1779 916 2049 983 poterium

475 991 640 1044 etiam
675 993 729 1045 in
755 997 991 1054 diversis
1026 1001 1259 1059 videtur.
1292 1019 1357 1056 eo
1389 1006 1534 1074 quod
1571 1008 1734 1061 unius
1753 1016 1837 1062 est
1879 1022 2047 1062 unum

476 1096 679 1149 corpus
700 1086 939 1142 etunius
997 1094 1240 1157 sanguis.
1300 1092 1583 1151 Posiremo
1648 1113 1857 1166 ponens
1924 1114 2051 1153 aera

477 1177 731 1229 sacerdos
787 1177 1069 1247 sumendo,
1111 1184 1204 1251 qui
1256 1185 1659 1241 ﬁrmamentum
1722 1191 1775 1242 in
1823 1207 1934 1259 quo
1966 1201 2052 1246 est

476 1263 631 1316 stvlla
695 1276 748 1318 ct
805 1269 1091 1326 sindnnem
1154 1276 1425 1344 signiﬁcat
1475 1297 1491 1344 ;
1557 1291 1843 1350 propterea
1899 1284 2046 1338 enim

480 1354 814 1419 tnyrrhatum
867 1370 1140 1417 mortuum
1206 1366 1408 1435 pluries
1470 1369 1695 1425 involvit
1748 1372 1935 1429 Jesum
1996 1384 2051 1431 ct

479 1438 726 1500 t'unehris
759 1448 985 1518 dicitur;
1028 1454 1205 1524 ipsum
1238 1458 1428 1512 edocet
1464 1476 1640 1530 usque
1674 1463 1728 1516 itt
1755 1462 1915 1518 ﬁnem
1966 1467 2049 1518 ni-

481 1532 590 1589 title
633 1548 889 1607 tanquam
924 1544 976 1597 in
1004 1546 1189 1600 tabula
1217 1552 1564 1619 mysterium,
1612 1555 1758 1622 quod
1790 1556 1906 1623 ipse
1927 1572 2051 1625 pro-

479 1627 737 1691 pltetatus
779 1642 837 1686 nt
892 1651 1069 1703 agnus
1121 1640 1357 1709 desuper
1401 1658 1431 1697 e
1483 1646 1639 1702 ccelis
1705 1651 1873 1711 venit,
1902 1660 1957 1703 et
1997 1651 2050 1704 in

482 1719 748 1784 spelunca
815 1730 1190 1800 prtescpioque
1247 1735 1548 1789 secundum
1612 1753 1828 1793 carnem
1892 1750 2051 1796 natus

479 1818 587 1872 est,
620 1821 673 1863 et
700 1815 969 1878 passionis
990 1819 1109 1887 ejus
1141 1822 1282 1877 facta
1316 1829 1658 1896 pra-ﬁgurata
1681 1839 1812 1885 sunt
1840 1832 1892 1887 in
1932 1833 2052 1903 ipso

475 1910 625 1956 ortu.
660 1902 871 1960 Etenim
909 1910 1313 1983 stellaquidem
1352 1933 1516 1987 super
1542 1921 1693 1975 illum
1721 1925 1894 1987 stetit,
1958 1902 2051 1996 ip-

480 2007 600 2047 sum
631 1997 802 2066 magis
834 2004 1124 2059 ostendens
1150 2023 1166 2073 ;
1201 2006 1444 2066 Herodes
1500 2023 1680 2068 autem
1731 2028 2054 2082 persecutus

452 2096 585 2151 cst,
618 2096 671 2141 ct
694 2091 914 2148 Simeon
945 2096 997 2150 in
1031 2097 1176 2154 ulnis
1242 2103 1516 2171 accipiens
1540 2107 2050 2179 pra-dicavitipsunt

483 2182 609 2247 poni
672 2182 725 2236 itt
782 2186 998 2254 signum
1052 2192 1139 2245 cui
1208 2196 1645 2260 contradicatur,
1704 2202 2053 2270 gladiumque

482 2276 1047 2334 transverberaturum
1128 2299 1252 2338 esse
1311 2287 1483 2355 ipsius
1534 2287 1722 2345 Matris
1790 2293 2050 2350 animam.

485 2360 715 2432 ltlconte
754 2384 841 2423 res
897 2374 1169 2440 passionis
1222 2378 1313 2433 hic
1394 2381 1835 2441 subindicantur.
1914 2388 2050 2442 Cum

484 2456 649 2524 igitur
668 2460 866 2517 snﬁivit
896 2464 1094 2521 divina:
1123 2472 1516 2538 propositionis
1556 2476 1723 2543 dona,
1782 2486 2045 2549 tauquam

484 2550 595 2604 Deo
632 2564 868 2617 sacrata.
911 2557 1336 2628 ipsiqueohlata,
1368 2575 1423 2619 et
1457 2566 1647 2622 eﬁ‘ccta
1713 2572 2049 2628 sanctissimi

393 2640 402 2651 ³
482 2650 732 2712 rorprris
767 2658 821 2703 et
853 2654 1139 2719 sanguinis
1201 2658 1338 2728 typi,
1394 2662 1700 2716 orationem
1754 2663 2053 2721 oblationis

483 2739 696 2807 adjicit,
728 2754 1092 2817 precaturque
1117 2751 1287 2805 Deum
1318 2766 1383 2806 ac
1431 2750 1669 2819 Patrem,
1738 2755 1832 2823 qui
1892 2771 2051 2810 suum

483 2827 703 2895 Filium,
728 2839 1173 2904 sttperrmlestem
1225 2856 1443 2910 panem,
1487 2843 1554 2897 ad
1610 2861 1709 2899 nos
1771 2851 1939 2914 nnsit,
1998 2858 2057 2903 ut

485 2928 761 2991 preposita
836 2929 1145 2997 benedicat,
1201 2943 1258 2989 et
1314 2935 1369 2990 in
1432 2940 1823 3007 superemicste
1883 2942 2056 2999 altare

484 3028 644 3068 suum
676 3017 765 3072 illa
818 3021 1070 3092 recipiat,
1122 3030 1549 3099 recordeturque
1601 3033 1944 3101 aﬂ‘erentium
1994 3051 2057 3091 ac

2152 541 2248 594 καὶ
2292 542 2387 593 τὸν
2441 544 2672 614 οὐρανὸν
2724 545 2992 601 καλύπτει
3044 551 3162 606 ταῖς
3213 551 3441 621 ἀρεταῖς
3492 551 3569 610 ὡς
3601 552 3727 615 Θεὸς

2163 630 2375 699 Ἰησοῦς
2402 634 2655 703 Χριστός.
2689 635 2797 690 Kal
2826 635 2925 706 τῆς
2961 638 3227 702 συνέσεως
3254 639 3450 705 αὐτοῦ,
3486 642 3606 711 ἦτοι
3633 643 3729 712 τῆς

2152 721 2426 790 γνώσεως,
2449 724 2662 795 πλήρης
2692 727 2725 796 ή
2755 726 2829 796 γῆ
2856 729 3172 798 γεγένηται.
3200 730 3595 801 Σαρκωθέντος
3622 734 3727 803 γάρ

2152 812 2342 879 αὐτοῦ,
2380 816 2529 868 πᾶσα
2560 816 2594 886 ή
2640 817 2711 887 γῆ
2747 819 2912 873 αὐτόν
2943 822 3042 874 σὺν
3072 820 3149 891 τῷ
3179 822 3358 892 Πατρὶ
3390 824 3609 889 ἐπέγνω
3638 826 3727 879 καὶ

2153 902 2454 971 Πνεύματι.
2508 905 2584 958 Τδ
2614 905 2671 960 δὲ
2702 906 2976 977 ψαλμικὺν
3002 908 3163 961 τοῦτο
3190 910 3282 961 ἐπὶ
3324 910 3522 975 πᾶσιν,
3558 911 3607 962 si
3638 913 3728 966 καὶ

2152 993 2325 1048 πολλά
2370 997 2488 1049 ἐστι
2520 996 2589 1050 τά
2621 1000 2858 1069 ποτῆρια
2893 999 3153 1068 ἐπιλέγει.
3188 1001 3284 1053 Ἐν
3323 1002 3437 1071 γὰρ
3473 1001 3534 1055 τὸ
3565 1018 3728 1070 προσ-

2152 1088 2474 1154 φερόμενον,
2530 1092 2629 1142 καὶ
2676 1090 2733 1142 ἓν
2782 1091 2844 1144 τὸ
2877 1094 3157 1162 ποτήριον,
3214 1095 3309 1147 καὶ
3346 1097 3407 1148 ἐν
3450 1096 3726 1163 διαφόροις

2150 1178 2367 1245 ὁρᾶται,
2418 1180 2500 1232 ὅτι
2547 1181 2641 1233 καὶ
2674 1180 2791 1243 ἐνὸς
2823 1181 2884 1235 τὸ
2917 1181 2975 1235 ἓν
3009 1184 3171 1253 σῶμα
3208 1185 3304 1238 καὶ
3336 1186 3458 1246 ἐνὸς
3503 1185 3563 1239 τὸ
3593 1183 3728 1250 αἷμά

2151 1271 2321 1324 ἐστιν.
2360 1266 2490 1324 Εἶτα
2520 1272 2829 1326 τελευταῖον
2879 1274 2971 1327 τὸν
3011 1275 3148 1346 ἀέρα
3181 1277 3296 1340 θεὶς
3331 1280 3360 1332 ό
3415 1280 3597 1346 ἱερεὺς
3640 1278 3728 1331 θυ-

2156 1363 2381 1432 μιάσας,
2407 1362 2467 1427 ὃς
2497 1364 2561 1435 δὴ
2592 1366 2686 1419 καὶ
2719 1366 2778 1419 τδ
2814 1369 3103 1438 στερέωμα
3138 1372 3194 1423 ὲν
3231 1363 3277 1437 ᾧ
3329 1373 3358 1424 ὁ
3401 1370 3607 1441 ἀστὴρ,
3641 1370 3730 1424 καὶ

2152 1454 2252 1522 τὴν
2281 1456 2496 1509 σινδόνα
2543 1457 2820 1526 σημαίνει,
2854 1459 2945 1513 διὰ
2983 1459 3141 1514 τοῦτο
3185 1461 3295 1530 γάρ
3334 1462 3437 1515 καὶ
3471 1464 3729 1530 ἐσμυρνι-

2155 1548 2359 1615 σμένον
2398 1548 2593 1614 νεκρὸν
2629 1549 2887 1613 πολλάκις
2923 1552 3208 1621 περιφέρει
3241 1553 3338 1606 τὸν
3380 1553 3597 1621 Ἰησοῦν
3639 1554 3729 1607 καὶ

2155 1638 2444 1706 ἐπιτάφιος
2477 1640 2718 1707 λέγεται,
2754 1642 2885 1695 αὐτὸ
2915 1642 3157 1696 διδάσκει
3187 1647 3319 1715 ἁχρι
3343 1645 3534 1709 τέλους
3566 1646 3727 1700 καθα-

2160 1727 2266 1798 ρῶς
2290 1727 2364 1789 ὡς
2396 1729 2452 1781 ἐν
2479 1730 2669 1783 πίνακι
2698 1731 2759 1785 τὸ
2791 1734 3237 1804 μυστήριον.Ὄτι
3265 1736 3436 1797 αὐτὸς
3459 1737 3487 1788 ὁ
3523 1752 3729 1806 προφη-

2155 1820 2365 1882 τευθεὶς
2394 1820 2471 1884 ὼς
2504 1821 2699 1891 ἀμνὸς,
2735 1824 2831 1877 καὶ
2871 1825 3131 1896 ὑπεράνω
3159 1827 3268 1880 τῶν
3298 1826 3553 1899 οὐρανῶν
3582 1821 3727 1899 ἦλθε,

2152 1912 2249 1964 καὶ
2288 1914 2348 1963 ἐν
2382 1914 2633 1985 σπηλαίῳ
2660 1915 2955 1990 καὶεράτνῃ
2998 1919 3140 1973 κατά
3163 1922 3349 1991 σάρκα
3383 1920 3728 1991 γεγέννηται.

2155 2004 2266 2057 Kal
2306 2005 2375 2056 τὰ
2402 2006 2498 2058 τοῦ
2529 2006 2737 2070 πάθους
2765 2009 2927 2073 εὐθὺς
2950 2014 3007 2065 ἐν
3028 2010 3107 2080 τῷ
3133 2012 3473 2083 γεννηθῆναι
3505 2030 3730 2082 προετο-

2155 2093 2311 2166 πώθη
2346 2097 2404 2149 ὲν
2438 2095 2603 2166 αὐτῷ.
2654 2099 2764 2151 Kal
2808 2101 2918 2171 γάρ
2965 2102 3141 2173 ἀστὴρ
3184 2103 3291 2173 μὲν
3324 2104 3531 2174 ἐπέστη
3567 2104 3732 2170 αὐτῷ,

2153 2189 2269 2248 τοῖς
2317 2189 2517 2255 μάγοις
2559 2191 2721 2244 αὐτὸν
2764 2192 2977 2259 δηλῶν⁶
3035 2198 3063 2248 ό
3116 2195 3175 2249 δέ
3216 2196 3475 2267 Ἡρώδης
3521 2198 3726 2252 ἐδίωκε.

2154 2277 2265 2330 Kal
2297 2280 2525 2347 Συμεὼν
2558 2285 2679 2345 ταῖς
2709 2285 2867 2353 χερσὶ
2911 2285 3113 2349 λαϐὼν,
3154 2288 3433 2357 ἐκήρυξεν
3464 2290 3627 2343 αὑτὸν
3655 2291 3729 2350 εἰς

2156 2371 2384 2436 σημεῖον
2434 2372 2653 2425 κεῖσθαι
2704 2374 3147 2447 ἀντιλεγόμενον.
3205 2381 3323 2433 Καὶ
3356 2381 3434 2443 ῶς
3492 2380 3728 2451 ῥομφαία

2154 2459 2487 2514 διελεύσεται
2513 2462 2611 2531 τὴν
2636 2464 2817 2535 ψυχὴν
2845 2468 2943 2537 τῆς
2967 2469 3130 2521 αὐτοῦ
3162 2468 3551 2540 Μητρός.’Διὰ
3578 2470 3729 2523 τοῦτο

2155 2552 2249 2604 καὶ
2278 2553 2343 2606 τὰ
2379 2553 2472 2607 τοῦ
2505 2556 2715 2622 πάθους
2749 2553 2853 2612 ὦδε
2888 2560 3419 2631 καθυπογρὰφεται.
3453 2564 3727 2633 Θυμιάσας

2154 2642 2249 2697 οῦν
2290 2644 2359 2697 τὰ
2397 2646 2454 2698 ὲν
2496 2649 2562 2716 τῇ
2597 2647 2718 2720 θείᾳ
2764 2649 3019 2719 προθέσει
3047 2652 3219 2722 δῶρα,
3261 2653 3349 2716 ὡς
3383 2653 3732 2724 ἀφιερωμένα

2155 2734 2309 2805 Θεῷ,
2364 2739 2454 2791 καὶ
2489 2739 2564 2803 ὡς
2595 2740 2744 2808 αὐτῷ
2780 2743 3180 2814 προσαχθέντα.
3216 2746 3323 2799 καὶ
3352 2746 3428 2811 ὡς
3475 2745 3731 2799 ἁντὶτυπα

2157 2828 2421 2895 γεγονότα
2467 2829 2561 2883 τοῦ
2606 2833 2878 2901 παναγίου
2919 2834 3172 2904 σώματός
3222 2852 3282 2889 τε
3348 2840 3445 2892 καὶ
3487 2837 3727 2906 αἳματος,

2157 2917 2256 2989 τὴν
2284 2920 2452 2990 εὐχὴν
2482 2921 2586 2991 τῆς
2617 2924 2992 2996 προσκομιδῆς
3021 2926 3291 2995 ἐπιλέγει,
3349 2931 3444 2985 καὶ
3472 2928 3563 2982 τὸν
3601 2927 3727 2980 Θεὸν

2158 3012 2251 3063 xal
2288 3011 2509 3085 Πατέρα
2547 3013 2897 3070 ἐπικαλεῖται
2946 3017 3041 3071 τὸν
3090 3019 3228 3089 πρὸς
3276 3022 3431 3090 ἡμᾶς
3472 3020 3565 3073 τὸν
3608 3017 3725 3071 Υῐὸν

486 3106 706 3163 illorum
783 3125 1005 3184 propter
1054 3134 1195 3187 quos
1247 3122 1363 3177 haec
1415 3125 1729 3181 obtulerunt
1773 3144 1788 3193 ;
1847 3143 2056 3183 necnon

2162 3104 2325 3158 αὑτοῦ
2376 3107 2795 3172 ἀποστείλαντα,
2832 3109 2925 3164 τὸν
2974 3111 3303 3180 ἐπουράνιον
3349 3113 3537 3182 ἄρτον,
3584 3110 3724 3163 εὐλο-

486 3203 864 3261 sacriticantes
918 3209 971 3263 in
1022 3212 1425 3271 sacriﬁcatione
1509 3216 2062 3287 irreprehensibiliter

484 3292 787 3348 custodiat.
822 3294 882 3349 Et
922 3297 1004 3353 sic
1039 3299 1386 3357 absolutione
1416 3302 1581 3366 facta,
1631 3305 1803 3375 ipsam
1832 3306 2064 3361 oblatio—

489 3399 616 3438 nem
646 3402 967 3460 sacramque
1029 3407 1275 3449 mensam
1310 3396 1617 3463 thuriﬁcat;
1659 3397 1857 3453 deinde
1882 3415 2063 3455 sacer-

489 3475 697 3531 dotium
763 3488 935 3534 totum
988 3500 1004 3549 ;
1081 3483 1469 3542 demonstrans
1528 3503 1593 3543 ex
1658 3488 1770 3543 Deo
1831 3491 2062 3560 primam

492 3569 885 3626 charismatum
939 3574 991 3629 in
1038 3578 1249 3631 sanctis
1303 3592 1428 3634 esse
1481 3581 2060 3650 communicationem,

490 3672 547 3715 et
567 3678 662 3730 per
688 3674 911 3723 sanctos
938 3668 991 3723 in
1014 3670 1248 3726 caeteris.
1277 3671 1490 3727 Etenim
1520 3674 1773 3730 novimus
1796 3677 2064 3745 quosdam

493 3758 809 3813 universum
840 3762 1100 3830 templum
1141 3775 1196 3819 et
1228 3767 1484 3835 populum
1537 3767 1944 3833 thuriﬁcantes,
2007 3780 2069 3825 ut

494 3860 717 3907 sanctus
758 3852 833 3906 ait
859 3853 1171 3925 Dionysius,
1202 3857 1416 3923 dicens,
1458 3865 1602 3930 quod
1675 3873 1802 3919 ante
1859 3865 2069 3920 sacriti-

495 3944 765 3998 nationem
796 3945 865 3999 ab
898 3946 1055 4000 altari
1118 3947 1331 4005 sumtus
1380 3952 1665 4019 perﬁcitur
1697 3956 1750 4009 in
1780 3956 1894 4010 aede
1954 3967 2065 4011 t0ta

493 4043 551 4088 et
581 4036 776 4090 iterum
804 4038 871 4090 ad
898 4038 1070 4093 altare
1091 4040 1429 4111 regreditur;
1457 4047 1712 4113 quoniam
1736 4047 2066 4117 principium

495 4136 552 4180 ct
580 4126 701 4184 ﬁnis
736 4130 999 4185 honorum
1028 4142 1111 4187 est
1161 4131 1325 4202 Deus,
1380 4134 1546 4205 hujus
1601 4146 1784 4193 autem
1839 4141 2071 4194 thronus

494 4212 736 4274 et’scdes
773 4229 856 4277 est
885 4222 1073 4278 altare.
1105 4222 1230 4280 Ideo
1267 4227 1497 4281 inomni
1555 4228 1962 4285 thuriﬁcatione
1997 4230 2070 4285 ita

2161 3198 2331 3265 γῆσαι
2362 3199 2431 3252 τὰ
2464 3200 2821 3269 προτεθέντα,
2868 3203 2965 3257 καὶ
3004 3204 3413 3274 προσδέξασθαι
3443 3202 3615 3257 ταῦτα
3652 3201 3726 3262 εἰς

2160 3288 2221 3340 τὸ
2247 3289 2648 3361 ὑπερουράνιον
2674 3292 2869 3346 τούτου
2908 3293 3328 3363 θυσιαστήριον,
3366 3289 3728 3364 μνημονεῦσαί

2161 3397 2223 3434 τε
2271 3382 2380 3435 τῶν
2437 3384 2953 3455 προσενεγκάντων,
3008 3387 3103 3440 καὶ
3147 3387 3281 3450 τῶν,
3321 3387 3392 3441 δι’
3436 3385 3532 3447 οὓς
3568 3382 3730 3437 ταῦτα

2162 3476 2545 3545 προσήγαγον,
2607 3477 2705 3531 καὶ
2772 3478 2901 3541 τοὺς
2960 3478 3391 3549 ῖερουργοῦντας
3451 3478 3512 3532 δέ
3565 3477 3623 3529 ἐν
3668 3474 3728 3541 τῇ

2169 3568 2451 3639 ἱερουργία
2527 3570 2936 3642 ἀκατακρίτους
2993 3571 3349 3639 διαφυλάξαι.
3420 3572 3531 3625 Kal
3598 3566 3731 3620 οὕτω

2166 3663 2404 3731 ποιήσας
2440 3660 2727 3727 ἀπόλυσιν,
2760 3663 2933 3732 αὑτήν
2980 3679 3041 3716 τε
3084 3663 3184 3735 τήν
3214 3661 3613 3735 προσκομιδὴν,
3645 3658 3733 3711 καὶ

2164 3751 2265 3823 τὴν
2300 3753 2451 3821 ἱερὰν
2473 3750 2752 3822 τράπεζαν
2780 3750 3138 3822 σταυροειδῶς
3161 3752 3336 3823 θυμιᾷ
3357 3769 3372 3784 ·
3407 3746 3524 3805 εἶτα
3560 3747 3649 3802 καὶ
3677 3744 3732 3797 τὸ

2169 3844 2436 3913 ἱερατεῖον
2453 3844 2592 3899 ὅλον·
2616 3848 2829 3910 δεικνὺς
2845 3846 2942 3917 τὴν
2973 3848 3035 3900 ἐκ
3054 3846 3217 3916 108
3240 3846 3340 3899 τοῦ
3365 3844 3499 3899 Θεοῦ
3520 3841 3733 3914 πρώτην

2166 3936 2277 3990 τῶν
2308 3937 2668 4009 χαρισμάτων
2706 3942 2765 3993 ἐν
2799 3940 2914 4003 τοῖς
2951 3939 3130 4008 ἁγίοις
3166 3940 3481 4007 μετάδοσιν,
3518 3936 3609 3989 καὶ
3653 3930 3733 3984 διὰ

2167 4028 2278 4083 τῶν
2309 4029 2482 4099 ἁγίων
2512 4032 2568 4084 ἐν
2597 4032 2712 4094 τοῖς
2760 4031 2989 4094 λοιποῖς.
3040 4032 3153 4087 Kal
3193 4030 3305 4114 γάρ
3348 4029 3564 4100 εἴδομέν
3591 4037 3733 4084 τινας

2169 4124 2267 4177 καὶ
2297 4124 2389 4177 τὸν
2420 4124 2547 4177 ναὸν
2581 4123 2764 4178 πάντα
2794 4123 2890 4177 καὶ
2923 4123 3015 4177 τὸν
3042 4123 3170 4176 λαὸν
3198 4112 3534 4193 θυμιῶντας.
3571 4118 3735 4183 Ὅπερ
3796 4112 3803 4125 ¹

2170 4216 2266 4269 καὶ
2291 4216 2320 4268 ό
2354 4217 2502 4287 ἱερός
2524 4234 2659 4289 φησι
2689 4218 2989 4283 Διονύσιος,
3023 4218 3107 4271 ὅτι
3141 4216 3250 4286 πρὸ
3273 4218 3377 4285 τῆς
3407 4208 3735 4281 λειτουργίας

502 4312 561 4366 tit
593 4330 607 4365 ι
638 4313 710 4369 ab
737 4314 893 4370 altari
919 4331 1141 4372 sumens
1172 4318 1386 4372 initium
1414 4320 1775 4389 thuriﬁcator,
1809 4323 1875 4379 ad
1937 4323 2068 4378 illttd

2170 4308 2280 4362 άπὸ
2312 4306 2408 4363 τοῦ
2438 4310 2835 4380 θυσιαστηρίου
2876 4309 2935 4364 τὸ
2971 4308 3228 4379 θυμίαμα
3255 4310 3494 4362 τελεῖται
3526 4302 3735 4373 γινόμε-

498 4406 711 4460 reducit
759 4408 944 4463 ﬁnem.
974 4408 1245 4475 Quoniam
1280 4422 1459 4465 autem
1507 4412 1712 4468 Christi
1766 4426 1930 4485 typus
1984 4426 2070 4470 est

2172 4416 2260 4453 νον
2285 4401 2343 4453 ἐν
2369 4400 2478 4470 ὅλῳ
2510 4401 2588 4470 τῷ
2616 4403 2775 4472 οἴκῳ,
2808 4403 2905 4455 καὶ
2949 4402 3114 4454 πάλιν
3150 4402 3231 4464 εἰς
3259 4401 3322 4453 τὸ
3354 4394 3751 4485 θυσιαστήριογ-
3886 4434 3893 4441 .

505 4497 945 4563 archisacerdos,
994 4508 1051 4554 et
1104 4501 1277 4571 ipsius
1327 4504 1567 4570 potentia
1620 4467 1851 4569 ditatndr:
1903 4514 2069 4576 atque

2172 4467 2482 4565 ἀνέρχεται.
2523 4467 2676 4547 Ἐπεὶ
2725 4467 2881 4564 ’ἁρχὴ
2934 4495 3032 4549 καὶ
3082 4494 3238 4555 τέλος
3285 4493 3398 4547 τῶν
3449 4486 3665 4558 ἀγαθῶν
3706 4480 3734 4533 ὃ

496 4587 663 4642 etiam
694 4588 875 4643 omnis
903 4587 1213 4642 animarum
1248 4600 1512 4660 patronus
1535 4590 1813 4647 Christum
1848 4594 2068 4665 ﬁgurat,

2171 4584 2340 4648 Θεός·
2367 4585 2559 4639 τούτου
2589 4586 2647 4640 δὲ
2683 4585 2873 4657 θρόνος
2904 4588 3000 4641 καὶ
3043 4589 3209 4651 τόπος
3238 4586 3298 4640 τὸ
3332 4580 3731 4675 θυσιαστήριονί

498 4678 556 4731 in
592 4678 677 4733 his
711 4694 935 4751 quoque
958 4672 1103 4736 istud
1133 4679 1436 4737 invenitur.
1479 4681 1721 4739 Primum
1783 4685 1929 4741 enim
1984 4700 2072 4739 ar-

2170 4676 2266 4729 Διδι
2296 4677 2389 4729 καὶ
2420 4676 2480 4731 ὲν
2509 4679 2673 4732 παντὶ
2704 4677 3015 4748 θυμιάματι
3042 4677 3186 4732 οὕτω
3227 4677 3438 4746 γίνεται
3459 4690 3478 4708 ο
3513 4670 3617 4725 άπὸ
3643 4670 3732 4718 τοῦ

499 4769 853 4827 chisacerdos
912 4772 1196 4826 incensum
1237 4772 1439 4843 signat,
1484 4782 1545 4828 ut
1584 4774 1715 4829 illud
1750 4771 1863 4829 Deo
1885 4774 2069 4847 proie-

2174 4767 2568 4840 θυσιαστηρίου
2598 4771 2627 4824 ὁ
2675 4768 2889 4840 θυμιῶν
2932 4770 3044 4842 γάρ
3083 4768 3407 4841 ἀρχόμενος,
3460 4762 3619 4819 πάλιν
3658 4756 3734 4817 εἷς

501 4876 652 4925 rens,
682 4878 745 4917 ac
780 4871 896 4931 post
927 4877 1138 4917 sacram
1176 4858 1424 4919 mensam
1459 4872 1756 4921 etsanctas
1779 4867 2068 4937 imagines,

500 4954 711 5021 primus
766 4953 883 5023 ipse
945 4940 1317 5022 thuriﬁcatur,
1376 4963 1430 5009 et.
1484 4955 1681 5012 deinde
1730 4958 1951 5024 caeteri;
2017 4965 2074 5015 et

499 5055 627 5114 post
654 5061 867 5109 omnes,
900 5046 1018 5116 ipse
1053 5060 1282 5114 rursus;
1316 5062 1440 5102 nam
1493 5048 1584 5103 ille
1632 5050 1958 5121 principium
2012 5060 2074 5107 et.

503 5138 629 5194 linis
685 5147 771 5194 est
799 5153 1083 5193 sacrarum
1142 5139 1444 5208 actionum,
1483 5141 1903 5213 divinorumque
1938 5145 2075 5199 cha-

504 5231 787 5283 rismatum
820 5230 1256 5285 communicatur
1287 5247 1303 5297 ;
1341 5243 1395 5287 et
1423 5234 1489 5288 ad
1514 5233 1664 5289 illius
1687 5220 2072 5299 imitationem,

503 5318 558 5372 itt
633 5318 718 5373 his
769 5318 864 5387 qui
933 5319 1134 5373 habent
1198 5335 1457 5375 manuum
1524 5322 2075 5378 archisacerdotalent

508 5411 905 5479 impositionem
934 5420 989 5465 et
1017 5420 1279 5480 praesunt,
1313 5413 1417 5470 hoc
1465 5414 1579 5470 ﬁeri
1614 5416 1917 5470 censuerit.
1952 5416 2079 5469 Haec

506 5512 687 5554 autem
748 5498 1077 5556 thuriﬁcatin
1126 5518 1191 5557 ex
1250 5504 1408 5560 initio
1488 5505 1907 5561 sacriﬁcationis
1969 5520 2076 5560 non

509 5592 687 5645 solum
715 5591 880 5657 intus,
911 5595 1005 5649 sed
1039 5595 1200 5649 etiam
1234 5597 1601 5663 extrinsecus,
1635 5612 1691 5652 et
1747 5599 1801 5651 in
1838 5596 2078 5652 maxima

508 5684 1085 5740 Thessalonicensium
1164 5690 1392 5745 ecclesia
1487 5691 1656 5745 videri
1726 5701 1907 5758 potest
1957 5704 2081 5745 esse

513 5774 654 5830 facta
688 5791 701 5827 ;
731 5774 782 5829 in
838 5778 1013 5846 primo
1072 5796 1239 5838 sacrm
1287 5783 1519 5852 litnrgite
1567 5783 1715 5838 aditu
1759 5780 1970 5839 sumtus
2018 5796 2081 5839 cx

2174 4859 2317 4915 αὐτὸ
2339 4861 2671 4932 καταλήγει.
2717 4861 2871 4916 Ἐπεὶ
2896 4862 2953 4917 δέ
2984 4863 3079 4915 καὶ
3105 4860 3278 4923 τύπος
3307 4857 3547 4931 Χριστοῦ
3574 4853 3602 4906 ό
3640 4848 3733 4917 ἁρ-

2173 4954 2418 5024 χιεραὺς,
2466 4952 2562 5006 καὶ
2604 4952 2705 5023 τὴν
2733 4952 2902 5007 αὑτοῦ
2939 4953 3190 5007 πλουτῶν
3217 4956 3334 5009 ἐστι
3364 4951 3611 5016 δύναμιν,
3642 4935 3733 4991 καὶ

2176 5046 2259 5100 ἔτι
2290 5047 2399 5109 πᾶς
2429 5046 2740 5116 προστάτης
2768 5045 2961 5116 ψυχῶν
2986 5045 3078 5098 τὸν
3111 5047 3345 5115 Χριστόν
3374 5046 3522 5096 ἐστιν
3549 5029 3731 5088 είκονίυ

2178 5136 2323 5203 ζων*
2372 5138 2469 5192 καὶ
2499 5139 2559 5190 ὲν
2606 5137 2795 5202 αὐτοῖς
2842 5137 3001 5193 τοῦτο
3040 5139 3274 5205 γίνεται.
3323 5133 3545 5205 Πρῶτον
3579 5118 3731 5193 γάρὸ

2178 5231 2470 5301 ἀρχιερεὺς
2512 5230 2606 5284 καὶ
2636 5229 2697 5284 τὸ
2726 5230 2980 5299 θυμίαμα
3015 5227 3306 5298 σφραγίζει
3352 5225 3427 5287 ὡς
3455 5218 3731 5287 προσάγων

2180 5322 2342 5376 τοῦτο
2388 5322 2508 5389 Θεῷ
2530 5335 2545 5350 '
2579 5324 2676 5375 κα)⁹
2710 5322 2849 5389 μετὰ
2873 5319 2971 5390 τὴν
3009 5319 3162 5388 ίερὰν
3190 5314 3467 5390 τράπεζαν
3508 5307 3600 5363 καὶ
3640 5301 3730 5359 τὰς

2179 5414 2342 5481 ἁγίας
2377 5414 2597 5476 εἰκόνας
2646 5415 2862 5485 πρῶτος
2906 5416 3070 5479 αὐτὸς
3124 5415 3423 5483 θυμιᾶταιο
3460 5406 3643 5457 ἔπειτα
3683 5392 3729 5485 Ol

2180 5507 2395 5560 λοιποίο
2447 5508 2544 5560 καὶ
2594 5484 2732 5577 μετὰ
2770 5510 3003 5572 πάντας,
3030 5507 3194 5563 πάλιν
3240 5504 3425 5565 αὑτός.
3470 5492 3617 5586 Ἐπξὶ
3645 5484 3730 5586 κς)-

2182 5599 2326 5668 ἀρχῆ
2372 5598 2468 5652 καὶ
2497 5598 2652 5662 τέλος
2685 5593 2842 5662 οὗτος
2871 5600 2982 5652 τῶν
3014 5598 3178 5668 ἱερῶν
3208 5595 3484 5667 πράξεων,
3514 5582 3601 5639 καὶ
3632 5582 3731 5629 τῶν

2184 5686 2345 5740 θείων
2372 5688 2734 5757 χαρισμάτων
2784 5688 3167 5756 μεταδοτικόςο
3204 5688 3299 5740 καὶ
3337 5677 3481 5739 κατὰ
3520 5670 3731 5741 μίμησιν

2194 5779 2384 5837 τούτου
2414 5780 2505 5837 καὶ
2543 5782 2599 5835 ὲν
2628 5784 2735 5845 τοῖς
2782 5779 3119 5849 χειροτονίαν
3150 5767 3539 5850 ἀρχιερατικὴν
3570 5760 3731 5833 gPw"
