4038 6432
263 319 364 382 289

1481 319 1579 380 DE
1620 317 1864 385 SACBA
1906 320 2310 386 LlTURGiA.

3417 329 3528 392 9‘0

257 429 695 502 καθηγουμένοις
726 427 885 484 τοῦτο
914 430 1167 497 γίνεσθαι
1201 429 1344 496 ἔθος.
1373 432 1447 485 Τδ
1469 433 1523 487 δὲ
1551 432 1754 506 θυμιᾷν
1779 435 1827 500 ἐξ

1943 435 2103 490 altari
2136 438 2306 493 sumit
2340 439 2583 508 initium,
2620 456 2684 497 ac
2713 457 2810 513 per
2844 443 3024 515 ipsum
3059 443 3327 500 diaconus
3360 460 3531 500 evan—
3554 423 3567 439 ’

254 527 432 599 ἀρχῆς
485 526 581 592 τῆς
623 526 938 595 ἱερουργίας
987 527 1050 579 οὐ
1105 527 1266 595 μόνον
1315 527 1484 590 ἔνδον,
1550 529 1689 580 ἀλλὰ
1742 531 1836 583 καὶ

252 618 478 685 ἔξωθεν,
514 617 609 669 καὶ
654 616 716 670 ὲν
744 618 808 686 τῇ
847 617 1083 688 μεγίστῃ
1123 617 1234 671 τῶν
1268 618 1714 673 Θεσσαλονικέων
1740 622 1829 673 ὲκο

252 710 457 780 πλησία⁵
510 708 661 763 εστιν
718 710 845 762 ίδεῖν
897 711 1210 779 γινόμενον,
1257 711 1315 763 ὲν
1367 713 1434 781 τῇ
1492 711 1685 782 πρώτῃ
1736 711 1835 779 τῆς

251 803 406 873 ἱερᾶς
444 800 786 871 λειτουργίας
844 801 1035 871 είσόδῳ
1083 801 1351 872 θυμιατοῦ
1390 804 1455 856 ix
1488 803 1585 856 τοῦ
1638 807 1832 856 θυσια-

250 892 481 964 στηρίου
514 893 879 963 ἐξερχομένων
912 892 981 946 δι’
1003 887 1065 947 οὐ
1096 896 1123 946 ό
1153 892 1421 959 διάκονος,
1449 896 1544 948 καὶ
1568 894 1629 947 τὸ
1660 895 1835 962 Εὐαγ-

248 984 433 1054 γέλιον
490 986 585 1036 καὶ
612 984 703 1036 τὸν
738 984 1024 1054 ἀρχιερέα,
1061 985 1153 1037 καὶ
1190 985 1317 1047 τοὺς
1348 984 1832 1055 συλλειτουργοῦν-

246 1092 353 1140 τας
389 1075 537 1145 αὐτῷ
588 1075 921 1145 ίερωμένους
957 1074 1151 1146 θυμιᾷ.
1184 1078 1251 1128 Ὀ
1289 1076 1443 1145 δηλοῖ
1478 1077 1577 1147 τὴν
1604 1077 1700 1132 ἀπ’
1735 1078 1831 1131 οὐ-

250 1168 419 1240 ρανοῦ
444 1169 609 1238 χάριν
654 1170 749 1222 καὶ
787 1166 1000 1239 δωρεὰν
1038 1168 1370 1239 ἐκχυθεῖσαν
1404 1169 1481 1240 τῷ
1511 1170 1708 1241 κόσμῳ
1742 1169 1833 1225 διὰ

258 1263 439 1333 Ἰησοῦ
471 1261 707 1332 Χριστού
762 1263 856 1316 καὶ
908 1261 1138 1316 εὐωδίαν
1194 1261 1291 1315 τοῦ
1345 1262 1685 1332 Πνεύματος,
1735 1262 1832 1317 καὶ

257 1355 423 1409 πάλιν
462 1358 540 1418 εἰς
587 1356 679 1407 τὸν
726 1354 956 1425 οὐρανὸν
990 1353 1056 1407 δι’
1090 1352 1260 1408 αὐτοῦ
1315 1355 1668 1424 ἀναχθεῖσαν.
1722 1354 1833 1408 Καὶ

182 1500 187 1511 ,η
242 1446 405 1500 τοῦτο
463 1447 697 1500 πάντοτε
744 1448 880 1516 ἡμῖν
944 1445 1034 1500 διὰ
1068 1445 1247 1516 Ἰησοῦ
1308 1444 1549 1515 Χριστοῦ
1598 1446 1829 1515 γίνεται.

242 1539 329 1592 Τά
378 1538 475 1608 μὲν
521 1535 615 1592 οὖν
668 1540 798 1606 περὶ
845 1538 948 1607 τῆς
1022 1538 1400 1609 προσκομιδῖκ
1464 1538 1650 1605 οὕτω,
1686 1543 1747 1594 ὲν

242 1634 341 1688 καὶ
372 1634 569 1695 πάντες
616 1631 980 1701 πρεσϐύτεροί
1030 1649 1087 1685 τε
1144 1633 1519 1703 προσφέρουσι
1570 1634 1701 1705 περὶ
1748 1628 1833 1689 ὧν

240 1727 430 1797 χρεία,
475 1726 566 1777 καὶ
608 1724 846 1794 μάλιστα
874 1724 982 1776 τῶν
1015 1725 1114 1790 τὴν
1140 1725 1337 1795 ἑορτὴν
1372 1726 1677 1781 τελούντων
1736 1729 1833 1794 καὶ

240 1817 338 1872 τοῦ
385 1817 709 1888 ἀρχιερέως,
750 1818 847 1869 καὶ
874 1810 949 1868 ὧν
993 1817 1209 1888 ἀνάγκη
1242 1817 1449 1872 λοιπῶν
1471 1833 1485 1848 ·
1517 1820 1612 1871 καὶ
1640 1819 1690 1871 οί
1717 1819 1834 1872 διά-

243 1927 392 1965 κονοι
447 1910 502 1961 δὲ
552 1911 751 1971 πάντες
797 1908 886 1961 διά
932 1908 1043 1963 τῶν
1094 1910 1507 1980 πρεσϐυτέρων.
1539 1911 1673 1965 Οὐδὲ
1719 1911 1830 1982 γάρ

246 2002 403 2071 θέμις
458 2005 797 2072 προσφέρειν
846 2001 1132 2067 διακόνους
1178 2003 1250 2056 δι’
1296 2003 1534 2061 ἑαυτῶν.
1577 2004 1732 2057 Ἐπεὶ
1767 2004 1830 2057 τὸ

251 2096 496 2165 χάρισμα
522 2095 579 2146 τὸ
612 2096 1013 2165 προσκομίζειν
1045 2095 1165 2164 Θεῷ
1197 2098 1299 2149 οὐκ
1342 2097 1549 2168 ἔχουσι.
1577 2099 1832 2151 Διάκονοι

248 2186 355 2254 γάρ
386 2186 511 2242 εἱσι.
548 2184 647 2255 τὴν
675 2185 1057 2255 λειτουργικὴν
1102 2186 1261 2251 ἀξίαν
1294 2187 1509 2258 ἔχοντες
1550 2188 1730 2257 μόνον.
1765 2188 1828 2241 Εί

247 2274 340 2332 οὖν
366 2278 428 2330 οὐ
462 2278 687 2331 δυνατὸν
732 2279 916 2341 αὐτοῖς
951 2279 1224 2351 ἱερατικὸν
1260 2281 1588 2336 ἐνδύσασθαι
1615 2282 1826 2351 ἀμφιον

246 2371 367 2439 δίχα
405 2369 654 2439 εὐλογίας
689 2370 992 2442 ἀρχιερίως
1025 2372 1058 2443 ἢ
1109 2372 1320 2444 ίερέως,
1354 2373 1469 2427 οὐτ’
1496 2372 1829 2445 ἐνάρξασθαι

244 2482 405 2541 τινος,
438 2465 589 2535 ίερᾶς
616 2464 841 2536 τελετῆς
889 2467 1019 2521 ἄνευ
1068 2466 1448 2538 πρεσόυτὲρου
1504 2468 1537 2538 ἢ
1575 2466 1829 2534 εὐλογίας

242 2556 336 2611 τοῦ
371 2559 772 2627 πρεσϐυτέρου,
818 2559 937 2621 πῶς
979 2558 1091 2630 ἄρα
1121 2559 1276 2623 οὗτος
1307 2560 1376 2614 δι’
1421 2558 1617 2614 ἑαυτοῦ
1651 2577 1826 2632 προσ-

237 2650 498 2720 κομίσεις
535 2652 642 2703 Καὶ
672 2653 721 2703 εί
751 2652 780 2705 ὁ
812 2651 996 2706 κανὼν
1044 2654 1381 2724 ἀπαγορεύει
1427 2654 1676 2708 διάκονον
1720 2652 1826 2724 πρὸ

241 2740 331 2795 τοῦ
382 2743 572 2811 ἱερέως
609 2745 907 2817 μετασχεῖν
960 2745 1055 2797 καὶ
1109 2746 1220 2799 τῶν
1255 2748 1458 2816 τιμίων
1502 2747 1694 2815 δώρων
1737 2765 1823 2800 τεο

241 2832 598 2896 λειωθέντων,
647 2836 735 2890 ἵνα
766 2836 964 2907 τηροίη
997 2837 1097 2907 τὴν
1138 2838 1336 2892 ἑαυτοῦ
1375 2839 1529 2903 τάξιν
1563 2840 1821 2907 ἕκαστος,

241 2926 354 2989 πῶς
404 2927 463 2978 ἑν
504 2929 616 2990 τοῖς
658 2928 852 3000 δώροις
902 2931 1268 3001 προσκομίσει
1315 2931 1603 2998 διάκονος;
1643 2935 1735 2987 Διδ
1763 2934 1823 2988 τὸ

242 3020 370 3086 πρὶν
401 3020 688 3087 γινόμενον
720 3023 778 3073 ὲν
810 3022 1208 3094 Θεσσαλονίκῃ,
1244 3024 1340 3077 καὶ
1367 3023 1462 3077 νῦν
1486 3025 1543 3077 ὲν
1574 3024 1653 3095 τῷ
1681 3026 1824 3095 ἁγίῳ

1942 529 2169 597 gelium,
2203 520 2732 597 arcliisaccrdotem,
2765 544 2821 590 et
2855 537 3139 592 ministros
3175 552 3365 592 sacros
3397 552 3524 592 cum

1942 619 2063 688 ipso
2087 620 2363 693 liturgiam
2398 637 2757 694 exi-quentes,
2789 628 3068 683 thuriiicat
3096 646 3111 683 :
3177 628 3321 697 quod
3349 629 3523 699 signi-

1942 708 2068 763 ﬁrat
2105 712 2294 766 ectelo
2326 714 2557 781 gratiam
2592 726 2646 770 et
2705 718 2910 771 donum
2976 719 3267 774 devenisse
3317 719 3525 775 mundo

1939 813 2036 869 per
2070 798 2260 855 Jesum
2291 803 2572 887 Christum
2630 820 2680 862 et
2722 808 2926 864 bonum
2977 809 3215 880 Spiritus
3273 811 3520 871 odorem,

1939 903 1995 946 ct
2036 892 2238 949 iterum
2271 897 2337 949 ad
2370 897 2569 952 caelum
2603 915 2698 968 per
2734 902 2912 971 ipsum
2964 918 3086 957 esse
3145 904 3359 958 sublata
3390 920 3405 968 ;
3466 916 3522 959 et

1938 983 2043 1039 hoc
2068 999 2287 1057 semper
2309 988 2469 1045 nobis
2502 990 2559 1044 iit
2629 1007 2726 1062 per
2790 992 2976 1051 Jesum
3022 994 3329 1049 Christum.
3390 994 3521 1061 Quae

1936 1076 2081 1132 circa
2134 1078 2465 1135 oblationem
2516 1085 2673 1149 tiunt,
2731 1085 2805 1138 ita
2864 1100 2925 1140 se
2974 1086 3176 1140 habent
3243 1103 3257 1141 :
3306 1087 3359 1141 in
3409 1104 3518 1157 qua

1936 1184 2071 1226 sane
2094 1172 2261 1227 etiam
2294 1174 2480 1229 cuncti
2536 1176 2840 1249 presbyteri
2872 1193 2974 1247 pro
3033 1179 3120 1234 iis.
3181 1180 3382 1247 quibus
3437 1190 3521 1235 est

1935 1274 2095 1327 opus,
2121 1259 2408 1330 oﬁ'erunt;
2466 1266 2770 1334 praesertim
2828 1281 2961 1321 vero
3017 1267 3319 1338 profestum
3378 1269 3522 1323 erle-

1935 1349 2242 1418 brantibus,
2271 1352 2500 1424 ipsoque
2532 1356 2808 1425 pontifice,
2848 1372 2912 1412 ac
2950 1358 3211 1428 deinceps
3268 1359 3515 1428 reliquis,

1934 1441 2138 1510 quibus
2167 1457 2392 1499 necesse
2434 1455 2539 1499 est.
2574 1444 2842 1502 Similiter
2878 1463 3069 1502 omnes
3102 1449 3317 1504 diaconi
3381 1451 3515 1504 olfe-

1935 1542 2065 1588 runt
2097 1550 2193 1603 per
2221 1536 2597 1607 presbyteros.
2640 1538 2828 1608 Neque
2854 1540 2998 1594 enim
3030 1541 3112 1596 fas
3143 1550 3227 1596 est
3269 1542 3517 1598 diacuiiis

1950 1635 2047 1689 per
2067 1637 2127 1675 se
2152 1621 2306 1691 ipsos
2332 1623 2527 1679 olferrc
2565 1627 3047 1697 ;quandoquidem
3109 1631 3313 1684 donum
3378 1634 3518 1686 οπε-

1934 1712 2090 1766 rendi
2128 1712 2239 1769 Deo
2296 1732 2404 1769 non
2460 1718 2704 1781 habent;
2764 1720 3036 1791 siquidem
3087 1723 3303 1778 diaconi
3364 1736 3515 1791 sunt,

1936 1803 2229 1860 ministerii
2262 1806 2531 1877 dignitate
2569 1818 2778 1864 tantum
2807 1813 3039 1880 praediti.
3086 1813 3140 1868 Si
3173 1816 3343 1886 igitur
3398 1817 3515 1871 ﬁeri

1935 1911 2045 1950 non
2092 1892 2274 1965 potest
2306 1910 2365 1954 ut
2423 1902 2524 1972 ipsi
2559 1905 2900 1982 sacerdotale
2958 1909 3347 1963 vestimentum
3399 1912 3517 1965 sine

1932 1991 2214 2059 pontiﬁcis
2238 2003 2335 2047 aut
2390 1997 2699 2053 sacerdotis
2732 1998 3117 2055 benedictione
3147 2002 3391 2061 induant
3424 2013 3519 2060 aut

1934 2083 2106 2137 ullum
2133 2098 2357 2140 sacrum
2380 2089 2704 2157 mysterium
2728 2090 2848 2145 sine
2876 2092 3196 2161 presbytero
3225 2094 3512 2161 inchoent,

1932 2191 2169 2247 quanam
2202 2178 2419 2239 ratione
2449 2195 2547 2248 per
2574 2195 2634 2235 se
2665 2181 2813 2251 ipsos
2844 2183 3081 2238 oﬂercnt
3109 2186 3132 2238 ‘i
3164 2186 3226 2239 Et
3250 2188 3294 2240 si
3332 2203 3510 2242 canon

1932 2279 2081 2323 vetat
2138 2270 2433 2325 diaconum
2492 2282 2621 2326 ante
2680 2275 3023 2331 sacerdotem
3101 2280 3512 2334 communionis

1939 2360 2262 2431 participem
2290 2361 2430 2427 fieri,
2464 2366 2717 2432 quamvis
2788 2350 3051 2437 praiclara
3125 2385 3349 2425 munera
3400 2372 3514 2427 sint

1942 2464 2293 2521 consecrata,
2322 2467 2380 2509 ut
2404 2458 2635 2525 quilibet
2657 2475 2818 2513 suum
2848 2462 3075 2529 gradum
3108 2475 3309 2529 servet,
3376 2481 3514 2534 quo-

1930 2548 2096 2601 modo
2142 2548 2198 2602 in
2253 2548 2533 2604 oblatione
2595 2565 2883 2605 munerum
2953 2554 3221 2610 diaconus
3274 2556 3513 2612 oﬂ‘eret?

1930 2634 2056 2690 Ideo
2091 2637 2238 2707 quod
2281 2639 2435 2708 prius
2468 2638 2671 2693 factum
2698 2648 2783 2695 est
2815 2640 3223 2699 Thessalonica:
3259 2656 3313 2701 et
3365 2663 3512 2703 nunc

1930 2730 1989 2783 tit
2014 2728 2068 2783 iu
2118 2744 2277 2784 sacro
2311 2741 2497 2785 monte
2528 2730 2694 2798 Atho,
2730 2748 2835 2787 non
2868 2741 2954 2788 est
2993 2734 3131 2790 bene
3188 2737 3508 2794 ordinatum

1932 2834 2035 2873 nec
2059 2835 2416 2875 conveniens.
2476 2820 2540 2877 Et
2580 2835 2748 2893 super
2811 2823 2914 2878 hoc
2953 2836 3035 2878 est
3085 2826 3507 2885 attendendum.

1928 2915 1987 2970 Si
2026 2914 2153 2985 quis
2185 2925 2368 2968 autem
2426 2914 2783 2971 diaconoruin
2839 2916 3088 2987 proferre
3141 2917 3275 2973 velit
3321 2930 3510 2989 partes

1926 3010 1997 3064 ob
2035 3008 2300 3074 debitum,
2334 3023 2431 3079 per
2478 3008 2837 3079 presbyteros
2864 3008 2968 3063 hoc
3009 3009 3195 3074 faciat,
3235 3014 3512 3068 retinente

239 3109 353 3179 δρει
379 3110 457 3179 τῷ
480 3111 652 3182 Ἄθῳ,
671 3113 729 3165 τὸ
754 3114 1038 3178 διακόνους
1065 3116 1530 3186 προσφέρειν,οὐκ
1555 3115 1817 3172 εὔτακτον

1931 3100 2149 3170 quidem
2188 3101 2510 3170 presbytero
2541 3100 2878 3155 oblationem
2909 3108 2964 3155 et
2998 3110 3226 3163 sortem.
3260 3111 3315 3156 et
3370 3117 3500 3172 pro—

240 3202 348 3255 οὐδ’
373 3202 653 3271 ἁρμόδιον.
692 3204 801 3257 Καὶ
833 3207 1167 3275 προσεκτέον
1210 3206 1272 3260 τὸ
1314 3208 1443 3276 περι⁸
1490 3208 1711 3265 τούτου.
1757 3211 1825 3265 Et

242 3310 322 3355 τις
364 3292 421 3345 δὲ
456 3294 563 3346 τῶν
603 3293 870 3349 διακόνων
902 3297 1244 3368 προσφέρειν
1282 3298 1531 3368 βούλοιτο
1577 3300 1697 3371 Θεῷ
1726 3318 1821 3369 με·

245 3385 393 3455 ρίδας
448 3386 568 3439 κατ’
624 3388 886 3458 ὀιρειλὴν,
948 3389 1037 3442 διὰ
1085 3390 1179 3443 τοῦ
1235 3390 1619 3461 πρεσϐυτέρου
1663 3393 1822 3447 τοῦτο

240 3479 503 3534 ποιείτω·
557 3482 914 3550 κατέχοντος·
958 3483 1059 3552 μὲν
1117 3483 1216 3537 τοῦ
1277 3486 1659 3555 πρεσϐυτέρου
1720 3488 1821 3556 τὴν

247 3574 563 3644 προσφοράν
592 3576 688 3628 καὶ
718 3575 817 3646 τὴν
861 3576 1089 3645 λόγχην,
1140 3578 1236 3629 καὶ
1268 3578 1328 3629 ὲν
1355 3576 1434 3646 τῷ
1463 3578 1683 3645 ἐξάγειν
1720 3581 1821 3646 τὴν

253 3669 443 3737 μερίδα
476 3668 753 3735 λέγοντος,
790 3687 809 3721 t
855 3668 1181 3737 Πρόσδεξαι,
1230 3667 1428 3739 Κύριε,
1484 3671 1583 3739 τὴν
1631 3670 1823 3724 θυσίαν

247 3759 450 3829 ταύτην
482 3761 625 3832 ὑπὲρ
657 3761 750 3815 τοῦ
794 3762 987 3825 δεῖνος.
1020 3763 1188 3831 τιμῆς
1222 3764 1321 3832 μὲν
1356 3762 1454 3816 καὶ
1499 3765 1724 3833 μνήμης
1772 3762 1827 3814 εἴ

245 3869 390 3917 τινος
414 3854 523 3906 τῶν
552 3854 747 3921 ἁγίων,
775 3852 1010 3924 ἱλασμοῦ
1044 3853 1102 3906 δὲ
1135 3855 1231 3925 καὶ
1258 3853 1507 3923 άφὲσεώς
1538 3871 1687 3918 τινος
1714 3853 1822 3907 τῶν

244 3945 524 4017 ζώντωνῆ
569 3945 916 4000 τεθνεώτων⁹
959 3944 1053 3999 τοῦ
1101 3944 1355 4001 διακόνου
1414 3945 1471 3999 δὲ
1520 3946 1580 4000 ὲν
1611 3946 1823 4018 ἑκάστῃ

248 4038 427 4108 μερίδι
474 4038 743 4100 λέγοντος,
781 4056 799 4089 t
840 4038 1168 4107 Μνήσθητι,
1208 4038 1422 4109 Κύριε.
1469 4040 1611 4109 ὑπὲρ
1652 4039 1822 4108 τιμῆς

244 4131 339 4185 καὶ
373 4131 593 4199 μνήμης
623 4149 640 4181 ι
676 4129 736 4182 οὗ
773 4128 1027 4199 βούλεται
1075 4130 1260 4197 ἁγίου,
1308 4129 1341 4200 ἢ
1391 4130 1530 4199 ὑπὲρ
1575 4131 1822 4199 ἀφέσεως

250 4220 479 4274 ἑκάστου
518 4215 591 4274 ὧν
624 4224 812 4290 χρείαν
849 4220 963 4290 ἔχει
988 4236 1002 4252 ο
1043 4221 1077 4292 ἢ
1129 4222 1332 4292 μᾶλλον
1377 4221 1405 4275 δ
1458 4221 1554 4275 καὶ
1600 4222 1825 4293 ἀκριϐέ-

1927 3194 2153 3249 l'creudo
2181 3204 2391 3262 partem
2420 3193 2639 3248 dicente
2667 3208 2682 3250 :
2723 3209 2744 3244 t
2770 3192 3023 3264 Suscipe,
3060 3194 3305 3259 Domine,
3367 3195 3509 3250 hanc

1926 3290 2163 3344 hostiam
2219 3289 2273 3342 in
2340 3288 2468 3342 talis
2497 3288 2728 3357 gratiam
2770 3288 3036 3354 ;honoris
3062 3287 3282 3360 quidem
3310 3304 3373 3344 ac
3399 3305 3513 3344 me-

1927 3384 2140 3451 moriae,
2170 3383 2215 3437 si
2244 3384 2307 3436 de
2331 3382 2567 3451 quodam
2602 3390 2918 3436 sanctorum
2977 3383 3180 3452 agitur,
3242 3384 3513 3453 propitia-

1927 3478 2093 3531 tionis
2125 3485 2307 3528 autem
2337 3490 2400 3527 ac
2432 3472 2804 3538 remissionis,
2836 3478 2883 3530 εἰ
2904 3474 2971 3528 de
2990 3475 3229 3545 quodam
3256 3477 3507 3530 vivorum

1924 3572 2006 3624 vel
2038 3577 2377 3623 mortuorum
2409 3586 2423 3635 ;
2449 3568 2684 3623 diacono
2713 3580 2900 3623 autem
2931 3570 2998 3624 ad
3058 3583 3511 3640 unamquamque

1923 3671 2132 3731 partem
2156 3661 2373 3715 dicente
2412 3677 2425 3713 :
2462 3660 2757 3724 Memento,
2820 3661 3067 3727 Domine,
3135 3662 3189 3716 iii
3242 3662 3508 3717 honorent

1924 3771 1989 3812 ac
2042 3758 2363 3810 memoriam
2398 3756 2542 3810 illius
2595 3758 2779 3826 (quem
2829 3756 3086 3826 intendit)
3116 3758 3315 3822 sancti,
3339 3761 3419 3812 vel
3454 3761 3508 3814 in

1926 3849 2301 3904 remissionem
2354 3849 2795 3919 uniuscujusque
2857 3865 3049 3904 corum
3108 3852 3309 3922 quibus
3369 3867 3511 3921 upus

1922 3940 2160 4008 est;vel
2190 3940 2335 4010 quod
2414 3940 2612 3996 melius
2680 3950 2735 3996 et
2790 3942 3107 3997 accnratius
3162 3953 3247 3999 est
3305 3945 3509 4010 dicere,

1924 4032 2219 4091 Memento.
2250 4032 2499 4097 Domine,
2526 4048 2691 4102 super
2720 4034 2805 4088 his
2852 4033 2904 4088 in
2940 4050 3080 4103 quos
3113 4043 3197 4090 est
3220 4036 3499 4091 voluntas.

1925 4125 2040 4181 Non
2074 4135 2255 4179 autem
2283 4126 2355 4179 illi
2387 4126 2468 4178 ias
2499 4135 2584 4179 est
2608 4136 2875 4195 pra-senta
2900 4128 3211 4193 sacerdote,
3238 4144 3398 4184 voces
3430 4131 3500 4184 ad

1928 4219 2095 4272 Demn
2131 4218 2404 4274 attollere.
2483 4218 2686 4273 Deinde
2739 4219 2904 4275 datur
2944 4221 3012 4274 ab
3071 4221 3511 4287 archisacerdote

248 4329 439 4383 στερον
486 4314 685 4383 λέγειν,
722 4332 740 4365 ε
783 4314 1071 4384 Μνήσθητι
1102 4355 1118 4379 ,
1174 4316 1449 4380 Δέσποτα,
1483 4332 1501 4367 ι
1554 4316 1695 4387 ὑπὲρ
1748 4310 1825 4370 ὦν

1931 4315 2106 4383 primo
2133 4314 2492 4367 diaconornm
2529 4312 2748 4368 occasio
2776 4313 3138 4368 ministerium
3166 4315 3459 4383 incipiendi
3491 4332 3508 4372 ζ

245 4404 514 4475 βούλεται.
563 4406 697 4459 Οὐδὲ
739 4410 848 4476 γὰρ
894 4406 1048 4460 ἄδεια
1091 4406 1269 4476 τούτῳ
1314 4409 1614 4477 ἀναφέρειν
1684 4409 1822 4479 πρὸς

1931 4421 2035 4461 non
2068 4407 2213 4460 cnim
2241 4405 2451 4474 absque
2510 4407 2630 4474 ipso
2675 4405 2885 4474 aliquid
2941 4402 3055 4459 fieri
3088 4407 3352 4475 possibile
3398 4420 3503 4463 est.

243 4470 373 4549 om
408 4499 507 4559 ei;
534 4470 1054 4569 φωνὰςξπαρόντος
1083 4498 1178 4552 τοῦ
1212 4470 1596 4569 ίέρέωςίέῐτα
1626 4470 1821 4571 καιρὸς

1931 4498 2190 4552 Summus
2219 4499 2475 4551 sacerdos
2501 4495 2662 4550 J.sus
2693 4498 2794 4550 hoc
2832 4501 2909 4551 ait
2967 4510 2983 4550 :
3037 4498 3169 4553 Sine
3229 4514 3314 4553 me
3372 4501 3509 4556 nihil

242 4588 439 4644 δίδοται
490 4591 589 4660 τῆς
650 4592 924 4662 ἑνάρξεως
960 4594 1074 4661 ,τῆς
1125 4590 1473 4659 λειτουργίας
1524 4592 1679 4660 παρὰ
1722 4591 1818 4645 τοῦ

1931 4592 2164 4661 petestis
2196 4590 2397 4644 facere.
2425 4588 2699 4644 Diaconus
2748 4590 2914 4659 igitur
2966 4592 3311 4645 saecrdotem
3344 4594 3511 4647 bene-

242 4683 547 4753 ἀρχιερέως
614 4684 693 4755 τῷ
758 4683 965 4754 πρώτῳ
1014 4683 1125 4738 τῶν
1171 4682 1477 4752 διακόνων.
1528 4683 1663 4736 Οὐδὲ
1710 4686 1820 4754 γὰρ

1931 4684 2109 4738 ιιίειιτε
2143 4683 2377 4737 invitat:
2433 4685 2691 4737 sacerdos
2750 4694 2932 4737 autem
2980 4683 3258 4738 benedicit
3312 4683 3508 4750 Deum,

240 4778 408 4843 χωρὶς
454 4776 617 4831 αὐτοῦ
669 4793 723 4829 τι
771 4775 1111 4845 πράττεσθαι
1141 4774 1388 4828 δυνατόν.
1436 4775 1602 4829 [Caio
1641 4775 1817 4845 μέγας

1931 4778 2161 4848 ipsequi
2200 4777 2330 4833 fecit
2358 4778 2690 4833 oblatioaem
2748 4779 2802 4832 in
2857 4779 3277 4849 prOpusitioue;
3325 4788 3380 4833 et
3433 4780 3508 4833 ita

243 4868 535 4939 ἀρχιερεὺς
599 4869 809 4940 Ἰησοῦς
860 4869 1018 4922 τοῦτό
1066 4884 1227 4939 φησι,
1284 4885 1305 4919 ε
1356 4865 1539 4937 Χωρὶς
1587 4867 1721 4938 εμοῦ
1755 4869 1819 4923 οὐ

1931 4872 2211 4939 loquentia
2249 4872 2423 4934 'ﬂunt,
2463 4871 2607 4924 sicut
2683 4872 2737 4925 in
2787 4870 3235 4941 interpretatione
3280 4872 3513 4942 Iiturgite

238 4958 469 5016 δύνασθε
515 4965 692 5016 ποιεῖν
724 4964 903 5017 οὐδέν.
956 4980 975 5013 ι
1024 4960 1088 5016 '0
1138 4961 1239 5033 μὶν
1288 4955 1383 5014 οὖν
1433 4960 1805 5023 memora.»

1931 4962 2085 5033 iuxta
2114 4960 2258 5018 vires
2281 4962 2996 5032 copiosius-explicavimus.

241 5057 395 5127 ίερέα
445 5055 686 5123 εὐλογεῖν
734 5055 1130 5125 προσκαλεῖται
1152 5070 1169 5088 ⁸
1218 5057 1248 5109 ό
1298 5053 1476 5125 ίερεύς
1507 5054 1565 5108 δε
1594 5053 1813 5122 εὐλογετ
1850 5057 1942 5111 τὸν
1978 5056 2138 5124 Θεὸν,
2169 5055 2335 5119 αὐτὸς
2375 5054 2405 5107 δ
2434 5056 2531 5110 καὶ
2560 5056 2659 5126 τὴν
2726 5055 3105 5126 προσκομιδὴν
3171 5057 3233 5110 ὲν
3264 5058 3332 5127 τῇ
3380 5073 3514 5128 προ,

238 5149 386 5203 θέσει
421 5153 691 5218 ποιησαςο
739 5148 837 5203 καὶ
868 5147 1012 5201 οὕτω
1042 5149 1111 5203 τὰ
1156 5147 1433 5203 ἀκόλουθα
1466 5146 1703 5217 γίνεται,
1773 5148 1851 5213 ὡς
1930 5151 2028 5204 καὶ
2081 5148 2429 5218 πλατύτερον
2478 5149 2538 5202 ὲν
2594 5150 2661 5219 τῇ
2712 5146 2981 5218 ἑρμηνείᾳ
3029 5146 3130 5217 τῆς
3162 5146 3513 5220 λειτουργίας

236 5244 377 5297 κατά
409 5243 642 5313 δύναμιν
673 5243 1131 5315 ἡρμηνεύσαμεν.

709 5430 870 5502 109
898 5429 1150 5484 itacui.
1207 5430 1324 5497 uz'.

235 5550 374 5608 Τίνα
410 5547 587 5604 τυποῖ
618 5550 651 5603 ὁ
676 5546 1012 5617 ἀρχιερεὺς,
1053 5546 1150 5602 καί
1179 5546 1344 5613 τινας
1379 5548 1435 5600 οί
1462 5545 1588 5602 σὺν
1618 5544 1810 5612 αὐτῷ.

303 5710 411 5762 Καὶ
442 5705 912 5775 συνοπτικὼτερον
934 5698 1037 5755 ὦδε
1063 5704 1322 5774 λέγομεν,
1350 5702 1427 5766 ὡς
1457 5704 1505 5757 oi
1538 5702 1638 5773 μὲν
1658 5701 1809 5754 ἔνδον

236 5800 325 5855 τοῦ
358 5800 601 5872 βήματος
625 5802 790 5871 ἱερεῖς
813 5803 909 5867 τὰς
940 5798 1300 5867 ὲπουρανῖους
1330 5794 1559 5869 πρώτας
1584 5793 1831 5901 δηλοῒισεΓ

2480 5421 2711 5480 CAPUT
2740 5420 2951 5478 XCVII.

1924 5542 2185 5613 Quantam
2225 5540 2499 5610 episcOpus
2542 5548 2591 5594 et
2620 5538 2710 5610 qui
2749 5555 2868 5592 cum
2900 5554 2959 5593 eo
2998 5548 3121 5593 sunt
3152 5538 3460 5609 signiﬁcant
3484 5538 3511 5594 Ρ

1998 5705 2064 5760 Ει
2089 5703 2180 5760 hic
2208 5702 2600 5772 compendiose
2624 5700 2858 5757 dicimus
2894 5708 3104 5753 stantes
3156 5697 3376 5766 quidem
3423 5696 3509 5749 iii-

1921 5806 2004 5855 tra
2036 5794 2414 5855 sanctuarium
2444 5790 2788 5875 sacerdotes,
2854 5788 3063 5860 primos
3121 5785 3373 5842 ιωΙυειεε
3413 5801 3506 5840 ur-
