4038 6436
310 324 403 384 ΞἫΊ

1531 335 1625 388 ΒΕ
1665 335 1906 391 δΑίζΗΛ
1939 337 2333 401 Ll'l‘URGIA.

3479 357 3585 424 298

309 467 472 533 ξεω;⁶
510 465 648 533 μετὰ
665 466 720 520 δὲ
747 466 970 531 τούτους
1010 468 1113 538 πρὸ
1143 468 1252 522 τῶν
1303 469 1465 540 ἱερῶν
1506 471 1689 524 πυλῶν
1722 471 1858 527 ἄλλοι

1963 475 2092 530 ηιίε
2157 477 2662 550 liturgicidiacont.
2700 485 2834 544 Post
2899 491 3048 563 ipsos
3081 505 3262 551 autem
3332 499 3423 554 alii
3483 505 3581 569 qui

306 558 646 615 ὐποδιάκονοί
701 577 783 626 τε,
843 561 935 613 καὶ
983 561 1080 624 σῦν
1149 562 1336 626 αὐτοῖς
1392 563 1772 632 ἀναγνώσταις
1833 567 1882 618 oi

306 647 539 718 ὑμνῳδοί
564 664 578 679 ·
615 646 856 719 μεθ”οῦς
937 648 1096 703 πάλιν
1129 650 1481 706 κοινωνοῦσιν
1508 654 1555 706 oi
1582 653 1673 707 τοῦ
1712 673 1880 724 μονα-

302 739 455 810 χικοῦ
482 740 763 809 σχήματος
781 781 796 804 ,
826 739 900 803 ὡς
933 739 1261 810 προέχοντες
1289 743 1383 796 τοῦ
1420 744 1574 799 λαοῦ.
1602 747 1710 797 Καὶ
1742 748 1878 814 μετὰ

300 832 515 895 τούτους
563 832 704 886 κατὰ
734 833 888 900 τάξιν
943 828 1102 898 αὖθις
1152 835 1200 887 οἱ
1231 835 1430 889 λαῖκοί.
1474 837 1607 890 Οὑδέ
1647 838 1755 909 γὰρ
1788 840 1878 892 καὶ

300 922 439 977 οῦτοι
471 924 672 986 πάντες
703 923 921 994 ἐπίσης.
951 923 1015 976 Oi
1044 923 1145 993 μὲν
1178 924 1288 995 γὰρ
1313 924 1494 987 καλῶς
1525 926 1794 994 ἵστανται,
1827 932 1875 983 oi

298 1016 351 1070 δὲ
385 1014 769 1086 μετανοοῦντες
800 1016 958 1069 εἰσιν.
1025 1017 1091 1069 "A
1145 1016 1208 1086 δὴ
1273 1017 1450 1070 πάντα
1496 1018 1730 1073 ἑκάστου
1768 1020 1877 1074 τῶν

299 1108 630 1178 μετεχόντων
659 1105 794 1159 Θεοῦ
837 1108 936 1177 τήν
982 1124 1041 1159 τε
1067 1107 1223 1173 τάξιν
1269 1109 1422 1180 δηλοῖ
1455 1112 1552 1165 καὶ
1583 1113 1871 1177 ἀνάϐασιν,

295 1202 386 1253 καὶ
403 1199 462 1253 τὸ
488 1197 742 1268 ἁρμόδιον
775 1199 865 1251 καὶ
889 1200 1100 1268 πρέπον
1129 1201 1227 1271 τῆς
1263 1204 1567 1266 κοινωνίας.
1615 1202 1675 1258 '0
1697 1207 1876 1258 ἀσπα-

296 1291 428 1362 σμὸς
477 1293 532 1344 δὲ
567 1294 665 1344 σὺν
704 1293 769 1362 τῇ
804 1291 1068 1362 ὁμολογίᾳ·
1105 1293 1201 1362 τῆς
1233 1294 1506 1359 πίστεως,
1536 1295 1632 1366 τὴν
1664 1297 1755 1349 ἐπὶ
1804 1300 1871 1368 τῇ

293 1385 552 1456 ὁμολογίᾳ
581 1386 673 1438 τοῦ
695 1385 832 1439 Θεοῦ
870 1385 1190 1456 συμφωνίαν
1218 1389 1312 1441 καὶ
1341 1388 1438 1458 τὴν
1465 1391 1689 1459 εἰρήνην
1724 1389 1874 1460 δηλοῖ

293 1480 385 1532 καὶ
417 1479 514 1550 τὴν
543 1477 785 1548 ἀγάπην.
841 1479 996 1531 Μετὰ
1047 1478 1101 1532 δέ
1133 1497 1194 1547 γε
1233 1480 1324 1532 τὸν
1374 1481 1668 1550 ἀσπασμὸν
1701 1483 1734 1551 ἡ
1762 1481 1871 1535 τῶν

295 1569 605 1641 μυστηρίων
677 1571 958 1641 ἱερουργία
992 1573 1055 1642 τῇ
1107 1572 1391 1644 ἐπικλήσει
1419 1573 1514 1626 τοῦ
1557 1573 1871 1644 Πνεύματος

289 1660 518 1728 γίνεται.
556 1661 680 1712 Ὀτι
721 1661 879 1730 μίαὴ
925 1661 1152 1731 δύναμις
1191 1663 1292 1731 τῆς
1345 1664 1601 1735 Τριάδος,
1650 1665 1867 1719 καὶτοῦ

291 1753 418 1807 Υὲοῦ
470 1753 866 1822 σαρκιυθέντος,
899 1755 926 1807 ό
967 1755 1156 1826 Πατὴρ
1182 1755 1419 1810 εὐδοκῶν
1456 1752 1548 1830 ἦν,
1585 1759 1612 1810 ό
1639 1758 1766 1820 Υἱὸς
1811 1757 1868 1811 δὲ

289 1847 626 1916 αὐτουργῶν,
668 1849 765 1900 καὶ
794 1847 854 1901 τὸ
885 1847 1105 1918 Πνεῦμα
1152 1850 1450 1920 συνεργοῦν
1493 1850 1554 1906 τὸ
1578 1852 1866 1920 πανάγιον.

286 1939 436 1993 Μετὰ
461 1938 515 1991 δὲ
542 1939 640 2010 τὴν
673 1939 989 2010 ἱερουργίαν
1024 1942 1060 2006 ἡ
1087 1940 1228 2012 ὑπὲρ
1269 1943 1527 1996 ἁπάντων
1558 1944 1868 2013 ἀνάμνησις

283 2033 370 2086 διὰ
396 2031 454 2084 τὸ
478 2033 824 2102 σωτηριῶδες
851 2033 950 2104 τῆς
999 2033 1208 2095 θυσίας.
1257 2035 1362 2086 Καὶ
1397 2035 1504 2087 τῶν
1543 2035 1717 2104 ἁγίων
1743 2037 1798 2088 δὲ
1832 2037 1865 2103 ἡ

284 2124 637 2194 ἀνακήρυξις,
686 2124 768 2177 ὅτι
817 2124 1123 2178 συνέπειθον
1165 2125 1336 2196 αὐτῷ,
1363 2128 1459 2180 καὶ
1489 2127 1583 2180 νῦν
1615 2127 1870 2192 συνδοξά-

284 2219 486 2283 ξονται·
533 2217 856 2286 Ἐξαιρέτως
907 2216 964 2270 δὲ
1005 2219 1037 2288 ἠ
1093 2220 1194 2288 τῆς
1229 2221 1510 2290 Παναγίας
1570 2220 1663 2274 καὶ
1697 2221 1866 2292 μόνης

283 2311 547 2364 Θεοτόκου
579 2310 907 2380 ἀνάμνησις,
937 2311 1019 2365 ὅτι
1057 2311 1154 2366 καὶ
1193 2311 1289 2366 νῦν
1323 2313 1416 2367 καὶ
1447 2313 1570 2366 τότε
1603 2313 1662 2366 τὸ
1688 2314 1866 2368 κοινόν

284 2405 400 2454 ἐστι
425 2399 622 2463 παντὸς
654 2401 862 2469 κόσμου
925 2402 1194 2473 σωτήριον
1218 2419 1231 2433 ·
1275 2405 1341 2474 ἢν
1374 2403 1469 2456 καὶ
1504 2404 1703 2467 πάντες
1735 2406 1862 2455 ἁνυ-

285 2492 546 2562 μνοῦμεν,
582 2493 706 2544 ἐπεὶ
749 2492 842 2543 καὶ
875 2490 945 2545 δι’
975 2491 1151 2560 αὐτῆς
1197 2492 1297 2560 τὴν
1339 2494 1617 2564 σωτηρίαν
1650 2494 1862 2558 ἐλπίζο-

286 2602 402 2654 μεν.
431 2585 582 2638 Μετὶι
609 2583 667 2637 δὲ
701 2583 800 2655 τὴν
835 2584 1060 2655 μνήμην
1110 2585 1368 2639 ἁπάντων
1400 2589 1432 2656 ή
1464 2587 1679 2654 αἴτησις
1714 2591 1864 2657 παρὰ

281 2674 373 2730 τοῦ
406 2677 706 2745 ἀρχιερέως
732 2675 939 2746 ὥσπερ
973 2677 1394 2749 ἐπισφράγισμα
1438 2681 1546 2734 τῶν
1591 2681 1862 2749 αἰτήσεων

282 2768 533 2836 ἁπασῶν,
557 2769 696 2822 ὥστε
720 2768 904 2822 δοῦναι
939 2771 997 2822 ἐν
1028 2769 1109 2823 ἐνὶ
1135 2771 1366 2840 στόματι
1398 2775 1492 2826 καὶ
1526 2774 1628 2844 μιᾷ.
1663 2775 1861 2845 καρδίᾳ.

282 2861 445 2916 αὐτὸν
477 2860 722 2927 δοξάζειν
754 2862 844 2915 τὸν
877 2863 934 2917 ἐν
969 2862 1162 2934 Τριάδι
1189 2863 1342 2929 Θεὸν,
1379 2865 1568 2920 καὶτὰ
1616 2867 1737 2938 ἐλέη
1764 2869 1859 2922 τοῦ

268 2954 657 3026 σαρκωθέντος
710 2956 806 3009 καὶ
847 2955 1101 3019 τυθέντος
1130 2957 1273 3026 ὑπὲρ
1309 2956 1466 3027 ἡμῶν
1502 2959 1597 3012 καὶ
1650 2961 1862 3032 ἱερουρ·

278 3049 539 3124 γηθέντος
561 3052 655 3104 καὶ
683 3051 1044 3120 προκειμένου
1084 3049 1261 3122 Ἰησοῦ
1303 3052 1540 3122 Χριστοῦ
1565 3053 1657 3106 τοῦ
1689 3055 1857 3124 μεγά-

1986 576 2133 623 stant
2190 580 2317 627 ante
2373 571 2518 629 fores
2579 591 2786 645 sacras,
2837 582 3271 656 suinaconique
3323 605 3389 644 ac
3446 607 3572 648 cum

1987 658 2121 728 ipsis
2155 660 2453 719 lectoribus
2485 676 2763 724 cantores.
2795 670 2927 728 Post
2957 674 3092 730 istos
3150 679 3290 734 dona
3321 697 3571 737 commu-

1985 749 2173 806 nicant
2203 752 2253 806 hi
2280 755 2374 824 qui
2403 766 2532 810 sunt
2566 761 2858 816 monastici
2896 773 3090 828 status.
3152 780 3404 840 tanquam
3465 789 3563 843 po-

1982 843 2166 911 pulum
2200 847 2589 913 prmcedentes.
2654 851 2716 906 Et
2757 853 2878 923 post
2920 857 3078 924 istos,
3112 864 3415 917 secundum
3476 883 3566 920 or-

1979 934 2182 1000 dinem,
2216 937 2413 992 iterum
2449 941 2570 996 laici
2604 959 2619 1008 ;
2696 961 2799 999 non
2831 948 2974 1002 enim
3043 959 3097 1004 et
3128 952 3182 1006 hi
3215 964 3342 1008 sunt
3370 972 3562 1012 omnes

1978 1029 2298 1096 aequaliter;
2329 1031 2448 1085 ‘alii
2482 1048 2715 1104 namque
2765 1038 3156 1098 honorabiliter
3183 1045 3422 1114 adstant,
3479 1051 3567 1102 alii

1980 1132 2108 1172 vero
2161 1121 2486 1189 paruitentes
2520 1134 2690 1182 sunt:
2727 1146 2850 1200 quze
2880 1145 3076 1189 cuncta
3133 1139 3567 1211 uniuscujusque

1978 1214 2499 1272 communicantium
2567 1219 2676 1276 Deo
2734 1223 2982 1279 ordinem
3042 1237 3098 1282 et
3149 1233 3561 1296 ascensionem,

1976 1309 2029 1353 et
2081 1306 2532 1373 concinnitatem,
2589 1323 2644 1366 et
2702 1317 3138 1374 convenientiam
3212 1327 3558 1380 communio-

1976 1394 2062 1449 nis
2114 1399 2425 1454 ostcndnnt.
2486 1401 2830 1471 Amplexatio
2867 1425 2990 1464 cum
3030 1411 3152 1467 lidei
3194 1415 3546 1474 confessione

1975 1490 2327 1544 concordiam
2369 1503 2423 1547 et
2484 1510 2668 1564 pacem
2726 1508 2780 1552 et
2828 1501 3172 1559 dilectionem
3224 1506 3278 1563 in
3333 1509 3552 1566 confes-

1974 1575 2128 1632 sione
2187 1578 2281 1635 Dei
2307 1581 2601 1652 signiﬁcat.
2662 1587 2792 1643 Post
2861 1603 3042 1648 autem
3100 1597 3554 1664 amplexationem

1975 1672 2359 1739 mysteriorum
2398 1679 2644 1746 operatio
2691 1697 2848 1737 saera
2883 1686 2941 1739 lit
2970 1687 3318 1746 invocatione
3376 1689 3555 1762 Spiri-

1977 1768 2101 1828 tus;
2156 1769 2413 1834 quoniam
2445 1786 2552 1826 una
2611 1784 2693 1829 est
2727 1787 2970 1846 potestas
3000 1781 3306 1842 Trinitatis.
3341 1795 3393 1839 et
3429 1802 3552 1842 cum

1974 1852 2145 1908 Filius
2170 1872 2299 1913 caro
2347 1859 2522 1917 factus
2580 1875 2687 1931 est,
2714 1865 2876 1924 Pater
2912 1883 3032 1927 erat
3079 1873 3430 1944 benevolens,
3469 1877 3556 1932 Fi-

1973 1942 2078 1998 lius
2131 1959 2313 2002 autem
2347 1966 2443 2019 per
2476 1968 2536 2008 se
2593 1971 2782 2026 agens,
2807 1970 2860 2014 et
2892 1961 3132 2030 Spiritus
3169 1977 3395 2022 sanctus
3427 1983 3554 2023 con-

1975 2050 2191 2105 pcrans.
2223 2038 2347 2096 Post
2377 2059 2589 2100 sacram
2612 2051 2983 2118 operationem
3013 2055 3070 2109 ﬁt
3099 2072 3262 2126 super
3295 2061 3550 2115 omnibus

1971 2129 2235 2185 memoria
2300 2144 2520 2204 prapter
2553 2140 2810 2196 virtutem
2869 2143 3062 2200 hostia:
3093 2148 3460 2213 salutiferam,
3497 2161 3555 2205 et

1971 2229 2288 2290 sanctorum
2353 2231 2709 2298 prtrconium,
2770 2250 2835 2290 co
2863 2237 3009 2304 quod
3065 2254 3190 2294 cum
3251 2243 3370 2310 ipso
3403 2245 3547 2312 passi

1969 2319 2120 2376 sunt,
2175 2323 2228 2367 et
2307 2332 2453 2372 nunc
2497 2322 3048 2394 'congloriﬁcantur;
3107 2337 3161 2383 et
3221 2332 3555 2388 excellenter

1968 2405 2332 2460 sanctissimae
2401 2409 2682 2482 uniczrque
2705 2427 2723 2447 ο
2757 2414 3000 2484 Deiparze
3065 2422 3388 2487 recordatio,
3419 2440 3554 2491 quo-

1969 2496 2112 2549 niam
2136 2509 2189 2551 et
2213 2513 2354 2553 nunc
2381 2511 2435 2555 et
2466 2509 2594 2559 tunc
2642 2509 2950 2564 communis
2979 2519 3065 2566 est
3105 2513 3252 2569 salus
3306 2516 3550 2571 universi

1968 2588 2176 2654 mundi,
2206 2605 2369 2660 quam
2397 2594 2562 2647 etiam
2585 2611 2776 2654 omnes
2799 2602 3162 2671 celebramus,
3183 2621 3247 2661 co
3275 2610 3419 2678 quod
3456 2626 3551 2681 per

1967 2680 2137 2747 ipsam
2171 2698 2454 2751 speramus
2486 2687 2742 2746 salutem.
2787 2692 2917 2750 Post
2945 2697 3190 2751 omnium
3227 2703 3545 2755 memoriam

1964 2774 2142 2827 oratio
2172 2774 2230 2828 lit
2258 2790 2285 2828 a
2319 2777 2598 2847 pontilice,
2622 2793 2878 2853 tanquam
2933 2790 3180 2844 omnium
3234 2793 3543 2848 orationum

1963 2867 2223 2936 sigillum,
2275 2880 2330 2924 ut
2390 2876 2470 2927 sic
2527 2875 2688 2930 detur
2743 2877 2796 2931 in
2852 2894 2961 2935 uno
3010 2896 3107 2937 ore
3136 2900 3353 2956 unoque
3382 2887 3546 2941 corde

1966 2960 2142 3030 ipsum
2174 2962 2481 3032 gloriﬁcare
2519 2965 2685 3022 Deum
2719 2970 2771 3022 in
2805 2968 3074 3027 Trinitate
3092 2988 3459 3044 constantem,
3491 2989 3543 3030 rt

1965 3051 2345 3110 miserationes
2378 3058 2502 3126 ejus
2555 3060 2648 3126 qui
2702 3077 2800 3130 pro
2867 3065 3025 3120 nobis
3087 3066 3426 3133 incarnatus,
3487 3081 3542 3124 et

275 3143 371 3195 λου
401 3141 535 3196 Θεοῦ
563 3138 701 3196 εἶναι
733 3145 963 3196 πάντοτε
1002 3143 1122 3214 μεθ’
1149 3146 1180 3212 ἡ
1191 3144 1327 3214 μῶν.
1370 3145 1602 3198 Ἔπειτα
1629 3147 1726 3218 τὴν
1756 3148 1854 3216 τῆς

1963 3143 2293 3212 immolatus,
2326 3156 2379 3201 et
2407 3151 2459 3204 in
2482 3151 2752 3206 sacriﬁcio
2779 3154 3017 3219 oblatus,
3067 3157 3536 3225 Iesus-Christus,

278 3235 550 3299 υἱοθεσίας
601 3236 760 3308 χάριν
791 3236 850 3287 ἐν
897 3236 1030 3304 ἡμῖν
1075 3235 1103 3287 ό
1163 3235 1430 3306 ἰεράρχης
1463 3238 1855 3308 προσεύχεται,

277 3327 374 3382 καὶ
392 3327 685 3393 ἐξαιτεῖται
706 3326 1110 3399 καταξιωοῆναι
1131 3329 1294 3399 ἡμᾶς,
1318 3329 1360 3399 ι
1374 3329 1474 3399 12
1494 3329 1580 3383 διὰ
1601 3329 1694 3382 τοῦ
1717 3329 1857 3382 κατὰ

277 3421 440 3488 φύσιν
484 3419 617 3473 Υίοῦ
643 3420 743 3490 ήδη
777 3420 1075 3487 τεθυμένου
1100 3422 1208 3483 τοῖς
1259 3421 1581 3491 μυστηρίοις
1601 3419 1698 3474 καὶ
1727 3437 1857 3492 προ-

276 3513 558 3582 κειμένου,
592 3511 778 3566 καλεῖν
821 3513 970 3582 ἡμᾶς
1012 3512 1252 3583 Πατέρα,
1290 3514 1415 3574 τοὺς
1438 3513 1598 3582 φύσει
1625 3512 1858 3581 κτίσμα-

275 3606 347 3658 τά
376 3622 432 3657 τε
468 3605 562 3657 καὶ
584 3604 825 3671 δούλους,
857 3604 948 3657 τὸν
1002 3605 1137 3657 Θεὸν
1189 3605 1279 3658 τὸν
1325 3605 1669 3674 ἐπουράνιον.
1702 3603 1856 3658 Μετὰ

277 3694 334 3747 δὲ
379 3695 479 3765 τὴν
516 3695 822 3765 προσευχὴν
853 3695 946 3748 καὶ
999 3695 1100 3766 τὴν
1145 3697 1371 3767 εΐρήνην
1425 3698 1522 3750 καὶ
1552 3698 1654 3766 τὴν
1681 3697 1857 3751 κλίσιν

277 3787 376 3856 τῆς
406 3786 668 3855 κεφαλῆς,
721 3787 757 3842 ἃ.
789 3787 853 3856 δὴ
890 3786 987 3859 τὴν
1017 3787 1153 3857 πρὸς
1191 3788 1323 3842 Θεὸν
1369 3788 1610 3842 δουλείαν
1638 3788 1857 3858 δηλοῦσι

277 3879 372 3932 καὶ
396 3879 613 3943 ἕνωσιν,
639 3881 673 3951 ἡ
704 3880 798 3934 τοῦ
834 3880 1122 3950 ζωηφόρου
1167 3881 1341 3952 ἄρτου
1383 3881 1588 3951 γίνεται
1623 3869 1852 3952 ῦψωσίτ,

276 3971 447 4042 αὐτὴν
478 3971 727 4025 τυποῦσα
775 3972 874 4042 τὴν
905 3972 1048 4042 ὑπὲρ
1073 3973 1231 4043 ἡμῶν
1278 3971 1374 4026 τοῦ
1407 3975 1662 4043 Σωτῆρος
1692 3975 1854 4027 σταύ-

277 4080 445 4133 ρωσιν
466 4081 482 4094 ο
521 4063 616 4116 καὶ
649 4063 708 4117 τὸ
733 4064 896 4116 αὐτὸν
921 4063 1016 4115 τὸν
1047 4063 1285 4132 Χριστὸν
1305 4063 1501 4128 ἐλθεῖν,
1537 4065 1633 4118 καὶ⁸
1657 4062 1853 4118 ἐαυτοῦ

273 4156 406 4224 ἡμῖν
443 4155 785 4224 μεταδοῦναι,
817 4157 898 4209 ὅτι
926 4156 1022 4209 καὶ
1060 4149 1217 4219 οὗτός
1246 4157 1394 4210 ἐστιν
1440 4159 1468 4210 ό
1516 4155 1657 4226 ὑπὲρ
1697 4157 1881 4228 ἡμῶν,

278 4247 633 4318 σταυρωθεὶς,
657 4249 751 4301 καὶ
775 4248 940 4320 αὑτὸν
963 4247 1232 4302 δείκνυσιν
1250 4250 1384 4318 ἡμῖν
1415 4250 1693 4318 μυστικῶς
1713 4250 1854 4321 ὑπὲρ

267 4339 429 4409 ἡμῶν
448 4340 771 4394 πεπονθότα.
820 4341 928 4394 Διὸκ
960 4341 1056 4395 καὶ
1117 4359 1137 4392 ‹
1172 4343 1558 4411 Προσὲχωμεν,
1599 4363 1618 4395 ›
1663 4344 1850 4416 ἐκϐοᾷ,

267 4431 410 4484 ὥστε
442 4431 643 4499 γνῶναι
681 4433 828 4500 ἡμᾶς
855 4431 915 4484 τὸ
966 4432 1287 4502 μυστήριον.
1331 4433 1442 4486 Καὶ
1479 4433 1693 4500 ἐπάγει,
1727 4451 1746 4484 ι
1769 4433 1849 4486 Τὰ

269 4522 440 4590 Ἅγια
467 4525 577 4586 τοῖς
609 4523 784 4592 ἁγίοις
805 4539 818 4552 '
853 4542 872 4574 ›
905 4523 1099 4593 δηλῶν,
1137 4522 1210 4586 ὡς
1243 4526 1271 4586 ό
1301 4524 1634 4594 σταυρωθεὶς
1670 4523 1845 4592 ἅγιος,

265 4615 365 4666 καὶ
400 4615 452 4666 oi
497 4614 686 4667 τούτου
725 4616 945 4684 μέτοχοι
995 4614 1143 4682 ἆγιοι
1197 4614 1506 4682 ὀφείλουσιν
1535 4610 1698 4679 εἶναι,
1751 4615 1847 4666 καὶ

268 4709 452 4759 πίστει
487 4707 686 4770 πάντες
714 4705 931 4777 βοῶσιν,
977 4725 998 4758 ‹
1030 4701 1126 4770 Εἷς
1161 4707 1340 4774 ἆγιος,
1387 4702 1466 4770 εἷς
1496 4705 1698 4776 Κύριος
1743 4706 1847 4776 ἰη-

269 4797 401 4861 σοῦς
431 4799 683 4867 Χριστὸς,
713 4817 732 4851 ι
780 4799 877 4869 τὴν
907 4799 1202 4868 ὁμολογίαν
1233 4799 1507 4867 λέγοντες,
1538 4798 1661 4868 ῆτις
1689 4797 1844 4852 ἔσται

265 4891 363 4943 καὶ
389 4893 446 4943 ἐν
493 4891 570 4959 τῷ
605 4891 874 4960 μέλλοντι,
900 4894 976 4949 ὡς
1005 4890 1210 4954 Παῦλός
1250 4907 1403 4962 φησι.
1435 4890 1536 4944 Διά
1573 4891 1684 4960 γὰρ
1717 4891 1844 4944 τού-

262 4999 358 5034 του
385 4980 480 5034 τοῦ
523 4982 844 5052 μονογενοῦς
874 4982 1008 5036 Υίοῦ
1036 4984 1423 5054 σαρκωθέντος
1465 4985 1559 5038 καὶ
1602 4999 1849 5054 σταυρω-

262 5074 448 5137 θέντος
482 5074 824 5146 ήγιάσθημέν
865 5093 927 5129 τε
991 5077 1088 5129 καὶ⁵
1135 5065 1232 5130 τοῦ
1292 5075 1528 5131 θανάτου
1569 5076 1849 5148 ἐρῤύσθη-

263 5183 389 5234 μεν,
442 5168 537 5220 καὶ
595 5165 696 5236 τῆς
758 5168 1057 5229 ἀθανασίας
1100 5170 1410 5239 ἐτύχομεν
1466 5168 1526 5230 ὃς
1581 5170 1678 5221 καὶ
1723 5168 1848 5221 τότε

257 5256 418 5308 ἔσται
449 5258 579 5325 ἡμῖν
605 5256 810 5327 θεωρία
832 5275 891 5312 τε
910 5259 1005 5311 καὶ
1039 5257 1362 5323 ἀπόλαυσις,
1381 5258 1464 5312 ὅτι
1479 5259 1848 5329 κάπεθάνομεν

257 5349 529 5418 πρότερον
586 5349 704 5419 μὲν,
740 5348 946 5421 ἰσοθεῖα
981 5349 1300 5414 κλαπέντες,
1336 5352 1433 5404 καὶ
1467 5350 1618 5422 παρὰ
1651 5351 1840 5421 καιρὸν

258 5441 520 5493 ἀθάνατοι
578 5443 674 5493 καὶ
703 5440 815 5493 θεοὶ
841 5441 1097 5510 γενέσθαι
1139 5441 1456 5513 ζητοῦντες,
1487 5446 1799 5512 γεγόναμεν
1820 5459 1835 5474 ο

258 5529 358 5584 νῦν
378 5531 434 5583 δὲ
462 5531 786 5601 ἁνέστημεν,
823 5534 915 5586 καὶ
961 5533 1166 5602 ζῶμεν,
1211 5535 1306 5587 καὶ
1335 5534 1472 5605 Θεοῦ
1535 5536 1838 5605 μετέχομεν

254 5622 368 5675 τῶν
401 5623 663 5692 χαρίτων,
693 5625 787 5676 καὶ
819 5625 930 5677 θεοί
964 5627 1153 5694 ἐσμεν,
1187 5626 1262 5690 ὡς
1289 5628 1400 5680 τῶν
1436 5631 1502 5697 τῇ
1529 5629 1839 5700 παραϐάσει

254 5716 513 5768 ἐναντίων
569 5714 664 5768 νῦν
717 5719 1047 5784 γεγονότων,
1101 5720 1195 5771 τοῦ
1259 5719 1394 5773 Θεοῦ
1456 5724 1835 5792 σαρκωθέντος

251 5807 350 5857 το)
385 5806 654 5860 ἀθανάτου
683 5805 820 5877 ὑπὲρ
853 5809 1012 5876 ἡμῶν
1032 5848 1046 5871 ,
1076 5810 1169 5862 καὶ
1202 5811 1392 5866 δούλου
1432 5815 1648 5885 μορφὴν
1679 5817 1830 5870 ἐνδυ-

583 5905 848 5963 i’nnoL.
907 5904 1024 5963 Gn.
1069 5902 1240 5963 CLV.
1337 5947 1342 5960 .

1877 4491 1928 4548 D

1963 3249 2188 3305 magnus
2237 3237 2397 3304 Deus,
2458 3257 2674 3312 semper
2727 3261 2849 3300 esse
2936 3248 3224 3304 nobiscum
3286 3252 3541 3309 intendit.

1963 3323 2156 3382 Postea
2205 3329 2486 3386 ﬁliationis
2538 3334 2772 3404 gratiam
2831 3337 2884 3390 in
2929 3340 3084 3393 nobis
3109 3340 3225 3395 ﬁeri
3282 3355 3540 3410 precatur

1959 3421 2220 3476 saeterdos
2254 3434 2551 3494 exoratque
2575 3443 2670 3481 nos
2709 3426 2824 3482 ﬁeri
2854 3429 3050 3499 dignos
3081 3447 3177 3501 per
3210 3433 3404 3490 Filium
3441 3452 3537 3489 na-

1962 3508 2189 3562 turalem
2219 3508 2332 3577 jam
2377 3512 2717 3568 immolatum
2770 3519 3149 3604 aejacen’tetn,
3206 3531 3265 3577 ut
3294 3541 3393 3579 nos
3451 3541 3545 3579 vo-

1959 3611 2146 3653 cemus
2185 3599 2423 3670 Patrem,
2463 3619 2562 3659 nos
2591 3606 2681 3674 qui
2738 3616 2930 3663 natura
2961 3599 3151 3667 sumus
3180 3626 3449 3671 creaturae
3475 3634 3541 3672 ac

1959 3691 2122 3756 servi,
2161 3691 2325 3747 Deum
2355 3696 2446 3764 qui
2475 3697 2526 3750 in
2550 3701 2704 3754 caelis
2731 3711 2836 3758 est.
2878 3704 3004 3760 Post
3037 3706 3180 3760 hanc
3208 3718 3388 3763 autem
3418 3725 3538 3764 ora-

1959 3782 2160 3837 tionem
2185 3796 2235 3838 et
2255 3800 2440 3854 pacem
2467 3801 2517 3844 et
2539 3793 2733 3861 capitis
2769 3794 3197 3865 inclinationem,
3225 3815 3345 3866 quae
3366 3804 3537 3858 servi-

1960 3883 2124 3928 tutem
2144 3891 2207 3930 ac
2233 3879 2486 3933 unionem
2512 3883 2577 3935 ad
2600 3882 2768 3937 Deum
2789 3885 3123 3956 signiﬁcant,
3144 3890 3341 3945 viviﬁci
3380 3897 3534 3962 panis

1959 3967 2016 4020 ﬁt
2036 3968 2287 4037 elevatio,
2309 3973 2479 4040 ipsam
2501 3973 2741 4043 ﬁgurans
2765 3993 2864 4046 pro
2899 3982 3056 4036 nobis
3081 3983 3381 4041 Salvatoris
3409 4002 3535 4042 cru-

1955 4059 2290 4128 ciﬁxionem,
2345 4077 2556 4118 necnon
2620 4068 2803 4136 ipsum
2857 4070 3138 4128 Christum
3193 4079 3430 4146 venisse,
3472 4096 3535 4135 ac

1956 4154 2307 4222 semetipsum
2365 4157 2657 4215 tradidisse
2713 4177 2812 4231 pro
2874 4165 3072 4219 nobis:
3131 4169 3248 4236 ipse
3301 4185 3533 4240 namque

1953 4255 2054 4298 esu
2088 4247 2180 4315 qui
2227 4263 2328 4317 pro
2386 4251 2539 4306 nobis
2610 4254 2908 4311 cruciﬁxus
2970 4266 3074 4324 est,
3109 4268 3165 4314 et
3219 4261 3396 4330 ipsum
3441 4267 3532 4321 illa

1956 4337 2113 4391 nobis
2159 4340 2394 4394 ostendit
2426 4343 2654 4413 mystice
2705 4359 2804 4413 pro
2860 4347 3017 4403 nobis
3077 4365 3318 4420 passum.
3378 4354 3534 4410 Ideo-

1955 4444 2061 4498 que
2112 4448 2132 4481 ι
2166 4430 2520 4489 Advertamns
2556 4452 2574 4485 ι
2638 4437 2856 4503 clamat,
2910 4452 2968 4495 ut
3027 4458 3124 4498 nos
3182 4445 3534 4504 intendamus

1956 4523 2273 4590 mysterium
2299 4539 2314 4590 ;
2349 4531 2403 4579 et
2433 4526 2582 4580 addit
2608 4543 2622 4580 :
2652 4546 2671 4580 ι
2696 4527 2898 4586 Sancta
2929 4535 3133 4590 sanctis
3162 4556 3180 4588 ι
3212 4539 3533 4609 signiﬁcans

1955 4612 2099 4682 quod
2138 4614 2433 4671 cruciﬁxus
2475 4629 2559 4673 est
2596 4630 2821 4677 sanctus
2856 4631 2911 4678 et
2951 4624 3026 4678 illi
3070 4627 3158 4696 qui
3188 4641 3316 4682 sunt
3361 4631 3534 4701 ipsius

1951 4707 2269 4776 participes,
2311 4708 2513 4762 debent
2539 4725 2665 4765 esse
2694 4716 2913 4782 sancti;
2955 4725 3009 4771 et
3051 4732 3238 4774 omnes
3280 4719 3384 4776 ﬁde
3416 4725 3531 4778 cla-

1953 4808 2105 4852 mant
2132 4817 2146 4852 :
2176 4818 2195 4852 ι
2231 4801 2382 4858 Unus
2411 4813 2652 4867 sanctus,
2679 4821 2820 4860 unus
2849 4808 3139 4874 Dominus,
3185 4810 3343 4867 Jesns
3371 4813 3530 4868 Chri-

1952 4901 2092 4957 Stus,
2120 4910 2139 4943 ι
2165 4892 2566 4949 confessionem
2599 4896 2865 4965 dicentes,
2887 4914 3028 4967 quag,
3050 4903 3191 4956 sicut
3211 4905 3287 4958 ait
3305 4906 3528 4970 Paulus,

1948 4983 2051 5037 erit
2085 4985 2139 5036 in
2163 4985 2364 5038 smeulo
2402 4987 2588 5041 futuro
2627 5004 2642 5040 :
2681 5003 2778 5058 per
2816 4989 2962 5044 hunc
2999 4993 3142 5046 enim
3185 4996 3524 5067 unigenitum

1948 5072 2144 5128 Filium
2179 5076 2520 5130 incarnatum
2571 5087 2623 5130 et
2675 5079 2996 5136 cruciﬁxum
3051 5085 3372 5141 sanctiﬁcati
3432 5105 3526 5145 su-

1949 5182 2094 5232 mus,
2125 5176 2180 5221 et
2207 5183 2234 5219 a
2267 5174 2442 5221 morte
2468 5183 2660 5224 sumus
2683 5171 2918 5238 liberati,
2949 5174 3525 5250 immortalitatemque

1947 5260 2327 5321 obtinuimus;
2365 5271 2422 5314 et
2455 5259 2545 5314 ille
2573 5270 2705 5316 tunc
2753 5264 2914 5319 nobis
2943 5268 3049 5321 erit
3100 5271 3342 5340 jucunda
3385 5275 3524 5330 visio

1951 5366 2161 5428 necnon
2186 5350 2397 5405 fruitio.
2431 5350 2567 5406 Nam
2601 5357 2800 5409 mortui
2826 5358 3047 5426 quidem
3079 5361 3304 5429 fuimus,
3341 5380 3526 5437 aequa-

1949 5442 2156 5496 litatem
2193 5458 2316 5497 cum
2365 5444 2474 5499 Deo
2512 5445 2904 5517 subripientes,
2942 5461 2999 5507 et
3031 5464 3229 5523 praeter
3259 5467 3523 5526 opportu-
3585 5513 3592 5520 ,

1949 5538 2174 5591 nitatem
2231 5538 2571 5599 immortales
2625 5551 2678 5598 et
2731 5544 2805 5600 dii
2858 5547 2973 5602 ﬁeri
3013 5559 3360 5618 quaerentes;
3415 5553 3525 5606 nati

1947 5643 2076 5682 vero
2110 5642 2304 5683 sumus
2351 5645 2519 5699 nunc,
2551 5641 2716 5702 atque
2765 5638 3109 5694 surreximus
3159 5653 3224 5693 ac
3274 5639 3525 5706 vivimus,

1946 5731 2000 5774 et
2037 5721 2127 5774 Dei
2161 5721 2454 5789 gratiarum
2489 5739 2683 5808 sumus
2725 5729 3040 5800 participes,
3070 5739 3328 5798 tanquam
3381 5748 3525 5788 con-

1950 5815 2134 5870 trariis
2173 5817 2564 5883 trangrcssioni
2596 5836 2741 5876 nunc
2781 5821 2957 5889 faelis,
2985 5835 3106 5879 eam
3139 5823 3279 5880 Dt-us
3305 5825 3527 5882 immor-
3572 5857 3576 5859 -

3079 5911 3147 5972 10
