4038 6446
478 315 586 379 Ξ99

1297 306 1690 373 SYMEONIS
1725 302 2486 369 THESSALONICENSIS
2539 302 2892 364 ARCHIEP.

3620 284 3715 362 tot)

477 431 602 485 talis
631 443 728 498 pro
752 428 908 483 nobis
959 435 1041 482 est
1097 440 1225 481 caro
1281 426 1480 493 factus,
1516 425 1769 496 servique
1817 421 2050 477 formam
2083 468 2086 479 .

2173 421 2422 492 ιαμὲνου,
2462 421 2558 479 καὶ
2586 419 2805 492 θνητοῦ,
2841 417 2941 473 καὶ
2996 415 3139 469 κατὰ
3167 411 3238 467 τὰ
3275 410 3545 485 κτίσματα
3571 428 3718 481 γεγοο

473 527 527 576 et
549 520 800 576 mortalis
832 520 1077 585 indutus,
1098 528 1153 575 et
1187 518 1488 575 secundum
1509 526 1792 573 creaturas
1821 512 2051 569 euectus

473 622 635 681 atque
665 624 790 666 vere
823 613 988 667 homo
1041 612 1473 676 demonstratus,
1528 617 1583 664 et
1613 623 1711 681 pro
1744 606 1901 663 nobis
1950 605 2053 660 im-

473 702 724 756 molatus.
756 701 910 758 Unde
942 701 1174 757 stultitia
1210 701 1432 773 quidem
1478 708 1599 755 erat
1641 707 1890 755 nostrum
1930 706 2052 750 ten-

474 803 675 858 tamen,
714 810 825 866 quo
882 796 1199 851 volebamus
1249 794 1366 848 ﬁeri
1422 794 1557 848 deos
1611 799 1665 848 et
1722 788 2051 861 transgredi,

473 886 740 958 siquidem
801 887 1137 955 impossibile
1164 894 1249 941 est
1282 901 1383 941 nos
1413 884 1502 958 qui
1530 890 1798 940 creatum
1835 896 2054 951 sumus,

475 977 610 1033 deos
679 976 1180 1033 ﬁeri.(Economia
1239 992 1366 1033 vero
1408 974 1502 1032 Dei
1545 974 1730 1041 Verbi,
1793 984 2054 1044 tanquam

475 1069 647 1124 solius
688 1069 1103 1142 omnipotentis,
1142 1084 1267 1125 vera
1296 1068 1395 1123 fuit
1437 1077 1490 1124 et
1523 1068 1693 1134 bona,
1722 1078 2053 1139 propterque

477 1169 720 1215 nostram
754 1163 1005 1216 salutem.
1046 1157 1199 1216 Unde
1221 1160 1380 1216 nobis
1417 1174 1631 1216 summe
1695 1159 1912 1214 unitum
1945 1167 2053 1226 est,

475 1253 617 1321 quod
653 1267 819 1322 supra
858 1267 958 1307 nos
996 1261 1137 1319 erat,
1165 1261 1220 1307 et
1247 1266 1413 1308 carne
1446 1266 1544 1324 pro
1579 1250 1740 1307 nobis
1781 1260 2057 1305 mortuum

476 1356 581 1411 est,
611 1346 756 1416 quod
788 1355 907 1401 erat
955 1363 1230 1402 summum
1263 1346 1529 1403 bonitatis
1566 1362 1583 1414 ;
1620 1354 1677 1401 et
1734 1343 2061 1400 immortali-

476 1446 642 1493 tatem
675 1453 739 1492 ac
770 1437 997 1494 Deitatis
1038 1439 1267 1511 gloriam
1298 1454 1397 1510 per
1431 1454 1586 1494 suam
1630 1449 1860 1492 mortem
1899 1437 2059 1493 nobis

476 1529 751 1598 praestitit.
815 1530 1091 1585 Videtisne
1129 1542 1395 1601 quantum
1454 1530 1819 1601 mysterium?
1851 1529 2055 1584 Deinde

479 1621 539 1676 lit
572 1622 715 1677 sacri
742 1620 934 1677 fractio
967 1623 1161 1692 panis:
1191 1633 1413 1694 propter
1444 1638 1545 1679 nos
1576 1624 1723 1678 enim
1760 1622 1819 1677 iit
1856 1620 2056 1677 tractio

480 1713 600 1783 ejus
633 1713 727 1783 qui
755 1713 1026 1783 infragilis
1051 1724 1157 1782 est,
1210 1724 1270 1769 ιιι
1299 1730 1493 1771 omnes
1522 1715 1697 1789 ipsius
1732 1715 1907 1771 simus
1937 1729 2061 1783 par-

2159 515 2334 580 νότος,
2357 514 2453 569 καὶ
2483 511 2703 582 ἀληθῶς
2736 507 3034 580 ἀνθρώπου
3075 505 3440 573 δεδειγμένου,
3468 505 3559 557 καὶ
3580 505 3718 557 τεθυ-

2162 607 2325 676 μένου
2379 604 2520 674 ὑπὲρ
2561 602 2740 675 ἡμῶν.
2796 601 2963 657 Ὅθεν
3026 598 3312 670 ἀφροσύνη
3349 598 3443 668 μὲν
3476 597 3517 665 ,ἡ
3578 592 3718 666 ήμῶν

2160 699 2502 769 ιγχείρησις,
2543 696 2610 751 τὸ
2635 696 2965 766 βουληθῆναι
3002 693 3265 762 γενέσθαι
3302 690 3457 753 θεοὺς
3489 688 3580 741 καὶ
3624 704 3720 739 πα-

2165 794 2434 867 ραϐῆναι’
2475 792 2558 845 δτι
2605 792 2701 846 καὶ
2754 789 3023 844 ἀδύνατον
3074 784 3330 857 γενέσθαι
3396 783 3547 847 θεοὺς
3587 782 3722 851 ἡμᾶς

2162 885 2443 955 κτίσματα
2493 883 2677 948 ὄντας.
2724 881 2788 936 Ἦ
2827 878 3115 950 οἰκονομία
3148 879 3204 933 δὲ
3254 876 3348 932 τοῦ
3379 874 3512 930 Θεοῦ
3543 873 3721 941 Λόγου,

2162 978 2238 1042 ὡς
2273 974 2686 1043 παντοδυνάμου
2725 971 2916 1044 μόνου,
2952 973 3158 1044 ἀληθής
3198 987 3256 1025 τε
3292 969 3386 1024 καὶ
3422 964 3614 1037 ἀγαθὴ,
3640 962 3725 1016 καὶ

2164 1066 2305 1135 ὑπὲρ
2337 1064 2435 1134 τῆς
2465 1064 2622 1135 ἡμῶν
2660 1061 2957 1133 σωτηρίας.
3015 1060 3179 1116 Ὅθεν
3210 1059 3305 1113 καὶ
3329 1055 3512 1129 ήνὼθη
3550 1054 3721 1121 ἄκρως

2164 1159 2315 1229 ἡμῖν,
2347 1158 2485 1226 ὅπερ
2535 1157 2676 1226 ὑπὲρ
2731 1155 2883 1227 ἡμᾶς
2920 1150 3021 1222 ἧν*
3067 1152 3162 1207 καὶ
3222 1149 3457 1205 ἀπέθανε
3485 1145 3549 1199 δι’
3587 1144 3724 1214 ἡμᾶς

2165 1246 2354 1316 σαρκὶ,
2392 1247 2527 1317 ὅπερ
2559 1241 2629 1317 ἧν
2680 1245 2741 1302 τὸ
2766 1244 2937 1318 ἄκρον
2980 1244 3084 1312 τῆς
3117 1240 3486 1310 ἁγαθότητος·
3518 1237 3607 1289 καὶ
3636 1235 3725 1303 τὴν

2167 1335 2468 1389 ἀθανασίαν
2498 1336 2593 1388 καὶ
2622 1334 2724 1405 τὴν
2751 1335 2849 1406 τῆς
2875 1333 3140 1405 Θεότητος
3165 1332 3321 1397 δόξαν
3347 1330 3435 1383 διὰ
3455 1326 3547 1380 τοῦ
3580 1323 3727 1377 θανά-

2165 1446 2259 1483 του
2291 1428 2458 1482 αὐτοῦ
2500 1429 2632 1499 ἡμῖν
2692 1429 3050 1501 ἐχορήγησεν.
3092 1426 3291 1496 Ὁρᾶτε
3348 1423 3410 1476 τὸ
3443 1418 3724 1492 μυστήριον

2168 1523 2328 1590 ὄσον;
2386 1517 2573 1577 Εἷταὸ
2631 1521 2897 1592 μελισμδς
2939 1519 3036 1573 τοῦ
3096 1517 3247 1588 ίεροῦ
3309 1517 3476 1585 ἄρτου
3510 1511 3723 1580 γίνεται.

2184 1613 2354 1685 ’Υπὲρ
2387 1612 2543 1685 ἡμῶν
2561 1614 2670 1685 γὰρ
2695 1613 2982 1684 μερίζεται
3008 1613 3037 1666 ὁ
3067 1610 3388 1680 ἀμέριστος,
3422 1607 3505 1660 ῑνα
3544 1602 3729 1660 πάντες

2170 1705 2336 1760 αὑτοῦ
2369 1706 2689 1777 μετέχωμεν
2710 1721 2724 1735 ο
2764 1706 2861 1759 καὶ
2878 1701 3183 1772 ἀδιαίρετος
3210 1697 3309 1762 ὢν,
3336 1697 3403 1751 δι’
3432 1692 3575 1765 ἡμᾶς
3603 1688 3728 1777 διαι-

486 1776 678 1875 ticipes
706 1821 723 1873 ;
749 1815 804 1859 et
832 1776 925 1874 qui
958 1776 1305 1861 indivisibilis
1326 1816 1432 1873 est,
1465 1776 1562 1876 pro
1587 1776 1747 1861 nobis
1769 1776 2060 1872 dividitur,

2173 1799 2366 1869 ρεῖται,
2395 1776 2533 1850 ἑνῶν
2558 1796 2704 1871 ἡμᾶς
2732 1794 2932 1867 ἑαυτῷ,
2977 1795 3074 1847 καὶ
3102 1791 3160 1845 ἓν
3190 1789 3389 1853 ποιῶν,
3417 1784 3602 1849 ὥσπερ
3630 1776 3722 1848 nii-

486 1896 588 1953 sibi
622 1912 723 1952 nos
755 1899 968 1965 uniens,
998 1907 1074 1965 et,
1100 1899 1240 1954 sicut
1292 1909 1566 1965 oraverat,
1610 1913 1781 1955 unum
1836 1898 2063 1954 faciens.

491 1992 586 2047 Est
608 2001 789 2046 autem
828 1992 1014 2048 calicis
1044 1992 1305 2047 adunatio
1355 1991 1523 2046 divini
1556 1991 1715 2062 panis
1749 1991 1802 2045 in
1838 1989 2067 2045 calicem

492 2081 847 2150 iutroductio,
874 2083 1132 2153 quoniam
1170 2099 1312 2139 unus
1355 2091 1441 2139 est
1494 2081 1774 2148 Christus,
1834 2081 1963 2138 licet
2012 2082 2067 2137 in

493 2174 661 2230 calice
690 2191 937 2245 panetius
985 2175 1255 2242 videatur,
1312 2184 1366 2230 et
1401 2176 1541 2249 idem
1596 2174 1670 2232 sit
1726 2189 1825 2245 per
1871 2188 2068 2245 panem

448 2287 451 2291 ⁴
492 2267 661 2324 robur
685 2278 739 2323 et
774 2284 869 2339 per
902 2268 1127 2324 calicem
1147 2268 1359 2324 laetitia.
1395 2267 1506 2323 Pax
1534 2267 1702 2343 etiam
1734 2276 1821 2322 est
1851 2279 2064 2323 nostra.

490 2359 683 2416 Postea
723 2361 780 2416 iit
818 2362 1155 2428 communio,
1192 2363 1343 2431 quia.
1368 2360 1454 2416 hic
1501 2346 1586 2416 est
1641 2360 1884 2415 omnium
1918 2360 2066 2425 ﬁnis,

493 2452 585 2508 Dei
638 2455 1085 2518 communicatio,
1138 2454 1284 2525 quod
1330 2462 1415 2509 est
1462 2466 1679 2509 summe
1739 2453 1943 2508 bonum
2004 2468 2071 2509 ac

491 2544 874 2600 desiderabile.
909 2544 1224 2599 Secundum
1241 2545 1499 2601 ordinem
1521 2532 1652 2600 vero
1678 2542 1739 2599 fit
1772 2543 1901 2612 ista,
1925 2547 2093 2601 sicut”

490 2635 693 2690 dictum
725 2649 829 2701 est,
863 2645 1084 2707 pr0pter
1115 2635 1314 2690 bonam
1348 2633 1757 2691 ordinationem
1790 2642 1888 2691 ac'
1907 2636 2071 2707 justi-

380 2750 394 2765 ν
490 2728 648 2793 tiam,
671 2728 810 2784 etab
840 2729 1143 2784 humilitate
1168 2730 1407 2800 genitam
1436 2729 1691 2797 pietatem
1724 2746 1745 2794 ;
1770 2730 2074 2800 unusquis-

488 2836 594 2891 que
620 2821 765 2875 enitn
803 2820 858 2875 in
884 2835 986 2876 suo
1003 2821 1219 2884 ordine,
1238 2826 1500 2892 mysteria
1531 2820 1844 2891 participat.
1875 2820 2072 2878 Justus

458 2907 638 2961 enim
672 2920 735 2962 ac
770 2914 952 2962 ret-tus
986 2923 1111 2962 cum
1129 2908 1200 2961 sit
1225 2906 1510 2975 Dominus,
1535 2911 1589 2964 in
1618 2910 1832 2980 justitia
1868 2920 2074 2965 semet-

492 3001 671 3071 ipsum
699 2998 857 3055 nobis
885 3000 1141 3055 omnibus
1169 3001 1389 3070 praebet.
1430 3000 1588 3057 Unde
1644 3000 1861 3071 quidem
1921 3002 2075 3060 solus

2172 1893 2316 1960 ξατο.
2371 1894 2433 1948 Ἦ
2459 1893 2551 1948 τοῦ
2587 1892 2852 1964 ποτηρίου
2889 1892 2946 1947 δὲ
2969 1890 3188 1955 ενωσις,
3236 1886 3302 1939 τὸ
3332 1879 3639 1951 εἰσαγαγεῖν
3673 1875 3726 1926 ἐν

2156 1982 2245 2059 τῷ
2274 1989 2518 2059 ποτηρίῳ
2544 1989 2635 2041 τὸν
2664 1988 2805 2042 θεῖον
2829 1985 3013 2056 ἄρτον,
3039 1986 3124 2039 ὅτι
3146 1977 3229 2046 εἷς
3263 1983 3415 2035 ἐστιν
3436 1979 3464 2032 ὁ
3488 1968 3726 2059 Χριστὸς,

2170 2058 2225 2135 εί
2254 2082 2348 2135 καὶ
2375 2058 2432 2133 ἐν
2458 2080 2701 2150 ποτηρίῳ
2728 2081 2824 2134 καὶ
2846 2078 2997 2149 ἄρτῳ
3039 2074 3345 2145 καθορᾶται
3362 2088 3377 2103 ο
3413 2067 3553 2161 miti
3581 2058 3730 2161 αὺτδξ

2173 2173 2476 2245 στηριγμός
2508 2189 2569 2226 τε
2594 2172 2683 2225 διὰ
2716 2171 2809 2226 τοῦ
2839 2170 3030 2242 ἄρτου.
3054 2170 3151 2222 καὶ
3190 2161 3506 2237 εὐφροσύνη
3532 2157 3616 2211 διὰ
3644 2157 3730 2207 τοῦ

2171 2266 2433 2337 ποτηρίου
2454 2281 2470 2297 ⁸
2501 2265 2595 2320 καὶ
2623 2264 2817 2334 εἰρήνη
2848 2263 3005 2334 ἡμῶν
3036 2264 3169 2315 ἐστι.
3195 2259 3356 2314 Μετὰ
3386 2254 3541 2309 τοῦτο
3568 2250 3600 2321 ἡ
3626 2264 3731 2302 κοι-

2130 2391 2143 2397 -
2171 2360 2359 2427 νωνία,
2391 2363 2475 2415 ὅτι
2502 2360 2659 2413 τοῦτο
2715 2358 2869 2421 τέλος
2916 2357 3198 2417 ἁπάντων,
3232 2354 3266 2423 ἡ
3303 2349 3440 2404 Θεοῦ
3472 2340 3726 2403 κοικωνίαο

2172 2457 2267 2507 καὶ
2299 2450 2573 2520 τὸίᾶκρως
2605 2449 2763 2505 τοῦτο
2817 2448 3024 2518 ἀγαθόν
3079 2464 3138 2501 τε
3180 2447 3275 2500 καὶ
3329 2438 3539 2512 sepe-adv.
3590 2432 3732 2490 Κατὰ

2172 2545 2324 2612 τάξιν
2370 2544 2429 2599 δὲ
2457 2545 2551 2599 καὶ
2601 2543 2766 2614 αὕτη,
2816 2544 2893 2608 ὡς
2942 2541 3385 2612 προειρήκαμεν,
3420 2536 3622 2607 γίνεται
3653 2525 3731 2582 διὰ

2172 2640 2272 2707 τὴν
2301 2637 2556 2702 εὐταξίαν
2587 2652 2646 2689 τε
2670 2622 2789 2689 ’καὶ
2841 2632 3210 2702 δικαιοσύνην,
3251 2633 3359 2685 καὶ
3384 2628 3480 2700 τὴν
3513 2625 3615 2683 ἀπὸ
3641 2619 3731 2689 τῆς

2172 2728 2678 2800 ταπεινοφροσύνης
2721 2727 3028 2782 εὐλάϐειαν.
3067 2727 3348 2788 Ἕκαστος
3404 2720 3512 2791 γὰρ
3564 2718 3619 2770 δν
3661 2709 3733 2781 τῷ

2170 2822 2359 2893 οίκείῳ
2381 2822 2622 2894 τάγματι
2641 2820 2857 2892 μετέχει
2882 2820 2992 2873 τῶν
3029 2817 3376 2889 μυστηρίων.
3411 2815 3618 2872 Δίκαιος
3638 2804 3736 2875 γὰρ

2174 2913 2252 2967 ὢν
2284 2915 2376 2967 καὶ
2411 2912 2574 2977 εὐθὺς
2609 2914 2638 2967 ὁ
2692 2912 2918 2984 Κύριος,
2948 2914 3007 2966 tv
3034 2910 3365 2984 δικαιοσύνῃ
3408 2904 3594 2992 sat)st
3620 2899 3756 2973 ἡμῖν.

2174 3010 2288 3071 τοῖς
2317 3009 2451 3062 πᾶσι
2475 3006 2723 3077 παρέχει.
2753 3004 2916 3060 Ὅθεν
2946 3005 3045 3059 καὶ
3068 3004 3289 3074 ἁμέσως
3327 2991 3427 3073 μὲν
3445 2998 3627 3053 τούτου
3655 2991 3736 3045 καὶ

491 3106 556 3146 ac
582 3092 790 3162 primus
815 3092 963 3146 hunc
995 3090 1308 3148 immediate
1332 3092 1625 3164 participat
1658 3093 1924 3165 pontifex,
1956 3097 2070 3152 sic-

2181 3099 2338 3167 μὸνος
2370 3097 2465 3152 καὶ
2492 3099 2709 3168 πρῶτος
2746 3097 2991 3151 κοινωνεῖ
3019 3098 3048 3149 ὀ
3081 3097 3309 3168 ἁρχιερε
3326 3098 3413 3159 ύς’
3460 3092 3536 3153 ὡς
3564 3086 3652 3141 καὶ
3683 3085 3734 3188 ἐν

492 3193 552 3240 ιιι
614 3184 669 3238 in
719 3184 1058 3253 arcltangelis
1116 3183 1273 3253 primi
1324 3185 1563 3254 primum
1632 3187 1981 3275 participant,
2018 3200 2074 3243 et

2175 3188 2285 3248 τοῖς
2315 3186 2674 3257 ἀρχαγγὲλοις
2722 3187 2772 3239 οἱ
2803 3186 3014 3255 πρῶτοι
3050 3185 3267 3255 πρῶτον
3318 3184 3622 3256 μετέχουσι,
3654 3173 3738 3275 κρῖ

495 3292 592 3347 per
621 3276 772 3346 ipsos
826 3277 1016 3343 medii,
1054 3285 1106 3330 et
1140 3284 1265 3346 post
1324 3278 1478 3347 ipsus
1525 3279 1728 3346 caeteri,
1785 3280 1931 3336 sicut
1999 3282 2078 3338 ait

495 3369 810 3441 Dionysius.
843 3369 997 3425 [inde
1026 3370 1193 3425 etiam
1248 3386 1343 3441 per
1399 3387 1675 3427 summum
1731 3375 2071 3431 sacerdotem

491 3461 733 3532 episCOpi
764 3471 818 3516 et
844 3462 1168 3533 presbyteri,
1197 3472 1251 3517 et
1283 3478 1379 3533 per
1409 3466 1724 3522 sacerdotes
1751 3468 2075 3538 reliquiom-

498 3571 596 3611 nes
686 3557 1001 3611 sacerdotes
1061 3562 1116 3609 et
1167 3553 1407 3613 diaconi.
1472 3555 1677 3613 Ultimo
1726 3573 1856 3617 vero
1904 3562 2080 3619 sacris

494 3648 661 3703 divini
699 3650 856 3721 panis
889 3648 1133 3719 reliquiis
1176 3650 1230 3704 in
1268 3650 1491 3707 calicem
1524 3652 1856 3710 intromissis
1882 3667 2073 3714 osten-

494 3741 644 3797 ditur
686 3742 943 3799 omnibus
992 3744 1156 3809 istud,
1214 3746 1359 3813 quod
1420 3755 1507 3801 est
1558 3744 1833 3813 Christus,
1896 3748 2074 3818 ipsum

493 3831 669 3907 ipsius
699 3848 828 3888 vere
858 3849 1059 3905 corpus
1116 3842 1171 3890 et.
1222 3834 1472 3907 sanguis,
1527 3851 1649 3907 quae
1692 3848 1915 3909 propter
1975 3854 2076 3896 nos

494 3940 657 3982 suum
685 3927 948 3996 populum
987 3928 1353 4009 peculiarem,
1406 3931 1666 3996 sacravit,
1723 3943 1779 3987 et
1826 3933 2073 4000 gttstari,

496 4022 691 4090 videri,
717 4023 976 4095 tangique
997 4024 1206 4093 praebet
1229 4037 1295 4077 ac
1312 4023 1610 4081 desiderat.
1641 4023 1857 4081 Idcirco
1900 4038 2074 4095 popu-

498 4114 582 4171 lus
611 4124 838 4171 sanctus
873 4128 941 4169 ex
999 4115 1179 4170 anima
1208 4117 1353 4172 videt
1396 4116 1546 4172 illum
1583 4124 1636 4171 et
1693 4117 1908 4184 adorat,
1935 4119 2081 4175 etab

498 4206 618 4278 ipso
644 4205 903 4263 salutaria
936 4207 1091 4276 petit,
1127 4205 1258 4263 dum
1307 4207 1574 4263 diaconus
1599 4208 1819 4276 quidem
1879 4209 2081 4266 clamat

497 4296 955 4368 progrediendum
1005 4312 1130 4353 esse
1184 4313 1308 4355 cum
1365 4310 1515 4359 metu
1574 4298 1672 4354 Dei
1731 4314 1796 4353 ac
1848 4298 1977 4365 ﬁde,
2010 4315 2082 4356 ne

496 4388 642 4445 forte
681 4389 900 4461 quidam
932 4390 1260 4459 participare
1306 4390 1692 4459 procedentes,
1716 4389 1771 4445 in
1800 4389 2074 4459 judicium

2173 3278 2241 3333 δι’
2274 3278 2456 3333 αὐτῶν
2483 3279 2538 3333 oi
2573 3279 2752 3349 μέσοι,
2793 3280 2889 3333 καὶ
2928 3279 3048 3348 μετ’
3092 3276 3344 3343 ἐκείνους
3377 3280 3424 3331 oi
3454 3271 3642 3335 λοιπᾲ,
3672 3266 3737 3327 ὣς

2176 3388 2307 3441 φησι
2338 3372 2634 3435 Διονύσιος.
2680 3370 2846 3425 Ὅθεν
2890 3372 2984 3426 καὶ
3017 3371 3085 3425 δι’
3119 3372 3432 3445 ἀρχιερέως
3472 3357 3738 3423 ἐπίσκοποί

2174 3479 2235 3516 τε
2267 3466 2365 3516 καὶ
2392 3465 2580 3534 ίερεῐς,
2613 3465 2707 3518 καὶ
2735 3463 2823 3517 διὰ
2876 3462 2985 3517 τῶν
3030 3464 3222 3535 ἱερέων
3257 3466 3307 3518 οἱ
3348 3463 3522 3516 λοιποὶ
3553 3458 3737 3514 πάντες

2177 3555 2341 3624 ἱ⁸ρεῖίῖ
2381 3557 2475 3609 καὶ
2511 3555 2772 3610 διάκονοι.
2805 3555 3077 3627 ’Ὕστερον
3117 3555 3163 3609 δ’
3186 3554 3354 3622 αὖθις
3381 3547 3740 3623 είσκομισθέν-

2174 3638 2285 3701 δτων
2317 3646 2425 3700 τῶν
2451 3648 2614 3719 ἱερῶν
2647 3647 2920 3719 λειψάνων
2938 3642 3048 3704 ’τοῦ
3092 3650 3238 3705 θείου
3283 3651 3461 3722 ἄρτου
3500 3650 3556 3704 εν
3578 3644 3650 3713 τῷ
3679 3642 3742 3693 ίε·

2181 3737 2258 3809 ρῷ
2303 3741 2574 3810 ποτηρίῳ,
2603 3739 2877 3794 δείκνυται
2918 3739 3081 3796 τοῦτο
3147 3743 3343 3807 πᾶσιν,
3388 3743 3525 3811 ὅπερ
3559 3736 3694 3792 ἐστὶν
3718 3733 3744 3786 ὁ

2177 3831 2434 3901 Χριστὸς,
2468 3832 2601 3886 αὐτὸ
2628 3831 2795 3886 αὐτοῦ
2835 3832 3053 3903 ἀληθῶς
3099 3835 3159 3889 τὸ
3198 3835 3370 3906 σῶμα
3412 3836 3505 3890 καὶ
3534 3828 3686 3901 αἷμα.
3713 3825 3746 3880 ἃ

2176 3923 2265 3976 διὰ
2298 3923 2389 3975 τὸν
2408 3922 2537 3977 λαὸν
2570 3925 2737 3977 αὐτοῦ
2761 3925 2854 3977 τὸν
2887 3926 3196 3995 περιούσιον
3222 3928 3379 3998 ἡμᾶς
3417 3925 3743 3998 ἱερούργησεν

2179 4014 2275 4067 καὶ
2305 4014 2564 4082 γεύεσθαι
2610 4017 2702 4070 καὶ
2730 4015 2951 4088 βλέπειν
2982 4019 3076 4095 καίι
3106 4018 3388 4073 ἅπτεσθαι
3424 4017 3647 4089 παρέχει
3693 4025 3746 4063 τι

2180 4104 2280 4158 καὶ
2312 4106 2544 4174 ἐφίεται.
2578 4107 2671 4161 Διὸ
2696 4109 2795 4162 καὶ
2829 4110 2856 4161 ὁ
2880 4108 3024 4180 ἱερὸς
3052 4108 3182 4174 λαός
3212 4110 3277 4164 ὲκ
3306 4109 3488 4182 ψυχῆς
3516 4107 3614 4180 ὁρᾷ
3640 4102 3748 4158 τοῦ·

2178 4215 2291 4264 τον,
2322 4198 2417 4252 καὶ
2450 4204 2769 4269 προσκυνεῖ,
2797 4202 2892 4255 καὶ
2921 4202 2991 4258 τὰ
3015 4204 3156 4275 πρὸς
3178 4207 3465 4277 σωτηρίαν
3492 4203 3713 4260 αἰτεῖται
3730 4211 3744 4228 ⁸

2180 4290 2270 4345 τοῦ
2296 4292 2546 4353 διακόνου
2580 4294 2680 4366 μὲν
2708 4295 2939 4366 βοῶντος
2958 4297 3023 4351 τὸ
3059 4299 3385 4369 προσελθεῖν
3420 4298 3561 4369 μετὰ
3586 4292 3753 4370 φόϐου,

2181 4384 2317 4441 Θεοῦ
2346 4387 2446 4440 καὶ
2497 4388 2757 4451 πίστεως,
2800 4390 2889 4442 ἵνα
2916 4393 3222 4461 ,μετασχεῖν
3252 4409 3409 4458 τινες
3440 4385 3748 4462 προσελθόν-

500 4481 606 4537 sibi
638 4480 968 4552 participent
1004 4496 1021 4549 ;
1053 4495 1303 4538 summus
1354 4495 1487 4539 vero
1549 4480 1807 4538 sacerdos
1856 4496 2082 4551 progre-

2186 4494 2298 4543 τες,
2331 4479 2408 4549 μὴ
2439 4481 2518 4543 είς
2573 4481 2748 4549 κρίμα
2793 4483 3136 4552 μετάσχωσιν
3167 4485 3383 4550 ἑαυτοῖς
3405 4502 3421 4516 ’
3448 4485 3543 4540 τοῦ
3568 4485 3746 4552 ἀρχιε-

494 4572 776 4628 dieutibus
799 4572 892 4627 dat
921 4588 1016 4643 per
1041 4588 1231 4629 ansam
1264 4572 1615 4644 participare.
1642 4571 1708 4627 Et
1729 4573 1837 4631 hoe
1879 4589 2081 4632 secun-

502 4662 630 4717 dum
671 4661 824 4718 Isaiae
848 4662 1150 4721 visionem:
1181 4662 1441 4733 quoniam
1470 4678 1578 4717 non
1611 4678 1811 4721 omnes
1841 4672 2081 4735 oportet,

504 4761 565 4809 ut
596 4754 797 4810 dictum
826 4763 930 4822 est,
961 4755 1275 4811 immediate
1300 4754 1615 4823 divinorum
1666 4769 1731 4811 ac
1771 4757 2086 4813 tremendo-

502 4862 627 4903 rum
654 4863 777 4906 esse
819 4847 1164 4920 participes;
1221 4857 1277 4902 et
1335 4849 1597 4917 quoniam
1656 4865 1822 4920 super
1879 4852 2087 4910 divinis

512 4940 690 4996 vereri
753 4940 1422 5011 circumspectionemque
1457 4950 1643 4999 tenere
1689 4957 1922 5000 necesse
1975 4955 2081 5002 est.

503 5031 567 5086 Si
607 5031 910 5088 Clterubim
950 5044 1330 5098 revereantur,
1362 5040 1569 5100 quanto
1599 5036 1776 5103 magis
1794 5051 1896 5091 nos
1921 5052 2085 5108 opor-

500 5132 584 5181 tet
604 5124 871 5189 revereri,
918 5138 1043 5178 cum
1081 5122 1247 5178 etiam
1308 5124 1363 5176 in
1422 5123 1510 5180 his
1581 5140 1693 5181 non
1753 5131 2085 5198 typum,sed

501 5215 679 5286 ipsam
717 5216 999 5279 veritatem
1042 5214 1461 5283 conspicimus?
1488 5218 1614 5277 ideo
1650 5219 1717 5275 ad
1770 5222 2083 5290 pontiﬁcem

505 5306 591 5361 vel
657 5306 996 5361 sacerdotem
1080 5303 1264 5360 divina
1326 5309 1585 5378 mysteria
1658 5312 2087 5401 distribuenteu:

507 5402 724 5463 oportet
766 5396 1158 5462 procedentem
1186 5398 1252 5453 ad
1286 5402 1809 5461 communicandum
1855 5396 2090 5462 adorare

506 5496 563 5541 et
642 5488 860 5542 veniam
918 5489 1288 5559 expostulare,
1375 5502 1631 5564 tanquam
1693 5496 1764 5551 ab
1831 5499 2089 5555 omnibus

510 5577 763 5634 ﬁdelibus
789 5579 983 5647 prius;
1018 5589 1075 5636 et
1102 5582 1279 5649 ipsum
1315 5583 1369 5637 in
1418 5586 1590 5642 calice
1626 5587 1900 5644 viventem
1958 5606 2085 5646 cum

510 5668 776 5738 sanguine
805 5684 1020 5741 panem,
1068 5687 1243 5743 usque
1270 5675 1337 5733 ad
1369 5679 1545 5734 solum
1563 5695 1624 5735 ex
1646 5680 1835 5742 animo
1860 5691 2080 5752 oportet

472 5757 760 5822 _adorare,
793 5767 847 5816 et
867 5760 967 5833 ,sic
989 5776 1185 5820 manus
1219 5765 1274 5822 in
1319 5783 1541 5825 crucem
1574 5770 1856 5841 colligere,
1889 5773 1947 5831 in
1965 5788 2080 5832 ser-

2183 4568 2319 4640 ρέως
2343 4570 2400 4622 δὲ
2432 4572 2543 4632 τοῖς
2566 4572 2924 4641 προσελθοῦσι
2951 4574 3277 4643 μεταλαϐεῖν
3295 4577 3531 4636 διδόντος
3553 4572 3638 4629 διὰ
3668 4570 3753 4623 λα·

2181 4661 2323 4726 σίδος
2345 4679 2357 4692 ·
2384 4664 2478 4719 καὶ
2496 4665 2652 4721 τοῧτο
2675 4669 2813 4721 κατὰ
2832 4667 2931 4740 τὴν
2942 4669 3211 4727 ὀπτασίαν
3230 4671 3327 4726 τοῦ
3347 4674 3390 4742 1
3403 4673 3506 4743 ιθ
3519 4667 3753 4727 Ἠσαίου,

2181 4755 2265 4809 ὅτι
2315 4756 2375 4808 οὐ
2440 4759 2547 4828 χρὴ
2608 4759 2814 4833 πάντας
2878 4761 3101 4831 ἁμέσως
3152 4765 3426 4834 μετέχειν,
3476 4764 3550 4825 ὡς
3608 4757 3753 4826 εἴρη-

2181 4865 2293 4907 ται.
2342 4850 2450 4902 τῶν
2513 4850 2672 4904 θείων
2727 4869 2789 4907 τε
2820 4855 2915 4909 καὶ
2946 4856 3192 4923 φρικτῶν
3213 4873 3226 4887 ο
3260 4861 3352 4911 καὶ
3421 4859 3506 4912 ὅτι
3536 4854 3626 4907 ἐπὶ
3649 4850 3753 4908 τοῖς

2185 4942 2347 5005 θείοις
2379 4942 2727 5000 εὐλαϐεῖσθαι
2764 4946 2848 5000 δεῖ
2883 4951 2977 5002 καὶ
3027 4950 3437 5004 συστέλλεσθαι.
3470 4949 3578 5001 Καὶ
3609 4943 3656 4996 εί
3684 4938 3749 4992 τὰ

2184 5035 2471 5109 Χερουσὶμ
2494 5037 2807 5107 ηὐλαϐεῖιο,
2834 5041 3015 5111 πολλῷ
3035 5057 3100 5108 γε
3126 5041 3329 5111 μᾶλλον
3347 5041 3499 5112 ἡμᾶς
3517 5034 3754 5091 εὐλαϐεῖ-

2186 5130 2309 5187 σθαι
2339 5129 2479 5203 χρὴ,
2531 5134 2629 5186 καὶ
2656 5133 2922 5190 causam
2954 5133 3148 5198 τύπον,
3189 5135 3329 5190 ἀλλὰ
3372 5134 3475 5204 τὴν
3507 5126 3756 5201 manu

2183 5221 2427 5293 ὁρῶντας
2452 5223 2648 5295 αὐτήν.
2689 5225 2782 5279 Διδ
2831 5226 2923 5280 τόν
2971 5243 3032 5280 τε
3056 5227 3291 5298 νέμοντα
3325 5221 3647 5298 ίερὰρχηνῆ
3681 5219 3756 5271 ιε’

2190 5313 2289 5384 ρέα
2314 5315 2383 5368 τὰ
2403 5315 2523 5371 θεῖα
2554 5320 2831 5388 μυστήρια
2892 5318 2976 5372 δεῖ
2999 5319 3091 5373 τὸν
3125 5308 3562 5391 προσερχόμενον
3597 5327 3756 5381 μετα-

2186 5407 2397 5473 λαϐεῖν,
2425 5412 2751 5480 προσκυνεῖν
2788 5413 2883 5465 καὶ
2920 5412 3272 5484 συγχώρησιν
3300 5408 3657 5477 ἐξαιτεῖσθαι.
3684 5402 3759 5463 ὡς

2188 5501 2283 5553 καὶ
2304 5504 2458 5571 παρὰ
2489 5502 2598 5555 τῶν
2622 5504 2831 5557 πιστῶν
2875 5505 3095 5558 πάντων
3122 5506 3406 5576 πρότερον.
3450 5501 3563 5554 Καὶ
3602 5494 3760 5550 αὐτὸν

2189 5593 2255 5661 δὴ
2281 5596 2372 5647 τὸν
2393 5598 2450 5648 ὲν
2482 5595 2561 5666 τῷ
2598 5597 2849 5667 ποτηρίῳ
2876 5598 3059 5662 ζῶντα
3099 5600 3266 5669 ἄρτον
3295 5598 3434 5670 μετὰ
3471 5594 3566 5648 τοῦ
3597 5591 3759 5657 αἵμα·

2188 5701 2281 5749 τος
2330 5686 2489 5757 ἄχρις
2526 5690 2761 5758 ἐδάφους
2806 5691 3084 5762 ὀλοψύχως
3117 5692 3201 5745 δεῖ
3259 5688 3621 5764 προσκυνεῖν
3669 5679 3761 5734 καὶ

2189 5776 2335 5835 οὓτω
2358 5783 2457 5846 τὰς
2490 5785 2684 5850 χεῖρας
2714 5782 2942 5851 δεσμεῖν
2978 5786 3292 5852 σταυρεκῶς
3321 5785 3400 5846 είς
3418 5777 3643 5843 Ινδειξιν
3663 5774 3756 5833 τῆς
