4038 6434
325 317 422 383 301

1577 318 1673 378 DE
1708 314 1946 379 SACRA
1988 318 2391 380 LITURGIA.

3472 362 3479 379 η
3503 320 3606 383 302

324 434 569 497 δουλείας
614 433 707 487 καὶ
740 432 836 500 τῆς
866 431 958 485 τοῦ
979 430 1397 502 ὲσταυρωμὲνου
1435 429 1725 500 ὁμολογίας
1752 447 1764 460 ·
1800 428 1920 482 ἐπεὶ

2034 427 2220 483 vitutis
2253 443 2315 484 ac
2348 429 2594 485 cruciflxi
2642 429 3017 486 confessionis
3056 429 3294 499 signum;
3335 430 3603 496 siquidem

325 529 419 583 καὶ
438 528 608 580 αὐτου
633 527 961 595 κοινωνῆσαι
998 524 1406 594 προσέρχεται·
1472 527 1563 579 καὶ
1597 523 1742 578 οὕτω
1776 524 1917 593 μετὰ

324 619 491 689 φόϐου
520 618 611 670 καὶ
640 618 843 688 φρίκης
864 618 956 669 καὶ
990 617 1376 679 ταπεινώσεως
1407 615 1639 686 καρδίας
1681 616 1916 686 προσέρ-

322 713 531 785 χεσθαι.
573 710 906 763 Κοινωνοῦσι
968 708 1153 762 τοίνυν
1205 708 1409 772 εὐθύςο
1456 708 1671 779 πρῶτον
1713 710 1808 777 μὲν
1864 709 1913 759 οἱ

323 803 420 855 καὶ
466 802 694 854 πάντοτε
730 804 871 854 κατά
926 802 1109 854 πᾶσαν
1159 800 1471 869 ἱερουργίαν
1523 796 1915 862 κοινωνοῦντες

325 896 690 958 ὐπώιάκονοι,
718 896 799 946 ὅτι
826 895 967 958 μεσά
997 894 1121 954 τοὺς
1156 891 1439 953 διακόνους
1468 883 1615 943 οὗτοι
1648 906 1659 918 ·
1695 890 1791 944 καὶ
1816 890 1915 942 οὐκ

325 987 479 1040 ἄδεια
509 986 720 1047 τούτοις
744 983 889 1037 ἔνδον
919 983 1014 1035 τοῦ
1128 999 1295 1049 ματος
1322 982 1601 1035 κοινωνεῖν
1627 998 1640 1011 ’
1678 982 1760 1035 ὅτι
1795 980 1913 1033 οὐδὲ

330 1078 482 1139 ἐντὸς
496 1075 988 1147 ικεχειροτόνηνται
1011 1090 1025 1104 ·
1060 1074 1251 1127 ἔπειτα
1290 1074 1639 1140 ἀναγνῶσται
1675 1074 1770 1124 καὶ
1809 1089 1903 1140 μο-

326 1169 480 1239 ναχοί
504 1184 519 1200 ⁸
570 1170 665 1222 καὶ
702 1168 823 1237 μετ’
876 1166 1073 1227 αὐτοὺς
1104 1165 1153 1217 oi
1202 1164 1416 1217 λαῖκοίο
1455 1162 1584 1216 οὔτε
1614 1164 1726 1234 γὰρ
1762 1163 1917 1225 ἐντος

325 1261 419 1313 τοῦ
486 1259 729 1329 βήματος
788 1257 929 1326 πλὴν
976 1256 1306 1329 ἀρχιερέων,
1366 1256 1761 1327 πρεσϐυτέρων
1822 1256 1917 1309 καὶ

329 1353 591 1405 διακόνων
614 1368 696 1415 τις
730 1350 910 1415 άλλως
946 1348 1395 1418 μεταλαμϐάνει,
1424 1348 1505 1400 ὅτι
1538 1348 1632 1398 καὶ
1684 1348 1739 1398 al
1766 1349 1916 1417 τρεῖς

330 1439 691 1508 τάξειςαῦται
720 1442 870 1504 ἐντὸς
924 1440 1085 1510 μόναι
1113 1436 1551 1509 χειροτονοῦνται
1602 1438 1693 1489 τοῦ
1738 1436 1917 1507 βήμα-

330 1554 440 1599 τος.
470 1538 531 1590 Ol
558 1534 736 1587 λοιποὶ
757 1534 813 1587 δὲ
854 1533 1056 1600 ἔξωθεν
1089 1533 1283 1585 τούτου
1334 1531 1457 1593 οὐτε
1495 1531 1574 1592 είς
1604 1529 1701 1591 τὰς
1727 1530 1917 1599 χεῖρας

332 1627 424 1680 τὸν
449 1627 592 1679 θεῖον
640 1626 804 1695 ἄρτον
836 1623 1229 1692 λαμϐάνουσιν,
1268 1621 1672 1692 ὑποϐεϐηκότες
1715 1623 1779 1691 τῇ
1821 1620 1914 1672 τά·

335 1721 414 1786 ξει
459 1717 675 1772 καὶτοῦ
717 1718 949 1787 ἐσχάτου
1014 1718 1215 1784 μέρους
1242 1715 1527 1777 τελοῦντες
1580 1712 1662 1784 τῷ
1695 1711 1910 1783 βαθιιῷ,

334 1811 438 1863 κᾶν
463 1812 628 1880 ἀρετῇ
662 1811 993 1880 ὐπερέχωσι.
1036 1810 1129 1863 Διὸ
1175 1811 1269 1863 καὶ
1312 1810 1547 1862 ἕκαστον
1581 1809 1771 1862 τοῦτον
1806 1805 1914 1876 χρὴ
1952 1787 1990 1841 Β

334 1904 436 1973 τὴν
484 1902 638 1968 τάξιν
670 1902 835 1955 αὐτοῦ
886 1904 1095 1972 τηρεῖν,
1154 1901 1228 1964 ὡς
1263 1904 1360 1954 καὶ
1390 1903 1419 1954 6
1449 1900 1664 1959 Παῦλος
1700 1915 1918 1968 παραγ-

336 1996 534 2063 γέλλει,
578 2014 595 2046 ι
626 1995 917 2060 Ἕκαστος,
976 1994 1175 2061 λέγων,
1211 1996 1270 2047 ἰν
1402 1994 1613 2065 ,ἐκλήθη
1644 1993 1816 2058 τάξει,
1858 1995 1918 2047 ἐν

336 2085 505 2155 ταύτῃ
562 2086 799 2154 μενέτωο
830 2104 847 2135 ι
898 2083 987 2137 ἴνα
1021 2086 1118 2137 καὶ
1175 2086 1377 2152 μᾶλλον
1430 2086 1458 2137 6
1511 2082 1766 2153 θεμέλιος
1801 2083 1943 2141 τῶνα

334 2175 546 2244 ἀρετῶν
582 2175 637 2227 ἐν
674 2172 850 2242 τούτῳ
897 2172 1250 2242 εὑρίσκηται,
1295 2174 1328 2243 ή
1375 2173 1749 2234 ταπείνωσις’
1794 2172 1918 2241 ἥτις

335 2267 427 2321 καὶ
446 2267 504 2318 ὲν
523 2266 771 2333 ἀγγέλοις
792 2266 929 2317 ἐττε-
955 2266 1047 2317 uti
1070 2267 1127 2318 ἐν
1159 2268 1237 2332 τῷ
1262 2264 1509 2334 μέλλοντι
1535 2264 1708 2326 οὕτως
1735 2264 1911 2317 ἔσται.

342 2376 361 2410 t
391 2358 663 2419 Ἕκαστος
714 2355 793 2419 δὲ,
857 2358 993 2423 φησι
1052 2355 1216 2408 πάλιν
1251 2356 1480 2421 Παῦλος,
1536 2357 1596 2408 ἑν
1624 2355 1702 2424 τῷ
1728 2354 1918 2423 οἰκείῳ

335 2451 594 2517 τάγματι.
636 2465 654 2498 ι
683 2448 952 2516 ’Υστερον
985 2448 1041 2500 δὲ
1064 2447 1200 2517 πρὸς
1225 2444 1314 2499 τὸν
1335 2447 1466 2500 λαὸν
1509 2449 1543 2515 ἡ
1588 2446 1808 2514 εὐλογία
1840 2445 1918 2499 δί-

332 2542 502 2602 δοται,
529 2541 604 2603 ὡς
630 2540 741 2595 ἀπὸ
786 2540 879 2593 τοῦ
917 2541 1167 2611 Σωτῆρος
1190 2540 1376 2605 αὐτοῦ,
1409 2540 1475 2609 ἢν
1492 2537 1557 2609 δὴ
1590 2541 1617 2591 ό
1651 2539 1917 2609 ἰεράρχης

335 2639 589 2699 ποιεῖται,
627 2635 720 2687 καὶ
778 2632 1057 2702 σωτηρίαν
1093 2634 1260 2684 πᾶσιν
1291 2630 1608 2701 ἐπεύχεται.
1652 2625 1789 2683 Εἶτα
1822 2630 1919 2682 καὶ

336 2728 504 2798 θυμιᾷ
539 2728 679 2799 ὲντῇ
720 2726 974 2799 τραπέζῃ
1012 2724 1178 2779 πάλιν
1210 2722 1277 2775 τά
1311 2722 1465 2791 ἅγια,
1522 2724 1591 2775 τὰ
1613 2723 1715 2792 τῆς
1755 2722 1913 2774 Ἀναο

332 2821 548 2890 λήψεως
577 2819 771 2887 λέγων,
804 2816 1148 2889 εὐχαριστῶν
1182 2815 1257 2885 τῷ
1298 2816 1440 2886 ὑπὲρ
1478 2815 1631 2886 ήμῶν
1663 2816 1758 2867 καὶ
1787 2830 1915 2883 σαρ-

335 2911 565 2965 κωθέντι
596 2911 688 2963 καὶ
733 2909 962 2962 παθόντι
1012 2910 1106 2962 καὶ
1154 2908 1451 2963 ἀναστάντι
1483 2911 1667 2976 σαρκὶ,
1703 2906 1800 2960 καὶ
1838 2907 1923 2967 εἰς

334 3006 594 3077 οὐρανοὺς
624 3004 986 3073 ἀνυψωθὲντι,
1014 3004 1107 3057 καὶ
1134 3002 1319 3067 ζῶντι,
1360 3003 1456 3054 καὶ
1481 3004 1577 3070 τῆς
1610 3001 1768 3070 δόξης
1818 2999 1920 3053 αὐ-

2024 520 2091 575 ad
2120 522 2296 589 ipsum
2358 521 2797 591 participandum
2824 523 2973 576 venit
3008 538 3022 588 ;
3058 532 3111 575 et
3147 521 3220 574 ita
3283 536 3409 576 cum
3452 529 3602 575 metu

2022 626 2085 666 ac
2148 622 2383 665 tremore
2441 618 2606 680 atque
2671 611 2983 677 humilitate
3038 612 3218 665 cordis
3284 612 3600 680 procedere.

2022 703 2444 756 Communicant
2478 717 2609 771 ergo
2661 702 2870 769 statim,
2902 704 3079 773 primo
3135 702 3354 773 quidem
3398 703 3474 756 illi
3509 705 3602 771 qui

2024 807 2240 862 semper
2273 792 2324 846 in
2356 807 2515 848 sacra
2551 793 2835 848 functione
2878 795 3288 849 communicant
3316 795 3608 849 subdiaco-

2038 888 2116 951 ni,
2153 886 2409 955 quoniam
2444 899 2567 957 post
2610 888 2867 943 diaconos
2902 888 2990 943 isti
3029 896 3174 955 sunt,
3205 904 3303 943 nec
3326 889 3457 958 ipsis
3490 890 3609 942 liri-

2024 986 2134 1030 tnm
2166 987 2251 1032 est
2280 979 2420 1033 intra
2459 982 2834 1034 sanctuarium
2883 981 3313 1043 communicare,
3347 995 3413 1035 eo
3458 981 3604 1051 quod

2022 1086 2132 1125 non
2172 1070 2321 1127 intus
2355 1072 2596 1126 ordinati
2629 1081 2753 1126 Sunt
2780 1088 2795 1140 ;
2827 1064 3025 1127 deinde
3058 1073 3287 1128 lectores
3315 1082 3370 1127 et
3411 1087 3604 1127 mona-

2020 1162 2130 1227 chi,
2153 1172 2206 1217 ct
2228 1172 2347 1229 post
2382 1166 2528 1233 ipsos
2549 1164 2670 1217 laici
2696 1181 2708 1218 :
2740 1179 2849 1218 non
2869 1165 3012 1218 rnim
3037 1166 3181 1218 intra
3212 1165 3605 1227 sanctuarinm,

2020 1267 2221 1325 praeter
2253 1255 2568 1325 pontifices,
2602 1258 2957 1327 presbyteros
2992 1264 3044 1310 et
3086 1256 3372 1319 diaconos,
3397 1257 3601 1325 aliquis

2022 1346 2162 1399 alius
2205 1347 2577 1401 cennnunicat
2610 1363 2622 1411 ;
2660 1347 2919 1413 quoniam
2946 1356 3055 1401 tres
3092 1347 3167 1400 illi
3229 1349 3456 1403 ordines
3504 1348 3604 1416 ipsi

2022 1437 2125 1491 soli
2162 1437 2301 1489 intra
2336 1438 2709 1492 sanctuarium
2740 1438 3089 1492 ordinantur.
3134 1439 3329 1493 Caneri
3365 1454 3492 1494 vero
3538 1455 3605 1493 ex

2027 1537 2109 1581 tra
2149 1529 2305 1593 illud,
2343 1544 2444 1583 nec
2478 1531 2529 1583 in
2566 1544 2761 1584 manus
2793 1530 3039 1583 divinum
3073 1546 3263 1599 panem
3306 1532 3603 1600 actipiunt,

2027 1624 2086 1670 ut
2114 1617 2405 1673 inferiores
2437 1621 2629 1675 ordine
2670 1622 3139 1692 ternninantesque
3166 1623 3412 1677 ultimam
3445 1624 3607 1679 istius

2022 1718 2251 1781 partem,
2284 1714 2384 1767 etsi
2418 1714 2618 1767 virtute
2650 1714 3058 1781 praecmineant.
3092 1716 3281 1784 Itaque
3311 1717 3608 1786 unusquis-

2020 1819 2127 1874 que
2167 1803 2380 1859 illorum
2417 1803 2580 1858 debet
2616 1820 2775 1860 suum
2814 1806 3065 1859 ordinem
3102 1820 3347 1870 servare,
3380 1808 3525 1861 sicut
3551 1820 3607 1861 et

2021 1896 2225 1951 Paulus
2263 1898 2529 1966 prazcipit,
2556 1898 2744 1953 dicens
2774 1915 2787 1953 :
2824 1896 3246 1969 «Unusquisque
3284 1901 3337 1953 in
3372 1916 3481 1970 quo
3512 1917 3606 1955 vo-

2020 1994 2271 2043 catusest
2294 1989 2505 2053 ordine,
2530 1988 2584 2043 in
2607 1990 2705 2043 hoc
2730 2002 3077 2059 permaneat;
3114 2011 3130 2043 ι
3166 1994 3401 2048 utetiam
3433 1994 3605 2064 magis

2022 2079 2076 2133 in
2105 2081 2207 2134 hoc
2241 2083 2551 2136 inveniatur
2575 2084 2794 2138 virtutis
2825 2081 3266 2149 fundamentum,
3293 2086 3598 2148 humilitas,

2022 2188 2143 2242 qua:
2163 2172 2240 2226 vel
2266 2172 2316 2226 in
2339 2174 2548 2244 angelis
2575 2171 2746 2238 adest,
2769 2180 2822 2227 et
2844 2174 2895 2226 iu
2920 2172 3107 2228 futuro
3126 2174 3206 2229 sic
3226 2176 3351 2229 erit.
3382 2194 3400 2226 ι
3430 2175 3606 2229 Unus-

2021 2268 2274 2337 quisque,
2306 2266 2381 2319 ait
2422 2264 2597 2319 dcuuo
2652 2265 2871 2329 Paulus,
2931 2267 2984 2320 in
3036 2268 3258 2338 proprio
3320 2267 3532 2323 Ordine.
3584 2288 3600 2319 ι

2021 2360 2361 2413 Postremum
2396 2356 2461 2410 ad
2488 2357 2770 2426 populum,
2796 2366 3053 2427 tanquam
3073 2360 3140 2412 ab
3164 2359 3281 2428 ipso
3300 2357 3603 2423 Salvatorc,

2022 2451 2187 2505 datur
2218 2447 2550 2510 benedictio,
2585 2464 2746 2518 quam
2768 2448 3009 2517 pontifex
3041 2452 3314 2516 concedit,
3345 2454 3605 2508 omnibus

2021 2543 2324 2611 deprecans
2365 2538 2624 2594 salutem.
2652 2539 2845 2594 Postea
2871 2542 3151 2597 tlmrillcat
3186 2544 3385 2597 iterum
3413 2554 3606 2598 sancta

2022 2650 2187 2704 super
2222 2649 2486 2701 mensam,
2517 2650 2579 2691 ea
2639 2649 2760 2704 quae
2818 2636 3133 2694 refectionis
3195 2650 3323 2693 sunt
3377 2640 3589 2697 dicens.

2023 2731 2230 2801 gratias
2262 2743 2424 2797 agens
2457 2729 2531 2782 illi
2570 2730 2659 2797 qui
2706 2740 2928 2798 propter
2964 2744 3065 2784 nos
3116 2738 3198 2784 est
3256 2730 3601 2790 incarnatus.

2022 2840 2217 2896 passus
2249 2831 2352 2887 est,
2384 2823 2685 2877 resurrexit
2715 2837 2881 2877 carne
2916 2832 2972 2877 et
3003 2824 3055 2876 in
3095 2824 3264 2879 cmlos
3332 2824 3600 2883 ascendit.

2022 2929 2075 2973 ct
2105 2917 2258 2981 vivit,
2293 2924 2341 2971 et
2370 2916 2541 2985 gloria
2590 2928 2685 2969 sua
2749 2918 3059 2969 universam
3125 2925 3327 2970 terram
3389 2916 3603 2986 implet.

2026 3010 2089 3065 Et
2125 3016 2413 3079 postquam
2453 3007 2732 3063 benedixit
2763 3006 2951 3075 Deum,
2986 3008 3249 3077 reliquias
3296 3010 3609 3065 sanctifica-

334 3097 427 3150 τοῦ
454 3097 553 3166 τὴν
576 3090 679 3165 γῆύ
714 3097 896 3149 πᾶσαν
937 3095 1311 3164 πληρώσαντι.
1348 3095 1459 3147 Καὶ
1492 3093 1798 3161 εὐλογήσας
1826 3095 1920 3147 τὸν

2032 3111 2209 3156 torum
2238 3101 2290 3154 in
2329 3098 2697 3169 propositione
2720 3099 2812 3152 dat
2838 3098 3190 3165 auferendas,
3218 3108 3271 3154 et
3296 3116 3324 3154 a
3357 3102 3605 3155 diaconis

336 3187 488 3254 Θεὸν,
531 3188 747 3242 δίδωσιν
786 3187 1156 3258 ἀπενεχθῆναι
1211 3188 1279 3241 τὰ
1318 3186 1747 3257 περιλειφθέντα
1800 3186 1916 3241 τῶν

337 3281 507 3348 ἁγίων
532 3281 589 3334 ὲν
616 3284 682 3350 τῇ
719 3281 1000 3351 προθέσει,
1035 3280 1130 3334 καὶ
1156 3284 1307 3349 ποιρά
1339 3280 1447 3333 τῶν
1493 3280 1758 3333 διακόνων
1783 3280 1919 3333 διοι-

338 3374 595 3442 κηθῆναι.
628 3373 686 3426 '0
710 3373 965 3443 δεύτερος
992 3373 1049 3425 δὲ
1077 3373 1187 3424 τῶν
1217 3374 1412 3443 ίερὲων
1440 3374 1542 3442 τὴν
1560 3372 1920 3445 ὀπισθάμϐω-

338 3484 427 3521 νον
450 3465 614 3537 εὐχὴν
658 3467 802 3536 ὑπὲρ
830 3466 926 3519 τοῦ
960 3467 1093 3519 λαοῦ
1134 3464 1335 3531 ἔξωθεν
1362 3465 1455 3519 τοῦ
1494 3466 1645 3536 ίεροῦ
1676 3466 1923 3535 βήματος

338 3561 423 3624 είς
458 3561 693 3631 ἐπήκοον
719 3561 975 3629 ἐκφωνεῖ,
1012 3560 1305 3630 εὐχόμενος
1331 3559 1433 3629 μὲν
1458 3560 1663 3629 ταύτην
1697 3559 1797 3629 τὴν
1830 3576 1920 3611 τεο

338 3652 592 3707 λιυταίαν
624 3652 793 3723 εὐχὴν
824 3653 968 3723 ὑπὲρ
999 3651 1092 3704 τοῦ
1128 3651 1279 3715 λαοῦ,
1327 3651 1490 3721 ἔργον
1520 3652 1577 3703 δὲ
1615 3651 1789 3703 ποιῶν
1824 3650 1923 3704 τοῦ

337 3745 637 3814 ἀρχιερέως
664 3758 678 3772 ·
709 3744 791 3795 ὅτι
820 3744 914 3796 καὶ
952 3742 1005 3793 αἱ
1053 3744 1220 3810 ἁρχαὶ
1260 3741 1371 3792 τῶν
1396 3740 1575 3808 εὐχῶν
1604 3743 1699 3792 καὶ
1744 3740 1801 3792 τὸ
1829 3740 1914 3805 τέο

338 3837 427 3899 λος
459 3835 619 3906 ἔργον
679 3834 867 3890 αὐτοῦ.
930 3835 1122 3904 Ὅμως
1173 3836 1268 3887 καὶ
1301 3837 1328 3887 ὁ
1366 3834 1660 3904 ἀρχιερεὺς
1713 3832 1923 3900 ταύτην

339 3929 488 3983 ἔνδον
520 3929 798 3998 μυστικῶς
834 3929 968 3997 πρὸς
1012 3928 1104 3980 τὸν
1146 3928 1282 3981 Θεὸν
1303 3929 1592 3996 ἀναφέρει.
1624 3928 1722 3981 Διὰ
1762 3926 1927 3979 τοῦτο

340 4018 432 4073 οὖν
458 4022 555 4073 καὶ
585 4018 950 4089 προσελθόντα
993 4018 1288 4089 σφραγίςει
1346 4017 1437 4071 τὸν
1488 4018 1661 4088 ἱερέα,
1698 4018 1839 4088 μετά
1864 4018 1923 4071 τὺ

342 4113 517 4165 εἰπεῖν
544 4111 641 4183 τὴν
687 4112 876 4182 εὐχὴν,
910 4111 986 4175 ὡς
1033 4111 1320 4181 ὑπηρέτην
1349 4110 1483 4164 ὅντα
1515 4109 1712 4165 αὐτοῦ.
1749 4111 1923 4173 Αὐτὸς

341 4203 399 4255 δὲ
452 4201 618 4255 πάλιν
664 4205 692 4256 ὀ
745 4202 1010 4272 ἱεράρχης
1069 4202 1129 4255 τὸ
1170 4202 1387 4272 εἱλητὸν
1446 4203 1690 4271 εἱλήσας,
1732 4202 1824 4256 καὶ
1864 4201 1927 4253 τὸ

344 4294 681 4363 Εὐαγγέλιον
710 4296 845 4358 θεὶς,
880 4296 973 4347 καὶ
1006 4295 1397 4364 ἀσπασάμενος
1420 4294 1550 4346 αὐτὸ
1588 4294 1681 4346 καὶ
1710 4292 1810 4364 τὴν
1848 4296 1923 4345 ἰε-

345 4364 768 4455 ρὰνῖτράπεζαν,
797 4386 972 4455 δηλῶν
990 4386 1053 4437 ὲκ
1076 4384 1267 4438 τούτου
1298 4384 1371 4447 ὡς
1402 4385 1609 4439 ἐκεῖθεν
1640 4384 1920 4453 ἡγίασται,

2028 3194 2324 3263 separatim
2363 3192 2846 3247 administrandas.
2888 3192 3175 3247 Secundus
3208 3201 3390 3247 autem
3450 3210 3478 3247 e
3513 3210 3606 3248 sa-

2027 3284 2349 3341 cerdotibus
2380 3284 2738 3354 profectionis
2772 3284 3074 3340 orationem
3104 3294 3326 3356 prepter
3345 3288 3606 3357 populum
3677 3346 3680 3348 V
3708 3320 3716 3327 -

2025 3390 2179 3435 extra
2216 3380 2615 3443 sanctuarium,
2680 3380 2752 3433 ita
2813 3390 2871 3434 ut
2921 3381 3198 3444 audiatur,
3263 3383 3605 3450 pronuntiat,

2028 3470 2235 3524 faciens
2260 3468 2482 3538 quidem
2542 3470 2680 3521 hanc
2717 3469 2965 3522 ultimam
3018 3470 3332 3525 oratiOnem
3382 3488 3480 3541 pro
3517 3488 3612 3541 po-

2028 3561 2174 3631 pulo,
2211 3561 2306 3615 sed
2339 3575 2476 3630 opus
2514 3576 2682 3630 agens
2711 3560 3021 3630 pontificis:
3051 3576 3173 3614 nam
3197 3562 3351 3616 initia
3382 3579 3606 3633 precum

2026 3655 2169 3709 sicut
2199 3663 2252 3707 et
2284 3652 2410 3707 finis
2469 3668 2606 3721 opus
2646 3653 2797 3707 illius
2840 3662 2990 3706 sunt.
3048 3654 3304 3707 Attamen
3336 3665 3382 3707 et
3420 3656 3607 3723 ponti-

2028 3746 2113 3801 fex
2187 3746 2334 3799 intus
2395 3744 2461 3798 ad
2520 3743 2690 3797 Deum
2749 3745 2910 3799 istam
2992 3746 3315 3823 mysteriose
3380 3748 3605 3815 profert.

2025 3837 2326 3908 Propterea
2366 3837 2761 3906 regredientem
2796 3838 2978 3907 signat
3039 3839 3411 3907 sacerdotem,
3457 3853 3605 3911 post-

2026 3945 2189 4000 quam
2221 3930 2311 3982 hic
2365 3930 2665 3981 orationem
2700 3928 2858 3993 dixit,
2891 3938 3149 3999 tanquam
3217 3932 3389 4000 ipsius
3443 3936 3610 3987 mini-

2026 4031 2224 4077 strum.
2256 4021 2378 4090 Ipse
2402 4034 2533 4075 vero
2557 4036 2777 4075 rursum
2814 4018 3067 4076 Pontifex
3092 4024 3423 4078 convolvens
3454 4023 3613 4079 invo-

2031 4116 2247 4169 lucrum
2310 4114 2778 4184 Evangeliumque
2830 4117 3067 4184 positum
3135 4132 3304 4186 super
3365 4133 3611 4172 mensam

2026 4214 2309 4266 osculatus
2343 4218 2397 4264 et
2424 4212 2607 4277 istam,
2641 4211 2960 4280 significans
3009 4227 3074 4266 ex
3110 4214 3217 4267 isto
3244 4214 3391 4283 quod
3414 4216 3613 4270 exinde

2028 4304 2131 4358 fuit
2159 4303 2558 4368 sanctificatus,
2588 4312 2641 4356 et
2670 4306 2859 4359 unitus
2893 4313 2978 4359 est
3027 4306 3208 4370 altari,
3240 4322 3365 4360 cum
3398 4323 3459 4361 ea
3492 4324 3614 4377 ane

2029 4406 2157 4450 sunt
2188 4396 2421 4465 liturgiae
2455 4396 2771 4464 complevit,
2801 4398 2917 4450 exit
2965 4397 3030 4451 ad
3066 4401 3366 4454 sanctuarii
3396 4412 3608 4471 portas,

343 4480 438 4532 καὶ
482 4479 758 4548 ἡνωμένος
788 4479 883 4548 ,τῷ
930 4480 1309 4551 θυσιαστηρίῳ
1346 4480 1521 4542 ἐστὶν,
1572 4479 1693 4531 ἐπεὶ
1724 4479 1789 4530 τὰ
1818 4478 1917 4547 τῆς

2029 4499 2080 4542 et
2108 4488 2307 4558 populo
2336 4487 2652 4541 antidorum
2711 4488 3033 4555 distribuit;
3072 4491 3328 4559 quoniam
3364 4465 3470 4544 non
3526 4465 3613 4545 est

342 4568 682 4638 λειτουργίας
710 4564 986 4631 τετέλεκε,
1044 4570 1177 4639 πρὸς
1214 4570 1312 4632 τὰς
1349 4568 1519 4639 θύρας
1552 4568 1644 4621 τοῦ
1679 4570 1925 4638 βήματος

343 4659 533 4726 ἔξεισι,
594 4661 688 4713 καὶ
716 4660 793 4730 τῷ
822 4660 935 4730 λαῷ
974 4662 1030 4713 τὸ
1060 4662 1359 4731 ἁντίδωρον
1416 4661 1721 4728 ἀπονέμει·
1750 4663 1831 4714 ὅτι
1863 4663 1925 4714 οὐ

341 4752 435 4806 τοῦ
466 4752 707 4825 βήματος
738 4756 765 4808 6
791 4755 939 4817 λαὸς,
983 4753 1078 4807 καὶ
1109 4754 1191 4806 ὅτι
1225 4756 1335 4815 τοῖς
1364 4758 1646 4817 ταπεινοῖς
1667 4757 1693 4807 ὁ
1720 4752 1926 4822 ὑψηλὸς

346 4845 799 4913 συγκατέρχεται,
852 4844 943 4897 καὶ
970 4844 1165 4896 ἑαυτὸν
1206 4843 1391 4905 αὐτοῖς
1442 4843 1631 4896 δίδωσι
1659 4841 1920 4911 πολυτρό-

345 4956 482 4999 πως.

939 5052 984 5103 Κ
995 5051 1189 5105 ΕΦΑΛ.
1242 5051 1293 5104 ιν

344 5165 483 5235 Περὶ
534 5164 641 5220 τοῦ
670 5163 1022 5231 ἁντιὸώρου,
1056 5163 1155 5235 θεαὶ
1193 5162 1283 5215 ὅτι
1326 5161 1696 5230 ήγιασμένος
1743 5159 1926 5228 ἄρτος

1030 5230 1254 5310 οὗτοςμ

413 5391 586 5443 Τοῦτο
615 5389 668 5441 δὲ
702 5388 761 5440 τὸ
784 5387 1078 5455 ἀντίδωρον
1106 5386 1443 5457 ἡγιασμένος
1473 5387 1637 5455 ἄρτος
1665 5386 1836 5451 εστὶν,
1864 5387 1921 5437 ὲν

346 5488 410 5554 τῇ
437 5483 696 5553 προθέσει
728 5482 1136 5557 προσενεχθεὶς,
1166 5474 1227 5533 οὐ
1261 5480 1321 5530 τὸ
1368 5479 1695 5547 μεσαίτατον
1729 5478 1925 5548 ἐκϐλη-

347 5576 435 5628 θὲν
484 5572 835 5642 ίερουργήθη,
869 5575 963 5625 καὶ
1002 5571 1162 5638 σῶμα
1192 5570 1427 5638 Χριστοῦ
1464 5568 1708 5636 γέγονεν.
1778 5569 1923 5620 ’Λντὶ

346 5667 473 5734 γοῦν
505 5667 597 5720 τοῦ
646 5667 881 5736 μεγάλου
917 5664 1129 5717 ἐκείνου
1178 5664 1352 5732 δώρου
1390 5664 1488 5731 τῆς
1527 5663 1766 5732 φρικτῆς
1810 5677 1923 5712 κοι-

348 5762 561 5824 νωνίας.
610 5762 729 5812 ἐπεὶ
779 5761 839 5813 οὐ
887 5760 1085 5820 πάντες
1124 5758 1332 5809 ἐκείνου
1388 5758 1565 5809 ἱκανοὶ
1607 5757 1916 5824 μετασχεῖν,

2033 4580 2333 4635 sanctuarii
2377 4582 2635 4651 populus,
2661 4592 2714 4635 et
2762 4583 3021 4651 quoniam
3080 4583 3378 4638 humilibus
3435 4586 3616 4638 excel-

2032 4688 2126 4728 sus
2166 4673 2570 4736 condescendit,
2604 4674 3070 4743 semetipsumque
3093 4674 3185 4729 dat
3231 4677 3310 4731 eis
3340 4674 3614 4730 multifor-

2035 4762 2220 4816 initer.

2654 5030 2883 5085 CAPUT
2922 5032 2983 5086 C.

2030 5127 2104 5200 De
2150 5146 2398 5218 amittere
2440 5156 2488 5200 et
2527 5149 2665 5216 quod
2716 5148 2799 5198 hic
2822 5156 2909 5218 est
2943 5148 3097 5216 panis
3145 5146 3444 5202 benedictus
3496 5150 3609 5218 (qui

2099 5218 2215 5338 tace
2254 5215 2608 5271 Eucharistiw
2647 5217 2989 5271 distribuitur
3019 5235 3123 5270 non
3165 5215 3611 5275 communicanti-

2134 5291 2243 5354 us.)

2134 5303 2214 5339 us.

2102 5383 2215 5436 lloc
2258 5392 2437 5436 autem
2472 5384 2785 5437 antidorum
2836 5383 3213 5440 sanctificatus
3240 5394 3322 5439 est
3370 5386 3524 5456 panis
3553 5386 3609 5438 in

2024 5473 2297 5529 oblatione
2316 5474 2579 5543 prolatus,
2600 5478 2755 5547 Cujus
2776 5477 3004 5531 maxime
3024 5478 3260 5531 medium
3280 5485 3608 5539 extractum,

2028 5576 2408 5623 consecratum
2440 5581 2523 5622 est
2560 5568 2877 5638 factumque
2920 5569 3124 5624 Christi
3163 5585 3381 5638 corpus.
3435 5569 3608 5635 Hujus

2014 5658 2200 5730 igitur
2236 5659 2355 5713 loco
2420 5660 2600 5729 magni
2652 5661 2947 5715 tremenda:
2998 5659 3398 5715 communionis
3452 5658 3607 5721 dOni,

2030 5752 2287 5822 quoniam
2329 5766 2436 5805 non
2470 5766 2661 5804 onmcs
2686 5751 2829 5805 illius
2866 5763 3096 5821 possunt
3132 5769 3254 5809 esse
3296 5754 3607 5824 participes,
