4038 6440
466 273 571 334 3.93
1349 271 1732 335 SYMEONIS
1767 268 2517 339 TllESSALONICENSIS
2551 278 2909 340 ARCHIEP.
3320 302 3331 307 ‘
3611 293 3702 354 3(ιά

464 388 567 442 boc
592 400 690 457 pro
723 386 814 441 illo
834 386 1017 449 datur,
1067 394 1120 440 et
1166 385 1472 441 antidorum
1506 385 1726 455 proprie
1759 384 2040 454 c0gnorni-

2105 384 2301 439 ιτοῦτο
2339 388 2541 443 δίδοται
2583 391 2700 445 ἀντ’
2740 392 2972 457 ἐκείνου,
3030 393 3127 446 καὶ
3170 393 3466 466 ἀντίδωρον
3504 400 3700 469 οἰκείως

462 494 667 537 natur:
706 495 828 533 nam
868 481 1031 534 etiam
1072 477 1164 533 Dei
1212 477 1400 547 gratia:
1432 477 1637 532 donum
1688 485 1933 546 praestat,
1965 475 2038 529 si-

2143 481 2630 551 προσονομάζεται,
2648 485 2729 537 ὅτι
2748 488 2837 539 καὶ
2858 485 3064 554 δωρεὰν
3083 487 3303 556 χάριτος
3326 489 3478 561 114
3496 495 3696 565 παρέχει

459 574 675 644 quidem
699 580 753 625 et
772 571 785 624 i
794 585 889 640 pse
908 572 1287 626 sanctiﬁcatus
1306 580 1386 624 est
1404 572 1579 639 panis,
1602 577 1749 624 sorte
1768 569 2037 639 signatus,

2140 574 2301 628 Θεοῦ.
2347 576 2502 629 Ἐπεὶ
2552 580 2647 633 καὶ
2675 579 3010 648 ἡγιασμένος
3052 580 3169 631 ἐστὶ
3223 581 3315 633 καὶ
3346 576 3498 644 οὗτος
3529 584 3694 652 ἄρτος,

464 666 749 735 sacrisque
784 665 969 719 verbis
1001 664 1225 718 ditatus.
1261 661 1377 716 Non
1414 673 1597 716 tamen
1630 670 1713 717 est
1739 661 2036 730 participa-

2141 664 2580 736 σφραγιζόμενός
2610 685 2666 720 τε
2693 671 2759 737 τῇ
2790 668 2983 739 λόγχῃ,
3017 671 3111 723 καὶ
3146 670 3268 740 ἱερὰ
3297 671 3577 743 δεχόμενος
3609 679 3694 747 ρἡ

458 759 534 813 tio
560 757 807 827 corporis
835 756 1058 811 Christi.
1093 754 1221 809 Haec
1241 755 1385 808 enim
1420 762 1549 809 sunt
1577 753 1831 824 mysteria
1865 771 1879 806 :
1906 752 2034 805 illud

2142 775 2308 827 ματαο
2339 759 2400 812 ού
2436 763 2544 831 μὴν
2572 762 2628 813 δὲ
2673 764 2706 833 ἠ
2747 763 3001 817 κοινωνία
3043 762 3135 816 τοῦ
3168 762 3418 833 σώματος
3443 765 3534 818 τοῦ
3575 770 3696 837 Χριο

455 860 638 906 autem
695 858 780 905 est
831 850 1009 905 solum
1064 847 1517 904 sanctiﬁcationis
1566 845 2034 913 communicatio,

2142 850 2291 945 61:05:
2322 850 2400 906 Τὰ
2432 853 2711 923 μυστήρια
2747 855 2857 925 γὰρ
2893 856 3079 909 ἐκεῖνά
3109 856 3237 945 ρσν
3269 857 3511 919 τοῦτο,δὲ
3556 861 3697 929 ἁγια-

455 944 699 998 divinam
734 942 964 1011 gratiam
993 956 1023 994 a
1073 941 1466 1011 propositionis
1524 939 1710 1021 verbis
1744 948 2033 1008 prmstans.

2144 941 2283 1011 σμοῦ
2320 946 2673 1014 μεταδοτικὺν
2722 948 2906 1017 μόνον,
2939 948 3034 1002 καὶ
3064 939 3275 1020 δωρεᾶς
3302 952 3448 1015 Θείας
3479 955 3700 1024 πάροχον

455 1034 698 1090 Tandem
755 1034 1035 1103 populum,
1067 1046 1191 1087 cum
1218 1031 1400 1086 denuo
1457 1031 1695 1101 signavit
1723 1040 1775 1085 et
1807 1028 2035 1086 benedi-

2139 1035 2235 1104 τῆς
2276 1036 2384 1089 ἀπὸ
2430 1037 2540 1091 τῶν
2590 1039 2648 1091 ὲν
2694 1041 2759 1109 τῇ
2809 1040 3069 1111 προθέσει
3116 1043 3399 1113 ῥημάτων.
3433 1045 3591 1109 Τέλος
3620 1047 3701 1099 τὸν

456 1132 691 1185 ctionem
729 1144 758 1182 a
794 1128 1024 1183 Domino
1063 1126 1388 1195 deprecatus
1436 1134 1540 1187 est,
1572 1124 1815 1194 pontifex
1852 1122 2036 1178 dimit-

2139 1126 2268 1181 λαδιν
2305 1128 2466 1182 πάλιν
2500 1130 2834 1201 σφραγίσας,
2887 1133 2982 1184 καὶ
3032 1132 3287 1201 εὐλογίαν
3318 1134 3469 1203 παρά
3507 1137 3699 1204 Κυρίου

458 1225 542 1287 tit,
578 1230 860 1291 postquam
889 1233 1073 1272 verum
1111 1218 1277 1271 Deum
1306 1225 1552 1270 nostrum
1588 1214 1902 1277 Christum,
1938 1227 2033 1282 per

2142 1220 2518 1290 ἐπευξάμενος
2571 1224 2600 1275 ὁ
2656 1223 2973 1294 ἀρχιερεὺς,
3027 1225 3279 1287 ἀπολύει,
3330 1228 3419 1279 τὸν
3464 1228 3701 1298 ἀληθινὸν

455 1316 646 1370 merita
689 1310 1052 1368 sanctissimae
1083 1309 1257 1380 ipsius
1302 1306 1493 1361 Matris
1532 1316 1588 1361 et
1625 1307 1873 1361 omnium
1905 1320 2033 1360 san-

2135 1314 2268 1366 Θεδν
2304 1314 2464 1385 ἡμῶν
2488 1315 2579 1369 τὸν
2602 1316 2838 1386 Χριστδν
2860 1317 2945 1370 διά
2977 1318 3085 1371 τῶν
3107 1320 3204 1389 τῆς
3240 1319 3512 1387 Παναγίας
3547 1320 3699 1373 αὑτοῦ

455 1419 687 1473 ctorum,
721 1404 965 1461 omnium
1002 1401 1249 1457 misereri
1284 1409 1623 1469 cunctosque
1663 1400 1875 1454 salvare
1900 1414 2033 1469 sup-

2136 1408 2361 1478 Μητρδς
2392 1408 2702 1478 πρεσὸειῶν
2738 1411 2833 1463 καὶ
2879 1412 3098 1464 πάντων
3132 1413 3242 1466 τῶν
3282 1412 3455 1481 ἁγίων
3493 1411 3702 1484 ἐλεῆσαι

452 1498 663 1567 pliciter
700 1496 984 1559 exoravit;
1048 1492 1352 1563 praedicans
1405 1491 1570 1544 simul
1628 1499 1681 1544 et
1717 1499 2034 1546 contestans

2136 1500 2345 1564 πάντας
2374 1503 2466 1554 καὶ
2521 1502 2694 1556 σῶσαι
2727 1504 3224 1573 ἐπικαλεσάμενος,
3267 1505 3549 1576 κηρύττων
3596 1506 3704 1573 ἆμα

452 1605 552 1646 nos
608 1604 706 1659 per
760 1586 1056 1643 Salvatoris
1098 1584 1461 1639 teconomiam
1517 1598 1840 1650 sacramque
1905 1582 2033 1636 lun-

2134 1594 2229 1647 καὶ
2260 1596 2580 1665 μαρτυρῶν,
2611 1596 2693 1648 ὅτι
2725 1596 2814 1649 διὰ
2839 1596 2937 1666 τῆς
2972 1596 3067 1651 τοῦ
3099 1598 3355 1667 Σωτῆρος
3401 1599 3701 1666 οἰκονομίας

451 1682 687 1735 ctionem
741 1694 863 1733 esse
908 1678 1147 1730 salvatos
1206 1690 1270 1729 ac
1329 1674 1659 1739 salvandos;
1703 1686 2032 1744 cooperante

2103 1724 2108 1769 ί
2135 1687 2229 1739 καὶ
2261 1688 2360 1756 τῆς
2395 1689 2709 1759 ἱερουργίας
2759 1689 3087 1756 σεσὼσμεθά
3116 1707 3173 1743 τε
3204 1689 3297 1742 καὶ
3331 1689 3698 1757 σωθησόμεθα,

450 1774 701 1844 precibus
733 1770 993 1839 adjutrice
1046 1769 1269 1822 maximi
1318 1769 1559 1841 mysterii
1612 1767 1860 1835 Deipara,
1905 1785 2029 1823 cum

2139 1779 2510 1850 συνεργούσης
2543 1784 2661 1842 ταῖς
2695 1780 2881 1850 εὐχαῖς
2900 1781 2995 1834 τοῦ
3025 1781 3300 1850 ὑπηρέτου
3326 1780 3421 1835 τοῦ
3455 1780 3701 1850 μεγίστου

453 1860 708 1915 ornnibns
742 1858 833 1925 qui
886 1872 952 1909 cx
983 1855 1073 1909 illo
1105 1852 1429 1908 sanctiﬁcati
1486 1863 1632 1909 sunt.
1666 1851 1820 1907 Tunc
1852 1852 2031 1908 conti‘

2138 1872 2460 1942 μυστηρίου,
2495 1873 2593 1942 τῆς
2619 1873 2910 1934 Θεοτὸκου,
2939 1874 3033 1927 καὶ
3058 1875 3280 1937 πάντων
3309 1873 3420 1927 τῶν
3449 1870 3702 1943 ἡγιασμέ-

452 1966 562 2004 nuo
588 1948 935 2019 psallentium
964 1944 1187 2009 chorus,
1216 1943 1280 1997 a-J
1316 1959 1469 2013 reges
1504 1953 1559 1998 et
1585 1944 1651 1997 ad
1682 1946 1861 2013 ipsum
1893 1960 2032 2014 pon-

2132 1982 2240 2019 νων
2274 1967 2336 2019 ἐκ
2362 1966 2553 2018 τούτου
2580 1980 2593 1994 °
2633 1967 2720 2020 ὅτε
2746 1965 3028 2034 παρευθὺς
3057 1968 3084 2020 ὁ
3112 1967 3220 2018 τῶν
3254 1966 3567 2035 ψαλλόντων
3616 1981 3704 2034 χο-

451 2043 673 2105 tiﬁccm,
710 2055 817 2094 non
845 2052 980 2107 pure
1036 2036 1391 2107 praedicantes
1448 2037 1739 2103 hominem,
1772 2047 1897 2091 vota
1948 2038 2028 2090 fa-

2134 2059 2226 2125 ρδς
2262 2057 2387 2119 τούς
2426 2075 2486 2110 τε
2526 2058 2765 2121 βασιλεῖς
2801 2057 3021 2127 εὔχεται
3055 2058 3194 2127 μετὰ.
3220 2058 3416 2127 ΰμνου,
3443 2056 3535 2111 καὶ
3554 2055 3702 2109 αὑτὸν

449 2134 623 2195 ciunt,
674 2131 832 2187 ﬁdele
858 2143 1085 2197 regnum
1117 2135 1172 2182 et
1223 2126 1588 2181 orthodoxum
1646 2128 2024 2195 pontiﬁcatum

2131 2148 2221 2199 τὸν
2252 2150 2533 2219 ἀρχιερέα,
2572 2150 2631 2201 οὐ
2661 2150 2755 2201 τὸν
2784 2126 3071 2218 ἄνθρωπον
3096 2149 3282 2211 ἁπλῶς
3309 2147 3699 2219 εὐφημοῦντες,

447 2238 769 2296 permanere
820 2223 1208 2289 deprecantes,
1267 2234 1512 2288 opusque
1575 2233 1743 2272 sacra:
1797 2220 2029 2287 liturgize

2131 2239 2265 2291 ἀλλὰ
2295 2240 2389 2292 καὶ
2420 2239 2517 2308 τὴν
2549 2240 2749 2308 πιστὴν
2798 2239 3101 2308 βασιλείαν,
3150 2240 3245 2293 καὶ
3299 2240 3399 2309 τὴν
3436 2236 3703 2308 ὀρθόδοξον

448 2324 670 2383 propter
704 2326 803 2367 nos
828 2326 1043 2377 semper
1090 2309 1259 2362 libere
1287 2308 1552 2363 exerceri.
1580 2308 1733 2374 Quos
1760 2317 1816 2364 et
1849 2326 2024 2379 popu-

2129 2328 2544 2400 ἀρχιερωσύνην
2590 2330 2873 2400 διαμὲνειν
2896 2331 3202 2400 εὐχόμενοι,
3245 2308 3433 2383 καὶτὸ
3461 2330 3617 2397 ἔργον
3642 2330 3698 2381 τὸ

447 2409 562 2460 lum
601 2420 723 2459 cum
752 2412 833 2456 ter
859 2402 1049 2461 ultimo
1079 2400 1331 2469 signavit,
1360 2415 1423 2454 ac
1440 2401 1717 2455 benedixit
1746 2401 1985 2470 pontifex
2010 2420 2026 2470 ;

2164 2423 2225 2492 ἧς
2258 2423 2569 2493 ἱερουργίας
2599 2422 2741 2490 ὑπὲρ
2775 2424 2932 2493 ἡμῶν
2961 2424 3195 2485 αίωνίως
3224 2422 3525 2485 ἀκωλύτως
3574 2422 3702 2475 διεν-
3752 2433 3754 2436 ‘

418 2512 667 2569 ﬁumen
711 2514 729 2548 ι
766 2494 923 2549 Nunc
973 2494 1199 2549 dimittis
1234 2512 1252 2544 ι
1286 2508 1535 2548 seorsum
1570 2494 1719 2585 dicit,
1755 2494 2013 2550 Simeonis

2128 2515 2431 2582 εργεῖσθαι.
2467 2514 2573 2577 Οὓς
2597 2514 2805 2567 καὶτὸν
2836 2515 2967 2567 λαὸν
2995 2516 3115 2586 τρὶς
3147 2516 3463 2587 σφραγίσας
3487 2515 3702 2583 ὕστερον

443 2590 784 2652 recordatus,
846 2602 970 2642 cum
1013 2585 1298 2640 exsultans
1356 2585 1634 2639 Christum
1688 2586 1919 2655 excepit.
1959 2586 2027 2641 Et

2129 2607 2313 2674 πάλιν,
2350 2610 2444 2662 καὶ
2503 2608 2878 2677 ἐπευξάμενος
2930 2611 2959 2662 ὁ
3016 2585 3337 2679 ἀρχιερεὺς,
3392 2608 3488 2672 τὸ,
3540 2626 3559 2658 ι
3596 2605 3700 2658 Νῦν

445 2691 574 2736 tunc
603 2696 758 2736 sacra
818 2678 1040 2748 deponit
1068 2678 1420 2732 vestimenta.
1455 2677 1593 2730 Cum
1628 2678 1907 2734 orationes
1931 2680 2024 2735 ab-

2128 2700 2407 2765 ἀπολύειῖ,
2449 2720 2465 2750 ι
2507 2700 2625 2753 καθ’
2677 2700 2871 2753 ἑαυτὸν
2921 2700 3015 2753 καὶ
3182 2701 3350 2757 λοιπὰ
3402 2701 3571 2768 λέγει,
3615 2696 3701 2751 τοῦ

443 2775 626 2839 solvit,
657 2790 751 2842 pro
807 2772 1063 2827 omnibus
1117 2769 1321 2839 gratias
1358 2768 1467 2837 agit
1492 2778 1542 2823 et
1585 2779 1663 2823 ter
1690 2771 1924 2839 genibus
1955 2771 2023 2827 ad

2130 2791 2351 2861 Συμεὼν
2404 2791 2774 2861 μεμνημένος,
2822 2792 2988 2860 ἡνίκα
3022 2792 3113 2845 τὸν
3152 2794 3394 2865 Χριστὸν
3445 2793 3725 2863 ἀγκάλαις

442 2868 612 2922 altare
646 2867 801 2920 ﬂexis
828 2864 963 2918 abit.
989 2862 1142 2916 Talia
1175 2870 1307 2916 sunt
1337 2875 1397 2913 ea
1426 2876 1546 2931 qua!
1599 2863 1907 2930 respiciunt
1956 2865 2023 2919 ad

2126 2882 2365 2948 ἐδέξατο.
2398 2883 2508 2935 Καὶ
2534 2882 2602 2935 τὰ
2633 2883 2758 2950 ιερὰ
2787 2883 3107 2937 ἀποτίθεται
3140 2862 3347 2955 ἀμφια.
3397 2862 3698 2956 Προσευξά-

443 2974 700 3024 magnum
734 2964 1099 3022 sanctumque
1131 2952 1472 3022 mysterium.
1506 2952 1773 3010 Maximos
1796 2957 2017 3027 quidem

2131 2990 2290 3043 μενος
2319 2971 2412 3027 οὖν
2440 2976 2534 3027 καὶ
2560 2975 2865 3039 ἀπολύσας,
2898 2975 3042 3047 ὑπὲρ
3088 2978 3311 3031 πάντων
3354 2978 3660 3048 εὐχαριςτεί
3688 2989 3701 3004 ·

441 3052 739 3107 secundum
769 3049 911 3102 istud
947 3058 998 3100 et
1034 3062 1199 3115 supra
1226 3062 1328 3100 nos
1362 3058 1647 3113 poscerent
1679 3064 1965 3106 sermones
2000 3072 2012 3108 :

2126 3068 2221 3120 καὶ
2255 3066 2373 3137 τρὶς
2398 3067 2472 3136 τῷ
2509 3068 2882 3137 θυσιαστηρίῳ
2926 3071 3344 3139 προσκυνήσας,
3382 3071 3697 3139 ἀπέρχεται.

442 3144 718 3213 sedjuxta
778 3140 1079 3210 potentiam
1137 3149 1402 3207 nostram,
1443 3151 1501 3195 ut
1561 3154 1679 3198 erat
1741 3145 2019 3213 possibile,

2122 3160 2362 3214 Τοιαῦτα
2414 3162 2508 3213 καὶ
2552 3158 2619 3213 τά
2668 3160 2765 3230 τῆς
2818 3163 3063 3231 μεγάλης
3112 3164 3209 3217 καὶ
3261 3165 3419 3234 ἱερᾶς
3467 3163 3700 3230 τελετῆς,

346 3292 354 3297 ,
444 3236 664 3291 brevius
695 3234 1085 3302 complevimus
1116 3243 1169 3287 et
1197 3234 1459 3302 speculati
1489 3250 1719 3301 sumus;
1758 3239 1941 3306 quoni:

2126 3255 2417 3324 μεγίστους
2448 3253 2547 3323 μὲν
2599 3255 2718 3307 κατ’
2755 3255 2927 3325 αὐτὴν
2978 3256 3072 3310 καὶ
3123 3257 3263 3328 ὑπὲρ
3316 3260 3470 3330 ἡμᾶς
3514 3257 3701 3327 ἔχουσα

446 3345 613 3398 super
644 3328 773 3381 illud
834 3325 986 3379 multi
1022 3325 1190 3379 divini
1254 3325 1354 3379 viri
1409 3327 1626 3381 excelse
1683 3329 2025 3400 miriﬁceque

2122 3350 2249 3411 τοὺς
2279 3348 2492 3416 λόγους,
2528 3349 2669 3401 κατὰ
2697 3346 2928 3415 δύναμιν
2959 3348 3016 3401 δὲ
3044 3325 3431 3420 querelam-rb;
3454 3347 3522 3421 ἦν
3542 3325 3700 3403 dwa-

446 3423 610 3477 Ιουυιί
641 3432 787 3483 sunt,
824 3427 876 3472 et
911 3432 1009 3472 nos
1037 3434 1145 3472 non
1178 3425 1396 3488 Oportet
1422 3432 1485 3471 ea
1538 3428 1750 3475 tentare
1780 3438 1899 3493 quae
1924 3440 2016 3479 su-

2125 3439 2217 3491 τδν
2250 3437 2718 3507 συνοπτικώτερον
2751 3440 3074 3494 συντεθεῖσά
3112 3459 3171 3494 τε
3207 3442 3304 3497 καὶ
3341 3443 3694 3512 θεωρηθεῖσα,

447 3532 538 3583 pra
572 3529 672 3567 nos
709 3520 853 3566 sunt.
892 3510 1013 3564 llaec
1044 3510 1189 3564 enim
1218 3509 1380 3563 etiam
1408 3522 1532 3565 sunt
1561 3521 1781 3582 propter
1832 3530 1950 3575 vos.

2126 3534 2265 3587 erret
2290 3532 2507 3595 πολλοῖς
2538 3532 2668 3603 περὶ
2702 3530 2907 3597 ταύτης
2955 3532 3206 3587 λέλεκται
3260 3509 3700 3607 θείοις-ἀνδράσι

442 3608 535 3660 καὶ
565 3605 857 3679 ὑψηγόρως
910 3606 1009 3658 καὶ
1059 3604 1418 3672 θαυμαστῶς
1460 3605 1555 3659 καὶ
1603 3609 1664 3661 οὐ
1722 3611 1805 3669 δεῖ
1860 3628 2213 3702 κατατολμᾷν
2262 3630 2410 3700 ἡμᾶς
2461 3629 2572 3683 τῶν
2608 3628 2747 3699 ὑπὲρ
2787 3630 2972 3698 ἡμᾶς’
3020 3629 3116 3682 καὶ
3180 3628 3358 3685 ταῦτα
3450 3604 3590 3702 γὰρ*
3636 3623 3700 3681 δι’

438 3706 600 3773 ὑμᾶς.
1575 3750 1581 3759 ,

504 3797 758 3853 Clericus.
820 3794 1038 3851 Gratias
1097 3795 1225 3860 Deo,
1277 3800 1425 3869 quod
1474 3817 1639 3874 super
1693 3810 2012 3881 huiusmodi

2191 3822 2515 3892 Κληρικός.
2546 3823 2720 3892 Χάρις
2755 3821 2833 3891 τῷ
2862 3821 3002 3891 Θεῷ,
3032 3822 3115 3877 ὅτι
3150 3824 3247 3877 καὶ
3286 3824 3422 3895 περὶ
3453 3824 3556 3878 τῶν
3585 3813 3716 3874 λίαν

436 3890 600 3944 rebus
631 3899 737 3943 tam
767 3888 1005 3943 excelsis
1054 3896 1108 3943 et
1151 3896 1263 3943 tam
1297 3891 1499 3950 divinis
1555 3899 1891 3963 sullicienter
1919 3910 2014 3965 ad-

2122 3915 2297 3979 οὕτως
2341 3914 2561 3985 ὑψηλῶν
2611 3930 2670 3967 τε
2743 3914 2838 3967 καὶ
2892 3914 3055 3966 θείων
3100 3917 3449 3986 πραγμάτων
3496 3917 3692 3970 τούτων

432 3982 533 4051 jnti
580 3994 771 4035 sumus
816 3980 1348 4049 :cnpimus~autem
1408 3996 1463 4039 et
1517 3987 1729 4049 discere
1781 4012 1842 4051 ea
1890 4016 2012 4070 quae

2125 4006 2326 4068 ἱκανῶς
2371 3980 2756 4074 ὧιρελήθημεν.
2803 4005 3084 4074 Ζητοῦμεν
3132 4006 3189 4060 δὲ
3227 3980 3446 4077 μαθεῖν
3494 4007 3585 4060 καὶ
3631 4004 3695 4057 τὰ

437 4083 681 4144 spectant
728 4072 793 4127 ad
846 4072 1213 4131 initiationem
1263 4092 1327 4131 ac
1358 4086 1836 4143 consecrationem
1876 4100 2013 4147 tem.

2126 4098 2251 4167 περὶ
2291 4096 2389 4163 τῆς
2420 4096 2644 4166 τελετῆς
2677 4096 2771 4149 καὶ
2803 4097 3184 4166 καθιερώσεως
3221 4100 3315 4152 τοῦ
3352 4099 3507 4165 ναοῦ,
3530 4099 3603 4162 ὡς
3632 4097 3692 4150 ἂν

442 4166 549 4236 pli,
611 4165 965 4235 rationesque
1021 4166 1329 4225 divinorum
1372 4172 1426 4227 in
1477 4175 1583 4230 hoc
1632 4180 2007 4248 symbolarum

2117 4165 2213 4241 atati.
2236 4188 2345 4242 τῶν
2375 4189 2433 4241 ὲν
2462 4165 2639 4258 τούτῳ
2669 4188 2829 4241 θείων
2866 4165 3154 4257 συμϐόλων
3186 4190 3312 4254 τοὺς
3345 4190 3540 4261 λόγους
3565 4189 3692 4259 ἔχω-

438 4260 658 4314 habere.
2110 4294 2240 4351 μιν,
