4038 6416
299 385 405 451 3ὓδ

1566 407 1670 468 DE
1707 407 1952 469 SACRO
1977 409 2302 473 T’EMPLO.

3470 422 3592 485 306-

312 543 3523 596 *Μ

883 711 1338 904 ΠΕΡΙ
1409 717 1766 846 ΤΟΥ
1861 713 2392 854 ΑΓΙΟΥ
2467 722 2932 861 ΝΑΟΥ
3021 902 3029 909 _

1136 1050 1360 1139 ΤΗΣ
1433 1011 1895 1140 Terror
1937 1046 2766 1151 "KAGIEPQZEoz.

1070 1341 1298 1490 DE
1469 1375 1745 1492 SAC
1800 1379 1998 1494 no
2139 1382 2782 1525 :rEMPLo

1191 1727 1473 1822 EJUS
1605 1673 2650 1823 CONSECRATIONE.

375 2097 729 2170 ’Apxtspetic.
763 2097 874 2153 Καὶ
926 2099 1054 2170 περὶ
1087 2098 1280 2153 τούτου
1315 2095 1570 2168 ἐροῦμεν,
1619 2096 1753 2150 Θεοῦ
1788 2096 1866 2149 δι-

2041 2097 2308 2170 Pontifex.
2369 2099 2437 2155 Et
2496 2101 2834 2170 super'hoc,
2899 2099 3008 2155 Deo
3067 2101 3252 2173 dante,
3299 2103 3566 2161 dieemns’

288 2192 493 2257 δόντος.
523 2193 678 2247 Ἐπεὶ
703 2194 801 2246 καὶ
830 2191 1147 2256 ἀκόλουθον,
1176 2195 1304 2261 περί
1323 2209 1383 2246 τε
1406 2191 1500 2246 τοῦ
1527 2191 1673 2246 θείου
1696 2192 1872 2262 μύρου

290 2286 382 2337 καὶ
411 2283 510 2353 τῆς
538 2284 688 2352 ίερᾶς
715 2284 1061 2353 λειτουργίας
1081 2284 1373 2356 εἰρηκότας
1413 2285 1586 2355 ἡμᾶς,
1619 2284 1712 2338 καὶ
1744 2283 1872 2356 περὶ

287 2373 478 2427 τούτου
511 2373 806 2426 διαλαϐεῖν·
844 2367 965 2426 εἷτα
997 2374 1090 2428 καὶ
1127 2374 1258 2440 περὶ
1290 2374 1390 2442 τῆς
1435 2373 1586 2437 θείας
1629 2392 1873 2444 χειροτο-

290 2466 402 2528 νίας
436 2466 668 2518 ἑκάστου
709 2465 816 2518 τῶν
853 2465 1172 2536 ἱερωμένων
1208 2465 1443 2535 ἀνδρῶν.
1487 2465 1712 2534 Ἐπειδὴ
1764 2468 1872 2538 γάρ

287 2556 473 2627 ὥσπερ
509 2559 699 2626 χρείαν
718 2556 832 2627 ἔχει
854 2557 1215 2628 ἀρχιερέωςῆ
1243 2557 1487 2627 ίερέωςή
1511 2557 1631 2610 θεία
1659 2559 1874 2627 ἱερουρ-

287 2654 402 2721 γία,
430 2654 522 2706 καὶ
553 2655 582 2722 ὴ
617 2654 925 2724 χειροτονία
959 2655 1015 2708 δὲ
1047 2655 1354 2726 ἀρχιερέως
1387 2655 1553 2724 μόνον
1589 2657 1687 2709 καὶ
1712 2658 1743 2720 ἡ
1773 2655 1872 2710 τοῦ

293 2745 465 2816 μύρου
496 2745 707 2814 τελετὴ,
742 2746 887 2799 οῦτω
917 2748 1014 2800 καλ⁵
1061 2748 1157 2801 τοῦ
1208 2747 1604 2817 θυσιαστηρίου
1657 2749 1873 2804 δέονται

284 2837 474 2902 ταῦτα,
503 2838 637 2911 ὅπερ
675 2840 822 2893 ἐστὶν
851 2841 880 2893 6
915 2841 1037 2904 ναός
1075 2857 1090 2872 ο
1130 2842 1186 2894 ὲν
1239 2839 1316 2911 τῷ
1350 2841 1730 2913 θυσιαστηρίῳ
1757 2842 1867 2915 γὰρ

285 2929 378 2980 καὶ
411 2931 690 2999 ἱερουργία
723 2933 816 2984 καὶ
849 2933 1178 3004 χειροτονίαι
1217 2934 1310 2989 καὶ
1337 2933 1398 2988 τὸ
1431 2933 1605 3004 μύρον
1635 2936 1870 3002 γίνεται.

297 3018 621 3086 Ἀναγκαῖον
646 3017 739 3075 οὖν
776 3025 952 3077 εἰπεῖν
975 3027 1070 3078 καὶ
1101 3026 1232 3094 περὶ
1262 3025 1364 3095 τῆς
1386 3024 1482 3078 τοῦ
1519 3025 1650 3078 ναοῦ
1686 3027 1871 3079 καθιε-

285 3107 526 3179 ρώσεως.
577 3109 666 3164 Ἐν
721 3112 873 3184 αὐτῷ
933 3115 1042 3185 γὰρ
1097 3115 1176 3186 τῷ
1228 3116 1340 3188 ναῷ
1384 3116 1445 3172 τὸ
1477 3117 1872 3192 θυσιαστήριον

283 3196 588 3265 πήγνυται,
625 3200 734 3254 Καὶ
767 3200 857 3254 διὰ
894 3202 989 3256 τοῦ
1040 3204 1431 3278 θυσιαστηρίου
1482 3208 1639 3277 ἅγιος
1669 3209 1698 3261 6
1747 3205 1879 3273 ναός

284 3289 420 3343 ἐστι’
444 3292 612 3362 χωρὶς
640 3291 696 3346 δὲ
735 3293 1127 3367 θυσιαστηρίου
1169 3298 1229 3352 οὐ
1261 3302 1407 3367 ναὸς,
1458 3301 1597 3356 ἀλλά
1630 3319 1872 3373 προσευο

283 3379 386 3449 χῆς
415 3382 579 3451 μόνον
605 3381 776 3450 οἶκος,
811 3387 1058 3458 μετέχων
1085 3391 1185 3460 τῆς
1215 3392 1324 3444 ἀπὸ
1357 3393 1466 3446 τῶν
1490 3395 1670 3464 εὐχῶν
1697 3395 1869 3466 μόνης

285 3472 612 3546 ἁγιωσύνης,
639 3477 701 3530 οὐ
742 3476 877 3532 Θεοῦ
910 3479 1071 3550 δόξης
1113 3482 1402 3553 σκήνωμα,
1441 3485 1565 3539 οὐδὲ
1599 3503 1866 3560 κατοικη-

283 3565 468 3633 τήριον
493 3566 704 3633 τούτου,
753 3570 873 3623 οὐδὲ
924 3573 1081 3643 ἰσχὺν
1130 3573 1378 3632 πλουτῶν
1429 3575 1604 3640 θείαν,
1645 3579 1747 3644 τὰς
1807 3581 1866 3632 ἑν

283 3655 429 3725 αὐτῷ
458 3657 616 3725 ἡμῶν
647 3664 963 3734 προσευχὰς
1001 3664 1139 3735 πρὸς
1163 3665 1298 3720 Θεὸν
1328 3667 1626 3739 ἀναφέρειν
1651 3670 1743 3723 διὰ
1767 3671 1868 3740 τῆς

284 3746 343 3800 ὲν
374 3747 520 3817 αὐτῷ
554 3751 796 3821 χάριτοςο
829 3755 955 3810 οὐδὲ
1004 3758 1414 3830 προσφέρεσθαι
1447 3763 1504 3814 ὲν
1534 3765 1598 3832 τῇ
1627 3763 1686 3816 ὲν
1715 3763 1866 3834 αὑτῷ

280 3839 530 3912 τραπέζῃ
564 3843 631 3897 τὰ
667 3844 787 3899 θεῖα
829 3847 1000 3919 δῶρα,
1036 3853 1131 3906 καὶ
1159 3851 1245 3905 διὰ
1283 3854 1394 3907 τῶν
1441 3853 1738 3924 ίερατικῶν
1772 3857 1866 3910 εὖ·

283 3932 416 4001 χῶν,
448 3934 547 4003 τῆς
577 3936 671 3989 τοῦ
708 3939 947 4009 σταυροῦ
996 3959 1056 3995 τε
1101 3945 1416 4014 σφραγῖδος,
1464 3947 1547 4010 εἰς
1579 3947 1740 4018 σῶμα
1771 3949 1867 4002 καὶ

283 4020 420 4091 αἷμα
468 4026 707 4095 Χριστοῦ
743 4031 884 4100 ἁγίῳ
928 4034 1210 4104 Πνεύματι
1263 4039 1722 4105 μεταϐάλλεσθαι.
1757 4044 1868 4098 Καὶ

279 4113 401 4168 οὐδὲ
449 4116 696 4191 τράπεζά
723 4122 871 4176 ἐστιν
901 4124 959 4177 ὲν
989 4125 1163 4198 αὐτῷ.
1189 4129 1279 4182 Διὸ
1304 4129 1389 4182 ἵνα
1414 4132 1642 4202 γένηται
1667 4132 1862 4200 ταῦτα,

280 4207 375 4259 καὶ
401 4207 632 4277 δύναμιν
662 4211 785 4282 ἔχῃ,
817 4219 912 4273 καὶ
938 4219 1066 4281 ναὸς
1096 4220 1322 4292 ὑπάρχῃ
1367 4221 1527 4288 Θεοῦ,
1572 4224 1665 4278 καὶ
1709 4225 1866 4280 τοῦτο

278 4295 451 4362 οὕτως
486 4301 854 4374 οἰκοδομεῖται
885 4310 978 4363 καὶ
1014 4312 1329 4379 ἁγιάζεται.

777 4422 934 4493 115
958 4413 1210 4483 ΚΕΦΑᾹ.
1243 4429 1370 4484 PA'.

277 4507 418 4575 Περὶ
445 4513 772 4585 οἰκοδομῆς
806 4515 982 4585 ἁγίου
1013 4517 1189 4641 νῖρῦ,
1240 4518 1342 4572 καὶ
1389 4520 1584 4590 εὐχῆς
1637 4521 1735 4575 ἐπὶ
1770 4525 1864 4576 θε-

965 4603 1036 4641 utt
1106 4604 1174 4641 ω.

964 4603 1174 4655 μελιφ.

358 4671 418 4724 ’0
449 4674 660 4742 μέλλων
705 4677 1062 4748 οἰκοδομῆσαι
1115 4680 1258 4734 θεῖον
1306 4681 1437 4736 ναὸν
1491 4684 1860 4754 προσέρχεται

271 4762 350 4832 τῷ
382 4765 653 4839 ἀρχιερεῖ,
703 4771 798 4824 καὶ
832 4771 1129 4838 ἑξαιτεῖται
1162 4774 1299 4845 πρὸς
1334 4773 1525 4828 τούτου
1569 4777 1668 4847 τὴν
1712 4776 1856 4830 ἔνδο-

274 4871 377 4908 σιν.
411 4857 546 4911 Οὑδὲ
576 4861 686 4928 γὰρ
715 4861 835 4926 ἐξόν
860 4881 968 4916 τινι
997 4866 1169 4933 χωρὶς
1199 4866 1597 4936 ἀρχιερατικῆς
1623 4885 1857 4938 προστα-

271 4944 376 5014 γῆς
399 4949 511 5011 τοῖς
541 4952 810 5016 τοιούτοις
841 4955 1166 5024 ἐπιχειρεῖν.
1199 4942 1346 5029 Θεία
1372 4959 1482 5028 γὰρ
1527 4961 1763 5031 ὲπιταγῇ
1795 4977 1855 5014 τε

269 5037 364 5088 καὶ
397 5037 598 5111 δοκιμῇ
627 5043 694 5096 τὰ
721 5042 840 5097 θεῖα
866 5044 1114 5112 γίνεσθαι
1143 5047 1274 5116 χρὴ,
1321 5048 1417 5102 καὶ
1446 5049 1503 5103 ἐν
1534 5052 1652 5113 τοῖς
1685 5050 1852 5115 θείοις

267 5128 362 5180 τὸν
384 5129 520 5182 Θεὸν
552 5125 695 5185 εἶναι
724 5133 902 5204 ἀρχὴν
929 5136 1038 5190 τῶν
1083 5136 1306 5190 πάντων
1350 5139 1594 5209 ἀρχηγὸν
1626 5141 1723 5194 καὶ
1762 5159 1852 5196 τε-

267 5219 517 5288 λειωτὴν,
555 5223 612 5284 ὃς
643 5227 794 5276 ἐστιν
834 5227 1043 5294 Ἰησοῦς
1073 5229 1330 5297 Χριστὸς,
1373 5233 1400 5284 6
1450 5233 1595 5296 θεῖος
1640 5233 1853 5296 Παῦλός

267 5327 456 5380 φησιν.
504 5313 626 5366 Ἐπὶ
678 5315 734 5368 δὲ
769 5317 857 5370 τὸν
889 5317 1075 5385 θρόνον
1127 5321 1369 5390 Χριστοῦ
1422 5323 1656 5394 κάθηται
1709 5326 1851 5379 ἐλέει

266 5401 432 5456 αὐτοῦ
462 5407 490 5458 6
532 5406 845 5478 ἀρχιερεύς.
894 5413 1206 5483 Δοκιμάσας
1236 5411 1332 5469 οὖν
1376 5414 1531 5479 οὗτος
1561 5417 1654 5469 τὸν
1699 5419 1850 5470 οἰκο-

265 5492 450 5561 δομεῖν
479 5495 730 5562 θέλοντα,
763 5501 975 5572 μήποτε
1007 5505 1259 5575 ἐπιχειρῇ
1295 5507 1415 5575 μὲν,
1453 5508 1514 5562 οὐ
1545 5507 1741 5580 τελέσῃ
1765 5510 1844 5575 δὲ,

265 5584 336 5645 ὡς
373 5591 502 5655 περὶ
540 5591 632 5643 τοῦ
687 5591 898 5664 πύργου
951 5597 1006 5649 ὲν
1039 5597 1117 5669 τῷ
1159 5599 1480 5670 Εὐαγγελέῳ
1509 5601 1844 5670 γέγραπται,

262 5675 606 5733 ἀποστέλλει⁹
640 5682 730 5736 ἴνα
783 5687 858 5755 μὴ
916 5687 1225 5760 ἀρξάμενός
1277 5710 1360 5754 τις
1411 5693 1513 5745 οὐκ
1561 5692 1844 5767 ἐκτελέσῃ,

265 5768 296 5835 ἢ
355 5769 567 5838 μήποτε
616 5775 894 5842 τελεσθεὶς
949 5782 1045 5835 καὶ
1081 5781 1366 5850 ἀγιασθεὶς
1414 5783 1592 5855 ἀφεθῇ
1644 5786 1672 5837 6
1720 5787 1848 5848 ναὸς

271 5857 450 5929 πάλιν,
488 5865 581 5918 καὶ
631 5866 815 5938 ἀργῶν
846 5869 1088 5941 ἵσταται,
1128 5873 1201 5938 ὡς
1250 5875 1318 5928 τὰ
1362 5876 1497 5944 πρὸς
1545 5875 1732 5943 χρείαν
1768 5877 1846 5944 μὴ

1979 2191 2240 2262 quoniam
2272 2199 2326 2250 et
2360 2207 2703 2262 consequens
2725 2202 2804 2248 est
2835 2208 2935 2246 nos
2960 2194 3026 2249 de
3058 2194 3248 2250 divino
3283 2207 3566 2268 unguento

1979 2297 2246 2352 sacraque
2279 2283 2503 2354 liturgia
2548 2283 2763 2337 locutos
2795 2283 2864 2337 de
2890 2285 2993 2339 hoc
3023 2285 3189 2341 etiam
3243 2287 3516 2341 disserere
3547 2305 3563 2342 :

1979 2373 2178 2428 deinde
2232 2375 2301 2430 de
2353 2375 2536 2430 divina
2612 2375 3052 2446 uniuscujuSque
3110 2393 3561 2434 consecratorum

1979 2466 2262 2520 hominum
2294 2467 2660 2524 ordinatione.
2687 2467 2899 2523 Etenim
2937 2471 3400 2538 quemadmodum
3427 2487 3565 2541 opus

1977 2568 2062 2614 est
2095 2559 2378 2628 pontiﬁce,
2433 2559 2520 2614 vel
2551 2560 2838 2615 sacerdote
2870 2575 3042 2614 sacrte
3097 2561 3351 2633 liturgiae,
3385 2565 3533 2632 ponti
3554 2592 3568 2604 -

1979 2649 2080 2704 ﬁce
2107 2664 2237 2704 vero
2272 2658 2484 2704 tantum
2541 2650 2877 2704 ordinationi
2940 2654 3316 2722 unguentique
3382 2655 3596 2708 initiu-.

1979 2739 2152 2806 tioui,
2189 2741 2270 2795 sic
2315 2741 2480 2794 etiam
2532 2751 2690 2808 egent
2718 2741 2822 2794 ista
2862 2742 3322 2797 sanctiﬁcationis
3393 2745 3558 2814 loco;

1977 2832 2066 2887 hic
2092 2841 2273 2888 autem
2305 2844 2389 2889 est
2437 2820 2723 2903 templum.
2751 2833 2808 2887 ln
2842 2834 3001 2888 altari
3053 2837 3196 2890 enim
3229 2839 3287 2890 ﬁt
3320 2837 3566 2908 liturgin,

1976 2933 2031 2979 et
2061 2924 2458 2988 ordinationes,
2496 2933 2549 2979 et
2581 2939 2798 2980 sacrum
2825 2937 3187 2997 unguentum.
3219 2927 3454 2985 Necesse
3478 2941 3561 2984 est

1977 3015 2143 3086 igitur
2175 3024 2225 3070 et
2278 3017 2343 3070 de
2403 3015 2587 3085 templi
2635 3018 3055 3071 consecratione
3098 3019 3244 3088 loqui
3282 3040 3295 3074 :
3329 3021 3383 3072 iu
3438 3022 3597 3088 ipso:

1979 3122 2219 3178 namque
2270 3099 2470 3176 templo
2513 3108 2762 3162 ﬁrmatur
2793 3109 2987 3173 altare,
3031 3119 3087 3166 et
3116 3126 3211 3181 per
3235 3111 3406 3166 altare
3436 3129 3566 3167 san—

1975 3208 2121 3253 ctum
2171 3208 2252 3254 est
2278 3200 2578 3270 templum;
2620 3209 2673 3255 et
2709 3201 2827 3256 sine
2861 3203 3012 3256 altari
3042 3218 3149 3257 non
3173 3213 3254 3259 est
3283 3206 3566 3274 templum,

1973 3291 2071 3345 sed
2135 3298 2352 3346 tantum
2423 3293 2690 3348 orationis
2738 3294 2960 3356 domus.
3016 3295 3191 3349 solam
3241 3297 3560 3352 orationum

1975 3383 2412 3438 benedictionem
2453 3382 2813 3452 participans,
2880 3401 2986 3439 non
3030 3383 3122 3439 Dei
3169 3386 3357 3456 gloria:
3388 3387 3567 3441 taber-

1973 3473 2249 3538 naculum,
2288 3487 2388 3528 nec
2411 3473 2584 3543 ipsius
2614 3474 2796 3538 sedes,
2836 3490 2935 3528 nec
2980 3475 3165 3529 divina
3203 3477 3414 3543 pollens
3456 3479 3565 3529 vir-

1976 3571 2090 3618 tute
2124 3579 2326 3633 preces.
2350 3571 2568 3619 nostras
2592 3579 2710 3634 quae
2735 3566 2872 3619 ﬁunt
2904 3567 2956 3619 in
2989 3581 3052 3620 ea
3093 3566 3159 3620 ad
3198 3566 3366 3620 Deum
3398 3569 3560 3622 attol-

1972 3657 2118 3712 lendi
2155 3673 2249 3727 per
2271 3659 2503 3728 gratiam
2531 3659 2631 3728 ipsi
2691 3658 3070 3714 inhaerentem.
3095 3657 3200 3713 Nec
3226 3660 3277 3712 in
3304 3675 3364 3713 ea
3389 3675 3555 3729 super

1971 3764 2218 3802 mensam
2305 3749 2487 3803 divina
2561 3750 2791 3819 proponi
2844 3759 3076 3818 possunt
3144 3750 3306 3814 dona,
3361 3766 3564 3822 perque

1972 3840 2337 3896 sacerdotales
2395 3855 2586 3909 preces
2613 3850 2666 3893 et
2709 3840 2891 3895 crucis
2926 3841 3141 3910 signum
3195 3842 3248 3895 in
3288 3858 3484 3912 corpus
3506 3855 3561 3898 et

1971 3931 2288 3999 sanguinem
2342 3931 2544 3986 Christi
2597 3927 2799 3998 Spiritu
2853 3945 3049 3988 sancto
3119 3936 3387 3990 converti.
3448 3937 3552 3991 Sed

1973 4039 2070 4080 nec
2103 4025 2264 4079 etiam
2301 4032 2386 4079 est
2431 4025 2482 4078 in
2542 4041 2604 4080 ea
2658 4041 2867 4080 mensa.
2905 4026 3034 4080 Ideo
3073 4036 3127 4080 ttt
3178 4027 3282 4082 ista
3323 4028 3475 4090 ﬁant,
3505 4041 3558 4084 et

1973 4115 2230 4168 virtutem
2283 4115 2542 4182 habeant,
2590 4125 2644 4171 et
2669 4116 2932 4184 templum
2974 4116 3064 4172 Dei
3094 4118 3185 4182 sit,
3223 4117 3352 4172 illttd
3393 4119 3558 4173 etiam

1969 4205 2050 4260 sic
2074 4204 2420 4259 construitur
2448 4213 2501 4259 ct
2539 4203 2937 4260 sanctiﬁcatur.

2591 4420 2820 4475 CAPUT
2861 4421 2946 4476 Cl.

1973 4515 2048 4568 De
2082 4513 2437 4582 wdiﬁcatione
2480 4513 2652 4565 sancti
2696 4513 2894 4579 templi,
2937 4523 2985 4566 et
3042 4514 3284 4581 precibus
3343 4517 3556 4576 quando

2334 4584 2449 4652 ejus
2508 4583 2915 4651 fundamentum
2962 4585 3199 4650 ponitur.

2041 4675 2144 4742 Qui
2178 4675 2293 4729 vult
2321 4675 2570 4730 divinum
2603 4675 2868 4744 templum
2900 4675 3197 4740 aediﬁcare,
3235 4679 3548 4746 pontificem

1966 4768 2079 4823 adit
2108 4777 2162 4824 et
2187 4770 2255 4822 ah
2289 4769 2382 4823 illo
2433 4767 3001 4838 petitconcessionem
3042 4783 3055 4821 :
3095 4783 3202 4822 non
3240 4769 3384 4824 enim
3438 4773 3555 4826 cui.

1963 4875 2128 4930 quam
2163 4859 2245 4913 fas
2311 4866 2398 4912 est
2441 4857 2654 4926 absque
2712 4855 3008 4925 pontiﬁcali
3054 4857 3306 4924 jussiouc
3351 4862 3550 4917 talibus

1962 4965 2186 5004 manum
2221 4950 2514 5004 admovere
2550 4966 2566 5002 :
2601 4948 2790 5002 divino
2834 4961 3073 5014 namque
3114 4947 3276 5017 jussu
3330 4951 3546 5006 divina-

1957 5059 2064 5114 que
2109 5043 2431 5113 probatione
2459 5040 2646 5095 divina
2681 5038 2799 5094 ﬁeri
2834 5054 3057 5094 necesse
3096 5048 3204 5103 est,
3236 5050 3290 5095 et
3324 5046 3378 5099 in
3409 5044 3550 5098 divi-

1956 5136 2044 5191 nis
2083 5133 2407 5204 principium
2439 5147 2564 5187 esse
2614 5131 2806 5197 Deum,
2843 5123 3088 5191 omnium
3145 5147 3426 5204 auctorem
3484 5153 3547 5191 ac

1957 5234 2485 5286 consutntnatorem,
2541 5224 2634 5294 qui
2685 5231 2766 5277 est
2832 5226 3086 5284 Christus
3126 5228 3306 5294 Jesus,
3363 5231 3546 5300 inquit

1956 5317 2115 5372 divus
2182 5317 2428 5380 Paulus;
2508 5333 2674 5387 super
2747 5331 2927 5374 autem
2986 5321 3194 5376 Christi
3257 5325 3542 5383 thronum,

1966 5410 2142 5480 ipsius
2196 5412 2604 5476 misericordia,
2654 5413 2908 5468 considet
2970 5415 3240 5484 pdntifex.
3297 5413 3544 5470 Probans

1953 5502 2115 5570 igitur
2143 5504 2244 5556 iste
2267 5519 2390 5558 eum
2426 5508 2521 5575 qui
2553 5507 2666 5560 vult
2709 5507 3008 5570 aediﬁcare,
3073 5507 3367 5576 nequando
3416 5507 3542 5574 qui-

1957 5595 2080 5651 dem
2113 5596 2360 5664 incipiat,
2409 5615 2518 5652 non
2551 5610 2735 5655 autem
2772 5601 3040 5670 perficiat,
3075 5602 3221 5654 sicut
3272 5604 3339 5652 de
3399 5600 3546 5652 turri

1955 5688 2012 5741 in
2077 5686 2367 5757 Evangelio
2435 5692 2698 5756 scriptum
2750 5702 2869 5756 est,
2926 5691 3187 5746 dimittit.
3255 5704 3323 5742 ne
3391 5690 3538 5757 quis,

1956 5789 2246 5850 postquam
2305 5781 2588 5852 inceperit,
2648 5799 2754 5838 non
2808 5783 3073 5853 perﬁciat,
3110 5781 3191 5835 vel
3257 5780 3545 5850 nequando

1961 5873 2175 5930 ﬁnitum
2229 5881 2281 5928 et
2309 5884 2690 5930 consecratum
2725 5876 2984 5943 templum
3021 5883 3206 5943 postea
3249 5871 3539 5929 deseratur
