4038 6418
423 381 545 444 -3Ἷ7
1256 384 1637 443 SYMEONIS
1675 385 2430 452 THESSALONICENSIS
2460 394 2824 458 AllClllEP.
3571 392 3677 453 33‘8

422 500 480 544 et
528 490 759 544 otiosum
816 499 1129 554 remaneat,
1188 501 1444 560 tanquam
1503 491 1811 572 necessaria
1863 491 1982 544 usui

2097 495 2247 566 ἔχων.
2285 501 2374 553 Διὸ
2405 501 2496 554 καὶ
2525 501 2910 572 ἐξεταζόμενος
2941 504 2970 556 6
3008 501 3356 572 οἰκοδομῆσαι
3411 501 3671 571 βουλόμε-

426 597 532 636 non
589 581 812 635 habens.
869 581 1016 646 Ideo,
1047 583 1298 637 examine
1345 581 1511 644 facto,
1542 582 1633 651 qui
1667 583 1782 634 vult
1812 582 1984 635 aediﬁ-

2089 606 2199 654 νος,
2232 593 2325 644 καὶ
2373 592 2496 654 δοὺς
2545 593 2703 661 λόγον
2735 595 2810 656 ὼς
2843 595 2924 657 είς
2954 594 3106 656 τέλος
3153 593 3526 662 οἰκοδομήσει,
3575 591 3672 644 καὶ

422 687 568 732 rare,
617 671 740 724 data
790 671 1003 725 ratione
1047 672 1189 742 quod
1252 673 1303 725 in
1373 673 1530 736 ﬁnem
1584 671 1903 735 ωᾶὶίῑιιαιιὶι,
1932 682 1987 727 et

2097 683 2154 735 τὰ
2204 683 2345 737 κατὰ
2389 683 2580 754 χρείαν
2637 683 2866 738 ἅπαντα
2911 685 3216 753 δτοιμάσει,
3268 682 3671 750 προστάττεται

421 760 600 813 omnia
634 761 935 814 necessaria
991 761 1381 832 suppeditabit,
1431 763 1649 832 juhetur
1695 761 1982 818 adiﬁcare.

423 851 487 905 Et
519 851 854 907 eﬂ'odiuntur
879 851 1269 918 fundamenta;
1303 864 1356 907 et
1407 863 1668 924 parantur
1718 859 1980 907 materiae.

423 938 636 993 Etcum
669 949 884 1009 tempus
926 942 1228 996 aediﬁcandi
1256 945 1484 1002 venerit;
1511 944 1626 1012 ipse
1664 944 1902 1012 pontifex
1931 944 1982 997 in

425 1032 544 1085 loco
570 1032 733 1087 sistit.
767 1034 832 1086 Et
864 1047 1077 1086 sacram
1119 1035 1336 1089 indutus
1393 1037 1585 1089 stolam
1618 1075 1635 1098 ,
1683 1036 1831 1093 clero
1882 1038 1982 1107 ipsi

423 1121 693 1182 adstante,
728 1121 894 1176 Deum
958 1123 1252 1189 benedicil,
1285 1140 1381 1192 pro
1412 1124 1598 1179 divino
1641 1141 1806 1194 opere
1863 1141 1985 1196 gra-

425 1213 526 1266 tias
552 1227 751 1281 agens;
783 1223 835 1267 et
866 1215 1112 1268 oratione
1139 1216 1343 1286 trisagii
1391 1231 1421 1269 a
1461 1217 1610 1271 clero
1647 1217 1808 1280 facta,
1844 1218 1982 1287 ipse,

423 1301 650 1356 incenso
698 1303 1004 1368 benedicto,
1057 1305 1392 1360 thuribulunt
1450 1307 1747 1375 accipiens,
1794 1307 1989 1361 funda.

423 1402 600 1445 ntenta
632 1401 682 1446 et
712 1391 894 1448 foveas
925 1395 976 1446 in
1011 1397 1225 1450 modum
1251 1397 1430 1451 crucis
1466 1397 1758 1464 benedicit,
1807 1398 1990 1452 omnia

426 1482 831 1537 tlturiticatione
881 1486 1250 1540 sanctiﬁcans.
1287 1487 1524 1556 Spiritus
1572 1489 1718 1541 enim
1755 1489 1986 1558 gratiam

427 1578 758 1637 ἴητε-11511111,
813 1585 867 1630 et
920 1577 1197 1632 Christum
1238 1594 1372 1633 crux
1423 1580 1678 1651 ﬁgurant.
1739 1582 1981 1635 Cunctas

422 1667 584 1721 etiam
623 1677 915 1737 prmsentes
974 1671 1233 1724 materias
1288 1670 1583 1735 thuriﬁcat,
1631 1672 1987 1728 sanctiﬁcans

425 1775 541 1821 eas,
575 1769 826 1829 tanquam
868 1763 934 1813 ad
962 1770 1204 1816 sanctam
1240 1763 1330 1816 Dei
1374 1763 1595 1817 domum
1635 1774 1986 1833 praeparatas.

2088 774 2418 842 οἰκοδομεῖν.
2448 775 2558 828 Kal
2585 772 2909 843 ὀρύσσονται
2943 774 3046 841 μὶν
3073 775 3122 826 οί
3157 773 3421 842 θεμέλιοιο
3454 769 3673 838 ἑτοιμά-

2091 863 2271 926 ζονται
2320 865 2376 916 δὲ
2414 866 2467 917 al
2500 864 2644 920 ὗλαι.
2691 867 2802 920 Kal
2847 865 2942 918 τοῦ
2979 857 3309 934 καίροῦλτοῦ
3362 861 3672 928 οἰκοδομεῖν

2090 953 2432 1020 ἐπιστάντος,
2478 957 2642 1018 αὐτὸς
2671 956 2747 1024 τῷ
2776 956 2926 1025 τόπῳ
2971 956 3260 1024 ἐφίσταται
3291 955 3318 1004 6
3345 951 3662 1023 ἀρχιερεύς.

2087 1047 2198 1098 Kal
2230 1047 2382 1116 ίερὰν
2413 1047 2772 1116 ἐνδυσάμενος
2797 1048 3015 1116 στολὴν,
3049 1047 3145 1099 τοῦ
3179 1046 3380 1113 κλήρου
3408 1059 3667 1110 συμπαρ-

2090 1135 2243 1199 όντος
2293 1137 2462 1205 αὐτῷ,
2491 1138 2708 1206 εὐλογεί
2750 1137 2839 1191 τὸν
2872 1137 3028 1204 Θεὸν,
3067 1135 3405 1205 εὐχαριστῶν
3432 1133 3509 1203 τῷ
3541 1132 3670 1198 θείῳ

2091 1226 2257 1296 ἔργῳ.
2312 1228 2423 1280 Kal
2479 1227 2788 1297 προσευχῆς
2847 1227 3143 1296 γινομένης
3209 1225 3305 1278 τοῦ
3362 1225 3405 1277 Τ
3411 1222 3666 1294 ρισαγίου

2093 1322 2244 1390 παρὰ
2273 1318 2368 1372 τοῦ
2403 1320 2634 1389 κλήρου,
2694 1319 2858 1383 αὐτὸς
2908 1318 3216 1386 εὐλογήσας
3261 1315 3533 1385 θυμίαμα,
3569 1316 3669 1364 θυ-

2097 1411 2391 1480 μιατήριόν
2440 1427 2501 1464 τε
2551 1411 2734 1464 λαϐὼν
2782 1409 2910 1473 τούς
2943 1409 3229 1478 θεμελίους
3257 1405 3456 1460 καὶτὰ
3505 1404 3670 1475 ὀρύγ-

2097 1518 2243 1569 ματα
2299 1502 2654 1568 σταυροσιδῶς
2695 1502 2930 1569 εὐλογεϊ,
2998 1502 3179 1555 πάντα
3228 1498 3309 1566 τῷ
3362 1497 3670 1566 θυμιάματι

2097 1589 2364 1657 ἁγιάζων.
2399 1590 2511 1659 Τὴν
2569 1591 2733 1660 χάριν
2765 1593 2872 1660 γὰρ
2919 1591 3081 1644 τυποῖ
3126 1587 3220 1642 τοῦ
3255 1586 3568 1654 Πνεύματος
3611 1585 3674 1637 τὸ

2096 1679 2369 1750 θυμίαμα,
2404 1681 2500 1733 καὶ
2531 1681 2558 1733 6
2585 1681 2821 1752 σταυρὸς
2843 1680 2936 1732 τὸν
2963 1679 3220 1749 Χριστόν.
3251 1678 3363 1732 Kal
3383 1677 3461 1729 έτι
3494 1675 3674 1738 πάσας

2099 1771 2270 1841 θυμιᾷ
2299 1773 2397 1832 τὰς
2427 1773 2604 1824 ἐκεῖσε
2648 1769 2803 1836 ὕλας,
2840 1770 3198 1838 καθαγιὰζων
3242 1770 3432 1832 αὐτὰς,
3479 1767 3553 1830 ὼς
3587 1767 3670 1826 εἰς

429 1849 654 1915 Deinde,
690 1851 1008 1908 tltnrilicatis
1040 1853 1380 1909 adstantibus
1409 1861 1462 1907 et
1486 1855 1551 1907 ad
1589 1869 1725 1922 opus
1754 1855 1991 1909 accensis

2104 1860 2256 1924 ἆγιον
2288 1854 2437 1911 οἷκον
2485 1860 2620 1912 Θεοῦ
2674 1861 3149 1930 εὐτρεπισθείσας.
3208 1855 3342 1913 Εἶτα
3398 1859 3492 1912 καὶ
3540 1857 3670 1918 τοὺς

431 1954 590 2012 atque
616 1943 998 2009 sanctiﬁcatis,
1020 1946 1168 1999 venit
1211 1947 1277 1998 ad
1317 1945 1580 2000 orientem
1617 1945 1998 2001 fundamento-

428 2054 569 2091 rum.
596 2039 682 2089 uhi
708 2047 787 2091 est
814 2036 1198 2104 hemicyclium
1220 2039 1545 2101 sanctuarii,
1571 2048 1625 2091 et
1646 2052 1856 2092 sacram
1878 2053 2000 2092 ora-

427 2129 630 2182 tionem
656 2127 812 2190 facit,
834 2129 1133 2198 deprecans
1158 2132 1322 2185 Deum
1348 2128 1608 2194 Verbum,
1636 2127 1820 2183 Jesum
1843 2127 2001 2184 Chri-

427 2231 568 2276 stum
586 2221 676 2290 qui
694 2221 914 2291 proprio
928 2221 1191 2292 sanguine
1208 2236 1360 2276 suam
1377 2218 1995 2284 aediﬁcavitEeclesiam,

434 2326 491 2370 nt
521 2319 682 2371 etiam
707 2316 822 2370 haec
844 2316 1037 2369 domus
1064 2315 1167 2384 ipsi
1198 2314 1462 2369 atdiﬁcata
1489 2313 1702 2368 rectein
1737 2313 1855 2382 ipso
1874 2311 1995 2366 l‘un-

426 2409 587 2461 detur
606 2423 667 2460 ac
686 2415 1021 2477 permaneat.
1066 2405 1428 2477 Etdoxologia
1445 2405 1612 2470 dicta,
1645 2407 1755 2474 ipse
1792 2403 1994 2472 lapides

424 2511 478 2556 et
524 2501 727 2555 calcem
792 2501 970 2554 vivam
1025 2500 1103 2553 vel
1164 2499 1334 2552 lutum
1399 2499 1583 2567 aliquo
1627 2499 1994 2552 instrumento

424 2593 608 2646 sumit.
661 2591 725 2645 Et
786 2591 838 2645 in
900 2591 1248 2645 fundamenta
1301 2584 1659 2653 descendens,
1689 2590 1742 2643 in
1771 2602 1991 2643 crucem

427 2683 632 2751 lapides
657 2683 808 2752 ponit
839 2697 932 2738 eos
998 2685 1242 2755 signans,
1298 2682 1488 2752 sicque
1539 2681 1884 2735 demonstrat
1933 2695 1992 2735 se

422 2776 698 2829 Christum
729 2783 935 2844 petram
988 2774 1371 2830 inconcussam
1433 2788 1496 2827 ac
1527 2771 1989 2837 fundamentalem

419 2867 691 2934 posuisse.
730 2864 890 2921 Juxta
928 2868 1160 2922 medium
1189 2876 1370 2922 autem
1431 2866 1669 2934 lapidum
1740 2865 1793 2918 in
1821 2877 1988 2933 parra

424 2958 655 3025 quadam
681 2957 858 3025 fovea,
921 2967 1178 3028 tanquam
1238 2960 1290 3012 in
1351 2958 1624 3027 sepulcro,
1705 2955 1988 3010 candelam

393 3027 712 3102 .aSsumens
771 3057 824 3102 ct
887 3027 1065 3102 oleum
1118 3047 1411 3102 infundens
1469 3055 1632 3115 atque
1685 3049 1987 3100 accenlens

429 3138 885 3208 lrenedieensque,
925 3139 1100 3206 ponit,
1169 3137 1554 3191 demonstrans
1605 3135 1824 3206 quidem
1891 3150 1985 3202 per

428 3230 607 3283 oleum
637 3231 729 3284 Dei
765 3228 1215 3295 misericordiam,
1240 3244 1360 3299 quae
1393 3228 1590 3283 domus
1619 3228 1991 3282 exstructione

429 3321 888 3391 suppeditabitur,
921 3323 1216 3390 perlumen
1256 3335 1387 3375 vero
1431 3323 1664 3390 desuper
1717 3320 1995 3374 illumina-

429 3412 631 3466 tionem
655 3427 682 3465 a
712 3412 917 3466 lumine
947 3427 1076 3465 vero
1101 3410 1321 3465 laetam.
1352 3422 1405 3466 et
1433 3412 1609 3480 ipsum
1644 3411 1746 3466 boc
1776 3412 1993 3465 unicum

431 3502 635 3565 lumen,
660 3499 963 3564 Christum,
1004 3501 1057 3554 in
1087 3502 1337 3570 sepulcro
1415 3515 1514 3567 pro
1547 3501 1704 3554 nobis
1730 3502 1996 3569 positum,

427 3601 482 3646 et
506 3592 558 3646 in
585 3592 723 3653 oleo,
759 3595 1019 3662 quoniam
1063 3593 1185 3649 oleo
1206 3594 1392 3664 gratia?
1429 3609 1528 3648 nos
1566 3593 1746 3657 unxit,
1778 3602 1832 3647 et
1858 3598 1994 3662 qud-

427 3683 572 3736 niam
599 3699 692 3751 per
718 3685 894 3738 oleum
928 3685 1043 3740 sive
1099 3695 1436 3755 unguentum
1487 3684 1684 3739 domus
1745 3685 1988 3739 initiabi-

429 3784 551 3840 tur;
581 3782 637 3829 et
660 3775 917 3844 quoniam
956 3777 1136 3830 lumen
1159 3775 1412 3831 Christus
1438 3778 1724 3832 nobiscum
1792 3777 1916 3840 erit,
1942 3786 1996 3830 et

431 3865 484 3915 in
514 3862 675 3917 domo
701 3866 963 3930 residens,
1002 3867 1186 3920 oriens
1227 3882 1290 3920 ex
1326 3868 1456 3920 alto.
1485 3866 1782 3934 Postquam
1813 3877 1993 3921 autem

430 3957 640 4012 curavit
668 3957 812 4011 hanc
848 3959 1122 4014 lucernam
1190 3967 1306 4013 tuto
1363 3975 1585 4014 manere
1645 3968 1868 4028 propter
1907 3975 1995 4015 sa-

430 4065 579 4104 cram
649 4049 1124 4112 illuminationem,
1177 4058 1232 4104 et
1289 4051 1354 4105 ad
1387 4051 1607 4119 pulchre
1655 4051 1992 4121 ﬁgurandam

431 4135 756 4203 Ecclesiam,
793 4139 936 4192 sicut
985 4140 1236 4201 dilectus,
1273 4143 1327 4192 in
1383 4139 1722 4210 Apocalypsi,
1762 4154 1821 4192 se
1854 4138 1997 4191 didi-

431 4227 572 4282 tisse
597 4228 669 4281 ait
697 4237 900 4297 septem
931 4229 1182 4285 lucernas
1210 4245 1334 4285 esse
1361 4230 1659 4292 Ecclesias,
1681 4237 1734 4284 et
1763 4230 1994 4298 lapidem

431 4334 595 4388 super
653 4319 799 4372 illam
854 4321 1138 4390 imposuit,
1196 4323 1452 4391 quoniam
1521 4320 1775 4376 Christus
1844 4330 1994 4389 petra

431 4425 594 4478 super
687 4411 982 4466 Ecclesiam
1042 4427 1196 4466 suam
1263 4413 1483 4478 insidet,
1541 4428 1572 4467 e
1626 4412 1996 4465 fundamentis

2106 1951 2521 2019 παρατυχόντας
2551 1952 2845 2017 θυμιάσας,
2875 1955 2969 2006 καὶ
3002 1953 3138 2022 πρὸς
3169 1952 3227 2004 τὸ
3253 1951 3414 2020 ἔργον
3437 1948 3667 2009 εὐθύνας

2102 2041 2196 2093 καὶ
2227 2041 2482 2106 ἁγιάσας,
2519 2042 2736 2112 ἔρχεται
2772 2045 2828 2094 ὲν
2860 2045 2969 2105 τοῖς
3008 2043 3346 2102 ὰνατολικοίς
3375 2040 3669 2107 θεμελίοις,

2101 2132 2340 2201 ἔνθαπερ
2364 2134 2423 2186 τὸ
2458 2134 2841 2206 θυσιαστήριον
2874 2137 3136 2204 συστῆναι
3169 2133 3372 2204 μέλλει.
3398 2133 3508 2185 Kal
3532 2131 3673 2184 κατὰ

2099 2223 2157 2276 τὸ
2193 2225 2355 2294 μέσον
2387 2225 2516 2288 στὰς
2560 2225 2670 2278 τῶν
2702 2227 2802 2295 τῆς
2846 2228 3112 2297 ᾁνατολῆς
3142 2222 3506 2297 ὀρυγμάτων,
3543 2221 3671 2274 ἔνθα

2095 2317 2158 2370 τὸ
2189 2317 2284 2370 τοῦ
2335 2317 2583 2388 βήματος
2626 2318 2972 2387 ἡμικύκλιον,
3012 2318 3178 2388 εὐχὴν
3228 2316 3380 2385 ἱερὰν
3412 2315 3669 2379 ποιεῖται,

2095 2409 2347 2478 δεόμενος
2398 2410 2489 2463 τοῦ
2517 2410 2654 2464 Θεοῦ
2684 2411 2858 2480 Λόγον
2899 2392 3072 2481 Ἰησοῦ
3121 2408 3386 2479 Χριστοῦ,
3435 2407 3532 2461 τοῦ
3573 2406 3670 2474 τὴν

2097 2501 2290 2553 ἑαυτοῦ
2330 2499 2665 2572 Ἐκκλησίαν
2698 2502 2782 2573 ,τῷ
2818 2503 2930 2572 ίδίῳ
2954 2501 3387 2573 θεμελιώσαντος
3442 2498 3660 2568 αἵματι,

2095 2595 2186 2645 καὶ
2215 2592 2306 2645 τὸν
2336 2594 2788 2663 οίκοδομούμενον
2821 2591 2970 2648 οἶκον
3019 2593 3168 2661 αὐτῷ
3214 2591 3392 2653 καλῶς
3419 2591 3477 2642 ὲν
3512 2587 3667 2659 αὐτῷ

2095 2683 2456 2754 στηριχθῆναι
2486 2683 2581 2737 καὶ
2615 2685 2911 2754 διαμένειν.
2949 2682 3083 2738 Εἶτα
3103 2683 3483 2751 δοξολογήσαε,
3503 2679 3667 2742 αὐτὸς

2091 2775 2210 2832 ταῖς
2245 2775 2404 2843 χερσὶ
2441 2773 2624 2838 λίθους
2659 2775 2932 2844 λαμϐάνει
2981 2775 3077 2829 καὶ
3125 2773 3391 2830 ἄσϐεστον
3424 2773 3459 2842 ἦ
3493 2771 3668 2841 πηλὸν

2092 2867 2311 2937 ὀργάνῳ
2341 2867 2467 2922 τινί.
2503 2863 2612 2920 Kal
2642 2867 2918 2922 κατελθὼν
2945 2869 3002 2922 ὲν
3029 2867 3140 2928 τοῖς
3169 2866 3462 2935 θεμελίοις,
3483 2865 3668 2932 τίθησι

2091 2959 2216 3021 τοὺς
2245 2958 2447 3024 λίθους,
2479 2959 2836 3029 σταυροειδῶς
2868 2960 3173 3029 σφραγίσας
3205 2959 3423 3022 αὐτοὺς,
3452 2957 3668 3017 δεικνὺς

2090 3051 2289 3103 ὃτιτδν
2327 3051 2562 3120 Χριστον
2606 3054 2706 3120 τὴν
2742 3053 2992 3106 ἄσειστον
3025 3053 3231 3120 πέτραν
3282 3047 3534 3118 θεμέλιον
3579 3047 3672 3099 τέ-

2098 3141 2270 3197 θεικε.
2301 3143 2461 3196 Κατὰ
2498 3143 2554 3195 δὲ
2595 3143 2655 3195 τὸ
2689 3144 2854 3211 μέσον
2881 3143 2989 3196 τῶν
3018 3143 3180 3195 λίθων
3219 3141 3276 3194 ὲν
3306 3139 3523 3210 σμικρῷ
3563 3156 3673 3192 τινι

2099 3233 2305 3304 λάκκῳ,
2340 3229 2452 3286 οἷον
2485 3235 2543 3285 ὲν
2571 3235 2748 3303 τάφῳ,
2783 3235 3051 3303 κανδήλαν
3072 3231 3273 3297 λαϐὼν,
3299 3236 3393 3284 καὶ
3415 3227 3671 3298 ἐμϐαλὼν

2099 3327 2276 3379 ἔλαιον
2308 3330 2402 3380 καὶ
2433 3327 2669 3394 ἀνάψας,
2709 3326 2946 3395 εὐλογῶν
2969 3343 3066 3389 τε,
3097 3325 3302 3396 τίθησν
3333 3323 3550 3385 δεικνὺς
3582 3321 3672 3374 διὰ

2103 3415 2199 3483 μὲν
2223 3414 2318 3467 τοῦ
2349 3415 2533 3468 ἐλαίου
2564 3415 2656 3468 τὸν
2688 3415 2836 3470 ἔλεον
2877 3415 2971 3469 τοῦ
3013 3414 3172 3476 Θεοῦ,
3221 3414 3278 3476 ὃς
3307 3412 3458 3466 ἔσται
3498 3428 3668 3482 χορη-

2099 3507 2363 3574 γούμενος
2397 3505 2487 3558 διὰ
2514 3505 2608 3559 τοῦ
2660 3507 3082 3575 άνεγειρομένου
3131 3505 3432 3568 obeam-6th
3462 3504 3517 3556 δὲ
3571 3503 3669 3555 τοῦ

2099 3596 2274 3664 φωτὸς
2303 3597 2393 3648 τὸν
2434 3597 2639 3650 ἄνωθεν
2691 3599 2970 3667 φωτισμὸν
3018 3597 3170 3663 παρὰ
3208 3596 3300 3648 τοῦ
3349 3596 3524 3665 φωτὸς
3573 3593 3668 3646 τοῦ

2099 3679 2373 3754 ἀληθινοῦ,
2426 3685 2518 3736 καὶ
2549 3685 2678 3736 αὐτὸ
2723 3684 2782 3737 τὸ
2837 3685 2997 3754 μόνον
3033 3683 3148 3754 φῶς
3194 3681 3285 3734 τὸν
3337 3679 3573 3752 Χριστὸν
3611 3680 3671 3731 ὲν

2098 3779 2252 3844 τάφῳ
2284 3775 2509 3828 τεθέντα
2539 3776 2610 3829 δι’
2641 3777 2808 3845 ἡμᾶς,
2858 3776 2952 3828 καὶ
3000 3777 3058 3828 ὲν
3103 3771 3288 3840 ἐλαίῳ,
3329 3771 3410 3823 ὅτι
3448 3765 3673 3840 ἤλειψεν

2098 3871 2246 3939 ήμᾶς
2278 3869 2443 3938 ἐλαίῳ
2471 3868 2571 3937 τῆς
2602 3869 2849 3938 χάριτος,
2909 3870 3006 3920 καὶ
3053 3867 3135 3920 ὅτι
3191 3866 3240 3918 δι
3304 3863 3509 3927 ἐλαίου,
3548 3861 3671 3931 ῆτοι

2098 3959 2191 4012 τοῦ
2231 3959 2424 4028 μύρου,
2459 3961 2487 4012 6
2525 3955 2675 4020 οἶκος
2703 3959 3145 4024 τελειωθήσεται·
3180 3958 3274 4010 καὶ
3315 3958 3395 4009 ὅτι
3447 3954 3506 4006 τὸ
3553 3951 3673 4021 φῶς

2097 4054 2125 4105 6
2151 4053 2384 4123 Χριστὸς
2413 4051 2532 4120 μεθ’
2564 4051 2721 4121 ἡμῶν
2757 4051 2932 4115 ἔσται,
2965 4050 3060 4102 καὶ
3090 4052 3146 4103 ὲν
3192 4049 3268 4118 τῷ
3309 4047 3441 4116 οἴκῳ
3482 4061 3670 4099 κατοι-

2099 4145 2232 4206 κῶν,
2267 4145 2300 4211 ή
2335 4143 2392 4208 ἐξ
2426 4142 2592 4211 ὕψους
2619 4141 2876 4212 άνατολή.
2915 4141 3292 4209 Οίκονομήσας
3334 4139 3389 4190 δὲ
3436 4139 3532 4190 καὶ
3568 4137 3669 4205 τὴν

2100 4236 2435 4303 φωταγωγδν
2465 4235 2683 4301 ἐκείνην
2735 4232 2992 4302 ἀσφαλῶς
3027 4233 3208 4302 μένειν
3253 4233 3340 4283 διὰ
3383 4231 3472 4283 τὸν
3526 4229 3673 4298 ἱερὸν

2099 4325 2400 4393 φωτισμὸν,
2429 4326 2525 4376 καὶ
2554 4325 2645 4377 διὰ
2675 4325 2735 4376 τὸ
2765 4323 2946 4386 καλῶς
2981 4322 3271 4386 είκονίζειν
3301 4323 3398 4392 τὴν
3441 4319 3674 4387 Ἐκκλη-

2101 4416 2243 4480 σίαν,
2271 4415 2346 4478 ὼς
2374 4418 2400 4468 6
2425 4415 2783 4484 ήγαπημένος
2819 4417 2878 4468 έν
2905 4417 2970 4484 τῇ
3008 4413 3375 4487 Ἀποκαλύψει
3401 4413 3535 4481 φησὶ
3568 4427 3677 4478 μα-

429 4501 724 4568 egreditnr.
792 4499 858 4553 Et
919 4501 1116 4555 iturum
1190 4502 1350 4556 aliam
1394 4502 1522 4555 facit
1575 4503 1904 4564 orationem,
1940 4512 1991 4555 ul

2102 4507 2213 4559 θεῖν
2240 4507 2340 4568 τὰς
2375 4506 2514 4560 ἑπτὰ
2567 4507 2788 4576 λυχνίας
2841 4502 2984 4558 εἶναι
3035 4506 3134 4568 τὰς
3175 4504 3524 4573 Ἐκκλησίας,
3577 4492 3676 4553 καὶ

433 4592 522 4645 Dei
583 4594 918 4662 providentia
988 4596 1438 4662 protectioneque
1484 4604 1672 4664 surgat
1703 4593 1898 4648 domus
1932 4609 1994 4648 ac

428 4682 651 4746 pulchre
684 4685 997 4751 perﬁciatur
1031 4698 1290 4746 exorans,
1317 4696 1522 4737 necnon
1585 4693 1641 4736 ut
1678 4685 1994 4752 Ipsiuslun-

427 4776 679 4828 «lamenta
717 4776 939 4843 ipsaque
979 4789 1196 4842 semper
1253 4777 1575 4830 inconcussa
1616 4786 1993 4843 permaneant,

426 4876 478 4918 et
501 4866 834 4921 mdiﬁcantes
898 4865 963 4919 ab
999 4864 1215 4933 injuriis
1244 4857 1315 4919 'et
1362 4866 1539 4920 noxiis
1581 4867 1687 4920 sint
1719 4867 1990 4924 immunes

427 4958 551 5026 (hoc
583 4967 760 5011 autem
784 4957 937 5021 dicit,
970 4969 1036 5010 eo
1068 4955 1212 5024 quod
1235 4956 1507 5010 invidiosa
1540 4965 1668 5010 sunt
1700 4958 1992 5020 dtemonia,

429 5057 482 5100 et
510 5063 677 5117 super
703 5048 788 5101 his
810 5047 1009 5101 divinis
1041 5045 1346 5115 maleﬁca),
1393 5045 1846 5119 proferentcsque
1882 5049 1992 5102 Deo

428 5154 514 5192 res
544 5140 609 5191 ad
639 5136 1061 5191 aediﬁcationem
1122 5140 1493 5201 necessarias,
1518 5140 1740 5194 divitem
1775 5141 1842 5195 ab
1875 5143 1994 5212 ipso

427 5227 729 5280 mercedem
761 5227 1048 5292 recipiant.
1079 5226 1371 5291 Postquam
1428 5228 1542 5284 inec
1608 5233 1902 5301 complevit
1943 5246 1996 5287 et

429 5317 662 5384 signavit
721 5325 773 5369 ct
799 5316 992 5369 ultima
1052 5331 1214 5385 prece
1277 5318 1528 5385 ﬁrmavit,
1591 5323 1702 5376 abit
1763 5324 1994 5380 Domino

430 5405 629 5476 gratias
659 5420 847 5475 agens.
877 5405 1024 5473 Opus
1054 5418 1232 5461 autem
1259 5409 1372 5478 jam
1431 5411 1548 5465 ﬁeri
1616 5413 1802 5483 coepit.
1855 5415 1992 5469 Cum

431 5510 558 5549 vero
616 5505 838 5560 cuncta,
866 5497 1160 5566 adjuvante
1206 5499 1338 5564 Deo,
1367 5505 1634 5572 completa
1670 5515 1824 5570 sunt,
1855 5507 1996 5562 inte-

431 5585 572 5636 riora
609 5595 773 5663 atque
822 5586 1119 5652 exteriora,
1173 5591 1473 5645 sacrarium
1506 5593 1589 5647 vel
1613 5596 1989 5651 sanctuarium

431 5677 496 5729 ad
521 5676 790 5734 orientem
840 5682 1220 5748 constitutum,
1273 5683 1457 5738 tabula
1509 5687 1898 5754 propositionis
1927 5689 1991 5742 ad

430 5767 731 5836 dexteram,
762 5780 815 5825 et
847 5770 911 5824 ad
938 5775 1216 5829 sinistram
1241 5775 1558 5830 diaconatus
1625 5777 1781 5833 sedes
1847 5779 1994 5847 ordi-

2105 4599 2251 4652 λίθον
2287 4601 2471 4653 ἐπάνω
2516 4600 2719 4669 ταύτης
2752 4600 3001 4669 θέμενος,
3036 4601 3118 4652 ὅτι
3172 4598 3464 4668 Χριστὺςή
3497 4597 3676 4666 πέτρα

2105 4693 2438 4763 έπικάθηται
2485 4692 2585 4761 τῆς
2647 4691 2980 4760 Ἐκκλησίας
3019 4689 3204 4755 αὐτοῦ,
3240 4690 3521 4760 ἐξέρχεται
3564 4690 3679 4742 τῶν

2105 4785 2390 4856 θεμελίων.
2422 4787 2530 4838 Kal
2557 4786 2720 4839 πάλιν
2747 4787 2943 4856 ἑτέραν
2970 4788 3202 4840 ποιεῖται
3232 4787 3418 4858 εὐχήν,
3448 4788 3681 4856 προνοίᾳ

2104 4875 2236 4928 Θεοῦ
2269 4876 2364 4928 καὶ
2396 4875 2572 4945 σκέπῃ
2601 4876 2695 4928 τὸν
2738 4872 2887 4929 ἄκον
2935 4877 3242 4946 ἐγείρεσθαι
3317 4879 3412 4930 καὶ
3453 4877 3677 4930 τελειω-

2105 4969 2260 5036 θῆναι
2290 4967 2469 5028 καλῶς
2492 4967 2893 5036 ἐξαιτούμενος,
2925 4971 3019 5023 καὶ
3040 4970 3167 5030 τοὺς
3191 4968 3477 5037 θεμελίους
3504 4967 3672 5021 αὐτοῦ

2049 5106 2055 5111 .
2103 5059 2199 5110 καὶ
2230 5058 2394 5110 αὐτὸν
2424 5057 2752 5120 ἀσαλεύτους
2782 5057 3076 5121 διαπαντὸς
3110 5060 3410 5129 διαμένειν,
3463 5061 3674 5130 ἀνεπη-

2107 5151 2363 5216 ρεάστους
2397 5166 2457 5200 τε
2487 5143 2624 5202 εἶναι
2656 5151 2779 5212 τοὺς
2814 5150 3228 5218 οἰκοδομοῦντας
3260 5153 3353 5205 καὶ
3380 5153 3668 5217 ἀϐλαϐεῖς·

2102 5241 2258 5292 τοῦτο
2306 5239 2362 5291 δὲ
2409 5239 2574 5307 λέγει,
2624 5241 2707 5292 ὅτι
2742 5241 2976 5311 φθονερὰ
3017 5243 3082 5295 τὰ
3123 5243 3373 5312 δαιμόνια
3423 5247 3517 5296 καὶ
3576 5247 3673 5298 ἐπὶ

2102 5329 2311 5390 τούτοις
2339 5330 2450 5390 τοῖς
2479 5329 2644 5391 θείοις
2676 5332 3076 5399 ἐπηρεαστικά·
3102 5335 3224 5396 τούς
3258 5336 3672 5407 προσφέροντάς

2102 5434 2158 5470 τε
2204 5418 2324 5488 Θεῷ
2359 5418 2428 5470 τὰ
2482 5419 2617 5487 πρὸς
2649 5419 2748 5488 τὴν
2798 5421 3088 5491 οἰκοδομὴν
3136 5424 3294 5494 116
3334 5428 3426 5478 τὸν
3479 5429 3674 5496 μισθὸν

2104 5511 2372 5573 πλουσίως
2403 5512 2532 5582 παρ’
2562 5511 2727 5564 αὐτοῦ
2766 5513 3057 5584 λήψεσθαι.
3091 5516 3278 5570 Ταῦτα
3320 5519 3544 5584 τελέσας
3575 5524 3672 5575 καὶ

2105 5601 2408 5670 σφραγίσας
2443 5605 2536 5655 καὶ
2559 5603 2950 5675 ἐπευξάμενος,
2991 5607 3291 5677 ἀπέρχεται
3327 5610 3669 5681 εὐχαριστῶν

2103 5692 2178 5760 τῷ
2205 5690 2413 5760 Κυρίῳ.
2445 5691 2517 5742 Τὸ
2540 5691 2597 5743 δὲ
2630 5691 2790 5759 ἔργον
2815 5693 2919 5764 ήδη
2951 5695 3211 5765 ἐνήρξατο
3237 5699 3501 5766 γίνεσθαι.
3530 5705 3669 5758 Πάν-

2102 5799 2210 5835 των
2235 5780 2290 5833 δὲ
2327 5781 2423 5833 σὺν
2449 5779 2570 5850 Θεῷ
2603 5781 2988 5848 τελεσθέντων,
3022 5785 3130 5839 τῶν
3155 5804 3212 5840 τε
3247 5790 3395 5853 ἐντὸς
3439 5795 3534 5846 καὶ
3565 5795 3674 5860 τῶν
