4038 6418
308 345 411 409 309

1562 337 1659 396 DE
1717 333 1958 397 SACRO
1985 339 2302 399 TEMPLU.
2328 342 2330 345 ’

3476 340 3581 400 310

299 457 522 523 ἔξωθεν,
567 453 662 508 τοῦ
698 451 966 519 ἱερατείου
1001 467 1087 514 τε,
1140 451 1259 519 ἦτοι
1305 448 1402 504 τοῦ
1453 449 1721 520 βήματος,
1749 453 1891 506 κατὰ

2036 455 2368 519 ataezumbo
2398 468 2527 511 vero
2552 454 2603 508 in
2639 464 2940 526 conspectu
2991 456 3320 517 sanctuarii,
3352 457 3395 511 si
3431 443 3582 516 locus

301 545 563 606 ἀνατολὰς
590 544 919 614 ὁρισθέντος,
954 543 1047 595 καὶ
1085 541 1187 612 ,τῆς
1222 542 1321 611 μὲν
1364 541 1678 611 προθέσεως
1700 544 1764 596 ἐκ
1795 543 1878 595 δε-

302 639 453 706 ξιῶν,
482 637 541 702 ἐξ
566 636 874 708 ἀριστερῶν
916 636 973 688 δὲ
1005 635 1100 688 τοῦ
1141 634 1454 688 διακονικοῦ
1500 634 1878 700 τεταγμένων,

300 732 394 786 τοῦ
421 729 673 800 ᾶμῆωνός
699 746 759 781 τε
799 729 1029 798 ἀντικρὺ
1084 727 1334 791 τεθέντος
1389 726 1483 781 τοῦ
1530 727 1799 799 βήματος,
1834 730 1884 782 εί

304 824 462 884 τόπος
490 821 628 885 ἐστὶ,
659 820 754 871 καὶ
784 818 892 872 τῶν
912 817 1214 872 διαστύλων
1243 816 1502 887 ἀσφαλῶς
1525 817 1883 887 ἱδρυθέντων,

303 908 452 970 ἐντός
482 925 540 961 τε
584 905 679 962 τοῦ
719 908 962 979 βήματος
991 907 1085 960 τοῦ
1128 907 1276 978 ἱεροῦ
1325 907 1592 978 κιδωρίου
1640 911 1735 964 καὶ
1770 909 1888 962 τῶν

305 999 501 1074 κιόνων
526 1001 636 1052 τῶν
685 1000 988 1072 μελλόντων
1023 1000 1121 1070 τὴν
1153 1000 1309 1069 ἱερὰν
1352 1000 1635 1070 τράπεζαν
1688 1000 1891 1071 βαστά-

312 1092 452 1156 ζειν,
484 1091 668 1155 καλῶς
717 1091 1152 1162 ἐρηρεισμένων,
1203 1091 1236 1161 ἢ
1285 1091 1380 1145 καὶ
1441 1091 1583 1156 ἑνὸς,
1621 1092 1745 1146 ἐπεὶ
1794 1093 1890 1144 καὶ

306 1177 385 1244 εἷς
417 1183 684 1254 ἐρείδεται
717 1183 874 1246 κίων,
904 1181 963 1246 ὃς
991 1184 1084 1236 καὶ
1118 1183 1364 1251 κάλαμος
1399 1183 1642 1250 λέγεται,
1696 1183 1730 1250 ἢ
1767 1183 1892 1236 ἀντὶ

308 1275 501 1328 κιόνων
555 1274 900 1347 τετραγώνου
953 1275 1408 1345 οἰκοδομηθέντος
1453 1275 1650 1328 Πινσοῦ
1703 1275 1890 1344 βωμοῦ

309 1366 643 1436 λεγομένου,
701 1368 796 1420 καὶ
855 1368 953 1435 τῆς
1007 1366 1290 1434 τραπέζης
1342 1365 1442 1436 τῆς
1495 1367 1648 1434 ἱερᾶς
1709 1366 1894 1430 καλῶς

313 1460 898 1530 προευτρεπισθείσης,
957 1459 1094 1514 ἀλλὰ
1147 1460 1243 1512 καὶ
1302 1459 1412 1512 τῶν
1464 1458 1668 1511 λοιπῶν
1718 1458 1893 1512 ἄλλων

312 1552 606 1624 χρειωδῶν,
639 1553 853 1606 σκευῶν
881 1570 939 1606 τε
976 1553 1138 1622 ἱερῶν
1174 1551 1316 1605 κατὰ
1346 1551 1410 1604 τὸ
1442 1551 1724 1622 προσῆκον
1749 1553 1897 1622 ἡτοι-

317 1648 630 1716 μασμένων,
657 1647 991 1716 ἀναφέρεται
1023 1646 1186 1700 πάλιν
1214 1644 1293 1714 τῷ
1323 1646 1572 1716 ἀρχιερεῖ
1599 1644 1793 1700 ταῦτα.
1835 1646 1895 1697 ὐ

1994 552 2101 608 est,
2134 543 2376 613 positus;
2421 546 2638 618 diastyli
2683 547 2862 603 solide
2913 547 3210 613 collocati;
3244 548 3384 602 intra
3452 566 3582 605 san-

1995 637 2291 704 ctuarium,
2324 652 2544 692 sacrum
2581 639 2851 693 cibarium
2902 648 2954 694 et
3018 639 3312 702 columnae,
3371 658 3584 695 sacram

1995 742 2242 782 mensam
2271 737 2684 792 sustentatum,
2736 729 2873 784 bene
2936 730 3253 798 disposite;
3317 732 3400 784 Vt"
3455 750 3584 795 ιιιιιι,

1919 875 1924 880 λ
1994 817 2266 888 siquidem
2297 828 2351 872 et
2401 834 2510 872 una
2547 819 2797 890 erigitur,
2855 835 2981 888 qua:
3041 817 3242 872 dicitur
3295 819 3584 884 calamus;

1995 912 2103 972 vel,
2132 913 2549 983 procolumnis,
2588 915 3070 986 quadrangulatus
3124 916 3315 978 πὶνσος
3367 915 3582 985 (proba.

2000 1004 2185 1060 biliter
2220 1005 2384 1072 πίναξ
2409 1007 2642 1077 quadra)
2673 1011 2765 1078 qui
2797 1008 3171 1064 tliciturhasis
3197 1009 3280 1062 vel
3315 1007 3591 1074 ara,‘tedi-

2000 1098 2360 1166 ﬁcatus;sed
2389 1111 2444 1154 et.
2513 1101 2618 1156 alia
2677 1111 2872 1156 cuncta
2924 1103 3079 1156 utilia
3131 1117 3371 1172 rasaque
3431 1115 3589 1156 sacra

2000 1190 2370 1246 condecenter
2396 1203 2695 1263 praeparata
2732 1209 2747 1260 ;
2782 1194 2895 1248 lucc
2927 1195 3124 1247 itermn
3176 1192 3418 1262 pontiﬁci
3455 1191 3593 1245 olle-

2001 1290 2220 1338 runtur.
2257 1282 2357 1337 llic
2425 1295 2606 1338 autem
2668 1299 2764 1349 per
2821 1287 3132 1339 ministrmu
3191 1286 3368 1354 parari
3435 1285 3596 1354 jubet

2003 1389 2127 1442 qute
2161 1383 2292 1428 sunt
2323 1373 2389 1428 ad
2421 1376 2890 1431 consecrationem
2942 1376 3272 1429 necessaria.
3333 1374 3442 1428 lloc
3493 1389 3593 1427 au-

2003 1469 2113 1517 tem
2156 1477 2279 1517 cum
2350 1462 2551 1517 factum
2581 1473 2685 1525 est,
2753 1473 2812 1517 ut
2859 1463 3062 1516 indicat
3090 1478 3184 1530 per
3214 1470 3397 1532 partes
3441 1461 3592 1514 ordi-

2005 1557 2186 1608 natrix
2213 1555 2528 1621 instructio,
2557 1555 2802 1625 pontifex
2832 1555 3070 1615 advenit,
3125 1564 3178 1608 et
3224 1571 3287 1610 ea
3316 1571 3433 1625 quae
3459 1569 3592 1608 con-

2006 1647 2340 1702 secratiouis
2367 1656 2499 1701 sunt
2523 1656 2809 1718 operatur,
2832 1656 2889 1700 ut
2913 1647 3182 1716 sequitur.

316 1741 366 1793 5s
406 1741 473 1794 δι’
508 1742 786 1812 ὑπηρέτου
845 1740 1244 1814 ἑτοιμασθῆναι
1293 1741 1446 1810 λέγει
1490 1740 1585 1794 καὶ
1640 1741 1710 1794 τὰ
1754 1741 1892 1814 πρὸς
1930 1742 2032 1814 τὴν
2067 1744 2402 1818 καθιέρωσιν
2437 1744 2764 1814 ἐπιτήδεια·
2821 1738 2928 1797 καὶ
2985 1741 3182 1795 τοῦτου
3229 1741 3592 1812 πραχθέντος,

318 1831 384 1897 ii;
412 1835 632 1902 διέξεισι
684 1836 829 1889 κατὰ
887 1836 1054 1906 μέρος
1102 1835 1163 1888 τὸ
1213 1834 1491 1902 τακτικὸν,
1526 1837 1554 1888 6
1596 1835 1889 1906 ἀρχιερεὺς
1927 1836 2315 1908 παραγίνεται,
2355 1837 2548 1892 καὶτὰ
2575 1838 2674 1906 τῆς
2700 1835 3085 1908 καθιερώσεως
3120 1837 3358 1906 ἐνεργεῖ,
3423 1835 3457 1889 ἃ
3499 1838 3596 1890 καὶ

320 1931 531 2002 ἔχουσιν
571 1927 772 1993 οὕτως.

897 2047 1154 2102 ΚΕΦΛΛ.
1203 2047 1325 2102 PB’.

389 2141 526 2210 Περὶ
557 2138 664 2208 τῆς
700 2139 806 2194 τοῦ
837 2139 1011 2208 ἁγίου
1043 2140 1488 2210 θυσιαστηρίου
1536 2138 1636 2193 καὶ
1678 2137 1832 2192 ναοῦ

891 2209 1321 2276 καθιερώσεως.

393 2303 622 2372 Ἰδωμεν
659 2301 714 2355 δὲ
760 2302 854 2354 καὶ
902 2301 1086 2372 ἡμεῖς,
1120 2301 1196 2364 ὡς
1230 2300 1512 2372 ἐγχωροῦν
1551 2305 1646 2356 καὶ
1676 2305 1906 2358 δυνατὸν

328 2395 557 2466 ﬁnitimi
585 2395 685 2459 τῆς
714 2393 947 2463 θεωρίας
976 2393 1176 2446 αὐτῶν.
1200 2392 1466 2464 Ἔρχεται
1498 2396 1578 2458 εἰς
1606 2397 1697 2450 τὸν
1726 2396 1908 2451 καθιε-
1938 2417 1940 2419 '

327 2487 564 2558 ρωθῆναι
600 2488 866 2557 μέλλοντα
897 2487 1024 2539 ναὸν
1059 2489 1086 2540 6
1117 2489 1431 2557 ἀρχιερεὺς,
1475 2487 1600 2540 ἐπεὶ
1635 2491 1730 2542 καὶ
1775 2489 1908 2552 Θεὸς

329 2578 455 2650 ἦλθε
486 2582 620 2652 πρὸς
646 2583 816 2652 ἡμᾶς,
837 2580 986 2648 ἡμᾶς
1012 2580 1264 2647 ἁγιάσαι.
1287 2580 1396 2633 Καὶ
1425 2579 1667 2634 ἐνδύεται
1694 2581 1911 2637 ᾶπαντα

334 2677 392 2729 τὰ
437 2673 832 2744 ἀρχιερατικὰ,
867 2673 1084 2736 δεικνὺς
1123 2675 1221 2742 τὴν
1267 2673 1409 2743 ὑπὲρ
1441 2674 1603 2745 ἡμῶν
1633 2673 1728 2728 τοῦ
1771 2675 1910 2730 Θεοῦ

332 2767 503 2836 Λόγου
534 2766 833 2836 σάρκωςιν.

906 2852 1330 2936 ’ΚΕφΑΑ.ΡΓκ

335 2978 494 3032 Διατί
547 2981 578 3032 ό
641 2976 1444 3108 ἀρχιερεὺς-ζ’περιόάλλεται
1502 2979 1762 3034 σινδόνα
1822 2979 1921 3036 καὶ

988 3065 1273 3101 ωννυται.

988 3065 1148 3101 ωννυ
1157 3065 1273 3101 ται.

414 3140 632 3194 Ἕπάνω
675 3141 730 3194 δὲ
785 3139 994 3194 τούτων
1045 3140 1436 3210 περιϐάλλεται
1477 3141 1588 3194 ἀπὸ
1620 3141 1729 3196 τῶν
1756 3140 1924 3210 ὤμων

337 3233 550 3286 σινδόνα
579 3233 804 3303 λευκὴν,
839 3232 1138 3303 διήκουσαν
1174 3232 1306 3304 ἄχρι
1338 3234 1446 3287 τῶν
1479 3236 1680 3299 ποδῶν,
1716 3239 1794 3299 είς
1829 3237 1926 3288 τύο

339 3343 436 3379 πον
466 3325 555 3379 τοῦ
587 3325 828 3396 Χριστοῦ
862 3327 958 3392 τῆς
995 3327 1083 3377 ἐπὶ
1129 3327 1208 3396 τῷ
1277 3331 1434 3396 τάφῳ
1465 3328 1724 3392 σινδόνος.
1775 3329 1928 3384 Ἐπεὶ

341 3414 445 3485 γὰρ
472 3417 530 3468 τὸ
569 3417 758 3486 μνῆμα
787 3417 881 3469 τοῦ
918 3417 1151 3488 Χριστοῦ
1187 3420 1400 3488 ἐγεῖραι
1431 3418 1737 3488 μέλλει,καὶ
1769 3421 1930 3489 ἁγιά-

2629 2035 2862 2094 CAPUT
2893 2037 3006 2094 Cll.

2191 2133 2264 2187 Dc
2287 2145 2469 2187 sancto
2503 2133 2662 2186 altari
2697 2145 2744 2186 et
2780 2132 2963 2200 templi
2991 2130 3419 2201 inauguratione.

2083 2291 2382 2347 Videamus
2420 2301 2600 2346 autem
2627 2299 2682 2345 et
2717 2305 2836 2356 nos,
2870 2296 3132 2359 quantum
3187 2285 3308 2340 licet
3338 2293 3390 2340 et
3441 2286 3599 2340 nobis

2008 2395 2092 2441 est
2131 2383 2414 2455 possibile,
2450 2384 2876 2454 speculationem
2915 2396 3128 2436 eorum.
3163 2378 3322 2434 Venit
3360 2381 3425 2433 ad
3464 2394 3599 2433 con-

2009 2477 2626 2546 secrandumtemplum
2685 2473 2949 2544 pontifex,
3013 2473 3281 2541 siquidem
3339 2480 3393 2523 et
3461 2470 3600 2524 Deus

2014 2573 2161 2628 venit
2189 2573 2254 2626 ad
2288 2585 2406 2635 nos,
2451 2577 2510 2624 ut
2540 2583 2640 2623 nos
2671 2567 3044 2623 sauctiﬁcaret
3079 2584 3093 2629 ;
3124 2574 3179 2618 et
3208 2563 3385 2616 induit
3413 2567 3595 2616 omnia

2016 2669 2338 2720 vestimenta
2375 2661 2731 2732 pontiﬁcalia,
2765 2659 2856 2713 Dei
2889 2657 3056 2713 Verbi
3093 2672 3192 2724 pro
3225 2655 3383 2709 ιιοιιίε
3416 2655 3602 2710 incar-

2018 2757 2292 2813 nationem
2333 2753 2666 2826 signiﬁcans.

2621 2867 2853 2924 CAPUT
2903 2865 3038 2922 Clll.

2153 2965 2330 3031 Quare
2358 2965 2580 3020 antistes
2606 2963 2882 3017 sindonem
2910 2961 3080 3015 induit
3110 2974 3266 3028 seque
3295 2957 3480 3026 cingit.

2101 3123 2278 3192 Super
2311 3118 2398 3174 his
2428 3127 2606 3172 antem
2642 3114 2928 3172 sindonem
2985 3111 3375 3168 circumiuduit
3433 3112 3618 3167 albam-

2029 3215 2096 3271 ab
2122 3212 2365 3270 humeris
2401 3211 2468 3266 ad
2495 3210 2661 3282 pedes
2690 3223 2866 3276 usque
2897 3207 3304 3270 decurrentem,
3339 3206 3394 3258 in
3427 3215 3614 3275 typum

2030 3308 2233 3364 Christi
2263 3306 2510 3360 sindouis
2563 3303 2631 3359 ad
2681 3301 3019 3372 sepulturam
3059 3317 3072 3353 :
3106 3297 3312 3354 Christi
3383 3313 3616 3368 namque

2036 3407 2458 3455 monumentum
2487 3396 2732 3451 excitare
2762 3394 2922 3449 debet
2989 3407 3051 3448 ac
3111 3392 3483 3456 sauctillcare,
3530 3404 3616 3442 sa-

351 3465 438 3485 I'I'
482 3465 526 3468 "
569 3465 757 3486 ι”“’”ιι““
799 3465 875 3469 ’⁷⁷
919 3465 1148 3488 ”“ι”””⁷’
1188 3465 1399 3488 'I"I""
1431 3465 1737 3488 r'""""""
1769 3465 1898 3489 *δ”*

344 3523 454 3575 σαι,
489 3507 588 3580 τὴν
617 3508 767 3579 ἱεράν
798 3524 942 3579 φημι
973 3510 1275 3579 τράπεζαν,
1312 3511 1404 3564 καὶ
1433 3510 1502 3564 τὰ
1541 3509 1637 3564 τοῦ
1700 3511 1920 3582 μνῆμαι

2032 3507 2206 3557 cram,
2238 3490 2346 3557 aio,
2403 3501 2678 3550 mensam,
2746 3492 2800 3539 et
2831 3500 2952 3554 quae
2977 3486 3315 3539 monumenti
3352 3492 3499 3545 sunt,
3539 3490 3614 3544 ut,

345 3617 435 3664 τος
469 3600 543 3664 ὡς
571 3601 913 3671 μιμούμενος
936 3601 1027 3655 τὸν
1048 3602 1285 3674 Χριστὸν
1306 3601 1650 3672 θαπτόμενον
1673 3605 1804 3656 ὲκτυ
1815 3602 1924 3663 ποῖ,

347 3695 456 3747 Καὶ
505 3696 654 3764 τρισὶ
705 3691 905 3757 ζώναις
957 3693 1359 3762 περιζώννυται
1407 3694 1507 3765 τὴν
1565 3693 1781 3746 σινδόνα
1837 3694 1918 3757 είς

349 3786 506 3851 δόξαν
533 3789 630 3857 τῆς
656 3787 914 3857 Τριάδοςο
941 3787 1170 3841 ὄπισθεν
1204 3787 1300 3841 τοῦ
1331 3787 1580 3856 αὐχένος,
1613 3786 1700 3839 διά
1750 3803 1809 3840 τε
1839 3787 1930 3838 τὸν

348 3876 471 3930 νοῦν
497 3878 592 3931 καὶ
633 3877 731 3948 τὴν
762 3877 863 3948 τῆς
890 3878 1141 3942 δουλείας
1176 3878 1311 3948 πρὸς
1361 3876 1497 3930 Θεὸν
1537 3877 1784 3943 ἔνδειξιν,
1827 3877 1933 3929 ὑπὸ

348 3969 446 4032 τὰς
477 3970 758 4040 μασχάλας
789 3971 916 4039 περὶ
938 3971 996 4022 τὸ
1025 3969 1240 4034 στῆθος,
1259 3969 1347 4023 διὰ
1369 3970 1428 4023 τὸ
1455 3970 1763 4037 λογιστικόν
1791 3984 1804 3998 ·
1837 3969 1930 4022 καὶ

279 4117 291 4133 θ
352 4065 476 4132 περὶ
503 4064 602 4128 τὴν
631 4063 824 4129 ὀσφὺν,
855 4061 944 4114 διὰ
971 4061 1033 4114 τὸ
1065 4059 1307 4132 καθαρόν
1338 4079 1394 4114 τε
1425 4062 1519 4115 καὶ
1557 4063 1778 4132 ἰσχυρόν
1798 4077 1812 4092 ο
1842 4063 1936 4114 καὶ

353 4149 412 4203 τὸ
454 4153 552 4220 μὲν
601 4150 694 4204 τοῦ
736 4151 976 4222 Πατρὸς,
1032 4150 1093 4203 τὸ
1124 4151 1183 4204 δὲ
1221 4151 1315 4204 τοῦ
1367 4153 1565 4219 Λόγου,
1618 4152 1678 4203 τὸ
1726 4149 1784 4203 δὲ
1835 4150 1933 4203 τοῦ

355 4248 617 4312 ζωοποιοῦ
643 4249 737 4301 καὶ
762 4245 1004 4309 καθαροῦ
1039 4245 1374 4314 [Ινεὺματος.
1413 4248 1520 4300 Καὶ
1543 4245 1602 4298 ὲν
1626 4247 1745 4308 ταῖς
1776 4244 1940 4314 χερσὶ

354 4340 409 4393 δὲ
436 4339 642 4408 ὁμοίιος
696 4338 963 4408 μανδύλια
999 4338 1367 4409 περιτίθεται,
1401 4338 1478 4400 ὡς
1515 4335 1749 4405 μανίκια
1805 4337 1944 4405 ἡνω-

361 4433 495 4500 μένα
524 4434 589 4503 τῇ
624 4432 844 4485 σινδόνι.
874 4431 985 4485 Καὶ
1009 4431 1184 4484 ταῦτα
1215 4429 1364 4501 τρισὶ
1395 4429 1682 4499 δεσμεῖται
1709 4429 1942 4506 ἓκασῐτον

359 4523 575 4588 ζώναις,
639 4528 719 4588 εἰς
773 4506 952 4577 τύπον·
994 4525 1094 4592 τῆς
1141 4523 1378 4594 Τριάδος
1415 4523 1514 4592 τῆς
1573 4521 1942 4590 παντουργοῦ.

366 4634 382 4663 ι
404 4615 467 4667 Αἱ
497 4615 676 4684 χεῖρές
697 4633 790 4666 σου
814 4616 940 4684 γὰρ,
975 4633 994 4666 ›
1027 4615 1164 4684 πρδς
1199 4613 1290 4666 τὸν
1321 4613 1542 4683 Πατέρα
1572 4613 1724 4680 λέγει
1755 4613 1940 4676 Δαϐὶδ,

357 4707 388 4758 6
427 4706 552 4768 Υίδς
583 4707 823 4777 δηλονότι
855 4706 1040 4760 καὶιτδ
1075 4704 1296 4775 Πνεῦμα
1327 4705 1386 4758 τὸ
1419 4705 1597 4772 ἅγιον,
1636 4723 1654 4756 ι
1682 4705 1946 4774 ἐποιήσόω

2033 3597 2131 3656 per
2197 3581 2586 3644 imitationem,
2651 3577 2936 3631 Christum
3007 3576 3276 3642 sepultum
3321 3573 3616 3642 exprimat.

2033 3675 2233 3730 Tribus
2263 3682 2442 3728 autem
2464 3672 2615 3725 zonis
2644 3669 2927 3725 sindonem
2948 3665 3252 3738 praecingit,
3273 3667 3332 3718 iu.
3358 3666 3628 3718 honorem-

2035 3767 2325 3822 Trinitatis
2361 3781 2373 3816 :
2409 3771 2532 3834 post
2563 3761 2766 3818 collum
2794 3770 3016 3830 preptcr
3057 3769 3295 3812 memem
3332 3767 3385 3810 et
3453 3758 3627 3811 servi-

2039 3859 2169 3913 tutis
2204 3857 2271 3911 ad
2304 3854 2475 3909 Deum
2530 3851 3029 3923 signiﬁcationem;
3070 3850 3173 3904 sub
3225 3847 3421 3901 axillas
3475 3847 3624 3901 circa

2039 3953 2253 4023 pectus,
2300 3957 2522 4020 propter
2553 3947 2862 4012 rationem;
2902 3953 2955 3998 et
2986 3943 3134 3997 circa
3178 3956 3337 3996 renes
3404 3950 3625 4011 propter

2039 4043 2330 4114 puritatem
2367 4053 2420 4096 et
2448 4039 2818 4095 fortitudinem
2858 4053 2874 4104 ;
2903 4051 3004 4088 una
3025 4033 3243 4104 quidem
3276 4033 3335 4086 in
3361 4034 3623 4088 honorem

2044 4132 2221 4188 Patris
2253 4149 2268 4200 ;
2300 4133 2402 4186 alia
2427 4144 2554 4186 vero
2586 4129 2640 4182 in
2661 4128 2923 4182 honorem
2963 4123 3121 4181 Filii;
3161 4123 3320 4176 tertia
3359 4123 3410 4175 in
3453 4123 3621 4174 bono-

2041 4242 2158 4281 rem
2191 4222 2515 4278 viviﬁcautis
2554 4231 2609 4276 et
2637 4219 2757 4290 puri
2793 4217 3050 4288 Spiritus.
3072 4215 3130 4269 lu
3159 4215 3414 4270 manibus
3446 4223 3635 4267 autem

2045 4319 2249 4389 pariter
2283 4315 2630 4372 chirothecas
2673 4311 2849 4366 induit
2878 4319 3102 4382 propter
3143 4308 3349 4363 tortilia
3410 4308 3628 4362 sindoni

2048 4409 2222 4466 unita.
2285 4405 2350 4460 Et
2395 4401 2823 4474 unumquodque
2879 4416 3072 4456 eorum
3132 4399 3307 4454 tribus
3367 4398 3629 4466 alligatur

2047 4500 2200 4555 zonis
2241 4500 2293 4554 in
2354 4507 2538 4570 typum
2580 4493 2977 4564 omnipmentis
3029 4489 3340 4546 Trinitatis.
3397 4507 3415 4541 ι
3443 4488 3636 4542 Manus

2049 4594 2194 4649 enim
2223 4599 2352 4651 tuas;
2383 4610 2402 4643 ι
2444 4588 2623 4660 inquit
2651 4585 2819 4642 David
2851 4586 2917 4641 ad
2947 4585 3188 4651 Patrem,
3216 4583 3390 4639 Filius
3423 4581 3638 4636 scilicet

2050 4696 2104 4742 et
2128 4685 2366 4754 Spiritus
2396 4689 2646 4767 sanctus,
2679 4700 2698 4733 ι
2727 4679 2974 4736 fecerunt
3002 4692 3107 4744 me,
3142 4687 3196 4731 et
3229 4677 3639 4745 plasmavernut-

323 4836 325 4840 .
365 4813 431 4865 με
467 4766 559 4849 καῖ
594 4766 840 4849 ἔπλασαν
878 4813 968 4866 με.
1011 4816 1028 4848 ι
1077 4797 1187 4849 Kal.
1222 4766 1392 4848 ’ὲννέα
1432 4766 1669 4862 γίνονται
1701 4766 1867 4857 ζῶναι
1895 4813 1920 4844 ο

2053 4791 2158 4831 me.
2194 4792 2212 4828 ›
2249 4774 2316 4829 Et
2344 4787 2541 4828 novem
2573 4766 2723 4826 zenae
2764 4770 2906 4824 [lunt
2954 4769 3071 4822 haec
3131 4781 3329 4821 novem
3391 4766 3632 4829 vincula,

364 4887 519 4941 ἐννέα
543 4887 688 4940 οὗτοι
712 4887 925 4956 δεσμοὶ,
945 4889 1012 4940 τὰ
1043 4888 1203 4940 ἐννέα
1235 4885 1527 4956 δηλοῦντες
1550 4886 1810 4956 τάγματα
1840 4885 1948 4938 τῶν

364 4981 634 5047 ἀγγέλων,
671 4980 968 5051 τριαδικῶς
1001 4980 1098 5051 τὴν
1131 4978 1338 5048 Τριάδα
1379 4977 1742 5048 κηρύττοντα.
1789 4977 1953 5029 Ἀλλὰ

367 5074 460 5124 καὶ
493 5070 566 5134 ὡς
597 5071 847 5136 διάκονος
897 5072 1158 5141 μεγίστου
1191 5071 1354 5141 ἔργου
1401 5072 1428 5124 6
1463 5070 1748 5140 ἱεράρχης,
1797 5086 1954 5140 περι-

368 5165 634 5228 ζώννυται
659 5163 826 5224 οὕτω,
859 5166 958 5232 τὴν
986 5165 1094 5216 ἀπὺ
1136 5164 1232 5216 τοῦ
1266 5161 1402 5216 Θεοῦ
1441 5162 1762 5230 αἰτούμενος
1789 5161 1953 5215 δύνα-

374 5275 490 5328 μιν·
523 5259 617 5310 καὶ
653 5257 1006 5326 ἑτοιμάζεται
1041 5257 1178 5326 πρὸς
1209 5255 1270 5309 τὸ
1300 5255 1481 5327 ἔργον·
1515 5255 1644 5317 ἴσως
1673 5254 1731 5306 δὲ
1763 5257 1859 5308 καὶ
1888 5253 1954 5306 τὰ

371 5351 628 5420 ἱερατικὰ
657 5350 832 5418 τιμῶν
860 5349 1066 5419 Etyma,
1113 5352 1206 5403 καὶ
1266 5347 1341 5419 μὴ
1376 5347 1763 5417 καταχραίνων
1814 5346 1954 5399 αὐτὰ

371 5445 436 5512 τῇ
469 5441 578 5494 τῶν
614 5441 753 5494 ὑλῶν
786 5441 877 5493 τοῦ
912 5443 1074 5512 ἔργου
1113 5441 1524 5511 μεταχειρήσει.

627 5533 640 5546 ’
957 5553 1370 5608 ΚΕΦΛΛ.ΡΔἏ

375 5651 534 5704 Διατί
580 5650 649 5704 ἐν
695 5648 768 5720 τῇ
806 5647 1149 5770 καθιερώςει
1200 5647 1308 5767 τρῦ
1343 5646 1493 5700 ναοῦ
1539 5643 1857 5714 ἐξάγονται
1896 5646 1951 5696 οἱ

1055 5758 1068 5770 .
1097 5723 1228 5770 ai‘xo
1263 5757 1276 5770 .

1055 5723 1276 5771 .lai'xol.

462 5815 798 5885 ’Λρξαμενος
856 5816 907 5868 δὲ
944 5817 1202 5884 ἐνεργεῖν,
1241 5813 1424 5878 ἐξάγει
1480 5813 1682 5874 πάντα,
1724 5812 1843 5871 τοὺς
1883 5808 1958 5877 μὴ

2055 4884 2246 4924 novem
2279 4867 2568 4938 ﬁgurautia
2605 4864 2920 4933 angelorum
2948 4859 3190 4922 ordines,
3258 4857 3353 4924 qui
3413 4872 3637 4911 numero

2052 4960 2296 5015 ternario
2322 4956 2652 5012 Trinitatem
2679 4952 3004 5023 praedicant.
3041 4949 3146 5003 Sed
3168 4947 3331 5000 etiam
3372 4960 3430 5001 ut
3457 4949 3638 5018 operis
3732 4980 3734 4982 τ

2056 5052 2276 5107 maximi
2314 5047 2564 5104 minister
2595 5041 2842 5112 pontifex
2905 5042 2978 5095 ita
3021 5038 3394 5109 praecingitur,
3455 5055 3484 5092 a
3533 5040 3641 5092 Deo

2059 5143 2352 5216 potentiam
2405 5150 2595 5210 petens
2667 5145 2722 5191 et
2755 5136 2821 5190 ad
2880 5149 3020 5204 opus
3074 5141 3342 5203 paratur;
3411 5132 3640 5187 forsitan

2059 5247 2239 5290 autem
2271 5243 2492 5303 propter
2522 5227 2949 5284 sacerdotalium
2981 5226 3425 5280 iudmnentormn
3486 5241 3642 5279 reve—

2058 5327 2397 5390 rentiam,ne
2417 5322 2768 5378 materiarum
2801 5321 2982 5391 aperis
3024 5319 3348 5375 tractatione
3405 5333 3645 5374 comma-

2065 5421 2342 5476 culentur.

2645 5533 2872 5594 CAPUT
2932 5535 3063 5590 CIV.

2065 5636 2241 5702 Quare
2297 5635 2346 5687 in
2403 5633 2579 5702 templi
2628 5631 3039 5753 inatzguratione
3102 5628 3227 5682 laici
3269 5623 3516 5679 excedere
3550 5623 3648 5693 jn-

2771 5711 2941 5753 enlttr.

2771 5711 2941 5753 enlttr.

2144 5797 2386 5853 Actionis
2412 5804 2592 5849 autem
2631 5795 2810 5859 initio,
2845 5801 3073 5846 cunctos
3118 5806 3275 5845 SitCI‘O
3337 5789 3652 5840 clmtactete
