4038 6386
400 276 502 342 311

1256 276 1638 337 SYMEONIS
1680 275 2124 337 THESSALON
2139 273 2434 336 lCENSlS
2489 271 2844 334 ARCHIEP.

3559 263 3668 338 332

395 407 502 445 nou
537 389 819 456 insignitos
852 389 1098 461 expellit.
1126 389 1259 445 Nam
1291 405 1420 445 cum
1452 390 1608 446 debet
1640 406 1974 447 consecrare

2081 391 2358 460 σφραγῖδα
2410 391 2562 461 ἱεράν
2614 389 2862 459 ἔχοντας.
2929 382 3152 455 Ἐπειδὴ
3207 383 3316 451 γὰρ
3369 378 3663 450 καθ-εροῦν

391 481 634 546 domum,
666 490 1019 536 consecratos
1083 481 1249 536 etiam
1284 481 1609 537 sacerdotali
1657 483 1976 538 charactere

389 579 619 626 cunctos
679 580 895 640 oportet
953 572 1144 627 adesse
1193 572 1618 642 ministrareque
1673 573 1972 628 secundum

395 661 824 731 uniuscujusque
863 670 1091 727 statum,
1135 678 1242 717 non
1302 675 1481 717 autem
1519 680 1584 719 ex
1615 665 1806 720 ordine
1833 664 1973 720 laico

386 768 714 822 quemquam
761 773 774 807 :
807 754 959 809 intus
993 754 1137 809 enim
1171 755 1262 825 qui
1296 757 1588 824 reperitur,
1626 771 1785 811 sacer
1812 757 1971 812 debet

385 861 507 900 esse
534 846 801 911 minister,
837 847 978 901 sicut
1007 855 1061 902 et
1089 862 1245 902 sacra
1279 847 1474 904 domus
1513 856 1595 903 est
1624 865 1744 918 qua:
1765 850 1972 904 sancti-

387 938 604 991 ﬁcatur.
643 937 870 1008 Propter
897 938 1001 992 hoc
1036 938 1206 1008 igitur
1237 940 1528 1009 exiguntur
1581 941 1728 1003 laici,
1791 942 1968 996 donec

386 1037 768 1082 consecratum
800 1029 871 1084 sit
913 1031 1198 1100 templum,
1234 1040 1490 1098 tanquam
1524 1031 1588 1084 ad
1650 1032 1822 1089 altare
1857 1048 1965 1087 non

384 1121 743 1191 pertinentes.

984 1211 1210 1268 CAPUT
1267 1217 1380 1272 CV.

789 1304 962 1370 Quare
991 1316 1132 1360 mota
1161 1319 1528 1377 exportantur.

457 1392 707 1464 Exigitur
744 1405 927 1450 autem
953 1399 1119 1451 etiam
1148 1413 1179 1452 e
1215 1399 1411 1467 templo
1441 1403 1809 1470 quodcunque
1844 1415 1964 1454 uto-

382 1488 511 1551 hile,
541 1488 797 1558 quoniam
837 1489 1200 1557 quodcunque
1249 1491 1449 1546 mobile
1500 1475 1741 1545 mutatur
1771 1491 1839 1545 ab
1869 1491 1964 1544 ali-

383 1588 494 1640 quo
521 1587 735 1628 necnon
773 1573 1125 1643 transfertur,
1192 1577 1370 1647 ipsum
1445 1594 1574 1634 vero
1633 1580 1792 1635 debet
1839 1594 1966 1635 esse

382 1673 531 1720 recte
556 1667 816 1736 positum,
846 1680 945 1720 nec
972 1681 1211 1736 unquam
1271 1668 1324 1722 in
1389 1668 1474 1724 his
1540 1685 1662 1738 quae
1714 1671 1962 1724 continet

384 1757 571 1813 subire
599 1761 974 1816 mutationem.
1004 1761 1133 1816 Ideo
1165 1776 1334 1816 sacrm
1391 1762 1663 1833 imagines
1720 1779 1964 1833 vasaque

385 1865 542 1905 sacra
569 1860 622 1905 et
648 1853 854 1921 reliqua
889 1867 1010 1922 quae
1041 1853 1164 1909 loco
1204 1854 1467 1909 dimoveri
1505 1862 1759 1925 possunt,
1817 1855 1964 1911 foras

385 1943 698 2011 exiguntur,
753 1952 902 1997 utea
959 1959 1078 2015 quae
1145 1957 1395 2001 constant
1437 1954 1495 1999 et
1543 1962 1646 2000 non
1701 1951 1965 2003 movenda

386 2042 517 2087 sunt
555 2035 608 2086 in
644 2034 764 2103 ipso
797 2035 1233 2089 sanctificentur.
1274 2033 1338 2088 Et
1385 2035 1463 2090 sic
1491 2035 1675 2105 januae
1707 2037 1967 2092 claudun-

387 2134 500 2177 tur.
531 2123 739 2179 leum
769 2126 917 2179 enim
943 2126 1052 2194 jam
1088 2125 1149 2179 ﬁt
1181 2127 1461 2195 sanctique
1494 2127 1732 2196 Spiritus
1799 2128 1966 2183 adve-

385 2216 465 2269 nit
494 2215 756 2284 potentia.
791 2215 916 2270 ldeo
947 2217 1094 2270 solos
1143 2213 1235 2286 qui
1267 2217 1334 2273 de
1360 2218 1503 2272 caalo
1561 2228 1709 2286 sunt,
1773 2219 1825 2273 id
1857 2229 1961 2286 est,

385 2315 738 2361 COIlSBCI‘ﬂlOS
763 2315 977 2376 oportet
1001 2306 1209 2370 adesse,
1234 2323 1334 2363 nec
1362 2309 1529 2363 ullum
1557 2310 1722 2364 alium
1747 2312 1916 2365 videri
1951 2327 1966 2368 :

384 2409 572 2454 sancta
599 2414 836 2470 namque
859 2401 1068 2456 sanctis
1103 2413 1536 2470 eonsecrataque
1570 2404 1769 2468 sacris,
1795 2405 1970 2459 donec

385 2491 655 2561 completa
690 2493 844 2558 sint;
903 2504 960 2546 et
989 2502 1118 2547 tunc
1180 2509 1272 2563 per
1309 2495 1789 2564 participationem
1843 2495 1968 2550 aliis

387 2581 548 2636 etiam
581 2583 998 2649 permittuntur,
1069 2599 1179 2637 non
1240 2593 1420 2638 tamen
1479 2585 1812 2648 immediate,
1871 2584 1965 2639 sed

384 2689 478 2741 per
514 2675 791 2744 complura
833 2676 1026 2728 aulma.
1059 2673 1430 2745 lngredientes
1458 2677 1602 2731 enim
1637 2689 1823 2748 postea
1849 2692 1967 2731 om-

385 2782 482 2821 nes
513 2765 635 2821 laici
693 2765 899 2830 ﬁdeles,
957 2776 1010 2821 et
1055 2781 1179 2822 cum
1229 2769 1362 2835 ipsis
1405 2773 1750 2836 pcenitentes,
1798 2785 1968 2824 unus-

385 2857 619 2926 quisque
688 2858 969 2928 proprium
1002 2867 1236 2927 occupat
1266 2858 1465 2912 locum.
1497 2861 1748 2913 Attamen
1777 2874 1968 2914 omnes

382 2958 536 3003 extra
565 2950 942 3004 sanctuarium
971 2959 1279 3005 remanent.
1335 2950 1551 3006 Clausis
1593 2951 1777 3019 itaque
1836 2966 1964 3019 pro-

2082 485 2269 554 μέλλει
2299 482 2392 536 τὸν
2429 478 2601 544 οἶκον,
2647 481 2741 534 καὶ
2775 477 3226 548 καθιερωμένους
3261 477 3326 545 τῇ
3367 474 3465 542 τῆς
3498 475 3662 542 ἱερω-

2079 575 2250 643 σύνης
2282 574 2542 643 σφραγῖδι
2579 573 2788 634 πάντας
2811 569 3018 638 ὀφείλει
3047 568 3306 638 παρεῖναι
3332 564 3427 619 καὶ
3458 565 3666 633 ὑπηρε-

2074 669 2190 720 τεῖν
2222 666 2505 732 ἀναλόγως
2538 664 2793 730 ἕκαστον,
2826 662 2923 716 καὶ
2960 660 3034 730 μή
3066 676 3191 712 τινα
3226 659 3336 711 τῶν
3366 659 3425 710 ὲν
3455 656 3664 718 λαῖκοῖς

2075 739 2451 824 τεταγμένων,
2509 753 2699 822 ἐπειδὴ
2736 768 2844 822 περ
2877 753 2905 804 6
2934 750 3183 820 εὑρεθεὶς
3218 748 3367 812 ὲντὸς
3396 743 3535 801 εἰναι
3567 749 3663 802 καὶ

2078 847 2226 918 ἱερὸς
2261 845 2542 916 ὑπηρέτης
2573 844 2778 914 ὀφείλει
2812 839 2974 904 εἶναι,
3005 841 3082 904 ὡς
3123 840 3217 893 καὶ
3277 839 3423 910 ἱερὸς
3455 835 3605 903 οἷκος
3633 839 3664 889 6

2074 938 2578 1007 καθαγιαζόμενος·
2632 935 2922 1004 ἐξάγονται
2995 933 3180 987 τοίνυν
3232 931 3282 984 oi
3339 931 3522 985 λαῖκοὶ
3573 931 3664 984 διὰ

2072 1027 2256 1093 τοῦτο,
2287 1027 2446 1097 ἄχρις
2495 1025 2653 1094 117
2683 1025 2750 1079 ἂν
2781 1025 3018 1096 ἁγιασθῇ
3067 1024 3095 1076 6
3123 1022 3271 1089 ναὸς,
3308 1021 3383 1084 ὡς
3430 1021 3525 1075 καὶ
3565 1020 3662 1074 τοῦ

2075 1119 2473 1188 θυσιαστηρίου
2505 1118 2661 1180 ὄντες
2687 1118 2868 1180 ἐκτός.

2665 1208 2917 1264 ΚΕΦΑΛ.
2945 1208 3064 1263 PE'.

2360 1302 2524 1356 Διατί
2569 1299 2893 1370 ἐξάγονται
2928 1300 2999 1353 τὰ
3034 1300 3380 1369 κινούμενα.

2156 1392 2443 1461 Ἐξάγεται
2469 1391 2524 1446 δὲ
2551 1395 2645 1446 καὶ
2673 1393 2783 1445 πᾶν
2812 1377 3134 1461 κινούμενον
3153 1391 3246 1444 τοῦ
3271 1391 3425 1453 ναοῦ,
3447 1391 3528 1444 ὅτι
3555 1389 3667 1442 πᾶν

2070 1485 2388 1556 κινούμενον
2431 1485 2536 1537 ὑπό
2577 1501 2722 1546 τινος
2771 1482 3088 1553 μεταϐαίνει
3132 1483 3229 1536 καὶ
3281 1481 3658 1552 μετατίθεται.

2073 1577 2245 1637 Αὐτὸς
2282 1577 2338 1630 δὲ
2390 1575 2596 1644 ὀφείλει
2627 1575 2817 1645 ἄρτιος
2850 1572 3008 1642 εἶναι,
3045 1576 3141 1628 καὶ
3174 1575 3446 1645 μηδέποτε
3491 1590 3662 1643 μετα-

2072 1668 2366 1739 κινηθῆναι
2410 1668 2520 1720 τῶν
2559 1668 2617 1720 ὲν
2652 1666 2821 1737 αὐτῷ.
2866 1667 2958 1720 Διὸ
2994 1669 3089 1719 καὶ
3116 1666 3326 1728 εἰκόνες
3359 1665 3531 1732 ἅγιαι,
3563 1665 3660 1718 καὶ

2073 1759 2242 1830 σκεύη
2280 1760 2423 1830 ίερὰ,
2465 1759 2561 1812 καὶ
2587 1759 2751 1812 λοιπὰ
2779 1755 2966 1827 χώραν
3008 1756 3202 1827 ἔχοντα
3250 1755 3654 1826 μετατίθεσθαι,

2070 1855 2353 1922 ἐξάγονται
2387 1851 2511 1917 ἔξω,
2547 1853 2637 1906 ἵνα
2667 1851 2735 1904 τὰ
2763 1851 2973 1903 ἑστῶτα
3001 1850 3098 1902 καὶ
3131 1849 3394 1918 μέλλοντα
3424 1849 3658 1918 ἀκίνητα

2069 1943 2210 1999 εἶναι
2267 1949 2324 1998 ἐν
2377 1945 2528 2013 αὑτῴ
2583 1945 2952 2014 καθαγιασθῇ.
3007 1943 3117 1995 Καὶ
3166 1941 3342 2002 οὕτως
3396 1942 3450 1994 αἱ
3488 1940 3654 1992 πύλαι

2071 2039 2360 2093 κλείονται.
2401 2037 2644 2105 Οὐρανὸς
2687 2037 2795 2108 γὰρ
2827 2035 3039 2103 γίνεται
3092 2035 3216 2105 ήδη,
3253 2034 3350 2088 καὶ
3395 2032 3652 2103 Πνεῦμα-

2068 2149 2158 2195 τος
2193 2130 2352 2197 ἁγίου
2409 2129 2665 2196 ἐπιφοιτᾷ
2700 2126 2952 2196 δύναμις.
2982 2125 3081 2177 Διό
3127 2124 3232 2194 χρὴ
3290 2124 3487 2193 μόνους
3528 2122 3655 2184 τοὺς

2069 2221 2164 2277 τοῦ
2200 2218 2436 2290 οὐρανοῦ
2463 2212 2624 2283 εἶναι,
2651 2219 2779 2280 τοὺς
2813 2216 3146 2286 ἱερωμένους
3175 2214 3398 2284 δηλαδὴ,
3424 2213 3518 2266 καὶ
3551 2230 3658 2282 μη-

2070 2316 2196 2368 δένα
2228 2314 2387 2367 ἄλλον
2433 2311 2587 2380 όρᾷν.
2638 2311 2719 2363 Τὰ
2757 2309 2865 2378 γὰρ
2919 2309 3046 2374 άγια
3077 2309 3190 2380 τοῖς
3225 2307 3424 2374 ἁγίοις,
3461 2306 3554 2358 καὶ
3585 2306 3653 2358 τὰ

2070 2405 2421 2477 ἁφιερωμένα
2475 2406 2589 2466 τοῖς
2643 2403 2832 2472 ἱεροῖς,
2874 2401 2980 2463 ἕως
3036 2401 3354 2464 τελεσθῶσι,
3390 2400 3483 2452 καὶ
3533 2399 3654 2450 τότε

2070 2499 2211 2550 κατὰ
2245 2495 2482 2565 μετοχὴν
2527 2494 2620 2548 καὶ
2650 2495 2759 2556 τοῖς
2793 2492 2975 2554 ἄλλοις
3010 2491 3309 2560 παρέχεται
3337 2505 3349 2519 ·
3385 2489 3522 2558 πλὴν
3551 2491 3655 2557 ἐμ-

2072 2589 2277 2658 μέσως,
2311 2587 2403 2640 καὶ
2437 2585 2537 2637 οὐκ
2569 2583 2817 2653 ἁμέσως,
2857 2583 2952 2636 καὶ
2993 2582 3078 2634 διὰ
3131 2581 3657 2650 παραπετασμάτων

2069 2680 2254 2733 τινῶν.
2283 2678 2674 2747 Εἰσερχόμενοι
2707 2675 2816 2745 γάρ
2845 2675 2982 2744 μετὰ
3013 2674 3183 2727 ταῦτα
3219 2675 3269 2726 oi
3299 2672 3482 2726 λαῖκοὶ
3517 2673 3657 2724 πάν-

2071 2794 2162 2840 τες
2190 2775 2397 2840 πιστοὶ,
2423 2776 2518 2827 καὶ
2547 2772 2644 2824 σὺν
2680 2772 2866 2834 αὐτοῖς
2895 2771 2943 2822 oi
2973 2767 3387 2840 μετανοοῦντες,
3423 2767 3658 2828 ἕκαστος

2071 2872 2160 2923 τὸν
2222 2870 2426 2922 οἰκεῖον
2485 2865 2751 2935 λαμϐάνει
2834 2864 3021 2917 τόπον.
3077 2864 3269 2933 Ὅμως
3339 2862 3396 2914 δὲ
3453 2861 3657 2922 πάντες

2073 2962 2229 3024 ἐκτός
2271 2963 2376 3013 είσι
2424 2957 2520 3011 τοῦ
2567 2957 2716 3025 ἱεροῦ
2767 2957 3034 3028 βήματος.
3079 2955 3423 3023 κλειομένων
3475 2954 3658 3005 τοίνυν

386 3049 572 3112 pterea
600 3040 810 3108 ianuis,
855 3025 1019 3094 Deum
1059 3042 1335 3096 benedicit
1397 3042 1688 3112 pontifex;
1732 3051 1786 3096 et
1822 3043 1964 3098 facta

2072 3053 2180 3105 τῶν
2237 3050 2418 3121 θυρῶν
2466 3050 2554 3102 διὰ
2598 3025 2793 3110 ταῦτα,
2824 3025 3041 3114 εὐλογεῖ
3098 3047 3190 3098 τὸν
3231 3045 3363 3098 Θεὸν
3407 3047 3435 3097 6
3471 3045 3632 3114 άρχιε

383 3130 618 3200 ’l‘risagii
638 3132 1181 3206 precatione‘necnon
1201 3134 1446 3187 oratione
1471 3153 1489 3185 ι
1515 3133 1678 3188 Pater
1706 3145 1910 3200 noster,
1940 3153 1958 3185 ι

385 3226 510 3287 post
559 3221 935 3275 recitationem
971 3230 1024 3274 et
1047 3220 1527 3290 gloriﬁcationem,
1591 3225 1740 3279 addit
1788 3227 1967 3295 ponti-

390 3312 477 3366 fex
505 3311 812 3366 orationem
858 3330 872 3365 :
913 3326 939 3364 ι·
972 3312 1201 3367 Domine
1231 3311 1374 3368 Deus
1412 3323 1618 3378 noster,
1649 3316 1742 3385 qui
1770 3329 1962 3372 cuncta

387 3397 545 3463 facis,
577 3415 595 3449 ι
638 3398 817 3467 ipsum
846 3397 1017 3454 Deum
1071 3417 1308 3455 exorans
1372 3413 1431 3457 ut
1491 3405 1583 3457 ﬁat
1635 3406 1964 3475 principium

386 3490 590 3559 operis,
617 3500 670 3543 et
700 3489 802 3559 ipsi
835 3489 970 3544 ferat
1004 3493 1340 3562 prmsidium.

947 3672 1175 3728 CAPUT
1239 3676 1370 3731 CVI.

525 3763 700 3830 Quare
734 3768 1073 3819 cerontasticc
1105 3774 1154 3820 et
1182 3776 1423 3822 aromata
1458 3768 1796 3824 adhibentur.

453 3854 516 3910 Et
544 3867 828 3927 assumpto
857 3872 1004 3926 vase,
1039 3859 1127 3912 ubi
1173 3867 1253 3913 est
1302 3863 1657 3917 ceromastice
1704 3879 1809 3918 una
1842 3879 1966 3919 cum

380 3948 740 4016 aromatihus,
787 3951 967 4018 qualia
1023 3952 1263 4019 myrrha,
1313 3952 1430 4008 aloe
1460 3962 1514 4009 et
1573 3965 1789 4022 caatera,
1847 3971 1968 4025 quae

381 4050 575 4095 cuncta
609 4042 942 4109 sepulturam
973 4043 1274 4098 Salvatoris
1301 4047 1558 4115 ﬁgurant,
1621 4049 1880 4116 quoniam
1917 4057 1970 4102 et

384 4134 695 4203 sepulcrum
727 4147 1260 4206 monumentumque
1313 4152 1466 4192 sacra
1523 4154 1710 4193 mensa
1749 4140 1966 4210 ﬁgurat,

380 4227 528 4281 sicut
555 4235 610 4281 et
643 4242 770 4281 rera
829 4237 991 4296 atque
1025 4230 1291 4283 mastiche
1349 4238 1606 4300 tanquam
1643 4230 1968 4300 glutinantia

386 4325 614 4387 propter
643 4319 1026 4373 necessitatem
1069 4319 1400 4375 adhibentur
1431 4330 1484 4375 et
1519 4330 1780 4392 tanquam
1833 4338 1969 4376 con-

2071 3145 2218 3217 ρεύς.
2253 3145 2361 3196 Καὶ
2399 3141 2714 3213 προσευχῆς
2759 3142 3054 3211 γινομένης
3083 3138 3176 3191 τοῦ
3206 3138 3533 3208 Τρισαγίου,
3564 3139 3658 3190 καὶ

2068 3240 2184 3304 τοῦ,
2239 3238 2430 3307 Πάτερ
2478 3236 2670 3307 ἡμῶν,
2707 3235 2847 3306 μετὰ
2899 3233 2960 3288 τὸ
2999 3233 3317 3303 ὲκφωνῆσαι
3362 3235 3453 3286 xal.
3499 3233 3657 3297 δοξά-

2072 3331 2181 3396 σαι,
2233 3330 2400 3400 εὐχὴν
2443 3327 2685 3396 ἐπιλέγει
2740 3329 2768 3379 6
2816 3326 3126 3395 ἀρχιερεὺς,
3173 3343 3191 3376 ι
3233 3325 3405 3392 Κύριε
3460 3326 3488 3377 6
3522 3323 3658 3385 Θεὸς

2069 3419 2228 3489 ἡμῶν
2256 3422 2283 3472 6
2316 3420 2493 3472 πάντα
2525 3418 2726 3472 ποιῶν⁶
2769 3435 2787 3468 ι
2830 3416 3085 3485 δεόμενος
3142 3416 3308 3468 αὐτὸν
3375 3414 3465 3466 τὸν
3511 3413 3649 3466 Θεδν

2066 3511 2321 3580 γενέσθαι
2390 3511 2566 3580 ἀρχὴν
2635 3509 2729 3562 τοῦ
2791 3507 2952 3576 ἔργου
3018 3508 3109 3560 καὶ
3173 3505 3654 3560 συναντιλαϐέσθαι

2069 3603 2239 3674 αὐτῷ.

2652 3694 2904 3747 meum.
2941 3691 3079 3761 [θεῖ’.

2275 3785 2436 3840 Atat!
2464 3789 2894 3855 κηρωμαστίχη
2925 3801 2988 3838 τε
3019 3785 3119 3839 καὶ
3147 3783 3444 3854 ἀρώματα.

2141 3878 2252 3933 Καὶ
2290 3859 2582 3945 λαϐόμενος
2630 3875 2722 3927 τοῦ
2756 3875 2998 3944 ἀγγείου,
3031 3875 3158 3926 ἔνθα
3189 3878 3221 3945 η
3255 3877 3653 3946 κηρωμαστίχη
3683 3872 3702 3888 ⁶

2074 3973 2212 4041 μετὰ
2268 3968 2377 4020 τῶν
2434 3967 2744 4036 ἀρωμάτων
2790 3968 2961 4030 ἐστὶν,
3009 3962 3120 4019 οἷον
3170 3967 3416 4036 σμύρνης
3459 3983 3516 4018 τε
3558 3969 3655 4020 καὶ

2074 4063 2259 4129 ἁλώης
2290 4060 2386 4113 καὶ
2417 4059 2525 4113 τῶν
2558 4059 2784 4124 λοιπῶν,
2816 4058 2852 4112 ἃ.
2883 4059 3060 4112 πάντα
3090 4057 3189 4127 τὴν
3224 4061 3402 4127 ταφὴν
3451 4060 3654 4111 είκονί-

2072 4153 2225 4216 ζουσι
2265 4151 2359 4205 τοῦ
2397 4151 2668 4220 Σωτῆρος,
2699 4150 2781 4202 ὅτι
2812 4151 2903 4201 καὶ
2933 4150 3024 4201 τὸν
3045 4151 3216 4216 τάφον
3245 4151 3338 4203 καὶ
3368 4151 3428 4202 τὸ
3460 4152 3653 4220 μνῆμα

2072 4247 2104 4312 ἠ
2133 4244 2253 4315 ίερὰ
2291 4243 2546 4307 εἰκονίζει
2575 4241 2846 4312 τράπεζα,
2879 4241 2951 4304 ὡς
2987 4241 3081 4294 καὶ
3107 4244 3134 4294 ὁ
3159 4243 3328 4312 κηρὸς
3359 4243 3454 4295 καὶ
3478 4245 3510 4313 ἡ
3549 4260 3655 4310 μα-

2078 4337 2235 4406 στίχη
2268 4336 2363 4388 καὶ
2392 4336 2465 4398 ὡς
2502 4333 2796 4402 κολλητικὰ
2845 4333 2933 4385 διὰ
2985 4333 3082 4402 τὴν
3113 4335 3304 4403 χρείαν
3346 4336 3650 4402 εἰσάγεται,

384 4411 630 4481 junctiva
655 4413 1109 4481 connectivaque,
1172 4422 1392 4482 propter
1435 4411 1639 4469 Christi
1696 4429 1870 4482 usque
1901 4414 1966 4469 ad

2077 4428 2172 4480 καὶ
2206 4428 2281 4490 ὡς
2306 4426 2544 4479 ἑνωτικὰ
2571 4425 2626 4478 δὲ
2654 4427 2747 4478 καὶ
2775 4423 3086 4488 συνδέοντα,
3116 4425 3205 4478 διὰ
3238 4428 3338 4495 τὴν
3376 4426 3469 4479 τοῦ
3512 4429 3653 4496 Χρι-

397 4508 628 4554 mortem
654 4515 783 4570 erga
844 4516 945 4556 nos
998 4501 1346 4556 dilectionem
1400 4510 1454 4555 et
1513 4501 1793 4566 unionem,
1848 4503 1962 4558 haec

381 4591 623 4648 infundit
648 4593 700 4646 in
726 4593 1046 4659 ',columnas,
1103 4594 1188 4648 vel
1252 4593 1584 4658 columnam,
1643 4596 1727 4649 vel
1786 4597 1958 4650 basim

383 4686 621 4754 propriis
660 4686 934 4750 manibus,
969 4685 1063 4740 Dei
1108 4685 1421 4755 significans
1469 4701 1630 4755 Opus,
1661 4687 1868 4742 addens
1901 4697 1961 4741 ut

384 4778 438 4832 in
471 4778 799 4850 baptismate
824 4778 1146 4846 caaterisque
1171 4779 1553 4841 sacramentis,
1588 4795 1605 4829 ι
1648 4777 1705 4830 ln
1739 4780 1961 4834 nomine

380 4866 579 4931 Patris,
630 4879 686 4924 ct
724 4868 952 4933 Filii,et
1005 4868 1246 4938 Spiritus
1293 4870 1511 4935 sancti;
1546 4888 1565 4920 ι
1625 4870 1956 4940 principium

377 4964 524 5017 enim
565 4971 619 5018 et
652 4965 778 5020 linis
812 4961 1098 5020 e8tomnis
1147 4965 1273 5018 boni
1326 4963 1588 5020 Trinitas.
1652 4965 1713 5019 Et
1775 4982 1805 5018 a
1856 4967 1958 5021 mi-

379 5053 572 5107 nistris
620 5055 802 5110 infusa
844 5053 1078 5124 plurima
1138 5055 1501 5110 ceromastice
1567 5057 1958 5127 paululumque

381 5140 722 5211 refrigerata,
784 5150 1038 5196 cantores
1092 5143 1312 5213 quidem
1383 5155 1586 5200 canunt
1619 5149 1888 5216 psalmum
1939 5169 1953 5204 :

382 5249 401 5282 ι
433 5231 696 5286 Exaltabo
723 5241 798 5312 te,
818 5231 958 5287 Deus
987 5249 1203 5300 meus,»
1234 5245 1286 5290 et
1308 5237 1452 5292 hunc
1479 5255 1524 5290 ει
1561 5241 1822 5296 Dominus
1859 5258 1956 5312 pa-

358 5325 489 5380 .scit
510 5338 616 5390 me,
650 5343 670 5377 ι
710 5307 764 5378 in
798 5325 1024 5394 gloriam
1056 5329 1171 5382 Dei.
1192 5329 1444 5384 Pontifex
1469 5341 1648 5387 autem
1681 5335 1956 5391 auxilian-

385 5419 535 5474 tibus
558 5417 663 5472 sibi
693 5419 1059 5488 praesentibus
1113 5421 1385 5494 episcOpis
1408 5434 1462 5480 et
1492 5429 1876 5485 sacerdotibus
1902 5441 1956 5485 et

379 5509 617 5572 exteris,
683 5510 853 5563 sumit
909 5524 1149 5566 mensam
1227 5525 1280 5570 et
1329 5533 1494 5588 super
1555 5519 1715 5576 bases
1769 5522 1950 5590 ponit,

341 5647 344 5650 .
382 5605 609 5656 firmans
640 5616 758 5656 eam
790 5610 953 5671 atque
976 5605 1282 5664 stabilieus.
1319 5608 1382 5662 Et
1432 5621 1619 5681 postea
1681 5614 1956 5684 benedicit

384 5693 575 5748 Deum.
602 5685 825 5765 Oportet
852 5696 999 5751 enim
1035 5698 1185 5754 illum
1219 5699 1546 5760 benedicere
1579 5720 1743 5776 super
1775 5709 1951 5764 omni-

2067 4516 2193 4572 στοῦ
2244 4518 2373 4587 ἄχρι
2405 4517 2497 4571 καὶ
2529 4516 2759 4570 θανάτου
2792 4516 2930 4587 πρὸς
2957 4517 3104 4585 ἡμᾶς
3140 4518 3364 4586 ἀγάπην
3392 4517 3484 4569 καὶ.
3515 4519 3654 4571 ἔνω-

2067 4623 2174 4670 σιν,
2204 4607 2386 4677 ὲκχέει
2415 4605 2588 4658 ταῦτα
2618 4608 2729 4668 τοῖς
2755 4605 2950 4668 κίοσιν,
2977 4607 3012 4674 ἦ
3036 4607 3112 4676 τῷ
3139 4608 3302 4672 κίονι,
3324 4607 3356 4678 ἢ
3381 4608 3454 4678 τῷ
3481 4607 3652 4680 βωμῷ

2065 4698 2299 4760 οἰκείαις
2331 4699 2511 4766 χερσὶ,
2546 4698 2604 4749 τὸ
2654 4696 2817 4766 ἔργον
2853 4697 3029 4766 δηλῶν
3067 4698 3160 4751 τοῦ
3194 4699 3355 4764 Θεοῦ,
3379 4701 3652 4770 ἐπιλέγων

2063 4791 2136 4850 ὡς
2173 4789 2268 4842 ἐπὶ
2319 4789 2413 4841 τοῦ
2469 4787 2850 4858 βαπτίσματος
2897 4790 2992 4843 καὶ
3039 4789 3145 4842 τῶν
3177 4791 3355 4844 ἄλλων
3391 4793 3647 4858 τελετῶν,

2070 4900 2088 4929 α
2131 4882 2223 4944 Εἰς
2255 4880 2315 4933 τὸ
2363 4881 2536 4949 ὄνομα
2584 4879 2674 4932 τοῦ
2720 4879 2954 4950 Πατρὸς,
2981 4881 3071 4933 καὶ
3107 4882 3201 4933 τοῦ
3232 4881 3384 4948 Υίοῦ,
3427 4884 3519 4936 καὶ
3550 4884 3647 4937 τοῦ

2063 4972 2219 5040 ἁγίου
2279 4970 2617 5040 Πνεύματος.
2657 4989 2676 5021 ι
2736 4970 2906 5041 Ἀρχὴ
2958 4971 3067 5039 γὰρ
3114 4973 3208 5024 καὶ
3247 4973 3400 5036 τέλος
3443 4965 3649 5038 παντὸς

2061 5064 2271 5132 ἀγαθοῦ
2308 5065 2340 5134 ἡ
2373 5063 2563 5134 Τριάς.
2597 5064 2710 5116 Καὶ
2741 5064 2844 5116 ὑπὸ
2870 5063 2978 5117 τῶν
3009 5063 3300 5133 ὑπηρετῶν
3332 5066 3431 5135 τῆς
3464 5067 3650 5141 πλείου

2061 5172 2148 5216 νος
2172 5154 2505 5223 ἐκχεομένης
2524 5170 2593 5222 κη
2603 5154 2972 5223 ρωμαστίχης,
2992 5155 3084 5206 καὶ
3109 5155 3304 5226 μικρὸν
3319 5156 3649 5226 ψυχρανθεί-

2063 5264 2183 5316 σης,
2209 5248 2258 5298 οί
2285 5245 2484 5314 ψάλται
2515 5246 2614 5315 μὲν
2639 5245 2903 5315 ψάλλουσι
2951 5247 3191 5316 ψαλμὸν,
3224 5249 3304 5316 τὸ,
3347 5269 3366 5301 ι
3413 5250 3648 5320 ’Υψώσω

2061 5356 2145 5404 σε,
2173 5341 2201 5391 6
2238 5338 2372 5398 Θεός
2423 5355 2546 5408 μου,
2580 5356 2598 5389 ι
2638 5340 2732 5391 καὶ
2752 5338 2830 5402 τὸ,
2869 5357 2888 5389 ι
2930 5339 3132 5410 Κύριος
3169 5343 3444 5411 ποιμαίνει
3481 5361 3573 5408 με,
3618 5364 3638 5398 ι

2061 5433 2139 5496 είς
2171 5430 2481 5498 δοξολογίαν
2521 5429 2678 5484 Θεοῦ.
2729 5429 2786 5484 Ὀ
2835 5433 3129 5502 ἀρχιερεὺς
3165 5435 3242 5498 δὲ,
3276 5437 3644 5507 συναντιλαμ-

2060 5522 2376 5591 ϐανομένων
2431 5521 2582 5590 αὐτῷ
2627 5523 2720 5575 καὶ
2750 5523 2861 5575 τῶν
2892 5528 3293 5595 συμπαρόντων
3326 5529 3644 5585 ἐπισκόπων

2059 5618 2156 5671 καὶ
2189 5616 2381 5687 ἱερέων
2408 5616 2500 5668 καὶ
2527 5616 2751 5682 λοιπῶν,
2785 5619 3052 5688 λαμϐάνει
3083 5621 3183 5691 τὴν
3207 5622 3505 5690 τράπεζαν,
3547 5625 3642 5677 καὶ

2059 5709 2274 5778 τίθησιν
2332 5707 2424 5759 ἐπὶ
2471 5708 2579 5760 τῶν
2618 5708 2834 5777 κιόνων,
2863 5710 3302 5782 ἀσφαλιζόμενος
3331 5712 3502 5782 αὐτὴν
3537 5714 3634 5768 καὶ
