4038 6444
326 354 429 418 31.3

1604 376 1699 436 DE
1734 376 1977 439 SACRO
2012 380 2334 445 TEMPLO.

3510 336 3524 359 \

3486 395 3591 457 321

323 472 565 540 ἐρείδων.
603 473 712 526 Καὶ
761 474 899 543 μετὰ
939 478 1098 533 τοῦτο
1120 481 1336 549 εὐλογεί
1363 484 1454 538 τὸν
1486 485 1644 547 Θεὸν.
1688 493 1781 544 Δεί
1811 492 1879 559 γὰ

1987 516 2002 553 t
2030 498 2133 551 bus
2156 482 2358 554 dirinis
2393 498 2538 554 illius
2559 511 2781 570 propter
2803 519 2900 559 nos
2933 506 3211 574 operibus.
3245 506 3448 562 Deinde
3492 524 3591 578 pro

322 565 485 616 αὐτὸν
516 565 761 634 εὐλογεῖν
792 569 884 621 ἐπὶ
919 571 1050 624 πᾶσι
1082 576 1193 636 τοῖς
1246 575 1409 640 θείοις
1442 578 1584 649 ὑπὲρ
1622 582 1779 652 ὴμῶν
1811 586 1901 657 ἔρ-

320 672 436 723 γοις
473 657 659 712 αὐτοῦ.
708 654 841 715 Εἶτα
882 663 990 733 πρὸ
1034 664 1143 720 τῶν
1187 666 1358 732 ἁγίων
1400 671 1605 740 θυρῶν,
1633 675 1813 746 τάπης
1839 654 1899 732 τε

320 746 725 819 εὐτρεπίζεται,
757 755 850 808 καὶ
898 760 1341 826 προσκεφάλαιον
1386 766 1442 818 ἐν
1481 768 1653 835 αὐτῷ,
1684 771 1777 823 καὶ
1812 772 1900 826 διὰ

317 841 419 931 τὴν
448 841 549 910 τῆς
578 845 987 920 ἀρχιερωσύνης
1014 855 1201 921 τιμὴν,
1226 856 1350 927 ἥτις
1374 859 1491 912 ἐστὶ
1514 859 1605 914 τοῦ
1635 844 1898 931 Χρῖστοῦ,

318 929 413 1027 καὶ
466 930 575 986 τῶν
625 934 788 1004 ἱερῶν
831 939 1075 1008 ἀμφίων,
1104 942 1191 996 ἵνα
1238 946 1315 1018 μὴ
1347 929 1781 1021 καταστρωθῶσι
1822 956 1901 1027 τῷ

317 1022 525 1122 ἐξάψει,
563 1031 830 1098 σταυροὺς
864 1034 958 1085 καὶ
991 1034 1206 1098 εἰκόνας
1241 1037 1456 1107 ἔχοντα,
1486 1045 1581 1097 καὶ
1614 1043 1701 1099 διὰ
1730 1046 1789 1101 τὸ
1822 1022 1899 1122 μί]

316 1108 460 1210 είναι
511 1117 591 1172 ἔτι
645 1122 707 1173 τὸ
754 1121 951 1192 ἔδαφος
987 1125 1162 1194 ἅγιον.
1197 1130 1369 1185 Τοῦτο
1400 1137 1510 1205 γάρ
1538 1108 1897 1210 καθιερωθὲν,

314 1206 494 1273 τίμιόν
528 1212 664 1275 ἐστι,
692 1214 787 1268 καὶ
820 1216 1064 1272 πλεῖστοι
1089 1220 1246 1276 τοῦτο
1292 1223 1368 1286 ὡς
1416 1226 1654 1294 οὐρανοῦ
1700 1232 1898 1303 ἔδαφος

314 1300 625 1370 ἠσπάζοντο
658 1305 767 1360 τῶν
816 1308 1096 1377 θεοφιλῶν.
1131 1313 1301 1370 Ἔνθα
1341 1316 1406 1388 δὴ
1454 1300 1898 1394 παρογενόμενος

312 1395 339 1445 ὁ
366 1396 677 1466 ἀρχιερεὺς,
714 1400 809 1453 καὶ
856 1403 984 1468 γόνυ
1015 1403 1214 1459 κλίνων
1249 1408 1343 1461 καὶ
1384 1410 1477 1463 τὸν
1519 1413 1720 1484 αὐχένα
1756 1420 1897 1471 κατὰ

316 1492 602 1559 ἀνατολὰς,
629 1497 724 1549 καὶ
764 1501 982 1552 πάντων
1009 1502 1301 1559 κλινόντων
1331 1507 1490 1574 ὁμοῦ,
1516 1510 1610 1561 τοῦ
1643 1509 1895 1565 διακόνου

315 1582 565 1653 βοῶντος,
600 1606 618 1638 ι
652 1587 774 1663 ᾞτι
820 1592 914 1645 καὶ
944 1591 1045 1658 ἔτι,
1073 1595 1355 1661 κλίναντες
1414 1600 1481 1652 τὰ
1530 1601 1753 1669 γόνατα,
1803 1625 1821 1657 ι
1867 1608 1895 1659 ὀ

227 1662 239 1671 ’
311 1678 598 1748 ἀρχιερεὺς
657 1681 892 1736 ἐνώπιον
947 1683 1202 1755 κείμενος
1246 1687 1343 1742 τοῦ
1386 1662 1552 1757 Θεοῦ,
1578 1693 1678 1765 τὴν
1705 1662 1872 1766 εὐχὴν

311 1774 541 1824 ποιεῖται
595 1772 653 1824 ὲν
707 1776 1020 1841 κατανύξει,
1051 1780 1246 1848 λέγων,
1286 1802 1305 1835 ι
1349 1782 1410 1839 Ὀ
1440 1785 1571 1849 Θεὸς
1599 1790 1627 1841 ὁ
1657 1788 1893 1861 ἄναρχος

2007 592 2221 646 foribus
2265 591 2573 656 disponitur
2607 603 2757 663 tapes
2804 605 2857 650 et
2892 598 3048 652 ineo
3076 600 3332 666 pulvinus
3353 602 3424 656 ob
3452 616 3588 669 pon-
3644 588 3647 597 “

2004 684 2244 740 tiﬁcatus
2282 684 2567 752 honorem,
2635 701 2725 755 qttt
2757 697 2843 744 est
2901 690 3130 756 Christi,
3200 703 3255 748 ct
3301 708 3587 749 sacrorum

2008 779 2600 845 vestimentorum,ut,
2661 794 2855 836 cruces
2885 791 2939 836 et
2987 783 3254 853 imagines
3313 784 3589 848 habentia,

2004 872 2196 923 nonin
2230 870 2352 925 solo
2413 882 2835 941 prosternuntur
2882 889 2947 929 eo
2990 878 3134 943 quod
3202 877 3441 930 nondum
3507 885 3591 932 est

2001 958 2409 1013 sanctiﬁcatum
2438 961 2615 1014 solum
2646 980 2659 1015 :
2693 962 2795 1016 hoc
2817 963 2961 1016 enim
2993 978 3118 1017 cum
3183 967 3583 1018 sanctiﬁcatum

1999 1061 2102 1116 est,
2137 1053 2385 1123 plerique
2422 1055 2642 1125 piorum
2680 1066 2739 1111 ut
2772 1058 2895 1123 caeli
2938 1057 3307 1128 pavimentum
3336 1063 3591 1116 osculan-

2001 1154 2108 1199 tur.
2137 1145 2213 1200 lbi
2243 1161 2406 1215 porro
2430 1163 2552 1201 cum
2586 1150 2744 1203 adest
2770 1151 3039 1220 pontifex,
3070 1169 3209 1223 genu
3273 1154 3586 1219 collumque

2002 1237 2226 1293 flectens
2262 1239 2327 1293 ad
2362 1239 2649 1308 orientem,
2687 1242 2943 1297 omnibus
2996 1244 3160 1298 simul
3218 1244 3583 1311 ﬂectentibus,

2000 1328 2270 1383 clamante
2296 1330 2529 1385 diacono
2562 1348 2576 1385 :
2615 1333 2809 1389 Adhuc
2834 1345 2882 1389 et
2939 1335 3116 1389 adhuc
3149 1350 3322 1405 genua
3361 1336 3588 1391 ﬂeeten-

2003 1428 2081 1473 tes
2110 1419 2384 1489 ;ponlifex
2407 1424 2460 1476 in
2480 1434 2779 1493 conspectu
2806 1426 2897 1479 Dei
2928 1436 3256 1495 prostratus.
3280 1429 3584 1482 orationem

1999 1512 2053 1566 in
2086 1517 2508 1585 compunetione
2558 1519 2709 1584 facit,
2777 1521 2965 1575 dicens
3003 1538 3017 1574 :
3063 1521 3097 1572 ἰ
3126 1523 3268 1576 Deus
3317 1523 3583 1591 principio

1997 1620 2193 1660 carens
2222 1621 2284 1660 ac
2308 1608 2697 1677 sempiternus.
2750 1628 2766 1660 ι
2808 1609 2959 1665 Hanc
2981 1621 3162 1665 autem
3189 1614 3349 1666 etiam
3371 1614 3581 1677 dicunt,

1998 1697 2043 1750 si
2067 1699 2158 1765 qui
2186 1699 2299 1754 sint
2328 1715 2453 1755 cum
2480 1701 2599 1769 ipso
2635 1705 2945 1771 pontiﬁces.
2979 1704 3041 1758 Et
3068 1714 3258 1758 exorat
3291 1721 3439 1769 eum,
3486 1706 3581 1775 qui

2012 1785 2058 1840 Μ
2079 1803 2246 1859 oysen
2269 1792 2321 1845 in
2350 1793 2558 1864 antiqui
2590 1795 2928 1851 tabernaculi
2977 1799 3309 1852 erectionem
3346 1806 3399 1850 et
3426 1797 3585 1850 Bese-

312 1863 407 1916 καὶ
450 1864 637 1926 ἀΐδιος.
683 1883 702 1916 ›
744 1866 855 1937 Τὴν
891 1869 1062 1940 αὐτὴν
1089 1871 1148 1924 δὲ
1182 1871 1423 1939 λέγουσι,
1461 1878 1556 1931 καὶ
1589 1880 1751 1949 εἴπερ
1783 1883 1879 1934 sla‘

2004 1880 2194 1934 leelem
2231 1883 2282 1935 in
2316 1884 2464 1940 illius
2493 1902 2877 1942 ornamentum
2905 1890 3205 1954 roboravit,
3246 1889 3583 1958 sapientein-

313 1953 411 2007 σὺν
439 1954 587 2024 αὐτῴ
613 1957 914 2028 ἀρχιερεῖς.
941 1962 1050 2013 Kal.
1081 1962 1394 2031 ὲξαιτεῖται,
1418 1969 1509 2021 τὸν
1531 1969 1891 2040 ὲνισχύσαντα

310 2047 389 2107 είς
438 2048 727 2116 ἀνέγερσιν
755 2050 854 2120 τῆς
890 2053 1056 2106 πάλαι
1107 2057 1312 2127 σκηνῆς
1358 2060 1451 2113 τὸν
1502 2061 1765 2131 Μωῦσῆν,
1800 2065 1892 2117 καὶ

309 2138 389 2200 εἰς
442 2139 778 2209 κατάρτησιν
813 2142 988 2214 αὐτῆς
1032 2146 1123 2200 τὸν
1154 2146 1443 2219 Βεσελεὴλ,
1481 2152 1573 2205 καὶ
1610 2154 1703 2206 τὸν
1735 2154 1892 2207 Σολο-

311 2230 497 2297 μῶντα
528 2234 851 2300 σοφίσαντα,
881 2237 962 2300 είς
987 2238 1345 2312 ἀνοικοδομὴν
1371 2243 1531 2314 118
1555 2246 1646 2298 καὶ
1672 2247 1891 2301 τελείω-

311 2339 394 2374 σιν
431 2322 523 2375 τοῦ
574 2325 740 2378 πάλαι
773 2327 929 2395 ναοῦ,
958 2330 1054 2384 καὶ
1101 2332 1228 2395 τοὺς
1281 2334 1616 2401 ἀποστόλους
1670 2341 1889 2410 ἐνισχύ-

307 2428 475 2465 σαντα
518 2414 596 2476 είς
637 2415 926 2486 ἀνέγερσιν
972 2419 1030 2472 ὲν
1060 2420 1166 2491 ὅλῳ
1214 2423 1291 2491 τῷ
1341 2424 1533 2499 κόσμῳ
1582 2428 1689 2480 τῶν
1727 2429 1886 2498 ἱερῶν

307 2501 728 2575 θυσιαστηρίων,
783 2510 872 2560 καὶ
929 2510 1121 2565 τοῦτον
1169 2511 1260 2566 τὸν
1314 2513 1441 2567 ναὸν
1491 2517 1737 2584 ἁγιάσαι,
1792 2522 1884 2573 καὶ

304 2594 567 2664 σκήνωμα
586 2597 762 2668 ρδόξης
793 2599 1020 2670 ποιῆσαι
1052 2603 1243 2671 αὐτοῦ,
1288 2605 1382 2658 καὶ
1421 2607 1631 2661 πολλῶν
1663 2611 1883 2677 ἀγαθῶν

302 2689 655 2756 παρεκτικὸν,
686 2693 781 2745 καὶ
817 2692 911 2745 τοῦ
948 2695 1186 2763 μεγάλου
1216 2696 1456 2767 θύματος
1490 2701 1878 2772 ἐργαστήριον*

1996 1986 2104 2039 que
2135 1970 2482 2031 Salomonem
2513 1977 2713 2044 effecit,
2769 1981 2823 2034 in
2855 1981 3274 2036 aediﬁcationem
3302 1997 3366 2036 ac
3389 1964 3581 2036 cense;

1995 2064 2297 2119 oralionem
2337 2069 2540 2125 veteris
2575 2072 2787 2140 templi,
2841 2074 3045 2142 quique
3111 2074 3317 2129 virtute
3354 2073 3583 2127 t|0navit

1994 2157 2274 2225 apostolos
2306 2169 2368 2215 ut
2422 2161 2475 2215 in
2539 2164 2796 2221 universo
2852 2168 3057 2219 mundo
3113 2182 3268 2222 Sacra
3305 2166 3580 2235 erigerent

1994 2250 2211 2317 altaria,
2238 2252 2346 2308 hoc
2376 2256 2538 2309 etiam
2570 2258 2916 2313 sanctiﬁcare
2950 2259 3233 2325 templum,
3292 2260 3578 2328 ipsiusque

1993 2340 2177 2409 gloria:
2201 2344 2612 2401 tabernaculum
2655 2348 2888 2415 efﬁcere,
2928 2361 2987 2405 ut
3024 2354 3094 2407 sit
3139 2352 3405 2405 bonorum
3459 2366 3577 2404 om-

1996 2434 2143 2487 nium
2183 2440 2619 2497 communicatio
2670 2459 2982 2512 magnaeque
3034 2445 3271 2499 victima:
3321 2443 3577 2509 ofﬁcina;

1989 2535 2042 2579 et
2067 2535 2262 2582 caetera
2293 2546 2415 2601 quae
2447 2545 2734 2589 enumerat
2768 2538 2964 2591 oratio.
2994 2536 3058 2590 Et
3085 2544 3371 2605 postquam
3405 2536 3569 2604 glori~

1991 2617 2171 2673 ﬂcavit
2201 2619 2392 2686 Deum,
2415 2626 2610 2695 surgit,
2640 2642 2919 2697 sacrmque
2970 2642 3172 2683 mensae
3220 2628 3570 2697 propinquat.

1986 2715 2051 2760 et.
2073 2724 2192 2777 qua:
2227 2712 2571 2782 baptismatis
2594 2725 2722 2771 sunt
2757 2718 3038 2786 exprimit.

300 2782 393 2835 καὶ
426 2783 493 2835 τὰ
524 2783 686 2837 λοιπὰ
714 2785 815 2839 ὅσα
857 2788 889 2857 ἡ
928 2788 1061 2858 εὐχὴ
1092 2789 1403 2858 καταλέγει.
1459 2792 1570 2845 Καὶ
1615 2792 1979 2864 δοξολογήσας
2033 2798 2125 2852 τὸν
2171 2801 2327 2869 Θεὸν,
2370 2804 2671 2877 ἐγείρεται,
2710 2807 2804 2859 καὶ
2831 2782 2843 2786 -
2873 2810 2939 2879 τῇ
3009 2809 3132 2879 ίερᾷ
3206 2808 3565 2880 προσεγγίζει

298 2877 571 2949 τραπέζῃ,
600 2880 697 2932 καὶ
724 2882 795 2935 τὰ
824 2881 918 2935 τοῦ
958 2883 1341 2956 βαπτίσματος
1379 2887 1632 2940 ὲκτυπιί.

877 2983 920 3034 Κ
931 2983 1053 3034 ΕΦΑ
1064 2985 1106 3037 Δ
1116 3023 1129 3038 .
1160 2982 1280 3043 PZ'.

509 3072 671 3125 Διατι
704 3071 877 3127 ὕδατι
905 3074 1269 3131 ἐκπλύνεται
1308 3078 1346 3146 ἠ
1381 3078 1662 3149 τράπεζα.

2556 2989 2786 3045 CAPUT
2845 2990 3005 3044 cvu.
3132 3050 3155 3059 η

2238 3079 2414 3147 Quare
2475 3098 2628 3135 sacra
2667 3099 2846 3137 mensa
2881 3084 3117 3138 abluitur
3132 3050 3308 3155 inqua.

380 3164 532 3218 Ἐπεὶ
562 3164 668 3235 γὰρ
703 3166 795 3218 τὸν
838 3167 1052 3236 Ἰησοῦν
1088 3170 1120 3237 ἠ
1166 3172 1417 3239 τράπεζα
1452 3175 1735 3241 είκονίζει,
1772 3177 1873 3230 πέ--

2059 3175 2197 3230 Cum
2228 3176 2372 3230 enim
2396 3172 2608 3240 Jesum,
2636 3177 2759 3229 vitae
2798 3184 3007 3243 petram
3031 3186 3085 3231 et
3108 3178 3295 3247 anguli
3330 3178 3562 3245 lapidem

295 3273 428 3325 τραν
453 3258 597 3323 ζωῆς
628 3259 966 3329 καλούμενον
996 3263 1093 3316 καὶ
1124 3262 1272 3317 λίθον
1296 3266 1523 3331 γωνίας,
1557 3269 1653 3321 καὶ
1684 3269 1752 3322 τά
1779 3269 1874 3322 τοῦ

299 3347 672 3419 βαπτίσματος
727 3352 893 3406 αὐτοῦ
950 3353 1189 3424 δέχεται,
1240 3359 1334 3409 καὶ
1389 3359 1548 3413 τοῦτο
1599 3362 1745 3415 κατὰ
1782 3363 1877 3416 δύο

296 3438 549 3508 τρόπους,
593 3442 850 3511 αίσθητόν
901 3461 963 3497 τε
1014 3448 1107 3499 καὶ
1154 3449 1364 3516 νοητὸν,
1400 3451 1488 3504 ἵνα
1534 3454 1630 3507 καὶ
1658 3454 1875 3526 καθαρὰ

294 3529 521 3598 γένηται
551 3532 908 3598 ὲκπλυθεῖσα,
942 3539 1036 3589 καὶ
1072 3537 1421 3608 καθαγιασθῇ
1450 3541 1528 3609 τῷ
1562 3540 1740 3603 ὕδατι,
1773 3545 1874 3610 τὴν

292 3621 561 3690 κάθαρσιν
620 3625 759 3694 μετὰ
787 3626 883 3680 τοῦ
923 3628 1240 3698 Πνεύματος
1283 3632 1575 3703 δεξαμένη,
1608 3636 1729 3688 ἐπεὶ
1777 3636 1872 3689 καὶ

295 3718 608 3788 Πνεύματος
638 3719 962 3775 καθίσταται
996 3723 1231 3792 ὄργανον
1253 3742 1268 3759 ο
1322 3725 1413 3778 διὰ
1455 3726 1615 3780 τοῦτο
1648 3728 1871 3800 χλιαρὸν

292 3812 662 3893 προσφέρεται
701 3813 866 3882 ὕδωρ.
903 3817 1010 3869 Kal.
1046 3817 1207 3870 τοῦτο
1242 3816 1547 3886 εὐλογεῖται
1578 3819 1644 3875 δι’
1680 3821 1869 3893 εὐχῆς.

295 3888 539 3974 Καὶηγάρ
564 3906 653 3960 τὸν
684 3909 742 3961 ὲν
785 3908 1024 3981 Ἰορδάνῃ
1058 3911 1429 3980 βαπτισθέντα
1470 3888 1867 3983 προσκαλε-ίτγαι

292 3999 370 4059 εἰς
415 3998 688 4069 ἁγιασμὸν
732 4002 927 4056 τούτου
976 4004 1071 4055 τοῦ
1109 4003 1300 4068 ὓδατος
1349 4006 1378 4058 ὁ
1423 4006 1738 4077 ἀρχιερεὺς,
1775 4010 1870 4062 καὶ

289 4091 567 4146 τελείωσιν
591 4093 684 4145 τοῦ
717 4094 863 4164 ἱεροῦ
892 4095 1302 4168 θυσιαστηρίου.
1332 4091 1466 4151 Εἶτα
1493 4099 1674 4166 νίτρον
1703 4117 1870 4169 προσ-

290 4182 480 4248 άγεται
533 4183 730 4253 τούτῳ,
802 4186 869 4239 δι’
933 4179 992 4239 οὗ
1054 4188 1449 4258 εὐλογουμένου
1512 4193 1664 4261 τρεῖς
1725 4195 1870 4247 ποιεῖ

290 4276 556 4346 σταυροὺς
613 4279 669 4328 ὲν
723 4279 881 4347 αὐτῇ.
930 4280 1039 4331 Καὶ
1069 4278 1164 4331 τοῦ
1199 4280 1426 4349 χλιαροῦ
1462 4280 1652 4345 ὓδατος
1699 4284 1867 4353 ἐκχυ-

287 4368 471 4431 θέντος
499 4370 640 4440 τρὶς,
683 4371 771 4433 είς
794 4370 966 4423 τύπον
1014 4371 1116 4440 τῆς
1162 4373 1326 4440 ἁγίας
1357 4373 1610 4441 Τριάδος.
1635 4373 1726 4427 διὰ
1756 4376 1866 4428 τῶν

284 4461 635 4531 ἀντιμινσίων
664 4464 697 4534 ἠ
726 4464 847 4534 ἱερὰ
872 4464 1212 4531 ἐκμάττεται
1238 4465 1511 4535 τράπεζα.

858 4576 1111 4633 ΚΕΦΑΛ.
1148 4580 1279 4635 PH'.

596 4670 734 4737 Περὶ
766 4668 885 4724 τῶν
918 4672 1094 4739 ἱερῶν
1127 4673 1547 4741 ἀντιμινσίων.

346 4828 535 4882 Ταῦτα
563 4828 619 4881 δὲ
644 4829 713 4883 τὰ
742 4831 1059 4900 ἀντιμίνσια
1091 4833 1157 4885 ἐκ
1187 4831 1332 4887 λίνου
1364 4832 1687 4901 ὐφάσματός
1717 4836 1823 4889 εἱσι
1843 4850 1858 4866 °

276 4925 367 4974 καὶ
392 4923 511 4976 ἀντὶ
541 4923 820 4993 τραπέζης
854 4926 1006 4995 ἱερᾶς
1041 4926 1310 4992 γίνονται.
1338 4926 1406 4980 Ἃ
1437 4926 1499 4998 δὴ
1529 4929 1625 4999 καὶ
1654 4928 1860 4997 ραπτό-

277 5030 415 5081 μενα
447 5015 711 5086 πρότερον
745 5020 1121 5088 ὲτοιμάζεται,
1145 5020 1220 5083 ὡς
1270 5022 1303 5090 ἡ
1328 5020 1576 5085 διάταξις
1627 5023 1855 5092 γράφει,

273 5107 368 5159 καὶ
402 5107 581 5160 πάντα
607 5110 845 5165 τελεῖται
895 5113 952 5164 ὲν
995 5114 1203 5178 αὐτοῖς,
1241 5113 1341 5167 ὅσα
1382 5115 1474 5167 καὶ
1510 5116 1568 5165 ἐν
1620 5118 1684 5185 τῇ
1736 5115 1859 5187 θείᾳ

271 5198 546 5270 τραπέζῃ.
599 5200 707 5253 Καὶ
757 5203 955 5273 καιροῦ
1004 5206 1299 5269 καλοῦντος
1352 5204 1524 5259 ταῦτα
1579 5208 1854 5279 διακρίσει

271 5289 572 5359 ἀρχιερέως
632 5294 851 5357 τελείως
906 5298 1259 5363 ἁγιασθέντα,
1316 5301 1459 5353 κατὰ
1505 5301 1707 5365 τόπους
1762 5301 1852 5366 ἑξ-

270 5379 715 5447 αποστέλλονται,
754 5384 882 5437 ἔνθα
922 5386 1020 5439 οὐκ
1063 5387 1179 5440 ἔστι
1214 5389 1627 5460 θυσιαστήριον,
1670 5392 1765 5445 καὶ
1794 5393 1853 5443 ἐν

268 5470 453 5535 αὐτοῖς
482 5473 513 5540 ή
555 5474 675 5527 θεία
704 5477 936 5531 τελεῖται
963 5481 1072 5534 τῶν
1112 5483 1428 5553 μυστηρίων
1467 5486 1773 5556 ἱερουργία.

854 5595 1108 5649 ΚΕΦΑΛ.
1140 5598 1260 5652 PU'.

266 5679 406 5745 Περὶ
439 5679 559 5731 τῶν
585 5682 903 5752 τεσσάρων
929 5688 1305 5761 ὑφασμάτων
1348 5689 1468 5743 τῶν
1512 5692 1583 5743 ἐν
1618 5692 1692 5760 τῇ
1720 5694 1850 5761 θείᾳ

913 5758 1169 5829 τραπέζῃ
1180 5799 1193 5813 .

340 5844 441 5897 Διὰ
468 5845 669 5900 τούτων
703 5843 796 5901 οὖν
839 5848 1229 5923 ἐκμαςοομένη
1271 5855 1301 5924 ἡ
1335 5856 1584 5924 τράπεζα
1613 5860 1719 5913 ἀπὸ
1751 5859 1843 5913 τοῦ

1982 3279 2266 3335 vocatum,
2296 3267 2573 3339 signiﬁcat
2597 3284 2804 3333 mensa,
2839 3285 2962 3340 qua:
3019 3280 3146 3324 sunt
3178 3272 3351 3341 ipsius
3395 3270 3570 3341 bapti-

1978 3364 2172 3419 smatis
2203 3362 2373 3417 etiam
2398 3363 2649 3431 suscipit,
2684 3372 2739 3416 et
2783 3363 2886 3418 hoc
2911 3363 3125 3419 duobus
3166 3364 3365 3428 modis,
3398 3366 3574 3420 sensi-

1978 3456 2073 3510 bili
2106 3470 2170 3509 ac
2225 3453 2579 3523 intelligibili,
2617 3463 2675 3506 ut
2709 3463 2764 3508 et
2802 3454 2987 3509 abluta
3021 3470 3155 3525 pura
3188 3456 3299 3520 ﬁat,
3333 3464 3388 3511 et
3422 3472 3563 3527 aqua

1974 3548 2369 3613 sanctiﬁeetur,
2408 3546 2851 3616 puriﬁcationem
2878 3562 3004 3601 cum
3041 3548 3246 3616 Spiritu
3274 3551 3567 3619 recipiens,

1976 3639 2237 3709 quoniam
2271 3638 2513 3709 Spiritus
2532 3639 2697 3693 etiam
2725 3639 3079 3693 constituitur
3112 3630 3565 3695 instrumentum.

1974 3733 2100 3789 Ideo
2145 3731 2328 3801 tepida
2381 3731 2660 3801 profertur
2719 3744 2881 3798 aqua,
2935 3746 3057 3801 qua:
3115 3746 3210 3800 per
3258 3732 3563 3787 orationem

1974 3824 2343 3881 benedicitur.
2404 3823 2616 3879 Etenim
2679 3824 2831 3877 illum
2876 3826 2966 3892 qui
3012 3824 3318 3893 baptizatus
3367 3835 3447 3879 est
3508 3826 3562 3880 in

1972 3914 2213 3971 Jardanr
2241 3915 2483 3986 pontifex
2516 3918 2570 3971 in
2627 3916 3123 3971 sanctiﬁcationem
3190 3916 3354 3987 hujus
3406 3934 3564 3988 aqua:

1973 4009 2226 4078 sacrique
2256 4009 2731 4063 consecrationem
2805 4008 2996 4063 altaris
3049 4009 3291 4064 invocat.
3356 4010 3562 4066 Deinde

1972 4101 2055 4157 sal
2085 4100 2401 4153 immittitur
2454 4101 2526 4165 ei,
2573 4116 2669 4169 per
2732 4099 2981 4169 illudque
3054 4101 3398 4156 benedictum
3450 4112 3561 4159 tres

1973 4192 2246 4263 precando
2313 4208 2511 4248 cruces
2557 4192 2712 4246 facit.
2749 4191 2811 4246 Et
2839 4208 2980 4264 aqua
3020 4195 3199 4263 tepida
3248 4202 3329 4248 ter
3358 4196 3557 4260 effusa,

1971 4285 2024 4341 in
2060 4294 2245 4356 typum
2284 4294 2493 4341 sanctae
2524 4286 2835 4352 Trinitatis,
2879 4303 2974 4358 per
3008 4289 3329 4342 Antiminsia
3400 4305 3559 4345 sacra

1972 4392 2160 4432 mensa
2183 4377 2508 4448 detergitur.

2545 4580 2773 4637 CAPUT
2821 4583 3004 4639 CVIII.

1971 4670 2047 4727 De
2075 4673 2247 4727 sacris
2278 4675 2605 4731 antimiusiis
2636 4681 2997 4762 stvqmappis,
3032 4695 3312 4734 sacrarum
3344 4697 3553 4735 mensa-

2567 4765 2684 4800 rum
2716 4765 2954 4802 υιεανηε.

2039 4832 2165 4890 Haec
2228 4846 2412 4892 autem
2476 4840 2794 4894 antiminsia
2826 4856 2889 4894 ex
2946 4842 3089 4894 lineo
3150 4850 3293 4895 texto
3323 4852 3453 4896 sunt
3500 4850 3555 4896 et

1964 4942 2062 4997 pro
2088 4942 2248 4983 sacra
2282 4945 2470 4985 mensa
2498 4932 2638 4984 ﬁunt
2665 4930 2905 4987 Coitsuta
2952 4933 3101 5000 prius
3135 4942 3417 5003 parantur,
3444 4936 3553 4987 sie-

1963 5030 2019 5073 ut
2046 5022 2378 5076 constitutio
2401 5022 2614 5088 scribit,
2640 5032 2694 5077 et
2727 5024 2780 5075 in
2810 5024 2890 5078 eis
2944 5025 3129 5078 omnia
3164 5024 3544 5090 perficiuntur,

1962 5127 2092 5182 qua:
2120 5114 2283 5167 etiam
2322 5114 2375 5166 in
2405 5114 2587 5167 divina
2621 5130 2828 5170 mensa.
2861 5115 2924 5169 Et
2952 5117 3239 5171 occasione
3264 5126 3543 5186 poscente,

1962 5204 2239 5273 pontiﬁcis
2273 5204 2505 5271 judicio,
2540 5206 2780 5273 perfecte
2828 5208 3165 5263 sanctiﬁcata
3205 5210 3319 5265 haec
3346 5225 3543 5265 secun—

1958 5298 2086 5351 dum
2145 5298 2294 5353 locos
2350 5299 2696 5364 emittuntur,
2750 5303 2840 5356 ubi
2886 5314 3104 5360 nonest
3150 5306 3343 5373 altare,
3379 5316 3543 5376 atque

1956 5385 2011 5439 in
2052 5386 2132 5442 eis
2163 5385 2343 5441 divina
2381 5389 2663 5459 perficitur
2696 5395 3083 5462 mysteriorum
3114 5397 3433 5453 celebratio.

2520 5594 2752 5652 C~\PUT
2805 5597 2944 5655 CIX.

2187 5682 2262 5737 De
2292 5697 2524 5753 quatuor
2560 5690 2862 5749 velamentis
2898 5712 3063 5751 sacra:
3099 5712 3310 5752 meum.

2023 5864 2125 5921 Per
2155 5864 2267 5919 haec
2302 5865 2467 5935 igitur
2500 5883 2637 5938 aqua
2667 5873 3006 5931 sanctiﬁcata
3041 5877 3339 5947 detergitnr
3375 5892 3529 5933 meu-
