4038 6434
519 371 625 434 315

1347 375 1734 435 SYMEONIS
1768 370 2533 433 THESSALONICENSIS
2575 368 2932 430 ARCHIEP.

3657 367 3747 429 3l6

516 499 601 546 sa,
673 499 737 536 ve
795 498 893 554 per
918 487 1021 542 alia
1055 500 1291 558 quatuor
1351 489 1584 552 textilia,
1617 504 1738 558 qua:
1779 470 2094 542 litialiterin

2207 481 2556 551 άγιασθέντος
2589 479 2802 542 ὓδατος,
2832 479 2866 549 ἦ
2899 477 2966 532 δι’
2999 477 3202 548 ἐτέρων
3221 461 3499 548 τεσσάρων
3521 479 3748 548 ὑφασμά-

515 585 754 644 quatuor
787 591 960 632 sacra:
992 596 1194 637 mensa:
1225 583 1463 652 angulis,
1495 583 1549 635 in
1613 591 1801 652 typum
1863 587 2100 649 quatuor

518 665 828 722 divinorum
861 668 1356 742 Evangelistarum,
1385 684 1633 745 pouuntu
1647 689 1690 729 r.

1112 849 1340 905 CAPUT
1416 851 1529 905 CX.

733 939 913 1004 Quare
951 941 1071 995 vino
1108 953 1158 997 et
1191 961 1328 1014 aqua
1358 959 1575 999 rosacea
1605 944 1866 998 abluitur.

591 1025 721 1081 Post
787 1032 1178 1100 extersionem,
1245 1035 1430 1089 vinum
1491 1036 1921 1091 odoriferumac
1950 1049 2096 1090 rosa-

521 1129 635 1174 tum
673 1122 1002 1180 aﬂeruntur.
1059 1126 1186 1182 Haec
1238 1138 1419 1182 autem
1481 1130 1742 1199 unguenti
1778 1128 1947 1182 divini
1973 1143 2102 1196 pro-

520 1214 686 1268 senda
719 1229 849 1270 sunt
881 1218 934 1272 in
988 1218 1248 1272 honorem
1307 1221 1606 1290 sepulturae
1641 1218 1791 1284 Iesu,
1827 1218 2099 1288 siquidem

515 1315 570 1359 et
602 1306 706 1360 iste
737 1307 802 1360 de
832 1310 1136 1376 peccatrice
1165 1311 1303 1365 dixit
1330 1329 1342 1363 :
1387 1330 1408 1364 ι
1436 1311 1577 1378 Quid
1611 1313 1860 1367 molestia
1931 1311 2104 1366 infer-

515 1398 586 1450 tis
653 1399 1014 1456 mulieri?in
1079 1404 1223 1457 diem
1284 1406 1580 1473 sepulturae
1661 1419 1798 1458 mete
1860 1403 2102 1458 servavit

518 1488 674 1543 illud.
702 1508 720 1541 ι
771 1491 908 1547 Sunt
939 1495 1103 1549 etiam
1144 1498 1210 1551 ad
1267 1497 1711 1564 signiﬁcandum,
1745 1496 1892 1566 quod
1927 1493 2102 1551 altare

521 1578 691 1644 istud,
725 1581 791 1636 ad
835 1582 1190 1640 imitationem
1225 1586 1644 1651 Melchisedech,
1676 1588 1864 1643 vinum
1918 1586 2127 1642 odori-‘

519 1669 695 1725 ferum
731 1675 1080 1730 etviviilcum
1137 1693 1234 1746 per
1273 1683 1504 1749 gratiam
1541 1679 1650 1735 Deo
1697 1680 1984 1750 proferet:
2043 1679 2100 1733 in

520 1764 779 1819 omnibus
802 1766 948 1820 enim
1003 1768 1204 1826 divinis
1246 1771 1595 1826 adducmitur
1644 1773 1961 1842 prophetiae.
2021 1772 2102 1827 Iu-

521 1854 758 1911 fundens
782 1867 960 1913 autem
986 1861 1100 1916 haec
1125 1862 1176 1915 in
1200 1863 1418 1917 modum
1447 1866 1630 1920 crucis
1655 1879 1822 1934 super
1851 1880 2096 1920 mensam

515 1947 757 2013 pontifex
816 1951 1082 2006 exclamat
1130 1971 1148 2010 :
1207 1973 1226 2006 ι
1279 1956 1554 2026 Asperges
1603 1970 1692 2010 me
1749 1956 1989 2027 hyssopo
2045 1967 2100 2013 et

518 2039 844 2105 muntlabor,
876 2060 894 2093 ι
920 2056 964 2096 et
1007 2048 1290 2114 sequentia
1331 2048 1548 2114 psalmi,
1593 2058 1674 2103 ter
1719 2050 2010 2117 adjiciens,
2043 2049 2099 2102 in

519 2127 924 2186 ﬁrmamentum
951 2135 1114 2190 simul
1149 2153 1213 2191 ac
1245 2138 1506 2193 honorem
1550 2138 1860 2195 Trinitatis.

1081 2319 1310 2375 CAPUT
1366 2321 1504 2377 CXI.

557 2423 738 2488 Quare
777 2427 1033 2484 imbuitur
1059 2442 1345 2501 unguento,
1392 2435 1750 2506 acciniturque
1802 2437 2044 2506 alleluja.

592 2585 796 2642 Deinde
873 2590 1038 2648 infert
1097 2595 1288 2650 altaris
1320 2598 1822 2662 consecrationem,
1879 2615 2098 2656 sacrum

525 2694 886 2750 unguentum,
939 2695 993 2740 et
1026 2687 1241 2744 alleluia
1275 2690 1508 2754 intonat,
1534 2692 1681 2762 quod
1713 2701 1797 2747 est
1825 2696 2101 2764 propheti-

515 2785 641 2826 cum
661 2789 900 2841 carmen,
925 2783 1270 2846 prmsentiam
1305 2783 1393 2838 Dei
1419 2785 1623 2854 Deique
1653 2785 1866 2841 laudem
1895 2787 2104 2856 signiﬁ«

515 2879 698 2920 cans:
753 2886 770 2918 ι
810 2870 986 2934 Venit,
1040 2873 1241 2942 inquit,
1305 2875 1619 2942 Dominus;
1659 2895 1677 2928 ι
1742 2878 1977 2946 primum
2046 2889 2102 2933 et

517 2958 848 3026 secundum,"
881 2971 939 3016 ut
968 2965 1231 3030 diximus,
1271 2969 1564 3024 adventum
1601 2970 1721 3040 ejus
1762 2986 2058 3040 suggerens
2083 3016 2098 3039 ,

499 3047 574 3102 ὀι
600 3054 922 3108 continuam
949 3057 1015 3110 ad
1048 3075 1148 3113 nos
1182 3060 1420 3124 Spiritus
1451 3064 1818 3128 praesentiam.
1867 3065 2104 3133 Ideoque

2202 593 2336 637 των,
2407 572 2635 643 ὕστερον
2701 571 2999 640 τιθεμένων
3062 571 3120 624 ιν
3176 571 3300 635 ταῖς
3357 572 3605 642 τέσσαρσι
3661 574 3749 642 τῆς

2209 667 2363 736 ίερᾶς
2405 662 2690 734 τραπέζης
2719 664 2945 732 γωνίαις
2988 663 3130 717 κατὰ
3171 663 3343 719 τύπον
3370 661 3475 718 τῶν
3497 665 3645 719 θείων
3669 665 3750 719 εὐ·-

2203 757 2562 826 αγγελιστῶν.

2806 847 3060 903 ΚΕΦΑΛ.
3093 850 3198 903 Pl'.

2309 943 2474 996 Διατί
2503 939 2878 995 stultia-atat
2910 940 3054 1006 οἴνῳ
3084 941 3181 994 καί
3209 940 3661 1010 ῥοδοστατματι.

2273 1033 2429 1088 Μετὰ
2458 1032 2518 1085 τὸ
2569 1031 2809 1100 ἐκμάξαι
2843 1027 2987 1094 οἶνος
3025 1031 3260 1100 εὔοσμος
3307 1033 3401 1086 καὶ
3435 1033 3757 1102 ροδὸσταγμα

2203 1123 2660 1195 προσκομίζεται.
2693 1121 2884 1176 Ταῦτα
2923 1124 2983 1176 δὲ
3009 1124 3271 1192 προοίμια
3303 1125 3398 1177 τοῦ
3429 1123 3573 1178 θείου
3600 1125 3758 1192 μύρου

2202 1220 2341 1271 εἰσὶν
2370 1220 2451 1281 εἰς
2490 1217 2658 1288 τιμὴν
2689 1219 2786 1287 τῆς
2812 1218 2994 1288 ταφῆς
3021 1217 3116 1271 τοῦ
3144 1219 3341 1289 Ἰησοῦ,
3393 1219 3514 1274 ἐπεὶ
3551 1220 3642 1274 καὶ
3679 1219 3760 1272 οὗ·

2201 1328 2295 1375 τος
2337 1310 2468 1381 περὶ
2520 1311 2624 1381 τῆς
2655 1310 2864 1380 πόρνης
2910 1311 3036 1380 ἔφη,
3079 1330 3098 1364 ι
3137 1312 3202 1364 Τί
3268 1313 3466 1376 κόπους
3507 1311 3759 1380 παρέχετε

2202 1403 2268 1472 τῇ
2315 1401 2537 1470 γυναικί
2576 1419 2590 1467 ;
2625 1403 2705 1466 είς
2749 1404 2852 1473 τὴν
2890 1404 3112 1472 ἡμέραν
3139 1405 3234 1458 τοῦ
3271 1405 3635 1474 ἐνταφιασμοῦ
3665 1421 3757 1472 μου
3793 1468 3798 1472 _

2202 1491 2508 1561 τετήρηκεν
2539 1492 2672 1545 αὐτό
2694 1508 2708 1522 ·
2746 1513 2766 1545 ι
2803 1493 2922 1560 ἅμα
2979 1493 3037 1546 δὲ
3085 1494 3178 1546 καὶ
3211 1497 3290 1557 είς
3341 1493 3582 1559 ἔνδειξιν,
3609 1494 3680 1556 ὡς
3708 1493 3762 1546 τὸ

2205 1583 2600 1654 θυσιαστήριον
2636 1584 2799 1638 τοῦτο
2826 1580 2968 1638 οἶνον
2998 1585 3171 1655 εὐώδη
3212 1587 3302 1640 διὰ
3349 1587 3449 1655 τὴν
3482 1587 3640 1658 χάριν
3677 1585 3762 1639 καὶ

2205 1673 2472 1737 ζωτικδνν
2491 1676 2636 1729 κατὰ
2673 1677 2908 1746 μίμησιν
2944 1676 3038 1728 τοῦ
3077 1677 3435 1747 Μελχισεδὲκ,
3481 1677 3763 1747 προσκομί-

2209 1781 2292 1817 σει
2319 1765 2398 1833 τῷ
2431 1765 2548 1835 Θεῷ
2568 1782 2594 1816 ο.
2620 1767 2678 1820 ἐν
2705 1768 2841 1820 πᾶσι
2867 1766 2978 1837 γὰρ
3007 1769 3118 1830 τοῖς
3146 1768 3308 1829 θείοις
3340 1768 3435 1820 καὶ
3457 1769 3762 1837 προφητεῖαι

2205 1858 2565 1926 προάγονται.
2654 1859 2894 1928 Ἐκχέων
2953 1859 3012 1912 δὶ
3059 1859 3234 1913 ταῦτα
3292 1859 3653 1929 σταυροειδῶς
3703 1861 3761 1928 τῇ

2200 1948 2452 2020 τραπέζῃ
2480 1952 2507 2002 ὁ
2539 1951 2826 2023 ἱεράρχης,
2861 1951 3051 2022 ὲκδοᾷ,
3085 1972 3104 2004 ‹
3128 1954 3402 2017 Ῥανειεῖς
3428 1971 3494 2024 με
3522 1951 3762 2020 ὑσσώπῳ,

2201 2043 2294 2094 καὶ
2340 2040 2849 2110 καθαρισθήσομαι,
2889 2063 2906 2095 ι
2960 2045 3055 2097 καὶ
3101 2045 3168 2098 τά
3209 2044 3344 2115 ἑξῆς
3393 2044 3487 2098 τοῦ
3525 2042 3761 2114 Ψαλμοῦ,

2199 2135 2320 2201 τρὶς
2367 2134 2662 2205 ἐπιλέγων,
2713 2138 2795 2200 εἰς
2844 2136 3139 2207 βεϐαίωσιν
3184 2138 3303 2208 ἅμα
3353 2139 3448 2193 καὶ
3493 2136 3652 2208 τιμὴν
3679 2135 3765 2205 τῆς

2202 2227 2452 2298 Τριάδος.
2622 2231 2637 2248 ⁵

2791 2324 3043 2377 ΚΕΦᾹΛ.
3075 2324 3224 2379 PIA'.

2203 2435 2368 2488 Διατί
2420 2437 2649 2504 χρίεται
2709 2439 2898 2508 μύρῳ,
2908 2441 3030 2563 ⁵Ξιιιὶ
3086 2441 3152 2494 τὸ
3201 2443 3571 2511 Ἀλληλούῑα
3625 2443 3770 2512 ψάλ-

2952 2526 3099 2563 erat.

2952 2526 3099 2566 εται.

2275 2594 2408 2651 Εἶτα
2465 2603 2556 2652 καὶ
2597 2602 2695 2671 τὴν
2723 2601 3004 2655 τελείωσιν
3056 2603 3213 2673 φέρει
3243 2605 3342 2656 τοῦ
3385 2605 3764 2675 θυσιαστηρίου,

2201 2695 2263 2746 τὸ
2317 2695 2489 2763 μύρον
2541 2696 2601 2747 τὸ
2653 2694 2833 2762 ἅγιον,
2880 2695 2974 2749 καὶ
3019 2697 3082 2749 τὸ
3118 2696 3443 2760 Ἀλληλούῖα
3484 2695 3770 2764 ἔκφωνεῖ,ὃ

2205 2789 2718 2859 προφητικὸνΊστιν
2741 2785 2915 2860 ᾆσμα,
2945 2791 3243 2860 ἐπιδημίαν
3265 2791 3413 2844 θεοῦ
3464 2794 3558 2846 καὶ
3583 2793 3770 2845 αῐνεσιν

2203 2881 2340 2934 Θεοῦ
2371 2880 2588 2950 δηλοῦν,
2615 2883 2730 2944 καὶ,
2774 2899 2792 2934 ι
2828 2882 3110 2952 Ἔρχεται,
3135 2883 3304 2950 λέγει,
3335 2885 3373 2936 ὁ
3400 2884 3616 2954 Κύριος,
3650 2903 3666 2934 ι
3685 2882 3770 2951 τὴν

2205 2971 2429 3042 πρώτην
2441 2971 2610 3028 αὐτοῦ
2630 2974 2721 3026 καὶ
2749 2973 3012 3044 δευτέραν
3028 2973 3340 3043 παριστῶν,
3369 2975 3443 3038 ὡς
3463 2977 3768 3045 εἰρήκαμεν,

2207 3065 2533 3134 παρουσίαν,
2565 3065 2728 3136 119
2755 3067 2852 3122 καὶ
2880 3067 2976 3136 τὴν
3001 3067 3226 3137 διηνεκῆ
3248 3068 3397 3138 πρὸς
3427 3071 3568 3139 ἡμᾶς
3605 3068 3770 3133 ἐπιδη-

518 3141 764 3197 Ecclesia
784 3148 1052 3203 continuo
1079 3151 1390 3221 saepiusque
1443 3154 1615 3219 canit,
1673 3171 1738 3210 ac
1794 3160 2097 3225 praesertim

2210 3159 2340 3225 μίαν
2368 3155 2461 3209 τοῦ
2492 3157 2834 3227 Πνεῦματος.
2868 3161 2960 3211 Διὸ
2992 3159 3088 3212 καὶ
3115 3161 3148 3228 ή
3187 3160 3501 3230 Ἐκκλησία
3532 3160 3770 3228 διηνεκῶς

519 3231 574 3285 in
613 3232 817 3289 divinis
847 3241 1358 3298 consecrationibus
1383 3258 1448 3299 ac
1480 3251 1607 3298 ante
1634 3245 1884 3300 divinum
1923 3247 2100 3302 Evan-

517 3323 744 3391 gelium,
779 3339 967 3400 utpote
1027 3347 1126 3400 per
1159 3335 1303 3402 quod
1341 3337 1758 3393 demonstratur
1815 3340 2100 3396 Dominus.

518 3418 653 3473 'l‘res
679 3420 846 3489 igitur
867 3439 931 3478 ex
967 3425 1068 3479 hoc
1100 3436 1342 3494 ungento
1370 3443 1535 3498 super
1563 3442 1780 3484 sacram
1831 3445 2100 3496 mensam,

522 3510 703 3565 medio
723 3523 777 3567 et
808 3515 1086 3586 utrinque,
1141 3533 1337 3576 cruces
1393 3521 1527 3575 facit
1585 3522 1853 3593 pontifex,
1885 3532 1955 3578 .et
2009 3540 2104 3594 per

415 3675 418 3679 ἡ
520 3611 632 3657 tres
661 3602 784 3660 illas
809 3613 978 3661 totam
1010 3611 1154 3664 illam
1177 3613 1405 3683 inungit.
1435 3613 1570 3668 Cum
1593 3615 1739 3670 enim
1765 3626 2103 3687 unguentum

517 3708 717 3748 nomen
745 3708 826 3750 est
850 3697 1074 3755 Christo
1109 3700 1228 3773 Deo,
1254 3713 1443 3759 nostro
1465 3705 1734 3771 elicitum,
1765 3721 1956 3764 mensa
1981 3721 2105 3778 quae

515 3786 792 3855 signiﬁcat
824 3789 975 3845 illum
1005 3793 1079 3849 ibi
1112 3795 1385 3864 sepultum
1435 3807 1713 3868 unguento
1753 3800 1976 3869 ungitur
2003 3816 2018 3853 :
2050 3809 2108 3855 et

517 3889 630 3936 tota
646 3883 705 3938 ﬁt
719 3900 955 3956 Inyrum,
972 3890 1229 3958 quoniam
1249 3891 1363 3947 hazc
1380 3892 1621 3962 Spiritus
1639 3894 1869 3962 gratiam
1891 3895 2103 3964 recipit.

517 3973 585 4028 Et
615 3973 761 4039 ideo,
790 3979 934 4032 sicut
955 3980 1212 4044 diximus,
1244 3983 1459 4038 alleluia
1482 3985 1718 4051 canitur,
1750 3987 2004 4054 quoniam
2030 3987 2102 4041 ihi

517 4065 665 4123 Deus
695 4068 926 4135 habitat,
955 4081 1011 4126 et
1038 4073 1131 4127 illa
1185 4075 1244 4126 ﬁt
1270 4075 1509 4144 Spiritus
1550 4077 1945 4132 charismatum
1981 4077 2100 4132 otii-

519 4159 663 4214 cina.
695 4160 754 4213 In
788 4161 888 4216 hac
921 4163 1066 4216 enim
1105 4165 1470 4232 perficiuntur
1503 4165 1786 4219 tremenda
1820 4166 2103 4236 mysteria,

519 4250 977 4322 sacerdotumque
1029 4254 1407 4309 ordinationes
1439 4263 1493 4308 et
1547 4254 1960 4309 sanctissimum
2000 4272 2104 4310 uu-

520 4351 809 4413 guentum,
839 4354 894 4400 et
919 4345 1270 4413 Evangelium
1303 4347 1544 4414 ponitur,
1567 4347 1838 4414 et_subter
1861 4357 1992 4403 sunt
2019 4365 2107 4404 sa-

520 4451 630 4490 crae
666 4447 964 4506 martyrum
1003 4439 1266 4506 reliquiae.
1327 4439 1399 4492 ita
1439 4447 1496 4492 ut
1536 4453 1663 4492 vere
1690 4439 1762 4493 sit
1793 4453 1980 4494 mensa
2007 4440 2108 4495 ista

527 4532 702 4585 altare
732 4521 962 4596 Christi,
984 4531 1221 4586 thronus
1243 4532 1449 4601 gloriae,
1478 4531 1750 4586 habitatio
1789 4530 1904 4597 Dei,
1939 4532 2104 4587 Chri-
2139 4519 2182 4574 υ

522 4623 594 4679 sti
655 4633 1093 4688 monumentum,
1132 4627 1442 4694 sepulcrum
1500 4639 1564 4678 ac
1604 4623 1962 4691 requietionis
2015 4626 2096 4677 lo-

525 4733 645 4773 cus.
671 4716 968 4780 Postquam
1003 4729 1186 4774 autem
1219 4719 1436 4788 mytrha
1471 4731 1628 4772 sacra
1658 4731 1844 4770 mensa
1881 4716 2106 4772 inuncta

521 4823 628 4876 cst,
649 4811 835 4869 statim
859 4811 1002 4866 illam
1018 4811 1382 4882 superinduit,
1399 4811 1530 4865 dum
1553 4819 1848 4864 cantantur
1867 4807 2058 4878 psalmi
2091 4823 2105 4860 :

531 4925 550 4957 ι
579 4905 754 4971 Quam
779 4905 978 4960 dilecta
1011 4885 1360 4960 tabernacula
1385 4911 1480 4957 tua
1506 4919 1524 4972 ;
1548 4921 1574 4955 τ
1611 4904 1870 4973 quoniam
1913 4904 1970 4955 tit
2009 4899 2108 4954 Dei

523 5000 934 5054 tabernaculum
966 5000 1236 5067 sedesque
1266 4997 1474 5067 gloriae.

2208 3251 2304 3304 xui.
2346 3249 2609 3314 πολλάκις
2651 3249 2790 3322 ᾅδει,
2825 3253 2923 3305 καὶ
2959 3253 3158 3321 μᾶλλον
3199 3253 3258 3304 ὲν
3285 3257 3416 3318 ταῖς
3445 3255 3613 3317 θείαις
3643 3254 3772 3308 τελε-

2206 3345 2325 3406 ταῖς
2355 3343 2450 3396 καὶ
2482 3342 2589 3412 πρὸ
2616 3343 2710 3396 τοῦ
2745 3343 2897 3396 θείου
2928 3345 3290 3412 Εὐαγγελίου,
3323 3346 3410 3408 ὡς
3441 3344 3772 3416 δεικνυμένου

2205 3433 2300 3486 τοῦ
2337 3433 2545 3503 Κυρίου
2575 3433 2646 3487 δι’
2669 3433 2856 3490 αὐτοῦ.
2891 3437 3056 3506 Τρεῖς
3083 3435 3176 3490 οὖν
3205 3437 3266 3502 ἐξ
3291 3436 3470 3492 αὐτοῦ
3498 3439 3588 3492 τοῦ
3619 3437 3772 3504 μύρου

2206 3524 2301 3578 ἐπὶ
2346 3525 2450 3596 τῆς
2500 3526 2651 3597 ἱερᾶς
2691 3527 2974 3597 τραπέζης
3023 3528 3190 3598 μέσον
3244 3530 3340 3582 καὶ
3379 3529 3526 3606 ,παρ’
3556 3528 3774 3592 ἑκάτερα

2207 3617 2442 3668 ποιεῖται
2493 3617 2762 3686 σταυροὺς
2792 3618 2818 3669 ὁ
2850 3616 3145 3687 ἀρχιερεύς
3171 3633 3186 3648 ·
3239 3619 3336 3670 καὶ
3375 3619 3464 3672 διὰ
3494 3620 3601 3671 τῶν
3627 3615 3776 3684 τριῶν

2207 3707 2428 3761 ἃπασαν
2456 3707 2672 3776 ἀλείφει
2701 3708 2931 3779 ταύτην.
2975 3707 3130 3763 Ἐπεὶ
3153 3711 3262 3780 γάρ
3297 3712 3480 3783 μύρον
3504 3709 3776 3766 ὲκκενωθὲν

2207 3803 2378 3870 ὄνομα
2407 3802 2632 3872 Χριστῷ
2654 3801 2734 3872 τῷ
2765 3802 2884 3871 Θεῷ
2921 3803 3100 3872 ἡμῶν,
3131 3804 3227 3857 καὶ
3267 3806 3300 3874 ή
3333 3805 3577 3877 δηλοῦσα
3606 3805 3778 3858 τοῦτον

2206 3897 2300 3948 τὸν
2334 3897 2392 3948 ὲν
2420 3895 2593 3966 ταύτῃ
2623 3896 2867 3964 ταφέντα
2905 3896 3172 3964 τράπεζα,
3225 3897 3390 3967 μύρῳ
3419 3899 3629 3970 χρίεται
3653 3914 3666 3927 ο
3697 3894 3777 3946 καὶ

2174 3985 2305 4059 ,ὅλη
2337 3986 2548 4052 γίνεται
2605 3985 2800 4055 μύρον,
2859 3987 2942 4040 ὅτι
2999 3989 3095 4040 καὶ
3154 3987 3293 4055 αὓτη
3350 3991 3455 4058 τήν
3502 3989 3655 4060 χάριν
3697 3986 3779 4038 τοῦ

2211 4077 2528 4147 Πνεῦματος
2570 4077 2810 4148 δέχεται.
2853 4078 2964 4132 Καὶ
3002 4079 3092 4132 διὰ
3117 4079 3297 4144 τοῦτο,
3326 4080 3408 4143 ὡς
3441 4083 3665 4153 ἔφημεν,
3697 4077 3779 4129 καὶ

2209 4173 2270 4224 τὸ
2297 4169 2622 4240 Ἀλληλούῖα
2650 4170 2860 4242 ᾄδεται,
2912 4170 2995 4224 ὅτι
3025 4172 3251 4241 ὲνδημεϊ
3303 4175 3360 4224 ὲν
3400 4173 3575 4244 ταύτῃ
3626 4169 3779 4231 Θεός·

2211 4263 2306 4316 καὶ
2347 4261 2454 4314 τῶν
2486 4261 2831 4332 δωρημάτων
2889 4261 2984 4314 τοῦ
3015 4262 3335 4331 Πνεῦματος
3385 4264 3596 4331 γίνεται
3626 4263 3779 4331 ἔργα·

2213 4358 2456 4424 στήριον.
2497 4355 2586 4406 Ἐν
2613 4353 2788 4424 ταύτῃ
2821 4354 2931 4424 γὰρ
2959 4354 3238 4408 τελοῦνται
3281 4358 3351 4408 τὰ
3387 4357 3594 4426 φρικτά
3620 4373 3677 4407 τε
3699 4351 3783 4404 καὶ

2216 4446 2478 4517 μυστικά,
2518 4445 2613 4499 καὶ
2637 4445 2693 4498 αἱ
2727 4445 2838 4498 τῶν
2872 4445 3061 4514 ἱερέων
3099 4447 3538 4516 χειροτονίαι,τὸ
3569 4442 3806 4515 ίερὼτα-’

2213 4555 2304 4591 τον
2334 4533 2530 4605 μύρον,
2561 4539 2655 4591 καὶ
2681 4537 2742 4588 τὸ
2771 4537 3106 4605 Εὐαγγέλιον
3132 4538 3364 4604 τίθεται,
3395 4541 3492 4591 καὶ
3543 4536 3785 4591 ὑποκάτω

2213 4629 2280 4683 τὰ
2312 4629 2438 4698 ἱερὰ
2477 4629 2588 4684 τῶν
2625 4631 2921 4700 μαρτύρων
2954 4629 3206 4697 λείψανα.
3235 4630 3402 4684 Ὥστε
3449 4630 3661 4700 άληθῶς
3701 4626 3786 4679 καὶ

2213 4723 2604 4792 θυσιαστήριον
2635 4723 2878 4790 Χριστοῦ
2911 4723 3047 4792 αῦτη
3099 4727 3132 4795 ἡ
3181 4724 3456 4792 τράπεζα,
3487 4724 3579 4777 καὶ
3611 4723 3788 4791 θρόνος

2211 4815 2392 4884 δόξης,
2429 4815 2526 4867 καὶ
2560 4817 2990 4886 κατοικητήριον
3023 4815 3184 4878 Θεοῦ,
3211 4817 3306 4867 καὶ
3347 4817 3540 4885 μνῆμα
3582 4816 3674 4868 καὶ
3698 4811 3786 4863 τά·

2213 4924 2313 4976 φος
2363 4907 2604 4978 Χριστοῦ
2656 4908 2753 4961 καὶ
2781 4908 3110 4970 ἀνάπαυσις.
3146 4908 3301 4961 Μετὰ
3338 4907 3396 4960 δὲ
3422 4909 3482 4960 τὺ
3512 4905 3790 4977 χρισθῆναι

2217 4999 2294 5068 τῷ
2329 4999 2487 5068 μύρῳ
2519 4999 2620 5069 τὴν
2647 5000 2952 5071 ἱερωτάτην
2985 4999 3284 5069 τράπεζαν,
3318 5001 3568 5053 ἑπενδύει
3599 4997 3792 5061 ταύτην

522 5097 709 5164 εὐθὺς,
733 5096 984 5163 Ψαλμῶν
1009 5093 1309 5165 ᾀδομένων,
1347 5112 1366 5144 ι
1407 5093 1501 5154 Ὠς
1541 5093 1804 5162 ἀγαπητὰ
1832 5093 1902 5146 τὰ
1934 5093 2275 5165 σκηνώματα
2347 5109 2467 5159 σου,
2509 5114 2529 5147 ι
2559 5095 2684 5148 ἐπεὶ
2754 5095 2850 5148 καὶ
2917 5096 3184 5164 σκήνωμα
3244 5094 3436 5162 γέγονε
3493 5090 3632 5144 Θεοῦ
3706 5079 3793 5139 καὶ

526 5194 952 5265 κατοικητήριον
975 5192 1155 5261 δόξης.

1091 5306 1320 5362 CAI'UT
1374 5306 1532 5361 CXII.

527 5405 672 5471 Quid
699 5404 926 5455 immmit
954 5399 1246 5453 velamenta
1293 5411 1342 5452 et
1374 5403 1676 5468 contiguum
1707 5415 1874 5453 sacrm
1912 5413 2104 5452 mensa:

594 5478 901 5531 iustratum,
926 5480 1216 5541 Mteraque
1243 5488 1360 5540 qua:
1389 5473 1440 5524 in
1477 5474 1570 5525 illa
1601 5471 2017 5538 conspiciuntur.

591 5568 659 5621 Et
692 5565 868 5635 primo
899 5563 1111 5632 quidem
1139 5563 1289 5632 juxta
1315 5574 1549 5632 quatuor
1578 5578 1748 5616 sacrae
1776 5576 1978 5616 mensa:
2013 5577 2112 5615 an-

521 5661 680 5729 gulos
703 5668 936 5728 quatuor
963 5669 1240 5724 ponuntur
1262 5657 1491 5722 textilia,
1512 5656 1734 5710 nomina
1751 5653 2111 5723 evangelista-

533 5768 677 5811 ruln,
741 5749 1168 5818 unumquodque
1255 5766 1457 5814 unum,
1517 5748 1792 5809 habentia,
1855 5744 2114 5814 quoniam

527 5853 694 5898 tutam
735 5840 1035 5898 Ecciesiaut
1061 5844 1314 5911 exprimit
1351 5856 1557 5905 mensa,
1593 5857 1658 5894 ex
1687 5838 1947 5892 extremis
1979 5835 2112 5888 adu-

2783 5306 2829 5360 Κ
2841 5305 3038 5360 ΕΦΛΛ.
3085 5305 3227 5358 PIB'.

2223 5403 2285 5454 Τί
2313 5398 2385 5454 τὰ
2415 5379 2745 5469 ὑφάσματά
2767 5400 2862 5452 καὶ
2892 5399 2957 5451 τὸ
2985 5396 3356 5469 κατασάρξςιι,
3390 5393 3488 5446 καί
3525 5393 3592 5445 τὰ
3621 5387 3794 5444 λοιπὰ

2683 5471 2753 5524 ἐν
2791 5469 2866 5536 τῇ
2898 5470 3027 5534 θείᾳ
3064 5465 3336 5534 manem.

2294 5565 2406 5618 Kal.
2427 5563 2646 5632 πρῶτον
2701 5564 2802 5632 μὲν
2843 5563 2911 5613 τὰ
2943 5560 3188 5627 τέσσαρα
3233 5559 3534 5627 ὑφάσματα
3568 5554 3793 5606 τίθενται

2224 5659 2366 5708 κατᾶ
2399 5655 2500 5716 τὰς
2528 5654 2800 5724 τέσσαρας
2829 5654 3032 5720 γωνίας
3076 5652 3173 5717 τῆς
3205 5652 3366 5718 ἁγίας
3395 5645 3702 5717 τραπέζης,
3733 5644 3797 5694 τὰ

2227 5747 2470 5816 ὀνόματα
2506 5746 2616 5798 τῶν
2665 5744 3076 5812 εὐαγγελιστῶν
3115 5743 3343 5794 ἕκαστον
3383 5738 3439 5790 ἓν
3474 5735 3689 5805 ἔχοντα,
3719 5735 3797 5784 ὅτι

2224 5841 2320 5901 τὴν
2358 5839 2684 5902 Ἐκκλησίαν
2719 5839 2936 5892 ἃπασαν
2970 5838 3000 5904 ἡ
3033 5834 3287 5904 τράπεζα
3319 5829 3562 5889 ἐκτυποΐ.
3596 5827 3660 5878 ἐκ
3692 5822 3796 5875 τῶν
