4038 6424
302 400 404 462 3.7

1575 355 1674 448 ut:
1707 385 1948 446 saeuo
1988 383 2312 446 TEMPLO.

3441 366 3544 426 31‘3

289 514 549 579 περάτων
589 505 867 558 συστᾶσαν
905 500 984 570 τῷ
1036 499 1252 569 Κυρίῳ,
1283 498 1377 551 καὶ
1417 497 1504 551 ἐπ’
1538 498 1688 567 αὐτῷ
1720 498 1869 550 οἰκο-

1989 508 2160 550 natam
2189 496 2441 555 Domino,
2486 507 2650 559 super
2683 505 2859 561 ipsum
2887 488 3207 545 aediﬁcatam
3264 497 3358 554 per
3385 473 3548 537 evan-

291 562 621 674 ὧμηθείσαν
667 597 756 651 διὰ
807 593 904 648 τοῦ
953 562 1310 661 εὐαγγελικοῦ
1365 562 1753 659 κηρύγματος,
1783 589 1865 657 τῷ

1989 587 2210 656 relicum
2245 583 2728 655 praedicationem;
2758 579 2924 634 verba
2961 578 3150 649 gratia:
3189 585 3450 643 tanquam
3481 588 3550 626 ex
3630 562 3648 582 "

290 699 436 764 λόγῳ
467 711 526 746 τε
581 691 681 759 τῆς
737 689 958 759 χάριτος
1001 687 1078 750 ὡς
1108 685 1218 739 ἀπὸ
1268 683 1416 737 λίνου
1465 682 1559 736 τοῦ
1591 684 1654 736 ὲκ
1703 682 1870 752 χλόης

296 784 553 856 καθαρῶς
601 779 1008 848 ἀναδιδομένου,
1041 781 1135 830 καὶ
1174 777 1504 845 πειρασμοῖς
1537 772 1872 842 καθαιρομέ-

1969 679 2087 732 lino
2111 678 2184 732 de
2217 677 2382 731 viridi
2414 675 2584 730 herba
2621 685 2756 743 pure
2778 681 2902 726 orto
2921 668 3418 739 experimentisth
3447 681 3551 736 pu-

1973 773 2213 834 riﬁcato,
2249 768 2353 838 ipsi
2383 776 2694 824 contextam
2723 802 2738 825 ,
2767 773 2824 819 et
2863 774 3118 832 tanquam
3161 778 3190 814 a
3221 760 3334 814 lino
3351 759 3550 813 retium

293 899 411 945 νου,
469 873 974 942 συνεευφανθείσαν
1029 869 1215 938 αὐτῷ,
1277 868 1373 920 καὶ
1429 865 1505 928 ὡς
1564 865 1673 918 ἀπὸ
1727 863 1870 916 λίνου

1989 877 2074 932 μοι’
2111 861 2414 930 piscatores
2477 857 2583 927 ipsi
2623 868 2826 924 sagona
2875 860 3280 922 congregatum.
3311 848 3551 916 Ideoque

289 942 529 1030 ’δικτύων
582 969 650 1024 δι’
705 968 902 1022 ἀλιέων
955 963 1388 1032 σαγηνευθεῖσαν
1441 961 1592 1030 αὐτῷ
1619 978 1632 991 ·
1663 959 1745 1013 διὸ
1779 958 1872 1012 καὶ

1989 962 2212 1026 ιιιιιιιιυι*
2239 954 2343 1008 ista
2378 961 2434 1007 et
2461 950 2756 1007 Caesarea
2774 955 2831 1002 et
2864 945 3205 1000 involucrum
3233 942 3370 996 linea
3397 945 3548 996 sunt.

296 1063 466 1118 ταῦτα
493 1061 561 1115 τὰ
609 1061 852 1126 τέσσαρα
882 1057 977 1110 καὶ
1030 1057 1089 1109 τὸ
1124 1053 1453 1122 κατασάρκα
1505 1052 1600 1104 καὶ
1631 1051 1692 1102 τὸ
1725 1049 1875 1118 εἱλη-

295 1159 388 1210 τδν
419 1155 527 1208 ἀπὸ
557 1155 728 1207 λίνου.
779 1151 936 1205 Μετὰ
963 1149 1025 1202 δὲ
1061 1148 1186 1209 τοὺς
1218 1144 1615 1212 εὐαγγελιστάς
1647 1141 1876 1210 λεγομέ-

1975 1049 2098 1104 Post
2131 1048 2246 1102 hac
2288 1052 2471 1100 autem
2517 1052 2775 1112 quatuor,
2810 1038 3172 1109 evangelista:
3191 1035 3368 1098 dicta,
3397 1033 3555 1102 poni-

1975 1149 2068 1194 tur
2099 1137 2418 1199 Catasarca,
2443 1134 2590 1206 quod
2631 1133 2859 1188 sindona
2889 1145 3057 1198 super
3085 1128 3273 1182 divino
3320 1140 3419 1196 pro
3454 1138 3582 1194 ιιοοι

296 1267 419 1311 νους
449 1249 519 1300 τὰ
553 1249 798 1311 τέσσαρα
853 1243 1048 1304 ταῦτα,
1098 1242 1160 1293 τὸ
1205 1238 1530 1310 κατασάρκα
1587 1234 1814 1299 τίθεται,
1848 1232 1877 1288 ὅ

1989 1233 2063 1286 bis
2096 1239 2315 1285 mortuo
2350 1236 2582 1296 corpore
2612 1222 2901 1293 signiﬁcat.
2955 1217 3166 1272 Deinde
3199 1214 3557 1286 trapezopho-

297 1335 447 1409 δηλοῖ
479 1339 580 1409 τὴν
603 1335 821 1391 σινδόνα
852 1336 948 1388 ἐπὶ
992 1331 1073 1401 τῷ
1103 1330 1432 1401 νεκρωθέντι
1467 1328 1534 1382 δι’
1567 1328 1713 1396 ἡμᾶς
1749 1324 1877 1395 θείῳ

303 1433 540 1500 σώματι.
578 1425 710 1481 Εἶτα
756 1428 819 1480 τὺ
867 1424 1284 1496 τραπεζοφόρον
1328 1421 1696 1492 ὲφαπλοῦται,
1734 1419 1872 1488 ὅπερ

300 1521 687 1593 λαμπρότερον
708 1519 788 1584 ὃν,
816 1518 898 1578 είς
924 1515 1094 1571 τύπον
1111 1516 1208 1584 τῆς
1232 1514 1388 1584 δόξης
1421 1511 1517 1566 τοῦ
1542 1510 1676 1565 Θεοῦ
1704 1512 1876 1575 ἐστιν,

299 1615 380 1667 ὅτι
413 1613 645 1679 καθέδρα
695 1609 830 1663 Θεοῦ
864 1609 926 1661 τὸ
974 1607 1388 1676 θυσιαστήριον,
1449 1604 1482 1675 ἢ
1536 1605 1630 1657 καὶ
1669 1603 1758 1656 διὰ
1812 1599 1881 1654 τὰ

304 1707 490 1774 ἱμάτια
515 1702 608 1756 τοῦ
640 1701 895 1770 Σωτῆρος
919 1699 992 1762 ὡς
1022 1699 1082 1751 τὸ
1111 1699 1224 1768 φῶς
1251 1695 1711 1767 ἀπαστράψαντα.
1745 1687 1879 1746 Εἶτα

301 1797 511 1850 τίθεται
539 1796 599 1850 τὸ
633 1795 869 1860 είλητὺν.
896 1795 992 1846 καὶ
1016 1792 1146 1844 αὐτὸ
1179 1793 1257 1853 εἰς
1286 1791 1525 1859 δήλωσιν
1554 1787 1653 1858 τῆς
1676 1788 1882 1856 νεκρῶ-

305 1906 442 1952 σεως
487 1889 605 1957 ἅμα
654 1886 896 1956 Χριστοῦ
945 1887 1039 1938 καὶ
1073 1885 1170 1954 τῆς
1216 1883 1585 1947 ἀναστάσεως,
1639 1882 1724 1936 ὅτι
1784 1881 1878 1932 καὶ

309 1980 450 2050 μετὰ
481 1980 580 2048 τὴν
623 1979 842 2046 ἔγερσιν
869 1977 919 2030 οἱ
963 1975 1252 2031 ἀπόστολοι
1281 1974 1440 2028 τοῦτο
1490 1973 1628 2041 μετὰ
1654 1971 1763 2024 τῶν
1797 1973 1881 2022 ὲν-

304 2073 516 2143 ταφίων
548 2067 686 2124 εἶδον
718 2069 1168 2139 ἐντετυλιγμένον
1200 2068 1281 2131 είς
1309 2067 1416 2120 ’ἕνα
1448 2066 1632 2121 τόπον.
1660 2063 1751 2116 Διὸ
1789 2063 1880 2115 καὶ

304 2166 470 2220 τοῦτο
496 2162 781 2231 είλημὲηιον
808 2161 945 2225 ἐστὶ,
996 2163 1090 2214 καὶ
1126 2161 1339 2229 sunt?”
1369 2159 1588 2226 λέγεται
1615 2173 1629 2187 ·
1663 2157 1758 2209 καὶ
1787 2155 1881 2208 ἐπὶ

303 2259 406 2326 τῆς
440 2254 681 2322 κεφαλῆς
707 2247 776 2322 ἦν
802 2250 897 2304 τοῦ
930 2251 1194 2323 Χριστοῦ,
1235 2251 1331 2304 καὶ
1360 2251 1421 2303 τὸ
1450 2249 1592 2321 ἱερὸν
1614 2247 1699 2301 ἐπ’
1731 2245 1881 2316 αὐτῷ

302 2346 637 2415 Εὑαγγέλιον
674 2343 797 2396 ἀντὶ
829 2343 921 2394 τοῦ
947 2341 1205 2414 Σωτῆρος
1233 2343 1462 2398 τίθεται.

577 2447 593 2456 ‘
612 2434 645 2448 ”
876 2457 1124 2512 necari.
1161 2453 1309 2509 PII".

378 2555 443 2612 Τί
472 2555 512 2624 ἢ
566 2553 794 2623 λυχνία
822 2552 1022 2620 δηλοῖ,
1201 2548 1270 2602 τὸ
1315 2547 1387 2602 ἐν
1411 2545 1535 2615 ὅλῳ
1559 2541 1643 2611 ’τῷ
1667 2530 1814 2612 alia)

949 2621 1232 2689 θυμίαμα.

380 2715 512 2774 Εἶτα
571 2719 665 2772 καὶ
715 2717 908 2786 λυχνία
953 2714 1326 2785 προσφέρεται
1371 2711 1466 2766 καὶ
1499 2707 1756 2781 θρυαλλὶς
1788 2708 1882 2764 καὶ

305 2812 441 2878 φῶς,
495 2811 584 2864 διὰ
636 2810 736 2878 τὴν
772 2809 841 2861 δι’
888 2807 1072 2861 ἐλαίου
1128 2806 1346 2866 θυσίαν,
1392 2805 1488 2855 καὶ
1546 2802 1629 2855 ὅτι
1689 2800 1882 2870 λυχνία

306 2903 540 2971 Χριστυῦ
645 2900 966 2970 Ἐκκλησία,
994 2901 1082 2960 ’ὡς
1114 2899 1141 2950 ὁ
1183 2895 1547 2966 ἠγαπημένοις
1581 2895 1736 2965 φησί.
1775 2892 1883 2945 Καὶ

310 2999 339 3064 ἡ
373 2997 559 3066 λυχνία
593 2994 688 3047 τοῦ
719 2994 888 3064 νόμου
915 2992 1086 3053 τύπος
1115 2985 1343 3054 ταύτης,
1380 2986 1475 3040 καὶ
1521 2985 1668 3039 θείου
1703 2984 1884 3048 ἐλέους

309 3088 399 3142 διὰ
425 3087 518 3142 τοῦ
566 3087 750 3140 ἐλαίου
801 3084 1110 3152 μετάδοσις,
1153 3083 1252 3136 καὶ
1292 3079 1439 3133 θείου
1480 3077 1764 3148 φωτισμοῦ
1793 3093 1884 3147 χο-

1979 1339 2100 1378 rum
2132 1321 2460 1387 explicatur,
2500 1317 2648 1385 quod
2678 1313 2754 1368 uti
2787 1309 3147 1381 splendidius,
3186 1308 3239 1361 in
3261 1315 3447 1377 typum
3472 1314 3560 1361 est

1980 1413 2170 1483 gloriae
2219 1411 2338 1472 Dei,
2368 1408 2629 1478 quoniam
2661 1405 2756 1462 Dei
2811 1404 3040 1457 thronus
3069 1410 3152 1456 est
3196 1401 3371 1454 altare
3428 1415 3443 1462 ;
3476 1398 3559 1452 vel

1983 1515 2211 1576 propter
2245 1496 2589 1559 vestimenta
2609 1499 2816 1556 Christi
2867 1495 3173 1551 Salvatoris
3205 1493 3346 1546 sicut
3376 1491 3558 1544 lumen

1983 1594 2332 1664 refulgentia.
2365 1591 2556 1649 Postea
2587 1591 2810 1660 ponitur
2856 1587 3224 1648 involucrum,
3263 1591 3316 1636 et
3358 1582 3462 1634 hoc
3490 1579 3559 1633 ad

1984 1683 2510 1739 demonstrationem
2543 1679 2734 1736 mortis
2762 1677 2970 1733 Christi
2992 1675 3156 1731 simul
3193 1687 3256 1726 ac
3279 1683 3561 1726 resurrec-

1987 1775 2155 1830 tionis
2188 1793 2204 1835 ;
2233 1775 2492 1838 quoniam
2521 1783 2645 1842 post
2669 1768 3126 1826 resurrectionem
3184 1766 3289 1820 hoc
3331 1761 3563 1831 apostoli

1986 1866 2239 1921 viderunt
2270 1882 2391 1922 cum
2430 1864 2838 1921 linteaminibus
2875 1863 2934 1917 in
2971 1875 3080 1914 uno
3120 1858 3240 1912 loco
3274 1854 3556 1924 plicatum.

1981 1960 2218 2032 Ideoque
2254 1961 2556 2016 involutum
2588 1965 2671 2013 est
2703 1955 2858 2019 illud,
2884 1964 2942 2011 et
2990 1953 3338 2008 involucrum
3401 1961 3563 2002 voca-

1983 2063 2091 2108 tur.
2132 2053 2310 2124 Super
2339 2059 2504 2121 caput
2534 2049 2732 2106 Christi
2763 2057 2901 2110 erat,
2942 2055 2999 2100 et
3027 2059 3193 2112 super
3241 2039 3376 2096 illud
3447 2037 3564 2093 Sal-

1985 2145 2195 2201 vatoris
2227 2146 2348 2200 loco
2377 2158 2592 2199 sacrum
2615 2139 2972 2211 Evangelium
3002 2137 3248 2206 ponitur.

2514 2423 2745 2492 CA‘PUT
2832 2432 3018 2488 CXiIl.

2053 2535 2200 2601 Quid
2227 2530 2624 2590 candelabrum.
2661 2528 2902 2601 atquein
2944 2537 3056 2579 tota
3105 2539 3260 2579 sacra
3292 2523 3403 2578 crde
3427 2521 3566 2590 sufﬁ-

2555 2610 2638 2654 tus
2659 2599 2946 2669 signiﬁcat.

2057 2699 2262 2770 Deinde
2294 2697 2570 2768 profertur
2600 2695 2812 2763 lampas
2845 2699 2899 2746 et
2929 2689 3261 2761 cllychninm
3291 2697 3346 2741 et
3380 2689 3565 2740 lumen

1985 2804 2207 2867 propter
2252 2787 2581 2846 sacriﬁcium
2636 2801 2731 2855 per
2780 2784 2961 2837 oleum
3000 2798 3014 2833 :
3065 2779 3346 2850 quoniam,
3402 2783 3461 2829 ut
3489 2776 3568 2828 ait

1985 2884 2404 2945 dilectissimus,
2433 2881 2659 2936 lucerna
2690 2875 2894 2932 Christi
2926 2883 3012 2928 est
3043 2871 3311 2936 Ecclesia,
3347 2875 3402 2922 et
3429 2871 3571 2922 lam-

1985 2994 2086 3051 pas
2107 2988 2193 3034 est
2221 2978 2370 3033 illius
2391 2986 2556 3046 typus
2579 2972 2738 3042 legis.
2755 2979 2810 3024 et
2839 2968 3040 3022 divinae
3063 2962 3452 3018 misericordia:
3473 2974 3571 3028 per
3640 2999 3647 3008 .

1987 3071 2167 3125 oleum
2201 3068 2543 3140 signiﬁcatur
2585 3061 3039 3118 communicatio.
3083 3056 3226 3112 sicut
3275 3062 3330 3109 et
3372 3051 3572 3106 divinae

316 3182 479 3251 ρηγία
516 3179 602 3234 διὰ
633 3178 726 3233 τοῦ
767 3146 1144 3247 ἀηναπτομένου
1171 3176 1371 3242 φωτός.
1403 3146 1513 3225 Καλ.
1544 3172 1639 3224 ἐπὶ
1670 3146 1881 3234 τούτοις

1994 3162 2410 3218 illuminationis
2450 3161 2646 3214 ductus
2675 3172 2771 3227 per
2803 3167 3095 3209 accensum
3153 3150 3360 3203 lumen.
3396 3146 3461 3200 Et
3489 3146 3571 3198 itt-

307 3273 561 3341 θυμίαμα
602 3272 690 3326 διὰ
734 3271 826 3323 τοῦ
856 3268 1160 3339 ἀρχιερέως
1210 3267 1268 3318 ὲν
1297 3267 1411 3334 ,ὅλῳ
1452 3264 1531 3335 τῷ
1586 3264 1716 3332 θείῳ
1748 3261 1886 3333 οἴκῳ

306 3360 393 3413 διὰ
420 3360 518 3432 τὴν
572 3361 681 3415 ἀπὸ
715 3359 811 3414 τοῦ
842 3358 1078 3430 οὐρανοῦ
1126 3357 1286 3428 χάριν
1316 3357 1374 3409 ὲν
1419 3354 1645 3424 Χριστῷ
1678 3355 1736 3408 ἐν
1785 3354 1886 3428 ὅλῃ

307 3454 372 3520 τῇ
405 3452 721 3522 οἰκουμένῃ.

869 3565 1121 3621 ΚΕΦΑΛ.
1169 3564 1310 3619 ΡῙΔ’.

503 3658 667 3712 Atat!
693 3657 844 3713 ὅλον
873 3657 982 3712 τὸν
1007 3653 1179 3713 οἷκον·
1207 3657 1363 3730 χρίει
1392 3651 1475 3725 τῷ
1499 3655 1688 3726 μύρῳ.

376 3810 509 3868 Εἶτα
547 3813 762 3869 καὶτοῦ
793 3813 968 3884 μύρου
1001 3814 1182 3884 χρίσις
1203 3812 1427 3868 ὄπισθεν
1457 3810 1551 3868 τού
1579 3812 1886 3882 θυμιῶντος

306 3906 602 3976 ἀρχιερέως
637 3905 769 3975 παρ’
801 3905 1104 3976 ἀρχιερέως
1155 3904 1344 3975 ἐτέρου
1387 3904 1547 3975 120
1583 3904 1612 3974 ἢ
1667 3903 1880 3974 ἱερέως,

310 3999 389 4052 ὅτι
419 3998 580 4059 αύτδς
612 3997 715 4067 μὲν
743 3996 838 4052 τοῦ
873 3997 1046 4069 μύρου
1082 3996 1368 4068 ἐνήρξατο,
1403 4001 1497 4051 καὶ
1532 3995 1590 4050 τὸ
1621 3997 1765 4064 ἱερὸν
1795 3997 1887 4049 θυ-

310 4092 627 4158 σιαστήριον
659 4087 966 4157 καθηγίασε
995 4104 1008 4118 ·
1041 4089 1134 4141 καὶ
1157 4088 1245 4141 διὰ
1270 4085 1364 4140 τοῦ
1393 4087 1738 4157 θυμιάματος
1765 4089 1887 4143 ὅλον

309 4183 589 4248 εὖωδιάζει
613 4184 706 4236 τὸν
727 4176 896 4238 οἶκον.
921 4181 995 4236 Τὸ
1024 4181 1196 4252 μύρον
1217 4181 1272 4235 δὲ
1302 4180 1503 4235 τελειοῖ
1529 4182 1605 4244 ὡς
1629 4183 1687 4248 ἐξ
1711 4183 1890 4251 ἀπαρ-

311 4276 413 4344 χῆς
454 4277 556 4344 τῆς
603 4275 758 4348 ἱερᾶς
789 4274 1072 4344 τραπέζης
1117 4275 1214 4328 καὶ⁷
1247 4275 1369 4328 ὅλον
1397 4273 1486 4327 τὸν
1537 4269 1709 4339 οἷκον,
1745 4273 1888 4328 καθὰ

309 4366 374 4437 δὴ
406 4367 500 4420 καὶ
550 4367 638 4420 διὰ
685 4366 777 4419 τοῦ
833 4367 1269 4436 προσλήμματος
1315 4364 1414 4435 τῆς
1462 4366 1666 4435 σαρκὸς
1699 4367 1888 4418 πᾶσαν

310 4457 466 4526 ἡμῶν
492 4457 591 4527 τὴν
621 4457 782 4526 φύσιν
829 4460 894 4526 τῇ
939 4457 1061 4526 θείᾳ
1100 4459 1307 4529 χάριτι,
1356 4455 1425 4527 ἢν
1455 4454 1679 4509 ὄπισθεν
1715 4453 1884 4508 αὐτοῦ

1993 3272 2160 3327 super
2181 3257 2462 3310 incensum
2497 3266 2593 3321 per
2618 3247 2924 3318 pontiﬁcem
2957 3245 3012 3297 in
3043 3249 3152 3296 tota
3185 3239 3368 3294 divina
3399 3238 3574 3323 domo

1989 3348 2286 3420 spargitur,
2344 3354 2566 3414 propter
2617 3339 2848 3410 gratiam
2905 3332 3123 3405 qundo
3177 3331 3317 3386 caelo
3349 3332 3403 3384 iu
3437 3327 3562 3384 uni-

1989 3457 2145 3499 versa
2174 3449 2318 3496 terra
2344 3453 2439 3509 per
2479 3437 2758 3491 Christum
2791 3434 3041 3490 habetur.

2524 3548 2753 3604 CAPUT
2855 3547 3041 3604 CXIV.

2066 3648 2244 3714 Quare
2272 3653 2440 3699 totam
2495 3643 2661 3714 (edent
2701 3649 2967 3714 unguento
3003 3636 3216 3706 perlinit
3279 3635 3572 3705 (episcopus

2584 3711 2662 3766 vel
2687 3709 2982 3779 sacerdos).

2067 3809 2273 3866 Deinde
2299 3807 2434 3878 myri
2469 3803 2716 3860 inunctio
2747 3809 2871 3872 post
2915 3798 3316 3853 thurillcantem
3355 3794 3572 3862 pontiﬁ-

1992 3917 2110 3958 cem
2146 3901 2205 3956 lit
2242 3901 2310 3955 ab
2350 3895 2456 3952 alio
2513 3895 2768 3966 pontifice
2806 3894 2888 3948 vel
2945 3895 3254 3953 sacerdote,
3311 3889 3571 3958 quoniam

1991 3996 2109 4066 ipse
2141 3993 2279 4065 myri
2329 3991 2602 4062 primitias
2651 3987 2849 4042 obtulit
2883 3994 2939 4040 et
2967 3997 3186 4040 sacrum
3240 3980 3414 4036 altare
3440 3994 3575 4034 con-

1992 4088 2282 4153 secravit;
2352 4091 2409 4141 et
2486 4097 2582 4153 per
2635 4077 3096 4134 thuriﬁcationem
3181 4085 3350 4130 totam
3405 4071 3575 4126 odore

1992 4182 2144 4236 suavi
2180 4179 2404 4234 domum
2433 4172 2638 4244 implet.
2671 4173 2890 4244 Myrrha
2950 4179 3131 4224 autem
3187 4165 3400 4236 perlicit
3425 4163 3573 4217 velut

1992 4289 2058 4328 ex
2097 4269 2405 4326 initiatione
2448 4281 2618 4322 sacra:
2669 4279 2872 4320 mensa:
2921 4270 3088 4315 totum
3154 4258 3400 4320 donutm,
3434 4268 3574 4324 qua-

1993 4376 2151 4420 tenus
2183 4377 2281 4433 per
2321 4361 2506 4414 carnis
2540 4356 2940 4428 susceptionem
2977 4363 3142 4407 totam
3184 4359 3436 4404 naturam
3477 4360 3579 4399 no-

2000 4467 2172 4514 stram
2206 4441 2390 4510 divina
2446 4452 2702 4506 Christus
2749 4447 2975 4519 perfecit
3015 4447 3210 4517 gratia,
3243 4458 3403 4513 quam
3457 4449 3581 4510 post

310 4548 451 4600 κατὰ
479 4547 710 4619 μετοχὴν
741 4547 996 4607 λαϐόντες
1031 4547 1196 4600 παντὶ
1231 4546 1308 4616 τῷ
1343 4548 1534 4614 κόσμῳ
1568 4543 1884 4614 μετέδωκαν

2007 4549 2188 4620 ipsum
2237 4561 2334 4619 per
2386 4543 2864 4616 participationem
2918 4538 3246 4608 accipientes
3321 4535 3577 4588 universo

310 4639 359 4690 οί
401 4639 710 4694 ἀπόστολοι.
765 4638 922 4693 Οὕτω
957 4639 1232 4707 θυμιάσας
1284 4638 1458 4691 πάντα
1489 4638 1581 4690 τὸν
1613 4633 1760 4690 οἷκον
1793 4637 1888 4690 καὶ

312 4731 569 4797 ἁγιάσας,
603 4731 698 4784 κάκ
727 4732 754 4783 ὁ
789 4731 1128 4801 ἐφεπόμενος
1159 4731 1443 4801 προτροπῇ
1474 4729 1669 4783 τούτου
1691 4730 1891 4800 χρίσας

311 4817 390 4886 τῷ
442 4820 597 4889 μύρῳ
649 4821 770 4872 ὅλον
809 4819 900 4872 τὸν
954 4814 1124 4882 οἷκον,
1187 4821 1268 4878 είς
1317 4817 1417 4886 τὴν
1480 4817 1634 4886 ἱερὰν
1686 4819 1889 4870 ὲπανα·

311 4909 557 4979 κάμπτει
586 4912 614 4963 ὁ
645 4910 941 4980 ἂρχιερεὺς
975 4909 1274 4979 τράπεζαν,
1306 4908 1505 4981 δηλῶν,
1541 4910 1623 4962 ὅτι
1657 4909 1892 4978 ἄναρχός

310 5002 428 5054 ἔστι
461 5003 556 5053 καὶ
605 5001 963 5070 ἀτελεύτητος
999 5003 1026 5053 ὁ
1073 5001 1232 5066 Θεὸς,
1273 5003 1365 5054 καὶ
1420 5000 1562 5072 ἀρχὴ
1609 5002 1719 5053 τῶν
1753 5002 1890 5054 ὅλων

313 5094 622 5161 γινόμενος,
669 5095 769 5147 καὶ
813 5095 963 5157 τέλος
998 5093 1219 5148 πάντων
1265 5093 1392 5146 ἐστί.
1455 5095 1762 5158 Τελειώσας
1797 5090 1891 5148 οὗν

309 5186 398 5241 διὰ
425 5187 520 5241 τοῦ
547 5187 938 5260 θυσιαστηρίου
967 5191 1060 5242 τὸν
1090 5187 1262 5253 οἷκον,
1298 5189 1464 5243 πάλιν
1497 5190 1571 5254 ὡς
1603 5193 1682 5253 εἰς
1716 5191 1892 5261 ἀρχὴν

311 5279 449 5348 πρὸς
489 5277 550 5332 τὸ
584 5279 976 5351 θυσιαστήριον
1013 5281 1256 5355 ἔρχεται.
1299 5282 1412 5336 Καὶ
1446 5282 1680 5344 ἀποδοὺς
1707 5282 1766 5336 τὸ
1798 5281 1891 5348 Ou-

315 5367 606 5436 μιατήριον
633 5371 724 5420 καὶ
751 5369 1073 5438 νιψάμενος,
1102 5369 1325 5441 εὔχεται
1354 5371 1586 5424 ἐνώπιον
1613 5375 1706 5439 τῆς
1737 5372 1890 5442 ίερᾶς

309 5458 609 5529 τραπέζης,
671 5461 868 5529 λέγων,
912 5481 930 5515 ι
983 5467 1153 5534 Κύριε
1209 5464 1302 5518 τοῦ
1357 5466 1590 5536 ούρανοῦ
1644 5467 1738 5518 καὶ
1793 5469 1892 5536 τῆς

311 5551 435 5621 γῆς.
480 5570 498 5603 ι
535 5556 628 5608 και
653 5556 754 5608 ὅσα
783 5557 815 5625 ή
844 5556 978 5627 εὐχὴ
1008 5557 1274 5630 περιέχει,
1314 5557 1399 5611 ενα
1430 5559 1696 5630 πληρωθῇ
1730 5557 1890 5624 δόξης

311 5644 405 5734 καί
439 5645 717 5718 ἀγιασμοῦ
747 5649 847 5703 καὶ
879 5652 1099 5722 χάριτος
1135 5655 1200 5722 τῇ
1235 5655 1585 5724 ἐπιφοιτήσει
1615 5654 1708 5706 τού
1745 5655 1890 5707 θείου

313 5738 631 5806 Πνεύματος
655 5743 682 5793 ὁ
709 5740 856 5806 ναὸς,
880 5744 974 5795 καὶ
1000 5743 1057 5795 τδ
1087 5744 1145 5795 ὲν
1169 5744 1317 5814 αὑτῷ
1341 5743 1730 5818 θυσιαστήρῖον
1764 5748 1894 5817 σκή-

313 5846 470 5898 νωμα
502 5829 644 5886 θεῖον
678 5836 771 5889 καὶ
804 5835 990 5905 θρόνος
1024 5835 1182 5905 ῖόξης
1213 5836 1462 5906 γένηται,
1492 5840 1584 5891 καὶ
1628 5839 1766 5892 ὥστε
1796 5839 1893 5904 τὰς

699 6071 723 6118 I/

1996 4642 2202 4696 mutulo
2251 4637 2796 4694 communicaverunt
2854 4634 3107 4704 apostoli.
3162 4631 3454 4699 Postquam
3505 4627 3576 4681 ita

1994 4740 2164 4785 totam
2194 4727 2526 4784 thuriﬁcavit
2547 4729 2768 4782 domum
2797 4740 2861 4779 ac
2884 4720 3266 4784 sanctiﬁcavit,
3291 4730 3343 4772 et
3367 4716 3455 4771 ille
3484 4715 3574 4784 qui

1994 4825 2238 4895 sequitur
2302 4822 2422 4894 ejus
2453 4820 2678 4890 vestigia
2715 4819 2934 4894 myrrha
2967 4826 3136 4871 totam
3172 4816 3392 4870 domum
3419 4811 3577 4865 inun-

1994 4918 2094 4980 xit,
2133 4916 2196 4969 ad
2235 4929 2456 4969 sacram
2498 4927 2742 4966 mensam
2781 4911 2918 4964 redit
2956 4908 3196 4977 pontifex
3229 4951 3244 4973 ,
3281 4903 3577 4962 ostendens

1995 5010 2139 5080 quod
2186 5007 2306 5062 sine
2338 5007 2606 5076 principio
2638 5005 2866 5073 sineque
2915 5002 3020 5054 ﬁne
3064 5001 3202 5055 Deus
3229 5009 3332 5063 est,
3370 5009 3421 5053 et
3451 5013 3575 5052 cum

1995 5101 2065 5156 sit
2098 5101 2346 5153 omnium
2384 5095 2735 5164 principium,
2795 5093 2917 5146 linis
2961 5092 3125 5145 etiam
3168 5092 3415 5144 omnium
3471 5099 3580 5146 est.

1994 5192 2128 5246 Cum
2164 5189 2328 5258 igitur
2365 5204 2459 5259 per
2480 5193 2653 5240 altare
2684 5186 2902 5238 dontum
2936 5184 3189 5254 perfecit,
3234 5199 3424 5239 rursus
3460 5195 3586 5238 tau-

1995 5297 2159 5353 quam
2195 5280 2350 5335 iuitio
2387 5279 2453 5332 ad
2495 5277 2667 5332 altare
2697 5275 2844 5329 venit
2879 5293 2892 5330 :
2926 5285 2999 5340 et,
3023 5275 3235 5330 reddito
3277 5273 3587 5339 thuribulo,

1997 5381 2206 5432 lavatus
2237 5387 2422 5428 coram
2468 5386 2625 5426 sacra
2679 5385 2867 5425 mensa
2931 5370 3282 5440 deprecatur,
3341 5370 3576 5426 dicens:

2002 5489 2021 5521 ι
2067 5466 2291 5521 Domine
2320 5463 2447 5520 coeli
2479 5473 2534 5516 et
2567 5474 2746 5528 terrae,
2777 5481 2794 5514 ι
2826 5472 2878 5516 et
2906 5462 3012 5516 alia
3049 5478 3392 5533 quaecunque
3425 5477 3580 5516 coru-

1997 5560 2251 5633 plcctitur
2291 5560 2491 5626 oratio,
2521 5566 2579 5611 ut
2623 5558 2790 5612 divini
2822 5557 3062 5628 Spiritus
3095 5559 3407 5629 praesentia,
3435 5565 3578 5611 tem-

1997 5653 2146 5725 plum
2183 5651 2378 5722 gloria,
2439 5650 2812 5706 sanctitudine
2865 5662 2918 5706 et
2955 5652 3129 5722 gratia
3181 5651 3500 5721 repleatur,
3525 5660 3580 5705 et

1999 5748 2220 5820 quodin
2252 5749 2370 5816 ipso
2397 5757 2484 5803 est
2513 5748 2705 5810 altare,
2761 5748 3007 5802 divinum
3063 5748 3485 5803 tabernaculum
3519 5759 3574 5804 et

2000 5840 2231 5894 thronus
2265 5838 2451 5909 gloria:
2488 5838 2578 5893 ﬁat
2620 5854 2635 5905 ;
2682 5839 2749 5893 ita
2795 5851 2852 5893 ut
2879 5839 3155 5896 orationes
3187 5840 3238 5894 in
3284 5839 3403 5910 ipso
3445 5857 3574 5913 pro-
