4038 6490
457 392 560 454 31')

1322 389 1700 449 SYMEUNIS
1725 389 2477 451 THESSALONICENSIS
2514 393 2554 449 Α
2566 388 2867 450 RCHIEP.

3626 389 3728 449 32.0

459 505 602 567 latae,
641 505 708 560 ad
755 508 926 563 altare
961 506 1054 561 Dei
1106 505 1328 561 cmlcste
1380 518 1600 561 sursum
1655 503 1925 560 ferantur.
1979 503 2074 559 Et,

2158 505 2605 576 προσφερομένας
2641 505 2701 557 ὲν
2737 502 2889 570 αὐτῷ
2914 502 3129 573 δεήσεις
3161 503 3534 574 ἀναφέρεσθαι
3566 504 3643 564 εἰς
3675 504 3731 557 τδ

456 606 745 664 postquam
768 598 874 654 alta
897 612 1040 652 voce'
1066 597 1234 652 Deum
1259 598 1464 665 hymno
1498 597 1818 661 celebravit,
1854 610 2042 666 pacem

457 688 717 743 omnibus
743 704 771 741 a
803 687 915 743 Deo
945 689 1134 756 gratiae
1185 687 1342 742 dicit.
1373 687 1441 742 Et
1480 688 1698 741 cunctis
1747 695 1912 753 caput
1967 686 2047 740 in-

459 778 816 846 clinantibus,
861 781 1024 834 aliam
1057 780 1390 845 orationem,
1445 794 1567 848 qua
1601 788 1684 834 est
1736 780 1927 833 ultima
1977 776 2046 833 de

460 872 899 937 consecratione,
927 873 1005 926 ait
1039 889 1054 926 :
1095 893 1115 924 ι
1169 872 1385 928 Gratias
1439 871 1653 942 agimus
1689 870 1807 936 tibi,
1860 869 2046 924 Domi-

461 974 551 1022 ne,
598 979 617 1012 ι
671 970 725 1015 et
771 970 968 1016 caztera
1021 977 1144 1018 cum
1197 961 1506 1016 humilitate
1555 961 1743 1015 dicens
1773 1001 1787 1024 ,
1853 977 1872 1010 ι
1910 972 2048 1028 quo-

459 1052 779 1107 niam‘hanc
798 1068 959 1123 quam
993 1054 1180 1122 ipsein
1211 1053 1490 1122 apostolos
1520 1051 1768 1106 infudisti
1790 1051 2042 1122 gratiam,

459 1150 514 1196 et
536 1157 703 1212 super
741 1159 840 1198 nos
872 1153 1188 1214 peccatores
1240 1142 1512 1199 inludisti.
1546 1143 1671 1199 Ideo
1698 1153 1756 1198 te
1783 1143 2046 1212 depreca-

459 1249 605 1297 mur,
657 1235 807 1304 reple
851 1237 1024 1304 gratia
1053 1246 1204 1290 tuum
1272 1234 1379 1289 hoc
1408 1236 1622 1300 altare,
1685 1243 1745 1288 ut
1809 1235 1865 1288 in
1923 1235 2046 1304 ipso

457 1325 653 1382 oblatae
731 1328 928 1384 hostia:
993 1336 1432 1384 transmutentur
1508 1329 1565 1383 in
1633 1327 2043 1382 sanctissimum

457 1427 659 1488 corpus
690 1431 742 1476 et
781 1423 1101 1492 sanguinem
1125 1421 1249 1476 Filii
1284 1422 1362 1476 tui
1389 1421 1654 1491 unigeniti
1674 1461 1689 1485 ,
1723 1420 1790 1474 ad
1815 1419 2044 1474 salutem

461 1512 700 1567 universi
723 1515 934 1582 mundi,
967 1529 1178 1570 necnon
1228 1514 1574 1584 indignitatis
1615 1521 1815 1568 nostrae
1853 1531 1867 1579 ;
1929 1530 1948 1564 ι
1991 1519 2048 1567 et

461 1611 749 1671 postquam
781 1619 914 1660 voce
945 1621 1139 1675 magna
1170 1607 1494 1675 deprecatus
1523 1614 1628 1670 est,
1657 1607 1864 1676 gratias
1913 1607 2044 1677 agit.

464 1694 528 1747 Et
565 1695 820 1762 lampade
845 1697 1080 1768 propriis
1117 1699 1370 1754 manibus
1425 1715 1523 1770 per
1579 1700 1759 1755 oleum
1811 1717 2046 1758 accensa

462 1783 700 1853 desuper
738 1803 769 1841 e
801 1804 958 1843 sacra
998 1805 1186 1846 mensa
1240 1794 1395 1862 ponit
1439 1795 1492 1848 in
1546 1795 1707 1851 istius
1751 1797 2038 1862 honorem,

463 1876 722 1940 quoniam
759 1879 929 1935 altare
959 1882 1162 1938 Christi
1195 1884 1338 1940 facta
1369 1891 1474 1954 est”,
1512 1897 1588 1954 et,
1619 1890 1761 1943 sicut
1783 1889 2040 1954 diximus,

461 1963 668 2021 Christi
702 1967 899 2036 ﬁgurat
930 1972 1252 2039 Ecclesiam,
1276 1975 1482 2031 lumine
1519 1978 1708 2049 gratiae
1726 1978 2041 2050 fulgentem,

467 2066 522 2110 et
557 2057 661 2114 hoc
691 2061 874 2117 lumen
911 2065 1208 2120 adductum
1237 2069 1442 2124 mundo
1476 2069 1788 2139 prmferens.

1038 2266 1270 2322 CAPUT
1317 2235 1526 2324 cxv.'

470 2353 626 2421 Quod
655 2366 773 2426 post
802 2359 1265 2426 inaugurationem
1289 2364 1564 2431 episcopus
1594 2368 1741 2421 exuit
1771 2368 2047 2422 sindonem

783 2442 830 2482 et
869 2431 1121 2498 reliquias
1148 2443 1454 2486 sanctorum
1489 2440 1713 2504 reponit.

473 2571 476 2574 .
539 2518 596 2574 Si
627 2536 695 2574 ne
731 2520 896 2592 igitur
929 2526 1149 2594 quidem
1183 2535 1365 2595 potest
1398 2533 1868 2590 consecrationem
1920 2549 2037 2605 per-

467 2611 651 2678 ﬁcere,
682 2630 838 2670 sacra
861 2628 1058 2674 exutus
1103 2621 1264 2687 stola,
1333 2623 1467 2689 abit,
1502 2636 1556 2681 et
1615 2642 1755 2697 opus
1799 2630 2042 2685 crastina

467 2704 554 2757 die
581 2705 794 2776 perlicit
826 2724 842 2774 ;
878 2711 1013 2766 alias
1062 2723 1265 2777 autem,
1297 2719 1472 2771 solam
1517 2719 1744 2787 eiiciens
1790 2721 2047 2786 sindona,

2147 601 2244 654 τοῦ
2300 601 2439 654 Θεοῦ
2493 597 2817 666 ἐπουράνιον
2859 595 3272 665 θυσιαστήριον.
3318 597 3432 649 Καὶ
3479 597 3731 663 ὲκφὼνως

2146 692 2240 745 τὸν
2273 691 2407 744 Θεὸν
2451 691 2794 760 ἀνυμνήσας,
2827 689 3053 759 είρήνην
3112 688 3285 742 istast
3316 688 3472 755 λέγει
3501 687 3609 740 ἀπὸ
3636 687 3732 756 τῆς

2146 785 2242 840 τοῦ
2270 784 2408 839 Θεοῦ
2438 785 2682 854 χάριτος.
2718 783 2828 836 Καὶ
2862 782 3162 836 κλινάντων
3187 781 3408 834 πάντων
3439 781 3540 844 τὰς
3566 799 3732 850 κεφα-

2145 867 2266 946 λὰς,
2304 878 2468 948 εὐχὴν
2516 873 2723 946 ἑτέραν
2750 874 2850 945 τὴν
2882 876 2978 929 καὶ
3025 872 3346 927 τελευταίαν
3394 872 3491 925 ἐπὶ
3537 873 3602 942 τῇ
3635 890 3731 924 κα-
3787 855 3792 860 ’

2149 969 2401 1040 θιερώσει
2435 969 2601 1038 φησίν
2624 985 2639 1000 ο
2675 986 2695 1019 ι
2728 965 3178 1036 Εὑχαριστοῦμέν
3223 983 3329 1026 σοι.
3363 965 3562 1032 Κύριε,
3591 982 3610 1016 ι
3645 968 3733 1019 καὶ

2146 1063 2215 1118 τὰ
2243 1061 2408 1115 λοιπὰ
2440 1061 2617 1129 λέγων
2648 1061 2708 1113 έν
2731 1059 3086 1125 ταπεινώσει,
3124 1077 3142 1110 ι
3177 1059 3259 1112 ὄτι
3288 1058 3360 1128 ἦν
3392 1057 3616 1126 ἐξέχεας
3635 1057 3732 1128 χά-

2151 1173 2236 1226 ριν
2263 1155 2356 1208 ἒπὶ
2381 1156 2494 1217 τοῖς
2527 1154 2871 1218 ἀποστόλοις,
2905 1153 3000 1207 καὶ
3042 1153 3130 1220 ἐφ’
3169 1153 3302 1222 ἡμῖν
3331 1153 3450 1214 τοῖς
3481 1151 3733 1220 ἀμαρτω-

2147 1248 2261 1310 λοτς
2304 1247 2550 1317 ἐξέχεας.
2605 1247 2696 1300 Διδ
2728 1247 2963 1316 δεόμεθά
3009 1263 3127 1310 σου,
3163 1246 3463 1316 πλήρωσον
3513 1228 3734 1313 ἀάριτος

2147 1338 2209 1392 τί.
2239 1338 2629 1408 θυσιαστήριόν
2661 1357 2754 1392 σου
2785 1340 2964 1402 τοῦτο,
3005 1340 3147 1393 ὥστε
3175 1339 3274 1401 τὰς
3300 1339 3358 1390 ἐν
3385 1336 3538 1405 αὐτῷ
3565 1352 3730 1404 προσ-

2150 1430 2463 1500 φερομένας
2515 1432 2713 1495 θυσίας
2767 1431 3184 1502 μεταποιεῖσθαι
3219 1432 3302 1494 είς
3354 1431 3418 1482 τὸ
3473 1430 3734 1494 πανάγιον

2149 1522 2311 1592 σῶμα
2354 1524 2448 1578 καὶ
2485 1520 2627 1595 αἷμα
2655 1524 2752 1578 τοῦ
2787 1524 3112 1595 μονογενοῦς
3147 1541 3243 1578 σου
3277 1521 3434 1588 Υίοῦ,
3475 1522 3608 1589 προς
3634 1538 3731 1574 σω-

2147 1617 2347 1688 τηρίαν
2377 1616 2474 1671 τοῦ
2510 1618 2722 1688 κόσμου
2759 1617 2983 1683 παντὸς,
3011 1618 3107 1672 καὶ
3136 1617 3233 1687 τῆς
3259 1616 3426 1688 ἡμῶν
3458 1614 3731 1681 ἀναξιότη-

2149 1727 2258 1775 τος,
2295 1728 2313 1762 ›
2343 1711 2439 1764 καὶ
2467 1710 2794 1777 ὲκφωνήσας
2815 1710 3152 1779 εὐχαριστεῖ.
3180 1709 3426 1777 Λυχνίαν
3446 1725 3504 1760 τε
3528 1705 3730 1774 ἀνάψας

2149 1803 2271 1866 ταῖς
2304 1803 2463 1873 χερσὶ
2513 1801 2583 1856 δι’
2618 1787 2829 1868 ἐλαίου,
2859 1801 2966 1871 τῆς
3013 1803 3164 1872 ἱερᾶς
3215 1801 3428 1854 ἄνωθεν
3458 1797 3731 1869 τραπέζης

2151 1896 2231 1958 είς
2260 1896 2428 1964 τιμὴν
2457 1894 2633 1964 αὐτῆς
2656 1893 2893 1964 τίθησιν,
2925 1893 3052 1947 ἐπεὶ
3076 1893 3476 1962 θυσιαστήριον
3502 1888 3729 1960 Χριστοῦ

2149 1988 2364 2056 γέγονε,
2398 1987 2493 2041 καὶ
2521 1989 2605 2041 ὅτι
2651 1987 2752 2057 τὴν
2795 1987 3132 2056 Ἐκκλησίαν
3183 1986 3445 2050 είκονίζει
3480 1983 3730 2055 Χριστοῦ,

2151 2081 2228 2144 ὡς
2277 2081 2604 2151 είρὴκαμεν,
2639 2080 2742 2150 τῷί
2772 2080 2916 2150 φωτὶ
2951 2081 3050 2150 τῆς
3109 2081 3343 2149 χάριτος
3392 2079 3730 2150 λάμπουσαν,

2152 2176 2244 2229 καὶ
2276 2172 2437 2227 τοῦτο
2464 2173 2526 2226 τὸ
2558 2173 2675 2244 φῶς
2702 2175 3048 2243 χορηγοῦσαν
3089 2173 3170 2242 τῷ
3201 2173 3423 2245 κόσμῳ.

2721 2289 2978 2344 ΚΕΦΑΛ.
3027 2288 3090 2343 Pl
3100 2289 3174 2343 E’.

2154 2384 2284 2437 Ὅτι
2313 2383 2463 2450 μετὰ
2489 2383 2606 2447 τὴν
2631 2383 2990 2449 καθιέρωσιν
3017 2382 3304 2436 ἐκϐάλλει
3351 2379 3470 2446 τὴν
3493 2378 3733 2434 σινδόνα

2224 2457 2258 2508 ό
2289 2454 2630 2522 ἀρχιερεὺς,
2668 2453 2767 2507 καί
2819 2453 2889 2508 τὰ
2924 2453 3192 2521 λείψανα
3244 2452 3663 2518 κατατίθησιν.

2225 2549 2398 2618 Εἴπερ
2425 2543 2521 2603 οὖν
2553 2546 2833 2609 ἀδυνάτως
2865 2547 2976 2618 ἔχει
3010 2545 3302 2599 τελειῶσαι
3338 2547 3408 2599 τὰ
3434 2543 3534 2614 τῆς
3564 2540 3735 2596 καθιε-

2134 2641 2400 2712 ρώσεως,
2446 2641 2862 2710 ἀποδυσάμενος
2914 2639 2983 2692 τὰ
3029 2638 3134 2706 τῆς
3182 2639 3347 2709 ἱερᾶς
3400 2638 3610 2703 στολῆς,
3645 2650 3736 2686 πο-

2155 2735 2396 2805 ρεύεται,
2459 2737 2555 2788 καὶ
2604 2733 2664 2786 τὸ
2714 2733 2877 2804 ἔργον
2909 2734 2977 2804 τῇ
3032 2731 3296 2801 ἐπαύριον
3345 2731 3576 2786 τελειοίο
3608 2730 3653 2782 εί
3694 2723 3735 2780 δ’

466 2800 1181 2898 (ιιιοη-ῖξιιη-.ιιιθηιιιιιθηιιιηι
1218 2807 1423 2864 chris”
1469 2811 1719 2881 Ρθΐίεοίι,
1772 2816 2046 2870 (211111501³
2151 2800 2397 2894 οῦν,τὴν
2451 2823 2668 2878 σινδόνα
2725 2800 2895 2894 μόνην
2947 2800 3222 2898 έκσαλὼν,
3265 2821 3405 2876 ἐπεὶ
3449 2821 3511 2876 τὸ
3563 2821 3736 2890 μνῆμα.

468 2891 772 2955 pontificali
805 2897 965 2960 stola,
994 2899 1202 2969 reliqua
1235 2910 1516 2970 operatur,
1564 2905 1821 2972 reliquias
1877 2905 2049 2977 depo-

468 2981 881 3049 nit,januarum
908 2999 1220 3058 aperturam
1247 2993 1394 3062 facit,
1441 3003 1496 3050 et
1536 3010 1752 3051 sacrum
1793 2998 2054 3068 adimplet

470 3075 826 3143 sacriﬁcium,
857 3082 1113 3150 quoniam
1144 3085 1320 3154 ipsum
1351 3097 1436 3142 est
1475 3087 1783 3143 divinorum
1804 3091 2049 3144 omnium

469 3173 887 3228 consummatio.

1034 3377 1262 3435 CAPUT
1289 3379 1471 3434 CXVI.

509 3463 688 3538 Quare
721 3472 952 3542 reliquias
989 3484 1288 3546 martyrum
1327 3475 1421 3530 sub
1459 3475 1622 3530 altari
1657 3477 2016 3544 deponantur.

543 3654 604 3709 In
634 3664 881 3710 sanctum
940 3653 1109 3724 igitur
1136 3664 1292 3710 vetus
1346 3660 1608 3732 templum
1660 3675 1915 3717 reversus
1963 3665 2057 3721 ubi

477 3748 740 3817 reliquias
792 3747 1148 3816 deposuerat,
1212 3750 1538 3819 duabusque
1583 3753 1909 3822 deprecatus
1934 3772 2060 3813 ora-

478 3841 741 3908 tionibus,
787 3838 897 3895 Dco
933 3842 1140 3911 gratias
1182 3844 1641 3910 exprimentihus,
1691 3859 1914 3918 propter
1960 3853 2059 3906 do-

478 3950 607 3988 num
647 3933 1000 4004 reliquiarum
1054 3945 1376 4003 martyrum,
1406 3954 1502 3994 eas
1533 3955 1698 4009 super
1745 3953 1908 4012 caput
1964 3960 2059 4015 ge-

478 4034 608 4082 stat.
640 4026 855 4082 Etcum
901 4026 1133 4093 venerit,
1173 4027 1395 4098 deponit
1447 4046 1542 4086 eas
1592 4049 1659 4086 ex
1721 4049 1914 4090 more:
1954 4052 2062 4092 non

480 4121 626 4175 enim
659 4119 743 4174 fas
783 4129 869 4174 est
900 4121 1108 4189 absque
1133 4131 1435 4192 martyrum
1494 4123 1745 4194 reliquiis
1803 4127 1886 4182 vel
1921 4129 2064 4184 ossi-

480 4211 583 4264 hus
628 4209 803 4265 sacris
843 4211 1058 4279 operari
1090 4212 1583 4280 consecrationem,
1623 4216 1886 4284 quoniam
1922 4236 2064 4274 mar-

481 4311 627 4373 tyres
655 4301 909 4356 Ecclesia:
971 4300 1322 4357 fundamenta
1370 4295 1500 4358 sunt
1545 4321 1710 4375 super
1753 4308 2052 4368 Salvatoris

483 4395 840 4451 fundamento
871 4392 1160 4448 azdiﬁcata.
1193 4393 1421 4465 Oportet
1451 4397 1615 4451 etiam
1657 4398 1777 4456 illas
1802 4403 1906 4457 sub
1931 4403 2074 4460 alta?

484 4491 527 4543 ri
569 4501 715 4552 esse,
749 4485 1008 4556 quoniam
1055 4485 1201 4540 istud
1239 4495 1324 4540 est
1355 4486 1636 4555 Ecclesia;
1689 4493 1949 4560 quoniam
2007 4504 2063 4551 et

2154 2915 2395 2988 Χριστοῦ
2426 2916 2768 2978 τετελείωκε,
2805 2919 2946 2982 μετᾶ
2987 2917 3156 2988 μόνης
3206 2917 3306 2987 τῆς
3359 2912 3737 2986 ἀρχιερατικῆς

2158 3009 2353 3076 στολῆς
2381 3010 2477 3063 καὶ
2502 3008 2774 3062 τὰ¹λοιπά
2806 3009 3091 3079 διενεργεῖ,
3144 3009 3238 3062 καὶ
3281 3026 3310 3061 τ
3336 3009 3369 3062 ὰ
3402 3007 3623 3076 λείψανα
3649 3021 3736 3057 κα-

2156 3101 2436 3173 τατίθησι,
2482 3104 2582 3173 τὴν
2613 3103 2818 3170 ἄνοιξίν
2863 3120 2924 3156 τε
2961 3106 3198 3156 ποιεῖται
3239 3102 3358 3155 τῶν
3404 3100 3602 3161 πυλῶν,
3648 3095 3728 3148 καὶ

2087 3203 2130 3259 c
2164 3194 2234 3246 τὰ
2265 3194 2363 3262 τῆς
2398 3193 2712 3263 ἱερουργίας
2746 3195 2979 3260 ὲκτελεῖ,
3014 3194 3245 3264 ἐπείπερ
3278 3195 3421 3264 αὕτη
3450 3193 3553 3247 τῶν
3582 3188 3727 3242 θείων

2160 3288 2379 3342 πάντων
2408 3286 2558 3340 ἐστὶν
2585 3289 2616 3357 ἠ
2651 3287 2955 3348 τελείωσις.

2690 3400 2963 3454 uncus.
3015 3400 3177 3467 Ριςν.

2159 3492 2322 3546 Διατί
2352 3491 2621 3560 λείψανα
2649 3491 2771 3546 τῶν
2807 3493 3128 3560 μαρτύρων
3155 3490 3278 3546 ὑπὸ
3323 3492 3391 3546 τὸ
3423 3487 3727 3549 θυσιαστή-

2661 3580 2801 3632 ριον
2831 3563 3228 3616 κατατίθεται.

2233 3654 2325 3718 Ei;
2353 3655 2444 3708 τὸν
2476 3655 2632 3723 ἅγιον
2663 3655 2844 3707 τοίνυν
2882 3653 3118 3706 παλαιὸν
3149 3652 3277 3705 ναὸν
3306 3652 3576 3717 ἀπελθὼν,
3614 3647 3729 3701 ἔνθα

2163 3745 2516 3816 προαπετέθη
2566 3745 2634 3800 τὰ
2693 3745 2947 3814 λείψανα,
2976 3745 3075 3798 καὶ
3124 3743 3296 3815 εὐχὰς
3341 3747 3435 3800 δύο
3484 3739 3728 3818 είρηηὼςι

2162 3841 2516 3910 εὐχαριστίαν
2563 3841 2796 3910 ἐχούσας
2836 3839 2995 3902 Θεοῦ,
3041 3840 3207 3894 ἕνεκα
3260 3841 3366 3913 τῆς
3395 3839 3597 3910 δωρεᾶς
3642 3835 3732 3903 τῆς

2163 3932 2271 3986 ἀπὸ
2307 3932 2416 3986 τῶν
2447 3933 2808 4003 μαρτυρικῶν
2840 3931 3131 4002 λειψάνων,
3161 3932 3255 3985 ἐπὶ
3306 3932 3548 4002 κεφαλῆς
3592 3928 3732 3996 φέρει

2163 4023 2360 4078 ταῦτα.
2407 4025 2520 4079 Καὶ
2571 4023 2741 4077 ἐλθὼν
2778 4023 3133 4096 κατατίθησιν
3186 4025 3382 4096 ὥσπερ
3433 4024 3570 4085 ἔθος.
3610 4017 3731 4072 Οὐδὲ

2165 4117 2274 4186 γὰρ
2299 4117 2457 4188 θέμις
2480 4116 2603 4187 δίχα
2631 4115 2904 4187 λειψάνων
2934 4117 3292 4188 μαρτυρικῶν
3324 4118 3356 4190 ἢ
3385 4115 3547 4171 ὁσίων
3573 4111 3728 4179 ἁγίων

2167 4209 2499 4280 καθιέρωσιν
2545 4210 2817 4280 ἐνεργεῖν,
2857 4209 2940 4262 ὃτι
2988 4208 3229 4276 θεμέλιοι
3275 4210 3379 4281 τῆς
3423 4203 3730 4276 Ἐκκλησίας

2167 4300 2306 4354 εἰσὶν
2359 4301 2409 4354 oi
2461 4301 2761 4372 μάρτυρες,
2817 4301 2911 4353 ἐπὶ
2968 4301 3047 4370 τῷ
3087 4299 3329 4371 θεμελίῳ
3372 4298 3467 4353 τοῦ
3500 4297 3732 4363 Σωτῆρος

2167 4387 2726 4464 ἐποικοδομηθέντες·
2767 4393 2862 4446 καὶ
2917 4393 2976 4444 ὲν
3025 4395 3092 4462 τῇ
3153 4392 3427 4464 ἐκκλησίᾳ
3478 4389 3590 4444 δέον
3621 4381 3731 4436 τούν

2168 4503 2291 4546 τους
2330 4485 2438 4538 ὑπὸ
2489 4484 2551 4538 τὸ
2579 4483 2968 4555 θυσιαστήριον
3010 4479 3172 4550 εῖναι,
3225 4486 3355 4537 ἐπεὶ
3405 4482 3499 4536 καὶ
3528 4474 3733 4540 τοῦτοὴ

484 4581 720 4636 thronus
757 4578 849 4634 Dei
880 4585 963 4634 est
994 4587 1048 4632 et
1070 4577 1272 4634 Christi
1302 4579 1394 4632 Dei
1426 4593 1841 4638 monumentum
1873 4604 1886 4644 :
1918 4589 2062 4644 unde

2180 4576 2501 4646 Ἐκκλησία,
2531 4577 2655 4630 ἔπει
2700 4578 2796 4630 καὶ
2842 4576 3030 4645 θρόνος
3061 4575 3197 4630 Θεοῦ
3235 4577 3354 4630 ἐστι
3408 4575 3503 4628 καὶ
3555 4570 3736 4639 μνῆμα

483 4670 945 4742 quoquemyrrha
982 4669 1222 4738 ungitur,
1287 4677 1342 4723 et
1376 4667 1733 4741 Evangelium
1776 4675 1957 4740 habet.
2008 4687 2064 4734 et

485 4765 587 4821 sub
611 4766 728 4834 ipso
753 4763 979 4833 pulchre
1005 4771 1134 4816 sunt
1181 4768 1498 4815 sanctorum
1534 4763 1803 4833 reliquiae,
1838 4777 1892 4823 et
1947 4772 2066 4826 sine

487 4859 734 4928 reliquiis
765 4872 870 4910 non
905 4865 989 4910 est
1015 4853 1276 4924 possibile
1306 4855 1778 4911 consecrationem
1822 4863 2062 4930 operari,

486 4952 630 5007 sicut
658 4950 831 5007 sancti
865 4949 1298 5006 declaraverunt.
1324 4947 1505 5003 Sacrae
1531 4964 1664 5005 vero
1689 4952 1938 5021 reliquiae
1958 4955 2070 5024 pri—

487 5060 555 5099 us
586 5043 933 5112 deponuntur
955 5044 1007 5095 in
1039 5041 1297 5110 templum
1319 5057 1384 5095 eo
1414 5041 1558 5108 quod
1582 5044 1917 5099 sanctiﬁcata
1941 5055 2072 5101 sunt

487 5130 692 5186 Christi
725 5132 963 5182 membra
993 5137 1047 5182 et
1075 5128 1290 5191 altaria,
1344 5135 1602 5200 tanquam
1637 5142 1858 5203 propter
1890 5134 2070 5204 ipsum

489 5219 794 5274 immolata.
825 5217 884 5272 ln
926 5218 1362 5273 sacratissimum
1419 5221 1784 5293 imponuntur
1833 5227 2070 5293 discum,

490 5313 623 5382 quia
664 5326 851 5380 parem
887 5325 1010 5363 cum
1043 5309 1272 5366 Domino
1303 5314 1639 5384 participant
1672 5317 1962 5382 honorem,
2004 5319 2076 5372 oh

492 5407 669 5476 ipsum
701 5403 1003 5456 certamina
1035 5418 1225 5472 passae.
1253 5405 1431 5476 Super
1461 5417 1834 5462 consecratam
1857 5425 2078 5479 ponun-

496 5506 866 5558 turmensam,
894 5495 1161 5564 siquidem
1195 5513 1316 5551 cum
1349 5497 1568 5554 Christo
1595 5509 1822 5556 mortua:
1840 5509 1988 5566 sunt,
2024 5509 2080 5555 et

497 5586 783 5642 Considere
825 5601 948 5642 cum
987 5591 1102 5659 ipso
1138 5604 1301 5660 super
1337 5592 1596 5647 thronum
1650 5593 1834 5661 gloriae
1865 5608 2080 5649 merue-

499 5688 652 5735 runt.
695 5678 927 5749 Ideoque
957 5696 1120 5752 super
1177 5695 1342 5755 caput
1387 5700 1510 5739 cum
1558 5686 1711 5740 disco
1778 5686 1917 5738 tollit
1984 5701 2080 5741 eas

505 5774 804 5844 pontifex;
850 5776 992 5832 sicut
1027 5779 1140 5847 ipsa
1191 5779 1378 5834 divina
1445 5781 1724 5850 mysteria,
1784 5795 1987 5850 corpus
2027 5789 2082 5834 et

509 5866 832 5938 sanguinem
894 5861 1122 5937 Christi,
1155 5878 1452 5926 honorans.
1494 5859 1708 5923 Etenim
1764 5871 1808 5925 si
1869 5870 2078 5925 Paulus

2169 4667 2410 4739 Χριστοῦ
2440 4668 2535 4723 τοῦ
2574 4669 2735 4724 Θεοῦ.
2765 4668 2929 4722 Ὅθεν
2979 4669 3075 4722 καὶ
3106 4668 3265 4739 μύρῳ
3297 4669 3530 4744 χρίεται,
3575 4660 3658 4714 καὶ
3682 4656 3736 4708 τὸ

2171 4762 2506 4830 Ιίὐαγγέλιον
2563 4762 2699 4832 ἔχει,
2745 4763 2839 4816 καὶ
2888 4759 2980 4814 ὑπ’
3011 4759 3157 4828 αὑτῷ
3209 4759 3392 4823 καλῶς
3438 4757 3544 4810 τῶν
3577 4749 3737 4818 ἁγίων

2169 4855 2278 4906 εἰσὶ
2311 4852 2378 4906 τὰ
2400 4853 2656 4922 λείψανα,
2684 4855 2780 4905 καὶ
2807 4853 2978 4923 χωρὶς
3007 4851 3282 4920 λειψάνων
3317 4851 3376 4904 οὐ
3415 4843 3736 4914 καθιερῶσαι

2169 4947 2415 5013 δυνατὸν,
2452 4945 2529 5008 ὡς
2563 4946 2614 4998 οι
2665 4945 2813 5012 ἅγιοι
2849 4931 3229 5014 ’ἀπεφήναντω
3278 4945 3359 4996 'l‘dt
3413 4937 3638 5006 λείψανα
3684 4927 3738 4980 δὲ

2151 5027 2603 5106 ,προαποτίθεται
2659 5034 2816 5102 121
2852 5033 2934 5094 είς
2980 5033 3130 5098 ναὸν,
3175 5033 3258 5086 ὅτι
3306 5027 3611 5103 ἡγιασμένοι
3653 5016 3738 5071 καὶ

2175 5133 2312 5204 μέλη
2369 5129 2610 5202 Χριστοῦ
2659 5131 2754 5185 καὶ
2783 5129 3152 5198 θυσιαστήρια
3198 5128 3274 5191 ὡς
3314 5121 3580 5191 τεθυμένα
3609 5111 3738 5204 ὑπὲρ

2173 5201 2361 5277 αὐτοῦ.
2405 5223 2516 5278 Καὶ
2565 5223 2645 5282 εἰς
2677 5218 2973 5291 ἱερώτατον
3022 5217 3382 5286 ἐμϐάλλονται
3439 5210 3638 5299 δίσκον,
3664 5201 3739 5299 ὅτι
3809 5233 3818 5248 κ

2174 5315 2275 5382 τῆς
2307 5313 2431 5382 ἴσης
2465 5312 2752 5384 μετέχουσι
2784 5311 2864 5379 τῷ
2901 5311 3150 5381 Δεσπότῃ
3196 5308 3381 5379 τιμῆς,
3419 5303 3554 5368 ὑπὲρ
3583 5295 3736 5384 αὑτοῦ

2176 5382 2625 5474 διηγωνισμένοι.
2684 5404 2796 5456 Καὶ
2855 5402 2949 5454 ἐπὶ
3005 5398 3425 5469 καθιερωμένης
3473 5382 3740 5474 τραπέζης

2177 5469 2433 5560 τίθενται,
2452 5469 2587 5546 *ἐπεὶ
2618 5492 2990 5546 συναπέθανον
3021 5491 3100 5560 τῷ
3131 5487 3370 5560 Χριστῷ,
3401 5482 3494 5537 καὶ
3513 5476 3587 5546 τῷ
3620 5469 3738 5536 θείῳ

2178 5590 2274 5658 τῆς
2304 5586 2472 5639 αὑτοῦ
2520 5585 2679 5656 δόξης
2731 5585 2904 5656 θρόνῳ
2953 5583 3284 5654 τυγχάνουσι
3331 5570 3732 5658 παριστάμενοι.

2180 5653 2280 5733 Διὰ
2309 5678 2467 5750 τοῦτο
2496 5679 2588 5732 καὶ
2633 5653 2737 5729 *ἐπὶ
2768 5653 3008 5745 κεφαλῆς
3054 5653 3196 5745 μετὰ
3243 5671 3335 5726 τοῦ
3368 5667 3548 5720 δίσκου
3589 5653 3732 5750 od?’

2182 5773 2398 5844 χιερεὺς
2436 5772 2580 5842 αἴρει
2618 5768 2814 5833 ταῦτα,
2842 5767 2917 5831 ὡς
2946 5767 3087 5821 αὐτὰ
3118 5766 3185 5836 δὴ
3226 5765 3291 5819 τὰ
3334 5760 3450 5813 θεῖα
3480 5747 3734 5844 μυστῆρξα

2184 5831 2242 5920 τὸ
2274 5831 2460 5920 τοῦ-Δε
2474 5831 2670 5918 διπότου
2701 5831 2860 5932 σῶμα
2886 5862 2978 5915 καὶ
3003 5853 3141 5930 αἷμα
3172 5831 3364 5928 τιμῶν.
3391 5851 3452 5904 Εἰ
3484 5846 3588 5914 γὰρ
3610 5831 3730 5902 πρὸς
