4038 6442
270 297 361 365 321
864 256 867 261 6
1525 297 1624 357 DE
1661 296 1901 357 SACRO
1937 289 2263 358 TEMPLO.

3429 305 3535 369 3‘22

270 414 471 472 πάντας
508 406 736 469 πιστοὺς
769 404 931 461 τοῦτο
966 405 1176 469 Παῦλός
1207 422 1396 476 φησιν,
1445 426 1464 461 ι
1508 407 1698 476 ’Υμεῖς
1725 410 1848 462 ὲστε

1955 409 2022 463 ad
2072 425 2263 466 omnes
2310 409 2497 468 ﬁdeles
2550 413 2653 469 hoe
2709 414 2840 470 ait:
2879 435 2899 466 ο
2964 417 3072 474 Vos
3127 420 3261 475 estis
3330 435 3532 491 corpus

266 506 422 575 σῶμα
463 498 700 571 Χριστοῦ
730 501 825 553 καὶ
855 500 995 569 μέλη
1025 500 1091 552 ὲκ
1120 498 1347 570 μέρους,
1395 500 1578 572 πολλῷ
1605 518 1670 569 γε
1704 504 1840 572 μᾶλ-

262 599 353 651 λον
387 595 545 663 σῶμα
594 590 833 661 Χριστοῦ
887 592 982 645 καὶ
1019 591 1157 663 μέλη
1209 593 1426 648 ἔσονται
1474 597 1522 647 oi
1568 596 1709 668 ὑπὲρ
1743 598 1845 665 τῆς

261 687 421 755 δόξης
468 684 660 738 τούτου
706 683 1099 753 ἠγωνισμένοι,
1136 684 1231 738 καὶ
1274 684 1366 738 τὸν
1397 685 1627 741 θάνατον
1676 687 1845 742 αὐτοῦ

266 777 661 850 μιμησάμενοι.

827 892 1083 947 ΚΕΦΑΛ.
1125 893 1273 948 ΡΙΖ’.

261 983 426 1036 Atat!
451 982 520 1036 ἐκ
567 984 834 1038 παλαιοῦ
876 984 1031 1109 ruga”;
1059 990 1148 1051 είς
1174 987 1281 1040 τὸν
1307 987 1453 1040 νέον
1478 988 1553 1043 τὰ
1579 989 1847 1056 λείψανα

904 1074 944 1109 ω
981 1074 1221 1109 οονται.

901 1074 1203 1124 φερονται.
1218 1084 1221 1085 ν

334 1145 427 1197 Διὸ
455 1146 549 1199 καὶ
578 1146 719 1215 μετὰ
750 1148 1091 1217 προπομπῆς
1126 1148 1223 1201 καὶ
1254 1149 1621 1219 θυμιαμάτων
1648 1152 1845 1221 φώτων

262 1252 324 1287 τε
360 1236 454 1290 καὶ
488 1236 671 1306 ὓμνων
704 1239 768 1291 ὲκ
810 1240 1170 1310 παλαιοτέρου
1224 1244 1672 1313 προηγιασμένου
1714 1245 1845 1298 ναοῦ

264 1332 346 1393 είς
376 1331 468 1383 τὸν
515 1332 633 1385 νέον
665 1333 916 1401 ἄγονται,
963 1335 1275 1399 δεικνύντος
1320 1337 1415 1390 τοῦ
1465 1337 1651 1404 ἔργου,
1687 1339 1769 1390 ὅτι
1797 1338 1848 1390 οί

270 1425 371 1493 μὲν
406 1424 552 1491 ἅγιοι
595 1424 682 1477 ἀεί
713 1427 818 1478 εἰσι
851 1428 990 1494 μετὰ
1032 1427 1128 1480 τοῦ
1162 1427 1296 1481 Θεοῦ
1323 1444 1337 1457 ·
1366 1430 1611 1495 γίνονται
1662 1429 1720 1481 δὲ
1752 1429 1848 1483 καὶ

269 1517 394 1587 μεθ’
442 1516 620 1586 ήμῶν,
673 1518 816 1572 καθά
862 1519 890 1571 6
923 1521 1180 1590 Χριστός.
1236 1522 1347 1573 Καὶ
1394 1521 1849 1590 ὲγκαινιζομένης

266 1608 367 1677 τῆς
396 1609 559 1661 αὑτοῦ
607 1610 829 1680 χάριτος
874 1613 935 1665 έν
964 1615 1117 1683 ἡμῖν,
1154 1615 1249 1668 καὶ
1283 1613 1433 1668 οῦτοι
1466 1615 1564 1667 σὺν
1593 1617 1727 1684 ἡμῖν
1758 1615 1847 1683 γί-

269 1716 474 1755 νονται.
526 1700 637 1754 Kal
685 1702 877 1773 ὥσπερ
933 1706 1073 1757 κατὰ
1117 1706 1371 1777 διαδοχὴν
1430 1709 1462 1775 ἡ
1510 1707 1671 1777 χάρις
1709 1708 1848 1776 προς

1947 497 2153 554 Christi
2198 509 2255 555 et
2313 502 2559 557 membra
2597 504 2665 559 de
2726 507 2998 575 membro,
3059 527 3077 559 ι
3130 510 3300 565 multo
3350 512 3532 581 magis

1946 589 2149 644 Christi
2172 605 2372 661 corpus
2400 602 2561 648 erunt
2610 608 2666 651 et
2692 600 2959 665 membra,
3012 602 3104 671 qui
3157 612 3380 672 propter
3410 604 3531 672 ejus

1946 679 2174 751 gloriam
2194 694 2562 751 certaverunt,
2594 687 2877 761 ipsiusque
2903 700 3134 748 mortem
3158 693 3358 749 imitati
3379 706 3528 751 sunt.

2515 887 2744 943 CAPUT
2775 890 2863 944 CX
2879 890 2989 948 VII.

1949 976 2058 1031 Cur
2099 993 2165 1032 ea:
2209 979 2429 1047 antiquo
2455 980 2645 1049 templo
2673 986 2727 1036 in
2750 1001 2938 1038 novum
2965 996 3244 1054 portentur
3270 989 3525 1059 reliquim.

2020 1135 2143 1191 Ideo
2197 1152 2318 1191 cum
2376 1153 2595 1210 pompa,
2661 1142 3093 1211 thuriﬁcatione,
3143 1144 3446 1201 luminibus
3478 1158 3555 1201 et-

1952 1226 2169 1298 hymnis
2200 1245 2266 1283 ex
2291 1231 2599 1301 antiquiore
2651 1233 2853 1303 templo
2879 1236 3029 1303 prius
3087 1250 3414 1293 consecrato
3477 1239 3534 1293 in

1957 1334 2154 1372 novum
2193 1330 2506 1388 portantur,
2538 1340 2700 1394 opere
2742 1327 3109 1397 signiﬁcante,
3138 1330 3283 1397 quod
3354 1333 3535 1386 sancti

1952 1410 2170 1477 quidem
2195 1428 2411 1481 semper
2437 1432 2560 1468 cum
2599 1415 2709 1471 Deo
2747 1427 2899 1493 sunt,
2925 1420 3065 1473 ﬁunt
3108 1432 3304 1475 autem
3367 1425 3530 1475 etiam

1955 1504 2264 1568 nobiscum,
2304 1507 2518 1562 sicutet
2556 1508 2850 1577 Christus;
2885 1520 2938 1565 et
2986 1527 3110 1565 cum
3150 1513 3445 1568 innovatur
3476 1514 3532 1568 in

1955 1598 2115 1652 nobis
2141 1598 2313 1666 ipsius
2361 1601 2559 1668 gratia,
2592 1603 2758 1656 simul
2795 1604 2885 1659 isti
2920 1605 3210 1660 nobiscqu
3274 1617 3423 1661 sunt.
3469 1608 3533 1662 Et

1953 1692 2419 1767 quemadmodum
2456 1709 2547 1762 per
2571 1696 2921 1751 t'aditionem
2947 1699 3016 1751 ad
3047 1713 3145 1753 nos
3163 1700 3337 1769 gratia
3364 1702 3531 1763 venit,
3622 1745 3646 1767 ,

268 1793 440 1863 ἡμᾶς,
472 1794 547 1857 ὡς
582 1797 690 1849 ἀπὸ
725 1798 818 1867 τοῦ
852 1798 1104 1867 Σωτῆρος
1133 1799 1220 1853 διὰ
1404 1773 1721 1853 ἀποστόλων
1755 1773 1849 1852 καὶ

1956 1793 2214 1851 tanquam
2250 1802 2279 1839 a
2318 1785 2606 1840 Salvatore
2639 1803 2735 1856 per
2778 1793 3063 1860 apostolos
3103 1803 3157 1846 et
3180 1808 3534 1847 successores

267 1887 382 1941 τῶν
411 1889 668 1960 διαδόχων
695 1891 861 1945 αὑτοῦ
894 1892 1053 1963 ἄχρις
1077 1894 1238 1961 ἡμῶν
1261 1892 1482 1964 ἔρχεται
1504 1893 1594 1948 διὰ
1617 1893 1714 1962 τῆς
1736 1910 1850 1962 χει-

273 1982 541 2051 ροτονίας,
563 1981 706 2037 οὓτω
739 1986 828 2037 καὶ
850 1986 939 2040 διὰ
968 1986 1077 2039 τῶν
1101 1987 1334 2056 πρώτων
1371 1987 1512 2041 ναῶν
1551 1988 1629 2049 είς
1661 1986 1852 2040 νεωτέ-

274 2087 400 2140 ρους
426 2074 586 2135 ναούς
608 2089 623 2105 ⁸
659 2074 733 2137 ὼς
764 2077 857 2128 καὶ
882 2076 943 2129 τὸ
986 2076 1156 2146 μύρον
1185 2078 1273 2132 διά
1301 2077 1395 2131 τοῦ
1438 2077 1613 2148 μύρου
1639 2078 1727 2132 διὰ
1753 2076 1847 2130 τοῦ

272 2163 635 2232 κεχρισμένου
658 2164 1044 2236 θυσιαστηρίου
1069 2167 1391 2237 τελούμενον
1410 2181 1423 2197 ⁸
1457 2170 1520 2220 ὲκ
1548 2166 1737 2219 τούτου
1768 2166 1845 2219 δι-

267 2252 616 2327 δασκομένων
638 2258 816 2327 ήμῶν,
842 2260 920 2324 ὡς
949 2261 1046 2331 οὐχ
1067 2263 1227 2330 ἡμεῖς
1245 2261 1338 2329 ἀφ’
1363 2260 1541 2331 ἡμῶν,
1560 2260 1724 2329 ἀλλ’ἢ
1748 2259 1851 2329 χά-

272 2366 357 2419 ρις
386 2350 479 2403 τοῦ
526 2352 842 2422 Πνεύματος
875 2356 1110 2424 ἐνεργεῖ,
1144 2356 1269 2426 ἣτις
1330 2355 1438 2411 ἀπὸ
1475 2354 1569 2408 τοῦ
1598 2356 1849 2424 Σωτῆρος

271 2440 429 2511 ἡμῶν
469 2441 544 2506 ὡς
573 2446 754 2515 πηγῆς
792 2447 1129 2517 ἀρξαμένης,
1161 2448 1248 2501 διὰ
1301 2447 1410 2501 τῶν
1451 2447 1711 2517 μαθητῶν
1753 2446 1851 2500 αύ-

273 2533 364 2586 τοῦ
399 2536 489 2587 καὶ
520 2536 630 2588 τῶν
672 2540 814 2592 κατὰ
848 2542 1078 2607 καιροὺς
1129 2540 1391 2611 Πατέρων
1422 2540 1504 2604 είς
1549 2541 1696 2610 ἡμᾶς
1730 2541 1850 2610 ἐλή-

270 2627 417 2683 λυθε.
460 2628 571 2681 Καὶ
602 2630 805 2695 μᾶλλον
835 2633 895 2683 τὸ
928 2633 1170 2700 ἀσφαλὲς
1198 2634 1295 2687 καὶ
1346 2632 1563 2703 βέϐαιον
1602 2631 1800 2701 ἔχομεν
1830 2648 1844 2662 ο

272 2722 352 2775 ὅτι
375 2722 472 2791 οὐχ
505 2724 636 2792 ἡμῖν
672 2723 1008 2794 θαρροῦμεν,
1057 2726 1194 2779 ἀλλά
1229 2730 1294 2796 τῇ
1329 2727 1418 2780 διά
1444 2728 1556 2779 τῶν
1587 2728 1848 2798 Πατέρων

270 2812 365 2867 τοῦ
404 2813 722 2884 Πνεύματος
755 2815 962 2886 χάριτι.
998 2817 1072 2880 ῶς
1105 2818 1193 2871 καὶ
1226 2819 1258 2887 ἠ
1290 2819 1422 2888 εὐχὴ
1466 2818 1626 2873 τοῦτό
1657 2835 1843 2889 φησιν,

276 2925 294 2958 ι
331 2906 773 2978 Εὐχαριστοῦμέν
809 2925 914 2973 σοι,
949 2910 1208 2979 λέγουσα,
1240 2912 1322 2964 ὅτι
1355 2912 1423 2982 ἣν
1457 2913 1679 2981 ἐξέχεας
1744 2912 1845 2982 χά-

275 3015 359 3067 ριν
383 2999 477 3052 ἐπὶ
505 3000 631 3062 τοὺς
663 3001 855 3069 ἁγίους
887 3019 981 3055 σου
1008 3002 1346 3065 ἀποστόλους
1369 3003 1469 3057 καὶ
1499 3004 1627 3067 τοὺς
1664 3005 1847 3066 ὁσίους

271 3090 429 3160 ημῶν
462 3092 735 3163 Πατέρας,
779 3094 1023 3164 ἠξίωσας
1055 3096 1149 3148 καὶ
1183 3094 1380 3166 μέχρις
1420 3096 1578 3165 ὴμῶν
1611 3097 1719 3149 τῶν
1751 3114 1848 3150 τα·
1874 3136 1919 3198 C

271 3183 471 3238 πεινῶν
502 3185 758 3239 ἐκτεῖναι.
805 3204 823 3238 ι
850 3186 1117 3253 Λέγονται
1172 3187 1228 3241 δὲ
1281 3189 1374 3241 καὶ
1408 3190 1845 3259 εὐχαριστήριοι,

270 3277 342 3340 ὡς
368 3277 692 3349 εἰρήκαμεν,
723 3278 804 3342 είς
857 3279 948 3332 τὸν
982 3280 1216 3334 παλαιὸν
1253 3281 1406 3335 ναὸνι
1429 3281 1582 3349 παρά
1616 3281 1711 3334 τοῦ
1745 3283 1848 3350 ἁρ-

271 3371 497 3440 χιερέως
543 3371 726 3441 εὐχαὶ,
780 3372 875 3427 καὶ
927 3371 1090 3442 ὕμνοι
1138 3372 1264 3427 καθ’
1301 3374 1422 3428 ὁδὸν
1468 3374 1706 3445 ᾅδονται,
1756 3373 1850 3426 καὶ

272 3466 423 3532 φῶτα
460 3465 554 3518 καὶ
601 3464 926 3535 θυμιάματα
973 3469 1053 3530 είς
1085 3468 1256 3537 τιμὴν
1306 3467 1416 3519 τῶν
1450 3466 1622 3534 ἁγίων
1677 3482 1850 3533 προσ-

273 3557 517 3633 φέρεται.
574 3560 683 3611 Καὶ
735 3561 904 3628 ἐγγὺς
958 3559 1053 3612 τοῦ
1109 3562 1228 3614 νέου
1287 3560 1421 3614 ναοῦ
1472 3559 1737 3623 πολλάκις
1766 3560 1847 3621 τὸ,

277 3668 297 3702 ι
336 3649 473 3715 Δόξα
496 3668 597 3717 σοι,
635 3650 839 3721 Χριστὲ
865 3652 893 3704 6
920 3651 1076 3718 Θεὸς,
1117 3671 1137 3704 ι
1169 3652 1411 3720 λέγεται,
1444 3654 1524 3713 είς
1556 3653 1724 3721 τιμὴν
1755 3653 1852 3705 αὑ-

270 3741 388 3805 τοῦ,
430 3744 524 3794 καὶ
550 3740 658 3794 τῶν
686 3742 1006 3795 ἀποστόλων
1037 3742 1132 3797 καὶ
1169 3744 1279 3797 τῶν
1328 3742 1623 3814 μαρτύρων
1653 3743 1849 3808 αὑτοῦ,

274 3833 365 3888 καὶ
389 3831 547 3898 δόξαν
573 3833 672 3901 τῆς
700 3833 861 3902 ἁγίας
893 3820 1141 3905 Τριάδος,
1173 3835 1207 3906 ἢ
1238 3836 1505 3905 κήρυγμα
1528 3834 1633 3888 τῶν
1657 3834 1847 3904 ἁγίων.

831 3945 1084 4001 ΚΕΦΑΛ.
1128 3947 1279 4001 PIH'.

273 4042 433 4095 Διατι
462 4041 764 4099 κλείονται
794 4041 853 4093 al
892 4038 1103 4162 πὲἐαι,
1159 4041 1259 4094 καί
1318 4037 1384 4094 τὸ
1418 4039 1624 4112 ’Δρατε
1678 4037 1851 4102 πύλας

949 4158 955 4162 .
1016 4126 1164 4162 εται.

945 4126 1164 4176 postas.

343 4203 689 4267 Εἰσελθόντος
720 4204 778 4257 δὲ
829 4202 924 4257 τοῦ
971 4203 1277 4275 ἀρχιερέως
1315 4204 1413 4258 τὸν
1452 4204 1706 4276 νάρθηκα
1756 4205 1852 4258 τοῦ

274 4294 393 4349 νέου
417 4294 569 4361 ναοῦ,
594 4296 651 4348 αἱ
684 4293 832 4348 ἔνδον
861 4296 1098 4365 μεγάλαι
1122 4295 1292 4349 πύλαι
1318 4296 1613 4363 κλείονται,
1644 4300 1739 4352 καὶ
1769 4301 1850 4366 τὸ,

280 4407 298 4440 ι
342 4389 545 4458 Ἄρατε
576 4383 979 4454 πύλαςέξωθέν
1025 4406 1086 4442 τε
1128 4392 1225 4444 καὶ
1255 4391 1479 4457 ἔσωθεν,
1516 4410 1534 4444 ι
1567 4392 1851 4463 ψάλλεται,

1953 1878 2075 1944 ejus
2108 1880 2173 1929 ad
2209 1894 2305 1933 nos
2347 1895 2521 1949 usque
2556 1896 2652 1951 per
2702 1885 3110 1939 ordinationem
3174 1888 3535 1953 transmissa,

1954 1972 2032 2025 sic
2063 1974 2228 2026 etiam
2261 1988 2356 2041 per
2393 1975 2618 2043 antiqua
2651 1976 2716 2028 ad
2762 1980 3069 2034 recentiora
3109 1982 3343 2049 templa;
3392 1983 3536 2045 sicut

1955 2074 2009 2118 et
2049 2066 2267 2134 myrrha
2301 2082 2397 2135 per
2421 2070 2699 2138 myrrham
2727 2080 2778 2124 et
2799 2071 3081 2125 inunctum
3102 2074 3275 2153 aliare
3292 2076 3537 2129 sanctiﬁ-

1955 2165 2134 2212 catur.
2183 2159 2258 2212 Es
2310 2161 2412 2214 hoc
2444 2163 2740 2216 edocemur
2786 2168 2928 2234 quod
2980 2180 3087 2220 non
3135 2164 3237 2222 nos
3273 2176 3534 2235 tanquam

1954 2267 1982 2304 a
2018 2251 2195 2317 nobis,
2232 2257 2324 2307 scil
2358 2254 2531 2322 gratia
2566 2253 2805 2322 Spiritus
2834 2269 3110 2327 operatur,
3138 2275 3257 2329 quae
3280 2276 3308 2314 a
3342 2260 3533 2316 Salva-

1953 2356 2067 2400 tore
2098 2361 2289 2421 nostro
2323 2349 2468 2401 velut
2518 2364 2546 2401 a
2583 2351 2760 2415 primo
2799 2350 2966 2416 fonte,
3033 2369 3128 2423 per
3166 2356 3339 2423 ipsius
3363 2356 3537 2409 disci-

1954 2438 2112 2507 pulos
2142 2448 2199 2493 et
2224 2440 2376 2508 juxta
2415 2450 2659 2510 tempora
2694 2458 2790 2512 per
2823 2443 3037 2508 Patres,
3079 2446 3144 2499 ad
3204 2463 3303 2501 nos
3366 2447 3532 2500 venit.

1952 2531 2019 2585 Et
2048 2533 2118 2586 ita
2152 2533 2326 2604 magis
2375 2536 2606 2591 firmiter
2650 2546 2704 2589 et
2746 2539 3050 2606 magistuto
3100 2549 3344 2605 sturnus;
3401 2555 3535 2608 quo—

1951 2626 2099 2679 niam
2130 2639 2235 2678 non
2269 2624 2321 2678 in
2356 2625 2535 2690 nobis,
2567 2626 2660 2680 sed
2697 2626 2750 2679 in
2780 2614 2986 2693 ea‘qua:
3014 2644 3107 2696 per
3151 2628 3339 2684 Patres
3390 2632 3536 2684 venit

1924 2764 1925 2769 η
1954 2720 2407 2790 Spiritus,gratia
2444 2719 2799 2785 conﬁdimus,
2846 2721 2989 2776 sicut
3015 2731 3068 2776 et
3100 2724 3309 2777 oratio
3350 2723 3487 2779 dicit
3515 2742 3529 2778 :

1957 2813 2201 2869 «Gratias
2225 2812 2437 2881 agimus
2462 2814 2579 2879 tibi,
2607 2814 2750 2882 quod
2769 2822 2931 2882 quam
2962 2828 3127 2883 super
3147 2826 3369 2870 sanctos
3396 2831 3533 2885 apo-

1952 2906 2122 2962 stolos
2154 2914 2277 2959 tuos
2301 2914 2353 2958 et
2378 2921 2545 2974 super
2573 2915 2795 2959 sanctos
2824 2908 3011 2960 Patres
3040 2916 3259 2961 nostros
3285 2907 3531 2961 infudisti

1952 3000 2206 3068 gratiam,
2240 3014 2416 3067 usque
2446 2999 2514 3051 ad
2538 3008 2638 3054 n‘ns
2674 3000 2914 3053 humiles
2953 3004 3248 3054 erlemlere
3278 3002 3533 3069 dignatus

1952 3110 2029 3150 es.
2073 3114 2091 3146 ι
2127 3093 2397 3148 Dicuntur
2420 3104 2600 3147 autem
2630 3096 2931 3164 gratiarum
2981 3110 3191 3163 preces,
3226 3106 3285 3149 ut
3318 3095 3530 3164 praefati

1953 3202 2167 3249 sumus,
2191 3186 2246 3239 in
2284 3188 2451 3240 veteri
2485 3180 2686 3254 t'emplo
2747 3203 2841 3256 per
2867 3176 3203 3255 pontiﬁcem,
3230 3198 3281 3241 et
3345 3188 3531 3257 hymni

1952 3279 2255 3331 secundum
2287 3277 2390 3329 iter
2426 3284 2726 3340 canuntur,
2762 3279 3079 3347 luminaque
3114 3283 3176 3333 a‘c
3212 3278 3434 3332 incensa
3472 3279 3526 3331 in

1952 3368 2216 3424 honorem
2242 3380 2555 3424 sanctorum
2592 3369 2968 3435 proferuntur.
3007 3369 3069 3422 Et
3101 3385 3295 3439 proper
3325 3384 3527 3424 novum

1952 3464 2211 3529 templum
2244 3476 2387 3531 scepe
2413 3462 2643 3516 dicitur:
2675 3460 3269 3523 «Gloria'tibi,Cliriste
3302 3464 3480 3527 Deus;
3511 3482 3531 3515 ι

1954 3556 2007 3607 in
2063 3554 2233 3623 ipsius
2267 3555 2529 3609 honorem
2584 3562 2639 3609 et
2698 3557 3069 3625 apostolorum
3117 3565 3171 3612 et
3232 3566 3533 3627 martyrum

1954 3645 2148 3714 ipsius,
2174 3655 2227 3699 et
2264 3646 2317 3700 in
2350 3654 2556 3701 saneta:
2585 3644 2873 3702 Trinitatis
2915 3648 3171 3716 gloriam,
3211 3655 3266 3704 et
3294 3648 3347 3702 in
3372 3663 3531 3703 sanc-

1956 3748 2132 3791 tos-um
2174 3742 2535 3808 praeconum.
2776 3718 2787 3733 1

2503 3940 2734 3999 CAPUT
2787 3943 3021 4001 CXVIII.

1956 4030 2132 4096 Quare
2172 4033 2497 4114 cl‘zzu‘tialunr
2538 4042 2877 4114 sacr¢e_¢edis
2933 4045 3092 4114 fores,
3144 4044 3532 4114 accinalurquc

2167 4104 2492 4174 illndtl’sal.
2529 4125 2687 4174 xxm,
2718 4110 2795 4180 7),
2828 4104 3087 4167 Attollite'
3109 4124 3315 4181 portas.

2025 4195 2164 4250 Cum
2200 4209 2379 4254 autem
2413 4199 2481 4254 ad
2518 4202 2640 4256 novi
2705 4206 2889 4274 templi
2937 4210 3233 4261 nartheccu
3304 4206 3534 4263 advenit

1954 4291 2224 4360 pontifex,
2283 4294 2576 4352 interiores
2608 4312 2826 4367 magna:
2882 4299 3066 4368 januae
3106 4301 3458 4369 clauduntur,
3483 4312 3539 4356 et

1954 4385 2129 4439 istud:
2159 4404 2178 4436 ι
2198 4387 2444 4442 Attollite
2458 4398 2666 4457 portas,
2694 4410 2710 4441 ι
2739 4392 2970 4448 abintus
2986 4405 3040 4447 et
3058 4400 3365 4449 extrorsum
3384 4395 3540 4451 cani-

274 4479 355 4531 ὄτι
388 4477 478 4530 τὸν
530 4476 769 4547 Χριστὸν
801 4479 1066 4533 τυποῦσιν
1111 4480 1161 4531 οί
1215 4480 1517 4551 μάρτυρες,
1563 4481 1659 4535 καὶ
1689 4481 1851 4545 αὐτὸς

1962 4490 2096 4545 tur;
2149 4482 2408 4550 quoniam
2448 4482 2657 4539 Christi
2708 4496 2895 4555 typum
2936 4496 3137 4555 gerunt
3194 4497 3465 4560 martyres
3486 4499 3543 4545 et

274 4572 301 4622 6
330 4570 620 4640 ἀρχιερεύς
646 4585 662 4601 ο
692 4571 720 4623 6
742 4569 798 4622 δὲ
822 4570 948 4634 ναὸς
974 4571 1065 4623 τὸν
1098 4572 1351 4641 οὐρανόν.
1390 4574 1459 4626 Ἀ
1487 4574 1673 4629 τοίνυν
1698 4575 1757 4629 ὲν
1775 4574 1853 4645 τῷ

274 4662 599 4731 ἀνέρχεσθαι
651 4663 909 4731 ὑπεράνω
956 4678 1070 4715 των
1098 4665 1346 4735 οὐρανῶν
1393 4665 1617 4735 ἄγγελοι
1649 4666 1857 4737 ὲμελῴο

276 4754 420 4819 δουν,
455 4755 529 4819 ὥς
565 4773 734 4828 φησιν
761 4757 790 4809 6
818 4756 962 4815 θεῖος
994 4757 1181 4821 Amm,
1220 4759 1396 4813 ταῦτα
1423 4760 1521 4813 καὶ
1551 4759 1647 4814 νῦν
1680 4760 1854 4829 μελῳ-

274 4846 467 4915 δεῖται,
515 4846 627 4901 τῶν
680 4849 843 4919 ίερῶν
895 4852 1268 4921 εἰσαγομένων
1326 4850 1619 4921 λειψάνων.
1678 4852 1739 4905 '0
1797 4852 1853 4906 δὲ

277 4939 586 5010 ἀρχιερεὺς,
645 4943 889 5011 τάπητος
948 4939 1103 5005 αὖθις
1151 4943 1630 5013 εύτρεπισθέντος,
1682 4944 1855 4998 κλίνει

277 5031 333 5084 τὸ
366 5032 496 5099 γόνυ
529 5032 607 5102 τῷ
636 5034 730 5086 τοῦ
777 5034 1011 5105 ούρανοῦ
1046 5035 1313 5109 Δεσπότῃ,
1349 5037 1444 5089 καὶ
1472 5035 1716 5107 εὔχεται.
1748 5039 1856 5091 Καὶ

276 5123 527 5192 ἐπιφέρει
573 5123 672 5193 τὴν
724 5125 893 5195 εὐχὴν
944 5129 1044 5195 τῆς
1101 5127 1344 5193 εἰσόδου,
1404 5128 1854 5199 συλλειτουργοὺς

277 5215 758 5287 προσκαλούμενος
813 5219 906 5270 καὶ
958 5218 1330 5282 συνεισιόντας
1388 5219 1681 5288 ἀγγέλους.
1744 5221 1855 5273 Καὶ

276 5302 420 5357 οὔτω
469 5306 789 5375 σφραγίζων
821 5307 921 5369 τὰς
946 5306 1043 5360 τοῦ
1087 5306 1217 5361 ναοῦ
1246 5307 1423 5370 πύλας
1473 5310 1569 5361 καὶ
1596 5307 1853 5375 ἀνοίγων,

276 5397 349 5461 ὡς
380 5400 461 5461 είς
504 5400 595 5452 τὸν
650 5401 882 5470 οὐρανὸν
917 5399 1169 5465 είσεισιν,
1221 5401 1297 5464 ῶς
1344 5401 1434 5453 διὰ
1464 5399 1561 5453 τοῦ
1617 5400 1854 5469 μεγάλου

1960 4574 2078 4643 ipse
2117 4576 2385 4644 pontifex,
2416 4579 2679 4648 templum
2708 4593 2843 4634 vero
2869 4581 3094 4637 caelum.
3120 4581 3255 4648 Quae
3309 4583 3541 4652 proinde

1957 4667 2224 4721 canebant
2258 4669 2462 4739 angeli,
2494 4671 2638 4724 sicut
2664 4670 2739 4724 ait
2784 4672 2943 4727 divus
2975 4673 3165 4735 David,
3215 4688 3336 4726 cum
3373 4687 3540 4742 super

1958 4756 2180 4827 angelos
2212 4757 2561 4823 conscendit,
2603 4758 2717 4814 hac
2756 4760 2921 4815 etiam
2971 4776 3117 4814 nunc
3145 4761 3541 4825 concinuntur,

1958 4849 2135 4905 sacris
2200 4848 2635 4919 ingredientibus
2706 4853 2974 4921 reliquiis.
3025 4853 3280 4907 Pontifex
3330 4866 3555 4921 autem,.

1958 4949 2140 5011 tapete
2164 4958 2382 4997 rursum
2420 4942 2703 5012 disposito,
2734 4943 2969 4998 Domino
3008 4946 3133 4999 οωΙί
3168 4960 3341 5016 genua
3370 4946 3539 5003 ﬂectit

1955 5041 2009 5089 et
2040 5044 2181 5089 orat.
2215 5033 2280 5088 Et
2303 5035 2541 5104 applicat
2580 5034 2878 5090 orationem
2907 5036 3186 5100 introitus,
3218 5050 3541 5109 cooperato-

1957 5139 2046 5180 res
2074 5134 2128 5179 et
2159 5126 2391 5181 comites
2426 5125 2705 5180 advocans
2766 5127 3008 5195 angelos.
3061 5129 3124 5182 Et
3184 5130 3259 5184 ita
3309 5132 3540 5202 signans

1958 5216 2365 5287 templijanuas
2415 5223 2470 5270 et
2492 5217 2761 5285 aperiens,
2793 5227 3053 5289 tanquam
3088 5220 3141 5276 in
3188 5223 3387 5278 coelum
3458 5223 3541 5278 in-

1957 5308 2225 5377 greditur,
2260 5315 2318 5361 ut
2361 5322 2457 5377 per
2507 5322 2763 5378 magnum
2815 5310 2990 5365 Patris
3019 5322 3316 5385 martyrem
3350 5314 3539 5371 Jesum

1956 5400 2239 5453 Christum
2272 5400 2393 5454 caeli
2452 5399 2817 5456 tabernaculo
2890 5405 3051 5460 nobis
3093 5411 3332 5461 recluso.
3371 5405 3543 5461 Intrat

275 5488 369 5541 τοῦ
405 5490 619 5559 Πατρός
651 5492 927 5560 μάρτυρος
969 5491 1147 5559 Ἰησοῦ
1186 5490 1428 5560 Χριστοῦ
1450 5493 1555 5562 ,τῆς
1601 5491 1851 5560 οὐρανίου

1958 5491 2203 5562 pontifex
2232 5504 2357 5546 cum
2394 5503 2715 5548 sanctorum
2766 5495 3013 5567 reliquiis
3055 5508 3108 5555 et
3146 5499 3330 5554 divino
3364 5498 3543 5555 Evan-

279 5581 485 5650 σκηνῆς
534 5583 927 5652 διανοιχθείσης
964 5584 1118 5653 ἡμῖν.
1165 5585 1274 5638 Καὶ
1306 5585 1575 5637 είσοδεύει
1603 5586 1631 5637 6
1661 5588 1857 5655 ἀρχιε-

280 5674 403 5742 ρεὺς
460 5673 558 5726 σὺν
588 5676 700 5737 τοῖς
749 5676 863 5727 τῶν
915 5675 1087 5742 ἁγίων
1138 5675 1418 5744 λειψάνοις
1464 5678 1559 5728 καὶ
1593 5676 1673 5745 τῷ
1724 5674 1856 5744 θείῳ

277 5764 615 5835 Εὑαγγελίῳ.
657 5767 993 5831 Ἀκολούοως
1028 5767 1136 5835 ἄρα
1167 5770 1263 5823 καὶ
1288 5771 1345 5823 ὲν
1368 5770 1435 5838 τῇ
1460 5767 1730 5839 ἑρμηνείᾳ
1754 5766 1856 5838 τῆς

1959 5585 2120 5654 gelio.
2144 5586 2318 5641 Porro
2379 5586 2742 5641 conformitcr
2806 5591 2861 5644 in
2896 5590 3244 5662 expositione
3308 5591 3543 5661 liturgize

1958 5677 2165 5733 dictum
2194 5684 2299 5744 est,
2335 5677 2480 5745 quod
2510 5677 2722 5746 primus
2774 5678 3028 5734 introitus
3076 5679 3539 5735 resurrectionem

1961 5780 2014 5826 et
2074 5769 2449 5826 ascensionem
2501 5768 2805 5825 Satraitoris
2864 5771 3100 5843 ﬁgurat;
3175 5772 3543 5843 clausumque
