4078 6420
499 297 604 361 327
1364 297 1553 354 SYME

1033 403 1262 462 CAPUT
1315 398 1553 460 CXXIII.

499 520 649 586 Quod
681 519 915 576 encam‘a
939 520 992 573 in
1019 518 1256 572 Ecclesia
1285 515 1740 572 Thessalonicensi
1769 520 2061 572 etiamnum

939 590 1223 660 quotannis
1257 588 1616 642 celebrantur.

567 702 766 756 Sancta
832 715 961 755 vero
1020 698 1598 754 'l‘ltcssalonicensinm
1654 695 1920 764 Ecclesia,
2009 714 2076 754 ex

497 794 725 861 antiqua
781 792 1075 845 traditione
1117 805 1290 859 usque
1309 789 1377 843 ad
1412 789 1738 844 hodiernum
1769 789 1936 854 diem,
1975 789 2079 844 hoc

496 903 714 956 semper
760 895 1019 956 operatur
1085 887 1141 941 in
1231 883 1520 941 catholicis
1607 885 1876 940 ecclesiis.
1929 885 2077 940 Cele-

497 980 690 1048 bratur
718 980 937 1049 quidem
974 995 1218 1048 vespere,
1286 980 1430 1034 etin
1489 994 1689 1033 aurora
1754 979 1934 1048 quoad
1992 995 2078 1036 se-

496 1076 748 1140 quentia.

1025 1204 1253 1262 CAPUT
1291 1203 1528 1262 CXXIV.

918 1318 991 1371 De
1030 1319 1214 1372 ordine
1238 1319 1620 1372 encwniorum.

562 1431 722 1486 Mane
780 1445 909 1486 vero
957 1433 1303 1502 congregatis
1360 1431 1580 1485 clericis
1646 1431 1764 1500 ipse
1822 1429 2066 1501 pontifex

493 1524 576 1578 vel
615 1522 874 1578 sacerdos
899 1520 1138 1574 encaenia
1199 1519 1431 1587 perﬁcit.
1460 1518 1680 1590 lncepta
1728 1519 1916 1575 litauia
1941 1535 2065 1574 cum

489 1617 630 1670 ceris
682 1625 736 1670 et
770 1613 1090 1678 luminibus,
1141 1612 1195 1665 in
1254 1611 1487 1680 primum
1543 1613 1800 1682 templum
1845 1612 2070 1675 abeunt,

490 1707 582 1760 ubi
613 1706 668 1758 in
729 1704 1152 1759 consecratione
1197 1702 1406 1772 templi,
1439 1703 1601 1772 cujus
1639 1704 1910 1759 habentur
1964 1719 2063 1758 en-

487 1796 680 1859 omnia,
733 1809 904 1850 sacra:
930 1794 1173 1860 reliquiae
1207 1795 1359 1862 prius
1391 1801 1547 1847 erant
1573 1795 1854 1864 depositae.
1882 1793 2070 1863 Ibique
2103 1825 2143 1880 Β

485 1883 774 1940 sacerdote
838 1884 1112 1954 liturgiam
1177 1883 1433 1948 faciente,
1495 1884 1798 1954 gloriﬁcant
1853 1885 1907 1938 hi
1966 1885 2060 1954 qui

499 1977 744 2030 litaniam
801 1985 1200 2046 exsequuntur,
1267 1987 1462 2032 cantus
1507 1979 1762 2049 proprios
1823 1994 1852 2033 a
1920 1994 2065 2034 novo

486 2071 690 2140 templo
764 2079 935 2140 usque
1000 2071 1066 2123 ad
1120 2071 1404 2140 antiquum
1461 2071 1780 2140 psallentes.
1861 2069 2066 2126 Deinde

491 2162 546 2216 in
603 2164 830 2233 antiquo
893 2162 1092 2231 templo
1145 2163 1379 2228 liturgia'.
1417 2162 1727 2230 antiphome
1783 2161 2060 2229 dicuntur,

487 2268 665 2322 usque
707 2257 773 2307 ad
805 2253 1041 2323 primum
1069 2253 1379 2321 introitum,
1410 2254 1617 2309 dictum
1657 2269 1922 2324 parvum;
1957 2271 2054 2309 ex-

486 2344 613 2398 hinc
653 2345 984 2414 signilicato,
1043 2345 1188 2413 quod
1240 2345 1396 2412 juxta
1452 2345 1796 2401 traditionem
1855 2361 2057 2400 novum

484 2434 742 2504 templum
800 2437 997 2490 exinde
1046 2435 1348 2504 perfectum
1401 2446 1503 2493 est.
1564 2435 1719 2492 Tunc
1769 2438 1862 2508 qui
1907 2439 2063 2492 litur-

480 2525 627 2595 giam
680 2526 753 2579 ibi
807 2528 1049 2599 celebrat
1083 2527 1342 2582 sacerdos
1372 2527 1440 2581 ad
1483 2527 1656 2582 altare
1691 2529 1780 2582 hic
1810 2531 2050 2598 positum

481 2617 804 2686 ingreditur,
860 2626 915 2672 et
970 2633 1030 2672 ea
1069 2634 1190 2687 quae
1237 2627 1366 2674 sunt
1393 2618 1628 2689 liturgize
1684 2620 1932 2689 perlicit;
1968 2621 2063 2690 qui

485 2726 614 2766 vero
638 2711 883 2766 litaniam
903 2715 1432 2783 exsequtintur,lpost
1453 2714 1712 2770 introitus
1734 2716 2060 2782 orationem,

480 2806 835 2874 egrediuntur
892 2804 1093 2874 templo
1125 2805 1479 2873 litaniamque
1540 2822 1733 2862 rursus
1787 2819 1956 2876 agunt
1993 2807 2058 2861 ad

483 2910 683 2949 novum
707 2894 966 2962 templum
991 2896 1278 2960 abeuntes,
1325 2895 1527 2949 lumina
1553 2895 1808 2962 ferentes,
1857 2905 1908 2951 et
1935 2911 2062 2965 pro-

479 2987 628 3054 prios
649 2996 846 3041 cantus
871 2987 1001 3040 utin
1022 2986 1443 3041 consecratione
1473 2988 1851 3042 concinentes.
1882 2985 2016 3040 Cum
2037 3014 2052 3026 -

478 3091 587 3147 que
614 3091 783 3147 prope
803 3077 1063 3145 templum
1095 3076 1224 3131 facti
1246 3089 1395 3144 sunt,
1432 3093 1628 3148 magna
1656 3093 1785 3132 voce
1809 3087 1888 3130 ter
1924 3092 2060 3130 can-

1364 261 2533 361 SYMEONIS.THESSALONICENSIS
2569 297 2921 364 ARCHIEP.
3658 309 3763 368 aes

2742 415 2990 469 ΚΕΦᾹΛ.
3033 415 3207 471 PKI".

2186 526 2316 579 Ὀτι
2346 527 2420 580 τὰ
2457 527 2731 596 ἐγκαίνια
2763 531 2832 583 ἐν
2883 529 3492 611 r_1ieeo'o'a_.lorlxéwv
3528 538 3616 594 ἐτι
3676 543 3757 611 τί-

2672 617 2881 655 νονται
2907 601 3264 671 Ἑκκλησίᾳ.

2254 715 2364 770 Καὶ
2401 718 2432 784 ὴ
2469 716 2577 770 τῶν
2604 717 3050 772 Θεσσαλονικέων
3085 719 3141 772 δὲ
3197 719 3318 791 ίερὲι
3356 721 3655 792 Ἐκκλησία
3694 726 3760 777 ὲκ

2182 805 2531 874 παραδὺσεως
2560 807 2794 877 ἀρχαίας
2830 809 2993 878 μέχρι
3029 810 3131 880 τῆς
3175 813 3419 883 σήμερον
3469 815 3630 867 τοῦτο
3670 815 3760 868 ἀεὶ

2182 899 2394 967 ἐνεργεῖ
2419 901 2474 951 ἐν
2504 903 2623 960 ταῖς
2659 899 2976 963 καθολικαίς
3005 904 3347 972 ἐκκλησίαις.
3380 906 3493 959 Καὶ
3525 907 3759 961 τελεῖται

2183 988 2283 1059 μὲν
2343 991 2582 1063 ἑσπέρας
2638 994 2730 1046 καὶ
2790 996 2847 1048 ὲν
2911 995 2986 1066 τῷ
3041 997 3223 1069 δρορῳ
3253 1001 3319 1052 τὰ
3371 1002 3471 1070 τῆς
3529 999 3760 1054 ἀκολου-
3805 1011 3820 1022 ‘

2181 1080 2323 1145 θίας.

2735 1203 2986 1256 ΚΕΦΑΔ.
3031 1204 3200 1258 PKA'.

2428 1314 2568 1382 Περὶ
2599 1315 2709 1383 τῆς
2759 1316 2985 1383 τάξεως
3013 1317 3132 1372 τῶν
3166 1320 3506 1388 ἐγκηινιων.

2249 1427 2404 1496 Πρωῖ
2439 1429 2495 1482 δὲ
2529 1430 2917 1500 συναγομένων
2966 1433 3074 1484 τῶν
3103 1432 3406 1503 κληρικῶν,
3439 1435 3470 1505 ἢ
3503 1439 3530 1490 ό
3563 1437 3756 1506 ἀρχιε-

2180 1521 2304 1590 ρεὺς
2331 1523 2513 1587 αὐτὸς,
2547 1524 2656 1575 εἴτε
2699 1525 2727 1576 ὁ
2761 1525 2959 1593 ἱερεὺς,
2991 1528 3058 1579 τὰ
3106 1528 3358 1595 ἐγκαῐνια
3390 1529 3615 1583 ἐκτελεῐ.
3648 1531 3756 1583 Καὶ

2175 1611 2492 1681 ἀρξαμένης
2527 1614 2805 1679 λιτανείας
2859 1621 2996 1685 μετά
3047 1619 3236 1686 κηρῶν
3284 1621 3380 1673 καὶ
3418 1620 3637 1688 φώτων,
3673 1623 3756 1685 εἰς

2173 1704 2263 1758 τὸν
2299 1706 2514 1774 πρῶτον
2549 1709 2678 1760 ναδν
2695 1709 3046 1778 ἀπέρχονται,
3071 1711 3201 1763 ἔνθα
3243 1713 3594 1780 προαπετέθη
3624 1714 3751 1763 τότε

2173 1799 2230 1849 ἒν
2269 1801 2333 1868 τῇ
2366 1798 2698 1866 καθιερώσει
2753 1801 2848 1853 τοῦ
2897 1802 2966 1854 τὰ.
3005 1803 3256 1870 ἐγκαίνια
3291 1803 3507 1872 ἔχοντος
3534 1804 3663 1857 ναοῦ
3689 1807 3755 1858 τὰ

2177 1887 2305 1954 ἆγια
2357 1887 2608 1957 λείψανα.
2665 1890 2844 1942 Κάκεῖ
2890 1890 3336 1962 λειτουργοῦντος
3377 1893 3468 1944 τοῦ
3536 1893 3752 1960 ἱερέως,

2174 1979 2552 2048 δοξολογοῦσιν
2590 1983 2637 2034 οἱ
2687 1981 3081 2049 λιτανεύοντες,
3129 1985 3198 2038 τά
3251 1985 3494 2055 ίδιόμελα
3523 1986 3632 2038 ἀπὸ
3660 1985 3752 2038 τοῦ

2177 2073 2300 2124 νέου
2332 2073 2457 2143 ἄχρι
2485 2073 2581 2126 τοῦ
2615 2075 2851 2128 παλαιοῦ
2883 2076 3014 2128 ναοῦ
3073 2077 3389 2146 ψάλλοντες.
3427 2080 3659 2132 Ἔπειτα
3686 2079 3752 2130 τὰ

2175 2162 2275 2230 τῆς
2326 2163 2670 2234 λειτουργίας
2711 2167 2989 2236 ἀντίφωνα
3031 2167 3286 2236 λέγονται
3322 2172 3380 2221 ὲν
3409 2169 3486 2238 τῷ
3533 2171 3751 2240 παλαιῷ

2175 2254 2288 2322 ναῷ
2317 2255 2444 2324 ἄχρι
2494 2258 2596 2324 τῆς
2641 2258 2869 2329 πρώτης
2920 2261 3150 2325 εἰσόδου,
3197 2263 3294 2329 τῆς
3323 2262 3631 2332 λεγομένης
3661 2283 3751 2332 μι-

2173 2350 2312 2416 κρᾶς
2339 2364 2356 2380 ⁸
2388 2351 2451 2400 ὲκ
2470 2349 2661 2402 τούτου
2693 2351 3072 2420 δεικνυμένου,
3099 2354 3181 2406 ὅτι
3215 2354 3359 2405 κατά
3387 2353 3639 2424 διαδοχὴν
3667 2355 3749 2406 ἒν-

2171 2441 2364 2495 τεῦθεν
2392 2444 2420 2495 δ
2442 2444 2564 2506 νέος
2595 2443 2722 2506 ναὸς
2749 2445 3116 2498 τετελείωται.
3151 2447 3285 2498 Τότε
3311 2446 3366 2499 δὲ
3390 2447 3419 2499 ὀ
3442 2446 3542 2513 μὲν
3569 2449 3748 2499 ἐκεϊσε

2171 2533 2510 2606 λειτουργῶν
2544 2535 2724 2606 ἱερεὺς
2753 2537 3018 2590 είσοδεύει
3052 2539 3129 2600 είς
3156 2540 3217 2591 τὸ
3244 2541 3420 2593 ἐκεῖσε
3450 2541 3748 2610 Gustus-cf;-

2173 2643 2311 2694 ptov,
2346 2629 2441 2682 καὶ
2469 2628 2536 2680 τὰ
2557 2628 2658 2696 τῆς
2689 2628 3034 2700 λειτουργίας
3068 2632 3309 2684 ὲκτελεῖ·
3350 2636 3398 2685 οί
3437 2632 3748 2689 λιτανεύον-

2172 2737 2263 2782 τες
2311 2720 2367 2772 δὶ
2412 2722 2550 2789 μετά
2593 2721 2693 2792 τὴν
2725 2722 2823 2790 τῆς
2863 2724 3068 2776 εἰσόδου
3103 2725 3268 2794 εὐχὴν
3307 2725 3620 2795 ἐξέρχονται
3659 2728 3749 2780 τοῦ

2171 2811 2326 2875 ναοῦ,
2379 2810 2474 2864 καὶ
2527 2811 2898 2866 λιτανεύουσιν
2952 2810 3106 2879 αὖθις
3167 2819 3244 2878 είς
3295 2818 3390 2870 τὸν
3441 2819 3563 2871 νέον
3620 2822 3749 2874 ναδν

2171 2903 2561 2972 ἀπερχόμενοι,
2587 2903 3142 2976 λαμπαδηφοροῦντές
3167 2927 3225 2961 τε
3251 2909 3345 2962 καὶ
3367 2911 3433 2962 τὰ
3457 2910 3620 2968 λοιπὰ
3643 2916 3749 2967 τᾶν

2183 2994 2465 3062 ίδιομέλων
2495 2995 2572 3057 ὼς
2614 2996 2702 3048 καὶ
2739 2999 2796 3049 ὲν
2817 3001 2884 3068 τῇ
2913 2998 3240 3069 καθιερώσει
3285 3004 3602 3072 μέλποντες.
3638 3009 3744 3062 Καὶ

2171 3085 2332 3152 ἐγγὺς
2368 3085 2648 3155 γενόμενοι
2679 3088 2837 3160 124
2878 3087 2970 3142 τοῦ
3001 3092 3128 3144 ναοῦ
3152 3135 3166 3159 ,
3199 3098 3599 3163 μεγαλοφώνως
3630 3102 3745 3170 τρῖς

479 3177 636 3223 tant:
708 3185 728 3219 ι
764 3167 945 3221 Gloria
971 3168 1088 3231 tibi.
1119 3168 1340 3224 Christe
1387 3169 1566 3235 Deus;
1612 3188 1630 3221 ι
1687 3181 1742 3224 et
1796 3169 2056 3222 intrantes

2168 3175 2354 3246 ᾄδουσι
2385 3177 2466 3240 τὸ,
2498 3197 2516 3229 ι
2551 3179 2688 3242 Δόξα
2727 3197 2828 3245 σοι,
2879 3182 3084 3253 Χριστὲ
3113 3187 3140 3237 ὁ
3171 3185 3303 3247 Θεός
3329 3203 3346 3220 ο
3389 3206 3406 3238 ι
3438 3190 3532 3241 καὶ
3570 3167 3746 3243 εἰσελ-

482 3264 535 3314 in
568 3260 885 3327 uartbecen,
919 3261 1121 3316 clausis
1161 3262 1426 3330 speciosis
1463 3263 1655 3330 partis,
1701 3264 2056 3318 extrinsecus

478 3353 700 3419 quidem
762 3352 908 3406 hoc:
969 3371 988 3404 ‹
1023 3353 1269 3408 Attollite
1332 3360 1538 3422 portas,
1585 3371 1603 3404 ι
1645 3369 1766 3408 cum
1824 3354 2056 3409 melodia

477 3449 732 3496 cantores
824 3442 1117 3510 iutonaut;
1204 3443 1534 3496 intrinsecus
1606 3451 1788 3496 autem
1865 3444 2052 3500 istud:

481 3550 500 3583 ι
560 3532 694 3598 Quis
749 3539 834 3587 est
891 3533 1035 3589 iste?
1098 3551 1116 3584 ι
1155 3533 1369 3600 ,ωειςετὶ
1434 3544 1686 3588 cantores
1733 3537 2053 3602 concinunt,

474 3625 696 3695 angelos
753 3625 806 3678 in
857 3626 1182 3681 ascensione
1204 3624 1407 3679 Christi
1476 3623 1774 3680 imitantes.
1823 3626 1890 3680 Et
1950 3628 2053 3682 hoc

472 3726 556 3772 ter
584 3717 805 3774 dicitur.
837 3715 1045 3772 Ultimo
1063 3731 1193 3771 vero
1227 3731 1351 3769 cum
1388 3716 1464 3769 illi
1494 3717 1587 3785 qui
1615 3715 1750 3771 foris
1795 3726 1928 3771 sunt
1957 3733 2048 3774 ca-

476 3819 642 3863 nunt:
687 3827 707 3859 ι
748 3809 1012 3863 Dominus
1069 3809 1375 3870 virtutum;
1417 3824 1434 3857 ι
1473 3808 1632 3876 quasi
1662 3821 1756 3862 eos
1787 3809 1878 3876 qui
1920 3817 2051 3863 sunt

475 3899 620 3953 intus
668 3899 960 3952 edocentes
1014 3896 1082 3950 de
1129 3895 1259 3950 Jesu
1323 3895 1567 3961 ChriSto,
1627 3910 1754 3967 rege
1811 3898 2040 3967 gloriae:

483 4008 504 4042 ι
549 3989 640 4044 bic
673 3996 757 4044 est
795 3987 1062 4042 Dominus
1094 3988 1379 4052 virtutum,
1416 4006 1434 4038 ι
1466 3987 1707 4055 pontifex
1743 3989 1826 4042 vel
1859 4005 2047 4045 sacer-

469 4081 587 4152 dos.
646 4095 825 4150 genua
888 4080 1117 4132 llectcns
1185 4091 1349 4147 super
1409 4089 1657 4148 paratum
1700 4090 1932 4150 tapetem
1992 4089 2049 4134 et

471 4171 777 4240 pulvinum,
832 4169 1135 4223 orationem
1168 4169 1536 4224 encaeniorum
1565 4170 1700 4223 dicit
1727 4180 1780 4224 et
1813 4170 2046 4239 surgens

473 4261 664 4333 adjicit
724 4273 1124 4329 consequenter
1185 4263 1447 4316 introitus
1507 4263 1867 4325 orationem;
1929 4263 2044 4332 sig-

471 4365 721 4419 uansque
762 4361 970 4419 portas,
1011 4352 1208 4421 aperit,
1235 4361 1291 4406 et
1321 4352 1627 4421 ingreditur
1681 4365 1803 4403 cum
1840 4350 2042 4420 bisqui

469 4457 596 4495 cum
635 4443 752 4511 ipso
821 4452 965 4504 sunt,
995 4451 1050 4495 et
1103 4443 1309 4495 interea
1346 4442 1567 4494 canitur
1593 4441 1647 4494 in
1684 4441 1931 4508 ingressu
1990 4452 2045 4496 et

467 4548 735 4604 processu
790 4535 855 4589 ad
898 4536 1104 4589 altare:
1175 4552 1194 4586 ι
1229 4533 1404 4598 Quam
1445 4534 1670 4602 superni
1722 4533 2048 4589 lirmamenti

467 4627 754 4692 decorem;
792 4644 811 4678 ι
848 4629 901 4681 in
943 4643 1008 4682 eo
1063 4628 1208 4698 quod
1233 4629 1432 4682 caelum
1465 4627 1696 4678 alterum
1745 4641 1866 4680 esse
1917 4643 2052 4682 con-

467 4717 659 4771 cinunt
710 4717 1020 4783 ecclesiam,
1081 4733 1202 4786 qua:
1279 4728 1500 4785 quoque
1581 4723 1689 4769 tota
1781 4716 2051 4774 luminosa

465 4818 552 4863 est
612 4824 709 4872 per
745 4806 897 4862 faces
923 4823 987 4862 ac
1016 4808 1317 4877 lampades,
1383 4809 1428 4859 si
1477 4805 1699 4875 quidem
1749 4808 1904 4862 facile
1943 4821 2047 4877 est,

467 4901 510 4954 si
573 4917 679 4955 non
732 4915 829 4970 per
888 4915 951 4954 ea
1009 4913 1130 4969 qua:
1181 4907 1312 4952 sunt
1378 4901 1430 4952 in
1499 4908 1790 4969 potestate,
1828 4917 2042 4957 necnon

467 4991 690 5046 incenso
746 4989 1010 5060 repletur.
1064 4989 1128 5041 Et
1188 4991 1264 5043 ita
1321 4990 1462 5044 sacri
1531 4993 1779 5064 mysterii
1833 4995 2042 5064 reliqua

465 5082 842 5151 complentur;
916 5090 973 5135 et
1021 5095 1120 5150 pro
1197 5080 1506 5136 Clterubico
1563 5083 1708 5139 istud
1762 5103 1782 5136 ι
1821 5084 1990 5141 Sileat
2021 5105 2040 5138 ι

462 5173 700 5236 canitur,
737 5180 996 5238 tanquam
1063 5171 1118 5223 in
1151 5174 1604 5242 consecratione;
1662 5191 1760 5245 pro
1796 5177 1904 5231 alio
1950 5195 2064 5233 ειη-ί

465 5275 574 5316 tem
627 5263 928 5325 conununi,
992 5281 1012 5315 ι
1049 5262 1295 5332 Domine,
1332 5267 1495 5322 dilexi
1553 5269 1810 5325 decorem
1848 5270 2046 5327 domus

463 5364 586 5409 tum.
623 5373 641 5406 ι
700 5356 998 5423 Apostolus
1043 5368 1223 5410 autem
1291 5368 1346 5414 ct
1403 5360 1753 5432 EVangelium
1829 5363 1883 5417 iu
1947 5380 2046 5418 cu-

461 5449 630 5500 caenia
685 5449 958 5517 leguntur.
1029 5447 1165 5514 Quae
1216 5461 1364 5508 certe
1424 5457 1665 5524 reperies
1699 5456 1753 5510 in
1798 5458 2042 5527 antiquis

469 5538 780 5610 Evangeliis
813 5539 962 5594 circa
993 5542 1311 5610 vigesimam
1339 5545 1636 5602 secundam
1687 5557 1783 5604 aut
1841 5550 2038 5620 vigesi-

461 5645 603 5685 mam
657 5633 876 5688 tertiam
917 5632 1260 5690 Decembris.

2171 3267 2356 3329 θόντες
2387 3268 2477 3322 τὸν
2517 3271 2787 3340 νάρθηκα,
2833 3274 3164 3343 κλειομένων
3221 3278 3327 3330 τῶν
3376 3279 3595 3350 ὡραίων
3645 3301 3745 3335 πυο

2176 3358 2304 3423 λῶν,
2332 3359 2531 3424 ἔξωθεν
2553 3363 2654 3430 μὲν
2679 3364 2759 3430 τὸ,
2796 3383 2814 3415 ι
2849 3367 3050 3435 Ἀρατε
3083 3369 3276 3432 πύλας,
3316 3389 3334 3421 ι
3374 3373 3511 3440 μετά
3547 3374 3746 3442 μέλους

2167 3453 2215 3504 oi
2271 3453 2474 3521 ψάλται
2513 3454 2758 3526 ᾄδουσιν,
2807 3457 3017 3511 ἔνδοθεν
3051 3461 3107 3513 δὲ
3145 3461 3222 3526 τὸ,
3264 3481 3282 3513 ι
3325 3464 3421 3527 Τίς
3455 3467 3605 3518 ἐστιν
3653 3464 3746 3523 οὗ·

2167 3562 2281 3608 τος,
2325 3565 2343 3597 ι
2396 3548 2445 3599 oi
2477 3547 2656 3600 λοιποὶ
2683 3548 2906 3617 ψάλται,
2947 3554 3073 3614 τοὺς
3105 3553 3377 3620 ἀγγέλους
3413 3557 3743 3626 μιμούμενοι

2166 3637 2260 3690 ἐπὶ
2292 3640 2359 3708 τῇ
2396 3639 2657 3708 ἀναλήψει
2711 3641 2971 3711 Χριστοῦ.
3009 3645 3120 3696 Kal
3153 3645 3312 3699 τοῦτο
3349 3646 3565 3715 λέγεται
3599 3651 3742 3721 τρίς.

2168 3729 2438 3800 ’Υστερον
2475 3732 2532 3784 δὲ
2567 3732 2676 3785 τῶν
2714 3733 2908 3799 ἔξωθεν
2949 3734 3281 3802 ψαλλόντων,
3321 3758 3340 3790 ι
3383 3741 3588 3810 Κύριος
3631 3745 3740 3796 τῶν

2166 3822 2474 3891 δυνάμεων,
2518 3842 2535 3874 ι
2579 3826 2745 3878 οίονεὶ
2796 3827 2923 3888 τοὺς
2975 3828 3127 3889 ἐντὸς
3183 3829 3550 3888 διδασκόντων
3609 3839 3740 3909 περὶ

2176 3913 2354 3983 Ἰησοῦ
2375 3915 2615 3984 Χριστοῦ
2635 3918 2728 3969 τοῦ
2750 3917 3016 3986 βασιλέως
3038 3923 3135 3991 τῆς
3161 3922 3339 3994 δόξης,
3355 3943 3372 3976 ι
3404 3922 3571 3990 Οὗτός
3591 3929 3739 3980 ἐστιν

2162 4008 2190 4059 ὁ
2223 4007 2426 4077 Κύριος
2470 4009 2648 4062 αὐτῶν
2693 4011 2802 4063 τῶν
2835 4012 3140 4082 δυνάμεων,
3176 4035 3194 4068 ι
3229 4018 3256 4069 ὁ
3296 4019 3607 4089 ἀρχιερεὺς,
3640 4023 3670 4092 ἢ
3712 4025 3739 4074 ό

2165 4098 2366 4166 ἱερεὺς,
2394 4101 2522 4167 γόνυ
2560 4101 2757 4154 κλίνων
2788 4103 2879 4156 ἐπὶ
2927 4106 3340 4180 εὐτρεπισμένῳ
3389 4113 3590 4182 τάπητι
3641 4117 3735 4167 καὶ

2167 4192 2591 4260 προσκεφαλαίῳ
2632 4195 2730 4264 τὴν
2762 4197 2925 4265 εὐχὴν
2959 4197 3106 4264 λέγει
3136 4199 3243 4252 τῶν
3284 4202 3579 4268 ἑγκαινῐων
3603 4220 3614 4232 ·
3645 4207 3733 4258 καλ

2161 4283 2425 4350 ἐγερθεὶς,
2450 4287 2701 4354 ἐπιφέρει
2724 4287 2820 4357 τὴν
2845 4291 2942 4359 τῆς
2969 4291 3177 4344 είσὸδου
3201 4294 3512 4358 ἀκολούθως
3543 4297 3732 4368 εὐχήν·

2163 4374 2255 4424 καὶ
2286 4375 2603 4442 σφραγίζων
2640 4378 2738 4440 τὰς
2773 4379 2968 4445 πύλας,
3001 4382 3281 4449 ἀνοίγνυσι
3316 4401 3374 4436 τε
3403 4387 3496 4437 καὶ
3540 4389 3734 4441 εἴσεισι

2083 4499 2125 4552 D
2158 4464 2256 4552 συν
2290 4468 2402 4525 τοῖς
2446 4465 2543 4516 σὺν
2590 4468 2760 4536 αὐτῷ,
2792 4468 3105 4538 ψαλλόντων
3136 4475 3250 4542 ἅμα
3301 4475 3358 4526 έν
3390 4477 3464 4546 τῷ
3495 4478 3734 4548 εἰσέρχε-

2159 4551 2282 4604 σθειι
2314 4555 2405 4604 καὶ
2436 4554 2732 4608 εἰσοδεύειν
2771 4560 2849 4622 είς
2893 4561 2954 4612 τὸ
2995 4561 3404 4633 Θυσιαστήριον,
3450 4585 3468 4618 ι
3523 4567 3609 4627 Ὦς
3635 4569 3733 4620 τοῦ

2155 4644 2266 4696 ἀνω
2302 4649 2679 4714 στερεώματος
2701 4649 2798 4718 τὴν
2817 4652 3174 4720 ε’ὐπρέπειαν,
3208 4675 3224 4706 ι
3254 4655 3328 4718 ὠ;
3360 4660 3589 4729 οὐρανὸν
3615 4661 3733 4714 ἓτε-

2157 4749 2249 4802 ρον
2303 4736 2670 4806 ἀνυμνοῦντες
2731 4742 2830 4810 τὴν
2894 4743 3240 4815 Ἐκκλησίαν,
3293 4752 3324 4817 ἢ
3368 4752 3460 4802 καὶ
3497 4751 3642 4804 ἔστιν
3676 4757 3732 4808 ὁ·

2155 4821 2394 4892 λόφωτος
2430 4827 2519 4880 διὰ
2556 4827 2856 4896 λαμπάδων
2902 4850 2962 4885 τε
3018 4838 3112 4888 καὶ
3149 4842 3532 4910 φωταγωγῶν,
3568 4846 3728 4916 εἴπερ

2153 4917 2302 4968 ἐστὶν
2335 4920 2563 4989 εὐπορία
2588 4936 2602 4950 ο
2645 4923 2695 4973 εί
2752 4923 2796 4974 δ’
2857 4923 2970 4993 οὖν,
3005 4927 3110 4980 τῶν
3147 4934 3286 4984 κατά
3344 4933 3598 5004 δύναμιν,
3633 4939 3728 4992 καὶ

2155 5007 2500 5076 Θυμιάματος
2532 5013 2940 5082 ὲκπληροῦσαι¹
2978 5021 3072 5072 καὶ
3107 5018 3248 5072 οὕτω
3293 5022 3363 5075 τὰ
3411 5023 3577 5078 λοιπά
3627 5029 3727 5097 τῆς

2157 5097 2307 5161 θείας
2337 5100 2641 5154 ὲκτελείται
2702 5110 3115 5176 μυσταγωγίας.
3153 5111 3263 5164 Kal
3315 5115 3439 5167 ἀντὶ
3469 5117 3732 5185 Χερουὸι-

2149 5191 2248 5244 κοῦ
2293 5191 2391 5261 μὲν
2448 5193 2531 5260 τὸ,
2568 5213 2586 5246 ι
2633 5197 2946 5268 Σιγησάτω,
3005 5220 3022 5252 ι
3062 5202 3271 5272 ᾄδεται,
3318 5205 3391 5266 ὡς
3427 5208 3519 5259 καὶ
3551 5209 3612 5260 ὲν
3660 5213 3727 5280 τῇ

2148 5281 2478 5352 καθιερώσει
2507 5301 2521 5315 ⁸
2556 5289 2674 5340 ἀντὶ
2708 5287 2761 5339 δὲ
2796 5289 2955 5342 ἄλλου
2984 5295 3303 5346 κοινωνικοῦ
3340 5297 3422 5360 τὸ,
3459 5315 3478 5348 ι
3527 5298 3724 5369 Κύριε,

2147 5375 2409 5445 ἠγάπησα
2445 5380 2781 5451 εὐπρέπειαν
2818 5385 2970 5436 οἴκου
3009 5402 3130 5442 σου.
3181 5407 3198 5439 ι
3253 5387 3361 5442 Καὶ
3398 5393 3726 5456 ’Λπὸστολος

2147 5466 2203 5518 δὲ
2237 5471 2332 5522 καὶ
2366 5469 2707 5538 Εὑαγγέλιον
2739 5475 2805 5526 τὰ
2855 5477 2965 5530 τῶν
3011 5481 3305 5542 ἑγκαινίων
3348 5484 3727 5552 ἀναγινώσκε-

2143 5572 2255 5609 ται.
2314 5559 2378 5609 Ἃ
2425 5559 2488 5627 δὴ
2542 5563 2638 5615 καὶ
2690 5564 2946 5635 εὑρήσεις
2977 5569 3036 5622 ὲν
3071 5572 3318 5635 παλαιοῖς
3357 5576 3718 5644 Εὑαγγελίοις

2149 5647 2290 5700 κατὰ
2325 5652 2426 5718 τὴν
2460 5651 2713 5722 εἰκοστὴν
2745 5655 3004 5726 δευτέραν
3038 5661 3132 5714 τοῦ
3187 5665 3530 5734 Δεκεμὸρῐου
3563 5667 3592 5738 ἢ
3623 5669 3724 5738 τὴν

2145 5739 2392 5810 εἰκοστὴν
2425 5745 2630 5812 τρίτην.
