4078 6422
380 285 486 347 333

1657 281 1750 341 DE
1786 278 2027 340 SACRO
2062 278 2383 339 TEMPLO.

3534 284 3637 345 33l

381 418 493 465 νον,
510 398 594 452 ὄτι
614 397 673 450 οὗ
699 397 1073 468 καθιδρυμένα
1098 396 1227 463 eisi,
1245 397 1337 449 καὶ
1367 394 1427 449 οὗ
1448 411 1587 466 μετα
1606 394 1757 449 ναοῦ.
1777 394 1957 448 Οἱονεὶ

2077 407 2229 461 quam
2257 394 2370 446 hmc
2402 409 2506 448 non
2539 403 2971 461 constituantur,
2996 396 3212 462 sintque
3232 396 3353 452 sine
3389 398 3593 467 templo
3618 417 3633 462 ;

380 494 488 564 γὰρ
521 491 704 555 αὐτοῖς
750 489 897 554 ἄπας
925 492 953 544 6
981 491 1182 561 κόσμος
1227 489 1347 543 ἐστὶ
1386 487 1541 551 ναόςο
1577 487 1673 540 καὶ
1723 487 1805 539 ὅτι
1854 485 1952 538 οὐκ

381 588 443 640 ἐκ
471 585 654 648 λίθων,
691 583 807 636 ἀλλ’
844 584 902 650 ἒξ
931 583 1271 654 ὑφασμάτων
1306 582 1435 647 alat,
1483 581 1579 633 καὶ
1638 577 1841 649 μᾶλλον
1890 578 1954 629 ἐκ

378 678 555 731 λίνου·
595 678 677 730 ὅτι
702 676 769 728 τά
801 676 897 729 τοῦ
933 676 1141 738 πάθους
1169 669 1532 744 διενεργοῦσι,
1560 671 1656 725 καὶ
1692 671 1769 734 ὡς
1800 668 1957 724 ἐντά-

382 770 481 838 φιά
520 770 646 830 εἰσι,
684 769 778 820 καὶ
802 766 911 821 ἀπὸ
944 766 1047 836 γῆς
1070 766 1265 821 ταῦτα.
1300 765 1357 819 '0
1386 762 1531 827 λίνος
1559 762 1667 833 γὰρ
1690 762 1798 816 άπὸ
1826 758 1953 831 γῆς,

382 859 457 924 ὡς
504 859 595 913 καὶ
647 858 739 911 ἐπὶ
780 858 885 928 γῆς
927 857 1023 911 τοῦ
1071 858 1330 928 Σωτῆρος
1375 855 1437 909 τὸ
1497 856 1687 924 μνῆμα
1739 855 1954 923 γέγονε.

386 953 570 1016 Πάσας
616 946 712 1006 οὖν
752 949 956 1022 ὁμοίως
1001 952 1069 1020 τῇ
1108 947 1357 1019 τραπέζῃ
1388 948 1455 1018 τῇ
1507 947 1631 1018 ἱερᾷ
1683 947 1778 1000 καί
1815 944 1959 1000 αὐτὰ

382 1044 628 1112 δέχονται
676 1043 774 1105 τὰς
807 1041 993 1111 εὐχὰς,
1025 1041 1164 1111 αὐτῇ
1204 1040 1556 1109 ἐπικείμενα.
1592 1037 1703 1092 Καὶ
1735 1037 1959 1107 μνήμην

385 1134 566 1187 αὐτῶν
591 1136 619 1187 6
645 1133 936 1203 ἀρχιερεὺς
962 1135 1194 1186 ποιεῖται
1224 1132 1285 1186 ἐν
1309 1132 1386 1201 τῷ
1411 1130 1513 1194 τὰς
1541 1129 1707 1199 εὐχάς
1740 1129 1922 1199 λέγειν
1943 1145 1955 1158 ·

387 1231 480 1282 καὶ
509 1228 712 1299 ὁμοίως
745 1230 1082 1299 άγιασθῆναι
1117 1227 1362 1282 δυσωπεῖ
1389 1229 1457 1297 τῇ
1487 1225 1835 1294 ἐπιφοιτήσει
1864 1223 1959 1277 τοῦ

388 1322 533 1374 θείου
574 1322 889 1390 Πνεύματυς
913 1340 927 1354 ο
983 1322 1075 1375 καὶ
1121 1320 1325 1389 ὁμοίως
1363 1319 1648 1384 ἐκπλύνει,
1696 1316 1794 1371 καὶ
1827 1319 1960 1389 ῥαν-

388 1414 548 1478 τίζει,
608 1416 703 1468 καὶ
760 1413 977 1482 ἀλείφει
1023 1413 1102 1483 τῷ
1149 1412 1308 1484 μύρῳ
1367 1413 1489 1482 τρὶς
1537 1412 1710 1465 ποιῶν
1740 1410 1958 1479 ἑκάστῳ

392 1504 644 1574 σταυρὸν,
695 1504 771 1572 ὡς
818 1506 914 1559 καὶ
960 1506 1016 1558 ἐν
1056 1506 1124 1574 τῇ
1180 1503 1432 1576 τραπέζῃ
1475 1503 1564 1557 διὰ
1615 1502 1709 1556 τοῦ
1760 1502 1961 1571 μύρου,

392 1597 704 1667 ἐπιψάλλων
742 1598 802 1651 τὸ
844 1596 1184 1667 Ἀλληὶούῖα.
1234 1598 1346 1652 Καὶ
1378 1597 1456 1660 ὡς
1500 1597 1560 1650 ἐν
1601 1596 1669 1665 τῇ
1710 1594 1960 1664 τραπέζῃ

390 1689 574 1757 τίθησι
612 1688 858 1758 τέσσαρα
904 1689 1224 1758 ὑφάσματος
1290 1687 1432 1757 μέρη
1481 1686 1563 1749 είς
1610 1684 1784 1738 τύπον
1851 1681 1963 1735 τῶν

2061 480 2243 550 aliquo
2263 483 2425 536 modo
2460 484 2603 537 enim
2628 494 2772 537 totus
2794 487 3032 539 mundus
3071 487 3204 554 ipsis
3222 497 3307 540 est
3341 488 3634 567 templum;

2061 570 2287 642 insuper
2317 583 2498 629 autem
2529 591 2635 630 non
2652 592 2715 629 ex
2737 578 3027 646 lapidibus,
3061 582 3153 633 sed
3190 595 3253 634 es
3275 584 3460 643 textis,
3497 597 3635 650 pra:-

2061 665 2360 735 sertimquc
2395 681 2460 720 ex
2506 667 2618 723 lino
2658 669 2801 736 sint;
2843 672 3099 741 quoniam
3137 686 3199 726 ea
3223 688 3342 741 qua:
3365 674 3639 743 passionis

2060 765 2187 811 sunt
2206 754 2525 826 operantur,
2544 768 2598 816 et
2614 762 3032 832 quasizlunebria
3058 772 3206 819 sunt:
3226 774 3280 820 et
3299 766 3401 822 hac
3417 780 3447 820 a
3463 774 3638 822 turre.

2061 845 2257 901 Linum
2292 850 2436 903 enim
2481 860 2563 905 est
2591 866 2621 906 a
2644 862 2789 906 terra
2827 854 3047 911 sicutct
3074 854 3142 910 de
3163 865 3306 911 terra
3340 856 3641 912 Salvatoris

2071 950 2485 997 monumentum
2516 943 2634 998 luit.
2661 943 2867 1001 Omnes
2896 962 3027 1017 ergo
3057 947 3260 1016 pariter
3312 948 3413 1004 hac
3453 963 3639 1003 mensa

2062 1045 2217 1086 sarra
2253 1048 2445 1098 preces
2499 1035 2853 1104 accipinntel
2899 1054 3020 1108 qum
3060 1053 3227 1109 super
3251 1039 3398 1094 illam
3440 1039 3641 1111 posita,

2072 1126 2404 1196 illorumqne
2426 1129 2740 1183 memoriam
2761 1129 2886 1185 facit
2915 1130 3177 1200 pontil‘ex,
3197 1149 3319 1187 cum
3346 1147 3537 1203 preces
3556 1147 3643 1187 rc-

2071 1218 2238 1284 citat;
2286 1218 2490 1288 pariter
2521 1220 2683 1275 etiam
2714 1219 2830 1276 hrcc
2853 1222 3163 1278 visitatione
3195 1224 3364 1279 divini
3397 1223 3640 1294 Spiritus

2073 1309 2404 1364 sanctiﬁcari
2435 1312 2756 1385 suppliciter
2779 1322 2935 1382 rogat
2960 1331 2977 1380 ;
3009 1331 3113 1370 nec
3139 1331 3246 1371 non
3276 1317 3479 1386 pariter
3507 1332 3644 1387 quo-

2063 1414 2168 1468 que
2204 1399 2398 1463 abluit.
2446 1403 2703 1472 aspergit,
2747 1412 2801 1457 et
2837 1405 3047 1475 inungit
3090 1417 3371 1476 unguento
3398 1416 3490 1463 .ter
3522 1409 3645 1463 uui-

2063 1490 2264 1559 cuique
2300 1490 2512 1548 lacicns
2550 1507 2796 1559 crucem,
2832 1496 2973 1550 sicut
3003 1509 3055 1552 et
3094 1499 3148 1553 in
3197 1514 3380 1556 mensa
3417 1515 3511 1570 per
3540 1517 3643 1555 un-

2065 1597 2351 1654 gnentum.
2388 1584 2652 1654 adjicieus
2672 1596 2894 1642 cantum
2921 1590 3171 1647 Alleluia.
3209 1591 3276 1648 Et
3302 1600 3559 1664 tanquam
3590 1593 3643 1647 in

2071 1690 2288 1742 mensa,
2322 1689 2560 1746 quatuor
2597 1680 2747 1749 ponit
2778 1683 2913 1736 texti
2943 1691 3146 1753 partes,
3176 1685 3230 1739 in
3263 1695 3447 1757 typum
3477 1704 3645 1742 evan-

393 1744 800 1846 εὐαγγελιοντῶν⁸
821 1772 895 1831 ὧν
947 1744 1248 1848 ἐπιγράφει
1290 1744 1390 1830 καὶ
1420 1744 1490 1830 τά
1520 1744 1766 1845 ὀνόματα
1788 1790 1802 1804 ·
1868 1772 1964 1825 καὶ

2077 1769 2425 1839 gelistarnm,
2453 1786 2689 1841 quorum
2742 1774 2908 1829 etiam
2949 1776 3200 1832 inscribit
3254 1780 3499 1835 nomina.
3534 1779 3649 1835 Duo

390 1868 483 1922 δύο
510 1870 639 1922 ἄλλα
675 1867 768 1922 [aa
798 1868 873 1939 τῷ
904 1865 1252 1939 άντιμινσίῳ,
1277 1866 1416 1936 ὅπερ
1445 1865 1595 1918 ἐστὶν
1626 1865 1661 1934 ἡ
1689 1862 1965 1931 τράπεζα,

394 1960 654 2014 συνάπτει
689 1977 746 2013 τε
775 1961 869 2013 καὶ
899 1960 1206 2031 συρῤάπτει
1227 1974 1240 1987 ·
1278 1957 1340 2011 τὸ
1370 1958 1471 2026 μέν
1513 1958 1589 2021 ὼς
1614 1954 1965 2026 κατασάρκα,

394 2053 537 2107 καθά
571 2053 665 2105 καὶ
695 2053 753 2105 ἐν
787 2054 854 2123 τῇ
894 2053 1143 2123 τραπέζῃ
1177 2052 1261 2115 εἰς
1297 2051 1471 2103 τύπον
1511 2050 1611 2119 τῆς
1642 2048 1901 2114 σινδόνος,

393 2145 586 2216 νεκρὸν
621 2144 868 2216 ἐνείλησε
897 2145 989 2200 τὸν
1031 2144 1267 2215 Χριστὸν
1311 2144 1338 2196 6
1395 2140 1631 2212 Ἰωσήφ·
1666 2140 1728 2193 τὸ
1765 2140 1846 2202 δὲ,
1892 2137 1968 2203 ὡς

395 2238 826 2310 τραπεζοφόρον,
863 2236 944 2300 εἱς
984 2234 1152 2306 τιμὴν
1195 2232 1289 2289 τοῦ
1335 2232 1530 2303 θρόνου
1575 2230 1735 2285 Θεοῦ.
1766 2230 1969 2301 Θρόνος

395 2331 503 2400 γὰρ
552 2324 717 2384 αὐτοῦ
772 2329 835 2382 τὸ
885 2328 1271 2397 θυσιαστήριον
1328 2326 1425 2379 καὶ
1469 2322 1803 2386 ἀνάπαυσις.
1859 2322 1969 2376 Καὶ

394 2422 604 2492 είλητδν
648 2423 813 2491 μέσον
859 2421 1052 2473 τούτου
1104 2417 1481 2487 συρῤάπτεται
1529 2416 1610 2479 είς
1658 2414 1830 2467 τύπον
1874 2409 1967 2465 τοῦ

398 2514 701 2584 σουδαρίου.
736 2515 848 2567 Καὶ
882 2511 931 2565 οἱ
980 2510 1154 2565 ταῦτα
1189 2507 1477 2579 δηλοῦντες
1506 2506 1712 2578 ψαλμοὶ
1750 2506 1845 2559 καὶ
1875 2503 1971 2557 ἐπὶ

394 2607 605 2671 τούτοις
640 2605 715 2669 ὡς
749 2605 844 2659 καὶ
888 2604 946 2657 ἐν
990 2605 1059 2675 τῇ
1092 2602 1213 2672 Θείᾳ
1254 2599 1508 2672 τραπέζῃ
1537 2598 1810 2666 λέγονται,
1843 2596 1969 2649 ἐπιὶ

396 2699 491 2752 καὶ
514 2698 589 2769 μὴ
629 2694 1011 2765 καθιερώσεως
1035 2692 1357 2762 γενομένης,
1393 2690 1583 2763 χρείας
1613 2688 1782 2758 οὔσης
1823 2689 1970 2743 ἀντι·

399 2792 649 2861 μινσίων,
699 2788 888 2841 ἐπάνω
956 2788 1109 2857 ἱερᾶς
1157 2785 1504 2855 ήγιασμένης
1549 2783 1829 2856 τραπέζης
1861 2781 1971 2834 τῶν

397 2882 615 2952 ἀμφξων
663 2878 838 2947 αὐτῆς
885 2877 1275 2947 ἐξαιρομένων,
1321 2877 1419 2929 καὶ
1456 2874 1822 2945 ἁπλουμένων
1860 2874 1970 2926 τῶν

397 2971 750 3041 ὰντιμινσίων
781 2969 984 3033 αὐτῶν,
1015 2970 1051 3040 ἡ
1090 2969 1190 3039 τῆς
1221 2967 1605 3038 καθιερώσεως
1636 2966 1789 3030 τάξις
1826 2966 1973 3034 γίνε-

2069 1874 2286 1928 quoque
2345 1861 2453 1915 alia
2508 1871 2653 1917 texta
2704 1866 3042 1944 antiminsio,
3096 1872 3241 1940 quod
3290 1879 3376 1927 cst
3438 1888 3650 1937 mensa,

2069 1953 2300 2018 aqualis
2335 1954 2680 2025 conglutinat
2741 1973 2804 2013 ac
2830 1961 3075 2016 conserit
3102 1978 3115 2027 ;
3147 1972 3201 2017 et
3227 1979 3394 2018 unum
3430 1965 3650 2033 quidem
3682 1976 3693 1981 '

2069 2051 2329 2116 tauquam
2354 2045 2702 2104 involucrum
2733 2054 3002 2121 corporis,
3071 2054 3296 2111 sicutet
3324 2057 3376 2111 in
3432 2072 3649 2123 mensa,

2072 2138 2125 2191 in
2157 2146 2343 2209 typum
2385 2139 2654 2206 siudonis,
2686 2158 2795 2213 qua
2828 2154 3105 2201 mortuum
3136 2147 3414 2205 Christum
3450 2149 3651 2219 Joseph

2073 2230 2334 2298 involvit;
2408 2233 2554 2290 aliud
2613 2247 2797 2291 autem
2861 2246 3125 2309 tanquam
3193 2245 3649 2312 trapezaphorum

2074 2324 2127 2378 in
2171 2325 2437 2381 honorem
2490 2327 2671 2383 throni
2721 2329 2847 2385 Dei:
2904 2331 3136 2388 thronus
3166 2336 3311 2401 enim
3361 2337 3511 2392 illius
3570 2346 3659 2392 est

2073 2414 2246 2471 altare
2309 2416 2575 2490 locusque
2622 2421 3005 2491 requietionis.
3088 2425 3154 2480 Et
3222 2427 3655 2484 inrolumentum

2072 2507 2128 2561 in
2164 2506 2346 2562 medio
2377 2508 2496 2579 ejus
2526 2512 2835 2575 consuitur,
2866 2514 2920 2568 in
2952 2514 3160 2570 sudarii
3191 2530 3372 2588 typum
3398 2562 3412 2583 ,
3446 2529 3501 2575 et
3538 2521 3654 2574 ham

2073 2597 2444 2667 signiﬁcantes
2482 2600 2704 2670 psalmi,
2741 2618 2906 2672 super
2950 2605 3070 2660 istis
3097 2607 3243 2661 velut
3271 2625 3437 2679 super
3470 2611 3652 2665 divina

2074 2702 2265 2743 mensa
2315 2688 2612 2756 dicuntur;
2683 2707 2809 2747 nam
2858 2694 3025 2750 etiam
3084 2699 3497 2755 consecratione
3548 2716 3654 2756 non

2075 2781 2238 2849 facta,
2270 2783 2317 2839 si
2348 2785 2683 2842 antiminsiis
2706 2802 2842 2856 opus
2859 2790 2949 2855 sit,
2980 2805 3144 2861 supra
3164 2806 3375 2846 sacram
3408 2809 3653 2849 mensam

2075 2879 2473 2936 sauctiﬁeatam
2492 2881 2834 2940 vestimentis
2854 2884 3026 2955 ipsius
3050 2886 3657 2960 evutis,explicatisquc

2076 2973 2212 3043 ipsis
2269 2973 2632 3038 antiminsiis,
2691 2976 2828 3031 ordo
2881 2980 3316 3037 consecrationis
3382 2983 3477 3041 lit:
3536 3000 3659 3055 quae

396 3082 510 3121 ται.
548 3067 615 3118 Ἀ
638 3064 732 3118 καὶ
749 3064 831 3117 δεῖ
856 3063 1152 3133 ἐξαιρέτως
1174 3060 1330 3147 παρὰ
1348 3059 1654 3129 ἀρχιερέως
1683 3057 1933 3125 γίνεσθαι
1952 3072 1966 3085 °

2078 3065 2349 3135 praecipue
2395 3076 2613 3134 Oportet
2672 3082 2701 3121 a
2734 3070 2991 3138 pontiﬁce
3035 3072 3152 3129 ﬁeri
3185 3090 3201 3141 ;
3236 3074 3394 3146 juxta
3432 3092 3658 3134 necces-

399 3161 522 3213 κατ’
570 3159 819 3229 ἀνάγκην
868 3156 925 3210 δὲ
983 3157 1270 3226 προτροπῇ
1325 3152 1490 3206 αὐτοῦ
1542 3153 1672 3222 παρ’
1706 3151 1971 3214 εὐλαϐοῦς

401 3251 590 3323 ἱερέως
625 3252 818 3319 πεῖραν
846 3247 956 3301 τῶν
991 3247 1151 3301 θείων
1176 3243 1545 3316 κεκτημένου,
1581 3242 1640 3306 ὅς
1678 3243 1774 3297 καὶ
1807 3244 1970 3297 ἐπεν-

397 3344 585 3399 δύεται
606 3343 818 3397 σινδόνα
848 3342 1035 3396 ἐπάνω
1061 3342 1170 3393 τῶν
1198 3339 1515 3409 ἱερατικῶν,
1542 3336 1686 3391 καθά
1717 3336 1782 3407 δὴ
1813 3336 1909 3388 καὶ
1945 3338 1973 3389 6

399 3441 686 3511 ἀρχιερεὺς
718 3441 775 3493 ἐν
813 3437 891 3509 τῷ
913 3438 982 3492 τὰ
1009 3436 1329 3507 ἀντιμίνσια
1351 3435 1619 3504 ἁγιάζειν.
1647 3433 1973 3492 Τε).ευταίυν

398 3528 490 3587 οὖν
516 3535 727 3596 τούτοις
750 3531 845 3587 καὶ
878 3531 1097 3602 μερίδες
1123 3530 1298 3598 ἁγίων
1329 3529 1624 3599 λειψάνων,
1661 3533 1974 3605 χρξσθεῖσαι

398 3626 477 3697 τῷ
518 3625 674 3697 μύρῳ
706 3626 765 3692 ἐξ
793 3625 1066 3678 ἀνατολῶν
1103 3623 1307 3687 αὐτῶν,
1355 3624 1411 3674 ἐν
1464 3623 1649 3698 μικρῷ
1687 3644 1795 3679 τινι
1835 3626 1977 3693 ὑφά-

399 3734 567 3787 σματι
604 3717 776 3781 λίνου,
827 3716 950 3770 ἀντὶ
991 3713 1225 3783 σκεύους
1278 3715 1664 3774 ἐπιϐάλλονται
1698 3722 1795 3774 καὶ¹
1844 3719 1976 3792 συρ-

402 3809 721 3885 βάπτονται.
761 3808 874 3869 Καὶ
908 3806 1090 3868 πάντα
1141 3813 1577 3883 ἀπαραλείπτως
1622 3811 1834 3879 γίνεται
1880 3810 1976 3864 καὶ

401 3909 459 3959 ἐν
486 3910 690 3973 αὐτοῖς,
717 3907 817 3960 ὅσα
841 3909 934 3961 καὶ
963 3908 1020 3959 ὲν
1037 3908 1106 3977 τῇ
1130 3905 1251 3977 θεία
1274 3904 1654 3979 καθιδρυμένῃ
1686 3905 1937 3976 τραπέζῃ
1958 3920 1972 3933 ·

400 4002 481 4053 ὃτι
535 3982 630 4054 καὶ
689 3999 922 4053 ἕκαστον
980 3999 1164 4054 αὐτῶν
1218 3998 1342 4069 ίερὰ
1376 3997 1629 4068 τράπεζά
1681 4001 1822 4064 ἐστι,
1883 3999 1978 4051 καὶ

401 4094 557 4166 δόξης
591 4091 725 4146 Θεοῦ
753 4091 1167 4164 πεπληρωμένα
1201 4090 1328 4145 εἰσί.
1360 4091 1469 4144 Καὶ
1495 4090 1575 4143 δεῖ
1603 4090 1743 4143 αύτὰ
1779 4090 1858 4160 μὴ
1896 4091 1978 4153 εἰς

403 4186 494 4238 τὸν
542 4186 772 4255 τυχόντα
820 4184 1011 4247 ἁπλῶς
1044 4182 1264 4236 κεῖσθαι
1315 4178 1486 4245 οἷκον,
1543 4181 1667 4252 μηδ’
1709 4180 1978 4235 ἅπτεσθαι

403 4278 608 4331 τούτων
654 4278 905 4341 λαῖκοὺς,
956 4278 1077 4330 ἐπεὶ
1114 4278 1207 4329 καὶ
1259 4277 1319 4329 οὐ
1365 4275 1525 4347 χρεία
1577 4275 1685 4328 οὐδ’
1718 4274 1975 4343 ἀνάγκη*

403 4368 492 4420 διὰ
534 4368 643 4438 γάρ
695 4368 800 4439 τὴν
854 4368 1171 4442 ἱερουργίαν
1224 4366 1366 4420 εἰσί·
1427 4366 1525 4419 καὶ
1582 4366 1752 4436 χωρὶς
1783 4366 1981 4437 ἱερέως

2082 3158 2297 3213 sitatem
2331 3175 2481 3224 vero,
2546 3162 2693 3220 illius
2756 3164 2894 3229 vice.
2929 3182 2958 3220 a
3008 3162 3414 3241 circumspecto
3476 3188 3663 3229 sacer-

2081 3251 2563 3317 dotc,divinurtun
2610 3259 3006 3329 experientiam
3039 3270 3221 3330 nacto,
3279 3266 3371 3335 qui
3426 3265 3659 3322 sindona

2081 3358 2246 3417 super
2284 3350 2644 3406 sacerdotalia
2666 3354 2993 3408 vestimenta
3035 3354 3232 3419 induit,
3267 3358 3411 3412 sicut
3443 3366 3500 3414 et
3533 3375 3663 3424 pou-

2087 3438 2223 3494 tilcx
2263 3455 2389 3495 cum
2430 3443 2748 3501 antiminsia
2798 3445 3125 3502 sanctiﬁcat.
3189 3446 3529 3504 Postremum
3560 3450 3662 3519 igi-

2087 3541 2173 3584 tur
2224 3531 2344 3588 istis
2398 3534 2563 3589 etiam
2610 3550 2889 3592 sacrarum
2946 3538 3301 3608 reliquiarum
3355 3542 3663 3610 portiones,

2086 3624 2153 3678 ad
2185 3625 2429 3695 ipsorum
2463 3628 2756 3691 orientem.
2794 3631 3029 3685 inuncta:
3062 3639 3341 3702 unguento
3383 3634 3437 3688 in
3479 3635 3664 3704 aliquo

2090 3733 2263 3786 parvo
2304 3720 2476 3775 linteo
2521 3729 2691 3789 texto,
2758 3723 2967 3778 vaseuli
3016 3725 3155 3790 loco,
3200 3726 3557 3795 imponuntur
3609 3738 3665 3781 et

2085 3820 2452 3867 consuuntnr.
2503 3813 2569 3866 Et
2611 3817 2794 3875 omnia
2836 3817 3103 3872 continue
3160 3817 3296 3872 ﬁunt
3326 3826 3384 3873 et
3416 3819 3469 3873 in
3522 3819 3662 3880 istis.

2089 3918 2436 3973 quaecunque
2507 3905 2648 3959 facta
2688 3915 2817 3961 sunt
2874 3907 2929 3962 in
2971 3907 3155 3963 divina
3203 3922 3389 3965 mensa
3429 3910 3655 3974 deﬁxa;

2086 3995 2342 4063 quoniam
2377 3998 2810 4067 unumquodque
2860 4014 3045 4053 eorum
3104 4015 3263 4056 sacra
3296 4016 3485 4057 mensa
3539 4013 3662 4067 cst,

2089 4102 2151 4139 ac
2178 4085 2268 4139 Dci
2300 4086 2473 4154 gloria
2507 4089 2711 4157 repleta
2745 4099 2897 4145 sunt.
2945 4092 3174 4160 Oportet
3218 4091 3383 4148 etiam
3416 4092 3504 4147 illa
3552 4108 3659 4148 nan

2090 4179 2143 4232 in
2195 4178 2634 4249 qualemcunque
2680 4182 2904 4239 domum
2976 4186 3187 4255 reponi,
3262 4200 3365 4242 nec
3424 4202 3455 4241 a
3506 4187 3666 4242 laicis

2088 4270 2367 4341 contingi:
2399 4273 2671 4340 siquidem
2698 4291 2799 4330 nec
2830 4277 3039 4333 utilitas
3072 4292 3177 4333 nec
3203 4277 3511 4336 necessitas
3540 4289 3660 4335 est:

2089 4372 2215 4415 sunt
2247 4364 2394 4417 enim
2428 4372 2653 4434 pr0pter
2682 4367 2825 4422 sacri
2877 4368 3331 4437 celebrationem,
3370 4381 3427 4427 et
3456 4372 3667 4442 absque

407 4462 686 4532 ἱερουργία
715 4462 776 4514 οὐ
821 4460 1046 4528 γίνεται.
1085 4459 1289 4512 Λοιπὸν
1333 4457 1511 4512 ταῦτα
1556 4456 1968 4526 φυλαττέτωσω

2088 4454 2375 4508 sacerdote
2407 4468 2516 4509 non
2584 4455 2642 4511 ﬁt
2684 4457 2829 4513 sacri
2881 4460 3198 4518 celebratio.
3260 4463 3526 4519 Caeterum
3558 4466 3666 4521 ista

407 4551 573 4619 ἱερεῖς
603 4549 972 4620 λαμϐάνοντες
994 4548 1139 4602 κατὰ
1167 4548 1364 4618 χρείαν
1391 4546 1544 4616 παρὰ
1570 4546 1663 4600 τοῦ
1692 4546 1975 4616 ἱεράρχου.

406 4641 541 4695 Οὑδέ
574 4643 681 4713 γὰρ
738 4642 978 4712 ἱερεῦσιν
1009 4641 1169 4695 ἄδεια
1201 4640 1449 4709 ἐνεργεῖν
1480 4639 1551 4692 δι’
1585 4639 1767 4691 αὐτῶν
1806 4641 1979 4707 χωρὶς

408 4735 665 4798 ἐνδόσεως
714 4732 810 4787 τοῦ
858 4732 1185 4803 ἀρχιερέως.
1239 4729 1399 4784 υῦτω
1455 4729 1557 4801 μὲν
1605 4727 1700 4782 οῦν
1748 4731 1776 4781 6
1826 4728 1983 4796 ἅγιος

407 4825 532 4888 ναὸς
584 4826 951 4895 άνεγήγερται
996 4822 1098 4894 ήδη
1143 4824 1238 4876 καὶ
1286 4821 1659 4885 τετελείωται,
1710 4819 1805 4873 καὶ
1838 4821 1982 4873 κατὰ

405 4915 634 4983 δύναμιν
668 4916 949 4986 ἡμετέραν
982 4918 1051 4967 τά
1097 4915 1155 4966 ἐν
1187 4912 1365 4981 τούτῳ
1402 4910 1710 4981 ἐοεωρήθη.
1746 4909 1894 4980 *Λρα
1926 4912 1985 4963 δὲ

407 5004 649 5059 λείπεταί
685 5023 739 5058 τι
768 5007 905 5076 πρὸς
936 5005 1099 5058 τοῦτο
1130 5003 1413 5073 θεωρῆσαι
1458 5004 1555 5056 καὶ
1588 5001 1817 5072 ἒτερον;

479 5188 791 5255 Κληρικός.
838 5185 923 5251 Ὠς
946 5181 1013 5255 ἦν
1047 5184 1295 5246 δυνατὸν,
1338 5183 1540 5253 Πάτερ.
1589 5182 1783 5253 μαθεῖν
1816 5184 1984 5253 ἡμᾶς,

411 5280 808 5350 μεμαθήκαμέν
859 5296 917 5332 τε
973 5280 1066 5330 καὶ
1117 5278 1402 5348 ἔγνωμενο
1437 5278 1485 5327 εὶ
1521 5277 1576 5328 δὲ
1614 5277 1705 5327 καί
1738 5293 1788 5326 τι
1827 5276 1987 5324 πλέον

410 5373 546 5437 ἐστὶ,
587 5372 682 5424 καὶ
714 5372 842 5440 περὶ
864 5373 1053 5425 τούτου
1081 5371 1318 5439 δηλῶσαι
1350 5368 1481 5434 ἡμῖν
1506 5367 1760 5436 δεόμεθα.

876 5550 883 5561 ’
960 5550 1210 5602 ΚΕΦΔΛ.
1241 5548 1430 5600 PKll’.

554 5641 613 5694 Τί
642 5639 757 5709 ἄρα
782 5645 813 5697 ό
843 5640 989 5707 ναὸς
1017 5639 1291 5704 ἐκτυποῖ,
1321 5639 1418 5693 κιιὶ
1455 5640 1527 5693 τὰ
1566 5640 1636 5693 ἐν
1660 5642 1845 5703 αὐτῷ.

504 5797 856 5867 Ἀρχιερεύς.
888 5797 995 5852 Καὶ
1028 5797 1097 5851 τά
1127 5796 1393 5866 εἰρημένα
1422 5796 1563 5866 ὑπὲρ
1587 5796 1757 5866 ἡμᾶς,
1785 5797 1987 5864 μᾶλλον

2083 4541 2398 4597 custodiant
2428 4543 2741 4603 sacerdotes
2771 4562 2801 4602 a
2834 4550 3092 4620 pontiﬁce
3104 4552 3260 4621 juxta
3282 4554 3663 4609 necessitatem

2085 4633 2444 4705 recipientes;
2498 4652 2608 4693 non
2656 4641 2802 4695 enim
2840 4642 3219 4700 sacerdotibus
3256 4644 3385 4700 licet
3411 4662 3538 4701 cum
3575 4649 3660 4702 eis

2084 4720 2266 4776 divina
2298 4740 2561 4797 peragere
2607 4733 2727 4788 sine
2768 4733 2988 4787 licentia
3044 4734 3343 4803 pontiﬁcis.
3400 4733 3493 4790 Sic
3543 4739 3669 4805 qui-

2085 4814 2206 4868 dem
2242 4816 2407 4885 igitur
2430 4832 2681 4877 sanetum
2712 4826 2971 4893 templum
2995 4826 3106 4896 jam
3131 4827 3375 4881 surrexit
3395 4836 3450 4882 et
3472 4842 3668 4883 conse-

2086 4915 2300 4959 cratum
2333 4918 2454 4975 est;
2486 4921 2541 4966 et
2603 4929 2699 4983 pro
2741 4915 2948 4969 viribus
3006 4916 3211 4971 nostris
3238 4931 3577 4988 quaecunque
3599 4922 3668 4972 ad

2088 4996 2193 5051 hoc
2215 4999 2513 5068 respiciunt
2534 5003 2648 5073 jam
2679 5005 3165 5062 consideravimus.
3194 5005 3440 5062 Pori-oue
3482 5019 3668 5064 autem

2089 5090 2233 5144 aliud
2263 5093 2393 5160 quid
2426 5095 2648 5163 insuper
2682 5103 2852 5152 restat
2879 5098 3383 5154 considerandum?

2160 5185 2417 5239 Clericus.
2450 5183 2604 5239 Sicut
2626 5186 2891 5255 possibile
2919 5196 3058 5250 erat.
3092 5185 3277 5253 Pater,
3302 5206 3403 5247 nos
3429 5192 3668 5257 discere,

2090 5276 2380 5331 didicimus
2409 5276 2652 5332 etedocti
2683 5293 2874 5335 sumus
2898 5296 2913 5345 ;
2942 5281 2987 5335 si
3012 5296 3141 5337 vero
3162 5284 3292 5352 quid
3352 5284 3501 5341 aliud
3548 5302 3671 5341 am-

2092 5369 2233 5435 plius
2266 5378 2370 5429 est,
2399 5369 2464 5421 de
2491 5368 2593 5422 hoc
2620 5371 2778 5425 nobis
2804 5370 2921 5425 ﬁeri
2954 5371 3482 5431 demonstrationem
3516 5394 3671 5447 roga-

2093 5474 2237 5512 "HIS.

2608 5553 2839 5610 CAPUT
2874 5556 3156 5611 CXXVIII.

2095 5638 2227 5703 Qua:
2260 5642 2327 5693 sit
2365 5643 2545 5708 templi
2585 5658 2633 5698 et
2685 5662 3039 5722 rerum,qnw
3088 5652 3241 5706 iu,e0
3276 5661 3419 5717 sunt,
3467 5652 3674 5722 signiﬁ-

2803 5730 2964 5771 cultu.

2174 5799 2443 5870 Ρυιιιὲίεε.
2486 5804 2549 5857 Et
2585 5821 2704 5874 qua:
2730 5807 2875 5861 dicta
2930 5817 3057 5862 sunt
3115 5825 3277 5879 supra
3341 5826 3437 5866 nos
3495 5823 3675 5875 erant,

2040 5932 2112 5940 η..
