4078 6434
451 293 558 359 335

1268 297 1650 359 SYMEONIS
1685 288 2448 367 TIIESSALONICENSIS
2484 308 2824 368 meum?

3582 317 3678 377 336

443 405 616 476 magis
640 414 819 460 autrtu
852 417 1116 476 quantum
1150 409 1309 464 nobis
1334 409 1499 463 datur
1532 408 1833 480 intelligere
1860 416 1917 464 ct
1943 408 2021 462 di-

2128 413 2187 467 δὲ
2216 415 2342 469 ὅσον
2387 417 2520 487 ἡμῖν
2577 418 2716 472 νοεῖν
2769 418 2991 490 ἔρχεται
3039 420 3136 474 καὶ
3180 422 3467 491 μανθάνειν
3495 428 3554 482 ἐκ
3581 431 3681 486 τῶν

441 510 595 552 scere
625 509 688 550 ex
726 497 951 552 sanctis.
996 496 1133 553 Puto
1155 512 1283 553 vero
1309 497 1601 553 dicendum
1631 497 1864 567 relinqui
1891 496 2023 566 quid

441 590 705 658 templum
731 597 786 643 et
807 603 870 643 ea
888 604 1007 657 quae
1036 597 1165 645 sunt
1222 590 1276 644 iu
1311 590 1431 660 ipso
1476 589 1806 660 signiﬁcent.
1862 588 2026 643 Forte

439 681 659 752 quidem
692 682 761 738 de
791 681 893 735 hoc
920 681 1057 737 alias
1084 683 1248 737 etiam
1278 681 1518 737 diximus
1543 696 1559 747 ;
1594 682 1689 736 sed
1729 693 1875 735 nunc
1928 679 2026 735 ad-

442 775 548 828 huc
575 774 892 835 dicendum.
921 773 1191 844 siquidem
1223 788 1389 845 super
1442 775 1561 830 istis
1600 787 1783 831 sermo
1837 781 2052 851 noster.

440 867 845 935 consequenter
919 864 1170 919 constitit
1234 879 1251 930 ;
1304 864 1524 920 aliunde
1585 878 1715 920 vero
1769 863 2027 934 frequens

437 973 620 1013 sermo
647 957 714 1013 de
745 958 937 1013 iisdem
968 972 1091 1028 quae
1140 958 1324 1013 divina
1356 968 1502 1025 sunt,
1533 960 1740 1030 Optima
1795 965 2021 1014 renovat

438 1049 492 1102 in
527 1060 732 1115 mente,
770 1052 1199 1119 memoriamque
1228 1050 1400 1122 magis
1428 1050 1761 1112 sanctificat.
1797 1050 1939 1106 sicut
1964 1059 2024 1105 et

434 1140 771 1193 romrarium
827 1141 886 1192 lit
917 1139 969 1192 in
1003 1139 1071 1194 iis
1092 1155 1214 1208 qua:
1248 1141 1386 1196 bona
1411 1156 1516 1196 non
1546 1150 1695 1196 sunt.
1730 1138 2017 1210 Templum

438 1229 604 1297 igitur
634 1229 831 1282 domus
866 1228 957 1283 Dei
987 1238 1093 1295 cst,
1132 1230 1213 1285 vel
1236 1245 1300 1285 ex
1334 1229 1581 1285 materiis
1613 1229 1866 1285 inanimis
1888 1241 2022 1284 con-

436 1329 590 1373 stans
616 1334 630 1373 :
664 1318 1040 1374 sanctiﬁcatur
1071 1318 1220 1374 enim
1255 1320 1445 1374 divina
1470 1321 1642 1390 gratia
1668 1318 2023 1393 sacerdotali-

433 1410 642 1478 busquc
671 1408 945 1478 precibus,
1011 1418 1067 1465 et
1088 1411 1198 1481 jam
1223 1426 1331 1466 non
1357 1418 1443 1466 est
1473 1412 1619 1467 sicut
1675 1419 1882 1466 caetera
1925 1411 2022 1464 do-

435 1517 578 1566 mus,
616 1501 710 1556 sed
736 1500 846 1557 Deo
872 1517 1039 1572 super
1061 1512 1261 1558 terram
1292 1503 1532 1567 dicatur,
1581 1502 1871 1574 ipsumque
1892 1514 2021 1571 pos-

433 1591 574 1648 sidet
597 1592 990 1648 inhabitantem
1022 1612 1039 1661 ;
1077 1602 1133 1650 et
1163 1593 1307 1649 illius
1329 1595 1521 1663 gloria,
1549 1602 1797 1664 potestas
1821 1603 1873 1648 et
1891 1608 2021 1664 gra-

434 1685 509 1739 tia
557 1686 609 1738 in
644 1686 761 1753 ipso
789 1692 873 1741 est
898 1696 916 1752 3
940 1686 1207 1756 siquidem
1242 1687 1298 1741 in
1329 1686 1452 1756 ipso
1472 1701 1669 1742 nomen
1689 1688 1835 1744 illius
1864 1687 2021 1743 invo-

432 1786 615 1831 catum
647 1785 760 1843 est,
806 1785 862 1831 et
896 1792 1022 1831 cum
1053 1778 1160 1831 isto
1187 1789 1386 1831 nomen
1405 1777 1635 1847 alicujus
1671 1787 2010 1834 sanctorum.

362 1856 367 1863 κ
434 1870 668 1940 Ideoque
693 1868 799 1923 fert
828 1869 1249 1940 appellationem
1276 1868 1398 1938 ejus
1424 1869 1529 1923 sub
1576 1870 1737 1939 cujus
1791 1871 2015 1927 invoca-

396 1956 583 2016 i'tione
666 1960 906 2015 dicatum
953 1971 1038 2016 est
1067 1976 1083 2028 ς
1117 1975 1215 2015 nec
1267 1960 1393 2014 illud
1451 1961 1631 2015 adhuc
1667 1961 2016 2018 solummodo

434 2067 692 2108 vocamus
717 2052 965 2115 domum,
996 2051 1089 2106 sed
1122 2051 1347 2107 domum
1378 2063 1647 2117 sanctam,
1689 2061 1748 2105 ut
1777 2052 2015 2107 sanctiﬁ-

429 2153 606 2200 catum
633 2158 663 2198 a
695 2152 899 2200 sancto
934 2142 1093 2199 Patre
1145 2159 1242 2215 per
1267 2146 1671 2201 sanctissimum
1699 2142 2012 2209 Filium,'in

430 2244 618 2291 sancto
644 2233 849 2304 Spiritu
883 2253 898 2301 ς
929 2246 984 2292 et
1006 2237 1375 2292 sanctissima:
1413 2235 1703 2293 Trinitatis
1751 2237 2012 2301 taberna-

429 2328 616 2387 culum
646 2335 729 2382 est
760 2327 925 2382 istud.
958 2326 1197 2398 Ideoque
1222 2328 1348 2383 licet
1374 2329 1428 2383 in
1459 2343 1658 2384 nomen
1690 2329 1866 2384 solum
1891 2329 2011 2395 Dei,

427 2417 520 2486 qui
551 2418 605 2473 in
639 2415 906 2472 Trinitate
929 2427 1168 2482 constat,
1197 2419 1291 2483 sit,
1320 2428 1584 2489 tauquam
1615 2421 1682 2474 ad
1714 2420 1895 2490 ipsum
1927 2434 2014 2475 so-

429 2510 540 2563 lum
572 2508 742 2563 Deum
798 2509 1177 2578 procedentes,
1231 2508 1322 2566 'sic
1369 2509 1890 2566 dicimusuhimus
1945 2510 2012 2566 ad

427 2614 673 2657 sanctam
691 2601 1036 2664 Trinitatem.
1058 2602 1127 2657 ad
1140 2604 1364 2658 domum
1382 2604 1593 2658 scilicet
1611 2603 1711 2674 ipsi
1737 2603 2008 2672 dicatam;

425 2695 509 2750 vel
552 2694 706 2751 abire
747 2696 984 2750 dicimus
1010 2696 1079 2750 ad
1124 2694 1427 2762 Christum,
1465 2710 1686 2751 unume
1716 2694 2007 2764 Trinitate,

425 2787 597 2841 Deum
624 2786 885 2854 Verbum,
929 2788 1273 2843 incarnatum
1302 2805 1320 2857 ;
1345 2788 1428 2843 vel
1446 2788 1513 2842 ad
1541 2789 1709 2863 ipsius
1726 2787 2010 2844 sanctissi-

423 2894 566 2934 mam
595 2876 846 2943 Matrem,
899 2879 983 2934 vel
1007 2880 1228 2934 sanctos
1261 2878 1507 2949 angelos,
1560 2880 1642 2933 vel
1692 2877 2005 2959 apostolos,

425 2972 505 3027 vel
521 2981 773 3029 sanctum
792 2970 1102 3039 pontificem
1123 2980 1547 3041 auttnartyrem,
1581 2971 1662 3025 vel
1695 2942 2004 3039 quempiam

424 3071 767 3120 sanctorum.
789 3060 930 3127 Quid
947 3071 1130 3117 autem
1158 3063 1363 3158 iudicat
1385 3064 1475 3158 hic
1491 3061 1747 3132 loquendi
1769 3058 2004 3114 modus?
2028 3078 2073 3147 ρ
2104 3058 2254 3148 ὲσξιν
2283 3058 2455 3158 δεκος.

421 3157 579 3223 Quod
601 3155 857 3224 templum
883 3162 968 3210 est
994 3155 1189 3210 domus
1217 3156 1311 3212 Dci
1363 3155 1579 3227 ipsique
1623 3161 1998 3216 consecratur,

420 3260 475 3304 et
502 3250 619 3318 ipse
640 3247 807 3301 inillo
822 3256 908 3300 est
934 3262 950 3312 ;
981 3258 1036 3302 ct
1057 3248 1340 3304 invocatus
1370 3249 1548 3319 ipsius
1570 3260 1762 3302 servus
1810 3245 1867 3298 in
1904 3244 2001 3299 illo

421 3353 683 3410 tanquam
718 3340 771 3393 in
799 3340 1019 3409 proprio
1042 3339 1354 3396 babitaculo
1372 3347 1648 3410 manet,_ct
1670 3338 1850 3393 anima
1874 3337 2000 3407 qui-

421 3435 544 3487 dem
563 3430 921 3501 spiritualiter
945 3432 1147 3490 residet
1170 3449 1187 3500 ;
1213 3436 1412 3504 sapius
1428 3443 1610 3488 autem
1663 3440 1718 3485 et
1757 3430 2000 3500 reliquiis

421 3536 505 3582 est
522 3527 593 3580 ibi
620 3528 866 3596 sepultus
894 3545 909 3595 ;
934 3528 1229 3595 divinaque
1262 3525 1504 3596 potentia
1530 3532 1587 3580 et
1606 3525 1776 3595 gratia
1799 3540 1995 3595 opera-

421 3631 550 3687 tur;
582 3621 838 3692 quoniam
868 3620 1114 3690 duplices
1144 3634 1269 3675 cum
1321 3618 1515 3684 simus,
1573 3618 1717 3673 dona
1781 3634 2000 3689 quoque

417 3713 704 3782 dupliciter
719 3714 1035 3783 accipimus.
1055 3711 1212 3769 Unde
1236 3712 1318 3766 vel
1345 3712 1399 3765 in
1417 3711 1536 3768 istis
1560 3713 1801 3769 materiis
1825 3714 1998 3782 gratia

418 3803 637 3867 insidet,
667 3804 1003 3875 visitausquc
1026 3812 1210 3859 manet
1229 3814 1283 3859 et
1310 3816 1526 3875 prepter
1576 3820 1674 3862 nos
1739 3819 1997 3878 operatur

418 3896 759 3968 hcncplacito
785 3896 966 3953 Patris
993 3908 1051 3954 et
1085 3897 1235 3953 illius
1271 3900 1645 3957 misericordia
1661 3903 1754 3971 qui
1774 3911 1996 3972 propter

417 4005 520 4046 nos
549 3990 862 4046 incarnatus
894 4001 1054 4047 est—et
1070 3993 1360 4062 dupliciter
1395 4008 1494 4050 nos
1545 3993 1884 4060 reformavit,
1940 4002 1996 4048 et

419 4082 649 4136 adventu
686 4082 1276 4154 commiserationeque
1301 4085 1423 4155 ejus
1454 4086 1547 4153 qui
1578 4084 1703 4155 cum
1732 4085 1827 4140 illo
1869 4100 1995 4155 ope-

416 4182 574 4226 ratur
595 4182 651 4227 et
681 4173 1124 4245 inseparabiliter
1177 4176 1558 4246 conjungitur,
1617 4175 1879 4246 Spiritus.
1928 4176 1995 4231 Et

419 4266 522 4319 hoc
553 4264 842 4320 mauichIe
873 4265 1123 4320 videmus
1155 4281 1171 4319 :
1200 4265 1397 4320 divina:
1451 4279 1692 4334 namque
1737 4268 1993 4336 potentia:

416 4357 525 4409 vim
552 4369 709 4433 suam
742 4366 1001 4410 exercent
1033 4357 1087 4410 in
1123 4357 1340 4424 templis
1370 4374 1384 4423 ;
1413 4358 1800 4427 etangelorum
1828 4368 1993 4429 atque

380 4455 734 4502 sanctorum
768 4446 1014 4502 cernitur
1074 4449 1399 4517 praesentia;
1438 4448 1792 4519 prodigiaque
1849 4465 1999 4505 com-

419 4537 640 4607 plentur
692 4546 748 4592 et
801 4538 1171 4592 exaudiuntur
1225 4546 1374 4605 vota,
1427 4554 1640 4595 necnon
1684 4545 1996 4600 sanationes

415 4639 767 4700 prmatantur.
827 4628 895 4682 Et
962 4643 1023 4683 ea
1072 4644 1195 4700 quae
1257 4641 1386 4686 sunt
1413 4632 1464 4686 in
1492 4632 1704 4702 templis
1731 4633 1992 4701 inanima,

417 4734 592 4789 aqum,
653 4722 883 4790 lapides,
944 4721 1236 4787 columnae,
1298 4723 1438 4790 vela,
1492 4721 1821 4780 ferramenta
1881 4726 1997 4782 elli-

416 4814 623 4866 cariam
684 4814 913 4880 habent,
954 4829 1063 4868 non
1126 4830 1156 4869 a
1209 4815 1748 4886 seipsisgquomodo
1796 4819 1995 4883 enim!

368 4922 382 4995 ἦ
416 4904 654 4960 inanima
690 4916 895 4961 suntet
917 4915 1186 4962 creatura:
1215 4904 1330 4972 Dei,
1369 4921 1465 4962 nec
1481 4908 1653 4965 ullum
1684 4914 1741 4964 'a
1800 4920 1991 4966 semet,

365 4994 385 5071 ~i
415 4994 552 5064 ipsis
586 4997 832 5065 habent;
864 5005 1108 5051 attamen
1161 5000 1276 5051 haec
1330 5006 1626 5066 cperantur
1674 4998 1766 5054 Dei
1817 5003 1990 5071 gratia

413 5101 537 5154 quae
569 5102 620 5140 Ill
652 5089 736 5143 his
760 5090 1010 5143 invocata
1045 5099 1154 5155 est,
1185 5098 1239 5144 et
1274 5090 1471 5144 virtute
1522 5092 1763 5146 nominis
1817 5094 1991 5149 divini

412 5178 553 5243 quod
583 5179 716 5246 ipsis
745 5180 1070 5250 cognomine
1090 5179 1278 5235 datum
1328 5190 1436 5249 est,
1489 5193 1546 5236 ut
1603 5198 1704 5239 nos
1747 5186 1992 5240 sanctili-

411 5285 619 5325 cemur.
656 5269 757 5325 Ubi
798 5273 963 5341 igitur
983 5274 1295 5329 estnomen
1326 5284 1378 5330 et
1402 5278 1676 5331 invocatio
1742 5276 1836 5333 Dei
1892 5281 1988 5348 qui

411 5374 607 5419 cuncta
636 5364 782 5429 fecit,
819 5366 988 5418 beatae
1029 5363 1329 5434 Trinitatis,
1367 5369 1511 5423 illius
1559 5370 1655 5439 qui
1700 5370 1850 5425 solus
1904 5379 1990 5425 cst

413 5455 779 5520 Deus,omnia
804 5467 931 5511 sunt
957 5469 1168 5528 sancta,
1186 5463 1477 5531 omniaque
1501 5470 1800 5533 operantur
1823 5478 1887 5519 ac
1904 5479 1991 5519 sa-

356 5561 365 5568 ·
408 5557 541 5603 nant
559 5563 623 5604 ac
644 5558 865 5604 servant
888 5564 983 5619 per
998 5554 1252 5621 gratiam.

2128 504 2510 580 ἀγίων.οίμαι
2530 510 2615 575 δέ,
2631 511 2881 566 λείπεται
2899 515 3068 584 ἐρεῖν,
3091 512 3188 570 καὶ
3215 518 3268 570 τί
3284 517 3390 589 ἄρα
3413 521 3439 574 ό
3459 522 3578 587 ναὸς
3595 526 3652 578 ἐκ
3668 555 3681 568 -

2126 600 2207 654 τιῗ
2202 603 2296 654 ποῖ
2323 602 2504 667 καὶ,τά
2531 606 2589 657 ἐν
2609 604 2781 676 αὐτῷ.
2811 607 2920 659 Kal
2949 608 3082 673 ἴσως
3110 610 3211 678 μὲν
3242 612 3368 680 περὶ
3388 614 3571 668 τούτου
3597 619 3680 671 καὶ

2137 695 2198 749 ἐν
2217 695 2402 760 ἀλλοις
2423 697 2759 768 είρήκαμενυ
2788 701 2982 771 ῥητέον
3013 700 3072 755 δὲ
3104 701 3198 757 καὶ
3228 702 3346 769 νῦν,
3364 704 3543 777 ἐπειδὴ
3563 710 3683 779 περὶ

2126 786 2333 841 τούτων
2379 788 2514 859 ἡμῖν
2550 792 2579 844 ὁ
2618 790 2777 859 λόγος
2821 790 3131 858 ἀκολούθως
3174 793 3402 866 ἐλήλυθε
3423 814 3438 831 ο
3493 801 3581 852 καὶ
3606 802 3681 854 ὅτι

2125 879 2188 932 τὸ
2223 880 2486 946 πολλάκις
2536 884 2668 954 περὶ
2719 884 2831 939 τῶν
2878 885 3062 941 αὐτῶν
3099 887 3279 957 λέγειν
3318 889 3476 945 θείων
3522 892 3679 946 ὄντων

2125 973 2468 1039 ἀνακαινίζει
2500 977 2572 1032 τὰ
2612 973 2900 1043 κάλλιστα,
2937 980 3035 1033 καὶ
3083 982 3185 1050 τὴν
3225 983 3446 1059 μνήμην
3491 985 3679 1053 μᾶλλον

2124 1060 2478 1133 καθαγιάζει,
2529 1066 2608 1132 ὡς
2652 1069 2748 1122 καὶ
2782 1069 3096 1124 τούναντίον
3128 1072 3186 1124 ἐν
3218 1075 3328 1137 τοῖς
3377 1075 3454 1144 μὴ
3505 1076 3679 1138 καλοῖς

2124 1148 2353 1225 γίνεται.
2407 1158 2476 1212 '0
2545 1159 2673 1223 ναδς
2716 1160 2898 1217 τοίνυν
2946 1158 3095 1226 οῖκός
3137 1164 3257 1219 ἐστι
3293 1165 3450 1232 Θεοῦ,
3496 1168 3587 1220 καὶ
3620 1167 3678 1233 ἐξ

2124 1245 2268 1302 ὑλῶν
2318 1246 2546 1320 ἀψύχων
2585 1249 2967 1321 συγκείμενος.
3014 1252 3336 1322 Ἀγιάζεταί
3370 1256 3477 1326 γὰρ
3505 1256 3677 1326 χάριτι

2122 1338 2246 1411 θείᾳ
2303 1341 2401 1395 καὶ
2453 1341 2642 1412 εὐχαῖς
2713 1344 3036 1416 ἱερατικοῖς,
3089 1348 3186 1400 καὶ
3253 1346 3355 1400 οῦκ
3400 1347 3477 1401 ἔτι
3550 1349 3680 1401 κατά

2122 1432 2251 1496 τοὺς
2274 1432 2469 1497 ἄλλους
2488 1449 2504 1465 ·
2534 1433 2648 1488 ἀλλ’
2676 1435 3052 1507 ἀφιερωμένος
3085 1438 3236 1492 ἐστὶν
3278 1439 3370 1492 ἐπὶ
3397 1439 3498 1507 γῆς
3525 1439 3636 1508 Θεῷ
3663 1454 3676 1470 ·

2123 1524 2216 1578 καὶ
2251 1524 2414 1579 αὑτὸν
2442 1524 2669 1580 πλουτεῖ
2694 1527 2922 1594 ἐνοικον,
2974 1529 3071 1583 καὶ
3106 1530 3141 1601 ή
3177 1528 3305 1596 δόξα
3336 1532 3492 1602 127
3522 1532 3674 1584 αὐτοῦ

2120 1614 2179 1667 ἐν
2212 1615 2362 1687 αὐτῷ
2388 1615 2485 1670 καὶ
2511 1617 2741 1690 δύναμίς
2768 1635 2830 1673 τε
2860 1621 2954 1675 καὶ
2975 1621 3158 1693 χάρις,
3188 1624 3309 1676 ἐπεὶ
3334 1626 3427 1678 καὶ
3452 1627 3510 1679 ἐν
3535 1626 3675 1695 αὐτῷ

2053 1736 2095 1791 Β
2119 1709 2311 1762 τούτου
2344 1710 2622 1783 ἐπεκλήθη
2670 1713 2732 1766 τὸ
2771 1713 2968 1783 δνομαο
3017 1715 3053 1785 ἢ
3101 1714 3200 1769 σὺν
3237 1717 3386 1788 αὐτῷ
3419 1718 3511 1771 καί
3542 1734 3677 1781 τινος

2118 1800 2286 1855 αὐτοῦ
2337 1801 2445 1855 τῶν
2484 1803 2680 1871 ἁγίων.
2713 1804 2806 1858 Διὸ
2835 1806 2933 1859 καὶ
2965 1807 3065 1876 τὴν
3096 1806 3294 1878 κλῆσιν
3347 1810 3425 1874 είς
3472 1808 3529 1860 ὃν
3557 1810 3672 1861 ἐπε·

2119 1892 2296 1964 κλήθη
2350 1894 2548 1966 φέρει·
2590 1895 2684 1948 καὶ
2737 1896 2840 1950 οὐκ
2881 1897 2963 1951 ετι
3016 1894 3170 1954 οἷκον
3207 1900 3489 1970 καλοῦμεν
3525 1899 3677 1954 αὐτὸν

2119 1985 2323 2053 μόνον,
2372 1985 2490 2039 ἀλλ’
2526 1986 2688 2055 ἆγιον
2713 2027 2729 2053 ,
2772 1987 2848 2051 ὡς
2882 1990 3223 2059 ἡγιασμένον
3267 1993 3333 2045 ἐκ
3384 1992 3478 2046 τοῦ
3528 1992 3675 2059 ἁγίου

2119 2079 2353 2150 Πατρὸς,
2385 2080 2473 2134 διὰ
2496 2080 2590 2135 τοῦ
2626 2084 2900 2153 παναγίου
2934 2082 3090 2152 Υίοῦ,
3128 2085 3186 2138 ἐν
3211 2085 3355 2156 ἁγίῳ
3387 2085 3675 2152 Πνεύματι,
3716 2114 3734 2133 κ

2116 2171 2212 2224 καὶ
2248 2171 2345 2240 τῆς
2372 2169 2604 2242 Τριάδος
2641 2175 2909 2246 σκήνωμα
2933 2168 3112 2240 οὗτος.
3160 2176 3252 2228 Διὸ
3288 2179 3388 2229 καὶ
3414 2178 3569 2245 εἴπερ
3602 2176 3677 2237 είς

2115 2263 2287 2333 ὄνομα
2325 2264 2487 2334 μόνον
2530 2264 2624 2318 τοῦ
2654 2266 2711 2319 ἐν
2738 2263 2931 2336 Τριάδι
2962 2267 3079 2321 ἐστὶ
3113 2267 3274 2334 Θεοῦ,
3305 2269 3384 2334 ὡς
3414 2270 3492 2332 είς
3520 2268 3675 2322 αὐτὸν

2114 2356 2205 2408 τὸν
2234 2357 2398 2427 μόνον
2444 2358 2577 2412 Θεὸν
2622 2358 3005 2430 πορευόμενοι,
3051 2361 3193 2415 οὕτω
3223 2362 3483 2433 λέγομεν,
3512 2365 3675 2429 ἀπερ-

2114 2451 2325 2521 χόμεθα
2354 2450 2435 2515 είς
2462 2453 2563 2524 τὴν
2593 2454 2753 2522 ἁγίαν
2779 2453 3013 2524 Τριάδα,
3046 2455 3139 2508 τὸν
3181 2456 3554 2526 ἀφιερωμένον
3590 2456 3675 2524 δη-

2113 2542 2244 2614 λαδὴ
2274 2540 2421 2597 οἷκον
2450 2546 2610 2615 αὐτῇ·
2641 2546 2675 2616 ἢ
2718 2546 2798 2609 είς
2847 2547 2940 2599 τὸν
2985 2548 3223 2617 Χριστὸν
3255 2547 3493 2619 λέγομεν
3523 2548 3671 2602 ἀπιέ-

2112 2650 2224 2697 ναι,
2250 2634 2343 2688 τὸν
2369 2633 2466 2689 ἕνα
2500 2635 2603 2706 τῆς
2654 2637 2887 2708 Τριάδος
2921 2638 3054 2691 Θεὸν
3084 2640 3262 2707 Λόγον
3296 2642 3670 2714 σαρκωθέντα·

2112 2726 2146 2796 ἢ
2175 2728 2316 2799 πρὸς
2353 2726 2457 2800 τὴν
2489 2730 2766 2799 παναγίαν
2804 2731 2970 2786 αὑτοῦ
2998 2734 3251 2805 Μητέρα,
3282 2735 3316 2806 ἢ
3346 2738 3472 2801 τοὺς
3496 2737 3676 2805 ἁγίους

2110 2820 2403 2896 ἀγγέλους,
2437 2825 2471 2893 ἢ
2506 2824 2863 2890 ἀποστόλους,
2900 2825 2932 2895 ἢ
2970 2826 3129 2895 ἅγιον
3169 2828 3439 2901 ίεράρχην
3471 2831 3503 2901 ἦ
3544 2831 3677 2902 μάρ-

2109 2929 2272 2983 τυρα,
2305 2911 2340 2983 ἦ
2385 2914 2511 2967 τινσὶ
2560 2914 2671 2967 τῶν
2702 2914 2897 2983 ἁγίων.
2935 2917 3005 2970 Τί
3044 2919 3238 2972 τούτου
3268 2920 3556 2990 δηλοῦντος
3585 2920 3673 2972 τσῦ

2110 3002 2318 3072 λόγου;
2372 3004 2455 3058 ὃτι
2502 3005 2532 3058 ό
2580 3006 2708 3069 ναὸς
2757 3008 3062 3079 ἀφιέρωται
3107 3011 3184 3081 τῷ
3213 3011 3363 3082 Θεῷ,
3395 3014 3490 3067 καὶ
3520 3012 3674 3065 αὑτοῦ

2481 3098 2575 3150 καὶ
2603 3098 2767 3163 αὐτός
2791 3101 2943 3153 ἐστιν
2972 3102 3029 3154 ἐν
3066 3102 3234 3172 αὐτῷ.
3265 3105 3382 3160 Kal
3408 3109 3436 3159 ὁ
3462 3105 3671 3173 ἐπικλη-

2106 3184 2220 3247 θεὶς
2246 3186 2302 3240 δὲ
2334 3186 2523 3250 δοῦλος
2552 3189 2720 3243 αὐτοῦ
2760 3190 2816 3243 ἐν
2860 3191 3012 3260 αύτῷ
3064 3194 3236 3263 μένει,
3269 3195 3349 3259 ὡς
3394 3197 3450 3250 ἐν
3493 3196 3668 3264 οίκείῳ

2105 3278 2450 3348 σκηνώματι.
2487 3281 2596 3334 Kal
2642 3285 2710 3353 τῇ
2747 3284 2892 3355 ψυχῆ
2928 3287 3028 3355 μὲν
3063 3286 3289 3359 ἐνδημεί
3314 3289 3522 3353 ἀῦλως,
3551 3291 3669 3343 πο).-

2102 3371 2262 3434 λάκις
2298 3372 2354 3425 δὲ
2380 3373 2474 3427 καὶ
2501 3376 2614 3438 τοῖς
2641 3374 2916 3445 λειψάνοις
2958 3380 3076 3433 ἐστὶ
3106 3383 3428 3453 τεθειμένος
3455 3387 3628 3439 ἐκεῖσε
3656 3402 3666 3413 ·

2104 3465 2198 3518 καὶ
2235 3465 2357 3536 θείᾳ
2402 3467 2636 3537 δυνάμει
2692 3472 2789 3523 καὶ
2836 3472 3042 3542 χάριτι,
3085 3475 3322 3546 ἐνεργεῖο
3356 3480 3438 3532 ὅτι
3471 3479 3567 3533 καὶ
3597 3478 3670 3541 διτ-

2106 3557 2232 3610 π).οῖ
2254 3557 2408 3622 ὄντες
2437 3560 2604 3629 ἡμεῖς
2625 3599 2640 3624 ,
2665 3562 2760 3614 καὶ
2788 3563 2854 3615 τὰ
2890 3563 3038 3635 δῶρα
3065 3565 3269 3632 διπλῶς
3295 3567 3616 3642 λαμϐάνομε

2102 3650 2269 3706 Ὅθεν
2303 3652 2398 3707 καὶ
2445 3653 2505 3705 ἐν
2533 3656 2646 3717 τοῖς
2678 3654 2909 3710 ύλώδεσι
2937 3659 3148 3722 τούτοις
3197 3661 3229 3730 ή
3258 3662 3427 3734 χάρις
3455 3664 3672 3731 ἐφίστσ·

2097 3759 2211 3806 ται,
2260 3744 2359 3797 καὶ
2410 3744 2758 3814 ἐπιφοιτῶσα
2789 3748 2967 3818 μένει,
3014 3751 3110 3805 xal
3156 3752 3225 3806 δι’
3277 3756 3436 3825 ἡμᾶς
3468 3757 3674 3828 ἐνεργεῖ

2098 3834 2321 3905 εὐδοκία
2351 3836 2590 3906 Πατρὸς,
2624 3839 2720 3892 καὶ
2754 3840 2894 3893 ἐλέει
2930 3842 3025 3896 τοῦ
3056 3843 3125 3897 δι’
3164 3831 3312 3915 ἧμᾶς
3367 3849 3670 3920 σαρκωθέν-

2096 3943 2210 3994 τος,
2242 3927 2341 3980 καὶ
2367 3926 2575 3992 διπλῶς
2607 3931 2758 4001 ἡμᾶς
2792 3932 3228 4004 ἀναπλάσαντος,
3265 3940 3365 3993 καὶ
3412 3940 3671 4009 ἐπιδημία

2008 4056 2020 4068 .
2096 4019 2194 4072 καὶ
2222 4021 2535 4092 οἰκτιρμοῖς
2564 4021 2660 4076 τοῦ
2700 4026 2963 4096 συνεργοῦ
2997 4027 3147 4098 αῦτῷ
3203 4031 3296 4083 καὶ
3364 4034 3670 4103 ἀχωρίστου

2096 4109 2439 4180 Πνεύματος.
2504 4114 2614 4168 Kal
2664 4114 2826 4169 τοῦτο
2858 4117 3130 4189 βλέπομεν
3181 4122 3480 4193 ἀριδήλιυς.
3522 4125 3670 4178 Θεῖοι

2097 4198 2205 4269 γὰρ
2234 4200 2494 4271 δυνάμεις
2527 4203 2885 4273 ἐνεργοῦνται
2918 4208 2978 4260 ἐν
3009 4213 3119 4272 τοῖς
3167 4214 3336 4278 ναοῖς,
3373 4222 3471 4289 καὶ
3499 4217 3667 4284 ἀγγέ-

2094 4290 2203 4344 λων
2244 4293 2541 4363 ἐμφάνειαι
2582 4298 2684 4367 ,καὶ
2744 4298 2950 4366 ἁγίων·
3001 4305 3097 4355 καὶ
3135 4308 3338 4375 σημεῖα
3382 4309 3623 4362 τελεῖται
3650 4326 3663 4340 ⁸

2034 4415 2077 4469 D
2102 4383 2196 4434 καὶ
2225 4384 2294 4456 td;
2328 4386 2608 4455 αἰτήματα
2654 4386 2877 4442 δίδοταιο
2924 4393 3017 4445 καὶ
3071 4393 3277 4464 ἰάματα
3317 4402 3662 4472 χορηγεῖταιο

2107 4475 2203 4527 καὶ
2233 4475 2302 4527 τὰ
2329 4477 2386 4530 ὲν
2421 4477 2604 4540 αὐτοῖς
2637 4478 2693 4531 δὲ
2726 4482 2839 4542 τοῖς
2873 4486 3021 4546 ναοῖς
3051 4485 3253 4556 ἀψυχα,
3285 4489 3457 4545 ῦδατᾶι
3486 4508 3543 4545 τε
3574 4491 3666 4543 καὶ

2096 4567 2233 4621 λίθοι
2271 4568 2365 4621 καὶ
2415 4570 2593 4633 κίονες
2653 4572 2747 4625 καὶ
2799 4575 2981 4629 πέπλα
3035 4582 3128 4630 καὶ
3161 4581 3382 4654 σιδήρια
3414 4587 3664 4655 ἐνεργεῑο

2093 4664 2195 4717 οὐκ
2245 4664 2345 4732 ἀφ’
2383 4664 2619 4732 ἑαυτῶν,
2676 4665 2793 4729 πῶς
2831 4670 2981 4739 γάρ;
3033 4671 3215 4742 ἀψυχα
3265 4677 3361 4731 καὶ
3391 4677 3664 4747 κτίσματι

2091 4755 2229 4810 Θεοῦ
2278 4757 2434 4829 ὄντα,
2487 4758 2582 4811 καὶ
2613 4758 2780 4828 μηδὲν
2830 4761 2926 4831 ἀφ’
2983 4761 3193 4827 ἑαυτῶν
3242 4765 3478 4837 ἔχοντα;
3518 4769 3665 4836 ὅμως

2092 4844 2267 4900 ταῦτα
2305 4846 2523 4915 ἐνεργεῖ
2549 4849 2617 4918 τῇ
2665 4849 2761 4903 τοῦ
2795 4851 2930 4904 Θεοῦ
2962 4854 3148 4924 χάριτι
3190 4857 3249 4909 ἐν
3297 4856 3515 4923 τούτοις
3548 4860 3666 4911 ἐπι-

2091 4936 2378 5009 κληθείσῃ,
2414 4937 2510 4992 καὶ
2538 4938 2633 4992 τοῦ
2665 4940 2814 4995 θείου
2865 4945 2925 4997 ἐν
2953 4944 3167 5012 τούτοις
3199 4941 3663 5023 ἐπονοματισθέν-

2089 5047 2181 5094 τος
2208 5031 2500 5102 ὀνόματος,
2537 5032 2606 5087 ἵν’
2645 5036 3004 5108 ἁγιασθῶμεν
3055 5041 3237 5110 ἡμεῖς.
3277 5044 3452 5099 ὀποῦ
3484 5046 3664 5099 τοίνυν

2089 5122 2227 5177 Θεοῦ
2255 5110 2525 5196 ὀνομασία
2552 5142 2611 5180 τε
2644 5130 2737 5181 καὶ
2770 5130 3063 5199 ἐπίκλησις
3083 5133 3176 5187 τοῦ
3212 5136 3395 5190 πάντα
3430 5154 3662 5206 πεποιη-

2091 5217 2249 5281 κότος
2282 5220 2380 5286 τῆς
2414 5218 2697 5290 μακαρίας
2722 5220 2949 5291 Τριάὸος
2977 5223 3070 5276 τοῦ
3112 5226 3275 5294 μόνου
3311 5227 3466 5291 ὄντος
3501 5227 3658 5292 Θεοῦ,

2092 5307 2226 5376 am
2258 5310 2458 5376 πάντα,
2491 5313 2587 5365 καὶ
2617 5312 2835 5383 ἐνεργεῖ
2862 5315 3064 5383 πάντα,
3090 5319 3184 5373 καὶ
3230 5320 3393 5387 ἰᾶται,
3431 5322 3527 5375 καὶ
3558 5323 3660 5375 σώ-

2090 5394 2171 5459 ζει
2204 5399 2269 5468 τῇ
2305 5399 2510 5469 χάριτιο
