4078 6430
377 433 479 497 337

938 546 1192 602 ΚΕΦᾹΛ.
1224 546 1397 600 ΡΚΘ¹.

447 653 573 708 Ὀτι
607 653 680 708 τὰ
725 656 954 711 παλαιὰ
986 655 1061 710 τὰ
1090 655 1202 727 τῆς
1237 656 1483 725 χάριτος
1510 656 1878 725 προετύπου.

444 815 617 872 Τοῦτο
652 811 746 872 οῦν
785 818 882 872 καὶ
917 819 1023 890 πρὸ
1068 817 1165 872 τοῦ
1215 819 1383 892 νόμου
1441 818 1811 891 ὲναρξάμενον
1854 814 1945 888 ἦν.

390 911 541 964 Ἐπεὶ
572 911 666 965 καὶ
701 911 871 966 Ἀὁελ
898 906 1013 982 εἶχε
1047 911 1456 983 Θυσιαστήριον,
1480 913 1537 966 ὲν
1577 906 1622 980 ᾧ
1650 908 1948 980 ὠσφράνθη

377 1003 585 1074 Κύριος
606 1003 783 1073 ὀσμὴν
803 1004 1057 1068 εὐωδίας.
1088 1007 1198 1059 Καὶ
1221 1005 1377 1073 ἅγιον
1398 1001 1485 1074 ἦν.
1508 1006 1557 1058 εί
1589 1006 1685 1059 καὶ
1715 1004 1946 1073 ἄψυχον.

378 1096 489 1148 Καὶ
538 1095 607 1149 τὰ
652 1096 1041 1167 προσαγόμενα
1097 1097 1237 1167 κρέα
1288 1098 1418 1150 ὄντα
1466 1097 1542 1160 ὡς
1594 1096 1949 1165 ἀφιερωμένα

340 1230 345 1231 ν
378 1184 510 1253 ἅγια
538 1181 629 1255 ἦν,
675 1188 769 1241 καὶ
804 1187 939 1250 Θεὸς
969 1189 1028 1241 ἐν
1054 1188 1265 1250 τούτοις
1295 1187 1478 1255 ὤφθη.
1520 1187 1630 1240 Kal
1664 1186 1787 1239 Νῶε
1832 1182 1945 1253 εἶχε

272 1344 275 1347 ν
379 1279 788 1350 θυσιαστήριον.
850 1281 962 1334 Kal.
1005 1279 1257 1349 ’Δϐραὰμ
1300 1278 1520 1348 ιπηξε,
1556 1278 1720 1332 θῦσαι
1778 1277 1949 1332 θέλων

378 1370 469 1422 τὸν
501 1370 635 1433 υἱὸν,
665 1372 762 1424 καὶ
789 1372 881 1423 τὸν
928 1372 1062 1425 Θεὸν
1105 1374 1289 1425 ἐκεῖσε
1331 1372 1569 1425 κατεῖδε.
1596 1372 1709 1426 Kal
1752 1370 1948 1423 Ἰακὼὸ

380 1459 562 1523 λίθους
603 1459 740 1524 θεὶς,
768 1463 1157 1530 θυσιαστήριον
1200 1462 1534 1531 καθηγίασε,
1561 1464 1789 1515 κάκεῖσε
1814 1460 1949 1514 Θεὸν

382 1545 516 1602 εἶδεο
545 1551 868 1622 τρανότερον
903 1553 959 1605 δὲ
993 1555 1019 1605 ὁ
1051 1554 1311 1623 Μωυσῆς,
1344 1554 1467 1607 ἐπεὶ
1506 1554 1597 1605 καὶ
1631 1552 1700 1605 τὰ
1723 1553 1819 1622 τῆς
1846 1552 1950 1622 χά-

385 1659 529 1706 ριτος
566 1643 893 1711 διηνοίγετο.
932 1645 1045 1713 Καὶ
1088 1648 1120 1715 ἡ
1158 1647 1339 1716 Σκηνὴ
1374 1648 1437 1697 ὲκ
1474 1644 1763 1713 δερμάτων
1791 1644 1949 1709 οῦσα,

381 1734 513 1798 ἁγία
544 1729 634 1803 ἦν,
677 1736 767 1787 καὶ
795 1738 863 1790 τὰ
898 1737 1046 1790 ἔνδον
1074 1737 1273 1798 πάντα,
1307 1738 1400 1789 καὶ
1434 1739 1466 1805 ἡ
1504 1736 1740 1799 κιϐωτός
1767 1752 1828 1788 τε
1856 1736 1951 1787 καὶ

383 1826 650 1891 τραπέξα,
693 1829 1082 1897 προγράφοντα
1107 1829 1172 1883 τὰ
1204 1829 1458 1890 ἐνταῦθα,
1488 1830 1582 1883 καὶ
1613 1828 1720 1898 πρὸ
1746 1828 1952 1882 τούτων

382 1916 478 1982 τὴν
529 1917 688 1982 ἁγίαν
731 1920 1029 1987 Παρθένον,
1065 1921 1232 1989 ’Ἅγια
1281 1922 1450 1989 ἁγίων
1482 1918 1623 1991 ἦσαν
1675 1922 1769 1975 καὶ
1805 1920 1945 1973 ὠνο-

388 2007 634 2071 μάζοντο.
671 2012 778 2063 Καί
806 2030 890 2074 τις
931 2013 1207 2081 ἁψάμενος
1240 2015 1447 2068 τούτων
1475 2017 1627 2085 παρὰ
1658 2014 1757 2083 τὴν
1783 2013 1942 2078 τάξιν

384 2099 644 2156 ἀπώλετο.
675 2104 786 2156 Kal
812 2105 958 2172 ἆγιοι
997 2106 1151 2176 ἄρτοι
1188 2102 1346 2178 ἦσαν,
1376 2108 1469 2171 οὓς
1502 2109 1554 2161 οἱ
1582 2108 1748 2176 ἱερεῖς
1790 2107 1951 2176 μόνον

382 2194 585 2259 ἦςθιον,
620 2196 712 2248 τὶν
740 2196 915 2261 ζῶντα
943 2199 1245 2263 τυποῦντες
1289 2202 1477 2271 ἄρτον,
1517 2201 1614 2253 καὶ
1652 2200 1819 2255 ὕδατα
1846 2218 1946 2253 κα-

382 2284 614 2356 θαρμοῦ,
670 2290 764 2341 καὶ
811 2290 1009 2358 ἔλαιον,
1067 2293 1162 2345 καὶ
1221 2294 1434 2362 λυχνία,
1495 2294 1797 2362 καὶφῦτα,
1840 2292 1935 2346 καὶ

384 2380 513 2447 πῦρ,
562 2381 657 2432 καὶ
698 2381 960 2453 λουτῆρες
988 2424 1002 2449 ,
1044 2386 1136 2439 καὶ
1183 2388 1407 2456 πυρεῖα,
1437 2388 1533 2440 καὶ
1569 2386 1822 2454 θύματα,
1853 2388 1949 2441 καὶ

382 2470 555 2521 πάντα
580 2469 713 2536 ἅγια
739 2472 934 2535 ταῦτα,
977 2475 1051 2536 ὡς
1092 2476 1186 2527 καὶ
1217 2475 1286 2527 τὰ
1317 2478 1517 2545 πυρεῖα
1547 2475 1658 2528 τῶν
1686 2476 1949 2531 ἐναντίων

394 2561 602 2628 Ἀαρὼν
634 2564 708 2625 τῷ
736 2564 985 2634 ἀρχιερεῖ
1013 2567 1254 2635 ἀργῆσαι
1285 2569 1407 2635 μὲν,
1432 2567 1507 2629 ὡς
1537 2567 1689 2637 παρᾶ
1715 2568 1950 2637 ἀνιέρων

388 2655 784 2723 προσαχθέντα,
820 2657 895 2721 ὠς
922 2659 1009 2710 ἐπ’
1040 2659 1263 2727 ὀνόματι
1292 2659 1347 2713 δὲ
1386 2659 1519 2713 Θεοῦ
1554 2660 1835 2727 γεγονότα,
1875 2660 1951 2731 μὴ

382 2749 459 2810 εἱς
498 2749 692 2817 χρῆσιν
746 2745 886 2804 εἷναί
917 2768 1046 2805 τινι.
1105 2754 1203 2805 Διὰ
1246 2751 1403 2807 τοῦτο
1437 2754 1619 2807 πᾶσαν
1670 2752 1804 2823 ὓλην
1839 2754 1956 2806 ὀνό-

386 2859 513 2908 ματι
555 2841 688 2895 Θεοῦ
758 2843 1221 2911 καθαγιαςθεῖσαν
1272 2846 1639 2916 εὐλαϐητέον,
1680 2848 1777 2899 καὶ
1829 2848 1954 2909 τοὺς

382 2932 655 3003 κεράμους
684 2937 777 2990 καὶ
803 2935 982 2991 λίθους
1012 2938 1104 2991 καὶ
1142 2928 1295 3004 ξύλα,
1328 2939 1421 2992 καὶ
1447 2939 1512 2991 τὰ
1544 2938 1724 2993 λοιπά.
1768 2939 1953 2992 Πάντα

382 3029 491 3096 γὰρ
514 3027 817 3097 ήγιασμένα
859 3028 935 3096 τῷ
980 3030 1109 3099 θείῳ
1160 3030 1405 3097 ὀνόματι,
1442 3030 1535 3083 καὶ
1582 3031 1803 3099 χάριτος
1846 3029 1954 3083 εἰσὶ

386 3117 587 3188 πλήρη,
622 3120 714 3171 καὶ
752 3121 1078 3188 μεταδοτικὰ
1124 3123 1365 3193 χαρίτων
1405 3139 1462 3175 τε
1512 3124 1602 3176 καὶ
1653 3120 1951 3193 ἁγιασμοῦ.

852 3414 1013 3485 123
1049 3415 1300 3469 ΚΕΦΑΛ.
1335 3414 1460 3471 PA'.

392 3510 519 3565 Ὀτι
568 3509 688 3564 τῶν
724 3510 898 3575 ἱερῶν
959 3513 1142 3565 οἴκων
1192 3512 1663 3579 γαταφρονηταί,
1713 3510 1814 3568 καὶ
1842 3511 1960 3565 τῶν

734 3580 941 3635 ἄλλων
973 3583 1158 3651 ἀγιίων
1191 3582 1603 3637 ἀπόλλυνται.

459 3673 567 3725 Καὶ
602 3671 760 3726 τοῦτο
808 3674 1069 3735 πολλάκις
1108 3674 1397 3744 ,προδήλως
1434 3674 1668 3743 εἴδομεν,
1700 3674 1793 3726 καὶ
1831 3673 1958 3735 τοὺς

389 3765 566 3818 αὐτῶν
619 3764 675 3817 δὲ
721 3766 1141 3837 καταφρονητάς
1200 3766 1296 3819 καὶ
1343 3766 1433 3819 τὸν
1475 3767 1585 3820 Ζᾶν
1627 3768 1834 3821 ἐκεῖνον
1864 3767 1960 3819 καὶ

393 3860 605 3926 σώματι
632 3857 968 3923 πεπονθότας
1008 3858 1105 3913 καὶ
1134 3857 1487 3919 ἀπολωλότας
1531 3860 1610 3921 είς
1649 3858 1823 3924 τέλος,
1860 3859 1958 3928 οὐχ

391 3950 487 4001 ἕνα
526 3949 619 4000 καὶ
650 3948 763 4011 δύο,
793 3948 927 4002 ἀλλὰ
974 3948 1070 4001 καὶ
1102 3948 1388 4011 πλείστους
1416 3965 1430 3980 ·
1472 3949 1565 4001 καὶ
1598 3949 1725 4012 τοὺς
1775 3948 1960 4011 οίκους

390 4039 444 4091 δὲ
481 4039 539 4091 ὲν
581 4035 663 4099 οἷς
706 4038 826 4090 ὗλαι
857 4038 1031 4107 ἁγίων
1060 4038 1226 4117 οἴκων
1271 4037 1557 4109 ἐτέθησαν,
1587 4038 1619 4108 ἢ
1649 4054 1959 4107 καταστρα·

392 4132 589 4199 φέντας
620 4133 700 4196 είς
730 4132 884 4195 τέλος
913 4171 931 4199 ,
972 4132 1005 4202 ἢ
1041 4132 1117 4205 μὴ
1161 4133 1252 4185 τὸν
1287 4134 1640 4204 ἐνοικήσοντοι
1679 4130 1956 4201 κεκτημέ-

390 4242 531 4289 νους.

947 4337 1205 4393 ΚΕΦΑΛ.
1240 4334 1414 4393 PAA'.

391 4432 513 4485 Ὅτι
560 4430 663 4484 τὸν
709 4429 779 4483 ἐν
826 4428 1025 4498 Τριάδι
1059 4430 1256 4499 μόνον
1287 4429 1441 4483 Θεὸν
1491 4428 1683 4484 τυποῖ
1714 4430 1749 4483 ὀ
1787 4430 1956 4496 ναός.

1666 435 1764 496 DE
1797 432 2038 496 SACRO
2076 434 2398 498 TEMPLO.

1977 544 2026 603 Δ

3523 422 3628 489 338

2584 545 2816 606 CAPUT
2863 545 3097 602 CXXIX.

2055 659 2210 726 Quod
2249 662 2405 716 rebus
2457 660 2653 717 Veteris
2695 661 3035 732 Testamenti
3076 676 3155 714 res
3198 660 3386 732 gratia:
3411 673 3629 726 evange-

2518 734 2632 787 lica:
2661 732 2990 786 adumbrata:
3014 731 3179 801 fuere.

2120 818 2247 877 llaec
2273 821 2436 890 igitur
2467 822 2629 876 etiam
2661 828 2785 875 ante
2811 820 2982 890 legem
3019 819 3232 874 initium
3267 817 3617 883 habuerunt;

2049 914 2317 981 siquidem
2354 920 2409 968 et
2436 913 2567 969 Abel
2603 912 2797 967 habuit
2841 910 3032 975 altare,
3093 910 3145 965 in
3205 925 3311 981 quo
3364 910 3626 969 Dominus

2051 1006 2311 1061 odoratus
2339 1014 2422 1062 est
2455 994 2678 1061 ederem
2715 1005 3005 1060 suavitatis
3042 1020 3056 1072 ;
3090 1011 3142 1058 et
3176 1012 3423 1059 sauctum
3484 1011 3623 1064 erat,

2050 1098 2174 1151 licet
2200 1098 2497 1152 inanimum
2526 1114 2541 1165 ;
2573 1106 2626 1152 et
2654 1098 2858 1162 oblata,
2886 1112 3006 1165 qua:
3034 1111 3227 1152 carnes
3279 1104 3453 1158 erant,
3513 1102 3630 1147 tau,

2048 1204 2211 1260 quam
2245 1198 2588 1255 consecrata,
2616 1197 2771 1243 erant
2800 1197 2987 1243 sancta
3018 1203 3034 1255 ;
3069 1194 3123 1241 et
3174 1185 3316 1242 Deus
3380 1186 3431 1238 in
3497 1184 3628 1253 ipsis

2050 1280 2200 1335 visus
2233 1289 2338 1335 est.
2373 1279 2483 1334 Noe
2500 1294 2719 1349 quoque
2778 1279 2946 1333 altare
2995 1279 3188 1331 habuit
3215 1287 3303 1345 ;et
3353 1276 3625 1329 Abraham

2051 1372 2197 1426 aliud
2231 1371 2561 1433 construxit,
2612 1370 2779 1424 illium
2845 1370 3131 1426 immolare
3183 1370 3397 1432 volens,
3455 1378 3509 1422 et
3551 1367 3624 1419 ihi

2050 1465 2220 1518 Deum
2243 1464 2477 1532 aspexit.
2500 1461 2672 1517 Iacob
2689 1464 2879 1528 etiam,
2910 1463 3108 1532 positis
3128 1462 3421 1531 lapidibus,
3445 1460 3618 1513 altare

2052 1554 2434 1619 sanctiﬁcavit,
2467 1562 2520 1608 et
2560 1554 2727 1608 Deum
2757 1554 2829 1608 ibi
2861 1568 3077 1624 quoque
3105 1553 3259 1607 vidit.
3290 1551 3661 1607 illanil'cstius/

2052 1656 2230 1702 autem
2268 1646 2499 1717 Moyses,
2534 1645 2801 1715 siquidem
2835 1660 2898 1701 ea
2932 1660 3050 1714 quae
3072 1644 3259 1714 gratiae
3319 1652 3448 1697 sunt
3496 1658 3629 1711 ape-

2054 1738 2843 1803 riebantur.Tabernacuhtm,
2900 1752 2966 1791 ex
3019 1738 3251 1806 pellibus
3296 1734 3627 1793 confectum,

2056 1840 2302 1884 sanctum
2337 1838 2474 1895 erat,
2501 1838 2555 1883 et
2581 1829 2760 1883 omnia
2818 1844 2938 1898 qua:
2965 1837 3121 1882 erant
3173 1828 3343 1892 intus,
3401 1842 3526 1879 area
3578 1832 3631 1879 (-t

2057 1937 2268 1987 mensa,
2305 1922 2707 1991 praetigurantia
2743 1936 2863 1990 quze
2894 1921 2980 1974 hic
3014 1928 3143 1975 sunt
3168 1928 3221 1974 et
3247 1918 3477 1974 anteilla
3502 1933 3629 1973 san-
3669 1970 3686 1982 ,

2058 2025 2203 2071 ctam
2241 2015 2542 2084 Virginem,
2595 2012 2796 2067 Sancta
2828 2022 3141 2068 sanctorum
3175 2017 3331 2066 erant
3356 2020 3408 2065 et
3469 2023 3632 2063 voca-

2058 2111 2280 2165 bantur.
2320 2107 2384 2161 Et
2413 2108 2504 2177 qui
2532 2115 2727 2176 praeter
2752 2106 2997 2161 ordinem
3029 2107 3114 2159 illa
3142 2104 3470 2175 contigerat,
3512 2119 3635 2173 per-

2060 2201 2206 2256 ditus
2240 2209 2340 2254 est.
2371 2198 2534 2252 Erant
2567 2198 2730 2252 etiam
2783 2197 2959 2252 sancti
3012 2211 3202 2265 panes,
3260 2210 3400 2265 quos
3449 2209 3633 2250 sacer-

2058 2293 2215 2347 dotes
2248 2292 2349 2347 soli
2388 2289 2767 2356 eomedebant,
2804 2289 3010 2359 quique
3039 2303 3233 2359 panem
3268 2288 3447 2341 vitum
3502 2286 3638 2356 ﬁgu-

2052 2386 2280 2451 rabant,
2327 2398 2484 2451 aquae
2515 2382 2911 2452 purilieatimiis
2962 2393 3018 2434 et
3073 2381 3276 2445 oleum,
3331 2389 3384 2433 et
3431 2379 3631 2434 caude-

2057 2471 2232 2534 labra,
2260 2480 2311 2525 et
2345 2469 2504 2541 ignis,
2538 2480 2587 2523 et
2620 2469 2832 2532 balnea,
2871 2479 2923 2522 et
2952 2467 3229 2523 thuribula
3280 2475 3335 2522 et
3384 2466 3652 2533 incensa,-

2059 2564 2173 2619 lure
2195 2564 2378 2617 omnia
2411 2569 2599 2616 sancta
2625 2569 2801 2626 erant,
2827 2560 2901 2613 ita
2925 2568 2984 2613 ut
3016 2559 3291 2613 thuribula
3325 2559 3621 2613 adversan-

2061 2659 2194 2713 tium
2223 2657 2403 2710 A.irou
2437 2654 2678 2724 pontifici
2704 2653 2886 2707 inania
2918 2652 3135 2722 quidem
3168 2658 3474 2714 manerent,
3506 2659 3631 2703 tan-

2060 2764 2222 2820 quam
2261 2763 2288 2800 a
2324 2746 2565 2817 profanis
2602 2746 2807 2809 oblata,
2839 2761 2959 2815 quae
2986 2760 3116 2798 vero
3148 2744 3243 2797 Dei
3273 2736 3493 2798 nomine
3518 2744 3635 2797 fue-

2057 2852 2181 2895 rant
2210 2846 2552 2904 consecrata,
2593 2838 2795 2891 nemini
2848 2846 3029 2891 essent
3078 2838 3129 2890 in
3190 2852 3373 2890 usum.
3431 2836 3638 2891 Idcirco

2061 2932 2363 3003 quamlibet
2429 2930 2713 2984 materiam
2785 2928 2876 2982 Dei
2938 2928 3161 2982 nomine
3217 2927 3637 2991 sanctiﬁcatam,

2064 3038 2214 3087 vasa,
2253 3020 2460 3091 lapides
2494 3030 2545 3075 et
2572 3021 2740 3089 ligna,
2780 3029 3086 3088 cmteraque
3114 3017 3486 3072 venerandum
3510 3025 3593 3071 est
3622 3035 3634 3069 :

2066 3122 2267 3168 cuncta
2291 3128 2484 3180 nempe
2516 3111 2702 3165 (lit/ine
2734 3111 2954 3165 nomine
2987 3110 3323 3165 sanctiﬁcata
3356 3110 3639 3180 gratiaque

1978 3215 2023 3278 C
2056 3213 2214 3282 plena
2246 3209 2355 3263 vim
2386 3209 2581 3263 habent
2611 3208 2816 3279 gratias
2841 3216 2893 3262 et
2926 3208 3268 3263 sanctitatem
3336 3205 3639 3262 communi-

2062 3302 2238 3360 caudi.

2631 3415 2860 3517 CADUT
2898 3413 3113 3469 CXXX.

2065 3512 2218 3577 Quod
2235 3527 2512 3569 sacrarum
2538 3506 3198 3578 ardiam'rontemptoribus
3223 3507 3383 3562 etimit
3409 3506 3639 3561 aliorum

2488 3596 2767 3635 sacrorum
2808 3581 3015 3648 fructus
3050 3580 3210 3649 peril.

2136 3674 2201 3728 Et
2241 3671 2343 3727 hoc
2379 3687 2523 3741 smpe
2562 3672 2850 3725 manifeste
2878 3671 3150 3739 vidimus;
3182 3678 3236 3725 at
3270 3686 3458 3725 eorum
3511 3684 3645 3723 con-

2062 3771 2378 3831 temptores,
2416 3764 2551 3839 sicut
2582 3764 2693 3814 Z'lll
2727 3760 2909 3825 istum,
2940 3777 3169 3831 corpore
3200 3763 3418 3831 punitos
3445 3768 3499 3816 et
3540 3761 3639 3815 da-

2063 3865 2280 3911 mnatos
2303 3856 2357 3910 in
2380 3864 2674 3920 a'lernum;
2701 3871 2807 3909 non
2832 3872 2994 3908 unum
3021 3866 3113 3910 aut
3140 3856 3295 3922 duos,
3316 3857 3409 3910 sed
3442 3864 3497 3910 et
3517 3855 3638 3923 plu-

2067 3950 2276 4013 rimos;
2315 3950 2504 4002 domos
2545 3957 2727 4002 autem
2760 3948 2814 4001 in
2850 3950 3053 4016 quibus
3086 3949 3327 4003 materia:
3351 3962 3634 4004 sacrarum

2061 4041 2257 4096 mdium
2285 4040 2474 4109 posita:
2499 4051 2675 4103 erant,
2735 4040 2980 4094 funditus
3030 4055 3276 4107 eversas,
3346 4040 3431 4094 νιτι
3504 4053 3637 4104 non,

2061 4134 2156 4205 qui
2196 4132 2315 4187 illas
2350 4131 2639 4196 inhabitet,
2665 4132 3037 4202 possidentes.

2595 4342 2832 4399 CAPUT
2857 4343 3092 4400 CXXXI.

2070 4432 2224 4501 Quod
2272 4449 2364 4500 per
2398 4434 2650 4503 templum
2692 4450 2827 4557 mrbus
2870 4433 2926 4487 in
2971 4432 3234 4487 Triuitate
3264 4431 3403 4488 Deus
3455 4433 3643 4488 adum-

2779 4513 2951 4557 ratur.

471 4583 531 4636 Ὀ
564 4583 690 4647 ναὸς
717 4582 771 4636 δὲ
801 4582 876 4645 ὡς
898 4577 1046 4647 οῐκος
1081 4582 1217 4637 Θεοῦ
1264 4583 1386 4638 ὅλον
1415 4584 1509 4637 τὸν
1539 4582 1745 4656 κόσμον
1775 4587 1956 4638 τυποῖ.

2135 4598 2419 4667 Templum
2461 4607 2639 4652 autem
2670 4605 2727 4650 ut
2750 4596 2943 4651 domus
2972 4596 3065 4651 Dei
3092 4605 3264 4651 totum
3295 4598 3555 4653 mundum
3585 4599 3645 4652 ii-

396 4681 520 4732 Ὅτι
549 4679 643 4731 καὶ
696 4674 976 4747 πανταχοῦ
1028 4677 1126 4731 καὶ
1165 4678 1306 4747 ὑπὲρ
1358 4677 1420 4730 τὸ
1461 4680 1570 4730 πᾶν
1598 4680 1627 4731 ὀ
1670 4677 1823 4741 Θεὸς.
1854 4679 1964 4731 Kal.

392 4772 548 4823 τοῦτο
574 4771 771 4837 δηλῶν,
801 4771 1091 4840 διαιρεῖται
1139 4772 1219 4831 είς
1254 4770 1401 4840 τρία.
1438 4771 1563 4823 Ὀτι
1605 4773 1700 4824 καὶ
1735 4771 1906 4842 Τριὰς
1939 4773 1967 4824 ὁ

393 4864 544 4925 Θεὸς.
574 4863 744 4916 Τοῦτο
772 4864 866 4916 οὖν
900 4865 993 4916 καὶ
1026 4866 1059 4933 ἡ
1123 4864 1297 4933 σκηνὴ
1339 4862 1665 4927 ὲξεικόνιζεν
1727 4865 1806 4928 εἰς
1840 4864 1968 4934 τρία

394 4956 739 5025 διῃρημένη,
788 4954 884 5008 καὶ
916 4956 945 5008 ὀ
977 4955 1071 5007 τοῦ
1113 4954 1461 5023 Σολομῶντος
1495 4954 1622 5017 ναὸς
1648 4992 1664 5017 ,
1699 4954 1843 5008 καθὰ
1874 4954 1967 5006 καὶ

396 5047 605 5109 Παῦλος
636 5062 790 5115 φησι.
821 5046 894 5099 Τὸ
920 5046 1019 5115 μὲν
1044 5047 1150 5115 γὰρ
1168 5045 1360 5113 ’Ἃγιον
1392 5045 1500 5097 τῶν
1524 5045 1694 5113 ἁγίων
1723 5042 1809 5116 ἦν·
1829 5045 1889 5097 τὸ
1910 5046 1969 5098 δὲ

397 5140 586 5206 Ἀγιαο
607 5139 665 5190 τὸ
683 5139 739 5191 δὲ
765 5139 951 5207 ’Λγιον
978 5142 1264 5206 κοσμικόν.
1283 5137 1347 5190 Ἢ
1371 5138 1500 5191 σκιὰ
1520 5137 1630 5209 γὰρ
1650 5138 1968 5206 προέγραψε

398 5232 465 5283 τὰ
491 5233 588 5298 τῆς
611 5229 889 5300 ἀληθείας.
937 5229 1202 5285 Ἐνταῦθα
1237 5224 1334 5283 οῦν
1373 5229 1433 5284 τδ
1482 5230 1778 5301 ἱερώτατον
1812 5229 1967 5300 βῆμα

402 5322 481 5383 είς
510 5320 680 5374 τύπον
706 5321 814 5374 τῶν
838 5319 1257 5390 ὑπερουρανίων
1284 5321 1401 5372 ἐστὶ
1427 5320 1523 5373 καὶ
1547 5320 1656 5373 τῶν
1689 5322 1969 5388 ὑπεράνω,

400 5414 526 5467 ἔνθα
556 5416 650 5467 καὶ
680 5413 867 5483 θρῦνόν
889 5414 1023 5482 φασὶ
1045 5413 1136 5465 τοῦ
1180 5413 1343 5467 ἁΰλου
1377 5412 1512 5465 Θεοῦ
1538 5428 1553 5442 ·
1586 5411 1686 5483 τὴν
1728 5412 1975 5467 ἀνάπαυ-

402 5521 487 5556 σιν
514 5504 739 5575 δηλαδή.
773 5506 879 5559 Kal
926 5507 961 5574 ἡ
1015 5505 1263 5576 τράπεζα
1294 5503 1456 5563 τοῦτο
1514 5506 1872 5574 παρίστησιν,
1916 5504 1971 5556 al

401 5594 712 5664 ὲπουράνιοί
748 5613 808 5648 τε
855 5596 1038 5662 τάξεις
1091 5596 1318 5649 κάκεῖσε
1373 5598 1480 5648 εἰσι
1524 5596 1621 5647 καὶ
1669 5588 1804 5648 ὧδε·
1838 5594 1975 5649 ἀλλὰ

287 5725 313 5759 ο
403 5685 496 5738 καὶ
528 5687 691 5756 ἱερεῖς
724 5686 823 5741 σὺν
854 5686 1037 5750 αὐτοῖς
1069 5686 1275 5741 τοὺτων
1302 5688 1403 5757 τὴν
1436 5684 1590 5751 τάξιν
1630 5686 1869 5758 ἔχοντες.
1915 5687 1975 5741 '0

407 5779 665 5849 ἱερὰρχης
691 5796 750 5831 τε
785 5781 951 5832 τυποῖ
973 5779 1063 5833 τὸν
1094 5779 1331 5849 Χριστόν
1355 5796 1369 5810 ·
1413 5779 1443 5831 ὁ
1472 5780 1598 5841 ναὸς
1629 5780 1682 5833 δὲ
1716 5780 1808 5833 τὸν
1836 5782 1977 5852 6ρὼ-

408 5885 568 5938 μενον
598 5869 786 5926 τοῦτον
819 5868 1043 5942 κόσμον·
1074 5873 1167 5925 xal
1202 5869 1270 5923 τὰ
1300 5871 1561 5943 ὑπεράνω
1596 5872 1695 5944 μὲν
1722 5872 1815 5929 τοῦ
1845 5874 1975 5931 ναοῦ

2066 4701 2246 4762 gurat,
2300 4690 2559 4760 quoniam
2597 4689 2796 4757 ubique
2832 4698 3083 4754 et‘super
3112 4690 3297 4743 omnia
3337 4690 3479 4745 Deus
3517 4701 3636 4753 est;

2066 4792 2120 4839 et
2154 4786 2254 4837 hoc
2296 4782 2573 4845 indicans,
2611 4782 2664 4834 in
2698 4791 2807 4834 tres
2843 4781 3107 4833 dividitur
3147 4791 3352 4849 partes,
3381 4784 3641 4850 quoniam

2069 4876 2213 4930 Deus
2235 4883 2322 4929 est
2354 4874 2623 4926 Trinitas.
2664 4872 2777 4926 Hoc
2803 4872 2967 4924 etiam
3018 4870 3185 4937 igitur
3209 4874 3642 4941 repraesentabat

2071 4962 2483 5019 tabernaoulum
2520 4963 2574 5014 in
2611 4972 2725 5015 tres
2761 4968 2945 5027 partes
2966 4959 3232 5023 divisum,
3266 4976 3366 5016 nec
3400 4977 3506 5029 non
3542 4960 3641 5016 Sa-

2068 5055 2305 5109 lomonis
2339 5053 2626 5121 templum,
2657 5051 2801 5106 sicut
2856 5050 2930 5104 ait
2974 5050 3194 5106 Paulus.
3249 5048 3369 5105 Una
3422 5054 3642 5122 quidem

2069 5156 2187 5204 erat
2216 5146 2474 5201 Sanctum
2507 5152 2823 5198 sanctorum
2856 5159 2869 5207 ;
2895 5141 3001 5195 alia
3029 5156 3182 5207 vero,
3214 5149 3401 5198 sancta
3430 5162 3443 5209 ;
3473 5144 3642 5200 altera

2070 5249 2274 5303 autem,
2312 5246 2562 5291 sanctum
2602 5249 2914 5290 commune.
2950 5232 3157 5289 Umbra
3206 5236 3351 5292 enim
3409 5253 3476 5293 ea
3527 5254 3647 5308 qua!

2073 5338 2202 5385 sunt
2220 5328 2461 5383 veritatis
2481 5328 2883 5399 praefigunt-abut.
2904 5327 3002 5384 Hie
3025 5331 3192 5400 igitur
3208 5333 3646 5390 sacratissimum

2074 5421 2447 5477 sanetuarium
2470 5429 2657 5491 typum
2707 5422 2850 5491 gerit
2909 5424 3386 5491 supercwlestium
3445 5435 3500 5480 et
3548 5441 3644 5481 su-

2076 5523 2398 5578 pernorum,
2431 5510 2521 5565 ubi
2550 5509 2744 5565 dicunt
2763 5526 2886 5567 esse
2916 5511 3008 5567 Dei
3037 5514 3363 5571 immortalis
3382 5514 3639 5569 thronum

2076 5616 2171 5655 seu
2205 5604 2387 5657 locum
2418 5603 2798 5672 requietionis.
2849 5603 2962 5661 lloc
2984 5606 3148 5660 etiam
3202 5621 3389 5660 mensa
3446 5620 3649 5676 reprae-

2080 5702 2258 5747 sentat
2280 5732 2296 5757 ,
2356 5694 2723 5764 ewlestesque
2754 5696 2978 5751 ordines
3012 5697 3101 5750 hic
3126 5708 3287 5766 atque
3322 5697 3434 5751 illic
3481 5708 3651 5761 sunt;

2080 5785 2175 5841 sed
2202 5794 2256 5841 et
2287 5786 2598 5843 sacerdotes
2621 5804 2744 5844 cum
2766 5790 2847 5843 eis
2872 5805 3059 5844 eorum
3101 5791 3349 5844 ordinem
3376 5798 3650 5847 tenentes.

2081 5878 2330 5951 Pontifex
2359 5888 2540 5939 autem
2571 5882 2829 5948 exprimit
2858 5880 3130 5936 Christum
3157 5898 3170 5948 ;
3203 5884 3464 5954 templum
3520 5899 3650 5939 vero
