4078 6424
964 464 1214 520 ΚΕΦΛΔ.
1245 466 1411 520 ΡΛΔ’.

756 601 818 656 Τί
845 604 880 657 ὁ
904 603 1089 670 κηρὸς
1110 605 1620 675 προσφερόμενος.

474 719 581 770 Καὶ
613 718 641 771 6
688 716 856 788 κηρὸς
909 718 966 771 δὲ
1017 719 1431 788 προσαγόμενὸς
1482 738 1541 774 τε
1586 721 1681 776 καὶ
1734 724 1978 778 ἀναπτό-

402 828 580 881 μενος,
609 809 672 863 τό
711 827 771 863 τε
800 809 1044 881 καθαρὸν
1080 812 1241 881 ἡμῶν
1284 813 1543 882 ἐμφαίνει
1579 817 1673 868 καὶ
1706 816 1978 885 ἀκηλίδω-

400 920 491 955 τον
512 902 614 968 τῆς
646 892 1014 971 προσαγωγῆς
1043 903 1136 955 καὶ
1160 902 1221 955 τὸ
1243 902 1444 956 οικεῖον
1479 907 1616 973 πρὸς
1649 904 1747 974 τὴν
1796 924 1977 976 σφρα-

401 991 545 1059 γῖδα,
581 989 670 1044 διὰ
698 992 795 1061 τὴν
823 991 974 1044 θείαν
1007 992 1309 1062 σημείωσιν
1334 994 1431 1046 καὶ
1462 994 1522 1046 τὸ
1565 995 1980 1065 μαλασσόμενον

404 1085 497 1136 καὶ
550 1084 795 1147 ὑπεῖκον,
839 1085 928 1138 διὰ
969 1084 1069 1154 τὴν
1120 1086 1410 1153 μετάνοιαν
1461 1088 1567 1139 ἀπὸ
1604 1088 1701 1140 τοῦ
1743 1092 1976 1158 τραχέος

402 1176 495 1229 καὶ
539 1175 636 1244 τὴν
667 1176 933 1246 ὑπακοὴν,
962 1177 1059 1229 καὶ
1096 1177 1157 1228 τὸ
1187 1176 1411 1231 εὔκολον
1446 1179 1582 1248 πρὸς
1614 1180 1674 1232 τὸ
1718 1180 1977 1234 πλάττειν

400 1267 487 1320 διὰ
514 1268 613 1339 τὴν
643 1270 1055 1339 ἀναμόρερωσιν,
1090 1271 1182 1324 καὶ
1216 1269 1276 1322 τὸ
1305 1269 1363 1335 ἐξ
1392 1271 1599 1325 ἀνθέων
1630 1272 1974 1340 συγκεῖσθαι,

402 1361 488 1412 διὰ
514 1362 611 1430 τὴν
636 1363 797 1431 χάριν
829 1360 919 1414 τοῦ
955 1344 1299 1431 Πνεύματος,
1331 1361 1426 1415 καὶ
1456 1363 1545 1415 διὰ
1580 1363 1639 1416 τὸ
1673 1365 1739 1416 ὲκ
1764 1365 1983 1418 ποῖιλῶνη

406 1452 497 1505 καὶ
537 1451 723 1522 σχεδὸν
754 1453 970 1505 πάντων
999 1447 1160 1521 εἶναι,
1195 1454 1284 1508 διά
1318 1454 1415 1525 τὴν
1444 1455 1507 1507 ἐκ
1547 1456 1768 1509 πάντων
1802 1473 1975 1526 προσ-

403 1545 626 1612 αγωγήν
646 1559 663 1575 ⁸
695 1546 787 1597 καὶ
811 1544 887 1597 ἔτι
917 1543 1004 1598 διὰ
1032 1544 1090 1597 τὸ
1120 1544 1258 1614 πρὸς
1304 1546 1362 1597 τὸ
1392 1546 1501 1616 πῦρ
1536 1546 1812 1614 ἑνωτικδν,
1858 1548 1976 1617 ήτοι

403 1634 500 1701 τὴν
528 1633 742 1698 θέωσιν,
777 1634 866 1686 καὶ
900 1636 958 1687 τὸ
998 1635 1236 1705 λάμπειν
1265 1636 1352 1689 διὰ
1399 1636 1494 1690 τοῦ
1530 1639 1700 1708 πυρός
1722 1655 1738 1671 ·
1770 1640 1865 1692 καὶ
1897 1639 1975 1709 ἐτι

408 1727 653 1793 συνέχειν
703 1727 797 1780 καὶ
850 1728 1032 1796 μένειν
1084 1727 1191 1793 ἀεὶ,
1222 1726 1311 1781 διὰ
1356 1728 1417 1781 τὸ
1465 1730 1720 1784 ἐνωτικύν
1768 1710 1824 1782 τε
1881 1731 1977 1782 καὶ

407 1818 729 1887 καρτερικὸν
760 1821 857 1887 τῆς
889 1819 1104 1889 ἀγάπης
1138 1836 1194 1871 τε
1226 1821 1321 1873 καὶ
1355 1821 1600 1890 εἰρήνης.

861 1952 1015 2023 131
1054 1953 1305 2008 Koma.
1338 1953 1508 2011 PAE'.

618 2068 681 2121 Τί
711 2066 750 2133 ἡ
782 2067 904 2121 ἀνω
934 2068 1194 2137 καθέδρα
1223 2071 1321 2123 καὶ
1354 2072 1416 2124 αἱ
1446 2071 1763 2140 βαθμίδες.

483 2177 547 2229 Ἠ
581 2176 681 2245 μὲν
706 2177 799 2230 οὖν
828 2180 939 2233 ἄνω
968 2179 1223 2249 καθέδρα,
1252 2182 1326 2243 ὡς
1351 2181 1589 2254 εἴρηται,
1621 2185 1718 2253 τὴν
1747 2184 1981 2254 ὑπερουὲ

407 2268 585 2333 ράνιον
613 2269 853 2323 δείκνυσι
888 2271 1160 2342 καθέδραν
1186 2272 1281 2324 τοῦ
1329 2274 1503 2343 Ἰησοῦ
1536 2291 1549 2304 ο
1590 2278 1647 2327 αἱ
1683 2277 1775 2328 ὑπ’
1805 2278 1977 2347 αὐτὴν

400 2362 457 2413 δὲ
492 2362 745 2429 βαθμίδες
780 2363 880 2434 τὴν
932 2365 1163 2417 ἑκάστου
1195 2365 1303 2417 τῶν
1332 2366 1606 2435 ἱεραρχῶν
1649 2370 1744 2420 καὶ
1784 2369 1977 2439 ἱερέων

401 2453 556 2516 τάξιν
583 2471 641 2505 τε
673 2456 764 2506 καὶ
808 2456 1106 2508 ἀνάϐασιν·
1153 2457 1283 2509 ἔνθα
1337 2458 1403 2527 δὴ
1438 2460 1532 2511 καὶ
1567 2460 1627 2511 ού
1665 2460 1823 2527 θέμις
1857 2461 1977 2513 τινὰ

402 2543 585 2614 ἕτερον
630 2543 876 2608 καθίσαι,
910 2545 1029 2598 οὐδὲ
1057 2546 1166 2599 τῶν
1212 2546 1479 2599 διακόνων
1509 2546 1709 2599 αὐτῶν.
1748 2546 1976 2609 Τούτοις

406 2637 512 2716 γὰρ
576 2636 762 2706 ἔτερος
806 2636 1117 2707 ἀφώρισται
1179 2639 1366 2703 τόπος,
1427 2638 1457 2691 6
1514 2640 1605 2691 καὶ
1662 2640 1980 2701 ἀκολούθως

405 2731 717 2799 ὠνόμασται
756 2730 1066 2783 διακονικόν
1094 2747 1107 2760 ·
1145 2729 1272 2784 ἔνθα
1306 2732 1370 2798 δὴ
1420 2731 1512 2784 καὶ
1542 2731 1814 2802 καθῆσθαι
1854 2728 1980 2784 τού-

406 2840 530 2884 τους
577 2822 868 2876 ἀκόλουθον
895 2841 910 2854 ο
945 2824 1333 2886 ὑποδιακόνους
1372 2824 1467 2877 καὶ
1506 2824 1861 2891 ἀναγνώστας
1899 2824 1978 2890 δὲ,

408 2915 603 2979 ἔξωθεν
655 2913 747 2966 τοῦ
775 2915 1018 2982 βήματος
1068 2916 1197 2985 περὶ
1252 2916 1345 2968 τὸν
1400 2916 1646 2970 σωλέαν’
1686 2915 1745 2979 ὃς
1791 2916 1856 2987 δὴ
1886 2918 1981 2969 καὶ

410 3006 477 3075 βῆ
487 3024 560 3075 μα
588 3008 831 3060 καλεῖται
861 3008 1246 3076 ἀναγνωστῶν.
1803 3004 1815 3019 ’

956 3165 1209 3223 usam.
1247 3165 1435 3234 me".
1472 3120 1475 3123 Α

416 3306 478 3363 Τί
498 3304 568 3360 τὰ
591 3304 889 3360 διάστυλα
917 3303 1219 3377 σημαίνει,
1240 3304 1354 3377 καί
1381 3308 1412 3357 o'
1432 3305 1636 3361 ἐπάνω
1671 3307 1982 3377 κοσμήτης

955 3376 1053 3428 καὶ
1086 3376 1149 3427 τὸ
1176 3376 1436 3430 πέπλον.

482 3492 561 3545 Τὰ
586 3492 847 3544 δεάστυλα
881 3491 936 3543 δὲ
969 3490 1068 3559 τὴν
1093 3489 1361 3560 διαφορὰν
1387 3492 1626 3545 δεικνύει
1656 3492 1764 3550 τῶν
1792 3493 1988 3564 αἰσθη-

410 3586 519 3637 τῶν
552 3586 686 3655 πρὸς
716 3583 782 3637 τὰ
814 3584 1001 3654 νοητὰ,
1034 3584 1125 3636 καὶ
1152 3584 1228 3646 ὡς
1264 3584 1552 3653 στερέωμα
1574 3588 1690 3638 ἐστι
1722 3586 1986 3655 διαφράτ-

413 3694 501 3730 τον
551 3676 657 3729 ἀπὸ
707 3675 815 3727 τῶν
864 3673 1067 3727 ύλικῶν
1110 3675 1178 3727 τὰ
1238 3673 1548 3740 νοούμενα·
1610 3676 1703 3728 καὶ
1760 3677 1840 3729 ὅτι
1889 3677 1985 3729 τοῦ

415 3768 804 3838 θυσιαστηρίου
841 3768 1151 3837 ἔμπροσθεν
1184 3766 1275 3818 τοῦ
1309 3766 1548 3834 Χριστοῦ
1582 3770 1632 3820 οἱ
1670 3769 1988 3839 στῦ>.οι’τῆς

413 3860 583 3914 αὑτοῦ
633 3862 768 3913 εἰσιν
826 3858 1176 3929 Ἐκκλησέας,
1226 3858 1417 3911 τοῦτόν
1471 3876 1531 3911 τε
1599 3860 1986 3929 κηρύσσοντες,

415 3954 507 4005 καὶ
540 3954 683 4022 ἡμᾶς
731 3952 1120 4021 ἐπερείδοντες.
1149 3951 1239 4003 Διὸ
1290 3951 1385 4003 καὶ
1437 3950 1697 4021 ὑπεράνω
1728 3952 1835 4006 τῶν
1874 3953 1990 4005 δια-

418 4046 623 4100 στύλων
655 4046 681 4098 6
715 4047 998 4116 κοσμήτης
1034 4048 1292 4112 συνέχων,
1328 4044 1420 4098 τὸν
1464 4046 1764 4114 σύνδεσμον
1811 4044 1989 4115 δηλῶν

416 4138 515 4208 τῆς
543 4140 785 4209 ἀγάπης,
816 4140 909 4192 καὶ
939 4139 1038 4207 τὴν
1072 4140 1128 4191 ἐν
1157 4139 1379 4209 Χριστῴ
1404 4139 1622 4202 ἕνωσιν,
1652 4138 1760 4189 τῶν
1788 4140 1850 4191 ὲκ
1889 4140 1992 4207 τῆς

417 4233 517 4301 γῆς
569 4232 739 4300 ἁγίων
772 4231 909 4299 μετὰ
952 4214 1067 4283 τῶν
1106 4231 1240 4285 ἄνω.
1269 4230 1437 4288 Ὅθεν
1474 4232 1564 4285 καὶ
1604 4230 1864 4300 ὑπεράνω
1894 4230 1990 4284 τοῦ

418 4326 693 4395 κοσμήτου
726 4326 889 4395 μέσος
923 4327 1023 4393 μὲν
1051 4321 1168 4376 ἔστι
1201 4324 1290 4378 διὰ
1339 4324 1448 4377 τῶν
1500 4324 1665 4391 ἱερῶν
1705 4327 1932 4379 εἰκόνων
1965 4327 1992 4377 6

419 4421 627 4491 Σωτὴρ.
682 4419 1021 4487 ἑκατέρωθεν
1075 4418 1152 4482 δὲ,
1186 4419 1220 4487 ἡ
1278 4418 1481 4487 Μήτηρ
1530 4435 1591 4470 τε
1665 4416 1761 4470 καὶ
1810 4420 1839 4472 6
1890 4418 1994 4470 Βα-

420 4510 666 4580 πτιστὴς,
698 4509 916 4578 ἄγγελοί
946 4525 1007 4561 τε
1055 4510 1149 4561 καὶ
1189 4507 1507 4571 ἀπόστολοι,
1563 4510 1659 4560 καὶ
1710 4509 1761 4560 0!
1814 4507 1993 4561 λοιποὶ

419 4602 525 4654 τῶν
557 4602 748 4668 ἁγίων,
780 4601 839 4653 τὸ
868 4602 924 4654 ὲν
957 4601 1209 4669 οὐρανοῖς
1236 4601 1327 4651 τὸν
1368 4601 1603 4669 Χριστὸν
1648 4600 1823 4662 οὕτως
1852 4595 1993 4652 εἶναι

426 4695 560 4765 μετὰ
596 4695 703 4749 τῶν
746 4694 918 4762 ἁγίων
961 4691 1151 4755 αὐτοῦ,
1181 4692 1277 4745 καὶ
1330 4691 1455 4761 μεθ’
1499 4692 1659 4762 ἡμῶν
1706 4688 1996 4756 εἶναινῦν,

422 4791 514 4841 καὶ
548 4789 801 4859 ἔρχεσθαι
843 4787 1062 4857 μέλλειν
1095 4786 1205 4838 τῶν
1246 4783 1505 4839 τοιούτων
1542 4784 1994 4845 ὲκδιδασκόντων.

435 4880 596 4933 Ἀλλὰ
635 4882 730 4933 καὶ
760 4879 834 4942 ὡς
881 4879 944 4931 τὸ
989 4878 1180 4947 μνῆμα
1220 4873 1463 4946 Χριστοῦ
1514 4875 1811 4946 ἐξαιρέτως
1856 4878 2000 4930 sim-

423 4972 589 5034 νίζειν
636 4973 697 5024 τὸ
741 4971 892 5040 βῆμα
942 4970 1159 5047 ποιοῦσι
1215 4970 1283 5022 τὰ
1334 4969 1619 5025 διάστυλα.
1664 4971 1772 5024 Καὶ
1829 4972 2002 5039 τάφον

427 5065 527 5135 μὲν
576 5059 714 5118 εἶναι
756 5065 854 5131 τὴν
902 5064 1051 5130 ἱερὰν
1108 5062 1427 5132 τράπεζαν,
1476 5060 1552 5115 ὡς
1602 5060 1797 5130 μνῆμα
1837 5061 1893 5114 δὲ
1938 5062 2001 5114 τὸ

427 5157 601 5226 βῆμα,
631 5156 693 5209 τὸ
739 5157 868 5226 περὶ
896 5156 985 5208 τὸν
1033 5156 1201 5223 τάφον
1225 5152 1455 5224 δηλαδή.
1498 5154 1590 5206 Διὸ
1622 5152 1718 5205 καὶ
1750 5154 1778 5205 6
1806 5152 2000 5222 άμϐων

426 5251 530 5320 πρὸ
574 5250 672 5319 τῆς
722 5250 891 5318 θύρας
938 5246 1032 5303 τοῦ
1074 5247 1357 5318 μνήματος
1413 5246 1657 5310 ἵσταται,
1703 5246 1796 5298 τὸν
1848 5245 2002 5299 κυλι-

428 5342 617 5395 σθέντα
648 5340 794 5395 λίθον
821 5341 926 5395 ἀπ’)
958 5340 1058 5410 τῆς
1104 5339 1276 5409 θύρας
1305 5337 1402 5391 τοῦ
1435 5336 1710 5408 μνημείου
1743 5335 1958 5398 δεικνύς
1982 5352 1997 5366 ο

426 5435 520 5488 καὶ
549 5432 609 5485 τὸ
643 5434 846 5504 ὑψηλὸν
880 5432 992 5503 ἔχει
1024 5431 1113 5485 διὰ
1153 5432 1212 5484 τὸ
1245 5428 1340 5483 τοῦ
1376 5430 1736 5500 κηρύγματος
1770 5428 2000 5499 ὑψηλὸν,

428 5530 520 5582 καὶ
568 5528 631 5579 τὸ
670 5525 855 5579 ἐπάνω
884 5522 1155 5594 καθῆσθαι
1190 5523 1283 5576 τὸν
1312 5522 1567 5590 ἄγγελον,
1594 5521 1691 5574 καὶ
1739 5519 1840 5589 τὴν
1873 5520 2003 5573 ἀνά-

432 5638 621 5675 στασιν
649 5621 744 5673 τοῦ
793 5619 1045 5687 Σωτῆρος
1077 5616 1393 5685 κηρύττειν.
1440 5612 1532 5666 Διὸ
1560 5612 1624 5682 δὴ
1675 5612 1771 5665 καὶ
1806 5612 1900 5664 ἐπὶ
1925 5610 2003 5681 τῷ

430 5714 641 5784 ἄμϐωνι
691 5716 739 5767 οἱ
776 5714 941 5784 ἱερεῖς
981 5714 1080 5767 σὺν
1125 5708 1394 5769 διακόνοις
1441 5704 1568 5770 τοὺς
1608 5703 1873 5768 ἀγγέλους
1915 5722 2006 5757 τυο

432 5806 653 5872 ποῦντες
684 5807 751 5861 τὰ
779 5804 1085 5876 [εὐαγγέλια
1116 5804 1388 5872 λέγουσιν.

1644 352 1743 413 DE
1780 354 2018 437 saeuo
2078 359 2403 424 TEMPLO.

3561 359 3670 425 346

2602 481 2834 540 CAPUT
2872 482 3153 540 CXXXIV.

2416 617 2556 681 Quid
2592 636 2691 689 per
2710 636 2883 675 ceram
2917 638 3034 690 qua:
3067 621 3309 690 o/fermr.

2153 731 2289 786 Cera
2323 748 2491 803 porro
2520 736 2696 790 oblata
2729 745 2784 790 et
2818 750 3050 791 accensa
3085 735 3381 805 puritatem
3438 743 3492 789 et
3530 749 3665 790 can-

2080 827 2267 883 dorem
2295 830 2586 888 oblationis
2614 839 2815 887 nostra:
2837 831 3201 886 demonstrat.
3225 830 3380 896 Quod
3410 831 3663 885 idoneum

2080 930 2163 974 est
2190 920 2255 974 ad
2287 921 2547 992 sigillum,
2577 924 2797 993 respicit
2827 923 2899 978 ad
2928 924 3165 978 divinam
3198 923 3618 991 impressionem
3648 940 3664 989 ;

2080 1012 2223 1081 quod
2257 1023 2500 1068 tenerum
2533 1023 2617 1070 est
2647 1030 2712 1069 ac
2742 1014 2925 1080 molle,
2959 1017 3026 1069 ad
3059 1016 3471 1069 conversionem
3504 1029 3531 1066 a
3566 1015 3663 1067 du-

2079 1105 2240 1159 ritate
2278 1114 2333 1159 et
2378 1105 2799 1162 submissionem
2824 1123 2845 1173 ;η
2886 1107 3030 1177 quod
3077 1106 3143 1160 ad
3193 1105 3459 1175 agendum
3510 1106 3669 1161 facile

2079 1207 2193 1258 est,
2230 1200 2295 1251 ad
2330 1199 2743 1255 renovationem
2773 1216 2788 1267 ;
2821 1214 2884 1255 ex
2921 1199 3147 1254 ﬂoribus
3180 1198 3505 1267 compositio
3537 1212 3663 1264 spc-

2079 1298 2190 1344 ctat
2222 1291 2286 1344 ad
2320 1289 2562 1359 Spiritus
2591 1291 2818 1361 gratiam
2851 1298 2905 1344 et
2936 1290 3000 1343 ad
3035 1290 3085 1344 id
3115 1289 3260 1358 quod
3294 1305 3359 1343 ex
3397 1289 3577 1343 multis
3606 1298 3658 1341 ct

2079 1383 2470 1452 propemodum
2501 1399 2563 1438 ex
2596 1385 2809 1439 cunctis
2837 1393 2941 1447 est,
2972 1384 3040 1437 ad
3068 1381 3399 1437 oblationem
3430 1394 3494 1434 ex
3525 1395 3657 1434 cun-

2079 1475 2217 1540 ctis;
2248 1484 2411 1544 atque
2444 1476 2606 1529 etiam
2636 1476 2700 1529 ad
2735 1474 2953 1531 unionis
2985 1491 3110 1529 cum
3146 1475 3273 1543 igne
3309 1471 3626 1525 facilitatem
3647 1511 3669 1535 ,

2079 1567 2196 1623 sive
2236 1567 2669 1633 deiﬁcationem;
2710 1578 2764 1620 et
2805 1568 2988 1622 lucere
3029 1581 3122 1636 per
3162 1567 3339 1635 ignem
3386 1572 3442 1617 et
3484 1563 3667 1618 adhuc

2079 1660 2378 1715 consistere
2404 1670 2451 1713 et
2484 1676 2696 1726 semper
2725 1675 2967 1721 manere,
2998 1660 3063 1713 ad
3098 1658 3150 1712 id
3178 1658 3324 1727 quod
3355 1656 3665 1723 coujtmcti-

2080 1769 2207 1807 vum
2239 1764 2321 1806 est
2354 1762 2406 1808 cl.
2438 1755 2653 1807 lit'mttm
2687 1751 2971 1805 cltutitatis
3002 1766 3065 1806 ac
3096 1751 3270 1820 pacis,
3307 1749 3554 1819 respicit.

2610 1968 2840 2024 CAPUT
2878 1967 3143 2024 CXXXV.

2211 2088 2350 2154 Quid
2373 2104 2463 2155 per
2487 2087 2805 2152 superiorem
2834 2086 3138 2140 cathedram
3171 2082 3497 2154 gradusque.

2151 2201 2419 2255 Cathedra
2451 2200 2671 2269 quidem
2702 2200 2754 2253 in
2784 2200 2894 2254 alto
2926 2198 3125 2269 posita,
3153 2197 3297 2251 sicut
3326 2195 3528 2248 dictum
3560 2201 3665 2255 est,

2082 2293 2524 2363 supercmlestem
2561 2290 2689 2347 Jesu
2729 2290 3042 2345 cathedram
3082 2287 3399 2359 signiﬁcat;
3464 2286 3669 2352 gradus

2082 2395 2260 2441 autem
2295 2386 2385 2455 qui
2420 2385 2521 2439 sub
2549 2386 2662 2453 ipsa
2691 2394 2855 2449 sunt,
2885 2382 3316 2451 uniuscujusque
3349 2378 3665 2448 pontiﬁcum

2081 2493 2144 2532 ac
2186 2477 2531 2532 sacerdotum
2579 2476 2825 2530 ordinem
2872 2484 2925 2530 et
2971 2473 3377 2533 ascensionem,
3419 2470 3509 2523 ubi
3558 2486 3667 2522 non

2084 2564 2211 2621 licet
2247 2568 2415 2621 alium
2452 2581 2784 2636 quemquam
2824 2564 3037 2628 sedere,
3072 2578 3174 2617 nec
3207 2577 3271 2616 ex
3309 2560 3445 2629 ipsis
3480 2560 3666 2611 diaco-

2084 2662 2166 2716 nis
2198 2676 2213 2715 ι
2244 2661 2366 2715 istis
2395 2660 2539 2714 cnim
2572 2672 2819 2713 seorsum
2849 2657 2991 2711 alius
3018 2654 3332 2721 assignatur
3363 2651 3539 2712 locus,
3571 2650 3667 2717 qui

2083 2759 2483 2821 consequenter
2521 2751 2837 2805 nominatur
2877 2746 3188 2802 diaconium
3216 2785 3229 2808 ,
3284 2740 3375 2795 ubi
3416 2740 3670 2795 convenit

2084 2862 2180 2901 eos
2223 2846 2447 2909 sedere,
2493 2842 2862 2898 subdiaconos
2909 2846 3088 2892 autem
3138 2843 3193 2889 et
3235 2834 3467 2888 lectores
3514 2838 3668 2882 extra

2086 2937 2463 2994 sanctuarium
2504 2936 2649 2990 circa
2686 2933 2926 2999 soleam,
2959 2946 3081 3002 qua:
3118 2937 3405 3000 propterea
3442 2929 3671 2975 vocaluﬂ'

2086 3032 2465 3090 sanctuarium
2498 3030 2793 3085 lectorum.

2602 3185 2832 3242 CAPUT
2872 3181 3157 3240 CXXXVI.

2087 3328 2230 3395 Quid
2258 3344 2347 3398 per
2372 3325 2678 3395 interstylia
2707 3322 3046 3398 epistyliique
3066 3322 3367 3398 compagem
3398 3316 3665 3386 superius,

2287 3407 2510 3452 ornatus
2555 3391 2713 3449 causa
2736 3391 3017 3457 additam,
3044 3401 3092 3446 et
3122 3408 3212 3462 per
3237 3391 3466 3461 peplum.

2160 3511 2392 3581 Diastyla
2420 3492 2548 3561 vero
2581 3488 2960 3561 demonstrant
2989 3504 3345 3559 differentiam
3372 3503 3515 3556 inter
3541 3517 3668 3555 sen-

2089 3601 2269 3654 sibilia
2318 3611 2371 3653 et
2404 3596 2786 3668 intelligibilia,
2839 3605 2894 3651 et
2928 3604 3055 3651 sunt
3078 3595 3231 3665 quasi
3267 3593 3675 3647 lirnutmentum

2088 3693 2337 3747 dividens
2373 3706 2402 3743 a
2431 3688 2806 3743 materialibus
2848 3685 3195 3756 spiritualia;
3233 3684 3475 3738 indicant
3503 3682 3674 3744 etiam

2090 3781 2237 3853 quod
2272 3782 2323 3833 in
2357 3787 2655 3848 conspectu
2685 3778 2895 3841 altaris,
2930 3777 2982 3832 id
3022 3786 3105 3832 est
3143 3775 3371 3841 Christi,
3426 3774 3502 3827 illi
3542 3781 3676 3827 sunt

2090 3873 2264 3944 ipsius
2307 3870 2569 3927 Ecclesiae
2624 3866 2895 3924 columna:
2934 3867 3027 3937 qui
3066 3866 3367 3937 praedicant
3417 3864 3569 3919 illum
3620 3872 3678 3919 et

2092 3981 2194 4021 nos
2240 3964 2591 4020 conﬁrmant.
2623 3960 2750 4016 Ideo
2787 3976 2954 4030 super
2988 3960 3217 4030 diastyla
3273 3968 3545 4013 cosmetcs
3590 3964 3677 4013 est

2093 4063 2446 4117 connectens,
2478 4052 2569 4122 qui
2601 4051 2870 4121 signiﬁcat
2905 4050 3185 4105 vinculum
3218 4048 3503 4104 cbaritatls
3534 4057 3589 4101 et
3618 4047 3677 4107 in

2095 4146 2313 4201 Cbristo
2340 4142 2779 4199 communionem
2809 4150 3124 4197 sanctorum
3155 4140 3222 4194 de
3251 4148 3393 4194 terra
3413 4153 3535 4195 cum
3558 4151 3677 4192 cce»

2095 4236 2352 4291 lestibns.
2411 4232 2570 4289 Unde
2622 4247 2837 4303 quoque
2885 4247 3050 4302 super
3098 4238 3397 4286 cosmetam
3458 4228 3676 4283 medius

2096 4328 2321 4400 quidem
2357 4328 2612 4383 estinter
2656 4340 2844 4380 sacras
2890 4324 3158 4395 imagines
3192 4322 3467 4386 Salvator,
3499 4322 3682 4376 utriu-

2096 4437 2201 4491 que
2228 4435 2360 4477 vero
2389 4420 2563 4476 Mater
2586 4430 2640 4475 et
2683 4420 2953 4488 Baptista,
3008 4416 3182 4486 angeli
3227 4425 3275 4470 et
3320 4412 3630 4482 archangeli
3660 4452 3679 4476 ,

2030 4536 2077 4595 D
2101 4511 2333 4581 apostoli
2365 4522 2419 4566 et
2450 4512 2642 4581 reliqui
2686 4520 3031 4573 sanctorum,
3062 4508 3185 4564 istis
3218 4505 3592 4561 indicantibus
3621 4506 3677 4556 in
3778 4530 3781 4531 ν

2101 4607 2255 4661 ρωὶὶε
2284 4607 2364 4663 sic
2390 4622 2510 4662 esse
2541 4605 2819 4659 Christum
2847 4619 2972 4658 eum
2994 4602 3203 4657 sanctis
3234 4600 3368 4665 suis,
3403 4610 3454 4653 et
3484 4599 3679 4651 nobis-

2114 4717 2238 4758 cum
2262 4683 2410 4756 nutic
2432 4715 2576 4765 esse,
2606 4708 2770 4768 atque
2808 4712 2930 4752 esse
2955 4705 3264 4750 venturum.
3286 4690 3393 4747 Sed
3417 4700 3471 4747 et
3496 4702 3684 4746 esten-

2109 4794 2247 4850 dunt
2278 4792 2515 4865 diastyla
2547 4800 2807 4860 tanquam
2852 4786 3054 4846 Christi
3091 4794 3510 4841 monumentum
3544 4799 3682 4855 prae-

2103 4887 2289 4943 scrtim
2324 4899 2448 4942 esse
2484 4882 2853 4939 sanctuarium
2898 4877 3248 4947 :sepulcrum
3296 4875 3515 4945 quidem
3558 4891 3685 4932 esse

2105 4992 2352 5034 mensam
2410 4989 2668 5041 sacram;
2728 4982 2787 5027 ιιι
2834 4962 3258 5025 monumentum
3322 4975 3504 5022 autem
3560 4982 3684 5023 (‘SSB

2103 5067 2503 5130 sanctuarium,
2563 5064 2711 5136 quod
2773 5060 2983 5116 scilicet
3040 5059 3189 5115 circa
3253 5058 3522 5113 tumulum
3570 5066 3683 5118 est,

2102 5162 2337 5230 Ideoque
2380 5159 2550 5213 umbo
2594 5169 2782 5210 coram
2828 5153 3016 5223 jauuis
3049 5151 3390 5207 monumenti
3425 5157 3685 5215 constat,

2105 5252 2336 5321 lapidem
2373 5249 2442 5305 ab
2469 5247 2613 5303 ostio
2639 5244 2979 5301 monumenti
3010 5242 3323 5299 revolutn’m
3356 5241 3685 5306 ostendens;

2103 5355 2157 5398 et
2185 5339 2530 5395 altitudinem
2563 5335 2726 5392 habet
2758 5344 2979 5405 propter
3031 5332 3447 5403 praedicationis
3490 5332 3682 5385 altitu-

2105 5433 2325 5497 dinein;
2363 5443 2577 5486 necnon
2606 5428 2733 5498 quia
2780 5426 3020 5497 desuper
3065 5425 3215 5481 stetit
3246 5422 3479 5495 angelus
3507 5424 3571 5477 ad
3603 5437 3689 5477 re-

2107 5522 2504 5580 surrectionem
2525 5518 2732 5576 Christi
2760 5516 3185 5589 pmdicandam.
3213 5516 3338 5573 Ideo
3369 5530 3535 5584 super
3567 5529 3691 5568 um—

2107 5618 2251 5673 bone
2294 5614 2610 5670 sacerdotes
2648 5628 2774 5669 cum
2811 5611 3085 5671 diaconis‘
3112 5608 3338 5680 angelos
3374 5606 3676 5678 ﬁgurantes

2109 5707 2395 5781 evangelia
2426 5706 2634 5779 legunt.
2661 5737 2664 5741 ~
