4078 6440
386 363 495 425 349

1620 367 1713 427 DE
1756 368 2000 429 SACllO
2040 368 2197 427 TEM
2210 365 2375 428 PLO.

3547 354 3657 419 3ἷο

384 480 541 548 λαδὴ.
576 479 649 549 ὡς
694 476 921 549 ἀστέρες
965 479 1033 534 τὰ
1086 479 1238 548 φῶτα
1296 481 1601 552 ᾑὼρηνται.
1643 486 1753 538 Kal
1806 487 1834 538 6
1873 484 1969 539 xti-

2077 485 2227 550 licet,
2267 493 2325 538 ut
2356 491 2526 549 astra,
2556 481 2765 537 lumina
2799 477 3256 550 suspenduntur;
3292 482 3346 530 et
3367 484 3455 529 cst
3484 474 3654 527 lumi-

384 573 510 635 κλος
565 573 683 625 ἐστὶ
738 571 846 624 τῶν
881 570 1077 640 φώτων
1126 573 1188 626 τὸ
1238 574 1529 645 στερέωμα
1580 576 1969 646 ὑπεμφαίνων,

382 665 477 719 καὶ
511 665 609 726 τὰς
654 661 832 727 ζώνας
882 662 988 716 τῶν
1021 662 1342 734 πλανητῶν.
1374 665 1487 718 Kal
1533 665 1617 718 ἔτι
1654 667 1820 737 ἕτερα
1856 686 1971 737 φω-

381 758 577 827 τοδόχα
634 754 999 828 ἀπῃὼρηνται
1032 750 1236 827 σκεύψ
1275 756 1373 810 xal
1427 758 1494 811 τὶ
1548 758 1653 826 μὲν
1693 759 1771 822 είς
1796 759 1968 813 τύπον

381 849 477 904 τοῦ
510 848 740 903 παλαιοῦ
768 849 996 922 πυρίνου
1021 849 1238 917 στύλον,
1274 848 1518 921 στυλώδη
1551 851 1646 904 καὶ
1662 850 1826 923 ὄρθια
1852 869 1867 883 ·
1899 854 1970 907 τὰ

383 941 440 994 δὲ
486 943 588 1010 τῆς
640 939 806 1011 βάτου
834 956 850 972 ο
881 940 952 994 τὰ
1007 941 1064 994 δὲ
1095 940 1194 994 τοῦ
1240 940 1331 996 τὸν
1372 943 1564 996 Ἠλίαν
1611 942 1970 1008 ἁρπάσαντος

385 1035 653 1102 ἅρματος,
686 1034 831 1102 ἅπερ
888 1033 1027 1087 εἰσὶν
1074 1033 1123 1087 oi
1179 1034 1388 1104 τροχοί.
1438 1035 1551 1089 Kal
1599 1038 1668 1091 τὰ
1714 1037 1815 1106 μὲν
1852 1053 1969 1107 τρι-

386 1126 582 1195 λαμπῆ
606 1126 694 1179 διὰ
729 1127 829 1194 τὴν
860 1127 1092 1197 Τριάδα,
1129 1126 1207 1190 ὡς
1238 1128 1331 1182 καὶ
1359 1128 1429 1181 τὰ
1482 1131 1770 1199 τρικήρια,
1810 1129 1878 1183 τὰ
1911 1128 1969 1182 δὲ

387 1215 699 1287 ὶπτὰλυχνα
729 1216 818 1270 διὰ
838 1211 949 1271 τῶν
986 1218 1345 1288 χαρισμάτων
1373 1219 1466 1272 τὸν
1506 1220 1741 1291 ἀριθμόν
1767 1237 1781 1252 ⁸
1813 1221 1881 1275 τὰ
1912 1220 1968 1274 δὲ

386 1309 752 1379 δωδεκᾶφωτα
802 1308 890 1363 διὰ
939 1309 1042 1379 τὴν
1084 1311 1196 1365 τῶν
1250 1311 1567 1366 ἀποστόλων
1614 1313 1859 1383 χορείαν,
1890 1306 1969 1369 ὧν

390 1403 485 1457 καὶ
512 1404 675 1472 μέσον
704 1403 764 1457 ἒν
797 1404 1014 1460 ἵσταται
1052 1403 1358 1477 ὑπέρτερον
1395 1407 1532 1477 φῶς,
1564 1407 1645 1473 είς
1667 1408 1842 1462 τύπον
1873 1409 1969 1463 τοῦ

391 1496 628 1563 μεγάλου
678 1497 880 1566 φωτὸς,
916 1498 1013 1551 τοῦ
1050 1498 1252 1568 Ἰησοῦ.
1281 1499 1442 1553 Ἐστι
1492 1499 1550 1553 δδ
1584 1502 1681 1554 καὶ
1714 1500 1969 1572 δικήριον

388 1588 447 1638 τδ
476 1586 667 1656 διφυὲς
701 1586 868 1640 αὑτοῦ
907 1586 1121 1658 δηλοῦν.
1175 1587 1289 1643 Kal
1318 1588 1476 1659 φῶτα
1516 1591 1808 1661 μοναδικὰ,
1841 1591 1873 1662 ἢ
1904 1590 1966 1645 τὸ

390 1679 588 1733 ἑνιαῐον
616 1677 717 1749 τῆς
748 1677 980 1750 Τριάδος
1019 1681 1309 1752 δηλοῦντα,
1336 1683 1368 1753 ἢ
1399 1684 1494 1738 καὶ
1523 1685 1635 1738 τῶν
1668 1686 1844 1754 ἁγίων
1871 1686 1971 1741 ἕνα

389 1770 532 1836 τινὰ,
571 1770 710 1841 πρὸς
739 1770 802 1824 δν
835 1772 1194 1847 ἁπῃὼρηται.
1220 1774 1342 1839 Φῶς
1379 1775 1491 1846 γὰρ
1528 1777 1672 1831 κατᾶ
1708 1778 1967 1850 μετοχὴν,

2074 592 2205 633 num
2235 575 2500 642 circulus,
2534 575 2938 629 ﬁrmamentum
2979 585 3262 640 zonasque
3304 569 3651 639 planetarum

2071 670 2471 734 subindicans;
2518 676 2575 723 et
2629 667 2809 722 adhuc
2845 676 2974 723 sunt
3025 665 3195 719 altera
3242 677 3371 717 vasa
3407 661 3474 716 ad
3508 660 3653 715 rcci-

2071 765 2295 834 piendas
2340 764 2495 819 luces
2539 776 2807 832 suspensa
2845 777 2861 818 :
2915 767 2972 815 et
3018 758 3123 812 alia
3170 757 3388 825 quidem
3429 756 3648 811 suntin

2072 868 2257 931 typum
2280 860 2483 916 veteris
2509 860 2691 930 ignitae
2720 857 3006 915 columnae,
3039 854 3092 907 in
3114 852 3380 908 columna:
3404 848 3639 904 formam

2070 960 2285 1019 erecta;
2320 951 2425 1006 alia
2454 964 2607 1015 vero,
2635 949 2690 1004 in
2732 958 2920 1020 typum
2956 946 3118 1011 rubi;
3153 943 3259 997 alia
3302 951 3481 996 autem
3513 955 3641 994 cur-

2074 1059 2168 1098 rus
2194 1040 2368 1096 Eliam
2396 1039 2717 1102 auferentis.
2745 1039 2974 1095 formam
3005 1033 3346 1103 exprimunt,
3376 1042 3430 1085 et
3462 1029 3651 1083 dicun-

2075 1142 2163 1187 tur
2190 1143 2342 1191 rotae:
2380 1131 2485 1186 alia
2518 1137 2648 1185 sunt
2684 1127 2752 1183 ad
2790 1127 2896 1181 tria
2930 1124 3136 1180 lumina
3168 1129 3390 1192 propter
3410 1120 3652 1173 Trinita-

2072 1233 2205 1290 tem,
2250 1224 2396 1280 sicut
2446 1231 2503 1279 et
2546 1221 2690 1277 cerei
2743 1218 2998 1286 trifurci;
3036 1217 3144 1270 alia
3179 1224 3387 1284 septem
3447 1211 3652 1266 habent

2073 1318 2280 1373 lumina
2317 1318 2472 1389 juxta
2521 1329 2812 1371 numerum
2847 1309 3267 1374 charismatum;
3305 1306 3409 1360 alia
3445 1301 3657 1357 duode-
3732 1366 3735 1373 ,

2072 1412 2206 1478 cim,
2236 1419 2461 1483 propter
2490 1402 2862 1479 apostolorum
2900 1406 3135 1461 chorum
3161 1418 3178 1469 ;
3209 1402 3352 1455 inter
3380 1412 3503 1469 qua:
3540 1411 3655 1451 me-

2074 1504 2223 1559 dium
2273 1515 2445 1557 unum
2495 1498 2740 1568 assurgit
2786 1495 3041 1565 superius
3095 1492 3304 1557 lumen,
3359 1488 3414 1542 iu
3460 1497 3651 1557 typum

2074 1594 2262 1666 magni
2316 1592 2564 1657 luminis,
2612 1587 2768 1646 Jesu.
2805 1586 2904 1643 Est
2952 1584 3120 1641 etiam
3167 1581 3388 1652 duplice
3440 1576 3651 1633 lumine

2075 1701 2270 1748 cereus
2292 1685 2361 1741 ad
2398 1685 2673 1755 duplicem
2705 1682 2882 1752 ipsius
2923 1675 3323 1734 ostendendam
3350 1682 3604 1726 naturam
3633 1709 3651 1734 ,

2072 1781 2397 1850 luminaque
2426 1776 2750 1849 singularia,
2781 1789 2904 1845 qute
2940 1773 3023 1826 vel
3059 1767 3350 1824 Trinitatis
3383 1765 3653 1821 unitatem

391 1863 485 1914 καὶ
537 1838 645 1915 τῶν
699 1863 871 1932 ἁγίων
922 1838 1181 1931 ﬁxae-ros,
1215 1866 1294 1931 ὠς
1345 1838 1470 1921 καὶ.
1503 1838 1972 1941 λυχνίαξῶσῖη

2081 1858 2414 1946 signiﬁcant,
2436 1872 2523 1928 vel
2548 1870 2791 1927 indicant
2816 1868 3057 1936 aliquem
3092 1872 3410 1921 sanctorum
3443 1872 3655 1922 unum,

387 1954 533 2028 ψυχὴ
566 1954 732 2011 αὐτοῦ
763 1957 882 2010 ἐστι
934 1948 1251 2027 λάμπουσα.
1297 1960 1365 2014 Ἠ
1421 1962 1725 2033 στερῤότης
1769 1963 1827 2017 δὲ
1878 1963 1975 2018 καὶ

390 2045 702 2114 εὐπρέπεια
723 2045 817 2099 τοῦ
842 2045 997 2113 ναοῦ,
1030 2046 1127 2101 καὶ
1157 2049 1191 2119 ἡ
1220 2047 1316 2102 τοῦ
1363 2048 1596 2118 ἐδάφους
1643 2050 1973 2121 τερπνότης,

387 2140 449 2194 τὸ
494 2139 698 2210 ὡραῖον
753 2139 976 2210 δηλοῦσι
1025 2142 1123 2195 καὶ
1186 2141 1430 2215 καθαρὸν
1485 2144 1598 2197 τῶν
1662 2144 1835 2212 ἁγίων
1878 2146 1977 2198 καὶ

330 2294 333 2295 ν
388 2231 689 2301 πάγκαλον,
732 2232 828 2286 καὶ
866 2233 928 2286 τὸ
985 2233 1083 2288 τοῦ
1124 2234 1464 2305 παραδείσου
1511 2236 1773 2306 τερπνόν.
1816 2236 1975 2289 Ἐπεὶ

388 2326 487 2379 καὶ
513 2324 588 2390 ὡς
613 2325 943 2396 παράδεισον
965 2328 1275 2398 είρήκαμεν
1302 2330 1680 2393 είκονίζεσθαι
1709 2330 1805 2382 τὸν
1827 2329 1974 2383 θεῖον

387 2415 536 2471 ναόν.
570 2416 790 2471 Μᾶλλον
818 2417 876 2470 δὲ
904 2419 1002 2472 καὶ
1033 2418 1209 2489 μείζω
1238 2421 1470 2491 παρέχει
1505 2419 1602 2473 τοῦ
1628 2420 1966 2490 παραδείσου

387 2507 457 2561 τὰ
500 2508 799 2576 ἐπουράνια
845 2509 1033 2580 δῶρα·
1074 2510 1137 2566 ού
1194 2511 1355 2578 ξύλον
1416 2512 1567 2582 ζωῆς
1607 2512 1822 2575 ἁπλῶς,
1855 2512 1975 2567 ἀλλ’

360 2599 558 2671 Ααύτὴν
611 2599 750 2676 ἔχων
780 2600 879 2670 τὴν
930 2600 1079 2672 ζωὴν
1126 2603 1596 2675 ίερουργουμένην
1628 2607 1725 2658 καὶ
1755 2604 1974 2675 διδομέ-

390 2708 507 2761 νην.
545 2692 655 2744 Kal
689 2692 750 2744 ού
789 2691 947 2756 ξύλον
1004 2693 1088 2747 ἔτι
1138 2695 1405 2766 κέκτηται
1436 2695 1721 2764 γνώσεως,
1746 2697 1862 2759 τοῖς
1898 2696 1974 2766 μὴ

393 2787 531 2838 κατὰ
561 2784 751 2854 καιρὸν
796 2786 1116 2856 γευομένοις
1174 2788 1473 2858 προξενοῦν
1502 2789 1808 2860 γύμνωσιν,
1839 2791 1977 2846 ἀλλὰ

391 2876 489 2944 τὴν
522 2876 707 2940 ζῶσαν
759 2878 979 2946 σοφίαν,
1033 2881 1238 2951 ἑαυτὴν
1275 2882 1357 2944 είς
1418 2883 1626 2955 τροφὴν
1675 2885 1774 2938 καὶ
1810 2886 1974 2938 πόσιν

396 2968 740 3055 παρέχουσαν
775 2969 872 3024 καὶ
906 2972 1208 3042 κιρνῶσαν,
1258 2977 1756 3046 προσκαλουμένην
1783 2994 1843 3031 τε
1878 2978 1976 3031 καὶ

396 3060 782 3124 συνετίζουσαν
818 3059 945 3124 τοὺς
983 3061 1251 3133 ἄφρονας,
1274 3064 1375 3119 καὶ
1410 3064 1481 3119 τὰ
1518 3065 1741 3136 Θύματα
1772 3067 1973 3137 νέμουο

397 3169 512 3218 σαν,
541 3152 603 3205 τὸ
650 3150 810 3219 σῶμα
864 3150 961 3204 καὶ
1013 3146 1156 3224 αἷμα
1203 3154 1428 3225 ἑαυτῆς,
1462 3157 1560 3211 καὶ
1621 3157 1764 3229 ὑπὲρ
1816 3156 1977 3228 ἡμῶν

2079 1978 2302 2039 propter
2343 1980 2509 2034 quem
2540 1962 2980 2034 suspenduntur.
3015 1960 3226 2014 Lumen
3262 1954 3409 2011 enim
3447 1959 3531 2007 est
3562 1965 3659 2019 per

2075 2059 2551 2131 participationem
2579 2063 2895 2113 sanctorum
2939 2050 3355 2120 unusquisque;
3398 2047 3543 2101 sicut
3571 2043 3656 2096 lu-

2077 2167 2240 2210 cerna
2284 2151 2498 2215 vivens,
2548 2149 2727 2219 ipsius
2774 2148 2963 2202 anima
3020 2142 3358 2213 resplendet.
3414 2138 3659 2193 Trinitas

2076 2252 2259 2299 autem
2310 2258 2375 2298 ae
2423 2242 2611 2309 templi
2660 2240 2808 2296 nitor
2853 2246 2908 2293 et
2960 2234 3262 2308 pavimenti
3311 2231 3654 2303 iucunditas,

2078 2343 2398 2395 sanctorum
2429 2332 2916 2405 pulchritudinem,
2966 2330 3262 2401 puritatem
3294 2342 3358 2383 ac
3399 2325 3657 2380 decorem

2082 2435 2502 2498 repraesentant,
2535 2426 2679 2481 sicut
2714 2435 2769 2480 et
2796 2425 3034 2495 paradisi
3091 2421 3495 2494 jucunditatem
3532 2436 3545 2471 :
3586 2419 3660 2473 si-

2077 2521 2299 2590 quidem
2334 2519 2503 2575 veluti
2540 2518 2854 2589 paradisum
2888 2516 3034 2588 typis
3069 2514 3377 2585 exprimere
3419 2510 3662 2565 diximus

2079 2612 2328 2669 divinum
2382 2609 2687 2679 templum;
2741 2608 2826 2664 vel
2890 2608 3075 2677 potius
3137 2605 3342 2674 majora
3399 2601 3660 2672 paradiso

2077 2711 2326 2775 praestat,
2365 2700 2612 2759 cmlestia
2650 2700 2835 2767 dona;
2879 2716 2989 2755 nou
3041 2698 3222 2754 solum
3256 2696 3380 2750 vitze
3408 2696 3615 2764 lignum
3642 2733 3659 2758 ,

2077 2795 2172 2853 sed
2217 2795 2387 2863 ipsam
2440 2794 2605 2849 habet
2649 2792 2841 2857 vitam,
2893 2792 2947 2846 in
3003 2790 3179 2846 sacris
3213 2788 3555 2843 immolatam
3595 2800 3661 2839 ac

2080 2888 2358 2946 traditam.
2384 2886 2503 2942 Non
2524 2886 2636 2956 jam
2664 2886 2903 2956 possidet
2937 2883 3179 2940 scientiae
3206 2882 3434 2951 lignum,
3460 2880 3527 2934 de
3553 2879 3660 2932 hoc

2079 2994 2190 3035 non
2220 2984 2530 3047 opportune
2560 2975 2853 3031 edentibus
2900 2974 3135 3030 aﬂerens
3183 2973 3528 3037 nuditatem;
3565 2970 3660 3024 sed

2079 3071 2359 3124 viventem
2396 3067 2747 3138 sapientiam,
2782 3068 3134 3136 semetipsam
3164 3066 3218 3119 in
3253 3064 3436 3118 cibum
3471 3073 3524 3116 et
3561 3075 3658 3131 po-

2005 3186 2051 3249 ο
2082 3168 2199 3217 tum
2242 3158 2576 3231 praebentem
2630 3174 2697 3214 ac
2751 3158 3114 3222 miscentem,
3168 3164 3565 3223 voeantemquc
3607 3160 3663 3205 ct

398 3246 801 3324 σφαττομένην,
840 3242 938 3297 καὶ
984 3246 1084 3299 οὐκ
1129 3248 1212 3302 ἔτι
1258 3249 1548 3317 λέγουσαν,
1586 3269 1607 3303 ι
1640 3251 1731 3321 Μὴ
1764 3250 1974 3320 φάγητε

2081 3253 2411 3309 excitantem
2454 3250 2833 3322 imprudentes
2862 3290 2879 3317 ,
2923 3264 3133 3306 necnon
3178 3248 3428 3303 victimas
3475 3245 3665 3300 distri-

397 3338 492 3391 ἀπ’
511 3338 699 3406 αὐτοῦ,
724 3341 812 3394 ἴνα
838 3343 913 3413 μὴ
931 3340 1261 3411 ἀποθάνητε,
1289 3357 1310 3391 ι
1338 3339 1497 3406 ἀλλὰ,
1525 3340 1741 3409 ιΔεῦτε,
1772 3341 1974 3411 φάγετε

2082 3345 2366 3410 buentem,
2397 3343 2597 3411 corpus
2642 3353 2697 3397 et
2740 3342 3063 3413 sanguinem
3096 3356 3293 3406 suum;
3351 3346 3405 3393 et
3442 3347 3667 3408 propter

397 3430 488 3484 τδν
537 3432 670 3502 ἐμὸν
702 3433 891 3505 ἄρτον,
923 3434 987 3488 τὺ
1036 3433 1199 3503 σῶμά
1247 3450 1372 3503 μου,
1412 3440 1507 3487 καὶ
1558 3434 1714 3487 πίετε
1747 3430 1889 3488 οἶνον
1920 3433 1974 3487 ὃν

2084 3451 2186 3491 nos
2216 3434 2575 3500 immutatam;
2604 3448 2706 3488 nec
2728 3433 2840 3503 jam
2874 3432 3146 3486 dicentem
3175 3448 3189 3485 :
3222 3446 3241 3480 ι
3284 3426 3364 3482 Ne
3387 3427 3670 3481 comedite

397 3522 672 3594 κεκέρακα
702 3527 857 3596 ὑμῖν,
894 3527 956 3580 τὺ
986 3527 1089 3597 τῆς
1123 3526 1320 3595 καινῆς
1355 3526 1626 3596 διαθήκης
1676 3523 1816 3596 αἷμά
1850 3543 1974 3597 μου.

2086 3542 2153 3583 ex
2194 3542 2280 3592 eo,
2314 3535 2377 3581 ut
2415 3541 2522 3581 non
2553 3525 2902 3590 moriamini;
2946 3543 2964 3577 ι
2996 3522 3091 3579 sed
3130 3540 3144 3577 :
3178 3541 3196 3574 ‹
3240 3520 3454 3584 Venite,
3482 3533 3669 3573 come-

321 3653 330 3661 .
399 3615 509 3671 Kal
542 3616 834 3673 ἁπολίπετε
889 3618 1209 3689 ἀφροσύνην
1256 3618 1546 3684 ἀπιστίας,
1578 3622 1676 3672 καὶ
1719 3619 1974 3689 ζήσεσθε.

2082 3619 2198 3675 dite
2224 3634 2419 3689 panem
2457 3633 2663 3684 meum,
2697 3632 2899 3687 corpus
2935 3630 3119 3671 meum
3146 3652 3162 3677 ,
3196 3620 3253 3669 et
3280 3612 3452 3667 bibite
3477 3612 3673 3664 vinum

400 3710 508 3766 Kal
535 3711 809 3782 ζητήσατε
838 3712 1107 3784 φρόνησιν
1133 3711 1444 3772 εύσεῦείας,
1472 3710 1571 3780 ἐμὲ
1595 3710 1843 3781 δηλονότι
1877 3712 1974 3781 τὴν

2082 3708 2231 3780 quod
2291 3707 2488 3764 miscui
2555 3707 2730 3772 vobis,
2755 3704 2893 3761 Novi
2933 3701 3271 3760 Testameuti
3341 3701 3675 3770 sanguinem

398 3803 613 3858 πάντων
647 3807 931 3877 φρόνησιν,
970 3804 1059 3860 ἴνα
1093 3802 1330 3875 βιὼσητε
1366 3802 1572 3867 ζῶντες
1628 3802 1867 3865 αίωνίως
1890 3817 1905 3833 ο
1949 3818 1969 3853 ι

2085 3815 2293 3859 meum.
2312 3799 2377 3855 Et
2393 3799 2767 3866 derelinquite
2797 3798 3129 3854 dementiam
3159 3794 3581 3857 incredulitatis,
3614 3802 3669 3846 et

399 3900 495 3953 καὶ
521 3900 591 3954 τὰ
619 3900 865 3971 ἑπόμενα
898 3898 1131 3963 τούτοις.
1165 3899 1277 3952 Kal
1309 3896 1393 3951 ἔτι
1426 3897 1629 3968 ὡραῖος
1657 3897 1686 3949 ὁ
1713 3894 1863 3961 ναδς,
1895 3895 1974 3948 ὅτι

2086 3893 2288 3959 vivite;
2315 3900 2369 3947 et
2391 3890 2622 3962 qurerite
2653 3889 3001 3960 prudentiam
3037 3888 3279 3957 pietatis,
3313 3901 3401 3940 me
3430 3884 3671 3945 scilicet,

399 3992 587 4046 κάλλει
619 3993 822 4064 ὡραῖος
852 3992 883 4045 δ
920 3995 1059 4067 πρὸς
1093 3993 1240 4065 ἡμᾶς
1282 3989 1684 4063 παραγεγονὼς
1722 3991 1799 4053 ὡς
1835 4006 1974 4045 παν-

2086 3985 2332 4040 omnium
2361 3982 2732 4055 prudentiam,
2751 3990 2812 4037 ut
2833 3980 2953 4037 sitis
2977 3981 3033 4035 in
3066 3990 3330 4036 aeternum
3358 3978 3661 4049 viventesp

399 4085 671 4155 ἄμωμος’
733 4089 831 4142 καὶ
882 4088 1121 4158 νυμφίος
1172 4079 1328 4150 οὗτος
1379 4085 1620 4157 ὼραῐοςο
1673 4085 1769 4138 καὶ
1813 4085 1848 4155 ἠ
1896 4100 1974 4136 νε-

2093 4088 2150 4135 οι
2180 4079 2267 4134 his
2306 4075 2612 4147 sequentia.
2664 4076 2761 4130 Est
2805 4074 2971 4130 etiam
3011 4073 3319 4143 speciosum
3357 4071 3661 4141 templum,

396 4183 752 4254 νυμφευμένη
783 4181 930 4253 αύτῷ
962 4181 1165 4253 ὡραία,
1203 4183 1238 4252 ἠ
1277 4179 1599 4247 Ἐκκλησία,
1626 4178 1700 4240 ὥς
1727 4176 1974 4240 ἄσπιλος.

2091 4170 2350 4243 quoniam
2383 4166 2737 4238 aspectabilis
2766 4176 2886 4222 erat
2910 4167 3091 4237 specie
3121 4167 3219 4237 qui
3256 4164 3408 4220 venit
3438 4164 3505 4219 ad
3540 4177 3662 4225 uos,

398 4286 455 4330 ut
500 4275 1016 4348 irrepreltensibilis.
1058 4276 1121 4332 Et
1153 4277 1282 4340 iste,
1328 4290 1566 4345 sponsus
1617 4271 2063 4344 estvspeciosus;
2107 4277 2161 4324 et
2194 4266 2294 4336 ipsi
2321 4265 2649 4335 desponsata
2678 4260 2948 4332 speciosa,
2980 4269 3064 4316 est
3096 4259 3363 4325 Ecclesia,
3399 4267 3662 4329 tanquam

400 4371 772 4428 iuunacu'ata.

852 4488 1008 4558 133
1053 4487 1300 4540 ΚΕΦΛΛ.
1346 4484 1523 4539 PMA’.

2651 4467 2880 4525 CAPUT
2908 4464 3087 4522 CXLI.

398 4583 559 4638 Διατί
582 4581 652 4638 τὰ
681 4579 806 4646 ἱερὰ
834 4582 904 4635 ἐν
932 4580 1010 4644 τῷ
1039 4578 1165 4644 νηῷ
1195 4576 1420 4639 πέπλα,
1450 4577 1545 4629 καὶ
1580 4576 1616 4646 d
1640 4569 1974 4637 πολυτελὴς

2089 4563 2263 4646 Quam
2292 4564 2354 4617 ob
2382 4578 2605 4618 causam
2624 4579 2780 4616 sacra
2813 4562 2919 4646 sint
2945 4562 3003 4646 in
3031 4557 3223 4646 templo
3259 4557 3447 4646 μερίτιῶ
3463 4565 3513 4610 et
3542 4572 3661 4623 ιιι-εκ

661 4645 913 4722 κόσμος,
945 4649 1047 4704 καὶ
1079 4651 1117 4717 ή
1150 4647 1444 4718 διάφορος
1472 4645 1718 4701 εὐωδία.

472 4744 628 4799 Ἀλλὰ
653 4745 746 4799 καὶ
774 4742 956 4796 πέπλα
983 4741 1138 4811 τίμια
1156 4740 1234 4810 τῷ
1259 4737 1391 4809 ναῷ,
1414 4739 1496 4791 ὅτι
1524 4756 1543 4790 ε
1574 4739 1601 4789 ό
1626 4735 1759 4799 Θεὸς
1785 4734 1984 4802 εύπρὲ-

405 4851 568 4888 πειαν
599 4833 887 4887 ἐνεδύσατο
910 4848 926 4865 ο
966 4850 985 4883 ι
1022 4831 1117 4884 καὶ
1150 4831 1230 4894 είς
1257 4828 1427 4882 τύπον
1452 4827 1553 4897 τῆς
1592 4825 1744 4895 θείας
1781 4825 1983 4896 ἀρετῆς

399 4944 460 4982 τε
494 4927 586 4980 καὶ
620 4927 800 4996 δόξης.
834 4924 946 4978 Kal
975 4923 1180 4993 κόσμος
1210 4921 1538 4989 πολυτελὴς,
1577 4920 1663 4973 ὅτι
1694 4917 1820 4983 δόξα
1852 4916 1984 4985 παρ’

404 5019 589 5090 αύτῷ,
622 5020 720 5073 καὶ
749 5017 1022 5088 ὡραιότης
1053 5015 1203 5085 αύτῴ
1236 5015 1331 5067 καὶ
1364 5013 1585 5074 κάλλος.
1619 5011 1732 5064 Kal
1762 5012 1788 5063 ὁ
1820 5004 1984 5062 πλοῦ-

399 5128 492 5175 τος
527 5110 674 5179 αὐτῷ
710 5109 821 5163 τῶν
858 5110 1199 5180 δωρημάτων
1238 5106 1426 5169 πολύς.
1467 5105 1575 5158 Kal
1618 5103 1844 5166 εὐωδίας
1884 5100 1984 5154 καὶ

406 5202 595 5275 μύρων
626 5201 839 5273 πλήρης
880 5203 909 5254 ό
941 5200 1126 5263 τόπος.
1173 5216 1193 5251 ι
1242 5198 1418 5267 Ὀσμὴ
1461 5197 1573 5266 γὰρ
1621 5194 1815 5266 μύρων
1847 5211 1943 5246 σου
1967 5232 1982 5258 ,

405 5296 594 5366 φησὶν,
629 5293 771 5363 ὑπὲρ
810 5296 993 5347 πάντα
1023 5293 1093 5345 τὰ
1134 5291 1426 5360 ἀρώματα.
1466 5288 1579 5342 Kal
1623 5286 1847 5356 σμύρνα
1887 5287 1984 5338 καὶ

404 5386 607 5454 στακτὴ
639 5385 735 5438 καὶ
768 5384 935 5437 κασία
974 5382 1081 5438 ἀπὸ
1116 5381 1226 5434 τῶν
1264 5380 1499 5450 ἱματίων
1534 5393 1653 5431 σου.
1700 5396 1718 5428 ι
1761 5376 1983 5443 Ὶμάτια

399 5477 456 5531 δὲ
489 5474 726 5549 Χριστοῦ
761 5476 812 5529 oi
846 5475 967 5529 κατ’
993 5474 1153 5527 αὐτὸν
1188 5473 1410 5538 ζῶντες.
1443 5471 1536 5523 Διὸ
1572 5471 1669 5522 σὺν
1701 5473 1812 5530 τοῖς
1847 5466 1982 5519 εὐώ-

400 5568 514 5623 δεσι
554 5570 652 5621 καὶ
692 5568 1008 5622 πολυτελέσι
1052 5566 1146 5619 καὶ
1191 5563 1371 5634 ψυχὰς
1414 5563 1512 5616 καὶ
1558 5561 1791 5630 σώματα
1839 5558 1981 5627 ἁγνά

401 5659 494 5711 καὶ
519 5658 694 5728 εὐώδη
719 5656 894 5727 τούτῳ
923 5656 1227 5727 προσάγειν
1252 5654 1353 5708 δεῖ.
1385 5652 1541 5705 Ἐπεὶ
1571 5651 1665 5704 καὶ
1691 5651 1816 5714 ναὸς
1840 5647 1980 5703 Θεοῦ

404 5752 568 5820 ἡμεῖς
593 5751 908 5822 ἐξαιρέτως,
932 5749 1120 5817 ὥσπερ
1146 5750 1237 5801 καὶ
1262 5746 1471 5809 Παῦλός
1498 5762 1630 5815 φησι
1653 5760 1666 5775 ⁸
1696 5743 1792 5797 καὶ
1816 5744 1977 5812 σῶμα

399 5843 494 5897 καὶ
526 5842 664 5915 μέλη
692 5840 929 5913 Χριστοῦ
958 5858 970 5873 ·
1006 5843 1097 5894 καὶ
1130 5842 1197 5895 δι’
1221 5840 1369 5911 ἡμᾶς
1400 5838 1466 5893 τὰ
1498 5838 1733 5909 αἰτοῖ,τᾶ
1762 5835 1932 5889 ταῦτα
1962 5876 1974 5901 ,

2176 4636 2344 4689 tiosus
2387 4642 2632 4700 ornatus,
2666 4645 2712 4687 et
2746 4630 3022 4701 multiplex
3048 4630 3302 4699 fragrans
3333 4627 3563 4696 suﬁitus.

2156 4724 2264 4781 Sed
2290 4734 2345 4780 et
2372 4725 2611 4795 pretiosa
2653 4722 2808 4793 pepla
2844 4728 2975 4778 sunt
3020 4720 3076 4774 in
3118 4718 3346 4789 templo,
3382 4718 3648 4788 quoniam

2096 4838 2115 4873 ι
2153 4818 2298 4874 Deus
2332 4817 2589 4872 decorem
2623 4814 2851 4869 indutus
2876 4820 2996 4876 est;
3029 4829 3048 4862 ι
3087 4811 3219 4865 etin
3248 4818 3435 4878 typum
3467 4808 3673 4865 divina)

2085 4912 2304 4969 virtutis
2323 4919 2378 4966 et
2394 4909 2606 4983 gloriae;
2631 4913 3099 4975 sumptuosusque
3119 4911 3364 4966 ornatus,
3395 4903 3597 4970 quonia
3614 4920 3676 4956 rut

2085 5000 2612 5074 apud'illunrgloria,
2629 4996 2841 5066 ipsique
2856 4993 3178 5064 speciositas
3193 4999 3244 5045 et
3269 4990 3619 5059 pulchritudo
3642 5010 3665 5057 ς

2083 5105 2139 5151 ct
2183 5108 2475 5149 munerum
2536 5089 2741 5144 divitia:
2796 5086 2902 5157 ipsi
2939 5085 3126 5140 multa:
3147 5093 3296 5139 sunt.
3350 5083 3416 5139 Et
3455 5082 3663 5139 olentia

2087 5183 2725 5257 uuguentoque.plenus
2777 5186 2860 5234 est
2914 5178 3094 5233 locus.
3184 5197 3203 5231 ι
3251 5176 3664 5249 Unguentorum

2086 5290 2305 5336 tuorum
2336 5277 2515 5332 bonus
2552 5272 2713 5336 odor,
2742 5269 2941 5340 inquit,
2973 5283 3137 5339 super
3162 5267 3349 5324 omnia
3378 5274 3621 5323 aromata
3643 5283 3667 5332 ;

2089 5368 2311 5441 myrrha
2345 5374 2400 5422 et
2430 5370 2605 5420 stacte
2633 5368 2689 5417 et
2720 5360 2871 5417 casia
2908 5375 2937 5411 a
2974 5358 3319 5416 vestimentis
3352 5357 3517 5413 tuis.»
3552 5357 3661 5413 Ve-

2085 5464 2341 5520 stimenta
2367 5473 2496 5513 vero
2522 5455 2725 5512 Christi
2761 5462 2893 5510 sunt
2923 5453 3001 5508 illi
3032 5453 3124 5524 qui
3163 5452 3464 5508 secundum
3485 5448 3673 5519 ipsum

2085 5555 2298 5607 vivunt.
2334 5550 2569 5618 Ideoque
2592 5561 2716 5602 cum
2744 5545 2907 5601 bonis
2935 5541 3307 5613 pretiosisque
3336 5538 3669 5594 odoramen-.

2088 5646 2180 5711 tis,
2215 5645 2428 5698 animas
2471 5650 2523 5693 et
2558 5652 2788 5708 corpora
2832 5644 2983 5693 casta
3036 5635 3281 5703 beneque
3325 5627 3529 5685 olentia.
3573 5626 3648 5682 ad;

2085 5743 2263 5809 ipsum
2295 5735 2603 5806 producere
2642 5738 2861 5800 Oportet
2892 5746 2906 5784 :
2940 5726 3211 5797 siquidem
3249 5736 3351 5778 nos
3384 5719 3665 5775 excellen-

2086 5842 2166 5887 ter
2198 5845 2391 5888 sumus
2440 5827 2534 5883 Dei
2587 5823 2889 5895 templum,
2941 5831 3248 5891 corpusque
3296 5829 3359 5873 ac
3413 5812 3661 5869 membra
