4078 6448
373 341 476 412 351

1113 361 1116 364 ’
1179 351 1557 417 SYMEONIS
1582 351 2335 418 THESSALONICENSIS
2357 357 2713 422 ARCHIEP.

3513 363 3617 429 352

371 455 622 524 Christi;
649 465 707 512 et
746 457 851 516 ista
897 461 1180 518 sensibilia
1211 473 1438 535 propter
1466 483 1568 525 nos
1599 474 1726 525 sunt
1757 476 1812 523 et
1840 484 1943 524 nos

2045 464 2080 519 ἃ
2106 465 2170 538 δὴ
2201 471 2296 522 καὶ
2323 470 2591 524 τυποῦσιν
2623 473 2791 542 ἡμᾶς.
2822 469 3022 541 Νοητοὶ
3053 471 3162 542 γὰρ
3189 471 3349 543 ἡμεῖς
3378 473 3494 544 ἅμα
3524 492 3615 528 τε·

375 546 609 618 Ιίειιηίιι
651 567 667 606 :
713 549 1080 622 intelligentes
1128 557 1276 611 enim
1319 568 1637 616 constamus
1681 561 1844 616 simul
1891 570 1948 616 et

375 639 682 695 sensibiles.
724 641 788 697 Et
819 643 923 700 hoc
954 645 1272 716 signiﬁcant
1302 664 1425 719 quae
1457 662 1585 707 sunt
1612 652 1668 706 in
1695 661 1948 709 sanctua-

375 729 461 783 rio
483 739 536 784 et
565 742 719 788 extra
746 733 906 802 illud,
935 737 1080 794 sicut
1106 747 1162 793 et
1186 736 1521 798 Salvatorem
1550 753 1820 811 nostrum,
1848 747 1949 800 du-

377 821 526 889 plum
558 837 658 893 pro
688 827 848 882 nobis
885 827 1086 884 factum
1109 871 1124 897 ,
1161 831 1329 886 Deum
1367 848 1563 890 verum
1599 851 1835 908 vereque
1864 839 1946 894 sic

377 924 712 981 manentem,
742 917 1130 991 hominemque
1153 936 1341 978 verum
1373 932 1429 980 et
1457 924 1782 996 perfectum,
1811 930 1944 999 quin

375 999 524 1058 Deus
553 1020 678 1061 esse
709 1012 1031 1067 cessaverit.

933 1103 1158 1162 CAPUT
1187 1106 1392 1164 CXLII.

711 1193 787 1248 De
818 1198 1001 1265 populi
1039 1199 1092 1252 in
1126 1203 1318 1272 templo
1352 1204 1603 1259 statione.

390 1331 391 1334 η
449 1279 605 1335 Stant
635 1295 818 1339 autem
849 1288 1010 1342 etiam
1043 1290 1096 1344 in
1122 1293 1321 1364 templo
1340 1297 1640 1351 secundum
1667 1297 1941 1353 ordinem.

374 1370 439 1423 Et
473 1373 650 1440 primo
677 1377 895 1458 quidem
941 1381 1018 1435 illi
1070 1383 1165 1452 qui
1216 1387 1360 1440 sacri
1394 1387 1733 1444 characteris
1768 1389 1942 1445 cﬂ'ecti

371 1473 502 1517 sunt
538 1467 880 1539 participes:
924 1483 1144 1542 praestat
1171 1477 1318 1532 enim
1370 1487 1430 1534 ut
1467 1479 1562 1535 Dei
1590 1496 1726 1552 opus
1761 1497 1944 1538 sacer-

371 1557 505 1611 dotii
542 1558 808 1628 sigillum.
838 1562 1046 1621 Deinde
1072 1577 1198 1636 post
1231 1570 1369 1626 istos
1397 1573 1673 1640 monachi,
1713 1576 1807 1645 qui
1844 1576 1945 1631 lai-

372 1647 454 1702 cis
485 1649 742 1706 omnibus
775 1657 1210 1724 supereminent,
1237 1669 1494 1733 tanquam
1521 1673 1719 1733 praeter
1748 1680 1939 1722 omnes

374 1743 669 1807 puriﬁcati,
708 1748 986 1818 vitamque
1039 1754 1326 1810 celsiorem
1382 1772 1448 1813 ac
1499 1760 1779 1817 caelestem
1822 1778 1934 1817 am-

375 1833 600 1899 plcxati,
639 1839 894 1894 castitate
941 1855 1371 1917 paupertateque
1421 1851 1530 1906 sibi
1569 1851 1835 1918 delectis;
1883 1864 1940 1908 et

375 1933 502 1980 ante
531 1926 700 1998 laicos
735 1945 948 1999 omnes,
984 1936 1244 2009 ipsosque
1277 1942 1328 1994 in
1373 1945 1700 1999 auctoritate
1734 1946 1939 2001 consti-

376 2023 550 2082 tutos,
580 2031 776 2087 prmter
823 2040 1001 2096 regem
1037 2031 1105 2084 ob
1149 2033 1450 2088 secundum
1492 2036 1756 2100 chrisma,
1789 2053 1941 2093 com-

373 2109 692 2166 munionem
725 2118 1069 2187 participant.
1107 2119 1238 2177 Post
1269 2127 1566 2182 monachos
1597 2137 1774 2184 autem
1803 2168 1818 2191 9
1851 2107 1940 2184 ὗε-

376 2199 534 2253 niuut
564 2218 629 2258 ex
654 2205 773 2259 aliis
801 2207 854 2261 hi
883 2211 974 2278 qui
1000 2212 1271 2280 puriﬁcati
1299 2228 1450 2279 sunt,
1485 2215 1612 2273 licet
1634 2220 1769 2274 ordo
1796 2236 1941 2274 nunc

376 2302 620 2350 inritatus
655 2298 746 2354 sit.
783 2300 1037 2358 Attamen
1071 2311 1126 2358 et
1153 2321 1370 2361 sursum
1422 2319 1609 2364 manet
1640 2327 1654 2364 :
1683 2327 1809 2365 nam
1845 2314 1936 2381 qui

375 2386 628 2451 puriores
660 2391 782 2446 aliis
809 2403 961 2461 sunt,
987 2413 1132 2453 nunc
1161 2401 1319 2454 etiam
1355 2400 1692 2471 frequentius
1718 2406 1862 2474 aliis,
1887 2417 1939 2462 et

375 2475 600 2534 ti‘Jenter
633 2482 850 2552 loquor,
885 2491 1290 2546 communionis
1323 2501 1452 2549 sunt
1484 2496 1797 2566 participes.
1850 2509 1854 2513 ·

906 2598 1137 2658 CAPUT
1173 2603 1405 2661 CXLIII.

371 2685 595 2750 Quando
625 2689 916 2760 imperator
949 2695 1094 2750 intra
1121 2714 1334 2822 sacrgm
1388 2700 1537 2756 bema
1590 2707 1940 2761 communicat

960 2775 1008 2819 et
1045 2783 1234 2822 auomo
1277 2787 1328 2822 ο.

960 2775 1008 2819 et
1045 2775 1328 2835 quomodo.

446 2849 752 2916 Imperator
790 2852 932 2908 intra
985 2860 1362 2916 sanctuarium
1395 2867 1762 2920 communicat
1787 2869 1940 2935 juxta

374 2945 588 3002 tempus
613 2949 667 2995 et
697 2942 844 2998 istud
871 2944 1045 3002 solum
1075 2953 1355 3008 unctionis
1385 2963 1441 3010 et
1468 2958 1937 3025 proclamationis,

2047 557 2248 628 Αοῦμεν
2277 561 2373 614 καὶ
2408 560 2683 632 αίσθητοί.
2714 563 2825 616 Kal.
2853 560 3013 616 τοῦτο
3041 562 3262 632 δηλοῦσι
3289 563 3359 616 τὰ
3387 563 3482 618 τοῦ
3516 563 3616 632 βή-

2049 664 2220 716 ματος
2248 651 2346 704 καὶ
2368 650 2441 704 τὰ
2468 650 2689 718 ἔξωθεν,
2719 653 2795 716 ὡς
2823 653 2919 708 καὶ
2946 651 3038 706 τὸν
3069 653 3298 726 Σωτῆρα
3330 654 3509 724 ἡμῶν,
3534 655 3616 709 διο

2046 739 2216 794 πλοῦν
2264 741 2530 810 γεγονότα
2573 741 2641 796 δι’
2666 741 2837 812 ἦμᾶς,
2886 741 3019 798 Θεὸν
3062 743 3193 799 ὄντα
3242 746 3336 798 καὶ
3384 745 3616 815 μένοντα

2044 831 2284 900 ἀληθῶς,
2313 833 2410 887 καὶ
2439 833 2726 904 ἄνθρωπον
2752 834 3071 906 ὑπάρξαντα
3096 836 3315 908 ἀληθῶς
3345 837 3440 892 καὶ
3467 837 3614 905 ὅντα,

2043 921 2104 975 τὸ
2132 923 2266 988 Θεὸς
2296 919 2434 978 εἶναι
2469 923 2546 997 μὴ
2573 925 2878 997 τραπέντα.

2595 1105 2846 1161 ΚΕΦΔΛ.
2887 1108 3064 1166 PMB’.

2178 1194 2317 1262 Περὶ
2349 1193 2461 1263 τῆς
2490 1193 2561 1250 ἐν
2590 1196 2670 1260 τῷ
2701 1197 2826 1263 ναῷ
2859 1199 3136 1268 στάσεως
3162 1206 3271 1261 τοῦ
3303 1209 3477 1264 λαοῦ.
3545 1275 3562 1284 ε

2115 1284 2395 1339 ἰστανται
2425 1285 2482 1339 δὲ
2511 1288 2604 1341 καὶ
2631 1289 2776 1342 κατὰ
2800 1290 2952 1356 τάξιν
2978 1293 3035 1346 έν
3058 1294 3135 1366 τῷ
3159 1296 3274 1367 νειῷ
3294 1313 3308 1327 ο
3337 1301 3431 1353 καὶ
3463 1303 3612 1372 πρῶ-

2042 1390 2146 1434 τον,
2170 1375 2304 1444 μὲν,
2338 1377 2386 1429 oi
2423 1379 2575 1448 ἱερᾶς
2613 1383 3010 1452 μετεσχηκότες
3047 1390 3343 1457 σφραγῖδος
3367 1373 3614 1462 (ὑπερέ-

2042 1481 2128 1533 χει
2161 1466 2268 1553 γὰρ
2301 1465 2377 1529 ὡς
2409 1467 2507 1520 τοῦ
2541 1468 2680 1522 Θεοῦ
2716 1470 2879 1539 ἔργον
2912 1473 2946 1543 ἡ
2982 1479 3220 1545 σφραγὶς
3252 1482 3352 1549 τῆς
3391 1481 3616 1553 ίερωσῦυ

2045 1570 2141 1621 νης
2165 1569 2182 1586 ⁸
2217 1551 2334 1608 εἶτα
2370 1557 2508 1626 μετὰ
2543 1559 2768 1625 τούτους
2801 1563 2853 1615 οί
2891 1568 3119 1636 μοναχοὶ
3145 1608 3160 1633 ,
3197 1570 3249 1622 οἳ
3283 1571 3380 1624 καὶ
3413 1551 3616 1628 λαῖκιίν

2046 1644 2262 1698 πάντων
2295 1646 2605 1717 ὲξέχουσιν,
2640 1651 2716 1715 ὠς
2750 1654 2906 1724 παρά
2938 1655 3146 1722 πάντας
3175 1662 3580 1734 κεκαθαρμένοι
3600 1710 3615 1732 ,

2043 1739 2255 1806 καὶτῆς
2279 1739 2618 1812 ὑψηλοτέρας
2645 1746 3040 1816 ἐπειλημμένοι
3060 1753 3153 1806 καί
3173 1754 3429 1824 οὐρανίου
3451 1758 3615 1825 ζωῆς,

2041 1829 2140 1897 τὴν
2181 1830 2406 1896 ἁγνείαν
2451 1834 2544 1886 καὶ
2590 1837 2866 1905 πτωχείαν
2907 1839 3174 1910 ἑλόμενοι.
3214 1845 3323 1897 Καὶ
3365 1849 3471 1917 πρὸ
3512 1851 3618 1903 τῶν

2041 1921 2248 1975 λαῖκῶν
2291 1924 2545 1990 πάντων,
2588 1929 2679 1981 καὶ
2726 1929 2907 1986 αὐτῶν
2949 1933 3014 2003 δὴ
3052 1934 3164 1988 τῶν
3206 1937 3264 1990 ἐν
3310 1938 3615 2008 ἐξουσίαις,

2043 2012 2184 2082 πλὴν
2217 2015 2481 2085 βασιλέως
2513 2017 2601 2071 διὰ
2631 2019 2692 2071 τὸ
2720 2020 2974 2094 δεύτερον
3003 2027 3214 2098 χρίσμα
3239 2070 3254 2094 ,
3286 2035 3397 2096 τοῖς
3427 2052 3618 2088 κοινω-

2043 2103 2159 2166 νίας
2204 2105 2511 2174 μετέχουσι.
2549 2107 2704 2160 Μετὰ
2740 2109 2867 2174 τοὺς
2903 2117 3173 2183 μοναχοὺς
3203 2117 3260 2171 δὲ
3293 2120 3344 2171 οἱ
3378 2120 3488 2172 τῶν
3522 2122 3618 2173 ἅλ-

2042 2193 2148 2244 λων
2183 2195 2624 2266 κεκαθαρμένοι,
2661 2198 2712 2250 εί
2745 2199 2840 2253 καὶ
2873 2203 2906 2272 ἡ
2945 2203 3092 2268 τάξις
3128 2206 3252 2275 ἄρτι
3289 2209 3574 2278 ἠλλοίωται
3601 2229 3616 2245 ⁸

2043 2284 2156 2336 ἀλλ’
2182 2286 2331 2354 ὅμως
2360 2288 2454 2340 καὶ
2484 2287 2648 2342 πάλιν
2679 2292 2856 2357 μένει,
2889 2294 2937 2346 οἱ
2966 2297 3344 2368 καθαρώτεροι
3375 2301 3484 2372 γὰρ
3511 2304 3618 2357 τῶν

2041 2376 2354 2430 anew-atat
2400 2378 2493 2432 νῦν
2541 2383 2930 2453 συνεχέστερον
2971 2385 3076 2439 τῶν
3119 2388 3295 2443 ἄλλων
3339 2393 3436 2445 καλ⁵
3479 2395 3618 2464 μετά

2045 2466 2282 2538 θάρῤους
2315 2469 2490 2523 εἰπεῖν
2517 2472 2616 2542 τῆς
2650 2476 2936 2538 κοινωνίας
2970 2480 3312 2550 μετέχουσιν.

2595 2586 2846 2644 ΚΕΦΑΛ.
2889 2589 3066 2645 PMF’.

2043 2673 2194 2726 Πότε
2232 2677 2266 2729 ὁ
2297 2674 2600 2744 ,ϐασιλεὺς
2638 2678 2819 2804 ἔνδοἶ
2858 2685 2962 2762 τρῦ
2995 2685 3284 2761 βήματος,
3311 2697 3616 2764 κοινωνεῖ,

2691 2767 2767 2804 κα
2825 2769 2972 2804 πωρ.

2691 2767 2790 2804 και
2825 2769 2972 2819 πως.

2125 2838 2186 2891 Ὀ
2231 2837 2484 2907 βασιλεὺς
2517 2839 2574 2894 δὲ
2609 2840 2761 2896 ἔνδον
2793 2843 2888 2897 τοῦ
2929 2846 3173 2918 βήματος
3207 2857 3459 2908 κοινωνεῖ
3494 2855 3618 2909 κατ’

2043 2928 2208 2981 αὐτὸν
2235 2930 2330 2983 καὶ
2362 2929 2522 2998 μόνον
2551 2931 2642 2984 τὸν
2671 2935 2862 3000 καιρδν
2889 2935 2990 3004 τῆς
3020 2939 3256 3008 κρίσεως
3287 2945 3382 2997 καὶ
3411 2947 3615 3020 ἀναγο-

373 3042 554 3087 tamen
587 3043 709 3102 post
735 3035 1019 3106 diaconos,
1069 3050 1118 3097 et
1155 3044 1300 3099 sicut
1329 3055 1383 3101 et
1415 3049 1659 3118 antiquis
1692 3050 1940 3119 imagini-

2047 3020 2288 3090 ρεύσεως
2316 3037 2331 3052 ⁸
2371 3021 2512 3090 πλὴν
2549 3023 2689 3092 μετὰ
2719 3027 2847 3089 τοὺς
2879 3027 3192 3097 διακόνους,
3229 3035 3322 3086 καὶ
3356 3035 3430 3096 ὼς
3465 3038 3617 3106 παρὰ

372 3125 477 3177 bus
509 3126 866 3194 cognovimus
894 3168 908 3192 ,
946 3146 1054 3186 non
1078 3133 1152 3198 in
1185 3151 1342 3190 sacra
1375 3153 1558 3194 mensa
1584 3179 1599 3204 ,
1641 3140 1734 3195 sed
1765 3143 1945 3210 posito

372 3215 588 3284 oblique
623 3218 938 3275 antiminsio
965 3236 1126 3291 super
1151 3225 1444 3293 quamdam
1466 3230 1792 3284 mensulam.
1830 3231 1946 3287 Ete-

374 3309 486 3359 uim
523 3309 808 3377 pontiﬁces
850 3314 1073 3381 quidem
1109 3317 1263 3386 prius
1292 3329 1348 3374 et
1396 3322 1709 3378 sacerdotes
1749 3332 1802 3378 et
1830 3325 1946 3378 dia-

373 3401 520 3460 coni.
571 3416 634 3454 ex
677 3417 848 3467 more,
882 3405 1161 3462 vivilicum
1217 3423 1411 3478 panem
1459 3418 1514 3464 et
1561 3426 1628 3467 ex
1663 3417 1944 3470 consuetis

381 3492 550 3546 sacris
581 3493 846 3550 calicibus
898 3497 1141 3552 divinum
1196 3501 1518 3569 sanguinem
1574 3505 1940 3574 participant;

380 3589 567 3648 postea
599 3598 728 3637 vero
777 3600 873 3640 rex
900 3587 1185 3652 accedens
1230 3590 1635 3646 sanctissimum
1675 3609 1870 3664 panem
1913 3612 1942 3650 a

379 3675 689 3743 patriarcha
729 3692 892 3741 manu
927 3681 1116 3744 sumit,
1143 3682 1292 3737 velut
1318 3683 1529 3740 diaconi
1551 3694 1648 3752 ;.et
1671 3687 1952 3754 visiticum,

375 3768 696 3834 sanguinem
727 3771 794 3824 ab
827 3770 947 3840 ipso
971 3773 1304 3840 patriarcha,
1332 3775 1510 3843 labiis,
1531 3777 1672 3834 sicut
1700 3779 1966 3846 diaeoni,~.

376 3859 662 3930 participat
690 3875 720 3914 e
747 3875 904 3918 sacro
931 3863 1105 3920 calice
1157 3875 1377 3936 propter
1410 3867 1588 3938 ipsum
1623 3880 1836 3939 parato.
1875 3871 1944 3926 Et

381 3950 432 4004 id
467 3952 702 4022 desuper
732 3953 908 4009 fuerat
957 3955 1285 4026 dispositum
1320 3978 1336 4019 ι
1371 3961 1535 4016 istum
1564 3962 1829 4026 honorem
1856 3977 1966 4019 ac--

372 4044 518 4113 cepit
546 4045 617 4107 ob
635 4047 811 4116 regni.
833 4047 1074 4102 chrisma
1096 4089 1111 4115 ,
1143 4037 1400 4120 tanquam
1431 4053 1666 4108 maximi
1697 4055 1962 4108 domina-.

377 4134 514 4189 toris
543 4135 800 4192 Ecclesiae
832 4147 1037 4194 sanctae
1065 4140 1240 4196 locum
1270 4143 1520 4212 adeptus,
1555 4144 1826 4214 istiusque
1853 4145 1948 4200 de-

375 4224 560 4280 lensor
585 4237 833 4295 vocatus,
859 4238 915 4286 et
941 4224 1206 4303 tanquam
1239 4233 1500 4291 Christus
1538 4235 1797 4308 Domini,
1849 4252 1946 4306 po-

374 4318 599 4389 pulique
618 4319 914 4377 Christiani
951 4333 1005 4378 et
1030 4325 1299 4382 universa:
1326 4335 1485 4380 terrae
1516 4327 1810 4393 imperator
1836 4326 1945 4382 cle-

2047 3113 2156 3165 τῶν
2181 3113 2427 3167 παλαιῶν
2455 3117 2860 3172 ὑποτυπώσεων
2889 3121 3152 3190 ἔγνωμεν,
3182 3124 3281 3177 οὐκ
3309 3127 3366 3178 έν
3391 3130 3456 3196 τῇ
3487 3129 3618 3198 ἁγία

2046 3206 2315 3278 τραπέζῃ,
2349 3208 2484 3261 ἀλλὰ
2515 3209 2800 3279 τιθεμένου
2831 3213 2892 3266 ἐκ
2924 3213 3156 3281 πλαγίου
3186 3218 3524 3286 ἀντιμινσὶου
3557 3221 3615 3274 ὲν

2047 3298 2400 3369 τραπεζακίῳ
2442 3300 2568 3355 τινί,
2620 3302 2684 3354 Οἱ
2735 3303 2833 3371 μὲν
2873 3304 2986 3375 γὰρ
3031 3308 3308 3377 ἀρχιερεῖς
3357 3313 3620 3378 πρότερον

2047 3392 2139 3442 καί⁸
2175 3391 2340 3459 ἱερεῖς
2375 3392 2470 3445 καὶ
2507 3392 2744 3446 διάκονοι
2786 3395 2929 3447 κατὰ
2963 3397 3024 3448 τὸ
3063 3397 3185 3461 ἔθος
3217 3399 3310 3453 τοῦ
3350 3400 3616 3464 ζωοποιοῦ

2047 3482 2212 3551 ἄρτου
2240 3485 2335 3536 καὶ
2361 3484 2423 3535 ὲκ
2449 3483 2557 3536 τῶν
2583 3485 2831 3555 συνήθων
2859 3488 3021 3557 ἱερῶν
3044 3491 3323 3559 ποτηρίων
3350 3493 3444 3544 τοῦ
3471 3493 3615 3545 θείου

2045 3575 2276 3642 αἵματος
2308 3577 2632 3647 μετέχουσιο
2667 3581 2806 3648 μετὰ
2830 3579 3001 3634 ταῦτα
3031 3581 3088 3634 δὲ
3119 3584 3434 3652 προσελθὼν
3461 3587 3489 3637 ό
3522 3585 3618 3654 βα-

2047 3666 2247 3730 σιλεὺς,
2277 3667 2368 3720 τὸν
2397 3668 2700 3734 ἁγιώτατον
2728 3671 2893 3740 ἄρτον
2923 3675 2988 3742 τῇ
3023 3674 3168 3744 χειρὶ
3197 3677 3348 3745 παρὰ
3378 3677 3474 3731 τοῦ
3508 3697 3616 3732 πα-

2044 3757 2304 3829 τριάρχου
2330 3757 2598 3834 λαμόᾀνει
2625 3762 2700 3834 ὡς
2725 3763 2776 3815 οί
2803 3763 3092 3834 διάκονοιέ-
3111 3769 3206 3822 καὶ
3229 3768 3324 3820 τοῦ
3351 3769 3616 3833 ζωοποιοῦ

2048 3849 2280 3918 αἵματος
2323 3851 2456 3922 παρ’
2487 3851 2652 3905 αὐτοῦ
2695 3852 2790 3904 τοῦ
2835 3857 3185 3925 πατριάρχου
3230 3862 3340 3920 τοῖς
3382 3860 3618 3928 χείλεσιν

2044 3941 2119 4005 ὡς
2150 3944 2200 3995 oi
2231 3943 2467 3998 διάκονοι
2498 3947 2745 3998 κοινωνεῖ
2774 3947 2838 3999 ὲκ
2867 3945 2960 3999 τοῦ
2992 3947 3060 4000 δι’
3083 3949 3251 4003 αὐτὸν
3277 3951 3617 4022 ἡτοιμασμέ-

2045 4050 2136 4086 νου
2167 4033 2311 4104 ἱεροῦ
2340 4036 2626 4105 ποτηρίου.
2655 4036 2767 4090 Καὶ
2790 4037 2949 4090 τοῦτο
2973 4032 3040 4107 ἦν
3069 4040 3456 4108 νενομισμένον
3480 4040 3618 4094 ἄνω-

2048 4126 2159 4198 θεν.
2194 4128 2300 4179 Καὶ
2326 4129 2532 4199 ταύτην
2556 4130 2745 4200 εῑληφε
2769 4130 2867 4200 τὴν
2895 4131 3175 4199 τιμὴνλδιὰ
3200 4131 3260 4185 τὸ
3287 4133 3492 4200 χρίσμα
3515 4135 3614 4202 τῆς

2049 4219 2342 4289 βασιλείας,
2374 4219 2448 4284 ὡς
2487 4222 2580 4275 καὶ
2609 4221 2937 4274 δεσποτάτου
2968 4222 3070 4291 τῆς
3111 4222 3260 4292 ίερᾶς
3293 4223 3620 4293 Ἐκκλησίας

2038 4310 2210 4366 ..τόπον
2255 4309 2472 4376 λαϐὼν,
2526 4310 2623 4363 καὶ
2670 4310 2954 4383 δεφένσωρ
3002 4313 3209 4383 ταύτης
3258 4315 3616 4384 ἐπικληθεὶς,

377 4373 390 4389 ι
513 4373 525 4388 Ι
583 4373 587 4374 ν
634 4373 644 4374 ί
735 4373 773 4376 ν-
808 4373 913 4377 -τ---
957 4373 1004 4378 -ν
1034 4373 1299 4382 ----ν--νν-
1328 4373 1484 4380 ν---νν
1517 4373 1800 4393 -'-'r"""
1841 4373 1918 4382 τ’*

372 4419 533 4463 etus:
568 4411 709 4465 velut
741 4413 860 4480 pius
905 4414 1050 4468 enim
1097 4417 1262 4471 etiam
1311 4429 1437 4470 cum
1488 4413 1754 4469 Ecclesiae
1794 4415 1942 4471 clero

2049 4404 2141 4456 καὶ
2169 4402 2244 4466 ὡς
2273 4373 2508 4474 Χριστός
2536 4373 2778 4473 Κυρίου,
2810 4373 3028 4458 καί..τοῦ
3059 4373 3456 4476 ΧριΙστωνύμου
3487 4373 3617 4458 latet";

377 4514 800 4561 connmncratus
827 4515 927 4561 cst.

937 4774 1166 4832 CAPUT
1195 4771 1416 4841 CXLIV.

659 4865 934 4931 Quomodo
959 4868 1324 4935 proclamatur
1355 4867 1661 4933 imperator.

445 4953 699 5030 Ideoque,
727 4960 780 5012 in
816 4958 1192 5022 eoronatione,
1234 4956 1408 5027 primo
1435 4954 1650 5025 quidem
1675 4955 1947 5009 acclama-

375 5060 464 5105 tur
490 5065 518 5103 a
543 5050 898 5121 principibus,
923 5049 985 5112 si
1021 5065 1114 5120 per
1142 5049 1488 5102 traditionem
1525 5063 1746 5118 regnum
1772 5063 1943 5103 occu-

377 5149 492 5208 pat,
519 5140 906 5196 extollentibus
936 5139 1084 5194 illum
1111 5155 1279 5211 super
1302 5139 1590 5194 militarem
1615 5140 1931 5212 clypeumin

374 5243 670 5300 conspectu
713 5230 940 5300 populi;
971 5231 1118 5300 quod
1169 5232 1244 5286 rei
1275 5231 1530 5288 militaris
1563 5232 1856 5303 imperimn
1891 5239 1947 5287 et

375 5336 603 5390 regnum
653 5322 880 5376 indicat.
908 5323 976 5376 Et
1023 5337 1054 5376 a
1088 5323 1430 5390 dignioribus
1477 5324 1774 5388 extollitur,
1823 5332 1945 5377 tan-

374 5425 541 5479 quam
581 5411 827 5479 ipsorum
876 5413 1216 5483 principatus
1257 5423 1314 5470 et
1364 5425 1530 5484 caput
1578 5417 1779 5469 laetus.
1816 5413 1878 5469 Et
1913 5429 1943 5468 a

381 5501 648 5556 militibus
673 5511 730 5558 et
759 5503 956 5573 populo
985 5504 1249 5560 adoretur
1283 5504 1588 5574 fausﬁsque
1613 5506 1948 5561 clamoribus

375 5593 666 5664 excipitur,
711 5605 770 5650 ut
800 5596 1041 5666 ipsorum
1075 5597 1385 5652 dominator
1416 5608 1658 5654 creatus.
1708 5600 1771 5653 Et
1804 5599 1945 5654 dona

383 5686 599 5750 tribuit,
635 5695 694 5740 ut
721 5687 979 5745 dominus
1005 5697 1058 5743 et
1092 5688 1410 5744 benefactor
1438 5699 1493 5746 ct
1520 5692 1768 5760 provisor
1807 5705 1942 5746 con-

375 5777 630 5835 stitutus.
660 5776 863 5838 Deinde
893 5781 1041 5838 venit
1071 5782 1127 5838 in
1158 5781 1456 5840 Ecclesiam
1479 5824 1494 5851 ,
1539 5783 1836 5840 ostendens
1887 5798 1945 5839 se

2049 4495 2299 4566 βχσιλεῦς
2330 4494 2769 4565 προχειρισθεὶς,
2803 4497 2898 4548 καὶ
2927 4497 3107 4568 πάσης
3139 4497 3241 4567 τῆς
3269 4499 3618 4567 οἰκουμένης.

2055 4589 2146 4650 Ὠς
2180 4586 2289 4656 γὰρ
2326 4583 2589 4657 εὐσεϐὴς.
2626 4587 2721 4640 καὶ
2753 4585 2831 4658 τῷ
2873 4588 3061 4660 κλήρῳ
3103 4587 3485 4660 συνηριθμήθη
3518 4589 3617 4658 τῆς

2058 4676 2409 4749 Ἐκκλησίας.

2598 4771 2850 4827 ΚΕΦΛΛ.
2893 4774 3072 4828 ΡΜΔ’.

2289 4867 2490 4932 Ὅπως
2523 4865 2952 4935 ἀναγορεύεται
2987 4868 3020 4920 ὁ
3045 4865 3372 4931 βασιλεύς.

2115 4957 2206 5012 Διδ
2234 4959 2329 5012 καὶ
2359 4959 2418 5011 ὲν
2445 4957 2524 5028 τῷ
2554 4957 2846 5026 στέφεσθαι
2878 4957 3143 5029 πρότερον
3173 4957 3271 5028 μὲν
3299 4956 3624 5028 ἀναγορεύε-

2046 5067 2133 5104 ται
2174 5050 2279 5103 ὖπδ
2322 5049 2612 5119 βασιλέων,
2647 5050 2698 5102 εί
2739 5049 2881 5103 κατὰ
2920 5049 3172 5118 διαδοχὴν
3202 5049 3303 5118 τὴν
3339 5049 3624 5118 βασιλείαν

2046 5142 2290 5205 πλουτεῖ,
2323 5142 2673 5212 ἁνυψούντων
2704 5141 2867 5196 αὐτὸν
2897 5142 2990 5195 ἐπὶ
3022 5143 3423 5211 στρατιωτικῆς
3452 5144 3623 5196 ἀσπί-

2045 5235 2134 5295 δος
2173 5236 2404 5288 ένὼπιον
2437 5233 2532 5287 τοῦ
2569 5234 2700 5288 λαοῦ
2723 5276 2739 5296 ,
2770 5233 2799 5287 ὃ
2835 5236 2932 5303 τὴν
2969 5235 3305 5307 στρατηγίαν
3340 5235 3493 5302 δηλοῖ
3527 5238 3622 5288 καὶ

2048 5325 2345 5397 βασιλείαν.
2382 5327 2492 5379 Kal.
2522 5325 2626 5378 ὑπὸ
2660 5324 3048 5394 ἀξιωματικῶν
3081 5325 3301 5394 αἴρεται
3323 5365 3338 5388 ,
3371 5326 3446 5386 ὡς
3478 5325 3624 5395 ἁρχὴ

2045 5417 2256 5471 τούτων
2281 5415 2570 5484 γινόμενος
2607 5414 2768 5486 134
2796 5416 2889 5469 καὶ
2917 5416 3152 5484 κεφαλή.
3182 5417 3292 5469 Kal
3324 5417 3429 5469 ὑπὸ
3460 5434 3626 5485 στρα-

2046 5509 2258 5564 τιωτῶν
2287 5511 2382 5563 καὶ
2409 5511 2502 5563 τοῦ
2531 5509 2704 5580 δήμου
2732 5511 3122 5580 προσκυνεῖται
3151 5509 3246 5562 καὶ
3269 5509 3619 5579 εὐφημείται,

2047 5603 2120 5667 ὡς
2150 5603 2418 5672 δεσπότης
2449 5603 2629 5656 αὐτῶν
2660 5602 2922 5670 γεγονώς.
2956 5602 3066 5654 Καὶ
3095 5601 3242 5672 δῶρα
3271 5601 3516 5664 δίδωσιν,
3549 5601 3625 5662 ὡς

2053 5692 2236 5762 κύριος
2265 5691 2358 5744 καὶ
2382 5693 2679 5761 εὐεργέτης
2704 5693 2800 5745 καὶ
2823 5690 3132 5762 προνοητὴς
3160 5691 3460 5750 καταστάς.
3479 5686 3623 5768 Εἶτα

2055 5785 2134 5847 είς
2167 5782 2265 5851 τὴν
2301 5781 2636 5854 Ἐκκλησίαν
2669 5782 2957 5849 εἰσελθὼν,
2993 5782 3209 5845 δεικνὺς
3243 5781 3340 5851 τὴν
3375 5783 3455 5844 είς
3488 5780 3622 5834 Θεὸν
