4078 6428
388 320 495 387 ὦ,

1622 322 1718 382 DE
1756 319 2000 382 SACRO
2037 317 2369 383 TEMPLO.

3538 322 3651 389 3M

387 428 672 499 ὑποταγὴν
710 428 809 482 καὶ
847 426 1173 499 καταφυγὴν
1208 430 1299 483 τδν
1332 427 1464 485 ὅντα
1506 432 1723 485 πάντων
1756 428 1935 500 ἀρχὴν

2073 426 2183 483 Deo
2209 427 2458 485 submitti
2490 436 2546 485 et
2571 431 2640 485 ad
2667 430 2845 502 ipsum
2870 433 3171 505 confugere
3198 435 3289 506 qui
3321 447 3645 494 cunctorum

384 526 452 580 τὰ
476 524 574 594 τῆς
604 522 824 593 χάριτος
854 520 1021 575 αὐτοῦ
1054 520 1228 590 ζητεῖ.
1258 520 1416 574 Ἐπεὶ
1442 520 1630 584 δοῦλός
1657 523 1775 575 ἐστι
1801 520 1963 576 Θεοῦ.

387 620 498 672 Kal.
526 615 848 684 τελεσθῆναι
893 613 1148 684 βασιλεὺς
1187 611 1501 679 ὲξαιτεῖται.
1538 612 1619 666 Δι’
1645 612 1811 667 αὑτοῦ
1856 612 1966 682 γὰρ

391 706 489 762 τοῦ
525 705 801 769 Βασιλέως
834 703 941 758 τῶν
964 703 1228 774 βασιλέων
1258 703 1495 773 Χριστοῦ
1529 703 1774 773 βασιλεῖς
1808 702 1965 772 βασι-

383 800 606 854 λεύουσι
628 814 642 828 ·
670 798 767 852 καὶ
793 797 960 866 ain-06
995 797 1156 866 μόνου
1186 796 1219 865 ή
1255 794 1503 865 βασιλεία
1533 796 1774 859 αίὼνιος.
1801 795 1965 849 Ὅθεν

384 896 480 949 καὶ
509 895 600 949 τὸν
632 895 759 948 ναὸν
794 893 961 947 αὐτοῦ
994 891 1087 946 τὸν
1120 891 1266 945 θεῖον
1299 890 1375 953 ὡς
1414 889 1689 960 βασίλειον
1723 887 1966 960 εἰσέρχε-

385 1002 480 1039 ται
506 985 685 1053 ἆγιον,
714 984 855 1038 ὥστε
884 982 1073 1039 λαϐεῖν
1102 984 1170 1035 τὰ
1198 980 1309 1051 τῆς
1327 980 1628 1050 βασιλείας.

940 1165 1194 1221 ΚΕΦΑΛ.
1236 1163 1417 1219 PME'.

386 1260 589 1327 Ὀπως
610 1261 729 1316 ὑπὸ
751 1258 862 1328 τῆς
888 1258 1260 1327 Ἔκκλησίας
1280 1257 1564 1327 στέφεται
1587 1259 1621 1312 ὁ
1635 1257 1961 1323 βασιλεύς.

457 1355 549 1408 Διὸ
585 1355 680 1409 καλ⁵
715 1358 744 1409 6
777 1355 878 1423 τὴν
912 1352 1163 1418 ἐξουσίαν
1194 1351 1335 1422 ἔχων
1369 1350 1536 1406 αὐτοῦ
1577 1352 1675 1405 καὶ
1713 1352 1966 1420 ἁγιάζειν

384 1446 685 1515 δυνάμενος
722 1446 1015 1517 ίεράρχης,
1059 1445 1088 1496 ὁ
1127 1444 1229 1513 τὴν
1267 1444 1455 1509 ἀπαθῆ
1493 1444 1834 1514 κεκτημένος
1871 1445 1964 1496 καὶ

385 1537 681 1607 ὑπέργειον
708 1537 885 1607 ἀρχὴν
916 1535 1017 1606 τὴν
1049 1535 1139 1589 τοῦ
1178 1536 1502 1605 Πνεῦματος
1524 1576 1539 1600 ,
1573 1535 1735 1589 αὐτὴν
1766 1536 1962 1589 ὑποδέ-

385 1646 541 1698 χεται
569 1628 959 1699 προσελθόντα.
987 1626 1098 1681 Καὶ
1123 1627 1220 1697 οὐχ
1245 1627 1434 1689 ἁπλῶς
1459 1628 1599 1696 ὅπερ
1624 1628 1858 1681 αίτεῖται
1887 1626 1963 1681 δί-

383 1722 545 1773 δωσιν
564 1736 579 1750 ο
608 1719 744 1772 ἀλλὰ
775 1718 1043 1789 πρότερον
1069 1717 1169 1790 τὴν
1196 1718 1278 1781 είς
1304 1716 1442 1771 Θεὸν
1474 1720 1630 1786 ζητεῖ
1654 1718 1841 1772 τοῦτον
1870 1719 1961 1771 πί-

386 1827 501 1863 στιν
537 1810 941 1879 ἀνομολογῆσαι
986 1808 1187 1879 ὀρθῶς,
1229 1810 1325 1863 καὶ
1362 1810 1461 1879 τὴν
1498 1811 1583 1875 είς
1619 1812 1678 1865 τὸ
1718 1810 1959 1882 ὑπήκοον

384 1901 641 1971 πρόνοιάν
669 1918 729 1953 τε
759 1902 852 1954 καὶ
880 1899 1098 1955 εὔνοιαν
1129 1902 1189 1955 ὲν
1217 1901 1557 1973 δικαιοσύνῃ.

922 2011 1174 2066 ΚΕΦΑΔ.
1218 2010 1415 2080 PMG”.

381 2103 542 2159 Δίατί
585 2104 813 2172 χρίεται
844 2104 1445 2229 μύρφλτὲιξὲᾖιιὶζεὺς,
1483 2105 1581 2159 καὶ
1619 2105 1833 2174 εὐχαῖς
1873 2123 1961 2162 τε·

450 2266 558 2320 Καὶ
591 2265 749 2319 τοῦτο
784 2265 1076 2328 δεδωκότος
1109 2267 1223 2329 τοῖς
1260 2266 1496 2336 χείλεσι,
1535 2268 1631 2321 καὶ
1666 2268 1957 2341 ύποσημη-

380 2358 614 2425 ναμένου
646 2359 711 2427 τῇ
745 2358 922 2427 χειρὶ,
954 2357 1037 2409 δεῖ
1065 2355 1174 2428 γὰρ
1208 2357 1428 2428 ἀσφαλῆ
1465 2357 1559 2411 καὶ
1591 2357 1786 2443 βέϐαια
1817 2358 1958 2443 εἶναι

377 2452 443 2504 τὰ
486 2451 620 2517 πρὸς
662 2450 814 2515 Θεὸν,
855 2449 925 2503 τὰ
965 2449 1065 2519 τῆς
1108 2449 1287 2520 ἀρχῆς
1329 2450 1478 2519 αὐτῷ
1522 2442 1819 2520 ἐγχειρίζει
1861 2442 1956 2507 τοῦ

375 2540 629 2608 ἄμϐωνος
678 2537 919 2602 ἄνωθεν,
976 2537 1143 2609 μέσον
1194 2537 1289 2590 τοῦ
1343 2539 1769 2608 βασιλευομένου
1821 2541 1954 2595 λαοῦ

376 2631 723 2702 ἀναγορεύων
764 2631 859 2684 καὶ
901 2630 1071 2700 χρίων
1114 2630 1195 2693 είς
1237 2630 1464 2701 βασιλέα
1506 2632 1584 2702 τῷ
1624 2631 1754 2703 θείῳ
1799 2633 1956 2704 μύρῳ

377 2726 471 2778 καὶ
516 2726 837 2793 ίερωτάταις
884 2724 1114 2794 εὐχαῖς*
1162 2723 1240 2792 τῷ
1287 2727 1384 2794 μὲν
1431 2724 1590 2794 μύρῳ
1634 2727 1955 2794 σφραγὶζων

375 2818 558 2885 αὐτὸν,
590 2820 656 2887 τῇ
692 2817 992 2886 σημειώσει
1021 2817 1115 2871 καὶ
1151 2818 1329 2888 χρίσει
1358 2817 1451 2870 τοῦ
1482 2818 1651 2881 ὅντως
1682 2821 1951 2874 παντάνα-

377 2927 504 2973 κτος
525 2951 541 2975 ,
572 2910 665 2962 καὶ
700 2910 840 2962 κατὰ
877 2908 1109 2979 μίμησιν
1140 2909 1307 2963 αὑτοῦ
1337 2910 1527 2963 τοῦτον
1557 2911 1823 2975 καθιστὰς
1859 2914 1953 2965 ἐπὶ

312 3016 323 3019 ‘
374 3002 512 3069 γῆς,
550 3000 643 3053 καὶ
682 3001 946 3070 ἐνισχύων
979 3001 1056 3070 τῷ
1096 3001 1377 3069 Πνεύματι
1401 3042 1416 3065 ,
1456 3009 1550 3055 καὶ
1590 3002 1950 3072 μεταδοτικὴν

2072 518 2237 575 habet
2269 522 2674 591 principatum;
2722 532 2777 579 et
2822 540 2887 580 ea
2922 541 3044 596 quae
3088 537 3221 582 sunt
3248 528 3423 598 ipsius
3452 532 3642 600 gratiae

2068 614 2282 684 quaerit.
2316 612 2451 668 Nam
2489 629 2685 670 servus
2727 616 2819 672 Dei
2852 625 2959 683 est,
2987 630 3042 675 et
3070 623 3380 676 consecrari
3419 639 3515 677 rex
3553 639 3647 678 ex«

2069 708 2329 778 postulat.
2366 706 2473 763 Per
2505 708 2684 778 ipsum
2728 710 2875 766 enim
2905 725 3083 781 regem
3134 729 3319 783 regum
3361 713 3644 769 Christum

2070 812 2223 867 rcges
2252 807 2516 867 regnant;
2552 798 2835 867 ipsiusque
2883 799 3056 856 solius
3086 816 3312 872 regnum
3362 811 3448 857 est
3483 812 3647 857 aeter-

2070 900 2227 941 num.
2268 885 2426 942 Unde
2455 884 2511 941 in
2547 885 2795 943 divinum
2847 888 3022 959 ipsius
3073 890 3359 960 templum,
3387 890 3535 945 velut
3586 891 3645 946 in

2067 978 2274 1047 regiam
2307 991 2546 1046 sacram,
2580 978 2911 1051 ingreditur,
2945 990 3006 1039 ut
3032 994 3167 1055 qua:
3192 982 3346 1054 regni
3371 990 3521 1040 sunt'
3548 997 3645 1038 ac~

2064 1069 2253 1141 cipiat.

2271 1147 2279 1155 '
2616 1167 2846 1225 CAPUT
2884 1168 3097 1225 CXLV.

2207 1248 2485 1322 Quomodo
2522 1260 2576 1315 in
2610 1260 2851 1315 Ecclesia
2877 1272 3165 1315 coronatur
3189 1252 3500 1332 imperator.

2137 1343 2267 1401 [deo
2296 1348 2391 1417 qui
2440 1356 2767 1417 potestatem
2796 1351 2969 1420 ipsius
3006 1349 3171 1405 habet
3197 1360 3253 1405 et
3292 1340 3648 1408 sanctiﬁcare
3690 1413 3702 1420 _

2066 1438 2209 1492 valet
2240 1439 2505 1508 pontifex,
2538 1451 2765 1513 accepto
2800 1441 3106 1511 principatu
3170 1444 3517 1500 indeﬁciente
3562 1458 3645 1499 at-

2063 1542 2171 1596 que
2207 1538 2625 1599 superterrcno,
2657 1531 2884 1602 spiritus
2915 1532 3246 1601 principatu,
3293 1535 3646 1602 progredien-

2066 1624 2174 1672 tem
2210 1618 2361 1673 illum
2390 1619 2616 1693 excipit.
2648 1621 2715 1677 Et
2757 1638 2868 1678 non
2895 1623 3221 1692 simpliciter
3251 1625 3477 1693 petitum
3511 1640 3647 1679 eou-

2064 1711 2244 1777 eedit;
2280 1714 2377 1767 sed
2410 1715 2570 1782 prius
2624 1715 2693 1771 ab
2741 1715 2849 1770 isto
2896 1717 3090 1786 quaerit
3119 1724 3179 1771 ut
3206 1726 3353 1772 recte
3384 1718 3544 1771 ﬁdem
3575 1720 3641 1797 ad

2064 1800 2255 1869 Deum,
2287 1812 2342 1859 et
2368 1803 2434 1860 aii
2468 1807 2829 1863 obedieudum
2865 1818 3101 1865 mentem
3129 1810 3361 1866 docilem
3395 1822 3449 1866 et
3475 1802 3645 1867 bene?-

2062 1894 2237 1949 volam
2269 1895 2323 1950 in
2350 1896 2568 1967 justitia
2593 1888 2945 1954 conﬁteatur.
3394 1902 3395 1905 “

2592 2011 2823 2067 CAPUT
2879 2011 3110 2069 CXLVI.

2060 2099 2240 2167 Quare
2271 2117 2428 2156 sacro
2457 2114 2721 2176 unguento
2758 2106 3030 2173 inungi/ur
3060 2106 3350 2172 imperator
3382 2114 3433 2160 et
3473 2108 3645 2176 preci-

2579 2175 2674 2228 bus
2716 2175 3104 2242 inauguratur.

2133 2262 2198 2317 Et
2222 2279 2344 2317 cum
2369 2265 2473 2321 hoc
2494 2266 2707 2321 dederit
2738 2267 2899 2323 labiis
2924 2284 3197 2339 manuque
3219 2270 3647 2341 consignaverit.

2061 2368 2177 2412 tuta
2207 2358 2355 2413 enim
2396 2374 2461 2412 ac
2510 2359 2664 2413 ﬁrma
2702 2374 2824 2415 esse
2868 2370 3084 2430 oportet
3116 2376 3179 2415 ea
3213 2376 3332 2430 qum
3365 2363 3433 2417 ad
3470 2361 3642 2416 Deum

2058 2454 2488 2525 respiciunt,illa
2515 2471 2634 2525 quae
2664 2456 3010 2527 principatus
3032 2464 3161 2511 sunt
3188 2456 3290 2525 ipsi
3317 2458 3636 2521 committit,

2064 2560 2132 2600 ex
2184 2547 2420 2601 amboue
2470 2547 2723 2617 desuper,
2781 2547 2833 2602 iu
2886 2548 3063 2603 medio
3125 2549 3304 2618 populi
3354 2550 3641 2618 gubernati

2058 2637 2386 2697 acclamans,
2422 2644 2477 2690 ct
2532 2636 2587 2690 in
2633 2652 2813 2706 regem
2866 2638 3048 2693 divino
3102 2649 3385 2707 unguento
3447 2656 3641 2695 sacra-
3725 2646 3733 2653 '

2056 2727 2393 2797 tissimisque
2412 2728 2666 2797 precibus
2689 2730 2979 2799 inungens;
3005 2732 3223 2801 myrrha
3244 2733 3462 2800 quidem
3485 2735 3637 2787 illum

2056 2821 2299 2889 signans,
2342 2822 2670 2876 charactere
2704 2829 2759 2876 et
2801 2824 3060 2878 unctione
3114 2825 3259 2880 illius
3314 2829 3405 2896 qui
3450 2829 3631 2896 reipsa

2055 2920 2379 2965 cunctorum
2404 2920 2486 2965 est
2508 2911 2855 2979 dominator;
2882 2923 2931 2968 et
2953 2915 3019 2968 ad
3046 2916 3407 2971 imitationem
3432 2918 3628 2987 ipsius,

2058 3001 2210 3055 illum
2251 3003 2590 3058 constituens
2629 3019 2794 3073 super
2855 3012 3079 3068 terram,
3107 3006 3429 3077 Spirituque
3469 3011 3634 3063 robo—

374 3094 461 3147 διὰ
486 3094 583 3161 τῆς
611 3094 836 3155 εὐωδίας
863 3092 957 3145 τοῦ
991 3094 1165 3162 μύρου
1195 3092 1554 3162 χαριζόμενος
1584 3091 1732 3163 αὐτῷ
1760 3093 1946 3165 χάριν,

2058 3104 2205 3154 rans,
2221 3099 2294 3157 et,
2319 3106 2413 3160 per
2434 3093 2664 3161 myrrhae
2690 3095 3033 3159 suavitatem,
3054 3096 3417 3166 largissimam
3440 3102 3506 3153 im
3517 3117 3637 3169 pcr-

376 3186 455 3247 είς
486 3186 545 3237 τὸ
577 3186 839 3254 ἄρχοντας
872 3187 1013 3237 κατὰ
1048 3186 1254 3255 κόσμον
1287 3185 1384 3237 καὶ
1421 3186 1763 3253 στρατηγοὺς
1799 3187 1950 3240 καθι-

378 3279 508 3346 στᾷν
532 3293 546 3307 ⁸
582 3280 702 3339 ταῖς
741 3276 928 3345 εὐχαῖς
965 3275 1022 3328 δὲ
1063 3275 1385 3346 κατοχυρῶν
1428 3277 1519 3327 καὶ
1564 3278 1950 3346 περιφρουρῶν

375 3368 468 3420 καὶ
500 3368 763 3436 ἐνισχύων
794 3368 891 3420 καὶ
919 3366 1163 3432 τελειῶν,
1196 3367 1259 3417 ἐκ
1292 3366 1384 3418 τοῦ
1419 3366 1684 3435 κραταιοῦ
1719 3367 1945 3436 mittari-

372 3476 461 3511 νου
496 3458 757 3511 δυνάστου
796 3461 889 3510 καὶ
924 3457 1134 3527 Κυρίου
1168 3457 1277 3509 τῶν
1314 3457 1451 3509 ὅλων
1482 3457 1550 3508 τὰ
1588 3457 1681 3510 ἐπὶ
1715 3458 1821 3527 γῆς
1854 3460 1948 3512 καὶ

373 3550 429 3599 ἐν
459 3545 675 3617 ούρανῷ
712 3545 890 3613 ἀγαθὰ
925 3544 1075 3617 αὐτῷ
1107 3545 1513 3616 ἐξαιτούμενος.
1546 3546 1640 3597 Διὸ
1673 3547 1769 3599 καὶ
1804 3549 1946 3617 μετά

369 3638 466 3708 τὴν
508 3637 730 3709 πρώτην
769 3638 954 3709 εὐχὴν,
994 3639 1060 3706 τῇ
1111 3637 1319 3707 κεφαλῇ
1368 3636 1535 3690 αὐτοῦ
1585 3639 1945 3707 σταυροειδῶς

370 3730 548 3798 ὲκχέει
573 3731 631 3783 τὸ
659 3729 829 3798 μύρον
853 3746 865 3760 ο
894 3729 1108 3791 δεικνὺς
1135 3729 1210 3791 ὡς
1233 3729 1259 3779 6
1283 3728 1518 3798 Χριστὸς
1545 3729 1709 3781 αὐτὸν
1733 3730 1941 3801 ἔχρισε,

369 3824 467 3876 καλ⁸
497 3826 525 3876 ὁ
555 3823 781 3891 νικήσας
815 3821 902 3874 διὰ
934 3818 1176 3890 σταυρρῦ
1210 3818 1442 3890 νικητὴν
1471 3820 1634 3873 αὑτὸν
1664 3819 1804 3875 εἶναι
1838 3841 1945 3877 πα-

372 3914 699 3986 ρασκευάζει
722 3953 737 3979 ,
771 3914 863 3967 καὶ
894 3913 922 3965 6
957 3914 1018 3965 τὸ
1055 3912 1255 3984 κράτος
1292 3912 1431 3982 ἔχων
1467 3914 1721 3981 αἰώνιον,
1758 3917 1853 3968 καὶ
1882 3918 1943 3969 τὸ

372 4010 565 4077 στέφος
590 4007 729 4077 ἔχων
754 4007 855 4074 τῆς
881 4006 1058 4075 δόξης,
1086 4002 1292 4076 κράτος
1319 4005 1415 4056 καὶ
1439 4006 1614 4076 τούτῳ
1641 4006 1816 4074 νέμει,
1849 4009 1943 4061 καὶ

370 4099 615 4168 κεφαλὴν
645 4099 861 4151 πάντων
890 4097 1153 4151 δείκνυσι.
1185 4095 1286 4148 Διὰ
1314 4096 1473 4149 τοῦτο
1507 4096 1616 4166 γὰρ
1648 4099 1741 4150 καὶ
1776 4099 1941 4167 μόνην

368 4193 511 4261 χρίει
555 4192 654 4261 τὴν
698 4187 961 4259 κεφαλὴν,
1006 4190 1099 4242 καὶ
1139 4188 1198 4242 τὸ
1229 4189 1425 4256 ’Ἄγιος
1468 4190 1792 4258 ἀνακράζει,
1834 4190 1941 4242 δει-

370 4282 496 4343 κνὺς
545 4281 625 4333 ὅτι
660 4282 722 4332 ἐκ
754 4277 847 4332 τοῦ
879 4279 1036 4346 ἁγίου
1068 4278 1485 4345 καθαγιάζεται,
1519 4280 1612 4329 καὶ
1645 4278 1936 4347 καθιερώ-

369 4390 457 4426 ται
505 4372 755 4442 βασιλεὺς
795 4372 901 4422 τῶν
942 4372 1293 4439 ἡγιασμένων
1336 4366 1477 4420 εἶναι
1522 4370 1631 4421 ἀπὸ
1675 4370 1935 4439 Χριστοῦ.

373 4466 481 4518 Καὶ
512 4463 807 4515 ταινιοῦται
842 4463 938 4531 τὴν
970 4463 1214 4530 κεφαλὴν
1246 4464 1272 4514 6
1307 4462 1491 4529 ἄρχων
1524 4462 1764 4528 γεγονὼς
1802 4463 1940 4514 πᾶν·

365 4572 491 4609 των.
524 4555 632 4607 Καὶ
664 4552 992 4614 ταινιωθεὶς,
1023 4553 1304 4604 ὑποκλίνει
1335 4552 1433 4622 τὴν
1465 4552 1731 4620 κεφαλὴν,
1761 4551 1938 4615 ὁδοὺς

364 4647 462 4715 τὴν
491 4646 734 4698 δουλείαν
767 4644 845 4713 τῷ
873 4645 980 4696 τῶν
1009 4641 1147 4696 ὅλων
1178 4646 1446 4714 Δεσπότῃ.
1486 4645 1590 4696 Καὶ
1620 4644 1721 4713 τὴν
1752 4644 1940 4697 δευτέ-

365 4755 464 4803 ραν
490 4737 653 4807 εὑχὴν
682 4737 1008 4805 ἐπιδέχεται,
1034 4734 1109 4798 ὡς
1139 4735 1431 4804 λαμϐάνων
1458 4737 1523 4788 τὰ
1557 4736 1816 4805 μέγιστα,
1846 4731 1935 4790 οἷα

305 4880 309 4883 .
363 4830 548 4891 δοῦλος
591 4830 894 4900 εὐγνώμων
936 4822 1086 4900 παρὰ
1128 4829 1393 4900 Χριστοῦ,
1436 4830 1529 4883 καὶ
1565 4830 1639 4892 ὡς
1682 4831 1942 4893 ἐκλεκτὸς

366 4920 537 4992 αύτῷ.
834 4988 840 4993 ,

918 5032 1170 5086 ΚΕΦΑΛ.
1215 5029 1385 5085 PMZ'.

363 5149 523 5204 Διατί
562 5151 593 5201 ὁ
629 5147 767 5212 νέος
803 5144 1102 5210 βασιλεὺς
1141 5144 1260 5199 ὑπὸ
1293 5144 1608 5208 βασιλέων
1645 5146 1937 5212 πατέρων,

433 5220 470 5287 ἢ
510 5216 858 5287 στρατηγῶν
887 5218 957 5269 ἐν
989 5217 1069 5281 τῷ
1104 5215 1353 5283 μέλλειν
1387 5214 1713 5283 χρισσῆναι
1750 5230 1937 5283 προσ-

434 5290 658 5358 ἄγεται.

428 5383 519 5434 Διὸ
564 5384 654 5434 καὶ
691 5381 767 5444 ὡς
809 5378 1202 5447 ἐκλελεγμένος
1241 5376 1412 5447 αὐτῷ,
1450 5378 1482 5447 ἢ
1528 5378 1632 5430 ὑπὸ
1673 5378 1939 5447 βασιλέως

359 5473 597 5543 πατρὸς,
630 5472 662 5543 ἢ
701 5473 804 5525 ὑπὸ
834 5470 944 5523 τῶν
978 5469 1210 5537 πρώτων
1239 5467 1348 5521 τῶν
1382 5470 1437 5521 ὲν
1468 5470 1589 5529 ταῖς
1621 5470 1897 5533 ἐξουσίαις
1920 5510 1936 5534 ,

357 5564 433 5633 τῷ
463 5564 689 5633 ίεράρχῃ
717 5559 1054 5631 προσάγεται
1077 5575 1089 5588 ο
1127 5558 1575 5627 μαρτυρουμένου
1607 5559 1710 5609 κάν
1737 5556 1933 5627 τούτῳ,

358 5655 431 5717 ὡς
459 5655 518 5707 οὐ
544 5653 888 5723 τυραννικῶς
915 5650 1203 5720 ἐλήλυθεν,
1232 5649 1366 5700 ἀλλὰ
1394 5649 1535 5700 κατὰ
1562 5649 1756 5717 νόμους
1784 5650 1936 5702 ἐκλε-

361 5746 495 5813 γεὶς,
528 5738 619 5800 καὶ
649 5747 725 5809 εἰς
756 5746 814 5798 τὸ
846 5743 1298 5812 προχειρισθῆναι
1331 5742 1739 5810 προσενεχθείς.

2055 3183 2196 3239 tiens
2228 3186 2274 3239 ei
2319 3187 2570 3254 gratiam,
2606 3188 2670 3241 ad
2719 3187 2886 3243 duces
2914 3189 3101 3246 civiles
3127 3199 3179 3244 et
3204 3193 3468 3249 militares
3498 3209 3631 3248 con-

2052 3274 2383 3329 stituendos.
2420 3276 2686 3332 Precibus
2717 3287 2897 3332 autem
2935 3280 3179 3345 roborat,
3212 3284 3628 3353 circuunnuuit,

2053 3365 2338 3420 conﬁrmat
2366 3378 2419 3419 et
2450 3380 2761 3435 consecrat,
2793 3373 2860 3425 ah
2899 3372 2989 3428 illo
3021 3375 3113 3443 qui
3145 3377 3300 3430 solus
3358 3388 3444 3432 est
3474 3378 3632 3433 fortis

2051 3470 2105 3513 et
2155 3468 2349 3528 potens
2373 3470 2427 3515 et
2455 3463 2703 3516 omnium
2746 3464 3004 3519 deminus
3052 3469 3327 3521 terrestria
3356 3470 3645 3524 caelestia-.

2049 3566 2156 3619 que
2206 3554 2345 3606 bona
2381 3554 2483 3621 ipsi
2515 3564 2802 3623 exoptans.
2855 3554 2981 3611 [deo
3014 3568 3135 3626 post
3170 3561 3395 3627 primam
3428 3564 3632 3618 oratio-

2050 3656 2193 3706 nem,
2213 3644 2263 3694 iu
2284 3652 2447 3711 caput
2478 3645 2616 3711 ejus,
2642 3648 2817 3699 crucis
2836 3645 3031 3713 forma,
3059 3652 3332 3719 myrrham
3357 3652 3626 3720 infundit;

2047 3737 2346 3788 ostendens
2373 3736 2519 3803 quod
2570 3736 2820 3819 Christe;
2864 3739 3011 3792 illum
3059 3745 3252 3809 unxit,
3285 3752 3339 3798 et
3392 3747 3483 3810 qui
3534 3762 3631 3817 per

2047 3842 2268 3880 Crucem
2303 3829 2452 3891 vicit,
2484 3829 2631 3883 illum
2664 3845 2786 3885 esse
2828 3832 3086 3887 victorem
3126 3844 3301 3903 parat,
3333 3849 3387 3890 et
3409 3838 3503 3906 qui
3531 3855 3629 3908 po-

2048 3924 2298 3971 testntem
2337 3919 2497 3971 habet
2545 3926 2829 3983 aeternam,
2869 3935 3244 3993 coronamque
3302 3927 3487 3994 gloriae
3535 3946 3630 3996 ge-

2047 4008 2162 4074 stit,
2217 4010 2524 4078 potentiam
2569 4020 2624 4065 et
2675 4011 2749 4064 illi
2793 4012 3003 4077 tribuit,
3058 4024 3111 4070 et
3164 4019 3410 4072 omnium
3459 4032 3626 4087 caput

2044 4101 2454 4165 ostendit.l_deo
2487 4102 2633 4156 enim
2684 4106 2861 4158 solum
2907 4118 3073 4175 caput
3118 4109 3306 4178 ungit;
3355 4122 3408 4166 et
3455 4120 3565 4167 tum
3608 4134 3621 4170 :

2052 4214 2068 4243 ι
2105 4194 2339 4248 Sanctus
2376 4213 2394 4245 ι
2435 4195 2681 4257 intonat,
2741 4197 3061 4267 signiﬁcans
3119 4202 3267 4270 quod
3317 4220 3381 4259 ex
3434 4217 3623 4261 sancto

2044 4286 2436 4352 suuctiiiratttr,
2473 4297 2528 4342 et
2556 4273 2929 4353 consecratur,
2965 4303 3021 4345 ut
3064 4308 3091 4345 a
3133 4295 3356 4351 Christo
3392 4300 3463 4353 sit
3496 4316 3626 4352 sau-

2048 4379 2764 4450 ctilicatoruui.imperator.
2805 4383 2869 4435 Et
2892 4386 3078 4454 capite
3112 4387 3352 4458 cingitur
3384 4393 3474 4459 qui
3512 4394 3625 4449 tlux

2048 4468 2292 4521 omnium
2333 4478 2416 4524 est
2450 4472 2647 4526 factus.
2689 4473 2752 4527 Et
2794 4486 3115 4542 coronatus,
3166 4482 3505 4536 subinclinat
3533 4504 3625 4538 ra-

2048 4568 2144 4626 pttt
2204 4561 2528 4616 servitutem
2575 4576 2839 4632 praestans
2883 4572 3126 4625 omnium
3176 4571 3532 4631 Dominatori.
3562 4579 3626 4633 Et

2046 4653 2341 4706 secundam
2392 4654 2594 4725 accipit
2622 4659 2952 4725 orationem,
3002 4662 3169 4717 veluti
3222 4667 3457 4721 maxima
3488 4673 3626 4723 reri-

2044 4741 2199 4810 pieus
2222 4753 2484 4813 tauquam
2512 4746 2688 4804 ﬁdelis
2719 4764 2933 4817 servus,
2958 4766 2987 4805 a
3011 4751 3253 4820 Christo,
3274 4765 3329 4809 et
3360 4766 3618 4828 tauquam

2044 4833 2146 4902 ipsi
2188 4835 2415 4892 electus.

2571 5026 2798 5082 CAPUT
2827 5028 3079 5085 CXLVII.

2042 5131 2440 5210 Quamnovus
2482 5135 2783 5210 imperator
2828 5141 3197 5210 perungendus
3241 5148 3522 5204 adducitur
3550 5155 3613 5207 ab

2112 5205 2516 5271 imperatoribus
2548 5205 2861 5275 parentibus
2889 5211 2967 5263 vel
2991 5205 3021 5265 ἆ
3050 5222 3267 5270 sumims
3293 5220 3537 5277 ducibus.

2094 5380 2237 5434 ideo
2274 5391 2529 5450 tanquam
2560 5382 2773 5443 electus
2802 5388 2931 5460 ipsi,
2962 5392 3043 5447 vel
3071 5394 3137 5449 ab
3159 5396 3486 5467 imperatore
3516 5419 3613 5472 pa-

2042 5479 2140 5535 tre,
2172 5472 2253 5524 vel
2284 5486 2312 5525 a
2339 5472 2529 5540 primis
2553 5489 2741 5532 eorum
2766 5481 2856 5549 qui
2895 5492 3022 5538 sunt
3051 5485 3104 5539 in
3154 5493 3501 5553 auc:oritatc.
3546 5493 3618 5549 ad

2043 5564 2357 5632 pontiﬁcem
2388 5565 2699 5623 adducitur.
2729 5573 2817 5627 Sic
2837 5576 3154 5633 testimonio
3179 5584 3440 5648 probatur
3462 5583 3615 5639 illum

2042 5669 2149 5706 non
2235 5657 2521 5724 Iyrannice
2569 5662 2803 5730 venisse,
2832 5664 2985 5734 juxta
3014 5669 3160 5738 leges
3194 5672 3423 5724 electum
3467 5689 3613 5742 εμεςο,

2040 5754 2092 5799 et
2124 5745 2188 5799 ad
2220 5746 2511 5816 imperium
2547 5754 2945 5825 accipiendum,
2985 5761 3304 5828 productum
3347 5760 3536 5818 fuisse.

3638 5789 3659 5860 λ
3690 5785 3699 5793 .
