4078 6432
406 323 506 390 357

1673 312 1771 373 DE
1807 309 2047 370 sncno
2083 311 2407 376 TEMPLO.
2477 301 2479 306 ’

3574 329 3680 395 358

473 437 792 506 Κληρικός.
839 430 1358 506 Ἁναγκαιότᾶτθν,
1394 431 1664 485 θειότατε
1691 427 1986 482 δέσποτα.

2170 427 2428 510 βίω-ὅρια.
2456 435 2689 492 Maxime
2719 442 3054 508 necessario,
3076 443 3416 510 divinissime
3429 447 3680 504 domine:

405 534 509 589 Kal
565 533 674 600 γὰρ
728 526 807 600 ἦν
857 529 1194 604 ἀναγκαῖον
1249 526 1348 581 καί
1406 525 1537 594 περὶ
1603 525 1819 578 τούτου
1873 537 1990 590 μα·-

404 626 550 683 θεῖν.

959 712 1214 767 ΚΕΦΑΛ.
1261 710 1354 764 PN
1363 708 1438 764 B'.

406 814 544 880 Περι
577 823 858 875 στασεως
899 794 1284 880 πιστῶν-,καί
1315 799 1829 880 ’κατηχουμένωη
1889 802 1990 857 καὶ

852 875 972 931 τῶν
1003 877 1099 929 ἐπ’
1140 873 1540 944 ἐγκλήμασιν.

485 972 848 1042 Ἀρχιερεύς.
900 968 1061 1026 Οῦτω
1111 967 1213 1039 μὲν
1270 966 1365 1022 οὐν
1401 967 1618 1020 ἵσταται
1670 967 1700 1018 ὁ
1757 963 1991 1034 εὐσεϐὴς

405 1065 533 1128 λαὸς
565 1069 621 1118 ὲν
673 1065 757 1135 τῷ
805 1063 943 1132 ναῷ,
974 1061 1066 1115 τὸν
1109 1061 1392 1130 ὁρώμενον
1427 1058 1620 1112 τοῦτον
1665 1058 1725 1124 ἐξ
1753 1057 1988 1130 οὐρανοῦ

373 1175 377 1179 ’
407 1155 503 1210 καὶ
533 1155 637 1225 γῆς
665 1153 987 1225 σημαίνοντι
1017 1154 1226 1224 κόσμον
1250 1168 1264 1181 ·
1299 1154 1398 1208 καὶ
1430 1151 1634 1215 πάντες
1684 1151 1839 1220 μόνοι
1879 1167 1991 1219 χω-

409 1249 600 1320 ροῦσιν
640 1249 698 1299 ὲν
735 1230 912 1316 τούτῳ
945 1247 995 1300 oi
1028 1245 1298 1310 εὐσεϐεῖς,
1333 1246 1384 1298 oi
1423 1246 1483 1300 ὲν
1509 1247 1576 1314 τῇ
1611 1243 1705 1297 τοῦ
1746 1241 1884 1296 Θεοῦ
1919 1245 1989 1313 γῇ

406 1345 498 1396 τὸν
540 1339 636 1393 τοῦ
685 1339 918 1410 οὐρανοῦ
967 1339 1064 1392 καὶ
1112 1337 1213 1407 τῆς
1255 1338 1359 1408 γῆς
1389 1336 1630 1399 εὐσεϐῶς
1693 1336 1994 1404 ὑμνοῦντες

407 1437 687 1507 Δεσπὸτην
709 1451 726 1468 ο
755 1436 816 1489 οὐ
855 1435 962 1505 μὴν
998 1434 1057 1488 δέ
1085 1451 1169 1497 τις
1199 1435 1309 1488 τῶν
1336 1433 1554 1490 ἀσεϐῶν
1583 1433 1616 1504 ἢ
1664 1431 1992 1503 ἑτεροδόξων

408 1529 638 1583 καθόλου
668 1546 681 1560 ·
715 1529 796 1583 ὅτι
819 1527 941 1598 οὐδὲ
967 1525 1330 1598 συμφώνησις
1351 1525 1576 1597 Χριστῷ
1611 1525 1747 1596 πρὸς
1771 1524 1990 1593 Βελίαρ.

409 1623 688 1675 Ἰστανται
745 1621 802 1674 δὲ
823 1588 934 1674 ’τοῦ
986 1621 1241 1690 ἄμϐωνος
1273 1618 1502 1678 ὖπισθεν
1535 1619 1666 1686 περὶ
1709 1618 1775 1670 τὰ
1807 1618 1993 1671 κατώ·

406 1732 540 1784 τερα
591 1713 654 1783 δὴ
702 1713 796 1767 τοῦ
836 1711 965 1766 ναοῦ
998 1712 1048 1764 οἱ
1079 1711 1328 1775 εὐσεϐεῖς
1387 1711 1487 1780 μὲν
1523 1713 1619 1764 καὶ
1657 1712 1756 1780 τὴν
1801 1709 1991 1762 πίστιν

408 1806 823 1876 ὁμολογοῦντες,
860 1805 1021 1877 136
1051 1803 1348 1874 ἀφώτιστοι
1382 1804 1438 1858 δὲ
1480 1802 1580 1870 ἔτι,
1618 1804 1715 1857 καὶ
1754 1801 1815 1854 τὸ
1849 1801 1992 1855 θεῖον
2027 1784 2067 1839 Β

413 1901 697 1972 βάπτισμα
721 1903 796 1973 μὴ
827 1902 1132 1973 δεξάμενοι.
1155 1902 1246 1954 Διὸ
1279 1901 1372 1954 καὶ
1394 1901 1470 1965 ώς
1501 1902 1670 1972 μήπω
1696 1900 1994 1954 πιστοὶ-πθ

409 1995 570 2060 λέως,
627 1993 763 2063 μηδὲ
822 1993 958 2064 μέλη
1015 1979 1432 2065 ἐσφραγισμένα
1492 1991 1597 2061 τῆς
1638 1989 1992 2060 Ἐκκλησίας,

408 2087 512 2152 ἔξω
543 2087 824 2158 βάλλονται
849 2085 957 2141 τῶν
995 2086 1314 2158 μυστηρίων
1341 2084 1733 2156 εἰσαγομένων.
1763 2084 1840 2137 0-3
1873 2082 1981 2154 γὰρ

407 2180 505 2250 τῆς
539 2181 824 2245 κοινωνίας
869 2180 1006 2234 Θεοῦ
1043 2175 1190 2235 οὗτοι
1242 2180 1407 2246 ἄξιοι.
1459 2179 1570 2232 Καὶ
1615 2175 1998 2242 κατοικοῦντες

410 2272 518 2341 γὰρ
548 2271 646 2343 τὴν
675 2271 769 2325 τοῦ
798 2271 935 2325 Θεοῦ
968 2271 1170 2339 κτίσιν,
1202 2270 1412 2337 ἀνάξιοι
1445 2269 1548 2340 τῆς
1575 2267 1669 2321 τοῦ
1714 2265 1850 2320 Θεοῦ
1905 2283 2000 2337 με·

409 2366 652 2431 τουσίας,
682 2366 757 2429 ὡς
778 2365 880 2435 τὴν
904 2365 1154 2436 φθαρτὴν
1187 2364 1349 2435 μόνον
1378 2361 1638 2431 γέννησιν
1671 2360 1997 2432 ἀσχηκύτες,

410 2458 474 2511 οὐ
538 2457 645 2529 μὴν
687 2459 746 2512 δὲ
787 2458 1190 2529 κατηξιωμένοι
1237 2457 1338 2528 τῆς
1385 2454 1699 2524 ἀφθαρσίας
1748 2455 1844 2508 καὶ
1899 2453 2001 2522 τῆς

412 2551 686 2605 ἀθανάτου
718 2548 888 2619 ζωῆς.
937 2550 1258 2617 Ἐξάγονται
1294 2547 1393 2618 μὲν
1432 2539 1579 2600 οὗτοι
1604 2561 1618 2577 ⁸
1653 2545 1792 2598 ἀλλὰ
1830 2545 1924 2596 καὶ
1951 2545 2001 2598 οἱ

413 2644 924 2714 παραπεπτωκύτες
963 2642 1104 2713 μετὰ
1150 2642 1212 2695 τὸ
1257 2641 1566 2712 βάπτισμα,
1624 2639 1721 2693 καὶ
1775 2638 1810 2711 ἢ
1864 2639 2001 2693 Θεοῦ

413 2737 638 2807 ἀρνήσει
692 2736 1111 2804 περιπεσόντες,
1147 2733 1180 2804 ἢ
1215 2735 1414 2803 αἵματι
1458 2730 1795 2803 χρανθέντες
1850 2729 2006 2784 ἁδελ-

415 2827 581 2898 φικῷ,
607 2827 767 2898 φόνον
797 2827 1192 2897 ἐργασάμενοι,
1235 2825 1269 2897 ἢ
1312 2825 1409 2878 καὶ
1438 2823 1606 2896 ἕτερά
1635 2839 1762 2876 τινα
1787 2839 2004 2892 πεπρα-

416 2921 570 2990 χότες
601 2923 701 2991 τῆς
737 2921 1030 2982 κοινωνίας
1065 2919 1428 2988 ἀπείργοντα.

970 3014 1225 3069 ΚΕΦΑΛ.
1270 3013 1443 3070 ΡΝΓ⁹.

512 3110 641 3164 Ὀτι
675 3110 749 3164 οὐ
796 3108 1023 3174 πάντες
1055 3107 1173 3163 νῦν
1209 3107 1582 3178 ἐξωθοῦνται
1607 3107 1763 3178 μετὰ
1795 3103 1917 3160 τῶν

960 3196 1110 3246 κατη
1119 3177 1454 3248 κουμένων.

489 3271 554 3326 Οἳ
584 3271 647 3344 δὴ
690 3272 900 3336 πάντες
926 3270 1230 3337 ἐξωθοῦντο
1266 3271 1539 3343 πρότερον
1565 3270 1680 3325 τῶν
1723 3287 1999 3341 κατηχού-

428 3369 613 3438 μένων
642 3367 1040 3437 ἐξερχομένων.
1079 3367 1194 3420 Νῦν
1234 3366 1293 3420 δὲ
1316 3366 1405 3420 διὰ
1436 3366 1566 3427 τοὺς
1597 3365 1877 3436 διωγμοὺς
1908 3361 2006 3418 καὶ

418 3460 516 3522 τὰς
546 3462 786 3530 συνεχεῖς
818 3458 1195 3528 περιστάσεις,
1230 3457 1374 3511 οὓτω
1405 3456 1519 3511 τῶν
1554 3457 1820 3527 Πατέρων
1841 3454 2007 3510 καλὸν

420 3549 560 3604 εἶναι
608 3551 1010 3620 λογισαμένων,
1043 3549 1452 3620 κατηχούμενοι
1501 3549 1603 3620 μὲν
1625 3549 1724 3603 καὶ
1763 3549 2007 3619 ἀρνησά-

424 3659 578 3713 μενοι
631 3646 727 3696 καὶ
775 3641 1138 3711 φονεύσαντες
1196 3640 1569 3705 ἐξωθοῦνται·
1616 3641 1666 3694 oi
1714 3639 1774 3693 δὲ
1822 3640 2009 3719 λοιποὶ

421 3739 705 3809 βάπτισμα
734 3737 902 3808 μόνον
933 3735 1273 3806 κεκτημένοι
1321 3737 1601 3806 ἀφίενται,
1637 3735 1744 3805 ίδίᾳ
1773 3734 1878 3804 τῆς
1913 3752 2009 3806 με·

419 3830 639 3892 τανοίας
689 3827 872 3882 αὐτῶν
915 3826 1070 3898 παρὰ
1129 3825 1242 3879 τῶν
1303 3827 1699 3897 πνευματικῶν
1743 3826 2008 3897 Πατέρων

421 3923 837 3992 ἐνεργουμένης.
870 3913 1036 3974 Οὗτοι
1085 3918 1181 3973 οὖν
1209 3920 1260 3973 oi
1312 3917 1678 3990 ἐξωθούμενοι
1723 3919 1855 3990 περὶ
1884 3921 2010 3984 τοὺς

421 4016 703 4086 νάρθηκας
755 4014 1024 4076 ἵστανται,
1080 4013 1114 4081 ἢ
1158 4014 1253 4066 καὶ
1282 4013 1342 4066 ὲν
1383 4015 1498 4076 τοῖς
1545 4013 2007 4085 κατηχουιιένοις,

421 4107 528 4160 τῶν
555 4103 801 4175 φρικτῶν
839 4103 1158 4174 μυστηρίων
1193 4103 1625 4174 ὲκτελουμένων.

981 4197 1236 4254 ΚΕΦΔΛ.
1269 4195 1438 4252 ΡΝΔ’.

621 4296 783 4350 Διατί
804 4293 1122 4364 νάρθηκες,
1160 4291 1260 4345 καὶ
1291 4290 1805 4362 κατηχουμενεῒα.

489 4458 780 4528 Νᾶρθηκες
813 4455 870 4510 δὲ
901 4453 1176 4522 λέγονται,
1210 4452 1334 4523 ἦτοι
1359 4449 1472 4504 τῶν
1500 4449 1648 4505 ναῶν
1683 4448 1874 4545 ἀρχαὶ,
1911 4446 2010 4501 καὶ
2041 4488 2087 4545 D

420 4549 889 4620 κατηχουμενεῖα,
921 4546 1044 4618 ἦτοι
1073 4543 1184 4598 τῶν
1215 4544 1648 4613 κατηχουμένων
1670 4544 1698 4596 ὁ
1729 4538 1904 4605 οἶκος.
1939 4542 2008 4594 Ἀ

421 4647 515 4696 καὶ
545 4642 636 4696 διὰ
665 4640 828 4695 τοῦτο
862 4637 1157 4708 ἐπενοήθη,
1187 4637 1275 4691 ἵνα
1299 4636 1396 4690 καὶ
1426 4635 1576 4688 οὗτοι
1614 4634 1684 4688 δι’
1715 4632 1890 4705 ἀκοῆς
1914 4637 2012 4691 καὶ

417 4735 664 4804 ὁράσεως
718 4733 889 4803 μόνης
924 4729 1198 4802 μετέχωσι
1232 4729 1343 4782 τῶν
1393 4725 1579 4791 θείων,
1622 4725 1718 4778 καὶ
1760 4724 1850 4778 διὰ
1901 4726 2011 4779 τῶν

421 4827 640 4898 χειλέων
663 4826 720 4880 δὲ
749 4824 842 4879 καὶ
882 4823 984 4892 τῆς
1014 4821 1268 4891 γλώσσης
1296 4819 1610 4892 ὁμολογῶσι
1641 4821 1742 4890 τὴν
1799 4820 2008 4883 πίστιν,

421 4922 517 4975 καὶ
548 4920 618 4974 τὰ
641 4921 739 4989 τῆς
760 4915 1046 4980 εὐσεϐείας
1075 4916 1299 4986 ῥήματα,
1326 4913 1550 4984 ᾄδωσιν.
1575 4913 1652 4966 ῡύ
1682 4912 2008 4966 κοινωνοῦσι

421 5011 478 5065 δὲ
499 5010 600 5081 τῆς
631 5011 876 5072 στάσεως
898 5009 1011 5068 τοῖς
1044 5006 1283 5068 πιστοῖς,
1346 5003 1470 5057 οὐδὲ
1498 5002 1599 5073 τῆς
1619 5003 1809 5074 εὐχῆς.
1829 5003 2009 5055 ’Λκοι-
2035 5017 2044 5025 ·

421 5105 652 5173 νώνητοι
682 5101 790 5171 γὰρ
822 5100 917 5154 καὶ
941 5097 1284 5168 διιστάμενοι
1313 5095 1418 5151 ἔτι.
1456 5097 1521 5150 Ei
1555 5095 1650 5150 οὖν
1677 5097 1776 5168 τῆς
1801 5097 1856 5148 ἐν
1890 5099 2007 5148 λει-

419 5195 654 5267 τουργίᾳ
695 5194 939 5256 στάσεως
969 5194 1065 5247 καὶ
1092 5192 1260 5261 εὐχῆς
1287 5189 1520 5257 ἀνάξιοι,
1555 5189 1738 5259 πολλῷ
1772 5207 1836 5260 γε
1869 5192 2008 5260 μᾶλ-

421 5291 513 5344 λον
539 5291 637 5360 τῆς
668 5285 1056 5361 φρικτωτάτης
1087 5283 1401 5346 κοινωνίας.
1434 5282 1528 5335 Διὸ
1559 5282 1654 5336 καὶ
1699 5282 1805 5352 γῆς
1849 5286 2009 5351 μόνον

424 5384 730 5455 εἰρήκαμεν
779 5377 974 5444 σώζειν
1008 5378 1181 5432 τύπον
1210 5379 1280 5430 τὰ
1313 5377 1374 5429 ὲν
1410 5374 1492 5445 τῷ
1534 5374 1776 5446 νάρθηκι
1811 5378 1906 5428 καὶ
1941 5375 2010 5430 τὰ

425 5475 534 5531 τῶν
567 5472 1016 5544 κατηχουμένων,
1067 5469 1145 5534 ὡς
1204 5468 1362 5538 δίκην
1419 5466 1638 5536 ἀλόγων
1683 5466 1895 5520 τούτων
1927 5468 2010 5522 ἔτι

427 5567 520 5620 ἐπὶ
545 5565 645 5636 τὴν
680 5565 784 5633 γῆν
807 5563 1210 5632 διαιτωμένων,
1243 5559 1342 5613 καὶ
1371 5558 1482 5611 τῶν
1510 5558 1610 5628 μὲν
1644 5559 1719 5627 μὴ
1750 5575 2012 5629 γεγεννηο

430 5660 606 5729 μένων
638 5660 717 5721 είς
748 5656 849 5727 τὴν
882 5654 1031 5724 ζωὴν
1074 5654 1206 5723 (τῶν
1237 5650 1620 5722 ἁϐαπτίστων)
1646 5651 1756 5703 τῶν
1777 5651 1836 5704 δὲ
1864 5652 2010 5722 (ἦτοι

424 5753 534 5805 τῶν
577 5750 976 5822 ἀρνησαμένων
1024 5749 1122 5802 καὶ⁷
1163 5747 1273 5800 τῶν
1335 5747 1889 5818 παραπεπτωκότων)
1932 5747 2008 5819 μὴ

428 5841 568 5896 κατὰ
599 5841 756 5910 λόγον
785 5838 904 5910 Θεῷ
935 5837 1242 5910 ζησάντων,
1277 5837 1336 5893 ἐν
1367 5839 1432 5907 τῇ
1465 5837 1533 5908 γῇ
1567 5837 1622 5891 δὲ
1655 5837 1750 5890 καὶ
1774 5837 1996 5892 ἄπιστοι

2097 525 2164 581 de
2201 527 2302 582 hoc
2333 529 2480 583 enim
2514 547 2616 585 nos
2649 534 2863 589 edoceri
2902 551 3124 592 necesse
3153 547 3291 593 erat.

2688 711 2919 769 CAPUT
2959 714 3115 770 CLil.

2095 801 2176 858 De
2207 804 2438 858 statione
2470 804 2710 873 ﬁdelium
2740 817 2788 861 el
2825 811 3317 866 catechumeuorum
3343 823 3392 867 et
3441 816 3674 877 peccatis

2712 891 3054 948 gravatorum
3065 920 3080 936 .

2170 966 2442 1038 Pontifex.
2515 967 2606 1022 Sic
2665 969 2886 1040 quidem
2923 970 3090 1042 igitur
3121 974 3379 1030 consistit
3423 976 3547 1044 pius
3581 992 3681 1046 po-

2098 1063 2257 1134 pulus
2289 1063 2345 1116 in
2397 1063 2623 1134 templo,
2691 1063 2840 1134 quod
2892 1065 3165 1126 visibilem
3221 1067 3368 1123 hunc
3399 1085 3429 1124 a
3461 1071 3600 1125 caelo
3629 1085 3676 1126 οξ

2098 1166 2241 1212 terra
2271 1158 2536 1213 mundum
2570 1158 2865 1228 signiﬁcat.
2901 1159 3108 1216 Omnes
3158 1170 3340 1217 autem
3371 1173 3424 1217 et
3472 1165 3572 1218 soli
3618 1167 3683 1217 li-

2096 1251 2248 1305 deles
2284 1251 2336 1304 in
2368 1251 2473 1305 hoc
2505 1251 2734 1321 degunt,
2764 1253 2856 1322 qui
2903 1253 2957 1306 in
2989 1253 3078 1308 Dei
3115 1262 3284 1317 terra.
3317 1257 3440 1311 coeli
3491 1265 3683 1310 teri-ze-

2097 1359 2206 1414 que
2245 1342 2534 1398 Dominum
2563 1345 2650 1414 pie
2680 1346 2966 1402 celebrant
2993 1365 3007 1411 ;
3045 1347 3228 1402 nullus
3256 1358 3438 1402 autem
3464 1350 3688 1404 omnino

2099 1436 2394 1502 impiorum
2427 1437 2512 1492 vel
2570 1437 3356 1509 beterodoxorum;quoniam
3410 1441 3555 1494 nulla
3604 1453 3690 1495 est

2097 1529 2482 1584 convenientia
2518 1527 2740 1585 Christo
2769 1545 2892 1586 cum
2924 1530 3114 1586 Belial.
3152 1532 3313 1586 Stant
3343 1541 3527 1586 autem
3560 1543 3688 1601 po~t

2097 1622 2395 1677 umbonem
2424 1623 2492 1676 ad
2523 1619 2788 1677 inferiora
2831 1621 3041 1692 templi,
3072 1623 3165 1691 qui
3198 1622 3420 1693 quidem
3457 1623 3528 1694 p'i
3553 1636 3682 1679 sunt

2097 1725 2149 1769 et
2176 1715 2334 1769 ﬁdem
2372 1713 2725 1782 conﬁtentur,
2757 1729 2863 1769 non
2899 1724 3082 1770 autem
3115 1715 3296 1770 adhuc
3325 1725 3450 1771 sunt
3483 1715 3687 1770 iiluml-

2099 1810 2238 1872 nati,
2271 1822 2377 1863 nec
2402 1807 2647 1862 divinum
2680 1809 2950 1878 baptisma
2987 1819 3374 1879 susceperunt.
3405 1811 3532 1864 ideo
3562 1821 3680 1863 tan-

2099 1916 2262 1970 quam
2315 1901 2563 1957 nondum
2617 1901 2844 1974 perfeCIi
2886 1903 3072 1958 lideies
3107 1918 3209 1958 nec
3251 1903 3462 1972 signata
3495 1902 3689 1958 Eccle-

2099 1995 2194 2048 siae
2215 1995 2482 2061 membra,
2511 1995 2786 2064 mysteriis
2813 1994 3143 2051 introductis
3184 1995 3332 2051 l‘oras
3356 1994 3684 2066 ejiciuntur.

2102 2086 2217 2142 Non
2252 2087 2398 2144 enim
2453 2086 2875 2158 participatione
2945 2087 3037 2143 Dei
3081 2089 3170 2144 isti
3219 2088 3370 2160 digni
3421 2098 3581 2154 sunt;
3615 2091 3683 2143 al

2102 2189 2410 2234 creaturam
2444 2180 2590 2235 enim
2624 2179 2716 2236 Dei
2751 2180 3114 2251 pertinentes,
3166 2180 3378 2250 indigni
3435 2188 3566 2235 sunt
3593 2179 3688 2236 Dei

2103 2272 2519 2339 communione,
2553 2273 2710 2343 quasi
2746 2275 3169 2344 corruptibili-in
3217 2283 3429 2328 tantum
3491 2275 3696 2328 nativi-

2105 2371 2274 2418 tatem
2309 2364 2514 2435 adepti,
2546 2379 2652 2418 non
2685 2373 2869 2420 autem
2914 2366 3442 2436 iucorrupliliilitate
3470 2365 3694 2434 vitaque

2106 2455 2400 2510 immortali
2425 2455 2572 2527 digni
2608 2455 2757 2511 facti.
2811 2455 3129 2527 Ejiciuntur
3183 2458 3401 2528 quidem
3448 2457 3565 2524 isti,
3595 2455 3693 2510 sed

2105 2556 2161 2600 ct
2192 2545 2266 2600 illi
2299 2546 2391 2616 qui
2447 2555 2571 2615 post
2595 2546 2864 2616 baptisma
2907 2546 3043 2616 lapsi
3072 2559 3220 2610 sunt,
3261 2547 3342 2601 vel
3378 2547 3469 2600 Dei
3523 2564 3690 2616 nega-

2106 2638 2257 2694 tione
2284 2639 2626 2700 ceciderunt,
2670 2639 2752 2695 vel
2786 2641 2932 2695 caede
2986 2649 3223 2711 patrata,
3276 2641 3542 2713 sanguine
3579 2641 3696 2695 fra-

2107 2738 2266 2784 terno
2297 2727 2486 2784 foedati
2524 2736 2670 2794 sunt,
2707 2729 2790 2784 vel
2824 2731 2926 2785 alia
2961 2731 3208 2801 quaedam
3239 2745 3268 2786 a
3296 2729 3692 2787 communione

2107 2819 2453 2876 exeludentia
2489 2831 2974 2894 perpetraverunt.

2681 2997 2913 3054 CAPUT
2953 2998 3132 3056 CLlil.

2113 3093 2272 3160 Quod
2311 3107 2415 3146 non
2447 3108 2623 3146 omnes
2658 3109 2798 3147 nunc
2846 3111 2964 3148 cum
3011 3097 3399 3152 catechumenis
3435 3099 3579 3153 exire
3617 3114 3700 3154 ec-

2030 3137 2078 3202 C
2672 3165 2836 3202 rlnu'n
2869 3166 3124 3202 ὅςιίιουιην

2672 3165 2836 3220 σίεεξα
2858 3166 2926 3235 ju
2937 3167 3143 3222 bentur.

2180 3255 2244 3312 lli
2270 3271 2486 3314 omnes.
2515 3258 2927 3315 catechumeuis
2957 3260 3388 3330 egredientibus,
3425 3261 3579 3332 prius
3602 3259 3704 3332 eji-

2109 3351 2420 3407 ciebantur.
2463 3347 2621 3405 Nune
2656 3359 2837 3406 autem
2877 3359 3101 3423 propter
3131 3355 3545 3422 persecutiones
3597 3355 3706 3409 ire-

2109 3452 2451 3515 quentesque
2497 3443 2988 3507 circumstantias.
3045 3444 3126 3500 sic
3181 3446 3434 3501 Patr-ibus
3496 3447 3700 3501 bonum

2109 3535 2656 3606 essejudicantibus,
2699 3537 3085 3592 cateclmmcni
3111 3539 3327 3608 quidem
3357 3548 3412 3593 et
3443 3547 3707 3609 apostarm

2109 3640 2165 3686 et
2203 3628 2490 3685 homicidae
2511 3629 2848 3699 ejiciuntur;
2900 3631 3082 3684 caeteri
3119 3643 3252 3684 vero
3295 3630 3572 3699 baptisma
3608 3645 3702 3685 so-

2112 3725 2221 3778 lum
2261 3724 2635 3794 possidentes,
2675 3724 2915 3793 proprio
2946 3731 3094 3777 motu
3127 3723 3483 3779 dimittuntur
3521 3726 3704 3794 ι)ωηί-

2113 3816 2295 3870 ιιιιιιίαι
2329 3815 2578 3885 ipsorum
2610 3830 2642 3869 a
2694 3815 3080 3882 spiritualibus
3115 3815 3374 3871 Patribus
3429 3815 3702 3871 excitatae.

2111 3911 2189 3965 Illi
2213 3924 2346 3979 ergo
2371 3910 2464 3979 qui
2501 3908 2826 3978 ejiciuntur,
2865 3909 3016 3966 circa
3061 3911 3379 3974 narthcees,
3412 3908 3496 3965 vel
3528 3910 3580 3964 in
3607 3925 3705 3965 ca-

2114 4003 2480 4069 techumenis,
2507 4003 2637 4057 dmn
2684 4017 2847 4058 sacra
2883 4002 3145 4076 mysteria
3188 4011 3547 4074 peraguntur,
3573 4017 3704 4058 rou-

2113 4099 2344 4152 sistunt.

2667 4187 2902 4244 CAPUT
2939 4185 3120 4244 CLIV.

2117 4285 2297 4352 Quare
2326 4285 2562 4340 ecclesia:
2583 4283 2841 4338 vestibula
2870 4284 3140 4337 nar-thecas
3169 4283 3276 4354 sive
3317 4281 3491 4352 ferula
3517 4283 3700 4354 appel-

2375 4410 2379 4414 .
2415 4357 2602 4410 lantur
2633 4364 2682 4409 et
2710 4355 3214 4410 cateclmmenorum
3248 4353 3390 4410 loca.

2187 4448 2485 4506 Nartheces
2516 4459 2701 4504 autem
2758 4449 3039 4513 dicuntur,
3071 4447 3187 4504 sive
3222 4448 3549 4518 templorum
3600 4448 3708 4503 ini-

2117 4545 2190 4600 tia
2254 4553 2311 4600 et
2352 4544 2806 4612 catechumcnia;
2860 4544 2976 4600 sive
3043 4541 3564 4598 catechumenorum
3621 4559 3708 4597 se-

2115 4639 2248 4705 des;
2281 4652 2404 4708 quae
2431 4645 2720 4707 propterea
2747 4637 3055 4707 excogitata
3097 4645 3247 4701 sunt,
3325 4647 3388 4690 ut
3454 4637 3543 4691 isti
3605 4651 3706 4705 per

2113 4731 2451 4786 auditionem
2473 4739 2530 4786 et
2563 4731 2740 4786 visum
2773 4729 2952 4786 solum
2991 4729 3174 4785 divina
3231 4729 3584 4799 participem,
3645 4738 3699 4782 et

2113 4841 2209 4894 per
2259 4825 2498 4897 linguam
2548 4835 2601 4879 et
2654 4823 2796 4877 labia
2845 4821 3210 4877 confiteantur
3265 4818 3446 4883 Iidem,
3500 4830 3552 4874 et
3589 4821 3686 4890 pie

2111 4919 2242 4973 tatis
2305 4919 2466 4972 verba
2540 4918 2856 4971 concinaut.
2910 4914 3045 4968 Cum
3081 4911 3336 4967 lidelibus
3381 4917 3563 4966 autem
3603 4927 3702 4966 nec.

2114 5014 2166 5067 in
2206 5014 2462 5076 statione,
2515 5025 2614 5066 nrc
2655 5010 2705 5065 in
2736 5007 2984 5062 oratione
3037 5007 3511 5061 communicant:
3547 5015 3699 5060 extra

2112 5106 2560 5160 communionem
2606 5104 2750 5156 enim
2807 5100 2986 5154 adhuc
3020 5108 3150 5153 sunt
3219 5106 3274 5153 et
3325 5099 3578 5168 separati.
3640 5099 3697 5156 Si

2111 5199 2342 5268 proinde
2392 5197 2540 5266 digni
2605 5209 2712 5249 non
2781 5201 2912 5250 sunt
2958 5201 3018 5247 ut
3077 5193 3310 5263 liturgim
3355 5193 3615 5250 assistant
3645 5203 3700 5247 et

2109 5299 2287 5357 orent,
2327 5288 2501 5342 multo
2561 5287 2743 5342 minus
2801 5287 3080 5342 tremenda
3141 5287 3526 5342 communione
3574 5298 3703 5342 su.t

2112 5382 2282 5452 digni.
2324 5379 2452 5434 Ideo
2495 5387 2657 5434 terrae
2707 5386 2919 5433 tantum
2969 5377 3210 5434 diximus
3259 5395 3482 5437 servare
3519 5388 3700 5451 typum

2071 5481 2174 5529 'ca
2227 5488 2350 5542 quae
2402 5482 2532 5528 sunt
2591 5472 2647 5526 in
2719 5471 2982 5528 narthece
3038 5482 3091 5528 et
3146 5486 3208 5527 ea
3263 5487 3385 5542 que
3445 5471 3700 5526 catechu-

2114 5583 2398 5632 menorum
2466 5573 2627 5630 sunt,
2710 5566 2977 5636 siquidem
3053 5567 3374 5621 animalium
3432 5577 3584 5618 more
3626 5567 3706 5614 vi-

2113 5669 2247 5713 vunt
2299 5659 2480 5713 adhuc
2535 5659 2622 5713 isti
2689 5673 2855 5727 super
2910 5668 3132 5726 terram,
3182 5659 3300 5712 sive
3335 5657 3702 5727 quinondtnn

2116 5756 2183 5808 ad
2219 5752 2383 5806 vitam
2418 5762 2548 5808 sunt
2577 5754 2818 5823 generati
2854 5751 2986 5823 (non
3013 5750 3296 5823 baptizali)
3329 5751 3444 5805 sive
3476 5751 3570 5821 qui
3599 5751 3712 5823 (ιρι

2121 5852 2386 5915 ορθειοιιε
2418 5846 2498 5901 vel
2540 5847 2881 5918 peccatores)
2943 5859 3051 5900 non
3073 5845 3230 5918 juxta
3282 5843 3558 5902 rationem
3590 5841 3707 5900 Deo
