4078 6418
390 303 502 368 359

1181 298 1566 362 SYMEONIS
1604 293 2367 359 THESSALONICENSIS
2409 289 2769 359 ARCHIEP.

3545 296 3653 361 360

395 421 606 474 vivunt.
635 418 696 472 ln
725 427 869 472 terra
895 425 1075 472 autem
1099 425 1230 472 sunt
1253 415 1506 470 inﬁdeles
1538 423 1596 470 et
1619 415 1840 472 exsules
1869 429 1936 484 pa
1955 441 1967 454 ο

2071 416 2162 468 καὶ
2190 415 2284 470 τοῦ
2313 414 2644 484 παραδείσου
2672 405 2960 484 ὲξόριέτοι.
2989 414 3100 468 Καὶ
3137 410 3301 487 μέχρι
3335 415 3436 485 μὲν
3459 415 3649 487 ζῶμεν

398 511 564 566 radisi
598 527 614 578 ;
644 509 878 580 dumque
903 509 1140 566 vivimus
1169 507 1308 563 hanc
1323 506 1741 577 corruptibilem
1775 506 1969 569 vitam,

394 604 559 658 simul
581 617 704 657 eum
749 600 1056 656 inﬁdelibus
1099 610 1154 656 et
1208 597 1679 655 irrationabilibus
1734 597 1794 650 in
1824 608 1972 652 terra

393 696 664 766 degimus,
703 709 798 764 per
841 693 966 748 ﬁdei
1009 693 1294 749 scientiam
1323 691 1395 745 ab
1426 689 1545 744 istis
1569 689 1800 758 separati
1826 707 1840 743 :
1872 703 1973 744 nos

391 791 536 846 enim
563 788 772 845 Christi
807 787 996 844 ﬁdeles
1021 800 1219 842 sumus
1245 785 1298 840 in
1331 783 1578 847 Christo,
1607 783 1768 853 cujus
1803 782 1970 838 etiam

394 883 605 936 ratione
639 879 896 934 vivimus.
929 876 1084 932 Tunc
1141 887 1324 932 autem
1379 875 1626 931 infideles
1681 889 1789 928 una
1845 887 1970 928 cum

393 971 777 1043 peccatoribus
820 983 850 1023 a
881 968 1047 1040 iustis
1073 967 1500 1038 separabantur,
1528 973 1585 1022 et
1607 965 1831 1020 omnino
1846 979 1971 1020 cum

390 1064 733 1119 dverrronibus
771 1059 920 1116 foras
957 1059 1250 1130 ejicientur
1285 1058 1488 1113 :electi
1541 1070 1670 1113 vero
1701 1055 1802 1112 soli
1842 1069 1969 1111 cum

389 1157 611 1212 Christo
633 1165 684 1209 et
721 1152 930 1223 angelis
959 1157 1200 1217 entnt,et
1229 1149 1438 1206 Christi
1465 1147 1854 1206 communione
1885 1148 1970 1204 dl-

389 1250 482 1318 gni
511 1245 920 1318 iudicabuntur.

890 1365 892 1367 ›
975 1331 1209 1392 CAPUT
1241 1331 1402 1389 CLV.

389 1431 568 1499 Quare
590 1432 644 1486 in
674 1428 939 1499 praemiis
975 1444 1191 1497 precum
1223 1439 1391 1485 eastra
1428 1429 1684 1498 templum
1718 1424 1972 1484 euasisti-

463 1519 604 1567 mus,
637 1511 688 1556 et
717 1499 844 1570 quid
877 1508 1020 1553 notet
1049 1500 1186 1568 quod
1227 1516 1320 1553 nos
1353 1502 1551 1570 apertis
1580 1502 1756 1569 portis
1797 1501 1971 1566 ingre-

455 1574 638 1707 ιιίἑιιιιῖ
671 1569 1076 1640 (catechumenis
1101 1578 1148 1624 et
1169 1569 1544 1638 pauitantibus
1569 1578 1724 1626 extra
1748 1584 1970 1622 manen-

464 1643 504 1696 li
547 1657 604 1696 us
637 1679 654 1695 .

464 1754 577 1810 lloc
604 1755 767 1810 etiam
811 1767 957 1810 nunc
983 1751 1373 1824 signiﬁcantes,
1413 1753 1466 1810 in
1511 1751 1834 1824 hymnorum
1865 1768 1968 1809 ex—
2001 1781 2043 1842 Β

388 1843 564 1900 ordiis
617 1844 959 1900 extrinsecus
1001 1852 1240 1911 stamus,
1272 1853 1333 1898 ut
1378 1851 1510 1898 ante
1563 1844 1879 1914 paradisum
1914 1853 1968 1900 et

391 1935 571 2004 ipsum
603 1933 825 2002 emtum,
860 1940 1064 1986 terram
1101 1940 1156 1988 et
1200 1933 1340 1988 hanc
1366 1933 1538 1989 solam
1573 1941 1966 2004 repraesentan-

391 2027 476 2078 tes
512 2031 608 2088 ;et
636 2037 778 2092 sape
812 2022 1092 2078 nobiscum
1134 2031 1266 2077 sunt
1315 2023 1668 2093 pmnitentes,
1715 2023 1831 2080 sive
1875 2025 1966 2094 qui

389 2115 462 2168 ah
485 2113 754 2184 apostasia
776 2114 1027 2169 conversi
1057 2123 1208 2178 sunt,
1231 2114 1346 2170 sive
1379 2116 1473 2186 qui
1497 2117 1566 2171 de
1596 2115 1967 2172 homicidariis

387 2199 650 2274 operibus
676 2205 893 2272 mutati,
955 2205 1068 2262 sive
1101 2206 1197 2276 qui
1231 2209 1298 2261 de
1325 2205 1446 2263 ﬁdei
1476 2208 1686 2264 ratione
1709 2194 1965 2266 catechu-

389 2299 557 2353 meni.
593 2299 806 2368 Aper-tis
844 2303 1027 2354 autem
1050 2299 1242 2369 januis
1270 2308 1392 2365 post
1423 2299 1651 2371 hymnos
1691 2304 1965 2362 extrinse-

387 2405 489 2443 cus
521 2389 720 2454 dictos,
751 2405 852 2445 nos
871 2390 1114 2460 quidem,
1144 2399 1201 2444 ut
1227 2390 1282 2444 in
1311 2391 1628 2460 paradisum
1655 2393 1739 2448 vel
1761 2395 1959 2451 coelum

388 2474 444 2534 in
478 2480 720 2534 divimlm
755 2481 1008 2550 templum
1034 2481 1373 2551 ingredimur
1415 2499 1429 2548 ;
1465 2480 1599 2538 foris
1653 2494 1835 2539 autem
1885 2486 1962 2541 illi

388 2581 611 2626 manent
642 2588 659 2627 :
694 2587 804 2642 quo
837 2573 1180 2642 signiﬁcatur
1217 2572 1373 2629 nohis
1415 2584 1599 2642 aperta
1637 2573 1806 2630 fuisse
1851 2591 1966 2633 ca:-

387 2655 541 2715 lestia
573 2674 781 2731 nosque
816 2661 927 2731 jam
962 2662 1015 2715 in
1077 2661 1278 2717 Sancta
1320 2675 1634 2718 sanctorum
1692 2667 1965 2723 invenisse

389 2753 552 2818 viam,
581 2763 636 2807 et
674 2754 740 2807 ad
782 2753 962 2807 lumen
1011 2754 1331 2820 ascendere,
1391 2754 1697 2825 thronoque
1752 2757 1962 2813 Domini

384 2846 810 2914 propinquantes
835 2844 1178 2902 familiariter
1204 2859 1373 2903 stare.
1400 2846 1480 2902 Ad
1508 2847 1779 2904 orientem
1815 2852 1961 2905 enim

381 2945 439 2989 et
469 2939 533 2991 ad
562 2938 930 2992 sanctuarium
961 2938 1331 3008 procedimus,
1358 2949 1412 2995 et
1474 2948 1736 3012 tanquam
1769 2943 1824 2997 in
1863 2959 1964 2998 nu-

386 3029 565 3097 bibus,
597 3031 650 3084 iu
687 3030 884 3086 divinis
919 3031 1098 3084 verbis
1127 3040 1182 3085 et
1226 3032 1466 3101 hymnis,
1497 3043 1555 3087 ut
1585 3033 1640 3086 in
1694 3049 1823 3091 aera
1876 3051 1962 3090 ra-

2076 505 2178 577 τὴν
2206 505 2573 576 φθειρομένην
2627 505 2988 578 τήνδσζωὴν,
3045 507 3182 577 ὁμοῦ
3216 509 3356 578 μετά
3385 507 3496 562 τῶν
3521 510 3654 564 ἀπί-

2076 613 2220 651 στων
2254 599 2350 650 καὶ
2401 597 2512 651 τῶν
2540 597 2752 667 ἀλόγων
2785 598 2886 669 τὴν
2933 600 3037 668 γῆν
3063 599 3438 675 διατρίϐομεν,
3469 619 3651 672 κεχωο

2076 687 2325 757 ρισμένοι
2352 688 2558 742 τούτων
2587 681 2739 753 ὄντες
2768 692 2837 762 τῇ
2868 690 3063 763 γνώμῃ
3084 706 3100 723 ο
3131 688 3253 746 ὲπεὶ
3283 693 3442 762 ἡμεῖς
3464 693 3653 746 πιστοί⁸

2075 777 2316 848 Χριστοῦ
2371 780 2430 833 ἐν
2477 780 2722 851 Χριστῷ,
2757 784 2851 837 καὶ
2898 782 3089 838 τούτου
3115 781 3320 848 ζῶντες
3360 783 3648 856 τῷλόγῳ·

2072 870 2196 924 τότε
2235 870 2292 924 δὲ
2318 872 2368 924 oi
2392 873 2618 927 ἄπιστοι
2655 873 2776 943 ἅμα
2803 873 2899 930 καὶ
2939 875 3259 947 ἁμαρτωλοὶ
3283 875 3395 931 τῶν
3425 875 3651 932 δικαίων

2071 963 2535 1035 διαιρεθήσονται,
2563 966 2659 1019 καὶ
2687 965 2918 1022 καθόλου
2954 967 3094 1038 μετά
3117 967 3227 1022 τῶν
3249 967 3521 1039 δαιμόνων
3545 967 3652 1032 ἔξω

2073 1055 2418 1125 ριφήσονται.
2454 1056 2711 1112 Ἔσονται
2770 1057 2829 1111 δὲ
2879 1058 3036 1129 μόνοι
3097 1059 3240 1130 μετά
3283 1059 3522 1130 Χριστοῦ
3555 1061 3649 1114 καὶ

2072 1143 2182 1219 τῷν
2221 1147 2474 1215 ἀγγέλων
2503 1149 2554 1200 οἱ
2586 1148 2858 1217 ἐκλεκτοὶ,
2889 1151 2986 1205 καὶ
3020 1152 3118 1223 τῆς
3147 1146 3243 1206 τοῦ
3272 1151 3509 1222 Χριστοῦ
3536 1170 3649 1206 κοι-

2071 1235 2270 1300 νωνίας
2300 1237 2726 1310 ἀξιωθήσονται.

2623 1333 2876 1390 ΚΕΦΔΛ.
2916 1331 3090 1395 PNE'.

2069 1419 2329 1500 Διατίρν
2353 1423 2480 1500 ζῑῖἲς
2502 1429 2839 1500 προοιμίοις
2865 1427 2980 1482 τῶν
3003 1429 3365 1500 προσευχῶν
3391 1431 3506 1500 πρὸ
3531 1431 3649 1486 τῶν

2140 1493 2305 1570 ναῶν
2359 1493 2477 1572 ἔξω
2538 1493 2827 1572 terriﬁcat;
2847 1513 2884 1570 ﬂ
2916 1498 3018 1552 καὶ
3046 1493 3109 1554 τί
3140 1502 3207 1554 τὸ
3233 1493 3642 1572 ἇνοιγᾰμένιυν

2138 1561 2261 1616 τῶν
2287 1563 2501 1617 πυλῶν
2521 1561 2798 1622 εἰσιέναι.

2139 1717 2315 1775 Τοῦτο
2354 1717 2451 1776 οὖν
2494 1724 2591 1779 καὶ
2624 1726 2722 1781 νῦν
2758 1726 3044 1797 δηλοῦντες
3074 1729 3133 1784 ἐν
3178 1735 3294 1796 τοῖς
3335 1712 3644 1804 προοιμίοις

2068 1813 2178 1866 τῶν
2211 1809 2418 1884 ὕμνων,
2453 1817 2724 1888 ίστάμεθα
2753 1815 2958 1885 ἔξωθεν
2985 1818 3063 1886 ὡς
3111 1825 3216 1893 πρὸ
3250 1825 3345 1879 τοῦ
3385 1827 3645 1897 παραδ.ίο

2070 1922 2163 1958 σου
2193 1907 2225 1978 ἢ
2257 1907 2353 1960 καὶ
2413 1907 2578 1964 αὐτοῦ
2629 1908 2723 1966 τοῦ
2754 1914 3008 1984 οὐρανοῦ,
3053 1914 3152 1987 τὴν
3183 1917 3288 1988 γῆν
3330 1919 3426 1971 καὶ
3473 1919 3652 1990 μόνηνι

2067 1998 2384 2063 τυποῦντες.
2423 2005 2532 2057 Καὶ
2577 2005 2674 2058 σὺν
2712 2008 2845 2077 ἡμῖν
2882 2009 3143 2075 πολλάκις
3169 2011 3217 2065 οί
3253 2013 3646 2082 μετανοοῦντές

2067 2093 2227 2155 εἰσιν,
2257 2092 2373 2147 εἴτε
2393 2097 2443 2148 οἱ
2474 2097 2582 2150 ἀπὸ
2608 2098 2712 2169 τῆς
2737 2100 3020 2172 ἀρνήσεως
3051 2105 3503 2177 ἐπιστρέφοντες,
3530 2109 3640 2161 εἴτε

2064 2183 2115 2234 οἱ
2143 2184 2252 2237 ἀπὸ
2280 2185 2386 2238 τῶν
2439 2189 2677 2256 φονικῶν
2705 2189 2905 2260 ἔργων,
2941 2192 3051 2247 εἴτε
3092 2195 3142 2246 οἱ
3189 2195 3280 2248 τὸν
3331 2197 3491 2264 λόγον
3530 2199 3630 2268 τῆς

2066 2274 2304 2335 πίστεως
2331 2279 2752 2350 κατηχούμενοι.
2797 2283 3192 2355 Ἀνοιγομένων
3221 2287 3277 2341 δὲ
3305 2289 3411 2342 τῶν
3453 2291 3637 2344 πυλῶν

2069 2365 2210 2433 μετά
2238 2369 2361 2431 τοὺς
2385 2368 2583 2433 ἔξωθεν
2611 2371 2834 2443 ὕμνους,
2867 2377 3024 2446 ἡμεῖς
3053 2380 3152 2446 μὲν
3175 2381 3539 2454 εἰσερχόμεθα
3564 2387 3639 2447 ὡς

2067 2460 2148 2521 είς
2179 2461 2510 2531 παράδεισον
2543 2464 2574 2535 ἢ
2633 2466 2724 2520 τὸν
2758 2469 2987 2536 οὐρανὸν
3023 2471 3114 2525 τὸν
3157 2474 3298 2526 θεῖον
3329 2479 3477 2542 ναὸν,
3507 2479 3637 2544 ἔξω·

2067 2549 2159 2602 θεν
2206 2552 2264 2604 δὲ
2315 2553 2514 2609 ἐκεῖνοι
2550 2557 2771 2626 μένουσι
2797 2575 2811 2590 ⁸
2841 2562 3132 2633 δηλοῦντος
3187 2567 3281 2620 τοῦ
3329 2568 3519 2640 ἔργου,
3562 2571 3640 2636 ὡς

2066 2643 2200 2714 ἡμῖν
2230 2646 2475 2724 ἀνεὼχθη
2521 2651 2589 2701 τά
2625 2651 2948 2724 ἐπουράνια,
2983 2659 3077 2710 καὶ
3132 2658 3231 2730 τὴν
3259 2657 3338 2724 είς
3371 2661 3440 2715 τὰ
3471 2663 3642 2732 ’Ἅγια

2065 2735 2172 2789 τῶν
2205 2737 2378 2806 ἀγίων
2406 2741 2504 2811 ἤδη
2544 2743 2862 2815 εὑρήκαμεν
2886 2747 3112 2814 εἴσοδον,
3145 2753 3238 2806 καὶ
3271 2753 3638 2825 ἀναϐαίνομεν

2067 2827 2205 2898 πρὸς
2266 2831 2327 2883 τὸ
2373 2832 2510 2900 φῶς,
2571 2836 2666 2888 καὶ
2726 2838 2802 2907 τῷ
2841 2839 3015 2911 θρόνῳ
3063 2843 3272 2914 Κυρίου
3329 2847 3641 2914 ἐγγίζοντες

2067 2917 2462 2991 πλησιάζομεν.
2487 2925 2629 2996 Πρὸς
2651 2926 2727 2979 ἕω
2750 2929 2858 3000 γὰρ
2885 2933 2979 2982 καὶ
3001 2932 3059 2984 τὸ
3082 2933 3234 3002 βῆμα
3267 2941 3636 3008 πορευόμεθα,

2071 3014 2166 3063 καὶ
2192 3013 2552 3084 ἀρπαζόμεθα
2598 3019 2676 3081 ὡς
2724 3023 2780 3074 ἐν
2822 3024 3072 3090 νεφέλαις
3122 3031 3233 3091 τοῖς
3273 3029 3434 3094 θείοις
3461 3032 3638 3100 λόγοις

385 3123 566 3191 pimur
606 3122 658 3175 in
693 3117 876 3190 templi
897 3123 1139 3193 adytum,
1164 3121 1218 3175 in
1241 3138 1528 3184 occursum
1550 3126 1889 3198 Dominiqui,
1910 3129 1964 3182 iu

2071 3105 2163 3155 καὶ
2197 3103 2412 3174 ὕμνοις,
2443 3107 2633 3178 ὥσπερ
2687 3113 2766 3175 είς
2825 3115 2984 3183 ἀέρα,
3035 3117 3124 3169 τὸν
3375 3121 3639 3194 ἐνδοτέρω

383 3215 586 3272 emtum
616 3214 962 3269 ascendendo
994 3230 1091 3270 nos
1116 3215 1265 3284 ipsos
1282 3231 1498 3286 quemne
1518 3218 1773 3284 elevavit,
1791 3235 1963 3290 seque

387 3305 546 3359 nobis
579 3305 720 3358 viam
753 3305 1002 3359 exhibuit
1037 3318 1096 3360 ut
1125 3322 1341 3377 semper
1373 3318 1426 3363 et
1455 3309 1656 3378 ubique
1689 3325 1814 3365 cum
1849 3311 1959 3366 Duo

387 3395 534 3449 mino
569 3409 838 3458 essemus,
878 3396 973 3464 qui
1011 3411 1112 3466 pro
1161 3400 1323 3453 nobis
1351 3399 1657 3456 immolatus
1709 3411 1809 3456 est.
1836 3401 1960 3458 Ideo

384 3497 438 3540 ct
474 3498 643 3556 porta:
673 3489 992 3558 aperiuntur
1023 3497 1079 3545 et
1109 3489 1226 3544 vela
1263 3490 1552 3556 tolluntur,
1611 3503 1671 3546 ut
1709 3508 1833 3562 quas
1870 3496 1960 3549 de-

387 3597 605 3635 sursum
632 3574 905 3636 suntcum
945 3581 1012 3637 iis
1032 3597 1153 3652 quae
1176 3581 1457 3650 deorsum,
1497 3585 1774 3641 uniantur.
1803 3586 1960 3642 Cate-

382 3675 638 3728 t'humeni
667 3683 848 3728 autem
911 3683 966 3728 et
990 3674 1198 3745 aliquot
1259 3677 1445 3731 cmteri
1487 3677 1669 3733 adhuc
1723 3679 1777 3734 in
1811 3689 1958 3734 terra

383 3775 509 3821 sunt
540 3774 593 3819 et
620 3775 766 3821 extra
802 3771 1267 3834 communionem,
1296 3779 1486 3840 utpote
1523 3771 1619 3840 qui
1665 3772 1834 3826 Deum
1863 3788 1956 3828 ne-

382 3868 646 3927 gaverunt
672 3866 768 3911 aut
804 3857 1083 3914 homicidii
1119 3861 1196 3915 rei
1223 3871 1376 3928 sunt,
1431 3870 1486 3915 et
1516 3863 1734 3918 nonnisi
1766 3865 1959 3932 paula-

385 3951 480 4004 tim
516 3950 568 4003 in
621 3951 911 4006 ecclesiam
970 3952 1431 4019 intromittuntur,
1481 3970 1655 4025 neque
1709 3971 1837 4011 vero
1901 3957 1956 4012 iu

381 4040 550 4094 altum
585 4042 912 4111 ascendunt,
955 4042 1066 4098 imo
1093 4053 1149 4098 et
1176 4044 1565 4111 excluduntur,
1603 4046 1706 4100 nisi
1738 4056 1958 4116 propter

381 4143 704 4202 praesentem
736 4134 901 4189 vitam
927 4145 982 4190 et
1027 4134 1376 4204 perfectionis
1401 4150 1555 4205 spem
1585 4137 1958 4192 intromittun-

382 4235 490 4280 tur.
551 4225 655 4292 Qui
679 4241 807 4282 vero
846 4225 1098 4281 initiatus
1139 4241 1248 4280 non
1281 4234 1388 4290 est,
1421 4227 1646 4281 omnino
1698 4229 1956 4297 reproba-

383 4323 492 4376 tus,
522 4313 732 4367 nullam
753 4327 878 4367 cum
909 4313 1128 4368 Christo
1157 4316 1604 4370 communionem
1649 4317 1833 4384 habet,
1896 4329 1956 4373 ut

382 4420 483 4460 nec
513 4405 556 4460 is
580 4403 672 4472 qui
704 4405 1082 4473 pmnitentiam
1108 4419 1218 4460 non
1243 4405 1398 4472 facit,
1429 4418 1527 4461 aut
1560 4408 1613 4462 in
1643 4418 1790 4464 statu
1847 4412 1953 4466 im-

382 4493 718 4563 pmnitentiae
747 4492 1062 4565 defungitur
1125 4503 1182 4548 et
1245 4509 1372 4549 cum
1427 4498 1639 4552 caeteris
1706 4502 1952 4568 reprobis

381 4585 749 4641 damnationis
800 4599 922 4640 reus
959 4585 1037 4638 ﬁt.
1089 4583 1231 4640 Deus
1289 4585 1555 4642 Dominus
1606 4601 1811 4656 autem,
1861 4595 1953 4662 qui

382 4674 534 4728 salus
562 4673 740 4729 bonus
766 4682 820 4728 et
868 4671 1188 4729 misericors
1222 4685 1330 4741 est,
1353 4675 1444 4731 det
1474 4685 1533 4731 ut
1563 4691 1758 4734 omnes
1778 4683 1870 4750 qui
1897 4682 1952 4737 in

385 4765 561 4835 ipsqu
584 4765 834 4830 credunt,
859 4760 1226 4836 baptizatique
1251 4775 1447 4822 suntet
1463 4769 1952 4847 catechizati,eum

385 4855 452 4909 iis
481 4854 571 4923 qui
599 4864 725 4926 post
753 4855 1086 4925 baptismum
1120 4864 1460 4926 peccarunt,
1507 4856 1559 4911 in
1593 4865 1736 4911 statu
1782 4861 1956 4929 posui-

384 4950 568 5002 tcntiae
594 4946 864 5002 decedant
893 4956 1096 5002 etcum
1125 4945 1352 5001 Christo
1389 4947 1811 5017 coniungantur.
1845 4951 1954 5007 Sed

384 5035 535 5105 impii
560 5050 779 5107 qunque
814 5036 880 5090 ad
912 5035 1190 5090 Christum
1245 5044 1635 5092 convertantur
1662 5048 1714 5092 et
1767 5040 1952 5110 gloriae

384 5129 711 5198 partieipcnt
736 5129 852 5198 ejus
910 5129 1003 5198 qui
1062 5129 1186 5182 vita:
1244 5128 1416 5182 honor
1452 5138 1506 5184 et
1540 5131 1790 5202 voluptas
1846 5140 1951 5200 est,

384 5233 478 5288 per
501 5233 660 5286 quem
695 5218 912 5288 nosipsi
936 5233 1059 5273 vere
1087 5233 1276 5274 sumus
1307 5227 1360 5273 et
1411 5235 1508 5290 per
1566 5237 1727 5291 quem
1770 5224 1952 5278 omnis

384 5316 637 5362 creatura
675 5305 814 5384 facta
842 5319 944 5362 est.

381 5403 478 5471 τῆς
511 5401 674 5454 αὐτοῦ
705 5401 860 5472 δόξης
882 5417 897 5432 ο
937 5402 994 5465 ὃς
1039 5405 1134 5455 καὶ
1170 5395 1331 5472 μόνος
1364 5405 1542 5476 τρυφὴ
1574 5407 1669 5462 καὶ
1699 5404 1814 5479 ζωὴ
1852 5408 1946 5462 καὶ
1977 5409 2300 5479 ἀπόλαυσις,
2336 5417 2429 5469 καὶ
2458 5418 2516 5470 τὸ
2545 5419 2712 5483 ὄντως
2756 5421 2818 5475 ὃν
2858 5424 2954 5476 καὶ
2995 5425 3054 5476 τὸ
3082 5395 3224 5479 εἶναι

381 5496 448 5547 δι’
475 5497 532 5550 δν
566 5497 658 5548 καὶ
693 5497 869 5550 πάντα
900 5497 968 5548 τὰ
1001 5496 1127 5549 ὄντα
1158 5497 1380 5566 γέγονε.

451 5589 708 5645 Clericus.
751 5588 1090 5656 Quaesumus,
1124 5591 1360 5656 domine,
1411 5600 1468 5648 ut
1523 5609 1618 5664 per
1674 5593 1955 5650 interven-

381 5688 583 5740 tiunem
615 5696 665 5740 et
689 5701 878 5756 preces
915 5692 1229 5739 sanctorum
1263 5687 1412 5742 salus
1446 5692 1704 5743 oumibus
1735 5690 1948 5742 contin-

379 5789 493 5848 gat.
1030 5789 1038 5798 “

2063 3196 2208 3259 ναὸν,
2235 3197 2369 3268 πρὸς
2397 3199 2701 3272 ὑπάντησιν
2725 3205 2820 3257 τοῦ
2855 3209 3080 3274 Κυρίου,
3108 3211 3168 3274 ὃς
3189 3213 3463 3282 ἀνήγαγεν
3493 3217 3638 3286 ἡμᾶς

2063 3286 2174 3340 ἄνω
2222 3290 2304 3352 εἰς
2353 3291 2466 3345 τὸν,
2496 3295 2728 3364 οὐρανὸν
2772 3298 3004 3365 ἀναϐάς,
3058 3305 3148 3356 καὶ
3168 3305 3478 3376 ιήτοίμασεν
3505 3313 3636 3379 ἡμῖν

2061 3378 2180 3432 ὁδὸν
2211 3381 2426 3449 ἑαυτὸν,
2459 3385 2547 3438 ἵνα
2579 3387 2812 3441 πάντοτε
2847 3391 2945 3443 σὺν
2973 3395 3122 3465 αὐτῷ
3161 3397 3240 3467 τῷ
3270 3399 3459 3470 Κυρίῳ
3503 3404 3637 3455 Zemb-

2063 3471 2227 3540 μεθα,
2261 3473 2704 3548 ίερουργουμένῳ
2737 3481 2874 3553 ὑπὲρ
2907 3485 3084 3554 ἡμῶν.
3115 3487 3207 3540 Διὸ
3248 3491 3334 3543 καὶ
3373 3493 3426 3544 αἱ
3469 3493 3634 3546 πύλαι

2060 3564 2394 3634 ἀνοίγονται,
2441 3573 2533 3625 καὶ
2561 3572 2630 3625 τά
2674 3575 2951 3648 βηλόθυρα
2984 3580 3221 3649 αἴρεται,
3260 3585 3334 3648 ὡς
3366 3587 3473 3639 τῶν
3523 3589 3634 3641 ἄνω

2059 3656 2422 3728 ἀνεωγμένων
2465 3667 2559 3716 καὶ
2594 3667 2707 3729 τοῖς
2735 3670 2828 3721 ἐπὶ
2867 3669 2970 3740 γῆς
3025 3673 3365 3730 ἑνωθέντων.
3397 3678 3636 3733 Ἐκεῖνοι

2057 3748 2114 3800 δὲ
2145 3751 2194 3802 oi
2232 3754 2634 3824 κατηχούμενοι
2667 3760 2760 3812 καὶ
2794 3759 2996 3827 λοιποὶ,
3024 3763 3104 3818 ἔτι
3133 3768 3276 3821 εἰσὶν
3301 3769 3360 3821 ὲν
3384 3773 3448 3840 τῇ
3476 3775 3568 3838 γῇ,
3599 3774 3630 3842 ἦ

2057 3839 2164 3904 ἔξω
2208 3843 2384 3916 πάντη
2437 3848 2909 3917 καταλειφθέντες,
2940 3854 3016 3916 ὡς
3054 3856 3104 3907 oi
3154 3856 3286 3913 Θεὸν
3321 3839 3635 3930 ἀρνησάμεξ

2059 3951 2140 3986 νοι
2173 3936 2267 3987 καὶ
2307 3936 2356 3990 οἱ
2389 3941 2784 4007 πεφονευκότες
2817 3943 2910 3998 τὸν
2936 3945 3183 4016 ἀδελφὸν,
3216 3951 3248 4019 ἦ
3287 3951 3482 4022 μικρὸν
3520 3957 3634 4006 εἰσ-

2057 4023 2301 4088 ελθόντες
2349 4028 2400 4078 οἱ
2456 4033 2860 4102 κατηχούμενοί
2898 4052 2956 4087 τε
3006 4041 3099 4089 καὶ
3127 4039 3179 4090 οἱ
3211 4041 3268 4093 ὲν
3299 4043 3633 4112 πταίσμασιν

2057 4114 2238 4178 ἄλλοις
2263 4133 2276 4147 ⁸
2304 4120 2402 4171 οὐκ
2437 4113 2550 4174 ἄνω
2583 4122 2640 4174 δὲ
2661 4125 3072 4194 ἁναὸαίνοντες,
3108 4129 3246 4184 ἀλλὰ
3276 4134 3368 4185 καὶ
3402 4133 3628 4197 ἐξωθού-

2061 4222 2212 4299 μενοι
2274 4209 2396 4277 μετ’
2426 4210 2627 4281 ὀλίγον.
2662 4215 2820 4268 Ἐπεὶ
2876 4221 2971 4272 καὶ
3030 4221 3091 4273 τὸ
3125 4222 3393 4278 εἰσελθεῖν
3426 4231 3629 4299 μικρὸν

2059 4297 2152 4349 νῦν
2183 4299 2274 4352 διὰ
2307 4302 2404 4370 τὴν
2437 4304 2722 4372 παροῦσαν
2763 4306 2908 4380 ζωὴν
2934 4314 3028 4364 καὶ
3059 4312 3158 4383 τὴν
3192 4316 3382 4370 ἐλπίδα
3413 4319 3508 4389 τῆς
3547 4338 3633 4372 τε-

2060 4389 2350 4456 λεαίηεως.
2389 4395 2448 4448 El
2507 4396 2551 4449 δ’
2598 4398 2846 4469 ἁμύητός
2879 4421 2966 4467 τις
3016 4405 3267 4474 ἀπέλθοι,
3322 4405 3475 4474 οὗτος
3523 4413 3628 4479 ἔξω

1989 4490 2028 4545 ι)
2059 4483 2338 4549 παντελῶς
2366 4485 2542 4554 ἔσται,
2575 4491 2669 4543 καὶ
2700 4492 2794 4544 τοῦ
2829 4495 3032 4565 μέρους
3062 4500 3306 4571 Χριστοῦ
3329 4503 3626 4574 ἀλλότριος,

2055 4574 2134 4637 ὡς
2171 4577 2268 4629 καὶ
2321 4579 2349 4631 ὁ
2387 4579 2462 4651 μὴ
2483 4582 2550 4634 τά
2581 4583 2681 4650 τῆς
2726 4590 3024 4654 μετανοίας
3063 4593 3358 4664 ἐνεργῆσαι
3396 4597 3631 4649 σπουδά-

2060 4682 2181 4733 σας,
2214 4670 2310 4722 καὶ
2342 4671 2465 4740 δίχα
2525 4677 2822 4742 μετανοίας
2869 4681 3143 4747 ἀπελθὼν,
3193 4685 3290 4739 σὺν
3334 4688 3444 4750 τοῖς
3475 4687 3631 4741 ἀλλο-

2055 4759 2228 4826 τρίοις
2261 4759 2416 4814 ἔσται
2448 4767 2798 4836 κατάκριτος.
2839 4769 3000 4826 Ἀλλά
3024 4773 3140 4844 δῴῃ
3171 4757 3397 4847 Κύριος,
3428 4777 3630 4847 ἀγαθὸς

2057 4849 2135 4902 ὢν
2163 4855 2259 4906 καὶ
2287 4853 2450 4922 μόνος
2477 4857 2781 4930 οἰκτίρμων
2815 4864 3229 4937 οἱκτειρηθῆναι
3262 4868 3472 4933 πάντας
3507 4869 3629 4933 τοὺς

2042 4944 2144 5006 εἰς
2186 4945 2348 4999 αὐτὸν
2413 4949 2791 5022 πιστεύοντας,
2828 4957 2921 5008 καὶ
2980 4959 3376 5026 βαπτισθέντας
3421 4965 3630 5026 πάντας

2063 5037 2525 5109 κατηχουμένους,
2577 5045 2675 5096 σὺν
2711 5048 2825 5107 τοῖς
2875 5049 3225 5120 ἡμαρτηκόσι
3271 5053 3411 5122 μετά
3439 5055 3498 5107 τὸ
3538 5055 3631 5122 βά-

2062 5143 2294 5198 πτισμα,
2318 5133 2374 5183 ἐν
2407 5135 2668 5207 μετανοίᾳ
2699 5137 2793 5191 τοῦ
2831 5141 3084 5210 σώματος
3135 5145 3394 5213 ἐξελθεῖν,
3432 5148 3524 5198 καὶ
3554 5145 3632 5215 τῷ

2064 5221 2285 5292 Χριστῷ
2329 5225 2618 5295 ἑνωθῆναι.
2667 5229 2830 5284 Ἀλλά
2867 5234 2960 5284 καὶ
2993 5235 3119 5296 τοὺς
3165 5235 3383 5298 ἀσεϐεῖς
3415 5240 3630 5303 γένοιτο

2063 5315 2200 5384 πρὸς
2235 5315 2397 5370 αὑτὸν
2428 5320 2517 5373 τὸν
2563 5323 2804 5392 Χριστὸν
2845 5325 3305 5396 ἐπιστρέψαντας,
3332 5328 3630 5398 ἀξιωθῆναι

3281 5427 3428 5496 ἡμᾶς
3488 5429 3629 5494 ἐστι,

2131 5600 2451 5664 Κληρικός.
2485 5599 2698 5654 Γένοιτο
2729 5603 2883 5672 ἡμῖν,
2900 5605 3158 5674 δέσποτα,
3185 5608 3301 5672 ταῖς
3326 5608 3432 5665 τῶν
3459 5607 3628 5678 ἁγίων

2059 5690 2247 5759 εὐχαῖς
2282 5694 2314 5760 ἡ
2347 5693 2589 5762 σωτηρία
2621 5698 2735 5760 τοῖς
2768 5698 2952 5752 πᾶσιν.
