4078 6428
307 275 442 385 ἰει

1414 311 1511 370 ne
1554 267 1830 368 SACRIS
1866 304 2547 370 OBDINATIONIBUS.

3496 307 3600 370 369
3623 375 3629 380 _

415 433 781 503 ¹¹Αρχιερεύς.
817 431 924 484 Ναὶ
954 429 1075 492 ταῖς
1111 427 1429 496 πρεσϐείαις
1448 430 1546 496 τῆς
1569 428 1914 498 Θεομήτορος

2100 423 2369 493 Pontifex.
2421 424 2710 479 Faciamus
2747 424 2993 492 profecto
3029 433 3086 479 ut
3123 423 3361 494 Dciparae
3391 433 3444 478 et
3487 441 3598 479 om-

338 530 433 582 καὶ
485 524 702 578 πάντων
763 522 872 575 τῶν
915 520 1163 588 ἀγγέλων
1194 519 1288 571 καὶ
1324 518 1539 570 πάντων
1585 519 1694 571 τῶν
1743 520 1914 586 ἁγίων

337 621 550 688 γένοιτο
598 613 809 675 πάντας
876 611 1115 680 σωθῆναι
1171 608 1297 671 τούς
1355 607 1638 670 εὐσεϐεῖς·
1684 609 1810 671 τοὺς
1860 609 1916 662 δὲ

339 706 556 766 ἀσεϐεῖς
589 703 728 773 πρὸς
757 699 1044 753 εὐσέϐειαν
1079 694 1428 763 ἐπιστρέψαι.
1453 695 1563 746 Καὶ
1591 695 1702 748 τῶν
1736 696 1917 763 ἑτερο-

341 800 510 865 δόξων
557 795 625 848 τὰ
659 791 836 861 πλήθη
886 789 1024 858 πρὸς
1062 787 1122 840 τὸ
1157 784 1439 854 ὀρθόδοξον
1467 784 1664 849 ἐλθεῖν,
1701 785 1913 856 ἀνάγκῃ

337 897 466 959 γάρ,
501 886 594 941 καὶ
633 885 858 952 ἀγάπης
891 881 1053 949 ἔργον
1080 876 1238 942 Θεοῦ,
1281 877 1342 930 τὸ
1393 876 1530 948 ὑπὲρ
1573 877 1790 929 πάντων
1824 875 1916 930 εὐ-

339 983 550 1052 χεσθαι.

309 1094 331 1152 ὲ
410 1070 728 1138 Κληρικός.
765 1065 896 1119 Ἰδοὺ
933 1063 1026 1117 καὶ
1073 1059 1142 1115 τά
1181 1059 1308 1152 περὶ
1340 1059 1433 1112 τοῦ
1465 1058 1627 1152 ,θείου
1664 1059 1910 1130 ἔγνωμεν

337 1165 487 1228 ναοῦ,
521 1166 617 1218 καὶ
651 1165 747 1215 σὺν
788 1157 939 1228 αὐτῷ
971 1154 1100 1225 περὶ
1131 1151 1404 1206 πλείστων
1442 1150 1644 1204 ἄλλων.
1686 1153 1910 1216 Λοιπὸν,

339 1259 460 1322 ἅγιε
493 1256 753 1315 δέσποτα,
801 1250 894 1305 καὶ
923 1249 990 1302 τά
1043 1247 1170 1315 περὶ
1210 1244 1320 1297 τῶν
1370 1242 1533 1312 ἱερῶν
1566 1245 1912 1314 χειροτονιῶν

338 1351 469 1417 ἡμῖν
495 1346 758 1419 δήλωσον.

2028 515 2181 568 nium
2216 515 2534 583 angelorum
2569 525 2996 584 sanctorumque
3027 516 3280 584 precibus
3315 531 3505 571 omnes
3532 517 3601 585 pii

2029 605 2339 669 salventur,
2388 605 2536 675 impii
2596 614 2779 660 autem
2835 608 2902 659 ad
2963 606 3120 659 [idem
3193 615 3601 668 convertantur,

2027 709 2090 749 ac
2122 696 2277 750 turba
2311 693 2605 749 inﬁdelium
2639 699 2702 748 ad
2748 694 2906 749 fidem
2938 695 3221 749 accedant.
3249 694 3352 749 Pro
3389 697 3600 750 cunctis

2023 787 2167 841 enim
2195 801 2388 856 preces
2438 785 2672 843 faciendi
2735 788 3033 842 necessitas
3101 787 3358 842 cbaritati
3406 787 3600 842 dirime

2024 876 2274 934 inbuet.

2097 1061 2350 1117 Clericus.
2412 1061 2490 1114 En
2525 1076 2551 1114 a
2599 1071 2650 1117 te
2687 1061 2862 1116 edocti
2893 1076 3085 1116 sumus
3114 1077 3234 1132 quae
3265 1061 3332 1116 ad
3359 1061 3602 1116 divinum

2026 1155 2284 1223 templum
2321 1156 2613 1232 pertinent,
2666 1164 2876 1210 etcum
2917 1156 3033 1226 ejus
3089 1155 3398 1225 cognitione
3435 1155 3602 1209 multa

2025 1247 2132 1300 alia
2163 1248 2433 1304 novimus.
2473 1247 2767 1315 Caeterum,
2839 1259 3030 1303 sancte
3081 1249 3323 1310 domine,
3394 1249 3601 1317 explica

1941 1366 1944 1370 -
2025 1354 2246 1409 quoque
2277 1339 2435 1395 nobis
2463 1356 2582 1408 qua:
2606 1356 2790 1396 sacras
2821 1341 3198 1398 ordinationes
3223 1350 3495 1398 snectant.

1051 1511 1312 1602 ΠΕΡΙ
1387 1518 1615 1604 ΤΩΝ
1685 1514 2010 1602 ΙΕΡΩΝ
2095 1511 2882 1598 ΧΕΙΡΟΤΟΝΙΩΝ.

1340 1726 1455 1786 DE
1501 1727 1800 1792 SACRIS
1847 1726 2604 1791 0RDINAT10N1BUS.

406 1900 770 1970 Ἀρχιερεύς.
801 1898 975 1953 Τοῦτο
998 1899 1062 1969 δὴ
1091 1901 1188 1955 καὶ
1220 1903 1456 1969 ποιήσω,
1483 1901 1607 1952 ἐπεὶ
1636 1901 1731 1953 καὶ
1749 1902 1916 1966 ἀναγ-

336 1997 492 2046 καῖον
515 1997 629 2056 τοῖς
663 1991 988 2064 ἱερωμένοις
1015 1995 1151 2063 ἡμῖν
1206 1994 1274 2047 τὰ
1330 1995 1459 2062 περὶ
1517 1993 1625 2046 τῶν
1692 1994 1747 2045 ὲν
1780 1993 1916 2061 ἡμῖν

341 2086 500 2139 θείων
526 2085 760 2139 τελετῶν
824 2086 950 2148 τοὺς
994 2085 1188 2152 λόγους
1237 2085 1460 2148 εἰδέναι,
1491 2087 1567 2149 ὡς
1615 2085 1681 2142 ἂν
1717 2085 1916 2153 μᾶλλον

2103 1893 2374 1963 Prntifex.
2445 1889 2559 1947 Hoc
2623 1900 2770 1947 certe
2831 1889 3047 1958 faciam,
3111 1907 3236 1949 cum
3295 1895 3452 1952 nobis
3506 1897 3598 1966 qui

2017 1990 2322 2044 consecrati
2387 2003 2582 2044 smnus
2639 1987 2785 2042 scire
2867 1989 3242 2044 necessarium
3308 1989 3379 2045 sit
3429 1991 3600 2044 ratio-

2017 2097 2141 2135 nem
2185 2081 2496 2136 divinorum
2557 2079 2950 2148 mysteriorum
3014 2095 3247 2150 quorum
3301 2082 3600 2151 participes

338 2177 701 2246 γινώσκοντες
740 2176 868 2230 οἴων
932 2177 1356 2248 κατηξιώθημεν
1411 2175 1775 2246 δωρημάτων,
1823 2177 1914 2230 εὐ-

2019 2188 2234 2236 sumus,
2265 2183 2322 2228 ut
2350 2187 2460 2242 quo
2487 2173 2660 2243 magis
2689 2171 3075 2242 cOgnoscimus
3105 2172 3306 2242 quibus
3351 2173 3512 2228 donis
3545 2189 3598 2228 et

339 2269 620 2340 γνώμονες
645 2268 824 2322 δοῦλοι
870 2271 998 2338 περὶ
1047 2270 1138 2322 τὸν
1197 2268 1495 2338 εὐεργέτην
1527 2269 1910 2338 τυγχάνωμεν,

337 2362 433 2415 καὶ
457 2361 549 2412 τοῦ
586 2361 732 2414 θείου
764 2361 927 2429 ἔργου
956 2360 1122 2414 αὐτοῦ
1142 2361 1238 2431 ὅση
1271 2359 1501 2428 δύναμις
1521 2358 1915 2430 ἐπιμελώμεθα

342 2451 480 2521 μετὰ
503 2450 694 2519 φόϐου,
735 2450 824 2502 ἵνα
877 2451 1094 2502 καὶτὸν
1128 2449 1326 2519 μισθὸν
1385 2449 1789 2504 πολλαπλάσιον
1821 2449 1914 2502 eii-

341 2559 547 2612 ρωμεν,
584 2541 704 2594 ἀντὶ
770 2540 969 2610 μικροῦ
1005 2558 1152 2601 τινος
1198 2540 1412 2609 άγῶνος
1468 2543 1564 2594 καὶ
1610 2541 1776 2594 πόνου
1816 2541 1913 2609 τὴν

341 2632 480 2701 ὑπὲρ
534 2631 692 2699 λόγον
745 2630 1006 2694 λαϐόντες
1054 2631 1428 2700 ἀντιμισθίαν,
1476 2632 1574 2685 καὶ
1627 2633 1911 2702 τοιαύτην,

337 2720 455 2771 οἵαν
478 2717 629 2787 παρὰ
659 2717 798 2770 Θεοῦ
833 2717 1144 2788 ἄνθρωπος,
1175 2719 1202 2770 6
1238 2719 1337 2788 μὲν
1367 2718 1428 2772 τὸ
1481 2723 1625 2772 κατὰ
1676 2717 1911 2789 δύναμιν

335 2808 582 2871 δεδωκὼς
609 2807 686 2870 ὡς
725 2807 932 2878 κτίσμα
989 2808 1084 2862 καὶ
1128 2808 1446 2876 κτισμάτων
1488 2809 1655 2877 μέρος
1709 2807 1910 2877 βραχὺ,

335 2901 365 2953 6
393 2898 450 2953 δὲ
484 2899 558 2963 ὡς
589 2901 747 2969 μόνος
793 2897 926 2961 Θεὸς
963 2901 1055 2950 καὶ
1089 2898 1315 2971 κτίστης
1348 2900 1441 2951 καὶ
1478 2899 1655 2953 πάντα
1681 2900 1915 2969 δυνάμε-

337 3008 452 3055 νος,
483 2991 676 3062 καὶμὴ
721 2992 1058 3056 τούναντίον,
1092 2991 1121 3045 6
1167 2990 1440 3062 μηδαμῶς
1491 2991 1628 3055 ὅλως
1680 2993 1911 3060 γένοιτο,

339 3087 665 3156 κατάκρισις
711 3087 860 3141 ἔλθοι
913 3089 1042 3152 τινι,
1075 3089 1152 3150 ώς
1197 3089 1272 3159 μὴ
1323 3087 1384 3140 τὸ
1415 3087 1680 3142 τάλαντον
1732 3088 1915 3150 καλῶς

339 3179 838 3251 ὲμπορευσαμένῳ,
870 3179 904 3252 ἢ
935 3182 1036 3252 τὴν
1072 3181 1228 3234 θείαν
1265 3182 1404 3252 μνᾶν
1435 3181 1656 3251 ἐκείνην
1689 3182 1765 3244 ώς
1812 3198 1918 3236 κα-

339 3272 734 3343 ταχώσαντι,ἦ
777 3274 920 3326 κατά
967 3289 1020 3324 τι
1053 3273 1535 3342 παραχαράξαντι.
1599 3273 1740 3325 Ἀλλ’
1783 3275 1916 3344 ἡμῖν

340 3363 502 3426 ἵλεως
532 3365 614 3434 εἴη
643 3363 800 3426 Θεὸς,
831 3365 860 3414 6
893 3364 989 3417 τοῦ
1020 3365 1157 3416 Θεοῦ
1217 3363 1330 3428 ζῶν
1380 3365 1532 3429 Υἱὸς,
1589 3368 1616 3418 6
1652 3365 1778 3428 Υἱὸς
1823 3367 1916 3419 άν-

342 3453 562 3524 θρώπου
584 3454 849 3522 γεγονὼς,
883 3455 979 3508 καὶ
1039 3456 1215 3524 μέγας
1269 3455 1429 3524 μόνος
1483 3457 1776 3527 ἀρχιερεὺς
1810 3457 1918 3528 Ἰη-

2019 2264 2210 2334 gratiis
2232 2264 2439 2335 dignati
2471 2278 2686 2327 sumus,
2706 2276 2772 2317 eo
2796 2261 3464 2334 tequiot’emetgratiorem
3487 2281 3603 2320 ser-

2018 2354 2246 2410 vitutem
2318 2355 2652 2410 benefactori
2702 2364 2892 2410 nostro
2951 2355 3340 2423 exlribeamus,
3398 2367 3455 2411 et
3503 2373 3602 2426 pro

2019 2446 2226 2501 viribus
2256 2445 2443 2502 divino
2471 2447 2624 2516 operi
2664 2448 2873 2517 agendo
2928 2462 3052 2502 cum
3107 2450 3301 2506 timore
3351 2450 3602 2506 studiose

2019 2537 2426 2592 incumbamus.
2455 2541 2572 2604 Qua
2603 2539 2816 2593 ratione
2861 2539 3220 2609 multiplicem
3287 2544 3597 2596 mercedem

2019 2644 2119 2701 pro
2151 2630 2369 2685 modico
2401 2630 2702 2685 certamine
2729 2640 2782 2686 et
2814 2631 3001 2685 labore
3049 2645 3474 2702 consequemur,
3503 2651 3599 2690 re-

2018 2721 2457 2777 munerationem
2490 2720 2829 2790 accipientes
2862 2723 3054 2776 merita
3103 2732 3288 2780 nostra
3325 2726 3601 2781 exceden-

2021 2810 2439 2882 tem,talemque
2471 2811 2686 2881 qualem
2718 2827 2748 2866 a
2782 2810 2891 2866 Deo
2923 2812 3198 2867 hominem
3229 2814 3479 2884 accipere
3503 2831 3602 2886 par

2018 2909 2124 2968 est,
2153 2902 2242 2957 hic
2273 2903 2575 2958 secundum
2601 2902 2746 2958 vires
2795 2903 3067 2970 tribuens,
3127 2914 3183 2960 et
3242 2905 3390 2960 velut
3447 2921 3602 2961 crea-

2021 3003 2141 3048 tura
2195 3004 2250 3049 et
2302 3003 2680 3050 creaturarum
2714 2995 2910 3064 pusilla
2945 2997 3180 3065 portio;.
3217 2997 3307 3051 ille
3335 3005 3394 3051 ut
3449 3000 3602 3054 solus

2019 3093 2238 3140 creator
2262 3093 2316 3140 et
2345 3087 2714 3154 omnipotens.
2750 3085 2952 3140 Contra
2989 3094 3170 3140 autem
3234 3087 3383 3142 nullo
3443 3089 3603 3142 modo

2021 3178 2152 3231 tiat:
2189 3179 2575 3234 condemnatio
2630 3193 2729 3248 pro
2764 3178 3017 3234 mercede
3045 3179 3096 3232 ei
3124 3180 3476 3246 retribuatur,
3510 3182 3603 3250 qui

2021 3273 2091 3327 de
2122 3272 2326 3326 talento
2350 3271 2456 3327 sibi
2483 3271 2692 3326 credito
2722 3279 2869 3326 recte
2901 3286 3008 3325 non
3076 3270 3238 3327 fuerit
3269 3273 3602 3342 negotiatus.

2023 3365 2114 3417 vel
2139 3363 2383 3417 divinam
2419 3363 2569 3416 illam
2597 3378 2781 3416 mnam
2815 3364 2872 3417 in
2908 3371 3114 3417 terram
3179 3363 3474 3428 defoderit,
3508 3376 3606 3418 aut

2019 3455 2204 3523 aliquo
2238 3455 2400 3509 modo
2441 3454 2850 3508 adulteraverit.
2881 3453 2987 3509 Sed
3019 3456 3284 3525 propitius
3323 3457 3395 3512 sit
3447 3457 3606 3513 nobis

340 3547 488 3612 σοῦς,
526 3549 553 3600 6
581 3547 777 3617 Σωτὴρ
814 3546 908 3601 τοῦ
934 3547 1166 3617 κόσμου,
1200 3547 1228 3599 6
1267 3548 1528 3620 Χριστὸς,
1558 3551 1584 3601 6
1624 3549 1910 3618 ἀμίαντος,

2021 3547 2187 3613 Deus,
2226 3547 2319 3601 Dei
2351 3547 2458 3602 vivi
2497 3546 2698 3610 Filius,
2731 3554 2786 3602 et
2821 3547 2972 3602 solus
3009 3561 3238 3617 magnus
3289 3554 3615 3621 episcopus,

336 3640 367 3693 6
394 3639 540 3702 ὅσιός
568 3656 628 3692 τε
650 3639 746 3693 καὶ
781 3639 1010 3704 ἄκακος,
1039 3643 1066 3692 6
1097 3639 1457 3710 είρηνάρχης,
1482 3642 1510 3694 6
1543 3642 1907 3710 εἰρηνοπσιδς,

336 3733 366 3787 6
395 3735 570 3804 πρᾶος
605 3732 703 3803 τὴν
732 3732 959 3803 καρδίαν
988 3734 1082 3786 καὶ
1119 3733 1396 3800 ταπεινὸς,
1429 3737 1456 3788 6
1509 3736 1716 3806 ποιμὴν
1758 3738 1784 3788 6
1814 3753 1912 3790 κα·-

335 3822 448 3890 λὸς,
481 3824 578 3877 καὶ
621 3825 789 3887 τιθεὶς
835 3824 936 3894 τὴν
990 3824 1168 3894 ψυχὴν
1214 3825 1358 3896 ὑπὲρ
1401 3826 1510 3879 τῶν
1578 3828 1908 3898 προϐάτων·

337 3919 434 3973 καὶ
454 3916 565 3988 δῴη
588 3919 875 3986 ἀγαπῆσαι
902 3917 1066 3970 αὐτὸν
1091 3918 1313 3981 ὁλικῶς,
1347 3921 1444 3972 καὶ
1468 3920 1543 3984 ὡς
1577 3921 1732 3990 φίλον
1761 3921 1911 3992 αὐτῴ

337 4004 400 4057 ἐν
430 4004 598 4074 αὐτῷ,
639 4001 809 4058 αὐτοῦ
849 4007 1113 4075 ποιμάναι
1145 4007 1207 4058 τὸ
1268 4010 1545 4076 ποίμνιον,
1581 4011 1673 4062 καὶ
1706 4011 1772 4063 τὰ
1812 4013 1912 4078 τῆς

339 4095 490 4158 θείας
532 4097 835 4167 ἱερωσύνης
875 4099 1044 4151 αὐτοῦ
1079 4095 1152 4162 ὡς
1201 4101 1466 4171 βουλητὸν
1500 4101 1648 4172 αὐτῷ
1680 4101 1914 4156 ἕκαστον

337 4186 496 4257 ἡμῶν
528 4189 669 4240 κατὰ
698 4189 788 4240 τὸν
817 4190 1181 4244 ἐπιϐάλλοντα
1211 4190 1422 4262 βαθμὸν
1448 4192 1726 4246 ἐκτελέσαι
1755 4193 1916 4264 138

337 4295 400 4332 τε
439 4283 533 4333 καὶ
570 4281 880 4351 πληρῶσαι,
923 4285 1012 4335 καὶ
1049 4284 1317 4353 ἐνωθῆναι
1343 4285 1513 4355 αὐτῷ,
1548 4275 1918 4357 εὐηρεστηκόξ

336 4385 437 4432 τας
463 4371 632 4440 αὐτῷ,
681 4371 778 4424 καὶ
809 4374 907 4427 σὺν
951 4377 1018 4445 τῇ
1052 4374 1171 4445 θείᾳ
1208 4376 1411 4448 ποίμνῃ
1445 4376 1610 4429 αὐτοῦ
1645 4377 1703 4428 ἐν
1769 4377 1914 4444 αὐτῷ

339 4463 434 4515 καὶ
467 4463 611 4531 ἡμᾶς
643 4465 903 4536 σωθῆναι.
947 4467 1205 4536 Ἀρκτέον
1242 4467 1297 4520 δὲ
1331 4468 1431 4538 ἤδη
1475 4469 1603 4538 περὶ
1657 4465 1752 4520 τοῦ
1785 4485 1916 4537 προ-

339 4557 609 4626 κειμένου.

924 4753 1174 4810 ΚΕΦΑΛ.
1218 4745 1402 4825 Ρδςῖί.

341 4866 469 4920 Ὀτι
499 4869 608 4921 δύο
642 4869 1003 4937 χειροτονίαι
1031 4869 1152 4933 ἔξω
1178 4869 1281 4922 τοῦ
1319 4873 1619 4938 βήματος,
1651 4873 1917 4940 ἀνίη-ιώ·

409 4955 561 4992 στου
592 4943 688 4991 καὶ
727 4943 1160 4994 ὑποδιακόνοδν
1221 4941 1376 5005 τρεῖς
1429 4941 1494 4991 δὲ
1551 4943 1620 4993 ἐν
1678 4943 1754 5005 τῷ
1793 4946 1914 5006 ,6ιῇ-

405 5026 546 5075 {tan
567 5052 580 5075 ,
639 5009 946 5072 διακόνου,
981 5009 1392 5076 πρεσϐυτέρου
1424 5011 1521 5063 καὶ
1554 5012 1914 5067 ἐπισκόπου.

416 5102 520 5152 Δύο
554 5102 654 5169 μὲν
693 5097 786 5154 οὖν
824 5101 929 5152 εἰσι
985 5101 1316 5170 χειροθεσίαι
1361 5100 1466 5165 ἔξω
1522 5102 1616 5154 τοῦ
1650 5103 1916 5172 βήματος,

343 5191 375 5256 ἡ
408 5189 504 5243 τοῦ
563 5189 915 5257 ἀναγνώστου
968 5191 1062 5242 καὶ
1120 5191 1494 5246 ὑποδιακόνου.
1547 5195 1664 5245 Εἰσὶ
1703 5195 1757 5246 δὲ
1824 5199 1918 5246 καὶ

342 5281 526 5346 ἄλλαι,
557 5281 834 5350 ὀφφικίων
869 5283 1094 5353 δηλαδὴ,
1125 5285 1218 5336 καὶ
1246 5285 1278 5352 ἡ
1308 5285 1400 5336 τοῦ
1438 5287 1734 5339 δεποτάτου
1759 5287 1790 5356 ἦ
1815 5307 1916 5356 κη-

344 5372 577 5442 ροφόρου
603 5376 782 5426 είπεῖν
821 5377 924 5443 προ
954 5379 1062 5428 τῶν
1084 5379 1448 5444 άναγνωοτῶν
1481 5382 1767 5450 γινομένη,
1796 5383 1917 5451 ἣτις

341 5468 440 5518 οὐκ
475 5463 571 5518 οἷδ’
607 5467 754 5530 ὅπως
785 5469 884 5520 οὐκ
918 5470 1261 5539 ἐνεργεῖται·
1295 5471 1486 5541 ὥσπερ
1532 5471 1586 5525 δὲ
1617 5474 1709 5526 νῦν
1744 5475 1914 5539 ἐξέλι-

345 5573 467 5608 πεν.
513 5556 600 5610 Ἐν
625 5557 679 5609 δὲ
721 5561 784 5626 τῇ
819 5559 926 5610 τῶν
982 5560 1420 5614 Θεσσαλονικέων
1465 5563 1770 5635 Ἐκκλησία
1823 5568 1918 5620 καὶ

343 5647 448 5711 πρὸ
471 5648 652 5714 ὀλίγου
691 5647 832 5714 αὐτη
860 5644 951 5719 ἦν,
982 5653 1208 5714 καίταῖς
1239 5653 1496 5724 ἀρχαίαις
1533 5655 1916 5712 ὐποτυπώσεσι

347 5737 670 5808 γέγραπται.
717 5737 1016 5808 Ἐξαίρετοι
1049 5741 1105 5793 δὲ
1139 5746 1468 5812 χειροτονίαι
1501 5745 1649 5809 ἐντὸς
1695 5746 1787 5798 τοῦ
1821 5747 1915 5817 βῆ-

551 5839 818 5898 ΡΑΤιιυιη
860 5840 975 5898 litt,
1013 5842 1191 5903 CLV.

2023 3639 2274 3695 Salvator
2309 3638 2521 3706 mundi,
2562 3639 2658 3709 qui
2690 3639 2942 3695 Christus
2963 3647 3071 3704 est,
3110 3656 3302 3710 purus,
3355 3652 3604 3709 sanctus,

2022 3732 2231 3800 peccati
2264 3746 2483 3802 expers,
2543 3733 2800 3802 princeps
2837 3732 3007 3802 pacis.
3050 3735 3310 3803 pacisque
3353 3736 3607 3790 concilia-

2023 3833 2128 3889 tor,
2158 3825 2321 3879 corde
2354 3825 2500 3878 mitis
2533 3832 2588 3879 et
2620 3824 2864 3890 humilis,
2899 3824 2991 3894 qui
3035 3825 3213 3880 bonus
3249 3835 3334 3881 est
3387 3837 3601 3896 pastor,

2024 3918 2261 3970 animam
2305 3932 2516 3986 ponens
2561 3931 2660 3985 pro
2712 3916 2907 3973 avibus
2945 3917 3083 3982 suis,
3119 3918 3392 3988 donetque
3447 3921 3606 3975 nobis

2023 4008 2201 4076 ipsum
2228 4023 2413 4064 amare
2445 4017 2557 4064 toto
2591 4008 2798 4074 animo,
2860 4019 3025 4079 atque
3077 4019 3138 4064 ut
3184 4011 3285 4080 ipsi
3342 4013 3602 4081 placitum

2024 4111 2106 4152 est
2139 4116 2232 4169 per
2259 4102 2433 4169 ipsum
2462 4101 2635 4171 ipsius
2670 4102 2810 4157 ovile
2865 4117 3112 4172 pascere,
3145 4111 3198 4158 et
3239 4119 3396 4160 sacra
3429 4105 3602 4161 divini

2023 4191 2144 4260 ejus
2171 4193 2457 4246 sacerdotii
2494 4209 2720 4247 munera
2755 4210 3201 4266 unumquemque
3239 4205 3486 4252 nostrum
3519 4215 3606 4254 sc-

2023 4281 2267 4335 cundum
2307 4284 2537 4352 gradum
2598 4283 2701 4352 ipsi
2761 4285 3103 4354 impositum,
3156 4287 3275 4356 ejus
3337 4289 3604 4343 voluntati

2025 4377 2390 4444 obsequentes
2440 4378 2702 4446 perlicere
2727 4387 2784 4434 et
2827 4379 3148 4450 adimplere,
3209 4388 3266 4434 ut
3317 4397 3442 4436 eum
3500 4383 3604 4451 ipsi

2027 4467 2415 4535 plaeuerimus,
2444 4472 2492 4524 ei
2543 4471 2760 4524 tandem
2824 4473 3100 4537 uniamur,
3155 4482 3210 4528 et
3264 4490 3358 4544 per
3421 4476 3602 4545 ipsum

2024 4574 2150 4612 cum
2179 4561 2368 4614 divino
2396 4561 2513 4631 eius
2540 4579 2703 4634 grege
2736 4580 2839 4619 nos
2862 4581 3081 4636 quoque
3112 4568 3411 4622 salvemur.
3446 4567 3602 4622 Nunc

2026 4652 2265 4705 materia:
2302 4657 2594 4723 proposita:
2624 4657 2932 4711 inchoanda
2976 4661 3252 4713 tractatio.

2601 4769 2831 4825 CAPUT
2873 4771 3050 4825 CLVI.

1977 4924 1998 4957 ἱ
2031 4876 2178 4957 Du‘as
2216 4881 2943 4957 Ordinationescxtrabema
2985 4886 3092 4957 sive
3118 4888 3422 4940 sacrarium
3463 4890 3604 4957 ﬁeri,

2101 4947 2319 5024 lectoris
2371 4961 2417 5002 et
2474 4952 2789 5024 subdiacoui
2823 4969 2840 5004 :
2888 4956 2944 5006 in
2987 4955 3189 5008 bemate
3243 4967 3414 5010 autem
3463 4947 3603 5024 ἰο-εδ,

2097 5020 2333 5084 diae-aui,
2363 5021 2652 5089 presbyteri
2686 5033 2842 5089 atque
2879 5024 3132 5091 episcopi.

2102 5112 2224 5165 Duo:
2259 5124 2387 5166 sunt
2415 5111 2582 5180 igitur
2608 5123 2757 5166 extra
2792 5117 3171 5170 sanctuarinm
3206 5132 3464 5171 manuum
3499 5119 3604 5171 im-

2030 5203 2353 5272 positiones.
2386 5204 2605 5257 lectoris
2640 5213 2694 5258 et
2729 5205 3116 5275 hypodiaeoni.
3168 5207 3309 5263 Sunt
3353 5221 3406 5264 et
3463 5215 3604 5275 alim,

2025 5295 2328 5348 ciliciorum
2363 5293 2633 5358 videlicet,
2663 5306 2715 5349 et
2743 5297 3012 5367 deputati,
3045 5300 3180 5369 sive,
3211 5311 3268 5355 ut
3297 5303 3368 5358 ita
3401 5304 3604 5364 dicam,

2025 5382 2314 5445 eereoferi,
2345 5399 2466 5452 quae
2506 5393 2632 5438 ante
2667 5387 2926 5443 lectorem
2964 5392 3296 5450 celebratur.
3348 5397 3457 5450 lsta
3507 5413 3604 5448 ne-

1972 5545 1976 5549 '
2023 5473 2139 5527 scio
2167 5488 2272 5542 qua
2308 5473 2516 5529 ratione
2548 5491 2657 5530 non
2689 5479 2745 5530 tit
2773 5482 3023 5550 amplius,
3046 5492 3100 5538 et
3134 5501 3280 5538 nunc
3308 5487 3469 5539 velut:
3502 5488 3602 5539 dc-

2025 5567 2156 5618 licit.
2199 5564 2423 5633 Vigebat
2453 5580 2634 5623 autem
2666 5579 2792 5626 ante
2823 5588 3055 5642 paucnm
3101 5587 3312 5645 tempus
3351 5577 3402 5631 in
3433 5575 3605 5630 Thcs-

2021 5659 2175 5712 sa‘iae
2217 5656 2484 5726 Ecclesia,
2520 5671 2574 5716 et
2601 5663 2653 5716 in
2682 5666 2925 5736 antiquis
2973 5667 3308 5723 formulariis
3335 5669 3604 5723 describi-

2022 5758 2130 5803 tur.
2174 5745 2572 5810 Ot'dinntiones
2608 5770 2788 5812 autem
2831 5759 3042 5814 eximire
3072 5769 3126 5814 et
3181 5760 3397 5830 proprie
3435 5761 3599 5817 dictae

3134 5859 3202 5920 l2
