4078 6412
449 326 550 387 383

1271 311 1654 374 SYMEONIS
1697 304 2470 369 TIIESSALONJCENSiS
2513 298 2874 359 ARCIIIEP.

3595 288 3699 350 36$

449 452 568 508 quse
593 436 735 488 intra
764 432 1142 487 sanctuarium
1176 429 1313 482 fiunt
1347 436 1399 480 et
1427 428 1481 479 in
1514 427 1630 494 ipsa
1664 423 2016 476 sanctissima
2052 474 2054 482 ,

2141 436 2332 487 ματα,
2368 418 2460 470 καὶ
2487 417 2544 469 ἐν
2569 417 2636 484 τῇ
2699 411 2970 483 ἱερωτάτη
3006 407 3253 478 τραπέζῃ
3290 407 3368 469 είς
3403 405 3572 458 τύπον
3603 408 3702 476 τῆς

450 540 663 585 mensa,
717 533 830 574 tres
899 529 1029 575 sunt
1089 521 1144 574 iu
1172 517 1464 573 Trinitatis
1490 515 1902 570 similitudinem
1957 514 2030 584 de

447 613 644 684 quibus
671 612 912 679 loquitur
970 618 1198 666 sanctus
1236 609 1560 675 Dionysius,
1592 604 1839 667 diaconi,
1901 618 2023 672 prc-

452 705 659 775 s'nyteri
689 714 743 758 et
779 702 1043 772 episc0pi.
1092 702 1257 756 Istam
1293 700 1512 769 qu?dam
1539 705 1696 751 vocat
1748 695 2023 750 ministra-

447 802 682 861 tionem,
716 784 966 851 velut'ad
1005 794 1312 848 ministrum
1367 791 1751 860 pertinentem,
1786 796 1840 840 et
1887 786 2021 838 dua-

448 893 550 945 bus
580 892 700 944 aliis
739 887 1174 944 subordinatam.
1209 883 1353 938 Nihil
1410 884 1554 936 enim
1607 881 1856 934 minister
1907 880 2024 933 s’ve

448 983 719 1038 diaconus
749 983 869 1035 sine
903 979 1160 1048 epi3copo
1183 976 1264 1030 vel
1300 974 1619 1044 presbytero
1670 967 1822 1024 facit.
1873 969 2024 1026 lianc

450 1083 630 1128 autem
661 1071 1036 1142 perfectivam,
1093 1083 1212 1135 qua:
1265 1067 1475 1121 scilicet
1522 1065 1587 1116 ad
1643 1063 2021 1133 presbyterum

451 1173 684 1237 spectat,
745 1179 971 1234 qumque
999 1161 1254 1216 sacriﬁcii
1305 1169 1358 1213 et
1386 1156 1731 1225 baptismatis
1771 1153 2025 1224 mysteria

449 1269 503 1312 et
524 1259 626 1310 alia
660 1256 906 1325 qumdam
945 1261 1225 1324 operatur,
1254 1265 1361 1304 non
1424 1256 1605 1302 autem
1658 1246 1841 1299 omnia
1873 1260 1887 1308 ;
1925 1259 2024 1298 nec

448 1351 592 1402 enim
619 1346 1016 1402 ordinationes.
1049 1342 1182 1396 Nam
1233 1341 1464 1411 gratiam
1501 1337 2022 1391 communicativam

450 1455 559 1492 non
612 1438 799 1500 habet,
854 1451 1028 1505 neque
1083 1433 1286 1501 aliquid
1343 1430 1488 1484 aliud
1541 1426 1896 1496 perfi‘ctivnm
1943 1425 2027 1479 vel

453 1529 875 1582 illraninatiuim
903 1526 1204 1596 producere
1234 1529 1431 1590 potest,
1457 1519 1549 1573 sed
1609 1518 1869 1587 mysteria
1940 1530 2027 1572 so-

452 1621 563 1674 lum
598 1631 651 1674 et
676 1620 1004 1687 baptismum
1030 1617 1311 1684 perlicere.

1016 1705 1242 1761 CAPUT
1283 1703 1488 1758 CLVII.

552 1799 750 1855 Omnia
793 1796 1162 1851 ecclesiastica
1201 1813 1230 1848 a
1266 1795 1379 1848 solo
1425 1793 1610 1862 perﬁci
1658 1793 1925 1862 episcopo.

527 1959 726 2014 Verum
759 1953 1050 2022 episcopus
1081 1951 1423 2005 illttn‘iinandi
1449 1951 1554 2002 vim
1586 1949 1766 2014 habet,
1792 1962 1858 2001 eo
1884 1945 2028 2016 quod

457 2050 671 2104 Patrem
728 2048 995 2101 luminum
1054 2046 1339 2108 imitatur,
1392 2043 1676 2113 ipsiusque
1756 2043 2020 2094 virtutem

458 2142 675 2198 abunde
707 2139 980 2210 possidet,
1007 2147 1056 2192 et
1084 2153 1184 2207 per
1220 2139 1396 2206 ipsum
1431 2137 1612 2189 omnis
1664 2134 1822 2198 ordo,
1873 2147 2035 2187 omne

460 2235 780 2306 mysterium
841 2243 897 2286 et
935 2238 1364 2286 sacramentum.
1434 2227 1554 2297 Ipse
1613 2228 1756 2280 enim
1813 2225 2034 2278 ordina-

461 2327 609 2380 tione
635 2339 733 2378 sua
761 2333 815 2377 et
844 2323 1131 2390 baptizare
1160 2320 1324 2382 Valet,
1355 2318 1516 2374 simul
1550 2326 1604 2372 et
1665 2331 1882 2371 sacrum
1936 2331 2036 2370 un-

443 2427 716 2487 .guentum
775 2417 1080 2477 coniicere;
1133 2422 1189 2466 et
1239 2426 1359 2480 qua:
1403 2410 1471 2464 ad
1531 2409 1920 2474 ministerium,
1983 2415 2039 2462 et

461 2509 880 2580 perfectionem,
925 2517 982 2560 et
1010 2504 1468 2558 illuminationem
1507 2503 1824 2570 pertinent,
1874 2499 2038 2570 perti-

459 2618 604 2668 cere,
629 2609 684 2656 et
721 2602 922 2670 legere,
947 2607 1000 2652 et
1039 2599 1294 2667 psallere,
1330 2605 1384 2650 et
1420 2595 1722 2648 monachos
1741 2595 2040 2648 constitue-

457 2707 540 2760 re,
570 2701 625 2747 et
651 2694 842 2748 domos
865 2691 1144 2756 dedicare,
1177 2698 1233 2743 et
1274 2689 1478 2757 gradus
1539 2689 1655 2741 sive
1709 2686 1881 2740 cilicia
1927 2686 2040 2740 dis~

460 2786 723 2852 tribuere,
760 2793 815 2838 et
879 2781 1234 2837 matrimonio
1293 2781 1643 2850 conjungere,
1688 2787 1745 2832 et
1799 2779 2039 2847 virgines

460 2893 794 2950 congregare
828 2885 882 2931 et
913 2888 1266 2937 consecrare,
1295 2874 1478 2926 omnia
1509 2871 1752 2939 denique
1780 2885 1876 2939 per
1919 2883 2044 2938 gra-

463 2972 593 3024 tiam
628 2969 834 3024 Cbristi
876 2977 1165 3037 praestare;
1217 2965 1403 3019 omnia
1460 2963 1603 3018 enim
1667 2961 2041 3016 ecclesiastica

461 3065 530 3121 ab
562 3064 680 3132 ipso
707 3062 854 3118 velut
884 3059 1105 3114 luminis
1134 3058 1284 3112 fonte
1321 3056 1715 3127 perﬁciuntur;
1778 3054 1900 3109 ideo
1927 3053 2040 3122 epi-

466 3169 667 3224 scopus
726 3153 1116 3207 illuminativus
1140 3157 1386 3206 vocatur.
1435 3147 1590 3200 Nunc
1619 3156 1800 3199 autem
1861 3145 1929 3198 ab
1976 3158 2041 3199 eo

463 3247 649 3316 gratire
677 3244 820 3299 dono
869 3243 1216 3312 incipiemus,
1247 3239 1392 3310 quod
1441 3249 1526 3292 est
1587 3238 1834 3290 omnium
1882 3235 2043 3289 mini-

464 3351 637 3397 mum,
669 3346 726 3390 ut
751 3334 898 3390 brevi
928 3334 994 3386 ad
1027 3333 1328 3403 perfectum
1353 3329 1706 3384 accedamus.
1726 3328 1841 3381 Hoc
1871 3325 2040 3380 etiam

465 3430 540 3482 ita
572 3429 749 3482 visum
781 3435 866 3480 est
889 3439 1086 3494 magno
1117 3422 1396 3491 Dionysio,
1428 3420 1519 3490 qui
1555 3434 1584 3473 a
1638 3420 1872 3474 diacono
1905 3419 2041 3473 inci-

466 3521 623 3590 piens
661 3516 726 3570 ad
784 3516 1100 3585 episcopum
1138 3526 1468 3581 progressus
1499 3519 1600 3565 est.
1639 3508 1751 3564 Nos
1788 3509 1957 3579 igitur
1989 3515 2044 3562 et

467 3613 536 3666 de
559 3609 664 3664 hoc
679 3617 735 3663 et
755 3608 821 3662 de
839 3607 960 3661 aliis
985 3619 1202 3674 quoque
1221 3603 1402 3658 dicere
1419 3601 1682 3664 volentes,
1705 3615 1733 3654 a
1757 3601 1934 3670 primo
1955 3614 2042 3653 sa-

467 3699 698 3756 cerdotii
732 3697 1088 3759 charismate,
1121 3691 1532 3762 quilectoratus
1556 3699 1662 3757 est,
1684 3690 2042 3760 incipiemus.

1015 3802 1243 3860 CAPUT
1281 3803 1512 3859 CLVIII.

652 3901 932 3968 Quomodo
974 3899 1143 3953 lector
1179 3897 1244 3952 ab
1277 3899 1519 3968 episcopo
1559 3896 1856 3951 ordinetur.

537 4017 639 4073 llic
691 4031 822 4088 ergo
868 4014 937 4070 ad
985 4016 1300 4084 episcopum
1362 4011 1674 4074 adducitur,
1709 4012 1835 4064 dato
1893 4006 2046 4076 prius

468 4109 786 4166 testimonio
813 4107 954 4176 quod
987 4114 1193 4162 sanctae
1223 4105 1296 4160 sit
1326 4103 1470 4168 vitae,
1496 4101 1644 4171 quod
1691 4114 1850 4154 sacra
1912 4113 2043 4152 con-

472 4201 785 4258 versatione
815 4209 869 4253 et
929 4198 1277 4268 promotione
1305 4195 1526 4264 dignus,
1584 4192 1904 4258 litterasque
1955 4204 2045 4243 sa-

473 4309 597 4348 cras
658 4290 932 4346 didicerit.
976 4288 1284 4359 Episcopus
1337 4295 1519 4340 autem
1584 4297 1797 4337 sacram
1850 4283 2044 4333 stolam

473 4385 724 4447 indutus,
755 4392 807 4437 et
838 4379 1260 4448 pallium,quod
1306 4378 1362 4431 in
1412 4375 1565 4430 omni
1613 4373 1757 4428 sacri
1800 4370 2042 4442 mysterii

2128 509 2354 580 Τράδος
2378 509 2548 576 τρ;ῖς,
2586 509 2717 568 περὶ
2740 501 2813 557 ὧν
2841 503 2938 555 καὶ
2963 505 2990 555 ό
3018 501 3165 571 ἱερός
3203 516 3336 568 φησι
3392 497 3692 560 Διονύσιος

2129 603 2163 670 η
2193 599 2288 652 τοῦ
2321 598 2598 661 διακόνου,
2630 599 2662 666 ὴ
2697 595 2794 649 τοῦ
2823 592 3226 664 πρεσϐυτέρου,
3250 590 3346 643 καὶ
3377 590 3410 659 ἡ
3465 587 3560 640 τοῦ
3586 589 3705 641 ἐπι-

2131 692 2361 746 σκόπου.
2394 690 2504 744 Καὶ
2529 689 2628 759 τὴν
2653 688 2751 759 μέν
2778 703 2911 756 φησι
2962 682 3347 752 λειτουργικὴν
3379 679 3458 744 ὼς
3500 680 3706 747 ὑπηρέ-

2127 805 2243 850 του,
2279 786 2374 838 καὶ
2406 786 2463 835 ἐν
2488 785 2608 844 ταῖς
2641 782 2736 834 δύο
2793 781 3031 848 ἔχουσαν
3068 775 3226 839 τάξιν
3249 788 3266 804 ⁰
3326 773 3480 825 οὐδὲν
3532 771 3642 840 γάρ
3677 771 3706 821 ὁ
3784 763 3792 770 ”

2126 875 2508 945 λειτουργικδς
2538 873 2658 943 ἤτοι
2710 871 2960 932 διάκονος
2985 869 3202 938 ἐνεργεῖ
3229 864 3354 935 δίχα
3403 863 3705 916 ἐπισκόπου

2131 969 2165 1039 ἢ
2203 966 2580 1036 πρεσϐυτέρου
2604 982 2620 996 ο
2651 964 2750 1034 τὴν
2801 963 2856 1014 δὲ
2893 958 3237 1027 τελεστικὴν,
3273 957 3373 1026 τὴν
3421 955 3517 1008 τοῦ
3575 970 3710 1022 πρεο

2137 1059 2404 1127 σϐυτέρου
2433 1055 2696 1127 δηλονότι,
2756 1053 2854 1111 τὰς
2889 1050 3112 1112 τελετὰς
3161 1047 3282 1117 μὲν,
3331 1046 3430 1115 τὴν
3480 1045 3578 1112 τῆς
3613 1039 3705 1095 ’ίεο

2135 1152 2409 1222 ρουργίας
2447 1151 2543 1204 καὶ
2573 1151 2666 1201 τοῦ
2732 1148 3112 1217 βαπτίσματος
3155 1143 3250 1196 καὶ
3299 1142 3499 1211 ἑτέρας
3549 1141 3704 1207 ἐνερ-

2130 1245 2358 1312 γοῦσανο
2414 1244 2475 1295 οὐ
2527 1242 2626 1304 τὰς
2682 1243 2866 1303 πάσας
2932 1239 3011 1304 δὲ,
3061 1234 3182 1290 οὐδὲ
3272 1235 3380 1306 μὴν
3463 1249 3706 1304 χειροτο-

2130 1338 2272 1396 νίας.
2323 1335 2436 1388 Καὶ
2483 1335 2593 1406 γὰρ
2654 1335 2715 1386 οὐ
2771 1333 2870 1404 τὴν
2927 1327 3285 1400 μεταδοτικὴν
3349 1327 3464 1396 ἔχει
3504 1327 3704 1395 χάριν,

2129 1426 2240 1480 οὐδ’
2293 1425 2457 1478 ἄλλον
2515 1423 2832 1476 τελεστικδν
2889 1422 2922 1492 ἢ
2961 1419 3290 1492 φωτιστικὸν
3337 1419 3583 1486 ἐνεργεῖν
3622 1415 3710 1478 ἐξ·

2132 1519 2342 1587 ισχύει·
2410 1515 2590 1570 τελεῖν
2639 1515 2694 1570 ἰὲ
2746 1515 2910 1586 μόνον
2960 1516 3028 1568 τά
3091 1511 3332 1584 μυστικά
3377 1513 3473 1563 καὶ
3521 1510 3580 1561 τὸ
3613 1507 3706 1577 βά-

2131 1624 2361 1680 πτισμα.

2705 1702 2959 1754 ΚΕΦΑΛ.
2990 1697 3160 1754 PNZ'.

2061 1772 2103 1826 Β
2133 1798 2264 1849 Ὅτι
2294 1795 2495 1850 πάντα
2523 1795 2595 1849 τὰ
2622 1793 2729 1861 τῆς
2759 1795 3130 1858 Ἐκκλησίας
3164 1791 3353 1860 μόνος
3398 1790 3627 1859 ἐνεργεῖ
3677 1793 3709 1844 ό

2737 1865 3100 1926 ἐπίσκοπος.

2224 1960 2283 2014 '0
2318 1959 2374 2013 δέ
2401 1977 2465 2026 γε
2523 1957 2789 2028 ίεράρχης
2829 1956 3158 2022 φωτιστικός
3193 1955 3362 2018 ἐστιν,
3397 1955 3478 2007 ὅτι
3523 1955 3708 2022 μιμεῖ-

2139 2070 2234 2106 ται
2264 2053 2355 2105 τὸν
2389 2052 2610 2120 Πατέρα
2637 2051 2747 2103 τῶν
2780 2049 2998 2117 φώτων,
3031 2049 3125 2101 καὶ
3169 2048 3270 2116 τὴν
3291 2047 3456 2100 αὐτοῦ
3488 2047 3712 2099 πλουτεῖ

2145 2145 2382 2214 δύναμιν
2402 2159 2418 2174 ο
2455 2144 2552 2195 καὶ
2582 2144 2732 2194 πᾶσα
2757 2141 2930 2206 τάξις,
2962 2143 3056 2194 καὶ
3082 2141 3194 2192 πᾶν
3251 2142 3575 2210 μυστήριον,
3613 2140 3712 2191 καὶ

2139 2238 2292 2289 πᾶσα
2319 2234 2512 2306 τελετὴ
2543 2234 2612 2286 δι’
2671 2232 2862 2288 αὐτοῦ.
2919 2233 3092 2296 Αὐτὸς
3126 2233 3234 2302 γὰρ
3281 2232 3372 2284 καὶ
3429 2229 3711 2299 βαπτίζειν

2139 2329 2283 2398 ἅμα,
2309 2329 2403 2380 καὶ
2438 2327 2611 2397 μύρον
2642 2329 2910 2395 ἐνεργεῖν,
2943 2327 3039 2380 καὶ
3089 2324 3472 2396 λειτουργικὸν
3494 2327 3587 2377 καὶ
3624 2342 3714 2377 τε·

2138 2419 2390 2471 λεστικδν
2432 2415 2720 2471 ἀποτελεῖν
2772 2417 2869 2470 καὶ⁷
2919 2415 3251 2486 φωτιστικὸν
3288 2418 3354 2485 τῇ
3411 2414 3716 2486 χειροτονίᾳ

2144 2510 2323 2580 ίσχύει
2347 2527 2361 2541 ο
2395 2511 2492 2562 καὶ
2527 2508 2952 2578 ἀναγινώσκειν,
2985 2509 3079 2561 καὶ
3118 2507 3365 2577 ψάλλειν,
3427 2507 3518 2560 καὶ
3551 2508 3716 2576 μονά-

2143 2603 2338 2667 ζοντας
2369 2601 2658 2671 καθιστᾷν,
2683 2602 2777 2654 καὶ
2799 2599 3096 2670 καθιεροῦν
3116 2600 3322 2663 οἴκους,
3357 2601 3452 2654 καὶ
3475 2600 3715 2670 βαθμοὺς

2143 2697 2423 2764 χορηγεῖν,
2485 2694 2580 2746 καὶ
2629 2692 2767 2760 πρὸς
2799 2693 2980 2760 γάμον
3020 2696 3331 2758 συνάπτειν,
3366 2693 3461 2743 καὶ
3513 2693 3718 2762 παρ’)ε-

2145 2786 2400 2848 νεύοντας
2428 2787 2711 2854 συνιστᾷν,
2743 2786 2842 2838 καὶ
2866 2785 3046 2838 πάντα
3071 2786 3246 2838 ποιεῖν
3273 2785 3459 2856 χάριτι
3479 2785 3718 2854 Χριστοῦ

2142 2880 2391 2932 δύναται.
2434 2877 2523 2940 Ὠς
2557 2878 2667 2947 γὰρ
2695 2875 2804 2929 ἀπδ
2837 2878 3021 2946 πηγῆς
3053 2877 3252 2945 φωτδς,
3311 2878 3487 2929 πάντα
3519 2876 3586 2927 δι’
3615 2877 3716 2927 αὐ-

2142 2972 2236 3024 τοῦ
2259 2971 2324 3023 τὰ
2351 2970 2448 3039 τῆς
2478 2970 2810 3038 Ἐκκλησίας
2836 2969 3074 3020 τελεῖται
3099 2985 3113 2998 ο
3149 2968 3230 3020 διὸ
3252 2973 3346 3020 καὶ
3387 2968 3716 3033 φωτιστικδς

2145 3063 2472 3131 ὀνομάζεται
2502 3064 2530 3113 ό
2565 3061 2888 3124 ἐπίσκοπος.
2924 3061 3074 3123 Τέως
3115 3061 3171 3113 δὲ
3206 3062 3310 3132 ἤδη
3353 3063 3462 3114 ἀπὸ
3508 3060 3603 3114 τοῦ
3634 3062 3717 3115 δο-

2147 3156 2374 3217 κοῦντος
2403 3154 2737 3223 μικροτέρου
2759 3153 2868 3205 τῶν
2893 3152 3235 3222 δωρημὰτων
3285 3153 3593 3221 ἀρχόμεθα,
3643 3155 3719 3216 ὼς

2147 3249 2212 3301 ἂν
2244 3248 2386 3300 κατὰ
2435 3247 2611 3316 βραχὺ
2671 3248 2750 3307 εἰς
2777 3245 2838 3298 το
2884 3243 3089 3296 τέλειον
3127 3243 3391 3314 ἔλθωμεν.
3427 3245 3598 3298 Τοῦτο
3661 3245 3718 3297 δὲ

2145 3341 2241 3394 καὶ
2263 3340 2338 3409 τῷ
2371 3341 2598 3410 μεγάλῳ
2621 3339 2784 3391 καλὸν
2816 3337 3064 3407 ἐγνώσθη
3117 3338 3382 3407 Διονυσίῳ
3403 3355 3417 3370 ο
3474 3341 3565 3390 xui.
3609 3340 3718 3392 ἀπὸ

2144 3431 2239 3485 τοῦ
2293 3431 2544 3484 διακόνου
2577 3429 2910 3500 ἀρξάμενος,
2965 3431 3046 3492 εις
3106 3431 3203 3481 τὸν
3233 3431 3531 3482 ἐπίσκοπον
3561 3426 3714 3499 ἦλθε.

2145 3525 2255 3578 Καὶ
2313 3524 2481 3592 ἡμεῖς
2540 3523 2720 3574 τοίνυν
2789 3524 2886 3576 καὶ
2966 3524 3096 3592 περὶ
3169 3522 3282 3574 τῶν
3335 3522 3509 3575 ἄλλων
3572 3525 3719 3590 ἐρεῖν

2147 3614 2464 3685 βουλόμενοι
2515 3612 2624 3666 ἀπὸ
2682 3613 2780 3665 τοῦ
2832 3612 3050 3681 πρώτου
3111 3612 3218 3664 τῶν
3267 3612 3367 3681 τῆς
3415 3612 3717 3681 ἱερωσύνης

2146 3705 2505 3775 χαρισμάτων
2523 3703 2845 3774 ἀρξώμεθα.
2868 3705 3024 3756 Ἐστι
3055 3703 3111 3755 δὲ
3136 3703 3197 3754 τὸ
3224 3702 3317 3755 τοῦ
3341 3703 3713 3770 ἀναγνώστου.

2693 3818 2944 3870 ΚΕΦΛΛ.
2978 3815 3156 3870 PNll'.

2147 3909 2340 3975 Ὅπως
2362 3912 2395 3964 ό
2419 3907 2819 3979 ἀναγνώστης
2847 3909 2969 3962 ὑπὸ
2999 3907 3104 3960 τοῦ
3133 3907 3413 3976 ἱεράρχου
3435 3907 3713 3961 τελεῖται.

2221 4023 2392 4087 Οὗτος
2420 4023 2601 4076 τοίνυν
2637 4022 2970 4092 προσάγεται
2996 4021 3073 4090 τῷ
3101 4025 3372 4092 ἀρχιερεῖ,
3431 4040 3720 4093 μαρτυρη-

2149 4113 2260 4176 Gai;
2295 4110 2438 4167 εἶναι
2473 4114 2572 4166 τοῦ
2601 4111 2770 4180 ἁγνοῦ
2812 4112 2952 4182 βίου,
2985 4116 3080 4164 καὶ
3139 4113 3289 4177 ἄξιος
3321 4114 3615 4184 ἀναγωγῆς
3651 4117 3722 4166 ξε-

2152 4208 2272 4278 ρᾶς,
2310 4208 2401 4258 καὶ
2430 4209 2498 4258 τὰ
2533 4207 2653 4276 ἱερὰ
2687 4205 2844 4266 εἰδὼς
2869 4205 3196 4274 γράμματα.
3234 4207 3388 4258 Καὶό
3425 4206 3718 4275 ἀρχιερεὺς
3801 4241 3807 4256 -.

2152 4296 2506 4364 ἐνδεδυμένος
2533 4294 2727 4364 στολὴν
2764 4295 2937 4365 ἱερὰν,
2972 4295 3068 4347 καὶ
3111 4295 3170 4347 τὸ
3211 4295 3548 4367 ὠμοφόριον,
3580 4299 3607 4350 ὃ
3656 4299 3720 4366 δὴ

2151 4389 2244 4441 ἐπὶ
2280 4391 2426 4459 πάσῃ
2456 4387 2611 4456 φέρει
2636 4387 2756 4458 ἱερᾷ
2779 4387 2990 4456 τελετῇ,
3021 4386 3181 4441 τοῦτο
3209 4390 3315 4458 γὰρ
3349 4391 3581 4442 ἐκτυποί
3627 4390 3719 4441 τὸν

471 4475 814 4530 confectione
849 4483 1063 4543 gestare
1101 4473 1242 4526 solet
1294 4470 1423 4537 (hoc
1479 4466 1627 4522 enim
1691 4471 2047 4532 repraesentat

2162 4478 2371 4547 Ἰησοῦν
2417 4481 2551 4550 Θεὸν
2593 4480 2724 4533 δντα
2768 4481 2864 4533 καὶ
2923 4481 3308 4550 σαρκωθέντα,
3367 4483 3580 4549 εὐλογεί
3633 4483 3721 4534 τὸν

472 4568 657 4622 Jesum
687 4567 854 4621 Deum
888 4573 942 4619 et
965 4562 1353 4629 incarnatum),
1388 4559 1496 4613 Deo
1523 4557 1816 4621 benedicit,
1842 4556 2044 4624 gratias

473 4659 868 4714 convenienter
899 4670 1066 4726 agens
1087 4655 1142 4708 in
1173 4653 1322 4708 omni
1354 4649 1449 4706 Dei
1485 4665 1670 4718 opere.
1698 4650 1790 4704 sed
1811 4650 2047 4704 tnaxime

475 4766 572 4820 pro
605 4750 823 4802 homine
853 4749 948 4817 qui
982 4747 1034 4800 in
1085 4747 1254 4814 ipsius
1289 4742 1652 4796 ministerium
1692 4741 1930 4810 eligitur.
1958 4739 2048 4794 Fi-

477 4845 587 4896 nita
617 4839 852 4910 Trisagii
880 4840 1129 4894 oratione
1163 4849 1194 4888 a
1223 4836 1442 4889 clericis
1465 4833 1753 4888 luminaria
1807 4833 2047 4888 tenenti-

477 4935 602 4999 bus,
636 4932 764 5000 quia
812 4937 924 4982 tum
957 4925 1286 4981 illuminatio
1323 4923 1382 4977 lit
1411 4932 1466 4977 et
1501 4922 1674 4991 gratia
1724 4920 2049 4974 communi-

411 5038 418 5056 ί
476 5031 654 5082 catur,
685 5011 978 5086 episcopus
1033 5021 1243 5066 vestem
1303 5014 1517 5080 nigram
1553 5025 1673 5080 qua:
1717 5001 2047 5063 humilitatis

479 5127 533 5167 ct
567 5109 810 5179 religiosi
853 5107 1068 5162 timoris
1120 5104 1430 5174 symbolum
1487 5114 1590 5168 est,
1651 5102 1944 5168 benedicit,
1991 5109 2047 5155 et

479 5199 916 5258 consecrandum
945 5197 1099 5264 jubet
1131 5209 1250 5249 eam
1305 5194 1550 5249 induere.
1604 5194 1724 5260 Quo
1774 5192 1919 5247 facto
1981 5193 2049 5244 ad

479 5312 604 5350 eum
639 5292 954 5352 adducitur,
984 5298 1038 5342 et
1063 5286 1424 5351 benedicitur,
1457 5286 1614 5355 signo
1649 5285 1830 5338 crucis
1860 5285 1928 5338 ab
1983 5297 2048 5336 eo

482 5395 562 5438 ter
595 5396 758 5435 manu
789 5389 1045 5450 peracto:
1075 5389 1260 5449 postea
1294 5379 1634 5448 obsignatur.
1659 5376 1873 5431 Tondet
1902 5375 2047 5429 enim

477 5477 768 5544 episcopus
804 5473 1030 5543 capillos
1063 5472 1257 5541 capitis
1315 5471 1432 5539 ejus
1466 5472 1519 5524 in
1563 5470 1790 5539 ﬁguram
1829 5469 2047 5531 ,crucis,

478 5568 720 5620 divinum
753 5575 804 5620 et
828 5567 1163 5620 tremendum
1190 5564 1474 5618 Trinitatis
1515 5578 1714 5616 nomen
1737 5576 1904 5628 super
1927 5574 2049 5612 eum

479 5658 766 5720 invocans,
812 5673 877 5712 ex
912 5674 1016 5726 qua
1047 5659 1222 5713 omnis
1258 5670 1415 5731 saera
1449 5654 1794 5708 consecratio
1829 5661 1881 5708 et
1930 5665 2049 5720 my-

480 5743 730 5801 sterium.
760 5745 1001 5803 Primum
1031 5750 1244 5818 quidem
1274 5745 1500 5814 capillos
1531 5747 1587 5798 in
1620 5743 1825 5797 vertice
1850 5741 2044 5810 capitis

2150 4571 2284 4624 Θεὺν
2318 4573 2664 4642 εὐχαριστῶν
2686 4573 2967 4641 ἁρμοδίως
3027 4574 3120 4625 ἐπὶ
3162 4575 3328 4626 παντὶ
3380 4575 3528 4645 ἔργῳ
3564 4574 3718 4636 Θεοῦ,

2150 4660 2246 4712 καὶ
2273 4660 2509 4728 μάλιστα
2535 4662 2626 4713 ἐπὶ
2654 4661 2930 4730 ἀνθρώπῳ
2953 4663 3032 4724 εἰς
3051 4662 3356 4731 ὑπηρεσίαν
3380 4663 3723 4733 ἐκλεγομένῳ

2149 4750 2336 4806 αὐτοῦ.
2371 4752 2482 4805 Καὶ
2507 4752 2609 4820 τῆς
2642 4754 2953 4822 προσευχῆς
2978 4751 3071 4805 τοῦ
3117 4753 3417 4822 Τρισαγίου
3446 4756 3597 4821 παρὰ
3616 4755 3723 4805 τῶν

2150 4842 2434 4910 κληρικῶν
2465 4842 2841 4911 τελεσθείσης,
2895 4844 3052 4912 φῶτα
3091 4844 3466 4913 κρατούντων,
3501 4846 3581 4897 ὅτι
3614 4863 3722 4912 φω-

2149 4937 2346 5004 τισμὸς
2375 4935 2588 5004 γίνεται
2613 4935 2709 4986 καὶ
2743 4935 2947 4988 δίδοται
2979 4936 3158 5004 χάρις,
3189 4939 3217 4988 ό
3273 4937 3536 5006 ίεράρχης
3598 4938 3725 5004 ipi-

2151 5041 2268 5079 τιον
2302 5025 2612 5096 εὐλογήσας
2657 5026 2850 5095 μέλαν,
2916 5027 3130 5079 κελεύει
3179 5027 3339 5080 τοῦτο
3403 5027 3724 5081 ἐνδύσασθαι

2154 5115 2246 5168 τὸν
2275 5116 2624 5185 τελούμενον,
2650 5118 2711 5168 τὸ
2736 5119 2992 5172 ταπεινὸν
3034 5121 3128 5172 καὶ
3163 5120 3396 5182 εὐλαϐὲς
3427 5122 3526 5188 τῆς
3580 5121 3724 5189 ζωῆς

2151 5207 2444 5275 δηλοῦντος
2469 5207 2565 5260 τοῦ
2607 5211 2857 5278 μέλανος.
2912 5207 3048 5264 Εἶτα
3099 5211 3290 5278 ἄγεται
3320 5214 3347 5264 ό
3403 5213 3724 5282 τελούμενος

2153 5295 2290 5363 πρὸς
2321 5294 2506 5360 αὐτὸν,
2542 5300 2636 5348 καὶ
2677 5295 2984 5364 εὐλογεῖται
3030 5302 3094 5369 τῇ
3133 5300 3278 5369 χειρὶ
3312 5299 3472 5369 139
3501 5317 3724 5371 σταυρο-

2153 5385 2310 5448 ειδῶς
2339 5386 2469 5455 παρ’
2495 5386 2664 5439 αὐτοῦ
2696 5389 2837 5455 τρίς.
2873 5386 3006 5444 Εἶτα.
3037 5391 3130 5442 καὶ
3179 5393 3564 5460 σφραγίζεται.
3592 5394 3724 5446 Kef-

2154 5494 2238 5546 ρει
2273 5477 2381 5546 γὰρ
2409 5479 2506 5540 τὰς
2536 5478 2708 5531 αὐτοῦ
2739 5481 2931 5550 τρίχας
2959 5481 3058 5549 τῆς
3083 5482 3326 5552 κεφαλῆς
3355 5487 3722 5554 σεαυροειὸῶς

2153 5571 2180 5620 ὁ
2207 5569 2522 5638 ἀρχιερεὺς,
2567 5571 2628 5622 τὸ
2652 5571 2792 5624 οεῖον
2823 5575 2916 5625 καὶ
2951 5577 3179 5643 φρικτὸν
3225 5575 3397 5644 ὄνομα
3453 5580 3724 5644 ἐπιλέγων

2154 5659 2302 5726 αὐτῷ
2343 5660 2441 5727 τῆς
2497 5659 2750 5730 Τριάδος,
2789 5663 2846 5728 ἐξ
2893 5659 2960 5734 ἧς
3017 5666 3166 5718 πᾶσα
3228 5669 3349 5735 ἱερὰ
3384 5668 3576 5736 τελετὴ
3633 5671 3725 5721 καὶ

2159 5751 2481 5819 μυστήριον.
2518 5753 2629 5806 Καὶ
2662 5755 2878 5822 πρῶτον
2913 5760 3012 5827 μὲν
3054 5759 3196 5810 κατὰ
3245 5761 3492 5829 κορυφὴν
3525 5760 3721 5828 κείρων
