4078 6428
368 278 470 344 365

1431 273 1525 332 DE
1563 271 1830 333 SACRIS
1873 266 2574 331 ORDINATIONIBUS.

3519 264 3621 328 εισι

363 395 462 458 τὰς
491 392 684 465 τρίχας
719 400 909 463 φησιν,
949 410 967 443 ι
1033 390 1124 452 Εἰς
1180 392 1238 444 τὸ
1288 392 1455 461 δυομα
1514 389 1609 444 τοῦ
1644 390 1882 457 Πατρός·
1918 406 1936 439 ι

2074 385 2240 438 ondet
2260 385 2449 438 dicens
2473 402 2485 437 :
2513 403 2530 435 ι
2555 386 2610 445 in
2633 386 2855 441 nomine
2874 384 3087 455 Patris;
3112 406 3128 438 ι
3150 392 3336 458 postea
3368 387 3421 439 in
3446 382 3624 438 fronte

368 484 488 541 εἶτα
515 485 659 539 κατά
688 485 751 538 τὸ
805 485 1085 554 μέτωπον,
1136 486 1330 552 λέγων,
1374 504 1391 535 ι
1427 484 1519 536 καὶ
1547 480 1642 535 τοῦ
1706 480 1874 534 Υἱοῦ·
1917 500 1937 533 ι

370 574 488 631 εἶτα
516 577 580 630 ἐκ
606 576 854 643 πλαγίων
873 577 971 645 τῆς
1005 578 1251 646 κεφαλῆς
1282 576 1523 641 δεξιόθεν
1552 574 1745 642 λέγων,
1788 593 1806 624 ι
1836 572 1947 625 Καὶ

369 666 465 719 τοῦ
491 665 650 733 ἁγίου
676 666 1019 734 Πνεύματος⁸
1062 684 1080 717 ι
1120 660 1238 718 εἶτα
1276 666 1341 717 ὲκ
1390 664 1637 733 πλαγίων
1669 663 1833 716 πάλιν
1880 663 1946 714 ὲκ

372 758 481 810 τῶν
546 736 874 827 ἀριστερῶν,
934 756 1169 826 σταυρὸν
1223 756 1469 821 τελειῶν,
1520 754 1617 808 καὶ
1664 756 1945 823 ἐπιφέρει,

379 869 398 902 ι
436 849 674 902 Πάντοτε
712 848 807 902 νῦν
840 848 931 902 καὶ
956 849 1066 903 ἀεί.
1104 867 1121 900 t
1156 849 1362 911 Πάντες
1391 849 1448 902 δὲ
1476 849 1683 919 ἑκάστῃ
1720 846 1950 916 ἐπικλή-

375 958 459 994 σει
488 940 551 994 τὸ
576 940 753 1013 ’Δμὴν
781 941 1058 1010 λέγουσιν,
1089 940 1483 1010 ὁμολογοῦντες
1550 940 1669 1009 ἅμα
1720 938 1816 993 καὶ
1863 936 1949 1007 βε-

378 1034 701 1103 ϐαιούμενοι
765 1034 834 1087 τὰ
886 1033 1037 1104 παρὰ
1082 1034 1178 1087 τοῦ
1235 1034 1563 1103 ἀρχιερέως.
1602 1031 1715 1086 Καὶ
1753 1033 1789 1101 ἡ
1849 1031 1949 1101 μὲν

376 1127 672 1197 ἀφαίρεσις
704 1127 813 1180 τῶν
858 1127 1064 1198 τριχῶν
1122 1127 1221 1193 τὴν
1266 1126 1601 1197 καθιέρωσιν
1645 1124 1947 1196 σημαίνει·

375 1221 461 1274 ὅτι
498 1220 557 1273 αἱ
590 1220 778 1290 τρίχες
821 1218 946 1272 ὅλου
984 1217 1079 1277 τοῦ
1136 1218 1389 1289 σώματος
1447 1218 1818 1289 ἐξανθήματα,
1858 1219 1955 1271 καὶ

378 1314 637 1383 ἀπαρχὴν
668 1311 789 1381 Θεῷ
814 1312 1258 1384 προσενεχθῆναι
1293 1313 1357 1364 ὲκ
1388 1312 1483 1364 τοῦ
1526 1309 1821 1381 ἀνθρώπου
1856 1327 1955 1379 ση-

383 1404 601 1473 μαίνειο
638 1402 1002 1473 σταυροειδῶς
1031 1403 1088 1456 δὲ
1119 1402 1209 1456 διὰ
1239 1402 1330 1455 τὸν
1392 1401 1626 1472 Ἰησοῦν,
1671 1402 1754 1454 ὅτι
1788 1401 1954 1464 αὐτὸς

379 1493 688 1561 σαρκωθεὶς
714 1496 807 1547 καὶ
831 1492 1170 1562 σταυρωθεὶς
1198 1492 1419 1562 ἁγιάζει
1439 1508 1453 1521 '
1483 1490 1570 1545 ἐπ’
1591 1491 1821 1561 ὀνόματι
1850 1491 1952 1560 τῆς

381 1587 612 1655 Τριάδος
640 1587 719 1651 δὲ,
770 1587 854 1639 ὃτι
880 1583 1023 1653 αὕτη
1064 1584 1465 1656 ήδημιουργὸς
1517 1584 1624 1637 τῶν
1681 1584 1818 1637 ὅλων
1860 1583 1955 1635 καὶ

381 1676 735 1744 τελειοποιὸς,
770 1676 798 1730 ὁ
826 1672 985 1747 μόνος
1017 1675 1178 1739 Θεός.

915 1788 1168 1846 ΚΕΦΑΛ.
1208 1789 1382 1846 ΡΝΘ’.

383 1885 549 1941 Atat!
574 1882 838 1955 σφραγὶς
853 1883 924 1937 ἐν
956 1882 1036 1948 τῷ
1060 1881 1420 1955 άναγνώστῃ
1444 1899 1457 1912 ο
1480 1882 1578 1936 καὶ
1604 1880 1694 1935 ὅτι
1721 1881 1757 1948 ἠ
1774 1887 1962 1949 κουρά

736 1955 966 2023 ὀφειλει
1013 1953 1273 2007 πάντοτε
1310 1954 1607 2023 γίνεσθαι.

460 2045 728 2116 Ὕστερον
747 2045 803 2098 δὲ
832 2045 924 2097 ἐπὶ
954 2044 1057 2113 τῆς
1095 2044 1365 2115 κορυφῆς,
1405 2044 1467 2095 ὲν
1594 2044 1628 2112 ή
1680 2043 1826 2114 ἀρχὴ
1862 2044 1963 2112 τῆς

387 2134 611 2209 κουρᾶς,
643 2136 845 2207 μείζων
884 2136 918 2206 ἡ
954 2135 1131 2205 κουρά
1151 2133 1305 2205 παρὰ
1368 2132 1639 2205 κληρικοῦ
1688 2151 1834 2194 τινος
1881 2133 1964 2201 γί-

387 2232 669 2295 νεται,ὅτι
709 2228 921 2300 κεφαλὴ
953 2229 1173 2283 πάντων
1233 2226 1330 2281 καὶ
1379 2226 1596 2297 κορυφὴ
1634 2224 1661 2279 ό
1702 2225 1962 2295 Χριστόςο

391 2327 488 2380 καὶ⁵
520 2324 683 2387 αὐτὸς
719 2322 959 2394 σφραγίς
998 2323 1118 2374 ὲστι
1164 2318 1260 2374 καὶ
1309 2320 1537 2388 σημεῖον
1594 2304 1709 2381 τοῖς
1766 2317 1957 2370 τελουι-

393 2420 578 2491 μένοις
610 2420 691 2480 είς
741 2417 938 2469 αὐτόν·
994 2414 1091 2467 καὶ
1144 2413 1306 2477 αὐτὸς
1341 2413 1559 2474 τούτοις
1600 2408 1963 2479 ιπικάθηται,

390 2513 488 2567 καὶ
533 2513 594 2566 τὸ
648 2509 987 2582 ἡγεμονικὸν
1048 2507 1305 2576 ἁγιάζει,
1348 2504 1446 2559 καὶ
1508 2502 1720 2572 κεφαλὴ
1784 2500 1967 2556 αὐτῶν

391 2608 533 2661 ἔστι.
558 2604 671 2674 Τῆς
711 2602 1011 2673 σφραγῖδος
1033 2595 1126 2654 οῦν
1158 2598 1410 2669 μείζονος
1449 2596 1749 2666 γινομένης
1781 2595 1849 2666 τῇ
1876 2612 1969 2648 κο-

399 2703 566 2771 ρυφῇ,
604 2699 671 2751 ἵν’
708 2698 816 2750 ἀπὸ
867 2694 1075 2763 ταύτης
1133 2692 1325 2760 ὥσπερ
1376 2690 1486 2742 άπὸ
1517 2688 1676 2760 ῥίζης
1736 2690 1817 2751 είς
1847 2686 1969 2741 ὅλον

391 2792 521 2863 ἔλθῃ
575 2790 667 2843 τὸν
697 2788 985 2858 ἄνθρωπον
1010 2787 1037 2839 ὁ
1077 2781 1371 2853 ἁγιασμὸς,
1424 2780 1765 2850 προσάγεται
1800 2777 1966 2832 πάλιν

393 2887 495 2958 ήδη
532 2882 819 2944 ἀνατεθεὶς
860 2880 949 2932 διὰ
976 2878 1076 2949 τῆς
1102 2875 1328 2946 κουρᾶς,
1353 2873 1449 2927 καὶ
1487 2872 1764 2941 φαινολίου
1810 2871 1967 2923 εὐλο-

392 2978 639 3047 γημένοι)
671 2975 791 3044 ἦτοι
818 2970 1106 3041 καμισίου,
1136 2969 1276 3033 ὅπερ
1303 2967 1411 3019 τῶν
1447 2964 1612 3035 ἱερῶν
1641 2962 1968 3033 ἐνδυμάτων

2052 476 2242 533 dicens
2264 476 2329 529 εἰ
2364 476 2428 530 Ει
2458 474 2579 531 Filii
2601 495 2649 543 ς»
2677 478 2878 535 deinde
2907 495 2972 534 ex
2997 480 3166 534 latere
3193 477 3386 549 capitis
3409 476 3623 536 dextro,

2049 570 2278 625 dicens:
2312 588 2330 622 t
2357 571 2423 625 Et
2457 569 2700 640 Spiritus
2735 573 2941 640 sancti;
2978 592 2995 624 ι
3031 574 3347 641 iterumque
3370 586 3434 624 ex
3459 570 3629 622 latere

2050 662 2279 716 sinistro
2312 677 2529 718 crucem
2558 664 2791 734 perﬁcit,
2816 665 3080 732 inferens,
3106 682 3129 715 ι
3152 663 3367 733 Ubique
3400 674 3547 716 nunc
3575 669 3630 713 ct

2051 767 2288 822 semper.
2318 771 2336 805 ι
2378 753 2583 811 Omnes
2629 765 2810 811 autem
2836 756 2901 812 ad
2934 768 3380 825 unamquamque
3409 754 3629 807 invoca-

2052 844 2257 899 tionem
2295 849 2654 917 respondent,
2716 850 2913 918 Amen,
2961 851 3291 906 conﬁtentes
3349 846 3514 903 simul
3575 853 3630 897 et

2052 941 2449 997 conﬁrmantes
2492 957 2615 1012 qua:
2665 944 2735 999 ab
2786 945 3047 1014 episcopo
3074 944 3235 999 ﬁunt.
3290 940 3628 1010 (lapillorum

2053 1042 2235 1085 autem
2266 1031 2539 1089 detractio
2570 1043 2622 1090 et
2650 1036 2885 1093 resectio
2946 1035 3426 1092 consecrationem
3453 1028 3627 1099 signi-

2053 1121 2214 1187 ﬁcat;
2241 1124 2428 1194 capilli
2459 1126 2604 1180 enim
2641 1128 2805 1182 totius
2850 1136 2977 1183 sunt
3013 1126 3261 1196 corporis
3320 1121 3533 1178 ﬂosculi
3565 1118 3633 1172 de

2056 1229 2122 1270 eo
2151 1213 2580 1284 eﬁlorescentes,
2611 1220 2703 1289 qui
2737 1218 3078 1275 detractione
3108 1233 3210 1273 sua
3245 1217 3493 1272 indicant
3520 1210 3631 1282 pri-

2054 1306 2236 1363 mitias
2265 1309 2332 1363 ab
2362 1308 2583 1366 homine
2616 1311 2722 1368 Deo
2754 1311 2958 1367 offerri.
3000 1309 3088 1366 Fit
3120 1318 3301 1365 autem
3338 1308 3426 1361 illa
3458 1303 3636 1374 capil-

2056 1396 2235 1451 lorum
2288 1400 2520 1455 resectio
2572 1401 2626 1455 in
2667 1403 2847 1457 crucis
2895 1402 3123 1471 ﬁguram
3158 1407 3382 1470 preptcr
3408 1395 3634 1452 Jesum.

2056 1488 2316 1559 quoniam
2376 1491 2496 1561 ipse
2530 1490 2853 1549 incarnatus
2886 1501 2938 1548 et
2970 1491 3266 1547 cruciﬁxus
3288 1486 3633 1547 sanctiﬁcat;

2059 1581 2113 1635 in
2147 1583 2368 1638 nomine
2424 1595 2606 1640 autem
2662 1583 2971 1649 Trinitatis,
3009 1583 3269 1655 quoniam
3300 1580 3451 1635 solus
3492 1575 3636 1633 Deus

2058 1683 2140 1728 est
2184 1666 2429 1729 omnium
2491 1684 2711 1732 creator
2758 1691 2811 1734 ει
2868 1682 3295 1733 consummatur.

2627 1790 2856 1849 CAPUT
2897 1791 3078 1849 CLIX.

2068 1885 2250 1951 Quare
2277 1887 2552 1958 signaculo
2584 1896 2811 1941 utantur
2835 1887 2887 1940 in
2914 1887 3131 1958 lectore.
3167 1893 3217 1938 et
3250 1881 3390 1954 quod
3420 1892 3638 1936 touwra

2561 1959 2750 2028 ubique
2781 1958 2898 2027 ﬁeri
2923 1957 3131 2011 debeat.

2136 2043 2422 2101 Postremo
2454 2045 2509 2099 tit
2555 2045 2609 2101 in
2646 2047 2873 2113 vertice,
2927 2058 2956 2099 a
3019 2058 3130 2114 quo
3180 2052 3410 2098 tonsura
3450 2041 3642 2110 incipit

2067 2138 2267 2210 (major
2298 2138 2445 2195 enim
2487 2142 2715 2195 tonsura
2750 2139 3038 2209 etintegra
3067 2138 3135 2193 ab
3196 2138 3385 2207 aliquo
3438 2135 3643 2189 clerico

2066 2233 2392 2301 perﬁcitur),
2422 2232 2680 2302 quoniam
2703 2232 2958 2289 Christus
2992 2230 3235 2286 omnium
3265 2238 3350 2286 est
3378 2234 3560 2298 caput,
3590 2240 3646 2278 et

2066 2335 2274 2390 vertex,
2300 2324 2650 2397 sigillumque
2683 2337 2736 2381 et
2765 2327 2979 2395 signum
3003 2325 3073 2380 iis
3092 2325 3183 2392 qui
3213 2330 3432 2394 propter
3464 2323 3642 2390 ipsum

2067 2417 2453 2488 perﬁciuntur.
2490 2418 2612 2490 lpse
2657 2434 2874 2490 quoque
2905 2419 2971 2474 iis
3018 2419 3236 2482 insidet,
3289 2425 3343 2471 et
3403 2425 3645 2469 rectores

2068 2511 2396 2577 sanctiﬁcat,
2431 2524 2737 2581 eorumque
2765 2520 2847 2566 est
2877 2522 3063 2580 caput.
3098 2510 3364 2566 Confecto
3398 2512 3565 2582 igitur
3592 2516 3643 2565 in

2069 2604 2275 2658 vertice
2346 2603 2554 2673 majore
2579 2603 2783 2673 sigillo,
2834 2610 2893 2657 ut
2940 2602 3115 2673 ipsius
3164 2605 3524 2661 sanctiﬁcatio
3579 2609 3647 2659 ab

2069 2710 2136 2752 eo
2172 2699 2321 2750 velut
2358 2708 2386 2747 a
2423 2693 2607 2748 radice
2658 2695 2714 2749 in
2766 2694 3085 2750 universum
3118 2694 3394 2751 hominem
3458 2714 3648 2769 perve-

2070 2788 2208 2853 niat,
2236 2787 2433 2841 iterum
2463 2785 2759 2841 adducitur
2788 2788 2856 2841 ad
2881 2789 3226 2859 cpisc0pum,
3256 2790 3370 2859 jam
3407 2808 3500 2861 per
3529 2806 3647 2849 ton-

2072 2892 2259 2933 suram
2338 2888 2741 2946 consecratus,
2794 2888 2848 2935 et
2907 2880 3163 2949 phenolio
3224 2882 3337 2939 sive
3397 2886 3647 2952 camisin,

2073 2970 2219 3041 quod
2246 2979 2328 3025 est
2356 2986 2642 3025 sacrorum
2676 2971 3123 3027 indumentorum
3156 2973 3391 3042 primum
3451 2985 3505 3031 et
3540 2980 3651 3033 vel-

392 3075 542 3129 ὲστὶν
576 3068 830 3140 ἀπαρχὴ,
862 3065 1025 3119 τοῦτο
1054 3064 1153 3135 τὴν
1172 3064 1335 3133 χεῖρα
1364 3060 1460 3115 τοῦ
1490 3058 1748 3130 ίεράρχου
1782 3059 1965 3110 ἀσπα-

2074 3065 2153 3119 uti
2197 3064 2473 3135 primitiae,
2506 3064 2816 3129 benedicto,
2849 3081 3184 3138 manumque
3206 3069 3478 3138 pontiﬁcis
3502 3072 3651 3130 'deo-

396 3169 622 3237 ζόμενος
661 3161 907 3217 ἐνδύεται
959 3154 1036 3230 τῷ
1063 3157 1342 3228 τραχήλῳ,
1388 3155 1464 3220 ὡς
1520 3152 1628 3206 ὑπὸ
1673 3151 1765 3206 τὸν
1800 3149 1968 3218 ζυγὸν

397 3261 569 3317 ἐλθὼν
601 3244 723 3330 τῆς
753 3250 1076 3328 ἱερωσύνης,
1114 3252 1211 3306 καὶ
1245 3248 1351 3305 ὑπὸ
1395 3250 1503 3321 τὴν·
1543 3247 1757 3320 σκέπην
1806 3262 1969 3316 γεγο-

398 3352 501 3416 νὼς
524 3349 619 3404 τοῦ
654 3347 815 3414 Θεοῦ,
838 3344 935 3398 καὶ
969 3341 1372 3414 ἀφαιρούμενος
1404 3342 1487 3401 είς
1532 3337 1843 3409 ὑπηρεσίαν
1892 3335 1971 3405 τῷ

396 3444 535 3515 θεῷ.
573 3438 708 3496 Εἶτα
735 3438 923 3493 ἐπάνω
947 3436 1044 3507 τῆς
1081 3430 1382 3504 σφραγῖδος
1432 3429 1796 3502 σφραγίζεται
1826 3428 1968 3498 τρίς.

398 3538 508 3589 Καὶ
541 3532 774 3603 θεμένου
814 3530 916 3602 τὴν
948 3527 1111 3599 χεῖρα
1142 3527 1238 3579 ἐπὶ
1272 3524 1339 3595 τῇ
1368 3523 1629 3592 σφραγῖδι
1651 3520 1747 3575 τοῦ
1783 3521 1973 3591 ίεράρ-

398 3645 522 3700 χου,
558 3625 654 3696 τὴν
688 3618 1065 3690 σκεπαστικὴν
1103 3617 1336 3687 δύναμιν
1371 3612 1823 3683 ἐπιδεικνυμένου
1876 3612 1972 3665 τοῦ

398 3720 561 3786 Θεοῦ,
592 3718 687 3772 καὶ
726 3716 809 3769 ὅτι
865 3710 1191 3783 μεταδίδωσι
1250 3709 1508 3780 χάριτος,
1554 3706 1779 3777 εὔχεται
1818 3704 1975 3768 οὗτος

402 3811 728 3882 άγιασθῆναι
794 3809 885 3859 τὸν
952 3803 1333 3873 τελειούμενον
1387 3798 1785 3869 ἐκλελεγμένον
1843 3797 1975 3850 ὄντα

403 3906 572 3977 αὐτῷ,
620 3902 717 3959 καὶ
774 3900 914 3972 μετὰ
972 3899 1159 3965 πάσης
1212 3893 1406 3962 σοφίας
1436 3906 1495 3945 τε
1553 3892 1649 3944 καὶ
1707 3888 1976 3950 συνέσεως

410 3997 681 4054 ποιεῖσθαι
705 3995 805 4065 τὴν
830 3990 1140 4059 ἀνάγνωσίν
1171 4004 1231 4042 τε
1263 3987 1359 4041 καὶ
1389 3984 1621 4056 μελέτην
1656 3983 1770 4037 τῶν
1814 3980 1976 4035 θείων

410 4089 628 4158 λογίων.
662 4085 772 4139 Καὶ
814 4080 989 4144 οὕτως
1022 4075 1369 4150 εὐχαριστῶν
1400 4074 1601 4127 τελειοϊ
1639 4073 1707 4127 τὰ
1737 4073 1840 4142 τῆς
1891 4073 1979 4124 εὐ-

408 4183 530 4254 χῆςο
560 4179 717 4232 Μετὰ
745 4174 843 4243 τὴν
870 4172 1035 4242 εὐχὴν
1070 4171 1126 4223 δὲ
1166 4166 1466 4238 σφραγίζιι
1500 4164 1669 4219 πάλιν
1711 4164 1979 4227 autem;

408 4272 713 4327 τελείωσιν.
739 4266 851 4319 Καὶ
881 4262 1181 4334 εἰρηνεύων
1208 4260 1300 4314 διὰ
1328 4259 1433 4330 τὴν
1485 4260 1549 4312 ἐκ
1581 4256 1718 4311 Θεοῦ
1749 4258 1979 4327 είρήνην

409 4370 500 4420 καὶ
530 4364 630 4434 τὴν
660 4363 718 4416 ἐν
748 4357 870 4429 Θεῷ
893 4357 1092 4410 ἕνωσιν
1113 4394 1129 4420 ,
1161 4354 1339 4406 εἰπεῖν
1376 4352 1767 4421 προτρέπεται,
1802 4350 1849 4401 εί
1879 4348 1980 4418 μὲν

2076 3158 2321 3214 sculatus
2350 3173 2448 3229 per
2504 3158 2700 3214 collum
2737 3157 3001 3223 induitur,
3036 3176 3143 3215 non
3171 3176 3331 3219 secus
3362 3178 3424 3219 ac
3463 3167 3510 3223 si
3566 3167 3654 3238 ju-
3714 3225 3718 3230 ,

2078 3265 2205 3321 gum
2240 3248 2534 3305 sacerdotii
2585 3249 2816 3313 subiret,
2865 3247 3069 3320 Deique
3113 3254 3435 3320 protectioni
3491 3251 3655 3325 subji-

2078 3350 2315 3405 ceretur,
2363 3350 2419 3398 et
2452 3342 2760 3398 ministerio
2816 3341 3193 3399 devoveretur.
3249 3344 3454 3402 Deinde
3502 3348 3656 3419 signo

2078 3433 2260 3488 crucis
2310 3443 2391 3487 ter
2415 3432 2736 3503 obsignatur
2763 3447 2928 3502 super
2977 3433 3214 3503 sigillum
3265 3444 3490 3493 tonsura
3540 3439 3657 3494 int-

2079 3533 2352 3588 pressum.
2394 3519 2459 3573 Et
2490 3520 2787 3590 episcopus
2817 3535 3025 3590 ponens
3060 3539 3281 3579 manum
3329 3543 3498 3599 super
3526 3528 3654 3583 illud

2081 3610 2318 3679 sigillum
2350 3611 2475 3681 (qua
2511 3626 2569 3667 re
2596 3613 2772 3668 virtus
2826 3613 2921 3668 Dei
2975 3624 3270 3687 protegens
3314 3627 3369 3674 et
3425 3622 3654 3691 gratiam

2082 3705 2498 3760 cemmunirans
2523 3704 2591 3759 ab
2623 3720 2688 3760 eo
2719 3702 3171 3778 demonstratur),
3192 3706 3363 3764 Deum
3402 3723 3659 3781 precatur

2084 3802 2145 3849 ut
2182 3796 2621 3851 consecrandum
2658 3796 2760 3851 sihi
2817 3797 3057 3852 electum
3084 3798 3411 3867 sanctiﬁcet,
3449 3812 3657 3859 etcum

2084 3889 2233 3943 omni
2273 3887 2544 3959 sapientia
2573 3894 2628 3944 et
2658 3887 2941 3958 prudentia
2974 3891 3279 3947 divinorum
3310 3897 3657 3952 oraculorum

2088 3981 2376 4036 lectionem
2412 3988 2467 4035 et
2503 3980 2916 4036 meditationem
2980 3993 3252 4051 exerceat,
3305 3987 3497 4057 sicque
3537 4005 3662 4059 gra-

2089 4076 2191 4128 tias
2219 4086 2386 4143 agens
2411 4073 2550 4127 hanc
2574 4074 2879 4129 orationem
2915 4074 3175 4145 complet.
3201 4076 3463 4134 Oratione
3510 4095 3663 4135 com-

2088 4168 2235 4236 pleta
2280 4168 2479 4221 iterum
2508 4166 2762 4236 obsignat
2796 4182 2918 4222 cum
2948 4169 3014 4222 ad
3045 4170 3375 4224 sacramenti
3406 4185 3664 4228 consum—

2090 4259 2411 4323 mationem,
2450 4272 2749 4328 pacemque
2779 4258 2856 4312 illi
2887 4271 3141 4329 precatur
3199 4270 3420 4332 propter
3470 4278 3660 4333 pacein

2092 4364 2124 4404 a
2160 4346 2269 4405 Deo
2293 4348 2668 4413 obtinendam,
2693 4361 2747 4405 et
2777 4365 2901 4406 cum
2935 4368 3000 4408 eo
3050 4353 3348 4421 unionem;
3380 4363 3436 4408 et
3480 4357 3664 4410 dicere

409 4457 765 4525 ἀναγνώστης
795 4450 932 4513 ἐστι,
969 4446 1279 4519 περικοπὴν
1306 4443 1675 4513 άποστολικήν
1696 4457 1711 4471 ⁸
1749 4442 1798 4494 εἰ
1827 4439 1885 4493 δέ
1915 4456 1967 4508 γε

2086 4456 2208 4497 eum
2250 4440 2425 4510 jubet,
2466 4441 2513 4497 si
2550 4441 2603 4495 in
2634 4442 2895 4497 lectorem
2918 4443 3207 4501 ordinatus
3238 4454 3345 4513 est,
3376 4447 3664 4501 lectionem

411 4549 644 4619 ψάλτης,
667 4547 732 4598 ὲκ
768 4541 866 4597 τοῦ
892 4539 1211 4609 Ψαλτῆρος.
1242 4536 1352 4590 Καὶ
1392 4533 1569 4599 οὕτως
1596 4534 1820 4605 εἰρήνην
1860 4532 1984 4596 δοὺς

410 4641 559 4710 αὐτῷ
594 4638 690 4693 καλ⁸
717 4636 1046 4705 εὐξάμενος,
1106 4629 1337 4685 ἀπολύει
1388 4631 1454 4699 τῇ
1488 4626 1752 4699 σφραγῖδι
1784 4626 1985 4679 πάντο-

408 4736 502 4788 θεν
531 4730 788 4803 τειχίζων
837 4728 1000 4783 αὐτὸν
1028 4725 1121 4778 τὸν
1165 4722 1519 4793 τελούμενον.
1575 4720 1732 4783 Τινὲς
1796 4717 1854 4771 δὲ
1891 4717 1987 4770 καὶ

406 4833 527 4892 ταῖς
550 4828 742 4899 ρήσεσι
778 4821 890 4875 τῶν
918 4816 1388 4880 ἀναγνωσθέντων
1414 4812 1771 4885 προσέχουσι,
1795 4810 1891 4864 καὶ
1907 4807 1979 4875 ὡς

409 4922 676 4992 προοίμια
709 4917 807 4971 καὶ
837 4914 1116 4983 δείγματα
1155 4912 1342 4980 ἔχουσι
1375 4908 1581 4970 ταύτας
1622 4906 1723 4975 τῆς
1753 4901 1864 4958 τῶν
1892 4921 1985 4957 τε-

406 5020 498 5071 λου
508 5020 683 5085 μένων
716 5010 881 5079 ζωῆς.

1010 5099 1262 5152 ΚΕΦΑΛ.
1297 5094 1412 5151 PE'.

573 5198 720 5251 Ὅσα
750 5195 982 5264 ὀφείλει
1018 5192 1051 5245 ὀ
1084 5188 1482 5260 ἁναγνώστης
1514 5184 1804 5254 ἐνεργεῖν.

480 5317 665 5378 οὕτως
721 5308 816 5366 οὖν
866 5313 894 5361 ὁ
942 5312 1021 5371 είς
1077 5305 1437 5375 ἀναγνώστην
1505 5302 1785 5363 καταστὰς
1830 5294 1984 5361 οὗτος

410 5413 508 5472 τάς
546 5426 609 5461 τε
636 5407 785 5468 θείας
842 5406 921 5474 τῷ
948 5402 1065 5471 λαῷ
1100 5402 1288 5454 ἔκτοτε
1351 5397 1804 5465 ὑπαναγινιὶσκει
1848 5396 1989 5463 Γρα-

410 5506 538 5571 φὰς,
569 5496 1011 5571 προτρεπόμενος
1036 5494 1142 5547 ὑπὸ
1173 5492 1499 5561 διακόνωνῆ
1530 5490 1749 5559 ἱερέων,
1786 5489 1855 5540 τὰ
1878 5487 1989 5538 τῶν

412 5590 705 5665 προφητῶν
735 5588 937 5658 δηλαδὴ
974 5586 1212 5639 καὶτῶν
1243 5583 1561 5637 ἀποστόλων
1622 5580 1749 5647 ἱερὰ
1803 5578 1986 5643 λόγια,

413 5687 702 5753 ἱστάμενος
756 5682 814 5732 ὲν
860 5679 937 5748 τῷ
980 5679 1129 5749 μέσῳ
1177 5678 1253 5739 ὡς
1293 5674 1660 5744 ἐσφράγισται
1710 5669 1985 5736 ἀσκεπής.

426 5777 583 5828 ausa
616 5773 708 5827 καὶ
736 5772 815 5834 είς
842 5774 902 5823 τὸ
936 5773 1085 5841 βῆμα
1121 5772 1314 5839 χωρῶν
1341 5770 1415 5832 ὡς
1445 5768 1540 5822 τοῦ
1565 5766 1812 5836 βήματος
1844 5762 1987 5831 ὑπη-

2090 4545 2157 4585 ex
2223 4529 2519 4599 Apostolo;
2570 4532 2614 4586 si
2673 4547 2800 4586 vero
2838 4534 2892 4587 in
2922 4545 3227 4601 cautorem,
3254 4550 3321 4589 ex
3377 4535 3665 4592 Psalterio.

2088 4624 2289 4693 Sicque
2322 4624 2447 4679 data
2489 4625 2566 4679 illi
2600 4640 2735 4695 pace
2768 4636 2821 4680 et
2852 4638 3130 4696 precatus,
3162 4638 3548 4685 consecratum
3577 4630 3663 4684 di-

2089 4719 2259 4772 mittit
2284 4716 2527 4788 undique
2560 4721 2717 4788 siguo
2745 4723 2926 4776 crucis
2957 4723 3100 4775 velut
3134 4737 3295 4777 muro
3324 4722 3566 4777 cinctum
3612 4737 3666 4777 et

2094 4809 2384 4863 munitum.
2424 4810 2685 4864 Nonnulli
2723 4812 2908 4868 verbis
2958 4813 3112 4866 lectis
3144 4813 3457 4879 attendunt,
3495 4830 3668 4883 eaque

2089 4902 2239 4956 velut
2295 4902 2519 4971 praemia
2550 4914 2602 4956 et
2629 4913 2951 4974 argumenta
2997 4904 3194 4959 futura:
3219 4913 3667 4959 consecratorutn

2058 5012 2061 5015 '
2090 4996 2213 5049 vita:
2234 4995 2534 5049 aestimant.

2681 5086 2910 5142 CAPUT
2951 5087 3112 5142 CLX.

2338 5186 2599 5252 Quanam
2648 5185 2869 5240 debeant
2904 5203 2936 5239 a
2981 5185 3175 5241 lectore
3212 5188 3413 5257 peragi.

2165 5302 2253 5356 Sic
2285 5301 2453 5371 igitur
2484 5301 2577 5370 qui
2628 5302 2799 5357 lector
2828 5303 3165 5359 constitutus
3188 5314 3275 5361 est
3326 5304 3457 5376 legit
3487 5304 3556 5361 ab
3605 5320 3673 5361 eo

2093 5404 2338 5463 tempore
2369 5393 2687 5464 Seripturas
2726 5406 2949 5466 propter
2976 5395 3232 5466 populum
3252 5398 3479 5467 positas,
3516 5411 3671 5452 saera

2090 5486 2300 5541 scilicet
2320 5486 2706 5556 prophetarum
2728 5496 2784 5541 et
2814 5488 3189 5556 apostolorum
3210 5488 3458 5553 oracula,
3489 5502 3521 5540 a
3554 5488 3674 5540 dia-

2091 5578 2251 5633 conis
2286 5582 2366 5632 vel
2400 5578 2737 5648 presbyteris
2755 5578 2968 5647 jussus,
2993 5589 3146 5635 stans
3169 5581 3223 5634 in
3256 5580 3459 5645 medio,
3485 5592 3675 5648 aperto

2089 5670 2269 5740 capite
2294 5685 2361 5725 eo
2395 5670 2553 5725 modo
2608 5685 2716 5740 quo
2748 5672 3068 5740 obsignatas
3104 5682 3211 5727 est.
3253 5670 3363 5725 Nec
3422 5670 3526 5724 hoc
3557 5680 3674 5723 tan-

2091 5770 2228 5827 tum,
2266 5777 2454 5817 verum
2501 5761 2665 5817 etiam
2716 5764 3092 5819 sanctuarium
3118 5762 3430 5832 ingrediens
3461 5769 3518 5815 ut
3548 5774 3675 5815 san-
