4078 6422
411 274 515 342 367

1234 286 1620 347 SYMEONIS
1644 286 2402 350 THESSALONICENSIS
2443 288 2807 354 AliCilIEP.

3568 292 3672 355 368

412 393 609 448 etuarii
643 395 919 463 minister,
959 396 1168 451 lumina
1200 398 1489 464 aeccnditf
1527 400 1820 470 ignemque
1850 399 1993 453 alteri

2078 454 2081 462 _
2115 400 2303 470 ρέτης,
2340 402 2575 455 ἀνάπτει
2609 402 2790 468 φῶτα,
2830 404 2923 455 καὶ
2953 399 3060 472 πῦρ
3090 406 3357 473 «uocare:
3388 404 3469 475 τῷ
3521 407 3679 476 ίερεῖ,

417 486 714 552 sacerdoti,
746 489 1110 558 praeceditque
1141 505 1333 546 cereos
1367 506 1634 548 accensos
1657 501 1784 546 ante
1807 502 1996 545 sancta

2108 495 2204 545 καὶ
2241 494 2648 561 περπερεύεται
2700 494 3154 567 λαμπαδηφορῶν
3204 498 3314 551 τῶν
3348 497 3538 566 ἁγίων,
3585 500 3683 554 καὶ

417 574 558 630 dona
602 585 862 647 gestans;
919 578 1224 634 oblationes
1271 594 1517 650 quoque,
1571 590 1625 634 et
1670 593 1892 650 aquam,
1946 587 1993 633 et

2102 583 2204 646 τὰς
2255 586 2595 654 προσφορὰς,
2646 589 2742 640 καὶ
2777 587 2838 639 τὸ
2875 586 3041 657 ὕδωρ,
3098 588 3197 642 καὶ
3241 589 3302 642 τδ
3360 590 3479 654 ζέον
3523 591 3679 662 φέρει

416 666 678 722 fervidam
713 670 985 724 sacerdoti
1018 664 1196 737 εὔει-ι,
1228 680 1282 726 et
1318 681 1551 727 exornat
1582 686 1704 741 qua:
1755 672 1821 725 ad
1853 680 1990 725 tem-

411 762 557 829 plum
615 769 883 829 Spectant,
943 772 1252 833 cmteraque
1284 763 1695 829 subministrat;
1758 764 1989 834 hymnus

408 861 628 922 ququ
648 848 867 907 divinos
900 854 1265 923 psallentibus
1328 856 1596 924 prmcinit,
1653 854 1768 909 sive
1819 868 1986 907 cano-

411 961 532 1000 ncm
569 946 781 1016 incipit,
808 958 993 1017 atque,
1036 957 1096 1002 ut
1148 949 1397 1005 absolute
1431 949 1633 1012 dicam,
1675 947 1987 1002 divinorum

414 1038 660 1093 minister
687 1049 770 1095 est
798 1043 850 1094 in
881 1041 1103 1111 templo.
1135 1040 1261 1096 "rec
1294 1051 1475 1096 autem
1508 1039 1690 1096 omnia
1711 1053 1844 1094 eum
1882 1038 1993 1108 pie-

410 1147 521 1189 tate
546 1143 598 1189 ει
630 1144 866 1190 tremore
892 1152 1054 1206 agere
1086 1139 1272 1202 debet,
1298 1146 1353 1192 et
1382 1151 1615 1206 quarum
1647 1148 1834 1190 rerum
1889 1131 1992 1186 mi-

407 1236 582 1285 nister
611 1240 717 1295 est,
751 1234 1071 1301 attendere;
1109 1233 1349 1303 cegitare
1373 1246 1593 1304 quoque
1629 1247 1688 1287 se
1718 1230 1814 1285 Dei
1847 1247 1991 1299 eSse,

404 1331 453 1374 et
514 1337 705 1375 eorum
767 1321 862 1391 qui
921 1324 988 1378 ad
1055 1341 1179 1379 ettm
1245 1324 1818 1397 appropinquant;et
1865 1338 1992 1379 cum

2102 676 2276 745 αὐτῷ,
2303 677 2398 729 καὶ
2431 678 2699 746 εύκοσμεῖ
2726 680 2794 733 τὰ
2820 680 2915 733 τοῦ
2952 680 3110 745 ναοῦ,
3148 682 3245 734 καὶ
3282 683 3349 736 τὰ
3374 682 3509 737 ἄλλα
3536 684 3679 754 ὑπη-

2106 768 2277 840 ρετεῖ,
2312 768 2405 820 καὶ
2477 769 2603 829 τοὺς
2668 766 2846 832 θείους
2906 771 3166 840 προλέγει
3217 772 3330 835 τοῖς
3385 769 3679 840 ψάλλουσιν

2097 838 2320 930 ὕμνους,
2350 861 2466 931 ἤτοι
2504 865 2861 932 κανοναρχεί·
2898 838 2989 917 καὶ
3029 864 3216 927 ἁπλῶς
3244 838 3531 935 ὑπηρέτης
3563 865 3675 916 τῶν

2099 952 2259 1007 θείων
2288 954 2437 1006 ἐστὶν
2492 955 2551 1007 ἐν
2584 955 2663 1024 τῷ
2693 954 2832 1023 ναῷ.
2883 956 2979 1018 Ὃς
3009 954 3077 1026 δὴ
3137 955 3232 1009 καὶ
3282 954 3491 1024 ὀφείλει
3552 954 3673 1026 μετ’

2095 1044 2377 1107 εὐλαϐείας
2409 1047 2585 1098 πάντα
2631 1048 2825 1111 ποιεῖν,
2868 1048 2961 1100 καὶ
2990 1047 3290 1116 γινώσκειν
3317 1047 3482 1101 τίνων
3536 1047 3676 1115 ὑπη-

2096 1138 2260 1207 ρέτης
2299 1136 2458 1208 140
2489 1138 2626 1201 ἐστὶ,
2649 1139 2745 1191 καὶ
2773 1138 2855 1191 δτι
2885 1137 3046 1203 Θεοῦ,
3073 1141 3167 1193 καὶ
3206 1141 3314 1193 τῶν
3344 1139 3674 1208 ἐγγιζόντων

2094 1228 2247 1283 ἐστὶν
2274 1230 2444 1298 αύτῷ,
2480 1231 2574 1282 καὶ
2604 1231 2744 1299 μετὰ
2772 1231 2883 1284 τῶν
2924 1232 3098 1300 ἁγίων
3139 1232 3424 1305 ὑπηρετεῖ,
3483 1232 3667 1286 ἐκεῖσε

2097 1319 2320 1390 βαίνων,
2350 1321 2484 1373 ὅπου
2517 1322 2786 1393 χωροῦσιν
2808 1323 2856 1376 oi
2894 1323 3142 1393 ἄγγελοι.

401 1412 610 1491 sant-tis
649 1427 710 1467 se
746 1413 1081 1483 ministrare,
1139 1416 1379 1486 illucque
1438 1417 1701 1473 accedere
1752 1429 1863 1487 quo
1923 1430 1983 1473 se
2019 1399 2317 1471 conferunt
2352 1418 2534 1486 angeli
2563 1430 2615 1471 et
2647 1417 2919 1476 habitant.

965 1530 1197 1588 CAPUT
1238 1530 1426 1587 CLXI.

997 1626 1070 1679 De
1114 1627 1464 1681 subdiacono.

470 1712 604 1769 Post
648 1716 879 1771 lectores
954 1716 1226 1786 sequitur,
1260 1727 1319 1773 ut
1373 1719 1633 1784 diximus,
1698 1720 1988 1776 subdiaco-

2666 1525 2936 1590 ΚΕΦΔΛ.
2952 1533 3120 1590 PEA'.

2570 1622 2710 1693 Περὶ
2740 1624 3182 1681 ὺποδιακόνων.

2162 1717 2319 1770 Μετὰ
2356 1716 2579 1780 τούτους
2610 1721 2737 1779 τοὺς
2792 1716 3175 1785 ἀναγνώστας,
3221 1717 3298 1781 ὡς
3331 1715 3568 1789 ἔφημεν,
3637 1722 3671 1791 ἡ

400 1822 597 1859 norum
634 1806 797 1874 ordo,
830 1807 922 1877 qui
980 1807 1253 1863 iectorat‘n
1318 1808 1595 1864 excelsior
1631 1820 1738 1879 est,
1796 1819 1985 1881 utpote

2090 1806 2241 1872 τάξις
2266 1806 2376 1862 τῶν
2408 1807 2781 1862 ὑποδιακόνων
2835 1810 3006 1875 ἐστὶν,
3055 1810 3177 1881 ἥτις
3210 1811 3303 1863 καὶ
3337 1811 3665 1883 ὑψηλοτέρα.

400 1892 646 1952 diaeonis
678 1906 889 1953 tantum
918 1901 1283 1970 postpositus.
1341 1898 1666 1956 Leetoribus
1713 1910 1897 1957 autem
1927 1910 1983 1957 et

397 1991 584 2059 psaltis
614 1992 739 2045 licet
772 2000 896 2062 post
922 2006 1239 2062 susceptum
1268 1993 1520 2048 divinum
1564 1993 1810 2064 sigillum
1850 1994 1987 2063 legi-

397 2083 532 2136 titno
591 2083 943 2138 matrimonio
987 2084 1190 2154 jungi;
1232 2085 1589 2141 subdiaconi-s
1655 2097 1836 2143 autem
1877 2103 1988 2143 non

395 2173 655 2241 amplius.
692 2172 770 2228 llli
809 2175 976 2245 igitur
1010 2185 1307 2248 postquam
1340 2179 1564 2234 lectoris
1592 2179 1840 2252 sigillum
1874 2181 1983 2251 pri-

396 2277 540 2315 mum
590 2272 944 2335 acceperunt,
977 2274 1031 2320 et
1084 2267 1225 2322 bene
1285 2266 1692 2335 ministrarum,
1745 2278 1988 2337 tempore

395 2352 524 2405 huic
565 2338 1320 2426 ordinationisuscipienda;
1374 2356 1604 2413 deﬁnito
1656 2356 1982 2416 offeruntur.

396 2438 637 2509 Tempus
693 2448 878 2496 ante‘m‘
901 2455 984 2499 est
1024 2460 1202 2500 annus
1230 2446 1404 2502 aetatis
1434 2447 1751 2505 vicesimus.

963 2622 1192 2682 CAPUT
1220 2623 1431 2695 ean.

851 2708 1183 2772 Subdiacom’
1227 2721 1522 2776 ordinatio.

463 2802 725 2862 Pontiﬁce
747 2805 916 2877 igitur
950 2818 1132 2863 stante
1174 2819 1302 2864 ante
1326 2821 1509 2880 portas
1560 2812 1763 2882 regias,
1814 2813 1980 2867 missa

389 2897 632 2951 nondntn
655 2900 895 2970 incepta,
919 2894 1325 2971 adduciturqui
1348 2918 1542 2958 manus
1576 2904 1978 2975 itnpositionem
2006 2968 2011 2975 ,

388 2991 709 3045 subdiaconi
744 3002 1071 3062 accepturus
1107 3001 1214 3056 est,
1256 3005 1460 3049 vestem
1497 2997 1705 3065 nigram
1755 2992 1979 3055 indutus

386 3092 442 3137 et
462 3086 830 3155 porpltyreutu
867 3084 1182 3140 camisi'utn.
1215 3085 1716 3159 Accendunturque
1741 3088 1977 3144 lumina-

2090 1899 2166 1963 ὥς
2205 1903 2346 1970 μετὰ
2388 1902 2517 1965 τοὺς
2563 1901 2845 1965 διακόνους
2891 1898 3050 1958 οὖσα.
3114 1905 3225 1958 Καὶ
3282 1905 3330 1957 οἱ
3382 1906 3482 1975 μὲν
3539 1907 3670 1958 ἁναέ

2091 1993 2339 2061 γνῶσται
2368 1995 2464 2046 καὶ
2497 1993 2700 2063 ψάλται
2737 1996 2876 2064 μετὰ
2903 1995 3001 2066 τὴν
3055 1996 3329 2066 σφραγῖδα
3377 1998 3476 2067 τὴν
3521 1997 3673 2052 θείαν

2092 2083 2186 2137 καί
2214 2088 2295 2148 είς
2330 2084 2511 2155 γάμον
2546 2084 2773 2149 ἔννομον
2805 2085 2982 2139 ἐλθεῖν
3036 2087 3451 2159 συγχωροῦνται
3485 2105 3498 2118 ·
3540 2094 3670 2143 ὐπο-

2090 2177 2331 2231 διάκονοι
2356 2177 2415 2231 δὲ
2444 2177 2654 2231 οὐκέτι.
2685 2178 2851 2232 Οὗτοι
2888 2180 3070 2233 τοίνυν
3096 2184 3195 2253 τὴν
3227 2184 3503 2252 σφραγῖδα
3538 2185 3670 2257 πρό-

2089 2286 2247 2339 τερον
2273 2269 2367 2322 τοῦ
2392 2269 2746 2339 ἀναγνώστου
2778 2271 3064 2340 λαόόντες,
3098 2276 3192 2328 καὶ
3228 2276 3411 2341 καλῶς
3461 2278 3670 2349 ἐξυπη-

2093 2362 2447 2431 ρετήσαντες,
2479 2364 2538 2415 ὲν
2571 2363 2657 2434 τῷ.
2681 2364 2975 2435 ὡρισμένῳ
2996 2365 3175 2437 καιρῷ
3204 2367 3302 2437 τῆς
3332 2370 3669 2439 χειροτονίας

2086 2452 2296 2523 ταύτης
2321 2450 2626 2523 ἀξιωθῆναι
2691 2459 3092 2526 προσάγονται.
3147 2459 3359 2532 Καιρὸς
3392 2461 3452 2514 δὲ
3488 2462 3668 2528 αὐτοῖς

2088 2542 2149 2595 τδ
2175 2544 2428 2598 εἰκοστὸν
2458 2544 2604 2609 ἔτος.

2622 2640 2877 2697 ΚΕΦΑΛ.
2910 2642 3082 2700 ΡΞΒ’.

2472 2731 2820 2800 Χειροτονία
2849 2735 3286 2797 ὐποδιακόνου.

2156 2820 2264 2874 Τοῦ
2292 2823 2598 2893 ἀρχιερέως
2631 2826 2816 2881 τοίνυν
2850 2828 3141 2901 ἱσταμένου
3176 2833 3524 2908 ὴλλαγμὲνου
3557 2841 3666 2909 πρδ

2082 2911 2195 2966 τῶν
2220 2913 2523 2984 βασιλικῶν
2565 2917 2773 2982 πυλῶν,
2807 2909 2979 2990 μήπω
3011 2924 3331 2999 ἀρξαμένης
3377 2929 3479 3000 τῆς
3515 2932 3664 3002 ἱερᾶς

2082 3002 2456 3076 λειτουργίας,
2513 3009 2857 3077 προσάγεται
2912 3015 2940 3065 ὁ
2993 3013 3090 3084 τὴν
3151 3019 3494 3089 χειροθεσίαν
3569 3025 3664 3077 τοῦ

2084 3097 2449 3151 ύποδιακόνου
2483 3098 2803 3170 λαμϐάνων,
2840 3107 2983 3173 μετὰ
3018 3109 3117 3161 τοῦ
3153 3111 3383 3181 μέλανος
3439 3116 3660 3184 ίματίου

387 3175 492 3239 ria,
526 3176 670 3245 quod
709 3177 782 3260 in.
797 3176 945 3229 omni
969 3177 1315 3233 ordinatione
1346 3176 1462 3234 ﬁeri
1494 3180 1631 3236 solet
1658 3180 1714 3235 in
1748 3180 1973 3251 gloriam

2083 3187 2302 3242 καὶτοῦ
2332 3192 2619 3260 πορφυροῦ
2657 3195 2941 3265 καμισίου,
2989 3200 3387 3272 ἁναπτομένων
3442 3207 3659 3275 φώτων.

389 3266 575 3336 magni
641 3262 915 3333 Luminis,
944 3276 998 3322 et
1047 3268 1573 3325 demonstrationem
1621 3272 1977 3326 illutninatio~

386 3359 475 3414 nis
502 3357 765 3413 divinitus
795 3352 1250 3416 subministrata}.
1282 3359 1487 3417 Deinde
1506 3361 1664 3432 jussu
1693 3365 1972 3436 pontiﬁcis

384 3450 670 3504 eatnisintn
697 3451 943 3522 deponit,
970 3463 1026 3507 et
1098 3453 1419 3508 sticltariutn
1473 3454 1653 3508 induit
1713 3456 1974 3526 pontiﬁce

387 3543 567 3611 ipsum
618 3541 994 3599 benedicente.
1031 3543 1137 3598 Sed
1178 3546 1329 3614 prius
1365 3546 1433 3601 ad
1469 3547 1733 3603 orientem
1775 3562 1972 3604 versus

386 3642 468 3684 ter
491 3632 658 3687 Deum
708 3634 901 3688 adorat
959 3644 1240 3690 auctorem
1302 3644 1358 3689 et
1417 3636 1967 3693 subministratorem

383 3722 869 3790 illutninationum,
899 3726 1045 3779 velut
1088 3726 1157 3781 ad
1184 3726 1447 3797 majorem
1479 3728 1965 3798 illuminationetn,

381 3828 500 3888 qum
529 3816 796 3871 sticbario
842 3817 1207 3887 signiﬁcatur,
1254 3822 1542 3875 accedens.
1594 3818 1966 3893 Porpltyream

382 3908 604 3975 quidem
633 3918 832 3963 restem
850 3910 1021 3975 exuit,
1048 3925 1171 3979 quae
1223 3912 1498 3981 passionis
1544 3912 1809 3967 indicium
1860 3921 1964 3979 est,

383 4008 567 4070 utpote
598 4001 800 4058 vibices
828 4002 1009 4057 adhuc
1036 4003 1484 4074 sanguinolentus
1527 4004 1799 4063 indicans.

927 4176 1160 4240 CAPUT
1199 4182 1430 4240 CLXIlI.

380 4270 555 4335 Quare
594 4269 825 4327 candida
858 4275 1040 4328 tunica
1067 4276 1173 4352 sive
1201 4277 1454 4352 stichario
1487 4278 1743 4332 induatur
1775 4280 1958 4352 cinga-

862 4354 916 4397 tu
926 4360 1049 4415 rque
1083 4348 1462 4404 subdiaconus.

451 4432 556 4488 Sed
579 4434 758 4489 album
789 4437 1109 4491 sticitariunt
1142 4438 1482 4509 demonstrat
1506 4441 1753 4508 puriores
1778 4441 1963 4511 gloria:

382 4526 473 4582 Dei
537 4528 739 4595 radios,
784 4531 1153 4600 amictumque
1176 4532 1609 4602 perturbationis
1656 4519 1993 4604 expertemQ

2078 4547 2225 4620 Ξόξης
2249 4550 2341 4603 τοῦ
2382 4552 2519 4606 Θεοῦ
2551 4517 2849 4629 περιέολὲην
2907 4517 3095 4634 ἀπίτθῆ
3150 4517 3648 4635 ὲμᾷαίνωῗνῖνείὲἓ

379 4619 515 4674 Eunt
546 4622 708 4675 etiam
734 4623 983 4692 cingunt,
1014 4632 1071 4676 ut
1099 4628 1326 4679 doceant
1356 4639 1480 4679 eum
1505 4635 1614 4678 non
1653 4639 1815 4695 posse
1840 4642 1961 4681 am-

376 4712 520 4782 plius
552 4722 757 4767 vestem
786 4715 1055 4770 castitatis
1109 4730 1212 4771 suo
1232 4716 1465 4771 arbitrio
1502 4717 1807 4786 possidere,
1864 4720 1958 4775 sed

375 4807 548 4874 ipsam
578 4807 722 4861 circa
754 4807 970 4864 lumbos
1015 4809 1135 4879 ejus
1177 4809 1234 4863 in
1276 4809 1591 4864 humilitate
1642 4813 1954 4883 constringi

377 4913 473 4966 per
506 4901 923 4968 temperantiam
964 4910 1017 4955 et
1043 4906 1376 4965 castitatem,
1409 4909 1533 4955 “cum
1584 4901 1635 4956 in
1680 4914 1957 4972 posterum

326 4986 347 5023 ~‘
376 5004 601 5043 uxorem
638 4990 839 5046 ducere
856 5006 963 5046 non
988 4992 1187 5061 possit.
1218 4991 1422 5047 Adieus
1445 4993 1609 5062 igitur
1633 4994 1954 5065 episcopum

375 5086 444 5133 ab
479 5094 545 5134 eo
573 5080 843 5150 signatur,
879 5083 1005 5152 quia
1035 5081 1197 5137 Jesus
1232 5083 1323 5152 qui
1353 5083 1716 5138 mortilicatus
1766 5096 1848 5140 est
1904 5094 1960 5140 et

375 5169 531 5233 vivit,
565 5172 741 5239 ipsum
774 5173 1081 5242 inaugurat,
1108 5182 1161 5226 et
1193 5173 1294 5242 ipsi
1326 5183 1706 5229 consecratur.
1765 5176 1959 5233 Manus

315 5294 318 5297 -
373 5277 593 5331 quoque
616 5262 693 5316 illi
723 5264 1045 5332 imponitur,
1069 5264 1331 5333 quoniam
1358 5267 1538 5319 oratio
1594 5283 1625 5322 a
1673 5268 1783 5324 Deo
1824 5286 1957 5341 gra-

373 5356 506 5409 tiam
533 5364 591 5409 et
627 5356 1023 5425 protectionem
1059 5355 1273 5426 recipit.
1298 5357 1416 5427 Ipsa
1448 5368 1629 5423 autem
1687 5372 1772 5418 est
1798 5365 1956 5434 ejus-

373 5447 521 5501 modi
552 5464 566 5501 :
605 5463 624 5496 ι
658 5446 796 5512 Quia
830 5455 886 5501 tu
912 5446 1143 5515 posuisti
1186 5449 1238 5501 in
1269 5449 1514 5508 Ecclesia
1541 5456 1747 5524 gradus
1780 5467 1837 5512 et
1865 5473 1955 5512 or-

371 5539 550 5603 dines,
593 5538 739 5592 hunc
768 5551 987 5607 quoque
1014 5541 1256 5609 suscipe,
1293 5550 1352 5596 ut
1380 5558 1443 5598 as
1470 5553 1523 5599 et
1552 5549 1727 5616 portis
1764 5550 1950 5619 templi

372 5632 545 5682 sancti
580 5628 680 5691 tui,
706 5647 725 5681 ι
758 5637 868 5683 etc.
898 5627 960 5684 Et
988 5644 1114 5684 cum
1136 5635 1341 5700 gratias
1360 5638 1488 5709 egit,
1508 5654 1744 5709 eumque
1766 5642 1960 5710 signa-

376 5721 473 5785 vit,
505 5721 728 5773 mantile
762 5724 992 5794 imponit
1046 5728 1342 5801 episcopus
1381 5732 1499 5801 eius
1553 5718 1803 5804 humero,
1838 5751 1950 5790 tua-

2081 3278 2251 3333 Τοῦτο
2284 3280 2341 3334 δὲ
2374 3283 2588 3349 γίνεται
2636 3285 2695 3337 ὲν
2743 3287 2893 3359 πάσῃ
2935 3294 3246 3366 χειροτονίᾳ
3298 3297 3380 3361 εἴς
3409 3316 3467 3351 τε
3498 3300 3662 3368 δόξαν

2076 3371 2171 3424 τοῦ
2207 3373 2449 3442 μεγάλου
2480 3379 2680 3445 φωτὸς,
2716 3381 2811 3434 καὶ
2848 3386 2928 3447 εἰς
2985 3384 3215 3451 ἔνδειξιν
3259 3390 3352 3445 τοῦ
3386 3410 3658 3466 χορηγου-

2082 3462 2247 3528 μένου
2280 3468 2569 3537 φωτισμοῦ
2608 3468 2779 3526 θείου.
2820 3472 2932 3526 Καὶ
2964 3475 3330 3553 ἀρχιερατικῇ
3370 3462 3653 3557 προσταγῇ

2075 3553 2397 3647 ἀποτίθεται
2449 3560 2547 3629 μὲν
2578 3560 2638 3613 τὸ
2667 3564 2929 3633 καμίσιον
2950 3582 2964 3598 ·
2997 3568 3241 3625 ἐνδύεται
3267 3573 3325 3627 δὲ
3350 3553 3653 3647 στιχαριον,

2075 3646 2483 3718 εύλογήσαντος
2545 3653 2678 3707 αὐτὸ
2710 3650 2806 3709 τοῦ
2847 3659 3175 3732 ἀρχιερέως,
3212 3646 3481 3738 πρότερον
3520 3646 3654 3740 τρὶς

2074 3742 2468 3810 προσκυνήσας
2510 3745 2657 3798 κατὰ
2713 3748 2981 3811 ἀνατολὰς
3034 3752 3112 3823 τῷ
3149 3753 3270 3824 Θεῷ
3296 3758 3374 3828 τῷ
3427 3763 3652 3833 χορηγῷ

2068 3833 2178 3885 τῶν
2201 3835 2596 3904 φωτισμάτων.
2632 3839 2816 3907 Ὀπερ
2863 3843 3146 3914 στιχάριον
3202 3849 3374 3918 δηλοῖ,
3407 3852 3483 3916 ὡς
3514 3860 3651 3925 πρὸς

2071 3923 2301 3996 μείζονα
2330 3925 2557 3997 ἔρχεται
2594 3932 2906 4002 φωτισμὸν,
2938 3935 2996 3988 τὸ
3021 3941 3343 4010 πορφυροῦν
3390 3945 3488 4013 μὲν
3511 3923 3651 4001 ἀπο,-

2066 4016 2269 4082 δοθεὶς,
2298 4018 2327 4072 ὃ
2356 4019 2663 4091 παθητικόν
2707 4025 2845 4093 ἐστι,
2888 4029 3017 4094 τοὺς
3074 4029 3356 4102 μώλωπας
3389 4037 3469 4091 ἔτι
3522 4027 3654 4106 τοὺς

2067 4109 2398 4181 αἱματώδεις
2431 4114 2652 4185 δηλοῦν.

2624 4211 2881 4271 ΚΕΦΑΛ.
2910 4215 3076 4272 ΡΞΓν.

2064 4294 2230 4350 Δίατί
2258 4298 2836 4387 λευκὸς·’ρ’τιχάριοερ
2863 4310 3318 4387 περιϐάλλεται,
3359 4319 3457 4371 καὶ
3484 4335 3646 4387 περι-

2455 4366 2743 4431 ζώννύτᾶι
2782 4381 2814 4431 ό
2847 4366 3279 4451 ὑπόδιάκονοξ.

2137 4454 2213 4549 Τὸ
2236 4458 2430 4513 λευκὸν
2498 4462 2556 4515 δὲ
2603 4467 2885 4536 στιχάριον
2934 4471 3037 4541 τὴν
3099 4473 3494 4547 καθαρωτέραν
3548 4485 3647 4549 τῆς

2066 4641 2159 4693 καὶ
2181 4642 2622 4712 περιζωννύουσι
2654 4646 2869 4718 τοῦτον,
2926 4652 3007 4706 ἔτι
3044 4655 3121 4727 μὴ
3180 4657 3469 4724 ἀπολύτως
3503 4663 3647 4734 ἔχειν

2066 4730 2367 4803 δυνάμενον
2396 4736 2495 4806 τὴν
2525 4736 2625 4808 τῆς
2649 4741 2877 4808 ἁγνείας
2913 4742 3129 4818 στολὴν,
3167 4749 3307 4805 άλλὰ
3346 4730 3646 4825 περισφίγ-

2067 4840 2189 4891 γειν
2218 4827 2394 4897 αὐτὴν
2428 4830 2484 4881 ὲν
2518 4831 2849 4886 ταπεινώσει
2897 4837 3028 4908 περὶ
3064 4837 3163 4909 τὴν
3218 4840 3390 4910 ὀσφὺν
3446 4844 3642 4901 ἑαυιοῦ

2062 4916 2148 4969 διὰ
2187 4918 2285 4989 τῆς
2312 4923 2676 4994 σωφροσύνης
2708 4921 2803 4979 καὶ
2850 4928 2951 4990 τῖς
2998 4930 3228 4999 ἁγνείας
3249 4950 3265 4966 ·
3298 4918 3423 4990 ἐπεὶ
3462 4940 3556 4993 καὶ
3583 4941 3644 4995 ού

2062 5007 2288 5063 δύναται
2315 5011 2623 5081 λαμϐάνειν
2671 5016 2753 5070 ἔτι
2781 5022 3039 5085 γυναῖκα.
3073 5024 3526 5099 Προσερχὸμενος
3542 5032 3639 5087 οὖν

2064 5102 2451 5171 σφραγίζεται,
2488 5106 2571 5160 ὅτι
2605 5109 2633 5160 ὀ
2654 5110 2952 5177 νεκρωθεὶς
2989 5116 3081 5167 καὶ
3106 5116 3215 5180 ζῶν
3246 5118 3462 5188 Ἰησοῦς
3482 5122 3641 5188 οὗτος

2062 5194 2224 5246 αὑτὸν
2252 5197 2477 5262 τελειοῖ,
2523 5201 2617 5252 καὶ
2647 5201 2798 5274 αὐτῷ
2849 5200 3188 5263 ἀνατίθεται.
3242 5211 3351 5265 Καὶ
3395 5216 3643 5285 χειροθε-

2062 5282 2355 5353 τούμενος,
2379 5288 2462 5340 ὅτι
2497 5290 2607 5342 ἀπὸ
2636 5291 2777 5345 Θεοῦ
2815 5294 2917 5365 τὴν
2950 5298 3113 5369 χάριν
3142 5299 3254 5370 ἔχει
3282 5304 3377 5356 καὶ
3396 5282 3640 5377 σκέπην,

2060 5373 2127 5425 τὰ
2154 5375 2253 5445 τῆς
2305 5378 2472 5448 εὐχῆς
2506 5379 2746 5450 δέχεται.
2816 5384 2965 5456 Αὕτη
3021 5389 3079 5442 δέ
3109 5391 3279 5457 ἐστιν,
3315 5393 3396 5446 ὅτι
3433 5412 3452 5447 t
3476 5373 3581 5451 2b
3614 5401 3645 5451 ὁ

2061 5465 2288 5534 θέμενος
2318 5470 2377 5521 ὲν
2415 5474 2483 5541 τῇ
2511 5471 2816 5549 Ἐκκλησία
2874 5476 3123 5549 βαθμοὺς
3153 5484 3252 5536 καὶ
3284 5485 3491 5551 τάξεις,
3544 5494 3642 5544 καὶ

2065 5558 2259 5611 τοῦτον
2301 5562 2618 5631 πρόσδεεαι,
2651 5567 2726 5630 ὼς
2769 5569 2836 5624 ἂν
2888 5573 3228 5643 παρίσταται
3271 5580 3395 5642 ταῖς
3444 5582 3641 5646 πύλαις

2060 5650 2158 5703 τοῦ
2206 5652 2336 5705 ναοῦ
2400 5655 2495 5708 τοῦ
2548 5660 2708 5726 ἁγίου
2772 5679 2891 5726 σου,
2943 5664 3086 5719 ὥστε
3138 5670 3408 5725 ἀνάπτειν
3450 5675 3643 5744 λύχνον

2068 5748 2437 5811 σκηνώματος
2470 5750 2652 5814 δόξης
2697 5770 2817 5823 σου,
2879 5757 2972 5811 καὶ
3006 5760 3216 5815 τέλειον
3265 5759 3404 5819 εἶναι
3454 5767 3640 5824 δοῦλόν
