4078 6438
389 430 493 493 369

1373 396 1377 400 ”
1458 437 1558 496 DE
1603 435 1875 500 SACRIS
1932 435 2634 500 ORDINATIONIBUS.

3549 445 3655 506 370

388 565 481 599 σου
507 562 518 575 ·
561 563 578 595 ι
617 545 711 598 καὶ
741 545 952 618 ὅσαπερ
1002 549 1140 605 ἄλλα
1195 550 1433 620 εὔχεται.
1488 552 1599 604 Ka‘t
1637 551 1966 622 εὐχαριστὴ-

2088 553 2230 607 tibus
2262 561 2444 607 autem
2477 553 2792 608 malluvium
2848 554 3046 619 tradit;
3081 556 3198 626 ipse
3241 570 3370 612 vero
3414 556 3654 626 episcopi

387 653 508 702 σ’ς’
567 638 660 689 κῖὶ
719 640 1029 710 σφραγίσας
1067 641 1252 707 αὐτὸν,
1301 642 1612 708 ἐπιτίθησιν
1674 640 1842 702 αὐτοῦ
1894 641 1971 710 τῷ

387 730 525 802 ὤμῳ
563 732 878 802 μανδύλιον.
909 734 1040 796 Ταῖς
1072 735 1128 788 δὲ
1159 736 1316 806 χερσὶ
1343 734 1621 805 χερνίϐιον
1651 736 1743 786 καὶ
1770 733 1974 807 ξέστην

384 825 640 893 παρέχει.
696 825 808 878 Καὶ
851 827 1014 890 αὐτὸς
1054 829 1443 898 ἀσπαζόμενος
1487 831 1586 891 τὰς
1639 827 1733 882 τοῦ
1789 830 1979 899 ἀρχιε-

389 917 524 986 ρὲως
554 920 769 989 χεῖρας,
795 920 972 974 ταῦτα
1018 921 1312 990 λαμϐάνει,
1338 921 1506 992 τιμὴν
1550 921 1752 986 διδοὺς,
1787 921 1974 984 ὡς’ὅτι

2073 660 2269 698 manus
2297 645 2642 700 deosculatus
2674 645 2786 699 brec
2817 646 3033 715 accipit.
3076 647 3341 718 Huncque
3393 647 3654 704 honorem

2073 735 2120 789 ei
2148 735 2342 797 defert.
2379 751 2448 791 eo.
2475 736 2619 806 quod
2649 738 2958 806 huiusmodi
2987 739 3354 793 ministerium
3385 754 3653 794 consecu-

2083 836 2170 882 tus
2206 837 2311 884 est.
2347 828 2651 899 Episcopus
2686 838 2865 884 autem
2886 845 3081 888 manus
3107 832 3372 896 extendit,
3425 839 3481 886 et
3522 846 3654 886 con-

2083 928 2237 972 sueta
2271 920 2488 988 recipit.
2516 943 2518 945 ·

384 1009 641 1064 τοιούτων
697 1009 998 1081 τετύχηκεν
1061 1011 1346 1081 ὑπηρέτης
1395 1009 1558 1068 εἶναι.
1589 1013 1646 1066 ’0
1694 1013 1961 1084 ίεράρχης
2002 1011 2058 1064 δὲ
2089 1008 2328 1073 ὐφαπλοῖ
2383 1008 2479 1070 τὰς
2524 1009 2734 1080 χεῖρας,
2778 1010 2875 1062 καὶ
2932 1010 2994 1062 τὸ
3028 1010 3207 1081 νίμμα
3235 1010 3472 1082 δέχεται.

919 1104 1174 1160 ΚΕΦΛΛ.
1205 1104 1361 1160 ΡΞΔ’.

624 1193 783 1246 Ὅσα
812 1193 1176 1262 ἐνεργοῦσιν
1204 1198 1258 1248 οἱ
1315 1195 1739 1250 ὐποδιάκονοι.

458 1282 570 1337 Καὶ
597 1283 771 1348 οὕτως
828 1283 1227 1352 εὐλογούμενος
1286 1289 1313 1338 6
1347 1285 1648 1350 τελεσθεὶς,
1683 1288 1778 1341 καὶ
1839 1290 1966 1354 τοὺς

389 1375 782 1439 ὑποδιακόνους
838 1376 1260 1446 ἀσπασάμενος,
1317 1378 1394 1440 ὡς
1443 1380 1725 1448 ὁμοταγὴς
1781 1381 1968 1444 αὐτοῖς

388 1467 655 1536 γεγονὼς,
687 1470 1014 1539 ἀπέρχεται,
1049 1470 1289 1522 ἐκτελῶν
1321 1471 1391 1524 τὰ
1449 1472 1558 1523 τῶν
1590 1472 1967 1527 ὐποδιακόνων

394 1561 491 1611 σὺν
520 1559 727 1621 αὐτοῖς.
763 1559 876 1611 Καὶ
910 1557 1183 1628 φυλάσσει
1232 1559 1333 1629 μὲν
1379 1559 1475 1621 τὰς
1529 1559 1706 1623 πύλας
1752 1562 1849 1625 τὰς
1899 1564 1972 1614 Ξε-

396 1650 515 1717 ρᾶς,
553 1649 641 1702 ἵνα
680 1649 754 1719 μή
784 1667 870 1713 τις
901 1649 1009 1702 τῶν
1039 1649 1277 1714 ἀναξίων
1309 1650 1457 1704 ἔνδον
1503 1651 1722 1724 εἰσέλθῃ
1749 1653 1843 1706 τοῦ
1876 1654 1972 1723 βή-

396 1757 586 1809 ματος·
614 1741 850 1796 ἅπτεται
886 1743 944 1796 δὲ
1014 1743 1124 1796 τῶν
1177 1743 1338 1811 ἱερῶν
1403 1745 1635 1811 σκευῶν,
1672 1745 1769 1798 καὶ
1810 1745 1972 1798 εὐκό-

394 1851 549 1901 σμως
579 1836 721 1888 αὐτὰ
767 1835 1159 1903 κατατίθησιν,
1192 1837 1273 1899 εἰς
1319 1835 1379 1889 τὸ
1408 1837 1536 1899 τοὺς
1575 1839 1744 1908 ἱερεῖς
1772 1855 1972 1906 προσε-

395 1920 588 1992 νέγκαι
617 1925 771 1997 141
807 1926 876 1978 τὰ
915 1924 1088 1994 δῶρα,
1109 1926 1419 1996 εὐρηκότας
1446 1926 1844 1997 ἡτοιμασμένα.
1864 1927 1973 1980 Καὶ

2615 1102 2843 1158 CAPUT
2883 1103 3111 1158 CLXIV.

2263 1195 2551 1262 'Qmenam
2596 1197 2934 1250 subdiaconis
2969 1199 3268 1269 peragenda
3311 1202 3438 1255 sint.

2147 1289 2348 1359 Sicque
2366 1290 2648 1344 ordinatus
2677 1288 3031 1351 benedicitnr,
3064 1300 3118 1345 et
3146 1293 3392 1346 salutans
3429 1292 3651 1346 subdia-

2077 1394 2267 1445 conos,
2305 1391 2364 1434 ιιι
2402 1380 2577 1435 factus
2599 1380 2846 1450 ejusdem
2881 1381 3109 1447 ordinis,
3141 1383 3204 1434 ad
3230 1398 3325 1436 eos
3341 1383 3471 1447 abit,
3500 1398 3657 1438 exsc-

2077 1483 2304 1526 cutnrus
2325 1473 2785 1527 subdiaconorum
2833 1473 3054 1539 munia;
3088 1475 3434 1542 custoditque
3468 1487 3653 1544 portas

2076 1577 2292 1620 sacras.
2326 1579 2392 1616 oc.
2434 1564 2557 1633 quis
2583 1563 2946 1633 profanorum
2987 1563 3128 1617 intra
3161 1566 3528 1619 sanctuarium
3571 1567 3656 1618 in-

2075 1655 2398 1724 grediatur:
2441 1655 2614 1724 tangit
2641 1669 2860 1723 quoque
2912 1669 3042 1708 vasa
3090 1669 3268 1720 sacra,
3322 1665 3374 1710 et
3425 1657 3654 1726 ptllt‘ltl‘o

2077 1747 2270 1800 ordine
2301 1761 2362 1800 ea
2396 1745 2665 1812 disponit,
2693 1756 2751 1800 ut
2778 1748 3094 1802 sacerdotes
3151 1758 3452 1816 praeparata
3499 1750 3656 1804 inve‘

2079 1839 2296 1893 nientes
2319 1839 2463 1892 dona
2498 1837 2768 1902 deferant,
2803 1847 2855 1893 et
2886 1839 2939 1892 in
3008 1840 3247 1895 maximo
3309 1841 3534 1895 introitu
3591 1856 3660 1897 ea

2078 1931 2414 2002 Suscipiens,
2471 1947 2624 1994 vasa,
2683 1936 2930 2002 inquam,
2992 1947 3146 1988 sacra
3196 1950 3314 2001 quae
3363 1947 3656 2005 supersunt

393 2020 451 2069 ἐν
480 2020 546 2086 τῇ
584 2019 818 2089 μεγίστῃ
851 2018 908 2070 δὲ
963 2019 1156 2087 εἰσόδῳ
1217 2018 1394 2072 ταῦτα
1431 2019 1852 2090 ὑποδεχόμενος,
1899 2019 1974 2076 τὰ

2087 2034 2442 2081 :onservat.et
2461 2025 2727 2080 ministris
2758 2027 2895 2090 (sive
2925 2025 3276 2082 subdiaconis
3300 2027 3442 2097 aliis)
3469 2031 3649 2084 tradit.

397 2110 791 2168 περιττεύοντα
821 2111 965 2178 λέγω
995 2111 1103 2163 τῶν
1159 2111 1326 2180 ἱερῶν
1376 2112 1614 2177 σκευῶν,
1666 2112 1970 2183 περιφυλά-

394 2205 482 2269 ξαι
516 2207 627 2265 τοῖς
669 2203 976 2272 ὑπηρέταις
1004 2204 1242 2258 δίδωσιν.
1279 2203 1354 2258 Οὐ
1411 2205 1523 2274 γὰρ
1553 2204 1832 2259 ἅπτεσθαι
1877 2204 1970 2258 θε-

397 2302 548 2366 μιτὸν
578 2297 783 2350 τούτων
810 2298 994 2359 ἄλλοις
1023 2298 1132 2350 τῶν
1161 2297 1598 2366 ὑποδεεστέρων.
1628 2297 1768 2359 Τοὺς
1795 2315 1968 2365 κατη-

393 2390 691 2458 γουμένους
714 2407 772 2442 τε
808 2389 1001 2455 ἐξωθεῖ
1033 2390 1174 2441 κατὰ
1227 2388 1444 2458 καιρὸν,
1485 2389 1572 2441 ὅτε
1610 2390 1774 2458 φησὶν
1799 2391 1826 2442 6
1851 2389 1970 2442 διάε-

397 2501 575 2547 κονος,
605 2502 622 2534 ι
653 2484 715 2536 Οί
750 2482 1181 2552 κατηχούμενοι,
1217 2482 1536 2552 προέλθετε.
1573 2502 1592 2535 r
1626 2484 1735 2536 Kal.
1771 2485 1828 2536 ὲν
1855 2486 1976 2545 ταῖς

395 2578 694 2640 λιτανείαις
738 2578 829 2627 τὸν
863 2576 1096 2645 σταυρὸν
1128 2574 1286 2636 οὗτος
1327 2576 1596 2646 κατέχων,
1632 2576 1978 2643 προπορεύεο

396 2688 508 2725 ται.
554 2670 718 2722 Ἀλλὰ
747 2671 841 2722 καὶ
875 2669 973 2738 τὴν
1007 2669 1063 2720 ὲν
1104 2671 1170 2737 τῇ
1193 2667 1317 2736 θείᾳ.
1348 2667 1600 2738 τραπέζῃ
1632 2668 1856 2736 λυχνίαν
1882 2670 1978 2721 καὶ

397 2764 458 2814 τὸ
486 2763 768 2830 τρικῆριον
801 2760 893 2814 τοῦ
958 2759 1204 2829 βήματος
1257 2758 1351 2811 καὶ
1385 2759 1454 2810 τὰ
1489 2759 1646 2825 φῶτα
1677 2760 1726 2812 οἱ
1757 2759 1981 2812 ὐποδιά-

400 2873 549 2908 κονοι
607 2854 1016 2923 εὐτρεπίζουσι.
1054 2854 1144 2906 Διὸ
1198 2854 1293 2907 καὶ
1327 2853 1467 2922 μετὰ
1516 2851 1642 2915 τοὺς
1694 2851 1978 2914 διακόνους

409 2950 515 3016 πρὸ
540 2948 647 2998 τῶν
687 2945 849 3016 ἱερῶν
884 2945 1072 2998 πυλῶν
1102 2948 1159 2999 ὲν
1189 2948 1342 3015 πάσῃ
1374 2944 1686 3016 ἱερουργία,
1740 2945 1829 2996 ὅτε
1876 2943 1982 3013 χρὴ

405 3039 702 3107 ὑπηρετεῖν
734 3038 811 3107 τῷ
838 3041 1105 3109 ἀρχιερεῖ,
1141 3039 1546 3107 προσέρχονται
1567 3036 1740 3100 οὖτοι,
1763 3036 1983 3088 καὶτῶν

2073 2117 2180 2171 Fas
2204 2117 2352 2173 enim
2390 2131 2496 2171 non
2533 2126 2614 2172 est
2641 2117 2996 2173 inferioribus
3024 2134 3186 2188 quam
3241 2119 3330 2174 isti
3393 2128 3542 2183 sunt,
3590 2135 3651 2175 ea

2074 2218 2319 2279 tangere.
2353 2209 2784 2264 Catechumenos
2833 2225 3054 2280 quoque
3108 2211 3334 2279 expellit
3411 2220 3658 2282 tempore

2074 2302 2394 2364 constituto,
2427 2317 2550 2355 cum
2579 2302 2787 2356 scilicet
2815 2303 2947 2356 dicit
2979 2302 3266 2368 diaconus,
3310 2322 3328 2355 ‹
3378 2304 3655 2359 Catecbn-

2073 2393 2238 2455 meni,
2268 2393 2568 2460 procedite.
2588 2411 2605 2444 ι
2645 2392 2698 2446 In
2726 2393 2934 2446 litaniis
2954 2408 3173 2449 crucem
3204 2406 3403 2450 tcncns
3432 2405 3659 2451 cmteros

2081 2483 2354 2551 prmcelit.
2389 2482 2721 2536 Subdiaconi
2758 2482 2980 2551 insuper
3013 2494 3313 2538 cereostata
3368 2486 3420 2538 in
3475 2484 3658 2538 divina
3698 2528 3704 2533 .

2082 2589 2292 2637 mensa,
2327 2582 2380 2627 et
2411 2575 2686 2629 tricerinm
2718 2576 3044 2642 sanctuarii,
3073 2587 3127 2631 et
3159 2577 3452 2630 luminaria
3517 2593 3659 2646 prae-

2079 2676 2273 2734 parant
2303 2676 2356 2719 et
2391 2667 2676 2719 adornant.
2714 2665 2841 2720 ideo
2875 2667 2928 2718 in
2963 2669 3111 2720 omni
3159 2682 3314 2721 sacra
3349 2670 3662 2735 operatiOue

2081 2758 2921 2827 cmuepiseopoinserviendum
2975 2767 3078 2825 est,
3137 2759 3407 2812 accedunt
3462 2758 3537 2812 illi
3592 2759 3658 2812 ad

2088 2867 2275 2906 socras
2299 2861 2482 2920 portas
2536 2860 2654 2919 post
2705 2851 2988 2914 diacoiuos,
3055 2851 3239 2920 ibique
3277 2850 3660 2921 mysteriorum

2093 2943 2474 2999 communione
2503 2943 2782 2998 fruuntur.
2822 2943 2914 2998 Sic
2966 2958 3026 2996 se
3079 2943 3280 2996 [tabent
3318 2957 3381 2998 ea
3427 2956 3547 3012 quae
3593 2943 3660 2995 ad

2095 3036 2464 3091 subdiaconos
2492 3037 2604 3090 sive
2637 3035 2923 3091 ministros
2955 3036 3248 3106 pertinent.
3440 3029 3444 3034 ’

403 3134 712 3204 μυστηρίων
745 3134 1086 3188 κοινωνοῦσι.
1121 3135 1232 3189 Καὶ
1263 3136 1331 3188 τὰ
1373 3134 1472 3203 μὲν
1511 3134 1622 3187 τῶν
1681 3131 2072 3197 ύποδιακόνων,
2101 3134 2220 3203 ἤτοι
2254 3133 2570 3203 ὑπηρετῶν,
2606 3131 2776 3186 οὕτω.
2953 3166 2959 3172 -

957 3227 1210 3279 ΚΕΦΛΛ.
1245 3223 1407 3279 PEE'.

933 3318 1074 3385 Περὶ
1124 3319 1426 3370 διακόνων

470 3412 605 3467 Μετ’
639 3412 839 3472 αὐτοὺς
869 3410 926 3463 δέ
972 3412 1114 3462 εἰσιν
1142 3411 1192 3462 οἱ
1227 3410 1490 3471 διάκονοι.
1525 3410 1574 3462 οἱ
1613 3412 1704 3463 καὶ
1733 3409 1982 3479 λειτουρ-

402 3507 489 3572 γοὶ
515 3513 610 3560 καὶ
660 3504 885 3560 Λευῖται
913 3503 991 3567 ὡς
1033 3505 1141 3556 ἀπὸ
1181 3503 1291 3556 τῶν
1325 3504 1568 3572 νομικῶν
1608 3505 1836 3556 ἐκείνων
1881 3520 1984 3555 κα·-

405 3598 683 3669 λούμενοι.
717 3598 866 3668 Πλὴν
903 3596 1058 3649 οὐδὲν
1088 3595 1202 3648 ἴσον
1249 3594 1461 3657 τούτοις
1507 3611 1567 3648 τε
1601 3594 1694 3656 καὶ
1728 3596 1842 3656 τοῖς
1885 3610 1989 3646 πα·-

407 3691 599 3752 λαιοῖς’
635 3690 716 3744 ὅτι
758 3683 889 3759 σκιᾷ
921 3688 1020 3750 μὲν
1044 3687 1248 3739 ἐκεῖνοι
1285 3686 1597 3756 ὲλάτρευον,
1651 3686 1799 3738 οὗτοι
1830 3687 1886 3738 δέ
1918 3701 1980 3752 γε

409 3784 473 3851 τῇ
532 3781 782 3850 ἀληθείᾳ.
833 3781 940 3832 Καὶ
1008 3780 1119 3841 τοῖς
1186 3777 1329 3831 ἑπτὰ
1382 3777 1492 3830 τῶν
1551 3779 1611 3829 ἐν
1661 3777 1985 3837 ἀποστόλοις

409 3873 688 3939 διακόνων,
748 3867 823 3926 ὧν
879 3875 908 3925 6
961 3871 1237 3939 Στέφανος
1296 3870 1515 3939 πρῶτος
1576 3865 1668 3937 ἦν,
1718 3868 1865 3921 οὗτοι
1918 3867 1983 3934 δὴ

414 3966 782 4034 συναρίθμιοι.
864 3964 927 4017 Οἳ
985 3965 1080 4016 καὶ
1141 3963 1203 4015 οὐ
1264 3963 1426 4032 μόνον
1487 3964 1601 4024 τοῖς
1664 3961 1986 4030 μυστηρίοις

2653 3224 2884 3282 CAPUT
2924 3227 3131 3281 CLXV.

2691 3318 2763 3373 De
2794 3319 3060 3375 diacanis.

2158 3412 2286 3466 Post
2311 3414 2410 3468 bos
2432 3413 2657 3466 veniunt
2689 3413 2928 3477 diaconi,
2963 3415 3051 3483 qui
3079 3423 3133 3469 et
3168 3415 3407 3468 ministri
3454 3423 3509 3470 ct
3565 3415 3664 3470 Lc-
3709 3445 3712 3448 -

2087 3506 2209 3558 vitae
2262 3507 2411 3557 velut
2443 3520 2471 3557 a
2499 3504 2766 3574 legalibus
2803 3507 2909 3560 illis
2944 3507 3224 3560 dicuntur.
3277 3506 3662 3562 Verumtamen

2088 3596 2223 3648 nihil
2251 3604 2332 3648 est
2392 3596 2598 3664 aequale
2663 3595 2781 3650 istis
2836 3606 2890 3650 et
2948 3597 3237 3663 antiquis;
3290 3597 3546 3666 queniam
3611 3599 3662 3650 bi

2090 3687 2299 3740 umhrm
2335 3687 2666 3742 serviebant.
2693 3686 2766 3739 illi
2797 3701 2925 3740 vero
2954 3688 3191 3750 veritati,
3243 3694 3297 3741 et
3349 3689 3667 3755 apostolicis

2093 3777 2355 3839 diaconis,
2387 3790 2619 3844 quorum
2657 3775 2968 3846 Stephanus
3005 3779 3216 3846 primus
3241 3785 3376 3844 erat,
3401 3777 3671 3833 adnume-

2095 3877 2320 3932 rantur;
2357 3869 2562 3937 quique
2588 3883 2692 3920 non
2723 3869 2895 3923 solum
2923 3870 3198 3940 mysteriis
3221 3870 3549 3940 inserviunt,
3569 3874 3662 3923 sed

2094 3962 2256 4014 etiam
2279 3961 2662 4014 administrant
2699 3976 2762 4016 ea
2793 3977 2911 4031 qum
2958 3962 3008 4015 in
3039 3963 3269 4017 ecclesia
3318 3971 3444 4018 sunt
3467 3963 3660 4021 cilicia.

410 4061 722 4130 ὑπηρετεῖν,
749 4057 886 4111 ἀλλὰ
907 4058 971 4127 δὴ
995 4057 1092 4110 καὶ
1119 4055 1492 4125 ὲξοικονομεῖν
1526 4054 1784 4110 δύνανται
1814 4054 1881 4106 τὰ
1924 4055 1982 4108 ἐν
2022 4055 2084 4122 τῇ
2116 4052 2388 4122 ἐκκλησίᾳ
2419 4052 2822 4124 διακονήματα.

963 4173 1217 4228 ΚΕΦᾹΛ.
1245 4171 1424 4239 ΡΞςκ

409 4291 526 4342 Ὀτι
563 4289 833 4342 διάκονοι
870 4287 1020 4341 κατὰ
1054 4283 1199 4348 τοὺς
1257 4283 1410 4339 ἑπτὰ
1441 4287 1711 4352 ἐκείνους
1748 4287 1844 4340 καὶ
1866 4305 1986 4355 γρι-

477 4360 569 4413 ml
633 4360 734 4413 καὶ
807 4357 1265 4426 διακονημάτων
1316 4359 1620 4426 μεγίστων
1677 4359 1984 4426 οἰκονόμοι

477 4432 899 4485 καθίστανται.

477 4524 590 4577 Καὶ
616 4521 781 4576 τοῦτο
809 4521 938 4592 ἄχρι
969 4522 1066 4576 τοῦ
1097 4522 1193 4576 νῦν
1213 4523 1348 4592 ὁρᾷν
1378 4537 1530 4574 εστιν
1564 4522 1648 4574 ὲνε
1661 4519 1982 4597 ργούμενον.

2615 4171 2842 4226 CAPUT
2870 4171 3098 4228 CLXVI.

2099 4284 2251 4350 Quod
2299 4286 2528 4351 diaconi,
2567 4285 2782 4347 illorum
2830 4295 3024 4351 septem
3068 4301 3228 4346 more,
3263 4293 3313 4338 et
3355 4283 3566 4351 judices
3620 4293 3671 4338 et

2170 4357 2700 4410 administrationum
2748 4359 3103 4408 maximarum
3139 4364 3412 4408 curatores
3467 4357 3672 4408 consti—

2167 4436 2403 4480 Ettuntttr.

2166 4517 2279 4574 Hoc
2307 4521 2466 4574 etiam
2498 4519 2605 4572 huc.
2635 4535 2810 4588 usque
2836 4519 2949 4574 ﬁeri
2984 4520 3176 4596 videre
3190 4532 3292 4575 est.
3352 4518 3665 4588 Prteeipnos

408 4615 544 4678 Τοὺς
574 4616 680 4683 γὰρ
709 4615 1000 4681 ἐκκρίτους
1033 4615 1143 4668 τῶν
1166 4614 1432 4668 διακόνων
1479 4613 1576 4664 καὶ
1630 4613 1711 4674 εἰς
1750 4612 1979 4666 ἐπισκό-

2091 4612 2303 4666 enimet
2333 4612 2566 4667 selectos
2593 4628 2623 4665 e
2677 4612 2926 4667 diaconis
2954 4613 3005 4665 in
3074 4613 3460 4682 episcoporum
3520 4611 3671 4666 ordi-

409 4728 525 4763 πων
554 4710 707 4774 τάξιν
754 4710 1004 4764 τιθέασι·
1049 4710 1146 4764 καὶ
1180 4709 1450 4779 σταυροὺς
1487 4708 1588 4778 μὲν
1647 4708 1864 4777 ἔχουσιν
1892 4708 1985 4759 ἐπὶ

410 4801 673 4869 κεφαλῆς,
708 4801 896 4870 κριταὶ
945 4800 1002 4852 δὲ
1053 4801 1289 4855 τελοῦσι.
1324 4801 1435 4852 Καὶ
1470 4802 1497 4852 ὁ
1532 4800 1632 4868 μὲν
1681 4797 1863 4851 αὐτῶν
1916 4799 1982 4849 tit

409 4892 510 4958 τῆς
548 4891 791 4961 μεγάλης
840 4891 1170 4960 Ἐκκλησίας
1225 4892 1504 4959 οἰκονομεῖ
1561 4889 1700 4956 ὑπὲρ
1757 4905 1817 4941 τε
1876 4887 1982 4938 τῶν

409 4983 687 5052 κληρικῶν
747 4984 841 5034 καὶ
891 4983 1001 5035 τῶν
1036 4984 1306 5052 πενήτων,
1367 4982 1508 5034 κατὰ
1555 4982 1645 5034 τὸν
1687 4978 1983 5048 ἱερώτατον

410 5075 687 5140 Στέφανον
718 5088 728 5100 ’
759 5073 787 5123 6
821 5073 894 5144 6s
925 5073 994 5128 τὰ
1024 5073 1130 5127 τῶν
1171 5074 1334 5140 ίερῶν
1371 5074 1550 5141 μονῶν
1580 5087 1593 5101 ’
1629 5075 1655 5125 ὀ
1689 5073 1745 5124 δὲ
1776 5071 1842 5123 τὰ
1874 5071 1984 5121 τῶν

413 5165 574 5235 ἱερῶν
607 5165 838 5228 σκευῶν,
873 5166 1092 5235 καὶτῆς
1119 5166 1590 5234 ὲκκλησιαστικῆς
1623 5167 1878 5231 εὐταξίας
1911 5169 1928 5199 ⁵
1961 5167 1988 5216 ὁ

409 5257 468 5308 δὲ
515 5257 582 5310 τὰ
630 5257 741 5309 τῶν
793 5257 989 5324 ίερέων
1019 5257 1286 5310 διευθετεῖ
1331 5261 1427 5310 καὶ
1476 5259 1586 5310 τῶν
1621 5259 1862 5326 κρίσεων
1894 5259 1988 5310 καὶ

412 5348 822 5418 χαρτοφυλακεῖ
847 5350 916 5400 τὰ
953 5351 1322 5420 πεπραγμένα
1352 5363 1366 5380 ⁸
1400 5351 1428 5402 6
1459 5349 1516 5402 δὲ
1569 5349 1635 5402 τὰ
1672 5349 1780 5400 τῶν
1827 5349 1988 5418 ἱερῶν

409 5446 578 5498 οῖκων
605 5443 886 5514 φροντίζει
927 5444 1038 5495 τῶν
1091 5447 1150 5497 ἐν
1194 5447 1260 5511 τῇ
1294 5444 1470 5507 πόλει,
1519 5444 1667 5505 ὅπως
1707 5442 1988 5505 εὐτάκτως

409 5537 599 5606 ἔχωσι,
633 5536 728 5588 καὶ
761 5534 997 5605 μάλιστα
1035 5535 1102 5588 τὰ
1129 5534 1223 5587 τοῦ
1258 5535 1504 5604 βήματος
1531 5551 1544 5565 ·
1599 5536 1626 5587 6
1657 5534 1712 5586 δὲ
1766 5535 1833 5586 τὰ
1875 5533 1985 5586 τῶν

407 5627 852 5697 ἐπιστρεφόντων
882 5625 1095 5679 ἐκδικεῖ
1135 5627 1230 5678 καὶ
1285 5627 1585 5696 οἰκονομεῖ,
1648 5625 1744 5677 καὶ
1798 5625 1984 5688 ἁπλῶς

410 5718 698 5786 ἡτοιαύτη
745 5716 895 5782 τάξις
951 5717 1047 5770 καὶ
1097 5719 1208 5779 τοῖς
1269 5717 1528 5786 μεγάλοις
1582 5716 1762 5788 ἔργοις
1797 5716 1985 5785 ἐγκρί-

411 5828 584 5864 νεται.

2094 4719 2218 4758 nem
2253 4704 2547 4758 admittunt
2581 4719 2812 4759 :cruces
2836 4721 3058 4773 quoque
3093 4705 3144 4758 in
3190 4707 3370 4773 capite
3429 4715 3669 4772 gestant,

2093 4805 2146 4849 et
2168 4796 2380 4863 judices
2412 4798 2845 4852 constituuntur.
2875 4795 3076 4850 Eorum
3109 4798 3326 4867 quidem
3383 4814 3526 4852 unus
3553 4815 3673 4867 qua:

2093 4890 2157 4941 ad
2190 4889 2434 4958 Magnam
2468 4887 2764 4942 Ecclesium
2797 4887 3070 4955 pertinent
3127 4896 3236 4938 tam
3299 4902 3398 4955 pro
3452 4887 3670 4941 clericis

2091 4997 2253 5049 quam
2288 4981 2620 5049 pauperibus
2656 4979 3010 5032 administrat.
3035 4979 3187 5046 juxta
3248 4979 3661 5033 sanctissimum

2094 5073 2430 5140 Stephanum
2472 5093 2483 5125 :
2519 5071 2662 5125 alius
2717 5085 2846 5123 vero
2901 5085 3023 5139 qua:
3077 5070 3140 5122 ad
3200 5085 3354 5124 sacra
3408 5079 3665 5125 tantum:

2096 5166 2235 5218 alius
2259 5179 2379 5232 quae
2401 5165 2466 5216 ad
2491 5164 2619 5217 vasa
2642 5177 2818 5226 sacra,
2855 5171 2907 5215 et
2939 5162 3380 5218 ecclesiasticam
3422 5164 3668 5234 discipli-

2098 5270 2219 5307 nam
2250 5273 2262 5307 :
2293 5255 2433 5307 alius
2463 5269 2585 5322 quae
2641 5262 2767 5307 sunt
2825 5252 3170 5307 sacerdotum
3227 5263 3282 5307 ct
3331 5255 3667 5322 judiciorum

2096 5349 2240 5400 inter
2279 5361 2371 5398 eos
2397 5345 2828 5398 exercendorum
2858 5343 3100 5412 disponit
3127 5352 3181 5398 et
3233 5355 3410 5409 curat,
3442 5357 3672 5414 actaque

2095 5436 2374 5501 describit,
2420 5433 2658 5486 archivis
2700 5434 2910 5496 ins-rit,
2939 5445 2992 5486 ct
3019 5434 3257 5488 custodit
3289 5452 3301 5488 :
3333 5434 3472 5489 alius
3490 5449 3675 5488 sacrae

2096 5525 2704 5595 rumdomuumqutein
2741 5525 2872 5577 urbe
2936 5535 3086 5591 sunt,
3142 5541 3332 5580 curam
3399 5527 3558 5594 gerit,
3615 5535 3676 5579 ut

2096 5621 2279 5675 omnia
2318 5621 2371 5674 in
2401 5621 2481 5673 eis
2524 5621 2661 5673 bene
2691 5633 2749 5670 se
2774 5618 3036 5681 habeant,
3070 5619 3376 5687 prmscrtim
3434 5632 3555 5686 qua:
3606 5618 3671 5681 ad

2096 5715 2454 5770 ecclesiarum
2490 5693 2856 5777 sanctuaria:
2911 5711 3052 5764 alius
3100 5711 3166 5762 ad
3221 5709 3536 5778 religionem
3591 5710 3676 5761 Vel

2099 5807 2382 5861 meliorem
2418 5805 2626 5875 frugem
2656 5817 2958 5859 conversos
2988 5801 3218 5871 protegit
3276 5808 3330 5854 et
3377 5811 3674 5870 procurat;

411 5912 595 5974 atque,
628 5914 688 5960 ut
721 5905 969 5962 absolute
1001 5904 1200 5971 dicam,
1233 5905 1372 5960 ordo
1397 5903 1502 5960 iste
1521 5905 1584 5959 ad
1615 5919 1808 5974 magna
1839 5921 2068 5976 qumque
2099 5905 2304 5972 agenda
2341 5903 2669 5956 admittitur.
