4078 6472
371 365 483 427 375

368 498 501 537 num
528 495 627 553 per
658 496 828 537 unum
853 495 919 537 ex
947 482 1068 551 ipsa
1104 485 1331 540 verbum
1392 487 1762 547 incarnatum,
1813 494 1866 541 ct
1901 486 1953 539 in

366 588 537 630 carne
584 573 936 630 crucifixum.
965 574 1173 632 Deinde
1208 593 1379 633 unum
1449 579 1788 647 genuﬂectit,
1845 593 1954 647 quo

366 666 768 734 subiectionem
822 682 982 723 suam
1043 677 1100 723 et
1155 672 1635 727 consecrationem
1700 679 1958 728 testatur.

365 757 681 814 Adducitur
714 758 889 824 enim,
915 760 1200 830 quoniam,
1233 769 1295 816 ut
1328 762 1406 816 ait
1446 762 1767 834 Dionysius,
1793 778 1959 819 unum

363 850 621 907 etsolum
646 852 791 907 sacri
824 851 1123 907 ministerii
1155 853 1356 923 accipit
1382 853 1956 921 donnm,ministrare,

362 941 652 997 exhoeri
712 951 765 997 et
801 943 1356 1001 catechizare.'Nam
1409 945 1633 1001 adducit
1668 947 1871 1011 solum,
1905 959 1957 1003 ct

362 1032 714 1093 exhortatur.
748 1040 803 1087 et
829 1034 1107 1089 exclamat
1156 1042 1218 1089 ut
1264 1035 1553 1100 accedant,
1610 1052 1716 1091 non
1777 1046 1956 1092 tamen

367 1121 629 1193 perlicit;
654 1121 781 1178 dicit
818 1124 989 1188 enim,
1025 1142 1043 1175 ι
1074 1124 1365 1187 Benedic,»
1393 1139 1499 1179 non
1526 1132 1706 1180 autem
1737 1125 1961 1182 benedi-

368 1214 450 1267 cit
489 1232 504 1269 :
558 1232 579 1267 ι
607 1214 675 1269 Et
707 1214 999 1269 Dominum
1025 1214 1405 1285 deprecemur,
1435 1233 1455 1267 ι
1491 1216 1831 1283 exhortatur,
1863 1216 1959 1272 sed

368 1319 480 1359 non
500 1313 797 1374 precatur:
824 1313 880 1358 et
917 1304 1259 1374 (Sapienter
1280 1305 1654 1370 attendamus,
1685 1326 1705 1359 ι
1731 1324 1838 1363 non
1860 1324 1959 1363 au-

369 1406 480 1450 tem
508 1397 748 1465 perlicit.
777 1394 850 1450 Se
876 1396 1043 1452 habet
1070 1396 1240 1466 igitur
1271 1405 1333 1451 ut
1357 1397 1706 1459 ministrans.
1757 1414 1862 1453 non
1899 1407 1960 1454 ut

368 1489 684 1557 perﬁciens.
723 1489 909 1545 Unum
945 1498 997 1545 et
1029 1489 1207 1545 solum
1241 1505 1381 1561 genu
1410 1489 1600 1558 ﬂectit,
1627 1491 1755 1560 quia
1795 1491 1959 1548 unius

369 1581 590 1637 scilicet
624 1581 795 1636 divini
824 1581 1123 1637 ministerii
1156 1582 1516 1637 constituitur
1540 1583 1962 1650 minister;hoc

369 1683 553 1728 autem
577 1688 687 1727 non
715 1686 742 1726 a
764 1672 974 1743 seipse,
1010 1673 1105 1728 sed
1142 1673 1509 1744 permissione
1553 1689 1582 1727 a
1635 1674 1961 1744 presbytero

370 1772 596 1836 accepta
623 1783 637 1833 ;
664 1776 743 1821 est
776 1767 924 1821 enim
948 1767 1175 1823 alterius
1201 1769 1457 1839 potestati
1484 1767 1775 1824 obnoxius.
1802 1768 1960 1825 Post-

1199 367 1581 432 SYMEONIS
1621 365 2379 436 THESSALONICENSIS
2418 374 2772 439 ARCHIEP.

2064 488 2239 557 αὐτῆς
2265 489 2793 561 ἔνανορωπήσαντος
2829 490 3003 561 Λόγου
3047 489 3144 544 καὶ
3177 488 3337 560 σαρκὶ
3395 506 3640 558 σταυρω-

2033 576 2277 639 ιθέντος.
2310 573 2445 632 Εἶτα
2476 579 2648 632 κλίνει
2676 579 2736 632 τὸ
2790 579 2850 632 ἒν
2902 580 3051 643 γόνυ,
3091 578 3208 646 ἅμα
3250 579 3344 631 καὶ
3372 578 3472 647 τὴν
3506 580 3643 631 ὑπο-

2060 668 2239 741 ταγὴν
2262 670 2478 734 δεικνὺς
2517 673 2611 726 καὶ
2638 673 2739 742 τὴν
2766 674 3095 743 ἀφιέρωσιν.
3130 671 3484 742 Προσάγεται
3507 673 3639 740 γάρ,

2064 766 2148 819 δτι
2174 764 2270 819 καὶ
2321 764 2380 818 ἓν
2409 765 2504 817 καὶ
2540 764 2704 835 μόνον
2738 765 2838 828 τῆς
2867 765 3018 834 ἱερᾶς
3053 761 3400 831 λειτουργίας
3431 762 3617 831 λαμόά

2064 873 2149 907 νει
2172 856 2444 925 χάρισμα,
2471 855 2547 916 ὥς
2578 871 2712 924 φησι
2745 855 3042 918 Διονύσιος,
3073 854 3134 907 τδ
3171 854 3528 922 ἐξυπηρετεῖν
3551 855 3644 907 καὶ

2063 947 2497 1019 προσκαλεῖσθαι
2541 947 2633 1003 καὶ
2669 948 2956 1016 κατηχεῑν.
3018 947 3299 1016 Προσάγει
3334 946 3443 1019 γὰρ
3480 947 3642 1012 μόνον

2062 1043 2156 1094 καὶ
2222 1039 2595 1111 παραγγέλλει
2647 1042 2742 1094 καὶ¹
2784 1041 3105 1109 προσφωνεῖ
3156 1040 3515 1109 προσελθεῖν·
3580 1038 3640 1090 οὐ

2066 1132 2177 1202 μὴν
2216 1131 2272 1186 δὲ
2304 1134 2398 1186 καὶ
2442 1133 2643 1186 τελειοῖ
2668 1148 2680 1162 ·
2727 1153 2745 1185 ι
2776 1132 3087 1203 Εὕλόγησον
3135 1150 3155 1184 ι
3193 1132 3299 1200 γάρ
3335 1146 3502 1202 φησι’
3549 1130 3640 1183 καὶ

2062 1223 2163 1277 οὐκ
2186 1224 2424 1293 εὐλογεῖ.
2464 1225 2599 1289 Kal,
2636 1244 2656 1279 ι
2690 1222 2800 1280 Τοῦ
2839 1224 3049 1294 Κυρίου
3104 1223 3410 1293 δεηθῶμεν,
3440 1241 3460 1275 ι
3509 1240 3638 1290 προ-

2062 1314 2365 1385 τρέπετάν
2398 1316 2499 1370 οὔκ
2528 1316 2748 1388 εὔχεται
2778 1316 2858 1370 δέ.
2886 1317 3023 1381 Kal,
3070 1336 3089 1369 ι
3128 1316 3219 1369 Ἐν
3279 1315 3440 1385 σοφίᾳ
3474 1331 3640 1382 προσ-

2065 1407 2287 1478 σχῶμεν
2318 1423 2334 1442 ο
2371 1428 2391 1461 ι
2427 1409 2486 1463 οὗ
2534 1408 2737 1462 τελειοῖ
2784 1410 2867 1464 δέ.
2920 1409 3011 1473 Ὠς
3043 1407 3309 1462 διακονῶν
3336 1406 3515 1460 τοίνυν
3543 1404 3636 1468 ὢν,

2063 1501 2159 1554 καὶ
2205 1499 2266 1554 οὐ
2298 1500 2548 1559 τελειῶν.
2577 1501 2638 1553 τὸ
2693 1500 2753 1553 ἓν
2784 1499 2957 1554 κλίνει
3012 1501 3107 1554 καὶ
3149 1499 3312 1567 μόνον
3363 1498 3525 1564 γόνυο
3558 1497 3638 1549 ὅτι

2064 1593 2159 1645 καὶ
2210 1592 2326 1655 ἐνὸς
2352 1592 2452 1660 τῆς
2481 1592 2632 1656 θείας
2662 1592 2945 1656 διακονίας
2976 1592 3256 1661 ὑπηρέτης
3290 1587 3652 1643 καθίσταται·’

2069 1686 2166 1738 καὶ
2193 1682 2352 1742 τοῦτο
2379 1681 2458 1747 δὲ,
2486 1682 2586 1752 τὴν
2636 1682 2844 1736 ἔνδοσιν
2892 1681 3192 1750 λαμϐάνων
3242 1679 3377 1748 παρ’
3425 1679 3638 1746 ἱερέως,

2066 1775 2160 1828 καὶ
2195 1775 2254 1827 οὐ
2282 1774 2414 1844 παρ’
2452 1770 2674 1828 ἑαυτοῦ.
2711 1771 3100 1842 Λειτουργικὸς
3131 1770 3265 1840 γάρ.
3294 1769 3500 1830 κλίνας
3530 1768 3640 1820 τοί-

369 1873 534 1927 quam
559 1857 724 1929 igitur
756 1875 898 1929 genu
936 1858 1166 1923 ﬂexerit,
1216 1868 1270 1915 et
1317 1876 1487 1915 sacrae
1532 1875 1736 1916 mensa:
1783 1863 1961 1932 capite

2069 1882 2162 1918 νυν
2201 1864 2261 1918 τὸ
2289 1865 2440 1931 γόνυ,
2472 1866 2569 1918 καὶ
2606 1865 2670 1934 τῇ
2723 1863 2977 1935 τραπέζῃ
3007 1862 3072 1931 τῇ
3125 1862 3249 1933 ίερᾷ
3280 1860 3642 1931 προσερείσας

373 1952 708 2016 incubuerit,
744 1967 812 2007 eo
841 1953 992 2022 quod
1035 1953 1151 2022 ipsa
1187 1951 1470 2007 Christum
1534 1954 1810 2020 signiﬁcat
1837 1969 1957 2008 om-

370 2044 520 2097 nium
547 2053 730 2114 caput,
753 2051 808 2099 et
833 2046 887 2098 in
931 2045 1050 2114 ipsa
1088 2052 1173 2099 est
1227 2053 1566 2112 unguentum
1618 2046 1955 2113 chrismatis,

372 2136 613 2206 Spiritus
643 2137 840 2206 gratia,
876 2136 1135 2208 mysteria
1161 2152 1403 2208 quoque,
1460 2138 1753 2207 ipsiusmet
1803 2137 1957 2202 Jesu,

374 2229 657 2298 proposita
692 2239 821 2285 tunc
855 2238 911 2284 et
945 2237 1135 2299 aperta
1169 2247 1184 2285 :
1230 2230 1674 2302 quandoquidem
1732 2230 1960 2286 adduci-

376 2333 465 2376 tur
488 2321 742 2378 minister
763 2323 837 2391 ei,
869 2323 964 2392 qui
1009 2333 1232 2393 propter
1289 2338 1389 2380 nos
1445 2324 1787 2380 sacriﬁcatus
1832 2334 1958 2393 est;

375 2424 430 2470 et
467 2415 643 2486 ipsius
668 2416 894 2472 oracula
925 2430 1131 2472 mensa:
1169 2430 1292 2487 quae
1335 2420 1454 2487 ejus
1507 2425 1592 2474 est
1644 2416 1956 2487 sepulcrum

377 2505 633 2575 imposita
674 2512 826 2569 sunt.
856 2512 912 2561 et
939 2506 1134 2562 subtus
1166 2505 1311 2561 hanc
1359 2505 1604 2576 reliquiae
1656 2512 1784 2560 sunt
1835 2518 1961 2558 san-

377 2606 593 2651 ctorum
619 2602 924 2665 martyrum
947 2610 1087 2664 quos
1114 2594 1180 2650 ad
1209 2592 1475 2649 auxilium
1505 2593 1738 2663 hymnus
1802 2592 1959 2645 invo-

375 2688 523 2744 cavit
551 2703 566 2755 ;
595 2686 723 2757 quia
742 2686 838 2757 qui
864 2686 1158 2742 adducitur
1190 2685 1461 2741 electione
1524 2691 1737 2755 martyr
1763 2689 1869 2748 est,
1906 2687 1961 2733 et

375 2783 545 2836 vitam
573 2780 660 2851 pie
690 2780 922 2851 peregit,
959 2788 1014 2835 et
1030 2794 1166 2851 pure
1197 2788 1318 2848 p03t
1351 2777 1585 2833 frontem
1614 2789 1818 2832 mensae
1849 2774 1960 2828 aui-

379 2871 715 2929 xamJesnm
777 2872 1009 2943 apudse
1067 2869 1341 2928 invocavit
1400 2869 1467 2925 ad
1525 2866 1958 2924 misericordiam

380 2966 553 3035 ipsius
585 2965 693 3023 sibi
712 2964 1137 3030 conciliandam,
1167 2974 1221 3018 et
1247 2961 1646 3017 habitationem
1698 2958 1878 3014 Patris
1909 2968 1964 3015 et

382 3057 624 3127 Spiritus
652 3056 1098 3126 promerendam,
1139 3052 1373 3118 suscipit
1401 3067 1593 3121 supra.
1630 3059 1797 3121 caput
1842 3049 1962 3119 epi-

382 3148 658 3219 scopalem
685 3147 986 3211 dexteram,
1015 3160 1137 3215 quae
1164 3143 1507 3199 demonstrat
1535 3142 1725 3212 gratiae
1745 3141 1962 3212 ,adum-

384 3238 822 3302 brationem,_et
879 3237 1026 3292 illius
1084 3250 1121 3291 ‘a
1195 3236 1416 3291 Christo
1465 3222 2035 3304 participationem,C

386 3328 835 3400 quandoquidem
869 3338 923 3384 et
958 3330 1073 3398 ipse
1107 3329 1365 3396 apostolis
1400 3343 1595 3383 manus
1619 3327 1965 3397 imposuerit.

386 3423 510 3491 Ipse
537 3422 737 3478 etenim
756 3421 979 3476 elevans
1006 3437 1219 3486 manus,
1239 3420 1399 3486 dixit,
1428 3439 1446 3473 ι
1473 3419 1709 3475 Benedic
1730 3434 1877 3484 θυεμ
1911 3428 1968 3473 ct

389 3513 632 3585 Spiritus
662 3512 1007 3569 descendens
1037 3514 1310 3582 capitibus
1356 3527 1548 3568 eorum
1590 3510 1822 3577 insedit;
1846 3511 1967 3566 ideo

387 3623 647 3664 manuum
683 3609 1037 3678 impositione
1066 3609 1293 3678 gratiam
1350 3620 1543 3662 omnes
1601 3605 1966 3674 accipiebant.

386 3698 454 3756 Et
482 3701 628 3755 sicut
655 3715 852 3757 manus
877 3700 968 3755 Dei
994 3715 1095 3757 nos
1125 3708 1475 3764 creaverunt,
1506 3698 1588 3755 sic
1655 3713 1801 3753 nunc
1850 3710 1970 3750 ma-

387 3806 492 3848 nus
544 3791 788 3863 disponit
837 3793 903 3848 ad
958 3793 1410 3848 reformationem
1472 3799 1526 3844 et
1572 3787 1967 3845 recreationem

389 3886 696 3941 hominum.
722 3885 787 3940 Et
817 3885 1079 3955 quoniam
1113 3902 1127 3939 :
1159 3900 1180 3937 ι
1208 3884 1441 3939 Dextera
1471 3880 1833 3937 Dominilecit
1855 3877 1967 3932 vir-

390 3987 599 4044 tutem;
638 3984 692 4031 et
714 3979 935 4032 dextera
963 3975 1178 4030 Domini
1214 3975 1439 4037 exaltat,
1463 3981 1518 4028 et
1542 3971 1767 4026 dextera
1788 3967 1973 4023 Domi-

390 4071 443 4125 ni
464 4069 767 4139 gloriﬁcata
785 4078 871 4125 est
902 4069 955 4123 in
987 4068 1192 4123 virtute
1221 4084 1236 4134 ;
1269 4085 1288 4120 ι
1311 4067 1577 4132 scriptum
1594 4077 1811 4134 quoque
1837 4068 1920 4116 est
1953 4077 1968 4112 :

397 4181 418 4213 ι
454 4164 685 4217 Dextera
721 4171 833 4225 tua,
866 4169 921 4216 et
962 4160 1248 4215 brachium
1298 4167 1452 4212 tuum
1484 4155 1655 4212 Filius
1684 4153 1887 4215 Patris,
1919 4160 1973 4207 et

393 4255 727 4309 illuminatio
759 4253 914 4308 laciei
955 4262 1081 4318 tua},
1118 4251 1356 4320 Spiritus
1387 4258 1613 4306 sanctus
1643 4264 1660 4315 ;
1708 4247 1829 4317 ipsa
1886 4260 1972 4300 me

393 4346 739 4401 deduxerunt
792 4351 847 4399 et
906 4343 1256 4398 adduxerunt
1321 4343 1374 4395 in
1430 4349 1672 4395 montem
1721 4346 1968 4393 sanctum

396 4446 576 4502 tuum,
602 4438 766 4491 altam
795 4436 940 4491 illam
972 4445 1026 4490 et
1054 4436 1332 4491 caelestem
1381 4432 1680 4488 Ecclesiam
1714 4440 1884 4493 tuam,
1920 4438 1972 4484 et

2061 1959 2161 2026 τὴν
2216 1957 2487 2026 κεφαλὴν,
2519 1956 2601 2009 ὅτι
2636 1954 2776 2027 αὕτη
2827 1960 2920 2009 τὸν
2963 1953 3199 2025 Χριστὸν
3231 1951 3486 2021 σημαίνει
3536 1951 3637 2020 τὴν

2062 2051 2175 2103 τῶν
2204 2050 2463 2104 ἁπάντων
2489 2048 2756 2116 κεφαλὴν,
2780 2048 2876 2101 καλ
2909 2049 2966 2101 ὲν
2999 2047 3138 2117 αὐτῇ
3161 2047 3221 2099 τὸ
3266 2045 3336 2116 μῦ
3348 2062 3439 2114 ρον
3482 2045 3515 2116 ἡ
3543 2043 3641 2113 χάο

2067 2158 2156 2212 ρις
2188 2140 2286 2193 τοῦ
2315 2141 2661 2209 Πνεύματος,
2693 2138 2787 2192 καὶ
2823 2138 2889 2192 τὰ
2946 2139 3227 2209 μυστήρια
3260 2137 3338 2200 δὲ,
3370 2135 3531 2197 αὐτὸς
3572 2134 3636 2197 δὴ

2061 2235 2090 2287 6
2114 2231 2350 2303 Ἰησοῦς,
2377 2233 2718 2302 προκείμενα
2748 2232 2868 2286 τότε
2919 2232 3017 2285 καὶ
3044 2230 3488 2299 ἀπερικάλυπτα,
3520 2226 3639 2278 ἐπεὶ

2061 2326 2165 2378 καὶ
2188 2324 2339 2394 αὐτῷ
2367 2325 2711 2395 προσάγεται
2748 2323 3082 2394 λειτουργῶν
3132 2322 3209 2393 τῷ
3245 2322 3314 2376 δι’
3370 2323 3517 2390 ἡμᾶς
3553 2337 3638 2372 τε-

2064 2415 2310 2487 θυμένῳ,
2341 2417 2539 2470 καὶτὰ
2581 2416 2738 2484 λόγια
2796 2416 2990 2470 τούτου
3050 2417 3108 2468 ὲν
3147 2416 3214 2486 τῇ
3260 2412 3506 2484 τραπέζῃ
3565 2410 3641 2478 τῷ

2064 2510 2233 2564 αὐτοῦ
2281 2511 2552 2580 μνήματι,
2603 2511 2700 2564 καὶ
2744 2509 3010 2563 ὑποκάτω
3053 2507 3261 2575 ταύτης
3314 2503 3384 2557 τὰ
3411 2505 3642 2572 λείψανα

2062 2603 2175 2656 τῶν
2212 2603 2535 2673 μαρτύρων,
2588 2601 2683 2665 οὓς
2709 2601 2774 2671 δὴ
2821 2601 2915 2655 καὶ
2966 2602 3104 2670 πρὸς
3143 2596 3368 2668 ἀρωγὴν
3404 2598 3432 2650 6
3473 2594 3643 2664 ὕμνος

2064 2694 2464 2750 ἐπεκαλέσατο.
2510 2694 2634 2746 Ὀτι
2670 2695 2776 2773 καὶ.
2800 2694 2828 2745 6
2854 2693 3267 2761 προσαγόμενος
3325 2689 3538 2759 μάρτυς
3575 2687 3643 2755 τῇ

2071 2788 2401 2858 προαιρέσει
2458 2786 2698 2850 εὐσεϐῶς
2760 2786 3221 2854 πολιτευσάμενος
3278 2782 3375 2837 καὶ
3436 2779 3635 2848 ἁγνῶς,

2068 2882 2204 2952 μετᾶ
2238 2879 2332 2934 τοῦ
2363 2880 2572 2949 ἐρεῖσαι
2597 2878 2658 2931 τὸ
2695 2879 2948 2945 μέτωπον
2980 2879 3047 2949 τῇ
3076 2875 3324 2947 τραπέζῃ
3354 2872 3476 2928 καθ’
3519 2874 3644 2925 ἑαυ-

2064 2975 2155 3027 τὴν
2190 2974 2280 3026 τον
2302 2970 2517 3043 Ἰησοῦν
2561 2972 2642 3034 είς
2673 2969 2822 3024 ἔλεον
2852 2969 3051 3024 ἑαυτοῦ
3093 2969 3187 3023 καὶ
3234 2966 3517 3022 κατοικίαν
3552 2963 3648 3015 σὺν

2067 3067 2243 3137 Πατρὶ
2283 3067 2380 3119 καλ¹
2416 3065 2697 3123 "vatiuati
2732 3062 3187 3129 ἐπικαλούμενος,
3244 3060 3346 3129 τὴν
3381 3056 3648 3126 ἀρχιερα-

2069 3159 2225 3228 τικὴν
2258 3158 2444 3212 ἐπάνω
2477 3158 2577 3225 τῆς
2600 3154 2846 3225 κεφαλῆς
2895 3153 3205 3223 ἐπιδέχεται
3235 3150 3444 3217 δεξιάν,
3485 3149 3647 3219 ἤδει-

2071 3250 2229 3304 κνύει
2269 3248 2330 3302 τδ
2354 3246 2684 3311 ἐπισκιάζον
2718 3245 2819 3315 τῆς
2857 3245 3107 3315 χάριτος,
3149 3242 3248 3296 καὶ
3290 3241 3352 3294 τὸ
3413 3239 3522 3293 ἀπὸ
3553 3238 3647 3290 τοῦ

2070 3340 2312 3411 Χριστοῦ
2344 3339 2703 3409 μεταδοτικόν
2724 3355 2736 3368 ⁵
2766 3338 2890 3390 ἐπεὶ
2924 3337 3018 3391 xal
3050 3337 3160 3399 τοῖς
3193 3332 3519 3395 ἀποστόλοις
3552 3330 3649 3391 τὰς

2071 3435 2262 3504 χεῖρας
2298 3432 2560 3500 ἐπέθηκε.
2585 3430 2697 3484 Καὶ
2727 3429 2895 3493 αὐτὸς
2925 3429 3037 3499 γάρ
3063 3429 3275 3498 ἐπάρας
3309 3428 3405 3489 τάς
3439 3427 3645 3495 χεῖρας,

2071 3524 2264 3595 φησὶν,
2288 3542 2306 3575 ι
2329 3523 2643 3591 Εὐλόγησον
2662 3522 2879 3586 αὐτούς.
2895 3540 2913 3573 ι
2938 3521 3042 3576 Καὶ
3064 3520 3125 3575 τὸ
3143 3518 3365 3590 Πνεῦμα
3385 3518 3437 3571 δὲ
3462 3514 3650 3569 κατελ-

2074 3617 2189 3682 θὸν,
2224 3619 2345 3679 ταῖς
2403 3616 2671 3685 κεφαλαῖς
2719 3616 2903 3669 αὐτῶν
2933 3613 3251 3669 ὲπεκάθισε.
3312 3611 3403 3664 Διὸ
3459 3609 3549 3663 καὶ
3581 3610 3647 3678 τῇ

2072 3710 2183 3763 τῶν
2213 3708 2415 3779 χειρῶν
2458 3708 2699 3762 ὲπιθέσει
2732 3708 2933 3769 πάντες
2960 3707 3062 3777 τὴν
3120 3704 3285 3774 χάριν
3316 3702 3643 3772 ἐλάμϐανον.

2072 3800 2181 3852 Καὶ
2213 3799 2408 3868 ὥσπερ
2442 3798 2497 3849 αἱ
2531 3798 2715 3868 χεῖρες
2750 3795 2886 3850 Θεοῦ
2916 3796 3065 3866 ἡμᾶς
3100 3794 3361 3855 ἔπλασαν,
3411 3792 3502 3844 καὶ
3555 3788 3650 3841 νῦν

2073 3890 2200 3962 χεὶρ
2250 3890 2592 3959 ὲξοικονομεί
2636 3888 2774 3958 πρὸς
2823 3886 3135 3941 ἀνάπλασιν
3180 3886 3289 3936 τῶν
3322 3881 3648 3952 ἀνθρώπων.

2072 3983 2185 4037 Καὶ
2224 3983 2309 4036 ὅτι
2337 4001 2356 4032 ι
2388 3980 2553 4047 Δεξιὰ
2569 3982 2778 4052 Κυρίου
2811 3981 3035 4049 ἐποίησε
3080 3977 3334 4048 δύναμιν,
3378 3976 3470 4028 καὶ
3505 3972 3654 4036 δεξ;ὰ

2074 4077 2283 4147 Κυρίου
2337 4075 2482 4145 ὕψοῖ,
2529 4075 2625 4129 καὶ
2685 4076 2718 4143 ἠ
2756 4073 2905 4138 δεξιά
2953 4072 3163 4143 Κυρίου
3236 4069 3546 4133 δεδόξασται
3597 4069 3654 4119 ἐν

2076 4168 2240 4239 ίσχὺι,
2265 4186 2283 4219 ι
2307 4168 2619 4236 γέγραπται
2648 4167 2765 4230 καὶ,
2791 4185 2809 4217 ι
2826 4164 2907 4217 ’Ἡ
2935 4164 3086 4229 δεξιά
3116 4180 3208 4216 σου
3233 4163 3326 4215 καὶ
3348 4165 3374 4214 6
3414 4159 3655 4231 βραχίων

2075 4277 2171 4313 σου
2192 4299 2209 4324 ,
2239 4261 2267 4310 6
2298 4259 2425 4320 Υἱὸς
2452 4258 2545 4311 τοῦ
2578 4258 2809 4327 Πατρός,
2836 4257 2931 4309 καὶ
2961 4258 2988 4309 6
3023 4255 3305 4324 φωτισμὸς
3354 4252 3449 4306 τοῦ
3484 4268 3653 4323 πρ.σ-

2073 4351 2226 4404 ώπου
2286 4367 2402 4412 σου,
2422 4350 2483 4402 τὺ
2521 4349 2750 4416 Πνεῦμα
2779 4349 2839 4401 τὸ
2863 4349 3042 4413 ἅγιον,
3067 4346 3207 4400 αὑτά
3240 4362 3305 4413 με
3337 4344 3649 4413 ὡδήγησαν,

2079 4442 2178 4492 καὶ
2206 4440 2412 4509 ἧγαγόν
2445 4455 2511 4508 με
2552 4439 2632 4500 εἰς
2657 4437 2786 4505 ὅρος
2815 4438 2972 4503 άγιόν
3004 4452 3122 4498 σου,
3179 4435 3281 4503 τὴν
3315 4433 3527 4503 ὑψηλὴν
3561 4432 3654 4483 καὶ

396 4531 452 4585 in
481 4527 836 4586 tabernacula
871 4536 983 4596 tua,
1021 4527 1074 4582 in
1101 4526 1302 4597 quibus
1329 4525 1446 4596 ipse
1487 4522 1694 4583 habitat
1741 4521 1837 4592 qui
1888 4528 1971 4577 est

2078 4531 2405 4604 ἐπουράνιόν
2435 4547 2531 4581 σου
2579 4527 2935 4596 Ἐκκλησίαν,
2970 4528 3066 4579 καὶ
3104 4526 3185 4588 εἰς
3210 4527 3276 4577 τά
3312 4522 3654 4593 σκηνώματά

395 4623 452 4681 in
482 4621 820 4680 coelestibus.
854 4638 873 4671 ι

464 4812 598 4867 Cum
620 4821 798 4865 autem
819 4810 1081 4865 diaconus
1103 4804 1520 4865 exclamaverit:
1548 4801 1968 4856 «Attendamus»

396 4905 636 4973 (oportet
663 4904 808 4957 enim
841 4902 1006 4958 rebus
1045 4900 1299 4955 maximis
1354 4912 1548 4953 omnes
1583 4894 1884 4957 attendere,
1922 4899 1977 4943 et

397 5003 510 5049 tum
551 4996 811 5051 decenter
845 5009 971 5049 sese
1006 5006 1337 5062 componere
1368 5000 1424 5045 et
1489 4985 1795 5057 colligere),
1863 4984 1974 5053 epi-

395 5101 599 5157 scopus
617 5084 781 5142 edicit
805 5085 951 5140 clara
976 5096 1138 5139 voce:
1163 5101 1182 5134 ι
1206 5080 1394 5134 Divina
1423 5078 1617 5146 gratia,
1634 5095 1652 5127 ι
1677 5076 1973 5131 testiﬁcaris

399 5179 629 5247 gratiam
666 5189 958 5231 commune
991 5190 1113 5231 esse
1136 5173 1339 5227 donum
1393 5168 1699 5234 Trinitatis,
1756 5178 1809 5223 et
1852 5183 1971 5222 eam

397 5272 693 5326 advocans.
721 5270 979 5339 Adjungit
1011 5286 1022 5320 :
1063 5285 1081 5319 ι
1114 5265 1243 5331 Qua:
1267 5261 1715 5332 semperiutirma
1741 5270 1914 5317 curat.
1946 5279 1965 5312 ι

397 5360 643 5416 llumilcs
682 5361 826 5416 enim
864 5374 1054 5416 sumus
1086 5365 1141 5411 et
1167 5355 1460 5408 admodum
1492 5352 1719 5418 inlirmi,
1741 5369 1971 5424 praeser-

396 5451 491 5503 tim
523 5449 589 5501 ad
635 5452 749 5503 haec
786 5448 878 5502 Dei
909 5462 1098 5516 opera.
1130 5443 1473 5511 Quapropter
1531 5442 1599 5495 ab
1655 5457 1716 5497 ea
1783 5453 1973 5499 manat

400 5541 616 5596 curatio
636 5540 1019 5595 inﬁrmitatum
1049 5543 1387 5598 nostrarum,
1408 5534 1550 5588 hanc
1571 5536 1771 5590 etenim
1800 5540 1969 5591 \‘irltto

341 5632 346 5639 “
400 5641 506 5684 tem
535 5630 801 5701 possidet.
834 5646 853 5680 ι
880 5628 945 5682 Et
969 5622 1281 5679 deﬁcientia
1308 5623 1543 5692 supplet,
1568 5642 1586 5671 ι
1634 5627 1826 5697 inquit.
1852 5626 1970 5681 Non

397 5724 542 5776 enim
572 5737 674 5777 nos
705 5736 734 5774 a
761 5720 921 5775 nobis
962 5716 1095 5787 ipsis
1126 5713 1331 5782 aliquid
1373 5716 1718 5786 possidemus
1747 5732 1841 5775 aut
1879 5737 1972 5771 va-

398 5816 599 5882 lemus,
656 5814 750 5868 sed
785 5812 901 5881 ipsa
933 5818 1015 5865 est
1060 5808 1235 5878 gratia
1274 5822 1394 5877 qum
1448 5811 1630 5865 omnia
1675 5821 1872 5881 potest,
1916 5823 1970 5868 et

2081 4641 2198 4688 σου,
2232 4624 2291 4675 ὲν
2310 4618 2398 4686 ei;
2428 4620 2592 4682 αὐτὸς
2629 4621 2936 4692 ὲνσκηνοῖς,
2968 4622 2996 4672 6
3032 4616 3310 4673 κατοικῶν
3339 4619 3397 4671 ὲν
3424 4618 3534 4678 τοῖς
3566 4616 3656 4668 οὐν

2082 4717 2283 4787 ρανοῖς.
2326 4734 2345 4767 a

2150 4808 2260 4860 Kal
2289 4805 2387 4861 τοῦ
2416 4805 2667 4859 διακόνου
2700 4807 3037 4875 κεκραγότος
3064 4803 3174 4866 τδ,‹
3203 4802 3597 4873 Πρὸσσχωμεν,
3632 4817 3649 4848 ι

2078 4898 2160 4951 δεῖ
2203 4898 2311 4968 γάρ
2359 4899 2471 4961 τοῖς
2516 4896 2795 4967 μεγίστοις
2840 4895 2989 4947 ὀὕτω
3034 4895 3241 4954 πάντας
3271 4893 3562 4961 προσέχειν
3596 4905 3654 4940 τε

2080 4991 2173 5042 καὶ
2215 4989 2625 5050 συστέλλεσθαι,
2655 4990 2682 5039 ὁ
2716 4987 3008 5056 ἀρχιερεὺς
3048 4986 3302 5052 ὲκφωνεῖ,
3349 5000 3368 5033 ι
3427 4982 3491 5033 Ἢ
3539 4980 3657 5032 θεία

2079 5082 2241 5152 χάρις
2267 5099 2280 5112 '
2310 5102 2339 5131 ι
2369 5082 2469 5147 τῆς
2507 5078 2740 5149 Τριάδος
2783 5074 2922 5130 εἶναι
2973 5076 3161 5144 κοινὴν
3214 5073 3511 5144 μαρτυρῶν
3555 5073 3656 5138 τὴν

2077 5173 2331 5244 δωρεὰν,
2382 5173 2479 5226 καὶ
2530 5170 2739 5238 ταύτην
2775 5167 3232 5235 ἐπικαλούμενος.
3286 5166 3397 5218 Καὶ
3433 5164 3653 5229 ἐπάγει,

2087 5285 2105 5315 ι
2157 5265 2219 5317 Ἦ
2267 5265 2499 5318 πάντοτε
2533 5262 2601 5314 τά
2643 5259 2847 5328 ἀσθενῆ
2887 5257 3292 5328 θεραπεύουσα.
3341 5276 3358 5308 ι
3393 5255 3657 5308 Ταπεινοὶ

2079 5358 2188 5427 γὰρ
2242 5357 2405 5425 ἡμεῖς
2446 5357 2538 5407 καὶ
2593 5354 2715 5405 λίαν
2761 5350 3031 5413 ἀσθενεῖς.
3086 5351 3183 5403 καὶ
3228 5349 3464 5417 μάλιστα
3520 5346 3657 5417 πρὸς

2077 5450 2306 5502 τοιαῦτα
2340 5447 2434 5500 τοῦ
2485 5446 2622 5499 Θεοῦ
2677 5444 2834 5515 ἔργα.
2887 5444 2980 5496 Διὸ
3027 5445 3119 5496 καὶ
3162 5445 3194 5512 ὴ
3243 5442 3507 5512 θεραπεία
3546 5442 3655 5493 τῶν

2079 5539 2324 5592 ἀσθενῶν
2361 5538 2519 5606 ἡμῶν
2569 5537 2700 5604 παρ’
2732 5535 2945 5601 αὑτῆςε
2977 5533 3113 5604 αὕτη
3159 5533 3268 5602 γάρ
3301 5532 3531 5603 παρέχει
3557 5532 3655 5599 τὴν

2078 5632 2331 5697 δύναμιν.
2370 5648 2388 5680 ι
2434 5629 2543 5682 Καὶ
2577 5628 2644 5680 τά
2674 5626 2992 5680 ἐλλείποντα
3018 5623 3435 5694 ἁναπληροῦσα,
3485 5642 3503 5674 ι
3551 5641 3654 5691 φη-

2082 5723 2187 5774 σίν.
2209 5723 2282 5773 Οὐ
2303 5722 2413 5788 γὰρ
2446 5722 2602 5788 ἡμεῖς
2624 5720 2716 5782 ἀφ’
2742 5720 2952 5771 ἑαυτῶν
2976 5735 3028 5770 τι
3060 5716 3380 5786 κεκτήμεθα
3472 5715 3652 5783 ἰσχύο-

2085 5829 2202 5880 pa),
2233 5809 2345 5863 ἀλλ’
2379 5810 2515 5879 αὐτὴ
2556 5811 2588 5879 ἡ
2637 5808 2731 5862 τοῦ
2759 5806 2894 5861 Θεοῦ
2918 5810 3077 5879 χάρις
3113 5810 3144 5880 ἡ
3182 5808 3356 5863 πάντα
3393 5806 3647 5877 ἰτχύουσά
