4078 6466
406 405 512 470 377

1461 423 1557 482 DE
1589 423 1856 485 SACiliS
1911 427 2007 486 ΟΒ
2026 430 2589 493 DlNATlON’iBUS

3564 442 3669 506 378

397 543 455 578 τε
492 529 584 577 καὶ
613 525 877 594 νέμουσα,
913 529 1124 598 ὅσαπερ
1175 530 1334 598 ἡμεῖς
1389 532 1585 602 ἔχομεν
1608 575 1622 597 ,
1659 538 1688 606 ἡ
1722 538 1814 588 καὶ
1849 539 1976 588 ἁνα-

2112 542 2365 596 listriltuit
2419 560 2762 615 «μανι-ηατζιιο
2816 548 3100 615 habemus,
3173 567 3400 620 qua?un
3454 554 3671 620 supplet

397 614 681 684 πληροῦσα
699 617 758 668 τὸ
779 617 1026 682 ἐλλειπὲς
1051 623 1106 673 ἐν
1128 622 1260 690 ἡμῖι
1280 639 1294 654 ο
1325 641 1340 672 ι
1373 627 1830 693 προχειρίζεται,ι
1865 629 1982 697 ἦτοι

400 707 744 778 προϐάλλεται
758 729 795 774 ι,
825 711 1080 781 καθιστᾷ,
1111 712 1454 768 τελειοποιεί.
1482 715 1635 784 ’Ἅμα
1662 718 1716 770 δὲ
1747 718 1984 788 τῷλόγῳ

397 800 494 851 καὶ
525 801 586 851 τὸ
640 802 888 872 χάρισμα
927 805 1152 860 δίδοται.
1208 805 1340 858 Οὐδὲ
1396 809 1505 877 γὰρ
1566 809 1761 878 χρόνου
1823 813 1984 880 χρεία

398 893 462 962 τῇ
490 895 888 964 παντοδυνάμῳ
941 897 1037 949 καὶ
1067 899 1348 951 αὐτοτελεῖ
1380 900 1631 968 δυνάμει.
1675 921 1692 952 ι
1729 904 1831 954 Τὸν
1869 905 1978 954 δεῖ-

400 1001 484 1044 να,
516 1003 534 1034 ι
598 985 692 1038 καὶ
732 985 789 1037 τδ
842 988 1014 1056 ὄνομα
1054 989 1202 1056 λέγει
1234 1030 1247 1049 ,
1286 991 1369 1043 ἵνα
1419 991 1579 1044 τοῦτο
1629 997 1815 1062 γραφῇ
1875 995 1986 1045 ἄνω

401 1076 493 1127 καὶ
533 1076 810 1147 γνώριμος
845 1078 1067 1151 ὑπάρχῃ
1117 1082 1378 1149 ἀγγέλοις
1447 1101 1506 1135 τε
1559 1087 1650 1136 καὶ
1896 1087 1984 1138 ἀν-

403 1167 680 1237 θρώποις·
716 1170 838 1222 ἐπεὶ
894 1173 992 1225 καὶ
1050 1174 1186 1226 θεοῦ
1246 1177 1578 1228 καθίσταται
1643 1178 1982 1246 λειτουργδς,

411 1280 428 1314 ι
458 1261 550 1314 τὸν
612 1261 1012 1317 εὐλαϐέστατον
1041 1266 1396 1320 ύποδιάκονον
1421 1272 1501 1331 εἰς
1533 1269 1806 1324 διάκονον.
1847 1292 1865 1322 ›
1898 1275 1986 1324 Τι-

409 1355 484 1423 μᾷ
510 1355 606 1406 καὶ
633 1353 694 1406 τὸ
725 1355 916 1425 πρώην
943 1357 1211 1426 χάρισμα,
1243 1360 1338 1411 καὶ
1372 1361 1464 1412 τὸν
1508 1361 1703 1430 ἔχοντα
1750 1363 1824 1424 ὡς
1852 1361 1987 1415 Θ;οῦ

407 1447 723 1518 ὑπηρέτην,
765 1449 840 1510 ὡς
873 1449 1007 1503 Θεοῦ
1053 1450 1211 1520 χάριν
1265 1452 1478 1522 ἔχοντα,
1513 1456 1607 1507 καὶ
1663 1457 1718 1508 ἐν
1770 1457 1989 1524 Χριστῷ

407 1539 756 1608 ἐνεργοῦντα.
780 1559 797 1591 ι
823 1540 914 1602 Εἰς
943 1541 1191 1595 διάκονον
1217 1562 1234 1593 ι
1260 1545 1316 1597 δὲ
1340 1546 1529 1607 εἰπὼν,
1551 1547 1724 1599 καὶτὸ
1745 1547 1991 1616 χάρισμα

405 1631 640 1687 δίδωσιν.
674 1632 784 1685 Kal.
808 1635 834 1684 ὀ
868 1636 1342 1704 χειροτονούμενος
1376 1638 1476 1707 τὴν
1507 1638 1789 1691 διακονίαν
1832 1639 1992 1690 ἔλαϐε

407 1721 483 1790 τῷ
512 1722 654 1792 λόγῳ
690 1722 781 1775 τοῦ
830 1725 1086 1794 ἱεράρχου
1141 1726 1301 1791 εὐθύς
1323 1745 1337 1759 ο
1363 1730 1596 1799 ἐνεργὴς
1625 1730 1734 1800 γάρ
1769 1732 1882 1781 ἐστι
1915 1730 1992 1795 τῷ

409 1814 663 1883 παναγίῳ
687 1815 782 1867 καὶ
828 1813 955 1884 ϐείῳ
987 1816 1288 1886 Πνεύματι·
1324 1821 1404 1872 ὅτι
1436 1821 1529 1872 καὶ
1564 1820 1662 1872 οὐκ
1702 1821 1864 1881 αὐτὸς
1903 1814 1989 1871 οἷα

2087 631 2228 698 quod
2252 632 2302 685 in
2332 634 2712 689 nobisdelicit.
2742 655 2760 688 ι
2789 636 3098 704 Promovet,
3132 660 3149 692 ι
3181 643 3231 696 id
3256 652 3360 708 est,
3391 644 3668 712 designat,

2086 723 2392 788 constituit,
2432 725 2644 794 perficit
2680 729 2884 794 ;simul
2921 742 3096 786 autem
3123 749 3244 787 cum
3305 735 3471 790 verbo
3509 737 3672 790 datur

2089 815 2283 880 gratia.
2322 814 2681 886 Omnipotens
2720 821 2888 888 enim,
2921 833 2972 877 et
3025 839 3120 892 per
3167 841 3225 880 se
3293 827 3563 891 absoluta,
3619 838 3673 880 et

2089 918 2470 962 consummata
2501 910 2794 966 Deivirtus
2829 922 3073 984 tempore
3139 933 3275 983 opus
3317 934 3424 971 non
3485 919 3671 972 liabet.

2095 1016 2112 1045 ι
2148 997 2302 1054 llnnc
2322 999 2389 1054 N.
2413 1020 2429 1052 ι
2466 1019 2662 1057 nomen
2687 1005 2918 1072 profert,
2945 1017 3004 1060 ιιι
3023 1007 3151 1061 illud
3171 1011 3426 1077 superius
3449 1009 3674 1070 scribat,

2091 1097 2390 1160 notumque
2426 1094 2724 1164 sitangelis
2745 1105 2800 1150 et
2822 1098 3162 1165 hominibus,
3198 1114 3319 1153 cum
3355 1100 3445 1153 Dei
3473 1101 3678 1154 consti-

2092 1189 2278 1234 tuatur
2322 1184 2600 1252 minister,
2643 1205 2662 1238 ι
2689 1188 3161 1257 religiosissimum
3199 1191 3674 1246 subdiaconumin

2093 1271 2406 1327 diaconum.
2439 1295 2456 1327 ›
2501 1276 2818 1334 l-Ionoratet
2862 1283 3012 1352 prius
3048 1281 3138 1336 Dei
3173 1284 3472 1346 donum,et
3502 1283 3678 1353 possi-

2092 1362 2334 1426 dentem,
2358 1375 2412 1418 ttt
2461 1367 2552 1420 Dei
2584 1384 2831 1434 servum,
2864 1381 2920 1424 ut
2946 1373 3128 1440 gratiae
3165 1373 3362 1426 divina:
3394 1388 3679 1442 possesso-

2094 1464 2231 1513 rem,
2250 1459 2300 1505 et
2321 1467 2415 1518 per
2431 1454 2706 1508 Christum
2734 1468 3072 1526 operantem.
3095 1460 3228 1514 Cum
3246 1463 3376 1515 dicit
3395 1462 3680 1525 ordinans,

2102 1562 2119 1592 ι
2153 1542 2207 1595 In
2244 1545 2565 1612 diaconum,
2594 1566 2612 1599 ι
2650 1561 2700 1603 et
2727 1550 2956 1618 gratiam
2983 1552 3173 1614 donat,
3197 1563 3247 1606 et
3272 1554 3364 1622 qui
3393 1554 3682 1608 ordinatur

2095 1633 2386 1690 diaconum
2423 1641 2667 1709 episcopi
2707 1643 2873 1696 verbo
2937 1644 3122 1697 statim
3194 1645 3431 1712 accipit;
3493 1645 3678 1700 eﬂicax

2097 1728 2241 1779 enim
2275 1736 2357 1781 est
2389 1746 2485 1798 per
2523 1732 2936 1787 sanctissimum
2980 1733 3073 1787 Dei
3103 1735 3391 1802 Spiritum,
3438 1751 3503 1790 eo
3536 1736 3682 1803 quin]

2101 1833 2205 1869 non
2242 1826 2301 1870 ut
2337 1820 2522 1880 homo.
2557 1807 2651 1874 sed
2685 1833 2742 1878 ιιι
2768 1825 3016 1891 pontifex
3048 1825 3294 1895 loquitur
3323 1840 3448 1880 cum
3483 1829 3682 1896 gratia,

409 1907 718 1976 ἄνθρωπος,
763 1907 880 1960 ἀλλ’
911 1907 984 1970 ὡς
1025 1909 1285 1979 ἱεράρχης
1333 1911 1482 1978 λέγει
1519 1915 1654 1979 μετέι
1706 1912 1803 1981 τῆς
1836 1912 1994 1979 χάρι-

2112 1919 2149 1961 3t
2185 1911 2418 1977 gratiam
2474 1913 2746 1980 producit,
2801 1923 2857 1970 et
2912 1918 3086 1985 gratia
3158 1927 3436 1987 operatur.
3485 1918 3683 1973 Eliicax

413 2017 526 2064 τοςο
562 2003 657 2054 καὶ
690 2004 791 2072 τὴν
826 2002 987 2072 χάριν
1037 2003 1427 2056 ἐπεκαλέσατοο
1466 2005 1561 2056 καὶ
1591 2005 1622 2074 ἡ
1660 2005 1817 2074 χάρις
1849 2006 2000 2072 ἐνερ-

410 2097 516 2162 γεῖ,
545 2095 626 2146 ὅτι
650 2094 744 2146 καὶ
771 2093 998 2164 ἐνεργὴς
1026 2094 1054 2145 ὁ
1085 2094 1242 2162 λόγος
1268 2094 1360 2147 τοῦ
1385 2095 1543 2148 Θεοῦ·
1579 2097 1672 2148 καὶ
1699 2096 1782 2148 ὅτι
1818 2097 1998 2149 πάντα

419 2185 638 2253 ἐνεργεῖ
675 2184 737 2237 τὸ
786 2184 844 2236 ἓν
888 2185 977 2237 καὶ
1015 2185 1074 2238 τδ
1130 2186 1261 2238 αὐτὸ
1294 2186 1543 2253 Πνεῦμα.
1585 2186 1719 2238 Τότε
1774 2186 1871 2254 μὲν
1907 2185 1999 2239 οῦν

413 2271 572 2334 εὐθὺς
622 2271 729 2324 ἀπὸ
790 2272 1155 2326 ὑποδιακόνου
1197 2275 1277 2335 εἰς
1331 2274 1392 2326 τὸ
1427 2274 1678 2338 διάκονος
1725 2271 1865 2327 εἶναι
1905 2277 1999 2343 γέ-

419 2379 567 2430 γονεο
602 2363 742 2434 πλὴν
773 2363 856 2417 ἔτι
898 2365 1090 2434 χρείαν
1135 2364 1248 2434 ἔχει
1279 2366 1373 2418 καὶ
1402 2369 1500 2431 τῆς
1535 2367 1728 2434 λοιπῆς
1774 2367 2000 2436 τελετῆς

418 2456 532 2508 τῶν
581 2455 994 2526 ἀρχιερατικῶν
1039 2455 1213 2525 εὐχῶν
1243 2499 1258 2523 ,
1315 2456 1408 2510 καὶ
1471 2458 1578 2510 τῶν
1619 2459 1766 2510 κατὰ
1826 2459 1999 2512 τύπον

420 2551 700 2606 ἁπάντων.
737 2552 812 2604 Οὐ
853 2550 964 2620 γὰρ
990 2550 1153 2620 ἀρκεῖ
1202 2552 1362 2619 μόνον
1393 2552 1428 2620 ἡ
1458 2551 1612 2621 φωνὴ
1647 2552 1706 2604 τι
1737 2553 1828 2604 τὸν
1869 2553 2001 2604 ὑπο-

418 2647 669 2701 διὰκονον
715 2647 1173 2717 προχειρισυῆναι
1220 2648 1399 2699 εἰπεῖν
1448 2647 1526 2709 είς
1555 2647 1828 2708 διάκονον,
1859 2647 1890 2718 ἢ
1922 2650 2000 2709 εἰς

418 2740 581 2794 ἄλλον
607 2740 730 2794 τινὰ
756 2739 986 2809 βαθμόνο
1021 2741 1159 2793 ἀλλὰ
1201 2739 1298 2792 σὺν
1326 2740 1476 2809 αύτῷ
1515 2741 1624 2810 χρὴ
1659 2742 1750 2794 καὶ
1779 2743 1870 2793 ἐπὶ
1900 2742 1999 2805 τῆς

418 2833 576 2902 ἱερᾶς
623 2832 907 2903 τραπέζης
940 2833 1038 2902 τὴν
1075 2835 1325 2902 κεφαλὴν
1357 2834 1502 2905 ἔχειν
1528 2874 1543 2897 ,
1593 2835 1687 2886 καὶ
1739 2836 2000 2888 κλίναντα

419 2926 478 2976 τὸ
508 2924 661 2992 γόνυ,
691 2925 788 2995 τὴν
821 2927 980 2995 χεῖρα
1015 2924 1111 2978 τοῦ
1150 2924 1410 2996 ἱεράρχου
1447 2925 1806 2995 ἐπικειμένην
1831 2927 2000 2994 ἔχειν,

418 3016 517 3068 καὶ
566 3016 663 3078 τὰς
699 3016 1094 3084 τετυπωμένας
1130 3016 1300 3086 εὐχὰς
1349 3015 1586 3087 ῥηθῆναί
1627 3033 1684 3068 τε
1721 3017 1815 3069 καὶ
1847 3017 2002 3083 αἰτή-

399 3098 560 3172 σεις,
592 3109 689 3160 καλ⁵
717 3108 1150 3176 σφραγισθῆναι,
1192 3110 1283 3160 καί
1321 3110 1472 3172 ἄξιον
1518 3107 1999 3176 ἀνακηρυχθῆναι,

420 3200 512 3252 καὶ
567 3200 658 3251 τὸν
714 3200 861 3268 ἱερὸν
909 3199 1205 3270 ἀσπασμὸν
1262 3198 1640 3268 ποιήσασθαι·
1682 3201 1864 3252 πάντα
1897 3200 2075 3289 γὰρο

420 3291 598 3346 ταῦτα
641 3289 911 3345 τελειοῦσι
961 3290 1053 3344 τὸν
1109 3292 1633 3362 χειροτονούμενον,
1688 3291 1786 3343 καὶ
1830 3290 2007 3342 πάντα

423 3383 679 3452 γενέσθαι
717 3386 820 3454 χρή
849 3398 862 3412 ⁶
896 3384 1023 3437 ἐπεὶ
1052 3386 1147 3436 καὶ
1182 3384 1239 3434 ἐν
1281 3385 1392 3444 τοῖς
1431 3381 1638 3446 λοιποῖς
1679 3385 2008 3453 μυστηρίοις

423 3474 598 3538 οὕτως
635 3475 805 3538 ἐστὶν,
836 3472 977 3528 ὥστε
1012 3475 1192 3528 πάντα
1237 3473 1304 3525 τὰ
1345 3471 1720 3542 νενομισμένα
1753 3473 2011 3543 πραχθῆ-

425 3587 536 3631 ναι,
571 3571 666 3622 καὶ
706 3568 877 3639 μηδὲν
908 3565 1396 3638 παραλειφθῆναι,
1424 3565 1498 3628 ὡς
1544 3564 1780 3619 ἑκάστου
1811 3565 1903 3619 τὸν
1933 3566 2015 3619 ol-

426 3663 574 3713 κεῖον
606 3660 821 3731 ἔχοντος
854 3662 1037 3730 λόγον.

511 3756 739 3823 Ἐπάγει
795 3753 851 3806 δὲ
899 3754 994 3807 καὶ
1037 3752 1116 3816 τὸ,
1155 3769 1173 3804 ι
1204 3750 1488 3820 Εύξόμεθα
1521 3748 1616 3803 οῦν
1650 3751 1790 3822 ὑπὲρ
1822 3748 2012 3813 αὑτοῦ,

428 3849 495 3903 ἵν’
521 3849 649 3920 ἕλοῃ
696 3848 781 3901 ἐπ’
817 3848 980 3900 αὐτὸν
1013 3848 1045 3916 ἡ
1086 3846 1247 3916 χάρις
1285 3845 1380 3898 τοῦ
1426 3847 1694 3912 παναγιου
1744 3844 2011 3913 Πνεύμαη

427 3960 540 4007 τοςο
577 3962 596 3994 ι
630 3941 747 4011 ἅμα
777 3940 877 4011 μὲν
908 3941 1003 3994 καὶ
1050 3941 1148 4007 τὴν
1176 3938 1270 3992 τοῦ
1317 3937 1455 3991 Θεοῦ
1506 3939 1666 4008 χάριν
1719 3937 2015 3990 ἐπικαλού-

435 4053 592 4104 μενος
621 4075 635 4099 ,
673 4034 788 4104 ἅμα.
826 4033 882 4086 δὲ
935 4033 1029 4084 καὶ
1059 4033 1118 4085 τὺ
1167 4031 1232 4083 δι’
1284 4031 1454 4100 αὐτῆς
1502 4031 1748 4099 ἐνεργεῖν
1788 4046 2010 4098 μαρτυο

433 4129 564 4195 ρῶν,
596 4129 691 4182 καὶ
721 4127 822 4198 τὴν
857 4126 1184 4193 Ἐκκλησίαν
1212 4125 1268 4178 δὲ
1301 4125 1488 4176 πᾶσαν
1525 4122 2015 4192 προσκαλούμενος

436 4223 696 4292 συνεργὸν
725 4223 802 4284 εἰς
841 4221 903 4272 τὸ
943 4220 1102 4287 ἔργον
1138 4220 1278 4287 ὑπέρ
1326 4235 1387 4270 τε
1419 4217 1616 4269 ἑαυτοῦ
1649 4217 1744 4285 καὶ
1779 4215 1874 4268 τοῦ
1902 4232 2015 4284 χει-

437 4313 868 4384 ροτονουμένου·
925 4313 973 4365 ει
1039 4311 1149 4380 γὰρ
1208 4311 1412 4380 Πέτρος
1449 4309 1710 4378 συνεργὸν
1765 4305 1877 4378 εἶχε
1921 4307 2020 4377 τὴν

447 4406 775 4476 Ἐκκλησίαν
805 4407 884 4466 εἰς
911 4405 1008 4467 τὰς
1045 4404 1232 4473 εὐχὰς,
1265 4401 1448 4471 πολλῷ
1486 4419 1548 4468 γε
1601 4401 1802 4480 μᾶλλον
1831 4401 2014 4463 αὐττῧς.

437 4501 524 4553 Διὸ
557 4501 651 4553 καὶ
703 4497 922 4550 πάντων
955 4496 1228 4562 λεγόντων
1258 4495 1379 4562 τρὶς
1414 4497 1490 4556 εἰς
1528 4492 1688 4557 δόξαν
1716 4494 1813 4560 τῆς
1851 4494 2018 4561 Τριά-

2100 2001 2244 2055 enim
2280 2012 2334 2057 et
2363 2006 2680 2074 operativus
2701 2014 2785 2061 est
2812 2023 2995 2064 sermo
3029 2009 3142 2075 Dci,
3179 2013 3435 2065 etomnia
3486 2025 3684 2080 Opera-

2104 2102 2188 2145 tnr
2217 2108 2362 2148 unus
2394 2107 2448 2150 et
2471 2095 2610 2149 idem
2640 2097 2901 2167 Spiritus.
2965 2099 3120 2155 Tunc
3174 2102 3394 2170 quidem
3449 2103 3683 2156 statime

2104 2185 2446 2239 subdiacono
2489 2186 2545 2240 fit
2575 2188 2872 2245 diaconus.
2902 2189 3273 2247 Nihilominus
3311 2202 3490 2247 tamen
3543 2209 3684 2261 opus

2102 2277 2283 2329 adhuc
2329 2277 2489 2333 habet
2515 2282 2781 2350 mysterio
2809 2291 2861 2337 et
2895 2283 3233 2352 perfectione
3293 2300 3512 2354 precum
3572 2285 3685 2354 cpi-

2102 2368 2430 2434 scnpalium,
2458 2379 2512 2424 et
2543 2381 2868 2428 cancrorum
2901 2375 3146 2430 omnium
3199 2392 3321 2443 quae
3354 2378 3406 2430 in
3460 2378 3688 2430 ordina-

2105 2463 2319 2514 t'onum
2356 2463 2737 2534 paradigmate
2769 2467 3146 2522 continentur.
3193 2466 3311 2522 Non
3381 2468 3526 2522 enim
3579 2483 3685 2523 vox

2102 2551 2218 2604 sola
2249 2552 2472 2618 suﬂicit,
2507 2564 2569 2608 ut
2596 2556 2976 2614 subdiaconus
3001 2568 3414 2627 promoveatur,
3453 2575 3554 2614 nec
3603 2559 3708 2630 di-,

2104 2659 2231 2698 cere
2263 2643 2316 2697 in
2353 2644 2668 2715 diaconum,
2710 2649 2794 2702 vel
2825 2651 3075 2718 quemvis
3096 2651 3260 2706 alium
3294 2653 3521 2721 gradum
3557 2667 3686 2721 pro-

2103 2744 2418 2804 moveatur;
2454 2739 2546 2792 sed
2567 2753 2692 2793 cum
2727 2741 2832 2796 hoc
2854 2749 3070 2810 oportet.
3115 2743 3280 2797 etiam
3345 2751 3509 2811 caput.
3566 2745 3689 2813 ejus

2110 2841 2284 2882 sacra:
2318 2844 2521 2883 mensae
2549 2831 2892 2897 incumbere,
2938 2842 2989 2886 et
3027 2834 3329 2888 ﬂectentem
3361 2852 3502 2905 genu
3573 2851 3692 2888 ma-

2105 2935 2232 2972 num
2273 2922 2520 2990 episcopi
2549 2923 2859 2993 impositam
2891 2925 3115 2990 habere,
3146 2935 3199 2979 et
3229 2925 3541 2995 descriptas
3565 2940 3692 2996 pre-

2105 3020 2265 3066 ceset
2303 3013 2582 3068 orationes
2622 3015 2862 3078 recitari,
2885 3024 2940 3071 et
2973 3031 3136 3071 cruce
3189 3017 3418 3084 signari,
3483 3024 3538 3071 et
3607 3017 3694 3070 di-

2107 3121 2271 3176 gnum
2293 3106 2646 3176 proclamari,
2673 3116 2726 3163 et
2753 3123 2962 3163 sacram
2987 3093 3380 3164 salutationem
3395 3109 3534 3163 tieri.
3567 3107 3695 3162 “me

2107 3200 2251 3254 enim
2280 3201 2466 3254 omnia
2504 3200 2876 3255 ordinandum
2909 3201 3220 3270 perficiunt,
3253 3210 3308 3256 et
3346 3201 3527 3256 omnia
3574 3215 3700 3268 quae

2112 3293 2429 3362 praescripta
2467 3304 2594 3347 sunt
2621 3292 2735 3346 ﬁeri
2764 3308 2988 3349 necesse
3022 3304 3126 3361 est,
3178 3309 3303 3348 cum
3361 3296 3414 3348 in
3481 3297 3697 3349 cmtcris

2114 3383 2479 3440 sacramentis
2503 3399 2591 3443 res
2622 3385 2694 3438 ita
2737 3399 2797 3440 se
2821 3384 3040 3446 habeat,
3074 3396 3134 3439 ut
3169 3385 3353 3440 omnia
3383 3401 3506 3452 quae
3567 3401 3704 3438 con-

2114 3477 2299 3530 suituta
2332 3485 2462 3530 sunt
2494 3486 2849 3546 peragantur,
2870 3477 3074 3530 etniltil
3127 3492 3316 3531 eorum
3377 3477 3706 3546 prmtcrmit-

2115 3575 2282 3626 tatur,
2319 3575 2509 3635 utpote
2548 3581 2739 3622 eorum
2767 3583 3104 3638 unoquoque
3141 3567 3473 3638 peculiarem
3535 3552 3708 3622 ratio-

2117 3671 2238 3709 nem
2289 3655 2547 3710 habente.

2189 3745 2285 3802 His
2317 3747 2636 3816 superaddit
2667 3748 2962 3818 episc0pus
2990 3766 3003 3803 :
3047 3767 3064 3800 ι
3097 3748 3390 3803 Precemur
3413 3747 3578 3818 igitur
3608 3765 3710 3816 pm

2116 3855 2203 3906 en,
2220 3849 2272 3893 ut
2296 3856 2319 3887 ι
2332 3839 2474 3892 enial
2492 3855 2654 3908 super
2676 3840 2850 3908 ipsum
2871 3841 3044 3908 gratia
3060 3841 3391 3895 sanctissimi
3411 3840 3705 3908 Spiritnsp

2116 3930 2278 3983 simul
2318 3930 2536 3998 quidem
2586 3937 2640 3983 et
2671 3930 2760 3983 Dei
2792 3931 3022 3998 gratiam
3057 3930 3340 3994 invocans,
3376 3930 3539 3984 simul
3574 3947 3712 3998 quo-

2117 4036 2226 4090 que
2247 4032 2300 4076 et
2326 4037 2384 4076 se
2419 4037 2514 4091 per
2542 4038 2662 4076 eam
2692 4023 2906 4092 up‘crari
2934 4021 3256 4086 testiticaus,
3303 4029 3357 4075 et
3395 4021 3708 4074 universam

2122 4112 2416 4169 Ecclesiam
2443 4113 2720 4166 advocans
2745 4121 2852 4165 tam
2891 4124 2984 4180 pro
3009 4124 3068 4162 se
3095 4125 3255 4178 quam
3283 4124 3383 4178 pro
3406 4108 3714 4165 ordinando

2121 4217 2182 4260 ut
2221 4206 2346 4259 huic
2372 4205 2524 4275 operi
2557 4212 2909 4269 cooperctur.
2931 4203 3068 4256 Nam
3106 4202 3150 4266 si
3175 4201 3370 4254 Petrus
3404 4215 3713 4270 cooperan-

2123 4309 2231 4355 tcm
2259 4301 2373 4354 suis
2409 4296 2664 4369 precibus
2694 4295 2880 4349 habuit
2941 4293 3269 4357 Ecclesium,
3320 4291 3491 4346 multo
3542 4291 3718 4361 magis

2123 4393 2259 4464 ipse.
2290 4393 2420 4446 ideo
2446 4388 2704 4446 omnibus
2735 4387 3102 4447 dicentibusu
3132 4384 3297 4455 Kyrie
3319 4385 3548 4455 eleison,
3578 4402 3596 4433 ι
3633 4393 3719 4437 ter

2129 4486 2185 4540 in
2218 4487 2482 4539 honorem
2522 4479 2833 4543 Trinitatis,
2873 4479 2988 4548 ipse
3026 4487 3107 4532 ter
3134 4478 3316 4545 signat
3346 4475 3709 4530 ordinandum

435 4595 521 4652 50;
552 4594 632 4656 τι,
673 4611 690 4644 ι
736 4590 932 4659 Κύριε,
966 4587 1211 4654 ἐλέησον,
1251 4604 1269 4637 ι
1313 4586 1410 4638 καὶ
1445 4585 1608 4646 αὐτὸς
1655 4585 1744 4638 τὸν
1774 4602 2007 4654 χειροτο-

2122 4584 2174 4636 in
2207 4579 2426 4633 nomine
2461 4576 2745 4630 Trinitatis
2779 4590 2900 4628 eum
2938 4589 3032 4644 per
3091 4573 3276 4627 crucis
3333 4576 3546 4640 signum
3581 4585 3716 4623 con~

439 4688 698 4755 v~.tip.evov
742 4683 864 4753 τρὶς
923 4679 1219 4750 σφραγίζει
1253 4679 1309 4729 ὲν
1360 4679 1426 4747 τῇ
1471 4677 1662 4741 Τριὰὀι
1717 4676 1902 4728 τοῦτον
1931 4675 2015 4728 διὰ

437 4780 528 4832 τοῦ
561 4776 796 4848 σταυροῦ
825 4773 1071 4828 τελειῶν.
1115 4767 1245 4824 Εἶτα
1277 4771 1371 4822 καὶ
1397 4770 1496 4838 τὴν
1527 4774 1690 4840 χεῖρα
1733 4769 2019 4837 ἐπικειμέ-

438 4887 536 4936 νην
563 4869 720 4938 ἓχων,
754 4866 823 4918 τὰ
871 4866 969 4933 τῆς
1018 4864 1186 4931 εῦχῗς
1239 4861 1523 4925 ἐπιλέγει,
1579 4862 1678 4928 τὴν
1725 4862 1886 4930 χάριν
1923 4861 2020 4926 τῆς

439 4961 711 5019 διακονὶας
765 4959 864 5026 τῆς
919 4957 1070 5026 ἱερᾶς
1113 4952 1502 5020 ὲποιφοιτῆσαι
1554 4952 1701 5019 αὐτῷ
1729 4951 2019 5012 δυσωπῶν,

441 5048 536 5102 καὶ
569 5049 711 5100 κατὰ
744 5047 834 5099 τὸν
872 5043 1323 5114 πρωτομὰρτυρα
1353 5041 1697 5104 καταστῆναι
1726 5041 2021 5108 Στέφανον,

441 5143 537 5194 καὶ
582 5139 866 5207 οἰκονόμον
897 5135 1156 5204 γενέσθαι
1178 5135 1276 5204 τῆς
1310 5133 1590 5196 διακονίας
1621 5132 1806 5192 καλδιν,
1841 5134 1934 5184 xtl.
1957 5132 2024 5184 τὰ

440 5230 603 5286 λοιπὰ
654 5229 1045 5298 ἐπευχόμενος.
1103 5222 1239 5278 Εἶτα
1289 5226 1385 5279 καὶ
1445 5227 1685 5292 ἐκρωνεῖ
1726 5224 2024 5291 δοξολογὼν

439 5327 536 5396 τὴν
559 5322 786 5394 Τριάδα.
808 5321 943 5373 Τὸεε
969 5316 1059 5372 οὖν
1091 5320 1148 5370 ἐν
1175 5320 1241 5388 τῇ
1272 5318 1619 5386 ἐπιφοιτήσει
1644 5317 1738 5368 τοῦ
1769 5317 2024 5384 Πνεῦμα-

442 5438 530 5483 τος
566 5422 661 5473 καὶ
691 5417 883 5488 μνήμη
919 5416 1130 5481 γίνεται
1164 5415 1372 5466 πιστῶν
1401 5412 1640 5466 πάντων.
1672 5409 1762 5473 Εἷς
1788 5413 1895 5478 γὰρ
1918 5410 2025 5462 τῶν

445 5510 676 5580 πρώτων
701 5507 967 5560 διακόνων
987 5505 1054 5557 τὰ
1077 5505 1185 5557 τῶν
1206 5505 1477 5572 αἰτήσεων
1504 5501 1776 5570 ἐπιφέρει,
1810 5519 1826 5550 ι
1851 5501 2028 5570 Ύπέρ

444 5619 502 5655 τε
547 5600 638 5654 τοῦ
675 5596 1108 5670 χειροτονοῦντος
1133 5597 1413 5664 ἱερὰρχου,
1456 5594 1552 5645 καὶ
1594 5592 1688 5643 τοῦ
1717 5592 1881 5661 ἔργου
1918 5591 2027 5643 τῶν

445 5692 643 5764 χειρῶν
665 5691 832 5745 αὐτοῦ
861 5689 1164 5759 δεηϐῶμεν,
1196 5707 1214 5738 ι
1254 5688 1452 5753 λέγων,
1486 5687 1735 5737 τουτέστι
1767 5684 1860 5736 τοῦ
1893 5703 2029 5754 προ-

445 5786 822 5857 χειριζομένου
856 5785 936 5845 εἰς
972 5784 1031 5834 τὸ
1060 5784 1327 5851 χάρισμα,
1363 5779 1457 5830 καὶ
1498 5779 1690 5831 τοῦτον
1737 5778 1890 5848 οἱμεμ
1906 5796 2028 5828 κτον

446 5881 502 5930 ὲν
529 5877 674 5947 αὑτῴ
704 5875 1164 5947 διαφυλαχοῆναι,
1199 5871 1460 5925 (καὶτῶν
1483 5870 1771 5939 βασιλέων,
1805 5870 1899 5924 καὶ
1930 5871 2045 5939 τῆς.

2129 4688 2377 4726 sccrans.
2401 4669 2596 4724 Postea
2627 4683 2850 4722 manum
2876 4667 3086 4720 habens
3113 4664 3215 4734 ipsi
3244 4663 3553 4732 impositam
3587 4676 3715 4729 pre-

2129 4783 2244 4820 cem
2275 4764 2492 4827 reeitat,
2526 4778 2631 4831 qua
2652 4760 2761 4815 Deo
2784 4759 3056 4827 supplicat
3086 4765 3146 4810 ttt
3174 4756 3403 4822 gratiam
3429 4754 3569 4808 sacri
3601 4755 3722 4805 dia-

2128 4861 2359 4911 conatus
2380 4855 2432 4907 in
2453 4852 2630 4922 ipsum
2663 4850 2943 4910 immittat,
2983 4843 3381 4913 cumqucjuxta
3409 4850 3717 4911 protomar.

2131 4958 2303 5019 tyreut
2339 4946 2678 5013 Stephanum
2712 4940 2875 4994 faciat
2906 4941 3106 4992 bonum
3147 4948 3494 4989 meonomum
3526 4942 3577 4984 et
3605 4934 3719 4985 dis-

2132 5045 2480 5111 pensatorem
2538 5033 2702 5088 oliicii
2739 5031 3082 5092 diaconatus,
3119 5033 3445 5092 caeteraque,
3469 5033 3524 5074 ttt
3552 5024 3721 5076 moris

2137 5141 2244 5194 cst,
2270 5136 2548 5200 precatur.
2581 5124 2786 5180 Deinde
2822 5122 2930 5174 alta
2986 5133 3120 5172 voce
3183 5127 3390 5171 sancire
3433 5113 3720 5167 Trinitatis

2133 5224 2364 5292 gloriam
2394 5214 3023 5283 celebrat.Tuncigitur
3081 5211 3136 5264 in
3190 5208 3427 5262 adventu
3494 5205 3720 5276 spiritus

2134 5315 2379 5370 omnium
2411 5310 2652 5365 ﬁdelium
2705 5307 2765 5362 iit
2827 5302 3329 5360 commemoratio.-
3364 5299 3520 5355 Unus
3568 5298 3715 5353 enim

2137 5408 2443 5476 primorum
2475 5403 2834 5456 diaconorum
2878 5398 3186 5467 rogationes
3230 5394 3415 5460 infert,
3468 5393 3657 5446 dicens
3703 5407 3718 5443 :

2142 5519 2159 5550 ι
2196 5498 2564 5567 Dcprccemur
2591 5509 2689 5564 pro
2709 5493 2998 5548 ordinante
3021 5489 3304 5559 episcopo,
3339 5497 3391 5541 et
3415 5499 3581 5554 opere
3601 5495 3718 5535 ma-

2140 5605 2307 5643 nuum
2339 5587 2480 5658 ejus.
2521 5605 2537 5638 ι
2581 5586 2694 5640 Hoc
2721 5595 2826 5648 est,
2887 5597 2986 5652 pro
3017 5595 3083 5635 eo
3116 5579 3209 5648 qui
3268 5581 3617 5648 promovetur
3652 5572 3720 5623 ad

2138 5683 2323 5755 gratia:
2345 5679 2737 5745 donum,utin
2789 5691 2855 5731 eo
2916 5673 3266 5728 immaculata
3318 5671 3714 5723 conservetur:

2148 5795 2165 5827 ι
2204 5775 2307 5828 Pro
2341 5772 2771 5842 imperatoribus
2824 5777 2878 5825 et
2923 5770 3057 5823 urbe
3099 5763 3357 5832 omnique
3405 5759 3721 5815 Christiano

2143 5867 2361 5939 pupulo.
2397 5884 2413 5916 ι
2440 5865 2611 5936 Opnrt
2633 5876 2664 5918 -ι
2686 5863 2830 5918 enim
2867 5863 2919 5914 in
2951 5861 3183 5914 aiivautu
3215 5857 3402 5928 gra'iw
3425 5872 3518 5922 pro
3540 5851 3719 5904 mutti-
