4078 6416
331 351 437 411 3η
1139 353 1523 415 SYMEONIS
1583 349 2351 411 TllESSALONlCENSIS
2391 349 2732 410 ARClllEP
3491 350 3596 411 380

335 466 442 517 bus
479 463 725 519 lidelibus
753 480 933 525 orare.
979 474 1032 522 ct
1095 482 1284 523 eorum
1329 465 1651 521 memoriam
1711 463 1907 518 facere.

2040 464 2244 527 πόλεως,
2280 465 2374 516 καὶ
2423 464 2626 523 παντὸς
2673 462 2768 514 τοῦ
2819 463 3222 532 Χριετωνύμου
3262 464 3417 518 λαοῦ.
3453 484 3469 513 ι
3511 466 3602 517 Δεῖ

334 552 491 609 Tunc
517 555 664 610 enim
697 555 944 626 locuples
989 559 1229 629 Spiritus
1288 559 1518 613 donatio
1555 556 1809 613 omnibus
1861 557 1915 610 in

2040 556 2130 624 (ap
2170 557 2238 624 τῇ
2289 555 2634 623 ἐπιφοιτήσει
2678 553 2782 622 τῆς
2844 555 3071 624 χάριτος
3125 556 3346 609 πάντων
3395 557 3602 610 πιστῶν

336 646 655 704 certaminis
679 650 961 719 praemium
1013 649 1386 721 dispensatur.

867 855 1102 913 CAPUT
1161 857 1377 914 CLXX.

339 963 493 1040 Quod
526 968 856 1040 ordinandus
885 970 1100 1040 quando
1155 970 1440 1024 ordinatur
1467 985 1644 1038 preces
1685 986 1780 1040 pro
1807 987 1918 1023 om-

408 1036 561 1172 ;ibus
596 1037 818 1106 {undere
851 1036 1021 1106 debet,
1057 1057 1250 1110 easque
1284 1050 1408 1094 tunc
1437 1036 1809 1094 niaxime'esse
1840 1041 1921 1110 ef-

453 1123 622 1161 caces.
660 1161 663 1164 .

453 1123 622 1161 εαεεε.
660 1161 663 1164 .

413 1195 594 1266 ῖρειιιη
628 1215 847 1271 quoque
879 1200 1253 1256 ordinandum
1311 1213 1442 1257 tunc
1470 1211 1686 1273 oportet
1719 1203 1922 1258 arden-

345 1287 453 1342 tius
485 1305 582 1358 pro
613 1291 1266 1350 omnibus'intercedere.
1314 1291 1451 1348 Nam
1501 1303 1616 1347 uta
1663 1292 1920 1349 Patribus

346 1380 660 1448 didicimus,
687 1401 1029 1456 quaecunque
1045 1387 1383 1441 ordinandus
1415 1386 1716 1441 secundum
1750 1385 1920 1439 Deum

345 1481 477 1528 tunc
511 1486 767 1544 precatus
797 1476 982 1543 fuerit,
1021 1480 1244 1548 accipit,
1276 1489 1331 1533 et
1377 1495 1478 1548 pro
1503 1479 1704 1548 quibus
1757 1479 1924 1531 ratio-

278 1573 293 1642 "
343 1565 604 1620 uabiliter
635 1568 873 1636 pcticrit,
922 1568 1159 1635 obtinet,
1201 1572 1348 1626 velut
1383 1579 1501 1625 tum
1544 1568 1923 1625 sanctiﬁcatus

345 1665 401 1712 et
439 1659 611 1727 gratia
645 1660 904 1715 donatus.
931 1661 1061 1716 Ideo
1086 1664 1285 1731 saepius
1310 1663 1513 1718 multos
1539 1661 1770 1716 fratrum
1826 1660 1920 1731 qui

349 1748 751 1805 ordinabantur
801 1755 1012 1822 rogavi,
1073 1761 1133 1808 ut
1186 1769 1310 1810 cum
1364 1755 1771 1818 ordinarentur,
1825 1769 1922 1818 pro

2024 646 2425 715 δπερεὺχεσθαι
2476 647 2572 699 καὶ
2625 647 2992 716 μεμνῆσθαι·
3035 649 3272 700 πῖουσία
3321 649 3429 716 γὰρ
3479 649 3601 701 τότε

2022 741 2058 810 ή
2081 740 2261 811 δωρεὰ
2289 739 2384 795 τοῦ
2419 739 2736 810 Πνεύματος
2767 744 2936 794 πᾶσιν
2983 740 3431 811 ὲπιῦραεεὺεται.

2595 855 2847 909 ΚΕΦΑΛ.
2881 854 3002 911 ΡΟ’.

2023 966 2156 1020 Ὀτι
2187 969 2258 1022 έν
2292 967 2374 1032 τῷ
2419 966 2893 1036 χειροτονεῖσθαι
2931 969 3035 1020 tor
3075 971 3606 1036 χειροτονούμενον

2092 1038 2190 1110 δεῖ
2210 1038 2456 1110 πάκτων
2471 1037 2936 1106 ὑπερεύχεσθαιο
2962 1038 3269 1109 ἀνύσιμον
3293 1041 3405 1110 γὰρ
3427 1042 3604 1095 τοῦτο

2096 1109 2230 1163 τότε
2250 1109 2513 1178 μᾶλλον.
2951 1118 2958 1124 ’

2096 1201 2207 1253 Kal
2251 1202 2415 1254 αὑτὸν
2463 1201 2520 1254 δὲ
2562 1202 2656 1255 τὸν
2690 1202 3174 1272 χειροτονούμενον
3225 1203 3332 1273 χρὴ
3380 1201 3603 1255 πάντων

2024 1292 2428 1363 ὑπερεύχεσθαι
2475 1295 2810 1364 θερμότερον
2840 1296 2984 1347 τότε.
3023 1294 3114 1356 Ὠς
3156 1295 3266 1362 γὰρ
3295 1295 3448 1363 παρὰ
3494 1296 3603 1347 Πα-

2024 1384 2198 1453 τέρων
2231 1387 2534 1454 ἐμάθομεν,
2561 1387 2664 1440 ὅσα
2696 1387 2764 1441 ἂν
2793 1386 2915 1439 τότε
2964 1388 3104 1440 κατὰ
3142 1387 3275 1439 Θεὸν
3305 1389 3334 1439 ὁ
3361 1403 3605 1455 χειροτο-

2026 1478 2289 1547 νούμενος
2338 1477 2576 1546 εὔξαιτο,
2614 1477 2882 1548 λαμϐάνει
2931 1478 3084 1546 παρὰ
3123 1477 3257 1530 Θεοῦ
3286 1495 3300 1507 ·
3331 1479 3427 1530 καὶ
3463 1476 3602 1546 ὑπὲρ

2023 1563 2103 1629 ὧν
2137 1572 2353 1640 αἰτήσει
2385 1572 2528 1624 κατὰ
2573 1571 2732 1638 λόγον
2763 1572 3034 1641 εὑρίσκει,
3075 1570 3149 1634 ὡς
3195 1569 3560 1638 ἀγιαζόμενος
3585 1607 3601 1632 ,

2025 1666 2124 1718 καὶ
2161 1666 2260 1735 τὴν
2289 1666 2449 1734 χάριν
2482 1665 2796 1734 δεχόμενος.
2858 1664 2952 1717 Διὸ
3000 1660 3158 1730 κάγὼ
3187 1661 3449 1723 πολλάκις
3478 1659 3608 1713 πολ-

2025 1757 2175 1820 λοὺς,
2213 1757 2436 1824 ἀδελφὲ,
2462 1758 2572 1810 τῶν
2599 1755 3103 1827 χειροτονουμένων
3156 1755 3391 1825 ἠξίωσα,
3432 1755 3492 1806 ἐν
3528 1751 3606 1820 τῷ

350 1855 439 1894 me
469 1853 712 1907 orarent,
747 1853 803 1900 et
837 1844 943 1898 mei
1002 1847 1448 1911 recordareutur,
1485 1857 1546 1902 ut
1609 1848 1922 1903 misericor-

2040 1849 2455 1918 χειροτονεῖσθαι
2489 1848 2748 1918 εὔχεσθαι
2797 1848 2940 1918 ὑπὲρ
2975 1846 3132 1917 ἐμοῦ,
3165 1849 3262 1901 καὶ
3302 1846 3612 1916 μνησθῆναί

352 1933 500 1987 diam
529 1949 557 1987 a
595 1935 700 1989 Deo
729 1951 1116 2007 censequerer.
1149 1937 1454 2008 Episcopus
1477 1940 1644 2010 igitur
1682 1943 1927 1998 recitatis

349 2027 734 2097 rogationibus
766 2045 986 2085 manum
1023 2031 1230 2088 habens
1262 2033 1429 2102 capiti
1487 2032 1661 2101 ipsius
1697 2034 1927 2103 imposi-

347 2128 485 2184 tum,
521 2135 621 2190 per
649 2136 769 2176 eam
793 2123 940 2177 enim
981 2124 1158 2194 gratia
1197 2135 1482 2194 operatur,
1523 2124 1819 2180 secundam
1845 2126 1930 2179 di-

350 2213 430 2266 cit
449 2215 780 2280 orationem,
807 2230 913 2285 qua
943 2217 1184 2287 postulat
1217 2217 1580 2272 ordinandum
1606 2233 1704 2286 per
1727 2218 1928 2273 adven-

349 2313 465 2358 tum
503 2307 682 2361 sancti
711 2306 954 2376 Spiritus
997 2309 1194 2378 repleri
1246 2309 1373 2376 (ide,
1400 2310 1693 2379 sapientia,
1723 2312 1930 2364 virtute

350 2405 404 2448 et
439 2397 898 2454 sanctiﬁcatione.
933 2399 1057 2454 Hzec
1084 2411 1269 2455 autem
1304 2417 1432 2457 vera
1464 2416 1590 2456 cum
1619 2401 1930 2456 humilitate

352 2487 690 2554 ait,dieens,
729 2505 790 2545 se
816 2506 1076 2546 manuum
1127 2509 1355 2549 suarum
1413 2495 1756 2565 impositioni
1817 2512 1927 2550 non

352 2584 650 2651 couiblere,
684 2583 780 2642 sed
834 2603 931 2658 per
985 2589 1181 2644 divinae
1237 2591 1628 2646 misericordia
1662 2593 1932 2648 visitatio-

353 2691 476 2729 nem
535 2676 714 2746 dignis
769 2681 998 2749 gratiam
1035 2681 1368 2749 donari;ita
1421 2693 1482 2738 ut
1528 2699 1625 2753 per
1669 2699 1930 2739 manuum

357 2766 766 2836 impositionem
793 2772 989 2828 divina:
1019 2775 1419 2831 misericordia:
1456 2777 1698 2831 visitatio
1725 2777 1933 2846 signiti-

357 2871 536 2925 retur,
565 2869 620 2916 et
670 2865 845 2931 gratia
883 2867 1130 2939 indignis
1185 2867 1466 2926 adveniat.
1506 2869 1716 2925 Deinde
1766 2871 1935 2925 vehe-

356 2960 568 3006 menter
600 2958 738 3023 petit
771 2969 897 3012 eum
931 2960 999 3014 ab
1039 2962 1190 3014 omni
1222 2971 1449 3030 peccato
1501 2978 1626 3017 esse
1657 2963 1894 3020 alienum
1916 3003 1932 3030 ,

359 3045 697 3107 quianullus
727 3058 811 3104 est
841 3066 868 3104 a
921 3053 1137 3108 macula
1178 3069 1377 3123 purus,
1417 3055 1716 3124 nullusque
1789 3057 1936 3112 suﬂi-

359 3137 514 3190 niens
542 3141 609 3192 ad
659 3141 980 3209 hujusmodi
1016 3145 1346 3200 ministeria.
1391 3146 1535 3230 Petit
1590 3149 1821 3220 insuper
1872 3158 2004 3230 uta

358 3245 484 3283 rum
525 3229 662 3285 bene
697 3231 1098 3288 ministraverit
1130 3235 1334 3291 laboris
1356 3228 1663 3293 mercedem
1705 3254 1734 3292 a
1775 3239 1936 3295 Chri-

357 3334 444 3377 sto
472 3324 726 3394 accipiat.
762 3326 965 3395 Sicque
991 3325 1102 3384 Deo
1135 3327 1245 3382 alta
1276 3343 1410 3384 voce
1441 3330 1664 3385 laudato
1695 3332 1938 3400 (oportet

356 3415 503 3467 cnim
545 3417 750 3486 gratias
776 3416 854 3472 illi
878 3433 1043 3487 agere
1077 3434 1179 3488 pro
1210 3419 1470 3476 omnibus
1493 3421 1694 3477 divinis
1725 3423 1938 3492 donis),

359 3516 441 3560 ter
471 3508 669 3562 iterum
705 3509 860 3566 illum
917 3511 1188 3580 signando
1222 3515 1468 3584 mysterii
1502 3515 1940 3570 consummatio-

358 3615 482 3652 ucm
523 3601 820 3673 adimplet;
853 3603 1054 3660 deinde
1103 3606 1416 3662 ordinatum
1447 3621 1478 3661 e
1511 3621 1706 3663 mensa
1750 3607 1937 3678 erigit.

891 3891 1126 3948 CAPUT
1169 3894 1406 3950 CLXXI.

362 3974 516 4041 Quod
552 3978 824 4048 episcopus
860 3982 915 4058 in
960 3987 1296 4040 ordinatione
1331 3988 1689 4042 ordinandum
1747 3991 1944 4058 triplici

846 4055 1122 4122 signaculo
1157 4069 1452 4112 Consecrat.

431 4142 633 4211 Aspice
665 4155 852 4199 autem
886 4154 942 4200 ct
969 4149 1190 4203 attende
1216 4147 1540 4206 Trinitatem
1569 4154 1773 4223 ubique
1798 4169 1937 4223 prae-

359 4233 620 4302 dicatam,
661 4245 716 4290 et
750 4248 1068 4307 operantem
1095 4241 1147 4293 in
1183 4240 1362 4312 nobis,
1387 4251 1553 4312 atque
1580 4243 1765 4300 divina
1801 4249 1942 4302 dona

360 4337 866 4384 consummantem.
905 4330 1214 4401 Episcopus
1240 4335 1388 4388 enim
1413 4334 1716 4392 adductum
1748 4341 1938 4395 statim

361 4424 447 4469 tcr
471 4433 635 4472 cruce
691 4419 894 4489 signat,
932 4422 984 4476 in
1051 4422 1329 4492 primitias
1387 4430 1829 4485 consecrationis
1879 4427 1939 4486 et

2035 1964 2138 2015 μου
2191 1947 2311 1999 τότε
2338 1985 2354 2010 ,
2390 1945 2531 2001 ὥστε
2579 1946 2894 2017 ἐλεηθῆναι.
2945 1944 3006 1997 '0
3041 1943 3333 2015 ἀρχιερεὺς
3382 1936 3476 1996 οὖν
3519 1941 3612 1994 καὶ

2031 2039 2141 2092 τῶν
2166 2041 2440 2110 αἰτήσεων
2467 2039 2804 2108 λεγομένων,
2830 2039 2932 2109 τὴν
2958 2039 3120 2108 χεῖρα
3147 2037 3286 2106 ἔχων
3325 2033 3612 2102 ἐπικειμέο

2031 2153 2133 2205 νην
2161 2137 2227 2204 τῇ
2259 2131 2429 2187 αὐτοῦ
2473 2133 2715 2202 κεφαλῇ,
2747 2132 2816 2185 δι’
2846 2131 3018 2200 αὐτῆς
3049 2130 3161 2198 γὰρ
3190 2132 3222 2200 ἡ
3265 2129 3431 2199 χάρις
3460 2129 3613 2197 ἐνερ-

2033 2231 2140 2295 γεῖ,
2182 2228 2278 2281 καὶ
2319 2226 2420 2296 τὴν
2465 2225 2731 2293 δευτέραν
2783 2225 2923 2292 μετὰ
2956 2224 3056 2286 τὰς
3086 2223 3332 2293 αἰτήσεις
3369 2221 3614 2288 ἐπιλέγει

2033 2318 2223 2388 εὐχήν.
2256 2317 2367 2368 Kal
2405 2313 2766 2384 πληρωθῆναι
2817 2315 3115 2379 ἐξαιτεῖται
3140 2315 3234 2366 τὸν
3273 2311 3615 2382 χειροτονούο

2037 2426 2200 2479 μενον
2225 2407 2464 2470 πίστεως
2500 2407 2596 2459 καὶ
2644 2407 2841 2474 σοφίας
2891 2407 2986 2457 καὶ
3015 2405 3300 2473 δυνάμεως
3334 2404 3428 2457 καὶ
3455 2403 3616 2470 ἁγια-

2037 2503 2174 2571 σμοῦ
2199 2503 2266 2571 τῇ
2294 2500 2641 2570 ἐπιφοιτήσει
2692 2499 2785 2551 τοῦ
2849 2500 2994 2552 θείου
3027 2497 3370 2566 Πνεῦματος.
3409 2497 3520 2550 Καὶ
3554 2497 3615 2550 ἐν

2035 2594 2226 2662 ἁληθεῖ
2250 2591 2580 2645 ταπεινώσει
2605 2589 2765 2662 145
2800 2589 2978 2644 ταῦτά
3015 2608 3147 2658 φησι
3176 2590 3373 2659 λέγων,
3403 2589 3485 2642 ὅτι
3515 2591 3614 2641 οὐκ

2035 2685 2094 2737 ἐν
2123 2687 2190 2753 τῇ
2224 2683 2468 2735 ἐπιθέσει
2503 2681 2613 2734 τῶν
2661 2680 2828 2735 αὑτοῦ
2877 2681 3075 2752 χειρῶν
3126 2681 3344 2750 θαρρεῖ,
3402 2679 3522 2732 ἀλλ’
3557 2681 3615 2732 ἐν

2035 2779 2102 2847 τῇ
2143 2777 2419 2845 ἐπισκοπῇ
2452 2774 2548 2826 τοῦ
2595 2773 2746 2827 θείου
2781 2773 2992 2837 ἐλέους,
3026 2772 3266 2826 δίδοσθαι
3305 2771 3470 2840 χάριν
3501 2773 3616 2832 τοῖς

2037 2870 2212 2932 ἀξίοις
2247 2886 2262 2901 ο
2297 2867 2438 2921 ὥστε
2478 2867 2570 2921 διὰ
2596 2867 2702 2931 τῆς
2751 2865 3050 2928 ἐπιθέσεως
3069 2865 3181 2919 τῶν
3226 2864 3428 2935 χειρῶν
3455 2867 3488 2933 ἡ
3518 2862 3612 2916 τοῦ

2039 2962 2183 3014 θείου
2231 2961 2413 3024 ἐλέους
2464 2959 2741 3028 ἐπισκοπὴ
2795 2959 3073 3029 δηλοῦται,
3119 2959 3213 3012 καὶ
3255 2959 3336 3011 ὅτι
3373 2958 3404 3025 ἡ
3449 2958 3610 3027 χάρις

2039 3056 2149 3115 τοῖς
2185 3053 2356 3117 ἀξίοις
2386 3053 2668 3123 ἐπιφοιτᾷ.
2709 3047 2844 3106 Εἶτα
2880 3057 2976 3104 καί
3023 3052 3207 3120 πάσης
3241 3049 3404 3104 αὐτὸν
3432 3051 3616 3119 ἀμαρ-

2039 3141 2160 3202 τίας
2193 3141 2354 3204 ἐκτὸς
2383 3142 2640 3209 γενέσθαι
2699 3141 2972 3193 δυσωπεῖ·
3002 3142 3086 3194 ὅτι
3145 3141 3324 3203 οὐδεὶς
3377 3139 3616 3208 καθαρὸς

2041 3233 2152 3287 ἀπὸ
2179 3232 2378 3303 ῥύπου,
2422 3235 2517 3286 καὶ
2547 3232 2725 3294 οὐδεὶς
2791 3231 2977 3294 ἱκανὸς
3021 3231 3159 3301 πρὸς
3205 3230 3464 3292 τοιαύτας
3507 3229 3620 3283 δια-

2041 3326 2260 3389 κονίας⁹
2305 3326 2400 3377 καὶ
2445 3324 2629 3387 καλῶς
2674 3325 3078 3394 διακονήσαντα
3139 3324 3230 3376 τὸν
3282 3322 3475 3392 μισθὸν
3522 3321 3619 3375 τοῦ

2042 3416 2215 3470 κόπου
2251 3415 2439 3469 λαϐεῖν
2475 3416 2628 3486 παρὰ
2654 3417 2749 3470 τοῦ
2786 3413 3053 3486 Χριστοῦ.
3085 3416 3196 3469 Καὶ
3223 3414 3396 3477 οὕτως
3441 3413 3618 3482 ἐκφώ-

2041 3525 2149 3572 νως
2192 3511 2285 3562 τὸν
2315 3509 2448 3563 Θεὸν
2478 3509 2801 3580 ἀνυμνήσας
2841 3508 3217 3578 (εὐχαριστεῖν
3250 3506 3358 3577 γὰρ
3405 3506 3485 3559 δεῖ
3527 3505 3620 3557 ἐπὶ

2043 3601 2180 3652 πᾶσι
2205 3601 2318 3663 τοῖς
2351 3601 2519 3663 θείοις
2553 3599 2792 3670 δώροις),
2829 3600 2953 3669 τρὶς
2980 3599 3142 3652 πάλιν
3170 3598 3487 3670 σφραγίζει,
3523 3597 3620 3666 τὴν

2041 3694 2324 3749 τελείωσιν
2358 3694 2634 3764 ἐνεργῶν·
2687 3695 2784 3748 καὶ
2839 3693 3032 3764 ἀνιστᾷ
3069 3692 3170 3763 τῆς
3218 3693 3500 3764 τραπέζης
3529 3691 3622 3746 τὸν

2042 3786 2526 3856 χειροτονηθέντα.

2601 3900 2852 3954 ΚΕΦᾹΛ.
2890 3897 3057 3955 POA'.

2047 3991 2179 4046 Ὀτι
2215 3992 2343 4059 τρὶς
2379 3991 2449 4046 ἐν
2497 3990 2575 4057 τῇ
2616 3994 2953 4061 χειροτονίᾳ
2988 3994 3193 4063 τριττῇ
3251 3992 3536 4063 σφραγῖδι
3594 3998 3629 4049 ὁ

2203 4063 2486 4131 ιεράρχης
2511 4079 2575 4115 τε
2591 4065 2738 4116 λειοῒ
2761 4065 2866 4116 τὸν
2908 4067 3462 4134 χειροτονούμενον.

2120 4153 2231 4206 Kal
2273 4153 2376 4222 δρα
2408 4153 2678 4206 πάντοθεν
2718 4154 2819 4221 τὴν
2871 4155 3078 4221 Τριάδα
3115 4158 3538 4226 κηρυσσομένην
3567 4174 3625 4210 τε

2047 4246 2142 4298 καὶ
2195 4243 2533 4315 ἐνεργοῦσαν
2591 4246 2648 4298 ἐν
2698 4247 2833 4314 ἡμῖν
2883 4249 2978 4298 καὶ
3027 4246 3342 4300 τελειοῦσαν
3391 4249 3461 4301 τὰ
3508 4249 3627 4300 θεῖα

2047 4319 2371 4408 δωρήματα.
2424 4337 2650 4407 Πρῶτον
2718 4337 2816 4406 μὲν
2870 4338 2982 4407 γὰρ
3035 4339 3196 4401 εὐθὺς
3247 4340 3626 4409 προσαχθέντα

2052 4431 2348 4501 σφραγίζει
2393 4431 2515 4499 τρὶς
2558 4431 2696 4500 ὅπερ
2728 4432 2912 4484 ιέστὶν
2955 4433 3181 4502 ἀπαρχὴ
3213 4432 3312 4501 τῆς
3365 4432 3630 4501 καθιερὼ-
3691 4431 3700 4439 ’

361 4509 754 4566 "rdinationis.
813 4511 1019 4567 Deinde
1072 4517 1317 4572 secundo
1348 4517 1548 4573 iterum
1588 4535 1712 4575 eum
1763 4523 1937 4593 signat

2048 4537 2189 4584 σεως
2217 4521 2314 4574 καὶ
2338 4520 2700 4591 χειροτονίας’
2737 4514 2858 4574 εἶτα
2897 4521 3154 4591 δεύτερον
3194 4522 3359 4576 πάλιν
3390 4523 3630 4592 σφραγί-

363 4606 449 4652 tcr
489 4611 614 4670 post
643 4603 1051 4660 invocationem
1081 4609 1278 4665 divina:
1317 4613 1536 4681 gratiae,
1563 4622 1618 4668 et
1656 4616 1711 4670 in
1739 4631 1805 4671 eo
1844 4631 1945 4687 per

367 4706 588 4746 crucem
618 4707 880 4765 operatur
937 4699 1141 4756 donum
1167 4705 1356 4772 gratiae
1380 4707 1433 4757 in
1462 4705 1646 4762 medio
1681 4711 1944 4779 mysterio

369 4798 466 4856 per
489 4783 747 4842 virtutem
778 4786 1092 4857 Trinitatis,
1126 4794 1388 4849 omnibus
1418 4809 1543 4849 cum
1566 4805 1732 4851 cantu
1756 4791 1946 4854 dicen-

365 4876 512 4932 tibus
538 4897 554 4930 ι
579 4877 742 4950 Kyrie
763 4881 989 4938 eleison.
1005 4904 1024 4936 ι
1047 4883 1237 4939 Tertio
1259 4888 1491 4957 denique
1510 4899 1634 4958 post
1658 4893 1942 4948 orationes

365 4970 747 5035 pronuntiatas
771 4972 966 5028 iterum
999 4975 1152 5029 illum
1197 4985 1280 5031 ter
1307 4992 1473 5033 cruce
1501 4979 1704 5050 signat,
1738 4993 1798 5036 ut
1831 4984 1943 5052 jam

366 5075 464 5131 per
497 5060 738 5116 divinam
774 5066 1031 5121 virtutem
1062 5083 1093 5121 a
1139 5084 1196 5122 se
1229 5069 1441 5141 integre
1470 5084 1857 5129 consecratum
1890 5083 1946 5129 et

363 5155 730 5213 constitutum
779 5160 860 5214 vel
897 5161 1216 5227 diaconum,
1274 5165 1360 5218 vel
1415 5166 1816 5238 presbyterum,
1865 5171 1946 5224 vel

364 5250 713 5319 episcopum.
750 5255 808 5306 lu
840 5255 948 5309 illis
978 5255 1125 5310 enim
1186 5266 1270 5311 ter
1303 5259 1559 5314 similiter
1631 5260 1680 5314 id
1748 5261 1830 5327 ﬁt,
1889 5273 1948 5318 ut

369 5343 628 5402 laudetur
657 5361 712 5402 et
742 5349 1054 5405 celebretur
1088 5350 1353 5419 Trinitas,
1389 5367 1554 5426 atque
1577 5357 1736 5427 signo
1765 5360 1948 5414 crucis

368 5436 585 5504 operari
611 5439 958 5506 ostendatur,
991 5443 1044 5497 in
1086 5444 1356 5512 principio
1385 5448 1596 5502 scilicet
1632 5450 1835 5517 operis,
1893 5451 1947 5502 in

371 5529 575 5595 medio,
611 5538 665 5584 et
699 5531 751 5584 in
800 5531 908 5586 line
945 5549 962 5585 :
1000 5535 1261 5603 quoniam
1295 5552 1356 5590 ca
1401 5538 1515 5590 sola
1570 5553 1737 5593 causa
1785 5549 1949 5595 estet

370 5623 564 5691 erepti,
615 5634 669 5678 et
725 5625 1026 5693 profectus,
1075 5639 1130 5682 et
1172 5631 1568 5694 exsccutiouis,
1599 5649 1718 5701 quze
1783 5634 1946 5687 etiam

373 5713 621 5771 Trinitas
653 5716 799 5770 Deus
830 5726 934 5784 est,
959 5719 1205 5774 omnium
1245 5738 1423 5775 rerum
1450 5738 1641 5776 causa.
1680 5723 1949 5779 Praeterea

379 5823 507 5861 cum
563 5809 673 5862 sint
739 5819 849 5867 tres
902 5813 1129 5881 borum,
1188 5824 1247 5869 ut
1289 5815 1642 5884 angelorum,
1707 5817 1946 5882 ordines,

2049 4614 2132 4678 ζει
2189 4617 2312 4682 τρὶς
2363 4612 2503 4683 μετὰ
2552 4612 2652 4682 τὴν
2711 4612 3004 4682 ἐπίκλησιν
3047 4616 3149 4683 τῆς
3195 4613 3347 4677 θείας
3384 4617 3629 4686 χάριτος,

2047 4704 2291 4774 ἐνεργῶν
2326 4705 2384 4757 ἐν
2413 4703 2562 4774 αὐτῷ
2599 4704 2688 4757 διὰ
2732 4704 2828 4757 τοῦ
2881 4704 3124 4774 σταυροῦ
3177 4709 3322 4759 κατὰ
3364 4706 3426 4760 τὸ
3462 4709 3628 4777 μέσον

2046 4797 2149 4867 τῆς
2182 4796 2406 4866 τελετῆς
2461 4797 2520 4848 ἐν
2563 4799 2630 4866 τῇ
2682 4796 2878 4866 Τριάδι
2908 4797 2970 4849 τὸ
2997 4796 3252 4868 δώρημα,
3285 4797 3504 4851 πάντων
3545 4799 3631 4850 λε-

2046 4890 2256 4956 γόντων
2284 4888 2368 4951 τὸ,
2407 4905 2427 4938 r
2466 4885 2662 4956 Κύριε,
2693 4886 2940 4956 ἐλέησον,
2981 4903 3001 4937 ι
3041 4887 3158 4956 μετ’
3193 4884 3359 4956 ᾠδῆςο
3392 4887 3489 4938 καὶ
3519 4886 3628 4955 τρι·

2045 4997 2150 5033 τον
2179 4980 2278 5050 ήδη
2329 4978 2467 5048 μετὰ
2499 4979 2598 5041 τὰς
2631 4977 2797 5048 εὐχὰς
2843 4980 2964 5044 τρὶς
2995 4977 3160 5033 πάλιν
3189 4977 3509 5045 σφραγίζει,
3540 4977 3620 5039 ὡς

2047 5070 2343 5132 τελειώσας
2396 5071 2492 5122 καὶ
2549 5069 3012 5136 ἀποκαταστήσας
3047 5068 3172 5138 θείᾳ
3221 5069 3448 5139 δυνάμει
3506 5069 3628 5121 ὁλο-

2049 5163 2221 5226 τελῶς
2275 5163 2306 5232 ἢ
2339 5162 2739 5233 λειτουργὸν,ἢ
2787 5161 3187 5230 πρεσϐύτερον,
3224 5160 3255 5230 ἢ
3301 5162 3630 5214 ἐπίσκοπον.

2052 5258 2160 5310 Καὶ
2205 5257 2292 5310 ἐπ’
2327 5255 2557 5318 ἐκείνοις
2603 5257 2711 5326 γὰρ
2747 5255 2948 5324 ὁμοίως
2979 5255 3191 5321 γίνεται
3238 5256 3360 5322 τρὶς
3390 5256 3422 5324 ή
3457 5253 3632 5323 Τριὰς

2053 5353 2372 5422 ὑμνουμένη
2401 5352 2496 5404 καὶ
2529 5351 2830 5421 ἐνεργοῦσα
2873 5353 2940 5421 τῇ
2981 5350 3263 5420 σφραγῖδι,
3300 5351 3356 5402 ἐν
3397 5350 3539 5418 ἀρχῇ
3570 5366 3632 5401 τε

2052 5445 2146 5498 τοῦ
2179 5445 2363 5512 ἔργου,
2400 5445 2494 5497 καὶ
2522 5445 2588 5512 τῇ
2646 5444 2926 5513 μεσότητι,
2973 5444 3069 5494 καὶ
3102 5440 3179 5510 τῷ
3228 5441 3392 5492 τέλει·
3422 5441 3506 5492 ὅτι
3537 5441 3634 5492 καὶ

2053 5537 2148 5591 τοῦ
2183 5537 2454 5608 ἄρξασθαι
2496 5533 2658 5598 εἶναι,
2697 5535 2790 5586 καὶ
2826 5534 2921 5586 τοῦ
2973 5535 3313 5601 προκόπτειν
3339 5573 3352 5594 ,
3390 5533 3486 5584 καὶ
3539 5531 3634 5584 τοῦ

2055 5633 2134 5692 εἰς
2176 5632 2325 5692 τέλος
2377 5629 2574 5693 ἐλθεῖν,
2623 5628 2765 5696 αὕτη
2800 5627 2936 5697 μόνη
2975 5627 3125 5679 αἰτία
3145 5669 3158 5691 ,
3185 5629 3217 5695 ἡ
3243 5627 3337 5678 καὶ
3366 5626 3475 5678 τῶν
3499 5627 3636 5678 ὅλων

2057 5723 2205 5776 αἰτία
2235 5725 2262 5774 ὁ
2284 5723 2418 5784 Θεὸς
2449 5722 2674 5792 ἡΤριάς
2703 5724 2874 5774 ἐστιν,
2905 5720 3071 5772 Ἀλλὰ
3104 5719 3200 5773 καὶ
3228 5719 3302 5780 ὼς
3328 5717 3634 5787 ἀγγελικῶν

2057 5818 2282 5870 τουτωνὶ
2316 5817 2422 5870 τῶν
2441 5817 2608 5887 τριῶν
2642 5815 2817 5869 οὐσῶν
2843 5814 3361 5880 τάξειι›ν,δεακόνου,
3397 5812 3635 5877 39:069-
