4078 6424
409 393 504 451 381
1442 398 1536 455 DE
1579 398 1846 457 SACIUS
1886 396 2575 461 ORDINATIONIBUS.

3567 394 3673 459 382

410 509 573 575 τέρθυ
625 508 717 560 καὶ
776 510 1103 575 ἐπισκόπςυ,
1142 511 1236 562 καὶ
1272 512 1299 562 ὁ
1345 511 1636 578 emtum;
1685 513 1793 565 τῶν
1835 511 1990 566 ἐννέα

2098 512 2336 577 diaconi,
2370 513 2676 584 presbyteri
2704 520 2760 569 et
2810 512 3097 584 episcopi;
3137 522 3190 567 et
3243 510 3522 582 angelicus
3574 528 3673 567 nu-

409 600 706 668 ταγμάτων
736 600 992 670 ἀριθμὸς,
1016 602 1075 664 ὃς
1094 603 1337 669 τρισσῶς
1360 603 1459 669 τὴν
1484 605 1526 653 Τ
1535 605 1689 671 ριὰὃα
1719 607 1776 657 ἐν
1806 604 1989 672 ἑαυτῷ

410 692 702 759 περιφέρει
737 709 796 747 τε
839 695 935 749 καὶ
978 693 1247 764 κηρύττει
1272 733 1286 755 ,
1314 694 1402 747 διὰ
1431 695 1540 747 τῶν
1575 695 1697 766 τρὶς
1750 698 1981 766 τρισσῶι

412 784 725 850 σταυρικῶν
775 786 1092 854 σφραγίδων
1134 786 1194 838 ὲν
1252 787 1439 850 αὐτοῖς
1486 789 1986 859 χειροτονουμένοις

412 873 746 929 ἑκτυποῦται
781 878 879 929 καὶ
903 878 1205 934 δείκνυται.

962 973 1218 1027 ΚΕΦΑΛ.
1270 974 1439 1027 ΡοΒ’.

416 1080 482 1137 Τί
512 1081 580 1136 τὸ
612 1081 965 1153 ἀναστῆσαι
1018 1086 1128 1139 τὸν
1182 1087 1716 1155 χειροτονηθέντα,
1760 1087 1861 1141 καὶ
1921 1086 1989 1140 τὸ

867 1155 1123 1211 ἐνδῦσαι
1154 1159 1281 1226 ἱερὰ
1309 1159 1521 1227 (ipsam.

496 1242 840 1311 ’Δναστὴσας
881 1246 940 1299 δὲ
982 1248 1081 1313 τῆς
1131 1249 1282 1318 ἱερᾶς
1313 1249 1594 1319 τραπέζης
1623 1248 1722 1302 τὸν
1749 1264 1989 1319 χειροτο-

411 1330 645 1402 νηθέντα
699 1338 731 1388 δ
780 1336 1069 1406 ἱεράρχης,
1116 1338 1377 1407 σημαίνει
1430 1340 1513 1393 δτι
1556 1340 1665 1396 ἀπὸ
1696 1341 1797 1409 τῆς
1833 1338 1990 1393 ἐλάτ-

412 1442 564 1489 τονος
592 1427 690 1482 καὶ
724 1428 1120 1499 ταπεινοτέρας
1144 1430 1355 1495 τάξεως
1384 1431 1706 1500 ἀναγαγὼν,
1737 1434 1818 1494 είς
1848 1432 1988 1501 ὀψη-

411 1519 636 1590 λοτὲραν
668 1520 922 1589 ἀνύψωσε
948 1535 960 1549 ·
991 1525 1087 1576 καὶ
1122 1525 1380 1589 κείμενον
1410 1525 1563 1576 κάτω
1594 1524 1693 1578 καὶ
1730 1525 1989 1579 ταπεινὸν

409 1610 561 1676 ὄντα,
599 1613 867 1681 ἀνέστησέ
912 1631 969 1667 τε
998 1616 1093 1669 καὶ
1143 1616 1494 1673 ἀνεϐίϐασεν.
1533 1612 1670 1671 Εἶτα
1699 1618 1989 1687 περιτίθηο

412 1718 497 1757 σιν
527 1704 678 1774 αὐτῷ
705 1706 799 1757 καὶ
830 1705 1015 1775 ἄμφια
1060 1707 1302 1773 ἀνάλογα
1333 1708 1413 1777 τῷ
1444 1708 1664 1778 βαθμῷ.
1696 1710 1809 1762 Καὶ
1835 1687 1990 1778 ἰερῶ-

412 1810 503 1848 τον
545 1796 649 1865 μὲν
694 1798 803 1867 πρὸ
833 1798 933 1868 τῆς
971 1798 1310 1868 χειροτονίας
1344 1799 1443 1868 τὴν
1492 1800 1672 1870 ζώνην
1703 1801 1863 1854 λῦσαι
1890 1800 1988 1854 τοῦ

416 1889 697 1961 στιχαρίου
729 1892 923 1956 εἰπὼν,
966 1896 1061 1947 καὶ
1096 1895 1158 1948 τὸ
1210 1893 1624 1965 χερνισόξεστον
1655 1894 1987 1959 ἀποθέσθαι,

414 1980 476 2034 τὸ
508 1982 856 2050 μεταϐαίνειν
884 1986 993 2039 ἀπὸ
1038 1987 1138 2054 τῆς
1175 1987 1459 2050 ἐλάττονος
1492 1986 1734 2054 ιδήλωσε
1781 1986 1993 2051 τάξεως

415 2075 494 2137 είς
528 2074 627 2142 τὴν
662 2074 906 2145 μείζονα·
943 2078 1038 2132 καὶ
1068 2077 1348 2133 διακονίαν
1400 2078 1500 2146 μὲν
1552 2076 1858 2145 λαμϐάνειν
1897 2076 1992 2129 τὸν

415 2166 921 2237 χειροτονούμενον,
961 2169 1105 2239 πλὴν
1140 2170 1238 2239 οὐχ
1286 2168 1625 2239 ὑλικωτέραν
1653 2168 1771 2222 ἀλλ’
1798 2169 1995 2222 ἀπολε-

415 2257 661 2329 λυμένην
706 2260 806 2328 τῆς
846 2261 1003 2329 ὕλης.
1050 2263 1126 2316 Οὐ
1166 2263 1273 2332 γὰρ
1305 2263 1392 2315 ἵνα
1423 2264 1614 2332 κλείσῃ
1644 2263 1747 2325 τὰς
1779 2260 1993 2325 πύλας,

414 2352 648 2417 οὐδ”ἴνα
700 2354 856 2420 φῶτα
885 2355 1089 2427 ἀνάψῃ,
1121 2356 1233 2409 οὐδ’
1267 2356 1355 2409 ἵνα
1390 2356 1519 2418 τοὺς
1545 2354 1995 2424 κατηχουμένους

412 2443 686 2516 ὲξωθησῃ,
724 2446 1089 2509 καθίσταται,
1138 2447 1254 2499 ἀλλ’
1287 2446 1375 2500 ἵνα
1421 2446 1742 2517 λειτουργῇ,
1778 2441 1862 2509 οἷς
1894 2447 1996 2515 ἄγ-

414 2538 563 2604 γελοι
602 2538 889 2610 φρίττουσι
929 2542 1276 2613 μυστηρίοις.

969 2656 1225 2711 ΚΕΦᾹΛ.
1261 2657 1428 2715 ΡΟΓ⁹.

419 2747 483 2804 Tl
511 2747 578 2804 τὸ
613 2749 890 2821 ὠράριονέ
920 2752 1018 2821 καὶ
1051 2751 1210 2806 διατι
1260 2750 1434 2804 τοῦτο
1481 2751 1550 2815 ἐξ
1592 2750 1931 2821 ἀριστερῶν
1961 2753 1994 2804 ὀ

855 2820 1137 2887 διάκονος
1164 2824 1544 2890 περιτίθεται.

484 2912 921 2983 Περιζώννυνται
960 2915 1060 2983 μὲν
1091 2915 1183 2969 οὖν
1210 2917 1303 2969 καὶ
1334 2914 1506 2980 οὗτοι,
1533 2915 1666 2969 ἀλλὰ
1697 2914 1842 2967 κατὰ
1872 2931 1995 2966 και-

417 3005 510 3076 ρὸν
555 3007 612 3058 ιν
643 3009 709 3075 τῇ
744 3006 1001 3078 κοινωνίᾳ
1036 3008 1173 3078 μόνῃ
1215 3008 1327 3069 τοῖς
1363 3005 1653 3077 ὠραρίοις,
1682 3008 1763 3069 είς
1793 3006 1993 3073 δεῖγμα

411 3100 510 3167 τῆς
541 3099 810 3167 συστολῆς
858 3115 917 3151 τε
968 3100 1062 3154 καὶ
1100 3100 1393 3163 εὐλαϐείας
1445 3103 1542 3154 καὶ
1577 3099 1987 3159 ταπεινώσεως.

2094 620 2276 659 merus
2301 622 2366 661 ex
2409 621 2606 662 novem
2640 607 2928 663 ordinibus
2954 607 3249 670 consistat,
3282 607 3375 677 qui
3412 616 3494 661 ter
3527 605 3580 660 in
3606 602 3674 661 'se

2093 696 2421 753 Trinitatem
2460 700 2708 756 continet
2758 708 2814 754 et
2852 700 3134 768 praedicat,
3183 714 3283 767 per
3343 699 3447 753 tria
3486 699 3673 754 crucis

2092 789 2246 854 signa
2281 787 2337 841 in
2366 788 2691 844 ordinandis
2717 798 2799 844 ter
2834 789 3070 859 repetita
3120 795 3268 845 recte
3296 786 3576 859 eilingitur
3618 796 3675 843 et

2090 882 2444 953 exprimitur.

2612 975 2841 1032 CAPUT
2889 973 3145 1031 CLXXII.

2093 1090 2240 1157 Quid
2266 1091 2524 1145 innuatur
2554 1107 2646 1156 per
2674 1092 2791 1149 hoc.
2831 1090 2970 1158 quod
3015 1090 3303 1143 ordinatus
3342 1088 3585 1158 erigitur,
3624 1095 3679 1140 ct

2468 1161 2638 1214 sacris
2681 1161 2926 1213 induitur
2962 1160 3304 1215 vestimentis.

2162 1250 2299 1305 Cum
2334 1260 2515 1305 autem
2550 1252 2843 1322 episcopus
2873 1250 3190 1306 ordinatum
3228 1266 3255 1303 a
3293 1263 3453 1304 sacra
3481 1264 3677 1304 mensa

2092 1343 2277 1415 erigit,
2313 1343 2595 1415 signiﬁcat
2622 1344 2726 1399 hac
2754 1342 3088 1398 exaltatione
3114 1356 3175 1396 se
3220 1356 3346 1395 eum
3384 1342 3455 1396 ab
3480 1341 3676 1395 ordine

2093 1436 2304 1492 minore
2351 1446 2406 1491 et
2466 1436 2765 1490 humiliore
2800 1436 2865 1490 ad
2922 1435 3302 1490 sublimiorem
3365 1435 3672 1495 deducere;

2092 1531 2215 1586 ideo
2240 1530 2512 1601 iacentem
2537 1536 2591 1584 et
2618 1529 2882 1583 humilem
2928 1528 3094 1597 erigit
3116 1536 3171 1582 et
3216 1526 3440 1580 attollit.
3474 1525 3674 1581 Postea

2091 1624 2458 1693 circumponit
2482 1622 2531 1677 ei
2558 1622 2891 1677 vestimenta
2908 1619 3103 1689 gradui
3140 1619 3393 1688 analoga.
3428 1617 3674 1672 Primum

2093 1727 2217 1773 ante
2249 1716 2648 1771 ordinationem
2692 1711 2851 1780 jubet
2886 1727 3083 1767 zonam
3139 1711 3391 1765 sticitarii
3428 1712 3672 1775 solvere,

2093 1818 2148 1865 et
2201 1807 2525 1862 malluvium
2586 1805 2842 1860 manibus
2901 1803 3219 1872 deponere;
3255 1816 3367 1872 quo
3402 1802 3676 1872 signiﬁcat

2100 1917 2222 1958 eum
2257 1899 2549 1954 transferri
2590 1898 2659 1953 ab
2687 1897 2883 1952 ordine
2915 1895 3132 1949 minore
3171 1896 3226 1949 in
3296 1895 3589 1965 majorem,
3622 1905 3678 1949 et

2099 1993 2467 2049 ministerium
2494 1991 2764 2060 accipere,
2797 1995 3039 2044 attamen
3074 2001 3184 2040 non
3236 1987 3543 2050 materiale.
3577 1986 3674 2043 sed

2100 2088 2346 2143 materia:
2375 2100 2597 2156 expers.
2628 2084 2745 2140 Non
2784 2084 2930 2140 enim
2968 2091 3028 2138 ut
3052 2090 3240 2154 portas
3261 2083 3538 2147 occludat,
3582 2097 3676 2137 ne-

2098 2195 2208 2250 que
2268 2186 2329 2233 ut
2387 2176 2681 2233 luminaria
2744 2174 3186 2243 accendat,.aut
3251 2176 3675 2230 catechumenos

2096 2269 2379 2339 expellat,
2436 2265 2818 2330 constituitur,
2893 2265 2986 2319 sed
3042 2272 3099 2317 nt
3162 2264 3448 2335 mysteriis
3519 2262 3679 2316 mini-

2096 2368 2254 2427 stret,
2285 2363 2342 2417 in
2368 2374 2607 2433 quorum
2645 2366 2947 2429 conspectu
3002 2357 3446 2415 contremiscunt
3472 2354 3673 2425 angeli.

2595 2646 2829 2703 CAPUT
2890 2644 3177 2703 CLXXIII.

2098 2743 2240 2809 Quid
2269 2759 2361 2812 per
2402 2742 2676 2795 horarium
2707 2741 2815 2794 sive
2831 2740 3058 2812 stolam,
3096 2748 3144 2812 et
3182 2755 3344 2812 quare
3374 2739 3508 2793 hanc
3544 2740 3679 2795 sini-

2414 2822 2525 2866 stro
2554 2813 2775 2865 humero
2804 2810 3063 2863 diaconus
3093 2810 3337 2878 imponit.

2165 2908 2471 2976 (ﬁnguntur
2503 2904 2723 2973 quidem
2750 2913 2805 2958 et
2849 2904 2938 2957 isti
3004 2900 3241 2956 hor-ariis
3273 2904 3411 2965 suis,
3444 2910 3498 2956 at
3525 2916 3678 2957 certo

2098 3010 2362 3070 tempore,
2390 2997 2644 3053 videlicet
2678 2996 2732 3049 in
2765 2995 2880 3049 sola
2932 2994 3341 3056 communione,
3376 2995 3427 3047 in
3462 2997 3676 3062 signum

2096 3090 2498 3147 contractionis
2527 3090 2779 3159 spiritus,
2834 3095 2891 3141 et
2949 3085 3187 3146 timoris,
3225 3094 3281 3138 et
3331 3085 3677 3139 humilitatis.

413 3191 504 3245 Διὸ
531 3192 627 3244 καὶ
659 3191 736 3255 ὡς
778 3190 879 3262 τὴν
909 3190 1020 3244 τῶν
1049 3192 1301 3261 ἀγγέλων
1328 3191 1580 3262 ἐσχηκὼς
1617 3191 1773 3257 τάξιν
1816 3193 1845 3243 ὁ
1883 3209 1991 3267 χεῖ-

2098 3187 2221 3242 Iden
2252 3185 2567 3245 ordinatus,
2597 3194 2655 3236 ut
2677 3180 2998 3248 angelorum
3029 3177 3279 3233 ordinem
3317 3186 3677 3239 consecutus.

417 3286 730 3357 ροτονηθεὶς
751 3326 765 3349 ,
800 3285 1041 3357 ὠράριον
1087 3285 1481 3356 περιϐάλλεται
1501 3302 1515 3315 ·
1548 3285 1576 3339 ὃ
1618 3285 1681 3357 δὴ
1712 3285 1773 3338 τὺ
1802 3286 1988 3355 νοερὸν

415 3379 567 3449 δηλοῖ
590 3378 700 3431 τῶν
726 3378 979 3445 ἀγγέλων
1005 3379 1098 3432 καὶ
1136 3378 1213 3439 ὡς
1260 3378 1435 3447 πτερά
1483 3379 1743 3447 σημαίνει
1796 3378 1988 3448 ἁπηω-

414 3470 654 3540 ρημένον
700 3468 810 3522 τῶν
850 3468 1040 3537 ὤμων.
1098 3471 1209 3523 Καὶ
1246 3470 1308 3521 τδ
1365 3468 1660 3537 Τρισάγιον
1696 3464 1848 3539 ᾆσμα
1878 3470 1989 3523 τῶν

416 3561 664 3628 ἀγγέλων
691 3561 1151 3631 ἐγγεγραμμένον
1181 3560 1317 3630 ἔχει.
1352 3561 1464 3612 Καὶ
1501 3561 1662 3613 τοῦτο
1695 3560 1990 3631 σφραγίζει

420 3655 516 3723 μὲν
553 3656 581 3708 δ
610 3654 921 3726 ἀρχιερεύς·
954 3654 1117 3716 αὐτὸς
1148 3654 1204 3706 δὲ
1240 3655 1547 3718 ἀσπάζεται
1582 3654 1741 3723 146
1764 3654 1860 3705 καὶ
1888 3651 1989 3723 τὴν

417 3749 571 3818 χεῖρα
600 3746 694 3800 τοῦ
727 3748 1007 3817 ίεράρχου,
1037 3746 1251 3806 δεικνὺς
1277 3746 1358 3797 ὅτι
1390 3748 1487 3798 καὶ
1532 3746 1635 3815 ἐρᾷ
1664 3743 1758 3796 τοῦ
1790 3743 1989 3812 δώρου,

415 3838 511 3892 καὶ
538 3838 678 3909 τιμᾷ
704 3836 886 3900 τοῦτο,
912 3836 1008 3888 καὶ
1058 3836 1150 3887 τὸν
1189 3834 1398 3887 διδόντα
1446 3835 1627 3896 αὑτὸν,
1661 3834 1734 3896 ὡς
1764 3834 1989 3903 εὐεργέ-

415 3948 513 4000 την
549 3930 830 3984 τοιούτων.
865 3930 926 3982 Ὀ
968 3928 1024 3981 δὲ
1071 3927 1423 3999 περιτίθησιν
1462 3924 1629 3979 αὑτοῦ
1662 3910 1741 3995 τῷ
1775 3926 1992 3995 ἀριστε-

422 4023 497 4093 ρῷ
524 4019 683 4093 ὤμῳ,
718 4021 843 4074 ἐπεὶ
866 4022 962 4091 τῆς
987 4018 1273 4082 ἐλάττονος
1313 4018 1393 4071 ἐτι
1427 4017 1523 4072 καὶ
1548 4017 1700 4079 οὖτος
1729 4015 1990 4087 τυγχάνει

419 4121 511 4171 καὶ
541 4116 841 4186 ὑφειμένης
873 4113 1082 4179 τάξεως
1111 4116 1139 4167 ὁ
1176 4112 1449 4176 διάκονος,
1490 4110 1585 4163 καὶ
1626 4108 1720 4162 τοῦ
1754 4108 1869 4171 ἐνὸς
1901 4107 1993 4177 ἔρ-

417 4231 516 4281 γου
563 4215 659 4263 καὶ
713 4211 879 4279 μόνου
910 4208 1005 4262 τοῦ
1049 4208 1391 4276 λειτουργεῖν
1418 4206 1513 4258 καὶ
1544 4204 1809 4256 διακονεῖν
1844 4204 1991 4255 ἐστιν

418 4308 714 4377 ὑπηρέτης.
776 4306 908 4357 Ὅτε
974 4304 1032 4356 δὲ
1080 4301 1359 4372 τελεσθείη
1409 4300 1785 4371 πρεσϐύτερος
1816 4339 1830 4362 ,
1871 4297 1992 4349 τότε

419 4402 512 4454 καὶ
543 4400 651 4453 ἀπὸ
677 4397 771 4451 τοῦ
800 4395 979 4461 δεξιοῦ
1011 4395 1162 4463 ὤμου
1191 4394 1353 4447 τοῦτο
1387 4393 1643 4463 λήψεται,
1680 4392 1755 4454 ὡς
1802 4391 1893 4444 καὶ
1933 4389 1993 4441 τὸ

417 4493 687 4547 διακονεῖν
730 4492 825 4544 καὶ
858 4489 919 4541 τὸ
950 4489 1048 4550 τὰς
1077 4487 1303 4550 τελετὰς
1328 4488 1578 4556 ἐνεργεῖν
1609 4485 1815 4539 λαϐών.

977 4776 1203 4833 ΚΕΦᾹΔ
1215 4812 1230 4829 .
1278 4772 1441 4827 ΡΟΔ’.

422 4904 583 4956 Διατί
609 4898 882 4971 καλεῖται
930 4894 1187 4971 ᾠράριοε·
1213 4933 1228 4957 ,
1262 4889 1361 4943 καὶ
1409 4887 1539 4970 περὶ
1585 4886 1994 4971 τῶν-,ἐξαπτε-

486 4974 723 5042 ρύγωνο
780 4967 877 5042 καὶ
934 4958 1023 5019 ὅτι
1049 4958 1255 5042 ’τᾳῖζτα
1282 4960 1607 5029 μιμοῦνται
1655 4958 1734 5021 τῷ
1769 4958 1998 5027 ὡραρίῳ

492 5030 1031 5111 ἓτεριστελλόμενοι
1066 5036 1120 5087 ol
1154 5030 1444 5085 διάκονοι.

504 5135 760 5205 om,de
805 5129 863 5183 δὲ
893 5128 1174 5188 καλεῖται,
1216 5123 1305 5176 διὰ
1346 5123 1407 5175 τὺ
1434 5121 1695 5191 ὡραῑζειν
1736 5120 1899 5173 αὐτὸν
1928 5122 1995 5189 τῇ

424 5228 634 5297 χάριτι,
660 5225 756 5277 καὶ
785 5224 883 5292 τῆς
909 5220 1067 5287 δόξης
1099 5216 1235 5270 Θεοῦ
1266 5214 1344 5284 τῷ
1384 5214 1576 5267 κάλλει
1609 5214 1996 5281 περικοσμεῖν.

426 5318 604 5371 Οίονεὶ
623 5317 731 5384 γὰρ
760 5315 854 5368 καὶ
879 5311 1029 5372 οὗτος
1062 5311 1121 5361 ἐν
1150 5307 1325 5377 τούτῳ
1351 5306 1425 5368 ὡς
1454 5308 1512 5359 ὲν
1532 5304 1795 5373 πτέρυξιν
1822 5304 1997 5371 ὼραῖο

428 5411 579 5476 ζεται
637 5407 730 5462 καὶ
795 5404 1264 5474 περικαλύπτεται
1329 5398 1589 5468 εὐλαὸεῐᾳ
1650 5398 1748 5450 καὶ
1804 5398 1996 5466 ἀρετῇ,

430 5501 523 5555 καὶ
614 5501 852 5572 μάλιστα
906 5499 965 5550 ὲν
1044 5496 1121 5565 τῷ
1190 5493 1441 5563 μετέχειν
1508 5491 1611 5561 τῆς
1688 5490 1997 5553 κοινωνίας,

429 5594 497 5647 τὰ
538 5592 791 5662 Σεραφὶμ
823 5590 1007 5642 ἐκεῖνα
1072 5587 1414 5657 μιμούμενος
1456 5600 1471 5615 ·
1507 5584 1544 5636 ἃ.
1599 5581 1664 5651 δὴ
1702 5580 2001 5650 ὲξαπτέρυ-

430 5704 523 5753 γα,
571 5685 648 5748 ὡς
715 5684 1051 5753 γέγραπται,
1114 5679 1265 5742 ὄντα,
1312 5679 1435 5739 τατς
1514 5674 1614 5745 μὲν
1680 5673 1803 5725 δυσὶ
1873 5673 2002 5725 πτέ-

436 5777 556 5846 ρυξι
611 5776 952 5829 καλύπτουσι
1017 5772 1086 5824 τὰ
1150 5771 1419 5839 πρόσωπα
1487 5765 1721 5828 ἑαυτῶν,
1783 5765 1901 5826 ταῖς
1947 5763 2002 5817 δὲ

433 5870 554 5924 δυσὶ
600 5870 728 5932 τοὺς
786 5866 977 5932 πόδας,
1033 5868 1126 5917 καὶ
1183 5865 1301 5925 ταῖς
1374 5861 1493 5913 δυσὶ
1556 5856 1855 5925 πετόμενα,
1917 5855 1997 5919 τὸ,

2106 3278 2327 3334 horario
2362 3274 2840 3343 circnmcingitur,
2892 3269 3038 3339 quod
3075 3277 3328 3324 naturam
3360 3269 3678 3338 angelorum

2102 3370 2495 3441 intclligibilem
2521 3368 2765 3421 indicat:
2806 3370 2862 3419 et
2886 3363 3029 3418 sicut
3053 3361 3151 3416 alae
3180 3376 3413 3430 quarum
3451 3360 3677 3429 ﬁguram

2100 3464 2284 3530 hahet,
2330 3460 2606 3530 significat
2629 3472 2852 3526 quoque
2886 3454 3133 3509 humeris
3186 3453 3242 3506 in
3283 3452 3518 3508 sublimo
3552 3467 3679 3506 sus-

2097 3570 2353 3625 pensum.
2385 3553 2564 3607 Habet
2596 3550 2763 3605 etiam
2795 3548 3127 3616 inscriptum
3155 3543 3447 3614 Trisagion
3507 3558 3680 3611 ange-

2097 3648 2274 3701 lorum
2309 3643 2612 3700 canticum.
2662 3639 2779 3694 IIoc
2832 3638 3061 3705 insuper
3092 3635 3272 3704 sigillo
3306 3633 3493 3687 crucis
3523 3632 3681 3686 obsi-

2098 3748 2227 3810 gnat
2265 3737 2559 3808 episcopns
2596 3751 2610 3787 :
2659 3731 2755 3786 ille
2815 3745 2949 3783 vero
2994 3728 3316 3798 episcopum
3372 3723 3678 3787 osculatur,

2099 3829 2331 3898 ejusque
2398 3838 2660 3891 manum;
2713 3821 3009 3876 ostendens
3057 3834 3117 3875 se
3170 3819 3375 3872 donum
3428 3814 3677 3880 diligere,

2100 3922 2343 3993 illudque
2396 3928 2452 3974 et
2501 3918 2680 3988 ipsum
2714 3916 2959 3976 dantem,
3014 3922 3074 3967 ut
3132 3908 3437 3965 beneﬁcum
3493 3920 3675 3957 rerum

2101 4011 2374 4082 ejusmodi
2432 4010 2751 4077 largitorem
2809 4006 3102 4058 honorare.
3144 4000 3248 4055 Hic
3290 4011 3425 4052 vero
3454 3995 3679 4049 sinistro

2100 4108 2251 4165 illius
2284 4106 2517 4159 humero
2546 4097 2829 4154 horarium
2867 4096 3109 4162 adoptat,
3138 4106 3201 4145 eo
3235 4089 3378 4161 quod
3412 4087 3679 4140 diaconus

2101 4198 2331 4256 minoris
2349 4202 2435 4251 est
2464 4194 2649 4248 adhuc
2670 4198 2726 4245 et
2760 4186 2995 4256 subjecti
3024 4183 3255 4247 ordinis,
3311 4180 3679 4243 ministerque

2102 4294 2268 4349 unius
2301 4300 2356 4345 et
2391 4289 2561 4343 solius
2588 4283 2794 4354 operis,
2824 4275 3342 4334 administrandum
3383 4270 3597 4325 scilicet
3625 4275 3682 4320 et

2103 4382 2454 4441 serviendum
2483 4386 2694 4434 tantum
2717 4374 3028 4429 institutus.
3059 4369 3196 4424 Cum
3216 4380 3343 4418 vero
3374 4360 3683 4417 initialiitur

2103 4478 2157 4533 in
2192 4475 2599 4547 presbyterum,
2629 4478 2765 4523 tunc
2811 4466 3007 4521 stolam
3036 4464 3092 4517 in
3128 4462 3413 4515 dexterum
3466 4466 3685 4522 (ιιιωηιιο

2027 4556 2072 4612 D
2101 4545 2395 4625 humerum
2433 4563 2686 4631 accipiet,
2731 4560 2883 4614 velut
2948 4564 3082 4610 tunc
3126 4561 3183 4609 et
3231 4545 3578 4605 ministrandi
3631 4552 3689 4595 ct

2105 4657 2450 4718 sacriﬁcandi
2481 4662 2759 4727 potestate
2788 4651 3049 4705 donatus.

2614 4764 2844 4824 CAPUT
2907 4758 3184 4816 CLXXIV.

2108 4889 2290 4955 Quare
2331 4896 2544 4949 vocqzur
2569 4877 2872 4955 hornijum,
2895 4882 2953 4955 ,ει
2983 4868 3121 4953 quod
3145 4865 3358 4955 diaconi
3389 4863 3482 4916 illo
3513 4860 3685 4914 ornati

2428 4940 2520 5006 sex
2563 4949 2681 5003 alas
2716 4940 3033 5013 Seraphicas
3065 4940 3369 4993 imitantur.

2181 5110 2475 5167 "orarium
2505 5116 2689 5161 autem
2718 5101 2923 5157 dicitur
2955 5097 3083 5168 quia
3114 5095 3292 5165 ipsum
3327 5088 3502 5160 gratia
3554 5101 3687 5140 cou-

2109 5208 2364 5275 Spicnum
2401 5200 2606 5262 reddit,
2664 5206 2719 5252 et
2778 5193 2963 5262 gloriae
3022 5188 3118 5243 Dei
3179 5180 3586 5255 pulchritudine
3637 5184 3687 5230 et

2108 5270 2406 5369 splendore
2465 5297 2723 5344 exornat.
2785 5287 2884 5341 Ille
2936 5283 3082 5338 enim
3131 5277 3355 5335 horario
3377 5274 3526 5327 velut
3588 5270 3690 5322 alis

2109 5362 2441 5457 conspicuus
2472 5383 2531 5437 Iit
2556 5390 2612 5436 et
2652 5378 3004 5449 splendidus,
3047 5376 3250 5444 pietate
3275 5380 3331 5425 et
3356 5368 3557 5421 virtute
3583 5362 3689 5415 cir-

2109 5454 2422 5538 cumtectus
2475 5492 2490 5529 :
2549 5473 2643 5529 sed
2682 5470 2987 5540 prmsertim
3027 5468 3155 5520 dum
3190 5456 3593 5518 communionis
3635 5454 3691 5507 iit.

2113 5574 2390 5646 particeps
2425 5565 2712 5636 Seraphim
2768 5562 2859 5615 illa
2894 5560 3166 5620 imitatur,
3207 5569 3349 5625 qua‘,
3383 5559 3443 5606 ut
3489 5545 3693 5604 scribi-

2113 5639 2218 5729 iur,
2256 5639 2352 5720 ses
2393 5661 2498 5716 alis
2536 5656 2763 5728 praedita
2793 5660 2947 5717 sunt,
2990 5664 3224 5719 quarum
3251 5646 3470 5700 duabus
3518 5639 3690 5694 facies

2114 5778 2243 5819 suas
2266 5759 2469 5819 velant,
2503 5751 2721 5809 duabus
2750 5747 2873 5802 aliis
2906 5745 3093 5816 pedes,
3124 5749 3176 5793 et
3210 5737 3440 5805 reliquis
3480 5733 3686 5791 volant,

2116 5859 2375 5921 Sanctus,
2438 5852 2698 5914 Sanctus,
2735 5847 2971 5901 Sanctus
3032 5834 3347 5893 clamantia.
3400 5830 3510 5884 Nec
3570 5827 3687 5881 h:cc
