4078 6424
343 383 448 445 333

1154 381 1535 445 SYMEONIS
1572 381 2334 446 TIIESSALONICENSTS
2400 385 2760 449 ARCHIEP.

3485 392 3589 457 384

346 507 557 553 tantum
608 513 701 555 sex
728 498 826 555 alae
850 497 1183 570 signiﬁcant,
1209 516 1400 556 verum
1431 503 1595 555 etiam
1647 499 1906 555 Crucilixi

2020 517 2038 549 ι
2077 498 2290 566 Ἀγιος,
2317 498 2494 568 ἅγιος,
2529 501 2707 570 ἅγιος,
2746 521 2763 555 ι
2805 502 3091 560 ἐκὸοῶσιν.
3133 504 3297 560 Ἀλλὰ
3347 510 3445 562 καὶ
3486 510 3579 565 τοῦ

342 579 527 659 typum
557 601 772 659 gerunt.
804 592 918 647 Ala:
947 593 1096 647 enim
1123 607 1377 663 supernae
1415 602 1471 648 et
1495 592 1726 648 internae
1760 601 1913 657 sunt,

338 682 505 736 veluti
540 684 956 753 lignum'crucis
988 692 1230 741 erectum
1258 702 1273 753 ;
1304 701 1428 754 qua:
1452 701 1583 740 vero
1630 700 1695 739 ex
1727 684 1914 740 lateri-

338 773 443 827 hus
471 788 643 829 cornu
694 786 1095 846 repraesentant
1142 788 1196 832 et
1248 778 1457 848 lignum
1514 785 1909 833 transversum.

338 860 464 917 Ideo
493 862 744 920 diaconis
780 874 838 920 ut
894 866 1181 936 Seraphim
1219 866 1583 936 ﬁgurantihus
1632 867 1909 922 ﬂabellum

337 966 366 1004 a
394 953 649 1021 pontiﬁce
686 955 945 1009 traditur.
987 955 1127 1010 lllud
1185 964 1370 1011 autem
1423 955 1539 1011 alas
1589 955 1909 1023 angelorum

336 1042 608 1113 designat,
640 1045 759 1114 ipsa
788 1061 1007 1115 quoque
1033 1046 1330 1102 Cherubim
1364 1055 1417 1101 et
1442 1046 1758 1117 Seraphim.
1783 1061 1909 1101 cum

333 1143 392 1187 et
435 1135 725 1205 Seraphim
751 1137 1024 1192 ﬂabellum
1051 1138 1325 1207 depictum
1356 1137 1613 1203 habeant,
1671 1154 1794 1207 quae
1829 1152 1908 1208 ty-

334 1240 462 1290 pum
537 1236 738 1294 gerunt
789 1241 978 1281 eorum
1041 1242 1165 1297 quae
1210 1228 1265 1282 in
1324 1229 1443 1300 lege
1500 1228 1909 1286 obumbrahant

331 1330 538 1380 arcam,
566 1324 621 1372 et
655 1333 719 1373 ea
760 1334 883 1388 quae
930 1320 1139 1396 Saneta
1179 1329 1500 1377 sanctorum
1554 1323 1904 1378 dicebantur.

328 1405 463 1460 Nam
511 1408 562 1462 si
621 1410 738 1465 hmo
768 1418 898 1465 tunc
952 1412 1189 1468 erantin
1223 1412 1443 1477 umbra,
1500 1415 1677 1468 multo
1733 1416 1907 1485 magis

328 1501 565 1556 veritate
595 1513 950 1571 eomparente
980 1505 1161 1560 locum
1221 1504 1425 1562 habere
1481 1507 1703 1563 debent.
1768 1507 1909 1562 Sunt

333 1592 499 1644 etiam
540 1590 630 1645 hic
664 1608 798 1647 vere
837 1594 1164 1664 angelorum
1196 1596 1603 1663 multitudines,
1655 1606 1709 1652 et
1751 1600 1907 1655 multi

334 1680 562 1736 Patrum
623 1691 941 1739 nostrorum
980 1701 1077 1741 eos
1131 1688 1391 1741 viderunt
1441 1697 1497 1744 et
1548 1690 1904 1759 contemplati

2017 591 2428 658 σταυρωθέντος
2462 595 2521 646 ἐν
2548 594 2725 659 τούτῳ
2757 594 2941 666 ἔχουσι
2983 597 3156 651 τύπον
3186 599 3256 654 τὰ
3282 599 3583 673 ἐξαπτὲρυ-

2011 696 2106 747 γα.
2156 682 2238 738 Τὰ
2291 682 2403 735 ἄνω
2457 683 2556 751 μὲν
2584 685 2694 754 γὰρ
2721 686 2817 740 καὶ
2869 688 3027 742 κάτω
3071 692 3249 758 πτερᾶ
3302 691 3491 765 ὥσπερ
3522 697 3585 750 τὸ

2016 770 2189 840 ἰκρίον
2239 772 2358 826 loti.
2399 773 2495 828 τοῦ
2547 776 2784 846 σταυροῦ
2810 794 2824 808 ·
2852 779 2919 833 τὰ
2951 780 3009 833 δὲ
3037 780 3100 834 ἐκ
3131 782 3381 851 πλαγίων
3409 789 3587 859 πτερᾶ

2010 864 2072 916 τὸ
2115 865 2306 936 κέρας.
2359 868 2451 920 me
2501 872 2592 921 uel
2633 872 2748 933 τοῖς
2788 872 3062 936 διακόνοις
3109 874 3186 938 ὡς
3217 876 3287 930 τὰ
3335 880 3586 949 Σεραφὶμ

2011 954 2340 1023 ἑκτυποῢσι,
2373 960 2471 1012 καὶ
2504 961 2742 1029 ριπίδιον
2799 963 3003 1022 δίδοται
3058 966 3211 1037 παρὰ
3251 969 3344 1022 τοῦ
3397 972 3585 1041 ἀρχιε-

2013 1046 2156 1116 ρέως
2181 1063 2196 1079 ⁸
2228 1050 2362 1104 αὐτὸ
2408 1052 2463 1105 δὲ
2495 1053 2594 1113 τὰς
2630 1055 2910 1124 πτέρυγας
2943 1058 3095 1127 δηλοί
3150 1061 3259 1113 τῶν
3298 1063 3548 1130 ἀγγέλων
3570 1081 3584 1094 '

2011 1138 2105 1190 uel
2154 1138 2293 1193 αὐτὰ
2337 1142 2409 1195 τὰ
2453 1143 2740 1215 Χερουϐίμ
2784 1163 2845 1199 τε
2883 1148 2980 1201 καὶ
3027 1149 3281 1220 Σεραφὶμ
3324 1152 3584 1219 ἑξεικονιο

2012 1227 2188 1297 σμένα
2215 1229 2355 1300 ἔχει’
2391 1234 2488 1287 καὶ
2526 1235 2750 1288 ἐκείνων
2784 1237 3013 1307 φέρουσι
3066 1239 3240 1295 τύπον
3267 1241 3376 1294 τῶν
3408 1243 3468 1296 ὲν
3507 1243 3582 1314 τῷ

2009 1320 2181 1391 νόμῳ,
2210 1321 2774 1396 ὲπισκιαζόντωνετὴν
2799 1327 3033 1383 κιϐωτὸν
3074 1332 3171 1384 καὶ
3203 1333 3271 1386 τὰ
3306 1331 3583 1403 λεγόμενα

2011 1412 2181 1479 Ἅγια
2227 1413 2344 1470 τῶν,
2384 1414 2579 1482 ἁγίων.
2616 1416 2683 1470 Et
2710 1419 2822 1488 γὰρ
2854 1421 2977 1474 τότε
3028 1416 3098 1493 ἦν
3130 1424 3187 1476 ὲν
3213 1426 3280 1494 τῇ
3322 1427 3473 1497 σκιᾷ,
3503 1426 3584 1480 δεῖ

2011 1504 2216 1571 μᾶλλον
2252 1506 2493 1562 ἐνταῦθα
2523 1504 2688 1575 εῖναι,
2722 1512 2987 1580 φανείσης
3014 1513 3114 1582 τῆς
3140 1516 3423 1585 ἀληθείας.
3458 1519 3579 1571 Εἰσὶ

2006 1592 2064 1647 δὶ
2093 1595 2190 1649 καὶ
2219 1595 2435 1666 ἀληθῶς
2466 1598 2645 1669 πλήθη
2700 1593 2804 1655 ὧδε
2859 1603 3133 1670 ἀγγέλων.
3178 1606 3290 1659 Kal
3337 1608 3577 1663 πλεῖστοι

2007 1684 2235 1749 τούτους
2280 1687 2625 1759 πληροῦντας
2650 1692 2746 1744 τὸν
2793 1687 2944 1745 οἶκον
2982 1694 3093 1747 τῶν
3127 1697 3391 1767 Πατέρων
3421 1698 3577 1768 ήμῶν

334 1780 463 1827 sunt
489 1773 712 1828 domum
744 1775 1041 1846 replentes.
1066 1777 1400 1847 Angelorum
1440 1788 1621 1835 autem
1654 1780 1902 1836 ordinem

2010 1774 2345 1830 ἐθεάσαντο·
2414 1780 2509 1832 καὶ
2553 1781 2711 1835 αὐτοὶ
2764 1782 2821 1836 δὲ
2872 1784 2925 1837 οἱ
2975 1785 3071 1839 τοῦ
3126 1788 3273 1857 ίεροῦ
3331 1789 3572 1858 βήματος

331 1873 393 1916 et
426 1864 575 1919 vices
603 1844 902 1934 sustinent,
931 1868 1024 1936 qui
1047 1868 1116 1923 ad
1138 1844 1356 1924 sacrum
1399 1870 1573 1925 altare
1603 1872 1898 1939 pertinent.

2007 1865 2164 1932 τάξιν
2190 1868 2373 1940 ἔχουσι
2403 1872 2513 1927 τῶν
2562 1875 2812 1943 ἀγγέλων
2835 1893 2851 1910 ο
2886 1878 3036 1950 ὅμως
3063 1880 3120 1935 δὲ
3148 1844 3247 1935 ουκ
3279 1844 3573 1954 ἀπόέλητοι

332 1954 638 2023 Πρῇίοἰεηάἰ
663 1964 843 2011 tamen
877 1973 987 2014 non
1021 1969 1153 2014 sunt
1183 1975 1366 2016 rerum
1425 1961 1737 2017 divinarum
1790 1965 1901 2034 typi

329 2056 385 2099 et
413 2047 700 2116 imagines,
733 2047 931 2119 quippe
962 2050 1054 2120 qui
1115 2066 1219 2106 nos
1250 2050 1317 2106 ad
1367 2059 1658 2123 prototypa
1709 2068 1904 2109 manu-

334 2142 567 2199 ducunt.

857 2231 1088 2289 CAPUT
1117 2233 1374 2291 CLXXV.

329 2342 472 2407 Quid
534 2346 793 2417 signiﬁcet
842 2351 985 2418 quod
1035 2349 1290 2405 diaconus
1357 2353 1632 2407 osculatur
1686 2369 1897 2408 sacram

396 2431 651 2483 mensam,
703 2434 1021 2489 manumque
1063 2429 1112 2475 et
1142 2437 1330 2491 genam
1376 2424 1607 2493 episcopi
1632 2434 1680 2478 et
1710 2424 1899 2479 diaco-

408 2500 527 2540 ηοε.

397 2598 643 2657 Tradens
669 2602 836 2673 igitur
864 2604 1157 2676 episcopus
1186 2605 1423 2662 diacono
1445 2607 1742 2675 ﬂabellum,
1768 2625 1893 2666 eum

317 2691 474 2760 jubet
526 2693 763 2764 primum
811 2697 1047 2752 osculari
1108 2713 1321 2753 sacram
1387 2715 1658 2765 mensam,
1710 2712 1898 2773 utpote

320 2784 414 2851 qui
450 2781 506 2837 in
546 2799 609 2839 ea
644 2785 873 2855 gratiam
927 2790 1257 2860 susceperit,
1282 2790 1481 2846 deinde
1525 2808 1748 2848 manum
1781 2794 1897 2864 epi-

320 2878 619 2947 scopalem,
656 2880 803 2935 velut
841 2895 941 2949 per
972 2881 1148 2957 ipsam
1181 2883 1521 2938 ordinatum.
1560 2883 1752 2940 Tertio
1794 2899 1896 2951 ge-

320 2983 445 3022 nam
505 2979 732 3040 propter
771 2971 1124 3039 charitatem,
1159 2986 1215 3029 et
1255 2975 1310 3029 in
1346 2975 1550 3030 divinis
1585 2976 1892 3042 unionem;

317 3068 376 3113 et
406 3060 553 3129 quod
583 3062 837 3117 amabilis
877 3064 954 3117 sit
975 3063 1284 3120 in‘Christo
1310 3066 1404 3135 qui
1440 3066 1580 3121 bona
1611 3081 1709 3136 per
1732 3067 1894 3137 spiri-

318 3159 435 3205 tum
457 3151 760 3218 distribuit,
793 3163 848 3208 et
877 3154 1114 3210 dilectus
1164 3156 1259 3226 qui
1296 3158 1533 3227 accepit.
1588 3158 1786 3215 Postea
1838 3172 1890 3218 et

317 3241 582 3297 diaconos
600 3244 906 3308 osculatur,
941 3245 1095 3314 prius
1127 3246 1572 3319 uniuscujusque
1603 3251 1883 3306 horarium

317 3333 676 3403 deosculans;
707 3337 1094 3394 demonstrans
1125 3338 1225 3394 hac
1247 3340 1485 3405 actione,
1521 3351 1574 3396 et
1607 3344 1769 3398 veluti
1807 3345 1889 3398 di-

316 3437 471 3487 cens,
498 3422 605 3478 Per
636 3425 742 3481 hoc
773 3426 982 3482 donum
1014 3429 1171 3485 vobis
1197 3444 1318 3486 sum
1349 3432 1559 3486 unitus.
1585 3440 1638 3487 et
1659 3436 1887 3502 aequalis

318 3514 519 3581 factus,
545 3525 600 3573 et
630 3533 798 3574 unum
846 3522 1152 3590 vobiscum,
1208 3524 1565 3593 ejusdemque
1603 3526 1885 3585 vobiscum

314 3605 546 3663 ordinis.
578 3607 659 3663 Illi
684 3624 816 3665 vero
845 3611 1049 3668 invidia
1095 3613 1288 3682 procul
1342 3613 1396 3668 in
1429 3614 1704 3669 charitate
1761 3630 1884 3670 eum

315 3696 636 3767 resalutant,
668 3715 896 3774 seseque
929 3705 1310 3761 demonstrant
1346 3705 1482 3761 socii
1508 3706 1594 3762 sui
1623 3714 1675 3761 ct
1703 3723 1882 3777 mqua-

313 3785 382 3841 lis
412 3796 687 3846 amatores
722 3792 792 3848 ab
841 3793 962 3863 ipso
1014 3794 1068 3849 in
1109 3795 1304 3865 spiritu
1356 3798 1548 3860 amati.
1608 3805 1663 3853 et
1710 3798 1885 3869 ipsius

314 3888 584 3938 amantes.
614 3880 885 3940 Diaconus
926 3873 1100 3955 igitur
1121 3887 1203 3943 sic
1256 3898 1618 3943 consecratus
1645 3897 1700 3942 et
1752 3905 1885 3945 con-

312 3979 618 4026 summatus
650 3981 759 4028 stat
805 3973 871 4029 ad
908 3976 1351 4043 ministrandum,
1389 3978 1659 4033 ﬂabellqu
1717 3996 1881 4034 manu

315 4065 530 4124 tenens,
573 4062 748 4119 donec
798 4076 984 4120 sancta
1029 4069 1366 4123 extollantur
1413 4080 1468 4124 et
1503 4071 1885 4127 demonstren-

312 4156 420 4204 tur.
459 4149 615 4207 Tunc
667 4154 804 4210 illud
836 4156 1066 4227 deponit
1114 4159 1269 4217 ﬂnito
1304 4161 1635 4225 ministerio,
1669 4162 1883 4217 accedit

311 4243 456 4296 enim
493 4247 897 4303 communionis
925 4255 1160 4319 tempus.
1196 4251 1320 4306 Ideo
1354 4262 1640 4323 postquam
1662 4253 1883 4323 episco-

310 4348 413 4401 pus
463 4345 519 4390 et
565 4338 874 4410 presbyteri
941 4344 1519 4412 communicaverunt,
1577 4347 1694 4415 ipse
1752 4357 1883 4403 ante

308 4425 555 4489 quemvis
580 4426 744 4481 alium
793 4430 1083 4487 diaconum
1114 4451 1238 4490 cum
1286 4436 1376 4506 pio
1413 4437 1608 4491 timore
1641 4438 1877 4504 accedit,

2004 1959 2100 2011 καὶ
2148 1959 2198 2012 οἱ
2248 1960 2357 2014 τῶν
2397 1962 2558 2018 Θείων
2600 1965 2786 2035 τύποι,
2823 1968 2901 2033 ὡς
2932 1971 3411 2042 χειραγωγοῦντες
3439 1974 3575 2046 πρὸς

2002 2049 2072 2103 τὰ
2122 2054 2481 2121 πρωτότυπα.

2505 2199 2508 2202 ’
2562 2239 2814 2297 suam.
2848 2244 3018 2300 POE'.

2008 2345 2070 2399 Τι’
2119 2346 2186 2430 τὸ
2234 2349 2609 2430 ἀσὶπτὶζεσᾷαι
2638 2357 2742 2409 τὸν
2790 2357 3081 2430 διάκονον
3113 2362 3229 2430 τὴν
3255 2365 3569 2429 τράπεζαν.

2071 2416 2190 2503 rh?-
2227 2419 2420 2503 γλεῖρα.
2446 2425 2543 2476 καὶ
2602 2426 2858 2494 παρειὰν
2906 2430 3016 2485 τοῦ

2071 2487 2213 2552 τοὺς
2243 2489 2588 2559 διακόνους.

2074 2597 2379 2667 Παρασχὼν
2407 2603 2588 2657 τοίνυν
2630 2605 2658 2657 6
2689 2608 2952 2680 ἱεράρχης
2987 2612 3065 2683 τῷ
3102 2613 3338 2687 διακόνῳ
3385 2631 3479 2672 καί
3509 2620 3570 2673 τὸ

2000 2687 2259 2755 ριπίδιον,
2294 2692 2508 2749 κελεύει
2562 2696 2749 2752 τοῦτον
2803 2700 3159 2758 ἀσπάσασθαι
3203 2710 3425 2777 πρῶτον
3467 2713 3568 2784 τὴν

2001 2777 2155 2868 ἱερὰν
2193 2782 2478 2848 τράπεζαν
2511 2785 2587 2849 ὡς
2618 2790 2676 2840 ἐν
2709 2789 2847 2863 αὐτῇ
2899 2792 2998 2864 τὴν
3039 2796 3201 2866 χάριν
3230 2777 3562 2868 δεξάμενονλ

1998 2865 2123 2924 εἶτα
2156 2874 2251 2926 καὶ
2283 2875 2382 2943 τὴν
2423 2878 2818 2953 ἀρχιερατικὴν
2847 2886 3004 2955 χεῖρα
3031 2865 3123 2949 ὡς
3144 2890 3212 2943 δι’
3251 2865 3425 2962 αὐτῆς
3452 2912 3567 2963 χει-

1997 2967 2360 3035 ροτονηθέντα
2381 2987 2396 3003 ο
2430 2974 2528 3024 καὶ
2563 2973 2746 3043 τρίτον
2775 2976 2874 3046 τὴν
2909 2979 3148 3049 παρειὰν
3185 2982 3272 3036 διὰ
3300 2985 3400 3055 τὴν
3429 2989 3566 3055 ἀγά-

1996 3071 2108 3123 πην
2144 3058 2238 3111 καὶ
2274 3059 2471 3114 ἕνωσιν
2501 3063 2640 3131 πρὸς
2679 3065 2749 3118 τὰ
2785 3066 2927 3121 θεῖαο
2977 3072 3073 3123 καὶ
3116 3071 3201 3126 ὅτι
3250 3076 3482 3146 ὲραστδς
3508 3082 3565 3135 ὲν

1915 3179 1960 3239 c
1992 3147 2215 3220 Χριστῷ
2247 3153 2276 3204 6
2316 3153 2386 3206 τὰ
2428 3156 2612 3221 ἀγαθὰ
2657 3159 2932 3229 πνεύματι
2978 3164 3306 3234 νέμων,’καὶ
3346 3171 3563 3242 ἀγαπη-

1988 3239 2080 3302 τὸς
2113 3244 2140 3294 ό
2170 3242 2368 3300 λαϐὼν.
2405 3242 2538 3302 Εἶτα
2607 3250 2701 3303 καὶ⁵
2754 3254 2879 3316 τοὺς
2925 3254 3205 3323 διακόνους
3260 3239 3563 3329 ἀσπάζεται

1989 3332 2274 3404 πρότερον,
2312 3336 2373 3389 ὲν
2419 3339 2634 3410 ἑκάστῳ
2665 3342 2849 3396 καὶτὸ
2880 3344 3120 3416 ὠράριον
3157 3352 3560 3421 ἀσπαζόμενος,

1989 3423 2207 3488 δεικνὺς
2251 3427 2347 3480 καὶ
2395 3430 2561 3483 οἱονεὶ
2627 3432 2822 3500 λέγων,
2865 3436 2948 3490 ὅτι
2993 3439 3092 3493 Διὰ
3139 3441 3329 3498 τούτου
3360 3446 3422 3515 δὴ
3462 3448 3559 3502 τοῦ

1991 3515 2337 3584 χαρίσματος
2364 3518 2495 3588 ὑμῖν
2522 3521 2766 3593 ὴνώϐην,
2796 3529 2889 3581 καὶ
2916 3530 3194 3603 ὁμοταγὴς
3216 3535 3438 3603 γέγονα,
3466 3541 3557 3591 καὶ

1985 3605 2048 3657 ἓν
2097 3609 2214 3678 εἰμι
2249 3610 2367 3679 μεθ’
2414 3613 2590 3681 ὑμῶν,
2638 3620 2733 3671 καὶ
2786 3621 2885 3689 τῆς
2929 3622 3103 3694 αὐτῆς
3148 3626 3278 3695 ὑμῖν
3325 3632 3553 3696 τάξεως.

1987 3698 2051 3750 Οἱ
2084 3699 2142 3753 δὲ
2184 3701 2382 3769 φθόνου
2420 3706 2587 3774 χωρὶς
2616 3708 2676 3762 ὲν
2713 3709 2904 3784 ἀγάπῃ
2953 3717 3393 3784 ἀντασπάζονται
3427 3723 3555 3780 τοῦ-

1985 3807 2098 3855 τον,
2135 3794 2229 3846 καὶ
2252 3796 2479 3865 ἐρασταὶ
2526 3799 2620 3851 τοῦ
2664 3803 2974 3872 ὁμοταγοῦς
3008 3811 3105 3863 καὶ
3153 3811 3430 3884 ἀγαπητοὶ
3460 3820 3559 3876 καὶ

1985 3884 2312 3952 ἀγαπῶντες
2352 3891 2413 3944 ὲν
2458 3891 2733 3963 πνεύματι
2761 3896 3099 3957 δείκνυνται.
3127 3902 3315 3969 Οὕτως
3344 3905 3440 3963 οὖν
3467 3928 3558 3965 τε-

1983 3977 2231 4043 λειωθεὶς
2281 3982 2310 4035 6
2354 3983 2622 4052 διάκονος,
2658 3989 2795 4057 πρὸς
2828 3992 2888 4044 τὸ
2936 3992 3294 4063 ἐξυπηρετεῖν
3315 4000 3552 4066 ἵσταται,

1983 4068 2044 4123 τὸ
2077 4072 2316 4141 ῥιπίδιον
2374 4078 2620 4148 κατέχων
2645 4083 2709 4150 τῇ
2735 4084 2900 4153 χειρὶ,
2932 4086 3038 4149 ἕως
3069 4080 3130 4141 οὗ
3182 4090 3440 4159 ὑψωοῶσι
3483 4098 3551 4151 τὰ

1985 4160 2136 4230 ἅγια.
2170 4165 2304 4219 Τότε
2335 4166 2393 4221 δὲ
2423 4168 2606 4241 τίθησι
2638 4171 2794 4227 τοῦτο
2820 4175 2918 4242 τῆς
2951 4176 3257 4247 ὑπηρεσίας
3285 4185 3554 4239 τελεσθεί-

1986 4270 2105 4325 σης·
2134 4257 2356 4329 ἔρχεται
2397 4261 2503 4332 γὰρ
2539 4263 2571 4331 ἡ
2601 4266 2879 4321 κοινωνία.
2917 4268 3010 4322 Διδ
3044 4271 3254 4326 καὶτοῦ
3294 4273 3546 4347 ίεράρχου

1986 4349 2210 4401 καὶτῶν
2241 4351 2434 4420 ἱερέων
2467 4357 2872 4425 μετασχόντων,
2912 4360 3007 4413 καὶ
3050 4361 3206 4425 οὗτος
3238 4366 3356 4433 μετ’
3385 4370 3546 4422 εὐλα-

1986 4436 2138 4501 ϐείας
2172 4442 2487 4510 προσελθὼν
2548 4449 2652 4514 πρὸ
2701 4450 2904 4513 παντὸς
2943 4450 3105 4504 ἄλλοι)
3154 4454 3422 4523 διακόνου,
3458 4460 3548 4512 τὶν

312 4523 360 4566 rt
388 4514 632 4571 divinum
661 4534 877 4588 panem,
911 4527 1156 4583 utmuris
1177 4535 1263 4581 est
1287 4528 1559 4591 diaconis,
1595 4543 1760 4582 manu
1811 4530 1878 4584 ab

1992 4530 2127 4583 θεῖον
2160 4532 2324 4601 ἄρτον
2370 4535 2639 4604 λαμϐάνει
2674 4538 2848 4607 παρά
2877 4542 2972 4596 τοῦ
2999 4545 3254 4615 ἱεράρχου
3283 4552 3347 4616 τῇ
3381 4514 3546 4621 χειρὶ,

306 4606 567 4678 episeopo
621 4612 839 4682 accipit,
869 4623 924 4671 et
952 4617 1142 4675 ealieis
1176 4618 1385 4688 aliquid
1438 4619 1599 4672 labiis
1627 4620 1879 4690 degustat

1992 4621 2056 4684 ὥς
2085 4622 2209 4685 ἔθος
2259 4627 2368 4689 τοῖς
2403 4628 2694 4695 διακόνοις,
2727 4606 2820 4685 καὶ
2855 4635 2949 4687 τοῦ
2985 4606 3249 4707 ποτηρίου
3298 4606 3412 4703 τ’ὸῑξ
3438 4606 3548 4710 χιείζ

307 4705 432 4750 ante
476 4713 669 4757 omnes
728 4703 904 4771 alios;
968 4722 1080 4775 pra:
1129 4710 1341 4762 cancris
1394 4708 1635 4763 enimut
1688 4725 1878 4766 recens

1992 4715 2097 4762 lect
2157 4714 2265 4783 πρὸ
2312 4717 2421 4769 τῶν
2468 4718 2644 4775 ἄλλων
2679 4720 2798 4785 ’ὡς
2849 4722 2977 4793 ἄρτι
3025 4703 3544 4799 γὰρ’καθιερωθεὶς,

305 4798 661 4846 consecratus
720 4793 1022 4849 honoratur
1072 4806 1295 4866 propter
1321 4797 1523 4853 divinae
1580 4801 1768 4870 gratia:
1820 4804 1873 4857 in

306 4874 425 4945 ipso
456 4879 860 4940 innovationem
894 4896 947 4942 et
982 4890 1476 4947 consecrationem.

798 4998 1028 5055 CAPUT
1069 4976 1367 5058 CLXXVI.

307 5082 481 5147 Quare
511 5090 791 5153 diaconus,
828 5106 920 5144 nec
954 5107 1057 5145 non
1076 5095 1357 5163 presbyter
1382 5106 1584 5163 septem
1613 5097 1723 5155 dies
1748 5116 1871 5156 con-

619 5162 791 5213 tinuos
814 5177 968 5214 sacro
1003 5162 1167 5229 oﬂ‘icio
1201 5162 1556 5235 perfungimr.

377 5245 441 5299 Et
464 5257 671 5314 septem
700 5249 897 5303 diebus
922 5252 1204 5307 continuis
1236 5267 1362 5308 cum
1390 5264 1675 5315 sacerdote
1708 5262 1873 5315 mini-

304 5346 463 5402 strat,
506 5348 620 5393 tum
677 5341 747 5395 ob
799 5340 1119 5396 honoranda
1158 5344 1397 5413 Spiritus
1427 5351 1668 5419 gratuita
1700 5354 1867 5421 dona,

303 5438 416 5481 tum
454 5438 511 5482 nt
554 5430 736 5498 operis
782 5432 1023 5487 habitum
1073 5439 1408 5508 contrahat,
1450 5451 1563 5497 tum
1601 5446 1766 5500 etiam
1803 5461 1871 5501 ne

303 5519 472 5572 divini
504 5522 687 5588 operis
709 5523 890 5592 aliqua
922 5524 1014 5577 ﬁat
1048 5525 1382 5599 interruptio
1412 5533 1622 5604 integra
1651 5537 1866 5591 dierum

304 5608 663 5676 hebdomade,
697 5628 814 5682 qua:
847 5625 1151 5683 prescntem
1180 5630 1422 5676 nostram
1458 5625 1622 5679 vitam
1660 5627 1869 5697 signiti-

300 5714 382 5754 rat
410 5702 841 5770 septimanarum
877 5722 1026 5762 more
1050 5721 1488 5779 prmtereuntem,
1511 5718 1685 5787 inqua
1729 5719 1865 5772 inte—

298 5805 388 5855 μω
422 5791 511 5844 Dei
542 5806 677 5857 opus
738 5796 1112 5855 indesinenter
1152 5801 1333 5859 facere
1386 5805 1672 5861 dClJCllluS.
1727 5809 1857 5863 Nam

1980 4806 2318 4872 προτιμᾶται
2350 4806 2441 4860 διὰ
2472 4809 2565 4862 τὸν
2600 4811 2658 4862 ἐν
2690 4811 2841 4882 αὐτῷ
2884 4815 2982 4883 τῆς
3010 4814 3160 4880 Θείας
3192 4818 3545 4889 ὲγκαινισμὸν

1979 4892 2224 4964 χάριτος.

2406 5009 2563 5081 147
2622 5013 2875 5068 ΚΕΦΛΛ.
2931 5016 3114 5083 Ροεῖο.

1977 5100 2150 5181 Arati
2186 5087 2584 5181 ξπτὰἡμᾷρας
2615 5104 3014 5181 ἀδιαζλείπτως
3048 5111 3082 5163 ό
3108 5112 3544 5181 χειροτονηθεὶς

2114 5170 2395 5236 διάκονος
2426 5175 2781 5242 λειτουργεῖ,
2822 5179 2919 5230 καὶ
2975 5170 3401 5248 πρεάῖὖτερος.

2045 5264 2158 5317 Καὶ
2201 5266 2295 5317 ἐπὶ
2332 5265 2550 5335 ἡμέρας
2579 5267 2635 5320 δὲ
2682 5268 2825 5327 ἑπτὰ
2860 5273 3104 5341 συνεχῶς
3137 5274 3235 5327 σὺν
3281 5276 3359 5345 τῷ
3410 5278 3546 5348 ἱερεῖ

1973 5355 2286 5426 λειτουργεῖ
2310 5358 2403 5410 καὶ
2424 5357 2512 5410 διὰ
2542 5359 2642 5429 τὴν
2683 5361 2853 5431 τιμὴν
2884 5362 2992 5416 τῶν
3038 5367 3401 5436 χαρισμάτων
3445 5370 3541 5424 τοῦ

1976 5448 2319 5518 Πνεύματος,
2358 5451 2458 5504 καὶ
2483 5450 2560 5513 ὡς
2587 5450 2652 5504 ἂν
2704 5454 2784 5515 είς
2809 5452 2922 5517 ἓξιν
2946 5454 3075 5527 ἔλθῃ
3107 5456 3200 5510 τοῦ
3231 5456 3419 5527 ἔργου,
3448 5461 3542 5513 καὶ

1971 5531 2060 5593 ἵνα
2113 5541 2189 5609 μὴ
2223 5541 2457 5612 διακοπὴ
2521 5559 2607 5605 τις
2659 5545 2752 5596 τοῦ
2792 5545 2937 5599 Θείου
2993 5546 3157 5619 ἔργου
3191 5551 3417 5619 γένηται
3473 5554 3537 5620 τῇ

1972 5631 2230 5699 ἑϐδομάδι
2276 5631 2386 5684 τῶν
2439 5634 2686 5704 ἡμερῶν,
2719 5636 2845 5706 ἥτις
2901 5637 3053 5707 δηλοί
3105 5642 3205 5710 τὴν
3256 5641 3538 5711 παροῦσαν

1971 5720 2348 5790 ἐδδοματικῶς
2381 5722 2735 5792 διερχομένην
2760 5725 2917 5794 ἡμῶν
2936 5727 3109 5798 ζωὴν,
3141 5730 3199 5781 ἐν
3229 5723 3262 5805 ᾖ
3295 5730 3443 5801 πάσῃ
3477 5732 3538 5783 τδ

1970 5811 2128 5879 ἔργον
2162 5812 2256 5864 τοῦ
2293 5812 2428 5865 Θεοῦ
2479 5814 2838 5880 ἀδιαλείπτως
2875 5822 3050 5873 ποιεῖν
3085 5820 3393 5890 ὀφείλομεν.
3442 5821 3531 5879 Ἐν
