4078 6440
398 325 506 390 385

1437 318 1532 378 DE
1577 319 1845 378 SACRIS
1882 316 2590 378 ORDINATIONIBUS.

3562 306 3670 380 386

398 438 508 506 γάρ
537 436 616 506 τῷ
651 437 902 507 μέλλοντι
929 436 1026 506 μία
1074 436 1227 488 ἔσται
1257 434 1347 486 καὶ
1372 432 1654 499 esteem,-
1687 433 1718 501 ἡ
1754 431 1938 501 ήμέρα
1961 467 1976 491 ,

2089 430 2141 483 in
2178 429 2366 484 futuro
2402 441 2510 484 una
2542 439 2624 484 est
2665 436 2718 484 et
2753 431 3108 486 successione
3140 445 3336 486 carens
3363 429 3501 496 dies,
3561 446 3668 486 una

395 532 492 584 καὶ
513 531 606 585 τοῦ
640 531 788 584 θείου
820 532 984 600 ἔργου
1019 529 1215 598 τελετὴ
1257 528 1354 597 μία
1395 527 1491 579 καὶ
1526 526 1974 600 ἀκατάπαυστος.

395 623 505 678 Καὶ
530 622 674 678 οὕτω
711 622 812 692 μὲν
859 622 1098 675 τελεῖται
1136 623 1170 690 ἠ
1200 620 1295 673 τοῦ
1347 619 1601 672 διακόνου
1648 614 1975 686 χειροτονία.

945 799 1202 853 ΚΕΦΑΛ.
1221 799 1413 853 .ΡΟΖ’.

786 890 927 958 Περὶ
986 889 1094 943 τοῦ
1141 889 1581 956 πρεσϐυτέρου.

465 981 572 1038 Τοῦ
599 982 977 1054 πρεσϐυτέρου
1005 981 1085 1046 δὲ,
1107 981 1165 1044 ὃς
1196 980 1292 1033 καὶ
1314 979 1626 1042 τελεστικὸς
1649 979 1976 1048 ὀνομάζεται

394 1077 546 1144 παρὰ
579 1074 674 1126 τοῦ
705 1073 850 1126 θείου
885 1072 1195 1136 Διονυσίου,
1237 1072 1313 1134 ὡς
1347 1071 1607 1133 πολλάκις
1641 1073 1973 1140 εἰρήκαμεν,

394 1167 483 1219 διὰ
513 1166 570 1218 τὸ
601 1165 698 1228 τὰς
731 1164 953 1227 τελετὰς
995 1164 1263 1234 ἐνεργεῖν,
1296 1157 1409 1216 οἷον
1439 1163 1538 1231 τὴν
1574 1163 1891 1228 κοινωνίαν,
1917 1162 1978 1214 τὸ

397 1256 702 1327 βάπτισμα,
737 1256 951 1319 καὶτὰς
983 1255 1318 1325 προσευχὰς,
1344 1255 1405 1308 οὺ
1445 1254 1554 1325 μὴν
1589 1254 1646 1306 δὲ
1670 1256 1774 1325 τὴν
1812 1272 1978 1325 μετα-

395 1349 614 1420 δοτικὴν
644 1349 790 1418 ἔχειν
820 1351 1001 1419 χάριν,
1037 1348 1146 1402 οὐδ’
1193 1348 1355 1401 ἄλλον
1377 1347 1553 1402 τελεῖν
1611 1348 1767 1418 ἱερέα
1819 1346 1977 1400 δύνα-

395 1450 546 1508 σθαι,
599 1444 774 1508 οὕτως
831 1446 1040 1500 ἄνωθεν
1100 1445 1426 1514 ἐνεργεῖται.
1477 1442 1826 1506 Ἐξετάζεται
1878 1442 1978 1495 καὶ

391 1532 543 1601 οὗτος
573 1537 726 1606 παρὰ
754 1536 848 1590 τοῦ
888 1538 930 1589 ίε
945 1537 1149 1608 ράρχου
1195 1536 1326 1606 περί
1359 1553 1418 1588 τε
1456 1534 1576 1606 βίου
1610 1535 1707 1588 καὶ
1747 1534 1974 1605 χρόνου.

947 1711 1202 1766 ΚΕΦΑΔ.
1239 1712 1420 1766 ΡΟΗ’.

393 1823 556 1876 Διατί
583 1822 904 1890 τριάκοντα
961 1824 1201 1894 χρόνων
1257 1823 1683 1895 χειροτονεῖται
1715 1828 1975 1895 πρεσϐύ-

1083 1912 1276 1963 τερος.

463 1987 773 2058 Τριάκοντα
809 1988 867 2042 δὲ
899 1985 1062 2051 οὗτος
1099 1989 1305 2057 ὀφείλει
1366 1981 1506 2044 εἶναι
1552 1989 1709 2046 ἐτῶν.
1741 1991 1832 2044 Διὸ
1886 1991 1979 2044 καὶ

395 2083 773 2155 πρεσϐύτερος
809 2084 1166 2154 ὀνομάζεται,
1194 2082 1271 2147 ὡς
1311 2083 1407 2136 τὸν
1445 2083 1734 2138 νεανίσκον
1768 2085 1976 2154 ὑπερα-

392 2177 582 2242 ναὸὰς,
615 2178 710 2229 καὶ
749 2176 836 2228 τὸν
869 2174 1108 2244 Χριστὸν
1142 2177 1208 2246 τῇ
1238 2174 1430 2246 ἡλικίᾳ
1471 2175 1836 2245 μιμούμενος.
1867 2178 1977 2229 Καὶ

394 2269 558 2331 αὐτὸς
584 2268 694 2338 γὰρ
744 2269 1018 2322 διδάσκειν
1059 2266 1394 2338 ἀρξάμενος,
1428 2269 1570 2338 μετὰ
1597 2269 1658 2320 τὸ
1695 2267 1884 2322 λαϐεῖν
1919 2269 1980 2322 τὸ

398 2361 680 2430 Βάπτισμα
729 2362 824 2414 καὶ
873 2361 974 2430 τὴν
1027 2363 1092 2414 ἐκ
1130 2361 1225 2414 τοῦ
1282 2362 1498 2431 Πατρὶς
1555 2363 1869 2434 μαρτυρίαν
1922 2365 1978 2416 ἐν

398 2454 698 2522 Πνεύματι,
729 2451 756 2504 ὃ
784 2450 849 2523 δὴ
881 2451 973 2504 καὶ
997 2452 1073 2513 ὡς
1103 2452 1412 2521 χειροτονία
1443 2447 1511 2522 ἦν
1545 2452 1699 2522 παρὰ
1728 2451 1823 2504 τοῦ
1872 2453 1979 2504 Πα-

397 2546 550 2614 τρὸς,
601 2564 620 2596 ι
655 2546 956 2614 τριάκοντα
999 2539 1070 2614 ἦν
1114 2543 1253 2598 ἐτῶν
1304 2545 1629 2614 ἀρχόμενος,
1669 2563 1685 2594 ι
1723 2543 1978 2615 καθάπερ

396 2639 597 2707 γράφει
652 2640 890 2702 Λουκᾶς.
936 2637 1047 2691 Καὶ
1090 2633 1242 2700 οὗτος
1289 2635 1468 2690 τοίνυν
1512 2640 1576 2707 τῇ
1617 2637 1805 2708 ἡλικία
1837 2633 1977 2691 εἶναι

398 2728 601 2796 {mihi
637 2728 866 2796 τέλειος,
916 2729 998 2782 ὅτι
1045 2731 1140 2781 καὶ
1189 2729 1368 2796 ἱερεὺς
1398 2711 1662 2794 Χριστοῦ,
1708 2727 1803 2779 καὶ
1835 2727 1979 2782 διδά-

398 2821 618 2888 σκαλος,
655 2821 750 2876 καὶ
790 2820 1046 2892 τελεστὴς
1081 2819 1188 2873 τῶν
1224 2818 1385 2873 θείων
1411 2818 1762 2872 καθίσταται.

964 3001 1214 3056 ΚΕΦΛΛ.
1245 3000 1412 3055 ΡΟΘ’.

794 3096 1137 3164 Χειροτονία
1161 3093 1598 3162 πρεσϐυτέρου.

467 3189 859 3260 Μαρτυρηθεὶς
897 3185 992 3242 οὖν
1035 3189 1135 3240 καὶ
1185 3187 1349 3250 αὐτὸς
1398 3186 1507 3239 ὑπὸ
1560 3185 1978 3257 πρεσϐυτέρων,

397 3284 492 3336 καὶ
526 3283 709 3345 ἱκανὸς
733 3281 869 3353 πρὸς
893 3282 953 3333 τὸ
974 3281 1137 3351 ἔργον
1160 3279 1431 3348 ὲκλεγεὶς,
1461 3280 1802 3358 προσάγεται
1829 3279 1979 3355 τιτλεΔ

400 3377 613 3446 σθῆναι.
663 3377 773 3429 Καὶ
827 3377 1265 3446 προηγουμένως
1317 3377 1374 3426 ἐν
1406 3376 1470 3443 τῇ
1523 3373 1784 3442 προθέσει
1814 3374 1980 3444 ἄρτος

395 3469 649 3539 δεύτερος
683 3469 740 3520 ὲν
785 3470 853 3538 τῇ
903 3468 1249 3538 προσκομιδῇ
1305 3464 1761 3535 προσκομίζεται,
1793 3464 1864 3527 ὡς
1914 3467 1980 3519 ἂν

396 3564 584 3617 τοῦτον
639 3563 860 3634 δέξηται
919 3566 1042 3625 ταῖς
1128 3560 1288 3630 χερσὶ
1348 3558 1752 3629 χειροτονηθείς
1784 3575 1799 3590 ο
1860 3556 1982 3611 εἶτα

400 3655 817 3728 ίερουργοῦντος
881 3655 975 3707 τοῦ
1028 3654 1341 3722 ίεράρχου,.
1379 3649 1821 3720 συλλειτουργῶν
1883 3651 1981 3702 καὶ

398 3748 559 3811 αὐτὸς
586 3747 654 3799 τὰ
679 3745 775 3799 τοῦ
801 3744 1191 3815 ἀρχιδιακόνου
1215 3742 1380 3796 τελεῖ.
1416 3741 1526 3795 Καὶ
1557 3742 1619 3795 τὸ
1641 3741 1981 3810 Εὐαγγέλιον

396 3841 565 3908 λέγει,
622 3839 878 3906 εὐλογίαν
929 3836 1242 3907 δεχόμενος.
1295 3835 1407 3888 Καὶ
1461 3834 1554 3886 τὸν
1612 3833 1756 3885 θεῖον
1815 3834 1981 3902 ἄρτον

397 3933 492 3986 ἐπὶ
527 3931 771 4000 κεφαλῆς
801 3933 861 3982 ἐν
891 3932 956 3999 τῇ
993 3928 1208 4000 μεγάλῃ
1244 3929 1402 3998 φέρει
1433 3926 1646 3996 εἰσόδῳ,
1679 3926 1755 3990 ὡς
1785 3927 1854 3980 τά
1879 3927 1981 3995 τῆς

397 4023 670 4085 διακονίας
701 4021 1010 4084 ἀποδιδούς.
1067 4019 1190 4074 Τῶν
1225 4019 1393 4072 θείων
1425 4016 1520 4072 οὖν
1566 4018 1756 4088 δώρων
1797 4019 1981 4070 τεθέν-

397 4134 528 4182 των,
559 4116 778 4170 καὶτοῦ
815 4113 1336 4183 καταπετάσματος,
1366 4111 1394 4164 ὂ
1450 4111 1603 4165 ἐστιν
1631 4111 1659 4163 ὁ
1693 4111 1822 4181 ἀὴρ,
1857 4110 1980 4179 ἦτοι

397 4213 425 4264 ὁ
459 4212 654 4280 ἀμνὸς,
695 4210 985 4278 κάθηταιὸ
1009 4204 1305 4278 ἀρχιερεύς
1333 4221 1346 4236 ·
1381 4204 1475 4256 καὶ
1511 4205 1774 4259 ἅπτονται
1799 4204 1979 4272 φῶτα,

399 4305 496 4376 τὴν
537 4303 750 4372 λάμψιν
780 4301 1050 4372 δηλοῦντα.
1100 4301 1196 4354 καὶ
1228 4297 1566 4367 φωτοδοσίαν
1596 4297 1696 4364 τῆς
1733 4297 1978 4366 χάριτος.

401 4399 512 4451 Καὶ
535 4392 690 4460 οὗτος
734 4397 762 4449 ὁ
793 4377 1271 4466 χειροτονηθῆναι’
1310 4391 1518 4460 μέλλων
1551 4391 1658 4442 ὑπὸ
1687 4389 1978 4453 διακόνων,

2002 3107 2050 3173 C

2088 536 2306 590 quoque
2360 531 2412 575 et
2476 522 2801 578 indeiiciens
2835 523 3004 578 divini
3036 523 3222 592 operis
3291 521 3556 592 perfectio
3613 533 3671 576 et

2087 613 2512 669 consummatio.
2554 611 2670 669 Hoc
2713 615 2874 670 modo
2921 615 3202 684 perlicitur
3251 612 3468 669 diaconi
3523 613 3670 669 ordi-

2088 705 2257 759 natio.

2575 797 2805 854 CAPUT
2859 797 3163 853 CLXXVII.

2658 892 2732 944 De
2764 891 3084 961 presbytero.

2159 983 2470 1054 Presbyter,
2503 985 2598 1054 qui
2636 1000 2665 1038 a
2700 985 2961 1054 Dionysio
2994 984 3274 1039 telesticus
3309 984 3425 1039 sive
3461 995 3666 1055 mystc-

2087 1074 2296 1126 riorum
2332 1082 2590 1142 operator
2642 1081 2888 1139 vocatur,
2937 1083 2993 1125 ut
3040 1070 3240 1139 smpius
3272 1070 3534 1136 diximus,
3603 1087 3662 1124 ce

2087 1168 2232 1235 quod
2265 1167 2524 1237 mysteria
2579 1166 2904 1222 conﬁciendi
2938 1167 3198 1220 virtutem
3246 1165 3462 1228 habeat,
3501 1165 3664 1218 veluti

2087 1259 2562 1325 communionem,
2620 1258 2954 1327 baptismum
2987 1265 3040 1311 et
3081 1271 3294 1326 preces,
3337 1272 3445 1310 non
3482 1265 3666 1310 tamen

2086 1349 2314 1418 gratiam
2374 1350 2532 1403 istam
2587 1364 2711 1404 cum
2767 1350 2938 1404 altero
3001 1350 3490 1415 communicandi,
3567 1366 3667 1402 ne-

2086 1456 2193 1510 que
2222 1440 2388 1494 alium
2442 1443 2495 1494 in
2559 1444 2933 1511 presbyterum
2997 1444 3392 1507 consecrandi,
3461 1443 3543 1497 sic
3596 1447 3668 1498 ab

2088 1531 2318 1601 antiquo
2350 1539 2590 1587 creatur.
2619 1530 2921 1600 lnquiritur
2953 1532 3019 1587 ab
3041 1533 3296 1601 episcOpo
3344 1532 3410 1587 de
3446 1531 3557 1586 vita
3613 1541 3667 1586 et

2087 1630 2265 1675 aetate.

2573 1712 2808 1770 CAPUT
2841 1712 3168 1769 CLXXVIII.

2089 1825 2266 1892 Quare
2301 1829 2522 1898 triginta
2555 1843 2821 1883 annorum
2866 1839 3022 1885 wtate
3056 1837 3328 1900 presbyter
3360 1832 3662 1887 ordinatim.

2155 1990 2403 2061 Triginta
2432 2001 2612 2048 autem
2648 2006 2930 2048 annorum
2956 2006 3081 2048 esse
3118 1991 3322 2058 debet;
3362 1990 3486 2046 ideo
3546 2009 3670 2060 prn-

2083 2086 2292 2156 sbyter,
2332 2086 2385 2140 id
2420 2095 2524 2152 est,
2572 2085 2761 2141 Senior
2796 2085 3132 2150 nominatur,
3167 2085 3329 2140 veluti
3367 2083 3666 2154 iuvenilem

2081 2187 2297 2234 aetatem
2348 2193 2761 2250 supergressus,
2819 2186 2872 2232 et
2934 2175 3218 2233 Christum
3280 2185 3440 2232 aetate
3485 2179 3671 2243 expri-t

2083 2283 2260 2324 mens.
2327 2267 2452 2339 ipse
2502 2270 2650 2324 enim
2714 2269 2915 2324 docere
2979 2269 3144 2336 coepit
3202 2278 3328 2338 post
3382 2282 3665 2338 acceptum

2084 2362 2443 2432 baptismum,
2473 2362 2865 2432 redditumque
2921 2360 2988 2416 de
3035 2362 3154 2432 ipso
3183 2362 3237 2416 in
3274 2361 3480 2431 Spiritu
3515 2364 3670 2416 testi-

2084 2456 2356 2521 monium,
2383 2455 2477 2524 qui
2513 2454 2661 2510 velut
2691 2453 3056 2508 ordinationis
3083 2469 3112 2505 a
3147 2451 3309 2508 Patre
3343 2453 3515 2508 vicem
3577 2471 3670 2522 ge~

2083 2548 2256 2602 rebat.
2296 2545 2503 2601 Scribit
2554 2547 2700 2602 enim
2756 2545 2974 2600 Lucas:
3010 2565 3028 2598 ι
3064 2546 3127 2599 Et
3187 2546 3302 2616 ipse
3344 2546 3505 2602 Jesus
3548 2554 3669 2602 erat

2082 2638 2354 2707 incipiens
2377 2638 2534 2709 quasi
2562 2653 2832 2692 annorum
2869 2637 3148 2708 triginta.»
3186 2639 3283 2693 ille
3317 2639 3482 2709 igitur
3506 2649 3668 2695 actate

2083 2727 2361 2797 perfectus
2411 2725 2754 2793 essedebet,
2791 2730 3054 2798 quoniam
3099 2729 3310 2785 Christi
3371 2731 3665 2785 constitui-

2083 2830 2174 2875 tur
2195 2822 2477 2887 sacerdos,
2535 2837 2720 2877 rerum
2757 2823 3069 2878 divinarum
3119 2821 3314 2879 doctor
3344 2831 3398 2879 et
3452 2836 3664 2894 mysta-

2083 2927 2278 2984 gogus.

2617 3005 2843 3063 CAPUT
2877 3006 3158 3063 CLXXIX.

2566 3103 2858 3158 Ordinatio
2911 3105 3224 3175 presbyteri.

2157 3193 2560 3251 Testimonium
2618 3198 2785 3267 igitur
2846 3211 2873 3250 a
2927 3196 3263 3266 presbyteris
3305 3195 3570 3262 referens,
3617 3210 3669 3254 et

2084 3289 2316 3344 idoneus
2349 3289 2414 3344 ad
2448 3290 2551 3344 hoc
2586 3305 2725 3360 opus
2756 3290 2972 3344 electus
3023 3289 3322 3343 adducitur
3365 3299 3425 3343 ut
3477 3304 3670 3344 censeo

2084 3392 2290 3438 cretur.
2335 3383 2444 3438 Sed
2477 3393 2635 3437 antea
2693 3382 2972 3437 secundus
3004 3381 3164 3452 panis
3207 3383 3261 3436 in
3298 3396 3486 3436 mensa
3540 3399 3668 3452 pro-

2085 3477 2376 3545 positionis
2439 3476 2493 3529 in
2538 3476 2814 3531 oblatione
2845 3491 2968 3545 quae
3017 3477 3070 3530 in
3109 3491 3171 3530 ea
3220 3475 3298 3541 iit,
3327 3474 3573 3543 oii‘crtur,
3615 3486 3670 3531 ut

2084 3565 2370 3620 ordinatus
2405 3579 2531 3618 eum
2566 3565 2822 3619 manibus
2867 3566 3126 3634 accipiat.
3157 3565 3351 3620 Postea
3385 3581 3539 3620 sacra
3592 3565 3669 3619 fa-

2084 3658 2264 3711 ciente
2297 3656 2558 3725 episcopo
2598 3655 2902 3721 ministrat,
2929 3667 2982 3709 et
3012 3672 3133 3725 quae
3160 3663 3287 3711 sunt
3318 3657 3668 3711 archidiaco-

2086 3751 2137 3803 ni
2172 3747 2322 3816 facit,
2354 3758 2404 3804 et
2446 3757 2673 3818 accepta
2707 3749 3096 3803 benedictione
3124 3749 3482 3820 Evangelium
3515 3751 3665 3819 legit,

2085 3843 2444 3912 divinumque
2476 3856 2672 3911 panem
2712 3855 2878 3908 super
2912 3851 3076 3909 caput
3107 3841 3159 3892 in
3213 3855 3412 3909 magno
3437 3841 3668 3896 introitu

2088 3943 2282 4002 gestat,
2315 3935 2641 3988 diaconatus
2664 3931 2841 3987 otiicio
2864 3933 2942 3986 sic
2971 3933 3224 4000 fungens.
3259 3930 3465 4002 Positis
3502 3933 3670 4004 igitur

2087 4025 2290 4080 divinis
2320 4025 2500 4092 donis,
2533 4033 2586 4079 et
2617 4020 2736 4078 velo
2759 4026 2904 4094 quod
2935 4039 3030 4077 aer
3063 4023 3286 4089 dicitur,
3319 4025 3435 4079 sive
3466 4041 3666 4094 agnus,

2088 4118 2240 4173 sedet
2270 4117 2582 4186 episc0pus,
2638 4125 2695 4170 et
2755 4116 3134 4170 accenduntur
3190 4116 3500 4178 luminaria,
3547 4136 3670 4188 quze

2088 4209 2544 4264 illuminationem
2570 4209 2907 4280 signiﬁcant,
2941 4218 2994 4263 et
3026 4210 3165 4263 lucis
3192 4225 3285 4277 per
3319 4211 3548 4280 gratiam
3573 4213 3669 4264 du-

2089 4299 2387 4353 nationem.
2453 4296 2591 4351 Tutn
2649 4298 2996 4353 ordinandus
3054 4307 3235 4353 tentus
3309 4316 3334 4352 τ]
3395 4301 3668 4361 (Ιίιιςοιιῖδ.

2090 4398 2275 4457 utpote
2310 4391 2512 4458 prioris
2547 4392 2629 4444 sui
2666 4392 2901 4453 ordinis,
2926 4391 3148 4444 ducitur
3186 4408 3362 4459 usque
3390 4393 3456 4447 ad
3485 4411 3669 4449 saeuas

402 4493 500 4560 τῆς
532 4489 757 4560 πρώτης
787 4486 955 4540 αὑτοῦ
991 4485 1202 4550 τάξεως
1249 4481 1518 4551 δηλονότι,
1577 4477 1977 4548 παρακρατού-

2088 4482 2390 4536 sanctuarii
2429 4493 2636 4552 portas.
2696 4481 3045 4538 Demonstrat
3084 4485 3336 4554 equidem
3383 4501 3440 4539 se
3495 4486 3670 4540 adhuc

403 4601 562 4653 μενος
616 4583 843 4651 φέρεται
892 4577 1024 4647 ἄχρι
1075 4576 1171 4628 καὶ
1219 4574 1332 4626 τῶν
1384 4571 1478 4625 τοῦ
1516 4571 1764 4642 βήματος
1815 4569 1978 4639 ἱερῶν

401 4675 611 4741 πυλῶν,
647 4671 1002 4739 δεικνύμενος
1041 4667 1142 4736 μὲν
1192 4665 1286 4718 καὶ
1318 4666 1475 4727 πᾶσι,
1512 4665 1604 4715 καὶ
1627 4662 1702 4724 ὡς
1730 4662 1979 4724 διάκονος

400 4770 479 4821 ἔτι
507 4768 658 4838 παρὰ
691 4765 800 4818 τῶν
823 4762 1112 4833 ὁμοταγῶν
1155 4759 1524 4827 κατεχόμενος
1546 4771 1559 4786 ο
1595 4756 1718 4807 ἐπεὶ
1757 4755 1815 4806 δὲ
1844 4755 1995 4822 Vici--

403 4877 512 4913 σειε
542 4861 640 4923 τάς
669 4857 867 4919 πύλας,
919 4856 1141 4922 ἀφίεται
1196 4852 1293 4921 μὲν
1347 4850 1500 4918 παρὰ
1545 4849 1653 4900 τῶν
1686 4845 1972 4909 διακόνων,

399 4957 522 5007 ἐπεὶ
548 4958 644 5022 τῆς
679 4951 887 5016 τάξεως
921 4948 1134 5000 τούτων
1178 4945 1442 4998 ἐπέκεινα
1472 4943 1683 5011 γίνεται
1712 4959 1724 4972 ·
1763 4941 1979 5009 λαμϐα-

399 5064 550 5101 νουσι
575 5047 632 5098 δὲ
662 5043 852 5097 τοῦτον
887 5041 982 5094 δύο
1023 5039 1132 5093 τῶν
1178 5036 1576 5107 πρεσϐυτέρων
1606 5035 1656 5086 oi
1690 5033 1933 5102 ἔκκριτοι
1962 5071 1976 5095 ,

400 5143 524 5194 ἐπεὶ
547 5139 681 5210 πρὸς
706 5140 805 5209 τὴν
852 5135 1008 5200 τάξιν
1039 5134 1262 5202 ἔρχεται
1292 5130 1522 5183 τούτων.
1558 5127 1666 5180 Καὶ
1696 5127 1792 5179 τοῦ
1821 5129 1978 5196 ἀρχι-

399 5235 650 5287 διακὸνου
701 5234 799 5284 καὶ
832 5226 1039 5280 λοιπῶν
1073 5227 1248 5278 ἄλλων
1285 5221 1719 5292 προηγουμένων
1755 5220 1972 5288 ἱερέων,

401 5328 684 5380 κυκλεῖται
720 5327 816 5377 καὶ
868 5319 1094 5392 χορείαν
1150 5318 1298 5369 ποιεῖ
1349 5317 1474 5384 περὶ
1507 5313 1608 5383 τὴν
1662 5311 1814 5364 θείαν
1841 5313 1976 5382 τρά-

399 5420 569 5484 πεζαν
594 5419 740 5488 τρὶς,
771 5413 1034 5468 συνιστὼν
1074 5412 1169 5463 καὶ
1220 5410 1378 5471 αὐτὸς
1430 5406 1651 5478 χορείαν
1689 5405 1844 5475 ἱερὰν
1875 5406 1976 5471 ἁγ-

398 5513 573 5580 γὲλων
598 5512 693 5564 καὶ
728 5507 939 5579 ἱερέων·
970 5505 1066 5558 καὶ
1087 5504 1207 5575 τρὶς
1239 5502 1448 5573 ταύτην
1480 5503 1644 5564 τελεῖ,
1677 5500 1776 5569 τὴν
1808 5499 1975 5568 Τριά-

395 5607 460 5658 δα
485 5601 804 5670 δοξολογῶν,
843 5598 969 5661 τοὺς
994 5596 1185 5665 ἁγίους
1219 5597 1509 5666 μάρτυρας
1539 5591 1970 5660 ἐκκαλούμενος,

394 5699 807 5768 ἀγωνισάμενος
836 5697 931 5749 καὶ
965 5694 1129 5755 αὐτὸς
1173 5693 1230 5743 ὲν
1261 5687 1487 5760 Χριστῷ
1519 5686 1613 5738 καὶ
1663 5683 1969 5753 ὲναθλήσας

394 5796 459 5864 τῇ
479 5792 725 5861 πολιτείᾳ
747 5792 836 5845 διὰ
862 5787 1104 5861 Χριστόν
1127 5803 1142 5819 ο
1169 5785 1262 5840 καὶ
1284 5785 1312 5836 ὁ
1335 5780 1567 5852 Χριστος
1599 5779 1964 5849 δοξολογείται

2092 4575 2387 4629 diaconum
2419 4590 2564 4641 esse,
2615 4591 2736 4629 cum
2772 4576 2840 4630 ab
2880 4575 3183 4645 aequalibus
3226 4585 3494 4631 teneatur.
3533 4578 3668 4631 Cum

2092 4681 2220 4720 vero
2250 4669 2562 4736 pervenerit
2595 4667 2661 4721 ad
2712 4679 2919 4735 portas,
2954 4685 2980 4720 a
3022 4669 3272 4723 diacdnis
3305 4671 3528 4738 quidem
3585 4673 3670 4722 di.

2093 4759 2349 4825 mittitur,
2373 4775 2437 4813 eo
2463 4758 2605 4829 quod
2645 4761 2788 4813 ultra
2829 4776 3018 4814 eorum
3054 4762 3302 4814 ordinem
3348 4777 3664 4829 promovea-

2091 4860 2202 4903 tnr.
2235 4849 2412 4919 Ipsum
2441 4861 2621 4905 autem
2650 4852 2956 4920 suscipiunt
2978 4851 3087 4904 duo
3109 4869 3135 4902 e
3165 4851 3499 4921 presbyteris
3534 4870 3666 4918 pini:-

2088 4943 2254 5006 c‘pni,
2291 4944 2415 5010 quia
2449 4943 2513 4996 ad
2543 4958 2728 4995 cetum
2756 4943 3002 4995 ordinem
3064 4943 3330 5007 procedit.
3380 4941 3641 4995 Archidia

2092 5050 2234 5085 (uili)
2270 5044 2456 5085 autem
2497 5045 2547 5086 et
2578 5035 2793 5086 czeteris
2847 5031 3229 5086 sacerdotibus
3295 5035 3666 5100 pra‘cuntihus

2091 5133 2174 5178 ter
2199 5125 2455 5178 circumit
2489 5131 2542 5177 et
2566 5123 2822 5177 chorcam
2856 5122 2989 5175 facit
3035 5121 3183 5175 circa
3221 5121 3459 5174 divinam
3515 5137 3660 5175 meno

2088 5232 2225 5280 sam,
2262 5214 2521 5284 efﬁngens
2561 5214 2676 5284 ipse
2706 5221 2758 5268 et
2812 5214 3206 5284 commendans
3246 5215 3566 5284 angelorum
3614 5223 3672 5268 et

2088 5308 2444 5362 sacerdotum
2494 5305 2779 5360 chor'eam.
2832 5303 2939 5358 Ter
3022 5283 3202 5358 aufem
3259 5319 3379 5359 eam
3421 5305 3660 5371 coniicit_

2087 5400 2410 5454 Trinitatem
2442 5397 2697 5452 laudibus
2722 5397 3035 5460 celebrans,
3057 5407 3367 5452 et'sanctos
3395 5407 3666 5467 martyres

2087 5499 2374 5560 invocans,
2409 5496 2522 5563 ipse
2573 5509 2793 5564 quoque
2828 5493 3022 5563 agonis
3074 5492 3129 5546 in
3167 5493 3387 5547 Christo
3417 5493 3654 5547 dccel'lt-

2087 5602 2209 5656 tor;
2245 5599 2298 5643 et
2349 5598 2572 5657 propter
2621 5587 2901 5642 Christum
2960 5587 3014 5640 in
3068 5585 3327 5641 Ecclesia:
3373 5585 3567 5654 discipi
3598 5602 3666 5638 ua

2089 5683 2259 5736 multa
2288 5695 2510 5750 passus.
2547 5680 2836 5736 Postremo
2867 5680 3122 5736 Christus
3145 5678 3422 5742 laudatur,
3449 5685 3507 5731 ut
3533 5694 3578 5744 a;
3604 5695 3667 5729 o-

2087 5775 2354 5834 stolorum
2390 5773 2673 5845 gaudium,
2713 5783 2766 5830 et
2808 5775 3140 5831 athletarum
3203 5774 3317 5829 sive
3352 5770 3659 5827 ἀπετίμω-
