4078 6418
344 282 450 344 387

1173 274 1556 337 SYMEONIS
1587 270 2344 334 TIIESSALONICENSIS
2380 272 2742 337 ARCHIEP.

3499 276 3603 342 388

346 409 467 449 rum
490 394 781 450 exsultatio
810 408 823 445 :
856 407 1089 461 quorum
1134 392 1454 461 pradicatio
1508 402 1627 445 erat
1684 390 1925 447 Trinitas

2037 380 2361 452 τελευταῖον,
2392 389 2501 441 τῶν
2532 389 2850 442 ἀποστόλων
2881 389 2954 453 ὡς
2991 390 3278 461 καύχημα,
3311 394 3408 447 καὶ
3435 394 3604 466 ἀθλη-

346 483 825 540 consubstantialis
847 498 966 553 quae
994 498 1185 539 omnes
1207 482 1498 554 gloriﬁcat.

417 664 509 718 Sic
535 664 677 718 facta
715 661 915 718 chorea
964 668 1019 715 et
1059 660 1253 714 altaris
1279 657 1539 722 circuitu,
1579 656 1873 710 adducitur
1897 670 1925 707 a

347 758 683 828 presbyteris
730 757 877 811 velut
920 754 1152 820 electus,
1190 760 1245 807 et
1291 751 1359 805 ad
1409 749 1653 805 divinum
1692 760 1829 816 opus
1876 753 1929 796 ct

345 852 614 919 gratiam,
641 856 911 918 quantum
941 845 1203 916 possibile
1228 851 1338 906 est,
1381 841 1617 897 idoneus
1657 844 1923 906 repertus.

349 946 653 1013 Episcopus
678 950 860 996 autem
893 938 1146 992 alacriter
1183 935 1379 1002 surgit.
1410 932 1528 987 Non
1561 928 1707 984 enim
1737 926 1928 981 tardus

347 1048 432 1093 est
464 1040 611 1092 circa
667 1034 760 1089 Dei
817 1032 982 1095 dona,
1030 1030 1123 1086 sed
1187 1034 1522 1098 praeparatus
1588 1031 1644 1076 et
1682 1022 1929 1092 gaudens

348 1127 535 1181 statim
566 1125 749 1195 signat
779 1119 1068 1176 ordinandi
1108 1127 1293 1186 caput,
1328 1114 1599 1184 primitias
1616 1111 1922 1166 ordinatio.

349 1221 436 1274 nis
504 1234 600 1289 per
653 1215 845 1285 triplex
914 1213 1094 1266 crucis
1162 1207 1508 1278 signaculum
1590 1205 1915 1272 decerpens.

348 1307 911 1366 Deimleordiuaudus
941 1302 1128 1357 ambos
1156 1300 1325 1370 pedes
1343 1298 1517 1353 ﬂectit
1543 1304 1769 1365 prapter
1806 1308 1920 1348 ser-

348 1406 591 1469 vitutem"
614 1407 669 1454 ct
701 1398 765 1453 ad
803 1396 975 1451 Deum
1004 1405 1287 1447 accessum
1317 1406 1330 1442 :
1384 1396 1743 1444 consecratur
1780 1384 1929 1438 etaim

348 1498 415 1554 all
449 1495 680 1563 majora.
715 1489 988 1557 Quoniam
1026 1493 1209 1539 autem
1240 1482 1395 1551 prius
1442 1480 1769 1534 diaconatus
1804 1491 1931 1547 gra-

351 1595 479 1645 tiam
513 1583 779 1653 suscepit,
815 1589 869 1633 et
893 1578 1148 1631 minister
1177 1583 1484 1637 erat,nunc
1508 1585 1640 1626 vero
1668 1569 1932 1624 sacerdos

349 1679 673 1738 etinitiator
713 1684 996 1729 sacrorum
1029 1665 1443 1735 mysteriorum,
1488 1669 1543 1718 et
1594 1662 1931 1723 orationum,

350 1784 406 1828 ct
436 1766 808 1841 baptismatis,
840 1770 896 1818 et
958 1760 1213 1815 sacriﬁcii
1256 1755 1637 1817 constituitur,
1692 1752 1926 1807 frontem
1966 1736 2004 1793 Β

352 1862 509 1917 altari
560 1856 789 1927 imponit
816 1860 870 1909 et
899 1853 1050 1908 velut
1078 1849 1264 1918 alligit.
1292 1848 1482 1902 Altare
1511 1846 1657 1900 enim
1689 1852 1775 1899 est
1805 1859 1928 1914 gra-

351 1958 442 2008 tiae
474 1951 745 2006 donorum
774 1946 1093 2001 thesaurus.
1135 1941 1446 2012 Episc0pus
1479 1948 1660 1994 autem
1702 1952 1926 2012 manum

352 2046 640 2111 imponens
671 2039 810 2110 (ipsa
834 2048 921 2093 est
949 2035 1096 2090 enim
1119 2031 1582 2089 communicativa
1608 2008 1927 2084 donationis

353 2132 525 2189 divini
586 2128 898 2190 sacerdotii,
952 2134 1008 2180 ct
1060 2125 1305 2178 imitatur
1353 2121 1808 2191 omnipotentem,
1874 2127 1931 2173 ct

354 2225 540 2279 omnia
579 2229 918 2290 Operantcm,
978 2222 1378 2286 protegentem,
1411 2212 1708 2280 omniaque
1752 2209 1929 2279 inspi-

355 2315 591 2370 cientem
617 2320 669 2366 et
694 2311 1068 2366 moderantem
1097 2307 1195 2362 Dei
1220 2303 1554 2376 dexteram),
1583 2304 1805 2359 invocat
1842 2301 1930 2355 di-

356 2410 537 2462 vinam
569 2406 825 2478 gratiam,
848 2415 901 2459 et
931 2402 1360 2458 consecrandum
1386 2416 1416 2456 c
1441 2400 1676 2456 diacono
1701 2398 1929 2469 presby-

358 2515 531 2558 tcrum
565 2507 738 2566 creat,
780 2499 1014 2570 gratiam
1071 2497 1312 2568 Spiritus
1337 2495 1643 2553 ordinando
1674 2494 1932 2548 advenire

355 2600 680 2666 deprecans.
699 2593 964 2646 Omnibus
989 2590 1302 2645 dicentibus
1322 2599 1421 2653 ter,
1450 2587 1643 2657 «Kyrie
1667 2587 1925 2652 eleison,»

358 2688 476 2754 ipse
509 2686 802 2755 cpiscopus
838 2691 919 2739 ter
953 2685 1134 2751 signat
1169 2680 1463 2735 ordinandi
1499 2687 1683 2748 caput,
1715 2681 1931 2749 signum

358 2780 540 2834 crucis
572 2778 895 2848 imprimens
930 2774 1285 2844 perfectionis
1315 2772 1685 2842 operativum.
1732 2770 1823 2825 Sic
1853 2769 1933 2822 la-

358 2880 442 2925 cta
468 2871 640 2940 prima
674 2883 834 2938 prece
860 2875 916 2922 et
964 2866 1368 2921 exclamatione
1425 2861 1493 2916 ad
1549 2862 1744 2926 Deum,
1807 2870 1933 2928 post

361 2964 672 3034 rogationes
700 2976 730 3015 a
762 2962 942 3031 primo
971 2960 1293 3029 presbytero
1326 2957 1604 3020 recitatas,
1640 2964 1695 3008 et
1733 2968 1933 3007 secun-

357 3056 481 3109 dam
518 3068 755 3125 precem,
778 3053 1010 3123 ejusque
1038 3048 1496 3105 exclamationem
1526 3045 1690 3117 erigit
1713 3045 1933 3099 ordina-

356 3157 477 3200 tum
516 3160 546 3198 e
580 3160 739 3199 sacra
776 3157 1005 3209 mensa;
1040 3143 1115 3196 ita
1146 3142 1558 3204 demonstrans,
1585 3146 1644 3193 ut
1675 3137 1934 3203 diximus,

360 3235 604 3293 divinum
651 3249 949 3289 ascensum
992 3234 1111 3303 ejus
1166 3232 1234 3285 ab
1270 3229 1662 3286 humilioribus
1694 3229 1762 3284 ad
1792 3228 1937 3281 divi-

360 3325 539 3391 niora,
567 3334 623 3379 et
671 3325 887 3389 altiora,
946 3322 1343 3391 melioremque
1401 3329 1457 3374 et
1498 3319 1936 3389 praestantiorem

360 3428 597 3474 statum:
625 3417 1013 3470 demonstrans
1041 3427 1262 3483 quoque
1290 3412 1437 3481 quod
1465 3409 1629 3467 Jesus
1654 3410 1940 3465 descendit

360 3525 390 3562 e
410 3506 589 3572 cmlis,
610 3515 666 3560 et
699 3506 865 3561 homo
894 3504 1072 3560 factus
1095 3503 1380 3559 descendit
1406 3519 1503 3574 per
1526 3517 1745 3559 crucem
1763 3516 1938 3571 usque

360 3600 427 3654 ad
458 3597 687 3665 inferos,
717 3608 771 3653 et
797 3597 1104 3653 suscitatus
1135 3605 1190 3651 et
1242 3597 1510 3650 exaltatus
1538 3634 1555 3660 ,
1605 3609 1706 3650 nos
1751 3608 1935 3649 secum

362 3692 672 3756 suscitavit,
712 3698 767 3744 et
798 3694 1074 3744 suscitans
1104 3688 1330 3743 exaltat.
1360 3686 1474 3742 Hoc
1504 3686 1672 3757 igitur
1708 3686 1763 3739 in
1783 3683 1937 3740 omni

360 3784 677 3839 adoratioue
700 3787 754 3837 ct
794 3780 1166 3851 prostratione
1194 3778 1595 3849 signiﬁcamus,
1621 3792 1746 3831 cum
1774 3776 1935 3831 incli-

361 3893 557 3932 namus
604 3891 706 3931 nos
739 3884 793 3930 et
823 3874 1116 3943 erigimus,
1142 3871 1418 3927 Christum
1462 3870 1835 3933 descendisse,
1883 3879 1938 3924 et

359 3985 420 4023 se
475 3968 797 4038 suscitasse,
848 3980 950 4022 nos
976 3976 1199 4035 quoque
1250 3962 1437 4033 lapsos
1500 3976 1693 4018 secum
1748 3960 1932 4017 susci-

362 4071 527 4117 ιιιεεε.

890 4259 1123 4316 CAPUT
1142 4257 1404 4315 CLXXX.

364 4354 542 4420 Quare
578 4352 850 4422 presbyter
893 4352 1168 4404 horarium
1207 4351 1313 4422 sive
1351 4347 1545 4422 stolam
1593 4355 1761 4415 gestat
1799 4345 1937 4399 velut

627 4424 691 4475 de
717 4425 854 4476 collo
890 4432 1012 4474 ante
1046 4430 1228 4491 pectus
1260 4421 1659 4488 dependentem.
1962 4444 2015 4504 Β

432 4515 627 4570 Postea
664 4515 943 4569 horarium
969 4528 998 4566 a
1027 4512 1258 4568 sinistro
1290 4511 1521 4564 humero
1552 4508 1608 4562 in
1652 4508 1934 4563 dexterum

362 4606 650 4672 transfert,
682 4605 828 4675 quod
862 4604 1134 4675 posterius
1165 4610 1249 4658 est
1269 4601 1513 4655 anterius
1539 4614 1732 4670 agens,
1754 4610 1808 4654 et
1836 4603 1940 4653 hoc

366 4700 525 4755 modo
562 4700 709 4754 velut
736 4698 839 4753 sub
872 4700 1063 4768 jugum
1089 4696 1254 4751 mittit
1283 4693 1682 4749 ordinandum.
1712 4692 1942 4760 Conspi-

302 4844 319 4867 λ
363 4806 489 4847 cere
504 4791 650 4845 enim
680 4790 843 4845 debet
886 4798 941 4842 et
965 4785 1314 4842 considerare
1343 4800 1438 4855 per
1463 4782 1736 4856 symbola,
1764 4796 1934 4851 quam
1960 4846 1963 4849 _

364 4884 637 4952 acceperit
689 4882 961 4951 gratiam;
1025 4889 1079 4933 et
1136 4880 1376 4948 primum
1433 4874 1579 4947 quod
1631 4877 1938 4930 secundum

367 4972 622 5029 unum'et
650 4974 827 5029 solum
858 4971 1189 5026 diaconatus
1216 4984 1355 5040 opus
1407 4967 1746 5022 contraxerit
1793 4968 1943 5020 debi-

367 5076 482 5119 tum
519 5081 532 5117 :
571 5079 717 5118 nunc
746 5079 877 5119 vero
929 5063 1000 5116 ad
1037 5062 1297 5133 mysteria
1326 5069 1379 5114 ct
1408 5058 1780 5115 sacerdotium
1819 5057 1941 5110 uni-

375 5172 618 5221 versum,
668 5156 811 5209 unde
847 5155 1024 5225 majus
1081 5155 1155 5208 illi
1216 5152 1489 5222 impendet
1518 5152 1729 5222 jugum,
1761 5153 1835 5205 ita
1884 5161 1943 5206 ut

378 5252 550 5303 totius
622 5248 803 5314 operis
853 5247 1049 5300 debeat
1097 5260 1219 5301 esse
1276 5244 1525 5300 minister
1576 5255 1630 5300 et
1697 5256 1937 5299 curator.

368 5340 494 5394 ldeo
553 5340 793 5395 secundo
842 5341 1107 5411 cingitur,
1150 5339 1299 5395 velut
1359 5347 1583 5394 vocatus
1642 5339 1709 5392 ad
1762 5339 1941 5407 majus

370 5447 531 5503 opus.

871 5521 1102 5577 CAPUT
1150 5522 1435 5578 CLXXXI.

823 5615 964 5679 Quid
1012 5616 1201 5685 penula
1254 5619 1481 5671 denotet.

440 5704 716 5761 l‘lucnolio
762 5722 975 5777 quoque
1028 5708 1315 5762 induitur:
1366 5710 1509 5780 quod
1558 5708 1937 5762 indumentum

2027 482 2135 533 τῶν
2154 481 2493 548 ἀγαλλῖαμα,
2517 474 2593 533 ὧν
2620 481 2677 533 τὺ
2702 482 2968 551 κήρυγμα
2989 479 3057 552 ἦν
3090 484 3122 551 ή
3147 482 3320 553 Τριάς
3350 484 3382 553 ἡ
3411 485 3604 552 ὁμοσύ-

2030 590 2166 633 σιος,
2204 571 2367 643 ιω
2399 572 2521 642 ἥτις
2551 574 2650 626 καὶ
2678 574 2891 637 πάντας
2916 574 3155 638 δοξάζει.

2101 663 2210 715 Kal
2251 662 2396 715 οὕτω
2428 664 2529 733 τῆς
2588 664 2808 734 χορείας
2874 668 3272 736 γεγενημένης,
3327 666 3433 721 ύπδ
3490 667 3600 721 τῶν

2031 751 2420 822 πρεσϐυτέρων
2480 756 2844 824 προσάγεται,
2888 755 2964 818 ὡς
3013 757 3283 825 ἐκλεγεὶς,
3332 759 3426 811 καὶ
3473 760 3609 828 πρὸς

2029 842 2090 894 τὸ
2126 842 2268 895 θεῖον
2314 844 2477 911 ἔργον
2525 845 2623 898 καὶ
2674 845 2772 915 τὴν
2824 846 2986 916 χάριν
3022 847 3203 909 ἱκανὸς
3253 847 3497 916 εὑρεθεὶς
3534 847 3609 912 ὡς

2031 938 2291 1005 ἐγχωρεῖ.
2353 935 2414 988 ’0
2441 936 2737 1006 ἀρχιερεὺς
2783 937 2842 989 δὲ
2886 938 3122 1008 ἑτοίμως
3170 939 3499 994 ἀνίσταται·
3546 942 3609 994 οὐ

2031 1030 2140 1098 γὰρ
2164 1029 2447 1095 διαμέλλει
2482 1030 2700 1095 περὶτὰ
2726 1029 2819 1083 τοῦ
2848 1030 2985 1083 Θεοῦ
3012 1032 3184 1102 δῶρα,
3217 1033 3336 1088 ἀλλ’
3385 1033 3606 1101 ἕτοιμος

2034 1120 2132 1171 καὶ
2167 1120 2374 1188 χαίρων
2404 1119 2545 1173 ἐστί.
2588 1119 2694 1171 Kal
2728 1120 2891 1184 εὐθὺς
2947 1122 3241 1189 σφραγίζει
3292 1124 3387 1175 τοῦ
3431 1140 3611 1193 χειρο-

2035 1212 2364 1273 τονουμένου
2402 1210 2502 1282 τὴν
2534 1211 2799 1280 κεφαλὴν,
2838 1212 2938 1282 τὴν
2988 1215 3249 1285 ἀπαρχὴν
3297 1215 3386 1268 διὰ
3431 1229 3607 1283 σφρα-

2032 1303 2181 1370 γῖδος
2235 1301 2479 1373 τρισσῶς
2528 1303 2627 1371 τῆς
2676 1304 3019 1373 χειροτονίας
3074 1305 3422 1372 ποιούμενος.
3480 1299 3610 1358 Εἷτὰ

2032 1395 2156 1458 τοὺς
2184 1392 2278 1448 δύο
2328 1394 2497 1457 πόδας
2543 1399 2571 1447 6
2628 1396 3109 1468 χειροτονούμενος
3164 1399 3378 1464 κλίνας,
3416 1400 3504 1455 διά
3551 1414 3609 1453 τε

2032 1486 2133 1557 τὴν
2153 1484 2399 1540 δουλείαν
2428 1488 2521 1540 καὶ
2547 1485 2646 1557 τὴν
2682 1490 3073 1557 προσαγωγὴν,
3117 1490 3467 1558 καθιεροῦται
3498 1494 3606 1561 γάρ

2035 1575 2173 1645 πρὸς
2199 1576 2268 1629 τὰ
2295 1574 2488 1646 μείζω,
2516 1579 2611 1631 xal
2644 1578 2725 1629 ὅτι
2775 1578 2874 1650 τὴν
2910 1581 3009 1645 τῆς
3040 1582 3320 1643 διακονίας
3344 1582 3611 1651 πρότερον

2034 1666 2218 1719 λαϐὼν
2269 1668 2435 1737 χάριν
2475 1669 2569 1723 xal
2626 1668 2943 1739 λειτουργὸς
2998 1670 3097 1737 ὢν,
3154 1672 3249 1724 νῦν
3300 1676 3395 1726 καὶ
3431 1674 3609 1742 ίερεὺς

2036 1760 2132 1810 sul
2172 1758 2432 1826 τελεστὴς
2467 1760 2579 1813 τῶν
2612 1762 2776 1831 ἱερῶν
2826 1763 3079 1826 τελετῶν,
3113 1764 3220 1817 τῶν
3268 1765 3608 1834 προσευχῶν,

2038 1853 2131 1903 καὶ
2165 1846 2259 1902 τιιΰ
2295 1851 2693 1921 βαπτίσματος,
2726 1856 2821 1908 καὶ
2843 1855 2941 1925 τῆς
2991 1858 3304 1927 ἱερουργίας
3348 1858 3609 1910 καθίστα⁴

2036 1955 2147 2006 ται,
2178 1945 2237 1994 τὸ
2265 1942 2523 2011 μέτωπον
2545 1946 2888 2015 προσερείδει
2909 1947 2989 2016 τῷ
3015 1948 3391 2020 θυσιαστηρίῳ
3417 1964 3430 1981 ·
3454 1949 3611 2002 τοῦτο

2039 2032 2146 2100 γὰρ
2180 2031 2288 2083 τῶν
2324 2032 2687 2121 χαρισμάτων
2726 2037 2755 2086 6
2786 2034 3083 2106 θησαυρός.
3137 2036 3199 2093 Ὀ
3248 2042 3514 2111 ιεράρχης
3556 2043 3611 2095 δὲ

2038 2122 2139 2192 τὴν
2166 2126 2324 2193 χεῖρα
2359 2125 2595 2189 ἐπιθεὶς,
2630 2126 2774 2194 αὕτη
2805 2129 2912 2198 γὰρ
2964 2130 2997 2198 ἡ
3040 2131 3140 2200 τῆς
3197 2131 3407 2202 δωρεᾶς
3444 2151 3610 2203 μετα·

2037 2215 2226 2286 δοτικὴ
2256 2218 2355 2286 τῆς
2380 2217 2534 2280 θείας
2565 2219 2887 2289 ἱερωσύνης,
2916 2222 2951 2292 ή
2995 2222 3090 2275 καὶ
3136 2224 3229 2277 τὸν
3269 2227 3610 2296 παντουργὸν

2037 2320 2096 2358 τε
2124 2308 2220 2359 καὶ
2244 2308 2661 2379 παντοδύναμαν
2687 2311 3073 2384 ἑκμιμουμὲνη
3106 2316 3201 2367 καὶ
3233 2319 3609 2387 σκεπαστικὴν

2038 2401 2134 2454 καὶ
2164 2403 2616 2455 παντεπίσκοπον
2675 2404 2882 2471 δεξιὰν,
2932 2406 3279 2462 ἐπικαλεῖται
3317 2411 3416 2480 τὴν
3460 2411 3610 2463 θείαν

2037 2491 2219 2561 χάριν,
2249 2493 2347 2544 καὶ
2382 2493 2491 2546 ἀπὸ
2539 2496 2793 2549 διακόνου
2844 2497 3218 2569 πρεσϐύτερον
3249 2501 3484 2570 καθιπτᾷ
3520 2503 3611 2555 τὸν

2037 2584 2361 2653 τελούμενον
2386 2602 2403 2618 θ
2438 2587 2533 2640 καὶ
2559 2587 2660 2657 τὴν
2693 2589 2858 2659 χάριν
2898 2589 3147 2666 ἐπελθεῖν
3175 2582 3252 2661 τῷ
3278 2610 3613 2663 χειροτονουο

2042 2676 2190 2746 μένῳ
2215 2677 2308 2729 τοῦ
2339 2678 2661 2750 [ινεύματος
2712 2683 3110 2753 ἐπευξάμενος,
3160 2687 3377 2753 πάντων
3429 2688 3613 2754 λεγόν-

2047 2783 2157 2821 των
2188 2769 2272 2829 τδ,
2307 2788 2327 2821 ι
2366 2771 2564 2842 Κύριε,
2591 2774 2835 2843 ἐλέησον,
2878 2794 2896 2827 ι
2932 2777 3073 2846 τρὶς,
3099 2778 3260 2842 αὐτὸς
3290 2780 3319 2831 6
3352 2779 3613 2850 ἱεράρχης

2044 2861 2332 2929 σφραγίζει
2357 2866 2477 2932 τρὶς
2506 2865 2606 2935 τὴν
2636 2865 2729 2918 τοῦ
2762 2869 3207 2937 χειροτονομένου
3244 2871 3489 2942 κεφαλὴν
3512 2874 3607 2941 τὴν

2037 2953 2370 3007 τελειοποιὸν
2399 2957 2640 3040 ἐνεργῶν
2689 2959 2989 3029 σφραγῖδα.
3028 2958 3138 3013 Kal
3158 2960 3302 3015 οὕτω
3334 2963 3433 3031 τὴν
3465 2966 3611 3033 πρώ-

2043 3062 2142 3115 την
2178 3047 2343 3115 εύχὴν
2377 3048 2776 3118 ποιησάμενος,
2831 3053 2926 3102 καὶ
2968 3051 3295 3119 ἐκφωνήσεις
3348 3053 3486 3122 μετά
3516 3054 3614 3117 τὰς

2043 3136 2286 3204 αἰτήσεις
2319 3138 2425 3191 ὑπὸ
2474 3140 2848 3209 πρεσϐυτέρου
2896 3141 2993 3193 τοῦ
3044 3142 3263 3212 πρώτου
3314 3144 3611 3213 γενομένας

2041 3230 2276 3314 καὶοτὴν
2304 3231 2565 3319 δευτέραν
2592 3232 2757 3302 εὐχὴν
2782 3233 2877 3285 καὶ
2925 3231 3260 3304 ὲκφώνησιν,
3294 3236 3489 3306 ἅνιστᾷ
3523 3237 3615 3289 τὸν

2040 3322 2492 3391 χειροτονηθέντα
2538 3326 2604 3375 ὲκ
2661 3327 2760 3394 τῆς
2800 3325 2953 3393 ἱερᾶς
3011 3325 3293 3396 τραπέζης
3324 3344 3339 3357 ·
3396 3327 3614 3391 δεικνὺς

2040 3412 2202 3467 αὑτοῦ
2230 3415 2329 3484 τὴν
2351 3414 2459 3466 ἀπὺ
2480 3414 2590 3467 τῶν
2606 3416 3008 3485 ταπεινοτέρων
3037 3418 3130 3469 ἐπὶ
3156 3419 3225 3470 τὰ
3253 3418 3499 3488 θειότερα
3519 3420 3613 3471 καὶ

2041 3506 2354 3576 ὑψηλότερα
2383 3505 2536 3560 Θείαν
2560 3506 2852 3574 ἀνάϐασιν,
2890 3510 2966 3573 ὡς
3000 3511 3330 3581 εἰρήκαμεν,
3363 3512 3458 3564 καὶ
3508 3511 3612 3579 τὴν

2040 3599 2178 3668 πρὸς
2206 3599 2275 3652 τὰ
2298 3598 2538 3667 κρείττω
2574 3600 2766 3654 στάσιν
2793 3617 2808 3632 ο
2835 3603 2929 3655 καὶ
2959 3603 3041 3656 ὅτι
3060 3605 3087 3656 6
3114 3602 3388 3656 κατελθὼν
3417 3605 3479 3656 ὲκ
3502 3605 3613 3657 τῶν

2038 3692 2287 3762 οὐρανῶν
2314 3695 2412 3747 καὶ
2439 3694 2876 3766 ἐνανθρωπήσας
2923 3696 3133 3765 Ἰησοῦς
3167 3697 3297 3768 ἄχρι
3327 3698 3425 3751 τοῦ
3481 3698 3613 3769 ᾅδου

2038 3782 2126 3836 διὰ
2170 3783 2409 3855 σταυροῦ
2442 3787 2705 3855 κατῆλθε,
2754 3788 2852 3841 καὶ
2885 3790 3131 3854 ἀναστὰς
3182 3792 3277 3844 κα)⁵
3306 3790 3613 3859 άνυψωθεὶς

2040 3877 2186 3945 ἡμᾶς
2218 3878 2605 3946 συνανέστησε,
2656 3878 2751 3931 καὶ
2805 3880 3041 3934 ἀνιοτῶν
3091 3881 3289 3951 άνυψοτ
3322 3882 3609 3952 διηνεκῶς.

2043 3968 2216 4021 ἰὀῢτο
2244 3967 2337 4021 οὖν
2364 3972 2465 4024 καὶ
2483 3972 2574 4022 ἐπὶ
2599 3971 2751 4044 πάσῃ
2782 3973 3155 4043 προσκυνήσει
3183 3973 3473 4043 δηλοῦμεν,
3500 3974 3616 4027 κλί-

2040 4060 2228 4121 νοντές
2263 4076 2324 4111 τε
2367 4060 2463 4113 καὶ
2492 4062 2873 4131 ἀνιστάμενοι,
2896 4064 2981 4115 δτι
3009 4063 3245 4131 κατῆλθε
3277 4064 3373 4117 καὶ
3414 4064 3613 4135 ἀνῆλθε

2042 4150 2304 4220 Χριστὸς,
2336 4152 2431 4203 καὶ
2463 4153 2614 4224 ἡμᾶς
2641 4155 2908 4216 πεσόντας
2924 4156 3239 4226 ἀνήγειρεν.

2611 4264 2865 4343 uersa.
2912 4267 3043 4320 Ptr.

2039 4354 2207 4438 Διιιτζ
2234 4355 2303 4408 τὸ
2334 4354 2590 4438 ὠρὰριον
2610 4357 2708 4438 ἐπὶ
2735 4358 2845 4411 τὸν
2884 4358 3198 4438 τράχηλοῂ
3231 4362 3441 4438 αὐτοῦ,
3472 4363 3510 4433 ἣ
3545 4363 3613 4417 τὸ

2180 4428 2617 4494 ἑπιτραχήλιον
2645 4430 2678 4480 ὀ
2710 4430 3120 4497 πρεσϐύτερος
3161 4434 3471 4501 λαμϐάνει.

2113 4510 2251 4568 Εἶτα
2274 4515 2370 4568 καὶ
2399 4515 2462 4567 τὸ
2489 4515 2732 4587 ὡράριον
2762 4518 2874 4571 ἀπὸ
2899 4518 2994 4572 τοῦ
3029 4522 3323 4593 ἀριστεροῦ
3345 4523 3499 4593 ὤμου
3520 4525 3614 4577 ἐπὶ

2039 4604 2132 4657 τὸν
2168 4603 2345 4670 δεξιὸν
2374 4606 2699 4676 μεταφέρει,
2728 4608 2789 4660 τὸ
2822 4608 3052 4663 ὄπισθεν
3097 4612 3250 4679 άγων
3276 4613 3611 4683 εμπροσθεν,

2041 4699 2136 4751 καὶ
2174 4698 2250 4760 ὡς
2287 4699 2391 4751 ὑπὸ
2428 4698 2593 4766 ζυγὸν
2623 4700 2713 4753 τὸν
2761 4703 3246 4775 χειροτονούμενον
3279 4708 3472 4763 ποιῶν.
3502 4709 3613 4761 Kal

2040 4790 2149 4857 γὰρ
2169 4790 2303 4860 ὸρᾷν
2326 4790 2532 4859 ὀφείλει
2556 4793 2652 4845 καὶ
2676 4791 2766 4846 διὰ
2785 4794 2895 4847 τῶν
2924 4795 3232 4865 συμϐόλων,
3252 4798 3431 4868 ἦνπερ
3454 4798 3613 4850 ἔλαϐε

2041 4882 2200 4953 χάριν
2225 4897 2237 4911 ·
2274 4884 2370 4937 καὶ
2407 4883 2493 4936 ὅτι
2545 4886 2766 4954 πρῶτον
2809 4887 2912 4956 μὲν
2942 4888 3066 4941 καθ’
3100 4887 3160 4942 ἓν
3193 4891 3288 4943 καὶ
3322 4891 3486 4960 μόνον
3517 4891 3614 4958 τῆς

2040 4974 2319 5037 διακονίας
2352 4975 2514 5045 ἔργον
2566 4977 2782 5049 ὑπῆρχε
2822 4978 3163 5049 κεκτημένος
3211 4981 3312 5051 τὴν
3361 4980 3614 5051 ὀφειλὴν,

2042 5064 2138 5117 νῦν
2164 5065 2223 5117 δὲ
2257 5065 2394 5135 πρδς
2423 5067 2522 5128 τὰς
2553 5067 2773 5129 τελετὰς
2826 5071 2923 5120 καὶ
2953 5069 3051 5139 τὴν
3089 5069 3394 5140 ἱερωσύνην
3444 5070 3575 5140 ὅλην
3597 5083 3611 5097 ·

2043 5158 2137 5208 καὶ
2166 5156 2369 5226 μείζων
2404 5157 2552 5226 αὐτῷ
2582 5159 2610 5209 6
2635 5158 2800 5227 ζυγὸς
2822 5161 2916 5213 καὶ
2947 5161 3071 5214 ὅλου
3096 5162 3190 5213 τοῦ
3213 5161 3382 5232 ἔργου
3412 5161 3615 5229 ὀφείλει

2043 5244 2185 5301 εἶναι
2219 5249 2500 5318 ὑπηρέτης
2531 5251 2624 5304 καὶ
2656 5253 3009 5323 φροντιστής.
3046 5253 3140 5305 Διὸ
3162 5254 3258 5306 καὶ
3277 5256 3338 5307 ὲκ
3360 5253 3615 5323 δευτέρου

2045 5338 2333 5404 ζώννυται,
2368 5338 2442 5404 ὡς
2479 5340 2617 5410 πρὸς
2663 5344 2847 5412 μεῖζον
2886 5343 3109 5413 κληθεὶς
3141 5343 3326 5414 ἔργον.

2616 5527 2871 5582 ΚΕΦΑΛ.
2904 5526 3081 5582 PHA'.

2410 5621 2468 5674 Τί
2493 5622 2776 5689 σημαίνει
2808 5622 2872 5674 τὸ
2902 5624 3241 5689 φαινόλιον.

2122 5711 2229 5764 Καὶ
2261 5712 2537 5779 φαινόλιον
2576 5711 2957 5780 περιϐάλλεται
2993 5729 3005 5743 ·
3063 5714 3200 5770 ὅπερ
3255 5711 3459 5778 ἔνδυμα
3493 5708 3617 5764 λευ-
