4078 6452
465 332 572 397 389

1526 328 1620 388 DE
1661 328 1930 387 SACRIS
1973 325 2675 394 ()RDlNATiONlBUS.

3619 332 3727 397 390

467 450 562 503 κόν
594 451 711 500 ἐστι
739 446 861 516 δίχα
897 443 1190 514 μανικίων,
1214 443 1337 497 ὅλον
1361 443 1717 514 περιστέλλον
1740 445 1801 495 τὸ
1837 444 1997 513 σῶμα
2017 458 2034 476 ο

2148 451 2225 497 est
2256 443 2440 498 album
2496 445 2615 501 sine
2646 445 2878 502 manicis
2909 456 3079 503 totum
3111 450 3466 503 circumdans
3492 462 3543 505 et
3594 467 3720 519 ope-

467 538 660 594 λευκδν
714 537 833 606 μὲν,
871 536 958 588 διὰ
1002 538 1102 601 τὴν
1143 535 1494 605 καθαρότητα
1546 536 1646 587 καὶ
1707 534 2042 600 ἁγιωσύνην,

470 632 567 685 καὶ
607 631 705 701 τὴν
740 629 837 696 τῆς
870 628 1021 690 θείας
1046 626 1205 697 δόξης
1236 625 1564 697 περιϐολὴν,
1598 628 1678 680 ὅτι
1702 627 1730 678 ὁ
1770 626 1904 690 Θεὸς
1931 626 2048 695 φῶς

468 727 608 785 ἐστι,
663 724 757 774 καὶ
810 720 1252 789 ἀναϐαλλόμενος
1291 718 1407 788 φῶς
1465 720 1540 782 ὡς
1587 721 1830 788 ἱμάτιον,
1862 719 1956 772 καὶ
1993 718 2044 770 οἱ

467 815 693 885 ἄγγελοι
744 814 948 883 λευκὴν
1001 814 1207 883 ἐσθῆτα
1263 811 1734 883 περιϐεϐλημένοι
1784 811 2043 873 πολλάκις

465 909 762 979 ὤφθησαν*
794 910 895 962 οὑκ
918 910 1039 978 ἕχον
1070 909 1126 962 δὲ
1163 908 1392 977 μανίκια
1425 906 1515 959 διὰ
1547 909 1609 959 τὸ
1642 906 1918 960 ἐκτυποῦν
1951 906 2045 958 τὸν

470 1003 697 1064 σάκκον,
731 1001 791 1053 δν
816 1001 843 1051 ὁ
870 1001 1064 1069 Σωτὴρ
1098 998 1505 1069 ἐμπαιζόμενος
1530 998 1844 1051 ἐνεδύσατο·
1886 1014 2044 1067 περι-

468 1095 704 1147 στέλλων
733 1093 790 1146 δέ
827 1093 949 1145 ὅλον
974 1091 1037 1144 τὸ
1070 1091 1231 1161 σῶμα
1260 1091 1389 1161 ἄχρι
1421 1092 1516 1143 καὶ
1563 1092 1671 1145 τῶν
1721 1090 1899 1144 ποδῶν
1933 1089 2041 1142 ἀπὸ

464 1185 710 1254 κεφαλῆς
740 1185 827 1237 διὰ
854 1184 953 1254 τὴν
983 1184 1194 1238 ἄνωθεν
1226 1186 1354 1253 περὶ
1390 1185 1537 1253 ἡμᾶς
1563 1185 1845 1253 πρόνοιαν,
1867 1184 2042 1237 καὶτὸ

465 1275 782 1329 συνεκτικὸν
804 1274 899 1328 τοῦ
924 1274 1062 1328 Θεοῦ
1091 1275 1185 1328 καὶ
1216 1275 1572 1345 φυλακτικόν.
1604 1275 1827 1344 Αἴρεται
1850 1276 1906 1329 δέ
1938 1275 2042 1329 ὑπὸ

464 1367 575 1419 τῶν
602 1366 802 1435 χειρῶν
835 1369 899 1419 ἐκ
926 1366 1157 1434 πλαγίου
1184 1368 1241 1419 ἐν
1272 1367 1348 1430 τῷ
1382 1368 1561 1438 καιρῷ
1590 1369 1698 1421 τῶν
1753 1371 1917 1437 ἱερῶν
1948 1370 2042 1441 ἕρ-

463 1476 599 1525 γων,
630 1454 742 1509 οἷον
773 1459 845 1521 ὡς
880 1460 1056 1527 πτερὰ
1081 1459 1372 1525 γινόμενον
1405 1460 1494 1512 διὰ
1520 1462 1581 1512 τὸ
1620 1462 1915 1530 ἀγγελικὺν
1942 1463 2042 1529 τῆς

466 1546 659 1609 ἀξίας·
690 1546 786 1598 καὶ
825 1547 906 1599 ὅτι
957 1548 1013 1600 αἱ
1060 1550 1243 1616 χεῖρες
1294 1548 1360 1599 δι’
1410 1549 1578 1601 αὑτοῦ
1619 1551 1947 1620 φαινόμεναι
1980 1553 2041 1605 τὸ

463 1638 767 1705 πρακτικὸν
795 1637 1128 1707 ἐμφαίνουσι
1182 1639 1277 1691 καὶ
1306 1640 1530 1709 ἐνεργὸν
1562 1641 1662 1693 τοῦ
1685 1642 1844 1707 Θεοῦ,
1875 1645 1933 1696 ἐν
1959 1640 2041 1707 οἷς

461 1733 492 1785 ὁ
525 1733 710 1800 ἱερεὺς
745 1732 978 1800 ἐνεργεῖ.
1010 1732 1238 1801 Πρῶτον
1280 1733 1380 1800 μὲν
1410 1731 1504 1785 οὖν
1549 1734 1875 1805 ἀναγορεύει
1919 1737 2042 1789 τοῦ-

2152 534 2301 589 riens
2352 549 2575 605 corpus.
2634 537 2832 590 Album
2890 548 2971 591 est
3022 544 3246 608 propter
3307 539 3621 607 puritatem,
3674 552 3727 592 rt

2149 626 2520 691 sanctitatem,
2546 636 2598 683 et
2628 628 2826 682 divinre
2853 630 3037 697 gloriae
3074 631 3331 683 amictum
3362 647 3375 696 ;
3414 629 3556 685 Deus
3577 629 3723 683 enim

2147 716 2385 770 amictus
2413 726 2494 771 est
2533 718 2733 773 lumine
2758 730 2813 772 ut
2847 720 3193 786 vestimento,
3222 731 3268 775 et
3301 721 3477 789 angeli
3510 727 3718 774 vestem

2148 806 2325 859 albam
2358 809 2541 862 amicti
2574 810 2776 878 smpius
2804 821 3192 880 apparuerunt.
3248 811 3476 866 Manicis
3537 822 3720 865 autem

2146 907 2321 963 caret,
2384 909 2441 953 ut
2512 911 2936 971 repraesentetur
2991 919 3191 959 saccus
3244 920 3405 974 quem
3470 904 3723 957 Salvator

2146 992 2313 1058 pedes
2345 993 2448 1047 iter
2475 994 2683 1050 faciens
2706 994 2988 1049 induebat.
3024 997 3280 1066 Coeperit
3331 1005 3511 1051 autem
3544 1004 3716 1050 totum

2145 1095 2344 1146 corpus
2372 1098 2399 1136 a
2435 1085 2613 1154 capite
2643 1086 2708 1140 ad
2746 1088 2909 1154 pedes
2945 1102 3121 1157 usque
3175 1099 3397 1157 propter
3427 1102 3716 1156 supernam

2144 1188 2271 1243 erga
2300 1190 2402 1229 nos
2446 1176 2868 1245 providentiam,
2900 1189 2957 1234 et
3002 1179 3095 1233 Dei
3154 1181 3413 1234 virtutem
3467 1195 3575 1248 qua
3622 1196 3722 1234 nos

2145 1267 2462 1321 continetet
2486 1278 2797 1324 conservat.
2830 1270 3082 1327 Manibus
3110 1287 3241 1326 vero
3281 1272 3551 1326 attollitur
3583 1286 3610 1324 a
3642 1274 3721 1325 Ia-

2147 1362 2258 1409 tere
2307 1356 2435 1410 dum
2478 1372 2633 1412 sacra
2674 1359 2812 1413 lium
2846 1376 3047 1429 opera;
3086 1377 3195 1431 quo
3248 1363 3351 1417 alis
3388 1364 3481 1417 liat
3539 1365 3722 1418 consi-

2146 1445 2273 1499 mile
2293 1457 2515 1517 propter
2536 1450 2949 1519 signiﬁcandam
2974 1454 3270 1523 angelicam
3295 1470 3458 1523 quam
3488 1455 3719 1524 adeptus

2143 1547 2229 1591 est
2255 1538 2615 1606 dignitatem;
2671 1548 2838 1611 atque
2906 1544 3070 1595 etiam
3106 1559 3172 1598 eo
3202 1546 3347 1614 quod
3398 1546 3503 1599 ista
3535 1547 3719 1599 eleva-

2146 1630 2295 1685 tione
2328 1646 2523 1687 manus
2571 1633 2745 1702 ipsius
2799 1646 3126 1703 apparentes
3164 1638 3504 1706 operationis
3541 1641 3716 1691 virtu-

2151 1730 2256 1776 tcm
2290 1723 2593 1789 declarant,
2639 1733 2693 1780 et
2722 1726 2991 1781 internam
3025 1728 3120 1783 Dei
3176 1731 3614 1799 cooperationem
3669 1733 3721 1785 in

462 1824 604 1875 τονὸ
635 1823 899 1892 ἱεράρχης
934 1823 993 1873 ὲν
1016 1822 1094 1889 τῷ
1143 1821 1203 1874 τὸ
1251 1821 1490 1891 ὡράριον
1542 1800 1841 1893 λαμϐάνειν
1882 1826 2040 1898 149

2148 1813 2212 1867 iis
2234 1828 2356 1883 quae
2387 1815 2644 1872 sacerdos
2676 1825 2958 1886 operatur.
3022 1820 3262 1875 Primum
3295 1823 3462 1892 igitur
3506 1825 3724 1891 episco-

463 1915 527 1966 ἐκ
557 1913 653 1966 τοῦ
678 1913 972 1983 ἀριστεροῦ
1021 1911 1178 1981 ὤμου
1209 1912 1457 1977 ὄπισθεν,
1498 1915 1595 1966 καὶ
1652 1916 1733 1978 εἰς
1775 1918 1834 1967 τὸ
1868 1917 2042 1980 δεξιον

462 2006 762 2070 ἐπιθεῖναι,
808 2006 918 2058 τῶν
972 2006 1066 2058 δύο
1100 2006 1287 2075 μερῶν
1334 2008 1649 2075 γενομένων
1681 2008 1994 2078 ἔμπροσθεν
2025 2025 2040 2039 ⁸

461 2098 600 2167 ὅπερ
627 2098 748 2149 τότε
774 2099 920 2149 ἐστὶν
946 2098 1335 2168 ἐπιτραχήλιον
1358 2098 1756 2169 ἐκτελούμενον
1778 2102 1873 2151 καὶ
1903 2101 2043 2152 οὕτω

461 2190 798 2260 καλούμενον
828 2205 842 2219 ·
875 2190 1027 2259 δηλοῖ
1065 2190 1120 2243 δὲ
1176 2190 1274 2258 τὴν
1330 2190 1544 2244 ἄνωθεν
1586 2191 1890 2247 κατιοῦσαν
1932 2194 2042 2246 ἀπὸ

464 2282 710 2348 κεφαλῆς
766 2281 949 2351 χάριν,
996 2281 1074 2344 ὡς
1130 2281 1300 2351 μύρον
1350 2282 1445 2335 ἐπὶ
1495 2283 1765 2351 κεφαλῆς,
1813 2284 1982 2354 φησὶν
2016 2286 2043 2338 ὁ

463 2373 648 2436 Δαϐὶδ,
679 2373 741 2426 τὸ
782 2374 1114 2427 καταϐαῖνον
1150 2376 1243 2426 ἐπὶ
1271 2374 1372 2445 τὴν
1402 2374 1516 2429 ὧαν
1562 2376 1658 2428 τοῦ
1714 2376 2041 2448 ἐνδύματος,

462 2464 557 2515 καλ⁹
588 2465 680 2515 τὸν
711 2465 949 2534 χρηστὸν
982 2464 1149 2531 ζυγὸν
1174 2465 1273 2533 τῆς
1304 2465 1606 2535 ἱερωσύνης
1637 2468 1734 2520 τοῦ
1764 2468 2036 2537 Χριστοῦ,

464 2557 558 2610 καὶ
594 2556 669 2619 ῶς
734 2557 869 2624 φασί
896 2573 1063 2620 τινες,
1114 2556 1175 2609 τὸ
1211 2557 1546 2626 ἑλκυσθῆναι
1587 2559 1726 2629 πρὸς
1780 2559 1843 2611 τὸ
1870 2560 2045 2623 πάθος

468 2649 633 2703 αὐτὸν
660 2650 753 2701 τὸν
789 2649 1025 2719 σταυρὸν
1073 2648 1160 2700 ἐπ’
1191 2647 1359 2718 ῶμων
1405 2650 1742 2719 κατέχονταο
1780 2652 1904 2705 ἐπεὶ
1950 2653 2045 2704 καὶ

465 2743 627 2805 αὐτὸς
657 2744 685 2795 ὁ
720 2742 900 2813 ἱερεὺς
957 2742 1025 2795 τὰ
1070 2742 1163 2795 τοῦ
1216 2742 1424 2805 πάθους
1467 2744 1749 2813 μυστήρια
1799 2745 2044 2813 ἐνεργεῖν

465 2836 825 2903 κατηξὶωται.
848 2834 1019 2888 Τοῦτο
1037 2836 1219 2888 τοίνυν
1250 2835 1450 2888 ἐνδύων
1483 2835 1649 2888 αὐτὸν
1674 2839 1700 2889 ὁ
1727 2838 2040 2907 ἀρχιερεὺς,

465 2928 633 2996 φησὶν
656 2946 676 2978 ο
707 2927 913 2993 Ἄξιος.
950 2946 969 2979 ι
996 2929 1105 2979 Καὶ
1128 2927 1406 2996 φαινόλιον
1436 2927 1465 2979 ὅ
1486 2929 1795 2999 εἰρήκαμεν
1824 2908 2047 2984 ἐπιϐάλ-

463 3022 570 3072 λων
602 3018 745 3073 οὕτω
776 3022 966 3090 φησὶν,
1006 3039 1023 3071 ι
1064 3020 1249 3085 Ἀξιος
1275 3035 1288 3048 ⁸
1332 3039 1350 3071 ι
1388 3020 1685 3089 εὐχόμενος
1708 3023 1868 3075 τοῦτο
1901 3018 2045 3075 εἶναι

2149 1921 2251 1973 pus
2282 1906 2427 1961 hunc
2460 1909 2741 1961 renuntiat
2781 1917 2837 1963 et
2878 1909 3235 1979 deprmdicat,
3269 1929 3390 1968 cum
3442 1915 3720 1969 horarium

2146 2000 2365 2069 accipit,
2392 2009 2444 2055 et
2468 2014 2533 2055 ex
2591 2004 2899 2071 posteriore
2927 2012 3089 2073 parte
3138 2006 3346 2062 sinistri
3412 2010 3621 2064 humeri
3668 2012 3723 2064 in

2147 2093 2428 2147 dexteram
2472 2095 2723 2163 imponit,
2755 2096 2972 2153 duabus
3035 2100 3282 2166 partibus
3315 2103 3557 2157 anterius
3593 2121 3724 2173 pen-

2146 2185 2427 2251 dentibus,
2459 2188 2605 2256 quod
2653 2198 2782 2244 tunc
2828 2200 2914 2245 est
2968 2192 3271 2261 perfectum
3313 2196 3727 2265 Harpax-ﬁlio»,

2150 2280 2544 2347 supercollare,
2576 2290 2629 2334 et
2658 2280 2730 2336 ita
2762 2292 3014 2337 vocatur.
3047 2281 3251 2339 [ndicat
3280 2296 3461 2342 autem
3493 2292 3721 2357 gratiam

2149 2369 2386 2438 desuper
2431 2387 2460 2423 a
2502 2373 2681 2440 capite
2707 2373 3152 2440 descendentem,
3181 2386 3243 2431 ut
3292 2378 3473 2448 inquit
3531 2379 3723 2439 David.

2145 2462 2299 2515 velut
2340 2471 2681 2532 unguentum
2714 2479 2878 2533 super
2914 2476 3076 2532 caput
3112 2466 3448 2522 descendens
3481 2469 3547 2522 ad
3604 2472 3725 2523 tim-

2146 2553 2321 2608 briam
2385 2554 2721 2627 vestimenti,
2775 2566 2831 2611 et
2879 2556 3084 2611 bonum
3146 2559 3445 2613 sacerdotii
3515 2561 3722 2615 Christi

2142 2646 2372 2715 jugum;
2412 2655 2487 2709 et,
2530 2655 2590 2700 ut
2628 2648 3088 2717 dicuntquidam,
3130 2658 3187 2703 ut
3240 2650 3726 2721 signiticetureum

2147 2747 2451 2807 gestantem
2482 2739 2731 2795 humeris
2780 2754 3000 2794 crucem
3057 2741 3126 2795 ad
3178 2743 3491 2812 passionem
3556 2745 3723 2809 trahi,

2147 2846 2270 2886 cum
2307 2831 2425 2899 ipse
2476 2833 2739 2887 sacerdos
2798 2833 3073 2902 passionis
3128 2836 3387 2904 mysteria
3445 2845 3723 2905 operetur.

2151 2922 2380 2977 Horario
2404 2923 2570 2992 igitur
2592 2938 2713 2977 eum
2739 2923 2974 2979 induens
2993 2927 3273 2991 sacerdos,
3296 2927 3389 2991 ait,
3419 2946 3435 2977 ι
3462 2926 3717 2998 Dignus.)

2151 3013 2216 3067 Et
2240 3014 2567 3083 phamolion,
2596 3022 2655 3069 ut
2684 3014 2944 3081 diximus,
2976 3016 3079 3085 ipsi
3113 3017 3395 3086 imponens
3426 3021 3558 3074 dicit
3593 3038 3729 3089 quo-

464 3113 628 3165 αύτδν
675 3112 827 3177 ἄξιον
857 3114 951 3165 καὶ
983 3112 1075 3164 ἐπὶ
1106 3114 1274 3166 πᾶσιν
1319 3113 1600 3182 ὁμολογῶν
1628 3153 1642 3175 ,
1704 3119 1799 3170 καὶ
1842 3117 1926 3168 ὅτι
1966 3117 2041 3179 ὡς

2152 3123 2298 3177 quc:
2333 3125 2351 3158 ι
2378 3108 2605 3178 Dignus.
2639 3127 2658 3158 ι
2689 3108 2857 3177 Optat
2885 3125 3008 3163 eum
3044 3123 3166 3165 esse
3188 3111 3435 3180 dignum,
3462 3124 3513 3165 et
3538 3129 3721 3167 coram

463 3205 610 3270 ἄξιος
660 3204 877 3260 ἔλαϐεν.
925 3204 1015 3257 Ἐν
1055 3201 1138 3268 οἷς
1177 3207 1272 3258 καὶ
1329 3206 1728 3261 ταπεινοῦσθαι
1787 3208 1893 3279 χρὴ
1950 3211 2042 3261 τὸν

462 3299 818 3370 λαμϐάνοντα
840 3315 854 3328 ·
886 3299 971 3361 τίς
993 3300 1102 3369 γὰρ
1130 3299 1315 3363 ἄξιος;
1350 3300 1527 3352 Τοῦτο
1557 3301 1662 3370 γὰρ
1695 3302 1791 3354 καὶ
1819 3302 1867 3353 οἱ
1890 3302 2041 3366 ἐντὸς

463 3393 729 3464 ψάλλουσι
762 3390 858 3445 τοῦ
890 3392 1141 3461 βήματος
1171 3392 1268 3443 καὶ
1315 3391 1497 3457 ἐκτὸς,
1535 3394 1625 3444 τὸν
1658 3392 1924 3462 ἀρχιερέα
1957 3410 2046 3464 μι-

467 3483 755 3553 μούμενοι.
784 3477 919 3535 Εἶτα
946 3482 1319 3551 προτρέπεται
1355 3484 1457 3552 τὴν
1491 3483 1651 3551 ἱερὰν
1688 3483 2042 3535 ἀσπάσασθαι

464 3570 747 3641 τράπεζαν
789 3571 867 3634 ὡς
912 3571 1098 3641 πλήρη
1143 3571 1389 3641 χάριτος,
1426 3574 1519 3624 καὶ
1544 3573 1620 3634 ὡς
1648 3574 1707 3624 ἐν
1742 3574 1879 3644 αὐτῇ
1911 3575 2043 3626 καθ-

464 3663 787 3733 αγιασθεις’
850 3660 969 3716 εἶτα
1022 3665 1122 3733 τὴν
1173 3664 1569 3734 ἀρχιερατικὴν
1616 3663 1819 3730 δεξιὰν,
1850 3665 1927 3729 ὡς
1974 3665 2043 3717 δι’

464 3756 632 3825 αὐτῆς
662 3754 1063 3825 χειροτονηθείς
1091 3771 1105 3786 ·
1132 3757 1226 3808 καὶ
1254 3754 1334 3808 ἔτι
1372 3755 1471 3827 τὴν
1502 3756 1741 3825 παρειὰν
1762 3796 1777 3821 ,
1807 3757 1896 3809 διὰ
1944 3758 2044 3828 τὴν

465 3847 618 3905 θείαν
650 3849 870 3916 ἀγάπην
901 3863 959 3899 τε
1013 3847 1109 3900 καὶ
1137 3847 1366 3917 εἰρήνην
1391 3888 1405 3913 ,
1465 3850 1563 3901 καὶ
1613 3852 1696 3902 ὅτι
1736 3850 1967 3922 ὄργανον
2006 3854 2039 3921 ὴ

463 3939 668 4004 παρειὰ
697 3938 807 3990 τῶν
846 3937 1024 4008 εὐχῶν
1052 3952 1066 3967 ⁸
1108 3938 1201 3991 καὶ
1228 3939 1313 3991 ὅτι
1345 3939 1578 4009 ἀγαπῶν
1611 3941 1708 3994 καὶ
1758 3942 2042 4013 ἀγαπητὸς

466 4029 560 4081 καὶ
592 4030 621 4080 ὁ
652 4029 823 4083 τελῶν
855 4033 951 4082 καὶ
978 4032 1005 4084 ὁ
1030 4029 1376 4107 τελούμενος.
1405 4032 1504 4084 Διὰ
1534 4031 1695 4086 τοῦτο
1719 4033 1816 4086 καὶ⁸
1840 4035 2041 4097 πάντες

464 4122 831 4190 πρεσϐύτεροι
855 4124 1141 4193 χαίροντες
1174 4122 1513 4187 ἀσπάζονται
1557 4122 1752 4176 τοῦτον
1792 4110 1870 4187 ὡς
1913 4126 2044 4193 ὁμο·-

464 4216 605 4283 ταγῆ
632 4217 922 4283 γεγονότα,
950 4214 1045 4268 καὶ
1073 4215 1134 4267 τὸ
1162 4214 1264 4285 τῆς
1295 4214 1522 4285 ἀγάπης
1551 4216 1648 4268 καὶ
1670 4215 1769 4286 τῆς
1791 4215 2042 4279 ἐνὼσεως

465 4309 874 4362 ἐπιδείκνυνται
903 4326 917 4340 ο
954 4311 1051 4362 καὶ
1078 4307 1246 4369 εὐθὺς
1286 4308 1504 4361 ἵσταται
1536 4309 1955 4376 ἐπικλινόμενος
1982 4310 2044 4361 ἐκ

466 4401 791 4471 πλαγίουτῇ
824 4399 1103 4472 τραπέζῃ,
1156 4400 1279 4452 καθ’
1332 4399 1527 4453 ἑαυτὸν
1572 4399 1889 4469 εὐχόμενος,
1936 4400 2043 4463 ἓως

2147 3203 2404 3257 omnibus
2432 3203 2653 3268 fatetur,
2686 3211 2740 3258 ct
2766 3203 2913 3257 velut
2946 3203 3171 3275 dignum
3211 3207 3487 3275 accepisse
3546 3210 3725 3277 digni-

2149 3303 2333 3350 tatem.
2364 3295 2480 3360 Qua
2513 3297 2565 3349 in
2599 3311 2657 3351 re
2678 3298 2988 3352 modestum
3021 3313 3144 3353 esse
3173 3308 3226 3353 et
3268 3300 3533 3355 humilem
3563 3318 3724 3371 opor-

2149 3395 2224 3440 tet
2245 3388 2628 3455 accipientem.
2663 3386 2799 3454 Quis
2823 3389 2968 3441 enim
2997 3389 3241 3459 dignus?
3268 3392 3383 3447 Hoc
3422 3393 3565 3446 idem
3599 3411 3731 3447 cau-

2147 3487 2268 3532 tant
2304 3480 2395 3546 qui
2434 3488 2563 3533 sunt
2596 3480 2737 3532 intra
2777 3487 2831 3533 et
2876 3490 3030 3534 extra
3055 3484 3477 3548 isanctuarium,
3513 3485 3728 3554 episco-

2151 3586 2279 3641 pum
2310 3571 2612 3625 imitantes.
2635 3570 2841 3624 Deinde
2859 3571 3187 3626 admonetur
3210 3574 3448 3627 osculari
3476 3584 3723 3629 sanctam

2148 3676 2416 3725 mensam,
2447 3672 2507 3715 ut
2540 3662 2728 3730 gratiae
2749 3663 2984 3731 plenam,
3006 3671 3171 3732 atque
3205 3673 3262 3718 ut
3290 3666 3342 3719 in
3372 3665 3486 3734 ipsa
3517 3668 3725 3721 sancti-

2149 3752 2347 3807 ficatus
2384 3768 2397 3804 :
2435 3762 2620 3822 postea
2648 3755 3015 3823 episcopalem
3055 3757 3360 3822 dexteram,
3394 3764 3454 3811 ut
3480 3774 3577 3826 per
3601 3774 3719 3813 eam

2148 3844 2459 3911 ordinatus,
2497 3855 2550 3900 et
2576 3846 2798 3917 insuper
2828 3863 2995 3915 genas
3040 3860 3261 3918 propter
3295 3850 3536 3904 divinam
3596 3853 3728 3907 cha-

2150 3938 2369 3992 ritatem
2415 3948 2470 3992 et
2522 3953 2733 4006 pacem,
2771 3946 2824 3993 et
2869 3954 2935 3995 eo
2982 3942 3124 4012 quod
3175 3955 3327 4013 gente
3357 3958 3580 4013 precum
3614 3944 3727 4000 sint

2148 4044 2417 4100 organou,
2438 4039 2492 4085 et
2524 4032 2785 4101 quoniam
2808 4042 2956 4087 amat
3001 4044 3053 4088 et
3085 4044 3321 4102 amatur,
3362 4049 3649 4092 consecrat
3675 4052 3729 4091 et

2148 4132 2520 4181 consecratur.
2555 4124 2791 4196 Propter
2821 4126 2925 4182 hoc
2961 4141 3151 4183 omnes
3178 4130 3479 4198 presbyteri
3535 4131 3726 4186 laetan-

2148 4223 2231 4271 tes
2257 4232 2378 4270 eum
2415 4226 2476 4272 ut
2510 4218 2775 4286 aequalem
2805 4225 2858 4273 et
2889 4219 3134 4289 ejusdem
3156 4219 3364 4275 ordinis
3390 4220 3594 4275 factum
3634 4238 3726 4277 sa-

2151 4308 2351 4373 lutant,
2386 4309 2574 4378 illique
2601 4311 2987 4365 demonstrant
3047 4310 3335 4367 char‘itatis
3390 4319 3444 4367 et
3504 4312 3726 4367 unionis

2149 4401 2450 4457 vinculum.
2483 4402 2581 4457 His
2610 4404 2849 4471 peractis
2880 4402 3025 4458 illico
3056 4411 3210 4458 stata
3232 4405 3404 4459 latere
3428 4405 3727 4461 inclinatus

466 4496 606 4563 ἀρθῇ
638 4493 699 4546 τὸ
740 4491 1169 4559 καταπέτασμα,
1204 4490 1299 4543 καὶ
1354 4494 1382 4543 ὁ
1415 4492 1556 4554 θεῖος
1603 4493 1832 4561 γένηται
1864 4493 2042 4545 ἀσπα-

2152 4508 2374 4559 mensae,
2399 4504 2453 4549 et
2484 4495 2535 4547 in
2572 4494 2754 4565 seipso
2806 4505 2929 4551 orat
2953 4496 3124 4551 donec
3184 4496 3407 4551 tollatur
3438 4498 3640 4565 velum,
3676 4513 3730 4554 et

470 4590 625 4653 σμός.
659 4584 799 4639 Τότε
835 4584 946 4654 γὰρ
984 4582 1142 4644 αὖθις
1176 4583 1285 4652 πρὸ
1312 4583 1423 4635 τῶν
1450 4584 1630 4636 ἄλλων
1650 4584 2044 4654 πρεσϐυτέρων

466 4681 789 4747 ἐρχόμενος,
824 4676 970 4728 ποιεῖ
1000 4675 1072 4727 τὰ
1098 4673 1191 4727 τοῦ
1220 4673 1543 4745 ἀσπασμοῦ.
1568 4676 1675 4727 Καὶ
1705 4676 1867 4728 πάλιν
1892 4677 2047 4730 ἵστα-

466 4787 553 4822 ται
584 4768 1012 4837 ύποκλινόμενος
1057 4768 1124 4837 τῇ
1162 4766 1287 4837 θείᾳ.
1332 4764 1606 4837 τραπέζῃ,
1670 4768 1768 4821 καὶ
1818 4767 1915 4822 τὸν
1947 4768 2044 4822 τοῦ

469 4859 606 4914 Θεοῦ
642 4856 1050 4928 ἐκκαλούμενος
1091 4858 1265 4910 ἔλεον.
1890 4851 1901 4861 ’

1024 4972 1276 5025 ΚΕΦΑΛ.
1313 4972 1490 5027 PHB’.

470 5066 662 5131 Ὅπως
696 5068 731 5120 ό
785 5069 940 5131 θειος
978 5064 1271 5137 dprecer}:
1327 5068 1841 5136 χειροτονουμένφ
1905 5069 2048 5137 ἱερεῖ

602 5136 1071 5205 παρακαταθήκη
1098 5135 1351 5188 δίδοται.
1382 5138 1451 5188 Ὃ
1485 5138 1583 5189 καὶ
1615 5135 1833 5206 φρικτό
1845 5156 1900 5194 ν.

553 5230 748 5283 Ἠνίκα
782 5229 841 5281 δὲ
881 5230 911 5281 ὁ
952 5230 1244 5298 ἀρχιερεὺς
1273 5228 1553 5299 σφραγίσῃ
1603 5230 1696 5281 καὶ
1736 5230 1933 5303 τελέσῃ
1979 5232 2049 5285 τὰ

471 5323 622 5393 δῶρα
653 5326 719 5394 τῇ
770 5321 1060 5391 ἐπικλήσει
1108 5320 1204 5372 τοῦ
1257 5320 1404 5372 θείου
1441 5322 1779 5392 Πνεύματος,
1816 5324 1941 5383 τότε
1983 5324 2048 5395 δὴ

472 5416 870 5486 προσκαλεῖται
901 5413 1062 5467 πάλιν
1090 5415 1119 5466 ὁ
1156 5412 1586 5484 χειροτονηθείς.
1623 5415 1732 5467 Καὶ
1753 5413 1936 5468 λαϐὼν
1958 5414 2051 5468 τὸν

472 5509 727 5579 δεύτερον
763 5508 1093 5576 ἡγιασμένον
1114 5508 1319 5560 τέλειον
1346 5507 1515 5577 ἄρτον
1552 5511 1620 5577 τῇ
1648 5509 1843 5581 δεξιᾷὸ
1867 5510 2052 5581 ἀρχιε-

476 5602 625 5672 ρεὺς,
657 5602 843 5655 δίδωσι
873 5598 1061 5652 τοῦτον
1092 5598 1170 5667 τῷ
1208 5601 1667 5669 χειροτονηθέντι,
1719 5604 1818 5664 τὰς
1871 5604 2053 5657 παλά-

476 5710 584 5768 μας
612 5692 972 5757 σταυροειδῶ;
999 5689 1338 5743 ἐκτυποῦντι
1370 5694 1450 5755 είς
1500 5694 1600 5762 τὴν
1622 5692 1715 5746 τοῦ
1752 5693 1897 5746 θείου
1952 5695 2056 5749 πά-

479 5787 600 5849 θους
655 5786 880 5850 ἔνδειξιν
906 5802 919 5816 ο
974 5786 1067 5839 καὶ
1100 5785 1182 5836 ὅτι
1213 5784 1310 5846 τὰς
1350 5786 1605 5855 παλάμας
1639 5788 1851 5857 ἐτρώθη
1907 5790 2049 5857 ὑπὲρ

2151 4582 2332 4636 divina
2392 4584 2484 4636 ﬁat
2532 4586 2812 4640 salutatio.
2881 4587 3019 4641 Tum
3076 4587 3222 4641 enim
3278 4589 3724 4659 presbyterorum

2150 4673 2365 4741 primus
2419 4677 2589 4742 venit,
2639 4685 2693 4730 et
2745 4693 2865 4747 quae
2914 4688 3041 4733 sunt
3094 4680 3444 4733 salutationis
3494 4683 3729 4750 peragit,

2149 4766 2469 4838 iterumque
2514 4778 2624 4825 stat
2670 4772 2870 4826 divina:
2907 4788 3110 4828 mensae
3143 4774 3466 4837 inclinatus,
3525 4785 3576 4827 et
3631 4774 3725 4827 Dei

2149 4858 2585 4916 misericordiam
2622 4861 2908 4920 invocans.

2682 4974 2911 5031 CAPUT
2990 4976 3297 5034 CLXXXII.

2151 5065 2273 5131 Qua
2306 5066 2514 5119 ratione
2543 5068 2753 5120 divinus
2808 5070 2963 5139 panis
3008 5072 3263 5124 tremendi
3296 5073 3520 5142 depositi
3555 5076 3727 5129 instar

2535 5144 2699 5191 datur
2731 5144 2979 5192 ordinato
3020 5143 3342 5209 presbytero.

2222 5228 2360 5284 Cum
2400 5239 2582 5285 autem
2614 5232 2906 5301 episcopus
2929 5233 3253 5301 signaverit,
3286 5245 3339 5289 et
3371 5250 3727 5291 consumma-

2153 5325 2294 5375 verit
2323 5322 2466 5376 dona
2506 5322 2857 5379 invocatione
2886 5325 3060 5378 divini
3098 5325 3379 5395 Spiritus;
3416 5336 3543 5382 tunc
3568 5330 3733 5384 advo-

2154 5423 2310 5467 Catur
2379 5416 2575 5468 iterum
2627 5416 2936 5481 ordinatus,
2988 5424 3043 5471 et
3090 5418 3385 5489 episc0pus
3458 5421 3733 5488 accipiens

2157 5508 2380 5562 dextera
2422 5524 2586 5563 manu
2615 5510 2913 5564 secundum
2945 5527 3141 5581 panem
3174 5512 3445 5582 integrum
3483 5514 3731 5567 sanctiﬁ-

2158 5612 2336 5653 catum
2375 5601 2424 5655 ei
2457 5602 2644 5667 tradit,
2674 5604 2883 5672 palmas
2917 5605 2969 5657 in
3029 5604 3248 5657 modum
3276 5605 3459 5657 crucis
3509 5619 3731 5671 εοῐιιιιιι-

2158 5695 2310 5759 nenti
2348 5694 2399 5746 in
2431 5694 2628 5747 divina:
2652 5695 2928 5762 passionis
2967 5696 3519 5759 demonstrationem,
3570 5704 3732 5765 atque

2164 5789 2324 5843 etiam
2352 5805 2415 5844 ρο
2445 5790 2589 5857 quod
2619 5789 2674 5843 in
2713 5790 2907 5858 palmis
2934 5789 3253 5844 vulneratus
3283 5798 3367 5843 cst
3414 5803 3511 5857 pro
3568 5794 3729 5842 uolns
