4078 6422
435 273 539 337 391

1217 274 1595 334 SYMEONIS
1633 273 2392 334 TIIESSALONICENSIS
2436 274 2792 337 ARCHIEP.

3583 270 3689 333 392

425 389 745 455 cruciﬁxus,
780 390 829 443 ei
865 386 955 457 qui
995 386 1124 442 dicit
1157 402 1171 438 :
1222 406 1240 437 ‹
1278 388 1483 457 Accipe
1539 387 1642 442 hoc
1673 387 2008 457 depositum,

2114 390 2270 458 ἡμῶν
2298 393 2326 442 6
2362 392 2725 456 σταυρωθείς.
2768 392 2877 444 Καί
2915 411 3070 464 φησι,
3112 413 3130 446 ι
3166 394 3312 448 Λάϐε
3354 390 3558 462 ταύτην
3586 390 3689 459 τὴν

427 479 674 548 illudque
698 479 914 533 custodi
954 479 1019 532 ad
1053 478 1347 533 adventum
1392 478 1635 544 Domini,
1660 492 1785 533 cum
1818 477 1952 531 illud
1976 494 2007 532 a

430 585 483 624 re
517 570 882 638 requisiturus
911 576 1017 626 est.
1049 589 1068 621 ι
1113 569 1220 624 Res
1251 569 1368 625 haec
1414 579 1651 625 tremore
1676 578 1731 624 et
1786 569 2013 625 horrore

424 660 650 713 omnino
679 659 838 728 plena
869 670 975 714 est.
1004 658 1259 713 Ostendit
1296 660 1447 713 enim
1477 673 1601 713 cum
1626 659 2009 729 mysteriorum

428 747 523 803 Dei
545 763 894 805 oeconomnm
935 750 1163 814 factum,
1198 763 1368 819 seque
1395 749 1823 804 sacriﬁcandum
1852 763 2013 802 acce-

426 841 775 913 pisseJesum
822 842 1001 911 ipsum
1027 856 1222 911 panem
1257 843 1548 907 viventem,
1576 848 1631 895 et
1668 855 1775 894 non
1799 839 1965 893 alium
1992 856 2008 906 ;

427 947 716 1001 ipsumque
746 943 801 986 et
846 931 988 986 illius
1037 931 1411 986 sacerdotium
1444 939 1504 984 ut
1549 931 1858 999 depositum
1910 928 2010 997 ipsi

426 1023 700 1077 creditum
739 1038 883 1085 esse,
917 1038 1091 1091 caque
1123 1022 1297 1076 teneri
1335 1036 1593 1087 servare;
1634 1018 2012 1074 sacerdotium

425 1115 701 1177 videlicet,
734 1124 790 1173 et
822 1129 1034 1169 sacram
1059 1115 1337 1168 actionem
1364 1112 1738 1176 immaculata,
1773 1127 1839 1166 eo
1866 1112 2011 1180 quod

428 1209 689 1263 Doininns
725 1208 988 1262 rationem
1025 1205 1531 1261 administrationis
1573 1205 1808 1260 istorum
1840 1203 1908 1257 ab
1945 1217 2011 1258 eo

426 1302 686 1370 requiret.

915 1411 1143 1468 CAPUT
1206 1410 1544 1465 CLXXXIII.

498 1507 652 1574 Quod
682 1505 902 1576 periculi
928 1505 1142 1572 plenum
1172 1512 1248 1621 elst
1286 1517 1456 1554 sacra:
1500 1500 1676 1555 missa:
1717 1500 1944 1567 officium

1085 1587 1182 1621 N80
1213 1586 1374 1621 mere.

1085 1586 1374 1641 negligere.

494 1667 599 1724 Ubi
639 1680 786 1720 nunc
822 1674 954 1721 sunt
1009 1665 1105 1734 qni
1176 1661 1476 1719 sacerdotii
1531 1663 1707 1733 gratia
1766 1668 2009 1730 accepta,

2116 479 2616 548 παρακαταθήκην,
2657 484 2755 534 καὶ
2789 482 3025 550 φύλαξον
3071 486 3243 555 αὐτὴν
3275 485 3402 553 ἄχρι
3438 486 3536 554 τῆς
3589 498 3691 535 πα·

2116 570 2344 639 ρουσίας
2378 569 2473 622 τοῦ
2509 571 2742 643 Κυρίου,
2772 574 2861 625 ὅτε
2900 573 3034 644 παρ’
3081 574 3246 628 αὐτοῦ
3280 573 3493 645 μέλλεις
3521 576 3693 627 ἀπαι-

2113 661 2325 714 τεῖσθαι
2362 661 2556 731 αὐτήν.
2591 666 2632 725 ζ»
2698 663 2867 716 Τοῦτο
2929 664 3132 733 φρίκης
3189 666 3409 735 ἁπάσης
3470 662 3690 734 μεστόν.

2114 747 2365 806 Δείκνυσι
2403 753 2537 825 γὰρ,
2583 756 2659 817 ὠς
2689 756 2971 825 οἰκονόμος
3010 758 3119 810 τῶν
3157 757 3252 810 τοῦ
3297 757 3434 810 Θεοῦ
3479 774 3693 827 μυστη-

2116 844 2250 913 ρίων
2280 844 2515 912 γίνεται,
2560 846 2655 896 καὶ
2689 847 2789 898 οὐκ
2815 848 2994 912 ἄλλον,
3041 848 3177 901 ἀλλὰ
3212 848 3301 900 τὸν
3353 849 3564 918 Ἰησοῦν
3596 852 3687 901 τὸν

2113 935 2299 997 ζῶντα
2337 937 2504 1005 ἄρτον
2553 934 2826 1004 λαμϐάνει
2864 939 3198 1009 ἱερουργεῖν,
3250 938 3344 991 καὶ
3377 938 3474 1007 τὴν
3525 941 3689 1006 ἱερω-

2116 1024 2286 1095 σύνην
2315 1025 2482 1078 αὐτοῦ
2515 1025 2609 1079 καὶ
2643 1025 2806 1079 αὐτὸν
2834 1026 2908 1089 ὡς
2934 1027 3404 1097 παρακαταθήκην
3432 1027 3692 1078 πιστεύ;-

2114 1136 2205 1173 ται
2230 1137 2244 1149 ·
2283 1118 2378 1174 καὶ
2411 1120 2621 1188 ὀφείλει
2660 1123 2849 1189 τηρεῖν
2899 1119 3091 1186 ταῦτα,
3124 1120 3222 1189 τὴν
3278 1119 3580 1188 ἱερωσύνην
3631 1136 3688 1171 τε

2119 1213 2214 1265 καὶ
2270 1212 2463 1265 ἑαυτὸν
2514 1212 2796 1281 ἀμώμητα
2821 1225 2835 1241 ’
2890 1212 2972 1264 ὅτι
3005 1212 3099 1265 καὶ
3151 1214 3279 1280 παρ’
3316 1211 3478 1267 αὐτοῦ
3513 1211 3689 1265 ταῦτα
3730 1236 3735 1239 ·

2115 1301 2592 1371 ἁπαιτηθήσονται
2622 1302 2719 1354 τοῦ
2757 1303 2993 1372 Κυρίου.

2660 1411 2914 1464 ΚΕΦΑΛ.
2952 1409 3125 1465 PUI".

2190 1504 2309 1559 Ὅτι
2337 1504 2735 1558 ἐπικίνδυνον
2761 1502 2827 1556 τὸ
2849 1502 3104 1571 ἀμελεῖν
3128 1501 3238 1572 τῆς
3266 1503 3621 1572 ἱερουργίας.

2189 1662 2299 1717 [lci
2332 1663 2441 1731 ἄρα
2482 1661 2622 1715 εἱσὶν
2653 1660 2780 1733 ἄρτι
2823 1662 2873 1713 οἱ
2906 1661 3004 1730 τὴν
3034 1661 3203 1731 χάριν
3250 1663 3353 1732 τῆς
3385 1660 3693 1732 ἱερωσύνης

422 1761 604 1815 ol‘licia
632 1758 1000 1816 sacerdotalia
1034 1758 1368 1827 quibusdam
1419 1755 1818 1812 occasionibus
1890 1753 2007 1825 pie-

2114 1755 2394 1820 λαϐόντες,
2433 1755 2529 1808 καὶ
2560 1756 2658 1810 ἐπὶ
2706 1754 3018 1825 προφάσεσὶ
3057 1768 3193 1819 τισι,
3228 1756 3323 1809 κα)⁸
3350 1750 3416 1825 τῇ
3462 1755 3693 1827 δοκούσῃ

423 1856 555 1910 tatis
622 1852 859 1921 speciem
895 1859 950 1905 et
1006 1848 1348 1920 opinionem,
1390 1862 1578 1903 revera
1630 1856 1812 1901 autem
1872 1842 2010 1898 nihil

425 1944 645 2017 pietatis
676 1941 1004 1998 habentibus
1061 1940 1369 2011 negligunt,
1422 1946 1478 1992 et
1532 1936 1731 2007 supine
1784 1935 2008 2000 habent,

424 2037 596 2092 semel
615 2043 823 2089 tantum
874 2033 1042 2102 idque
1095 2029 1469 2101 perfunctorie
1511 2044 1576 2084 ea
1625 2029 2012 2099 contingentes

423 2140 480 2184 ct
507 2126 868 2183 exercentes?
902 2123 1228 2194 llujnsmodi
1261 2123 1533 2178 rationem
1564 2122 1791 2178 incuria:
1817 2133 2013 2191 postu-

429 2223 712 2284 labuntur,
740 2218 1001 2287 quidnam
1058 2215 1226 2270 fuerit
1273 2216 1420 2284 quod
1455 2226 1553 2270 eos
1589 2214 1658 2268 ab
1697 2211 2010 2268 exercendo

427 2326 657 2367 munere
689 2308 1053 2378 prohibuerit.
1085 2306 1226 2361 Tum
1249 2306 1397 2362 enim
1429 2305 1810 2375 paenitentiam
1846 2320 2011 2375 agens

428 2417 508 2457 tes
558 2418 592 2457 a
652 2400 948 2457 sacerdotii
1005 2399 1272 2455 exercitio
1332 2397 1553 2468 penitus
1598 2410 2008 2452 removeantur.

423 2494 680 2563 Quandiu
722 2501 905 2548 autem
939 2491 1316 2548 sacerdotium
1341 2492 1565 2554 retines,
1597 2498 1651 2544 et
1683 2503 1790 2545 non
1822 2487 2010 2558 prohi-

428 2590 597 2654 heris,
629 2588 782 2658 operi
810 2600 970 2642 sacro
1021 2593 1292 2655 quantum
1353 2581 1562 2638 homini
1627 2581 1747 2637 ﬁeri
1807 2580 2010 2652 poterit

427 2685 646 2740 insiste.
690 2682 786 2741 Est
808 2680 957 2736 enim
981 2693 1116 2749 opus
1145 2676 1277 2733 illud
1299 2674 1492 2732 mundi
1520 2673 1675 2731 salus
1700 2682 1754 2731 et
1784 2688 2010 2731 conscr-

428 2770 601 2827 vatio.

499 2863 794 2931 PoStquam
831 2859 1000 2930 igitur
1025 2856 1273 2929 episcopi
1310 2871 1532 2912 manum
1563 2857 1847 2913 osculatus
1900 2866 2007 2921 est,

422 2965 481 3011 et
537 2970 662 3010 cum
717 2951 903 3009 cordis
957 2951 1293 3006 contritione
1346 2965 1603 3021 egressus
1639 2962 1747 3016 est,
1808 2949 2008 3017 defert,

426 3048 597 3103 elatas
623 3060 819 3100 manus
844 3043 1077 3109 habens,
1105 3056 1328 3098 sacrum
1385 3056 1585 3111 panem
1616 3042 1684 3096 ad
1733 3058 2004 3108 mensam,

2119 1847 2240 1918 μὲν,
2273 1847 2349 1917 μὴ
2399 1847 2536 1918 οὔσῃ
2564 1848 2623 1901 δὲ
2656 1846 2941 1917 εὐλαϐείᾳ,
2970 1849 3146 1917 οἰήσει
3170 1846 3228 1900 δὲ
3262 1848 3466 1919 μᾶλλον
3493 1849 3690 1911 εἱπείν,

2113 1941 2224 1993 τῶν
2256 1940 2356 2006 τῆς
2392 1938 2701 2010 ἱερωσύνης
2727 1930 3172 2009 καταμελόῢντες
3205 1939 3300 1992 καὶ
3329 1940 3516 2009 ἀργῶς
3545 1941 3694 2010 ἔχον-

2114 2050 2230 2099 τες,
2275 2032 2424 2099 ἅπαξ
2455 2033 2512 2086 δὲ
2546 2033 2710 2103 μόνον
2741 2028 2853 2086 οἷον
2884 2033 3205 2102 ἁπτόμενοι,
3240 2036 3337 2087 καὶ
3363 2035 3440 2096 ὡς
3468 2035 3526 2087 ὲν
3558 2052 3693 2105 παρα

2114 2124 2265 2194 έργῳ
2287 2125 2571 2187 ποιοῦντες
2591 2142 2605 2191 ;
2636 2118 2800 2179 Οὗτοι
2818 2123 2913 2178 τδν
2938 2124 3096 2193 λόγον
3122 2127 3222 2194 τῆς
3244 2124 3506 2193 ἀμελείας
3527 2126 3691 2180 ditat-

2113 2216 2466 2287 τηθήσονται,
2501 2218 2553 2269 εί
2589 2217 2663 2287 μή
2694 2233 2803 2270 που
2833 2217 2896 2271 τὸ
2925 2217 3137 2270 κωλύον
3171 2218 3289 2271 ἐστί
3315 2234 3369 2271 τι
3394 2233 3408 2249 ο
3436 2219 3558 2272 τότε
3584 2219 3692 2288 γὰρ

2114 2309 2223 2361 τῶν
2254 2311 2352 2379 τῆς
2386 2309 2693 2378 ἱερωσύνης
2730 2308 2959 2361 καθόλου
2995 2308 3388 2378 μετανοοῦντες
3445 2311 3693 2380 ἀποστήφ

2112 2417 2319 2455 τωσαν.
2367 2401 2485 2468 Ἐφ’
2519 2401 2644 2456 ὅσον
2673 2401 2731 2454 δὲ
2762 2401 2961 2472 ἀντέχῃ
2993 2401 3200 2471 ταύτης
3222 2440 3238 2467 ,
3265 2404 3359 2454 καὶ
3387 2404 3450 2456 οὐ
3489 2402 3692 2457 κωλύει

2110 2491 2188 2554 ὡς
2224 2492 2455 2546 δυνατὸν
2512 2491 2789 2564 ἀνθρώπῳ
2848 2493 3003 2562 παρά
3032 2510 3180 2555 τινος
3228 2491 3323 2545 τοῦ
3358 2494 3688 2565 ἱερουργεῖν,

2114 2582 2244 2653 ἔχου
2276 2583 2374 2638 τοῦ
2408 2584 2597 2655 ἔργου,
2626 2586 2711 2638 ὅτι
2749 2583 2839 2638 τοῦ
2874 2587 3083 2655 κόσμου
3112 2585 3231 2638 ἐστὶ
3259 2588 3548 2657 σωτήριονι

2195 2853 2620 2925 Ἀσπασάμενος
2648 2853 2742 2908 οὖν
2785 2853 2886 2925 τὴν
2934 2857 3096 2925 χεῖρα
3124 2855 3219 2908 τοῦ
3276 2854 3562 2927 ἱεράρχου,
3599 2858 3692 2910 καὶ

2116 2949 2259 3017 μετά
2290 2947 2585 3016 συντριϐῆς
2612 2947 2888 3011 ἀπελθὼν,
2923 2948 3036 3001 ἄνω
3064 2949 3163 3010 τὰς
3204 2949 3393 3017 χεῖρας
3436 2948 3575 3018 ἔχων
3630 2952 3693 3002 ὲν

2116 3042 2187 3109 τῇ
2218 3038 2470 3111 τραπέζῃ
2498 3040 2589 3093 τὸν
2620 3040 2786 3109 ἄρτον
2840 3040 3022 3112 φέρων
3051 3042 3145 3094 τὸν
3201 3041 3369 3111 ἱερὴν,
3421 3042 3515 3095 καὶ
3570 3047 3690 3109 ταῖς

423 3143 479 3188 ct
507 3134 685 3203 capite
708 3132 959 3187 manibus
1004 3131 1356 3186 incumbente
1378 3142 1520 3196 orat,
1577 3133 1901 3187 memoriam
1929 3134 2008 3187 fa-

2115 3131 2302 3202 χερσὶν
2327 3132 2684 3201 ἐπικειμένην
2706 3135 2806 3203 τὴν
2829 3133 3097 3204 κεφαλὴν,
3131 3132 3372 3203 εὔχεται,
3402 3137 3693 3207 μεμνημέ-

426 3228 579 3281 ciens
610 3232 663 3279 et
690 3224 779 3277 sui
813 3222 986 3291 ipsius
1008 3231 1063 3277 et
1096 3221 1336 3292 episcopi
1366 3223 1461 3292 qui
1501 3223 1677 3293 ipsum
1712 3224 2009 3291 ordinavit,

424 3317 785 3386 omniumque
821 3313 1154 3370 clericorum
1188 3322 1242 3369 et
1293 3314 1583 3381 laicorum,
1643 3316 2012 3386 omnibusque

426 3409 659 3464 salutem
707 3406 1008 3478 deposcit:
1061 3406 1361 3461 viventium
1397 3422 1619 3478 quoque
1668 3408 2013 3465 orthodoxo—

428 3518 549 3556 rum
585 3507 637 3556 et
668 3512 1010 3577 mortuorum
1044 3500 1388 3555 recordatur.
1441 3498 1622 3569 Ipsum
1653 3501 1798 3555 enim
1825 3502 2012 3555 Domi-

388 3604 392 3608 ‘
429 3610 558 3649 num
601 3592 859 3647 manibus
895 3598 1063 3657 tenet,
1128 3591 1360 3662 ejusque
1412 3606 1609 3649 ntanns
1641 3606 1773 3649 vasa
1827 3602 2005 3661 sunt;

428 3688 547 3755 ipse
593 3686 683 3755 qui
717 3693 933 3738 tenetur
962 3680 1121 3738 Jcsus
1169 3682 1446 3748 Christus,
1481 3694 1566 3740 est
1594 3685 1645 3741 ei
1671 3696 1726 3741 et
1757 3686 2011 3743 manibus

426 3792 480 3833 et
513 3778 676 3847 capiti
706 3775 913 3830 unctio.
946 3774 1072 3830 Ideo
1096 3774 1185 3829 hic
1222 3785 1281 3829 ut
1306 3784 1359 3829 et
1388 3774 1444 3829 in
1465 3775 1717 3833 omnibus
1748 3778 2012 3834 innovant

429 3872 606 3926 Latini
656 3871 1007 3940 presbyteros
1075 3882 1207 3923 suos
1272 3867 1430 3938 legali
1506 3883 1659 3924 more
1719 3882 2008 3940 ungentes,

426 3967 572 4032 quod
619 3961 910 4031 Dionysius
943 3975 1052 4014 non
1084 3959 1237 4014 dicit.
1273 3957 1350 4013 Ita
1382 3967 1540 4016 stans
1569 3961 1861 4031 presbyter
1889 3974 2014 4032 post

425 4052 624 4122 capitis
658 4050 1093 4117 inclinationem,
1117 4059 1172 4104 et
1194 4050 1498 4105 orationem
1525 4069 1540 4107 :
1574 4070 1592 4102 ι
1619 4052 1874 4120 Attende,
1900 4051 2009 4107 Do-

426 4146 573 4198 mine
600 4142 730 4199 Jesu
763 4141 1003 4208 Christe,
1034 4160 1054 4193 ι
1086 4141 1413 4196 admonetur
1450 4142 1672 4210 iterum,
1704 4155 1757 4199 et
1788 4145 1893 4199 fert
1924 4146 2013 4200 die

427 4237 609 4294 vinum
648 4250 867 4306 panem,
909 4241 964 4288 et
997 4234 1053 4287 in
1094 4233 1252 4288 disco
1291 4234 1466 4303 ponit,
1505 4249 1631 4289 cum
1659 4236 1732 4291 sit
1767 4237 2013 4291 exaltan-

426 4330 551 4384 dus.
596 4327 736 4381 Tum
769 4329 916 4381 enim
957 4325 1249 4394 cpiscopus
1315 4326 1561 4381 divinum
1598 4342 1793 4396 partem
1828 4330 1884 4382 in
1916 4329 2007 4384 di-

2116 3239 2205 3285 νος
2231 3223 2328 3277 καὶ
2354 3223 2496 3293 ὑπὲρ
2525 3223 2724 3278 ἑαυτοῦ
2761 3223 2857 3277 καὶ
2892 3223 2987 3276 τοῦ
3018 3227 3499 3296 χειροτονήσαντος
3536 3227 3695 3298 150

2114 3313 2278 3367 αὑτὸν
2311 3315 2595 3384 ἱερόιρχου,
2635 3315 2728 3369 καὶ
2764 3315 2987 3368 πάντων
3026 3317 3324 3385 ἱεμτικῶν
3351 3335 3411 3371 τε
3444 3319 3540 3372 καὶ
3569 3322 3691 3373 λαῖ-

2114 3404 2227 3458 κῶν
2247 3422 2260 3435 ⁶
2280 3408 2371 3459 καὶ
2399 3405 2497 3472 τὴν
2532 3406 2811 3477 σωτηρίαν
2849 3406 3055 3461 ἅπασιν
3077 3409 3403 3474 ὲξαιτείταιο
3435 3413 3528 3464 καὶ
3558 3411 3693 3476 ζώνο

2113 3515 2226 3553 των
2253 3498 2555 3568 ὀρθοδόξων
2585 3501 2682 3553 καὶ
2706 3500 3021 3555 τεθνεώτων
3054 3502 3359 3573 μέμνηται·
3385 3504 3549 3558 αὐτὸν
3582 3505 3690 3577 γὰρ

2112 3589 2233 3651 ταῖς
2264 3591 2421 3659 χερσὶ
2449 3589 2671 3659 κατέχει
2692 3592 2783 3644 τὸν
2830 3593 3038 3664 Κύριον
3059 3610 3074 3625 ⁸
3101 3594 3195 3646 καὶ
3226 3595 3283 3646 αἱ
3307 3596 3490 3666 χεῖρες
3514 3597 3684 3651 αὑτοῦ

2117 3677 2262 3749 ὑπὲρ
2290 3680 2361 3733 τὰ
2409 3681 2530 3751 ἱερά
2558 3682 2665 3734 εἱσι
2707 3680 2878 3752 σκεύη
2904 3696 2921 3713 ·
2956 3686 3053 3735 καὶ
3103 3684 3131 3735 6
3178 3686 3546 3755 κατεχόμενος
3585 3688 3692 3757 Ἰη-

2115 3769 2244 3833 σοῦς
2276 3769 2533 3839 Χριστὸς,
2568 3766 2726 3834 οὗτος
2785 3772 2998 3842 χρίσμα
3036 3771 3188 3843 αὐτῷ
3228 3776 3324 3827 καὶ
3375 3779 3498 3841 ταῖς
3532 3779 3691 3850 χερσὶ

2114 3863 2209 3913 καὶ
2231 3863 2296 3931 τῇ
2327 3863 2565 3932 κεφαλῇ.
2598 3864 2688 3916 Διὸ
2714 3865 2812 3917 καὶ
2834 3858 2936 3917 ὦδε
2957 3864 3031 3922 ὡς
3061 3865 3156 3918 καὶ
3190 3865 3249 3917 ὲν
3278 3868 3414 3920 πᾶσι
3445 3885 3691 3922 καινοτο-

2118 3953 2284 4023 μοῦσι
2330 3955 2577 4022 Λατῖνοι,
2610 3959 2740 4018 τοὺς
2776 3957 2959 4009 αὐτῶν
3010 3956 3420 4027 πρεσϐυτέρους
3451 3960 3691 4028 νομικῶς

2114 4046 2363 4115 χρίοντες
2389 4060 2405 4076 ⁸
2453 4046 2593 4116 ὅπερ
2628 4046 2691 4100 οὕ
2725 4064 2862 4118 φησι
2909 4049 3208 4112 Διονύσιος.
3244 4048 3404 4104 οὕτω
3448 4051 3505 4103 δὲ
3541 4052 3690 4103 ἱστά-

2118 4154 2299 4204 μενος,
2339 4139 2478 4209 μετὰ
2532 4141 2635 4209 τὴν
2686 4140 3110 4209 κεφαλοκλισίαν
3151 4142 3180 4194 6
3232 4143 3415 4212 ἱερεὺς
3467 4145 3559 4195 καὶ
3591 4144 3689 4211 τὴν

2115 4229 2281 4301 εὐχὴν
2298 4231 2378 4296 τὸ,
2414 4250 2433 4282 ι
2463 4232 2763 4301 Πρόσσχες,
2790 4222 2962 4300 Κύριε
3007 4231 3182 4302 Ἰησοῦ
3205 4233 3433 4305 Χριστὲ,
3462 4252 3481 4286 ι
3518 4251 3689 4305 προσ-

2115 4300 2362 4373 καλεῖται
2425 4320 2588 4374 πάλιν
2613 4300 2769 4375 ’καὶ
2809 4323 2968 4391 φέρει
3034 4300 3126 4376 τὸν
3171 4300 3317 4377 θείον
3349 4325 3537 4395 ἄρτον,
3564 4300 3690 4379 ⁷κσιὶ

427 4436 520 4477 sco
552 4420 783 4489 positum
848 4404 1044 4483 elevat,
1084 4428 1139 4471 et
1187 4409 1334 4472 hunc
1368 4417 1533 4472 simul
1564 4434 1652 4485 eo,
1693 4418 1871 4475 Unum
1927 4432 2014 4479 est

2117 4411 2334 4483 τίθησιν
2366 4415 2529 4467 αὐτὸν
2561 4416 2620 4467 ἐν
2656 4415 2733 4485 τῷ
2777 4417 2970 4486 δίσκῳ,
2999 4416 3122 4470 ἐπεὶ
3156 4417 3344 4487 μέλλει
3397 4418 3686 4488 ὑψοῢσθαι.

425 4512 574 4566 enim
613 4507 819 4563 Christi
871 4521 1097 4575 corpus.
1153 4506 1244 4563 Sic
1274 4523 1399 4564 cum
1434 4510 1626 4564 hostiae
1678 4511 2005 4569 divisionem

431 4603 658 4672 peregit,
689 4615 810 4670 quae
839 4608 1095 4670 spectant
1120 4599 1189 4653 ad
1213 4601 1464 4656 unionem
1508 4603 1678 4672 partis
1717 4604 1836 4674 ejus
1883 4622 2009 4662 cum

428 4693 621 4758 calice,
645 4699 697 4745 et
725 4704 842 4758 qua:
876 4687 946 4742 ad
976 4690 1418 4744 communionem
1443 4705 1546 4760 pro
1590 4706 1746 4746 more
1772 4694 2009 4762 perﬁcit.

380 4798 398 4851 ,‘-
430 4786 724 4856 Postquam
758 4784 923 4853 igitur
957 4783 1325 4839 sanctissimis
1380 4784 1659 4852 mysteriis
1702 4787 2012 4840 communi-

430 4881 572 4933 cavit
596 4879 1056 4948 episcopus,ante
1088 4883 1318 4931 caeteros
1370 4876 1718 4947 presbyteros
1749 4878 1895 4933 venit
1915 4893 2013 4932 or-

428 4971 669 5035 dinatus,
707 4971 913 5023 honore
940 4983 1047 5037 pra:
1070 4968 1285 5022 caeteris
1314 4968 1536 5022 habitus
1559 4975 1785 5037 propter
1818 4984 2009 5024 recens

430 5071 707 5130 acceptam
740 5062 993 5131 gratiam,
1021 5070 1075 5116 et
1132 5060 1542 5114 renovationem
1576 5075 1608 5112 a
1646 5060 1835 5114 divino
1884 5058 2011 5131 Spi-

430 5158 536 5209 ritu
566 5153 678 5222 jam
711 5151 931 5206 factum.
975 5151 1303 5220 Undejnxta
1353 5151 1806 5207 consuetudinem
1875 5152 2010 5206 vivi~

431 5246 515 5301 tici
540 5245 698 5316 panis
736 5243 1012 5314 particeps
1052 5258 1148 5313 per
1171 5245 1491 5313 episcopum
1527 5242 1731 5310 factus,
1790 5252 1845 5301 et
1874 5245 2009 5300 dex-

430 5347 600 5391 teram
638 5344 692 5389 et
725 5348 919 5404 genam
948 5333 1065 5403 ejus
1114 5334 1413 5398 osculatur,
1466 5333 1665 5389 deinde
1721 5336 2004 5388 tremendo

434 5428 596 5485 calici
648 5420 1040 5482 communicat.
1104 5425 1369 5481 Redditus
1411 5428 1491 5482 sic
1534 5440 1660 5481 vere
1708 5424 2007 5495 perfectus,

428 5534 482 5578 et
524 5520 804 5575 tremenda
850 5522 1242 5574 communione
1296 5519 1571 5589 sigillante
1601 5530 1655 5575 et
1683 5519 2007 5589 obsignante

428 5625 832 5672 sacramentum
868 5614 1254 5679 ordinationis,
1292 5615 1346 5670 in
1386 5616 1619 5687 quodam
1653 5616 1773 5670 loco
1818 5615 2007 5670 altaris

429 5707 703 5773 subsistit,
731 5716 782 5763 et
804 5705 1239 5765 sacratissimum
1270 5709 1494 5763 calicem
1530 5708 1783 5762 manibus
1807 5715 2002 5763 tenens

2121 4506 2255 4559 Τότε
2299 4507 2404 4575 γὰρ
2439 4510 2468 4560 ὁ
2500 4507 2765 4577 ἱερὰρχης
2818 4508 2910 4561 τόν
2959 4524 3019 4560 τε
3048 4512 3106 4561 ὲν
3141 4508 3220 4578 τῷ
3245 4508 3416 4577 δίσκῳ
3468 4512 3693 4579 προκεί-

2117 4614 2276 4666 μενον
2315 4597 2457 4651 θεῖον
2490 4600 2655 4669 ἄρτον
2708 4599 2804 4652 καὶ
2855 4599 3021 4653 αὑτὸν
3049 4599 3247 4668 ἀνυψοί
3276 4601 3415 4668 ὁμοῦ
3437 4616 3454 4633 ·
3489 4601 3548 4652 ἓν
3577 4601 3685 4669 γάρ

2113 4692 2231 4743 ἐστι
2281 4690 2342 4743 τὸ
2380 4690 2541 4760 σῶμα
2589 4692 2855 4760 Χριστοῦ.
2894 4692 3003 4746 Καὶ
3044 4690 3187 4745 οὕτω
3232 4690 3458 4760 μελίσας
3490 4691 3558 4743 τὰ
3588 4693 3685 4759 τῆς

2113 4782 2362 4844 ὲνώσεὼς
2386 4784 2480 4837 τοῦ
2513 4784 2801 4854 ποτηρίου,
2835 4786 2930 4837 καὶ
2963 4784 3033 4837 τὰ
3067 4784 3168 4852 τῆς
3220 4786 3508 4845 κοινωνίας
3547 4785 3689 4836 κατὰ

2112 4875 2174 4928 τὸ
2203 4874 2324 4939 ἔθος
2354 4875 2565 4929 ἐκτελεί
2585 4891 2597 4903 ·
2632 4876 3064 4946 κοινωνήσαντος
3094 4875 3189 4929 οὖν
3219 4874 3332 4928 τῶν
3362 4874 3689 4943 ἁγιωτάτων

2113 4964 2204 5017 τοῦ
2236 4966 2492 5037 ἱεράρχου
2531 4962 2639 5037 πρὸ
2669 4965 2780 5021 τῶν
2829 4966 3004 5019 ἄλλων
3056 4965 3472 5034 πρεσϐυτέρων,
3509 4968 3534 5019 6
3565 4985 3682 5036 χειο

2114 5057 2425 5127 ροτονηθεὶς
2457 5058 2679 5129 ἔρχεται
2696 5057 3113 5128 προτιμώμενος
3138 5058 3267 5127 ἄρτι
3288 5056 3378 5111 διὰ
3398 5058 3500 5127 τὴν
3523 5059 3685 5128 χάρ.ν

2114 5150 2210 5203 καὶ
2257 5150 2319 5201 τὸ
2351 5149 2763 5219 ὲγκαινισθῆναι
2814 5150 2915 5220 ἥδη
2955 5147 3060 5202 ὑπὸ
3100 5146 3196 5200 τοῦ
3242 5147 3396 5201 θείου
3428 5148 3685 5219 Πνεῦμα-

2112 5257 2222 5304 τσς.
2256 5239 2417 5293 Ὅθεν
2467 5242 2560 5295 καὶ
2604 5242 2747 5294 κατὰ
2780 5242 2840 5292 τὸ
2882 5239 3025 5303 ἔθος,
3073 5239 3170 5293 τοῦ
3204 5238 3478 5303 ζωοποιοῦ
3519 5256 3687 5308 μετα-

2112 5333 2259 5403 σχὼν
2294 5333 2486 5404 ἄρτου,
2540 5332 2720 5385 λαϐὼν
2751 5332 2904 5402 παρὰ
2954 5330 3047 5387 τοῦ
3084 5332 3414 5403 ἀρχιερέως,
3445 5334 3539 5385 καὶ
3570 5330 3684 5399 τὴν

2110 5425 2291 5492 δεξιὰν
2343 5426 2437 5478 καὶ
2468 5424 2569 5492 τὴν
2621 5426 2856 5496 παρειὰν
2911 5423 3081 5476 αὑτοῦ
3133 5424 3551 5493 ἀσπασάμενος,
3585 5423 3683 5474 καὶ

2111 5520 2454 5587 κοινωνήσας
2483 5516 2577 5571 τοῦ
2603 5516 2836 5587 φρικτοῦ
2869 5517 3160 5586 ποτηρίου,
3192 5517 3286 5569 καὶ
3311 5514 3456 5568 οὕτω
3472 5514 3681 5577 τέλειος

2111 5609 2277 5673 ὄντως
2323 5608 2588 5678 γεγονὼς,
2618 5611 2717 5678 τῆς
2754 5609 2992 5679 φρικτῆς
3026 5608 3318 5669 κοινωνίας
3347 5610 3627 5674 ἐπισφρτιθί
3636 5626 3705 5654 1"

2111 5702 2313 5771 ξούσης
2346 5704 2445 5770 τὴν
2472 5702 2694 5771 τελετὴν
2727 5703 2828 5770 τῆς
2883 5702 3244 5770 χειροτονίας,
3299 5695 3356 5754 ἐν
3391 5715 3495 5751 τινι
3528 5699 3679 5763 τόπῳ
