4078 6482
288 420 394 476 393

1340 416 1438 477 DE
1486 418 1757 477 SACRIS
1792 415 2475 503 OhDINATIONIBUS.

3420 421 3527 483 ενι

285 532 379 590 τοῦ
418 526 807 599 θυσιαστηρίου
837 527 1072 581 ίσταται.
1114 528 1225 583 Καὶ
1266 529 1328 581 τὸ
1360 530 1655 599 ἱερώτατον
1695 532 1860 600 ποτή-

1980 530 2029 583 le
2057 530 2242 586 divino
2285 535 2551 605 sanguine
2591 535 2778 589 tradit.
2831 538 3168 608 Presliyterls
3198 548 3251 593 et
3282 538 3532 593 diacnnis

290 646 403 698 ριον
425 628 545 688 ταῖς
570 641 629 694 χε
640 624 727 694 pol
754 623 1022 693 κατέχων,
1053 624 1375 693 μεταδίδωσι
1401 625 1496 677 τοῦ
1518 625 1664 677 θείου
1693 625 1858 693 αἵμα-

286 736 378 781 τος
400 718 515 780 τοῖς
540 716 1005 786 προσερχομένοις
1028 716 1237 787 ἱερεῦσι
1256 718 1348 769 καὶ
1371 718 1643 780 διακόνοις
1668 733 1683 748 ο
1721 733 1861 786 μαρ-

1964 624 2370 689 accedentibus,
2455 639 2620 697 opere
2685 628 2981 684 testiﬁcans
3038 646 3096 686 se
3157 644 3531 686 consecratum

1961 730 2085 771 esse
2135 716 2192 773 in
2244 728 2713 774 sacramentorum
2768 723 3127 785 sacerdotem,
3178 733 3233 779 et
3290 739 3351 779 ea
3411 723 3534 779 aliis

290 810 625 880 τυρούμενος
687 807 777 860 διὰ
831 806 926 860 τοῦ
984 808 1170 876 ἔργου,
1220 806 1297 870 ὡς
1366 806 1475 861 τῶν
1543 808 1861 877 μυστηρίων

1980 808 2399 864 :ommunicandi
2456 808 2766 866 facultatem
2823 818 2878 866 et
2934 814 3312 870 auctoritatem
3378 827 3538 870 acce-

288 902 603 954 τετέλεσται
627 900 807 969 ἱερεὺς
832 899 927 952 καὶ
955 900 1161 953 τούτων
1187 900 1367 963 ἄλλοις
1398 900 1742 970 μεταδιδόναι
1764 900 1862 968 τὴν

293 992 546 1057 ἐξουσίαν
574 992 672 1044 καὶ
714 989 943 1058 δύναμιν
975 988 1187 1059 εἴληφε.

823 1105 1054 1159 ΚΕΦΑΛ
1070 1145 1084 1159 .
1121 1104 1281 1160 PILV.

293 1220 455 1271 Διατί
481 1217 765 1281 διάκονος
793 1218 890 1270 καὶ
926 1217 1335 1283 πρεσϐύτερος
1357 1217 1489 1283 ἄρτι
1523 1232 1864 1285 χειροτονη-

365 1289 590 1351 θέντες,
623 1290 655 1339 ό
682 1286 800 1354 μὲν
849 1287 956 1350 τὰς
987 1287 1338 1351 τελευταίας
1385 1284 1686 1354 αἰτήσεις,
1727 1289 1760 1341 d
1797 1284 1866 1338 δὲ

365 1356 480 1423 τὴν
514 1355 979 1423 ὀπισθάμόωνον
1007 1354 1203 1423 εὐχὴν
1231 1355 1552 1422 λέγουσιν.

373 1450 486 1518 Τῆς
509 1447 565 1499 δὲ
591 1446 915 1509 τελευταίας
946 1447 1085 1515 μετὰ
1118 1444 1218 1515 τὴν
1243 1446 1505 1499 ἀπόθεσιν
1534 1446 1645 1498 τῶν
1705 1446 1867 1500 θείων

297 1543 485 1611 δώρων
518 1543 574 1594 ὲν
597 1543 663 1611 τῇ
698 1540 957 1610 προθέσει
988 1542 1282 1610 γινομένης
1324 1541 1514 1610 εὐχῆς,
1560 1543 1587 1594 ὁ
1625 1540 1722 1611 μὲν
1748 1540 1869 1594 διά-

300 1649 453 1693 κονος
480 1631 879 1702 χειροτονηθείῖς
899 1633 1097 1684 νεωστὶ
1125 1630 1225 1694 τὰς
1269 1632 1515 1702 αἰτήσεις
1532 1632 1653 1685 τότε
1681 1634 1866 1701 φησιν,

299 1727 430 1795 ἄρτι
472 1726 925 1797 μαρτυρούμενος
982 1727 1076 1779 καὶ
1120 1726 1471 1795 δεικνύμενος
1502 1726 1579 1793 τῷ
1628 1724 1764 1794 λαῷ,
1794 1724 1870 1788 ὡς

296 1818 541 1885 κατέστη
578 1815 714 1869 Θεοῦ
745 1817 1048 1887 ὑπηρέτης,
1077 1817 1171 1870 καὶ
1197 1817 1295 1878 τὰς
1326 1818 1570 1885 αἰτήσεις
1594 1815 1870 1868 ποιεῖσθαι

1965 897 2132 967 pisse.

2454 1102 2685 1159 CAPUT
2707 1106 3040 1162 CLXXXIV.

1967 1215 2147 1280 Quare
2190 1217 2443 1270 diaconus
2478 1217 2528 1271 et
2571 1220 2840 1291 presbyter
2875 1220 3109 1291 jamjam
3152 1226 3408 1285 ordinati.
3445 1224 3538 1279 ille

2034 1294 2329 1359 postremas
2361 1303 2560 1351 preces,
2600 1290 2684 1341 hic
2720 1307 2810 1344 eas
2856 1290 3143 1359 quw’retro
3174 1297 3449 1348 ambonem
3482 1300 3537 1349 in

2035 1356 2255 1409 ecclesia
2287 1357 2445 1423 ﬁunt,
2478 1360 2693 1412 recitat.

2039 1444 2332 1502 Postrema
2359 1448 2607 1504 oratione
2639 1449 2801 1513 facta,
2858 1461 2982 1521 post
3045 1454 3431 1523 depositionem
3459 1457 3544 1511 di-

1970 1539 2221 1593 vinorum
2277 1538 2546 1593 donorum
2596 1540 2649 1594 in
2706 1543 2970 1611 prothesi,
3026 1546 3295 1602 diaconus
3346 1563 3541 1602 recens

1968 1629 2255 1684 ordinatus
2286 1631 2598 1698 rogationes
2655 1642 2786 1687 tunc
2817 1636 3030 1700 recitat,
3086 1637 3199 1707 jam
3245 1638 3546 1694 tostiticans

1969 1733 2024 1775 et
2054 1721 2448 1777 demonstrans
2477 1724 2678 1794 populo
2746 1740 2806 1781 se
2859 1727 3217 1782 constitutum
3273 1743 3398 1784 esse
3452 1730 3546 1782 Dei

1973 1812 2312 1877 ministrum,
2367 1815 2596 1882 gratiam
2634 1816 2948 1884 rogationes
2984 1833 3083 1888 pro
3137 1820 3256 1889 ipso
3307 1819 3543 1875 faciendi

300 1911 443 1979 ὑπὲρ
482 1908 652 1963 αὐτοῦ
684 1912 845 1981 χάριν
895 1909 1109 1979 εἴληφε,
1170 1908 1265 1961 καὶ
1300 1908 1730 1975 προσκαλεῖσθαι
1775 1908 1868 1960 τὸν

1980 1904 2269 1974 accepisse,
2295 1905 2361 1960 ad
2395 1920 2584 1975 preces
2611 1915 2666 1963 et
2716 1909 2996 1965 orationes
3056 1911 3315 1980 populum
3349 1913 3550 1966 exhor-

299 2002 430 2054 λαὸν
460 2002 601 2071 πρὸς
655 2000 756 2063 τὰς
796 2001 1107 2070 προσευχὰς
1154 2001 1251 2054 καὶ
1295 2000 1505 2070 δεήσεις
1561 1998 1609 2065 (ὃ
1659 1998 1724 2068 δὴ
1770 1999 1869 2067 τῆς

301 2094 643 2165 καθαρτικῆς
668 2095 785 2146 ἐστι
809 2090 1016 2157 τάξεως
1043 2092 1137 2146 καὶ
1164 2090 1596 2161 λειτουργικῆς).
1625 2088 1720 2144 καὶ
1741 2091 1872 2143 άνα-

1974 1996 2122 2049 tandi
2151 1996 2255 2064 (est
2285 1996 2430 2050 enim
2481 1998 2692 2053 ordinis
2726 2001 2998 2070 purgativi
3049 2010 3105 2056 et
3145 2004 3549 2073 ministerialis)

1970 2092 2025 2139 et
2048 2099 2173 2139 eum
2203 2084 2314 2140 Deo
2339 2088 2724 2144 consecrandi.
2784 2088 2909 2145 Ideo
2959 2092 3012 2146 in
3058 2094 3242 2163 sacris
3293 2097 3553 2165 precibus

300 2188 509 2241 τιθέναι
538 2186 740 2249 αὐτοὺς
776 2185 854 2252 τῷ
898 2186 1038 2253 Θεῷ.
1072 2187 1168 2239 Διὸ
1198 2186 1293 2240 καὶ
1323 2185 1401 2255 τῷ
1436 2186 1573 2256 ἱερεῖ
1600 2183 1872 2253 ἐξυπηρε-

1980 2177 2309 2246 conspicitur
2351 2180 2625 2235 sacerdoti
2672 2180 2959 2248 inservire,
3023 2186 3225 2255 populo
3272 2188 3548 2244 edicens:

268 2314 277 2317 -
303 2277 571 2343 τούμενος
603 2274 854 2341 φαίνεται
901 2274 960 2325 ὲν
983 2275 1101 2335 τοῖς
1134 2274 1311 2343 ἱεραῖς
1340 2273 1551 2342 εὐχαῖς,
1592 2273 1729 2343 πρὸς
1778 2270 1872 2347 τὸν

1980 2265 2296 2321 «Dominum
2322 2266 2699 2337 deprecemur,
2734 2287 2754 2323 ι
2788 2286 2911 2327 cum
2945 2276 3200 2331 sacerdos
3243 2292 3430 2347 preces
3482 2266 3551 2332 ad

300 2366 428 2420 λαὸν
460 2365 754 2434 ἐπιλέγων,
820 2383 839 2417 ι
876 2363 986 2417 Τοῦ
1041 2362 1247 2432 Κυρίου
1298 2364 1604 2434 δεηθῶμεν,
1640 2382 1658 2415 ι
1695 2364 1753 2414 ὲν
1793 2362 1873 2433 τῷ

1980 2354 2144 2413 Deum
2166 2358 2417 2415 dicturus
2440 2370 2547 2426 est,
2573 2364 2831 2419 sacerdos
2866 2373 3044 2420 autem
3084 2382 3278 2423 recens
3330 2372 3555 2425 ordina-

258 2465 262 2468 ’
307 2459 525 2528 μέλλειν
553 2457 646 2510 τὸν
676 2456 830 2526 ἱερέα
867 2456 1049 2524 λέγειν
1071 2456 1170 2524 τὴν
1221 2454 1389 2524 εὐχὴν
1416 2454 1556 2524 πρὸς
1586 2453 1678 2506 τὸν
1713 2452 1869 2507 Θεόν.

1980 2460 2065 2505 tus
2092 2450 2390 2505 orationem
2424 2450 2535 2507 Deo
2581 2452 2760 2519 oﬂ‘ert,
2818 2471 2942 2525 qum
2990 2457 3226 2528 liturgiaa
3276 2470 3555 2529 postrema

312 2548 375 2605 ’0
397 2549 453 2602 δέ
487 2565 545 2617 γε
568 2550 763 2601 νεωστὶ
797 2545 1204 2617 χειροτονηθεὶς
1238 2545 1422 2615 ἱερεὺς
1444 2543 1613 2614 αὐτὴν
1641 2545 1741 2614 τὴν
1780 2545 1872 2596 εὐ-

1980 2549 2082 2605 est,
2119 2550 2317 2609 etpost
2367 2543 2661 2597 ambouem
2719 2545 2923 2601 dicitur
2954 2566 2968 2603 :
3001 2563 3110 2616 quo
3155 2528 3291 2618 ipse,
3313 2552 3558 2607 ostendit
3641 2528 3648 2537 ’

303 2640 407 2708 χὴν
439 2638 577 2707 πρὸς
602 2637 694 2688 τὸν
727 2634 861 2688 Θεὸν
890 2634 1174 2704 ἀναφέρει,
1209 2632 1249 2703 ἢ
1280 2632 1377 2686 καὶ
1426 2630 1716 2684 τελευταία
1758 2630 1874 2682 ἐστὶ

1980 2642 2030 2688 et
2058 2643 2288 2688 tesmtur
2317 2648 2378 2689 se
2426 2634 2772 2690 sacerdotem
2824 2637 3051 2703 factum,
3088 2648 3144 2694 et
3196 2641 3555 2697 mediatorcm

306 2730 404 2785 καὶ
426 2727 848 2798 ὀπισθάμϐωνος
894 2724 1150 2793 λέγεται·
1201 2723 1558 2791 δεικνύμενος
1627 2719 1726 2789 μὲν
1781 2718 1874 2771 καὶ

1980 2741 2098 2781 esse
2124 2726 2257 2789 ipsis
2308 2725 2362 2778 in
2396 2724 2464 2779 iis
2511 2742 2635 2796 quae
2662 2740 2794 2782 sunt
2842 2730 2908 2783 ad
2955 2729 3146 2786 Deum.
3196 2732 3334 2797 Quia
3388 2733 3553 2796 etiam

303 2822 464 2883 αὐτὸς
499 2822 594 2875 καὶ
631 2816 1081 2889 μαρτυρούμενος
1127 2816 1242 2877 τοῖς
1290 2815 1525 2876 πιστοῖς,
1572 2811 1648 2874 ὡς
1695 2812 1874 2881 ἱερεὺς

1980 2824 2225 2872 recenter
2246 2815 2476 2885 gratiam
2504 2818 2736 2887 accepit,
2764 2829 3022 2887 precatur
3049 2837 3147 2892 pro
3170 2825 3390 2894 populo.
3414 2823 3555 2881 Ora-

303 2902 566 2980 κατέστη,
601 2909 695 2963 καὶ
727 2908 954 2978 μεσίτης
988 2906 1213 2974 γέγονεν
1265 2903 1448 2965 αὐτοῖς
1492 2901 1562 2954 τὰ
1602 2901 1738 2971 πρὸς
1783 2901 1874 2952 τὸν

1980 2909 2057 2960 tio
2091 2907 2239 2961 enim
2291 2906 2379 2959 illa
2417 2922 2538 2959 cum
2567 2907 2638 2962 sit
2686 2916 2986 2978 postrema,
3029 2913 3214 2966 omnia
3263 2913 3406 2968 bona
3462 2931 3557 2983 pa-

301 3003 459 3067 Θεὸν,
478 3003 573 3054 καὶ
593 3000 667 3064 ὡς
690 2999 818 3069 ἄρτι
841 2998 941 3065 τὴν
963 2997 1126 3067 χάριν
1148 2992 1464 3064 δεξάμενος,
1490 2992 1710 3061 εὐχεται
1735 2991 1874 3061 ὑπὲρ

1980 3012 2207 3067 cemque
2235 3012 2264 3050 a
2291 2996 2401 3052 Deo
2436 2997 2699 3051 luminum
2731 2997 2893 3053 Patre
2954 3002 3191 3070 postulat
3220 3018 3319 3072 pro
3370 3020 3560 3061 sacer-

302 3093 401 3147 τοῦ
426 3093 582 3147 λαοῦ.
617 3088 767 3158 Δῦτη
794 3088 902 3159 γάρ
932 3090 965 3158 ή
995 3087 1149 3156 εὐχὴ,
1185 3083 1476 3138 τελευταία
1504 3082 1662 3147 οὐσα,
1694 3083 1874 3136 πάντα

1982 3087 2225 3151 dotibus,
2286 3086 2710 3156 imperatoribus
2784 3096 2839 3142 et
2908 3089 3084 3144 laicis.
3152 3089 3257 3145 Sed
3318 3095 3559 3163 primum

306 3187 606 3251 ἔξαιτεῖται
654 3181 866 3252 ἱερεῦσι
917 3181 1013 3232 καὶ
1080 3178 1367 3248 βασιλεῦσι
1422 3177 1517 3229 καὶ
1566 3176 1776 3237 λαῖκοῖς
1810 3174 1874 3226 τὰ

1984 3181 2419 3237 benedictionem
2477 3178 2843 3248 episcopalem
2896 3183 3116 3252 accipit,
3160 3185 3355 3255 sicque
3402 3203 3564 3257 egre-

518 3224 612 3331 καὶ
641 3224 741 3344 si):
768 3274 991 3343 εἰρήνην
1014 3224 1122 3325 an;
1144 3270 1240 3324 τοῦ
1269 3269 1378 3324 τῶν
1407 3269 1602 3338 φώτων
1635 3269 1874 3338 Πατρός.

1984 3224 2419 3237 --..-_.-..-....-..
2480 3224 2843 3248 -r----,_--...
2896 3224 3116 3252 ...ν.,,..,
3160 3224 3355 3255 sm,“
3402 3224 3563 3257 υνυ-

1982 3271 2126 3326 ditur
2180 3269 2479 3325 ostendens
2525 3270 2584 3322 se
2616 3269 2884 3339 episcopo
2942 3272 3252 3344 subjectum
3307 3292 3452 3342 esse,
3506 3290 3563 3335 et

309 3369 537 3438 Πρῶτον
576 3366 635 3419 δὲ
704 3363 974 3434 λαμϐάνει
1024 3362 1418 3433 ἀρχιερατικὴν
1459 3360 1734 3426 εὐλογίαν,
1786 3360 1874 3413 καὶ

1983 3362 2053 3417 ab
2096 3377 2163 3417 eo
2194 3368 2607 3417 consecratum.
2654 3359 2952 3431 Postquam
3003 3375 3261 3434 precatus
3309 3378 3417 3437 est,
3462 3372 3564 3427 ite-

309 3459 483 3522 οὕτως
504 3458 807 3531 ἐξέρχεται,
830 3454 1043 3517 δεικνὺς
1068 3454 1151 3506 ὅτι
1180 3452 1285 3505 ὐπὸ
1328 3452 1420 3504 τὸν
1449 3452 1712 3521 ἱεράρχην
1736 3451 1874 3516 ἐστὶ,

1984 3469 2102 3509 rum
2172 3453 2537 3517 benedieitur,
2603 3467 2727 3521 quas
2780 3463 2910 3510 sunt
2961 3456 3284 3514 obedientia:
3332 3472 3386 3517 et
3432 3466 3564 3520 sub-

311 3556 408 3609 καὶ
439 3550 530 3605 ὐπ’
562 3548 728 3603 αὐτοῦ
768 3548 1139 3601 τετελείωται.
1176 3542 1283 3597 Kal
1321 3544 1459 3612 μετὰ
1493 3543 1555 3594 τὸ
1593 3541 1874 3607 εὐξασθαι,

1982 3544 2272 3607 missionis
2301 3542 2609 3613 adimplens
2650 3545 2798 3599 velut
2852 3546 2905 3599 in
2938 3550 3241 3603 mercedem
3280 3554 3423 3606 sacri
3475 3557 3561 3611 sui

309 3643 469 3697 πάλιν
487 3641 813 3707 εὐλογεῖται,
842 3638 902 3691 τὸ
924 3637 1024 3706 τῆς
1050 3634 1299 3702 ὑπακοῆς
1327 3632 1644 3703 ἐκπληρῶν,
1681 3634 1777 3686 καὶ
1802 3632 1879 3711 ᾡς

310 3735 501 3805 μισθὸν
539 3731 838 3801 λαμϐάνων
889 3727 984 3780 τοῦ
1023 3726 1187 3797 ἔργου
1214 3727 1315 3793 τῆς
1372 3724 1678 3792 ὑπηρεσίας
1712 3721 1878 3775 αὐτοῦ

305 3826 404 3892 τῆς
428 3825 603 3895 ἱερᾶς.
628 3820 789 3875 Οὕτω
820 3820 918 3890 μὲν
950 3812 1043 3871 οὖν
1064 3816 1161 3871 καὶ
1193 3814 1611 3886 ὁπρεσθύτερος
1641 3811 1879 3867 τελεῖται

301 3918 370 3986 δὴ
408 3918 502 3968 καὶ
528 3916 942 3985 χειροτονεῖται.

379 4006 487 4061 Καὶ
522 4008 572 4058 εἱ
601 4005 700 4073 μὲν
733 4004 830 4072 τῆς
868 4000 1171 4071 μοναχικῆς
1217 4001 1335 4053 ἐστι
1370 3997 1600 4064 τάξεως,
1631 3998 1699 4050 τὰ
1755 3996 1880 4067 ἱερὰ

303 4100 645 4168 ἀποθέμενος
698 4096 904 4166 ἆμφια,
947 4095 1016 4147 τὰ
1064 4093 1269 4162 συνήθη
1302 4090 1549 4145 ἐνδύεται
1594 4091 1690 4143 τοῦ
1750 4094 1880 4158 σχή-

308 4207 476 4260 ματος
529 4185 749 4241 ἑαυτοῦ.
802 4185 910 4237 Kal
943 4183 1194 4251 εὐλογίαν
1248 4180 1427 4234 λαϐὼν
1457 4181 1697 4244 ἄπεισιν,
1750 4179 1877 4247 ἄχρι

307 4282 407 4349 τῆς
441 4280 676 4347 ἑϐδόμης
705 4276 825 4330 καθ’
851 4275 1065 4346 ἡμέραν
1086 4274 1413 4342 ἰερουργῶν,
1437 4271 1512 4334 ὡς
1540 4271 1872 4331 τετύπωται,

304 4372 393 4423 ἴνα
429 4373 523 4424 καὶ
552 4371 685 4438 πρὸς
716 4368 776 4421 τὸ
806 4367 968 4437 ἔργον
997 4366 1076 4426 εἰς
1106 4366 1225 4426 ἔθος
1257 4364 1412 4432 ἔλθῃ,
1444 4361 1539 4415 καὶ⁵
1579 4361 1875 4423 ἁδιάκοπος

304 4464 341 4532 ὴ
378 4462 478 4528 τῆς
505 4458 807 4527 ἱερωσύνης
832 4459 1086 4526 ἐνέργεια
1117 4458 1182 4524 τῇ
1213 4452 1473 4522 ἑϐδομάδι
1503 4451 1612 4505 τῶν
1644 4450 1873 4520 ἡμερῶν

1982 3635 2408 3692 ministerii.Sic
2445 3650 2575 3705 ergo
2629 3636 2913 3708 presbyter
2940 3650 3298 3696 consecratur
3323 3654 3377 3698 et
3404 3647 3559 3700 ordi-

1977 3738 2166 3788 natur.

2051 3993 2107 4048 Si
2140 4004 2322 4049 autem
2356 3994 2642 4050 monastici
2671 3976 2838 4050 fuerit
2890 3994 3125 4063 ordinis,
3154 4010 3344 4053 sacras
3379 4007 3559 4057 vestes

1980 4087 2225 4157 deponit,
2252 4096 2307 4142 et
2342 4102 2635 4143 consuetas
2691 4088 2873 4143 ordini
2909 4105 3012 4143 suo
3086 4091 3282 4155 induit,
3336 4094 3561 4148 benedi-

1980 4182 2269 4249 ctioueque
2296 4190 2521 4249 accepta
2556 4180 2692 4246 abit,
2726 4190 2780 4235 et
2810 4182 3085 4236 sacriﬁcat
3115 4198 3445 4255 unoquoque
3472 4189 3562 4241 die

1983 4286 2079 4338 per
2109 4272 2529 4336 liebdomadem,
2583 4280 2642 4326 ut
2686 4274 2797 4340 jam
2827 4271 3167 4327 declaratum
3226 4287 3332 4339 est,
3390 4287 3447 4332 ut
3498 4282 3564 4332 ad

1981 4377 2118 4431 opus
2190 4373 2247 4417 et
2326 4363 2491 4417 verba
2569 4375 2693 4418 sese
2767 4364 3120 4431 assuefaciat,
3185 4375 3237 4420 et
3310 4373 3568 4423 sacerdo-

1984 4456 2042 4509 tii
2094 4454 2269 4508 virtus
2313 4457 2430 4510 sine
2490 4456 2888 4525 interruptione
2947 4472 3043 4526 per
3091 4472 3374 4513 sacrorum
3437 4464 3568 4515 lteb-

303 4550 580 4619 διαμείνῃ,
618 4548 684 4600 δι’
707 4541 773 4615 ἦς
805 4547 839 4614 ἡ
864 4544 1119 4614 παροῦσα
1146 4543 1293 4594 πᾶσα
1319 4540 1695 4607 οἰκονομεῖται
1736 4536 1872 4604 ζωὴ,

1983 4543 2267 4599 domadetn
2329 4559 2438 4614 qua
2499 4548 2607 4599 vita
2658 4536 2917 4614 praesens
2986 4549 3240 4603 unirersa
3292 4552 3567 4619 guberna-

304 4642 378 4703 ὡς
413 4642 479 4693 ἂν
508 4639 665 4691 τοῦτο
693 4636 847 4706 151
873 4636 930 4689 τὸ
971 4635 1133 4705 ἔργον
1166 4632 1442 4701 ἐπιμελῶς
1489 4631 1792 4700 ἐνεργήσας
1818 4630 1877 4679 ὲν

306 4732 384 4801 τῷ
409 4732 658 4804 παρόντι,
686 4733 764 4793 εἰς
795 4730 894 4799 τὴν
917 4727 1151 4797 ἄληκτον
1181 4723 1397 4793 ἐκείνην
1428 4721 1742 4793 ἱερουργίαν
1783 4720 1879 4770 καὶ

309 4824 517 4891 ἄμεσον
542 4825 826 4876 κοινωνίαν
846 4819 940 4873 τοῦ
969 4817 1205 4888 Χριστοῦ
1241 4816 1558 4882 καταντήσῃ
1578 4827 1592 4841 ’
1619 4811 1756 4865 ἀλλὰ
1787 4809 1881 4862 καὶ¹

306 4917 381 4977 ὡς
439 4917 810 4985 πνευματικὸν
855 4911 1037 4964 λαῦὼν
1098 4911 1244 4977 μέγα
1283 4908 1551 4976 χάρισμα,
1600 4903 1741 4956 κατὰ
1786 4906 1879 4954 τὸν

308 5010 541 5078 ἀριθμὸν
590 5001 701 5059 τῶν
726 5007 820 5059 τοῦ
878 5004 1197 5072 Πνεύματος
1248 4999 1629 5070 χαρισμάτων,
1685 4996 1780 5049 καὶ
1820 4997 1880 5047 ὲν

302 5100 544 5170 ἡμέραις
582 5098 729 5158 ἴσαις
763 5095 972 5163 ὀφείλει
1011 5092 1347 5152 άδιαστάτως
1388 5086 1633 5156 ἐνεργεῖν
1662 5086 1732 5137 τά
1783 5083 1881 5151 τῆς

304 5194 551 5263 χάριτος,
583 5190 657 5249 ὡς
694 5190 1141 5258 προγέγραπται.
1376 5178 1390 5186 ’

847 5302 1099 5356 ΚΕΦΑΛ.
1140 5297 1309 5353 ΡΠΕ’.

302 5396 441 5465 Περί
480 5392 830 5465 ἐνδυμάτων
876 5395 1226 5465 ἀνηκόντων
1267 5387 1584 5465 κοσμικαῖς
1616 5402 1880 5455 χειροτο-

485 5457 722 5532 νηθέῖσι
758 5457 1067 5528 διακόνοις
1103 5462 1201 5514 καὶ
1234 5457 1687 5527 πρεσϐυτέροις.

380 5560 440 5611 Εἰ
475 5559 531 5611 δὲ
564 5559 674 5609 τῶν
726 5557 1009 5624 κοσμικῶν
1049 5556 1159 5623 εἱη,
1204 5550 1595 5621 περιϐάλλεται
1639 5548 1821 5617 ἄμφια
1848 5547 1883 5602 ἃ

310 5653 406 5705 καὶ
440 5654 467 5701 ὁ
510 5649 756 5709 διάκονος
791 5647 1180 5715 ἀμφιέννυται,
1231 5642 1547 5712 σημαντικὰ
1580 5640 1678 5710 τῆς
1720 5640 1884 5711 ἱερω-

312 5744 501 5813 σύνης,
548 5741 642 5795 καὶ
671 5742 761 5794 διὰ
801 5740 896 5809 τὴν
939 5738 1229 5790 εὐλάϐειαν
1270 5737 1397 5799 ὀξέα
1433 5734 1467 5803 ἢ
1511 5734 1739 5804 μέλανα,
1790 5734 1885 5786 καὶ

315 5838 457 5889 κατὰ
492 5836 552 5888 τὸ
587 5834 880 5901 λεγόμενον
911 5830 1125 5900 ἱμάτιον
1157 5827 1503 5899 ὲῤῥαμμένα.
1540 5827 1579 5877 Τ
1584 5824 1613 5877 δ
1649 5824 1882 5897 μὲνγὰρ

647 5932 921 5989 ΡΑΤιιοι..
954 5925 1067 5985 Gn.
1104 5922 1277 5983 CLV.

1992 4643 2100 4699 tur,
2127 4647 2477 4703 permaneat:
2519 4647 2574 4691 ut
2614 4637 2715 4691 hoc
2746 4652 2913 4706 opere
2961 4639 3195 4693 sollicite
3224 4639 3277 4693 in
3312 4645 3567 4708 praesenti

1988 4726 2191 4780 saeculo
2220 4727 2535 4791 defunctus,
2573 4728 2639 4781 ad
2695 4728 3098 4782 indelicientcut
3141 4731 3288 4783 illam
3322 4741 3375 4784 et
3409 4742 3569 4786 teter-

1988 4833 2113 4871 nam
2159 4834 2372 4873 sacram
2404 4820 2807 4889 Operationem,
2840 4830 2895 4873 et
2934 4820 3309 4875 immediatam
3360 4822 3564 4878 CliriSti

1988 4907 2432 4962 communionem
2491 4918 2765 4962 oecurrat.
2820 4906 3112 4970 Praeterea,
3157 4910 3307 4963 velut
3366 4928 3562 4979 magna

1986 4998 2257 5066 spirituali
2279 4999 2451 5068 gratia
2466 4998 3062 5066 donatus,debetjuxta
3086 5014 3375 5052 numerum
3395 5003 3560 5056 dono-

1987 5106 2109 5144 rum
2163 5088 2400 5159 Spiritus
2432 5092 2735 5159 zequalibus
2784 5092 2975 5145 diebus
3022 5092 3395 5146 indcsiuenter
3439 5110 3562 5163 qua:

1993 5191 2120 5237 sunt
2152 5183 2339 5251 gratiae
2367 5185 2607 5252 operari,
2644 5193 2704 5236 ut
2728 5193 2887 5236 antea
2918 5182 3182 5250 scriptum
3215 5192 3318 5236 est.
3426 5190 3433 5197 '

2482 5289 2706 5347 CAPUT
2756 5289 3063 5344 CLXXXV.

1989 5383 2066 5438 De
2093 5385 2407 5457 vestimentis
2439 5400 2554 5453 quia
2578 5392 2893 5457 competunt
2934 5386 3305 5453 sazcularibus,
3340 5390 3557 5457 quando

2271 5456 2475 5507 diaconi
2508 5455 2585 5506 vel
2610 5455 2895 5522 presbyteri
2926 5457 3263 5512 ordinantur.

2063 5543 2118 5600 Si
2178 5561 2305 5599 vero
2350 5547 2631 5601 sa-cularis
2675 5546 2859 5611 fuerit,
2913 5549 3251 5603 veStimentis
3309 5549 3558 5603 induitur

1990 5654 2111 5708 quae
2157 5637 2421 5691 diaconus
2454 5639 2655 5691 vestire
2682 5638 2842 5703 solet,
2892 5619 3289 5694 sacerdotalem
3325 5639 3563 5707 dignita-

1994 5741 2099 5785 tem
2138 5731 2530 5796 iudicantibus,
2570 5749 2690 5801 qua:
2741 5747 2965 5804 propter
3021 5736 3277 5804 pietatem
3320 5734 3563 5786 violat-ca

1992 5833 2143 5889 sunt,
2181 5824 2266 5880 vel
2295 5823 2470 5894 nigra,
2536 5834 2589 5880 et
2646 5826 2942 5880 secundum
2978 5838 3204 5890 vestem,
3238 5826 3448 5893 ἱμάτιον
3483 5824 3565 5878 di-

3090 5920 3162 5979 13
