4078 6474
371 297 478 361 3'35

1208 293 1602 355 'SYMEONIS
1638 291 2083 354 THESSALON
2097 290 2394 353 ILENSIS
2427 288 2786 349 ARCHIEP.

3498 276 3603 342 39E

361 419 532 473 ctam,
583 405 863 476 adaptata.
913 402 1126 458 Vestem
1159 403 1307 458 enim
1343 403 1653 473 hujusmodi
1705 404 1938 459 lectores
1963 444 1975 468 ε

2055 404 2260 473 ἱμάτιον
2320 403 2408 456 καὶ
2465 401 2810 468 ἀναγνῶσται
2863 395 2956 450 καὶ
3007 393 3209 463 ψάλται
3267 393 3360 446 καὶ
3408 395 3608 456 πάντες

363 503 418 548 et
471 493 678 562 psaltaz,
714 507 1016 560 omnesque
1065 493 1381 547 sacerdotes
1428 500 1650 560 propter
1694 491 1936 545 divinum

367 585 736 638 ministerium
768 584 1024 647 induunt,
1053 598 1120 638 eo
1163 582 1308 651 quod
1361 582 1628 648 ejusmodi
1660 582 1829 637 vestis
1859 582 1939 635 fa-

365 675 467 736 cile
505 682 862 732 connectatur
900 685 955 726 et
1002 674 1290 740 adaptetur
1319 672 1623 740 cuicunque
1647 671 1936 738 sacerdoti;

366 766 446 820 vel
469 765 616 836 quod
641 766 871 835 quilibet
889 781 951 820 ea
970 765 1194 820 indutus
1221 765 1373 818 nullo
1391 763 1608 832 negotio
1627 763 1940 818 sacerdota-

367 857 446 912 les
466 867 645 913 vestes
669 858 896 912 induere
921 858 1087 925 possit
1107 856 1418 910 immediate
1439 871 1561 908 cum
1586 853 1940 909 saecularibus

367 950 565 1020 quibus
586 948 845 1018 conjungi
864 957 1093 1018 possunt
1113 962 1233 1018 quae
1249 957 1375 1001 sunt
1396 945 1613 1016 corpori
1635 946 1938 1001 commoda.

857 1058 1089 1114 CAPUT
1112 1055 1445 1112 CLX-XXVI.

373 1151 448 1207 De
477 1129 650 1208 scieris
691 1153 1028 1217 vestimentis,
1063 1152 1249 1231 tunica
1279 1149 1553 1219 ampliore,
1597 1149 1854 1205 subucula
1891 1158 1940 1203 et

1039 1229 1268 1274 ca'teris.

443 1310 596 1365 Unde
619 1319 702 1366 est
728 1309 874 1380 quod
901 1309 1074 1363 lector
1099 1316 1390 1377 antequam
1420 1307 1656 1376 sigillum
1685 1307 1944 1377 accipiat,

349 1402 551 1460 statim
580 1416 704 1456 cum
737 1399 1144 1456 benedicendus
1169 1407 1276 1462 est,
1319 1398 1454 1452 illud
1490 1396 1698 1462 induat,
1726 1399 1940 1468 nigrum

371 1506 591 1568 propter
640 1495 1010 1550 humilitatem
1062 1492 1501 1563 signiﬁcandam,
1563 1500 1623 1546 ut
1682 1492 1941 1558 diximus.

368 1599 430 1643 et
469 1587 637 1642 animi
690 1585 1204 1655 compressionem:
1251 1584 1366 1639 haec
1396 1586 1543 1638 enim
1586 1591 1716 1641 sunt
1763 1584 1944 1640 luctus

371 1679 550 1748 signa.
597 1676 850 1746 Ampium
898 1690 1120 1745 quoque
1164 1685 1218 1730 et
1256 1674 1477 1745 longum
1518 1683 1625 1738 est,
1671 1675 1735 1728 ad
1777 1675 1944 1744 pedes

2039 492 2442 546 ὲνδιδύσκονται
2509 492 2674 561 ἱερεῖς
2739 489 2824 542 διὰ
2893 487 2993 558 τὴν
3056 485 3208 540 θείαν
3277 485 3609 556 ὑπηρεσίαν,

2040 579 2180 638 ὥὲτε
2232 586 2307 654 μὴ
2361 583 2628 638 ἅπτεσθαί
2681 585 2825 644 τινος
2881 579 2991 634 τῶν
3037 579 3225 647 ἱερῶν,
3273 578 3306 648 ἢ
3349 579 3470 640 τοῖς
3510 577 3610 644 τῆς

2045 678 2346 747 ἱερωσύνης
2394 675 2622 744 ἀμφίοις
2651 673 2811 736 εὐθὺς
2856 671 3094 741 χρῆσθαι
3138 670 3275 738 μετὰ
3321 670 3429 721 τῶν
3465 668 3604 721 ἐνδυ-

2045 770 2232 840 μάτων
2281 769 2523 838 άμέσως,
2582 766 2692 819 τῶν
2745 763 3050 832 κοσμικῶν,
3092 761 3161 816 δι’
3212 755 3288 816 ὧν
3346 761 3612 815 ἅπτονται

2039 852 2136 911 ¹καὶ
2160 856 2266 911 τῶν
2291 854 2388 910 τοῦ
2408 853 2656 926 σώματος
2683 853 2977 926 χρειωδῶν.

2575 1051 2828 1105 smn.
2865 1047 3051 1117 an'.

2042 1145 2184 1213 Περὶ
2236 1143 2413 1212 ἱερῶν
2444 1142 2814 1214 ἐνδυμάτων,
2872 1142 3137 1214 ἱματίου,
3191 1141 3477 1211 καμισίου
3514 1141 3612 1195 καὶ

2627 1212 2748 1265 τῶν
2771 1212 3026 1266 λοιπῶν.

2118 1305 2282 1358 Ὅθεν
2325 1305 2422 1358 καὶ
2485 1303 2653 1365 εὐθὺς
2717 1303 2824 1372 πρὸ
2885 1303 2982 1372 τῆς
3050 1301 3348 1374 σφραγῖδος
3403 1304 3433 1356 ό
3482 1320 3612 1356 ανα-

2043 1392 2295 1463 γνώστης
2342 1393 2501 1447 τοῦτο
2563 1393 2957 1462 εὐλογούμενος
3003 1393 3394 1462 ἀμφιέννυται,
3444 1394 3613 1463 μέλαν

2043 1484 2124 1549 δν,
2157 1485 2244 1539 διὰ
2277 1485 2376 1554 τὴν
2405 1484 2736 1538 ταπείνωσιν
2761 1484 2838 1546 ὡς
2867 1484 3171 1554 εἱρήκαμέν
3200 1502 3258 1537 τε
3299 1486 3395 1539 καὶ
3423 1502 3614 1538 συστο-

2043 1575 2144 1647 λήν
2163 1592 2179 1608 ο
2212 1575 2436 1629 τοιαῦτα
2466 1575 2574 1646 γὰρ
2627 1577 2698 1628 τά
2735 1574 2830 1629 τοῦ
2866 1576 3126 1641 πένθους-ο
3156 1577 3253 1628 καὶ
3278 1577 3408 1646 ἄχρι
3435 1578 3612 1630 ποδῶν

2046 1670 2140 1722 καὶ
2185 1669 2500 1740 εὐρύχωρον
2542 1668 2631 1722 διὰ
2692 1669 2791 1739 τὴν
2827 1667 3114 1721 εὐλάϐειαν
3143 1670 3282 1737 μετὰ
3325 1672 3425 1740 τῆς
3464 1671 3614 1733 θείας

371 1781 551 1835 usque
615 1765 944 1836 pertingens,
985 1773 1206 1835 propter
1258 1765 1514 1834 pietatem
1577 1775 1631 1820 et
1699 1765 1944 1820 divinam

2055 1748 2294 1826 Ξγάπης.
2324 1759 2435 1812 Καὶ
2480 1757 2898 1829 περιζώννυται,
2931 1759 3021 1811 διὰ
3049 1757 3112 1812 τὸ
3141 1758 3614 1830 ὀφείλεινιύπηρε-

371 1857 719 1915 charitatem.
758 1855 1222 1926 Circumcingitur
1259 1855 1424 1910 etiam
1458 1870 1534 1911 eo.
1588 1858 1735 1926 quod
1784 1855 1945 1910 mini-

371 1959 550 2006 strare
581 1947 766 2002 debet.
813 1945 1008 2002 Crucis
1057 1959 1273 2014 quoque
1304 1945 1529 2015 liguram
1583 1953 1728 2002 tenet
1775 1945 1948 2014 longi-

376 2039 564 2100 tudine
601 2046 655 2092 et
702 2035 959 2092 manicis.
1007 2033 1131 2091 Haec
1176 2036 1347 2106 igitur
1384 2035 1714 2092 vestimenta
1764 2036 1946 2090 omni-

376 2130 476 2183 bus
505 2127 818 2186 communia
869 2133 1026 2190 sunt,
1070 2132 1260 2194 atque,
1297 2135 1356 2180 ut
1398 2125 1626 2194 dicitur,
1665 2141 1733 2181 ex
1776 2125 1947 2196 impe-

372 2217 586 2275 ratorio
614 2220 756 2274 dono
805 2227 861 2272 et
895 2216 1180 2287 privilegio
1215 2218 1271 2272 in
1303 2217 1568 2272 honorem
1599 2217 1892 2273 sacerdotii
1926 2235 1943 2284 ;

2048 1851 2182 1903 τεῑν.
2212 1848 2455 1916 Σταυροῦ
2483 1850 2540 1902 δὲ
2569 1848 2740 1905 τύπον
2763 1851 2950 1920 ἐπέχει
2974 1850 3052 1920 τῷ
3096 1853 3263 1921 μήκει
3290 1868 3347 1904 τε
3378 1853 3474 1906 καὶ
3501 1854 3615 1915 τοῖς

2054 1943 2348 2012 μανικίοις.
2371 1941 2560 1996 Ταῦτα
2601 1944 2699 2014 μὲν
2714 1942 2806 1996 οῦν
2827 1943 2896 1997 τὰ
2937 1943 3131 2012 ἱμάτια
3155 1942 3312 1995 κοινὰ
3334 1945 3493 2008 πᾶσι,
3520 1943 3616 1996 καὶ

2049 2037 2125 2097 ὥς
2172 2051 2358 2104 φασιν,
2411 2036 2476 2087 ὲκ
2527 2033 2816 2104 βασιλικῆς
2871 2034 3102 2106 δωρεᾶς,
3160 2036 3240 2097 εἱς
3299 2035 3467 2103 τιμὴν
3517 2036 3614 2102 τῆς

2052 2125 2391 2196 ἱερωσύνης·
2439 2127 2520 2180 ὅτι
2567 2127 2663 2180 καὶ
2702 2126 3060 2196 συγκλητικοὶ
3105 2125 3283 2182 ταῦτα
3339 2124 3630 2185 ὲνῖύονται.

2050 2215 2144 2269 καλ⁵
2164 2215 2231 2268 τά
2256 2215 2495 2278 σκιάδια,
2527 2217 2621 2268 καὶ
2660 2217 2815 2270 αὐτοὶ
2845 2219 2894 2270 οἱ
2933 2216 3194 2286 βασιλεῖς.
3233 2218 3394 2272 Ἵδιον
3420 2219 3478 2273 δὲ
3513 2222 3613 2291 τῆς

375 2309 834 2368 senatoresenim
869 2308 937 2366 iis
964 2310 1299 2375 vestiuntur,
1337 2308 1606 2365 umbellas
1633 2311 1796 2365 etiam
1825 2309 1949 2366 sive

2055 2307 2256 2372 τάξεως
2299 2306 2466 2361 αὐτοῦ
2510 2308 2540 2360 ὁ
2581 2308 2939 2380 ἀναγνώστης
2980 2309 3243 2378 κέκτηται
3290 2309 3515 2381 ἔνδυμα,
3561 2313 3620 2364 τὸ

376 2401 550 2470 pileos
581 2399 681 2469 ipsi
721 2399 1082 2467 imperatores
1138 2406 1376 2469 gestant.
1437 2397 1716 2467 Propriam
1765 2407 1948 2454 autem

2055 2399 2390 2467 καλούμενον
2416 2399 2674 2468 καμὶσιον
2693 2415 2706 2430 ⁸
2739 2401 2878 2470 ὅπερ
2908 2399 2940 2469 ἢ
2968 2401 3109 2454 κατὰ
3146 2402 3316 2454 τύπον
3341 2403 3617 2470 φαινολὶου

374 2494 584 2549 ordinis
615 2493 704 2548 sui
738 2499 946 2548 vestem
977 2491 1140 2547 habet
1182 2491 1374 2554 lector,
1407 2504 1527 2560 quae
1557 2490 1820 2545 camision
1860 2505 1952 2546 vo-

2055 2491 2171 2544 ἐστὶ
2221 2490 2443 2562 μικροῦ,
2491 2492 2526 2562 ἦ
2572 2493 2849 2564 στιχάριον
2897 2495 2962 2546 ὲκ
3004 2493 3172 2561 λίνου,
3224 2495 3324 2566 τὴν
3363 2496 3621 2566 ἀπαρχὴν

375 2594 552 2650 catur,
609 2584 880 2653 habetque
933 2582 1188 2652 phaenolii
1247 2581 1400 2650 parvi
1454 2581 1534 2636 vel
1587 2581 1830 2636 sticharii
1882 2598 1949 2638 ex

2055 2584 2149 2653 τῆς
2183 2583 2483 2654 ἱερωσύνης
2515 2582 2731 2652 δηλοῦν,
2767 2583 2847 2636 διδ
2875 2586 2970 2637 καὶ
3003 2584 3199 2655 μικρόν
3225 2587 3364 2650 ἐστι,
3395 2588 3492 2641 καὶ
3522 2588 3640 2657 τὴν,

378 2679 491 2732 1ἱιιο
523 2677 772 2746 ﬁguram,
805 2683 860 2729 et
879 2673 1174 2730 sacerdotii
1231 2671 1528 2743 primitias,
1569 2688 1692 2726 cum
1722 2688 1951 2742 parvum

2055 2677 2161 2732 άπὸ
2200 2675 2294 2730 τοῦ
2335 2677 2468 2730 Θεοῦ
2526 2677 2773 2746 σκέπηνο
2823 2678 2918 2738 καὶ
2963 2678 2996 2747 ἢ
3038 2680 3379 2749 πορφυροῦν,
3426 2679 3512 2733 διὰ
3558 2682 3618 2733 τὸ

379 2772 474 2836 sil,
507 2777 562 2823 et
613 2766 1001 2837 perfectionem
1052 2780 1081 2820 a
1124 2763 1236 2819 Deo
1286 2771 1630 2819 emanautem
1681 2764 1951 2835 designat.

2055 2765 2390 2838 πορφυροῦν.
2413 2765 2506 2819 τοῦ
2542 2767 2794 2835 Σωτῆρος
2841 2767 3078 2837 ἱμάτιον,
3122 2768 3155 2839 ἢ
3205 2770 3397 2823 λευκὸν
3438 2769 3526 2822 διὰ
3557 2769 3616 2838 τὸ

379 2863 472 2918 Est
503 2856 1192 2933 autemcolorispurpurei
1227 2867 1450 2926 propter
1481 2869 1808 2926 purpuream
1840 2855 1958 2910 Sal-

2055 2858 2297 2928 καθαρδν
2346 2857 2446 2926 τῆς
2499 2855 2825 2928 ἱερωσύνης,
2881 2858 2977 2910 καὶ
3031 2859 3124 2913 τὸν
3183 2861 3292 2914 ἀπὸ
3336 2861 3432 2915 τοῦ
3482 2862 3617 2916 Θεοῦ

378 2951 582 3010 vatoris
613 2958 844 3016 vestem,
877 2948 961 3003 vel
1011 2947 1142 3013 albi,
1195 2958 1421 3018 prOpter
1481 2946 1777 3002 sacerdotii
1807 2946 1957 3016 puri-

2055 2951 2358 3020 ξρωτισμὸν.
2403 2949 2594 3002 Τοίνυν
2623 2950 2674 3001 οἱ
2721 2949 2963 3004 διάκονοί
3009 2966 3070 3018 τε
3121 2951 3216 3004 καὶ
3261 2954 3427 3023 ἱερεῖς
3458 2956 3620 3024 ὃμοια

379 3053 568 3106 tatem,
615 3051 672 3096 et
720 3038 1178 3094 illuminationem
1230 3052 1272 3092 α
1315 3037 1426 3090 Deo
1456 3035 1750 3097 ﬂuentem.
1807 3037 1952 3102 Qua-

2057 3045 2168 3106 τοῖς
2232 3042 2469 3113 ἱματίοις
2529 3044 2738 3100 ἄνωθεν
2801 3043 3078 3098 ἐνδύονται
3139 3045 3322 3116 άμφια
3381 3050 3477 3103 καὶ
3531 3053 3624 3102 ἐπὶ

301 3123 306 3126 ’
381 3141 608 3202 propter
657 3130 875 3186 diaconi
931 3139 987 3184 et
1015 3127 1333 3183 sacerdotes
1366 3129 1689 3184 vestimenta
1717 3128 1956 3184 induunt

2059 3112 2299 3203 κεφαλῆς
2340 3134 2408 3187 τὰ
2444 3134 2681 3201 σκιάδια,
2717 3135 2812 3188 καὶ
2857 3137 3017 3190 λοιπά
3059 3112 3262 3209 συνήθη
3315 3141 3622 3208 φορέματα,

385 3223 469 3276 his
500 3221 702 3281 imatiis
731 3235 971 3288 superne
1003 3219 1228 3284 similia,
1261 3227 1316 3274 et
1348 3219 1611 3274 nmbellas
1645 3219 1700 3274 in
1757 3221 1954 3292 capite,

2059 3227 2234 3281 πάντα
2253 3227 2493 3298 σταυρὸν
2519 3229 2883 3296 ἐκτυποῦντα,
2906 3230 2981 3292 ὡς
3003 3232 3098 3283 καὶ
3119 3231 3250 3285 αὐτὸ
3268 3233 3328 3284 τὸ
3347 3234 3590 3288 σκιάδιον
3607 3250 3622 3265 ⁶

381 3326 691 3381 caeteraque
719 3311 920 3384 gestari
946 3310 1126 3377 solita,
1160 3310 1342 3366 omnia
1374 3311 1554 3368 crucis
1585 3311 1814 3382 ﬁguram
1860 3327 1957 3368 ex-

385 3403 695 3472 primentia,
732 3411 789 3457 ut
820 3410 873 3458 et
901 3400 1016 3470 ipsa
1042 3400 1301 3456 umbella.
1330 3399 1463 3456 Jure
1494 3411 1630 3457 sane
1649 3403 1957 3471 merithue

383 3509 508 3548 cum
532 3493 777 3548 cruciﬁxi
814 3503 1040 3563 propter
1071 3506 1170 3546 nos
1201 3491 1313 3547 sint
1344 3492 1604 3560 min'rStri,
1656 3509 1765 3548 non
1795 3503 1958 3551 secus

384 3599 448 3644 ac
479 3582 627 3652 iiqui
656 3596 824 3649 supra
863 3591 1029 3651 caput
1067 3582 1322 3650 maxime,
1363 3596 1556 3639 cruces
1608 3593 1842 3656 gestant.
1876 3584 1957 3641 En

386 3676 648 3728 hactenus
676 3688 798 3743 quae
829 3671 895 3727 ad
915 3672 1176 3728 diaconos
1205 3682 1259 3728 et
1280 3673 1632 3747 presbyteros
1658 3677 1955 3746 pertinent,

384 3766 796 3836 explicavimus.
891 3770 910 3792 “

457 3857 714 3912 Clericus.
745 3855 992 3923 Gratias,
1017 3855 1264 3924 domine,
1295 3855 1534 3928 agimus.
1581 3857 1676 3926 qui
1727 3872 1952 3914 sensum

386 3953 456 4006 de
510 3949 770 4005 omnibus
830 3958 1076 4018 apertum
1125 3946 1420 4012 habemus,
1477 3963 1674 4017 resque
1720 3948 1957 4014 divinas,

386 4041 533 4111 quod
563 4039 629 4094 ad
656 4039 1114 4106 nos,edocemur,
1149 4052 1286 4108 quas
1337 4037 1480 4093 inter
1527 4039 1666 4093 nihil
1712 4048 1794 4094 est
1850 4040 1958 4094 hu-

385 4133 557 4187 niani.

454 4221 724 4290 Pontifex.
749 4219 918 4288 thui
945 4217 1097 4274 tieret
1124 4227 1182 4273 ut
1207 4220 1505 4290 quidquam
1541 4219 1834 4277 interesset
1859 4221 1962 4275 hu-

389 4313 535 4368 mani
566 4312 622 4367 in
646 4312 808 4370 rebus
828 4309 922 4366 Dei
949 4309 972 4364 '3
997 4309 1258 4380 quidnam
1287 4326 1422 4366 vero
1447 4313 1502 4366 in
1571 4312 1740 4367 rebus
1793 4311 1957 4366 Verbi

2058 3319 2183 3373 ἐπεὶ
2206 3320 2299 3373 καὶ
2325 3318 2420 3374 τοῦ
2446 3321 2868 3391 ἐσταυρωμένον
2894 3321 2962 3374 δι’
2991 3323 3137 3390 ἡμᾶς
3158 3325 3264 3376 εἱσι
3295 3323 3624 3395 λειτουργοὶ,

2057 3409 2134 3474 ὡς
2186 3411 2279 3464 καὶ
2330 3412 2422 3464 ἐπὶ
2471 3412 2570 3480 τῆς
2625 3411 2875 3481 κεφαλῆς
2931 3412 3134 3482 μᾶλλον
3171 3413 3300 3478 τοὺς
3355 3418 3624 3486 σταυροὺς

2060 3501 2335 3572 φέροντες.
2386 3501 2519 3556 Ἰδοὺ
2553 3504 2642 3556 καὶ
2677 3505 2748 3558 τὰ
2782 3503 2912 3575 περὶ
2953 3503 3218 3560 διακόνων
3239 3506 3346 3560 καὶ
3379 3508 3626 3577 πρεσσυι

2058 3591 2232 3666 τέρων
2263 3594 2392 3662 ὑμῖν
2427 3595 2753 3666 εἰρήκαμεν.

2131 3859 2462 3925 Κληρικιθς.
2508 3857 2978 3930 Εὐχαριστοῦμεν,
3035 3854 3293 3923 δέσποτα,
3352 3859 3446 3912 ἐπὶ
3495 3861 3628 3915 πᾶσι

2058 3948 2153 4001 τὸν
2210 3948 2337 4002 νοῦν
2381 3949 2799 4020 διανοιγόμενοι,
2846 3950 3040 4003 καὶτὰ
3089 3951 3211 4004 καθ’
3259 3953 3410 4021 ἡμᾶς
3449 3953 3626 4006 πάντα

2060 4037 2183 4091 θεῖα
2219 4038 2604 4108 μανθάνοντες,
2634 4041 2731 4096 καὶ
2760 4042 2842 4095 ὃτι
2877 4041 3033 4095 οὐδὲν
3058 4040 3402 4111 ἀνθρώπινον
3430 4045 3490 4097 ὲν
3518 4045 3632 4107 τοῖς

2065 4127 2249 4196 ἱεροῖς.

2146 4221 2511 4291 ’Δρχιερεύς.
2543 4222 2653 4277 Καὶ
2679 4222 2797 4287 πῶς
2840 4224 2948 4294 ἄρα
2994 4224 3342 4296 ἄνθρωπινόν
3371 4242 3424 4279 τι
3455 4225 3624 4304 ρἔστσιι

2061 4311 2196 4374 ὅλως
2229 4315 2285 4364 ἐν
2317 4316 2427 4376 τοῖς
2475 4313 2570 4366 τοῦ
2613 4313 2788 4380 Θεοῦς
2826 4317 2897 4367 Ἢ
2932 4320 3080 4370 ποῖον
3121 4317 3180 4371 ιν
3214 4319 3327 4380 τοῖς
3357 4317 3451 4370 τοῦ
3493 4317 3628 4369 Θεοῦ

389 4406 482 4459 Dei
510 4415 602 4458 aut
640 4413 796 4458 extra
869 4409 965 4455 aut
1016 4415 1183 4472 supra
1238 4403 1500 4458 rationem
1561 4417 1668 4458 non
1722 4401 1960 4456 estiaut

2065 4404 2238 4472 Λόγου
2273 4405 2334 4456 οὐ
2373 4405 2510 4474 μετὰ
2540 4405 2700 4474 λόγου
2729 4409 2824 4460 καὶ
2854 4409 2994 4462 κατὰ
3028 4409 3222 4478 λόγονς
3263 4411 3336 4463 Ἢ
3367 4411 3485 4473 πῶς
3519 4411 3629 4480 ἄρα

389 4498 663 4575 quomodo
689 4494 744 4549 in
775 4493 944 4548 rebus
970 4491 1212 4563 Spiritus
1246 4492 1579 4547 sanctissimi
1623 4493 1808 4548 omnia
1850 4509 1960 4548 non

2068 4495 2123 4546 ὲν
2153 4497 2263 4558 τοῖς
2308 4496 2404 4548 τοῦ
2449 4498 2719 4565 παναγίου
2773 4499 3090 4569 Πνεύματος
3137 4501 3235 4569 οὐχ
3271 4500 3404 4568 ἅγια
3455 4501 3629 4554 πάντα

388 4595 578 4643 essent
601 4595 790 4642 sancta
812 4583 834 4638 i
859 4584 1054 4640 Divina
1103 4599 1224 4640 nem
1232 4599 1299 4654 pe
1322 4585 1587 4639 rationem
1611 4597 1870 4653 superant
1904 4592 1962 4639 et

391 4687 575 4734 sancta
605 4687 756 4734 sunt.

874 4767 1103 4826 CAPUT
1130 4765 1488 4823 CLXXXVII.

973 4859 1051 4913 De
1077 4859 1339 4927 episcopo.

462 4955 578 5011 Jam
608 4955 904 5025 incipimus
957 4951 1024 5006 de
1055 4943 1250 5020 magna
1279 4949 1372 5002 illa
1411 4950 1609 5018 gratia,
1643 4935 1964 5004 illuminati-

393 5065 458 5103 vo
487 5051 702 5104 scilicet
733 5047 1115 5116 episcoporum
1139 5040 1352 5108 ordine,
1387 5042 1554 5096 verba
1581 5042 1762 5097 facere
1792 5061 1807 5109 ;
1838 5043 1963 5098 ideo

393 5155 490 5211 pro
533 5139 744 5192 viribus
795 5135 944 5188 illam
1001 5131 1521 5201 contemplabimur,
1569 5143 1620 5186 et
1667 5134 1965 5203 explicabi-

391 5246 538 5294 mus,
561 5230 688 5282 l:cet
733 5226 879 5280 vires
915 5231 1135 5280 nOStras
1163 5232 1382 5293 superet
1415 5224 1607 5278 horum
1669 5224 1965 5293 intelligen-

392 5321 490 5373 tia.
531 5319 626 5372 Est
651 5315 794 5370 enim
833 5314 1104 5368 donorum
1138 5329 1261 5385 qua:
1287 5313 1598 5369 hominibus
1625 5332 1651 5367 ιι
1685 5316 1794 5370 Deo
1827 5317 1964 5370 tiunt

395 5407 692 5462 maximum
727 5394 787 5458 et'
813 5404 1300 5472 perfectissimum,
1334 5421 1363 5458 a
1416 5422 1527 5476 quo
1581 5407 1759 5462 omnis
1795 5407 1967 5461 dona-

393 5503 470 5552 tio
496 5508 550 5553 et
599 5495 930 5550 illuminatio
978 5497 1314 5550 immittitur.
1347 5495 1463 5565 Ipsa
1499 5504 1583 5552 est
1638 5497 1962 5551 luridamen-

389 5604 526 5656 tum,
557 5588 910 5660 principium,
940 5602 990 5644 et
1017 5589 1138 5643 fons
1163 5589 1404 5660 pietatis,
1438 5591 1592 5642 radix
1641 5603 1757 5658 qua:
1804 5589 1961 5644 Chri—

389 5695 536 5742 stum
575 5683 752 5751 ipsum
783 5690 1134 5751 repraesentat
1159 5690 1214 5737 et
1251 5686 1447 5749 gestat.
1468 5679 1809 5749 Quapropter
1839 5693 1959 5734 uuae

2062 4582 2257 4650 ἔσται,
2304 4586 2505 4640 Λοιπὸν
2545 4591 2640 4643 καὶ
2683 4590 2804 4644 θεῖα
2843 4591 2985 4644 κατὰ
3032 4591 3124 4644 τὸν
3154 4590 3312 4659 λόγον
3340 4591 3438 4646 καὶ
3477 4592 3631 4658 ἅγια.

2623 4774 2874 4829 ΚΕΦΑΛ.
2908 4775 3076 4830 ΡΠΖ’.

2599 4864 2739 4931 Περὶ
2759 4865 2830 4931 ἀρ
2834 4865 3098 4933 χωρέως.

2149 4952 2456 5023 Ἀρχόμεθα
2494 4949 2589 5009 οῦν
2627 4957 2728 5026 ἤδη
2773 4957 2866 5010 καὶ¹
2926 4957 3056 5024 περὶ
3103 4958 3216 5012 τῶν
3243 4960 3341 5028 τῆς
3394 4962 3635 5033 μεγάλης

2067 5043 2286 5112 χάριτος
2329 5045 2425 5112 τῆς
2462 5047 2800 5116 φωτιστικῆς
2852 5046 3054 5112 τάξεως
3106 5052 3252 5119 ἐρεῖν
3299 5051 3409 5103 τῶν
3445 5054 3634 5122 ἀρχιε-

2071 5135 2228 5203 ρέων.
2301 5137 2391 5188 Διὸ
2451 5139 2542 5190 καὶ
2600 5139 2730 5208 περὶ
2789 5138 2998 5209 ταύτης
3059 5139 3429 5211 θεωρήσωμεν
3497 5145 3635 5197 κατὰ

2068 5223 2335 5292 δύναμινο
2383 5226 2520 5296 ὑπὲρ
2557 5227 2706 5296 ἡμᾶς
2737 5227 2849 5295 γὰρ
2889 5227 2982 5280 καὶ
3031 5228 3240 5282 τούτων
3278 5230 3306 5282 ὁ
3351 5229 3499 5297 νοῦς,
3554 5230 3636 5283 ὅτι

2068 5315 2161 5366 καὶ
2215 5315 2340 5382 περὶ
2381 5315 2475 5367 τοῦ
2515 5317 2776 5384 μεγίστου
2823 5318 2918 5370 καὶ
2961 5318 3298 5373 τελεωτάτου
3317 5318 3492 5388 δώρου
3531 5321 3637 5372 τῶν

2068 5403 2192 5456 καθ’
2225 5406 2369 5473 ἡμᾶς
2413 5408 2580 5472 ἐστιν,
2611 5407 2704 5476 ἀφ’
2742 5406 2802 5460 οῦ
2845 5408 2911 5479 δὴ
2958 5410 3066 5462 πᾶν
3107 5409 3340 5481 δώρημα
3375 5411 3508 5478 ἡμῖν
3545 5411 3638 5462 καὶ

2067 5497 2346 5565 φωτισμὸς
2393 5498 2858 5568 καιταπέμπετω⁹
2914 5501 3008 5552 καὶ
3062 5499 3310 5570 Θεμέλιος
3356 5502 3497 5569 αῦτη
3545 5507 3638 5553 καὶ

2067 5585 2230 5656 ἀρχὴ,
2250 5587 2341 5639 καὶ
2362 5589 2512 5658 πηγὴ
2528 5589 2583 5642 δὲ
2609 5588 2709 5657 τῆς
2741 5588 2900 5659 152
2918 5590 3201 5653 εύσεεεὶας
3230 5593 3344 5644 ἐστὶ
3375 5591 3469 5644 καὶ
3487 5591 3634 5658 ῥίζα,

2070 5681 2163 5736 καὶ
2191 5680 2281 5733 τὸν
2312 5679 2548 5749 Χριστὸν
2599 5681 2760 5736 αὐτδν
2804 5681 3126 5748 ἐξεικονίζει
3179 5684 3270 5736 καὶ
3322 5681 3498 5754 φέρει.
3547 5681 3635 5733 Δ.ὸ
