4078 6478
327 307 431 368 399
1169 291 1470 369 SYMEON
1482 291 1550 350 IS
1589 285 1876 350 THESSA
1889 287 2341 348 LONICENSIS
2380 285 2734 348 AllClIlEP.
3477 275 3579 347 £00

325 428 416 473 cat
447 416 540 487 qui
563 414 666 472 sub
703 415 824 484 ipso
885 419 1014 468 sunt
1065 411 1378 478 episcopos,
1423 403 1723 473 primorum
1765 415 1896 469 apo-

2020 401 2358 467 ιυγκαλεῖται
2407 401 2536 463 τοὺς
2572 399 2861 460 τελοῦντας
2917 397 3008 450 ὑπ’
3062 395 3230 450 αὐτὸν
3273 399 3578 468 ἀρχιερεῖς,

326 509 594 564 stolorum
623 505 870 561 ordinem
915 507 1186 560 tenentes,
1229 497 1511 566 ipsiusque
1556 492 1786 561 gratiam
1842 499 1898 544 et

2002 490 2100 559 τὴν
2133 489 2243 544 τῶν
2277 490 2511 560 πρώτων
2563 489 2877 543 ἀποστόλων
2911 489 3067 554 τάξιν
3116 489 3435 565 ἐπέχοντας.
3485 490 3580 541 καὶ

323 601 582 655 virtutem
640 597 710 650 ab
760 609 826 650 eo
883 601 1193 647 emanatam
1245 585 1612 658 possidentes,
1675 596 1899 650 remque

2020 581 2099 651 τὴν
2127 581 2294 634 αὑτοῦ
2323 582 2458 652 παρ’
2478 581 2644 634 αὑτοῦ
2669 581 2976 651 ἐσχηκότας
3002 579 3167 650 χάριν
3191 580 3282 633 καὶ
3314 579 3548 649 δύναμιν
3565 595 3580 610 ⁸

327 706 450 743 cum
502 689 570 742 iis
609 687 998 742 communicat.
1031 680 1166 736 Cum
1195 680 1360 749 igitur
1388 691 1526 744 opus
1551 675 1622 728 sit
1655 673 1897 728 divinum

328 789 382 833 et
415 776 803 841 desiderabile,
838 789 1030 829 omnes
1057 773 1124 826 ad
1165 773 1264 824 hoc
1294 765 1653 824 conveniunt.
1694 763 1749 816 Si
1783 778 1901 816 ont-

332 887 429 926 tzcs
461 870 758 940 provinciae
803 864 1048 934 episcopi
1087 862 1312 919 adsunt.
1349 860 1487 914 bene
1519 866 1621 911 est.
1655 854 1769 909 Hoc
1809 866 1901 922 po-

333 963 503 1019 stulat
529 960 794 1014 canonica
847 952 1202 1016 constitutio,
1236 964 1485 1020 opusque
1509 957 1592 1001 est
1618 957 1672 1000 et
1697 958 1902 1013 praeceo

330 1062 482 1121 ptum
510 1026 919 1120 apostolicum;
965 1058 1155 1097 omnes
1197 1041 1344 1097 enim
1397 1038 1624 1092 aderant
1679 1036 1732 1089 in
1796 1034 1907 1088 ele-

331 1147 519 1200 ctione
575 1140 833 1196 Matthiae.
861 1137 919 1191 Si
969 1135 1074 1190 hoc
1105 1134 1221 1188 ﬁeri
1271 1147 1379 1186 non
1426 1138 1627 1200 potest,
1659 1141 1722 1181 ex
1753 1124 1904 1179 omni

332 1245 477 1290 cmtu
516 1244 625 1287 tres
655 1231 838 1286 adsint
870 1238 1094 1299 propter
1116 1232 1362 1280 sanctam
1395 1220 1744 1282 Trinitatem,
1771 1229 1907 1283 quo-

334 1326 477 1379 niam
497 1323 612 1377 htec
635 1327 733 1376 .est
758 1320 1002 1373 omnium
1031 1317 1266 1370 creatrix
1305 1322 1360 1367 et
1409 1309 1720 1381 perfectrix,
1749 1315 1910 1361 crete.

335 1413 413 1467 ris
444 1406 949 1470 consentientibus,
977 1412 1033 1459 et
1064 1419 1186 1472 qua:
1216 1403 1286 1458 de
1315 1403 1418 1456 hac
1451 1400 1719 1456 electione
1763 1395 1909 1466 judi-

331 1512 482 1566 cant,
543 1497 956 1555 mandantibus.
1018 1493 1162 1569 Hoc.
1202 1494 1255 1546 in
1318 1491 1522 1547 Christi
1582 1490 1912 1558 baptismate

333 1588 885 1664 conspicitur,-Patre
922 1601 1048 1640 cum
1073 1584 1287 1654 Spiritu
1311 1591 1507 1638 sancto
1524 1580 1909 1638 .testitnoninm

334 1691 403 1744 de
442 1685 580 1740 Filio
621 1680 964 1753 perhibente.
1025 1675 1084 1730 ln
1131 1672 1639 1743 Transtiguratione
1693 1685 1912 1740 quoque

336 1777 510 1832 Filius
536 1739 661 1827 cum
695 1771 764 1826 iis
819 1773 886 1824 de
934 1768 1118 1836 seipso
1153 1773 1384 1820 testatus
1444 1773 1551 1830 est,
1598 1739 1910 1832 baptizatus
1945 1739 1987 1798 Β

338 1880 443 1934 est,
463 1866 806 1934 gratiamque
840 1861 1012 1926 dedit,
1044 1869 1098 1915 et
1121 1858 1308 1913 divino
1332 1857 1542 1910 lumine
1573 1856 1908 1911 coruscavit.

339 1961 466 2014 Ideo
506 1959 560 2011 in
605 1955 820 2010 duobus
850 1953 932 2008 vel
980 1951 1160 2005 tribus
1208 1948 1464 2012 testibus,
1511 1947 1715 2015 inquit,
1747 1946 1915 2003 stabit

337 2064 504 2106 omne
570 2045 874 2102 verbum‘.
930 2042 992 2098 In
1044 2041 1312 2112 apostolis
1365 2040 1505 2095 idem
1562 2040 1911 2094 observatum

341 2141 467 2197 fuit.
500 2138 636 2195 Tres
656 2139 803 2194 enim
842 2151 873 2192 a
907 2133 1122 2190 caeteris
1150 2135 1390 2199 exempti
1423 2131 1587 2188 electi
1640 2137 1790 2195 sunt,
1814 2128 1916 2184 Pc-

342 2243 485 2297 trus,
515 2231 780 2296 Joannes,
819 2237 875 2284 et
926 2225 1164 2282 Iacobus
1186 2224 1361 2280 frater
1407 2223 1649 2288 Domini,
1681 2224 1796 2292 qui,
1854 2228 1916 2277 ut

339 2329 416 2381 ait
446 2325 670 2388 Paulus,
698 2321 1024 2377 videbantur
1052 2332 1179 2374 esse
1201 2317 1491 2373 columnae.
1518 2313 1655 2370 Tres
1690 2328 1915 2385 quoque

339 2419 599 2474 Servator
633 2429 745 2483 prae
796 2411 1011 2468 caeteris
1062 2420 1118 2465 et
1163 2409 1364 2465 eximie
1415 2407 1696 2478 mysteriis
1744 2407 1915 2474 majo-

339 2511 493 2566 ribus
523 2504 798 2574 adhibuit,
829 2501 1076 2567 Petrum,
1099 2499 1390 2565 Joannem,
1416 2509 1473 2554 et
1507 2499 1654 2553 illius
1682 2513 1916 2554 consan-

338 2601 596 2669 guineum
648 2591 940 2650 Iacobum.
995 2589 1261 2648 Omnibus
1298 2587 1467 2658 igitur
1527 2587 1912 2658 praesentibus,

340 2690 424 2744 vel
451 2687 768 2763 necessario
801 2685 1000 2749 tribus,
1027 2683 1245 2755 primus
1305 2684 1597 2752 episcopus
1627 2679 1783 2750 jubet
1819 2693 1915 2734 eos

337 2784 398 2836 in
452 2783 572 2836 loco
611 2794 772 2836 sacro
823 2777 1038 2840 sedere,
1083 2786 1140 2830 et
1192 2773 1453 2844 suil‘ragia
1493 2774 1646 2827 dare.
1689 2771 1916 2840 Oportet

339 2874 484 2930 enim
517 2872 702 2926 divina
751 2869 941 2924 divino
994 2867 1156 2938 jussu
1216 2874 1271 2920 et
1328 2864 1716 2920 exhortatione
1774 2862 1911 2917 ﬁeri.

343 2963 464 3032 Ipse
490 2963 706 3032 quidem
735 2957 948 3030 primus
1003 2971 1129 3013 cum
1157 2955 1228 3012 iis
1255 2970 1365 3010 non
1419 2955 1745 3024 ingreditur,
1780 2962 1916 3008 tunc

343 3053 428 3108 vel
456 3055 558 3107 hoc
616 3052 739 3120 ipso
789 3047 975 3104 Jesum
1027 3046 1198 3102 Deum
1231 3053 1287 3101 et
1337 3046 1614 3102 hominem
1651 3045 1912 3116 ﬁgurans,

340 3144 434 3212 qui
481 3153 712 3209 corpore
759 3141 960 3196 absens
1016 3145 1346 3207 potestatem
1409 3151 1568 3192 suam
1623 3136 1799 3200 dedit,
1866 3146 1921 3190 et

347 3249 443 3302 per
472 3247 570 3286 eos
610 3239 874 3300 operatur
906 3229 1003 3298 qui
1067 3228 1153 3282 sui
1210 3235 1360 3282 sunt.
1395 3226 1504 3281 Nec
1533 3227 1638 3282 hoc
1683 3235 1920 3292 tantum,

345 3325 443 3379 sed
471 3324 640 3378 etiam
675 3331 733 3375 ut
768 3320 918 3375 vices
948 3317 1156 3373 Christi
1191 3331 1362 3384 agens
1417 3317 1663 3372 divinum
1721 3316 1924 3371 suﬂ‘rao

341 3417 493 3486 gium
530 3414 644 3483 ipse
677 3413 872 3467 iterum
907 3410 1161 3480 obsiguet
1218 3419 1273 3465 et
1309 3407 1594 3479 approbet.
1623 3406 1702 3464 Ne
1737 3417 1920 3463 autem

348 3507 601 3560 videatur
630 3519 756 3558 cum
790 3503 923 3572 ipsis
947 3515 1055 3556 non
1089 3515 1274 3571 agere,
1302 3504 1395 3555 sed
1449 3501 1583 3570 ipsis
1612 3500 1925 3554 assentiens

341 3608 400 3653 et
441 3595 715 3650 unanimis
737 3601 1018 3664 appareat,
1049 3593 1287 3662 aliquem
1319 3608 1386 3648 ex
1425 3592 1496 3648 iis
1551 3593 1645 3662 qui
1687 3592 1764 3646 illi
1815 3592 1924 3646 uti-

347 3689 587 3742 nistrant
639 3685 758 3740 vice
799 3699 899 3740 sua
958 3683 1274 3748 iuncturum
1336 3697 1461 3737 cum
1517 3682 1589 3737 iis
1643 3684 1832 3746 mittit,
1893 3697 1926 3739 ο

345 3778 498 3831 clero
525 3774 812 3838 selectum,
865 3772 960 3844 qui
992 3771 1339 3842 potissimum
1386 3787 1506 3828 esse
1535 3773 1678 3827 solet
1706 3775 1928 3827 charto—

348 3867 573 3936 phylax.
951 3860 958 3865 ’

415 3979 418 3982 ’
919 3949 1147 4008 CAPUT
1194 3951 1352 4006 CXC.

263 4106 267 4109 ι
309 4086 322 4096 ·
351 4069 473 4134 Qus
527 4067 734 4121 ratione
783 4067 922 4120 inter
971 4063 1334 4133 suﬁ‘ragantes
1391 4063 1659 4133 episcOpos
1720 4065 1924 4119 medius

849 4135 988 4189 sedet
1021 4135 1427 4202 cltarto‘pltylax.
1657 4193 1665 4202 _

419 4229 542 4284 lileo
573 4230 626 4284 iu
657 4228 836 4282 medio
880 4227 1266 4295 episcoporum
1295 4227 1470 4290 sedet,
1503 4239 1612 4278 non
1654 4235 1713 4279 ut
1762 4225 1929 4280 char-

352 4322 631 4391 tophylax,
665 4333 730 4373 ea
759 4318 903 4371 enim
925 4315 1138 4370 ratione
1167 4314 1487 4369 cathedram
1523 4318 1668 4370 inter
1711 4318 1928 4384 episco-

1946 3089 1995 3153 C

2005 673 2099 726 καὶ
2130 671 2406 726 κοινοῦται
2444 673 2503 725 τὸ
2543 671 2726 742 ἔργον.
2777 674 2934 728 Ἐπεὶ
2983 672 3078 725 οὖν
3107 672 3254 724 θεῖον
3301 670 3461 724 τοῦτο
3490 671 3584 722 καὶ

2004 764 2254 832 ἐραστὸν,
2298 764 2498 826 πάντες
2527 765 2620 815 ἐπὶ
2651 762 2822 828 τούτῳ
2852 762 3223 818 συντίθενται·
3273 763 3367 814 καὶ
3399 763 3454 812 εί
3487 762 3584 828 μὲν

2005 856 2055 906 οἱ
2095 855 2194 922 τῆς
2223 854 2494 923 ἐπαρχίας
2535 855 2759 924 πάρεισι
2793 855 3021 918 πάντες,
3053 853 3218 907 καλόν
3239 869 3254 883 ο
3287 852 3448 905 τοῦτο
3477 854 3586 920 γὰρ

2007 944 2103 998 καὶ
2127 946 2162 1013 ὴ
2206 945 2440 1014 διαταγὴ
2490 945 2603 998 τῶν
2633 947 2875 1000 κανόνων
2905 945 3182 1014 βούλεται,
3216 945 3312 998 καὶ
3354 947 3588 997 ἀποστο-

2005 1035 2157 1088 λικόν
2187 1037 2336 1088 ἐστιν
2385 1035 2549 1105 ἔργον
2602 1053 2665 1088 τε
2710 1037 2806 1089 καὶ
2857 1035 3179 1104 διάταγμαο
3232 1035 3431 1096 πάντες
3477 1034 3586 1102 γὰρ

2006 1123 2147 1197 ἦσαν
2182 1128 2276 1180 ἐπὶ
2313 1129 2376 1198 τῇ
2407 1128 2574 1198 ψήφῳ
2613 1127 2858 1182 Ματθίου
2888 1143 2901 1157 ·
2934 1130 2982 1180 εί
3012 1127 3056 1180 δ’
3089 1127 3148 1178 ού
3187 1108 3435 1190 δυνατὸν,
3468 1127 3589 1192 ἐξά-

2009 1236 2208 1281 παντος
2251 1215 2390 1272 εἶναι
2443 1221 2593 1290 τρεῖς
2643 1220 2734 1271 διὰ
2763 1219 2863 1287 τὴν
2902 1217 3146 1288 Τριάδαο
3181 1217 3262 1271 ὅτι
3311 1218 3449 1287 αῦτη
3481 1219 3588 1271 τῶν

2009 1311 2147 1366 ὅλων
2177 1312 2513 1382 δημιουργός
2539 1328 2600 1364 τε
2634 1311 2728 1364 καὶ
2757 1311 3116 1374 τελειοποιὸς,
3149 1311 3588 1378 συμφωνούντων

2011 1404 2195 1466 αὐτοῖς
2247 1405 2343 1457 καὶ
2379 1403 2788 1474 ἀνατιθεμένων
2826 1403 2898 1455 τὰ
2947 1403 3076 1472 περὶ
3114 1403 3305 1454 τούτου
3344 1402 3440 1455 καὶ
3482 1401 3590 1454 τῶν

2010 1497 2233 1551 λοιπῶν.
2296 1495 2467 1550 Τοῦτο
2521 1497 2581 1550 δὲ
2627 1498 2723 1549 καὶ
2771 1495 2863 1548 ἐπὶ
2910 1495 2988 1565 τῷ
3041 1495 3378 1564 βαπτίσματι
3409 1492 3584 1562 ὤφθη,

2015 1588 2425 1658 μαρτυροῦντος
2459 1589 2550 1640 τὸν
2595 1586 2725 1641 Υίὸν
2755 1586 2850 1640 τοῦ
2904 1586 3118 1655 [ἰατρὸς
3166 1586 3262 1638 καὶ
3292 1585 3386 1638 τοῦ
3423 1587 3589 1637 Πνεύ-

2017 1695 2184 1745 ματος
2211 1692 2225 1706 ⁶
2272 1677 2368 1730 καὶ
2401 1679 2459 1732 ἐν
2490 1677 2557 1747 τῇ
2593 1676 3068 1747 Μεταμορφώσει,
3103 1677 3295 1730 ἑαυτόν
3323 1694 3382 1729 τε
3434 1676 3589 1745 153

2018 1769 2116 1822 cini
2152 1768 2362 1831 τούτοις
2412 1767 2507 1822 τοῦ
2543 1767 2673 1822 Υίοῦ
2718 1767 3146 1839 μαρτυροῦντος,
3189 1766 3588 1836 βαπτιζομένυυ

2019 1862 2114 1914 καὶ
2133 1859 2374 1922 διδόντος
2401 1859 2502 1929 τὴν
2544 1859 2727 1930 χάριν,
2765 1860 2860 1911 καὶ
2906 1859 3036 1929 θείῳ
3079 1859 3218 1928 φωτὶ
3256 1857 3587 1926 λάμποντος.

2019 1951 2110 2005 Διὸ
2136 1953 2251 2018 καὶ,
2278 1970 2297 2004 ι
2320 1951 2445 2005 Ἐπὶ
2473 1951 2566 2006 δύο
2600 1953 2896 2022 μαρτύρων
2927 1953 2960 2022 ἢ
2990 1951 3178 2020 τριῶν,
3204 1955 3358 2022 φησὶ,
3386 1951 3590 2019 σταθή-

2023 2058 2179 2097 σεται
2207 2046 2316 2098 πᾶν
2341 2045 2521 2115 ῥῆμα.
2564 2065 2582 2097 ι
2624 2047 2736 2100 Kal
2776 2047 2835 2098 ἐν
2864 2047 2977 2107 τοῖς
3011 2046 3330 2107 ἀποστόλοις
3350 2045 3407 2096 δὲ
3434 2043 3526 2096 τοῦ
3539 2060 3591 2094 to

2020 2130 2109 2206 ἦν.
2151 2136 2314 2206 Τρεῖς
2366 2137 2478 2206 γὰρ
2515 2136 2784 2205 ἐξαίρετοι
2819 2135 3168 2206 ἀπελέγησαν
3211 2135 3320 2189 τῶν
3363 2136 3588 2196 λοιπῶν,

2023 2226 2252 2296 Πέτρος,
2313 2227 2567 2298 Ἰωάννης
2616 2244 2675 2280 τε
2731 2228 2824 2280 καὶ
2861 2227 3114 2291 Ἰάκωϐος
3158 2228 3187 2280 ὁ
3239 2225 3334 2280 τοῦ
3383 2226 3592 2297 Κυρίου

2021 2317 2267 2386 ἀδελφὸς,
2301 2319 2351 2372 οἱ
2383 2318 2669 2381 δοκοῦντες
2691 2318 2873 2372 στῦλοι
2898 2314 3060 2382 εἶναι,
3094 2318 3170 2383 ὡς
3197 2317 3592 2386 Παῦλόςκφησι.

2021 2413 2132 2466 Kal
2163 2413 2323 2476 αὐτὸς
2358 2414 2386 2466 ό
2429 2413 2619 2483 Σωτὴρ
2649 2415 2801 2482 τρεῖς
2849 2413 3144 2483 ἐξαιρέτως
3184 2408 3334 2483 εἶχεν
3379 2415 3439 2465 ἐν
3479 2415 3594 2475 τοῖς

2026 2504 2240 2572 μείζοσι
2291 2507 2633 2574 μυστηρίοις,
2683 2506 2776 2559 τὸν
2819 2506 3023 2576 Πέτρον
3057 2505 3153 2559 καὶ
3201 2505 3457 2574 Ἰωάννην
3503 2506 3594 2557 καὶ

2021 2598 2114 2651 τὸν
2161 2599 2436 2669 ὁμαίμονα
2487 2600 2679 2651 τούτου
2733 2598 3012 2653 Ἰάκωὸον.
3061 2596 3184 2651 Τῶν
3239 2598 3456 2651 πάντων
3501 2593 3596 2650 οὖν

2021 2689 2208 2756 όντων,
2255 2690 2287 2760 ἢ
2345 2689 2468 2744 κατ’
2505 2693 2756 2760 ἀνάγκην
2798 2691 2989 2762 τριῶν,
3040 2690 3257 2745 κελεύει
3305 2689 3516 2753 τούτοις
3567 2691 3594 2742 ό

2024 2780 2238 2850 πρῶτος
2287 2781 2578 2850 ἀρχιερεὺς
2621 2782 2680 2834 ἐν
2718 2783 2871 2852 τόπῳ
2905 2782 3034 2852 ίερῷ
3082 2781 3332 2847 καθίσαι,
3376 2777 3468 2834 καὶ
3497 2782 3595 2843 τὰς

2021 2870 2239 2939 ψήφους
2286 2871 2620 2939 ποιήσασθαι
2644 2888 2660 2903 ·
2715 2872 2798 2926 ὅτι
2837 2873 2967 2942 θείῳ
3000 2872 3336 2943 κελεύσματι
3370 2871 3439 2926 τὰ
3477 2872 3598 2925 θεῖα

2024 2962 2270 3030 γίνεσθαι
2305 2963 2434 3034 χρή.
2480 2964 2592 3018 Kal
2622 2964 2786 3028 αὐτὸς
2823 2965 2925 3035 μὲν
2958 2965 2987 3018 ὁ
3015 2964 3232 3036 πρῶτος
3282 2965 3380 3018 σὺν
3411 2965 3598 3025 αὐτοῖς

2023 3055 2124 3108 οὐκ
2157 3055 2372 3126 ἔρχεται
2402 3059 2544 3124 τότε,
2579 3057 2770 3110 τυπῶν
2797 3059 2899 3112 κάν
2927 3057 3104 3130 τούτῳ
3130 3059 3223 3113 τὸν
3249 3058 3596 3129 θεάνθρωπον

2037 3144 2266 3214 Ἰησοῦν,
2286 3146 2370 3198 ὅτι
2398 3147 2494 3199 καὶ
2518 3147 2852 3216 σωματικῶς
2883 3147 2959 3218 μὴ
2991 3147 3204 3219 παρὼν,
3225 3149 3324 3218 τὴν
3351 3147 3595 3214 ἐξουσίαν

2024 3233 2191 3287 αὑτοῦ
2235 3236 2359 3298 δοὺς
2408 3237 2620 3307 ἐνεργεῖ
2654 3237 2743 3291 διὰ
2780 3238 2889 3292 τῶν
2935 3238 3144 3292 αὐτοῦ’
3193 3240 3290 3292 καὶ
3339 3240 3398 3292 ού
3439 3237 3598 3292 τοῦτο

2026 3327 2208 3398 μόνον,
2243 3327 2359 3380 ἀλλ’
2393 3328 2480 3382 ἵνα
2513 3329 2614 3399 τὴν
2657 3328 2812 3384 θείαν
2839 3329 3024 3400 ψῆφον
3094 3330 3250 3395 οῦτος
3284 3330 3442 3395 αὖθις
3478 3334 3600 3384 ἐπι-

2026 3419 2330 3491 σφραγίσῃ,
2363 3421 2456 3474 τὸν
2492 3421 2656 3476 τόπον
2701 3422 2941 3493 Χριστοῦ
2993 3423 3237 3491 πληρῶν.
3270 3422 3386 3492 ἰνα
3413 3423 3471 3478 δὲ
3520 3425 3596 3492 μὴ

2024 3512 2120 3564 καὶ
2149 3511 2276 3578 δόξῃ
2303 3513 2385 3566 ὅτι
2412 3513 2473 3566 ού
2517 3514 2894 3584 συμπράττων
2930 3517 3098 3582 ἐστὶν,
3135 3515 3210 3579 ὡς
3235 3517 3300 3569 ἂν
3341 3515 3597 3585 φαίνηται

2026 3604 2204 3658 συνὼν
2255 3605 2353 3660 καὶ
2407 3606 2919 3678 σύμψηφιζόμενος,
2982 3607 3367 3679 τοποτηρητὴν
3425 3605 3596 3662 αὑτοῦ

2025 3696 2236 3766 πέμπει
2284 3695 2382 3749 σὺν
2414 3698 2600 3759 αὐτοῖς
2647 3697 2756 3748 τῶν
2811 3695 2962 3766 αὐτῷ
3005 3696 3467 3765 λειτουργούντων
3491 3696 3600 3748 άπλι

2024 3787 2120 3841 τοῦ
2148 3787 2350 3857 κλήρου
2387 3787 2480 3842 τὸν
2516 3788 2772 3858 ἔκκριτον
2803 3789 2863 3852 ὃς
2893 3789 3185 3858 ἐξαιρέτως
3217 3790 3312 3841 καὶ
3344 3790 3371 3841 ὁ
3401 3805 3598 3858 χαρτο-

2025 3879 2202 3948 φύλαξ
2229 3878 2366 3933 ἐστι.
2429 3895 2433 3899 ·

2615 3968 2868 4024 usus.
2899 3967 3015 4035 Ριιο.

2027 4083 2229 4150 Ὅπως
2270 4084 2304 4136 ό
2340 4082 2732 4153 χαρτοφύλαξ
2770 4081 2968 4151 μέσον
2999 4081 3250 4148 κάθηται
3305 4083 3424 4137 τῶν
3481 4087 3602 4153 ψη·

2453 4152 2784 4220 φιζομένων
2818 4153 3195 4206 ἐπισκόπων.

2096 4247 2188 4299 Διὸ
2213 4245 2309 4300 καὶ
2344 4244 2506 4316 μέσον
2529 4245 2766 4314 κάθηται
2817 4247 2925 4298 τῶν
2981 4246 3307 4320 ἀρχιερέων,
3373 4245 3472 4317 οὐχ
3525 4247 3601 4307 ὡς

2027 4335 2397 4405 χαρτοφύλαξ,
2461 4334 2585 4389 ούδέ
2616 4335 2727 4404 γὰρ
2757 4335 3024 4406 καθέδραν
3052 4339 3108 4388 ἐν
3137 4339 3454 4400 ἐπισκόποις
3509 4337 3602 4388 ού-

351 4426 451 4480 pos
475 4425 585 4464 non
635 4408 841 4475 habet;
878 4408 966 4462 vel
997 4404 1202 4475 aliquis
1236 4406 1382 4459 alius
1431 4406 1687 4472 clericus,
1736 4410 1832 4461 sed
1865 4418 1917 4461 ut

2025 4404 2116 4494 τος
2141 4429 2271 4500 ἔχει,
2305 4428 2338 4498 ἢ
2377 4428 2535 4491 ἄλλος
2561 4446 2640 4492 τις
2666 4404 2951 4499 κληρικδς,
2999 4429 3116 4482 ἀλλ’
3163 4429 3241 4492 ὠς
3299 4447 3603 4499 τοποτηρη-

355 4504 500 4554 vices
547 4513 716 4569 agens
739 4497 938 4568 ~magui
981 4496 1250 4566 episcopi.
1297 4495 1466 4550 Sedet
1517 4498 1683 4566 igitur
1728 4506 1783 4552 et
1828 4512 1924 4566 per

353 4592 605 4647 ordinem
634 4593 933 4661 interrogat
963 4591 1271 4659 episcopos,
1310 4605 1419 4644 non
1456 4599 1635 4643 tamen
1699 4603 1824 4643 cum
1856 4591 1923 4642 iis

352 4681 459 4736 fert
479 4679 822 4749 suﬂragium.
853 4677 1037 4748 Magni
1089 4679 1234 4732 enim
1255 4679 1498 4749 episcopi
1550 4680 1820 4734 sententia
1855 4681 1925 4733 ab

353 4774 514 4829 initio
538 4773 665 4827 data
706 4780 809 4837 est,
864 4781 922 4826 ut
980 4771 1226 4841 episcopi
1290 4769 1613 4839 sull‘ragium
1671 4772 1921 4837 ferrent;

352 4865 663 4934 iterumque
695 4854 916 4918 dabitur
953 4863 1124 4917 (initis
1182 4862 1477 4934 suﬂ‘ragiis,
1505 4878 1569 4918 eo
1597 4863 1740 4932 quod
1780 4865 1930 4916 illius

305 5021 318 5030 ο
359 4959 628 5010 sententia
655 4953 854 5010 divinae
885 4955 1054 5008 sortis
1087 4953 1262 5008 locum
1291 4955 1519 5008 tenebit.
1549 4955 1779 5024 Pr0ptcr
1828 4957 1931 5010 hoc

357 5057 552 5115 praeter
603 5046 895 5116 episcopos
941 5048 1036 5115 qui
1083 5046 1193 5100 illic
1229 5056 1358 5100 sunt
1411 5047 1598 5100 nullus
1626 5047 1768 5101 alius
1827 5049 1932 5102 l‘ert

358 5137 703 5206 suffragium.

921 5309 1150 5366 CAPUT
1176 5311 1362 5369 CXCI.

430 5401 584 5468 Quod
597 5395 790 5470 'preces
823 5403 955 5470 ﬁunt
1000 5419 1118 5458 cum
1165 5406 1424 5476 suﬁragia
1462 5406 1678 5473 ferenda
1706 5418 1852 5465 sunt.

429 5494 788 5550 Venientibus
821 5495 986 5566 igitur
1033 5496 1142 5556 illis
1171 5513 1296 5555 cum
1353 5501 1777 5574 chartOphylace
1815 5517 1924 5575 quo

427 5680 443 5714 ’
477 5677 634 5734 Deut.
670 5680 910 5745 xtx,15.

2030 4526 2128 4594 τὴς
2155 4521 2250 4576 τοῦ
2282 4523 2521 4592 μεγάλου
2555 4525 2876 4593 ἀρχιερέως.
2906 4524 3154 4592 Κάθηται
3191 4523 3250 4575 δὲ
3290 4523 3382 4575 καὶ
3427 4525 3606 4592 ἐρωτᾷ

2033 4616 2174 4667 κατὰ
2201 4614 2355 4678 τάξιν
2387 4617 2514 4678 τοὺς
2539 4614 2872 4676 ἐπισκόπους
2910 4629 2923 4643 ο
2944 4613 3008 4666 οὐ
3041 4613 3146 4682 μὴν
3169 4631 3233 4664 συ
3243 4613 3601 4682 μψηφίςεται.

2042 4707 2106 4763 Ἦ
2136 4710 2245 4780 γὰρ
2274 4708 2469 4778 γνώμη
2507 4708 2600 4760 τοῦ
2638 4707 2876 4775 μεγάλου
2916 4708 3220 4778 ἀρχιερέως
3263 4708 3473 4760 δέδοται
3506 4709 3605 4774 μὲν

2031 4801 2286 4872 ἀπαρχῆς
2317 4803 2394 4863 είς
2429 4799 2492 4853 τὸ
2536 4801 3041 4862 τοὺςοέπισκόπους
3090 4797 3462 4866 ψηφίσασθαι,
3521 4801 3605 4848 δο-

2033 4892 2257 4974 θήσεται
2280 4894 2323 4946 δ’
2351 4889 2509 4960 αῢις
2541 4891 2770 4963 ὕστερον
2809 4891 2917 4944 τῶν
2968 4890 3166 4960 ψήφων
3205 4887 3561 4942 τελεσθεισῶν
3589 4903 3603 4916 ο

2030 4987 2120 5040 ὅτε
2155 4989 2247 5042 καὶ
2271 4989 2302 5056 ὴ
2330 4987 2522 5039 τούτου
2555 4986 2752 5054 γνώμη
2811 4985 2887 5048 ὼς
2915 4984 3057 5047 θεῖος
3077 4984 3278 5053 κλῆρος
3301 4983 3473 5035 ἔσται.
3507 4984 3606 5034 Διὰ

2032 5078 2192 5132 τοῦτο
2224 5078 2363 5148 πλὴν
2394 5078 2503 5131 τῶν
2538 5080 2857 5132 ἐπισκόπων
2888 5078 3068 5130 ἐκεῖσε
3103 5076 3262 5138 ἄλλος
3286 5091 3370 5137 τις
3406 5075 3466 5126 οὑ
3500 5074 3606 5143 ψη-

2035 5169 2272 5238 φίζεται.

2471 5375 2474 5379 .
2578 5333 2832 5390 ΚΕΦΔΛ.
2881 5334 3045 5399 ΡιιΑο.
3245 5383 3247 5386 ε

2178 5422 2301 5474 Ὅτι
2337 5424 2651 5493 προσευχὴ
2687 5427 2915 5494 γίνεται
2939 5425 3011 5478 ἐν
3042 5424 3171 5490 ταῖς
3211 5425 3462 5494 ψήφοις.

2122 5511 2418 5567 Ἐλθόντων
2451 5514 2634 5570 τοίνυν
2682 5515 2890 5569 τούτων
2915 5516 3012 5570 σὺν
3067 5515 3145 5586 τῷ
3206 5516 3603 5587 χαρτοφύλακι,

4035 2489 4052 2538 ί.

4033 2545 4078 2587 ἢ
