4078 6422
406 419 503 480 ιοῑ

1440 427 1538 486 DE
1582 425 1862 487 SACRIS
1905 425 2094 487 ORDI
2114 424 2605 488 NATIONIBUS.

3512 388 3515 389 ί
3558 428 3662 492 me

393 536 524 590 ἔνθα
550 533 881 603 ψηφίζεσθαι
911 536 1052 600 έθος,
1085 536 1349 592 ἅπτονται
1386 541 1485 608 μὲν
1517 541 1618 609 τῆς
1647 540 1795 607 θείας
1830 543 1980 595 είκό-

2102 542 2343 615 suffragia
2400 545 2531 599 dare
2554 558 2673 600 mos
2694 552 2800 608 est,
2840 552 2963 597 ante
2998 543 3238 597 divinam
3268 541 3468 599 Christi
3532 546 3671 597 ima-

396 645 486 690 νος
533 626 772 694 Χριστοῦ
810 627 1043 683 ἐνώπιον
1066 630 1229 700 κηροὶ
1281 633 1433 699 τρεῖς
1468 634 1546 695 είς
1581 633 1741 700 δόξαν
1767 652 1827 687 τε
1887 634 1985 688 καὶ

393 719 564 771 τύπον
587 721 686 788 τῆς
719 720 883 785 ἁγίας
913 721 1147 789 Τριάδος
1177 737 1192 753 °
1237 723 1331 776 καὶ
1358 723 1440 777 ὅτι
1485 726 1619 795 παρ’
1650 724 1822 795 αὐτῆς
1851 727 1983 797 ἡμῖν

396 810 543 872 ἄπας
606 812 909 879 φωτισμδς,
967 812 1295 879 καὶμᾶλλον
1341 807 1495 878 οὗτος
1545 818 1572 868 6
1629 816 1980 881 τελεώτατος.

397 901 490 954 Διὸ
534 902 629 954 καὶ
680 902 929 955 ἐντεῦθεν
972 904 1278 973 ἀρχόμενον
1321 905 1381 958 τὸ
1447 908 1756 977 τρικήριον,
1800 912 1893 961 καὶ
1926 911 1983 962 ἐν

403 996 605 1056 πᾶσαις
638 995 884 1053 τελεταῖς
950 997 1046 1048 τοῦ
1098 997 1399 1067 ἀρχιερέως
1454 999 1568 1051 ἐστὶ
1595 1000 1684 1052 τὸν
1734 1002 1794 1054 ὲν
1837 999 1986 1070 αὑτῷ

398 1085 609 1136 τέλειον
695 1085 802 1139 ἀπὸ
863 1087 961 1153 τῆς
1015 1088 1232 1151 τελείας
1294 1090 1465 1157 μόνης
1528 1091 1760 1163 Τριάδος
1817 1110 1988 1161 φωτι-

402 1174 559 1236 σςιλν.
580 1173 768 1241 σαφῶς
801 1175 1083 1244 ὲκδηλοῦν.
1109 1173 1241 1230 Εἶτα.
1261 1179 1288 1230 6
1319 1179 1530 1249 πρῶτος
1547 1180 1655 1234 τῶν
1673 1181 1987 1236 ἐπισκόπων

404 1266 797 1335 ὲπιτραχήλιον
845 1268 1211 1337 περιτίθεται,
1256 1271 1355 1340 τὴν
1412 1272 1619 1326 ἀνωθεν
1669 1274 1853 1344 χάριν,
1913 1274 1987 1338 ώς

402 1355 721 1422 εἰρήκαμεν,
748 1357 1042 1413 ἐκτυποῦν.
1064 1360 1175 1413 Καὶ
1207 1362 1346 1416 κατὰ
1374 1362 1640 1425 ἀνατολὰς
1668 1366 1788 1435 τρὶς
1817 1381 1987 1435 προσ-

405 1445 587 1495 κυνῶν
618 1447 711 1499 τὸν
742 1446 797 1499 ὲν
828 1448 1021 1517 Τριάδι
1054 1450 1212 1517 Θεὸν,
1242 1451 1433 1506 τοῦτον
1458 1453 1675 1522 εὑλογεῖ
1710 1470 1726 1486 ο
1758 1455 1839 1508 δεῖ
1869 1456 1979 1524 γὰρ

408 1536 468 1586 ἐν
496 1537 607 1595 τοῖς
632 1536 774 1591 οὑτω
802 1538 970 1602 θείοις
998 1556 1057 1593 τε
1111 1542 1206 1595 καὶ
1242 1545 1523 1612 μεγίστοις
1572 1544 1680 1598 ἀπὸ
1716 1543 1875 1609 Θεοῦ,
1911 1545 1987 1608 ώς

406 1627 791 1698 ἐδιδάχθημεν,
828 1630 1115 1700 ἄρχεσθαι,
1144 1632 1239 1688 καὶ
1274 1633 1468 1689 τοῦτον
1494 1636 1603 1705 πρὸ
1633 1637 1853 1689 πάντων
1899 1635 1987 1689 εὑο

406 1717 613 1785 λογεῖνι
662 1722 757 1775 καὶ
803 1723 913 1775 ἀπὸ
969 1723 1104 1778 Θεοῦ
1161 1726 1256 1779 καὶ
1285 1729 1595 1798 προσευχῆς
1624 1729 1984 1798 ἀρχομένους,

406 1808 505 1877 τὴν
573 1812 731 1881 γάριν
794 1816 851 1866 ἐν
904 1816 1116 1881 ἑαυτοῖς
1140 1818 1475 1876 ἐπισπᾶσθαι
1511 1821 1605 1875 τοῦ
1638 1822 1983 1892 Πνεῦματος,

2093 633 2276 702 ginem
2300 633 2441 687 cerei
2479 640 2592 687 tres
2624 633 3001 688 accenduntur
3026 633 3081 686 in
3109 632 3344 701 gloriam
3401 643 3457 687 et
3482 642 3666 703 typum

2092 732 2296 780 sanctas
2331 723 2644 789 Trinitatis,
2676 734 2730 779 et
2764 724 2913 795 quod
2938 725 3006 778 ab
3046 739 3109 779 ea
3150 725 3309 780 nobis
3341 725 3523 780 veniat
3548 740 3669 777 om-

2090 814 2177 871 nis
2231 815 2585 885 illuminatio,
2642 824 2693 871 et
2729 814 2900 869 multo
2919 814 3092 883 magis
3131 815 3248 869 hmc
3297 814 3667 869 divinissima.

2092 906 2219 961 Ideo
2253 906 2381 961 hinc
2414 907 2616 962 tricerii
2652 917 2874 963 emanat
2905 909 3083 977 origo,
3131 909 3293 977 cujus
3350 924 3487 963 usus
3527 909 3670 973 viget

2091 996 2146 1051 in
2204 999 2460 1054 omnibus
2514 1000 2688 1055 sacris
2741 1000 2989 1069 episcopi
3048 1000 3513 1070 operationibus:
3559 1013 3681 1067 quo.

2089 1089 2369 1144 evidenter
2426 1091 2705 1145 lndicatnr
2748 1090 3062 1159 perfectam
3118 1090 3573 1145 illuminationem
3638 1106 3667 1143 a

2090 1179 2206 1235 sola
2236 1188 2287 1233 et
2316 1179 2555 1249 perfecta
2584 1179 2856 1237 Trinitate
2882 1196 3164 1237 emanare.
3210 1181 3418 1236 Deinde
3459 1180 3670 1249 primus

2091 1272 2473 1340 episcoporum
2504 1272 2921 1340 epitrachelium
2966 1274 3084 1328 sive
3116 1275 3318 1328 stolam
3349 1272 3668 1326 sacerdota-

2093 1364 2224 1429 lem,
2258 1380 2378 1433 quae
2430 1379 2722 1434 supernam
2771 1366 3029 1434 gratiam,
3086 1376 3145 1422 ut
3196 1367 3460 1429 diximus,
3522 1365 3671 1418 desi-

2090 1467 2243 1527 gnat,
2280 1456 2422 1511 collo
2470 1457 2861 1529 circumponit,
2908 1469 2965 1514 et
3003 1459 3069 1513 ad
3119 1459 3382 1513 orientem
3429 1467 3512 1512 ter
3541 1456 3672 1510 ado-

2090 1555 2198 1613 rat,
2256 1549 2424 1604 Deum
2467 1549 2522 1603 in
2576 1553 2934 1618 personarum
2990 1548 3260 1605 Trinitate
3318 1547 3668 1603 benedicens.

2090 1639 2149 1694 In
2174 1640 2259 1695 his
2288 1640 2435 1695 enim
2469 1640 2668 1696 divinis
2690 1650 2746 1698 et
2785 1641 3041 1696 maximis
3091 1641 3260 1695 rebus
3300 1653 3329 1693 a
3370 1638 3484 1694 Deo
3537 1639 3675 1692 inci-

2090 1745 2221 1800 pere
2248 1730 2432 1786 edocti
2459 1746 2672 1798 sumus,
2715 1741 2769 1786 ct
2818 1728 2945 1789 ante
2976 1732 3164 1787 omnia
3213 1730 3316 1802 ipsi
3378 1729 3675 1785 benedice-

2092 1835 2175 1887 re,
2209 1823 2611 1892 exordiumque
2641 1839 2671 1878 a
2705 1824 2816 1879 Deo
2840 1832 2896 1878 et
2931 1824 3191 1893 precibus
3248 1822 3515 1876 facientes
3548 1836 3675 1903 gra-

408 1902 494 1952 xa‘z
516 1900 657 1955 οὑτω
689 1904 764 1971 τῷ
811 1908 939 1974 θεῐῳ
959 1909 1229 1980 ἐγχειρεῖν
1260 1912 1427 1981 ἔργῳ.
1456 1913 1556 1966 Διά
1580 1912 1737 1967 τοῦτο
1760 1915 1853 1965 καὶ
1880 1912 1983 1965 ὑπὸ

2102 1913 2223 1967 tiam
2251 1913 2493 1983 Spiritus
2516 1914 2583 1969 ad
2612 1930 2711 1971 nos
2739 1892 3035 1981 attrahere,
3063 1915 3251 1985 sicque
3270 1913 3512 1969 divinum
3534 1900 3675 1982 opus

412 1993 631 2047 πάντων
658 1994 765 2049 τῶν
797 1999 977 2052 ἐκεῖσε
1022 2004 1320 2073 γινομένης
1356 2004 1691 2075 προσευχῆς,
1736 2003 1798 2056 τὸ
1846 2004 1988 2056 θεῖον

409 2085 635 2155 Πνεῦμα
667 2091 1054 2147 ἐπικαλοῦνται
1086 2096 1260 2150 ὲλθεῖν
1287 2100 1383 2152 καὶ
1410 2098 1756 2166 ὲνσκηνῶσαι
1782 2098 1989 2159 αὐτοῖς.

414 2176 542 2231 Εἶτα
571 2181 661 2234 τὸν
692 2186 976 2253 τρισάγιον
1005 2187 1175 2256 ὕμνον
1217 2182 1325 2243 τῶν
1349 2190 1598 2259 ἀγγέλων
1623 2190 1989 2260 ὑμνήσαντες.

410 2272 503 2323 καὶ
535 2273 633 2342 τὴν
659 2275 752 2328 τοῦ
786 2277 974 2345 Πάτερ
1001 2278 1172 2347 ἡμῶν
1201 2283 1531 2352 προσευχὴν,
1564 2283 1687 2354 ἦτις
1731 2280 1825 2334 τοῦ
1880 2280 1993 2334 Σω-

409 2367 573 2443 τῆρός
620 2367 758 2430 ἐστι,
796 2369 889 2420 καὶ
924 2369 1127 2423 λοιπῶν
1152 2370 1327 2425 ἄλλων
1362 2372 1672 2441 λεγομένων
1724 2373 1992 2443 ἁρμοζόν-

411 2474 519 2508 των
562 2442 653 2527 ⁸τῷ
716 2462 1026 2531 μυστηρίῳ,
1073 2462 1156 2527 τὸ,
1205 2481 1223 2514 ι
1261 2463 1564 2531 Εὐλογητὸς
1611 2460 1680 2525 εί,
1730 2464 1934 2534 Χριστὲ
1965 2466 1993 2518 6

418 2548 551 2608 Θεὸς
582 2549 762 2616 ἡμῶν,
808 2570 827 2603 ι
857 2552 945 2604 διά
974 2550 1100 2616 τοὺς
1137 2553 1473 2615 ἀποστόλους
1521 2555 1614 2618 οὓς
1673 2555 1702 2608 6
1758 2557 1995 2624 Χριστὸς

425 2638 725 2704 ἐξελέξατο.
752 2642 821 2695 δι’
855 2642 1034 2696 αὑτῶν
1063 2646 1139 2697 ηὲν
1163 2646 1446 2715 Πνεύματι
1495 2648 1634 2718 ἁγίῳ
1662 2647 1762 2718 τὴν
1817 2649 1997 2702 οἰκου-

422 2733 590 2801 μένην
625 2736 989 2805 σαγηνεύσας,
1022 2740 1115 2791 καὶ
1139 2740 1218 2803 τὸ,
1251 2758 1269 2790 ι
1294 2739 1380 2802 Ὧς
1408 2740 1464 2791 ὲν
1497 2740 1648 2809 μέσῳ
1679 2742 1786 2795 τῶν
1818 2741 1996 2810 μαθη-

420 2831 527 2882 τῶν
562 2847 657 2882 σου
696 2832 998 2901 παρεγένου
1023 2833 1234 2903 Σωτὴρ,
1268 2835 1355 2887 ἵνα
1387 2834 1483 2887 καὶ
1516 2837 1615 2889 σὺν
1645 2836 1831 2899 αὑτοῖς
1860 2838 1998 2908 Χρι-

425 2921 549 2984 στὸς
577 2924 809 2991 γένοιτο,
854 2942 874 2975 ›
906 2926 1000 2977 καὶ
1032 2927 1112 2989 τὸ,
1140 2944 1159 2978 t
1196 2926 1274 2996 Τῇ
1305 2928 1595 2999 πρεσϐείᾳ,
1623 2927 1818 2999 Κύριε,
1866 2930 2001 2984 πάν-

423 3033 531 3067 των
565 3014 673 3069 τῶν
699 3016 871 3084 ἁγίων
902 3018 996 3071 καὶ
1027 3019 1124 3088 τῆς
1161 3022 1453 3089 Θεοτόκου,
1485 3040 1504 3074 ι
1565 3022 1655 3075 ἵνα
1702 3022 1770 3075 δι’
1820 3023 2000 3078 αὑτῶν

421 3112 519 3175 τῆς
547 3108 694 3172 θείας
731 3112 955 3183 εἰρήνης
984 3113 1081 3166 τοῦ
1117 3113 1359 3182 Χριστοῦ
1389 3115 1717 3186 ἐπιτύχωσι,
1779 3118 1874 3172 καὶ
1923 3117 2000 3180 ὡς

2092 2004 2333 2072 aggredi.
2348 2004 2475 2061 Ideo
2499 2005 2641 2062 facta
2661 2021 2818 2076 prece
2836 2007 2905 2063 ab
2920 2006 3174 2061 omnibus
3198 2004 3289 2076 qui
3311 2004 3420 2059 illic
3439 2003 3674 2067 sunt,in-

2092 2106 2322 2151 vocatur
2339 2097 2559 2153 divinus
2577 2099 2813 2167 Spiritus
2838 2107 2899 2154 ut
2938 2098 3210 2165 adveniat,
3249 2106 3304 2153 et
3330 2096 3598 2152 inhabitet
3619 2096 3674 2149 in

2091 2189 2195 2244 eis.
2217 2188 2435 2257 Postea,
2469 2190 2695 2261 trisagio
2720 2191 3036 2263 angelorum
3069 2192 3269 2262 hymno
3285 2190 3598 2255 decantato,
3624 2199 3677 2246 et

2095 2297 2254 2353 prece
2280 2282 2443 2339 Pater
2490 2293 2670 2340 noster
2711 2285 2965 2350 recitata,
3008 2300 3130 2354 quae
3153 2284 3456 2341 Salvatoris
3487 2293 3593 2349 est,
3622 2292 3678 2336 et

2097 2372 2321 2441 reliquis
2347 2372 2467 2428 aliis
2484 2373 2644 2429 dictis
2659 2389 2781 2445 qute
2801 2374 3062 2445 mysterio
3082 2373 3434 2435 conveniunt,
3453 2379 3640 2441 utpote
3658 2387 3676 2424 :

2103 2481 2120 2513 ι
2161 2460 2487 2517 Benedictus
2514 2478 2597 2529 es,
2615 2462 2833 2519 Christe
2858 2462 3000 2520 Deus
3023 2471 3232 2527 noster,
3254 2482 3274 2515 ι
3304 2472 3523 2529 propter
3548 2473 3679 2530 apo.

2098 2553 2274 2608 stolos
2305 2568 2446 2622 quos
2471 2540 2729 2612 Christus
2752 2554 2940 2626 elegit,
2964 2567 3061 2624 per
3086 2569 3180 2611 eos
3209 2554 3263 2608 in
3311 2552 3518 2623 Spiritu
3543 2567 3677 2607 san-

2098 2650 2189 2696 cto
2253 2650 2454 2698 terram
2506 2644 2823 2700 universam
2878 2645 3132 2715 indagine
3161 2644 3332 2700 cinxit
3373 2651 3427 2700 et
3472 2644 3617 2713 cepit
3653 2660 3670 2708 ;

2098 2742 2154 2787 et
2182 2732 2313 2787 illud
2337 2752 2353 2789 :
2392 2752 2412 2786 ι
2432 2732 2598 2791 Velut
2616 2735 2671 2791 in
2691 2736 2931 2792 medium
2954 2736 3351 2806 discipulorum
3381 2734 3672 2798 advenisti,

2099 2839 2133 2880 ο
2157 2824 2430 2891 Salvator,
2456 2836 2515 2881 ut
2534 2842 2659 2883 cum
2692 2828 2828 2899 ipsis
2844 2828 3099 2885 Christus
3129 2836 3311 2895 esset;
3353 2847 3373 2880 ι
3407 2835 3463 2883 et
3494 2827 3675 2881 istud:

2108 2934 2128 2968 ι
2164 2914 2559 2976 Intercessione
2588 2923 2835 2977 omnium
2857 2931 3173 2977 sanctorum
3199 2930 3255 2977 et
3281 2920 3545 2990 Deiparae,
3571 2938 3591 2971 ι
3618 2929 3680 2974 ut

2102 3024 2196 3078 per
2248 3009 2396 3079 ipsos
2436 3010 2678 3067 divinam
2733 3010 2940 3068 Christi
2991 3028 3183 3084 pacem
3242 3022 3676 3081 consequantur.

2101 3100 2170 3156 Et
2203 3102 2351 3157 sicut
2378 3088 2555 3159 sancti
2586 3106 2890 3160 concordes
2908 3120 3027 3159 cum
3053 3119 3193 3175 pace
3227 3103 3445 3175 Christo
3479 3104 3682 3158 uniun-

422 3202 473 3254 οἱ
496 3200 641 3269 ἆγιοι
670 3201 947 3293 σύμφ-ωνοι
976 3206 1071 3258 καὶ
1124 3204 1205 3274 τῷ
1265 3206 1489 3276 Χριστῷ
1533 3206 1825 3278 ἡνωμένοι,
1884 3206 1998 3277 μετ’

2107 3202 2218 3260 tur,
2244 3194 2324 3250 sic
2373 3204 2429 3251 et
2477 3195 2555 3250 illi
2613 3196 2965 3252 concorditer
3027 3196 3354 3252 electionem
3394 3205 3450 3251 et
3497 3195 3680 3251 divina

422 3293 645 3362 εἰρήνης
668 3294 761 3346 καὶ
777 3286 924 3348 οὗτοι
948 3296 1043 3348 καὶ
1072 3297 1381 3365 συμφώνως
1398 3298 1498 3368 τὴν
1522 3299 1823 3353 ἐπισκόπου
1846 3300 2001 3353 ἐκλο-

422 3389 527 3455 γὴν
560 3388 653 3440 καὶ
683 3389 779 3449 τὰς
818 3386 970 3450 θείας
996 3388 1217 3458 ψήφους
1242 3388 1562 3455 τελέσωσιν,
1589 3392 1783 3461 ἐκτενῆ
1811 3390 1999 3461 δέησιν

425 3481 680 3542 ποιεῖται,
713 3478 875 3549 154
897 3479 1164 3550 πρότερον
1200 3479 1476 3550 θυμιάσας
1512 3482 1592 3542 είς
1636 3480 1872 3550 δήλωσιν
1900 3481 2002 3544 τῆς

426 3571 719 3632 ἐπιθυμίας
745 3574 843 3641 τῆς
865 3571 1087 3640 χάριτος
1114 3573 1142 3623 6
1164 3571 1529 3642 ἐναρξάμενος
1551 3572 1865 3641 ἀρχιερεύς.
1891 3572 2003 3626 Καὶ

426 3660 532 3710 τῶν
560 3660 823 3726 βασιλέων
851 3660 1077 3729 μνηθεὶς
1106 3660 1182 3722 ὡς
1218 3662 1456 3715 ἐκδίκων
1492 3662 1592 3728 τῆς
1639 3661 1992 3733 Ἐκκλησίας,

432 3755 525 3807 καὶ
548 3755 642 3807 τοῦ
660 3756 1093 3825 ἀρχιεπισκόπου
1110 3757 1186 3819 ώς
1210 3755 1393 3825 πηγῆς
1424 3755 1577 3818 ὄντος
1592 3756 1650 3809 ὲν
1676 3755 1896 3826 Χριστῷ
1925 3754 2004 3827 τῷ

434 3846 497 3896 ἐν
512 3845 639 3896 εῖδει
668 3843 909 3911 πυρίνων
927 3842 1189 3911 γλωσσῶν
1212 3843 1273 3896 τὸ
1305 3842 1528 3912 Πνεῦμα
1545 3845 1656 3904 τοῖς
1681 3842 2002 3906 ἀποστόλοις

431 3936 791 4006 ἐκπέμψαντι,
821 3938 917 4005 τῆς
944 3935 1095 3999 θείας
1120 3934 1426 4005 ἱερωσύνης
1469 3934 1567 3988 καὶ
1618 3933 1717 4002 τῆς
1774 3932 2005 4002 ἀδελφό-

426 4045 585 4098 τητος
612 4028 721 4080 τῶν
749 4027 1053 4097 ἀρχιερέων
1105 4026 1309 4098 δηλαδὴ
1340 4025 1416 4087 ώς
1456 4024 1741 4095 ὁμοταγῶν
1796 4026 1863 4095 τῇ
1907 4024 2005 4095 χά-

429 4136 537 4190 ριτι
581 4121 674 4173 καὶ
730 4118 1012 4188 συνεργῶν
1045 4119 1141 4171 καὶ
1199 4115 1647 4180 συνεπισκόπων,
1678 4114 2004 4181 ἀπολύσεως

425 4212 727 4279 γινομένης·
749 4211 837 4263 ἐπ’
862 4209 1185 4280 εὐχαριστίᾳ
1217 4209 1373 4273 Θεοῦ,
1406 4209 1493 4262 διὰ
1526 4208 1627 4277 τῆς
1676 4206 1837 4274 ἁγίας
1902 4209 2004 4260 αὑ-

423 4302 516 4357 τοῦ
540 4300 761 4369 Μητρὸς
793 4301 888 4353 καὶ
919 4300 1027 4352 τῶν
1048 4300 1365 4353 ἀποστόλων
1392 4298 1584 4365 αὑτοῦ,
1611 4299 1680 4352 δι’
1719 4293 1794 4352 ὧν
1846 4299 1878 4368 ἡ
1902 4299 2004 4369 χά-

427 4412 510 4463 ρις
546 4390 641 4445 τοῦ
669 4391 801 4445 Θεοῦ
834 4394 1171 4461 χορηγεῖται,
1209 4392 1301 4445 καὶ¹
1359 4392 1578 4445 πάντων
1640 4392 1748 4445 τῶν
1810 4390 2003 4459 ἁγίων,

426 4482 515 4533 ἴνα
549 4480 634 4531 ἐπ’
665 4479 862 4541 αὐτοὺς
897 4479 1042 4532 ἔλθοι
1066 4479 1126 4531 τὸ
1148 4479 1290 4531 θεῖον
1316 4479 1488 4544 ἕλεος,
1517 4479 1817 4549 εὐξάμενος
1860 4481 2002 4550 ὑπὲρ

2104 3285 2366 3357 suﬁ‘ragia
2390 3288 2697 3357 perficiant.
2724 3288 3030 3359 Episcopus
3051 3289 3289 3345 cilicium
3315 3289 3540 3344 initians
3556 3304 3683 3343 ora-

2105 3380 2311 3435 tionem
2345 3392 2632 3435 extensam
2664 3382 3008 3450 pronuntiat,
3045 3380 3192 3437 facto
3223 3380 3378 3452 prius
3409 3381 3463 3435 in
3512 3380 3683 3451 signi-

2103 3472 2419 3526 ﬁcationem
2446 3473 2717 3528 adventus
2748 3473 2941 3545 gratiae
2991 3472 3170 3529 thuris
3192 3473 3501 3528 sullimento
3533 3472 3683 3540 ;im-

2101 3571 2659 3634 peratorumquoque
2690 3565 2962 3632 meminit,
3016 3574 3078 3620 ut
3107 3565 3366 3621 Ecclesia;
3426 3563 3680 3621 defenso-

2102 3670 2248 3720 rum,
2279 3664 2330 3708 et
2360 3655 2787 3726 archiepiscopi,
2815 3662 2876 3710 ut
2905 3656 2959 3711 in
2990 3655 3219 3713 Christo
3252 3658 3531 3726 pauperis,
3582 3656 3680 3725 qui

2104 3746 2160 3802 in
2188 3746 2359 3816 ﬁgura
2392 3746 2704 3815 linguarum
2739 3746 3115 3802 ﬂammearum
3151 3747 3380 3802 immisit
3446 3745 3503 3801 in
3547 3760 3684 3816 apo-

2107 3837 2283 3893 stolos
2310 3837 2574 3907 Spiritum
2623 3845 2905 3893 sanctum.
2935 3837 3181 3894 Meminit
3208 3838 3372 3894 etiam
3394 3837 3563 3893 divini
3595 3852 3703 3893 sa-.

2106 3929 2361 3998 cerdotii,
2422 3928 2477 3984 et
2526 3928 2891 3985 fraternitatis
2921 3930 3272 3999 episcopalis,
3333 3945 3528 3999 nempe
3586 3944 3685 3998 per

2107 4019 2340 4089 gratiam
2378 4019 2526 4075 velut
2559 4019 2803 4090 eiusdem
2824 4019 3681 4085 ordinis,etcomministrormn,
3736 4064 3745 4069 -

2108 4118 2163 4166 et
2205 4112 2677 4180 coepiscopornm.
2712 4109 2851 4165 Tum
2889 4110 2950 4165 fit
2983 4109 3236 4167 dimissio
3284 4111 3339 4166 in
3382 4110 3679 4183 gratiarum

2107 4201 2324 4257 actione
2352 4201 2459 4257 Deo
2482 4217 2577 4272 per
2605 4210 2851 4258 sanctam
2889 4201 3008 4270 ejus
3034 4202 3285 4268 Matrem,
3314 4213 3368 4257 et
3410 4201 3684 4271 apostolos

2106 4306 2239 4348 suos
2287 4307 2384 4357 per
2428 4308 2569 4361 quos
2622 4294 2797 4361 gratia
2851 4294 2945 4349 Dei
2996 4294 3369 4361 dispensatur,
3432 4295 3682 4348 omnium

2106 4399 2329 4454 quoque
2358 4398 2701 4450 sanctorum,
2733 4393 2793 4439 ut
2831 4400 2997 4454 super
3031 4400 3128 4442 eos
3173 4385 3684 4441 desccndatdivina

2107 4472 2508 4529 misericordia.
2574 4475 2818 4546 Denique
2856 4476 3120 4555 precibus
3162 4490 3262 4547 pro
3317 4477 3555 4531 invicem
3608 4476 3688 4530 fa-

427 4573 690 4638 ἀλλήλων,
726 4570 819 4622 καὶ
856 4568 1207 4639 συγχώρησιν
1247 4569 1431 4630 δόντες
1486 4567 1738 4641 ἀλλήλοις
1780 4569 1869 4624 διά
1906 4569 1998 4639 τὴν

2112 4566 2214 4621 ctis
2237 4567 2539 4621 secundum
2565 4567 2807 4623 divinum
2827 4577 3158 4639 praeceptum
3186 4569 3376 4624 sedent
3402 4570 3467 4624 ad
3486 4569 3686 4623 sull‘ra-

426 4664 487 4716 τὸ
509 4661 767 4733 εῦχεσθαι
805 4661 945 4729 ὑπὲρ
973 4660 1224 4729 ἀλλήλων
1276 4660 1547 4727 λέγουσαν
1602 4661 1849 4731 ἐντολὴν,
1906 4662 2007 4716 κά-

432 4754 624 4823 θηνται
652 4752 745 4805 τοῦ
777 4751 1145 4821 ψηφίσασθαι.
1211 4751 1496 4817 Κάθηνται
1545 4750 1602 4803 δὲ
1661 4751 2007 4822 ἑκατέρωθεν

437 4847 534 4915 μὲν
564 4847 613 4898 οἱ
637 4848 914 4913 ἀρχιερεῖς
939 4844 1041 4896 οὐκ
1062 4843 1154 4894 ἐπὶ
1178 4842 1385 4912 θρόνων
1412 4841 1531 4896 ἀλλ’
1559 4843 1655 4896 ἐπὶ
1691 4844 2009 4914 σκιμπόδων

430 4936 595 4989 τινῶν
658 4934 913 5005 μικρῶν·
968 4935 1091 4985 ἐπεὶ
1135 4932 1163 4983 6
1216 4932 1657 5001 ἀρχιεπίσκοπος
1703 4935 1883 4986 ἐκεῖσε
1946 4932 2007 4984 οὑ

435 5031 701 5098 πάρεστιν
741 5045 752 5057 ·
789 5030 816 5078 ὁ
848 5024 1195 5096 χαρτοφὺλαξ
1245 5024 1301 5075 δὲ
1338 5023 1504 5093 μέσον
1548 5024 1728 5077 αὐτῶν
1783 5024 2006 5095 ὁμοίως,

437 5123 574 5190 πλὴν
607 5119 886 5189 ὑπεράνω,
924 5117 1017 5169 τὸν
1047 5116 1213 5168 τόπον
1241 5114 1338 5167 τοῦ
1390 5116 1827 5187 ἀρχιεπισκόπου
1874 5116 2011 5187 πλη-

440 5213 574 5280 ρῶν,
606 5211 663 5275 ὃς
698 5211 798 5262 καὶ
828 5208 1006 5278 ἐρωτᾷ
1031 5206 1137 5260 ἀπὸ
1166 5206 1260 5259 τοῦ
1294 5207 1515 5277 πρώτου
1566 5206 1674 5260 τῶν
1707 5207 2012 5277 ἀρχιερέων

437 5304 580 5355 κατά
630 5300 785 5365 τάξιν
838 5299 1072 5352 ἕκαστον
1128 5298 1230 5367 τὴν
1271 5297 1499 5365 γνώμην
1534 5298 1732 5351 εἰπεῖν.
1772 5299 2011 5368 Συμφω-

436 5392 653 5453 νοῦντες
684 5389 778 5444 οὖν
807 5392 866 5443 ὲν
901 5387 1177 5460 προσώπῳ
1207 5389 1308 5452 ἑνὶ,
1345 5388 1402 5451 ὃς
1433 5387 1581 5452 ἄξιος
1608 5388 1704 5455 τῆς
1731 5389 2013 5458 ίεραρχίας

437 5486 574 5551 ἐστὶ,
606 5485 666 5536 τὸ
694 5484 865 5548 ὄνομα
911 5480 1103 5535 τούτου
1151 5481 1305 5549 παρά
1348 5480 1444 5533 τοῦ
1508 5480 1945 5549 χαρτοφὺλακος,
1978 5483 2013 5552 ἦ

437 5591 579 5634 τινος
606 5572 767 5625 ἄλλου
794 5570 1069 5641 ὑπηρέτου
1104 5571 1370 5641 παρόντος
1404 5570 1503 5623 καὶ
1558 5572 1707 5624 κάτω
1767 5556 2014 5640 καθημέ-

438 5680 555 5726 νου,
581 5663 638 5715 ὲν
670 5661 848 5731 χάρτῃ
879 5660 1151 5729 γράφεται
1207 5659 1639 5728 ἀποτεταγμένῳ
1698 5659 1780 5723 είς
1827 5657 2010 5714 τοῦτο.

441 5754 515 5807 Οὑ
549 5753 732 5806 πολλοὶ
750 5752 805 5803 δὲ
834 5752 1086 5821 πάρεισιν
1111 5750 1252 5813 ἐκεῖ,
1290 5751 1337 5802 εί
1368 5751 1444 5820 μὴ
1492 5752 1851 5821 οίάρχιερεῖς
1916 5751 2014 5819 μό-

441 5859 543 5908 νοι,
580 5842 672 5896 καὶ
697 5843 725 5895 6
756 5839 1105 5912 χαρτοφύ).αξ
1137 5839 1235 5893 σὺν
1267 5840 1517 5911 ὑπηρέτῃ
1555 5840 1632 5910 τῷ
1677 5841 2013 5911 ὑπομνημα-

2108 4657 2192 4725 gia
2228 4656 2560 4727 colligenda.
2599 4657 2805 4713 Sedent
2859 4669 3045 4715 autem
3079 4659 3327 4731 episcopi
3357 4676 3423 4715 ex
3454 4669 3687 4728 utraque

2109 4757 2286 4814 parte,
2317 4761 2425 4800 non
2456 4761 2625 4817 super
2651 4749 2903 4813 thronos,
2955 4750 3048 4803 sed
3078 4764 3247 4818 super
3277 4749 3512 4803 scabella
3533 4764 3686 4817 quae-

2108 4839 2232 4893 dam
2266 4853 2456 4907 parva,
2506 4854 2630 4893 cum
2672 4840 2787 4894 illic
2834 4854 2946 4894 non
2996 4839 3140 4893 adsit
3189 4838 3683 4908 archiepiswpus;

2112 4931 2507 5001 chartophylax
2540 4941 2722 4985 autem
2756 4931 3011 4986 similiter
3042 4930 3098 4984 in
3146 4929 3329 4984 medio
3366 4943 3557 4983 eorum
3599 4944 3683 4983 sc-

2111 5022 2233 5077 dem
2261 5024 2445 5091 habet,
2475 5025 2570 5080 sed
2602 5025 2967 5093 superiorem,
2996 5039 3063 5079 eo
3085 5024 3234 5093 quod
3278 5022 3684 5093 archiepiscopi

2113 5113 2293 5167 locum
2321 5123 2573 5181 occupet,
2623 5114 2717 5183 qui
2746 5121 2801 5167 et
2849 5114 3181 5168 sententiam
3237 5127 3684 5183 unumquemque

2115 5214 2291 5274 rogat,
2326 5204 2395 5258 ab
2426 5204 2813 5274 episcoporum
2859 5206 3037 5273 primo
3090 5203 3381 5273 incipiens,
3409 5214 3463 5258 et
3490 5220 3686 5259 secun-

2116 5298 2243 5350 dum
2268 5295 2517 5350 ordinem
2579 5298 2903 5365 procedens.
2960 5296 3377 5352 Consentientcs
3434 5297 3601 5366 igitur
3632 5296 3687 5349 in

2117 5401 2281 5441 unam
2344 5399 2657 5457 personam,
2717 5396 2777 5442 ut
2831 5387 3150 5456 episcOpatu
3214 5388 3459 5458 dignam,
3513 5388 3690 5457 ipsius

2115 5494 2313 5532 nomen
2350 5495 2379 5533 a
2421 5477 2872 5549 chartophylace,
2919 5480 3003 5534 vel
3046 5480 3232 5550 aliquo
3284 5481 3391 5534 alio
3435 5479 3689 5534 ministro

2117 5580 2406 5640 praesente,
2433 5578 2488 5623 et
2514 5569 2746 5625 inferius
2788 5572 3034 5635 sedente,
3082 5571 3138 5626 in
3194 5572 3387 5626 charta
3431 5570 3691 5625 scribitur

2117 5662 2182 5713 ad
2214 5660 2315 5715 hoc
2346 5670 2671 5729 praeparata.
2732 5661 2845 5716 Illic
2867 5671 3050 5718 autem
3104 5662 3265 5716 multi
3303 5677 3408 5715 non
3469 5663 3689 5727 adsunt,

2118 5760 2340 5820 propter
2360 5759 2602 5806 secretas
2657 5750 3049 5821 inquisitiones
3100 5767 3221 5822 quze
3274 5751 3471 5808 ibidem
3531 5752 3687 5819 fiunt,

2119 5842 2212 5897 sed
2246 5841 2487 5911 episcopi
2520 5842 2644 5909 soli,
2692 5854 2744 5898 et
2800 5844 3190 5913 chartophylax
3256 5859 3379 5899 cum
3439 5842 3691 5897 ministro
