4078 6414
416 361 518 418 405

1450 366 1548 427 DE
1587 367 1859 428 SACRIS
1906 366 2421 431 ORDINATIONI
2435 373 2595 433 BUS.

3568 371 3675 435 4θό

414 475 634 545 γιερεῦς
668 475 759 528 τὸν
799 477 1083 546 κρείττονα
1133 477 1243 531 τῶν
1304 478 1638 546 ἐκλεγέντων
1689 480 1990 545 ἐκλέγεται,

2104 477 2241 537 tibus
2273 492 2453 537 autem
2482 483 2549 538 iis
2569 483 2662 553 qui
2697 482 3247 555 sumagizf'tulerunt,
3274 490 3329 539 ut
3363 484 3544 540 omnis
3592 483 3676 540 af-

414 563 507 621 οίά
559 584 647 630 τις
695 567 893 638 κλῆρος
938 569 1079 633 θεῖος
1120 570 1278 633 αὐτὸς
1328 571 1759 641 ἑναπολειφθείς.
1805 572 1871 626 Et
1898 571 1990 625 οὖν

419 659 656 729 ἁγνότης
694 661 1318 729 συνειδήσεωςὲνταῦθα
1354 664 1462 735 είη,
1498 665 1573 729 ὼς
1610 664 1707 718 καὶ
1752 664 1992 729 ἑλπίζων

422 750 562 817 aiat,
585 751 701 815 πῶς
732 752 919 807 ούκίᾶν
944 753 1005 806 τὸ
1034 753 1129 808 τοῦ
1166 754 1303 809 Θεοῦ
1330 757 1411 819 είς
1440 755 1590 820 τέλος
1628 756 1827 827 ἐκϐαίη
1865 756 1991 827 βού-

420 841 571 912 λημα
605 859 619 909 ς
802 852 805 857 ·

1382 924 1414 956 0

964 1112 1021 1171 ’Κ
1031 1115 1227 1175 ΕΦΑΛ.
1262 1116 1422 1186 Ριιεν.

421 1227 566 1289 Ὅτι,
594 1225 682 1296 μὴ
697 1225 1132 1297 βουληθέντων
1161 1232 1281 1283 τῶν
1316 1233 1767 1300 ψηφισθέντων,
1801 1233 1995 1301 ἕτεραι

945 1301 1139 1369 ψῆφοι
1170 1303 1455 1371 γίνονται.

505 1389 564 1443 ’0
607 1390 787 1443 τοίνυν
821 1391 1119 1461 διακριθεὶς
1163 1392 1384 1462 πρῶτος
1428 1393 1525 1447 καὶ
1586 1394 1848 1464 μηνυθεὶς
1900 1394 1993 1449 καὶ

421 1478 735 1547 δεξάμενος,
768 1483 816 1533 εί
849 1481 895 1535 δ’
924 1478 1037 1545 οὖν,
1070 1484 1097 1535 6
1127 1482 1382 1555 δεύτερος
1444 1484 1478 1557 ἤ
1514 1487 1542 1538 6
1570 1486 1772 1556 τρίτος.
1822 1484 1887 1540 Et
1908 1554 1911 1557 Α
1936 1484 1995 1540 δὲ

424 1568 499 1638 μὴ
524 1569 836 1640 βουληθεῖεν
868 1574 1093 1638 ἐκεῖνοι,
1133 1573 1335 1642 ὁμοίως
1363 1574 1525 1627 πάλιν
1571 1575 1777 1642 ἐτέρων
1828 1575 1997 1646 ψηφι-

422 1659 689 1728 ζομένων,
736 1662 795 1728 ἐξ
847 1664 1027 1717 αὐτῶν
1080 1666 1142 1717 ού
1206 1664 1492 1735 βουληθεὶς
1547 1665 1642 1719 καὶ
1701 1668 1996 1736 ὑποταγεὶς

421 1754 786 1823 προσέρχεται
815 1754 893 1825 τῷ
916 1756 1137 1826 μεγάλῳ
1163 1757 1432 1827 ἀρχιερεῖ.
1473 1754 1748 1825 καὶλλόγον
1779 1758 1994 1813 δίδωσιν

419 1841 493 1905 ὠς
521 1845 879 1916 καταδέχεται
900 1832 1011 1917 »τὴν
1040 1848 1137 1917 τῆς
1194 1848 1519 1918 Ἐκκλησίας
1556 1849 1771 1903 τελέσαι
1803 1850 1993 1902 ἐπιτα-

421 1936 527 2004 γήν
554 1950 567 1965 ’
603 1939 699 1992 καὶ
730 1942 1134 2010 προσκυνήσας,
1158 1941 1217 1995 τὸ
1248 1942 1410 2013 ἔργον
1446 1943 1695 2012 πληροῦν
1750 1944 1994 1998 καθυπο-

423 2042 634 2096 σχεται.
667 2030 776 2083 Ka‘t
811 2030 1070 2102 ἀρραϐὼν
1089 2033 1247 2086 τοῦτο
1277 2035 1376 2105 ἤδη
1403 2035 1663 2105 τυγχάνει
1692 2051 1994 2103 πνευματι-

423 2120 517 2181 κός
542 2136 557 2151 ο
594 2123 644 2174 εί
670 2121 777 2191 γὰρ
800 2125 828 2177 6
859 2124 1001 2195 πρὸς
1028 2126 1354 2193 ἀνθρώπους
1394 2127 1554 2195 λόγον
1608 2125 1733 2191 δοὺς
1789 2127 1851 2180 ού
1907 2126 1994 2196 βέ-

422 2210 574 2271 ϐαιος
602 2211 834 2277 ἀθετῶν,
864 2217 1045 2286 πολλῷ
1079 2217 1280 2286 μᾶλλον
1308 2220 1335 2271 6
1363 2219 1500 2284 πρὸς
1543 2217 1675 2271 Θεόν
1705 2233 1718 2247 ·
1769 2217 1862 2270 καὶ
1892 2216 1993 2286 ήδη

424 2303 708 2359 κελεύεται
739 2305 999 2362 ἀπελθεῖν
1029 2311 1125 2363 καὶ
1176 2310 1587 2380 ὲτοιμασθῆναι.

986 2580 1238 2635 uno“.
1276 2582 1452 2648 Ριιςο.

778 2674 969 2740 Ὅπως
994 2674 1061 2727 τὸ
1100 2674 1349 2744 μήνυμα
1395 2674 1643 2742 γίνεται.

498 2763 671 2819 Τοῦτο
695 2764 752 2818 δέ
780 2766 897 2819 ἐστι
918 2765 978 2819 τὸ
997 2766 1106 2819 τῶν
1136 2766 1606 2835 συναλλαγμάτων
1620 2765 1879 2835 γενέσθαι
1904 2769 1997 2822 καὶ

425 2856 532 2909 τῶν
574 2858 863 2927 μνήστρων
886 2856 985 2920 τὰς
1028 2858 1305 2927 ἀπαρχάς.
1334 2858 1503 2929 Καὶή
1546 2860 1728 2931 ἡμέρα
1789 2864 1995 2931 προκαὲ

426 2954 805 3020 ταγγέλλεται.
849 2952 960 3006 Καὶ
997 2955 1029 3021 ἡ
1088 2953 1388 3022 Ἐκκλησία
1461 2948 1611 3009 πάσα
1672 2958 1993 3026 συνάγεται,

428 3049 608 3115 πάσης
629 3047 835 3111 τάξεως
878 3045 1363 3117 συναθροισθείσης
1383 3047 1523 3117 ὁμοῦ
1558 3064 1574 3080 ο
1604 3048 1703 3101 ’ὲπλ
1739 3050 1849 3120 γὰρ
1878 3050 1998 3119 Θεῷ

2097 571 2270 627 fectus
2300 572 2778 630 humaui‘occasio
2808 575 3052 641 tollatur,
3087 590 3320 645 magnus
3360 575 3677 645 episcopus.

2094 662 2550 733 quemadmodum
2576 670 2698 721 Sors
2731 666 2914 735 aliqua
2943 665 3126 721 divina
3160 667 3295 736 ipsis
3327 668 3539 732 relicta,
3577 670 3677 722 ite-

2094 770 2215 809 rum
2245 749 2579 828 solus‘eligit
2608 757 2676 812 de
2704 759 2887 815 tribus
2913 758 3025 829 jam
3077 760 3269 815 electis
3328 761 3677 829 praestantio-

2095 860 2229 900 rem.
2263 845 2322 901 Si
2352 861 2485 917 ergo
2512 849 2743 905 castitas
2762 860 2813 904 et
2838 850 3048 920 puritas
3074 850 3429 905 conscientia:
3461 851 3549 905 hic
3581 850 3678 905 ad-

2092 933 2184 998 sit,
2221 947 2279 991 ut
2298 952 2396 1004 ego
2415 952 2597 1008 spero,
2622 940 2898 1011 quomodo
2928 939 3022 996 Dei
3046 941 3300 996 voluntas
3319 955 3540 1010 scopum
3566 955 3675 994 non

2091 1028 2319 1098 attinget
2358 1029 2383 1083 ‘3
2713 1098 2721 1104 _

2657 1121 2883 1181 CAPUT
2901 1118 3106 1179 CXCV.

2280 1232 2477 1288 Electis
2507 1236 2825 1303 nolentibus,
2847 1236 2957 1290 alia
2981 1236 3164 1291 electio
3190 1235 3497 1301 suscipitur.

2166 1391 2456 1460 Propterea
2492 1393 2585 1462 qui
2620 1394 2831 1464 primus
2863 1393 2930 1447 ab
2961 1391 3534 1461 episcopisjudicatus
3563 1388 3679 1442 fite—

2094 1479 2165 1535 rit
2202 1480 2427 1552 dignus,
2452 1482 2719 1537 electione
2752 1482 2825 1535 illi
2848 1482 3183 1551 signiﬁcata,
3211 1482 3254 1535 si
3287 1496 3403 1535 eam
3418 1468 3673 1547 accepta-

2093 1568 2232 1629 νει-ἣ
2266 1574 2335 1640 ('si
2367 1582 2500 1629 vero
2533 1589 2664 1639 non,
2691 1574 2993 1640 secundus,
3026 1573 3108 1627 vel
3168 1573 3362 1627 tertius
3399 1586 3415 1640 ;
3448 1571 3493 1627 si
3550 1587 3678 1625 vero

2094 1663 2386 1719 noluerunt
2415 1664 2515 1727 illi,
2542 1664 2739 1725 iterum
2771 1664 2859 1719 alii
2891 1665 3147 1721 similiter
3193 1664 3494 1733 eliguntur)
3550 1661 3681 1731 qui-

2095 1760 2334 1825 cunque,
2362 1752 2462 1826 ‘iuq
2476 1770 2623 1823 uam,
2659 1772 2723 1811 ex
2740 1746 3200 1812 ‘illis'electionem
3226 1750 3508 1826 aeceptare
3525 1754 3682 1822 eique

2100 1854 2161 1902 s’e
2216 1840 2540 1903 submittere
2596 1847 2856 1912 voluerit,
2918 1847 2983 1902 ad
3038 1854 3294 1917 magnum
3363 1846 3699 1916 episcopum

2100 1940 2410 2007 adducitur,
2442 1947 2499 1996 et
2524 1955 2647 1995 cum
2673 1954 2739 1996 eo
2772 1940 2935 1995 verba
2962 1939 3110 2005 facit,
3140 1954 3208 1993 an
3257 1938 3330 1996 sit
3384 1954 3506 1993 eam
3554 1951 3681 1993 sus-

2100 2040 2384 2100 cepturus,
2415 2039 2470 2086 et
2497 2028 2875 2100 completurus
2898 2018 3166 2086 Ecclesiae
3217 2029 3559 2085 mandatum.
3617 2027 3683 2081 Et

2101 2121 2457 2176 inclinatione
2483 2120 2625 2176 facta
2662 2134 2723 2176 se
2776 2133 2918 2190 Opus
2973 2108 3321 2188 impleturum
3366 2118 3680 2187 pollicetur.

2104 2212 2651 2281 liocjam‘arrhabon
2698 2218 2754 2267 et
2785 2211 2979 2283 pignus
3009 2218 3095 2266 est
3119 2209 3427 2279 spirituale.
3460 2208 3517 2263 Si
3535 2209 3679 2264 enim

2103 2308 2289 2361 datum
2328 2300 2646 2362 hominibus
2678 2306 2904 2360 verbum
2938 2304 3151 2360 ﬁrmum
3172 2313 3389 2370 est,nec
3411 2304 3679 2364 irritatur,

2104 2395 2472 2466 multomagis
2494 2397 2636 2466 quod
2674 2393 2781 2451 Deo
2811 2378 2994 2451 datur.
3032 2393 3125 2451 "is
3162 2396 3295 2450 actis
3363 2409 3488 2448 mox
3533 2395 3682 2449 abire

2100 2489 2397 2558 jubetur‘et'
2417 2488 2731 2559 prm‘parari.

2629 2582 2859 2637 CAPUT
2919 2579 3148 2638 CXCVI.

2497 2669 2773 2737 Quomodo
2800 2671 2897 2741 fia’t
2934 2671 3295 2730 re‘nuntiatio.‘
3674 2746 3677 2747 ν

2176 2762 2279 2817 Ista
2312 2774 2441 2818 sunt
2472 2765 2732 2835 nuptialis
2771 2765 2995 2819 fmderis
3021 2772 3075 2818 et
3109 2762 3437 2819 arrltabonis
3489 2762 3684 2831 primi»

2103 2853 2211 2908 tiae.
2242 2853 2366 2909 Dies
2396 2855 2560 2911 etiam
2627 2856 2780 2924 prius
2833 2855 3210 2918 annuutiatur,
3266 2869 3370 2923 qua
3428 2854 3685 2909 universa

2103 2944 2345 3000 Ecclesia
2371 2946 2536 3001 simul
2590 2962 2655 3001 cu
2683 2964 2712 2998 ιι
2777 2945 3056 3001 universis
3112 2944 3402 2999 ordinibus
3454 2957 3687 3011 congre-

2104 3045 2282 3104 getur.
2309 3034 2536 3104 Oportet
2566 3040 2710 3091 enim
2744 3035 3045 3091 Ecclesiam
3076 3036 3140 3089 ad
3186 3036 3408 3104 nuptias
3436 3034 3684 3105 petitam,

430 3142 666 3209 μάρτυρι
722 3140 818 3191 καὶ
871 3140 983 3199 τοῖς
1031 3138 1285 3205 ἀγγέλοις
1327 3137 1496 3192 αὑτοῦ
1528 3140 1761 3204 καὶτοῖς
1821 3142 1999 3209 ἁγίοις

2106 3126 2217 3182 Deo
2248 3136 2386 3183 teste
2415 3136 2470 3184 et
2502 3129 2715 3197 angelis
2749 3130 2947 3201 ipsius,
2981 3140 3033 3184 ct
3064 3131 3299 3195 sanctis;
3329 3138 3383 3184 et
3434 3130 3682 3185 tidelibus

426 3233 519 3285 καὶ
559 3231 869 3299 ἀνθρώποις
893 3226 1028 3282 πᾶσι
1084 3232 1293 3292 πιστοῖς
1346 3230 1447 3299 τὴν
1510 3230 1999 3303 μεμνηστευμένην

428 3326 532 3394 χρὴ
574 3323 954 3389 ,ἀναδέξασθαι
995 3322 1348 3391 Ἐκκλησίαν,
1409 3325 1502 3375 καὶ
1554 3324 1799 3392 μνηστὴν
1852 3323 2001 3395 αὒτῷ

427 3416 684 3486 γενέσθαι
718 3415 817 3481 τὴν
871 3414 1367 3484 μεμνηστευμὲνην
1431 3415 1676 3485 Χριστῷ,
1739 3416 1879 3487 ὑπὲρ
1932 3413 2002 3491 ἧς

428 3498 582 3566 οὗτος
609 3504 813 3573 προῖκά
846 3520 903 3554 τε
937 3503 1031 3555 καὶ
1061 3501 1257 3570 λύτρον
1285 3504 1345 3554 τὸ
1369 3495 1508 3571 αἷμα
1558 3505 1857 3574 προθύμως
1907 3508 2002 3560 καὶ

430 3598 526 3664 τὴν
556 3597 734 3666 ψυχὴν
769 3596 967 3648 δέδωκε
1006 3610 1020 3624 ·
1054 3595 1147 3647 καὶ
1172 3593 1233 3646 τὸ
1267 3594 1580 3663 ποιμαίνειν
1636 3600 1730 3651 καὶ
1786 3589 2005 3666 φροντί-

434 3689 545 3751 ζειν
574 3686 713 3757 ὑπὲρ
745 3686 916 3754 αὐτῆς
967 3684 1069 3753 τῆς
1091 3684 1228 3754 πρὸς
1277 3686 1489 3738 ἐκεῖνον
1544 3686 1765 3756 ἀγάπης
1804 3689 2004 3758 δεῖγμα

437 3780 657 3847 ἐδίδαξε.
690 3776 1058 3847 Συναχθείσης
1093 3777 1275 3830 τοίνυν
1321 3776 1422 3845 τῆς
1453 3765 1804 3848 ’Ἐκκλησίας
1861 3780 2004 3834 ἁπά-

439 3888 535 3942 σης
565 3875 591 3924 ὁ
616 3872 714 3940 τῆς
735 3866 1046 3937 ἐπισκοπῆς
1085 3868 1397 3938 ὑποψήφιος
1444 3868 1593 3923 ἔνδον
1639 3871 1853 3937 γίνεται
1908 3872 2002 3925 τοῦ

434 3965 562 4019 ναοῦ
593 3968 687 4019 καὶ
721 3962 814 4018 τοῦ
844 3962 1041 4016 σεπτοῦ
1092 3954 1502 4032 θυσιαστη’ρίου.
1560 3964 1669 4016 Καὶ
1717 3963 2005 4033 λαμπάδας

433 4058 779 4111 ἀναπτάντων
810 4057 1066 4109 ἁπάντων
1100 4054 1187 4107 διὰ
1218 4054 1316 4123 τὴν
1349 4052 1531 4106 ἔνθεον
1562 4055 1739 4124 χαρὰν
1800 4058 1893 4109 ἐπὶ
1936 4060 2004 4129 τῇ

434 4148 815 4218 συναπτομένη
838 4147 917 4216 τῷ
948 4145 1079 4217 ἱερῷ
1105 4147 1261 4217 ἀνδρὶ
1289 4146 1615 4215 Ἐκκλησία,
1639 4149 1733 4201 καὶ
1755 4148 1904 4219 αὐτῷ
1931 4149 2006 4213 ὡς

434 4239 656 4307 καθαρῷ
687 4241 976 4308 μνήστορι,
1008 4238 1101 4290 καὶ
1129 4237 1204 4305 τῷ
1233 4238 1571 4306 ὲγγινομένῳ
1598 4239 1727 4307 θείῳ
1749 4240 1842 4293 ἐπὶ
1875 4242 2005 4295 τού-

432 4350 541 4393 τοις
569 4329 855 4398 φωτισμῷ,
883 4329 1271 4398 ἐπιτραχήλιον
1299 4329 1385 4382 διὰ
1416 4329 1513 4400 τὴν
1556 4331 1766 4385 ἄνωθεν
1823 4332 2003 4402 χάριν,

432 4426 527 4477 καὶ
590 4423 867 4490 φαινὸλιον
909 4423 998 4475 διὰ
1040 4421 1099 4474 τὺ
1145 4421 1401 4491 λαμπρόν
1460 4438 1518 4473 τε
1576 4424 1662 4476 καὶ
1708 4423 1947 4493 καθαρὴν
1980 4426 2008 4478 6

433 4515 737 4585 ὑποψήφιος
761 4512 1165 4575 ,ὲνδιδύσκεταμ

965 4624 1220 4679 ΚΕΦΑΛ.
1276 4623 1438 4693 Ριιῑν.

434 4716 561 4769 Ὀτι
586 4716 682 4769 καὶ
711 4713 781 4769 ἐν
816 4715 897 4781 τῷ
925 4716 1232 4839 μηνύμιῗτι
1251 4716 1567 4796 ίτροσευχὴ
1600 4715 1699 4770 καί
1738 4717 2001 4788 θυμίαμα

1064 4803 1141 4839 κα
1195 4803 1379 4839 comta.

1064 4803 1164 4839 και
1192 4803 1379 4855 φωτα.

503 4878 612 4929 Καὶ
636 4876 1033 4946 εὐλογήσαντος
1070 4879 1161 4930 τὸν
1190 4877 1345 4940 Θεὸν,
1390 4876 1524 4948 εὐχὴ
1554 4878 1766 4947 γίνεται
1812 4896 2006 4948 τρισα-

430 4969 572 5035 qtae,
602 4970 697 5023 καὶ
743 4969 859 5035 τοῦ,
892 4989 911 5021 ι
947 4968 1129 5038 Πάτερ
1165 4968 1345 5040 ἡμῶν,
1387 4987 1407 5022 ι
1445 4969 1542 5023 καὶ
1587 4970 1791 5024 λοιπῶν
1823 4970 2000 5027 ἄλλων

429 5063 506 5131 τῷ
531 5062 706 5133 καιρῷ
736 5062 1032 5131 ἁρμοδίων,
1061 5064 1142 5115 ὃτι
1203 5062 1346 5115 θείου
1382 5061 1532 5123 ὄντος
1560 5062 1653 5116 τοῦ
1682 5064 1871 5132 ἔργου,
1906 5065 2005 5118 καὶ

429 5153 559 5214 θεὸς
591 5154 938 5222 προηγεῖται.
975 5152 1070 5206 καὶ
1096 5150 1230 5222 εὐχὴ
1264 5151 1567 5219 ἁγιάζουσά
1610 5169 1670 5204 τε
1715 5156 1809 5208 καὶ
1861 5155 2002 5223 πρὸς

431 5244 592 5297 αὺτὸν
616 5243 987 5311 ἀναφέρουσα.
1018 5234 1128 5295 Καὶ
1161 5242 1301 5312 μετὰ
1336 5242 1397 5295 τὸ
1432 5242 1585 5303 τέλος
1612 5242 1710 5308 τῆς
1767 5260 2000 5312 προσευ-

429 5332 529 5400 χῆς
551 5330 649 5398 τῆς
673 5329 988 5393 ἀπολύσεως
1011 5330 1301 5415 γινομένης
1318 5328 1628 5399 ἔμπροσθεν
1651 5329 1744 5381 τοῦ
1770 5329 2001 5398 φρικτοῦ

430 5422 839 5491 θυσιαστηρίου,
878 5423 935 5474 ὲν
963 5422 1081 5482 ταῖς
1137 5421 1309 5490 ίεραίς
1357 5420 1451 5473 τοῦ
1504 5420 1751 5491 βήματος
1805 5420 2005 5485 πύλαις

428 5513 456 5564 ὁ
483 5511 776 5582 ψηφισθεὶς
819 5512 1057 5566 ἵσταται.
1092 5512 1200 5565 Καὶ
1220 5511 1360 5564 κατὰ
1404 5512 1463 5563 τὺ
1519 5512 1688 5581 μέσον
1719 5512 1815 5564 τοῦ
1868 5513 2003 5565 ναοῦ

368 5640 389 5654 .
428 5604 565 5670 πρὸς
615 5603 778 5655 αὐτὸν
822 5604 1080 5675 ὁρῶντες,
1130 5603 1220 5655 τὸν
1260 5602 1391 5654 Θεὸν
1433 5603 1489 5655 δὲ
1552 5604 1754 5670 μᾶλλον
1800 5605 2003 5667 εἰπεῖν,

428 5694 984 5765 λαμπαδηφοροῦντες
1022 5694 1300 5763 ἱστάμενοι
1330 5695 1379 5746 οἱ
1409 5696 1558 5763 παρὰ
1597 5693 1685 5747 τοῦ
1744 5697 2002 5764 ἀρχιεπι-

433 5790 638 5843 σκότου
672 5786 975 5853 σταλέντες,
1010 5787 1078 5841 τὰ
1122 5786 1213 5841 τοῦ
1254 5786 1402 5857 ἱεροῦ
1452 5786 1769 5857 μηνύματος
1817 5786 2005 5853 λέγον-

2103 3220 2377 3283 omnibus,
2401 3236 2525 3276 eum
2546 3222 2851 3291 suscipere,
2870 3224 2925 3275 ‘ct
2950 3236 3208 3291 sponsam
3230 3222 3404 3291 ipsius
3430 3220 3543 3275 ﬁeri
3567 3238 3688 3291 qua:

2104 3310 2328 3367 Christo
2357 3301 2689 3383 desponsata
2717 3321 2824 3378 est,
2855 3327 2952 3382 pro
2980 3326 3087 3382 qua
3122 3313 3314 3367 libenti
3342 3313 3528 3366 animo
3556 3328 3691 3368 san-

2104 3404 2326 3473 guinem
2354 3415 2407 3459 et
2436 3407 2676 3459 animam
2708 3405 2863 3460 dedit
2898 3404 2952 3458 in
2980 3403 3160 3459 dotem
3189 3412 3241 3459 et
3297 3404 3691 3473 redemptionis

2103 3495 2619 3572 pretium:oportet
2683 3511 2903 3565 quoque
2959 3496 3131 3565 ipsam
3188 3510 3436 3565 pascere,
3497 3505 3551 3550 et
3593 3510 3692 3565 pro

2103 3592 2165 3639 ea
2196 3585 2489 3638 sollicitum
2530 3599 2673 3647 esse,
2707 3600 2828 3654 qua:
2860 3585 3143 3639 charitatis
3172 3584 3225 3639 in
3260 3599 3385 3639 eum
3410 3584 3689 3654 specimen

2104 3674 2296 3729 edidit.
2325 3674 2527 3729 Coacta
2564 3676 2730 3745 igitur
2764 3676 3016 3731 universa
3054 3674 3320 3737 Ecclesia,
3361 3676 3451 3744 qui
3482 3676 3545 3728 ad
3577 3678 3693 3743 epi-

2104 3776 2392 3833 scopatum
2425 3766 2632 3819 electus
2662 3774 2767 3830 est,
2805 3777 2924 3819 sese
2962 3763 3104 3818 intra
3135 3763 3396 3833 templqu
3442 3775 3494 3819 et
3521 3780 3687 3820 vene-

2104 3852 2338 3911 randum
2372 3856 2745 3911 sauctuarium
2772 3856 2964 3923 recipit
2998 3873 3011 3910 :
3045 3854 3243 3910 deinde
3270 3854 3530 3912 Omnibus
3555 3857 3691 3911 lam-

2107 3948 2277 4018 padas
2309 3954 2364 4003 et
2393 3947 2687 4001 luminaria
2712 3946 3143 4002 accendentibus
3179 3945 3245 4001 ad
3300 3947 3692 4002 demonstrau-

2106 4040 2233 4093 dum
2265 4039 2510 4093 divinum
2547 4038 2804 4109 gaudium
2836 4046 3056 4108 propter
3082 4037 3382 4093 Ecclesiam
3411 4038 3527 4093 viro
3596 4056 3693 4094 sa-

2108 4146 2226 4197 cro,
2281 4139 2336 4185 et
2395 4132 2541 4186 velut
2601 4141 2754 4185 casto
2819 4145 3043 4200 sponso,
3103 4139 3157 4184 et
3204 4130 3430 4200 insuper
3498 4130 3687 4185 divina

2109 4223 2513 4278 illuminatione
2540 4224 2787 4293 perfuso,
2822 4222 3177 4276 matrimonio
3228 4222 3694 4292 coujungendni‘u,

2108 4316 2306 4371 stolam
2340 4317 2736 4372 sacerdotalem
2787 4312 2965 4368 induit
2992 4313 3199 4367 electus
3246 4311 3312 4366 ad
3367 4314 3693 4381 significau-

2111 4410 2236 4464 dam
2268 4402 2559 4478 supernam
2586 4408 2836 4478 gratiam,
2873 4416 2928 4461 et
2950 4405 3257 4475 phaanoliou
3294 4405 3412 4461 sive
3441 4406 3691 4462 casulam

2038 4517 2091 4578 Ι)
2117 4510 2344 4572 propter
2370 4502 2634 4557 illustrem
2656 4499 2959 4555 claritatem
2985 4507 3039 4554 et
3064 4498 3379 4567 puritatem.

2637 4609 2864 4667 CAPUT
2897 4610 3180 4677 ,CXCVII.

2121 4706 2276 4773 Quod
2305 4708 2358 4759 in
2421 4704 2814 4760 renuntiatione
2847 4702 2945 4757 illa
2974 4720 3103 4757 usus
3132 4719 3342 4758 vrecum
3396 4712 3445 4757 et
3494 4703 3696 4772 sumtus

2708 4784 2761 4828 et
2796 4773 3077 4826 luminum.

2189 4871 2312 4947 Ipso
2343 4877 2523 4923 autem
2552 4866 2718 4921 Deum
2750 4865 3103 4920 benedicente
3146 4864 3324 4919 ‘o'ratio
3362 4862 3571 4930 trisain
3617 4862 3702 4916 di-

2114 4963 2279 5026 citur,
2315 4978 2332 5012 ι
2364 4959 2523 5014 Pater
2550 4969 2791 5022 uoster,»
2813 4957 3029 5024 aliaque
3057 4952 3286 5023 tempori
3308 4960 3700 5015 consentanea,

2112 5069 2181 5108 eo
2215 5053 2385 5119 quod,
2409 5053 2655 5105 divinum
2691 5064 2814 5103 cum
2850 5048 2922 5103 sit
2950 5060 3111 5116 Opus,
3143 5045 3236 5099 Dei
3272 5044 3542 5098 invocatio
3566 5058 3703 5113 prae-

2113 5141 2282 5201 cedit,
2318 5150 2373 5194 et
2405 5141 2580 5195 oratio
2611 5136 2984 5201 sanctiﬁcans,
3010 5146 3063 5191 et
3110 5136 3177 5190 ad
3223 5134 3395 5188 Deum
3456 5134 3697 5188 auitnum

2116 5230 2423 5285 reﬂectens.
2456 5228 2627 5282 Finita
2654 5225 2922 5289 oratione,
2951 5234 3005 5279 et
3031 5222 3172 5279 facta
3204 5222 3552 5278 absolutione
3592 5229 3699 5275 stat

2115 5325 2320 5381 electus
2348 5326 2477 5376 ante
2509 5318 2854 5373 tremendum
2883 5315 3256 5371 sanctuarium
3290 5315 3343 5368 in
3391 5314 3565 5369 sacris
3616 5313 3699 5383 ip-

2111 5420 2229 5475 sius
2257 5419 2452 5487 portis.
2491 5413 2625 5466 Dum
2658 5419 2844 5464 autem
2879 5409 2972 5479 qui
3024 5407 3316 5463 luminaria
3370 5412 3588 5477 gestant
3641 5406 3695 5460 in

2112 5509 2291 5565 medio
2324 5507 2508 5575 templi
2565 5504 2889 5567 subsistunt,
2923 5502 2976 5556 iu
3001 5502 3201 5573 ipsum,
3225 5500 3408 5555 dicere
3433 5500 3616 5554 malim
3640 5499 3694 5553 iu

2116 5600 2309 5665 Deum,
2345 5599 2727 5668 inspicientes,
2747 5596 2839 5666 qui
2857 5596 2924 5651 al)
2946 5594 3357 5665 archiepiscopo
3376 5591 3525 5646 missi
3548 5600 3695 5655 sunt,

2115 5709 2333 5748 sacrum
2406 5690 2823 5760 signiﬁcationis
2859 5690 3146 5742 decretum
3188 5684 3576 5755 pronuntiant.
3620 5684 3697 5732 vi-

2117 5784 2348 5841 delicet:
2381 5803 2398 5836 ι
2429 5782 2825 5838 Sanctissimus
2858 5780 3337 5849 archiepiscopus,
3361 5785 3413 5831 et
3436 5790 3555 5847 qua:
3574 5788 3697 5829 cum
