4078 6466
409 335 514 395 437

1258 333 1643 397 SYMEONIS
1704 330 2468 397 THESSALONICEXSIS
2502 319 2866 401 meumr.

3547 334 3652 398 4οζ

410 451 530 518 ipso
553 457 634 503 est
656 448 834 503 divina
861 449 1124 520 synodus,
1142 453 1409 508 advocant
1427 461 1482 509 et
1513 430 1822 520 adsciscunt
1857 468 1988 509 san-
2015 498 2017 508 .

2099 469 2203 517 σιν,
2225 452 2300 516 ὡς
2354 472 2373 504 ι
2397 451 2454 506 ’0
2473 453 2771 521 άγιώτατος
2797 454 3227 524 ἀρχιεπίσκοπος
3249 453 3342 506 καὶ
3358 453 3392 523 ἡ
3413 455 3540 522 περὶ
3559 455 3656 507 αύ-

411 540 654 592 rtilatem
695 547 840 592 tuam
875 542 926 594 in
955 542 1272 612 episcopum
1300 543 1664 598 sanctissimae
1693 542 1760 597 Ν.
1813 543 1979 610 hujus

410 628 723 684 Ecclesia»
752 628 869 696 Ipse
892 641 1071 685 autem
1097 640 1209 689 haec
1230 634 1482 699 audiens,
1509 635 1771 700 modeste,
1800 643 1860 687 ut
1883 636 1980 688 de-

407 728 514 782 cet,
553 718 620 772 de
686 734 745 773 se
779 720 1041 788 loquitur,
1076 732 1126 775 et
1157 737 1216 777 se
1237 733 1482 777 excusat.
1513 722 1715 777 Deinde
1745 723 1979 791 primum

406 810 614 880 gratias
640 808 752 864 Deo
781 812 912 881 agit,
950 813 1040 880 qui
1069 828 1192 868 eum
1217 828 1379 882 supra
1430 813 1683 870 meritum
1717 813 1982 868 honora-re

405 899 662 967 dignatus
686 906 811 967 est;
863 911 1046 970 postea
1082 903 1509 973 archiepiscopo,
1549 911 1602 956 et
1635 917 1806 958 sacrae
1849 917 1983 972 syn-

405 990 533 1051 odo.
597 991 688 1060 qui
727 1006 853 1044 eum
886 991 1196 1061 huiusmodi
1223 996 1405 1063 operis
1432 994 1738 1048 ministrum
1799 992 1982 1061 elege-

407 1091 559 1145 runt,
581 1091 635 1137 et
651 1096 715 1137 eo
737 1083 950 1152 dignari
975 1084 1284 1139 voluerunt.
1310 1084 1554 1154 Denique
1577 1093 1636 1139 ut
1656 1086 1746 1140 Dei
1771 1086 1984 1140 amicus

409 1173 698 1244 Deumpie
728 1175 1050 1242 deprecatur
1108 1186 1168 1230 ut
1221 1178 1395 1247 ipsius
1427 1181 1602 1248 gratia
1667 1187 1722 1234 et
1783 1179 1986 1250 eligen-

411 1266 547 1319 tium
583 1269 838 1334 precibus
897 1270 1233 1338 provinciam
1294 1271 1394 1326 sibi
1432 1271 1779 1327 commissam
1838 1280 1986 1327 recte

409 1353 777 1410 administret.
795 1356 910 1411 Hoc
928 1358 1090 1414 modo
1110 1373 1345 1431 sponsus
1366 1359 1621 1415 Ecclesiae
1641 1360 1745 1416 sibi
1761 1361 1986 1416 deman-

408 1447 549 1502 data:
571 1447 625 1502 in
653 1459 951 1520 conspectu
1004 1453 1188 1508 throni
1252 1453 1482 1518 Christi,
1525 1463 1580 1508 et
1643 1455 1985 1510 monumenti

410 1541 548 1604 ejus,
585 1547 1016 1612 sanctorumque
1067 1544 1379 1614 angelorum
1412 1555 1466 1601 et
1523 1545 1803 1600 hominum
1853 1559 1987 1600 con-

410 1631 682 1685 stituitur.
699 1631 834 1686 Cum
865 1643 1043 1689 autem
1085 1637 1446 1702 consenserit,
1467 1646 1520 1691 et
1537 1637 1836 1693 Ecclesiam
1859 1651 1985 1693 sus-

2083 542 2175 598 τδν
2197 543 2316 596 θεία
2343 543 2561 606 σύνοδος
2594 543 3030 613 προσκαλοῦνται
3078 543 3238 613 156
3271 545 3370 612 τὴν
3413 543 3658 610 ἁγιωσύ-

2083 651 2181 702 νην
2213 615 2306 688 σού
2329 636 2410 698 είς
2435 636 2700 705 ἀρχιερέα
2736 635 2834 704 τῆς
2859 635 3005 688 δεῖνα
3037 635 3352 702 ἁγιωτάτης
3421 635 3654 700 Ἐκκλη-

2085 726 2229 788 σίας.
2258 727 2358 780 »³0
2381 726 2456 792 δὲ,
2474 726 2680 780 τούτων
2703 726 2965 791 ἀκούσας,
2983 727 3334 792 ἀπολογεῖται
3355 725 3425 778 τὰ
3447 726 3651 779 εἰκότα.

2084 816 2200 894 Καὶ,
2219 815 2534 885 εὐχαριστεῖ
2570 815 2785 886 πρῶτον
2811 817 2889 885 τῷ
2921 814 3062 884 Θεῷ,
3092 815 3348 880 ἀξιωθεὶς
3375 817 3482 869 τῶν
3514 815 3655 884 ὑπὲρ

2085 907 2248 962 αὐτόν
2275 922 2291 938 ο
2319 897 2548 977 εἶτατῷ
2581 908 3000 978 ἀρχιεἾτισκόπῳ
3022 908 3118 962 καὶ
3142 910 3209 978 τῇ
3259 909 3382 978 ίερᾷ
3429 909 3655 976 συνὸῗῳ,

2081 998 2329 1052 τοιούτου
2355 999 2518 1068 ἔργου
2564 1000 2728 1053 αὐτὸν
2776 999 3058 1070 ὑπηρέτην
3101 1001 3509 1070 ἐκλεξαμένοις,
3563 1003 3659 1054 καὶ

2087 1092 2166 1151 είς
2190 1089 2348 1143 τοῦτο
2379 1090 2718 1156 καταξιῶσαι
2745 1089 3059 1159 θελήσασιν.
3097 1086 3230 1145 Εἶτα
3273 1091 3368 1144 καὶ
3415 1091 3659 1160 εὔχεται,

2086 1180 2268 1243 καλῶς
2294 1180 2390 1233 καὶ
2413 1179 2491 1243 ὼς
2528 1179 2647 1250 Θεῷ
2675 1180 2829 1247 φίλον
2888 1182 3077 1249 χάριτι
3112 1178 3279 1237 αὐτοῦ
3331 1179 3428 1232 καὶ
3471 1179 3660 1247 εὐχαῖς

2086 1273 2198 1326 τῶν
2225 1272 2609 1340 ὲκλεξαμένων
2633 1272 2953 1342 διακονῆσαι
2970 1271 3064 1324 καὶ
3089 1272 3372 1324 ἐκτελέσαι
3399 1271 3459 1323 τὸ
3485 1273 3661 1339 ἐγχει-

2091 1362 2300 1433 ρισθέν.
2330 1363 2438 1416 Καὶ
2468 1361 2643 1425 οὕτως
2671 1362 2834 1426 αὐτὸς
2863 1365 2960 1433 μὲν
2991 1361 3239 1432 μνηστήρ
3289 1363 3388 1430 τῆς
3425 1363 3664 1429 ἐγχειρι-

2089 1452 2309 1523 σθείσης
2340 1451 2636 1520 ἐκκλησίας
2665 1449 2895 1504 ἐνώπιον
2937 1451 3031 1504 τοῦ
3061 1450 3253 1519 θρόνου
3293 1448 3532 1519 Χριστοῦ
3568 1450 3663 1503 καὶ

2087 1545 2182 1598 τοῦ
2209 1545 2516 1615 μνήματος,
2534 1545 2627 1598 καὶ
2652 1545 2760 1598 τῶν
2781 1543 2952 1612 ἁγίων
2975 1543 3224 1611 ἀγγέλων
3243 1545 3336 1597 καὶ
3358 1540 3454 1594 ἀνθ
3465 1543 3662 1609 ρώπων

2087 1638 2347 1707 κατέστη,
2380 1637 2750 1707 συμφωνήσας
2782 1652 2842 1688 τε
2877 1635 2971 1688 καὶ
2994 1632 3441 1702 παραλαϐὼντὴν
3472 1634 3665 1698 ἐκκλη-

409 1720 634 1787 ceperit,
667 1721 734 1776 de
763 1736 826 1776 ea
857 1737 1042 1778 curam
1073 1726 1349 1794 providam
1398 1727 1596 1782 habere
1621 1735 1858 1783 tenetur.
1886 1726 1982 1781 His
2011 1775 2017 1786 .

2099 1730 2237 1796 σίαν,
2261 1729 2353 1782 καὶ
2385 1729 2694 1798 φροντίζειν
2725 1727 2931 1797 ταύτης
2972 1728 3067 1779 καὶ
3120 1724 3466 1796 προνοεῖσθαι
3519 1724 3666 1791 ὀφεί-

411 1813 492 1865 sic
515 1813 748 1880 peractis
768 1829 887 1884 qua:
909 1816 1179 1885 pertinent
1195 1817 1262 1872 ad
1282 1818 1684 1874 ordinationem
1697 1827 1752 1874 et
1785 1834 1979 1875 conse-

414 1903 712 1959 crationem
735 1915 1138 1976 praeparantur.
1351 1952 1362 1961 .

926 1998 1154 2055 CAPUT
1179 1999 1466 2057 CXCVIII.

834 2092 912 2146 De
933 2091 1265 2148 ordinatione
1294 2095 1543 2164 episcopi.

485 2177 723 2236 Instante
757 2180 920 2252 igitur
952 2183 1043 2238 die
1065 2184 1232 2250 dicta,
1253 2199 1442 2241 omnes
1457 2186 1698 2258 episcopi
1719 2188 1986 2245 electores

416 2282 812 2343 congregantur
842 2290 861 2342 ;
886 2275 1042 2330 adest
1062 2291 1279 2346 quoque
1309 2278 1754 2349 archiepiscopus
1777 2281 1989 2335 ordina-

417 2362 622 2416 tionem
659 2365 941 2439 cumjpsis
972 2367 1237 2436 facturus,
1271 2369 1350 2424 vel
1383 2369 1564 2438 potius
1586 2369 1842 2426 Christus
1860 2387 1989 2440 ope-

419 2467 546 2506 rans
573 2467 695 2522 quae
726 2457 1003 2523 pecularia
1061 2467 1209 2526 sunt,
1267 2476 1494 2530 quaeque
1562 2462 1678 2530 ipse
1743 2462 1987 2517 tradidit.

416 2545 792 2615 Congregatur
807 2563 1025 2619 quoque
1055 2551 1233 2606 omnis
1274 2551 1404 2607 cleri
1430 2552 1742 2622 multitudo,
1763 2562 1818 2609 et
1837 2562 1991 2609 ante-

417 2652 584 2706 quam
617 2639 788 2694 missa
803 2641 1110 2710 inchoetur,
1142 2640 1442 2699 anabathra
1473 2644 1712 2714 ponitur,
1745 2653 1801 2701 et
1826 2660 1994 2716 super

419 2744 539 2782 eam
568 2729 799 2786 thronus
829 2731 884 2786 in
916 2746 1025 2802 quo
1049 2733 1210 2789 sedet
1238 2748 1470 2804 magnus
1501 2734 1815 2806 episcopus,
1852 2735 1991 2790 infra

422 2836 552 2877 vero
565 2838 629 2878 ex
646 2831 877 2894 utraque
896 2835 1047 2897 parte
1065 2825 1226 2895 positi
1254 2833 1382 2882 sunt
1396 2825 1484 2880 alii
1506 2827 1584 2881 tht
1602 2828 1688 2882 oni
1712 2828 1766 2882 in
1791 2828 1996 2897 quibus

423 2914 616 2970 sedent
639 2918 913 2988 episcopi.

949 3094 1176 3151 CAPUT
1209 3095 1440 3153 CXCIX.

606 3205 682 3260 De
712 3208 825 3277 ejus
860 3210 1184 3279 confessione
1211 3212 1482 3283 primoque
1511 3214 1811 3283 signaculo.

499 3363 704 3418 Deinde
732 3372 984 3420 cantores
1011 3365 1296 3436 senientes
1326 3368 1562 3437 primum
1595 3367 1826 3424 adorant
1889 3385 2003 3425 ma-

431 3471 595 3525 gnum
628 3455 968 3526 episcopum,
998 3468 1060 3512 ut
1083 3456 1709 3516 SalvatoremChristum
1736 3461 1999 3518 sacerdo-

433 3560 549 3601 tum
603 3548 924 3616 princ’pcnt,
984 3548 1176 3606 favistis
1226 3550 1713 3609 acclamationibus
1768 3554 2002 3624 ingemi-

433 3647 649 3703 nantes,
695 3658 712 3690 ι
753 3638 809 3691 1η
854 3642 1056 3698 multos
1085 3655 1283 3709 annos,
1332 3644 1586 3710 domine;
1622 3662 1641 3695 ι
1673 3659 1783 3714 quo
1840 3659 1999 3700 suum

431 3740 660 3803 propter
688 3731 934 3787 divinum
966 3747 1104 3803 opus
1129 3736 1381 3802 gaudium
1417 3751 1526 3790 non
1557 3736 1718 3792 modo
1775 3737 2002 3792 demon-

393 3816 401 3825 ’
432 3832 630 3892 stram,
662 3839 850 3878 verum
882 3823 1045 3880 etiam
1076 3823 1155 3880 illi
1191 3825 1503 3880 continuam
1569 3835 1624 3882 et
1685 3836 2002 3899 perpetuam

432 3918 489 3971 in
518 3932 681 3986 Opere
708 3917 1170 3985 perseverantiam
1204 3915 1593 3987 deprecantur.
1629 3918 1897 3989 Deinceps
1950 3929 2007 3974 et

433 4010 616 4064 caeteri
657 4007 841 4063 clerici
871 4023 964 4076 per
984 4007 1229 4064 ordinem
1268 4008 1466 4064 similia
1496 4008 1726 4077 faciunt,
1759 4018 1814 4066 et
1858 4017 2006 4067 stant

429 4101 587 4172 juxta
619 4100 867 4155 ordinem
907 4101 997 4168 qui
1050 4099 1399 4168 peculiariter
1440 4100 1506 4156 de
1535 4102 1639 4156 hac
1695 4117 1754 4156 re
1799 4102 2005 4159 descri-

434 4206 561 4266 ptus
583 4205 688 4251 est.
707 4193 947 4250 Tandem
975 4193 1120 4248 venit
1139 4193 1343 4248 electus
1366 4196 1795 4262 praecedentibus
1827 4197 2003 4266 ipsum

435 4287 669 4351 clericis,
707 4285 931 4353 ipsoque
957 4282 1402 4356 chartOphylace,
1438 4293 1493 4340 et
1520 4285 1771 4341 ministro
1800 4286 1892 4355 qui
1938 4302 2006 4343 ex

435 4378 552 4434 suis
574 4380 641 4432 ab
667 4375 822 4430 initio
846 4373 920 4429 illi
945 4374 1156 4431 aderat.

1025 4489 1254 4547 CAPUT
1307 4490 1414 4549 CC.

439 4585 578 4652 Quid
606 4584 851 4638 denotant
885 4583 939 4637 in
972 4582 1082 4636 solo
1111 4583 1403 4703 ἀρδεηὶρια,
1423 4593 1524 4637 (res
1546 4584 1717 4652 ﬂuvii,
1743 4585 1932 4640 civitas
1962 4596 2008 4640 et

1119 4670 1240 4703 aaut
1267 4671 1320 4703 a.

1119 4670 1320 4720 aquua.

508 4747 644 4804 Cum
671 4762 800 4803 vero
826 4747 1033 4803 electus
1063 4756 1177 4801 tres
1209 4744 1402 4801 ﬂuvios
1433 4745 1752 4814 pertransiit
1779 4745 1833 4800 in
1891 4747 2010 4802 solo

439 4858 535 4912 per
561 4854 788 4913 gypsum
821 4841 1105 4911 ﬁguratas,
1138 4839 1229 4908 qui
1262 4839 1522 4893 doctrina:
1549 4836 1753 4892 donum
1779 4837 1846 4893 ad
1866 4838 2009 4907 quod

435 4944 662 4989 vocatus
686 4939 792 4999 est,
819 4929 1154 4998 signiﬁcant,
1193 4927 1449 4984 subsistit
1507 4942 1668 4996 super
1723 4927 1910 4981 urbem
1943 4926 2012 4981 oh

437 5027 628 5080 nciilos
653 5025 983 5092 descriptam
1015 5036 1138 5091 quae
1165 5019 1336 5089 ipsius
1365 5018 1736 5086 episcopatum
1781 5017 2008 5082 indicat,

442 5121 495 5170 in
532 5116 693 5184 cujus
724 5113 1056 5169 'summitatc
1118 5109 1298 5180 aquila
1356 5108 1614 5163 similiter
1659 5107 2008 5174 describitur,

349 5229 351 5231 ί
444 5208 756 5279 puritatem,
785 5204 1189 5269 rectitudinem,
1239 5212 1293 5256 et
1339 5199 1680 5254 altitudinem
1733 5198 2016 5268 theologia:

447 5299 822 5365 subindicans,
852 5295 997 5362 quod
1027 5296 1091 5348 de
1124 5293 1232 5346 filio
1257 5292 1482 5346 tonitrui
1514 5291 1784 5359 theologo,
1847 5289 2018 5345 disci-

446 5390 575 5460 pulo
601 5388 831 5457 virgine,
867 5385 958 5452 qui
1005 5386 1057 5437 In
1078 5380 1281 5436 Christi
1307 5381 1427 5433 sinu
1485 5379 1830 5448 requiescere
1878 5377 2018 5432 sole-

449 5483 564 5548 bat,
595 5481 755 5547 vulgo
786 5477 1054 5533 scribunt.
1088 5472 1215 5526 Ideo
1242 5471 1382 5526 lucis
1413 5470 1594 5525 radios
1629 5470 1788 5524 habet
1835 5470 2016 5539 aquila

449 5575 542 5643 qui
561 5571 922 5640 tbeologicum
939 5575 992 5622 et
1032 5566 1204 5636 gratia
1224 5563 1483 5618 donatum
1503 5562 1831 5633 signiﬁcant.
1854 5561 2018 5617 Stans

449 5666 618 5733 igitur
666 5677 832 5731 super
895 5661 1040 5714 illam
1105 5657 1320 5725 urbem,
1377 5658 1550 5726 ipsius
1604 5655 2018 5725 inscriptionem

456 5759 675 5812 recitat.
730 5771 852 5814 aute
909 5751 1266 5807 dicendorum
1331 5749 1681 5804 securitatem
1743 5744 2009 5802 declarat.

2087 1819 2216 1874 λων’
2247 1819 2314 1872 τὰ
2330 1818 2431 1887 τῆς
2454 1818 2789 1889 χειροτονίας
2814 1818 2872 1872 δέ
2899 1817 2999 1888 ἠδη
3054 1816 3194 1886 μετὰ
3218 1814 3379 1868 τοῦτο
3421 1817 3517 1868 καὶ
3564 1815 3667 1883 τῆς

2087 1909 2422 1979 τελειώσεως
2448 1911 2826 1982 ἐτοιμάζεται.

2651 2005 2905 2060 ΚΕΦΑΛ.
2953 2003 3119 2072 Ριιιν.

2261 2165 2264 2168 γ
2403 2090 2545 2160 Περὶ
2581 2094 2958 2161 χειροτονίας
2983 2087 3350 2148 ἐπισκόπου.

2159 2183 2271 2253 Τῆς
2301 2177 2396 2237 οὖν
2425 2183 2624 2252 κυρίας
2649 2184 2968 2254 ἐπιστάσης,
3018 2184 3342 2250 συνάγονται
3392 2181 3489 2248 μὲν
3536 2181 3670 2234 πάν-

2088 2293 2181 2340 τες
2206 2277 2256 2329 oi
2287 2276 2658 2346 ψηφισάμενοι
2700 2276 3000 2346 ἀρχιερεῖς,
3029 2277 3268 2346 πάρεστι
3305 2275 3363 2326 δέ
3411 2275 3439 2325 6
3487 2274 3669 2343 ἀρχιε-

2093 2368 2359 2432 πίσκοπος
2402 2367 2502 2438 τὴν
2529 2368 2867 2439 χειροτονίαν
2899 2368 2997 2421 σῦν
3036 2368 3220 2429 αὐτοῖς
3262 2364 3562 2418 ἐκτελέσων
3593 2380 3607 2393 ο
3642 2366 3670 2416 ὁ

2091 2461 2328 2530 Χριστὸς
2359 2460 2416 2513 δὲ
2451 2459 2654 2530 μᾶλλον
2683 2461 2860 2511 είπεῖν
2889 2459 2956 2512 δι’
2985 2457 3162 2512 αὐτῶν
3189 2455 3430 2526 ἐνεργῶν
3477 2454 3546 2507 τὰ
3595 2455 3672 2506 oi-

2093 2554 2216 2605 κεῖα
2245 2552 2342 2604 atat
2369 2550 2406 2606 ἃ
2437 2550 2815 2620 παραδέδωκε.
2847 2549 3270 2620 Συναθροίζεται
3296 2549 3353 2602 δέ
3381 2547 3476 2602 καὶ
3527 2545 3673 2600 άπαν
3707 2592 3716 2598 .

2095 2644 2305 2714 πλῆθος
2336 2643 2432 2696 τοῦ
2463 2643 2695 2714 κλήρου,
2723 2642 2818 2694 καὶ
2857 2642 2940 2696 ἔτι
2973 2642 3083 2695 τῶν
3136 2641 3361 2695 λαῑκῶν.
3421 2640 3537 2694 Καὶ·
3568 2638 3672 2707 πρὸ

2097 2737 2198 2809 μὲν
2223 2735 2322 2807 τῆς
2347 2737 2498 2806 ἱερᾶς
2529 2735 2868 2805 λειτουργίας
2901 2736 2933 2802 ἠ
2972 2733 3258 2802 ἀνασάθρα
3295 2732 3526 2792 τίθεται.
3579 2731 3674 2784 καὶ

2097 2826 2449 2898 κάθηταιέπὶ
2475 2825 2668 2896 θρόνου
2702 2826 2762 2878 ἐν
2818 2825 2955 2895 αὐτῇ
2994 2827 3024 2879 6
3097 2825 3273 2895 μέγας
3329 2822 3620 2896 ἀρχιερεύς
3655 2839 3670 2854 ⁸

2097 2917 2248 2970 κάτω
2269 2916 2324 2968 δὲ
2355 2916 2537 2986 ἕτεροι
2567 2914 2913 2986 ἑκατέρωθεν
2945 2913 3128 2980 θρόνοι
3152 2928 3169 2946 ⁶
3198 2915 3295 2968 καὶ
3354 2913 3443 2966 ἐπ’
3475 2911 3673 2975 αὐτοὺς

2097 3006 2146 3057 oi
2183 3005 2503 3060 ἐπίσκοποι.

2623 3094 2898 3166 κείνω.
2953 3092 3118 3162 Pw.

2171 3205 2308 3275 Περὶ
2341 3204 2460 3261 τῶν
2490 3204 2603 3274 τῆς
2648 3204 3006 3275 ὁμολογίας,
3059 3203 3162 3260 καί
3207 3203 3322 3273 τῆς
3366 3203 3606 3274 πρώτης

2709 3275 3065 3345 σφραγῖδος.
3529 3339 3534 3344 ε
3669 3289 3686 3301 ‘

2173 3368 2284 3421 Καὶ
2310 3365 2484 3430 οὕτως
2517 3365 2566 3419 οί
2593 3363 2799 3435 ψάλται
2834 3365 2936 3436 μὲν
2959 3367 3270 3436 ἐρχόμενοι,
3322 3367 3541 3437 πρῶτον
3583 3365 3677 3420 τὸν

2105 3457 2289 3528 μέγαν
2315 3455 2717 3528 προσκυνοῦσιν
2753 3456 2831 3520 ὡς
2851 3456 2944 3510 τὸν
2972 3456 3203 3528 Σωτῆρα
3227 3457 3461 3527 Χριστὸν
3491 3459 3678 3525 ἀρχιε-

2106 3551 2225 3619 ρέα,
2251 3553 2343 3602 καὶ
2372 3545 2681 3618 ε’ὐιρημοῦσι
2707 3547 2848 3617 τρὶς,
2895 3565 2916 3600 ι
2954 3547 3048 3611 Είς
3092 3547 3265 3601 πολλὰ
3313 3538 3430 3616 ἔτή,
3479 3547 3676 3600 δέσπο-

2103 3659 2194 3708 τα,
2227 3659 2244 3692 ι
2295 3640 2566 3708 λέγοντες,
2610 3641 2702 3692 ἐπὶ
2752 3640 2830 3709 τῷ
2877 3637 3008 3711 θείῳ
3042 3638 3322 3710 χαίροντες
3361 3638 3526 3710 ἔργῳ,
3572 3639 3671 3691 καὶ

2102 3733 2202 3800 τὴν
2231 3732 2310 3794 είς
2337 3731 2398 3785 τὸ
2426 3730 2676 3802 διηνεκὲς
2705 3729 2969 3801 διαμονὴν
3014 3731 3211 3784 τούτου
3257 3730 3356 3784 καὶ
3410 3731 3678 3800 ἐργασίαν

2105 3821 2392 3894 εὐχόμενοι
2419 3837 2434 3854 ο
2487 3821 2688 3891 ἐφεξῆς
2731 3821 2789 3875 δέ
2816 3821 2868 3875 οἱ
2895 3821 3074 3875 λοιποὶ⁹
3121 3822 3378 3891 κληρικοὶ
3412 3822 3556 3875 κατὰ
3585 3822 3680 3874 τά·

2105 3915 2187 3978 ξιν
2216 3913 2562 3976 ἐκτελοῦντες
2585 3913 2652 3967 τὰ
2678 3915 2864 3982 ὅμοια,
2899 3913 2994 3966 καὶ
3016 3914 3158 3967 κατὰ
3179 3913 3334 3978 τάξιν
3376 3913 3676 3981 ἱστάμενοι,

2103 4009 2178 4070 ὡς
2211 4007 2359 4078 καὶὴ
2393 4003 2635 4070 διάταξις
2673 4005 2802 4076 περὶ
2827 4006 3020 4060 τούτου
3043 4007 3315 4060 διατυποϊ.
3355 4004 3462 4059 Καὶ
3494 4004 3678 4056 τελευ-

2105 4101 2255 4152 ταῖον
2296 4099 2324 4150 6
2367 4095 2677 4167 ὐποψήφιος
2734 4096 2952 4168 ἔρχεται
2977 4137 2993 4163 ,
3031 4080 3464 4168 προηγουμένων
3517 4093 3680 4148 αὐτοῦ

2106 4188 2408 4260 κληρικῶν,
2446 4187 2540 4240 καὶ
2561 4187 2728 4240 αὑτοῦ
2755 4188 2850 4242 τοῦ
2890 4187 3324 4259 χαρτοφύλακος,
3375 4189 3450 4249 ὡς
3475 4188 3685 4256 ἀξιοπί-

2108 4296 2232 4332 στου
2273 4280 2369 4333 καὶ
2403 4279 2510 4332 τῶν
2543 4278 2808 4338 τοιούτων
2836 4280 3076 4352 ἐξαρχῆς
3117 4280 3426 4351 ὑπηρέτου.’

2711 4478 2964 4534 ΚΕΦΑΛ.
3006 4478 3082 4533 Σ⁹.

2113 4569 2180 4625 Τι’
2201 4569 2459 4638 δηλοῦσι
2487 4568 2560 4624 τὰ
2585 4568 2678 4622 ἐπ’
2711 4568 2974 4638 ἐδάφους
2997 4542 3495 4636 ἁνιστορούιιενα,
3526 4566 3686 4634 τρεῖς

2352 4639 2628 4709 ποταμοὶ,
2688 4638 2727 4705 ἠ
2762 4639 2940 4705 πόλις
2980 4656 3045 4693 τε
3071 4639 3165 4692 καί
3193 4643 3225 4693 d
3250 4639 3442 4704 ἀετός.

2187 4733 2284 4797 '0;
2319 4732 2385 4804 δὴ
2416 4731 2727 4801 ὁποψήφιος
2770 4733 2921 4801 τρεῖς
2978 4731 3260 4799 ποταμοὺς
3299 4730 3546 4794 διελθὼν,
3597 4728 3688 4782 ἐπ’

2111 4825 2337 4890 ἐδάφους
2371 4821 2459 4874 διὰ
2491 4820 2666 4890 γύψου
2697 4818 3141 4883 ἐκτυπωθέντας,
3189 4820 3248 4872 τὸ
3279 4819 3378 4887 τῆς
3431 4819 3690 4873 διδασκα-

2111 4916 2231 4978 λίας
2254 4915 2339 4982 ἐφ’
2381 4907 2425 4981 ᾧ
2459 4911 2664 4982 ἐκλήθη
2705 4909 3001 4980 δηλοῦντας
3049 4911 3319 4982 χάρισμα,
3352 4912 3536 4965 ἐπάνω
3585 4912 3689 4964 πό-

2112 5007 2246 5069 λεως
2276 5006 2488 5058 ἵσταται
2535 5001 3017 5072 άνιστορουμένης,
3081 5003 3183 5070 τὴν
3237 5002 3546 5072 ἐπισκοπὴν
3597 5003 3692 5073 δη·-

2113 5101 2310 5170 λούσης
2331 5100 2517 5164 αὐτοῦ,
2549 5092 2615 5168 ἦς
2651 5098 2744 5150 ἐπὶ
2774 5099 2840 5166 τῇ
2871 5098 3080 5166 κορυφῇ
3129 5095 3283 5159 esea;
3317 5098 3520 5166 ὁμοίως
3571 5098 3690 5151 ἀνι-

2117 5194 2409 5262 στορεῖται,
2432 5190 2491 5244 τὸ
2511 5189 2751 5260 καθαρὸν
2778 5189 2873 5242 καὶ
2899 5188 3058 5258 ὀρθὸν
3093 5189 3190 5257 τῆς
3216 5189 3495 5256 θεολογίας
3515 5189 3609 5243 καὶ⁷
3629 5189 3691 5242 τδ

2116 5285 2320 5354 comm
2337 5282 2695 5351 ὐπεμφαίνων
2729 5297 2744 5311 ο
2767 5280 2796 5333 ὃ
2813 5281 2878 5348 δὴ
2905 5283 3000 5335 καὶ
3023 5282 3150 5349 περὶ¹
3171 5279 3265 5333 τοῦ
3296 5281 3411 5332 υίοῦ
3425 5284 3519 5348 τῆς
3538 5281 3689 5350 βρον-

2116 5377 2213 5445 τῆς
2239 5376 2332 5428 τοῦ
2358 5373 2624 5441 Θεολόγου
2681 5372 2925 5443 μαθητοῦ
2975 5373 3070 5426 καὶ
3121 5372 3396 5442 παρθένου
3441 5373 3538 5426 τοῦ
3595 5371 3690 5425 καὶ

2117 5466 2436 5535 ὲπιστηθίου
2465 5466 2756 5535 γράφουσι.
2789 5465 2881 5518 Διὸ
2907 5466 3003 5519 καὶ
3025 5467 3283 5534 φεγγεῖον
3313 5464 3426 5534 ἔχει
3448 5467 3476 5517 ὀ
3511 5463 3692 5528 ἀετὸς,

2119 5562 2192 5620 ὡς
2219 5551 2277 5610 τὸ
2312 5557 2625 5624 θεολογικὸν
2672 5557 2769 5608 καὶ
2800 5556 3244 5625 κεχαριτωμένον
3294 5555 3493 5626 δηλῶν.
3551 5553 3694 5618 Στὰς

2120 5645 2213 5704 οὖν
2263 5650 2358 5701 ἐπὶ
2407 5649 2505 5718 τῆς
2567 5648 2796 5711 πόλεως,
2827 5647 3140 5715 ἐπιγραφὴν
3167 5647 3314 5714 λέγει
3357 5645 3580 5709 ἐαυτοῦ,
3633 5646 3696 5696 τὺ

2123 5742 2363 5810 ἀσφαλὲς
2387 5739 2565 5810 δηλῶν
2589 5741 2716 5808 περὶ
2744 5740 2853 5794 τῶν
2883 5738 3189 5808 μελλόντων
3219 5738 3471 5810 ῥηθῆναι.
3541 5737 3700 5790 Ἐπι-
