4078 6460
355 359 465 424 415

1148 364 1299 426 SYM
1310 360 1548 426 EON‘IS
1571 359 2028 426 THESSALON
2038 354 2300 426 lCENSl
2314 364 2354 424 S
2396 368 2435 424 A
2448 363 2758 427 RCHIEP.
3506 366 3615 430 416

357 481 441 527 tcr
475 491 493 524 ι
531 470 693 540 Kyrie
724 469 954 538 cleison,
992 489 1012 524 ι
1043 471 1349 530 secundum
1394 474 1634 546 sigillum
1661 474 1721 529 ιιι
1773 489 1938 545 super

2054 477 2107 528 ιὰ
2139 476 2200 527 ὲν
2224 472 2375 543 αὑτῷ
2406 475 2772 548 γεγραμμένα
2806 475 3040 542 ὲκφωνεῖ
3065 474 3093 527 ό
3120 474 3412 545 ἀρχιερεύς
3435 492 3452 509 ·
3488 496 3508 529 ι
3541 477 3613 531 Ἦ

358 580 421 621 ca
430 573 524 634 put
569 563 959 619 consecrandi.

922 871 1151 929 CAPUT
1188 873 1366 931 CCVI.

469 981 651 1046 Quare
681 979 1026 1067 Evangeliuut
1074 987 1367 1067 ordinandi
1401 990 1632 1058 episcopi
1665 990 1833 1059 capiti

980 1069 1305 1122 tmpomtur.

436 1164 560 1218 Mox
593 1165 943 1235 Evangelium
974 1168 1239 1235 aperitur,
1267 1169 1412 1237 quod
1440 1170 1692 1225 Christus
1720 1179 1829 1235 est,
1881 1182 1936 1227 et

367 1270 461 1322 per
490 1255 667 1324 ipsum
703 1254 944 1311 Ecclesia
968 1256 1087 1325 ejus
1124 1265 1217 1324 ;et
1251 1260 1498 1325 apertum
1531 1262 1750 1329 ponitur
1771 1278 1939 1331 super

363 1355 521 1409 caput
546 1354 600 1399 et
631 1347 904 1402 cervicem
959 1348 1272 1405 ordinandi.
1315 1352 1434 1416 Qua
1461 1352 1679 1406 actione
1730 1353 1938 1422 signiti-

358 1444 514 1489 catnr
534 1433 816 1493 Christum
849 1439 1048 1494 habere
1084 1455 1180 1509 pro
1213 1441 1408 1510 capite,
1460 1444 1555 1508 qui
1619 1442 1800 1499 factus
1854 1453 1939 1501 est

360 1528 624 1584 Ecclesia:
680 1538 848 1600 caput
875 1538 928 1586 et
953 1534 1139 1587 omnia
1191 1548 1316 1603 qua:
1343 1534 1546 1590 Christi
1598 1544 1727 1591 sunt
1783 1537 1937 1593 illum

360 1633 717 1689 cognoscere.
751 1636 1082 1692 omnemque
1112 1623 1259 1680 illius
1313 1625 1705 1695 cognitionem.
1763 1642 1941 1695 quan-

363 1721 473 1764 tum
496 1712 647 1774 licet,
664 1712 867 1768 habere
890 1730 1051 1781 ;cum
1072 1717 1437 1771 constituatur
1454 1717 1506 1772 in
1521 1733 1584 1774 ea
1605 1734 1726 1789 qua!
1740 1719 1944 1788 princi-

2035 566 2157 620 θεία
2208 558 2424 636 χάριςᾟ
2460 567 2557 620 καὶ
2603 567 2673 620 τὰ
2706 565 2833 635 ἑξῆς
2854 581 2871 598 ο
2902 565 3122 620 καὶτοῦ
3146 607 3162 632 ,
3198 585 3217 619 ι
3257 566 3429 637 Κύριε
3461 568 3614 639 ὲλέη-
3676 580 3692 599 ’

1999 658 2012 667 ’
2035 674 2148 717 σον,
2187 676 2206 708 ι
2242 658 2361 725 τρὶς
2395 656 2682 728 ᾀδομένου,
2720 658 2752 726 ή
2783 656 3016 728 δευτέρα
3073 659 3285 725 γίνεται
3319 661 3378 711 ὲν
3418 660 3484 730 τῇ
3517 676 3611 712 κε-

2036 748 2183 817 φαλῇ
2212 745 2310 801 τοῦ
2351 748 2684 816 τελουμένου
2714 749 2978 819 σφραγίς.

2623 864 2877 919 sema.
2917 865 3052 933 scr.

2036 980 2206 1034 Διατι
2232 978 2299 1036 τὸ
2340 976 2716 1050 nonnum
2745 979 2966 1050 τίθεται
2995 978 3073 1046 τῇ
3100 979 3210 1050 τοῦ
3244 996 3615 1050 χειροτονου-

2404 1048 2595 1117 μένου
2627 1047 2942 1116 ἀρχιερέως
2975 1049 3237 1118 κεφαλῇ.

2112 1161 2225 1217 Καὶ
2254 1161 2512 1249 εὖθὺςῆτδ
2550 1160 2888 1229 Εὐαγγέλιον
2917 1162 3251 1231 ἀνοίγνυται·
3283 1164 3312 1218 δ
3340 1164 3406 1235 δὴ
3430 1150 3614 1236 όΧρι-

2041 1256 2167 1320 στός
2214 1259 2353 1318 ἐστι,
2395 1256 2490 1308 καὶ
2542 1253 2613 1306 δι’
2643 1254 2812 1308 αὐτοῦ
2867 1256 2901 1318 ἠ
2946 1255 3247 1325 Ἐκκλησία
3292 1257 3480 1311 αὐτοῦ·
3521 1258 3615 1312 καὶ

2039 1348 2133 1403 ἰπὶ
2160 1348 2258 1418 τῆς
2286 1349 2531 1419 κεφαλῆς
2563 1349 2913 1420 ἀνεῳγμένον
2958 1352 3054 1404 καὶ
3087 1349 3182 1406 τοῦ
3213 1351 3488 1429 τραχήλου
3518 1353 3614 1406 τοῦ

2040 1441 2520 1511 χειροτονουμένου
2551 1440 2798 1495 τίθεταιο
2841 1441 3129 1512 δηλοῦντος
3174 1441 3271 1497 τοῦ
3318 1443 3504 1512 ἔργου,
3538 1445 3617 1509 ὡς

2040 1532 2131 1585 τὸν
2167 1531 2408 1601 Χριστὸν
2454 1530 2569 1599 ἔχει
2602 1531 3112 1602 κεφαλὴν,·κεφαλὴ
3143 1532 3240 1604 τῆς
3279 1534 3614 1602 Ἐκκλησίας

2042 1622 2351 1693 γινόμενος,
2392 1622 2487 1675 καὶ
2517 1624 2700 1676 πάντα
2749 1622 2820 1676 τά
2875 1622 2985 1695 τοῦ]
3005 1624 3246 1693 Χριστοῦ
3275 1625 3381 1695 χρὴ
3417 1626 3616 1680 εἰδέναι

2041 1712 2254 1777 τοῦτον,
2294 1712 2393 1767 καὶ
2436 1713 2621 1766 πᾶσαν
2666 1712 2811 1782 ἔχειν
2844 1710 2945 1785 τὴν
2978 1716 3183 1781 γνῶσιν
3212 1713 3378 1768 αὑτοῦ
3413 1715 3491 1776 ὡς
3526 1717 3619 1783 ἔγ-

365 1813 547 1872 patum
578 1803 700 1873 ejus
728 1814 976 1873 spectant
1004 1822 1019 1860 :
1050 1806 1267 1860 omnem
1303 1817 1561 1876 praetcrea
1591 1819 1855 1872 mentem,
1885 1819 1942 1865 et

2054 1806 2231 1874 χωρεῖ,
2263 1804 2389 1857 ἐπεὶ
2417 1805 2512 1857 καὶ
2556 1803 2688 1872 περὶ
2716 1802 2780 1857 τὸ
2808 1804 3136 1873 ήγεμονικδν
3163 1804 3331 1859 αὑτοῦ
3366 1806 3574 1860 τίθεται
3600 1822 3617 1838 θ

363 1895 656 1959 rationem,
680 1903 733 1948 et
768 1910 963 1951 sensus
995 1897 1293 1952 secundum
1323 1897 1601 1954 Christum
1654 1899 1948 1955 elformare

365 1996 420 2039 ct
443 1986 884 2066 accommodare,
907 2003 1144 2059 eumque
1165 1990 1433 2046 cervicem
1465 1992 1568 2046 levi
1592 1992 1792 2048 Christi
1809 1993 1945 2065 iugo

366 2076 712 2144 submittere,
754 2079 1003 2150 nihilque
1035 2096 1198 2149 agere
1254 2093 1453 2152 praeter
1509 2084 1688 2152 ipsius
1727 2094 1949 2141 senten‘

368 2169 498 2224 tiam
520 2186 536 2237 ;
564 2171 822 2238 quoniam
848 2170 1145 2229 Ecclesiam
1172 2174 1345 2244 ipsius
1371 2189 1539 2246 super
1559 2186 1723 2246 caput
1745 2184 1800 2232 et
1822 2192 1948 2232 cer-

368 2267 538 2315 vicem
574 2278 667 2330 per
694 2265 1047 2334 Evangelium
1080 2266 1347 2336 suscepit.
1380 2267 1459 2322 Eo
1512 2268 1677 2339 igitur
1734 2278 1946 2337 aperto,

366 2362 422 2407 et
451 2353 729 2424 imposito,
766 2356 1053 2425 sacrisque
1089 2356 1284 2412 litteris
1311 2359 1601 2414 ordinandi
1656 2359 1819 2428 capiti
1868 2360 1951 2415 itt-

368 2445 771 2511 cumbcntihus,
802 2448 1090 2518 episcopus
1114 2447 1342 2517 primam
1398 2464 1614 2519 precem
1646 2460 1904 2519 precatur
1932 2467 1949 2506 :

375 2556 395 2587 ι
426 2533 689 2593 UtBerus
716 2548 770 2594 et
795 2539 1055 2596 Dominus
1079 2539 1220 2598 Deus
1236 2550 1428 2597 noster
1458 2542 1551 2611 qui
1578 2543 1870 2598 constituit
1895 2544 1947 2597 in

373 2629 615 2686 Ecclesia
632 2630 862 2698 primum
882 2632 1181 2708 apostolos,
1197 2634 1439 2690 secundo
1454 2635 1772 2705 prophetas,
1789 2635 1953 2689 tertio

370 2717 642 2785 doctores,
665 2738 684 2772 ι
715 2728 769 2776 et
799 2720 1026 2791 reliqua,
1063 2740 1084 2775 ι
1113 2724 1321 2793 quique
1348 2723 1497 2780 hunc
1514 2712 1730 2779 vocavit
1749 2724 1815 2778 ad
1838 2724 1954 2794 epi-

369 2808 641 2878 scopalem
661 2811 979 2879 dignitatem
1001 2827 1097 2882 per
1113 2828 1334 2868 manum
1357 2826 1531 2870 meam
1548 2824 1601 2870 et
1619 2815 1950 2885 reliquorum

368 2900 839 2970 coepiscoporum,
868 2902 1188 2957 corroboret
1222 2918 1318 2972 per
1343 2905 1639 2959 adventum
1670 2910 1728 2959 et
1781 2911 1953 2958 virtu-

372 2997 504 3056 tem,
523 3001 577 3046 et
590 2993 818 3062 gratiam
840 2994 1012 3049 sancti
1034 2993 1295 3065 Spiritus,
1312 2995 1453 3051 sicut
1469 2995 1747 3065 apostolos
1763 3009 1954 3051 corro-

370 3082 590 3163 horavit
610 3093 661 3139 et
689 3086 1002 3155 prophetas,
1028 3093 1083 3140 et
1107 3096 1273 3169 ungat
1292 3087 1752 3157 quemadmodum
1774 3102 1952 3158 reges,

2047 1898 2144 1951 καὶ
2177 1896 2352 1951 πάντα
2378 1894 2507 1950 νοῦν
2535 1898 2630 1950 καὶ
2660 1895 2822 1965 λόγον
2849 1898 2946 1952 καὶ
2968 1897 3067 1960 τὰς
3099 1897 3386 1967 αἰσθήσεις
3413 1900 3621 1952 τυποῦν

2050 1989 2145 2042 καὶ
2171 1988 2461 2059 ῥυθμίζειν
2490 1987 2636 2041 κατά
2663 1988 2923 2057 Χριστὸν,
2964 1989 3058 2043 καὶ
3081 1989 3187 2043 ὑπὸ
3208 1990 3301 2043 τὸν
3330 1988 3495 2058 ζυγὸν
3526 1989 3619 2044 τοῦ

2049 2080 2293 2149 Χριστοῦ
2318 2081 2414 2133 τὸν
2448 2079 2820 2150 ἐλαφρότατον
2844 2080 2988 2150 ἔχειν
3009 2082 3103 2136 τὸν
3133 2082 3357 2152 αὐχένα,
3386 2084 3485 2137 καὶ
3521 2100 3624 2152 μη-

2049 2168 2140 2224 δὲν
2173 2170 2441 2241 πράττειν
2468 2171 2622 2240 παρά
2648 2166 2879 2240 γνώμην
2905 2170 3094 2236 αὐτοῦ,
3135 2171 3219 2224 ὅτι
3244 2175 3342 2227 καὶ
3368 2171 3467 2242 τὴν
3497 2171 3624 2226 Ἐκ-

2050 2263 2284 2331 κλησίαν
2330 2260 2496 2316 αὐτοῦ
2548 2260 2644 2316 ιτει
2693 2261 2794 2331 τῆς
2833 2261 3082 2332 κεφαλῆς
3129 2264 3226 2318 καὶ
3268 2263 3365 2317 τοῦ
3394 2263 3625 2334 αὐχένος

2051 2355 2139 2409 διά
2166 2352 2262 2409 τοῦ
2299 2353 2634 2423 Εὑαγγελίου
2683 2353 2925 2421 ἐδέξατο.
2950 2355 3161 2410 Τούτου
3211 2350 3308 2410 οὖν
3336 2358 3627 2427 ἀνεῳγμέ-

2052 2466 2146 2504 νου
2191 2447 2477 2511 τεθέντος,
2518 2447 2629 2501 τῶν
2685 2448 3032 2518 γραμμάτων
3071 2449 3184 2504 τῶν
3220 2449 3384 2521 ἱερῶν
3415 2452 3623 2504 ἐπικει-

2056 2542 2234 2610 μένων
2261 2542 2327 2610 τῇ
2362 2537 2459 2592 τοῦ
2485 2538 2817 2608 τελουμένου
2848 2538 3090 2610 κεφαλῇ,
3138 2542 3167 2595 ὁ
3193 2541 3488 2613 ἀρχιερεὺς
3520 2544 3624 2611 τήν

2053 2633 2279 2702 ’πρώτην
2304 2632 2472 2702 εὐχὴν
2508 2629 2750 2701 εὔχεταιο
2783 2631 2873 2685 ἶνα
2919 2632 2947 2685 ό
2978 2631 3259 2702 Δεσπότης
3296 2634 3390 2687 καὶ
3420 2633 3627 2701 Κύριος

2050 2726 2080 2778 ό
2109 2724 2243 2787 Θεὸς
2276 2722 2435 2793 ήμῶν
2461 2725 2492 2777 ό
2539 2725 2894 2793 καταστήσας
2926 2723 2984 2777 ὲν
3030 2725 3100 2796 τῇ
3140 2724 3441 2797 Ἐκκλησία
3472 2725 3629 2796 πρῶ-

2051 2834 2145 2871 τον
2197 2815 2554 2879 ἀποστόλους,
2588 2815 2844 2886 δεύτερον
2895 2817 3189 2885 προφήτας
3210 2856 3226 2882 ,
3262 2814 3446 2887 τρίτον
3477 2815 3627 2870 διδα-

2054 2911 2311 2974 σκάλους,
2366 2911 2463 2964 καὶ
2515 2907 2586 2962 τὰ
2614 2908 2805 2975 λοιπὰ,
2836 2909 2866 2962 ό
2899 2910 2998 2963 καὶ
3030 2907 3220 2963 τοῦτον
3265 2910 3509 2976 καλέσας
3543 2913 3625 2975 εἰς

2053 3002 2154 3071 τὴν
2181 2999 2579 3073 ἀρχιερατικὴν
2602 2998 2783 3065 ἀξίαν,
2819 2998 2910 3053 διά
2962 2999 3149 3070 χειρὸς
3183 3000 3352 3055 αὐτοῦ
3386 3002 3488 3056 καὶ
3516 3001 3626 3055 τῶν

2054 3092 2259 3147 λοιπῶν
2289 3091 2707 3147 συνεπισκόπων
2759 3092 2826 3160 τῇ
2860 3091 3208 3161 ἐπιφοιτήσει
3242 3093 3339 3147 καὶ
3388 3093 3622 3161 δυνάμει

373 3189 430 3234 et
454 3177 763 3235 sanctiﬂcet
784 3187 844 3233 ut
868 3178 1146 3248 principes
1172 3178 1544 3246 sacerdotum,
1596 3188 1650 3235 et
1716 3194 1784 3234 eo
1835 3181 1955 3236 sine

2058 3182 2155 3239 καὶ
2183 3185 2370 3255 χάριτι
2397 3180 2494 3236 τοῦ
2527 3181 2686 3250 ἀγίου
2736 3180 3054 3252 Πνεῦματος
3080 3181 3370 3254 ὲνισχύσῃ,
3398 3183 3476 3245 ὡς
3501 3184 3628 3241 τοὺς

379 3281 607 3339 peccato
626 3280 679 3326 et
709 3270 917 3324 macula
941 3279 1297 3334 conservato,
1327 3279 1384 3326 et
1402 3271 1724 3341 episcopatu
1759 3281 1958 3327 ornato

379 3364 434 3417 in
469 3363 618 3419 omni
642 3377 853 3416 morum
881 3363 1147 3432 gravitate
1176 3371 1230 3417 et
1262 3364 1555 3418 severitate
1571 3372 1820 3418 sanctum
1872 3362 1958 3419 cf-

378 3453 548 3517 ﬂciat,
589 3463 649 3508 ut
682 3456 917 3525 postulet
946 3469 1069 3524 quae
1097 3454 1164 3509 ad
1195 3455 1379 3524 populi
1408 3455 1638 3510 salutem
1686 3465 1955 3525 spectant,

2059 3275 2390 3337 ἀποστόλους
2434 3272 2709 3341 ινίσχυσε,
2749 3271 2846 3325 καὶ
2892 3271 3202 3342 προφήτας,
3232 3272 3331 3325 καὶ
3357 3273 3522 3347 χρίσῃ
3553 3273 3628 3336 ὡς

2057 3365 2187 3431 τοὺς
2215 3365 2480 3436 βασιλεῖς,
2516 3362 2613 3418 καὶ
2645 3363 2852 3433 ἁγιάσῃ
2904 3361 2980 3427 ὡς
3029 3362 3156 3427 τοὺς
3196 3363 3497 3433 ἀρχιερεῖς,
3533 3364 3627 3418 καὶ

2058 3458 2429 3528 ἀνεπίληπτον
2474 3453 2644 3509 αὐτοῦ
2669 3453 2913 3524 τηρήσας
2941 3453 3043 3524 τὴν
3082 3454 3497 3524 ἀρχιερωσύνην
3530 3472 3635 3508 κα-

370 3515 433 3603 ἰιι
463 3515 542 3602 ad
563 3515 928 3625 obedientiam
957 3515 1059 3615 ipsi
1114 3515 1502 3616 praestandam.
1546 3565 1566 3599 ι
1593 3515 1750 3613 Quod
1799 3515 1955 3618 equi;

2057 3515 2352 3619 τακοσμίῦν
2405 3546 2466 3600 ιν
2518 3547 2669 3618 πάσῃ
2722 3515 3030 3615 ’σεμνότητι
3058 3584 3076 3611 ,
3124 3515 3288 3610 at}th
3327 3515 3584 3617 ἀναόείξῃ
3610 3562 3627 3578 ο

378 3640 499 3695 dem
531 3640 829 3694 maximum
857 3648 940 3695 est
968 3638 1171 3694 donum
1203 3654 1221 3706 ;
1262 3648 1318 3694 et
1341 3653 1528 3694 revera
1552 3638 1792 3692 maxima
1815 3639 1955 3693 dona

2059 3642 2201 3695 ὥστε
2239 3638 2509 3694 αίτεϊσθαι
2562 3637 2630 3691 τὰ
2676 3637 2815 3705 πρὸς
2857 3638 3137 3706 σωτηρίαν
3176 3635 3270 3690 τοῦ
3327 3636 3495 3703 λαοῦ,
3533 3639 3633 3691 καὶ
3738 3654 3743 3659 ·

370 3731 499 3785 .luec
528 3745 685 3784 sacra
717 3731 971 3801 praecatio
1002 3729 1225 3798 praebet,
1256 3745 1379 3784 cum
1414 3729 1594 3784 tradat
1638 3728 1955 3784 ordinando

2060 3729 2362 3784 ὑπακούειν
2396 3725 2563 3781 αὐτὸν
2594 3724 2797 3781 αὑτοῦ·
2829 3724 2859 3778 ὃ
2887 3724 2951 3795 δὴ
2979 3724 3041 3777 τὸ
3077 3726 3334 3795 μέγιστόν
3382 3729 3499 3780 ἐστι

382 3824 756 3891 apostolorum
792 3829 847 3876 et
872 3821 1257 3889 prophetarum
1295 3803 1578 3875 virtutem.
1617 3820 1955 3890 Quapropter

2065 3838 2238 3893 ρημα.
2274 3819 2381 3873 Καὶ
2429 3817 2599 3881 ὅντως
2638 3817 2876 3886 μόγιστα
2909 3815 3033 3869 λίαν
3063 3816 3368 3886 παρέχεται
3417 3817 3567 3887 δῶρα
3599 3819 3632 3887 ή

384 3911 629 3982 episcopi
683 3909 847 3966 donis
909 3909 1099 3981 gratiae
1151 3908 1467 3979 apostolicis
1522 3917 1579 3964 et
1628 3908 1955 3980 propheticis

2066 3912 2187 4012 ίερά
2215 3909 2355 3979 αῦτη
2384 3908 2545 3978 εὐχὴ,
2573 3907 2675 3978 τὴν
2706 3906 2863 3976 ίσχὺν
2892 3905 3001 3958 τῶν
3023 3906 3345 3960 ἀποστόλων
3369 3908 3463 3960 καὶ
3495 3924 3635 3977 προ-

386 4004 666 4060 fruuntur.
711 4003 870 4058 llunc
917 4012 1101 4058 autem
1163 4003 1505 4072 ungendum,
1560 4001 1764 4073 inquit,
1794 4015 1955 4055 rnon

2065 3996 2251 4076 φῆτῶν
2280 4001 2357 4072 τῷ
2378 3999 2846 4072 χειροτονουμένῳ
2882 3996 3122 4052 διδοῦσα.
3153 3997 3246 4049 Διὸ
3276 3999 3370 4050 καὶ
3397 3999 3635 4051 ἀποσεοο

378 4107 542 4157 secus
574 4107 640 4148 ac
666 4106 820 4162 reges
851 4106 867 4156 ;
905 4108 925 4142 ι
953 4090 1210 4158 quoniam
1243 4090 1322 4145 illi
1349 4089 1696 4160 ungebantur
1741 4088 1863 4143 oleo
1910 4098 1966 4143 et

382 4184 577 4253 spiritu
609 4199 625 4250 ;
653 4190 707 4235 et
735 4196 878 4236 nunc
904 4180 1064 4234 etiam
1103 4193 1258 4249 reges
1286 4187 1565 4247 unguntur
1587 4177 1660 4232 ab
1685 4176 1959 4241 Ecclesia,

384 4275 749 4343 principatum
764 4273 831 4326 ah
849 4286 907 4326 ea
932 4271 1312 4341 Suscipientcs.
1329 4267 1580 4340 Episcopi
1609 4285 1826 4341 quoque
1842 4283 1966 4339 pro-

387 4375 508 4436 pter
518 4372 835 4433 potestatem
854 4389 863 4411 ι
886 4371 905 4417 ι
929 4363 1287 4430 principatum
1304 4365 1476 4433 gratia
1497 4362 1737 4432 Spiritus
1754 4374 1968 4430 ungun-

376 4470 519 4515 tur:
550 4476 568 4509 ι
595 4456 907 4510 Constitues
920 4470 1039 4521 eos,
1060 4455 1236 4522 inquit
1253 4454 1558 4524 Scriptura,
1580 4454 1853 4523 principes
1869 4468 1961 4505 su-

2065 4095 2196 4148 λικά
2246 4095 2342 4147 καὶ
2391 4089 2711 4160 προφητικά
2738 4089 3112 4165 οίτάρχιερεῖς
3172 4088 3492 4158 χαρίσματα
3546 4089 3638 4141 κέ-

2070 4203 2324 4256 κτηνται.
2361 4184 2566 4252 Χρίσαι
2609 4182 2669 4235 δὲ
2697 4179 2889 4233 τοῦτον
2921 4181 3086 4248 φησιν
3111 4179 3186 4242 ὡς
3213 4180 3337 4240 τοὺς
3374 4179 3636 4247 βασιλεῖς,

2065 4279 2150 4332 ὅτι
2179 4275 2273 4328 καὶ
2299 4274 2445 4327 οῦτοι
2475 4273 2726 4343 ἐχρίοντο
2750 4272 2918 4341 ελαίῳ
2945 4273 3037 4323 καὶ
3069 4270 3372 4339 Πνεύματι.
3408 4270 3515 4322 Καὶ
3543 4272 3637 4324 νῦν

2064 4368 2112 4420 oi
2156 4365 2393 4432 βασιλεῖς
2435 4365 2683 4435 χρίονται
2712 4367 2861 4435 παρὰ
2896 4365 2997 4433 τῆς
3035 4364 3399 4435 Ἐκκλησίας,
3430 4364 3492 4435 to
3534 4364 3639 4433 ἀρ-

2066 4472 2254 4527 χοντες
2287 4451 2429 4508 εἶναι
2488 4453 2620 4524 παρ’
2650 4455 2819 4522 αὐτῆς
2866 4453 3238 4523 λαμϐάνοντες
3263 4469 3278 4484 '
3315 4453 3410 4506 καὶ
3448 4454 3499 4507 οἱ
3539 4457 3637 4522 ἁρ-

389 4565 486 4619 per
512 4562 730 4603 omnem
761 4556 984 4603 terram.
1022 4566 1039 4598 ι
1067 4545 1384 4602 Sanctiﬁcat
1423 4553 1606 4600 autem
1643 4559 1767 4598 eum
1817 4543 1955 4598 sicut

2067 4520 2272 4619 χιερεῖς
2319 4546 2376 4601 at
2415 4546 2503 4599 διὰ
2560 4520 2661 4617 τὴν
2708 4520 2964 4611 ἐξουσίαν
3013 4546 3111 4598 καὶ
3171 4543 3273 4616 τὴν
3325 4546 3509 4615 ἀρχὴν
3542 4520 3639 4598 τοῦ

391 4640 667 4712 principes
696 4640 1063 4705 sacerdotum,
1094 4647 1149 4693 et
1181 4639 1437 4704 antiquos
1491 4636 1613 4690 illos
1674 4633 1963 4687 Melchise-

391 4735 551 4798 dech,
575 4732 754 4786 Aaron
779 4740 832 4785 et
855 4730 1111 4798 Samuel;
1136 4739 1194 4785 ιιι
1218 4731 1385 4785 etiam
1410 4726 1686 4796 apestolos
1714 4740 1854 4794 quos
1880 4742 1969 4780 sa-

390 4840 516 4883 cros
550 4824 737 4895 gratia:
759 4822 1037 4892 principes
1066 4833 1121 4875 et
1146 4828 1351 4890 mystas
1381 4817 1691 4882 constituit,
1718 4826 1778 4871 ut
1807 4817 1861 4870 in
1887 4818 1967 4870 al-

393 4928 512 4974 tare
535 4931 836 4985 supernum
870 4913 1226 4983 ingrediatur,
1257 4920 1311 4965 et
1331 4911 1546 4978 Agnum
1570 4900 1848 4963 viventem
1872 4924 1965 4963 sa.

393 5014 470 5067 cri
483 5013 625 5077 licet,
643 5018 700 5064 et
713 5024 810 5077 pro
825 5006 1077 5059 omnibus
1092 5004 1415 5073 propitietur
1436 5017 1454 5067 ;
1473 5009 1635 5070 atque
1652 5006 1712 5053 ut
1730 5001 1974 5054 sanctiﬁ-

394 5099 913 5170 catusingrediatur
943 5098 994 5149 in
1029 5096 1229 5149 Sancta
1254 5102 1594 5156 sanctorum,
1628 5100 1821 5160 etquae
1852 5102 1973 5144 vere

395 5205 583 5250 sancta
612 5202 762 5251 sunt,
790 5197 1067 5259 operetur.
1097 5193 1528 5255 permaneatque
1567 5183 1655 5237 Dei
1711 5182 1975 5237 sacerdos

398 5280 898 5350 irreprehensihilis
917 5289 970 5334 et
994 5278 1401 5337 immaculatus.
1430 5276 1579 5331 omni
1631 5275 1865 5345 puritate
1921 5279 1976 5327 ct

398 5391 616 5433 momm
675 5374 942 5443 gravitate
995 5381 1246 5434 ornatus,
1307 5370 1759 5441 demonstretque
1794 5372 1976 5441 linem

400 5482 652 5531 sanctum
682 5470 772 5525 Dci
804 5470 1092 5526 sanctitate
1114 5478 1166 5523 et
1193 5468 1369 5540 gratia
1395 5468 1755 5524 cumulatum.

2068 4639 2433 4706 Πνεύματος,
2494 4638 2560 4706 τῇ
2616 4637 2805 4707 χάριτι
2855 4637 3169 4706 χριόμενοι.
3205 4654 3224 4687 ι
3261 4637 3640 4704 Καταστήσεις

2066 4732 2176 4801 γὰρ
2203 4731 2426 4794 αὖτοὺς,
2463 4729 2656 4798 φησὶν,
2682 4729 2950 4798 ἄρχοντας
2983 4727 3078 4779 ἐπὶ
3112 4727 3293 4780 πᾶσαν
3324 4726 3424 4797 τὴν
3456 4728 3578 4798 γῆν,
3615 4747 3636 4780 ι

2076 4823 2327 4891 Ἀγιάζει
2372 4822 2432 4875 δὲ
2478 4819 2670 4874 τοῦτον
2711 4818 2789 4884 ὡς
2831 4819 2960 4882 τοὺς
3010 4820 3328 4889 ἀρχιερεῖς,
3368 4821 3464 4873 καὶ
3514 4820 3642 4884 τοῦς

2066 4914 2235 4968 πάλαι
2278 4912 2376 4980 μὲν
2412 4910 2657 4972 ἐκείνους
2679 4946 2696 4975 ,
2747 4909 2838 4962 τὴν
2883 4908 3219 4978 Μελχισεδὲκ
3241 4948 3258 4975 ,
3294 4910 3387 4963 τὸν
3426 4910 3642 4981 ’Λαρὼν

2067 5019 2128 5054 τε
2175 5002 2272 5055 καὶ
2325 4997 2605 5068 Σαμουὴλ,
2660 4997 2798 5051 ἀλλά
2848 4996 2942 5051 καὶ
2989 4997 3121 5060 τοῦς
3168 4997 3502 5062 ἀποστόλους
3549 4999 3645 5052 καὶ

2071 5091 2337 5161 ίεράρχας
2389 5088 2492 5154 τῆς
2542 5086 2792 5158 χάριτος,
2844 5086 2988 5156 ὑπὲρ
3016 5087 3106 5140 τὸν
3140 5087 3307 5158 νόμον
3344 5088 3642 5155 καθιστῶν,

2069 5181 2212 5235 ὥστε
2270 5179 2351 5243 είς
2394 5178 2458 5233 τὸ
2508 5178 2625 5234 ἄνω
2677 5179 3073 5255 θυσιαστήριον
3123 5180 3374 5247 εἰσιέναι,
3404 5180 3500 5233 καὶ
3549 5179 3641 5231 τὸν

2070 5273 2247 5338 ζῶντα
2279 5270 2430 5325 θύειν
2464 5271 2659 5341 ἀμνὸν,
2694 5272 2789 5323 καὶ
2833 5270 2976 5342 ὑπὲρ
3004 5271 3227 5326 πάντων
3278 5272 3636 5333 ἱλάσκεσθαι,

2053 5367 2168 5418 ικαὶ
2204 5364 2366 5434 160
2399 5359 2735 5435 ἡγιασμένον
2792 5359 2970 5430 εἶναι,
3023 5364 3101 5428 ὡς
3144 5364 3212 5418 ἂν
3265 5367 3346 5429 εἰς
3380 5365 3446 5418 τά
3475 5363 3644 5429 Ἅγια

2076 5460 2187 5514 τῶν
2235 5461 2408 5529 ἁγίων
2459 5461 2813 5532 εἰσέρχηταιθ
2843 5461 2939 5515 καὶ
2996 5462 3137 5516 αὐτά
3188 5462 3258 5518 τά
3311 5462 3483 5525 ὅντως
3517 5461 3647 5528 ἅγια

401 5569 596 5637 ἐνεργῇ
645 5565 739 5617 καὶ
776 5562 1145 5631 ἀνεπίληπτον
1185 5563 1349 5616 αὑτὸν
1414 5562 1597 5632 μένειν
1646 5546 1813 5631 ἱερέα
1843 5555 2004 5623 Θεοῦ,
2043 5555 2140 5608 καὶ
2183 5557 2672 5625 ,κατακοσμεῖσθαι
2737 5555 2891 5626 πάσῃ
2941 5556 3272 5626 σεμνότητι·
3331 5558 3428 5609 καὶ
3499 5556 3651 5617 τέλος

382 5662 556 5729 -ἒγιον
586 5656 881 5722 ἀναδεῖξαι,
914 5656 1348 5727 πεπληρωμένον
1379 5655 1479 5728 τῆς
1505 5654 1637 5712 Θεοῦ
1671 5653 1961 5724 ἀγιότητός
1988 5667 2048 5704 τε
2086 5656 2179 5705 καὶ
2215 5651 2464 5723 χάριτος.
