4078 6416
367 288 466 351 All

928 423 1181 476 ΚΕΦΛΛ.
1252 419 1365 474 ΣΖ’.

365 560 524 615 Arat!
548 558 654 611 τὸν
669 556 964 625 ἀρχιερέα,
991 580 1009 607 ι
1037 555 1310 609 Δέσποτα
1337 554 1465 623 ἅγιε
1500 574 1518 606 ι
1547 554 1802 623 λέγουσι
1833 554 1933 607 καὶ

636 626 909 695 μεγάλην
934 625 1095 689 αὐτῷ
1126 626 1239 692 τὴν
1264 626 1640 692 ἁγιωσύνην.

435 740 535 794 Διὰ
578 738 737 797 τοῦτο
774 737 883 805 γὰρ
920 738 1051 802 καὶ,
1099 754 1117 787 ι
1155 737 1403 788 Δέσποτα
1439 734 1601 803 ἅγιε,
1638 752 1656 786 ι
1697 735 1791 786 καὶ
1844 749 1938 802 με·

367 836 538 903 γόιλην
586 831 734 900 αὑτῷ
785 833 883 899 τὴν
933 828 1248 896 ἁγιωσύνην
1304 827 1584 895 λέγουσιν,
1624 827 1811 895 ἐπειδὴ
1843 826 1939 878 καὶ

366 920 473 988 τοῖς
503 925 681 985 ἄλλοις
715 923 814 993 μὲν
846 922 1084 990 ἱερεῦσιν
1115 918 1401 987 ἁγιωσύνη
1430 919 1551 970 ἐστί
1582 918 1679 985 τῆς
1713 917 1938 985 χάριτος

367 1011 752 1081 ἁγιαζομένοις
808 1012 866 1060 ἐν
901 1010 1182 1076 [Ινεύματι
1209 1048 1223 1071 ,
1263 1008 1560 1077 ἐξαιρέτως
1615 1008 1671 1060 δὲ
1727 1006 1804 1074 τῷ
1841 1009 1939 1074 ἁρ-

367 1105 557 1170 χιερεῖ,
598 1100 1070 1169 χειροτονουμένῳ
1109 1099 1164 1149 ὲν
1203 1097 1485 1166 Πνεύματι
1518 1098 1679 1168 ἁγίῳ.
1711 1098 1818 1149 Καὶ
1850 1097 1938 1148 τὶν

367 1195 586 1262 βασιλέα
616 1194 671 1245 δὲ
699 1193 871 1262 χρίων
906 1195 933 1244 ό
976 1193 1274 1261 ἀρχιερεὺς
1326 1191 1484 1258 ἅγιον
1518 1189 1893 1259 ἀνακηρύττει
1920 1206 1934 1220 ·

369 1288 495 1341 ἄλλα
528 1287 676 1356 μόνῳ
703 1286 851 1353 λόγῳ
877 1287 944 1355 τῇ
976 1282 1313 1355 ἀνακηρύξει
1343 1284 1480 1352 φησι
1503 1283 1593 1335 διὰ
1626 1284 1692 1334 τὸ
1726 1283 1945 1365 χρίσμα

367 1381 421 1433 τὺ
481 1379 641 1447 ἆγιον
695 1378 790 1430 τοῦ
855 1376 1004 1446 ἱεροῦ
1061 1376 1261 1446 μύρου,
1310 1376 1368 1441 ἐξ
1411 1393 1472 1429 ου
1504 1375 1567 1444 δὴ
1600 1378 1694 1428 καὶ
1736 1377 1935 1435 πάντες

361 1472 541 1523 πιστοὶ
569 1470 834 1539 χρίονται,
881 1472 975 1522 καὶ
1003 1466 1151 1534 ἅγιοι
1208 1467 1591 1536 ὀνομάζονται.
1631 1484 1649 1517 ι
1689 1466 1940 1534 Ἀδελφοὶ

359 1561 529 1629 ἅγιοι,
567 1532 778 1621 ἧαῦλός
815 1532 970 1628 ιρησι,
1001 1532 1251 1628 κλήσεως
1277 1532 1605 1627 ἐπουρανίου
1633 1532 1878 1627 μέτοχοι,
1913 1574 1931 1608 ι

361 1670 467 1723 -ει
497 1640 598 1704 Τὸν
632 1650 896 1719 ἀρχιερέα
922 1649 1310 1715 δὲρόινὰδειξον,
1336 1651 1528 1718 φησιν,
1563 1648 1741 1714 ἅγιον.
1773 1667 1792 1700 ι
1829 1647 1941 1702 Καὶ

356 1740 505 1794 οὕτω
531 1742 825 1810 χειροτονεῖ
851 1742 974 1801 ταῖς
1017 1738 1203 1810 εὐχαῖς
1233 1738 1408 1807 ἆγιον.
1450 1740 1558 1791 Καὶ
1591 1743 1618 1792 ὁ
1652 1741 1750 1809 μὲν
1781 1738 1935 1808 βασι-

359 1833 575 1894 λεὺςιτὰ
594 1833 689 1901 τῆς
713 1831 1012 1901 ἱερωσύνης
1032 1830 1134 1883 ούκ
1179 1830 1315 1901 ἔχει,
1350 1832 1470 1885 οὐδὲ
1488 1835 1556 1886 τὰ
1575 1833 1685 1885 τῶν
1703 1834 1937 1885 ἀποστό-

360 1923 468 1974 λων
496 1922 591 1974 καὶ
619 1922 914 1991 προφητῶν
942 1922 1036 1973 καὶ
1083 1920 1423 1975 διδασκάλων
1451 1923 1771 1992 χαρίσματα
1791 1940 1804 1953 ·
1834 1923 1934 1993 μό-

359 2012 534 2071 νονίδὲ
562 2012 960 2081 ἀναγορεύεται
997 2011 1154 2081 ἅγιος
1188 2014 1255 2083 τῇ
1287 2015 1468 2082 χρίσει
1502 2013 1597 2067 τοῦ
1637 2012 1836 2082 μύρου.
1875 2015 1935 2068 ’0

360 2103 418 2156 δὲ
472 2098 763 2174 ἀρχιερεὺς
820 2103 919 2155 σὺν
980 2102 1166 2165 αὐτοῖς
1216 2106 1330 2167 τοῖς
1385 2105 1696 2175 χαρίσμασι
1730 2106 1825 2159 καὶ
1874 2106 1936 2158 τὸ

362 2198 517 2265 ἇγιος
563 2193 701 2248 εἰναι
730 2194 819 2247 διὰ
849 2194 960 2247 τῶν
994 2194 1170 2263 εὐχῶν
1201 2196 1301 2263 τῆς
1327 2200 1671 2267 χειροτονίας
1715 2198 1933 2269 λαμϐά-

360 2303 476 2341 νει·
525 2286 585 2339 τὸ
619 2286 677 2338 δὲ
722 2286 932 2356 μεῖζον,
985 2287 1075 2338 ἵνα
1134 2286 1230 2337 καὶ
1272 2286 1358 2355 ἐφ’
1388 2282 1470 2350 οἷς
1509 2289 1649 2359 ὑπὲρ
1690 2290 1791 2358 τῆς
1837 2290 1933 2344 τοῦ

360 2380 497 2436 λαοῦ
525 2380 803 2450 σωτηρίας
842 2380 1089 2433 αἰτεῖται
1114 2379 1593 2453 καθυπακούηται.
1639 2384 1826 2439 Ταῦτα
1854 2388 1932 2439 εἰ·

364 2474 542 2543 ρηκὼς
567 2514 583 2541 ,
625 2475 900 2543 ὲκφωνεῖ,
943 2490 962 2525 ι
1002 2473 1129 2526 "Ott.
1163 2474 1423 2545 ἡγίασταί
1463 2492 1560 2527 σου
1606 2478 1667 2529 τὸ
1716 2477 1890 2550 ὄνομα
1916 2519 1932 2547 ,

360 2565 673 2630 δεδόξασταί
705 2582 799 2618 σου
830 2566 863 2636 ἡ
899 2564 1170 2635 βασιλεία’
1216 2585 1235 2617 ι
1272 2567 1357 2619 ὅτι
1392 2567 1551 2637 μόνος
1582 2569 1744 2639 φύσει
1776 2572 1934 2639 ἆγιος

360 2660 388 2709 ό
414 2658 547 2718 Θεὸς
594 2660 691 2708 καὶ
727 2656 1117 2725 δεδοξασμένος
1158 2657 1315 2723 ἐστὶ,
1354 2659 1449 2712 καὶ
1484 2660 1647 2725 αὐτὸς
1677 2663 1705 2715 ό
1759 2663 1934 2731 ἁγιά-

361 2748 468 2812 ζων
502 2748 599 2800 καὶ
627 2748 889 2814 δοξάζων,
924 2750 1020 2802 καὶ
1056 2749 1219 2819 μόνος
1273 2748 1349 2802 ὣν
1393 2750 1649 2820 βασιλεὺς
1683 2755 1778 2807 καὶ
1826 2756 1933 2828 ἀρ-

360 2841 596 2909 χιερεύς.
632 2842 739 2895 Καὶ
782 2841 1066 2906 ὲκςωνῶν,
1119 2843 1353 2911 ἁνυμνεῖ
1395 2843 1492 2906 τὴν
1534 2844 1764 2915 Τριᾶδα,
1800 2853 1934 2919 παρ’

357 2928 424 3001 ἧς
455 2932 633 2985 πάντα
666 2933 922 3000 τελεῖται,
954 2934 1051 2988 καὶ
1099 2930 1167 3005 ἦς
1202 2935 1269 2987 τὰ
1317 2936 1551 2991 τοιαῦτα
1602 2940 1931 3010 δωρήματα.

370 3025 528 3078 Ἀλλὰ
552 3030 647 3078 καὶ
680 3028 713 3097 ἡ
750 3026 1041 3096 ἐπίκλησις
1070 3030 1169 3098 τῆς
1204 3027 1440 3098 Τριὰδος
1471 3031 1548 3093 ὼς
1582 3031 1677 3084 καὶ
1704 3034 1799 3085 ἐπὶ
1838 3032 1931 3085 τοῦ

1394 288 1497 349 DE
1540 288 1809 349 SA‘CRIS
1841 285 2537 350 ()RDINATlONlBUS.

3516 281 3623 345 413

2602 417 2831 473 CAPUT
2871 416 3070 475 CCVII.

2042 556 2220 621 Quare
2262 557 2556 622 cpiscopttm
2584 556 2927 622 alloquentes.
2966 573 2983 605 ι
3013 552 3267 607 Sanctum
3295 553 3567 607 dominum
3601 572 3622 605 ι

2076 638 2379 694 nuncupant
2410 636 2460 679 et
2484 642 2724 695 magnam
2757 626 2836 678 illi
2884 626 3121 679 tribuunt
3153 626 3586 679 sanctimoniam.

2109 739 2341 809 Propter
2390 741 2491 794 hoc
2522 742 2690 804 enim,
2731 759 2749 791 ι
2793 740 3019 793 Domine
3053 754 3264 800 saneto,
3311 757 3329 790 ι
3368 744 3618 808 magnam

2040 831 2235 886 dicunt
2277 847 2402 886 esse
2438 832 2584 885 illius
2617 832 3062 894 sanctimoniam,
3093 831 3534 900 quandoquidem
3570 838 3625 881 et

2041 923 2164 978 aliis
2192 924 2527 994 presbyteris
2559 925 2926 978 sanctimonia
2960 924 3102 977 inest
3139 923 3329 992 gratia:
3377 938 3469 991 per
3506 922 3625 989 Spi-

2039 1017 2208 1071 ritum
2243 1016 2643 1070 sanctiﬁcantis
2669 1056 2685 1081 ,
2748 1019 3051 1086 praesertim
3084 1030 3212 1069 vero
3247 1015 3506 1083 episcopo
3530 1016 3621 1082 qui

2042 1116 2266 1164 sanctus
2301 1111 2607 1163 Ordinatur.
2645 1108 2955 1179 Episcopus
2993 1119 3175 1162 autem
3231 1108 3621 1174 imperatorem

2042 1216 2271 1271 ungens,
2300 1217 2422 1255 cum
2450 1213 2701 1255 sanctum
2729 1204 3052 1270 proclamat,
3088 1202 3179 1255 sed
3218 1201 3385 1255 verbo
3412 1192 3621 1255 tantum

2043 1291 2147 1345 hoc
2178 1308 2271 1361 per
2307 1293 2795 1361 proclamalionem
2850 1293 3001 1356 dicit,
3034 1302 3257 1362 propter
3306 1295 3619 1346 unctionem

2042 1382 2186 1435 sacri
2248 1382 2472 1451 ungenti
2534 1384 2874 1446 chrismatis,
2928 1398 2957 1437 a
3011 1400 3121 1453 quo
3178 1374 3362 1438 ﬁdeles
3431 1397 3623 1437 omnes

2041 1479 2096 1525 et
2158 1482 2443 1542 unguntur
2497 1483 2551 1527 et
2601 1475 2774 1530 sancti
2833 1475 3285 1529 denominantur.
3348 1495 3367 1525 ι
3402 1472 3623 1526 Fratres

2043 1566 2243 1627 sancti,
2300 1566 2478 1634 inquit
2516 1565 2741 1634 Paulus,
2774 1570 3078 1623 vocationis
3108 1568 3348 1622 caelestis
3402 1567 3625 1634 partici-

2044 1670 2162 1723 pes.
2190 1674 2313 1707 i—t
2341 1656 2509 1711 Efﬁce
2538 1658 2713 1723 illum,
2735 1661 2935 1729 inquit,
2954 1664 3270 1731 episcopum
3292 1670 3564 1722 sanctum,
3596 1677 3616 1708 ι

2044 1757 2097 1803 et
2127 1749 2200 1802 ita
2236 1749 2387 1803 illum
2423 1745 2642 1805 ordinat
2690 1752 2947 1820 precibus
3001 1754 3298 1809 sanctitate
3331 1751 3621 1805 donatum.

2040 1837 2342 1908 Imperator
2368 1840 2623 1910 equidem
2651 1858 2774 1912 quae
2801 1852 2931 1897 sunt
2963 1843 3255 1898 sacerdotii
3293 1858 3401 1899 non
3435 1844 3620 1909 habet,

2040 1943 2219 1997 neque
2276 1931 2677 1999 apostolorum,
2714 1935 3108 2003 prophetarum
3136 1972 3152 1998 ,
3205 1943 3299 1988 aut
3327 1933 3610 1989 doctorum

2038 2020 2203 2076 dona.
2237 2021 2424 2077 Solum
2477 2027 2828 2080 renuntiatur
2886 2028 3139 2096 pontifex
3176 2028 3432 2083 unctione
3471 2030 3619 2084 chri-

2039 2113 2234 2168 smatis
2270 2130 2285 2167 :
2321 2129 2509 2168 verum
2537 2115 2829 2186 episcopus
2865 2133 2959 2188 per
3010 2133 3203 2189 preces
3251 2120 3620 2176 ordinationis

2039 2206 2239 2276 accipit
2269 2221 2393 2261 cum
2428 2207 2565 2277 ipsis
2591 2209 2753 2265 donis
2792 2219 2845 2265 et
2877 2219 3130 2266 sanctum
3168 2227 3291 2269 esse
3318 2253 3333 2279 ,
3376 2224 3429 2266 et
3471 2214 3615 2283 quod

2040 2298 2215 2369 majus
2258 2308 2381 2367 est,
2416 2310 2475 2355 ut
2510 2302 2562 2355 in
2597 2303 2665 2357 iis
2713 2319 2833 2373 quae
2863 2320 2961 2374 pro
3023 2306 3259 2375 alicujus
3308 2306 3484 2362 salute
3526 2323 3623 2377 po-

2039 2392 2354 2457 stulaverit;
2383 2394 2729 2451 exaudiatur.
2768 2395 2894 2451 Ha-c
2923 2411 3049 2452 cum
3089 2398 3309 2464 dixerit,
3342 2397 3450 2451 alta
3490 2413 3622 2452 voce

2038 2489 2359 2554 pronuntiat
2407 2489 2675 2543 orationis
2728 2489 3142 2545 conclusionem
3190 2507 3206 2546 :
3269 2508 3288 2541 ι
3347 2492 3616 2557 Quoniam

2037 2578 2439 2633 sanctiﬁcatum
2502 2587 2585 2634 est
2637 2596 2836 2636 nomen
2891 2589 3069 2646 tuum,
3124 2582 3486 2650 gloriﬁcatum
3535 2590 3621 2636 est

2037 2683 2263 2737 regnum
2314 2679 2486 2725 tuum.
2524 2688 2543 2722 ι
2578 2672 2720 2740 Quia
2773 2674 2926 2728 solus
2969 2680 3054 2728 est
3090 2684 3282 2729 natura
3310 2677 3453 2731 Deus
3484 2690 3617 2729 san-

2038 2769 2159 2814 ctus
2185 2798 2201 2825 ,
2242 2768 2295 2816 et
2330 2761 2670 2831 gloriﬁcatus
2731 2782 2746 2820 :
2786 2765 2905 2835 ipse
2962 2782 3177 2836 quoque
3228 2768 3436 2836 estqui
3482 2783 3619 2823 san-

2036 2851 2259 2918 etiﬁcat,
2295 2862 2348 2907 et
2378 2854 2676 2925 gloriﬁcat,
2711 2858 2915 2928 quique
2958 2874 3053 2914 rex
3086 2860 3239 2914 solus
3274 2868 3358 2915 est
3392 2870 3448 2915 et
3491 2863 3615 2931 epi-

2036 2958 2257 3015 scopus.
2280 2946 2475 3002 Postea
2496 2950 2814 3007 exclamans
2845 2951 3032 3006 laudat
3055 2951 3405 3020 Trinitatem,
3443 2970 3473 3007 a
3504 2970 3611 3023 qua

2036 3039 2222 3092 omnia
2280 3049 2698 3108 consecrantur,
2733 3053 2788 3098 et
2847 3046 3005 3114 cujus
3052 3057 3178 3101 sunt
3223 3048 3407 3102 omnia.
3472 3034 3628 3115 ejus?

359 3116 737 3187 βαπτίσματος
776 3120 1155 3190 τελεσιουργεῖ
1198 3124 1294 3175 καί⁹
1321 3124 1561 3180 ἐνταῦθα
1594 3126 1689 3179 καὶ
1732 3131 1791 3182 ὲν
1821 3132 1927 3184 πᾶ,-

2038 3130 2184 3185 modi
2218 3132 2382 3189 dona.
2430 3132 2630 3190 Verum
2664 3139 2809 3192 enim
2842 3155 2973 3193 vero
3006 3139 3293 3197 Trinitatis
3343 3141 3619 3195 invocatio

359 3226 480 3274 σαις
511 3209 687 3281 ίεραῖς
715 3210 989 3276 τ;λεταῖς.·
1022 3268 1025 3271 λ

425 3496 561 3554 Εἶτα
592 3498 743 3571 παρὰ
788 3500 883 3554 τοῦ
915 3500 1133 3573 πρώτου
1163 3502 1273 3557 τῶν
1304 3504 1576 3559 συνόντων
1622 3506 1930 3576 ἀρχιερέων

356 3592 412 3645 αἰ
462 3593 705 3663 αἰτήσεις
755 3594 981 3658 εἰκότως
1018 3594 1273 3664 λέγονται
1302 3636 1317 3663 ,
1349 3598 1492 3651 κατὰ
1528 3597 1718 3651 τοῦτον
1746 3599 1809 3669 δὴ
1838 3599 1930 3651 τὸν

358 3686 583 3761 καιρὸν,
619 3686 759 3755 ὑπὲρ
796 3686 893 3757 τῆς
951 3687 1157 3741 ἄνωθεν
1205 3688 1436 3759 εἰρήνης
1496 3691 1592 3743 καὶ
1646 3690 1929 3761 σωτηρίας

360 3758 652 3841 ἁπάντων,
706 3775 799 3830 τοῦ
840 3778 1279 3849 ἀρχιεπισκόπου
1332 3758 1408 3845 ὡς
1459 3758 1817 3852 ἐνεργοῦντος
1867 3788 1928 3835 τὸ

359 3866 628 3920 θειότατον
671 3864 856 3936 ἔργον,
888 3871 985 3922 καί⁵
1029 3870 1125 3923 τοῦ
1156 3870 1320 3941 ἔργου
1360 3870 1469 3924 τῶν
1500 3872 1704 3942 χειρῶν
1733 3872 1922 3940 αὑτοῦ,

351 3960 450 4029 τῆς
505 3962 837 4031 χειροτονίας
874 3962 1077 4034 δηλαδὴ
1134 3965 1231 4017 καὶ
1283 3963 1379 4018 τοῦ
1435 3982 1923 4037 χειροτονουμενου

352 4049 539 4115 αὐτοῦ,
572 4051 683 4104 τῶν
732 4052 975 4107 εὐσεϐῶν
1023 4071 1083 4108 τε
1119 4055 1388 4126 βασιλέων
1413 4059 1516 4128 τῆς
1554 4060 1791 4127 πόλεως,
1830 4061 1927 4113 καὶ

350 4134 566 4195 πάντων
597 4144 827 4198 πιστῶν⁶
858 4147 953 4200 καὶ
980 4148 1062 4215 τὸ,
1103 4167 1121 4200 ι
1162 4148 1360 4222 Κύριε,
1395 4151 1639 4223 ἐλέησον,
1667 4172 1685 4204 ι
1723 4155 1773 4207 οἰ
1810 4156 1925 4207 λοι-

351 4234 445 4287 ποὶ
475 4234 907 4307 ἀποκρίνονται·
965 4243 1418 4313 μαρτυρουμένου
1471 4244 1566 4298 τοῦ
1612 4244 1800 4317 ἔργου,
1841 4249 1922 4302 ὅτι

351 4328 505 4396 παρὰ
545 4330 763 4382 πάντων
796 4330 1035 4384 τελεῖται
1069 4334 1335 4405 ἰεράρχης
1363 4352 1377 4367 ’
1409 4339 1513 4401 καὶ
1545 4339 1749 4403 πάντες
1783 4358 1922 4411 συμ-

2041 3232 2101 3277 ut
2136 3225 2188 3278 in
2226 3225 2573 3295 baptismate,
2606 3230 2679 3285 ita
2708 3240 2759 3286 et
2791 3232 2901 3297 hic,
2948 3242 3000 3286 et
3038 3222 3107 3287 in
3141 3234 3398 3303 omnibus
3443 3237 3620 3289 sacris

2042 3318 2343 3385 mysteriis,
2393 3335 2579 3376 sacras
2642 3320 2985 3378 initiationes
3046 3334 3103 3379 et
3168 3329 3618 3381 consecrationt-s

2039 3417 2319 3478 operatur.

2109 3520 2380 3594 Deinceps
2432 3527 2747 3595 rogationes
2787 3544 2855 3585 eo
2902 3540 3142 3600 tempore
3175 3548 3202 3585 a
3260 3534 3439 3603 primo
3480 3550 3606 3589 con-

2038 3627 2384 3686 gregatorum
2417 3620 2798 3689 episcoporum
2830 3622 3027 3675 merito
3068 3620 3332 3677 dicuntur
3392 3640 3489 3692 pro
3524 3644 3614 3678 su-

2037 3722 2203 3777 perna
2236 3723 2388 3777 pace,
2421 3720 2477 3764 et
2525 3712 2772 3764 ornnium
2819 3712 3015 3778 salute,
3064 3728 3164 3783 pro
3197 3716 3614 3786 archiepiscopo

2035 3801 2183 3853 velut
2212 3810 2474 3869 operante
2504 3803 2905 3858 divinissimum
2930 3820 3069 3875 opus
3109 3825 3123 3862 :
3148 3815 3203 3861 et
3231 3823 3328 3876 pro
3349 3810 3613 3879 operibus

2038 3903 2298 3942 manuum
2339 3888 2481 3957 ejus,
2516 3892 2862 3969 ordinatione
2893 3896 3141 3965 scilicet;
3178 3914 3276 3967 pro
3310 3900 3429 3968 ipso
3474 3914 3612 3969 quo-

2035 3995 2142 4050 que
2164 3980 2493 4046 ordinando,
2525 3991 2580 4037 et
2607 3966 2712 4052 piis
2747 3985 3173 4052 imperatoribus
3204 4003 3221 4055 ;
3253 3966 3350 4057 pro
3396 3966 3530 4045 urbe
3558 4000 3612 4044 ct

2033 4074 2292 4130 omnibus
2349 4074 2620 4131 ﬁdelibus.
2682 4074 2897 4146 Reliqui
2949 4080 3283 4148 respondent
3316 4097 3331 4134 :
3360 4098 3379 4131 ι
3424 4080 3611 4151 Κδντιιι,

2033 4164 2262 4222 eleison.
2307 4186 2327 4220 ι
2365 4167 2482 4237 ipso
2536 4169 2682 4223 facto
2736 4178 2972 4227 teStante
3020 4187 3143 4226 eum
3214 4173 3283 4227 ab
3353 4177 3612 4229 omnibus

2032 4260 2352 4329 episcopum
2385 4262 2733 4330 consecrari;
2767 4278 2959 4319 omnes
3008 4265 3154 4319 enim
3205 4267 3446 4335 episcopi
3483 4284 3609 4322 cum

2033 4353 2446 4422 archiepiscopo
2478 4356 2877 4415 consentiunt.
2936 4363 2990 4410 et
3044 4356 3502 4427 coriiprecaittur,
3558 4372 3611 4416 τι

351 4417 590 4484 φωνοῦσι
621 4419 698 4489 τῷ
718 4422 1135 4495 ἀρχιεπισκόπῳ
1167 4427 1263 4477 καὶ
1299 4429 1653 4498 συνεύχονται
1676 4436 1768 4484 καὶ
1796 4449 1919 4501 συγρ

351 4511 751 4533 ..-.--_-___3_,__
784 4532 791 4533 ,
824 4515 914 4533 DA-
966 4515 1004 4533 κο
1062 4516 1076 4533 1
1288 4520 1309 4533 υ
1403 4520 1417 4533 ι
1502 4522 1513 4533 ι
1627 4523 1638 4533 ι
1867 4527 1876 4533 .

2033 4444 2377 4507 coordinant,
2423 4460 2544 4499 cum
2610 4446 2773 4500 simul
2833 4448 3158 4518 contingant
3215 4438 3608 4521 suscipienttm

350 4511 753 4578 χειροτονοῦσιν
777 4515 926 4584 αὐτῷ
957 4515 1007 4567 oi
1053 4516 1366 4587 ἀρχιερεῖς⁹
1400 4520 1522 4572 ἐπεὶ
1554 4523 1649 4575 καί
1680 4527 1923 4593 συνεφά-

2033 4534 2456 4591 ordinationem.
2497 4536 2610 4591 lloc
2658 4547 2837 4592 autem
2873 4540 2931 4591 lit
2972 4511 3054 4592 inv
3087 4541 3200 4595 sola
3238 4511 3481 4611 episcOpi
3512 4560 3625 4595 o.---

351 4614 575 4654 πτονται
622 4602 720 4655 τοῦ
750 4606 852 4675 τὴν
892 4609 1230 4677 χειροτονίαν
1290 4609 1580 4680 δεχομένου
1612 4628 1627 4643 ·
1678 4614 1838 4668 τοῦτο
1869 4616 1926 4668 δὲ

348 4690 409 4742 ἐν
440 4694 573 4760 μόνῃ
607 4693 914 4747 ἐπισκόπου
951 4698 1265 4769 χειροτονίᾳ
1300 4700 1534 4754 τελεῖται
1566 4717 1577 4730 ·
1625 4706 1720 4756 καὶ
1751 4706 1835 4758 ὃτι
1863 4710 1926 4763 ἐν

346 4782 571 4853 τοιαύτῃ
601 4785 836 4857 μεγίστῃ
872 4788 1052 4858 δωρεᾷ
1091 4791 1185 4842 καὶ
1221 4794 1565 4865 ἐπιφοιτήσει
1615 4798 1710 4850 τοῦ
1767 4798 1915 4853 Θείου

350 4874 664 4943 Πνεύματος
690 4876 772 4929 δεῖ
798 4881 1017 4934 πάντων
1054 4885 1371 4955 μεμνῆσθαι
1419 4889 1528 4942 τῶν
1570 4893 1798 4957 πιστῶν,
1835 4893 1921 4945 ἵνα

330 4963 579 5043 τύχωσιν
628 4968 807 5030 ἐλέους
852 4972 947 5022 καὶ
986 4973 1262 5043 σωτηρίας
1299 4976 1396 5030 καὶ
1432 4978 1677 5047 χάριτος.
1725 4980 1783 5033 Ὀ
1820 4982 1919 5053 ἀρ-

341 5053 704 5123 χιεπίσκοποξ
724 5059 782 5111 δὲ
810 5062 908 5132 τὴν
942 5067 1102 5134 χεῖρα
1122 5066 1262 5136 ἔχων
1293 5070 1678 5143 ἐπικειμένην,
1711 5073 1785 5138 ὡς
1814 5076 1915 5147 τὴν

341 5155 713 5226 σκεπαστικὴν
748 5157 843 5210 καί
892 5162 1472 5233 φρουρητικὴνχάριν
1512 5163 1785 5233 δηλοῦσαν
1816 5166 1911 5219 τοῦ

338 5243 496 5309 Θεοῦ,
531 5238 628 5299 κάξ
674 5250 772 5318 τὴν
795 5249 905 5317 ⁵τοῦ
953 5252 1114 5321 ἁγίου
1157 5253 1475 5326 Πνεύματος
1514 5238 1816 5327 ἐπιδημίαν
1852 5276 1912 5311 τε

337 5337 427 5387 καὶ
459 5337 736 5408 ἐνέργειαν
764 5341 876 5412 ,κάὶ
914 5344 1230 5400 ὲπισκίασιν
1263 5348 1582 5417 γινομένην,
1621 5351 1825 5419 μᾶλλον
1852 5350 1910 5404 δὲ

336 5433 757 5502 κατασκήνωσιν
804 5437 862 5488 ἐν
917 5437 996 5506 τῷ
1063 5426 1534 5511 χειροτονουμένίρ
1586 5445 1686 5513 τῆς
1742 5447 1908 5513 χάρι-

334 5535 443 5585 τος,
484 5523 621 5591 μετὰ
645 5525 744 5588 τὰς
767 5526 1220 5601 αίτήσεις,εὐθὺς
1248 5533 1343 5584 καὶ
1377 5535 1477 5603 τὴν
1498 5534 1759 5608 δευτέραν
1784 5539 1908 5589 ἐπι-

330 5611 490 5681 φέρει
524 5614 707 5686 εὐχὴν,
742 5617 843 5687 τὴν
890 5622 1052 5689 χεῖρα
1109 5620 1252 5692 ἔχων
1301 5623 1391 5676 ἀεὶ
1442 5627 1801 5697 ἐπικειμένην
1835 5634 1901 5700 τῇ

328 5702 421 5759 τοῦ
456 5710 963 5800 χειροτονουμςνου.
992 5712 1248 5787 κεφαλῇ·
1279 5715 1458 5786 δηλῶν
1483 5758 1499 5787 ,
1548 5717 1625 5785 ὡς
1684 5722 1901 5793 ὅσαπερ

2028 4626 2348 4694 dinatione;
2387 4612 2643 4698 quoniam
2681 4629 2734 4682 in
2776 4633 2876 4683 hac
2909 4631 3145 4684 maxima
3201 4631 3515 4699 donatione,
3550 4642 3606 4685 et

2029 4715 2269 4787 Spiritus
2306 4720 2398 4775 Dei
2455 4721 2774 4776 accessione
2826 4723 3068 4776 omnium
3105 4724 3345 4778 ﬁdelium
3402 4740 3606 4779 memo-

2028 4811 2163 4863 riam
2205 4826 2364 4881 agere
2417 4822 2669 4880 Oportet,
2730 4822 2786 4866 ut
2827 4814 3285 4879 misericordiam,
3341 4817 3601 4880 salutem,

2023 4908 2079 4953 et
2103 4904 2332 4967 gratiam
2359 4913 2786 4970 consequantur.
2808 4902 3265 4973 Arcbiepiscopus
3288 4894 3469 4967 autem
3490 4922 3604 4959 nta-

2024 5006 2152 5045 num
2196 4994 2361 5047 habet
2410 4994 2723 5063 impositam
2751 5036 2765 5060 ,
2810 5006 2867 5047 ut
2918 4996 3149 5063 gratiam
3202 4996 3293 5050 Dei
3331 4997 3602 5065 signiﬁcet

2022 5085 2432 5151 protectricem,
2459 5093 2514 5140 et
2544 5087 3029 5150 conservatricem,
3066 5097 3122 5139 et
3146 5088 3321 5142 sancti
3359 5088 3600 5157 Spiritus
3658 5118 3661 5119 ν

2021 5177 2312 5230 adventum
2342 5178 2667 5233 etvirtutem
2693 5218 2709 5244 ,
2736 5189 2789 5231 et
2816 5178 3292 5235 obumln-ationem
3316 5189 3428 5235 tum
3459 5183 3597 5251 ﬁeri,

2018 5267 2199 5334 potius
2231 5284 2360 5323 vero
2406 5270 2598 5339 gratiae
2641 5269 2696 5323 in
2753 5270 3062 5326 ordinando
3116 5272 3594 5332 inbabitationetn.

2016 5357 2283 5414 Recitatis
2339 5362 2743 5430 rogationibus,
2785 5364 2970 5418 statim
3025 5364 3092 5418 ad
3146 5348 3441 5422 secundam
3474 5384 3600 5439 pro-

2013 5453 2258 5518 greditur
2302 5453 2633 5518 orationem,
2677 5469 2900 5510 manum
2931 5471 3150 5527 semper
3187 5459 3396 5515 habens
3428 5463 3596 5529 capiti

2012 5543 2159 5598 illius
2193 5546 2285 5613 qui
2326 5542 2616 5599 ordinatur
2670 5547 3009 5618 impositam.
3044 5549 3160 5616 Qua
3190 5554 3401 5620 ratione
3429 5553 3589 5608 docet

2010 5650 2350 5706 quaecunque
2421 5646 2678 5705 precatur
2726 5639 2974 5695 efﬁcacia
3031 5657 3190 5707 esse.
3251 5657 3300 5697 et
3334 5659 3431 5706 ea,
3496 5646 3590 5712 qui

2011 5743 2211 5813 manus
2246 5728 2597 5798 impositione
2643 5730 2903 5802 donatur,
2956 5735 3223 5807 accipere.
3268 5734 3455 5791 Oratio
3493 5754 3592 5792 au-
