4078 6470
342 376 345 377 ν
382 311 489 372 423

1170 311 1553 373 SYMEONIS
1584 310 2350 381 TllESSALDNlCENSIS
2391 324 2746 385 ARCHIEP.

3537 324 3645 390 £24

378 428 529 482 tione
567 440 799 496 operum
854 433 1003 479 tanta
1062 424 1429 479 admiratione
1481 436 1535 479 ct
1588 433 1814 495 stupore
1871 426 1957 480 di-

2073 431 2241 485 τοίνυν
2273 438 2690 506 κηρυσσομὲνου
2712 480 2724 499 ,
2761 440 2853 491 καὶ
2885 439 2987 508 τῆς
3023 439 3292 509 μυστικῆς
3329 442 3518 504 Gustu;
3554 446 3645 495 ὲκ-

380 519 793 589 gnissimorum.
831 515 1125 586 Evangelio
1157 517 1323 585 igitur
1382 516 1712 586 praedicam,
1753 527 1809 571 et
1848 532 1963 588 my-

380 613 520 667 stico
550 610 827 665 sacriﬁcio
884 610 1136 665 confecto
1192 610 1260 664 ab
1316 609 1611 677 EVangclio
1665 626 1840 678 usque
1893 610 1961 664 ad

383 715 594 773 tempus
625 720 734 774 quo
786 711 919 759 sunt
974 686 1267 756 exaltanda
1306 701 1568 770 mysteria
1601 700 1784 753 divina
1815 739 1830 766 ,
1884 700 1965 754 sic

380 796 509 851 facit
555 804 781 865 propter
830 810 894 849 ea
928 808 1049 863 quae
1080 792 1224 846 dicta
1273 802 1423 853 sunt,
1461 789 1722 859 quoniam
1776 804 1963 843 sacro-

383 902 503 939 rum
554 887 803 955 operatio
842 886 1149 940 Salvatoris
1181 884 1355 938 nostri
1390 897 1530 951 opus
1586 889 1692 944 est,
1745 890 1798 934 et
1848 881 1966 950 ipse

383 989 467 1033 est
498 980 592 1048 qui
630 994 726 1048 per
762 994 864 1032 nos
910 977 1225 1031 sacerdotes
1257 981 1312 1029 et
1357 988 1544 1029 servos
1577 989 1705 1028 suos
1758 974 1966 1025 sacriﬁ-

384 1080 475 1122 cat
505 1079 556 1124 et
586 1072 952 1124 sacriﬁcatur.
986 1069 1030 1120 Α
1064 1064 1337 1136 principio
1390 1072 1570 1117 autem
1624 1062 1805 1115 missae
1835 1065 1965 1115 etin

388 1162 724 1215 exultatione
755 1160 925 1214 divini
958 1158 1115 1227 panis
1141 1195 1158 1221 ,
1203 1165 1257 1211 et
1311 1155 1365 1207 in
1415 1152 1880 1231 ordinationibus,
1914 1162 1970 1207 et

395 1252 450 1306 in
483 1254 609 1307 aliis
660 1254 835 1307 sacris
889 1250 1186 1321 mysteriis,
1238 1247 1531 1316 episcopus
1595 1260 1851 1314 semper,
1910 1252 1968 1298 ut

386 1344 593 1398 dictum
643 1355 764 1411 est,
814 1344 981 1413 pallio
1031 1341 1101 1393 ab
1159 1337 1409 1392 humeris
1459 1336 1513 1389 in
1568 1336 1756 1391 orbem
1836 1334 1959 1389 cin-

388 1435 554 1504 gitur.

974 1546 1203 1602 CAPUT
1245 1542 1406 1601 CCX.

391 1664 533 1731 Quid
584 1678 683 1716 eoa:
732 1660 957 1729 Dignus,
995 1676 1153 1729 quam
1193 1674 1353 1728 super
1394 1658 1692 1712 ordinando
1728 1672 1972 1731 pronunf

460 1735 590 1787 tiunt
614 1749 632 1786 :
656 1745 700 1785 et
726 1733 851 1797 quid
883 1732 1121 1782 osculum
1158 1745 1329 1783 sacra:
1359 1744 1573 1794 meum,
1598 1740 1771 1798 etquo
1804 1729 1967 1793 primi

455 1803 682 1869 episcopi
732 1801 971 1853 dextram
1019 1815 1337 1869 genamque,
1399 1807 1450 1851 et
1511 1810 1828 1854 cwterorum
1863 1814 1965 1851 ora

457 1873 755 1927 osculatur.

467 1986 625 2054 Quod
684 1985 849 2040 etiam
909 1994 1039 2038 tunc
1088 1982 1383 2039 ordinatus
1415 1998 1444 2036 a
1476 1982 1657 2054 primo
1713 1981 1971 2051 episcopo

388 2082 689 2149 accipiens,
724 2078 924 2131 collum
959 2075 1229 2141 induitur,
1264 2084 1319 2129 et
1355 2076 1557 2146 dignus
1597 2061 1969 2138 renuntiatur,

390 2180 580 2241 utp0te
613 2185 642 2223 a
674 2170 787 2223 Deo
834 2167 1034 2237 dignus
1060 2166 1315 2231 eﬂ'ectus,
1344 2175 1398 2221 et
1421 2166 1547 2220 talis
1577 2166 1645 2220 ab
1681 2164 1891 2232 angelis
1918 2173 1970 2218 et

389 2264 711 2320 hominibus
759 2260 1038 2329 cognitus,
1076 2268 1241 2328 atque
1274 2259 1331 2313 in
1384 2266 1663 2327 posterum
1700 2254 1972 2326 obligatus

386 2356 541 2425 operi
585 2352 857 2420 condigne
894 2360 950 2405 et
975 2350 1285 2405 condecore
1315 2352 1502 2403 vivere
1530 2356 1583 2403 et
1625 2347 1970 2411 conversari,

388 2458 443 2502 et
487 2461 558 2501 eo
607 2445 831 2515 dignum
872 2441 1042 2497 veluti
1097 2440 1358 2511 precibus
1393 2447 1448 2495 et
1480 2439 1626 2494 votis
1679 2445 1970 2507 acceptum

385 2551 509 2593 sese
551 2537 815 2607 praebere.
858 2534 1057 2587 Postea
1091 2546 1216 2587 eum
1249 2530 1531 2586 osculatur
1576 2529 1829 2600 pontifex
1857 2568 1873 2595 ,
1909 2537 1971 2583 ut

388 2636 611 2698 propter
665 2623 855 2694 gratia:
908 2621 1345 2693 magnitudinem
1398 2622 1503 2678 sibi
1537 2622 1873 2685 amabilem,
1917 2628 1971 2675 et

387 2735 484 2790 per
512 2720 691 2787 ipsum
719 2715 914 2785 aequali
958 2716 1169 2771 honore
1194 2716 1516 2780 fruentem,
1564 2722 1619 2783 et
1660 2715 1713 2767 in
1746 2712 1973 2769 Christo

386 2808 791 2867 sanctiﬁcatum
818 2815 872 2861 et
913 2808 1154 2861 unitum.
1187 2802 1306 2875 Ipse
1326 2820 1547 2876 quoque
1570 2818 1787 2860 sacram
1820 2819 1973 2858 men-

388 2918 507 2958 sam
537 2903 829 2957 osculatur
853 2937 870 2964 ,
898 2914 1019 2954 eam
1048 2908 1106 2952 ut
1126 2898 1315 2968 gratiae
1342 2896 1613 2951 ofﬁcinam
1667 2899 1969 2962 honoratis,

389 2995 445 3048 in
483 3008 591 3063 qua
635 3003 687 3046 et
720 2998 1077 3046 consecratus
1115 2999 1223 3054 est,
1272 2999 1325 3041 et
1356 2987 1762 3042 ordinationem
1815 3000 1974 3040 acce-

2062 522 2394 595 τελουμὲνης
2432 529 2539 579 ἀπὸ
2570 529 2665 581 τοῦ
2704 530 3033 597 Εὑαγγελίου
3067 530 3195 600 ἄχρι
3251 532 3344 584 καὶ
3373 532 3466 585 τοῦ
3501 535 3637 601 μέλ-

2064 612 2179 669 λειν
2210 615 2379 685 ὑψοῦν
2408 619 2478 671 τά
2511 618 2630 672 θεῖα
2667 621 2963 691 μυστήρια,
2997 621 3139 674 οὕτω
3171 622 3236 692 δὴ
3278 624 3421 676 ποιεῖ
3451 624 3538 678 διὰ
3573 627 3643 678 τὰ

2067 708 2442 776 προειρημένα
2465 724 2478 739 °
2517 712 2597 763 ὅτι
2633 711 2727 764 καὶ
2766 713 2799 781 ἡ
2838 712 3120 782 ἱερουργία
3155 714 3315 784 ἔργον
3349 715 3515 768 αὑτοῦ
3547 717 3643 769 τιιῦ

2067 798 2322 868 Σωτῆρος
2364 802 2526 871 ἡμῶν
2553 818 2567 833 ο
2607 804 2702 855 καὶ
2744 804 2903 867 αὐτὸς
2943 808 2970 857 6
3010 804 3077 856 δι’
3106 806 3263 873 ἡμῶν
3304 806 3412 858 τῶν
3454 807 3647 878 ίερίιμν

2066 889 2230 943 αὐτοῦ
2283 893 2376 944 καὶ
2420 892 2625 946 δούλων
2684 894 2985 964 ἱερουργῶν
3030 902 3123 948 καὶ
3175 897 3647 967 ἱερουργούμενοτ.

2082 978 2170 1042 Ἐξ
2196 982 2371 1051 ἀρχῆς
2399 982 2455 1035 δὲ
2480 983 2581 1052 τῆς
2613 984 2984 1054 λειτουργίας,
3017 988 3111 1039 καὶ
3138 989 3197 1039 ὲν
3223 992 3287 1058 τῇ
3319 988 3524 1056 ὑψώσει
3553 990 3647 1041 τοῦ

2068 1069 2212 1124 θείου
2244 1073 2410 1142 ἄρτου
2430 1078 2573 1159 tua).
2603 1078 2721 1137 ταῖς
2752 1078 3116 1147 χειροτονίαις
3138 1117 3153 1142 ,
3187 1083 3279 1132 καὶ
3308 1083 3423 1142 ταῖς
3458 1080 3648 1143 ἄλλαις

2070 1165 2242 1231 ἱεραῖς
2269 1166 2547 1231 τελεταῖς,
2582 1168 2811 1222 πάντοτε
2842 1169 2951 1223 ἀπὸ
2981 1169 3089 1223 τῶν
3120 1169 3285 1240 ὤμων
3316 1173 3501 1243 κύκλῳ
3520 1213 3535 1238 ,
3568 1173 3646 1236 ὡς

2070 1254 2312 1327 εἴρηται,
2346 1257 2506 1313 τοῦτο
2535 1260 2928 1331 περιϐάλλεται
2957 1263 2984 1315 6
3010 1263 3328 1334 ἀρχιερεύς.
3386 1266 3391 1273 ’

2653 1552 2911 1608 ΚΕΦΑΛ.
2952 1551 3055 1609 ΣΡ.

2071 1662 2137 1719 Τί
2176 1666 2242 1717 τὸ
2274 1665 2458 1729 Ἄξιος
2486 1664 2586 1719 ἐπὶ
2624 1664 2705 1731 τῶ
2741 1668 3251 1734 χειροτονουμένη)
3291 1667 3647 1734 λεγόμενον,

2142 1734 2249 1811 καί
2362 1733 2953 1811 ἁσπᾳσμὸςᾼῖῆςτε
2996 1733 3646 1811 ἱερᾶς-τραπέζης’,μκαξ

2141 1804 2250 1858 τοῦ
2280 1804 2601 1881 ἀρχιερέως
2624 1804 2732 1881 τοῦ
2764 1804 3000 1881 πρῴτορ
3028 1804 3197 1881 ἐν’-τῆ
3226 1805 3419 1881 (Σεξιᾷ-
3446 1806 3546 1859 “al
3575 1804 3649 1875 τᾶ

2142 1874 2375 1941 παρειᾷ,
2409 1874 2506 1942 καὶ
2534 1874 2654 1928 τῶν
2690 1874 2925 1928 λοιπῶν
2948 1876 3021 1928 ἐν
3047 1875 3126 1939 τῷ
3153 1875 3427 1944 στόματι.

2142 1985 2326 2056 Ὅπερ
2360 1986 2425 2057 δὴ
2463 1985 2558 2040 καὶ
2588 1987 2711 2042 τότε
2746 1986 3147 2058 χειροτονηθεὶς
3171 2026 3186 2053 ,
3220 1986 3537 2041 ἐπενδύεται
3569 1987 3647 2058 τῷ

2071 2079 2329 2148 τραχήλῳ
2378 2080 2533 2149 παρά
2575 2079 2672 2133 τοῦ
2725 2077 2942 2149 πρώτου
2991 2080 3248 2150 ίεράρχου
3305 2078 3507 2144 λαϐὼν,
3554 2084 3649 2134 καὶ

2071 2168 2461 2238 ἀναγορεύεται
2496 2169 2681 2236 ἄξιος,
2711 2170 2788 2232 ὡς
2825 2171 2978 2240 παρά
3011 2171 3148 2225 Θεοῦ
3188 2171 3428 2239 γεγονὼς
3462 2172 3609 2237 ἄξιος
3631 2212 3649 2237 ο

2071 2260 2165 2312 καὶ
2199 2260 2441 2327 γνωστὸς
2475 2258 2551 2313 ὥν
2587 2263 2701 2324 τοῖς
2735 2262 2990 2329 ἀγγέλοις
3024 2264 3119 2315 καὶ
3149 2266 3261 2325 τοῖς
3296 2263 3608 2333 ἀνθρώποις
3628 2302 3646 2330 ,

2071 2352 2167 2403 καὶ
2201 2352 2369 2427 ἀξίως
2401 2351 2496 2405 τοῦ
2538 2351 2700 2423 ἔργον
2733 2353 2963 2421 ὀφείλων
2995 2354 3371 2407 πολιτεύεσθαι
3396 2392 3417 2422 ,
3449 2357 3543 2409 καὶ
3571 2355 3649 2419 ὡς

2071 2442 2236 2514 εὐχὴν
2267 2443 2427 2498 τοῦτο
2461 2445 2756 2515 δεχόμενος
2791 2447 2943 2513 ἄξιος
2978 2440 3140 2502 εἶναι.
3175 2442 3309 2501 Εἶτα
3345 2448 3651 2514 ἀσπάζεται

2072 2533 2263 2585 τοῦτον
2301 2536 2329 2587 6
2376 2535 2656 2606 ίεράρχης,
2699 2537 2775 2600 ὡς
2819 2537 3046 2607 ὲραστδν
3084 2537 3233 2607 αὐτῷ
3274 2537 3362 2590 διά
3399 2537 3461 2590 τὸ
3506 2538 3647 2605 μέγα

2071 2623 2172 2693 τῆς
2200 2627 2422 2695 χάριτος
2452 2626 2549 2679 καὶ
2567 2627 2642 2690 ὡς
2672 2628 2916 2698 ὁμοταγῆ
2944 2628 3012 2682 δι’
3037 2629 3226 2693 αὑτοῦ,
3255 2633 3349 2682 καὶ
3379 2631 3646 2699 ἡγιασμέ-

2072 2732 2161 2769 νον
2188 2717 2246 2768 ὲν
2274 2717 2494 2788 Χριστῷ
2519 2719 2612 2771 καὶ
2636 2719 2913 2790 ἡνωμένον
2933 2734 2948 2748 '
2979 2722 3070 2775 xui.
3096 2720 3257 2783 αὐτὸς
3271 2720 3348 2787 δὲ,
3371 2722 3472 2791 τὴν
3499 2724 3651 2792 ἱεράν

2071 2806 2354 2879 τράπεζαν
2383 2809 2772 2878 ἀσπασάμενος
2796 2853 2811 2877 ,
2846 2810 3021 2880 τιμῶν
3054 2811 3225 2882 αὐτὴν
3255 2812 3331 2876 ὠς
3357 2813 3461 2881 τῆς
3492 2816 3650 2884 χάρι-

2071 2918 2163 2963 τος
2193 2904 2586 2972 ἐργαστήριον,
2618 2905 2677 2956 ὲν
2797 2905 2892 2956 καὶ
2920 2904 3249 2970 τετέλεσται,
3282 2909 3375 2958 καὶ
3404 2909 3504 2977 τὴν
3532 2924 3648 2977 χει-

2072 2993 2322 3064 ροτονίαν
2346 2993 2582 3058 ἐδέξατο,
2607 2998 2703 3046 καὶ
2724 3000 2823 3063 την
2852 2997 3315 3067 χειροτονήσασαν
3341 3000 3646 3063 ἀσπάζεται

390 3087 490 3157 pit.
545 3082 850 3139 Osculatur
881 3080 1049 3135 etiam
1101 3077 1381 3134 dexteram
1427 3093 1551 3149 quae
1587 3078 1768 3147 ipsum
1817 3077 1966 3132 ordi-

2073 3085 2273 3151 δεξιὰν,
2308 3084 2384 3147 ὥς
2423 3087 2515 3137 καὶ
2554 3084 2723 3153 αὐτὴν
2758 3086 3100 3155 ήγιασμένην
3137 3090 3231 3140 καὶ
3271 3089 3648 3157 κεχαριτωμέ-

390 3176 586 3240 navit,
625 3172 786 3243 quasi
840 3180 897 3226 et
951 3171 1068 3240 ipsa
1126 3169 1199 3250 sit
1257 3169 1628 3234 sanctiﬁcata,
1688 3178 1745 3223 et
1797 3170 1968 3239 gratia

391 3266 656 3329 abundet,
691 3278 922 3331 eamque
961 3261 1410 3315 communicandi
1438 3261 1528 3329 jus
1563 3259 1785 3323 habeat,
1815 3260 1973 3314 item.

390 3372 500 3429 que
530 3353 848 3429 pertiCtendi
893 3361 948 3409 et
996 3351 1361 3409 consecrandi
1405 3366 1503 3421 per
1538 3350 1805 3421 Spiritum
1843 3366 1974 3405 san-

390 3460 566 3516 ctum,
602 3456 657 3503 et
692 3446 1127 3503 benedictionem
1159 3444 1447 3516 largiendi,
1479 3444 1777 3514 divinaque
1830 3445 1973 3498 dona

393 3536 784 3604 distribuendi,
847 3550 943 3607 per
974 3550 1140 3607 quam
1174 3544 1229 3590 et
1260 3537 1377 3605 ipse
1422 3534 1711 3589 ordinatus
1739 3542 1827 3589 est
1864 3534 1976 3605 epi-

391 3646 591 3702 scopus
620 3668 638 3695 ,
668 3640 724 3685 et
756 3636 1198 3699 consummatus.
1252 3626 1546 3681 Osculatur
1569 3627 1794 3696 insuper
1841 3640 1976 3696 pon-

392 3722 560 3779 tiﬁcis
593 3737 790 3793 genam
839 3730 897 3775 ut
925 3721 1199 3777 sermonis
1253 3720 1718 3787 instrumentum,
1760 3727 1819 3773 ut
1853 3712 2003 3790 pre;

304 3848 311 3853 -
388 3831 517 3871 cum
580 3807 891 3869 ministram
917 3851 933 3880 ,
967 3820 1134 3883 atque
1165 3814 1328 3868 etiam
1368 3820 1593 3882 propter
1646 3811 1974 3866 charitatem

364 3920 441 3979 ,οι
499 3912 786 3965 unionem.
837 3907 1005 3963 Amat
1061 3907 1211 3962 enim
1251 3916 1309 3961 et
1348 3906 1465 3975 ipse
1517 3904 1975 3959 communicantis

388 4005 643 4075 gratiam.
686 4002 755 4058 Ut
808 4009 992 4056 autem
1045 4007 1267 4053 amatus
1326 4007 1383 4052 et
1443 3995 1684 4050 dilectus
1737 4009 1863 4048 vere
1918 3993 1972 4047 in

387 4096 612 4151 Christo
641 4095 762 4151 solo
787 4093 1011 4148 amabili
1036 4099 1187 4144 amat
1217 4097 1273 4144 et
1298 4088 1498 4157 diligit.
1529 4086 1760 4141 Mendax
1791 4093 1973 4140 autem

388 4188 665 4251 osculum,
694 4197 753 4238 ut
786 4182 977 4250 Judas,
1018 4197 1126 4236 non
1150 4180 1287 4249 ﬁgit,
1317 4194 1418 4234 nec
1446 4177 1623 4248 alapis
1649 4191 1845 4248 genam
1872 4190 1977 4230 cae-

388 4279 471 4334 dit
497 4286 557 4333 ut
589 4277 815 4333 deieidte
834 4290 853 4344 ε
898 4275 994 4330 sed
1020 4282 1218 4329 contra
1262 4270 1452 4327 osculo
1486 4279 1719 4325 testatur
1750 4283 1812 4325 se
1852 4284 1972 4325 eam

392 4372 691 4433 honorare,
726 4377 1091 4437 sanctamque
1118 4365 1394 4435 judicare,
1434 4372 1489 4418 et
1529 4361 1971 4428 dilectissimam,

390 4472 555 4532 atque
590 4460 752 4515 etiam
789 4474 850 4516 se
878 4434 1129 4529 ejusdem
1157 4456 1372 4511 ordinis
1398 4470 1522 4510 cum
1550 4455 1811 4524 episcOpo
1842 4468 1974 4509 con-
2006 4434 2049 4488 ι)

389 4549 666 4619 secrante,
698 4553 824 4608 licet
855 4550 956 4605 sub
986 4564 1072 4616 eo,
1106 4563 1231 4604 esse
1261 4546 1493 4602 factum.
1555 4546 1668 4600 Hoc
1698 4554 1784 4600 est
1824 4544 1970 4600 enim

388 4664 578 4705 eorum
613 4660 833 4701 manum
865 4651 920 4698 et
954 4656 1119 4711 genas
1150 4639 1414 4704 osculari,
1451 4653 1558 4692 non
1590 4645 1772 4693 autem
1806 4637 1972 4693 labia.

389 4742 523 4795 Nam
557 4741 713 4794 labiis
745 4738 1033 4792 osculatur
1065 4733 1170 4788 sibi
1223 4732 1417 4786 ordine
1478 4731 1715 4800 aequales
1743 4770 1757 4797 ,
1790 4741 1844 4785 et
1878 4730 1971 4801 qui

390 4844 518 4887 ante
551 4834 730 4902 ipsum
764 4828 1005 4885 ordinati
1033 4836 1159 4880 sunt
1180 4823 1455 4892 episcopi,
1484 4832 1539 4877 et
1590 4823 1658 4878 ab
1692 4822 1826 4891 ipsis
1854 4840 1974 4876 mu-

356 4929 498 4999 atuis
528 4926 733 4981 osculis
767 4923 1074 4976 honoratur
1099 4956 1114 4981 ,
1148 4926 1206 4971 ut
1239 4918 1374 4986 ipsis
1436 4917 1625 4971 unitus
1651 4956 1665 4981 ,
1728 4925 1785 4970 ut
1845 4916 1974 4970 cha-

352 5012 673 5083 Hissimus,
702 5024 761 5070 ut
794 5015 969 5083 gratia
1019 5012 1204 5064 divina
1239 5009 1503 5071 donatus,
1536 5018 1594 5061 ut
1626 5009 1832 5079 collega
1880 5010 1973 5062 iis-

391 5114 516 5164 dem
591 5108 896 5162 secundum
961 5103 1147 5156 omnia
1215 5101 1599 5171 praerogativis
1668 5101 1968 5171 dignatus,

392 5215 581 5253 amans
612 5207 666 5251 et
697 5205 934 5259 amatus,
976 5192 1261 5263 pacilicus,
1304 5202 1359 5245 et
1404 5203 1751 5262 cooperator,
1805 5202 1970 5265 atque

391 5299 454 5342 ut
491 5290 547 5341 in
575 5286 777 5340 divitiis
825 5284 1104 5353 mysteriis
1133 5296 1326 5337 eorum
1355 5285 1753 5340 comminister.

958 5392 1187 5449 CAPUT
1227 5392 1405 5449 CCXI.

467 5490 597 5555 Quis
624 5489 692 5542 sit
724 5488 856 5540 ritus
888 5486 1054 5540 osculi
1096 5488 1152 5540 in
1185 5488 1519 5540 ordinatione
1549 5488 1888 5557 patriarcltw.

468 5643 621 5699 Unde
654 5644 709 5696 in
742 5641 1185 5698 ordinationibus
1234 5644 1771 5713 archiepiscoporum
1801 5685 1815 5710 ,
1874 5659 1969 5715 pa-

394 5745 761 5789 triarouat‘um
818 5736 1072 5802 scilicet,
1134 5739 1447 5806 patriarcha
1499 5738 1812 5803 ordinatus,
1867 5754 1967 5793 nec

2079 3194 2198 3246 νην,
2237 3176 2335 3229 καὶ
2372 3176 2432 3229 τὸ
2474 3178 2823 3247 μεταδοτικὸν
2860 3179 2962 3245 τῆς
3000 3178 3225 3249 χάριτος
3263 3178 3514 3249 ἔχουσαν,
3552 3178 3649 3233 καὶ

2077 3268 2396 3338 τελεστικὴν
2424 3271 2481 3321 ἐν
2510 3268 2649 3339 άγίῳ
2678 3269 2956 3339 Πνεῦματι
2987 3273 3081 3322 καὶ
3110 3270 3361 3338 εὐλογίας
3392 3273 3646 3341 χορηγὸν,

2076 3363 2171 3416 καὶ
2191 3362 2548 3433 χαρισμάτων
2580 3362 2742 3415 θείων
2773 3363 3138 3433 παρεκτικὴν,
3170 3362 3237 3416 δι’
3269 3358 3337 3436 ἦς
3371 3366 3465 3417 καὶ
3494 3365 3651 3428 οὗτος

2074 3451 2362 3522 ἀρχιερεὺς
2413 3453 2852 3523 κεχειροτόνηται
2906 3455 2999 3507 καὶ
3048 3454 3381 3510 τετέλεσται.
3421 3457 3543 3509 Ἐτι
3595 3458 3651 3509 δὲ

2076 3543 2172 3595 καὶ
2196 3544 2296 3609 τὴν
2325 3541 2420 3596 τοῦ
2455 3544 2710 3613 ίεράρχου
2742 3545 3052 3608 ἀσπάζεται
3084 3545 3349 3614 παρειὰν,
3379 3545 3453 3609 ὡς
3484 3546 3652 3616 όργα-

2076 3652 2168 3689 νον
2197 3636 2291 3688 τοῦ
2322 3635 2504 3705 λόγου,
2535 3636 2611 3699 ὡς
2643 3635 2911 3707 ὑπηρέτιν
2939 3632 3046 3689 τῶν
3077 3636 3273 3707 εὐχῶν,
3307 3640 3401 3690 καὶ
3431 3638 3519 3690 διά
3551 3640 3651 3708 τὴν

2075 3727 2297 3794 ἀγάπην
2328 3743 2387 3778 τε
2419 3728 2513 3781 καὶ
2544 3726 2761 3781 ἕνωσιν.
2799 3728 2931 3797 Ἐρᾷ
2963 3727 3073 3797 γὰρ
3107 3729 3202 3780 καὶ
3233 3727 3395 3791 αὐτὸς
3425 3730 3519 3782 τοῦ
3554 3748 3650 3800 με-

2074 3818 2325 3879 ταδόντος
2368 3816 2467 3887 τὴν
2513 3818 2697 3888 χάριν,
2746 3820 2841 3871 καὶ
2891 3820 3123 3886 ἀγαπῶν
3172 3821 3289 3872 ἐστι
3340 3823 3434 3875 καὶ
3482 3823 3651 3888 φιλῶν

2075 3906 2294 3977 ἀληθῶς
2320 3909 2378 3960 ἐν
2405 3908 2629 3978 Χριστῷ
2652 3909 2732 3976 τῷ
2756 3895 2972 3977 ἐραστῷ
3001 3910 3168 3978 μόνῳ,
3195 3910 3270 3971 ὡς
3299 3912 3392 3962 καλ⁹
3418 3912 3617 3977 ἀγαπῶ
3634 3940 3649 3951 -

2080 4013 2241 4066 μενος
2271 3998 2369 4050 καὶ⁸
2397 3999 2719 4067 φιλούμενος
2739 4015 2753 4030 ’
2781 4000 2875 4052 καὶ
2904 3999 2988 4053 ὅτι
3010 4000 3068 4052 οὐ
3090 4000 3300 4068 ψευδῶς
3324 4001 3649 4068 ἀσπάζεται,

2077 4088 2151 4151 ὡς
2180 4088 2209 4139 6
2241 4087 2479 4154 Ἰούδας,
2511 4088 2631 4140 οὐδὲ
2663 4087 2884 4158 ῥαπίζει
2914 4092 3015 4157 τὴν
3050 4092 3318 4157 παρειὰν,
3350 4090 3425 4152 ὠς
3453 4091 3503 4143 oi
3536 4090 3651 4150 θει-

2076 4179 2255 4233 κτόνοι
2277 4193 2292 4209 ⁶
2327 4180 2464 4235 ἀλλά
2502 4180 2704 4250 μᾶλλον
2732 4180 2939 4249 ταύτην
2970 4182 3108 4250 τιμᾷ
3128 4222 3143 4246 ,
3177 4182 3271 4234 καὶ
3308 4183 3470 4249 ἁγίαν
3500 4184 3651 4252 ἡγεῖ-

2075 4286 2167 4322 ται
2192 4269 2285 4323 καὶ
2313 4271 2597 4338 φιλτάτην,
2625 4271 2718 4323 καὶ
2745 4272 2825 4323 ὃτι
2854 4270 2947 4323 καὶ
2974 4271 3136 4333 αὐτὸς
3159 4272 3257 4341 τῆς
3279 4273 3450 4340 αὐτῆς
3474 4274 3549 4341 τῷ
3580 4276 3652 4325 ιι-

2080 4361 2258 4433 ράρχῃ
2304 4362 2597 4432 γεγένηται
2644 4363 2884 4430 τάξεως,
2931 4364 2979 4414 εί
3027 4365 3123 4415 καὶ
3171 4364 3263 4417 ὑπ’
3294 4365 3459 4417 αὐτόν
3512 4369 3649 4417 ἐστι.

2076 4454 2244 4506 Τοῦτο
2283 4454 2392 4523 γάρ
2430 4455 2491 4506 τὸ
2530 4455 2630 4522 τὴν
2670 4456 2826 4523 χεῖρα
2872 4455 2965 4507 καὶ
3009 4457 3241 4524 παρειὰν
3284 4453 3649 4519 ἀσπάζεσθαι,

2075 4548 2170 4598 καί
2196 4546 2258 4597 οὐ
2283 4544 2353 4597 τά
2381 4545 2535 4614 χείλη
2568 4544 2767 4598 αὐτῶν.
2804 4545 3135 4609 Ἀσπάζεται
3169 4548 3289 4617 γὰρ,
3304 4551 3415 4609 τοῖς
3447 4550 3650 4616 χείλειι

2072 4636 2198 4699 τοὺς
2227 4638 2319 4689 καὶ
2349 4636 2493 4691 κατὰ
2520 4637 2615 4707 τὴν
2642 4637 2799 4701 τάξιν
2826 4638 2977 4701 ἴσους
3007 4638 3102 4690 καὶ
3129 4642 3228 4707 τὴν
3262 4640 3435 4708 ἀρχὴν
3462 4644 3651 4709 ἀρχιε-

2074 4732 2211 4799 ρεῖς,
2255 4730 2351 4783 καὶ
2393 4730 2523 4798 παρ’
2548 4729 2728 4782 αὐτῶν
2761 4729 3171 4792 ἀντασπάζεται
3213 4730 3367 4799 163
3402 4731 3477 4792 ὡς
3515 4733 3650 4798 ἡνω-

2077 4822 2266 4891 μένος,
2297 4820 2371 4884 ὡς
2402 4822 2692 4888 φίλτατος,
2723 4820 2795 4883 ὼς
2825 4819 2922 4882 τὴν
2954 4821 3105 4873 θείαν
3133 4822 3293 4891 χάριν
3326 4822 3506 4873 λαϐὼν
3526 4860 3539 4881 ,
3571 4820 3646 4881 ὼς

2073 4910 2372 4982 όμοταγὴς,
2400 4910 2507 4963 τῶν
2541 4912 2670 4965 ίσων
2702 4911 2844 4963 κατὰ
2874 4913 3051 4965 πάντα
3078 4911 3403 4980 ἠξιωμένος,
3438 4912 3531 4964 καὶ
3561 4928 3647 4978 φι-

2074 5006 2204 5071 λῶν,
2230 5008 2322 5057 καὶ
2350 5005 2692 5074 φιλούμενος,
2720 5006 2813 5056 καὶ
2841 5004 3117 5074 εἰρηνικὸς
3147 5006 3237 5057 καὶ
3267 5004 3546 5073 συνεργὸς,
3569 5003 3645 5066 ὡς

2074 5100 2132 5151 ὲν
2158 5101 2269 5162 τοῖς
2303 5097 2469 5161 θείοις
2502 5099 2936 5167 συλλειτουργός.

2637 5391 2889 5443 ΚΕΦΑΛ.
2934 5390 3079 5445 Σ1Α’.

2075 5491 2274 5553 Ὅπως
2320 5489 2352 5542 ό
2395 5485 2724 5555 ἀσπασμὸς
2769 5486 2839 5570 ἐλις
2882 5484 2955 5551 τῇ
3002 5485 3340 5552 χειροτονίᾳ
3382 5484 3491 5540 τοῦ
3538 5497 3645 5536 πα-

2709 5572 3013 5623 τριαρχου.

2150 5654 2311 5705 Ὅθεν
2353 5652 2450 5703 καὶ
2494 5651 2549 5702 ὲν
2594 5649 2713 5709 ταῖς
2758 5648 2867 5699 τῶν
2913 5646 3364 5715 ἀρχιεπισκόπων
3410 5661 3649 5714 χειροτο-

2072 5749 2230 5812 νίαις,
2274 5745 2380 5799 τῶν
2406 5740 2761 5813 πατριαρχῶν
2803 5738 3025 5808 δηλαδὴ,
3050 5740 3111 5791 οὐ
3153 5740 3243 5792 τὸν
3285 5735 3578 5805 ἀσπασμὸν
3621 5736 3649 5787 6
