4078 6424
358 325 467 390 425

1414 330 1519 392 DE
1562 333 1830 395 SACRIS
1866 333 2566 397 ORDlNATIONIBUS.

3516 323 3637 390 ’ἑὲϐ

357 438 758 510 χειροτονηθεὶς
789 440 1136 511 πατριάρχης
1164 441 1403 497 ποιεῖται
1432 444 1510 509 είς
1536 445 1635 516 τὴν
1660 448 1821 516 χεῖρα
1848 444 1944 499 τοῦ

2064 462 2276 502 manum
2307 446 2622 501 ordinantis
2648 456 2749 499 nec
2777 456 2947 514 genas
3005 441 3317 505 osculatur,
3361 440 3457 497 sed
3516 441 3637 507 pri-

359 533 840 601 χειροτονήσαντος
880 534 976 587 καὶ
1012 533 1112 603 τὴν
1152 534 1388 605 παρειάν
1413 551 1427 567 ·
1470 536 1586 589 ἀλλ’
1612 537 1944 607 ἀσπασάμε-

359 640 449 686 νος
485 623 703 691 πρῶτον
736 625 834 694 τὴν
871 624 1024 679 θείαν
1059 628 1372 694 τράπεζαν,
1408 629 1697 700 ἀνέρχεται
1732 632 1813 694 είς
1846 632 1946 702 τὴν

360 717 603 787 κρηπῖδα
627 732 639 746 ⁸
676 719 766 769 καὶ
801 718 891 770 τὸν
926 719 1216 789 ἀσπασμὸν
1248 723 1486 774 ποιεῖται
1525 722 1666 775 κατὰ
1701 723 1760 775 τὸ
1802 724 1943 787 ἔθος,

357 810 453 863 τοῦ
494 811 593 877 μὲν
627 813 1109 881 χειροτονήσαντος
1144 813 1309 866 αὑτὸν
1344 813 1442 884 τὴν
1479 816 1631 884 ἱεράν
1664 816 1945 884 τράπεζαν

360 902 746 970 ἀσπαζομένου
778 904 1064 973 πρότερον,
1095 903 1169 965 ὡς
1197 904 1305 957 τῶν
1338 905 1499 973 ἱερῶν
1527 905 1706 976 ἔργων
1736 908 1940 975 πηγὴν,

358 993 477 1049 εἶτα
504 997 602 1067 τὴν
635 998 792 1068 χεῖρα
825 998 917 1050 τοῦ
950 998 1425 1069 χειροτονηθέντος
1458 1000 1799 1070 πατριάρχου
1823 1040 1837 1062 ,
1870 999 1944 1063 ὡς

360 1088 579 1155 πρώτου
606 1088 976 1151 καταστάντος
1000 1089 1078 1157 τῷ
1102 1089 1231 1159 θείῳ
1257 1090 1533 1159 Πνεῦματι
1558 1092 1651 1143 καὶ
1674 1092 1944 1162 πατριάρ-

359 1196 458 1247 χου
493 1179 704 1244 αὐτῶν,
740 1183 832 1257 καὶ
863 1181 949 1233 διὰ
982 1179 1081 1249 τὴν
1113 1181 1309 1235 ἕνωσιν
1340 1185 1417 1245 εἰς
1447 1183 1510 1234 τὸ
1542 1186 1751 1251 στόμα,
1783 1183 1815 1250 ἢ
1848 1182 1947 1252 τὴν

361 1272 594 1340 παρειάν
626 1272 713 1324 διὰ
742 1274 839 1343 τὴν
874 1274 1156 1344 ὑποταγὴν
1183 1290 1196 1305 °
1238 1276 1440 1345 ὁμοίως
1470 1274 1526 1327 δὲ
1561 1275 1654 1328 καὶ
1685 1277 1733 1326 οἱ
1768 1275 1947 1327 λοιποὶ

359 1365 634 1435 ἀρχιερεῖς
665 1365 712 1417 oi
748 1366 844 1419 σὺν
873 1366 1022 1437 αὐτῷ
1057 1366 1246 1420 τοῦτον
1278 1368 1781 1439 χειροτονήσαντες.

934 1483 981 1534 Κ
995 1482 1187 1534 ΕΦΑΛ.
1230 1482 1376 1535 ΣΙΒ’.

360 1597 499 1663 Περὶ
551 1594 780 1661 τάξεως
832 1595 1236 1664 πατριάρχῶν,
1294 1595 1794 1664 ἀρχιεπισκόπων
1844 1594 1943 1649 καί

964 1667 1337 1721 ἐπισκόπων.

434 1780 496 1831 Εἰ
532 1781 640 1849 γάρ
671 1779 769 1831 καὶ
802 1780 898 1849 μία
930 1780 961 1848 ἡ
991 1780 1089 1845 τῆς
1122 1780 1434 1850 ἐπισκοπῆς
1465 1781 1628 1851 χάρις
1660 1781 1754 1835 καὶ
1787 1780 1946 1834 δύνα-

364 1872 454 1941 μίς
480 1888 539 1923 τε
571 1871 662 1923 καὶ
688 1872 843 1936 τάξις
873 1874 937 1924 ὲκ
965 1872 1060 1924 τοῦ
1091 1871 1249 1935 Θεοῦ,
1276 1872 1368 1935 τοῦ
1400 1875 1619 1941 πρώτου
1651 1873 1747 1926 καὶ
1783 1872 1944 1943 μόνου

360 1964 575 2031 Πατρός
604 1964 698 2016 καὶ
731 1963 1031 2015 ἐπισκόπου
1055 2003 1069 2024 ,
1104 1963 1239 2015 ἀλλὰ
1270 1963 1361 2015 καὶ
1390 1963 1631 2033 πατριὰς
1686 1963 1798 2033 ἔχει
1840 1964 1949 2017 υἱό-

280 2036 309 2047 ‘
357 2057 527 2127 τητάς
556 2073 615 2109 τε
647 2060 740 2108 καὶ
772 2057 1006 2125 χάριτας
1035 2056 1352 2125 διαφόρους,
1381 2055 1457 2118 ὡς
1487 2057 1582 2109 καὶ
1615 2057 1822 2125 ἑκάστη
1850 2057 1949 2109 τά-

361 2149 442 2213 ξις
463 2193 477 2216 ,
511 2150 633 2202 ἐπεὶ
673 2148 864 2219 Πατὴρ
896 2151 990 2201 καὶ
1023 2148 1151 2210 Υἱὸς
1182 2149 1280 2200 καὶ
1307 2148 1464 2214 ἆγιον
1496 2148 1724 2218 Πνεῦμα
1753 2150 1786 2217 ἡ
1816 2148 1950 2200 Θεό·

360 2260 480 2311 της.
512 2243 620 2295 Καὶ
655 2242 754 2311 μία
789 2242 889 2311 μὲν
914 2245 981 2311 τῇ
1009 2240 1203 2310 Τριὰδι
1232 2241 1263 2308 ἠ
1294 2241 1491 2308 φύσιςο
1521 2240 1579 2303 ἒν
1605 2241 1748 2294 δὲτὸ
1776 2241 1950 2294 αἴτιον

360 2337 389 2387 ὁ
425 2336 646 2405 Πατὴρ,
683 2330 839 2401 ᾧπερ
872 2334 900 2386 ὁ
934 2333 1064 2395 Υἱὸς
1102 2334 1199 2385 καὶ
1230 2333 1291 2385 τὸ
1326 2332 1554 2400 Πνεῦμα
1594 2334 1736 2386 κατὰ
1771 2334 1950 2387 πάντα

365 2432 578 2484 ὑπείκει
604 2445 619 2459 ·
654 2430 749 2483 καὶ
780 2428 837 2482 ἓν
871 2428 1083 2498 θέλημα
1113 2428 1356 2490 τούτων,
1391 2428 1488 2480 καὶ
1520 2428 1618 2494 μία
1648 2428 1863 2494 κίνησίς
1892 2446 1950 2482 τε

363 2522 459 2575 καὶ
494 2520 746 2590 δύναμις.
789 2520 885 2572 Ἐκ
916 2520 1017 2589 τῆς
1049 2519 1280 2589 Τριάδος
1317 2519 1374 2571 δὲ
1410 2520 1509 2573 καὶ
1541 2520 1691 2571 πᾶσα
1728 2519 1951 2585 εὐταξία

363 2614 477 2668 ἅνω
510 2630 568 2665 τε
604 2614 700 2665 καὶ
740 2613 891 2666 κάτω
929 2611 1068 2667 ὲστί.
1108 2610 1201 2664 Διὸ
1241 2612 1337 2665 καὶ
1375 2610 1603 2680 πρώτην
1645 2612 1821 2682 μέσην
1858 2612 1954 2665 καὶ

363 2704 684 2756 τελευταίαν
718 2705 874 2770 τάξιν
907 2706 1111 2773 ἑκάστη
1148 2703 1258 2755 τῶν
1294 2703 1408 2756 ἄνω
1440 2702 1649 2767 τάξεων
1686 2705 1743 2755 ὲν
1781 2704 1950 2772 ἑαυτῇ

366 2800 630 2867 κέκτηται
658 2813 671 2827 ⁸
705 2798 798 2849 καὶ
826 2797 1167 2850 διδασκάλων
1197 2796 1306 2849 εἰσὶ
1334 2795 1431 2850 καὶ
1462 2797 1522 2849 ἐν
1550 2797 1782 2860 ἐκείνοις
1811 2796 1954 2849 διδά-

365 2890 554 2945 σκαλοι
586 2889 680 2942 καὶ
709 2888 971 2958 Πατὲρων
1004 2887 1269 2957 Πατὲρες.

944 3096 1197 3149 ΚΕΦΑΛ.
1240 3094 1379 3151 ΣΙΓ.

2053 554 2203 593 mum
2237 536 2478 593 divinam
2536 551 2780 591 mensam
2818 535 3102 590 osculatus
3136 532 3386 589 ascendit
3435 530 3503 585 ad
3558 530 3639 583 al—

2054 630 2191 686 taris
2244 628 2579 698 crepidinem
2603 666 2617 691 ,
2654 638 2708 683 et
2762 642 2916 681 more
2948 634 3212 680 consueto
3250 621 3417 677 tradit
3469 636 3639 675 osen-

2056 724 2191 777 lum.
2230 722 2528 791 Postquam
2565 721 2742 790 ipsius
2789 718 3076 773 ordinator
3111 732 3326 772 sacram
3388 728 3636 768 mensam

2056 813 2291 882 primum
2350 813 2635 867 osculatus
2672 812 2859 874 fuerit,
2908 818 2965 863 ut
3017 824 3303 864 sacrarum
3360 806 3638 875 operatio-

2056 922 2187 959 num
2242 905 2485 971 fontem,
2535 904 2823 959 osculatur
2853 902 3092 957 ordinati
3155 902 3484 970 patriarcha:
3530 914 3578 949 in
3618 923 3642 933 -

2056 1013 2185 1051 num
2213 1038 2226 1062 ,
2267 1006 2326 1051 ut
2358 998 2545 1052 divino
2598 997 2805 1066 Spiritu
2871 995 3173 1050 secundum
3207 993 3393 1047 omnia
3452 989 3640 1058 primi,

2055 1098 2109 1143 et
2149 1090 2389 1158 ipsorum
2425 1090 2773 1159 patriarchae,
2802 1105 2864 1143 os
2892 1104 3112 1158 quoque
3142 1086 3315 1155 ipsius
3353 1082 3637 1137 osculatur

2055 1192 2280 1251 propter
2310 1184 2593 1247 unionem,
2624 1183 2709 1238 vel
2737 1198 2929 1251 genam
2960 1190 3185 1252 propter
3217 1176 3639 1245 subiectionem;

2055 1276 2308 1330 similiter
2348 1276 2558 1329 faciunt
2590 1278 2772 1331 cancri
2832 1275 3117 1345 episcopi,
3176 1272 3270 1342 qui
3328 1285 3456 1324 cum
3521 1268 3643 1336 ipso

2057 1368 2206 1421 hunc
2246 1367 2667 1421 ordinaverunt.

2625 1481 2857 1538 CAPUT
2898 1480 3105 1535 CCXII.

2163 1594 2239 1647 De
2266 1595 2450 1649 ordine
2480 1598 2911 1678 patriarcharum
2946 1637 2959 1655 ,
2997 1596 3537 1665 archiepiscoporum,

2649 1683 3033 1736 episcoporum.

2130 1776 2243 1831 Etsi
2302 1780 2448 1832 enim
2483 1795 2594 1834 una
2637 1791 2719 1836 est
2750 1780 3100 1849 episcopatus
3124 1781 3321 1849 gratia,
3354 1787 3408 1833 et
3441 1778 3643 1838 virtus,

2052 1877 2105 1925 et
2130 1870 2266 1924 ordo
2301 1885 2368 1925 ex
2407 1872 2541 1933 Deo,
2574 1871 2752 1940 primo
2784 1881 2840 1925 et
2896 1874 3012 1925 solo
3063 1872 3226 1925 Patre
3284 1880 3340 1925 et
3388 1871 3648 1943 episeopo

2051 1975 2339 2028 emanans,
2375 1964 2584 2033 patrias
2618 1974 2804 2019 tamen
2860 1965 3046 2030 habet,
3109 1963 3407 2018 ﬂliationes
3438 1972 3650 2032 etgra-

2054 2056 2160 2110 tias
2199 2054 2562 2119 differentes,
2602 2065 2662 2110 ut
2716 2058 3100 2127 unusquisque
3159 2057 3296 2111 ordo
3357 2057 3644 2124 postulat,

2054 2164 2181 2202 cum
2216 2147 2401 2217 Pater,
2442 2160 2494 2203 et
2530 2148 2702 2204 Filius
2739 2160 2793 2204 et
2828 2148 3068 2219 Spiritus
3120 2161 3349 2202 sanctus
3383 2162 3490 2201 una
3538 2148 3649 2201 sint

2055 2240 2111 2295 in
2146 2239 2420 2297 Trinitale
2460 2243 2723 2297 divinitas
2767 2250 2821 2296 et
2845 2250 3064 2295 natura.
3107 2240 3286 2295 Unum
3330 2248 3514 2294 autem
3564 2248 3650 2293 est

2054 2333 2393 2405 principium
2432 2335 2614 2400 Pater,
2676 2335 3138 2404 quemadmodum
3172 2333 3344 2389 Filius
3384 2341 3437 2387 et
3474 2330 3653 2402 Spiri-

2054 2433 2167 2490 tus,
2195 2429 2496 2481 sccundum
2535 2427 2721 2480 omnia
2751 2427 3111 2480 consentiens
3140 2442 3155 2491 ;
3191 2442 3299 2479 una
3330 2440 3521 2479 eorum
3557 2440 3652 2477 vo-

2055 2518 2259 2578 luntas.
2297 2530 2345 2572 et
2372 2534 2479 2573 una
2518 2520 2687 2572 motio
2716 2521 2999 2573 etvirtns.
3038 2519 3112 2571 Ex
3140 2517 3413 2571 Trinitate
3461 2525 3647 2571 autent
3698 2574 3701 2579 ,

2058 2626 2222 2664 omne
2256 2612 2425 2665 decus
2461 2622 2515 2665 et
2554 2612 2731 2664 bonus
2758 2612 2893 2664 ordo
2942 2619 3050 2664 tam
3086 2626 3269 2665 rerum
3302 2610 3652 2678 superiorum

2059 2717 2221 2771 quam
2270 2702 2595 2755 inferiorum
2637 2705 2905 2770 procedit.
2950 2704 3073 2755 Ideo
3124 2703 3507 2771 unusquisque
3558 2715 3653 2754 su-

2059 2798 2339 2865 periorum
2396 2797 2650 2849 ordinum
2714 2798 2766 2849 in
2828 2811 2885 2849 se
2920 2796 3165 2865 possidet
3206 2796 3486 2865 primum,
3540 2808 3654 2848 me—

2060 2890 2210 2943 dium
2270 2899 2323 2942 et
2357 2900 2697 2956 postremum
2745 2890 3016 2955 ordinem,
3052 2896 3216 2957 atque
3257 2905 3287 2943 e
3333 2889 3654 2944 doctoribus

2061 2987 2167 3043 cst,
2208 2986 2263 3031 et
2300 2979 2352 3031 in
2386 2978 2453 3030 iis
2480 2989 2609 3031 sunt
2644 2978 2918 3042 doctores,
2953 2990 3005 3031 et
3035 2978 3257 3031 Patrum
3294 2979 3509 3035 Patres.

2596 3092 2827 3147 CAPUT
2868 3092 3103 3147 CCXIII.

364 3212 525 3269 Κατὰ
569 3210 872 3274 Λατίνων,
922 3209 1013 3262 ὅτι
1060 3208 1128 3262 ἐν
1168 3209 1363 3277 μόνον
1407 3208 1476 3262 τὸ
1525 3208 1724 3278 αἴτιον
1767 3209 1837 3263 ἐν
1881 3208 1955 3278 τῇ

2064 3210 2261 3266 Contra
2292 3207 2535 3265 Latinos.
2570 3223 2729 3259 unam
2768 3214 2976 3257 tantum
3006 3223 3229 3259 causam
3257 3206 3312 3259 in
3340 3205 3441 3261 SS.
3473 3206 3655 3260 Trini-

410 3283 603 3351 Τριάδι
637 3284 669 3334 ό
703 3282 929 3348 Πατὴρ,
966 3281 1067 3333 ἵνα
1098 3275 1181 3348 μῆ
1219 3278 1493 3348 διάφοροι
1526 3275 1680 3332 ὦσιν
1714 3280 1916 3349 ἀρχαί.

450 3396 608 3449 Ἐπεὶ
650 3396 745 3447 καὶ
792 3395 849 3446 ἐν
894 3396 959 3463 τῇ
1005 3392 1303 3461 άσυγχύτῳ
1348 3394 1441 3444 καὶ
1486 3390 1818 3461 προανάρχῳ
1864 3391 1959 3445 καὶ

368 3489 611 3557 συμφυεῖ
659 3488 755 3539 καὶ
801 3485 1042 3555 ὁμοδόξῳ
1093 3483 1289 3554 Τριάδι
1340 3482 1496 3546 τάξις
1546 3485 1739 3557 ὲστὶνη
1768 3483 1958 3554 ὥσπερ

366 3550 614 3652 ἔφημεν·
648 3580 739 3632 καὶ
769 3581 795 3631 ό
827 3550 927 3646 μὲν
956 3550 1152 3645 Πατὴρ
1178 3579 1273 3628 καὶ
1304 3576 1570 3641 ἀναίτιος,
1597 3575 1665 3627 τὰ
1692 3550 1745 3627 δὲ
1779 3576 1836 3639 ἐξ
1864 3550 1961 3627 αῦ-

368 3669 460 3721 τοῦ
504 3669 599 3719 καὶ
642 3667 860 3720 αἰτιατά
889 3681 902 3695 ο
948 3665 1045 3717 καὶ
1081 3664 1289 3718 τούτων
1325 3665 1385 3716 τὸ
1433 3663 1533 3733 μὲν
1569 3663 1831 3732 γεννητὸν
1866 3668 1959 3717 καὶ

372 3761 519 3825 Υίδς,
547 3760 606 3811 τὸ
633 3760 687 3812 δὲ
714 3760 1048 3828 ὲκπορευτδν
1075 3757 1170 3810 καὶ
1200 3758 1357 3826 ἅγιον
1388 3756 1616 3825 Πνεῦμα
1642 3774 1654 3785 ·
1688 3758 1785 3809 καὶ
1810 3757 1961 3824 ὅμως

374 3853 671 3923 ἀδιαίρετος
704 3854 736 3922 ἡ
769 3852 942 3921 Τριὰς
967 3891 982 3917 ,
1018 3850 1115 3903 καὶ
1150 3851 1250 3919 μία
1276 3850 1480 3917 ταύτης
1509 3848 1582 3911 ὡς
1616 3850 1708 3901 καὶ
1742 3850 1771 3917 ἡ
1801 3848 1961 3901 οὐσία

374 3945 490 3996 ἐστὶ
519 3944 615 3997 καὶ
644 3945 676 4010 ἡ
710 3943 937 4013 δύναμις
959 3958 971 3970 ·
1006 3942 1066 4005 ἐξ
1098 3942 1269 4010 αὐτῆς
1297 3938 1391 3993 οὖν
1422 3941 1515 3993 καὶ
1548 3941 1699 3992 πάσα
1733 3942 1958 4007 πατριὰ,

375 4038 585 4098 Παῦλός
616 4052 791 4106 φησι·

378 4131 539 4184 Ἐπεὶ
573 4130 628 4183 δὲ
663 4130 874 4199 ἥκομεν
906 4123 1007 4181 ὦδε
1042 4128 1138 4181 σὺν
1157 4127 1299 4197 Θεῷ,
1338 4128 1534 4197 μικρὸν
1568 4127 1959 4195 θεωρήσωμεν,

374 4226 525 4286 ὅπως
571 4227 666 4276 καὶ
716 4223 749 4293 ή
794 4219 890 4274 τοῦ
938 4221 1286 4290 πατριάρχου
1338 4218 1642 4289 χειροτονία
1684 4218 1959 4270 τελεῖται·

377 4318 472 4371 καὶ
504 4318 553 4367 εί
586 4314 885 4376 ὲπίσκοπός
919 4314 1102 4377 ἐστιν,
1139 4314 1287 4375 ὅπως
1324 4312 1649 4365 καθίσταται
1688 4310 1963 4379 πατριάρ-

375 4426 499 4480 χης,
534 4409 623 4462 καὶ
652 4410 701 4460 εἰ
736 4408 810 4477 μὴ
844 4405 992 4459 ἐστιν
1018 4405 1343 4469 ἐπίσκοπος,
1374 4404 1501 4471 ἄξια
1529 4406 1639 4473 γὰρ
1668 4405 1763 4455 καὶ
1792 4403 1963 4455 ταῦτα

826 4038 923 4089 καὶ
952 4036 1104 4101 τάξις
1134 4036 1193 4087 ὲν
1224 4034 1440 4104 οὐρανῷ
1470 4052 1530 4085 τε
1563 4036 1657 4087 καὶ
1691 4034 1781 4084 ἐπὶ
1834 4035 1959 4100 γῆς.

2115 3290 2223 3333 late
2246 3296 2357 3333 ene
2389 3279 2627 3340 Patrem,
2664 3294 2725 3328 ne
2754 3278 2911 3345 plura
2946 3278 3213 3345 principia
3237 3279 3583 3333 inducantur.

2136 3391 2621 3462 Quandoquidem.
2657 3399 2717 3445 ut
2746 3390 2988 3446 diximus
3017 3430 3032 3451 ,
3070 3390 3206 3443 ordo
3238 3399 3323 3445 est
3370 3392 3425 3444 in
3477 3390 3663 3446 Trini-

2064 3496 2173 3542 tate
2208 3486 2521 3546 inconfusa,
2556 3483 3039 3544 consubstantiali,
3066 3498 3163 3550 per
3191 3483 3374 3535 omnia
3400 3483 3504 3536 sibi
3528 3498 3662 3537 con-

2064 3580 2356 3640 sentiente,
2392 3594 2514 3646 qua:
2544 3578 2665 3630 sine
2712 3577 2985 3645 principio
3032 3584 3117 3628 est
3167 3584 3222 3628 et
3254 3590 3418 3629 omne
3450 3576 3660 3644 princi-

2065 3673 2214 3741 pium
2245 3670 2595 3728 antecedens.
2634 3667 2792 3721 Pater
2809 3668 3029 3735 quidem
3064 3664 3185 3718 sine
3226 3665 3499 3734 principio
3532 3679 3657 3735 est;

2066 3781 2185 3834 quae
2218 3778 2345 3817 vero
2386 3779 2447 3816 ex
2493 3763 2632 3829 ipso,
2671 3760 2997 3829 prinripiata
3046 3760 3327 3821 dicuntur,
3361 3766 3414 3811 et
3458 3758 3654 3813 horum

2066 3872 2233 3909 unum
2266 3864 2352 3909 est
2382 3853 2655 3922 genitum,
2677 3868 2873 3917 nempe
2909 3849 3351 3913 Filius,alterum
3387 3848 3661 3917 procedit,

2068 3966 2260 4018 nempe
2299 3946 2540 4015 Spiritus
2596 3953 2846 3998 sant-tus.
2902 3943 2998 3997 Est
3057 3955 3238 3995 tamen
3306 3942 3659 3998 indivisibilis

2067 4042 2333 4101 Trinitas,
2372 4053 2591 4106 unaque
2622 4047 2705 4090 est
2742 4036 2890 4089 illius
2918 4052 2974 4087 ιιι
3001 4034 3334 4098 substantia,
3365 4036 3438 4087 ita
3466 4044 3521 4089 et
3549 4036 3689 4094 vir—,

2068 4144 2177 4189 tus.
2211 4135 2283 4187 Ex
2324 4134 2438 4202 ipsa
2476 4132 2643 4199 igitur
2677 4139 2761 4183 est
2787 4168 2803 4193 ,
2844 4140 2901 4181 ut
2941 4130 3018 4181 ait
3070 4127 3294 4192 Paulus,
3330 4128 3512 4182 omnis
3563 4145 3661 4198 pa-

2069 4230 2300 4283 ternitas
2343 4237 2397 4281 et
2442 4225 2578 4280 ordo
2632 4224 2687 4276 in
2734 4222 2875 4276 rmlo
2909 4230 2961 4274 ct
2994 4220 3046 4274 in
3092 4231 3259 4275 terra.
3289 4221 3425 4275 Cum
3468 4220 3659 4289 igitur,

2072 4320 2180 4371 Deo
2208 4319 2444 4380 favente,
2480 4316 2587 4368 huc
2628 4316 3036 4375 devcncrimus,
3072 4313 3263 4382 paucis
3296 4314 3663 4367 edis-seremus

2071 4427 2177 4480 qua
2220 4412 2433 4463 ratione
2466 4407 2790 4477 patriarcha
2815 4406 3094 4460 ordinatio
3146 4407 3472 4475 perﬁcitur;
3522 4414 3575 4459 et
3614 4407 3663 4461 si

377 4501 633 4571 θεωρίας.
666 4501 814 4569 Πλὴν
843 4500 913 4550 τά
942 4497 1037 4551 τοῦ
1074 4497 1382 4549 ἐπισκόπου
1415 4499 1470 4549 ἐν
1498 4496 1701 4564 ὀλίγοις
1733 4498 1955 4546 τελέσωε

2072 4504 2370 4571 episcopus
2399 4509 2501 4565 est,
2536 4516 2641 4569 qua
2675 4502 2889 4553 ratione
2921 4499 3279 4553 constituitur
3326 4499 3661 4567 patriarcha;

381 4614 501 4666 μεν.
533 4596 685 4649 Μετὰ
711 4595 801 4646 τὸν
826 4593 1120 4661 ἀσπασμὸν
1145 4591 1302 4652 οὗτος
1325 4592 1417 4643 τὸν
1445 4591 1621 4660 ἱερὸν,
1654 4592 1743 4641 τοῦ
1775 4591 1959 4659 ἱεράρ-

378 4703 473 4755 χου
506 4685 903 4752 ἀσπασαμένου
937 4682 1094 4743 αὖθις
1122 4681 1219 4750 τὴν
1250 4680 1404 4749 ἱεράν
1432 4680 1731 4748 τράπεζαν,
1768 4680 1859 4730 καὶ
1886 4684 1966 4737 εις

378 4775 438 4826 τὸ
480 4774 771 4842 σύνθρονον
816 4772 1135 4832 ἀνελθόντος
1178 4769 1368 4839 ὤσπερ
1409 4771 1487 4831 εἰς
1531 4770 1620 4820 τὸν
1665 4769 1895 4836 οὐρανὸν
1940 4769 1967 4819 ὁ

379 4866 617 4937 Χριστὸς
639 4906 653 4931 ,
690 4866 785 4918 καὶ
817 4868 845 4918 ὁ
881 4864 1287 4933 χειροτονηθεὶς
1323 4864 1493 4931 αὐτὴν
1530 4861 1927 4941 ἀσπασάμενος
1952 4900 1966 4923 ,

380 4962 712 5031 ἀνέρχεται*
748 4959 844 5011 καὶ
885 4960 947 5010 ὲκ
986 4956 1180 5022 δεξιῶν
1216 4954 1435 5008 ἵσταται
1470 4954 1563 5007 τοῦ
1610 4954 1831 5023 πρώτου
1874 4956 1971 5021 ἁρ-

380 5053 610 5121 χιερέως
633 5091 647 5117 ,
680 5049 758 5112 ὡς
784 5049 884 5119 τὴν
916 5048 1141 5118 πρώτην
1173 5047 1329 5113 τάξιν
1358 5045 1499 5116 ἔχων
1538 5046 1687 5114 παρὰ
1718 5046 1843 5108 τοὺς
1875 5045 1969 5097 ἄλ-

381 5146 510 5208 λους
539 5145 661 5196 τότε
694 5142 1053 5206 ἐπισκόπους,
1085 5141 1187 5211 ήδη
1219 5143 1284 5209 τῇ
1319 5139 1507 5209 χάριτι
1539 5136 1966 5207 χειροτονηθεὶς,

383 5237 599 5306 καὶτῆς
630 5236 818 5306 φήμης
842 5234 956 5285 τῶν
989 5232 1257 5301 βασιλέων
1288 5232 1385 5285 καὶ
1414 5232 1506 5283 τοῦ
1536 5230 1754 5300 πρώτου
1782 5232 1972 5300 ἀρχιε-

386 5333 523 5404 ρέως
546 5330 860 5398 γινομένης,
884 5328 1101 5380 ἵσταται
1129 5325 1269 5396 μετὰ
1292 5326 1400 5381 τῶν
1424 5324 1629 5379 λοιπῶν
1654 5324 1970 5377 ἐπισκόπων

386 5425 492 5479 ὑπὸ
515 5427 675 5497 χεῖρα
701 5421 777 5475 ὢν
806 5421 898 5473 καὶ
928 5420 1114 5483 αὑτός.

642 5867 921 5928 Parma.
956 5857 1079 5923 GR.
1140 5850 1307 5918 CLV.

2078 4605 2133 4648 et
2173 4610 2280 4663 qna
2315 4594 2545 4656 ratione,
2574 4592 2619 4646 si
2666 4607 2777 4645 non
2828 4599 2913 4645 est
2966 4592 3279 4661 episcopus.
3324 4588 3465 4645 Sunt
3517 4592 3663 4644 enim

2074 4689 2187 4740 hinc
2236 4687 2704 4754 contemplatione
2739 4694 2793 4739 et
2836 4684 3277 4739 consideratione
3320 4686 3481 4753 digna
3525 4701 3536 4735 :
3573 4700 3666 4739 ve—

2073 4795 2193 4833 rum
2250 4795 2373 4847 qua:
2410 4790 2539 4832 sunt
2590 4777 2836 4846 episcOpi
2874 4778 3068 4843 paucis
3117 4777 3482 4844 perlieiemus.
3535 4775 3666 4831 Post

2076 4885 2294 4924 sacram
2332 4873 2493 4923 istam
2553 4872 2942 4923 salutationem
2998 4868 3472 4935 archiepiscopus,
3507 4884 3669 4921 oscu-

2076 4962 2217 5016 latus
2247 4962 2445 5017 iterum
2475 4976 2685 5015 sacram
2722 4974 2994 5023 mensam,
3036 4958 3089 5010 in
3128 4959 3384 5010 thronum
3414 4972 3668 5011 commu-

2079 5069 2204 5108 nem
2266 5053 2539 5115 ascendit,
2598 5061 2658 5105 ut
2715 5052 2972 5106 Christus
3031 5051 3083 5103 iu
3120 5050 3330 5111 ecelos;
3370 5050 3665 5108 ordinatus

2080 5162 2301 5216 quoque
2334 5145 2581 5200 eamdem
2616 5144 2900 5198 osculatus
2942 5143 3213 5208 ascendit,
3270 5153 3325 5197 et
3378 5158 3409 5196 a
3457 5144 3668 5199 dextris

2081 5241 2243 5313 primi
2278 5236 2525 5308 episeOpi
2562 5238 2765 5302 adstat,
2806 5244 2971 5305 atque
3013 5246 3074 5289 ut
3125 5251 3251 5289 mox
3306 5247 3670 5294 consecratus

2078 5330 2318 5401 primum
2390 5329 2532 5382 inter
2611 5329 2907 5397 episcopos
2973 5328 3155 5383 locum
3234 5336 3368 5382 tunc
3431 5328 3665 5387 obtinet.

2082 5422 2291 5478 Deinde
2340 5423 2487 5475 iacta
2518 5419 2915 5491 imperatorum
2957 5430 3016 5475 et
3048 5421 3212 5491 primi
3261 5420 3667 5492 archiepiscopi

2085 5516 2270 5570 fausta
2318 5514 2755 5583 acclamatione,
2810 5522 2920 5571 stat
2948 5522 3003 5572 et
3042 5514 3163 5586 ipse
3196 5514 3301 5571 sub
3332 5528 3498 5569 manu
3540 5528 3668 5569 cum

2084 5608 2298 5665 caeteris
2340 5607 2642 5681 episcopis.

3196 5834 3275 5895 1&-
