4078 6414
412 330 525 411 4‘29

1478 340 1581 402 DE
1600 329 1878 400 SACRIS
1920 329 2627 397 ORDINATIONIBUS.

3588 311 3698 408 430

413 463 670 537 ρασμοῖς,
714 460 810 514 καὶ
859 458 978 524 ταῖς
1037 458 1331 531 ταραχαῖς.
1400 457 1492 512 Ἐν
1538 459 1605 528 τῇ
1658 455 1889 524 Μεγάλῃ
1940 452 1992 505 δὲ

2103 445 2194 500 illa
2229 450 2492 515 cessavit,
2525 460 2581 506 et
2611 450 2664 506 in
2697 453 2815 533 sola
2858 453 3054 526 Magna
3119 456 3352 514 ecclesia
3413 460 3699 535 peragitur

415 554 577 625 μόνον
618 552 830 621 γίνεται
873 550 1163 622 ἐκκλησίᾳ.
1230 549 1340 603 Καὶ
1388 548 1747 620 προτεθέντος
1803 545 1996 617 θρόνου

415 648 472 699 ἑν
507 638 553 714 ᾧ
599 643 834 713 κάθηται
872 646 900 696 ό
932 644 1389 713 ἀρχιεπίσκοπος,
1427 642 1523 694 καὶ
1572 640 1780 694 πέπλου
1834 636 1998 708 συνή-

411 741 561 806 θους,
593 739 699 792 ὐπὸ
744 736 938 809 ἱερέως
973 738 1141 808 εὐχῆς
1190 737 1485 806 γινομένης
1537 734 1633 786 καὶ
1667 731 1996 801 Τρισαγίου,

409 835 520 888 τῶν
567 832 1004 887 ἔπισκοπειανῶν
1038 830 1344 901 παρόντων,
1378 832 1473 882 καλ⁸
1504 825 2001 896 λαμπαδηφορούν-

409 943 518 979 των
564 924 844 987 ἁπάντων,
884 920 1216 982 κυκλοῦντος
1268 922 1366 974 καὶ
1407 919 1503 973 τοῦ
1560 917 1717 983 λαοῦ,
1756 917 1999 988 ἐνορονέ-

370 992 375 1023 ‘I
411 1018 565 1083 ζεται
612 1019 767 1085 παρά
794 1033 854 1069 τε
885 1015 980 1068 τοῦ
1011 1012 1232 1082 πρώτου
1281 1013 1389 1065 τῶν
1443 1010 1636 1080 ἱερέων
1680 1009 1775 1061 καὶ
1812 1009 1999 1060 δευτε-

412 1108 664 1179 ρεύοντος
714 1110 742 1163 ό
791 1106 1192 1177 χειροτονηθεὶς
1248 1104 1568 1175 ἀρχιερεὺς,
1631 1102 1753 1171 τρὶς
1810 1101 1869 1153 ἐν
1919 1099 1998 1170 τῷ

411 1201 589 1272 θρόνῳ
636 1200 710 1263 ὡς
762 1200 860 1254 καὶ
906 1199 998 1252 τὸν
1059 1199 1407 1270 πατριάρχην
1467 1199 1526 1250 ὲν
1580 1196 1658 1264 τῷ
1718 1191 1995 1262 συνθρόνῳ

412 1291 807 1365 ὲγκαθιζόντων
856 1294 1022 1347 αὐτὸν
1053 1292 1161 1345 τῶν
1211 1292 1424 1364 ἱερέων,
1455 1292 1552 1344 καὶ
1604 1286 1996 1356 ὲκφωνούντων

410 1389 471 1442 τὸ
500 1406 520 1440 ι
560 1387 786 1453 Ἀξιος’
825 1406 844 1439 ι
892 1382 1011 1440 εἶτα
1069 1385 1387 1454 καθημένου
1435 1381 1624 1449 αὐτοῦ,
1680 1377 1997 1449 εὐφημοῦσι

410 1479 536 1545 τούς
568 1472 815 1543 εὐσεϐεῖς
852 1477 1116 1548 βασιλεῖς,
1143 1477 1237 1530 τὸν
1282 1473 1740 1546 ἅρχιεπίσκοπον,
1771 1472 1867 1524 καὶ
1899 1470 1999 1523 αὐ·-

406 1571 501 1625 τδν
547 1571 640 1624 τὸν
692 1569 1186 1642 χειροτονηθέντα*
1244 1569 1340 1621 καὶ
1404 1566 1581 1629 οὕτως
1638 1562 1995 1618 ἀπολύουσιν.

418 1664 480 1718 '0
508 1664 566 1718 δέ
606 1680 672 1732 γε
709 1664 839 1724 λαὸς
888 1661 1356 1733 προσερχόμενος,
1388 1660 1527 1713 ἀλλὰ
1569 1658 1633 1730 δὴ
1689 1658 1785 1712 καὶ
1831 1659 1994 1727 ἱερω-

412 1758 585 1829 μένοι,
634 1756 971 1822 ἀσπάζονται
1025 1755 1124 1825 τὴν
1152 1753 1246 1808 τοῦ
1281 1751 1757 1823 χειροτονηθέντες
1808 1751 1988 1819 χεῖρα,

2106 537 2161 593 in
2190 537 2340 593 hunc
2372 541 2589 596 modum
2621 526 2969 614 :Pracparato
3000 559 3055 602 et
3089 545 3370 619 proposito
3397 526 3598 610 tbron'o
3642 556 3701 612 in

2106 640 2218 695 quo
2268 627 2422 682 sedet
2482 630 2971 702 archiepiscopus,
3031 648 3085 690 et
3145 640 3303 706 peplo
3368 641 3535 697 solito
3592 643 3700 713 ipsi

2107 718 2391 786 adaptato,
2431 721 2690 792 factaque
2719 740 2882 795 prece
2919 743 2946 781 a
3002 730 3349 801 presbytero,
3378 742 3431 787 et
3468 752 3703 804 praesen-

2106 807 2256 865 tibus
2301 812 2681 883 episcopianis
2707 819 2967 874 omnibus
3008 822 3272 893 trisngion
3341 827 3699 882 cantantibus

2106 913 2161 958 et
2187 920 2374 960 cereos
2409 906 2800 975 deferentibus,
2853 920 2909 967 et
2973 914 3346 971 circumdunte
3399 920 3554 987 plebe
3611 921 3701 975 in-

2108 996 2454 1053 throuizatur
2530 1003 2825 1059 ordinatus
2882 1006 3176 1077 episc0pus
3250 1025 3278 1062 a
3348 1013 3697 1067 sacerdotum

2108 1091 2306 1159 primo,
2342 1099 2397 1146 et
2430 1108 2496 1148 eo
2526 1097 2619 1164 qui
2658 1107 2785 1168 post
2822 1100 3001 1169 ipsum
3036 1103 3314 1159 secvndus
3343 1109 3477 1174 agit,
3506 1115 3697 1174 terque

2110 1201 2136 1236 a
2171 1188 2509 1258 presbyteris
2537 1192 2591 1245 in
2626 1193 2827 1248 throno
2856 1196 3180 1262 collocatur,
3233 1200 3692 1270 exclamantibus,

2113 1297 2131 1330 ι
2170 1277 2393 1349 Dignus.
2428 1300 2448 1334 ι
2488 1282 2691 1340 Deinde
2722 1301 2788 1342 eo
2817 1289 3043 1344 sedente
3091 1291 3290 1348 mustis
3342 1296 3697 1351 acclamatio-

2107 1370 2292 1436 nibus,
2355 1373 2712 1444 imperatores
2766 1390 3181 1452 prosequuntur
3220 1386 3698 1458 archiepiscopum

2107 1471 2163 1517 et
2196 1465 2374 1533 ipsum
2404 1467 2745 1532 ordinatum,
2778 1480 2831 1525 et
2860 1472 2942 1527 sic
3001 1475 3337 1532 celebratum
3388 1464 3697 1538 dimittunt.

2109 1559 2348 1627 Pepulus
2373 1573 2555 1616 autem
2592 1564 2889 1631 accedens,
2918 1577 3084 1635 atque
3137 1569 3303 1624 etiam
3365 1572 3552 1628 clerici
3603 1589 3697 1629 sa-

2108 1650 2244 1704 crati
2275 1651 2600 1706 osculantur
2627 1654 2863 1709 ordinati
2897 1670 3145 1722 manum,
3176 1669 3230 1713 et
3288 1659 3695 1718 benedicuntur

2107 1742 2203 1808 qui
2246 1758 2369 1796 cum
2408 1742 2511 1798 ﬂde
2540 1755 2903 1801 concurrunt.
2946 1746 3085 1802 Cum
3114 1750 3262 1805 enim
3291 1750 3363 1805 sit
3388 1767 3583 1809 recens
3612 1769 3699 1809 or-
3739 1760 3746 1768 '

408 1852 506 1905 καὶ
559 1849 936 1918 εὐλογοῦνται,
986 1846 1130 1918 μετὰ
1187 1848 1425 1909 πίστεως
1476 1846 1810 1915 τρέχοντεςο
1847 1846 1992 1897 ἐπει-

2107 1833 2349 1898 dinatus,
2381 1841 2530 1890 totus
2562 1845 2649 1892 est
2680 1851 2948 1909 purgatus
2975 1848 3029 1896 et
3083 1842 3444 1910 illuminatus,
3483 1847 3693 1919 gratia-

405 1945 583 2017 δήπερ
614 1945 808 1998 νεωστὶ
834 1944 1241 2015 χειροτονηθεὶς
1275 1943 1394 2004 ὅλος
1422 1942 1540 1994 ἐστὶ
1574 1938 1994 2007 κεκαθαρμένος

405 2054 467 2091 τε
511 2040 607 2091 καὶ
661 2039 1097 2107 πεφωτισμένος.
1125 2037 1219 2090 καὶ
1260 2036 1336 2104 τῷ
1366 2033 1712 2102 ἐγκαινισμῷ
1762 2034 1794 2102 ἡ
1830 2033 1993 2101 χάρις

410 2129 567 2200 165
605 2129 993 2199 δαψιλέστερον
1020 2130 1341 2200 χορηγεῖται
1375 2127 1528 2196 παρὰ
1576 2127 1686 2179 τῶν
1714 2126 1993 2179 λαϐόντων

405 2224 574 2293 αὐτὴν
599 2222 827 2277 ἄνωθεν.
852 2222 984 2276 Τότε
1003 2223 1060 2275 δὲ
1090 2222 1213 2275 οὐδὲ
1243 2220 1516 2275 κωλύεται
1544 2220 1789 2287 εὐλογεῖν
1825 2217 1992 2285 ἄλλης

404 2314 480 2367 ὢν
516 2315 817 2377 ἐπίσκοπος
853 2314 1101 2380 πόλεως,
1138 2312 1263 2366 ἐπεὶ
1314 2312 1376 2366 τὸ
1425 2312 1708 2378 ἐνδόσιμον
1747 2310 1883 2379 ἔχει,
1917 2309 1993 2373 ὡς

405 2404 528 2473 ἄρτι
577 2405 1001 2474 χειροτονηθείς.
1031 2403 1321 2473 Λαμῦάνει
1373 2404 1431 2457 δὲ
1478 2405 1573 2456 καὶ
1617 2405 1709 2455 τὸν
1743 2403 1989 2472 μανδύαν

410 2498 549 2564 μετὰ
598 2497 706 2549 τῶν
755 2495 1014 2565 ποταμῶν
1046 2496 1122 2558 ὡς
1160 2494 1504 2562 διδάσκαλος,
1543 2494 1660 2557 τοῦ,
1702 2514 1722 2546 ‹
1767 2494 1861 2547 Ἐκ
1883 2494 1993 2546 τῶν

405 2585 649 2655 οὐρανῶν
696 2587 860 2651 ἐδέξω
889 2587 988 2659 τὴν
1020 2587 1172 2641 θείαν
1221 2587 1408 2658 χάριν,
1459 2606 1476 2638 ι
1515 2586 1814 2655 λεγομένου
1841 2599 1857 2615 '
1906 2585 1991 2638 ὅτι

405 2680 496 2732 καὶ
535 2679 645 2733 ἀπὸ
672 2680 784 2731 τῶν
832 2679 1081 2749 οὐρανῶν
1108 2682 1141 2748 ἡ
1174 2681 1335 2750 χάρις
1362 2681 1495 2751 ἡμῖν
1522 2680 1816 2748 ἐκκέχυται
1839 2694 1854 2710 ο
1894 2679 1990 2732 καὶ
2018 2740 2021 2741 ν

405 2773 467 2826 τὸ
524 2774 813 2842 ὲγκόλπιον
869 2773 946 2839 ὡς
1008 2775 1191 2826 ἔνθεον
1251 2773 1590 2844 ἀρραϐῶνα“
1638 2774 1722 2826 ὅτι
1777 2773 1874 2826 καὶ
1929 2773 1991 2825 τὸ

406 2863 700 2933 πρόσωπον
738 2864 893 2934 φέρει
924 2863 1185 2934 Χριστοῦ,
1215 2864 1311 2916 καὶ
1345 2865 1403 2915 ἐν
1449 2863 1673 2934 Χριστῷ
1709 2862 1805 2914 τοῦ
1838 2861 1991 2932 πρὼ-

402 2972 498 3009 του
530 2956 834 3025 ἀρχιερέως
855 2971 872 2989 ⁸
901 2958 993 3009 καὶ
1023 2957 1105 3009 ὅτι
1139 2957 1375 3025 νυμφίος
1405 2956 1599 3021 γέγονε
1627 2955 1726 3024 τῆς
1761 2954 1991 3024 Ἐκκλη-

406 3046 527 3110 σίας
582 3047 844 3119 Χριστοῦ,
870 3048 968 3101 καὶ
1016 3049 1074 3100 ὲν
1129 3048 1209 3119 τῷ
1241 3047 1423 3118 καιρῷ
1477 3047 1577 3116 τῆς
1627 3046 1991 3117 νυμφεύσεως

405 3140 587 3192 πᾶσαν
638 3139 901 3207 κέκτηται
954 3139 1053 3206 τὴν
1103 3138 1290 3194 ἄδειαν
1358 3139 1608 3207 εὐλογεῖν
1661 3156 1721 3191 τε
1773 3140 1872 3192 καὶ
1903 3136 1993 3191 εὐ-

406 3232 617 3302 χεσθαι,
645 3232 714 3303 ἢν
742 3231 839 3284 καὶ
880 3233 911 3284 ὁ
951 3231 1180 3301 γνήσιος
1230 3231 1393 3294 αὐτὸς
1428 3230 1721 3302 ἀρχιερεύς
1746 3242 1760 3257 ⁸
1788 3231 1850 3283 οὐ
1886 3230 1994 3300 μὴν

402 3322 462 3376 δὲ
498 3324 849 3392 χειροτονεῖν.
878 3323 987 3375 Καὶ
1018 3321 1235 3391 εὐλογεῖ
1263 3320 1319 3375 δὲ
1344 3322 1634 3393 παρρησίᾳ
1663 3322 1785 3375 κατ’
1820 3321 1993 3389 αὐτὴν

409 3414 576 3486 μόνην
605 3413 704 3486 τὴν
729 3414 970 3487 ἡμέραν.
1070 3476 1077 3481 ,

975 3523 1229 3581 ΚΕΦΑΛ.
1273 3524 1417 3583 ΣῙΖ’.

405 3617 569 3671 Διατί
595 3613 1008 3686 προπέμπεται
1045 3619 1117 3672 ἐν
1174 3618 1252 3687 τῇ
1297 3620 1492 3687 πόλει,
1534 3619 1634 3674 καὶ
1692 3620 1939 3690 εὐλογεῖ
1958 3623 1993 3675 ό

960 3691 1369 3758 χειροτονηθει
1375 3712 1428 3757 ς.

477 3780 565 3835 Διὸ
596 3780 694 3835 καὶ
718 3783 857 3852 μετά
886 3781 988 3853 τὴν
1013 3770 1296 3852 τράπὲζαν
1322 3783 1785 3852 ὲπικαθεζόμενος
1813 3785 1987 3854 ἵππῳ,

408 3873 592 3927 κυκλοῖ
649 3873 750 3945 τὴν
785 3874 943 3929 πόλιν
993 3875 1466 3946 δορυφορούμενος
1491 3895 1504 3908 υ
1538 3878 1636 3931 καὶ
1694 3878 1989 3945 σφραγίζει

406 3966 612 4031 πάντας
637 3969 732 4021 καὶ
764 3968 1000 4036 εὐλογεῖ,
1036 3966 1279 4036 ἁγιάζων
1303 3969 1370 4038 τῇ
1405 3968 1662 4039 σφραγῖδι
1685 3968 1783 4039 τὴν
1808 3969 1986 4037 πόλιν,

405 4063 500 4117 καὶ
523 4063 886 4133 ἐπευχόμενος
911 4062 987 4127 ὡς
1023 4063 1211 4125 καινὸς
1254 4063 1498 4132 γεγονὼς
1545 4065 1856 4136 ἀρχιερεὺς,
1888 4065 1990 4132 τῆς

404 4153 851 4225 ἑγκαινισθεισης
880 4155 1033 4225 αὐτῷ
1075 4155 1390 4225 μεταδιδοὺς
1419 4155 1571 4220 θείας
1601 4156 1850 4227 χάριτος,
1892 4157 1989 4209 καὶ

402 4247 674 4320 ἁγιασμδν
702 4250 772 4320 τῇ
810 4249 1036 4322 εὐλογίᾳ
1064 4250 1344 4324 χορηγῶν,

970 4541 1227 4596 ΚΕΦᾹΛ.
1290 4543 1352 4596 ΣΙ
1362 4542 1440 4598 H'.

409 4654 473 4708 Τί
500 4655 566 4708 τὸ
593 4654 883 4710 ἀπελθεῖν
906 4657 994 4722 εις
1013 4657 1121 4710 τὸν
1143 4656 1412 4721 ,βασιλέα
1439 4655 1535 4709 καὶ
1565 4656 1859 4722 εὔξασθαι
1880 4658 1989 4714 τὸν

475 4728 694 4797 νεωστὶ
755 4727 1254 4797 χειροτονηθέντα
1311 4728 1609 4796 ἀρχιερέα,
1677 4732 1775 4784 καὶ
1824 4729 1988 4797 ὅπως

475 4796 656 4850 τοῦτο
684 4796 922 4863 πρῶτον
949 4797 1206 4867 ἐγίνετο.

472 4884 565 4938 Διὸ
589 4884 653 4955 δὴ
683 4887 775 4938 καὶ
797 4886 872 4949 ὡς
900 4888 1040 4956 πρὸς
1064 4887 1199 4940 Θεὸν
1243 4888 1563 4959 παρρησίαν
1594 4890 1731 4959 ἔχων
1778 4891 1876 4945 καὶ⁵
1918 4893 1986 4963 τῇ

405 4978 711 5046 χειροτονίᾳ
735 4977 1053 5047 δυνάμενος,
1091 4978 1183 5031 καὶ
1215 4977 1293 5047 τῷ
1331 4978 1542 5047 βασιλεῖ
1577 4981 1857 5048 πέμπεται
1892 4981 1986 5034 εὐ-

407 5062 630 5134 ξόμενος
655 5065 795 5135 ὑπὲρ
815 5066 1005 5130 αὐτοῦ,
1047 5070 1142 5122 καὶ
1168 5066 1285 5137 ἅμα
1310 5068 1386 5131 ὡς
1413 5070 1637 5138 χριστὸς
1671 5070 1877 5139 Κυρίου
1896 5069 1985 5141 ,τῷ

407 5156 706 5227 Πνεύματι,
754 5159 849 5209 τὸν
890 5159 1112 5230 χριστὸν
1164 5160 1367 5230 Κυρίου
1403 5161 1481 5231 τῷ
1536 5161 1693 5231 μύρῳ
1743 5162 1987 5230 εὐλογῶν

407 5250 502 5303 καὶ
524 5248 789 5320 ἐνισχύων
819 5253 934 5313 ταῖς
966 5252 1176 5321 εὐχαῖς.
1213 5252 1377 5305 Ὅθεν
1413 5254 1506 5306 καὶ
1539 5253 1793 5307 ἀπελθὼν
1828 5252 1987 5324 εὐχε-

405 5357 495 5393 ται
530 5341 601 5395 τὰ
633 5343 768 5410 πρὸς
800 5346 1075 5412 σωτηρίαν
1105 5343 1277 5413 αὐτῷ’
1343 5346 1431 5397 ὅτε
1467 5347 1559 5397 καὶ
1591 5347 1856 5415 πρότερον
1889 5348 1987 5416 μὲν

407 5432 615 5501 ἐγίνετο
648 5431 912 5502 θεοφιλῶς
959 5450 1017 5486 τε
1062 5436 1160 5486 καὶ
1195 5434 1427 5498 δεόντως
1474 5436 1712 5507 ήτάξις,
1755 5439 1833 5492 διὸ
1890 5440 1986 5492 καὶ

406 5526 668 5596 ἁνύσιμος
696 5521 765 5596 ἦν
792 5528 825 5597 ἡ
859 5522 1291 5597 τοῦ’ἀρχιερέως
1325 5528 1461 5599 εὐχή
1493 5544 1508 5558 ο
1537 5528 1633 5583 νῦν
1658 5530 1716 5584 δὲ
1761 5532 1989 5585 τούναν-

402 5619 522 5673 τίον
552 5619 860 5688 γινόμενον,
896 5619 1177 5689 ἄπρακτον
1215 5619 1313 5690 τὴν
1342 5620 1506 5692 εὐχὴν
1556 5623 1877 5693 ἀποφαίνει.
1913 5624 1987 5679 Τὸ

407 5712 634 5781 ἀρχαῖον
650 5712 760 5781 γὰρ
799 5709 924 5774 ἔθος
971 5706 1062 5780 ἦν,
1089 5712 1173 5765 ὅτι
1208 5704 1680 5783 ἀποστελλομένου
1734 5714 1831 5770 τοῦ
1867 5719 1988 5788 ῥαι-

408 5802 763 5876 φερενδαρῖου
795 5805 936 5874 μετὰ
979 5803 1076 5860 τοῦ
1109 5805 1415 5877 ἀρχιερέως
1462 5807 1547 5873 εις
1591 5809 1662 5865 τὰ
1708 5809 1982 5881 βασίλεια,

2101 1941 2208 2002 que
2240 1927 2292 1978 in
2324 1926 2429 1980 hac
2463 1941 2601 1982 nova
2630 1933 3049 1988 consecratione
3077 1934 3457 1993 abundantius
3506 1939 3575 1993 ab
3625 1939 3694 1996 iis

2102 2015 2483 2097 suppeditatur
2518 2015 2609 2085 qui
2639 2031 2760 2073 eam
2813 2036 3052 2092 superne
3090 2038 3446 2096 acceperunt.
3499 2028 3695 2101 Neque

2101 2105 2266 2161 etiam
2292 2116 2427 2164 tunc
2454 2109 2785 2168 benedicere
2816 2115 3162 2185 prohibetur,
3203 2119 3335 2175 licet
3369 2122 3596 2179 alterius
3623 2125 3698 2181 sit

2052 2221 2057 2226 -
2103 2195 2257 2251 urbis
2290 2198 2603 2269 cpiscopus,
2634 2217 2762 2257 cum
2797 2204 2960 2274 hujus
2999 2209 3100 2273 rei,
3139 2220 3199 2266 ut
3233 2227 3428 2268 recens
3463 2215 3697 2269 ordina-

2103 2296 2191 2342 tus
2212 2328 2228 2352 ,
2270 2299 2599 2358 potestatem
2630 2295 2854 2352 habeat.
2886 2298 3104 2370 Accipit
3137 2296 3358 2374 quoque
3401 2308 3697 2379 mandyam

2101 2380 2217 2435 sive
2251 2382 2475 2451 palliUm
2508 2386 2834 2444 undulatum
2871 2391 3014 2447 velut
3043 2395 3257 2462 doctor,
3285 2396 3415 2452 dum
3451 2400 3650 2455 dicitur
3679 2418 3697 2457 :

2108 2493 2127 2526 ι
2160 2474 2238 2531 De
2260 2478 2416 2535 caelis
2454 2483 2715 2549 accepisti
2751 2483 2991 2540 divinam
3034 2490 3309 2560 gratiam;
3343 2511 3363 2544 ι
3418 2493 3546 2563 quia
3574 2490 3700 2566 gra-

2100 2565 2173 2620 tia
2214 2581 2246 2621 ε
2276 2568 2431 2625 ctelis
2458 2569 2513 2624 in
2542 2585 2641 2626 nos
2671 2572 2842 2630 effusa
2871 2585 2979 2641 est,
3013 2585 3067 2632 et
3091 2595 3190 2650 per
3211 2582 3553 2653 encolpium,
3576 2565 3697 2643 sive

2100 2672 2199 2725 per
2230 2662 2411 2716 crucis
2446 2663 2695 2733 reliquiis
2715 2666 2953 2735 gravidae
2983 2684 3110 2738 quae
3164 2672 3307 2727 collo
3362 2678 3697 2746 appenditur

2100 2752 2480 2816 traditionem,
2517 2765 2578 2811 ut
2632 2773 2732 2827 per
2766 2758 3017 2815 divinum
3079 2763 3447 2823 arrliabonem
3494 2770 3698 2828 conﬁr-

2101 2853 2320 2899 matur:
2354 2848 2618 2916 quoniam
2662 2851 2827 2906 etiam
2860 2869 3150 2923 personam
3179 2856 3390 2914 Christi
3434 2861 3695 2929 sustinet,

2098 2944 2155 2991 et
2188 2935 2241 2990 in
2271 2936 2495 2995 Christo
2527 2942 2689 3010 primi
2720 2943 3151 3015 episcopi.Quia
3185 2949 3424 3021 denique
3455 2968 3695 3025 sponsus

2100 3025 2359 3083 Ecclesiae
2391 3029 2597 3087 Christi
2629 3032 2808 3090 factus
2856 3042 2961 3101 est,
3002 3045 3057 3091 et
3111 3038 3213 3094 hac
3239 3041 3455 3099 ratione
3476 3059 3698 3104 omnem

2103 3116 2267 3174 habet
2302 3127 2626 3185 potestatem
2664 3124 3044 3189 benediccudi.
3095 3136 3153 3183 et
3204 3133 3468 3199 precandi
3526 3151 3695 3206 quam

2101 3225 2399 3280 germanus
2431 3212 2578 3268 illius
2602 3215 2756 3272 urbis
2787 3218 3103 3288 episcopus,
3157 3234 3268 3275 non
3298 3230 3485 3278 tamen
3540 3227 3699 3282 ordi-

2104 3304 2293 3359 nandi.
2326 3304 2614 3361 Benedicit
2648 3316 2831 3364 autem
2864 3300 3088 3381 publice
3111 3321 3165 3368 et
3197 3317 3542 3376 conﬁdenter
3598 3334 3699 3391 per

2103 3395 2252 3451 hunc
2272 3397 2448 3453 solum
2475 3399 2645 3454 diem.

2634 3514 2868 3572 CAPUT
2907 3517 3160 3577 CCXVII.

2103 3602 2280 3667 Quare
2305 3594 2573 3660 civitatein
2603 3612 2898 3677 perequitat
2924 3628 3102 3666 recens
3126 3616 3410 3672 ordinatus
3449 3626 3500 3671 et
3527 3615 3693 3674 bene-

2471 3679 2755 3732 dictionem
2789 3682 3020 3749 impertit
3051 3686 3317 3743 omnibus.

2171 3766 2299 3821 Ideo
2332 3778 2621 3839 postquam
2657 3770 2726 3825 ab
2759 3772 2920 3826 altari
2950 3777 3201 3845 recessit,
3236 3793 3381 3848 equo
3442 3779 3694 3840 insidens

2099 3868 2255 3928 gyrat
2289 3860 2476 3914 urbem
2497 3903 2513 3930 ,
2537 3863 2832 3917 satellitum
2863 3874 3202 3921 armatorum
3227 3883 3432 3925 corona
3451 3874 3693 3943 cinctus,

2099 3951 2393 4019 crucisque
2426 3951 2585 4020 signo
2615 3952 2800 4022 signat
2840 3969 3056 4021 omnes,
3114 3966 3171 4012 et
3227 3960 3541 4018 benedicil:
3595 3979 3691 4019 ur-

2099 4042 2247 4096 bem.
2276 4059 2498 4113 quoque
2551 4045 2712 4114 signo
2766 4048 2950 4102 crucis
2987 4051 3338 4119 sanctificat;
3375 4064 3431 4109 et
3496 4068 3689 4124 preces

2098 4132 2309 4187 faciens
2335 4146 2392 4187 ut
2423 4150 2599 4190 novus
2630 4136 2813 4193 factus
2851 4139 3152 4209 episcopus
3179 4143 3421 4199 divinam
3458 4145 3691 4218 insuper

2098 4228 2327 4294 gratiam
2371 4243 2478 4298 qua
2527 4243 2621 4296 per
2673 4243 2872 4283 novam
2919 4234 3391 4289 consecrationem
3451 4235 3690 4294 donatus

2097 4321 2623 4387 est,couununicat,
2663 4332 2716 4377 et
2764 4323 3258 4381 sanctiﬁcationcm
3304 4328 3691 4387 benedictione

2083 4410 2354 4486 largitur.

2017 4531 2070 4591 D

2628 4529 2856 4585 CAPUT
2888 4529 3169 4590 CCXVIII.

2095 4644 2273 4712 Quare
2330 4662 2508 4700 recens
2546 4646 2828 4701 ordinatus
2877 4651 3153 4717 episcOpus
3207 4650 3317 4704 abit
3361 4651 3432 4704 ad
3455 4653 3689 4720 impera-
3732 4694 3735 4697 -

2161 4725 2328 4853 ;arem
2353 4728 2609 4857 etfproeo
2644 4731 2910 4781 precatur,
2943 4729 2992 4773 et
3031 4724 3293 4788 quomodo
3337 4724 3435 4776 hoc
3482 4726 3687 4791 pridem

2189 4797 2363 4841 actum
2426 4801 2584 4843 ueru.

2189 4797 2363 4841 actum
2403 4797 2584 4843 luerit.

2163 4872 2529 4946 Quapropter,
2564 4885 2623 4931 ut
2672 4876 2817 4946 apud
2853 4877 3023 4934 Deum
3057 4881 3447 4936 conﬁdentiam
3483 4897 3681 4938 conse-

2092 4978 2277 5033 cutus,
2310 4982 2363 5025 ct
2398 4969 2749 5025 ordinatione
2779 4989 2878 5026 sua
2917 4981 3136 5041 potens,
3170 4975 3237 5029 ad
3291 4975 3679 5040 imperatorem

2092 5063 2333 5116 mittitur
2363 5063 2479 5133 ipse
2519 5064 2659 5117 bene
2706 5072 3058 5130 precaturus,
3089 5075 3141 5119 et
3201 5067 3371 5122 simul
3426 5079 3487 5122 ut
3538 5071 3682 5125 chri-

2092 5166 2212 5210 stus
2245 5155 2455 5208 Domini
2491 5171 2586 5224 per
2620 5154 2906 5225 Spiritum.
2933 5157 3197 5211 christum
3246 5158 3457 5215 Domini
3499 5162 3680 5217 chris-

2092 5258 2237 5303 mate
2290 5248 2495 5303 factum
2551 5248 2844 5310 benedieit.
2904 5259 2957 5305 et
3016 5252 3273 5319 precibus
3332 5257 3676 5311 corroborat.

2095 5341 2251 5399 Unde
2286 5342 2353 5396 ad
2384 5359 2509 5398 cum
2547 5345 2781 5414 accedit,
2826 5354 2879 5399 ct
2925 5362 3047 5415 qua:
3101 5348 3364 5403 salutaria
3416 5359 3564 5416 sunt,
3629 5349 3682 5408 ci

2092 5446 2371 5506 precatur.
2423 5437 2525 5493 llic
2574 5439 2710 5494 ordo
2758 5440 2910 5508 prius
2956 5444 3217 5495 decenter
3262 5453 3315 5496 et
3371 5444 3678 5496 secundum

2091 5530 2260 5584 Deum
2296 5540 2543 5587 amanter
2568 5534 3006 5601 observabatur;
3042 5534 3167 5588 ideo
3195 5535 3438 5604 episcopi
3496 5537 3678 5593 oratio

2091 5622 2389 5693 plurimum
2421 5633 2540 5679 erat
2566 5625 2717 5681 Utilis
2737 5635 2792 5681 et
2820 5610 3038 5681 ellicax.
3061 5623 3219 5680 Nunc
3269 5640 3398 5678 vero
3458 5635 3680 5680 contra-

2091 5721 2236 5773 rium
2270 5717 2620 5773 observatum
2655 5719 2959 5775 orationem
2995 5719 3176 5773 reddit
3202 5717 3477 5771 inutilem.
3520 5719 3676 5772 Anti-

2089 5811 2278 5883 quitus
2301 5825 2420 5867 mos
2452 5823 2571 5868 erat
2603 5822 2663 5868 ut
2715 5812 3029 5868 mitteretur
3050 5810 3495 5880 _rcfereudarius
3555 5828 3677 5869 cuiu
