4078 6476
398 324 502 392 631

1222 324 1615 386 SYMEON'IS
1657 322 2435 388 THESSALONICENSIS
2474 322 2841 385 ARCHIEP.

3560 320 3686 388 432

399 440 659 509 episcopo
689 436 742 492 in
765 434 1004 493 Caesaris
1033 435 1328 506 palatium,
1391 437 1626 509 piusque
1684 438 1983 507 imperator

2087 434 2266 491 ἐποίει
2322 437 2673 506 παράστασιν
2713 437 2741 487 6
2774 431 3011 503 εὐσεϐὴς
3046 429 3330 502 βασιλεὺς,
3365 432 3456 485 καὶ
3513 435 3687 504 ἐρχό-

400 533 690 586 stationem
724 529 927 584 faceret
958 529 1136 585 donec
1171 530 1382 584 veniret
1406 529 1722 599 episcopus.
1749 526 1828 584 Eo
1873 529 1978 599 igi-

401 632 490 677 tur
515 622 807 678 accedente
842 620 1059 677 dicebat
1084 618 1354 677 diaconus
1379 636 1392 675 :
1422 638 1441 672 ι
1474 619 1769 675 Dominum
1792 620 1984 690 depre-

402 729 643 776 ccmum
673 721 728 768 et
755 712 1049 782 episcopus
1070 711 1379 766 orationem
1408 710 1640 780 legebat,
1676 718 1984 780 praestoque

398 812 517 861 erat
537 803 910 869 thuribulum,
943 812 1002 857 ut
1025 801 1296 857 scribitur
1328 802 1381 856 in
1411 800 1532 855 Vita
1551 801 1727 856 sancti
1755 801 1979 870 Amphi-

397 896 589 954 lochii.
630 894 746 951 [loc
776 908 923 949 nunc
946 892 1078 948 facit
1102 891 1415 965 patriarcha
1458 890 1651 961 quinta
1676 891 1763 946 die
1794 904 1976 945 nova:

400 992 694 1060 episcopus
729 995 956 1055 accepto
979 985 1282 1049 thuribulo,
1315 983 1477 1039 thure
1524 984 1755 1038 incenso
1810 984 1978 1050 impe-

398 1092 635 1136 ratorem
672 1079 967 1151 perfundit,
998 1087 1051 1133 ct
1077 1092 1201 1131 cum
1232 1077 1352 1145 ipso
1398 1075 1773 1130 communicat
1834 1073 1978 1128 divi—

399 1192 524 1229 nam
560 1174 790 1244 gratiam
821 1181 875 1228 et
901 1170 1413 1226 sanctiﬁcationem.
1440 1168 1756 1223 inclinante
1810 1175 1979 1238 caput

397 1270 752 1337 imperatore,
787 1275 845 1317 ut
867 1261 1203 1333 signiﬁcatur
1231 1260 1284 1313 in
1318 1260 1441 1317 Vita
1498 1258 1676 1314 sancti
1736 1257 1974 1312 Ambro-

396 1359 487 1423 sii,
532 1355 883 1427 impertiebat
933 1353 1013 1408 illi
1060 1349 1501 1406 benedictionem
1549 1348 1866 1418 episcOpns,
1921 1355 1979 1401 ut

394 1465 586 1507 recens
614 1447 928 1510 ordinatus,
966 1452 1021 1499 et
1055 1440 1168 1512 jam
1203 1439 1413 1510 Spiritu
1437 1439 1753 1502 innovatus,
1786 1447 1841 1493 et
1888 1453 1977 1491 va-

394 1546 513 1599 lens
541 1544 597 1598 in
629 1540 856 1597 Christo
882 1535 1212 1592 benedicere
1270 1538 1325 1587 et
1376 1530 1741 1586 sanctiﬁcare.
1783 1528 1976 1584 Postea

2090 545 2253 600 μενος
2286 529 2315 582 6
2364 528 2684 599 ἀρχιερεὺς,
2739 525 2837 580 τοῦ
2886 526 3135 581 διακόνου
3194 524 3467 592 λέγοντος,
3506 544 3525 578 ι
3562 520 3688 581 Τοῦ

2084 622 2295 693 Κυρίου
2314 621 2626 691 δεηθῶμεν,
2659 639 2679 672 ι
2721 620 3062 688 ἀνεγίνωσκε
3105 619 3206 686 τὴν
3239 616 3428 688 εὐχὴν,
3455 619 3547 671 καὶ¹
3579 619 3684 673 δν·

2081 732 2174 779 τος
2203 712 2503 784 θυμιατοῦ,
2533 713 2610 773 ὡς
2644 714 2740 767 καὶ
2763 714 2821 765 έν
2857 711 2935 782 τῷ
2963 710 3065 781 βίῳ
3094 710 3189 765 τοῦ
3221 710 3368 763 θείου
3417 709 3688 780 Ἀμφιλο-

2082 807 2205 876 χίου
2228 808 2570 877 γέγραπται,
2597 803 2757 857 τοῦτο
2782 802 2839 857 δὲ
2871 801 2966 856 νῦν
3003 803 3031 855 6
3070 800 3420 871 πατριάρχης
3462 802 3527 871 τῇ
3574 803 3686 872 νέᾳ

2083 898 2317 969 Πέμπτῃ
2351 899 2524 957 ποιεῖ.
2573 894 2874 965 λαμϐάνων
2903 894 2934 947 6
2962 893 3256 964 ἀρχιερεὺς
3299 893 3359 946 τὸ
3386 891 3678 962 θυμιατὺν,

2080 987 2283 1057 ἐθυμία
2313 987 2408 1041 τὸν
2445 985 2701 1055 βασιλέα,
2746 982 3063 1054 μεταδιδοὺς
3089 982 3242 1051 αὐτῷ
3274 980 3424 1043 θείας
3451 981 3684 1051 χάριτος

2081 1081 2176 1135 καὶ
2208 1078 2521 1150 ἁγιασμοῦ,
2561 1078 2658 1131 καὶ
2708 1076 3093 1137 ὐποκλίνοντος
3123 1073 3217 1128 τοῦ
3267 1073 3530 1144 βασιλέως
3572 1074 3682 1142 τὴν

2081 1172 2346 1241 κεφαλὴν,
2394 1170 2473 1234 ὡς
2534 1171 2631 1224 καὶ
2684 1169 2742 1222 ὲν
2771 1167 2849 1236 τῷ
2902 1166 3004 1237 βίῳ
3051 1165 3150 1220 τοῦ
3216 1164 3374 1233 ἁγίου
3420 1162 3681 1231 δηλοῦται

2092 1261 2447 1333 ’Δμὸροσέου,
2484 1260 2664 1314 ἐδίδου
2717 1258 2973 1327 εὐλογίαν
3000 1257 3152 1326 αὐτῷ
3183 1256 3213 1309 6
3261 1255 3566 1326 ἀρχιερεὺς,
3594 1254 3680 1316 ὡς

2079 1353 2278 1405 νεωστὶ
2304 1350 2713 1422 χειροτονηθεὶς
2749 1350 2842 1402 καὶ
2869 1348 3242 1416 έγκαινισθεὶς
3269 1347 3368 1417 ἤδη
3390 1345 3467 1415 τῷ
3501 1345 3679 1398 ΙΙνεύ-

2082 1460 2236 1511 ματι,
2274 1443 2368 1496 καὶ
2397 1442 2605 1512 ίσχύων
2622 1444 2681 1496 ὲν
2706 1439 2932 1510 Χριστῷ
2965 1442 3195 1520 είρήνην
3251 1455 3310 1491 τε
3332 1440 3424 1490 καὶ
3451 1438 3676 1507 ἀγάπην

2080 1536 2291 1587 καὶτὸν
2321 1534 2603 1603 ἁγιασμόν
2627 1548 2643 1564 ο
2679 1534 2840 1601 ἅγιος
2884 1533 2993 1601 γὰρ
3024 1536 3090 1602 τῇ
3140 1529 3395 1586 κοινωνία
3428 1529 3533 1581 τῶν
3566 1546 3678 1597 μυ-

396 1638 783 1704 imperatorem
815 1629 869 1684 in
897 1643 993 1683 ore
1025 1624 1379 1683 osculabatur
1413 1630 1634 1694 propter
1678 1636 1798 1675 eam
1855 1635 1977 1690 quae

2086 1622 2323 1690 στηρίων
2356 1623 2452 1676 καὶ
2477 1623 2545 1692 τῇ
2596 1619 2908 1692 χειροτονίᾳ
2958 1624 2986 1674 ὁ
3017 1621 3337 1692 ἀρχιερεύς.
3393 1619 3552 1672 Ἀλλὰ
3574 1620 3676 1671 καὶ

397 1725 452 1778 in
501 1722 723 1777 Christo
744 1727 831 1774 est
862 1731 1075 1788 pacem,
1111 1714 1434 1771 charitatem
1488 1720 1543 1767 et
1587 1712 1978 1768 sanctiﬁcatio-

2086 1714 2155 1778 ὡς
2174 1715 2460 1768 κοινωνίαν
2482 1714 2624 1784 μετὰ
2644 1713 2739 1767 τοῦ
2766 1713 3030 1784 βασιλέως
3059 1713 3202 1784 ἔχων
3229 1715 3296 1791 τῇ
3315 1709 3616 1783 χειροτονίᾳ.
3642 1712 3677 1764 6

395 1828 545 1869 nem.
576 1811 811 1866 Sanctus
843 1808 989 1863 enim
1020 1814 1101 1861 est
1132 1806 1428 1876 episcOpus
1493 1818 1604 1858 non
1654 1803 1819 1858 modo
1864 1818 1985 1876 my-

2093 1806 2384 1876 ἀρχιερεὺς
2403 1783 2564 1859 τοῦτο
2589 1783 2788 1859 ὲποίεινσ
2808 1807 2891 1861 ὅτι
2913 1808 2941 1860 6
2973 1807 3072 1876 μὲν
3092 1783 3176 1875 ίτῷ
3206 1788 3469 1875 χρίσματι
3497 1804 3674 1870 ἅγιος,

399 1906 692 1959 steriorum
712 1898 1099 1956 communione
1121 1905 1177 1951 et
1210 1896 1583 1960 ordinatione,
1605 1909 1796 1949 verum
1813 1895 1977 1950 etiam

2086 1900 2197 1970 ἡτόι
2244 1902 2273 1953 6
2324 1900 2554 1970 εὐσεϐὴς
2614 1899 2890 1970 βασιλεὺς,
2955 1904 2983 1956 6
3017 1901 3077 1954 δέ
3105 1917 3169 1971 γε
3198 1899 3493 1970 ἀρχιερεὺς
3522 1897 3679 1964 ἅγιος

397 1995 502 2050 hoc
528 1994 658 2049 facit
692 2002 752 2046 ut
778 1990 988 2046 habens
1018 1989 1368 2045 ordinatione
1399 2002 1498 2044 sua
1554 2001 1679 2042 cum
1730 1988 1974 2058 impera-

2086 1992 2141 2060 τῇ
2164 1991 2489 2061 χειροτονίᾳ.
2558 1992 2713 2047 Μετὰ
2749 1993 2806 2047 δὲ
2831 1994 2921 2049 τὸν
2952 2002 2969 2027 ¹
3001 1993 3302 2062 ἀσπασμὸν
3357 1988 3681 2062 προσκυνῶν

397 2097 515 2141 tore
565 2084 1029 2138 communionem.
1092 2079 1229 2135 Nam
1306 2079 1604 2150 religiosus
1678 2079 1977 2149 imperator

2086 2083 2140 2150 τῇ
2171 2081 2386 2151 κεφαλῇ
2419 2082 2511 2133 τὸν
2552 2079 2779 2151 βασιλέα
2814 2084 2902 2138 διὰ
2934 2084 3039 2156 τὴν
3099 2083 3377 2154 κοσμικὴν
3408 2080 3678 2146 ἐξουσίαν.

397 2176 697 2233 chrismate
773 2173 990 2245 quidem
1051 2180 1275 2228 sanctus
1338 2181 1442 2236 est,
1495 2172 1788 2239 episcopus
1844 2184 1974 2225 vero

2086 2173 2358 2242 ὶπήρχετο
2382 2175 2410 2226 6
2446 2174 2764 2245 ἀρχιερεύς.
2800 2177 2993 2230 Πολλοὶ
3029 2175 3090 2231 δὲ
3120 2176 3230 2230 τῶν
3264 2173 3501 2228 εὐσεϐῶν
3529 2172 3683 2243 βασι-

393 2269 760 2324 ordinatione.
789 2264 917 2319 Post
946 2264 1194 2318 osculum
1221 2263 1525 2317 honorabat
1555 2265 1850 2331 episcopus
1891 2261 1976 2315 in-

395 2359 694 2413 clinatione
717 2354 911 2423 capitis
954 2354 1338 2422 imperatorem
1367 2359 1590 2421 propter
1631 2352 1970 2406 mundanam

394 2459 744 2521 poteStatem,
773 2456 825 2501 et
854 2444 1195 2501 discedebat.
1226 2442 1377 2497 Multi
1432 2442 1809 2514 religiosorum
1869 2443 1974 2496 im-

392 2552 706 2614 peratorum
733 2557 856 2597 eum
882 2540 1204 2595 muneribus
1237 2538 1540 2604 donabant,
1578 2545 1641 2590 ut
1679 2553 1778 2608 pro
1836 2536 1972 2607 ipsis

393 2648 697 2711 precatum,
732 2645 785 2689 et
811 2633 1109 2688 honoriﬁce
1136 2631 1503 2693 dimittebant,
1543 2642 1602 2685 ut
1654 2630 1962 2686 sanctiﬁca‘

396 2742 531 2789 tum.
565 2733 656 2785 Sic
696 2744 927 2798 magnus
952 2727 1354 2783 Constantinus
1387 2739 1497 2782 non
1534 2725 1695 2779 modo
1721 2725 1967 2778 divinum

2084 2261 2223 2316 λέων
2253 2264 2349 2317 καὶ
2367 2263 2668 2335 ἐδωροῦντο
2688 2266 2863 2337 τούτῳ
2886 2268 2962 2333 ὡς
2983 2268 3283 2339 εὐξαμένῳ
3315 2267 3452 2335 ὑπὲρ
3475 2262 3677 2327 αὐτῶν,

2081 2358 2177 2411 καὶ
2210 2360 2572 2430 προέπεμπον
2617 2361 2693 2424 ὡς
2742 2364 3114 2434 ἡγιασμένον,
3157 2364 3233 2428 ὡς
3262 2365 3356 2419 καὶ
3384 2365 3677 2416 Κωνσταν-

2081 2452 2225 2513 τίνος
2251 2451 2279 2503 6
2308 2452 2523 2519 Μέγας,
2556 2451 2616 2504 οὐ
2645 2453 2737 2506 τὸν
2766 2453 2908 2508 θεῖον
2950 2455 3291 2526 Σίλόεστρον
3324 2456 3503 2524 μόνον,
3534 2450 3677 2505 ἀλλὰ

2089 2542 2185 2594 καὶ
2221 2544 2348 2605 τοὺς
2384 2544 2441 2595 έν
2498 2545 2568 2614 τῇ
2619 2544 2826 2612 συνόδῳ
2861 2547 3080 2610 πάντας
3114 2547 3304 2618 σχεδὸν
3335 2544 3679 2617 προπέμπων

2081 2632 2279 2695 αὐτοὺς
2320 2635 2416 2687 καὶ
2460 2633 2637 2702 τιμῶν
2694 2637 2787 2687 καὶ
2836 2634 3193 2707 δωρούμενος
3220 2638 3554 2706 καθεωρᾶτο,
3583 2634 3680 2687 καὶ

2081 2723 2148 2776 τὰ
2176 2722 2267 2776 διὰ
2323 2724 2564 2793 Χριστὸν
2598 2725 2844 2780 παθόντα
2877 2728 3036 2797 τίμια
3069 2728 3283 2784 τούτων
3319 2731 3453 2800 μέλη
3485 2726 3682 2797 τιμῶν.

393 2823 755 2898 Sylveslrurn,
780 2823 875 2877 sed
903 2822 1063 2875 etiam
1094 2821 1382 2890 episcopos
1417 2832 1587 2887 prope
1634 2832 1827 2871 omnes
1874 2815 1967 2885 qui
2006 2823 2169 2870 erant
2205 2815 2262 2868 in
2300 2816 2511 2886 synodo
2540 2815 2843 2875 honorifice
2908 2821 3292 2878 comitabatur
3329 2834 3383 2878 et
3444 2823 3687 2878 deduce-

391 2922 504 2986 bat,
544 2931 598 2975 et
656 2917 1104 2988 conspiciebatur
1160 2915 1546 2985 largitionibus
1610 2928 1705 2967 eos
1808 2927 2171 2982 prosequens,
2224 2920 2281 2968 et
2367 2913 2612 2969 membra
2663 2928 2856 2969 eorum
2905 2916 3002 2986 qui
3086 2930 3318 2991 propter
3401 2921 3684 2976 Christum

391 3016 538 3084 passi
594 3014 846 3077 fuerant,
905 3018 963 3064 nt
994 3007 1210 3064 czeteris
1236 3007 1439 3078 -magis
1501 3004 1765 3076 pretiosa,
1795 3009 2092 3060 lmnorans.
2906 3030 2913 3036 -

845 3180 849 3185 .
939 3126 1171 3181 CAPUT
1201 3127 1430 3183 CCXIX.

393 3221 548 3287 Quod
573 3219 885 3289 episcopalis
924 3220 1165 3286 dignitas
1191 3235 1293 3271 non
1326 3221 1402 3271 ita
1428 3228 1483 3271 ut
1510 3223 1657 3288 prius
1681 3221 1979 3273 honoratur

633 3308 663 3343 ιι
702 3289 931 3360 regibus,
982 3288 1122 3341 unde
1156 3292 1240 3341 ira
1270 3289 1363 3341 Dei
1392 3300 1731 3356 provocatur.

471 3471 630 3526 Nunc
654 3477 831 3522 autem
868 3467 925 3521 ﬁt
953 3467 1180 3521 omnino
1211 3465 1571 3522 contrarium.
1614 3465 1977 3536 Exspectatur

340 3548 348 3555 ’
395 3564 616 3634 quidem
641 3562 953 3632 episcopus,
990 3560 1160 3625 venit,
1197 3566 1484 3629 precatur;
1543 3559 1745 3615 nullius
1794 3568 1974 3614 tamen

395 3653 621 3710 honoris
656 3659 880 3723 propter
908 3650 1189 3704 Christum
1250 3649 1451 3717 dignus
1511 3648 1816 3717 judic'atnr,
1877 3648 1971 3703 sed

394 3748 576 3817 potius
602 3745 990 3809 dedecoratnr,
1027 3752 1081 3796 et
1137 3758 1202 3797 eo
1233 3741 1328 3811 qui
1387 3741 1735 3798 benedicitur
1800 3742 1976 3798 multo

395 3842 575 3894 minor
604 3837 861 3899 habetur,
893 3845 947 3890 et
980 3836 1128 3889 illius
1170 3832 1481 3889 secundum
1506 3833 1829 3888 servitutem
1874 3834 1979 3887 mi-

395 3933 566 3988 nister
596 3929 894 3985 lectoribus
922 3928 1102 3993 vilior,
1138 3927 1233 3995 qui
1269 3924 1360 3979 die
1412 3925 1609 3995 quinto
1654 3939 1797 3979 novo
1849 3939 1975 3979 cum

390 4023 701 4095 patriarcha
725 4032 778 4076 et
809 4020 1024 4075 caeteris
1077 4016 1297 4072 clericis
1343 4015 1694 4084 imperatoris
1750 4029 1974 4071 manum

388 4129 670 4186 genasque
696 4112 1042 4169 osculantur.
1075 4110 1356 4165 Accedens
1386 4109 1530 4165 cnim
1567 4124 1756 4166 coram
1798 4110 1974 4181 impe-

395 4216 579 4260 ratore
604 4219 725 4261 sese
764 4202 1090 4275 prosternit,
1118 4211 1171 4257 et
1206 4210 1459 4271 precatus
1512 4202 1664 4258 illius
1692 4200 1974 4259 dexteram

392 4302 692 4355 osculatur.

953 4497 1182 4555 CAPUT
1221 4494 1428 4552 CCXX.

390 4616 546 4683 Quod
579 4615 850 4669 canonicis
881 4612 1360 4683 constitutionibus
1392 4613 1673 4683 aduersum
1704 4619 1802 4673 est,
1851 4611 1966 4677 epi-

459 4702 639 4754 scopos
659 4687 900 4739 dextram
926 4686 1060 4753 regis
1091 4682 1349 4754 osculari,
1368 4693 1412 4734 et
1436 4681 1713 4754 _episcopos
1739 4695 1799 4732 ac
1830 4696 1971 4747 μνω-

455 4749 655 4827 positos
686 4774 719 4810 a
755 4772 872 4826 rege
907 4749 1181 4824 transponi
1208 4754 1263 4805 in
1289 4753 1400 4804 alia
1428 4749 1567 4803 loca.

424 4916 437 5011 ς
460 4932 747 5001 Quomodo
808 4932 900 5002 qui
934 4942 1192 5003 precatus
1221 4943 1307 4984 εει
1338 4929 1443 4984 hoc
1500 4927 1663 4983 facit?
1687 4927 1967 4995 Quamob-

392 5041 505 5081 rem
548 5026 847 5095 imperator
874 5023 1179 5092 sacerdotis
1210 5034 1431 5073 manum
1476 5019 1787 5085 osculatur,
1823 5023 1972 5077 ordi-

393 5123 559 5171 natus
589 5130 717 5169 vero
747 5115 1033 5183 episcopus
1068 5120 1196 5181 post
1222 5111 1536 5167 orationem
1586 5112 1830 5167 habitam
1866 5113 1971 5168 im-

393 5208 664 5275 peratoris
702 5204 1099 5259 manumHloc
1132 5203 1191 5258 ﬁt
1244 5204 1399 5273 plane
1449 5212 1649 5272 praeter
1699 5205 1970 5260 rationem

397 5308 452 5350 et
481 5295 969 5363 inconsequenter.
990 5293 1127 5350 Vide
1162 5310 1290 5349 vero
1324 5305 1589 5364 quantum
1625 5306 1680 5350 et
1708 5299 1870 5368 quale
1901 5300 1974 5353 sit

394 5385 447 5440 id
462 5386 616 5457 'quod
637 5388 715 5440 iit.
734 5384 1122 5440 Sanctiﬁcatus
1141 5383 1371 5455 Spiritu,
1390 5395 1745 5443 consecratus
1762 5390 1973 5458 episco-

399 5477 629 5546 pus,qui
663 5489 882 5528 manum
908 5473 1070 5528 habet
1095 5474 1518 5540 sanctiﬁcatam,
1547 5478 1618 5532 ita
1649 5485 1706 5531 ut
1727 5481 1897 5548 possit
1920 5486 1975 5533 et

399 5567 675 5634 ordinare,
692 5575 745 5621 et
765 5565 1108 5634 benedicere,
1132 5575 1188 5621 et
1219 5581 1383 5622 cruce
1407 5568 1624 5637 signare
1653 5570 1805 5627 viros
1831 5572 1970 5642 pios,

395 5658 511 5726 ipse
559 5657 813 5714 manibus
845 5657 1063 5727 ligatur.
1098 5657 1287 5713 Manus
1308 5673 1436 5713 vero
1457 5661 1519 5716 ad
1544 5661 1972 5719 benedicendum

398 5764 503 5804 non
534 5759 902 5820 consecratas,
938 5749 1031 5807 sed
1068 5751 1370 5807 mundanas
1392 5760 1443 5808 et
1469 5752 1779 5821 bellicosas,
1816 5757 1973 5812 labiis

2000 3115 2050 3179 Ο

2542 3132 2702 3204 ιθσ
2748 3131 3001 3188 ΚΕΦΔΛ.
3057 3135 3206 3190 ste.

2083 3221 2215 3300 Ὀζι
2260 3224 2338 3300 οὐ
2362 3221 2601 3300 sipara;
2637 3226 2755 3300 ιοῦῖσ
2807 3227 2846 3293 ἡ
2897 3227 3319 3300 ἀρχιερωσύνη
3363 3230 3527 3300 παρὰ
3557 3231 3688 3286 τῶν

2145 3292 2464 3428 ,ἓιέἕὲῖιέων
2493 3294 2573 3360 ὡς
2608 3292 2944 3363 πρότερον-λ
2975 3292 3091 3350 ’διὰ
3143 3292 3323 3354 τοῦτὸ
3383 3292 3684 3371 ὀργίζεται

2149 3472 2263 3525 Νῦν
2295 3472 2352 3526 δὲ
2382 3474 2696 3528 τούναντίον
2728 3478 2941 3542 γίνεται
2973 3478 3157 3534 ἃπανο
3188 3483 3283 3537 καὶ
3311 3485 3345 3553 ἡ
3391 3486 3687 3556 παράστα-

2081 3580 2165 3629 σις
2194 3564 2295 3653 μὲν
2314 3564 2573 3631 τελεῖται,
2604 3568 2698 3621 καὶ
2725 3570 2752 3620 ὁ
2782 3570 3073 3640 ἀρχιερεὺς
3098 3574 3398 3643 ἐρχόμενος
3424 3576 3684 3647 εὔχεται·

2078 3656 2138 3710 οὐ
2174 3656 2343 3727 τιμῆς
2371 3658 2429 3710 δέ
2457 3674 2603 3722 τινος
2630 3660 2719 3715 διὰ
2746 3659 2987 3730 Χριστὸν
3012 3663 3284 3731 ἀξιοῦται,
3314 3666 3435 3721 ἀλλ’
3470 3670 3688 3737 ἀτιμά-

2079 3747 2234 3813 ζεται
2261 3748 2486 3816 μᾶλλον,
2518 3750 2617 3804 καὶ
2649 3750 2724 3813 ὡς
2754 3752 2998 3807 ἐλάττων
3039 3756 3181 3809 κατὰ
3213 3757 3349 3811 πολὺ
3390 3759 3683 3818 δείκνυται

2077 3837 2176 3891 τοῦ
2201 3839 2616 3909 εὐλογηθέντος,
2646 3844 2744 3897 καὶ
2776 3844 2920 3898 κατὰ
2949 3846 3197 3900 δουλείαν
3230 3849 3538 3923 ὑπηρέτης,
3575 3855 3684 3909 καὶ

2077 3931 2187 3984 τῶν
2216 3932 2593 4001 ἁναγνωστῶν
2628 3935 3037 4007 εὐτελέστερος,
3081 3938 3191 3993 τῶν
3232 3944 3376 3995 κατὰ
3407 3946 3512 4011 τὴν
3541 3947 3682 4001 νέαν

2078 4024 2343 4096 Πέμπτην
2374 4026 2780 4097 ἀσπαζομένων
2811 4030 2903 4085 τὸν
2929 4030 3154 4100 βασιλέα
3176 4033 3256 4094 είς
3295 4050 3356 4086 τε
3383 4034 3486 4105 τὴν
3506 4039 3682 4108 χεῖρα

2078 4115 2173 4168 καὶ
2206 4115 2305 4184 τὴν
2333 4117 2570 4186 παρειὰν
2607 4120 2747 4187 μετὰ
2797 4120 2908 4175 τῶν
2960 4121 3240 4192 κληρικῶν
3291 4126 3516 4180 καὶτοῦ
3565 4146 3684 4183 πα·-

2077 4207 2364 4277 τριάρχου.
2417 4208 2741 4279 Προσελθὼν
2794 4212 2901 4282 γὰρ
2951 4214 3030 4284 τῷ
3083 4214 3301 4284 βασιλεῖ
3346 4223 3678 4286 προσκυνεῖ,

2078 4297 2172 4352 καὶ
2200 4297 2300 4369 τὴν
2325 4298 2494 4354 αὐτοῦ
2528 4298 2622 4353 τοῦ
2652 4300 2920 4370 βασιλέως
2951 4306 3264 4371 ἀσπάζεται
3310 4311 3473 4381 χεῖρα
3522 4314 3679 4371 μετὰ

2078 4389 2138 4443 τὸ
2182 4388 2466 4455 εὔξασθαι.
2496 4386 2499 4389 “

2661 4508 2914 4564 ΚΕΦΑΔ.
2965 4511 3093 4566 ΣΚ’.

2081 4618 2212 4672 Ὀτι
2225 4621 2304 4699 36
2327 4618 2703 4701 ἀσπᾴζεᾳθαι
2724 4624 3021 4701 ἀρχιερεῖς
3056 4625 3174 4701 τῂν
3206 4625 3314 4680 τοῦ
3348 4629 3676 4701 ,ϐασιλέως

2149 4691 2321 4809 ἕὲῖρα
2338 4691 2497 4759 παρὰ
2524 4691 2641 4759 τὴν
2663 4691 3000 4762 κανονικήν
3031 4691 3229 4761 τάξιν
3264 4691 3362 4751 καὶ
3397 4700 3467 4780 τρ
3482 4691 3674 4769 μεταέ

2163 4826 2192 4835 Δ
2219 4773 2364 4835 ast;
2379 4761 2731 4816 ἐπισκόπων
2752 4762 2853 4818 καί
2894 4765 3248 4835 ἡγουμένων
3303 4783 3503 4823 amatr
3552 4774 3674 4827 τὸν

2142 4782 2731 4890 ἓεσειζςὲεπισκοπων
2752 4782 2853 4818 και
2894 4782 3248 4835 ητουμενων
3303 4783 3503 4823 ποιειν
3552 4782 3674 4827 τὸν

2195 4844 2289 4882 ασί
2367 4847 2424 4883 (ι.

2150 4939 2262 4994 Καὶ
2318 4942 2436 5006 πῶς
2489 4946 2517 4997 6
2566 4946 2860 5017 εὐχόμενος
2908 4947 3069 5002 τοῦτο
3120 4953 3266 5004 ποιεῖ
3283 4967 3299 5019 ;
3352 4953 3479 5008 Καὶ
3508 4940 3670 5012 λδιατί

2077 5028 2593 5102 πρεσϐυτέρου-μὲν
2641 5034 2740 5098 τὰς
2783 5038 2974 5107 χεῖρας
3007 5038 3319 5104 ἀσπάζεται
3379 5043 3666 5116 βασιλεὺς,

2077 5117 2369 5191 ἀρχιερεὺς
2403 5121 2458 5176 δὲ
2489 5128 2895 5196 χειροτονηθεὶς
2918 5131 3012 5182 καὶ
3034 5132 3350 5202 εὐχόμενος,
3371 5135 3473 5205 τὴν
3504 5140 3678 5208 χεῖρα

2079 5209 2173 5262 τοῦ
2210 5209 2514 5280 βασιλέως;
2544 5214 2717 5268 Τοῦτο
2741 5218 2895 5288 παρὰ
2927 5221 3110 5275 πᾶσαν
3159 5223 3486 5278 ἀκολουθίαν
3519 5228 3671 5287 ἐστί.

2083 5301 2191 5353 Καὶ
2219 5302 2321 5373 ὅρα
2349 5302 2410 5355 τὸ
2441 5306 2729 5375 γινόμενον
2761 5308 2904 5365 ὅσον.
2920 5310 2981 5366 '0
3012 5314 3351 5384 ήγιασμένος
3380 5316 3457 5385 τῷ
3488 5320 3672 5374 Πνεύ-

2084 5407 2239 5460 ματι,
2271 5394 2300 5445 6
2329 5395 2689 5465 καθιερωοεὶς
2729 5400 3041 5470 ἀρχιερεὺς,
3094 5404 3124 5457 6
3154 5405 3252 5474 τὴν
3306 5409 3468 5477 χεῖρα
3500 5409 3674 5479 ἁγια-

2083 5483 2253 5548 σθεῒς,
2284 5483 2426 5538 ὥστε
2476 5491 2811 5558 χειροτονεῖν
2832 5491 3097 5548 δύνασθαι
3130 5499 3240 5551 ’καὶ
3291 5499 3538 5569 εὐλογεῖν
3569 5507 3673 5559 καὶ

2083 5574 2413 5643 σφραγίζειν
2448 5579 2574 5639 τούς
2605 5577 2872 5649 εὐσεϐεῖς,
2903 5583 3064 5646 αὐτὸς
3098 5584 3292 5658 δεσμεῖ
3323 5590 3421 5651 τὰς
3446 5593 3666 5661 χεῖρας,

2081 5672 2179 5725 καὶ
2209 5673 2306 5737 τὰς
2331 5674 2407 5749 μὴ
2443 5678 2852 5751 καθιερωμένας
2876 5681 2957 5744 είς
2979 5680 3039 5736 τὸ
3069 5682 3333 5752 εὐλογεῖν,
3365 5681 3503 5736 ἀλλὰ
3535 5699 3671 5738 κυσ-

2086 5762 2253 5830 μικὰς
2278 5764 2374 5819 καὶ
2405 5772 2776 5840 στρατηγικὰς
2813 5772 3024 5837 χεῖρας,
3059 5772 3370 5838 ἀσπάζεται
3398 5769 3670 5831 δουλικῶς
