4078 6438
366 393 474 459 433

1444 403 1543 461 DE
1576 402 1848 464 SACRIS
1884 405 2575 478 ORDINATIONIBUS.

3536 423 3640 485 434

359 513 598 584 χείλεσιν
620 510 786 581 ίεροίς
815 511 910 565 καὶ
934 513 1312 584 ἡγιασμένοις,
1332 514 1459 584 χθὲς
1489 515 1588 586 ἤδη
1618 515 1714 568 καὶ
1745 516 1867 570 καθ’
1891 517 1946 582 ή-

2055 523 2230 578 sacris
2264 535 2316 579 et
2360 528 2741 596 sanctiﬁcatis,
2775 544 2896 602 quae
2922 530 3032 604 jam
3070 529 3187 588 beri
3213 541 3267 588 et
3309 550 3641 605 unoquoque

363 604 540 675 μέραν
570 605 633 674 τῇ
673 606 877 675 φρικτῇ
915 605 1296 676 προσψαύουσι
1330 608 1609 678 κοινωνίᾳ.
1653 606 1816 662 Ἀλλά
1853 608 1948 662 καὶ

361 697 677 768 καθημένου
702 697 794 750 τοῦ
827 697 1096 768 βασιλέως
1142 701 1500 772 παρίσταται.
1551 701 1735 756 Ταῦτα
1768 705 1814 756 εί
1847 703 1947 772 μὲν

363 790 582 858 ἰδιώτης
611 785 679 862 ἦν
706 789 838 843 ἔδειο
875 790 998 844 ἐπεὶ
1037 792 1151 857 καὶ,
1203 812 1221 844 ι
1255 793 1360 847 Τὸν
1387 792 1615 864 βασιλέα
1667 797 1884 865 τιμᾶτε,
1920 814 1939 847 ι

361 881 528 954 φησὶν
554 883 582 935 δ
652 882 978 946 ’Δπόστολος
1001 901 1014 916 ·
1068 886 1117 936 εί
1162 885 1219 938 δὲ
1249 883 1490 955 Χριστοῦ
1522 886 1815 956 ἀρχιερεὺς
1851 888 1947 940 καὶ

359 975 452 1031 τὸν
481 975 648 1030 τόπον
681 975 776 1029 τοῦ
799 976 1040 1046 Χριστοῦ
1074 979 1441 1048 κεκτημένος,
1477 979 1540 1032 οὐ
1567 979 1649 1032 δεῖ
1693 979 1833 1033 οὕτω
1858 980 1944 1048 γί-

359 1069 570 1123 νεσθαι·
595 1073 677 1128 είς
709 1069 948 1138 Χριστὶν
977 1069 1086 1139 γὰρ
1125 1070 1415 1142 ἀνατρέχει
1447 1073 1482 1141 ἡ
1515 1072 1712 1142 ἀτιμία
1733 1089 1744 1102 ·
1774 1074 1856 1126 ὅτι
1883 1075 1944 1126 οὐ

357 1163 468 1216 τῶν
512 1162 722 1215 πολλῶν
745 1157 825 1224 εἷς
857 1164 1025 1226 ἐστιν,
1071 1163 1208 1216 ἀλλὰ
1237 1163 1344 1215 τῶν
1395 1165 1815 1234 ἀφιερωμένων,
1850 1166 1944 1218 καὶ

357 1255 468 1310 τῶν
497 1259 595 1324 τὴν
625 1255 995 1326 ἀποστολικὴν
1026 1256 1448 1327 πλουτησάντων
1483 1257 1737 1327 δύναμιν.
1783 1259 1945 1312 Ἀλλὰ

359 1345 556 1406 ταῦτα,
580 1344 640 1398 οὐ
674 1344 931 1398 τοσοῦτον
963 1346 1072 1399 ἀπὸ
1100 1345 1208 1398 τῶν
1232 1345 1521 1416 βασιλέων,
1562 1347 1686 1400 ὅσον
1713 1347 1820 1399 ἀπὸ
1849 1364 1944 1400 κο-

357 1436 543 1490 λάκων
597 1437 907 1506 ἀνθρώπων
955 1439 1171 1506 γέγονε,
1228 1441 1691 1508 παραπεισάντων
1743 1440 1944 1501 αὐτοὺς

360 1525 727 1596 ἀνθρωπίνοις
752 1527 935 1598 λόγοις
965 1531 1209 1598 ἐνεργεῖν
1239 1529 1331 1582 καὶ
1365 1529 1434 1581 τὰ
1463 1528 1658 1597 μείζω,
1681 1528 1819 1581 ὥστε
1848 1531 1944 1582 καὶ

361 1620 719 1690 προϐιϐἀζειν
749 1622 1109 1684 ἐπισκόπους,
1138 1621 1232 1674 καὶ
1267 1621 1586 1688 μεταθέσεις
1619 1623 1808 1675 ποιεῖν.
1841 1622 1945 1674 Βα-

361 1711 486 1767 ϐαίί
517 1714 607 1766 τὸν
635 1715 1150 1787 κεχειροτονημένον
1189 1713 1264 1785 τῷ
1295 1715 1575 1782 Πνεύματι
1625 1714 1791 1783 τῆσδε
1846 1716 1944 1784 τῆς

371 1802 702 1872 Ἐκκλησίας
740 1804 998 1873 ποιμένα,
1051 1803 1242 1874 ἑτέρας
1302 1803 1538 1872 ποιμένα
1581 1801 1942 1856 καθίστασθαι

2054 614 2144 670 die
2177 620 2522 674 tremendam
2557 623 3001 679 communionem
3037 625 3336 696 attingunt,
3372 643 3480 682 non
3519 638 3640 682 tan-

2053 715 2170 763 tum
2203 712 2480 767 serviliter
2502 715 2803 782 osculatur,
2827 717 2922 773 sed
2951 718 3117 773 etiam
3151 718 3363 774 sedenti
3401 719 3638 788 impera-

2051 802 2157 854 tori
2193 805 2396 857 adstat.
2426 804 2481 858 Si
2513 805 2724 874 privata
2759 824 2990 877 persona
3038 818 3207 873 esset,
3244 811 3360 866 haec
3415 812 3633 881 quidem

2051 892 2132 947 sic
2162 893 2275 947 ﬁeri
2303 902 2601 964 oporteret,
2625 911 2750 952 cum
2778 900 2979 956 dixerit
3000 902 3326 976 Apostolus:
3366 919 3386 954 ι
3434 899 3634 971 Regem

2053 982 2342 1040 honorate.
2390 1006 2408 1038 ι
2453 989 2507 1042 Si
2542 1004 2670 1045 vero
2701 990 2901 1046 Christi
2930 1002 3019 1048 est
3047 993 3365 1063 cpiscopus,
3388 1003 3443 1047 et
3480 991 3640 1045 Chri-

2051 1076 2119 1130 sti
2150 1075 2332 1132 locum
2365 1087 2575 1145 tenens,
2609 1085 2687 1138 sic
2725 1083 2838 1138 ﬁeri
2876 1100 2985 1140 non
3035 1093 3297 1155 oportet;
3355 1085 3407 1138 in
3471 1083 3637 1137 Chri-

2051 1173 2193 1217 stum
2226 1166 2370 1219 enim
2405 1173 2642 1224 recurrit
2674 1170 2938 1235 dedecus,
2971 1175 3232 1244 quoniam
3261 1190 3369 1229 non
3405 1188 3433 1227 e
3474 1173 3638 1240 vulgo

2052 1251 2139 1308 ille
2187 1266 2294 1320 est,
2342 1259 2434 1313 sed
2493 1275 2525 1314 e
2579 1263 2830 1330 personis
2885 1266 3246 1329 consecratis,
3279 1273 3332 1318 et
3376 1265 3636 1318 virtutum

2052 1349 2410 1415 apostolicam
2443 1354 2670 1423 copiose
2703 1357 3119 1424 possidentibus
3169 1355 3369 1411 Verum
3395 1355 3496 1408 ista
3527 1371 3633 1408 non

2051 1447 2160 1492 tam
2189 1441 2256 1493 ab
2289 1441 2720 1511 imperatoribus
2752 1463 2916 1515 quam
2947 1448 3016 1502 ab
3063 1447 3444 1501 adulatoribus
3474 1447 3634 1511 fiunt,

2050 1530 2142 1598 qui
2184 1546 2279 1584 eos
2312 1533 2570 1590 humanis
2607 1537 2787 1592 verbis
2825 1537 2958 1592 falsa
3001 1537 3359 1606 persuasione
3394 1553 3636 1591 commo-

2049 1629 2173 1674 vent
2229 1622 2296 1675 ad
2350 1625 2557 1694 majora
2615 1629 3064 1696 perpetrandum,
3108 1629 3182 1681 ita
3219 1637 3279 1682 ut
3312 1629 3548 1681 audeant
3584 1636 3639 1682 et

2049 1727 2378 1781 promovere
2417 1718 2729 1788 ejtierpos.
2759 1729 2813 1774 et
2849 1722 3239 1777 translationes
3292 1720 3492 1775 facere.
3539 1722 3640 1773 Pa-

2051 1807 2166 1873 pae!
2203 1807 2516 1862 ordinatum
2569 1825 2664 1878 per
2701 1811 2965 1881 Spiritum
3017 1824 3268 1867 sanctum
3299 1814 3483 1884 hujus
3539 1813 3639 1867 Ee—

359 1896 512 1962 παρά
547 1896 657 1948 τῶν
709 1895 784 1965 μὴ
827 1897 1060 1966 ἑχόντων
1096 1899 1194 1966 τὴν
1229 1895 1328 1962 τῆς
1377 1896 1680 1968 ἱερωσύνης
1712 1896 1946 1965 δυνάμιν

2053 1897 2236 1950 clesiat
2278 1913 2553 1968 pasmrem
2591 1901 2660 1954 ab
2690 1902 2756 1955 iis
2805 1904 3064 1959 constitui
3099 1907 3327 1961 alterius
3359 1914 3636 1976 pastorem

357 1989 452 2042 καὶ
506 1988 815 2058 ἐνέργειαν,
882 1987 979 2040 καὶ
1034 1989 1188 2057 παρά
1238 1990 1467 2057 γνώμην
1542 1986 1636 2040 τοῦ
1692 1987 1944 2050 Πνεῦμα-

356 2096 448 2144 τος
492 2079 507 2133 ί

909 2194 1161 2249 ΚΕΦΑΛ.
1205 2195 1355 2250 ΣΚΝ
1375 2235 1389 2250 .

361 2308 491 2363 ὀτι
513 2281 584 2363 οὗ
615 2307 707 2362 δεῖ
727 2307 870 2374 τοὺς
904 2310 1057 2363 κατὰ
1090 2311 1330 2378 κόσμον·
1369 2309 1668 2379 ἄρχοντας
1718 2313 1788 2366 τὰ
1819 2313 1944 2376 ἱερὰ

429 2379 793 2450 οἰκειοῦσθαι
827 2423 838 2444 ,
871 2380 1345 2450 καί-λογίζεσθαι
1375 2382 1713 2450 κερδαίνειν
1733 2383 1801 2435 ἐκ
1825 2381 1946 2438 τῶν

428 2447 904 2519 ἀνατεθειμένων
935 2447 1016 2514 τῷ
1045 2450 1189 2516 Θεῷ.

428 2541 490 2593 Εἰ
516 2541 595 2594 δεῖ
641 2541 779 2611 πρὸς
820 2540 1115 2611 οἰκοδομὴν
1173 2545 1516 2614 καταστῆναι
1576 2548 1715 2618 πρὸς
1771 2548 1945 2617 μείζω

360 2632 540 2701 πόλιν,
572 2633 725 2704 παρά
759 2633 854 2686 τοῦ
885 2621 1203 2700 Πνεύματος
1236 2635 1391 2688 ἔσται
1420 2636 1601 2700 τοῦτο,
1629 2641 1758 2707 παρ’
1795 2635 1855 2693 οὐ
1881 2641 1942 2710 δὴ

361 2727 454 2784 καὶ
479 2725 944 2797 κεχειροτόνηται,
970 2727 1032 2779 οὐ
1063 2727 1220 2798 παρὰ
1245 2727 1346 2796 τῆς
1373 2712 1645 2799 κοσμικῆς
1671 2732 1942 2795 ἐξουσίας.

371 2819 534 2874 Ἀλλά
565 2820 660 2873 καὶ
687 2819 1097 2890 καθηγούμενοι
1129 2820 1339 2891 ἀνδρῶν
1378 2823 1662 2890 μοναστῶν
1695 2827 1788 2877 καὶ
1825 2825 1944 2896 Θεῷ

365 2914 804 2983 καθιερωμένων,
840 2913 938 2966 καὶ
958 2912 1145 2983 ψυχῶν
1165 2914 1346 2982 χάριτι
1370 2913 1507 2967 Θεοῦ
1573 2915 1942 2984 προεστῶτες,

361 3007 502 3060 οῦτω
547 3005 699 3077 παρὰ
729 3005 790 3058 τὸ
841 3004 936 3059 τοῦ
976 3005 1294 3076 Πνεύματος
1328 3005 1544 3076 θέλημα
1597 3007 1786 3059 πολλοὶ
1840 3009 1946 3062 δεί-

361 3116 586 3153 κνυνται
613 3117 627 3133 ο
668 3099 765 3152 καί⁹
792 3097 980 3152 λύουσι
1016 3099 1113 3151 καὶ
1161 3097 1448 3168 δεσμοῦσι,
1501 3100 1755 3163 λαϐόντες
1787 3102 1946 3156 τοῦτο

365 3193 511 3264 παρὰ
525 3193 636 3245 τῶν
656 3190 731 3261 μὴ
753 3190 1030 3244 λαϐόντων
1051 3193 1149 3259 τὴν
1178 3191 1273 3242 τοῦ
1307 3191 1650 3261 χαρίσματος
1684 3193 1942 3261 δύναμιν·

360 3287 455 3339 καὶ
475 3283 911 3356 χειροτονοῦνται
938 3283 1031 3335 καὶ
1058 3281 1271 3336 πολλῶν
1297 3283 1546 3352 ἄρχουσι,
1581 3284 1748 3350 μηδὲν
1778 3303 1942 3354 φρον-

361 3377 598 3443 τίζοντες
623 3375 762 3438 ὅλως
792 3375 901 3428 τῶν
947 3377 1181 3446 ἐχόντων
1213 3376 1275 3427 τὸ
1315 3376 1581 3446 χάρισμα.
1627 3377 1719 3430 Διὸ
1748 3378 1840 3431 καὶ
1874 3377 1942 3430 τὰ

361 3468 746 3538 συντρίμματα
777 3464 935 3536 ἡμῶν
976 3466 1151 3519 πολλὰ
1179 3466 1395 3534 γέγονε,
1435 3467 1530 3518 καὶ
1571 3467 1941 3539 ὲσμικρύνθη-

361 3578 485 3630 μεν,
515 3559 610 3613 καὶ
629 3557 902 3625 ὀλιγοστοὶ
932 3556 1086 3624 παρὰ
1117 3556 1297 3609 πάντα
1335 3556 1400 3609 τὰ
1435 3556 1562 3626 ἔθνη
1604 3557 1939 3627 γεγόναμεν·

359 3652 452 3706 καὶ
487 3651 579 3722 βίᾳ
606 3650 950 3703 σπευδόντων
977 3648 1086 3702 τῶν
1143 3649 1219 3718 μὴ
1250 3649 1604 3715 καθηκόντων
1657 3651 1851 3719 ἄρχειν
1885 3668 1943 3702 τε

364 3747 456 3799 καὶ
491 3742 856 3814 ἐφάπτεσθαι,
917 3741 1287 3811 κατάρχουσιν
1313 3739 1474 3810 ἡμῶν
1529 3741 1581 3792 oi
1618 3739 1891 3811 ἀλλότριοι
1925 3756 1940 3772 ’

367 3839 458 3892 καὶ
479 3837 544 3892 τὰ
578 3838 652 3909 μὴ
687 3836 813 3905 φίλα
839 3835 976 3888 Θεοῦ
998 3833 1319 3898 ποιούντων,
1345 3833 1395 3884 oi
1436 3831 1623 3902 ἐχθροὶ
1657 3832 1816 3901 ἡμῶν
1851 3834 1944 3886 καὶ

367 3927 457 3983 τοῦ
485 3930 620 3984 Θεοῦ
649 3926 962 3988 ἀκολούθως
1008 3926 1140 3995 ἡμῖν
1176 3923 1701 4001 κατεπεμϐαίνουσι.
1740 3925 1848 3978 Καὶ
1879 3926 1945 3977 τὰ

367 4024 487 4094 ίερά
515 4021 883 4091 οἰκειούμενοι
918 4022 1014 4074 καὶ
1040 4018 1374 4085 κοινοῦντες,
1406 4019 1472 4070 ἐκ
1521 4018 1631 4071 τῶν
1668 4019 1948 4071 ἀνατεθει-

365 4117 540 4188 μένων
576 4115 656 4188 τῷ
687 4115 808 4185 Θεῷ
859 4113 1205 4182 λογιζόμενοι
1262 4112 1385 4180 (φεῦ
1415 4111 1453 4183 ί)
1517 4111 1843 4182 κερδαίνειν,
1878 4114 1947 4165 τὰ

362 4209 470 4264 ίδια
499 4207 659 4278 ἡμῶν
680 4204 1072 4274 ἀπωλέσαμεν·
1091 4203 1187 4256 καὶ
1215 4200 1560 4273 καρποῦνται
1589 4201 1657 4253 τὰ
1678 4202 1945 4272 ἡμέτερα.

365 4301 520 4372 167
552 4300 646 4355 καὶ
675 4300 885 4352 ἔδονται
918 4297 1151 4351 ἐνώπιον
1177 4297 1209 4366 ἡ
1219 4295 1334 4364 μῶν
1355 4297 1404 4348 oi
1429 4295 1765 4350 ὑπεναντίοι.
1807 4295 1947 4348 Ἀλλ’

360 4396 472 4451 είθε
498 4393 710 4462 γένοιτό
737 4410 820 4454 τις
842 4391 1112 4460 θεραπεία
1143 4389 1238 4442 τοῦ
1271 4388 1448 4441 δεινοῦ
1477 4387 1693 4454 τούτου,
1721 4388 1950 4456 καὶείη-

359 4504 461 4541 σαν
492 4487 591 4555 μὲν
623 4484 692 4538 τὰ
710 4484 804 4537 τοῦ
837 4483 1114 4551 Καίσαρος
1162 4480 1464 4548 Καίσαρος,
1489 4480 1558 4530 τὰ
1582 4477 1674 4530 τοῦ
1719 4477 1856 4529 Θεοῦ
1890 4477 1946 4529 δὲ

2049 1989 2142 2056 qui
2173 2005 2278 2043 non
2322 1993 2519 2046 habent
2551 1995 2848 2048 sacerdotii
2885 2005 3214 2065 potestatem
3274 2005 3329 2052 et
3354 1999 3638 2062 virtutem,

2048 2089 2099 2132 et
2131 2093 2331 2150 praeter
2359 2079 2601 2153 Spiritus
2635 2087 2966 2140 sententiam
2993 2089 3005 2140 !

2605 2267 2840 2325 CAPUT
2875 2269 3105 2327 CCXXI.

2050 2385 2207 2450 Quod
2255 2387 2519 2456 principes
2553 2387 2836 2442 ueculares
2875 2405 2978 2442 non
3013 2391 3198 2444 debent
3241 2406 3398 2444 sacra
3428 2404 3645 2454 curare,

2156 2467 2312 2527 atque
2337 2473 2402 2511 ex
2431 2459 2585 2512 rebus
2617 2458 2724 2512 Deo
2748 2461 3068 2514 consecratis
3100 2462 3309 2514 lucrum
3329 2469 3520 2528 petere.

2126 2635 2182 2690 Si
2216 2636 2598 2694 :editicationis
2637 2636 2901 2692 Ecclesia:
2939 2653 3101 2693 causa
3128 2647 3339 2708 oportet
3398 2638 3636 2708 aliquem

2049 2731 2372 2798 episcOputn
2407 2729 2461 2785 in
2498 2731 2695 2801 majori
2727 2732 2861 2786 urbe
2890 2731 3175 2797 constitui,
3210 2733 3312 2788 hoc
3344 2749 3374 2787 a
3432 2733 3638 2803 Spiritu

2049 2822 2406 2876 Statttendum
2447 2830 2552 2887 est,
2579 2837 2607 2876 a
2639 2838 2748 2893 quo
2773 2834 2826 2876 et
2852 2823 3140 2878 ordinatus
3179 2832 3284 2886 est,
3319 2840 3426 2878 nun
3455 2832 3637 2878 autent

2049 2931 2078 2967 a
2115 2916 2390 2969 mundana
2429 2923 2718 2985 potestate.
2748 2915 2901 2970 Multi
2933 2920 3098 2970 etiam
3133 2917 3302 2972 duces
3330 2925 3382 2970 et
3415 2918 3640 2971 abbates

2051 3007 2472 3074 monachorum,
2509 3009 2604 3078 qui
2669 3007 2778 3063 Deo
2819 3010 3125 3063 consecrati
3157 3018 3306 3071 sunt,
3353 3020 3405 3064 et
3463 3008 3638 3078 gratia

2052 3099 2145 3153 Dei
2181 3102 2475 3158 animabus
2510 3111 2778 3172 prmsunt,
2806 3103 2887 3158 sic
2930 3113 3124 3170 praeter
3166 3101 3407 3173 Spiritus
3449 3103 3640 3156 Volun-

2052 3199 2216 3246 tatetn
2249 3207 2411 3261 agere
2448 3194 2886 3262 convincuntur;
2916 3197 3134 3250 solvunt
3171 3195 3314 3249 enim
3342 3203 3394 3247 et
3447 3193 3638 3263 ligant,

2053 3283 2209 3339 abiis
2245 3294 2515 3355 potestate
2542 3295 2790 3355 accepta,
2835 3287 2925 3356 qui
2982 3285 3170 3355 gratiae
3216 3285 3470 3338 virtutem
3533 3299 3641 3336 non

2053 3387 2405 3447 acceperunt.
2435 3377 2771 3433 Ordinantur
2827 3394 3066 3447 quoque,
3104 3379 3402 3446 multisque
3465 3376 3639 3443 impe-

2053 3479 2196 3532 rant,
2233 3470 2366 3524 nihil
2400 3471 2625 3525 omnino
2692 3479 2950 3525 curantes
2996 3485 3092 3525 eos
3160 3471 3251 3537 qui
3307 3469 3494 3533 gratim
3547 3466 3643 3520 do-

2057 3579 2184 3617 num
2212 3563 2512 3631 possident.
2549 3562 2673 3617 Ideo
2718 3563 3044 3617 amictiones
3075 3570 3128 3615 et
3157 3561 3514 3616 contusiones
3547 3573 3645 3612 no-

2055 3663 2184 3709 stra:
2217 3653 2401 3706 multa:
2429 3651 2583 3706 facta:
2629 3662 2778 3714 sunt,
2827 3663 2878 3706 et
2929 3668 3038 3721 prm
3079 3651 3334 3705 Omnibus
3389 3649 3642 3717 gentibus

2053 3747 2517 3816 contemptibiles,
2545 3757 2598 3801 et
2655 3746 2864 3800 minimi
2926 3745 3096 3798 habiti
3136 3759 3347 3807 sumus,
3405 3753 3459 3797 et
3510 3743 3640 3796 dum

2055 3837 2323 3892 violenter
2345 3836 2671 3892 festinamus
2703 3852 2763 3891 ea
2789 3851 2906 3906 quae
2938 3851 3047 3888 non
3079 3836 3234 3890 decet
3266 3834 3554 3902 attingere,
3591 3840 3643 3886 et

2058 3927 2124 3980 iis
2167 3940 2306 3995 quos
2357 3941 2466 3980 non
2505 3935 2722 3994 oportet
2779 3926 3074 3994 imperare,
3119 3925 3278 3979 nobis
3323 3923 3643 3992 alivnigenaz

2058 4019 2456 4085 dominantur;
2484 4017 2720 4086 dumque
2755 4017 2986 4071 facimus
3020 4030 3141 4086 quae
3175 4017 3284 4070 Deo
3323 4014 3638 4083 displicent,

2057 4110 2267 4164 inimici
2314 4110 2489 4165 nostri
2525 4110 2732 4178 Deique
2793 4118 3196 4176 consequenter
3251 4106 3405 4161 nobis
3467 4106 3644 4160 insul-

2060 4213 2199 4266 tant,
2224 4212 2277 4256 et
2304 4218 2426 4267 quae
2454 4203 2612 4256 nobis
2643 4215 2798 4254 saera
2857 4210 3008 4263 sunt,
3067 4199 3371 4268 possident,
3426 4199 3644 4268 Deoque

2059 4296 2395 4352 consecratis
2437 4295 2721 4365 potiuntur
2747 4309 2762 4360 ;
2797 4295 2932 4348 clteu
2962 4293 2976 4347 l
3005 4292 3384 4346 existimantes
3431 4290 3642 4344 lucrum

2059 4389 2278 4458 aliquod
2307 4388 2509 4450 facere,
2545 4384 2766 4456 propria
2801 4395 2986 4440 nostra
3013 4386 3376 4454 perdidimus.
3439 4385 3642 4440 Messes

2059 4491 2113 4535 et
2144 4480 2362 4534 fructus
2401 4489 2622 4533 nostros
2653 4477 2930 4549 colligunt
2978 4477 3188 4532 inimici
3248 4478 3447 4542 nostri,
3469 4493 3643 4547 eaque

357 4578 452 4632 τοῦ
471 4578 630 4646 Θεοῦ,
645 4578 717 4641 ὡς
739 4577 805 4630 ἂν
825 4576 922 4630 καὶ
936 4572 1216 4643 ἠξιωμένα
1233 4572 1451 4626 ἅπαντα
1474 4572 1683 4638 γένοιτο
1703 4571 1946 4639 εὐλογίας

2061 4583 2188 4626 ante
2227 4571 2419 4624 oculos
2464 4579 2684 4624 nostros
2750 4569 3065 4625 comedunt.
3122 4567 3224 4622 Sed
3276 4570 3484 4622 utinam
3552 4571 3644 4622 tiat

357 4672 451 4724 τοῦ
481 4669 639 4736 Θεοῦ,
667 4669 763 4722 καὶ
793 4669 863 4721 τὰ
888 4666 1010 4734 ίερὰ
1049 4663 1446 4731 συνιστάμενα,
1485 4663 1578 4715 καὶ
1599 4661 1669 4714 τὰ
1698 4662 1946 4733 κοσμικὰ

345 4744 723 4832 αὐξανόμενα,
757 4761 850 4813 καὶ
885 4760 962 4827 μὴ
984 4753 1321 4817 τούναντίον,
1353 4754 1448 4806 ὐπ’
1498 4753 1747 4823 ἀλλήλων
1798 4757 1949 4823 φθει-

359 4855 583 4926 ρόμενα·
613 4854 696 4906 ὅτι
737 4851 831 4905 καὶ
863 4853 890 4904 ό
951 4849 1197 4919 ἀρχῆθεν
1246 4847 1508 4917 πολέμιος
1566 4850 1658 4900 καὶ
1711 4847 1948 4918 φθορεὺς

355 4946 531 5009 δεινος
560 4946 616 4998 ὲν
641 4943 853 5003 τούτοις
885 4941 1130 5004 σπεύδει,
1161 4941 1311 5003 ὅπως
1343 4941 1439 4993 καὶ
1477 4939 1786 5009 ίεροσυλίαν
1835 4942 1949 5002 τοῖς

359 5038 612 5093 εὐσεϐέσι
637 5034 979 5107 προστρίψῃ,
1024 5035 1120 5088 καὶ
1154 5033 1264 5086 τῶν
1317 5031 1478 5102 ἱερῶν
1535 5032 1628 5084 καὶ
1659 5030 1822 5083 θείων
1850 5031 1949 5099 τὴν

357 5131 682 5201 καθαίρεσιν
731 5129 1032 5199 ἐνεργήσῃ,
1073 5125 1209 5179 ἀλλά
1236 5123 1593 5194 καθαιρεθείη
1627 5123 1778 5192 παρὰ
1813 5123 1948 5176 Θεοῦ
1984 5113 1986 5115 ’

357 5226 388 5278 ὁ
423 5223 681 5292 πονηρὸς,
726 5221 822 5274 καὶ
871 5220 1103 5289 ζήσαιεν
1155 5216 1402 5280 εὐσεϐῶς
1457 5216 1552 5269 καὶ
1608 5215 1874 5283 θεοφιλῶς
1901 5218 1949 5269 οἱ

359 5317 548 5372 πιστοί
576 5333 636 5370 τε
660 5315 755 5369 καὶ
787 5313 1056 5377 εὐσεϐεῖς,
1085 5314 1181 5367 καὶ
1211 5310 1407 5381 μισθὸν
1449 5310 1548 5378 τῆς
1601 5309 1948 5379 φιλοχρίστου

357 5411 585 5482 γνώμης
614 5409 802 5479 είησάν
832 5404 1186 5476 κομιζόμενοι
1217 5405 1275 5457 ὲν
1299 5401 1545 5474 Χριστῷ,
1578 5402 1678 5471 τὴν
1707 5402 1818 5454 τῶν
1845 5401 1950 5455 δει-

358 5503 467 5560 νῶν
492 5500 830 5572 ὲλευθερίαν,
863 5500 956 5553 καὶ
975 5498 1073 5570 τὴν
1095 5497 1205 5551 τῶν
1227 5497 1452 5565 ἀγαθῶν
1484 5495 1750 5548 παντοίαν
1778 5493 1954 5548 ἐπαύ-

361 5597 538 5668 ξησιν.
582 5595 641 5650 '0
681 5591 1081 5666 χειροτονηθεὶς
1104 5589 1162 5645 δὲ
1185 5589 1487 5660 ἀρχιερεὺς
1519 5589 1612 5641 καὶ⁵
1640 5587 1732 5642 τὸν
1761 5588 1950 5641 τελευ-

356 5691 511 5744 ταῖον
536 5690 594 5743 ὲν
621 5690 688 5760 τῇ
724 5685 930 5757 συνόδῳ
961 5684 1201 5755 ποιήσας
1241 5681 1565 5750 ἀσπασμὸν,
1620 5680 1716 5735 καὶ
1753 5681 1842 5735 τὸν
1873 5683 1954 5735 ol-

359 5785 507 5837 κεῖον
534 5782 700 5836 τόπον
741 5778 942 5845 λαϐὼν,
973 5775 1160 5830 οὐκέτι
1192 5773 1386 5845 χρείαν
1428 5773 1631 5844 ἑτέρων
1661 5773 1770 5828 τῶν
1811 5775 1952 5828 κατὰ

360 5874 533 5930 τύπον
557 5871 692 5946 ἔχει·
729 5871 844 5931 ἀλλ’
874 5869 949 5934 ὡς
976 5868 1273 5941 ἀρχιερεὺς
1305 5864 1404 5934 ὢν,
1436 5865 1547 5921 τῶν
1575 5866 1672 5937 τῆς
1723 5865 1950 5939 Ἐκκλη-

2059 4664 2219 4734 hujus
2249 4663 2564 4735 gravissimi
2599 4662 2728 4717 mali
2758 4662 3008 4731 quzedam
3036 4661 3273 4723 sanatio,
3303 4669 3354 4715 et
3377 4677 3495 4729 quae
3513 4672 3643 4715 sunt

2053 4758 2298 4814 Caesaris
2331 4757 2685 4811 dimittantur
2719 4755 2944 4820 Caesari,
2972 4763 3026 4808 et
3087 4768 3208 4822 quae
3259 4753 3353 4809 Dei
3396 4755 3528 4817 Deo,
3583 4763 3644 4806 ut

2053 4852 2238 4904 omnia
2277 4851 2408 4903 ﬁant
2454 4847 2547 4902 Dei
2582 4846 2965 4901 benedictione
3007 4845 3190 4912 digna,
3227 4845 3642 4914 consistantque

2053 4955 2210 4995 sacra
2263 4950 2318 4994 et
2358 4947 2782 4999 conserventur,
2837 4947 2889 4989 et
2939 4935 3226 4989 saecularia
3288 4943 3638 5004 augeantur;

2053 5049 2165 5089 non
2201 5039 2384 5086 autem
2427 5030 2791 5094 contrarium,
2821 5037 2874 5079 ιιι
2903 5027 2971 5080 ab
3003 5025 3239 5080 invicem
3281 5040 3642 5094 corrumpan-

2055 5137 2164 5181 tur.
2191 5124 2462 5192 Quoniam
2499 5123 2592 5192 qui
2650 5137 2678 5176 a
2713 5121 2984 5192 principio
3036 5119 3293 5175 inimicus
3323 5130 3511 5174 noster
3557 5129 3643 5176 est

2055 5231 2109 5276 et
2167 5221 2434 5274 molestus
2469 5226 2786 5287 corruptor,
2821 5215 2874 5268 in
2937 5215 3206 5286 ejusmodi
3260 5216 3422 5271 rebus
3485 5214 3641 5272 festi-

2057 5323 2173 5378 nat,
2207 5321 2266 5367 ut
2295 5310 2665 5366 sacerdotium
2694 5323 2817 5362 cum
2879 5308 3013 5363 viris
3050 5308 3154 5377 piis
3215 5310 3542 5375 committat,
3581 5309 3641 5363 il-

2056 5405 2258 5475 ludque
2309 5411 2532 5468 atterat,
2578 5415 2847 5468 sacraque
2897 5409 2951 5454 et
3003 5400 3191 5457 divina
3241 5408 3471 5456 evertat.
3533 5400 3636 5452 Sed

2055 5499 2389 5547 evertatura
2453 5489 2684 5543 Domino
2743 5490 2943 5556 malus,
2986 5499 3280 5560 vtv-antque
3337 5498 3528 5544 sancte
3586 5498 3640 5544 et

2056 5582 2173 5638 Deo
2213 5589 2463 5636 amanter
2494 5580 2679 5636 lldeles
2711 5596 2767 5636 et
2813 5581 3031 5647 pietatis
3079 5583 3334 5648 studiosi,
3397 5590 3451 5636 et
3492 5597 3636 5636 mer-

2058 5676 2246 5732 cedem
2283 5672 2570 5729 sententiaa
2599 5668 2822 5728 Christo
2853 5674 3401 5743 dilectae-reportent,
3469 5674 3640 5730 liber-

2060 5777 2341 5836 tatemque
2365 5780 2462 5835 per
2494 5765 2779 5823 Christum
2827 5767 2895 5821 ab
2928 5766 3012 5821 his
3043 5767 3305 5838 gravibus
3347 5765 3640 5833 molestiis,

2059 5859 2537 5931 omnifariumque
2595 5858 2866 5917 bonorum
2928 5869 3306 5932 augmentum.
3343 5859 3643 5917 Ordinatus
