4078 6476
385 363 488 416 435

1230 360 1613 423 SYMEOXIS
1646 358 2402 423 THESSALONICENSIS
2438 357 2800 421 ARCHIEP.

3555 342 3662 408 £36

386 476 573 524 autem
608 469 924 540 episc0pus,
953 480 1342 541 postremaque
1372 474 1712 531 salutatione
1768 476 1823 530 in
1881 492 1973 546 sy-
2006 481 2028 539 Α

2105 474 2207 537 πίας
2242 471 2408 527 αὐτοῦ
2456 469 2774 541 φροντίζειν
2810 465 3070 537 συνεργεῖ
3108 463 3166 519 δὲ
3219 462 3316 517 καὶ
3356 462 3468 523 τοῖς
3497 458 3664 530 ίιροῖς

391 562 537 617 nodo
569 562 795 618 functus
826 565 1107 633 preprium
1155 565 1336 621 locum
1385 576 1641 638 occupat,
1689 584 1796 623 non
1858 583 1976 622 am-

389 652 537 722 plius
562 662 683 723 eget
708 656 925 709 caeteris
978 671 1100 726 qua:
1155 658 1283 726 typo
1339 658 1714 723 continentur,
1769 657 1864 712 sed
1916 666 1977 710 ut

2083 566 2270 637 ἔργοις
2302 563 2670 633 παραϐάλλων
2694 563 2761 631 τῇ
2797 559 3024 630 συνόδῳ,
3063 556 3161 612 καὶ
3187 554 3285 625 ἀφ’
3327 549 3549 616 ἑαυτοῦ,
3573 550 3664 604 ὅτε

2084 659 2265 731 χρεία,
2303 659 2401 712 καὶ
2424 654 2933 726 προσκαλούμενος.

389 748 683 816 cpiscopus
711 747 986 803 exsistens
1017 763 1137 818 quae
1170 748 1237 801 ad
1284 764 1439 803 suam
1474 747 1777 804 Ecclesiam
1818 755 2090 818 spectant,
2114 759 2295 805 curat.
2354 749 2697 820 Cooperatur
2763 759 2985 817 quoque
3043 741 3220 800 sacris
3280 739 3543 811 aperibo:
3577 751 3669 791 ac-

387 844 588 898 cedens
621 845 688 899 ad
714 845 984 915 synodum
1009 861 1039 899 a
1065 848 1269 915 seipso,
1313 862 1437 900 cum
1471 862 1609 919 Opus
1637 854 1743 911 est,
1782 854 1839 901 et
1865 846 2189 904 advocatus.

920 964 1152 1023 CAPUT
1191 965 1453 1023 CCXXII.

392 1056 548 1124 Quod
608 1060 879 1128 episcopus
936 1059 1131 1114 electus
1176 1069 1255 1113 ter
1295 1060 1536 1129 osculum
1589 1058 1726 1129 ﬁgit,
1758 1068 1810 1114 et
1850 1073 1981 1129 quo-

743 1131 900 1184 modo
949 1129 1187 1182 osculum
1228 1133 1468 1200 quodque
1498 1127 1621 1197 ﬁat.

460 1218 726 1276 Osculum
763 1229 850 1277 ter
873 1221 1038 1276 datur
1069 1221 1379 1277 ordinando
1404 1232 1606 1294 praeter
1645 1223 1777 1279 illud
1832 1223 1977 1293 quod

393 1313 451 1369 ﬁt
473 1313 526 1368 in
556 1314 898 1369 sanctuario.
929 1310 1174 1368 Primum
1234 1313 1457 1385 quidem
1510 1325 1635 1386 post
1682 1314 1980 1370 iudicatio.

392 1420 539 1471 nem,
568 1414 757 1475 utpote
791 1413 908 1458 tum
961 1403 1142 1460 factus
1194 1404 1462 1460 Ecclesia:
1524 1420 1766 1475 sponsus
1817 1405 1978 1475 cujus

391 1496 802 1564 possessionem
836 1496 1176 1566 aggreditur.
1202 1496 1340 1551 Cum
1391 1496 1648 1551 videlicet
1697 1497 1850 1551 nullo
1882 1511 1980 1552 ex-

393 1585 627 1640 sistente
673 1586 1030 1641 suaveolente
1065 1587 1247 1642 sulIitu
1282 1589 1366 1643 vel
1401 1604 1557 1644 roseo
1575 1590 1790 1657 liquore
1811 1589 1983 1643 addu-

395 1680 538 1732 citur
567 1679 912 1733 ordinandus
943 1679 1010 1733 ad
1057 1680 1538 1750 archiepiscopum
1587 1683 1893 1746 sedentem,
1926 1692 1983 1737 et

397 1768 463 1820 ad
499 1768 791 1839 episcopos
823 1770 967 1825 circa
1003 1770 1180 1840 ipsum
1214 1788 1283 1828 ex
1313 1782 1546 1843 utraque
1592 1785 1753 1843 parte
1784 1776 1982 1831 seden-

2643 959 2897 1016 ΚΕΦΔΛ.
2935 956 3107 1013 ΣΚΒ’.

2086 1058 2223 1113 Ὀτι
2272 1058 2406 1126 τρὶς
2481 1055 2735 1109 ποιεῖται
2772 1054 2883 1126 τότ
2927 1051 3263 1126 ἀσπασμὸν
3290 1051 3323 1104 ό
3355 1046 3671 1126 ἀρχιερεὺς

2192 1119 2663 1199 χειροἱονηθείς’
2708 1123 2808 1178 καὶ
2842 1123 3003 1188 ὅπως
3031 1119 3292 1186 ἕκαστος
3312 1119 3561 1190 γίνεται.

2164 1216 2227 1271 Ὃ
2276 1215 2572 1286 ἀσπασμὸς
2607 1215 2665 1268 δὲ
2706 1212 2785 1283 τῷ
2826 1208 3294 1284 χειροτονουμένη)
3318 1249 3334 1276 ,
3381 1207 3526 1277 πλὴν
3571 1204 3668 1259 τοῦ

2081 1312 2142 1365 ὲν
2176 1309 2255 1380 τῷ
2278 1308 2485 1379 βήματι
2520 1306 2877 1376 τελουμένου,
2904 1304 3116 1372 γίνεται
3145 1302 3286 1372 τρίς·
3317 1300 3535 1373 πρῶτον
3570 1298 3672 1369 μὲν

2093 1403 2233 1471 μετὰ
2269 1402 2331 1455 τὸ
2365 1401 2594 1472 μήνυμα
2617 1400 2693 1462 ὡς
2715 1398 3004 1467 γεγονότος
3035 1395 3204 1453 αὑτοῦ
3233 1392 3548 1465 μνηστῆρος
3572 1390 3674 1460 τῆς

2087 1495 2407 1566 ικκλησίας,
2437 1489 2508 1565 ἧς
2548 1493 2650 1565 τὴν
2678 1491 2993 1564 ἐγχείρισαν
3026 1490 3266 1559 δέχεται,
3299 1488 3388 1541 ὅτε
3418 1486 3497 1555 μὴ
3521 1485 3675 1537 εὐόσ-

2091 1604 2195 1657 μου
2227 1587 2380 1649 ὄντος
2420 1586 2591 1651 τινος,
2637 1584 2988 1655 θυμιάματος
3036 1578 3342 1651 δηλονότιῆ
3382 1577 3676 1650 ῥοδοστάγ·

2097 1697 2295 1750 ματος,
2329 1679 2652 1749 καθημένου
2681 1676 2779 1731 τοῦ
2809 1675 3247 1747 ἀρχιεπισκόπου
3299 1674 3397 1727 καὶ
3436 1671 3545 1723 τῶν
3579 1670 3677 1740 ἀρ-

2090 1771 2324 1842 χιερέων
2355 1770 2721 1840 ἑκατέρωθεν,
2746 1766 3159 1839 προσαγόμενος
3187 1756 3489 1836 προσκυνεῖ
3521 1762 3673 1830 τρίς·

399 1869 503 1923 tes,
535 1870 726 1931 terque
755 1876 877 1916 sese
899 1863 1223 1931 prosternit,
1256 1873 1311 1918 et
1339 1852 1629 1921 osculatur
1662 1881 1829 1935 genu,
1864 1882 1981 1921 ma-
2018 1888 2028 1943 ι

2105 1866 2187 1919 tul.
2215 1862 2602 1931 ἀσπαζόμενος
2644 1862 2776 1930 γόνυ
2826 1859 2922 1913 καὶ
2968 1862 3130 1930 χεῖρα
3163 1858 3257 1912 καὶ
3303 1855 3541 1943 παρειὰν
3583 1852 3680 1907 τοῦ

398 1967 530 2006 num
589 1962 642 2006 et
674 1968 868 2024 genam
908 1955 1207 2023 pontillcis,
1234 1966 1288 2010 et
1324 1956 1378 2009 in
1416 1973 1511 2011 ore
1538 1958 1832 2028 episcopos
1865 1968 1982 2014 tum

399 2045 652 2100 sedentes
679 2064 695 2111 ;
734 2046 978 2100 nondum
1011 2047 1158 2101 enim
1192 2058 1276 2103 est
1306 2050 1619 2119 episc0pus,
1645 2050 1835 2119 jussus
1888 2068 1987 2106 au-

402 2148 510 2191 tem
549 2139 726 2203 sedet,
757 2152 866 2193 non
902 2139 954 2192 in
981 2138 1181 2192 throno
1216 2141 1533 2209 episcopali,
1576 2143 1670 2197 sed
1730 2142 1986 2211 privatim

402 2227 660 2292 inferius,
700 2229 754 2283 in
788 2230 912 2285 loco
941 2230 1327 2299 depressiore:
1360 2247 1472 2302 quo
1493 2231 1832 2303 signiﬁcatur
1862 2248 1985 2287 eum

401 2318 709 2375 Ecclesiam
740 2329 952 2375 tantum
982 2322 1365 2390 despondisse,
1399 2331 1453 2376 et
1483 2322 1823 2392 sponsalium
1872 2321 1988 2393 pri-

2093 1957 2371 2027 ιεράρχου,
2399 1956 2495 2010 καὶ
2525 1954 2662 2018 τοὺς
2695 1954 2978 2025 ἀρχιερεῖς
3008 1950 3089 2014 εἰς
3123 1951 3185 2003 τὸ
3224 1951 3399 2018 στόμα
3435 1942 3682 2016 καθημέ-

2092 2067 2218 2112 νους
2247 2048 2345 2100 καὶ
2380 2047 2603 2112 αὐτοὺς,
2634 2047 2693 2099 οὐ
2731 2046 2840 2114 γὰρ
2863 2044 3161 2107 ἐπίσκοπός
3184 2044 3332 2096 ἐστιν
3359 2043 3461 2108 ἔτι,
3491 2041 3681 2095 κελευο

2094 2143 2245 2203 σθεὶς
2283 2140 2544 2208 κάθηται,
2591 2138 2693 2191 οὐκ
2726 2139 2783 2191 ὲν
2810 2137 2989 2207 θρόνῳ
3018 2135 3129 2190 τῶν
3180 2135 3518 2196 ἐπισκόπων,
3560 2131 3683 2184 ἀλλ’

2097 2233 2228 2303 ἰδίᾳ,
2259 2230 2507 2286 κάτωθεν
2534 2230 2592 2282 ὲν
2629 2228 2911 2299 ὑφειμένῳ
2944 2227 3076 2293 τινὶ,
3112 2225 3444 2296 δηλουμένου
3477 2225 3539 2275 ἐκ
3563 2221 3686 2276 τού-

2092 2342 2214 2390 του,
2263 2325 2338 2383 ὡς
2381 2322 2665 2394 ἡρμόσατο
2717 2321 2880 2392 μόνον
2926 2319 3028 2389 τὴν
3080 2317 3411 2387 ἐκκλησίαν,
3446 2318 3543 2370 καὶ
3580 2314 3682 2384 τῆς

404 2410 592 2466 mitias
622 2411 927 2481 accepisse,
966 2410 1209 2465 nondum
1244 2412 1389 2465 enim
1435 2411 1517 2465 vir
1573 2410 1693 2481 ejus
1750 2421 1857 2473 est,
1905 2409 1991 2465 vel

2105 2417 2395 2488 μνηστείας
2416 2415 2580 2468 ἔλαϐε
2615 2414 2713 2485 τὴν
2738 2411 3018 2482 ἀπαρχὴν,
3050 2411 3268 2465 οὔδέπω
3291 2410 3348 2463 δέ
3375 2411 3520 2462 ἐστιν
3546 2396 3684 2478 ἀνὴρ

406 2502 660 2557 maritus.
687 2501 815 2556 Ideo
842 2501 994 2557 velut
1017 2500 1116 2571 qui
1147 2509 1361 2555 tantum
1386 2500 1597 2557 dederit
1630 2501 1879 2573 symbola
1936 2508 1992 2557 et

2105 2512 2129 2573 ἢ
2179 2509 2436 2581 νυμφίος.
2488 2506 2579 2561 Διὸ
2614 2508 2693 2571 ὥς
2729 2506 2892 2576 μόνον
2925 2504 2994 2559 τὰ
3046 2503 3356 2573 συμϐόλαια
3395 2504 3540 2566 δοὺς,
3589 2503 3685 2555 καὶ

406 2596 786 2652 arrhabonum
843 2596 1117 2667 primitias
1174 2610 1303 2651 cum
1359 2597 1552 2652 amicis
1611 2605 1666 2651 et
1726 2594 1993 2650 fratribus

2105 2607 2209 2660 τῶν
2233 2603 2577 2676 ἀρῤαϐώνων
2613 2601 2717 2663 τὰς
2756 2599 3037 2669 ἀπαρχὰς,
3075 2597 3213 2667 μετά
3244 2596 3356 2649 τῶν
3388 2595 3559 2663 φίλων
3590 2594 3687 2664 τῆς

403 2703 620 2758 sponsae
651 2704 713 2743 ea
738 2688 954 2758 peragit
978 2687 1195 2758 quaead
1228 2687 1528 2742 amicitiam
1554 2686 1989 2742 conﬁrmandam

2105 2696 2319 2765 νύμφης
2348 2694 2446 2749 καὶ
2469 2691 2722 2762 ἀδελφῶν
2744 2692 2983 2745 ποιεῖται
3008 2689 3078 2742 τὰ
3093 2687 3194 2757 τῆς
3213 2688 3399 2756 φιλίας
3427 2686 3683 2756 ἐνέχυρα.

406 2780 754 2849 inserviunt;
788 2779 934 2836 unde
959 2795 1056 2835 eos
1077 2779 1361 2836 osculatur
1394 2790 1456 2834 ut
1505 2781 1617 2850 jam
1671 2779 1907 2842 amicus,
1941 2786 1998 2833 et

2105 2793 2208 2847 Kal
2242 2788 2555 2852 ἀσπάζεται
2585 2786 2659 2849 ὡς
2707 2784 2860 2854 φίλος
2888 2784 3015 2853 ἤδη,
3053 2783 3149 2837 καὶ
3195 2779 3435 2850 κάθηται
3465 2781 3564 2833 σὺν
3593 2779 3689 2831 αὑ-

405 2877 560 2929 sedet
588 2888 715 2931 cum
748 2872 848 2939 eis,
886 2885 940 2929 et
990 2874 1231 2929 consulit
1271 2889 1398 2929 cum
1456 2873 1576 2941 eis;
1642 2888 1751 2928 non
1813 2884 1995 2928 tamen

2105 2886 2239 2947 τοῖς,
2283 2882 2378 2936 καὶ
2420 2879 2742 2951 βουλεύεται
2794 2879 2913 2946 μετ’
2962 2876 3165 2931 αὐτῶν.
3214 2874 3291 2930 Οὐ
3339 2872 3687 2940 συγκάθηται

410 2966 688 3032 considet,
717 2980 845 3021 cum
882 2965 1143 3021 thronum
1177 2966 1423 3021 nondum
1465 2974 1758 3023 assecutus
1807 2965 1994 3031 fuerit,

2105 2977 2177 3043 δὲ,
2209 2975 2335 3029 ἐπεὶ
2370 2974 2495 3029 οὐδὲ
2523 2972 2619 3026 τοῦ
2653 2971 2848 3041 θρόνου
2876 2972 3198 3040 τετύχηκεν,
3233 2967 3351 3022 οὐδὲ
3382 2969 3482 3037 τῆς
3519 2966 3687 3033 τιμῆς

412 3071 513 3111 nec
550 3058 816 3111 honorem
848 3063 903 3111 et
928 3052 1257 3127 dignitatem
1306 3055 1488 3113 Patris
1544 3054 1841 3122 Ecclesiae;
1895 3069 1998 3110 nec

2105 3070 2196 3125 τοῦ
2228 3068 2443 3139 Πατρὸς
2478 3066 2651 3136 αὐτῆς
2686 3065 2782 3119 καὶ
2820 3064 3002 3130 ἀξίαςο
3031 3062 3153 3118 οὐδέ
3186 3077 3252 3130 γε
3302 3059 3646 3128 συμπράττει
3669 3094 3685 3120 ,

409 3148 557 3204 cnim
588 3146 725 3218 ipsis
762 3157 1113 3218 cooperatur,
1149 3162 1274 3204 cum
1310 3147 1575 3204 ordinare
1639 3163 1749 3203 non
1798 3148 1995 3217 possit.

2105 3163 2190 3218 ὅτι
2221 3162 2346 3218 οὐδὲ
2392 3161 2726 3235 χειροτονεῖν
2779 3158 3038 3211 δύναταιο
3102 3151 3416 3223 συμϐουλὴν
3463 3150 3520 3203 δὲ
3569 3150 3688 3219 ἦτοι

411 3241 721 3297 Consilium
748 3255 877 3296 vero
899 3239 994 3295 dat
1024 3242 1232 3306 solum,
1268 3242 1387 3297 sive
1409 3241 1742 3297 sententiam
1765 3240 1922 3304 dicit,
1942 3246 2001 3296 et
2027 3268 2028 3273 π

2105 3255 2334 3328 γνώμην
2360 3255 2458 3309 καὶ
2484 3253 2653 3327 μόνον
2677 3251 2882 3315 δίδωσι,
2906 3249 3001 3303 καὶ
3030 3247 3142 3301 τῶν
3161 3247 3260 3316 τῆς
3283 3243 3503 3314 νύμφης
3528 3258 3693 3311 φρονο-

413 3348 607 3389 eorum
649 3349 769 3403 quae
823 3343 955 3389 sunt
992 3348 1212 3405 sponsae
1241 3349 1432 3388 curam
1483 3334 1644 3404 gerit,
1702 3333 2005 3404 possessio-

2105 3351 2246 3414 τίζει
2279 3349 2582 3420 κτημάτων
2618 3344 2822 3419 δηλαδὴ
2851 3342 2949 3400 καὶ
2974 3342 3324 3418 πραγμάτων
3352 3338 3455 3413 τῆς
3488 3338 3692 3416 ἐκκλη-

415 3444 547 3484 num
580 3429 793 3485 scilicet
826 3440 881 3486 et
911 3423 1261 3503 negotiorum
1296 3427 1365 3482 ad
1380 3425 1687 3484 Ecclesiam
1748 3434 2006 3496 spectan-

2108 3445 2252 3508 σίας.
2327 3443 2386 3497 '0
2445 3441 2705 3510 δεύτερος
2752 3440 2810 3494 δὲ
2864 3440 3179 3508 ἀσπασμδς,
3234 3438 3325 3492 ὅτε
3396 3435 3694 3492 τελεσθῶσι

415 3525 583 3578 tium.
615 3522 870 3578 Secunda
905 3522 1173 3579 salutatio
1207 3521 1266 3575 ﬁt
1295 3537 1420 3575 cum
1453 3520 1815 3592 perﬁciuntur
1834 3535 2004 3592 spon-

2105 3538 2176 3591 τά
2210 3536 2490 3606 μνῆστρα,
2530 3534 2627 3587 καὶ
2660 3533 2787 3596 δοὺς
2830 3533 2958 3597 τοὺς
2997 3531 3324 3604 ἀρραϐῶνας
3367 3532 3462 3583 καὶ
3487 3526 3696 3593 λαϐὼν,

415 3614 576 3683 Salia:
635 3616 914 3688 ιηάίιειυθ
969 3629 1215 3688 δροηευε
1275 3624 1332 3669 ει
1387 3615 1590 3686 θεείρίι
1658 3615 1889 3685 Ρῖῧηοηι
1951 3625 2009 3671 ει
2108 3631 2206 3683 καὶ
2239 3629 2339 3693 τὰς
2371 3628 2481 3697 πρὸ
2520 3624 2615 3680 τοῦ
2646 3625 2827 3694 γάμου
2856 3624 3069 3694 δωρεὰς
3094 3625 3186 3677 καὶ
3219 3624 3286 3678 τὰ
3317 3621 3588 3693 σύμφωνα
3619 3620 3697 3691 τῷ

416 3721 636 3767 mutuas
665 3710 996 3766 donationes
1025 3719 1156 3766 ante
1186 3709 1603 3765 matrimonium
1641 3709 1754 3765 ﬁeri
1789 3710 2005 3779 solitas,

2109 3723 2308 3792 Πατρὶ,
2360 3716 2475 3773 οἷον
2509 3720 2612 3789 τὴν
2664 3720 2850 3772 πίστιν
2898 3718 3066 3787 ὀρθὴν
3097 3716 3549 3788 ἀνομολογήσας,
3600 3716 3696 3768 καὶ

414 3820 591 3873 eaque
615 3805 726 3871 agit
750 3820 872 3872 quae
906 3803 1055 3859 Patri
1085 3798 1445 3865 coni-enimut.
1477 3811 1533 3858 et
1580 3805 1647 3859 ad
1688 3807 1868 3875 ipsum
1921 3819 2007 3858 re-

2108 3812 2352 3885 γνησίως
2381 3812 2483 3880 τὴν
2512 3810 2974 3882 ἐμπιστευθεῖσαν
3012 3810 3322 3879 οἰκονομεῖν
3347 3808 3695 3879 καθυποσχε-

418 3897 695 3962 feruntur,
732 3897 901 3951 veluti
954 3894 1099 3967 quod
1159 3905 1366 3952 reetam
1404 3896 1567 3952 ﬁdem
1613 3897 1924 3960 confessus,
1955 3907 2009 3950 et

2109 3908 2246 3971 θεὶς,
2297 3907 2398 3969 τὰς
2441 3904 2696 3976 ἀπαρχὰς
2737 3903 2836 3972 τῆς
2886 3903 3244 3972 νυμφεύσεως
3290 3900 3453 3973 λάϐῃ,
3503 3905 3598 3955 καὶ
3632 3904 3700 3972 τῇ

414 3989 782 4044 oeconomiam
810 3988 915 4043 sibi
946 3988 1211 4043 creditam
1240 4002 1300 4043 se
1326 3989 1462 4044 bene
1485 3988 2007 4043 administraturum

2113 3998 2285 4069 μικρᾷ
2320 3997 2586 4067 σφραγῖδι
2615 3995 2819 4065 ταύτην
2844 3995 2916 4057 ὡς
2949 3996 3007 4048 ἐν
3040 3993 3325 4065 ἀρῤαϐὦνι
3353 3993 3697 4064 ὲγχειρισθῇ.

415 4080 636 4137 sincere
672 4079 957 4148 pollicitus
983 4078 1255 4148 primitias
1286 4077 1628 4134 matrimonii
1663 4077 1923 4145 accipiat,
1955 4084 2010 4129 et

2110 4092 2223 4147 Καὶ
2257 4092 2379 4146 τότε
2416 4091 2528 4160 γὰρ
2567 4088 2692 4158 δίχα
2738 4087 2914 4156 μύρου
2949 4087 3043 4141 καὶ
3075 4087 3424 4157 θυμιάματος
3466 4087 3701 4138 ποιεῖται

418 4175 471 4227 in
514 4173 663 4228 illius
701 4173 1109 4243 possessionem
1152 4187 1250 4243 per
1294 4188 1522 4241 parvum
1560 4170 1804 4240 sigillum
1839 4168 2007 4224 veluti

2108 4185 2203 4237 τὸν
2232 4182 2553 4250 ἀσπασμόν.
2599 4180 2818 4233 Γίνεται
2871 4178 2928 4231 δὲ
2977 4177 3073 4232 καὶ
3112 4179 3139 4230 ό
3172 4178 3274 4246 τῆς
3320 4176 3697 4247 χειροτονίας,

416 4263 904 4333 perarrhabonem
961 4263 1232 4319 mittatur.
1306 4262 1461 4318 Tunc
1519 4264 1668 4317 enim
1726 4261 1849 4317 sine
1902 4277 2006 4315 un-

2110 4273 2170 4338 ὃς
2198 4274 2351 4337 ἐντός
2381 4274 2496 4326 ἐστι
2524 4271 2620 4324 καὶ
2642 4268 2953 4331 τελεστικὸς
2974 4268 3069 4322 καὶ
3096 4266 3200 4337 τῆς
3225 4267 3584 4337 νυμφεύσεως
3603 4268 3699 4319 καὶ

421 4367 719 4430 guentoct
751 4357 937 4413 sullitu
971 4359 1225 4414 osculum
1254 4357 1404 4411 facit.
1445 4354 1712 4410 Osculum
1736 4368 1867 4409 vero
1920 4368 2011 4409 or-

2112 4366 2384 4428 ἐνὼσεως’
2417 4365 2502 4418 ὅτι
2534 4362 2672 4432 ἀνὴρ
2702 4361 2797 4414 καὶ
2823 4360 3055 4432 νυμφίος
3084 4363 3185 4428 τῆς
3216 4359 3515 4428 ἐκκλησίας
3537 4359 3703 4411 κατέ-

419 4451 729 4507 dinationis
759 4451 906 4520 quod
938 4449 996 4507 ﬁt
1022 4450 1077 4505 in
1121 4448 1448 4505 sanctuario
1507 4446 2007 4503 consummativum

2115 4476 2241 4528 στη.
2292 4457 2437 4510 Ἀλλ’
2472 4458 2501 4509 ὁ
2533 4457 2663 4525 περὶ
2702 4454 2898 4507 τούτου
2943 4455 3000 4508 ὲν
3045 4454 3112 4523 τῇ
3154 4451 3458 4523 χειροτονίᾳ
3503 4448 3704 4522 ἐρρέθη

418 4553 504 4598 est
534 4543 1023 4599 etmatrimoniiet
1075 4541 1321 4606 unionis,
1356 4540 1487 4610 quia
1542 4538 1625 4592 vir
1671 4546 1726 4592 et
1776 4539 2010 4594 maritus

2116 4550 2296 4617 λόγος.
2352 4546 2464 4601 Νῦν
2513 4546 2569 4599 δὲ
2605 4547 2792 4617 τρίτον
2830 4545 3014 4615 φαμὲν
3043 4546 3134 4598 τον
3162 4544 3366 4609 ἔξωθεν
3392 4542 3489 4596 τοῦ
3526 4541 3704 4613 βήμα-

420 4638 681 4693 Ecclesize
721 4637 1114 4693 constituitur.
1148 4633 1256 4690 Sed
1285 4634 1354 4689 de
1393 4647 1458 4687 eo
1498 4633 1707 4688 dictum
1739 4642 1847 4699 est,
1886 4647 2010 4688 cum

2115 4656 2230 4704 τος,
2284 4639 2362 4702 ὡς
2416 4639 2512 4691 καὶ
2569 4638 2699 4699 τοὺς
2754 4636 2950 4699 ἄλλους
3002 4635 3353 4704 ἀσπασμοὺς,
3402 4634 3496 4687 τὸν
3529 4635 3588 4686 ὲν
3637 4632 3704 4705 τῇ

420 4732 486 4784 (te
508 4716 864 4785 ordinatione
898 4728 1064 4783 verba
1098 4726 1430 4781 faceremus.
1466 4722 1627 4778 Nunc
1676 4732 1862 4780 autem
1905 4734 2013 4782 ter-

2122 4730 2353 4800 συνόδῳ,
2413 4728 2513 4782 καὶ
2550 4728 2693 4797 μετά
2743 4726 2844 4799 τὴν
2896 4726 3268 4813 χειροτονίανο
3318 4726 3407 4780 ὅτε
3461 4724 3631 4778 ἐλθὼν
3677 4725 3707 4776 ὁ

422 4822 556 4877 lium
590 4822 827 4878 dicimus
853 4820 987 4876 illud
1009 4818 1158 4889 quod
1187 4819 1245 4871 ﬁt
1267 4828 1426 4873 extra
1468 4815 1873 4884 sanctuarium,
1899 4819 2013 4875 sic-

2120 4827 2318 4881 vztoctl.
2348 4822 2778 4895 χειροτονηθεὶς,
2826 4822 2921 4876 τοῦ
2978 4819 3416 4891 ἀρχιεπισκόπου
3465 4819 3561 4873 καὶ
3600 4819 3707 4872 τῶν

422 4925 480 4970 ιιι
510 4925 568 4972 et
601 4913 709 4969 alia
761 4913 977 4979 oscula,
1009 4910 1141 4966 illud
1186 4924 1383 4979 nempe
1404 4910 1548 4979 quod
1576 4910 1636 4964 lit
1694 4910 1748 4965 in
1782 4912 2012 4983 synodo,

2119 4918 2427 4989 ἀρχιερέων
2452 4915 2806 4986 καθημένων,
2852 4913 3158 4986 προσκυνεῖ
3199 4912 3322 4982 τρὶς
3370 4910 3447 4982 τῷ
3486 4908 3710 4981 μεγάλῳ

420 5018 475 5062 et
499 5017 623 5079 post
663 5005 1096 5067 ordinationem,
1147 5017 1273 5058 cum
1324 5017 1518 5060 recens
1575 5004 1864 5061 ordinatus
1919 5022 2013 5062 ve-

424 5102 582 5154 niens
619 5097 945 5154 sedentibus
997 5094 1420 5165 archiepiscopo
1480 5104 1536 5151 et
1595 5097 1871 5167 episcopis
1929 5106 2014 5152 ter

423 5207 546 5247 sese
573 5189 877 5258 prosternit
908 5203 1097 5242 coram
1134 5202 1333 5256 magno
1368 5188 1648 5258 pontiﬁce,
1690 5200 1748 5245 ut
1778 5190 2015 5261 subjec-

426 5285 630 5338 tionem
693 5297 852 5338 suam
895 5282 1262 5345 demonstret,
1295 5295 1348 5337 et
1395 5282 1720 5339 Trinitatem
1758 5284 2011 5340 honoret.

425 5380 629 5430 Postea
662 5386 923 5445 surgente
960 5375 1241 5443 paululum
1272 5376 1714 5446 archiepiscopo,
1752 5390 1810 5433 ut
1836 5380 2013 5448 ipsum

428 5474 659 5523 honoret
687 5468 831 5523 velut
864 5468 1210 5539 episc0pnm,
1244 5468 1527 5525 stantibus
1554 5474 1687 5525 ver‘o
1719 5470 1843 5525 aliis
1901 5471 2017 5540 epl-

424 5565 637 5627 scopis,
669 5561 898 5633 aequalis
927 5564 1073 5615 enim
1102 5570 1188 5616 est
1216 5562 1320 5625 eis,
1363 5574 1418 5617 et
1471 5562 1719 5632 ejusdem
1768 5563 2017 5631 honoris,

426 5652 644 5706 accedit
694 5664 749 5709 et
789 5668 1111 5709 consuetam
1164 5654 1296 5710 facit
1343 5656 1769 5723 salutationem;
1805 5657 2021 5712 archie—

426 5748 637 5816 pisc0pi
671 5748 888 5803 scilicet
921 5765 1088 5818 genu,
1131 5764 1353 5803 manum
1388 5759 1442 5804 et
1470 5762 1664 5820 genam
1698 5752 2018 5818 osculatur;

428 5837 723 5909 episeopos
754 5855 881 5898 vero
905 5854 1118 5901 stantes
1152 5843 1209 5899 in
1241 5858 1357 5900 ore.
1392 5841 1507 5901 lloc
1544 5853 1766 5914 peracto
1817 5845 2017 5901 iterum

2120 5012 2395 5083 ἀρχιερεῖ,
2431 5009 2532 5078 τὴν
2574 5007 2857 5076 ὑποταγὴν
2892 5005 3060 5061 αὐτοῦ
3093 5004 3333 5068 δεικνὺς,
3387 5003 3483 5058 καὶ
3529 5000 3708 5072 τιμῶν

2119 5106 2219 5175 τὴν
2259 5104 2488 5173 Τριάδα.
2537 5099 2670 5155 Εἶτα
2724 5099 3068 5172 προσελθὼν,
3106 5088 3573 5168 ’ὑπανισταμὲνου
3617 5098 3712 5151 καὶ

2120 5200 2215 5253 τοῦ
2251 5197 2693 5269 ἁρχιεπισκόπου
2724 5195 2945 5268 μικρὸν,
2995 5195 3267 5266 τιμῶντος
3295 5196 3456 5248 αὑτὸν
3501 5192 3575 5258 ὡς
3611 5194 3713 5263 ἀρ-

2125 5292 2339 5362 χιερέα,
2387 5290 2480 5343 καὶ
2517 5289 2623 5343 τῶν
2656 5288 2834 5345 ἀλλων
2883 5289 2942 5342 δὲ
2994 5289 3307 5361 ἱσταμένων
3331 5286 3671 5376 ,ἀρχιερέων
3695 5324 3712 5350 ,

2124 5387 2238 5446 ἴσος
2274 5383 2387 5452 γάρ
2449 5384 2601 5435 ἐστιν
2629 5382 2818 5444 αὐτοῖς
2848 5382 2944 5435 καὶ
2974 5380 3289 5452 όματαγὴς,
3342 5381 3584 5433 ποιεῖται
3618 5380 3712 5432 τὸν

2125 5475 2423 5545 ἀσπασμὸν
2455 5473 2729 5545 συνήθωςσ
2763 5474 2859 5528 καὶ
2896 5475 2990 5528 τὸν
3028 5473 3130 5544 μὲν
3162 5473 3600 5545 ἀρχιεπίσκοπον
3632 5473 3714 5535 είς

2125 5568 2186 5622 τὸ
2215 5568 2344 5634 γόνυ
2378 5566 2473 5620 καὶ
2522 5567 2624 5637 τὴν
2655 5569 2815 5637 χεῖρα
2847 5564 2942 5620 καὶ
2970 5568 3072 5637 τὴν
3107 5566 3347 5637 παρειὰν
3378 5563 3710 5632 ἀσπάζεται,

2125 5663 2252 5724 τοὺς
2286 5662 2566 5729 ἀρχιερεῖς
2609 5658 2664 5711 δὲ
2714 5661 3046 5730 ἱσταμένους
3090 5658 3256 5732 168
3294 5661 3375 5723 εἰς
3420 5658 3483 5711 τὸ
3515 5657 3712 5726 στόμα.

2129 5755 2237 5806 Καὶ
2259 5750 2402 5804 οὕτω
2433 5750 2596 5803 πάλιν
2625 5750 2791 5819 μέσον
2827 5751 2982 5817 στάς,
3015 5752 3109 5804 καὶ
3138 5752 3229 5805 τὸν
3274 5750 3717 5822 ἀρχιεπξσκοπον

2127 5843 2542 5915 προσκυνήσας,
2586 5841 2877 5898 κιλεύεται
2926 5844 3283 5916 καθεσθῆναι·
3316 5846 3427 5918 καὶ
3476 5841 3718 5915 κάθηται

3742 5336 3764 5396 ί
