4078 6428
367 311 471 376 ιιι

1441 318 1538 378 DE
1586 318 1860 380 SACRIS
1889 317 2586 392 ORDINATIONIBUS.

3542 333 3573 394 4
3582 339 3658 398 38'
3671 344 3682 380 ‘-

363 431 443 492 εἰς
469 430 560 483 τὸν
584 431 747 485 τόπον
778 433 876 502 τῆς
905 434 1078 502 αὐτῆς
1117 435 1478 505 Ἐκκλησίας,
1509 438 1610 508 ἤδη
1637 439 1733 492 καὶ
1762 439 1952 492 τοῦτον

2084 465 2115 503 n
2147 451 2329 506 medio
2354 460 2488 517 stat,
2514 463 2567 510 et
2601 463 2894 525 postquam
2956 469 3081 512 sese
3127 469 3314 511 coram
3374 439 3652 522 archiepi-

362 522 724 592 παραλαϐών.
766 525 856 578 Διὸ
899 525 994 578 καὶ
1039 527 1066 578 6
1111 527 1408 598 ἀσπασμὸς
1453 528 1686 595 γίνεται,
1720 527 1806 582 ἵνα
1857 529 1952 583 καὶ

363 615 457 669 τὸν
482 606 671 682 θρόνον
699 617 865 670 αὐτοῦ
906 618 1047 690 λάϐῃ
1093 620 1189 684 καὶ
1239 620 1614 690 συγκάθεδρος
1648 622 1951 692 ἀναγορευ-

363 707 428 779 θῇ
480 714 579 778 τῆς
634 711 852 764 συνόδου
894 714 988 766 καὶ
1043 715 1367 784 συγκριτής.
1410 715 1521 768 Καὶ
1567 715 1632 785 δὴ
1683 715 1824 768 κατὰ
1855 715 1955 786 τὴν

363 804 516 870 τάξιν
539 805 633 856 τοῦ
653 804 842 874 θρόνου
863 805 1027 860 αὐτοῦ
1055 809 1149 861 καὶ
1171 808 1270 878 τὴν
1297 806 1466 878 τιμὴν
1490 808 1624 877 ἕχει-
1655 814 1752 862 καὶ
1778 809 1953 881 κάθη-

363 909 454 948 ται
491 895 582 947 καὶ
609 899 969 967 γνωμοδοτεῖ,
1014 901 1108 953 καὶ
1135 899 1202 953 τά
1235 899 1400 952 λοιπὰ
1428 899 1668 968 ἐνεργεῖ.

931 1185 1182 1246 ΚΕΦΑΛ.
1221 1189 1391 1245 ΣΚΓ’.

367 1307 531 1361 Διατί
566 1308 635 1360 ἐν
661 1306 742 1373 τῷ
791 1307 967 1376 τρίτῳ
1001 1306 1103 1362 καὶ
1150 1308 1478 1369 τελευταίῳ
1511 1305 1819 1374 ασπασμῷ
1860 1307 1961 1376 θυτ

439 1379 632 1447 μίαμα
657 1379 808 1444 μετὰ
829 1374 1333 1447 ῥοδοστάγματος
1383 1378 1824 1447 προσφέρεται-⁸
1863 1374 1960 1428 καὶ

441 1444 576 1514 περι
616 1447 722 1515 τῆς
760 1444 1445 1515 λεγομένηδπράξεως,
1503 1445 1636 1514 ἤτοι
1691 1444 1962 1515 γράμμα-

437 1534 562 1582 τος,
597 1519 669 1570 τὰ
701 1517 832 1585 περὶ
867 1517 979 1585 τῆς
1010 1519 1392 1585 χειροτονίας
1413 1515 1780 1584 δηλοῦντος.

451 1633 608 1685 Ἐπεὶ
637 1632 693 1685 δὲ
737 1632 911 1684 ταῦτα
957 1631 1046 1685 διὰ
1094 1634 1196 1701 τῆς
1229 1632 1452 1701 χάριτος
1482 1629 1668 1693 ἔλαϐε,
1713 1630 1808 1684 καὶ
1853 1629 1963 1682 τῶν

367 1725 620 1794 εὐόσμων
652 1723 1026 1794 προσφέρεται
1079 1741 1154 1790 τι,
1191 1717 1303 1776 οἷον
1340 1723 1711 1793 ροδόσταγμα,
1741 1722 1836 1774 καὶ
1867 1721 1963 1772 θυ-

373 1818 560 1888 μίαμα
585 1818 673 1870 διὰ
693 1816 786 1869 τοῦ
815 1819 906 1870 ἐπὶ
935 1816 1040 1885 τῆς
1076 1816 1356 1882 εὐταξίας,
1388 1815 1445 1878 ὃς
1477 1815 1572 1867 καὶ
1603 1814 1960 1884 προηγεῖται,
1996 1809 2038 1865 Β

369 1911 467 1962 καὶ
502 1910 592 1961 τὸν
631 1909 1087 1980 χειροτονηθέντα
1118 1910 1176 1960 ὲν
1203 1908 1416 1970 τούτοις
1450 1907 1584 1960 πᾶσι
1619 1901 1960 1976 προπέμπειζ

369 2000 558 2066 οὕτως
620 2001 713 2055 οὖν
762 2007 789 2055 6
858 2001 1268 2073 χειροτονηθεὶς
1326 2001 1624 2070 ἀρχιερεὺς
1687 1997 1964 2060 καταστὰς

370 2097 551 2151 πάντα
575 2097 645 2149 τὰ
677 2098 1048 2166 νενομισμένα
1075 2097 1384 2149 τετέλεκεν.
1417 2095 1513 2156 Ὃς
1539 2092 1636 2145 καὶ
1669 2091 1965 2161 ἐγγράφως

369 2190 638 2258 λαμϐάνει
691 2189 761 2240 τὰ
796 2189 927 2259 περὶ
980 2188 1146 2240 αὑτοῦ
1197 2187 1570 2257 ὑπομνήματά
1613 2188 1692 2249 εἰς
1725 2185 1964 2254 δήλωσιν

369 2280 707 2350 ἀσφαλείας,
733 2281 974 2351 γράμμα
999 2279 1180 2333 λαϐὼν
1207 2280 1385 2332 πάντα
1415 2280 1670 2348 περιέχον
1702 2281 1800 2344 τὴν
1830 2279 1965 2332 ἁνα-

369 2375 562 2444 γωγὴν
600 2375 788 2437 αὐτοῦ,
818 2375 915 2442 τὴν
948 2373 1275 2444 ἱερωσύνην,
1300 2373 1390 2426 τὸν
1418 2371 1554 2442 βίον,
1589 2373 1688 2434 τὰς
1714 2371 1953 2440 ψήφους,

373 2465 468 2518 καὶ
495 2464 601 2516 ὑπὸ
634 2464 800 2517 τίνων
827 2464 1153 2534 ἐψήφισται,
1185 2464 1278 2514 καὶ
1312 2464 1460 2524 ὅπως
1493 2463 1591 2532 τὴν
1622 2461 1964 2531 ἀρχιερωσύ-

372 2571 469 2623 νην
504 2555 806 2617 κοινωνικῶς
838 2556 1052 2608 ἔλαϐεν.
1112 2555 1178 2608 Ὅ
1227 2555 1290 2623 δὴ
1341 2555 1436 2606 καὶ
1472 2555 1498 2605 6
1533 2553 1965 2623 ἀρχιεπίσκοπος

372 2647 714 2719 ὑπογράφει,
747 2647 842 2700 καὶ
877 2645 1074 2718 βούλλῃ
1123 2646 1301 2710 οἰκείᾳ.
1361 2643 1682 2714 σφραγὶζει,
1719 2643 1794 2706 ὡς
1830 2642 1894 2695 ἂν
1929 2644 1962 2711 ἡ

372 2738 452 2803 είς
474 2738 571 2811 τὴν
604 2740 917 2810 ἐπισκοπὴν
940 2740 1278 2802 κατάστασις
1303 2738 1660 2808 ἐμμάρτυρος
1691 2735 1881 2789 τούτου

931 3031 1181 3095 ΚΕΦΑΛ.
1224 3030 1397 3084 ΣΚΔ’.

375 3125 511 3196 Περὶ
551 3127 984 3212 καταστάσεως
1011 3125 1108 3179 καί
1138 3125 1536 3193 χειροτονίας,
1566 3124 1960 3192 πατριάρχου.
1990 3149 2036 3212 C

458 3217 613 3273 Ἐπεὶ
662 3219 720 3271 δὲ
772 3204 942 3272 καΓὸ
995 3220 1345 3288 πατριάρχης
1382 3215 1706 3280 ἐπίσκοπος,
1755 3216 1961 3285 ἴδωμεν

378 3313 475 3367 καὶ
499 3311 570 3366 τὰ
596 3310 719 3366 κατ’
747 3311 912 3364 αὐτὸν
945 3312 1002 3364 ὲν
1037 3313 1104 3380 τῇ
1142 3309 1454 3381 χειροτονίᾳ
1490 3307 1584 3362 τοῦ
1632 3307 1960 3362 ἐπισκόπου.

379 3405 730 3477 Πατριάρχου
784 3405 921 3474 πρὸς
975 3389 1110 3456 Θεὸν
1162 3403 1574 3472 μεταστάντος,
1628 3399 1805 3462 οὐδεὶς
1855 3399 1964 3451 τῶν

379 3499 684 3570 ἀρχιερέων
714 3499 783 3568 τῇ
815 3497 1042 3568 Μεγάλῃ
1073 3497 1212 3571 ϐλως
1276 3495 1550 3566 ἐκκλησίᾳ
1599 3493 1961 3566 παραϐάλλει,

381 3593 471 3646 ἵνα
507 3591 580 3662 μὴ
619 3589 695 3654 ὡς
729 3590 996 3659 ἐπιϐάτης
1043 3589 1292 3660 λογισθῇ.
1328 3587 1436 3642 Τοῦ
1484 3586 1755 3658 βασιλέως
1785 3587 1856 3640 δὲ
1890 3584 1967 3647 ὡς

385 3689 604 3740 ὲκδίκου
636 3685 736 3754 τῆς
759 3669 1114 3754 ’Ἐκκλησίας
1157 3682 1478 3754 προτροπὴν
1511 3680 1718 3734 ἄνωθεν
1750 3679 1964 3750 ἔχοντος

389 3780 492 3831 τῶν
517 3779 678 3832 θείων
719 3777 1006 3850 Πατέρων,
1066 3774 1284 3828 σύνοδον
1337 3773 1489 3844 ἱερὰν
1553 3772 1744 3824 τούτου
1803 3770 1966 3840 χάριν

392 3873 638 3940 συνάγειν
687 3869 1035 3940 ἀρχιερέων,
1093 3866 1256 3928 αὐτὸς
1313 3867 1378 3937 δὴ
1433 3866 1461 3917 6
1509 3863 1762 3934 βασιλεὺς
1840 3861 1966 3924 τοὺς

387 3963 804 4034 πλησιοχώρους
839 3960 1234 4033 προσκαλεῖται
1265 3959 1355 4013 διὰ
1387 3958 1833 4030 προσταγμάτων
1865 3957 1966 4024 ἀρ-

387 4056 614 4124 χιερεῖς.
643 4051 752 4104 Καὶ
785 4047 1165 4119 συναχθέντων
1203 4048 1405 4114 αὐτῶν,
1439 4049 1642 4110 πάντες
1670 4047 1802 4100 οἵτε
1833 4047 1969 4114 πρό-

387 4161 547 4216 τερον
575 4143 728 4207 ὄντες
753 4143 812 4196 ὲν
843 4145 908 4214 τῇ
935 4141 1148 4215 μεγάλῃ
1182 4141 1358 4206 πόλει,
1384 4141 1439 4194 οῖ.
1457 4158 1516 4194 τε
1549 4138 1971 4210 συναθροισθέν-

388 4250 478 4297 τες
534 4232 733 4297 ἔξωθεν
787 4232 902 4287 ὅσοι
950 4231 1177 4285 δυνατὸν
1229 4230 1429 4294 ἐλθεῖν,
1486 4230 1611 4282 ἐπεὶ
1661 4228 1754 4282 καὶ
1811 4229 1969 4297 εἰπερ

391 4330 594 4386 πάντες
623 4320 764 4394 ἦσαν
801 4325 1100 4389 κανονικοὶ,
1137 4323 1231 4376 τοῦ
1280 4322 1546 4392 βασιλέως
1583 4321 1971 4392 προστάγματι

392 4417 529 4488 ὁμοῦ
561 4418 889 4484 συνάγονται
941 4417 998 4468 ὲν
1049 4414 1179 4485 ἱερῷ
1223 4414 1376 4485 τόπῳ
1419 4415 1523 4468 ἑνί.
1574 4415 1684 4468 Καὶ
1727 4413 1884 4466 τοῦτο
1913 4414 1971 4467 δὲ

2059 558 2228 614 scopo
2263 545 2571 613 inclinavit,
2599 548 2848 604 assidere
2876 549 3129 620 jubetur.
3165 548 3332 606 Sedet
3381 558 3558 603 autem
3595 549 3646 602 in

2059 638 2183 692 loco
2208 639 2456 695 ecclesia;
2501 657 2615 696 suae
2649 642 2836 698 debito
2863 686 2880 711 ,
2907 644 3022 714 jam
3045 643 3194 699 illius
3223 653 3484 714 capturus
3518 657 3648 711 pos-

2059 731 2402 800 sessionem;
2434 733 2559 790 ideo
2581 736 2728 790 enim
2768 738 2827 790 lit
2849 736 2941 791 illa
2974 738 3258 800 salutatio,
3294 747 3353 791 ut
3383 737 3641 791 thronum

2060 837 2225 878 suum
2251 826 2514 895 accipiat,
2552 835 2606 882 et
2635 828 2834 898 synodi
2868 829 3249 898 promulgetnr
3288 843 3556 887 assessor,
3592 836 3647 879 et

2061 931 2184 971 cum
2217 917 2341 972 aliis
2388 918 2576 988 judex.
2612 918 2748 973 Nam
2808 921 3112 976 secundum
3163 921 3408 975 ordinem
3464 921 3648 973 throni

2061 1009 2148 1063 sui
2183 1019 2236 1065 et
2263 1011 2590 1075 honoratur,
2622 1023 2676 1067 et
2708 1014 2882 1080 sedet,
2927 1024 2981 1069 et
3031 1014 3361 1070 sententiam
3414 1013 3564 1076 dicit,
3601 1021 3654 1066 et

2061 1111 2259 1156 caetera
2287 1118 2574 1172 operatur.

2593 1220 2824 1277 CAPUT
2855 1221 3135 1279 CCXXIII.

2072 1330 2255 1397 Quare
2292 1334 2362 1386 ad
2389 1336 2606 1390 tertium
2635 1345 2692 1410 et
2731 1339 2980 1410 ultimum
3011 1339 3249 1393 osculum
3301 1343 3502 1410 sumtus
3536 1356 3650 1391 cum

2140 1419 2287 1471 aqua
2320 1421 2542 1478 rosarea
2583 1407 2830 1473 oﬂ'ertur,
2859 1422 2908 1462 et
2948 1409 3013 1462 de
3063 1412 3272 1464 actione
3320 1407 3428 1465 sine
3461 1414 3655 1478 scripto

2147 1489 2249 1542 quo
2284 1475 2484 1546 singuli
2528 1478 2880 1533 ordinationis
2911 1481 3046 1533 ritus
3071 1494 3430 1550 exponuntur.

2140 1645 2276 1703 Cum
2314 1658 2495 1706 autem
2545 1667 2643 1721 per
2672 1657 2910 1726 gratiam
2971 1657 3090 1711 haec
3155 1662 3452 1729 acceperit,
3496 1664 3658 1718 on‘ert
3709 1662 3718 1722 ἱ

2072 1740 2279 1811 aliquid
2339 1745 2694 1812 suaveolens,
2751 1747 2922 1802 veluti
2968 1765 3194 1808 roseum
3250 1753 3545 1823 liquorem,
3603 1766 3658 1811 et

2067 1846 2188 1905 quae
2218 1832 2460 1891 sumtum
2494 1845 2620 1905 apta
2647 1846 2777 1894 sunt
2812 1840 3013 1907 facere,
3044 1859 3140 1912 per
3165 1858 3294 1899 eum
3351 1847 3448 1915 qui
3488 1863 3658 1904 caere-

2069 1925 2275 1981 moniis
2307 1932 2506 1986 ordine
2535 1932 2764 2001 agendis
2799 1937 3130 2006 praepositus
3157 1944 3262 2004 est,
3294 1940 3390 2009 qui
3445 1940 3500 1995 in
3557 1943 3659 1996 hu-

2065 2017 2311 2087 jusmodi
2343 2029 2398 2075 et
2424 2023 2602 2092 praeit,
2651 2033 2706 2080 et
2731 2027 3045 2083 ordinatum
3063 2029 3308 2086 deducit.
3330 2032 3467 2087 Cum
3495 2033 3662 2101 igitur

2068 2110 2149 2180 sic
2179 2111 2468 2183 episcopus
2510 2117 2811 2174 institutus
2851 2121 3040 2175 omnia
3095 2138 3218 2189 quae
3273 2124 3485 2191 legibus
3538 2138 3658 2180 sta-

2070 2210 2188 2256 tuta
2226 2214 2354 2260 sunt
2384 2207 2700 2274 perfecerit.
2730 2211 2942 2282 scripto
2971 2215 3140 2269 etiam
3177 2216 3376 2286 accipit
3400 2218 3661 2273 testiﬁca-

2070 2295 2272 2349 tionem
2306 2297 2620 2355 securitatis
2642 2315 2809 2356 causa
2836 2319 3030 2360 eorum
3071 2323 3191 2376 quae
3229 2312 3294 2364 de
3345 2311 3465 2380 ipso
3512 2312 3657 2366 dicta

2069 2383 2282 2440 laetave
2329 2400 2500 2458 sunt;
2558 2391 2797 2460 diploma
2855 2411 3050 2468 nempe
3103 2403 3286 2454 omnia
3341 2403 3656 2469 continens,

2068 2477 2472 2536 institutionem
2509 2483 2708 2553 ipsius,
2745 2503 2952 2553 mores,
3008 2495 3404 2560 sacerdotium,
3462 2498 3659 2551 suffra-

2066 2570 2175 2640 gia,
2210 2581 2262 2625 et
2295 2589 2322 2628 a
2354 2575 2555 2642 quibus
2587 2577 2846 2652 sullragia
2879 2586 3138 2654 accepit,
3191 2601 3370 2656 quave
3441 2590 3656 2645 ratione

2068 2659 2450 2730 episc0patum
2487 2667 2754 2722 canonice
2803 2673 3067 2740 suscepit.
3106 2673 3220 2729 lloc
3277 2678 3650 2732 testiinonium

2068 2752 2523 2825 archiepiscopus
2561 2759 2860 2816 subscribit
2890 2772 2943 2817 et
2969 2765 3112 2820 bulla
3136 2770 3355 2836 propria
3381 2771 3656 2840 obsignat,

2069 2850 2129 2893 ut
2157 2842 2226 2894 sit
2257 2843 2335 2897 illi
2372 2848 2739 2912 proutotionis
2771 2860 2825 2907 et
2858 2853 3228 2913 institutionis
3272 2859 3338 2914 ad
3372 2860 3658 2930 episcopa-

2070 2943 2182 2988 tum
2208 2937 2540 2992 testiﬁcatio.

2591 3031 2818 3090 CAPUT
2859 3033 3142 3096 CCXXIV.

2177 3119 2256 3174 De
2305 3125 2688 3180 constitutione
2737 3137 2787 3182 et
2835 3131 3171 3186 ordinatione
3199 3134 3545 3201 patriarchae.

2140 3211 2278 3267 Cum
2317 3225 2502 3272 autem
2536 3219 2832 3289 episcopus
2889 3224 2949 3277 ﬁt
2983 3225 3329 3294 patriarcha,
3373 3229 3656 3286 videamus

2067 3305 2197 3374 quid
2235 3305 2290 3360 in
2317 3307 2439 3378 ejus
2475 3314 2899 3370 consecratione
2953 3317 3238 3373 observari
3301 3322 3495 3377 soleat.
3553 3322 3657 3376 Pa-

2068 3397 2307 3452 triarcha
2337 3415 2404 3454 ex
2448 3401 2548 3455 hac
2582 3402 2689 3456 vita
2723 3405 2788 3457 ad
2833 3407 3001 3461 Deum
3029 3410 3278 3480 profecto
3321 3415 3506 3469 nullus
3540 3429 3658 3468 Olli-

2068 3488 2202 3543 ninu
2232 3492 2617 3562 episcoporum
2643 3496 2712 3550 ad
2757 3497 3004 3568 Magnam
3073 3502 3361 3558 ecclesiam
3422 3506 3654 3572 accedit,

2069 3596 2137 3634 ne
2161 3583 2345 3638 sedem
2384 3583 2528 3639 hanc
2561 3587 2822 3643 invadere
2846 3591 2986 3647 velle
3014 3594 3266 3649 videatur
3294 3614 3308 3652 :
3334 3597 3429 3652 sed
3485 3599 3658 3668 impe-

2069 3680 2218 3726 rator
2238 3687 2298 3727 ea
2326 3673 2392 3729 de
2439 3691 2616 3743 causa
2658 3693 2870 3735 sacram
2939 3684 3322 3755 episcoporum
3379 3675 3653 3757 synodum

2069 3774 2359 3831 convocat,
2391 3783 2455 3822 ea
2508 3779 2675 3826 utens
2742 3775 3072 3832 auctoritate
3123 3778 3229 3834 sibi
3266 3781 3569 3850 antiquitus
3624 3800 3656 3848 a

2070 3857 2274 3913 divinis
2317 3859 2573 3918 Patribus
2630 3876 2688 3919 ut
2720 3864 2983 3924 Ecclesia:
3027 3869 3308 3928 defensori
3371 3890 3656 3932 concessa.

2069 3947 2314 4004 Advocat
2343 3951 2510 4022 igitur
2531 3954 2584 4007 in
2615 3955 2829 4022 urbem,
2867 3959 3033 4029 regiis
3062 3960 3178 4016 suis
3198 3962 3418 4030 litteris,
3447 3964 3659 4023 vicinos

2069 4042 2358 4112 episcopos
2407 4053 2673 4114 quantum
2725 4049 2842 4103 lieri
2905 4058 3129 4120 potest;
3187 4069 3314 4108 nam
3367 4057 3412 4111 si
3469 4073 3658 4114 omnes

2073 4134 2350 4201 adessent,
2371 4153 2462 4193 res
2484 4148 2633 4194 esset
2663 4140 2823 4210 plane
2849 4145 3136 4200 canonica.
3155 4144 3236 4201 Illi
3270 4149 3435 4219 igitur
3464 4166 3660 4208 secun-

2074 4229 2201 4284 dum
2239 4230 2424 4300 regias
2449 4231 2664 4288 litteras
2701 4233 2867 4289 simul
2898 4250 3025 4290 cum
3068 4237 3137 4292 iis
3167 4239 3262 4307 qui
3296 4240 3348 4293 in
3379 4243 3513 4295 urbe
3543 4252 3659 4294 tum

2074 4321 2443 4376 versanturin
2479 4321 2601 4379 loco
2632 4337 2792 4380 sacro
2843 4337 3274 4398 congregantur.
3307 4330 3385 4384 Ex
3435 4333 3660 4401 antiqua

2077 4422 2260 4468 autem
2314 4417 2719 4474 consuetudine
2772 4421 2876 4474 soli
2939 4435 3050 4475 non
3097 4435 3540 4494 congregantur,
3596 4441 3664 4481 ne

393 4511 621 4581 ἀρχαῖον
670 4509 793 4572 ἔθος
845 4509 904 4562 τὸ
956 4508 1032 4577 μὴ
1095 4508 1293 4576 μόνους
1343 4506 1698 4576 συνάγεσθαι,
1751 4507 1837 4560 ἵνα
1896 4507 1972 4577 μὴ

2078 4506 2376 4562 schismata
2407 4508 2550 4564 inter
2589 4525 2683 4566 eos
2713 4523 2766 4566 et
2816 4513 3089 4570 tumultus
3123 4517 3467 4586 contingant.
3517 4521 3662 4573 Con-

395 4603 673 4674 σχίσματά
697 4618 821 4656 τινα
849 4602 1092 4672 συμϐαίη
1118 4599 1371 4668 γενέσθαι
1394 4602 1490 4654 καὶ
1513 4601 1782 4671 ταραχάς.
1805 4601 1975 4653 Συνά·

379 4707 585 4766 γονται
615 4696 671 4748 δὲ
703 4697 802 4748 οὐκ
832 4696 890 4747 ὲν
917 4695 995 4763 τῷ
1029 4695 1255 4764 μεγάλῳ
1291 4693 1400 4764 ναῷ
1423 4695 1515 4746 τοῦ
1548 4694 1972 4765 πατριάρχείου,

396 4791 480 4844 ὅτι
516 4789 865 4858 πατριάρχης
907 4789 1007 4839 ούκ
1053 4785 1190 4849 ἔστι,
1233 4791 1326 4838 καὶ
1379 4785 1552 4839 οὕτινι
1589 4786 1742 4838 ἄδεια
1795 4790 2004 4841 ἐκεῖσε

399 4882 757 4952 παραϐαλεῖν,
779 4880 893 4934 ἀλλ’
923 4882 980 4941 ἐν
1016 4879 1096 4949 τῷ
1125 4879 1233 4932 τῶν
1267 4879 1436 4946 ἁγίων
1475 4881 1816 4934 Ἀποστόλων
1849 4881 1980 4950 θείῳ

402 4975 580 5046 σηκῷ,
615 4975 702 5028 διὰ
732 4974 831 5042 τὴν
861 4975 1021 5043 χάριν
1057 4973 1165 5025 τῶν
1213 4972 1549 5036 ἀποστόλων,
1587 4972 1682 5025 καὶ
1723 4974 1806 5026 ὅτι
1848 4975 2015 5026 ἀπο-.

401 5067 643 5120 στολικὸν
671 5071 732 5118 τὸ
758 5066 1160 5134 λειτούργημα,
1214 5068 1309 5118 καὶ
1357 5065 1544 5135 κύκλῳ
1576 5066 1634 5118 δὲ
1676 5068 1734 5121 αί
1767 5069 1980 5130 εἰκόνες

400 5159 508 5212 τῶν
536 5157 866 5222 ἀποστόλων,
893 5158 968 5220 ὡς
999 5159 1094 5210 καὶ
1126 5159 1184 5210 ἐν
1213 5156 1290 5227 τῷ
1317 5156 1640 5228 ψηφιφορίῳ
1665 5158 1715 5209 οἱ
1749 5159 1984 5210 ἀπόστο-

398 5255 485 5306 λοι
518 5253 904 5322 άνιστόρηνται
934 5251 1142 5306 ἄνωθεν
1185 5252 1246 5302 τὸ
1274 5250 1500 5320 Πνεῦμα
1532 5252 1836 5321 δεχόμενοι.
1871 5253 1982 5322 Τῆς

403 5344 570 5415 εὐχῆς
605 5341 846 5409 οὖν,.καὶ
868 5344 974 5397 τῶν
1006 5343 1172 5412 τριῶν
1203 5343 1399 5411 φώτων
1443 5344 1538 5396 καὶ
1570 5345 1664 5398 τοῦ
1697 5345 1985 5416 θυμιάμα..

403 5455 518 5506 τος,
544 5439 638 5491 καὶ
665 5438 760 5490 τοῦ
790 5433 1167 5506 μνημοσύνου,
1211 5434 1306 5488 καὶ
1334 5436 1433 5505 τῆς
1469 5435 1788 5501 ἀπολύσεως
1832 5439 1984 5509 παρὰ
2028 5509 2032 5513 ἱ

405 5532 500 5586 τοῦ
536 5530 756 5600 πρώτου
784 5530 1088 5599 ἀρχιερέως
1113 5527 1477 5581 τελεσθέντων
1502 5571 1517 5595 ,
1555 5530 2004 5600 συμψαλλόντων

408 5626 505 5678 καὶ
562 5623 975 5693 συνευχομένων
1039 5622 1131 5674 καὶ
1192 5621 1301 5673 τῶν
1355 5620 1582 5689 λοιπῶν,
1644 5625 1784 5678 κατὰ
1833 5627 1987 5692 τάξιν

408 5721 698 5790 κάθηνται,
735 5719 894 5789 μόνον
921 5715 1015 5771 τοῦ
1047 5714 1467 5788 χαρτοφύλακος
1507 5717 1690 5782 αὐτοῖς
1717 5735 1986 5789 συμπαρ-

410 5813 584 5887 όντος,
616 5812 710 5866 καὶ
752 5809 825 5874 ὡς
875 5810 996 5873 ἔθος
1038 5809 1095 5862 αἱ
1145 5807 1316 5878 ψῆφοι
1363 5809 1422 5864 ὲν
1453 5812 1602 5881 τρισὶ
1648 5810 1990 5882 προσώποις,

2079 4609 2380 4673 gregantur
2411 4611 2598 4659 autem
2655 4620 2767 4659 non
2807 4605 2862 4659 in
2906 4621 3104 4677 magno
3151 4610 3471 4678 patriarchii
3535 4621 3667 4664 tem-

2081 4695 2282 4763 plo,eo
2320 4694 2464 4763 quod
2498 4709 2605 4749 non
2633 4706 2717 4750 est
2771 4697 3108 4765 patriarcha,
3174 4701 3491 4769 neminiquc
3541 4702 3664 4755 licet

2081 4787 2213 4841 illud
2248 4785 2530 4852 accedere,
2554 4787 2648 4841 sed
2687 4788 2743 4842 in
2783 4788 2965 4843 divina
3007 4789 3330 4846 Sanctorum
3380 4793 3666 4861 Apostolo-

2081 4897 2205 4935 rum
2257 4881 2512 4948 ecclesia,
2572 4890 2685 4935 tum
2732 4890 2954 4952 propter
3005 4884 3239 4953 gratiam
3287 4887 3661 4954 apostolicam,

2085 4982 2200 5028 tum
2237 4983 2463 5044 propter
2526 4973 2900 5028 ministerium
2938 4977 3319 5044 apostolicum.
3368 4978 3527 5032 Circa
3571 4996 3667 5032 eus

2083 5083 2337 5138 appetisse
2372 5075 2502 5122 sunt
2533 5066 2918 5136 apostolorum
2951 5068 3240 5137 imagines,
3270 5072 3416 5124 velut
3463 5071 3516 5124 in
3550 5071 3668 5124 loco

2087 5159 2472 5229 suﬂrégiorum
2498 5157 2853 5213 ferendarum
2893 5158 3122 5213 historia
3151 5162 3528 5228 apostolorum
3557 5179 3670 5216 tu:-

2087 5255 2218 5307 litus
2243 5250 2509 5320 Spiritum
2547 5250 2931 5320 recipientium
2968 5251 3190 5321 depingi
3246 5264 3510 5308 consueta
3560 5266 3663 5310 est.

2087 5344 2347 5399 Oratione
2378 5343 2541 5411 igitur
2567 5350 2621 5398 et
2653 5343 2831 5397 tribus
2866 5345 3188 5410 luminibus,
3220 5354 3275 5400 et
3306 5347 3488 5402 thuris
3519 5348 3668 5401 suni-

2091 5446 2172 5501 tu,
2205 5444 2260 5489 et
2287 5435 2646 5499 inonimento,
2679 5442 2732 5487 et
2778 5434 3128 5490 absolutione
3182 5439 3252 5490 ab
3288 5437 3668 5505 episcoporum

2062 5518 2267 5598 primo
2327 5525 2586 5596 perlectis
2622 5565 2638 5592 ,
2696 5526 2911 5582 czeteris
2974 5527 3139 5583 simul
3197 5530 3560 5597 psallentibus
3615 5539 3672 5583 et

2093 5617 2572 5688 comprecantibus
2601 5617 2796 5672 ordine
2825 5619 3036 5686 sedent,
3074 5621 3193 5677 solo
3245 5622 3673 5690 cbartophylace

2093 5711 2230 5781 ipsis
2289 5710 2634 5764 considente.
2727 5708 2997 5779 Sull‘ragia
3092 5719 3276 5765 autem
3369 5713 3672 5780 secundum

2099 5802 2614 5866 consuetudinem,
2679 5814 2738 5857 ut
2796 5803 3057 5868 diximus,
3117 5803 3170 5858 in
3229 5812 3340 5859 tres
3415 5815 3678 5869 personas
