4078 6472
400 365 509 428 439

1217 367 1601 432 SYMEONIS
1633 365 2398 430 THESSALONICENSIS
2441 369 2803 439 ARCHlEP.

3553 367 3659 432 440

404 481 675 547 feruntur,
699 482 916 552 lataque
949 482 1019 538 ad
1053 481 1440 553 imperatorem
1487 497 1519 537 a
1548 482 2012 551 chartophylace,

2094 480 2154 544 it;
2186 483 2513 553 εἰρήκαμεν,
2551 485 2815 553 γίνονται.
2868 482 2982 537 Καὶ
3023 483 3122 547 τὰς
3156 480 3367 552 ψήφους
3401 481 3603 544 ταύτας
3630 484 3661 536 ὁ

403 580 461 627 et
493 572 711 628 duobus
737 574 1015 643 episcopis
1035 573 1383 631 deferuntur.
1416 574 1594 631 Unius
1621 573 1689 628 de
1723 571 1901 628 tribus
1949 582 1980 625 a

405 664 645 718 concilio
735 667 1033 720 nominatis
1095 666 1296 721 electio
1360 665 1669 734 antiquitus
1749 665 1985 733 impera-

407 754 534 819 tori,
579 762 636 807 ut
670 766 857 821 uncto,
887 772 916 809 a
951 755 1210 812 Patribus
1270 756 1534 826 permissa
1578 764 1682 820 est,
1736 768 1802 808 eo
1838 754 1982 822 quod

403 857 598 900 omnes
625 855 754 900 sunt
792 862 821 901 a
887 849 1101 919 synodo
1141 848 1322 915 electi,
1358 859 1414 903 et
1472 847 1618 919 digni
1657 860 1724 901 eo
1780 846 1984 901 honore

399 934 651 1004 judicati.

927 1052 1157 1109 CAPUT
1201 1052 1453 1110 CCXXV.

513 1165 667 1231 Quod
690 1168 755 1219 ab
778 1169 1097 1234 imperatore
1136 1171 1248 1238 ipso
1275 1182 1529 1237 prwsente
1558 1168 1878 1239 dignitatem

785 1240 1094 1307 patriarcha
1128 1245 1322 1292 eiectus
1355 1241 1599 1309 suscipit.

474 1329 579 1395 Qui
611 1330 775 1400 igitur
804 1346 835 1385 e
867 1331 1043 1385 tribus
1074 1332 1284 1386 electus
1311 1344 1418 1396 est,
1470 1342 1525 1386 et
1561 1331 1893 1392 declaratus.
1930 1338 1987 1387 et

402 1422 471 1476 ab
504 1424 619 1492 ipso
654 1426 989 1492 imperatore
1012 1434 1282 1492 praesente
1324 1424 1521 1491 dignus
1569 1425 1984 1493 pronuntiatus,

400 1513 507 1567 hoc
535 1513 682 1567 enim
724 1514 782 1566 lit
816 1523 877 1567 ut
912 1515 1208 1584 plurimum
1234 1522 1461 1583 propter
1491 1514 1673 1583 operis
1709 1515 1986 1581 magnitu-

401 1599 585 1658 dinem
623 1613 680 1658 et
725 1618 891 1673 grave
920 1604 1158 1659 actionis
1190 1613 1546 1670 momentum,
1579 1607 1723 1673 quod
1772 1603 1866 1672 qui
1893 1620 1988 1657 no-

405 1699 624 1755 verunt,
658 1701 1002 1756 reverentur,
1042 1691 1293 1745 electioni
1321 1693 1635 1747 consentire
1665 1707 1985 1762 persuasus,

403 1792 579 1846 eaque
643 1791 889 1848 accepta,
925 1779 1130 1834 indicta
1177 1780 1265 1835 die
1309 1781 1734 1835 declarationem
1762 1782 1984 1850 excipit,

403 1870 723 1924 convocatis
759 1873 1018 1927 omnibus
1051 1872 1143 1940 qui
1175 1872 1283 1925 illic
1312 1882 1462 1937 sunt,
1495 1873 1792 1942 episcopis,
1825 1887 1981 1940 pres-

402 1959 633 2031 byteris,
664 1961 1133 2026 archimandritis,
1158 1962 1502 2032 hegumenis,
1529 1963 1698 2028 clero,
1724 1971 1779 2017 et
1803 1961 1988 2032 populi

404 2066 604 2122 magna
637 2061 812 2121 parte,
852 2053 1001 2106 velut
1057 2064 1310 2122 promoto
1346 2055 1621 2107 communi
1652 2053 1836 2117 Patre,
1872 2067 1989 2107 om-

406 2142 573 2197 nibus
628 2158 843 2213 quoque
908 2144 1248 2213 principibus
1298 2145 1576 2215 lampades
1606 2145 1984 2216 gestantibus,

406 2232 552 2287 facta
585 2248 767 2302 prece,
800 2244 862 2287 ut
889 2232 1096 2287 dictum
1124 2243 1229 2300 est,
1262 2235 1331 2288 ab
1362 2237 1538 2289 electo
1565 2234 1905 2304 patriarcha,
1928 2244 1990 2305 et

408 2324 754 2389 dimissione,
797 2326 1060 2380 solemnis
1100 2325 1192 2380 illa
1220 2327 1545 2395 patriarchae
1580 2327 1744 2381 electi
1805 2325 1990 2382 decla-

405 2415 552 2472 ratio
583 2417 697 2471 sive
738 2415 1001 2472 indicatio
1035 2432 1065 2471 a
1102 2417 1361 2472 maximis
1394 2417 1691 2471 senatoriis
1722 2416 1988 2487 principi-

405 2507 512 2561 bus
547 2508 963 2576 pronuntiatur.
999 2506 1353 2575 lmperatoris
1384 2506 1529 2559 cnim
1565 2518 1853 2573 personam
1894 2519 1988 2573 ge-

406 2606 558 2663 runt,
593 2597 892 2667 imperator
922 2612 1052 2652 vero
1088 2613 1210 2667 qua:
1240 2596 1437 2666 synodi
1465 2605 1593 2650 sunt
1619 2595 1986 2658 administrat,

407 2697 468 2745 ut
502 2697 703 2744 unctus
733 2690 973 2755 Domini,
1009 2698 1063 2742 ct
1102 2687 1358 2743 defensor
1383 2696 1550 2755 atque
1602 2685 1853 2738 minister
1878 2682 1987 2738 Ec-

405 2781 590 2837 clesiae
614 2796 740 2837 cum
773 2791 974 2836 unctus
1019 2788 1124 2848 est,
1154 2782 1509 2841 constitutus,
1535 2776 1702 2847 idque
1729 2785 1839 2829 tum
1870 2774 1989 2844 pol-

406 2870 613 2927 licitus.

901 2960 1131 3019 CAPUT
1193 2960 1482 3033 ccxxw.

555 3077 837 3146 Quomodo
866 3078 966 3146 ﬁat
996 3076 1263 3131 decretura
1302 3079 1367 3130 de
1410 3075 1526 3146 ejus
1567 3075 1844 3130 electione.

2084 573 2433 640 χαρτοφύλαξ
2491 576 2632 642 μετά
2677 577 2772 627 δύο
2813 575 3116 644 ἀρχιερέων
3166 574 3540 643 προσκομίςει
3580 573 3661 644 τῷ

2085 661 2319 732 βασιλεῖ.
2343 663 2533 734 Τούτῳ
2560 664 2618 718 δὲ
2645 666 2857 720 ἀνεῖται
2882 665 3092 720 ἀνωθεν
3119 664 3229 719 ἀπὺ
3261 664 3369 717 τῶν
3398 664 3663 734 Πατάρων

2083 754 2161 818 ὡς
2191 757 2538 827 κεχρισμένῳ
2582 756 2812 827 βασιλεῖ,
2844 758 2877 828 ὴ
2928 758 3036 812 ἀπὸ
3063 757 3171 826 τῶν
3218 757 3385 827 τριῶν
3418 757 3617 825 ἐκλογὴ
3641 794 3661 823 ,

2081 844 2165 899 ὅτι
2218 847 2604 916 ἐκλελεγμένοι
2661 850 2770 902 εἰσὶ
2819 848 2970 919 παρά
3023 847 3123 918 τῆς
3205 847 3423 902 συνόδου
3468 850 3561 903 καὶ
3611 847 3664 902 οἱ

2083 939 2232 1007 τρεῖς
2266 940 2585 1010 κεκριμένοι
2610 941 2774 1008 ἄξιοι.

2654 1056 2910 1109 ΚΕΦᾹΛ.
2942 1056 3113 1111 ΣΚΕ’.

2088 1164 2218 1217 Ὀτι
2236 1167 2269 1217 ό
2286 1166 2588 1239 βασιλεὺς
2611 1163 2686 1222 δι’
2709 1168 2931 1224 ἑαυτοῦ
2961 1169 3128 1234 ἀξιοῖ
3146 1168 3253 1239 τὸν
3280 1164 3665 1239 ψηφισθέντα

2335 1236 2451 1304 τὴν
2483 1241 2911 1307 πατριαρχείαν
2949 1236 3421 1303 καταδέξασθαι.

2168 1327 2228 1382 '0
2263 1327 2356 1381 οὖν
2388 1329 2451 1381 ὲκ
2477 1332 2588 1382 τῶν
2614 1330 2780 1400 τριῶν
2808 1329 3054 1398 ὲκλεγεὶς
3081 1331 3174 1383 καὶ
3201 1327 3580 1398 διαμηνυθεὶς,
3628 1325 3662 1396 ἢ

2088 1416 2179 1469 καὶ
2210 1417 2342 1486 παρ’
2383 1416 2551 1471 αὐτοῦ
2581 1417 2835 1484 ἀξιωθεὶς
2879 1416 3334 1489 παραγενομένου
3376 1414 3540 1486 169
3569 1411 3664 1467 τοῦ

2090 1503 2373 1574 βασιλέως.
2414 1505 2575 1560 τοῦτο
2601 1508 2710 1575 γάρ
2754 1507 2853 1562 καὶ⁵
2883 1508 2977 1561 ἐπὶ
3010 1506 3175 1560 πλέον
3211 1506 3426 1577 γίνεται
3471 1506 3560 1558 διὰ
3592 1503 3658 1556 τδ

2093 1596 2237 1664 μέγα
2264 1594 2359 1649 τοῦ
2388 1595 2552 1667 ἔργου
2596 1599 2692 1651 καὶ
2740 1600 2802 1651 τδ
2830 1598 3226 1668 παραιτεῖσθαι
3262 1599 3364 1668 τὴν
3420 1596 3665 1667 μεγάλην

2089 1686 2410 1756 ἐγχείρησιν
2446 1688 2574 1751 τοὺς
2621 1687 2852 1757 εἰδότας,
2885 1687 2962 1753 ὡς
2994 1688 3428 1759 εὐλαϐουμένους
3468 1687 3663 1754 αὐτὴν,

2090 1777 2118 1829 ὁ
2155 1778 2400 1842 πεισθεὶς
2438 1779 2536 1832 καὶ
2577 1780 3037 1849 καταδεξάμενος,
3067 1782 3124 1833 ὲν
3155 1780 3441 1851 ὡρισμένῃ
3485 1778 3669 1847 ἡμέρᾳ

2088 1867 2151 1920 τὸ
2179 1872 2408 1939 μήνυμα
2448 1871 2669 1941 δέχεται
2706 1872 2925 1927 πάντων
2961 1871 3321 1942 συνηγμένων
3355 1872 3540 1924 ὲκεῑσε
3567 1870 3667 1939 ἀρ-

2090 1960 2345 2030 χιερέων,
2397 1963 2608 2033 ἱερέων,
2665 1963 3133 2035 ἀρχιμανδριτῶν,
3179 1962 3524 2034 ἡγουμένων,
3570 1959 3666 2013 τοῦ

2092 2050 2318 2120 κλήρου,
2368 2053 2465 2106 καὶ
2498 2053 2754 2131 πλείστου
2788 2054 2942 2121 λαοῦ,
2975 2055 3051 2118 ὡς
3079 2052 3175 2108 τοῦ
3203 2052 3388 2107 κοινοῦ
3441 2069 3668 2124 προχει-

2092 2140 2384 2212 ριζομένου
2430 2145 2667 2214 Πατρὸς,
2704 2145 2799 2198 καί⁵
2846 2145 3127 2216 ἀρχόντων
3177 2142 3671 2214 λαμπαδηφορούν-

2088 2249 2199 2285 των
2234 2232 2516 2289 ἁπάντων.
2548 2234 2660 2287 Καὶ
2690 2233 2790 2303 τῆς
2834 2234 3002 2305 εὐχῆς
3035 2234 3353 2305 γινομένης,
3384 2231 3462 2296 ὡς
3513 2231 3669 2302 εῐρη·

2090 2341 2206 2390 ται,
2229 2325 2381 2396 παρά
2404 2325 2499 2378 τοῦ
2535 2325 2849 2395 ὐποψηφίου
2882 2327 3253 2396 πατριάρχου,
3281 2329 3378 2379 καὶ
3405 2323 3670 2378 ἀπολύον-

2090 2433 2208 2479 τος,
2234 2418 2295 2469 τὸ
2323 2418 2558 2486 μήνυμα
2585 2417 2787 2471 δίδοται
2813 2419 2945 2487 παρ’
2977 2417 3254 2488 ἀρχόντων
3284 2415 3669 2486 συγκλητικῶν

2090 2507 2200 2561 τῶν
2225 2508 2524 2578 μεγίστων,
2559 2508 2655 2561 τοῦ
2680 2506 2949 2578 βασιλέως
2969 2510 3080 2579 γὰρ
3107 2509 3334 2578 φέρουσι
3356 2506 3417 2559 τὸ
3450 2507 3670 2577 πρόσω-

2094 2617 2219 2654 πον.
2268 2599 2329 2653 ⁸0
2364 2599 2621 2670 βασιλεὺς
2662 2600 2721 2653 δὲ
2748 2604 2817 2654 τὰ
2850 2601 2950 2670 τῆς
3003 2601 3221 2655 συνόδου
3276 2600 3563 2671 ὑπηρετεῖ,
3593 2597 3670 2661 ὡς

2092 2690 2329 2761 Χριστὸς
2384 2694 2592 2765 Κυρίου
2652 2693 2749 2746 καὶ
2800 2694 3078 2763 δεφὲνσωρ
3132 2693 3225 2745 καὶ
3253 2691 3671 2762 ὐπηρέτης’τῆς

2102 2784 2434 2855 Ἐκκλησίας
2470 2787 2774 2852 καταστὰς,
2832 2788 2889 2839 ὲν
2941 2786 3023 2857 τῷ
3073 2786 3325 2856 χρίεσθαι
3377 2784 3476 2838 καὶ
3509 2781 3670 2838 τοῦτο

2091 2874 2559 2948 καθυποσχεθείς.

2641 2971 2896 3028 ΚΕΦΔΛ.
2934 2973 3123 3040 Σκςν.

2464 3082 2664 3148 Ὅπως
2699 3084 2767 3137 τὸ
2807 3080 3058 3152 μήνυμα
3084 3083 3329 3152 γίνεται.

479 3170 829 3242 Quapropter
861 3171 957 3241 qui
1005 3170 1427 3226 declarationem
1476 3170 1855 3240 pronuntiant,
1909 3168 1991 3224 sic

2165 3176 2259 3230 Διὸ
2296 3175 2394 3230 καὶ
2415 3177 2464 3229 oi
2499 3176 2561 3229 τὸ
2591 3176 2822 3245 μήνυμα
2854 3175 3106 3245 λέγοντες
3135 3174 3280 3229 οὕτω
3315 3174 3503 3245 φασίν·
3545 3194 3565 3229 ι
3609 3175 3668 3229 '0

412 3266 758 3337 quuuntur:
797 3283 815 3317 ι
856 3263 1037 3321 Fortis
1074 3274 1129 3321 et
1179 3272 1404 3320 sanctus
1432 3262 1696 3318 Dominus
1726 3269 1914 3316 noster
1939 3268 1995 3315 et

413 3358 731 3426 imperator,
769 3366 823 3410 et
877 3356 1061 3409 divina
1092 3368 1362 3424 sacraque
1391 3361 1445 3407 et
1491 3366 1687 3422 magna
1748 3349 1994 3421 synodus

414 3450 690 3505 advocant
770 3450 1120 3504 sanetitatem
1181 3456 1331 3501 tuam
1405 3446 1474 3499 ad
1552 3442 1990 3500 excelsissimum

418 3543 679 3598 thronum
710 3541 1028 3611 patriarchri
1056 3534 1649 3606 Constantinopolitani
1675 3553 1689 3590 :
1719 3552 1739 3587 ι
1786 3543 1993 3589 testan-

413 3643 499 3691 tes
521 3635 668 3703 quod
698 3635 996 3703 imperator
1044 3646 1153 3685 non
1189 3644 1219 3683 a
1241 3629 1445 3697 seipse,
1477 3625 1576 3681 sed
1609 3640 1729 3696 qua:
1749 3624 2008 3697 synodus.

413 3725 609 3780 statuit
637 3724 802 3779 simul
850 3739 974 3777 cum
1027 3721 1236 3795 synodo
1287 3719 1627 3791 pronuntiat,
1694 3727 1749 3774 ct
1817 3716 1994 3773 solum

416 3818 787 3875 ministerium
819 3818 909 3874 hic
963 3819 1187 3888 prabet.

901 3927 1129 3989 CAPUT
1170 3926 1470 3987 CCXXVII.

420 4052 623 4111 Contra
652 4068 742 4109 eos
772 4053 866 4123 qui
894 4052 1079 4106 dicunt
1111 4051 1250 4191 qlnod
1294 4040 1587 4120 imperaior
1623 4044 1992 4117 patriai-chain

1163 4134 1288 4178 acu.

500 4249 844 4320 Quapropter
896 4250 1171 4312 nugantur
1226 4242 1450 4312 quidam
1478 4255 1664 4298 rerum
1732 4251 1998 4295 novarum

425 4346 745 4401 inventores
767 4338 977 4394 invidia
1000 4336 1244 4407 impulsi,
1276 4350 1396 4390 cum
1428 4334 1620 4390 dicunt
1656 4351 1669 4385 :
1698 4330 2001 4402 Imperator

429 4434 794 4506 patriarcbam
822 4439 994 4487 creat.
1030 4427 1189 4484 Nullo
1215 4428 1380 4482 modo
1419 4425 1473 4480 id
1508 4426 1642 4481 facit
1679 4425 1997 4494 imperator,

2099 3266 2364 3338 κραταιὸς
2419 3267 2513 3321 καὶ
2560 3265 2716 3335 ἆγιος
2753 3266 2910 3337 ἡμῶν
2945 3266 3212 3339 αὐθέντης
3262 3268 3358 3321 καὶ
3387 3266 3668 3337 βασιὶως,

2098 3356 2254 3426 καὶὴ
2285 3355 2409 3409 Θεία
2454 3357 2549 3408 καὶ
2603 3354 2726 3427 ἱερὰ
2774 3358 2872 3409 καὶ
2923 3355 3134 3426 μεγάλη
3167 3354 3385 3419 σύνοδος
3429 3372 3674 3426 προσκα-

2098 3446 2318 3502 λοῦνται
2350 3447 2452 3519 τὴν
2486 3448 2803 3517 ἁγιωσύνην
2832 3463 2926 3500 σου
2957 3449 3038 3511 είς
3061 3448 3151 3501 τὸν
3183 3446 3521 3517 ὑψηλότατον
3549 3445 3675 3518 Θρό-

2098 3555 2189 3593 νον
2233 3539 2330 3594 τοῦ
2378 3543 2776 3612 πατριαρχείου
2808 3542 2908 3612 τῆς
2954 3539 3616 3603 Κωνσταντινουπόλεωςο
3646 3556 3670 3592 ι

2104 3631 2535 3703 μαρτυροῦντες,
2567 3632 2643 3696 ὡς
2674 3633 2773 3703 οὐχ
2797 3633 2826 3684 ὁ
2857 3633 3114 3703 βασιλεὺς
3143 3632 3235 3702 ἀφ’
3262 3631 3482 3698 ἑαυτοῦ,
3534 3631 3675 3684 ἀλλά

2099 3722 2166 3776 τὰ
2192 3723 2289 3791 τῆς
2325 3724 2544 3778 συνόδου
2580 3725 2718 3795 μετά
2744 3725 2842 3795 τῆς
2882 3724 3104 3778 συνόδου
3136 3722 3355 3795 μηνύει,
3392 3723 3487 3780 καὶ
3512 3722 3675 3793 μόνον

2099 3815 2387 3888 ὑπηρετεῖ.

2653 3933 2909 3988 ΚΕΦΑΛ.
2952 3930 3121 3985 ΣΚΖ’.

2100 4046 2265 4103 Κατὰ
2316 4044 2439 4101 τῶν
2488 4047 2794 4117 λεγόντων
2839 4044 2931 4100 ὅτι
2988 4047 3021 4099 ό
3061 4043 3368 4117 ,ϐασιλεὺς
3412 4043 3520 4098 τὸν
3564 4057 3677 4099 πα-

2647 4115 2938 4185 τριάρχην
2966 4114 3144 4169 ποιεῖ.

2172 4234 2478 4306 Φλυαροῦσι
2505 4232 2688 4287 τοίνυν
2731 4232 2783 4285 οι
2825 4232 3077 4299 λέγοντες
3124 4230 3443 4302 καινοτόμοι
3493 4230 3675 4303 φθόνῳ

2103 4328 2445 4399 βαλλόμενοι,
2479 4327 2555 4389 ὡς
2598 4326 2658 4379 '0
2684 4325 2938 4395 βασιλεὺς
2984 4327 3077 4380 τὸν
3124 4325 3671 4395 πατριάρχηνιποιεί·

2102 4423 2355 4492 οὐδαμῶς
2385 4422 2495 4494 γὰρ
2547 4426 2575 4476 ὁ
2619 4422 2899 4494 βασιλεὺς,
2952 4421 3069 4479 ἀλλ’
3098 4423 3133 4492 ἡ
3173 4420 3388 4483 σύνοδος
3437 4420 3673 4489 ἐνεργεῖ,

425 4530 523 4584 sed
561 4526 806 4598 synodus
853 4524 1200 4579 ministrante
1238 4522 1333 4591 pio
1381 4520 1737 4589 imperatore,
1788 4527 1848 4572 ut
1903 4518 1997 4572 de—

2105 4515 2617 4586 ὲξυπηρετουμένου
2652 4521 2812 4587 μόνον
2843 4518 2939 4572 τοῦ
2978 4517 3244 4587 βασιλέως
3281 4517 3540 4582 εὐσεὸοὖς
3586 4518 3677 4571 δν-

425 4629 791 4677 monstratum
821 4625 938 4684 est;
971 4631 1079 4670 non
1144 4621 1357 4669 tantum
1420 4609 1679 4679 quoniam
1742 4608 1998 4664 defensor

2106 4626 2218 4675 τος,
2276 4612 2352 4672 ὼς
2379 4611 2668 4667 δέδεικται·
2709 4615 2771 4666 οὐ
2820 4614 2979 4683 μόνον
3012 4612 3094 4665 ὃτι
3132 4611 3346 4674 ἔκδικός
3402 4613 3539 4676 ἐστι,
3582 4612 3703 4700 καὶ.

422 4724 528 4781 est,
562 4721 619 4768 et
656 4712 950 4780 imperator
1012 4716 1213 4763 unctus
1274 4704 1343 4759 ab
1391 4700 1658 4766 Ecclesia,
1686 4699 1779 4754 sed
1829 4698 1996 4754 etiam

2107 4701 2361 4771 βασιλεὺς
2405 4703 2650 4773 χρισθεὶς
2690 4704 2755 4755 ὲκ
2781 4702 2881 4772 τῆς
2914 4700 3262 4772 Ἐκκλησίας,
3300 4700 3417 4754 ἀλλ’
3451 4701 3537 4754 ἵνα
3583 4700 3676 4753 καὶ

426 4820 481 4861 ιιι
520 4814 870 4876 c00peretnr,
907 4811 963 4857 et
1006 4800 1307 4860 ministret,
1365 4806 1420 4850 et
1487 4793 1701 4864 diligat,
1732 4799 1786 4846 et
1835 4791 1993 4845 ﬁrma

2107 4794 2384 4863 συνεργῶν
2413 4795 2499 4864 ετη
2529 4795 2620 4845 καὶ
2645 4792 2956 4863 ὑπηρετῶν,
2992 4794 3088 4846 καὶ
3114 4792 3317 4863 στέργῃ
3359 4792 3453 4846 καὶ
3482 4791 3675 4860 βέϐαια

424 4906 712 4955 conservet
764 4910 885 4965 quae
934 4893 1002 4949 ad
1066 4888 1366 4945 Ecclesiam
1428 4892 1715 4954 spectant:
1783 4888 2001 4938 tenetur

425 4994 573 5047 enim
625 4997 845 5059 prapter
897 4985 1154 5040 Ecclesia
1185 4993 1373 5050 pacem
1405 4978 1520 5031 haec
1551 4976 1696 5030 inter
1731 4976 1996 5030 orthodo-

428 5099 528 5138 χοε
574 5082 886 5135 observare.
926 5075 1245 5144 Postquamx
1275 5067 1445 5137 igitur
1500 5066 1706 5121 electus
1757 5080 1881 5121 sese
1929 5067 1998 5119 ab

428 5188 593 5229 onere
614 5170 900 5227 subeundo
928 5164 1176 5220 modeste
1208 5171 1262 5217 et
1295 5160 1525 5215 honeste
1557 5158 1861 5221 excusavit,
1893 5155 2000 5210 Εοο

425 5267 763 5332 clesiamque
789 5257 1055 5324 suscepit,
1077 5269 1269 5311 omnes
1312 5252 1559 5329 episcopi
1608 5251 1760 5313 illum
1796 5251 2001 5305 adeunt

426 5370 480 5413 ct
509 5355 831 5411 adoratione
877 5349 1089 5411 colunt,
1128 5345 1383 5402 similiter
1427 5343 1610 5399 clerici
1648 5350 1702 5398 et
1740 5340 1864 5396 laici
1909 5339 2000 5394 be-

428 5447 739 5504 nedictione
773 5443 844 5497 ab
891 5454 958 5494 eo
1005 5449 1250 5510 accepta,
1280 5438 1411 5508 quia
1455 5451 1692 5506 sponsus
1740 5431 2003 5488 Ecclesiae

428 5548 533 5595 est.
576 5535 636 5590 Si
666 5533 835 5604 igitur
863 5533 955 5586 ille
986 5533 1196 5586 electus
1227 5529 1537 5602 patriarcha
1567 5527 1859 5597 episeopus
1892 5532 1999 5586 est,

428 5627 773 5683 ordinatione
801 5640 910 5678 non
944 5632 1085 5694 eget,
1113 5622 1209 5678 sed
1255 5632 1463 5677 tantum
1514 5620 1893 5675 cnthronismo
1912 5633 1928 5684 ;
1954 5618 2000 5673 si

428 5733 562 5789 vero
621 5720 926 5789 presbyter.
981 5717 1272 5773 ordinatur
1327 5725 1382 5773 et
1427 5716 1482 5771 iu
1545 5713 1801 5769 thronum
1889 5713 2004 5765 col~

432 5816 671 5873 locatur.

2103 4888 2243 4957 τηρῇ
2273 4887 2344 4940 τά
2391 4887 2492 4957 τῆς
2534 4886 2884 4957 Ἐκκλησίας,
2938 4886 3295 4956 ὁφειλομένου
3339 4886 3436 4939 καὶ
3481 4882 3673 4934 τούτου

2068 5006 2080 5015 -
2102 4979 2162 5030 ιν
2199 4980 2311 5041 τοῖς
2344 4977 2650 5043 ὀρθοδόξοις
2683 4979 2992 5050 τηρεῖσθαι,
3043 4979 3133 5031 διὰ
3178 4978 3278 5047 τὴν
3323 4976 3547 5046 εἰρήνην
3575 4974 3675 5043 τῆς

2117 5069 2463 5137 Ἐκκλησίας.
2510 5069 2977 5141 Ἀπολογουμὲνου
3007 5065 3102 5124 οὖν
3123 5069 3219 5122 καὶ
3246 5068 3340 5121 τοῦ
3366 5066 3677 5135 ὐποψηφίου

2104 5167 2172 5220 τὰ
2200 5166 2406 5231 εἰκότα,
2431 5167 2529 5219 καὶ
2562 5148 3002 5235 καταδεξαμὲνου
3025 5166 3125 5235 τὴν
3162 5165 3519 5236 Ἐκκλησίαν,
3543 5164 3681 5218 πάν-

2104 5276 2196 5321 τες
2230 5260 2508 5330 ἀρχιερεῖς
2539 5258 2937 5330 προσέρχονται
2973 5258 3151 5329 τούτῳ
3181 5259 3275 5312 καὶ
3303 5257 3680 5328 προσκύνησιν

2104 5354 2495 5423 ἀπονέμουσιν,
2538 5353 2738 5423 ὁμοίως
2771 5353 3027 5424 κληρικοί
3054 5368 3116 5405 τε
3164 5353 3257 5405 καὶ
3304 5349 3506 5414 λαῖκοὶ,
3542 5350 3683 5418 λαμ-

2107 5443 2364 5507 ϐάνοντες
2422 5444 2677 5513 εὐλογίαν
2732 5446 2816 5498 δτι
2871 5444 3132 5514 μνήστωρ
3191 5443 3291 5513 τῆς
3352 5439 3680 5513 Ἐκκλησίας

2107 5534 2276 5589 ἐστίν.
2301 5528 2471 5598 Οὗτος
2498 5535 2615 5604 οὖν,
2645 5537 2693 5590 εί
2722 5534 2825 5606 μὲν
2853 5536 2919 5590 ὲκ
2946 5534 3055 5590 τῶν
3081 5535 3386 5605 ἀρχιερέων
3411 5533 3583 5599 ἐστὶν,
3611 5529 3678 5585 οὐ

2108 5629 2281 5683 δεῖται
2317 5630 2681 5701 χειροτονίας,
2729 5629 2867 5684 ἀλλά
2921 5628 3085 5699 μόνον
3116 5624 3477 5698 ὲνθρονισμοῦ
3499 5639 3514 5656 ⁸
3541 5626 3592 5679 εί
3624 5623 3684 5679 δὲ

2113 5720 2314 5795 ἱερεὺς,
2354 5723 2747 5795 χειροτονεῖται
2778 5722 2872 5777 καὶ
2902 5719 3297 5799 ἑνθρονίςεται.

3348 5912 3429 5923 μηνοκ
