4078 6434
307 340 410 406 441

856 462 1110 520 ΚΕΦΔΛ.
1148 465 1327 522 ΣΚΙΥ.

304 570 439 657 ὀτι
481 573 548 657 ξτὸ
575 572 828 657 μήνυμα
876 583 1385 657 γεγονὼςπιερεὺς
1431 583 1676 657 δέχεται
1729 590 1762 640 ὁ
1812 589 1897 657 μὴ

375 643 674 710 πρότερον
732 643 819 701 ὢν
876 643 1253 717 lapsum—Kal
1312 643 1447 723 περὶ
1505 643 1900 725 ἦροϐλήσέωςῖ

376 712 781 785 πατριάρχου.

377 900 440 955 El
488 899 544 953 δὲ
588 902 887 971 ψηφισθεὶς
932 907 1033 959 οὐκ
1076 902 1143 977 ἦν
1188 910 1407 978 ίερευς,
1450 913 1896 981 καταδεξάμενος

309 993 584 1060 γενέσθαι,
641 996 785 1050 κατὰ
841 998 996 1063 τάξιν
1057 1002 1154 1055 καὶ
1207 1002 1416 1073 βαθμὸν
1472 1007 1892 1076 προαγόμενος,

312 1086 532 1157 πρῶτον
582 1092 969 1158 χειροτονεῖται
1020 1095 1102 1156 είς
1144 1095 1317 1163 ἱερέα,
1368 1098 1463 1151 καὶ
1513 1097 1657 1150 οὕτω
1700 1099 1759 1151 τὸ
1793 1102 1897 1169 μή-

311 1198 456 1250 νυμα
488 1182 724 1252 δέχεται.
756 1185 913 1239 Μετὰ
943 1186 999 1239 δέ
1032 1205 1096 1255 γε
1132 1188 1193 1241 τὸ
1229 1190 1454 1257 μήνυμα
1486 1192 1581 1243 καὶ
1618 1192 1811 1261 ἕτερόν
1842 1210 1896 1245 τι

306 1274 517 1343 γίνεται
553 1276 660 1346 πρὸ
688 1278 790 1347 τῆς
826 1281 1165 1348 χειροτονίας
1215 1282 1248 1350 ἢ
1284 1283 1381 1337 τοῦ
1431 1284 1814 1355 ὲνθρονισμοῢ,
1869 1287 1897 1339 ὃ

306 1369 553 1424 καλεῖται
581 1389 600 1422 ι
629 1371 952 1443 πρόϐλησις.
981 1393 1000 1427 ι
1038 1375 1209 1429 Τοῦτο
1232 1376 1289 1430 δέ
1318 1379 1468 1432 ἐστιν
1506 1379 1771 1449 ὁμολογία
1802 1381 1895 1434 τοῦ

308 1462 578 1532 βασιλέως
608 1463 699 1518 διὰ
752 1466 1019 1534 στόματος
1052 1468 1260 1521 οἰκείου
1302 1471 1399 1523 καὶ
1448 1473 1583 1542 τιμὴ
1616 1474 1753 1542 πρὸς
1799 1474 1897 1543 τὴν

320 1558 672 1625 Ἐκκλησίαν,
705 1560 780 1622 ὡς
810 1560 1032 1629 στέργει
1057 1562 1149 1617 τὸν
1178 1563 1476 1632 ὲκλεγὲντα
1522 1568 1656 1635 παρ’
1690 1567 1893 1635 αὐτῆς,

302 1650 400 1701 καὶ
427 1650 1291 1721 ἐψηφισμένον,τὴνἙκκλησίαν
1325 1657 1641 1726 ποιμαίνειν
1666 1658 1897 1712 καταδε-

307 1743 559 1812 ξάμενον·
580 1746 677 1798 καὶ
700 1746 757 1797 ὲν
777 1747 842 1816 τῇ
864 1747 998 1816 ἁγίᾳ.
1019 1747 1215 1817 Τριάδι
1234 1750 1298 1819 τῇ
1324 1750 1690 1821 δωρησαμένη
1714 1753 1893 1820 τούτῳ

302 1836 401 1906 τὴν
436 1834 723 1906 βασιλείαν
757 1836 870 1907 ἔχει
900 1840 998 1892 καὶ
1047 1840 1211 1901 αὐτὸς
1258 1840 1421 1893 αυτὸν
1452 1842 1891 1911 ἀρχιεπίσκοπον

306 1932 940 1995 Κωνσταντινουπόλεως
960 1933 1110 1997 Νέας
1139 1933 1365 2004 Ῥώμης
1385 1936 1480 1988 καὶ
1505 1936 1891 2006 οἰκουμενικὸν

304 2021 675 2093 πατριάρχην.
715 2023 792 2079 Οὐ
827 2024 933 2094 μὴν
962 2026 1177 2096 ἐνεργεῖ
1206 2026 1381 2082 αὑτὸν
1424 2028 1609 2091 αὐτὸς,
1658 2029 1780 2082 οὐδὲ
1810 2028 1891 2081 δί-

301 2116 436 2169 δωσι
469 2115 647 2187 τούτῳ
675 2134 749 2184 τι,
790 2117 928 2172 ἀλλὰ
961 2122 1248 2188 συμφωνεῖ
1281 2121 1375 2174 καὶ
1423 2120 1783 2175 ἐπακολουθεῖ
1811 2122 1891 2190 τῷ

302 2208 470 2279 ἔργῳ.
491 2206 600 2263 Καὶ
631 2210 789 2278 δῆλον
820 2212 903 2265 ὅτι
937 2213 997 2265 οὐ
1022 2211 1263 2275 δίδωτιν,
1286 2214 1424 2267 ἀλλὰ
1450 2214 1722 2282 λαμϐάνει
1757 2217 1892 2282 μᾶλ-

301 2302 414 2363 λον,
450 2303 544 2355 καὶ
574 2300 651 2365 ὡς
699 2303 983 2375 ὑπηρέτης
1033 2306 1142 2357 τῶν
1193 2306 1292 2375 τῆς
1335 2305 1666 2375 Ἐκκλησίας
1718 2309 1890 2372 ἐστὶν,

303 2394 385 2446 ὅτι
418 2394 519 2463 τὴν
549 2394 702 2464 ίερὰν
734 2396 931 2465 ῥάϐδον
965 2395 1117 2466 αὐτῷ
1140 2396 1218 2467 τῷ
1246 2397 1543 2469 ὐποψηφίῳ
1570 2401 1893 2469 ἐγχειρίσας

302 2488 484 2559 οἰκείᾳ
521 2490 688 2559 χειρὶ,
739 2489 1103 2559 προσέρχεται
1138 2491 1231 2543 καὶ
1265 2491 1550 2545 ὑποκλίνει
1582 2494 1760 2563 τούτῳ
1793 2494 1891 2562 τὴν

304 2582 573 2651 κεφαλήν*
597 2581 692 2635 καὶ
719 2581 1121 2636 ἀποκαλύπτων
1153 2584 1348 2653 αὐτὴν,
1381 2585 1457 2647 ὡς
1479 2585 1619 2649 ἔθος,
1640 2587 1893 2654 εὐλογίαν

302 2674 533 2743 δέχεται,
566 2675 661 2727 καὶ
694 2674 1003 2738 ἀσπάζεται
1054 2675 1155 2743 τὴν
1203 2676 1299 2728 τοῦ
1347 2676 1662 2747 ὑποψηφίου
1711 2680 1890 2748 χεῖρα.

302 2765 687 2835 Φανερὼτερον
726 2766 803 2832 δὲ,
832 2767 915 2819 ὅτι
947 2767 1107 2836 170
1140 2769 1199 2820 οὐ
1219 2769 1434 2821 δίδωσιν
1460 2770 1623 2833 αὐτός
1646 2789 1719 2835 τι,
1759 2772 1895 2823 ἀλλὰ

304 2857 463 2913 τοῦτο
493 2858 665 2911 ποιῶν
702 2858 771 2911 τὰ
795 2860 893 2928 τῆς
937 2860 1270 2928 Ἐκκλησίας
1319 2862 1539 2931 στέργει
1570 2880 1629 2915 τε
1677 2865 1768 2916 καὶ
1804 2864 1894 2932 βε-

308 2950 476 3017 ϐαιοῖ,
506 2951 589 3003 ὃτι
624 2950 719 3004 καὶ
746 2951 900 3015 ὄντος
938 2951 1260 3023 ἀρχιερέως,
1307 2954 1401 3006 τοῦ
1440 2954 1755 3026 ὑποψηφίου
1790 2976 1895 3011 πα-

304 3042 594 3112 τριάρχου,
632 3042 728 3095 καὶ
763 3042 992 3111 μηδενὸς
1019 3044 1099 3105 είς
1128 3046 1467 3113 χειροτονίαν
1502 3048 1894 3117 ἀρχιερατικοῦ

1384 361 1482 420 DE
1525 361 1798 424 SACRIS
1847 362 2545 437 ORDINATIONIBUS.

1917 480 1965 529 A

3502 389 3601 451 41?

2503 482 2734 541 CAPUT
2782 488 3139 546 CCXXVIII.’
3510 447 3532 451 _
3550 447 3600 458 Ἰ

2022 588 2189 672 Quod
2217 594 2263 647 is
2304 596 2587 672 quiantea
2624 602 2873 657 sacerdos
2915 621 3017 657 non
3043 615 3180 666 erat,
3210 608 3353 672 prius
3386 612 3593 665 ordina-

2105 668 2479 746 tursacerd-os
2515 682 2802 746 antequam
2831 673 3096 746 decretum
3129 677 3192 729 de
3210 668 3330 746 ejus
3353 681 3597 736 electione

2102 734 2357 814 accipiat.
2397 736 2555 814 Et_de
2592 734 2914 805 patriarcha:
2933 734 3260 811 promotione
3285 751 3389 803 sive
3412 734 3597 806 rdecla;

2099 811 2313 858 ratione
2345 823 2439 873 per
2468 811 2860 878 imperatorem.

2080 917 2135 972 Si
2170 929 2353 976 autem
2411 924 2619 981 electus
2671 942 2780 981 non
2816 939 2933 983 erat
2964 934 3270 1004 presbyter,
3301 944 3589 1005 postquam

2004 1018 2063 1063 ut
2103 1010 2255 1065 lieret
2287 1016 2588 1079 consensit,
2634 1020 2940 1074 secundum
2970 1022 3220 1076 ordinem
3259 1033 3312 1077 et
3363 1025 3589 1093 gradum

2003 1117 2167 1169 quem
2215 1104 2378 1159 habet
2444 1116 2754 1176 promotus,
2811 1112 3050 1180 primum
3097 1114 3150 1167 in
3215 1116 3595 1185 presbyterum

2002 1206 2383 1261 consecratur,
2412 1209 2467 1254 et
2515 1212 2874 1258 consecratus
2933 1206 3165 1261 solemni
3219 1208 3595 1264 declaratione

2001 1287 2389 1357 inauguratur.
2426 1294 2561 1348 Post
2613 1295 3045 1352 declarationem
3117 1310 3300 1356 autem
3332 1303 3481 1356 illam
3536 1314 3592 1358 et

2004 1381 2289 1450 paululum
2322 1394 2618 1453 antequam
2678 1388 2972 1458 episcopus
3021 1390 3325 1457 ordinetur,
3376 1394 3461 1449 vel
3508 1395 3591 1448 in-

2004 1475 2364 1541 thronizetur,
2396 1478 2455 1532 lit
2492 1478 2545 1532 id
2603 1482 2747 1548 quod
2806 1482 2914 1537 dici
2956 1484 3095 1538 solet
3130 1488 3430 1554 promotio,
3484 1487 3592 1541 hoc

2001 1576 2108 1632 est,
2163 1568 2446 1625 confessio
2489 1572 2839 1641 imperatoris
2863 1590 2960 1643 per
2987 1590 3050 1631 os
3091 1578 3395 1646 proprium,
3422 1581 3596 1635 hono-

1999 1674 2227 1727 remque
2259 1660 2435 1716 defert
2467 1662 2729 1718 Eccleslae
2780 1665 3085 1721 testiﬁcans
3136 1682 3193 1721 se
3240 1669 3472 1723 electum
3527 1670 3597 1725 ab

2001 1749 2244 1807 Ecclesia
2275 1754 2502 1823 diligere
2534 1765 2587 1809 et
2634 1756 2893 1826 amplecti
2926 1773 3086 1827 quem
3121 1760 3314 1814 statuit
3352 1760 3598 1830 synodus

1996 1843 2299 1900 Ecclesiam
2353 1861 2603 1916 pascere,
2643 1848 2956 1919 haberequé
3005 1850 3155 1904 illum
3192 1862 3249 1905 et
3296 1867 3601 1919 agnosvere

1995 1936 2050 1990 in
2080 1936 2303 1992 nomine
2350 1946 2558 1992 sancta:
2594 1938 2880 1995 Trinitatis
2912 1955 2940 1993 a
2975 1955 3082 2010 qua
3155 1942 3446 2011 imperium
3506 1957 3597 1997 ac-

1994 2028 2159 2097 cepit,
2194 2029 2245 2082 in
2287 2028 2763 2099 archiepiscopum
2825 2031 3385 2101 ConstantinOpoleos
3434 2047 3591 2087 novas

1998 2117 2185 2173 Romae
2248 2128 2303 2175 et
2352 2120 2761 2175 (Bcumcnicum
2821 2122 3219 2191 patriarcham.
3269 2121 3386 2177 Non
3426 2124 3592 2193 igitur

1995 2220 2150 2266 creat
2189 2211 2343 2265 illum
2382 2213 2702 2281 imperator,
2746 2227 2927 2283 neque
2962 2213 3042 2266 illi
3074 2213 3166 2267 dat
3218 2212 3448 2284 aliquid,
3500 2214 3594 2269 sed

1994 2302 2147 2373 operi
2189 2303 2301 2369 jam
2352 2304 2494 2358 facto
2538 2306 2815 2361 consentit
2884 2314 2939 2360 et
2986 2306 3330 2376 obsequitur.
3373 2306 3595 2360 Clarum

1996 2407 2080 2450 est
2117 2396 2263 2465 quod
2306 2396 2441 2450 nihil
2508 2398 2585 2452 illi
2621 2398 2713 2452 dat
2748 2415 2765 2465 ;
2800 2398 2897 2454 sed
2928 2401 3132 2469 potius]
3162 2399 3231 2454 ab
3282 2413 3348 2453 eo
3370 2397 3595 2468 accipit,

1996 2501 2050 2545 et
2111 2491 2284 2546 veluti
2364 2492 2621 2547 minister
2687 2500 2773 2547 est
2827 2509 3011 2549 rerum
3064 2492 3595 2548 ecclesiasticarum.

1996 2584 2130 2638 Nam
2179 2599 2306 2639 cum
2360 2584 2537 2639 electo
2601 2599 2818 2639 sacram
2889 2584 3096 2655 virgam
3128 2584 3373 2654 "propria
3430 2598 3596 2637 manu

1998 2679 2248 2743 tradidit,
2283 2677 2349 2733 ad
2374 2694 2498 2733 cum
2535 2678 2771 2741 accedit,
2818 2685 2871 2731 et
2898 2678 2983 2731 illi
3026 2687 3190 2746 caput
3250 2676 3504 2740 inclinat,
3544 2683 3599 2729 et

1997 2773 2197 2841 aperit,
2232 2779 2287 2826 et
2325 2770 2469 2825 sicut
2513 2770 2686 2826 moris
2738 2777 2843 2836 est,
2877 2769 3312 2824 benedictionem
3370 2768 3592 2837 accipit.

1999 2865 2391 2934 osenlaturque
2449 2862 2609 2918 electi
2675 2864 3002 2931 patriarcha:
3070 2876 3320 2915 manum.
3377 2860 3640 2914 Clarius

1999 2958 2181 3011 adhuc
2224 2964 2375 3026 patet
2407 2958 2794 3026 imperatorem
2851 2956 2988 3009 nihil
3034 2954 3111 3008 illi
3145 2954 3298 3017 dare,
3347 2954 3441 3007 sed
3476 2954 3593 3007 haec

2001 3048 2183 3105 facere
2231 3059 2291 3104 ut
2323 3051 2579 3105 ostendat
2613 3065 2673 3105 se
2707 3063 2891 3103 amore
2914 3048 2971 3101 in
3013 3046 3310 3101 Ecclesiam
3356 3044 3511 3106 ferri,
3537 3053 3593 3099 et

304 3134 498 3204 χρείαν
528 3134 768 3203 ἔχοντος,
802 3133 963 3186 τοῦτο
999 3135 1235 3202 γίνεται.
1267 3137 1376 3189 Καὶ
1413 3138 1494 3190 ἔτι
1521 3139 1680 3212 τοῦτο
1713 3141 1801 3195 διὰ
1833 3144 1894 3195 τὸ

2006 3156 2122 3209 qum
2154 3140 2224 3195 ab
2256 3156 2321 3195 ea
2376 3142 2681 3197 constituta
2735 3150 2888 3201 sunt,
2922 3139 3271 3195 conﬁrmare.
3317 3136 3588 3202 Quoniam

303 3227 474 3297 τιμᾷν
495 3228 609 3279 ἐστι
637 3226 729 3279 τὸν
762 3225 986 3296 βασιλέα
1017 3226 1115 3297 τὴν
1155 3227 1526 3298 Ἐκκλησίαν,
1557 3211 1896 3301 οὑκᾶρχειν.

2006 3234 2054 3288 si
2095 3233 2306 3288 electus
2342 3233 2655 3303 patriarcha
2692 3240 2776 3287 est
2818 3232 3134 3301 episcopus,
3173 3230 3438 3299 nulloque
3461 3241 3602 3282 con.

307 3330 599 3390 sequentcr
634 3328 788 3391 egeat
830 3321 1149 3390 episcopali
1186 3322 1496 3378 ministerio
1556 3327 1622 3379 ad
1676 3326 2105 3392 ordinationem,
2132 3327 2183 3380 id
2214 3334 2398 3382 tamen
2432 3327 2547 3383 ﬁeri
2610 3327 2771 3383 solet.
2805 3326 3071 3382 Praeterea
3143 3324 3250 3380 hoc
3306 3323 3435 3379 facit
3503 3322 3605 3378 im-

305 3426 551 3486 perator,
614 3422 673 3469 ut
729 3415 1072 3470 demonstret
1108 3430 1167 3469 se
1226 3416 1533 3471 Eeclesiam
1592 3417 1889 3483 honorare,
1932 3432 2043 3472 non
2068 3428 2130 3472 ut
2166 3418 2245 3473 illi
2281 3420 2534 3489 imperet.

861 3529 1113 3584 ΚΕΦΛΛ.
1159 3529 1329 3582 ΣΚΘ.

312 3650 474 3703 Atat!
498 3649 781 3717 μανδύαν
810 3647 1186 3702 ἀποστέλλει
1211 3646 1450 3719 μένῗκαί
1482 3649 1549 3702 τὸ
1573 3651 1903 3719 ἑγκόλπιρν

384 3720 463 3784 τῷ
493 3720 826 3788 ὑποψηφὶῳ
857 3718 1193 3787 πατριάρχη
1242 3719 1275 3770 d
1299 3718 1628 3788 βασιλεὺς,
1670 3718 1903 3775 ducari-

390 3807 521 3844 κιον
545 3790 614 3842 δὲ
640 3789 714 3857 τῇ
741 3789 895 3858 χειρὶ
929 3789 1205 3843 δίδωσιν.

390 3884 509 3937 Ὀτι
538 3884 762 3937 ἐλθόντα
792 3882 885 3936 τὸν
913 3884 1227 3953 ὑποψήφιον
1275 3886 1303 3937 6
1358 3884 1617 3953 βασιλεὺς
1654 3886 1759 3956 πρὸ
1804 3886 1900 3939 τοῦ

318 3978 444 4033 ίδεῖν
472 3978 809 4048 φιλοφρονεϊ,
844 3977 937 4030 καὶ
989 3975 1232 4047 μανδύαν
1266 3978 1407 4045 μετὰ
1455 3977 1721 4047 ποταμῶν
1768 3979 1904 4031 ἀπο-

316 4070 546 4135 στέλλει,
580 4072 677 4123 καὶ
713 4069 775 4123 τὸ
807 4069 905 4138 τῆς
945 4069 1279 4139 Ἐκκλησίας
1305 4070 1623 4138 ὲγκόλπιον,
1656 4072 1794 4139 ὅπερ
1828 4071 1905 4133 ὡς

316 4162 577 4235 ἀρραϐών
606 4164 724 4216 ἐστι
778 4162 874 4215 καὶ
904 4162 981 4223 ὼς
1030 4162 1313 4232 ὑπηρέτης
1364 4162 1459 4216 καὶ
1505 4162 1683 4232 φύλαξ
1739 4164 1901 4227 αὐτὸς

318 4256 609 4325 φυλάσσει.
637 4255 730 4309 Διὺ
770 4255 866 4307 καλ.
915 4255 1018 4324 τὴν
1055 4255 1251 4324 ῥάϐδον
1287 4254 1364 4318 ὡς
1410 4256 1757 4325 τιμιωτέραν
1807 4258 1903 4309 καὶ

317 4348 692 4418 ποιμαντικῆς
747 4347 1000 4411 ἐξουσίας
1059 4346 1334 4415 σύμϐολον
1390 4347 1553 4411 αὐτὸς
1585 4348 1769 4401 δίδωσι
1818 4348 1907 4401 διὰ

317 4442 416 4513 τὴν
444 4441 613 4511 τιμὴν
644 4441 738 4493 καὶ
778 4440 841 4493 τὸ
872 4440 1282 4509 ἀσφαλέστερον
1318 4443 1384 4511 τῇ
1437 4444 1601 4512 χειρίι
1659 4445 1752 4496 καὶ
1800 4443 1904 4495 δεί-

321 4534 484 4588 κνυσι
511 4534 702 4597 πᾶσιν,
732 4533 814 4585 ὅτι
844 4533 938 4585 καὶ
968 4531 1344 4601 αὐτὸςροῦτον
1368 4535 1602 4600 ποιμένα
1654 4536 1896 4604 στέργει,
1938 4565 1980 4619 D

317 4626 378 4680 δν
407 4626 690 4691 ἐξελέξατο
720 4628 746 4679 6
788 4626 943 4688 Θεός·
997 4626 1088 4677 καὶ
1135 4625 1520 4696 φανερώτερον
1564 4626 1724 4679 τοῦτο
1766 4645 1904 4697 μαρ-

321 4719 526 4787 τυρῶν,
556 4717 792 4772 κελεύει.
819 4720 929 4771 Καὶ
964 4716 1133 4779 ἵππος
1165 4719 1521 4788 παρασήμοις
1542 4720 1655 4771 τισὶ
1684 4722 1906 4788 κοσμεῖ-

322 4826 433 4863 ται·
472 4808 569 4862 καὶ
601 4810 689 4861 ἐπ’
724 4808 875 4879 αὐτῷ
907 4811 936 4861 6
965 4808 1282 4878 ὑποψήφιος
1328 4810 1592 4877 κάθηται.
1640 4812 1752 4864 Καὶ
1802 4812 1907 4864 ὑπὸ

325 4904 496 4967 πεζοῦ
536 4904 631 4955 τοῦ
671 4904 911 4972 κόμητος
943 4902 1037 4955 τὸν
1065 4902 1287 4971 χαλινὸν
1314 4902 1408 4956 τοῦ
1442 4898 1611 4955 ἵππου
1648 4903 1907 4971 κατέχον-

324 5011 417 5059 τος
448 4995 567 5046 ἀντὶ
608 4994 701 5046 τοῦ
750 4993 1014 5063 βασιλέως
1049 4992 1239 5057 αὑτοῦ,
1276 4994 1351 5056 ὼς
1374 4996 1400 5046 6
1436 4995 1606 5062 μέγας
1643 4996 1701 5046 ὲν
1753 4994 1909 5061 βασι-

326 5087 478 5139 λεῦσι
511 5088 920 5149 Κωνσταντϊνος
972 5084 1049 5155 τῷ
1077 5085 1208 5154 ἱερῷ
1254 5088 1525 5156 πεποίηκε
1573 5087 1905 5156 Σιλὸἑστρῳ,

328 5178 721 5247 προπέμπεται
750 5178 839 5231 διὰ
872 5195 932 5230 τε
964 5178 1063 5247 τῆς
1096 5177 1387 5247 βασιλικῆς
1416 5178 1597 5245 πάσης
1618 5178 1790 5245 αὐλῆς
1820 5180 1913 5230 καὶ

333 5278 427 5347 τῆς
454 5277 721 5348 δημοσίας
743 5275 863 5329 ὁδοῦ
898 5275 1028 5347 ἄχρι
1053 5276 1148 5327 καὶ
1173 5274 1339 5328 αὐτοῦ
1371 5273 1466 5326 τοῦ
1493 5275 1911 5344 πατριαρχείου.

334 5372 396 5424 Εἰ
424 5372 541 5424 ἔστι
580 5370 635 5423 δὲ
685 5371 779 5423 xui.
830 5370 909 5440 τῷ
969 5368 1183 5437 βασιλεί
1228 5368 1362 5429 υἱὶς,
1404 5366 1598 5420 ἕπεται
1650 5369 1910 5435 ἔφιππος,

334 5462 429 5516 καὶ
454 5465 485 5532 ἡ
514 5462 821 5531 σύγκλητος
857 5462 1031 5515 πᾶσα.
1062 5460 1219 5513 Οὕτω
1248 5460 1351 5530 μὲν
1380 5458 1473 5511 οὖν
1499 5458 1596 5512 καὶ
1625 5460 1711 5512 διὰ
1742 5459 1916 5512 ταῦτα

332 5555 428 5608 καὶ
449 5556 483 5625 ἡ
509 5552 820 5621 καλουμένη
852 5551 1153 5621 πρόϐλησις
1188 5551 1399 5617 γίνεται.
1422 5550 1511 5602 διὰ
1534 5549 1633 5615 τὴν
1659 5549 1759 5617 τῆς
1797 5549 1919 5602 Ἐκ-

332 5647 563 5715 κλησίας
614 5646 801 5715 τιμὴν,
848 5643 882 5714 ἢ
921 5643 1001 5707 είς
1037 5643 1276 5714 Χριστὸν
1309 5643 1669 5712 ἀναφέρεται.
1706 5644 1817 5697 Καὶ
1869 5646 1919 5697 εἰ

338 5739 436 5807 μὲν
466 5740 493 5789 6
522 5737 820 5807 ψηφισθεὶς
850 5736 1143 5806 ἀρχιερεύς
1188 5736 1360 5797 ἐστιν,
1393 5735 1466 5797 ὡς
1498 5734 1733 5803 ἔφημεν,
1781 5736 1920 5803 μετὰ

333 5830 395 5887 τὸ
430 5834 655 5903 μήνυμα
687 5830 851 5896 εὐθὺς
893 5829 1243 5902 πατριάρχης
1276 5828 1416 5897 ἐστὶ,
1454 5830 1547 5881 καὶ
1591 5827 1801 5891 οὐδενὸς
1829 5830 1918 5886 ἄ).-

2508 3534 2741 3591 CAPUT
2778 3535 3063 3594 CCXXIX.

2007 3651 2188 3717 Quare
2218 3652 2542 3721 .imperator
2570 3651 2796 3721 pallium
2838 3659 2889 3705 et
2928 3652 3227 3718 encolpium
3259 3653 3364 3705 sive
3394 3656 3598 3705 thecam

2080 3739 2366 3776 sacrarum
2428 3723 2779 3791 reliquiarum
2835 3722 2905 3774 ad
2975 3723 3196 3775 electum
3235 3722 3600 3789 patriarcham

2080 3794 2269 3857 mittit,
2312 3794 2564 3847 baculum
2596 3808 2716 3847 vero
2750 3794 2863 3861 ipse
2904 3808 3069 3846 manu
3104 3809 3201 3846 sua
3234 3792 3315 3843 illi
3342 3794 3597 3862 por'rigit.

2082 3885 2213 3941 Nam
2252 3884 2554 3952 imperator
2592 3885 2826 3941 electum
2860 3885 2927 3939 ad
2969 3899 3029 3940 se
3081 3885 3412 3947 venientem,
3446 3893 3600 3938 ante«

2007 3994 2168 4048 quam
2218 3978 2368 4032 illum
2403 3976 2603 4044 videat,
2630 3976 2832 4031 blande
2864 3984 2917 4031 et
2947 3985 3193 4031 amanter
3223 3977 3596 4044 prosequitur,

2008 4071 2234 4141 pallium
2270 4070 2595 4124 undulatum
2663 4070 2741 4123 illi
2790 4069 3038 4132 mittens,
3096 4078 3151 4123 et
3185 4083 3406 4122 crucem
3470 4068 3595 4121 sinu

2010 4167 2215 4234 gestari
2250 4164 2495 4228 solitam,
2551 4178 2675 4232 quae
2725 4172 2786 4217 ut
2836 4163 3038 4232 pignus
3071 4160 3218 4215 velut
3258 4161 3511 4214 minister
3544 4168 3600 4215 et

2010 4264 2199 4311 custos
2255 4264 2570 4311 conservat.
2653 4255 2782 4309 Ideo
2829 4255 3061 4325 virgam,
3104 4261 3162 4306 ut
3215 4253 3598 4309 honorabilins

2010 4349 2298 4419 potestatis
2335 4349 2629 4418 pastoralis
2674 4347 3005 4418 symbolum,
3066 4347 3183 4414 ipse
3228 4359 3389 4397 manu
3435 4346 3602 4398 tradit

2012 4452 2232 4513 propter
2292 4443 2558 4496 honorem
2591 4448 2645 4495 et
2679 4439 3051 4501 securitatem,
3088 4444 3251 4505 atque
3285 4444 3343 4487 nt
3373 4435 3600 4488 demon-

2010 4543 2144 4590 Stret
2175 4550 2234 4589 se
2264 4541 2543 4601 pastorem
2582 4546 2747 4600 quem
2774 4531 2916 4585 Deus
2945 4528 3126 4597 elegit,
3154 4527 3422 4582 charitate
3446 4540 3599 4581 com-

2012 4628 2195 4698 plecti.
2259 4626 2731 4681 Testimoniorum
2764 4632 2945 4677 tamen
2997 4619 3475 4675 evidentissimum
3502 4618 3602 4669 hoc

2010 4730 2093 4774 est
2129 4736 2141 4772 :
2177 4718 2337 4787 jubet
2372 4726 2431 4771 ut
2459 4726 2798 4787 praeparetur
2849 4730 3024 4782 equus
3085 4712 3325 4783 phaleris
3377 4709 3603 4780 pulchre

2011 4812 2330 4882 insignitus,
2361 4822 2415 4866 et
2446 4812 2518 4865 illi
2580 4811 2790 4865 electus
2851 4810 3101 4871 insideat,
3153 4806 3415 4874 frenaque
3473 4804 3600 4872 equi

2011 4904 2482 4973 prehendat,vice
2504 4902 2874 4970 imperatoris,
2902 4916 3089 4953 comes
3120 4900 3283 4967 pedes
3313 4897 3599 4959 incedens,

2014 5005 2073 5050 ut
2103 4996 2234 5050 olim
2283 5002 2477 5051 saneto
2532 4993 2813 5064 Sylvestro
2850 4992 2975 5046 fecit
3013 5006 3241 5059 magnus
3303 4990 3604 5057 imperator

2014 5087 2432 5155 Constantinus,
2488 5095 2541 5140 et
2575 5086 2657 5139 sic
2704 5084 2936 5151 pedibus
3008 5083 3224 5137 incedat
3282 5097 3380 5150 per
3415 5097 3597 5134 aream

2016 5182 2180 5251 regiae
2231 5188 2285 5234 et
2340 5180 2485 5232 viam
2522 5178 2798 5247 publicam
2874 5178 3049 5230 donec
3084 5176 3150 5229 ad
3206 5174 3601 5243 patriarehium

2017 5278 2319 5350 perveniat.
2368 5276 2423 5331 Si
2457 5285 2640 5330 autem
2696 5286 2785 5330 est
2841 5274 3155 5341 imperaturi
3204 5273 3371 5336 filius,
3429 5287 3602 5339 eques

2018 5373 2291 5440 sequitur,
2324 5380 2376 5426 et
2406 5368 2585 5423 omnis
2614 5382 2860 5423 senatus.
2894 5367 2985 5421 Sic
3022 5367 3186 5437 igitur
3239 5364 3309 5418 ad
3352 5363 3605 5417 Ecclesia

2021 5463 2281 5517 honorem
2324 5464 2381 5515 lit
2431 5476 2493 5516 ea
2523 5477 2641 5529 ullae
2704 5470 2932 5513 vocatur
2983 5458 3279 5527 promotio,
3320 5455 3413 5510 sed
3488 5455 3606 5508 h:t-c

2019 5553 2204 5609 omnia
2255 5553 2322 5608 ad
2362 5552 2642 5608 Christum
2680 5551 3013 5607 referuntur.
3050 5550 3107 5603 Si
3134 5552 3341 5603 electus
3386 5549 3607 5615 episco~

2020 5660 2126 5716 pus
2152 5651 2256 5709 est,
2291 5654 2347 5698 ut
2381 5643 2644 5710 diximus,
2682 5653 2808 5714 post
2836 5642 3135 5698 solemnem
3174 5639 3599 5694 declarationem

2022 5740 2204 5791 statim
2237 5742 2321 5789 est
2347 5734 2681 5803 patriarcha,
2716 5734 2977 5803 nulloque
3009 5733 3117 5787 alio
3170 5732 3375 5801 indiget
3407 5740 3605 5801 praeter

2027 5827 2203 5883 solum
2230 5826 2698 5885 entbronismum.
2732 5824 3045 5897 Proutotus
3068 5825 3122 5881 iu
3181 5825 3470 5882 ecclesiam
3504 5841 3597 5882 vc-
