4078 6466
426 342 532 405 443
1195 341 1503 403 SYMEON
1517 346 1586 406 lS
1607 342 2377 406 THESSALONICENSIS
2421 342 2761 404 ARCHIEP
3621 338 3731 405 444

430 453 536 518 nit,
575 452 952 524 templumque
995 454 1279 527 ingressus
1304 466 1358 512 et
1397 466 1654 516 sanctum
1679 458 1875 519 altare,
1904 460 2020 528 epi-
2054 469 2069 520 Α

2173 471 2227 507 ου
2254 454 2459 514 δέεται,
2495 456 2543 506 εἰ
2576 452 2653 522 μὴ
2686 452 2781 507 τοῦ
2817 450 3185 524 ἐνθρονισμοῦ
3231 452 3420 525 μόνου,
3452 453 3567 510 Καὶ
3596 471 3734 526 προ-

435 545 757 601 trachelium
798 555 849 602 et
892 546 1116 615 pallium
1150 551 1255 604 sibi
1297 550 1687 619 circumponit,
1719 561 1772 607 et
1803 561 2028 622 accepto

2173 544 2379 615 ληθείς,
2425 546 2505 608 εἰς
2536 544 2633 615 τὴν
2677 542 3009 615 Ἐκκλησίαν
3043 544 3292 616 ἔρχεται*
3324 545 3423 601 καὶ
3466 547 3732 605 εἰσελθὼν

437 637 721 692 thuribulo
746 646 799 691 et
833 638 1012 701 thure,
1047 655 1209 709 prece
1265 640 1410 697 facta
1445 641 1762 711 suﬂ'umigat
1812 658 2026 698 sacram

2173 637 2225 690 ὸν
2263 639 2390 691 ναὸν
2441 637 2536 690 καί
2576 638 2637 690 τὸ
2671 639 2814 691 θεῖον
2865 637 3283 707 θυσιαστήριον,
3332 639 3733 711 ἐπιτραχήλιον

435 741 678 782 ιυριιεεηι
740 737 795 782 et
855 729 1117 784 thronum
1153 742 1407 785 sanctum
1443 735 1811 802 superiorem,
1840 743 1899 785 ut
1925 733 2028 787 sibi

2174 731 2230 783 αὶ
2257 729 2574 799 ὼμοφόριον
2606 731 2971 798 περιτίθεται.
2993 732 3102 784 Καὶ
3124 732 3496 802 θυμιατήριον
3521 731 3731 798 λαϐὼν,

436 836 788 885 t-mtcessum,
834 822 1146 889 iterumque
1218 838 1431 879 sacram
1501 840 1772 890 mensam,
1810 827 2034 879 oscula-

2176 824 2232 875 αἱ
2271 823 2332 874 τὸ
2368 822 2622 890 θυμίαμα
2662 822 2985 890 εὐλογήσας,
3016 824 3204 895 κύκλῳ
3241 825 3423 896 θυμιᾷ
3455 824 3554 895 τὴν
3581 825 3733 896 ἱερὰν

437 923 642 980 tnrque
677 928 894 969 sacrum
943 914 1329 986 Evangelium,
1381 929 1433 973 et
1475 927 1726 972 sanctam
1782 933 2029 973 mensam

2175 915 2422 982 ράπεζαν
2461 915 2678 967 καὶτὸν
2705 913 2819 966 ἄνω
2850 914 3009 983 ἅγιον
3057 916 3273 985 θρόνον,
3323 915 3401 977 ὡς
3444 918 3734 987 δεδομένον

436 1005 662 1070 iterum,
693 1007 841 1059 velut
872 1006 1159 1062 Christum
1191 1019 1244 1063 ct
1273 1008 1571 1065 Ecclesiam
1598 1025 1761 1079 quant
1794 1014 2031 1079 accepit.

2173 1007 2311 1073 cirrt'p'
2348 1008 2444 1058 καὶ
2480 1006 2646 1059 πάλιν
2688 1009 2789 1074 τὴν
2832 1007 2988 1076 ἱερᾶν
3018 1007 3326 1077 τράπεζαν
3361 1010 3458 1064 καὶ
3494 1008 3737 1074 ἀσπάζε-

442 1096 641 1151 Postea
687 1100 923 1154 reddens
969 1101 1314 1160 thntibulum
1354 1102 1593 1157 diacono
1646 1106 1712 1155 ab
1760 1119 1825 1157 eo
1857 1103 2036 1157 sulfu-

2174 1119 2229 1152 αι
2261 1102 2322 1152 τὸ
2358 1102 2505 1167 ἱερὸν
2547 1101 2880 1169 Εὑαγγέλιον
2912 1106 3006 1156 καὶ
3030 1102 3224 1173 αὐτὴν,
3263 1104 3340 1163 ὡς
3376 1103 3469 1157 τὸν
3500 1106 3740 1172 Χριστὸν

442 1190 703 1261 migatur,
732 1201 788 1244 et
848 1201 1095 1261 tempore
1149 1194 1475 1248 adveniente
1525 1195 1804 1249 benedicit
1841 1196 2036 1262 Deum,

2173 1194 2236 1245 al
2271 1193 2369 1261 τὴν
2411 1192 2741 1261 Ἐκκλησίαν
2785 1197 2964 1264 ἤνπερ
3021 1195 3339 1264 παρέλαϐε·
3392 1197 3487 1250 καὶ
3532 1197 3593 1249 τὸ
3638 1196 3734 1250 θυ-

445 1283 538 1352 qui
569 1298 694 1337 eum
765 1285 933 1340 tantis
994 1285 1156 1341 donis
1232 1286 1493 1354 dignatus
1576 1297 1711 1341 est:
1773 1288 2036 1355 quoniam

2173 1282 2341 1336 ιιατὸν
2400 1284 2526 1346 δοὺς
2566 1284 2820 1347 διακόνῳ,
2874 1284 3142 1352 θυμιᾶται
3188 1285 3325 1354 παρ’
3375 1285 3565 1338 αὐτοῦ.
3623 1282 3736 1339 Καὶ

439 1375 709 1429 etiam'ab
747 1377 999 1431 oratione
1061 1377 1308 1448 incipere
1374 1379 1535 1434 debet
1585 1378 1679 1447 qui
1734 1380 2037 1433 Ecclesiam

2173 1376 2340 1441 ίαιροῦ
2372 1380 2666 1443 γινομένου
2699 1377 2920 1443 εὐλογεί
2947 1377 3038 1429 τὸν
3075 1376 3231 1443 Θεὸν,
3265 1377 3361 1430 τὸν
3394 1376 3741 1447 τηλικούτων

438 1470 673 1537 accepit,
702 1482 828 1521 cum
865 1469 1046 1522 oratio
1072 1470 1332 1525 unionem
1358 1486 1481 1525 cum
1511 1471 1738 1526 Christo
1770 1472 1934 1540 cujus
1956 1478 2042 1525 est

2173 1469 2323 1533 ιῦτδν
2348 1469 2682 1533 ἀξιώσανταο
2737 1471 2833 1523 καὶ
2883 1470 2964 1522 ὄτι
3011 1471 3120 1523 ἀπὸ
3153 1471 3472 1539 προσευχῆς
3505 1470 3588 1523 δεῖ
3630 1469 3741 1539 ’ἄρ-

443 1555 716 1622 Ecclesia,
775 1561 1072 1627 signiticet.
1117 1558 1259 1616 Hinc
1297 1563 1463 1615 etiam
1523 1563 1733 1630 trisagii
1785 1562 2041 1617 oratione

2173 1561 2363 1629 [εσθαι.
2393 1563 2494 1631 τὴν
2539 1562 2875 1631 Ἐκκλησίαν
2906 1561 3244 1631 παραλαϐών
3268 1578 3283 1594 ο
3325 1563 3449 1616 ἐπεὶ
3481 1564 3578 1616 καὶ
3604 1563 3741 1616 ἕνω-

444 1649 590 1704 facta
620 1649 892 1707 diaconus
920 1652 1214 1709 ambonem
1236 1654 1510 1718 ascendit,
1542 1656 1729 1725 ibique
1759 1658 2041 1726 supplice.

2173 1672 2233 1716 εις
2285 1655 2424 1725 πρὸς
2465 1655 2725 1724 Χριστὸν,
2782 1648 2845 1709 οὗ
2898 1656 2932 1724 ή
2976 1655 3311 1725 Ἐκκλησία,
3362 1657 3396 1725 ή
3429 1656 3737 1726 προσευχή.

444 1742 651 1796 tionem
679 1750 996 1810 protensam
1023 1751 1367 1813 pronuntiat,
1393 1745 1446 1798 in
1485 1761 1590 1814 qua
1644 1747 2039 1815 imperatorlttn

2178 1746 2315 1800 Οθεν
2374 1749 2471 1800 καί
2526 1742 2839 1817 προσευχῆς
2879 1749 3181 1818 Τρισαγίου
3216 1750 3535 1820 γινομένης,
3568 1749 3596 1802 ὁ
3624 1748 3740 1802 διά-

445 1835 768 1889 memoriatn
815 1834 945 1891 facit
1018 1811 1078 1894 et
1120 1838 1296 1907 ipsius
1334 1811 1693 1909 patriarchae;
1724 1811 2043 1910 patriarcha

2173 1855 2305 1898 :ovo;
2338 1840 2406 1890 τὰ
2448 1811 2846 1905 τῆς-ἐκτενοῦς
2899 1811 2993 1893 ἐπὶ
3041 1811 3134 1892 τοῦ
3188 1811 3739 1908 ἇμόιονοξποιείται

448 1935 634 1981 autem
654 1928 798 1983 dicta
818 1929 967 1999 apud
987 1944 1047 1985 se
1065 1939 1318 1986 oratione
1337 1943 1607 2001 protensa:
1624 1934 2043 2002 supplicationis

2173 1932 2414 1998 ῑεήσεωςο
2452 1931 2547 1983 καί
2578 1930 2913 2000 μνημονεύει
2938 1931 3051 1984 τῶν
3087 1948 3147 1984 τε
3183 1930 3471 2001 βασιλέων,
3503 1933 3600 1984 καὶ
3642 1929 3742 1983 τοῦ

447 2020 740 2087 exclamat,
776 2039 796 2074 ι
843 2020 983 2088 Quia
1045 2023 1381 2090 misericors,
1425 2042 1445 2077 ι
1477 2034 1607 2090 etc.,
1637 2035 1691 2080 et
1723 2026 2046 2081 dimissione

2173 2024 2497 2092 πατριάρχου
2525 2025 2715 2080 αὑτοῦ.
2761 2026 2820 2078 '0
2848 2024 2907 2078 δὲ
2944 2027 3299 2096 πατριάρχης
3340 2025 3439 2095 τὴν
3469 2023 3635 2095 εὐχὴν
3662 2022 3751 2079 είοξ

452 2110 617 2181 facta,
642 2114 929 2184 faustaque
972 2115 1372 2173 acclamatione
1393 2118 1461 2172 ad
1501 2118 1704 2173 ntultos
1744 2134 1920 2175 annos
1950 2120 2046 2174 de-

2173 2115 2273 2169 ιὼν
2304 2115 2426 2167 καθ’
2462 2115 2658 2170 ἑαυτὸν
2711 2117 2811 2186 τῆς
2862 2117 3115 2180 ὲκτενοῦς
3166 2118 3415 2185 ἰκεσίας,
3476 2119 3738 2187 ὲκφωνεί,

451 2215 694 2273 cantata,
724 2218 782 2261 ut
811 2209 1187 2265 sacerdotium
1237 2222 1553 2282 perseveret
1579 2211 1879 2280 incolume,
1917 2229 2046 2267 cru-

454 2297 539 2355 cis
574 2298 729 2371 signo
761 2297 913 2357 facto
944 2300 1083 2357 abit.

2173 2318 2176 2349 ς
2216 2299 2309 2361 Εἰς
2335 2298 2507 2350 πολλὰ
2536 2298 2656 2369 ἐτη,
2691 2318 2713 2351 ι
2750 2301 3014 2370 ᾀδομένου
3049 2301 3193 2370 ὑπὲρ
3225 2300 3321 2354 τοῦ
3345 2300 3625 2369 διαμένειν
3644 2298 3745 2367 τὴν

2153 2392 2589 2460 ἀρχιερωσύνην,
2620 2392 2961 2461 σφραγίσας,
2991 2392 3310 2463 ἀνέρχεται.

2156 2224 2177 2258 ι
2211 2206 2335 2258 Ὅτι
2361 2206 2637 2275 ἐλεήμωνο
2671 2226 2689 2260 ι
2735 2209 2828 2263 καὶ
2857 2207 3130 2262 ἀπόλυσιν
3172 2209 3565 2278 ποιησάμενος,
3619 2206 3742 2269 τοῦ,
3834 2214 3843 2225 ‘

988 2486 1223 2567 CAPUT
1255 2509 1516 2569 ccxxx.

454 2615 531 2672 De
550 2619 912 2695 entltronisrno
955 2624 1282 2691 patriarcha:
1307 2635 1357 2679 et
1405 2626 1469 2677 de
1500 2641 1629 2695 pace
1669 2642 1788 2695 qua
1825 2625 1890 2679 ab
1946 2643 2044 2680 an-

600 2692 769 2746 tistite
800 2692 987 2761 datur,
1021 2705 1072 2749 et
1100 2706 1361 2765 quantum
1392 2692 1611 2767 fas,'il!i
1638 2692 1905 2751 redditur.

526 2848 778 2907 Crastina
811 2866 944 2908 vero
1003 2852 1116 2920 die,
1151 2856 1502 2927 congregatis
1538 2856 1969 2926 imperatoribus
1999 2863 2054 2912 et

459 2940 904 3012 principibus’et
935 2944 1048 3002 fere
1085 2948 1233 3001 omni
1288 2950 1514 3017 populo,
1572 2948 1794 3017 liturgia
1855 2963 2057 3016 magno

2736 2504 2991 2560 ΚΕΦΑΛ.
3034 2507 3159 2560 ΣΛ’.

2156 2621 2293 2688 Περὶ
2327 2619 2868 2692 τοῦᾼέγθρρνισμοῦ
2913 2623 3013 2677 καὶ
3061 2619 3171 2691 τῆς
3211 2623 3373 2691 παρὰ
3406 2620 3513 2692 τοῦ
3547 2623 3747 2688 ἀρχιε-

2221 2694 2375 2758 ⁸ρὲωςι
2428 2690 2761 2764 διδομένης(
2802 2692 3050 2764 είρήνης
3077 2732 3092 2758 ,
3124 2690 3233 2747 καί
3281 2690 3746 2761 ἆντιδιδομένης

2229 2764 2467 2815 ὁπόσον
2499 2762 2777 2816 δύναται.

2232 2853 2312 2925 Τῇ
2345 2856 2514 2924 κυρία
2569 2855 2628 2909 δὲ
2681 2856 2868 2927 ἡμέρᾳ
2916 2856 3027 2909 τῶν
3062 2854 3336 2927 βασιλέων
3384 2855 3745 2925 συνηγμένων

2160 2949 2254 3001 καί
2289 2948 2594 3015 ἀρχόντων,
2627 2948 2725 3002 καὶ
2766 2949 2953 3019 σχεδὸν
2992 2948 3201 3013 παντὸς
3243 2942 3341 3002 τοῦ
3367 2946 3521 3013 λαοῦ,
3553 2951 3586 3017 ή
3637 2946 3749 3000 λει-

462 3050 588 3087 cum
614 3045 884 3104 apparatu
902 3037 1217 3094 celebratur
1239 3055 1269 3094 a
1302 3040 1638 3110 patriarcha,
1663 3040 2056 3096 assistentibus

2173 3042 2391 3110 εουργία
2432 3042 2874 3110 μεγαλοπρεπῶς
2911 3043 3148 3097 τελεῖται
3176 3043 3329 3114 παρὰ
3358 3040 3454 3095 τοῦ
3479 3042 3771 3111 πατριάρί

462 3129 514 3183 ei
548 3127 825 3199 episcopis
866 3131 1146 3200 omnibus,
1168 3140 1222 3186 et
1247 3132 1419 3199 clero,
1456 3142 1511 3189 et
1550 3132 1705 3187 urbis
1752 3133 2056 3188 sacerdoti-

468 3222 596 3279 bus.
631 3221 858 3294 Oportet
893 3225 1038 3279 enim
1078 3239 1273 3280 omnes
1304 3226 1499 3279 adesse
1556 3224 1795 3294 pastoris
1841 3226 1925 3278 sui
1960 3241 2059 3278 en-

464 3314 791 3379 thrOnismo,
819 3326 875 3373 et
926 3332 1052 3373 eum
1091 3318 1148 3372 in
1200 3317 1463 3373 cathedra
1506 3318 1849 3387 conSpicere,
1915 3317 2062 3372 velut

360 3403 369 3408 ’
466 3408 647 3478 ipsum
697 3410 988 3466 Dominum
1024 3424 1275 3467 nostrum
1309 3410 1498 3465 Jesum
1537 3410 1820 3466 Christum
1858 3409 2060 3464 Filium

471 3502 568 3559 Dei
615 3505 870 3569 viventis,
907 3513 962 3560 et
994 3505 1064 3557 ab
1091 3506 1213 3574 ipso
1245 3504 1300 3557 in
1344 3502 1430 3557 his
1461 3501 1636 3559 initiis
1671 3510 1784 3555 tum
1824 3504 2063 3557 maxime

476 3597 752 3664 benedici,
783 3612 1085 3668 pacemque
1113 3596 1183 3649 ab
1241 3609 1308 3649 eo
1363 3593 1431 3649 de
1463 3593 1797 3649 sacerdotali
1861 3596 2063 3649 throno

472 3691 781 3762 suscipere,
843 3704 1078 3758 eamque
1125 3687 1203 3742 illi
1240 3702 1441 3744 vovere
1474 3698 1529 3744 et
1563 3687 1890 3743 acclamare.
1952 3688 2064 3741 Pax

474 3792 654 3837 autem
710 3782 799 3837 illa
849 3790 936 3838 est
964 3779 1277 3837 Servatoris
1317 3781 1518 3846 nostri,
1571 3795 1693 3851 quas
1721 3796 1946 3837 onmem
1976 3784 2066 3835 in-

480 3875 755 3930 tellectum
806 3883 1054 3943 superat,
1086 3872 1377 3939 hmreditas
1415 3881 1630 3939 nostra,
1672 3876 1862 3930 suavis
1911 3888 2066 3931 com-

469 3968 693 4039 pellatio
740 3976 795 4024 et
828 3976 1035 4022 aeterna
1074 3966 1436 4036 exspectatio,
1474 3976 1557 4035 ut,
1597 3966 2067 4036 quemadmodum

471 4073 731 4130 precatus
798 4069 906 4128 est,
961 4075 1132 4115 unum
1186 4074 1311 4115 cum
1366 4060 1493 4130 ipso
1559 4061 1758 4124 simus,
1795 4059 2070 4130 Patreqne

473 4154 595 4222 ejus
626 4164 681 4209 et
716 4153 949 4223 Spiritu.
982 4152 1078 4208 llla
1122 4154 1290 4226 igitur
1318 4164 1405 4211 est
1439 4170 1562 4226 quae
1602 4169 1705 4210 nos
1736 4153 1849 4209 Deo
1884 4163 1939 4210 et
1968 4168 2069 4207 an-

473 4249 607 4318 gelis
643 4246 951 4316 conjungit,
983 4261 1105 4317 qua
1131 4247 1275 4304 bona
1308 4248 1467 4304 nobis
1498 4246 1718 4302 abunde
1751 4246 2070 4317 suppeditat

475 4341 531 4395 in
566 4339 669 4395 hoc
702 4349 760 4396 et
788 4340 1042 4409 praesenti
1071 4342 1293 4407 seculo,
1315 4342 1474 4410 cujus
1497 4339 1647 4411 pacis
1676 4338 1810 4394 Jesn
1842 4353 1952 4394 non
1986 4347 2071 4395 est

478 4434 774 4499 terminus,
814 4450 978 4505 quam
1031 4435 1100 4491 ad
1149 4450 1369 4490 crucem
1448 4431 1755 4505 procedens
1808 4432 1972 4489 nobis
2012 4433 2070 4489 in

480 4526 855 4582 haereditatem
896 4530 1142 4597 reliquit,
1198 4537 1259 4583 ut
1315 4527 1522 4582 dictum
1593 4535 1698 4591 est,
1727 4541 2005 4596 quamque
2040 4542 2068 4581 a
2098 4548 2151 4607 Ι)

479 4623 714 4678 mortuis
744 4623 1049 4680 suscitatus
1091 4624 1329 4695 primum
1363 4621 1767 4692 pronuntiavit,
1807 4629 1865 4676 et
1895 4619 2069 4686 dedit,

475 4714 751 4784 nobisque
778 4716 997 4774 insevit.
1031 4715 1184 4769 llanc
1215 4713 1459 4792 divinam
1504 4724 1698 4783 pacem
1751 4711 1844 4781 qui
1881 4711 2072 4766 zelotze

476 4817 607 4862 sunt
641 4808 789 4874 tidei,
824 4817 881 4864 et
909 4823 1041 4864 vere
1071 4806 1374 4863 ChriStiani
1418 4805 1610 4858 audire
1653 4803 1969 4858 desiderant
2002 4804 2072 4860 ab

477 4900 773 4971 episcopo;
805 4901 1010 4970 quique
1040 4900 1366 4967 sciuntquze
1389 4897 1463 4953 sit
1492 4895 1751 4952 salutatio
1784 4897 1873 4951 illa
1900 4896 2069 4967 pacis,

480 5002 643 5047 orant
674 5006 866 5048 sacros
897 4993 1190 5061 episcopos
1226 4990 1470 5059 quandiu
1503 4988 1714 5051 vivunt,
1755 4989 1809 5043 in
1867 4992 2071 5046 throno

480 5086 692 5150 sedere,
733 5095 787 5139 et
818 5094 1007 5153 pacem
1051 5081 1190 5152 ipsis
1220 5083 1405 5137 dicere
1435 5090 1491 5137 et
1524 5083 1756 5151 precari,
1790 5094 1851 5136 ut
1892 5086 2071 5156 scrip-

482 5188 600 5232 tum
635 5184 721 5232 est
754 5176 808 5231 iu
839 5174 965 5230 Vita
997 5174 1178 5245 magni
1219 5174 1363 5229 Petri
1399 5175 1782 5240 Alexandrini,
1804 5176 1896 5246 qui
1925 5190 2071 5245 saepe

482 5264 961 5322 verecundabatur
1035 5266 1139 5319 hoc
1211 5265 1415 5331 facere,
1484 5280 1744 5322 reverens
1813 5268 2072 5321 virtutem

482 5373 606 5426 quae
637 5364 720 5411 est
776 5356 832 5409 in
862 5356 1060 5410 throno
1111 5356 1433 5426 episcopali,
1471 5373 1633 5428 quam
1665 5359 1868 5430 saepius
1908 5359 2075 5414 corde

486 5464 627 5519 puro
661 5448 1055 5519 conspiciebat.
1086 5449 1217 5505 Post
1242 5460 1475 5504 mortem
1504 5450 1666 5505 etiam
1711 5465 1912 5522 magno
1946 5466 2072 5506 cum

489 5540 766 5596 desiderio
821 5543 1096 5611 petierunt
1133 5543 1317 5598 videre
1349 5552 1600 5613 pastores
1654 5557 1787 5599 suos
1824 5550 2075 5598 mortuos

485 5634 543 5686 in
580 5633 778 5691 throno
809 5649 913 5693 suo
950 5636 1227 5702 sedentes,
1304 5635 1410 5691 hoc
1448 5637 1610 5692 modo
1678 5635 1965 5690 credentes
2015 5646 2076 5689 se

485 5724 670 5784 divina
699 5744 831 5798 pace
857 5728 987 5785 frui.
1800 5752 1803 5753 '

2162 3153 2284 3204 χου,
2335 3135 2609 3189 συνόντων
2643 3137 2794 3206 αὑτῷ
2840 3137 2951 3192 τῶν
2999 3138 3310 3208 ἀρχιερέων
3347 3137 3607 3192 ἁπάντων
3654 3135 3749 3190 καὶ

2169 3226 2258 3278 τοῦ
2292 3228 2522 3297 κλήρου,
2573 3229 2667 3282 καὶ
2717 3229 2829 3282 τῶν
2869 3231 2971 3299 τῆς
3005 3230 3216 3293 πόλεως
3261 3230 3475 3299 ἰερέων.
3514 3230 3609 3283 Δεῖ
3639 3228 3748 3299 γὰρ

2163 3317 2378 3379 πάντας
2412 3320 2671 3387 παρεῖναι
2706 3320 2803 3373 ἐπὶ
2830 3319 2909 3385 τῷ
2934 3319 3028 3372 τοῦ
3058 3320 3320 3389 ποιμένος
3349 3319 3532 3374 αὐτῶν
3563 3320 3751 3391 ὲνθρο-

2165 3407 2366 3479 νισμῷ,
2402 3408 2496 3460 καὶ
2553 3409 2685 3463 ἰδεῖν
2719 3411 2883 3463 αὑτὸν
2934 3412 3029 3464 ἐπὶ
3079 3412 3181 3481 τῆς
3238 3410 3512 3482 καθέδρας
3550 3413 3629 3477 ὡς
3659 3414 3750 3467 τὸν

2166 3501 2372 3570 Κύριον
2401 3503 2561 3572 ἡμῶν
2603 3502 2814 3572 Ἰησοῦν
2860 3505 3028 3558 αὐτὸν
3059 3505 3155 3559 τὸν
3190 3504 3445 3575 Χριστὸν,
3496 3508 3587 3561 τὸν
3622 3507 3748 3561 Υἰὸν

2166 3594 2262 3648 τοῦ
2293 3584 2429 3647 Θεοῦ
2462 3594 2556 3648 τοῦ
2603 3596 2828 3662 ζῶντος,
2874 3597 2969 3653 καὶ
2999 3596 3366 3669 εὐλογηθῆναι
3411 3597 3546 3669 παρ’
3579 3597 3747 3653 αὑτοῦ

2167 3687 2291 3741 τότε
2331 3686 2536 3755 μᾶλλον
2594 3688 2685 3739 καὶ
2720 3686 3006 3757 καταρχὰς
3054 3687 3150 3741 καὶ
3206 3688 3307 3759 τὴν
3347 3688 3575 3758 εἰρήνην
3618 3674 3747 3758 παρ’

2169 3781 2337 3835 αὐτοῦ
2397 3779 2655 3844 δέξασθαι
2711 3780 2974 3855 ἀπὸιτοῦ
3035 3782 3337 3851 ἰερωτάτου
3405 3780 3601 3851 θρόνου
3660 3782 3753 3836 καὶ

2170 3872 2567 3944 προσφωνῆσαι
2587 3872 2796 3939 ταύτην
2826 3873 2999 3942 αὐτῷ.
3037 3871 3188 3944 Αὕτη
3237 3871 3297 3926 δέ
3322 3874 3475 3926 ἔστιν
3499 3873 3535 3943 ἡ
3560 3874 3754 3943 εἰρήνη

2171 3967 2264 4020 τοῦ
2295 3967 2552 4037 Σωτῆρος
2601 3965 2762 4035 ἡμῶν
2815 3967 2848 4036 ή
2896 3964 3081 4020 πάντα
3134 3963 3260 4018 νοῦν
3317 3965 3690 4035 ὑπερέχουσα,
3721 3966 3757 4035 ἡ

2171 4057 2513 4128 κληρονομία
2545 4057 2729 4128 ήμῶν,
2772 4057 2837 4111 τὺ
2880 4056 3059 4125 γλυκὺ
3108 4060 3428 4129 πρόσρημα,
3466 4061 3498 4128 ή
3539 4058 3760 4120 αἰώνιος

2173 4151 2498 4222 προσδοκία,
2536 4152 2624 4204 ἵνα
2649 4146 2799 4221 ὦμεν
2836 4150 2895 4204 ἓν
2944 4151 3066 4221 μετ’
3092 4149 3286 4218 αὑτοῦ,
3335 4150 3435 4204 καὶ
3466 4150 3564 4204 τοῦ
3600 4149 3749 4219 1⁸1]

2173 4244 2392 4312 Πατρὸς
2420 4243 2612 4306 αὐτοῦ,
2647 4244 2743 4296 καὶ
2777 4243 2875 4296 τοῦ
2915 4242 3259 4312 Πνεύματος,
3305 4241 3498 4311 ὥσπερ
3531 4240 3754 4310 ηὔξατο.

2174 4334 2324 4404 Αὕτη
2374 4333 2489 4401 οὖν,
2534 4335 2568 4404 ὴ
2603 4334 2697 4386 καὶ
2732 4332 2810 4403 τῷ
2853 4331 2975 4402 Θεῷ
3025 4332 3267 4394 καὶτοῖς
3315 4330 3570 4399 ἀγγέλοις
3613 4331 3762 4404 ἡμᾶς

2177 4426 2554 4488 συνάπτουσα,
2581 4427 2676 4479 καὶ
2709 4424 2780 4477 τὰ
2809 4423 2995 4492 ἀγαθὰ
3050 4424 3184 4492 ἡμῖν
3214 4420 3553 4493 χορηγοῦσα,
3583 4419 3678 4473 καὶ
3703 4420 3762 4473 ὲν

2176 4514 2255 4584 τῷ
2308 4513 2540 4583 παρόντι
2592 4515 2691 4569 καὶ
2739 4514 2799 4567 ἐν
2847 4513 2927 4583 τῷ
2984 4512 3257 4581 μέλλοντι,
3284 4507 3353 4583 ἧς
3392 4512 3616 4581 εἰρήνης
3662 4508 3760 4564 τοῦ

2188 4605 2366 4676 Ἰησοῦ
2402 4605 2555 4675 ὃριον
2584 4606 2684 4659 οὐκ
2720 4604 2874 4658 εστιν
2904 4603 3080 4657 οὐδέν·
3118 4603 3187 4672 ἣν
3212 4603 3307 4656 καί
3336 4602 3474 4672 πρὸς
3501 4601 3562 4655 τδ
3590 4600 3763 4664 πάθος

2175 4700 2497 4770 ἐρχόμενος,
2534 4698 2909 4770 κληρονομίαν
2948 4697 3165 4767 ἀφῆκεν
3207 4698 3362 4767 ἡμῖν,
3411 4695 3488 4758 ὡς
3524 4696 3761 4766 εἴρηται,

2175 4797 2274 4850 καὶ
2324 4793 2563 4857 ἀναστὰς
2616 4793 2835 4863 πρῶτον
2896 4791 3088 4861 εἴρηκέ
3145 4806 3207 4843 τε
3268 4791 3363 4844 καὶ
3419 4789 3619 4842 δέδωκε
3671 4788 3764 4841 καὶ

2176 4882 2496 4958 ἐφύτευσεν
2526 4888 2585 4939 ὲν
2628 4888 2787 4955 ήμῖνο
2819 4879 2889 4958 ἧς
2921 4883 3323 4953 ἐπιθυμοῦντες
3348 4881 3584 4936 ἀκοῦσαι
3612 4882 3765 4951 παρὰ

2178 4981 2273 5035 τοῦ
2306 4980 2572 5050 ἰεράρχου
2600 4978 2749 5041 θείας
2779 4978 3008 5049 εἰρήνης
3038 4979 3088 5031 οἰ
3119 4976 3363 5047 ὲξαρχῆς
3396 4973 3640 5044 ζηλωταὶ
3665 4972 3765 5043 τῆς

2182 5052 2451 5137 πίστεως,
2488 5074 2586 5126 καὶ
2632 5072 2806 5135 ὅντως
2834 5070 3180 5140 Χριστιανοὶ,
3223 5068 3429 5132 εἰδότες
3464 5067 3519 5120 τί
3558 5067 3680 5120 ἐστι
3707 5064 3769 5118 τδ

2179 5168 2486 5239 πρόσρημα
2513 5166 2612 5236 τῆς
2651 5166 2904 5235 εἰρήνης,
2942 5162 3040 5216 καὶ
3072 5161 3296 5225 ζώντων
3332 5160 3441 5214 τῶν
3473 5158 3636 5232 ἰερῶν
3668 5158 3768 5228 ἁρ-

2178 5262 2415 5331 χιερέων
2468 5258 2681 5311 ἐδέοντο
2734 5257 2828 5308 ἐπὶ
2860 5253 2956 5308 τοῦ
3007 5254 3202 5322 θρόνου
3247 5253 3502 5319 καθίσαι,
3533 5252 3630 5305 καὶ
3672 5248 3768 5319 τὴν

2181 5354 2407 5422 εἰρήνην
2451 5351 2638 5412 αὐτοῖς
2673 5351 2872 5415 είπείν,
2920 5349 3000 5412 ὡς
3034 5350 3093 5402 ὲν
3120 5348 3202 5417 τῷ
3235 5346 3338 5416 βίῳ
3380 5344 3478 5399 τοῦ
3529 5342 3766 5415 μεγάλου

2186 5446 2398 5515 Πέτρου
2443 5442 2859 5514 Ἀλεξανδρείας
2907 5443 3245 5511 γέγραπται,
3277 5439 3339 5503 ὃς
3381 5438 3476 5492 καί
3505 5435 3769 5497 πολλάκις

2186 5539 2367 5608 ᾐδεῖτο
2391 5535 2554 5589 τοῦτο
2582 5537 2784 5595 ποιεῖν,
2819 5534 2918 5603 τὴν
2947 5535 3008 5586 ἐν
3040 5533 3120 5603 τῷ
3155 5532 3335 5602 θρόνῳ
3368 5529 3771 5600 εὐλαϐούμενος

2187 5630 2442 5699 δύναμιν,
2498 5628 2568 5698 ἢν
2614 5627 2709 5681 καὶ
2750 5626 3015 5689 πολλάκις
3072 5622 3220 5695 ἑώρα
3267 5625 3344 5687 ὼς
3393 5623 3495 5693 τὴν
3540 5619 3773 5691 καρδίαν

2188 5722 2451 5793 καθαρὸς,
2502 5723 2599 5775 καὶ
2654 5719 2795 5791 μετὰ
2842 5721 2904 5774 τό
2942 5718 3094 5777 τέλος
3128 5717 3360 5788 ἐζήτουν
3406 5720 3465 5769 ἐν
3508 5712 3773 5782 ἐπιθυμία

485 5826 679 5896 πολλῇ,
713 5827 807 5882 καὶ
836 5827 1065 5898 νεκροῖς
1101 5826 1194 5880 ἐπὶ
1242 5826 1335 5880 τοῦ
1392 5825 1589 5896 θρόνου
1635 5822 1767 5877 ἰδεῖν
1802 5817 1982 5874 αὐτῶν
2007 5816 2132 5879 τοὺς
2177 5816 2469 5885 ποιμένας,
2490 5816 2563 5879 ὡς
2589 5816 2682 5869 καὶ
2712 5812 2853 5867 οὕτω
2888 5812 3237 5873 πιστεύοντες
3262 5811 3447 5881 τυχεῖν
3478 5808 3577 5880 si};
3623 5804 3773 5871 θείας

490 5917 735 5991 εἰρήνης.
