4078 6462
300 372 407 434 445

853 489 1104 542 ΚΕΦΑΛ.
1153 491 1320 546 ΣΑΑἏ

299 595 599 677 Περὶ-τῶν
638 599 815 677 θείων
841 600 965 677 καὶ,
985 604 1268 677 μεγάλων
1300 607 1625 676 ἀρχιερέων
1657 614 1882 677 Πέτρου

389 667 842 752 Ἀλεξανδρείας
873 667 1294 752 καῖ’Ῑωᾴνν-ου
1317 667 1424 752 rei?
1453 667 1886 752 vao’oppﬁpo-

373 754 518 818 ’νοςξ
549 740 640 818 6:7}
691 740 985 818 έκάθίῖηῗν
1016 747 1276 818 ῖούτρυς
1325 750 1446 813 τοῖς
1495 740 1885 818 ξἸρόίνόι’ς·”κοιί

372 808 524 876 μετὰ
556 809 821 864 θάνατον
847 809 946 864 διὰ
988 812 1104 881 τὴν
1132 808 1362 872 ἄνωθεν
1393 808 1665 891 εἰρήῖβην.

383 924 449 976 Ὃ
479 923 542 993 δὴ
574 923 669 976 καὶ
725 926 867 994 μετά
897 927 998 995 τὴν
1026 933 1240 999 σφαγὴν
1271 934 1366 987 ἐπὶ
1397 935 1476 1004 τῷ
1528 936 1660 1008 θείῳ
1692 940 1886 1009 ἐκείνῳ

307 1014 500 1085 Πέτρῳ
525 1017 751 1084 γέγονεν
781 1021 839 1072 ἐν
887 1021 1270 1097 Ἀλεξανδρείᾳ
1292 1065 1308 1092 ,
1339 1027 1432 1080 καὶ
1463 1029 1522 1082 ἐν
1549 1032 1612 1100 τῇ
1651 1030 1883 1100 βασιλίδι

305 1109 365 1162 δὲ
399 1109 550 1161 πόλει
577 1113 642 1181 τῇ
676 1112 1031 1185 φιλοχρίστῳ,
1072 1117 1166 1171 ἐπὶ
1190 1118 1266 1188 τῷ
1302 1123 1720 1194 χρυσορῤήμονι
1771 1127 1883 1180 Πα-

311 1201 434 1269 τρί·
464 1199 522 1251 ὃν
555 1204 648 1255 καὶ
681 1205 877 1273 νεκρὸν
909 1207 1001 1258 ἐπὶ
1052 1209 1188 1261 πολὺ
1230 1211 1378 1274 ὄντα,
1421 1213 1513 1265 ἐπὶ
1557 1216 1648 1266 τὸν
1694 1217 1885 1285 θρόνον

311 1292 576 1346 ἐκάθισαν
599 1310 611 1323 ·
643 1295 740 1348 καὶ
769 1296 849 1360 ὃς,
874 1298 1028 1364 φασὶ,
1055 1301 1240 1371 χάριτι
1265 1304 1385 1375 θεία
1405 1305 1592 1375 διᾶραι
1618 1307 1686 1360 τά
1705 1308 1885 1378 χείλη,

309 1385 518 1447 καὶτὸ,
561 1403 579 1436 ι
618 1387 825 1456 Εἰρήνη
853 1391 1007 1459 ὑμῖν,
1039 1409 1062 1442 ὀ
1100 1394 1298 1447 εἰπεῖν.
1347 1397 1465 1450 Νῦν
1512 1399 1568 1451 δὲ
1623 1401 1726 1452 οὐκ
1789 1397 1888 1453 οἶδ’

309 1478 459 1539 ὅπως
491 1478 654 1531 τοῦτο
682 1483 1212 1554 καταπεφρόνηται·
1249 1489 1429 1541 καίτοι
1464 1506 1528 1557 γε
1556 1492 1650 1544 τοῦ
1670 1509 1732 1544 τε
1768 1493 1893 1561 θρό-

311 1587 406 1624 νου
434 1570 606 1634 6ντος,
658 1572 753 1626 καὶ
793 1576 894 1644 τῆς
934 1580 1234 1647 σφραγῖδος
1275 1581 1482 1635 ἀνωθεν
1532 1583 1887 1654 τελουμένης,

313 1663 409 1715 καὶ
443 1664 542 1732 τῆς
577 1666 732 1733 ἱερᾶς
783 1668 1082 1739 γινομένης
1119 1672 1414 1742 καθέδρας,
1462 1677 1556 1728 καὶ
1590 1677 1742 1746 παρὰ
1793 1676 1888 1730 τοῦ

315 1755 620 1825 ἀρχιερέως
651 1759 768 1821 τοῦ,
839 1777 856 1808 ι
898 1759 1101 1830 Εἰρήνη
1157 1765 1314 1828 πᾶσι,
1362 1783 1380 1816 ι
1417 1765 1738 1836 λεγομένου,
1794 1768 1890 1821 καὶ

1308 382 1404 440 DE
1436 383 1709 444 SACRIS
1751 385 2456 451 ORDINATIUNIBUS.
3471 395 3576 455 446

1912 497 1960 553 Α

2521 500 2750 558 CAPUT
2783 503 3060 559 CCXXXI.

1999 616 2078 672 De
2104 617 2298 688 dirinis
2346 628 2394 671 ει
2441 620 2645 688 magnis
2696 621 2977 672 antistilvus
3015 620 3169 673 Petro
3217 619 3577 674 Alexandrino

2076 697 2122 742 et
2153 687 2363 741 Joanne
2393 687 2772 757 Cltry’sostomo
2798 690 2858 743 (Σ.
2888 690 3001 742 Pol.
3027 690 3164 755 quod
3191 693 3381 742 mortui
3415 699 3576 743 etiam

2075 760 2129 812 in
2166 759 2358 812 throno
2379 761 2484 812 sive
2519 760 2772 812 cathedra
2805 778 2900 810 sua
2940 761 3185 812 collocati
3220 772 3338 814 sunt
3365 774 3577 829 propter

2075 846 2262 898 pacem
2294 830 2526 898 pristino
2564 847 2709 882 more
2738 834 2801 882 ab
2831 831 2936 883 illis
2965 830 3349 898 accipiendam.

2069 943 2187 997 Hoc
2219 953 2367 996 certe
2404 942 2602 996 accidit
2649 942 2994 996 Alexandriae
3039 944 3091 996 in
3131 943 3317 996 divino
3353 944 3446 996 illo
3473 943 3574 996 Pe-

1997 1039 2085 1085 tro
2131 1044 2254 1102 post
2289 1032 2409 1101 cjus
2453 1033 2655 1086 easdem
2694 1049 2710 1100 ;
2743 1042 2794 1086 et
2834 1033 2884 1086 in
2921 1034 3057 1088 urbe
3087 1034 3231 1102 regia
3275 1046 3325 1088 et
3373 1033 3572 1086 Christi

2001 1132 2218 1176 amante
2252 1121 2304 1175 in
2346 1121 2507 1176 Patre
2537 1132 2729 1176 saneto
2763 1122 3178 1193 Chrysostomo,
3216 1141 3376 1192 quem
3419 1124 3580 1192 longo

1996 1226 2122 1286 post
2157 1224 2386 1271 mortem
2446 1225 2692 1286 tempore
2726 1215 2779 1269 in
2813 1216 3066 1270 thronum
3129 1233 3288 1271 suum
3333 1217 3577 1271 colloca-

1996 1315 2148 1369 runt,
2194 1307 2402 1374 quique
2434 1312 2571 1367 tum,
2624 1315 2680 1358 ut
2715 1307 2925 1372 dicunt,
2964 1308 3147 1360 divina
3210 1310 3385 1375 gratia
3453 1322 3579 1376 ape-

1997 1394 2110 1448 ruit
2146 1395 2306 1457 labia,
2347 1404 2401 1448 et
2436 1393 2568 1448 illud
2597 1413 2609 1447 :
2644 1394 2753 1449 Pax
2791 1399 2967 1460 vobis,
3001 1400 3391 1465 pronuntiavit.
3427 1397 3582 1452 Nunc

1998 1495 2179 1539 autem
2235 1487 2423 1540 nescio
2469 1489 2743 1554 quomodo
2796 1488 2897 1541 hoc
2949 1490 3340 1553 contemnitur,
3383 1505 3581 1557 quam-

1999 1577 2083 1632 vis
2131 1577 2366 1632 thronus
2409 1578 2572 1644 adsit,
2631 1588 2681 1632 ct
2718 1579 2932 1647 signum
2992 1580 3172 1632 crucis
3191 1581 3424 1646 desuper
3453 1594 3584 1634 con-

2000 1668 2235 1732 ﬁciatur,
2267 1677 2322 1722 et
2352 1682 2508 1723 sacra
2545 1670 2803 1722 cathedra
2847 1668 3133 1733 subsisnat,
3163 1670 3581 1738 pronuntietur-

2003 1777 2107 1830 que
2139 1762 2205 1815 ab
2241 1763 2526 1831 episcopo,
2561 1778 2579 1811 ι
2613 1761 2722 1814 Pax
2752 1759 2927 1823 vobis,
2962 1780 2980 1812 ι
3023 1760 3289 1830 priusque
3319 1761 3584 1815 diaconus

311 1846 407 1900 τοῦ
430 1849 680 1902 διακόνου
715 1852 985 1922 πρότερον
1012 1853 1092 1919 τὸ,
1130 1874 1148 1905 ι
1177 1857 1569 1927 Πρόσσχωμεν,
1605 1880 1622 1911 ι
1656 1861 1891 1915 ἐκϐοῶν-

2009 1857 2276 1916 inclamet,
2317 1873 2335 1904 ‹
2379 1854 2764 1907 Attendamus.
2809 1871 2827 1905 ι
2879 1852 3070 1906 Nullus
3118 1863 3299 1906 tamen
3366 1853 3430 1906 ad
3485 1855 3586 1908 hoc

312 1955 426 2000 τος.
467 1938 608 1991 Ἀλλ’
632 1941 806 2004 οὐδεὶς
839 1944 930 1993 ἐπὶ
963 1944 1138 2011 τούτῳ
1171 1947 1474 2016 φροντίζει,
1509 1950 1628 2002 οὐδὲ
1658 1951 1892 2006 ἀκοῦσαι

317 2029 493 2095 ποθεῖ,
521 2031 641 2084 οὐδὲ
672 2032 982 2102 ἀντιφωνεῖ,
1024 2053 1042 2088 ι
1099 2036 1207 2089 Καὶ
1255 2037 1330 2106 τῷ
1398 2040 1670 2108 πνεύματί
1717 2060 1828 2097 σου.
1869 2062 1887 2095 ι

317 2123 512 2176 Καίτοι
547 2140 609 2189 γε
641 2125 946 2195 Γρηγόριος
975 2129 1006 2196 ή
1064 2127 1315 2194 θεολόγος
1369 2135 1520 2200 φωνὴ
1553 2136 1655 2204 ἐρᾷ
1703 2152 1762 2187 τε
1799 2138 1894 2188 καὶ

319 2217 570 2269 ἐπιποθεῖ
593 2217 693 2287 τὴν
717 2218 878 2287 φίλην
911 2221 1158 2288 εἰρήνην,
1190 2223 1286 2273 καὶ
1309 2222 1482 2287 γλυκὺ
1527 2226 1622 2276 καὶ
1659 2229 1894 2295 πρᾶγμα

319 2308 411 2360 καὶ
433 2307 604 2376 ὄνομα
639 2309 846 2377 ταύτην
878 2309 1069 2372 καλεῖ,
1101 2312 1191 2362 καὶ
1243 2313 1426 2366 δοῦναι
1461 2316 1560 2367 καὶ
1589 2316 1896 2368 ἀντιλαὸεἰν

319 2401 486 2470 εὐχῆς
508 2404 767 2455 ποιεῖται.
795 2402 944 2455 Ἀλλ’
982 2403 1059 2466 ὡς
1093 2404 1236 2458 ἔοικε
1269 2406 1347 2474 τῷ
1389 2408 1594 2475 μικρὰν
1626 2405 1767 2463 εἶναι
1797 2411 1896 2479 τὴν

320 2492 504 2559 φωνὴν
543 2493 878 2563 ἀγνοηθῆναι
927 2497 1025 2566 τὴν
1055 2496 1124 2550 τὰ
1161 2497 1396 2566 μέγιστα
1425 2500 1762 2571 δυναμένην,
1803 2503 1897 2555 καὶ

319 2585 454 2654 πρὸς
491 2583 609 2648 ἔθος
642 2585 819 2638 ἐλθεῖν
855 2586 949 2639 τοῦ
989 2589 1122 2657 μηδὲ
1153 2590 1508 2644 αἰσθάνεσθαι
1539 2592 1773 2662 ταύτης,
1805 2596 1897 2647 καὶ

319 2677 414 2730 τὸν
446 2679 696 2732 διάκονον
744 2680 820 2742 ὡς
854 2680 981 2749 εἰκῆ
1038 2680 1218 2747 λέγειν
1253 2683 1334 2746 τὸ,
1371 2705 1389 2734 ι
1430 2685 1827 2754 Πρόσσχωμεν,
1865 2705 1886 2738 ι

322 2771 419 2823 καὶ
447 2770 538 2822 τὸν
575 2771 839 2840 ἀρχιερέα
874 2771 928 2822 δὲ
965 2773 1087 2824 καθ’
1122 2774 1319 2826 ἑαυτὸν
1343 2776 1437 2827 καὶ
1457 2777 1762 2845 ἀνειμένως
1781 2796 1899 2842 πως

321 2865 415 2916 καὶ
449 2864 547 2917 οὐκ
575 2866 632 2917 ὲν
659 2867 900 2935 φροντίδι
936 2867 1016 2925 τὸ,
1058 2887 1075 2918 ι
1124 2869 1328 2937 Εἰρήνη
1363 2871 1521 2936 πᾶσι,
1561 2890 1579 2922 ›
1614 2872 1795 2938 λέγειν
1819 2912 1832 2935 ,
1865 2872 1898 2944 ἢ

319 2955 401 3019 τὸ,
454 2975 472 3006 ι
510 2957 713 3024 Εἰρήνη
770 2957 918 3024 ὑμῖν.
966 2977 984 3010 ι
1034 2960 1199 3014 Ἀλλά
1255 2964 1615 3030 προσεκτέον,
1669 2965 1765 3017 καὶ
1827 2964 1902 3016 τά

321 3047 737 3116 παραδεδομένα
767 3047 1098 3114 φυλακτέον,
1133 3052 1225 3104 mi
1267 3051 1472 3118 μᾶλλον
1509 3054 1577 3106 τὰ
1610 3055 1762 3123 παρὰ
1803 3053 1900 3106 τοῦ

320 3138 585 3206 Χριστοῦ,
623 3139 676 3202 ὅς
711 3141 860 3193 ἔστιν
890 3141 920 3209 ἡ
952 3141 1148 3210 εἰρήνη
1184 3142 1368 3211 ήμῶν,
1407 3138 1579 3212 οἷπερ
1614 3146 1717 3213 τὴν
1752 3147 1904 3216 εἰρή-

321 3249 418 3301 νην
453 3233 547 3284 καὶ
605 3232 806 3301 Πέτρος
838 3235 968 3304 ἡμῖν
1020 3232 1270 3303 εὔχεται,
1299 3236 1414 3297 ,καὶ
1449 3237 1659 3299 Παῦλος
1697 3256 1902 3296 παντα-

322 3325 442 3394 χοῦ,
481 3327 575 3377 καὶ
603 3326 713 3378 τῶν
748 3326 1010 3396 μαθητῶν
1047 3327 1308 3381 ἁπάντων
1343 3331 1434 3382 καὶ
1489 3330 1682 3397 ἱερέων
1729 3333 1778 3384 οἰ
1813 3349 1906 3400 χο·-

323 3418 431 3488 ροί.
471 3419 575 3471 Καὶ
620 3419 972 3489 προσεκτέον,
1003 3422 1210 3490 μήποτε
1249 3421 1497 3492 ῥᾳθυμίᾳ
1539 3421 1569 3492 ἢ
1627 3440 1903 3493 καταφρο-

322 3512 478 3577 νήσει
505 3510 598 3563 τοῦ
625 3510 822 3578 δώρου,
847 3511 878 3580 ἢ
905 3513 1098 3582 ἀγνοίᾳ
1127 3512 1228 3580 τῆς
1256 3513 1521 3583 μεγίστης
1556 3515 1904 3585 εὐεργεσίας,

328 3603 362 3675 ἢ
410 3602 500 3655 καὶ
534 3602 770 3673 ἐπηρείᾳ.
817 3602 1040 3673 ἐχθροῦ,
1078 3605 1180 3672 τῆς
1230 3605 1445 3668 ἐννοίας
1492 3607 1589 3660 καὶ
1624 3606 1906 3678 ζητήσεως

333 3697 563 3766 ἀπάγειν
591 3698 738 3765 ἡμᾶς
764 3696 1098 3766 βουλομένου
1131 3698 1230 3766 τῆς
1259 3698 1484 3766 εἰρήνης
1540 3698 1615 3761 ὡς
1659 3698 1906 3768 ψυγῆναι

332 3789 430 3856 τὴν
457 3791 676 3858 ἀγάπην
712 3790 800 3842 ἀεὶ
824 3787 1137 3858 ζητοῦντος,
1179 3792 1270 3876 καὶ
1297 3790 1398 3858 τὴν
1425 3793 1482 3842 ὲν
1513 3791 1744 3862 Χριστῷ
1771 3789 1908 3844 Evno-

333 3894 432 3934 σιν.
466 3881 636 3934 Τοῦτο
661 3882 871 3946 γίνεται
919 3881 1051 3934 ὅθεν
1088 3883 1186 3934 καὶ
1240 3881 1608 3946 καθεσθέντος
1655 3884 1750 3935 ἐπὶ
1811 3883 1904 3938 τοῦ

333 3970 524 4037 θρόνου
558 3969 650 4022 τοῦ
684 3971 975 4041 ἱεράρχου,
1014 3975 1214 4034 πάντες
1246 3972 1296 4025 οἱ
1325 3971 1419 4024 ὑπ’
1461 3973 1626 4026 αὐτὸν
1669 3976 1908 4045 ἱερωμέο

330 4077 410 4114 νοι
441 4077 501 4112 τε
537 4065 629 4113 καὶ
658 4060 838 4114 λαῖκοὶ
883 4063 1088 4126 ἀτενῶς
1120 4064 1200 4126 εἰς
1234 4064 1400 4118 αὑτὸν
1436 4064 1513 4128 ὡς
1548 4068 1628 4129 εἰς
1656 4067 1748 4119 τὸν
1768 4067 1908 4138 Χρι-

334 4152 460 4208 στὸν
493 4155 551 4207 ὲν
578 4153 655 4225 τῷ
710 4153 926 4226 οὐρανῷ
982 4156 1296 4226 καθήμενον
1339 4159 1620 4228 ἱστάμενοι
1669 4160 1911 4231 καθορᾶ-

333 4265 539 4302 τωσαν.
581 4251 693 4302 Καὶ
721 4249 816 4301 τοῦ
853 4249 1107 4302 διακόνου
1141 4251 1219 4315 τὸ,
1268 4269 1286 4301 ι
1330 4251 1730 4322 Πρόσσχωμεν,
1768 4273 1786 4305 ›
1821 4254 1909 4308 λέο

333 4358 548 4409 γοντος,
583 4341 610 4392 ὁ
637 4339 737 4410 μὲν
764 4342 1085 4410 ἀρχιερεὺς,
1119 4341 1211 4406 τὸ,
1270 4360 1288 4393 t
1331 4343 1540 4413 Εἰρήνη
1581 4346 1768 4411 πᾶσιν,
1813 4365 1831 4398 ι
1878 4347 1910 4417 ἢ

335 4435 418 4499 τὸ,
461 4435 698 4504 «Εἰρήνη
735 4435 890 4501 ὑμῖν,
926 4453 944 4486 ι
987 4434 1248 4502 ὲκφώνως
1304 4435 1509 4504 λεγέτω
1533 4455 1546 4468 ·
1581 4439 1785 4504 πάντες
1835 4441 1910 4504 δὲ,

1997 1955 2234 1999 mentem
2292 1944 2545 2007 advertit,
2607 1959 2784 2012 neque
2815 1944 3006 1997 audire
3065 1944 3358 2008 desiderat,
3409 1957 3588 2012 neque

1996 2040 2331 2108 respondet:
2373 2056 2391 2089 ι
2431 2036 2496 2090 Et
2555 2053 2677 2091 cun:
2713 2037 2910 2105 spiritu
2949 2046 3062 2089 tuo.
3096 2055 3140 2095 η
3190 2036 3260 2088 At
3291 2036 3587 2103 Gregorius

1999 2131 2308 2200 Theologus
2340 2144 2529 2183 vocem
2563 2138 2710 2182 amat
2740 2138 2793 2180 et
2823 2128 3125 2192 desiderat,
3176 2139 3444 2196 vocatque
3467 2144 3587 2182 eam
3671 2178 3677 2186 ,

1999 2222 2254 2276 dilectam
2317 2235 2527 2290 pacem,
2601 2234 2822 2287 remque
2857 2228 2910 2273 et
2942 2234 3151 2289 nomen.
3202 2219 3386 2283 dulce,
3423 2233 3588 2286 quam

2000 2314 2133 2367 dare
2163 2323 2215 2367 et
2250 2314 2529 2384 percipere
2570 2329 2665 2382 per
2694 2312 3003 2366 orationem
3035 2319 3322 2381 procurat.
3385 2310 3490 2364 Sed
3532 2319 3592 2363 ut

1998 2405 2280 2474 probabile
2313 2413 2419 2468 est,
2450 2404 2619 2458 dictio
2653 2404 2741 2457 illa
2777 2404 3015 2458 maxime
3057 2415 3250 2472 potens
3283 2411 3336 2456 et
3373 2403 3589 2469 ellicax,

2000 2511 2065 2552 eo
2096 2497 2243 2566 quod
2291 2497 2487 2566 exigua
2521 2498 2612 2562 sit,
2646 2497 2972 2566 ignoratur;
3010 2506 3062 2550 et
3089 2496 3328 2549 obtinuit
3358 2509 3592 2549 consue-

2000 2591 2156 2653 tttdo,
2196 2599 2256 2644 ut
2291 2604 2362 2644 ne
2415 2589 2636 2659 quidem
2694 2589 2974 2653 audiatur,
3036 2599 3100 2642 et
3141 2589 3435 2651 sentiatur,
3483 2587 3596 2641 fru-

2008 2691 2234 2749 straque
2259 2681 2406 2734 dicat
2442 2679 2710 2733 diaconus
2756 2678 2887 2732 illud
2923 2697 2936 2732 :
2982 2697 3000 2729 ε
3037 2678 3426 2741 Attendamus,
3453 2697 3473 2730 ι
3537 2687 3594 2733 et

2003 2774 2300 2842 episcopus
2337 2773 2451 2842 ipse
2499 2771 2755 2841 languido
2816 2780 2871 2826 et
2939 2771 3155 2840 supine,
3209 2787 3317 2825 non
3405 2781 3593 2827 autem

2005 2882 2130 2924 cum
2165 2880 2302 2920 cura
2331 2874 2386 2920 et
2417 2864 2598 2921 studio
2650 2865 2971 2932 pronuntiet
3000 2864 3131 2916 illud
3159 2878 3179 2916 :
3208 2882 3226 2915 ι
3261 2863 3367 2917 Pax
3411 2864 3594 2919 omni-

2006 2961 2133 3026 bus,
2171 2978 2190 3012 ι
2230 2961 2340 3026 vel,
2393 2977 2410 3010 ι
2442 2957 2551 3011 Pax
2587 2957 2771 3011 vobis.
2807 2975 2824 3006 ι
2856 2955 2961 3012 Sed
3000 2957 3144 3010 serio
3178 2955 3263 3009 his
3295 2957 3593 3008 adverten-

2009 3053 2137 3108 dum
2179 3060 2286 3118 est,
2324 3061 2380 3107 et
2414 3066 2534 3120 qua:
2560 3050 2716 3104 nobis
2769 3049 2969 3102 tradita
3015 3057 3162 3110 sunt,
3189 3045 3592 3114 custodienda;

2010 3147 2313 3217 prazsertim
2370 3160 2491 3215 qua:
2527 3160 2556 3198 a
2616 3143 2856 3205 Christo,
2921 3143 3013 3209 qui
3075 3153 3158 3196 est
3214 3156 3316 3209 pax
3384 3148 3596 3204 nostra,

2010 3244 2170 3309 cuius
2207 3254 2395 3309 pacem
2434 3238 2627 3292 Petrus
2680 3235 2841 3290 nobis
2879 3234 3233 3301 imprccatnr,
3298 3241 3350 3286 et
3397 3232 3599 3300 ubique

2009 3336 2235 3396 Paulus,
2266 3331 2778 3401 discipulorumque
2845 3327 3090 3380 omnium
3133 3335 3186 3378 et.
3251 3323 3597 3380 sacerdotum

2009 3428 2186 3483 chori.
2227 3424 2632 3480 Attendendum
2674 3432 2854 3474 autem
2901 3429 2985 3474 est
3035 3436 3100 3472 ne
3144 3419 3249 3472 hoc
3294 3421 3387 3472 liat
3430 3417 3601 3486 pigri-

2012 3518 2088 3570 tia
2118 3515 2352 3586 quadam
2423 3522 2473 3567 et
2505 3511 2828 3580 supinitate,
2888 3509 2967 3562 vel
3023 3509 3150 3562 doni
3210 3510 3481 3575 neglectu,
3517 3509 3600 3561 vel

2012 3606 2233 3660 maximi
2287 3604 2537 3659 bt‘nelieii
2604 3604 2934 3670 ignorantia,
2971 3601 3051 3654 Vel
3106 3601 3309 3653 inimici
3347 3599 3602 3668 maligni-

2013 3708 2124 3752 tate
2153 3713 2254 3751 nos
2315 3711 2343 3748 a
2377 3696 2525 3764 pacis
2582 3695 2916 3764 COgitatione
2950 3704 3004 3748 ct
3047 3694 3407 3762 inquisitione
3449 3709 3605 3746 aver-

2015 3799 2128 3846 tere
2182 3790 2436 3850 volcntis,
2471 3802 2800 3856 semperque
2833 3787 3136 3854 quaerentis
3189 3786 3515 3838 cliaritatem
3547 3793 3602 3837 et

2016 3884 2186 3938 nostri
2219 3897 2342 3935 cum
2396 3880 2618 3934 Christo
2677 3881 2931 3934 unionem
3003 3879 3322 3947 tepidiorem
3363 3886 3416 3930 et
3449 3876 3604 3944 frigi-

2013 3977 2218 4030 diorem
2268 3975 2508 4028 reddere.
2546 3971 2683 4026 llinc
2733 3974 2932 4042 igitur,
2972 3972 3230 4039 episeopo
3293 3969 3516 4023 sedente
3551 3971 3603 4021 in

2014 4071 2236 4134 throno,
2279 4068 2371 4137 qui
2418 4065 2464 4119 ei
2500 4068 2732 4121 subsunt
2766 4065 2962 4118 sacrati
2995 4075 3044 4120 et
3087 4063 3208 4116 laici
3243 4074 3448 4116 Stantes
3487 4062 3606 4116 lixis

2014 4161 2190 4217 oculis
2251 4161 2304 4213 in
2338 4175 2461 4214 eum
2512 4160 2656 4213 velut
2700 4160 2751 4212 in
2781 4158 3060 4214 Christum
3097 4158 3236 4213 caelo
3275 4156 3606 4211 insidentem

2017 4256 2353 4308 intueantur.
2389 4251 2453 4304 Et
2487 4268 2608 4304 eum
2668 4251 2943 4306 diaconus
2979 4249 3227 4320 profert:
3269 4268 3286 4298 ι
3332 4248 3598 4301 Attenda-

2019 4362 2161 4411 mus,
2194 4365 2212 4397 ι
2242 4345 2534 4414 episcopus
2563 4343 2732 4407 dicat,
2754 4349 2859 4396 alta
2881 4358 3012 4396 voce
3039 4362 3052 4396 :
3085 4362 3102 4393 ‹
3143 4343 3249 4394 Pax
3273 4341 3553 4401 munibus,
3583 4357 3602 4390 ι

2020 4440 2126 4503 vel,
2166 4457 2183 4489 ι
2220 4436 2333 4490 Pax
2376 4437 2556 4501 vobis,
2593 4455 2611 4488 ι
2675 4451 2865 4488 omnes
2923 4451 3055 4488 vero
3101 4436 3276 4502 capita
3336 4431 3611 4485 inclinan-

342 4543 361 4576 ι
401 4526 508 4578 Kai.
546 4525 625 4594 τῷ
685 4525 972 4594 πνεύματί
1032 4542 1150 4587 σου,
1205 4543 1223 4576 ι
1259 4522 1768 4596 ἀποκρινέσθωσαν,
1817 4532 1901 4592 τὰς

2024 4541 2104 4584 tes
2145 4529 2540 4608 respondeant,
2580 4543 2598 4576 ι
2644 4526 2709 4579 Et
2741 4540 2863 4579 cum
2901 4525 3096 4592 spiritu
3130 4533 3242 4578 tuo.
3281 4541 3300 4571 ›
3341 4521 3462 4574 Ηωο
3525 4530 3612 4574 est

339 4615 583 4686 κεφαλὰς
615 4617 1018 4678 ὕποκλίνοντες.
1053 4617 1163 4669 Καὶ
1195 4614 1330 4687 αὕτη
1363 4620 1512 4670 ἐστὶν
1547 4619 1578 4689 ἡ
1623 4622 1916 4690 μετάΧρίο

342 4709 464 4760 στοῦ
486 4707 701 4762 καὶτῶν
731 4710 903 4776 ἁγίων
925 4708 1092 4760 αὐτοῦ
1124 4707 1320 4771 ένωσίς
1343 4727 1401 4761 τε
1443 4714 1532 4761 καὶ
1568 4712 1782 4780 εἰρήνη.
1811 4716 1921 4767 Καὶ

337 4801 510 4865 οὕτως
541 4804 588 4854 οἰ
625 4803 724 4871 μὲν
751 4803 1032 4873 ἀρχιερεῖς
1060 4800 1482 4866 καθεζέσθωσαν
1505 4819 1517 4831 ·
1563 4802 1613 4854 οἰ
1655 4803 1836 4857 λοιποί
1863 4806 1918 4859 δὲ

338 4894 481 4948 κατά
512 4895 608 4962 τὴν
633 4894 788 4960 τάξιν
824 4893 1205 4963 στηκέτωσαν.

897 5007 1150 5062 ΚΕΦΑΛ.
1187 5006 1350 5060 ΣΛΒ’.

623 5100 764 5168 Περί
810 5100 1211 5169 ἐνθρονισμοῦ
1240 5099 1635 5170 πατριάρχου.

422 5193 483 5247 'O
515 5194 572 5247 δὲ
601 5194 695 5246 τοῦ
751 5194 1098 5264 πατριάρχου
1155 5192 1517 5264 ἐνθρονισμὸς
1567 5197 1776 5262 γίνεται
1830 5195 1921 5248 οὕ-

340 5303 484 5351 τως.
523 5287 586 5339 Eg
651 5285 945 5356 ἀρχιερεύς
1002 5289 1116 5338 ὲστι
1172 5287 1714 5355 κεχειροτονημένος,
1763 5289 1922 5358 172

344 5380 484 5450 μετὰ
512 5379 612 5448 τὴν
647 5379 952 5449 πρόϐλησιν
1014 5377 1410 5448 παραγεγονὼς
1468 5381 1546 5439 εἰς
1591 5379 1681 5430 τὸν
1745 5380 1920 5448 μέγαν

337 5475 436 5542 τῆς
460 5473 597 5526 Θεοῦ
633 5472 834 5539 Σοφίας
857 5472 990 5528 ,ναὸν
1030 5475 1124 5526 καὶ
1153 5475 1633 5544 προσευξάμενος,
1668 5477 1763 5527 καὶ
1825 5476 1920 5529 τοῦ

345 5565 694 5636 μνημοσύνου
730 5565 1046 5634 γινομένου,
1071 5565 1144 5627 ὡς
1179 5566 1420 5632 εἴρηται,
1454 5567 1653 5630 ἄνεισι,
1699 5568 1917 5636 καὶτῆς

340 5658 541 5726 κυρίας
569 5657 898 5725 ἐπιστάσης,
945 5658 1164 5710 πάντων
1225 5658 1730 5726 συνηθροισμένων,
1789 5659 1922 5711 κάτ-

343 5765 471 5805 εισι.
513 5750 623 5803 Καὶ
653 5749 719 5802 τὰ
747 5748 1116 5819 ἀρχιερατικὰ
1141 5749 1279 5818 μετά
1313 5748 1406 5800 ruﬁ
1465 5750 1673 5801 σάκκου
1730 5749 1917 5800 ἐνδύε-

342 5858 452 5896 ται⁶
490 5843 584 5898 καί
632 5846 728 5914 τῆς
768 5843 1111 5912 λειτουργίας
1145 5842 1476 5913 ἀπάρχετοιι,
1510 5843 1651 5896 κατὰ
1684 5842 1740 5895 τὸ
1795 5843 1917 5908 ἔθος

2025 4623 2117 4676 illa
2163 4639 2268 4693 pax
2325 4638 2445 4691 qua:
2485 4636 2586 4674 nos
2665 4619 2784 4672 unit
2841 4617 3062 4671 Christo
3118 4625 3171 4668 et
3232 4615 3437 4668 sanctis
3471 4613 3608 4679 ejus.

2027 4714 2118 4770 Sic
2162 4715 2328 4784 igitur
2385 4710 2628 4780 episcopi
2701 4710 2803 4763 hoc
2882 4707 3302 4777 pronuntiantes
3362 4706 3610 4767 sedeant,

2024 4816 2173 4863 stent
2211 4820 2340 4861 vero
2371 4802 2564 4873 reliqui
2602 4802 2793 4855 ordine
2836 4817 2959 4857 suo.

2524 4996 2753 5053 CAPUT
2805 4991 3108 5050 CCXXXII.

2386 5091 2464 5144 De
2500 5089 2860 5144 enthronismo
2905 5086 3257 5139 Palriarchw.

2100 5183 2436 5238 Patriarchac
2463 5193 2642 5235 autem
2679 5178 3118 5254 enthronismus,
3167 5178 3280 5230 sive
3314 5177 3364 5229 in
3429 5176 3614 5231 cathe-

2023 5281 2177 5331 dram
2240 5274 2532 5328 collocatio
2569 5272 2627 5324 ﬁt
2692 5272 2795 5324 hoc
2837 5270 3020 5323 modo.
3055 5269 3110 5324 Si
3146 5270 3437 5338 cpiscopus
3469 5269 3614 5322 unli-

2025 5381 2187 5424 natus
2214 5378 2320 5431 εει,
2363 5375 2483 5435 post
2516 5365 2916 5433 promotionem
2975 5363 3186 5416 accedit
3242 5364 3306 5414 ad
3357 5378 3612 5429 magnum

2026 5459 2318 5528 Sapientiae
2371 5457 2461 5510 Dei
2501 5457 2783 5524 tetnp'um,
2818 5453 3000 5523 ibique
3031 5464 3306 5522 precatus,
3338 5465 3391 5505 et
3422 5468 3616 5504 monu-

2025 5560 2228 5612 mento,
2269 5558 2328 5604 ut
2363 5549 2570 5603 dictum
2625 5555 2732 5611 est,
2805 5546 2950 5600 facto
3015 5545 3241 5598 recedit.
3292 5543 3385 5596 Die
3432 5553 3614 5595 autem

2024 5645 2171 5698 dit-ta
2228 5643 2471 5697 instante
2536 5639 2800 5695 omnibus
2859 5639 3205 5708 congregatis
3273 5635 3506 5698 accedit,
3560 5642 3618 5688 et

2025 5745 2347 5790 ornamenta
2406 5723 2734 5805 cp‘ise0palia
2792 5749 2917 5787 cum
2990 5747 3147 5785 sacco
3217 5728 3486 5792 induitur,
3560 5736 3616 5782 et

2028 5833 2250 5889 missam
2304 5828 2516 5900 incipit,
2559 5826 2921 5900 metropolitis
2974 5840 3098 5882 cum
3152 5826 3218 5879 de
3251 5837 3399 5876 more
3452 5837 3612 5875 vene-
