4078 6418
306 333 414 402 449

1315 331 1416 390 DE
1459 328 1724 390 SACRIS
1763 325 2462 390 ORDINATIONIBUS.

3461 329 3571 396 450

308 449 387 520 τῷ
423 447 698 514 πνεύματί
730 461 845 508 σου,
887 462 902 495 i
941 443 1090 515 βοᾷν.
1125 441 1294 496 Τοῦτο
1315 444 1480 514 γάρὴ
1514 438 1609 495 τοῦ
1635 441 1884 511 Σωτῆρος

1993 439 2060 493 Ει
2087 439 2310 506 Spiritui
2339 449 2428 496 tuo
2451 455 2731 496 resonare.
2788 441 2915 497 Ilaec
2937 450 3022 499 est
3049 444 3194 499 enim
3261 444 3572 503 Servatoris

307 543 446 611 πρὸς
477 541 625 609 ἡμᾶς
667 537 1009 607 κληρονομία
1041 536 1135 588 καί⁵
1165 535 1363 602 δωρεὰ,
1405 535 1500 587 καὶ
1527 536 1559 602 ὴ
1593 534 1888 588 τελευταία

306 634 463 703 εὐχὴ,
497 631 560 684 τὸ
592 630 650 682 ἓν
693 623 836 681 εἶναι
892 628 1009 695 μετ’
1044 623 1250 679 atii-.06"
1285 626 1377 678 mi.
1407 625 1440 692 ή
1482 622 1680 693 πρώτη
1732 623 1886 694 φωνὴ

311 723 453 794 μετὰ
480 721 578 788 τὴν
607 720 924 781 ἀνάστασιν,
960 735 978 768 ι
1005 718 1210 786 Εἰρήνη
1242 717 1391 782 ὑμῖν.
1425 732 1443 765 ι
1477 715 1586 766 Καὶ
1616 713 1703 765 διὰ
1726 713 1884 765 τοῦτο

306 815 448 868 οὕτω
477 813 708 883 λαμπρὰ
728 811 876 882 καὶὴ
910 812 967 862 ἐν
998 809 1074 878 τῷ
1109 808 1385 878 συνθρὸνῳ
1409 807 1504 859 τοῦ
1539 807 1882 875 πατριάρχου

307 909 519 976 γίνεται
551 905 956 974 ὲγκαθίδρυσις,
988 901 1075 956 ἵνα
1101 900 1390 960 καθεσθεὶς
1418 897 1606 966 ὥσπερ
1634 900 1660 949 6
1692 898 1882 966 Σωτὴρ

307 1000 387 1062 εἰς
403 997 831 1067 τοῦςοὺρανοὺς,
864 997 962 1065 τὴν
992 994 1216 1062 εἰρήνην
1247 992 1458 1044 ἐκεῖθεν
1484 993 1653 1044 ἅπασι
1683 988 1792 1059 δῴη
1823 1007 1880 1040 τε

307 1092 400 1145 καὶ
433 1088 668 1160 κηρύξαι
693 1105 704 1119 ’
732 1089 805 1149 ὡς
838 1087 933 1139 καὶ
961 1085 1172 1137 ἐκεῖθεν
1215 1083 1292 1153 τῷ
1328 1081 1600 1150 τρικηρίῳ
1648 1081 1877 1145 εὐλογεῖ,

307 1185 379 1248 ὡς
411 1185 518 1238 ἀπὸ
540 1182 632 1235 τοῦ
664 1180 920 1250 οὐρανίου
957 1177 1152 1248 θρόνου
1186 1178 1284 1246 τὴν
1321 1177 1419 1243 τῆς
1447 1174 1680 1245 Τριάδος
1715 1175 1884 1242 παρέ-

307 1294 416 1346 χων
443 1274 607 1344 χάριν
638 1273 734 1326 καὶ
785 1270 1053 1340 ἔλλαμψιν
1094 1269 1183 1321 διὰ
1247 1265 1342 1320 τοῦ
1395 1267 1668 1336 Σωτῆρος.
1708 1265 1788 1318 Τὰ
1828 1265 1884 1318 δὲ

305 1368 502 1438 ἐφεξῆς
536 1366 610 1429 ὡς
643 1368 701 1416 ἐν
732 1363 937 1426 πάσαις
969 1363 1092 1426 ταῖς
1127 1359 1496 1431 λειτουργίαις
1547 1357 1756 1426 γίνεται
1786 1370 1800 1386 ⁸
1835 1358 1884 1410 εί

307 1462 408 1531 μὲν
437 1460 726 1530 ἀρχιερεὺς
759 1455 848 1528 ἦν,
873 1456 1080 1518 οὕτως.

789 1637 946 1709 173
977 1637 1208 1691 ΚΕΦΑΛ
1261 1633 1426 1689 ΣΛΓ³.

306 1755 508 1820 Ὅπως
547 1753 585 1820 ἡ
612 1753 950 1850 χειροτονία
970 1750 1076 1804 τοῦ
1107 1744 1762 1850 πριιῖρίάρᾶοηοφῖνεται,
1791 1742 1880 1813 μὴ
1916 1797 1958 1850 Β

619 1823 805 1888 ὄντως
835 1825 1125 1889 πρότερον
1154 1821 1519 1874 ἐπισκόπου.

377 1917 439 1970 Εἰ
466 1917 521 1970 δέ
556 1915 932 1987 πρεσὸύτερος
965 1916 1061 1965 καὶ
1093 1913 1193 1964 οὐκ
1250 1911 1548 1982 ἀρχιερεὺς
1591 1911 1620 1962 ὁ
1671 1909 1884 1980 ὑποψή-

308 2011 427 2080 φιός
456 2011 593 2074 ἐστι,
637 2007 1026 2078 χειροτονεῖται
1062 2004 1282 2075 πρῶτον
1309 2001 1612 2064 ἐπίσκοπος
1634 2018 1649 2034 ·
1689 2001 1883 2054 ἔπειτα

307 2101 692 2172 ὲνθρονίξεται.
749 2099 1081 2152 Ἐπισκὸπου
1124 2098 1231 2166 γὰρ
1279 2098 1307 2148 6
1363 2094 1594 2165 θρόνος·
1657 2095 1742 2147 ὄτι
1789 2095 1884 2148 καὶ

306 2194 602 2254 ἐπίσκοπος
635 2192 735 2259 τὴν
762 2191 854 2243 τοῦ
896 2189 1143 2259 Χριστοῦ
1191 2188 1418 2240 πλουτεῖ
1459 2187 1712 2256 δύναμιν.
1775 2189 1884 2240 Καὶ

308 2286 518 2352 γίνεται
542 2285 710 2347 οὕτως
737 2285 769 2353 ἡ
805 2283 1134 2352 χειροτονία.
1171 2281 1266 2341 Εἰς
1292 2282 1351 2334 τὸ
1381 2279 1689 2349 ἁγιώτατον
1717 2279 1886 2331 εἰσελ-

309 2376 416 2432 θὼν
446 2376 620 2446 βῆμα,
654 2378 949 2445 προσκυνεῖ
980 2374 1078 2444 τὴν
1110 2375 1262 2444 ἱερὰν
1280 2375 1563 2443 τράπεζαν
1594 2372 1684 2425 καὶ
1704 2372 1884 2426 ἀσπά⁴

308 2470 461 2534 ζεται
485 2471 511 2520 ὁ
549 2467 857 2536 ὑποψήῳιος
888 2466 1270 2536 πατριάρχης·
1300 2467 1392 2517 καὶ
1426 2465 1557 2534 περὶ
1613 2465 1712 2526 τὰς
1749 2464 1883 2532 βαθ-

312 2561 472 2630 μίδας
511 2559 605 2613 τοῦ
658 2560 804 2613 θείου
867 2559 1161 2627 συνθρόνου
1213 2559 1530 2626 γενόμενος,
1586 2561 1886 2626 προσκυνεῖ

309 2651 451 2704 κατὰ
499 2651 768 2713 ἀνατολὰς
804 2651 946 2721 τρίς.
985 2651 1092 2702 Καὶ
1125 2649 1194 2702 τὰ
1249 2650 1613 2718 ἀρχιερατικὰ
1678 2648 1881 2701 ἐνδιδύ-

311 2757 500 2796 σκεται
554 2743 664 2796 τῶν
691 2740 1168 2812 ἐκκλησιαστικῶν
1225 2741 1491 2794 διακόνων
1525 2742 1598 2802 ὡς
1635 2740 1884 2807 ἀγγέλων

308 2834 406 2896 τὰς
438 2835 592 2904 ἱεράς
620 2835 986 2904 ἒνδεδυμένων
1025 2832 1221 2895 στολὰς
1253 2833 1473 2903 πρῶτον
1506 2833 1759 2900 εὐλογίαι·
1793 2833 1884 2884 λα-

311 2929 516 2981 ϐόντων
582 2929 712 2998 παρ’
771 2927 933 2980 αὐτοῦ
1007 2929 1102 2980 καὶ
1164 2925 1334 2988 οὕτως
1398 2926 1884 2994 ἐξυπηρετούντων

307 3018 475 3087 αὐτῷ.
507 3017 574 3073 Ol
609 3020 882 3088 ἀρχιερεῖς
914 3017 971 3070 δὲ
1025 3016 1162 3086 μετὰ
1199 3015 1453 3082 μανδύων
1505 3017 1754 3069 ἵστανται
1791 3016 1884 3086 μό-

1992 530 2282 586 Ιιαξγοᾶίιοε
2343 540 2398 584 et
2425 532 2649 587 donatio
2705 533 2862 588 nobis
2928 550 3213 601 concessa,
3263 545 3572 603 postrema-

1990 637 2096 691 que
2122 624 2317 688 oratio,
2350 633 2407 678 ut
2438 641 2605 694 unum
2649 642 2768 680 cum
2830 627 2950 696 ipso
2977 629 3173 683 simus.
3231 629 3409 685 Prima
3437 648 3573 702 quo-

1988 725 2096 780 que
2129 711 2300 778 ipsius
2332 729 2431 767 vox
2461 725 2583 782 post
2621 719 3100 782 resurrectionem,
3143 737 3163 770 ‹
3195 721 3306 775 Pax
3340 723 3513 776 vobis.
3548 743 3565 774 ι

1988 800 2282 871 Propterea
2317 806 2603 860 collocatio
2645 808 2971 875 patriarcha:
3028 811 3080 862 in
3131 813 3383 867 thronnnt
3412 831 3572 869 suum

1990 902 2096 945 tam
2127 897 2408 963 magniﬁce
2432 906 2689 966 tantoque
2723 900 2778 952 lit
2803 917 2924 956 cum
2955 914 3241 971 apparatu,
3273 916 3353 972 ut,
3381 924 3576 976 quem-

1988 983 2279 1036 admodum
2323 986 2580 1041 Servator
2657 991 2853 1045 sedens
2894 993 2945 1044 in
2978 995 3136 1048 coelis
3201 1010 3389 1063 pacem
3452 999 3578 1053 inde

1988 1074 2240 1127 omnibus
2280 1077 2444 1129 donat
2489 1087 2544 1130 et
2581 1081 2861 1146 prmdicat,
2925 1084 2996 1138 ita
3032 1088 3338 1153 patriarcha
3391 1105 3420 1141 c
3451 1090 3578 1144 sede

1988 1182 2084 1220 sua
2149 1168 2372 1222 tricerio
2445 1170 2753 1233 henelicat,
2815 1176 2962 1228 velut
3017 1192 3044 1229 a
3100 1179 3313 1234 cmlesti
3379 1183 3578 1236 throno

1989 1259 2234 1327 pratbcns
2269 1276 2363 1329 per
2397 1262 2746 1317 Servatorem
2780 1264 3070 1320 Trinitatis
3127 1277 3355 1336 gratiam
3404 1283 3458 1326 et
3513 1275 3576 1327 il-

1987 1352 2430 1408 luminationem.
2461 1354 2591 1420 Quae
2627 1367 2956 1425 sequuntur,
2988 1360 3182 1414 eodem
3215 1364 3379 1417 modo
3412 1364 3570 1432 ﬁunt,

1961 1459 2095 1514 .quo
2132 1445 2182 1496 in
2219 1445 2429 1499 caeteris
2462 1447 2717 1518 liturgiis.
2755 1448 2811 1503 Si
2842 1451 3135 1518 episcopus
3179 1463 3280 1520 est,
3325 1455 3400 1508 ita
3434 1456 3492 1510 [it
3516 1466 3574 1512 ut

1987 1537 2217 1591 dictum.

2477 1630 2708 1687 CAPUT
2739 1634 3070 1692 CCXXXIII.

1990 1741 2266 1806 Quomodo
2318 1747 2592 1800 ordinatio
2647 1752 2974 1831 patriai-clue
3030 1754 3124 1822 ﬁat
3165 1755 3257 1825 qui
3303 1758 3576 1828 cpiscopus

2518 1831 2673 1871 antea
2700 1838 2803 1872 non
2842 1832 3039 1890 fuerat.

2061 1905 2114 1958 Si
2151 1922 2279 1959 vero
2310 1909 2514 1962 electus
2547 1910 2832 1981 presbyter
2857 1924 2963 1977 est,
2991 1931 3097 1970 non
3135 1918 3444 1988 episcopus,
3485 1937 3575 1978 or-

1990 1999 2212 2052 dinalttr
2260 2001 2490 2066 prinmm
2563 2004 2892 2074 episcopus;
2956 2018 3144 2077 postea
3207 2013 3261 2065 in
3317 2015 3572 2071 thronum

1989 2089 2314 2145 collocatur.
2363 2092 2440 2144 Ad
2482 2093 2800 2162 episcopum
2852 2097 2996 2150 enim
3037 2099 3271 2154 thronus
3314 2103 3570 2170 pertinet,

1987 2198 2052 2236 eo
2091 2184 2236 2252 quod
2266 2184 2468 2239 Chri~ti
2520 2188 2776 2241 virtutem
2845 2190 3064 2245 abunde
3117 2194 3419 2261 possideat.
3458 2195 3572 2251 Hoc

1987 2284 2169 2328 autem
2203 2275 2311 2328 ritu
2352 2279 2408 2330 lit
2441 2277 2736 2332 ordinatio.
2774 2278 3091 2336 Patriareha
3128 2284 3363 2354 electus,
3407 2302 3575 2341 sanc-

1988 2366 2258 2420 tissimum
2297 2367 2610 2436 ingrediens
2639 2371 2904 2436 tribunal,
2942 2374 3132 2427 adorat
3178 2390 3390 2431 sacram
3426 2395 3454 2428 ιι
3478 2393 3575 2432 cn-

1989 2473 2106 2511 sam
2166 2465 2221 2512 et
2272 2459 2569 2515 osculatur.
2614 2461 2749 2515 Cum
2811 2479 2941 2518 vero
2990 2468 3297 2534 pervenerit
3347 2469 3414 2522 ad
3448 2487 3573 2540 gra—

1988 2550 2090 2605 dus
2131 2550 2298 2604 divini
2373 2553 2688 2622 synthroni,
2724 2564 2805 2609 ter
2840 2557 2905 2610 ad
2955 2559 3219 2613 orientem
3277 2561 3488 2627 adorat,
3519 2574 3574 2617 et

1989 2651 2184 2696 vestes.
2229 2644 2569 2712 episcopales
2629 2647 2897 2702 induitur.
2962 2650 3338 2706 Ecclesiastici
3389 2667 3569 2707 autem

1984 2730 2227 2798 diaconi,
2289 2735 2432 2789 sicut
2463 2737 2641 2808 angeli
2677 2754 2874 2793 sacras
2939 2741 3109 2797 stolas
3188 2745 3305 2798 sive
3356 2747 3571 2800 tunicas

1989 2824 2186 2888 induti,
2224 2827 2659 2884 benedictionem
2696 2833 2932 2900 primum
2971 2835 3040 2887 ab
3080 2850 3146 2890 eo
3177 2838 3478 2904 accipiunt,
3513 2849 3570 2893 et

1988 2919 2033 2969 ci
2069 2917 2148 2971 sic
2193 2919 2529 2976 ministrant.
2595 2922 2848 2994 Episcopi
2897 2936 3078 2980 autent
3135 2945 3258 2982 cum
3322 2934 3570 3002 mandyis

1999 3010 2114 3063 sive
2178 3012 2354 3082 longis
2425 3014 2604 3082 palliis
2656 3025 2805 3070 stmt
2856 3028 3090 3073 tantum.
3144 3023 3343 3077 Omnes
3407 3024 3572 3092 igitur

310 3128 418 3167 νον.
451 3110 636 3162 Πάντα
659 3108 752 3161 οὖν
783 3109 1146 3176 ἐνδυσάμενος
1173 3108 1242 3161 τὰ
1271 3109 1655 3177 ἀρχιερατικὰ,
1693 3110 1882 3179 στιχά-

1990 3103 2383 3159 archieraticas
2427 3117 2602 3161 vestes
2661 3108 2909 3169 indutus.
2968 3112 3289 3182 sticharium
3337 3116 3571 3170 undulao

310 3219 428 3274 ριον
454 3201 596 3270 μετὰ
627 3199 915 3270 ποταμῶν,
951 3200 1038 3253 διὰ
1065 3200 1124 3251 τὸ
1155 3200 1320 3265 ἁγνόν
1378 3216 1436 3250 τε
1473 3202 1567 3252 καὶ
1597 3201 1695 3268 τὴν
1729 3199 1878 3252 διδα-

309 3292 556 3360 σκαλίαν,
609 3291 698 3344 διὰ
723 3290 824 3358 τὴν
855 3290 1062 3344 ἄνωθεν
1107 3289 1270 3358 χάριν
1327 3288 1738 3358 ἐπιτραχήλιον,
1786 3293 1881 3343 καὶ

308 3385 486 3455 ζώνην
541 3385 634 3438 καὶ
685 3384 1029 3450 ὲπιγονάτιον
1077 3381 1168 3434 διὰ
1217 3381 1316 3450 τὴν
1372 3381 1728 3450 σωφροσύνην
1787 3383 1882 3433 καὶ

312 3476 469 3547 ἰσχὺν
505 3475 648 3528 κατὰ
694 3475 930 3529 θανάτου
966 3473 1062 3525 καὶ
1106 3473 1289 3542 νίκην,
1323 3473 1632 3540 ὲπιμάνικά
1665 3491 1722 3524 τε
1789 3478 1883 3526 καὶ

311 3569 513 3623 σάκκον
545 3567 634 3620 διὰ
679 3566 778 3636 τὴν
832 3566 985 3619 θείαν
1026 3565 1313 3634 ἐνέργειαν
1354 3563 1448 3616 καὶ
1499 3563 1600 3632 τὴν
1655 3563 1742 3615 διὰ
1787 3564 1880 3616 τοῦ

313 3657 515 3722 πάθοιλς
544 3655 872 3726 ἀφθαρσίαν,
900 3655 1213 3724 ὠμοφόριον
1244 3653 1403 3722 μόνον
1443 3653 1505 3706 οὐ
1551 3653 1882 3722 περιϐάλλε-

313 3763 431 3803 ται·
462 3747 620 3802 τοῦτο
663 3747 773 3818 γὰρ
808 3745 1305 3823 ῖδιονιὲπισκόπου.

859 3903 1111 4000 unum.
1163 3946 1322 3999 man

312 4063 434 4119 ὀτι
461 4064 559 4120 καὶ
603 4068 635 4119 ὁ
661 4063 1032 4133 πατριάρχης
1077 4065 1196 4119 ὑπὸ
1228 4065 1370 4130 τοὺς
1416 4067 1682 4131 κανόνας
1709 4067 1879 4121 ἐστί·

379 4136 477 4190 καὶ
524 4134 765 4204 μέλλων
791 4135 1261 4204 χειροτονεῖσθαι
1305 4135 1646 4202 ἐπίσκοπος
1675 4137 1884 4191 δίδωσι

377 4205 492 4274 τὴν
521 4202 848 4275 ὁμολογίαν
883 4203 1070 4257 αὐτοῦ
1102 4202 1177 4271 τῇ
1220 4205 1579 4273 Ἐκκλησία.

378 4299 536 4352 Μετὰ
569 4297 666 4352 τοῦ
725 4297 932 4350 σάκκου
989 4291 1082 4349 οὖν
1131 4297 1282 4363 στάς,
1332 4299 1551 4360 δεικνὺς
1599 4297 1675 4360 ὡς
1731 4296 1887 4352 οὔπω

308 4388 609 4448 ἐπίσκοπος
647 4385 865 4439 πάντων
928 4385 1239 4453 ἱσταμένων
1278 4387 1583 4456 ἀρχιερέων
1625 4387 1720 4438 καὶ
1755 4388 1886 4457 κλη-

1989 3201 2098 3247 tum
2130 3205 2351 3263 propter
2376 3197 2667 3266 puritatem
2693 3207 2749 3253 et
2787 3203 3115 3271 doctrinam,
3156 3205 3570 3272 cpitrachelium

1987 3286 2101 3341 sive
2132 3287 2326 3341 stolam
2361 3290 2782 3357 sacerdotalem,
2815 3303 2868 3347 et
2921 3310 3114 3350 zonam
3164 3309 3389 3368 propter
3443 3317 3572 3368 gra-

1991 3380 2116 3430 tiam
2155 3392 2393 3445 superne
2457 3382 2787 3447 venientem,
2867 3390 3264 3457 supcrgcnuale
3347 3405 3572 3463 pr0pter

1990 3471 2398 3538 temperantiam
2468 3483 2523 3526 et
2595 3475 2972 3532 fortitudinem
3049 3492 3240 3536 contra
3313 3495 3568 3553 mortem,

1987 3558 2164 3626 deque
2194 3576 2257 3614 ea
2312 3562 2619 3630 victoriam,
2662 3571 3116 3634 supermanicalia
3179 3588 3305 3629 vero
3335 3585 3389 3632 et
3444 3594 3568 3633 sac-

1987 3666 2112 3704 cum
2154 3664 2377 3720 propter
2413 3656 2654 3710 divinant
2709 3660 2990 3727 virtutem,
3037 3674 3090 3717 et
3127 3679 3224 3733 per
3279 3670 3568 3736 passiones

1989 3745 2482 3813 immortalitatem,
2545 3751 2718 3805 solum
2766 3762 2852 3809 est
2904 3756 3126 3825 pallium
3163 3775 3272 3828 quo
3310 3776 3421 3817 non
3478 3764 3566 3819 in-

1989 3837 2212 3906 duitur;
2255 3848 2338 3894 est
2372 3842 2517 3896 enim
2567 3845 2810 3914 episcopi
2872 3850 3173 3918 proprium.

2478 3957 2706 4014 CAPUT
2745 3959 3071 4018 CCXXXIV.

1991 4069 2358 4152 Patriarcham
2422 4077 2894 4153 quoque_subesse
2960 4080 3272 4153 canonibus,
3319 4091 3474 4153 atque
3519 4087 3568 4140 si

2060 4144 2330 4218 episcopus
2357 4212 2367 4218 ῃ
2396 4144 2726 4218 ordinandus
2786 4158 2862 4200 est
2892 4190 2908 4213 ,
2959 4144 3346 4218 confession—em
3386 4144 3568 4209 'suam

2062 4214 2214 4265 edere
2241 4212 2514 4266 Ecclesiae.

2064 4303 2229 4359 Stans
2255 4305 2421 4376 igitur
2460 4322 2583 4360 cum
2628 4322 2810 4373 sacco,
2845 4318 2901 4365 et
2953 4311 3056 4367 hoc
3099 4313 3288 4368 habitu
3335 4315 3567 4372 demon-

1993 4407 2174 4452 strans
2205 4414 2265 4453 se
2296 4399 2536 4452 nondum
2564 4415 2688 4455 esse
2727 4402 3071 4473 episcopum,
3117 4405 3390 4463 stantibus
3430 4425 3567 4477 quo—
3636 4470 3638 4473 ,

311 4479 482 4552 ρικῶν
508 4479 577 4532 τὰ
605 4478 698 4532 τοῦ
731 4478 955 4540 κανόνος
984 4477 1248 4546 ἐκπληροῖ
1274 4493 1287 4505 ·
1338 4479 1433 4529 καὶ
1461 4480 1560 4545 τὴν
1594 4478 1884 4546 ὁμολογίαν

1995 4503 2100 4558 que
2123 4487 2380 4541 omnibus
2415 4487 2692 4557 episcopis
2722 4498 2775 4541 et
2804 4490 3039 4554 clericis,
3068 4492 3161 4561 qui
3193 4505 3493 4564 supersunt
3535 4512 3568 4552 e

309 4572 476 4626 αὐτοῦ
506 4571 738 4626 ἐνώπιον
791 4570 941 4638 λέγει
983 4570 1221 4634 πάντων,
1252 4569 1349 4638 την
1387 4569 1572 4620 πίστιν
1601 4570 1765 4638 ὀρθὴν
1810 4569 1887 4622 δι-

306 4663 455 4728 δοὺς,
488 4663 560 4726 ὡς
595 4663 770 4730 δῶρον
800 4662 900 4730 τῆς
954 4658 1315 4728 νυμφεύσεως
1367 4659 1629 4726 καθαρόν.
1691 4658 1751 4714 ’0
1786 4661 1886 4729 μὲν

289 4756 418 4825 ,γὰρ
451 4754 740 4824 ἀρχιερεὺς
771 4755 849 4817 είς
880 4753 1229 4822 πατριάρχην
1269 4752 1720 4821 μετατιθέμενος,
1761 4753 1885 4814 δοὺς

308 4846 546 4919 ἐξαρχῆς
573 4849 673 4918 τὴν
707 4846 1000 4916 ὁμολογίαν
1054 4849 1112 4897 ἐν
1163 4844 1240 4913 τῷ
1297 4845 1754 4914 χειροτονεῖσθαι,
1785 4847 1884 4899 οὐκ

311 4939 424 5010 ἔχει
481 4941 670 5010 χρείαν
715 4935 867 5002 αὖθις
919 4939 1101 5007 λέγειν
1134 4938 1347 5006 αὑτήν·
1385 4931 1545 5000 οὗτος
1601 4938 1656 4991 δὲ
1715 4939 1884 5009 μήπω

309 5032 606 5093 ἐπίσκοπος
637 5031 901 5099 γεγονὼς,
934 5030 1155 5101 ἀνάγκη
1187 5029 1396 5098 ταύτην
1429 5029 1612 5082 δοῦναι
1645 5029 1752 5101 πρὸ
1784 5033 1883 5102 τῆς

307 5126 646 5196 χειροτονίας
673 5126 738 5194 τῇ
779 5123 1106 5194 Ἐκκλησία,
1163 5122 1260 5176 καὶ
1291 5123 1440 5184 ἐντὸς
1490 5121 1699 5190 ταύτην
1729 5122 1882 5189 λέγει

306 5217 402 5271 τοῦ
445 5217 710 5287 βήματος,
750 5217 824 5280 ὡς
848 5219 1069 5272 πάντων
1099 5215 1208 5268 τῶν
1260 5217 1318 5268 ἐν
1347 5214 1423 5282 τῷ
1461 5213 1666 5284 βήματι
1698 5214 1884 5284 ἄρχων

306 5312 367 5362 ἐν
396 5309 678 5379 Πνεύματι
735 5307 1135 5376 καθιστάμενος
1184 5307 1280 5360 καὶ
1338 5307 1553 5376 Πατήρ.
1612 5305 1792 5371 Αὐτὴν
1824 5307 1881 5358 δὲ

305 5399 456 5468 λέγει
479 5399 546 5469 ἢν
572 5398 666 5450 καὶ
691 5397 892 5460 πάντες
924 5401 972 5450 οἱ
993 5397 1295 5467 ὑποψήφιοι
1325 5398 1610 5468 ἀρχιερεῖς
1637 5398 1881 5465 λέγουσι,

308 5494 478 5564 χωρὶς
513 5493 674 5562 μόνον
695 5492 788 5545 τοῦ
814 5491 1220 5545 ὑποτάσσεσθαι
1246 5490 1324 5560 τῷ
1352 5490 1690 5562 πατριάρχῃ.
1729 5491 1884 5543 Ἐπεὶ

282 5587 418 5655 ’γάρ
450 5586 612 5648 αὐτὸς
657 5586 1007 5656 πατριάρχης
1063 5582 1544 5654 χειροτονούμενος
1602 5584 1744 5646 ἐστι,
1773 5583 1882 5635 τίνι

309 5675 733 5747 ὑποταγήσεται,
778 5674 958 5746 ἀλλ’ἢ
1016 5677 1128 5737 τοῖς
1181 5675 1374 5726 κανόσι
1427 5676 1522 5726 καὶ
1565 5675 1748 5742 μόνον,
1789 5673 1883 5736 οὓς

308 5767 403 5819 καὶ
431 5765 685 5836 ὁμολογεῖ
733 5765 1064 5834 quidnam;
1101 5763 1214 5833 Τῆς
1248 5765 1544 5834 ὁμολογίας
1577 5764 1671 5821 οὖν
1730 5767 1879 5820 τελε-

1991 4594 2202 4634 canone
2268 4579 2530 4648 complet,
2569 4592 2626 4634 et
2678 4582 3088 4637 confessionem
3155 4599 3314 4640 suam
3377 4603 3564 4643 coram

1989 4672 2248 4727 omnibus
2289 4673 2506 4734 recitat,
2541 4683 2744 4727 rectam
2773 4673 2933 4749 iidem
2959 4685 3020 4730 ut
3047 4692 3240 4745 purum
3271 4681 3561 4749 desponsa-

1992 4764 2155 4818 tionis
2183 4777 2296 4817 sua:
2323 4763 2527 4817 donum
2560 4748 2863 4832 exponens.
2904 4765 3006 4831 Qui
3042 4767 3336 4836 episcopus
3367 4773 3435 4823 ad
3473 4787 3567 4838 pa-

1989 4855 2348 4909 triarchalum
2382 4855 2733 4918 transfertur,
2768 4857 2858 4922 qui
2893 4857 3298 4911 confessionem
3320 4860 3387 4912 ab
3409 4861 3567 4915 initio

1988 4943 2137 4997 dedit
2167 4958 2290 4997 cum
2346 4925 2722 5007 ordinaretur,
2757 4957 2864 4996 non
2901 4957 3044 5011 opus
3097 4944 3260 4998 habet
3297 4961 3418 5000 eam
3467 4949 3565 5003 ite-

1989 5046 2108 5085 rum
2135 5031 2403 5100 prolerre.
2434 5030 2541 5086 Sed
2573 5047 2699 5087 cum
2732 5031 2978 5085 nondum
3013 5029 3191 5086 factus
3213 5044 3298 5089 est
3347 5041 3565 5106 epist-o-

1987 5139 2112 5193 pus,
2144 5138 2370 5179 necesse
2412 5132 2498 5179 est
2533 5133 2594 5179 ut
2639 5134 2766 5178 ante
2813 5123 3215 5179 ordinationem
3259 5143 3414 5182 suam
3440 5131 3565 5187 edat

1987 5221 2134 5276 illam
2167 5221 2218 5274 in
2253 5219 2516 5285 Ecclesia,
2539 5229 2592 5274 et
2628 5220 2769 5274 intra
2805 5223 3204 5286 sanctum-ium,
3230 5231 3289 5276 ut
3317 5225 3564 5279 omnium

1988 5311 2081 5382 qui
2106 5321 2234 5365 sunt
2263 5312 2315 5364 iu
2347 5311 2665 5365 sanctuario
2689 5311 2948 5381 princeps
2975 5321 3030 5367 et
3060 5312 3224 5368 Pater
3261 5330 3356 5384 per
3385 5317 3566 5387 Spiri-

1989 5411 2099 5456 tum
2137 5405 2490 5457 coustitutus.
2551 5404 2805 5457 Eamdem
2855 5414 3035 5459 autem
3077 5405 3192 5460 edit
3247 5423 3410 5476 quam
3448 5424 3565 5462 om-

1987 5510 2087 5549 nes
2117 5495 2274 5550 electi
2311 5497 2556 5564 episcopi
2585 5497 2747 5550 edere
2774 5497 2952 5551 solent
2981 5515 2997 5565 ;
3046 5512 3112 5552 eo
3135 5498 3312 5552 solum
3336 5509 3563 5568 excepto

1987 5586 2133 5656 quod
2169 5586 2565 5654 subiectionem
2598 5589 2925 5658 patriarchae
2951 5605 3056 5643 non
3092 5591 3359 5659 promittit
3389 5608 3404 5656 ;
3437 5607 3560 5645 cum

1986 5680 2130 5733 enim
2166 5678 2218 5734 in
2253 5681 2618 5749 patriarcham
2652 5682 2957 5749 ordinetur,
2980 5683 3064 5737 cui
3087 5682 3429 5749 subjicietur,
3457 5683 3560 5738 nisi

1987 5770 2160 5825 solum
2214 5773 2520 5831 canonibus
2552 5789 2694 5846 quos
2735 5776 3033 5830 conlltetur
3073 5789 3132 5830 se
3172 5777 3562 5832 servaturum?
