4078 6428
532 341 635 406 4'31
1289 334 1673 399 SYMEONIS
1704 331 2480 431 THESSALONICENSIS
2518 330 2892 392 ARCHIEP.
3697 330 3812 393 452

534 462 699 517 Facta
730 458 897 529 igitur
921 455 1273 515 confessione
1309 456 1534 527 propria
1566 470 1731 510 manu
1784 454 1994 523 scripta
2065 462 2119 510 et

2233 452 2448 525 τθείσης
2481 452 2623 523 μετὰ
2653 451 2754 520 τῆς
2777 447 3137 520 οἰκειοχείρου
3190 449 3510 520 ἐπιγραφῆς
3539 448 3633 503 καὶ
3665 450 3809 504 ὕπο-

534 552 846 622 subscripta
880 590 896 616 ,
949 549 1191 620 episcopi
1230 554 1312 620 gut
1370 555 1647 603 testentur
1709 546 2112 617 subiectionem

2233 547 2466 619 γραφῆς,
2500 545 2550 597 οἰ
2588 543 2870 614 ἀρχιερεῖς
2934 540 3309 613 προσκυνοῦσι
3340 542 3431 596 διὰ
3458 543 3561 616 τὴν
3597 544 3809 598 ὑποτα-

532 661 714 708 suam,
768 658 893 698 eum
955 644 1210 705 adorant,
1290 641 1552 710 quoniam
1605 639 1814 710 Magnae
1869 640 2116 695 ecclesiae

2233 640 2348 708 τὴν,
2379 639 2463 691 ὅτι
2500 638 2763 707 μνήστωρ
2793 634 2894 703 τῆς
2919 635 3182 705 Μεγάλης
3223 635 3524 704 ἐκκλησίας
3563 635 3802 703 ἐγένετο.

532 752 776 808 sponsus
817 736 998 791 factus
1037 746 1122 789 est
1153 753 1168 802 ;
1202 743 1366 803 atque
1401 734 1469 787 ab
1495 747 1560 788 eo
1600 732 1873 787 benedicti
1908 732 1962 785 in
1997 731 2114 785 loca

532 836 797 894 consueta
829 834 987 881 extra
1021 825 1264 881 tribunal
1292 828 1579 890 secedunt,
1606 834 1659 878 et
1680 832 1862 878 vestes
1902 822 2120 891 episco-

532 924 684 992 pales
715 920 952 974 induunt
985 934 1198 974 omnes.
1232 916 1545 992 Presbyteri
1593 929 1811 987 quoque
1858 913 2117 967 benedic-

534 1016 740 1069 tionem
771 1015 839 1067 ab
868 1029 932 1067 eo
964 1012 1259 1081 accipiunt.
1288 1010 1422 1065 Cum
1471 1017 1654 1063 autem
1715 1006 1806 1076 qui
1841 1005 2115 1060 secundas

533 1108 676 1161 inter
703 1107 1052 1175 presbyteros
1087 1105 1218 1172 agit,
1241 1103 1575 1158 oblationem
1620 1099 1687 1154 de
1718 1114 1871 1153 more
1901 1097 2115 1157 fecerit,

532 1200 701 1253 missa
744 1200 1057 1251 inchoatur.
1090 1196 1277 1248 Primo
1324 1191 1558 1246 introitu
1614 1190 1765 1247 facto
1812 1189 2032 1245 diaconi
2064 1196 2119 1242 et

530 1291 835 1359 presbyteri
864 1305 959 1358 per
991 1286 1256 1357 templum
1316 1286 1681 1355 egrediuntur
1701 1323 1718 1349 ,
1749 1289 1806 1337 et
1862 1281 2117 1335 oratione

530 1381 785 1435 introitus
811 1381 1102 1448 completa,
1126 1378 1239 1432 bini
1271 1377 1343 1431 de
1366 1392 1522 1432 more
1542 1376 1600 1431 in
1633 1372 2010 1431 sanctuarium
2035 1373 2119 1427 in-

530 1472 871 1541 grediuntur.

1024 1646 1255 1703 CAPUT
1305 1645 1617 1703 CCXXXV.

533 1763 688 1829 Quod
747 1760 980 1828 episcopi
1018 1759 1232 1828 quando
1268 1758 1588 1828 patriarcha
1637 1757 1972 1829 ordinandus
2014 1770 2113 1817 cst,

608 1834 860 1894 templum
918 1827 1035 1882 non
1069 1845 1162 1897 per
1201 1827 1435 1882 mediam
1481 1838 1714 1898 portam,
1744 1828 1832 1882 sed
1874 1845 1905 1880 a
1955 1827 2120 1880 latere

610 1902 844 1971 (dextra)
886 1900 1289 1970 ingrediuntur.

605 2014 860 2083 Episcopi
885 2029 1013 2066 vero
1040 2029 1068 2067 a
1088 2012 1539 2083 ebartopbylace,
1563 2019 1619 2067 et
1644 2012 1820 2081 iisfqui
1843 2027 1967 2065 cum
2003 2014 2123 2081 ipso

535 2115 685 2170 sum,
713 2104 1075 2166 advocamur,
1113 2104 1290 2173 iisque
1319 2104 1711 2172 prmeuntibus
1735 2119 1764 2156 a
1799 2103 2040 2157 dexteris
2072 2112 2126 2157 et

535 2197 794 2262 sinistris,
833 2196 1213 2250 sanctuarium
1248 2195 1657 2263 ingrediuntur,
1709 2195 1934 2265 ὺὶιιίιιιιε
1995 2197 2125 2247 ado-

539 2297 721 2342 rantes
757 2286 1014 2351 electum,
1044 2295 1189 2340 stant
1214 2285 1518 2340 secundum
1536 2287 2124 2341 ordinem.Ccrcorum

536 2380 930 2434 distributione
960 2378 1128 2441 facta,
1152 2390 1205 2430 et
1240 2378 1613 2434 luminaribus
1646 2380 1896 2448 pluribus
1930 2395 2123 2434 acern-

538 2471 617 2525 sis
648 2470 699 2523 in
719 2470 1247 2524 demonstrationem
1302 2470 1521 2524 divinas
1552 2470 1979 2524 illuminationis
2008 2511 2023 2535 ,
2065 2480 2125 2525 ut

537 2562 740 2631 sapius
793 2561 1059 2623 diximus,
1117 2569 1171 2614 et
1206 2561 1474 2615 adventus
1528 2559 1770 2628 Spiritus
1797 2570 1851 2616 et
1884 2561 2124 2615 illustra-

538 2653 704 2707 tionis
743 2691 759 2717 ,
836 2651 1093 2705 maximae
1121 2665 1340 2719 quoque
1385 2660 1608 2720 propter
1657 2653 1761 2705 hoc
1826 2652 2123 2708 alaeritatis

537 2752 590 2797 et
623 2743 805 2815 gaudii
835 2745 889 2797 in
921 2742 1061 2798 cmlo
1090 2753 1143 2798 et
1180 2744 1233 2797 in
1268 2752 1436 2807 terra,
1471 2744 1678 2798 electus
1715 2760 1742 2797 a
1766 2744 1982 2799 duobus
2016 2745 2126 2814 pri-

540 2839 643 2892 mis
677 2838 949 2906 episcopis
977 2838 1104 2891 binc
1134 2837 1259 2891 inde
1289 2839 1613 2902 assumitur,
1641 2837 1821 2892 caueri
1874 2853 2004 2893 vero
2038 2854 2125 2893 se-

541 2928 932 2997 quuntur,sed
966 2927 1147 2981 clerici
1203 2942 1399 2981 omnes
1450 2927 1820 2993 antecedunt,
1885 2928 2125 2999 dumque

545 3014 817 3085 praeclare
848 3024 903 3069 et
924 3014 1215 3083 magniﬁce
1245 3020 1569 3068 decantatur
1595 3016 1850 3084 hymnus,
1890 3032 1908 3066 ι
1936 3014 2123 3070 Sancti

2220 731 2334 783 Kal
2388 729 2779 797 εῦλογούμενοι
2829 728 2964 799 παρ’
2994 726 3185 788 αὐτοῦ.
3242 728 3322 790 εἰς
3368 726 3495 788 τοῦς
3554 728 3808 798 συνήθεις

2224 822 2425 888 ἔξωθεν
2481 821 2574 874 τοῦ
2625 820 2872 890 βήματος
2930 819 3270 889 ἀπέρχονται
3330 819 3545 880 τόπους,
3587 820 3680 870 καὶ
3737 820 3808 870 τὰ

2220 911 2585 981 ἀρχιερατικὰ
2617 910 3012 980 ἀμφιέννυνται
3044 910 3282 963 ἅπαντα.
3326 907 3450 961 Τῶν
3499 909 3806 978 πρεσϐυτέ-

2224 1022 2335 1074 ρων
2358 1005 2413 1057 δὲ
2433 1004 2710 1057 λαϐόντων
2741 1003 2835 1055 καὶ
2851 1002 3044 1071 αὐτῶν
3076 1002 3334 1069 εὐλογίαν
3356 1000 3450 1053 τοῦ
3472 1000 3581 1054 τῶν
3617 1002 3807 1069 ἱερέων

2221 1114 2279 1149 τε
2307 1094 2718 1163 δευτερεύοντος
2753 1095 3125 1165 ποιησαμένου
3155 1094 3256 1161 τὴν
3297 1092 3694 1163 προσκομιδὴν,
3728 1092 3808 1155 ὡς

2221 1186 2366 1253 ἔθος,
2396 1188 2427 1255 ἡ
2460 1185 2779 1254 λειτουργία
2805 1185 3060 1257 ἄρχεται.
3083 1185 3194 1238 Καὶ
3214 1185 3314 1253 τῆς
3337 1182 3566 1253 πρώτης
3594 1182 3809 1237 εἰσόδου

2221 1277 2540 1348 γινομένης,
2567 1278 2617 1329 οἱ
2652 1277 2752 1347 μὲν
2786 1276 3025 1329 διάκονοι
3076 1276 3171 1329 καὶ
3204 1275 3372 1341 ἰερεῖς
3416 1275 3508 1328 διὰ
3548 1274 3642 1327 τοῦ
3672 1274 3807 1328 ναοῦ

2226 1371 2540 1437 ὲξελθόντες
2569 1371 2665 1423 καὶ
2696 1368 2796 1439 τὴν
2826 1369 2991 1440 εὐχὴν
3020 1369 3408 1430 ἐκτελέσαντες
3440 1370 3537 1438 τῆς
3566 1369 3802 1434 εἰσόδου,

2224 1464 2470 1533 συνήθως
2519 1462 2663 1516 κατὰ
2710 1461 2977 1529 συζυγίαν
3033 1461 3115 1525 εἰς
3164 1462 3226 1513 τὸ
3258 1460 3406 1515 θεῖον
3438 1460 3591 1531 βῆμα
3624 1460 3808 1531 εἰσέρι

2223 1576 2431 1629 χονται.

2769 1646 3023 1700 ΚΕΦΑΛ.
3056 1646 3221 1700 ΣΛΕ’.

2226 1766 2355 1817 Ὅτι
2394 1764 2506 1816 οὐκ
2528 1763 2915 1815 εἰσοδεύουσι
2942 1760 3160 1829 μέσον,
3215 1761 3519 1829 πατριάρχ.
3548 1780 3585 1796 α·
3618 1777 3809 1831 ἵειρο-

2298 1834 2674 1901 τοι-ουμένου
2708 1837 2758 1885 ol
2788 1832 3085 1900 ἀρχιερεῖς
3113 1848 3128 1865 ·
3163 1831 3325 1886 ἀλλὰ
3352 1832 3454 1886 διὰ
3514 1848 3619 1900 τιμ,
3653 1837 3812 1886 πλα-

2295 1904 2433 1971 γίας
2462 1902 2863 1971 εἰσέρχονται.
3378 1945 3387 1953 .

2298 2019 2362 2070 Οἱ
2392 2018 2670 2087 ἀρχιερεῖς
2706 2016 2762 2067 δὲ
2798 2015 2946 2085 παρᾶ
2977 2014 3072 2068 τοῦ
3115 2014 3535 2085 χαρτοφύλακος
3574 2016 3669 2068 καὶ
3699 2013 3813 2068 τῶν

2228 2109 2328 2163 σὺν
2365 2107 2510 2177 αὐτῷ
2545 2106 3024 2178 προσκαλούμενοι
3071 2109 3167 2158 καὶ
3201 2106 3815 2177 προοδηγούμενοι,διὰ

2227 2200 2326 2268 τῆς
2368 2200 2605 2267 πλαγίας
2650 2200 2749 2268 τῆς
2782 2200 2966 2264 δεξιᾶς
2994 2199 3340 2268 εἰσέρχονται
3397 2199 3461 2251 τὸ
3509 2199 3813 2269 θυσιαστή-

2232 2310 2369 2364 ριον.
2407 2294 2502 2347 καὶ
2538 2293 2975 2365 προσκυνοῦντες
2999 2293 3142 2345 κατὰ
3169 2289 3439 2361 συζυγίαν
3471 2290 3546 2361 τῷ
3574 2291 3652 2345 ἔτι
3681 2291 3817 2344 ύπο-

2225 2386 2438 2457 ψηφίῳ,
2480 2386 2728 2439 ἵστανται
2767 2386 2908 2439 κατὰ
2955 2386 3135 2451 τάξιν.
3174 2384 3518 2455 Κηροδοσίας
3544 2385 3600 2438 δὲ
3651 2400 3805 2453 γινο-

2232 2480 2427 2549 μένης,
2458 2480 2555 2533 καὶ
2589 2479 2787 2548 φώτων
2823 2477 3219 2547 ἁναπτομὲνων
3251 2477 3465 2531 πολλῶν
3497 2480 3577 2541 εἰς
3609 2477 3814 2544 δεῖγμα

2226 2572 2319 2624 τοῦ
2354 2571 2501 2625 θείου
2554 2570 2860 2641 φωτισμοῦ,
2890 2571 2965 2632 ὡς
2997 2570 3262 2634 πολλάκις
3291 2571 3622 2640 εἰρήκαμεν,
3655 2565 3821 2639 ι,Ὶῆ

2227 2668 2324 2718 καὶ
2367 2662 2809 2733 τῆςὲπιδημίας
2843 2661 2935 2715 τοῦ
2973 2661 3297 2731 ῐίνεύματος
3328 2661 3425 2715 xal
3471 2660 3816 2729 ἑλλάμψεως,

2228 2759 2324 2812 καὶ
2355 2759 2450 2828 τῆς
2485 2757 2747 2826 μεγίστης
2785 2757 2928 2826 ὑπὲρ
2958 2754 3150 2808 τούτου
3184 2756 3241 2807 ὲν
3266 2753 3343 2824 τῷ
3366 2752 3583 2822 οὐρανῷ
3616 2752 3710 2805 καὶ
3747 2752 3809 2803 ἐν

2227 2839 2299 2923 ill
2331 2851 2743 2920 λαμπρότητος.
2779 2850 2872 2902 καὶ
2913 2851 3111 2918 χαρᾶς,
3142 2849 3171 2902 ό
3206 2846 3515 2918 ὑποψήφιος
3549 2845 3655 2898 ὑπὸ
3700 2842 3818 2897 τῶν

2228 2944 2324 2997 δύο
2355 2942 2589 3012 πρώτων
2618 2940 2962 3009 ἑκατέρωθεν
3008 2940 3347 3009 λαμϐάνεται
3381 2938 3685 3009 ἀρχιερέων
3705 2951 3720 2966 ⁴
3763 2938 3819 2990 οἰ

2229 3035 2409 3087 λοιποὶ
2439 3035 2493 3086 δὲ
2527 3034 2753 3086 ἕπονται
2774 3034 2870 3086 καὶ
2901 3035 2948 3086 οἱ
2970 3032 3229 3104 κληρικοὶ
3258 3032 3466 3095 πάντες
3492 3031 3820 3101 πορεύονται

547 3116 874 3179 martyres,»
902 3115 984 3161 ter
1006 3108 1225 3161 ducitur
1242 3108 1439 3161 eborea
1467 3124 1529 3160 ex
1551 3107 1952 3162 consuetudine
1975 3109 2122 3163 circa

2235 3126 2568 3198 ἔμπροσθεν.
2605 3126 2714 3179 Kal
2768 3125 3042 3197 λαμπρῶς
3094 3124 3365 3195 ᾀδομένου
3409 3123 3537 3189 τοῦ,
3576 3139 3596 3173 ι
3632 3122 3820 3188 Ἅγιοι

547 3212 764 3252 sacram
809 3212 1057 3272 mensam
1096 3206 1320 3267 propter
1349 3197 1594 3252 ltetitiam
1618 3198 1915 3261 caelestem,
1941 3199 2125 3252 omni-

547 3291 671 3353 bus,
701 3290 818 3359 ipso
851 3306 1069 3359 quoque
1102 3295 1279 3345 electo
1303 3329 1318 3350 ,
1352 3290 1406 3343 in
1449 3302 1780 3357 unaquaque
1823 3291 2125 3345 cborea'ad

546 3396 756 3437 sacram
789 3397 1032 3437 mensam
1069 3385 1222 3435 velut
1252 3391 1380 3435 ante
1429 3379 1521 3434 Dei
1562 3380 1821 3434 thronum
1852 3394 1972 3435 sese
1994 3381 2128 3450 abji-

544 3473 821 3530 cientibus
869 3484 1034 3543 atque
1063 3474 1561 3546 prosternentibus.

1040 3697 1273 3753 CAPUT
1313 3695 1648 3753 CCXXXVI.

545 3812 623 3870 Ab
648 3814 1039 3887 archiepiscopo
1075 3810 1437 3887 Heracleetisi,
1487 3815 1534 3867 si
1562 3830 1797 3884 prmens
1827 3815 1922 3869 ille
1941 3815 2127 3887 fuerit,

613 3886 976 3957 patriam/iam
999 3884 1285 3957 ordinari.
1337 3882 1457 3951 Sin,
1496 3903 1525 3937 α
1548 3882 1722 3953 primo
1746 3882 1952 3957 quoqué
1989 3886 2130 3939 alio-

616 3972 735 4008 rum
773 3955 1317 4022 archiepiscoporum.

617 4045 714 4105 His
748 4045 1003 4116 peractis,
1030 4046 1239 4109 Statim,
1262 4046 1307 4101 si
1333 4047 1489 4102 adest
1508 4047 1785 4106 Heracleae
1814 4049 2129 4119 episcOpus,

546 4141 640 4196 ille
667 4154 787 4208 qua:
809 4140 876 4193 ad
916 4139 1247 4208 patriarcbm
1277 4140 1681 4196 ordinationem
1733 4148 2010 4211 spectant,
2035 4157 2133 4197 ex-

549 4235 831 4302 sequitur;
864 4247 930 4286 eo
958 4231 1131 4301 quod,
1153 4242 1211 4287 ut
1246 4233 1469 4299 dicitur,
1504 4234 1827 4304 Byzantium
1853 4250 1882 4287 a
1924 4234 2133 4291 Severo

549 4325 882 4393 imperatore
915 4322 1195 4380 Heraclea:
1225 4326 1473 4395 subjecta
1496 4325 1619 4391 fuit,
1643 4335 1697 4379 et
1722 4339 1894 4394 usque
1926 4327 1991 4380 ad
2022 4341 2134 4380 ma-

550 4431 718 4487 gnum
778 4414 1216 4473 Constantinum
1278 4419 1634 4488 episcopatus
1697 4417 1801 4473 fuit
1856 4418 2133 4474 ﬂcraclem

2234 3222 2534 3291 μάρτυρες,
2572 3239 2590 3271 ι
2622 3219 2867 3291 ἠχορεία
2890 3219 3102 3286 γίνεται
3144 3218 3363 3288 τρισσῆ,
3402 3215 3670 3269 κυκλόθεν
3715 3214 3821 3282 τῆς

2232 3312 2381 3374 θείας
2414 3309 2698 3382 τραπέζης
2745 3311 2891 3364 κατὰ
2922 3310 2985 3364 τὸ
3028 3309 3151 3371 ἔθος
3187 3308 3275 3362 διὰ
3327 3309 3427 3379 τὴν
3473 3306 3824 3377 εὐφροσύνην

2230 3406 2331 3475 τὴν
2365 3404 2701 3475 ἐπουράνιον
2755 3403 2900 3457 κατὰ
2935 3401 3181 3474 χορείαν,
3218 3398 3597 3472 προσκύνησιν
3656 3400 3715 3452 ὲν
3746 3398 3818 3469 τῇ

2234 3492 2356 3567 ἰερᾷ
2379 3497 2633 3567 τραπέζῃ
2666 3496 2742 3559 ὡς
2771 3497 2829 3549 ὲν
2855 3496 2935 3565 τῷ
2968 3495 3146 3564 θρόνῳ
3174 3493 3273 3547 τοῦ
3305 3491 3443 3546 Θεοῦ
3477 3488 3820 3561 ποιουμένων

2235 3590 2492 3644 ἁπάντων
2542 3590 2640 3642 καὶ
2671 3586 2768 3641 τοῦ
2800 3588 3143 3659 ύποψηφίου.
3616 3582 3619 3585 ’

2781 3701 3035 3755 ΚΕΦΑΛ.
3076 3699 3263 3767 ΣΑςν.

2236 3818 2365 3873 Ὀτι
2388 3820 2438 3872 εἰ
2463 3815 2580 3886 μὲν
2618 3816 2971 3884 Ἡρακλείας
3000 3816 3289 3886 πάρεστι,
3310 3813 3452 3886 παρ’
3479 3811 3670 3867 αὐτοῦ
3694 3829 3823 3886 xta:

2297 3879 2635 3956 ροτονῖεῖται
2673 3879 2705 3940 ὅ
2741 3879 3138 3954 πατριάρχηξι,
3182 3889 3234 3956 εἰ
3268 3885 3320 3938 δ’
3351 3879 3488 3947 οὖν,
3518 3879 3821 3951 παρὰτοῦ

2303 3954 2540 4026 πρώτου
2569 3959 2688 4012 τῶν
2719 3956 2929 4009 ἄλλων
2962 3954 3312 4024 ἀρχιερέων.

2306 4051 2417 4103 Kal
2474 4051 2640 4112 εὐθὺς
2674 4050 2725 4102 εἰ
2766 4049 2865 4119 μὲν
2918 4048 3253 4118 Ἡρακλείας
3307 4049 3455 4101 ἐστὶν
3501 4044 3817 4119 ἀρχιέρεῦς,

2234 4138 2389 4206 οὗτος
2417 4145 2486 4196 τὰ
2529 4143 2630 4212 τῆς
2661 4140 3003 4212 χειροτονίας
3034 4142 3254 4211 ἐνεργεῖ
3283 4143 3381 4194 τοῦ
3426 4143 3770 4212 πατριάρχου
3802 4156 3818 4171 ο

2237 4239 2383 4299 ἐπεὶ,
2417 4236 2491 4299 ὣς
2522 4253 2675 4303 φασι,
2706 4236 2766 4289 τὸ
2801 4234 3097 4299 Βυζάντιον
3127 4236 3236 4287 ἀπὸ
3280 4233 3524 4304 Σεϐήρου
3557 4234 3823 4305 βασιλέως

2237 4330 2342 4384 ὑπὸ
2373 4332 2471 4398 τὴν
2511 4327 2841 4398 Ἡράκλειαν
2892 4327 3110 4395 γέγονε,
3146 4328 3242 4381 καὶ
3275 4327 3550 4399 ὲπισκοπὴ
3600 4322 3670 4398 ἦν
3721 4325 3823 4387 τοῦ

2247 4420 2583 4492 Ἡρακλείας
2614 4419 2747 4491 ἄχρι
2796 4424 2889 4473 καὶ
2934 4418 3026 4472 τοῦ
3089 4418 3335 4488 μεγάλου
3378 4418 3822 4473 Κωνσταντίνου.

552 4509 840 4579 metropoli
881 4510 1205 4566 attributus.
1234 4510 1499 4565 Ascendit
1542 4510 1711 4581 igitur
1752 4525 1921 4578 super
1948 4509 2128 4579 crepi-

2247 4513 2518 4568 Ἀνελθὼν
2554 4511 2648 4566 οὖν
2677 4513 2770 4565 ἐπὶ
2794 4512 2891 4581 τῆς
2918 4513 3203 4583 κρηπῖδος,
3228 4510 3338 4565 τῶν
3362 4511 3664 4580 ἀρχιερέων
3688 4510 3827 4563 πάν-

552 4600 759 4665 dinem,
818 4601 1078 4657 omnibus
1137 4602 1413 4672 episcopis
1460 4602 1641 4670 ipsum
1690 4600 2012 4670 juvantibus
2075 4608 2131 4654 et

552 4695 1091 4762 contingentibus,ut
1118 4709 1458 4748 consensum
1488 4708 1652 4748 suum
1675 4692 1727 4747 in
1745 4691 1890 4746 illius
1915 4693 2133 4747 ordina-

552 4784 703 4838 tione
743 4788 1138 4851 dctnoostrent,
1169 4798 1333 4852 quam
1365 4783 1528 4839 simul
1561 4784 1923 4839 decreverunt
1946 4822 1960 4847 ,
1988 4784 2135 4839 ordi-

553 4873 797 4928 nandum
852 4889 1044 4929 omines
1076 4888 1299 4945 quoque
1355 4874 1521 4929 simul
1573 4874 1627 4928 in
1666 4874 1876 4945 Spiritu
1939 4885 2133 4930 sancto

553 4973 906 5019 consecrant.
940 4968 1099 5020 Httnc
1153 4967 1395 5034 primum
1426 4966 1493 5019 de
1526 4980 1682 5021 more
1738 4963 2017 5021 Heraclea:
2041 4981 2133 5020 ar-

551 5059 937 5128 chicpiscopus
963 5068 1046 5111 ter
1085 5072 1248 5110 cruce
1285 5057 1491 5127 signat,
1529 5057 1634 5112 hac
1673 5058 1888 5112 actione
1939 5058 2136 5128 primi-

554 5151 659 5204 tias
689 5149 1059 5203 ordinationis
1078 5147 1353 5204 delibans.
1391 5149 1447 5204 Si
1476 5165 1607 5205 vero
1629 5167 1738 5205 non
1771 5150 1925 5207 adest
1964 5153 2137 5206 Hera-

556 5243 694 5296 cleae.
733 5241 1207 5309 arcliiepiscOpus,
1267 5243 1475 5311 primus
1526 5260 1718 5299 eorum
1781 5247 1873 5315 qui
1935 5245 2139 5300 adsunt

557 5333 853 5401 episcopus
882 5333 1292 5388 ordinationem
1334 5351 1456 5391 cum
1493 5337 1617 5391 aliis
1651 5337 1802 5393 iacit.
1838 5338 2032 5393 Postea
2052 5353 2139 5392 or-

561 5423 805 5477 dinando
830 5439 1008 5494 genua
1036 5426 1304 5493 ﬂectenti,
1335 5428 1515 5485 fronte
1550 5444 1771 5500 quoque
1800 5438 1853 5485 et
1886 5430 2063 5498 capite
2084 5429 2139 5481 in

561 5529 770 5569 sacram
810 5532 1051 5572 mensam
1080 5519 1417 5575 incumbenti
1458 5538 1680 5577 manum
1734 5523 2002 5577 ordinans
2063 5520 2139 5574 illi

562 5608 817 5677 imponit,
843 5618 896 5664 et
928 5611 1111 5665 caeteri
1150 5612 1300 5666 illum
1336 5615 1680 5684 contingunt.
1726 5614 1969 5682 Denique
2024 5627 2145 5683 Quae

566 5710 696 5755 sunt
732 5703 789 5757 in
817 5703 900 5757 ala
933 5718 1029 5757 seu
1085 5703 1290 5773 Spiritu
1328 5706 1626 5775 descripta,
1686 5688 1819 5774 legit
1857 5704 2142 5770 ordinans,

561 5789 708 5849 istud
735 5808 952 5866 nempe,
997 5812 1015 5847 ι
1059 5794 1250 5851 Divina
1286 5797 1486 5867 gratia.
1528 5815 1550 5855 ι
1581 5795 1697 5852 lloc
1748 5795 1915 5863 facto,
1949 5811 2145 5853 secun-

2240 4625 2347 4661 των
2384 4605 2794 4677 συνεργούντων
2831 4603 2981 4672 αὐτῷ
3042 4604 3136 4658 καί⁵
3192 4603 3695 4672 συνεφαπτομὲνων
3744 4599 3825 4671 τῷ

2239 4698 2705 4768 χειροτονουμὲνῳ
2759 4709 2821 4746 τε
2886 4695 2982 4746 καὶ
3042 4693 3322 4761 ἀλλήλοις.
3375 4693 3689 4754 δεικνύντες
3747 4690 3827 4753 ὡς

2240 4788 2596 4858 συμφωνοῦσι
2629 4786 2853 4849 πάντες,
2888 4786 3012 4837 ἐπεὶ
3068 4787 3164 4838 zeal
3225 4784 3692 4853 συνεψηφίσαντο,
3730 4784 3825 4835 καὶ

2244 4878 2761 4950 συγχειροτονοῦσιν
2792 4875 2928 4945 ὁμοῦ
2965 4879 3021 4928 ὲν
3054 4877 3194 4943 ἁγίῳ
3245 4877 3534 4945 Πνεύματι
3580 4876 3671 4927 τὸν
3706 4890 3823 4944 χει-

2244 4972 2658 5043 ροτονούμενον,
2686 4966 2981 5039 σφραγίζει
3016 4967 3211 5020 τοῦτον
3248 4969 3275 5019 ὁ
3317 4965 3643 5036 Ἡρακλείας
3670 4962 3823 5033 πρῶ-

2238 5081 2330 5116 τον
2390 5062 2533 5116 κατὰ
2588 5063 2647 5115 τὸ
2687 5061 2807 5123 ἔθος
2855 5061 3001 5131 τρὶς,
3050 5060 3150 5127 τὴν
3200 5058 3460 5129 ἀπαρχὴν
3496 5056 3669 5110 ποιῶν
3715 5055 3821 5125 τῆς

2240 5156 2597 5228 χειροτονίας.
2630 5153 2695 5208 Εἰ
2744 5153 2801 5206 δὲ
2858 5154 2960 5206 οῦκ
3017 5153 3163 5205 ἔστιν
3230 5150 3587 5222 Ἡρακλείας,
3635 5148 3826 5219 ἕτερος

2241 5251 2538 5320 ἀρχιερεὺς
2568 5248 2677 5301 τῶν
2706 5246 2883 5301 ἄλλων
2913 5249 2940 5299 ὁ
2972 5245 3190 5316 πρῶτος
3226 5244 3325 5314 τὴν
3357 5243 3693 5314 χειροτονίαν
3727 5242 3823 5295 σὺν

2242 5345 2356 5399 τοῖς
2397 5342 2607 5403 λοιποῖς
2667 5341 2904 5409 ἐνεργεῖ.
2954 5333 3089 5395 Εἶτα
3142 5337 3427 5400 κλίναντος
3473 5337 3541 5388 τὰ
3600 5335 3824 5405 γόνατα,

2243 5434 2336 5486 καὶ
2370 5433 2464 5483 ἐπὶ
2495 5432 2592 5501 τῆς
2624 5431 2773 5494 θείας
2794 5431 3081 5501 τραπέζης
3113 5428 3173 5481 τὸ
3202 5429 3454 5498 μέτωπον
3484 5426 3703 5497 ἔχοντος
3727 5423 3824 5477 τοῦ

2244 5525 2728 5594 χειροτονουμὲνου
2762 5524 2858 5576 καὶ
2879 5521 2979 5593 τὴν
3002 5520 3251 5591 κεφαλὴν
3273 5519 3359 5572 ἐπ’
3381 5522 3519 5589 αὐτῇ
3544 5518 3640 5589 τὴν
3666 5518 3826 5587 χεῖρα

2245 5616 2465 5684 τίθησιν
2502 5616 2530 5666 ό
2557 5613 2905 5685 χειροτονῶν,
2946 5614 3039 5666 καὶ
3068 5615 3118 5666 οἰ
3147 5614 3328 5666 λοιποὶ
3365 5611 3825 5681 συνεφάπτονται.

2247 5706 2359 5759 Kal
2388 5705 2458 5757 τὰ
2488 5704 2583 5757 τοῦ
2625 5704 2828 5774 πτεροῦ
2858 5704 2980 5776 ἦτοι
3013 5703 3107 5757 τοῦ
3158 5702 3476 5772 Πνεύματος
3510 5704 3538 5754 ὁ
3586 5714 3826 5770 χειροτο-

2253 5792 2361 5850 νῶν
2399 5794 2797 5865 ἀναγινώσκει,
2825 5795 2911 5863 τὸ,
2941 5812 2959 5847 ι
3008 5794 3074 5851 Ἥ
3102 5793 3224 5849 θεία
3269 5793 3455 5865 χάρις.
3485 5809 3504 5844 ι
3542 5789 3653 5846 Kal
3685 5786 3825 5861 μετὰ
