4078 6420
500 307 608 371 455

1253 301 1649 365 SYMEONIS
1688 302 2459 369 THESSALONICENSIS
2500 307 2865 371 ARCHIEP.

3671 305 3782 369 456

499 419 800 487 semetipso
845 414 1087 486 suscepit
1112 454 1127 479 ,
1158 423 1215 470 et
1263 414 1694 482 demonstravit,
1734 425 1791 472 et
1822 418 2089 474 uniuscu-

2204 423 2321 494 τηρ,
2354 422 2538 487 καθὼς
2563 421 2795 496 ἔφημεν,
2822 421 3029 490 ἔδειξεν
3055 421 3112 476 ἐν
3140 419 3318 492 ἐαυτῷ
3350 438 3364 454 ·
3415 419 3513 475 καὶ
3546 419 3615 476 τά
3647 420 3782 476 ἑκά·

498 513 704 584 jusque
735 507 939 580 gradus
971 506 1214 561 officium
1249 523 1346 579 per
1386 508 1631 578 seipsum
1662 518 1961 567 exsecutus
1986 518 2091 575 est,

503 603 1036 676 fundamentumque
1096 603 1202 660 fuit
1271 611 1327 661 et
1379 603 1664 674 exemplar
1747 603 2090 673 primitivum

503 697 683 751 omnis
708 696 839 752 boni
875 714 985 767 quo
1015 696 1316 752 Ecclesiam
1346 712 1504 753 suam
1525 695 1770 752 donavit.
1809 695 1906 749 Est
1942 695 2088 749 enim

505 791 613 846 dux
645 803 697 847 et
729 793 990 862 princeps
1022 792 1145 844 vitae
1178 800 1232 845 et
1288 790 1483 845 salutis
1516 800 1719 844 nostrae
1743 828 1757 852 ,
1806 788 2095 860 mysterio-

505 899 626 937 rum
655 898 881 953 prmses,
910 892 963 936 et
996 880 1325 935 initiationis
1358 888 1640 951 operator,
1662 879 1952 948 perficiens
1977 878 2094 948 ipse

506 986 560 1030 et
596 977 875 1044 perfectus
909 991 923 1028 :
954 974 1071 1041 ipse
1106 974 1255 1027 solus
1305 983 1389 1028 est
1416 974 1693 1042 ipsissima
1744 970 2010 1042 perfectio
2040 978 2095 1025 et

506 1066 935 1121 consummatio.
988 1064 1466 1131 Quemadmodum
1505 1064 1673 1135 igitur
1711 1074 1844 1117 tunc
1884 1063 2093 1132 baptis-

508 1173 656 1212 mum
684 1167 739 1211 et
787 1157 1027 1213 chrisma
1065 1158 1307 1228 suscepit
1339 1164 1561 1227 propter
1594 1171 1718 1220 nos,
1745 1170 1869 1209 cum
1907 1154 2093 1223 bapti-

509 1261 667 1305 zatus
700 1250 967 1318 Spiritum
999 1248 1238 1320 desuper
1271 1249 1482 1318 accepit
1514 1248 1623 1303 :ita
1663 1263 1786 1316 quae
1814 1247 1881 1303 ad
1910 1262 2095 1302 sacer-

509 1343 720 1397 dotium
756 1343 1037 1413 pertinent
1068 1341 1372 1397 secundum
1398 1340 1575 1409 ipsius
1600 1340 1798 1410 gradus
1832 1351 2095 1406 operatus

511 1443 595 1489 est
626 1443 752 1488 ante
787 1434 1150 1501 baptismum,
1189 1443 1242 1489 et
1278 1441 1404 1503 post
1449 1432 1809 1502 baptismum.
1848 1429 2096 1488 Lcctoris

512 1525 696 1581 officio
733 1524 959 1580 functus
984 1532 1088 1591 est,
1123 1538 1247 1578 cum
1284 1538 1487 1577 annum
1512 1538 1677 1592 agens
1708 1522 2094 1577 duodecimum

511 1623 566 1678 iu
600 1622 781 1677 medio
815 1621 1107 1675 doctorum
1147 1617 1327 1682 sedit,
1364 1630 1461 1670 eos
1502 1615 1737 1670 audiens
1764 1625 1819 1669 et
1864 1614 2098 1669 interro-

511 1730 668 1785 gans.
702 1712 976 1768 Prmterea
1017 1711 1221 1781 popqu
1250 1708 1438 1779 legens
1474 1708 1527 1762 in
1569 1707 1751 1760 utedio
1784 1721 2094 1777 synagogm,

2197 532 2326 569 στου
2360 514 2574 587 βαθμοῦ
2629 516 2698 569 δι’
2755 515 2955 572 ἑαυτοῦ
2995 517 3271 586 ἐνήργησε
3313 530 3327 544 ·
3389 515 3489 571 καὶ
3530 512 3783 583 θεμέλιος

2194 599 2353 670 οὗτος
2370 607 2559 678 γέγονε
2598 612 2693 663 καὶ
2731 607 3040 678 ἀρχέτυπον
3077 604 3287 675 ἀγαθοῦ
3325 605 3525 668 παντὸς
3565 608 3631 676 τῇ
3660 606 3785 660 ἐαυ-

2195 701 2290 756 τοῦ
2318 703 2620 773 Ἐκκλησία
2659 720 2673 735 ·
2710 702 2791 756 ὅτι
2818 703 2912 755 καὶ
2944 702 3193 772 ἀρχηγὸς
3230 698 3330 769 τῆς
3364 698 3513 769 ζωῆς
3558 699 3654 752 καὶ
3683 700 3784 766 τῆς

2200 796 2478 866 σωτηρίας
2501 796 2655 866 ἡμῖν,
2705 794 2800 849 καὶ
2828 794 3168 862 τελετάρχης
3222 791 3323 844 καὶ
3374 790 3782 860 τελεσιουργὸς.

2196 885 2294 940 καὶ
2318 886 2488 939 τελῶν
2523 885 2614 938 καὶ
2635 884 2986 955 τελούμενος,
3020 888 3116 939 καὶ
3164 881 3573 951 ούτοτελειότης
3624 882 3783 951 μόνος

2198 979 2347 1033 ἐστίν
2382 997 2393 1009 ·
2424 980 2613 1048 ῶσπερ
2640 973 2735 1033 οὖν
2770 978 2829 1031 τό
2858 996 2917 1031 τε
2959 978 3251 1048 βάπτισμα
3292 977 3389 1030 καὶ
3442 973 3614 1043 μύρον
3667 973 3785 1025 ἐδέ-

2198 1071 2329 1137 ξατο
2361 1071 2428 1124 δι’
2461 1072 2606 1141 ἡμᾶς
2645 1072 2700 1123 ἐν
2727 1068 2804 1139 τῷ
2834 1069 3204 1139 βαπτισθῆναι
3256 1068 3316 1120 τὶ
3352 1065 3578 1135 Πνεῦμα
3626 1062 3784 1128 δεξά-

2203 1179 2363 1233 μενος
2402 1160 2634 1223 ἄνωθεν,
2666 1160 2854 1215 καὶτὰ
2880 1161 2979 1230 τῆς
3009 1158 3313 1227 ἱερωσύνης
3367 1155 3511 1210 κατά
3575 1154 3785 1224 βαθμὸν

2199 1252 2497 1322 ἐνήργησε,
2534 1250 2641 1320 πρὸ
2664 1248 2757 1303 τοῦ
2790 1248 3171 1319 βαπτίσματος
3217 1248 3313 1300 καὶ
3373 1247 3511 1316 μετά
3565 1246 3626 1298 τὸ
3689 1244 3784 1313 βά-

2200 1361 2415 1414 πτισμα
2438 1345 2505 1398 τά
2551 1343 2646 1395 τοῦ
2691 1342 3042 1411 ἀναγνώστου
3098 1340 3293 1404 ποιῶν,
3357 1339 3670 1409 καθήμενος
3727 1338 3787 1390 ἐν

2203 1435 2355 1505 μέσῳ
2409 1434 2521 1486 τῶν
2570 1433 2909 1489 διδασκάλων
2972 1432 3311 1500 δωδεκαέτης
3361 1447 3465 1482 που
3526 1428 3636 1494 ῶν,
3694 1430 3787 1482 καὶ

2199 1527 2415 1581 ἀκούων
2445 1525 2626 1580 αὐτῶν
2649 1528 2742 1580 καὶ
2779 1522 3075 1595 ἐπερωτῶν
3099 1523 3297 1586 αὐτούς
3337 1536 3351 1552 ⁸
3397 1523 3475 1576 ἐτι
3514 1521 3573 1574 δέ
3606 1522 3700 1574 καὶ
3727 1521 3788 1573 ἐν

2204 1619 2356 1687 μέσῳ
2390 1619 2717 1689 συναγωγῆς
2751 1620 3147 1686 ἀναγινώσκων
3178 1614 3257 1685 τῷ
3289 1615 3428 1685 λαῷ.
3491 1613 3569 1680 ὡς
3622 1615 3678 1666 ἐν
3710 1613 3787 1683 τῷ

2201 1710 2387 1782 Λουκᾷ
2414 1712 2751 1781 γέγραπται,
2783 1710 2867 1764 ὅτι
2909 1729 2928 1761 ι
2973 1710 3083 1764 Καὶ
3107 1709 3306 1776 ἀνέστη
3331 1707 3664 1777 ἀναγνῶσαι,
3690 1705 3788 1761 καὶ

512 1822 572 1864 ut
606 1806 745 1878 apud
779 1805 984 1859 Lucam
1036 1803 1308 1872 scriptum
1353 1810 1477 1857 est:
1517 1818 1535 1851 ι
1575 1800 1713 1867 Quia
1765 1799 2005 1855 surrexit
2040 1810 2099 1853 ut

2204 1801 2433 1871 ἐπεδόθη
2466 1802 2614 1872 αὐτῷ
2643 1802 2849 1874 βιϐλίον
2894 1803 3119 1856 Ἦσαῖου
3152 1800 3246 1855 τοῦ
3305 1803 3610 1873 προφήτου,
3642 1817 3663 1853 ι
3692 1800 3787 1852 καὶ

510 1901 739 1969 legeret,
759 1905 813 1951 et
840 1898 1004 1951 datus
1037 1902 1119 1949 est
1168 1894 1244 1947 ill:
1287 1891 1426 1947 liber
1456 1892 1611 1946 lsaize
1653 1890 1954 1961 prophetae,
1996 1910 2013 1941 ι
2045 1900 2100 1945 et

510 2008 633 2063 qum
666 1998 996 2058 sequuntur.
1026 1986 1157 2052 Qum
1197 1993 1378 2039 autem
1401 1992 1525 2038 sunt
1563 1983 1884 2039 subdiaconi
1916 1990 1970 2036 et
1988 1983 2100 2037 dia-

511 2085 635 2139 coni
665 2083 813 2147 fecit,
852 2096 978 2136 cum
1016 2077 1339 2148 parentibus
1364 2077 1647 2144 subjectus
1678 2083 1786 2137 est,
1814 2084 1865 2129 et
1895 2074 1962 2127 iis
1999 2074 2101 2127 mi-

511 2176 785 2239 nistratit,
814 2184 865 2229 et
900 2173 954 2226 in
984 2170 1073 2226 die
1121 2170 1259 2224 festo
1292 2183 1417 2223 cum
1463 2167 1531 2221 iis
1568 2166 1820 2221 ascendit
1856 2166 1911 2220 in
1950 2173 2093 2219 tem-

510 2270 709 2340 plum;
766 2282 892 2323 cum
916 2266 1082 2320 etiam
1139 2259 1544 2315 munmularios
1591 2275 1624 2313 e
1667 2257 1873 2328 templo
1916 2257 2097 2326 eiecit,

509 2364 657 2433 quod
694 2361 1166 2417 subdiaconorum
1201 2363 1306 2419 cst,
1337 2362 1390 2407 et
1421 2351 1710 2421 prohibuit
1750 2365 1817 2403 ne
1847 2349 1971 2419 quis
2011 2363 2101 2400 va-

509 2470 567 2510 sa
601 2453 654 2507 in
684 2451 943 2520 templum
975 2446 1232 2512 inferret,
1281 2454 1337 2498 et
1371 2442 1655 2512 preposita
1709 2456 1900 2493 mensa
1929 2439 2101 2494 disri‘

508 2547 757 2616 pulcrum
802 2543 967 2613 pedes
995 2538 1128 2593 lavit
1153 2550 1322 2605 seque
1349 2533 1663 2588 ministrum
1695 2531 1939 2587 vocavit.
1978 2529 2097 2585 Mu-

510 2634 641 2692 nera
691 2648 913 2705 quoque
971 2627 1287 2702 presbyteri
1332 2635 1385 2681 et
1419 2625 1662 2680 doctoris
1708 2622 1936 2693 peregit,
1972 2636 2097 2675 cum

509 2728 692 2782 statim
748 2736 872 2796 post
918 2724 1258 2793 baptismum
1285 2719 1521 2786 desuper
1549 2713 1821 2784 Spiritum
1860 2715 2095 2781 accepit,

511 2821 1000 2887 testituouimnque
1068 2813 1192 2868 Filii
1255 2811 1445 2866 dilecti
1490 2825 1517 2862 a
1573 2809 1733 2863 Patre
1775 2807 2095 2877 reportavit.

510 2917 798 2972 Perfectus
819 2910 966 2968 enim
1004 2921 1117 2963 tum
1150 2915 1266 2961 erat
1292 2920 1543 2974 corpore,
1578 2915 1842 2957 annorum
1876 2898 2103 2969 triginta

510 3011 784 3081 incipiens
807 3020 951 3067 esse,
985 3011 1046 3057 ut
1072 3003 1341 3070 scriptum
1368 3009 1472 3053 est.
1502 2997 1630 3051 ldeo
1656 2996 1843 3049 statim
1868 3007 2097 3062 agonem

514 3103 707 3164 subiit,
736 3098 1081 3168 jejuniisquc
1109 3104 1163 3146 et
1187 3091 1445 3161 precibus
1472 3087 1723 3149 vacavit,
1751 3095 1805 3142 et
1839 3084 2100 3140 tentatio-

511 3211 639 3253 nem
660 3203 745 3249 ter
762 3194 829 3246 ab
857 3188 1080 3244 inimico
1116 3200 1216 3241 suo
1246 3184 1469 3238 diabolo
1491 3195 1695 3253 passus
1720 3188 1825 3241 est,
1849 3177 2101 3232 tandem-

513 3300 621 3356 que
663 3297 792 3338 eum
864 3294 966 3351 pro
1018 3277 1180 3332 nobis
1228 3274 1359 3330 vicit
1421 3281 1476 3328 et
1534 3270 1774 3336 deiecit,
1835 3276 2098 3338 tropseum

513 3376 713 3432 erexit.
744 3368 1049 3441 discipulos
1078 3368 1249 3439 elegit
1280 3375 1334 3422 et
1359 3362 1684 3433 assumpsit,
1717 3361 2098 3431 paenitentiam

513 3467 853 3540 przcdicavit,
889 3472 943 3518 et
965 3462 1032 3518 ad
1057 3475 1179 3515 eam
1214 3459 1456 3521 vocavit,
1476 3455 1746 3526 signaque
1771 3453 1941 3508 multa
1974 3467 2102 3522 ope-

512 3572 670 3617 ratus
704 3566 809 3624 est,
838 3556 1052 3612 animas
1073 3553 1375 3624 prudenter
1406 3549 1571 3612 rexit,
1595 3556 1913 3618 peccatores
1946 3547 2012 3602 ad
2040 3561 2100 3601 se

512 3654 789 3711 convertit
850 3659 908 3706 et
947 3645 1282 3719 aggravavit,
1317 3656 1442 3715 quae
1462 3640 1646 3696 omnia
1682 3651 1815 3696 sunt
1840 3637 2101 3696 sacerdoo

512 3747 574 3804 tii
608 3760 860 3803 munera.

1005 3939 1234 3998 CAPUT
1272 3936 1615 3996 CCXXXIX.

513 4065 669 4134 Quod
726 4075 774 4119 et
832 4061 1080 4117 sacerdos
1140 4067 1189 4112 et
1233 4058 1420 4134 doctor
1468 4064 1518 4109 et
1563 4056 1817 4134 princeps
1848 4055 2101 4134 sacerdos

583 4151 696 4191 tum
745 4134 992 4190 Christus
1054 4128 1342 4182 secundum
1388 4128 1683 4181 humanam
1727 4131 1978 4178 naturam
2023 4130 2101 4174 est

585 4206 867 4261 ordinatus
897 4220 930 4256 a
958 4202 1138 4256 Patre.

583 4300 817 4366 Insuper
841 4295 1142 4350 maximum
1178 4290 1325 4347 aliud
1362 4287 1739 4346 testimonium
1769 4284 1919 4340 velut
1955 4282 2104 4339 ordi-

514 4390 797 4445 nationem
838 4386 1070 4456 accepit,
1099 4399 1226 4439 cum
1290 4381 1722 4452 transfiguratus
1747 4386 1834 4433 est
1879 4383 1933 4430 et
1964 4375 2103 4432 divi—

2202 1893 2272 1947 τὰ
2329 1896 2476 1965 ἐξῆς.
2541 1896 2624 1950 Τά
2687 1894 2785 1949 τοῦ
2830 1894 3187 1949 ύποδιακόνου
3248 1911 3307 1946 τε
3375 1893 3471 1946 καὶ
3536 1891 3787 1946 διακόνου

2203 1983 2533 2056 ἐνήργησεν,
2568 1986 3019 2051 ὑποτασσόμενος
3034 1988 3144 2049 τοῖς
3163 1986 3377 2055 γονεῦσι
3392 1986 3486 2040 καὶ
3514 1983 3789 2061 ἐξυπῃρεο

2201 2078 2465 2146 τούμενος
2524 2078 2732 2143 αὐτοῖς,
2767 2080 2864 2132 καὶ
2910 2079 3055 2134 κατά
3089 2078 3188 2150 τὴν
3219 2078 3414 2149 ἐορτὴν
3448 2080 3529 2142 είς
3555 2077 3614 2130 τὸ
3641 2077 3788 2146 ἱερὸν

2202 2166 2571 2237 ἀνερχόμενος
2605 2170 2704 2221 σῦν
2731 2170 2917 2233 αὐτοῖς
2948 2186 2962 2203 ·
2992 2169 3129 2223 ἀλλά
3173 2170 3268 2223 καὶ
3324 2169 3449 2233 τοὺς
3511 2169 3787 2236 Gnatam“,-

2201 2256 2329 2320 λους
2352 2257 2632 2312 ἐκϐάλλων
2658 2257 2751 2312 τοῦ
2787 2259 2959 2331 ἱεροῦ,
2991 2260 3018 2313 δ
3053 2259 3162 2312 τῶν
3210 2260 3583 2314 ύποδιακόνων
3641 2260 3784 2325 ἐστὶ,

2204 2350 2293 2402 καὶ
2329 2348 2560 2402 κωλύων
2593 2349 2684 2404 ἵνα
2716 2368 2769 2403 τι
2804 2351 3003 2415 σκεῦος
3029 2351 3118 2404 διὰ
3148 2352 3243 2405 τοῦ
3296 2350 3445 2421 ίεροῦ
3477 2354 3784 2422 εἰσενέγκῃ,

2203 2440 2298 2493 καὶ
2339 2440 2626 2511 προτιθεὶς
2651 2441 2933 2513 τράπεζαν
2959 2446 3055 2496 καὶ
3081 2443 3286 2495 νίπτιςν
3327 2443 3452 2505 τοὺς
3479 2442 3646 2504 πόδας
3677 2442 3790 2496 τῶν

2207 2533 2498 2605 μαθητῶν,
2558 2536 2652 2587 καὶ
2707 2533 2957 2588 διάκονον
3015 2534 3212 2588 ἐαυτὸν
3276 2533 3462 2588 καλῶν
3494 2549 3511 2565 ο
3580 2535 3640 2588 τὸ
3694 2535 3790 2587 τοῦ

2204 2626 2579 2698 πρεσϐυτέρου
2636 2626 2693 2680 δὲ
2738 2627 2834 2680 καὶ
2879 2627 3247 2690 διδασκάλου,
3308 2625 3471 2690 εὐθὺς
3539 2626 3680 2696 μετά
3729 2628 3791 2679 τδ

2206 2725 2495 2794 βάπτισμα
2538 2723 2750 2778 ἄνωθεν
2785 2724 3088 2793 λαμϐάνων
3138 2727 3198 2777 τὸ
3243 2724 3486 2793 Πνεῦμα,
3526 2726 3624 2779 καὶ
3682 2725 3791 2781 ὑπὸ

2203 2815 2297 2869 τοῦ
2334 2815 2550 2884 Πατρὸς
2580 2816 2704 2877 Υίὸς
2742 2816 3027 2886 ἀγαπητὸς
3053 2818 3505 2887 μαρτυρούμενος
3528 2834 3543 2843 “
3579 2818 3662 2871 ὅτι
3695 2819 3792 2873 καὶ

2204 2910 2409 2972 τέλειος
2439 2904 2506 2979 ἧν
2539 2908 2632 2960 τὸν
2663 2907 2757 2961 τοῦ
2807 2907 3069 2976 σώματος
3108 2909 3301 2979 χρόνον
3355 2909 3659 2977 τριάκοντα
3715 2909 3792 2964 ὢν

2205 3000 2345 3052 ἐτῶν
2379 2994 2703 3070 ἀρχόμενος,
2737 3001 2814 3066 ὡς
2844 3001 3182 3071 γέγραπται,
3214 3002 3303 3056 ὅτε
3335 3004 3430 3055 καὶ
3456 3002 3621 3066 εὐθὺς
3649 3002 3791 3074 πρὶς

2207 3092 2298 3145 τὸν
2349 3076 2548 3160 ’ἀγῶνα
2593 3093 2787 3159 ὑπέδυ,
2842 3095 2940 3147 καὶ
2984 3096 3265 3163 νηστείαις
3320 3095 3412 3148 καὶ
3462 3098 3791 3165 προσευχαῖς

2207 3184 2487 3254 ἐσχόλαζε,
2523 3187 2617 3243 καὶ
2654 3187 2966 3256 πειρασμὸν
3018 3187 3140 3257 τρὶς
3184 3186 3507 3256 ὑπενεγκὼν
3556 3188 3660 3241 ὑπὸ
3695 3186 3791 3240 τοῦ

2205 3276 2584 3345 ἀντικειμένου
2636 3276 2908 3343 διαϐόλου,
2966 3277 3257 3346 νενίκηκεν
3301 3278 3384 3341 είς
3435 3278 3588 3341 τέλος
3651 3277 3794 3347 ὑπὲρ

2205 3365 2384 3436 ἡμῶν,
2423 3367 2518 3420 καὶ
2545 3366 2707 3421 αὐτὸν
2736 3367 3141 3438 καταϐέϐληκε,
3190 3369 3287 3422 καὶ
3318 3368 3588 3439 τρόπαιον
3625 3369 3794 3439 ἔστης

2206 3473 2267 3510 σε
2300 3473 2314 3487 ο
2351 3461 2444 3511 καὶ
2511 3459 2759 3531 μαθητὰς
2810 3460 3179 3531 ἐκλεξάμενος
3242 3462 3634 3531 προσελάϐετο,
3700 3463 3796 3516 καὶ

2207 3550 2501 3622 μετάνοιαν
2554 3553 2817 3622 ἐκήρυξε,
2880 3556 2977 3608 καὶ
3008 3557 3145 3626 πρδς
3183 3558 3391 3623 ταύτην
3418 3555 3671 3622 ἐκάλεσε,
3700 3556 3797 3610 καὶ

2208 3643 2409 3713 σημεῖα
2437 3643 2609 3697 πολλά
2638 3646 3060 3714 κατειργάσατο.
3095 3647 3192 3700 καὶ
3229 3646 3551 3717 ᾠκονόμησε
3590 3646 3794 3717 ψυχάς,

2209 3734 2304 3787 καὶ
2349 3735 2773 3804 ἁμαρτάνοντας
2807 3735 3168 3806 ἐπιστρέψας,
3220 3737 3359 3810 πρὸς
3402 3737 3596 3793 ἑαυτὸν
3630 3754 3797 3811 συνη-

2206 3825 2433 3895 γάγετο.
2458 3827 2527 3880 Ἃ
2551 3827 2651 3897 τῆς
2685 3829 2990 3899 ἱερωσύνης
3016 3830 3187 3884 ἐστίν.

2744 3944 3043 3999 ΚΕΦΑΛΛ.
3091 3945 3256 4000 ΣΛΘ’.

2209 4059 2333 4132 Ὅτι
2362 4057 2708 4132 καί-ἱερεὺςῄ
2741 4058 2843 4132 καί
2868 4052 3245 4132 διδάσκαλος
3274 4061 3369 4115 καί
3424 4062 3738 4132 ἀρχιερεὺς
3764 4067 3798 4119 δ

2276 4128 2535 4203 Χριστὸς
2566 4130 2723 4203 κατὰ
2743 4129 2821 4203 ,τὸ
2875 4130 3260 4199 ἀνθρώπινον
3311 4128 3799 4203 κεχειροτόνηται

2276 4200 2395 4253 ὑπὸ
2424 4201 2533 4254 τοῦ
2553 4201 2805 4269 Πατρός.

2280 4281 2414 4340 Εἶτα
2447 4289 2541 4342 καὶ
2583 4289 2849 4361 μεγίστην
2881 4290 3049 4361 ἄλλην
3086 4293 3396 4364 μαρτυρίαι
3422 4289 3511 4349 οἵα
3552 4313 3798 4366 χειροτο-

2210 4376 2329 4430 νίαν
2360 4379 2603 4446 ἐδέξατο.
2640 4380 3185 4451 Μεταμορφωθέντος
3214 4387 3321 4455 γὰρ
3364 4388 3457 4440 καὶ
3510 4389 3609 4457 τὴν
3643 4388 3797 4443 θείαν

515 4496 640 4538 nam
672 4480 895 4535 deitatis
926 4494 1038 4534 sua:
1066 4477 1295 4548 gloriam
1330 4472 1654 4537 denudavit,
1719 4479 1800 4535 ut,
1835 4477 2100 4540 quantum

2214 4469 2382 4523 αὑτοῦ
2416 4474 2517 4537 τῆς
2549 4472 2805 4544 θεότητος
2828 4476 3379 4545 παραγυμνῶσαντος
3404 4478 3562 4545 δόξαν
3592 4480 3667 4544 ὡς
3702 4483 3798 4534 άν-

519 4574 841 4632 hominibus
887 4574 1034 4639 licet,
1101 4569 1546 4642 conspiceretur,
1603 4582 1809 4638 perque
1854 4567 2103 4622 divinum

516 4684 720 4739 corpus
750 4681 911 4721 suum
953 4664 1199 4733 fulgores
1239 4672 1297 4718 et
1333 4661 1550 4733 fulgura
1577 4662 1914 4726 eoruseavit,
1941 4672 2106 4729 appa-

514 4766 739 4832 ruitque
770 4769 831 4815 ut
852 4760 1028 4814 nubes
1055 4757 1278 4812 divinus
1299 4755 1566 4826 Spiritus,
1592 4753 1682 4808 ubi
1706 4752 1922 4808 medius
1947 4762 2064 4807 erat
2087 4768 2102 4819 ;

515 4868 569 4914 et
603 4872 705 4912 vox
738 4855 977 4923 desuper
1008 4866 1038 4905 a
1064 4849 1227 4904 Patre
1253 4848 1404 4903 venit
1431 4863 1447 4900 :
1485 4865 1503 4898 ι
1529 4844 1631 4901 llic
1654 4854 1739 4900 est
1763 4843 2106 4899 Filiusmeus

515 4950 752 5006 dilectus
774 4945 827 5000 in
858 4959 970 5015 quo
988 4941 1120 4996 mihi
1146 4938 1480 5009 eomplacui,
1500 4938 1679 5007 ipsum
1702 4936 1942 4990 audite.»
1966 4934 2104 4989 lllud

515 5050 698 5097 autem
718 5079 733 5103 ,
760 5055 780 5089 ι
808 5037 992 5107 Ipsum
1017 5031 1225 5096 audite,
1259 5028 1502 5100 igaliquid
1526 5037 1612 5084 est
1637 5027 1874 5099 amplius
1901 5027 2107 5097 baptiso

517 5142 662 5189 mate
691 5140 746 5188 et
801 5128 1159 5187 excellentius
1183 5167 1199 5189 ,
1252 5138 1491 5194 superna
1528 5136 1664 5177 voce
1716 5138 1837 5194 qua:
1879 5132 1995 5177 tum
2028 5122 2106 5179 fa-

516 5237 602 5280 cta
641 5235 748 5290 est,
770 5235 825 5281 et
851 5225 1068 5295 signum
1097 5228 1185 5274 est
1223 5216 1517 5273 sacerdotii
1572 5215 1908 5286 episcopalis
1944 5217 2107 5286 ;ipse

515 5317 662 5372 enim
692 5325 779 5371 est
803 5322 1044 5370 :eternus
1075 5307 1358 5365 sacerdos.
1382 5306 1489 5362 Sed
1508 5308 1623 5378 jam
1650 5307 1816 5363 Pater
1840 5307 1909 5362 de
1938 5321 2005 5361 eo
2029 5317 2107 5361 te-

518 5407 837 5463 stimonium
874 5402 1225 5476 perhibebat,
1269 5410 1324 5454 et
1364 5400 1513 5470 quod
1547 5399 1637 5455 ille
1668 5399 1951 5471 discipulis
1989 5397 2106 5454 suis

516 5499 755 5562 dicebat,
785 5515 805 5549 ι
838 5495 943 5562 Qui
973 5493 1126 5548 audit
1158 5508 1278 5559 vos,
1308 5507 1396 5547 me
1432 5493 1604 5557 audit,
1639 5510 1659 5544 ι
1697 5492 1839 5547 idem
1873 5491 2038 5546 Pater
2054 5502 2108 5545 et

518 5592 663 5646 deeo
680 5590 832 5654 dicit,
863 5605 882 5638 ι
914 5584 1099 5656 Ipsum
1126 5586 1365 5653 audite,»
1399 5583 1698 5640 testificans
1712 5598 1835 5639 eum
1864 5598 1985 5639 esse
2011 5582 2111 5637 do-

518 5694 732 5738 ctorem
761 5689 813 5735 et
840 5685 1115 5749 pastorem
1140 5687 1415 5746 nostrum,
1438 5687 1495 5733 et
1522 5678 1861 5748 episcopum,
1888 5685 1944 5731 et
1975 5677 2108 5729 ima-

518 5771 699 5837 ginem
745 5772 830 5827 sui
867 5768 1021 5841 ipsus
1067 5769 1267 5839 vivam,
1301 5780 1360 5827 ut
1392 5767 1635 5826 Verbum
1677 5774 1733 5823 et
1767 5764 2105 5838 Sapientiam

2211 4562 2451 4633 θρώποις
2509 4564 2768 4637 ἐνεχώρει
2832 4567 2993 4638 176
3036 4568 3187 4635 ἰδεῖν,
3250 4572 3346 4623 καὶ
3388 4570 3475 4623 διά
3507 4570 3601 4624 τοῦ
3652 4575 3798 4626 θείου

2210 4656 2599 4727 ἀστράψαντος
2665 4658 2939 4728 σώματος,
2988 4662 3063 4721 ὡς
3115 4662 3313 4732 νεφέλη
3370 4663 3468 4732 μὲν
3533 4666 3594 4716 τὸ
3655 4664 3799 4718 θεῖον

2209 4746 2423 4817 ἐδείχθη
2461 4747 2705 4816 Πνεῦμα,
2726 4743 2786 4801 οὒ
2827 4752 2998 4819 μέσον
3026 4753 3220 4820 γέγονε
3256 4770 3269 4784 ·
3303 4756 3398 4807 καὶ
3414 4756 3566 4828 φωνὴ
3586 4756 3799 4811 ἀνωθεν

2209 4839 2350 4909 ἤχθη
2378 4841 2441 4892 ἐκ
2468 4839 2559 4891 τοῦ
2588 4840 2820 4909 Πατρὸς,
2854 4835 3055 4905 «Οὗτος
3096 4846 3288 4897 ἐστινό
3312 4845 3439 4910 Υἱός
3490 4864 3593 4917 μου
3613 4850 3640 4900 ὁ
3659 4850 3798 4916 ἀγα-

2209 4933 2383 5003 πητὸς
2416 4934 2477 4987 ἐν
2514 4926 2557 5001 ᾧ
2594 4934 2867 5005 εὐδόκησα
2893 4953 2908 4970 ν
2943 4936 3109 4990 αὑτοῦ
3158 4936 3406 5005 ἀκούετε,
3433 4955 3452 4991 ι
3486 4938 3646 4992 τοῦτο
3665 4939 3801 4993 δὲτὸ

2215 5044 2233 5077 ι
2270 5026 2447 5081 Αὐτοῦ
2473 5028 2731 5093 ἀκούετε,
2762 5047 2782 5081 ι
2826 5030 3220 5102 περισσότερον
3267 5031 3363 5087 τοῦ
3418 5033 3799 5105 βαπτίσματός

2207 5122 2462 5184 ἐστι,καὶ
2503 5123 2603 5190 τῆς
2651 5121 2862 5176 ἀνωθεν
2906 5122 3028 5177 τότε
3051 5125 3430 5195 γεγενημένης
3471 5127 3679 5196 φωνῆς·
3703 5128 3802 5181 καὶ

2209 5215 2632 5287 ἀρχιερωσύνης
2668 5216 2787 5269 ἐστὶ
2820 5219 3071 5287 σημεῖον.
3110 5217 3308 5271 Καίτοι
3351 5235 3414 5287 γε
3441 5218 3602 5282 αὐτὸς
3625 5220 3800 5274 δαίώ-

2210 5306 2486 5370 νιόςέστιν
2506 5307 2707 5380 ἱερεύς.
2737 5308 2881 5362 Ἀλλ’
2910 5309 3013 5381 ἤδη
3039 5310 3138 5363 καὶ
3166 5311 3195 5362 ὁ
3218 5309 3410 5383 Πατὴρ
3430 5310 3592 5365 αὑτὸν
3626 5313 3803 5381 tuap-

2210 5397 2399 5467 τύρει⁹
2424 5398 2519 5452 καὶ
2569 5400 2708 5470 ὅπερ
2764 5400 2930 5463 αὐτὸς
2980 5403 3093 5464 τοῖς
3130 5401 3404 5473 μαθηταῖς
3438 5398 3646 5473 ἔλεγεν,
3674 5422 3693 5455 ι
3740 5404 3802 5458 Ὀ

2210 5490 2427 5545 ἀκούων
2446 5491 2477 5545 ὑ
2486 5492 2602 5559 μῶν
2626 5492 2761 5563 ἐμοῦ
2788 5492 2998 5556 ἀκούει,
3023 5511 3043 5546 ι
3091 5493 3252 5547 τοῦτο
3277 5495 3306 5547 ό
3330 5495 3521 5565 Πατὴρ
3543 5496 3638 5548 καὶ
3670 5493 3802 5565 περὶ

2210 5581 2379 5636 αὑτοῦ
2427 5583 2601 5652 λέγει,
2637 5602 2656 5634 ι
2695 5582 2877 5638 Αὑτοῦ
2914 5582 3168 5649 ἀκούετε,
3202 5602 3223 5638 ι
3257 5570 3583 5640 διδάσκαλον
3638 5584 3802 5639 αὐτὸν

2211 5675 2304 5729 καὶ
2328 5676 2564 5745 ποιμένα
2580 5675 2739 5746 ἡμῶν
2761 5675 3059 5748 μαρτυρῶν
3076 5677 3171 5731 καὶ
3192 5678 3479 5750 ἀρχιερέα,
3505 5678 3600 5731 καὶ
3617 5675 3803 5731 εἰκόνα

2215 5765 2403 5832 ζῶσαν
2456 5767 2655 5823 ἐαυτοῦ
2703 5769 2779 5833 ὡς
2807 5768 3005 5843 ’Λόγον
3058 5769 3155 5825 καί.
3184 5770 3552 5827 ἐνυπόστατον
3578 5769 3801 5841 Σοφίαν,
