4078 6474
429 284 533 353 450

1207 278 1592 343 SYMEONIS
1634 272 2407 340 THESSALONICENSIS
2457 272 2824 336 ARCIIIEP.

3590 270 3696 336 460

424 401 504 453 vit
531 394 845 468 p'er'igneas
877 395 997 450 illas
1040 393 1257 466 linguas
1292 393 1534 464 Spiritus
1580 392 1873 461 unicuique
1909 404 2001 444 eo-
2030 404 2047 450 Α

2142 389 2225 445 αῖς
2288 386 2561 458 ἐμπύροις
2609 389 2873 450 ἐκείναις
2914 384 3192 455 γλώσσαις
3243 383 3337 440 τοῦ
3376 386 3696 456 Πνεύματος

420 508 543 545 rum
599 490 925 545 distributas
959 499 1012 543 et
1044 488 1374 542 insidentes.
1409 486 1563 541 Unde
1595 499 1787 540 omnes
1826 498 2008 552 mqua-

423 586 527 637 lem
556 583 788 652 gratiam
829 591 1185 651 acceperunt,
1218 588 1273 651 et
1312 579 1520 649 Spiritu
1578 588 1775 632 sancto
1823 574 2009 645 repleti

424 686 576 730 sunt.
612 674 738 729 Ideo
778 675 941 729 electi
968 684 1098 729 sunt
1129 674 1199 727 ab
1221 673 1379 727 initio
1410 672 1687 739 discipuli,
1718 679 1771 724 et
1802 669 1866 722 ad
1882 683 2014 723 oves

426 768 669 837 perditas
705 769 880 831 missi,
915 776 968 821 et
992 768 1220 836 gratiam
1253 776 1588 836 acceperunt
1620 804 1635 830 ,
1677 772 1731 817 et
1780 762 2010 830 gratiam

426 866 483 909 ut
514 857 641 914 aliis
668 859 980 928 prmberent
1009 857 1175 926 jussi.
1208 855 1319 909 Nec
1340 867 1520 909 tamen
1552 856 1654 908 hoc
1691 851 1852 905 tnodo
1886 865 2015 919 per-

426 955 567 1009 fecte
593 953 896 1008 consecrati
932 958 1081 1005 sunt.
1109 948 1361 1003 Nondum
1391 948 1534 1001 enim
1568 946 1880 1015 propitiatio
1918 960 2015 1014 pro

427 1046 687 1101 omnibus
710 1044 891 1097 oblata
920 1043 1098 1095 fuerat
1130 1041 1298 1103 Patri,
1347 1040 1567 1092 victima
1605 1048 1658 1091 et
1701 1039 1879 1092 hostia
1917 1052 2015 1090 vo-

429 1138 669 1193 luntatia
703 1136 1148 1199 etitnmaculata,
1190 1132 1457 1199 benignus
1509 1130 1718 1183 scilicet
1744 1129 1883 1182 lletts
1920 1144 2015 1181 no-

427 1239 563 1293 ster,
589 1230 678 1298 qui
710 1230 825 1297 ipse
856 1242 952 1295 pro
976 1225 1135 1279 nobis
1166 1223 1511 1277 saerilicatus
1542 1230 1649 1288 est,
1675 1232 1725 1273 et
1758 1220 2017 1290 primitiae

434 1334 647 1376 natura:
674 1315 889 1373 nostra:
927 1318 1128 1377 factus,
1161 1317 1327 1369 homo
1366 1329 1463 1383 pro
1510 1314 1670 1366 nobis
1705 1312 1886 1366 factus
1911 1321 2013 1365 est.

424 1415 520 1468 llle
556 1414 725 1485 igitur
779 1412 937 1465 nobis
1010 1410 1316 1464 clementer
1356 1409 1543 1460 unitus
1598 1408 1785 1457 statim
1828 1404 2018 1474 gratiae

425 1509 570 1560 dona
618 1505 777 1559 nobis
830 1503 1086 1571 praebuit.
1136 1500 1194 1551 Et
1260 1502 1499 1569 primum
1564 1506 1811 1550 sanrtatn
1845 1496 2018 1566 ipsius

430 1607 738 1650 matremet
783 1595 1067 1663 Virginem
1113 1591 1350 1643 adventu
1400 1589 1656 1658 Spiritus,
1692 1588 1864 1658 gratia
1920 1604 2018 1641 sua

429 1687 766 1742 cumulatam
798 1688 863 1737 ad
901 1688 1037 1737 bene
1077 1682 1399 1752 gestandum
1466 1682 1660 1733 ilcrttut
1693 1679 2019 1733 corrobora-

2120 479 2278 548 177
2312 476 2788 548 διαμερισθείσαις
2818 477 3026 541 αὐτοῖς,
3061 478 3116 532 αἳ
3154 477 3248 531 καὶ
3291 477 3377 547 ἐφ’
3422 478 3517 531 ἕνα
3563 478 3695 531 ἔκα-

2118 587 2243 623 στον
2271 570 2454 622 αὐτῶν
2486 570 2825 622 έπεκάθισαν
2847 587 2861 601 ο
2887 569 3012 623 ἐπεὶ
3037 569 3131 623 καὶ
3154 570 3278 638 ίσην
3306 567 3548 633 ἅπαντες
3574 569 3696 621 ἕλα-

2117 662 2210 715 εον
2237 665 2335 732 τὴν
2368 664 2555 733 χάριν,
2584 663 2682 715 καὶ
2703 664 2905 726 πάντες
2936 665 3094 731 ἁγίου
3123 662 3443 731 Πνεύματος
3469 663 3698 731 ἐνεπλή-

2118 754 2361 824 σθησαν·
2401 756 2524 809 ἐπεὶ
2572 758 2669 810 καὶ⁹
2712 756 3185 826 ὲξελέγησαν,μὲν
3225 756 3483 825 ἀπαρχῆς
3513 757 3564 808 οί
3600 775 3699 822 μα-

2119 848 2303 918 θηταὶ,
2332 850 2429 901 καὶ
2459 849 2851 919 ἀπεστάλησαν
2891 850 2973 912 είς
3008 848 3077 902 τὰ
3113 847 3367 918 πρόϐατα
3391 849 3461 900 τὰ
3488 849 3698 902 ἀπολω-

2117 943 2282 1002 λότα.
2340 944 2434 995 καὶ
2482 943 2691 1013 δωρεὰν
2744 944 2958 1010 ἔλαϐον,
3023 945 3120 997 καὶ
3173 943 3384 1014 δωρεὰν
3440 946 3701 1013 παρέχειν

2121 1036 2429 1104 ἐτάχθησαν
2448 1050 2461 1065 ⁸
2494 1034 2553 1087 οὔ
2569 1053 2654 1089 πω
2681 1037 2850 1089 δὲκαὶ
2883 1035 3265 1089 τετελείωνται
3288 1053 3298 1066 ·
3325 1036 3407 1087 ὅτι
3434 1038 3526 1088 καὶ
3549 1035 3703 1088 οὔπω

2118 1128 2182 1179 τὸ
2234 1128 2549 1195 ἱλαστήριον
2599 1128 2948 1197 προσηνέχθη
3003 1130 3100 1181 καὶ
3147 1129 3210 1181 τὸ
3259 1128 3399 1198 ὑπὲρ
3447 1130 3704 1182 ἁπάντων

2122 1218 2438 1271 ὲθελόθυτον
2483 1220 2715 1288 σφάγιον
2760 1222 2854 1273 καὶ
2902 1220 3051 1291 θῦμα
3098 1220 3334 1291 ἄμωμον
3378 1222 3457 1291 τῷ
3507 1222 3706 1290 Πατρὶ,

2121 1312 2281 1372 αὐτὸς
2321 1312 2348 1362 ὁ
2396 1311 2535 1381 ὑπὲρ
2576 1314 2734 1382 ἡμῶν
2782 1312 2986 1377 τυθεὶς,
3018 1315 3046 1365 ὁ
3086 1313 3286 1379 ἀγαθὸς
3318 1312 3451 1375 Θεὸς
3491 1313 3649 1382 ήμῶν
3681 1314 3707 1368 ό
3757 1320 3785 1376 ’φ

2122 1404 2214 1454 καὶ
2258 1402 2486 1473 ἀπαρχὴ
2521 1405 2619 1473 τῆς
2656 1403 2875 1472 φύσεως
2916 1405 3071 1473 ἡμῶν
3115 1404 3381 1473 γεγονὼς,
3427 1405 3705 1474 ἐνανθρω-

2121 1497 2305 1565 πήσας
2336 1497 2477 1567 ὑπὲρ
2501 1497 2679 1565 ἡμῶν.
2709 1490 2879 1555 Οὗτος
2903 1497 2996 1550 οὖν
3027 1498 3251 1560 ὲνωθεὶς
3272 1498 3405 1568 ἡμῖν
3428 1498 3708 1565 εὐσπλαγ-

2123 1589 2266 1658 χνίᾳ,
2300 1587 2461 1651 εὐθὺς
2499 1590 2632 1657 ήμῖν
2668 1592 2897 1659 παρεῖχε
2926 1590 2995 1643 τά
3019 1590 3171 1660 δῶρα
3197 1591 3294 1659 τῆς
3323 1592 3570 1660 χάριτος.
3601 1593 3709 1645 Καὶ

2124 1681 2343 1750 πρῶτον
2379 1681 2476 1751 μὲν
2514 1682 2613 1750 τὴν
2645 1682 2809 1750 ἁγίαν
2841 1679 3006 1735 αὐτοῦ
3036 1684 3134 1734 καὶ
3172 1684 3445 1752 παρθένον
3480 1685 3711 1752 Μητέρα

428 1780 552 1844 vit;
583 1787 747 1846 atque
781 1785 837 1830 ut
865 1777 1044 1845 ipsum
1084 1790 1148 1827 ex
1186 1789 1245 1828 se
1280 1772 1634 1828 inelfabiliter
1660 1780 1714 1826 et
1746 1772 1799 1825 in
1833 1786 2019 1840 perso-

2136 1775 2263 1843 πρὸς
2286 1774 2384 1842 τὴν
2412 1774 2716 1845 κυοφορίαν
2744 1775 2992 1844 ἐνίσχυσε
3020 1777 3088 1845 τῇ
3115 1774 3398 1828 ἐπελεύσει
3422 1774 3517 1829 τοῦ
3544 1777 3643 1829 Ilva
3656 1776 3713 1826 ύ-

434 1885 522 1924 nte
589 1870 849 1922 unitatem
904 1867 1251 1920 incarnatum
1301 1866 1444 1920 ferre
1481 1874 1687 1935 posset,
1757 1865 2016 1919 virtutem

430 1961 685 2030 pratbuit,
721 1969 775 2013 et
800 1956 1078 2028 Virginem
1123 1974 1311 2028 puram
1345 1969 1475 2012 ante
1517 1968 1761 2027 partum,
1795 1958 2019 2027 parien-

433 2063 569 2115 tem,
609 2059 662 2105 et
697 2059 820 2120 post
852 2044 1070 2120 partum
1107 2053 1484 2105 conservavit.
1523 2051 1718 2104 Postea
1772 2067 1896 2103 cum
1924 2048 2020 2105 Jo-

434 2144 615 2212 sepho
642 2144 1034 2212 mysteriorum
1072 2142 1441 2210 cognitioiieni
1486 2142 1730 2210 gratiose
1763 2156 2019 2194 emuntu-

432 2237 665 2291 nicavit.
721 2234 928 2290 Deinde
966 2236 1143 2307 magis
1180 2236 1337 2303 longe
1364 2233 1603 2298 dissitis,
1635 2234 1898 2297 ethnicis,
1937 2235 2024 2303 pie

434 2338 617 2383 tamen
660 2330 972 2385 viventibus
1018 2331 1261 2399 seipsutn
1298 2343 1395 2397 per
1433 2327 1649 2382 stellam
1700 2326 2022 2381 manifesta-

435 2423 534 2488 vit,
564 2423 617 2476 in
650 2436 816 2491 specu
854 2430 909 2477 et
940 2422 1171 2494 praesepi
1203 2410 1614 2492 jacentent.‘lta
1644 2435 1868 2491 quoque
1923 2434 2024 2472 an-

435 2515 571 2585 gelis
606 2523 657 2567 et
692 2513 1012 2582 pastoribus
1055 2512 1491 2583 simplicioribus
1547 2522 1774 2582 propter
1835 2510 2027 2579 imagi-

437 2604 525 2658 nis
558 2604 868 2672 analogiam
916 2609 972 2656 et
1015 2603 1387 2671 aequalitatem
1441 2600 1685 2654 innotuit
1726 2617 1740 2667 ;
1777 2615 1901 2653 nam
1937 2614 2030 2666 pa-

438 2708 559 2753 stor
592 2699 710 2765 ipse
732 2706 839 2759 cst,
865 2695 995 2749 licet
1018 2694 1352 2756 animarum,
1375 2703 1430 2747 et
1456 2692 1639 2747 ovium
1674 2691 2028 2744 rationalittm

442 2789 711 2843 Dominus
743 2789 890 2842 velut
928 2787 1144 2856 quieos
1178 2786 1411 2859 creavit,
1449 2783 1733 2838 beneficiis
1773 2782 2032 2847 aﬂicit,ct

441 2900 636 2953 magna
665 2896 791 2937 cum
824 2896 957 2935 cura
987 2879 1229 2934 eustodit
1258 2886 1313 2933 et
1347 2878 1682 2932 immortalis
1717 2877 1830 2945 ipse
1885 2875 2033 2930 exsi-

446 2989 606 3032 stens
641 2984 901 3047 perpetua
951 2971 1230 3042 vigilantia
1278 2969 1414 3038 ipsis
1438 2966 1710 3038 providet.
1762 2966 2032 3022 Praeterea

2129 1884 2320 1937 ματος,
2354 1865 2651 1935 πληρώσας
2681 1866 2854 1935 αὑτὴν
2910 1865 3022 1918 τῶν
3075 1867 3242 1919 αὐτοῦ
3303 1867 3564 1938 χαρίτων,
3617 1869 3714 1920 καὶ

2129 1958 2267 2025 πρὸς
2298 1959 2359 2011 τὸ
2386 1958 2770 2019 ὲνυποστάτως
2793 1958 2958 2010 αὐτὸν
2987 1957 3252 2012 δύνασθαι
3280 1959 3473 2028 φέρειν
3506 1977 3715 2029 σεσαρ-

2126 2049 2378 2119 κωμένον
2409 2049 2467 2114 ἐξ
2498 2049 2674 2117 αὐτῆς
2710 2051 3067 2121 ἀπορῤήτως,
3104 2040 3334 2122 δύναμιν
3362 2054 3714 2122 παρασχόμε-

2126 2157 2237 2206 νος,
2272 2140 2370 2194 καὶ
2404 2139 2675 2207 παρθένον
2724 2140 3062 2209 διαφυλάξας
3108 2140 3184 2205 ὡς
3235 2144 3332 2196 καὶ
3386 2143 3495 2213 πρὸ
3554 2144 3719 2197 τόκου

2128 2234 2225 2287 καὶ
2258 2233 2554 2287 τίκτουσαν
2602 2236 2698 2288 καὶ
2754 2235 2896 2302 μετά
2945 2234 3106 2288 τόκον
3141 2236 3316 2306 ἁγνήν
3343 2251 3358 2267 ο
3398 2237 3593 2290 ἔπειτα
3635 2237 3718 2306 τῷ

2079 2376 2083 2381 .
2142 2325 2341 2397 Ἰωσὴφ
2375 2326 2582 2394 γνῶναι
2612 2326 2673 2379 τὸ
2708 2327 3014 2397 μυστήριον
3044 2329 3110 2398 τῇ
3142 2328 3327 2397 χάριτι
3355 2329 3680 2399 χορηγήσας
3701 2343 3719 2358 ο

2130 2415 2250 2473 εἶτα
2283 2422 2395 2482 τοῖς
2424 2421 2641 2486 Μάγοις
2677 2419 2957 2491 μακρόθεν
2997 2417 3121 2474 οὖσι
3168 2423 3265 2476 καὶ
3313 2423 3546 2485 ἐθνικῶς
3582 2421 3723 2485 ζῶσι

2133 2511 2226 2563 καὶ
2261 2510 2491 2581 ὲναγῶς,
2528 2511 2727 2565 ἑαυτὸν
2760 2511 2850 2565 διὰ
2882 2512 2978 2566 τοῦ
3020 2514 3252 2584 ἀστέρος
3292 2516 3591 2585 γνωρίσας,
3627 2514 3723 2570 καὶ

2128 2601 2192 2653 ’ὲν
2242 2599 2322 2668 τῷ
2367 2586 2623 2670 σπηλαίῳ
2668 2603 2764 2654 καὶ
2812 2601 2989 2675 φάτνῃ
3022 2604 3303 2673 κείμενος,
3330 2604 3405 2668 ὡς
3453 2609 3550 2660 καὶ
3603 2609 3725 2668 τοῖς

2134 2691 2414 2759 ἀγγέλοις,
2441 2693 2536 2745 καὶ
2567 2694 2680 2755 τοῖς
2728 2692 2956 2764 ποιμέσι
3005 2698 3119 2760 τοῖς
3151 2696 3585 2769 ἀπλοῖκωτέροις
3617 2703 3723 2770 ἐμ-

2134 2782 2439 2849 φανισθεὶς,
2472 2782 2561 2836 διὰ
2593 2784 2653 2836 τὸ
2686 2784 2800 2839 ἴσον
2834 2785 2937 2855 τῆς
2965 2787 3177 2852 εἰκόνος
3201 2806 3215 2820 ·
3242 2788 3325 2842 ὅτι
3359 2790 3567 2861 ποιμὴν
3628 2795 3728 2845 καὶ

2135 2873 2320 2939 αὐτὸς,
2357 2876 2407 2927 εί
2442 2878 2539 2929 καὶ
2567 2875 2758 2948 ψυχῶν
2803 2880 2900 2933 καὶ
2948 2880 3243 2950 προϐάτων
3271 2882 3507 2950 λογικῶν
3530 2870 3728 2937 δεσπό-

2137 2982 2238 3035 της
2266 2965 2339 3030 ὡς
2368 2967 2598 3039 κτίστης
2623 2971 2717 3022 καὶ
2746 2972 2946 3040 νομεὺς
2972 2963 3394 3043 παραγεγονὼς,
3418 2978 3513 3028 καὶ
3543 2976 3727 3045 φύλαξ

439 3079 495 3123 et
522 3068 789 3132 Simeoui‘,
813 3065 904 3134 qui
921 3063 1301 3134 appellabatur
1321 3060 1538 3129 Justus,
1565 3059 1804 3116 innotuit
1827 3059 2029 3126 infans,

2141 3058 2216 3121 ὡς
2252 3058 2532 3129 κηδεμὼν,
2563 3065 2658 3114 καὶ
2688 3060 2764 3124 ὡς
2793 3065 3095 3133 ἀγρυπνῶν
3126 3065 3197 3119 δι’
3239 3067 3388 3136 ἡμᾶς
3416 3071 3730 3141 προνοητὴς

442 3170 501 3215 οι
530 3160 598 3214 ab
632 3171 702 3213 eo
724 3159 946 3228 agnitus
975 3163 1057 3211 est
1089 3154 1232 3209 Deus
1258 3170 1275 3222 ;
1306 3141 1479 3209 Amne
1506 3153 1805 3207 similiter:
1838 3153 2036 3221 purius

445 3268 580 3306 vero
636 3259 689 3305 et
723 3248 1027 3319 perfectius
1090 3247 1382 3317 Baptistae,
1416 3246 1513 3317 qui
1553 3254 1681 3300 ante.
1709 3244 2038 3316 praedicatus

449 3346 628 3398 fuerat
652 3343 904 3395 anticus:
940 3340 1147 3410 quique
1173 3341 1226 3394 in
1258 3340 1519 3394 omnibus
1546 3339 1676 3392 etin
1711 3341 1828 3409 ipsa
1862 3349 2039 3395 morte

448 3435 625 3504 ipsius
666 3448 974 3503 praecursor
1007 3432 1209 3485 fuerat.
1239 3428 1499 3486 Omnium
1531 3441 1716 3485 autem
1742 3431 2039 3486 evidentis-

448 3530 587 3582 sime
624 3528 799 3596 ipsius
833 3524 1144 3594 discipulis,
1177 3536 1321 3593 quos
1352 3538 1673 3593 praeparans
1713 3522 1779 3577 ad
1813 3532 2035 3592 aposto-

449 3622 642 3682 latum,
676 3627 729 3672 et
753 3618 919 3672 totius
939 3614 1127 3670 mundi
1147 3623 1476 3684 capturatn,
1502 3615 1718 3669 vocavit
1739 3615 2042 3685 piscatores

453 3712 965 3776 hominmu,lumrn
998 3719 1052 3764 et
1078 3711 1158 3762 sal
1197 3708 1411 3772 mundi,
1433 3708 1651 3776 judices
1678 3717 1731 3762 et
1766 3719 2039 3777 pastores,

450 3811 506 3859 ct
535 3813 754 3863 caetera,
782 3800 1099 3871 quibusque
1130 3797 1416 3865 paulatim,
1453 3808 1510 3849 ut
1533 3797 1881 3866 expediebat,
1918 3813 2041 3868 gra-

382 3943 391 3952 ,
442 3893 581 3946 tiam
613 3893 789 3947 dedit.
814 3889 1055 3944 Tandem
1100 3901 1159 3943 ut
1191 3890 1507 3944 communis
1538 3888 1762 3943 victima
1799 3890 2039 3956 oblatus,

456 3984 748 4038 inimicitia
781 3984 958 4036 soluta
988 3982 1341 4036 ctexinanita
1371 3991 1566 4044 morte,
1604 3992 1925 4051 assumptus
1958 3991 2043 4036 est

454 4078 523 4131 ad
584 4076 803 4149 Patrem
857 4060 1117 4131 deferens
1155 4074 1454 4140 victimam,
1505 4074 1802 4144 divinoque
1836 4075 2042 4128 honore

453 4168 711 4221 exaltavit
760 4176 1016 4220 naturam
1059 4167 1381 4221 humanam.
1436 4165 1686 4236 Denique
1740 4168 1899 4221 nobis
1948 4180 2045 4235 per

457 4262 642 4329 ipsum
666 4258 824 4313 'Patri
850 4261 1225 4315 reconciliatis
1251 4259 1635 4327 perfectiorem
1660 4262 1894 4329 gratiam
1914 4274 2045 4313 con-

457 4355 649 4417 ceSsit,
682 4352 927 4420 fonsqtte‘
952 4354 1252 4422 gratiarum
1283 4352 1599 4407 Paraeletus
1620 4352 1782 4407 nobis
1804 4366 2045 4420 praesens

2138 3150 2215 3205 ὢν
2249 3151 2518 3214 ἀθάνατος
2542 3168 2555 3181 ·
2589 3152 2783 3208 ἔπειτα
2820 3156 2960 3226 μετὰ
2994 3158 3153 3211 τοῦτο
3202 3160 3282 3229 τῷ
3332 3161 3562 3228 Συμεὼν
3595 3179 3733 3232 προ-

2140 3244 2539 3313 χρηματισθεὶς
2575 3245 2650 3309 ὡς
2685 3247 2904 3319 δικαίῳ,
2945 3254 3042 3304 καὶ
3094 3246 3478 3321 ἐμφανισθεὶς.
3510 3256 3731 3325 νήπιος,

2141 3334 2236 3386 καὶ
2282 3334 2359 3397 ὼς
2405 3335 2539 3397 Θεὸς
2572 3338 2899 3405 γνωρισθείς
2922 3354 2936 3368 ·
2971 3341 3064 3393 καὶ
3095 3346 3159 3412 τῇ
3196 3345 3363 3414 Ἀινη
3396 3344 3455 3396 δὲ
3487 3346 3687 3412 ὁμοίως
3716 3363 3730 3375 ·

2141 3423 2531 3496 καθαρώτερον
2587 3428 2644 3480 δὲ
2689 3428 2769 3500 τῷ
2822 3430 3105 3503 Βαπτιστῇ
3157 3435 3253 3486 καὶ
3305 3437 3730 3507 προκηρύξαντι

2144 3517 2284 3588 φίλῳ
2314 3518 2410 3570 καὶ
2446 3520 2821 3590 προδραμόντι
2846 3524 2904 3576 ὲν
2929 3527 3089 3588 πᾶσι,
3118 3527 3214 3579 καὶ
3243 3527 3323 3596 τῲ
3349 3528 3567 3598 θανάτῳ
3591 3547 3605 3561 ο
3633 3530 3732 3583 καὶ

2142 3608 2555 3680 ἐμφανέστερον
2585 3611 2666 3665 ἔτι
2694 3616 2806 3675 τοῖς
2835 3615 3002 3668 αὑτοῦ
3040 3617 3336 3687 μαθηταῖς.
3370 3618 3478 3683 Οὓς
3507 3623 3601 3673 καὶ
3625 3639 3733 3675 κα-

2143 3699 2419 3769 ταρτίζων
2452 3702 2590 3771 πρὸς
2618 3703 2718 3773 τήν
2753 3706 3060 3776 ἀποστολὴν
3093 3712 3190 3762 καὶ
3238 3710 3341 3779 τήν
3382 3714 3734 3781 παγκόσμιον

2143 3792 2346 3862 ἄγραν,
2395 3794 2571 3858 ἁλιεῖς
2618 3795 2931 3866 ἀνθρώπων
2957 3801 3210 3868 ἐκάλεσε,
3239 3804 3334 3856 καὶ
3368 3804 3483 3873 φῶς
3515 3806 3609 3858 τοῦ
3640 3809 3737 3860 κό-

2146 3901 2310 3955 σμου,
2362 3887 2459 3939 καὶ⁸
2488 3878 2641 3950 ’ἀλας
2690 3890 2786 3944 καὶ
2821 3891 3018 3961 κριτὰς
3069 3895 3161 3945 και
3209 3895 3504 3963 ποιμένας,
3532 3899 3626 3951 καὶ
3662 3902 3734 3952 τὲ

2142 3976 2329 4043 λοιπά,
2374 3979 2469 4032 καὶ
2520 3978 2643 4032 κατ’
2687 3980 2870 4047 ὀλίγον
2904 3981 3085 4044 διδους
3118 3983 3304 4046 αὐτοῖς
3356 3985 3432 4051 ὡς
3467 3988 3733 4057 ἐνεχώρει

2143 4070 2242 4130 τὰς
2278 4066 2531 4139 χάριτας,
2567 4069 2725 4131 τέλος
2771 4071 2926 4139 κοινὴ
2978 4072 3140 4126 θυσία
3190 4075 3604 4144 προσενεχθεὶς,
3639 4085 3735 4129 xxi.

2142 4159 2245 4230 τὴν
2272 4159 2472 4230 ἔχθραν
2502 4160 2692 4225 λύσας,
2726 4162 2822 4215 καὶ
2848 4161 2939 4214 τὸν
2971 4162 3201 4218 θάνατον
3229 4169 3612 4238 καταργήσας,
3638 4171 3736 4223 καὶ

2145 4252 2476 4324 ἀναληφθεὶς
2499 4254 2634 4325 πρὸς
2653 4256 2745 4309 τὸν
2771 4257 3017 4327 Πατέρα,
3050 4261 3144 4314 καὶ
3168 4262 3476 4330 ἀνενεγκὼν
3507 4270 3607 4332 τὴν
3634 4268 3731 4319 θυ-

2149 4347 2289 4413 σίαν,
2345 4350 2438 4398 καὶ
2494 4352 2629 4419 τιμῇ
2697 4349 2919 4420 ὑψώσας
2950 4357 3014 4425 τῇ
3055 4355 3209 4427 θεῖκῇ
3258 4358 3318 4409 τὸ
3364 4358 3736 4428 άνθρὺπινον,

463 4445 665 4508 adfuit,
703 4459 733 4497 a
767 4445 927 4498 nobis
962 4459 1185 4512 peregre
1227 4461 1333 4497 non
1387 4444 1680 4498 discedens
1737 4453 1844 4513 test
1895 4444 2040 4497 enim

2149 4439 2301 4499 τέλος
2333 4441 2445 4502 τοῖς
2477 4442 2905 4510 καταλλαγεῖσιν
2953 4447 3089 4516 ήμῖν
3124 4447 3194 4501 δι’
3244 4449 3412 4501 αὐτοῦ
3442 4450 3520 4518 τῷ
3560 4453 3735 4522 Πατρὶ

460 4538 681 4605 ubique,
712 4548 771 4590 ut
817 4536 1001 4590 omnia
1043 4552 1258 4603 semper
1304 4535 1589 4589 vivificaris
1624 4545 1677 4587 et
1702 4542 2041 4601 couttuens),

464 4630 561 4685 sed
616 4631 856 4699 seipsum
916 4627 1300 4703 manifestans,
1339 4637 1393 4681 et
1436 4628 1712 4696 purgatis,
1766 4635 2046 4681 transmu-

467 4722 707 4790 tatisque
770 4737 864 4790 per
920 4718 1117 4773 Filium
1186 4718 1368 4772 Patris
1429 4718 1775 4785 beneplacito
1835 4731 1890 4772 et
1937 4722 2047 4772 vir-

468 4826 586 4870 tute
639 4814 884 4883 prOpria,
916 4821 975 4864 ut
1010 4812 1058 4866 ei
1093 4810 1585 4865 consubstantialis
1608 4819 1664 4866 et
1692 4821 2042 4881 coeperator,

467 4910 673 4961 clarius
708 4913 763 4958 et
797 4904 1106 4958 evidentius
1135 4918 1258 4958 sese
1292 4903 1705 4967 demonstrans,
1739 4913 1793 4958 et
1845 4905 2051 4973 patefa-

470 5002 666 5066 rieus;
728 5006 924 5064 atque,
976 5003 1036 5049 ιιι
1088 4996 1158 5049 ita
1191 4995 1397 5057 dicam,
1436 5003 1582 5050 totus
1633 4996 1687 5049 in
1753 4998 1913 5053 nobis
1957 5014 2051 5069 per

472 5091 707 5161 gratiam
740 5087 1078 5151 inhabitans,
1108 5096 1162 5142 et
1206 5087 1260 5139 in
1302 5102 1633 5156 unoquoque
1671 5089 1903 5153 divisus,
1935 5093 2051 5162 ipse

476 5192 658 5235 tamen
694 5177 966 5233 indivisus
1025 5193 1374 5246 permanens.
1428 5178 1637 5248 Gratia,
1684 5193 1742 5235 ut
1787 5185 2050 5251 diximus,

484 5266 795 5328 inhabitat,
834 5280 939 5319 non
1003 5273 1186 5319 tamen
1240 5267 1645 5335 personaliter,
1680 5269 1811 5325 licet
1854 5284 2053 5326 natura

480 5371 728 5428 praesens
785 5357 858 5411 sit
904 5355 1133 5425 ubique,
1185 5366 1238 5412 et
1294 5373 1461 5427 super
1520 5360 1703 5414 omnia
1736 5401 1761 5433 ,η
1807 5363 2054 5419 infinitus

479 5450 781 5503 exsistens.
817 5446 936 5503 Non
964 5449 1108 5503 enim
1139 5462 1372 5519 persona
1393 5452 1731 5519 int-amatur,
1767 5465 1931 5525 atque
1957 5472 2056 5509 no-

476 5540 568 5594 bis
594 5541 754 5615 iuest,
781 5540 927 5595 sicut
958 5555 1062 5595 nec
1091 5540 1274 5608 Pater,
1309 5544 1403 5598 sed
1437 5559 1534 5615 per
1562 5547 1863 5615 gratiamin
1898 5549 2055 5603 nobis

479 5640 534 5683 et
560 5629 853 5699 inhabitat,
876 5644 928 5688 et
958 5642 1160 5697 manet,
1186 5642 1239 5687 et
1267 5646 1545 5704 operatur.
1582 5636 1743 5692 Solus
1775 5638 1945 5692 Filius
1978 5641 2059 5693 in-

482 5732 744 5779 cat-natus
760 5735 865 5792 est,
892 5727 944 5780 itt
984 5727 1144 5782 nobis
1175 5736 1351 5783 tamen
1377 5733 1740 5799 perSouaLtcr
1764 5749 1873 5786 non
1906 5732 2059 5787 habi-

2147 4530 2249 4597 τὴν
2301 4531 2639 4603 τελεωτέραν
2666 4536 2830 4604 χάριν
2875 4539 3188 4596 ἀπέστειλε.
3222 4542 3334 4594 Καὶ
3365 4544 3397 4612 ή
3432 4546 3584 4613 πηγὴ
3620 4547 3734 4598 τῶν

2147 4620 2494 4691 δωρημάτων
2547 4625 2676 4695 ήμῖν
2709 4629 2738 4681 ό
2790 4629 3148 4699 Παράκλητος
3199 4633 3576 4705 ἐπεδήμησεν,
3631 4636 3736 4690 οὐκ

2150 4714 2471 4785 ἀποδημῶν,
2502 4719 2599 4770 καὶ
2625 4720 2733 4789 γάρ
2765 4721 2883 4773 ἐστι
2939 4723 3242 4793 πανταχοῦ,
3271 4725 3347 4789 ὡς
3381 4728 3560 4781 πάντα
3594 4728 3735 4793 ζωο-

2151 4806 2325 4872 γονῶν
2358 4809 2455 4860 καὶ
2485 4810 2752 4879 συνέχων,
2780 4811 2915 4864 ἀλλά
2946 4816 3199 4884 φανερῶν
3252 4817 3473 4885 ἑαυτὸν,
3507 4818 3736 4883 καὶτοῖς

2152 4899 2476 4969 καθαρθεῑσι
2525 4903 2620 4955 καὶ
2658 4904 3129 4974 άναμορφωθεῖσι
3165 4908 3256 4961 διὰ
3309 4908 3405 4962 τοῦ
3461 4911 3595 4964 Υἱοῦ
3640 4912 3737 4966 τοῦ

2155 4994 2369 5061 Πατρδς
2406 4994 2647 5066 εὐδοκία,
2677 4998 2771 5049 καὶ
2805 5001 3071 5070 συνεργίᾳ,
3105 4999 3235 5070 ἰδίᾳ,
3259 5001 3335 5064 ὡς
3381 5006 3643 5074 συμφυής
3673 5023 3737 5059 τε
3828 5046 3851 5063 τ.

2153 5085 2247 5136 καὶ
2272 5086 2555 5155 συνεργὸς,
2576 5088 2847 5156 ἐμφανιζό
2856 5107 3013 5160 μενος
3038 5094 3332 5161 ὲναργέστε
3342 5111 3455 5165 ρον,
3479 5099 3574 5150 καὶ
3596 5099 3736 5164 ὅλως

2155 5176 2229 5238 ὡς
2257 5178 2434 5229 εἰπεῖν
2469 5182 2565 5231 καὶ
2594 5181 2659 5249 τῇ
2694 5181 2883 5251 χάριτι
2918 5184 3198 5254 ὲνσκηνῶν
3234 5188 3333 5239 καὶ
3374 5188 3738 5258 μεριζόμενος

2157 5268 2214 5319 ἐν
2264 5269 2501 5340 ἑκάστῳ,
2549 5273 2645 5324 καὶ
2680 5275 2861 5342 μένων
2907 5276 3211 5348 άμέριστός
3257 5294 3316 5330 τε
3360 5281 3456 5333 καὶ
3489 5283 3518 5333 ὁ
3553 5283 3740 5346 αὐτός.

2156 5361 2235 5431 Τῇ
2272 5362 2458 5431 χάριτι
2493 5362 2570 5428 δὲ,
2603 5364 2681 5428 ὠς
2709 5366 2959 5436 εἴπομεν,
2986 5370 3260 5439 ὲνσκηνοί,
3285 5372 3345 5424 οὺ
3373 5373 3482 5441 μὴν
3499 5376 3568 5445 τῇ
3604 5375 3742 5428 ὑπο-

2161 5453 2372 5520 στάσει,
2399 5454 2448 5506 εί
2479 5459 2575 5507 καὶ
2598 5454 2763 5525 φύσει
2797 5460 2989 5528 παρών
3020 5461 3137 5514 ἐστι
3168 5464 3445 5534 πανταχοῦ
3475 5470 3569 5518 καὶ
3597 5466 3742 5535 ὑπὲρ

2157 5546 2218 5599 τὺ
2267 5547 2399 5613 πᾶν,
2451 5548 2845 5619 ἀπεριόριστος
2902 5550 3001 5607 ὡν.
3041 5554 3116 5606 Uti
3153 5554 3263 5624 γάρ
3311 5558 3378 5626 τῇ
3438 5555 3742 5612 ὑποστάσει

2161 5634 2465 5706 σαρκοῦται
2495 5641 2590 5691 καὶ⁵
2620 5643 2678 5694 ἐν
2704 5641 2838 5711 ἡμῖν
2859 5644 3091 5710 γίνεται,
3119 5644 3308 5716 ὥσπερ
3336 5646 3445 5698 cur?
3466 5650 3495 5700 ὁ
3529 5649 3741 5718 Πατήρ.

2176 5728 2464 5798 Ἐνσκηνοί
2491 5728 2548 5783 δὲ
2590 5733 2685 5787 καὶ
2734 5736 2886 5803 μένει
2917 5736 3012 5791 καὶ
3042 5718 3257 5807 ἐνεργεῖ
3289 5741 3358 5809 τῇ
3389 5738 3595 5809 χάριτι.
3631 5739 3739 5794 Md-
