4078 6418
1858 85 1883 99 ς

365 324 470 393 ιω

1381 311 1482 371 DE
1519 304 1792 370 SACRlS
1833 300 2326 363 ΟιιυιΝΑΤιΟΝ
2344 295 2538 358 lBUS.

3534 282 3643 348 4ῐὲ

363 460 454 508 νος
477 441 536 495 δὲ
567 437 917 506 σεσάρκωται
947 434 976 486 ὁ
1003 428 1153 493 Υἱός.
1192 427 1305 481 Καὶ
1337 425 1495 488 οὗτος
1548 424 1649 476 οὐκ
1694 423 1751 474 ἐν
1809 420 1946 489 ἡμῖν

2084 425 2151 481 at,
2191 417 2288 471 sed
2317 416 2370 470 in
2409 431 2474 469 eo
2505 415 2622 469 solo
2645 411 2792 482 quod
2829 407 3155 484 assumpsit,
3184 419 3241 462 ut
3273 424 3338 464 ex
3380 409 3643 479 primitiis

363 527 752 590 ὲνυποστάτως
794 525 956 588 οἰκεῖ,
996 519 1113 574 ἀλλ’
1141 521 1198 572 ὲν
1232 516 1309 588 τῷ
1340 514 1740 586 προσλήμματι
1777 511 1949 580 μόνῳ,

364 623 454 676 ῐνα
480 625 544 674 ὲκ
572 620 670 688 τῆς
699 615 859 687 ἡμῶν
885 615 1048 684 ἡμεῖς
1070 610 1330 680 ἀπαρχῆς
1356 608 1432 670 ὡς
1465 605 1573 660 ἀπὸ
1606 603 1789 672 πηγῆς
1825 618 1956 668 συγ-

366 714 544 782 γενῶς
593 711 692 778 τὴν
732 708 894 777 χάριν
948 702 1344 772 λαμϐάνωμεν,
1377 700 1475 751 καὶ
1509 697 1578 750 δι’
1627 693 1791 747 αὑτοῦ
1825 707 1956 762 γνη-

370 781 499 865 σίως
531 797 905 868 υἱοποιώμεθα
929 793 1008 862 τῷ
1039 792 1234 864 Πατρὶ.
1271 789 1418 860 Πλὴν
1448 789 1658 848 ἐκεῖνος
1689 786 1786 856 μὲν
1816 781 1956 834 κατὰ

370 897 533 966 φύσιν
586 891 742 958 Υἱὸς,
775 890 929 943 θέσει
959 887 1017 940 δὲ
1047 887 1143 939 καὶ
1179 883 1323 937 κατὰ
1353 883 1514 951 χάριν
1564 879 1751 948 ἡμεῖς.
1791 875 1956 944 Ὁρᾷς

367 991 428 1041 τὸ
486 985 824 1056 μυστήριον;
858 979 994 1042 Θεὸς
1043 977 1163 1047 μεθ’
1213 974 1372 1044 ἡμῶν
1402 976 1430 1025 ὁ
1474 967 1846 1041 Ἐμμανουὴλ,
1873 967 1958 1019 ἵνα

369 1079 466 1131 καὶ
496 1077 662 1145 ἡμεῖς
693 1070 1012 1138 θεωθῶμεν.
1070 1066 1233 1120 Ἀλλά
1263 1063 1404 1117 κατὰ
1445 1060 1610 1130 φύσιν
1665 1060 1762 1126 μὲν
1797 1058 1958 1118 αὐτὸς

371 1171 503 1231 Θεός
535 1172 653 1221 ἐστι
688 1167 783 1217 καὶ
811 1163 965 1226 Υἱὸς,
994 1160 1144 1214 θέσει
1205 1158 1264 1211 δὲ
1301 1156 1412 1208 θεοὶ
1458 1153 1556 1206 καὶ
1606 1151 1749 1203 κατὰ
1799 1151 1960 1219 χάριν

371 1263 556 1333 ἡμεῖς.
591 1258 684 1310 Διὸ
715 1257 810 1309 καὶ
865 1255 1057 1321 Πατὴρ
1090 1250 1256 1303 αὐτοῦ
1291 1250 1319 1301 ὁ
1357 1247 1568 1315 Πατὴρ,
1623 1243 1760 1296 ἀλλὰ
1817 1235 1962 1333 κατα

375 1328 562 1420 φῦσιν,
595 1350 691 1400 καὶ
726 1343 915 1412 Πατὴρ
951 1340 1133 1411 ἡμῶν,
1167 1339 1306 1391 ἀλλὰ
1351 1335 1492 1388 κατὰ
1527 1335 1687 1402 χάριν
1715 1346 1728 1360 ·
1760 1331 1834 1391 ὼς
1867 1328 1961 1380 καὶ

375 1442 511 1503 Θεὸς
547 1437 716 1491 αὑτοῦ
768 1434 858 1487 διὰ
907 1433 967 1485 τὸ
1021 1431 1081 1494 ἐξ
1133 1429 1292 1498 ήμῶν
1326 1425 1669 1495 πρόσλημμα
1701 1424 1796 1474 καὶ
1830 1421 1960 1482 Θεὸς

375 1533 560 1602 ἡμῶν.
594 1531 676 1582 ὅτι
709 1527 962 1594 κτίστης.
1010 1522 1126 1574 Καὶ
1182 1518 1343 1572 τοῦτο
1374 1517 1402 1569 ὃ
1429 1518 1650 1585 εἴρηκεν
1695 1515 1959 1576 ἀναστὰς,

383 1643 402 1674 ‹
457 1621 764 1676 Ἀναὸαἱνω
823 1617 959 1687 πρὸς
1010 1614 1104 1666 τὸν
1160 1611 1382 1678 Πατέρα
1442 1624 1542 1677 μου
1597 1607 1694 1657 καὶ
1745 1605 1967 1673 Πατέρα

377 1715 554 1782 ὑμῶν,
589 1712 682 1763 καὶ
713 1709 847 1762 Θεὸν
882 1724 984 1776 μου
1020 1705 1116 1758 καὶ
1153 1703 1288 1755 Θεὸν
1329 1699 1508 1769 ὑμῶν.
1557 1718 1576 1751 ι

2059 507 2262 563 nostris
2291 508 2435 562 velut
2465 521 2494 560 e
2520 506 2687 569 fonte,
2721 504 2938 576 generis
2969 499 3369 572 conjunctione
3408 502 3643 570 gratiam

2060 600 2422 667 accipiamus,
2458 609 2511 652 et
2544 613 2640 666 per
2703 613 2828 649 eum
2873 595 2994 648 Filii
3027 592 3211 648 Patris
3264 593 3507 664 legitime
3529 595 3650 647 citi-

2059 694 2294 747 ciantur.
2343 691 2542 745 Verum
2577 689 2666 743 ille
2712 686 2885 742 Filius
2926 686 3016 741 Dei
3070 686 3510 750 estmaturalis,
3549 703 3649 739 nos

2061 803 2189 840 vero
2221 784 2522 854 adoptione
2563 791 2618 835 et
2666 796 2762 851 per
2792 779 3046 849 gratiam.
3091 771 3260 832 Vides
3295 779 3647 847 mysterium,

2064 876 2208 930 Deus
2242 877 2554 940 nobiscum,
2575 871 2920 934 Emmanuel,
2957 878 3014 924 ut
3041 886 3137 926 nos
3168 869 3509 923 dcilicemur.
3542 868 3649 923 Sed

2065 979 2258 1022 natura
2288 967 2433 1022 Deus
2477 967 2566 1020 ille
2595 978 2700 1030 est,
2723 976 2773 1019 et
2797 965 2997 1028 Filius,
3034 979 3134 1016 nos
3163 975 3341 1017 autem
3378 963 3655 1032 positione

2063 1062 2326 1129 gratiosa.
2353 1061 2480 1115 Ideo
2503 1068 2555 1112 et
2585 1059 2766 1123 Pater,
2800 1057 2950 1110 illius
2981 1057 3141 1108 Pater
3162 1055 3379 1119 est,sed
3415 1064 3613 1109 natura

2064 1134 2231 1207 Pater
2263 1162 2447 1205 autem
2482 1162 2694 1213 noster,
2733 1152 2826 1203 sed
2862 1149 3166 1202 seeundum
3196 1148 3425 1219 gratiam
3456 1165 3468 1213 ;
3511 1149 3658 1202 sicut

2065 1251 2119 1294 et
2151 1241 2294 1293 Deus
2320 1241 2495 1311 ipsius
2528 1245 2609 1292 est
2637 1244 2859 1305 propter
2884 1234 2934 1287 id
2972 1235 3118 1303 quod
3146 1249 3176 1287 a
3228 1235 3391 1289 nobis
3423 1249 3608 1290 assum
3629 1264 3644 1274 -

2067 1329 2177 1398 psit
2212 1346 2226 1394 ;
2263 1341 2317 1382 et
2356 1328 2496 1381 Deus
2532 1336 2743 1391 noster,
2773 1326 2900 1394 quia
2927 1324 3180 1379 Creator.
3218 1324 3354 1378 Illud
3393 1335 3478 1378 est
3508 1327 3657 1394 qttod

2066 1429 2193 1488 post
2247 1418 2718 1472 resurrectionem
2753 1418 2892 1470 dixit
2930 1432 2942 1467 :
2981 1435 2999 1466 ι
3037 1416 3289 1470 Ascendo
3335 1417 3400 1470 ad
3435 1416 3654 1471 Patrcm

2067 1523 2252 1561 meum
2306 1517 2361 1560 et
2391 1507 2608 1562 Patrem
2645 1501 2914 1572 vestrum,
2950 1507 3120 1560 Deum
3149 1522 3328 1562 meum
3382 1518 3438 1562 et
3483 1507 3655 1563 Deum

2069 1608 2329 1652 vestrum.
2381 1615 2399 1646 ι

403 1780 426 1836 ί-
451 1803 616 1872 178
660 1798 986 1867 Κληρικός.
1024 1793 1242 1862 ’Υψηλὰ
1273 1791 1341 1844 τὰ
1373 1789 1662 1860 εἰρημένα,
1689 1788 1784 1840 καὶ
1823 1785 1962 1852 θεῖα,

2143 1780 2405 1836 Clericus.
2446 1781 2573 1836 llaec
2604 1783 2710 1835 alta
2738 1794 2866 1837 sunt
2905 1792 2956 1838 et
2989 1781 3199 1847 divina,
3243 1783 3656 1856 plurimumque

377 1899 473 1950 καὶ
521 1895 692 1948 πολὺν
743 1893 878 1962 ἡμῖν
926 1888 1020 1942 τὸν
1069 1886 1357 1954 φωτισμὸν
1385 1885 1482 1953 τῆς
1519 1881 1776 1949 γνώσεως
1809 1879 1968 1932 δέδω-

379 2007 494 2041 κεν.

464 2082 828 2148 Ἀρχιερεῠς.
873 2074 987 2144 Τῆς
1020 2067 1187 2126 αὑτοῦ
1229 2065 1452 2138 χάριτός
1484 2064 1645 2118 εἰσιν.
1685 2062 1752 2115 Ἦ
1791 2061 1848 2113 δὲ
1876 2059 1970 2112 αὺ-

380 2171 476 2225 τοῦ
527 2173 693 2240 χάρις
745 2167 1032 2236 φωτισμὸς
1062 2180 1074 2192 ⁸
1106 2164 1189 2215 ὅτι
1229 2164 1290 2212 τὸ
1320 2158 1576 2226 ἀληθινὸν
1621 2156 1738 2225 φῶς
1785 2155 1967 2214 αὑτός.

386 2265 500 2318 Καὶ
526 2262 626 2332 ὲ-μὲ
656 2261 840 2314 τοίνυν
868 2262 962 2311 καὶ
996 2257 1143 2324 ὑμᾶς
1197 2256 1255 2306 ὲν
1283 2251 1435 2317 αὐτῷ
1464 2251 1497 2317 ἡ
1521 2250 1682 2318 χάρις
1719 2243 1966 2315 φωτίζει,

390 2353 578 2423 ῶσπερ
619 2350 735 2419 φῶς
786 2351 844 2400 ἐν
874 2345 1123 2417 λαμπάδι
1153 2343 1246 2396 τόν
1294 2359 1353 2394 τε
1379 2341 1682 2408 κατέχοντα
1715 2337 1814 2390 καὶ
1847 2337 1971 2397 τοὺς

383 2439 520 2514 περι
543 2443 708 2496 αὑτὸν
740 2439 994 2508 αὑγάζει.
1028 2437 1205 2505 Χάρις
1239 2429 1334 2486 οὖν
1365 2432 1444 2503 τῷ
1475 2430 1595 2496 Θεῷ
1618 2428 1697 2499 τῷ
1730 2428 1799 2481 τὰ
1832 2427 1971 2480 ὲκεί-

384 2556 478 2591 νου
513 2534 918 2599 καταξιώσαντι
965 2531 1093 2593 τοὺς
1141 2529 1438 2588 ταπεινοὺς
1477 2523 1630 2593 ἡμᾶς
1678 2523 1789 2582 τοῖς
1821 2519 1971 2600 ἀδελ-

387 2632 507 2700 φοῖς
536 2627 914 2695 ἀναγγέλλειν.
941 2623 1200 2691 Εῐπωμεν
1233 2620 1300 2689 δὴ
1331 2619 1428 2672 καὶ
1463 2616 1597 2687 περὶ
1632 2613 1742 2667 τῶν
1769 2613 1973 2667 λοιπῶν

385 2721 760 2794 χειροτονιῶν.

457 2813 778 2883 Κληρικός.
807 2812 938 2874 Ναὶ,
972 2809 1207 2862 δέσποτα
1229 2820 1244 2835 ·
1278 2806 1404 2858 ἐπεὶ
1456 2801 1551 2855 καὶ
1601 2801 1730 2871 περὶ
1782 2799 1976 2853 πασῶν

388 2908 538 2973 ἄξιόν
594 2909 710 2958 ἐστι
773 2902 988 2975 μαθεῖν.
1052 2899 1165 2952 Καὶ
1220 2895 1433 2960 δίδαξον
1495 2894 1644 2965 ἡμᾶς
1683 2892 1831 2955 τινες
1881 2885 1978 2944 αὖ·

387 3019 503 3055 ται.

941 3107 1198 3161 ΚΕΦΑΛ.
1233 3103 1414 3158 ΣΜΑ’.

393 3208 526 3276 Περὶ
565 3200 948 3276 χειροτονιῶν
997 3201 1114 3276 ἔξω
1174 3198 1282 3276 τρῦ
1318 3196 1603 3276 βήματος
1649 3193 1975 3276 διαφόρων,

464 3264 600 3330 ἓῶῖ
620 3264 976 3342 ἦγουμένωις
1021 3270 1117 3323 καὶ
1153 3267 1274 3321 τῶν
1305 3264 1843 3342 ἐκκλησιαστικῶν
1872 3264 1977 3342 ὀρ-

463 3336 700 3417 φικίωίἕ,
726 3336 824 3397 xiii.
857 3339 1098 3410 πρῶτον
1129 3342 1264 3407 περὶ
1303 3337 1410 3390 τοῦ
1435 3336 1709 3407 μεγάλου
1749 3337 1980 3386 οἰκονό-

460 3436 600 3488 μου.

476 3528 840 3599 Ἀρχιερεύς.
883 3524 1006 3578 Τῶν
1053 3519 1659 3592 πρωτοπρεσϐυτέρων,
1685 3517 1797 3569 τῶν
1827 3517 1984 3585 ἀρχι-

397 3625 682 3687 διακόνων,
731 3622 840 3672 τῶν
879 3615 1331 3686 καθηγουμένων,
1369 3613 1464 3662 καὶ
1497 3608 1702 3660 λοιπῶν
1755 3609 1812 3658 ὲν
1868 3607 1983 3657 δια-

399 3718 585 3787 φόροις
638 3713 1009 3781 διακονήμασι
1052 3709 1166 3769 τοῖς
1201 3706 1518 3773 λεγομένοις
1551 3699 1851 3787 ὸφφικίοις,
1879 3697 1984 3787 λει-

399 3804 656 3875 τουργίας
686 3802 1047 3870 κεκτημένων
1074 3794 1566 3864 ὲκκλησιαστικὰς,
1587 3783 1663 3843 ὧν
1686 3791 1781 3842 καὶ
1803 3786 1986 3851 τάξεις

400 3898 508 3950 εἱσι
539 3896 634 3949 καὶ
664 3894 963 3964 ὑπηρεσίαι
993 3890 1265 3957 διάφοροι.
1303 3884 1412 3937 Καὶ
1437 3885 1464 3935 ὁ
1497 3883 1594 3952 μὲν
1625 3880 1808 3935 αὐτῶν
1841 3881 1987 3930 οἱκο-

401 3995 564 4058 adito,-
589 3990 1001 4057 χειροτονεῖται,
1028 3984 1140 4034 τῶν
1164 3979 1466 4046 κτημάτων
1492 3991 1551 4027 τε
1583 3973 1677 4025 καὶ
1704 3971 1988 4041 προσόδων

402 4085 498 4135 καὶ
533 4083 642 4134 τῶν
675 4077 1064 4146 διαδιδομένων
1097 4074 1316 4141 ἑκάστῳ
1352 4069 1682 4136 ποιούμενος
1704 4065 1988 4132 πρόνοιαν.

403 4176 495 4229 Δεῖ
522 4175 630 4244 γὰρ
664 4173 759 4224 καὶ
791 4171 921 4240 περὶ
950 4169 1158 4220 τούτων
1188 4161 1500 4234 φροντίζειν
1532 4159 1613 4221 εἰς
1647 4157 1990 4209 λυσιτέλειαν

405 4265 498 4320 τοῦ
548 4262 729 4318 κοινοῦ
762 4264 856 4316 καὶ
889 4260 1154 4314 σύστασιν
1190 4257 1298 4308 τῶν
1332 4251 1835 4323 ὲκκλησιαστικῶν.
1881 4248 1994 4300 Καὶ

409 4359 681 4430 μαρτυρεῖ
732 4357 766 4426 ἡ
819 4351 1105 4422 οἰκονομία
1159 4349 1435 4415 Στεφάνου
1494 4341 1731 4397 καὶτῶν
1783 4339 1993 4392 λοιπῶν

405 4439 690 4514 διακόνων,
720 4444 1249 4516 ὲξυπηρετουμένων
1306 4440 1404 4509 μὲν
1439 4439 1535 4490 καὶ
1571 4439 1635 4504 τῇ
1669 4433 1996 4501 διδασκαλίᾳ

408 4544 504 4596 καὶ
533 4541 611 4610 τῷ
649 4541 999 4609 κηρύγματι,
1036 4533 1112 4594 ὡς
1153 4530 1428 4599 Στέφανός
1477 4545 1536 4580 τε
1571 4527 1667 4580 καὶ
1699 4526 1991 4589 Φίλιππος,

410 4633 548 4685 ἀλλὰ
573 4632 667 4684 καὶ
693 4632 811 4692 ταῖς
836 4629 1052 4698 χρείαις
1071 4623 1167 4676 καὶ
1190 4625 1309 4684 ταῖς
1334 4621 1542 4684 κοιναῖς
1566 4619 1864 4687 τραπέζαις
1886 4615 1996 4669 τῶν

411 4725 684 4794 ἀδελφῶν.

979 4831 1231 4887 ΚΕΦΔΛ.
1262 4830 1440 4884 ΣΜΒί.

419 4963 556 5033 Περὶ
584 4961 691 5016 τοῦ
708 4957 982 5031 μεγάλου
1009 4941 1448 5033 σακελᾼᾳρίου,
1473 4947 1572 5002 καὶ
1599 4945 1707 5000 τοῦ
1727 4944 2000 5013 μεγάλου

962 5025 1452 5094 σκευοφύλακος.

501 5150 562 5202 '0
595 5147 652 5200 δὲ
675 5147 782 5199 τῶν
809 5143 969 5214 ἱερῶν
1000 5140 1178 5210 μονῶν
1202 5136 1543 5207 ἐπιμέλεται,
1569 5132 1804 5192 καὶτοὺς
1827 5131 1885 5181 ἐν
1908 5129 2005 5183 αὐ-

419 5244 538 5308 ταῖς
561 5242 839 5304 εὐτακτεῖ,
868 5237 964 5290 καὶ
981 5237 1048 5288 τὰ
1065 5232 1272 5287 τούτων
1299 5231 1374 5287 ὡς
1405 5226 1631 5280 δυνατὸν
1659 5224 1926 5290 ἐξετάζει.
1945 5224 2005 5276 '0

419 5337 476 5390 δὲ
499 5331 851 5403 φυλάσσειτὰ
877 5327 1068 5395 σκεύη,
1097 5325 1192 5379 καὶ
1219 5324 1330 5376 τῶν
1361 5319 1526 5390 ἱερῶν
1546 5308 1882 5388 προνοεῖται,
1910 5315 2007 5369 καὶ

392 5399 488 5481 ’τὰ
515 5428 623 5480 τῶν
655 5423 836 5494 ὓμνων
867 5419 1070 5475 καὶτοῦ
1100 5416 1231 5471 ναοῦ
1273 5415 1548 5477 εὐτακτεῖ,
1570 5411 1665 5464 καὶ⁸
1695 5410 1804 5464 τῶν
1833 5412 2007 5481 ἱεραρ-

421 5520 591 5592 χικῶν
629 5516 940 5587 ἐνδυμάτων
971 5514 1065 5566 καὶ
1091 5511 1202 5566 τῶν
1238 5518 1441 5563 λοιπῶν
1489 5506 1664 5561 ἄλλων
1708 5503 1870 5575 ἱερῶν
1919 5503 2009 5557 κέ-

426 5628 618 5682 κτηται
649 5609 745 5680 τὴν
777 5605 1058 5679 φροντίδα.

2069 1874 2296 1929 luminis
2333 1875 2640 1944 cognitioni
2675 1887 2875 1930 nostrze
2904 1876 3134 1929 addunt.

2146 2053 2418 2124 Pontifex.
2475 2052 2653 2123 Opera
2678 2064 2809 2109 sunt
2831 2057 3019 2126 gratim
3048 2031 3246 2126 ipsius.
3280 2059 3460 2128 Ipsius
3505 2062 3653 2114 enim

2070 2149 2247 2216 gratia
2285 2147 2620 2200 illutninatio
2678 2160 2786 2214 est,
2825 2149 3082 2217 quoniam
3133 2150 3250 2218 ipse
3277 2168 3402 2206 vera
3441 2153 3528 2205 lux
3554 2164 3662 2208 est.

2073 2237 2154 2288 Me
2177 2238 2345 2306 igitur
2377 2246 2431 2291 et
2469 2253 2566 2292 vos
2597 2254 2692 2307 per
2750 2239 2929 2306 ipsum
2968 2241 3145 2310 gratia
3184 2241 3480 2308 illuminat,
3521 2246 3665 2299 sient

2074 2326 2259 2381 lumen
2291 2329 2342 2381 in
2372 2329 2647 2399 lampade,
2682 2343 2736 2385 et
2767 2334 3134 2386 sustinentem
3162 2333 3458 2399 illuminat,
3490 2346 3543 2390 et
3567 2340 3661 2405 qui

2075 2428 2206 2474 sunt
2234 2419 2383 2475 circa
2410 2422 2606 2489 ipsum.
2637 2422 2748 2477 Deo
2775 2424 2944 2493 igitur
2969 2428 3175 2492 gratias
3219 2429 3310 2496 qui
3344 2445 3444 2482 nos
3476 2433 3662 2484 humi-

2077 2513 2158 2566 les
2181 2519 2235 2564 et
2274 2511 2522 2579 abjectos
2572 2513 2770 2583 dignos
2805 2514 2932 2569 fecit
2970 2519 3062 2585 qui
3097 2516 3212 2571 hate
3242 2534 3339 2574 sua
3393 2520 3659 2577 fratribus

2075 2607 2560 2661 annuntiat-emus.
2591 2608 2768 2662 Verba
2795 2625 2942 2664 nunc
2996 2610 3267 2668 faciamus
3320 2614 3388 2668 de
3445 2620 3666 2672 caeteris

2076 2696 2540 2752 ordinationibus.

2151 2785 2412 2843 Clericus.
2442 2789 2543 2858 Ita,
2591 2792 2832 2846 domine.
2863 2789 3100 2862 Dignum
3130 2806 3216 2851 est
3243 2798 3389 2852 enim
3444 2809 3498 2853 et
3534 2800 3666 2856 utile

2079 2875 2146 2931 de
2179 2878 2436 2934 omnibus
2491 2881 2730 2937 edoceri.
2775 2881 2921 2938 Doce
2973 2899 3077 2941 nos
3111 2901 3363 2956 quamam
3397 2889 3501 2945 illa:
3530 2891 3666 2946 sint.

2626 3079 2860 3137 CAPUT
2895 3081 3124 3138 CCXLI.

2085 3191 2163 3244 De
2189 3192 2625 3246 ordinationibus
2651 3193 2817 3246 variis
2851 3202 3008 3248 extra
3043 3195 3342 3247 sacrarium
3369 3196 3478 3250 sive
3501 3196 3674 3259 bema,

2152 3262 2525 3330 prwfectorum
2574 3272 2731 3331 atque
2768 3264 3285 3330 ecclesiasticarum
3348 3267 3674 3334 ofﬁciorum,

2154 3351 2214 3385 ac
2240 3335 2470 3399 primunt
2494 3334 2557 3388 de
2587 3349 2778 3402 magno
2815 3350 3110 3388 wconamo.

2162 3507 2432 3576 Pontifex.
2474 3509 3676 3579 Protopresbyterorum,archidiaconorum,

2087 3599 2628 3664 catechumenorum,
2654 3613 2756 3654 seu
2781 3600 3060 3667 abbatum,
3083 3611 3136 3655 et
3151 3613 3478 3656 cauet-orum
3501 3605 3596 3672 qui
3622 3604 3678 3657 in

2088 3690 2325 3743 diversis
2359 3689 2684 3742 ministeriis
2721 3703 2843 3758 quae
2865 3688 3045 3744 ollicia
3078 3690 3684 3756 dicuntur,diﬁ‘ereutes

2090 3782 2600 3836 administrationes
2653 3782 3070 3838 ecclesiasticas
3122 3783 3400 3846 obtinent,
3444 3799 3682 3853 quorum

2089 3875 2228 3926 varii
2263 3885 2394 3926 sunt
2440 3874 2665 3928 ordines
2714 3882 2770 3928 et
2837 3889 3093 3929 munera.
3143 3875 3219 3926 Ex
3260 3875 3326 3928 iis
3361 3889 3686 3929 mconomus

2092 3965 2401 4024 ordinatur,
2440 3962 2537 4032 qui
2594 3964 3068 4034 possessionibus,
3119 3975 3171 4018 et
3212 3955 3596 4031 proventibus,
3629 3976 3687 4022 et

2094 4056 2358 4121 sportulis
2418 4070 2540 4125 quat
2610 4056 2910 4124 unicuique
2969 4057 3327 4121 tribuuntur,
3386 4059 3682 4128 providere

2095 4147 2278 4202 debet.
2315 4146 2544 4214 Oportet
2596 4147 2742 4200 enim
2775 4162 2898 4200 eum
2932 4148 3000 4201 de
3032 4147 3117 4202 his
3145 4163 3335 4201 curam
3394 4164 3586 4218 gerere
3629 4150 3685 4204 in

2096 4239 2387 4294 utilitatem
2451 4240 2756 4308 publicani,
2814 4247 2868 4292 et
2918 4241 3428 4296 ecclesiasticorum
3476 4246 3690 4296 emolu-

2097 4341 2345 4384 mentum
2369 4341 2424 4384 et
2448 4332 2951 4386 consenationetn.
2984 4330 3103 4386 Hoc
3126 4341 3363 4387 testatur
3382 4336 3694 4388 (ncouomia

2103 4421 2387 4490 Stephani,
2445 4432 2500 4476 et
2565 4405 2909 4491 reliquoruin
2973 4426 3376 4489 diaconorum,
3438 4426 3534 4495 qui
3579 4442 3691 4481 non

2103 4516 2280 4568 solum
2319 4515 2709 4570 ministrabant
2763 4516 3032 4570 doctrina:
3089 4525 3144 4570 et
3189 4516 3592 4586 praidieationi,
3633 4529 3695 4571 ut

2103 4601 2418 4670 Stephanus
2451 4611 2506 4655 et
2531 4601 2839 4672 Philippus,
2883 4607 2982 4660 sed
3027 4604 3191 4658 etiam
3228 4607 3459 4660 fratrum
3494 4619 3690 4661 neces-

2103 4694 2359 4749 sitatibus
2389 4703 2443 4748 et
2478 4694 2710 4749 mensis.

2647 4806 2876 4863 CAPUT
2904 4808 3156 4865 CCXLI].

2103 4927 2181 4982 De
2227 4944 2419 4995 magno
2461 4926 2746 4979 sacellario
2790 4937 2838 4976 et
2892 4941 3084 4993 magno
3143 4924 3520 4993 scevopliylace
3583 4925 3692 4977 sive

2493 4997 2707 5049 custode
2729 5010 2974 5048 vasorum
3009 5011 3310 5048 sacrarunt.

2182 5109 2276 5166 llle
2309 5126 2438 5163 vero
2478 5122 2762 5162 sacrorum
2802 5107 3270 5161 monasteriorum
3301 5120 3492 5160 curam
3533 5104 3697 5174 gerit,

2109 5214 2166 5259 et
2189 5206 2243 5258 in
2271 5205 2337 5256 iis
2365 5204 2567 5254 bonum
2609 5198 2856 5252 ordinem
2918 5205 3204 5265 procurat,
3257 5205 3312 5252 et
3369 5211 3492 5266 quae
3534 5193 3604 5248 ad
3634 5208 3701 5249 ea

2111 5306 2386 5369 speetaut,
2437 5310 2537 5366 pro
2587 5293 2800 5349 viribus
2862 5293 3117 5363 inquirit.
3181 5293 3291 5348 Iste
3349 5301 3555 5356 autem,
3593 5289 3702 5343 hoc

2113 5401 2221 5455 est,
2255 5387 2667 5458 scevophylax,
2732 5400 2830 5440 seu
2880 5399 3137 5440 vasorum
3187 5393 3399 5449 custos,
3459 5378 3702 5435 custodit

2113 5499 2265 5547 vasa,
2300 5493 2355 5536 et
2412 5480 2587 5535 sacris
2626 5479 2900 5548 providet,
2938 5487 2993 5531 et
3048 5491 3171 5546 quae
3234 5476 3304 5530 ad
3366 5478 3598 5542 hymnos
3645 5480 3703 5524 et

2114 5573 2378 5642 templum
2412 5569 2713 5639 pertinent,
2749 5569 2896 5624 bono
2927 5566 3124 5628 ordine
3157 5565 3424 5636 disponit,
3464 5561 3703 5615 vestium

2117 5675 2339 5735 quoque
2402 5657 2836 5728 episcopalium,
2903 5667 2958 5715 et
3021 5666 3350 5714 caeteroruut
3413 5663 3706 5708 sacrorum

2121 5750 2545 5813 sollicitudinem
2571 5750 2758 5807 habet.
