4078 6448
429 420 532 483 467

1213 424 1599 489 ΞΥΜΕΟΝΙΒ
1630 428 2394 500 THESSALONICENSIS
2431 440 2800 505 ARCHIEP.

3588 441 3695 505 468

427 533 720 589 ordinatis.
743 530 878 590 Nam
899 533 1075 590 oﬂicia
1108 536 1197 592 illa
1231 551 1389 600 sacra
1405 551 1530 594 sunt
1560 549 1614 594 et
1639 557 1735 610 per
1770 542 2004 610 sigillum

2111 547 2195 600 ὅτι
2223 549 2345 617 ἱερά
2376 551 2551 606 ταῦτα
2572 555 2669 606 καῖ⁵
2700 553 2789 607 διὰ
2810 552 3108 623 σφραγῖδος
3142 550 3564 624 ἀρχιερατικῆς,
3596 554 3693 606 καὶ

428 626 736 695 episcopale
804 635 861 683 et
920 629 1152 699 gratiam
1215 632 1518 700 spiritalem
1578 634 2003 703 imprimuntur;

430 720 603 785 eaque
629 734 736 773 non
756 729 969 789 oportet
994 737 1279 777 assumere
1309 724 1400 792 qui
1428 725 1772 779 ordinatione
1795 735 2001 789 carent,

426 796 489 860 ut
543 808 660 862 ﬁeri
713 809 852 865 solet
888 810 942 865 iu
990 810 1513 879 Trapezuntiorum'
1542 817 1853 884 metropoli.
1892 815 2005 871 lloc

427 900 571 952 enim
601 909 683 953 est
715 912 906 954 contra
942 903 1191 957 ordinem
1255 908 1622 973 canonicum;
1678 917 1731 961 et
1768 908 2006 963 maxime
2059 913 2062 916 ’

424 990 552 1062 quia
593 992 822 1045 istorum
854 994 1158 1049 oﬂiciorum
1215 997 1449 1065 plurima
1508 999 1694 1053 multis
1742 1001 2004 1054 sacerdo-

426 1084 572 1136 tibus
602 1094 862 1153 prcesunt.
900 1087 1059 1140 Nullo
1089 1089 1251 1142 modo
1307 1098 1493 1144 autem
1543 1099 1759 1160 oportet
1811 1093 2005 1149 ordine

425 1185 697 1230 carentem
731 1186 949 1231 sacrato
980 1179 1140 1233 alicui
1175 1196 1434 1249 praeesse.

938 1293 1170 1349 CAPUT
1207 1295 1486 1352 CCXLIX.

423 1382 578 1447 Quod
617 1386 864 1440 monachi
897 1403 1002 1440 non
1034 1388 1269 1527 ordinati
1323 1407 1437 1472 non
1486 1392 1709 1449 debeant
1748 1398 2001 1452 constitui

1037 1474 1131 1512 con
1161 1476 1375 1515 essaru.

1037 1474 1375 1515 contessaru.

495 1544 704 1602 Similis
723 1548 864 1601 ratio
898 1560 986 1604 est
1016 1550 1082 1604 de
1124 1550 1306 1605 ofﬁcio
1339 1553 1603 1622 Spiritalis
1628 1560 1999 1626 paternitatis.

420 1638 561 1691 Illud
586 1640 980 1695 conferendum
1007 1658 1112 1695 non
1138 1654 1221 1698 est
1241 1647 1524 1701 monachis
1556 1648 1759 1714 idiotis,
1795 1654 1999 1709 nullam

422 1747 654 1801 prorsus
683 1732 1090 1788 ordinationem
1118 1734 1467 1793 habentibus.
1495 1738 1630 1794 Nam
1659 1742 1796 1797 adeo
1816 1760 2003 1801 sacra-

421 1825 695 1879 tissimum
756 1826 860 1882 hoc
910 1836 1014 1891 est,
1077 1839 1131 1882 ut
1183 1829 1316 1884 solis
1349 1831 1626 1903 episcopis
1684 1839 1998 1902 conveniat,

2113 638 2344 711 χάριτος
2412 645 2797 715 πνευματικῆς
2856 646 3251 715 ἐνεργούμενα.
3304 644 3414 697 Καὶ
3445 645 3571 707 τοὺς
3617 643 3691 713 μὴ

2108 732 2489 800 κεκτημένους
2520 734 2861 804 χειροτονίαν
2891 737 2950 789 οὐ
2976 736 3059 790 δεῖ
3089 736 3395 805 λαμϐάνειν
3425 735 3585 799 αὐτὰ,
3615 734 3692 798 ὡς

2107 819 2167 871 ἐν
2196 824 2263 892 τῇ
2309 825 2643 893 μητροπόλει
2673 825 3136 895 Τραπεζουντίων
3164 827 3494 896 ἐνεργεῖται.
3531 824 3691 893 Παρὰ

2107 910 2208 980 τὴν
2240 910 2395 975 τάξιν
2424 914 2533 983 γὰρ
2561 912 2742 979 τοῦτο,
2804 916 2901 968 καὶ
2958 917 3162 984 μᾶλλον
3191 917 3274 970 ὃτι
3326 915 3556 968 πλεῖστα
3582 913 3692 965 τῶν

2104 1002 2377 1072 όφφικίων
2405 1006 2613 1060 τούτων
2671 1010 2766 1061 καὶ
2824 1009 3037 1063 πολλῶν
3072 1010 3267 1080 ἱερέων
3336 988 3686 1078 προΐσταται.

2105 1098 2218 1151 Καὶ
2271 1097 2507 1161 ούδόλως
2559 1098 2669 1172 χρὴ
2723 1100 3028 1172 ἱερωμένου
3081 1101 3228 1165 τινὸς
3274 1086 3690 1173 ἀχειροτόνητον

2105 1192 2459 1260 προεστάναι.
2477 1210 2480 1215 ’

2656 1311 2877 1366 ΚΕΦΑΛ
2889 1353 2902 1367 .
2954 1313 3133 1367 ΣΜΘ¹.

2108 1400 2231 1455 Ὅτι
2262 1402 2407 1457 οὐδὲ
2434 1401 2669 1469 ἰδιώτας
2691 1405 3004 1495 pora);on
3036 1405 3153 1474 χρὴ
3185 1402 3481 1473 καθιστᾶν
3509 1420 3693 1458 πνευ-

2743 1494 3059 1545 partemve.

2188 1563 2424 1631 Ὁμοίως
2445 1565 2503 1619 δὲ
2542 1565 2640 1618 καὶ
2682 1565 2743 1619 τὸ
2775 1566 2876 1633 τῆς
2901 1567 3287 1635 πνευματικῆς
3341 1565 3688 1634 πατρότητος

2106 1656 2481 1726 λειτούργημα
2514 1657 2576 1710 οὐ
2633 1658 2740 1730 χρὴ
2770 1658 3068 1727 δωρεῖσθαι
3106 1659 3364 1727 μοναχοῖς
3425 1656 3689 1720 ἰδιώταις,

2105 1749 2444 1819 χειροτονίαν
2470 1749 2609 1811 ὅλως
2642 1749 2717 1820 μὴ
2742 1749 2982 1819 ἔχουσιν.
3023 1751 3179 1802 Ἐπεὶ
3232 1749 3491 1802 τοσοῦτον
3532 1748 3689 1818 ἱερεῖ).

2105 1858 2268 1894 τατον
2290 1841 2472 1907 τοῦτο,
2538 1843 2621 1895 ὅτι
2678 1844 2857 1910 μόνων
2918 1843 3237 1895 ἐπισκόπων
3301 1844 3420 1894 ἐστὶ
3490 1839 3585 1895 καὶ
3627 1841 3688 1893 ού

418 1933 530 1973 non
586 1928 767 1974 autem
829 1921 1186 1991 presbyteris.
1240 1926 1704 1993 quemadmodum
1761 1946 2000 1987 canones

2107 1931 2523 2001 πρεσϐυτέρων,
2550 1931 2626 1993 ὡς
2648 1932 2697 1983 οἱ
2728 1932 2951 1993 κανόνες
2984 1933 3139 1998 φασί.
3176 1930 3251 1985 Τὸ
3283 1932 3689 2002 πρεσϐυτέρους

419 2011 749 2080 loquuntur.
786 2014 860 2069 Eo
893 2026 1075 2069 autem
1118 2015 1294 2071 ollicio
1340 2018 1646 2090 funguntur
1693 2025 1999 2094 presbyteri

421 2115 651 2174 urgente
687 2106 1013 2162 necessitate
1052 2122 1177 2162 eum
1231 2109 1453 2166 licentia
1476 2114 1741 2184 epiSCOpi,
1799 2117 1999 2188 illoque

424 2200 675 2263 absente,
731 2215 838 2254 non
906 2211 1195 2270 praesente.
1233 2203 1477 2260 Crimina
1535 2217 1714 2262 tamen
1769 2211 2001 2281 majora,

426 2292 595 2347 veluti
636 2300 768 2349 sunt
809 2294 931 2349 fidei
967 2295 1282 2366 abnegatio,
1320 2297 1698 2367 homicidium,
1723 2312 1779 2358 et
1812 2305 2001 2374 pers'o—

426 2401 615 2440 narum
696 2400 977 2441 sacrarum
1035 2386 1224 2456 lapsus
1293 2389 1360 2443 ad
1415 2390 1732 2461 episcopum
1796 2394 2003 2451 referre

424 2485 670 2544 oportet;
709 2484 761 2530 et
814 2476 917 2531 alia
963 2492 1306 2548 quaecunque
1361 2478 1574 2549 fugiunt
1628 2491 1684 2537 et
1729 2485 2003 2540 excedunt

320 2636 326 2642 _
423 2569 797 2635 cognitionem
875 2570 1232 2640 suscipientis
1294 2572 1744 2639 confessionem,
1814 2578 1999 2631 omnia

419 2675 636 2729 quoque
670 2675 830 2731 agere
884 2677 1007 2716 cum
1063 2662 1302 2732 episcopi
1357 2664 1625 2732 consilio;
1685 2683 1811 2721 nam
1865 2685 2003 2741 opus

421 2753 552 2808 illud
592 2754 946 2824 estepisc0pi
982 2756 1287 2824 proprium.
1392 2820 1399 2825 θ

996 2866 1225 2923 CAPUT
1272 2868 1423 2925 CCL.

422 2958 605 3027 Quare
642 2960 961 3013 mandatum
990 2962 1152 3014 datur
1185 2963 1274 3029 (ad
1297 2964 1652 3031 episcopalem
1707 2970 2003 3022 auctori'a-

886 3042 989 3084 tem
1013 3032 1531 3093 demonstrandam).

494 3126 562 3180 Et
614 3123 973 3179 manifestum
1021 3135 1103 3179 est
1138 3141 1204 3180 ex
1261 3126 1452 3182 litteris
1506 3130 1901 3197 permissoriis.
1941 3132 1997 3186 Si

2108 2025 2167 2078 δέ
2194 2027 2459 2096 ἐνεργεῖν,
2493 2023 2557 2076 τὸ
2590 2023 2837 2077 τοιοῦτον
2869 2025 2991 2076 κατ’
3022 2024 3274 2093 ἀνάγκην
3306 2025 3544 2093 γίνεται.
3596 2023 3690 2077 καῖ

2113 2118 2252 2192 μετά
2286 2117 2603 2188 προτροπῆς
2625 2117 2948 2181 ἐπισκόπου,
2979 2117 3074 2169 καὶ
3108 2117 3343 2180 ἀπόντος
3375 2116 3563 2178 αὐτοῦ,
3624 2115 3689 2167 οὔ

2110 2211 2401 2281 παρόντος.
2434 2208 2546 2261 Καὶ
2574 2208 2642 2261 τὰ
2680 2208 2853 2277 μείζω
2882 2208 2939 2261 δέ
2962 2208 3073 2260 τῶν
3124 2208 3511 2277 ἐγκλημάτων,
3569 2207 3690 2277 ἦτοι

2109 2304 2340 2374 ἄρνησιν
2370 2302 2633 2363 πίστεως,
2696 2300 2794 2354 καὶ
2837 2300 3069 2369 φονικὴν
3106 2302 3434 2370 νάμαρτὲαν,
3478 2301 3573 2353 καὶ
3619 2301 3689 2354 τά

2109 2398 2218 2451 τῶν
2248 2397 2543 2465 ἱερατικῶν
2578 2396 2869 2464 πτώματα,
2937 2395 3021 2458 εἱς
3049 2394 3141 2447 τὸν
3200 2393 3501 2446 ἐπίσκοπον
3557 2393 3688 2444 ἀνα-

2109 2485 2375 2555 φέρεσθαι
2414 2487 2541 2557 χρὴ,
2567 2488 2661 2540 καί
2696 2487 2906 2550 ὅσαπερ
2937 2486 3098 2554 ἐτερα
3130 2485 3422 2552 διαφεύγει
3474 2483 3574 2552 τὴν
3592 2483 3691 2537 τοῦ

2108 2575 2507 2646 ἀναδεχομένου
2534 2576 2757 2643 γνῶσιν,
2797 2578 2893 2630 καὶ
2923 2577 3102 2629 πάντα
3137 2576 3399 2645 πράττειν
3427 2576 3567 2643 μετά
3591 2575 3693 2641 τῆς

2108 2667 2202 2720 τοῦ
2238 2667 2538 2721 ἐπισκόπου
2568 2667 2785 2739 βουλῆς·
2815 2669 2898 2722 ὅτι
2929 2669 3024 2721 τοῦ
3071 2667 3374 2721 ἐπισκόπου
3435 2666 3498 2719 τὸ
3525 2666 3690 2736 ἔργον

2108 2761 2265 2815 ίδιον.

2679 2875 2938 2930 ΚΕΦΑΛ.
2994 2875 3125 2930 ΣΝ’.
3165 2890 3172 2897 ‘

2511 2970 2678 3024 Διατί
2736 2970 3011 3037 ἐνταλμα
3049 2968 3299 3021 δίδοται.

2180 3132 2291 3185 Καὶ
2321 3131 2480 3201 δῆλον
2508 3130 2615 3189 ἀπὸ
2661 3129 2757 3183 τοῦ
2793 3126 3197 3199 προτρεπτικοῦ
3249 3128 3600 3198 γράμματος·
3631 3126 3686 3180 εί

423 3216 569 3270 enim
607 3216 1057 3286 presbyterorum
1092 3219 1195 3273 hoc
1226 3230 1374 3274 esset
1421 3222 1703 3290 proprium
1738 3223 2000 3289 oﬂirium,

2108 3222 2219 3292 γὰρ
2276 3224 2372 3277 τοῦ
2429 3224 2811 3293 πρεσϐυτέρου
2852 3219 2941 3292 ἦν,
3003 3223 3103 3275 οὐκ
3145 3223 3212 3275 ἃν
3252 3223 3537 3288 προτροπῇ
3590 3221 3687 3273 καὶ⁵

422 3322 532 3362 non
563 3307 829 3363 darentur
859 3308 967 3363 illis
1005 3308 1248 3373 licentia,
1283 3321 1339 3365 et
1386 3314 1704 3368 mandatum
1758 3318 1822 3367 ad
1854 3316 2003 3369 exci-

422 3401 654 3469 piendas
703 3398 1106 3457 confessiones.
1160 3403 1302 3472 Ergo
1351 3402 1397 3456 si
1445 3419 1686 3470 canones
1729 3405 1846 3460 haec
1890 3418 2001 3461 tam

419 3503 627 3547 attente
663 3501 718 3547 et
741 3493 989 3549 studiose
1013 3493 1080 3548 de
1124 3494 1460 3564 presbyteris
1493 3498 1858 3563 constituunt,
1891 3515 2002 3568 quo

421 3583 547 3650 jure
576 3585 679 3639 hoc
710 3585 1037 3639 conceditur
1066 3584 1132 3640 iis
1161 3584 1253 3655 qui
1273 3585 1423 3639 nullo
1452 3587 1762 3642 sacerdotio
1806 3591 2004 3645 fruun-

421 3676 550 3729 tur?
579 3674 806 3746 Oportet
830 3675 973 3730 enim
1016 3675 1397 3731 confessiones
1425 3677 1786 3746 excipientem
1820 3689 1873 3735 et
1906 3683 2004 3737 be-

421 3772 678 3825 nedicere
708 3778 763 3824 et
792 3769 1095 3824 orationem
1126 3768 1492 3824 absolutionis
1524 3784 1688 3839 super
1716 3771 2003 3829 absolven-

421 3861 555 3916 dum'
599 3863 802 3927 dicere,
835 3868 910 3928 ,ει
937 3861 1245 3931 indulgere,
1290 3869 1347 3916 et
1385 3877 1579 3933 poenas
1610 3863 1913 3934 imponere,
1947 3875 2003 3923 et

424 3970 520 4011 eos
546 3957 638 4025 qui
662 3955 814 4025 digni
846 3963 996 4020 sunt,
1061 3953 1372 4008 divinorum
1422 3957 1807 4025 mysteriorum
1839 3961 2007 4029 parti-

422 4051 574 4119 cipes
599 4048 801 4104 facere.
837 4049 954 4115 Qua
993 4048 1210 4102 ratione
1235 4047 1353 4111 hac
1385 4050 1574 4105 omnia
1604 4052 1868 4120 perﬁciet,
1905 4054 2001 4123 qui

423 4143 556 4197 nulli
579 4141 892 4196 sacerdotio
922 4150 1009 4195 est
1045 4140 1336 4195 initiatus?
1368 4141 1520 4197 Dicet
1562 4141 1746 4198 forsan
1776 4144 2001 4214 aliquis,

421 4234 479 4289 ld
516 4233 799 4306 praestabit
850 4240 1070 4303 propter
1100 4233 1521 4303 permissionem
1552 4234 1816 4304 episcopi,
1842 4244 1897 4289 et
1936 4250 2005 4290 eo

421 4327 570 4396 quod
604 4329 673 4381 ad
710 4341 834 4381 eum
870 4326 985 4379 haec
1013 4326 1197 4380 omnia
1237 4325 1441 4396 refert;
1473 4341 1662 4384 verum
1687 4341 1810 4396 quae
1840 4325 2003 4396 hujus

418 4419 502 4472 rei
567 4418 891 4483 necessitas,
938 4432 1064 4472 cum
1123 4418 1434 4473 canonibus
1495 4431 1605 4470 non
1660 4415 2007 4469 consentiat?

420 4510 557 4566 Nam
592 4512 635 4565 si
669 4511 737 4566 de
771 4509 1105 4580 presbyteris
1138 4511 1218 4564 sic
1274 4510 1579 4580 loquuntur
1633 4521 1899 4572 canones,
1942 4514 2003 4561 ut

2107 3314 2446 3383 ἐνταλτηρίῳ
2477 3314 2700 3367 ἐδίδοτο.
2739 3315 2798 3366 Et
2830 3311 2925 3365 οὖν
2952 3313 3045 3365 ἐπὶ
3075 3311 3432 3380 πρεσϐυτέρῳ
3451 3309 3686 3380 τοσαύτη

2105 3407 2138 3473 ἡ
2170 3405 2414 3476 προσοχὴ
2446 3405 2541 3457 καὶ
2591 3404 2823 3473 διαταγὴ
2876 3403 3030 3472 παρὰ
3083 3402 3194 3454 τῶν
3253 3402 3517 3463 κανόνων,
3567 3401 3692 3463 πῶς

2105 3495 2214 3565 ἄρα
2246 3496 2420 3566 τούτῳ
2474 3496 2787 3564 δοθήσεται,
2818 3494 3122 3564 ἱερωσύνην
3190 3492 3265 3564 μὴ
3321 3494 3688 3562 κεκτημένίρς

2105 3591 2200 3642 Δεῖ
2234 3589 2341 3657 γὰρ
2372 3590 2466 3642 τὸν
2501 3587 2923 3659 ἐξομολογήσεις
2952 3587 3242 3657 δεχόμενον
3288 3588 3383 3639 καὶ
3424 3587 3689 3653 εὐλογεῖν,

2107 3684 2200 3733 καὶ
2236 3681 2404 3751 εὐχὴν
2435 3679 2842 3749 συγχωρήσεως
2883 3678 3187 3745 ἐπιλέγειν,
3232 3678 3324 3730 καὶ
3354 3680 3686 3749 συγχωρεῖν,

2105 3775 2200 3826 καὶ
2228 3772 2515 3842 ἐπιτιμᾷν,
2546 3770 2641 3824 καὶ
2669 3770 2779 3822 τῶν
2809 3768 2975 3823 θείων
3020 3773 3302 3823 κοινωνεῖν
3368 3770 3688 3839 μυστηρίων

2105 3869 2234 3930 τοὺς
2267 3868 2473 3932 ἀξίους.
2514 3867 2625 3920 Καὶ
2668 3864 2785 3922 πῶς
2826 3865 3147 3935 ἐνεργήσειε
3212 3863 3387 3917 ταῦτα
3424 3863 3455 3914 ό
3488 3862 3561 3935 μὴ
3596 3879 3691 3916 κε·-

2106 3960 2383 4030 κτημένος
2444 3957 2746 4028 ἱερωσύνην
2773 3973 2788 4024 ;
2833 3958 2994 4017 Ἴσως
3026 3957 3070 4008 δ’
3097 3955 3242 4008 εἴποι
3282 3972 3385 4021 τις,
3460 3957 3558 4007 Διά
3586 3957 3689 4021 τὴν

2105 4049 2311 4102 ἐνδοσιν
2336 4052 2429 4101 καὶ
2457 4049 2515 4099 τὸ
2538 4046 2908 4115 ἀναφέρεσθαι
2941 4046 3112 4099 ταῦτα
3144 4046 3219 4114 τῷ
3277 4048 3545 4115 ἀρχιερεῖ.
3578 4046 3717 4098 Καὶ³

2104 4143 2242 4211 τίςὴ
2278 4142 2531 4209 ἀνάγκης
2566 4140 2691 4192 ἐπεὶ
2721 4141 2782 4192 οὐ
2824 4139 3134 4191 κανονικόν.
3157 4140 3219 4191 El
3248 4140 3356 4208 γὰρ
3386 4137 3530 4191 οὕτω
3559 4139 3687 4205 περὶ

2105 4233 2217 4284 τῶν
2256 4231 2647 4300 πρεσϐυτέρων
2687 4231 2735 4283 οί
2769 4230 2994 4292 κανόνες
3024 4231 3211 4299 φασιν,
3234 4231 3307 4293 ὼς
3369 4233 3489 4284 κατ’
3520 4233 3688 4297 ἀνάγ-

2106 4340 2211 4392 κην
2269 4323 2710 4392 ὑπηρετήσουσιν
2762 4322 2998 4383 ἀπόντος
3048 4322 3143 4375 τοῦ
3201 4323 3523 4388 ἐπισκόπου,
3591 4325 3687 4376 καὶ

2106 4417 2391 4486 προτροπῇ
2451 4413 2546 4465 τοῦ
2595 4414 2930 4476 ἐπισκόπου,
2970 4414 3088 4477 πῶς
3116 4415 3272 4468 τοῦτο
3331 4417 3616 4487 ἐνεργήσει
3658 4418 3689 4469 ὁ

2109 4507 2183 4575 μὴ
2216 4503 2514 4573 ἱερωσύνην
2544 4502 2761 4569 λαϐών;
2790 4504 2910 4555 ἐπεὶ
2945 4502 3038 4555 καὶ
3069 4505 3175 4556 τῶν
3204 4505 3550 4568 ἀποστόλων,
3585 4523 3691 4573 φα-

424 4605 478 4656 in
506 4617 571 4655 eo
599 4610 808 4656 tantum
838 4600 1156 4655 ministrent
1186 4615 1309 4654 cum
1334 4599 1635 4653 necessitas
1665 4596 1718 4651 id
1736 4597 2000 4667 postulat,

2111 4598 2192 4649 civ
2218 4597 2268 4649 οἱ
2305 4597 2620 4665 Πατέρες,ή
2660 4596 2817 4665 χάρις
2848 4594 2986 4664 αὓτη
3018 4594 3134 4647 ἐστί
3166 4612 3180 4628 ο
3223 4594 3330 4647 τῶν
3370 4595 3688 4648 ἀποστόλων

423 4696 576 4750 abest
633 4694 948 4763 episcopus,
982 4700 1192 4748 etcum
1256 4691 1407 4746 illius
1470 4689 1712 4745 absentis
1760 4689 2002 4750 licentia,

426 4789 703 4858 quomodo
729 4787 780 4843 id
808 4785 1120 4855 operabitur
1135 4783 1227 4853 qui
1245 4782 1612 4838 sacerdotium
1632 4795 1740 4834 non
1763 4780 2008 4850 accepit?

432 4880 633 4934 Dicunt
681 4879 826 4934 enim
877 4875 1070 4931 Patres
1126 4874 1271 4928 hanc
1296 4886 1421 4928 esse
1491 4870 1829 4942 ipsissimam
1863 4886 2004 4941 apo-

428 4983 695 5036 szolorum
759 4976 1035 5049 gratiam;
1102 4973 1481 5045 apostolorum
1528 4978 1711 5026 autem
1771 4970 2002 5042 gratiam

425 5073 635 5127 habent
680 5068 948 5141 episcopi,
987 5082 1095 5122 non
1127 5063 1472 5135 presbyteri;
1507 5063 1812 5134 presbyteri
1849 5076 2001 5127 vero,

429 5174 488 5219 ut
517 5165 715 5220 iterum
743 5162 907 5217 iidem
938 5159 1152 5220 dicunt,
1210 5155 1552 5225 septuaginta
1607 5154 2000 5222 discipulorum

428 5256 658 5325 gratiam
694 5251 998 5322 possident.
1031 5248 1376 5316 Quapropter
1408 5244 1659 5299 ﬁdelibus
1686 5244 1778 5313 qui
1816 5243 2008 5298 Sama-

428 5347 524 5399 riae
558 5361 586 5397 a
617 5342 868 5408 Philippo
915 5352 1024 5392 uno
1060 5352 1124 5389 ex
1185 5344 1391 5405 septem
1440 5334 1686 5390 diaconis
1742 5334 2001 5404 baptizati

360 5434 373 5449 ⁴
430 5436 673 5495 fuerant,
707 5431 903 5485 Petrus
925 5436 983 5482 et
1010 5426 1250 5483 Joannes
1270 5442 1468 5482 manus
1502 5428 1903 5496 imposuerunt,
1936 5441 2007 5479 ea

430 5530 495 5577 de
548 5536 716 5580 causa
770 5521 838 5575 de
885 5517 1191 5573 Jerusalem
1258 5519 1558 5574 Samariam
1610 5520 1891 5573 venientes
1944 5527 2004 5569 ut

394 5652 405 5657 -
429 5611 689 5679 Spiritum
718 5617 963 5665 sanctum
989 5608 1299 5676 acciperent
1316 5625 1332 5676 ;
1360 5610 1487 5664 illud
1518 5624 1645 5662 vero
1667 5621 2002 5676 unguentum

431 5704 500 5755 ab
531 5704 793 5772 episcopo
824 5701 941 5755 solo
969 5700 1282 5765 conficitur,
1323 5700 1483 5770 Cujus
1515 5700 1591 5754 rei
1628 5701 1857 5770 gratiam
1896 5716 2001 5753 nou

428 5791 595 5847 habet
623 5793 928 5865 presbyter.
954 5791 1316 5855 Diaconorum
1345 5803 1526 5847 autem
1556 5793 1609 5844 in
1645 5791 1748 5845 hoc
1771 5792 2007 5844 maximo

428 5879 738 5942 ministerio
793 5898 1061 5957 nusquam
1099 5884 1465 5940 meminerunt
1495 5895 1754 5937 canones.
1793 5879 1929 5951 Ergo
1960 5881 2004 5937 si

2108 4687 2166 4741 δὲ
2206 4688 2308 4758 τὴν
2342 4690 2503 4757 χάριν
2526 4686 2740 4755 ἔχουσιν
2756 4688 2805 4738 οἱ
2832 4684 3141 4750 ἐπίσκοποι,
3173 4686 3267 4737 καὶ
3297 4685 3418 4755 οὐχὶ
3449 4687 3690 4755 πρεσϐύ-

2107 4797 2254 4851 τεροι
2289 4781 2383 4832 ὀἱ
2442 4780 2805 4850 πρεσϐύτεροι
2878 4778 2936 4830 δὲ
3002 4778 3101 4849 τὴν
3164 4778 3274 4831 τῶν
3320 4776 3688 4849 ἐϐδομήκοντα

2108 4872 2423 4939 κέκτηνται,
2448 4871 2610 4923 πάλιν
2639 4871 2892 4937 λέγουσιν
2908 4861 3077 4923 οὗτοι.
3106 4869 3199 4922 Διδ
3228 4872 3460 4933 καὶτοῖς
3491 4870 3688 4939 βαπτι-

2111 4963 2316 5016 σθεῖσιν
2339 4960 2447 5015 ὑπὸ
2468 4962 2740 5035 Φιλίππου
2772 4962 2893 5023 ἐνὸς
2926 4961 3038 5015 τῶν
3068 4961 3211 5015 ἑπτὰ
3241 4962 3507 5015 διακόνων
3545 4965 3601 5014 ἐν
3620 4966 3685 5034 τῇ

2108 5057 2395 5128 Σαμαρείᾳ
2425 5059 2638 5119 πιστοῖς
2686 5056 2912 5127 Πέτρος,
2948 5056 3044 5110 καὶ
3085 5056 3342 5123 Ἰωάννης
3367 5057 3465 5120 τάς
3498 5060 3688 5128 χεῖρας

2106 5150 2427 5203 ἐπετίθεσαν
2457 5148 2809 5215 ἀπελθόντες,
2834 5148 2922 5201 ἵνα
2948 5148 3156 5202 λάϐωσι
3216 5146 3442 5216 Πνεῦμα
3478 5151 3630 5215 ἆγιον
3669 5164 3684 5179 ’

2106 5240 2136 5293 ὃ
2163 5241 2226 5310 δὴ
2257 5241 2318 5293 τὸ
2349 5240 2518 5310 μύρον
2534 5240 2672 5304 ἐστὶ,
2695 5239 2824 5308 παρ’
2847 5240 3148 5293 ἐπισκόπου
3175 5239 3338 5309 μόνου
3366 5240 3677 5308 γινόμενον,

2106 5327 2169 5386 οὗ
2192 5336 2288 5401 τὴν
2304 5335 2464 5404 χάριν
2493 5334 2594 5386 ούκ
2624 5331 2735 5402 ἔχει
2763 5332 3161 5403 πρεσϐύτερος.
3203 5334 3309 5384 Καὶ
3330 5330 3582 5384 διακόνου
3627 5333 3684 5384 δὲ

2106 5427 2335 5489 ούδόλως
2362 5427 2733 5496 μέμνηνταιώ
2771 5426 2997 5489 κανόνες
3030 5426 3088 5477 ἐν
3116 5428 3181 5493 τῇ
3226 5425 3458 5495 μεγίστῃ
3498 5424 3675 5496 ταύτῃ

2109 5517 2407 5586 ὑπηρεσίᾳ.
2436 5518 2499 5569 El
2529 5515 2622 5570 οὖν
2646 5515 3010 5587 πρεσϐύτεροι
3044 5515 3212 5585 χωρὶς
3247 5517 3404 5585 181
3450 5532 3686 5585 προτρο-

2109 5607 2349 5675 πῆςούκ
2384 5606 2602 5677 ἔχουσιν
2629 5607 2838 5673 ἄδειαν,
2870 5610 2965 5660 καὶ
2991 5607 3251 5660 διακόνων
3275 5609 3326 5658 οἱ
3366 5607 3588 5665 κανόνες
3625 5607 3684 5658 οὗ

2112 5700 2439 5767 μέμνηνται,
2472 5698 2587 5760 πῶς
2616 5697 2808 5767 ἕτερος
2838 5698 3058 5766 ίδιὼτης
3101 5698 3177 5768 μὴ
3205 5697 3508 5767 ἱερωσύνην
3550 5697 3688 5755 ὅλως

2110 5788 2312 5853 λαϐὼν,
2343 5789 2685 5860 ὑπηρετήσει
2736 5788 2914 5859 τούτῳ
2944 5790 3021 5859 τῷ
3079 5793 3370 5860 μυστηρίῳ
3430 5791 3524 5841 καὶ
3559 5789 3687 5855 ἱερῷ

2111 5880 2208 5951 τῆς
2236 5883 2522 5951 μετανοίας
2548 5882 2985 5954 λειτουργήματι
3012 5898 3028 5951 ;
3058 5883 3194 5953 Περὶ
3227 5881 3287 5936 οὗ
3320 5882 3384 5953 δὴ
3411 5882 3506 5934 καὶ
3542 5881 3689 5936 κατά
