4078 6454
314 369 436 434 ’469
1649 388 1747 449 DE
1780 391 2293 458 P(ENITENTIA.
3516 416 3629 477 4ῖο

330 486 564 590 δύναμιν
589 488 824 560 ἐροῦμεν
848 492 928 564 τῷ
955 492 1137 565 είρμῷ
1151 494 1248 550 τοῦ
1277 496 1461 567 λόγου,
1490 500 1584 553 καὶ
1607 501 1743 572 πρὸς
1764 502 1925 557 τοῦτο

2057 508 2339 581 ircsbyteri
2382 511 2502 567 sine
2538 514 2761 572 licentia
2813 512 3199 590 episcoporum
3239 523 3403 579 .liauc
3447 524 3621 579 facul-

330 581 581 685 e‘tﬂfvuc
618 586 722 656 ἤδη
777 586 918 641 Θεοῦ
951 589 1224 657 θέλοντος,
1253 590 1525 662 πρότερον
1550 594 1619 645 τὰ
1642 598 1773 664 περὶ
1806 596 1916 649 τῶν

2057 611 2200 655 atem
2235 618 2344 657 non
2377 604 2608 671 habent,
2641 616 2695 663 et
2727 610 3082 668 iliaconorum
3112 630 3221 669 non
3254 619 3623 671 meminerunt

333 673 495 742 ἱερῶν
529 676 878 745 χειροτοκκῶν
903 681 1047 734 κατὰ
1068 681 1298 751 δύναμιν
1331 683 1797 753 ἑρμηνεύσαντες.

2061 706 2307 761 auoues;
2368 712 2478 766 quo
2521 698 2647 767 jure
2682 700 2846 757 homo
2890 704 3084 769 idiota,
3129 709 3279 761 nullo
3328 709 3622 766 sacerdotii

331 769 653 825 charactere
682 772 1000 843 insignitus,
1027 774 1437 831 administrabit
1493 778 1596 832 hoc
1636 778 1982 849 mysterium,
2025 792 2080 836 et
2111 799 2327 838 sacrum
2389 789 2725 855 pmiiitentiae
2777 793 3187 853 ministerium?
3279 800 3417 856 Cum
3458 801 3625 871 igitur

330 864 672 962 conuentione
698 866 971 921 sermonis
988 868 1158 923 nostri
1189 870 1339 925 ducti
1360 872 1426 925 ad
1455 870 1558 925 hoc
1621 872 1943 942 mySIerium
1987 879 2381 949 enarrandum,
2411 880 2518 938 Deo
2541 886 2759 943 volente
2782 889 3188 959 devenerimus,
3213 912 3334 962 qua:
3352 895 3416 950 ad
3436 864 3626 954 sacras

335 956 715 1012 Ordinationes
741 964 1013 1026 spectant,
1043 960 1156 1030 jam
1184 960 1338 1030 prius
1370 962 1735 1032 interpretati,
1773 965 1840 1019 de
1867 979 1932 1020 eo
1973 982 2121 1023 nunc
2149 985 2246 1038 pro
2282 973 2493 1029 viribus
2521 977 2684 1032 verba
2718 977 3010 1040 iaciemus.

409 1052 732 1121 Κληρικός.
756 1054 885 1115 Ναὶ,
916 1054 1041 1123 ἆγιε
1064 1055 1335 1111 δέσποτα.
1384 1057 1573 1124 Ἀξιον
1617 1061 1765 1131 ἡμᾶς
1828 1042 1925 1116 καὶ

2104 1064 2365 1125 Clericus.
2397 1070 2470 1126 lta
2502 1085 2671 1137 certe,
2702 1080 3053 1137 sanctissime
3070 1082 3313 1149 domine,
3341 1085 3446 1140 non
3467 1088 3627 1140 modo

336 1147 465 1216 περὶ
497 1144 693 1200 τούτου
722 1146 940 1214 διδάξαι
972 1147 1070 1202 καὶ
1097 1149 1422 1221 ἀναγκαῖον.

2031 1173 2188 1225 aequo
2201 1178 2248 1214 ιιι
2274 1172 2357 1218 est
2376 1176 2429 1218 et
2452 1167 2706 1233 utilc,sed
2730 1172 2897 1226 etiam
2931 1178 3307 1232 necessarium
3330 1193 3430 1234 nos
3453 1180 3629 1235 dehis

2041 1254 2211 1309 rebus
2247 1255 2465 1312 docere.

1479 1424 1742 1511 ΠΕΡΙ
1844 1426 2527 1526 ΜΕΤΑΝΟΙΑΣ.

1576 1746 1698 1808 DE
1747 1751 2379 1821 ΡΟΕΝΙΤΕΝΤΙΑ.

1952 1927 2019 1937 -η

418 2039 774 2109 Ἀρχιερεὺς.
811 2038 988 2106 Κάγὼ
1030 2039 1168 2108 πρὸς
1202 2039 1364 2095 τοῦτο
1396 2044 1635 2113 ἑτοίμως
1670 2046 1801 2116 ἔχω,
1832 2055 1925 2102 καὶ
1961 2058 2002 2113 Β

2106 2056 2421 2126 Episcopus.
2447 2056 2558 2125 Ego
2585 2069 2808 2126 quoque
2827 2053 2897 2109 ad
2929 2055 3031 2110 hoc
3047 2062 3271 2125 paratus
3288 2068 3430 2118 smn,
3455 2062 3509 2109 et
3534 2054 3637 2109 mi-

336 2135 446 2191 τῶν
477 2134 620 2189 κατὰ
649 2133 884 2203 δύναμιν
929 2132 1106 2202 λόγων
1138 2134 1241 2187 οὑκ
1274 2136 1574 2207 ἀμελήσω·
1627 2139 1712 2193 ὅτι
1750 2144 1933 2197 καὶτὸ
2037 2147 2092 2204 1ιί
2126 2164 2224 2207 pro
2277 2149 2490 2204 viribus
2545 2162 2736 2204 earum
2793 2127 3271 2207 explicatio‘curae‘

336 2228 635 2298 κεφάλαιον
666 2225 771 2296 τῆς
825 2226 1101 2296 σωτηρίας
1142 2228 1362 2281 πάντων
1414 2231 1629 2283 πιστῶν
1681 2233 1824 2302 μετὰ
1868 2234 1932 2288 τὸ

340 2323 628 2394 βάπτισμα
676 2322 708 2391 ἡ
757 2320 1052 2388 μετάνοιασ
1108 2321 1205 2375 καὶ
1262 2322 1392 2376 ἄλλο
1426 2322 1566 2394 αὕτη
1605 2326 1931 2396 καθάρσιον,

337 2418 435 2471 καὶ
456 2414 711 2484 δεύτερον
742 2411 1049 2482 βάπτισμα,
1083 2413 1150 2476 δι’
1181 2413 1596 2486 ὲξαγορεύσεώς
1638 2435 1696 2471 τε
1725 2420 1819 2473 καὶ
1837 2438 1932 2474 τα-

340 2508 678 2571 πεινώσεως,
707 2509 823 2568 τοῖς
877 2506 1023 2559 κατᾶ
1052 2506 1289 2575 δύναμιν
1345 2509 1535 2573 πόνοις
1572 2512 1669 2564 καὶ
1699 2512 1933 2582 δάκρυσι

343 2602 804 2671 κατορθούμενον.
840 2592 951 2663 1Ἠς
1007 2602 1307 2669 μετανοίας
1360 2605 1653 2674 προοίμιον
1702 2607 1935 2663 τελῶναι

345 2697 436 2750 καὶ
463 2695 787 2766 ἁμαρτωλοὶ
820 2695 918 2748 καὶ
935 2694 1134 2761 πόρναι
1153 2697 1210 2748 ὲν
1243 2696 1507 2769 μετανοίᾳ
1521 2699 1746 2769 Χριστῷ
1767 2717 1938 2770 προσ-

345 2788 595 2851 ελθόντες
637 2791 732 2841 καὶ
794 2786 1269 2859 προσδεχθέντες,
1307 2788 1405 2843 καὶ
1456 2789 1669 2864 λῃστὴς
1711 2792 1805 2846 ἐπὶ
1840 2793 1935 2848 τοῦ

348 2880 586 2948 σταυροῦ
648 2882 809 2949 μόνον
843 2879 1242 2950 ἐξομολόγησιν
1293 2881 1387 2934 καὶ
1417 2880 1603 2934 πίστιν
1655 2883 1803 2950 δοὺς,
1841 2885 1937 2939 καὶ

341 2975 424 3043 τὺ,
484 2993 503 3026 ι
545 2975 865 3044 Μνήσθητι·
909 2992 929 3026 ι
972 2974 1069 3026 καὶ
1105 2975 1132 3027 ὁ
1161 2978 1463 3045 κορυφαῖος
1512 2977 1623 3030 τῶν
1671 2978 1935 3049 μαθητῶν

347 3069 484 3138 μετᾶ
507 3068 611 3139 τὴν
630 3067 734 3136 τῆς
758 3067 1046 3136 ἀρνήσεως
1071 3066 1308 3131 πτῶσιν,
1337 3067 1584 3130 κλαύσας
1611 3071 1824 3140 πικρῶς
1846 3071 1939 3126 καὶ

342 3160 612 3231 ὲλεηθεὶς,
644 3160 738 3212 καὶ
766 3161 832 3228 τῇ
860 3161 1054 3230 τριττῇ
1086 3161 1376 3228 ἐρωτήσει,
1402 3159 1527 3223 εἰςό
1555 3156 1941 3231 ἦνὰποκατα-

346 3256 504 3318 στὰς,
534 3255 567 3323 ἢ
619 3256 715 3308 καὶ
741 3253 959 3324 μεῖζον,
984 3255 1195 3325 ποιμὴν
1225 3254 1472 3323 Χριστοῦ
1506 3255 1618 3308 τῶν
1647 3257 1939 3327 προϐάτων

345 3348 648 3414 καταστὰς,
682 3349 762 3410 είς
800 3348 861 3401 τὸ
895 3347 1210 3417 ποιμαίνειν
1235 3349 1292 3401 ὲν
1320 3349 1563 3418 προσοχῇ
1593 3349 1687 3403 καὶ
1711 3366 1773 3400 συ
1784 3367 1936 3418 μπα-

2037 2147 2092 2204 hi
2126 2164 2224 2219 pro
2277 2149 2490 2204 viribus
2545 2162 2736 2204 earum
2793 2147 3085 2218 explicatio
3120 2160 3266 2201 curae
3319 2145 3468 2200 erit:
3505 2161 3634 2200 nam

2036 2241 2233 2297 salutis
2254 2239 2494 2296 ﬁdelium
2519 2248 2640 2309 post
2655 2239 2986 2310 baptismum
3014 2253 3230 2295 summa
3254 2248 3337 2293 est
3363 2237 3637 2309 paeniten—

2037 2337 2135 2399 tia,
2172 2345 2227 2393 et
2265 2337 2411 2391 aliud
2452 2336 2861 2408 purgatorium,
2912 2336 3159 2406 alterque
3193 2336 3501 2406 baptismus
3537 2350 3635 2406 per

2037 2428 2442 2484 confessionem
2470 2436 2525 2483 et
2581 2428 2949 2484 humilitatem
2999 2429 3052 2482 in
3118 2429 3378 2499 lacrymis
3400 2439 3452 2482 et
3483 2429 3639 2483 labo~

2039 2522 2195 2589 ribus
2241 2520 2541 2577 secundum
2569 2520 2716 2575 vires
2748 2519 3023 2588 susceptis
3057 2519 3292 2575 feliciter
3323 2521 3638 2598 institutus.

2037 2613 2210 2683 Cujus
2232 2611 2567 2683 pteuitentiaa
2592 2611 2806 2666 initium
2857 2610 3078 2667 luerunt
3135 2611 3411 2680 publicani
3436 2623 3487 2666 et
3513 2627 3640 2682 pec-

2041 2716 2255 2763 calores
2294 2720 2418 2761 cum
2451 2705 2770 2773 poenitentia
2795 2705 2861 2760 ad
2890 2704 3172 2761 Christum
3206 2704 3551 2771 accedentes,
3586 2714 3642 2761 et

2039 2801 2108 2854 ab
2146 2814 2214 2854 eo
2244 2799 2508 2867 suscepti,
2535 2807 2590 2853 et
2616 2798 2755 2854 latro
2779 2813 2998 2868 quoque
3023 2799 3077 2853 in
3111 2814 3276 2853 cruce
3301 2798 3479 2855 solum
3505 2814 3642 2853 con-

2041 2891 2338 2947 fessionem
2366 2894 2538 2947 edens
2569 2896 2623 2947 et
2649 2891 2837 2959 (idem;
2886 2898 3053 2961 atque
3090 2909 3109 2943 ι
3152 2891 3433 2947 Memento
3462 2893 3567 2947 mei
3617 2910 3640 2944 ι

2042 2972 2428 3056 pronuntians.
2456 2985 2577 3054 Ipse
2611 2983 2987 3054 apostolorum
3006 2984 3333 3055 coryphaeus
3365 2998 3489 3039 cum
3518 2994 3647 3054 post

2044 3075 2352 3143 negationis
2410 3076 2624 3145 lapsum
2669 3074 2919 3131 ﬂevisset
2977 3090 3185 3139 amare,
3226 3084 3280 3130 et
3327 3077 3646 3131 misericor-

2043 3164 2191 3220 diam
2245 3175 2574 3221 consecutus
2611 3175 2718 3232 est,
2773 3176 2829 3220 et
2877 3165 3021 3221 trina
3059 3166 3488 3235 interrogatione
3532 3166 3650 3233 pri-

2043 3258 2188 3312 stino
2214 3257 2378 3313 statui
2412 3257 2723 3321 reStitutus,
2746 3257 3008 3328 quodque
3032 3259 3230 3327 majus,
3262 3260 3448 3313 ovium
3480 3258 3645 3315 Chri-

2048 3347 2329 3416 sti,pastor
2364 3349 2699 3403 constitutus
2742 3358 2850 3414 est,
2886 3361 2944 3403 ut
2969 3364 3069 3405 eas
3096 3365 3220 3404 cum
3259 3348 3563 3405 attentione
3594 3360 3651 3406 et

348 3443 473 3514 Θείᾳ
499 3441 567 3494 τὰ
594 3409 864 3512 πρόϐατα,
908 3409 1017 3494 duo
1044 3440 1139 3493 τοῦ
1179 3409 1413 3494 πταῖσαι
1464 3409 1563 3493 κᾶῖ
1593 3409 1937 3513 προσδεχθῆ-

2057 3441 2465 3496 mansuetudine
2512 3450 2785 3511 pasceret,
2819 3450 2988 3510 atque
3013 3458 3045 3497 a
3074 3442 3229 3511 lapsu
3270 3457 3395 3511 suo,
3441 3450 3651 3512 etpost

351 3553 460 3600 vat,
486 3534 547 3589 τὸ
573 3535 704 3595 τοὺς
729 3535 1074 3596 πταίσαντας
1104 3532 1360 3603 δέχεσθαι
1405 3531 1597 3602 μαθὼν
1644 3534 1944 3603 μεταγνόν-

350 3645 484 3691 τα;’
527 3627 621 3681 καὶ
652 3628 749 3680 σὺν
775 3626 929 3694 αὐτῷ
966 3625 1211 3690 ἅπαντες
1234 3641 1247 3657 ο
1283 3626 1311 3678 ὁ
1346 3626 1459 3693 γὰρ
1507 3627 1580 3695 μὴ
1614 3628 1855 3689 πταίσας
1886 3628 1945 3680 ὲν

355 3720 669 3791 ἀνθρώποις
691 3718 970 3789 οὐκ-ἐστιν
996 3719 1134 3781 ὅλως
1156 3733 1170 3747 ·
1216 3719 1311 3773 καὶ
1339 3718 1556 3789 πρῶτος
1581 3720 1819 3781 πταίσας
1850 3718 1947 3773 καὶ

361 3817 500 3885 ὑπὲρ
535 3815 744 3879 πάντας
783 3814 842 3868 ἐν
868 3814 1006 3867 πᾶσι
1040 3813 1253 3877 πιστοῖς
1290 3810 1424 3879 ἐγὼ,
1457 3809 1555 3865 καὶ
1587 3809 1949 3882 συγχωρηθῆ-

362 3926 451 3962 ναι
480 3908 805 3977 αἰτούμενος
836 3905 932 3958 καὶ
960 3904 1229 3974 σωθῆναι.

431 4001 748 4068 Κληρικός.
801 3998 890 4062 Ὠς
957 3999 1214 4069 ἀληθῶς,
1263 3998 1523 4060 δέσποτα,
1558 3995 1654 4048 τοῦ
1697 3992 1948 4048 τοιούτου

355 4093 633 4166 χρῄζομεν
666 4094 870 4156 πάντες
899 4109 912 4122 ’
951 4092 1033 4145 ὅτι
1077 4093 1175 4145 καὶ
1210 4092 1408 4153 πάντες
1456 4088 1726 4160 διηνεκῶς
1772 4086 1950 4156 ἁμαρ-

356 4189 487 4243 τάνο
494 4204 615 4259 μεν.

908 4298 1165 4353 ΚΕΦΑΛ.
1199 4296 1367 4351 ΣΝΑἏ

358 4416 492 4469 Ὀτι
519 4414 698 4469 τοῦτο
727 4411 1131 4483 μετάνοια,τὸ
1154 4408 1453 4483 διηνεκῶς
1496 4408 1955 4483 ταπεινοῦσθαι,

431 4485 533 4539 καὶ
581 4479 939 4553 ἀμαρτωλόνή
983 4481 1188 4549 λέγειν
1240 4479 1344 4533 καὶ
1395 4479 1657 4553 trepidem
1698 4481 1954 4553 ἑαυτὸν,

431 4556 530 4609 καὶ
561 4548 713 4622 πρὀςῖ
742 4553 859 4622 τὴν
884 4548 1287 4622 ἐξαγόρευσιν
1312 4548 1567 4619 τρέχειν.
1601 4552 1709 4606 Καί
1739 4551 1829 4604 ὅτι
1859 4551 1960 4604 οὐ·

429 4625 560 4691 δείς
587 4624 850 4694 καθαρὸς
878 4623 949 4676 ἐν
985 4621 1349 4690 ἀνθρώποις.

447 4742 812 4811 ⁹Αρχιερεύς.
849 4738 1119 4810 Ἀληθῶς,
1159 4736 1383 4805 ἀδελφέ.
1410 4735 1508 4798 Τίς
1548 4735 1961 4805 γὰρ’κανχήσε-
1993 4763 2044 4825 D

363 4852 451 4889 ται
478 4835 649 4907 ἁγνὴν
678 4834 827 4904 ἔχειν
864 4832 963 4904 τὴν
988 4829 1250 4901 καρδίαν;
1279 4829 1311 4899 ἢ
1339 4828 1421 4891 τίς
1454 4828 1695 4899 καθαρὸς
1723 4829 1830 4882 ἀπὸ
1865 4829 1962 4897 ρύ-

366 4946 494 4991 πον,
525 4929 599 4990 ὡς
649 4926 1003 4995 γέγραπται,
1037 4922 1141 4983 κᾶν
1198 4918 1593 4989 μίανήμέραν
1643 4916 1962 4991 ἐνδιατρίψῃ

366 5020 443 5092 τῷ
481 5021 616 5091 ptui;
647 5021 709 5072 τὸ
747 5017 848 5088 μὲν
889 5015 964 5070 ῶν
999 5015 1108 5068 ἀπὸ
1159 5012 1258 5082 τῆς
1294 5010 1633 5081 προγονικῆς
1684 5008 1965 5078 ἁμαρτίας

370 5114 718 5183 ἁμαρτωλὸς,
782 5110 844 5162 τὸ
873 5109 932 5163 δὲ
981 5111 1078 5162 καὶ
1110 5106 1411 5175 φωτισοεὶς
1457 5102 1535 5171 τῷ
1588 5102 1961 5171 βαπτὲσματι,

370 5211 532 5272 εὐθὺς
569 5209 664 5260 καὶ
716 5205 868 5258 ἄκων
917 5200 1062 5255 κατά
1096 5218 1148 5253 τι
1200 5195 1556 5277 περιπίπτων
1591 5196 1657 5265 τῇ
1690 5193 1960 5263 ἁμαρτίᾳ.

375 5302 448 5354 Τὸ
475 5302 584 5369 γὰρ
614 5312 736 5350 τινα
774 5295 937 5364 χάριν
984 5289 1175 5343 τούτου
1233 5286 1623 5361 ἡμαρτηκέναι
1677 5286 1844 5351 γονέα
1875 5301 1968 5336 “w-

374 5395 470 5465 χον
501 5393 533 5464 ἢ
568 5392 722 5460 φίλον
755 5390 785 5454 ἢ
813 5385 1076 5455 συγγενῆ,
1100 5384 1239 5454 ὅπερ
1267 5380 1532 5437 ἀδύνατον
1560 5378 1636 5448 μὴ
1668 5377 1968 5447 συμϐῆναι,

377 5489 426 5539 εί
459 5485 556 5539 καὶ
612 5484 670 5536 ὲν
707 5482 904 5551 ἀγνοίᾳ
938 5479 1034 5532 τοῦ
1091 5477 1353 5547 βρέφους,
1418 5472 1533 5526 ἀλλ’
1585 5471 1737 5524 αἰτία
1773 5469 1967 5522 τούτου

378 5577 709 5647 συμὸαἰνειο
764 5574 860 5627 καὶ
919 5569 1316 5642 προστρίὸεται
1371 5563 1548 5633 τούτῳ
1603 5563 1774 5633 ῥύπος
1806 5560 1971 5623 εὐθὺς

382 5670 478 5725 καὶ
508 5668 839 5739 ἁμάρτημα.
865 5663 1102 5716 Ἔπειτα
1132 5660 1227 5712 καὶ
1272 5659 1369 5713 ἅνυ
1382 5672 1563 5728 ρωπος
1594 5653 1753 5707 τοζτο
1784 5652 1965 5723 μόνον,

385 5763 434 5815 εἰ
467 5743 559 5813 καὶ
605 5758 704 5829 τὴν
753 5756 916 5827 χάριν
948 5750 1133 5811 ἔλαϐε,
1169 5750 1268 5803 καὶ
1324 5749 1392 5802 τὰ
1425 5748 1526 5817 τῆς
1559 5744 1768 5816 σαρκὸς
1804 5742 1968 5806 εὐθὺς

387 5854 543 5925 ζητεῖ
564 5850 829 5923 γεννηθὲν
851 5890 865 5918 ,
892 5848 985 5903 καὶ
1017 5844 1229 5914 ἀλόγως
1270 5843 1363 5899 καὶ
1391 5839 1487 5895 τοῦ
1521 5838 1722 5894 ἐννοεῖν
1775 5835 1967 5903 χωρὶς,

2045 3533 2260 3603 lapsum
2312 3534 2628 3603 receptione
2659 3549 2780 3599 sua,
2812 3534 2997 3604 lapsos
3046 3536 3377 3605 preuitentes
3405 3537 3653 3606 recipere

2045 3622 2305 3687 disceret,
2332 3623 2586 3693 idemque
2618 3639 2743 3680 cum
2779 3624 2898 3693 ipso
2929 3624 3204 3679 discerent
3231 3640 3422 3681 onmes
3450 3623 3644 3682 Eccleo

2047 3716 2144 3769 sia;
2174 3725 2446 3785 pastores.
2467 3715 2665 3772 Nullus
2703 3716 2849 3770 enim
2875 3716 3103 3771 omnino
3126 3717 3290 3771 homo
3317 3724 3403 3772 est
3429 3717 3517 3787 qui
3538 3733 3649 3773 non

2050 3819 2261 3877 peccet,
2300 3810 2623 3879 primusque
2647 3824 2771 3880 ego.
2799 3816 2853 3865 et
2875 3824 3042 3879 super
3072 3823 3268 3865 omnes
3304 3809 3493 3866 ﬁdeles
3521 3825 3651 3881 pec-

2049 3901 2192 3967 cavi,
2228 3884 2553 3969 veniamque
2582 3910 2637 3958 et
2669 3907 2903 3958 salutem
2936 3903 3178 3972 postulo.

2126 3994 2387 4050 Clericus.
2430 3995 2607 4061 Quam
2644 4011 2772 4050 vere
2805 4010 2999 4062 omnes
3033 3994 3196 4063 hujus
3229 3997 3407 4052 venite
3436 3997 3649 4068 indige-

2053 4104 2198 4157 mus,
2233 4104 2354 4144 cum
2394 4102 2588 4145 omnes
2614 4089 2875 4143 continuo
2901 4089 3205 4154 peccemus!

2621 4290 2854 4348 CAPUT
2892 4289 3067 4346 CCLI.

2062 4408 2192 4466 Esse
2215 4413 2601 4480 paenitentiam.
2654 4408 2849 4478 siquis
2891 4410 3219 4462 continenter
3281 4402 3523 4480 [tutniliet
3578 4418 3658 4480 se:

2135 4473 2306 4545 ipsum
2344 4498 2498 4550 seque
2520 4480 2712 4534 habeat
2732 4473 3053 4550 peccatorem
3079 4495 3141 4530 ac
3164 4477 3503 4550 proﬁteatur,
3519 4473 3660 4550 ctad

2134 4543 2520 4624 confessionem
2551 4543 2812 4619 properet.
2850 4548 3033 4618 Neque
3056 4543 3371 4618 quamquam
3399 4547 3537 4600 inter
3559 4543 3651 4597 Ito-

2138 4624 2304 4678 mt'nes
2337 4640 2446 4677 csse
2481 4639 2671 4692 purum
2693 4640 2725 4673 a
2754 4626 3010 4690 peccatis.

2148 4714 2631 4785 Episcopus.\’erc,
2668 4716 2852 4767 lrater.
2871 4711 3006 4778 Quis
3050 4710 3194 4765 enim
3240 4706 3562 4790 gloriabitur
3604 4719 3664 4765 se

2074 4826 2168 4866 cor
2195 4811 2397 4864 habere
2419 4809 2641 4876 purum?
2661 4807 2747 4863 vel
2766 4806 2888 4876 quis
2922 4807 2991 4859 ab
3021 4803 3167 4857 omni
3201 4802 3363 4856 sorde
3390 4814 3584 4867 purus,
3606 4803 3666 4850 ut

2075 4903 2361 4967 scribitur,
2394 4901 2522 4954 licet
2556 4900 2698 4953 diem
2733 4912 2902 4952 unum
2946 4896 3068 4948 vitro
3130 4890 3462 4961 impenderit
3492 4889 3514 4941 ?
3546 4889 3663 4943 sive

2075 4997 2461 5053 consideretur
2503 4993 2573 5047 ob
2624 4997 2910 5060 peccaturo
2966 4983 3226 5055 originale
3247 4988 3524 5051 peccator,
3549 4979 3666 5034 sive

2076 5090 2138 5144 ba
2151 5090 2349 5158 ptismo
2379 5085 2739 5143 illuminatus,
2757 5079 2964 5144 statim,
2990 5077 3112 5130 licet
3130 5074 3358 5139 invitus,
3375 5073 3429 5126 in
3445 5072 3663 5141 aliquod

2078 5190 2361 5251 precatum
2390 5174 2661 5229 inciderit.
2707 5170 2851 5224 Fieri
2882 5170 3028 5223 enim
3064 5183 3171 5220 nou
3201 5175 3377 5237 potest
3405 5172 3463 5219 ut
3494 5164 3579 5217 vel
3610 5164 3668 5218 in

2080 5273 2326 5328 infautizc
2355 5266 2661 5337 ignorantia
2693 5278 2803 5318 non
2836 5261 3128 5332 aliquando
3158 5260 3437 5328 contingat
3460 5257 3543 5311 vel
3574 5272 3669 5326 pa-

2079 5378 2240 5428 trem,
2262 5364 2344 5417 vel
2365 5360 2632 5423 amicum,
2656 5356 2736 5411 vel
2755 5362 3047 5424 COgnatum
3075 5352 3309 5421 aliquem
3337 5350 3484 5405 illius
3503 5363 3669 5403 causa

2079 5470 2356 5529 peccasse.
2395 5452 2502 5505 Sed
2554 5450 2712 5505 istius
2749 5448 2824 5501 rei
2883 5460 3052 5500 causa
3102 5443 3370 5513 contingit
3401 5449 3461 5496 ut
3488 5441 3670 5495 statim

2085 5552 2162 5605 illi
2190 5548 2403 5603 macula
2432 5554 2484 5599 et
2516 5550 2800 5615 peccatum
2844 5539 3136 5602 tribuatur,
3166 5551 3290 5591 cum
3327 5537 3513 5599 homo,
3548 5533 3671 5587 licet

2084 5642 2316 5712 gratiam
2376 5636 2673 5705 arceperit,
2730 5634 2800 5687 ob
2855 5632 2960 5686 hoc
3014 5629 3193 5685 solum
3232 5635 3439 5693 etquae
3487 5625 3671 5679 carnis

2083 5742 2234 5795 sunt,
2276 5732 2462 5787 statim
2489 5744 2554 5782 ac
2599 5734 2890 5797 generatus
2926 5734 3007 5778 est
3049 5719 3425 5791 imprudenter
3451 5724 3503 5769 et
3552 5715 3672 5769 sine

2082 5836 2264 5885 incute
2317 5833 2527 5894 quierat
2553 5834 2605 5877 et
2627 5828 2862 5890 appetat.
2895 5815 3005 5872 lloc
3039 5825 3217 5871 autem
3243 5827 3308 5869 cx
3363 5819 3673 5875 transgres-
