4078 6472
301 383 336 404 κ
430 343 542 408 475
1262 339 1652 403 SYMEONIS
1693 334 2474 399 TIIESSALONICENSIS
2518 333 2877 395 ABCIIIEP.
3607 323 3726 385 £76

431 460 637 514 bonam
691 455 1173 522 constitutionem,
1217 457 1481 510 stantium
1521 453 2059 516 conﬁrmationem“

2162 449 2503 520 αταρτισμδν
2532 449 2644 501 τῶν
2671 445 2884 516 ψυχῶν,
2919 443 3058 512 πρδς
3102 441 3204 510 τὴν
3245 439 3357 494 τῶν
3381 437 3532 540 ἠθῶν
3562 437 3717 540 διόρ-

437 550 711 618 Iapsorum
735 550 1113 614 erectionem,
1127 562 1320 602 eorum
1349 549 1440 617 qui
1461 549 1618 614 longe
1641 545 1878 600 submoti
1897 551 2026 598 sunt

2162 558 2298 594 ωσιν
2327 541 2424 594 καὶ
2453 539 2796 592 κατάστασιν
2832 532 3066 604 ἀγαθὴν,
3101 531 3238 602 πρὸς
3274 529 3578 600 στηριγμδν
3601 529 3721 618 τῶν

437 639 836 703 reductionem,
872 655 1268 694 concussorum
1295 649 1352 694 et
1385 639 1836 692 tumultuantium
1891 651 2025 690 con-

2162 632 2461 701 τταμένων,
2498 630 2636 697 πρὸς
2674 629 2972 698 ἀνέγερσιν
3003 625 3110 678 τῶν
3146 620 3541 686 πεπτωκότων,
3575 617 3720 719 πρές

437 729 766 792 sistentiam,
787 731 1036 784 omnium
1061 730 1318 797 denique,
1345 729 1663 797 quea‘lJieri
1692 734 1888 802 potest,
1919 727 2028 781 uti-

2162 723 2499 790 παναγωγὴν
2537 720 2648 774 τῶν
2687 717 3140 787 μακρυνθέντων,
3177 712 3316 783 πρὸς
3365 711 3556 764 στάσιν
3603 711 3722 759 τῶν

438 816 667 875 Ιίιῖιιοιιι.
699 819 836 875 Nam
869 831 1100 882 artes.et
1127 822 1446 876 dill‘ereutes
1495 821 1736 874 metliodi
1771 836 1890 873 cum
1927 834 2027 872 na-

2162 815 2526 885 ηλονηθέντων,
2555 813 2694 882 προς
2744 811 2848 880 τὴν,
2879 810 3116 873 δυνατὴν
3163 806 3274 860 τῶν
3319 803 3540 856 πάντων
3573 800 3728 868 ὠφέ-

439 923 560 964 tura
596 922 730 966 orta:
754 928 862 965 non
893 924 1044 987 sunt,
1075 915 1168 967 sed
1206 923 1398 968 natura
1428 915 1705 982 posterius
1743 915 1977 968 iuventte
2009 929 2024 966 :

2164 927 2282 964 ειαν
2305 927 2318 942 ο
2359 909 2444 962 ὅτι
2472 906 2592 959 οὐδὲ
2628 905 2765 974 μετὰ
2802 903 2902 972 τῆς
2951 901 3175 970 φύσεως
3223 899 3278 952 αἱ
3310 898 3501 966 τέχναι
3532 911 3591 947 τε
3619 892 3724 944 καὶ

439 1004 586 1058 Deus
618 1018 749 1057 vero
813 1012 1069 1057 naturam
1105 1005 1410 1076 corrigens,
1445 1020 1509 1056 ex
1548 1005 1716 1056 rebus
1757 1003 2028 1070 simplici-

2165 1003 2378 1072 ιάφοροι
2435 1000 2678 1070 μέθοδοι,
2731 997 2870 1051 ἀλλὰ
2907 997 3006 1065 τῆς
3049 995 3267 1064 φύσεως
3297 991 3523 1060 ὕστερον
3551 989 3723 1056 ἐφευ-

439 1093 546 1148 bus
575 1110 602 1146 a
636 1105 832 1149 natura
865 1094 1032 1158 datis,
1061 1104 1249 1150 etnon
1283 1095 1577 1158 variegntis
1617 1110 1736 1147 eam
1778 1094 2024 1161 corrigit.

2162 1096 2336 1156 πέσεις.
2384 1094 2517 1155 Θεὸς
2552 1092 2608 1145 δὲ
2634 1091 2736 1160 τὴν
2770 1089 2934 1157 φύσιν
2970 1085 3312 1155 ἐπανορθῶν,
3345 1084 3407 1135 ὲκ
3435 1081 3546 1132 τῶν
3575 1079 3734 1131 δεδο-

443 1183 569 1238 ldeo
611 1186 928 1239 incarnatus
981 1196 1065 1240 est
1099 1201 1196 1256 per
1227 1197 1474 1241 nostram
1520 1187 1693 1254 ipsum
1735 1195 2019 1252 naturam,

2162 1187 2314 1240 ιένων
2353 1188 2420 1254 τῇ
2461 1185 2630 1252 φύσει,
2657 1181 2848 1236 ἁπλῶν
2907 1180 3004 1232 καὶ
3055 1176 3357 1232 ἀποικίλων
3402 1169 3724 1239 ἐπανορθοῖ.

445 1277 754 1332 reformatis
805 1285 860 1331 et
931 1277 1206 1348 rellngens
1278 1287 1557 1332 naturam.
1617 1276 1814 1332 Verbis
1864 1278 2032 1346 igitur

2162 1277 2224 1329 tto
2257 1275 2351 1328 xui.
2404 1275 2752 1342 σεσάρκωται
2803 1269 2891 1323 διὰ
2941 1269 3042 1338 τῆς
3090 1266 3261 1330 αὐτῆς
3319 1264 3456 1334 ἡμῖν
3498 1261 3728 1329 φύσεως

445 1369 806 1438 simplicibus,
863 1379 916 1426 et
963 1386 994 1425 a
1029 1371 1241 1441 Spiritu
1299 1372 1608 1441 prtesertim
1642 1371 2033 1425 emanantibus

2162 1365 2471 1438 ιναμορφῶν
2521 1367 2616 1419 καὶ
2673 1363 3036 1418 ἀναπλάττων
3095 1359 3194 1429 τὴν
3246 1359 3432 1424 φύσιν.
3488 1353 3598 1406 Καὶ
3665 1351 3731 1403 ἐν

447 1459 644 1512 doceat
674 1459 887 1524 doctor,
930 1468 993 1513 ut
1024 1467 1078 1514 et
1127 1459 1464 1536 corrigatur,
1521 1471 1577 1514 et
1607 1460 1711 1516 sibi
1754 1460 1949 1529 prosit,
1979 1469 2036 1514 et

2162 1459 2328 1521 ιπλοῖς
2351 1460 2534 1512 τοίνυν
2568 1457 2748 1526 λόγοις
2781 1455 2880 1509 καὶ
2933 1455 3045 1514 τοῖς
3095 1449 3192 1504 τοῦ
3231 1447 3556 1536 Πνεύματος
3591 1442 3734 1536 p.11-

448 1549 779 1605 ltumiliatus
809 1551 878 1605 de
913 1551 1083 1606 variis
1114 1550 1387 1606 sermonis
1421 1553 1506 1606 sui
1555 1551 1784 1607 ﬂoribus
1818 1567 1924 1606 non
1973 1565 2036 1606 se

2162 1567 2228 1602 ,ον
2256 1551 2282 1599 ὁ
2324 1548 2640 1610 διδάσκαλος
2685 1545 3004 1606 διδασκέτω,
3040 1542 3129 1594 ἵνα
3161 1539 3255 1594 καὶ
3289 1534 3584 1606 κατορθοῖ,
3626 1530 3737 1585 καὶ

449 1641 688 1698 inaniter
736 1650 1003 1704 ostentet,
1044 1641 1182 1696 nihil
1224 1659 1356 1698 suos
1393 1643 1675 1699 auditores
1724 1644 1950 1713 juvans,
1979 1653 2036 1699 et

2169 1643 2329 1694 auri»)
2355 1642 2566 1710 ὠφελῇ.
2604 1637 3041 1704 ταπεινούμενος
3069 1633 3146 1688 ῶν
3179 1633 3274 1686 καὶ
3307 1631 3384 1701 μὴ
3417 1626 3736 1695 κομπάζων

450 1735 698 1789 debitum
748 1752 856 1790 non
908 1738 1219 1792 exsolvens.
1249 1737 1361 1792 Hoc
1403 1738 1586 1792 omnis
1615 1738 2033 1806 praedicationis

2168 1752 2203 1788 κ
2225 1735 2340 1786 τῶν
2373 1725 2658 1796 ποικίλων,
2696 1728 2818 1800 μηδ’
2851 1727 3080 1797 ὠφελῶν
3117 1725 3243 1786 τοὺς
3279 1722 3603 1785 ἀκούοντας,
3630 1717 3741 1772 καὶ

452 1835 508 1878 et
538 1827 800 1883 doctrinae
829 1828 987 1884 tinem
1021 1843 1146 1885 esse
1179 1837 1353 1893 putet,
1377 1830 1462 1884 vel
1485 1801 1832 1886 auditoribus
1856 1831 2033 1886 etsibi

2162 1827 2201 1879 τὸ
2233 1827 2391 1896 χρέος
2427 1823 2785 1894 ἀποπληρῶν,
2819 1819 2978 1874 τοῦτο
3012 1820 3214 1880 παντδς
3241 1817 3604 1886 κηρύγματος
3631 1811 3741 1867 καὶ

454 1919 709 1975 obnoxiis
738 1925 1026 1990 prodesse,
1088 1921 1170 1976 vel
1221 1920 1409 1976 debito
1468 1921 1836 1978 satisfacere:
1879 1939 1898 1974 ι
1941 1919 2037 1978 ναι

458 2013 612 2078 milii,
637 2013 816 2082 inquit
843 2015 1160 2084 Apostolus,
1185 2016 1288 2070 nisi
1315 2017 1790 2086 evangelizavero.
1828 2033 1849 2068 ι
1884 2015 2039 2086 Saepe

459 2107 628 2160 etiam
661 2109 1003 2162 demonstrat
1039 2123 1148 2163 non
1181 2124 1305 2164 esse
1336 2117 1622 2179 tantopere
1663 2109 2068 2165 festinandum-

459 2198 526 2251 ad
561 2199 698 2252 alias
732 2213 920 2255 sacras
949 2198 1219 2261 actiones,
1254 2208 1310 2253 et
1346 2211 1719 2266 sacramenta,
1744 2202 2042 2271 ipsumque

463 2287 799 2352 baptismum
827 2291 1220 2358 peragendum,
1259 2293 1354 2346 sed
1383 2291 1680 2360 aliquando
1712 2307 2041 2362 prteponen-

461 2380 586 2433 dam
617 2397 738 2436 esse
779 2381 1248 2449 praedicationem,
1281 2391 1344 2437 ut
1380 2384 1566 2453 plures
1618 2391 2042 2448 convertantur,

461 2471 652 2528 dicens
677 2490 692 2528 :
727 2493 746 2526 t
774 2473 890 2529 Non
911 2475 1056 2530 enim
1078 2477 1229 2531 misit
1250 2493 1334 2532 me
1353 2478 1605 2532 Cltrisms
1623 2479 1926 2546 baptizare,
1948 2477 2044 2534 sed

459 2566 860 2632 evangelizare.
904 2585 922 2619 ι
965 2565 1291 2638 Quanquam
1315 2569 1460 2622 enim
1487 2569 1850 2640 baptizaverit
1869 2581 1925 2626 et
1953 2571 2047 2626 Ti-

463 2656 746 2712 motheum
773 2668 824 2712 ct
859 2656 1152 2726 Stephants
1183 2661 1430 2720 domum.
1468 2670 1521 2716 et
1560 2663 1745 2732 plures
1772 2663 1932 2727 alios,
1967 2673 2050 2718 at-

465 2759 645 2803 tamen
679 2751 1121 2817 praedicationem
1158 2753 1242 2806 liis
1272 2753 1592 2821 prmposuit.
1620 2751 1852 2823 Propter
1874 2756 2050 2824 quid?

461 2839 600 2908 Quia
618 2845 851 2911 primum
873 2844 1148 2899 inﬁdelem
1181 2854 1396 2914 oportet
1428 2853 1754 2900 convertere
1775 2847 1838 2899 ad
1862 2847 2048 2914 (idem,

462 2945 516 2988 et
548 2949 670 2989 eum
695 2944 885 3003 postea
911 2936 1212 3004 baptizare.
1250 2936 1536 3004 Baptizare
1565 2937 1732 3008 igitur
1757 2946 1843 2992 est
1861 2952 2051 2992 sacer-

459 3027 608 3082 dotis
639 3028 897 3096 alicujus,
944 3040 1268 3084 convertere
1300 3045 1429 3083 vero
1461 3030 1722 3083 doctoris.
1757 3029 1864 3084 Sed
1902 3047 2050 3086 nunc

2140 1917 2495 1981 διδασκαλίας
2517 1916 2756 1986 νομίζων
2778 1913 2958 1978 τέλος,
2991 1915 3024 1985 ἦ
3058 1913 3118 1966 τὸ
3157 1912 3284 1973 τοὺς
3313 1907 3591 1976 ἀκροατὰς
3630 1908 3740 1960 καὶ

2145 2011 2236 2082 ὑφ’
2269 2013 2433 2067 αὑτὸν
2491 2013 2819 2080 ὠφελῆσαι,
2869 2011 2902 2079 ἦ
2957 2011 3017 2063 τὸ
3071 2009 3230 2078 χρέος
3295 2002 3738 2073 ἀποπληρῶσαι.

2151 2125 2170 2158 ι
2204 2107 2344 2161 Οὐαί
2399 2123 2490 2175 μοι
2519 2105 2652 2173 γὰρ,
2687 2105 2818 2172 φησὶ
2859 2104 3093 2164 Παῦλος,
3129 2103 3224 2156 ἐὰν
3256 2100 3329 2171 μὴ
3361 2097 3740 2165 εὐαγγελίζω-

2150 2212 2269 2265 μαι.
2315 2213 2334 2248 ›
2376 2194 2474 2258 Ὃς
2505 2195 2718 2256 καὶτὰς
2758 2194 2926 2256 ἄλλας
2950 2192 3211 2252 πολλάκις
3243 2190 3520 2242 δείκνυται
3557 2187 3726 2256 ἱερὰς

2147 2285 2376 2354 πράξεις
2422 2287 2517 2339 καὶ
2569 2286 2828 2352 τελετὰς,
2866 2287 2962 2338 καὶ
2997 2285 3132 2338 αὐτὸ
3182 2283 3243 2336 το
3303 2283 3592 2351 βάπτισμα
3649 2279 3738 2348 μὴ

2151 2381 2406 2435 σπεύδειν
2446 2379 2700 2432 τοσοῦτον
2727 2380 2996 2448 ἐνεργεῖν,
3019 2376 3157 2431 ἀλλὰ
3185 2374 3511 2446 προτιθέναι
3539 2373 3600 2425 τὸ
3631 2389 3740 2440 κη-

2152 2474 2393 2544 ρύσσειν,
2429 2472 2518 2524 ἵνα
2550 2472 2838 2534 πλείστους
2868 2469 3206 2538 ἐπιστρέψῃ,
3245 2469 3340 2522 καὶ
3376 2467 3565 2534 φησὶν,
3604 2485 3623 2517 ι
3655 2465 3739 2518 Οὐ

2150 2567 2260 2636 γὰρ
2294 2565 2588 2619 ἀπέστειλέ
2624 2581 2694 2632 με
2730 2565 2966 2631 Χριστος
3003 2559 3319 2630 βαπτίζειν,
3355 2560 3474 2613 ἀλλ’
3501 2561 3745 2626 εὐαγγε-

2149 2659 2434 2725 λίζεσθαι·
2468 2678 2485 2710 ι
2525 2659 2706 2711 καίτοι
2755 2674 2817 2726 γε
2849 2655 3113 2718 ὲϐἁπτιζε
3143 2672 3158 2686 ’
3191 2655 3288 2708 καὶ
3311 2657 3421 2721 ,τ’»ν
3471 2653 3745 2722 Τιμόθεον

2151 2754 2280 2824 γὰρ,
2311 2753 2408 2806 καὶ
2446 2751 2537 2804 τὸν
2572 2751 2824 2822 Στεφανᾶ
2855 2745 3028 2808 οἷκον,
3061 2751 3160 2802 καὶ
3209 2748 3500 2812 πλείστους
3543 2745 3746 2807 ἄλλους

2154 2847 2468 2902 ἐϐάπτισεν.
2523 2844 2684 2898 Ἀλλὰ
2739 2847 2932 2898 τούτου
2995 2841 3057 2896 τὸ
3127 2844 3392 2913 κήρυγμα
3446 2839 3748 2922 προτίθησι

2160 2941 2382 3010 μᾶλλον.
2425 2939 2614 3002 Διατί;
2666 2938 2790 2990 Ὅτι
2823 2938 2906 2991 δεῖ
2954 2936 3225 3006 πρότερον
3264 2934 3594 3002 ἐπιστρέψαι
3646 2932 3746 2984 τὸν

2159 3035 2389 3088 ἄπιστον
2421 3033 2556 3102 πρὸς
2591 3033 2690 3098 τὴν
2723 3031 2930 3093 πίστιν,
2961 3031 3056 3084 καὶ
3086 3030 3209 3082 τότε
3233 3026 3424 3082 τοῦτον
3453 3026 3742 3096 βαπτίσαι.

463 3121 646 3183 video,
665 3121 767 3173 heu
787 3121 801 3173 l
823 3121 1174 3174 sacerdotum
1221 3120 1421 3176 multos
1445 3132 1788 3176 sacramenta
1807 3133 2056 3178 contem-

2162 3127 2227 3181 Τὸ
2277 3126 2538 3193 βαπτίσαι
2578 3122 2673 3177 οὖν
2718 3125 2816 3175 καὶ
2861 3123 3058 3192 ἱερέως
3087 3121 3254 3182 τινὸς.
3289 3121 3350 3174 τὸ
3385 3120 3442 3173 δὲ
3489 3121 3748 3189 ἐπιστρέ-

464 3228 620 3278 nere,
643 3211 807 3266 simul
839 3222 892 3267 et
917 3213 1147 3266 verbum
1191 3213 1472 3280 doctrinae,
1493 3223 1547 3268 et
1568 3214 1809 3270 divinam
1845 3216 2048 3271 saluta-

467 3319 691 3372 remque
712 3302 1150 3372 praedicatiOneut
1176 3321 1192 3372 ;
1221 3307 1390 3360 semel
1418 3307 1640 3374 quidem
1674 3325 1796 3362 cum
1826 3309 1968 3366 l‘astu
1998 3321 2050 3366 et
2074 3293 2082 3302 ’

464 3397 758 3468 phantasia
788 3397 1026 3468 quadam
1065 3399 1213 3459 ducti
1248 3415 1402 3454 sacra
1433 3399 1724 3465 facientes,
1757 3396 1884 3455 raro
1918 3417 2051 3457 vero

469 3503 785 3558 precantes,
821 3502 876 3545 et
902 3507 1183 3561 nunquam
1216 3493 1604 3560 praedicantes.
1643 3495 1933 3562 magnifice
1965 3511 2053 3551 se-

468 3580 688 3644 dentes,
719 3587 773 3634 et
798 3580 1130 3648 iudiciorum
1164 3582 1513 3636 saecularium
1543 3598 1731 3636 curam
1759 3598 2051 3653 gerentes:

469 3669 618 3724 unde
670 3685 864 3740 pugnae
907 3670 1290 3740 tumultusque
1318 3686 1522 3727 omnes
1543 3683 1867 3739 nascuntur,
1911 3675 2051 3736 lites,

469 3770 525 3816 et
559 3762 950 3818 altercationes
1011 3763 1256 3828 inutiles,
1300 3762 1412 3819 imo
1453 3765 1744 3820 animabus
1785 3769 1966 3821 noxia».
2000 3776 2056 3821 et

469 3852 710 3908 infestae.
749 3854 877 3909 Illos
923 3855 1082 3910 video
1116 3856 1362 3910 animum
1417 3859 1578 3912 anxie
1625 3872 1964 3928 occupantes
2000 3860 2054 3915 in

474 3943 743 3998 bonorum
772 3947 1222 4014 corruptibilium
1263 3950 1655 4013 sollicitudine,
1711 3953 1834 4006 vitae
1872 3964 2053 4004 autem

474 4050 592 4091 sua:
636 4037 924 4104 spiritalis,
949 4041 1098 4093 velut
1123 4041 1192 4095 iis
1246 4042 1419 4109 magis
1447 4042 1724 4111 spiritales
1775 4048 1868 4114 qui
1923 4048 2058 4114 ipsis

477 4129 736 4190 subsunt.
762 4131 1137 4200 inquisitionis
1173 4149 1456 4188 sacrarum
1492 4136 1931 4206 Scripturarum,
1965 4139 2062 4193 ob-

479 4223 812 4276 servationis
844 4236 1141 4287 canonum,
1179 4225 1262 4278 vel
1318 4227 1550 4282 alterius
1582 4229 1634 4282 in
1667 4229 1891 4284 Patrum
1920 4231 2062 4286 scri-

479 4323 575 4382 pta
607 4327 780 4368 sacrae
831 4315 1127 4384 diligentiae
1179 4318 1383 4372 nullam
1430 4323 1695 4376 rationem
1753 4323 2059 4392 habentes;

481 4420 584 4460 nec
619 4407 684 4461 de
705 4407 980 4472 ecclesiis,
1011 4425 1112 4463 nec
1141 4409 1208 4463 de
1235 4411 1448 4467 Christi
1474 4415 1603 4468 ovili
1627 4416 1917 4479 sollicitos,
1939 4419 2065 4480 licet

2151 3217 2252 3287 ψαι
2299 3216 2651 3272 διδασκάλου.
2688 3213 2851 3267 Ἀλλὰ
2902 3212 2997 3266 νῦν
3029 3211 3141 3283 δρῶ
3179 3210 3281 3276 φεῦ
3312 3213 3324 3265 ί
3363 3213 3482 3281 ἅμα
3506 3212 3601 3264 καὶ
3631 3211 3748 3264 τῶν

2155 3309 2319 3378 ἱερῶν
2349 3309 2802 3376 καταμελοῦντας
2838 3305 3070 3368 πολλοὺς
3097 3303 3355 3363 τελετῶν,
3395 3305 3494 3356 καὶ
3531 3301 3624 3355 τοῦ
3655 3303 3744 3372 λό-

2154 3419 2254 3471 γου
2310 3404 2410 3472 τῆς
2445 3401 2802 3464 διδασκαλίας
2859 3399 2954 3452 τοῦ
3013 3398 3372 3468 κηρύγματος
3415 3395 3508 3450 τοῦ
3557 3395 3748 3449 ἐνθέου

2155 3494 2248 3549 xui.
2278 3495 2574 3563 σωτηρίου,
2603 3493 2699 3546 καὶ
2737 3491 2889 3555 ἅπαξ
2937 3489 3037 3560 μὲν
3069 3487 3498 3560 ἱερουργοῦντας
3543 3489 3750 3556 ὑπερο-

2155 3587 2329 3658 χικῶς
2367 3603 2426 3638 τε
2475 3586 2572 3639 καὶ
2639 3584 2781 3654 μετὰ
2836 3582 3141 3652 φαντασίας
3186 3583 3352 3644 τινος,
3389 3581 3647 3647 ὀλιγάκις
3683 3579 3747 3633 δὲ

2158 3680 2642 3749 προσευχομένους
2667 3715 2684 3740 ,
2717 3677 2810 3730 καὶ
2841 3673 3096 3745 οὐδαμῶς
3129 3673 3532 3743 κηρύσσοντας,
3576 3688 3751 3740 μεγα-

2158 3767 2452 3841 λοπρεπῶς
2490 3788 2552 3824 τε
2604 3768 3088 3840 προκαθημένους,
3125 3767 3222 3820 καὶ
3251 3766 3491 3836 κρίσεων
3526 3771 3754 3836 φροντί-

2161 3864 2354 3926 ζοντας
2403 3862 2688 3929 κοσμικῶν
2719 3901 2734 3924 ,
2768 3863 2826 3928 ἐξ
2856 3852 2930 3912 ὧν
2962 3859 3135 3928 μάχαι
3184 3859 3277 3910 καὶ
3303 3860 3540 3928 ταραχαὶ
3575 3860 3755 3914 πᾶσαι

2161 3957 2458 4015 τίκτονται,
2485 3953 2655 4023 ἔριδές
2687 3969 2746 4004 τε
2777 3952 2868 4004 καὶ
2897 3947 3224 4018 φιλονεικίαι
3257 3949 3576 4016 ἀνωφελεῖς,
3610 3947 3756 4018 μᾶλα

2161 4048 2251 4100 λον
2279 4048 2334 4100 δὲ
2361 4045 2750 4116 ψυχοϐλαὸεῖς,
2787 4043 2883 4096 καὶ
2919 4041 3052 4112 περὶ
3105 4041 3205 4110 μὲν
3251 4041 3552 4110 κτημάτων
3584 4057 3754 4110 φρονσ

2163 4141 2286 4194 τίδα
2325 4138 2431 4192 τῶν
2464 4137 2844 4206 φθειρομένων
2902 4133 3366 4204 ἀσχολουμένους,
3421 4135 3552 4203 περὶ
3601 4133 3656 4185 δέ
3691 4151 3754 4200 γε

2169 4233 2282 4304 βίου
2323 4227 2706 4294 πνευματικοῦ
2742 4226 2957 4280 ἑαυτῶν
2998 4227 3073 4288 ὡς
3121 4227 3516 4295 πνευματικῶν
3550 4227 3754 4295 μᾶλλον

2166 4323 2336 4376 ὄντων
2370 4321 2403 4390 ἢ
2447 4319 2557 4372 τῶν
2594 4319 2687 4372 ὑπ’
2723 4318 2944 4382 αὐτοὺς,
2979 4317 3012 4388 ἥ
3065 4317 3372 4384 ἐξετάσεως
3425 4319 3586 4387 ἱερῶν
3615 4321 3754 4390 Γρα.

2169 4416 2286 4482 φῶν
2311 4415 2406 4466 καὶ
2437 4413 2826 4482 συντηρήσεως
2854 4411 2963 4464 τῶν
2997 4411 3259 4486 κανόνων,
3297 4411 3328 4480 ἢ
3367 4411 3561 4481 ἑτέρας
3591 4415 3754 4482 ἀκρι-

487 4498 601 4550 lucc
629 4495 837 4552 Paulus
865 4499 1044 4554 edicat
1078 4517 1093 4555 :
1129 4520 1148 4553 ι
1188 4503 1471 4558 Attendite
1503 4509 1662 4562 vobis
1688 4507 1921 4577 ipsis,et
1946 4509 2059 4563 uni.

2172 4505 2326 4566 ϐείας
2357 4504 2514 4574 ἱερᾶς
2561 4503 2660 4572 τῆς
2715 4501 2879 4574 184
2926 4504 2990 4554 ὲκ
3025 4501 3135 4552 τῶν
3177 4501 3464 4572 Πατέρων,
3495 4503 3754 4571 ποιουμέ.

487 4603 648 4643 verso
683 4589 832 4658 gregi
864 4589 915 4642 in
941 4607 1050 4660 quo
1075 4608 1171 4648 vos
1200 4595 1440 4662 Spiritus
1465 4607 1696 4651 sanctus
1724 4599 1903 4664 posuit
1955 4603 2072 4668 cpio

484 4693 708 4744 scenes,
747 4694 936 4748 regere
965 4681 1263 4738 Ecclesiatn
1292 4684 1506 4740 Demini
1539 4696 1592 4740 et
1624 4687 1742 4754 Dei,
1780 4703 1944 4756 quam
1981 4705 2072 4744 ac-

485 4773 717 4844 quisivit
749 4775 1017 4844 sanguine
1041 4792 1162 4830 suo.
1210 4796 1228 4827 ι
1267 4777 1390 4831 ll:ec
1425 4789 1606 4832 autem
1659 4795 1768 4832 non
1825 4783 2072 4838 venturis

489 4867 656 4936 lupis,
697 4865 792 4920 sed
850 4866 962 4936 jam
999 4870 1385 4934 praesentibus.
1424 4868 1500 4923 De
1532 4870 1830 4926 'reditibus
1865 4873 1984 4929 suis
2017 4883 2072 4929 et

489 4959 730 5028 pr0priis
756 4959 991 5029 negotiis
1011 4959 1270 5029 frequens
1292 4969 1375 5015 est
1398 4961 1584 5016 multis
1609 4977 1835 5030 sermo;
1869 4963 1937 5018 de
1954 4964 2072 5019 tlte-

489 5066 659 5107 sauro
687 5067 817 5106 vero
849 5052 1064 5108 emlesti
1107 5053 1414 5105 animarum
1445 5056 1860 5118 servandarum,
1889 5073 2070 5112 rarus.

488 5143 602 5200 Nec
632 5155 784 5198 extra
844 5143 1076 5200 istorum
1113 5159 1400 5197 numerum
1444 5159 1530 5198 me
1589 5145 1766 5213 ipsum
1806 5148 2018 5203 colloco
2054 5165 2069 5202 :

489 5249 592 5304 ego
648 5236 792 5288 enim
853 5235 1136 5304 negligens
1191 5249 1316 5287 cum
1379 5237 1787 5306 negligentibus
1846 5239 2073 5297 incuriae

491 5326 710 5396 culpam
743 5326 1049 5381 sustinebo.
1081 5325 1204 5379 Ideo
1227 5323 1386 5379 oﬂicii
1413 5327 1516 5381 mei
1549 5329 1788 5383 debitum
1814 5333 1956 5400 apud
1987 5349 2074 5388 me

491 5421 933 5489 perpendi-umet
973 5417 1239 5484 meipsum
1275 5425 1328 5468 et
1359 5415 1556 5474 fratres
1591 5436 1740 5475 meos
1770 5420 1949 5491 lugeo,
1983 5433 2073 5476 at—

491 5524 600 5577 que
638 5511 768 5562 illud
807 5517 862 5560 ttt
905 5507 1050 5559 dictu
1114 5507 1509 5572 necessarium,
1543 5509 1652 5578 jam
1719 5511 1841 5566 dico
1887 5520 1942 5566 et
1975 5527 2078 5568 ex-

495 5615 688 5668 pono:
740 5615 942 5654 munus
1007 5599 1222 5654 scilicet
1257 5615 1380 5654 esse
1433 5611 1486 5656 et
1535 5605 1782 5660 debitum
1826 5617 2072 5660 nostrum

489 5694 638 5758 quod
669 5693 980 5746 detrectare
1033 5707 1140 5747 non
1173 5707 1493 5762 possumus,
1538 5712 1739 5768 urgere
1770 5696 1972 5752 liatres
2015 5705 2074 5752 ut

495 5787 871 5854 pmnitentiam
908 5801 1068 5857 agere
1117 5788 1171 5841 in
1208 5787 1444 5844 animum
1481 5798 1760 5847 Inuucant.
1796 5786 2073 5846 Pet-nitent~

2175 4615 2272 4660 νας
2299 4595 2492 4649 οὐδένα
2539 4595 2722 4662 λόγον,
2759 4593 2882 4647 οὐδὲ
2932 4594 3044 4646 τῶν
3097 4593 3408 4660 ἐκκλησιῶν
3428 4593 3754 4664 φροντίζον.

2173 4705 2294 4750 τας,
2342 4687 2466 4739 οὐδὲ
2508 4685 2604 4738 τοῦ
2653 4685 2914 4755 ποιμνίου
2966 4683 3062 4736 τοῦ
3117 4683 3372 4755 Σωτῆρος
3429 4684 3626 4754 ἡμῶν·
3661 4685 3754 4739 καὶ

2175 4781 2348 4835 ταῦτα
2397 4779 2490 4833 τοῦ
2548 4779 2764 4832 Παύλου
2819 4779 3098 4846 λέγοντος,
3134 4795 3151 4828 ι
3191 4779 3505 4848 Προσέχετε
3542 4781 3754 4845 ἑαυτοῖς

2175 4874 2271 4927 καὶ
2325 4874 2490 4927 παντὶ
2531 4870 2610 4940 τῷ
2663 4869 2929 4940 ποιμνίῳ,
2960 4871 3018 4921 ὲν
3047 4862 3092 4934 ᾧ
3143 4869 3204 4922 τὺ
3254 4869 3480 4940 Πνεῦμα
3509 4872 3572 4930 τὸ
3601 4871 3754 4940 ἆγιον

2175 4967 2324 5020 ἔθετο
2352 4965 2496 5034 ὑμᾶς
2531 4963 2886 5026 ἐπισκόπους,
2923 4962 3252 5031 ποιμαίνειν
3285 4963 3384 5032 τὴν
3428 4965 3756 5034 Ἐκκλησίαν

2174 5057 2270 5110 τοῦ
2323 5055 2532 5125 Κυρίου
2574 5055 2668 5108 καὶ
2735 5051 2895 5119 Θεοῦ,
2933 5052 3001 5122 ῆν
3045 5051 3474 5122 περιεποιήσατο
3519 5050 3608 5104 διὰ
3661 5049 3756 5104 τοῦ

2179 5147 2310 5200 ἰδίου
2335 5147 2624 5214 αἵματος.»
2663 5145 2772 5198 Καὶ
2797 5143 2974 5197 ταῦτα
3005 5143 3064 5195 ού
3094 5143 3423 5220 μελλόντων,
3437 5143 3614 5196 ἐλθεῖν
3646 5143 3756 5196 τῶν

2175 5240 2379 5303 λύκων,
2429 5239 2545 5292 ἀλλ’
2578 5238 2678 5308 ἢδη
2730 5237 3038 5306 παρόντων.
3105 5235 3217 5289 Καὶ
3253 5234 3392 5306 περὶ
3457 5235 3555 5305 μὲν
3587 5251 3756 5306 προσ-

2175 5334 2312 5386 όδων
2358 5331 2452 5384 καὶ
2489 5329 2600 5382 τῶν
2656 5325 2803 5381 ἰδίων
2860 5327 3027 5390 πολὺς
3087 5328 3203 5390 τοῖς
3260 5326 3480 5386 πολλοῖς
3513 5328 3540 5378 ὁ
3573 5325 3752 5392 λόγος,

2178 5424 2307 5494 περὶ
2348 5421 2404 5473 δὲ
2432 5419 2526 5473 τοῦ
2560 5422 2618 5472 ὲν
2666 5419 2916 5488 οὐρανοῖς
2953 5416 3418 5488 θησαυρίσματος-
3439 5416 3546 5468 τῶν
3582 5416 3752 5480 σωζο-

2181 5513 2356 5584 μένων
2381 5510 2571 5581 ψυχῶν
2605 5509 2784 5578 ὀλίγος
2813 5510 2840 5561 ὁ
2869 5507 3052 5577 λόγος.
3081 5506 3192 5561 Καὶ
3218 5508 3316 5560 οὐκ
3351 5506 3460 5570 ἔξω
3491 5507 3759 5576 ποιοῦμαι

2177 5605 2287 5656 τῶν
2337 5603 2599 5656 τοιούτων
2655 5600 2915 5669 ἐμαυτόν.
2955 5599 3128 5667 Κάγὼ
3160 5601 3269 5670 γὰρ
3327 5603 3424 5654 σὺν
3449 5603 3569 5678 τοῖς
3619 5603 3757 5672 ἁμε-

2179 5696 2364 5749 λοῦσιν
2395 5693 2616 5765 ἀμελῶν
2646 5693 2741 5746 τὸν
2797 5692 2956 5760 λόγον
3009 5691 3212 5760 ὑφέξω.
3250 5692 3344 5744 Διὸ
3383 5693 3480 5745 καὶ
3509 5693 3756 5763 ἐμαυτοῦ

2181 5787 2278 5856 τὴν
2327 5785 2550 5855 ὀφειλὴν
2587 5781 2939 5853 λογιζόμενος
2972 5820 2986 5848 ,
3048 5786 3141 5836 καὶ
3197 5781 3432 5852 ἐμαυτὸν
3475 5783 3572 5837 καὶ
3625 5785 3753 5846 τοὺς
