4078 6428
344 347 448 409 477

1649 358 1749 418 DE
1803 362 2315 428 PGZNITENTIA.

3498 377 3607 440 473

333 461 605 532 ἀδελφούς
663 480 767 534 μου
824 456 1030 524 πενθῶ.
1098 470 1208 525 Kal.
1260 473 1336 535 ὡς
1390 475 1696 543 ἀναγκαῖον
1728 477 1788 531 ὃν
1818 479 1917 548 τὴν

2023 482 2092 535 tia
2130 486 2277 538 enim
2342 501 2510 540 unum
2552 501 2635 542 est
2670 504 2700 543 ε
2746 490 3133 552 sacramentis,
3162 500 3215 544 et
3271 493 3488 560 proprie
3524 494 3608 548 di-

335 552 565 625 ὀφειλὴν
592 554 752 625 ἡμῶν
780 556 983 626 λέγειν,
1030 561 1179 629 λέγω
1210 579 1226 595 ⁸
1265 565 1363 618 καὶ
1400 566 1485 619 ὅτι
1534 569 1915 640 ἀπαραίτητον

336 650 474 718 ἡμῖν
502 649 662 718 χρέος
709 650 771 702 τὸ
825 652 1078 707 σπεύδειν
1113 655 1335 722 ἐνάγειν
1368 660 1495 722 τοὺς
1525 660 1792 729 ἀδελφοὺς
1835 665 1915 727 είς

342 744 654 810 μετάνοιαν.
722 744 788 797 Ἦ
837 747 1104 815 μετάνοια
1163 752 1270 818 γὰρ
1333 750 1390 803 ἓν
1439 752 1546 805 τῶν
1596 757 1914 824 μυστηρίων

335 834 493 886 ὲστίο
531 835 627 888 καὶ
677 835 811 890 ῐδιον
866 839 1188 894 ἐπισκόπων
1222 843 1395 912 αὐτὴν
1434 846 1679 915 ἐνεργεῖν
1700 850 1771 902 ’ὲν
1802 852 1916 912 τοῖς

335 928 571 991 πιστοῖς.
616 928 724 981 Καὶ
751 929 1083 997 ἀγωνιστέον
1118 934 1255 1004 προς
1277 936 1457 989 τοῦτο·
1504 939 1600 991 σὺν
1631 942 1741 1003 τοῖς
1790 942 1912 993 ἐπι-

338 1019 563 1083 σκόποις
595 1019 651 1074 δὲ
677 1023 774 1074 καὶ
806 1024 855 1075 οἱ
898 1024 958 1076 τὸ
984 1024 1363 1097 λειτούργημα
1392 1030 1653 1091 λαϐόντες
1681 1035 1742 1083 ὲκ
1779 1049 1914 1099 προ-

336 1112 550 1181 τροπῆς
581 1113 1061 1178 σπουδαξέτωσαν·
1096 1120 1192 1170 καὶ
1248 1121 1323 1189 μὴ
1368 1122 1505 1191 πρὸς
1555 1122 1745 1191 κέρδος
1781 1140 1913 1189 σα(-

336 1203 450 1266 κὸς,
488 1203 517 1256 ὃ
540 1203 603 1272 δὴ
636 1204 811 1273 ζημία
846 1208 985 1267 ἐστὶ.
1018 1209 1113 1262 καὶ
1155 1211 1187 1279 ή
1238 1209 1408 1273 ὅντως
1437 1212 1635 1280 ζημία,
1659 1216 1800 1277 τινὲς
1830 1216 1910 1284 (οὐ

334 1294 444 1364 γὰρ
499 1296 710 1360 πάντας
751 1300 914 1367 φημὶ,
949 1298 1027 1363 ὡς
1095 1302 1205 1354 οὐδ’
1256 1304 1589 1369 ἐπισκόπους
1644 1305 1909 1379 ἅπαντας)

337 1387 719 1457 ἁφοράτωσαν·
757 1391 895 1461 μηδὲ
929 1396 1080 1463 παρὰ
1108 1395 1235 1457 τοὺς
1281 1399 1514 1460 κανόνας
1553 1400 1911 1467 διακρινέτωσ

339 1494 462 1539 σαν,
502 1479 590 1532 ίνα
623 1480 699 1550 μὴ
732 1483 813 1544 είς
864 1484 1054 1537 ἑαυτὸν
1089 1488 1117 1538 ὁ
1168 1489 1429 1555 ἐνεργῶν.
1453 1492 1604 1559 παρὰ
1638 1493 1763 1555 τοὺς
1809 1510 1910 1544 κα-

334 1571 490 1634 νόνας
522 1572 621 1637 τὰς
680 1574 958 1644 ἁμαρτίας
998 1578 1186 1646 ἑτέρου
1224 1580 1608 1647 ἐπισπώμενος
1647 1583 1752 1651 εἴη.
1800 1583 1911 1644 Πᾶς

333 1658 428 1714 οὖν
460 1665 596 1731 μήτε
629 1667 1174 1738 ἀκριϐέστερον,τῶν
1222 1674 1485 1739 Πατέρων.
1518 1675 1735 1736 ἑαυτὸν,
1775 1676 1912 1727 πλα-

333 1754 618 1825 νώμενος,
679 1761 969 1827 νομιζέτω,
1030 1763 1114 1825 τίς
1167 1763 1277 1834 γὰρ
1334 1767 1557 1818 ἐκείνων
1634 1769 1772 1834 πρὸς
1844 1748 1912 1821 τὰ

2021 583 2170 629 ctum
2206 592 2220 629 :
2255 576 2635 647 episc0porum
2683 591 2769 635 est
2801 596 2920 636 eam
2955 582 3007 635 in
3061 582 3313 639 ﬁdelibus
3366 585 3606 640 excitare

2019 675 2073 720 et
2131 669 2374 737 operari,
2430 679 2485 724 et
2521 670 2589 724 iis
2660 671 2725 724 ad
2787 672 2892 726 hoc
2941 673 3285 729 enitendum.
3346 674 3449 741 Qui
3510 692 3604 731 sa-

2019 772 2172 810 erum
2244 759 2348 812 hoc
2411 761 2779 815 ministerium
2848 779 2912 817 ex
2975 766 3366 821 commissione
3447 782 3604 820 acce-

2019 859 2243 918 perunt,
2306 851 2439 905 illud
2476 867 2602 906 cum
2651 855 2929 923 episcopis
2953 856 3246 923 diligenter
3277 868 3597 925 procurent,

2020 958 2126 995 uou
2164 943 2228 995 ad
2264 945 2488 996 carnale
2513 946 2735 1013 aliquod
2763 946 2974 999 lucrum
2999 949 3430 1015 emungeudum,
3453 950 3597 1018 quod

2017 1034 2275 1087 damnum
2308 1043 2414 1097 est,
2449 1044 2503 1088 et
2532 1052 2719 1089 revera
2754 1038 3040 1092 damnum.
3077 1039 3281 1107 Aliqui,
3306 1056 3414 1093 non
3451 1042 3597 1094 enim

2017 1140 2208 1176 omnes
2241 1125 2384 1184 dico,
2414 1126 2555 1177 sicut
2586 1142 2685 1181 nec
2716 1141 2909 1181 omnes
2938 1129 3255 1197 episeopos,
3285 1130 3350 1183 ad
3387 1130 3489 1183 hoc
3520 1131 3604 1184 di—

2023 1213 2254 1278 ligenter
2285 1213 2530 1266 animum
2576 1215 2888 1280 advertant,
2922 1232 3097 1285 neque
3133 1231 3329 1286 praeter
3360 1234 3599 1273 canones

2017 1299 2345 1365 diiudicent,
2397 1317 2465 1354 ne
2531 1303 2655 1370 quis
2687 1318 2885 1373 pra-ter
2914 1322 3153 1360 canones
3183 1323 3371 1376 agens,
3408 1311 3459 1361 in
3493 1312 3568 1364 sei

2019 1405 2174 1457 psum
2222 1390 2451 1443 alterius
2490 1402 2709 1460 peccata
2760 1397 2989 1451 derivet.
3035 1395 3228 1450 Nullus
3271 1400 3439 1468 igitur
3495 1401 3600 1454 sei-
3639 1454 3645 1461 ,

2018 1494 2174 1546 psum
2231 1483 2501 1534 seduci-ns
2534 1483 2806 1538 cxi~timet
2835 1502 2894 1539 se
2924 1486 3179 1542 Patribus
3203 1488 3519 1558 diligentius
3549 1501 3599 1542 et

2013 1575 2326 1625 accuratius
2363 1588 2541 1642 agere.
2576 1574 2711 1640 Quis
2742 1577 2888 1628 enim
2921 1577 3029 1631 illis
3089 1579 3154 1631 ad
3197 1580 3469 1647 ejusmodi
3504 1597 3571 1649 pt'

2014 1665 2125 1717 rior
2163 1674 2216 1717 et
2248 1666 2535 1724 sincerior.
2566 1676 2659 1721 aut
2700 1669 2962 1721 attentior
2998 1670 3021 1723 ?
3063 1671 3248 1739 Neque
3273 1672 3472 1725 iterum
3506 1675 3597 1729 de-

2017 1764 2206 1823 ceptus
2240 1759 2409 1810 videri
2439 1758 2657 1813 aﬂ‘ectct
2686 1760 2794 1813 illis
2831 1762 3147 1824 humanior,
3177 1774 3231 1818 et
3264 1765 3604 1847 inﬁrmitati-

335 1847 560 1901 τοιαῦτα
625 1850 915 1921 ἀγνότερος
956 1825 1072 1905 -καὶ
1128 1825 1403 1924 προσοχὴν
1441 1857 1639 1923 μᾶλὶον
1684 1825 1831 1927 ’ἔχων
1880 1859 1913 1929 ἢ

2022 1848 2125 1902 bus
2156 1848 2442 1902 hominum
2467 1853 2923 1918 contplacentior,
2949 1854 3182 1909 remisse
3214 1825 3523 1923 seugcrens,
3551 1868 3605 1911 t-t

335 1940 759 2010 καθαρώτεροςς
811 1945 951 2013 μήτε
1000 1945 1454 2016 συμπαθέστερος
1503 1946 1711 2000 τούτων
1753 1949 1917 2001 πάλιν

332 2029 558 2086 δοκείτω
579 2026 720 2085 εἶναι
757 2033 1201 2105 ἐξαπατώμενος,
1233 2038 1515 2105 ἀνειμένος
1547 2037 1625 2095 ὢν
1657 2044 1751 2093 xxi
1782 2056 1913 2106 συγσ

334 2124 692 2177 καταπίπτων
728 2125 942 2194 ἀλόγως
977 2130 1089 2190 τοῖς
1135 2128 1454 2183 πίπτουσιν.
1498 2131 1668 2184 Ἀλλὰ
1709 2134 1802 2185 καὶ
1832 2133 1916 2196 τίς

333 2216 656 2283 τολμητίας,
690 2216 833 2271 ὥστε
881 2220 1162 2289 θαρρἧαι
1193 2222 1303 2273 τῶν
1337 2223 1601 2290 Πατέρτον
1634 2221 1775 2277 εἶναι
1819 2244 1913 2293 φι-

334 2308 822 2379 λανθρωπότερος;
868 2312 1041 2366 Πόθεν
1076 2314 1133 2367 δὲ
1183 2316 1277 2367 καὶ
1304 2298 1430 2384 ’τὴν
1459 2318 1708 2380 ἐξουσίαν
1763 2319 1914 2386 ἕξει,

340 2401 500 2472 εῐπερ
534 2403 730 2466 αὐτοὺς
768 2403 956 2458 ἀθετεῖ
982 2447 996 2468 ,
1030 2406 1126 2459 καὶ
1160 2407 1313 2475 παρᾶ
1340 2409 1469 2470 τοὺς
1497 2410 1658 2478 ὄρους
1688 2412 1916 2463 ἐκείνων

342 2494 611 2563 πράττεις
663 2496 892 2559 Πάντως
956 2497 1049 2564 ἀφ’
1108 2497 1305 2551 ἑαυτοῦ
1365 2500 1603 2567 ποιήσει,
1666 2502 1763 2553 καὶ
1819 2502 1915 2571 οὐχ

341 2581 451 2645 ἕξει
478 2583 539 2636 τὸ
574 2584 905 2652 ἀσφαλὲς⁴τὸ
943 2585 1204 2655 πραχθένο
1238 2588 1298 2640 οὐ
1354 2589 1463 2655 γάρ
1498 2590 1559 2641 ἐκ
1605 2593 1703 2657 τῆς
1744 2591 1916 2644 διαδο-

338 2675 441 2745 χῆς
486 2675 594 2730 τῶν
649 2677 931 2749 Πατέρων.
981 2678 1179 2732 Τοίνυν
1229 2680 1620 2746 ἀσφαλιζέσθω
1685 2681 1916 2747 ἕκαστος

344 2768 513 2838 μηδὲν
541 2769 785 2838 ἐνεργεῖν
833 2770 987 2841 παρὰ
1022 2773 1151 2835 τοὺς
1201 2773 1361 2842 ὄρους
1396 2774 1493 2826 καὶ
1525 2774 1650 2837 τοὺς
1683 2776 1916 2838 κανόνας

337 2861 465 2924 τοὺς
504 2861 827 2929 πατρικούς.
859 2863 1018 2931 Παρὰ
1048 2864 1322 2934 διαφόρων
1358 2864 1415 2918 δὲ
1461 2859 1609 2920 οὗτοι
1659 2867 1770 2920 τῶν
1802 2867 1919 2920 θεο-

340 2952 543 3023 φόρων,
576 2955 670 3005 καὶ
706 2954 882 3007 ἱκανοὶ
932 2953 1009 3018 ὡς
1052 2955 1335 3025 Πνεύματι
1388 2958 1743 3022 συντεθέντες
1772 2997 1787 3022 ,
1820 2959 1916 3013 καὶ

342 3044 471 3112 περὶ
503 3043 700 3107 παντὸς
745 3043 955 3108 πάθους
1000 3045 1411 3115 ίατρικὼτατοι,
1454 3048 1550 3101 καὶ
1588 3049 1918 3117 θεραπευτι-

337 3136 423 3186 κοὶ
454 3134 597 3188 λίαν.
631 3134 768 3206 Περὶ
793 3129 869 3188 ὧν
900 3138 996 3188 καὶ
1046 3138 1108 3190 οὐ
1151 3137 1260 3208 χρὴ
1310 3138 1493 3207 λέγειν
1535 3141 1710 3210 ἡμᾶς,
1749 3159 1917 3210 σαφε-

343 3231 554 3282 στάτων
586 3228 778 3296 ὄντων,
824 3230 920 3284 καὶ
953 3232 1012 3283 ὲν
1066 3231 1286 3295 πολλοῖς
1334 3234 1766 3304 γεγραμμένων,
1819 3237 1916 3289 καὶ

336 3320 841 3390 διερμηνευθὲντων
900 3322 982 3386 είς
1048 3322 1277 3391 μείζονα
1340 3324 1544 3391 γνῶσιν
1609 3326 1915 3394 σαφηνείας

337 3413 445 3468 ὑπὸ
478 3414 712 3470 πολλῶν.
750 3417 905 3470 Κατὰ
947 3417 1074 3478 τοὺς
1119 3418 1353 3479 κανόνας
1384 3415 1566 3470 τοίνυν
1613 3417 1917 3487 διακρίνειν

338 3507 579 3570 ἅπαντες
605 3508 901 3576 ὀφείλουσι,
932 3508 1028 3561 καὶ
1078 3507 1153 3579 μὴ
1181 3510 1471 3579 προσέχειν
1507 3509 1716 3578 ἑτέροις
1749 3508 1913 3574 τισὶν,

340 3598 447 3661 ἔξω
480 3598 589 3652 τῶν
632 3596 937 3652 κανονικῶν
986 3599 1130 3668 ὅρων
1173 3599 1631 3670 συντεθειμένοις·
1665 3602 1747 3654 ὅτι
1772 3602 1915 3655 κατὰ

339 3690 594 3761 διαδοχὴν
632 3691 667 3761 ἡ
696 3692 881 3760 χάρις.
929 3690 1065 3743 Ἀπὸ
1098 3689 1209 3760 γὰρ
1254 3692 1357 3759 τῆς
1387 3692 1571 3760 πηγῆς
1603 3692 1711 3745 τῶν
1759 3696 1917 3762 χαρί-

343 3798 449 3835 των
496 3781 591 3836 τοῦ
636 3782 848 3853 Κυρίου
895 3783 991 3836 καὶ
1021 3783 1277 3853 Σωτῆρος
1307 3783 1468 3853 ἡμῶν
1501 3785 1584 3845 είς
1610 3785 1752 3863 “troia;
1784 3787 1918 3838 ἀπο·

346 3876 561 3935 στόλους
604 3870 769 3944 ἦλθεν
810 3873 1007 3928 αὑτοῦ·
1068 3875 1177 3926 ἀπὸ
1228 3875 1285 3926 δὲ
1330 3875 1439 3927 τῶν
1481 3875 1801 3928 ἀποστόλων
1833 3879 1917 3939 είς

340 3973 464 4031 τοὺς
500 3969 772 4035 Πατέρας·
805 3967 914 4019 ἀπὸ
938 3966 996 4018 δὲ
1023 3965 1134 4018 τῶν
1161 3966 1302 4018 Πατέ
1315 3982 1423 4034 ρων
1456 3965 1613 4034 ἡμῶν
1636 3968 1715 4026 εἰς
1744 3968 1912 4037 ἡμᾶς.

344 4060 401 4111 Εἰ
453 4056 545 4113 οὖν
572 4059 641 4111 τὰ
674 4059 779 4110 τῶν
816 4057 1075 4126 Πατέρων
1116 4056 1434 4125 τηροῦμεν,
1464 4056 1557 4108 καὶ
1612 4058 1643 4125 ἡ
1694 4057 1915 4129 διαδοχὴ

339 4151 434 4219 τῆς
462 4151 682 4219 χάριτος
718 4150 774 4200 ἐν
802 4150 935 4215 ἡμῖν
966 4147 1141 4211 ἔσται,
1172 4148 1266 4198 καὶ
1299 4146 1495 4215 βεῦαία
1522 4147 1555 4215 ή
1590 4162 1665 4198 πα
1684 4151 1729 4215 ρ’
1758 4148 1918 4216 ἡμῶν

341 4246 643 4310 ἀπόφασις.
679 4242 741 4295 Εἰ
769 4241 812 4294 δ’
847 4240 1023 4302 άλλως
1054 4239 1210 4309 παρὰ
1241 4240 1308 4290 τὰ
1345 4239 1634 4306 ὡρισμένα
1685 4243 1917 4302 ἐκείνοις

340 4333 653 4402 ὲνεργήσεις
675 4375 689 4397 ,
722 4330 1027 4399 ἀμφίϐολος
1063 4330 1217 4382 ἔσται
1239 4337 1334 4381 καὶ
1364 4330 1396 4398 ἡ
1430 4330 1728 4397 ἀπόφασις.
1754 4330 1918 4383 Ἀλλὰ

340 4429 393 4480 τί
433 4427 495 4478 τὸ
540 4424 854 4494 ἀναγκάζον
903 4424 1057 4489 παρὰ
1097 4423 1222 4484 τοὺς
1270 4422 1431 4487 ὅρους
1467 4425 1685 4486 ποιεῖνς
1722 4424 1913 4493 Θερμή

2020 1940 2349 1994 cadentibus
2385 1944 2705 1997 concidens.
2735 1942 2936 1997 Verum
2970 1947 3094 2015 quis
3122 1948 3431 2004 audaculus
3466 1949 3602 2004 adeo

2022 2039 2080 2083 ιιι
2127 2047 2184 2085 se
2234 2033 2489 2087 Patrihus
2525 2035 2914 2091 humaniorem
2956 2039 3302 2096 confidenter
3335 2042 3524 2096 credat
3548 2051 3605 2096 et

2017 2123 2238 2191 jactet?
2296 2122 2448 2178 Unde
2511 2127 2656 2181 hanc
2704 2131 3091 2184 auctoritatem
3137 2133 3498 2201 deprompsit,
3558 2134 3602 2188 si

2020 2214 2143 2267 illos
2200 2227 2551 2281 asliernatur,
2594 2229 2649 2272 et
2716 2229 2911 2275 contra
2974 2223 3193 2277 illorum
3257 2225 3608 2281 deﬁnitiones

2020 2306 2171 2375 agit?
2198 2306 2435 2363 Omnino
2470 2326 2499 2362 a
2537 2311 2720 2381 seipso
2756 2324 2899 2383 aget,
2927 2315 3185 2384 nullaque
3212 2314 3356 2371 [acto
3379 2324 3493 2372 tum
3520 2334 3609 2374 sc-

2020 2402 2229 2455 cnritas
2260 2403 2368 2457 erit
2398 2418 2412 2465 ;
2438 2418 2544 2458 non
2576 2406 2722 2458 enim
2753 2422 2781 2459 a
2815 2409 3172 2463 successione
3201 2408 3424 2465 Patrum
3455 2426 3604 2466 ema-

2024 2500 2139 2546 nat.
2171 2492 2560 2562 Uuusquisque
2582 2494 2750 2563 igitur
2776 2499 2918 2566 apud
2950 2512 3008 2550 se
3041 2499 3258 2552 [irtnum
3320 2509 3608 2569 ratumque

2017 2592 2226 2637 statuat
2269 2584 2404 2637 nihil
2467 2600 2629 2655 agere
2660 2597 2857 2655 praeter
2904 2588 3125 2643 Patrum
3163 2591 3519 2647 definitiones
3555 2605 3608 2649 ct

2019 2689 2282 2739 canones,
2318 2690 2443 2729 cum
2479 2677 2553 2730 illi
2579 2678 2693 2732 sint
2715 2693 2745 2733 a
2771 2680 2940 2734 variis
2970 2682 3294 2737 auctoribus
3321 2682 3429 2738 Deo
3457 2684 3608 2738 allia-

2023 2766 2090 2820 tis
2114 2765 2372 2840 inStituti,
2391 2774 2445 2819 et
2467 2766 2800 2823 suilicientes
2827 2769 2975 2822 velut
3000 2786 3028 2823 a
3062 2769 3268 2840 Spiritu
3291 2773 3605 2841 compositi,

2020 2865 2081 2908 ut
2110 2856 2278 2910 animi
2315 2858 2521 2913 morbis
2552 2866 2606 2911 et
2645 2859 2934 2915 alfectihus
2967 2863 3290 2917 medeantur
3352 2863 3609 2918 remediis

2020 2945 2314 3000 admodum
2346 2948 2705 3011 salutaribus,
2733 2958 2787 3003 et
2821 2951 3114 3033 sanitatem
3147 2951 3446 3007 eiIieaciter
3470 2969 3604 3024 pro-

2019 3040 2362 3097 curantihus.
2392 3040 2465 3095 De
2498 3041 2702 3110 quibus
2736 3043 2922 3098 dicere
2950 3060 3051 3100 nos
3088 3060 3198 3100 non
3235 3054 3456 3116 OpOt'lel
3483 3063 3605 3101 cum

1947 3171 1991 3231 ο
2022 3134 2317 3189 clarissimi
2349 3136 2484 3200 sint,
2509 3137 2812 3206 multisque
2846 3140 2898 3193 in
2938 3138 3075 3194 locis
3101 3140 3290 3209 scripti
3320 3142 3606 3211 reperian-

2027 3234 2136 3289 tur,
2178 3237 2232 3280 et
2258 3242 2286 3279 a
2326 3227 2513 3282 multis
2546 3228 2615 3282 ad
2663 3230 3048 3284 dilucidiorem
3102 3232 3474 3301 cognitionem
3511 3248 3610 3287 ex-

2025 3319 2233 3388 plicati.
2265 3317 2477 3374 Debent
2509 3319 2676 3390 igitur
2703 3337 2895 3376 onmes
2923 3327 3225 3379 secundum
3251 3339 3493 3379 canones
3522 3323 3613 3394 ju-

2025 3410 2230 3471 dicare,
2262 3424 2362 3464 nec
2394 3412 2680 3465 attendere
2713 3412 2903 3466 nescio
2926 3415 3130 3482 quibus
3156 3413 3282 3470 aliis
3323 3423 3477 3469 extra
3521 3429 3612 3469 ca-

2025 3503 2252 3556 nonicas
2279 3502 2630 3559 deﬁnitiones
2660 3507 3008 3575 compositis.
3048 3507 3310 3575 quoniam
3346 3507 3522 3578 gratia
3545 3508 3613 3562 ad

2025 3608 2124 3648 nos
2165 3609 2262 3674 per
2309 3595 2722 3651 successionem
2796 3596 3105 3652 descendit.
3152 3601 3195 3653 A
3254 3597 3405 3653 fonte
3467 3600 3612 3653 enim

2024 3687 2321 3755 gratiarum
2360 3687 2591 3742 Domino
2618 3697 2673 3742 et
2702 3687 2991 3743 Salvatore
3018 3700 3211 3746 nostro
3243 3692 3296 3746 in
3331 3693 3613 3759 apostolos

2024 3778 2143 3847 ejus
2169 3780 2337 3845 venit,
2366 3780 2435 3833 ah
2460 3781 2725 3848 apostolis
2746 3790 2931 3836 autem
2963 3783 3017 3835 in
3044 3781 3261 3848 Patres,
3294 3799 3321 3836 a
3357 3784 3612 3838 Potrihus

2026 3872 2236 3926 nostris
2269 3873 2335 3925 ad
2373 3887 2495 3925 nos.
2535 3871 2591 3926 Si
2624 3873 2792 3942 igitur
2812 3889 2932 3942 qum
2965 3873 3187 3927 Patrum
3220 3883 3350 3929 sunt
3384 3890 3613 3931 conss.“-

2025 3977 2236 4020 vauttts.
2269 3965 2456 4032 gratia:
2492 3966 2782 4018 successio
2825 3966 2877 4018 itt
2914 3967 3073 4021 nobis
3106 3968 3234 4031 erit,
3277 3967 3539 4035 ﬁrmaque
3557 3976 3613 4021 et

2025 4054 2237 4107 stabilis
2270 4055 2594 4108 constitutio
2620 4066 2669 4107 et
2709 4056 2981 4125 professio
3012 4043 3200 4111 nostra
3233 4078 3244 4113 :
3272 4058 3317 4112 si
3345 4073 3475 4110 vero
3505 4059 3609 4111 ali-

2026 4153 2109 4197 ter
2138 4161 2300 4212 quam
2338 4161 2367 4199 a
2402 4146 2654 4200 l’atribus
2686 4152 3046 4201 constitutum
3072 4159 3173 4210 est,
3207 4151 3407 4217 egeris,
3443 4148 3609 4202 dubia

2024 4237 2139 4297 erit,
2196 4243 2251 4291 et
2309 4238 2542 4295 incerta.
2601 4240 2705 4294 Sed
2746 4241 2878 4308 quid
2932 4242 3075 4307 cOgit
3124 4249 3320 4309 praeter
3374 4254 3612 4293 canones

2026 4328 2243 4399 agere?
2294 4328 2603 4385 Vehemens
2659 4333 2950 4398 cujusdam
3003 4333 3346 4400 pmuitentia:
3380 4332 3612 4386 demort-

2027 4421 2646 4478 stratio.etdclictorum
2676 4423 2916 4491 perfecta
2943 4424 3312 4488 confessio,et
3335 4439 3401 4477 ex
3427 4423 3613 4477 animo

341 4533 487 4578 τινος
547 4516 838 4583 μετανοίας
892 4514 1192 4576 ἐπίδειξις,
1258 4514 1354 4566 καὶ
1407 4515 1759 4582 ἐξαγόρευσις
1814 4517 1917 4567 τῶν

2027 4514 2313 4575 contritio,
2345 4525 2397 4567 et
2431 4516 2735 4579 humilitas,
2794 4526 2848 4570 et
2906 4519 3174 4570 maiorum
3221 4532 3449 4583 otierutn
3486 4530 3613 4569 vera

339 4608 722 4679 ἐπταισμένων
766 4604 988 4668 τελεία,
1043 4604 1139 4656 καὶ
1176 4604 1442 4675 συντριὸὴ
1500 4608 1562 4656 ἐκ
1608 4605 1789 4675 ψυχῆς
1823 4608 1922 4659 καὶ

340 4700 692 4761 ταπείνωσις,
729 4698 907 4766 ἀποχὴ
958 4713 1019 4748 τε
1066 4696 1274 4765 ἀληθὴς
1310 4697 1417 4747 τῶν
1453 4697 1921 4776 πονηρῶνὲργων

341 4796 436 4846 καὶ
470 4794 569 4859 τῆς
599 4790 877 4861 ἁμαρτίας
900 4792 964 4842 ἐκ
995 4789 1095 4856 τῆς
1130 4789 1361 4858 καρδίχς
1405 4790 1558 4856 μῖσος
1595 4791 1690 4841 καὶ
1715 4790 1923 4859 ταύτης

339 4887 621 4954 ἀποφυγὴ,
652 4883 752 4937 καὶ
785 4882 1070 4952 προθυμία
1111 4884 1246 4953 προς
1301 4882 1439 4952 ἔργα
1488 4884 1588 4952 τῆς
1630 4885 1920 4951 μετανοίας

341 4978 400 5026 ἐν
430 4974 732 5045 ἐγκρατείᾳ
768 4990 830 5025 τε
878 4974 974 5025 καὶ⁵
1020 4972 1199 5039 ὲλέει;
1237 4972 1513 5026 Κάλλιστα
1541 4972 1712 5025 ταῦτα
1742 4976 1837 5026 καὶ
1870 4977 1919 5028 oi

325 5070 586 5137 ’Πατέρες
634 5068 972 5121 διδάσκουῖι.
1010 5066 1121 5117 Καὶ
1172 5065 1465 5134 πρόσδεξαι
1504 5067 1595 5117 τὸν
1650 5068 1917 5131 τοιοῦτον,

345 5160 438 5210 καὶ
480 5158 550 5215 τὰ
585 5157 688 5225 τῆς
736 5157 959 5224 ἀγάπης
1013 5155 1163 5226 αὐτῷ
1218 5155 1507 5224 κύρωσον*
1537 5155 1921 5223 ἁσιράλισαιδὲ
1964 5207 1979 5217 ,

343 5251 435 5304 τὸν
483 5249 734 5315 ἀδελφὸν,
766 5250 864 5302 καὶ
914 5249 980 5300 τὰ
1036 5250 1135 5315 τῆς
1186 5248 1476 5316 μετανοίας
1522 5247 1920 5318 ἀκριϐέστερον

344 5343 602 5415 ζήτησον.
649 5342 759 5394 Καὶ
792 5343 992 5410 πεῖραν
1040 5339 1173 5393 λάϐε
1208 5339 1374 5392 αὐτοῦ
1394 5357 1409 5371 ο
1440 5339 1535 5391 καὶ
1567 5339 1680 5407 εἴγε
1713 5341 1775 5392 ἐκ
1799 5339 1922 5391 τού-

344 5452 436 5487 του
467 5435 525 5486 τὸ
557 5437 655 5501 τῆς
691 5433 977 5499 μετανοίας
1012 5432 1240 5501 γνήσιον
1273 5431 1637 5499 καταμάθοις,
1671 5431 1766 5483 καὶ
1797 5433 1923 5502 χρό-

344 5541 437 5578 νου
488 5523 717 5593 ζητήσει
774 5517 929 5585 οὗτος
976 5522 1331 5591 ἁρμόζουσαν
1364 5521 1629 5590 ἐκκοπὴν,
1672 5525 1764 5575 καὶ
1800 5539 1923 5574 συν.

352 5617 540 5684 τομίαν
569 5616 693 5668 τινὰ
722 5614 1001 5684 ἐπωφελῆ,
1041 5614 1179 5685 πρὸς
1201 5614 1263 5667 τὸ
1292 5613 1618 5684 μεταδοῦναι
1652 5614 1743 5666 τοῦ
1778 5615 1919 5681 ἀγα-

347 5702 438 5757 θοῦ
468 5704 530 5756 οὑ
565 5702 881 5774 κωλυθήσῃ.
912 5703 1021 5755 Καὶ
1048 5703 1158 5771 γὰρ
1186 5707 1212 5755 ὁ
1248 5703 1449 5764 σκοπὸς
1480 5702 1631 5765 ἅπας
1676 5703 1811 5773 πρὸς
1858 5703 1919 5756 τὸ

347 5793 618 5866 ἑνωθῆναι
649 5794 855 5858 πάντας
887 5792 963 5866 τῷ
995 5793 1204 5865 ἀγαθῷ.
1253 5794 1361 5848 Καὶ
1396 5795 1445 5846 εὶ
1486 5794 1664 5861 τοῦτο,
1709 5796 1784 5867 μὴ
1821 5813 1921 5848 κα-

2026 4603 2378 4668 abstinentia,
2410 4620 2466 4658 et.
2510 4607 2719 4672 peccati
2750 4623 2816 4662 ex
2881 4606 3047 4661 corde
3082 4608 3362 4661 sincerum
3399 4606 3614 4672 odium,

2025 4696 2170 4751 illius
2210 4697 2358 4766 fuga,
2390 4706 2444 4750 et
2507 4709 2796 4765 promptus
2832 4701 3054 4752 animus
3112 4698 3178 4751 ad
3216 4704 3391 4766 ‘opera
3434 4698 3612 4766 putui-

2026 4789 2210 4842 tentiaa
2228 4804 2352 4842 cum
2380 4777 2741 4859 tetitperatflia
2761 4800 2813 4842 et
2836 4789 3213 4845 misericordia
3235 4789 3610 4858 eXchueuda.

2026 4878 2153 4933 llaec
2185 4881 2559 4948 pulcherrime
2594 4880 2785 4936 Patres
2815 4882 3033 4934 docent.
3064 4880 3413 4949 Amplectere
3449 4882 3613 4934 talem

2025 4977 2080 5023 et
2109 4986 2229 5039 qua:
2283 4980 2410 5026 sunt
2463 4972 2756 5026 charitatis
2816 4972 2921 5041 ipsi
2976 4972 3280 5036 coutirma;
3312 4971 3612 5027 corrobora

2027 5060 2249 5117 fratrem
2280 5073 2459 5129 tuum,
2485 5075 2539 5119 ct
2567 5082 2689 5136 quae
2713 5065 2776 5118 ad
2812 5065 3192 5133 pmuiteutiam
3220 5071 3494 5131 spectant,
3522 5064 3575 5118 di
3594 5091 3613 5103 -

2028 5152 2286 5219 ligentius
2313 5154 2550 5224 inquire,
2589 5165 2645 5211 et
2678 5157 2856 5226 ipsum
2887 5154 3163 5223 etperire.
3195 5152 3254 5205 Si
3287 5169 3350 5205 ex
3380 5168 3444 5205 eo
3470 5152 3615 5207 didi-

2027 5245 2170 5300 ceris
2205 5261 2468 5314 germauo
2503 5238 2839 5317 paenitentia:
2903 5248 3087 5303 fructu
3146 5247 3324 5315 ipsum
3374 5247 3525 5308 duci,
3562 5256 3617 5299 et

2027 5339 2308 5405 quaesierit
2344 5339 2550 5408 aliquid
2588 5345 2656 5397 de
2715 5350 2964 5412 tempore
3016 5341 3355 5409 pteuitentire
3408 5347 3614 5393 statuto

2026 5430 2432 5484 convenienter
2465 5442 2521 5487 et
2575 5435 2783 5489 utiliter
2843 5435 2945 5489 sibi
2981 5434 3209 5489 subduci
3275 5441 3328 5485 ct
3377 5430 3613 5494 detrahi,

2027 5534 2087 5575 ut
2119 5538 2242 5576 cum
2304 5522 2398 5575 illo
2433 5524 2577 5591 quod
2630 5526 2833 5579 bonum
2877 5536 2984 5591 est,
3042 5528 3439 5587 communices,
3505 5540 3611 5578 nou

2028 5613 2413 5683 prohibeberis
2443 5630 2458 5677 ;
2496 5616 2678 5668 omnis
2713 5617 2859 5670 enim
2896 5627 3370 5671 sacramentorum
3405 5631 3612 5684 scopus

2025 5716 2111 5760 est
2136 5721 2327 5760 omnes
2364 5708 2509 5762 bono
2536 5708 2720 5763 unire.
2753 5708 2866 5763 Hoc
2897 5711 2943 5764 si
2981 5726 3089 5765 non
3120 5710 3545 5778 contempseris,
3581 5725 3611 5763 a

2026 5798 2279 5857 Patribus
2310 5802 2666 5870 consequeris
2698 5811 2749 5857 et
2778 5802 3022 5873 accipies
3053 5804 3463 5859 auctoritatem.
3501 5803 3611 5872 ligo

2348 5896 2355 5921 \
