4078 6476
483 371 594 438 479

1319 364 1709 427 ΒΥΜΕΟΝΙΞ
1743 354 2524 423 T-HESSALONICENSIS
2567 356 2941 417 ARCHIEP.

3655 350 3765 419 480

480 503 701 558 quoque
729 489 782 542 iu
826 487 929 541 hoc
955 500 1121 556 opere
1153 486 1361 554 collega
1395 496 1540 549 tuus,
1574 490 1630 537 et
1663 483 1913 538 studiose
1944 478 2066 534 col—

2175 484 2474 553 τοκνήσῃς.
2528 482 2639 536 Kal
2696 482 2851 550 παρὲι
2900 478 3010 533 τῶν
3060 464 3324 548 Πατέρων
3363 475 3471 547 γὰρ
3503 475 3766 547 εὑρήσεις

480 582 741 635 laborans
803 580 952 634 bono
989 588 1173 633 tecum
1230 595 1353 642 sum
1400 577 1586 630 animo
1623 593 1640 632 :
1677 572 2064 630 conﬁdentiam

481 673 623 727 adde
647 674 899 727 animose
924 671 1232 735 feStinanti,
1264 671 1446 740 potius
1476 673 1531 722 in
1565 670 1723 722 ulnas
1754 682 1879 719 eum
1916 680 2069 718 com-

479 765 744 833 plectere,
804 773 857 817 et
921 779 1021 831 pro
1069 765 1303 824 viribus,
1353 762 1860 827 convenienterque
1891 756 2067 825 ipsius

482 858 628 910 bono
663 857 851 910 animo
882 870 1007 910 eum
1044 870 1243 911 curare
1279 856 1534 925 satagito.

1026 968 1256 1024 CAPUT
1297 966 1494 1023 CCLV.

483 1082 638 1148 Quod
671 1082 1043 1137 attendendum
1087 1084 1156 1135 sit
1192 1081 1262 1133 ad
1301 1098 1387 1133 eos
1417 1082 1506 1148 qui
1538 1082 1788 1147 paenitere
1816 1094 1869 1131 se
1899 1077 2067 1142 proﬁ-

556 1164 751 1214 tentur,
787 1163 941 1213 atque
978 1154 1229 1220 genuinos
1268 1152 1574 1218 pmnitcnles
1633 1166 1752 1220 cum
1807 1148 2064 1220 accedunt

555 1219 1095 1287 suscipiendam!“
1151 1222 1243 1292 qui
1298 1221 1641 1277 simulatione
1689 1219 1783 1271 hoc
1833 1219 2065 1285 faciunt,

552 1293 961 1346 exantiuandos.

554 1407 613 1460 Si
648 1406 777 1475 quis
799 1416 982 1461 autem
1018 1404 1254 1475 frigidus
1281 1412 1334 1459 ct
1357 1405 1544 1457 animo
1573 1402 1800 1473 duplex,
1825 1409 1879 1455 et
1903 1398 2070 1453 verbo

480 1499 598 1555 solo
629 1498 1047 1553 conversionem
1079 1499 1487 1559 demonstrans,
1508 1509 1679 1562 opere
1705 1502 1888 1545 autem
1917 1490 2069 1544 nullo

480 1590 681 1658 modo;
714 1606 823 1643 non
850 1590 1031 1642 solum
1062 1589 1128 1641 ad
1159 1589 1362 1655 aliquid
1391 1588 1517 1639 boni
1541 1586 1848 1639 faciendum
1881 1580 2068 1635 tardus

479 1694 537 1737 et
567 1684 747 1752 piger,
774 1682 869 1736 sed
899 1682 1066 1735 etiam
1105 1682 1170 1734 ad
1228 1682 1513 1750 preprium
1569 1680 1837 1731 vomitum
1887 1675 2069 1729 redire

479 1782 731 1843 paratus,
769 1783 997 1831 unctos
1046 1773 1211 1825 veluti
1248 1770 1529 1830 deridens,
1560 1779 1615 1825 et
1646 1769 1895 1838 gestibus
1939 1767 2070 1821 sub-

487 1880 753 1926 sannans,
782 1864 866 1917 vel
907 1863 1275 1917 humilitatem
1330 1872 1384 1915 et
1416 1863 1592 1916 zelum
1636 1860 1947 1925 simulans;
2013 1860 2066 1909 in

488 1957 681 2023 paucis
708 1972 837 2009 vero
878 1956 1167 2024 probatus,
1200 1956 1389 2008 statim
1429 1961 1552 2022 post
1575 1953 1708 2007 doni
1771 1951 2071 2020 participa—
2118 1952 2123 1959 '

482 2051 693 2103 tionem
725 2049 970 2118 tepidus,
998 2050 1079 2102 vel
1130 2048 1295 2103 etiam
1369 2045 1624 2115 frigidus,
1678 2045 2069 2114 prioribusquc

484 2144 688 2195 iterum
721 2141 1039 2210 implicatus
1074 2140 1262 2201 fuerit,
1296 2154 1324 2192 a
1353 2147 1405 2193 te
1440 2139 1567 2193 talis
1594 2138 1757 2207 longe
1775 2137 1940 2201 absit,
2000 2149 2071 2191 ne

486 2232 685 2286 alienis
716 2233 1088 2286 communices
1114 2231 1379 2301 peccatis.
1413 2232 1467 2283 ln
1502 2244 1633 2284 vase
1688 2243 1915 2283 caenoso
1957 2242 2067 2281 non

485 2332 573 2377 est
607 2324 1008 2376 immittendum
1039 2324 1338 2392 pretiosum
1373 2330 1736 2392 unguentum,
1774 2328 1829 2374 et
1878 2320 2069 2388 praeci-

485 2415 1011 2485 pimnrtnargaritas
1062 2426 1191 2471 ante
1255 2429 1457 2484 porcos
1505 2429 1613 2466 non
1651 2414 1939 2484 projicere,
1970 2427 2068 2467 nec

484 2503 618 2558 dare
657 2513 847 2558 sancta
873 2506 1133 2559 canibus.
1164 2504 1268 2560 Ista
1304 2506 1372 2559 iis
1400 2504 1494 2572 qui
1523 2504 1576 2557 in
1642 2502 1933 2556 Dominum
1978 2504 2069 2556 be-

482 2596 666 2650 nevoli
709 2596 984 2660 videntur,
1011 2598 1323 2665 praestanda
1349 2604 1504 2659 sunt,
1533 2607 1642 2649 non
1679 2602 1860 2648 autem
1884 2596 2068 2663 impu-

484 2690 925 2759 ris,sanguinem
960 2691 1311 2755 rorantibus,
1338 2699 1392 2745 et
1451 2689 1785 2759 raptoribus.
1844 2688 1916 2742 De
1950 2687 2069 2742 istis

481 2790 665 2836 tamen
702 2797 810 2836 non
834 2794 919 2836 est
940 2781 1368 2851 desperandum,
1393 2795 1574 2851 neque
1594 2780 1794 2849 aliquis
1812 2780 2069 2849 rejicien-

481 2875 611 2937 dus,
645 2875 763 2937 sed,
801 2881 863 2926 ut
894 2872 1158 2938 diximus,
1189 2872 1574 2942 unusquisque
1624 2871 1982 2941 qumrendus,
2015 2882 2071 2925 et

480 2966 835 3033 recipiendus
875 2974 983 3027 est,
1030 2974 1086 3017 et
1145 2963 1213 3017 ad
1269 2963 1653 3033 ptPnitentiam
1718 2962 2066 3028 excitandus,

476 3069 836 3125 quaesemper
876 3055 1251 3121 ex5pectanda
1287 3062 1391 3119 est,
1439 3069 1564 3106 cum
1623 3070 1749 3122 spes
1776 3054 1843 3106 ad
1905 3055 2064 3105 tinem

2170 577 2263 629 καὶ
2285 576 2435 646 λήψῃ
2451 577 2548 643 τὴν
2583 573 2854 639 ἐξουσίαν.
2880 571 2993 627 Kal
3016 570 3178 635 αὐτὸς
3205 571 3317 638 ἐγὼ
3340 569 3634 641 συνθαρῤὥ
3655 588 3765 637 σοι,

2173 670 2512 738 συνεργάτης
2540 669 2714 723 τελῶν
2739 686 2821 722 σοι
2848 669 2943 721 καὶ
2970 667 3337 734 σπουδαστής.
3360 665 3473 718 Kal
3495 667 3770 736 ῡὰῥρυνον

2171 760 2262 813 τὸν
2293 761 2750 830 προθυμούμενον
2788 760 3029 828 μᾶλλον,
3074 759 3176 811 καὶ
3222 759 3613 825 ἑναγκάλισαι.
3666 760 3769 811 καὶ

2172 850 2511 923 οερὰπευσον
2537 855 2637 921 ὅση
2668 871 2752 907 σοι
2790 832 3042 921 δύναμις,
3069 852 3420 921 ἀναλόγωςτῇ
3457 850 3766 920 προθυμίᾳ.

2641 970 2801 1041 135
2838 968 3094 1023 κεψΑΑ.
3140 968 3311 1023 ΣΝΕσ.

2174 1083 2307 1136 ὀτι
2364 1081 2477 1149 χρὴ
2529 1081 2654 1144 τοῖς
2728 1081 2982 1146 λέγουσι
3026 1075 3347 1147 μετανοεῖν
3412 1076 3773 1149 προσέχείις,

2245 1146 2549 1215 καίίτοὺς
2600 1151 2713 1212 μὲν
2764 1151 3033 1217 γνησίως
3080 1146 3612 1217 προσερχομένους
3663 1146 3772 1197 δέ-

2246 1222 2646 1289 χεσθαι.τοὺς
2670 1220 2739 1275 δὲ
2774 1216 2847 1275 ἐν
2868 1221 3191 1287 ὑποκρίσει
3223 1216 3402 1270 τοῦτο
3433 1216 3775 1282 ποιοῦντας

2245 1291 2606 1361 δοκιμάζειν.

2250 1403 2307 1456 Εἰ
2348 1405 2404 1457 δὲ
2441 1404 2652 1473 ψυχρός
2701 1421 2789 1459 τις
2827 1395 2985 1465 οὗτος
3024 1403 3120 1455 καὶ
3171 1402 3423 1471 δίψυχος,
3472 1402 3567 1454 καὶ
3616 1400 3775 1468 λόγῳ

2178 1498 2276 1564 μὲν
2325 1497 2469 1563 μόνῳ
2515 1496 2732 1556 δεικνὺς
2762 1496 2862 1564 τὴν
2909 1495 3272 1566 ἐπιστροφὴν,
3312 1493 3501 1563 ἔργοις
3537 1493 3595 1546 δὲ
3623 1493 3775 1556 ὅλως

2175 1588 2451 1652 οὐδαμῶς,
2491 1590 2585 1641 καὶ
2630 1586 2691 1638 οὐ
2730 1587 2891 1654 μόνον
2925 1587 2985 1638 οὐ
3029 1586 3239 1655 πρᾶξαί
3269 1602 3322 1637 τι
3363 1582 3601 1653 χρηστὸν
3630 1597 3772 1643 προ-

2177 1680 2542 1745 Ουμούμενος,
2566 1681 2703 1734 ἀλλὰ
2734 1682 2826 1733 καὶ
2857 1680 2993 1747 πρὸς
3023 1678 3116 1731 τὸν
3148 1677 3279 1733 ἴδιον
3307 1679 3503 1745 ἔμετον
3528 1675 3772 1739 ἑτοίμοις

2178 1774 2318 1841 ἔχων
2378 1774 2714 1833 ἐπανελθεῖν,
2759 1774 2854 1826 καὶ
2899 1769 3012 1826 οἷον
3063 1771 3385 1839 καταγελῶν
3426 1769 3537 1822 τῶν
3586 1769 3769 1831 ἁγίων

2173 1867 2267 1918 καὶ
2300 1865 2765 1936 κατορχούμενος,
2797 1864 2829 1933 ἢ
2858 1864 3021 1932 δῆθεν
3061 1864 3161 1932 μὲν
3211 1862 3650 1926 ὑποκρινόμενος
3701 1858 3768 1911 τὸ

2170 1956 2427 2008 ταπεινόν
2476 1973 2536 2007 τε
2572 1958 2668 2008 καὶ
2722 1957 3087 2024 θερμουργὸν,
3117 1958 3175 2009 ὲν
3221 1954 3390 2020 ὀλίγῳ
3435 1953 3495 2005 δὲ
3528 1952 3767 2018 δοκιμα-

2174 2050 2347 2113 σθεὶς,
2382 2049 2547 2109 εὐθὺς
2602 2049 2829 2119 χλιαρὸς
2867 2049 2899 2118 ἢ
2953 2049 3046 2101 καὶ
3087 2047 3301 2116 ψυχρὸς
3350 2048 3473 2105 ὅλος
3523 2045 3663 2115 μετὰ
3700 2042 3765 2096 τὸ

2170 2140 2345 2207 δῶρον
2404 2141 2711 2208 γινόμενος.
2751 2144 2847 2194 καὶ
2898 2142 3013 2202 τοῖς
3065 2141 3335 2210 πρότερον
3382 2134 3539 2199 αὖθις
3590 2138 3761 2203 ἐγκα-

2170 2232 2539 2301 λινδούμενος,
2569 2234 2791 2307 ἀπέστω
2829 2250 2913 2284 σοι
2957 2231 3135 2297 οὗτος,
3168 2233 3255 2285 ἵνα
3323 2231 3397 2299 μὴ
3444 2229 3760 2298 ἀλλοτρίαις

2176 2322 2278 2395 ἔσῃ
2311 2324 2586 2376 κοινωνῶν
2619 2325 2947 2393 ἁμαρτίαις.
2982 2325 3093 2377 Kal
3135 2326 3193 2376 ὲν
3243 2324 3450 2391 ἀγγείῳ
3479 2322 3535 2374 δὲ
3567 2322 3763 2389 βορϐό-

2175 2433 2270 2484 ρου
2297 2417 2356 2467 οὐ
2381 2414 2487 2484 χρὴ
2527 2416 2773 2484 είσάγειν
2804 2416 2998 2484 μύρον,
3038 2416 3159 2475 καὶ,
3187 2434 3207 2467 ι
3233 2414 3375 2477 Τοὺς
3402 2413 3761 2483 μαργαρίτας

2169 2510 2231 2560 οὐ
2266 2507 2371 2578 χρὴ
2417 2509 2631 2579 ῥίπτειν
2674 2510 2789 2571 τοῖς
2834 2508 3066 2578 χαίροις,
3106 2527 3125 2560 ι
3179 2508 3563 2577 παραγγελίαν
3613 2505 3761 2574 είλή-

2171 2619 2378 2671 φαμεν,
2412 2620 2435 2654 ‹
2469 2602 2602 2670 μηδὲ
2637 2602 2841 2655 διδόναι
2886 2603 2956 2656 τὰ
2985 2602 3119 2670 ἅγια
3156 2592 3268 2661 τοῖς
3306 2602 3487 2666 κυσὶν,
3525 2618 3542 2652 ι
3578 2601 3761 2652 εὐνοϊ-

2169 2697 2287 2757 κοῖς
2324 2695 2424 2763 μὲν
2452 2694 2674 2747 δοκοῦσι
2729 2695 2826 2747 καὶ
2872 2694 3012 2763 ὑπὲρ
3038 2694 3136 2748 τοῦ
3175 2693 3471 2756 Aean/nou,
3516 2691 3765 2758 ἀκαθάρ-

2168 2803 2284 2849 τοις
2327 2784 2387 2838 δὲ
2432 2785 2526 2838 καὶ
2577 2784 2900 2853 αίμοόόροις
2934 2784 3028 2837 καί
3078 2782 3342 2854 ἁρπαξιν.
3382 2782 3579 2850 Ὅμως
3632 2778 3762 2832 οὐδὲ

2171 2879 2380 2932 τούτων
2406 2878 2776 2945 ἀπογινὼκειν
2811 2877 2939 2948 χρὴ,
2973 2877 3097 2929 οὐδὲ
3126 2872 3575 2946 ἀποστρέφεσθαί
3603 2889 3756 2932 τινα,

2169 2973 2306 3025 ἁλλὰ
2347 2971 2750 3043 προσδέχεσθαι
2784 2970 2884 3038 μὲν
2913 2969 3010 3021 καὶ
3063 2968 3270 3036 ζητεῖν,
3301 2966 3378 3029 ὡς
3420 2965 3768 3035 εἰρήκαμεν,

2172 3066 2620 3135 ὑπομιμνήσκειν
2649 3081 2708 3117 τε
2763 3063 2859 3116 καὶ
2918 3062 3214 3130 διεγείρειν
3246 3059 3385 3129 πρὸς
3439 3059 3539 3127 τὴν
3592 3057 3771 3125 μετά-

482 3162 663 3214 usque
689 3156 1001 3213 perseveret
1035 3162 1049 3213 ;
1084 3156 1404 3201 sanctorum
1434 3154 1614 3200 tamen
1672 3146 2063 3200 communione

2170 3175 2338 3221 νοιαν,
2395 3158 2492 3210 καὶ
2555 3155 2858 3225 ἀναμένειν
2915 3155 3004 3207 ἀεὶ
3067 3153 3297 3213 τούτους
3357 3150 3496 3220 πρὸς
3549 3147 3769 3215 ταύτην

482 3254 595 3293 non
614 3246 833 3304 oportet
865 3252 962 3291 eos
997 3239 1235 3306 dignari,
1264 3254 1330 3291 ne
1365 3238 1418 3290 in
1485 3239 1901 3292 damnationem
1959 3238 2063 3292 im-

483 3328 785 3398 prudenter
817 3328 1164 3383 tradentibus
1194 3329 1298 3382 hoc
1335 3329 1654 3397 imputetur,
1683 3339 1742 3384 ut
1798 3341 1852 3385 et
1923 3332 2067 3387 acci-

483 3419 780 3489 pientibus.
800 3418 807 3421 ⁷

1014 3519 1245 3576 CAPUT
1275 3521 1497 3579 CCLV].

629 3612 704 3669 De
745 3613 1098 3683 confessione,
1122 3616 1381 3683 quomodo
1416 3617 1529 3669 haec
1563 3615 1683 3685 ﬁeri
1716 3617 1922 3670 debeat.

555 3706 969 3761 Coufessionem
1034 3716 1216 3760 autem
1285 3724 1393 3761 non
1455 3718 1674 3777 oportet
1744 3709 2067 3775 simpliciter

481 3799 668 3859 edere,
704 3799 799 3853 sed
827 3809 884 3851 ut
919 3798 1173 3852 Salvator
1198 3810 1387 3853 noster
1444 3799 1866 3862 demonstravit,
1937 3813 2064 3852 cum

490 3890 813 3947 Zacchaeum
849 3901 904 3943 et
938 3892 1279 3944 meretricem
1312 3891 1576 3961 suscepit.
1614 3891 1711 3944 llle
1737 3890 1881 3944 enim
1937 3905 2062 3943 cum

489 3982 774 4052 majestate
804 3980 1039 4049 quadam
1070 3991 1119 4036 et
1152 3981 1487 4034 contritione
1521 3981 1816 4035 confessus
1873 3988 1977 4045 est,
2011 3989 2066 4033 et

482 4075 736 4144 promisit
779 4072 1128 4145 quaa’iuique
1174 4084 1423 4144 gesserat
1466 4090 1528 4130 se
1575 4088 1978 4136 correcturum,
2010 4082 2067 4129 et

480 4181 650 4234 opera
689 4166 873 4219 divina
910 4166 1247 4219 additurum.
1290 4183 1309 4216 ι
1351 4166 1494 4220 Ecce
1534 4168 1702 4232 enim,
1743 4167 1945 4235 inquit,
1983 4165 2067 4218 di-

483 4256 709 4310 midium
738 4257 1007 4310 bonorum
1030 4271 1276 4309 meorum
1301 4298 1315 4320 ,
1340 4257 1673 4317 Domine,do
1706 4258 2063 4325 pauperibus,

477 4347 599 4400 etsi
634 4347 870 4415 aliquem
908 4345 1255 4411 defraudavi,
1289 4346 1456 4400 reddo
1479 4328 1873 4417 quadruplum.
1904 4365 1922 4398 ι
1970 4346 2063 4400 Illa

481 4452 632 4503 vero,
651 4439 928 4507 accipiens
952 4439 1288 4492 alabastrum
1320 4441 1607 4507 unguenti,
1627 4447 1680 4492 et
1704 4449 1855 4492 stans
1874 4439 1938 4490 ad
1968 4452 2064 4506 pe-

481 4530 581 4585 des
606 4532 751 4599 ejus,
772 4540 822 4584 et
852 4541 995 4584 retro
1017 4532 1260 4600 plorans,
1280 4545 1386 4584 non
1420 4531 1563 4584 enim
1583 4529 1820 4583 audebat
1850 4544 2060 4590 coram,

481 4622 650 4689 cu-pit
678 4621 934 4692 lacrymis
968 4624 1145 4693 rigare
1190 4623 1354 4692 pedes
1383 4621 1524 4689 ejus,
1550 4631 1602 4675 et
1625 4621 1834 4687 capillis
1868 4621 2065 4688 capitis

480 4713 561 4764 sui
594 4712 770 4773 tersit,
795 4713 1176 4766 etdeoscnlata
1221 4723 1306 4765 est
1348 4713 1509 4779 pedes
1547 4712 1760 4779 ejus,'et
1781 4722 2065 4779 unguento

483 4798 658 4851 unxit.
691 4796 817 4851 ldeo
838 4798 971 4854 dixit
1020 4798 1199 4861 Jesus,
1226 4818 1244 4849 ι
1271 4798 1648 4852 Retnittuntur
1707 4799 1803 4851 tibi
1840 4809 2063 4868 peccata

479 4898 595 4949 tua,
623 4907 642 4939 ι
665 4897 740 4954 et,
762 4910 777 4939 ι
810 4888 1075 4953 Quoniam
1101 4888 1288 4942 dilexit
1328 4888 1581 4950 multum,
1606 4889 1695 4941 cui
1728 4898 1908 4941 autem
1934 4906 2064 4957 pau-

479 4993 603 5031 cum
654 4979 983 5044 dimittitur,
1018 4994 1209 5046 parum
1263 4986 1453 5044 amat;
1504 4997 1522 5029 ι
1557 4978 1817 5033 Zaccbmo
1853 4991 2060 5045 autem,

487 5085 506 5118 ι
546 5066 717 5123 Hodie
751 5071 901 5123 salus
931 5070 1060 5123 huic
1082 5070 1268 5124 domui
1294 5070 1435 5124 facta
1469 5081 1607 5123 est.)
1640 5069 1802 5126 Vides
1834 5082 2059 5142 propter

480 5160 718 5214 alacrem
750 5162 921 5215 animi
944 5162 1011 5215 ad
1035 5163 1240 5217 bonum
1271 5164 1718 5230 propensionem,
1754 5174 2060 5218 etcouver-
2081 5196 2096 5207 -

482 5252 659 5306 sionis
681 5254 991 5318 veritatem,
1013 5255 1198 5307 statim
1229 5252 1408 5305 datam
1432 5268 1557 5308 esse
1592 5268 1715 5307 cum
1750 5256 1929 5309 Salute
1975 5272 2060 5310 rc-

374 5414 380 5420 .
480 5344 804 5399 missionem
835 5345 969 5411 ;,sed
1003 5362 1111 5400 non
1153 5346 1546 5413 paenitentibus
1582 5366 1593 5402 :
1636 5367 1653 5401 ι
1704 5350 1982 5405 Discedite
2025 5368 2053 5405 a

481 5450 590 5502 me,
611 5437 812 5506 inquit,
835 5437 926 5505 qui
957 5438 1261 5505 operamini
1294 5438 1679 5510 iniquitatem;
1710 5462 1727 5495 ι
1753 5453 1828 5507 et,
1858 5463 1875 5494 ι
1910 5445 2061 5499 Blas-

480 5529 871 5597 pliemantibus
935 5529 987 5580 in
1041 5529 1306 5596 Spiritum
1379 5543 1653 5598 sanctum,
1705 5536 1863 5601 dixit,
1920 5553 2058 5590 nun-

482 5636 646 5689 quam
681 5620 1029 5687 remittetur;
1058 5640 1077 5673 ι
1106 5629 1160 5677 et
1188 5624 1465 5678 remittere
1500 5628 1812 5683 nolentibus
1842 5647 1855 5684 :
1897 5647 1915 5679 ι
1943 5628 2057 5682 Non

486 5714 798 5764 remittetur
828 5710 1024 5779 vobis;
1072 5732 1089 5765 ι
1123 5722 1211 5767 et:
1249 5732 1268 5764 ι
1308 5714 1419 5771 Nisi
1454 5719 1833 5788 pmnitentiam
1883 5719 2060 5788 egeri-

483 5801 573 5869 tis,
603 5803 700 5871 ait,
731 5801 986 5858 similiter
1020 5809 1270 5879 peribitis
1308 5826 1321 5879 7;
1355 5829 1371 5861 ι
1401 5824 1453 5867 cl
1514 5830 1623 5868 non
1676 5812 2060 5868 obcdicmibus

2169 3250 2367 3310 ἐλθεῖν,
2387 3250 2527 3305 ,ἐπεὶ
2559 3249 2652 3301 καὶ
2685 3240 2829 3318 ἄχρῖ
2857 3247 3046 3309 τέλους
3087 3245 3246 3307 ἐλπίς
3270 3260 3284 3273 ’
3320 3243 3381 3296 οὐ
3415 3242 3524 3311 μὴν
3555 3240 3612 3292 δὲ
3646 3239 3767 3291 τῶν

2166 3342 2339 3409 ἁγίων
2366 3341 2683 3408 καταξιοῦν,
2710 3340 2797 3393 ἵνα
2836 3341 2911 3409 μὴ
2952 3343 3034 3402 είς
3081 3341 3284 3407 κρῖμα,
3329 3336 3408 3399 ὡς
3438 3334 3534 3388 καὶ
3572 3333 3769 3387 αὐτῶν

2169 3434 2259 3487 καὶ
2288 3433 2399 3488 τῶν
2433 3434 2646 3502 ἀλόγως
2675 3433 2933 3485 διδόντων
2971 3433 3221 3500 γένηται.
3295 3457 3306 3470 -

2710 3524 2964 3577 ΚΕΦΑΛ.
3007 3522 3193 3589 sua.

2151 3619 2307 3702 ’Περὶ
2354 3617 2839 3687 ἑξαγορεύσεως,
2874 3616 3035 3679 ὅπως
3068 3616 3185 3683 χρὴ
3217 3613 3443 3678 ταύτην
3462 3614 3763 3680 γίνεσθαι.

2238 3711 2351 3780 Τὴν
2394 3709 2753 3775 ἐξαγόρευσιν
2783 3708 2839 3760 δὲ
2886 3708 2987 3775 οὐχ
3043 3706 3232 3769 ἁπλῶς
3268 3704 3450 3775 χρεὼν
3483 3706 3758 3772 γίνεσθαι,

2168 3801 2283 3855 ἁλλ’
2311 3801 2386 3864 ὡς
2444 3799 2722 3862 ὑπέδειξεν
2750 3801 2777 3851 ό
2811 3799 3030 3866 Σωτὴρ,
3063 3798 3154 3850 ὅτε
3204 3798 3297 3851 τὸν
3342 3799 3611 3867 Ζακχαῖον
3658 3802 3760 3850 καὶ

2167 3894 2266 3959 τήν
2304 3891 2511 3960 πόρνην
2548 3890 2791 3954 ἐδέξατο.
2838 3888 2899 3941 ’0
2942 3888 3043 3956 μὲν
3075 3888 3182 3955 γὰρ
3236 3890 3375 3958 μετὰ
3418 3889 3761 3958 σεμνότητος

2168 3980 2457 4049 ἐξήγγειλε
2512 3979 2697 4032 πάντα
2742 3977 2837 4031 καὶ
2896 3978 3221 4047 συντριὸἧς,
3254 3980 3348 4032 καὶ
3382 3978 3758 4047 ἐπηγγέλλετο

2167 4073 2235 4125 τὰ
2289 4072 2608 4140 ἀδικήματα
2664 4071 3070 4142 διορθώσασθαι
3146 4072 3244 4122 καὶ
3308 4070 3577 4123 ἐπιθεῖναι
3635 4069 3758 4123 Οεῖα

2167 4163 2326 4233 ἔργα.
2358 4181 2379 4213 ι
2434 4161 2568 4215 ’ἰδοὺ
2614 4161 2746 4228 γὰρ,
2785 4160 2940 4230 φησὶ,
2980 4160 3049 4213 τὰ
3097 4161 3273 4229 ἡμίση
3313 4160 3426 4211 τῶν
3478 4161 3761 4229 ὑπαρχόν-

2166 4275 2275 4310 των
2306 4274 2416 4325 μοι,
2450 4255 2647 4326 Κύριε,
2678 4255 2873 4320 δίδωμι
2906 4258 3020 4315 τοῖς
3048 4256 3289 4322 πτωχοῖς
3319 4270 3333 4283 ⁸

2166 4366 2217 4402 τι
2277 4348 2721 4416 ἐσυκοφάντησα,
2755 4346 3061 4416 ἀποδίδωμι
3108 4346 3470 4416 τετραπλοῦν.
3511 4366 3531 4398 ι
3577 4346 3645 4399 Ἦ
3696 4347 3758 4399 δὲ

2167 4440 2410 4494 λαϐοῦσα
2460 4439 2804 4510 ἀλάϐαστρον
2863 4438 3060 4507 μύρου,
3096 4439 3191 4490 καὶ
3225 4439 3401 4492 στᾶσα
3444 4439 3596 4506 παρὰ
3626 4439 3759 4502 τοὺς

2171 4533 2338 4592 πόδας
2377 4530 2544 4584 αὐτοῦ
2581 4531 2760 4583 ὀπίσω
2790 4529 3053 4582 κλαίουσα
3105 4528 3186 4599 (οὐ
3217 4530 3327 4596 γὰρ
3379 4528 3583 4595 ἐτόλμα
3615 4528 3758 4579 swa-

2170 4622 2313 4695 πιον)
2373 4622 2575 4694 ἤρξατο
2617 4620 2835 4691 βρέχειν
2888 4620 3019 4683 τοὺς
3073 4620 3242 4681 πόδας
3295 4617 3466 4671 αὐτοῦ
3511 4622 3622 4681 τοῖς
3654 4619 3756 4671 δά-

2169 4731 2351 4781 κρυσι,
2387 4716 2477 4767 καὶ
2507 4715 2623 4775 ταῖς
2659 4712 2806 4782 Θριξὶ
2837 4712 2936 4777 τῆς
2962 4710 3207 4779 κεφαλῆς
3242 4710 3417 4777 αὐτῆς
3454 4709 3752 4779 ὲξέμασσε,

2167 4806 2262 4859 καὶ
2320 4805 2601 4874 κατεφίλει
2659 4805 2784 4865 τοὺς
2838 4802 3006 4863 πόδας
3066 4800 3258 4863 αὐτοῦ,
3294 4803 3390 4855 καὶ
3446 4802 3636 4872 ἤλειφε
3673 4803 3756 4869 τῷ

2169 4896 2344 4965 μύρῳ.
2372 4897 2463 4948 At?)
2512 4898 2609 4950 καὶ
2652 4891 2809 4948 εἶπεν
2845 4894 2981 4963 αὐτῇ
3033 4893 3060 4945 ὁ
3104 4892 3336 4960 Ἰησοῦς,
3378 4911 3398 4943 ι
3444 4894 3755 4967 ’ᾼφέωνταί

2168 5005 2248 5040 σοι
2277 4988 2332 5039 αἱ
2363 4986 2630 5055 ἁμαρτίαι
2656 5002 2749 5037 σου
2777 5001 2791 5015 ⁸
2821 5003 2840 5035 ι
2873 4983 2990 5049 καὶ,
3016 5000 3033 5034 ι
3065 4982 3188 5035 Ὀτι
3215 4984 3472 5053 ἠγάπησε
3506 4984 3637 5036 πολύ
3658 5000 3671 5014 ·
3706 4980 3754 5051 ᾧ

2164 5081 2220 5132 δὲ
2274 5079 2452 5146 ὀλίγον
2507 5078 2749 5143 ἀφίεται,
2782 5075 2966 5141 ὀλίγον
3017 5076 3232 5144 ἀγαπᾷ,
3284 5094 3302 5125 ι
3362 5075 3517 5145 φησί.
3566 5076 3655 5143 Τῷ
3688 5077 3753 5130 δὲ

2166 5170 2438 5236 Ζακχαίῳ,
2477 5184 2495 5215 ι
2534 5166 2786 5235 Σήμερον
2838 5164 3088 5234 σωτηρία
3127 5166 3204 5234 τῷ
3244 5166 3380 5235 οἴκῳ
3420 5166 3599 5236 τούτῳ
3625 5170 3753 5233 ἐγέ-

2164 5278 2303 5313 νετο.
2344 5279 2362 5311 ι
2412 5258 2577 5329 Ὁρᾷς
2615 5257 2702 5311 διὰ
2754 5257 2814 5309 τὸ
2848 5256 3135 5325 πρόθυμον
3169 5258 3263 5310 καὶ
3311 5260 3370 5310 τὸ
3420 5259 3619 5327 ἀληθὲς
3649 5261 3747 5325 τῆς

2163 5351 2503 5422 ἐπιστροφῆς
2569 5355 2663 5403 καί
2716 5349 2816 5417 τὴν
2876 5349 3074 5417 ἄφεσιν
3127 5350 3403 5419 παρευθὺς
3457 5352 3597 5422 μετὰ
3645 5352 3747 5421 τῆς

2166 5446 2441 5512 σωτηρίας
2468 5441 2877 5511 χαριζομένην;
2922 5440 3087 5494 Ἀλλὰ
3112 5443 3224 5503 τοῖς
3256 5442 3332 5511 μὴ
3369 5441 3745 5512 μετανοοῦσιν,

2171 5555 2190 5589 ι
2238 5536 2542 5605 Ἀπόστητε
2583 5533 2679 5586 ἀπ’
2728 5533 2886 5603 ἐμοῦ,
2927 5535 3113 5603 φησὶν,
3152 5534 3201 5586 οί
3254 5534 3614 5604 ἐργαζόμενοι
3646 5536 3747 5602 τὴν

2165 5627 2416 5696 ἀνομίαν.
2456 5643 2474 5677 ι
2514 5626 2645 5688 Kal,
2683 5643 2702 5675 ‹
2735 5625 2858 5687 Ταῖς
2891 5624 3303 5694 βλασφημοῦσιν
3335 5627 3411 5689 είς
3434 5626 3497 5678 τὸ
3522 5626 3746 5694 Πνεῦμα

2164 5724 2225 5775 τὺ
2254 5723 2407 5788 ἆγιον
2455 5720 2708 5788 οὐδαμῶς
2764 5739 2893 5773 ποτε
2942 5721 3302 5790 ἀφεθήσεται,
3345 5741 3361 5772 ι
3401 5724 3612 5791 εἴρηκε,
3651 5721 3746 5771 καὶ

2164 5815 2277 5875 τοῖς
2340 5810 2417 5881 μὴ
2484 5810 2703 5879 ἀφιέναι
2769 5812 3017 5866 Οὲλουσιν
3091 5815 3191 5864 οὐκ
3259 5813 3539 5882 ἀφίεσθαι.
3591 5813 3742 5878 Καὶ,

3367 4255 3465 4306 καὶ
3518 4258 3570 4308 εί
3606 4255 3758 4318 τινός
3829 4267 3846 4280 ‘
