4078 6446
555 361 665 428 483

619 554 736 603 bus.

620 663 867 717 Primum
918 660 1139 731 quidem
1181 673 1336 712 mens
1403 657 1456 711 in
1518 655 1685 710 corde
1744 654 1993 724 producit
2054 653 2137 707 vi-l

548 755 722 811 bonas
745 754 1108 823 cogitationes
1141 752 1206 804 ad
1238 765 1334 804 eas
1367 750 1680 812 attendens,
1721 748 1801 801 vel
1833 748 2003 799 malas
2031 762 2135 797 non

556 844 870 902 attendens.
907 843 1047 897 llinc
1079 841 1493 896 attendentibus
1523 856 1619 908 per
1669 839 1995 891 rationalent
2058 838 2137 889 la-

551 940 831 993 cultatem
888 936 1150 989 memoria
1204 933 1320 993 Dei,
1355 932 1566 986 ettides
1617 942 1789 994 recta,
1844 931 2022 1011 oratio
2083 938 2138 982 et

553 1031 812 1091 attentio,
852 1036 1002 1081 recte
1033 1026 1372 1093 diriguntur,
1405 1023 1654 1076 laudatio
1695 1036 1917 1089 quoque
1938 1032 1993 1073 et
2016 1035 2137 1088 gra-

554 1127 759 1177 tiarum
790 1122 938 1173 actio
971 1119 1080 1170 Deo
1142 1116 1387 1180 redditae,
1426 1131 1576 1183 quae,
1637 1124 1697 1168 ut
1745 1114 2008 1177 diximus,
2069 1112 2136 1165 ad

554 1209 876 1263 rationalem
904 1207 1197 1277 pertinent.
1224 1206 1301 1256 Ad
1335 1202 1667 1256 irascihiletn
1701 1200 2019 1255 facultatem
2043 1215 2140 1269 per

558 1308 795 1354 mentem
831 1300 1108 1367 pertinent
1167 1296 1340 1360 zelus,
1376 1296 1609 1367 excitus
1648 1309 1745 1361 pro
1806 1292 2029 1363 pietate,
2085 1303 2140 1346 et

553 1392 728 1445 sacris
761 1391 999 1460 hymnis,
1043 1399 1100 1443 et
1131 1389 1358 1458 agendis
1411 1387 1525 1440 Deo
1594 1385 1788 1454 gratiis
1828 1385 2029 1439 ardens
2087 1391 2142 1438 et

550 1483 876 1535 Vehemens.
903 1480 982 1533 Ad
1018 1478 1507 1547 concupiscibilcm
1566 1489 1694 1529 vero
1749 1490 1845 1545 per
1873 1484 2136 1538 mentem,

555 1574 804 1628 Charitas
840 1574 893 1625 itt
934 1572 1126 1636 llentn,
1160 1582 1212 1624 et
1241 1572 1295 1623 in
1319 1571 1624 1639 proximum
1647 1586 1771 1623 vera
1795 1580 1848 1622 et
1883 1582 2140 1637 germana

556 1680 823 1734 amorque
854 1666 906 1718 in
949 1666 1159 1725 divina,
1185 1649 1458 1731 bona-que
1494 1671 1550 1715 et
1585 1662 1905 1731 spirituales
1931 1660 2144 1729 cegita-

558 1761 759 1812 tiones.
788 1757 883 1811 llis
918 1756 1195 1810 contraria
1232 1770 1340 1808 non
1381 1753 1800 1808 atteudetttibus
1829 1756 2087 1807 accidunt
2124 1766 2141 1820 ;

1385 353 1774 414 SYMEONIS
1809 352 2107 413 TllES’SA
2122 352 2584 412 LONICENSIS
2627 352 2984 415 ARCHIEP.

617 492 809 549 etquo:
840 480 892 529 in
925 473 1256 529 contrarium
1327 473 1578 525 accidunt
1643 486 1746 523 non
1809 469 2133 523 attendenti-
2166 480 2206 530 Α

3628 350 3809 415 ’484

2309 470 2576 542 μητικῷ·
2626 471 2724 522 καὶ
2781 470 2902 523 ὅσα
2962 467 3325 524 τούναντίον
3376 469 3693 539 συμϐαίνει
3730 476 3811 542 μὴ

2309 540 2749 607 προσέχουσιν.

2311 651 2418 702 Καὶ
2456 651 2674 717 πρῶτον
2713 650 2815 716 μὲν
2842 652 2870 702 ὁ
2912 649 3039 712 νοῦς
3075 653 3132 703 ἐν
3164 651 3229 720 τῇ
3277 649 3478 720 καρδίᾳ.
3523 651 3811 720 γεννῶν,ἣ

2236 742 2362 799 τοὺς
2418 741 2658 808 ἀγαθοὺς
2711 745 2768 793 ἐν
2834 744 3099 811 προσοχῇ.
3152 743 3182 809 ἢ
3231 742 3358 804 τοὺς
3417 742 3690 811 πονηροὺς
3741 744 3814 812 μὴ

2239 833 2529 902 προσέχων
2564 837 2840 903 ἀπογεννᾷ
2891 834 3212 902 λογισμούς.
3252 833 3540 887 Ἐντεῦθεν
3566 831 3661 888 οῦν
3709 839 3817 897 τοῖς

2241 926 2341 993 μὲν
2378 929 2706 997 προσέχουσι
2765 929 2855 980 διὰ
2910 928 3002 981 τοῦ
3063 926 3378 994 λογιστικοῦ
3437 929 3626 999 μνήμη
3660 928 3813 994 Θεοῦ,

2241 1018 2338 1069 καὶ
2385 1019 2568 1082 πίστις
2619 1020 2780 1090 ὀρθὴ,
2815 1021 3095 1090 προσευχὴ
3128 1036 3186 1072 τε
3229 1021 3324 1072 καὶ
3352 1018 3595 1089 προσοχὴ
3631 1036 3819 1085 κατορ-

2241 1110 2448 1175 θοῦται,
2476 1113 2569 1163 καὶ
2621 1111 2899 1179 δοξολογία
2947 1113 3045 1165 καὶ
3108 1112 3430 1182 εὐχαριστία
3473 1111 3609 1165 Θεοῦ
3635 1128 3652 1144 ⁸
3688 1112 3723 1166 ἀ
3759 1111 3821 1182 δὴ

2241 1204 2335 1255 τοῦ
2384 1204 2696 1271 λογιστικοῦ
2722 1208 2910 1267 ἐἰσιν,
2951 1204 3027 1267 ὡς
3078 1206 3385 1274 εἰρήκαμεν
3409 1220 3425 1235 ο
3459 1203 3554 1256 τοῦ
3588 1203 3821 1271 θυμικοῦ

2240 1293 2297 1345 δὲ
2353 1293 2439 1345 διὰ
2490 1294 2584 1347 τοῦ
2644 1294 2761 1356 νοὸς
2820 1295 2981 1364 ζῆλος
3034 1297 3129 1348 καὶ
3168 1295 3437 1362 διέγερσις
3469 1293 3608 1362 ὑπέρ
3641 1310 3698 1345 τε
3726 1292 3823 1358 τῆς

2241 1385 2524 1447 εὐσεϐείας
2569 1386 2661 1438 καὶ
2709 1387 2818 1439 τῶν
2862 1385 3026 1456 ίερῶν
3072 1386 3257 1456 ὓμνων
3293 1388 3388 1439 καὶ
3430 1385 3531 1454 τῆς
3566 1385 3703 1438 Θεοῦ
3736 1386 3826 1436 εὐ·-

2243 1477 2534 1546 χαριστίας
2587 1477 2792 1547 θερμός
2823 1496 2883 1530 τε
2937 1481 3033 1531 καὶ
3084 1478 3300 1539 ἔντονος
3328 1493 3343 1507 ο
3376 1478 3470 1530 τοῦ
3504 1478 3827 1547 ἐπιθυμητιο

2243 1570 2339 1622 κοῦ
2368 1569 2425 1620 δὲ
2454 1562 2541 1622 διὰ
2577 1571 2669 1623 τοῦ
2703 1570 2815 1632 νοὸς
2870 1571 3062 1640 ἀγάπη
3094 1570 3229 1641 πρὸς
3262 1571 3354 1623 τὸν
3383 1570 3536 1633 Θεὸν,
3570 1573 3662 1622 καὶ
3693 1569 3825 1636 πρὸς

2243 1660 2334 1713 τὸν
2364 1661 2596 1730 πλησίον
2637 1663 2847 1732 ἀληθὴς
2889 1665 2985 1716 καὶ
3031 1663 3255 1732 γνησία,
3286 1663 3382 1716 καὶ
3416 1662 3558 1733 ἔρως
3590 1662 3725 1730 πρὸς
3758 1662 3827 1716 vi

2248 1753 2386 1817 θεῖοι,
2430 1754 2521 1805 καὶ
2551 1754 2746 1820 ἀγαθοὶ
2785 1757 2878 1806 καὶ
2912 1756 3278 1821 πνευματικοὶ
3312 1753 3589 1822 λογισμοί,
3620 1753 3828 1808 Τάναν-

559 1859 745 1906 mente
768 1850 989 1919 quidem
1014 1848 1221 1902 homini
1254 1847 1485 1901 minime
1517 1846 1869 1916 temperanti,
1923 1860 2017 1912 per
2052 1859 2143 1898 ra-

2253 1845 2336 1896 τία
2384 1845 2442 1897 δέ
2488 1845 2699 1896 τούτων
2725 1847 2837 1907 τοῖς
2892 1846 2967 1915 μὴ
2997 1845 3332 1914 προσέχουσι
3372 1845 3666 1915 συμϐαίνει
3694 1863 3708 1877 ο
3735 1850 3828 1898 καὶ

562 1942 820 1997 tioualetn
853 1941 1166 1994 facultatem
1214 1950 1360 1992 recta
1401 1954 1514 1991 non
1573 1938 1817 2007 cogitare
1873 1936 1941 1990 de
2000 1948 2141 1991 recta

560 2035 686 2099 fide,
746 2042 800 2087 et
855 2047 964 2086 uno
1015 2033 1067 2083 in
1131 2029 1403 2084 'l‘rinitate
1465 2029 1597 2091 Deo.
1630 2039 1687 2084 et
1746 2029 1910 2084 Verbi
1972 2028 2150 2084 incar-

566 2129 815 2189 natione,
880 2132 933 2177 et
982 2123 1199 2176 caeteris
1255 2137 1377 2190 qua:
1425 2119 1491 2173 ad
1549 2120 1718 2174 Deum
1777 2118 2144 2174 referuntur:

563 2219 650 2274 his
712 2217 1079 2286 adjungenda,
1148 2215 1508 2284 ingratitudo,
1555 2213 1915 2283 hlaSpltemia,
1973 2221 2028 2267 et
2063 2227 2152 2266 re-

566 2323 686 2361 rttnt
743 2307 811 2360 ad
870 2304 1197 2374 apostasiam
1238 2306 1598 2373 vergentium,
1648 2312 1703 2357 et
1747 2304 2147 2357 diabolicarum

563 2400 888 2470 phantasiae.
913 2395 1012 2450 Per
1039 2394 1399 2457 irascibilem,
1482 2394 1659 2449 zelum
1707 2394 1762 2447 in
1824 2396 1985 2449 malis
2051 2393 2150 2448 de-

564 2500 912 2553 monstrare,
976 2489 1029 2541 in
1080 2485 1301 2540 fratrem
1356 2485 1562 2555 aliquid
1611 2485 1833 2551 moliri,
1880 2485 2147 2549 invidere,

565 2578 868 2642 fascinare,
900 2579 1106 2637 furere,
1138 2575 1438 2629 vindictam
1472 2588 1741 2644 quaerere,
1766 2574 1942 2628 etalia
1975 2574 2151 2641 plera-

563 2688 670 2742 que
694 2672 898 2726 irarum
937 2671 1096 2739 plena
1169 2682 1454 2738 peragere.
1505 2665 1611 2721 Per
1658 2666 2147 2734 concupisdhilem

563 2779 719 2827 vero,
739 2764 1088 2817 ambitiosum
1110 2777 1254 2822 esse,
1281 2758 1638 2828 pecuniarum
1658 2759 1844 2810 animo
1869 2756 2150 2828 cupidum,

564 2872 688 2925 quae
721 2854 953 2924 proximi
987 2860 1115 2907 sunt
1161 2851 1580 2928 concupiscere,
1638 2860 1832 2902 contra
1883 2847 2149 2901 rationem

563 2960 617 3004 ct
649 2948 912 3000 decorum
947 2947 1087 2998 bona
1126 2944 1309 2998 aliena
1349 2957 1534 2997 amare
1570 2952 1664 2995 aut
1719 2950 2147 2993 mareescentem

564 3039 755 3095 carnis
806 3038 1299 3108 pulchritudinem,
1412 3050 1613 3115 pravos
1687 3033 2148 3101 concupiscentiae

2249 1936 2326 2005 τῷ
2359 1938 2459 2006 μὲν
2494 1935 2576 1990 νοῒ
2643 1937 2718 2007 μὴ
2754 1937 2981 2003 νήφοντι
3022 1936 3101 2007 τῷ
3143 1937 3419 2008 ἀνθρώπῳ
3450 1938 3539 1991 διά
3562 1937 3656 1991 τοῦ
3688 1938 3831 2005 λογιο

2252 2028 2440 2083 στικοῦ
2501 2030 2562 2082 τὸ
2613 2030 2714 2082 οὐκ
2764 2029 2901 2098 ὀρθὰ
2956 2028 3270 2096 λογίζεσθαι
3306 2032 3435 2100 περὶ
3490 2031 3588 2101 τὴν
3631 2029 3830 2099 εὺσεὸῆ

2252 2123 2438 2174 πίστιν
2471 2123 2564 2174 κοὶ
2615 2122 2707 2175 τὸν
2740 2124 2797 2174 ἐν
2831 2122 3026 2192 Τριάδι
3088 2122 3250 2191 μόνον
3298 2122 3433 2176 Θεὸν
3484 2124 3579 2176 καὶ
3608 2122 3707 2192 τὴν
3736 2124 3830 2175 τοῦ

2251 2215 2428 2283 Λόγοι,
2479 2215 2776 2284 σάρκιυσιν,
2810 2216 2906 2267 καὶ
2961 2215 3128 2268 λοιπὰ
3177 2217 3260 2278 εἰς
3311 2216 3443 2270 Θεὸν
3497 2216 3829 2285 ἀνλγόμενα,

2252 2307 2349 2360 καὶ
2390 2305 2687 2377 ἀχαριστία
2737 2306 2830 2359 καὶ
2864 2305 3211 2376 βλασφημία,
3243 2307 3339 2360 καὶ
3383 2308 3445 2359 τὸ
3489 2307 3834 2360 ἀποστατικά

2253 2398 2348 2450 καὶ
2396 2396 2722 2465 δαιμονιώδη
2773 2383 3188 2465 φαντάζεσθαι*
3230 2397 3320 2452 διὰ
3368 2397 3425 2450 δὲ
3460 2396 3554 2449 τοῦ
3596 2397 3829 2465 θυμικδῦ

2252 2490 2313 2541 τὸ
2343 2487 2538 2557 ζηλοῦν
2570 2489 2662 2540 ἐπὶ
2709 2489 2992 2558 πονηροῖς,
3038 2492 3131 2540 καὶ
3182 2489 3325 2542 κατά
3352 2487 3448 2540 τοῦ
3475 2488 3705 2558 ἀδελφοῦ
3736 2506 3837 2557 με⁶

2253 2579 2433 2647 λετᾷν,
2467 2579 2564 2632 καὶ
2593 2579 2996 2649 διαφθονεῖσθαι
3032 2583 3126 2635 καὶ
3155 2580 3480 2651 βασκαίνειν
3509 2584 3603 2635 καὶ
3640 2586 3836 2651 μαίνε-

2255 2672 2407 2737 σθαι,
2439 2675 2533 2724 καὶ
2571 2672 2992 2725 ἀνταποδιδόναι
3054 2672 3262 2743 ζητεῖν,
3309 2675 3403 2726 καὶ
3436 2674 3571 2727 ἀλλα
3611 2674 3837 2727 πλεῖστα

2254 2761 2518 2831 θυμοειδῆ
2551 2767 2797 2833 ἐνεργεῖν
2827 2781 2841 2796 ·
2874 2764 2963 2817 διὰ
3006 2765 3101 2818 τοῦ
3148 2765 3555 2836 ἐπιθυμητικοῦ
3588 2765 3644 2819 δὲ
3687 2768 3840 2834 φιλο-

2252 2854 2445 2919 δοξεϊν,
2478 2855 2841 2924 φιλαργυρεῖν
2888 2857 3050 2926 187
3076 2858 3135 2908 ἐν
3174 2857 3397 2929 καρδίᾳ,
3433 2858 3529 2912 καὶ
3552 2859 3839 2927 ἐπιθυμεῖν

2259 2944 2366 2995 τῶν
2406 2944 2497 2997 τοῦ
2545 2944 2795 3012 πλησίον,
2847 2946 2980 3016 ἐρᾲν
3032 2948 3366 3016 παραλόγως
3415 2948 3634 3017 ἀγαθῶν
3683 2948 3842 3002 ἀλλο-

2256 3035 2448 3103 τρίων,
2486 3036 2517 3103 ἦ
2552 3035 2781 3098 κάλλους
2818 3039 3225 3106 μαραινομένου
3259 3041 3484 3109 σαρκὸς,
3526 3040 3747 3109 ἐμπαθῆ
3778 3057 3842 3093 τι

569 3141 753 3186 motus
773 3130 1112 3198 cogitatione
1154 3141 1519 3190 conservare,
1545 3141 1636 3180 res
1671 3124 1929 3179 sordidas
1968 3123 2152 3199 animo

2256 3125 2608 3187 διανοεῖσθαι,
2657 3129 2751 3179 καὶ
2788 3128 3013 3196 τρέφειν
3046 3129 3105 3181 ἐν
3148 3132 3215 3198 τῇ
3245 3130 3390 3201 ψυχῇ
3448 3133 3703 3202 ῥυπαρὰ,
3750 3134 3843 3185 καὶ

569 3225 785 3278 nutrire
811 3232 867 3276 et
916 3222 1122 3285 fovere,
1152 3219 1441 3287 omnisque
1493 3217 1715 3287 generis
1755 3216 2148 3283 itnpuritatetn,

496 3348 505 3354 -
568 3315 973 3383 velntjutnenta
995 3313 1198 3373 vivere,
1218 3310 1550 3380 etjumentis
1575 3308 1756 3378 pejora
1776 3310 1959 3361 animo
1982 3306 2154 3373 agita-

571 3422 653 3460 re.
678 3404 809 3459 Haec
840 3404 1038 3472 hisque
1065 3402 1271 3456 similia
1312 3399 1621 3454 secundam
1710 3396 1947 3450 trifidatn
2007 3396 2153 3448 illaut

569 3497 984 3553 distinctionem
1015 3494 1080 3547 ad
1108 3501 1345 3546 mentem
1381 3497 1654 3560 spectant.

1137 3599 1367 3658 CAPUT
1391 3601 1622 3657 CCLXI.

571 3699 703 3763 Quae
725 3705 865 3749 recte
896 3695 1065 3764 faciat
1087 3693 1253 3764 Itonia,
1275 3694 1486 3746 ratione
1519 3708 1638 3744 cum
1683 3692 1957 3757 tripartito
1986 3693 2160 3759 facul-

527 3774 549 3791 ’
598 3762 603 3763 γ
643 3775 752 3820 tate
779 3762 971 3818 auitae:
994 3766 1039 3818 si
1079 3762 1338 3828 attendat,
1377 3774 1427 3818 et
1458 3779 1574 3833 qua:
1596 3772 1771 3830 peccet
1815 3764 1862 3817 si
1886 3767 2159 3818 attendere

646 3837 955 3907 neglexerit.

642 3948 843 4005 lterum
882 3956 1033 4002 recte
1081 3948 1193 4017 agit
1236 3948 1399 4002 homo
1461 3948 1770 4002 secundum
1825 3962 2157 4014 sermonem,

577 4057 674 4111 per
707 4040 1037 4097 rationalem
1063 4038 1413 4103 facultatem,
1435 4040 1523 4109 pie
1553 4050 1607 4094 et
1629 4047 1819 4094 sancte
1847 4048 2162 4095 commotus

574 4141 630 4187 et
648 4131 920 4201 impulsus
938 4129 1006 4183 ad
1044 4130 1167 4183 lidei
1208 4144 1656 4195 sermones,cum
1684 4128 1901 4197 publice
1920 4139 1973 4182 et
1991 4130 2165 4183 confi-

577 4226 773 4278 denter
809 4221 979 4275 Deutn
996 4222 1153 4291 juxta
1173 4222 1497 4275 catholicam
1516 4220 1677 4274 fidem
1700 4219 2017 4283 confitetur,
2040 4235 2164 4273 eum

579 4319 765 4370 laudat
796 4322 850 4369 et
874 4315 1142 4379 celebrat,
1168 4316 1375 4383 gratias
1411 4313 1546 4382 agit,
1572 4312 1736 4365 docet
1755 4312 1961 4376 divina,
1997 4311 2168 4364 imer-

578 4415 850 4474 pretatur,
876 4406 1161 4459 veritatem
1195 4406 1245 4457 in
1279 4406 1539 4456 omnibus
1561 4400 1873 4471 proﬁtetur,
1893 4400 2166 4469 judicium

2255 3219 2376 3271 ὅλον
2420 3217 2788 3289 ἀκαθαρσίαν,
2821 3222 2910 3273 καὶ
2941 3219 3017 3285 ὡς
3046 3221 3114 3274 τὰ
3151 3223 3322 3293 κτήνη
3348 3217 3535 3288 ἐἷναι,
3565 3225 3661 3278 καὶ
3711 3240 3846 3291 κτη-

2255 3309 2361 3363 νῶν
2414 3311 2482 3377 τῇ
2544 3308 2756 3380 διανοίᾳ
2801 3310 3043 3380 χείρονα.
3082 3311 3191 3365 Καὶ
3248 3314 3422 3367 ταῦτα
3471 3314 3569 3385 μὲν
3627 3316 3720 3369 καὶ
3774 3316 3847 3369 τὰ

2256 3399 2417 3470 ὃμοια
2445 3396 2540 3451 τοῦ
2577 3397 2691 3461 νοὸς
2716 3398 2804 3454 διὰ
2831 3398 2928 3453 τοῦ
2952 3401 3250 3471 τριμεροῦς
3274 3402 3490 3459 τούτου.

2832 3601 3083 3657 ΚΕΦΑΛ.
3120 3603 3282 3660 ΣΞΑἎ

2262 3699 2421 3750 Ὅσα
2460 3690 2743 3773 κατορθοξ
2791 3694 2824 3746 ό
2855 3692 3188 3773 ,ἅνθρωπος
3237 3696 3319 3773 τῷ
3364 3699 3515 3773 Idm)
3554 3701 3715 3773 μετὰ
3742 3701 3855 3757 τοῦ

2324 3767 2637 3890 ηέιὲιεροῦς
2670 3765 2777 3831 τῆς
2828 3765 3060 3832 ψυχῆς,
3093 3769 3195 3822 καὶ
3226 3768 3345 3822 ὅσα
3386 3765 3626 3839 ἀμελῶν
3653 3776 3856 3841 adrut-

2327 3855 2370 3904 _u
2451 3855 2522 3891 ει.

2336 3947 2426 4016 Τῷ
2467 3947 2611 4018 λόγῳ
2645 3948 2702 4001 δέ
2746 3949 3039 4019 ἄνθρωπος
3099 3949 3263 4004 πάλιν
3301 3950 3568 4020 κατορθοῖ
3614 3951 3703 4006 διὰ
3750 3954 3853 4021 μὲν

2266 4036 2361 4091 τοῦ
2402 4037 2713 4105 λογιστικοῦ
2756 4039 3079 4107 κινούμενος
3131 4040 3373 4103 εὺσεὸὦς
3407 4041 3501 4093 καὶ
3528 4043 3751 4109 ἀγαθῶς
3798 4046 3855 4096 ἐν

2267 4132 2379 4192 τοῖς
2421 4131 2517 4200 τῆς
2569 4132 2808 4193 πίστεως
2851 4131 3052 4199 λόγοις,
3104 4136 3199 4186 καὶ
3245 4136 3530 4205 παρρησίᾳ
3572 4136 3860 4205 ὁμολογῶν

2268 4223 2358 4276 τὸν
2383 4224 2516 4274 Θεὸν
2546 4223 2866 4291 ὀρθοδόξως,
2894 4224 3192 4292 δοξολογῶν
3221 4242 3281 4278 τε
3312 4226 3476 4280 αὑτὸν
3505 4230 3597 4280 καὶ
3632 4228 3865 4297 εὐχαρι-

2273 4314 2414 4366 στῶν
2436 4316 2532 4366 καὶ
2548 4315 2828 4383 ἀνυμνῶν,
2862 4317 3206 4371 ἐκδιδάσκων
3236 4336 3296 4370 τε
3323 4321 3388 4371 τὰ
3418 4321 3537 4373 θεῖα
3570 4331 3659 4372 καί
3678 4320 3866 4390 ἑρμη-

2274 4404 2464 4471 νεύων,
2517 4407 2800 4476 ἀληθεύων
2847 4409 2905 4461 ἐν
2942 4411 3100 4472 πᾶσι,
3145 4410 3352 4479 κρίνων
3400 4411 3579 4478 κρῖμα
3622 4411 3865 4476 δίκαιον,

572 4497 782 4566 justum
807 4497 1041 4567 judicat,
1083 4499 1227 4550 bona
1253 4504 1309 4548 ct
1329 4495 1515 4547 divina
1545 4494 1729 4551 omnia
1760 4491 2035 4561 loquitur;
2075 4508 2172 4558 per.

2276 4496 2383 4548 πᾶν
2424 4496 2627 4564 ἀγαθὸν
2672 4502 2766 4551 καὶ
2812 4498 2955 4551 θεῖον
3007 4499 3219 4553 λαλῶν·
3265 4500 3353 4552 διὰ
3388 4501 3482 4554 τοῦ
3533 4501 3772 4569 θυμικοῦ
3805 4503 3871 4555 δὲ

582 4589 790 4645 irascib
819 4590 923 4644 lem
954 4606 1109 4655 vero,
1140 4587 1398 4643 sertiione
1430 4603 1554 4641 cum
1614 4587 1735 4639 ZL'IO
1784 4585 1852 4638 ad
1909 4588 2171 4637 virtutem

2280 4586 2420 4653 μετά
2463 4586 2629 4657 ζήλου
2661 4590 2740 4660 τῷ
2773 4590 2917 4659 λόγῳ
2957 4590 3242 4660 διεγείρων
3291 4593 3425 4662 πρὸς
3469 4597 3672 4659 ἀρετὰς
3714 4596 3874 4666 ὑπὲρ

579 4685 827 4737 excitans
849 4722 863 4749 ,
899 4683 951 4736 in
979 4682 1070 4736 Dei
1100 4682 1352 4753 gloriam,
1384 4692 1437 4733 et
1503 4678 1736 4732 fratrum
1797 4678 2172 4730 defensionem

2276 4679 2369 4731 τοῦ
2402 4680 2535 4731 Θεοῦ
2568 4698 2630 4732 τε
2656 4681 2833 4733 λαλῶν
2863 4684 2958 4736 καὶ
2988 4683 3094 4736 τῶν
3126 4684 3396 4749 ἀδελφῶν,
3426 4687 3720 4754 ἀντιλέγων
3748 4692 3874 4752 τοῖς

582 4775 837 4844 Ιοηιιωιε,
859 4776 1193 4830 adversariis
1222 4771 1810 4842 rontradicunsjrnpie
1852 4781 2095 4839 agentes,
2123 4779 2172 4823 ct

2278 4774 2567 4835 ἐναντίοις,
2624 4773 2869 4842 ἐλέγχων
2938 4773 3274 4837 ἀσεϐοῦντας
3332 4779 3430 4829 καὶ
3484 4780 3875 4847 παρανόμους,

582 4869 761 4937 legum
795 4870 1244 4937 praevaricatores
1275 4867 1631 4935 redarguens,
1659 4880 1844 4918 coram
1878 4865 2099 4931 regibus
2126 4873 2172 4918 et

2277 4864 2508 4914 ἐνώπιον
2545 4863 2810 4930 βασιλέων
2828 4881 2887 4915 τε
2921 4868 3017 4916 καὶ
3050 4868 3329 4935 ἀρχόντων
3363 4869 3648 4937 παρρησίᾳ
3682 4869 3883 4921 λαλῶν

584 4961 923 5029 principibus
952 4960 1294 5015 confidenter
1328 4959 1579 5025 loquens,
1608 4966 1663 5009 et
1695 4971 1791 5009 eos
1819 4955 2172 5011 terrefacicns

2279 4958 2375 5008 καὶ
2420 4959 2776 5024 πτοούμενος,
2816 4958 2910 5010 καὶ
2958 4959 3055 5027 τῆς
3101 4959 3453 5030 δικαιοσύνης
3500 4962 3880 5031 ὑπερμαχων·

582 5053 809 5122 jnstitia:
854 5054 1248 5122 patrocinans;
1288 5065 1386 5120 per
1429 5048 1907 5117 concupiscibilent
1975 5062 2172 5113 autem,

2278 5049 2367 5100 διὰ
2416 5050 2508 5100 τοῦ
2555 5048 2960 5117 ἐπιθυμητικοῦ
2995 5040 3064 5103 δὲ’
3095 5052 3336 5104 ἐπαινῶν
3363 5055 3456 5105 καὶ
3486 5055 3749 5122 ἀνυμνῶν
3784 5056 3889 5107 τὸν

584 5141 760 5197 Deum
797 5143 1032 5197 laudans
1061 5151 1115 5194 et
1139 5142 1450 5203 celebrans,
1481 5154 1751 5192 enarratis
1823 5141 1941 5205 ejus
1989 5155 2172 5207 opera,

2280 5142 2435 5206 Θεὸν,
2468 5142 2915 5210 ἐκδιηγούμενος,
2960 5146 3051 5195 καὶ
3094 5147 3461 5214 ἐγκωμιάζων
3492 5147 3590 5199 καὶ
3629 5149 3890 5218 ὑπεραί-

584 5247 640 5288 et
673 5235 929 5288 laudibus
958 5248 1083 5286 cuin
1117 5247 1282 5301 super
1315 5231 1500 5285 omnia
1524 5231 1787 5296 efferens,
1853 5241 1907 5285 et
1933 5246 2033 5300 pro
2053 5233 2172 5287 aliis

2285 5250 2417 5300 ρων,
2448 5236 2543 5285 καὶ
2572 5233 2712 5303 ὑπὲρ
2742 5235 2918 5288 ἄλλων
2952 5238 3420 5308 προσευχόμενος,
3452 5239 3628 5293 λαλῶν
3655 5244 3726 5293 τὰ
3767 5260 3892 5295 σωο

589 5328 917 5393 deprecans,
942 5339 1127 5393 pacem
1153 5339 1274 5377 cum
1311 5322 1573 5378 fratribus
1616 5339 1943 5393 procurans,
1976 5339 2172 5392 eosque

2281 5343 2348 5394 τη
2359 5324 2549 5393 ριὼδη,
2567 5324 2862 5394 εἰρηνεύων
2881 5328 3005 5388 τοὺς
3024 5329 3310 5399 ἀδελφοὺς,
3324 5334 3686 5386 καταλάσσων
3703 5334 3858 5400 ἀλλή
3871 5362 3895 5374 -

593 5419 829 5473 invicem
859 5417 1253 5482 reconcilians,
1282 5431 1382 5485 pro
1410 5416 1518 5472 illis
1547 5417 1692 5486 apud
1740 5433 1899 5487 reges
1926 5428 1980 5471 ct
2012 5418 2172 5472 duces

2281 5416 2415 5479 λοις,
2465 5415 2605 5485 ὑπὲρ
2655 5416 2835 5468 αὐτῶν
2896 5420 3032 5489 πρὸς
3082 5419 3346 5489 βασιλεῖς,
3403 5426 3541 5493 πρὸς
3590 5426 3896 5494 ἡγεμόνας

598 5513 797 5581 quibus
824 5510 1004 5565 verbis
1036 5509 1326 5578 modisque
1358 5510 1579 5579 poterit,
1646 5510 2016 5566 intereedens.
2052 5511 2172 5564 Ser-

2281 5508 2557 5577 δεόμενος,
2604 5511 2699 5562 καὶ
2749 5511 2926 5563 πάντα
2966 5512 3141 5579 λέγων
3185 5515 3325 5584 ὑπὲρ
3371 5515 3572 5568 αὐτῶν.
3629 5518 3901 5585 Σφαλλό-

592 5619 758 5660 mone
789 5619 918 5659 vero
943 5605 1147 5657 labitur
1178 5604 1342 5658 homo
1377 5619 1477 5674 per
1514 5603 1866 5670 rationalem,
1900 5618 2025 5657 cum
2064 5619 2172 5656 nta-

2288 5617 2447 5667 μενος
2475 5601 2531 5651 δὲ
2556 5600 2585 5651 ὁ
2617 5600 2713 5653 ἄνθ
2724 5617 2902 5672 ρωπος
2932 5603 3008 5672 τῷ
3034 5603 3177 5676 λόγῳ
3199 5606 3287 5659 διὰ
3316 5607 3417 5676 μέν
3443 5608 3534 5660 τοῦ
3552 5608 3903 5673 λογιστικοῦ

602 5697 652 5753 le
684 5697 979 5768 instigatus
1008 5695 1178 5752 Deum
1208 5695 1399 5767 lingua
1424 5696 1793 5766 blasphetnat,
1825 5712 1948 5749 eum
2012 5695 2172 5749 abne-

2282 5690 2537 5760 πονηρῶς
2595 5691 2919 5761 κινούμενος
2966 5695 3279 5768 βλασφημεί
3313 5701 3378 5769 τῇ
3428 5698 3651 5771 γλώσσῃ
3710 5701 3901 5759 θεὸν,

595 5800 708 5857 gat,
740 5790 949 5862 gratias
974 5788 1051 5844 illi
1086 5807 1193 5845 non
1225 5793 1360 5860 agit,
1390 5790 1523 5845 nihil
1550 5790 1856 5846 secundum
1891 5788 2172 5843 conscien-

2282 5783 2475 5838 τοῦτον
2520 5786 2791 5852 ἀρνεῖται,
2842 5785 3150 5856 ἀχαριστεῖ,
3197 5791 3349 5846 οέδέν
3389 5792 3527 5845 κατὰ
3563 5796 3908 5857 συνείδησιν

3250 6431 3322 6436 ἢ
3484 6176 4040 6446 MJ
