4078 6480
1780 296 1792 321 Ι

286 373 390 442 435

1608 372 1703 432 IlE
1747 368 2260 431 POENITENTIA.

3464 382 3493 428 ιι
3502 368 3571 435 86

286 490 460 558 λέγει,
510 488 785 556 ἐπιορκεῖ,
851 486 1126 556 ψεύδεται,
1187 486 1281 540 καὶ
1332 487 1483 544 οὐδὲν
1539 487 1675 549 ὅλως
1725 486 1879 539 λαλεῖ

2010 482 2111 535 iam
2134 472 2297 550 iacit,
2328 485 2556 556 pcjet‘al,
2585 487 2873 552 mentitur,
2911 486 3160 555 nihilque
3186 485 3318 540 utile
3343 488 3573 539 omnino

287 581 547 651 χρηστόν.
599 580 697 632 Διὰ
756 578 851 632 τοῦ
907 580 1143 648 θυμικοῦ
1188 581 1243 633 δὲ
1293 580 1526 650 λοιδορεῖ
1569 579 1648 649 τῷ
1710 580 1877 647 λόγῳ,

292 673 528 744 ύόρίζει,
596 675 949 754 συκοφαντεῖ,
1020 673 1337 743 προδίδωσι,
1412 673 1878 743 ψευδομαρτυρεῖ,

289 766 584 829 διαϐάλλει,
618 769 937 837 κατηγορεῖ,
969 767 1152 835 ψέγει,
1189 768 1285 818 καὶ
1321 768 1431 819 πᾶν
1469 767 1495 817 ὃ
1528 782 1578 818 τι
1613 767 1755 817 κατὰ
1787 763 1881 816 τοῦ

291 859 523 929 πλησίον
578 857 733 910 λαλεῖ
794 860 986 911 κακόν.
1054 859 1153 911 Διὰ
1210 856 1305 909 τοῦ
1362 855 1766 925 ἐπιθυμητικοῦ
1826 855 1881 906 δὲ

292 951 515 1021 ᾄσματα
539 949 694 1001 λαλεῖ
716 950 975 1019 πορνικὰ,
1002 949 1414 1019 αἰσχρολογίας,
1433 949 1623 1012 λόγους
1653 945 1886 1015 φλυαρεῖ

293 1039 718 1109 γελωτοποιούς.
740 1040 978 1110 Μυθώδη
1006 1042 1100 1094 καὶ
1117 1041 1342 1110 γραώδη
1364 1040 1674 1111 ἐρεύγεται,
1706 1038 1884 1090 πάντα

292 1133 452 1200 λόγον
500 1134 846 1203 ἀκαθαρσίας
891 1133 1068 1192 λαλεῖ,
1120 1133 1227 1187 Καὶ
1268 1133 1495 1187 τοιαῦτα
1545 1133 1646 1203 μὲν
1690 1133 1758 1184 τὰ
1790 1130 1884 1183 τοῦ

293 1224 478 1292 λόγου.

848 1405 893 1457 Κ
906 1404 1108 1457 ΕΦΑΛ.
1158 1402 1295 1457 ΣΞΒ¹
1317 1444 1330 1458 .

298 1494 448 1550 Ὅσα
478 1494 600 1548 τῶν
631 1494 912 1563 πράξεων
943 1496 1137 1565 ἀγαθὰ
1161 1497 1259 1549 διὰ
1294 1495 1399 1549 τοῦ
1432 1493 1748 1565 τριμεροῦς
1779 1492 1891 1565 τῆς

366 1564 580 1635 ψυχῆς
630 1564 1047 1636 προσέχοντος
1080 1568 1189 1619 τοῦ
1241 1564 1583 1633 ἀνθρώποὺ,
1619 1566 1719 1619 καὶ
1771 1564 1891 1617 ὅσα

369 1636 605 1703 πονηρὰ
621 1638 707 1705 μὴ
746 1638 1179 1705 προσέχοντος.

370 1727 494 1779 Τῶν
537 1727 794 1797 πράξεων
836 1727 893 1779 δὲ
933 1728 1342 1796 κατορθώματα
1392 1727 1761 1796 προσέχοντος
1795 1724 1891 1778 τοῦ

1986 573 2253 642 profatur.
2281 574 2386 629 Per
2415 576 2771 644 irascibilem,
2826 592 2950 631 cum
2995 577 3161 632 verbo
3211 576 3574 640 conviciatur,

1985 663 2246 732 injuriam
2280 665 2466 731 infert,
2495 665 2688 721 fraude
2717 667 3106 732 circumvenit,
3130 668 3334 737 prodit,
3363 668 3569 721 lalsmn

1990 758 2365 812 testimonium
2401 760 2677 826 perhibet,
2703 759 3098 825 calumniatur,
3148 761 3442 823 detrectat,
3499 760 3585 812 vi»

1990 860 2231 918 triperat,
2260 859 2314 903 et
2344 866 2470 905 cum
2492 851 2765 922 quidquid
2799 863 2991 905 contra
3024 852 3342 921 p'oximum
3394 853 3578 920 loqui-

1994 958 2080 999 tur
2112 947 2316 1001 tnalum
2352 957 2456 1002 est.
2491 948 2595 1002 Per
2627 948 3128 1016 enneupiscibilem
3173 963 3305 1002 vero
3351 950 3572 1002 cantile-

1990 1055 2088 1092 na~
2120 1040 2467 1096 meretricius
2492 1041 2725 1109 profert,
2759 1055 3048 1095 sermones
3092 1050 3283 1109 turpes
3339 1050 3392 1094 ct
3450 1041 3582 1094 ridi-

1990 1134 2145 1187 culos
2178 1133 2504 1199 deblaterat,
2535 1133 2786 1187 fabulosa
2818 1146 2873 1187 et
2898 1133 3156 1187 animalia
3182 1144 3414 1199 eructat,
3475 1134 3582 1186 im-

1993 1242 2127 1295 pura
2183 1226 2441 1293 quaelibet
2486 1227 2653 1279 verba
2708 1226 2913 1281 elIutit.
2966 1225 3100 1291 Quae
3147 1225 3215 1279 ad
3267 1241 3582 1281 sermonem

1994 1329 2265 1389 spectant,
2303 1328 2433 1374 sunt
2461 1308 2756 1387 ejusmodi.

2489 1412 2718 1468 CAPUT
2753 1412 3009 1468 CCLXII.

1996 1504 2256 1571 Quaenam
2289 1508 2523 1559 actiones
2574 1507 2721 1558 bona:
2755 1521 2847 1572 per
2882 1507 3216 1573 tripertitam
3273 1505 3466 1558 animw
3504 1506 3586 1571 [a—

2067 1578 2319 1630 cultatem
2373 1576 2681 1629 attendente
2729 1576 2962 1641 homine,
3009 1587 3057 1629 et
3109 1591 3355 1645 quamam
3408 1589 3590 1641 prava!

2068 1663 2175 1701 non
2210 1647 2539 1701 attendente.

2070 1738 2321 1793 llominis
2354 1749 2537 1792 autem
2569 1737 2635 1790 ad
2660 1737 2908 1792 actiones
2933 1752 3064 1791 suas
3085 1736 3421 1790 attendi-ritis
3453 1750 3589 1802 pra:-

301 1818 597 1888 ἀνθρώπου
659 1818 748 1871 διὰ
798 1820 900 1887 μὲν
947 1818 1042 1871 τοῦ
1086 1817 1397 1886 λογιστικοῦ
1436 1820 1469 1887 ή
1512 1819 1759 1880 ἐπίτασις
1786 1820 1894 1872 τῶν

2010 1831 2152 1887 clare
2178 1830 2318 1885 facta
2346 1844 2475 1885 sunt
2523 1846 2619 1900 per
2660 1832 2983 1884 rationalem
3012 1830 3232 1900 quidem
3274 1828 3588 1881 facultatem

302 1909 510 1979 ὕμνων,
571 1913 606 1980 ἡ
658 1910 873 1974 ἔντονος
934 1909 1237 1978 δοξολογία,
1289 1910 1352 1965 τὸ
1408 1916 1700 1981 προσέχειν
1764 1911 1888 1965 καθ’

305 2003 518 2065 ἑαυτὸν,
553 2004 615 2057 τὸ
652 2006 915 2073 συνάγειν
947 2011 1038 2057 τὸν
1070 2005 1197 2058 νοῦν
1229 2007 1287 2057 ἐν
1322 2004 1524 2074 ἐαυτῷ,
1561 2005 1622 2057 τὸ
1659 2006 1892 2076 προσεύ-

306 2100 498 2169 χεσθαι
530 2099 820 2169 διηνεκῶς,
849 2100 910 2154 τὸ
966 2100 1109 2169 ὑπὲρ
1138 2101 1239 2170 τῆς
1292 2101 1375 2163 είς
1422 2098 1562 2153 Θεὸν
1607 2099 1891 2169 ὀρθοδόξου

306 2193 547 2254 πίστεως
577 2196 673 2246 καὶ
711 2193 879 2263 τιμῆς
905 2196 1002 2247 καί
1034 2191 1346 2260 δοξολογίας
1372 2192 1578 2246 διδόναι
1610 2194 1692 2255 είς
1724 2192 1894 2247 κόπον

307 2285 524 2349 ἑαυτὸν,
557 2283 590 2356 ἢ
625 2287 720 2338 καὶ
756 2285 993 2354 θλίψεις,
1026 2285 1121 2337 καὶ
1149 2283 1210 2338 te
1258 2284 1533 2352 μένεινὲν
1559 2287 1676 2349 τοῖς
1713 2286 1896 2356 ὀρθοῖς

308 2377 403 2429 καὶ
433 2375 597 2438 θείοις
625 2376 887 2444 ἀκίνητον
908 2392 923 2408 ο
961 2377 1051 2430 διὰ
1074 2375 1169 2430 τοῦ
1200 2376 1436 2447 θυμικοῦ
1471 2378 1526 2431 δὲ
1558 2381 1672 2441 τοῖς
1709 2379 1894 2448 ἔργοις

308 2470 371 2521 τὸ
399 2466 749 2536 ἀνδρίζεσθαι
790 2468 928 2538 πρὸς
960 2469 1060 2533 τὰς
1093 2469 1318 2540 ἀρετὰς,
1350 2469 1413 2521 τὺ
1455 2469 1894 2540 δικαιοπραγεῖν,

315 2562 376 2612 τὸ
424 2561 623 2630 κοπιᾷν
667 2560 808 2631 ὑπὲρ
862 2558 957 2614 τοῦ
997 2560 1234 2628 δικαίου,
1276 2562 1339 2614 τὸ
1371 2561 1570 2629 ζηλοῦν
1614 2562 1751 2632 πρὸς
1798 2562 1898 2634 τὴν

318 2653 577 2724 ἐργασίαν
602 2655 712 2706 τῶν
743 2655 998 2721 ἐντολῶν,
1025 2655 1085 2708 τὸ
1113 2656 1286 2710 ἐλεεῖν
1308 2656 1555 2725 ἀφειδῶς
1578 2656 1639 2721 ἐξ
1659 2653 1733 2710 ὧν
1757 2657 1899 2726 ἔχει,

306 2734 374 2795 τὸ
403 2746 734 2815 ἁκτημονεῖν
770 2747 859 2799 διὰ
903 2747 1166 2815 Χριστὸν,
1213 2748 1276 2801 τὸ
1323 2749 1548 2819 ἀμελεῖν
1597 2748 1706 2802 τῶν
1756 2750 1901 2803 κατὰ

314 2837 517 2907 σάρκα,
553 2840 643 2891 καῖ
674 2837 898 2906 φεύγειν
929 2841 993 2893 ἐκ
1020 2838 1115 2892 τοῦ
1147 2843 1381 2911 κόσμου,
1416 2844 1510 2894 καὶ
1535 2846 1900 2911 καταφρονεῖν

313 2928 421 2979 τῶν
437 2927 532 2980 τοῦ
557 2931 787 2998 κόσμου,
809 2930 868 2981 τὸ
888 2930 1158 2984 διακονεῖν
1190 2931 1461 3000 ἀδελφοῖς,
1491 2933 1552 2984 τὸ
1575 2934 1899 3001 ἀγρυπνεῖν,

314 3021 409 3072 καὶ
458 3022 848 3092 γυμνητεύειν,
886 3025 980 3075 καὶ
1013 3027 1331 3094 χαμευνεῖν,
1369 3025 1429 3078 τὸ
1476 3031 1772 3096 γρηγορείν
1809 3030 1903 3080 καὶ

314 3114 589 3178 ἵπτασθαι,
637 3115 731 3175 καὶ
753 3115 1110 3183 γονυκλιτεῖν,
1134 3119 1194 3169 τὸ
1209 3118 1519 3188 νηστεύειν,
1550 3118 1609 3172 τὸ
1631 3119 1900 3183 ἀλουτεῖν,

315 3206 413 3256 καὶ
448 3206 776 3273 σωματικῶς
807 3206 895 3260 διὰ
936 3209 1177 3278 Χριστὸν
1212 3208 1520 3272 θλίϐεσθαι,
1554 3211 1819 3273 πολλάκις
1847 3211 1903 3264 δὲ

316 3299 410 3350 καὶ
433 3302 753 3370 μαρτυρεῖν,
784 3299 812 3352 ὃ
844 3301 907 3372 δὴ
936 3302 1045 3354 τῶν
1073 3302 1332 3372 πράξεων
1368 3301 1606 3373 Χριστοῦ
1636 3304 1697 3357 τὸ
1723 3305 1906 3357 τελευ-

315 3393 467 3443 ταῖόν
526 3394 677 3445 ἐστι’
715 3392 804 3447 δ.ὰ
860 3393 954 3447 τοῦ
1006 3394 1413 3465 ἑπιθυμητικοῦ
1459 3396 1516 3447 δὲ
1559 3396 1620 3448 τὸ
1653 3396 1907 3463 ἁγνεύειν

316 3489 404 3540 διὰ
441 3485 697 3558 Χριστὸν,
737 3491 797 3541 τὸ
842 3489 1217 3560 παρθενεύειν,
1254 3493 1315 3543 τὸ
1360 3492 1529 3543 ἐλεεῖν
1562 3493 1801 3560 πένητας
1850 3493 1907 3541 ἐν

319 3584 539 3651 ἀγάπη,
571 3581 633 3633 τὸ
672 3584 731 3635 ἐν
762 3582 1039 3649 φυλακαῖς
1082 3584 1183 3636 καὶ
1233 3583 1488 3638 ἀσθενέσι
1534 3584 1908 3655 παραϐάλλειν

319 3675 408 3727 διὰ
425 3674 686 3743 Χριστὸν,
711 3675 772 3726 τὸ
800 3675 1056 3745 ὀρφανῶν
1084 3678 1178 3730 καὶ
1213 3676 1399 3746 χηρῶν
1425 3675 1814 3746 προΐστασθαι,
1850 3676 1910 3728 τὸ

320 3766 393 3818 τά
437 3767 613 3818 οἰκεῖα
669 3767 939 3838 προέσθαι
998 3767 1138 3838 ὑπὲρ
1189 3767 1445 3839 βοηθείας
1500 3767 1758 3835 ἀδελφοῦ,
1814 3770 1910 3821 καὶ

326 3859 474 3923 τέλος
504 3865 563 3915 ἐν
592 3862 785 3935 ἀγάπῃ
806 3863 867 3915 τὸ
894 3862 1158 3927 πολλάκις
1181 3863 1371 3916 δοῦναι
1422 3863 1517 3917 καὶ
1548 3864 1740 3918 ἑαυτὸν
1770 3864 1911 3931 ὑπὲρ

328 3952 594 4021 ἀδελφῶν,
659 3953 733 4016 ὡς
770 3955 866 4007 καὶ
919 3956 947 4007 ὁ
979 3954 1218 4024 Χριστὸς
1278 3954 1419 4025 ὑπὲρ
1473 3954 1631 4025 ἡμῶν
1686 3954 1909 4025 ἔπραξε.

325 4043 369 4095 Τ
373 4046 647 4099 ούναντίον
679 4046 738 4098 δὲ
769 4046 1152 4116 σφαλλομένου
1177 4045 1472 4117 ἀνθρώπου
1506 4047 1580 4117 τῷ
1613 4047 1911 4118 λογιστικῷ

328 4139 427 4207 μὲν
451 4141 571 4200 ταῖς
600 4140 828 4207 πράξεσι
863 4139 1030 4209 188
1063 4139 1140 4209 μὴ
1170 4141 1526 4209 προστρέχειν
1554 4139 1720 4203 θείοις
1739 4144 1913 4207 ναοῖς,

326 4233 387 4282 τὸ
413 4231 638 4300 ἀμελεῖν
659 4232 768 4284 τῶν
788 4234 868 4294 εἰς
899 4233 1065 4302 τιμὴν
1084 4232 1177 4285 τοῦ
1197 4233 1355 4300 Θεοῦ,
1374 4234 1434 4285 τὸ
1465 4235 1540 4303 μὴ
1559 4235 1754 4305 κοπιᾷν
1775 4236 1915 4306 ὑπὲρ

326 4323 423 4377 τοῦ
455 4324 591 4377 Θεοῦ
626 4327 722 4376 κα)⁵
753 4326 862 4377 τῶν
896 4326 1078 4390 θείων,
1112 4326 1174 4378 τὸ
1208 4326 1476 4396 ἁρπάζειν
1507 4327 1564 4379 δὲ
1616 4326 1819 4396 μᾶλλον
1847 4330 1916 4380 τά

330 4418 449 4470 θεῖα
499 4422 593 4471 καὶ
642 4417 798 4471 κοινά
848 4422 1046 4480 ποιεῖν,
1099 4419 1196 4470 καὶ
1251 4423 1390 4474 κατά
1421 4423 1529 4474 τῶν
1577 4421 1781 4474 δούλων
1820 4420 1914 4473 τοῦ

1997 1928 2207 1982 intenta
2243 1927 2575 1996 hymnorum
2612 1924 2889 1985 recitatio,
2913 1925 3211 1979 vehemens
3245 1922 3335 1973 Dei
3398 1922 3591 1974 laudae

2001 2022 2099 2085 tio,
2130 2019 2232 2074 sibi
2261 2018 2363 2087 ipsi
2405 2018 2711 2080 attemlere,
2738 2024 2975 2070 mentem
3008 2016 3062 2069 in
3092 2017 3278 2084 seipso
3308 2015 3590 2084 colligere,

1997 2111 2261 2168 continuo
2291 2125 2477 2171 orare,
2508 2124 2606 2178 pro
2643 2117 2805 2162 recta
2835 2107 2890 2162 in
2922 2108 3089 2162 Deum
3122 2108 3245 2173 hde,
3271 2116 3326 2161 et
3356 2106 3589 2172 honore,

1998 2214 2053 2261 ct
2077 2204 2397 2259 laudatione
2427 2205 2673 2270 seipsum
2710 2203 2995 2259 laboribus
3025 2210 3079 2258 et
3137 2200 3593 2255 tribulationibus

1998 2312 2294 2368 exponere,
2321 2307 2486 2363 atque
2514 2299 2566 2351 in
2606 2297 2672 2350 iis
2728 2311 2850 2367 quae
2908 2305 3058 2351 recta
3124 2304 3253 2350 sunt
3295 2302 3351 2349 et
3400 2293 3589 2347 divina

2001 2388 2291 2443 immotum
2346 2404 2691 2458 permanere.
2722 2388 2825 2443 Per
2895 2387 3228 2444 irascibilem
3309 2386 3588 2456 operibus,

2002 2495 2266 2549 generose
2298 2496 2357 2535 se
2382 2496 2575 2550 gerere
2598 2496 2728 2551 erga
2765 2482 3050 2543 virtutem,
3077 2482 3226 2549 juste
3259 2495 3442 2549 agere,
3494 2493 3596 2547 pro

1997 2571 2147 2640 justo
2177 2570 2454 2636 laborare,
2482 2572 2599 2626 zelo
2657 2572 2852 2627 ardere
2916 2573 2971 2626 in
3045 2573 3433 2626 mandatorum
3493 2571 3592 2625 Dei

2002 2665 2406 2733 operationem,
2443 2666 2664 2735 largiter
2690 2665 2758 2719 de
2788 2665 2948 2721 bonis
2972 2667 3088 2720 suis
3117 2667 3451 2743 pauperibus
3488 2665 3594 2720 itii-

2004 2755 2220 2826 pertiri,
2249 2765 2474 2825 propter
2507 2754 2786 2810 Christum
2809 2758 2966 2811 bonis
2990 2758 3219 2827 privari,
3252 2772 3443 2810 eorum
3466 2774 3592 2827 qme

2008 2858 2139 2902 sunt
2173 2850 2475 2902 secundum
2513 2864 2735 2903 carnem
2767 2851 2973 2904 nullam
3007 2848 3451 2919 curamliabere,
3511 2853 3599 2906 fu-

2008 2955 2135 3011 gere
2165 2943 2232 2995 de
2265 2941 2496 3005 mundo,
2556 2957 2679 3012 quae
2724 2943 2791 2996 ad
2845 2953 3111 2997 mundum
3162 2955 3419 3013 spectant
3469 2932 3601 3000 con-

2012 3043 2282 3096 temnere,
2353 3032 2617 3088 tratribus
2654 3033 2994 3099 ministrare,
3031 3036 3283 3103 vigilare,
3312 3045 3367 3090 et
3392 3038 3599 3092 nudum

2013 3132 2236 3188 esse,et
2270 3123 2423 3177 humi
2454 3116 2682 3190 cubare,
2728 3126 2956 3195 vigilare
3006 3136 3060 3180 et
3110 3136 3282 3191 stare,
3332 3138 3387 3181 et
3422 3144 3603 3197 genua

2015 3214 2254 3279 ﬂectere,
2287 3215 2569 3284 jejunare,
2622 3217 2836 3270 illotum
2874 3233 3216 3286 permanere,
3244 3219 3604 3287 corporaliter

2017 3320 2239 3380 propter
2279 3309 2558 3364 Christum
2593 3308 2784 3379 afﬂigi,
2816 3310 3016 3379 saepius
3044 3319 3099 3364 et
3148 3311 3473 3379 martyrium
3507 3325 3606 3379 ope

2018 3415 2220 3473 petere,
2254 3403 2397 3471 quod
2429 3403 2713 3457 actionum
2743 3403 3189 3459 Christianorum
3223 3415 3500 3471 postrema
3523 3412 3608 3459 est

2016 3504 2331 3548 etsumma.
2360 3493 2464 3546 l’er
2497 3494 2986 3563 concupiscibilem
3033 3504 3239 3559 autem,
3295 3496 3606 3550 castitatem

2019 3593 2239 3655 propter
2267 3583 2553 3637 Christum
2584 3599 2828 3648 servare,
2869 3586 3244 3653 virginitatem
3301 3587 3606 3653 custodire,

2018 3692 2143 3731 cum
2174 3677 2443 3729 cliarttate
2477 3690 2779 3744 pauperum
2810 3676 3089 3742 misereri,
3122 3691 3402 3745 carceres,
3436 3687 3493 3731 et
3526 3682 3609 3732 iu-

2019 3769 2210 3823 Iirmos
2242 3776 2468 3837 propter
2503 3770 2784 3822 Christum
2819 3769 3066 3833 visitare,
3100 3758 3365 3837 orphanis
3415 3778 3471 3823 et
3524 3769 3608 3822 vi-

2019 3862 2142 3916 duis
2179 3876 2413 3929 praet-sse
2442 3870 2496 3914 et
2520 3862 2808 3931 prodesse,
2840 3863 3062 3930 propria
3132 3862 3347 3932 negoria
3412 3861 3603 3916 fratris

2021 3955 2314 4027 atljurandi
2350 3970 2514 4009 causa
2550 3955 2827 4017 deserere,
2883 3953 3217 4022 tandemque
3257 3954 3457 4022 saepius
3483 3964 3609 4008 cunt

2020 4049 2286 4104 charitnte
2316 4063 2375 4100 se
2400 4046 2577 4114 ipsum
2601 4060 2701 4114 pro
2724 4044 2994 4098 fratribus
3028 4046 3175 4112 dare,
3211 4046 3357 4100 sicut
3384 4061 3481 4114 pro
3503 4061 3608 4100 no-

1976 4203 2001 4225 .
2024 4145 2107 4198 bis
2139 4142 2269 4195 fecit
2300 4140 2579 4193 Christus.
2643 4136 2950 4192 Contraria:
2980 4152 3135 4197 ,vero
3176 4148 3306 4192 sunt
3365 4140 3607 4195 hominis

2023 4233 2263 4289 labentis
2286 4232 2585 4287 secundum
2619 4231 2946 4283 rationalem
2987 4229 3302 4283 facultatem
3331 4232 3603 4295 actiones,

2026 4328 2092 4382 ad
2124 4330 2338 4380 divinas
2370 4325 2634 4378 ecclesias
2678 4337 2783 4376 non
2814 4336 3129 4385 accurrere,
3160 4336 3280 4389 quae
3308 4321 3374 4375 ad
3433 4321 3610 4401 Imno-

2027 4436 2138 4474 rem
2176 4419 2269 4470 Dei
2296 4420 2503 4471 laeiunt
2537 4431 2646 4469 non
2698 4430 2918 4482 curare,
2956 4429 3054 4484 pro
3087 4412 3195 4467 Deo
3224 4416 3498 4483 rebusque
3529 4415 3613 4469 di-

329 4509 481 4577 Θεοῦ,
511 4510 794 4581 φέρεσθαι,
843 4510 1353 4580 διαλοιδορούμενον
1399 4513 1599 4575 αὐτοὺς
1634 4515 1730 4567 καὶ
1754 4530 1894 4566 κακο

2031 4513 2171 4566 vinis
2202 4512 2616 4577 nonlaborare,
2666 4509 2761 4563 sed
2830 4511 3013 4578 potius
3070 4510 3257 4562 divrna
3314 4524 3507 4578 rapere
3557 4516 3614 4562 et

330 4603 612 4656 ποιοῦντα·
655 4605 745 4657 διὰ
769 4604 865 4657 τοῦ
903 4604 1138 4673 θυμικοῦ
1170 4605 1226 4655 δὲ
1257 4606 1366 4667 τοῖς
1399 4604 1580 4673 ἔργοις
1604 4605 1667 4657 τὸ
1693 4606 1919 4659 τύπτειν

328 4698 616 4765 οδελφοὺς,
647 4700 705 4750 το
742 4697 1012 4766 φονεύειν,
1049 4696 1112 4748 τὸ
1151 4698 1488 4763 ἀποκλείειν,
1523 4698 1581 4751 τὸ
1629 4702 1764 4752 πᾶσι
1794 4701 1920 4770 τρό-

329 4806 457 4852 ποις
502 4793 850 4854 κακοποιεῖν,
874 4790 984 4842 ’διά
1016 4789 1112 4841 τοῦ
1140 4790 1544 4860 ἐπιθυμητικοῦ
1579 4791 1636 4844 δὲ
1688 4795 1747 4845 τὸ
1781 4809 1917 4858 πορ-

331 4875 532 4948 νεύειν,
583 4882 887 4953 μοιχεύειν,
943 4882 1311 4950 ἀσελγαίνειν,
1366 4883 1461 4934 καλ⁸
1503 4881 1681 4935 πάντα
1722 4884 1792 4935 τὰ
1818 4886 1919 4954 τῆς

330 4977 678 5047 ἀκαθαρσίας
724 4977 992 5046 ἐνεργεῖν,
1030 4976 1351 5046 αίμομιξίας
1392 4991 1450 5026 τε
1488 4978 1583 5027 καὶ
1620 4977 1917 5051 άσωῖείας,

330 5070 416 5121 ἔτι
446 5086 505 5121 τε
536 5070 596 5121 τὸ
627 5070 834 5123 ἀδικεῖν
855 5070 924 5121 δι’
957 5067 1435 5137 αἰσχροκέρδειαν,
1480 5068 1577 5118 καὶ
1621 5067 1916 5138 ἁρπάζειν,

330 5161 593 5213 κλέπτειν
614 5177 674 5212 τε
730 5162 825 5212 καὶ
866 5157 1108 5228 μεθύειν,
1143 5157 1237 5209 καὶ
1266 5154 1680 5224 γαστρίζεσθαι,
1728 5158 1821 5209 καὶ
1851 5156 1919 5208 τά

346 5238 515 5305 λοιπά
547 5254 722 5305 ποιεῖν
756 5251 824 5304 δι’
865 5253 1042 5319 ἒργων
1073 5249 1173 5318 τῆς
1209 5248 1507 5317 ἐπιθυμίας
1537 5247 1707 5300 δεινά.

2029 4603 2340 4660 comnnmia
2368 4602 2590 4664 habere,
2655 4598 2966 4669 profanare,
3024 4611 3213 4654 contra
3278 4600 3371 4653 Dei
3425 4613 3616 4654 servos

2028 4700 2233 4763 etlerri,
2269 4713 2364 4751 eos
2390 4696 2613 4765 probris
2673 4704 2729 4749 et
2789 4692 3057 4747 molesriis
3108 4693 3457 4746 allicientem.
3513 4692 3617 4745 l’er

2030 4791 2360 4846 irascibilem
2414 4789 2466 4842 in
2502 4786 2806 4856 operibus,
2862 4787 3060 4839 fratres
3108 4786 3415 4849 verberare,
3469 4785 3616 4838 occi-

2030 4888 2179 4946 dere,
2207 4881 2495 4936 Cttitttttoda
2528 4881 2638 4932 illis
2669 4879 3017 4933 obvenientia
3063 4876 3450 4937 intercludere,
3501 4892 3619 4928 (tuto

2031 4974 2195 5027 nibus
2216 4974 2393 5025 modis
2411 4971 2671 5041 allligcre.
2703 4969 2802 5023 Per
2827 4967 3313 5036 concupiscibilem
3335 4967 3616 5031 lornicari,

2032 5066 2356 5129 adulterari,
2387 5065 2591 5118 lascive
2614 5070 2667 5116 ct
2694 5062 3004 5129 petulanter
3033 5059 3237 5123 vivere,
3260 5069 3313 5112 et
3340 5060 3489 5112 omni
3520 5060 3619 5112 itit-

2034 5157 2323 5212 tnunditiei
2342 5171 2540 5227 genere
2562 5170 2621 5209 se
2639 5155 2908 5223 polluere,
2933 5150 3270 5221 ilicestisque
3291 5160 3345 5205 et
3363 5153 3577 5205 luxurie
3602 5168 3633 5223 '1
3676 5227 3684 5232 ἢ

2032 5254 2234 5321 quibus
2266 5252 2445 5303 adhuc
2477 5250 2760 5318 iungenda
2804 5258 2953 5310 sunt,
2987 5247 3173 5316 inique
3201 5256 3424 5318 prepter
3463 5259 3623 5315 turpe

346 5349 567 5399 lucrum
603 5360 785 5415 agere,
810 5359 1022 5413 rapere,
1059 5345 1320 5409 l‘urati,et
1359 5342 1640 5413 inebriari,
1671 5342 1926 5412 helluari,
1967 5353 2269 5412 eaeteraque
2315 5343 2775 5408 concupiscentia:
2820 5344 3005 5412 gravia
3055 5352 3111 5397 et
3142 5342 3409 5398 horrenda
3454 5355 3624 5410 Opera

333 5455 674 5518 perpetrare.

909 5512 1165 5565 ΚΕΦΑΛ.
1204 5509 1365 5563 ΣΞΓ’.

338 5609 475 5662 Ὀτι
527 5605 827 5675 ἀναγκαία
877 5603 1059 5659 παντὶ
1091 5605 1129 5672 ὴ
1179 5601 1642 5675 ἐξομολόγησις,
1672 5603 1803 5657 ἐπεὶ
1837 5604 1936 5659 καὶ

792 5677 1210 5745 ἁμαρτάνομεν
1246 5672 1493 5737 πάντές.

433 5771 523 5825 Ἐν
557 5766 894 5834 τούτοιςοῦν
924 5768 1130 5822 ἅπασιν
1162 5763 1386 5833 ὀφείλει
1412 5763 1645 5827 ἕκαστος
1678 5765 1785 5819 τῶν
1820 5765 1936 5830 ἐξο-

2572 5508 2800 5564 CAPUT
2853 5509 3127 5567 CCLXIII.

2043 5602 2196 5670 Quod
2219 5603 2521 5657 necessaria
2548 5603 2762 5656 cuilibet
2795 5602 2998 5656 homini
3027 5614 3103 5658 est
3153 5605 3436 5674 confessio,
3467 5603 3629 5673 siqui-

2469 5676 2588 5727 dem
2621 5689 2798 5727 omnes
2830 5674 3210 5744 delinquimus.

2111 5767 2169 5821 in
2204 5768 2288 5821 liis
2314 5768 2485 5837 igitur
2517 5768 2776 5822 omnibus
2829 5778 3043 5821 tenetur
3085 5767 3462 5837 unusquisque
3500 5779 3631 5819 cei.—

347 5865 763 5936 μολογουμένων
788 5863 982 5918 ἑαυτὸν
1013 5861 1267 5930 ὲρευνᾴν,
1301 5858 1395 5914 καὶ
1417 5860 1443 5912 ὁ
1471 5857 1774 5930 δεχόμενος
1805 5875 1902 5931 περ

2040 5861 2310 5919 litentium
2363 5860 2605 5929 scipsuru
2641 5848 2979 5917 examinare
3013 5868 3066 5914 et
3124 5861 3382 5919 scrutati.
3416 5871 3467 5914 et
3499 5873 3627 5915 con-
