4078 6404
251 261 360 327 439

1554 271 1653 330 DE
1696 270 2195 335 ΡίΕΝΙΤΕΝΤΙΑ.

3398 270 3506 335 490

322 376 414 428 Ἐν
442 377 508 446 τῇ
545 376 805 447 μετανοίᾳ
832 377 889 431 δὲ
944 379 1037 434 καὶ
1065 379 1126 433 τι»
1155 380 1257 448 τῆς
1297 382 1583 449 μετανοίας
1613 380 1824 450 ἀγγελι·

2010 382 2071 437 In
2134 384 2459 454 poenitentia
2530 401 2657 443 vero
2713 395 2767 443 et
2828 385 3166 458 paenitentia:
3225 384 3504 457 angelicus

249 467 347 522 κδν
375 466 688 538 εὑρίσκεται
713 468 917 538 σχῆμα·
944 471 1074 539 περὶ
1097 464 1157 524 οὗ
1182 473 1246 542 δὴ
1274 472 1368 526 καὶ
1393 474 1827 544 προειρήκαμεν.

250 559 399 630 Πλὴν
427 559 727 628 ἀναγκαῖον
759 560 920 614 πάλιν
960 563 1104 630 ἐρεῖν
1171 563 1319 627 ὅπως
1375 581 1434 617 τε
1475 564 1638 635 189
1662 565 1833 619 τελεῖ-

248 668 362 720 ται,
398 652 582 707 καὶτὰ
599 652 856 722 περὶτῶν
887 655 1172 723 συμϐόλων
1206 656 1395 712 αὑτοῦ.

810 768 1061 826 ΚΕΦΑΛ.
1101 769 1263 826 ΣΞΕθ.

247 856 414 912 Arati
442 854 509 913 τὸ
535 854 658 913 τῶν
677 858 990 991 μοναχῶνῖ
1009 860 1223 930 σχῆμα
1260 859 1589 932 ἀγγελικὸν
1614 860 1828 932 ὀνομά-

979 948 1129 985 εται.

979 948 1129 985 εται.

317 1017 485 1074 ’Δλλὰ
514 1020 631 1084 πῶς
687 1021 979 1092 μετανοίας
1021 1022 1209 1092 σχῆμα
1239 1021 1456 1091 λέγεται
1480 1023 1577 1077 καὶ
1606 1023 1828 1093 ἀγγελι-

251 1112 375 1179 κόν;
427 1113 551 1164 ἐπεὶ
595 1113 656 1165 οὑ
714 1114 1138 1185 περιπίπτουσιν
1175 1114 1418 1182 ἄγγελοι,
1452 1114 1598 1170 είποι
1629 1133 1713 1180 τις
1737 1116 1825 1183 ἂν,

250 1203 330 1256 ὅτι
375 1203 495 1257 οὐδέ
518 1203 677 1271 φύσει
709 1203 770 1256 τὸ
793 1204 1150 1274 περιπίπτειν
1184 1207 1391 1270 αὐτοῖς.
1428 1207 1527 1271 Ὃς
1556 1208 1823 1275 ἀκουέτω,

249 1297 323 1357 ὠς
349 1294 706 1363 τδ.ἇτρεπτον
735 1296 832 1350 καὶ
870 1297 1124 1351 ἄπτωτον
1158 1296 1293 1351 Θεοῦ
1338 1298 1526 1369 μόνου,
1561 1298 1649 1354 ἀεὶ
1674 1299 1826 1364 ὄντος

244 1386 343 1439 καὶ
376 1384 736 1440 ἅναλλοιώτου
785 1386 1059 1456 μένοντος.
1110 1386 1235 1452 Τοῖς
1281 1389 1611 1459 ἀρξαμένοις
1640 1391 1698 1445 δὲ
1729 1392 1827 1445 καὶ

246 1480 489 1542 κτιστοῖς
537 1478 819 1543 ἀλλοίωσις
847 1479 1065 1535 ἕπεται.
1132 1482 1244 1535 Καὶ
1273 1480 1454 1550 δῆλον,
1482 1482 1557 1546 ὥς
1588 1500 1734 1547 τινες
1766 1485 1829 1537 ἐκ

243 1573 355 1625 τῶν
412 1572 659 1641 ἀγγέλων
690 1572 1197 1646 περιπεπτώκασιν,
1256 1575 1394 1629 ἀλλὰ
1440 1576 1500 1630 τδ
1535 1578 1827 1649 προσέχειν

1935 474 2211 530 invenitur
2240 476 2457 534 habitus
2491 494 2505 532 :
2535 478 2603 534 de
2637 495 2744 549 quo
2769 477 2880 547 jam
2914 492 3081 548 supra
3121 476 3384 533 diximus.
3418 478 3510 530 At.

1935 574 2112 619 tamen
2151 570 2514 622 necessarium
2548 578 2631 624 est
2659 569 2855 623 iterum
2886 568 3158 638 quomodo
3187 567 3510 624 conficiatur

1930 666 1985 712 et
2024 657 2091 713 de
2116 658 2234 728 ejus
2267 659 2529 728 symbolis
2564 659 2766 713 dicere.

2467 750 2698 809 CAPUT
2726 749 2977 807 CCLXV.

1933 839 2111 906 Quare
2137 842 2520 909 pwnitentialis
2564 853 2614 898 et
2665 845 2994 898 manachalis
3028 842 3240 898 habitus
3273 841 3509 913 angelico

2425 916 2635 969 nomine
2665 914 2964 984 appellatur
2993 917 3019 970 .9

2003 1004 2108 1059 Sed
2149 1005 2422 1074 quomodo
2455 1006 2794 1076 poenitentia:
2842 1007 3062 1062 habitus
3097 1006 3299 1060 dicitur
3341 1019 3506 1075 ange-

1929 1095 2086 1163 licus,
2116 1094 2350 1152 fortasse
2400 1096 2546 1152 dicet
2590 1097 2811 1165 aliquis,
2842 1112 2967 1152 cum
3016 1098 3194 1166 angeli
3255 1111 3364 1151 non
3413 1110 3509 1149 ca-

1930 1188 2079 1254 dant,
2109 1200 2298 1241 natura
2332 1202 2436 1243 non
2471 1198 2552 1244 est
2598 1190 2677 1246 eis
2718 1199 2779 1244 ut
2808 1190 3005 1245 cadere
3033 1190 3281 1259 possint?
3308 1187 3511 1243 Audiat

1931 1278 2034 1333 iste
2063 1280 2560 1335 immutabilitatem
2616 1290 2672 1336 et
2700 1279 3117 1351 impeccautiam
3166 1279 3338 1335 solius
3382 1292 3505 1334 esse

1934 1368 2025 1425 Dei
2061 1371 2152 1440 qui
2187 1387 2403 1442 semper
2442 1380 2527 1427 est
2569 1382 2623 1427 et
2668 1372 3026 1427 immutabilis
3068 1378 3371 1442 permanet,
3421 1384 3509 1424 res

1931 1472 2110 1516 autem
2146 1477 2266 1532 quae
2304 1472 2589 1532 coeperunt
2636 1473 2691 1519 et
2741 1472 2936 1519 creata:
2968 1471 3098 1517 sunt
3134 1463 3365 1516 mutatio
3420 1476 3510 1516 se-

1930 1554 2134 1623 quitur,
2168 1555 2311 1625 quod
2364 1555 2529 1625 liquet
2595 1570 2719 1610 cum
2764 1555 3008 1610 nonnulli
3035 1568 3100 1607 ex
3131 1554 3338 1622 angelis
3372 1551 3508 1621 lapsi

246 1664 463 1733 αὐτοὺς,
498 1666 593 1718 καὶ
645 1665 1053 1731 ταπεινοῦσθαι,
1088 1669 1205 1735 ῖκαὶ
1236 1668 1484 1723 ὑπείκειν
1532 1671 1672 1740 θεῷ,
1730 1671 1824 1726 καὶ

1933 1645 2167 1714 fuerint;
2199 1647 2293 1702 sed
2338 1662 2433 1703 cos
2464 1647 2572 1703 Deo
2601 1649 2899 1713 adhaerere,
2931 1662 3112 1703 coram
3146 1660 3212 1701 eo
3236 1643 3505 1699 humiliari

246 1728 593 1829 λειτουργοὺς
640 1754 780 1813 εἶναι
838 1728 1140 1831 καθαροὺς,
1193 1762 1288 1815 καὶ
1320 1765 1494 1818 ποιεῖν
1520 1765 1581 1817 τὸ
1613 1728 1824 1835 θέλημα

1929 1737 2084 1806 eique
2129 1740 2376 1807 obedire,
2406 1740 2642 1796 mundos
2671 1756 2794 1796 esse
2839 1740 3142 1804 ministros,
3175 1737 3360 1793 facere
3384 1734 3505 1806 ejus

249 1847 433 1915 αὐτοῦ,
460 1849 604 1904 καθὰ
626 1850 961 1920 γέγραπται,
983 1850 1143 1905 τοῦτό
1167 1854 1282 1907 ἐστι
1307 1854 1366 1907 τὸ
1386 1854 1648 1922 ἀγγέλους
1665 1850 1825 1911 εἶναι.

251 1942 513 2011 Ἀγγελος
542 1944 650 2013 γὰρ
678 1945 707 1998 ὁ
728 1944 1073 2014 ἀναγγέλλων
1109 1943 1178 1998 τὰ
1200 1944 1294 1999 τοῦ
1323 1945 1483 2000 Θεοῦ.
1540 1946 1706 2001 Ὅθεν
1736 1948 1832 2001 καὶ

250 2035 498 2104 μοναχὺς,
528 2035 577 2088 εί
615 2037 709 2089 καὶ
755 2036 854 2102 τῆς
910 2037 1421 2108 παραπεπτωκυίας
1461 2037 1676 2108 φύσεώς
1711 2040 1826 2092 ἐστι

241 2127 352 2181 τῶν
381 2126 707 2197 ἀνθρώπων,
758 2127 874 2182 ἀλλ’
909 2129 1062 2200 ίσχὺν
1122 2128 1251 2200 ἔσχε
1311 2129 1688 2201 προθυμηθεὶς
1733 2130 1827 2184 τοῦ

246 2223 437 2276 πατεῖν
494 2220 676 2275 ἐπάνω
716 2220 896 2291 ὖφεων
934 2223 1028 2274 καὶ
1066 2222 1373 2294 σκορπίων,
1402 2223 1495 2276 καὶ
1522 2223 1616 2277 ἐπὶ
1645 2205 1827 2278 πᾶσαν

245 2315 343 2385 τὴν
365 2314 595 2385 δύναμιν
645 2314 738 2369 τοῦ
802 2314 1020 2386 ἐχθροῦ.
1071 2316 1183 2370 Καὶ
1232 2315 1386 2370 οὐδὲν
1441 2314 1604 2370 αὐτὸν
1638 2316 1699 2369 οὐ
1750 2317 1826 2386 μὴ

249 2406 514 2478 ἀδικήσει.
540 2405 925 2476 Ἐξερχόμενςς
986 2407 1169 2462 τοίνυν
1227 2407 1387 2470 οὗτος
1434 2406 1528 2460 τοῦ
1565 2407 1704 2477 βίου,
1732 2409 1825 2460 καὶ

252 2498 450 2569 κόσμον
474 2500 569 2553 καὶ
597 2500 789 2568 γονέας
817 2498 910 2552 καὶ⁵
942 2502 1178 2568 γυναῖκα
1210 2501 1306 2553 καὶ
1345 2499 1511 2554 τέκνα
1543 2501 1639 2553 καὶ
1665 2500 1825 2554 ἁδελ-

252 2592 385 2659 φοῦς
431 2591 652 2661 ἀφιεὶς,
711 2592 809 2661 τὴν
858 2590 968 2645 τῶν
1029 2592 1277 2660 ἀγγέλων
1334 2593 1588 2662 μιμεῖται
1652 2591 1820 2662 ζωήν.

265 2682 661 2753 Ἀπροσπαθεῖς
706 2682 814 2752 γὰρ
851 2674 998 2736 οὗτοι
1036 2682 1143 2735 τῶν
1175 2682 1344 2743 κάτω,
1386 2683 1478 2735 καὶ
1522 2682 1598 2754 μὴ
1632 2684 1825 2750 γενεὰν

250 2774 449 2845 σαρκὸς
507 2775 742 2845 ἔχοντες,
801 2775 937 2829 ἀλλὰ
989 2774 1084 2828 καὶ
1109 2773 1171 2828 τὸ
1194 2775 1378 2830 δοῦναι
1421 2775 1597 2843 λόγον,
1644 2778 1824 2849 αίρειν

252 2867 333 2920 ἐπ’
363 2866 527 2936 ὤμων
551 2867 785 2938 Χριστοῦ
818 2866 911 2920 τὸν
954 2867 1205 2937 σταυρὸν,
1259 2867 1354 2919 καὶ
1385 2869 1561 2937 τούτῳ
1594 2867 1820 2921 ἀκολου-

250 2960 358 3014 θεῖν
384 2958 504 3012 κατ’
549 2960 713 3029 ἴχνος,
748 2963 841 3011 καὶ
876 2959 1117 3028 ὑπήκοον
1160 2953 1325 3024 εἶναι,
1358 2960 1454 3011 καὶ
1477 2959 1822 3031 ἀρνήσασθαι

1933 1828 2269 1887 voluntatem
2298 1834 2439 1888 sicut
2483 1833 2746 1904 scriptum
2785 1843 2897 1899 est,
2928 1833 3042 1888 haec
3072 1839 3155 1887 est
3183 1829 3506 1901 angelorum

1932 1921 2191 1995 conditio.
2241 1922 2375 1978 Nam
2406 1926 2631 1996 angelus
2665 1925 2807 1981 idem
2840 1933 3000 1981 sonat
3040 1940 3105 1981 ac
3135 1939 3316 1980 rerum
3358 1922 3505 1978 divi-

1930 2027 2127 2067 narum
2174 2016 2420 2071 nuntius.
2484 2016 2640 2073 Unde
2671 2028 2724 2071 et
2754 2017 3077 2082 monachus,
3111 2017 3214 2073 etsi
3242 2017 3404 2087 lapsa:
3434 2015 3506 2071 sit

1932 2104 2217 2161 hominum
2263 2117 2492 2175 naturae,
2540 2120 2802 2176 attamen,
2856 2111 2900 2166 si
2947 2111 3230 2167 voluntate
3271 2109 3507 2171 ferveat,

1930 2196 2184 2252 virtutem
2221 2199 2384 2256 habet
2410 2192 2721 2257 ambulandi
2758 2218 2925 2272 super
2951 2210 3235 2273 serpentes
3263 2210 3318 2256 et
3355 2215 3509 2256 scor-

1929 2286 2122 2357 piones
2184 2298 2238 2346 et
2298 2307 2462 2362 super
2524 2308 2742 2349 omnem
2792 2294 2999 2351 inimici
3056 2303 3407 2365 potestatem,
3454 2304 3510 2349 et

1928 2384 2067 2438 nihil
2099 2384 2147 2440 ei
2192 2387 2426 2445 nocebit.
2480 2388 2578 2444 Hic
2632 2392 2796 2462 igitur
2829 2408 2858 2447 e
2885 2392 2993 2448 vita
3025 2407 3305 2463 egressus,
3347 2409 3507 2446 mnu-

1929 2476 2111 2543 doque
2138 2484 2191 2532 et
2223 2481 2568 2547 parentibus,
2600 2483 2847 2548 muliere,
2888 2484 3013 2539 ﬁliis
3051 2493 3214 2556 atque
3243 2485 3505 2539 fratribus
3559 2524 3571 2535 .

1927 2565 2222 2637 derelictis,
2281 2572 2446 2626 vitam
2500 2576 2819 2644 angelorum
2876 2577 3156 2643 imitatur;
3225 2577 3312 2632 isti
3357 2577 3504 2632 enim

1927 2659 2076 2715 nullo
2113 2664 2454 2718 terrestrium
2494 2681 2679 2722 amore
2710 2676 2984 2734 tenentur,
3019 2684 3197 2739 neque
3229 2670 3503 2726 carnalem

1927 2751 2131 2807 habent
2211 2756 2710 2826 propinquitatem,
2793 2760 2889 2816 sed
2964 2762 3187 2832 insuper
3239 2764 3505 2819 rationem

1927 2846 2269 2913 submittere,
2302 2863 2468 2919 super
2504 2851 2763 2926 humeros
2807 2868 3027 2908 erucem
3053 2854 3256 2911 Christi
3288 2858 3505 2925 tollere,

1926 2939 2045 3009 ejus
2077 2941 2231 3010 sequi
2264 2943 2514 3014 vestigia,
2543 2944 2775 3000 docilem
2810 2960 2955 3013 esse,
2989 2950 3172 3003 omnia
3205 2953 3501 3021 almcgare,

250 3048 563 3116 πάντα,οκαὶ
591 3048 667 3121 μὴ
699 3052 871 3103 ποιεῖν
890 3052 1091 3103 οἰκεῖον
1113 3049 1348 3119 θέλημα,
1382 3050 1543 3121 ἔργον
1571 3052 1821 3120 ἀγγέλων

1929 3032 2208 3103 propriam
2277 3035 2607 3092 voluntatem
2668 3053 2776 3095 nou
2833 3040 3031 3102 facere,
3094 3042 3195 3096 hoc
3237 3053 3317 3098 est
3366 3060 3506 3114 opus

249 3143 411 3197 ἐστίν.
436 3162 453 3196 ι
485 3142 767 3208 Εὐλογεῖτε
796 3142 921 3213 γὰρ,
955 3141 1219 3212 (main:de
1249 3141 1472 3214 Κύριον,
1496 3142 1694 3206 πάντες
1718 3144 1822 3213 ἄγ-

249 3232 393 3302 γελοι
417 3230 605 3285 αὑτοῦ.
638 3232 862 3284 Δυνατοὶ
900 3232 1069 3300 ἰσχύϊ,
1099 3231 1379 3294 ποιοῦντες
1419 3232 1508 3286 τὸν
1540 3232 1697 3301 λόγον
1726 3235 1825 3287 αὖ·

250 3324 362 3388 τοῦ,
385 3322 475 3375 τοῦ
509 3321 742 3377 ἀκοῦσαι
771 3323 867 3391 τῆς
897 3323 1079 3392 φωνῆς
1116 3322 1208 3375 τοῦ
1239 3322 1401 3389 λόγου
1432 3323 1623 3378 αὑτοῦ.
1654 3324 1822 3378 Εὐλο-

215 3470 223 3477 ,
250 3420 391 3485 γεῖτε
416 3416 508 3468 τὸν
538 3415 765 3485 Κύριον,
791 3415 965 3468 πᾶσαι
997 3414 1052 3466 αἱ
1078 3415 1338 3483 δυνάμεις
1364 3414 1552 3481 αὐτοῦ,
1581 3414 1823 3488 λειτουρ-

247 3510 334 3578 γοὶ
362 3507 550 3576 αὐτοῦ,
584 3509 634 3560 oi
658 3507 936 3571 ποιοῦντες
975 3508 1035 3561 τὸ
1070 3508 1282 3578 θέλημα
1311 3508 1529 3563 αὐτοῦ.»
1578 3509 1775 3581 Ὁρᾶτε
1804 3526 1821 3577 ;

259 3602 390 3656 Ἰδοὺ
434 3599 555 3653 καθ’
602 3600 861 3670 ὁμοίωσιν
896 3601 1144 3668 ἀγγέλων
1174 3602 1237 3656 τὸ
1274 3601 1488 3673 σχῆμα,
1522 3601 1618 3655 καὶ
1651 3601 1817 3657 αὑτοῦ

261 3694 433 3765 Ἰησοῦ
472 3694 729 3764 Χριστοῦ,
757 3692 877 3759 τοῦ,
906 3693 1003 3761 Μὴ
1035 3692 1102 3746 τὸ
1130 3691 1361 3762 θέλημά
1399 3710 1539 3763 μου,
1568 3693 1729 3749 ἀλλὰ
1752 3696 1820 3749 τὸ

254 3786 369 3840 σὸν
395 3786 673 3854 γενέσθω,
695 3785 992 3855 εὐξαμένου
1025 3785 1165 3855 πρὸς
1193 3787 1285 3838 τὸν
1319 3788 1558 3857 Πατέρα.
1596 3787 1688 3841 Διδ
1724 3789 1841 3851 καί,ν

252 3878 519 3945 Διονύσιος
547 3878 704 3932 τοῦτο
734 3878 795 3931 τὸ
828 3879 1013 3948 σχῆμα
1044 3878 1346 3949 ὑπέρτερον
1380 3882 1447 3950 τῇ
1482 3879 1819 3953 καθαρότητι

248 3969 463 4042 καὶτῆς
493 3972 601 4027 τῶν
652 3972 709 4025 ἐν
738 3970 931 4041 κόσμῳ
965 3969 1281 4023 ἐπισκόπων
1311 3969 1460 4039 ζωῆς
1481 3987 1666 4041 φησιν.

783 4082 1033 4138 ΚΕΦΛΛ.
1075 4081 1252 4150 ΣΞιτ.

246 4144 408 4232 Aturi
453 4177 746 4247 ἐπιπτλέοΥ
774 4178 831 4229 οἱ
861 4175 979 4247 νῦν
1009 4178 1097 4241 εις
1129 4144 1479 4242 ἐπισκοπὴν
1526 4176 1817 4247 ἀγόμενοι

609 4244 847 4314 πρῶτον
884 4246 1154 4316 γίνονται
1181 4247 1464 4315 μοναχοι.

316 4339 407 4391 Διὸ
436 4338 531 4392 καὶ
567 4338 601 4409 ἡ
632 4336 728 4391 τοῦ
777 4335 1018 4407 Χριστοῦ
1065 4335 1386 4406 Ἐκκλησία,
1437 4336 1564 4401 τοὺς
1596 4336 1816 4401 πλείους

1929 3124 2272 3197 angelorum.
2344 3127 2434 3181 Ait
2492 3128 2695 3185 enim:

1930 3236 2122 3277 omnes
2172 3223 2349 3293 angeli
2401 3224 2557 3296 ejus,
2632 3235 2881 3297 potentes
2940 3228 3180 3295 virtute,
3236 3229 3501 3287 facientes

1930 3314 2155 3369 verbum
2207 3315 2356 3371 illius
2411 3318 2477 3372 ad
2538 3319 2864 3374 audiendam
2926 3335 3117 3376 vocem
3184 3337 3504 3379 sermonum

1928 3405 2068 3473 ejus.
2099 3406 2410 3465 Benedicite
2476 3410 2790 3477 Dominum,
2851 3429 3042 3469 omnes
3091 3417 3318 3472 virtutes
3365 3418 3506 3487 ejus,

1928 3498 2166 3554 ministri
2254 3502 2424 3570 ejus,
2492 3504 2584 3573 qui
2647 3503 2813 3561 facite
2870 3507 3209 3562 voluntatem
3292 3510 3432 3579 ejus.
3480 3530 3501 3565 ι
3565 3514 3569 3517 ’

1928 3587 2244 3646 Videtisne?
2289 3592 2370 3647 En
2405 3593 2624 3649 habitus
2656 3595 2745 3650 ille
2790 3604 2874 3650 est
2903 3597 3208 3651 secundum
3240 3598 3505 3655 similitu-

1927 3678 2109 3735 dinem
2146 3683 2460 3753 angelorum
2492 3692 2547 3740 et
2574 3687 2746 3755 ipsius
2775 3684 2901 3741 .lcsu
2933 3686 3132 3742 Chri~ti
3156 3690 3249 3759 qui
3288 3687 3503 3745 Patrem

1927 3770 2326 3840 deprecabatur
2356 3776 2585 3832 dicens:
2650 3795 2669 3829 ι
2698 3778 2814 3831 Non
2853 3793 2968 3832 mea
3002 3779 3253 3835 voluntas
3282 3781 3373 3835 sed
3410 3790 3502 3836 tua

1926 3862 2040 3918 ﬁat.
2068 3882 2089 3916 ι
2149 3866 2274 3923 Ideo
2310 3867 2604 3940 Dionysius
2663 3870 2803 3926 dixit
2842 3872 2990 3925 hunc
3040 3872 3209 3941 ipsius
3235 3876 3359 3928 vitm
3387 3877 3503 3942 rpi-

1926 3968 2215 4026 scoporum
2267 3959 2364 4030 qui
2410 3961 2467 4014 in
2489 3960 2694 4016 mundo
2724 3970 2851 4017 sunt
2874 3962 3186 4031 integritate
3221 3974 3501 4034 praestare.

2457 4073 2687 4130 CAPUT
2719 4073 2997 4131 CCLXVI.

1930 4170 2108 4238 Quare
2140 4180 2194 4225 ut
2217 4170 2507 4242 plurimum
2540 4170 2629 4239 qui
2657 4186 2796 4242 nunc
2825 4168 2895 4224 ad
2934 4170 3295 4242 episcopatum
3319 4187 3502 4238 perve-

2272 4244 2451 4304 niunt,
2479 4243 2629 4308 prius
2671 4241 2807 4310 ﬁunt
2844 4241 3131 4294 monachi?

2771 3149 2790 3182 ι
2817 3129 3133 3186 Benedicite
3188 3134 3505 3199 Dominum,

1995 4330 2364 4398 Quamobrem
2408 4329 2611 4386 Christi
2667 4329 2910 4385 Ecclesia
2960 4330 3251 4401 plerosque
3307 4346 3498 4387 eorum

243 4432 354 4485 τῶν
376 4432 453 4494 είς
484 4429 792 4502 ἐπισκοπὴν
816 4428 1103 4499 ἀγομένων
1137 4428 1264 4499 ἄρτι
1300 4429 1379 4499 τῷ
1411 4429 1539 4499 θείῳ
1575 4431 1817 4501 σχήματι

1929 4440 2061 4495 quos
2092 4424 2254 4479 modo
2277 4423 2341 4478 ad
2372 4424 2746 4493 episcopatum
2770 4423 2982 4478 extollit
3003 4424 3154 4494 prius
3176 4426 3281 4481 hoc
3315 4426 3502 4483 habitu

242 4523 418 4591 τούτῳ
457 4521 884 4594 κατακοσμοῦσα
933 4520 1221 4591 πρότερον,
1258 4519 1429 4583 οὕτως
1489 4522 1825 4586 ἐπισκόπους

247 4616 503 4686 καθιστᾷ,
554 4615 622 4671 τὰ
672 4615 905 4685 μέγιστα
950 4614 1043 4667 καὶ
1088 4613 1218 4682 am
1243 4612 1350 4665 τῶν
1378 4614 1552 4680 ἁγίων
1578 4612 1656 4683 τῷ
1686 4631 1826 4669 παν-

245 4710 384 4779 αγίῳ
412 4706 882 4776 ὲξασφαλιζομένη
920 4705 1024 4757 καὶ
1076 4703 1209 4774 ἱερῷ
1259 4705 1524 4774 σχήματι.
1590 4704 1737 4774 Ὅρα
1768 4706 1824 4759 δὲ

248 4803 343 4854 καὶ
373 4803 519 4865 ὅπως
578 4800 813 4854 τελεῖται
866 4799 901 4869 ἡ
945 4796 1039 4851 τοῦ
1103 4797 1404 4868 μοναχικοῦ
1456 4797 1735 4868 σχήματος
1765 4798 1824 4851 ἐν

248 4893 467 4965 Χριστῷ
498 4893 618 4947 θεία
649 4892 862 4961 τελετή.

802 4982 1053 5038 ΚΕΦΑΛ.
1101 4980 1262 5036 ΣΞΖ’.

471 5075 488 5089 ⁸
564 5072 705 5142 Περὶ
723 5070 1065 5142 μοναρχικῆς
1097 5069 1483 5136 τελειώσεως.

320 5170 692 5240 Προσερχεται
718 5168 748 5219 ὁ
776 5166 1007 5236 μονάσαι
1054 5163 1379 5233 βουλόμενος
1407 5164 1698 5229 ἑκουσίως,
1734 5166 1823 5216 καὶ

246 5264 370 5327 δοὺς
393 5263 551 5330 λόγον
581 5259 682 5331 τῆς
712 5259 855 5314 κατὰ
874 5256 1006 5312 Θεὸν
1033 5256 1198 5327 ζωῆς,
1227 5256 1585 5325 δοκιμάζεται
1611 5258 1669 5308 ὲν
1694 5255 1826 5326 ὡρι-

250 5357 436 5427 σμένῳ
462 5351 660 5422 καιρῷ,
690 5350 786 5405 καὶ
806 5346 989 5403 πίστιν
1018 5348 1143 5412 δοὺς
1165 5348 1273 5402 ἀπὸ
1299 5350 1397 5417 τῆς
1416 5345 1580 5400 αὐτοῦ
1613 5345 1823 5417 βιοτῆς,

247 5450 343 5505 καὶ
373 5448 472 5519 τὴν
497 5443 779 5499 τελείωσιν
821 5441 915 5495 τοῦ
947 5442 1225 5510 σχήματος
1263 5439 1598 5507 ἐκζητήσας,
1631 5436 1716 5491 ἴνα
1749 5436 1825 5507 μὴ

243 5539 374 5613 δόξῃ
403 5536 644 5609 βιασθεὶς
672 5534 707 5605 ἢ
759 5531 1151 5599 ἀναγκασθεὶς,
1188 5530 1527 5600 προσάγεται
1564 5527 1643 5597 τῷ
1672 5528 1784 5599 ναῷ
1806 5545 1821 5559 ·

246 5632 373 5686 ἐπεὶ
401 5630 475 5694 ὡς
500 5629 670 5699 δῶρον
722 5624 1112 5697 προσφέρεται,
1164 5622 1376 5692 ἐξάγων
1414 5622 1577 5683 αὐτὸς
1630 5620 1826 5674 ἑαυτὸν

249 5724 347 5781 τοῦ
373 5724 581 5797 κόσμου
596 5733 612 5750 ·
632 5720 728 5779 καὶ
750 5719 855 5787 πρὸ
873 5716 983 5769 τῶν
1006 5714 1190 5770 πυλῶν
1206 5716 1444 5783 ἵσταται,
1468 5714 1591 5769 ἐπεὶ
1613 5711 1826 5768 οὐδέπω

594 5815 866 5877 ΡΑτιιοι..
910 5812 1029 5875 Gn.
1075 5811 1253 5874 CLV.

1928 4518 2223 4572 adornatos
2287 4516 2367 4571 sic
2422 4515 2711 4587 episcopos
2770 4517 3093 4585 constituit,
3155 4520 3389 4575 maxima
3449 4532 3505 4577 et

1927 4620 2114 4664 sancta
2141 4616 2456 4665 sanctorum
2486 4609 2588 4663 hoc
2619 4609 2970 4665 sanctissimo
3003 4625 3269 4683 sacroque
3312 4614 3501 4669 habitu

1927 4700 2327 4755 conﬁrmando.
2391 4698 2523 4755 Vide
2547 4709 2729 4756 autem
2754 4701 3030 4768 quomodo
3062 4703 3154 4758 tiat
3198 4706 3501 4762 monaehie=

1928 4790 2144 4846 habitus
2165 4792 2221 4845 in
2241 4790 2464 4848 Christo
2492 4791 2679 4847 divina
2707 4793 3076 4849 consecratio.

2441 4967 2674 5026 CAPUT
2738 4965 3041 5024 CCLXVII.

2320 5063 2396 5116 De
2429 5060 2731 5116 monac/tali
2761 5060 3110 5129 perfectione.

1997 5152 2227 5208 Accedit
2264 5153 2359 5223 qui
2390 5152 2628 5207 libenter
2676 5152 2795 5205 vult
2838 5150 3091 5205 monachi
3119 5150 3284 5206 vitam
3320 5166 3505 5224 agere,

1926 5255 1980 5301 et
2001 5247 2126 5302 data
2160 5246 2374 5299 ratione
2400 5244 2527 5297 vita:
2566 5257 2688 5313 qua?
2732 5253 2822 5297 est
2855 5244 3157 5299 Secundum
3210 5246 3401 5312 Deum,
3446 5246 3501 5301 in

1928 5345 2173 5407 tempore
2211 5336 2513 5392 constituto
2571 5336 2867 5403 probatur;
2917 5335 3118 5391 deinde
3165 5336 3324 5395 ﬁdem
3366 5339 3506 5395 dans

1926 5446 2027 5502 per
2090 5443 2242 5484 suam
2308 5428 2808 5495 conversationem,
2883 5437 2939 5483 et
3001 5443 3218 5485 sacrum
3282 5430 3506 5485 habitus

1928 5520 2189 5577 induendi
2234 5520 2402 5575 ritum
2426 5532 2749 5588 exposcens,
2784 5533 2854 5574 ne
2882 5519 3136 5574 videatur
3164 5522 3273 5575 vim
3307 5536 3505 5591 passus

1930 5624 2093 5686 atque
2117 5621 2363 5677 coactus,
2386 5611 2647 5683 templum
2670 5611 2803 5681 adit,
2837 5612 3096 5683 quoniam
3125 5607 3271 5669 velut
3298 5614 3502 5671 donum

1929 5705 2282 5777 semetipsum
2330 5702 2511 5774 offert,
2544 5713 2600 5762 et
2651 5720 2750 5776 pro
2800 5703 3011 5762 foribus
3063 5714 3190 5771 stat,
3243 5702 3501 5775 quoniam

3033 5793 3099 5859 16
