4078 6408
299 287 408 350 493

1613 289 1708 348 DE
1751 287 2266 349 ΡίΕΧΙΤΕΝΤῙΑ.

3454 297 3556 354 494

294 395 615 469 λογικδνιτῷ
647 395 913 464 κτίσαντι,
949 399 1288 466 κατηχεῖται.
1321 400 1429 450 Καὶ
1469 397 1567 466 τῆς
1594 398 1841 460 τελειοτὰ

1973 399 2294 465 luntarium,
2329 402 2508 456 virum
2541 414 2595 458 et
2623 405 2965 470 rationabile,
2994 408 3312 473 instruitur,
3342 420 3396 466 et
3431 427 3556 483 per-

292 510 393 562 της
429 490 574 557 ζωῆς
629 489 921 558 ὑφηγεῖται
955 489 1104 556 αὐτῷ
1134 492 1161 543 6
1213 489 1393 558 ἱερεὺς
1426 494 1525 561 τὴν
1561 490 1864 546 πολιτείαν.

295 583 404 637 Καὶ
426 582 501 641 ὡς
537 577 792 657 πεινᾴσαι
824 578 956 647 ἔχει,
1000 581 1094 632 καὶ
1141 580 1388 650 διψῆσαι,
1429 581 1523 635 καὶ
1555 583 1868 651 γυμνητεῦ-

297 695 387 730 σαι
414 675 502 728 διὰ
554 674 812 743 Χριστὸν,
853 674 942 726 τὸν
992 667 1163 728 ταῦτα
1212 677 1456 730 παθόντα
1511 678 1653 747 ὑπὲρ
1685 680 1868 750 ήμῶν,

295 772 388 823 καὶ
413 766 776 832 ὀνειδισθῆναι
806 763 899 816 καὶ
929 764 1294 837 χλευασθῆναι
1324 768 1416 821 καὶ
1443 768 1745 840 διωχθῆναι
1773 771 1870 822 καὶ
1917 771 1921 775 ’

293 862 472 915 πάντα
527 857 718 910 παθεῖν
777 853 847 906 δι’
910 858 1096 919 αὑτὸν,
1159 860 1254 910 καὶ
1284 859 1517 932 χαίρειν,
1551 861 1641 914 ὅτε
1693 860 1870 914 ταῦτα

291 954 469 1007 πάντα
495 953 652 1006 πάθοι
679 950 767 1005 διὰ
801 953 1035 1022 Χριστόν
1056 969 1070 983 ·
1106 951 1200 1004 καί
1228 951 1309 1003 ὅτι
1347 953 1574 1022 μεγίστη
1602 951 1633 1020 ἡ
1665 952 1867 1021 δωρεά⁹

290 1047 385 1097 καὶ
437 1045 692 1114 δεύτερον
748 1044 1032 1114 βάπτισμα
1055 1043 1348 1112 λαμϐάνει.
1395 1045 1490 1096 καὶ
1541 1043 1868 1116 καθαίρεται

291 1137 398 1190 τῶν
428 1136 756 1206 ἁμαρτιῶνο
821 1138 915 1190 καλ⁵
971 1137 1084 1199 υἱὸς
1117 1135 1292 1204 φωτὸς
1346 1135 1664 1189 δείκνυται·
1715 1135 1810 1189 καὶ
1842 1135 1869 1188 6

291 1231 499 1298 Κύριος
552 1231 712 1299 ἡμῶν
762 1229 850 1282 ἐπ’
887 1229 1032 1298 αὐτῷ
1065 1229 1244 1300 χαίρει
1285 1229 1424 1298 μετᾶ
1478 1229 1587 1282 τῶν
1616 1229 1869 1297 ἀγγέλων

289 1323 477 1388 αὑτοῦ,
513 1322 658 1375 θύων
710 1320 863 1394 αὐτῷ
897 1322 990 1374 τὸν
1055 1325 1256 1392 μόσχον
1285 1322 1404 1389 τὸν,
1427 1321 1694 1385 σιτευτὸν,
1730 1321 1868 1399 ὅπερ

289 1417 439 1471 ἐστὶν
471 1415 635 1470 αὑτοῦ
667 1417 728 1468 τὸ
759 1415 921 1484 σῶμα
962 1416 1054 1468 καὶ
1079 1412 1238 1484 αἷμα.
1275 1415 1382 1469 Καὶ
1405 1415 1556 1478 ὄπως
1588 1414 1869 1483 ἀντιλογία

291 1507 392 1576 μὲν
433 1508 527 1559 καὶ
550 1505 801 1574 ἀνηκοϊα,
834 1506 1184 1573 ὑπερηφανία
1206 1505 1380 1567 τεκαὶ
1398 1505 1466 1557 τὰ
1494 1503 1660 1556 λοιπὰ
1688 1503 1867 1557 πάντα

288 1597 460 1659 δεινὰ,
492 1598 682 1668 πόρρω
716 1594 826 1648 εἷεν
848 1595 943 1648 ἀπ’
963 1594 1151 1660 αὑτοῦ,
1183 1596 1407 1648 πλουτεῖ
1438 1595 1494 1647 δὲ
1542 1595 1642 1664 τὴν
1673 1594 1868 1648 ταπεί-

291 1708 456 1745 νωσιν
479 1690 572 1743 καὶ
603 1690 699 1761 τὴν
730 1690 976 1758 ὑπακοὴν
1015 1689 1110 1742 καὶ
1154 1688 1512 1757 φιλαδελφίαν
1553 1689 1649 1741 καὶ
1691 1685 1868 1740 ἐπιεί-

294 1801 470 1848 κειαν,
504 1781 608 1853 τὴν
631 1781 865 1850 μελέτην
895 1798 952 1833 τε
986 1779 1082 1834 καὶ
1113 1782 1419 1848 ἀνάγνωσιν
1450 1781 1559 1833 τῶν
1591 1779 1750 1833 θείων
1776 1779 1862 1832 λο-

294 1878 445 1946 γίων,
479 1877 574 1930 καὶ
629 1877 862 1948 τήρησιν
904 1875 1004 1945 τῆς
1043 1875 1278 1946 καρδίας
1311 1873 1419 1927 ἀπὸ
1448 1873 1557 1927 τῶν
1600 1872 1867 1944 ῥυπαρῶν

293 1969 569 2040 λογισμῶν
598 1985 612 2000 ’
637 1969 715 2022 ἔτι
749 1969 802 2021 δὲ
834 1967 1096 2038 ἐργασίαν
1135 1968 1233 2037 τὴν
1271 1965 1411 2019 κατὰ
1453 1964 1686 2034 δύναμιν
1722 1981 1734 1997 ⁸
1771 1965 1869 2018 καὶ

292 2063 443 2124 τέλος
475 2061 798 2130 ἐξαγγελίαν
849 2061 956 2114 τῶν
1013 2063 1114 2128 τῆς
1145 2059 1381 2130 καρδίας
1428 2058 1692 2128 κρυπτῶν
1726 2058 1870 2112 κατὰ

291 2155 388 2216 τὰς
419 2153 566 2222 lapsi;
600 2170 656 2205 τε
683 2153 775 2205 καὶ
806 2152 959 2214 θείας
998 2152 1305 2220 ὑποθήκας.
1337 2151 1431 2203 ίΔι’
1460 2144 1535 2204 ὧν
1565 2149 1866 2217 δείκνυται,

291 2243 366 2305 ὡς
390 2243 496 2310 ἄρα
530 2243 704 2306 καλῶς
730 2241 943 2312 εἴρηται
971 2243 1030 2294 τὸ
1068 2241 1259 2311 σχῆμα
1290 2240 1352 2294 τὸ
1379 2240 1545 2309 ἆγιον
1585 2241 1643 2291 ὲν
1675 2241 1738 2310 τῇ
1778 2256 1871 2309 με·

291 2330 481 2400 τανοίᾳ
517 2323 679 2385 εἶναι.

844 2421 1096 2474 ΚΕΦΑΛ.
1144 2421 1314 2473 ΣΟΑ’.

540 2515 601 2568 Τί
633 2515 672 2582 ἡ
705 2513 823 2568 τῶν
849 2514 1067 2583 τριχῶν
1086 2514 1368 2583 σημαίνει
1401 2513 1614 2580 κουρά.

363 2603 547 2658 Ταῦτα
571 2601 664 2658 οὖν
701 2605 878 2657 πάντα
910 2604 1359 2674 καθομολογήσας
1411 2603 1500 2654 ἐπ’
1539 2601 1714 2655 ἐλπίδι
1767 2604 1868 2672 τῆς

293 2699 572 2770 δυνάμεως
599 2699 692 2753 τοῦ
718 2699 980 2770 Χριστοῦ,
1007 2699 1101 2752 καὶ
1130 2697 1534 2767 συνταξάμενος
1566 2697 1624 2748 ἑν
1655 2699 1870 2760 τούτοις

299 2793 481 2860 μένειν
511 2792 638 2862 ἄχρι
669 2793 852 2855 τέλους
887 2791 1034 2862 ζωῆς
1072 2790 1260 2854 αὐτοῦ,
1295 2790 1562 2850 ἑκουσίως
1593 2791 1699 2857 γὰρ
1732 2789 1872 2858 Χρι-

292 2884 402 2955 στῷ
437 2883 769 2950 ἀνατίθεται,
829 2884 1073 2953 κείρεται
1128 2881 1498 2951 σταυροειδῶς
1547 2880 1645 2944 τὰς
1673 2881 1871 2952 τρίχας

291 2978 388 3046 τῆς
415 2977 660 3046 κεφαλῆς
697 2981 776 3040 εἰς
800 2977 858 3031 τὸ
880 2977 1052 3048 ὄνομα
1082 2975 1182 3047 τῆς
1207 2975 1436 3046 Τριὰδος
1465 2991 1479 3006 ·
1516 2975 1607 3029 διὰ
1638 2975 1737 3046 μὲν
1764 2976 1871 3046 τῆς

1978 490 2289 546 lectissima:
2329 492 2454 548 vitae
2476 497 2946 553 conversationem
2984 499 3134 553 illum
3175 500 3337 556 docet
3365 517 3550 559 sacer-

1977 584 2096 650 dos,
2150 585 2325 654 aperit
2376 586 2538 640 etiam
2593 597 2854 657 quantum
2914 592 3125 648 esurire
3171 594 3444 664 Oportebit
3501 609 3556 651 et

1976 675 2130 730 sitire
2187 687 2242 732 et
2299 680 2482 734 nudus
2515 695 2635 734 csse
2676 691 2902 753 propter
2953 683 3233 740 Christum
3288 688 3379 758 qui
3428 690 3552 745 talia

1975 778 2196 839 propter
2245 787 2345 826 nos
2402 773 2675 838 toleravit,
2722 790 2936 829 necnon
2988 775 3203 846 injuriis
3249 780 3443 837 lacessi
3498 792 3553 837 et

1976 861 2148 928 illudi,
2214 872 2267 916 et
2324 866 2758 933 persecutionem
2813 867 2924 936 pati
2983 871 3276 940 omniaque
3327 886 3553 944 propter

1975 967 2098 1007 eum
2156 953 2320 1021 ferre,
2375 965 2429 1010 et
2459 957 2695 1025 gaudere
2725 960 2942 1026 quando
2972 961 3070 1016 ista
3104 963 3286 1016 omnia
3329 975 3554 1035 propter

1973 1045 2248 1100 Christum
2283 1049 2540 1116 patietur,
2605 1059 2660 1104 et
2686 1053 2948 1120 quoniam
2997 1055 3099 1108 hoc
3128 1063 3215 1110 est
3248 1057 3550 1112 maximum

1974 1136 2202 1202 donum,
2231 1145 2287 1193 et
2323 1141 2447 1208 quia
2481 1142 2786 1197 secundum
2822 1144 3020 1213 accipit
3051 1146 3402 1215 baptismum,
3439 1159 3494 1204 et
3524 1165 3554 1204 a

1974 1230 2213 1297 peccatis
2257 1232 2574 1298 mundatur,
2622 1242 2678 1289 et
2737 1236 2880 1291 filius
2938 1238 3077 1292 lucis
3134 1242 3464 1309 ostenditur,
3499 1255 3556 1298 et

1977 1311 2237 1371 Dominus
2266 1327 2452 1372 noster
2498 1323 2565 1374 de
2621 1336 2686 1376 eo
2735 1325 2936 1390 gaudet
2992 1342 3114 1381 cum
3153 1331 3360 1397 angelis
3408 1332 3548 1400 ejus,

1974 1407 2229 1462 occidens
2279 1410 2328 1464 ei
2369 1413 2594 1467 vitulum
2629 1416 2956 1484 saginatum,
2985 1421 3126 1486 quod
3156 1429 3238 1475 est
3268 1423 3402 1491 {ejus
3429 1439 3553 1478 cor-

1974 1513 2080 1568 pus
2101 1508 2156 1554 et
2187 1501 2409 1572 sanguis
2438 1519 2450 1568 ;
2506 1504 2707 1560 indicat
2739 1507 2902 1563 etiam
2932 1512 3208 1577 quomodo
3237 1514 3467 1568 rebellio
3497 1525 3551 1570 et

1977 1587 2347 1646 inobedientia
2380 1602 2546 1664 atque
2574 1599 2829 1667 superbia
2861 1609 3167 1672 cmteraqne
3193 1606 3332 1658 mala
3367 1607 3550 1662 omnia

1971 1683 2158 1748 procnl
2205 1684 2274 1737 ab
2302 1699 2367 1739 co
2395 1686 2575 1742 futura
2607 1691 2739 1757 sint,
2774 1693 2867 1747 sed
2909 1708 3032 1748 eum
3055 1695 3276 1750 divitem
3309 1697 3548 1753 futurum

1971 1787 2095 1827 esse
2142 1775 2470 1843 humilitate,
2524 1781 2876 1849 obedientia,
2932 1785 3171 1841 fraterna
3231 1790 3547 1852 dilectione.

1974 1867 2421 1934 mansuetudine,
2456 1871 2812 1930 meditatione
2849 1885 2900 1930 et
2933 1877 3210 1946 agnitione
3241 1881 3549 1937 divinorum

1973 1969 2312 2026 sermonum,
2345 1975 2558 2016 necnon
2583 1978 2680 2019 cor
2699 1981 2820 2020 esse
2852 1978 3194 2026 servaturum
3224 1974 3291 2028 ab
3320 1974 3551 2043 impuris

1972 2051 2390 2117 cogitationibus
2419 2065 2752 2126 etqnantum
2787 2063 3377 2134 poteritoperaturum.
3401 2067 3554 2124 Deni-

1971 2155 2076 2208 que
2107 2143 2422 2201 abscondita
2444 2149 2622 2203 cordis
2653 2152 2968 2208 manifestat
2993 2157 3295 2212 secundum
3332 2171 3551 2217 sanctas

1972 2232 2702 2305 divinasqueinstitutiones.
2731 2243 2938 2309 Quibus
2955 2249 3280 2316 ostenditur,
3304 2252 3550 2308 habitum

1975 2337 2220 2379 sanctum
2253 2343 2397 2394 esse,
2425 2341 2586 2401 prout
2621 2343 2766 2388 recte
2813 2337 3070 2406 diximus,
3117 2341 3169 2394 in
3207 2343 3548 2412 poenitentia.

2485 2420 2717 2478 CAPUT
2755 2423 3029 2483 CCLXXI.

2256 2510 2397 2574 Quid
2420 2513 2616 2568 indicet
2660 2526 2880 2572 tonsura
2920 2522 3261 2592 capillorum.

2040 2597 2250 2656 Idcirco
2308 2602 2421 2657 haec
2469 2605 2651 2660 omnia
2709 2608 2993 2666 confessus
3060 2614 3112 2668 in
3171 2631 3268 2685 spe
3333 2617 3549 2675 virtutis

1970 2692 2210 2757 Christi,
2250 2704 2304 2749 et
2342 2696 2601 2754 fratribus
2634 2709 2921 2771 cooptatus
2957 2705 3098 2761 inter
3135 2723 3231 2764 eos
3271 2726 3442 2782 usque
3481 2714 3549 2768 ad

1974 2783 2134 2840 linem
2168 2786 2293 2842 vita:
2324 2803 2437 2843 suae
2463 2805 2872 2862 permansurus,
2895 2796 3133 2854 libenter
3155 2802 3301 2857 enim
3329 2804 3551 2862 Christo

1971 2875 2215 2944 dicatur,
2250 2879 2304 2933 in
2333 2882 2556 2937 modum
2592 2885 2772 2940 crucis
2806 2888 3018 2958 capillis
3049 2891 3246 2963 capitis
3285 2896 3550 2952 tondetur

1974 2965 2029 3020 in
2073 2968 2302 3025 nomine
2333 2971 2637 3042 Trinitatis,
2675 2991 2774 3046 per
2807 2977 3132 3038 Trinitatem
3166 2996 3545 3060 consecratus,

292 3068 520 3138 Τριάδος
547 3069 889 3139 τελούμενος,
919 3068 1010 3122 διὰ
1041 3068 1096 3121 δὲ
1121 3065 1219 3121 τοῦ
1270 3065 1510 3137 σταυροῦ
1533 3067 1632 3137 τὴν
1659 3066 1866 3138 νέκρω-

1974 3074 2068 3129 per
2110 3076 2329 3117 crucem
2374 3079 2506 3121 vero
2547 3081 2608 3122 se
2657 3079 2928 3126 mortuum
2977 3076 3183 3132 mundo
3215 3065 3545 3147 ostendens,

291 3177 376 3214 σιν
400 3162 492 3214 τοῦ
536 3162 746 3232 κόσμου
777 3161 974 3233 δηλῶν,
1009 3161 1103 3214 καὶ
1157 3159 1595 3230 σφραγιξόμενος
1616 3158 1696 3230 τῷ
1726 3159 1868 3230 ὑπὲρ

296 3251 448 3322 19],
480 3253 637 3322 ἡμῶν
693 3254 1098 3324 σταυρωθέντι·
1147 3253 1236 3306 διὰ
1287 3252 1344 3305 δὲ
1392 3251 1494 3322 τῆς
1525 3253 1872 3322 ἀφαιρέσεως

291 3348 385 3399 καὶ
413 3346 615 3414 κουρᾶς
636 3345 743 3399 τῶν
772 3346 974 3415 τριχῶν
998 3345 1254 3414 ἀπαρχὴν
1288 3345 1352 3396 ὲκ
1385 3344 1480 3396 τοῦ
1515 3343 1772 3412 σώματος
1795 3343 1872 3407 ὡς

290 3435 482 3489 θυσίαν
513 3437 838 3507 προσφέρων
863 3437 941 3507 τῷ
968 3437 1157 3508 Κυρίῳ
1178 3455 1194 3470 ο
1226 3437 1308 3490 ὅτι
1341 3438 1463 3500 ὅλος
1499 3436 1868 3506 προσάγεται,

294 3530 387 3582 καὶ
416 3528 738 3598 ἁφιεροῦται
767 3528 1009 3598 Χρίστῷ,
1063 3529 1158 3582 καὶ
1186 3530 1259 3593 ὡς
1287 3529 1378 3600 ,τὰ
1421 3529 1660 3600 περιττὰ
1693 3529 1870 3583 πάντα

293 3625 388 3678 καὶ
413 3622 485 3676 τὰ
513 3621 606 3677 τοῦ
635 3621 844 3692 κόσμου
877 3621 1301 3692 ἀποτιθέμενος.

835 3739 1085 3795 ΚΕΦΑΛ.
1139 3738 1306 3792 ΣΟΒ’.

401 3831 498 3900 Τίς
528 3833 564 3902 ἡ
587 3831 840 3902 δύναμις
865 3831 986 3885 τῶν
1007 3830 1122 3899 πρὸ
1153 3829 1264 3900 τῆς
1286 3830 1511 3902 κουρᾶς
1537 3831 1759 3926 εὐχῶν.

364 3992 477 4062 Πρδ
505 3993 604 4063 τῆς
646 3992 851 4061 κουρᾶς
895 3991 973 4058 δὲ,
1027 3989 1166 4061 μετά
1194 3989 1294 4053 τὰς
1327 3989 1678 4061 ὑποσχέσεις,
1703 3991 1871 4063 εὐχὰς

294 4088 443 4159 παρὰ
468 4084 562 4141 τοῦ
591 4087 780 4156 ἱερέως
798 4085 1010 4157 δέχεται
1037 4085 1210 4156 ἱεράς.
1248 4085 1359 4138 Καὶ
1383 4087 1416 4156 ἡ
1454 4086 1550 4156 μὲν
1584 4086 1755 4154 ἐστιν,
1782 4087 1871 4141 ἵνα

291 4183 320 4233 6
354 4177 762 4247 πανοικτίρμων
783 4179 918 4242 Θεὸς
945 4177 1265 4244 ὑποδέξαιτο
1319 4178 1486 4232 αὐτὸν
1501 4179 1606 4242 κὼς
1630 4180 1868 4250 προσελ-

293 4270 456 4324 θόντα
476 4309 492 4336 ,
525 4273 618 4324 καὶ
650 4268 1084 4336 ὑπαγκαλίσαιτο
1112 4269 1186 4333 ὡς
1208 4269 1301 4323 τὸν
1319 4270 1550 4338 ἄσωτον,
1580 4270 1676 4325 καὶ
1701 4271 1869 4341 ὕπερ-

293 4361 525 4415 ασπίσαι
580 4360 745 4413 αὐτοῦ
781 4359 870 4412 διὰ
897 4359 1024 4421 τοὺς
1059 4350 1151 4412 ita!
1209 4358 1589 4430 πολεμοῦντας
1610 4376 1625 4391 ο
1656 4359 1752 4414 καὶ
1777 4361 1868 4413 ἴνα

295 4455 526 4508 πάντοτε
559 4453 654 4506 σὺν
696 4451 844 4520 αὑτῷ
873 4447 933 4524 ᾗ,
961 4450 1289 4520 ζεῦφραίνων
1323 4448 1485 4504 αὑτοῦ
1519 4453 1614 4504 καὶ
1643 4451 1864 4519 γλυκαί-

293 4561 401 4599 νων
422 4547 520 4615 τὴν
550 4543 776 4614 καρδίαν
798 4545 864 4612 τῇ
900 4541 1244 4612 παρακλήσει
1297 4541 1395 4594 τοῦ
1431 4540 1580 4594 θείου
1617 4542 1869 4613 Πνεύμα-

292 4653 404 4702 τος,
432 4635 602 4703 ἀξιῶν
636 4635 796 4688 αὐτὸν
821 4634 917 4688 καὶ
944 4635 1045 4701 τῆς
1104 4632 1322 4703 μερίδος
1351 4632 1462 4686 τῶν
1488 4632 1673 4700 ὁσίων,
1707 4628 1784 4691 ὧν
1813 4633 1883 4687 τὸ

296 4729 487 4798 σχῆμα
534 4725 796 4792 ἐνδύεται,
852 4726 941 4780 ἵνα
973 4726 1069 4779 καὶ
1120 4726 1220 4778 σὺν
1266 4724 1450 4794 αὐτοῖς
1481 4724 1874 4797 κληρονομήσῃ

295 4821 394 4891 τὴν
429 4818 706 4890 βασιλείαν
737 4818 846 4872 τῶν
867 4816 1138 4888 οὐρανῶν,
1160 4818 1216 4869 ὲν
1247 4817 1398 4886 αὐτῷ
1426 4816 1506 4887 τῷ
1525 4817 1774 4888 Χριστῷ,
1811 4819 1875 4871 ὃν

295 4913 392 4967 καί¹
419 4912 632 4980 εὐλογεῖ
666 4911 764 4964 σὺν
798 4909 874 4980 τῷ
916 4911 1094 4979 Πατρὶ
1127 4910 1222 4962 καὶ⁵
1251 4907 1328 4979 τῷ
1360 4909 1666 4979 Πνεὺματι.
1715 4908 1870 4979 Αὕτη

294 5005 402 5074 γὰρ
432 5005 466 5077 ἠ
492 5004 687 5073 κλῆσις
718 5003 896 5055 πάντα
931 5003 998 5054 τὰ
1029 5001 1146 5053 θεῖα
1177 5000 1381 5068 δίδωσι,
1422 5000 1517 5053 καὶ
1546 4999 1637 5053 τὸν
1685 4999 1873 5053 τελού-

297 5115 460 5169 μενον
482 5096 699 5150 τελειοϊ.
727 5095 964 5148 Ἔπειτα
995 5093 1306 5164 σφραγίσας
1343 5093 1530 5157 αὑτὸν,
1585 5093 1684 5147 καὶ
1733 5096 1870 5164 πρὸς

299 5188 566 5252 ἀνατολὰς
611 5186 893 5257 στραφεὶς,
953 5185 1052 5256 τὴν
1100 5185 1438 5254 τελεωτέραν
1469 5185 1618 5252 λέγει
1670 5185 1861 5255 εὐχὴν,

295 5283 384 5336 ἐπ’
407 5282 636 5350 ἐδάφους
660 5281 912 5349 κειμένου
945 5278 1040 5331 τοῦ
1087 5277 1443 5346 τελουμένου.
1491 5294 1510 5327 ι
1551 5277 1612 5329 Ὀ
1645 5274 1742 5340 ὣν,
1776 5276 1874 5329 Δέ-

295 5392 490 5442 σποτα,
525 5373 718 5444 Κύριε,
745 5373 773 5424 6
821 5371 958 5440 μετὰ
992 5369 1084 5423 τοῦ
1118 5369 1321 5434 ζῶντος
1370 5370 1468 5422 καὶ
1497 5369 1869 5423 ὲνυποστάτου

294 5467 472 5535 Λόγου
504 5483 622 5533 σου,
652 5465 747 5518 καί⁵
777 5462 873 5516 τοῦ
903 5462 1056 5533 παρὰ
1087 5459 1179 5514 σοῦ
1215 5459 1660 5530 ἐκπορευομένου
1697 5461 1869 5513 Ilvati-

298 5573 466 5626 ματος
493 5556 593 5624 τῆς
627 5553 886 5625 ἀληθείας
911 5565 926 5583 ⁸
969 5572 988 5606 ι
1028 5552 1087 5605 δν
1119 5551 1214 5605 καὶ
1252 5550 1384 5605 Θεὸν
1403 5550 1651 5618 ἀγγέλων
1681 5552 1870 5624 φησὶν,

294 5644 340 5718 ᾧ
377 5649 561 5703 καὶτὰ
594 5647 848 5718 Σεραφὶμ
881 5645 1249 5715 παρίστανται
1273 5641 1642 5712 ἁνυμνοῦντα,
1683 5645 1778 5696 καὶ
1812 5643 1874 5696 τὸ

302 5740 419 5810 φῶς
465 5739 528 5794 τὸ
573 5738 825 5811 ἀληθινὸν
881 5736 943 5790 τὸ
1001 5733 1237 5805 φωτίζον
1295 5733 1500 5802 πάντα,
1536 5732 1699 5788 αὐτὸν
1733 5729 1872 5789 εἶναι

1973 3158 2026 3206 et
2068 3156 2427 3214 conﬁrmatus
2475 3159 2526 3215 ei
2572 3163 2665 3230 qui
2721 3179 2822 3234 pro
2871 3166 3031 3223 nobis
3075 3170 3548 3243 luiteruciﬁxus;

1974 3258 2070 3312 per
2107 3254 2390 3305 tonsuram
2425 3261 2608 3308 autem
2642 3263 2698 3310 et
2729 3272 2973 3314 rasuram
3009 3263 3200 3333 capitis
3242 3267 3399 3335 quasi
3439 3271 3553 3339 pri-

1972 3338 2156 3394 mitias
2183 3355 2247 3395 ex
2278 3358 2508 3412 corpore
2541 3347 2597 3401 in
2629 3350 2959 3408 sacriﬁcium
2993 3354 3104 3411 Deo
3134 3357 3375 3426 oll'erret,
3409 3378 3550 3434 quo-

1973 3429 2118 3484 niam
2170 3431 2287 3499 ipse
2329 3441 2476 3489 totus
2521 3436 2752 3519 qﬂ’ertur
2797 3449 2854 3496 ct
2900 3442 3131 3502 Domino
3167 3429 3545 3522 consecratur,

1972 3530 2026 3575 et
2059 3523 2211 3592 quasi
2246 3525 2426 3579 omnia
2464 3530 2733 3598 superﬂua
2767 3540 2821 3586 et
2851 3536 3126 3592 mundana
3165 3540 3458 3611 abjiceret.

2465 3733 2696 3789 CAPUT
2737 3736 3034 3793 CCLXXII.

1973 3821 2233 3887 Quaznam
2262 3822 2586 3894 signiﬁcatio
2615 3842 2828 3896 precum
2869 3848 2985 3901 qua:
3022 3842 3257 3893 tonsura:
3306 3843 3550 3909 praemit-

2668 3906 2874 3955 tantur.

2042 3990 2112 4041 At
2141 3995 2268 4042 ante
2291 3997 2594 4058 tonsuram,
2620 4002 2749 4062 post
2776 4005 3023 4049 votorum
3047 4003 3544 4071 nuncupationem.

1971 4093 2162 4149 preces
2207 4094 2390 4136 sacras
2429 4095 2460 4135 a
2503 4083 2791 4138 sacerdote
2835 4086 3059 4156 accipit.
3097 4089 3276 4146 Prima
3323 4093 3546 4162 quidem

1973 4182 2056 4226 est
2078 4181 2138 4228 ut
2161 4174 2322 4229 totius
2348 4174 2737 4232 misericordiae
2760 4178 3080 4268 Deus.illum
3109 4192 3170 4237 ut
3197 4185 3549 4243 accedentem

1971 4265 2254 4335 suscipiat,
2293 4274 2348 4321 et
2395 4265 2758 4338 amplectat'it‘r
2788 4281 2848 4326 ut.
2874 4265 3198 4345 prodigum,
3229 4286 3285 4332 et
3332 4287 3552 4335 tueatur

1973 4353 2235 4410 adversus
2298 4355 2549 4414 inimicos
2607 4358 2812 4429 jugiter
2884 4365 3284 4433 aggredientes.
3371 4366 3550 4439 thue

1976 4461 2194 4517 semper
2226 4447 2296 4503 sit
2323 4463 2448 4504 cum
2484 4465 2572 4514 eo,
2598 4450 2879 4507 delectans
2909 4464 2965 4508 et
2995 4455 3280 4512 laetiﬁcans
3305 4473 3399 4514 cor
3429 4461 3551 4531 ejus

1977 4537 2351 4595 consolatione
2401 4539 2673 4610 Spiritus,
2722 4555 2848 4596 eum
2901 4543 3134 4613 dignaris
3191 4549 3284 4616 qui
3337 4561 3547 4618 partem

1975 4630 2180 4685 habeat
2217 4644 2340 4684 cum
2393 4630 2600 4686 sanctis
2645 4647 2879 4702 quorum
2926 4633 3103 4690 induit
3153 4635 3441 4704 habitum;
3492 4651 3553 4694 ut

1975 4735 2100 4776 eum
2155 4720 2236 4775 eis
2289 4731 2656 4790 consequatur
2712 4738 2939 4793 regnum
2999 4724 3261 4779 ccelurum
3318 4727 3370 4780 in
3432 4728 3553 4796 ipso

1973 4811 2193 4866 Christo
2223 4827 2384 4881 quem
2425 4812 2704 4867 benedieit
2737 4829 2862 4868 cum
2897 4815 3056 4868 Patre
3088 4822 3142 4868 et
3177 4814 3423 4884 Spiritu;
3459 4817 3550 4872 illa

1973 4904 2121 4958 enim
2156 4904 2432 4959 invocatio
2463 4905 2647 4959 divina
2681 4905 2774 4958 dat
2805 4904 2989 4957 omnia
3019 4913 3074 4958 et
3105 4903 3384 4959 initiatum
3423 4922 3552 4976 per-
3629 4898 3636 4906 ’

1975 4994 2106 5049 ﬁcit.
2134 4993 2340 5051 Deinde
2364 5010 2488 5051 eum
2521 4995 2742 5066 signans
2767 5004 2822 5048 et
2853 4993 2922 5048 ad
2953 4994 3224 5048 orientem
3248 5009 3550 5053 conversus

1975 5086 2362 5156 per‘feetiorem
2415 5087 2553 5141 dicit
2591 5085 2900 5140 orationem
2927 5124 2942 5152 ,
2980 5085 3197 5141 initiato
3234 5086 3456 5157 iacente
3491 5090 3549 5146 in

1973 5179 2291 5252 pavimento
2323 5194 2337 5233 :
2371 5196 2391 5230 ι
2424 5180 2465 5230 Ο
2491 5188 2547 5233 ιιι
2578 5178 2670 5243 qui
2703 5192 2786 5243 es,
2817 5176 3047 5231 Domine
3073 5177 3239 5245 Deus,
3265 5195 3391 5235 cum
3426 5183 3550 5239 vivo

1975 5283 2030 5329 et
2069 5273 2522 5329 consubstantiali
2564 5275 2741 5329 Verbo
2774 5284 2902 5342 tuo,
2945 5285 3001 5332 et
3049 5277 3378 5348 procedente
3418 5293 3450 5332 a
3498 5286 3553 5332 te

1977 5362 2187 5432 Spiritu
2244 5359 2586 5418 veritatis....
2649 5383 2668 5416 ι
2703 5403 2717 5430 ,
2785 5381 2948 5436 quem
3004 5355 3550 5438 Deum‘angelorum

1975 5455 2240 5525 appellat,
2281 5455 2369 5510 cui
2423 5454 2709 5528 Seraphim
2757 5461 3103 5516 concinendo
3150 5463 3554 5529 circumstant,

1974 5562 2212 5616 eumque
2245 5563 2436 5603 verum
2471 5563 2596 5605 esse
2642 5550 2827 5606 lumen
2871 5567 2981 5611 (tuo
3021 5553 3400 5607 illuminantur
3436 5566 3558 5606 om-

1975 5641 2089 5706 nia,
2111 5643 2266 5714 cujus
2299 5643 2594 5714 splendore
2625 5654 2874 5716 stupent,
2907 5654 3016 5701 tota
3041 5660 3406 5716 supernorum
3438 5646 3555 5714 pri-

1975 5731 2378 5804 mogenitorum
2434 5735 2677 5790 Ecclesia
2749 5745 3018 5806 testatur,
3075 5746 3131 5792 et
3187 5742 3443 5810 precatur
3496 5744 3558 5790 ut
