  <div class='ocr_page' id='page_1' title='image "/cluster/home/n/w/nwhite01/storage/ocr_20150623/155/coo.31924054870609/255.png"; bbox 0 0 4078 6420; ppageno 0'>
   <div class='ocr_carea' id='block_1_1' title="bbox 486 263 594 324">
    <p class='ocr_par' dir='ltr' id='par_1_1' title="bbox 486 263 594 324">
     <span class='ocr_line' id='line_1_1' title="bbox 486 263 594 324; baseline -0.037 1"><span class='ocrx_word' id='word_1_1' title='bbox 486 263 594 324; x_wconf 68' lang='grc'><strong>495</strong></span> 
     </span>
    </p>
   </div>
   <div class='ocr_carea' id='block_1_2' title="bbox 1291 262 2826 324">
    <p class='ocr_par' dir='ltr' id='par_1_2' title="bbox 1291 262 2826 324">
     <span class='ocr_line' id='line_1_2' title="bbox 1291 262 2826 324; baseline -0.001 -3"><span class='ocrx_word' id='word_1_2' title='bbox 1291 265 1666 324; x_wconf 78' lang='lat' dir='ltr'><strong>SYMEONIS</strong></span> <span class='ocrx_word' id='word_1_3' title='bbox 1694 265 1792 323; x_wconf 81' lang='grc' dir='ltr'><strong>’ΠΙ</strong></span> <span class='ocrx_word' id='word_1_4' title='bbox 1811 265 1982 322; x_wconf 69' lang='lat' dir='ltr'><strong>ESSA</strong></span> <span class='ocrx_word' id='word_1_5' title='bbox 1994 263 2367 323; x_wconf 63' lang='lat' dir='ltr'><strong>LONICENR</strong></span> <span class='ocrx_word' id='word_1_6' title='bbox 2381 268 2392 322; x_wconf 97' lang='lat' dir='ltr'><strong>l</strong></span> <span class='ocrx_word' id='word_1_7' title='bbox 2406 264 2445 322; x_wconf 92' lang='lat' dir='ltr'>S</span> <span class='ocrx_word' id='word_1_8' title='bbox 2474 267 2506 320; x_wconf 66' lang='grc' dir='ltr'>Α</span> <span class='ocrx_word' id='word_1_9' title='bbox 2520 263 2670 322; x_wconf 62' lang='lat' dir='ltr'><strong>EC”</strong></span> <span class='ocrx_word' id='word_1_10' title='bbox 2685 262 2698 318; x_wconf 86' lang='lat' dir='ltr'><strong>l</strong></span> <span class='ocrx_word' id='word_1_11' title='bbox 2716 263 2756 321; x_wconf 84' lang='lat' dir='ltr'>E</span> <span class='ocrx_word' id='word_1_12' title='bbox 2769 262 2826 320; x_wconf 87' lang='lat' dir='ltr'><strong>P.</strong></span> 
     </span>
    </p>
   </div>
   <div class='ocr_carea' id='block_1_3' title="bbox 3632 263 3742 328">
    <p class='ocr_par' dir='ltr' id='par_1_3' title="bbox 3632 263 3742 328">
     <span class='ocr_line' id='line_1_3' title="bbox 3632 263 3742 328; baseline 0.036 -4"><span class='ocrx_word' id='word_1_13' title='bbox 3632 263 3742 328; x_wconf 71' lang='grc'><strong>406</strong></span> 
     </span>
    </p>
   </div>
   <div class='ocr_carea' id='block_1_4' title="bbox 481 373 2073 446">
    <p class='ocr_par' dir='ltr' id='par_1_4' title="bbox 481 373 2049 442">
     <span class='ocr_line' id='line_1_4' title="bbox 481 373 2049 442; baseline -0.004 -11"><span class='ocrx_word' id='word_1_14' title='bbox 481 377 671 433; x_wconf 78' lang='lat' dir='ltr'><strong>oculos</strong></span> <span class='ocrx_word' id='word_1_15' title='bbox 689 375 936 431; x_wconf 87' lang='lat' dir='ltr'><strong>demittat</strong></span> <span class='ocrx_word' id='word_1_16' title='bbox 960 374 1498 442; x_wconf 81' lang='lat' dir='ltr'><strong>superhumilitatem</strong></span> <span class='ocrx_word' id='word_1_17' title='bbox 1528 374 1724 427; x_wconf 88' lang='lat' dir='ltr'><strong>initiati</strong></span> <span class='ocrx_word' id='word_1_18' title='bbox 1750 373 1840 441; x_wconf 90' lang='lat' dir='ltr'><strong>qui</strong></span> <span class='ocrx_word' id='word_1_19' title='bbox 1867 388 2049 426; x_wconf 83' lang='lat' dir='ltr'><strong>coram</strong></span> 
     </span>
    </p>
   </div>
   <div class='ocr_carea' id='block_1_5' title="bbox 2168 373 3743 446">
    <p class='ocr_par' dir='ltr' id='par_1_5' title="bbox 2168 373 3743 446">
     <span class='ocr_line' id='line_1_5' title="bbox 2168 373 3743 446; baseline 0 -18"><span class='ocrx_word' id='word_1_20' title='bbox 2168 379 2448 446; x_wconf 74' lang='grc' dir='ltr'>μαρτυρεῖ,</span> <span class='ocrx_word' id='word_1_21' title='bbox 2478 376 2900 444; x_wconf 71' lang='grc' dir='ltr'><strong>δυσωπούμενον</strong></span> <span class='ocrx_word' id='word_1_22' title='bbox 2932 375 3035 426; x_wconf 72' lang='grc' dir='ltr'><strong>ύπδ</strong></span> <span class='ocrx_word' id='word_1_23' title='bbox 3069 374 3246 443; x_wconf 71' lang='grc' dir='ltr'>πάσης</span> <span class='ocrx_word' id='word_1_24' title='bbox 3265 373 3588 443; x_wconf 70' lang='grc' dir='ltr'><strong>ἐπουρανίου</strong></span> <span class='ocrx_word' id='word_1_25' title='bbox 3615 377 3743 428; x_wconf 76' lang='grc' dir='ltr'><strong>Ἐκ-</strong></span> 
     </span>
    </p>
   </div>
   <div class='ocr_carea' id='block_1_6' title="bbox 484 465 2056 534">
    <p class='ocr_par' dir='ltr' id='par_1_6' title="bbox 484 465 2056 534">
     <span class='ocr_line' id='line_1_6' title="bbox 484 465 2056 534; baseline -0.002 -13"><span class='ocrx_word' id='word_1_26' title='bbox 484 467 670 522; x_wconf 90' lang='lat' dir='ltr'><strong>multis</strong></span> <span class='ocrx_word' id='word_1_27' title='bbox 690 475 812 520; x_wconf 86' lang='lat' dir='ltr'><strong>vota</strong></span> <span class='ocrx_word' id='word_1_28' title='bbox 845 465 1205 534; x_wconf 80' lang='lat' dir='ltr'><strong>nuncupavit,</strong></span> <span class='ocrx_word' id='word_1_29' title='bbox 1227 475 1424 519; x_wconf 84' lang='lat' dir='ltr'><strong>etcum</strong></span> <span class='ocrx_word' id='word_1_30' title='bbox 1455 465 1705 519; x_wconf 89' lang='lat' dir='ltr'><strong>admittat</strong></span> <span class='ocrx_word' id='word_1_31' title='bbox 1737 465 1792 519; x_wconf 90' lang='lat' dir='ltr'><strong>in</strong></span> <span class='ocrx_word' id='word_1_32' title='bbox 1826 465 2056 532; x_wconf 76' lang='lat' dir='ltr'><strong>gratiam</strong></span> 
     </span>
    </p>
   </div>
   <div class='ocr_carea' id='block_1_7' title="bbox 486 557 2060 628">
    <p class='ocr_par' dir='ltr' id='par_1_7' title="bbox 486 557 2060 628">
     <span class='ocr_line' id='line_1_7' title="bbox 486 557 2060 628; baseline -0.002 -15"><span class='ocrx_word' id='word_1_33' title='bbox 486 559 799 627; x_wconf 79' lang='lat' dir='ltr'><strong>adoptionis</strong></span> <span class='ocrx_word' id='word_1_34' title='bbox 829 574 990 628; x_wconf 89' lang='lat' dir='ltr'><strong>quam</strong></span> <span class='ocrx_word' id='word_1_35' title='bbox 1023 558 1077 610; x_wconf 91' lang='lat' dir='ltr'><strong>in</strong></span> <span class='ocrx_word' id='word_1_36' title='bbox 1112 573 1270 613; x_wconf 87' lang='lat' dir='ltr'><strong>sacro</strong></span> <span class='ocrx_word' id='word_1_37' title='bbox 1307 557 1633 626; x_wconf 71' lang='lat' dir='ltr'><strong>baptismate</strong></span> <span class='ocrx_word' id='word_1_38' title='bbox 1668 557 1900 611; x_wconf 78' lang='lat' dir='ltr'><strong>redemit</strong></span> <span class='ocrx_word' id='word_1_39' title='bbox 1932 572 2060 627; x_wconf 87' lang='lat' dir='ltr'><strong>pro-</strong></span> 
     </span>
    </p>
   </div>
   <div class='ocr_carea' id='block_1_8' title="bbox 486 648 2056 723">
    <p class='ocr_par' dir='ltr' id='par_1_8' title="bbox 486 648 2056 723">
     <span class='ocr_line' id='line_1_8' title="bbox 486 648 2056 723; baseline -0.003 -18"><span class='ocrx_word' id='word_1_40' title='bbox 486 663 607 723; x_wconf 77' lang='lat' dir='ltr'><strong>pter</strong></span> <span class='ocrx_word' id='word_1_41' title='bbox 650 652 797 704; x_wconf 91' lang='lat' dir='ltr'><strong>hunc</strong></span> <span class='ocrx_word' id='word_1_42' title='bbox 855 651 1098 704; x_wconf 88' lang='lat' dir='ltr'><strong>habitum</strong></span> <span class='ocrx_word' id='word_1_43' title='bbox 1148 649 1394 720; x_wconf 80' lang='lat' dir='ltr'><strong>angelico</strong></span> <span class='ocrx_word' id='word_1_44' title='bbox 1433 649 1806 715; x_wconf 87' lang='lat' dir='ltr'><strong>simillimum;</strong></span> <span class='ocrx_word' id='word_1_45' title='bbox 1846 648 2056 719; x_wconf 79' lang='lat' dir='ltr'><strong>ﬂagitat</strong></span> 
     </span>
    </p>
   </div>
   <div class='ocr_carea' id='block_1_9' title="bbox 483 740 2057 805">
    <p class='ocr_par' dir='ltr' id='par_1_9' title="bbox 483 740 2057 805">
     <span class='ocr_line' id='line_1_9' title="bbox 483 740 2057 805; baseline -0.003 -6"><span class='ocrx_word' id='word_1_46' title='bbox 483 747 647 801; x_wconf 77' lang='lat' dir='ltr'><strong>etiam</strong></span> <span class='ocrx_word' id='word_1_47' title='bbox 678 755 737 800; x_wconf 90' lang='lat' dir='ltr'><strong>ut</strong></span> <span class='ocrx_word' id='word_1_48' title='bbox 767 748 870 799; x_wconf 90' lang='lat' dir='ltr'><strong>istc</strong></span> <span class='ocrx_word' id='word_1_49' title='bbox 896 745 949 798; x_wconf 91' lang='lat' dir='ltr'><strong>in</strong></span> <span class='ocrx_word' id='word_1_50' title='bbox 981 759 1046 798; x_wconf 92' lang='lat' dir='ltr'><strong>eo</strong></span> <span class='ocrx_word' id='word_1_51' title='bbox 1078 753 1352 805; x_wconf 86' lang='lat' dir='ltr'><strong>servetur,</strong></span> <span class='ocrx_word' id='word_1_52' title='bbox 1376 750 1433 796; x_wconf 90' lang='lat' dir='ltr'><strong>et</strong></span> <span class='ocrx_word' id='word_1_53' title='bbox 1462 741 1722 796; x_wconf 88' lang='lat' dir='ltr'><strong>induatur</strong></span> <span class='ocrx_word' id='word_1_54' title='bbox 1762 741 1960 795; x_wconf 88' lang='lat' dir='ltr'><strong>robore</strong></span> <span class='ocrx_word' id='word_1_55' title='bbox 1990 740 2057 794; x_wconf 89' lang='lat' dir='ltr'><strong>ad</strong></span> 
     </span>
    </p>
   </div>
   <div class='ocr_carea' id='block_1_10' title="bbox 485 835 2061 909">
    <p class='ocr_par' dir='ltr' id='par_1_10' title="bbox 485 835 2061 909">
     <span class='ocr_line' id='line_1_10' title="bbox 485 835 2061 909; baseline -0.004 -16"><span class='ocrx_word' id='word_1_56' title='bbox 485 838 840 909; x_wconf 79' lang='lat' dir='ltr'><strong>pugnandum</strong></span> <span class='ocrx_word' id='word_1_57' title='bbox 873 846 1067 891; x_wconf 89' lang='lat' dir='ltr'><strong>contra</strong></span> <span class='ocrx_word' id='word_1_58' title='bbox 1103 836 1434 891; x_wconf 81' lang='lat' dir='ltr'><strong>invisibilem</strong></span> <span class='ocrx_word' id='word_1_59' title='bbox 1468 835 1776 902; x_wconf 88' lang='lat' dir='ltr'><strong>inimicum,</strong></span> <span class='ocrx_word' id='word_1_60' title='bbox 1809 845 1864 890; x_wconf 88' lang='lat' dir='ltr'><strong>ct</strong></span> <span class='ocrx_word' id='word_1_61' title='bbox 1888 835 2061 905; x_wconf 84' lang='lat' dir='ltr'><strong>subji-</strong></span> 
     </span>
    </p>
   </div>
   <div class='ocr_carea' id='block_1_11' title="bbox 481 928 2056 998">
    <p class='ocr_par' dir='ltr' id='par_1_11' title="bbox 481 928 2056 998">
     <span class='ocr_line' id='line_1_11' title="bbox 481 928 2056 998; baseline 0.001 -16"><span class='ocrx_word' id='word_1_62' title='bbox 481 931 709 984; x_wconf 83' lang='lat' dir='ltr'><strong>eiendas</strong></span> <span class='ocrx_word' id='word_1_63' title='bbox 749 929 933 983; x_wconf 78' lang='lat' dir='ltr'><strong>carnis</strong></span> <span class='ocrx_word' id='word_1_64' title='bbox 971 929 1298 982; x_wconf 86' lang='lat' dir='ltr'><strong>rebelliones</strong></span> <span class='ocrx_word' id='word_1_65' title='bbox 1343 929 1546 984; x_wconf 87' lang='lat' dir='ltr'><strong>virtute</strong></span> <span class='ocrx_word' id='word_1_66' title='bbox 1584 928 1842 997; x_wconf 85' lang='lat' dir='ltr'><strong>Spiritus,</strong></span> <span class='ocrx_word' id='word_1_67' title='bbox 1887 940 2056 998; x_wconf 90' lang='lat' dir='ltr'><strong>utque</strong></span> 
     </span>
    </p>
   </div>
   <div class='ocr_carea' id='block_1_12' title="bbox 483 1018 2058 1081">
    <p class='ocr_par' dir='ltr' id='par_1_12' title="bbox 483 1018 2058 1081">
     <span class='ocr_line' id='line_1_12' title="bbox 483 1018 2058 1081; baseline -0.001 -7"><span class='ocrx_word' id='word_1_68' title='bbox 483 1031 650 1074; x_wconf 77' lang='lat' dir='ltr'><strong>exuto</strong></span> <span class='ocrx_word' id='word_1_69' title='bbox 684 1032 869 1073; x_wconf 86' lang='lat' dir='ltr'><strong>vetere</strong></span> <span class='ocrx_word' id='word_1_70' title='bbox 906 1019 1125 1072; x_wconf 90' lang='lat' dir='ltr'><strong>homine</strong></span> <span class='ocrx_word' id='word_1_71' title='bbox 1148 1059 1161 1081; x_wconf 98' lang='lat'><strong>,</strong></span> <span class='ocrx_word' id='word_1_72' title='bbox 1198 1034 1397 1072; x_wconf 80' lang='lat' dir='ltr'><strong>novum</strong></span> <span class='ocrx_word' id='word_1_73' title='bbox 1433 1018 1663 1081; x_wconf 90' lang='lat' dir='ltr'><strong>induat,</strong></span> <span class='ocrx_word' id='word_1_74' title='bbox 1706 1019 1761 1072; x_wconf 91' lang='lat' dir='ltr'><strong>in</strong></span> <span class='ocrx_word' id='word_1_75' title='bbox 1801 1021 2058 1074; x_wconf 89' lang='lat' dir='ltr'><strong>omnibus</strong></span> 
     </span>
    </p>
   </div>
   <div class='ocr_carea' id='block_1_13' title="bbox 483 1110 2054 1166">
    <p class='ocr_par' dir='ltr' id='par_1_13' title="bbox 483 1110 2054 1166">
     <span class='ocr_line' id='line_1_13' title="bbox 483 1110 2054 1166; baseline 0.001 -2"><span class='ocrx_word' id='word_1_76' title='bbox 483 1127 832 1166; x_wconf 83' lang='lat' dir='ltr'><strong>commorans</strong></span> <span class='ocrx_word' id='word_1_77' title='bbox 872 1120 926 1165; x_wconf 91' lang='lat' dir='ltr'><strong>et</strong></span> <span class='ocrx_word' id='word_1_78' title='bbox 966 1110 1213 1164; x_wconf 90' lang='lat' dir='ltr'><strong>oratione</strong></span> <span class='ocrx_word' id='word_1_79' title='bbox 1265 1111 1524 1164; x_wconf 79' lang='lat' dir='ltr'><strong>insistens</strong></span> <span class='ocrx_word' id='word_1_80' title='bbox 1573 1119 1631 1164; x_wconf 94' lang='lat' dir='ltr'><strong>ut</strong></span> <span class='ocrx_word' id='word_1_81' title='bbox 1675 1111 1820 1165; x_wconf 81' lang='lat' dir='ltr'><strong>vivat</strong></span> <span class='ocrx_word' id='word_1_82' title='bbox 1860 1111 1950 1166; x_wconf 83' lang='lat' dir='ltr'><strong>ille</strong></span> <span class='ocrx_word' id='word_1_83' title='bbox 2001 1112 2054 1165; x_wconf 91' lang='lat' dir='ltr'><strong>in</strong></span> 
     </span>
    </p>
   </div>
   <div class='ocr_carea' id='block_1_14' title="bbox 483 1203 2058 1273">
    <p class='ocr_par' dir='ltr' id='par_1_14' title="bbox 483 1203 2058 1273">
     <span class='ocr_line' id='line_1_14' title="bbox 483 1203 2058 1273; baseline 0.001 -17"><span class='ocrx_word' id='word_1_84' title='bbox 483 1208 770 1261; x_wconf 80' lang='lat' dir='ltr'><strong>sanctitate</strong></span> <span class='ocrx_word' id='word_1_85' title='bbox 798 1216 851 1259; x_wconf 89' lang='lat' dir='ltr'><strong>et</strong></span> <span class='ocrx_word' id='word_1_86' title='bbox 880 1205 1092 1273; x_wconf 85' lang='lat' dir='ltr'><strong>justitia</strong></span> <span class='ocrx_word' id='word_1_87' title='bbox 1118 1243 1133 1266; x_wconf 93' lang='lat'><strong>,</strong></span> <span class='ocrx_word' id='word_1_88' title='bbox 1170 1204 1264 1256; x_wconf 73' lang='lat' dir='ltr'><strong>fiat</strong></span> <span class='ocrx_word' id='word_1_89' title='bbox 1296 1203 1386 1255; x_wconf 93' lang='lat' dir='ltr'><strong>Dei</strong></span> <span class='ocrx_word' id='word_1_90' title='bbox 1419 1203 1843 1257; x_wconf 83' lang='lat' dir='ltr'><strong>instrumentum</strong></span> <span class='ocrx_word' id='word_1_91' title='bbox 1880 1213 1934 1257; x_wconf 93' lang='lat' dir='ltr'><strong>et</strong></span> <span class='ocrx_word' id='word_1_92' title='bbox 1959 1204 2058 1257; x_wconf 87' lang='lat' dir='ltr'><strong>ha-</strong></span> 
     </span>
    </p>
   </div>
   <div class='ocr_carea' id='block_1_15' title="bbox 481 1295 2054 1364">
    <p class='ocr_par' dir='ltr' id='par_1_15' title="bbox 481 1295 2054 1364">
     <span class='ocr_line' id='line_1_15' title="bbox 481 1295 2054 1364; baseline -0.002 -13"><span class='ocrx_word' id='word_1_93' title='bbox 481 1298 777 1351; x_wconf 77' lang='lat' dir='ltr'><strong>bitaculqu</strong></span> <span class='ocrx_word' id='word_1_94' title='bbox 828 1297 1100 1364; x_wconf 86' lang='lat' dir='ltr'><strong>Spiritus,</strong></span> <span class='ocrx_word' id='word_1_95' title='bbox 1147 1304 1203 1348; x_wconf 93' lang='lat' dir='ltr'><strong>et</strong></span> <span class='ocrx_word' id='word_1_96' title='bbox 1247 1295 1446 1364; x_wconf 80' lang='lat' dir='ltr'><strong>dignus</strong></span> <span class='ocrx_word' id='word_1_97' title='bbox 1489 1295 1758 1349; x_wconf 80' lang='lat' dir='ltr'><strong>habeatur</strong></span> <span class='ocrx_word' id='word_1_98' title='bbox 1796 1296 1888 1364; x_wconf 85' lang='lat' dir='ltr'><strong>qui</strong></span> <span class='ocrx_word' id='word_1_99' title='bbox 1931 1311 2054 1349; x_wconf 91' lang='lat' dir='ltr'><strong>cum</strong></span> 
     </span>
    </p>
   </div>
   <div class='ocr_carea' id='block_1_16' title="bbox 479 1375 2058 1454">
    <p class='ocr_par' dir='ltr' id='par_1_16' title="bbox 479 1375 2058 1454">
     <span class='ocr_line' id='line_1_16' title="bbox 479 1375 2058 1454; baseline 0 -16"><span class='ocrx_word' id='word_1_100' title='bbox 479 1389 735 1440; x_wconf 80' lang='lat' dir='ltr'><strong>ninnihus</strong></span> <span class='ocrx_word' id='word_1_101' title='bbox 762 1387 953 1440; x_wconf 89' lang='lat' dir='ltr'><strong>electis</strong></span> <span class='ocrx_word' id='word_1_102' title='bbox 993 1401 1220 1453; x_wconf 79' lang='lat' dir='ltr'><strong>regnum</strong></span> <span class='ocrx_word' id='word_1_103' title='bbox 1252 1375 1515 1438; x_wconf 65' lang='lat' dir='ltr'><strong>cmldrum</strong></span> <span class='ocrx_word' id='word_1_104' title='bbox 1547 1386 1826 1449; x_wconf 89' lang='lat' dir='ltr'><strong>obtineat,</strong></span> <span class='ocrx_word' id='word_1_105' title='bbox 1864 1387 2058 1454; x_wconf 86' lang='lat' dir='ltr'><strong>depre-</strong></span> 
     </span>
    </p>
   </div>
   <div class='ocr_carea' id='block_1_17' title="bbox 479 1473 2056 1545">
    <p class='ocr_par' dir='ltr' id='par_1_17' title="bbox 479 1473 2056 1545">
     <span class='ocr_line' id='line_1_17' title="bbox 479 1473 2056 1545; baseline -0.002 -15"><span class='ocrx_word' id='word_1_106' title='bbox 479 1489 653 1532; x_wconf 81' lang='lat' dir='ltr'><strong>catur.</strong></span> <span class='ocrx_word' id='word_1_107' title='bbox 685 1477 748 1530; x_wconf 78' lang='lat' dir='ltr'><strong>Et</strong></span> <span class='ocrx_word' id='word_1_108' title='bbox 783 1492 968 1530; x_wconf 73' lang='lat' dir='ltr'><strong>vocem</strong></span> <span class='ocrx_word' id='word_1_109' title='bbox 999 1475 1271 1530; x_wconf 77' lang='lat' dir='ltr'><strong>extollens</strong></span> <span class='ocrx_word' id='word_1_110' title='bbox 1304 1473 1579 1545; x_wconf 81' lang='lat' dir='ltr'><strong>benedieit</strong></span> <span class='ocrx_word' id='word_1_111' title='bbox 1613 1474 1960 1531; x_wconf 87' lang='lat' dir='ltr'><strong>Trinitatem.</strong></span> <span class='ocrx_word' id='word_1_112' title='bbox 1987 1490 2056 1529; x_wconf 77' lang='lat' dir='ltr'><strong>ex</strong></span> 
     </span>
    </p>
   </div>
   <div class='ocr_carea' id='block_1_18' title="bbox 480 1564 2059 1641">
    <p class='ocr_par' dir='ltr' id='par_1_18' title="bbox 480 1564 2059 1641">
     <span class='ocr_line' id='line_1_18' title="bbox 480 1564 2059 1641; baseline -0.003 -16"><span class='ocrx_word' id='word_1_113' title='bbox 480 1587 588 1641; x_wconf 88' lang='lat' dir='ltr'><strong>qua</strong></span> <span class='ocrx_word' id='word_1_114' title='bbox 621 1586 786 1622; x_wconf 70' lang='lat' dir='ltr'><strong>(nime</strong></span> <span class='ocrx_word' id='word_1_115' title='bbox 821 1569 978 1621; x_wconf 78' lang='lat' dir='ltr'><strong>rohis</strong></span> <span class='ocrx_word' id='word_1_116' title='bbox 1017 1566 1169 1620; x_wconf 76' lang='lat' dir='ltr'><strong>venit</strong></span> <span class='ocrx_word' id='word_1_117' title='bbox 1207 1569 1410 1620; x_wconf 82' lang='lat' dir='ltr'><strong>donum</strong></span> <span class='ocrx_word' id='word_1_118' title='bbox 1440 1564 1745 1635; x_wconf 78' lang='lat' dir='ltr'><strong>perfectum</strong></span> <span class='ocrx_word' id='word_1_119' title='bbox 1773 1582 1788 1630; x_wconf 88' lang='lat'><strong>;</strong></span> <span class='ocrx_word' id='word_1_120' title='bbox 1820 1577 1875 1620; x_wconf 88' lang='lat' dir='ltr'><strong>et</strong></span> <span class='ocrx_word' id='word_1_121' title='bbox 1908 1577 2059 1634; x_wconf 82' lang='lat' dir='ltr'><strong>post-</strong></span> 
     </span>
    </p>
   </div>
   <div class='ocr_carea' id='block_1_19' title="bbox 482 1663 2056 1734">
    <p class='ocr_par' dir='ltr' id='par_1_19' title="bbox 482 1663 2056 1734">
     <span class='ocr_line' id='line_1_19' title="bbox 482 1663 2056 1734; baseline -0.004 -15"><span class='ocrx_word' id='word_1_122' title='bbox 482 1681 644 1734; x_wconf 89' lang='lat' dir='ltr'><strong>quam</strong></span> <span class='ocrx_word' id='word_1_123' title='bbox 677 1679 865 1733; x_wconf 84' lang='lat' dir='ltr'><strong>pacem</strong></span> <span class='ocrx_word' id='word_1_124' title='bbox 899 1664 1152 1716; x_wconf 88' lang='lat' dir='ltr'><strong>omnibus</strong></span> <span class='ocrx_word' id='word_1_125' title='bbox 1179 1663 1576 1732; x_wconf 76' lang='lat' dir='ltr'><strong>pronuntiavit,</strong></span> <span class='ocrx_word' id='word_1_126' title='bbox 1601 1673 1657 1718; x_wconf 84' lang='lat' dir='ltr'><strong>et</strong></span> <span class='ocrx_word' id='word_1_127' title='bbox 1685 1663 1820 1718; x_wconf 77' lang='lat' dir='ltr'><strong>dixit</strong></span> <span class='ocrx_word' id='word_1_128' title='bbox 1849 1681 1863 1717; x_wconf 91' lang='lat'><strong>:</strong></span> <span class='ocrx_word' id='word_1_129' title='bbox 1899 1663 2056 1717; x_wconf 70' lang='lat' dir='ltr'><strong>Incli-</strong></span> 
     </span>
    </p>
   </div>
   <div class='ocr_carea' id='block_1_20' title="bbox 484 1755 2056 1824">
    <p class='ocr_par' dir='ltr' id='par_1_20' title="bbox 484 1755 2056 1824">
     <span class='ocr_line' id='line_1_20' title="bbox 484 1755 2056 1824; baseline 0 -14"><span class='ocrx_word' id='word_1_130' title='bbox 484 1768 610 1810; x_wconf 84' lang='lat' dir='ltr'><strong>nate</strong></span> <span class='ocrx_word' id='word_1_131' title='bbox 641 1757 819 1824; x_wconf 81' lang='lat' dir='ltr'><strong>capita</strong></span> <span class='ocrx_word' id='word_1_132' title='bbox 859 1766 1058 1819; x_wconf 82' lang='lat' dir='ltr'><strong>vestra,</strong></span> <span class='ocrx_word' id='word_1_133' title='bbox 1087 1771 1278 1808; x_wconf 81' lang='lat' dir='ltr'><strong>omnes</strong></span> <span class='ocrx_word' id='word_1_134' title='bbox 1314 1755 1588 1808; x_wconf 89' lang='lat' dir='ltr'><strong>inclinant</strong></span> <span class='ocrx_word' id='word_1_135' title='bbox 1625 1771 1749 1808; x_wconf 91' lang='lat' dir='ltr'><strong>eum</strong></span> <span class='ocrx_word' id='word_1_136' title='bbox 1783 1756 2056 1810; x_wconf 88' lang='lat' dir='ltr'><strong>monacho</strong></span> 
     </span>
    </p>
   </div>
   <div class='ocr_carea' id='block_1_21' title="bbox 485 1845 2057 1918">
    <p class='ocr_par' dir='ltr' id='par_1_21' title="bbox 485 1845 2057 1918">
     <span class='ocr_line' id='line_1_21' title="bbox 485 1845 2057 1918; baseline -0.001 -16"><span class='ocrx_word' id='word_1_137' title='bbox 485 1864 660 1918; x_wconf 85' lang='lat' dir='ltr'><strong>nuper</strong></span> <span class='ocrx_word' id='word_1_138' title='bbox 711 1848 946 1910; x_wconf 87' lang='lat' dir='ltr'><strong>initiato,</strong></span> <span class='ocrx_word' id='word_1_139' title='bbox 991 1847 1082 1916; x_wconf 89' lang='lat' dir='ltr'><strong>qui</strong></span> <span class='ocrx_word' id='word_1_140' title='bbox 1125 1861 1233 1898; x_wconf 91' lang='lat' dir='ltr'><strong>non</strong></span> <span class='ocrx_word' id='word_1_141' title='bbox 1281 1861 1504 1898; x_wconf 87' lang='lat' dir='ltr'><strong>manum</strong></span> <span class='ocrx_word' id='word_1_142' title='bbox 1561 1845 1833 1915; x_wconf 80' lang='lat' dir='ltr'><strong>pontiﬁcis</strong></span> <span class='ocrx_word' id='word_1_143' title='bbox 1891 1848 2057 1901; x_wconf 88' lang='lat' dir='ltr'><strong>habet</strong></span> 
     </span>
    </p>
   </div>
   <div class='ocr_carea' id='block_1_22' title="bbox 485 1939 2052 2010">
    <p class='ocr_par' dir='ltr' id='par_1_22' title="bbox 485 1939 2052 2010">
     <span class='ocr_line' id='line_1_22' title="bbox 485 1939 2052 2010; baseline 0 -15"><span class='ocrx_word' id='word_1_144' title='bbox 485 1943 842 2010; x_wconf 81' lang='lat' dir='ltr'><strong>impositam,</strong></span> <span class='ocrx_word' id='word_1_145' title='bbox 891 1956 998 1993; x_wconf 90' lang='lat' dir='ltr'><strong>non</strong></span> <span class='ocrx_word' id='word_1_146' title='bbox 1047 1941 1194 1994; x_wconf 89' lang='lat' dir='ltr'><strong>enim</strong></span> <span class='ocrx_word' id='word_1_147' title='bbox 1234 1939 1632 1994; x_wconf 87' lang='lat' dir='ltr'><strong>ordinationem</strong></span> <span class='ocrx_word' id='word_1_148' title='bbox 1678 1939 1915 2010; x_wconf 88' lang='lat' dir='ltr'><strong>accipit,</strong></span> <span class='ocrx_word' id='word_1_149' title='bbox 1957 1941 2052 1995; x_wconf 73' lang='lat' dir='ltr'><strong>Sed</strong></span> 
     </span>
    </p>
   </div>
   <div class='ocr_carea' id='block_1_23' title="bbox 483 2032 2054 2102">
    <p class='ocr_par' dir='ltr' id='par_1_23' title="bbox 483 2032 2054 2102">
     <span class='ocr_line' id='line_1_23' title="bbox 483 2032 2054 2102; baseline 0 -16"><span class='ocrx_word' id='word_1_150' title='bbox 483 2033 829 2088; x_wconf 78' lang='lat' dir='ltr'><strong>solummodo</strong></span> <span class='ocrx_word' id='word_1_151' title='bbox 875 2032 1075 2085; x_wconf 89' lang='lat' dir='ltr'><strong>librum</strong></span> <span class='ocrx_word' id='word_1_152' title='bbox 1119 2046 1342 2100; x_wconf 80' lang='lat' dir='ltr'><strong>precum</strong></span> <span class='ocrx_word' id='word_1_153' title='bbox 1375 2046 1540 2100; x_wconf 87' lang='lat' dir='ltr'><strong>super</strong></span> <span class='ocrx_word' id='word_1_154' title='bbox 1571 2041 1736 2101; x_wconf 87' lang='lat' dir='ltr'><strong>caput</strong></span> <span class='ocrx_word' id='word_1_155' title='bbox 1773 2032 2009 2102; x_wconf 88' lang='lat' dir='ltr'><strong>positum</strong></span> <span class='ocrx_word' id='word_1_156' title='bbox 2039 2075 2054 2098; x_wconf 93' lang='lat'><strong>,</strong></span> 
     </span>
    </p>
   </div>
   <div class='ocr_carea' id='block_1_24' title="bbox 483 2122 2056 2193">
    <p class='ocr_par' dir='ltr' id='par_1_24' title="bbox 483 2122 2056 2193">
     <span class='ocr_line' id='line_1_24' title="bbox 483 2122 2056 2193; baseline 0.001 -16"><span class='ocrx_word' id='word_1_157' title='bbox 483 2128 612 2178; x_wconf 82' lang='lat' dir='ltr'><strong>dum</strong></span> <span class='ocrx_word' id='word_1_158' title='bbox 642 2140 826 2178; x_wconf 83' lang='lat' dir='ltr'><strong>sacras</strong></span> <span class='ocrx_word' id='word_1_159' title='bbox 861 2139 1051 2193; x_wconf 84' lang='lat' dir='ltr'><strong>preces</strong></span> <span class='ocrx_word' id='word_1_160' title='bbox 1086 2123 1335 2192; x_wconf 70' lang='lat' dir='ltr'><strong>snsi-ipit.</strong></span> <span class='ocrx_word' id='word_1_161' title='bbox 1375 2122 1610 2176; x_wconf 85' lang='lat' dir='ltr'><strong>Adhibet</strong></span> <span class='ocrx_word' id='word_1_162' title='bbox 1637 2138 1767 2193; x_wconf 81' lang='lat' dir='ltr'><strong>ergo</strong></span> <span class='ocrx_word' id='word_1_163' title='bbox 1797 2125 2056 2180; x_wconf 84' lang='lat' dir='ltr'><strong>sacerdos</strong></span> 
     </span>
    </p>
   </div>
   <div class='ocr_carea' id='block_1_25' title="bbox 483 2215 2052 2282">
    <p class='ocr_par' dir='ltr' id='par_1_25' title="bbox 483 2215 2052 2282">
     <span class='ocr_line' id='line_1_25' title="bbox 483 2215 2052 2282; baseline -0.001 -12"><span class='ocrx_word' id='word_1_164' title='bbox 483 2218 646 2274; x_wconf 65' lang='lat' dir='ltr'><strong>aliam</strong></span> <span class='ocrx_word' id='word_1_165' title='bbox 694 2217 1000 2270; x_wconf 89' lang='lat' dir='ltr'><strong>orationem</strong></span> <span class='ocrx_word' id='word_1_166' title='bbox 1052 2233 1065 2269; x_wconf 90' lang='lat'>:</span> <span class='ocrx_word' id='word_1_167' title='bbox 1123 2233 1142 2266; x_wconf 87' lang='grc'><strong>‹</strong></span> <span class='ocrx_word' id='word_1_168' title='bbox 1203 2215 1401 2270; x_wconf 79' lang='lat' dir='ltr'><strong>Sancte</strong></span> <span class='ocrx_word' id='word_1_169' title='bbox 1460 2215 1689 2270; x_wconf 78' lang='lat' dir='ltr'><strong>Domine</strong></span> <span class='ocrx_word' id='word_1_170' title='bbox 1740 2215 2052 2282; x_wconf 89' lang='lat' dir='ltr'><strong>virtutum,</strong></span> 
     </span>
    </p>
   </div>
   <div class='ocr_carea' id='block_1_26' title="bbox 485 2305 2052 2376">
    <p class='ocr_par' dir='ltr' id='par_1_26' title="bbox 485 2305 2052 2376">
     <span class='ocr_line' id='line_1_26' title="bbox 485 2305 2052 2376; baseline -0.001 -14"><span class='ocrx_word' id='word_1_171' title='bbox 485 2309 645 2364; x_wconf 75' lang='lat' dir='ltr'><strong>l‘ater</strong></span> <span class='ocrx_word' id='word_1_172' title='bbox 679 2308 891 2361; x_wconf 87' lang='lat' dir='ltr'><strong>Domini</strong></span> <span class='ocrx_word' id='word_1_173' title='bbox 926 2307 1101 2361; x_wconf 87' lang='lat' dir='ltr'><strong>nostri</strong></span> <span class='ocrx_word' id='word_1_174' title='bbox 1133 2305 1259 2362; x_wconf 86' lang='lat' dir='ltr'><strong>Jesu</strong></span> <span class='ocrx_word' id='word_1_175' title='bbox 1293 2307 1534 2369; x_wconf 85' lang='lat' dir='ltr'><strong>Christi,</strong></span> <span class='ocrx_word' id='word_1_176' title='bbox 1575 2307 1794 2376; x_wconf 90' lang='lat' dir='ltr'><strong>suscipe</strong></span> <span class='ocrx_word' id='word_1_177' title='bbox 1830 2322 2052 2362; x_wconf 87' lang='lat' dir='ltr'><strong>servum</strong></span> 
     </span>
    </p>
   </div>
   <div class='ocr_carea' id='block_1_27' title="bbox 485 2396 2052 2466">
    <p class='ocr_par' dir='ltr' id='par_1_27' title="bbox 485 2396 2052 2466">
     <span class='ocr_line' id='line_1_27' title="bbox 485 2396 2052 2466; baseline 0.001 -16"><span class='ocrx_word' id='word_1_178' title='bbox 485 2410 637 2450; x_wconf 82' lang='lat' dir='ltr'><strong>tuum</strong></span> <span class='ocrx_word' id='word_1_179' title='bbox 680 2399 867 2451; x_wconf 89' lang='lat' dir='ltr'><strong>istum.</strong></span> <span class='ocrx_word' id='word_1_180' title='bbox 905 2416 922 2447; x_wconf 74' lang='grc' dir='ltr'><strong>ι</strong></span> <span class='ocrx_word' id='word_1_181' title='bbox 960 2396 1025 2450; x_wconf 74' lang='lat' dir='ltr'><strong>Et</strong></span> <span class='ocrx_word' id='word_1_182' title='bbox 1061 2407 1142 2450; x_wconf 91' lang='lat' dir='ltr'><strong>ter</strong></span> <span class='ocrx_word' id='word_1_183' title='bbox 1173 2397 1351 2466; x_wconf 79' lang='lat' dir='ltr'><strong>signat</strong></span> <span class='ocrx_word' id='word_1_184' title='bbox 1393 2412 1518 2451; x_wconf 92' lang='lat' dir='ltr'><strong>eum</strong></span> <span class='ocrx_word' id='word_1_185' title='bbox 1566 2397 1619 2450; x_wconf 91' lang='lat' dir='ltr'><strong>in</strong></span> <span class='ocrx_word' id='word_1_186' title='bbox 1661 2397 2052 2466; x_wconf 81' lang='lat' dir='ltr'><strong>perfectionem</strong></span> 
     </span>
    </p>
   </div>
   <div class='ocr_carea' id='block_1_28' title="bbox 485 2487 2056 2558">
    <p class='ocr_par' dir='ltr' id='par_1_28' title="bbox 485 2487 2056 2558">
     <span class='ocr_line' id='line_1_28' title="bbox 485 2487 2056 2558; baseline 0.001 -15"><span class='ocrx_word' id='word_1_187' title='bbox 485 2490 682 2544; x_wconf 83' lang='lat' dir='ltr'><strong>initiati</strong></span> <span class='ocrx_word' id='word_1_188' title='bbox 722 2488 1015 2554; x_wconf 87' lang='lat' dir='ltr'><strong>monachi,</strong></span> <span class='ocrx_word' id='word_1_189' title='bbox 1061 2488 1335 2558; x_wconf 83' lang='lat' dir='ltr'><strong>simulque</strong></span> <span class='ocrx_word' id='word_1_190' title='bbox 1385 2489 1441 2542; x_wconf 92' lang='lat' dir='ltr'><strong>in</strong></span> <span class='ocrx_word' id='word_1_191' title='bbox 1491 2487 1718 2557; x_wconf 82' lang='lat' dir='ltr'><strong>gloriam</strong></span> <span class='ocrx_word' id='word_1_192' title='bbox 1771 2487 2056 2544; x_wconf 87' lang='lat' dir='ltr'><strong>Trini:atis</strong></span> 
     </span>
    </p>
   </div>
   <div class='ocr_carea' id='block_1_29' title="bbox 485 2581 2052 2652">
    <p class='ocr_par' dir='ltr' id='par_1_29' title="bbox 485 2581 2052 2652">
     <span class='ocr_line' id='line_1_29' title="bbox 485 2581 2052 2652; baseline -0.004 -13"><span class='ocrx_word' id='word_1_193' title='bbox 485 2584 572 2639; x_wconf 88' lang='lat' dir='ltr'><strong>cui</strong></span> <span class='ocrx_word' id='word_1_194' title='bbox 609 2584 757 2638; x_wconf 89' lang='lat' dir='ltr'><strong>illum</strong></span> <span class='ocrx_word' id='word_1_195' title='bbox 798 2592 1086 2637; x_wconf 90' lang='lat' dir='ltr'><strong>consecrat</strong></span> <span class='ocrx_word' id='word_1_196' title='bbox 1109 2622 1122 2645; x_wconf 90' lang='lat'><strong>,</strong></span> <span class='ocrx_word' id='word_1_197' title='bbox 1166 2592 1222 2636; x_wconf 93' lang='lat' dir='ltr'><strong>ct</strong></span> <span class='ocrx_word' id='word_1_198' title='bbox 1257 2590 1453 2637; x_wconf 58' lang='lat' dir='ltr'><strong>caetera</strong></span> <span class='ocrx_word' id='word_1_199' title='bbox 1489 2581 1818 2652; x_wconf 87' lang='lat' dir='ltr'><strong>deprecatus</strong></span> <span class='ocrx_word' id='word_1_200' title='bbox 1847 2582 2052 2636; x_wconf 84' lang='lat' dir='ltr'><strong>elevata</strong></span> 
     </span>
    </p>
   </div>
   <div class='ocr_carea' id='block_1_30' title="bbox 485 2675 2055 2742">
    <p class='ocr_par' dir='ltr' id='par_1_30' title="bbox 485 2675 2055 2742">
     <span class='ocr_line' id='line_1_30' title="bbox 485 2675 2055 2742; baseline 0 -14"><span class='ocrx_word' id='word_1_201' title='bbox 485 2693 639 2740; x_wconf 67' lang='lat' dir='ltr'><strong>Voce,</strong></span> <span class='ocrx_word' id='word_1_202' title='bbox 679 2676 970 2730; x_wconf 83' lang='lat' dir='ltr'><strong>hencdieit.</strong></span> <span class='ocrx_word' id='word_1_203' title='bbox 1007 2675 1072 2730; x_wconf 77' lang='lat' dir='ltr'><strong>Et</strong></span> <span class='ocrx_word' id='word_1_204' title='bbox 1117 2689 1418 2730; x_wconf 81' lang='lat' dir='ltr'><strong>conversus</strong></span> <span class='ocrx_word' id='word_1_205' title='bbox 1459 2675 1730 2742; x_wconf 72' lang='lat' dir='ltr'><strong>iacentem</strong></span> <span class='ocrx_word' id='word_1_206' title='bbox 1777 2676 1959 2742; x_wconf 68' lang='lat' dir='ltr'><strong>erigit,</strong></span> <span class='ocrx_word' id='word_1_207' title='bbox 2002 2675 2055 2729; x_wconf 88' lang='lat' dir='ltr'><strong>id</strong></span> 
     </span>
    </p>
   </div>
   <div class='ocr_carea' id='block_1_31' title="bbox 482 2767 2054 2837">
    <p class='ocr_par' dir='ltr' id='par_1_31' title="bbox 482 2767 2054 2837">
     <span class='ocr_line' id='line_1_31' title="bbox 482 2767 2054 2837; baseline -0.002 -16"><span class='ocrx_word' id='word_1_208' title='bbox 482 2769 740 2834; x_wconf 64' lang='lat' dir='ltr'><strong>intumus,</strong></span> <span class='ocrx_word' id='word_1_209' title='bbox 769 2783 893 2823; x_wconf 90' lang='lat' dir='ltr'><strong>cum</strong></span> <span class='ocrx_word' id='word_1_210' title='bbox 929 2783 999 2821; x_wconf 64' lang='lat' dir='ltr'><strong>ex</strong></span> <span class='ocrx_word' id='word_1_211' title='bbox 1036 2777 1264 2837; x_wconf 88' lang='lat' dir='ltr'><strong>peccato</strong></span> <span class='ocrx_word' id='word_1_212' title='bbox 1309 2767 1636 2829; x_wconf 80' lang='lat' dir='ltr'><strong>surrexisse,</strong></span> <span class='ocrx_word' id='word_1_213' title='bbox 1671 2767 2054 2820; x_wconf 86' lang='lat' dir='ltr'><strong>remissionem</strong></span> 
     </span>
    </p>
   </div>
   <div class='ocr_carea' id='block_1_32' title="bbox 482 2859 2054 2929">
    <p class='ocr_par' dir='ltr' id='par_1_32' title="bbox 482 2859 2054 2929">
     <span class='ocr_line' id='line_1_32' title="bbox 482 2859 2054 2929; baseline -0.003 -11"><span class='ocrx_word' id='word_1_214' title='bbox 482 2873 864 2926; x_wconf 88' lang='lat' dir='ltr'><strong>consecutum,</strong></span> <span class='ocrx_word' id='word_1_215' title='bbox 890 2871 938 2914; x_wconf 91' lang='lat' dir='ltr'><strong>et</strong></span> <span class='ocrx_word' id='word_1_216' title='bbox 964 2869 1254 2929; x_wconf 79' lang='lat' dir='ltr'><strong>exceptum</strong></span> <span class='ocrx_word' id='word_1_217' title='bbox 1283 2859 1450 2914; x_wconf 78' lang='lat' dir='ltr'><strong>fuisse</strong></span> <span class='ocrx_word' id='word_1_218' title='bbox 1470 2875 1497 2913; x_wconf 90' lang='lat' dir='ltr'><strong>a</strong></span> <span class='ocrx_word' id='word_1_219' title='bbox 1524 2859 1706 2919; x_wconf 77' lang='lat' dir='ltr'><strong>Patre.</strong></span> <span class='ocrx_word' id='word_1_220' title='bbox 1728 2875 2054 2929; x_wconf 87' lang='lat' dir='ltr'><strong>rursumque</strong></span> 
     </span>
    </p>
   </div>
   <div class='ocr_carea' id='block_1_33' title="bbox 483 2950 2054 3022">
    <p class='ocr_par' dir='ltr' id='par_1_33' title="bbox 483 2950 2054 3022">
     <span class='ocr_line' id='line_1_33' title="bbox 483 2950 2054 3022; baseline -0.002 -13"><span class='ocrx_word' id='word_1_221' title='bbox 483 2959 540 3010; x_wconf 85' lang='lat' dir='ltr'><strong>tn</strong></span> <span class='ocrx_word' id='word_1_222' title='bbox 581 2954 748 3008; x_wconf 78' lang='lat' dir='ltr'><strong>lilium</strong></span> <span class='ocrx_word' id='word_1_223' title='bbox 783 2953 1124 3022; x_wconf 76' lang='lat' dir='ltr'><strong>adoptatum,</strong></span> <span class='ocrx_word' id='word_1_224' title='bbox 1162 2950 1237 3004; x_wconf 90' lang='lat' dir='ltr'><strong>illi</strong></span> <span class='ocrx_word' id='word_1_225' title='bbox 1285 2951 1517 3021; x_wconf 86' lang='lat' dir='ltr'><strong>primam</strong></span> <span class='ocrx_word' id='word_1_226' title='bbox 1570 2951 1820 3020; x_wconf 89' lang='lat' dir='ltr'><strong>puritatis</strong></span> <span class='ocrx_word' id='word_1_227' title='bbox 1853 2953 2054 3010; x_wconf 80' lang='lat' dir='ltr'><strong>stolam</strong></span> 
     </span>
    </p>
   </div>
   <div class='ocr_carea' id='block_1_34' title="bbox 2162 465 3737 536">
    <p class='ocr_par' dir='ltr' id='par_1_34' title="bbox 2162 465 3737 536">
     <span class='ocr_line' id='line_1_34' title="bbox 2162 465 3737 536; baseline -0.001 -18"><span class='ocrx_word' id='word_1_228' title='bbox 2162 466 2390 534; x_wconf 81' lang='grc' dir='ltr'>κλησίας</span> <span class='ocrx_word' id='word_1_229' title='bbox 2417 467 2528 519; x_wconf 82' lang='grc' dir='ltr'>τῶν</span> <span class='ocrx_word' id='word_1_230' title='bbox 2559 468 2673 521; x_wconf 84' lang='grc' dir='ltr'>ἄνω</span> <span class='ocrx_word' id='word_1_231' title='bbox 2712 465 3098 536; x_wconf 74' lang='grc' dir='ltr'><strong>πρωτοτόκων,</strong></span> <span class='ocrx_word' id='word_1_232' title='bbox 3145 467 3241 520; x_wconf 70' lang='grc' dir='ltr'>καὶ</span> <span class='ocrx_word' id='word_1_233' title='bbox 3283 467 3378 518; x_wconf 77' lang='grc' dir='ltr'><strong>ἐπὶ</strong></span> <span class='ocrx_word' id='word_1_234' title='bbox 3408 466 3506 532; x_wconf 83' lang='grc' dir='ltr'>τὴν</span> <span class='ocrx_word' id='word_1_235' title='bbox 3538 467 3737 519; x_wconf 80' lang='grc' dir='ltr'>ταπεί-</span> 
     </span>
    </p>
   </div>
   <div class='ocr_carea' id='block_1_35' title="bbox 2161 559 3741 630">
    <p class='ocr_par' dir='ltr' id='par_1_35' title="bbox 2161 559 3741 630">
     <span class='ocr_line' id='line_1_35' title="bbox 2161 559 3741 630; baseline -0.001 -18"><span class='ocrx_word' id='word_1_236' title='bbox 2161 577 2326 612; x_wconf 90' lang='grc' dir='ltr'>νωσιν</span> <span class='ocrx_word' id='word_1_237' title='bbox 2376 559 2596 630; x_wconf 80' lang='grc' dir='ltr'>εὒχεται</span> <span class='ocrx_word' id='word_1_238' title='bbox 2631 561 2926 628; x_wconf 80' lang='grc' dir='ltr'>ἐπιϐλέψαι</span> <span class='ocrx_word' id='word_1_239' title='bbox 2965 559 3060 612; x_wconf 89' lang='grc' dir='ltr'><strong>τοῦ</strong></span> <span class='ocrx_word' id='word_1_240' title='bbox 3096 561 3450 629; x_wconf 80' lang='grc' dir='ltr'>τελουμένου,</span> <span class='ocrx_word' id='word_1_241' title='bbox 3476 560 3572 612; x_wconf 86' lang='grc' dir='ltr'><strong>τοῦ</strong></span> <span class='ocrx_word' id='word_1_242' title='bbox 3608 561 3741 613; x_wconf 78' lang='grc' dir='ltr'>πολ-</span> 
     </span>
    </p>
   </div>
   <div class='ocr_carea' id='block_1_36' title="bbox 2161 649 3744 720">
    <p class='ocr_par' dir='ltr' id='par_1_36' title="bbox 2161 649 3744 720">
     <span class='ocr_line' id='line_1_36' title="bbox 2161 649 3744 720; baseline -0.002 -17"><span class='ocrx_word' id='word_1_243' title='bbox 2161 651 2270 703; x_wconf 87' lang='grc' dir='ltr'>λῶν</span> <span class='ocrx_word' id='word_1_244' title='bbox 2299 650 2533 703; x_wconf 82' lang='grc' dir='ltr'>ἐνώπιον</span> <span class='ocrx_word' id='word_1_245' title='bbox 2555 651 2998 720; x_wconf 72' lang='grc' dir='ltr'>ὁμολογήσαντος</span> <span class='ocrx_word' id='word_1_246' title='bbox 3029 652 3096 702; x_wconf 61' lang='grc' dir='ltr'><strong>τε</strong></span> <span class='ocrx_word' id='word_1_247' title='bbox 3122 651 3222 717; x_wconf 83' lang='grc' dir='ltr'>τῆς</span> <span class='ocrx_word' id='word_1_248' title='bbox 3253 650 3619 719; x_wconf 75' lang='grc' dir='ltr'>ὑποσχέσεως.</span> <span class='ocrx_word' id='word_1_249' title='bbox 3644 649 3744 704; x_wconf 73' lang='grc' dir='ltr'>καὶ</span> 
     </span>
    </p>
   </div>
   <div class='ocr_carea' id='block_1_37' title="bbox 2163 741 3746 814">
    <p class='ocr_par' dir='ltr' id='par_1_37' title="bbox 2163 741 3746 814">
     <span class='ocr_line' id='line_1_37' title="bbox 2163 741 3746 814; baseline -0.001 -21"><span class='ocrx_word' id='word_1_250' title='bbox 2163 741 2399 810; x_wconf 66' lang='grc' dir='ltr'>συνάψαι</span> <span class='ocrx_word' id='word_1_251' title='bbox 2429 741 2507 812; x_wconf 83' lang='grc' dir='ltr'>τῷ</span> <span class='ocrx_word' id='word_1_252' title='bbox 2526 743 2834 814; x_wconf 77' lang='grc' dir='ltr'><strong>χαρίσματι</strong></span> <span class='ocrx_word' id='word_1_253' title='bbox 2863 743 2960 812; x_wconf 83' lang='grc' dir='ltr'>τῆς</span> <span class='ocrx_word' id='word_1_254' title='bbox 2992 742 3273 806; x_wconf 75' lang='grc' dir='ltr'><strong>υἱοθεσίας</strong></span> <span class='ocrx_word' id='word_1_255' title='bbox 3301 741 3380 812; x_wconf 83' lang='grc' dir='ltr'>τῷ</span> <span class='ocrx_word' id='word_1_256' title='bbox 3409 743 3467 795; x_wconf 90' lang='grc' dir='ltr'><strong>ἐν</strong></span> <span class='ocrx_word' id='word_1_257' title='bbox 3489 741 3565 812; x_wconf 82' lang='grc' dir='ltr'>τῷ</span> <span class='ocrx_word' id='word_1_258' title='bbox 3601 742 3746 808; x_wconf 80' lang='grc' dir='ltr'>ἁγίῳ</span> 
     </span>
    </p>
   </div>
   <div class='ocr_carea' id='block_1_38' title="bbox 2163 833 3742 906">
    <p class='ocr_par' dir='ltr' id='par_1_38' title="bbox 2163 833 3742 906">
     <span class='ocr_line' id='line_1_38' title="bbox 2163 833 3742 906; baseline 0 -19"><span class='ocrx_word' id='word_1_259' title='bbox 2163 833 2506 906; x_wconf 84' lang='grc' dir='ltr'><strong>βαπτίσματι</strong></span> <span class='ocrx_word' id='word_1_260' title='bbox 2537 833 2626 888; x_wconf 79' lang='grc' dir='ltr'><strong>διὰ</strong></span> <span class='ocrx_word' id='word_1_261' title='bbox 2659 833 2752 887; x_wconf 86' lang='grc' dir='ltr'><strong>τοῦ</strong></span> <span class='ocrx_word' id='word_1_262' title='bbox 2780 833 3160 902; x_wconf 76' lang='grc' dir='ltr'>ἁγγελοειδοῦς</span> <span class='ocrx_word' id='word_1_263' title='bbox 3201 835 3395 888; x_wconf 88' lang='grc' dir='ltr'>τούτου</span> <span class='ocrx_word' id='word_1_264' title='bbox 3439 836 3742 905; x_wconf 81' lang='grc' dir='ltr'>σχήματος,</span> 
     </span>
    </p>
   </div>
   <div class='ocr_carea' id='block_1_39' title="bbox 2161 925 3745 996">
    <p class='ocr_par' dir='ltr' id='par_1_39' title="bbox 2161 925 3745 996">
     <span class='ocr_line' id='line_1_39' title="bbox 2161 925 3745 996; baseline 0 -19"><span class='ocrx_word' id='word_1_265' title='bbox 2161 930 2256 981; x_wconf 69' lang='grc' dir='ltr'>καὶ</span> <span class='ocrx_word' id='word_1_266' title='bbox 2283 926 2590 996; x_wconf 75' lang='grc' dir='ltr'><strong>τηρηθῆναι</strong></span> <span class='ocrx_word' id='word_1_267' title='bbox 2613 927 2672 978; x_wconf 88' lang='grc' dir='ltr'><strong>ἐν</strong></span> <span class='ocrx_word' id='word_1_268' title='bbox 2703 926 2874 995; x_wconf 82' lang='grc' dir='ltr'>αὐτῷ,</span> <span class='ocrx_word' id='word_1_269' title='bbox 2899 927 2990 978; x_wconf 78' lang='grc' dir='ltr'>καὶ</span> <span class='ocrx_word' id='word_1_270' title='bbox 3016 925 3462 994; x_wconf 82' lang='grc' dir='ltr'>ἐνδυναμωθῆναι</span> <span class='ocrx_word' id='word_1_271' title='bbox 3486 925 3622 995; x_wconf 82' lang='grc' dir='ltr'>πρὸς</span> <span class='ocrx_word' id='word_1_272' title='bbox 3647 925 3745 978; x_wconf 81' lang='grc' dir='ltr'><strong>τὸν</strong></span> 
     </span>
    </p>
   </div>
   <div class='ocr_carea' id='block_1_40' title="bbox 2157 1017 3744 1089">
    <p class='ocr_par' dir='ltr' id='par_1_40' title="bbox 2157 1017 3744 1089">
     <span class='ocr_line' id='line_1_40' title="bbox 2157 1017 3744 1089; baseline -0.003 -17"><span class='ocrx_word' id='word_1_273' title='bbox 2157 1019 2254 1072; x_wconf 89' lang='grc' dir='ltr'><strong>τοῦ</strong></span> <span class='ocrx_word' id='word_1_274' title='bbox 2281 1019 2519 1088; x_wconf 82' lang='grc' dir='ltr'>ἀοράτου</span> <span class='ocrx_word' id='word_1_275' title='bbox 2550 1017 2750 1089; x_wconf 87' lang='grc' dir='ltr'>ἐχθροῦ</span> <span class='ocrx_word' id='word_1_276' title='bbox 2804 1019 3064 1086; x_wconf 81' lang='grc' dir='ltr'>πόλεμον,</span> <span class='ocrx_word' id='word_1_277' title='bbox 3116 1018 3480 1072; x_wconf 78' lang='grc' dir='ltr'>καταϐάλλειν</span> <span class='ocrx_word' id='word_1_278' title='bbox 3536 1035 3596 1071; x_wconf 84' lang='grc' dir='ltr'><strong>τε</strong></span> <span class='ocrx_word' id='word_1_279' title='bbox 3636 1019 3744 1080; x_wconf 80' lang='grc' dir='ltr'><strong>τάς</strong></span> 
     </span>
    </p>
   </div>
   <div class='ocr_carea' id='block_1_41' title="bbox 2158 1108 3746 1182">
    <p class='ocr_par' dir='ltr' id='par_1_41' title="bbox 2158 1108 3746 1182">
     <span class='ocr_line' id='line_1_41' title="bbox 2158 1108 3746 1182; baseline -0.003 -18"><span class='ocrx_word' id='word_1_280' title='bbox 2158 1113 2257 1182; x_wconf 82' lang='grc' dir='ltr'><strong>τῆς</strong></span> <span class='ocrx_word' id='word_1_281' title='bbox 2284 1113 2489 1182; x_wconf 75' lang='grc' dir='ltr'>σαρκὸς</span> <span class='ocrx_word' id='word_1_282' title='bbox 2516 1111 2914 1173; x_wconf 77' lang='grc' dir='ltr'>ἐπαναστάσεις</span> <span class='ocrx_word' id='word_1_283' title='bbox 2937 1113 3002 1180; x_wconf 80' lang='grc' dir='ltr'>τῇ</span> <span class='ocrx_word' id='word_1_284' title='bbox 3024 1111 3256 1178; x_wconf 86' lang='grc' dir='ltr'>δυνάμει</span> <span class='ocrx_word' id='word_1_285' title='bbox 3281 1108 3374 1164; x_wconf 81' lang='grc' dir='ltr'><strong>τοῦ</strong></span> <span class='ocrx_word' id='word_1_286' title='bbox 3399 1109 3539 1162; x_wconf 87' lang='grc' dir='ltr'>Πνεύ</span> <span class='ocrx_word' id='word_1_287' title='bbox 3549 1125 3746 1176; x_wconf 84' lang='grc' dir='ltr'>ματος.</span> 
     </span>
    </p>
   </div>
   <div class='ocr_carea' id='block_1_42' title="bbox 2159 1201 3748 1272">
    <p class='ocr_par' dir='ltr' id='par_1_42' title="bbox 2159 1201 3748 1272">
     <span class='ocr_line' id='line_1_42' title="bbox 2159 1201 3748 1272; baseline -0.004 -14"><span class='ocrx_word' id='word_1_288' title='bbox 2159 1207 2257 1258; x_wconf 71' lang='grc' dir='ltr'>καὶ</span> <span class='ocrx_word' id='word_1_289' title='bbox 2280 1204 2372 1259; x_wconf 77' lang='grc' dir='ltr'><strong>τὸν</strong></span> <span class='ocrx_word' id='word_1_290' title='bbox 2399 1204 2632 1258; x_wconf 71' lang='grc' dir='ltr'>παλαιὸν</span> <span class='ocrx_word' id='word_1_291' title='bbox 2656 1203 3124 1272; x_wconf 83' lang='grc' dir='ltr'>ἀποϐαλλόμενον,</span> <span class='ocrx_word' id='word_1_292' title='bbox 3153 1203 3243 1256; x_wconf 70' lang='grc' dir='ltr'>τὸν</span> <span class='ocrx_word' id='word_1_293' title='bbox 3271 1201 3390 1256; x_wconf 82' lang='grc' dir='ltr'>νέον</span> <span class='ocrx_word' id='word_1_294' title='bbox 3417 1201 3748 1254; x_wconf 74' lang='grc' dir='ltr'>ἐνδύσασθαι</span> 
     </span>
    </p>
   </div>
   <div class='ocr_carea' id='block_1_43' title="bbox 2160 1295 3742 1366">
    <p class='ocr_par' dir='ltr' id='par_1_43' title="bbox 2160 1295 3742 1366">
     <span class='ocr_line' id='line_1_43' title="bbox 2160 1295 3742 1366; baseline -0.004 -14"><span class='ocrx_word' id='word_1_295' title='bbox 2160 1298 2472 1366; x_wconf 82' lang='grc' dir='ltr'>ἄνθρωπον,</span> <span class='ocrx_word' id='word_1_296' title='bbox 2499 1299 2593 1350; x_wconf 74' lang='grc' dir='ltr'><strong>καὶ</strong></span> <span class='ocrx_word' id='word_1_297' title='bbox 2623 1299 2679 1348; x_wconf 89' lang='grc' dir='ltr'><strong>ἐν</strong></span> <span class='ocrx_word' id='word_1_298' title='bbox 2714 1299 2880 1350; x_wconf 82' lang='grc' dir='ltr'>πᾶσιν</span> <span class='ocrx_word' id='word_1_299' title='bbox 2897 1296 3181 1366; x_wconf 79' lang='grc' dir='ltr'>ὀχυρώσας</span> <span class='ocrx_word' id='word_1_300' title='bbox 3209 1297 3306 1348; x_wconf 70' lang='grc' dir='ltr'>καὶ</span> <span class='ocrx_word' id='word_1_301' title='bbox 3352 1295 3638 1363; x_wconf 78' lang='grc' dir='ltr'>ἐνισχύσας</span> <span class='ocrx_word' id='word_1_302' title='bbox 3674 1297 3742 1362; x_wconf 82' lang='grc' dir='ltr'>τῇ</span> 
     </span>
    </p>
   </div>
   <div class='ocr_carea' id='block_1_44' title="bbox 2160 1386 3746 1460">
    <p class='ocr_par' dir='ltr' id='par_1_44' title="bbox 2160 1386 3746 1460">
     <span class='ocr_line' id='line_1_44' title="bbox 2160 1386 3746 1460; baseline -0.004 -16"><span class='ocrx_word' id='word_1_303' title='bbox 2160 1392 2316 1460; x_wconf 80' lang='grc' dir='ltr'>εὐχῇ,</span> <span class='ocrx_word' id='word_1_304' title='bbox 2348 1389 2486 1443; x_wconf 82' lang='grc' dir='ltr'>ὥστε</span> <span class='ocrx_word' id='word_1_305' title='bbox 2512 1389 2611 1459; x_wconf 78' lang='grc' dir='ltr'><strong>ζῇν</strong></span> <span class='ocrx_word' id='word_1_306' title='bbox 2641 1392 2698 1442; x_wconf 91' lang='grc' dir='ltr'><strong>ἐν</strong></span> <span class='ocrx_word' id='word_1_307' title='bbox 2726 1390 2969 1457; x_wconf 82' lang='grc' dir='ltr'>ὁσιότητι</span> <span class='ocrx_word' id='word_1_308' title='bbox 3021 1389 3117 1442; x_wconf 77' lang='grc' dir='ltr'>καὶ</span> <span class='ocrx_word' id='word_1_309' title='bbox 3146 1387 3492 1456; x_wconf 81' lang='grc' dir='ltr'>δικαιοσύνῃ,</span> <span class='ocrx_word' id='word_1_310' title='bbox 3529 1387 3623 1438; x_wconf 70' lang='grc' dir='ltr'><strong>καὶ</strong></span> <span class='ocrx_word' id='word_1_311' title='bbox 3649 1386 3746 1456; x_wconf 75' lang='lat' dir='ltr'><strong>6p-</strong></span> 
     </span>
    </p>
   </div>
   <div class='ocr_carea' id='block_1_45' title="bbox 2159 1475 3744 1550">
    <p class='ocr_par' dir='ltr' id='par_1_45' title="bbox 2159 1475 3744 1550">
     <span class='ocr_line' id='line_1_45' title="bbox 2159 1475 3744 1550; baseline -0.006 -13"><span class='ocrx_word' id='word_1_312' title='bbox 2159 1499 2322 1550; x_wconf 81' lang='grc' dir='ltr'>γανον</span> <span class='ocrx_word' id='word_1_313' title='bbox 2347 1483 2600 1549; x_wconf 86' lang='grc' dir='ltr'>γενέσθαι</span> <span class='ocrx_word' id='word_1_314' title='bbox 2629 1481 2787 1545; x_wconf 83' lang='grc' dir='ltr'>Θεοῦ,</span> <span class='ocrx_word' id='word_1_315' title='bbox 2823 1480 2916 1533; x_wconf 74' lang='grc' dir='ltr'><strong>καὶ</strong></span> <span class='ocrx_word' id='word_1_316' title='bbox 2951 1479 3372 1547; x_wconf 80' lang='grc' dir='ltr'>κατοικητήριον</span> <span class='ocrx_word' id='word_1_317' title='bbox 3397 1475 3744 1544; x_wconf 73' lang='grc' dir='ltr'>ΙΙνεύματοε,</span> 
     </span>
    </p>
   </div>
   <div class='ocr_carea' id='block_1_46' title="bbox 2159 1568 3748 1644">
    <p class='ocr_par' dir='ltr' id='par_1_46' title="bbox 2159 1568 3748 1644">
     <span class='ocr_line' id='line_1_46' title="bbox 2159 1568 3748 1644; baseline -0.007 -14"><span class='ocrx_word' id='word_1_318' title='bbox 2159 1575 2658 1644; x_wconf 79' lang='grc' dir='ltr'>ἁξιωθῆναιτοῦτον</span> <span class='ocrx_word' id='word_1_319' title='bbox 2687 1577 2917 1626; x_wconf 81' lang='grc' dir='ltr'>αἰτεῖται</span> <span class='ocrx_word' id='word_1_320' title='bbox 2945 1574 3039 1625; x_wconf 68' lang='grc' dir='ltr'><strong>σὺν</strong></span> <span class='ocrx_word' id='word_1_321' title='bbox 3071 1573 3206 1625; x_wconf 81' lang='grc' dir='ltr'>πᾶσι</span> <span class='ocrx_word' id='word_1_322' title='bbox 3222 1573 3331 1634; x_wconf 87' lang='grc' dir='ltr'>τοῖς</span> <span class='ocrx_word' id='word_1_323' title='bbox 3354 1571 3626 1630; x_wconf 78' lang='grc' dir='ltr'>ἐκλεκτοῖς</span> <span class='ocrx_word' id='word_1_324' title='bbox 3642 1568 3748 1634; x_wconf 75' lang='grc' dir='ltr'>τῆς</span> 
     </span>
    </p>
   </div>
   <div class='ocr_carea' id='block_1_47' title="bbox 2161 1659 3748 1736">
    <p class='ocr_par' dir='ltr' id='par_1_47' title="bbox 2161 1659 3748 1736">
     <span class='ocr_line' id='line_1_47' title="bbox 2161 1659 3748 1736; baseline -0.006 -16"><span class='ocrx_word' id='word_1_325' title='bbox 2161 1669 2432 1736; x_wconf 70' lang='grc' dir='ltr'>βασιλείας</span> <span class='ocrx_word' id='word_1_326' title='bbox 2464 1667 2570 1720; x_wconf 82' lang='grc' dir='ltr'><strong>τῶν</strong></span> <span class='ocrx_word' id='word_1_327' title='bbox 2605 1665 2871 1736; x_wconf 68' lang='grc' dir='ltr'>οὐρανῶν.</span> <span class='ocrx_word' id='word_1_328' title='bbox 2899 1664 3006 1718; x_wconf 80' lang='lat' dir='ltr'><strong>Kal</strong></span> <span class='ocrx_word' id='word_1_329' title='bbox 3022 1663 3346 1732; x_wconf 83' lang='grc' dir='ltr'>ἐκφωνήσας</span> <span class='ocrx_word' id='word_1_330' title='bbox 3363 1661 3630 1729; x_wconf 78' lang='grc' dir='ltr'>δοξολογεῖ</span> <span class='ocrx_word' id='word_1_331' title='bbox 3647 1659 3748 1728; x_wconf 77' lang='grc' dir='ltr'>τὴν</span> 
     </span>
    </p>
   </div>
   <div class='ocr_carea' id='block_1_48' title="bbox 2170 1752 3747 1831">
    <p class='ocr_par' dir='ltr' id='par_1_48' title="bbox 2170 1752 3747 1831">
     <span class='ocr_line' id='line_1_48' title="bbox 2170 1752 3747 1831; baseline -0.007 -17"><span class='ocrx_word' id='word_1_332' title='bbox 2170 1762 2398 1831; x_wconf 81' lang='grc' dir='ltr'>Τριάδα,</span> <span class='ocrx_word' id='word_1_333' title='bbox 2432 1759 2564 1830; x_wconf 83' lang='grc' dir='ltr'>παρ’</span> <span class='ocrx_word' id='word_1_334' title='bbox 2607 1753 2673 1830; x_wconf 77' lang='grc' dir='ltr'>ἦς</span> <span class='ocrx_word' id='word_1_335' title='bbox 2700 1759 2846 1812; x_wconf 79' lang='grc' dir='ltr'>ἅπαν</span> <span class='ocrx_word' id='word_1_336' title='bbox 2871 1759 3005 1828; x_wconf 76' lang='grc' dir='ltr'>ἡμῖν</span> <span class='ocrx_word' id='word_1_337' title='bbox 3033 1757 3350 1826; x_wconf 80' lang='grc' dir='ltr'>χορηγεῖται</span> <span class='ocrx_word' id='word_1_338' title='bbox 3398 1752 3628 1822; x_wconf 82' lang='grc' dir='ltr'>δώρημα</span> <span class='ocrx_word' id='word_1_339' title='bbox 3657 1754 3747 1804; x_wconf 85' lang='grc' dir='ltr'>τέ-</span> 
     </span>
    </p>
   </div>
   <div class='ocr_carea' id='block_1_49' title="bbox 2172 1843 3748 1920">
    <p class='ocr_par' dir='ltr' id='par_1_49' title="bbox 2172 1843 3748 1920">
     <span class='ocr_line' id='line_1_49' title="bbox 2172 1843 3748 1920; baseline -0.006 -15"><span class='ocrx_word' id='word_1_340' title='bbox 2172 1853 2334 1906; x_wconf 89' lang='grc' dir='ltr'>λειον.</span> <span class='ocrx_word' id='word_1_341' title='bbox 2367 1854 2474 1906; x_wconf 89' lang='lat' dir='ltr'><strong>Kal</strong></span> <span class='ocrx_word' id='word_1_342' title='bbox 2501 1853 2598 1920; x_wconf 80' lang='grc' dir='ltr'><strong>τὴν</strong></span> <span class='ocrx_word' id='word_1_343' title='bbox 2629 1851 2854 1920; x_wconf 79' lang='grc' dir='ltr'>εἰρήνην</span> <span class='ocrx_word' id='word_1_344' title='bbox 2903 1849 3318 1916; x_wconf 77' lang='grc' dir='ltr'>ἐκφωνήσαντος</span> <span class='ocrx_word' id='word_1_345' title='bbox 3348 1847 3503 1909; x_wconf 79' lang='grc' dir='ltr'>πᾶσι,</span> <span class='ocrx_word' id='word_1_346' title='bbox 3538 1850 3633 1898; x_wconf 75' lang='grc' dir='ltr'>καὶ</span> <span class='ocrx_word' id='word_1_347' title='bbox 3685 1843 3748 1895; x_wconf 74' lang='grc' dir='ltr'>τὸ</span> 
     </span>
    </p>
   </div>
   <div class='ocr_carea' id='block_1_50' title="bbox 2169 1934 3748 2010">
    <p class='ocr_par' dir='ltr' id='par_1_50' title="bbox 2169 1934 3748 2010">
     <span class='ocr_line' id='line_1_50' title="bbox 2169 1934 3748 2010; baseline -0.008 -13"><span class='ocrx_word' id='word_1_348' title='bbox 2169 1945 2345 1997; x_wconf 87' lang='grc' dir='ltr'>κλῖναι</span> <span class='ocrx_word' id='word_1_349' title='bbox 2398 1946 2496 2005; x_wconf 62' lang='grc' dir='ltr'>τὰς</span> <span class='ocrx_word' id='word_1_350' title='bbox 2552 1944 2810 2010; x_wconf 80' lang='grc' dir='ltr'>κεφαλὰς,</span> <span class='ocrx_word' id='word_1_351' title='bbox 2845 1941 3044 2002; x_wconf 66' lang='grc' dir='ltr'><strong>⁸πάντες</strong></span> <span class='ocrx_word' id='word_1_352' title='bbox 3073 1939 3337 2002; x_wconf 79' lang='grc' dir='ltr'>κλίνουσι.</span> <span class='ocrx_word' id='word_1_353' title='bbox 3377 1936 3477 2008; x_wconf 77' lang='grc' dir='ltr'>τὴν</span> <span class='ocrx_word' id='word_1_354' title='bbox 3497 1934 3748 1988; x_wconf 88' lang='grc' dir='ltr'>δουλείαν</span> 
     </span>
    </p>
   </div>
   <div class='ocr_carea' id='block_1_51' title="bbox 2173 2027 3790 2104">
    <p class='ocr_par' dir='ltr' id='par_1_51' title="bbox 2173 2027 3790 2104">
     <span class='ocr_line' id='line_1_51' title="bbox 2173 2027 3790 2104; baseline -0.007 -15"><span class='ocrx_word' id='word_1_355' title='bbox 2173 2035 2582 2098; x_wconf 76' lang='grc' dir='ltr'>ύποδεικνύντες</span> <span class='ocrx_word' id='word_1_356' title='bbox 2617 2036 2714 2090; x_wconf 66' lang='grc' dir='ltr'><strong>σῦν</strong></span> <span class='ocrx_word' id='word_1_357' title='bbox 2735 2035 2812 2104; x_wconf 77' lang='grc' dir='ltr'>τῷ</span> <span class='ocrx_word' id='word_1_358' title='bbox 2847 2033 3156 2102; x_wconf 84' lang='grc' dir='ltr'>τελουμένῳ</span> <span class='ocrx_word' id='word_1_359' title='bbox 3188 2029 3403 2101; x_wconf 87' lang='grc' dir='ltr'>μοναχῷ</span> <span class='ocrx_word' id='word_1_360' title='bbox 3428 2045 3440 2057; x_wconf 91' lang='grc'><strong>·</strong></span> <span class='ocrx_word' id='word_1_361' title='bbox 3462 2028 3520 2091; x_wconf 83' lang='grc' dir='ltr'>ὃς</span> <span class='ocrx_word' id='word_1_362' title='bbox 3549 2027 3612 2094; x_wconf 81' lang='grc' dir='ltr'>δὴ</span> <span class='ocrx_word' id='word_1_363' title='bbox 3648 2027 3749 2080; x_wconf 65' lang='grc' dir='ltr'><strong>καὶ</strong></span> <span class='ocrx_word' id='word_1_364' title='bbox 3775 2096 3790 2103; x_wconf 30' lang='grc' dir='ltr'>ν</span> 
     </span>
    </p>
   </div>
   <div class='ocr_carea' id='block_1_52' title="bbox 2173 2117 3748 2200">
    <p class='ocr_par' dir='ltr' id='par_1_52' title="bbox 2173 2117 3748 2200">
     <span class='ocr_line' id='line_1_52' title="bbox 2173 2117 3748 2200; baseline -0.01 -16"><span class='ocrx_word' id='word_1_365' title='bbox 2173 2132 2235 2184; x_wconf 85' lang='grc' dir='ltr'><strong>ού</strong></span> <span class='ocrx_word' id='word_1_366' title='bbox 2268 2131 2366 2200; x_wconf 82' lang='grc' dir='ltr'>τὴν</span> <span class='ocrx_word' id='word_1_367' title='bbox 2394 2131 2552 2200; x_wconf 79' lang='grc' dir='ltr'>χεῖρα</span> <span class='ocrx_word' id='word_1_368' title='bbox 2585 2128 2678 2183; x_wconf 75' lang='grc' dir='ltr'><strong>τοῦ</strong></span> <span class='ocrx_word' id='word_1_369' title='bbox 2711 2127 2966 2196; x_wconf 84' lang='grc' dir='ltr'>ίεράρχου</span> <span class='ocrx_word' id='word_1_370' title='bbox 2989 2125 3101 2194; x_wconf 72' lang='grc' dir='ltr'>ἔχει</span> <span class='ocrx_word' id='word_1_371' title='bbox 3129 2121 3498 2192; x_wconf 81' lang='grc' dir='ltr'>ἐπικειμένην,</span> <span class='ocrx_word' id='word_1_372' title='bbox 3531 2117 3591 2171; x_wconf 86' lang='grc' dir='ltr'><strong>ού</strong></span> <span class='ocrx_word' id='word_1_373' title='bbox 3636 2118 3748 2187; x_wconf 72' lang='grc' dir='ltr'>γὰρ</span> 
     </span>
    </p>
   </div>
   <div class='ocr_carea' id='block_1_53' title="bbox 2170 2211 3749 2294">
    <p class='ocr_par' dir='ltr' id='par_1_53' title="bbox 2170 2211 3749 2294">
     <span class='ocr_line' id='line_1_53' title="bbox 2170 2211 3749 2294; baseline -0.008 -19"><span class='ocrx_word' id='word_1_374' title='bbox 2170 2222 2502 2294; x_wconf 81' lang='grc' dir='ltr'>χειροτονίαν</span> <span class='ocrx_word' id='word_1_375' title='bbox 2523 2223 2760 2291; x_wconf 86' lang='grc' dir='ltr'>δέχεται,</span> <span class='ocrx_word' id='word_1_376' title='bbox 2790 2221 2926 2274; x_wconf 74' lang='grc' dir='ltr'>ἀλλὰ</span> <span class='ocrx_word' id='word_1_377' title='bbox 2953 2219 3013 2273; x_wconf 73' lang='grc' dir='ltr'><strong>τ’)</strong></span> <span class='ocrx_word' id='word_1_378' title='bbox 3059 2216 3264 2289; x_wconf 87' lang='grc' dir='ltr'>βιϐλίον</span> <span class='ocrx_word' id='word_1_379' title='bbox 3307 2214 3415 2268; x_wconf 86' lang='grc' dir='ltr'>τῶν</span> <span class='ocrx_word' id='word_1_380' title='bbox 3446 2215 3618 2284; x_wconf 81' lang='grc' dir='ltr'>εὐχῶν</span> <span class='ocrx_word' id='word_1_381' title='bbox 3651 2211 3749 2280; x_wconf 83' lang='grc' dir='ltr'><strong>μό-</strong></span> 
     </span>
    </p>
   </div>
   <div class='ocr_carea' id='block_1_54' title="bbox 2171 2302 3749 2380">
    <p class='ocr_par' dir='ltr' id='par_1_54' title="bbox 2171 2302 3749 2380">
     <span class='ocr_line' id='line_1_54' title="bbox 2171 2302 3749 2380; baseline -0.008 -14"><span class='ocrx_word' id='word_1_382' title='bbox 2171 2330 2263 2366; x_wconf 87' lang='grc' dir='ltr'><strong>νον</strong></span> <span class='ocrx_word' id='word_1_383' title='bbox 2292 2311 2384 2364; x_wconf 74' lang='grc' dir='ltr'>ἐπὶ</span> <span class='ocrx_word' id='word_1_384' title='bbox 2412 2312 2672 2380; x_wconf 79' lang='grc' dir='ltr'>κεφαλῆς,</span> <span class='ocrx_word' id='word_1_385' title='bbox 2700 2310 2796 2373; x_wconf 74' lang='grc' dir='ltr'><strong>τὰς</strong></span> <span class='ocrx_word' id='word_1_386' title='bbox 2823 2309 2975 2378; x_wconf 85' lang='grc' dir='ltr'>ίερὰς</span> <span class='ocrx_word' id='word_1_387' title='bbox 3005 2308 3166 2379; x_wconf 70' lang='grc' dir='ltr'>εὐχάς</span> <span class='ocrx_word' id='word_1_388' title='bbox 3187 2305 3494 2376; x_wconf 81' lang='grc' dir='ltr'>δεχόμενος.</span> <span class='ocrx_word' id='word_1_389' title='bbox 3516 2302 3749 2367; x_wconf 80' lang='grc' dir='ltr'>Ἐπάγει</span> 
     </span>
    </p>
   </div>
   <div class='ocr_carea' id='block_1_55' title="bbox 2171 2396 3749 2474">
    <p class='ocr_par' dir='ltr' id='par_1_55' title="bbox 2171 2396 3749 2474">
     <span class='ocr_line' id='line_1_55' title="bbox 2171 2396 3749 2474; baseline -0.008 -15"><span class='ocrx_word' id='word_1_390' title='bbox 2171 2404 2264 2460; x_wconf 81' lang='grc' dir='ltr'><strong>οῦν</strong></span> <span class='ocrx_word' id='word_1_391' title='bbox 2295 2406 2323 2458; x_wconf 98' lang='lat'><strong>6</strong></span> <span class='ocrx_word' id='word_1_392' title='bbox 2354 2404 2532 2474; x_wconf 78' lang='grc' dir='ltr'>ἱερεὺς</span> <span class='ocrx_word' id='word_1_393' title='bbox 2557 2404 2649 2456; x_wconf 73' lang='grc' dir='ltr'><strong>καὶ</strong></span> <span class='ocrx_word' id='word_1_394' title='bbox 2679 2403 2774 2473; x_wconf 83' lang='grc' dir='ltr'><strong>τὴν</strong></span> <span class='ocrx_word' id='word_1_395' title='bbox 2799 2402 2993 2472; x_wconf 76' lang='grc' dir='ltr'>ἑτέραν</span> <span class='ocrx_word' id='word_1_396' title='bbox 3021 2398 3410 2470; x_wconf 80' lang='grc' dir='ltr'>εὐχὴν,ι”Αγιε</span> <span class='ocrx_word' id='word_1_397' title='bbox 3440 2397 3614 2465; x_wconf 82' lang='grc' dir='ltr'>Κύριε</span> <span class='ocrx_word' id='word_1_398' title='bbox 3639 2396 3749 2449; x_wconf 85' lang='grc' dir='ltr'><strong>τῶν</strong></span> 
     </span>
    </p>
   </div>
   <div class='ocr_carea' id='block_1_56' title="bbox 2179 2485 3747 2566">
    <p class='ocr_par' dir='ltr' id='par_1_56' title="bbox 2179 2485 3747 2566">
     <span class='ocr_line' id='line_1_56' title="bbox 2179 2485 3747 2566; baseline -0.007 -16"><span class='ocrx_word' id='word_1_399' title='bbox 2179 2497 2486 2566; x_wconf 81' lang='grc' dir='ltr'>δυνάμεων,</span> <span class='ocrx_word' id='word_1_400' title='bbox 2514 2499 2539 2548; x_wconf 87' lang='lat'><strong>6</strong></span> <span class='ocrx_word' id='word_1_401' title='bbox 2562 2497 2747 2565; x_wconf 75' lang='grc' dir='ltr'>Πατὴρ</span> <span class='ocrx_word' id='word_1_402' title='bbox 2766 2493 2861 2548; x_wconf 87' lang='grc' dir='ltr'><strong>τοῦ</strong></span> <span class='ocrx_word' id='word_1_403' title='bbox 2889 2493 3094 2563; x_wconf 83' lang='grc' dir='ltr'>Κυρίου</span> <span class='ocrx_word' id='word_1_404' title='bbox 3115 2491 3272 2561; x_wconf 68' lang='grc' dir='ltr'>ἡμῶν</span> <span class='ocrx_word' id='word_1_405' title='bbox 3285 2489 3464 2558; x_wconf 83' lang='grc' dir='ltr'>Ἰησοῦ</span> <span class='ocrx_word' id='word_1_406' title='bbox 3485 2485 3747 2558; x_wconf 88' lang='grc' dir='ltr'>Χριστοῦ,</span> 
     </span>
    </p>
   </div>
   <div class='ocr_carea' id='block_1_57' title="bbox 2173 2580 3750 2655">
    <p class='ocr_par' dir='ltr' id='par_1_57' title="bbox 2173 2580 3750 2655">
     <span class='ocr_line' id='line_1_57' title="bbox 2173 2580 3750 2655; baseline -0.007 -14"><span class='ocrx_word' id='word_1_407' title='bbox 2173 2587 2466 2655; x_wconf 74' lang='grc' dir='ltr'>πρόσδεξαι</span> <span class='ocrx_word' id='word_1_408' title='bbox 2495 2587 2587 2640; x_wconf 73' lang='grc' dir='ltr'>τὸν</span> <span class='ocrx_word' id='word_1_409' title='bbox 2633 2586 2818 2640; x_wconf 71' lang='grc' dir='ltr'>δοῦλόν</span> <span class='ocrx_word' id='word_1_410' title='bbox 2858 2603 2951 2639; x_wconf 92' lang='grc' dir='ltr'><strong>σου</strong></span> <span class='ocrx_word' id='word_1_411' title='bbox 2981 2587 3008 2638; x_wconf 89' lang='lat'><strong>6</strong></span> <span class='ocrx_word' id='word_1_412' title='bbox 3035 2585 3201 2638; x_wconf 85' lang='grc' dir='ltr'>δεῖνα.</span> <span class='ocrx_word' id='word_1_413' title='bbox 3245 2601 3264 2635; x_wconf 75' lang='grc' dir='ltr'><strong>ι</strong></span> <span class='ocrx_word' id='word_1_414' title='bbox 3300 2583 3409 2636; x_wconf 76' lang='lat' dir='ltr'><strong>Kal</strong></span> <span class='ocrx_word' id='word_1_415' title='bbox 3457 2580 3750 2649; x_wconf 79' lang='grc' dir='ltr'>σφραγίζει</span> 
     </span>
    </p>
   </div>
   <div class='ocr_carea' id='block_1_58' title="bbox 2168 2673 3749 2748">
    <p class='ocr_par' dir='ltr' id='par_1_58' title="bbox 2168 2673 3749 2748">
     <span class='ocr_line' id='line_1_58' title="bbox 2168 2673 3749 2748; baseline -0.006 -17"><span class='ocrx_word' id='word_1_416' title='bbox 2168 2681 2357 2734; x_wconf 84' lang='grc' dir='ltr'>τοῦτον</span> <span class='ocrx_word' id='word_1_417' title='bbox 2387 2681 2505 2748; x_wconf 63' lang='grc' dir='ltr'>τρῖς</span> <span class='ocrx_word' id='word_1_418' title='bbox 2547 2681 2623 2742; x_wconf 81' lang='grc' dir='ltr'>εἰς</span> <span class='ocrx_word' id='word_1_419' title='bbox 2655 2680 2935 2732; x_wconf 84' lang='grc' dir='ltr'>τελείωσιν</span> <span class='ocrx_word' id='word_1_420' title='bbox 2976 2677 3090 2746; x_wconf 76' lang='grc' dir='ltr'>ἅμα</span> <span class='ocrx_word' id='word_1_421' title='bbox 3110 2675 3206 2729; x_wconf 88' lang='grc' dir='ltr'><strong>τοῦ</strong></span> <span class='ocrx_word' id='word_1_422' title='bbox 3229 2673 3552 2742; x_wconf 82' lang='grc' dir='ltr'>τελουμένου</span> <span class='ocrx_word' id='word_1_423' title='bbox 3583 2689 3749 2740; x_wconf 73' lang='grc' dir='ltr'>μονα-</span> 
     </span>
    </p>
   </div>
   <div class='ocr_carea' id='block_1_59' title="bbox 2169 2765 3747 2844">
    <p class='ocr_par' dir='ltr' id='par_1_59' title="bbox 2169 2765 3747 2844">
     <span class='ocr_line' id='line_1_59' title="bbox 2169 2765 3747 2844; baseline -0.007 -19"><span class='ocrx_word' id='word_1_424' title='bbox 2169 2773 2290 2844; x_wconf 89' lang='grc' dir='ltr'>χοῦ,</span> <span class='ocrx_word' id='word_1_425' title='bbox 2321 2772 2589 2836; x_wconf 74' lang='grc' dir='ltr'>καὶδόξαν</span> <span class='ocrx_word' id='word_1_426' title='bbox 2625 2771 2722 2839; x_wconf 80' lang='grc' dir='ltr'>τῆς</span> <span class='ocrx_word' id='word_1_427' title='bbox 2752 2769 3000 2838; x_wconf 82' lang='grc' dir='ltr'>Τριάδος,</span> <span class='ocrx_word' id='word_1_428' title='bbox 3052 2768 3297 2838; x_wconf 80' lang='grc' dir='ltr'>ἀφιερῶν</span> <span class='ocrx_word' id='word_1_429' title='bbox 3339 2765 3527 2818; x_wconf 79' lang='grc' dir='ltr'>τοῦτον</span> <span class='ocrx_word' id='word_1_430' title='bbox 3582 2765 3747 2832; x_wconf 71' lang='grc' dir='ltr'>αὕτῇ,</span> 
     </span>
    </p>
   </div>
   <div class='ocr_carea' id='block_1_60' title="bbox 2173 2856 3748 2932">
    <p class='ocr_par' dir='ltr' id='par_1_60' title="bbox 2173 2856 3748 2932">
     <span class='ocr_line' id='line_1_60' title="bbox 2173 2856 3748 2932; baseline -0.008 -12"><span class='ocrx_word' id='word_1_431' title='bbox 2173 2870 2267 2920; x_wconf 66' lang='grc' dir='ltr'><strong>καὶ</strong></span> <span class='ocrx_word' id='word_1_432' title='bbox 2293 2867 2360 2919; x_wconf 74' lang='grc' dir='ltr'><strong>τὰ</strong></span> <span class='ocrx_word' id='word_1_433' title='bbox 2381 2865 2541 2918; x_wconf 67' lang='grc' dir='ltr'>λοιπά</span> <span class='ocrx_word' id='word_1_434' title='bbox 2574 2861 3033 2932; x_wconf 81' lang='grc' dir='ltr'>ύπερευξάμενος,</span> <span class='ocrx_word' id='word_1_435' title='bbox 3064 2861 3302 2929; x_wconf 74' lang='grc' dir='ltr'>ἐκφωνεῖ</span> <span class='ocrx_word' id='word_1_436' title='bbox 3331 2859 3424 2912; x_wconf 68' lang='grc' dir='ltr'><strong>καὶ</strong></span> <span class='ocrx_word' id='word_1_437' title='bbox 3453 2856 3748 2922; x_wconf 85' lang='grc' dir='ltr'>δοξολογεῖ.</span> 
     </span>
    </p>
   </div>
   <div class='ocr_carea' id='block_1_61' title="bbox 2173 2947 3750 3024">
    <p class='ocr_par' dir='ltr' id='par_1_61' title="bbox 2173 2947 3750 3024">
     <span class='ocr_line' id='line_1_61' title="bbox 2173 2947 3750 3024; baseline -0.007 -16"><span class='ocrx_word' id='word_1_438' title='bbox 2173 2955 2285 3010; x_wconf 88' lang='lat' dir='ltr'><strong>Kal</strong></span> <span class='ocrx_word' id='word_1_439' title='bbox 2307 2954 2566 3024; x_wconf 73' lang='grc' dir='ltr'>στραφεὶς</span> <span class='ocrx_word' id='word_1_440' title='bbox 2591 2955 2792 3022; x_wconf 77' lang='grc' dir='ltr'>ἐγείρει</span> <span class='ocrx_word' id='word_1_441' title='bbox 2823 2953 2916 3006; x_wconf 71' lang='grc' dir='ltr'>τὸν</span> <span class='ocrx_word' id='word_1_442' title='bbox 2946 2953 3217 3022; x_wconf 88' lang='grc' dir='ltr'>κείμενον,</span> <span class='ocrx_word' id='word_1_443' title='bbox 3245 2950 3456 3011; x_wconf 76' lang='grc' dir='ltr'>δεικνὺς</span> <span class='ocrx_word' id='word_1_444' title='bbox 3493 2948 3569 3008; x_wconf 88' lang='grc' dir='ltr'><strong>ὡς</strong></span> <span class='ocrx_word' id='word_1_445' title='bbox 3594 2947 3750 3010; x_wconf 73' lang='grc' dir='ltr'>ἐξανο</span> 
     </span>
    </p>
   </div>
   <div class='ocr_carea' id='block_1_62' title="bbox 482 3041 2073 3135">
    <p class='ocr_par' dir='ltr' id='par_1_62' title="bbox 482 3044 2062 3114">
     <span class='ocr_line' id='line_1_62' title="bbox 482 3044 2062 3114; baseline -0.002 -13"><span class='ocrx_word' id='word_1_446' title='bbox 482 3047 816 3107; x_wconf 85' lang='lat' dir='ltr'><strong>reddidisse,</strong></span> <span class='ocrx_word' id='word_1_447' title='bbox 839 3045 1250 3112; x_wconf 84' lang='lat' dir='ltr'><strong>collocasscque</strong></span> <span class='ocrx_word' id='word_1_448' title='bbox 1277 3058 1400 3098; x_wconf 88' lang='lat' dir='ltr'><strong>cum</strong></span> <span class='ocrx_word' id='word_1_449' title='bbox 1456 3044 1690 3114; x_wconf 80' lang='lat' dir='ltr'><strong>angelis.</strong></span> <span class='ocrx_word' id='word_1_450' title='bbox 1718 3045 2062 3112; x_wconf 67' lang='lat' dir='ltr'><strong>Quapmpter</strong></span> 
     </span>
    </p>
   </div>
   <div class='ocr_carea' id='block_1_63' title="bbox 2168 3041 3750 3135">
    <p class='ocr_par' dir='ltr' id='par_1_63' title="bbox 2168 3041 3750 3120">
     <span class='ocr_line' id='line_1_63' title="bbox 2168 3041 3750 3120; baseline -0.007 -17"><span class='ocrx_word' id='word_1_451' title='bbox 2168 3052 2300 3120; x_wconf 84' lang='grc' dir='ltr'>έστη</span> <span class='ocrx_word' id='word_1_452' title='bbox 2354 3052 2455 3117; x_wconf 79' lang='grc' dir='ltr'>τῆς</span> <span class='ocrx_word' id='word_1_453' title='bbox 2505 3047 2799 3118; x_wconf 81' lang='grc' dir='ltr'>ἁμαρτίας,</span> <span class='ocrx_word' id='word_1_454' title='bbox 2847 3047 2941 3100; x_wconf 72' lang='grc' dir='ltr'><strong>καὶ</strong></span> <span class='ocrx_word' id='word_1_455' title='bbox 3004 3046 3103 3116; x_wconf 86' lang='grc' dir='ltr'><strong>τὴν</strong></span> <span class='ocrx_word' id='word_1_456' title='bbox 3163 3045 3359 3112; x_wconf 61' lang='grc' dir='ltr'>ἄφεσιν</span> <span class='ocrx_word' id='word_1_457' title='bbox 3415 3043 3598 3105; x_wconf 78' lang='grc' dir='ltr'>ἔλαϐε,</span> <span class='ocrx_word' id='word_1_458' title='bbox 3654 3041 3750 3092; x_wconf 79' lang='grc' dir='ltr'><strong>καὶ</strong></span> 
     </span>
    </p>
   </div>
   <div class='ocr_carea' id='block_1_64' title="bbox 485 3135 2066 3205">
    <p class='ocr_par' dir='ltr' id='par_1_64' title="bbox 485 3135 2066 3205">
     <span class='ocr_line' id='line_1_64' title="bbox 485 3135 2066 3205; baseline -0.002 -13"><span class='ocrx_word' id='word_1_459' title='bbox 485 3138 632 3192; x_wconf 83' lang='lat' dir='ltr'><strong>illius</strong></span> <span class='ocrx_word' id='word_1_460' title='bbox 664 3138 948 3190; x_wconf 79' lang='lat' dir='ltr'><strong>dexteram</strong></span> <span class='ocrx_word' id='word_1_461' title='bbox 982 3135 1274 3203; x_wconf 89' lang='lat' dir='ltr'><strong>arripiens,</strong></span> <span class='ocrx_word' id='word_1_462' title='bbox 1309 3135 1458 3188; x_wconf 90' lang='lat' dir='ltr'><strong>illum</strong></span> <span class='ocrx_word' id='word_1_463' title='bbox 1512 3135 1677 3205; x_wconf 77' lang='lat' dir='ltr'><strong>erigit</strong></span> <span class='ocrx_word' id='word_1_464' title='bbox 1707 3137 1986 3200; x_wconf 85' lang='lat' dir='ltr'><strong>sacerdos,</strong></span> <span class='ocrx_word' id='word_1_465' title='bbox 2011 3147 2066 3194; x_wconf 86' lang='lat' dir='ltr'><strong>et</strong></span> 
     </span>
    </p>
   </div>
   <div class='ocr_carea' id='block_1_65' title="bbox 485 3226 2061 3296">
    <p class='ocr_par' dir='ltr' id='par_1_65' title="bbox 485 3226 2061 3296">
     <span class='ocr_line' id='line_1_65' title="bbox 485 3226 2061 3296; baseline -0.001 -12"><span class='ocrx_word' id='word_1_466' title='bbox 485 3230 790 3285; x_wconf 70' lang='lat' dir='ltr'><strong>ostendens</strong></span> <span class='ocrx_word' id='word_1_467' title='bbox 823 3226 1175 3295; x_wconf 71' lang='lat' dir='ltr'><strong>Evangelium</strong></span> <span class='ocrx_word' id='word_1_468' title='bbox 1203 3267 1216 3291; x_wconf 90' lang='lat'><strong>,</strong></span> <span class='ocrx_word' id='word_1_469' title='bbox 1251 3237 1507 3296; x_wconf 89' lang='lat' dir='ltr'><strong>tanquam</strong></span> <span class='ocrx_word' id='word_1_470' title='bbox 1549 3227 1890 3282; x_wconf 82' lang='lat' dir='ltr'><strong>Salvatorcm</strong></span> <span class='ocrx_word' id='word_1_471' title='bbox 1928 3227 2061 3282; x_wconf 85' lang='lat' dir='ltr'><strong>illud</strong></span> 
     </span>
    </p>
   </div>
   <div class='ocr_carea' id='block_1_66' title="bbox 447 3319 2064 3390">
    <p class='ocr_par' dir='ltr' id='par_1_66' title="bbox 447 3319 2064 3390">
     <span class='ocr_line' id='line_1_66' title="bbox 447 3319 2064 3390; baseline 0 -16"><span class='ocrx_word' id='word_1_472' title='bbox 447 3384 454 3388; x_wconf 91' lang='lat'><em>_</em></span> <span class='ocrx_word' id='word_1_473' title='bbox 487 3321 799 3377; x_wconf 88' lang='lat' dir='ltr'><strong>deosculari</strong></span> <span class='ocrx_word' id='word_1_474' title='bbox 832 3321 1070 3384; x_wconf 72' lang='lat' dir='ltr'><strong>mandat,</strong></span> <span class='ocrx_word' id='word_1_475' title='bbox 1095 3319 1240 3390; x_wconf 87' lang='lat' dir='ltr'><strong>quod</strong></span> <span class='ocrx_word' id='word_1_476' title='bbox 1265 3320 1444 3374; x_wconf 87' lang='lat' dir='ltr'><strong>innuit</strong></span> <span class='ocrx_word' id='word_1_477' title='bbox 1467 3321 1722 3388; x_wconf 89' lang='lat' dir='ltr'><strong>amplecti</strong></span> <span class='ocrx_word' id='word_1_478' title='bbox 1747 3328 1802 3375; x_wconf 92' lang='lat' dir='ltr'><strong>et</strong></span> <span class='ocrx_word' id='word_1_479' title='bbox 1835 3321 2064 3376; x_wconf 87' lang='lat' dir='ltr'><strong>deoscu-</strong></span> 
     </span>
    </p>
   </div>
   <div class='ocr_carea' id='block_1_67' title="bbox 509 3410 2067 3474">
    <p class='ocr_par' dir='ltr' id='par_1_67' title="bbox 509 3410 2067 3474">
     <span class='ocr_line' id='line_1_67' title="bbox 509 3410 2067 3474; baseline -0.002 -7"><span class='ocrx_word' id='word_1_480' title='bbox 509 3415 589 3467; x_wconf 73' lang='grc' dir='ltr'>τιτί</span> <span class='ocrx_word' id='word_1_481' title='bbox 628 3413 870 3466; x_wconf 79' lang='lat' dir='ltr'><strong>Patrem.</strong></span> <span class='ocrx_word' id='word_1_482' title='bbox 909 3411 1046 3465; x_wconf 89' lang='lat' dir='ltr'><strong>Tum</strong></span> <span class='ocrx_word' id='word_1_483' title='bbox 1087 3411 1239 3466; x_wconf 85' lang='lat' dir='ltr'><strong>addit</strong></span> <span class='ocrx_word' id='word_1_484' title='bbox 1275 3427 1289 3464; x_wconf 89' lang='lat'><strong>:</strong></span> <span class='ocrx_word' id='word_1_485' title='bbox 1329 3410 1492 3474; x_wconf 82' lang='lat' dir='ltr'><strong>Ecce,</strong></span> <span class='ocrx_word' id='word_1_486' title='bbox 1529 3411 1783 3466; x_wconf 83' lang='lat' dir='ltr'><strong>Christus</strong></span> <span class='ocrx_word' id='word_1_487' title='bbox 1819 3412 2067 3467; x_wconf 70' lang='lat' dir='ltr'><strong>invisibi-</strong></span> 
     </span>
    </p>
   </div>
   <div class='ocr_carea' id='block_1_68' title="bbox 485 3503 2063 3572">
    <p class='ocr_par' dir='ltr' id='par_1_68' title="bbox 485 3503 2063 3572">
     <span class='ocr_line' id='line_1_68' title="bbox 485 3503 2063 3572; baseline 0 -14"><span class='ocrx_word' id='word_1_488' title='bbox 485 3505 613 3564; x_wconf 65' lang='lat' dir='ltr'><strong>liter</strong></span> <span class='ocrx_word' id='word_1_489' title='bbox 659 3506 747 3560; x_wconf 91' lang='lat' dir='ltr'><strong>hic</strong></span> <span class='ocrx_word' id='word_1_490' title='bbox 797 3504 972 3568; x_wconf 84' lang='lat' dir='ltr'><strong>adest,</strong></span> <span class='ocrx_word' id='word_1_491' title='bbox 1024 3512 1320 3572; x_wconf 90' lang='lat' dir='ltr'><strong>monetque</strong></span> <span class='ocrx_word' id='word_1_492' title='bbox 1366 3512 1422 3556; x_wconf 92' lang='lat' dir='ltr'><strong>ut</strong></span> <span class='ocrx_word' id='word_1_493' title='bbox 1473 3511 1684 3556; x_wconf 87' lang='lat' dir='ltr'><strong>attento</strong></span> <span class='ocrx_word' id='word_1_494' title='bbox 1729 3503 1914 3559; x_wconf 90' lang='lat' dir='ltr'><strong>animo</strong></span> <span class='ocrx_word' id='word_1_495' title='bbox 1963 3505 2063 3569; x_wconf 89' lang='lat' dir='ltr'><strong>sis,</strong></span> 
     </span>
    </p>
   </div>
   <div class='ocr_carea' id='block_1_69' title="bbox 494 3593 2064 3667">
    <p class='ocr_par' dir='ltr' id='par_1_69' title="bbox 494 3593 2064 3667">
     <span class='ocr_line' id='line_1_69' title="bbox 494 3593 2064 3667; baseline 0 -16"><span class='ocrx_word' id='word_1_496' title='bbox 494 3613 674 3666; x_wconf 88' lang='lat' dir='ltr'><strong>neque</strong></span> <span class='ocrx_word' id='word_1_497' title='bbox 724 3597 774 3649; x_wconf 90' lang='lat' dir='ltr'><strong>in</strong></span> <span class='ocrx_word' id='word_1_498' title='bbox 825 3605 1104 3667; x_wconf 89' lang='lat' dir='ltr'><strong>posterum</strong></span> <span class='ocrx_word' id='word_1_499' title='bbox 1164 3596 1351 3649; x_wconf 89' lang='lat' dir='ltr'><strong>cadas.</strong></span> <span class='ocrx_word' id='word_1_500' title='bbox 1400 3593 1670 3659; x_wconf 85' lang='lat' dir='ltr'><strong>Quoniam</strong></span> <span class='ocrx_word' id='word_1_501' title='bbox 1730 3611 1890 3649; x_wconf 87' lang='lat' dir='ltr'><strong>nemo</strong></span> <span class='ocrx_word' id='word_1_502' title='bbox 1940 3613 2064 3651; x_wconf 73' lang='lat' dir='ltr'><strong>cuai</strong></span> 
     </span>
    </p>
   </div>
   <div class='ocr_carea' id='block_1_70' title="bbox 487 3687 2060 3760">
    <p class='ocr_par' dir='ltr' id='par_1_70' title="bbox 487 3687 2060 3760">
     <span class='ocr_line' id='line_1_70' title="bbox 487 3687 2060 3760; baseline 0 -16"><span class='ocrx_word' id='word_1_503' title='bbox 487 3691 633 3760; x_wconf 72' lang='lat' dir='ltr'><strong>cogit</strong></span> <span class='ocrx_word' id='word_1_504' title='bbox 683 3691 756 3743; x_wconf 91' lang='lat' dir='ltr'><strong>ita</strong></span> <span class='ocrx_word' id='word_1_505' title='bbox 801 3698 859 3742; x_wconf 90' lang='lat' dir='ltr'><strong>ut</strong></span> <span class='ocrx_word' id='word_1_506' title='bbox 910 3689 1114 3743; x_wconf 84' lang='lat' dir='ltr'><strong>invitus</strong></span> <span class='ocrx_word' id='word_1_507' title='bbox 1157 3687 1380 3752; x_wconf 82' lang='lat' dir='ltr'><strong>veniat,</strong></span> <span class='ocrx_word' id='word_1_508' title='bbox 1413 3687 1508 3742; x_wconf 85' lang='lat' dir='ltr'><strong>sed</strong></span> <span class='ocrx_word' id='word_1_509' title='bbox 1546 3688 1781 3742; x_wconf 88' lang='lat' dir='ltr'><strong>libenter</strong></span> <span class='ocrx_word' id='word_1_510' title='bbox 1827 3692 2060 3745; x_wconf 86' lang='lat' dir='ltr'><strong>accedit.</strong></span> 
     </span>
    </p>
   </div>
   <div class='ocr_carea' id='block_1_71' title="bbox 489 3780 2062 3852">
    <p class='ocr_par' dir='ltr' id='par_1_71' title="bbox 489 3780 2062 3852">
     <span class='ocr_line' id='line_1_71' title="bbox 489 3780 2062 3852; baseline 0.004 -21"><span class='ocrx_word' id='word_1_511' title='bbox 489 3783 644 3848; x_wconf 81' lang='lat' dir='ltr'><strong>Quod</strong></span> <span class='ocrx_word' id='word_1_512' title='bbox 686 3782 756 3835; x_wconf 91' lang='lat' dir='ltr'><strong>ita</strong></span> <span class='ocrx_word' id='word_1_513' title='bbox 791 3780 1121 3846; x_wconf 76' lang='lat' dir='ltr'><strong>confitetur,</strong></span> <span class='ocrx_word' id='word_1_514' title='bbox 1183 3794 1379 3847; x_wconf 88' lang='lat' dir='ltr'><strong>nempe</strong></span> <span class='ocrx_word' id='word_1_515' title='bbox 1409 3794 1473 3833; x_wconf 82' lang='lat' dir='ltr'><strong>ex</strong></span> <span class='ocrx_word' id='word_1_516' title='bbox 1527 3780 1808 3852; x_wconf 85' lang='lat' dir='ltr'><strong>proposito</strong></span> <span class='ocrx_word' id='word_1_517' title='bbox 1852 3782 2062 3837; x_wconf 81' lang='lat' dir='ltr'><strong>venire.</strong></span> 
     </span>
    </p>
   </div>
   <div class='ocr_carea' id='block_1_72' title="bbox 493 3870 2067 3927">
    <p class='ocr_par' dir='ltr' id='par_1_72' title="bbox 493 3870 2067 3927">
     <span class='ocr_line' id='line_1_72' title="bbox 493 3870 2067 3927; baseline 0.001 -2"><span class='ocrx_word' id='word_1_518' title='bbox 493 3875 624 3927; x_wconf 87' lang='lat' dir='ltr'><strong>Dein</strong></span> <span class='ocrx_word' id='word_1_519' title='bbox 656 3889 870 3926; x_wconf 87' lang='lat' dir='ltr'><strong>rursum</strong></span> <span class='ocrx_word' id='word_1_520' title='bbox 903 3873 979 3926; x_wconf 91' lang='lat' dir='ltr'><strong>ait</strong></span> <span class='ocrx_word' id='word_1_521' title='bbox 1010 3870 1269 3925; x_wconf 85' lang='lat' dir='ltr'><strong>sacerdos</strong></span> <span class='ocrx_word' id='word_1_522' title='bbox 1302 3887 1316 3924; x_wconf 92' lang='lat'>:</span> <span class='ocrx_word' id='word_1_523' title='bbox 1351 3888 1371 3922; x_wconf 75' lang='grc' dir='ltr'><strong>ι</strong></span> <span class='ocrx_word' id='word_1_524' title='bbox 1408 3871 1546 3926; x_wconf 87' lang='lat' dir='ltr'><strong>Ecce</strong></span> <span class='ocrx_word' id='word_1_525' title='bbox 1576 3872 1830 3926; x_wconf 68' lang='lat' dir='ltr'><strong>Christus</strong></span> <span class='ocrx_word' id='word_1_526' title='bbox 1869 3872 2067 3927; x_wconf 76' lang='lat' dir='ltr'><strong>invisi-</strong></span> 
     </span>
    </p>
   </div>
   <div class='ocr_carea' id='block_1_73' title="bbox 492 3962 2065 4031">
    <p class='ocr_par' dir='ltr' id='par_1_73' title="bbox 492 3962 2065 4031">
     <span class='ocr_line' id='line_1_73' title="bbox 492 3962 2065 4031; baseline -0.001 -12"><span class='ocrx_word' id='word_1_527' title='bbox 492 3966 672 4024; x_wconf 91' lang='lat' dir='ltr'><strong>biliter</strong></span> <span class='ocrx_word' id='word_1_528' title='bbox 699 3965 789 4021; x_wconf 91' lang='lat' dir='ltr'><strong>hic</strong></span> <span class='ocrx_word' id='word_1_529' title='bbox 817 3964 992 4027; x_wconf 86' lang='lat' dir='ltr'><strong>adest,</strong></span> <span class='ocrx_word' id='word_1_530' title='bbox 1015 3974 1070 4017; x_wconf 88' lang='lat' dir='ltr'><strong>et</strong></span> <span class='ocrx_word' id='word_1_531' title='bbox 1098 3963 1220 4016; x_wconf 87' lang='lat' dir='ltr'><strong>vide</strong></span> <span class='ocrx_word' id='word_1_532' title='bbox 1249 3964 1314 4017; x_wconf 87' lang='lat' dir='ltr'><strong>ad</strong></span> <span class='ocrx_word' id='word_1_533' title='bbox 1342 3979 1501 4031; x_wconf 89' lang='lat' dir='ltr'><strong>quem</strong></span> <span class='ocrx_word' id='word_1_534' title='bbox 1529 3964 1765 4025; x_wconf 85' lang='lat' dir='ltr'><strong>accedis,</strong></span> <span class='ocrx_word' id='word_1_535' title='bbox 1785 3962 2065 4018; x_wconf 87' lang='lat' dir='ltr'><strong>Christum</strong></span> 
     </span>
    </p>
   </div>
   <div class='ocr_carea' id='block_1_74' title="bbox 489 4053 2067 4124">
    <p class='ocr_par' dir='ltr' id='par_1_74' title="bbox 489 4053 2067 4124">
     <span class='ocr_line' id='line_1_74' title="bbox 489 4053 2067 4124; baseline -0.003 -14"><span class='ocrx_word' id='word_1_536' title='bbox 489 4057 734 4121; x_wconf 83' lang='lat' dir='ltr'><strong>scilicet,</strong></span> <span class='ocrx_word' id='word_1_537' title='bbox 772 4054 860 4110; x_wconf 91' lang='lat' dir='ltr'><strong>cui</strong></span> <span class='ocrx_word' id='word_1_538' title='bbox 908 4053 1256 4124; x_wconf 74' lang='lat' dir='ltr'><strong>conjungeris</strong></span> <span class='ocrx_word' id='word_1_539' title='bbox 1285 4094 1298 4119; x_wconf 95' lang='lat'><strong>,</strong></span> <span class='ocrx_word' id='word_1_540' title='bbox 1347 4054 1446 4123; x_wconf 90' lang='lat' dir='ltr'><strong>ipsi</strong></span> <span class='ocrx_word' id='word_1_541' title='bbox 1496 4055 1642 4108; x_wconf 88' lang='lat' dir='ltr'><strong>enim</strong></span> <span class='ocrx_word' id='word_1_542' title='bbox 1676 4055 1892 4109; x_wconf 62' lang='lat' dir='ltr'><strong>Christo</strong></span> <span class='ocrx_word' id='word_1_543' title='bbox 1929 4055 2067 4108; x_wconf 84' lang='lat' dir='ltr'><strong>adu-</strong></span> 
     </span>
    </p>
   </div>
   <div class='ocr_carea' id='block_1_75' title="bbox 491 4145 2068 4215">
    <p class='ocr_par' dir='ltr' id='par_1_75' title="bbox 491 4145 2068 4215">
     <span class='ocr_line' id='line_1_75' title="bbox 491 4145 2068 4215; baseline -0.001 -14"><span class='ocrx_word' id='word_1_544' title='bbox 491 4146 662 4209; x_wconf 86' lang='lat' dir='ltr'><strong>naris,</strong></span> <span class='ocrx_word' id='word_1_545' title='bbox 699 4156 754 4201; x_wconf 88' lang='lat' dir='ltr'><strong>et</strong></span> <span class='ocrx_word' id='word_1_546' title='bbox 788 4146 873 4200; x_wconf 87' lang='lat' dir='ltr'><strong>cui</strong></span> <span class='ocrx_word' id='word_1_547' title='bbox 911 4145 1289 4209; x_wconf 88' lang='lat' dir='ltr'><strong>ahrenuntias,</strong></span> <span class='ocrx_word' id='word_1_548' title='bbox 1324 4160 1523 4215; x_wconf 85' lang='lat' dir='ltr'><strong>nempe</strong></span> <span class='ocrx_word' id='word_1_549' title='bbox 1565 4145 1770 4201; x_wconf 88' lang='lat' dir='ltr'><strong>mundo</strong></span> <span class='ocrx_word' id='word_1_550' title='bbox 1805 4154 1860 4201; x_wconf 90' lang='lat' dir='ltr'><strong>et</strong></span> <span class='ocrx_word' id='word_1_551' title='bbox 1898 4147 2068 4201; x_wconf 88' lang='lat' dir='ltr'><strong>rebus</strong></span> 
     </span>
    </p>
   </div>
   <div class='ocr_carea' id='block_1_76' title="bbox 490 4235 2070 4306">
    <p class='ocr_par' dir='ltr' id='par_1_76' title="bbox 490 4235 2070 4306">
     <span class='ocr_line' id='line_1_76' title="bbox 490 4235 2070 4306; baseline -0.001 -16"><span class='ocrx_word' id='word_1_552' title='bbox 490 4237 702 4292; x_wconf 91' lang='lat' dir='ltr'><strong>mundi.</strong></span> <span class='ocrx_word' id='word_1_553' title='bbox 743 4255 763 4288; x_wconf 71' lang='grc' dir='ltr'><strong>ι</strong></span> <span class='ocrx_word' id='word_1_554' title='bbox 807 4235 1061 4305; x_wconf 90' lang='lat' dir='ltr'><strong>Dansque</strong></span> <span class='ocrx_word' id='word_1_555' title='bbox 1097 4235 1372 4290; x_wconf 80' lang='lat' dir='ltr'><strong>forticulas</strong></span> <span class='ocrx_word' id='word_1_556' title='bbox 1404 4254 1418 4290; x_wconf 92' lang='lat'><strong>:</strong></span> <span class='ocrx_word' id='word_1_557' title='bbox 1457 4254 1476 4288; x_wconf 74' lang='grc' dir='ltr'><strong>ι</strong></span> <span class='ocrx_word' id='word_1_558' title='bbox 1520 4235 1742 4306; x_wconf 87' lang='lat' dir='ltr'><strong>Accipe,</strong></span> <span class='ocrx_word' id='word_1_559' title='bbox 1776 4235 1979 4303; x_wconf 87' lang='lat' dir='ltr'><strong>inquit,</strong></span> <span class='ocrx_word' id='word_1_560' title='bbox 2015 4245 2070 4290; x_wconf 89' lang='lat' dir='ltr'><strong>et</strong></span> 
     </span>
    </p>
   </div>
   <div class='ocr_carea' id='block_1_77' title="bbox 491 4328 2064 4398">
    <p class='ocr_par' dir='ltr' id='par_1_77' title="bbox 491 4328 2064 4398">
     <span class='ocr_line' id='line_1_77' title="bbox 491 4328 2064 4398; baseline -0.003 -15"><span class='ocrx_word' id='word_1_561' title='bbox 491 4330 624 4386; x_wconf 80' lang='lat' dir='ltr'><strong>mihi</strong></span> <span class='ocrx_word' id='word_1_562' title='bbox 657 4329 823 4384; x_wconf 87' lang='lat' dir='ltr'><strong>redde</strong></span> <span class='ocrx_word' id='word_1_563' title='bbox 850 4346 896 4392; x_wconf 75' lang='grc' dir='ltr'><strong>ι,</strong></span> <span class='ocrx_word' id='word_1_564' title='bbox 923 4337 982 4382; x_wconf 90' lang='lat' dir='ltr'><strong>ut</strong></span> <span class='ocrx_word' id='word_1_565' title='bbox 1015 4339 1375 4398; x_wconf 88' lang='lat' dir='ltr'><strong>spontaueam</strong></span> <span class='ocrx_word' id='word_1_566' title='bbox 1406 4328 1662 4384; x_wconf 86' lang='lat' dir='ltr'><strong>ostendat</strong></span> <span class='ocrx_word' id='word_1_567' title='bbox 1693 4328 2064 4382; x_wconf 81' lang='lat' dir='ltr'><strong>voluntatem.</strong></span> 
     </span>
    </p>
   </div>
   <div class='ocr_carea' id='block_1_78' title="bbox 2171 3133 3748 3214">
    <p class='ocr_par' dir='ltr' id='par_1_78' title="bbox 2171 3133 3748 3214">
     <span class='ocr_line' id='line_1_78' title="bbox 2171 3133 3748 3214; baseline -0.006 -19"><span class='ocrx_word' id='word_1_568' title='bbox 2171 3142 2535 3214; x_wconf 75' lang='grc' dir='ltr'>προσεδέξατο</span> <span class='ocrx_word' id='word_1_569' title='bbox 2581 3141 2774 3194; x_wconf 80' lang='grc' dir='ltr'>τοῦτον</span> <span class='ocrx_word' id='word_1_570' title='bbox 2796 3142 2823 3193; x_wconf 94' lang='lat'><strong>6</strong></span> <span class='ocrx_word' id='word_1_571' title='bbox 2850 3139 3062 3208; x_wconf 83' lang='grc' dir='ltr'>Πατὴρ,</span> <span class='ocrx_word' id='word_1_572' title='bbox 3090 3137 3186 3192; x_wconf 70' lang='grc' dir='ltr'>καὶ</span> <span class='ocrx_word' id='word_1_573' title='bbox 3227 3139 3309 3200; x_wconf 84' lang='grc' dir='ltr'><strong>εἰς</strong></span> <span class='ocrx_word' id='word_1_574' title='bbox 3338 3137 3437 3206; x_wconf 74' lang='grc' dir='ltr'>τὴν</span> <span class='ocrx_word' id='word_1_575' title='bbox 3469 3133 3748 3189; x_wconf 80' lang='grc' dir='ltr'>υἱοθεσίαν</span> 
     </span>
    </p>
   </div>
   <div class='ocr_carea' id='block_1_79' title="bbox 2168 3229 3748 3302">
    <p class='ocr_par' dir='ltr' id='par_1_79' title="bbox 2168 3229 3748 3302">
     <span class='ocr_line' id='line_1_79' title="bbox 2168 3229 3748 3302; baseline -0.003 -15"><span class='ocrx_word' id='word_1_576' title='bbox 2168 3236 2360 3302; x_wconf 83' lang='grc' dir='ltr'>ἀνάγει</span> <span class='ocrx_word' id='word_1_577' title='bbox 2401 3234 2585 3298; x_wconf 82' lang='grc' dir='ltr'>πάλιν,</span> <span class='ocrx_word' id='word_1_578' title='bbox 2618 3234 2713 3286; x_wconf 70' lang='grc' dir='ltr'><strong>καὶ</strong></span> <span class='ocrx_word' id='word_1_579' title='bbox 2742 3233 2839 3302; x_wconf 81' lang='grc' dir='ltr'>τὴν</span> <span class='ocrx_word' id='word_1_580' title='bbox 2869 3232 3142 3302; x_wconf 82' lang='grc' dir='ltr'>προτέραν</span> <span class='ocrx_word' id='word_1_581' title='bbox 3184 3230 3378 3300; x_wconf 82' lang='grc' dir='ltr'>στολὴν</span> <span class='ocrx_word' id='word_1_582' title='bbox 3409 3230 3510 3298; x_wconf 79' lang='grc' dir='ltr'>τῆς</span> <span class='ocrx_word' id='word_1_583' title='bbox 3539 3229 3748 3300; x_wconf 82' lang='grc' dir='ltr'>καθάρ·</span> 
     </span>
    </p>
   </div>
   <div class='ocr_carea' id='block_1_80' title="bbox 2170 3322 3749 3394">
    <p class='ocr_par' dir='ltr' id='par_1_80' title="bbox 2170 3322 3749 3394">
     <span class='ocr_line' id='line_1_80' title="bbox 2170 3322 3749 3394; baseline -0.004 -14"><span class='ocrx_word' id='word_1_584' title='bbox 2170 3345 2305 3390; x_wconf 84' lang='grc' dir='ltr'>σεως</span> <span class='ocrx_word' id='word_1_585' title='bbox 2335 3326 2540 3391; x_wconf 80' lang='grc' dir='ltr'>δίδωσι,</span> <span class='ocrx_word' id='word_1_586' title='bbox 2583 3327 2676 3378; x_wconf 80' lang='grc' dir='ltr'>καὶ</span> <span class='ocrx_word' id='word_1_587' title='bbox 2705 3323 2844 3394; x_wconf 85' lang='grc' dir='ltr'>μετὰ</span> <span class='ocrx_word' id='word_1_588' title='bbox 2877 3325 2986 3377; x_wconf 83' lang='grc' dir='ltr'>τῶν</span> <span class='ocrx_word' id='word_1_589' title='bbox 3022 3323 3278 3392; x_wconf 82' lang='grc' dir='ltr'>ἀγγέλων</span> <span class='ocrx_word' id='word_1_590' title='bbox 3319 3323 3624 3375; x_wconf 75' lang='grc' dir='ltr'>συντάττει.</span> <span class='ocrx_word' id='word_1_591' title='bbox 3654 3322 3749 3374; x_wconf 69' lang='grc' dir='ltr'><strong>Διὸ</strong></span> 
     </span>
    </p>
   </div>
   <div class='ocr_carea' id='block_1_81' title="bbox 2168 3408 3740 3487">
    <p class='ocr_par' dir='ltr' id='par_1_81' title="bbox 2168 3408 3740 3487">
     <span class='ocr_line' id='line_1_81' title="bbox 2168 3408 3740 3487; baseline -0.004 -14"><span class='ocrx_word' id='word_1_592' title='bbox 2168 3421 2263 3473; x_wconf 74' lang='grc' dir='ltr'><strong>καὶ</strong></span> <span class='ocrx_word' id='word_1_593' title='bbox 2293 3417 2474 3473; x_wconf 79' lang='grc' dir='ltr'>λαϐὼν</span> <span class='ocrx_word' id='word_1_594' title='bbox 2502 3418 2666 3472; x_wconf 67' lang='grc' dir='ltr'>αὐτὸν</span> <span class='ocrx_word' id='word_1_595' title='bbox 2695 3420 2792 3487; x_wconf 85' lang='grc' dir='ltr'><strong>τῆς</strong></span> <span class='ocrx_word' id='word_1_596' title='bbox 2819 3417 3002 3481; x_wconf 74' lang='grc' dir='ltr'>δεξιᾶς</span> <span class='ocrx_word' id='word_1_597' title='bbox 3031 3418 3088 3469; x_wconf 89' lang='grc' dir='ltr'><strong>ἐν</strong></span> <span class='ocrx_word' id='word_1_598' title='bbox 3111 3415 3187 3485; x_wconf 80' lang='grc' dir='ltr'>τῷ</span> <span class='ocrx_word' id='word_1_599' title='bbox 3218 3417 3441 3486; x_wconf 84' lang='grc' dir='ltr'>ἀνιστᾷν</span> <span class='ocrx_word' id='word_1_600' title='bbox 3467 3417 3494 3468; x_wconf 90' lang='lat'><strong>6</strong></span> <span class='ocrx_word' id='word_1_601' title='bbox 3535 3408 3740 3485; x_wconf 53' lang='grc' dir='ltr'>ίερεὺξ,</span> 
     </span>
    </p>
   </div>
   <div class='ocr_carea' id='block_1_82' title="bbox 2169 3507 3747 3579">
    <p class='ocr_par' dir='ltr' id='par_1_82' title="bbox 2169 3507 3747 3579">
     <span class='ocr_line' id='line_1_82' title="bbox 2169 3507 3747 3579; baseline -0.002 -14"><span class='ocrx_word' id='word_1_602' title='bbox 2169 3514 2262 3565; x_wconf 78' lang='grc' dir='ltr'><strong>καὶ</strong></span> <span class='ocrx_word' id='word_1_603' title='bbox 2289 3511 2348 3565; x_wconf 82' lang='grc' dir='ltr'><strong>τδ</strong></span> <span class='ocrx_word' id='word_1_604' title='bbox 2381 3510 2712 3579; x_wconf 72' lang='grc' dir='ltr'>Εὐαγγέλιον</span> <span class='ocrx_word' id='word_1_605' title='bbox 2747 3509 3034 3573; x_wconf 76' lang='grc' dir='ltr'>ὑποδείξας</span> <span class='ocrx_word' id='word_1_606' title='bbox 3066 3508 3142 3572; x_wconf 86' lang='grc' dir='ltr'>ὡς</span> <span class='ocrx_word' id='word_1_607' title='bbox 3171 3507 3261 3561; x_wconf 78' lang='grc' dir='ltr'><strong>τὸν</strong></span> <span class='ocrx_word' id='word_1_608' title='bbox 3289 3507 3544 3577; x_wconf 78' lang='grc' dir='ltr'>Σωτῆρα,</span> <span class='ocrx_word' id='word_1_609' title='bbox 3569 3508 3747 3562; x_wconf 73' lang='grc' dir='ltr'>ἀσπάο</span> 
     </span>
    </p>
   </div>
   <div class='ocr_carea' id='block_1_83' title="bbox 2170 3603 3750 3674">
    <p class='ocr_par' dir='ltr' id='par_1_83' title="bbox 2170 3603 3750 3674">
     <span class='ocr_line' id='line_1_83' title="bbox 2170 3603 3750 3674; baseline -0.001 -17"><span class='ocrx_word' id='word_1_610' title='bbox 2170 3605 2366 3657; x_wconf 84' lang='grc' dir='ltr'>σασθαι</span> <span class='ocrx_word' id='word_1_611' title='bbox 2412 3605 2562 3674; x_wconf 83' lang='grc' dir='ltr'>λέγει</span> <span class='ocrx_word' id='word_1_612' title='bbox 2605 3605 2760 3668; x_wconf 75' lang='grc' dir='ltr'>αὐτὸ,</span> <span class='ocrx_word' id='word_1_613' title='bbox 2800 3604 2828 3656; x_wconf 88' lang='grc' dir='ltr'><strong>ὃ</strong></span> <span class='ocrx_word' id='word_1_614' title='bbox 2866 3605 3017 3674; x_wconf 87' lang='grc' dir='ltr'>δηλοῖ</span> <span class='ocrx_word' id='word_1_615' title='bbox 3051 3604 3112 3658; x_wconf 71' lang='grc' dir='ltr'><strong>τ’)</strong></span> <span class='ocrx_word' id='word_1_616' title='bbox 3159 3603 3620 3672; x_wconf 81' lang='grc' dir='ltr'>ἐναγκαλίσασθαι</span> <span class='ocrx_word' id='word_1_617' title='bbox 3651 3606 3750 3657; x_wconf 69' lang='grc' dir='ltr'><strong>καὶ</strong></span> 
     </span>
    </p>
   </div>
   <div class='ocr_carea' id='block_1_84' title="bbox 2169 3692 3752 3769">
    <p class='ocr_par' dir='ltr' id='par_1_84' title="bbox 2169 3692 3752 3769">
     <span class='ocr_line' id='line_1_84' title="bbox 2169 3692 3752 3769; baseline 0.002 -21"><span class='ocrx_word' id='word_1_618' title='bbox 2169 3697 2542 3768; x_wconf 74' lang='grc' dir='ltr'>καταφιλῆσαι</span> <span class='ocrx_word' id='word_1_619' title='bbox 2569 3697 2660 3751; x_wconf 76' lang='grc' dir='ltr'>τὸν</span> <span class='ocrx_word' id='word_1_620' title='bbox 2689 3698 2930 3769; x_wconf 87' lang='grc' dir='ltr'>Πατέρα.</span> <span class='ocrx_word' id='word_1_621' title='bbox 2984 3692 3117 3750; x_wconf 82' lang='grc' dir='ltr'>Εἶτα</span> <span class='ocrx_word' id='word_1_622' title='bbox 3147 3699 3243 3750; x_wconf 84' lang='grc' dir='ltr'><strong>καί</strong></span> <span class='ocrx_word' id='word_1_623' title='bbox 3287 3714 3474 3767; x_wconf 70' lang='grc' dir='ltr'>φησιν,</span> <span class='ocrx_word' id='word_1_624' title='bbox 3507 3715 3528 3748; x_wconf 75' lang='lat' dir='ltr'><strong>r</strong></span> <span class='ocrx_word' id='word_1_625' title='bbox 3561 3696 3692 3750; x_wconf 77' lang='grc' dir='ltr'>Ἰδοὺ</span> <span class='ocrx_word' id='word_1_626' title='bbox 3721 3699 3752 3751; x_wconf 85' lang='lat'><strong>6</strong></span> 
     </span>
    </p>
   </div>
   <div class='ocr_carea' id='block_1_85' title="bbox 2169 3787 3750 3860">
    <p class='ocr_par' dir='ltr' id='par_1_85' title="bbox 2169 3787 3750 3860">
     <span class='ocr_line' id='line_1_85' title="bbox 2169 3787 3750 3860; baseline 0 -18"><span class='ocrx_word' id='word_1_627' title='bbox 2169 3790 2402 3856; x_wconf 76' lang='grc' dir='ltr'>Χριστὸς</span> <span class='ocrx_word' id='word_1_628' title='bbox 2454 3789 2702 3860; x_wconf 77' lang='grc' dir='ltr'>ἀοράτως</span> <span class='ocrx_word' id='word_1_629' title='bbox 2749 3788 2984 3844; x_wconf 83' lang='grc' dir='ltr'>ἐνταῦθα</span> <span class='ocrx_word' id='word_1_630' title='bbox 3045 3790 3298 3859; x_wconf 85' lang='grc' dir='ltr'>πάρεστι.</span> <span class='ocrx_word' id='word_1_631' title='bbox 3340 3808 3358 3841; x_wconf 70' lang='grc' dir='ltr'><strong>ι</strong></span> <span class='ocrx_word' id='word_1_632' title='bbox 3388 3787 3496 3846; x_wconf 82' lang='lat' dir='ltr'><strong>Kal</strong></span> <span class='ocrx_word' id='word_1_633' title='bbox 3529 3806 3750 3860; x_wconf 81' lang='grc' dir='ltr'>παραγ-</span> 
     </span>
    </p>
   </div>
   <div class='ocr_carea' id='block_1_86' title="bbox 2169 3881 3744 3954">
    <p class='ocr_par' dir='ltr' id='par_1_86' title="bbox 2169 3881 3744 3954">
     <span class='ocr_line' id='line_1_86' title="bbox 2169 3881 3744 3954; baseline 0.003 -22"><span class='ocrx_word' id='word_1_634' title='bbox 2169 3881 2348 3948; x_wconf 80' lang='grc' dir='ltr'>γέλλει</span> <span class='ocrx_word' id='word_1_635' title='bbox 2391 3883 2700 3954; x_wconf 83' lang='grc' dir='ltr'>προσέχειν,</span> <span class='ocrx_word' id='word_1_636' title='bbox 2740 3882 2881 3935; x_wconf 86' lang='grc' dir='ltr'>ὥστε</span> <span class='ocrx_word' id='word_1_637' title='bbox 2921 3881 3120 3954; x_wconf 78' lang='grc' dir='ltr'>μηκέτι</span> <span class='ocrx_word' id='word_1_638' title='bbox 3149 3885 3370 3936; x_wconf 81' lang='grc' dir='ltr'>πεσεῖν’</span> <span class='ocrx_word' id='word_1_639' title='bbox 3419 3885 3540 3938; x_wconf 70' lang='grc' dir='ltr'>ἐπεὶ</span> <span class='ocrx_word' id='word_1_640' title='bbox 3566 3884 3744 3947; x_wconf 69' lang='grc' dir='ltr'>οὐδεὶς</span> 
     </span>
    </p>
   </div>
   <div class='ocr_carea' id='block_1_87' title="bbox 2171 3973 3746 4064">
    <p class='ocr_par' dir='ltr' id='par_1_87' title="bbox 2171 3973 3746 4064">
     <span class='ocr_line' id='line_1_87' title="bbox 2171 3973 3746 4064; baseline 0.001 -38"><span class='ocrx_word' id='word_1_641' title='bbox 2171 3974 2470 4041; x_wconf 78' lang='grc' dir='ltr'>ἀναγκάζει</span> <span class='ocrx_word' id='word_1_642' title='bbox 2499 3975 2686 4028; x_wconf 85' lang='grc' dir='ltr'>τοῦτον</span> <span class='ocrx_word' id='word_1_643' title='bbox 2715 3973 2858 4028; x_wconf 81' lang='grc' dir='ltr'>ὥστε</span> <span class='ocrx_word' id='word_1_644' title='bbox 2889 3976 3165 4040; x_wconf 80' lang='grc' dir='ltr'>ἀκουσίως</span> <span class='ocrx_word' id='word_1_645' title='bbox 3194 3975 3369 4029; x_wconf 79' lang='grc' dir='ltr'>ἐλθεῖν</span> <span class='ocrx_word' id='word_1_646' title='bbox 3392 3993 3406 4008; x_wconf 86' lang='grc'><strong>·</strong></span> <span class='ocrx_word' id='word_1_647' title='bbox 3438 3975 3555 4064; x_wconf 52' lang='grc' dir='ltr'><strong>ἀφ’</strong></span> <span class='ocrx_word' id='word_1_648' title='bbox 3583 3977 3746 4029; x_wconf 87' lang='grc' dir='ltr'>ἐκου-</span> 
     </span>
    </p>
   </div>
   <div class='ocr_carea' id='block_1_88' title="bbox 2173 4067 3750 4136">
    <p class='ocr_par' dir='ltr' id='par_1_88' title="bbox 2173 4067 3750 4136">
     <span class='ocr_line' id='line_1_88' title="bbox 2173 4067 3750 4136; baseline 0.003 -19"><span class='ocrx_word' id='word_1_649' title='bbox 2173 4067 2297 4118; x_wconf 77' lang='grc' dir='ltr'><strong>σὲω·</strong></span> <span class='ocrx_word' id='word_1_650' title='bbox 2326 4069 2712 4136; x_wconf 79' lang='grc' dir='ltr'>προσέρχεται.</span> <span class='ocrx_word' id='word_1_651' title='bbox 2744 4067 2855 4120; x_wconf 76' lang='grc' dir='ltr'>Καὶ</span> <span class='ocrx_word' id='word_1_652' title='bbox 2886 4067 3043 4120; x_wconf 86' lang='grc' dir='ltr'>τοῦτο</span> <span class='ocrx_word' id='word_1_653' title='bbox 3077 4067 3251 4130; x_wconf 80' lang='grc' dir='ltr'>οὕτως</span> <span class='ocrx_word' id='word_1_654' title='bbox 3280 4067 3570 4136; x_wconf 72' lang='grc' dir='ltr'>ὁμολογεῖ,</span> <span class='ocrx_word' id='word_1_655' title='bbox 3585 4067 3660 4129; x_wconf 84' lang='grc' dir='ltr'><strong>ὡς</strong></span> <span class='ocrx_word' id='word_1_656' title='bbox 3682 4068 3750 4122; x_wconf 87' lang='grc' dir='ltr'><strong>ἐκ</strong></span> 
     </span>
    </p>
   </div>
   <div class='ocr_carea' id='block_1_89' title="bbox 2173 4154 3739 4228">
    <p class='ocr_par' dir='ltr' id='par_1_89' title="bbox 2173 4154 3739 4228">
     <span class='ocr_line' id='line_1_89' title="bbox 2173 4154 3739 4228; baseline 0.003 -21"><span class='ocrx_word' id='word_1_657' title='bbox 2173 4157 2546 4226; x_wconf 75' lang='grc' dir='ltr'>προαιρέσεως</span> <span class='ocrx_word' id='word_1_658' title='bbox 2569 4160 2812 4226; x_wconf 75' lang='grc' dir='ltr'>ἔρχεται.</span> <span class='ocrx_word' id='word_1_659' title='bbox 2850 4154 2982 4210; x_wconf 66' lang='grc' dir='ltr'>Εἶτα</span> <span class='ocrx_word' id='word_1_660' title='bbox 3033 4158 3194 4211; x_wconf 86' lang='grc' dir='ltr'>πάλιν</span> <span class='ocrx_word' id='word_1_661' title='bbox 3227 4160 3395 4228; x_wconf 71' lang='grc' dir='ltr'>φησὶν</span> <span class='ocrx_word' id='word_1_662' title='bbox 3435 4161 3463 4212; x_wconf 92' lang='lat'><strong>6</strong></span> <span class='ocrx_word' id='word_1_663' title='bbox 3518 4158 3739 4228; x_wconf 84' lang='grc' dir='ltr'>ίερεύς’</span> 
     </span>
    </p>
   </div>
   <div class='ocr_carea' id='block_1_90' title="bbox 2179 4247 3746 4322">
    <p class='ocr_par' dir='ltr' id='par_1_90' title="bbox 2179 4247 3746 4322">
     <span class='ocr_line' id='line_1_90' title="bbox 2179 4247 3746 4322; baseline 0.006 -25"><span class='ocrx_word' id='word_1_664' title='bbox 2179 4265 2196 4297; x_wconf 80' lang='grc' dir='ltr'><strong>ι</strong></span> <span class='ocrx_word' id='word_1_665' title='bbox 2239 4247 2369 4300; x_wconf 76' lang='grc' dir='ltr'>Ἰδοὺ</span> <span class='ocrx_word' id='word_1_666' title='bbox 2401 4249 2429 4299; x_wconf 98' lang='lat'><strong>6</strong></span> <span class='ocrx_word' id='word_1_667' title='bbox 2461 4247 2698 4317; x_wconf 73' lang='grc' dir='ltr'>Χριστὸς</span> <span class='ocrx_word' id='word_1_668' title='bbox 2727 4249 2974 4318; x_wconf 71' lang='grc' dir='ltr'>ἀοράτως</span> <span class='ocrx_word' id='word_1_669' title='bbox 3032 4250 3270 4305; x_wconf 84' lang='grc' dir='ltr'>ἐνταῦθα</span> <span class='ocrx_word' id='word_1_670' title='bbox 3338 4251 3593 4322; x_wconf 83' lang='grc' dir='ltr'>πάρεστι,</span> <span class='ocrx_word' id='word_1_671' title='bbox 3649 4256 3746 4306; x_wconf 72' lang='grc' dir='ltr'><strong>καὶ</strong></span> 
     </span>
    </p>
   </div>
   <div class='ocr_carea' id='block_1_91' title="bbox 2177 4337 3749 4411">
    <p class='ocr_par' dir='ltr' id='par_1_91' title="bbox 2177 4337 3749 4411">
     <span class='ocr_line' id='line_1_91' title="bbox 2177 4337 3749 4411; baseline 0.006 -23"><span class='ocrx_word' id='word_1_672' title='bbox 2177 4337 2464 4405; x_wconf 64' lang='grc' dir='ltr'>βλέπυτίνι</span> <span class='ocrx_word' id='word_1_673' title='bbox 2489 4338 2767 4410; x_wconf 79' lang='grc' dir='ltr'>προσέρχῃ</span> <span class='ocrx_word' id='word_1_674' title='bbox 2789 4355 2800 4370; x_wconf 85' lang='grc'><strong>·</strong></span> <span class='ocrx_word' id='word_1_675' title='bbox 2825 4339 2900 4408; x_wconf 81' lang='grc' dir='ltr'><strong>τῷ</strong></span> <span class='ocrx_word' id='word_1_676' title='bbox 2933 4342 3156 4411; x_wconf 81' lang='grc' dir='ltr'>Χριστῷ</span> <span class='ocrx_word' id='word_1_677' title='bbox 3177 4342 3421 4409; x_wconf 77' lang='grc' dir='ltr'>δηλονότι</span> <span class='ocrx_word' id='word_1_678' title='bbox 3442 4360 3457 4376; x_wconf 76' lang='grc'><strong><em>⁸</em></strong></span> <span class='ocrx_word' id='word_1_679' title='bbox 3490 4345 3597 4398; x_wconf 82' lang='grc' dir='ltr'>τίνι</span> <span class='ocrx_word' id='word_1_680' title='bbox 3625 4361 3749 4398; x_wconf 83' lang='grc' dir='ltr'>συν-</span> 
     </span>
    </p>
   </div>
   <div class='ocr_carea' id='block_1_92' title="bbox 491 4419 2073 4505">
    <p class='ocr_par' dir='ltr' id='par_1_92' title="bbox 491 4419 2064 4491">
     <span class='ocr_line' id='line_1_92' title="bbox 491 4419 2064 4491; baseline -0.003 -13"><span class='ocrx_word' id='word_1_681' title='bbox 491 4421 560 4478; x_wconf 84' lang='grc' dir='ltr'>Ει</span> <span class='ocrx_word' id='word_1_682' title='bbox 600 4421 645 4474; x_wconf 92' lang='lat' dir='ltr'><strong>si</strong></span> <span class='ocrx_word' id='word_1_683' title='bbox 675 4421 788 4490; x_wconf 85' lang='lat' dir='ltr'><strong>ipse</strong></span> <span class='ocrx_word' id='word_1_684' title='bbox 821 4419 1039 4490; x_wconf 89' lang='lat' dir='ltr'><strong>quidem</strong></span> <span class='ocrx_word' id='word_1_685' title='bbox 1087 4421 1281 4491; x_wconf 88' lang='lat' dir='ltr'><strong>recipit</strong></span> <span class='ocrx_word' id='word_1_686' title='bbox 1318 4430 1470 4488; x_wconf 88' lang='lat' dir='ltr'><strong>pater</strong></span> <span class='ocrx_word' id='word_1_687' title='bbox 1501 4419 1592 4489; x_wconf 90' lang='lat' dir='ltr'><strong>qui</strong></span> <span class='ocrx_word' id='word_1_688' title='bbox 1623 4430 1908 4476; x_wconf 86' lang='lat' dir='ltr'><strong>tonsuram</strong></span> <span class='ocrx_word' id='word_1_689' title='bbox 1950 4419 2064 4474; x_wconf 80' lang='lat' dir='ltr'><strong>l&#39;ac-</strong></span> 
     </span>
    </p>
   </div>
   <div class='ocr_carea' id='block_1_93' title="bbox 2168 4419 3748 4505">
    <p class='ocr_par' dir='ltr' id='par_1_93' title="bbox 2171 4428 3748 4505">
     <span class='ocr_line' id='line_1_93' title="bbox 2171 4428 3748 4505; baseline 0.003 -26"><span class='ocrx_word' id='word_1_690' title='bbox 2171 4429 2344 4498; x_wconf 77' lang='grc' dir='ltr'>τάσσῃ</span> <span class='ocrx_word' id='word_1_691' title='bbox 2367 4444 2380 4459; x_wconf 80' lang='grc' dir='ltr'><strong>ο</strong></span> <span class='ocrx_word' id='word_1_692' title='bbox 2413 4428 2676 4496; x_wconf 55' lang='lat' dir='ltr'><strong>attain}:</strong></span> <span class='ocrx_word' id='word_1_693' title='bbox 2715 4429 2792 4498; x_wconf 80' lang='grc' dir='ltr'>τῷ</span> <span class='ocrx_word' id='word_1_694' title='bbox 2829 4431 3056 4502; x_wconf 82' lang='grc' dir='ltr'>Χριστῷ</span> <span class='ocrx_word' id='word_1_695' title='bbox 3079 4449 3094 4464; x_wconf 80' lang='grc' dir='ltr'><strong><em>ο</em></strong></span> <span class='ocrx_word' id='word_1_696' title='bbox 3145 4432 3241 4485; x_wconf 80' lang='grc' dir='ltr'>καὶ</span> <span class='ocrx_word' id='word_1_697' title='bbox 3286 4434 3392 4486; x_wconf 89' lang='grc' dir='ltr'>τίνι</span> <span class='ocrx_word' id='word_1_698' title='bbox 3422 4434 3708 4505; x_wconf 80' lang='grc' dir='ltr'>ἁποτάσσῃ</span> <span class='ocrx_word' id='word_1_699' title='bbox 3730 4448 3748 4465; x_wconf 74' lang='grc' dir='ltr'><strong>ο</strong></span> 
     </span>
    </p>
   </div>
   <div class='ocr_carea' id='block_1_94' title="bbox 494 4511 2068 4581">
    <p class='ocr_par' dir='ltr' id='par_1_94' title="bbox 494 4511 2068 4581">
     <span class='ocr_line' id='line_1_94' title="bbox 494 4511 2068 4581; baseline 0 -15"><span class='ocrx_word' id='word_1_700' title='bbox 494 4523 652 4566; x_wconf 90' lang='lat' dir='ltr'><strong>turns</strong></span> <span class='ocrx_word' id='word_1_701' title='bbox 681 4521 765 4565; x_wconf 83' lang='lat' dir='ltr'><strong>est</strong></span> <span class='ocrx_word' id='word_1_702' title='bbox 795 4511 1078 4576; x_wconf 86' lang='lat' dir='ltr'><strong>sacerdos,</strong></span> <span class='ocrx_word' id='word_1_703' title='bbox 1115 4512 1231 4581; x_wconf 88' lang='lat' dir='ltr'><strong>ipse</strong></span> <span class='ocrx_word' id='word_1_704' title='bbox 1261 4513 1461 4568; x_wconf 77' lang='lat' dir='ltr'><strong>iterum</strong></span> <span class='ocrx_word' id='word_1_705' title='bbox 1489 4511 1659 4566; x_wconf 87' lang='lat' dir='ltr'><strong>sumit</strong></span> <span class='ocrx_word' id='word_1_706' title='bbox 1695 4511 1970 4565; x_wconf 80' lang='lat' dir='ltr'><strong>forﬁculas</strong></span> <span class='ocrx_word' id='word_1_707' title='bbox 1999 4512 2068 4566; x_wconf 86' lang='lat' dir='ltr'><strong>ab</strong></span> 
     </span>
    </p>
   </div>
   <div class='ocr_carea' id='block_1_95' title="bbox 494 4602 2066 4674">
    <p class='ocr_par' dir='ltr' id='par_1_95' title="bbox 494 4602 2066 4674">
     <span class='ocr_line' id='line_1_95' title="bbox 494 4602 2066 4674; baseline -0.001 -17"><span class='ocrx_word' id='word_1_708' title='bbox 494 4604 710 4660; x_wconf 87' lang='lat' dir='ltr'><strong>iuitiato</strong></span> <span class='ocrx_word' id='word_1_709' title='bbox 745 4605 1017 4659; x_wconf 86' lang='lat' dir='ltr'><strong>monacho</strong></span> <span class='ocrx_word' id='word_1_710' title='bbox 1046 4604 1142 4673; x_wconf 90' lang='lat' dir='ltr'><strong>qui</strong></span> <span class='ocrx_word' id='word_1_711' title='bbox 1175 4605 1326 4674; x_wconf 81' lang='lat' dir='ltr'><strong>prius</strong></span> <span class='ocrx_word' id='word_1_712' title='bbox 1378 4618 1505 4658; x_wconf 89' lang='lat' dir='ltr'><strong>eum</strong></span> <span class='ocrx_word' id='word_1_713' title='bbox 1530 4602 1904 4672; x_wconf 86' lang='lat' dir='ltr'><strong>amplectitur.</strong></span> <span class='ocrx_word' id='word_1_714' title='bbox 1925 4605 1992 4658; x_wconf 84' lang='lat' dir='ltr'><strong>At</strong></span> <span class='ocrx_word' id='word_1_715' title='bbox 2021 4602 2066 4656; x_wconf 91' lang='lat' dir='ltr'><strong>si</strong></span> 
     </span>
    </p>
   </div>
   <div class='ocr_carea' id='block_1_96' title="bbox 497 4692 2070 4766">
    <p class='ocr_par' dir='ltr' id='par_1_96' title="bbox 497 4692 2070 4766">
     <span class='ocr_line' id='line_1_96' title="bbox 497 4692 2070 4766; baseline -0.001 -18"><span class='ocrx_word' id='word_1_716' title='bbox 497 4695 596 4754; x_wconf 87' lang='lat' dir='ltr'><strong>has</strong></span> <span class='ocrx_word' id='word_1_717' title='bbox 628 4696 822 4766; x_wconf 87' lang='lat' dir='ltr'><strong>accipit</strong></span> <span class='ocrx_word' id='word_1_718' title='bbox 863 4710 1095 4766; x_wconf 88' lang='lat' dir='ltr'><strong>sponsor</strong></span> <span class='ocrx_word' id='word_1_719' title='bbox 1120 4735 1135 4760; x_wconf 94' lang='lat'><strong>,</strong></span> <span class='ocrx_word' id='word_1_720' title='bbox 1171 4694 1369 4749; x_wconf 87' lang='lat' dir='ltr'><strong>deinde</strong></span> <span class='ocrx_word' id='word_1_721' title='bbox 1402 4707 1494 4748; x_wconf 84' lang='lat' dir='ltr'><strong>cas</strong></span> <span class='ocrx_word' id='word_1_722' title='bbox 1526 4693 1618 4747; x_wconf 88' lang='lat' dir='ltr'><strong>dat</strong></span> <span class='ocrx_word' id='word_1_723' title='bbox 1654 4692 1969 4756; x_wconf 82' lang='lat' dir='ltr'><strong>sacerdoti,</strong></span> <span class='ocrx_word' id='word_1_724' title='bbox 2013 4701 2070 4748; x_wconf 86' lang='lat' dir='ltr'><strong>et</strong></span> 
     </span>
    </p>
   </div>
   <div class='ocr_carea' id='block_1_97' title="bbox 493 4783 2068 4852">
    <p class='ocr_par' dir='ltr' id='par_1_97' title="bbox 493 4783 2068 4852">
     <span class='ocr_line' id='line_1_97' title="bbox 493 4783 2068 4852; baseline -0.001 -12"><span class='ocrx_word' id='word_1_725' title='bbox 493 4803 686 4844; x_wconf 86' lang='lat' dir='ltr'><strong>rursus</strong></span> <span class='ocrx_word' id='word_1_726' title='bbox 719 4787 979 4843; x_wconf 84' lang='lat' dir='ltr'><strong>sacerdos</strong></span> <span class='ocrx_word' id='word_1_727' title='bbox 1023 4786 1236 4841; x_wconf 82' lang='lat' dir='ltr'><strong>initiata</strong></span> <span class='ocrx_word' id='word_1_728' title='bbox 1263 4784 1462 4847; x_wconf 87' lang='lat' dir='ltr'><strong>tradit,</strong></span> <span class='ocrx_word' id='word_1_729' title='bbox 1507 4798 1680 4852; x_wconf 89' lang='lat' dir='ltr'><strong>eoque</strong></span> <span class='ocrx_word' id='word_1_730' title='bbox 1717 4783 1914 4837; x_wconf 90' lang='lat' dir='ltr'><strong>iterum</strong></span> <span class='ocrx_word' id='word_1_731' title='bbox 1947 4799 2068 4839; x_wconf 86' lang='lat' dir='ltr'><strong>am-</strong></span> 
     </span>
    </p>
   </div>
   <div class='ocr_carea' id='block_1_98' title="bbox 491 4876 2064 4951">
    <p class='ocr_par' dir='ltr' id='par_1_98' title="bbox 491 4876 2064 4951">
     <span class='ocr_line' id='line_1_98' title="bbox 491 4876 2064 4951; baseline -0.001 -18"><span class='ocrx_word' id='word_1_732' title='bbox 491 4880 768 4951; x_wconf 83' lang='lat' dir='ltr'><strong>plectente</strong></span> <span class='ocrx_word' id='word_1_733' title='bbox 805 4887 861 4933; x_wconf 93' lang='lat' dir='ltr'><strong>et</strong></span> <span class='ocrx_word' id='word_1_734' title='bbox 905 4880 1023 4934; x_wconf 83' lang='lat' dir='ltr'><strong>illas</strong></span> <span class='ocrx_word' id='word_1_735' title='bbox 1065 4877 1314 4947; x_wconf 81' lang='lat' dir='ltr'><strong>sponsori</strong></span> <span class='ocrx_word' id='word_1_736' title='bbox 1365 4880 1666 4945; x_wconf 66' lang='lat' dir='ltr'><strong>pratbente,</strong></span> <span class='ocrx_word' id='word_1_737' title='bbox 1704 4876 1824 4945; x_wconf 87' lang='lat' dir='ltr'><strong>ipse</strong></span> <span class='ocrx_word' id='word_1_738' title='bbox 1868 4877 2064 4932; x_wconf 89' lang='lat' dir='ltr'><strong>iterum</strong></span> 
     </span>
    </p>
   </div>
   <div class='ocr_carea' id='block_1_99' title="bbox 492 4968 2069 5034">
    <p class='ocr_par' dir='ltr' id='par_1_99' title="bbox 492 4968 2069 5034">
     <span class='ocr_line' id='line_1_99' title="bbox 492 4968 2069 5034; baseline 0 -8"><span class='ocrx_word' id='word_1_739' title='bbox 492 4988 588 5027; x_wconf 90' lang='lat' dir='ltr'><strong>cas</strong></span> <span class='ocrx_word' id='word_1_740' title='bbox 618 4972 797 5027; x_wconf 88' lang='lat' dir='ltr'><strong>reddit</strong></span> <span class='ocrx_word' id='word_1_741' title='bbox 824 4970 1118 5026; x_wconf 89' lang='lat' dir='ltr'><strong>sacerdoti.</strong></span> <span class='ocrx_word' id='word_1_742' title='bbox 1156 4969 1311 5034; x_wconf 81' lang='lat' dir='ltr'><strong>Quod</strong></span> <span class='ocrx_word' id='word_1_743' title='bbox 1345 4969 1402 5021; x_wconf 85' lang='lat' dir='ltr'><strong>lit</strong></span> <span class='ocrx_word' id='word_1_744' title='bbox 1441 4968 1581 5022; x_wconf 88' lang='lat' dir='ltr'><strong>trina</strong></span> <span class='ocrx_word' id='word_1_745' title='bbox 1622 4969 1760 5031; x_wconf 87' lang='lat' dir='ltr'><strong>vice,</strong></span> <span class='ocrx_word' id='word_1_746' title='bbox 1794 4981 1850 5024; x_wconf 89' lang='lat' dir='ltr'><strong>et</strong></span> <span class='ocrx_word' id='word_1_747' title='bbox 1878 4971 1933 5025; x_wconf 89' lang='lat' dir='ltr'><strong>in</strong></span> <span class='ocrx_word' id='word_1_748' title='bbox 1971 4972 2069 5026; x_wconf 71' lang='lat' dir='ltr'><strong>bo~</strong></span> 
     </span>
    </p>
   </div>
   <div class='ocr_carea' id='block_1_100' title="bbox 492 5059 2063 5134">
    <p class='ocr_par' dir='ltr' id='par_1_100' title="bbox 492 5059 2063 5134">
     <span class='ocr_line' id='line_1_100' title="bbox 492 5059 2063 5134; baseline 0.001 -17"><span class='ocrx_word' id='word_1_749' title='bbox 492 5080 685 5122; x_wconf 84' lang='lat' dir='ltr'><strong>norem</strong></span> <span class='ocrx_word' id='word_1_750' title='bbox 720 5063 1038 5128; x_wconf 86' lang='lat' dir='ltr'><strong>Trinitatis,</strong></span> <span class='ocrx_word' id='word_1_751' title='bbox 1074 5070 1130 5116; x_wconf 88' lang='lat' dir='ltr'><strong>et</strong></span> <span class='ocrx_word' id='word_1_752' title='bbox 1171 5061 1225 5115; x_wconf 92' lang='lat' dir='ltr'><strong>in</strong></span> <span class='ocrx_word' id='word_1_753' title='bbox 1265 5059 1740 5118; x_wconf 84' lang='lat' dir='ltr'><strong>conﬁrmationem</strong></span> <span class='ocrx_word' id='word_1_754' title='bbox 1772 5061 1889 5129; x_wconf 88' lang='lat' dir='ltr'><strong>ejus</strong></span> <span class='ocrx_word' id='word_1_755' title='bbox 1919 5064 2063 5134; x_wconf 90' lang='lat' dir='ltr'><strong>quod</strong></span> 
     </span>
    </p>
   </div>
   <div class='ocr_carea' id='block_1_101' title="bbox 495 5153 2062 5226">
    <p class='ocr_par' dir='ltr' id='par_1_101' title="bbox 495 5153 2062 5226">
     <span class='ocr_line' id='line_1_101' title="bbox 495 5153 2062 5226; baseline 0 -14"><span class='ocrx_word' id='word_1_756' title='bbox 495 5162 698 5214; x_wconf 80' lang='lat' dir='ltr'><strong>factum</strong></span> <span class='ocrx_word' id='word_1_757' title='bbox 743 5167 851 5211; x_wconf 87' lang='lat' dir='ltr'><strong>est.</strong></span> <span class='ocrx_word' id='word_1_758' title='bbox 889 5156 1157 5210; x_wconf 83' lang='lat' dir='ltr'><strong>Sacerdos</strong></span> <span class='ocrx_word' id='word_1_759' title='bbox 1189 5168 1319 5208; x_wconf 89' lang='lat' dir='ltr'><strong>vero</strong></span> <span class='ocrx_word' id='word_1_760' title='bbox 1369 5153 1526 5207; x_wconf 87' lang='lat' dir='ltr'><strong>tertia</strong></span> <span class='ocrx_word' id='word_1_761' title='bbox 1574 5154 1692 5209; x_wconf 86' lang='lat' dir='ltr'><strong>vico</strong></span> <span class='ocrx_word' id='word_1_762' title='bbox 1733 5156 2010 5226; x_wconf 88' lang='lat' dir='ltr'><strong>accipiens</strong></span> <span class='ocrx_word' id='word_1_763' title='bbox 2046 5174 2062 5212; x_wconf 88' lang='lat'><strong>:</strong></span> 
     </span>
    </p>
   </div>
   <div class='ocr_carea' id='block_1_102' title="bbox 500 5245 2064 5317">
    <p class='ocr_par' dir='ltr' id='par_1_102' title="bbox 500 5245 2064 5317">
     <span class='ocr_line' id='line_1_102' title="bbox 500 5245 2064 5317; baseline 0.004 -17"><span class='ocrx_word' id='word_1_764' title='bbox 500 5270 518 5300; x_wconf 73' lang='grc' dir='ltr'><strong>ι</strong></span> <span class='ocrx_word' id='word_1_765' title='bbox 562 5249 720 5310; x_wconf 82' lang='lat' dir='ltr'><strong>Ecce,</strong></span> <span class='ocrx_word' id='word_1_766' title='bbox 759 5249 855 5311; x_wconf 90' lang='lat' dir='ltr'><strong>ait,</strong></span> <span class='ocrx_word' id='word_1_767' title='bbox 893 5262 924 5300; x_wconf 91' lang='lat' dir='ltr'><strong>e</strong></span> <span class='ocrx_word' id='word_1_768' title='bbox 963 5262 1124 5299; x_wconf 90' lang='lat' dir='ltr'><strong>manu</strong></span> <span class='ocrx_word' id='word_1_769' title='bbox 1185 5245 1388 5300; x_wconf 85' lang='lat' dir='ltr'><strong>Christi</strong></span> <span class='ocrx_word' id='word_1_770' title='bbox 1423 5261 1518 5300; x_wconf 88' lang='lat' dir='ltr'><strong>eas</strong></span> <span class='ocrx_word' id='word_1_771' title='bbox 1560 5247 1763 5317; x_wconf 88' lang='lat' dir='ltr'><strong>accipis</strong></span> <span class='ocrx_word' id='word_1_772' title='bbox 1800 5267 1860 5316; x_wconf 71' lang='lat' dir='ltr'><strong>i;</strong></span> <span class='ocrx_word' id='word_1_773' title='bbox 1901 5252 2064 5305; x_wconf 82' lang='lat' dir='ltr'><strong>terri-</strong></span> 
     </span>
    </p>
   </div>
   <div class='ocr_carea' id='block_1_103' title="bbox 492 5338 2066 5399">
    <p class='ocr_par' dir='ltr' id='par_1_103' title="bbox 492 5338 2066 5399">
     <span class='ocr_line' id='line_1_103' title="bbox 492 5338 2066 5399; baseline 0.003 -5"><span class='ocrx_word' id='word_1_774' title='bbox 492 5342 602 5394; x_wconf 77' lang='lat' dir='ltr'><strong>bile</strong></span> <span class='ocrx_word' id='word_1_775' title='bbox 623 5356 703 5393; x_wconf 80' lang='lat' dir='ltr'><strong>vei</strong></span> <span class='ocrx_word' id='word_1_776' title='bbox 721 5341 848 5395; x_wconf 88' lang='lat' dir='ltr'><strong>bum</strong></span> <span class='ocrx_word' id='word_1_777' title='bbox 871 5346 1162 5392; x_wconf 83' lang='lat' dir='ltr'><strong>tremorem</strong></span> <span class='ocrx_word' id='word_1_778' title='bbox 1178 5338 1450 5392; x_wconf 84' lang='lat' dir='ltr'><strong>incutiens</strong></span> <span class='ocrx_word' id='word_1_779' title='bbox 1466 5339 1837 5398; x_wconf 86' lang='lat' dir='ltr'><strong>audientibus.</strong></span> <span class='ocrx_word' id='word_1_780' title='bbox 1852 5341 2066 5399; x_wconf 85' lang='lat' dir='ltr'><strong>Deinde</strong></span> 
     </span>
    </p>
   </div>
   <div class='ocr_carea' id='block_1_104' title="bbox 496 5433 2065 5504">
    <p class='ocr_par' dir='ltr' id='par_1_104' title="bbox 496 5433 2065 5504">
     <span class='ocr_line' id='line_1_104' title="bbox 496 5433 2065 5504; baseline 0.002 -15"><span class='ocrx_word' id='word_1_781' title='bbox 496 5451 719 5493; x_wconf 78' lang='lat' dir='ltr'><strong>sumens</strong></span> <span class='ocrx_word' id='word_1_782' title='bbox 747 5435 1020 5494; x_wconf 86' lang='lat' dir='ltr'><strong>lorliculas</strong></span> <span class='ocrx_word' id='word_1_783' title='bbox 1044 5435 1176 5489; x_wconf 82' lang='lat' dir='ltr'><strong>dicit</strong></span> <span class='ocrx_word' id='word_1_784' title='bbox 1204 5452 1217 5498; x_wconf 90' lang='lat'><strong>;</strong></span> <span class='ocrx_word' id='word_1_785' title='bbox 1250 5454 1268 5486; x_wconf 75' lang='grc' dir='ltr'><strong>ι</strong></span> <span class='ocrx_word' id='word_1_786' title='bbox 1297 5433 1625 5490; x_wconf 88' lang='lat' dir='ltr'><strong>Benedictus</strong></span> <span class='ocrx_word' id='word_1_787' title='bbox 1658 5434 1801 5490; x_wconf 82' lang='lat' dir='ltr'><strong>Deus</strong></span> <span class='ocrx_word' id='word_1_788' title='bbox 1827 5437 1919 5504; x_wconf 92' lang='lat' dir='ltr'><strong>qui</strong></span> <span class='ocrx_word' id='word_1_789' title='bbox 1952 5437 2065 5492; x_wconf 87' lang='lat' dir='ltr'><strong>vult</strong></span> 
     </span>
    </p>
   </div>
   <div class='ocr_carea' id='block_1_105' title="bbox 496 5527 2064 5602">
    <p class='ocr_par' dir='ltr' id='par_1_105' title="bbox 496 5527 2064 5602">
     <span class='ocr_line' id='line_1_105' title="bbox 496 5527 2064 5602; baseline 0.003 -21"><span class='ocrx_word' id='word_1_790' title='bbox 496 5542 687 5601; x_wconf 79' lang='lat' dir='ltr'><strong>omnes</strong></span> <span class='ocrx_word' id='word_1_791' title='bbox 718 5527 896 5585; x_wconf 83' lang='lat' dir='ltr'><strong>salvos</strong></span> <span class='ocrx_word' id='word_1_792' title='bbox 931 5527 1044 5581; x_wconf 83' lang='lat' dir='ltr'><strong>lleri</strong></span> <span class='ocrx_word' id='word_1_793' title='bbox 1087 5545 1106 5580; x_wconf 70' lang='grc' dir='ltr'><strong>ι</strong></span> <span class='ocrx_word' id='word_1_794' title='bbox 1135 5566 1149 5590; x_wconf 90' lang='grc'><strong>,</strong></span> <span class='ocrx_word' id='word_1_795' title='bbox 1185 5537 1240 5583; x_wconf 90' lang='lat' dir='ltr'><strong>et</strong></span> <span class='ocrx_word' id='word_1_796' title='bbox 1271 5529 1495 5599; x_wconf 89' lang='lat' dir='ltr'><strong>reliqua.</strong></span> <span class='ocrx_word' id='word_1_797' title='bbox 1527 5528 1658 5585; x_wconf 84' lang='lat' dir='ltr'><strong>Nam</strong></span> <span class='ocrx_word' id='word_1_798' title='bbox 1701 5539 1917 5602; x_wconf 82' lang='lat' dir='ltr'><strong>Oportet</strong></span> <span class='ocrx_word' id='word_1_799' title='bbox 1956 5531 2064 5586; x_wconf 88' lang='lat' dir='ltr'><strong>Do-</strong></span> 
     </span>
    </p>
   </div>
   <div class='ocr_carea' id='block_1_106' title="bbox 495 5621 2064 5693">
    <p class='ocr_par' dir='ltr' id='par_1_106' title="bbox 495 5621 2064 5693">
     <span class='ocr_line' id='line_1_106' title="bbox 495 5621 2064 5693; baseline 0.003 -18"><span class='ocrx_word' id='word_1_800' title='bbox 495 5623 648 5675; x_wconf 89' lang='lat' dir='ltr'><strong>mino</strong></span> <span class='ocrx_word' id='word_1_801' title='bbox 697 5621 900 5692; x_wconf 85' lang='lat' dir='ltr'><strong>gratias</strong></span> <span class='ocrx_word' id='word_1_802' title='bbox 951 5635 1110 5691; x_wconf 68' lang='lat' dir='ltr'><strong>agere</strong></span> <span class='ocrx_word' id='word_1_803' title='bbox 1165 5621 1232 5675; x_wconf 92' lang='lat' dir='ltr'><strong>de</strong></span> <span class='ocrx_word' id='word_1_804' title='bbox 1281 5623 1537 5678; x_wconf 80' lang='lat' dir='ltr'><strong>omnibus</strong></span> <span class='ocrx_word' id='word_1_805' title='bbox 1585 5625 1882 5680; x_wconf 79' lang='lat' dir='ltr'><strong>salutiferis</strong></span> <span class='ocrx_word' id='word_1_806' title='bbox 1934 5639 2064 5693; x_wconf 80' lang='lat' dir='ltr'><strong>ope-</strong></span> 
     </span>
    </p>
   </div>
   <div class='ocr_carea' id='block_1_107' title="bbox 498 5712 2062 5783">
    <p class='ocr_par' dir='ltr' id='par_1_107' title="bbox 498 5712 2062 5783">
     <span class='ocr_line' id='line_1_107' title="bbox 498 5712 2062 5783; baseline 0.002 -13"><span class='ocrx_word' id='word_1_807' title='bbox 498 5715 668 5771; x_wconf 89' lang='lat' dir='ltr'><strong>ribus.</strong></span> <span class='ocrx_word' id='word_1_808' title='bbox 701 5712 892 5772; x_wconf 79' lang='lat' dir='ltr'><strong>Statim</strong></span> <span class='ocrx_word' id='word_1_809' title='bbox 921 5727 1050 5783; x_wconf 80' lang='lat' dir='ltr'><strong>ergo</strong></span> <span class='ocrx_word' id='word_1_810' title='bbox 1077 5713 1264 5771; x_wconf 87' lang='lat' dir='ltr'><strong>tondet</strong></span> <span class='ocrx_word' id='word_1_811' title='bbox 1298 5730 1420 5772; x_wconf 89' lang='lat' dir='ltr'><strong>eum</strong></span> <span class='ocrx_word' id='word_1_812' title='bbox 1457 5719 1716 5776; x_wconf 79' lang='lat' dir='ltr'><strong>sacerdos</strong></span> <span class='ocrx_word' id='word_1_813' title='bbox 1756 5719 1806 5775; x_wconf 93' lang='lat' dir='ltr'><strong>in</strong></span> <span class='ocrx_word' id='word_1_814' title='bbox 1839 5719 2062 5778; x_wconf 87' lang='lat' dir='ltr'><strong>nomine</strong></span> 
     </span>
    </p>
   </div>
   <div class='ocr_carea' id='block_1_108' title="bbox 2173 4513 3748 4592">
    <p class='ocr_par' dir='ltr' id='par_1_108' title="bbox 2173 4513 3748 4592">
     <span class='ocr_line' id='line_1_108' title="bbox 2173 4513 3748 4592; baseline 0.005 -23"><span class='ocrx_word' id='word_1_815' title='bbox 2173 4513 2283 4569; x_wconf 75' lang='grc' dir='ltr'>οἷον</span> <span class='ocrx_word' id='word_1_816' title='bbox 2309 4517 2458 4586; x_wconf 86' lang='grc' dir='ltr'>αύτῷ</span> <span class='ocrx_word' id='word_1_817' title='bbox 2479 4517 2554 4586; x_wconf 83' lang='grc' dir='ltr'>τῷ</span> <span class='ocrx_word' id='word_1_818' title='bbox 2583 4518 2771 4589; x_wconf 85' lang='grc' dir='ltr'>κόσμῳ</span> <span class='ocrx_word' id='word_1_819' title='bbox 2790 4521 2946 4591; x_wconf 77' lang='lat'><strong>192</strong></span> <span class='ocrx_word' id='word_1_820' title='bbox 2967 4524 3186 4584; x_wconf 75' lang='grc' dir='ltr'>καὶτοῖς</span> <span class='ocrx_word' id='word_1_821' title='bbox 3215 4522 3312 4576; x_wconf 84' lang='grc' dir='ltr'><strong>τοῦ</strong></span> <span class='ocrx_word' id='word_1_822' title='bbox 3337 4524 3566 4592; x_wconf 83' lang='grc' dir='ltr'>κόσμου.</span> <span class='ocrx_word' id='word_1_823' title='bbox 3605 4525 3748 4578; x_wconf 77' lang='grc' dir='ltr'>«Καὶ</span> 
     </span>
    </p>
   </div>
   <div class='ocr_carea' id='block_1_109' title="bbox 2171 4610 3738 4686">
    <p class='ocr_par' dir='ltr' id='par_1_109' title="bbox 2171 4610 3738 4686">
     <span class='ocr_line' id='line_1_109' title="bbox 2171 4610 3738 4686; baseline 0.004 -24"><span class='ocrx_word' id='word_1_824' title='bbox 2171 4610 2293 4672; x_wconf 63' lang='grc' dir='ltr'>δοὺς</span> <span class='ocrx_word' id='word_1_825' title='bbox 2335 4610 2482 4680; x_wconf 78' lang='grc' dir='ltr'>αὐτῴ</span> <span class='ocrx_word' id='word_1_826' title='bbox 2537 4611 2596 4663; x_wconf 78' lang='grc' dir='ltr'>τὸ</span> <span class='ocrx_word' id='word_1_827' title='bbox 2657 4612 2925 4680; x_wconf 74' lang='grc' dir='ltr'>ψαλίόιον,</span> <span class='ocrx_word' id='word_1_828' title='bbox 2968 4631 2987 4664; x_wconf 75' lang='grc' dir='ltr'><strong>ι</strong></span> <span class='ocrx_word' id='word_1_829' title='bbox 3024 4615 3170 4669; x_wconf 85' lang='grc' dir='ltr'>Λάϐε</span> <span class='ocrx_word' id='word_1_830' title='bbox 3212 4615 3307 4668; x_wconf 76' lang='grc' dir='ltr'><strong>καὶ</strong></span> <span class='ocrx_word' id='word_1_831' title='bbox 3353 4617 3540 4680; x_wconf 81' lang='grc' dir='ltr'>ἐπίδος</span> <span class='ocrx_word' id='word_1_832' title='bbox 3569 4634 3684 4686; x_wconf 86' lang='grc' dir='ltr'>μοι,</span> <span class='ocrx_word' id='word_1_833' title='bbox 3719 4635 3738 4669; x_wconf 71' lang='grc' dir='ltr'><strong>ι</strong></span> 
     </span>
    </p>
   </div>
   <div class='ocr_carea' id='block_1_110' title="bbox 2173 4703 3748 4776">
    <p class='ocr_par' dir='ltr' id='par_1_110' title="bbox 2173 4703 3748 4776">
     <span class='ocr_line' id='line_1_110' title="bbox 2173 4703 3748 4776; baseline 0.006 -23"><span class='ocrx_word' id='word_1_834' title='bbox 2173 4703 2357 4770; x_wconf 75' lang='grc' dir='ltr'>φησὶν,</span> <span class='ocrx_word' id='word_1_835' title='bbox 2382 4703 2465 4755; x_wconf 82' lang='grc' dir='ltr'><strong>ἵνα</strong></span> <span class='ocrx_word' id='word_1_836' title='bbox 2495 4703 2554 4756; x_wconf 83' lang='grc' dir='ltr'>τὸ</span> <span class='ocrx_word' id='word_1_837' title='bbox 2578 4704 2824 4756; x_wconf 78' lang='grc' dir='ltr'>ἑκούσιον</span> <span class='ocrx_word' id='word_1_838' title='bbox 2859 4705 3034 4776; x_wconf 77' lang='grc' dir='ltr'>δείξῃ.</span> <span class='ocrx_word' id='word_1_839' title='bbox 3069 4707 3177 4759; x_wconf 82' lang='lat' dir='ltr'><strong>Kal</strong></span> <span class='ocrx_word' id='word_1_840' title='bbox 3203 4707 3252 4758; x_wconf 81' lang='grc' dir='ltr'><strong>εί</strong></span> <span class='ocrx_word' id='word_1_841' title='bbox 3286 4707 3386 4776; x_wconf 77' lang='grc' dir='ltr'>μὲν</span> <span class='ocrx_word' id='word_1_842' title='bbox 3408 4708 3568 4770; x_wconf 80' lang='grc' dir='ltr'>αὑτός</span> <span class='ocrx_word' id='word_1_843' title='bbox 3594 4709 3748 4762; x_wconf 81' lang='grc' dir='ltr'>ἐστιν</span> 
     </span>
    </p>
   </div>
   <div class='ocr_carea' id='block_1_111' title="bbox 2172 4794 3744 4876">
    <p class='ocr_par' dir='ltr' id='par_1_111' title="bbox 2172 4794 3744 4876">
     <span class='ocr_line' id='line_1_111' title="bbox 2172 4794 3744 4876; baseline 0.006 -29"><span class='ocrx_word' id='word_1_844' title='bbox 2172 4794 2562 4865; x_wconf 81' lang='grc' dir='ltr'>ἀναδεχόμενος</span> <span class='ocrx_word' id='word_1_845' title='bbox 2602 4797 2696 4848; x_wconf 68' lang='grc' dir='ltr'><strong>καὶ</strong></span> <span class='ocrx_word' id='word_1_846' title='bbox 2737 4797 2946 4876; x_wconf 74' lang='grc' dir='ltr'>Πατὴρ,</span> <span class='ocrx_word' id='word_1_847' title='bbox 2977 4799 3006 4850; x_wconf 87' lang='lat'><strong>6</strong></span> <span class='ocrx_word' id='word_1_848' title='bbox 3046 4799 3139 4853; x_wconf 78' lang='grc' dir='ltr'>καὶ</span> <span class='ocrx_word' id='word_1_849' title='bbox 3187 4801 3499 4870; x_wconf 76' lang='grc' dir='ltr'>ἀποκείρων</span> <span class='ocrx_word' id='word_1_850' title='bbox 3539 4803 3744 4874; x_wconf 76' lang='grc' dir='ltr'>ἱερεὺς.</span> 
     </span>
    </p>
   </div>
   <div class='ocr_carea' id='block_1_112' title="bbox 2171 4886 3748 4964">
    <p class='ocr_par' dir='ltr' id='par_1_112' title="bbox 2171 4886 3748 4964">
     <span class='ocr_line' id='line_1_112' title="bbox 2171 4886 3748 4964; baseline 0.008 -26"><span class='ocrx_word' id='word_1_851' title='bbox 2171 4886 2330 4947; x_wconf 72' lang='grc' dir='ltr'>αὐτὸς</span> <span class='ocrx_word' id='word_1_852' title='bbox 2363 4886 2630 4956; x_wconf 80' lang='grc' dir='ltr'>λαμϐάνει</span> <span class='ocrx_word' id='word_1_853' title='bbox 2665 4888 2727 4940; x_wconf 80' lang='grc' dir='ltr'>τὸ</span> <span class='ocrx_word' id='word_1_854' title='bbox 2763 4887 3012 4958; x_wconf 71' lang='grc' dir='ltr'>ψαλίδιον</span> <span class='ocrx_word' id='word_1_855' title='bbox 3043 4889 3203 4945; x_wconf 80' lang='grc' dir='ltr'>πάλιν</span> <span class='ocrx_word' id='word_1_856' title='bbox 3231 4893 3338 4946; x_wconf 59' lang='grc' dir='ltr'>ἀπὶ</span> <span class='ocrx_word' id='word_1_857' title='bbox 3359 4892 3452 4946; x_wconf 90' lang='grc' dir='ltr'><strong>τοῦ</strong></span> <span class='ocrx_word' id='word_1_858' title='bbox 3489 4894 3748 4964; x_wconf 74' lang='grc' dir='ltr'>τελουμέο</span> 
     </span>
    </p>
   </div>
   <div class='ocr_carea' id='block_1_113' title="bbox 2171 4977 3746 5054">
    <p class='ocr_par' dir='ltr' id='par_1_113' title="bbox 2171 4977 3746 5054">
     <span class='ocr_line' id='line_1_113' title="bbox 2171 4977 3746 5054; baseline 0.008 -25"><span class='ocrx_word' id='word_1_859' title='bbox 2171 4995 2263 5030; x_wconf 84' lang='grc' dir='ltr'><strong>νου</strong></span> <span class='ocrx_word' id='word_1_860' title='bbox 2296 4977 2550 5048; x_wconf 81' lang='grc' dir='ltr'>μοναχοῦ,</span> <span class='ocrx_word' id='word_1_861' title='bbox 2595 4980 2987 5049; x_wconf 75' lang='grc' dir='ltr'>ἀσπασαμένου</span> <span class='ocrx_word' id='word_1_862' title='bbox 3034 4981 3226 5036; x_wconf 89' lang='grc' dir='ltr'>τούτου</span> <span class='ocrx_word' id='word_1_863' title='bbox 3267 4984 3560 5054; x_wconf 79' lang='grc' dir='ltr'>πρότερον.</span> <span class='ocrx_word' id='word_1_864' title='bbox 3607 4987 3670 5039; x_wconf 80' lang='lat' dir='ltr'><strong>El</strong></span> <span class='ocrx_word' id='word_1_865' title='bbox 3700 4988 3746 5042; x_wconf 87' lang='grc' dir='ltr'>δ’</span> 
     </span>
    </p>
   </div>
   <div class='ocr_carea' id='block_1_114' title="bbox 2168 5069 3748 5152">
    <p class='ocr_par' dir='ltr' id='par_1_114' title="bbox 2168 5069 3748 5152">
     <span class='ocr_line' id='line_1_114' title="bbox 2168 5069 3748 5152; baseline 0.008 -29"><span class='ocrx_word' id='word_1_866' title='bbox 2168 5069 2260 5124; x_wconf 80' lang='grc' dir='ltr'><strong>οῦν</strong></span> <span class='ocrx_word' id='word_1_867' title='bbox 2291 5071 2561 5141; x_wconf 74' lang='grc' dir='ltr'>λαμϐάνει</span> <span class='ocrx_word' id='word_1_868' title='bbox 2593 5074 2620 5126; x_wconf 90' lang='lat'><strong>6</strong></span> <span class='ocrx_word' id='word_1_869' title='bbox 2649 5073 2908 5142; x_wconf 80' lang='grc' dir='ltr'>ἁνάδοχος</span> <span class='ocrx_word' id='word_1_870' title='bbox 2933 5073 3108 5139; x_wconf 86' lang='grc' dir='ltr'>τοῦτο,</span> <span class='ocrx_word' id='word_1_871' title='bbox 3143 5077 3238 5130; x_wconf 72' lang='grc' dir='ltr'><strong>καὶ</strong></span> <span class='ocrx_word' id='word_1_872' title='bbox 3259 5076 3475 5132; x_wconf 87' lang='grc' dir='ltr'>δίδωσιν</span> <span class='ocrx_word' id='word_1_873' title='bbox 3508 5081 3640 5134; x_wconf 80' lang='grc' dir='ltr'>αὐτὸ</span> <span class='ocrx_word' id='word_1_874' title='bbox 3667 5083 3748 5152; x_wconf 82' lang='grc' dir='ltr'>τῷ</span> 
     </span>
    </p>
   </div>
   <div class='ocr_carea' id='block_1_115' title="bbox 2171 5164 3745 5246">
    <p class='ocr_par' dir='ltr' id='par_1_115' title="bbox 2171 5164 3745 5246">
     <span class='ocr_line' id='line_1_115' title="bbox 2171 5164 3745 5246; baseline 0.009 -31"><span class='ocrx_word' id='word_1_875' title='bbox 2171 5164 2324 5232; x_wconf 76' lang='grc' dir='ltr'>ἱερεῖ.</span> <span class='ocrx_word' id='word_1_876' title='bbox 2365 5165 2472 5219; x_wconf 84' lang='lat' dir='ltr'><strong>Kal</strong></span> <span class='ocrx_word' id='word_1_877' title='bbox 2504 5166 2533 5218; x_wconf 91' lang='lat'><strong>6</strong></span> <span class='ocrx_word' id='word_1_878' title='bbox 2561 5164 2746 5234; x_wconf 76' lang='grc' dir='ltr'>ἱερεὺς</span> <span class='ocrx_word' id='word_1_879' title='bbox 2795 5167 2960 5221; x_wconf 82' lang='grc' dir='ltr'>πάλιν</span> <span class='ocrx_word' id='word_1_880' title='bbox 3011 5169 3244 5238; x_wconf 84' lang='grc' dir='ltr'>παρέχει</span> <span class='ocrx_word' id='word_1_881' title='bbox 3281 5171 3360 5242; x_wconf 85' lang='grc' dir='ltr'>τῷ</span> <span class='ocrx_word' id='word_1_882' title='bbox 3397 5174 3745 5246; x_wconf 76' lang='grc' dir='ltr'>τιλουμένῳ·</span> 
     </span>
    </p>
   </div>
   <div class='ocr_carea' id='block_1_116' title="bbox 2168 5249 3748 5336">
    <p class='ocr_par' dir='ltr' id='par_1_116' title="bbox 2168 5249 3748 5336">
     <span class='ocr_line' id='line_1_116' title="bbox 2168 5249 3748 5336; baseline 0.007 -28"><span class='ocrx_word' id='word_1_883' title='bbox 2168 5249 2230 5308; x_wconf 75' lang='grc' dir='ltr'><strong>οῦ</strong></span> <span class='ocrx_word' id='word_1_884' title='bbox 2263 5256 2356 5308; x_wconf 75' lang='grc' dir='ltr'><strong>καὶ</strong></span> <span class='ocrx_word' id='word_1_885' title='bbox 2386 5255 2766 5336; x_wconf 61' lang='grc' dir='ltr'>ἀσπαζομένου</span> <span class='ocrx_word' id='word_1_886' title='bbox 2821 5258 2982 5313; x_wconf 83' lang='grc' dir='ltr'>πάλιν</span> <span class='ocrx_word' id='word_1_887' title='bbox 3031 5261 3124 5314; x_wconf 80' lang='grc' dir='ltr'>καὶ</span> <span class='ocrx_word' id='word_1_888' title='bbox 3183 5262 3417 5326; x_wconf 80' lang='grc' dir='ltr'>διδόντος</span> <span class='ocrx_word' id='word_1_889' title='bbox 3465 5266 3624 5319; x_wconf 78' lang='grc' dir='ltr'>τοῦτο</span> <span class='ocrx_word' id='word_1_890' title='bbox 3667 5267 3748 5336; x_wconf 80' lang='grc' dir='ltr'>τῷ</span> 
     </span>
    </p>
   </div>
   <div class='ocr_carea' id='block_1_117' title="bbox 2170 5341 3748 5424">
    <p class='ocr_par' dir='ltr' id='par_1_117' title="bbox 2170 5341 3748 5424">
     <span class='ocr_line' id='line_1_117' title="bbox 2170 5341 3748 5424; baseline 0.007 -23"><span class='ocrx_word' id='word_1_891' title='bbox 2170 5349 2432 5418; x_wconf 70' lang='grc' dir='ltr'>ἀναδόχῳ,</span> <span class='ocrx_word' id='word_1_892' title='bbox 2469 5347 2630 5412; x_wconf 78' lang='grc' dir='ltr'>αὐτὸς</span> <span class='ocrx_word' id='word_1_893' title='bbox 2663 5349 2841 5403; x_wconf 81' lang='grc' dir='ltr'>δίδωσι</span> <span class='ocrx_word' id='word_1_894' title='bbox 2894 5351 3060 5405; x_wconf 80' lang='grc' dir='ltr'>πάλιν</span> <span class='ocrx_word' id='word_1_895' title='bbox 3115 5341 3193 5423; x_wconf 65' lang='grc' dir='ltr'>’τῷ</span> <span class='ocrx_word' id='word_1_896' title='bbox 3233 5355 3388 5424; x_wconf 80' lang='grc' dir='ltr'>ἱερεῖ.</span> <span class='ocrx_word' id='word_1_897' title='bbox 3448 5357 3557 5411; x_wconf 81' lang='grc' dir='ltr'><strong>Καὶ</strong></span> <span class='ocrx_word' id='word_1_898' title='bbox 3585 5357 3748 5413; x_wconf 84' lang='grc' dir='ltr'>τοῦτο</span> 
     </span>
    </p>
   </div>
   <div class='ocr_carea' id='block_1_118' title="bbox 2168 5439 3746 5515">
    <p class='ocr_par' dir='ltr' id='par_1_118' title="bbox 2168 5439 3746 5515">
     <span class='ocr_line' id='line_1_118' title="bbox 2168 5439 3746 5515; baseline 0.001 -19"><span class='ocrx_word' id='word_1_899' title='bbox 2168 5443 2376 5513; x_wconf 86' lang='grc' dir='ltr'>γίνεται</span> <span class='ocrx_word' id='word_1_900' title='bbox 2400 5441 2492 5494; x_wconf 70' lang='grc' dir='ltr'>ἐπὶ</span> <span class='ocrx_word' id='word_1_901' title='bbox 2523 5439 2662 5511; x_wconf 78' lang='grc' dir='ltr'>τρὶς.</span> <span class='ocrx_word' id='word_1_902' title='bbox 2696 5439 2775 5503; x_wconf 81' lang='grc' dir='ltr'><strong>εἷς</strong></span> <span class='ocrx_word' id='word_1_903' title='bbox 2801 5457 2860 5493; x_wconf 82' lang='grc' dir='ltr'><strong>τε</strong></span> <span class='ocrx_word' id='word_1_904' title='bbox 2890 5443 3054 5511; x_wconf 84' lang='grc' dir='ltr'>τιμὴν</span> <span class='ocrx_word' id='word_1_905' title='bbox 3084 5443 3182 5513; x_wconf 82' lang='grc' dir='ltr'><strong>τῆς</strong></span> <span class='ocrx_word' id='word_1_906' title='bbox 3231 5444 3484 5515; x_wconf 81' lang='grc' dir='ltr'>Τριάδος,</span> <span class='ocrx_word' id='word_1_907' title='bbox 3521 5451 3614 5502; x_wconf 78' lang='grc' dir='ltr'>καὶ</span> <span class='ocrx_word' id='word_1_908' title='bbox 3648 5450 3746 5503; x_wconf 75' lang='grc' dir='ltr'><strong>τοῦ</strong></span> 
     </span>
    </p>
   </div>
   <div class='ocr_carea' id='block_1_119' title="bbox 2169 5532 3745 5606">
    <p class='ocr_par' dir='ltr' id='par_1_119' title="bbox 2169 5532 3745 5606">
     <span class='ocr_line' id='line_1_119' title="bbox 2169 5532 3745 5606; baseline 0.007 -25"><span class='ocrx_word' id='word_1_909' title='bbox 2169 5533 2456 5603; x_wconf 81' lang='grc' dir='ltr'>γινομένου</span> <span class='ocrx_word' id='word_1_910' title='bbox 2491 5532 2802 5602; x_wconf 84' lang='grc' dir='ltr'>βεϐαίωσιν.</span> <span class='ocrx_word' id='word_1_911' title='bbox 2841 5533 2951 5586; x_wconf 84' lang='lat' dir='ltr'><strong>Kal</strong></span> <span class='ocrx_word' id='word_1_912' title='bbox 2993 5537 3021 5587; x_wconf 91' lang='lat'><strong>6</strong></span> <span class='ocrx_word' id='word_1_913' title='bbox 3044 5537 3222 5604; x_wconf 81' lang='grc' dir='ltr'>ἱερεὺς</span> <span class='ocrx_word' id='word_1_914' title='bbox 3249 5538 3310 5589; x_wconf 85' lang='grc' dir='ltr'>τὸ</span> <span class='ocrx_word' id='word_1_915' title='bbox 3341 5538 3527 5606; x_wconf 72' lang='grc' dir='ltr'>τρίτον</span> <span class='ocrx_word' id='word_1_916' title='bbox 3544 5539 3745 5604; x_wconf 78' lang='grc' dir='ltr'>διδοὺς,</span> 
     </span>
    </p>
   </div>
   <div class='ocr_carea' id='block_1_120' title="bbox 2168 5625 3740 5700">
    <p class='ocr_par' dir='ltr' id='par_1_120' title="bbox 2168 5625 3740 5700">
     <span class='ocr_line' id='line_1_120' title="bbox 2168 5625 3740 5700; baseline 0.005 -23"><span class='ocrx_word' id='word_1_917' title='bbox 2168 5628 2368 5696; x_wconf 73' lang='grc' dir='ltr'>φησίνο</span> <span class='ocrx_word' id='word_1_918' title='bbox 2413 5643 2432 5676; x_wconf 85' lang='grc'><strong>‹</strong></span> <span class='ocrx_word' id='word_1_919' title='bbox 2482 5625 2617 5677; x_wconf 73' lang='grc' dir='ltr'>Ἰδοὺ</span> <span class='ocrx_word' id='word_1_920' title='bbox 2670 5626 2733 5678; x_wconf 80' lang='grc' dir='ltr'><strong>ἐκ</strong></span> <span class='ocrx_word' id='word_1_921' title='bbox 2761 5625 2861 5696; x_wconf 83' lang='grc' dir='ltr'><strong>τῆς</strong></span> <span class='ocrx_word' id='word_1_922' title='bbox 2916 5627 3095 5698; x_wconf 81' lang='grc' dir='ltr'>χειρὸς</span> <span class='ocrx_word' id='word_1_923' title='bbox 3125 5627 3216 5681; x_wconf 87' lang='grc' dir='ltr'><strong>τοῦ</strong></span> <span class='ocrx_word' id='word_1_924' title='bbox 3257 5629 3497 5700; x_wconf 83' lang='grc' dir='ltr'>Χριστοῦ</span> <span class='ocrx_word' id='word_1_925' title='bbox 3526 5632 3740 5700; x_wconf 77' lang='grc' dir='ltr'>λαμϐά-</span> 
     </span>
    </p>
   </div>
   <div class='ocr_carea' id='block_1_121' title="bbox 2168 5717 3736 5797">
    <p class='ocr_par' dir='ltr' id='par_1_121' title="bbox 2168 5717 3736 5797">
     <span class='ocr_line' id='line_1_121' title="bbox 2168 5717 3736 5797; baseline 0.004 -21"><span class='ocrx_word' id='word_1_926' title='bbox 2168 5737 2278 5784; x_wconf 81' lang='grc' dir='ltr'>νεις</span> <span class='ocrx_word' id='word_1_927' title='bbox 2315 5717 2468 5774; x_wconf 82' lang='grc' dir='ltr'>αὑτό.</span> <span class='ocrx_word' id='word_1_928' title='bbox 2505 5735 2524 5770; x_wconf 76' lang='grc' dir='ltr'><strong>ι</strong></span> <span class='ocrx_word' id='word_1_929' title='bbox 2580 5718 2814 5792; x_wconf 77' lang='grc' dir='ltr'>Φοϐερὺς</span> <span class='ocrx_word' id='word_1_930' title='bbox 2858 5722 2885 5774; x_wconf 90' lang='lat'><strong>6</strong></span> <span class='ocrx_word' id='word_1_931' title='bbox 2910 5719 3086 5791; x_wconf 85' lang='grc' dir='ltr'>λόγος.</span> <span class='ocrx_word' id='word_1_932' title='bbox 3129 5723 3220 5777; x_wconf 67' lang='grc' dir='ltr'><strong>καὶ</strong></span> <span class='ocrx_word' id='word_1_933' title='bbox 3251 5724 3456 5797; x_wconf 73' lang='grc' dir='ltr'>φρίκην</span> <span class='ocrx_word' id='word_1_934' title='bbox 3486 5724 3736 5795; x_wconf 76' lang='grc' dir='ltr'>ἐμποιῶν</span> 
     </span>
    </p>
   </div>
  </div>
