4078 6408
308 389 410 455 497

1615 404 1712 466 ΒΕ
1750 406 2264 472 PtENiTENTLl‘.

3467 409 3569 470 493

296 507 410 568 τοῖς
437 505 750 562 ἀκούουσιν.
791 503 924 562 Εἶτα
976 511 1158 564 λαϐὼν
1202 510 1262 564 τὸ
1293 513 1558 582 ψαλίδιον,
1610 518 1876 586 ἐπιλέγει,

2001 521 2313 587 Trinitatis,
2348 521 2500 577 illum
2537 538 2749 577 summa
2779 523 2992 579 cervice
3039 527 3089 577 in
3125 520 3354 577 formam
3391 521 3570 576 crucis

304 619 324 651 ι
366 598 671 668 Εὐλογητὸς
717 601 745 653 ὁ
779 601 910 664 Dab;
938 605 965 655 ὁ
989 603 1160 660 θέλων
1191 605 1399 668 πάντας
1433 608 1696 677 σωθῆναι,
1736 630 1752 660 ι
1787 612 1884 664 καὶ

294 690 368 744 τὰ
396 690 582 746 λοιπά.
623 693 718 744 Δεῖ
747 693 858 762 γὰρ
893 695 1238 765 εὐχαριστεῖν
1267 698 1348 768 τῷ
1394 700 1586 771 Κυρίῳ
1631 704 1724 755 ἐπὶ
1751 705 1884 757 πᾶσι

296 785 412 848 τοῖς
451 785 742 855 σωτηρίοις
769 786 975 857 ἔργοις.
1017 790 1191 853 Εὐθὺς
1217 786 1310 844 οὖν
1342 793 1630 862 ἀποκείρει
1657 795 1823 849 αὐτὸν
1855 798 1884 850 ὁ

298 878 482 947 ἱερεὺς
521 879 602 942 είς
651 879 826 948 ὄνομα
863 897 964 951 της
990 881 1241 952 Τριάδος,
1293 886 1655 956 σταυροειδῶς
1679 887 1884 958 κείρων

297 968 462 1022 αὐτὸν
489 969 598 1022 ἀπὸ
629 976 896 1041 κορυφῆς,
931 973 1026 1026 καὶ
1048 974 1148 1038 τὰς
1175 975 1367 1047 τρίχας
1395 977 1475 1047 τῷ
1510 977 1885 1051 θυσιαστηρίῳ

297 1061 616 1132 ἀποτίθησι,
641 1062 878 1129 δεικνὺς,
902 1065 979 1128 ὡς
1001 1066 1226 1139 ἀπαρχὴ
1252 1062 1418 1124 αὗται
1443 1073 1538 1126 καὶ
1567 1071 1744 1140 δῶρόν
1775 1075 1888 1126 εισι

301 1153 380 1218 τῷ
409 1151 528 1217 Θεῷ
558 1153 632 1216 ὡς
658 1155 751 1208 καὶ
777 1157 807 1208 ὁ
838 1159 1225 1228 προσενεχθεὶς
1252 1160 1394 1225 ὅλος,
1429 1163 1524 1215 καὶ
1548 1161 1709 1215 θυσία
1735 1161 1889 1226 ζῶσα

305 1239 400 1291 καὶ
431 1240 744 1311 εὐάρεστος.
771 1241 905 1297 Εἶτα
929 1247 1024 1299 καὶ
1047 1248 1115 1300 τὰ
1135 1249 1227 1300 τοῦ
1252 1251 1532 1319 σχήματος
1563 1250 1885 1319 ἐνδιδύσκει,

299 1329 529 1385 ἕκαστον
567 1334 884 1401 σφραγίζων
909 1337 988 1406 τῷ
1014 1337 1110 1390 τοῦ
1149 1340 1387 1412 σταυροῦ
1415 1341 1594 1412 τύπῳ.
1621 1343 1732 1398 Καὶ
1765 1344 1884 1397 ἐπι-

298 1421 496 1486 λέγων,
528 1443 545 1475 ι
585 1424 865 1482 Ἐνδύεται
892 1431 919 1482 ὁ
944 1430 1128 1493 δοῦλος
1158 1433 1254 1486 τοῦ
1277 1433 1440 1494 Θεοῦ,
1478 1435 1511 1506 ἢ
1544 1436 1879 1508 περιζώννυ-

299 1527 411 1583 ται,
443 1517 476 1589 ἢ
511 1519 825 1588 ὑποδύεται,
861 1521 1101 1593 ἢέτὲρόν
1137 1540 1210 1587 τι,
1243 1527 1324 1588 είς
1358 1526 1418 1579 τὸ
1437 1527 1608 1597 ὄνομα
1634 1529 1727 1582 τοῦ
1770 1529 1884 1580 Πα-

299 1606 430 1676 τρὸς
459 1611 553 1663 καὶ
585 1611 678 1666 τοῦ
709 1613 857 1679 Υἱοῦ,
889 1618 981 1667 καὶ
1021 1615 1114 1668 τοῦ
1130 1617 1287 1684 ἁγίου
1321 1618 1660 1687 Πνεύματος·
1699 1641 1718 1674 ι
1750 1621 1842 1674 καί
1866 1637 1880 1652 α

1991 614 2287 676 abradens,
2318 623 2372 669 et
2405 615 2633 684 capillos
2668 615 2824 668 altari
2853 616 3107 686 imponit,
3143 623 3453 669 monstrans
3476 629 3572 667 eas

1990 720 2117 760 esse
2153 705 2263 760 Deo
2294 705 2567 775 primitias
2594 715 2649 760 et
2689 706 2894 760 donum
2923 746 2936 766 .
2971 716 3134 776 prout
3174 706 3262 759 ille
3298 716 3444 760 totus
3485 705 3570 760 of-

1992 799 2186 853 fcrtur‘
2219 798 2550 853 sacriﬁcium
2607 799 2793 854 vivum
2845 808 2900 854 et
2948 798 3302 868 aet-optabile.
3367 798 3572 852 Deinde

1995 891 2180 945 habitu
2215 905 2338 946 etnn
2373 891 2573 949 induit.
2605 891 2817 963 singula
2853 892 3076 962 signans
3102 890 3256 959 signo
3283 891 3488 956 crucis,
3518 898 3574 943 et

1989 981 2177 1037 dicens
2205 1000 2218 1037 :
2251 1001 2270 1035 ι
2305 981 2559 1038 induitur
2590 998 2785 1039 servus
2817 983 2936 1046 Dei,
2963 984 3046 1038 vel
3085 979 3455 1052 praecingitur,
3489 981 3573 1035 vel

1989 1074 2347 1141 subvestitur,
2396 1087 2491 1130 aut
2533 1074 2679 1131 aliud
2722 1076 2875 1143 quid,
2924 1077 2978 1129 in
3017 1076 3239 1130 nomine
3274 1073 3488 1140 Patris,
3519 1082 3575 1128 et

1994 1166 2118 1222 Filii
2154 1176 2210 1222 et
2245 1168 2486 1238 Spiritus
2519 1169 2733 1232 sancti;
2772 1187 2790 1220 ι
2829 1177 2884 1222 et
2918 1185 2932 1222 :
2974 1186 2992 1218 ι
3028 1168 3288 1222 Dicamus
3331 1183 3425 1236 pro
3457 1182 3524 1221 eo
3557 1183 3571 1217 ι

1992 1260 2176 1332 Kyrie,
2210 1261 2439 1316 eleison.
2483 1281 2500 1312 ι
2537 1261 2694 1327 Quod
2727 1270 2809 1315 ter
2856 1261 2909 1315 in
2943 1261 3172 1332 singulis
3206 1259 3275 1315 ab
3315 1261 3585 1333 omnibus
3660 1318 3666 1339 ,

1991 1349 2212 1414 dicitur,
2251 1365 2360 1419 quo
2402 1353 2712 1423 ostenditur
2745 1352 2898 1406 illum
2934 1352 2986 1406 in
3021 1352 3294 1406 Trinitate
3331 1353 3572 1418 conlegi.

1990 1441 2347 1510 divinumque
2373 1442 2810 1497 misericordiam
2839 1459 2960 1498 esse
2986 1460 3153 1512 Super
3180 1460 3302 1499 eum
3327 1461 3340 1508 ;
3372 1451 3426 1496 et
3459 1441 3573 1510 ipsa

1993 1523 2249 1588 monachi
2299 1535 2479 1589 oratio
2529 1535 2803 1606 praecipue
2855 1535 3093 1590 intendit
3135 1543 3192 1588 ut
3247 1552 3277 1588 a
3344 1535 3576 1588 Domino

1994 1620 2125 1678 Jesu
2155 1625 2372 1679 invocet
2405 1627 2869 1681 misericordiam.

308 1720 328 1754 ι
369 1701 626 1776 Είπωμεν
667 1707 808 1776 ὑπὲρ
858 1709 1023 1762 αὑτοῦ
1053 1710 1136 1777 τὸ,
1170 1712 1340 1782 Κύριε
1371 1714 1616 1782 ἐλέησον.
1657 1732 1675 1764 ι
1722 1717 1786 1767 Ὀ
1855 1717 1950 1769 καὶ
1987 1718 2108 1785 τρὶς
2142 1718 2200 1770 ὲν
2245 1719 2465 1788 ἑκάστῳ
2502 1724 2655 1791 παρὰ
2699 1721 2916 1774 πάντων
2947 1721 3189 1797 λέγεται,
3220 1720 3575 1790 δηλουμένου,

304 1797 377 1858 ὡς
400 1799 457 1850 ἐν
483 1801 546 1868 τῇ
584 1797 774 1870 Τριάδι
803 1801 1120 1870 τειχίζεται,
1155 1805 1246 1856 καὶ
1311 1806 1373 1858 τὸ
1442 1804 1586 1859 θεῖον
1613 1805 1766 1872 ἔλεός
1803 1808 1952 1860 ἐστιν
1981 1808 2070 1861 ἐπ’
2102 1810 2274 1880 αὐτῷ’
2317 1814 2410 1864 καὶ
2437 1812 2578 1882 αῦτη
2607 1815 2640 1881 ἡ
2677 1812 2810 1884 εὐχὴ
2849 1813 3146 1882 ἐξαιρέτως
3179 1811 3273 1863 τοῦ
3311 1807 3575 1882 μοναχοῦ,

307 1887 363 1940 τὸ
402 1890 549 1955 παρὰ
573 1891 667 1946 τοῦ
701 1895 904 1964 Κυρίου
930 1897 1107 1966 Ἰησοῦ
1139 1897 1489 1951 ἐκκαλεῖσθαι
1521 1898 1608 1950 τὸν
1642 1897 1811 1953 ἔλεον.

860 2015 900 2066 1(
916 2016 1112 2070 ΕΦΛΛ.
1161 2015 1322 2070 Συιπ.

307 2101 369 2155 Τί
388 2101 650 2169 δηλοῦσι
678 2105 752 2159 τὰ
786 2105 892 2158 τοῦ
913 2107 1077 2189 ἱερρῦ
1105 2090 1422 2176 σχήματος
1447 2108 1569 2164 τῶν
1602 2107 1891 2180 μονίιχῶν

988 2194 1204 2247 (rugata.

381 2263 658 2320 Ἐνδύεται
687 2267 743 2322 δὲ
779 2269 996 2341 πρῶτον
1031 2272 1153 2339 μὲν,
1191 2272 1349 2342 φησὶ,
1381 2271 1589 2342 χιτῶνα
1617 2272 1892 2345 εὐφροσύ-

308 2377 404 2425 νης
431 2361 525 2414 καὶ
555 2362 957 2430 ἀγαλλιάσεως,
1002 2365 1124 2420 ἀντὶ
1161 2365 1261 2435 τῆς
1302 2366 1642 2436 γυμνώσεως
1678 2367 1894 2438 ἐκείνης

307 2469 366 2504 τε
393 2453 488 2506 καὶ
509 2457 794 2528 αἰσχύνης,
828 2461 925 2511 καὶ
951 2463 1050 2530 τῆς
1077 2460 1649 2531 παρακολουοησάσης
1671 2461 1760 2515 διὰ
1791 2461 1896 2531 τῆς

312 2547 596 2617 παρακοῆς
628 2553 726 2602 καὶ
755 2551 856 2620 τῆς
884 2551 1158 2621 ἁμαρτίας
1188 2551 1398 2622 φθορᾶς
1422 2553 1518 2606 τοῦ
1547 2553 1781 2608 θανάτου
1802 2552 1897 2606 καὶ

312 2639 410 2706 τῆς
462 2639 659 2712 λύπης,
716 2643 783 2712 ἣν
839 2644 1060 2714 ἀναιρεῖ
1111 2646 1180 2698 δι’
1213 2645 1466 2715 ὑπακοῆς
1500 2647 1597 2699 καὶ
1647 2647 1894 2716 ἀφθόρου

311 2732 460 2803 ζωῆς
489 2735 548 2790 τὸ
585 2737 874 2807 μοναδικὺν
899 2739 1088 2808 σχῆμα
1113 2739 1175 2791 τὸ
1201 2738 1385 2805 6mm.-
1424 2736 1559 2792 Εἶτα
1582 2739 1642 2792 τὸ
1671 2739 1898 2792 παλλίον

303 2827 398 2880 τοῦ
419 2830 654 2898 μεγάλου
677 2833 976 2902 σχήματος.
1000 2852 1016 2883 ι
1032 2834 1124 2895 Et;
1143 2832 1356 2903 στολὴν,
1375 2833 1568 2900 λέγων,
1591 2831 1898 2903 ἀφθαρσίας

308 2925 401 2975 καὶ
427 2925 812 2995 σεμνότητος.)
844 2927 920 2990 ὡς
969 2927 1105 2980 Θ;οῦ
1139 2927 1352 2998 σκέπης
1395 2930 1649 2997 σημεῖον,
1682 2927 1770 2982 διὰ
1797 2929 1900 2996 τῆς

306 3020 364 3070 ἐν
387 3017 645 3090 εὐλαϐείᾳ
664 3019 815 3087 ζωῆς
838 3021 1203 3090 χαριζόμενον
1236 3022 1382 3096 ζωὴν
1409 3021 1627 3076 αἰώνιον
1658 3024 1734 3092 τῷ
1761 3025 1900 3094 λαμ-

306 3112 547 3172 ϐάνοντι.
600 3113 684 3165 ἔτι
733 3112 789 3166 δὲ
832 3115 927 3166 καὶ
957 3115 1040 3177 εἰς
1064 3113 1212 3167 θείαν
1240 3114 1558 3184 περιϐολὴν,
1590 3116 1656 3186 ῆν
1680 3116 1713 3186 ἡ
1740 3115 1901 3186 χάρις

305 3205 398 3259 τοῦ
435 3206 749 3275 Πνεύματος
775 3205 1018 3272 δίδωσιν,
1051 3206 1176 3260 ἀντὶ
1208 3207 1318 3260 τῶν
1361 3207 1710 3278 δερματίνων
1733 3208 1900 3278 χιτώ-

277 3343 280 3346 .
307 3313 432 3352 νων.
466 3296 599 3351 Εἶτα
623 3297 682 3350 τὸ
718 3316 761 3349 κ·
785 3298 1037 3352 υκούλιον
1069 3297 1168 3368 τῆς
1197 3299 1460 3363 ἀκακίας.
1502 3301 1636 3364 «Εἰς
1667 3317 1894 3370 περικε-

307 3389 548 3458 φαλαίαν
579 3391 794 3455 ἐλπίδος
826 3393 1117 3462 σωτηρίου,
1136 3413 1154 3446 ι
1194 3394 1388 3462 λέγων,
1423 3395 1509 3447 διὰ
1531 3395 1632 3464 τὴν
1659 3397 1722 3447 ὲκ
1753 3392 1890 3446 Θεοῦ

304 3483 405 3552 τῆς
434 3485 658 3553 χάριτος
683 3483 1016 3551 ὲπισκίασιν,
1046 3487 1142 3538 καὶ⁵
1180 3485 1276 3538 τοῦ
1305 3485 1643 3556 ἡγεμονικοῦ
1668 3485 1756 3538 διὰ
1794 3486 1893 3552 τῆς

307 3578 816 3651 ταπεινοφροσύνης
861 3591 958 3633 και
999 3579 1102 3649 τῆς
1155 3580 1398 3640 ἀκακίας
1438 3579 1582 3634 κατὰ
1619 3579 1689 3633 τὰ
1728 3578 1894 3633 ἄδολα

309 3671 480 3740 νήπια
514 3671 744 3742 ῦψωσιν,
796 3673 892 3726 καὶ
936 3672 1017 3727 ἔτι
1063 3673 1162 3742 τῆς
1193 3672 1442 3740 κεφαλῆς
1498 3673 1640 3738 μετὰ
1673 3673 1895 3726 πάντων

314 3765 420 3818 τῶν
453 3763 824 3836 αἰσθητηρίων
845 3764 947 3836 τὴν
969 3766 1032 3818 ὲκ
1055 3765 1148 3818 τοῦ
1198 3764 1334 3818 Θεοῦ
1387 3764 1638 3834 φυλακὴν
1671 3765 1766 3818 καὶ
1799 3783 1894 3817 πε-

318 3857 589 3928 ρὶθαλῷιν.
623 3860 686 3912 Ὅ
715 3858 778 3929 δὴ
823 3858 916 3911 κα)⁸
944 3856 1257 3929 ἔμπροσθεν
1297 3874 1364 3910 πε
1379 3859 1432 3925 pl
1477 3858 1538 3911 τὸ
1574 3858 1772 3929 στῆθος
1805 3858 1896 3912 διὰ

312 3953 374 4006 τὸ
396 3952 706 4022 λογιστικὸν
731 3956 826 4006 καὶ
853 3953 954 4024 τὴν
975 3953 1204 4022 καρδίαν
1229 3951 1326 4006 καὶ
1355 3951 1584 4006 ὄπισθεν
1616 3953 1898 4023 ἐκκρέμα-

311 4063 423 4112 ται,
448 4047 716 4118 σταυροὺς
741 4045 1009 4117 ὲρυθροὺς
1039 4046 1362 4117 περιφέρον,
1387 4049 1466 4109 είς
1495 4047 1558 4098 τὸ
1579 4045 1799 4099 διώκειν
1819 4045 1897 4115 τῷ

315 4137 581 4209 βασιλικῷ
617 4139 713 4193 καὶ
744 4138 960 4208 φρικτῷ
997 4139 1212 4208 σημείῳ
1267 4139 1397 4202 τοὺς
1448 4138 1574 4192 καθ’
1615 4139 1773 4208 ήμῶν
1801 4138 1898 4205 ἔμ-

316 4235 553 4306 προσθέν
591 4250 652 4286 τε
681 4234 776 4287 καὶ
807 4231 1032 4286 ὄπισθεν
1058 4232 1519 4302 ἐπεμϐαίνοντας.
1549 4232 1782 4285 Ἔπειτα
1805 4233 1898 4284 τὸν

314 4327 587 4383 ἀνάλαδον
615 4327 678 4379 ἐκ
703 4325 992 4396 δερμάτων
1041 4323 1182 4390 ζὼου
1227 4325 1315 4378 διὰ
1341 4325 1440 4396 τὴν
1469 4327 1581 4381 τῶν
1611 4325 1899 4395 κοσμικῶν

314 4420 584 4488 νέκρωσιν
613 4419 720 4472 ἀπὸ
751 4419 860 4497 τῷν
891 4417 1060 4487 ὤμων
1094 4416 1409 4488 ἔμπροσθέν
1437 4435 1497 4469 τε
1526 4435 1660 4472 σταυ
1672 4421 1899 4488 ροειδῶς

313 4516 408 4566 καὶ
434 4512 679 4578 ὄπισθεν,
735 4513 941 4583 σημεῖα
992 4512 1337 4582 κεκτημένον
1388 4512 1653 4583 σταυροῦ,
1689 4513 1898 4581 μᾶλλον

317 4607 376 4661 δὲ
399 4607 564 4659 αὑτὸν
593 4605 936 4658 ἐκτυποῦντα
967 4603 1060 4656 τδν
1096 4603 1350 4673 σταυρὸν,
1386 4623 1406 4657 ι
1440 4603 1894 4674 Ἀναλαμϐάνων,

315 4697 488 4765 λέγων
516 4699 544 4750 ὁ
607 4698 808 4766 ἱερεὺς,
840 4697 932 4748 τὸν
966 4695 1202 4763 σταυρὸν
1234 4694 1402 4747 αὐτοῦ
1440 4697 1532 4748 ἐπὶ
1561 4697 1672 4749 τῶν
1703 4696 1894 4765 ὤμων,
1930 4722 1978 4781 D

316 4787 411 4843 καὶ
439 4787 750 4840 ἀκολουθῶν
777 4786 855 4854 τῷ
893 4787 1164 4857 Δεσπότῃ,
1210 4785 1357 4838 καθὰ
1411 4785 1475 4856 δὴ
1506 4787 1905 4858 καθωμολόγη-

317 4896 427 4934 σεν.
465 4899 484 4933 ι
521 4875 659 4933 Εἶτα
706 4879 800 4930 ἐπὶ
849 4876 1067 4939 τούτοις
1091 4877 1190 4945 τὴν
1231 4877 1434 4947 ζώνην,
1467 4878 1564 4930 καὶ
1592 4877 1803 4948 ταύτην
1836 4879 1901 4930 ἐκ

313 4973 606 5043 δέρματος,
643 4971 1044 5043 περιζώννυται
1075 4970 1274 5039 λέγων,
1321 4989 1339 5022 ι
1383 4971 1496 5039 Τὴν
1522 4970 1695 5038 ὀσφῦν
1731 4971 1901 5024 αὐτοῦ

314 5068 396 5128 εἰς
425 5065 694 5135 νέκρωσιν
733 5063 985 5135 σώματος
1014 5065 1108 5118 καὶ
1134 5063 1484 5138 ἀνακαίνισιν
1529 5067 1896 5132 πνεύματος.»

315 5156 408 5208 διὰ
424 5155 524 5224 τὴν
557 5154 917 5224 σωφροσύνην
951 5156 1048 5208 καὶ
1076 5153 1176 5225 τὴν
1205 5153 1452 5222 ἁγνείαν,
1485 5155 1582 5208 καὶ
1608 5155 1669 5208 τὸ
1697 5155 1900 5225 νεκρὰς

319 5248 496 5302 ποιεῖν
524 5249 624 5316 ὅση
679 5248 909 5316 δύναμις
958 5247 1058 5310 τὰς
1115 5248 1364 5319 κινήσεις
1415 5247 1517 5316 τῆς
1553 5247 1781 5315 σαρκδις,
1813 5250 1904 5302 καλ⁸

317 5339 668 5410 ὲνισχύεσθαι
704 5340 848 5394 κατὰ
874 5340 985 5395 τῶν
1008 5340 1219 5405 παθῶν,
1251 5341 1346 5393 καλ¹
1369 5340 1510 5410 πρὸς
1535 5339 1636 5403 τὰς
1671 5340 1904 5409 πράξεις

315 5433 428 5486 τῶν
451 5432 684 5487 ἐντολῶν
735 5433 1108 5503 ἀνδρίζεσθαι.
1151 5429 1286 5487 Εἶτα
1331 5432 1401 5487 τὰ
1433 5431 1715 5497 σανδάλια,
1754 5451 1772 5483 ι
1808 5435 1904 5495 Εἰς

319 5526 659 5597 ἑτοιμασίαν,
701 5528 858 5598 φησὶ,
887 5525 985 5580 τοῦ
1038 5525 1377 5594 Εύαγγελίου
1431 5526 1533 5596 τῆς
1597 5525 1841 5598 εἰρήνης,
1879 5545 1896 5577 ι

321 5616 412 5670 ῐνα
451 5617 527 5689 μὴ
556 5618 884 5690 προσκόπτῃ
916 5617 1048 5682 τοὺς
1075 5619 1244 5680 πέδας
1267 5616 1394 5680 τοὺς
1421 5618 1644 5688 νοεροὺῖ
1667 5617 1768 5686 τῆς
1801 5617 1904 5686 ‘i’u'

321 5707 446 5778 χῆς,
489 5710 624 5780 μηδὲ
661 5711 813 5781 παρὰ
837 5711 946 5762 τῶν
971 5711 1277 5781 νοουμένων
1299 5708 1479 5778 ὄφεων
1516 5710 1782 5779 δάκνηται
1804 5708 1903 5781 τὴν

320 5801 432 5852 τῶν
455 5801 735 5871 λογισμῶν
763 5801 1019 5872 πτέρναν,
1045 5800 1162 5854 ἀλλ’
1182 5801 1366 5855 ἐπάνω
1381 5799 1590 5853 τούτων
1620 5798 1901 5871 ἐπιϐαίνῃ,

324 5893 420 5946 καὶ
451 5895 742 5964 καταπατῇ
771 5892 960 5948 λέοντα
992 5895 1087 5947 καὶ
1116 5895 1410 5964 δράκοντα,
1443 5892 1516 5945 τὰ
1548 5892 1767 5961 κρυπτὰ
1805 5891 1905 5960 τῆς

1861 3359 1964 3415 ~C

2480 2019 2713 2076 CAPUT
2753 2021 3084 2078 CCLXXI”.

2063 2111 2204 2179 Quid
2257 2115 2463 2169 denotet
2518 2131 2669 2170 sacer
2706 2117 3091 2237 (vincitur/torum
3141 2115 3350 2169 habitus
3416 2131 3520 2185 quo

2647 2189 2696 2237 in
2744 2187 2912 2237 uitur.

2647 2187 2912 2240 induitur.

2068 2273 2308 2330 Primum
2349 2276 2592 2345 quidem,
2619 2277 2777 2341 dixit,
2829 2276 3083 2331 induitur
3135 2287 3338 2331 vestem
3383 2278 3584 2336 Izrt.iti.e

1957 2413 1962 2417 .
1995 2377 2050 2421 et
2082 2369 2476 2425 exsultationis
2507 2370 2652 2423 illius
2690 2371 2809 2425 loco
2829 2372 3090 2425 nuditatis
3121 2381 3173 2424 et
3224 2370 3583 2440 turpitmlinis

1997 2469 2052 2514 et
2101 2472 2306 2517 secuta:
2349 2478 2446 2534 per
2479 2464 2912 2520 inobedienliam
2959 2473 3016 2519 et
3068 2476 3352 2534 peceatum
3396 2472 3600 2518 corrn-‘

1997 2555 2206 2625 ptionis
2229 2558 2423 2611 ntortis
2454 2573 2517 2611 ac
2545 2558 2802 2619 tristitim,
2829 2573 2991 2626 quam
3023 2558 3161 2612 tollit.
3191 2574 3284 2624 per
3316 2558 3580 2611 obedien-

2001 2646 2129 2700 tiam
2162 2647 2444 2717 vitamque
2480 2648 2952 2717 ineorruptibilem
2985 2664 3140 2703 sacer
3181 2649 3582 2702 monachoruttt

2000 2739 2244 2794 habitus.
2286 2740 2511 2796 Deinde
2565 2742 2792 2811 pallium
2847 2741 3031 2795 induit
3085 2738 3308 2810 majoris
3363 2741 3584 2794 habitus

1999 2835 2191 2890 dicens
2223 2853 2237 2889 :
2276 2854 2293 2887 ι
2331 2836 2390 2889 in
2431 2836 2627 2890 stolam
2662 2835 3092 2890 immortalitatis
3123 2843 3176 2888 et
3212 2813 3522 2888 sanctitatis
3563 2853 3578 2883 ο

2000 2938 2259 2998 tanquam
2289 2929 2504 2999 signum
2531 2929 2700 2983 divini
2737 2928 2977 2996 prmsidii
3009 2928 3176 2981 vitam
3201 2936 3458 2980 :eternam
3491 2943 3584 2996 per

1999 3022 2168 3076 vitam
2208 3023 2262 3075 in
2305 3023 2508 3092 pietate
2555 3031 2838 3090 peractam
2889 3021 3213 3090 impertiens
3251 3020 3540 3089 accipienti
3569 3063 3583 3083 ,

2000 3124 2058 3171 et
2111 3116 2337 3186 insuper
2396 3115 2450 3169 in
2502 3115 2718 3184 signum
2761 3113 2932 3168 divini
2981 3113 3218 3167 amictus
3275 3129 3435 3182 quem
3490 3130 3587 3182 pro

2002 3211 2252 3265 vestibus
2289 3208 2538 3278 pelliceis
2574 3209 2810 3278 largitur
2849 3205 3090 3278 Spiritus
3137 3209 3332 3278 gratia.
3387 3208 3590 3260 Deinde

2006 3302 2173 3358 tradit
2215 3303 2494 3356 cucullum
2547 3301 2882 3356 innocentiae
2924 3301 3117 3355 dicens
3156 3319 3168 3355 ι
3214 3319 3231 3350 ι
3272 3299 3331 3353 lu
3380 3300 3588 3370 galeam

2003 3396 2258 3450 salutaris
2300 3393 2426 3448 ﬁdei
2481 3413 2541 3459 ι,
2593 3405 2817 3464 propter
2865 3394 3340 3447 aittmlirationetn
3389 3393 3594 3447 divinae

2003 3488 2212 3559 gratim,
2234 3497 2287 3542 et
2307 3487 2663 3556 principalem
2686 3487 3074 3541 exultationem
3102 3487 3246 3538 hune
3271 3494 3590 3538 manentem

2002 3581 2097 3650 qui
2146 3580 2457 3634 humilitate
2500 3587 2554 3634 et
2598 3579 2920 3657 innocentia
2958 3581 3212 3650 ingenuis
3249 3579 3592 3634 assimilatnr

2005 3672 2310 3729 infantibus
2333 3713 2348 3738 ,
2383 3674 2467 3728 vel
2498 3674 2663 3728 etiam
2697 3683 2922 3744 prepter
2955 3673 3260 3728 custodiam
3299 3683 3465 3743 atque
3503 3685 3591 3727 tu—

2006 3766 2169 3822 telam
2197 3810 2212 3833 ,
2257 3766 2368 3822 Deo
2399 3765 2616 3821 favente
2639 3806 2652 3832 ,
2697 3777 2968 3820 servatam
3003 3766 3205 3836 capitis
3233 3765 3592 3836 omniumque

2003 3859 2170 3915 simul
2195 3875 2483 3914 sensuum.
2508 3858 2663 3925 Quod
2686 3874 2714 3913 a
2751 3857 2926 3914 fronte
2949 3859 3170 3930 quidem
3201 3860 3408 3929 pendet
3443 3861 3591 3913 circa

2006 3963 2200 4023 pectus
2241 3962 2462 4023 propter
2503 3953 2768 4006 rationem
2808 3962 2864 4006 et
2910 3968 3042 4014 eor,
3097 3968 3158 4007 ac
3203 3969 3229 4006 a
3275 3963 3428 4018 tet-go
3464 3954 3594 4006 reii-

2004 4055 2163 4117 gatur
2185 4085 2200 4112 ,
2241 4059 2434 4100 cruces
2471 4044 2667 4097 rubras
2701 4044 3104 4097 circnmlerens
3137 4049 3202 4096 ad
3248 4045 3594 4113 repellendos

2006 4137 2174 4206 regali
2215 4136 2555 4204 terribilique
2589 4138 2746 4206 signo
2782 4135 2970 4190 hostes
3005 4138 3058 4190 in
3106 4152 3206 4222 ινδ
3249 4154 3276 4190 a
3316 4137 3492 4191 fronte
3539 4147 3598 4192 et:

2006 4243 2036 4282 a
2089 4238 2241 4296 tergo
2292 4229 2588 4281 irruentes.
2645 4227 2850 4303 Deinde
2905 4229 3195 4298 scapn’are
3247 4229 3479 4299 imponit
3527 4247 3592 4284 ex

2007 4320 2152 4390 pelle
2186 4320 2442 4374 animalis
2470 4319 2697 4386 factum,
2727 4321 2986 4390 quoniam
3024 4321 3190 4376 rebus
3219 4321 3407 4375 mundi
3449 4338 3595 4376 mor-

2009 4424 2136 4468 tuus
2186 4425 2270 4466 est
2318 4413 2670 4478 monachus,
2719 4415 2787 4466 ab
2834 4414 3080 4469 humeris
3135 4424 3288 4483 parte
3331 4416 3606 4482 anteriori

2006 4506 2253 4576 pendens
2287 4507 2343 4560 in
2382 4506 2614 4560 formam
2661 4507 2841 4562 crucis
2870 4547 2884 4568 ,
2928 4517 3083 4575 parte
3117 4508 3594 4578 vero-posteriori

2008 4599 2180 4667 signis
2225 4599 2405 4654 crucis
2461 4599 2724 4654 refertum
2779 4615 2875 4654 seu
2930 4599 3111 4670 potius
3152 4601 3327 4670 ipsam
3373 4616 3594 4656 crucem

2007 4690 2254 4746 referens
2287 4708 2301 4745 :
2342 4709 2362 4742 ι
2404 4689 2695 4761 Accipiens
2729 4705 2947 4745 erucem
2990 4708 3154 4761 super
3186 4694 3483 4759 humeros,
3521 4696 3598 4748 ait

2003 4784 2279 4848 sacerdos,
2316 4785 2564 4850 sequitur
2591 4785 2903 4851 Dominum,
2933 4796 3091 4852 prout
3123 4785 3409 4841 confessus
3433 4797 3538 4841 est.
3572 4807 3590 4837 ι

2005 4877 2212 4932 Deinde
2243 4889 2366 4947 post
2403 4866 2514 4931 ista.
2538 4891 2727 4931 zonam
2762 4876 2942 4931 induit
2967 4885 3020 4930 et
3049 4877 3273 4945 quidem
3312 4877 3594 4946 pellieeam

2004 4974 2242 5029 dicens:
2281 4992 2298 5025 ι
2345 4974 2766 5044 Prmcingnntur
2815 4986 2973 5025 renes
3019 4972 3138 5041 ejus
3185 4973 3239 5025 in
3298 4974 3596 5028 mortiﬁca-

2005 5065 2209 5120 tionem
2239 5065 2483 5134 corporis
2515 5073 2571 5118 et
2602 5063 3011 5118 renovationem
3070 5063 3300 5133 spiritus
3330 5065 3394 5120 ad
3434 5069 3598 5120 casti-

2010 5168 2176 5214 tatem
2214 5168 2268 5212 et
2303 5156 2627 5211 munditiam
2658 5155 2724 5209 ad
2761 5154 3174 5209 tnortiticandos
3203 5167 3596 5227 quantnmpo-
3686 5165 3694 5234 j;

2009 5252 2158 5315 terit,
2187 5259 2369 5305 motus
2398 5248 2599 5313 carnis,
2631 5248 2696 5301 ad
2734 5248 3124 5302 obluctandum
3158 5250 3420 5305 adversus
3446 5252 3594 5313 vitia,

2007 5346 2072 5400 ad
2095 5343 2532 5400 confirmandum
2558 5341 2800 5395 animum
2823 5340 2965 5396 circa
2987 5353 3385 5412 prteeeptorum
3407 5360 3595 5413 opera.

2009 5436 2202 5490 Postea
2230 5433 2445 5496 inducit
2473 5433 2714 5487 sandalio
2741 5432 2968 5488 dicens:
2998 5451 3015 5483 ι
3039 5432 3094 5487 lu
3141 5435 3595 5503 prmparationetn

2009 5524 2287 5594 Evangelii
2323 5523 2527 5592 pﬂt'iS,l
2563 5533 2618 5574 nt
2649 5522 2920 5592 spfritales
2953 5523 3149 5578 anima
3175 5525 3340 5591 pedes
3373 5539 3480 5575 non
3511 5523 3597 5576 of-

2014 5616 2221 5681 fendat,
2251 5631 2429 5683 neque
2461 5614 2745 5682 Spiritibus
2777 5614 3124 5682 serpentibus
3151 5613 3422 5667 lmdantur
3451 5615 3600 5684 cogi-

2016 5707 2282 5764 talionum
2306 5706 2528 5776 plantzr,
2549 5705 2641 5759 sed
2675 5721 2840 5774 super
2867 5703 2968 5759 hos
2987 5703 3227 5758 ambulet
3244 5713 3295 5756 et
3312 5704 3598 5758 conculcet.

2016 5798 2233 5853 leonem
2280 5805 2444 5866 atque
2489 5796 2824 5854 draconem,
2874 5793 3119 5846 occultas
3158 5793 3378 5847 malitia:
3424 5792 3598 5846 letha-

2018 5892 2202 5961 Icsque
2261 5891 2501 5956 bestias,
2557 5897 2611 5944 ct
2674 5902 2950 5957 nunquam
3021 5902 3369 5955 regressurus
3416 5896 3601 5942 cntrat
