4078 6474
476 381 584 448 49)
1316 375 1703 449 SYMEONIS
1745 385 2043 448 THESSA
2057 384 2525 450 LONICENSIS
2565 387 2926 449 ARCHIEP.
3640 382 3759 444 500

468 500 610 553 viam
644 496 959 571 Evangelii,
1002 515 1179 572 usque
1207 501 1339 557 dum
1375 515 1538 572 supra
1566 515 1798 557 currens
1828 500 1920 556 ubi
1952 514 2049 553 no-
2081 509 2098 558 Λ

2202 498 2362 563 ακίας
2392 500 2492 554 καὶ
2518 499 2758 570 φθονερὰ
2787 498 2980 571 θηρία,
3014 498 3111 552 καὶ
3134 495 3550 567 ἀμεταστρεπτὶ
3573 495 3760 570 τρέχῃ

468 604 579 649 stra
612 593 963 649 conversatio
994 602 1079 648 est
1104 634 1118 659 ,
1146 593 1214 649 ad
1244 593 1444 650 caelum
1475 593 1778 662 perveniat.
1813 591 2056 661 Denique

468 685 812 757 chlamydem
856 685 1007 741 velut
1035 687 1221 741 omnia
1263 686 1727 756 complectentem
1769 684 1949 751 addit,
1989 682 2057 739 ad

466 794 629 850 quam
665 778 883 833 clariori
926 793 1059 833 voce
1090 778 1347 835 sacerdos
1382 779 1517 835 dicit
1546 796 1560 834 :
1603 779 1717 834 «Tu
1757 777 1928 834 frater
1958 794 2061 834 no-

467 879 607 937 ster,
631 869 819 939 accipe
848 884 1104 940 magnum
1132 879 1187 925 et
1209 869 1519 941 angelicum
1554 869 1801 926 habitum
1873 870 1931 926 in
1959 884 2060 926 no.

469 962 622 1018 mine
650 962 848 1021 Patris.
868 971 922 1017 et
953 960 1098 1026 Filii.
1119 973 1174 1018 et
1208 962 1444 1033 Spiritus
1473 964 1651 1020 sancti
1698 983 1717 1016 ι
1746 1003 1762 1029 ,
1799 964 2061 1034 quoniam

473 1055 596 1111 haec
646 1055 813 1112 vestis
847 1064 947 1129 est.
985 1055 1392 1123 perfectissima
1438 1065 1495 1111 et
1540 1056 1726 1111 omnia
1768 1057 2060 1124 continet,

475 1163 691 1203 necnon
722 1147 974 1202 universa
1013 1147 1254 1202 custodit
1288 1154 1777 1218 protr-gentemque
1813 1147 1904 1203 Dei
1937 1148 2065 1202 vir-

477 1249 650 1295 tutem
695 1239 944 1295 ostendit
996 1250 1052 1295 et
1104 1239 1379 1311 signiﬁcat
1426 1249 1594 1312 atque
1643 1240 2063 1307 austeritatem,

474 1332 734 1403 pietatem
770 1347 834 1386 ac
868 1332 1239 1391 humilitatem
1276 1334 1405 1391 vita:
1435 1334 1787 1401 monasticae,
1831 1344 1888 1389 et
1925 1349 2065 1403 quo-

402 1462 428 1507 δ
476 1425 620 1479 niam
655 1439 837 1495 neque
871 1441 1069 1480 manus
1098 1442 1203 1481 nec
1243 1426 1393 1482 aliud
1436 1426 1723 1498 quidpiam
1760 1427 2066 1483 membrum

421 1517 428 1524 ’
480 1517 786 1573 secundum
823 1518 965 1574 hanc
998 1517 1163 1574 vitam
1193 1518 1315 1573 viva
1348 1528 1404 1574 ct
1433 1518 1499 1575 ad
1531 1520 1839 1575 mundanas
1872 1533 2069 1588 opera-

480 1609 664 1664 tiones
698 1609 895 1673 libera.
927 1609 1023 1665 sed
1061 1611 1245 1664 omnia
1280 1620 1497 1666 mortua
1533 1610 1700 1666 habet
1741 1609 2068 1668 monachus.

480 1698 667 1755 Solum
695 1716 828 1756 vero
855 1702 1085 1757 liberum
1121 1703 1285 1758 habet
1305 1703 1554 1773 caputad
1588 1705 1755 1759 Deum
1787 1713 2069 1775 spectans,

2158 595 2258 664 τὴν
2288 593 2409 647 ὁδὸν
2461 592 2558 648 τοῦ
2608 593 2971 663 Εὐάγγελίου,
3024 590 3182 662 193
3238 589 3346 654 Eur;
3379 588 3448 645 ἂν
3478 589 3592 646 ἄνω
3618 590 3760 661 δρα·-

2163 683 2307 754 μὼν,
2337 684 2474 739 ὅπου
2505 684 2668 755 ἡμῶν
2709 685 2771 739 τδ
2808 683 3116 755 πολίτευμα
3168 684 3227 737 ὲν
3266 681 3518 753 οὐρανοῖς
3546 696 3760 735 καταν-

2157 777 2327 849 τήσῃ,
2361 777 2675 832 τελευταῖον
2705 776 2786 846 δὲ,
2815 777 2892 843 ὡς
2923 776 3279 847 περιεκτικδν
3332 774 3552 830 πάντων
3587 789 3764 843 περι-

2160 873 2420 931 ϐάλλεται
2446 873 2549 945 τὴν
2581 874 2863 943 μανδύαν,
2897 874 2957 928 ἑν
2988 865 3034 943 ᾧ
3068 874 3167 928 καὶ
3212 869 3539 941 τρανότερόν
3586 884 3766 939 φησιν
3870 912 3881 925 .

2160 967 2189 1020 6
2219 967 2427 1038 ἱερεὺς,
2457 984 2477 1020 ι
2524 965 2584 1021 Ὀ
2605 965 2837 1036 ἀδελφὸς
2865 965 3027 1035 ἡμῶν
3061 964 3092 1016 6
3139 962 3289 1018 δεῖνα
3319 961 3483 1016 ἔλαϐε
3511 960 3574 1014 τδ
3606 959 3766 1031 μέγα

2162 1062 2257 1116 καὶ
2275 1059 2572 1129 ἀγγελικδν
2621 1060 2818 1131 σχῆμα
2851 1060 2936 1124 είς
2966 1058 3028 1113 τδ
3061 1057 3236 1128 ὄνομα
3262 1055 3359 1113 τοῦ
3396 1055 3636 1128 Πατρδς,
3658 1056 3767 1109 καὶ

2162 1152 2258 1209 τοῦ
2286 1152 2442 1222 Υίοῦ,
2467 1155 2566 1209 καὶ
2589 1154 2687 1208 τοῦ
2724 1154 2884 1224 ἁγίου
2924 1151 3270 1224 Πνεύματος,
3317 1169 3339 1205 ι
3375 1151 3454 1216 ὡς
3483 1148 3773 1204 τελεώτα·

2163 1263 2258 1301 τον
2283 1246 2416 1301 ὄντα
2449 1246 2546 1301 καὶ
2580 1249 2937 1319 περιεκτικδν
2967 1247 3209 1314 πάντων,
3240 1247 3337 1301 καὶ
3365 1244 3465 1315 τὴν
3497 1244 3776 1313 φυλακτι-

2167 1338 2271 1408 κὴν
2310 1337 2545 1410 καθόλου
2607 1340 2705 1393 καὶ
2764 1341 3149 1408 σκεπαστικὴν
3200 1337 3299 1393 τοῦ
3348 1337 3486 1393 Θεοῦ
3525 1337 3773 1406 δύναμιν

2166 1430 2436 1502 δηλοῦντα
2464 1447 2527 1485 τε
2562 1430 2661 1486 καὶ
2697 1429 3037 1502 σημαίνοντα
3059 1446 3075 1464 ο
3135 1432 3226 1485 καὶ
3252 1430 3332 1485 ἔτι
3376 1429 3439 1483 τὸ
3468 1427 3777 1483 συνεσταλ·

2174 1525 2338 1598 μένον
2368 1525 2467 1580 καὶ
2486 1523 2721 1587 εὐλαϐὲς
2741 1526 2840 1579 καὶ
2864 1524 3124 1581 ταπεινὸν
3139 1525 3241 1595 τῆς
3262 1522 3566 1596 μοναχικῆς
3591 1520 3772 1590 ζωῆς.

2172 1620 2271 1676 καὶ
2293 1620 2378 1674 ὅτι
2415 1617 2477 1673 οὗ
2500 1619 2693 1691 χεῖρας
2722 1617 2756 1690 ἢ
2784 1635 2840 1673 τι
2871 1618 2981 1673 τῶν
3011 1618 3190 1689 μελῶν
3213 1619 3354 1674 κατὰ
3375 1617 3468 1671 τὸν
3504 1615 3618 1687 βίον
3643 1615 3775 1686 ἔχει

2174 1711 2357 1776 ζῶντα
2389 1714 2418 1764 6
2448 1709 2818 1781 μοναχὸς,καὶ
2846 1710 2984 1781 πρὸς
3014 1711 3290 1783 κοσμικὴν
3315 1709 3583 1783 ἐργασίαν
3613 1709 3777 1762 ἐλεύ-

481 1795 574 1864 qui
612 1800 696 1848 est
726 1806 895 1865 caput
928 1796 1341 1859 universorum,
1377 1812 1576 1867 resque
1609 1796 1705 1852 Dei
1737 1797 1985 1869 cogitans
2016 1805 2074 1854 et

2202 1816 2338 1876 ἐρα.
2390 1802 2527 1857 ἀλλὰ
2582 1801 2769 1858 πάντα
2813 1806 3007 1872 νεκρά.
3069 1803 3261 1875 Mdqu
3286 1803 3342 1858 δὲ
3368 1802 3468 1874 τὴν
3519 1801 3780 1871 κεφαλὴν

482 1887 550 1943 ad
597 1902 721 1942 eum
772 1903 1167 1960 approperans.
1217 1890 1358 1944 Illud
1411 1904 1595 1946 autem
1639 1867 2070 1947 habet—cucullo

2202 1867 2480 1965 ,λευθέραν
2510 1894 2650 1965 ἔχει,
2687 1894 2824 1966 πρὸς
2845 1867 2981 1948 Θεθν
3007 1867 3228 1966 ὁρῶσαν
3252 1895 3353 1965 τὴν
3380 1867 3489 1948 των
3512 1867 3786 1948 ἁπάντων

482 1978 890 2041 circumdatum
926 1991 1154 2054 propter
1187 1983 1578 2049 humilitatem,
1623 1992 1678 2041 et
1714 1997 1784 2039 ne
1814 1981 2071 2039 sensibus

487 2071 560 2128 ibi
592 2072 839 2129 collectis
872 2074 1082 2130 nullum
1120 2078 1194 2131 sit
1227 2076 1687 2146 integumentum.

2181 1987 2453 2058 κεφαλὴν,
2478 1985 2576 2039 καὶ
2605 1984 2675 2039 τὰ
2702 1985 2917 2039 ἐκείνου
2949 1984 3281 2057 φρονοῦσαν,
3309 1987 3408 2041 καὶ
3441 1984 3578 2056 πρὸς
3607 1982 3785 2037 αὐτὸν

2181 2079 2618 2149 ἀνατρέχουσαν.
2672 2077 2838 2130 Ἀλλὰ
2888 2078 2987 2132 καὶ
3010 2077 3219 2148 ταύτην
3268 2076 3786 2148 περιστελλομένην

486 2170 565 2240 τῷ
598 2167 901 2239 κουκουλίῳ
942 2168 1033 2224 διὰ
1084 2168 1183 2241 τὴν
1238 2171 1765 2245 ταπεινοφροσύνην,
1810 2179 1905 2230 καὶ
1931 2173 2053 2248 μηδ’
2083 2175 2265 2230 ἐκεῖσε
2296 2172 2367 2227 τὰ
2397 2169 2734 2242 αἰσθητήρια
2772 2166 3216 2239 ,ἁπερεκάλυπτα
3268 2168 3493 2246 ἔχοντα.

988 2282 1219 2339 CAPUT
1265 2282 1592 2342 CCLXXIV.

494 2376 647 2443 Quod
715 2378 999 2434 monachus
1064 2378 1250 2432 habitu
1316 2396 1415 2434 suo
1466 2381 1834 2437 conditionem
1894 2384 2084 2438 mortis

1017 2447 1219 2506 Christi
1262 2451 1543 2507 imitatum.

565 2545 798 2614 Insuper
834 2542 1195 2598 monasticam
1224 2528 1405 2611 agens?
1427 2544 1595 2598 vitam
1639 2554 1890 2600 mortuus
1920 2552 2085 2601 estet

494 2642 647 2707 quasi
676 2628 729 2692 i'u
752 2636 1005 2705 sepulcro
1038 2636 1272 2706 positus.
1309 2634 1434 2691 Ideo
1461 2635 1707 2708 chlamys
1732 2637 1951 2706 quidem
1973 2636 2089 2692 vel-

499 2739 558 2785 ut
578 2730 893 2799 sepulcrum
915 2768 930 2794 ,
980 2736 1163 2784 vestes
1193 2736 1374 2782 autem
1405 2729 1697 2784 interiores
1756 2730 2085 2801 sepulcratia

500 2823 748 2879 referunt
779 2821 1098 2876 indumenta
1122 2860 1140 2887 ,
1180 2833 1377 2889 nempe
1409 2819 1595 2875 tunica
1627 2830 1682 2874 et
1718 2829 1933 2876 caetera.
1963 2820 2093 2875 Pas‘

2742 2283 2997 2338 ΚΕΦΑΛ.
3039 2281 3202 2337 ΣΟΔ¹.

2194 2381 2325 2434 Ὀτι
2353 2378 2470 2448 τὴν
2493 2376 2601 2432 τοῦ
2626 2375 2885 2446 Χριστοῦ
2914 2375 3216 2448 νέκρωσιν
3242 2374 3342 2429 καὶ
3369 2372 3469 2428 διὰ
3488 2372 3596 2428 τοῦ
3624 2371 3787 2441 σχή-

2543 2465 2736 2517 ματος
2764 2446 3026 2516 μιμεῖται
3057 2449 3091 2500 ό
3126 2448 3423 2516 μοναχός.

2274 2541 2440 2598 Ἀλλὰ
2469 2542 2562 2595 καί⁸
2591 2541 2673 2596 ὅτι
2707 2540 2901 2611 νεκρὸς
2942 2523 3250 2606 δ’μονάζων
3281 2537 3361 2609 τῷ
3409 2537 3533 2611 βίῳ,
3566 2541 3664 2595 καὶ
3703 2540 3786 2604 ὡς

2193 2638 2253 2690 ἓν
2282 2634 2440 2705 τάφῳ
2487 2633 2639 2688 ἐστι·
2699 2632 2781 2686 διὸ
2820 2634 2917 2687 καὶ
2953 2631 3031 2696 ὡς
3060 2631 3231 2698 τάφος
3275 2632 3373 2702 μὲν
3427 2634 3456 2687 6
3489 2631 3737 2703 μανδύας
3762 2647 3781 2663 ’

2196 2730 2431 2799 ἐντάφια
2457 2728 2515 2782 δὲ
2575 2728 2644 2781 τὰ
2673 2726 2845 2789 ἐντὸς,
2875 2728 2902 2779 6
2935 2725 3103 2797 χιτὼν
3133 2725 3333 2798 δηλαδὴ
3372 2725 3466 2779 καὶ
3498 2726 3564 2780 τὰ
3593 2725 3783 2782 λοιπά.

2189 2820 2427 2893 Δηλοΰσι
2479 2820 2535 2875 δὲ
2565 2821 2624 2874 τὸ
2670 2819 2758 2874 διὰ
2808 2817 3047 2883 σταυροῦ
3087 2816 3261 2882 πάθος
3305 2819 3333 2872 6
3388 2817 3659 2880 ἀνάλαϐος
3685 2818 3786 2872 καὶ

503 2919 717 2971 sionem
753 2928 883 2968 vero
935 2927 1030 2983 per
1063 2926 1284 2967 crucem
1321 2921 1757 2967 consummatam
1791 2912 2093 2966 ostendunt

2202 2918 2264 2969 τὰ
2320 2914 2480 2970 ἄλλα.
2551 2914 3001 2983 Ἐσταυρωμένος
3046 2916 3158 2981 γὰρ
3208 2911 3288 2983 τῷ
3327 2912 3520 2982 κόσμῳ
3576 2911 3726 2964 ἐστὶν
3757 2913 3787 2965 6

505 3019 612 3062 tam
662 3006 948 3076 scapulare
978 3019 1140 3073 quam
1171 3004 1292 3058 alite
1321 3014 1538 3082 vestes;
1594 3004 1895 3059 cruciﬁxus
1943 3002 2091 3057 enim

2202 3005 2435 3075 μοναχός
2462 3021 2476 3037 ο
2512 3006 2607 3059 καὶ
2636 3003 2797 3057 τοῦτο
2829 3003 2895 3073 δὴ
2925 3002 3063 3056 καθυ
3078 3002 3329 3072 τιέσκετο.
3358 3001 3433 3055 Τδ
3460 3003 3517 3056 δὲ
3546 3000 3785 3055 κουκού-

505 3100 809 3156 monachus
836 3106 922 3151 est
954 3094 1183 3161 mundo,
1213 3093 1359 3169 quod
1397 3104 1656 3150 ueterum
1686 3094 1970 3165 promisit;
2004 3109 2097 3149 cu-

2202 3099 2312 3153 λιον
2344 3099 2453 3155 ἀπὸ
2484 3097 2729 3168 κεφαλῆς
2756 3095 2833 3161 ὡς
2864 3096 3168 3167 σουδάριον.
3201 3096 3313 3150 Καὶ
3345 3095 3466 3158 ὅλος
3497 3094 3587 3148 τδν
3622 3111 3785 3147 σταυ-

474 3264 477 3269 _
505 3190 681 3251 cuiius
701 3197 885 3243 autem
910 3201 940 3241 a
972 3184 1152 3256 capite
1174 3183 1420 3255 pendens
1450 3185 1600 3242 velut
1628 3185 1815 3251 siudo,
1847 3199 1915 3240 ex
1943 3185 2092 3240 omni

2203 3190 2446 3260 ρωθέντα
2484 3189 2626 3260 ὑπὲρ
2663 3188 2824 3258 ἡμῶν
2862 3189 2958 3243 καὶ
2991 3188 3335 3243 ἀποθανόντα
3373 3188 3468 3241 καὶ
3501 3185 3788 3256 είληθέντα

506 3292 661 3354 parte
684 3279 1009 3336 cruciﬁxum
1040 3293 1140 3348 pro
1174 3277 1338 3333 nobis
1364 3287 1420 3332 et
1447 3286 1727 3333 mortuum
1763 3277 2098 3334 involutum-

2202 3286 2315 3350 τοῖς
2346 3285 2627 3355 ἐνταφίοις
2661 3303 2719 3339 τε
2755 3283 2954 3356 καὶτῷ
3002 3285 3272 3358 σουδαρίῳ
3324 3284 3645 3355 ὲκμιμεῐται
3687 3284 3786 3335 Δε-

510 3391 617 3446 que
679 3373 736 3428 in
779 3371 1187 3444 scpulcralibus
1238 3371 1576 3428 indumentis
1621 3386 1685 3427 ac
1715 3371 1951 3427 sindone
1993 3370 2098 3427 Do-

2204 3378 2449 3448 σπότηνο
2490 3378 2579 3433 ἵνα
2626 3376 2708 3441 ὡς
2760 3376 3282 3448 συσταυρωθεὶςητῷ
3328 3376 3429 3448 βίῳ
3459 3376 3554 3430 καὶ
3600 3392 3789 3442 συννε-

510 3466 720 3521 minutn
752 3464 1016 3531 imitatur,
1052 3471 1112 3519 ut
1145 3462 1606 3534 quemadmodum
1646 3478 1745 3534 per
1777 3462 1945 3519 vitam
1974 3477 2098 3520 cum

2202 3471 2442 3541 κρωηεὶς
2498 3471 2688 3540 αὐτῷ,
2723 3470 2818 3526 καὶ
2883 3471 3191 3540 συναναστῇ
3253 3471 3346 3524 καὶ
3406 3467 3790 3537 συνανυιῖιωθῇ.

512 3576 579 3613 ιο
604 3559 903 3615 cruciﬁxus
933 3566 1017 3614 est
1053 3568 1110 3613 et
1143 3566 1418 3623 mortuus,
1456 3559 1528 3612 ita
1562 3572 1687 3617 cum
1719 3573 1789 3614 eo
1824 3567 2100 3629 resurgat,

515 3660 572 3705 ct
599 3650 891 3712 excitetur,
925 3661 981 3704 et
1015 3649 1194 3705 luercs
1225 3657 1483 3719 appareat
1513 3649 1726 3718 paterni
1767 3649 1889 3719 ejus
1921 3649 2100 3720 regni,

517 3747 897 3814 honorumque
918 3741 1074 3798 nobis
1098 3750 1414 3812 para-torum
1443 3756 1472 3795 a
1498 3741 1889 3798 constitutione
1915 3740 2103 3797 mundi

519 3838 791 3908 particeps
833 3835 1158 3894 exbibeatur
1186 3852 1201 3901 ;
1239 3850 1361 3905 quae
1390 3834 1440 3888 ei
1474 3835 1797 3904 deprecatur
1823 3835 2103 3901 sacerdos,

514 3941 804 4003 postquam
837 3939 1084 3985 sanctum
1111 3929 1410 3999 sumpserit
1442 3925 1709 3983 habitum.
1740 3928 1931 3983 Statim
1958 3928 2106 3983 enim

516 4039 714 4079 novam
741 4021 930 4092 adjicit
960 4021 1293 4085 orationem,
1324 4028 1379 4074 et
1412 4028 1666 4090 precatur
1691 4027 1749 4074 ut
1770 4019 1910 4074 Dcus
1931 4020 2108 4076 bonus

522 4127 577 4170 et
608 4114 784 4170 ﬁdelis
821 4113 872 4166 in
906 4112 1194 4184 promissis
1226 4109 1342 4165 suis
1374 4118 1430 4164 et
1463 4108 1618 4177 cujus
1656 4108 1799 4165 dona
1835 4118 1966 4165 sunt
1990 4110 2109 4165 sine

525 4204 1009 4276 pmnitentia,“det
1042 4202 1093 4257 ei
1124 4200 1594 4257 conversationem
1629 4201 1827 4257 bonam
1855 4210 1914 4257 et
1942 4202 2109 4258 honc‘

525 4310 666 4355 stam
701 4313 764 4353 ac
799 4294 1342 4368 irrcprehensibilem
1385 4304 1440 4348 et
1470 4296 1523 4348 in
1564 4293 2000 4350 sanctiﬁcatione
2036 4294 2115 4349 vi-

527 4409 665 4449 vens
700 4391 1088 4446 intemeratum
1120 4381 1668 4444 custodiatiutbitum
1704 4402 1866 4457 quem
1903 4386 2112 4451 induit;

508 4476 585 4542 et
612 4484 908 4540 annuntiat
954 4482 1290 4555 singularum
1332 4481 1565 4536 vestium
1604 4495 1822 4535 sensum
1857 4479 1912 4534 et
1944 4479 2116 4533 virtu-

533 4592 668 4644 tem,
694 4576 952 4647 quoniam
984 4575 1167 4630 tunica
1190 4573 1410 4645 quidem
1444 4569 1966 4647 divinamjustitiam
1993 4569 2115 4623 loco

534 4668 991 4741 transgressionis
1033 4667 1245 4732 induit;
1282 4681 1420 4721 zona
1463 4675 1648 4718 autem
1697 4661 2117 4723 mortiﬁcatiqne

533 4762 779 4833 corporis
805 4770 858 4815 et
884 4759 1204 4815 castimonia
1225 4759 1579 4825 semetipsum
1607 4755 1986 4819 circumdedit,
2007 4755 2123 4809 haec

536 4858 681 4911 enim
742 4854 884 4910 circa
916 4869 1080 4909 rencs
1110 4852 1368 4913 mittitur,
1405 4861 1460 4906 ut
1512 4847 1962 4918 concupiscentia
1994 4847 2121 4916 qui-

537 4947 661 5003 dem
688 4949 758 5002 sit
779 4956 1047 5009 mortuus,
1073 4945 1276 4999 virtute
1307 4958 1438 4999 vero
1468 4939 1883 5012 magnanimus;
1910 4940 2123 4995 cucullo

539 5039 830 5094 salutarem
862 5037 1095 5106 sumpsit
1123 5034 1486 5089 [inutilitatem
1516 5073 1532 5099 ,
1568 5042 1625 5087 ut
1660 5042 1841 5086 mente
1870 5047 1988 5101 quae
2026 5030 2123 5085 toti

512 5168 517 5171 -
544 5132 777 5201 imperat
807 5129 1014 5184 homini
1048 5127 1271 5181 humilia
1302 5123 1539 5188 sentiat,
1566 5133 1622 5179 et
1655 5125 1793 5178 bene
1821 5139 2014 5180 sensus
2042 5123 2126 5177 in-

545 5230 757 5288 Struat;
792 5221 915 5275 ideo
947 5221 1094 5275 illam
1135 5216 1268 5272 dicit
1319 5215 1527 5283 galeam
1567 5215 1802 5282 salutis;
1851 5215 2126 5286 scapulari

547 5332 678 5371 vero
739 5328 905 5369 cruce
935 5312 1034 5378 ait,
1062 5320 1118 5365 et
1148 5309 1255 5364 ﬁde
1298 5322 1421 5363 sese
1450 5308 1774 5373 adornavit,
1808 5308 1939 5363 illud
1970 5308 2121 5362 enim

546 5407 716 5461 habet
753 5404 980 5472 ﬁguram
1008 5399 1214 5464 crucis,
1248 5413 1353 5469 qua
1387 5398 1587 5453 Christi
1617 5400 1777 5454 ﬁdem
1803 5406 1860 5453 et
1890 5381 2167 5453 mortemﬁ

550 5503 813 5562 testatur;
844 5493 1045 5547 amictu
1073 5502 1275 5558 autem,
1303 5491 1467 5560 pallio
1492 5487 1701 5546 scilicet
1732 5500 1786 5545 et
1817 5491 2127 5559 chlamyde,

554 5586 749 5641 stolam
792 5581 1220 5638 immortalitatis
1262 5591 1321 5636 ut
1366 5582 1588 5637 loricam
1622 5581 1855 5635 ferream
1880 5580 1983 5633 sibi
2009 5577 2130 5633 .cir-

452 5732 455 5737 .
554 5678 829 5750 CiIijCil,
854 5688 909 5732 et
934 5691 1031 5748 pro
1057 5673 1299 5746 pelliceis
1323 5675 1587 5737 vestibus,
1620 5672 1801 5729 dit-ina
1830 5680 2130 5728 exornatus

556 5776 731 5843 gratia
762 5771 1072 5843 splenduit;
1113 5770 1372 5824 sandaliis
1402 5785 1531 5825 vero
1563 5776 1891 5839 potestatein
1915 5765 2129 5835 accepit

560 5865 879 5936 peragraudi
914 5864 1050 5921 riam
1090 5878 1208 5931 qua:
1243 5862 1392 5917 ducit
1442 5863 1507 5919 ad
1544 5861 1771 5916 salutem
1812 5868 1861 5915 et
1896 5873 2084 5929 pacem
2114 5898 2128 5925 ,

2148 4541 2191 4596 D

2205 3566 2302 3620 καὶ
2339 3564 2784 3637 συγκληρονόμος
2818 3563 2958 3634 ὀφθῇ
2990 3563 3090 3633 τῆς
3129 3562 3411 3632 Πατρικῆς
3444 3562 3605 3616 αὐτοῦ
3639 3562 3791 3633 βασι-

2206 3657 2381 3721 λείας,
2425 3659 2520 3711 καὶ
2557 3658 2669 3711 τῶν
2691 3656 2912 3725 ἀγαθῶν
2941 3655 3047 3710 τῶν
3071 3656 3496 3725 ἡτοιμασμένων
3523 3655 3655 3723 ἡμῖν
3684 3653 3793 3722 πρὸ

2207 3749 2513 3820 καταϐολῆς
2551 3749 2760 3820 κόσμου
2796 3747 3050 3810 κοινωνὸς
3102 3749 3371 3818 ἀναφανῇ.
3406 3749 3474 3801 ⁶¹Δ
3511 3746 3605 3800 καὶ
3640 3745 3792 3815 εὔχε-

2208 3861 2297 3897 ται
2319 3843 2469 3913 αὐτῷ
2498 3844 2525 3896 6
2556 3842 2736 3913 ἱερεὺς
2768 3840 2906 3911 μετὰ
2936 3839 2998 3893 τὸ
3030 3838 3213 3892 λαϐεῖν
3234 3837 3296 3891 τδ
3318 3837 3506 3907 σχῆμα
3520 3837 3582 3890 τδ
3613 3837 3796 3903 ἅγιον.

2210 3935 2390 3998 Εὐθὺς
2425 3935 2535 4005 γὰρ
2571 3935 2826 4005 ἐπιφέρει
2871 3932 3038 3988 πάλιν
3078 3932 3246 4002 εὐχήν
3271 3947 3285 3961 ο
3324 3932 3420 3983 καὶ
3457 3927 3678 3999 εὔχεται
3705 3928 3794 3980 ἵνα

2210 4029 2240 4082 6
2273 4029 2407 4090 Θεὸς
2439 4029 2466 4081 6
2496 4026 2723 4094 ἀγαθὸς,
2771 4027 2801 4078 6
2831 4024 3024 4088 πιστὸς
3060 4024 3118 4077 ἂν
3148 4024 3267 4086 ταῖς
3302 4022 3657 4090 ἐπαγγελίαις
3691 4020 3793 4073 αύ-

2213 4118 2309 4173 τοῦ
2339 4119 2432 4172 καὶ
2481 4120 2542 4171 ὲν
2570 4118 2683 4179 τοῖς
2711 4114 3051 4186 χαρίσμασιν
3103 4112 3520 4183 ἀμεταμέλητος
3559 4110 3656 4176 ὢν,
3684 4111 3795 4181 δῴη

2215 4210 2366 4282 αὐτῷ
2405 4209 2524 4280 βίον
2573 4208 2887 4279 εὐσχήμονα
2937 4208 3031 4260 καὶ
3080 4206 3364 4260 πολιτείαν
3416 4207 3669 4276 ἐνάρετον
3702 4205 3797 4257 καὶ

2216 4302 2645 4370 ἀκατάγνωστον
2671 4337 2689 4365 ,
2737 4297 2834 4353 καὶ
2863 4299 2919 4351 ὲν
2971 4296 3235 4367 ἁγιασμῷ
3280 4295 3525 4366 ζήσαντα
3571 4295 3798 4352 ἄσπιλον

2217 4394 2550 4463 διατηρῆσαι
2595 4391 2657 4445 τὸ
2692 4390 2880 4461 σχῆμα
2929 4389 2958 4442 ὃ
3001 4389 3311 4443 ἐνεδύσατο.
3363 4388 3472 4442 Καὶ
3509 4386 3798 4463 καταλέγει

2221 4462 2459 4539 ἑκάστου
2487 4482 2597 4536 τῶν
2627 4481 2943 4552 ἐνδυμάτων
2969 4481 3067 4548 τὴν
3086 4478 3303 4533 ἔννοιάν
3338 4495 3395 4531 τε
3423 4462 3798 4544 καίδύναμιΨ

2222 4576 2304 4628 ὅτι
2334 4574 2411 4643 τῷ
2467 4573 2567 4643 μὲν
2616 4571 2805 4643 χιτῶνι
2836 4570 2937 4642 τὴν
2969 4570 3119 4623 θείαν
3157 4569 3509 4640 δικαιοσύνην
3557 4562 3676 4623 άντὶ
3699 4567 3800 4638 τῆς

2226 4666 2599 4737 παραϐάσεως
2640 4663 2934 4718 ἐνεδύσατο
2958 4678 2973 4695 ο
2997 4665 3061 4732 τῇ
3114 4661 3172 4715 δὲ
3207 4661 3353 4732 ζώνῃ
3403 4661 3501 4731 τὴν
3537 4661 3802 4733 νέκρωσιν

2224 4759 2320 4814 τοῦ
2361 4761 2617 4830 σώματος
2648 4758 2744 4811 καὶ
2776 4756 2874 4827 τὴν
2908 4754 3268 4826 σωφροσύνην
3296 4756 3355 4809 ἐν
3393 4753 3574 4825 ἐαυτῷ
3612 4752 3801 4823 περιέ-

2227 4854 2369 4907 θετο.
2423 4852 2580 4906 Ἐπεὶ
2616 4853 2699 4904 ὅτι
2732 4851 2825 4904 καὶ
2852 4849 2980 4922 περὶ
3006 4848 3104 4919 τὴν
3144 4849 3340 4917 ὀσφὺν,
3363 4848 3452 4902 ἵνα
3481 4846 3671 4916 νεκρὸς
3705 4846 3802 4915 μὲν

2225 4943 2259 5021 ᾖ
2306 4948 2374 5017 τῇ
2433 4944 2725 5014 ἐπιθυμίᾳ,
2767 4943 3012 5013 ἀνδρεῖος
3061 4941 3116 4994 δὲ
3163 4942 3284 5004 ταῖς
3337 4941 3584 5010 ἀρεταῖς.
3621 4938 3711 5006 Τῷ
3745 4937 3803 4992 δὲ

2230 5034 2535 5106 κουκουλίῳ
2581 5034 2682 5104 τὴν
2719 5030 3221 5102 ταπεινοφροσύνην
3257 5030 3340 5093 εἰς
3385 5028 3660 5099 σωτηρίαν
3706 5044 3805 5080 πε-

2230 5125 2567 5198 ριεϐάλλετο.
2605 5121 2769 5177 Ὥστε
2811 5113 2899 5176 διὰ
2937 5119 3034 5173 τοῦ
3075 5116 3407 5189 ἡγεμονικοῦ
3463 5119 3531 5170 τά
3577 5116 3806 5168 ταπεινὰ

2231 5213 2454 5283 φρονεῖν
2488 5213 2582 5264 καὶ
2616 5209 2795 5273 καλῶς
2825 5208 2924 5272 τὰς
2971 5207 3253 5278 αἰσθήσεις
3288 5206 3680 5273 παιδαγωγεῖν.
3713 5204 3805 5256 Διὸ

2233 5306 2330 5358 καὶ
2385 5303 2823 5372 περικεφαλαίαν
2879 5300 3149 5372 σωτηρίου
3199 5298 3358 5353 τοῦτό
3404 5315 3558 5367 φησι.
3613 5295 3703 5364 Τῷ
3749 5295 3804 5348 δὲ

2232 5398 2514 5466 ἀναλάϐω,
2546 5396 2622 5465 τῷ
2647 5394 2865 5463 σταυρῷ
2915 5395 3010 5446 καὶ
3044 5396 3110 5464 τῇ
3158 5393 3342 5446 πίστει
3393 5388 3803 5459 κατεκοσμήθη,

2234 5492 2392 5560 φησί.
2427 5490 2611 5543 Τύπιιν
2656 5489 2764 5557 γὰρ
2795 5478 2948 5550 οὗτος
2992 5486 3107 5556 ἔχει
3158 5483 3413 5555 σταυροῦ,
3448 5482 3517 5537 δι’
3564 5477 3624 5535 οὗ
3654 5481 3686 5549 ἡ
3714 5478 3806 5531 τοῦ

2236 5581 2475 5650 Χςιστοῦ
2513 5582 2689 5642 πίστις
2720 5596 2779 5631 τε
2804 5583 2897 5631 καὶ
2930 5578 2963 5645 ἡ
2993 5578 3261 5646 νέκρωσις
3301 5574 3685 5644 μαρτυρεῖται.
3721 5566 3808 5636 Τῷ

2237 5675 2292 5727 δὲ
2330 5671 2683 5741 περιϐολαῖῳ,
2732 5669 2809 5739 τῷ
2844 5668 3051 5734 παὶλίῳ
3080 5666 3280 5735 δηλαδὴ
3319 5679 3413 5717 και
3459 5662 3534 5732 τῷ
3579 5659 3807 5730 penatis,

2243 5767 2435 5835 στολὴν
2476 5763 2787 5836 ἀφθαρσίας
2841 5762 2917 5823 ὡς
2961 5760 3188 5828 θώρακα
3240 5756 3460 5826 ἰσχυρὸν
3505 5752 3804 5821 περιέθετο.

2243 5857 2354 5912 Καὶ
2388 5856 2506 5911 ἀντὶ
2533 5854 2639 5909 τῶν
2684 5853 3022 5925 δερματένων
3065 5849 3304 5922 χιτώνων
3366 5848 3487 5918 θεὲα
3538 5844 3805 5911 κ..θωραϊ-
