4078 6402
307 417 405 479 501

1616 431 1712 491 DE
1749 428 2260 494 PCENITENTIA.

3464 438 3570 501 5οἓ

302 540 404 607 σθη
444 537 539 591 καὶ
567 538 932 612 ἐλαμπρύνοη
964 537 1168 615 χάριτι.
1207 547 1331 608 Τοῖς
1365 545 1420 601 δὲ
1460 547 1763 614 σανδαλίοις
1796 544 1884 604 δύ-

2014 558 2096 609 ιέτ
2130 557 2280 624 pacis
2301 550 2598 611 secundum
2627 552 2974 621 Evangelium
3002 553 3194 626 agendi
3214 556 3565 614 et'rurrendi,

300 648 469 699 ναμιν
513 631 758 701 εἴληφεν,
796 634 937 687 ὥστε
991 636 1251 706 ἐπιϐῆναι
1296 628 1398 706 τῆξ
1436 636 1556 693 ὁδοῦ
1602 641 1702 708 τῆς
1746 641 1887 710 πρὸς

305 719 592 794 σωτηρίαν
612 710 856 794 ἀγούσης
889 728 984 782 καὶ
1009 729 1110 799 τὴν
1151 730 1403 801 εἰρήνην,
1431 733 1499 785 τὰ
1531 731 1627 802 τῆς
1663 734 1888 804 εἰρήνης

305 819 447 870 κατὰ
483 816 546 869 τὸ
590 817 923 887 Εὐαγγέλιον
964 819 1175 876 ὁδεύειν
1212 822 1316 877 καὶ
1365 825 1581 894 τρέχειν
1630 824 1885 895 ὀφείλων,

306 908 403 963 καὶ
426 908 637 979 ταύτην
666 909 1149 980 εὐαγγελίζεσθαι,
1187 916 1265 978 ὡς
1307 918 1401 969 καὶ
1429 919 1593 981 αὐτὸς
1637 918 1889 989 μαθητὴς

306 1003 495 1073 ὀφθεὶς
522 1005 619 1059 τοῦ
667 1004 931 1074 Χριστοῦ,
983 1011 1164 1063 πάντα
1212 1010 1555 1077 καταλιπὼν,
1589 1012 1684 1066 καὶ
1713 1014 1890 1084 τούτῳ

310 1099 599 1168 ἑπόμενος.
645 1100 883 1171 Χριστὸς
910 1101 968 1156 δέ
1011 1103 1160 1157 ἐστιν
1198 1105 1231 1166 ἡ
1280 1106 1476 1177 εἰρήνη
1517 1106 1695 1176 ἡμῶν,
1728 1107 1826 1161 καὶ
1856 1109 1889 1176 ἠ

311 1190 427 1254 ὁδὸς
459 1191 598 1258 πρὸς
622 1191 716 1246 τὸν
750 1192 970 1263 Πατέρα
999 1195 1092 1249 καὶ
1120 1195 1167 1260 ὴν
1195 1196 1427 1268 ἀλήθεια
1461 1198 1556 1252 καὶ
1586 1198 1619 1270 ἡ
1656 1196 1772 1269 ζωὴ
1797 1201 1893 1255 καὶ

309 1283 371 1337 τὸ
401 1285 553 1353 φῶς-⁸
587 1286 680 1338 καὶ
721 1285 751 1336 ὀ
787 1284 965 1354 τούτῳ
1015 1286 1328 1342 ἀκολουθῶν
1378 1287 1492 1355 ἕξει
1544 1289 1606 1343 τὸ
1650 1291 1763 1358 φῶς
1794 1290 1893 1360 τῆς

312 1377 478 1443 ζωῆς,
520 1378 615 1430 καὶ
660 1379 798 1447 πρὸς
853 1378 953 1448 τὴν
1002 1377 1150 1448 ζωὴν
1186 1381 1545 1450 καταντήσει.
1592 1382 1755 1435 ’Λλλά
1800 1383 1907 1436 καὶ

311 1467 403 1519 τον
442 1467 630 1520 ἰιλίαν
676 1467 772 1520 καὶ
808 1470 903 1521 τὸν
939 1472 1256 1543 Βαπτιστὴν
1309 1473 1703 1542 μιμησάμενος
1737 1474 1769 1543 ὀ,
1799 1489 1895 1538 μοί

312 1555 510 1621 νᾶζων,
543 1558 618 1622 ὡς
659 1559 754 1613 τοῦ
808 1562 1224 1632 ἀναχωρητικοῦ
1259 1564 1377 1634 βίου
1415 1564 1713 1636 ἀρχηγοὺς,
1746 1560 1895 1617 ἐνδύ-

317 1669 472 1705 σεται
521 1651 622 1721 τὴν
686 1652 795 1706 τῶν
846 1654 1098 1722 ἀγγέλων
1159 1655 1494 1727 ἀφθαρσίαν,
1533 1658 1628 1710 καὶ
1687 1658 1788 1724 τῆς
1831 1657 1897 1710 ὲκ

315 1742 505 1807 δεξιῶν
546 1743 857 1815 καταξιωθῇ
906 1744 999 1798 τοῦ
1035 1747 1276 1815 Χριστοῦ
1329 1750 1750 1819 παραστάσεως.
1802 1749 1898 1803 καὶ¹

319 1835 544 1888 ἀκούσει
585 1837 685 1904 τῆς
726 1839 1004 1906 μακαρίας
1048 1838 1450 1910 αύτοῦ“φωνῆς,
1488 1843 1686 1909 Δεῦτε,
1719 1844 1774 1897 οἱ
1807 1843 1898 1896 εὐ·

1990 663 2179 717 pacem
2220 649 2632 718 cvangelizaudi
2663 668 2676 710 ;
2712 666 2835 703 nam
2876 651 2994 719 ipse
3044 650 3216 704 factus
3253 659 3333 705 est
3362 648 3568 703 Christi

1992 740 2330 809 discipulus.
2397 736 2590 804 illum,
2647 742 2902 797 omnibus
2952 741 3268 804 derelictis,.
3301 749 3569 807 secutus,

1994 832 2249 889 Christus
2280 842 2465 889 autem
2512 844 2596 889 est
2640 850 2743 905 pax
2776 844 2965 889 nostra
3004 842 3060 888 et
3088 833 3172 888 via
3203 833 3268 888 ad
3305 832 3522 886 Patrem
3554 873 3568 896 ,

1992 924 2327 995 veritasque.
2361 927 2469 981 vita
2499 937 2663 997 alque
2696 926 2809 994 lux,
2843 937 2898 982 et
2921 926 3010 996 qui
3042 942 3167 980 eum
3200 925 3445 994 sequitur
3477 924 3574 978 ha-

1993 1015 2147 1070 bebit
2189 1017 2371 1072 lnnten
2432 1017 2557 1072 vita:
2590 1033 2655 1071 ac
2694 1017 2759 1072 ad
2798 1019 2963 1073 vitam
3015 1016 3332 1087 perveniet;
3386 1016 3481 1071 sed
3521 1026 3577 1070 ct

1995 1105 2166 1161 Eliam
2197 1120 2361 1176 atque
2386 1107 2651 1165 Joannem
2690 1112 2938 1165 imitatus
2962 1111 3087 1165 vitae.
3116 1108 3575 1163 anachoretarum

1996 1200 2302 1270 principes,
2339 1203 2646 1256 monachus
2674 1200 2856 1255 induit
2885 1200 3201 1271 angelorum
3226 1222 3233 1231 κ
3254 1198 3577 1253 immortali-

1995 1299 2186 1356 tatem,
2219 1302 2274 1346 et
2307 1292 2508 1364 dignus
2551 1294 2729 1349 factus
2784 1302 2871 1349 est
2914 1294 3008 1362 qui
3055 1308 3083 1346 a
3125 1292 3338 1348 dextris
3369 1290 3576 1345 Christi
3654 1303 3661 1323 ι

1996 1383 2321 1450 collocetur,
2351 1393 2405 1438 et
2439 1384 2625 1440 audiat
2653 1386 2864 1440 beatam
2902 1385 3019 1453 eius
3052 1400 3239 1439 vocem
3268 1401 3281 1437 :
3309 1403 3327 1435 ι
3359 1382 3577 1446 Venite,

1998 1476 2273 1533 benedicti
2309 1477 2486 1532 Patris
2516 1479 2646 1541 mei,
2677 1497 2702 1530 ὀ
2739 1493 2846 1545 qua
2876 1494 3068 1532 omnes
3098 1479 3290 1541 dignos
3324 1477 3438 1530 fieri
3481 1476 3580 1529 0b-

1997 1578 2195 1626 secrat.
2229 1569 2432 1625 Verum
2470 1570 2576 1625 alta
2610 1585 2743 1625 voce
2800 1580 3084 1640 postquam
3126 1569 3448 1623 Trinitatem
3483 1583 3581 1637 pro

1997 1677 2151 1717 more
2176 1661 2457 1717 benedixit
2490 1670 2546 1717 et
2571 1662 2647 1716 ait
2686 1679 2699 1715 :
2732 1680 2752 1715 ι
2791 1661 2899 1716 Pax
2929 1661 3187 1717 omnibus
3232 1679 3275 1727 ι,
3306 1659 3583 1728 iussitque

1999 1752 2180 1823 capita
2229 1751 2465 1807 Domino
2511 1751 2775 1806 inclinare
2817 1760 2877 1805 ut
2907 1766 3098 1806 servos
3123 1791 3136 1814 ,
3174 1759 3233 1804 ut
3263 1763 3457 1802 omnes
3487 1763 3579 1801 su~

2001 1860 2228 1913 pernam
2277 1848 2685 1914 censcquantur
2738 1843 3218 1904 benedictionem,
3272 1854 3461 1894 rursus
3515 1838 3598 1891 ad

318 1927 639 1996 λογημένοι
674 1928 783 1984 τοῦ
825 1932 1057 1998 Πατρός
1075 1949 1196 2000 μου
1221 1948 1235 1964 '
1266 1928 1334 2003 ἧς
1363 1932 1456 1985 καὶ
1498 1933 1708 1995 πάντας
1737 1932 1899 1998 ἀξιω-

2007 1937 2172 1991 Deum
2206 1944 2480 2004 precatur,
2507 1944 2566 1989 ut
2594 1950 2717 1989 eum
2746 1933 3064 1989 introducat
3087 1934 3141 1988 in
3163 1933 3405 1987 divinant
3429 1946 3582 1986 suam

321 2019 480 2088 ϐῆναι
512 2020 752 2091 εῠχεται.
791 2023 1147 2091 Ἐκφωνῆσας
1178 2024 1232 2076 δὲ
1267 2024 1357 2077 καὶ
1381 2024 1479 2093 τὴν
1512 2023 1671 2094 194.
1692 2025 1899 2094 Τριάδα

318 2110 678 2181 δοξολογήσας
710 2111 785 2174 ὡς
812 2110 955 2175 ἔθος,
983 2114 1078 2166 καὶ
1104 2113 1184 2177 τὸ,
1214 2115 1436 2182 Εἰρήνη
1464 2113 1674 2177 πᾶσιν,
1704 2114 1897 2180 εἰπὼν,

321 2207 418 2258 καὶ
449 2206 549 2269 τὰς
587 2206 836 2274 κεφαλὰς
863 2204 941 2275 τῷ
968 2206 1156 2277 Κυρίῳ
1180 2207 1360 2260 κλῖναι
1388 2207 1651 2268 κελεύσας
1677 2208 1753 2271 ὡς
1780 2207 1923 2262 δούο.

322 2298 468 2360 λους,
499 2298 587 2351 ἵνα
618 2299 856 2369 τύχωσιν
877 2299 1117 2363 ἅπαντες
1143 2299 1238 2353 καὶ
1264 2300 1365 2367 τῆς
1396 2298 1603 2355 ἄνωθεν
1626 2301 1898 2370 εὐλογίας,

323 2392 486 2446 πάλιν
515 2390 736 2463 εὔχεται
769 2393 906 2460 πρὸς
939 2392 1092 2455 Θεὸν,
1133 2394 1452 2461 εἰσαγαγεῖν
1484 2394 1645 2447 αὐτὸν
1681 2395 1764 2458 είς
1792 2395 1894 2463 τὴν

328 2485 492 2540 αὑτοῦ
530 2486 683 2540 θείαν
728 2486 827 2538 καὶ
857 2485 1234 2554 πνευματικὴν
1263 2484 1436 2557 αὐλήν
1461 2503 1475 2517 υ
1510 2486 1797 2541 τουτέστιν
1825 2489 1901 2540 ol-

330 2578 470 2630 κεϊον
496 2575 644 2648 αύτῷ
675 2576 922 2646 ποιῆσαι,
966 2577 1060 2630 καὶ
1093 2575 1355 2639 συντάξαι
1384 2579 1497 2639 τοῖς
1526 2576 1705 2646 φίλοις
1735 2578 1902 2632 αὐτοῦ

325 2671 416 2722 καὶ
448 2672 512 2738 τῇ
547 2668 838 2737 συγκλήτῳ
884 2668 1074 2734 αὐτοῦ,
1107 2672 1200 2721 καὶ
1230 2667 1475 2738 καθαρὸν
1505 2668 1600 2722 καὶ
1644 2667 1904 2739 ὑψηλότε-

328 2775 419 2828 ρον
442 2756 608 2812 αύτοῦ
637 2758 867 2828 ποιῆσαι
896 2756 958 2810 τὸ
983 2756 1243 2826 φρόνημα
1269 2755 1378 2809 τῶν
1408 2754 1701 2824 βιωτικῶν,
1734 2756 1815 2819 είς
1842 2756 1906 2808 τὸ

324 2851 586 2924 διηνεκῶς
616 2850 986 2922 μνημονεύειν
1002 2850 1111 2904 τῶν
1133 2850 1513 2920 ἀποκειμένων
1538 2848 1762 2918 ἀγαθῶν
1790 2850 1904 2913 τοῖς

325 2942 553 3007 ἑαυτοὺς
587 2943 674 2996 διὰ
721 2940 957 3013 Χριστὸν
991 2939 1067 3011 τῷ
1117 2940 1217 3010 βίῳ
1257 2939 1634 3010 σταυρώσασι.
1667 2937 1780 2992 Καὶ
1808 2940 1904 2989 ὲκ-

325 3034 517 3103 ιίώνως
556 3035 718 3088 πάλιν
768 3033 1002 3101 ποιμένα
1054 3033 1151 3087 καὶ
1205 3032 1509 3086 ἐπίσκοπον
1551 3031 1664 3086 τῶν
1714 3029 1904 3100 ψυχῶν

326 3128 487 3198 ἡμῶν
519 3126 611 3180 τὸν
643 3127 700 3179 ἐν
730 3124 924 3196 Τριάδι
951 3124 1127 3192 λέγων
1165 3123 1298 3178 Θεὸν
1330 3126 1579 3190 άνυμνεῖ.
1626 3123 1781 3178 Ἐπεὶ
1812 3122 1906 3175 καὶ

330 3221 461 3289 παρ’
492 3216 662 3272 αὐτοῦ
714 3218 848 3289 ἡμῖν
887 3218 919 3288 ἠ
951 3218 1144 3284 ὀδηγία
1172 3216 1277 3270 ’τοῦ
1306 3217 1617 3287 κρείττονος
1651 3218 1745 3269 καὶ
1776 3216 1907 3284 πρό-

2007 2028 2419 2098 spiritaletnque
2445 2028 2647 2089 aulam.
2670 2026 2722 2082 id
2755 2035 2856 2089 est,
2885 2037 2941 2081 ιιι
2970 2042 3094 2081 eum
3125 2024 3226 2079 sibi
3257 2023 3582 2078 familiarem

2004 2121 2186 2185 faciat,
2216 2129 2271 2176 et
2290 2120 2487 2177 ramicis
2518 2120 2633 2176 suis
2680 2136 2891 2190 suoque
2925 2119 3135 2177 senatui
3165 2117 3465 2181 consociet,
3493 2135 3589 2172 eos

2005 2214 2300 2285 gitationes
2328 2213 2449 2284 ejus
2482 2211 2738 2284 puriﬁcet
2768 2221 2821 2267 et
2849 2210 3144 2267 mundanis
3179 2210 3545 2281 superexaltet
3568 2254 3581 2273 ,

1966 2336 1969 2339 -
2004 2313 2067 2359 ut
2114 2311 2386 2374 perpetuo
2425 2304 2750 2358 recordetur
2803 2304 3069 2359 honorum
3112 2317 3207 2357 eos
3241 2300 3587 2356 manentium

2005 2396 2097 2466 qui
2128 2411 2224 2465 per
2257 2397 2423 2453 vitam
2471 2397 2795 2465 semetipsos
2834 2404 3058 2466 propter
3095 2392 3375 2449 Christum
3407 2392 3589 2448 cruci-

2007 2487 2265 2542 ﬂxerunt.
2303 2485 2371 2541 Et
2402 2485 2598 2541 iterum
2636 2500 2822 2540 vocem
2855 2483 3118 2540 extollens
3141 2523 3155 2548 ,
3209 2492 3480 2553 pastorem
3532 2489 3587 2536 et

2005 2578 2324 2649 episc0pum
2360 2576 2667 2633 animarum
2696 2585 3007 2631 nostrarum
3031 2590 3192 2645 quem
3232 2575 3287 2627 iit
3317 2573 3593 2627 Trinitate

2006 2671 2137 2726 dicit
2174 2670 2345 2725 Deum
2389 2669 2662 2733 celebrat,
2715 2668 2973 2737 quoniam
3012 2667 3082 2720 ab
3128 2666 3246 2736 ipso
3291 2673 3375 2719 est
3428 2664 3584 2719 nobis

2006 2761 2248 2817 melioris
2294 2761 2423 2816 Vitae
2459 2759 2750 2826 institutio,
2797 2758 3141 2831 providentia
3187 2757 3241 2811 ει
3290 2756 3583 2825 inspectio.

2006 2852 2275 2923 Deinceps
2297 2852 2532 2908 diacono
2554 2861 2806 2907 sanctum
2844 2862 3059 2906 tenente
3083 2848 3457 2918 Evangelium,
3481 2846 3588 2902 hoc

2008 2945 2204 3013 accipit
2262 2944 2517 2999 sacerdos
2563 2953 2617 2999 et
2666 2944 2793 2998 ait:
2879 2961 2895 2993 ι
2938 2942 3082 2996 Dixit
3144 2940 3406 2995 Dominus
3465 2955 3479 2994 :
3529 2939 3586 2992 Si

2006 3036 2136 3107 quis
2164 3035 2277 3090 vult
2303 3046 2424 3105 post
2459 3053 2543 3089 me
2581 3038 2788 3099 venire,
2829 3035 3057 3105 abneget
3093 3032 3448 3101 semetipsum
3477 3073 3490 3095 ,
3534 3040 3590 3083 et

2012 3128 2165 3183 tollat
2191 3143 2408 3184 crucem
2437 3138 2591 3183 suam
2621 3137 2676 3183 et
2714 3139 2977 3197 sequatur
3012 3138 3118 3180 me.
3152 3142 3171 3176 ι
3207 3122 3273 3178 Et
3304 3125 3400 3177 dat
3432 3124 3505 3186 ci,
3539 3125 3584 3175 si

2011 3219 2273 3274 sacerdos
2301 3228 2421 3286 est;
2458 3219 2505 3275 si
2537 3234 2717 3286 secus,
2745 3234 2967 3274 erucem
3000 3218 3049 3273 ei
3082 3217 3327 3273 exhibet.
3361 3215 3459 3269 llic
3492 3230 3589 3266 τηι-

329 3328 447 3365 νοια
479 3311 576 3365 καὶ
614 3309 916 3380 ὲπισκοπή.
947 3304 1080 3362 Εἶτα
1111 3307 1206 3361 τοῦ
1252 3308 1502 3362 διακόνου
1531 3308 1591 3362 τὸ
1635 3307 1779 3376 ἱερὸν
1809 3324 1904 3361 κα-

2015 3320 2125 3363 tem
2164 3308 2443 3379 accipiens
2481 3310 2676 3365 adorat
2719 3319 2775 3365 ct
2808 3311 3090 3365 osculatur
3115 3352 3128 3376 ,
3183 3309 3479 3363 ostendens
3527 3320 3587 3359 se

324 3405 575 3475 τὲχοντος
620 3403 977 3471 Εὐαγγέλιον,
1007 3402 1278 3474 λαμϐάνει
1310 3400 1472 3456 τοῦτο
1495 3402 1523 3454 ὁ
1567 3400 1747 3470 ἱερεύς
1767 3416 1783 3432 ο
1815 3399 1910 3453 καί

328 3512 513 3564 φησιν,
551 3512 571 3546 ι
611 3491 778 3549 Εἶπεν
818 3496 846 3548 ὁ
873 3493 1103 3562 Κύριος,
1135 3494 1209 3553 Εἴ
1239 3512 1329 3560 τις
1360 3494 1534 3549 θέλειο
1574 3491 1768 3546 ὀπίσω
1794 3509 1909 3557 μου

392 3585 706 3654 ιελουθεῒν,
757 3585 1217 3655 ἀπαρνησάσθω
1266 3587 1507 3649 ἑαυτὸν,
1559 3584 1660 3639 καὶ
1711 3583 1911 3653 ἀράτω

331 3680 436 3734 τὸν
472 3678 743 3746 σταυρὸν
783 3677 971 3734 αὐτοῦ
1007 3676 1107 3731 καὶ
1148 3671 1539 3744 ἀκολουθήτω
1568 3695 1695 3745 μοι.
1742 3694 1760 3727 t
1800 3675 1911 3727 Καὶ

335 3766 543 3822 δίδωσιν
577 3768 727 3838 αὐτῷ
774 3769 835 3821 εί
879 3766 1175 3837 ἱερωμένος
1208 3767 1354 3820 ἐστίν
1380 3783 1394 3798 ο
1424 3768 1473 3820 εἰ
1501 3766 1545 3820 δ’
1568 3766 1649 3829 οὓ,
1679 3765 1910 3835 σταυρὸν

336 3859 560 3928 παρέχει
608 3858 782 3927 αὐτῷ.
814 3857 987 3922 Αὐτὸς
1015 3857 1073 3911 δὲ
1113 3857 1434 3926 λαμϐάνων,
1479 3861 1778 3928 προσκυνεῖ
1816 3861 1911 3912 καὶ

331 3952 660 4017 ἀσπάζεται,
709 3948 927 4013 δεικνὺς
969 3950 1052 4004 ὅτι
1101 3948 1278 4019 τούτῳ
1328 3948 1762 4019 ἐπηκολούθησε,
1817 3952 1912 4005 καὶ

330 4045 536 4112 ὀφείλει
569 4030 905 4097 ἀκολουθεῖν.
944 4037 1076 4095 Εἶτα
1106 4044 1215 4113 ¹κοιλ.
1250 4041 1514 4114 λαμπάδα
1545 4043 1575 4095 ὀ
1610 4042 1789 4113 ἱερεὺς
1833 4043 1911 4096 δί-

329 4139 514 4200 δωσιν,
548 4137 631 4199 είς
671 4136 870 4204 δεῖγμα
897 4128 1072 4204 οὗπερ
1121 4133 1315 4204 εἴληφε
1363 4131 1667 4202 φωτισμοῦ,
1710 4134 1804 4186 καὶ
1836 4133 1912 4198 ὡς

328 4228 596 4296 ὀφείλοντι
638 4225 900 4296 καθαρῶς
952 4223 1356 4279 πολιτεύεσθαι.
1404 4224 1498 4277 Διὸ
1541 4225 1637 4279 καὶ
1686 4226 1785 4286 τὰς
1815 4224 1911 4278 τοῦ

330 4319 584 4390 Σωτῆρος
612 4317 763 4386 αὑτῷ
797 4315 943 4384 λέγει
982 4316 1167 4387 φωνὰς
1216 4315 1448 4379 ἐκϐοῶν,
1505 4335 1522 4367 i
1558 4311 1726 4370 Εἶπεν
1750 4316 1778 4368 ὁ
1804 4317 1913 4370 Κύ-

334 4425 470 4478 ριος,
504 4409 669 4461 Οὕτω
717 4406 1013 4476 λαμψάτω
1068 4405 1137 4458 τὸ
1181 4405 1309 4473 φῶς
1364 4404 1532 4474 ὑμῶν
1570 4405 1916 4475 ἔμπροσθεν

331 4498 452 4553 τῶν
476 4496 822 4566 ἀνθρώπων,
863 4513 882 4548 ι
915 4493 1098 4549 καὶτὰ
1122 4494 1272 4564 ἑξῆς.
1303 4491 1439 4548 Εἶτα
1466 4494 1658 4548 τοῦτον
1690 4497 1785 4549 καὶ
1808 4495 1915 4564 πρὸ

2011 3413 2135 3452 eum
2175 3414 2296 3453 esse
2326 3409 2644 3454 secuturum
2678 3410 2838 3469 prout
2872 3400 3025 3469 sequi
3063 3399 3246 3454 debet.
3281 3397 3476 3453 Postea
3509 3397 3593 3450 lu-

2011 3504 2234 3543 cernam
2266 3490 2359 3543 dat
2383 3491 2663 3555 sacerdos,
2698 3492 2749 3544 in
2787 3490 3001 3561 signum
3035 3491 3156 3561 ejus
3185 3504 3347 3561 quam
3380 3487 3593 3557 accepit

2013 3580 2451 3641 illuminationis,
2488 3592 2543 3636 et
2567 3590 2823 3652 tanquam
2855 3596 2988 3651 pure
3021 3578 3438 3647 conversaturo.
3466 3578 3591 3633 Ideo

2015 3672 2312 3726 Salvatoris
2362 3675 2525 3727 verba
2560 3674 2694 3727 dicit
2738 3672 2788 3728 ci
2835 3673 3077 3728 clamans
3114 3690 3128 3726 :
3165 3690 3184 3723 ι
3227 3672 3371 3725 Dixit
3402 3670 3590 3723 Domi-

2012 3780 2116 3819 nus
2147 3782 2161 3819 :
2197 3764 2289 3819 Sic
2334 3765 2511 3819 luceat
2547 3765 2636 3818 lux
2688 3752 2872 3819 vestra
2893 3779 3077 3818 coram
3111 3762 3448 3825 hominibus,
3485 3779 3503 3812 ι
3538 3770 3593 3814 et

2014 3865 2234 3910 caetera.
2269 3856 2483 3910 Exinde
2519 3856 2673 3910 illum
2719 3864 2848 3909 ante
2884 3868 3067 3909 sacras
3097 3852 3283 3907 valvas
3320 3851 3589 3911 collocat.

2014 3947 2166 4018 quasi
2195 3947 2265 4002 ad
2307 3947 2503 4017 januas
2551 3947 2675 4002 εει)ιί
2730 3933 3045 4014 pervenerit
3081 3960 3207 4001 cum
3246 3943 3474 3998 Domitio
3502 3957 3592 3996 re-

2015 4037 2367 4100 conciliatus,
2415 4036 2508 4105 qui
2555 4035 2906 4105 Evangelitun
2963 4044 3148 4107 portat
3194 4033 3592 4101 ardentemque

2014 4128 2321 4199 lampadem
2348 4167 2363 4193 ,
2398 4129 2660 4199 quoniam
2692 4130 2998 4184 secundum
3034 4126 3389 4197 Evangelium
3436 4134 3493 4180 et
3537 4124 3592 4177 in

2015 4219 2219 4275 lumine
2248 4221 2409 4275 debet
2443 4221 2647 4285 vivere,
2681 4220 2736 4274 in
2765 4221 2993 4292 gloriam
3024 4220 3113 4275 Dei
3142 4218 3236 4289 qui
3266 4219 3334 4273 ad
3357 4216 3597 4273 admira-

2013 4312 2124 4368 bile
2148 4312 2329 4367 lumen
2359 4327 2517 4367 suum
2549 4314 2770 4368 vocavit
2798 4329 2945 4368 eum.
2980 4314 3047 4367 Et
3091 4313 3234 4367 illico
3276 4326 3400 4366 eum
3433 4322 3588 4364 oscu-

2017 4404 2161 4459 latus
2206 4403 2465 4459 sacerdos
2495 4413 2720 4475 propter
2764 4404 3088 4460 cltaritatem
3139 4411 3194 4457 et
3239 4403 3498 4457 uuionent
3538 4402 3595 4455 in

2015 4493 2254 4560 Christo,
2318 4494 2672 4566 coelestisque
2703 4495 2884 4549 Patris
2937 4495 3185 4550 osculum
3235 4492 3589 4563 signiﬁcans,

331 4591 441 4643 τῶν
472 4588 647 4660 ἁγίων
679 4587 862 4660 Θυρῶν
903 4587 1048 4658 ἱστᾷ,
1071 4585 1146 4651 ὡς
1175 4587 1257 4648 et;
1282 4587 1383 4651 τὰς
1424 4584 1596 4649 πύλας
1621 4585 1714 4640 τοῦ
1743 4587 1904 4659 οὐρα-

2019 4587 2281 4655 quoniam
2314 4587 2587 4656 perditum
2622 4587 2835 4642 invenit
2863 4588 3033 4642 tilium
3082 4596 3139 4641 et
3184 4599 3436 4656 magnam
3468 4583 3607 4637 fet-it.

332 4682 426 4738 νοῦ
470 4681 772 4753 ὲφθακότα,
807 4680 905 4735 καὶ
947 4680 1028 4750 τῷ
1076 4681 1324 4754 Δεσπότῃ
1370 4681 1820 4750 κατηλλαγμένον
1850 4679 1912 4733 τδ

335 4774 673 4843 Εὑαγγὲλιον
726 4775 964 4845 φέροντα
1014 4773 1107 4825 καὶ
1165 4773 1265 4842 τὴν
1317 4771 1581 4841 λαμπάδα
1633 4773 1913 4844 ἡμμένην.

345 4867 677 4936 Ἑπειδήπερ
708 4865 1084 4934 εύαγγελικῶς
1133 4864 1227 4917 καὶ
1260 4864 1537 4929 φωτεινῶς
1566 4864 1773 4931 ὀφείλει
1815 4865 1914 4934 ζῆ-

334 4975 450 5023 σαι,
481 4957 561 5020 εἰς
610 4956 767 5021 δόξαν
812 4954 911 5009 τοῦ
940 4954 1078 5025 πρὸς
1124 4957 1189 5029 το
1236 4953 1553 5023 θαυμαστὸν
1600 4955 1763 5009 αὑτοῦ
1797 4957 1913 5025 φῶς

333 5050 667 5113 καλέσαντος
695 5048 867 5102 αὐτὸν
896 5047 1056 5104 Θεοῦ.
1094 5049 1217 5101 Καὶν
1248 5047 1414 5110 εὐθὺς
1448 5047 1613 5101 αὑτὸν
1660 5046 1913 5103 ἀσπασά-

337 5156 499 5208 μενος
532 5140 562 5192 ὀ
598 5140 778 5210 ἱερεὺς
805 5139 895 5193 διὰ
926 5137 1024 5208 τὴν
1055 5140 1111 5190 ὲν
1141 5136 1364 5209 Χριστῷ
1398 5122 1621 5207 ἀγάπην
1660 5138 1754 5191 καὶ
1780 5137 1909 5191 ἕνω-

334 5249 450 5297 σιν,
478 5232 575 5284 καὶ
607 5229 699 5284 τὸν
720 5229 816 5285 τοῦ
843 5229 1095 5300 οὐρανίου
1127 5227 1342 5299 [ἰατρὸς
1380 5228 1558 5297 δηλῶν
1588 5229 1907 5298 ἀσπασμὸν,

333 5325 422 5378 ὅτε
474 5324 567 5377 τὸν
615 5322 937 5376 ἀπολωλότα
987 5313 1149 5390 εὗρεν
1207 5320 1341 5384 υἱον,
1371 5320 1475 5405 καὶ
1509 5319 1609 5388 τὴν
1663 5320 1910 5389 μεγάλην

335 5417 509 5487 χαρὰν
537 5415 807 5476 ἐτέλεσεν,
841 5414 966 5485 ἱστᾷ
1002 5414 1232 5483 πλησίον
1268 5410 1457 5479 αὐτοῦ,
1489 5412 1572 5465 ὅτι
1616 5412 1714 5466 καὶ
1744 5412 1911 5479 ὲγγὺς

336 5507 429 5562 τοῦ
463 5508 597 5561 Θεοῦ
629 5506 945 5576 γεγένηται.
976 5503 1041 5560 Οἱ
1068 5504 1287 5574 ἀδελφοί
1319 5521 1377 5557 τε
1410 5503 1550 5575 μετᾶ
1573 5503 1666 5556 τοῦ
1701 5504 1914 5573 Ila-cpt);

336 5603 535 5662 πάντες
570 5596 1155 5667 λαμπαδηφοροῦντες,
1202 5596 1643 5667 ἐπιδεικνύμενοι
1692 5597 1753 5649 τὸ
1790 5614 1915 5665 φαι-

337 5690 480 5760 δρὸν,
505 5690 598 5745 καὶ
631 5690 730 5760 τὴν
761 5688 857 5742 τοῦ
888 5687 1024 5741 Θεοῦ
1054 5688 1238 5759 χάριν,
1271 5687 1362 5740 καὶ
1391 5686 1487 5757 τὴν
1525 5687 1634 5739 τῶν
1665 5687 1914 5757 ἀγγέλων

337 5783 535 5851 χαρὰν,
577 5783 933 5852 ἀπέρχονται,
960 5783 1052 5835 καὶ
1100 5778 1727 5850 ἀσπαζόμενοιὲκαστος
1772 5781 1832 5834 τό
1854 5796 1911 5832 τε

2015 4681 2286 4751 lmtitiam,
2318 4680 2463 4752 apud
2489 4696 2549 4736 se
2580 4681 2832 4744 collocat,
2862 4681 2989 4748 quia
3023 4678 3134 4732 Deo
3167 4678 3393 4749 propius
3420 4675 3599 4730 factus

2011 4785 2118 4831 est.
2168 4776 2413 4840 Fratres,
2459 4776 2625 4830 etiam
2672 4790 2796 4828 cum
2823 4783 2979 4844 patre
3006 4786 3202 4826 omnes
3231 4773 3487 4825 lucernas
3517 4769 3592 4823 fe-

2012 4880 2223 4933 rentes,
2251 4883 2360 4936 quo
2395 4867 2726 4920 hilaritatem
2775 4871 3076 4920 conitotant
3121 4863 3326 4930 Deique
3362 4860 3594 4930 gratiam

2011 4969 2066 5014 et
2095 4959 2409 5030 angelorum
2439 4956 2718 5028 gaudium,
2742 4963 2965 5016 exeunt,
2993 4962 3046 5006 et
3067 4952 3264 5022 singuli
3294 4950 3595 5004 deosculati

2016 5057 2273 5104 sanctum
2308 5045 2660 5116 Evangelium
2687 5053 2741 5097 et
2770 5043 3109 5098 sacerdotem
3147 5038 3240 5110 qui
3295 5038 3498 5094 Christi
3530 5040 3597 5092 li-

2017 5154 2208 5210 guram
2256 5145 2461 5199 servat,
2496 5137 2777 5205 ipsamque
2806 5133 2969 5203 hujus
3001 5147 3222 5187 crucem
3257 5140 3314 5187 et
3347 5145 3471 5185 eum
3504 5132 3594 5200 qui

2020 5229 2267 5283 habitum
2300 5227 2581 5295 suscepit,
2619 5223 2865 5279 lmtantes
2903 5223 3232 5278 concinnat.
3264 5221 3382 5278 Hoc
3409 5231 3590 5277 autem

2018 5328 2270 5374 cantatur
2298 5335 2313 5371 :
2348 5336 2366 5370 ι
2409 5315 2836 5387 Coguoscamus,
2867 5314 3089 5379 fratres,
3121 5314 3363 5385 mysterii
3416 5315 3591 5369 virtu-

2022 5418 2154 5464 tem.
2215 5426 2233 5459 ι
2298 5407 2494 5462 Verum
2536 5420 2786 5476 qtuettam
2844 5405 2966 5459 est?
3025 5404 3284 5475 quoniam
3342 5419 3407 5460 ex
3462 5418 3596 5473 pec—

2022 5492 2145 5561 cato
2178 5504 2244 5558 ad
2275 5502 2498 5557 domum
2533 5513 2818 5572 paternam
2850 5515 3130 5555 reversum
3163 5500 3403 5568 optimus
3439 5499 3596 5553 Pater

2022 5610 2321 5651 occurrens
2353 5592 2719 5663 amplectitur,
2749 5602 2805 5646 ct
2837 5592 3066 5663 primam
3096 5590 3330 5645 reddens
3357 5589 3596 5657 dignita-

2025 5696 2156 5749 tem,
2188 5686 2438 5756 saginata
2471 5680 2640 5737 vitulo
2667 5684 2873 5749 occiso,
2904 5698 3029 5737 cuin
3057 5681 3327 5735 reditibus
3363 5680 3495 5734 facit
3521 5678 3597 5731 fe-

2022 5780 2317 5836 stivitatetn
2352 5789 2405 5832 ct
2439 5776 2698 5831 laetitiam.

339 5878 481 5944 ἱερὸν
511 5868 844 5945 Εὐαγγὲλιον
880 5876 970 5930 καὶ
1001 5876 1091 5930 τον
1125 5875 1298 5945 ἱερέα,
1332 5872 1505 5928 τύπον
1552 5872 1796 5939 σώζοντα
1826 5873 1916 5926 τοῦ
1956 5874 2214 5945 Χριττοῦ,
2250 5874 2344 5926 καὶ
2376 5873 2539 5925 αὺτὶν
2574 5862 2867 5923 τοκιοότοῦ
2906 5865 3157 5935 σταυρὸν,
3217 5864 3307 5919 καὶ
3348 5866 3461 5917 τὸν»
3500 5863 3594 5919 λα-

1834 5954 1845 5975 l'

852 6074 883 6115 Ι
