4078 6424
529 375 637 436 δοει
1351 382 1734 453 SYMEONIS
1756 382 2516 446 THESSALONICENSIS
2556 357 2920 450 ARCilIEP.
3672 386 3788 451 τοι

525 491 692 545 σῦντα
716 491 778 546 τὸ
806 493 1012 563 σχῆμα.
1056 495 1167 548 Kal
1194 494 1416 568 ᾄδουσιν
1465 499 1910 569 εὐφραινόμενοι.
1943 495 2018 552 Τὸ
2044 497 2102 550 δὲ
2140 497 2423 571 ᾀδόμενον,
2464 517 2484 552 ι
2525 498 2898 567 Ἐπιγνῶμιν,
2921 495 3165 567 ἀδελφοὶ,
3207 496 3304 551 τοῦ
3344 498 3642 570 μυστηρίου
3687 500 3790 571 τὴν

522 583 774 656 δύναμιν.
811 604 831 638 ι
869 584 966 651 Τίς
991 587 1048 642 δὲ
1074 589 1251 662 αῦτη;
1291 611 1311 644 ι
1347 590 1540 658 Ὅπως
1565 595 1659 649 τὸν
1691 597 1756 650 ἐκ
1795 598 1898 668 τῆς
1929 595 2207 666 ἁμαρτίας
2252 593 2393 666 πρὸς
2440 595 2542 664 τὴν
2590 593 2868 666 πατρικὴν
2929 584 3293 648 ἕπανελθόντα
3339 593 3522 649 ἑστίαν
3559 597 3588 648 ό
3646 614 3792 650 παν-

521 680 724 750 άγαθος
777 683 967 756 Πατὴρ
1014 689 1445 760 προῦπαντήσας
1489 692 1819 758 ἀσπάζεται.
1845 681 1848 685 ’
1873 711 1893 746 ι
1953 694 2065 748 Kal
2105 692 2231 756 δοὺς
2295 691 2357 746 τὸ
2385 691 2606 764 πρῶτον
2632 691 2871 763 ἀξίωμα,
2904 692 3046 760 μετὰ
3076 691 3186 747 τῶν
3225 691 3340 747 ἄνω
3397 694 3636 748 ποιεῖται
3685 695 3794 766 τὴν

521 770 777 838 εὐταξίαν
834 775 928 829 καὶ
986 777 1351 850 εὐφροσύνην,
1398 781 1568 848 θύσας
1612 782 1703 837 τὸν
1760 783 1964 855 μόσχον
2008 784 2102 840 τὸν
2140 784 2410 840 σιτευτόν.

1049 898 1281 956 CAPUT
1329 901 1555 958 CCLXX
1568 902 1632 959 ν.

524 984 700 1055 Quod,
726 999 842 1055 post
875 990 1111 1067 osculum
1136 1003 1188 1047 et
1230 995 1562 1050 caerimonias
1595 996 1889 1060 universas,
1920 1012 2104 1067 supre-

705 1076 848 1114 mum
896 1062 1169 1127 bonorum,
1194 1078 1363 1118 sacra:
1389 1081 1547 1119 caena:
1576 1069 1896 1121 communio.

595 1147 893 1220 Propterea
929 1161 1059 1222 post
1098 1155 1494 1211 osculationem
1547 1157 1876 1213 sacriﬁcium
1913 1157 2104 1230 agitur

525 1239 684 1295 vituli
715 1241 971 1310 viventis,
999 1252 1054 1299 et
1082 1245 1385 1301 secundum
1417 1247 1668 1303 ordinem
1701 1259 1757 1304 et
1787 1263 2101 1320 congruen-

523 1344 608 1388 ter
641 1333 714 1388 ita
747 1333 825 1400 ﬁt,
855 1348 977 1390 cum
1007 1337 1074 1391 ab
1103 1336 1364 1404 Apostolo
1396 1340 1697 1410 appelletur
1725 1340 1895 1396 divini
1931 1344 2104 1397 Evan-

479 1437 490 1458 ο
523 1422 645 1495 gelii
673 1425 1056 1484 summarium.
1089 1429 1192 1495 Qui
1225 1430 1476 1486 habitum
1508 1434 1740 1503 sumpsit
1767 1442 1894 1488 ante
1925 1434 2103 1489 Evan-

482 1529 486 1535 '
525 1515 726 1586 gelium
755 1527 813 1573 et
841 1527 1064 1575 sanctos
1113 1518 1323 1576 lumina
1352 1521 1592 1578 ferentes
1639 1523 2007 1595 pr0greditur,
2042 1535 2102 1580 ut

531 1608 694 1665 miles
720 1609 924 1665 Christi
959 1619 1015 1666 et
1056 1611 1310 1669 minister
1333 1614 1687 1669 constitutus.
1730 1615 1799 1670 Et
1842 1615 2100 1670 memoria

524 1702 722 1774 dignus
754 1703 989 1760 habetur
1019 1704 1074 1760 in
1101 1705 1445 1761 orationibus
1480 1715 1671 1778 utpote
1706 1708 1757 1761 in
1798 1707 1936 1762 ccelo
1965 1723 2098 1762 con-

523 1795 761 1866 scriptus
791 1805 847 1852 et
876 1798 1049 1853 choro
1078 1796 1310 1854 fratrum
1347 1799 1637 1856 adunatus.
1668 1798 1914 1870 Denique
1947 1815 2100 1856 com-

524 1889 791 1944 munione
859 1889 1334 1945 divinissimorum
1392 1891 1776 1948 mvsteriorum
1825 1893 2096 1957 donatur,

521 1982 764 2038 caelestis
804 1983 1050 2054 vivaeque
1076 1999 1279 2040 mensze
1307 1986 1581 2057 particeps
1610 1995 1884 2041 ostensus.
1933 1987 2001 2042 Et
2028 1987 2098 2040 ita

521 2089 648 2129 cum
690 2075 890 2148 gaudio
917 2077 1164 2133 omnium
1211 2079 1526 2134 canentium
1571 2088 1627 2133 et
1671 2079 2003 2147 precantium
2041 2089 2100 2133 ut

522 2165 615 2220 ille
643 2167 770 2221 vitis
802 2167 1013 2223 Domini
1042 2169 1384 2240 disponatur,
1411 2169 1479 2224 ad
1512 2170 1826 2225 sensibilem
1855 2185 2095 2225 mensam

2775 903 3026 981 uerna.
3060 901 3225 958 zoE'.

2208 996 2340 1050 Ὀτι
2382 999 2535 1068 μετὰ
2585 997 2696 1068 τὸν
2725 997 3062 1068 ἀσπασμὸν
3106 997 3202 1068 καὶ
3264 997 3337 1068 τὰ
3381 997 3494 1065 τῆς
3541 998 3794 1068 τελετῆς

2374 1065 2596 1136 πάντα,
2630 1067 2808 1134 τέλος
2831 1065 2952 1122 τῶν
2977 1065 3218 1138 ἀγαθῶν
3243 1067 3280 1135 ἢ
3317 1069 3620 1124 κοινωνία.

2275 1159 2369 1213 Διὸ
2403 1161 2499 1214 καὶ
2533 1161 2674 1232 μετὰ
2718 1161 2812 1216 τὸν
2843 1161 3138 1231 ἀσπασμὸν
3173 1162 3207 1231 ἡ
3243 1161 3526 1232 ἱερουργία
3553 1161 3795 1216 τελεῖται

2204 1250 2297 1305 τοῦ
2330 1251 2532 1316 ζῶντος
2563 1251 2797 1323 μόσχου·
2835 1255 2929 1308 καὶ
2971 1253 3117 1308 κατὰ
3143 1252 3298 1320 τάξιν
3339 1253 3614 1323 ἁρμοδίως
3639 1254 3674 1324 ἡ
3725 1269 3795 1306 τε

2206 1343 2300 1396 τοῦ
2345 1343 2670 1399 Ἀποστόλου
2700 1346 2978 1416 περικοπὴ
3011 1345 3224 1398 καὶτοῦ
3269 1344 3417 1399 θείου
3447 1344 3792 1414 Εὑαγγελίου

2205 1433 2666 1502 ἀναγινώσκεται.
2727 1437 2837 1490 Καὶ
2873 1437 2902 1489 ό
2950 1435 3011 1489 τδ
3059 1439 3246 1507 σχῆμα
3306 1433 3654 1500 λαϐὼν,“καὶ
3690 1435 3793 1488 τοῦ

2203 1525 2540 1594 Εὐαγγελίου
2578 1528 2674 1580 καὶ
2712 1527 2824 1580 τῶν
2861 1527 3033 1595 ἁγίων
3086 1526 3536 1597 λαμπαδηφορῶν
3575 1545 3790 1597 προπο-

2207 1617 2448 1688 petierat,
2482 1619 2560 1683 ὡς
2594 1619 2943 1688 στρατιώτης
2977 1618 3217 1689 Χριστοῦ
3256 1617 3352 1672 καὶ
3382 1618 3655 1686 ὐπερέτης
3679 1634 3791 1671 κα-

2202 1711 2430 1773 ταστάς.
2462 1711 2574 1764 Kal
2609 1711 2832 1781 μνήμης
2863 1710 3112 1778 ἀξιοῦται
3142 1713 3200 1764 ὲν
3231 1712 3351 1771 ταῖς
3381 1710 3682 1780 αἱτήσεσιν,
3711 1711 3794 1771 ώς

2202 1803 2582 1872 καταγραφεὶς
2615 1804 2675 1856 ὲν
2728 1804 2842 1867 τοῖς
2874 1803 3150 1876 οὐρανοῖς,
3195 1803 3290 1857 xal
3322 1805 3388 1874 τῇ
3441 1802 3631 1873 χορείᾳ.
3677 1803 3793 1854 τῶν

2204 1895 2455 1963 ἀδελφῶν
2487 1895 2799 1964 συνταγείς.
2851 1897 2962 1951 Kal
3013 1897 3324 1972 τελευταῖον
3353 1895 3450 1966 τῆς
3496 1897 3793 1958 κοινωνίας

2201 1980 2310 2034 τῶν
2339 1981 2630 2036 Θειοτάτων
2669 1981 3049 2050 καταξιοῦται,
3096 1983 3196 2052 τῆς
3248 1984 3644 2054 ὑπερουρανίου
3693 1987 3794 2037 καὶ

2202 2072 2385 2142 ζώσης
2432 2072 2717 2144 τραπέζης
2757 2075 3015 2138 κοινωνὸς
3055 2074 3421 2145 ἀποδειχθείς.
3476 2074 3587 2128 Kal
3640 2073 3796 2127 οὕτω

2206 2165 2324 2232 μετ’
2355 2166 2700 2237 εὐφροσύνης
2732 2168 2951 2220 πάντων
2985 2167 3221 2238 ᾀδόντων
3252 2167 3343 2221 καὶ
3369 2167 3680 2236 εὐχομένων
3709 2166 3789 2227 ώς

524 2259 768 2324 procedit
792 2274 912 2313 cum
939 2261 1103 2317 sociis
1125 2260 1314 2316 laetitia
1347 2261 1626 2332 perfusus.
1652 2260 1719 2316 Et
1742 2269 1874 2319 tunc
1899 2277 2098 2317 vacans

2207 2254 2448 2324 ἄμπελον
2475 2256 2685 2327 Κυρίου
2726 2257 3162 2326 καταρτισθῆναι
3198 2258 3383 2321 αὐτὸν,
3421 2259 3516 2311 καὶ
3563 2259 3644 2320 είς
3687 2257 3794 2327 τὴν

520 2350 888 2416 orationibus,
933 2353 1256 2408 obedientiac
1297 2363 1352 2410 et
1383 2353 1732 2419 ministerio,
1785 2354 1837 2407 in
1873 2353 2094 2407 humili-

525 2451 633 2496 tate
663 2459 891 2498 currens
941 2445 1081 2498 viam
1131 2445 1256 2500 vitae
1303 2443 1587 2501 Christum
1639 2446 1908 2514 sequitur,
1940 2446 2098 2513 cujus

519 2533 706 2603 gloria:
751 2533 1170 2604 participatione
1232 2536 1435 2590 utinam
1490 2535 1736 2591 universi
1795 2535 2098 2590 habeamur

517 2625 668 2698 digni
701 2641 798 2695 per
827 2628 948 2697 ejus
986 2628 1445 2684 misericordiam.
1487 2627 1566 2682 En
1600 2629 1767 2699 igitur
1793 2628 2096 2682 doctrinam

520 2718 590 2770 de
621 2719 964 2786 pwnitetuia,
997 2730 1054 2773 ut
1098 2720 1260 2775 nobis
1306 2720 1406 2775 fuit
1438 2719 1698 2790 possibile
1723 2719 2099 2788 exposuimus,

518 2822 734 2863 necnon
764 2808 832 2864 de
867 2809 1059 2865 habitu
1091 2819 1306 2874 sancto,
1336 2811 1594 2881 quoniam
1627 2810 1910 2880 angelicus
1938 2819 2020 2864 est
2048 2819 2104 2865 et

520 2903 855 2970 pmnitentite
882 2903 1126 2959 habitus.
1159 2903 1422 2973 Superest
1464 2914 1521 2957 ut
1565 2904 1631 2959 de
1675 2904 1888 2958 duobus
1919 2903 2100 2958 adhuc

527 2995 754 3065 reliquis
786 2995 1060 3066 mysteriis
1089 2994 1346 3050 Ecclesia
1386 2995 1700 3050 summatim
1743 2995 2010 3056 dicamus,
2039 3002 2100 3048 ut

518 3104 684 3143 omne
727 3089 868 3158 quod
917 3087 1267 3157 promisimus
1311 3087 1644 3158 expleamus,
1689 3095 1743 3142 et
1800 3087 1868 3144 ad
1927 3087 2089 3142 ﬁnem

524 3194 850 3250 peragamus
887 3193 1222 3234 sermonem.

602 3451 862 3510 Clericus.
888 3451 1100 3508 Bonum
1135 3461 1236 3522 cst,
1274 3451 1619 3509 sanctissime
1645 3452 1886 3517 domine,
1907 3468 2100 3524 quem-

524 3543 814 3602 admodum
855 3545 921 3603 de
949 3546 1094 3612 aliis,
1125 3545 1198 3602 ita
1239 3554 1295 3602 et
1327 3547 1396 3603 de
1420 3545 1541 3603 istis
1578 3561 1678 3604 nos
1703 3547 1956 3603 edocere.

2206 2344 2473 2415 αἰσθητὴν
2519 2346 2815 2414 πορεύεται
2839 2347 3141 2417 τράπεζαν,
3175 2349 3287 2410 τοῖς
3316 2346 3614 2416 ὁμοταγέσι
3661 2362 3794 2400 συν-

2206 2439 2634 2509 ευφραινόμενος
2663 2455 2680 2472 ο
2723 2440 3003 2509 σχολάζων
3047 2440 3250 2494 ἔκτοτε
3287 2441 3409 2503 ταῖς
3455 2441 3792 2509 προσευχαῖς

2207 2532 2302 2584 καὶ
2330 2533 2395 2602 τῇ
2430 2531 2646 2603 ὑπακοῇ
2678 2532 2772 2586 καὶ
2803 2532 3074 2603 διακονίᾳ,
3105 2535 3163 2586 ὲν
3186 2533 3516 2586 ταπεινώσει
3545 2530 3640 2602 τὴν
3669 2531 3794 2584 ὁδὸν

2204 2625 2418 2696 τρέχων
2445 2625 2551 2696 τῆς
2573 2624 2742 2696 ζωῆς,
2775 2628 2872 2681 καὶ
2899 2618 3285 2681 ἐπακολουθῶν
3327 2626 3404 2696 τῷ
3439 2625 3659 2696 Χριστῷ
3679 2641 3694 2656 ο
3726 2616 3791 2677 οὗ

2205 2717 2300 2768 καὶ
2348 2717 2550 2780 πάντες
2580 2717 2955 2788 ἀξιωθείημεν
3001 2718 3101 2786 τῆς
3135 2718 3296 2787 δόξης
3345 2717 3441 2771 xal
3494 2714 3782 2777 κοινωνίας

2204 2807 2346 2860 ἐλέει
2391 2807 2578 2864 αὑτοῦ.
2629 2809 2761 2863 Ἰδοὺ
2801 2809 2981 2863 τοίνυν
3012 2809 3207 2863 καὶτὰ
3250 2809 3350 2878 τῆς
3391 2807 3679 2879 μετανοίας
3710 2806 3790 2869 ὡς

2209 2899 2328 2952 ἐνὸν
2369 2902 2505 2971 ἡμῖν
2558 2901 2930 2974 ὲξεθήκαμεν,
2965 2902 3062 2955 καὶ
3106 2901 3176 2955 τὰ
3217 2899 3312 2954 τοῦ
3368 2903 3646 2969 σχήματος
3689 2896 3785 2951 τοῦ

2211 2989 2384 3060 ίεροῦ,
2420 2992 2494 3056 ὡς
2521 2997 2612 3047 καὶ
2645 2993 2964 3062 ἀγγελικοῦ,
3008 2993 3224 3063 καὶτῆς
3253 2993 3542 3062 μετανοίας
3570 2991 3787 3061 σχήμα-

2208 3102 2300 3150 τος
2337 3084 2511 3150 ὄντος.
2565 3085 2767 3140 Λοιπὸν
2801 3087 3052 3151 καὶπερὶ
3090 3083 3200 3140 τῶν
3223 3084 3316 3138 δύο
3360 3085 3442 3137 ἔτι
3473 3083 3788 3137 ὑπολοίπων

2213 3179 2531 3251 μυστηρίων
2570 3179 2670 3249 τῆς
2709 3178 3041 3247 Ἐκκλησίας
3084 3175 3227 3230 κατὰ
3255 3174 3475 3244 σύνοψιν
3516 3176 3783 3246 εῐπωμεν,

2205 3270 2278 3334 ώς
2309 3270 2374 3324 ἂν
2424 3269 2583 3341 195
2617 3270 2685 3324 τὰ
2734 3269 2834 3340 τῆς
2863 3269 3211 3339 ὑποσχέσεως
3251 3267 3644 3339 ἐκτελέσωμεν,
3691 3267 3788 3321 καὶ

2209 3365 2292 3428 είς
2315 3364 2468 3424 τέλος
2494 3365 2584 3417 τὸν
2612 3363 2772 3433 λόγον
2797 3362 3116 3431 ἀγάγωμεν.

2278 3455 2604 3528 Κληρικός.
2665 3452 2870 3518 Καλὸν,
2927 3451 3198 3520 ἁγιώτατε
3246 3449 3506 3517 δέσποτα,
3541 3448 3618 3515 ὡς
3651 3452 3786 3524 περὶ

2209 3548 2318 3602 τῶν
2349 3547 2550 3615 ἄλλων,
2585 3547 2679 3601 καὶ
2711 3546 2842 3618 περὶ
2875 3544 3082 3599 τούτων
3113 3541 3308 3612 μαθεῖν
3341 3541 3510 3613 ἡμᾶς.

2078 3877 2237 3933 ΠΕΡΙ

970 4059 1274 4178 ΤΟΥ
1336 4056 1881 4177 ΤΙΜΙΟΥ
1935 3959 2688 4176 ΝΟΜΙΜΟΥ
2747 4054 3317 4177 ΓΑΜΟΥ.

2126 4423 2214 4479 DE

846 4583 1524 4724 HONESTO
1609 4609 1792 4721 ET
1885 4509 2578 4719 LEGITIMO
2700 4602 3454 4720 CONJUGIO.

601 4999 873 5070 Pontifex.
907 4995 1111 5067 Etiam
1142 4993 1422 5064 loquimur
1455 4991 1524 5046 de
1559 4986 1909 5045 matrimonio
1939 4985 2099 5056 quale
2124 4986 2171 5050 Ο

524 5093 829 5152 secundum
863 5089 1102 5146 divinam
1134 5085 1410 5142 licentiam
1443 5085 1586 5139 inter
1617 5080 1866 5138 homines
1895 5079 2107 5146 perﬁci-

532 5199 628 5244 tur
657 5184 724 5240 ah
755 5183 837 5239 eis
868 5181 962 5251 qui
1004 5177 1309 5236 secundum
1347 5175 1611 5231 mundum
1653 5173 1842 5227 volunt
1893 5171 2099 5235 vivere,

535 5284 760 5346 propter
791 5272 961 5328 solam
994 5269 1290 5324 liberorum
1339 5264 1746 5338 generationem
1791 5271 1846 5317 et
1877 5275 2103 5316 ceuces-

539 5381 663 5422 sum
705 5375 788 5420 est
821 5372 1046 5435 propter
1096 5368 1329 5415 mortem
1370 5373 1434 5412 ex
1471 5353 1834 5411 inohedientia
1867 5367 2104 5421 sequen-

2289 4984 2648 5054 Ἀρχιερεύς.
2685 4982 2795 5036 Kal
2839 4980 3070 5053 λέγομεν
3113 4983 3213 5054 ἤδη
3249 4985 3377 5056 περὶ
3430 4986 3524 5040 τοῦ
3577 4987 3784 5056 γάμου,

2211 5075 2363 5140 ὅστις
2394 5077 2538 5130 κατά
2589 5074 2742 5129 θείαν
2801 5073 3150 5145 συγχώρησιν
3201 5077 3259 5132 ὲν
3288 5077 3602 5149 ἀνθρώποις
3632 5081 3788 5135 ἐστὶν

2212 5168 2631 5238 ὲνεργούμενος,
2677 5167 2794 5229 τοῖς
2855 5169 2994 5220 κατὰ
3031 5168 3239 5238 κόσμον
3292 5170 3510 5224 θέλουσι
3543 5172 3662 5242 ζῇν,
3700 5173 3790 5226 διὰ

2218 5259 2390 5329 μόνην
2445 5256 2814 5322 παιδοποιίαν,
2845 5258 2939 5309 καὶ
2995 5259 3413 5330 συγκεχώρηται
3459 5262 3549 5315 διὰ
3579 5264 3670 5316 τὸν
3723 5265 3789 5318 ἐκ

2215 5349 2316 5418 τῆς
2357 5347 2648 5418 παρακοῆς
2676 5345 3218 5416 ἐπακολουθήσαντα
3256 5350 3512 5416 θάνατον,
3550 5351 3636 5406 ἵνα
3682 5353 3789 5413 ἕως

533 5470 670 5524 tem,
706 5467 784 5522 ut,
819 5455 1127 5526 usquedum
1175 5468 1276 5524 per
1320 5451 1596 5507 Christum
1630 5447 1844 5502 venerit
1891 5445 2002 5500 vita
2053 5454 2102 5498 et

2214 5439 2282 5494 ἂν
2340 5439 2470 5509 ἔλθῃ
2519 5439 2551 5508 ἡ
2597 5437 2686 5491 διὰ
2717 5436 2812 5490 τοῦ
2855 5438 3096 5507 Χριστοῦ
3143 5437 3257 5510 ζωὴ
3293 5441 3386 5493 καὶ
3431 5442 3722 5505 ἀθανασία,
3756 5443 3785 5495 ὁ

535 5549 946 5613 immortalitas,
973 5560 1219 5618 praesens
1242 5541 1616 5612 corruptibilis
1642 5546 1957 5610 permaneat
1978 5535 2103 5600 vita,

2210 5530 2403 5602 παρὼν
2428 5531 2668 5602 φθαρτὸς
2701 5528 2931 5600 διαμένῃ
2976 5529 3112 5599 βίος,
3151 5532 3245 5583 καὶ
3292 5532 3368 5603 μὴ
3409 5534 3579 5605 χωρὶς
3609 5533 3783 5585 ἐὐλο-

532 5653 694 5697 etne
731 5640 850 5696 sine
899 5637 1282 5692 benedictione
1334 5633 1405 5687 sit
1459 5631 1744 5687 hominum
1788 5625 2102 5683 constitutio

2209 5624 2334 5690 γίας
2373 5623 2406 5692 ἡ
2437 5621 2546 5674 τῶν
2593 5619 2897 5691 ἀνθρώπων
2925 5623 3010 5692 εἴη
3060 5623 3336 5694 καταόολὴ
3375 5627 3468 5678 καὶ
3510 5626 3653 5695 ἀρχὴ
3684 5628 3778 5678 καὶ

533 5744 702 5805 atque
729 5729 1085 5804 principium,
1118 5741 1222 5782 nec
1247 5725 1333 5780 isti
1361 5725 1562 5792 absque
1591 5736 1655 5774 ea
1686 5719 1850 5773 vitam
1887 5716 2106 5779 habeat,

531 5835 702 5894 utque
739 5822 1087 5880 matrimonio
1129 5819 1196 5875 ab
1232 5818 1554 5874 intemerata
1598 5809 1838 5866 Ecclesia
1871 5805 2099 5862 benedi-

2206 5715 2268 5766 τὸ
2299 5707 2686 5773 εἶναιτούτους
2717 5714 2774 5765 ὲν
2807 5713 2927 5782 βίῳ,
2963 5713 3054 5768 καὶ
3093 5713 3168 5776 ώς
3201 5716 3352 5783 παρὰ
3391 5716 3488 5783 τῆς
3545 5717 3779 5769 ἀσπίλου

2223 5801 2551 5872 Ἐγκλησίας
2592 5801 2692 5874 τὴν
2721 5802 2970 5872 εὐλογίαν
3000 5802 3211 5874 ἔχοντος
3247 5803 3338 5856 τοῦ
3369 5805 3568 5872 γάμου,
3609 5804 3780 5858 σπεύ-
