4078 6448
353 376 461 441 505

1671 382 1772 443 DE
1814 382 2339 446 MATRIMONIO.

3518 392 3622 452 506

352 492 518 546 δωσιν
564 493 613 547 οἱ
662 493 720 547 ἐν
747 493 921 565 τούτῳ
969 493 1190 549 ἄσπιλοι
1230 489 1375 549 εἶναι
1420 468 1498 559 Ia;
1547 496 1803 568 ἐγχωρεῖ,
1835 497 1917 550 καλ

2034 496 2273 552 ctinnem
2307 506 2629 563 consecuto,
2657 498 2911 554 studeant
2936 498 3198 569 coniuges
3224 497 3277 551 in
3303 512 3390 562 eo,
3422 506 3482 553 ut
3504 497 3620 554 ﬁeri

353 586 600 656 ἐννόμως
649 586 744 639 καὶ
791 586 915 656 δίχα
947 585 1118 656 ψόγου
1156 589 1251 642 καὶ
1300 587 1474 659 ῥύπου
1521 592 1931 656 συνάπτωνται,

351 679 451 730 καὶ
510 676 583 741 ὡς
639 678 813 731 εἰπεῖν
840 677 1072 747 ἄμωμον
1132 681 1227 734 καὶ
1255 680 1332 744 ὡς
1389 678 1722 752 παρθενικδν
1763 682 1931 750 ἐγγὺς

351 769 649 838 φυλάσσειν
682 770 773 824 τὸν
797 769 998 840 γάμον.

909 865 1157 921 ΚΕΦΑΛ.
1192 865 1370 936 Σοςν.

668 956 835 1012 Διατὶ
870 958 1160 1028 στέφανοι
1194 962 1262 1014 ἐν
1298 957 1380 1027 τῷ
1426 961 1611 1031 γάμῳ.

400 1049 519 1104 ’Διὰ
560 1050 720 1105 τοῦτο
752 1051 860 1123 γὰρ
907 1054 1003 1106 καὶ
1052 1053 1306 1120 στέφανοι
1355 1054 1620 1123 τίθενται,
1656 1056 1745 1111 διὰ
1800 1057 1928 1123 τοὺς

349 1141 658 1207 παρθένους
689 1141 784 1197 καὶ
818 1143 1116 1214 καθαροὺς,
1145 1144 1225 1198 ὅτι
1262 1140 1623 1201 συνάπτονται
1675 1148 1927 1213 ἄσπιλοι,

346 1234 445 1288 καλ⁸
466 1233 542 1297 ὡς
564 1233 663 1303 τὴν
693 1233 996 1301 παρθενίαν
1023 1236 1152 1306 ἄχρι
1177 1237 1271 1291 τοῦ
1301 1240 1483 1306 γάμου
1513 1241 1929 1311 συντετηρήκα-

348 1344 455 1381 σιν.
498 1328 563 1380 Ὅ
591 1327 654 1396 δὴ
686 1328 779 1380 καὶ
807 1328 904 1381 ἀπ’
935 1327 1105 1397 αὐτῆς
1128 1330 1229 1397 τῆς
1276 1332 1495 1400 φύσεως
1544 1332 1931 1403 μαρτυρούμε-

345 1438 437 1475 νον
460 1423 623 1476 καλὸν
652 1418 818 1484 εἶναι,
858 1423 885 1475 6
923 1424 1333 1493 συναπτόμενος
1364 1428 1429 1495 τῇ
1472 1425 1662 1497 νύμφῃ
1695 1427 1930 1495 νυμφίος

247 1517 255 1524 ’
346 1514 453 1581 πρὸ
476 1512 677 1575 παντὸς
704 1512 861 1565 τοῦτο
882 1513 1131 1581 βούλεται
1158 1514 1457 1582 κεκτῆσθαι
1480 1516 1674 1586 αὐτὴν,
1698 1515 1759 1568 τὸ
1781 1532 1931 1586 παρα

346 1604 497 1658 θένον
532 1600 672 1660 εἶναι
710 1606 804 1659 καὶ
832 1606 1101 1676 καθαρὰν,
1142 1612 1239 1659 καὶ
1274 1605 1348 1676 μὴ
1388 1606 1580 1676 ἐτέρου
1608 1607 1778 1672 τινδς,
1811 1607 1928 1661 ἀλλ’

343 1696 508 1751 αὑτοῦ
533 1702 626 1750 καὶ
655 1698 819 1766 μόνου
848 1694 985 1751 εῖναι
1022 1700 1117 1752 καὶ
1166 1699 1435 1769 κληθῆναι
1469 1702 1723 1767 γυναῖκα.
1755 1699 1921 1754 Ὅθεν

342 1790 437 1843 καὶ
469 1790 631 1845 αὐτὸν
657 1790 1068 1845 ἐκδιδάσκεσθαι
1102 1791 1205 1862 χρὴ
1229 1792 1472 1845 τοιοῦτον
1501 1793 1693 1847 ἐαυτὸν
1727 1797 1917 1864 τηρεῖν

340 1882 577 1951 νυμφίον
614 1883 858 1953 καθαρὸν
908 1885 974 1954 τῇ
1015 1883 1227 1955 νύμφῃ.
1259 1883 1355 1937 καὶ
1405 1884 1577 1954 αὐτῆς
1603 1884 1793 1954 ἄνδρα,
1823 1886 1922 1939 καὶ

340 1973 438 2044 οὐχ
473 1972 690 2048 ἐτέρας.
731 1975 841 2028 Καὶ
898 1976 947 2028 εί
979 1974 1159 2033 τοῦτο.
1188 1975 1531 2045 εὐλογημένη
1591 1977 1624 2045 ἡ
1658 1977 1915 2046 συζυγία,

341 2066 437 2120 καὶ
491 2068 522 2138 ἡ
576 2067 754 2135 κοίτη,
809 2068 954 2121 κατὰ
1009 2068 1224 2122 Παῦλον
1275 2071 1474 2137 εἰπεῖν,
1536 2072 1767 2135 ἄσπιλος
1825 2074 1921 2125 καὶ

340 2158 641 2227 ἀμίαντος⁶
683 2161 777 2214 κοιλ⁴
814 2162 908 2215 ἐπὶ
956 2162 1036 2230 τῷ
1069 2162 1232 2232 γάμῳ
1267 2165 1441 2230 τούτῳ
1484 2164 1670 2219 τελεία
1703 2167 1735 2237 ή
1770 2165 1922 2220 εὐλο-

340 2252 437 2318 γία
456 2268 471 2283 ο
498 2251 593 2304 καὶ
618 2251 646 2302 6
667 2252 908 2320 Χριστὸς
942 2254 1324 2322 παραγίνεται.
1353 2256 1415 2308 Ei
1446 2255 1503 2337 δέ
1535 2258 1935 2339 νενοθευμένος.

339 2343 368 2396 6
410 2341 590 2412 γάμος
616 2346 709 2396 καὶ
737 2344 927 2414 ρύπων
964 2345 1236 2415 ἔμπλεως,
1275 2347 1393 2409 πῶς
1422 2347 1531 2413 ἄρα
1579 2348 1756 2401 ἐκεῖσε
1786 2349 1920 2419 Χρι-

343 2434 498 2501 στδς,
546 2436 573 2488 6
619 2436 1006 2506 καθαρώτατος
1037 2439 1221 2507 μόνος,
1254 2440 1351 2492 καὶ
1396 2440 1507 2493 τῶν
1555 2439 1748 2511 ψυχῶν
1777 2459 1918 2510 νυμ-

346 2526 465 2593 cpio;
511 2526 665 2595 ἅγιος
690 2540 750 2580 τε
811 2528 1208 2598 καΐᾶμωμος
1251 2531 1501 2585 Ἀπέστω
1552 2530 1736 2585 τοίνυν
1767 2533 1918 2586 πᾶσα

344 2619 569 2687 πορνεία
598 2619 691 2673 τοῦ
724 2620 911 2689 τιμίου
941 2622 1118 2690 γάμου
1147 2623 1241 2674 καὶ
1272 2623 1496 2693 ἁρπαγή
1524 2639 1539 2654 °
1572 2626 1668 2677 καὶ
1698 2626 1917 2695 μοιχεία

341 2713 490 2765 πᾶσα
558 2711 784 2784 πόρρω,
844 2714 940 2767 καὶ
986 2715 1082 2768 σὺν
1123 2714 1296 2786 ταύτῃ
1351 2716 1652 2786 ήβδελυρᾶ
1708 2718 1805 2770 καὶ
1857 2717 1918 2770 τὸ

344 2804 503 2873 γένος
532 2805 839 2876 συγχέουσα
870 2806 1166 2877 αἱμομιξία
1192 2825 1251 2860 τε
1284 2808 1380 2861 καὶ
1409 2807 1750 2878 πολδυγαμία.
1806 2809 1917 2862 Καὶ

338 2897 407 2952 τὰ
431 2896 526 2952 τοῦ
562 2898 709 2969 ίεροῦ
732 2899 902 2970 τόμου
928 2898 1245 2954 ἁκατάλυτα
1289 2900 1665 2970 φυλαττέσθω,
1702 2900 1791 2954 ἵνα
1822 2902 1917 2954 καὶ

266 3058 277 3068 ν
337 2991 505 3061 τόμος
540 2992 626 3061 εἴη
662 2991 906 3053 ἐνὼσεως
931 2992 1025 3045 καὶ
1061 2993 1134 3061 μὴ
1160 2991 1521 3058 διαστάσεως,
1554 2992 1628 3054 ὡς
1669 2990 1781 3043 τῶν
1816 3008 1917 3044 κα-

337 3082 451 3143 κῶς
478 3083 906 3153 συναπτομένων
930 3084 1315 3154 χωριζομένων
1348 3083 1549 3152 μᾶλλον
1589 3084 1685 3137 καὶ
1710 3082 1915 3136 διιστα-

2036 597 2233 658 potest,
2255 589 2559 643 intemerati
2581 606 2721 646 csse.
2741 588 2803 644 Et
2827 590 3217 649 siclicitc.sine
3240 588 3621 656 reprehensio-

2033 695 2103 733 ne
2145 688 2200 734 et
2231 680 2436 749 absque
2470 679 2589 735 labe
2604 682 3032 752 conjunguntur,
3052 681 3124 734 ita
3144 679 3620 748 utirrcprehensi-

2032 768 2143 827 bile
2166 773 2377 828 dicatur
2396 784 2443 827 et
2465 776 2616 844 quasi
2645 773 2907 840 virginale
2924 782 3171 827 servetur
3190 771 3617 843 tnag'intoniutn.

2537 864 2768 921 CAPUT
2802 862 3123 921 CCLXXVI.

2330 958 2510 1025 Quare
2536 963 2741 1017 coronis
2768 962 2823 1014 in
2854 961 3052 1027 nuptiis
3096 968 3337 1015 utantur.

2104 1046 2185 1104 Ob
2222 1050 2364 1105 hanc
2396 1050 2541 1105 enim
2571 1065 2790 1105 causam
2826 1063 3102 1121 ponuntur
3131 1068 3346 1108 eorum:
3381 1066 3609 1126 propter

2031 1140 2399 1212 virginitatem
2452 1151 2505 1196 et
2550 1142 2855 1197 castitatem
2899 1159 3086 1199 eorum
3154 1146 3245 1214 qui
3301 1148 3619 1207 intemerati

2031 1233 2362 1302 copulantur
2409 1242 2463 1288 et
2506 1233 2631 1303 quia
2674 1234 3051 1305 virginitatem
3089 1253 3261 1307 usque
3309 1240 3375 1293 ad
3431 1243 3618 1295 matri-

2031 1326 2276 1381 monium
2319 1327 2775 1395 custodiverunt;
2809 1329 2955 1397 quod
2990 1329 3107 1399 ipsa
3150 1342 3346 1386 natura
3380 1343 3616 1389 testatur

2030 1416 2236 1471 bonum
2266 1432 2409 1484 esse,
2439 1432 2670 1485 sponsus
2691 1419 2836 1473 enim
2872 1434 3087 1489 Sponsae
3112 1426 3460 1479 eonsoc’atus
3488 1435 3615 1481 ante

2031 1521 2431 1577 quemcumque
2462 1508 2576 1561 vult
2603 1524 2720 1562 eam
2754 1510 3057 1578 possidere,
3086 1511 3156 1567 ita
3190 1522 3248 1566 ut
3283 1514 3434 1584 virgo
3461 1516 3532 1570 sit
3559 1527 3616 1571 et

2035 1613 2190 1667 pura,
2224 1612 2399 1668 neque
2429 1599 2727 1668 cujuslibet
2751 1600 2995 1660 alterius.
3035 1603 3128 1656 sed
3160 1619 3279 1657 eam
3314 1605 3396 1659 sui
3427 1606 3606 1661 solius

2032 1705 2196 1755 esse,
2244 1706 2514 1763 suamque
2582 1693 2762 1748 vocari
2832 1694 3093 1747 feminam
3150 1698 3402 1763 requirit.
3453 1698 3613 1754 Unde

2033 1782 2210 1851 ipsum
2240 1792 2459 1853 oportet
2506 1784 2755 1840 ediscere
2795 1785 2954 1839 talem
2997 1787 3351 1855 semetipsum
3398 1804 3613 1857 sponsa":

2028 1894 2224 1948 purum
2262 1895 2388 1934 esse
2419 1891 2763 1935 servaturum
2789 1922 2804 1947 ,
2840 1882 2911 1935 ita
2943 1890 3002 1934 ut
3030 1882 3100 1933 sit
3131 1882 3250 1951 eius
3282 1883 3384 1946 vir,
3411 1894 3463 1939 et
3500 1902 3611 1941 non

2020 1970 2286 2039 alterius;
2315 1972 2459 2042 quod
2492 1973 2537 2027 si
2569 1972 2734 2037 adsit,
2761 1972 3105 2027 benedictum
3140 1975 3243 2028 erit
3268 1976 3608 2046 coniugium,

2028 2073 2088 2119 et
2126 2065 2333 2130 cubile,
2375 2074 2435 2119 ut
2464 2066 2770 2120 secundum
2810 2064 3042 2119 Paulum
3091 2065 3303 2134 loquar,
3342 2067 3612 2126 immacu-

2023 2156 2199 2212 latum
2239 2158 2346 2213 erit
2392 2166 2446 2211 et
2496 2158 2788 2218 illibatum,
2829 2166 2885 2212 et
2928 2173 3097 2226 super
3129 2159 3236 2214 tale
3268 2162 3609 2216 connubiunt

2025 2250 2185 2321 plena
2218 2253 2326 2307 erit
2360 2251 2693 2317 benedictio,
2725 2260 2779 2306 et
2817 2251 3072 2307 Christus
3107 2253 3156 2307 ei
3192 2254 3389 2309 aderit.
3424 2256 3529 2310 Sed
3563 2256 3610 2310 si

2019 2344 2285 2414 pollutum
2312 2345 2382 2399 sit;
2410 2344 2817 2399 matrimonium
2836 2354 2889 2399 et
2908 2346 3032 2400 labe
3061 2347 3304 2416 plenum,
3328 2350 3606 2417 quomodo

2024 2436 2187 2506 igitur
2217 2434 2287 2489 ibi
2318 2436 2570 2490 Christus
2601 2436 2693 2505 qui
2727 2435 2879 2490 solus
2926 2438 3261 2505 purissimus
3293 2447 3377 2492 est
3406 2449 3457 2492 et
3484 2440 3608 2493 ani-

2022 2544 2229 2582 marum
2268 2542 2505 2597 sponsus
2540 2537 2764 2582 sanctus
2794 2540 2849 2582 et
2880 2528 3419 2598 irreprehensibilis?
3451 2531 3609 2586 Absit

2022 2621 2187 2691 igitur
2222 2620 2289 2675 ab
2338 2620 2647 2675 honorabili
2688 2620 2946 2690 coniugio
2982 2622 3163 2674 omnis
3212 2620 3507 2676 fornicatio
3550 2618 3603 2678 ei

2020 2722 2230 2784 raptus,
2283 2713 2473 2783 procul
2522 2712 2666 2767 absit
2698 2727 2862 2767 omne
2906 2712 3260 2776 adulterium,
3295 2722 3349 2767 et
3384 2729 3506 2768 cum
3541 2731 3608 2770 eo

2020 2807 2361 2872 obscenium,
2390 2822 2499 2877 quo
2532 2805 2795 2859 miscetur
2856 2821 3027 2875 genus
3057 2806 3324 2861 incestum
3345 2808 3525 2863 scelus
3554 2820 3607 2864 et

2020 2900 2348 2971 polygamia,
2408 2908 2462 2954 et
2511 2898 2767 2953 inviolate
2816 2909 3108 2954 serventur
3148 2888 3288 2953 Sacri
3328 2898 3606 2969 (Bitualis)

2021 2991 2143 3046 libri
2178 2999 2404 3053 statuta,
2435 3000 2494 3045 ut
2529 2990 2667 3045 liber
2700 2992 2771 3045 sit
2796 2991 3038 3057 unionis,
3074 3006 3179 3046 non
3213 2992 3605 3061 scparationis,

2018 3099 2141 3139 eum
2165 3084 2302 3140 male
2326 3084 2675 3150 conveniant,
2692 3084 2787 3140 sed
2816 3085 2995 3153 potius
3016 3084 3311 3139 abscedant
3328 3085 3416 3154 qui
3442 3102 3468 3137 a
3495 3085 3605 3139 Deo

338 3179 517 3243 μένων
550 3174 706 3228 Θεοῦ·
738 3175 834 3228 καὶ
855 3176 935 3229 ὅτι
966 3175 1031 3228 ἐκ
1069 3175 1163 3228 τοῦ
1203 3173 1428 3228 λύεσθαι
1458 3173 1652 3228 τοῦτον
1692 3174 1907 3245 ταραχὴ

2020 3179 2242 3246 distant;
2279 3178 2615 3247 etquoniam
2653 3177 2699 3232 si
2736 3176 2969 3232 violetur
3018 3176 3108 3231 hic
3140 3176 3302 3243 liber,
3340 3176 3469 3230 hinc
3496 3185 3605 3231 tur.

336 3266 487 3321 έσται
516 3270 582 3335 τῇ
628 3267 948 3339 Ἐκκλησία.
984 3268 1095 3323 Καὶ
1126 3269 1153 3321 6
1191 3267 1291 3336 μὲν
1344 3269 1576 3336 διγαμος
1631 3267 1913 3331 κανονιζό-

340 3376 503 3428 μενος
526 3358 697 3433 ἔστω,
728 3360 871 3413 καθά
916 3376 1086 3428 φασιν
1119 3360 1166 3412 οἱ
1219 3360 1487 3431 Πατέρες.
1519 3360 1583 3413 'O
1641 3359 1913 3428 τρίγαμος

335 3451 392 3504 δὲ
422 3452 604 3505 πλέον.
634 3451 747 3505 Καὶ
768 3452 924 3515 οὗτος
954 3451 1147 3522 τρίτην
1176 3451 1396 3520 ἀγέσθω
1430 3452 1504 3522 μὴ
1553 3452 1723 3505 τέκνα
1768 3450 1909 3521 ἔχων

335 3545 462 3615 ἄχρι
500 3545 596 3599 τοῦ
640 3545 1107 3617 τεσσαρακοστοῦ.
1134 3545 1225 3615 Τῷ
1283 3544 1451 3599 τέκνα
1497 3545 1553 3599 δὲ
1586 3543 1913 3615 κεκτημένῳ

340 3636 426 3692 τὸν
461 3638 899 3709 τεσσαρακοστὸν
942 3637 1225 3692 τελέσαντι
1259 3638 1451 3709 χρόνον
1506 3634 1737 3706 ἀσυγχώ
1752 3652 1913 3707 ρητος

336 3729 485 3787 ἐσται
530 3731 563 3802 ἡ
612 3732 902 3802 τριγαμία,
938 3733 965 3786 6
1017 3730 1169 3801 ἱερός,
1217 3747 1352 3802 φησι
1396 3731 1584 3801 τόμος.
1635 3730 1718 3784 Τὰ
1783 3729 1915 3797 περὶ

339 3824 540 3879 τούτων
570 3821 667 3879 οὖν
726 3826 827 3880 σὺν
887 3824 1149 3896 ἀκριϐείᾳ
1195 3824 1359 3890 ἔστω,
1388 3825 1485 3878 καὶ
1527 3826 1771 3896 προσοχῇ
1799 3826 1913 3889 τοῖς

337 3916 670 3987 προστάταις
694 3916 805 3971 τῶν
836 3915 1151 3987 ἐκκλησιῶν
1180 3916 1574 3986 ἐνεργούμενα.
1608 3915 1914 3985 Θεωρήσω-

336 4024 435 4077 μεν
462 4007 519 4061 δέ
548 4008 645 4062 καὶ
667 4008 817 4071 ὅπως
847 4009 875 4061 ὁ
900 4007 1080 4078 γάμος
1109 4005 1357 4078 νομίμως
1386 4007 1613 4078 ἄρχεται
1638 4006 1908 4075 γίνεσθαι.

336 4101 395 4155 Ei
425 4099 525 4171 μὲν
564 4102 801 4173 πατέρες
826 4100 940 4163 τοτς
995 4092 1425 4172 συναπτομένοις
1469 4099 1627 4167 εἰσιν,
1664 4099 1809 4153 οὗτοι
1847 4099 1914 4170 δὴ

334 4192 428 4248 καὶ
452 4192 838 4264 συμφωνοῦσιν
868 4192 1146 4260 ἀλλήλοις,
1177 4193 1271 4247 καὶ
1295 4192 1395 4257 τὰς
1423 4191 1651 4261 γνώμας
1682 4191 1821 4263 πρὸς
1850 4190 1913 4244 τὸ

334 4285 490 4356 ἔργον
530 4286 775 4342 ἱστῶσιν.
827 4280 963 4340 Εἶτα
1017 4285 1113 4339 καὶ
1159 4285 1377 4357 ἡμέρας
1408 4287 1740 4351 ἐπιστάσης,
1768 4282 1911 4336 ὥστε

334 4379 608 4447 γραφῆναι
667 4378 762 4432 καὶ
818 4379 888 4433 τά
946 4376 1281 4446 συμϐόλαια,
1320 4377 1667 4448 συνάθροισις
1713 4377 1912 4448 τιμίων

336 4467 543 4536 γίνεται
606 4468 841 4539 ἀνδρῶν,
878 4466 1189 4540 μαρτυρίας
1222 4467 1387 4538 χάριν
1448 4469 1543 4521 τοῦ
1596 4466 1905 4538 γινομένου,
1940 4503 1987 4561 D

334 4561 428 4614 καὶ
465 4562 548 4615 ὅτι
582 4562 816 4631 νομίμου
845 4561 1022 4632 γάμου
1047 4560 1402 4630 συνάλλαγμα
1435 4562 1760 4629 ἐνεργεῖται.
1818 4559 1910 4613 Διὸ

334 4651 425 4704 καὶ
460 4651 679 4721 νομικὸς
708 4651 1153 4720 ἀποτεταγμένος
1190 4650 1331 4717 ἐστὶ,
1362 4651 1458 4704 καὶ
1503 4651 1572 4703 τά
1605 4649 1912 4719 συμϐόλαια

334 4746 569 4815 γράφει,
630 4745 729 4799 καὶ
792 4741 1193 4814 σιγνογραφίας
1256 4742 1367 4795 τῶν
1434 4742 1913 4796 συναλλαττὸντων

334 4837 571 4890 ποιεῖται
595 4835 682 4890 διὰ
714 4834 971 4907 σταυροῦ,
996 4834 1169 4906 δηλῶν
1198 4834 1274 4899 ὡς
1296 4836 1361 4890 ἐκ
1391 4833 1485 4889 τοῦ
1510 4834 1645 4911 Θερῦ
1671 4835 1730 4887 τδ
1750 4834 1912 4905 ἔργον

334 4927 469 4996 ἐστὶ,
504 4930 600 4982 καὶ
654 4931 712 4981 ἐν
744 4929 968 5000 Χριστῷ
1026 4928 1277 5001 ἄρχεται,
1336 4928 1446 4983 τῶν
1514 4927 1913 4998 μελλονύμφων

335 5022 428 5074 καὶ
456 5020 564 5074 τῶν
592 5022 847 5091 πατέρων
872 5021 1052 5075 αὐτῶν
1081 5020 1178 5073 τοῦ
1207 5021 1455 5091 καλάμου
1488 5021 1907 5090 ἐφαπτομένων,

336 5113 395 5167 τὸ
436 5113 685 5166 ἑκούσιον
719 5114 811 5167 καὶ
836 5113 1165 5171 οίκειοθελές
1217 5111 1650 5181 ἐνδεικνυμένων
1696 5112 1758 5164 ἐκ
1788 5109 1911 5164 τού-

335 5217 459 5257 του·
495 5203 589 5257 καὶ
634 5203 716 5257 ὅτι
770 5203 1011 5274 Χριστὸς
1073 5202 1337 5257 συνάπτει
1384 5200 1605 5265 αὐτούς.
1669 5202 1761 5255 Διὸ
1818 5203 1912 5255 καὶ

343 5294 481 5362 πρὸς
512 5294 673 5347 αὑτὸν
703 5284 1069 5364 προσκυνοῦσι
1102 5296 1340 5367 πρῶτον,
1366 5296 1460 5347 καὶ
1511 5293 1655 5347 οὕτω
1684 5293 1780 5347 τοῦ
1808 5312 1909 5347 κατ

336 5385 513 5455 λάμου
549 5387 921 5453 ἐφάπτονται·
956 5388 1050 5442 καὶ
1079 5388 1271 5441 τούτου
1299 5387 1505 5449 ἕνεκεν,
1541 5386 1625 5439 ὄτι
1674 5386 1909 5456 Χριστὸς

337 5472 515 5527 συνδεῖ
547 5471 772 5535 τούτους
792 5492 807 5506 ·
840 5474 933 5527 καὶ
958 5476 1241 5546 σταυρικοὶ
1275 5475 1525 5544 λέγονται
1557 5475 1768 5546 δεσμοί.
1801 5477 1912 5529 Καὶ

336 5566 432 5619 οὐκ
463 5565 583 5632 ἐξὸν
616 5566 776 5637 196
800 5565 997 5629 αὐτοὺς
1024 5567 1174 5621 λύειν
1214 5566 1336 5638 δίχα
1365 5566 1530 5630 τινῶν
1559 5567 1910 5638 παρακολου-

337 5656 597 5728 θημάτων
621 5659 893 5728 νομίμων,
944 5657 1227 5725 τοιούτων,
1289 5659 1364 5722 ὡς
1419 5660 1512 5713 καὶ
1571 5660 1665 5712 ἐπὶ⁷
1699 5660 1913 5713 τετελε-

246 5752 289 5787 ο
338 5750 519 5818 σμένῳ
541 5747 620 5819 τῷ
641 5749 827 5819 γάμῳ.
848 5749 908 5802 Ei
936 5749 980 5802 δ’
1009 5744 1121 5807 οὗν.
1146 5750 1300 5804 ἔσται
1326 5752 1640 5821 παρανομία
1668 5751 1701 5818 ή
1730 5751 1907 5815 λύσις.

337 5841 442 5894 Τοῦ
480 5841 672 5910 καιροῦ
706 5844 763 5896 δὲ
791 5842 1115 5905 ἐπιστάντος
1146 5842 1252 5896 τῶν
1283 5842 1500 5915 γάμων,
1533 5845 1614 5907 εἰς
1653 5844 1745 5898 τὸν
1777 5844 1904 5899 ναὸν

2015 3270 2235 3326 babitur
2278 3268 2551 3325 Ecclesia.
2585 3267 2842 3339 Bigamus
2879 3269 3100 3338 quidem
3128 3267 3413 3338 dirigatur,
3445 3278 3604 3337 prout
3645 3303 3647 3305 ι

2014 3362 2275 3418 dixerunt
2310 3361 2528 3427 Patres,
2598 3360 2667 3416 de
2710 3362 2941 3432 trigamo
2985 3370 3171 3415 autem
3216 3359 3367 3430 plura
3402 3368 3605 3413 statuta

2015 3465 2165 3509 sunt.
2203 3450 2304 3507 llic
2331 3453 2550 3507 tertiam
2574 3451 2739 3507 ducat
2774 3467 3023 3522 uxorem,
3053 3452 3097 3507 si
3126 3452 3328 3506 liberos
3366 3467 3474 3506 non
3504 3451 3606 3505 lia-

2014 3545 2336 3615 beat,usque
2364 3545 2430 3599 ad
2456 3559 2659 3598 annum
2683 3543 3190 3615 quadragesimum;
3219 3543 3314 3598 sed
3337 3544 3379 3598 si
3403 3543 3603 3598 liberos

2014 3637 2305 3703 habeat,et
2330 3637 2442 3707 jam
2466 3636 2941 3706 quadragesimum
2973 3635 3215 3706 attigerit
3256 3650 3486 3700 annum,
3511 3644 3601 3690 to-

2015 3730 2178 3784 lerari
2198 3742 2303 3784 non
2339 3728 2536 3799 poterit
2553 3727 2773 3783 tertium
2805 3728 3237 3793 matrimonium,
3256 3742 3407 3782 sacer
3427 3728 3601 3795 inquit

2016 3821 2176 3877 liber.
2204 3819 2338 3887 Qum
2366 3821 2432 3875 de
2462 3819 2551 3875 his
2583 3826 2838 3874 accurate
2875 3827 2931 3873 et
2956 3817 3245 3888 diligenter
3268 3817 3600 3873 abEcclesiae

2014 3912 2287 3985 praefectis
2324 3912 2745 3981 adimpleantur.
2795 3908 2996 3963 Verum
3054 3908 3416 3979 inSpiciamtts
3461 3922 3600 3977 quo-

2015 4005 2180 4061 modo
2208 4005 2623 4060 matrimonium
2649 4004 2940 4059 honestum
2972 4017 3097 4058 esse
3129 4002 3376 4072 incipiat.
3408 4001 3464 4056 Si
3494 4016 3597 4072 pa-
3678 4002 3681 4005 ⁷

2016 4104 2130 4152 tres
2158 4095 2377 4165 quidem
2411 4103 2539 4148 sunt
2567 4093 3049 4157 convenientibus,
3078 4092 3153 4146 illi
3189 4092 3332 4147 inter
3360 4106 3420 4147 se
3453 4107 3592 4146 con-

2014 4188 2297 4251 Sentiunt,
2333 4202 2539 4257 suaque
2567 4186 2794 4242 consilia
2838 4185 2907 4239 ad
2954 4198 3091 4254 opus
3149 4184 3349 4239 ininnt.
3384 4182 3594 4239 Deinde

2015 4283 2105 4339 die
2138 4280 2455 4344 constituta,
2491 4288 2549 4334 ut
2577 4279 2837 4349 nuptialis
2868 4279 3143 4335 scribatur
3183 4277 3385 4347 pactio,
3419 4278 3596 4333 hono-

2017 4371 2221 4427 rabiles
2266 4378 2667 4441 congregantur
2702 4368 2831 4431 viri,
2878 4369 3023 4438 quod
3056 4368 3115 4423 lit
3145 4369 3313 4440 gratia
3345 4369 3597 4425 testimo—

2016 4466 2114 4528 nii,
2141 4473 2195 4519 et
2218 4465 2479 4534 quoniam
2504 4462 2684 4534 legalis
2710 4463 3043 4517 matrimonii
3067 4472 3384 4518 contractus
3407 4464 3594 4518 initur.

2016 4557 2145 4613 Ideo
2176 4560 2340 4613 etiam
2376 4558 2461 4612 vir
2492 4558 2647 4613 adest
2673 4574 2700 4611 a
2727 4556 2845 4628 lege
2876 4556 3193 4629 designatus
3218 4557 3309 4627 qui
3340 4558 3597 4627 coniuga-

2016 4652 2096 4706 les
2131 4651 2321 4706 scribit
2354 4650 2606 4717 tabulas;
2651 4659 2705 4705 et
2753 4650 2990 4720 sigillum
3041 4648 3494 4718 desponsatorum
3539 4648 3597 4703 lit

2016 4758 2115 4813 per
2161 4759 2403 4810 crucem,
2454 4758 2561 4811 quo
2608 4751 2759 4817 patet
2792 4757 2929 4811 opus
2979 4756 3044 4795 ex
3096 4742 3206 4795 Deo
3254 4755 3394 4798 esse.
3428 4752 3482 4796 et
3539 4741 3597 4796 in

2012 4836 2237 4892 Christo
2270 4836 2512 4906 incipere
2537 4875 2553 4900 .
2603 4835 2801 4889 futuris
2830 4834 3150 4904 conjugibus
3180 4842 3235 4887 et
3267 4849 3453 4887 eorum
3492 4848 3594 4903 pa-

2016 4930 2190 4985 tribus
2217 4928 2484 4985 calamum
2510 4927 2877 4997 tangentibus,
2912 4925 2981 4978 ita
3017 4924 3249 4994 singulis
3280 4925 3592 4980 libertatem

2014 5032 2070 5077 et
2089 5028 2443 5091 spontaneam
2464 5019 2794 5072 voluntatem
2821 5017 2925 5069 isto
2942 5015 3101 5069 modo
3128 5014 3593 5083 exprimentibus,

2015 5123 2073 5168 et
2136 5113 2397 5181 quoniam
2433 5110 2685 5165 Christus
2731 5122 2826 5162 eos
2878 5106 3183 5175 coniungit.
3246 5106 3590 5176 Quapropter

2015 5203 2164 5257 hunc
2190 5201 2428 5270 primum
2461 5200 2712 5263 adorant,
2735 5207 2793 5253 et
2818 5197 3013 5252 deimle
3036 5197 3305 5252 calamum
3340 5207 3593 5270 tangunt,

2013 5307 2068 5350 et
2132 5293 2389 5364 quoniam
2432 5291 2684 5347 Christus
2716 5305 2811 5346 eos
2859 5290 3080 5361 alligat,
3116 5291 3297 5347 crucis
3330 5292 3592 5347 dicuntur

2015 5385 2251 5449 vincula,
2288 5399 2468 5454 neque
2498 5383 2625 5438 licet
2674 5397 2736 5438 ea
2797 5382 3010 5438 solvere
3054 5384 3185 5454 quin
3232 5385 3479 5454 quatdant
3525 5400 3591 5439 ex

2014 5480 2132 5549 lege
2163 5484 2594 5547 consequantur,
2627 5476 2815 5532 eadem
2850 5490 2916 5529 ac
2947 5476 3016 5532 de
3037 5476 3283 5546 perfecto
3311 5477 3597 5531 matrimo-

2015 5571 2128 5633 nio,
2155 5570 2196 5625 si
2228 5585 2408 5632 secus,
2446 5575 2729 5637 peccatum
2775 5570 2879 5623 erit
2911 5568 3130 5623 solutio.
3158 5569 3359 5625 Verum
3393 5585 3590 5638 super-

2023 5663 2274 5718 veniente
2310 5661 2622 5731 nuptiarum
2675 5659 2785 5723 die,
2821 5660 3086 5728 templum
3115 5660 3320 5714 adeunt
3349 5676 3588 5729 sponsus

2013 5762 2069 5809 et
2096 5768 2317 5819 sponsa,
2350 5766 2474 5805 nam
2512 5765 2541 5803 a
2574 5749 2683 5804 Deo
2703 5748 2932 5819 ejusque
2958 5749 3194 5803 Ecclesia
3217 5748 3300 5803 vir
3326 5749 3587 5806 feminam

2018 5845 2235 5916 accipit,
2275 5853 2328 5899 et
2358 5840 2639 5909 sacerdos,
2681 5855 2835 5898 sacra
2865 5840 3000 5896 stola
3033 5841 3279 5909 indutus,
3342 5842 3579 5914 primum
