4078 6472
479 425 588 492 507

1317 416 1700 480 SYMEONIS
1732 417 2496 482 TllESSALONlCENSIS
2539 420 2900 483 ARCIllEP.

3654 429 3787 492 508

481 520 701 607 quidem
736 544 905 585 sacr.n
951 542 1153 584 mensae
1217 525 1454 597 imponit
1509 525 1770 581 annulum
1829 524 2119 588 ferreumt

2234 543 2291 580 τε
2323 527 2560 596 νυμφίος
2589 527 2684 581 καὶ
2712 528 2746 600 ἡ
2777 529 2968 600 νύμφη
3018 528 3281 597 γίνονται.
3317 533 3477 603 Παρὰ
3507 537 3603 591 τού
3631 539 3795 593 Θεοῦ

481 631 703 694 promer
744 620 911 674 robur
948 618 1091 684 viri,
1132 628 1185 671 et
1236 617 1498 672 annulum
1551 631 1780 671 aureum
1843 625 2073 686 propter

2209 621 2291 691 ’ἀρ
2324 624 2417 675 καὶ
2447 619 2548 690 τῆς
2588 621 3119 693 Ἐκκλησίαςαύτοῦ
3150 625 3179 679 6
3218 626 3360 697 ἀνὴρ
3392 628 3490 698 τὴν
3533 635 3797 699 γυναῖκα

481 708 753 769 inﬁrmam
834 711 1083 782 corporis
1152 709 1607 764 constitutionem
1669 717 1723 764 et
1779 708 2072 779 puritatem

2210 714 2473 780 αμϐἀνει.
2505 714 2616 768 Καὶ
2665 716 2692 769 6
2727 715 2910 784 ἱερεὺς
2949 716 3102 788 ἱερὰν
3155 717 3353 791 στολὴν
3383 721 3794 793 ἐνδυσάμενος,

481 807 956 876 mulieris,'atque
990 812 1179 859 sancta
1224 803 1378 872 prius
1409 810 1730 857 consecrata
1751 842 1766 866 ,
1810 801 2072 871 quoniam

480 903 537 956 in
562 910 861 969 conspectu
889 897 1095 953 Christi
1124 912 1264 968 opus
1294 894 1596 966 perﬁcitur,
1628 902 1682 949 et
1714 895 1831 964 ipse
1859 895 1966 950 erit
1990 895 2089 963 eis,

481 993 536 1047 in
574 992 873 1048 sanctitater
914 998 972 1044 et
1019 1000 1166 1045 recta
1222 989 1276 1043 in
1324 1002 1451 1043 eum
1489 986 1593 1043 ﬁde
1621 994 1788 1057 atque
1817 987 2073 1043 castitate

482 1085 803 1141 ron'nnuniu
833 1093 890 1140 et
920 1082 1200 1139 adunatio.

2180 810 2399 880 πρῶτον
2430 807 2533 877 μὲν
2552 812 2619 879 τῇ
2656 808 2781 880 ἱερᾷ
2813 809 2994 879 τίθησι
3017 812 3272 885 τραπέζῃ
3306 813 3593 868 δακτύλιον
3617 819 3795 888 σιδηο
3858 875 3862 879 4

2188 899 2317 971 ροῦν
2347 900 2436 954 διὰ
2460 899 2522 955 τὸ
2549 900 2780 972 στεῤῥδν
2807 900 2902 955 τοῦ
2932 901 3151 974 ἀνδρὸς,
3184 905 3284 957 καὶ
3323 904 3611 961 δακτύλιον
3642 926 3799 978 χρυ-

2185 991 2340 1055 σοῦν,
2378 990 2471 1046 διὰ
2526 992 2589 1044 τὸ
2616 992 2831 1048 ἁπαλόν
2861 1010 2920 1047 τε
2979 994 3078 1048 καὶ
3109 995 3274 1063 ἁγνὸν
3316 995 3419 1066 τῆς
3470 1001 3744 1066 γυναικός
3772 1022 3791 1036 ο

2188 1084 2285 1138 καὶ
2319 1084 2388 1138 τὰ
2425 1085 2848 1156 προηγιασμένα
2908 1086 3078 1153 ἅγια,
3128 1087 3213 1141 ὅτι
3262 1087 3498 1144 ἐνώπιον
3540 1091 3803 1161 Χριστοὸ

481 1179 697 1255 γίνεται
726 1182 787 1234 τὸ
818 1178 1001 1252 ἔργον,
1034 1178 1129 1233 καὶ
1180 1178 1345 1243 αὐτὸς
1384 1154 1538 1234 ἔσται
1603 1176 1813 1242 τούτοις
1868 1176 1929 1231 ὲν
1986 1176 2253 1250 ἁγιασμῷ
2298 1176 2395 1236 καὶ
2427 1179 2495 1250 τῇ
2527 1177 2666 1251 πρὸς
2694 1154 2859 1233 αὐτὸν
2895 1177 3031 1252 ὀρθῇ
3091 1179 3274 1235 πίστει
3318 1182 3413 1236 καὶ
3454 1154 3805 1255 σωφροσύνῃ

488 1254 740 1326 κοινωνία
779 1274 873 1326 καὶ
902 1273 1118 1335 ἔνωσις.

975 1390 1206 1451 (ιιιιτυτ
1238 1388 1591 1447 CCLxxvn.
1672 1366 1685 1373 ⁷

487 1491 613 1549 Non
654 1508 763 1548 esse
813 1487 1160 1545 matrimonio
1203 1484 1537 1567 jungendum
1568 1481 1928 1537 orthodoxam
1961 1498 2080 1538 cum

1057 1574 1206 1612 secus
1232 1565 1509 1611 sentiente.

557 1656 907 1723 Quapropter
945 1664 1228 1719 nunquam
1280 1647 1410 1703 licet
1438 1645 1742 1702 orthodoxe
1773 1643 2075 1701 hcterodo-

490 1762 612 1801 xatn
642 1744 870 1804 dueere.
898 1758 1026 1797 nam
1071 1756 1194 1811 (pne
1233 1755 1394 1811 pars,
1435 1736 1515 1795 ait
1552 1737 1847 1809 Apostolus
1874 1776 1890 1804 ,
1929 1735 2074 1792 ﬁdeli

480 1855 617 1893 eum
650 1836 899 1892 inﬁdeli?
938 1834 1145 1891 Deinde
1172 1835 1433 1890 sacerdos
1467 1832 1522 1887 in
1556 1847 1745 1887 mensa
1772 1831 1943 1886 altera
1980 1844 2076 1885 ca-

2754 1390 3014 1448 KEtl'AA.
3051 1393 3216 1447 ΣοΖ’.

2365 1478 2501 1537 Ὀτι
2544 1483 2618 1538 οὐ
2640 1481 2763 1554 χρὴ
2798 1483 3224 1542 συνάπτεσθαι
3277 1485 3610 1555 όρθόόοξον

2795 1555 3169 1625 ἐτερόφρονι.

2259 1644 2351 1699 Διδ
2386 1643 2463 1716 μὴ
2497 1645 2803 1700 συναπτέον
2823 1645 2959 1709 ὅλως
2989 1646 3272 1718 ὀρθὸδοξον
3306 1648 3649 1719 ἔτερὸφρονι.
3685 1649 3795 1713 Τίς

2185 1740 2318 1810 γὰρ,
2385 1740 2546 1807 φησι,
2608 1740 2767 1809 μερὶς
2822 1737 3004 1809 πιστῷ
3065 1739 3203 1811 μετὰ
3248 1741 3520 1808 ἀπίστου;
3573 1742 3684 1795 Καὶ
3726 1741 3794 1794 ὲν

2189 1831 2605 1902 παρατραπέζῳ
2642 1832 2700 1895 δέ
2730 1849 2838 1886 τινι
2892 1831 2952 1898 ἐξ
2982 1833 3128 1887 οἴνου
3186 1835 3449 1904 ποτήριον
3474 1832 3687 1904 τίθησι,
3721 1835 3790 1887 τὸ

490 1927 651 1981 licem
687 1925 841 1996 ponit
867 1939 932 1978 ex
970 1922 1122 1986 vino,
1159 1937 1509 1977 communem
1558 1920 1681 1975 ideo
1725 1919 1952 1975 calicem
1985 1932 2083 1989 ap-
2113 1902 2119 1961 ἶ

2209 1923 2532 1994 ια).ούμενον
2563 1923 2705 1977 οὕτω
2740 1923 2927 1978 κοινὸν
2944 1926 3229 1995 ποτήριον,
3269 1925 3368 1997 τὴν
3399 1924 3797 1996 ὁμοφροσύνην

493 2021 752 2093 pellatum
781 2033 890 2088 quo
930 2015 1221 2073 concordia
1250 2014 1563 2070 ostenditur
1583 2013 1817 2083 vitaeque
1845 2028 2092 2069 commu-

498 2114 645 2168 nitas
684 2121 735 2166 et
778 2110 1062 2180 gaudium.
1101 2109 1168 2163 Et
1199 2110 1279 2163 sic
1318 2121 1571 2178 egressus
1620 2108 1674 2161 in
1727 2107 1961 2175 porticu.
2008 2105 2092 2161 vel

498 2204 643 2259 intra
682 2204 830 2257 fores
873 2202 1082 2273 templi,
1119 2201 1273 2272 quasi
1307 2210 1437 2255 tunc
1472 2200 1825 2255 solummodo
1863 2199 2092 2255 daretur

498 2298 901 2353 benedictionis
931 2296 1258 2368 principium
1282 2304 1338 2351 et
1361 2302 1573 2349 Starcnt
1594 2294 1648 2349 in
1678 2294 1944 2349 vestibulo
1962 2309 2092 2364 ope-

501 2392 595 2456 ris,
637 2392 928 2446 arrlzarum
958 2390 1216 2459 adimplet
1254 2389 1441 2452 ritum,
1477 2403 1601 2441 nam
1639 2387 1710 2443 ad
1750 2387 1858 2444 hoc
1890 2387 2087 2458 prolati

498 2480 825 2537 ordinantur
871 2481 1085 2546 annuli,
1123 2490 1183 2536 ut
1214 2481 1564 2537 concordiam
1596 2489 1651 2535 ct
1679 2480 1914 2553 sigillum
1955 2494 2091 2536 cen-

495 2585 706 2632 trantos
732 2576 1064 2647 signiﬁcent.

945 2667 1174 2725 CAPUT
1234 2666 1627 2724 CCLXXVHL

701 2767 777 2820 De
805 2764 1191 2821 arrlmbonibus
1218 2762 1528 2832 futurarum
1556 2763 1892 2834 nuptiarum.

569 2863 740 2916 Deum
782 2875 911 2931 ergo
958 2858 1234 2913 benedicit
1281 2855 1565 2923 sacerdos,
1602 2865 1681 2922 et,
1760 2871 1895 2924 pace
1921 2856 2088 2922 dicta,

494 2969 665 3023 qtltlltl
717 2967 856 3022 opus
908 2951 977 3006 sit
1034 2966 1168 3019 pace
1215 2964 1334 3019 qua:
1381 2963 1411 3003 a
1444 2947 1556 3004 Deo
1586 2958 1691 3013 est,
1720 2949 1860 3005 acin
1881 2963 2013 3019 pace
2035 2956 2093 3003 ct

495 3059 718 3116 propter
738 3059 925 3114 pacem
958 3054 1122 3112 atque
1146 3041 1495 3098 concordiam
1530 3042 1881 3110 conveniant,
1912 3046 2088 3099 virum

498 3140 719 3207 quidem
752 3138 983 3194 collocat
1015 3153 1041 3189 a
1065 3137 1271 3191 dextris
1303 3151 1426 3191 cum
1469 3136 1571 3190 iste
1613 3136 1869 3207 princeps
1910 3138 1981 3192 sit
2028 3147 2087 3209 et

499 3241 663 3299 caput
700 3229 967 3293 mulieris,
1032 3228 1322 3283 mulierem
1368 3243 1499 3283 vero
1528 3243 1560 3282 a
1618 3229 1864 3286 sinistris
1894 3238 2090 3301 utpote
2124 3269 2167 3324 ο

502 3321 842 3387 inferiorem,
885 3328 939 3375 et
966 3321 1098 3401 quia
1134 3335 1164 3373 a
1194 3318 1367 3375 latere
1401 3319 1519 3390 ejus
1547 3329 1653 3389 est,
1687 3322 1771 3378 vir
1799 3324 1947 3379 enim
2016 3323 2096 3381 fe-

505 3415 667 3469 minae
703 3414 1054 3484 principium.
1088 3413 1218 3470 Post
1259 3429 1471 3484 pacem,
1525 3423 1782 3486 precatur
1832 3423 1894 3471 ut
1930 3415 2097 3485 Deus,

504 3506 754 3576 dispersa
795 3505 848 3560 in
877 3522 1045 3561 unum
1077 3521 1438 3579 congregans,
1499 3508 1589 3579 qui
1626 3508 1906 3565 benedixit
1951 3508 2102 3565 lsaac

505 3606 561 3651 et
592 3597 859 3664 Rebecca,
886 3597 1148 3670 conjuges
1182 3599 1467 3655 benedicat
1488 3600 1866 3656 benedictione
1930 3600 2099 3672 spiri-

509 3690 661 3745 tuali.
701 3690 850 3746 Isaac
881 3700 1065 3746 autem
1101 3692 1354 3748 meminit
1380 3708 1445 3749 ac
1475 3693 1761 3759 Rebeccae,
1798 3694 2004 3750 nullius
2033 3710 2101 3751 ex

514 3784 843 3852 patriarchis
870 3784 1118 3852 alterius,
1149 3785 1408 3853 quoniam
1448 3787 1618 3843 altera
1684 3788 1838 3843 lsaac
1863 3803 1974 3843 non
1999 3803 2103 3842 nu-

508 3875 641 3945 psit,
677 3874 929 3945 hancque
961 3890 1024 3930 ex
1055 3890 1254 3946 genere
1312 3892 1412 3933 suo
1478 3872 1780 3933 secundum
1808 3879 1983 3950 legem
2047 3878 2102 3934 in

510 3966 740 4035 nuptiali
788 3966 991 4023 foedere
1021 3970 1253 4039 accepit,
1284 3978 1337 4024 et
1369 3981 1517 4025 caste
1547 3985 1670 4025 eum
1694 3986 1757 4025 ea
1784 3970 1896 4026 sola
1924 3971 2102 4029 vixit:

510 4070 562 4114 et
607 4062 866 4130 quoniam
893 4062 1043 4117 solus
1061 4072 1179 4117 erat
1209 4063 1311 4118 iste
1334 4063 1601 4134 ingenuus
1635 4065 1909 4120 Abraham
1939 4065 2100 4133 ﬁlius,

517 4168 654 4223 puer
708 4154 1110 4209 benedictionis
1170 4169 1200 4209 a
1235 4155 1346 4210 Deo
1403 4156 1745 4214 benedictus.
1776 4157 1884 4215 Sed
1919 4158 2107 4231 gratiae

514 4261 857 4316 nequaquam
883 4247 1138 4303 meminit
1184 4247 1239 4303 in
1291 4251 1661 4319 matrimonio,
1694 4251 1953 4323 quoniam
1985 4269 2123 4331 ωτι-ν

516 4339 841 4395 trimonium
891 4338 1220 4396 Christianis
1254 4357 1366 4396 non
1406 4351 1489 4399 est
1517 4358 1656 4414 opus
1703 4343 1860 4399 alteri
1895 4360 2110 4415 praepo-

517 4429 707 4492 situm,
742 4429 847 4484 etsi
893 4429 1193 4488 a.Christo
1237 4432 1680 4490 benedictionem
1737 4445 2111 4507 consequatur

494 4529 742 4591 propter
769 4520 1130 4577 lubricitatem
1166 4522 1471 4591 hominum,
1503 4532 1668 4597 utque
1692 4526 1874 4581 adhuc
1895 4533 2110 4582 constet

2195 2013 2393 2083 δηλοῦν
2425 2015 2520 2068 καλ.
2546 2014 2837 2069 κοινωνίαν
2871 2015 2964 2069 τοῦ
2999 2015 3117 2085 βίου
3143 2015 3242 2070 καὶ
3272 2016 3636 2088 εὐφροσύνην.
3674 2017 3799 2071 Καὶ

2196 2106 2368 2171 οὕτως
2400 2106 2636 2173 ἐξελθὼν
2684 2110 2742 2161 ἔν
2777 2108 2857 2177 τῷ
2887 2107 3141 2178 νάρθηκι,
3175 2109 3208 2179 ἢ
3250 2107 3403 2163 ἔνδον
3456 2108 3567 2164 τῶν
3600 2109 3799 2164 πυλῶν

2194 2199 2292 2254 τοῦ
2339 2197 2492 2266 ναοῦ,
2527 2200 2602 2263 ὡς
2628 2200 2725 2270 τῆς
2767 2199 3027 2270 ἁπαρχῆς
3055 2201 3345 2272 διδομένης
3374 2201 3474 2271 τῆς
3508 2201 3798 2269 εὐλογίας,

2196 2293 2291 2347 καὶ
2320 2294 2379 2347 ὲν
2407 2293 2707 2366 προθύροις
2747 2293 2843 2348 τοῦ
2875 2293 3040 2364 ἔργου
3088 2295 3263 2359 ὄντος,
3296 2294 3361 2347 τὰ
3390 2285 3498 2347 τῶν
3526 2294 3798 2365 ἀρραϐώ-

2196 2406 2304 2441 νων
2335 2391 2597 2445 ποιεῖται.
2624 2391 2718 2454 Εἰς
2751 2387 2911 2443 τοῦτο
2936 2391 3046 2460 γὰρ
3073 2389 3171 2442 καὶ
3196 2387 3526 2458 τεταγμένοι
3565 2388 3709 2440 εἰσὶν
3744 2390 3797 2441 οἱ

2195 2480 2560 2551 προτεθέντες
2616 2481 2900 2535 δακτύλιοι
2934 2481 3022 2535 διὰ
3066 2479 3166 2551 τὴν
3204 2480 3534 2553 συμφωνίαν
3569 2480 3665 2536 καὶ
3692 2478 3805 2550 τὴν

2197 2575 2478 2647 σφραγῖδα
2506 2578 2604 2630 τοῦ
2627 2574 3105 2646 συναλλάγματος.

2755 2668 3016 2723 ΚΕΦΛΛ.
3059 2667 3233 2725 ΣΟΗ¹.

2644 2763 2787 2831 Περὶ
2820 2762 2943 2818 τῶν
2973 2762 3330 2833 μνήστρων.

2266 2854 2499 2926 Εὐλογεῖ
2523 2851 2618 2911 οὖν
2646 2854 2739 2910 τὸν
2765 2854 2900 2911 Θεδν
2924 2857 2952 2909 6
2989 2855 3172 2926 ἱερεύς
3192 2873 3206 2890 ο
3241 2857 3338 2910 καὶ
3370 2854 3477 2909 τῶν
3498 2852 3805 2927 εἰρηνικῶν

2195 2946 2533 3017 λεγομένων,
2560 2947 2684 3000 ἐπεὶ
2709 2947 2803 3001 καὶ
2835 2948 2996 3018 χρεία
3032 2948 3133 3016 τῆς
3165 2949 3229 3002 ἐκ
3264 2946 3403 3002 Θεοῦ
3449 2947 3674 3018 εἰρήνης
3699 2946 3808 2998 καὶ

2195 3042 2253 3094 ὲν
2293 3041 2487 3114 εἰρήνῃ
2511 3043 2608 3096 καὶ
2632 3040 2700 3094 δι’
2733 3041 2965 3112 εἰρήνην
2996 3043 3364 3096 συνάπτονται
3385 3041 3482 3096 καὶ
3508 3039 3798 3110 ὁμόνοιαν,

2203 3134 2331 3205 ἱστᾷ
2360 3134 2453 3186 τὸν
2486 3133 2585 3203 μὲν
2625 3132 2795 3203 ἄνδρα
2829 3135 2897 3188 ὲκ
2946 3132 3162 3198 δεξιῶν,
3193 3134 3317 3187 ἐπεὶ
3365 3135 3460 3188 καὶ
3489 3126 3646 3195 οὗτος
3692 3131 3804 3201 ἆρ-

2204 3246 2318 3297 χων
2374 3230 2471 3280 καὶ
2504 3227 2721 3296 κεφαλὴ
2773 3228 2872 3295 τῆς
2906 3227 3194 3296 γυναικὸς,
3223 3226 3325 3296 τὴν
3369 3228 3607 3297 γυναῖκα
3634 3225 3696 3279 δὲ
3733 3224 3802 3290 ἐξ

2202 3320 2539 3389 ἀριστερῶν,
2568 3319 2644 3384 ὡς
2670 3319 3099 3390 ὑποδεεστέραν,
3132 3320 3228 3374 καὶ
3264 3318 3341 3384 ὡς
3375 3321 3457 3383 ’ὲκ
3484 3317 3586 3387 τῆς
3621 3316 3798 3371 πλευ-

2204 3414 2304 3484 ρᾶς
2336 3410 2529 3469 αὑτοῦ.
2589 3411 2754 3465 Αίτῐα
2782 3402 2911 3481 γὰρ·
2940 3412 3118 3476 αὐτῆς
3151 3414 3179 3467 6
3215 3411 3380 3483 ἀνήρ.
3408 3411 3524 3465 Καὶ
3558 3410 3701 3480 μετὰ
3727 3410 3801 3463 τὰ

2204 3502 2463 3574 εἰρηνικὰ
2518 3501 2796 3574 εὔχεται,
2870 3502 2960 3557 tua
3014 3504 3043 3558 6
3086 3502 3221 3567 Θεὸς
3270 3505 3299 3558 6
3354 3501 3423 3557 τὰ
3485 3491 3800 3575 διῃρημένα

2207 3596 2538 3666 συναγαγὼν
2574 3598 2653 3662 εἰς
2682 3597 2939 3667 ἑνότητα,
2986 3596 3082 3650 καὶ
3128 3595 3434 3667 εὐλογήσας
3470 3593 3654 3649 Ἰσαὰκ
3701 3594 3804 3646 καὶ

2214 3691 2543 3756 Ῥεὸέκκαν,
2570 3688 2665 3743 καὶ
2697 3688 2830 3753 τοὺς
2862 3688 3313 3759 συναπτομὲνους
3338 3686 3613 3758 εὐλογησῃ
3646 3685 3804 3738 εὐλο-

2207 3782 2304 3853 γία
2339 3766 2939 3853 πνευματικῇζῗισαὰκ
2998 3781 3056 3835 δὲ
3120 3781 3398 3853 μέμνηται
3445 3782 3539 3834 καὶ
3582 3778 3803 3832 Ῥεϐέκ-

2209 3896 2335 3941 κας,
2368 3876 2464 3932 καὶ
2498 3876 2599 3947 οὐχ
2649 3873 2844 3943 ἑτέρας
2895 3874 3006 3929 τῶν
3071 3875 3345 3941 παλαιῶν,
3388 3875 3474 3928 ὅτι
3506 3873 3672 3941 ἑτέρα
3707 3871 3802 3941 -τῷ

2219 3967 2409 4023 Ἰσαὰκ
2442 3967 2503 4022 οὐ
2532 3966 2808 4039 συνήφθη,
2842 3968 2939 4022 καὶ
2984 3966 3192 4037 ταύτην
3225 3969 3289 4021 ἐκ
3344 3965 3439 4020 τοῦ
3473 3966 3665 4034 γένους
3700 3966 3803 4019 αύ-

2209 4060 2305 4117 τοῦ
2337 4061 2588 4132 νομίμως
2616 4061 2675 4114 ἐν
2726 4060 3184 4129 συναλλάγμασιν
3212 4060 3373 4115 ἔλαϐε
3397 4076 3410 4091 ο
3443 4061 3536 4113 καὶ
3582 4058 3801 4127 σωφρό-

2212 4170 2322 4215 νως
2356 4152 2476 4222 μετ’
2534 4151 2710 4221 αὐτῆς
2762 4151 2896 4206 ὲὸίω
2929 4152 3135 4223 μόνης’
3173 4153 3271 4206 καὶ
3304 4152 3389 4206 ὅτι
3444 4150 3672 4221 γνήσιος
3702 4148 3797 4203 τοῦ

2223 4237 2669 4311 Ἀδραὰμ-οἴιτος
2698 4244 2831 4307 παῖς
2863 4244 3048 4314 μόνος,
3077 4245 3175 4299 καλ⁵
3218 4246 3277 4311 ἐξ
3320 4247 3678 4316 ἐπαγγελίας,
3707 4248 3801 4301 καὶ

2212 4334 2584 4404 εὐλογημένος
2644 4334 2751 4389 ὑπὸ
2796 4335 2957 4392 Θεοῦ.
2999 4339 3098 4392 Ἐκ
3148 4337 3258 4392 τῶν
3309 4341 3409 4409 τῆς
3462 4340 3685 4409 χάριτος
3739 4339 3797 4394 δέ

2212 4445 2363 4491 τινος
2391 4427 2452 4481 οὐ
2491 4429 2771 4500 μέμνηται
2799 4431 2856 4486 ἔν
2890 4430 2973 4503 τῷ
3000 4431 3185 4503 γάμῳ,
3229 4434 3314 4487 ὅτι
3348 4433 3410 4486 οὐ
3443 4432 3795 4503 προηγούμε-

2216 4538 2307 4574 νον
2335 4519 2500 4591 ἔργον
2529 4524 2644 4586 τοῖς
2684 4523 3034 4595 Χριστιανοῖς
3062 4526 3090 4578 6
3118 4525 3324 4594 γάμος,
3357 4528 3406 4578 εἰ
3439 4526 3535 4580 καὶ
3579 4527 3803 4596 εὐλόγη-

518 4612 758 4668 mundus
805 4614 908 4669 iste
956 4615 1360 4685 corruptibilis;
1387 4616 1666 4688 perfectus
1695 4626 1874 4672 autem
1931 4617 2107 4673 Evan-

2216 4631 2306 4667 ται
2328 4615 2481 4685 παρὰ
2504 4614 2599 4671 τοῦ
2631 4616 2894 4687 Χριστοῦ,
2927 4617 3018 4670 διὰ
3043 4619 3106 4671 τὸ
3135 4618 3415 4672 εύόλισθον
3454 4620 3564 4673 τῶν
3587 4620 3799 4690 ἀνθρώ·

516 4703 645 4774 gelii
672 4719 869 4776 scopus
902 4707 1195 4778 virginitas
1234 4719 1320 4767 eSt
1375 4718 1430 4763 et
1460 4709 1982 4780 incorruptibilitas,
2040 4709 2107 4764 ad

517 4811 681 4866 quam
738 4812 930 4853 omnes
966 4798 1220 4855 robustos
1274 4800 1538 4855 accedere
1593 4805 1868 4856 hortatur.
1904 4800 2111 4855 Deinde

518 4888 623 4942 alta
654 4904 788 4945 voce
826 4890 1147 4962 gloriﬁcans
1181 4890 1355 4948 Deum
1390 4892 1828 4957 misericordem,
1859 4893 1955 4947 dat
1985 4909 2108 4947 mu-

518 4980 651 5035 lieri‘
674 4982 937 5037 annulum
978 4982 1216 5038 ferreum
1277 4992 1338 5038 ut
1402 4983 1509 5039 viri
1553 4982 1775 5038 nomine
1834 4985 2109 5054 sacerdos,

520 5073 642 5127 viro
673 5083 854 5129 autem
887 5089 1140 5138 aureum,
1180 5083 1239 5129 ut
1267 5075 1489 5130 nomine
1540 5074 1805 5142 mulieris,
1850 5086 1905 5130 et
1953 5078 2112 5132 tertia

519 5166 638 5221 vice
672 5181 765 5221 eos
792 5174 1087 5236 permutat,
1115 5166 1444 5222 Trinitatem
1485 5167 1744 5235 adorans,
1778 5183 1898 5238 qua:
1927 5168 2110 5225 omnia

522 5255 811 5326 perﬁcitet
843 5258 1045 5313 ﬁrmat.
1081 5259 1287 5315 Deinde
1310 5260 1545 5316 invicem
1576 5260 2111 5332 junguntdexteras,

519 5364 630 5418 quo
648 5362 952 5407 monstrant
980 5367 1039 5406 se
1076 5352 1131 5405 in
1161 5352 1379 5407 Christo
1432 5353 1702 5411 adunatos
1734 5364 1790 5412 et
1822 5373 1992 5413 unum
2026 5356 2112 5413 fa-

2214 4726 2358 4774 πων,
2417 4709 2515 4763 καὶ
2570 4708 2664 4763 τὸν
2716 4710 2955 4780 φθαρτὸν
3010 4711 3091 4765 ἔτι
3149 4712 3356 4783 κόσμον
3419 4713 3796 4768 συνίστασθαι.

2214 4802 2433 4864 Τέλειος
2497 4802 2555 4856 δὲ
2629 4802 2723 4856 τοῦ
2795 4802 3133 4872 Εὐαγγελίου
3216 4804 3418 4868 σκοπὸς
3494 4807 3531 4875 ἠ
3597 4807 3801 4875 παρθε-

2217 4897 2307 4953 νία
2342 4899 2440 4953 καὶ
2491 4899 2806 4969 ἁφθαρσία·
2861 4901 2998 4972 πρὸς
3051 4901 3119 4971 ἣν
3178 4903 3274 4956 καὶ
3326 4901 3454 4964 τοὺς
3518 4902 3800 4973 ίσχύοντας

2224 4994 2425 5063 χωρεῖν
2467 4993 2882 5063 προσκαλεῖται.
2924 4989 3060 5046 Εἶτα
3100 4993 3197 5067 καὶ
3228 4993 3488 5062 ἐκφὼνως
3520 4994 3803 5064 δοξολογὴ-

2217 5102 2317 5149 σας
2347 5086 2440 5139 τὸν
2472 5085 2745 5156 ἐλεήμονα
2775 5086 2909 5139 Θεὸν
2931 5086 3118 5140 δίδωσι
3152 5090 3217 5158 τῇ
3250 5087 3478 5154 γυναιιιιλ⁵
3529 5087 3621 5140 τὸν
3659 5089 3801 5155 σιδη-

2221 5178 2349 5249 ροῦν
2380 5178 2672 5232 δακτύλιον
2696 5178 2773 5242 ὡς
2807 5179 2962 5249 παρὰ
2983 5176 3083 5234 τοῦ
3106 5178 3303 5250 ἀνδρὸς
3333 5181 3362 5233 6
3392 5179 3572 5249 ἱερεύς
3596 5195 3614 5211 ο
3652 5181 3728 5250 τῷ
3744 5183 3802 5234 δὲ

2216 5271 2373 5344 ἀνδρὶ
2404 5271 2498 5325 τὸν
2539 5273 2805 5343 χρυσοῦν,
2832 5272 2908 5335 ὡς
2953 5273 3101 5343 παρὰ
3126 5273 3228 5343 τῆς
3259 5274 3519 5341 γυναικός
3542 5290 3556 5304 ·
3596 5277 3692 5329 καὶ
3734 5275 3798 5327 ἐκ

2217 5363 2409 5433 τρίτου
2437 5362 2637 5424 αὐτοὺς
2667 5362 3054 5428 ἀνταλλάσσει,
3081 5364 3182 5434 τὴν
3214 5365 3258 5417 Τ
3264 5365 3423 5436 ριάδα
3452 5366 3650 5435 τιμῶν,
3683 5367 3800 5436 ἥτις

521 5453 645 5499 etos
671 5459 815 5512 esse,
849 5447 1141 5513 virumque
1174 5445 1459 5501 mulierem
1480 5463 1511 5503 e
1540 5465 1703 5506 manu
1727 5452 1982 5509 Ecclesiae
2017 5468 2100 5522 pet

2221 5451 2437 5507 ἅπαντα
2458 5452 2660 5506 τελειοῖ
2690 5470 2747 5505 τε
2786 5455 2883 5506 καὶ
2914 5453 3145 5524 βεϐαιοῖ.
3186 5453 3324 5509 Εἶτα
3368 5460 3466 5512 καὶ
3498 5457 3797 5526 συμπλέκει

522 5538 864 5594 sacerdotem
890 5538 1163 5607 accipere.
1188 5538 1360 5609 Igitur
1386 5542 1665 5610 sacerdos,
1691 5560 1824 5615 pace
1854 5546 2113 5602 omnibus

521 5630 867 5696 denuntiata,
897 5631 1198 5703 ostendens
1224 5632 1485 5711 unionem
1541 5646 1597 5692 et
1650 5639 2023 5704 concordiam,
2055 5649 2115 5694 ct

525 5722 754 5779 dicens:
787 5722 1051 5778 lnclinate
1075 5726 1276 5795 capita,
1305 5737 1554 5795 precatur
1605 5740 1664 5785 ut
1693 5731 1785 5800 qui
1820 5731 2115 5801 despondit

527 5814 630 5871 sibi
661 5814 958 5872 Ecclesium
989 5831 1053 5871 ex
1084 5820 1338 5890 gentibus
1396 5822 1660 5895 virginem
1723 5832 1952 5890 castam,
2018 5841 2116 5879 nos

535 5904 741 5961 scilicet
771 5906 976 5977 ﬁdeles,
1010 5909 1103 5967 has
1138 5911 1423 5968 benedicat
1463 5927 1697 5985 nttpuas,
1751 5925 1804 5970 et
1853 5917 2117 5997 coniuges

2219 5545 2403 5601 αὐτῶν
2433 5545 2532 5610 τὰς
2562 5545 2767 5611 δεξιὰς,
2803 5546 3019 5610 δεικνὺς
3070 5547 3155 5601 ὃτι
3186 5549 3246 5600 ἔν
3271 5550 3497 5620 Χριστῷ
3531 5550 3801 5619 συνηρμό-

2222 5638 2453 5709 σθησαν,
2486 5639 2583 5693 καὶ
2611 5638 2670 5692 ἓν
2695 5639 2986 5707 γεγόνασι·
3022 5640 3121 5693 καὶ
3154 5640 3236 5695 ὅτι
3261 5643 3289 5696 6
3313 5643 3455 5713 ἀνὴρ
3494 5642 3593 5714 τὴν
3622 5645 3800 5711 γυναῖ-

2220 5747 2294 5786 κα
2328 5733 2438 5786 ἀπὸ
2469 5733 2568 5802 τῆς
2623 5733 2805 5803 χειρὸς
2844 5734 2941 5803 τῆς
2983 5734 3316 5805 Ἐκκλησίας
3355 5736 3444 5789 διὰ
3475 5735 3571 5789 τοῦ
3609 5726 3841 5806 ίερέωρ

2225 5822 2556 5891 παρέλαϐεν.
2600 5823 2661 5879 Ὀ
2694 5823 2874 5892 ἱερεὺς
2899 5823 2992 5876 οὖν
3023 5824 3351 5895 ἐκφωνήσεις
3380 5827 3610 5896 εἰρήνην
3646 5827 3793 5892 πᾶσι,

2222 5916 2438 5980 δεικνὺς
2488 5916 2585 5986 τὴν
2630 5915 2832 5969 ἕνωσιν
2873 5918 2966 5970 καὶ
3000 5917 3279 5984 ὁμόνοιαν,
3338 5921 3432 5971 καὶ
3483 5921 3657 5972 κλῖναι
3704 5918 3794 5977 τὰς
