4078 6408
226 340 342 407 509
393 361 396 364 '

227 459 480 528 κεφαλὰς
542 463 734 530 εἰπὼν,
797 465 1057 539 εὔχεται,
1113 471 1200 525 ἵνα
1249 473 1278 527 ὁ
1338 479 1824 548 μνηστευσάμενος

223 552 409 622 ἑαυτῷ
438 551 538 622 τὴν
595 553 654 620 ἐξ
697 538 869 610 ἐθνῶν
909 559 1245 631 Ἐκκλησίαν
1285 538 1558 634 παρθένον
1613 538 1819 636 ἁγνὴν,
1851 538 1894 590 Α

225 643 378 712 ἡμᾶς
411 641 612 715 δηλαδὴ
652 647 783 708 τοὺς
842 649 1092 715 πιστοὺς,
1137 651 1413 725 εὐλογήσῃ
1439 654 1532 706 καὶ
1565 657 1631 711 τὰ
1678 659 1816 729 μνῆ-

222 752 372 807 στρα
420 735 618 804 ταῦτα,
675 739 771 792 καὶ
811 742 939 803 τοὺς
977 745 1458 814 μνηστευομένους
1510 747 1724 820 φυλάξῃ
1759 751 1816 802 ἐν

223 828 418 902 εἰρήνῃ
449 828 544 882 καὶ
578 829 827 902 ὁμονοίᾳ.
886 834 997 887 Καὶ
1045 834 1306 902 ἐκφὼνως
1341 838 1670 908 άνυμνήσας
1718 842 1818 912 τῆς

227 920 470 986 Τριάδος
515 921 578 975 τὸ
627 924 830 993 κράτος
869 926 964 978 καὶ
1013 927 1113 998 τὴν
1146 928 1428 997 βασιλείαν
1465 932 1554 983 καὶ
1581 931 1813 1003 δύναμιν

1929 943 2173 1000 Ecclesia:
2235 948 2456 1015 liberos,

1541 359 1641 419 DE
1679 361 2205 426 MATRIMONIU.

2137 215 2198 230 ,.,
2239 213 2380 236 ουν-ρ-

3399 379 3505 443 510

1930 485 2271 557 custodiatin
2305 503 2436 558 pace
2475 501 2528 545 et
2564 508 2728 549 sensu
2759 497 3026 552 unanimi.
3059 497 3127 553 Et
3198 499 3344 554 clara
3373 517 3508 556 voce

1927 576 2217 633 celebrans
2248 578 2532 638 Trinitatis
2553 585 2941 652 fortitudinem
2975 603 3029 644 et
3060 605 3286 660 regnum
3317 604 3370 647 et
3404 609 3505 661 po-

1925 674 2175 722 testatem
2205 680 2258 724 et
2290 687 2458 730 unum
2486 676 2871 748 principatum,
2900 690 3089 750 utpote
3118 683 3286 738 solius
3309 696 3508 754 myste-

1925 758 2131 814 riorum
2166 765 2406 821 auctoris
2437 768 2714 838 soliusque
2737 774 3150 844 omnipotentis,
3176 791 3272 830 eos
3297 777 3508 831 indui-it

1929 849 1984 903 in
2012 853 2249 908 medium
2292 858 2557 928 templum
2595 863 2980 920 multosdnter
3013 875 3201 933 testes,
3245 876 3504 937 tanquam

2491 952 2546 1007 in
2573 966 2871 1025 conspectu
2935 958 3122 1013 altaris
3158 975 3341 1021 coram
3377 977 3507 1014 san-

183 1014 326 1094 _xal.
365 1013 498 1084 μίαν
555 1013 751 1085 ἀρχὴν,
816 1017 892 1080 ὼς
923 1016 1256 1090 τελετάρχου
1320 1023 1490 1094 μόνης
1540 1026 1635 1078 καὶ
1677 1045 1815 1079 παν-

1929 1033 2029 1090 :tis
2063 1036 2293 1106 foribus,
2325 1042 2531 1098 ducens
2560 1060 2656 1100 eos
2689 1048 2839 1102 velut
2871 1049 2926 1102 in
2983 1061 3336 1120 conSpectum
3390 1051 3508 1114 Dei,

233 1103 491 1172 τουργοῦ,
533 1104 744 1174 είσάγει
790 1106 1011 1172 τούτους
1070 1110 1158 1164 διὰ
1195 1111 1362 1181 μέσου
1399 1112 1492 1167 τοῦ
1543 1115 1672 1169 ναοῦ
1749 1119 1810 1171 ὲν

225 1194 444 1260 πολλοῖς
477 1197 770 1267 μάρτυσιν,
795 1198 872 1262 ὡς
894 1199 1335 1272 τῆςἘκκλησίας
1357 1206 1546 1273 τέκνα,
1581 1208 1812 1278 ἀντικρῦ

231 1285 318 1339 τοῦ
348 1286 742 1360 θυσιαστηρίου
795 1293 900 1361 πρὸ
948 1293 1056 1346 τιτιν
1107 1296 1280 1363 ἁγίων
1315 1297 1516 1367 θυρῶν,
1557 1303 1633 1360 ὡς
1681 1303 1814 1356 ἐνώ-

224 1394 358 1432 πιον
395 1380 546 1449 ἄγων
573 1383 670 1436 τοῦ
706 1383 868 1451 Θεοῦ,
914 1386 1040 1439 ἐπεὶ
1088 1387 1185 1440 καὶ
1243 1389 1300 1440 ἐν
1352 1390 1529 1461 τούτῳ
1581 1394 1818 1464 καθαροὶ
1899 1402 2292 1471 συνάπτονται,

1917 1128 2174 1194 quoniam
2216 1130 2271 1186 in
2308 1147 2375 1189 eo
2405 1136 2527 1205 puri
2559 1139 2990 1211 coniunguntur,
3024 1152 3244 1198 cantato
3303 1145 3511 1212 psalmo

1917 1216 1984 1270 ad
2039 1217 2142 1274 hoc
2169 1227 2582 1284 accommodato
2608 1245 2623 1284 :
2649 1229 2806 1284 Beati
2840 1247 3020 1286 omnes
3053 1233 3144 1302 qui
3186 1237 3370 1290 timent
3399 1236 3512 1290 Do-

1918 1309 2148 1376 minum,
2187 1323 2240 1368 et
2279 1317 2486 1385 reliqua
2527 1336 2700 1391 usque
2728 1323 2793 1379 ad
2828 1324 3013 1380 linem.

2369 1410 2714 1483 ψαλλομένου
2782 1415 3001 1487 ψαλμοῦ
3054 1419 3318 1490 ἁρμοδίου
3372 1423 3512 1494 πρὸς

167 1538 169 1542 η
227 1474 402 1543 τοῦτο,
427 1477 724 1547 Μακάριοι
773 1480 1002 1547 πάντες
1031 1485 1089 1536 οἱ
1139 1486 1506 1556 φοϐούμενοι
1561 1488 1670 1543 τὸν
1701 1491 1946 1561 Κύριον,
1973 1499 2069 1551 καὶ
2098 1501 2168 1556 τὰ
2201 1503 2331 1574 ἑξῆς
2362 1474 2492 1577 άχρι
2527 1474 2740 1573 τέλους.

797 1575 1029 1629 ΚΙῖΦΑΛ
1041 1619 1054 1632 .
1084 1577 1250 1634 ΣΟΘ’.

538 1665 679 1734 Περὶ
712 1665 823 1737 τῆς
858 1668 964 1724 τοῦ
997 1671 1186 1740 γάμου
1221 1673 1492 1742 τελετῆς.

2433 1602 2664 1662 CAPUT
2690 1607 3017 1665 CCLXXIX.

2164 1692 2242 1747 De
2272 1711 2425 1749 sacro
2455 1699 2560 1752 ritu
2594 1699 2965 1756 benedictionis
2999 1707 3274 1770 nuptialis.

297 1757 427 1812 Ὅτε
469 1757 528 1812 δὲ
565 1759 733 1813 στῶσι
783 1760 877 1814 τοῦ
935 1762 1324 1834 θυσιαστηρίου
1369 1767 1624 1832 ἐνώπιον,
1673 1771 1814 1824 ἀπο-

2000 1786 2229 1852 Quaudo
2261 1798 2441 1842 autent
2467 1799 2614 1845 stant
2640 1792 2693 1845 in
2718 1805 3011 1864 COllSpeClu
3053 1798 3262 1864 allaris,
3293 1811 3514 1854 sotvuut

229 1849 416 1904 λύουσι
469 1851 570 1915 τὰς
623 1855 837 1922 χεῖρας,
879 1855 1192 1926 ἔμπροσθεν
1249 1861 1420 1923 αὐτὰς
1475 1861 1821 1930 ἕχοντες,ὼς

228 1943 539 2014 ἔμπροσθεν
592 1946 873 2017 ἱστάμενοι
908 1948 1027 2002 ¹τοῦ
1091 1949 1250 2015 Θεοῦ,
1297 1952 1358 2006 τὸ
1411 1957 1511 2025 τῆς
1573 1956 1821 2018 δουλείας

225 2035 558 2103 δεικνύντες,
602 2040 699 2092 καὶ
731 2032 1026 2109 λαμπάδας
1057 2040 1414 2110 βαστάζουσι,
1461 2048 1558 2115 τὴν
1606 2065 1821 2118 σωφρο-

224 2127 396 2198 σύνην
433 2129 647 2183 ἑαυτῶν
680 2131 1109 2199 μαρτυροῦντες,
1137 2133 1277 2188 ἀλλὰ
1324 2137 1422 2190 καὶ
1470 2138 1571 2208 τὴν
1605 2139 1824 2206 ἐγγινο-

232 2221 409 2290 μένην
442 2220 498 2271 ἐν
526 2221 712 2284 αὐτοῖς
759 2221 911 2276 θείαν
936 2225 1097 2295 χάριν
1125 2227 1510 2297 σημαίνοντες.
1549 2232 1658 2302 Καὶ
1685 2232 1824 2286 πάν-

223 2329 314 2376 τες
353 2313 557 2383 ὁμοίως
610 2313 1143 2388 λαμπαδηφοροῦσιν
1188 2321 1243 2372 οἱ
1295 2323 1551 2393 κληρικοὶ
1587 2322 1676 2378 διὰ
1719 2325 1821 2395 τὴν

225 2403 375 2458 θείαν
402 2405 672 2475 ἐλλαμψιν
704 2410 799 2463 καὶ
836 2411 1198 2482 φαιδρότητα.
1236 2414 1346 2466 Kal.
1379 2415 1489 2468 τῶν
1516 2417 1819 2488 εἰρηνικῶν

228 2491 380 2561 αὖθις
433 2497 744 2568 λεγομένων
793 2501 1190 2572 (προηγοῦνται
1220 2504 1330 2574 γὰρ
1375 2505 1574 2570 ταῦτα,
1611 2507 1709 2562 καὶ
1759 2509 1821 2562 ἐν

230 2588 378 2662 πάσῃ
405 2589 661 2657 λέγονται
695 2593 888 2662 τελετῇ
943 2591 1032 2646 διὰ
1073 2593 1174 2665 τὴν
1210 2596 1416 2650 ἄνωθεν
1443 2599 1697 2669 εἰρήνην,
1724 2600 1820 2654 καὶ

228 2680 286 2734 τὸ
330 2681 649 2750 ἀναγκαίως
691 2682 840 2754 ὑπὲρ·
887 2684 1144 2738 ἁπάντων
1193 2688 1252 2740 ἐν
1301 2689 1462 2777 πάση
1487 2691 1680 2763 τελετῇ
1735 2693 1820 2761 γί-

227 2772 412 2827 νεσθαι
441 2773 543 2844 τὴν
575 2775 911 2846 προσευχὴν)
947 2779 974 2831 ὀ
1012 2779 1193 2848 ἱερεὺς
1235 2781 1334 2848 τὴν
1372 2772 1599 2852 πρώτην
1649 2783 1816 2854 εὐχὴν

228 2867 372 2936 λέγει
398 2867 493 2921 τοῦ
525 2868 730 2938 γάμου,
763 2868 854 2922 τὸν
883 2870 1017 2923 Θεὸν
1043 2871 1135 2924 τὸν
1169 2872 1324 2939 ἅγιον
1362 2876 1818 2945 ἐπικαλούμενος,

229 2959 317 3012 τὸν
363 2959 661 3031 ἀσώματόν
712 2979 769 3015 τε
821 2965 916 3017 καὶ
969 2965 1237 3036 καθαρὸν,
1266 2965 1358 3019 τὸν
1403 2967 1692 3021 πλάσαντι
1724 2968 1819 3022 τὸν

1930 1892 2146 1943 manus,
2182 1893 2319 1947 quas
2350 1888 2478 1933 ante
2532 1895 2591 1935 se
2639 1882 2859 1948 habent,
2897 1895 3083 1954 utpote
3121 1899 3330 1943 Stantes
3387 1900 3515 1945 ante

1927 1967 2121 2030 Deum,
2174 1981 2228 2024 et
2284 1973 2603 2028 servitutem
2638 1976 3093 2045 manifestantes;
3142 1989 3198 2034 et
3231 1981 3511 2048 lampades

1925 2068 2139 2129 gestant
2166 2076 2276 2136 quo
2297 2078 2486 2116 eorum
2509 2065 2823 2130 castitatem
2849 2077 3146 2132 testantur,
3180 2071 3274 2125 sed
3300 2082 3355 2125 et
3378 2072 3516 2125 divi-

1925 2161 2050 2199 nam
2085 2148 2311 2218 gratiam
2352 2151 2453 2204 sibi
2487 2155 2964 2222 supervenientem
3026 2158 3355 2228 signiﬁcant.
3389 2162 3517 2214 Om-

1924 2251 2027 2292 nes
2059 2239 2266 2308 pariter
2289 2241 2474 2295 clerici
2500 2241 2752 2300 lucernas
2774 2256 2997 2316 portant
3018 2258 3241 2318 propter
3267 2250 3509 2306 divinam

1928 2329 2395 2386 illuminationem
2427 2345 2479 2388 et
2505 2335 2831 2391 claritatem.
2866 2337 2933 2392 Et
2964 2353 3099 2408 pace
3136 2341 3333 2396 iterum
3363 2342 3509 2398 dicta

1925 2423 2066 2492 (haec
2091 2423 2235 2476 enim
2269 2425 2548 2493 praecedit,
2573 2436 2739 2496 atque
2767 2428 2819 2482 in
2855 2432 3005 2485 omni
3074 2434 3334 2501 mysterio
3374 2435 3516 2501 dici-

1929 2523 2017 2568 tur
2049 2524 2272 2585 propter
2293 2517 2574 2574 coelestem
2603 2535 2814 2590 pacem,
2844 2531 2899 2578 et
2919 2524 3042 2593 quia
3068 2541 3297 2581 necesse
3322 2538 3406 2583 est
3458 2528 3512 2582 in

1925 2606 2077 2660 omni
2107 2608 2371 2678 mysterio
2417 2626 2606 2680 preces
2630 2613 2746 2668 ﬁeri
2778 2629 2879 2684 pro
2909 2616 3185 2685 omnibus)
3206 2657 3220 2679 ,
3250 2619 3510 2675 sacerdos

1929 2697 2162 2768 primam
2195 2698 2652 2757 dicitorationem
2679 2704 3027 2760 matrimonio
3057 2705 3226 2761 Deum
3250 2708 3516 2765 invocans

1930 2799 2178 2844 sanctum
2215 2800 2270 2846 et
2293 2792 2680 2862 incorporeum
2733 2804 2789 2849 et
2845 2813 3070 2867 purum,
3110 2799 3202 2868 qui
3235 2800 3514 2856 hominem

1924 2879 2234 2950 plasmavit.
2271 2892 2328 2937 et
2353 2898 2418 2937 ex
2455 2899 2520 2939 eo
2544 2885 2831 2940 mulierem
2861 2886 2994 2943 fecit
3051 2889 3106 2943 in
3160 2890 3514 2960 adjutorium,

1925 2978 1984 3024 ut
2051 2971 2268 3027 coalitus
2322 2991 2544 3030 manum
2583 2991 2738 3030 suam
2789 2978 3029 3044 emittat,
3079 2989 3135 3034 et
3167 2981 3429 3036 eosinter
3455 2997 3517 3036 se

230 3051 538 3122 ἄνθρωπον,
573 3056 671 3108 καὶ
727 3055 787 3121 ἐξ
839 3057 1006 3110 αὐτοῦ
1051 3059 1149 3128 τὴν
1199 3061 1437 3125 γυναῖκα
1468 3063 1550 3122 εἰς
1599 3061 1815 3131 βοηθὸν,

1929 3063 2239 3134 coniungat.
2259 3063 2324 3118 Et
2344 3066 2540 3120 iterum
2565 3068 2746 3139 jungit
2778 3085 2966 3124 eorum
2995 3087 3189 3127 manus
3221 3074 3516 3142 perfectio-

230 3146 393 3200 αὐτὸν
449 3144 836 3212 ἐξαποστεῖλαι
890 3149 1098 3202 ἄνωθεν
1138 3151 1236 3222 τὴν
1280 3155 1438 3222 χεῖρα
1485 3152 1676 3216 αὑτοῦ,
1722 3153 1818 3206 καὶ

230 3238 468 3309 ἁρμόσαι
538 3239 763 3306 τούτους
815 3243 1086 3314 ἀλλήλοις.
1144 3246 1255 3298 Καὶ
1316 3246 1481 3300 πάλιν
1550 3245 1818 3299 συνάπτει

232 3331 435 3389 τούτων
465 3332 564 3398 τὰς
609 3337 826 3406 χεῖρας,
855 3337 916 3390 τὺ
945 3337 1153 3391 τέλειον
1187 3337 1367 3407 δηλῶν
1398 3339 1497 3409 τῆς
1539 3339 1813 3404 ἐνὼσεως.

231 3429 340 3482 Καὶ
368 3429 626 3494 συζεῦξαί
660 3448 828 3502 φησιν
857 3433 916 3486 ἐν
958 3433 1335 3504 ὁμοφροσύνῃ,
1369 3435 1467 3486 καὶ
1497 3432 1684 3487 δοῦναι
1719 3434 1820 3487 αύ-

232 3510 338 3583 τοῖς
369 3523 583 3592 καρπον
610 3523 840 3586 κοιλίας,
870 3523 1155 3578 εὐτεκνίαν
1179 3541 1239 3578 τε
1273 3523 1367 3577 καὶ
1390 3524 1819 3590 ἀκατάγνωστον

233 3611 436 3682 βιοτήν.
469 3614 581 3666 Καὶ
629 3612 893 3683 ἐκφώνως
941 3615 1077 3670 Θεὸν
1129 3616 1312 3678 ἐλέους
1363 3617 1460 3670 καὶ
1508 3616 1816 3685 οἰκτιρμῶν

237 3703 504 3775 δοξολογεῖ
532 3706 633 3776 τὴν
669 3705 898 3777 Τριάδα,
931 3707 1014 3760 ὅτι
1057 3709 1127 3760 τά
1178 3707 1408 3762 τοιαῦτα
1447 3707 1633 3768 ἐλέους
1679 3706 1821 3778 ἔργα

240 3798 398 3852 αὑτοῦ
428 3800 525 3853 καὶ
567 3799 939 3871 συμπαθείας.
973 3797 1110 3855 Εἶτα
1144 3801 1393 3864 καὶτοὺς
1425 3800 1729 3870 στεφάνους
1759 3803 1823 3855 ὲκ

244 3889 327 3943 τοῦ
368 3889 756 3959 Θυσιαστηρίου
811 3891 996 3946 λαϐὼν
1047 3894 1143 3947 καὶ
1197 3892 1528 3963 εὐλογήσας,
1579 3891 1674 3944 τὸν
1726 3892 1826 3962 μὲν

237 3982 315 4044 είς
335 3979 432 4051 τὴν
465 3982 714 4054 κεφαλὴν
743 3983 838 4038 τοῦ
863 3984 1078 4056 ἀνδρὸς,
1109 3985 1202 4039 τὸν
1241 3984 1298 4036 δὲ
1336 3986 1418 4046 είς
1453 3983 1552 4055 τὴν
1578 3984 1826 4054 κεφαλὴν

1923 3170 2048 3210 nem
2095 3158 2307 3214 uniouis
2353 3160 2668 3229 exprimens
2722 3170 2776 3216 ct
2823 3163 3041 3219 dicens:
3081 3184 3098 3217 ι
3132 3164 3520 3238 Conjungeeos

1927 3248 1983 3303 in
2015 3251 2293 3326 castitate,
2331 3261 2386 3308 et
2415 3251 2482 3309 da
2505 3252 2743 3310 fructum
2807 3259 3038 3324 ventris,
3088 3258 3230 3328 piam
3277 3261 3521 3316 sobolem

1928 3350 1984 3397 et
2039 3342 2201 3398 vitam
2257 3344 2821 3416 irreprehensibilem.
2887 3349 2952 3403 Et
3011 3349 3114 3405 alta
3166 3366 3300 3407 voce
3349 3352 3520 3408 Demu

1929 3434 2323 3492 misericordiae
2363 3447 2418 3493 et
2452 3438 2872 3495 miserationum
2931 3442 3261 3499 Trinitatem
3309 3444 3518 3515 gloriﬁ-

1931 3536 2038 3591 cat,
2071 3530 2330 3598 quoniam
2358 3532 2462 3585 ista
2491 3541 2620 3587 sunt
2646 3548 2813 3602 opera
2858 3534 2979 3604 ejus
3033 3536 3422 3591 misericordia:
3467 3545 3524 3592 et

1924 3618 2317 3692 miserationis.
2339 3621 2601 3693 Deinceps
2623 3627 2864 3694 acceptis
2883 3641 2949 3680 ex
2967 3627 3121 3682 altari
3145 3637 3200 3682 et
3221 3629 3526 3686 benedictis

1928 3712 2170 3775 coronis,
2197 3712 2422 3766 alteram
2455 3714 2674 3782 quidem
2706 3715 2837 3780 viri,
2862 3716 3084 3770 alteram
3107 3726 3288 3772 autem
3324 3719 3525 3774 mulie-

1931 3800 2189 3871 ris'capiti
2222 3802 2475 3874 imponit,
2499 3805 2788 3860 Dominum
2815 3807 3100 3878 Deumque
3129 3811 3520 3868 universorum

1936 3903 2110 3948 uteos
2147 3896 2320 3963 gloria
2343 3907 2400 3951 et
2438 3898 2641 3953 honore
2695 3909 2922 3954 coronet
2983 3899 3286 3970 deprecans
3334 3911 3527 3974 utpote

1940 4001 2079 4055 pure
2114 3987 2166 4041 in
2200 4003 2267 4042 eo
2320 3992 2664 4063 conjugatos.

238 4081 333 4149 τῆς
361 4079 620 4148 γυναικὸς
645 4081 853 4152 τίθησι,
885 4081 1023 4153 πρὸς
1046 4084 1137 4136 τον
1171 4083 1375 4154 Κύριον
1417 4083 1509 4137 καὶ
1540 4081 1675 4136 Θεὸν
1708 4081 1816 4135 τῶν
1855 4082 1996 4136 ὅλων
2027 4083 2155 4156 δόξῃ
2199 4087 2294 4140 καὶ
2325 4092 2476 4158 ίτιμῇ
2508 4091 2855 4159 στεφανῶσαι
2921 4093 3124 4177 αὐτοὺς
3193 4091 3514 4164 εῦχόμενος,

237 4173 305 4235 .b;
333 4174 590 4246 καθαρῶς
618 4177 675 4229 ὲν
701 4177 851 4249 αὺτῷ
883 4178 1354 4248 συναπτομένους.

817 4271 1074 4325 ΚΕΦΑΛ.
1110 4269 1234 4324 ΣΠ’.

499 4360 642 4430 Περὶ
679 4361 988 4433 ἀναδόχου
1027 4365 1136 4418 τοῦ
1164 4365 1234 4418 ἐν
1258 4364 1339 4432 τῷ
1370 4365 1554 4436 γάμῳ.

307 4452 415 4516 Οὓς
470 4455 530 4526 δὴ
596 4456 896 4526 στεφάνους
955 4456 1052 4510 καὶ
1106 4458 1134 4508 ὁ
1185 4462 1283 4527 τῆς
1334 4462 1697 4534 σωφροσύνης
1733 4462 1828 4516 καὶ

241 4546 488 4617 ὁμονοίας
545 4548 806 4619 ἀνάδοχος
869 4547 1099 4602 ὄπισθεν
1158 4549 1334 4614 ἑστὼς
1385 4551 1648 4622 δέχεται,
1703 4555 1830 4609 ἀντὶ

243 4642 446 4710 πατρὶς
497 4641 683 4705 αὐτοῖς
732 4642 1042 4713 γινόμενος,
1075 4642 1170 4696 καὶ
1213 4643 1538 4708 διδάσκαλος
1565 4649 1665 4717 τῆς
1702 4649 1834 4718 ouo:

245 4734 516 4804 φροσύνης
548 4735 641 4788 καὶ
672 4735 886 4804 ἀγαθῆς
921 4734 1210 4803 συζυγίας.
1243 4735 1338 4788 Διὸ
1386 4737 1484 4791 καὶ
1525 4739 1635 4790 τῶν
1674 4740 1832 4808 ὀρθο-

246 4826 407 4894 δὸξων
438 4828 650 4896 ὀφείλει
698 4830 794 4884 καὶ
826 4828 1093 4898 θεοφιλῶν
1157 4825 1322 4882 εἶναι.
1355 4829 1468 4899 Τὴν
1518 4831 1748 4900 εἰρήνην
1773 4851 1832 4886 τε

248 4921 398 4984 αὖθις
429 4923 803 4990 ἐπευξάμενος
835 4926 862 4977 ὁ
899 4924 1100 4994 ἱερεὺς,
1139 4923 1234 4994 τὴν
1267 4924 1534 4996 δευτέραν
1584 4927 1832 4996 ἐπιλέγει

248 5018 429 5086 εὐχὴν,
455 5016 532 5080 ὡς
563 5021 660 5074 καὶ
684 5021 742 5072 ἐν
769 5021 890 5081 ταῖς
940 5020 1303 5088 χειροτονίαις
1338 5019 1494 5088 παρὰ.
1518 5021 1610 5075 τοῦ
1647 5023 1830 5093 ίεράρ-

249 5127 343 5180 χου
378 5112 613 5178 γίνεται.

723 5244 727 5250 ·
804 5220 1058 5278 ΚΕΦΛᾹ.
1093 5225 1262 5277 ΣΠΝ.

250 5312 377 5366 Ὅτι
401 5314 438 5380 ὴ
469 5312 575 5367 τοῦ
610 5313 804 5384 γάμου
837 5314 1051 5383 τελετὴ
1085 5315 1404 5386 ἀρχιερέως
1441 5316 1602 5370 ῖδιον
1633 5315 1831 5386 ἔργον.

323 5471 446 5526 Ὀτι
495 5472 590 5526 καὶ
639 5472 796 5526 τοῦτο
847 5472 1010 5544 ἔργον
1059 5474 1154 5526 τοῦ
1193 5476 1454 5545 ίεράρχου
1481 5489 1495 5503 ⁸
1529 5474 1624 5527 καὶ
1669 5474 1834 5538 αὐτὸς

251 5565 408 5618 τοῦτο
451 5566 508 5618 ἕν
535 5583 594 5619 τε
649 5567 932 5636 βασιλεῦσι
964 5570 1058 5620 καὶ
1091 5567 1321 5637 ἄρχουσι
1351 5569 1450 5620 καὶ
1484 5567 1694 5630 λοιποῖς
1738 5569 1835 5622 ἄλ·

252 5658 361 5721 λοις
419 5661 650 5728 ἐνεργεῖ.
684 5661 899 5713 Δίδοται
941 5660 998 5712 δὲ
1050 5661 1203 5728 ὅμως
1255 5659 1414 5711 τοῦτο
1472 5661 1566 5712 καὶ
1623 5659 1834 5729 ἱερεῦσι

255 5752 450 5810 ποιεῖν,
486 5751 568 5803 ὅτι
616 5751 809 5821 τελετὴ
870 5751 1031 5821 μόνη,
1070 5752 1166 5804 καὶ
1211 5750 1272 5802 οῦ
1323 5751 1423 5818 τῆς
1470 5749 1837 5819 μεταδοτικῆς

255 5842 493 5910 χάριτος.
541 5843 684 5913 Πλὴν
736 5847 828 5897 καὶ
885 5846 996 5908 τοῖς
1058 5841 1270 5913 ἱερεῦσι
1324 5842 1463 5907 μετά
1512 5843 1834 5906 προτροπῆς

2447 4272 2677 4329 CAPUT
2718 4273 3022 4328 CCLXXX.

2388 4367 2465 4424 De
2497 4384 2748 4435 sponsore
2773 4345 2828 4422 ίῖι
2863 4368 3082 4438 nuptiis.

2007 4460 2153 4527 Quas
2167 4475 2400 4516 coronas
2425 4461 2690 4516 castitatis
2713 4475 2947 4529 sponsor
2973 4468 3028 4514 et
3050 4459 3356 4515 concordia:
3380 4469 3532 4516 retro

1938 4563 2090 4608 stans
2135 4555 2358 4623 accipit,
2394 4569 2495 4623 pro
2526 4562 2681 4623 patre
2711 4553 2790 4608 eis
2813 4552 3010 4616 iactus,
3049 4561 3106 4606 et
3134 4553 3529 4608 doctorcom—

1941 4646 2123 4700 munis
2145 4647 2484 4701 castimoniae
2515 4645 2752 4716 bonique
2815 4644 3086 4716 coniugii.
3149 4644 3277 4699 ldco
3307 4653 3527 4714 Oportet

1938 4739 2280 4795 orthodoxos
2317 4737 2520 4808 Deique
2551 4741 2758 4794 amicos
2793 4736 2897 4792 hoc
2921 4737 3072 4805 fungi
3100 4751 3348 4790 munere.
3381 4735 3519 4791 Pace

1936 4831 2136 4887 iterum
2217 4842 2442 4902 optata,
2517 4831 2776 4886 sacerdos
2846 4828 3144 4883 secundam
3220 4827 3349 4881 dicit
3407 4841 3528 4880 ora-

1939 4925 2167 4990 tionem,
2193 4923 2652 4994 quemadmodum
2685 4921 2744 4976 in
2775 4917 3214 4976 ordinationibus
3243 4916 3300 4970 tit
3329 4933 3356 4970 a
3384 4932 3527 4986 pon-

1940 5017 2107 5072 tilice.

2439 5210 2665 5268 CAPUT
2691 5205 3025 5264 CCLXXXI.

1937 5303 2089 5370 Quod
2149 5301 2434 5374 conjugum
2489 5301 2774 5355 benedictio
2835 5297 3108 5369 pmprium
3164 5295 3391 5364 episcopi
3444 5306 3529 5350 est

2149 5384 2156 5390 ’
2662 5388 2813 5424 ουιιε.

2662 5390 2813 5424 οηιε.

2017 5467 2146 5524 lllud
2211 5467 2358 5521 enim
2389 5464 2526 5535 opus
2555 5475 2638 5518 est
2669 5390 2963 5533 p’ontiﬁcis,
2998 5471 3052 5516 et
3087 5461 3202 5531 ipse
3241 5460 3374 5516 illud
3401 5474 3523 5538 pra:

1943 5562 2162 5632 regibus
2197 5567 2251 5614 et
2293 5555 2636 5627 principibus
2696 5555 3016 5622 ca-tcrisquc
3048 5560 3328 5621 operatur.
3363 5549 3526 5602 Atta-

1940 5669 2067 5708 mcn
2107 5653 2208 5707 hoc
2249 5648 2450 5720 pariter
2497 5647 2679 5702 facere
2752 5645 3129 5699 sacerdotibus
3181 5641 3524 5704 cenceditur,

1905 5812 1911 5816 _
1941 5745 2194 5816 qitotiiatit
2230 5739 2608 5797 tantummodo
2647 5738 3086 5809 cstmystcrium,
3121 5743 3173 5788 ct
3203 5749 3308 5785 non
3342 5731 3524 5800 agitur

1941 5839 2009 5893 de
2064 5830 2534 5891 cuuununicandzc
2580 5829 2764 5900 gratia:
2823 5834 3184 5881 sacramento.
3237 5821 3512 5878 Caeterum
