4046 6426
534 388 634 455 511

1351 398 1736 463 SYMEONIS
1773 401 2537 471 TIIESSALONICENSIS
2599 405 2962 470 ARCHIEP.

3693 401 3804 470 512

534 507 635 563 hoc
657 519 743 565 est
769 523 918 565 mera
963 511 1247 568 concessio
1292 515 1675 574 sacerdotibus
1705 517 1847 574 facta
1873 519 1940 575 ad
1993 518 2105 576 sin-

2216 520 2436 587 δίδοται,
2469 523 2565 577 καὶ
2612 523 2671 577 ιν
2704 524 2924 592 ἑκάστῳ
2956 518 3110 594 ἔργῳ
3140 518 3347 590 γάμου,
3369 515 3452 573 ὅτι
3485 516 3618 573 ῐδιόν
3645 520 3806 571 ἐστιν

533 602 655 671 gula
695 602 1007 673 nuptiarum
1028 605 1315 674 solemnia,
1369 611 1627 678 quoniam
1682 612 1964 682 proprium
2022 622 2110 669 est

532 695 796 763 episcopi,
826 705 882 751 et
896 696 1099 768 absque
1123 699 1241 770 ejus
1277 714 1554 757 consensu
1590 718 1699 759 non
1761 713 1945 775 potest
1972 721 2107 761 con-

535 792 687 839 stare
716 784 1052 858 coniugium,
1079 804 1207 845 nam
1241 790 1392 847 solus
1421 793 1660 863 pontifex
1682 805 1838 867 pater
1880 806 1965 853 est
2012 796 2113 852 Ee-

534 874 733 933 clesic.
789 876 1039 935 Secunda
1069 888 1252 936 autem
1283 884 1531 940 oratione
1567 886 1744 955 poscit
1774 895 1833 942 ut
1861 889 1956 956 qui
2013 904 2113 957 per

535 981 691 1022 suam
722 973 1069 1037 praesentiam
1106 972 1159 1026 in
1184 972 1335 1029 Cana
1370 966 1691 1043 honorabile
1719 980 1955 1035 ostendit
1988 995 2111 1036 esse

540 1060 951 1117 matrimonium
979 1063 1068 1118 cui
1091 1064 1300 1131 aderat,
1322 1067 1456 1123 istos
1483 1085 1701 1140 quoque
1721 1076 1883 1128 modo
1905 1071 1962 1127 in
1998 1088 2114 1127 ma-

538 1152 852 1210 trimonium
901 1155 1223 1226 coniunctos
1255 1159 1309 1213 iu
1341 1175 1475 1231 pace
1499 1170 1556 1218 et
1580 1164 1873 1220 concordia
1927 1175 2111 1222 custo-

536 1243 668 1311 diat,
694 1245 943 1316 istudque
965 1248 1282 1308 honorabile
1300 1254 1462 1310 faciat
1484 1257 1836 1325 connubium,
1866 1257 2084 1313 thorum
2102 1287 2119 1299 -

537 1350 644 1402 que
681 1348 862 1394 servet
893 1340 1298 1400 immaculatum
1331 1355 1386 1401 et
1419 1346 1687 1403 illabatam
1728 1364 1921 1404 eorum
1946 1352 2111 1404 vitam

535 1433 774 1495 tueatur,
799 1442 857 1486 ut
899 1432 955 1488 in
987 1436 1239 1506 pinguem
1285 1448 1624 1495 senectutem
1657 1441 1895 1511 provecti
1930 1442 2112 1497 divina

536 1520 795 1591 impleant
822 1529 1093 1581 mandata.
1123 1527 1191 1582 Et
1220 1529 1523 1597 proclamat
1559 1546 1685 1586 eum
1715 1547 1840 1589 esse
1869 1517 1961 1603 qui
1992 1550 2114 1589 om-

538 1611 626 1665 nia
688 1612 961 1673 benedicit
1012 1626 1066 1671 et
1116 1620 1435 1676 sanct'licat.
1504 1621 1706 1679 Deinde
1752 1626 1819 1678 ad
1844 1625 2111 1681 orientem

536 1716 835 1759 conversus
868 1704 1070 1775 ﬂagitat
1119 1726 1179 1764 se
1205 1726 1313 1766 non
1367 1714 1716 1782 reprehendi,
1746 1716 1842 1773 sed
1879 1718 2108 1788 dignum

540 1796 727 1853 haberi
762 1800 851 1869 qui
902 1801 1117 1860 Patrem
1159 1815 1318 1861 vocet
1345 1807 1514 1864 Deum
1570 1811 1662 1880 qui
1718 1825 1804 1868 est
1847 1814 1903 1869 in
1933 1815 2107 1871 coelis.

2215 615 2521 669 ἐπισκόπου
2547 632 2563 648 ο
2599 615 2696 670 καὶ
2756 614 2928 685 χωρὶς
2981 613 3209 683 γνώμης
3238 610 3410 667 αὐτοῦ
3457 611 3520 665 οὐ
3568 608 3805 673 δυνατὸν

2218 708 2487 777 συστῆναι
2547 706 2751 777 γάμον.
2786 707 2978 777 Πατὴρ
3042 706 3152 775 γὰρ
3212 705 3315 772 τῆς
3374 704 3710 774 Ἐκκλησίας
3767 701 3801 754 6

2215 799 2510 870 ἀρχιερεὺς
2536 799 2720 869 μόνος.
2743 797 2822 871 Τῇ
2844 798 2900 852 δὲ
2926 797 3160 870 δευτέρᾳ
3189 796 3410 867 εὔχεται
3448 795 3606 866 εὐχῇ,
3628 792 3801 849 αὐτδν

2216 890 2311 945 τδν
2375 892 2464 947 διὰ
2509 892 2610 964 τῆς
2673 891 2998 962 ἐπιφανείας
3058 889 3227 944 αὐτοῦ
3282 889 3466 960 τίμιον
3522 890 3582 942 ὲν
3633 887 3798 956 Κανᾷ

2216 984 2579 1053 ἀναδείξαντα
2631 986 2724 1040 τὸν
2777 986 2957 1053 γάμον
3006 984 3065 1039 ὲν
3116 982 3263 1053 αὐτῷ
3318 978 3793 1053 παρακενόμενον,

2218 1074 2465 1140 καὶτοὺς
2498 1076 2938 1146 συναπτομένους
2979 1074 3077 1129 νῦν
3124 1074 3207 1138 είς
3237 1068 3415 1143 γάμον
3453 1071 3796 1127 ἐπικαλεῖται

2219 1168 2279 1220 ἑν
2329 1167 2525 1239 εἰρήνῃ
2573 1166 2812 1236 τηρῆσαι
2861 1167 2953 1220 καὶ
2986 1165 3233 1236 ὁμονοίᾳ,
3263 1164 3359 1218 καὶ
3395 1165 3580 1235 τίμιον
3629 1157 3801 1216 αὐτὸν

2220 1257 2446 1327 ποιῆσαι
2474 1257 2567 1311 τὸν
2601 1259 2803 1329 γάμον,
2828 1257 2924 1312 καὶ
2953 1259 3054 1329 τὴν
3093 1258 3286 1323 κοίτην
3314 1255 3557 1324 τηρῆσαι
3587 1253 3795 1321 ἀμίαν-

2220 1366 2332 1417 τον,
2383 1350 2722 1422 ἁκηλίδωτόν
2781 1367 2841 1403 τε
2904 1350 3088 1404 αὐτῶν
3148 1331 3478 1418 διαφυλᾶξαι
3509 1346 3603 1399 τὸν
3654 1344 3796 1409 βίον,

2221 1441 2318 1495 καὶ
2358 1442 2417 1495 ὲν
2471 1441 2623 1515 γήρᾳ
2674 1442 2819 1495 πίονι
2878 1441 3350 1513 καταντήσαντας,
3398 1437 3647 1508 ἐνεργεῖν
3697 1436 3807 1498 τὰς

2220 1532 2373 1598 θείας
2422 1534 2665 1598 ἐντολάς.
2701 1535 2811 1587 Kal.
2858 1535 3097 1603 ὲκφωνεῖ
3126 1533 3288 1586 αὐτὸν
3340 1525 3484 1583 εἶναι
3514 1530 3607 1583 τὸν
3639 1527 3805 1581 εὐλο-

2221 1625 2426 1695 γοῦντα
2468 1626 2650 1680 πάντα
2699 1627 2796 1681 καὶ
2826 1626 3147 1694 ἁγιάζοντα.
3198 1617 3333 1678 Εἶτα
3381 1624 3477 1676 καὶ⁸
3535 1620 3809 1690 στραφεὶς

2222 1716 2361 1788 πρὸς
2403 1715 2690 1780 ἀνατολὰς,
2724 1715 3110 1786 ἀκατακρίτως
3157 1710 3561 1781 καταξιωθῆναι
3608 1709 3808 1762 ἐκδυσ-

2222 1810 2365 1862 ωπεῖ
2414 1808 2643 1862 καλέσαι
2687 1807 2908 1875 Πατέρα
2954 1807 3046 1859 τὸν
3092 1806 3420 1875 ἐπουράνιον
3487 1803 3644 1857 Θεὸν.
3687 1801 3810 1855 Kal

538 1889 606 1943 Et
643 1906 834 1948 omnes
868 1896 1072 1965 pariter
1097 1900 1400 1955 orationem
1436 1878 2105 1973 aSalratorcinstitutam,

2216 1899 2414 1963 πάντες
2469 1898 2607 1969 όμοῦ
2654 1899 2754 1970 τὴν
2812 1900 2965 1970 παρὰ
3023 1897 3118 1952 τοῦ
3171 1898 3426 1967 Σωτῆρος
3479 1895 3803 1966 προσευχὴν

538 1981 591 2033 in
616 1983 908 2051 gratiarum
931 1989 1200 2044 actionem
1227 1992 1397 2058 gratia
1429 1995 1611 2063 operis
1672 1996 1997 2064 faciendam,
2054 2000 2106 2054 in

534 2074 908 2129 ostensionem
942 2080 1241 2146 servitutis.
1265 2084 1317 2139 in
1363 2088 1785 2156 postulationem
1816 2090 2107 2154 bonorum,

538 2163 591 2215 in
615 2168 1174 2227 communicationem
1202 2176 1461 2244 Spiritus,
1491 2194 1589 2248 per
1622 2189 1864 2235 sanctam
1891 2197 2108 2238 carnem

538 2254 658 2313 Filii
678 2260 799 2330 ejus
824 2262 915 2331 qui
953 2272 1034 2319 est
1060 2280 1224 2321 verus
1255 2269 1321 2323 de
1382 2269 1518 2326 cmlo
1572 2272 1749 2341 panis,
1800 2290 1897 2344 per
1943 2290 2105 2343 quem

536 2350 815 2421 conjuges,
851 2354 1009 2408 modo
1042 2355 1127 2423 pie
1153 2364 1207 2411 et
1245 2366 1395 2413 caste
1432 2366 1860 2429 conVerscntur,
1903 2363 2107 2431 vivent,

535 2440 870 2509 etquoniam
926 2441 1090 2499 Pater
1127 2447 1371 2502 omnium
1412 2457 1468 2504 et
1529 2451 1770 2520 ipsorum
1805 2453 2109 2524 conjugqu

538 2529 683 2587 Deus
710 2544 793 2589 est
819 2535 910 2603 qui
949 2537 1189 2591 omnium
1221 2547 1278 2594 et
1332 2540 1578 2610 ipsorum
1639 2544 1930 2615 coniugum
1972 2546 2114 2602 Deus

538 2633 624 2679 est
656 2627 746 2695 qui
791 2629 975 2682 omnia
1033 2631 1260 2685 creavit.
1316 2632 1381 2687 At
1443 2642 1565 2703 post
1589 2634 1888 2691 orationem
1923 2652 2111 2692 vocem

542 2714 753 2771 extollit
775 2717 1034 2774 sacerdos
1073 2734 1295 2789 regnum
1325 2720 1414 2777 Dei
1444 2732 1877 2794 potestatemque
1917 2735 1970 2780 et
1996 2726 2115 2794 gloo

535 2807 673 2862 riam
703 2808 1005 2865 celebrans.
1048 2812 1273 2867 Et-data
1298 2829 1430 2883 pace
1448 2815 1898 2873 dicitzlnclinate
1933 2819 2115 2888 capita

538 2909 741 2963 vestra,
794 2908 1072 2969 creaturae,
1095 2890 1363 2959 Creatori.
1432 2904 1498 2961 Et
1535 2921 1724 2976 preces
1779 2909 1909 2964 facit
1951 2925 2117 2979 super

536 3003 882 3043 communem
920 3001 1107 3059 potum
1154 2993 1342 3048 dicens
1388 3011 1404 3049 :
1453 2994 1596 3050 Deus
1624 2998 1714 3066 qui
1737 2998 1920 3053 omnia
1942 2999 2115 3056 fecisti

540 3089 630 3133 tua
657 3082 918 3150 potentia,
954 3084 1264 3152 caelumque
1290 3084 1512 3141 firmasti
1536 3095 1591 3142 et
1623 3102 1881 3144 coronam
1904 3102 2118 3146 creatu-

2211 1993 2486 2059 λέγουσιν,
2536 1993 2617 2054 είς
2668 1989 3025 2061 εὐχαριστίαν
3088 1990 3182 2043 τοῦ
3241 1988 3429 2060 ἔργου,
3464 1989 3543 2071 είς
3594 1987 3807 2052 δεῖγμα

2212 2084 2479 2150 δουλείας,
2533 2085 2614 2147 είς
2663 2085 2884 2155 αἴτησιν
2945 2083 3188 2152 ἀγαθῶν,
3224 2084 3319 2135 καὶ
3373 2082 3456 2146 είς
3510 2078 3811 2133 κοινωνίαν

2209 2176 2307 2231 τοῦ
2362 2176 2706 2245 Πνεύματος,
2740 2174 2831 2228 διὰ
2882 2176 2979 2245 τῆς
3028 2175 3193 2243 ἁγίας
3254 2171 3461 2244 σαρκὸς
3515 2170 3609 2225 τοῦ
3665 2167 3809 2222 Υἱοῦ

2212 2266 2405 2334 αὐτοῦ,
2435 2268 2492 2330 ὅς
2520 2270 2667 2320 ἐστιν
2696 2267 2723 2320 6
2753 2265 3079 2336 ἐπουράνιος
3103 2263 3288 2335 ἄρτος,
3318 2261 3385 2316 δι’
3415 2256 3477 2316 οὐ
3509 2259 3671 2330 198
3701 2260 3808 2312 καὶ

2212 2360 2262 2413 ol
2300 2357 2717 2427 συναπτόμενοι,
2754 2358 2804 2409 εί
2862 2354 3105 2420 εὐσεϐῶς
3159 2355 3261 2422 καὶ
3291 2353 3589 2423 σωφρόνως
3644 2351 3810 2404 πολι-

2212 2448 2520 2510 τεύσονται,
2550 2447 2848 2518 ζήσονταιο
2901 2446 2997 2500 καὶ
3043 2447 3130 2500 ὅτι
3193 2444 3384 2514 Πατὴρ
3438 2443 3655 2496 πάντων
3701 2442 3808 2495 καὶ

2213 2542 2323 2594 τῶν
2348 2540 2777 2609 συναπτομένων
2807 2538 2835 2591 6
2868 2537 3003 2600 Θεὸς
3035 2536 3111 2602 ὡς
3142 2538 3204 2609 δη
3216 2535 3500 2607 μιουργός.
3537 2533 3694 2587 Μετὰ
3736 2533 3802 2585 δὲ

2214 2632 2317 2702 τὴν
2368 2631 2681 2702 προσευχὴν
2739 2630 2981 2698 ὲκφωνεῖ
3028 2628 3352 2700 ἀνυμνήσας
3384 2627 3484 2697 τὴν
3530 2624 3625 2679 τοῦ
3655 2624 3799 2678 Θεοῦ

2220 2723 2499 2794 βασιλείαν
2555 2723 2652 2777 καὶ
2707 2722 2942 2793 δύναμιν
3006 2722 3102 2776 καὶ
3153 2716 3314 2785 δόξαν
3370 2720 3400 2772 ό
3451 2716 3652 2789 ἱερεύς.
3687 2717 3808 2769 Kal

2216 2818 2440 2886 είρήνην
2469 2815 2616 2879 δοὺς,
2642 2814 2819 2869 κλῖναι
2847 2814 2997 2881 λέγει
3023 2817 3122 2878 τὰς
3153 2812 3397 2883 κεφαλὰς
3425 2810 3495 2863 τὰ
3522 2809 3808 2879 κτίσματα.

2216 2906 2295 2978 τῷ
2345 2908 2658 2975 ποιήσαντι.
2693 2906 2804 2961 Kal
2857 2906 3023 2979 εὐχὴν
3072 2909 3308 2959 ποιεῖται
3365 2905 3462 2959 ἐπὶ
3513 2903 3590 2973 τῷ
3635 2903 3803 2971 κοινῷ

2222 3001 2491 3070 ποτηρίῳ,
2526 2998 2724 3066 λέγων,
2762 3017 2781 3050 ι
2824 2998 2886 3051 '0
2942 2998 3075 3061 Θεὸς
3118 3000 3148 3053 6
3195 2998 3376 3053 πάντα
3437 2997 3674 3068 ποιήσας
3730 2995 3804 3065 τῇ

2223 3096 2372 3166 ίσχύῖ
2420 3112 2538 3160 σου,
2597 3095 2691 3148 καὶ
2750 3093 3061 3165 στερεώσας
3110 3092 3203 3146 τὸν
3242 3092 3497 3162 οὐρανὸν,
3553 3090 3646 3144 καὶ
3704 3089 3802 3142 τὸν

543 3186 727 3225 rarum
761 3181 976 3227 tuarum
998 3176 1356 3243 benedixisti,
1387 3178 1438 3233 id
1474 3190 1578 3244 est,
1614 3183 1821 3249 omnia,
1854 3185 2112 3252 quoniam

2220 3187 2487 3256 στέφανον
2509 3185 2617 3238 τῶν
2642 3185 2960 3254 κτισμάτων
2992 3201 3086 3238 σου
3116 3184 3442 3255 εὐλογήσας,
3467 3200 3486 3234 ι
3519 3181 3805 3234 τουτέστιν

541 3273 600 3319 ιιι
638 3278 699 3319 es
717 3265 773 3318 in
796 3266 1052 3321 universo
1081 3276 1134 3322 et
1160 3282 1327 3338 super
1354 3269 1690 3338 universum,
1724 3272 1840 3341 ipse
1865 3289 2109 3330 comnm-

537 3371 665 3413 neln
718 3344 907 3428 potum
957 3356 1185 3415 istorum
1248 3375 1532 3417 servorum
1583 3377 1808 3418 suorum
1880 3364 2113 3422 benedic

538 3448 921 3505 benedictione
946 3452 1236 3523 spirituali,
1267 3463 1327 3510 ut
1356 3454 1464 3509 sint
1494 3455 1548 3509 in
1583 3466 1911 3527 perpetuum
1948 3459 2115 3515 bene-

534 3541 665 3598 dicti
697 3562 743 3596 ι.
780 3543 846 3598 Ει
871 3545 998 3599 dum
1035 3562 1197 3601 manu
1233 3562 1329 3602 eos
1375 3549 1573 3621 signat,
1606 3566 1827 3606 causam
1861 3551 2102 3617 iudicat,

535 3649 732 3704 nempe
764 3645 821 3690 ut
843 3638 1194 3693 benedicatur
1215 3627 1418 3695 nomen
1447 3650 1502 3696 et
1525 3641 1861 3713 gloriaretur
1883 3659 2109 3714 regnum

534 3738 739 3781 sanctae
795 3725 1105 3798 Trinitatis,
1129 3731 1386 3800 quoniam
1439 3731 1554 3803 ipsa
1600 3735 1783 3791 omnia
1831 3735 2110 3793 heuedicit

530 3825 590 3873 et
628 3818 959 3875 sanctiﬁcat.

996 4006 1228 4064 CAPUT
1285 4009 1644 4072 CCLXXXII.

530 4113 684 4191 Quod
710 4118 966 4191 connubio
985 4120 1250 4191 fungendi
1276 4123 1400 4191 puri
1427 4141 1537 4180 esse
1567 4126 1753 4181 debent
1788 4140 1837 4184 et
1872 4131 1925 4184 in
1954 4149 2109 4191 sacro

603 4190 837 4244 benedici
867 4190 1059 4261 templo
1087 4190 1138 4245 et
1169 4208 1335 4249 sacra:
1366 4193 1539 4251 Coena:
1576 4197 1694 4266 ﬁeri
1722 4202 2035 4271 participes.

605 4366 803 4423 Statim
874 4367 943 4423 ad
1000 4369 1452 4439 praesanctiiicata
1511 4373 1665 4431 venit
1738 4390 1836 4447 per
1888 4394 2108 4437 sacrum

531 4457 781 4525 calicem,
805 4466 859 4514 et
878 4459 1175 4520 acclamat;
1208 4461 1381 4519 «Ecce
1435 4467 1889 4535 praesanctiiicata
1922 4484 2110 4529 sancta

2222 3282 2438 3335 ἅπαντα
2471 3280 2547 3341 ὡς
2601 3278 2697 3332 καὶ
2756 3279 2813 3331 ὲν
2846 3276 2923 3346 τῷ
2960 3276 3252 3357 παντὶοκαὶ
3293 3275 3434 3346 ὑπὲρ
3461 3273 3522 3329 τὸ
3550 3273 3658 3326 πᾶν
3691 3270 3796 3338 ὢν,

2225 3392 2245 3428 ι
2281 3373 2442 3436 αὐτὸς
2496 3373 2593 3427 καὶ
2647 3370 2708 3424 τὸ
2760 3370 2941 3424 κοινὸν
2996 3369 3259 3441 ποτήριον
3316 3367 3425 3423 τῶν
3457 3365 3660 3421 δούλων
3697 3382 3796 3418 σου

2216 3464 2424 3519 τούτων
2472 3464 2768 3534 εὐλόγησον
2820 3463 3045 3532 εὐλογίᾳ
3094 3462 3467 3532 πνευματικῇ,
3498 3460 3586 3513 ἵνα
3643 3458 3803 3511 εὐλο-

2217 3556 2450 3626 γημένοι
2487 3555 2719 3609 πάντοτε
2748 3547 2874 3608 tim.
2916 3572 2935 3605 ι
2997 3553 3112 3606 Kal
3162 3552 3223 3606 ὲν
3252 3551 3330 3622 τῷ
3378 3550 3704 3621 σφραγίζειν
3730 3551 3800 3620 τῇ

2216 3651 2385 3722 χειρὶ,
2434 3649 2530 3703 καὶ
2585 3649 2686 3717 τὴν
2741 3648 2920 3701 αἰτίαν
2968 3647 3228 3715 ὲκφωνεϊ,
3266 3645 3350 3698 ὃτι
3386 3643 3681 3713 εὐλόγηται
3736 3641 3803 3695 τὸ

2217 3740 2539 3812 δνομα,⁴“’καὶ
2583 3739 2902 3823 δεδόξασται
2934 3739 2967 3808 ή
3026 3735 3277 3808 βασιλεία
3313 3734 3416 3804 τῆς
3440 3734 3601 3802 ἁγίας
3629 3733 3802 3802 Τριά-

2216 3834 2326 3898 δος.
2390 3833 2544 3887 Ἐπεὶ
2590 3833 2685 3886 καὶ
2750 3830 2890 3902 αὕτη
2948 3830 3016 3884 τὰ
3073 3829 3253 3885 πάντα
3310 3827 3525 3896 εὐλογεῖ
3584 3841 3645 3878 τε
3708 3824 3805 3878 καὶ

2215 3924 2432 3981 τελειοτ.

2784 4013 3040 4070 ΚΕΦᾹΔ.
3070 4008 3239 4065 ΣΠΒ’.

2218 4134 2343 4205 Ὅτι
2371 4129 2484 4205 δεῖ
2504 4129 2662 4205 Ῑοὺς
2691 4126 3220 4205 συζευγγιζμένους
3249 4126 3338 4205 εις
3381 4124 3574 4205 γάμον
3617 4127 3802 4205 arma:

2280 4199 2433 4272 ῥοὺς
2472 4195 2648 4265 εἶναι,
2670 4198 2769 4272 καί
2798 4199 2868 4252 ἐν
2888 4195 3042 4272 θιξγίῳ
3084 4196 3470 4267 εὐλογεῖσθαι
3525 4195 3670 4262 ναῷ,
3696 4195 3800 4251 καί

2285 4267 2420 4328 τῶν(
2433 4269 2784 4340 μυστηρίων
2797 4267 3097 4338 μετέχειν.

2289 4381 2471 4446 Εὐθὺς
2514 4380 2573 4436 δὲ
2617 4379 2731 4435 τῶν
2785 4378 3256 4452 προηγιασμὲνων
3312 4378 3547 4434 ἅπτεται
3583 4376 3674 4433 διὰ
3702 4379 3801 4432 τοῦ

2218 4472 2369 4545 ἱεροῦ
2426 4471 2713 4544 ποτηρίου,
2766 4471 2861 4525 καὶ
2888 4473 3144 4541 ὲκφωνεῖ,
3197 4471 3311 4525 «Τὰ
3372 4471 3801 4542 προηγιασμένα

532 4548 757 4603 sanctis.
796 4566 817 4603 ι
853 4548 918 4603 Et
967 4551 1220 4611 omnibus
1276 4553 1669 4615 clamantibus:
1703 4575 1724 4610 ι
1767 4558 1922 4617 Unus
1973 4561 2113 4617 San-

2221 4567 2354 4635 ἆγια
2418 4567 2533 4630 τοῖς
2562 4565 2758 4636 ἁγίοις.
2786 4562 2899 4618 Kal
2934 4563 3155 4618 πάντων
3187 4561 3507 4618 ἒκὸοὼντων
3537 4562 3619 4629 τὸ,
3649 4583 3668 4616 ι
3700 4557 3798 4627 Εἷς

532 4649 680 4707 ctus,
710 4654 851 4697 unus
883 4639 1162 4709 Dominus,
1199 4661 1218 4696 ι
1244 4645 1498 4715 quoniam
1515 4647 1664 4719 ;ipse
1695 4651 1845 4707 solus
1868 4662 1953 4709 est
1985 4668 2115 4710 san-

533 4732 813 4801 ciificatio,
838 4749 1234 4806 servorumque
1285 4751 1507 4793 suorum
1563 4754 1665 4810 pax
1721 4750 1776 4796 et
1807 4743 2111 4814 vinculum,

532 4824 706 4881 sacris
737 4826 913 4897 epulis
932 4826 1154 4882 adhibet
1182 4836 1436 4883 reoenter
1476 4828 1864 4900 desponsatos,
1893 4835 1940 4890 si
2009 4851 2112 4906 pa-

536 4922 636 4977 rati
669 4922 798 4977 sint.
857 4920 1014 4978 Unde
1040 4930 1256 4992 oportet
1286 4937 1383 4978 eos
1404 4936 1528 4978 esse
1557 4932 1798 4993 paratos,
1836 4936 1897 4982 ut
1924 4944 2114 4986 sancte

537 5022 897 5078 coronentur,
948 5021 1247 5083 sancteque
1309 5012 1736 5083 coniungantur,
1798 5031 1923 5072 nam
1984 5019 2108 5077 fluis

533 5104 713 5160 omnis
742 5105 1096 5172 sacramenti,
1126 5104 1406 5174 divinique
1438 5108 1620 5160 omnis
1647 5108 1895 5178 mysterii
1952 5110 2108 5181 sigil-

532 5199 645 5254 lum
685 5215 844 5257 sacra
873 5199 1214 5257 communio.
1248 5200 1315 5253 Et
1369 5202 1506 5254 bene
1558 5200 1685 5257 fecit
1732 5204 1971 5262 Ecclesia
2030 5206 2113 5264 di—

534 5290 660 5346 vina
677 5291 819 5346 dona
851 5288 1232 5360 praeparando,
1291 5288 1348 5343 in
1385 5290 1825 5361 prepitiationem
1866 5309 1922 5353 et
1943 5300 2112 5355 bene-

534 5384 830 5439 dictionem
863 5382 1182 5453 coniugum,
1204 5384 1330 5453 quia
1360 5385 1477 5456 ipse
1507 5390 1859 5446 matrimonio
1882 5380 2112 5461 praefuit

534 5475 628 5545 qui
656 5474 797 5529 dona
832 5474 1053 5528 deditct
1087 5482 1189 5539 est,
1232 5483 1287 5529 et
1323 5477 1375 5532 in
1405 5478 1685 5548 paciﬁcam
1720 5496 1909 5536 eorum
1975 5485 2112 5539 adu-

532 5567 810 5622 nationem
841 5572 1003 5633 atque
1026 5568 1395 5637 concordiam,
1458 5572 1686 5640 proinde
1748 5574 1950 5646 dignos
1990 5590 2112 5635 esse

535 5657 929 5714 communione
962 5669 1184 5729 oportet
1232 5663 1326 5730 qui
1390 5662 1444 5718 in
1504 5667 2112 5742 tuatrimoniumcopu-

534 5752 738 5811 lantur,
766 5763 819 5805 ct
855 5750 909 5806 in
943 5751 1143 5822 templo
1167 5753 1260 5810 Dei
1292 5756 1345 5810 in
1360 5765 1443 5812 tcr
1482 5771 1542 5812 se
1597 5759 1827 5822 nubere,
1861 5760 1916 5814 iu
1947 5761 2135 5818 domo.

538 5839 655 5900 Dei.
717 5840 809 5897 Dci
850 5844 987 5903 ﬁlios
1020 5854 1204 5913 utpote
1228 5847 1280 5903 iu
1313 5860 1605 5919 conspectu
1670 5851 1837 5916 illius,
1894 5854 1981 5907 ubi
2017 5870 2112 5919 per

2215 4660 2428 4730 Ἄγιος,
2463 4652 2545 4723 εἷς
2588 4657 2817 4728 Κύριος,
2849 4675 2868 4709 ι
2897 4658 2979 4710 ὅτι
3012 4648 3167 4719 οὗτος
3194 4657 3245 4710 ·ό
3294 4656 3571 4727 ἁγιασμὸς
3606 4656 3792 4726 μόνος,

2214 4751 2309 4805 καὶ
2356 4750 2466 4805 τῶν
2502 4749 2926 4818 συναπτομένων
2979 4745 3183 4800 δούλων
3220 4747 3391 4801 αὐτοῦ
3442 4750 3638 4819 εἰρήνη
3700 4751 3800 4803 καὶ

2212 4842 2443 4907 ἓνωσις,
2503 4842 2754 4895 κοινωνεῖ
2806 4839 2934 4903 τοὺς
2995 4840 3365 4910 νεονύμφους,
3419 4842 3539 4910 εῐγε
3594 4842 3799 4907 ἱκανῶς

2214 4934 2420 5005 ἔχουσι.
2452 4933 2566 4988 Kal
2619 4932 2702 4986 δεῖ
2753 4930 2978 4995 τούτους
3030 4930 3268 5002 ἑτοίμως
3330 4933 3498 5004 ἔχειν,
3551 4934 3643 4987 ἴνα
3699 4935 3799 4989 καὶ

2213 5028 2381 5093 ἀξίως
2427 5024 2835 5093 στεφανωθῶσι,
2874 5027 2970 5079 καὶ
3018 5026 3199 5091 καλῶς
3241 5026 3601 5097 συζευχθῶσι.
3629 5027 3799 5090 Τέλος

2212 5121 2324 5191 γὰρ
2373 5120 2557 5189 πάσης
2609 5118 2833 5189 τελετῆς
2890 5118 2987 5172 καὶ
3037 5119 3184 5174 θείου
3227 5120 3534 5191 μυστηρίου
3589 5122 3797 5185 παντὸς

2214 5211 2455 5282 σφραγὶς
2504 5211 2536 5280 ὴ
2571 5210 2692 5279 ἱερὰ
2737 5211 3020 5266 κοινωνία.
3053 5212 3166 5267 Kal
3194 5211 3374 5276 καλῶς
3416 5213 3450 5282 ή
3493 5211 3795 5280 Ἐκκλησία

2213 5303 2468 5368 ποιοῦσα,
2499 5301 2891 5372 προετοιμάζει
2921 5302 2991 5356 τὰ
3015 5303 3134 5355 θεῖα
3163 5302 3336 5371 δῶρα,
3369 5304 3451 5366 είς
3496 5302 3793 5372 ὲξιλασμδν

2187 5386 2322 5450 ⁸τῶν
2355 5395 2778 5466 συναπτομένων
2831 5394 2926 5447 καὶ
2954 5394 3235 5462 εὐλογίανο
3270 5397 3392 5449 ἐπεὶ
3423 5396 3583 5458 αὐτὸς
3631 5395 3690 5447 ὲν
3715 5395 3796 5465 τῷ

2212 5485 2379 5558 γάμῳ
2421 5481 2492 5556 ἦν
2545 5482 2946 5554 παραγεγονὼς
2998 5484 3026 5536 6
3080 5484 3205 5549 δοὺς
3243 5486 3316 5538 τὰ
3367 5485 3518 5557 δῶρα
3560 5485 3657 5539 καὶ
3692 5482 3794 5551 ὢν,
3820 5536 3837 5546 ,

2212 5578 2307 5634 καὶ
2362 5580 2444 5639 εἰς
2503 5576 2699 5629 ἕνωσιν
2751 5575 2936 5628 αὐτῶν
2998 5575 3285 5649 εἰρηνικήν
3341 5578 3436 5631 καὶ
3495 5577 3791 5647 ὁμόνοιανυ

2212 5670 2338 5725 ὅθεν
2387 5668 2571 5736 ἀξίους
2618 5667 2699 5720 δεῖ
2757 5662 2899 5721 εἶναι
2969 5667 3068 5739 τῆς
3122 5669 3413 5731 κοινωνίας
3467 5671 3597 5733 τοὺς
3626 5670 3795 5738 γάμῳ

2215 5761 2708 5830 συζευγνυμένους,
2744 5759 2839 5812 καὶ
2884 5760 2944 5813 ὲν
2971 5761 3083 5831 ναῷ
3116 5761 3257 5832 ἁγίῳ
3285 5764 3678 5831 συνάπτεσθαι,
3712 5763 3794 5834 τῷ

2215 5856 2349 5922 οίκῳ
2405 5854 2498 5908 τοῦ
2557 5850 2719 5919 θεοῦ,
2770 5852 2838 5907 τὰ
2874 5853 3039 5908 τέκνα
3084 5855 3179 5910 τοῦ
3232 5854 3392 5921 Θεοῦ,
3422 5856 3499 5920 ὡς
3553 5854 3794 5909 ἐνώπιον
