4046 6418
298 303 404 370 513

1612 300 1709 361 DE
1746 295 2280 360 MATRIMONIO.

3476 291 3579 354 5H

293 417 495 472 αὐτοῦ’
525 417 661 471 ὅπου
717 417 812 471 καὶ
849 416 938 472 διὰ
985 417 1094 471 τῶν
1131 418 1323 488 δώρων
1363 415 1527 482 αὐτδλς
1561 415 1868 490 ἱερουργού-

1989 413 2194 468 donum
2227 413 2341 480 ipse
2381 409 2436 464 in
2461 408 2791 466 sacriﬁcium
2825 406 3076 470 oll‘ertur.
3117 417 3174 462 et
3232 407 3577 477 producitur.

299 511 458 581 μενός
521 513 676 574 ἐστι,
746 512 842 572 καὶ
900 511 1237 579 προτίθεται,
1296 513 1393 564 καὶ
1453 513 1620 582 μέσος
1683 513 1882 583 ὁρᾶται

292 601 472 671 ήμῶν.
497 597 627 654 Εἶτα
657 600 751 654 καὶ
771 601 880 654 ἀπὺ
899 601 995 654 τοῦ
1029 601 1210 656 κοινοῦ
1233 602 1418 656 δίδωσι
1455 603 1738 674 ποτηρίου.
1774 603 1882 656 Καὶ

293 695 375 757 τὸ,
415 712 433 745 ι
477 692 742 763 [Ιοτήριον
766 691 1033 762 σωτηρίου
1057 691 1351 764 λήψομαι,ι
1389 693 1672 764 ψάλλεται.
1711 694 1882 748 Τοῦτο

292 787 350 840 δὲ
383 786 471 839 διὰ
529 786 599 840 τὰ
635 787 880 853 πανάγια
931 785 1107 856 δῶρα,
1139 785 1235 840 καὶ
1290 788 1371 849 είς
1425 789 1654 856 σημεῖον
1690 789 1790 859 τῆς
1823 788 1882 840 ἐν

293 880 608 952 εὐφροσύνῃ
639 879 747 933 ἀπὸ
776 880 869 932 τοῦ
907 879 1046 933 Θεοῦ
1085 879 1338 945 ὲνὼσεως
1363 897 1376 910 ·
1413 883 1508 934 κοιλ⁵
1532 882 1616 936 ὅτι
1646 882 1756 936 ἀπὸ
1782 885 1882 954 τῆς

294 974 520 1041 εἰρήνης
571 972 666 1024 καὶ
719 973 973 1040 ὁμονοίας
1022 971 1176 1027 ἔσται
1237 973 1425 1038 αὐτοῖς
1459 975 1500 1044 ἡ
1541 963 1878 1044 εὐφροσύνη.

293 1065 420 1127 Τοῖς
455 1066 530 1134 μὴ
567 1066 775 1127 ἱκανοῖς
827 1065 883 1118 δὲ
931 1065 1033 1134 τῆς
1090 1067 1403 1132 κοινωνίας,
1436 1062 1550 1120 οἷον
1597 1066 1877 1138 διγάμοις,

295 1159 386 1212 καὶ
416 1157 643 1228 ὁμοίοις,
674 1157 735 1211 οὐ
768 1157 835 1210 τὰ
863 1157 984 1210 θεῖα
1009 1158 1212 1211 δίδοται
1237 1159 1410 1230 δῶρα,
1443 1159 1580 1214 ἀλλὰ
1605 1163 1669 1214 τὸ
1699 1161 1882 1215 κοινὸν

292 1251 555 1320 ποτήριον
588 1250 747 1320 μόνον
776 1252 856 1312 είς
891 1251 1116 1319 μερικδν
1152 1251 1427 1321 ἁγιασμδν
1461 1251 1557 1304 καὶ
1587 1252 1879 1306 κοινωνίαν

291 1344 504 1412 ἀγαθήν
535 1360 594 1396 τε
647 1343 742 1396 καὶ
795 1343 987 1397 ἕνωσιν
1043 1343 1101 1396 ἐν
1139 1344 1365 1415 εὐλογίᾳ
1414 1345 1577 1400 Θεοῦ.
1610 1341 1743 1398 Εἶτα
1779 1345 1874 1399 καὶ

291 1437 548 1499 ὲκτενοῦς
601 1437 840 1505 δεήσεως
885 1435 1205 1506 γινομένης,
1241 1437 1336 1490 καὶ
1377 1439 1881 1508 μνημονευομένων

289 1528 426 1600 ὁμοῦ
461 1529 570 1582 τῶν
622 1529 1050 1597 συζευχθέντων,
1083 1529 1158 1592 ὡς
1212 1529 1316 1600 ήδη
1369 1531 1761 1598 γεγενημένων
1793 1529 1877 1598 ἓν,

289 1621 388 1673 καὶ
444 1619 540 1673 τοῦ
602 1619 1012 1690 ἀναδεξαμένου
1070 1621 1146 1684 ὡς
1199 1620 1471 1691 συνεργοῦ
1534 1622 1630 1674 τοῦ
1683 1623 1878 1693 ἔργου,

297 1733 318 1767 ι
355 1715 482 1768 ’Ότι
535 1714 810 1784 ἐλεήμων,
843 1731 862 1766 ι
898 1715 1152 1783 ὲκφωνεῖ,
1179 1715 1274 1767 τὸν
1308 1714 1450 1768 θεῖον
1483 1714 1636 1768 ἔλεον
1689 1715 1877 1776 αὐτοις

295 1805 658 1875 ἐπευχόμενος
688 1820 703 1835 ·
763 1807 857 1858 καὶ
908 1805 988 1859 ὅτι
1045 1806 1156 1859 ἀπὸ
1205 1807 1300 1860 τοῦ
1349 1807 1534 1872 ἐλέους
1583 1806 1680 1861 τοῦ
1735 1806 1873 1862 Θεοῦ

293 1898 482 1953 ταῦτα.
529 1893 663 1952 Εἶτα
715 1899 809 1951 καὶ
865 1898 1056 1969 ὥσπερ
1114 1898 1316 1961 αὐτοὺς
1373 1899 1632 1970 κατηχῶν
1675 1916 1734 1953 τε
1783 1899 1880 1954 καὶ

291 1989 576 2054 νουθετῶν,
609 1989 706 2043 καὶ
732 1991 834 2060 τὴν
860 1989 1086 2059 εἰρήνην
1114 1990 1505 2061 ἐπευχόμενος,
1531 1989 1876 2045 ἀποστολικὰ

289 2082 575 2150 ἐπιφέρει,
628 2081 824 2151 λέγων,
895 2080 1206 2150 Ἀδελφοί,
1261 2082 1501 2152 χαίρετε
1553 2081 1625 2135 ἐν
1679 2084 1879 2151 Κυρίῳ

286 2173 568 2238 πάντοτε,
602 2192 620 2227 ι
655 2176 750 2228 καὶ
801 2173 870 2228 τά
905 2174 1068 2245 ἐξῆςο
1096 2175 1191 2228 καὶ
1221 2175 1365 2243 τδ,ι‹
1413 2175 1472 2229 '0
1509 2176 1640 2239 Θεὸς
1671 2177 1768 2246 τῆς
1799 2179 1876 2230 ei-

289 2267 462 2336 ρήνης
490 2266 646 2320 ἔσται
674 2265 800 2336 μεθ’
821 2266 978 2336 ὐμῶν
1006 2266 1262 2322 πάντοτε.
1293 2285 1312 2319 ι
1337 2268 1448 2321 Καὶ
1468 2269 1633 2328 εὐθὺς
1661 2267 1875 2340 λαμϐά-

286 2377 396 2414 νων
443 2360 644 2424 αὐτούς
689 2361 754 2414 ἐκ
807 2359 917 2412 τῶν
949 2358 1176 2430 χειρῶν,
1203 2359 1278 2424 ὡς
1307 2360 1447 2430 πρὸς
1477 2361 1541 2414 τὸ
1574 2361 1874 2435 θυσιαστή-

293 2471 408 2524 ριον
454 2454 600 2520 ἄγει,
630 2453 724 2508 καὶ
757 2453 980 2524 χορείαν
1030 2453 1377 2524 ποιούμενος,
1416 2456 1532 2528 ᾄδει
1593 2457 1735 2528 μετὰ
1764 2458 1874 2514 τῶν

290 2541 623 2612 ψαλλόντων,
657 2545 715 2596 ὲν
760 2543 986 2615 Χριστῷ
1018 2545 1474 2615 εὐφραινόμενος,
1510 2548 1595 2614 τὸ,
1633 2567 1652 2600 ι
1681 2547 1871 2619 Ἀγιοι

291 2636 571 2708 μάρτυρες
625 2655 645 2690 ι
676 2639 748 2697 ὡς
777 2637 873 2690 ἐπὶ
900 2637 1206 2708 χειροτονίᾳ
1229 2652 1242 2668 ³
1273 2639 1473 2704 καὶτὸ,
1509 2658 1529 2692 ι
1565 2638 1701 2706 Δόξα
1763 2658 1867 2708 σοι,

288 2729 444 2800 φησὶ,
472 2729 675 2798 Χριστὲ
715 2729 923 2795 ὁ-Θελις,
958 2728 1274 2782 ἀποστόλων
1325 2729 1608 2802 καύχημα.
1663 2751 1682 2786 ι
1738 2734 1870 2787 Κοι-

285 2822 448 2880 νωνοὶ
468 2823 578 2892 γὰρ
606 2820 848 2892 Χριστοῦ
877 2824 974 2876 καὶ
997 2821 1108 2876 τῶν
1132 2822 1308 2890 ἁγίων
1335 2823 1505 2878 αὐτοῦ
1544 2826 1594 2878 oi
1620 2825 1867 2893 εὐσεϐῶς

285 2918 382 2971 καὶ
441 2914 734 2986 σωφρόνως
762 2913 1052 2984 ζήσαντες,
1085 2915 1180 2968 καὶ
1235 2915 1319 2968 ὅτι
1368 2916 1428 2968 οὐ
1472 2916 1641 2986 σαρκὶ
1683 2918 1870 2989 μόνον,

284 3008 422 3064 ἀλλὰ
471 3008 616 3078 ψυχῇ
669 3005 872 3076 μᾶλλον
927 3008 1034 3078 χρὴ
1096 3007 1493 3076 συνάπτεσθαι,
1534 3011 1623 3064 διά
1666 3029 1728 3065 τε
1775 3014 1873 3084 τῆς

284 3101 452 3170 ὀρθῆς
482 3102 640 3170 ἡμῶν
673 3100 934 3167 πίστεως,
967 3102 1061 3153 καὶ
1096 3100 1203 3154 τῶν
1233 3102 1330 3170 τῆς
1364 3103 1655 3167 εὐσεϐείας
1689 3107 1872 3174 θεοφι-

286 3195 398 3248 λῶν
450 3194 651 3264 ἔργων,
680 3195 768 3247 ἵνα
826 3194 924 3248 καὶ
977 3192 1184 3264 ἀληθὴς
1290 3195 1545 3264 συζυγία,
1572 3198 1667 3251 καὶ
1697 3198 1873 3269 γάμος

271 3287 576 3356 ἀμίαντος,
606 3287 700 3339 καὶ
730 3287 980 3340 κοινωνοὶ
1007 3279 1112 3340 ὧςι
1158 3287 1398 3356 Χριστοῦ
1432 3288 1524 3342 καὶ
1554 3289 1663 3342 τῶν
1701 3293 1876 3360 ἁγίων

283 3379 477 3444 αὐτοῦ,
535 3379 628 3431 καὶ
678 3377 880 3447 μᾶλλον
942 3377 1054 3430 τῶν
1103 3378 1201 3448 τῆς
1267 3380 1471 3450 σαρκὸς
1513 3399 1869 3455 καταφροκιη-

283 3473 498 3527 σάντων
535 3471 665 3541 ἄχρι
697 3471 792 3524 καὶ
854 3471 1179 3539 μαρτυρίου.
1213 3470 1320 3525 Καὶ
1349 3470 1520 3534 οὕτως
1549 3474 1719 3546 εὐχήν
1775 3477 1872 3530 ἐπὶ

281 3560 352 3629 τῇ
379 3558 529 3612 λύσει
577 3558 686 3611 τῶν
731 3558 1016 3621 στεφάνων
1047 3560 1246 3628 ἐπάγει
1279 3576 1294 3591 ο
1332 3561 1419 3614 ἴνα
1445 3563 1474 3615 ό
1510 3562 1635 3627 δοὺς
1686 3566 1872 3630 αὐτοῖς

281 3651 409 3714 τούς
466 3650 764 3715 στεφάνους
792 3651 874 3714 εις
913 3652 1143 3722 σημεῖον
1205 3652 1301 3723 τῆς
1355 3654 1738 3726 σωφροσύνης,
1769 3657 1867 3712 καὶ

285 3742 378 3796 τὸν
407 3743 535 3813 ἄχρι
564 3743 660 3796 τοῦ
709 3745 890 3813 γάμου
939 3745 1120 3797 αὐτῶν
1167 3747 1266 3813 τῆς
1296 3746 1522 3813 ἁγνείας
1558 3748 1652 3802 καὶ
1687 3749 1862 3806 καθα-

291 3837 510 3908 ρότητος
535 3837 751 3908 μισθὸν,
794 3839 877 3890 ὅτι
913 3837 1068 3906 ἁγνοὶ
1100 3839 1236 3907 πρδς
1270 3840 1450 3910 γάμον
1481 3842 1863 3913 συνήφθησαν,

283 3930 446 3995 αὐτὸς
473 3931 568 3985 καλ
593 3931 694 4002 τὴν
724 3930 880 3986 λύσιν
909 3933 1020 3986 τῶν
1049 3933 1336 4002 στεφάνων
1367 3935 1529 4006 199
1561 3937 1862 4012 εὐλογήσῃ.

282 4022 378 4077 καὶ
407 4024 776 4078 ἀδιάσπαστον
803 4024 974 4095 αὐτὴν
999 4025 1218 4096 τηρήσῃ
1237 4025 1338 4097 τὴν
1360 4027 1625 4097 συζυγίαν
1653 4032 1746 4085 καὶ
1768 4030 1867 4101 τὴν

281 4113 611 4184 συνάφειαν,
677 4114 764 4170 ἵνα
824 4115 1136 4188 συμφώνως
1195 4119 1498 4188 εὐλογῶσιν
1570 4122 1738 4176 αὐτοῦ
1796 4126 1858 4177 τ’)

279 4207 450 4277 ὅνομα
510 4208 607 4262 τοῦ
659 4209 894 4278 Πατρδς,
929 4211 1028 4263 καὶ
1075 4209 1169 4264 τοῦ
1206 4211 1362 4278 Υἱοῦ,
1414 4215 1509 4268 καὶ
1559 4213 1655 4269 τοῦ
1705 4216 1863 4284 ἁγίου

281 4301 622 4370 Πνεύματος,
662 4302 921 4356 πάντοτε.
963 4303 1117 4356 Ἐπεὶ
1149 4305 1245 4357 καὶ
1275 4304 1429 4369 οὗτός
1457 4308 1605 4360 ἐστιν
1631 4309 1659 4362 ὁ
1687 4309 1865 4364 πάντα

278 4393 416 4462 πρδς
449 4395 512 4447 τὸ
561 4396 842 4464 συμφέρον
890 4396 1115 4464 ἁγαθῶς
1157 4398 1546 4468 ἐξοικονομῶν.
1579 4396 1714 4454 Εἶτα
1770 4401 1863 4455 τὸν

1986 512 2042 558 et
2064 503 2117 556 in
2147 500 2328 556 medio
2349 509 2593 555 nostrum
2616 499 2976 568 conspicitur.
3001 498 3194 553 Postea
3221 497 3392 552 dates
3428 513 3580 554 com-

1988 591 2142 646 muni
2176 591 2364 652 calice,
2395 597 2451 646 et
2473 597 2759 646 cantatur:
2819 605 2838 638 ι
2875 586 3116 642 Caiicem
3159 585 3417 640 salutaris
3477 599 3572 639 ac-

1985 684 2207 754 cipiam.
2248 701 2268 735 ι
2305 683 2452 736 Dona
2499 695 2629 736 vero
2687 677 3030 734 sanctissima
3065 678 3201 730 liunt
3256 678 3310 731 in
3360 676 3572 748 signant

1988 775 2210 831 unionis
2239 790 2269 828 a
2298 773 2408 829 Deo
2450 773 2504 826 in
2533 771 2728 842 gaudio
2763 771 2931 836 initae,
2973 779 3028 825 et
3062 769 3324 842 quoniam
3351 783 3381 823 a
3429 782 3564 838 pare

1985 877 2038 921 et
2068 865 2362 920 concordia
2387 862 2598 918 eriteis
2660 862 2867 916 laetitia.
2924 860 3036 915 Illis
3089 869 3269 914 autem
3351 861 3441 927 qui
3502 857 3570 912 ad

1985 960 2429 1014 communionem
2463 971 2570 1010 non
2602 963 2731 1010 sunt
2767 954 3092 1025 comparati,
3154 951 3560 1022 velut'bigatnis

1985 1061 2039 1105 et
2065 1051 2358 1113 similibus,
2392 1049 2579 1103 divina
2607 1063 2712 1101 non
2758 1047 2960 1100 dantur
3015 1044 3300 1115 mysteria,
3336 1042 3449 1106 {sed
3481 1056 3568 1094 so-

1985 1139 2266 1192 lummodo
2291 1135 2436 1191 calix
2463 1134 2776 1189 communis
2806 1135 2874 1188 ad
2935 1131 3327 1202 aliquantulam
3369 1129 3572 1184 sancti-

1989 1230 2318 1294 ﬁcatiouem,
2374 1229 2439 1283 ad
2469 1229 2666 1283 bonam
2691 1225 3145 1281 communitatem
3203 1233 3258 1277 et
3304 1221 3568 1277 unionem

1985 1323 2038 1377 in
2072 1321 2462 1378 benedictione
2489 1319 2611 1375 Dei.
2644 1318 2849 1373 Deinde
2876 1318 3035 1388 longa
3067 1316 3314 1370 oratione
3344 1315 3481 1369 farta
3519 1314 3570 1366 in

1983 1427 2088 1482 qna
2115 1412 2276 1466 simul
2320 1412 2386 1466 de
2421 1411 2750 1481 cnnjugibus
2779 1407 3374 1476 recordaturtanquam
3401 1421 3571 1458 unum

1977 1503 2091 1574 jam
2155 1501 2332 1567 factis,
2393 1484 2931 1571 cumque‘counetat
2973 1498 3069 1567 qui
3126 1513 3264 1567 Opus
3329 1496 3564 1565 adjuvit.

1983 1597 2240 1666 quoniam
2267 1639 2281 1663 ,
2316 1595 2512 1666 inquit,
2559 1594 2875 1650 misericors
2911 1601 3014 1660 est,
3045 1592 3284 1646 divinam
3339 1589 3419 1644 eis
3477 1605 3570 1658 po.

1985 1690 2157 1745 stulat
2216 1688 2672 1751 misericordiam,
2743 1694 2798 1741 et
2858 1683 3144 1741 denuntiat
3196 1682 3312 1736 haec
3362 1696 3484 1736 csse
3537 1696 3569 1734 a

1909 1787 1948 1841 Β
1979 1783 2164 1837 divina
2193 1779 2596 1836 misericordia.
2646 1778 2842 1834 Postea
2895 1777 3054 1847 quasi
3112 1791 3209 1831 eos
3239 1775 3484 1830 edocens
3511 1781 3571 1828 et

1985 1875 2287 1940 instruens,
2319 1882 2502 1943 optata
2563 1887 2729 1944 pace,
2795 1869 3095 1942 apostolica
3159 1867 3330 1924 refert
3380 1869 3568 1933 verba,

1985 1968 2174 2023 dicens
2209 1984 2224 2022 :
2264 1985 2282 2019 ι
2323 1965 2569 2028 Fratres,
2591 1963 2821 2036 gaudete
2857 1962 2913 2018 in
2939 1962 3171 2018 Domino
3198 1975 3437 2031 semper,
3473 1977 3492 2010 ι
3515 1965 3570 2014 et

1984 2062 2216 2132 reliqua,
2250 2075 2316 2116 ac
2341 2059 2508 2116 illud:
2546 2078 2566 2112 ι
2608 2059 2753 2116 Deus
2779 2058 2925 2128 pacis
2957 2057 3063 2112 erit
3092 2055 3376 2110 vobiscum
3415 2067 3561 2107 sem-

1985 2171 2104 2228 per,
2130 2173 2149 2207 ι
2187 2155 2418 2221 illosque
2458 2168 2624 2208 manu
2649 2149 3088 2223 apprehendens,
3117 2149 3266 2204 velut
3304 2146 3368 2201 ad
3388 2145 3564 2200 altare

1983 2247 2152 2311 dncit,
2182 2253 2239 2301 et
2269 2244 2409 2302 facta
2438 2244 2664 2310 chorea,
2695 2250 2880 2297 cantat
2903 2255 3030 2295 cum
3096 2237 3474 2295 cantatoribns
3505 2236 3562 2291 in

1981 2337 2200 2394 Christo
2225 2337 2469 2392 lzetatus:
2511 2353 2530 2388 ι
2569 2334 2756 2390 Sancti
2789 2343 3058 2404 martyres
3121 2350 3169 2400 ι,
3201 2341 3462 2400 tanquam
3507 2327 3565 2383 in

1981 2430 2348 2494 ordinatione,
2397 2439 2454 2484 et
2492 2427 2662 2483 illud:
2725 2443 2744 2480 ι
2779 2426 2964 2483 Gloria
3024 2427 3142 2494 tibi,
3203 2425 3299 2488 ait,
3343 2423 3563 2480 Christe

1979 2523 2146 2589 Deus,
2177 2522 2544 2594 apostolorum
2572 2520 2762 2588 decus,
2788 2539 2808 2574 ι
2844 2535 2970 2574 naut
3014 2519 3145 2575 socii
3193 2519 3328 2571 ﬁunt
3357 2515 3564 2572 Christi

1978 2627 2032 2674 et
2063 2626 2375 2672 sanctorum
2429 2617 2550 2686 ejus
2607 2615 2700 2687 qui
2739 2615 2830 2685 pie
2859 2625 2914 2670 et
2971 2614 3197 2685 pacitice
3223 2613 3438 2679 vivunt,
3506 2618 3564 2666 et

1978 2710 2236 2782 quoniam
2291 2725 2400 2765 non
2420 2725 2583 2766 carne
2646 2717 2858 2765 tantum
2891 2707 2984 2763 sed
3044 2705 3228 2778 potius
3255 2705 3436 2760 anima
3469 2719 3563 2758 cn-

1979 2803 2151 2874 pulari
2207 2812 2423 2874 Oportet
2463 2817 2561 2874 per
2614 2811 2818 2858 rectam
2849 2800 3008 2855 (idem
3037 2809 3280 2856 nostram
3307 2810 3362 2857 et
3397 2812 3562 2870 opera

1979 2897 2198 2967 pietatis
2226 2897 2334 2952 Deo
2365 2879 2726 2966 beaeplacit‘a,
2762 2905 2822 2950 ut
2847 2909 3037 2950 verum
3094 2898 3166 2950 sit
3217 2895 3563 2967 conjugium,

1979 2999 2036 3046 et
2110 2989 2445 3045 connubium
2509 2988 2874 3059 impollutam,
2951 2997 3009 3043 et
3072 2988 3277 3043 Christi
3331 2988 3562 3059 ejusque

1981 3095 2295 3138 sanetorum
2329 3083 2440 3136 sint
2478 3069 2638 3150 socii,
2662 3081 2937 3152 praecipue
2969 3097 3187 3137 carnem
3215 3085 3562 3152 aspernando

1981 3193 2156 3248 usque
2182 3177 2249 3232 ad
2285 3176 2629 3248 martyrium,
2683 3185 2739 3232 et
2769 3176 2846 3231 sic
2863 3177 3166 3232 orationem
3212 3177 3266 3232 in
3289 3179 3560 3234 solutione

1978 3287 2306 3327 coronarum
2341 3271 2638 3340 protrahit,
2664 3281 2726 3325 ut
2761 3271 2855 3342 qui
2889 3271 3041 3326 dedit
3101 3274 3183 3326 eis
3218 3287 3452 3328 coronas
3501 3272 3557 3326 in

1977 3363 2191 3436 signum
2221 3364 2582 3429 castimonia),
2618 3375 2672 3418 et
2703 3363 2758 3417 in
2790 3363 3095 3419 mercedem
3127 3380 3316 3420 eorum
3347 3363 3560 3436 purita-

1978 3464 2051 3516 tis
2079 3473 2143 3514 ac
2163 3459 2446 3513 munditiae
2465 3472 2641 3528 usque
2696 3457 2762 3512 ad
2794 3456 3207 3513 matrimonium
3241 3467 3558 3526 asscrvatm,

1975 3552 2231 3624 quoniam
2301 3551 2422 3622 puri
2478 3551 2534 3604 in
2577 3550 2988 3605 matrimonium
3069 3552 3354 3621 conjuncti
3399 3564 3550 3622 sunt,

1973 3645 2094 3716 ipse
2142 3643 2306 3698 etiam
2360 3656 2686 3697 coronarum
2740 3643 3069 3697 solutionem
3121 3644 3432 3714 benedicat,
3484 3657 3543 3703 et

1975 3735 2360 3792 indissolubile
2404 3737 2677 3791 cnsmdiat
2703 3751 2894 3791 eorum
2930 3736 3246 3808 conjugium
3283 3753 3346 3794 ac
3373 3739 3554 3796 socie-

1970 3835 2158 3895 tatem,
2196 3837 2255 3884 ιιι
2285 3843 2394 3884 una
2425 3844 2556 3884 voce
2585 3828 2790 3899 jugiter
2817 3830 3146 3886 benedicant
3169 3831 3289 3900 ejus
3323 3848 3548 3901 nomen,

1969 3921 2245 3991 Patris,et
2275 3921 2418 3991 Filii,
2445 3931 2500 3978 et
2525 3924 2698 3978 sancti
2735 3923 2992 3992 Spiritus,
3019 3940 3186 3994 quum
3218 3927 3334 3997 ipse
3361 3927 3433 3982 sit
3459 3927 3553 3996 qui

1969 4015 2244 4082 omniain
2304 4016 2506 4070 bonum
2563 4016 2864 4087 dispenSat.
2938 4017 3203 4087 Deinceps
3257 4029 3547 4090 postquam

1968 4110 2244 4167 Christum
2273 4109 2613 4164 invocaverit
2645 4121 2701 4163 ut
2735 4111 2908 4180 gratia
2945 4111 3136 4167 Matris
3153 4123 3206 4168 et
3231 4125 3546 4170 sanctorum

1967 4201 2089 4270 ejus
2145 4200 2580 4255 misericordiam
2642 4201 2900 4257 omnibus
2965 4203 3132 4258 donet
3183 4217 3238 4260 et
3291 4207 3548 4266 salutem,

1966 4307 2060 4347 cos
2094 4292 2339 4358 dimittit,
2392 4301 2448 4346 et
2502 4291 2780 4348 benedicti
2848 4294 2917 4349 ab
2948 4310 3016 4350 eo
3068 4299 3548 4369 turpet-conjugnti

1965 4385 2188 4440 domum
2223 4399 2346 4439 cmu
2398 4383 2598 4455 gaudio
2629 4395 2884 4455 pergunt.
2918 4386 3022 4443 Ista
3063 4389 3284 4458 quidem
3335 4391 3402 4446 de
3433 4408 3551 4447 ma.

276 4487 512 4556 Χριστὸν
540 4489 1035 4558 ἐπικαλεσάμενος,
1067 4491 1157 4545 διὰ
1179 4492 1278 4561 τῆς
1309 4493 1535 4562 Μητρὸς
1567 4493 1735 4548 αὐτοῦ
1760 4495 1860 4548 καὶ

1973 4475 2369 4544 trimonio,[nec
2386 4483 2601 4545 oportet
2628 4477 2781 4545 plura
2804 4477 3006 4536 dicere.
3025 4480 3157 4558 Nam
3183 4484 3284 4538 etsi
3300 4470 3546 4552 quaedam

277 4579 386 4632 τῶν
427 4580 600 4648 ἁγίων
625 4579 793 4633 αὐτοῦ
831 4578 984 4633 ἔλεον
1031 4581 1167 4634 πᾶσι
1203 4581 1388 4635 δοῦναι
1415 4585 1511 4637 καὶ
1552 4585 1860 4656 σωτηρίαν,

214 4735 221 4743 _
277 4669 523 4726 ἀπολύει.
552 4670 662 4724 Καὶ
685 4669 1075 4740 εὐλογούμενοι
1102 4670 1234 4740 παρ’
1265 4671 1432 4725 αὐτοῦ
1458 4673 1508 4726 οί
1537 4673 1856 4746 νεόνυμφοι,

275 4765 416 4818 οἴκοι
451 4764 588 4834 μετὰ
643 4766 822 4835 χαρᾶς
872 4762 1216 4832 πορεύονται.
1257 4763 1446 4818 Ταῦτα
1498 4765 1598 4835 μὲν
1645 4761 1862 4822 οὖνκαὶ

274 4856 344 4910 τά
362 4857 453 4910 τοῦ
483 4859 687 4928 γάμου,
714 4859 810 4910 καὶ
847 4857 908 4908 οὐ
943 4856 1050 4927 χρὴ
1082 4856 1252 4910 πλείω
1278 4856 1482 4924 λέγειν.
1520 4857 1584 4910 El
1621 4857 1734 4928 γὰρ
1763 4861 1858 4912 καὶ

275 4945 530 5018 ζητήσεις
560 4948 690 5019 περὶ
743 4947 922 5018 γάμου
976 4949 1121 5012 τινες
1180 4951 1339 5014 εἰσιν,
1374 4946 1490 5001 ἀλλ’
1544 4948 1605 5001 οὐ
1662 4949 1858 5018 καιρὸς

272 5040 421 5111 ἡμᾶς
473 5041 602 5111 περ)⁵
647 5038 856 5094 τούτων
911 5040 1134 5109 λέγειν·
1174 5041 1258 5094 ὅτι
1311 5043 1405 5093 καὶ
1443 5041 1574 5111 περὶ
1638 5042 1857 5097 πάντων

273 5133 463 5202 σαφῶς
531 5133 678 5204 ήμᾶς
737 5132 1146 5187 ὲκδιδάσκουσιν
1178 5141 1188 5154 ¹
1222 5133 1273 5188 οι
1333 5133 1615 5204 Πατέρες.
1674 5134 1852 5188 Μόνον

271 5225 568 5294 ἀναγκαῖον
616 5225 775 5282 τοῦτο
828 5226 1045 5296 μαθεῖν,
1072 5225 1148 5288 ὡς
1205 5227 1254 5280 oi
1291 5227 1656 5295 συναφθέντες
1691 5228 1854 5298 γάμῳ

271 5321 424 5389 παρὰ
451 5318 588 5372 Θεοῦ
617 5319 996 5390 συνήφθησαν,
1026 5319 1122 5372 καὶ
1173 5319 1408 5390 καθαροὶ
1447 5321 1514 5390 τῇ
1564 5320 1854 5389 ἐπικλήσει

269 5410 367 5465 τοῦ
413 5411 679 5482 καθαροῦ.
711 5413 1065 5483 Τηρείτωσαν
1107 5409 1204 5468 οῦν
1238 5412 1492 5482 ἀλλήλοις
1545 5413 1854 5485 ἁμόλυντον

267 5505 362 5558 τὸν
384 5506 580 5574 γάμον,
615 5505 710 5558 καὶ
741 5509 798 5558 ἐν
847 5506 1041 5577 εἰρήνῃ
1072 5508 1166 5559 καὶ
1201 5503 1460 5575 εὐλαϐείᾳ
1495 5505 1807 5575 μενέτωσαν
1831 5521 1847 5539 ο

267 5601 364 5651 καὶ
393 5597 422 5651 ὃ
450 5597 642 5652 ἔλαϐον
668 5597 819 5669 παρά
855 5597 950 5652 τοῦ
987 5597 1148 5665 Θεοῦ,
1180 5597 1282 5669 τήν
1322 5596 1521 5651 ἕνωσιν
1551 5599 1610 5650 ὲν
1653 5597 1850 5668 σεμνό-

230 5740 241 5748 ,
265 5701 416 5758 τητι,
447 5689 541 5742 καὶ
569 5689 791 5761 ἀγάπην
836 5691 894 5744 ὲν
941 5691 1292 5762 σωφροσύνῃ,
1324 5691 1420 5743 καὶ
1455 5685 1761 5760 συμϐίωσιν
1789 5691 1847 5744 ἐν

268 5779 490 5844 ὁμονοίᾳ
517 5797 576 5838 τι
603 5783 696 5837 καὶ
740 5785 932 5851 εἰρήνῃ
963 5782 1038 5848 ὡς
1087 5782 1561 5855 παρακαταθήκην
1591 5780 1847 5854 ἀλλήλοις

1967 4570 2075 4626 sint
2099 4570 2168 4625 de
2196 4568 2549 4624 matrimonio
2578 4571 2931 4640 quaestiones,
2966 4573 3062 4629 sed
3083 4584 3298 4647 tempus
3331 4591 3441 4632 nou
3464 4588 3550 4632 est

1963 4663 2029 4717 de
2054 4662 2140 4717 his
2165 4661 2402 4726 dicendi,
2433 4663 2693 4731 quoniam
2735 4663 2806 4718 de
2836 4665 3092 4720 omnibus
3114 4669 3397 4738 sapienter
3435 4685 3540 4724 nos

1962 4756 2269 4811 docuerunt
2290 4755 2504 4812 Patres.
2536 4754 2650 4813 Hoc
2687 4765 2901 4814 tantum
2924 4759 3138 4816 discere
3169 4761 3542 4816 necessarium

1960 4859 2069 4917 est,
2094 4864 2292 4921 nempe
2321 4853 2674 4910 matrimonio
2710 4853 3041 4924 conjunctos
3067 4868 3098 4908 a
3141 4853 3254 4908 Deo
3275 4868 3398 4908 esse
3449 4871 3542 4910 so-

1961 4941 2154 5008 ciatos,
2179 4951 2232 4997 et
2253 4959 2418 5012 puros
2449 4959 2546 5014 per
2575 4945 2992 5002 invocationem
3026 4946 3147 5014 ejus
3196 4947 3288 5015 qui
3328 4946 3540 5014 puritas

1957 5043 2062 5089 est.
2096 5035 2265 5106 igitur
2284 5038 2383 5093 sibi
2412 5049 2602 5094 mutuo
2621 5038 2932 5093 custodiant
2958 5038 3227 5094 illibatum
3256 5039 3542 5095 matrimo-

1957 5127 2140 5193 nium,
2164 5137 2221 5184 et
2252 5130 2304 5182 in
2374 5145 2510 5200 pace
2541 5146 2606 5185 ac
2641 5129 2847 5200 pietate
2899 5141 3285 5202 permaneant,
3309 5141 3364 5188 et
3391 5134 3538 5203 quod

1965 5231 2322 5290 acceperunt,
2355 5223 2853 5294 scilicetjunionern
2888 5225 2940 5279 in
2973 5226 3286 5294 sanctitate,
3312 5236 3368 5283 et
3395 5230 3543 5288 cari-

1963 5322 2131 5368 tatem
2167 5316 2219 5369 in
2271 5317 2546 5382 castitate,
2580 5327 2634 5372 et
2663 5321 3119 5376 communitatem
3148 5322 3278 5378 vitae
3314 5321 3370 5377 in
3401 5339 3540 5379 con-

1954 5407 2136 5464 cordia
2173 5420 2230 5464 et
2283 5423 2417 5479 pace
2471 5419 2529 5465 ut
2559 5412 2910 5467 commissum
2967 5413 3071 5471 sibi
3131 5415 3366 5472 invicem
3400 5433 3537 5474 cono

1952 5510 2192 5568 servent,
2221 5516 2286 5558 ne
2315 5503 2366 5556 in
2391 5503 2649 5559 damnum
2695 5506 2767 5560 ab
2803 5507 2882 5562 eis
2911 5508 3162 5580 exigatur
3196 5513 3334 5564 ratio
3369 5515 3536 5566 casti-

1955 5591 2079 5646 tatis
2109 5601 2546 5664 czeterornmqne
2573 5596 2889 5653 divinorum
2919 5614 3169 5668 Operum.
3224 5600 3409 5672 Neque
3462 5607 3533 5661 de

1951 5699 2180 5752 corpore
2243 5693 2484 5751 tantum,
2548 5690 2647 5744 sed
2708 5699 2763 5744 et
2817 5691 2885 5745 de
2943 5692 3145 5748 animis
3172 5694 3285 5749 suis
3312 5705 3534 5761 curent,

1951 5777 2213 5864 quoniam
2270 5777 2521 5852 duplices
2560 5795 2620 5839 se
2687 5783 2917 5855 habent,
2943 5800 3142 5856 nempe
3204 5801 3270 5842 ex
3302 5802 3537 5856 corpore
