4046 6458
299 307 399 368 517

1605 293 1700 366 DF.
1743 307 1799 368 ς.
1840 305 2284 367 Ευιῖῐιειηιιεο.

3459 305 3562 369 5ἷὸ

297 427 483 485 λωσιν,
517 423 550 494 ἢ
599 424 688 478 καῖ
716 423 789 487 ὡς
821 426 1021 494 νεκρᾶς
1061 423 1226 495 οὔσης
1259 427 1353 490 τ’ἧς
1389 425 1567 493 ψυχῆς
1599 422 1741 476 κατά
1790 420 1877 490 μί-

1991 421 2054 472 ιίι
2097 419 2303 480 anima,
2342 420 2404 473 ad
2441 420 2799 477 imitationem
2833 423 3110 494 preplietm
3147 440 3377 495 puerum
3413 428 3562 486 illius

301 534 466 588 μησεν
502 516 594 568 τοῦ
626 516 932 588 [lpos-ﬁmo,
969 518 1043 578 ὡς
1076 519 1166 568 ἐπὶ
1203 517 1294 570 τοῦ
1327 517 1512 578 παιδὸς
1533 517 1748 584 beabit};
1783 516 1876 582 τῆς

298 610 709 675 Σουμανίτιδος,
738 612 1054 679 εὐξαμένων
1071 609 1178 663 τῶν
1204 611 1392 676 ἱερέων
1419 601 1646 670 ἑπτάκις
1677 609 1880 677 ταύτην

299 701 576 770 ἐγείρωσι,
633 701 773 754 καθᾶ
829 703 892 772 δὴ
949 703 1043 755 καὶ
1100 703 1126 755 6
1183 701 1487 764 Ἐλισσαῖος
1539 700 1631 754 τὸν
1690 700 1878 762 παῖδα,

299 793 462 862 200
491 793 720 853 ἑπτάκις
753 793 1184 863 ὲπανακάμψας,
1238 794 1330 846 καὶ
1369 792 1602 854 ἑπτάκις
1652 793 1884 861 εὐξάμε-

301 903 408 948 νος’
443 888 473 955 ἢ
507 887 599 938 καὶ
637 886 713 948 ὡς
747 887 772 938 6
815 884 1002 948 Ἠλίας
1037 885 1269 949 ἑπτάκις
1299 885 1621 956 εὐξάμενος,
1667 885 1757 937 τὸν
1791 884 1883 937 οὖ-

300 979 461 1050 ρανδν
507 977 566 1031 ὃν
600 977 812 1030 ἔκλεισε
864 979 975 1040 τοῖς
1036 979 1420 1049 ἁμαρτήμασι,
1480 979 1646 1032 πάλιν
1703 978 1881 1049 ἤνοιξε

297 1073 394 1126 καὶ
434 1072 752 1141 κατήγαγεν
781 1072 958 1135 ὑετὸν,
991 1073 1085 1126 καὶ
1112 1073 1261 1126 οὗτοι
1308 1073 1537 1137 ἑπτάκις
1567 1073 1879 1141 εὐξάμενοι,

297 1163 502 1218 λύσωσι
533 1165 634 1232 μὲν
663 1165 756 1216 τὸν
786 1164 886 1234 τῆς
933 1166 1209 1237 ἁμαρτίας
1235 1167 1471 1238 αὐχμὸν,
1519 1167 1774 1231 ἀνοίξωσι
1824 1165 1884 1218 δὲ

301 1255 441 1307 κατά
470 1253 563 1307 τὸν
599 1253 802 1320 Πέτρον
830 1256 922 1308 τὸν
973 1258 1228 1326 οὐρανὸν,
1262 1258 1360 1324 τὴν
1387 1258 1572 1310 κλεῖδα
1627 1258 1884 1328 βαλόντες

300 1347 397 1414 τῆς
428 1345 669 1415 χάριτος,
727 1349 822 1399 καὶ
883 1347 974 1401 τὸν
1019 1338 1168 1402 ἔλεον
1217 1351 1281 1404 ἐκ
1323 1350 1459 1403 Θεοῦ
1495 1352 1592 1417 τῆς
1636 1352 1884 1420 ἀφέσεως

301 1437 378 1502 ὡς
427 1438 582 1492 ὑετὸν
615 1440 1025 1508 καταγάγωσιν.
1079 1436 1249 1502 Οὗτος
1285 1443 1387 1513 μὲν
1421 1445 1512 1498 οὖν
1555 1448 1582 1499 6
1629 1445 1778 1509 νοῦςς
1809 1445 1884 1508 ὡς

302 1533 422 1599 ἐμοὶ
454 1533 622 1599 δοκεῖ,
669 1536 939 1605 περὶτῶν
989 1537 1150 1590 ἑπτά.
1193 1536 1350 1600 Τινὲς
1399 1537 1454 1616 δί
1506 1537 1635 1590 ἕνοα
1687 1537 1884 1599 σπάνις

303 1622 515 1692 ἱερέων,
549 1626 645 1677 καὶ
675 1627 826 1695 τρεῖς
853 1628 1296 1697 προσκαλοῦνται
1328 1629 1548 1700 μόνους.
1586 1630 1694 1682 Καὶ
1725 1628 1884 1683 τοῦτο

301 1715 360 1765 οὐ
391 1716 695 1784 μεμπτέον.
741 1718 936 1772 Ἔσται
989 1721 1098 1789 γὰρ
1131 1721 1357 1791 πρῶτον
1395 1722 1494 1792 μὲν
1524 1722 1614 1776 διὰ
1652 1723 1885 1793 δύναμιν

303 1804 405 1870 τῆς
441 1807 692 1876 Τριάδοςο
744 1808 941 1865 ἔπειτα
991 1812 1048 1865 δὲ
1099 1813 1192 1868 καὶ
1237 1815 1325 1869 διὰ
1356 1815 1416 1869 τδ
1447 1819 1542 1892 εἰς,
1571 1816 1883 1886 μαρτυρίαν

307 1900 400 1952 καὶ
433 1901 697 1972 κήρυγμα
747 1904 846 1972 τῆς
877 1905 1107 1975 Τριάδος
1163 1908 1316 1978 παρὰ
1353 1909 1449 1961 τοῦ
1485 1908 1668 1962 Ἥλιοῦ
1723 1909 1882 1962 πάλιν

307 1993 546 2061 γεγονὸς,
592 1994 680 2048 ὅτε
733 1998 1078 2067 νεκρωθέντα
1111 2001 1205 2053 τὸν
1247 2001 1362 2053 υίδν
1398 2002 1716 2072 Σαραφθίας
1761 2002 1883 2054 ἀνέ-

308 2098 495 2154 στησε,
521 2087 641 2152 τρὶς
665 2087 1114 2158 προσευξάμενος
1142 2087 1236 2143 καὶ
1255 2091 1375 2160 τρὶς
1401 2091 1683 2143 ἐπιπεσὼν
1710 2091 1882 2160 αὐτῷ.

307 2177 462 2240 Τινὲς
493 2177 548 2231 δὲ
589 2180 683 2232 καὶ
719 2180 973 2245 πλείονας
1022 2182 1132 2234 τῶν
1165 2181 1304 2236 ἑπτὰ
1336 2183 1776 2254 συναθροίζουσιν
1806 2187 1884 2248 εἷς

305 2269 554 2360 πλείενος
575 2272 775 2342 δεῖγμα
815 2273 1054 2338 πίστεώς
1090 2292 1148 2327 τε
1177 2278 1269 2328 καὶ
1302 2277 1632 2347 προθυμίας.
1655 2277 1796 2330 Ἀλλ’
1821 2278 1882 2331 οὐ

305 2361 866 2432 πολυπραγμονητέον
926 2366 1056 2436 περὶ
1108 2366 1203 2419 τοῦ
1241 2368 1477 2437 ἀριθμοῦ
1513 2385 1529 2400 ·
1585 2371 1705 2424 ἐπεὶ
1761 2371 1884 2424 οὐδὲ

305 2457 540 2525 ἀριθμὸς
566 2458 859 2527 γράφεται.
913 2459 1061 2530 Πλὴν
1092 2460 1140 2512 εἰ
1173 2461 1266 2515 καὶ
1304 2462 1366 2514 οὐ
1404 2463 1734 2530 γέγραπται,
1769 2463 1884 2516 ἀλλ’

308 2549 602 2617 ἀναγκαῖον
651 2550 750 2622 τὴν
796 2553 1030 2621 ἀρχαίαν
1085 2554 1368 2624 τηρεῖσθαι
1427 2556 1744 2626 παράδοσιν.
1775 2556 1885 2609 Καὶ

309 2641 549 2696 ἔστωσαν
580 2643 679 2713 μὲν
719 2645 862 2700 ἑπτὰ
897 2647 972 2710 ὡς
1020 2646 1140 2710 ἔθος
1186 2647 1447 2716 ἀρχαῖον·
1483 2650 1531 2701 εἰ
1568 2648 1613 2702 δ’
1645 2650 1882 2717 ἀνάγκη,

307 2735 366 2787 τὸ
393 2735 613 2789 ἔλαττον
643 2739 812 2806 τρεῖς·
843 2739 940 2791 καὶ
974 2739 1153 2793 πάντα
1189 2739 1503 2807 λεγέτωσαν
1527 2742 1626 2794 ὅσα
1651 2744 1886 2814 παραδέ-

305 2827 452 2880 δοται
491 2826 768 2896 λέγεσθαι·
822 2829 905 2882 ὅτι
957 2829 1050 2882 τοῦ
1089 2830 1407 2907 Πνεύματος
1453 2834 1633 2886 πάντα
1665 2836 1730 2887 ἐκ
1769 2834 1887 2890 τεῶν

309 2918 565 2988 Πατέρων
600 2919 749 2976 ὄντα.
789 2918 882 2984 Εἷς
914 2921 968 2974 δὲ
1001 2922 1374 2991 πρεσϐύτερος
1408 2925 1484 2995 μὴ
1526 2927 1750 2981 ποιείτω
1799 2928 1888 2982 εὑ-

305 3010 544 3078 χέλαιον·
578 3014 657 3066 ὅτι
687 3013 764 3076 ὡς
797 3015 924 3084 περὶ
961 3015 1264 3069 ἐπισκόπου
1314 3019 1624 3088 γέγραπται
1657 3020 1734 3088 μὴ
1773 3039 1889 3091 χει-

1989 513 2355 568 δυιιιιιιιῑιῐιίἰε
2396 514 2461 566 ad
2514 516 2677 569 vitam
2722 518 3048 582 revocantis,
3097 521 3412 577 sacerdotes
3446 511 3566 591 sep-

1987 605 2088 658 tics
2155 604 2428 674 deprecati
2487 607 2634 661 illam
2693 612 3048 676 resuscitant,
3102 612 3562 680 quemadmodum

1987 695 2212 750 Eliszeus
2241 713 2466 764 puerum
2504 699 2703 765 scpties
2733 700 2786 754 in
2826 716 2948 754 cum
2981 703 3299 758 incurvatus
3334 716 3388 758 et
3437 721 3563 776 sep-

1989 787 2092 840 tios
2143 788 2461 854 tit‘pt‘et'nltls
2502 805 2516 855 ;
2578 789 2660 842 vel
2696 790 2915 858 perinde
2944 808 3004 846 ai.-
3039 794 3183 848 lilias
3214 796 3412 863 septies
3440 809 3567 864 pre-

1989 887 2142 933 catus
2173 880 2370 932 emittm
2401 882 2545 950 quod
2585 891 2804 950 propter
2839 895 3058 952 peccata
3099 887 3393 950 clauserat,
3439 903 3561 940 rurv

1987 987 2107 1026 sum
2165 975 2400 1042 aperuit.
2463 984 2514 1028 et
2579 975 2706 1029 inde
2769 976 3008 1045 pluviam
3076 978 3284 1036 eduxit.
3347 979 3416 1032 ita
3477 965 3594 1034 isti.

1987 1065 2192 1130 septies
2219 1065 2494 1135 deprecati
2515 1067 2735 1120 solvunt
2757 1069 2978 1137 quidem
3003 1071 3208 1136 peccati
3243 1072 3562 1136 siccitatem,

1988 1157 2186 1209 emtum
2244 1172 2374 1210 vero
2429 1158 2687 1227 aperiunt
2745 1176 2897 1216 more
2933 1163 3078 1214 Petri
3142 1164 3570 1234 claremgratite

1987 1256 2288 1317 geSIantes,
2319 1258 2374 1303 et
2411 1251 2842 1306 misericordiam
2899 1269 2925 1304 a
2991 1253 3100 1309 Deo
3142 1257 3484 1312 remissionis
3511 1266 3570 1312 ut

1987 1338 2224 1407 pluviam
2255 1341 2514 1395 educunt.
2587 1343 2709 1398 llac
2742 1353 2824 1398 est
2871 1346 3028 1410 ratio,
3067 1357 3120 1399 ut
3169 1332 3300 1402 milii
3335 1349 3566 1415 videtur,

1987 1432 2054 1485 de
2094 1440 2301 1500 septem
2335 1434 2731 1490 saterdotilms.
2777 1436 3007 1501 Quidam
3054 1454 3209 1504 vero,
3250 1441 3338 1496 ubi
3367 1452 3452 1497 est
3483 1457 3571 1496 sa-

1989 1525 2271 1579 errdotum
2308 1527 2558 1595 petmria,
2597 1539 2706 1582 tres
2746 1539 2954 1583 tantum
3025 1533 3321 1596 advocant,
3382 1535 3570 1592 ethoc

1988 1619 2146 1687 Culpa
2208 1630 2379 1675 caret.
2446 1619 2532 1674 Fit
2583 1622 2727 1676 enim
2787 1625 3023 1692 primum
3071 1625 3290 1701 quidem
3349 1638 3571 1698 propter

1989 1712 2242 1767 virtutem
2298 1711 2607 1779 Trinitatis,
2641 1715 2838 1771 deinde
2891 1733 3018 1772 vrro
3077 1728 3294 1786 propter
3344 1721 3471 1776 illud
3502 1721 3570 1778 ab

1989 1803 2104 1858 Elia
2158 1806 2212 1859 in
2281 1807 2649 1861 testimonium
2702 1817 2755 1862 et
2811 1809 3252 1879 prtcdicatiouem
3286 1811 3573 1870 Trinitatis

1988 1913 2180 1953 rursus
2251 1899 2475 1964 factum,
2551 1901 2770 1969 quando
2841 1882 3117 1958 mortuum
3177 1903 3574 1975 Sareplttlieaae

1991 1990 2162 2043 ﬁlium
2195 1991 2564 2054 resuscitavit,
2611 2001 2692 2045 ter
2737 1992 3084 2060 deprecatus,
3119 2006 3326 2066 terque
3359 1995 3414 2050 in
3443 2013 3569 2054 eum

1989 2082 2328 2138 incurvatus.
2398 2082 2628 2149 Quidam
2694 2095 2874 2140 autem
2929 2087 3112 2156 plures
3151 2103 3313 2156 quam
3362 2099 3572 2158 septem

1986 2186 2317 2247 congregant
2347 2175 2400 2230 in
2426 2177 2638 2247 signum
2664 2178 2886 2247 majoris
2914 2179 3031 2234 ﬁdei
3063 2191 3114 2235 et
3135 2181 3444 2236 voluntatis.
3465 2181 3573 2237 Sed

1987 2284 2096 2322 non
2153 2281 2368 2337 oportet
2401 2271 2468 2325 de
2505 2287 2733 2327 numero
2770 2272 3102 2344 disceptare,
3154 2290 3278 2331 cum
3310 2291 3571 2332 numerus

1988 2363 2223 2429 scriptus
2245 2377 2360 2416 non
2395 2363 2486 2418 sit.
2522 2363 2800 2430 Attamen,
2833 2367 2934 2422 etsi
2965 2369 3202 2438 scriptus
3237 2384 3346 2423 non
3385 2367 3570 2434 fuerit,

1989 2469 2214 2509 necesse
2260 2464 2344 2509 est
2393 2457 2674 2526 antiquam
2709 2459 2915 2514 servari
2949 2460 3295 2515 traditionem
3332 2475 3348 2515 :
3386 2461 3574 2516 adsint

1988 2550 2207 2618 quidem
2238 2560 2446 2620 septem
2481 2553 2782 2607 secundum
2809 2555 3088 2623 antiquum
3119 2569 3368 2622 morem;
3407 2563 3486 2620 at,
3519 2555 3567 2609 si

1989 2656 2218 2696 necesse
2260 2640 2448 2708 fuerit,
2488 2642 2555 2696 ad
2588 2644 2877 2698 minimum
2913 2653 3048 2711 tres,
3084 2653 3139 2699 et
3167 2646 3349 2701 omnia
3388 2645 3573 2701 dicant

1987 2750 2326 2804 quaecunque
2412 2735 2596 2792 dicere
2677 2737 2940 2792 traditum
2999 2748 3152 2805 est,
3211 2738 3471 2809 quoniam
3539 2753 3571 2793 a

1992 2825 2197 2894 Spiritu
2227 2837 2355 2880 sunt
2386 2828 2569 2882 omnia
2600 2843 2720 2897 quae
2753 2843 2818 2883 ex
2850 2827 3104 2884 Patribus
3141 2839 3372 2900 excepta
3417 2839 3572 2884 sunt.

1993 2917 2145 2974 Unus
2193 2927 2377 2972 autem
2436 2920 2718 2992 presbyter
2750 2935 2859 2976 non
2909 2920 3158 2976 conﬁciat
3210 2920 3570 2988 euelielaeum,

1992 3009 2250 3078 quoniam
2302 3012 2758 3080 quemadmodum
2803 3016 2870 3068 de
2905 3014 3164 3084 episeopo
3192 3015 3454 3084 scriptum
3487 3023 3574 3070 est

308 3103 644 3171 ροτονεῖσθαι
671 3107 802 3175 παρ’
829 3106 968 3170 ἑνὸς,
1002 3105 1146 3160 οὕτω
1177 3109 1274 3162 καὶ
1305 3111 1435 3179 περὶ
1469 3111 1778 3180 εὐχελαίου,
1811 3114 1888 3185 μὴ

1995 3111 2061 3150 ne
2087 3097 2155 3151 ab
2191 3113 2301 3152 uno
2332 3099 2640 3166 ordinetur,
2689 3101 2762 3156 ita
2790 3112 2844 3156 et
2899 3103 2967 3157 de
3025 3104 3321 3169 euelteltco,
3375 3119 3448 3158 ne
3504 3105 3574 3184 ab

307 3194 460 3264 παρὰ
479 3196 850 3267 πρεσϐυτέρου
880 3199 999 3261 ἑνὸς
1023 3201 1317 3256 τελεῖσθαι.
1362 3221 1380 3254 ι
1418 3204 1890 3274 Προσκαλεσάσθω

306 3286 431 3349 τοὺς
461 3285 872 3357 πρεσϐυτέρους
920 3290 1022 3360 τῆς
1053 3290 1406 3362 Ἐκκλησίας,
1456 3295 1611 3366 φησί,
1647 3297 1743 3349 καὶ
1790 3298 1891 3369 οὐχ

304 3375 404 3431 ἕνα
431 3379 816 3448 πρεσϐύτερον.
875 3382 983 3434 Καὶ
1029 3384 1525 3454 προσευξάσθωσαν
1563 3386 1656 3442 ἐπ’
1701 3389 1890 3460 αὑτὸν,

313 3466 634 3538 ἀλείψαντες
657 3471 823 3523 αὐτὸν
853 3471 1039 3543 ἐλαίῳ.
1070 3491 1088 3525 ι

764 3564 923 3634 201
969 3568 1226 3622 ΚΕΦΛΛ.
1263 3570 1430 3625 mw.

394 3652 524 3707 Ὅτι
551 3655 809 3725 μεγίστη
844 3657 951 3712 τοῦ
984 3660 1159 3728 ἁγίου
1188 3662 1400 3718 ἐλαίου
1435 3663 1473 3728 ἡ
1512 3664 1790 3736 δύναμις.

380 3747 490 3799 Καὶ
512 3747 565 3799 τί
592 3747 656 3799 ἑκ
688 3749 1216 3822 τούτουιγενήσεται;
1250 3755 1394 3826 Ὅρα
1421 3757 1502 3812 ὅτι
1531 3758 1591 3812 τὸ
1615 3761 1891 3828 μέγιστον.

322 3855 340 3887 ι
364 3838 472 3892 Καὶ
494 3839 526 3910 ὴ
558 3838 712 3911 εὐχὴ,
742 3846 897 3910 φησὶ,
923 3844 1021 3913 τῆς
1042 3845 1276 3911 πίστεως
1302 3847 1466 3902 σώσει
1487 3850 1577 3904 τὸν
1596 3853 1890 3922 κάμνοντα,

314 3931 406 3983 καὶ
426 3931 608 4003 ἐγερεῖ
637 3933 801 3990 αὐτὸν
831 3935 860 3986 6
886 3936 1117 4008 Κύριος·
1136 3957 1154 3990 ι
1189 3940 1286 4012 οὐχ
1309 3942 1358 3994 οἱ
1397 3941 1697 4014 ἄνθρωποι,
1725 3944 1840 3998 ἀλλ’
1865 3946 1893 3998 6

311 4025 536 4095 Κύριος.
581 4026 736 4079 Ἐπεὶ
765 4027 866 4099 τὴν
892 4031 1054 4100 χάριν
1081 4031 1176 4086 τοῦ
1214 4034 1422 4104 Κυρίου
1459 4035 1559 4105 τῆς
1592 4037 1894 4108 ἱερωσύνης

311 4117 640 4174 ὲνδὲδυνται.
674 4121 780 4174 και
807 4123 857 4174 τί
885 4121 969 4177 ἔτι
994 4125 1157 4179 πλέον
1185 4128 1213 4179 ὁ
1243 4130 1468 4196 κάμνων
1500 4130 1745 4201 similest;
1774 4133 1894 4185 Κᾶν

311 4209 648 4285 ἁμαρτίαςῇ
682 4213 1022 4286 πεποιηκῶς,
1081 4217 1420 4290 ἀφεθήσεται
1474 4221 1644 4292 αὐτῷ.
1695 4223 1892 4294 Ὁρᾶτε

310 4301 542 4370 δύναμιν
574 4305 673 4373 τῆς
704 4306 928 4377 τελετῆς
959 4309 1168 4381 ταύτης
1196 4329 1210 4379 ;
1247 4316 1342 4367 καὶ
1386 4317 1702 4388 ἀρρωστίας
1751 4319 1891 4386 λύει,

310 4395 562 4458 καὶτοὺς
598 4398 886 4468 κειμένους
931 4401 1160 4468 ἐγείρει,
1193 4405 1287 4458 καὶ
1331 4407 1603 4479 ἁμαρτίας
1646 4409 1891 4482 ἀφίησινζ

866 4513 1122 4569 ΚΕΦΑΛ.
1159 4517 1330 4576 ΣΠΕ’.

314 4599 479 4655 Κατά
511 4600 718 4670 τῆς-ἐν
762 4603 842 4670 τῷ
889 4607 1186 4732 εὐχελιέίφ
1231 4611 1352 4666 τῶν
1390 4615 1666 4671 Λατίνων
1690 4635 1892 4676 καινο-

354 4720 362 4728 ,
989 4694 1097 4732 tau
1124 4695 1221 4732 ac.

989 4694 1221 4746 τομίας.

356 4834 359 4836 _
397 4762 544 4816 Ἀλλ’
588 4765 637 4817 οἱ
673 4765 1127 4837 καινοτομοῦντες
1198 4770 1380 4826 πάντα
1425 4774 1642 4832 Λατῖνοι
1691 4781 1784 4832 καὶ
1833 4781 1895 4834 τὸ

316 4855 448 4926 περὶ
472 4855 666 4910 τούτου
701 4859 1100 4930 παρέφθειραν.
1140 4862 1249 4915 Καὶ
1287 4865 1346 4917 οὗ
1375 4865 1483 4938 χρὴ
1507 4866 1707 4923 διδόναι
1736 4871 1896 4926 τοῦτο

319 4946 688 5019 ἀρρωστοῦσι,
715 4951 905 5021 φασὶν,
933 4952 1048 5006 ἀλλ’
1079 4954 1536 5026 ἀποθνήσκουσιν,
1561 4961 1685 5015 ἐπεὶ
1715 4964 1897 5038 ἀμαρ-

317 5036 438 5100 τίας
465 5039 713 5112 ἀφίησιν,
751 5040 839 5096 ἕνα
877 5044 954 5116 μὴ
989 5045 1152 5100 πάλιν
1205 5048 1474 5120 ἐπιζήσας
1512 5069 1597 5116 τις
1647 5036 1894 5129 ἑξαμάρ.

311 5147 418 5184 τοι.
452 5131 627 5186 Βαὸαὶ
651 5133 748 5205 τῆς
773 5137 1033 5202 ἀπονοίας
1061 5139 1079 5194 ί
1114 5139 1180 5192 Ὀ
1209 5140 1312 5210 μὲν
1347 5141 1712 5212 Ἀδελφόθεος,
1754 5151 1895 5203 «Καὶ

316 5223 352 5292 ἡ
384 5222 535 5294 εὐχὴ,
574 5227 731 5295 φησὶ,
763 5228 862 5297 τῆς
895 5229 1133 5293 πίστεως
1159 5229 1325 5286 σώσει
1351 5233 1442 5289 τὸν
1475 5228 1774 5305 κάμνοντα,
1800 5239 1896 5293 κει)⁵

316 5317 501 5383 ἐγερεῖ
540 5317 708 5372 αὑτὸν
735 5317 764 5370 ὁ
815 5312 1041 5392 Κύριδξ·
1075 5340 1099 5374 ι
1149 5317 1300 5378 οὗτοι
1330 5324 1411 5390 δὲ,
1450 5324 1568 5382 Ἵνα
1621 5329 1890 5406 ἀποθάνῃ,

318 5405 507 5474 φασίν.
549 5406 715 5479 Ὁρᾷς
751 5408 842 5464 τὸν
895 5412 1390 5484 ἑκκρημνισθέντα,
1441 5416 1591 5482 ὅπως
1638 5421 1726 5478 ἀεὶ
1757 5405 1893 5494 προς
1929 5438 1941 5450 ⁴

312 5494 375 5548 τδ
399 5498 662 5563 κάταντες
693 5502 1099 5572 καταφέρεταις
1134 5505 1250 5561 Κᾶν
1283 5507 1561 5579 ἁμαρτίας
1665 5530 1894 5584 πεποιη-

313 5588 446 5656 κὼς,
493 5590 825 5662 ἀφεθήσεται
850 5595 1022 5666 αὐτῷ,
1056 5596 1144 5650 ἵνα
1185 5598 1305 5670 ἰαθῇ
1339 5602 1432 5654 καὶ
1474 5603 1672 5675 ἐγερθῇ
1704 5605 1894 5677 δηλον-

313 5678 416 5732 ότι.
467 5681 576 5734 Καὶ
608 5682 765 5736 τοῦτο
793 5684 1069 5740 δείκνυσιν
1097 5690 1125 5742 ὁ
1160 5689 1371 5762 Σωτὴρ,
1408 5691 1545 5764 πρὸς
1576 5695 1668 5750 τὸν
1714 5699 1894 5770 παρά-

311 5769 470 5829 λυτον
501 5773 756 5844 εἰρηκὼς,
803 5777 1120 5848 Ἀφέωνταί
1152 5798 1251 5840 σοι
1302 5788 1360 5840 al
1409 5786 1688 5857 ἁμαρτίαι
1749 5769 1888 5852 σου·

1994 3205 2102 3245 uno
2127 3192 2440 3262 presbytero
2468 3195 2821 3250 conﬁciatur:
2863 3215 2880 3247 ι
2905 3195 3156 3261 lnducat,
3187 3198 3381 3268 inquit,
3415 3215 3574 3269 pres-

1993 3280 2210 3353 byteros
2259 3283 2518 3340 Ecclesiae
2584 3286 2660 3356 (et
2699 3302 2807 3341 non
2865 3303 3033 3342 unum
3063 3288 3486 3360 presbyterum),
3519 3296 3576 3346 et

1993 3384 2336 3446 oreutsuper
2368 3393 2517 3445 eum,
2546 3388 2809 3450 tingentes
2849 3395 2974 3436 eum
3003 3380 3150 3437 oleo.
3185 3398 3208 3433 ι

2457 3557 2688 3613 CAPUT
2737 3558 3115 3638 CCLXXXIV.

2222 3651 2372 3718 Quod
2405 3654 2643 3707 maxima
2680 3655 2748 3708 sit
2782 3656 2924 3708 sacri
2956 3655 3057 3708 olei
3081 3656 3335 3726 efﬁcacia.

2072 3749 2140 3802 Et
2168 3747 2429 3817 quidnam
2457 3761 2521 3800 ex
2555 3748 2654 3799 hoc
2682 3745 2935 3800 eveniet?
2978 3744 3110 3801 Vide
3135 3763 3298 3816 quam
3361 3748 3433 3804 sit
3462 3765 3574 3805 ma-

1996 3843 2230 3896 ximum.
2272 3860 2288 3891 ι
2315 3839 2376 3892 Ει
2413 3839 2588 3894 oratio
2622 3837 2770 3902 ﬁdei,
2791 3838 2886 3904 ait,
2915 3838 3145 3892 salvabit
3184 3837 3488 3904 inﬁrmum,
3519 3849 3576 3894 et

1997 3935 2274 3992 alleviabit
2305 3950 2428 3988 eum
2460 3932 2777 3996 Dominus,»
2815 3945 2920 3986 neu
2949 3931 3220 3995 ltmuines,
3259 3932 3355 3988 sed
3391 3933 3575 3988 Domi-

1995 4045 2122 4092 nus,
2158 4027 2416 4098 quoniam
2447 4027 2674 4095 gratiam
2723 4022 2936 4078 Domini
2991 4024 3440 4080 sanctiﬁcationis
3488 4025 3575 4079 itt-

1995 4124 2252 4179 duerunt.
2282 4119 2346 4172 Et
2372 4118 2501 4188 quid
2523 4117 2756 4187 amplius
2781 4118 3038 4172 laborans
3065 4117 3343 4173 inveniet?
3378 4135 3396 4170 ‹
3436 4117 3500 4173 Et
3526 4118 3574 4174 si

1995 4223 2219 4286 peccata
2273 4210 2493 4277 fecerit,
2531 4211 2876 4264 remittemur
2910 4211 2980 4264 ci.
3015 4229 3033 4262 ι
3097 4210 3373 4267 Videtisne
3403 4211 3576 4265 virtu-

1999 4316 2105 4361 tem
2139 4305 2306 4373 hujus
2336 4301 2623 4372 mysterii?
2675 4311 2730 4355 et
2757 4301 3127 4356 inﬁrmitatem
3161 4302 3348 4369 solvit,
3404 4310 3458 4358 et
3486 4301 3572 4372 ja-

1997 4405 2186 4453 ceutes
2216 4393 2454 4464 alleviat,
2488 4401 2542 4447 et
2571 4402 2795 4463 peccata
2830 4392 3078 4446 dimittit.

2481 4505 2612 4559 CAP
2625 4505 2713 4561 UT
2745 4504 3020 4559 CCLXXX
3037 4504 3098 4559 V.

2065 4600 2268 4657 Contra
2304 4600 2590 4654 novitatem
2640 4597 2958 4654 Latinorum
2987 4600 3133 4654 circa
3166 4599 3506 4656 cur/relicum.

2065 4781 2173 4838 Sed
2223 4781 2401 4837 Latini
2432 4781 2614 4836 omnia
2666 4781 2993 4839 innovantes
3015 4782 3322 4838 doctrinam
3358 4801 3582 4857 quoque

1994 4873 2162 4944 hujus
2203 4873 2449 4945 mysterii
2479 4873 2945 4939 adulteraverunt,
2992 4883 3048 4930 et
3079 4875 3273 4931 dicunt
3299 4877 3429 4932 illud
3465 4893 3580 4933 non

1995 4967 2233 5022 dandum
2260 4980 2383 5022 esse
2451 4965 2707 5030 inﬁrmis,
2741 4969 2836 5020 sed
2866 4967 3250 5034 morientibus,
3311 4971 3579 5038 quoniam

1994 5061 2219 5129 peccata
2253 5059 2502 5126 dimittit,
2559 5072 2630 5112 ne
2666 5073 2883 5113 rursum
2921 5052 3144 5114 sanitati
3180 5061 3428 5118 redditus
3480 5066 3579 5121 de-

1995 5153 2224 5221 linquat.
2259 5149 2378 5204 lieu
2407 5151 2418 5202 ί
2452 5159 2652 5219 quanta
2689 5150 2937 5205 insania!
2971 5152 3060 5205 Dei
3093 5151 3313 5220 quidem
3342 5153 3532 5211 Frater
3557 5177 3576 5214 ε

2000 5241 2101 5296 «Et
2124 5243 2322 5306 oratio,
2348 5242 2544 5310 inquit,
2567 5240 2687 5296 ﬁdei
2707 5242 2935 5298 salvabit
2955 5243 3254 5311 inﬁrmum,
3281 5257 3336 5303 et
3361 5249 3582 5306 allevia-

1996 5335 2073 5390 tiit
2101 5349 2228 5389 eum
2249 5334 2547 5402 Dominus;
2574 5352 2592 5386 ι
2615 5333 2689 5388 illi
2718 5345 2899 5390 autem
2933 5337 3155 5394 dicunt:
3194 5339 3262 5396 Ut
3287 5344 3579 5400 moriatur.

1997 5429 2184 5485 Vidcn'
2214 5430 2490 5500 quomodo
2523 5447 2766 5503 praeceps
2792 5431 2846 5487 in
2873 5435 3094 5492 tetriora
3124 5453 3341 5508 semper
3370 5440 3583 5498 feratur

1995 5522 2333 5594 praecipitia?
2393 5523 2459 5579 Et
2516 5525 2561 5579 si
2610 5537 2831 5596 peccata
2887 5529 3070 5597 fuerit,
3113 5536 3459 5590 remittemur
3501 5539 3579 5601 ei,

1996 5615 2206 5670 scilicet
2255 5626 2317 5671 ut
2371 5627 2600 5673 sanetur
2647 5629 2700 5674 et
2759 5621 3070 5690 allevietur,
3130 5627 3275 5697 quod
3329 5628 3581 5684 Salvator

1995 5707 2342 5764 demonstrat
2374 5709 2610 5766 dicendo
2647 5713 2713 5768 ad
2741 5715 3102 5786 paralyticum
3139 5735 3152 5772 ε
3229 5737 3246 5769 ι
3273 5717 3578 5776 Remittun-

1997 5806 2084 5855 tur
2117 5797 2213 5854 tibi
2242 5810 2464 5870 peccata
2492 5813 2580 5860 tua
2606 5819 2622 5870 ;
2648 5822 2667 5856 ι
2703 5815 2758 5862 et
2786 5822 2800 5863 :
2831 5825 2848 5860 ι
2874 5807 3046 5871 Surge
3077 5817 3130 5865 et
3159 5811 3376 5869 ambula
3399 5829 3446 5878 ;ι
3477 5825 3531 5869 et
3554 5831 3575 5870 :
