4046 6430
481 324 594 387 51‘.)

1344 308 1729 372 SYMEONIS
1762 303 2211 367 TUESSALON
2225 302 2527 364 lCENSIS
2558 302 2920 365 ARClIlEP.

3635 305 3747 368 529

488 454 509 488 ι
536 434 678 489 Ecce
695 441 864 485 sanus
888 423 1064 480 factus
1079 433 1174 489 es;
1196 420 1309 491 jam
1333 418 1443 474 noli
1464 429 1711 489 peccare,
1730 430 1800 470 ne
1822 414 2067 472 deterius
2093 430 2109 474 Α

2195 411 2287 477 :al,
2327 411 2565 482 Ἔγειρε
2592 410 2692 467 καί
2720 411 3073 481 περιπάτει*
3122 411 3241 474 καὶ,
3276 412 3392 467 Ἴδε
3436 414 3614 484 ὑγιὴς
3651 416 3756 489 γέ-

484 524 583 580 tibl
612 520 819 591 aliquid
845 518 1149 586 contingat.
1183 531 1201 566 ι
1249 512 1330 568 11ιί
1359 526 1492 567 vero
1515 510 1757 583 cogitant
1784 508 2063 564 contrario

485 612 783 672 Salvatoris
803 610 1029 681 ejusque
1053 604 1334 677 apostolis,
1367 612 1425 660 et
1452 618 1562 659 non
1610 601 1937 658 alleviandis
1969 599 2067 656 sed

491 706 859 763 morientibus
878 701 1022 757 istud
1043 707 1329 755 autumant
1346 711 1467 753 esse
1483 695 1900 751 conferendum.
1918 691 2068 761 Qua-

486 812 711 872 propter
788 797 892 851 hoc
944 807 1059 847 non
1120 791 1328 846 faciunt
1360 787 1665 845 secundum
1711 785 2069 872 apostolicam

489 869 841 945 traditionem
895 881 1147 939 advocati
1183 881 1252 936 ab
1303 877 1384 935 eis
1419 877 1514 948 qui
1543 889 1683 946 opus
1713 873 1942 936 habent,
1972 869 2070 926 sed

489 979 746 1052 proprios
797 990 930 1031 usus
994 975 1264 1030 facientes
1318 968 1661 1028 custodiunt.
1722 964 1792 1019 Et
1816 971 2068 1019 sanctum

490 1073 710 1143 quidem
736 1068 870 1125 dicit
897 1065 1248 1134 Evangelium
1286 1078 1303 1119 :
1340 1080 1361 1114 t
1392 1059 1680 1131 Ungebant
1712 1056 1836 1111 oleo
1866 1053 2072 1143 multos

491 1142 687 1235 aegros,
714 1169 769 1215 et
791 1158 1095 1225 sanabant;
1139 1174 1159 1208 ι
1202 1153 1281 1211 illi
1315 1160 1493 1206 autem
1524 1151 1679 1204 aiunt
1702 1162 1808 1201 non
1834 1142 2072 1201 conferri

488 1261 894 1312 sacramentum
928 1257 985 1304 ut
1019 1256 1302 1308 sanentur.
1341 1244 1435 1300 sed
1465 1254 1525 1298 ut
1551 1239 1889 1298 insanabiles
1941 1237 2075 1291 fiant

490 1358 547 1402 et
570 1345 896 1400 moriantur.
954 1341 1000 1397 Ο
1026 1342 1217 1405 homo,
1251 1339 1473 1410 ignoras
1499 1333 1889 1406 mysteriorum
1920 1328 2072 1385 noti-

492 1438 646 1503 tiam,
680 1446 738 1492 et
791 1432 1179 1491 datnnahiliter
1209 1445 1385 1485 erras.
1453 1426 1590 1482 Nam
1632 1421 1991 1503 Evangeliunt
2017 1430 2076 1477 et

491 1530 615 1600 ejus
649 1528 744 1599 qui
774 1528 881 1583 hoc
908 1526 1059 1581 dedit
1087 1524 1253 1579 frater
1286 1523 1548 1578 dixerunt
1581 1521 1729 1577 istud
1761 1521 1946 1576 oleum
1973 1535 2075 1589 pro

493 1621 728 1677 inﬁrmis
762 1617 995 1684 institui,
1050 1625 1109 1670 ut
1138 1615 1312 1691 uncti,
1359 1613 1600 1669 dimissis
1645 1613 1908 1682 peccatis,
1944 1611 2079 1668 alle-

494 1714 743 1778 vientur,
773 1707 1236 1782 quemadmodum
1266 1706 1487 1776 utrique
1517 1705 1818 1776 paralytico
1841 1704 2081 1760 declara-

497 1813 615 1859 tum
645 1812 775 1872 est;
824 1797 1094 1858 ambobus
1127 1800 1273 1859 enim
1308 1798 1444 1854 dixit
1472 1797 1718 1855 Salvator
1747 1813 1764 1853 :
1829 1814 1849 1849 ι
1883 1796 2082 1851 Dimit-

499 1902 692 1952 tuntur
720 1895 817 1950 tlbi
850 1901 1069 1965 peccata
1097 1901 1187 1947 tua
1219 1909 1240 1945 ι
1269 1889 1720 1960 ἰηιίεζοειοιιάειιε
1745 1878 2084 1945 infirmitatis

499 2002 723 2046 causam
750 2001 877 2043 esse
909 1992 1153 2065 peccata.

853 2273 1015 2344 202
1054 2268 1285 2327 CAPUT
1334 2265 1709 2326 CCLXXXVI.

502 2367 660 2439 Quod
690 2365 937 2432 aliudsit
993 2362 1337 2426 eucltelmum,
1369 2362 1519 2416 aliud
1548 2363 1724 2417 oleum
1757 2377 1858 2434 quo
1888 2362 2089 2437 mortui

1094 2442 1486 2503 perunguntur.

573 2531 960 2588 Verumtamen
980 2528 1179 2584 mortui
1197 2542 1415 2597 quoque
1434 2527 1557 2588 oleo
1573 2535 1871 2599 unguntur,
1893 2542 2091 2598 quem-

506 2624 792 2682 admodum
843 2623 1064 2679 divinus
1095 2620 1234 2676 dixit
1271 2619 1583 2691 Dionysius,
1644 2621 1699 2676 in
1728 2621 1941 2693 signum
1990 2636 2093 2676 un-

505 2716 708 2772 ctionis
758 2714 865 2771 olei
919 2729 951 2769 a
996 2712 1265 2785 principio
1325 2712 1380 2767 in
1419 2713 1690 2783 baptismo
1737 2723 2001 2785 acceptae,
2033 2722 2091 2769 ct

508 2809 677 2880 hujus
725 2808 865 2863 ritus
901 2805 995 2862 dat
1027 2805 1299 2860 rationem
1325 2842 1341 2870 ,
1384 2818 1583 2874 nempe
1637 2805 1896 2874 quoniam
1962 2822 2089 2861 cum

508 2901 601 2956 ille
631 2899 723 2970 qui
757 2898 813 2953 in
844 2897 1064 2953 Christo
1094 2895 1352 2952 occubuit
1375 2905 1433 2951 et
1468 2894 1610 2952 bene
1639 2905 1695 2951 et
1725 2895 1940 2969 fortiter
1966 2913 2087 2953 cer-

509 3005 688 3046 tamen
717 2988 1119 3046 consummavit
1151 2987 1217 3043 ad
1248 2987 1394 3056 quod
1418 2987 1660 3057 primutn
1696 2987 1859 3043 etiam
1889 2998 2090 3045 unctus

508 3088 706 3145 fuerat,
731 3097 878 3136 nunc:
902 3094 1123 3148 quoque
1151 3081 1272 3133 oleo
1292 3079 1515 3133 lenitur.
1541 3077 1695 3144 Quod
1725 3079 1779 3132 lit
1820 3079 2087 3136 indicium

509 3173 736 3236 Christi,
772 3180 829 3227 et
884 3171 1124 3242 sigillum
1173 3170 1572 3225 disretlentiutn
1629 3170 1683 3224 in
1731 3170 1976 3238 Christo,
2026 3171 2082 3227 in

512 3260 1007 3316 sanctificationem
1038 3268 1379 3314 mortuorum
1411 3274 1724 3330 corporum,
1758 3277 1950 3318 eorum
1991 3263 2084 3332 qui

512 3368 608 3423 pro
640 3351 862 3409 Christo
892 3358 1200 3422 pugnantes
1232 3350 1318 3407 his
1352 3351 1408 3406 in
1449 3353 1614 3408 terris
1646 3353 1737 3423 pie
1770 3356 2083 3411 conversati

512 3456 660 3508 sunt,
694 3452 750 3498 et
782 3445 945 3497 etiam
984 3444 1036 3495 in
1098 3441 1361 3497 honorem
1392 3441 1652 3512 ipsorum,
1697 3447 1956 3516 quoniam
1995 3461 2088 3501 se-

512 3537 749 3592 cundum
774 3535 1055 3592 Christum
1088 3535 1362 3603 vixerunt,
1394 3536 1550 3606 cujus
1587 3538 1803 3609 signum
1845 3549 1932 3594 est
1960 3555 2090 3593 san-

512 3626 804 3680 ctilit-atu'm
838 3625 1114 3683 unctionis
1157 3626 1361 3681 oleum.
1420 3625 1549 3681 Ideo
1581 3628 1742 3681 etiam
1771 3629 2089 3683 sacerrimis

513 3727 811 3786 martyrum
833 3719 1090 3788 reliquiis,
1109 3719 1214 3774 sub
1240 3719 1395 3773 altari
1423 3718 1607 3774 divino
1639 3721 1785 3775 velut
1812 3721 1865 3775 in
1897 3737 2092 3777 monu-

514 3817 698 3864 mento
741 3811 1040 3879 suppositis
1099 3819 1348 3866 sanctum
1397 3810 1574 3881 ipsum
1643 3811 1952 3868 infunditur
1989 3830 2093 3869 un-

511 3909 772 3970 guentum
838 3902 961 3958 loco
1016 3902 1178 3959 istius
1208 3903 1339 3965 olei.
1396 3903 1665 3960 Perl‘eetis
1705 3906 1851 3960 enim
1879 3906 2091 3965 infundi

514 3997 676 4053 debet
716 3993 1201 4064 perfectissimum.

986 4108 1221 4167 CAPUT
1248 4111 1649 4170 CCLXXXVI].

480 4176 486 4183 .
518 4203 665 4271 Quod
689 4202 960 4257 monachis
987 4203 1249 4276 defunctis
1283 4204 1478 4269 oleum,
1509 4206 1660 4262 (uicis
1686 4207 1860 4276 putris
1892 4223 1957 4265 ex
1977 4208 2098 4263 tltu-

1019 4272 1188 4329 rtlmlo
1216 4276 1563 4348 inspergitur.

587 4369 759 4439 Igitur
779 4383 877 4424 nos
893 4368 1039 4423 istud
1062 4369 1466 4439 sicimplemus.
1487 4369 1772 4428 Fratribus
1800 4374 2020 4443 quidem
2041 4374 2098 4429 in
2184 4375 2189 4380 ’

2168 520 2375 573 rarae,
2398 505 2615 573 μηκέτι
2653 504 2975 574 ἁμάρτανε,
3025 504 3130 559 ἵνα
3175 503 3265 573 μὴ
3300 505 3503 575 χεῖρόν
3547 510 3607 563 τί
3649 527 3754 565 σοι

2166 594 2435 667 γένηται.
2467 597 2532 651 Ol
2554 597 2611 651 δέ
2656 598 2986 662 ἀπεναντίας
3014 597 3275 669 φρονοῦσι
3324 601 3404 670 τῷ
3450 601 3669 672 Σωτῆρι
3695 620 3757 656 τε

2167 690 2264 743 καὶ
2296 692 2410 754 τοῖς
2445 688 2769 753 ἀποστόλοις
2811 682 2999 745 αύτοῦ.
3054 690 3169 746 Καὶ
3213 693 3328 756 τοῖς
3360 692 3436 764 μὴ
3471 695 3756 766 ἐγειρομέ-

2169 796 2305 847 νοις,
2333 780 2448 833 ἀλλ’
2490 780 2903 852 ἀποθνήσκουσι
2956 782 3117 836 τοῦτό
3170 799 3304 850 φασι
3346 784 3606 840 δίδοσθαι.
3661 785 3759 839 Διδ

2170 871 2268 924 καὶ
2299 869 2363 924 οὐ
2400 870 2542 925 κατὰ
2568 870 2670 942 τὴν
2711 870 3082 942 ἀποστολικὴν
3125 871 3288 927 τοῦτο
3331 875 3545 928 ποιοῦσι
3575 875 3759 946 παρά-

2170 964 2340 1028 δοσιν,
2380 963 2852 1034 προσκαλούμενοι
2904 964 3060 1034 παρὰ
3091 964 3201 1019 τῶν
3246 966 3584 1037 χρῃζόντων,
3634 967 3761 1022 ἀλλ’

2175 1055 2283 1127 ίδὲᾳ
2323 1056 2613 1119 ποιοῦντες
2640 1055 2989 1126 φυλάττουσι.
3033 1055 3144 1111 Kal
3178 1056 3238 1110 τὸ
3287 1057 3387 1126 μὲν
3419 1058 3564 1129 ίερόν
3592 1076 3762 1129 φησιν

2153 1148 2510 1216 Ἐὐαγγέλιον
2533 1163 2546 1179 ·
2582 1148 2695 1202 Kal
2733 1146 2992 1217 ἤλειφον·
3027 1147 3211 1215 ἐλαίῳ
3256 1148 3537 1216 πολλοὺς
3564 1149 3762 1218 άρῤώο

2173 1256 2366 1317 στους
2416 1238 2518 1294 καὶ
2570 1240 2962 1307 ἐθεράπευον·
3016 1241 3067 1294 οί
3103 1240 3161 1295 δέ
3212 1240 3415 1295 διὸὖναι
3465 1242 3542 1312 μὴ
3582 1242 3664 1307 είς
3690 1236 3765 1298 ab

2174 1331 2605 1403 θεραπεύεσθαι,
2641 1332 2758 1386 ἀλλ’
2792 1334 2877 1396 είς
2926 1332 2989 1385 τὸ
3018 1328 3160 1389 εἶναι
3210 1335 3624 1403 ἀθεραπεύτους
3663 1337 3766 1389 καὶ

2178 1424 2550 1495 ἀποθνήσκειν
2579 1424 2763 1493 φασίν.
2802 1424 3112 1496 Ἄνθρωπε,
3165 1426 3386 1493 ἀγνοεῖς
3423 1426 3525 1498 τὴν
3556 1427 3768 1497 γνῶσιν

2178 1515 2292 1569 τῶν
2320 1514 2660 1584 μυστηρίων,
2684 1515 2783 1567 καὶ
2811 1514 3125 1579 emensae;
3161 1517 3366 1587 ἀπατᾷ.
3402 1516 3476 1568 Τὸ
3508 1518 3610 1586 μὲν
3650 1519 3768 1590 γὰρ

2179 1605 2541 1674 Εὐαγγὲλιον,
2564 1607 2659 1659 καὶ
2689 1603 2784 1659 τοῦ
2818 1604 3113 1670 δεδωκότος
3137 1608 3297 1660 τοῦτο
3319 1610 3347 1660 6
3366 1609 3592 1681 ἀδελφς
3621 1610 3769 1682 ύπὶρ

2180 1696 2491 1766 ἀρρώστων
2520 1695 2680 1750 τοζτό
2710 1713 2844 1766 φησι
2870 1698 2931 1749 τὸ
2965 1696 3169 1764 ἔλαιον,
3197 1700 3292 1754 καὶ
3335 1699 3413 1763 είς
3443 1700 3502 1754 τὸ
3531 1699 3769 1771 ἀφεθέν-

2182 1807 2283 1854 τας
2309 1790 2379 1843 τά
2416 1790 2796 1862 ἀμαρτὴματα
2831 1791 3159 1861 χριομένους
3188 1792 3528 1864 ἐγείρεσθαι,
3576 1796 3771 1860 καθὼς

2183 1884 2281 1937 καὶ
2302 1882 2379 1953 τῷ
2419 1884 2500 1935 ἐνὶ
2533 1885 2628 1938 καὶ
2676 1883 2850 1953 ἐτέρῳ
2894 1884 3197 1956 παραλύτῳ
3239 1887 3463 1960 ἐρρέθη.
3505 1888 3618 1942 Kal
3649 1892 3772 1954 τοῖς

2183 1974 2279 2027 δύο
2307 1975 2415 2045 γὰρ
2440 1975 2643 2046 ἔφησεν
2668 1976 2696 2028 6
2730 1975 2944 2045 Σωτὴρ,
2987 1976 3317 2046 Ἀφέωνταί
3344 1996 3444 2034 σοι
3474 1980 3536 2033 at
3581 1980 3773 2049 ἀμαρ-

2187 2068 2309 2122 τίαι
2335 2083 2477 2148 σου·
2510 2068 2586 2132 ὡς
2617 2068 2980 2141 δεικνυμένης
3010 2069 3108 2142 τῆς
3154 2071 3467 2142 ἀρρωστίας
3493 2072 3553 2139 ἐξ
3582 2073 3775 2137 αἰτίας

2188 2163 2609 2234 ἁμαρτημάτων
2636 2154 2799 2218 εἶναι.

2533 2275 2695 2347 202
2741 2280 2987 2335 ΚΕΦΔΛ.
3022 2280 3205 2347 Σῐιεῖο.

2189 2371 2321 2424 Ὀτι
2354 2368 2562 2441 ἕτερον
2588 2371 2708 2441 μὲν
2746 2370 2815 2426 τὸ
2856 2373 2964 2427 τοῦ
2998 2374 3345 2441 εὐχελαίου,
3375 2371 3581 2441 ἕτερον
3603 2372 3673 2427 δὲ
3702 2375 3778 2428 τὸ

2544 2442 2782 2511 νεκροῖς
2823 2443 3147 2512 χριόμενον
3181 2444 3415 2508 ἔλαιον.

2261 2533 2408 2604 Πλὴν
2438 2533 2495 2587 δὲ
2524 2533 2616 2587 xal
2645 2534 2830 2605 νεκροὶ
2856 2533 3022 2604 ἐλαίῳ
3056 2534 3392 2603 ἀλείφονται,
3449 2533 3526 2597 ὡς
3563 2534 3591 2587 6
3623 2534 3780 2598 θεῖός

2191 2643 2327 2696 φησι
2356 2626 2654 2691 Διονύσιος,
2690 2627 2770 2687 είς
2814 2625 2991 2680 τύπον
3016 2626 3118 2696 τῆς
3149 2626 3379 2697 κρίσεως
3405 2627 3500 2680 τοῦ
3533 2626 3623 2692 ἐξα
3637 2628 3782 2697 ρχῆς

2193 2716 2377 2771 ἐλαίου
2404 2715 2498 2771 τοῦ
2523 2719 2580 2770 ἐν
2605 2714 2682 2786 τῷ
2713 2716 3078 2788 βαπτίσματι.
3122 2719 3231 2773 Καὶ
3261 2717 3351 2771 τὸν
3393 2716 3551 2787 λόγον
3583 2718 3779 2772 δίδωσι

2192 2808 2411 2872 τούτου,
2445 2810 2528 2862 ὅτι
2558 2808 2739 2870 καλῶς
2768 2799 2865 2862 καῖ
2892 2809 3158 2876 γενναίως
3194 2813 3223 2863 6
3251 2812 3308 2863 ἐν
3333 2810 3554 2881 Χριστῷ
3586 2810 3779 2865 τελευ-

2190 2901 2367 2970 τήσας
2402 2901 2495 2953 τον
2537 2899 2725 2968 ἀγῶνα
2760 2898 3076 2968 τετελεκὼς,
3102 2901 3170 2955 δι’
3198 2901 3258 2955 δν
3282 2901 3377 2957 καὶ
3404 2901 3598 2973 πρῴην
3624 2903 3782 2973 ἠλεί-

2192 2992 2359 3063 ψατο,
2390 2994 2485 3045 καὶ
2530 2990 2635 3043 νῦν
2663 2990 2830 3060 ἐλαίῳ
2872 2989 3194 3059 ἀλείφεται·
3237 2994 3331 3047 καὶ
3373 2992 3530 3048 τοῦτο
3559 2994 3638 3056 είς
3682 3011 3782 3065 ση-

2201 3087 2427 3154 μείωσιν
2461 3081 2702 3153 Χριστοῦ
2736 3083 2834 3137 καὶ
2858 3084 3133 3154 σφραγῖδα
3158 3083 3269 3141 τῶν
3289 3086 3346 3139 ἐν
3367 3085 3589 3157 Χριστῷ
3610 3086 3784 3140 ἀπελ-

2201 3176 2424 3241 θόντων,
2456 3174 2550 3228 καὶ
2576 3176 2656 3239 είς
2682 3176 2956 3247 ἀγιασμὺν
2977 3179 3087 3232 τῶν
3112 3178 3324 3248 νεκρῶν
3352 3180 3640 3248 σωμάτων,
3665 3181 3781 3234 τῶν

2200 3268 2594 3340 ἠγωνισμένων
2617 3268 2755 3339 ὑπὲρ
2787 3269 3028 3341 Χριστοῦ
3061 3270 3155 3325 καὶ
3186 3270 3423 3335 εὐσεϐῶς
3456 3271 3783 3328 πολιτευσα-

2206 3369 2384 3435 μένων
2423 3362 2682 3430 ἐνταῦθα,
2716 3364 2814 3419 καὶ
2851 3366 2930 3427 είς
2967 3364 3132 3436 τιμὴν
3166 3363 3224 3418 δὲ
3255 3365 3456 3433 αὐτῶν,
3498 3367 3582 3421 ὅτι
3637 3368 3783 3422 κατά

2203 3457 2440 3526 Χριστὸν
2464 3454 2688 3524 ἔζησαν,
2706 3450 2767 3509 οῦ
2797 3459 3021 3525 σημεῖον
3047 3456 3147 3525 τῆς
3169 3459 3402 3529 κρίσεως
3428 3459 3490 3513 τὸ
3513 3460 3783 3531 ἡγιασμέ-

2202 3566 2292 3602 νον
2323 3549 2498 3602 ἔλαιόν
2540 3550 2675 3602 ἐστι.
2716 3547 2807 3601 Διὸ
2831 3549 2925 3602 καὶ
2961 3550 3072 3612 τοίς
3111 3551 3554 3621 κατατιθεμὲνοις
3588 3550 3782 3624 ὥσπερ

2204 3643 2263 3695 ἐν
2303 3641 2460 3711 τάφῳ
2489 3641 2593 3695 ὑπὸ
2620 3641 2683 3694 τὸ
2713 3640 2858 3694 θετον
2888 3634 3278 3712 θυσιαστήριον
3328 3642 3641 3714 ἱερωτάτοις
3668 3643 3785 3697 τῶν

2200 3733 2504 3803 ’μαρτύρων
2554 3731 2830 3802 λειψάνοις
2892 3732 2987 3785 καὶ
3020 3730 3191 3804 μύρον
3237 3732 3394 3802 ἅγιον
3427 3731 3785 3787 amoenam

2205 3811 2328 3880 ἀντὶ
2355 3823 2449 3879 τοῦ
2479 3824 2658 3879 ἐλαίου
2683 3826 2898 3879 τούτου.
2935 3822 3064 3886 Τοῖς
3095 3822 3203 3895 γὰρ
3241 3823 3471 3889 τελείοις
3518 3827 3626 3896 χρὴ
3656 3824 3782 3879 em.

2204 3915 2424 3973 ϐάλλειν
2453 3916 2515 3971 τὸ
2542 3916 2892 3971 τελεώτατον.

3686 4028 3731 4059 .‘a":

2770 4120 3023 4176 ΚΕΦᾹΛ.
3060 4121 3227 4179 ΣΠΖ’.

2210 4211 2337 4267 Ὅτι
2367 4213 2577 4268 ἔλαιον
2592 4213 2709 4284 μὲν
2746 4215 2872 4286 τοῖς
2907 4214 3221 4286 ιιονακοῖς,
3240 4216 3407 4286 ,χοῦς
3435 4215 3504 4270 δὲ
3535 4216 3639 4272 τοῦ
3681 4220 3790 4274 ου-

2379 4285 2697 4352 μιατηρίου
2727 4284 2846 4352 τοῖς
2880 4284 3193 4354 κοσμιὶοῖς
3223 4284 3633 4341 ἐπιϐάλλεται.

2289 4375 2400 4427 Καὶ
2439 4377 2601 4446 ἡμεῖς
2626 4377 2806 4430 τοίνυν
2836 4375 3000 4430 τοῦτο
3044 4376 3329 4447 τελοῦμεν.
3395 4378 3504 4431 Kal
3536 4380 3649 4442 τοῖς
3698 4396 3792 4434 τε-

523 4462 747 4518 Chrtslo
762 4459 987 4514 mortuis
1012 4458 1349 4515 infundimus
1380 4462 1586 4528 oleum,
1615 4466 1760 4534 quod
1788 4475 1968 4521 tamen
1991 4482 2103 4523 non

2210 4463 2444 4519 θνεῶσιν
2476 4466 2535 4519 ἐν
2567 4466 2792 4538 Χριστῷ
2823 4467 3075 4538 ἀδελφοῖς
3104 4468 3401 4539 ἐπιχέομεν
3421 4468 3620 4523 ἔλαιον·
3647 4470 3793 4542 πλὴν

524 4563 613 4610 cst
647 4562 900 4609 sanctum
930 4551 1108 4606 oleum
1142 4553 1281 4608 vivis
1308 4552 1517 4617 datum,
1547 4555 1625 4608 ait
1654 4554 1863 4612 Christi
1884 4555 2100 4623 Frater,

526 4646 618 4703 sed
645 4644 823 4700 oleum
846 4658 911 4698 ex
931 4645 1183 4716 lampade
1207 4645 1394 4715 templi
1422 4645 1504 4700 vel
1530 4645 1713 4714 potius
1738 4647 1923 4703 altaris
1942 4663 2107 4705 exce-

520 4747 699 4809 ptum.
716 4736 783 4791 Et
799 4735 1008 4790 nullum
1056 4751 1123 4791 ex
1155 4737 1437 4792 monachis
1466 4736 1932 4807 sepelimus,quin
1959 4739 2111 4810 prius

521 4828 703 4883 oleum
725 4827 964 4883 lucerna:
982 4827 1164 4899 vigilis
1178 4829 1230 4883 in
1243 4843 1445 4898 corpus
1458 4828 1578 4900 ejus
1595 4827 1966 4896 infundamus,
1985 4846 2110 4887 eum

528 4921 593 4977 sit
615 4920 1015 4976 sanctiﬁcatum
1056 4930 1244 4989 utpote
1273 4919 1473 4975 ardens
1521 4921 1579 4975 in
1609 4931 1905 4991 conSpectu
1935 4922 2115 4981 Domi-

523 5014 583 5068 ni
608 5028 626 5082 ;
665 5012 909 5083 profanis
927 5012 1188 5068 fratribus
1212 5013 1310 5083 qui
1332 5012 1388 5066 in
1416 5011 1636 5069 Christo
1649 5013 1906 5070 obierunt
1934 5017 2113 5072 thuris

529 5106 742 5176 copiam
774 5113 1034 5175 tanquam
1058 5119 1272 5159 sacram
1311 5115 1369 5169 et
1398 5105 1577 5181 crucis
1612 5104 1772 5175 signo
1798 5108 2114 5164 sanctifica-

527 5205 664 5257 tam,
695 5210 794 5265 per
823 5194 1196 5249 suliimentum
1233 5196 1285 5248 in
1319 5195 1548 5250 lorntam
1591 5198 1775 5254 crucis
1802 5199 2113 5269 injicimus,

526 5288 849 5357 priusuuam
898 5284 1126 5339 omnino
1190 5295 1393 5341 terram
1430 5287 1809 5356 immittamus,
1857 5293 2117 5348 commit-

2206 4557 2268 4609 οὐ
2306 4558 2367 4609 τὸ
2399 4556 2677 4628 διδόμενον
2715 4558 2873 4628 ἅγιον
2903 4560 3080 4614 ἔλαιον
3107 4562 3221 4624 τοῖς
3254 4559 3452 4623 ζῶσιν,
3505 4561 3534 4615 ὅ
3564 4578 3729 4632 φησιν
3763 4565 3793 4617 6

2207 4646 2532 4717 Θεὰδελφος,
2560 4648 2680 4704 ἀλλ’
2708 4651 2772 4704 ἐκ
2810 4650 2908 4720 τῆς
2938 4650 3162 4722 λυχνίας
3190 4651 3286 4704 τοῦ
3320 4650 3475 4717 ναοῦ,
3511 4653 3603 4705 καὶ
3658 4654 3795 4724 μᾶ).-

2209 4737 2302 4793 λον
2333 4739 2430 4794 τοῦ
2488 4740 2902 4813 θυσιαστηρίου.
2958 4742 3071 4798 Καὶ
3116 4742 3311 4797 οὐδένα
3367 4743 3479 4798 τῶν
3534 4745 3791 4815 μοναχῶν

2211 4828 2492 4899 θάπτομεν
2517 4831 2568 4886 εί
2613 4832 2689 4904 μὴ
2716 4834 2811 4888 καὶ
2852 4833 2915 4888 τὺ
2957 4833 3062 4904 τῆς
3110 4834 3453 4905 φωταγωγοῦ
3502 4835 3684 4891 ἔλαιον
3711 4835 3794 4907 τῷ

2211 4919 2453 4993 tuan
2491 4923 2779 4993 ἐκχέομεν,
2817 4925 3154 4996 ἡγιασμένον
3181 4926 3266 4991 ὃν,
3300 4929 3379 4992 ὡς
3411 4927 3647 4983 ἐνώπιον
3676 4929 3798 4982 Ku-

2215 5013 2333 5085 ρίου
2370 5014 2634 5069 ἀνάπτον.
2676 5016 2787 5069 Kal
2834 5018 2895 5073 ἐν
2924 5018 3039 5083 τοῖς
3080 5021 3374 5089 κοσμικοῖς
3400 5018 3455 5074 δὲ
3484 5020 3629 5074 κατά
3655 5020 3798 5091 Χρι-

2216 5105 2341 5159 στὸν
2389 5105 2639 5176 ἀδελφοῖς
2683 5106 3040 5180 τελευτήσασι
3076 5108 3210 5182 χοῦν
3259 5111 3356 5165 τοῦ
3401 5110 3798 5183 θυμιατηρίου,

2214 5199 2291 5263 ὡς
2327 5200 2475 5272 ἱερὸν
2504 5203 2603 5257 καὶ
2632 5201 2973 5274 ἡγιασμένον
3004 5205 3290 5297 τελοῦντα,
3322 5209 3388 5277 τῇ
3435 5207 3531 5260 τοῦ
3559 5206 3801 5275 σταυροῦ

2218 5294 2483 5365 σφραγίδι
2511 5294 2601 5349 διὰ
2634 5295 2727 5349 τοῦ
2774 5294 3121 5367 θυμιάματος
3164 5297 3524 5369 σταυροειδῶς
3570 5296 3805 5362 ἐπιβάλ-

532 5383 716 5431 tentes
762 5375 1160 5429 sanctiﬁcatum
1188 5378 1244 5430 in
1298 5377 1521 5434 Christo
1553 5390 1713 5437 terra;
1762 5382 2109 5439 sanctiﬁcata:

2219 5384 2409 5455 λομεν,
2447 5387 2556 5455 πρὸ
2582 5386 2683 5458 τῆς
2717 5387 2907 5452 ἁπλῶς
2947 5388 3385 5460 ἐπιϐαλλομένης
3413 5384 3535 5459 γῆς,
3569 5387 3801 5461 παραδυ-

530 5464 836 5522 secundum
900 5463 1142 5520 divinam
1200 5472 1557 5538 sententiam,
1613 5474 1789 5544 donec
1839 5483 2117 5547 resurgat.

538 5557 641 5613 Alii
669 5570 799 5610 vero
823 5557 1192 5629 religiosiores
1217 5561 1315 5616 viri
1348 5562 1528 5620 adhuc
1560 5566 1809 5622 viventes
1853 5565 2120 5622 euchelaai

537 5647 858 5723 mysterium
916 5654 1237 5717 coniiciunt,
1272 5656 1325 5711 in
1378 5657 1618 5729 ipsorum
1677 5660 2121 5731 propitiationem

542 5754 604 5802 et
637 5744 942 5807 absolutam
997 5758 1348 5817 peccatorum
1409 5752 1808 5817 remissionem.
1867 5763 1921 5810 ct
1962 5753 2007 5813 si
2053 5753 2121 5812 ad

2220 5476 2400 5541 δόντες
2427 5477 2518 5533 τὸν
2545 5479 2882 5550 ἡγιασμένον
2913 5481 2972 5535 ιν
3020 5480 3244 5552 Χριστῷ
3288 5483 3347 5535 ἐν
3380 5482 3697 5554 ἡγιασμένη
3723 5483 3802 5554 γῇ

2222 5569 2367 5623 κατά
2400 5569 2499 5642 τὴν
2545 5569 2701 5626 θείαν
2733 5571 3033 5642 ἀπόφασιν,
3092 5573 3533 5645 συντηρούμενον
3577 5572 3685 5636 ἕως
3730 5570 3804 5625 ἂν

2223 5659 2517 5734 ἐξαναστῇ.
2573 5663 2794 5735 Ἔτεροι
2852 5665 2910 5720 δέ
2966 5665 3073 5720 τῶν
3120 5665 3526 5738 εύλαύεστὲρων
3582 5663 3802 5735 ἀνδρῶν

2228 5753 2429 5819 ζῶντες
2460 5754 2540 5810 ἐτι
2570 5756 2630 5812 τδ
2656 5756 2752 5812 τοῦ
2788 5757 3075 5829 εύχελαίου
3108 5757 3321 5815 ποιοῦσι
3354 5757 3676 5827 μυστήριον,
3718 5754 3802 5821 εἲς
