4046 6420
323 324 423 399 521
1624 318 1726 389 DE
1768 328 1828 391 S.
1868 322 2317 390 EUCHELIEO.
3481 326 3586 387 5‘22

324 448 558 520 ἱλασμὸν
587 448 799 505 ἑαυτῶν
830 449 927 505 καὶ
948 444 1269 503 τελευταίαν
1307 445 1723 517 ἁμαρτημάτων
1764 446 1897 514 ἄφε-

1997 450 2234 499 mortem
2303 438 2598 499 infirmitas
2652 441 2733 497 eis
2785 448 2890 505 εει,
2926 454 2991 495 ex
3027 439 3131 495 hoc
3160 434 3282 495 oleo
3315 440 3586 508 quoddam

322 557 431 596 σιν.
464 542 575 595 Καὶ
600 543 650 595 εί
674 541 814 612 πρὸς
845 538 1076 596 θάνατόν
1105 542 1267 605 εἰσιν,
1309 540 1372 594 ἐκ
1403 537 1594 592 τούτου
1626 538 1896 609 τηρεῖται,

2012 545 2285 597 servatur.
2322 544 2377 591 et
2417 546 2706 606 postquam
2742 534 3105 599 dormierunt,
3156 541 3453 602 praesentes
3490 547 3588 587 eos

320 631 418 688 καὶ
450 633 815 704 κοιμηθέντας
852 633 1052 697 αὐτοὺς
1095 633 1343 703 χρίουσιν
1394 633 1446 685 οἱ
1500 630 1893 700 προσήκοντες,

2004 634 2216 700 ungunt
2242 629 2294 681 in
2315 627 2552 697 sigillum
2572 626 3021 697 angnsussimum
3045 637 3354 679 sanctarum
3383 623 3592 687 obeun-

319 727 399 790 είς
452 726 725 795 σφραγῖδα
755 724 1061 796 ἱερωτάτην
1092 726 1202 780 τῶν
1236 723 1402 779 ὁσίων
1436 724 1531 778 τοῦ
1570 723 1899 785 ἀπελθόντος

2004 722 2074 775 tis
2120 720 2499 790 reliquiarum,
2538 708 2912 788 honoremque
2961 728 3013 772 et
3056 716 3585 781 sanctificationem;

316 818 587 888 λειψάνων
630 819 726 871 καὶ
776 817 945 888 τιμὴν
1000 822 1096 871 καὶ
1136 818 1430 887 ἁγιασμόν.
1485 817 1666 884 Ἀξιοι
1703 815 1811 886 γὰρ
1848 814 1898 867 οἱ

2003 825 2129 866 nam
2157 810 2306 879 digni
2334 811 2546 866 suntin
2580 825 2753 882 agone
2780 810 2965 865 luctati
3020 809 3112 879 qui
3169 811 3340 864 sacris
3381 811 3594 862 unctio-

316 908 684 978 ἠγωνισμένοι
740 908 1005 977 τιμᾶσθαι
1060 911 1175 972 τοῖς
1238 911 1405 979 ίεροϊς
1459 907 1746 979 χρίσμασι·
1802 906 1900 960 καὶ

2000 901 2166 957 nibus
2208 902 2574 968 honorentur,
2622 911 2681 957 et
2712 902 2912 973 signari
2947 910 3167 971 oportet
3218 901 3373 971 signo
3407 900 3588 953 crucis

318 999 718 1070 σφραγίζεσθαι
746 999 865 1053 δέον
896 998 1413 1071 σφραγῖδιΧριστοῦ
1445 1001 1572 1061 τοὺς
1603 998 1741 1052 κατὰ
1764 988 1903 1069 Χρι-

2001 1011 2098 1051 eos
2123 996 2216 1066 qui
2246 996 2547 1050 secundum
2574 996 2853 1051 Christum
2882 996 3156 1050 vixerunt.
3221 995 3451 1061 Insuper
3481 994 3592 1048 eis-

316 1092 444 1145 στδν
474 1090 776 1164 ζήσαντας.
810 1093 925 1147 Καὶ
969 1092 1053 1147 ἔτι
1082 1093 1397 1164 ἐπιχέουσιν
1429 1091 1608 1145 ἔλαιον
1642 1092 1899 1158 ἐνταφια-

2000 1090 2123 1145 dem
2158 1089 2383 1159 sepultis
2415 1090 2595 1145 oleum
2624 1089 2947 1153 infundunt,
2975 1089 3219 1144 divinam
3259 1090 3584 1141 invocantes

318 1162 569 1252 ζομένοις
603 1162 812 1249 αύτοῖς,
847 1183 940 1238 τὸν
980 1184 1125 1237 θεῖον
1162 1162 1311 1238 ἔλεον
1345 1181 1759 1254 ἐκκαλούμενοι.
1796 1177 1899 1237 Οὗ-

2000 1182 2459 1238 misericordiatn.
2516 1182 2615 1238 Hic
2647 1193 2732 1239 est
2766 1182 2888 1237 finis
2941 1182 3046 1236 olei
3094 1184 3239 1253 quod
3274 1180 3587 1235 viventibus

315 1294 405 1339 τος
438 1277 467 1330 ὁ
502 1276 708 1341 σκοπὸς
738 1275 835 1330 τοῦ
861 1278 1018 1347 ἁγίου
1051 1277 1258 1343 ἐλαίου,
1288 1279 1399 1340 τοῖς
1428 1277 1564 1341 ζῶσι
1593 1276 1897 1347 διδομένου,

2000 1273 2180 1342 datur,
2216 1286 2278 1330 ut
2337 1275 2520 1330 vivant
2581 1282 2634 1329 et
2688 1282 2945 1329 maneant
3003 1274 3237 1344 purgati,
3293 1276 3387 1328 sed
3450 1272 3590 1325 vivis

313 1367 455 1424 ὥστε
487 1370 654 1439 ζῆσαι
686 1371 780 1424 καὶ
816 1371 1002 1439 μένειν
1037 1370 1513 1441 κεκαθαρμένους·
1548 1370 1609 1424 ού
1649 1369 1756 1442 μὴν
1785 1370 1898 1441 τοῖς

2030 1382 2350 1439 ιεᾳυειιυειη
2382 1367 2668 1423 confertur
2718 1378 2778 1423 ut
2814 1369 3141 1433 moriantur,
3181 1382 3283 1422 nec
3343 1366 3588 1420 sanatio-
3623 1353 3628 1361 ’

312 1461 481 1526 ζῶσιν
514 1461 658 1515 ὥστε
700 1461 903 1529 θανεῖν,
958 1463 1053 1517 καὶ
1101 1462 1176 1535 μὴ
1216 1460 1529 1535 προσδοκᾷν
1562 1461 1895 1532 ἐγείρεσθαιο

1998 1474 2126 1514 nem
2180 1470 2502 1530 exspectare
2554 1462 2786 1532 possint,
2831 1463 3090 1530 quoniam
3144 1462 3324 1529 potius
3374 1459 3439 1513 ad
3483 1459 3586 1511 hoc

311 1555 396 1609 ὅτι
420 1556 520 1609 καὶ
546 1555 638 1609 διὰ
660 1553 821 1610 τοῦτο
854 1555 1059 1624 μᾶλλον
1085 1556 1406 1628 παρέχεται,
1440 1555 1527 1609 ἵνα
1557 1554 1746 1626 ἐγείρῃ
1774 1555 1900 1617 τοὺς

1999 1549 2101 1603 fuit
2127 1550 2438 1606 institutum
2473 1562 2529 1607 ut
2556 1563 2752 1608 unctos
2780 1552 2999 1607 allevivt
3039 1553 3320 1615 Dominus,
3360 1559 3415 1605 et
3452 1567 3583 1620 pec-

289 1622 633 1718 ’χρισθέντας
683 1648 713 1700 ὁ
772 1622 1000 1717 Κύριος,
1049 1622 1261 1702 καὶντά
1292 1649 1676 1717 ἁμαρτήματα
1713 1622 1887 1710 αὐτοῖς

1999 1650 2119 1694 eata
2151 1641 2285 1708 ipsis
2315 1642 2683 1698 dimittantur.
2736 1642 2893 1709 Quod
2930 1643 3148 1712 iugiter,
3175 1651 3229 1696 et
3256 1642 3585 1721 nonsemel,

314 1739 514 1811 ἀφεθῇ.
539 1740 649 1794 Kal
679 1738 836 1794 τοῦτο
866 1741 1101 1794 πάντοτε
1125 1741 1219 1793 καὶ
1242 1741 1338 1809 οὐχ
1366 1741 1512 1805 ἅπαξ
1540 1740 1714 1794 ἔσται.
1738 1739 1896 1791 Ἐπεὶ

2003 1734 2128 1796 erit,
2164 1735 2623 1802 quemadmodum
2680 1745 2734 1790 et
2778 1735 2906 1790 illud
2940 1753 2952 1789 :
2998 1754 3016 1787 ι
3048 1734 3393 1789 Confitemini
3426 1732 3590 1788 alter-

313 1790 447 1894 ᾇᾶίξ
463 1790 513 1882 ἴ
534 1790 1003 1900 staminea;
1024 1790 1338 1900 arma,“
1359 1790 1515 1899 φηήσὶῐ
1549 1790 1628 1882 a
1642 1790 1900 1901 am-

2003 1834 2217 1888 utrum,
2248 1825 2447 1895 inquit,
2479 1834 2701 1897 peccata
2765 1839 2944 1882 vestra
2968 1870 2982 1895 ,
3020 1847 3037 1880 ι
3087 1828 3295 1883 scilicet
3347 1839 3585 1896 semper,

318 1939 461 1992 ματα
484 1936 498 1952 ⁶
532 1939 550 1973 ι
605 1922 696 1975 ἀεὶ
727 1921 972 1991 δηλονότι
999 1922 1093 1975 καὶ
1125 1924 1222 1991 οὐχ
1271 1922 1443 1987 ἅπαξ,
1481 1941 1499 1974 ι
1537 1921 1633 1974 καὶ
1674 1919 1899 1992 εὔχεσθε

2003 1917 2229 1973 minimc
2265 1932 2449 1975 autem
2480 1921 2650 1975 semel
2681 1936 2696 1976 :
2738 1939 2755 1972 ι
2784 1921 2947 1977 Orate
2984 1936 3080 1990 pro
3111 1922 3344 1975 invicem
3382 1930 3441 1974 ut
3479 1920 3587 1974 sal-

312 2013 453 2084 ύπὲρ
481 2013 750 2084 ἀλλήλων,
778 2015 929 2078 ὅπως
957 2012 1143 2083 ἰαθῆτε
1168 2029 1184 2045 ’
1228 2033 1247 2066 ι
1283 2015 1341 2066 ού
1378 2013 1691 2088 μίανκάλλὰ
1721 2014 1901 2083 διηνε-

2016 2009 2264 2073 remittit,
2325 2025 2432 2064 non
2474 2012 2642 2066 semel
2680 2021 2915 2078 tantum,
2956 2013 3050 2067 sed
3103 2012 3365 2066 continuo
3417 1994 3614 2074 adim-l

312 2105 441 2173 κῶς,
478 2108 561 2160 ὅτι
593 2106 691 2160 καὶ
723 2106 812 2159 διὰ
837 2106 1036 2169 παντὸς
1071 2105 1361 2176 πταίομεν.
1391 2105 1563 2159 Τοῦτο
1583 2106 1639 2159 δὲ
1665 2106 1724 2160 τὸ
1749 2107 1899 2177 χρίε-

2000 2102 2260 2170 piendum
2291 2114 2397 2169 est,
2438 2105 2697 2173 quoniam
2751 2104 2984 2175 singulis
3009 2106 3199 2160 diebus
3226 2105 3580 2160 offendimus.

310 2203 435 2255 σθαι
465 2200 698 2271 ὕστερον
726 2202 791 2254 ἐκ
808 2202 921 2272 ιτῆς
951 2200 1302 2270 ἀναπτούσης
1332 2202 1391 2253 ὲν
1424 2198 1499 2269 τῷ
1530 2199 1643 2269 ναῷ
1677 2199 1899 2270 λυχνίας

2003 2190 2183 2245 Semel
2212 2201 2393 2247 autem
2409 2192 2465 2246 fit
2493 2195 2764 2264 posterior
2795 2192 2923 2249 haec
2943 2196 3129 2249 unctio
3157 2211 3221 2250 ex
3258 2195 3507 2261 lampade
3530 2198 3583 2248 in

308 2294 395 2347 διὰ
428 2293 702 2364 σφραγῖδα
742 2295 835 2347 καὶ
868 2291 1148 2362 ἀγιασμὸν
1172 2292 1278 2345 τῶν
1308 2291 1579 2361 λειψάνων
1604 2291 1699 2347 τοῦ
1729 2293 1899 2346 ἀπελ-

2003 2286 2206 2354 templo
2263 2286 2510 2352 ardente,
2566 2287 2619 2342 in
2678 2288 2915 2358 sigillum
2982 2298 3038 2342 et
3088 2289 3581 2343 sanetificationem

309 2386 516 2451 θόντος,
545 2385 621 2450 ὡς
648 2385 745 2441 καὶ
776 2386 899 2449 τοῖς
930 2385 1257 2456 μυστηρίοις
1283 2384 1778 2458 προκαθαρθέντων
1802 2387 1895 2441 τοῦ

2000 2376 2355 2447 reliquiarum
2402 2377 2546 2433 illius
2580 2379 2675 2447 qui
2705 2381 2816 2435 vita
2848 2381 3120 2446 disressit,
3156 2392 3343 2451 utpote
3375 2382 3580 2436 ChriSli

309 2476 550 2551 Χριστοῦ
587 2478 683 2533 καὶ
715 2479 1071 2550 ἡγιασμένων
1105 2477 1185 2548 τῷ
1214 2477 1558 2549 βαπτίσματι
1584 2480 1678 2535 καὶ
1711 2479 1894 2550 μύρῳ,

2008 2469 2323 2540 mysteriis
2359 2482 2715 2541 purgatarum
2770 2482 2826 2527 et
2878 2474 3150 2543 baptismo
3203 2484 3586 2544 unguentoque

310 2571 403 2625 καὶ
438 2574 505 2642 τῇ
544 2572 751 2641 φρικτῇ
787 2569 1068 2642 κοινωνίᾳ.
1114 2569 1379 2625 Ἐνταῦθα
1410 2570 1467 2624 δὲ
1498 2572 1591 2625 καί
1622 2589 1767 2635 τινες
1810 2590 1895 2626 τε·

1999 2568 2056 2613 et
2114 2560 2395 2614 tremenda
2442 2563 2825 2617 communione
2876 2563 3364 2617 sanctificatarum.
3432 2563 3584 2617 Nunc

309 2666 468 2736 λετὴν
499 2665 756 2720 ποιοῦσιν
786 2665 966 2719 ελαίου
1002 2664 1147 2734 ὑπὲρ
1173 2665 1280 2717 τῶν
1326 2665 1383 2718 ἐν
1434 2664 1658 2736 Χριστῷ
1691 2683 1894 2737 κοιμη-

2000 2666 2131 2705 vcro
2187 2652 2408 2721 quidam
2490 2666 2893 2709 sacramentum
2951 2657 3059 2710 olei
3123 2658 3424 2709 conticiunt
3492 2672 3586 2710 su-

309 2761 536 2817 θέντων.
579 2762 682 2815 ’Ἢν
713 2759 809 2813 καὶ
846 2758 956 2813 τῶν
984 2759 1292 2828 ἀρχιερέων
1323 2758 1469 2822 τινὲς
1502 2757 1601 2826 μὲν
1626 2757 1894 2812 κωλύουσι

1999 2759 2098 2815 per
2124 2758 2220 2799 eos
2264 2745 2356 2821 qui
2434 2746 2485 2800 in
2540 2747 2760 2802 Christo
2806 2748 3180 2811 dormierunt,
3242 2749 3385 2817 quod
3453 2764 3586 2801 non-

307 2849 577 2919 γίνεσθαι,
610 2848 686 2910 ώς
713 2845 789 2919 μὴ
819 2847 1271 2918 παραδεδομένην
1309 2843 1474 2902 οὖσαν
1499 2851 1561 2901 ἐν
1592 2851 1660 2920 τῇ
1680 2850 1892 2921 Γραφῇο

1997 2837 2132 2892 nulli
2190 2852 2257 2892 ex
2326 2838 2673 2908 pontiﬁcibus
2743 2855 2811 2893 ne
2849 2840 2940 2894 fiat
2984 2840 3296 2909 prohibent,
3346 2856 3468 2893 cum
3531 2842 3585 2895 in

308 2940 453 3005 τινὲς
499 2940 579 3008 δὲ,
634 2940 718 3006 οὓ,
751 2939 828 3005 ώς
865 2939 1009 3010 ὑπὲρ
1055 2939 1245 3010 ψυχῶν
1299 2940 1614 3012 γινομένην.
1675 2942 1894 3011 Ἔγωγε

1997 2929 2278 2999 Scriptura
2308 2931 2570 2986 traditum
2625 2947 2736 2987 non
2791 2932 2882 2996 sit,
2916 2932 3167 2985 nonnulli
3222 2942 3405 2986 tamen
3470 2948 3580 2986 non

306 3033 402 3089 οὖν
434 3033 510 3098 ῶς
560 3032 821 3105 ἐνεχώρει
875 3034 1005 3104 περὶ
1058 3032 1254 3086 τούτου
1306 3031 1572 3100 ζητήσας,
1621 3026 1783 3104 εὗρον
1816 3032 1893 3096 ὡς

1996 3024 2311 3092 prohibent,
2371 3038 2495 3078 cum
2537 3040 2637 3094 pro
2693 3025 2891 3079 animis
2925 3025 3035 3079 fiat.
3097 3024 3208 3097 Ego
3268 3025 3455 3094 igitur,
3492 3041 3586 3079 oc-

306 3127 512 3195 ἀγαθὸν
535 3122 677 3180 εἶναι
708 3127 1014 3196 γίγνεσθαι.
1048 3127 1155 3179 Καὶ
1179 3126 1307 3188 τοὺς
1333 3125 1696 3196 βουλομένους
1721 3126 1897 3179 ποιεῖν

2003 3118 2225 3171 casione
2265 3117 2414 3182 data,
2466 3119 2561 3185 de,
2589 3119 2693 3173 hac
2720 3132 2780 3172 re
2814 3118 3184 3188 interrogatus
3210 3118 3388 3173 inveni
3452 3120 3585 3173 illud

306 3220 370 3272 οὐ
402 3222 508 3293 χρὴ
542 3219 801 3276 κωλύειν.
835 3219 981 3291 Πλὴν
1012 3220 1112 3273 οὐκ
1146 3219 1328 3273 ἔλαιον
1359 3218 1519 3271 τοῦτο
1564 3219 1624 3271 τὺ
1654 3219 1896 3288 παραδε-

2002 3207 2119 3263 tieri
2157 3209 2360 3265 bonum
2398 3224 2541 3275 esse,
2567 3218 2623 3265 et
2657 3224 2753 3266 eos
2771 3210 2864 3281 qui
2897 3208 3077 3264 facere
3111 3210 3305 3265 volunt
3327 3226 3435 3265 non
3460 3226 3586 3267 esse

307 3313 533 3382 δομένον
569 3313 675 3367 ύπδ
707 3311 803 3366 τοῦ
838 3312 1092 3383 Σωτῆρος
1118 3311 1347 3366 καὶτῶν
1380 3310 1701 3365 ἀποστόλων
1757 3312 1896 3373 ἐστὶ,

2001 3301 2396 3371 prohibendos.
2464 3302 2720 3357 Attamen
2778 3318 2888 3357 non
2946 3301 3273 3357 adhibeatur
3330 3304 3510 3358 oleum
3555 3321 3586 3360 a

307 3405 441 3476 περὶ
469 3398 530 3460 οὗ
558 3405 619 3458 τὸ
661 3405 761 3474 μὲν
789 3406 1147 3474 Εύαγγέλιον,
1195 3405 1271 3466 ὡς
1305 3404 1408 3475 ἔφη
1421 3421 1520 3471 μεν
1542 3444 1556 3469 ,
1589 3405 1759 3472 λέγει·
1788 3403 1893 3456 Καὶ

2001 3390 2285 3449 Salvatore
2307 3401 2361 3448 et
2390 3395 2652 3465 apostolis
2685 3395 2964 3460 traditum,
2995 3396 3064 3450 de
3090 3411 3201 3465 quo
3229 3394 3583 3467 Evangelium

305 3499 566 3570 ἤλειφον
616 3499 800 3565 ἐλαίῳ
841 3498 1117 3565 πολλοὺς
1156 3497 1512 3567 ἁῤῥώστους
1560 3495 1660 3550 καὶ
1690 3494 1895 3563 ἐθερά-

2001 3485 2147 3554 quod
2203 3487 2489 3541 retulimus
2541 3486 2716 3541 dicit:
2756 3495 2851 3541 «et
2908 3487 3183 3557 ungebant
3233 3487 3358 3541 oleo
3387 3490 3588 3544 multos

305 3608 518 3649 πευον·
554 3594 582 3647 ὁ
615 3593 967 3660 ’Δδελφόθεος
995 3592 1051 3646 δὲ
1092 3592 1194 3644 ὅσα
1237 3593 1295 3645 ὲν
1340 3594 1404 3660 τῇ
1446 3589 1722 3659 Καθολικῇ
1765 3588 1896 3658 περὶ

2001 3593 2195 3653 aegros,
2230 3586 2283 3633 et
2310 3579 2632 3657 sanabanm
2680 3580 2748 3634 de
2778 3595 2885 3649 quo
2907 3581 3071 3634 etiam
3107 3580 3202 3634 Dei
3232 3580 3402 3635 frater
3433 3581 3585 3649 plura

306 3688 514 3742 τούτων
531 3686 759 3759 γράφει.
787 3684 885 3740 ’Ἑν
912 3684 1023 3755 γὰρ
1045 3684 1223 3747 τοῦτο,
1251 3683 1345 3736 καλ⁵
1372 3682 1433 3736 οὐ
1460 3682 1653 3742 πολλὰ,
1681 3686 1773 3734 καὶ
1796 3683 1894 3750 μία

2001 3672 2057 3723 in
2113 3672 2381 3726 catholica
2415 3688 2513 3726 sua
2556 3673 2750 3729 scribit
2810 3674 3062 3743 epistola.
3114 3672 3292 3728 Unum
3324 3674 3470 3728 enim
3503 3690 3588 3730 est

308 3783 514 3853 τελετὴ,
536 3782 627 3836 καὶ
650 3779 707 3834 ἓν
735 3782 840 3835 τῶν
863 3781 1005 3834 ἑπτὰ
1024 3780 1187 3849 202
1213 3778 1551 3847 μυστηρίων.
1591 3775 1733 3829 Ἀλλ’
1756 3777 1894 3846 ὑπὲρ

1999 3760 2165 3826 istud,
2185 3772 2238 3815 et
2262 3778 2369 3815 non
2391 3762 2563 3832 plura,
2588 3779 2871 3833 unumque
2888 3774 3315 3830 sacramentum,
3341 3774 3395 3818 et
3415 3780 3583 3818 unum

309 3875 413 3929 τῶν
444 3873 869 3944 κεκοιμημένων
905 3873 1249 3942 προσάγεται
1280 3868 1462 3921 ἔλαιον
1492 3870 1572 3930 εἰς
1603 3884 1893 3936 προσαγω-

1998 3866 2064 3905 ex
2097 3862 2305 3920 septem
2336 3854 2637 3924 mysteriis,
2680 3854 2771 3909 sed
2801 3868 2898 3922 pro
2935 3854 3338 3911 dormientibus
3361 3856 3587 3914 adhibe-

306 3966 405 4038 τὴν
427 3962 567 4021 Θεοῦ
610 3943 715 4021 καὶ
764 3965 953 4036 τιμὴν,
982 3964 1149 4037 ὶύπὲρ
1204 3962 1387 4024 ἐλέους
1422 3960 1516 4014 καὶ
1548 3959 1894 4029 συμπαθείας

1999 3948 2089 3996 tur
2115 3943 2296 3996 oleum
2327 3943 2383 3997 in
2414 3944 2618 3998 enltutn
2649 3954 2704 3999 et
2725 3944 2992 3999 bonorem
3022 3945 3143 4009 Dei,
3180 3945 3235 4000 in
3272 3947 3583 4002 miseratio-

306 4034 413 4110 τῶν
442 4034 930 4123 ἀπελθόντων,ήῶς
979 4034 1141 4125 κηροὶ
1181 4054 1276 4106 καὶ
1306 4051 1557 4122 θυμίαμα
1593 4051 1687 4103 καὶ
1730 4048 1895 4103 λοιπὰ

2020 4049 2129 4088 ιριη
2160 4042 2214 4088 et
2242 4034 2589 4091 clementiam
2629 4037 2909 4092 defunctis
2935 4038 3351 4107 conciliandam,
3386 4056 3582 4109 quem-
3616 4070 3618 4073 -

305 4147 469 4219 ἕτερα
500 4147 640 4218 ὑπὲρ
675 4147 857 4200 αὐτῶν
910 4146 990 4216 τῷ
1043 4145 1156 4216 ναῷ
1197 4146 1291 4198 καὶ
1337 4145 1395 4196 ἐν
1450 4145 1566 4205 τοῖς
1622 4142 1894 4209 ἐνταφίοις

2000 4127 2295 4183 admodum
2348 4130 2523 4194 cerei,
2560 4131 2685 4184 tlms
2724 4140 2780 4186 et
2823 4142 3015 4185 caetera
3051 4147 3147 4201 pro
3183 4131 3315 4199 ipsis
3351 4132 3404 4185 in
3446 4141 3585 4187 tem-

304 4239 484 4293 αὐτῶν
532 4238 981 4310 προσφερόμενα.
1008 4230 1110 4291 Ὧν
1139 4236 1523 4308 προκειμένων
1574 4232 1649 4297 ὡς
1680 4233 1891 4302 δώρων,

2001 4220 2091 4289 plo
2121 4221 2204 4275 vel
2230 4221 2395 4275 etiam
2426 4222 2479 4275 in
2527 4224 2901 4278 monumentis
2927 4238 3118 4277 eorum
3149 4223 3353 4291 oblata,
3385 4226 3585 4294 quibus

305 4331 446 4402 ὑπὲρ
493 4333 603 4384 τῶν
643 4331 992 4397 ἀπελθόντων
1022 4328 1186 4399 ἡμεῖς
1224 4327 1570 4397 ἱκετεύομεν,
1609 4325 1701 4378 καὶ
1746 4325 1891 4378 θείου

2002 4321 2061 4364 ut
2087 4310 2246 4365 donis
2281 4313 2600 4383 propositis,
2636 4329 2734 4369 nos
2761 4330 2860 4384 pro
2898 4314 3174 4392 defunctis
3201 4316 3581 4387 deprecanmr,

303 4424 665 4495 τυγχάνουσιν
707 4424 908 4476 ἐκεῖνοι
935 4422 1139 4485 ἐλέους,
1171 4420 1247 4486 ώς
1274 4424 1306 4492 ἠ
1333 4418 1635 4487 Ἐκκλησία
1674 4420 1879 4489 διενερ-

2000 4414 2056 4459 et
2087 4405 2162 4460 illi
2190 4406 2432 4461 divinam
2468 4418 2883 4476 consequuntur
2929 4409 3381 4469 misericordiam.
3420 4422 3587 4479 prout

304 4485 479 4582 γοθσα
506 4515 776 4584 διδάσκει,
810 4517 905 4570 καὶ
941 4514 1142 4579 πάντες
1180 4485 1366 4586 σχεέδν
1405 4514 1453 4567 oi
1484 4485 1729 4583 Πήατέρες
1758 4485 1892 4580 γρά-

2000 4500 2117 4555 haec
2174 4510 2397 4571 operata
2450 4502 2611 4556 docet
2649 4502 2910 4567 Ecclesia,
2944 4513 2999 4558 et
3030 4518 3221 4558 omnes
3250 4505 3363 4559 fere
3400 4490 3588 4561 Patres

307 4627 490 4681 φουσι,
528 4610 623 4663 καὶ⁴
652 4609 759 4682 πρὸ
798 4608 1020 4663 πάντων
1064 4610 1093 4661 ὁ
1126 4608 1300 4678 μέγας
1343 4606 1420 4677 τῷ
1450 4607 1567 4658 δντι
1616 4605 1712 4659 καί⁵
1751 4603 1894 4674 ἱερὸς

1998 4593 2278 4661 scribunt,
2321 4602 2377 4650 et
2413 4606 2539 4649 ante
2576 4611 2937 4650 omnesvcre
2984 4613 3217 4668 magnus
3256 4608 3590 4668 sanctusque

320 4704 662 4768 Ἀθανάσιος,
718 4702 852 4773 περί
919 4719 976 4755 τε
1030 4700 1218 4770 κηρῶν
1276 4699 1372 4753 καὶ
1425 4699 1606 4752 ἐλαίου
1664 4687 1896 4768 γράφων

1996 4685 2356 4752 Athanasius,
2392 4690 2454 4743 de
2481 4688 2658 4742 cereis
2713 4699 2768 4744 et
2823 4690 2946 4744 oleo
2987 4692 3259 4755 scribens,
3302 4694 3587 4760 quoniam.

307 4796 450 4851 ὥστε
491 4795 669 4851 ταῦτα
700 4796 1040 4867 προσφέρειν
1086 4792 1231 4864 ὑπὲρ
1275 4790 1385 4845 τῶν
1418 4789 1753 4851 τεθνεώτων,
1794 4790 1897 4842 κᾶν

1996 4778 2124 4833 dum
2158 4777 2259 4831 ista
2290 4778 2598 4833 ofleruntnr
2627 4795 2724 4849 pro
2752 4784 3004 4848 mortuis,
3032 4783 3134 4836 etsi
3164 4784 3219 4835 in
3249 4787 3491 4838 cinerem
3530 4796 3586 4839 et

307 4893 387 4957 είς
413 4891 564 4963 χοῦν,
594 4890 700 4945 κᾶν
730 4891 812 4953 είς
839 4889 979 4957 ἀέρα
1024 4886 1131 4941 ὑπὸ
1178 4885 1348 4954 πυρὸς
1392 4883 1719 4953 διελύθησαν
1742 4897 1756 4911 '
1796 4881 1891 4935 καὶ

2000 4869 2057 4924 in
2088 4885 2212 4925 aera
2244 4871 2370 4941 igne
2394 4872 2763 4937 resolvantur,
2798 4873 2946 4926 aliud
2975 4873 3199 4942 quidem
3223 4875 3369 4927 velut
3395 4876 3449 4927 in
3483 4879 3582 4929 bo-

307 4986 368 5039 τὸ
396 4986 496 5057 μὲν
523 4985 596 5047 ὼς
624 4982 1031 5054 ὁλοκάρπωσις,
1062 4980 1123 5033 τὸ
1152 4979 1210 5032 δὲ
1233 4980 1308 5042 ὡς
1338 4977 1499 5031 θυσία
1534 4976 1677 5043 ὑπὲρ
1711 4973 1891 5035 αὐτῶν

1999 4964 2337 5029 locaustum,
2366 4964 2515 5019 aliud
2555 4978 2684 5018 vero
2716 4972 2973 5033 tanquam
3012 4965 3063 5017 in
3118 4964 3449 5019 sacrificium
3489 4984 3586 5035 pro

307 5055 566 5148 tQVGEQ'
603 5075 700 5128 καὶ
733 5074 1035 5145 προσάγειν
1060 5070 1230 5125 ταῦτα
1272 5068 1671 5123 διακελεύεται.
1724 5067 1893 5121 Ὅθεν

2003 5057 2114 5112 illis
2144 5057 2374 5112 oﬂ‘ertur
2406 5055 2538 5121 Deo,
2569 5069 2624 5111 et
2654 5057 2741 5110 illa
2773 5057 3021 5125 praecipit
3042 5055 3267 5111 offerre.
3295 5056 3456 5112 Unde
3472 5076 3581 5113 ttntt

307 5172 404 5227 καὶ
430 5171 490 5224 τὸ
518 5171 782 5225 ἀνάπτειν
817 5168 973 5237 φῶτα
1004 5167 1062 5220 ὲν
1093 5165 1287 5233 τάφοις
1320 5161 1552 5233 νεκρῶν,
1584 5161 1680 5215 καὶ
1715 5160 1895 5214 έλαιον

2004 5148 2406 5219 prohibendum
2439 5158 2521 5203 est
2563 5161 2632 5201 ne
2668 5148 3046 5201 accendantur
3073 5148 3280 5203 lumina
3319 5150 3373 5203 in
3399 5152 3586 5220 sepul-

307 5266 613 5332 προσάγειν
646 5263 787 5334 ὑπὲρ
829 5261 1012 5316 αὐτῶν
1071 5258 1212 5329 μετὰ
1251 5256 1566 5329 ίερωτάτων
1602 5253 1797 5324 εὐχῶν,
1831 5252 1893 5305 ού

2003 5240 2113 5295 cris
2148 5246 2513 5317 mortuorum,
2543 5238 2834 5308 oleumque
2884 5254 2984 5309 pro
3018 5240 3153 5309 ipsis
3190 5256 3313 5295 cum
3346 5245 3587 5297 sanctis-

307 5358 601 5413 κωλυτέον·
638 5357 722 5411 δτι
771 5358 865 5409 καὶ
917 5354 1124 5424 κηροὺς
1153 5352 1508 5412 ἀνάπτοντες,
1542 5349 1639 5401 καὶ
1694 5343 1894 5413 θυμιά-ο

2004 5329 2160 5385 simis
2189 5330 2449 5401 precibus
2500 5332 2786 5395 offeratur,
2817 5334 3077 5402 quoniam
3127 5343 3183 5389 et
3232 5334 3588 5389 accendendo

309 5468 460 5521 ματα
484 5451 770 5520 φέροντες,
797 5447 941 5516 ὑπὲρ
972 5446 1154 5498 αὐτῶν
1181 5442 1301 5513 Θεῷ
1329 5437 1770 5510 προσευχόμεθα·
1800 5436 1893 5490 καὶ

2002 5439 2214 5491 cereos,
2239 5434 2295 5479 et.
2326 5425 2483 5480 thura
2516 5425 2762 5491 ferendo,
2789 5442 2889 5497 pro
2919 5428 3051 5496 ipsis
3076 5428 3242 5481 Deum
3270 5443 3587 5493 exoraturus,

308 5516 427 5606 έθος
466 5516 531 5615 τῇ
559 5516 884 5612 Ἐκκλησία.
914 5538 1110 5608 Ὀμως
1162 5535 1232 5589 τὰ
1295 5536 1422 5604 περὶ
1461 5532 1556 5587 τοῦ
1605 5529 1892 5609 εύγελαίου

2001 5526 2058 5573 et
2085 5516 2190 5572 iste
2220 5528 2304 5573 est
2336 5533 2452 5572 mos
2478 5517 2752 5575 Ecclesia).
2790 5522 2947 5576 Ritus
2986 5532 3167 5576 autem
3199 5522 3264 5575 de
3300 5518 3588 5575 Euchelaeo

309 5636 638 5705 κατίδωμεν.

2004 5611 2259 5668 similiter
2286 5612 2663 5682 inspiciamus.

525 5892 789 5955 PATBOL.
823 5894 941 5953 Gn.
969 5890 1138 5949 CLV.
1960 5854 1963 5857 I
2324 5942 2331 5943 γ
3149 5865 3223 5925 1'1
