4046 6420
475 258 572 324 ίὲἹ

1272 262 1660 331 SYMEONIS
1699 261 2472 337 TIIESSALONICENSIS
2511 269 2872 342 ARCHIEP.

3633 283 3745 348 528

476 379 700 448 dictam,
736 396 856 450 qrtre
886 393 940 437 et
979 381 1098 451 ipsa
1131 380 1189 437 lit
1219 385 1472 438 sanitatis
1509 387 1681 454 gratia
1711 397 1765 442 et
1802 388 2051 458 redemp-

2156 392 2250 442 καὶ
2301 391 2491 463 πρώτη
2540 393 2682 458 ἐστὶ,
2716 397 2813 447 καὶ
2863 398 2941 462 είς
2979 399 3213 470 ἐπήκοον
3267 401 3510 470 λέγεται,
3545 406 3619 469 ὡς
3647 411 3751 461 καὶ

477 473 640 527 tionis
663 489 689 526 a
719 475 977 543 peccatis,
1015 475 1230 530 Patrem
1263 487 1517 532 sanctum
1551 481 1812 552 invocans
1841 481 2058 535 auirna-

475 579 594 618 rum
641 566 912 621 medicum
969 578 1134 638 atque
1187 583 1499 640 corporum,
1532 573 1623 641 qui
1673 574 1822 628 misit
1861 573 2058 629 Filium

474 670 633 708 suum
673 655 1016 728 unigenitum
1069 659 1122 712 in
1185 661 1489 725 mundum,
1521 676 1806 719 sonantem
1838 680 2056 720 omnem

473 747 721 800 morbum
751 756 805 801 et
839 764 866 800 a
901 760 1076 803 morte
1100 750 1484 816 redimentem,
1513 764 1572 808 ut
1599 757 1878 810 medeatur
1906 757 2060 827 lapso

445 835 520 906 ⁵ιῙ
545 853 587 890 ιε
615 852 774 892 servo
815 838 883 892 ab
920 840 1240 895 omnimodo
1265 859 1374 911 quo
1405 846 1700 899 coniicitur
1730 847 1942 912 morbo,
1965 864 2060 918 per

472 929 702 996 gratiam
741 927 945 983 Christi
1003 931 1157 1000 ejus,
1195 932 1477 1004 illiumque
1527 935 1794 1000 viviﬁcet,
1826 938 2058 994 interce-

473 1018 635 1072 dente
693 1019 917 1088 Deipara
983 1031 1038 1076 et
1084 1023 1289 1079 sanctis
1339 1026 1510 1095 ipsius
1583 1028 1871 1084 universis.
1910 1028 2060 1085 lianc

473 1108 638 1175 igitur
679 1109 730 1162 di
769 1111 831 1172 it,
877 1110 1096 1165 dextera
1161 1113 1322 1180 capiti
1383 1116 1699 1182 paenitentis
1747 1118 1999 1186 imposita
2040 1160 2056 1183 ,

473 1199 773 1251 ostendens
811 1214 871 1253 se
924 1202 990 1252 ad
1049 1201 1409 1256 imitationem
1461 1203 1672 1262 Domini
1715 1210 2057 1265 sanationem

472 1286 676 1346 facere.
715 1287 805 1355 qui
843 1303 1063 1341 manum
1090 1288 1322 1345 inlirmis
1357 1293 1690 1362 imponebat,
1727 1306 1872 1351 tactu
1899 1314 2061 1351 sana-

473 1375 599 1437 bat,
641 1390 852 1429 necnon
886 1391 944 1430 se
977 1377 1027 1430 vi
1071 1378 1267 1433 divino:
1316 1384 1502 1450 gratiae
1551 1383 1789 1453 operari,
1845 1402 1965 1440 cum
1993 1390 2061 1443 sit

471 1479 730 1518 manuum
754 1465 1104 1536 impositione
1144 1471 1537 1534 sanetiiieatus,
1575 1482 1832 1543 tactuque
1867 1492 2061 1534 manus

471 1557 764 1623 purificaus
795 1571 850 1612 et
875 1559 1249 1615 sanctiﬁcans.
1285 1560 1486 1616 Verum
1537 1565 1588 1617 in
1626 1565 1735 1620 [ine
1767 1568 2056 1629 orationis.

469 1649 590 1702 oleo
619 1650 791 1718 ungit,
825 1651 878 1704 in
911 1651 1140 1706 formam
1167 1655 1373 1720 cruris,
1403 1657 1639 1711 frontem
1675 1659 1794 1728 ejus
1839 1671 2060 1732 propter

474 1743 720 1796 internas
771 1745 1135 1812 cogitationes
1180 1763 1377 1802 sensus
1432 1750 1634 1805 liniens
1689 1753 1742 1806 in
1803 1753 1966 1817 facie,
1999 1761 2054 1809 ct
2094 1743 2130 1796 Β

474 1834 711 1902 denique
747 1838 902 1905 ungit
935 1853 1149 1901 manus,
1185 1855 1212 1892 a
1247 1829 1497 1910 cogitatis
1529 1843 1896 1914 operibusque
1933 1861 2056 1913 per-

474 1924 653 1976 versis
679 1939 805 1977 cuiu
842 1931 1150 1981 emuudaus
1205 1937 1257 1981 et
1306 1931 1664 1984 corroborans
1714 1933 1837 1988 oleo
1867 1945 2059 1988 sancto

476 2015 745 2086 signoque
790 2020 1014 2084 crucis,
1067 2034 1128 2072 ac
1186 2036 1417 2089 prorsus
1469 2023 1814 2077 sanctiﬁcans
1868 2024 2058 2079 dicens

471 2105 691 2161 uuoties
733 2107 915 2174 signat
949 2122 963 2158 :
999 2127 1015 2158 ι
1062 2106 1410 2161 Adiutorium
1451 2119 1701 2163 nostrum
1753 2110 2056 2167 in-nomine

475 2197 692 2252 Domini
723 2238 735 2257 ,
781 2214 800 2248 ι
837 2204 1044 2251 testans
1073 2212 1101 2249 a
1139 2197 1286 2250 milia
1331 2199 1439 2253 alio
1487 2199 1591 2252 nisi
1621 2214 1650 2252 a
1680 2200 1795 2254 solo
1845 2202 2058 2256 miseri-

471 2291 654 2343 corde-
693 2287 801 2342 Deo
860 2289 1055 2342 adesse
1104 2288 1463 2359 adjutoiium.
1519 2290 1582 2343 Et
1618 2291 1688 2345 ita
1723 2307 1845 2344 eum
1891 2308 2053 2348 manu

469 2397 716 2450 signans,
747 2384 979 2447 recedit,
1002 2381 1092 2434 illo
1113 2397 1337 2434 manmn
1361 2383 1694 2437 sanetilicam
1717 2385 2052 2441 deosculato.

473 2475 669 2529 (laeteri
707 2487 840 2536 vero
869 2474 1188 2528 sacerdotea
1226 2474 1418 2528 eadem
1447 2474 1636 2531 ordine
1674 2477 1898 2533 faciunt.
1929 2479 2056 2534 Dme

478 2582 608 2637 ergo
635 2568 824 2636 primae
850 2566 1129 2620 orationes
1173 2566 1440 2622 instituta:
1477 2578 1608 2622 sunt
1651 2571 1718 2625 ad
1760 2572 2052 2628 conﬁcien'

472 2658 600 2710 dum
635 2666 691 2710 et
719 2657 1151 2712 consecrandum
1181 2657 1386 2712 oleum.
1419 2659 1551 2715 Alia:
1580 2677 1711 2715 vero
1736 2663 1856 2717 dore
1890 2665 2054 2718 mise-

456 2726 736 2803 'ratiooem
761 2760 928 2805 uncto
959 2751 1277 2816 conciliant,
1304 2762 1360 2806 et
1379 2769 1477 2824 pro
1504 2756 1680 2809 salute
1716 2764 1822 2808 tam
1851 2757 2048 2811 anima:

467 2843 610 2895 illius
639 2858 800 2910 quam
851 2845 1099 2914 corporis
1150 2844 1262 2901 Deo
1297 2858 1704 2916 nuncupantur;
1741 2853 1890 2918 prior
1933 2851 2054 2919 qui-

463 2934 587 2988 dem
627 2936 771 2988 clara
805 2952 959 3000 voce,
993 2938 1164 2991 altera
1205 2954 1336 2993 vero
1363 2939 1539 2994 oratio
1587 2943 1654 2994 ah
1709 2943 1816 2996 alio
1869 2956 2050 2998 sacer-

463 3028 593 3080 dote
620 3028 844 3090 dicitur,
873 3029 1336 3096 quemadmodum
1361 3031 1646 3101 apostolici
1675 3042 1730 3087 ct
1751 3033 2048 3102 evangelici

464 3118 747 3182 versiculi,
782 3135 972 3174 omnes
1027 3131 1209 3174 autem
1249 3121 1317 3176 ad
1365 3136 1505 3192 Opus
1541 3125 2046 3180 accommodamur.
2077 3103 2120 3158 θ

463 3211 531 3262 At
595 3209 871 3276 posterior
914 3225 928 3263 :
987 3207 1148 3263 Pater
1191 3221 1404 3274 sant-te,
1451 3212 1639 3265 eadem
1691 3213 1761 3266 ab
1793 3215 2048 3269 omnibus

460 3304 696 3357 secreto,
722 3305 885 3364 prout
906 3294 1112 3349 dictum
1143 3308 1246 3362 εει,
1286 3298 1534 3362 recitata,
1557 3315 1747 3354 omnes
1779 3302 1833 3355 in
1861 3318 2048 3372 preca-

463 3382 612 3434 tione
645 3383 950 3436 concordes
991 3384 1253 3448 ostendit,
1292 3397 1620 3457 sanctosque
1655 3393 1943 3446 universos
1991 3393 2044 3447 in

459 3474 791 3543 adiutorium
821 3474 1004 3543 operis
1041 3475 1254 3530 invocat
1287 3493 1411 3532 cum
1455 3485 1732 3536 communi
1759 3484 2046 3549 advocata,

460 3583 664 3638 nempe
692 3569 1049 3624 sanctissima
1073 3568 1321 3640 Deipara.
1356 3571 1596 3642 Denique
1615 3576 2045 3634 conclamantad

459 3660 857 3729 perfectionem
879 3663 1084 3731 operis,
1109 3673 1164 3717 et
1179 3678 1244 3718 ex
1273 3679 1397 3718 vera
1426 3681 1588 3719 causa
1616 3665 1895 3724 dicentes:
1921 3689 1938 3721 ι
1965 3667 2044 3725 'l'u

458 3766 520 3805 es
572 3753 692 3806 fons
730 3753 1179 3820 medicaminum,
1231 3752 1376 3810 Deus
1414 3767 1657 3813 noster.»
1696 3758 1774 3814 lta
1824 3776 1953 3832 ergo
1991 3762 2045 3817 in

466 3845 680 3906 troute,-
721 3852 881 3911 prout
914 3843 1119 3899 dictum
1169 3855 1294 3912 est,
1344 3849 1608 3902 inunctus
1669 3851 1739 3904 ab
1787 3853 2045 3908 omnibus

452 3931 794 4000 presbyteris
818 3941 1002 3986 mente
1058 3935 1455 3987 sanctiﬁcatur.
1491 3935 1696 3991 Deinde
1735 3937 1788 3991 in
1816 3937 2043 3994 formam

461 4020 646 4073 rrut'is
680 4019 732 4071 in
763 4017 902 4074 faeie
936 4035 1193 4075 sensuum
1225 4023 1395 4088 gratia
1427 4023 1710 4090 delinitur,
1742 4039 1797 4082 et
1827 4031 2042 4084 tandem

459 4125 660 4165 ntauus
691 4110 983 4178 puriﬁcant
1017 4102 1329 4169 saccrt'o'tes
1371 4129 1468 4182 per
1509 4115 1755 4171 sanetum
1783 4120 1961 4174 oleum
1989 4119 2044 4175 in

457 4197 682 4251 Christo
719 4198 1090 4264 mism-icorde,
1131 4201 1514 4270 coinquinatas
1541 4207 1890 4264 sensationes
1919 4210 2044 4264 ani-

453 4303 683 4356 masque
723 4290 978 4356 preciiius
1029 4289 1390 4347 emundautes
1414 4335 1429 4359 ,
1465 4303 1522 4348 et
1549 4295 1852 4351 absolutam
1879 4313 2039 4354 eanec

454 4379 810 4432 t.lieationem
843 4380 1165 4436 exhibentes
1202 4382 1358 4451 signo
1387 4393 1442 4439 et
1475 4385 1675 4456 gratia.
1702 4388 2043 4460 Quapropter

2163 481 2274 534 τῶν
2323 483 2526 538 λοιπῶν
2561 487 2755 557 ἱερέων
2792 495 3229 562 συνευχομένων.
3269 497 3377 552 Kal
3418 501 3538 567 μετ’
3568 502 3750 570 αὐτὴν

2163 570 2396 640 δευτέρα
2445 577 2729 642 μυστικῶς
2777 579 2913 649 άλλη
2960 581 3180 649 λέγεται
3214 589 3353 640 κατὰ
3383 591 3472 641 τον
3503 593 3757 662 προρῤηο

2163 663 2325 717 θέντα
2353 664 2522 719 τύπον
2557 668 2698 740 ὑπὲρ
2750 672 2940 740 ὑγείας
2990 677 3083 729 καὶ
3134 676 3274 749 αὕτη
3321 683 3415 732 καὶ
3460 683 3753 753 ἁμαρτιιῖν

2161 761 2619 832 ἀπολυτρώσεως,
2653 767 2746 820 νὺν
2778 767 3001 840 Πατέρα
3034 769 3124 822 τὸν
3153 770 3309 838 ἅγιον
3339 772 3746 843 ἐπικαλουμένη

2161 852 2272 905 τῶν
2299 854 2487 923 ψυχῶν
2513 858 2607 910 καὶ
2654 859 2764 912 τῶν
2804 847 3074 930 σωμάτων
3121 863 3214 916 τον
3267 864 3470 935 ἱατρδν,
3507 868 3598 919 τὸν
3648 871 3745 920 καὶ

2165 945 2460 1014 πέμψαντα
2498 948 2587 1001 τὸν
2620 949 2749 1003 Υἱὸν
2779 951 2943 1006 αὐτοῦ
2989 953 3080 1007 τὸν
3125 957 3388 1025 μονογενῆ
3421 960 3500 1021 είς
3529 959 3618 1011 τὸν
3647 963 3743 1012 κνί-

2163 1051 2323 1105 σμον,
2357 1041 2543 1092 πᾶσαν
2577 1041 2731 1094 νόσον
2770 1042 3002 1112 ἰώμενον
3037 1049 3132 1098 καὶ
3156 1048 3218 1100 ἐκ
3260 1047 3489 1103 θανάτου
3518 1050 3743 1121 λυτρού-

2165 1146 2346 1196 μενον,
2387 1133 2646 1186 ἰάσασθαι
2681 1137 2773 1187 καὶ
2802 1137 2894 1188 τὸν
2921 1138 3299 1193 ὑποπίπτοντα
3333 1141 3521 1196 δοῦλον
3549 1146 3745 1209 αὑτοῦ,

2161 1221 2224 1272 ἐκ
2269 1226 2364 1285 τῆς
2399 1229 2766 1297 περιεχούσης
2810 1231 2974 1283 αὑτὸν
3004 1235 3265 1296 παντοίας
3311 1236 3492 1302 νόσου,
3524 1238 3610 1292 διὰ
3641 1240 3746 1303 τῆς

2161 1314 2386 1385 χάριτος
2417 1317 2511 1370 τοῦ
2561 1321 2804 1384 Χριστοῦ
2835 1323 3023 1388 αὐτοῦ,
3069 1327 3162 1379 καὶ
3208 1327 3545 1398 ζωοποιῆσαι
3574 1333 3744 1383 αὐτον

2165 1410 2476 1475 μεσιτείαις
2508 1412 2604 1480 τῆς
2635 1413 3007 1485 Θεομήτορος,
3043 1418 3139 1470 καὶ
3170 1419 3387 1474 πάντων
3417 1422 3525 1475 τῶν
3572 1424 3749 1490 ἁγίων

2162 1499 2347 1552 αὐτοῦ.
2368 1502 2580 1570 Ταύτην
2598 1504 2691 1558 οὖν
2711 1507 2874 1579 204
2895 1509 3105 1573 ἐπιθεὶς
3133 1513 3229 1582 τὴν
3249 1517 3405 1583 χεῖρα
3432 1518 3498 1586 τῇ
3530 1517 3743 1588 κεφαλῇ

2161 1589 2257 1643 τοῦ
2309 1596 2698 1661 μετανοοῦντος
2740 1598 2909 1665 λέγει,
2959 1601 3176 1666 δεικνὺς
3207 1607 3288 1658 ὅτι
3329 1607 3471 1660 κατὰ
3504 1608 3746 1678 μίμησιν

2162 1681 2256 1734 τοῦ
2287 1685 2565 1738 Δεσπότου
2599 1688 2698 1756 τὴν
2736 1690 2980 1760 ἰατρείαν
3007 1697 3266 1757 ποιεῖται,
3301 1700 3461 1768 χεῖρα
3495 1701 3606 1762 τοῖς
3637 1702 3745 1772 ep-

2160 1773 2386 1841 ρώστοις
2416 1777 2758 1844 ἐπιτιθέντος
2798 1785 2894 1836 καὶ
2924 1787 2991 1854 τῇ
3026 1787 3140 1858 ἁφῇ
3173 1787 3491 1857 ὲξιωμένου.
3527 1793 3634 1845 Kal
3665 1794 3746 1855 ὡς
3795 1819 3806 1868 ς

2159 1867 2266 1918 ἀπὸ
2299 1868 2402 1936 τῆς
2445 1871 2668 1940 χάριτος
2697 1875 2794 1943 τῆς
2830 1874 2980 1941 θείας
3016 1879 3256 1950 ἐνεργεῖ,
3300 1884 3632 1952 ήγιασμένος
3662 1885 3745 1938 ῶν
3790 1933 3798 1940 .

2156 1960 2223 2029 τῇ
2259 1964 2588 2034 χειροτονίᾳ,
2613 1966 2708 2018 καὶ
2744 1971 2811 2036 τῇ
2845 1969 2954 2038 ἁφῇ
2991 1971 3091 2038 τῆς
3122 1975 3304 2043 χειρὸς
3345 1975 3619 2044 καθαίρων
3650 1983 3744 2043 καὶ

2159 2049 2424 2117 ἁγιάζων.
2473 2053 2561 2107 Ἐν
2593 2057 2671 2126 τῷ
2699 2059 2796 2128 τῆς
2829 2060 2996 2131 εὐχῆς
3032 2063 3089 2116 δὲ
3119 2065 3262 2118 τέλει
3293 2068 3505 2136 ἀλείφει
3543 2070 3636 2121 καὶ
3660 2071 3744 2141 τῷ

2157 2142 2324 2214 ἐλαίῳ
2371 2149 2734 2215 σταυροειδῶς
2761 2151 2930 2205 αὑτοῦ
2982 2153 3043 2208 τό
3087 2171 3146 2209 τε
3182 2157 3434 2225 μέτωπον
3472 2161 3559 2215 διὰ
3606 2164 3740 2226 τοὺς

2157 2234 2311 2299 ὲντδς
2355 2236 2655 2308 λογισμοὺς
2699 2242 2896 2296 καὶτὰ
2932 2244 3266 2318 αἰσθητήρια
3315 2253 3508 2320 χρίων,
3558 2256 3614 2308 ἐν
3655 2254 3741 2325 τῷ

2156 2327 2454 2400 προσώπῳ,
2484 2334 2578 2387 καὶ
2599 2334 2909 2390 τελευταῖον
2941 2338 3040 2402 τὰς
3067 2343 3278 2410 χεῖρας,
3310 2344 3374 2398 ἐκ
3396 2346 3500 2400 τῶν
3524 2347 3744 2417 διανοη-

2159 2425 2350 2492 μάτων
2381 2426 2478 2480 καὶ
2525 2429 2780 2499 πράξεων
2817 2437 3071 2505 πονηρῶν
3104 2438 3492 2513 άνακαθαίρων
3546 2445 3738 2510 αὑτὸν,

2154 2517 2249 2569 καὶ
2280 2519 2533 2589 τειχίζων
2581 2523 2662 2591 τῷ
2719 2525 2860 2595 άγίῳ
2910 2529 3075 2600 ἐλαίῳ
3126 2532 3218 2584 καὶ
3268 2534 3345 2604 τῷ
3381 2538 3592 2608 σημείῳ
3638 2539 3740 2593 τοῦ

2156 2611 2418 2680 σταυροῦ,
2467 2615 2563 2665 καὶ
2613 2615 2865 2682 ἁγιάζων
2910 2620 3188 2685 ὀλοτελῶς,
3226 2628 3309 2692 τὸ,
3351 2647 3368 2678 ι
3417 2631 3482 2682 Ἡ
3515 2632 3739 2699 βοήθεια

2154 2701 2317 2794 ημῶν
2357 2705 2413 2755 ἐν
2443 2705 2668 2776 όνόματι
2697 2710 2932 2780 Κυρίου,
2966 2732 2986 2765 ι
3025 2717 3082 2768 ἐν
3117 2717 3326 2790 ἑκάστῃ
3357 2721 3529 2789 λέγων
3561 2739 3741 2794 σφρα-

2153 2787 2260 2859 γῖδι
2284 2808 2297 2822 ·
2331 2799 2650 2867 μαρτυρῶν,
2675 2801 2752 2865 ὼς
2784 2805 2916 2871 παρ’
2939 2807 3152 2872 οὐδενὸς
3179 2787 3392 2882 ἐτέρου,
3425 2787 3556 2866 άλλά
3584 2787 3738 2886 παρὰ

2153 2884 2244 2938 τοῦ
2279 2887 2573 2958 ἐλεήμονος
2612 2894 2776 2962 μόνου
2822 2898 2958 2951 Θεοῦ
2992 2901 3023 2970 ἡ
3066 2900 3309 2971 βοήθεια.
3344 2905 3452 2963 Kal
3489 2907 3630 2960 οὕτω
3667 2884 3735 2980 τῇ

2155 2979 2301 3047 χειρὶ
2343 2983 2668 3052 σφραγίζων
2719 2988 2909 3051 αὑτὸν,
2961 2992 3300 3062 ἀπέρχεται,
3351 2997 3737 3068 ἀσπαζομένου

2154 3071 2366 3125 ἐκείνου
2399 3075 2499 3143 τὴν
2542 3078 2850 3144 ἁγιάσασαν
2901 3083 3078 3152 χεῖρα.
3118 3086 3226 3139 Kal
3265 3089 3496 3159 καθεξῆς
3531 3091 3736 3160 ὁμοίως

2153 3163 2201 3212 οἱ
2235 3161 2413 3216 λοιποὶ
2466 3167 2712 3221 ποιοῦσιν
2749 3173 2934 3240 ἱερεῖς.
2973 3176 3040 3227 Αἱ
3095 3178 3195 3245 μὲν
3237 3176 3334 3232 οὖν
3387 3184 3599 3249 πρεῗιται
3639 3185 3736 3237 δύο

2152 3254 2336 3322 εὐχαὶ,
2361 3256 2452 3309 διά
2487 3261 2547 3311 τὸ
2584 3259 2903 3330 τελεσθῆναι
2951 3268 3046 3319 καὶ
3086 3269 3418 3340 ἁγιατθῆναι
3445 3275 3506 3325 τὸ
3533 3276 3732 3331 ἔλαιον.

2150 3341 2325 3402 Αὗται
2350 3349 2406 3402 δέ
2436 3351 2612 3405 αἱδύο
2647 3353 2920 3409 ἱλαστικαὶ
2955 3359 3095 3428 ὑπὲρ
3129 3362 3222 3415 τἰὖ
3254 3366 3546 3433 χριομένον
3593 3372 3727 3430 εἰσὶ,

2151 3441 2246 3493 καὶ
2273 3442 2413 3512 ὑπὲρ
2446 3443 2744 3514 θεραπείας
2793 3450 3037 3521 ψυχικῆς
3079 3455 3246 3524 αὑτοῦ
3282 3461 3375 3511 καὶ
3409 3464 3734 3532 σωματικῆς

2151 3533 2289 3602 πρὸς
2324 3535 2458 3588 Θεὸν
2509 3539 2936 3611 ἀναφερόμεναι.
2969 3546 3078 3599 Kal
3123 3549 3156 3617 ἡ
3189 3550 3380 3623 πρώτη
3415 3553 3514 3621 μὲν
3547 3555 3732 3624 ἐκφώ-

2150 3642 2276 3690 νιος,
2319 3630 2412 3683 καὶ
2467 3629 2606 3700 ἄλλη
2662 3633 2793 3702 παρ’
2845 3635 3007 3691 ἄλλου
3049 3640 3184 3710 εὐχὴ
3240 3642 3459 3712 λέγεται
3516 3649 3730 3716 ἱερέως,

2150 3715 2340 3788 ὥσπερ
2359 3721 2468 3772 καὶ
2498 3723 2554 3776 αἱ
2582 3724 2941 3780 άποστολικαὶ
2969 3731 3064 3783 καὶ
3093 3732 3189 3786 τοῦ
3217 3735 3550 3806 Εὑαγγελίου
3571 3761 3728 3814 περι-

2151 3808 2315 3860 κοπλί
2337 3823 2350 3838 ·
2391 3811 2561 3862 πᾶσαι
2589 3811 2644 3866 δὲ
2671 3815 2803 3883 προς
2828 3817 2888 3870 τὸ
2913 3818 3071 3887 ἔργον
3101 3823 3380 3893 ἁρμόδιαι.
3415 3831 3472 3883 Ἡ
3501 3808 3728 3904 δυτέρα

2147 3896 2202 3950 δὲ
2233 3899 2371 3980 τὸ,ἰ
2419 3904 2600 3968 Πάτερ
2658 3907 2808 3971 αγις,
2849 3927 2866 3959 ι
2907 3913 2939 3978 ἡ
2993 3913 3132 3982 αὐτὴ
3181 3918 3277 3970 καὶ
3311 3922 3464 3992 παρὰ
3511 3896 3726 3982 πάντων

2150 3989 2473 4083 μυστικῶς,
2532 3991 2608 4054 ὼς
2664 3995 2902 4064 εἴρηται,
2963 3999 3274 4073 λεγομένη,
3336 3989 3403 4062 τό
3445 4015 3726 4083 ὁμόφωνον

2147 4078 2368 4131 πάντων
2426 4084 2881 4154 ἐπιμαρτυροῦσα
2943 4091 3046 4158 τῆς
3105 4095 3332 4165 ἱκεσίας,
3375 4104 3468 4156 καὶ
3521 4108 3722 4174 πάντας

2147 4171 2443 4240 συνεργοὺς
2493 4176 2585 4227 τοῦ
2628 4176 2791 4246 ἔργου
2826 4182 2954 4244 τοὺς
2996 4184 3186 4251 ἁγίους
3235 4193 3376 4257 μετὰ
3412 4196 3510 4267 τῆς
3541 4171 3722 4269 κοινῆς

2147 4261 2423 4332 μεσίτιδος
2439 4264 2539 4334 τῆς
2561 4271 2832 4334 παναγίας
2869 4275 3275 4352 ἐπικαλουμένη
3311 4261 3596 4355 Θεοτόκου,

2148 4353 2472 4408 τελευταίαν
2523 4358 2834 4428 ἐκφώνησιν
2869 4365 2948 4428 εἰς
2977 4367 3255 4425 τελείωσιν
3287 4373 3381 4428 τοῦ
3419 4377 3581 4449 ἔργου
3627 4401 3721 4438 και

452 4470 650 4539 singuli
697 4473 1007 4524 sacerdotes
1035 4481 1205 4527 totum
1235 4475 1483 4534 ordinem
1511 4515 1529 4542 ,
1575 4481 2034 4548 quemadmodum

2151 4445 2326 4496 αἰτίαν
2360 4445 2533 4518 άληθῆ
2565 4450 2643 4514 τδ,
2681 4469 2700 4502 ι
2731 4451 2856 4507 Ὀτι
2883 4457 2948 4510 σὺ
2989 4455 3095 4530 εἷὴ
3128 4464 3278 4534 πηγὴ
3309 4468 3418 4520 τῶν
3448 4445 3719 4542 ίαμάτων,

453 4562 732 4624 diximus,
807 4561 1092 4630 ellieiunt,
1157 4566 1388 4621 diacono
1437 4565 1658 4637 quidem
1701 4569 1786 4623 vel
1835 4568 2040 4624 lectore

451 4651 769 4720 Apostolum
820 4649 1075 4721 legente,
1127 4655 1422 4710 sacerdote
1457 4671 1598 4716 ,νει-ο
1644 4657 2032 4726 Etangelium,

452 4744 802 4815 prioremque
841 4748 1052 4799 sacram
1099 4746 1400 4800 orationem
1454 4747 1524 4801 ita
1578 4757 1638 4802 ut
1676 4749 1952 4813 audiatur,
1982 4761 2036 4805 et

453 4833 813 4903 posteriorem
839 4846 1072 4903 secreto,
1098 4836 1228 4890 dum
1261 4836 1435 4906 ungit.
1465 4841 1865 4906 pronuntiante.
1896 4840 2036 4895 Tan-

451 4925 575 4978 dem
643 4923 928 4978 inunctmn
990 4927 1214 4978 dextera
1267 4923 1590 4994 signantes,
1636 4926 1851 4983 inﬁrmo
1915 4942 2037 4997 post

453 5016 891 5072 l-enedicﬁonem
939 5031 1162 5072 manum
1215 5016 1460 5072 osculato
1490 5056 1505 5081 ,
1551 5020 1833 5074 recedunt.
1879 5024 2036 5078 Post-

380 5095 382 5098 ’
448 5123 614 5176 quam
652 5109 837 5163 omnia
878 5095 1122 5164 universi
1147 5109 1216 5164 de
1244 5120 1395 5161 more
1435 5109 1888 5180 mlimpleverunt,
1921 5116 2034 5171 sol-

447 5197 594 5252 licita
630 5199 884 5253 oratione
945 5198 1112 5264 facta,
1175 5197 1377 5251 iterum
1439 5198 1651 5268 primus
1687 5203 2030 5258 saccrdomm

447 5285 700 5341 ultimam
729 5284 1035 5340 orationem
1066 5279 1425 5354 indulgentiae
1465 5287 1519 5339 in
1572 5289 1750 5357 capite
1792 5291 1907 5362 ejus
1939 5294 2031 5362 qui

446 5388 861 5432 sacramentum
899 5372 1131 5444 recepit,
1164 5375 1508 5444 pronuntiat,
1543 5379 1815 5435 universis
1849 5397 2033 5436 sacer-

443 5467 664 5522 dotibus
709 5479 837 5520 e‘um
893 5463 1147 5519 manibus
1193 5465 1540 5533 tangentibus
1567 5505 1582 5526 .
1637 5478 1827 5542 utpote
1866 5469 2031 5524 simul

443 5555 804 5626 operantibus
833 5553 1132 5621 simulque
1181 5557 1646 5625 deprecantibus;
1687 5559 1809 5614 ideo
1839 5575 2028 5614 eorum

446 5655 702 5714 tanquam
737 5643 1023 5698 ministerii
1051 5654 1104 5699 et
1133 5647 1547 5716 presbyteratus
1571 5650 2027 5719 comparticipum

445 5733 504 5791 in
527 5734 777 5802 oratione
805 5735 1075 5792 meminit.
1114 5739 1334 5796 benqu
1358 5738 1464 5794 alta
1498 5755 1626 5795 voce
1655 5739 1824 5797 Deum
1853 5741 2028 5811 poeni-

2142 4537 2328 4633 όΘεὸς
2361 4540 2540 4609 ἡμῶν,
2576 4561 2594 4594 ι
2628 4544 2849 4616 ἔχουσα.
2893 4549 3054 4605 Οὕτω
3091 4557 3192 4624 μέν
3221 4553 3315 4613 οὖν
3349 4561 3426 4631 τῷ
3457 4537 3714 4633 μετώπῳ,

2139 4627 2215 4690 ὡς
2261 4631 2498 4702 εἴρηται,
2555 4640 2706 4704 παρὰ
2753 4638 2860 4691 τῶν
2898 4641 3091 4711 ἱερέων
3139 4648 3359 4703 πάντων
3406 4654 3712 4723 χριόμενος,

2139 4721 2232 4772 τὸν
2258 4722 2382 4774 νοῦν
2409 4725 2721 4794 ἁγιάζεται.
2762 4725 2894 4784 Εἶτα
2926 4740 3295 4806 σταυροειδῶς
3326 4742 3406 4812 τῷ
3441 4749 3716 4819 προσώπῳ

2137 4813 2224 4867 διὰ
2264 4816 2329 4869 τά
2359 4819 2691 4889 αἰσθητήρια
2715 4838 2730 4855 ο
2764 4825 2854 4876 καὶ
2892 4826 3202 4883 τελευταῖον
3235 4835 3332 4895 τὰς
3365 4813 3553 4907 χεῖρας
3580 4813 3718 4895 καθ’.

2139 4907 2405 4976 αιρόντων
2449 4911 2554 4963 τῶν
2592 4914 2784 4983 ἱερέων
2823 4907 2910 4970 διὰ
2941 4919 3032 4971 τοῦ
3066 4922 3232 4988 ἁγίου,
3276 4926 3457 4982 ἐλαίου
3491 4931 3551 4984 ἐν
3582 4933 3716 5004 Χρι-

2139 4999 2250 5067 στῴ
2279 5000 2355 5069 τῷ
2384 5003 2718 5074 οἰκτίρμονι,
2765 5007 2865 5070 τὰς
2913 5010 3274 5078 μολυνθείσας
3304 5019 3587 5089 αἰσθήσεις
3621 4999 3714 5078 καὶ

2135 5091 2234 5152 τὰς
2263 5090 2443 5160 ψυχὰς
2491 5096 2612 5156 ταῖς
2648 5095 2858 5166 εὐχαῖς,
2911 5102 3006 5153 καὶ
3043 5101 3313 5174 ἀ,ἰασμὸν
3359 5114 3714 5180 παρεχόντων

2133 5182 2378 5252 ὁλοτελῆ,
2416 5186 2481 5254 τῇ
2536 5190 2792 5258 σφραγῖδί
2841 5207 2899 5242 τε
2948 5194 3046 5247 καὶ
3093 5197 3158 5266 τῇ
3213 5199 3416 5269 χάριτι.
3445 5203 3715 5271 Ἕκαστος

2133 5274 2227 5329 οὖν
2272 5280 2508 5331 ποιεῖται
2557 5280 2740 5348 ἱερεὺς
2771 5284 2951 5338 πᾶσαν
2981 5287 3080 5355 τὴν
3127 5289 3304 5356 τάξιν,
3355 5292 3432 5356 ὡς
3478 5295 3712 5366 ἔφημεν,

2133 5369 2228 5423 τοῦ
2260 5370 2510 5426 διακόνου
2543 5374 2640 5440 μὲν
2673 5375 2764 5430 τὸν
2789 5379 3087 5435 ἀπόστολον
3126 5383 3376 5454 λέγοντος
3401 5390 3435 5460 ἢ
3469 5393 3712 5459 ἀναγνώο

2137 5479 2285 5527 στου,
2316 5465 2412 5518 τοῦ
2459 5466 2651 5537 ἱερέως
2709 5471 2767 5523 δέ
2816 5471 2878 5522 τό
2927 5491 2985 5527 τε
3038 5477 3392 5548 Εὐαγγέλιον,
3425 5484 3524 5554 τὴν
3561 5486 3711 5557 ἱεράν

2133 5555 2560 5627 πρώτηνέὐχὴν
2617 5560 2699 5623 εἱς
2742 5564 3004 5634 ἐπήκοον,
3049 5574 3143 5622 καὶ
3177 5573 3276 5643 τὴν
3310 5575 3571 5646 δευτέραν
3606 5555 3708 5641 μυ.
3741 5595 3744 5597 ‘

2135 5645 2339 5708 στικῶς
2375 5646 2432 5698 ἐν
2454 5648 2532 5716 τῷ
2564 5648 2834 5718 ἀλείφειν.
2869 5653 2979 5706 Καὶ
3007 5657 3159 5724 τέλος
3188 5645 3585 5732 σφραγίζοντες
3615 5668 3707 5719 τὸν

2132 5736 2427 5806 χρισθέντα
2465 5741 2527 5808 τῇ
2565 5738 2734 5808 δεξιᾷ,
2789 5741 3178 5818 ἀσπαζομένου
3221 5754 3391 5827 αὐτὴν
3423 5756 3516 5809 τοῦ
3559 5756 3706 5808 εὐλο-
