4046 6444
465 326 562 406 531
1246 331 1630 391 SYMEONIS
1667 335 1954 394 TilEiSA
1969 335 2425 399 LONICENSIS
2467 341 2826 400 ARClllEP.
3609 338 3717 400 5."?

461 455 569 507 que
609 437 1035 494 misericordiam
1086 453 1149 495 ac
1197 438 1597 509 jucunditatem
1641 445 1801 498 nobis
1875 459 2028 499 com-

2139 445 2235 498 καὶ
2266 445 2577 516 πνεύματα,
2611 448 2705 500 καὶ
2751 445 3084 515 ἀπαλείφειν
3112 444 3443 514 τραύματα,
3490 443 3587 498 καὶ
3621 445 3725 516 d9-

460 547 677 601 ικιτπθο
1873 561 1876 563 λ
1959 546 1968 555 ·
2102 570 2107 575 ~
2140 539 2478 613 ρέυστήματα
2505 537 2752 608 θραύειν,
2785 538 2880 592 καὶ
2917 535 3185 607 βορϐόρου
3218 532 3505 604 καθαίρειν
3536 533 3722 604 ἀμαρ-

2137 627 2294 693 τιῶν,
2326 629 2422 680 καὶ
2456 629 2641 690 ἐλέους
2685 629 2822 684 Θεοῦ
2855 629 3100 702 χορηγὸν
3133 629 3267 700 ἡμῖν
3299 621 3464 695 εἶναι,
3487 625 3722 696 δύναμιν

985 833 1218 890 CAPUT
1257 835 1506 897 CCXCII,

455 923 709 990 Oportere
745 929 1010 980 asservari
1049 932 1190 996 quod
1218 945 1282 982 ea:
1316 929 1564 981 unctione
1608 929 1748 982 sacri
1779 931 1880 984 olei
1910 933 2035 985 reli-

1045 1015 1204 1068 quum
1240 1010 1440 1052 manet.

529 1087 659 1140 ldeo
689 1087 834 1154 quod
867 1105 932 1142 ex
984 1083 1103 1143 olec
1158 1101 1408 1160 superest
1434 1092 1760 1146 servandum
1790 1103 1947 1148 estet
1979 1094 2032 1150 in

449 1180 666 1251 ‘honore
720 1179 1058 1244 habendum,
1101 1195 1204 1235 nec
1241 1181 1540 1252 quidquam
1565 1183 1729 1253 hujus
1754 1185 2037 1254 negligen-

454 1273 605 1322 dum.
641 1268 773 1323 Novi
799 1271 941 1325 enim
974 1272 1042 1326 de
1078 1271 1181 1327 hac
1217 1289 1294 1337 re,
1331 1275 1472 1330 sicut
1503 1286 1559 1331 et
1586 1277 1652 1332 de
1693 1278 2034 1332 divinissima

455 1363 796 1432 baptismatis
865 1380 1001 1434 aqua
1047 1365 1314 1433 quosdam
1379 1383 1502 1422 esse
1553 1369 1666 1435 qui.
1727 1371 2036 1425 nescientes

453 1456 766 1511 ims‘erium
801 1457 882 1511 vel
926 1457 1056 1512 illud
1100 1468 1444 1528 respuentes.
1478 1475 1546 1516 eo
1587 1472 1862 1532 utcunque
1893 1463 2036 1517 oeci-

451 1549 598 1603 derit
632 1561 885 1612 utuntur,
917 1563 973 1604 et
1005 1566 1148 1620 sa>pe
1180 1551 1270 1605 ubi
1303 1568 1412 1606 non
1439 1564 1741 1623 oporteret,
1775 1556 2031 1618 mittitur,

454 1641 535 1695 vel
565 1641 634 1695 ab
665 1642 1000 1695 animalibus
1029 1643 1396 1705 consumitur,
1417 1659 1596 1714 neque
1621 1660 1752 1699 cura
1787 1655 1870 1700 est
1895 1646 2036 1700 mul.

453 1733 525 1787 iis
557 1733 625 1786 de
667 1732 779 1787 illo.
817 1731 1007 1787 Sciant
1039 1743 1220 1789 autem
1280 1736 1622 1806 negligentes
1689 1752 1911 1806 gravem
1953 1739 2034 1793 eis

2137 719 2260 791 ἔχον
2288 721 2383 776 καὶ
2407 721 2492 774 ίλα
2501 721 2746 793 ρότητος.

2701 833 2960 890 ΚΕΦΑΛ.
3007 825 3165 903 Σιιιῖ.

2140 927 2270 980 ὀτι
2315 926 2432 995 χρὴ
2493 927 2934 993 συντηρεῖσθαι
2997 927 3064 980 τὸ
3123 921 3526 992 καταλειφθὲν
3570 923 3724 994 μετὰ

2422 996 2539 1066 τὴν
2585 999 2790 1065 κρίσιν
2822 996 2933 1052 τοῦ
2979 996 3156 1065 ἁγίου
3203 995 3440 1050 ἐλαίου.

2187 1087 2302 1140 -Διὸ
2349 1079 2798 1158 καιφυλακτέον
2852 1090 3050 1157 τοῦτο,
3101 1088 3200 1142 καὶ
3271 1086 3568 1158 τιμητέον,
3627 1087 3724 1138 καὶ

2141 1181 2215 1251 μὴ
2292 1181 2594 1253 ἀμελητέον
2665 1181 2800 1245 ὅλως
2889 1177 3074 1237 αὐτοῦ.
3155 1180 3372 1249 Ἔγνων
3445 1180 3554 1248 γὰρ
3624 1182 3723 1232 καὶ

2138 1275 2269 1341 περὶ
2319 1274 2556 1337 τούτου,
2590 1273 2667 1338 ὠς
2725 1275 2822 1328 καὶ
2884 1273 3014 1343 περὶ
3063 1272 3157 1328 τοῦ
3219 1271 3499 1326 θειοτάτου
3533 1269 3726 1333 ὕδατος

2137 1364 2230 1418 τοῦ
2277 1357 2680 1435 βαπτίσματος,
2706 1367 2853 1427 ὅπως
2894 1362 3222 1437 ἀγνοοῦντες
3241 1380 3386 1424 τινες
3405 1362 3470 1416 τὸ
3509 1365 3727 1432 μυστξιι-

2141 1473 2274 1524 ριον,
2311 1455 2343 1526 ἢ
2375 1459 2470 1510 καὶ
2502 1455 2960 1526 καταμελοῦντες,
2983 1456 3059 1519 ὡς
3109 1455 3268 1525 ἔτυχε
3305 1455 3516 1518 τούτοις
3550 1454 3727 1524 χρῶν-

2137 1563 2268 1599 ται·
2317 1549 2410 1602 καὶ
2465 1548 2730 1611 πολλάκις
2780 1548 2856 1610 ὼς
2913 1547 2990 1618 μὴ
3028 1545 3206 1616 ὢφελε
3238 1548 3510 1619 ρίπτεται,
3557 1547 3726 1616 ῆκαϊ

2138 1639 2490 1694 ἀναλίσκεται
2520 1640 2625 1694 ὑπὸ
2659 1641 2813 1705 ζώων
2839 1659 2853 1672 ⁸
2905 1639 3003 1694 καὶ
3037 1641 3098 1694 οὐ
3131 1639 3350 1711 φροντὶς
3374 1640 3505 1708 περὶ
3535 1638 3726 1691 τούτου

2139 1733 2249 1793 τοῖς
2275 1729 2510 1793 πολλοῖς.
2549 1730 2709 1784 Ἀλλὰ
2737 1730 2980 1798 γνωστὸν
3002 1730 3144 1784 ἔστω
3163 1733 3274 1791 τοῖς
3306 1730 3623 1800 ἀμελοῦσιν,
3641 1732 3724 1795 ὡς

454 1835 674 1894 propter
704 1826 806 1879 hoc
830 1826 1119 1881 imminere
1179 1827 1609 1885 damnationem.
1673 1828 1904 1900 Insuper
1965 1829 2031 1885 de

2141 1821 2278 1892 βαρὺ
2302 1820 2361 1874 τὸ
2391 1822 2522 1892 περ)⁵
2551 1825 2743 1876 τούτου
2779 1823 3122 1894 κατάκριμα.
3175 1821 3331 1876 Ἐπεὶ
3365 1826 3458 1877 καὶ
3491 1825 3549 1876 τὸ
3582 1826 3720 1892 περὶ

454 1921 552 1972 hac
585 1934 642 1972 re
675 1918 1096 1973 ratiocinemur.
1136 1919 1192 1974 Si
1213 1936 1350 1987 aqua
1379 1922 1717 1977 sanctiﬁcata
1747 1933 2036 1992 regenerat

452 2021 503 2064 et
537 2010 799 2065 reformat
834 2011 1141 2077 hominem,
1173 2029 1277 2068 nec
1309 2016 1516 2080 absque
1551 2028 1613 2067 ea
1647 2015 1933 2088 quisquam
1954 2024 2037 2070 est

451 2102 841 2171 (.hristianns;
900 2104 1082 2158 oleum
1135 2120 1268 2158 vero
1328 2115 1508 2168 sanat,
1571 2117 1626 2161 et
1688 2116 2034 2174 peccaturum

452 2196 832 2250 remissionem
895 2195 1159 2266 impertit,
1195 2207 1363 2267 utque
1413 2197 1464 2252 in
1503 2198 1636 2268 ipsis
1693 2208 1919 2268 propter
1949 2216 2037 2255 me

451 2285 805 2351 super-veniat
859 2301 968 2340 noa
1025 2285 1351 2357 dedignatur
1401 2287 1641 2356 Spiritus
1688 2299 1935 2344 saueius.
1986 2290 2032 2342 ei

451 2383 634 2430 autem
671 2377 847 2446 placet
872 2376 1097 2431 adunati
1127 2394 1285 2448 aqua:
1305 2387 1361 2434 et
1386 2379 1507 2433 olcu
1529 2382 1848 2448 ca'lerisque
1879 2395 2034 2434 crea-

453 2468 679 2523 tmisac
742 2469 1030 2525 elementis
1078 2479 1304 2540 Propter
1359 2487 1536 2525 meam
1584 2473 1925 2527 sanationem
1980 2487 2036 2528 et

449 2561 869 2624 correctionem,
920 2563 1194 2628 quomodo
1268 2563 1620 2617 damnatione
1701 2581 1812 2618 non
1888 2576 2034 2620 esset

449 2652 645 2721 dignus
691 2651 774 2704 vir
834 2651 1012 2706 audax
1049 2652 1144 2722 qui
1201 2653 1288 2706 illa
1342 2653 1648 2708 ellunderet
1705 2668 1759 2708 ct
1805 2651 2036 2724 pedibus

449 2743 839 2798 conculcaret?
873 2744 958 2797 vel
982 2745 1075 2814 qui
1119 2754 1482 2803 contemnens
1546 2747 1753 2802 sineret
1809 2764 1870 2801 ea
1910 2747 2034 2801 nhi-

449 2851 669 2905 cunque
718 2837 910 2907 projici
943 2849 997 2891 et
1030 2839 1352 2908 corrumpi?
1394 2839 1484 2908 qui
1544 2839 1597 2892 in
1662 2841 1872 2894 honore
1928 2858 2032 2895 non

452 2929 679 2986 haberet
744 2946 808 2985 ea
839 2931 1038 2999 quibus
1085 2930 1180 2984 Dei
1225 2931 1398 2985 virtus
1451 2931 1852 2986 adumbratur?
1892 2945 1947 2986 et
1981 2935 2034 2987 in

448 3023 648 3092 quibus
689 3023 1000 3077 invocatum
1029 3031 1114 3076 est
1148 3037 1350 3075 nomen
1371 3021 1510 3088 ejus,
1533 3023 1787 3092 illiusque
1818 3023 2033 3093 signum

2135 1913 2327 1968 τούτου
2355 1912 2882 1983 συλλογιζέσθωσαν.
2920 1915 2980 1966 Ei
3005 1914 3066 1967 τὸ
3102 1913 3246 1984 ὕδωρ
3288 1914 3550 1983 ἀγιασθὲν
3591 1917 3727 1967 ἁνα-

2137 2007 2306 2076 γεννᾷ
2340 2005 2436 2059 καὶ
2461 2007 2775 2076 ἅναμορφοῖ
2801 2006 2892 2060 τὸν
2927 2006 3238 2077 ἄνθρωπον,
3281 1993 3378 2059 καὶ
3406 2006 3577 2076 χωρὶς
3603 2006 3725 2060 τού-

2138 2115 2234 2150 του
2278 2097 2380 2150 οὑκ
2429 2095 2549 2149 ἔστι
2600 2096 2958 2168 Χριστιανὸς,
2991 2096 3086 2150 καὶ
3120 2097 3180 2148 τὸ
3229 2095 3412 2149 ἔλαιον
3459 2095 3516 2149 δὲ
3549 2096 3725 2165 ’θερα-

2139 2189 2320 2254 πεύει,
2351 2191 2446 2243 καὶ
2489 2189 2784 2259 ἀμαρτιῶν
2812 2188 3118 2259 παρέχεται
3147 2187 3366 2257 ἄφεσιν,
3396 2189 3492 2242 καὶ
3536 2189 3592 2240 ὲν
3626 2189 3725 2241 αὐο

2137 2286 2250 2348 τοῖς
2294 2283 2362 2338 δι’
2397 2283 2500 2352 ἐμὲ
2547 2283 2838 2353 ὲπιφοιτᾷν
2884 2283 2987 2336 οὐκ
3037 2281 3266 2348 ἀπαξιοῖ
3303 2281 3366 2334 τδ
3411 2279 3636 2349 Πνεῦμα
3662 2278 3724 2333 τὸ

2138 2374 2316 2441 ἄτιον·
2355 2374 2566 2428 εὐδοκεῖ
2596 2375 2653 2426 δὲ
2681 2373 2936 2427 ὲνοῦσθαι
2966 2375 3079 2436 τοῖς
3111 2372 3268 2426 ὕδασι
3297 2371 3393 2426 καὶ
3420 2369 3499 2442 τῷ
3533 2369 3720 2439 ἐλαίῳ,

2139 2468 2233 2520 καὶ
2278 2467 2488 2529 λοιποῖς
2537 2466 2721 2529 ἄλλοις
2757 2466 3022 2535 κτίσμασι
3071 2464 3168 2518 καὶ
3224 2465 3549 2534 στοιχείοις,
3585 2463 3728 2533 πρὸς

2138 2560 2238 2629 τὴν
2272 2560 2409 2629 ἐμὴν
2440 2558 2683 2627 ἰατρείαν
2713 2575 2774 2612 τε
2809 2558 2903 2612 καὶ
2949 2557 3256 2629 ἀνόρθωσιν
3285 2575 3300 2590 ·
3351 2559 3470 2622 πῶς
3511 2559 3570 2611 οὐ
3603 2558 3722 2611 τολ-

2143 2659 2343 2730 μητίας
2390 2659 2486 2713 καὶ
2534 2658 2921 2727 κατακρίσεως
2967 2657 3119 2721 ἄξιος
3165 2658 3193 2710 ὀ
3249 2653 3460 2724 ὲκχέων
3509 2668 3570 2704 τε
3626 2650 3723 2705 καὶ

2140 2752 2521 2816 καταπατῶνς
2567 2753 2600 2824 ἢ
2661 2749 3075 2820 περιφρονητὴς
3107 2746 3206 2814 ὣν,
3247 2749 3344 2800 καὶ
3392 2743 3724 2814 καταμελῶν

2139 2829 2213 2905 ὧς
2246 2843 2405 2914 ἔτυχε
2441 2843 2618 2897 ταῦτα
2664 2843 2900 2912 χυθῆναί
2935 2858 2994 2893 τε
3040 2839 3136 2894 καὶ
3168 2839 3488 2908 φθαρῆναι,
3514 2836 3610 2890 καὶ
3645 2836 3724 2906 μὴ

2139 2936 2342 3006 τιμῶν,
2383 2936 2470 3005 ἐφ’
2507 2928 2587 2999 οἷς
2617 2933 2753 2988 Θεοῦ
2784 2934 3016 3003 δύναμις
3049 2932 3393 2998 ὲπεσκίασε;
3446 2931 3542 2985 καὶ
3584 2929 3724 2997 κλῆ-

2140 3047 2226 3092 σις
2256 3029 2424 3081 αὐτοῦ
2453 3029 2512 3081 ὲν
2539 3028 2724 3089 αὐτοῖς
2751 3026 3085 3095 ὡνομάσθη;
3141 3026 3235 3080 καὶ
3288 3024 3530 3094 σφραγὶς
3559 3022 3725 3076 αὐτοῦ

449 3133 546 3186 per
572 3132 790 3169 manum
855 3115 1161 3170 sacerdotis
1211 3114 1413 3169 factum
1463 3117 1586 3170 est?
1633 3114 1781 3171 Scito
1807 3132 1953 3186 ergo,
2003 3130 2031 3170 ο

2140 3122 2229 3176 διά
2264 3122 2358 3174 τοῦ
2393 3121 2635 3191 σταυροῦ
2689 3123 2755 3190 τῇ
2809 3121 3062 3188 ίερατικῇ
3106 3118 3250 3187 χειρὶ
3282 3117 3474 3184 γέγονε
3504 3135 3519 3182 ;
3554 3115 3726 3168 Γινώ-

450 3207 750 3277 uegligeus.
781 3207 1045 3275 quoniam
1071 3207 1553 3269 condemnaberis,
1574 3212 1738 3278 atque
1767 3223 1891 3264 cum
1926 3209 2033 3265 illis

445 3300 672 3354 audies:
705 3319 724 3352 ι
749 3297 963 3363 Videte,
1016 3308 1446 3368 contemptores,
1488 3311 1542 3356 et
1577 3302 1946 3369 admiramini,
1979 3314 2035 3359 et

447 3392 846 3459 disperditnini.
890 3414 908 3446 ι
947 3393 1080 3450 dicit
1113 3393 1404 3449 Dominus.
1437 3395 1635 3449 Verum
1665 3406 1722 3451 nt
1753 3397 1896 3454 istud
1921 3413 2031 3452 non

453 3484 688 3547 accidat,
719 3486 815 3540 sed
844 3486 1024 3554 potius
1053 3484 1220 3540 Deum
1267 3487 1636 3557 gloriﬁcantes
1685 3500 1906 3560 propter
1933 3494 2034 3547 hoc

448 3595 476 3629 a
517 3577 627 3630 Deo
653 3578 1030 3649 glorillcemini
1084 3595 1245 3648 quem
1282 3580 1586 3652 glorilicant
1624 3583 1745 3637 cmli
1778 3593 1832 3638 et
1864 3593 2029 3653 terra,

448 3683 498 3727 et
530 3671 689 3740 plena
741 3681 868 3726 sunt
917 3671 1100 3726 atriuia
1125 3671 1305 3744 gloria
1337 3673 1478 3743 ejus,
1506 3683 1566 3728 ut
1601 3684 1805 3729 canunt
1830 3677 2027 3746 angeli,

449 3776 610 3830 atque
649 3764 867 3832 pietatis
886 3772 1088 3818 nostra:
1147 3765 1432 3834 nostrique
1490 3766 1720 3822 honoris
1769 3783 1896 3838 erga
1945 3784 2032 3823 res

450 3857 664 3910 divinas
708 3859 1018 3911 mercedem
1081 3857 1429 3912 abundanter
1465 3859 1880 3928 participemus,
1920 3861 2032 3913 lum:

445 3957 503 3998 ut
543 3956 732 4000 sancta
767 3949 1128 4012 honoremus,
1167 3955 1224 4001 et
1249 3956 1308 4002 ut
1341 3958 1560 4017 oportet
1590 3961 1849 4006 accurate
1911 3967 2032 4005 ser-

447 4054 656 4103 \emus,
688 4047 856 4106 utque
885 4039 938 4092 in
970 4038 1196 4108 preprio
1224 4054 1491 4110 sacroque
1527 4042 1646 4096 loco
1683 4043 2034 4113 deponantur

447 4132 788 4193 Studeamus,
855 4130 1117 4200 quoniam
1169 4129 1295 4196 erit,
1351 4131 1546 4202 inquit,
1611 4135 1786 4188 honor
1815 4137 2032 4205 requies

441 4220 580 4285 ejus,
606 4219 833 4289 piosque
879 4219 1042 4275 facite
1103 4217 1241 4275 ﬁlios
1274 4230 1508 4286 vestros,
1568 4224 1758 4294 eisque
1806 4229 1898 4294 qui
1944 4225 2031 4282 res

441 4316 658 4370 divinas
689 4329 754 4369 ac
778 4317 973 4379 domus
1022 4317 1144 4386 ejus
1193 4332 1491 4394 rerumque
1521 4319 1574 4372 in
1631 4336 1692 4374 ea
1729 4324 2028 4390 positarum

441 4410 702 4465 decorum
729 4407 986 4479 diligunt,
1044 4421 1162 4465 orat
1225 4412 1460 4467 Ecclesia
1518 4413 1660 4468 utin
1715 4418 2028 4472 mercedem

445 4501 648 4556 virtute
670 4510 725 4555 et
746 4500 916 4572 gloria
949 4500 1041 4558 Dei
1077 4503 1473 4574 glorillcenmr.

513 4678 770 4734 Clericus.
803 4679 1109 4734 Admodum
1157 4687 1242 4734 est
1271 4685 1666 4737 necessarium.
1711 4698 1898 4742 sancte
1929 4689 2030 4740 do-

441 4761 611 4832 mine,
685 4782 741 4825 et
797 4771 1033 4839 perutile
1063 4787 1128 4826 ac
1189 4771 1577 4843 obligatorium
1633 4777 1811 4839 nobis,
1867 4786 2032 4848 prout

442 4859 698 4922 docuisti,
735 4875 826 4915 res
846 4875 1028 4915 sacras
1057 4859 1388 4930 divi‘nasque
1438 4877 1506 4916 ac
1533 4862 1904 4918 sanctiﬁcatas
1933 4865 2030 4918 ho-

442 4966 670 5016 norare,
696 4962 866 5023 atque
913 4951 1302 5024 gravissimum
1343 4953 1528 5015 divina
1554 4955 1762 5026 pariter
1786 4966 1840 5014 et
1871 4973 2027 5015 sacra

441 5044 742 5117 negligere.

511 5144 781 5214 Pontifex.
809 5142 977 5199 Valde
1013 5141 1412 5208 necessarium,
1446 5141 1633 5208 frater,
1670 5144 2025 5213 quemadmo-

439 5236 570 5292 dum
596 5251 698 5290 nos
738 5235 980 5290 diximus
1010 5233 1274 5303 vobisque
1307 5235 1650 5292 mandamus.
1683 5235 1788 5292 Sed
1822 5237 2025 5310 injuria

439 5328 556 5396 ejus
588 5329 680 5393 qui
706 5327 972 5381 adversus
993 5335 1182 5380 sancta
1221 5327 1588 5398 pregreditur,
1621 5328 1884 5401 frequens
1939 5338 2026 5386 est

443 5419 800 5488 negligentia,
846 5419 1042 5473 acerba
1091 5432 1222 5473 vero
1278 5420 1578 5478 damnatio.
1644 5423 1758 5478 lmo
1808 5439 1915 5478 non
1967 5423 2023 5478 in

440 5511 558 5563 istis
586 5519 796 5564 tantum
831 5509 1219 5581 plerorumque
1251 5511 1894 5586 inveniturnegligentia,
1928 5513 2025 5571 sed

440 5604 612 5656 etiam
649 5604 700 5657 in
735 5603 988 5659 decentia
1020 5605 1202 5674 templi
1229 5615 1283 5661 et
1311 5607 1634 5673 sanctuarii,
1655 5607 1710 5662 in
1743 5609 2026 5663 tremendo

441 5693 625 5754 altari,
653 5695 703 5747 in
739 5695 910 5750 sacris
942 5697 1182 5762 vasibus,
1215 5709 1272 5754 et
1307 5699 1364 5753 in
1426 5699 1578 5768 ipsis,
1638 5701 1773 5771 proh
1824 5701 2020 5755 dolorl

446 5786 721 5855 mysteriis
748 5786 1341 5851 maxime‘metueudis.
1379 5790 1508 5846 Nam
1534 5802 1776 5866 tempore
1819 5803 2023 5854 sanctae

2143 3232 2288 3270 σκων
2316 3214 2427 3278 ἔσο,
2447 3216 2473 3267 ὁ
2501 3212 2742 3282 ἀμελῶν,
2763 3211 2840 3273 ὼς
2863 3209 3271 3281 κατακριθήσῃ,
3306 3211 3400 3264 καὶ
3430 3207 3549 3278 μετ’
3577 3209 3724 3262 ὲκεί-

2138 3326 2247 3362 νων
2279 3307 2492 3380 ἀκούσῃ
2536 3307 2642 3371 τὸ,
2692 3325 2710 3358 ι
2772 3305 2966 3370 Ἴδετε,
3021 3304 3073 3356 οἱ
3126 3306 3564 3372 καταφρονηταὶ,
3622 3306 3730 3360 καὶ

2139 3397 2484 3468 Θαυμάσατε,
2520 3397 2614 3450 καὶ
2642 3395 2980 3465 ἀφανίσθητε
3009 3436 3022 3459 ,
3059 3413 3076 3446 ι
3106 3394 3269 3463 λέγει¹
3289 3395 3511 3464 Κύριος.
3581 3395 3725 3450 Ἀλλ’

2140 3489 2226 3543 ἵνα
2257 3490 2330 3560 μὴ
2364 3489 2524 3541 τοῦτο
2565 3468 2673 3558 eli,
2721 3488 2796 3550 ὡς
2845 3486 2901 3540 δὲ
2963 3487 3279 3552 δοξάζοντες
3318 3486 3519 3557 μᾶλλον
3566 3486 3730 3554 Θεὸν,

2137 3581 2224 3634 διὰ
2266 3581 2352 3635 τοῦ
2390 3582 2558 3635 αὐτοῦ
2609 3579 3088 3650 ἀντιδοξασθῶμεν
3139 3580 3293 3651 παρά
3344 3580 3504 3648 Θεοῦ,
3537 3581 3597 3635 ὃν
3639 3581 3725 3634 δο-

2140 3672 2293 3737 ξάζει
2347 3673 2375 3725 ὁ
2429 3652 2660 3742 οὐρανδς
2705 3673 2798 3726 καὶ
2840 3674 2874 3743 ή
2906 3673 3003 3740 γῆ,
3040 3676 3136 3726 καὶ
3186 3673 3368 3744 πλήρη
3425 3672 3592 3727 αὐτοῦ
3624 3673 3726 3742 τῆς

2136 3762 2295 3830 δόξης
2350 3765 2550 3829 πάντα,
2606 3764 2682 3822 ὡς
2744 3765 3009 3833 ὑμνοῦσιν
3066 3765 3116 3818 οἱ
3180 3765 3426 3832 ἄγγελοι,
3485 3766 3578 3819 καὶ
3626 3764 3726 3818 τοῦ

2137 3855 2279 3924 ὑπὲρ
2311 3856 2407 3925 τῆς
2430 3855 2718 3918 εὐλαϐείας
2744 3857 2837 3918 καὶ
2868 3854 2967 3923 τῆς
3001 3855 3082 3917 εἰς
3112 3855 3181 3908 τὰ
3218 3855 3340 3908 θεῖα
3371 3855 3537 3926 206
3558 3858 3728 3924 τιμῆς

2140 3946 2337 4020 μισθοῦ
2391 3947 2629 4018 δαψιλῶς
2682 3947 3072 4017 μετάσχωμεν,
3107 3947 3360 4018 τιμῶμεν
3417 3948 3592 4002 ταῦτα
3644 3948 3726 4012 ὡς

2136 4041 2292 4110 ἅγια,
2330 4038 2427 4094 καὶ
2455 4037 2908 4112 περιστέλλωμεν
2940 4038 3206 4112 δεόντως,
3228 4039 3324 4092 καὶ
3360 4041 3418 4094 ὲν
3467 4041 3730 4106 ἰδιάζοντι

2135 4135 2233 4189 καὶ
2271 4132 2402 4204 ἱερῷ
2437 4130 2797 4185 κατατιθέναι
2833 4131 2998 4203 χώρῳ
3027 4133 3442 4204 σπουδάζωμεν.
3477 4135 3604 4188 ’Ότι
3626 4136 3732 4189 καὶ.

2135 4228 2311 4294 ἔσται,
2344 4226 2532 4296 φησὶν,
2589 4223 2896 4290 ἀνάπαυσις
2928 4226 3096 4280 αὐτοῦ
3149 4228 3305 4297 τιμή·
3336 4228 3433 4281 καὶ
3468 4229 3724 4294 εὐλαϐεῖς

2134 4322 2344 4374 ποιεῖτε
2374 4317 2504 4378 τοὺς
2536 4313 2689 4378 υἱοὺς
2724 4316 2901 4386 ὑμῶν,
2934 4318 3032 4372 καὶ
3068 4319 3185 4382 τοῖς
3222 4319 3485 4385 ἀγαπῶσι
3509 4323 3575 4374 τά
3601 4323 3724 4377 θεῖα

2135 4411 2234 4463 καὶ
2289 4405 2384 4461 τοῦ
2439 4406 2585 4461 θείου
2619 4405 2774 4460 οίκου
2816 4409 2910 4460 καὶ
2965 4407 3078 4461 τῶν
3113 4409 3171 4462 ἐν
3206 4409 3356 4483 αὐτῷ
3392 4411 3493 4480 τὴν
3522 4413 3725 4482 εὐπρὲ-

2059 4507 2113 4567 D
2145 4517 2303 4553 τειαν
2331 4498 2391 4550 τὸ
2423 4497 2871 4566 ἀντιὸοξκσοῆναι
2924 4497 3047 4570 θείᾳ
3095 4499 3327 4572 δυνάμει
3382 4501 3478 4558 καὶ
3507 4503 3637 4585 δόξῃ
3683 4504 3721 4576 ἠ
3751 4545 3758 4551 .

2149 4592 2446 4661 Ἐκκλησία
2481 4589 2719 4661 εὔχεται.

2225 4685 2552 4750 Κληρικός.
2620 4674 3102 4750 Ἀναγκαιότατον,
3143 4683 3270 4750 ἅγιε
3327 4683 3585 4746 δέσποτα,
3625 4684 3723 4738 καὶ

2133 4775 2412 4843 ἑπωφελὲς
2456 4778 2550 4828 καὶ
2600 4777 3096 4846 κεχρεωστημὲνον
3129 4776 3298 4847 ἡμῖν,
3333 4775 3410 4838 ὡς
3443 4777 3718 4843 ἐδίδαξας,

2134 4885 2201 4920 τα
2234 4869 2355 4941 ἱερά
2406 4871 2498 4922 καὶ
2535 4869 2653 4922 θεῖα
2691 4869 2792 4950 οιαὶ
2841 4868 3158 4938 ἡγιασμένα
3187 4870 3373 4938 τιμᾷνο
3419 4869 3720 4941 καὶβαρύ-

2129 4979 2297 5017 τατον
2325 4961 2384 5016 τὸ
2418 4960 2528 5017 τῶν
2556 4963 2700 5016 οὕτω
2747 4961 2908 5016 θείων
2936 4962 3030 5015 καὶ
3057 4962 3220 5034 ἱερῶν
3248 4963 3496 5033 ἀμελεῖν.

2214 5145 2578 5216 Ἀρχιερεύς.
2646 5143 3134 5214 ’Δναγκαιότατον,
3181 5143 3425 5215 essm,
3476 5146 3552 5208 ὼς
3621 5146 3720 5201 καὶ

2127 5238 2292 5308 ἡμεῖς
2347 5237 2584 5308 ἔφημεν,
2637 5236 2734 5291 καὶ
2806 5237 2953 5308 ὑμᾶς
3023 5236 3506 5309 παραγγέλλομεν.
3574 5237 3717 5292 Ἀλλ’

2127 5330 2370 5401 ἀπηρεία
2412 5319 2509 5384 τοῦ
2567 5331 2712 5384 κατά
2764 5329 2875 5385 τῶν
2910 5328 3086 5400 ἁγίων
3129 5328 3437 5402 χωροῦντος
3484 5331 3712 5404 πλείστη

2127 5425 2280 5478 ἐστὶν
2309 5424 2342 5497 ἡ
2376 5423 2634 5495 ἀμέλεια,
2657 5425 2754 5478 καὶ
2789 5424 2822 5494 ή
2869 5423 3200 5495 κατάκρισις
3247 5424 3306 5478 δὲ
3338 5425 3575 5496 χαλεπή.
3604 5425 3717 5478 Καὶ

2127 5517 2188 5571 οὐ
2222 5516 2384 5588 μόνον
2438 5519 2497 5572 ἐν
2535 5515 2751 5580 τούτοις
2803 5515 2913 5570 τῶν
2973 5515 3188 5571 πολλῶν
3237 5517 3391 5570 ἔστιν
3455 5516 3712 5585 ἀμέλεια,

2127 5608 2268 5664 ἀλλά
2312 5610 2413 5662 κὰν
2455 5611 2522 5680 τῇ
2563 5607 2838 5680 εὐκοσμίᾳ
2867 5606 2963 5662 τοῦ
3017 5607 3149 5662 ναοῦ
3200 5607 3293 5661 καὶ⁵
3324 5607 3417 5662 τοῦ
3448 5607 3712 5678 βήματος,

2131 5702 2226 5756 καὶ
2252 5701 2330 5770 τῷ
2361 5699 2577 5771 φρικτῷ
2611 5699 3023 5771 θυσιαστηρίῳ,
3053 5699 3147 5754 καὶ
3181 5703 3294 5762 τοῖς
3325 5700 3491 5770 ίεροῖς
3521 5699 3714 5752 σκεύε-

2132 5809 2203 5860 σι,
2265 5795 2360 5855 καὶ
2412 5794 2622 5867 αὐτοῖς,
2669 5795 2855 5870 algam!
2905 5797 3013 5860 τοῖς
3068 5793 3452 5870 φρικτοτάτοις
3505 5809 3713 5873 μυστη-
