4046 6426
274 305 375 368 ε’ιέ
1406 300 1507 362 DE
1545 299 1785 361 SACRA
1830 300 1859 361 ῐ

1964 268 2343 364 ιρΑΤιοΝὲ.

3086 240 3111 262 ο

3444 307 3552 364 Μξῖ

272 420 365 469 καὶ
384 411 685 481 ἁμαρτιῶν
719 410 1122 482 ἀπολύτρωσις,
1165 408 1262 462 καὶ
1313 408 1505 479 ψυχῶν
1535 412 1632 463 καὶ
1665 410 1855 477 σωμάο

1964 424 1993 463 a
2028 411 2292 479 peccatis.
2346 411 2655 468 animarum
2687 421 2744 469 et
2789 428 3084 484 corporum
3139 414 3433 481 medicina,
3462 418 3550 470 di-

274 526 375 560 cmv
421 505 879 574 θεραπευτήρων,
924 504 1019 555 καὶ
1054 501 1342 572 φωτισμοῦ
1394 500 1541 554 θείου
1600 503 1859 572 χορηγὸς,

273 597 365 649 καὶ
427 596 612 655 ἐλέους
665 592 802 646 Θεοῦ
865 593 1095 665 βρύοις,
1152 593 1247 646 καὶ
1306 592 1714 662 ἀποκαλύψεων
1768 593 1864 646 καὶ

274 690 530 760 μυήσεων
585 685 747 739 θείων
799 687 858 736 ἐν
907 685 1235 739 ταπεινώσει
1288 684 1613 756 βραϐευτὴς,
1664 688 1759 740 καὶ
1803 686 1864 738 16

272 782 435 850 μόνον
474 780 765 849 σωτήριον,
798 779 920 831 ἐπεὶ
946 778 1040 832 καὶ
1066 777 1127 831 16
1151 780 1417 849 σωτήριον
1452 779 1609 848 φέρει
1632 781 1689 832 ἐν
1723 779 1859 851 αύτῇ

277 875 362 927 τοῦ
396 872 530 925 Θεοῦ
563 871 719 940 ἡμῶν
755 871 949 939 ὄνομα’
990 869 1017 923 6
1070 869 1133 938 δὴ
1179 871 1240 923 16
1293 872 1457 939 μόνον
1485 872 1646 941 211
1690 872 1862 940 ὄνομά

272 967 389 1018 ἐστι
420 966 477 1017 16
509 964 804 1035 ἐπικληθὲν
836 964 916 1026 είς
949 965 1119 1033 ἡμᾶς.
1146 963 1324 1034 Ἰησοῦ
1344 965 1581 1033 Χριστοῦ
1610 963 1705 1017 τοῦ
1728 966 1858 1019 Υἰοῦ

272 1060 370 1112 τοῦ
408 1058 567 1111 Θεοῦ.
612 1059 719 1111 Kal
753 1058 852 1110 ούκ
900 1056 1051 1110 ἐστιν
1099 1059 1157 1110 ἐν
1189 1059 1367 1111 οὐδενὶ
1417 1058 1564 1127 ἄλλῳ
1616 1058 1860 1128 σωθῆναι

264 1154 442 1221 ἡμεῖς,
502 1150 576 1212 ὥς
624 1167 790 1219 φησιν
833 1148 1234 1213 όἈπόστολος.
1289 1151 1378 1203 Διὸ
1434 1153 1529 1205 καὶ
1580 1156 1858 1223 προσευχὴ

272 1247 443 1309 ἐστιν,
473 1246 551 1298 ὅτι
578 1246 636 1297 ἐν
665 1245 803 1315 αὐτῇ
832 1245 923 1298 16v
954 1247 1097 1299 θεῖον
1127 1245 1497 1316 ἐπιζητοῦμεν
1524 1246 1675 1300 ἔλεον
1698 1264 1713 1280 ·
1762 1249 1859 1301 καὶ

271 1339 429 1408 εὐχὴ.
462 1339 544 1391 ὅτι
579 1339 892 1407 παρέχομεν
920 1339 1150 1402 ἑαυτοὺς
1186 1339 1409 1410 Χριστῷ
1442 1340 1533 1393 διὰ
1568 1342 1668 1410 τῆς
1692 1340 1859 1393 αὑτοῦ

273 1430 624 1499 ἐπικλήσεως
647 1447 662 1461 ο
704 1432 799 1483 καὶ
829 1430 1115 1501 ὁμολογία,
1152 1432 1234 1484 ὅτι
1263 1431 1422 1485 τοῦτο
1452 1431 1796 1503 ὁμολογήσας
1834 1436 1861 1487 6

272 1523 502 1594 Πέτρος,
544 1522 957 1592 μεμὰκάρισται
982 1540 996 1554 ·
1032 1524 1125 1576 καὶ
1156 1523 1474 1593 Πνεύματος
1522 1527 1857 1596 παρεκτικὴ,

272 1616 353 1668 ὅτι
387 1634 405 1666 ι
435 1615 624 1677 Οὐδεὶς
648 1615 796 1681 λέγει
826 1614 1029 1682 Κύριον
1066 1615 1294 1685 Ἰησοῦν,
1318 1619 1366 1669 εἰ
1398 1618 1472 1686 μὴ
1502 1620 1555 1669 ἐν
1580 1619 1861 1686 Πνεύματι

1966 502 2077 556 vini
2117 503 2341 558 luminis
2373 504 2619 575 largitor,
2656 505 3047 561 misericordiae
3093 506 3188 562 Dei
3244 510 3547 580 scaturigo,

1965 609 2294 650 arcanorum
2349 598 2847 670 mysteriorumque
2889 602 3155 657 revelatio
3213 604 3549 672 divinorum,

1963 689 2140 743 Solum
2189 691 2452 753 salutare,
2513 692 2774 761 quoniam
2809 694 2863 747 in
2914 709 2974 748 se
3018 696 3264 751 continet
3309 697 3549 753 salutare

1964 798 2167 838 nomen
2205 784 2301 838 Dei
2348 785 2544 845 nostri.
2575 785 2716 854 quod
2778 786 2953 839 selum
2988 803 3188 843 nomen
3244 801 3331 843 est
3385 805 3551 859 super

1964 890 2062 930 nos
2113 876 2423 931 invocatum
2466 875 2593 931 Jesu
2628 877 2833 932 Christi
2887 878 3005 932 Filii
3055 879 3170 942 Dei,
3209 891 3263 935 et
3317 898 3428 936 non
3461 893 3546 937 est

1962 968 2109 1021 aliud
2143 982 2338 1023 romeu
2381 971 2435 1023 in
2484 985 2593 1039 quo
2624 980 2878 1039 oporteat
2902 986 2999 1024 nos
3031 971 3210 1026 salvos
3242 972 3383 1035 ﬁeri,
3424 989 3549 1041 per-

1938 1058 2093 1114 inde
2150 1075 2215 1114 ac
2261 1060 2399 1115 dixit
2429 1060 2749 1130 Apostolus.
2800 1061 2926 1116 Ideo
2954 1072 3035 1116 est
3066 1063 3263 1128 oratio,
3290 1068 3551 1133 quoniam

1965 1152 2018 1204 in
2052 1168 2113 1227 ea
2157 1153 2397 1207 divinam
2448 1154 2805 1223 imploramus
2842 1154 3298 1222 misericordiam,
3332 1166 3415 1210 est
3456 1172 3555 1210 vo-

1965 1252 2101 1309 tum,
2134 1246 2393 1313 quoniam
2429 1260 2525 1313 per
2571 1245 2976 1299 invocationem
3014 1247 3130 1316 ejus
3168 1246 3277 1300 Deo
3304 1256 3555 1302 nosmet-

1966 1335 2114 1405 ipsos
2145 1336 2555 1405 mancipamus;
2593 1346 2677 1391 est
2712 1337 3023 1404 confessio,
3056 1338 3312 1407 quoniam
3359 1339 3553 1394 Pezrus

1966 1427 2070 1481 hoc
2124 1429 2413 1482 confessus
2445 1428 2639 1483 beatus
2676 1429 2984 1483 declaratus
3016 1441 3097 1484 est
3126 1447 3139 1495 ;
3197 1441 3282 1485 est
3312 1430 3552 1501 Spiritus

1964 1518 2213 1590 largitor,
2258 1522 2516 1589 quoniam
2572 1536 2738 1575 nemo
2788 1532 2973 1591 potest
3023 1523 3207 1577 dicere
3260 1524 3549 1580 Dominum

1962 1609 2149 1666 Jesum
2186 1612 2287 1666 nisi
2318 1612 2372 1666 in
2405 1612 2616 1681 Spiritu
2649 1624 2870 1679 sancto;
2907 1624 2990 1669 est
3017 1614 3327 1669 divinorum
3366 1633 3558 1670 mune-

273 1707 435 1775 ἁγίῳ’
462 1725 482 1759 ο
519 1707 613 1760 καὶ
645 1706 863 1775 δωρεῶν
897 1708 1057 1761 θείων
1085 1709 1344 1777 χορηγὸς,
1390 1710 1470 1762 ὅτι
1494 1710 1625 1763 «Διά
1655 1712 1859 1780 ταύτην

1966 1722 2085 1759 rum
2117 1706 2298 1768 dator,
2332 1708 2594 1775 quoniam
2630 1716 2857 1777 propter
2887 1723 3030 1773 eam,
3094 1726 3113 1759 ι
3154 1709 3302 1762 Dabo
3340 1709 3453 1775 tibi,
3481 1711 3558 1765 ait

275 1801 428 1852 δώσω
456 1815 558 1862 σοι,
586 1798 663 1869 τῷ
688 1798 881 1869 Πέτρῳ
911 1802 1076 1871 φησίν
1100 1800 1127 1852 6
1161 1802 1417 1869 Χριστὸς,
1452 1803 1550 1864 τὰς
1581 1803 1728 1865 κλεῖς
1754 1803 1858 1865 τῆς

1964 1798 2213 1853 Christus
2247 1798 2639 1860 Petro.claves
2670 1800 2822 1871 regni
2852 1801 3151 1864 caelorum;
3190 1821 3208 1853 ι
3245 1812 3327 1855 est
3358 1818 3557 1857 emun-

282 1889 557 1959 βασιλείας
590 1891 698 1943 τῶν
733 1891 1034 1960 ούρανῶνοι
1073 1894 1167 1946 καὶ
1193 1893 1464 1962 κάθαρσις
1498 1884 1748 1964 καρδίας,
1781 1898 1862 1949 ὅτι

250 1987 365 2036 16v
400 1983 533 2035 Θεὸν
562 1984 665 2055 ὁρᾷ
693 1985 787 2037 καὶ
818 1986 976 2039 καλεῖ
1014 1988 1106 2039 καὶ
1144 1988 1398 2057 καθαίρει
1435 1990 1526 2041 τὸν
1563 1990 1856 2060 βλέποντασ

275 2077 369 2128 καὶ
421 2075 604 2141 δίωξις
650 2077 957 2146 δαιμόνων,
1013 2079 1094 2131 ὅτι
1152 2082 1210 2132 ἐν
1262 2079 1342 2149 τῷ
1394 2081 1618 2149 ὀνόματι
1686 2084 1860 2153 Ἰησοῦ

274 2165 515 2233 Χριστοῦ
551 2166 893 2237 ἐδιώχθησαν
938 2170 1032 2221 καὶ
1080 2170 1365 2223 διώκονται
1399 2176 1599 2234 πάντες
1654 2176 1702 2224 οἱ
1751 2176 1863 2227 δαί-

278 2274 459 2326 μονες·
500 2261 593 2312 καὶ
627 2259 904 2330 ἐνοίκησις
939 2262 1199 2330 Χριστοῦ,
1234 2264 1315 2317 ὅτι
1360 2266 1424 2334 τῇ
1464 2264 1629 2317 αὐτοῦ
1663 2267 1855 2335 μνήμῃ

273 2350 302 2401 6
327 2350 561 2418 Χριστός
597 2352 744 2403 ἐστιν
769 2352 825 2404 ἐν
848 2353 999 2420 ἡμῖν,
1026 2354 1118 2406 καὶ
1147 2353 1234 2405 διὰ
1266 2356 1362 2422 τῆς
1393 2356 1612 2424 μνήμης
1642 2357 1862 2419 ἐνοικεῖ,

276 2444 369 2495 καὶ
402 2443 743 2513 εὐφροσύνης
773 2443 996 2514 πληροῖ.
1024 2463 1042 2496 ι
1076 2445 1391 2515 Ἐμνήσθην
1415 2447 1544 2515 γὰρ,
1583 2449 1738 2517 φησὶ,
1769 2448 1864 2501 τοῦ

277 2534 413 2587 Θεοῦ
436 2540 528 2588 καὶ
551 2536 882 2606 εύφρὰνθην.
918 2557 936 2589 ι
974 2539 1083 2590 Kal
1106 2539 1491 2607 manynrxdiv
1520 2541 1740 2594 ὲυνοιῶν
1769 2544 1863 2594 καὶ

279 2625 555 2696 λογισμῶν
583 2629 698 2680 ἐστι
732 2631 906 2697 πηγὴ,
935 2632 1015 2683 ὅτι
1050 2631 1289 2700 Χριστός
1325 2633 1473 2683 ἐστιν
1508 2634 1535 2685 6
1581 2633 1860 2703 θησαυρῖς

279 2720 459 2789 πάσης
489 2721 682 2789 σοφίας
714 2722 811 2775 καὶ
858 2723 1112 2789 γνώσεως
1149 2762 1165 2786 ,
1213 2724 1306 2777 καὶ
1332 2719 1411 2785 οἷς
1452 2726 1650 2779 ἐνοικεῖ
1695 2726 1868 2781 ταῦτα

277 2815 525 2882 χορηγεῖο
562 2816 657 2867 καὶ
684 2815 972 2884 ἁμαρτιῶν
1002 2817 1408 2884 ἀπολύτρωσις,
1435 2818 1515 2870 ὅτι
1548 2820 1618 2871 δι’
1655 2819 1826 2887 αὐτὴν
1848 2859 1863 2883 ,

284 2905 457 2959 «Ὅσα
487 2905 696 2972 λύσεις,
726 2909 913 2976 φησὶν,
942 2908 1095 2962 ἔσται
1115 2908 1380 2976 λελυμένα
1416 2909 1568 2978 ἐντῷ
1592 2910 1858 2979 ούρανῷοι

278 2998 373 3051 καὶ
417 2997 605 3067 ψυχῶν
656 3000 747 3051 καὶ
789 3000 1058 3068 σωμάτων
1096 3001 1558 3071 θεραπευτήρων,
1587 3004 1692 3069 ὅτι,
1731 3022 1750 3053 ι
1776 3004 1866 3056 Ἐν

278 3090 357 3161 τῷ
378 3092 605 3161 ὀνόματι
648 3093 824 3159 Ἰησοῦ
858 3092 1097 3163 Χριστοῦ
1141 3095 1352 3164 ἐγειραι
1384 3097 1475 3149 καὶ
1508 3099 1857 3166 περιπατεῳ
1888 3126 1934 3188 C

280 3182 436 3251 φησί·
472 3183 587 3246 καὶ,
625 3183 848 3241 «Αἰνέα.
888 3183 1033 3235 litati
1064 3200 1121 3236 σε
1167 3185 1373 3251 Ἰησοῦς
1397 3188 1424 3238 6
1452 3186 1740 3255 Xpt116;°i
1765 3188 1860 3239 xui.

280 3274 563 3342 φωτιτμοῦ
599 3274 743 3327 θείου
795 3276 1055 3344 χορηγὸς,
1105 3276 1189 3328 ὅτι
1247 3278 1482 3345 Χριστὸς
1526 3278 1586 3330 16
1630 3278 1747 3343 φώς
1802 3279 1861 3331 τὸ

279 3364 531 3431 ἀληθινόν
560 3367 693 3431 ἐστι,
752 3368 849 3420 καὶ
874 3366 972 3436 τῆς
999 3366 1388 3439 λαμπρότητος
1436 3370 1609 3422 αὐτοῦ
1639 3376 1730 3424 καὶ
1763 3370 1861 3438 χά-

283 3473 431 3526 ριτος
462 3457 791 3527 μεταδίδωσι
814 3461 926 3522 τοῖς
974 3461 1137 3513 αὐτὸν
1186 3461 1658 3530 ἐπικαλούμένοις.
1696 3482 1713 3514 ι
1751 3464 1860 3515 Καὶ

182 3576 191 3579 -
282 3546 447 3614 ἔστω,
477 3552 661 3617 φησιν,
688 3552 719 3618 ἡ
743 3549 1063 3620 λαμπρότης
1089 3551 1295 3621 Κυρίου
1317 3552 1411 3605 τοῦ
1434 3552 1567 3605 Θεοῦ
1591 3554 1749 3622 ἡμῶν
1774 3552 1860 3621 ἐφ’

280 3640 484 3710 ἡμᾶς’»
522 3644 640 3707 καὶ,
684 3659 704 3693 ι
751 3642 810 3695 ’0
842 3642 1155 3717 ἀκολουθῷν
1183 3645 1308 3714 ἐμοὶ
1352 3643 1464 3709 ἐξει
1494 3645 1707 3714 τοφῶς
1762 3645 1861 3714 τῆς

283 3731 448 3802 ζωῆς,
471 3752 489 3786 ο
518 3734 614 3788 καὶ
636 3736 821 3799 ἐλέους
850 3736 995 3789 θείου
1024 3736 1236 3809 βρύοις,
1261 3738 1344 3790 ὅτι
1376 3738 1465 3790 τὸν
1498 3738 1641 3790 ἔλεον
1672 3739 1862 3807 ζητοῦ-

289 3839 383 3891 μεν
406 3841 421 3855 ·
452 3826 547 3879 καὶ
579 3826 827 3897 ἐλεήμων
867 3830 895 3881 6
939 3830 1165 3898 Κύριος.
1215 3830 1310 3882 καὶ
1359 3832 1620 3901 οίκτεὶρει
1655 3834 1861 3896 πάντας

282 3916 405 3979 τοὺς
434 3912 901 3988 ἐπικαλουμένους
923 3920 1086 3973 αὐτόν
1111 3935 1123 3948 ⁸
1157 3921 1252 3972 καὶ
1283 3922 1427 3973 ποιεῖ
1456 3922 1552 3989 τὴν
1583 3922 1860 3992 ἐκδίκησιν

279 4008 339 4059 ἐν
365 4011 517 4077 τάχει
554 4008 663 4061 τῶν
710 4009 959 4078 βοώντων
1013 4011 1150 4077 πρὸς
1202 4012 1383 4065 αὐτόν’
1441 4013 1533 4065 καὶ
1580 4013 1860 4067 ἀποκαλύ-

277 4101 423 4169 ψεων
450 4102 545 4155 καὶ
586 4104 840 4171 μυήσεων
875 4103 1036 4157 θείων
1065 4104 1374 4175 βραϐευτὴς
1415 4106 1529 4167 τοῖς
1559 4109 1857 4170 ταπεινοῖς,

276 4193 361 4247 ὅτι
402 4195 496 4247 καὶ⁷
526 4193 604 4264 τῷ
651 4195 791 4248 ἀλιεῖ
823 4196 1014 4266 Πέτρῳ
1047 4195 1185 4267 αῦτη
1226 4196 1431 4250 δέδοται
1464 4198 1529 4249 δι’
1578 4198 1858 4251 ἁποκαλύ·

275 4283 425 4354 ψεως
452 4284 547 4339 τοῦ
574 4288 632 4340 ἐν
658 4289 907 4363 οὐρανοῖς
938 4289 1170 4358 Πατρός.
1231 4289 1340 4342 Kal
1384 4288 1590 4352 Παῦλος
1631 4290 1856 4361 ἡρπάγη

276 4378 339 4431 ἐν
369 4377 614 4449 Χριστῷ,
645 4383 741 4435 καὶ
782 4382 1184 4451 ἀποκαλύψεων
1213 4382 1415 4452 ἢκουσε
1441 4396 1457 4412 ’
1506 4385 1598 4435 καὶ
1626 4388 1854 4437 πάντοτε

1967 1892 2116 1944 datio
2162 1891 2362 1956 cordis,
2400 1876 2864 1961 quoniam‘Dcum
2919 1894 3062 1947 videt
3105 1904 3158 1947 ct
3209 1894 3427 1949 invocat
3463 1896 3553 1964 qtti

1967 1991 2311 2051 spectantem
2350 1992 2577 2053 purgat;
2617 1993 2701 2038 e~t
2735 1984 3044 2039 dazmonum
3076 1987 3377 2055 propulsio,
3420 2004 3557 2057 quo-

1966 2074 2111 2126 niam
2154 2074 2207 2127 in
2240 2075 2467 2129 nomine
2507 2073 2636 2129 Jesu
2685 2075 2891 2130 Christi
2942 2077 3341 2147 propulsautur
3371 2090 3424 2133 et
3464 2095 3556 2134 ar-

1969 2178 2160 2220 centur
2198 2167 2477 2223 daemones
2526 2170 2766 2224 universi
2796 2187 2809 2237 ;
2844 2181 2927 2224 est
2964 2170 3287 2225 inhabitatio
3317 2173 3546 2237 Christi,

1969 2253 2226 2318 quoniam
2263 2270 2361 2321 per
2397 2256 2517 2323 ejus
2549 2258 2867 2324 meritoriam
2907 2258 3160 2313 Christus
3190 2272 3273 2314 est
3306 2260 3358 2313 in
3392 2262 3553 2315 nobis

1969 2350 2025 2395 et
2084 2342 2136 2395 itt
2169 2343 2331 2398 nobis
2388 2345 2596 2399 habitat
2649 2363 2713 2401 ac
2761 2348 2946 2402 lzetitia
2995 2351 3199 2418 replet;
3253 2352 3329 2403 ait
3362 2352 3551 2406 enim:

1974 2456 1990 2487 ι
2030 2436 2370 2493 Recordatus
2416 2456 2535 2493 sum
2574 2441 2665 2494 Dei
2711 2452 2765 2494 et
2808 2443 3020 2497 lietatus
3056 2460 3209 2503 sum:
3254 2465 3271 2496 ι
3315 2445 3435 2499 fons
3470 2457 3553 2500 est

1969 2525 2362 2594 cogitationum
2407 2536 2461 2583 et
2507 2531 2862 2585 consiliorum
2903 2533 3256 2601 spiritalium,
3293 2536 3550 2605 quoniam

1968 2615 2222 2671 Christus
2254 2618 2551 2673 thesaurus
2581 2630 2667 2675 est
2694 2623 2874 2676 Omnis
2913 2625 3196 2693 sapientia:
3220 2639 3276 2681 ct
3306 2626 3551 2681 scientia:

1968 2725 2106 2779 quas
2131 2710 2209 2765 eis
2240 2710 2292 2764 in
2322 2713 2521 2781 quibus
2568 2714 2777 2770 habitat
2821 2715 3101 2785 impertit;
3136 2727 3216 2774 est
3248 2719 3552 2789 redemptio

1969 2819 1999 2857 a
2052 2804 2310 2872 peccatis,
2340 2806 2623 2874 quoniam,
2676 2818 2899 2877 propter
2951 2826 3094 2877 eam,
3154 2832 3170 2862 ι
3202 2811 3553 2883 Qumcunque

1970 2898 2218 2961 solveris,
2241 2898 2437 2967 inquit,
2458 2900 2738 2955 solventur
2757 2902 2808 2956 in
2833 2904 2985 2958 cmlis
3004 2922 3018 2969 ;
3036 2923 3053 2955 ι
3079 2914 3158 2959 est
3178 2907 3478 2960 animarum
3498 2917 3553 2962 et

1958 3003 2261 3057 corporum
2314 2992 2604 3056 medicina,
2636 2994 2895 3063 quoniam
2940 2997 3125 3052 dixit:
3164 3016 3183 3049 ι
3233 3000 3287 3052 ln
3335 3001 3554 3053 nomine

1968 3077 2094 3134 .lesn
2118 3082 2322 3138 Christi
2357 3099 2519 3155 surge
2551 3093 2604 3139 et
2640 3087 2861 3141 ambula
2889 3107 2902 3155 ;
2936 3107 2955 3141 ›
2988 3098 3043 3143 et
3080 3107 3092 3143 :
3132 3108 3151 3140 ι
3173 3089 3366 3155 Ᾱίιιεο,
3401 3098 3573 3146 sanat

1971 3177 2022 3223 te
2076 3170 2336 3227 Dominus
2366 3171 2526 3229 Jesns
2576 3175 2870 3243 Christus;
2913 3196 2935 3231 ι
2965 3187 3048 3233 est
3100 3180 3269 3234 divini
3325 3161 3552 3235 luminis

1972 3262 2190 3327 eﬂusio,
2236 3264 2491 3331 quoniam
2537 3266 2789 3322 Christus
2837 3278 2921 3323 est
2973 3270 3063 3323 lux
3092 3286 3237 3338 vera,
3290 3285 3555 3340 suamque

1971 3353 2144 3409 lui-em
2179 3365 2232 3409 et
2264 3358 2494 3425 gratiam
2548 3362 2923 3417 communlcat
2974 3363 3356 3420 invocantibus
3403 3381 3552 3420 eum.

1973 3464 1992 3497 ι
2035 3446 2097 3499 Et
2132 3448 2224 3511 sit,
2262 3448 2465 3518 inquit,
2508 3451 2768 3520 splendor
2797 3453 3012 3508 Domini
3052 3456 3144 3512 Dei
3184 3459 3356 3513 noswi
3388 3474 3554 3528 super

1968 3552 2100 3602 nos;
2127 3556 2144 3588 ι
2171 3547 2225 3591 et
2253 3558 2266 3593 :
2295 3558 2311 3587 ι
2336 3540 2438 3606 Qui
2457 3544 2702 3612 sequitur
2721 3561 2806 3600 me
2826 3562 2933 3600 non
2954 3549 3192 3605 ambulat
3214 3550 3264 3605 iu
3286 3554 3551 3615 tenebris,

1969 3630 2061 3682 Sed
2099 3631 2315 3684 habebit
2358 3633 2556 3687 lumen
2574 3636 2735 3701 vita};
2768 3655 2787 3688 ι
2819 3648 2903 3692 est
2934 3640 3130 3693 divinze
3159 3643 3554 3698 misericordiae

1970 3724 2270 3791 scaturigo,
2312 3725 2571 3793 quoniam
2628 3726 2934 3799 ﬂagitamus
2991 3731 3442 3800 misericordium,
3497 3748 3550 3790 et

1970 3811 2287 3867 inisrricors
2323 3826 2409 3870 est
2448 3815 2736 3882 Dominus,
2765 3829 2818 3874 et
2847 3822 3140 3877 miseretur
3182 3827 3424 3881 omnium
3456 3828 3549 3897 qni

1970 3906 2228 3963 invocant
2254 3924 2403 3974 eum,
2433 3920 2488 3966 et
2519 3913 2633 3967 cito
2675 3913 2837 3969 faciet
2872 3917 3143 3986 judicium
3195 3920 3548 3978 clamantium

1968 3999 2033 4052 ad
2066 4015 2227 4065 eum;
2263 4016 2459 4057 arcana
2504 4014 2560 4058 et
2609 4010 2865 4077 mysteria
2898 4009 3082 4064 divina
3130 4011 3429 4070 humilibus
3457 4032 3548 4071 re-

1971 4094 2134 4156 velat,
2183 4096 2445 4163 quoniam
2503 4098 2619 4166 ipsa
2670 4099 2793 4153 data
2846 4112 2932 4156 est
2985 4103 3239 4171 piscatori
3279 4106 3442 4161 Petro
3481 4123 3546 4163 ex

1970 4187 2307 4242 revelatione
2361 4188 2540 4244 Patris
2599 4191 2693 4261 qui
2766 4192 2822 4246 in
2882 4194 3038 4249 cmlis
3097 4204 3201 4259 est,
3249 4206 3305 4252 et
3347 4198 3549 4255 Paulus

1972 4288 2165 4345 raptus
2190 4288 2270 4332 est
2316 4278 2369 4332 in
2404 4280 2627 4334 Christo
2658 4296 2966 4353 arcanaque
3018 4286 3180 4339 verba
3214 4288 3445 4351 audivit,
3487 4305 3549 4345 ac

1968 4383 2188 4436 semper
2214 4369 2318 4423 hoc
2341 4378 2635 4439 operatur;
2668 4379 2753 4425 est
2780 4371 2958 4427 solum
2989 4373 3252 4441 salutare,
3286 4378 3547 4445 quoniam

274 4470 438 4525 τοῦτο
463 4472 701 4542 ἐνεργεῖ·
729 4475 825 4527 καὶ
848 4474 909 4526 16
938 4476 1100 4543 μόνον
1142 4476 1436 4545 σωτήριον,
1466 4476 1548 4528 ὅτι
1583 4477 1641 4527 ἐν
1677 4477 1855 4530 οὐδενὶ

1968 4478 2074 4515 non
2105 4472 2189 4517 est
2217 4463 2364 4517 aliud
2408 4480 2631 4531 nomen,
2663 4466 2743 4520 ait
2783 4466 3102 4536 Apostolus,
3149 4470 3203 4523 in
3237 4485 3548 4559 quo‘Opnr-

274 4561 441 4631 ἄλλῳ,
472 4562 639 4633 φησιν
664 4567 690 4617 6
721 4564 1067 4630 ’Δπόστολος,
1092 4563 1207 4617 ἔστι
1246 4565 1483 4631 σωθῆναι
1533 4567 1702 4635 ἡμᾶς.
1745 4569 1852 4620 Καὶ

274 4645 430 4716 οὗτός
463 4654 613 4706 ἐστιν
636 4656 663 4707 6
699 4654 890 4723 Σωτὴρ
921 4654 1014 4706 τοῦ
1046 4654 1257 4722 κόσμου
1283 4656 1311 4707 6
1343 4655 1604 4723 Χριστός.
1640 4658 1731 4707 Διὸ
1757 4659 1852 4711 καὶ

273 4740 433 4796 τοῦτο
457 4743 514 4796 ἐν
534 4746 599 4813 τῇ
634 4745 840 4816 ἐσχάτῃ
874 4746 1059 4814 ἡμέρᾳ
1092 4746 1241 4797 πᾶσα
1269 4745 1491 4811 γλῶσσα
1523 4746 1853 4818 ἐξομολογή-

278 4851 430 4888 σεται
458 4836 552 4888 καὶ
582 4838 887 4905 ἁνυμνήσει
920 4836 1120 4890 ἑκοῦσα
1144 4839 1240 4890 καὶ
1268 4838 1501 4904 ἄκουσα,
1523 4840 1604 4892 ὅτι
1648 4840 1853 4909 Κύρεος

277 4925 485 4995 Ἰησοῦς
517 4925 772 4997 Χριστὸς,
808 4930 891 4988 εἰς
922 4927 1081 4994 δόξαν
1108 4927 1250 4981 Θεοῦ
1284 4930 1521 4999 Πατρός.
1552 4931 1661 4984 Kal
1696 4930 1854 4985 τοῦτο

274 5018 337 5072 16
369 5022 592 5088 σημεῖον
620 5021 778 5090 ἡμῶν
809 5023 906 5088 τῆς
938 5022 1193 5087 πίστεως,
1221 5022 1345 5075 ἐπεὶ
1391 5022 1487 5075 καὶ
1530 5023 1854 5092 Χριστιανοί

277 5112 446 5178 ἐσμεν
496 5113 589 5164 καὶ
642 5111 974 5182 καλούμεθα,
1027 5116 1121 5167 καὶ
1151 5116 1181 5182 ἡ
1209 5114 1485 5185 μαρτυρία
1528 5116 1611 5168 ὅτι
1661 5118 1725 5170 ἐκ
1761 5115 1852 5169 τοῦ

273 5202 409 5255 Θεοῦ
446 5206 634 5274 ἐσμεν.
698 5206 810 5257 Πᾶν
864 5208 974 5276 γὰρ
1023 5205 1237 5275 πνεῦμα
1277 5207 1305 5258 ὃ
1336 5206 1591 5274 ὁμολογεῖ
1646 5208 1854 5278 Κύριον

285 5290 503 5364 Ἰησοῦν
528 5297 790 5368 Χριστὸν,
831 5299 888 5349 ἐν
922 5302 1085 5368 σαρκὶ
1125 5299 1442 5367 ἐληλυθότα,
1480 5300 1542 5352 ἐκ
1576 5298 1671 5351 τοῦ
1715 5298 1851 5352 Θεοῦ

273 5390 409 5453 ἐστι,
436 5391 625 5459 φησὶν,
656 5390 731 5453 ὡς
776 5393 1119 5462 προὲφημεν·
1157 5395 1250 5443 καὶ
1312 5392 1371 5443 16
1429 5392 1507 5461 μὴ
1557 5390 1854 5460 ὁμολογοῦν

270 5480 371 5532 οὐκ
396 5481 459 5532 ἐκ
490 5479 584 5535 τοῦ
616 5482 773 5535 Θεοῦ.
812 5484 920 5536 Καὶ
968 5482 1123 5536 τοῦτό
1162 5484 1278 5535 ἐστι
1326 5482 1386 5533 1‘;
1436 5480 1533 5536 τοῦ
1582 5481 1854 5551 Ἀντιχρί-

272 5588 421 5639 στου,
472 5574 534 5626 16
582 5575 658 5644 μὴ
713 5575 1011 5643 ὁμολογοῦν
1049 5575 1261 5646 Ἰησοῦν
1291 5575 1551 5646 Χριστόν.
1608 5577 1701 5627 Διὸ
1744 5575 1850 5646 χρὴ

272 5664 479 5726 πάντας
509 5664 669 5718 τοῦτο
706 5667 931 5729 πιστούς
966 5667 1024 5718 16
1059 5667 1231 5737 ὄνομα
1259 5667 1625 5729 ἀδιαλείπτως
1658 5668 1854 5735 όμολο-

273 5757 388 5825 γείν
410 5795 424 5820 ,
453 5759 544 5811 καὶ
580 5758 667 5811 διὰ
697 5757 795 5829 τὴν
821 5758 1155 5828 ἁνακήρυξιν
1202 5760 1302 5831 τῆς
1335 5759 1596 5825 πίστεως,
1630 5760 1725 5814 καὶ
1764 5759 1849 5813 διὰ

1962 4565 2071 4610 teat
2127 4572 2228 4612 nos
2288 4558 2473 4614 salvos
2530 4560 2670 4621 ﬁeri.
2707 4571 2767 4615 et
2803 4561 2893 4617 hic
2954 4571 3036 4617 est
3080 4562 3331 4617 Salvator
3359 4566 3545 4619 mundi

1955 4649 2235 4711 Christus:
2283 4650 2409 4705 ideo
2448 4652 2503 4705 in
2542 4653 2735 4707 ultima
2793 4653 2880 4707 die
2937 4655 3118 4709 omnis
3170 4655 3354 4724 lingua
3417 4657 3547 4709 illud

1956 4743 2308 4796 conﬁtebitur
2328 4753 2379 4797 et
2407 4740 2724 4812 praedicabit
2748 4745 2928 4800 libens
2957 4746 3037 4799 vel
3064 4746 3260 4809 invita.
3285 4749 3411 4815 quia
3441 4748 3546 4801 Do-

1957 4835 2143 4889 minus
2180 4835 2436 4892 Christus
2479 4835 2664 4905 Jesus,
2729 4838 2780 4893 in
2840 4839 3068 4909 gloriam
3123 4838 3319 4892 Patris.
3353 4838 3413 4892 Et
3446 4842 3547 4895 hoc

1952 4937 2041 4983 est
2087 4929 2304 5001 signum
2348 4930 2472 4984 ﬁdei
2521 4940 2743 4992 nostrai,
2798 4930 3060 4997 quoniam
3117 4929 3420 4991 Christiani
3454 4947 3546 4986 su-

1957 5035 2080 5075 mus
2113 5031 2168 5075 et
2198 5020 2561 5092 appellamur,
2601 5031 2652 5076 et
2698 5020 3075 5075 testimonium
3112 5036 3222 5089 quo
3266 5031 3416 5089 patet
3446 5038 3545 5075 nos

1955 5127 2024 5167 ex
2075 5111 2190 5167 Deo
2244 5128 2369 5168 esse
2404 5131 2419 5167 :
2451 5130 2576 5167 nam
2616 5113 2797 5168 omnis
2844 5113 3073 5181 Spiritus
3116 5113 3209 5183 qui
3254 5113 3545 5169 conﬁtetur

1958 5206 2249 5260 Dominum
2298 5203 2486 5259 Jesum
2542 5205 2825 5259 Christum
2880 5205 2934 5258 in
2987 5221 3154 5259 carne
3212 5205 3432 5260 venisse
3479 5222 3543 5259 ex

1957 5296 2071 5351 Deo
2102 5307 2208 5373 est,
2242 5298 2319 5351 ait
2352 5296 2621 5361 Joannes,
2697 5296 3159 5373 rytcmadmodum
3200 5312 3365 5368 Supra
3404 5296 3544 5353 dixi-

1958 5405 2104 5455 mus,
2137 5399 2192 5444 et
2222 5389 2315 5460 qui
2354 5403 2466 5443 non
2503 5390 2797 5444 conﬁtetur
2830 5406 2938 5443 non
2963 5400 3045 5445 est
3076 5406 3140 5445 ex
3181 5389 3311 5456 Deo,
3343 5399 3400 5444 et
3439 5390 3543 5445 hoc

1958 5492 2044 5539 est
2106 5482 2436 5538 Antichristi
2497 5498 2608 5536 non
2661 5482 2910 5537 conﬁteri
2969 5481 3260 5536 Dominum
3327 5480 3539 5536 Jesum.

1957 5576 2305 5647 Quapmptcr
2362 5586 2577 5645 Oportet
2608 5576 2798 5631 ﬁdeles
2843 5576 3134 5632 universos
3164 5589 3363 5631 nomen
3393 5574 3539 5627 istud

1958 5673 2080 5728 sine
2108 5670 2520 5727 intermissione
2546 5672 2793 5727 conﬁteri
2828 5680 2880 5725 et
2914 5680 3142 5741 propter
3184 5667 3534 5739 praedicatio-

1963 5780 2087 5821 nem
2149 5763 2296 5830 ﬁdei,
2363 5772 2420 5819 et
2470 5772 2694 5834 propter
2753 5758 3077 5820 charitatem
3151 5777 3180 5816 a
3235 5775 3341 5832 qua
3401 5758 3517 5813 nihi
