4046 6438
461 290 570 353 555

1293 295 1676 359 SYMEONIS
1705 300 2465 369 TIIESSALONICENSIS
2496 310 2863 375 ARCHIEP.

3619 321 3737 382 553

470 403 772 461 secundum
807 412 1044 462 veterem
1080 405 1326 463 ordinem
1362 410 1634 467 ordinatae
1662 412 1807 477 sicut
1841 422 1897 469 et
1937 413 2042 469 illa:

2147 402 2243 472 xxi.
2276 421 2418 475 κατὰ
2449 421 2543 476 τὸν
2579 423 2750 478 πάλαι
2776 425 2949 479 τύπον
2976 429 3361 496 συγκείμεναι,
3410 429 3456 486 ὡ
3535 434 3630 486 καὶ
3677 436 3737 487 αἱ

467 514 590 565 qua:
620 514 716 566 per
748 508 1042 556 nocturnas
1091 500 1302 571 vigilias
1355 502 1681 568 recitantur,
1739 520 1953 561 necnon
1985 514 2042 561 et

469 593 586 658 ipsa
618 594 925 663 vespertina
950 595 1127 650 oratio
1151 611 1274 667 quas
1305 611 1373 653 ex
1400 598 1496 654 illo
1547 599 1742 655 ordine
1783 608 2002 656 constat
2027 617 2043 669 ;

467 689 558 743 illa
587 690 730 745 enim
769 689 1004 746 offerunt
1028 707 1221 762 preces
1251 709 1347 764 per
1378 694 1722 750 sacerdotem
1776 696 1884 752 Deo
1916 713 2040 767 qua:

461 794 717 837 cantores
744 783 1065 850 concinunt,
1096 785 1244 855 quod
1276 795 1546 841 monstrat
1598 804 1819 858 quoque
1876 791 2043 860 quih-

464 875 771 945 quagesimi
809 875 1003 947 psalmi
1028 885 1082 931 et
1115 877 1330 932 laudum
1362 879 1567 934 oratio.
1597 879 1716 951 ipse
1747 897 1881 937 vero
1909 897 2045 936 can-

466 970 676 1018 tionum
709 965 843 1019 ordo
883 964 1047 1020 desiit
1075 966 1128 1020 in
1158 967 1278 1022 aliis
1306 969 1553 1033 urbibus,
1578 984 1702 1039 qua:
1738 970 2035 1027 admodum

465 1057 680 1125 egregie
713 1056 1104 1123 disponuntur,
1143 1056 1360 1125 Deoque
1394 1074 1488 1128 per
1524 1061 1765 1129 psalmos
1800 1071 1854 1117 et
1893 1064 2046 1134 hym-

465 1160 568 1198 nos
609 1144 937 1210 ollernutur,
970 1146 1022 1200 itt
1062 1148 1162 1202 ltac
1188 1157 1368 1203 autem
1404 1150 1517 1203 sola
1534 1152 1794 1220 .piissitna
1820 1154 2043 1208 civitate

466 1247 653 1291 nostra
695 1237 1083 1294 Tltvssalonica
1110 1242 1415 1297 secundum
1438 1260 1692 1316 magnam
1720 1246 2042 1311 Ecclesiam.

460 1330 924 1398 quemadmodum
961 1331 1132 1397 vides,
1170 1334 1356 1399 frater,
1386 1346 1765 1403 conservatur,
1817 1346 1871 1392 et
1921 1354 2044 1408 per.

460 1432 641 1475 manet
671 1424 972 1478 secundum
1007 1435 1240 1480 veterem
1292 1439 1347 1481 et
1398 1428 1659 1496 optimam
1719 1445 2041 1501 magnarum

459 1515 675 1569 illarum
710 1516 1080 1572 Ecclesiarum
1126 1520 1607 1588 consuetudinem,
1660 1524 1870 1579 scilicet
1923 1528 2036 1581 An-

462 1606 677 1661 tiocltim
710 1616 763 1660 ct
790 1609 1087 1662 multarum
1126 1610 1381 1667 aliarum.

850 1854 1098 1910 CAPI'I‘A
1153 1856 1350 1926 cccn,
1394 1860 1617 1917 eccm.

529 1962 683 2034 Quod
707 1970 1018 2047 retinendus
1037 1974 1105 2047 sit
1135 1974 1267 2047 ord_o_
1282 1976 1597 2047 cantionum
1626 1981 1680 2032 in
1703 1980 1967 2047 Ecclesia,

773 2050 820 2093 et
865 2042 930 2094 de
975 2039 1164 2112 Τείρὶεο
1216 2043 1721 2118 Hierosolymitano.

533 2260 806 2329 Deprecor
828 2277 925 2319 vos
972 2264 1029 2320 in
1081 2266 1324 2335 Christo,
1378 2280 1440 2324 ut
1474 2269 1723 2327 ordinem
1776 2274 1925 2330 hunc
1982 2275 2041 2331 in

458 2365 782 2426 perpetuum
815 2360 1169 2425 conscrvetis,
1204 2370 1258 2416 et
1309 2361 1477 2417 veluti
1516 2365 1751 2421 scintilla
1786 2368 2038 2438 quaedam

458 2448 645 2502 divina
676 2449 900 2504 traditio
948 2448 1171 2504 Patrum
1213 2464 1523 2521 perseveret
1557 2474 1571 2510 :
1624 2472 1787 2527 quam
1820 2473 1946 2514 cum
1983 2468 2040 2515 et

458 2540 561 2608 ipsi
595 2540 827 2596 velimus
871 2551 931 2597 ut
984 2542 1300 2614 incorrupta
1347 2560 1728 2615 conservetur,
1780 2559 1838 2607 et
1874 2552 2039 2609 veluti

457 2634 868 2689 condimentum
900 2636 1046 2706 quod
1073 2635 1419 2694 dulcedinem
1444 2642 1725 2707 conciliat,
1755 2646 2037 2715 persistat,

422 2718 534 2781 'illi
563 2737 614 2781 et
671 2743 909 2784 canones
963 2728 1371 2797 subjunximus,
1401 2744 1470 2789 ne
1505 2736 1632 2805 quis
1685 2737 1831 2794 circa
1892 2740 2038 2796 bona

456 2830 852 2887 murmurator,
891 2829 947 2876 et
971 2824 1185 2879 ordinis
1214 2825 1457 2894 ignarus,
1484 2829 1621 2897 quin
1646 2829 1757 2884 imo
1788 2832 1940 2902 piger
1974 2848 2038 2888 ac

455 2913 662 2981 segnis,
732 2914 1014 2971 nonnullis
1083 2917 1392 2973 adinventis
1470 2923 1824 2989 praetextibus
1874 2925 2039 2981 illius

450 3005 883 3059 destructionem
929 3008 1277 3063 macltinetnr
1309 3026 1325 3076 ;
1360 3026 1470 3067 non
1504 3013 1696 3071 solitos
1756 3017 2034 3088 inquiens,

2151 508 2251 577 τῆς
2280 506 2605 583 παννυχίδος
2631 512 2919 582 λεγόμεναι
2944 532 2959 547 ⁵
2987 519 3078 570 καὶ
3104 517 3244 591 αὕτη
3268 520 3323 574 δὲ
3344 521 3379 593 ἡ
3429 521 3525 575 τοῦ
3567 522 3740 575 ἐσπε-

2151 601 2303 670 ρινοῦ
2333 602 2467 674 εὐχὴ
2495 606 2559 657 ἐκ
2583 606 2685 675 τῆς
2714 607 3036 674 ἀκολουθίας
3066 612 3286 684 ἐκείνης
3315 614 3472 670 οὖσα.
3514 616 3738 669 Ἐκεῖνα

2148 694 2257 765 γάρ
2278 694 2650 765 ἀναφέρουσιν
2678 702 2733 753 ai
2768 701 2922 772 εὐχαὶ
2953 702 3041 757 διὰ
3067 704 3163 757 τοῦ
3196 706 3389 776 ίερέως
3422 700 3523 782 ’τῷ
3582 708 3737 778 Θεῷ.

2144 785 2184 839 ἃ
2213 786 2261 838 οί
2287 785 2585 852 ψάλλοντες
2607 788 2818 860 ᾄδουσι.
2854 793 2968 846 Καὶ
3019 796 3052 863 ή
3108 794 3204 848 τοῦ
3246 799 3619 868 πεντηκοστοῦ
3673 801 3737 854 δὲ

2148 874 2284 946 εὐχὴ
2302 876 2464 930 τοῦτο
2485 878 2749 945 δείκνυσι,
2782 882 2877 935 καὶ
2906 884 2938 951 ἡ
2981 883 3091 937 τῶν
3111 885 3299 941 αἴνων.
3339 886 3483 941 Ἀλλ’
3538 892 3570 959 ἡ
3633 891 3738 958 μὲν

2144 966 2433 1040 ᾁσματικὴ
2496 969 2638 1039 αὕτη
2691 971 2990 1027 ἀκολουθία
3049 977 3330 1032 πέπαυται
3386 980 3444 1033 ὲν
3507 982 3735 1035 πόλεσιν

2146 1059 2361 1124 ἄλλαις,
2386 1061 2569 1125 καλῶς
2596 1058 2732 1118 οὖσα
2763 1066 3178 1139 συντεθειμένη,
3204 1072 3301 1124 καὶ
3356 1071 3445 1125 διὰ
3495 1071 3737 1142 ψαλμῶν

2147 1146 2310 1217 215
2332 1149 2427 1201 καὶ
2448 1149 2728 1218 ὲφυμνίων
2750 1153 2869 1222 Θεῷ
2893 1155 3387 1231 mmmam-tv
3413 1162 3547 1234 μόνῃ
3582 1164 3640 1217 δὲ
3663 1167 3733 1235 τῇ

2148 1238 2403 1307 ἡμετέρᾳ
2457 1238 2630 1311 ταύτῃ
2701 1243 3070 1317 εὐσεϐεστάτη
3134 1249 3290 1302 πόλει
3360 1251 3735 1325 Θεσσαλονίκῃ

2149 1331 2293 1384 κατὰ
2343 1333 2445 1401 τὴν
2489 1334 2738 1405 μεγάλην
2768 1336 2940 1408 αὐτῆς
2983 1340 3332 1411 Ἐκκλησίαν,
3357 1343 3730 1416 καθὼς“6ρᾷς,

2147 1421 2367 1490 ἀδελφέ,
2412 1428 2814 1499 συντετήρηται
2870 1430 2968 1484 καὶ
3017 1433 3217 1500 μένει,
3269 1435 3414 1488 κατὰ
3457 1435 3517 1489 τὸ
3555 1436 3728 1489 πάλαι

2147 1515 2435 1573 κάλλιστον
2485 1519 2595 1574 τῶν
2654 1523 2911 1590 μεγάλων
2960 1525 3271 1595 ἐκκλησιῶν
3312 1528 3538 1583 ἐκείνων
3582 1529 3731 1596 ἔθος,

2147 1609 2248 1680 τῆς
2283 1596 2677 1686 βασιλευούσης
2706 1617 2856 1687 φημὶ
2896 1618 2992 1671 καὶ
3045 1618 3403 1691 Ἀντιοχείας,
3442 1620 3538 1675 καὶ
3568 1620 3732 1683 πλεί-

2154 1720 2294 1775 στων
2322 1705 2521 1764 ἄλλων.

2654 1868 2901 1921 ΚΕΦΑΑ.
2955 1866 3077 1933 ΤΒ¹,
3113 1868 3236 1924 ΤΓ.

2146 1946 2306 2070 Περὶ.
2340 1975 2813 2070 ξοῦὴῖηρεῖσθρι
2862 1980 2979 2070 τὴν
3006 1982 3353 2070 ᾲσμαςικὴν
3380 1987 3726 2070 ,ξετομένηις

2216 2046 2614 2170 (ἐνκολουρὶαν,
2662 2051 2762 2104 καί
2812 2046 2947 2122 περὶ
3003 2046 3113 2108 τοῦ
3153 2046 3727 2125 Ἰερόσολυὶιήτικὸῦ

2266 2130 2506 2174 υπικου.

2216 2255 2327 2308 Καὶ
2354 2256 2546 2328 δέομαι
2574 2258 2731 2330 ὑμῶν
2759 2262 2816 2314 ἔν
2845 2262 3068 2333 Χριστῷ
3100 2266 3486 2336 συντηρεῖσθαι
3515 2268 3728 2338 ταύτην

2144 2345 2243 2413 τὴν
2276 2346 2431 2412 τάξιν
2460 2353 2628 2421 μέχρι
2658 2354 2864 2418 παντὸς
2894 2355 2991 2407 καὶ⁵
3018 2355 3093 2419 ὡς
3120 2357 3396 2430 σπινθῆρά
3420 2377 3546 2414 τινα
3579 2360 3727 2415 θεῖον

2149 2440 2334 2509 μένειν
2366 2442 2423 2493 ἐν
2459 2445 2598 2512 ἡμῖν
2656 2446 2754 2516 τὴν
2804 2448 3107 2517 παράδοσιν
3149 2451 3260 2505 τῶν
3291 2452 3577 2523 Πατέρων.
3617 2452 3727 2509 Ἦν

2143 2529 2207 2602 δὴ
2253 2533 2346 2586 καὶ
2383 2535 2547 2603 ἡμεῖς
2588 2535 2909 2605 βουλόμενοι
2961 2541 3119 2611 ἀσινῆ
3162 2543 3452 2611 τηρεῖσθαι
3487 2545 3583 2597 καὶ
3623 2547 3727 2615 μέ-

2141 2640 2257 2678 νειν
2286 2624 2477 2698 ὥσπερ
2510 2628 2736 2699 ἥδυσμά
2779 2648 2831 2684 τι
2863 2633 2959 2685 καὶ
2988 2633 3213 2704 ἄρτυμα
3248 2636 3564 2702 γλυκαῖνον,
3598 2654 3719 2690 συν-

2143 2718 2471 2788 ηρμόσαμεν
2526 2721 2663 2791 αὐτῇ
2697 2724 2794 2776 καὶ
2829 2723 2899 2777 τὰ
2933 2724 3042 2777 τῶν
3105 2725 3375 2791 κανόνων,
3415 2727 3502 2781 ἵνα
3535 2730 3609 2800 μή
3638 2747 3726 2793 τις

2143 2812 2462 2879 γογγυστὴς
2494 2814 2628 2878 περὶ
2689 2812 2757 2867 τὰ
2805 2815 2946 2868 καλὰ
2976 2816 3071 2868 καὶ
3104 2815 3179 2886 μὴ
3213 2816 3418 2885 γνῶσιν
3449 2818 3591 2889 ἔχων
3622 2819 3726 2882 τῆς

2142 2899 2368 2969 τάξεως,
2419 2905 2758 2977 άκηδιαστὴς
2796 2907 2854 2961 δὲ
2920 2909 3124 2970 μᾶλλον
3177 2910 3270 2963 καὶ
3322 2910 3566 2983 ῥᾴθυμος
3621 2910 3724 2977 ὢν,

2143 2996 2445 3064 προφάσεις
2477 2996 2629 3067 εὖροι
2666 3000 2839 3066 τινάς,
2876 3001 2971 3054 καὶ
3002 3004 3228 3074 χωρήσῃ
3277 3003 3419 3074 πρὸς
3466 3003 3567 3076 τὴν
3591 3005 3716 3060 ταύο

451 3105 508 3148 et
538 3111 628 3164 qut
665 3097 732 3150 ab
756 3097 1013 3155 omnibus
1042 3109 1314 3153 canuntur
1343 3116 1587 3159 canones
1631 3108 1834 3163 audiri.
1867 3108 2027 3168 Nunc

2142 3102 2243 3156 της
2276 3088 2602 3154 κατάλυσιν,
2647 3090 2842 3159 λέγων,
2900 3093 2975 3157 ὡς
3024 3096 3086 3146 οὐ
3143 3097 3272 3160 τοὺς
3323 3097 3576 3167 συνήθεις
3624 3102 3725 3154 καὶ

448 3187 601 3241 enim
634 3196 688 3241 et
731 3188 781 3241 lii
814 3188 982 3242 additi
1023 3199 1173 3244 sunt.
1203 3195 1273 3245 At
1330 3194 1412 3250 Itis
1465 3197 1560 3267 qui
1601 3202 1868 3259 attentius
1915 3206 2037 3260 ani-

456 3296 610 3333 mum
645 3282 943 3350 applicant.
978 3282 1382 3355 alacrioresqtte
1418 3298 1569 3355 sunt,
1602 3293 1929 3361 ordinatior,
1979 3309 2037 3354 et

442 3375 676 3425 suavior
707 3386 792 3436 eo,
835 3374 930 3442 qui
969 3375 1020 3427 itt
1075 3379 1422 3435 monasteriis
1453 3390 1508 3436 et
1534 3383 1656 3440 aliis
1695 3385 1811 3443 fere
1862 3392 2037 3444 omni-

446 3464 560 3515 .lius
592 3463 841 3517 ecclesiis
901 3466 978 3528 lit,
1028 3467 1121 3536 qui
1159 3483 1226 3523 ex
1276 3469 1769 3545 Hierosolymitano
1820 3477 2035 3551 Typico

446 3556 774 3609 monasterii
798 3556 983 3614 Sancti
1017 3555 1174 3615 Salue
1194 3563 1330 3617 ordo
1361 3568 1755 3638 prescribitnr,
1790 3573 2025 3641 accedit,

443 3648 598 3717 quod
652 3646 981 3704 scilicet‘ab
1035 3667 1146 3707 uno
1194 3669 1371 3725 eoque
1420 3658 1540 3713 solo
1595 3663 1784 3731 perlici
1826 3675 2031 3735 potest,

447 3743 675 3810 quando
737 3758 765 3795 a
823 3745 1109 3801 monachis
1166 3745 1496 3817 dispositum
1536 3761 1643 3821 est,
1707 3765 1762 3811 et
1820 3759 2033 3829 absque

453 3847 620 3913 eamut
662 3838 966 3905 smpissime
1002 3837 1067 3892 'in
1110 3839 1386 3896 ctettobiis
1427 3843 1765 3903 absolvatur.
1815 3850 1881 3906 Et
1920 3853 2035 3910 itare

453 3927 673 3995 quidem
717 3930 1060 3995 constitutio,
1102 3947 1265 4001 quam
1311 3935 1547 3993 maxime
1594 3946 1927 4009 necessaria,
1981 3955 2036 4001 et

450 4017 710 4072 Patribus
770 4020 1292 4078 convenientissima
1347 4034 1453 4080 est.
1519 4027 1735 4085 Etenim
1806 4047 2033 4094 sanctus

450 4107 611 4164 Pater
645 4118 829 4165 noster
857 4111 996 4167 Saba
1014 4128 1134 4168 eam
1157 4116 1497 4188 praescripsit
1529 4135 1559 4175 a
1593 4126 1799 4181 sanctis
1829 4124 2036 4202 Euthy-

454 4204 565 4256 mio
588 4211 643 4256 et
671 4202 984 4258 Tlteoctisto
1025 4218 1305 4276 acceptam
1332 4226 1346 4264 :
1374 4209 1426 4263 bi
1454 4226 1620 4280 pot-ro
1649 4228 1679 4268 a
1709 4217 2030 4286 majoribus,

452 4303 506 4347 et
532 4293 867 4363 ltomoloseta
898 4295 1199 4353 Cltaritone
1229 4299 1677 4370 desumpserunt.
1714 4305 1871 4363 Sacri
1903 4324 2035 4367 vero

359 4365 371 4379 ’
457 4385 615 4440 Sabze
643 4388 1113 4455 constitutionem,
1145 4400 1204 4444 ut
1249 4393 1582 4461 audivimus,
1624 4399 1762 4456 locis
1810 4403 1919 4460 illis
1957 4405 2033 4459 ir-

2139 3186 2292 3253 παρὰ
2352 3183 2573 3237 πάντων
2621 3184 2919 3254 ᾀδομένους
2981 3186 3260 3259 ἀκούομεν
3318 3193 3573 3256 κανόνας.
3602 3193 3724 3247 Νῦν

2136 3276 2249 3345 γὰρ
2305 3277 2400 3329 καὶ
2459 3271 2609 3331 οὗτοι
2666 3282 3051 3350 συνήφθησαν,
3108 3285 3351 3349 καὶτοῖς
3390 3288 3725 3358 προσέχουσι

2137 3370 2231 3421 καὶ
2274 3371 2752 3453 προθυμουμένοις
2809 3375 3177 3448 εύτακτοτέρα
3231 3379 3431 3449 μᾶλλον
3464 3382 3561 3435 καὶ
3591 3384 3726 3453 ἠδυ-

2140 3462 2277 3531 τέρα
2326 3450 2630 3535 αὖτητῶν
2683 3469 2739 3521 ἐν
2786 3470 2910 3533 ταῖς
2966 3472 3155 3539 μοναῖς
3193 3472 3525 3528 άκολουθιῶν
3574 3450 3726 3543 γινο-

2139 3555 2342 3624 μένων.
2384 3556 2472 3609 Ἐν
2522 3557 2752 3622 ταύταις
2791 3559 2850 3614 δὲ
2896 3564 3015 3625 ταῖς
3048 3565 3238 3633 μοναῖς
3266 3568 3363 3620 καὶ
3395 3567 3580 3636 σχεδὸν
3610 3571 3722 3625 πά-

2138 3662 2261 3709 σαις
2289 3648 2408 3709 ταῖς
2440 3648 2765 3720 ἐκκλησίαις
2813 3654 2848 3722 ἡ
2890 3653 2987 3706 τοῦ
3019 3654 3130 3709 ἀπὸ
3158 3655 3271 3709 τῶν
3317 3656 3715 3730 Ἱεροσολύμων

2136 3738 2380 3796 Τυπικοῢ
2419 3747 2517 3815 τῆς
2550 3739 2718 3815 μόνῆς
2745 3744 2840 3800 τοῦ
2870 3746 3029 3817 ἁγίου
3054 3748 3240 3805 Σάϐϐα
3272 3751 3505 3808 τελεῖται
3533 3754 3713 3821 τάξις.

2137 3834 2261 3888 Ὀτι
2301 3835 2364 3906 δὴ
2397 3835 2492 3891 καὶ
2543 3836 2695 3909 παρὰ
2734 3838 2900 3910 μόνον
2932 3842 3076 3906 τινὸς
3104 3843 3332 3899 δυνατόν
3361 3850 3476 3902 ὲστι
3504 3849 3716 3920 ταύτην

2136 3927 2404 3997 γίνεσθαι,
2433 3931 2554 3983 ἐπεὶ
2600 3933 2695 3986 καὶ
2743 3934 2897 4005 παρὰ
2929 3936 3180 4006 μοναχῶν
3214 3938 3471 4010 ἐξετέθηὶ
3489 3944 3581 3995 καὶ
3603 3962 3719 4013 χω-

2137 4022 2221 4087 ρἰς
2280 4022 2542 4091 ᾀσμάτων
2594 4025 2858 4091 πολλάκις
2919 4029 2978 4083 ιν
3032 4031 3324 4099 κοινοϐίοις
3386 4037 3715 4096 ἑκτελείται.

2137 4117 2247 4170 Καὶ
2279 4119 2312 4188 ὴ
2347 4117 2574 4187 τοιαύτη
2600 4118 2658 4171 δὲ
2695 4120 2941 4187 διάταξις
2997 4124 3406 4202 ἀναγκαιοτάτη
3456 4132 3569 4187 καί
3607 4154 3717 4191 πα-

2134 4211 2325 4279 τρική.
2355 4212 2465 4264 Kal.
2498 4212 2606 4282 γὰρ
2636 4212 2664 4265 6
2704 4213 2848 4279 θεῖος
2891 4218 3084 4290 Πατὴρ
3132 4221 3288 4292 ἡμῶν
3335 4227 3548 4292 Σάϐϐας
3580 4231 3718 4285 cad-

2135 4319 2234 4370 την
2287 4303 2707 4373 διετυπὼσατο,
2758 4310 3093 4380 παραλαϐὼν
3142 4315 3313 4388 αὐτὴν
3366 4321 3473 4379 ἀπὸ
3523 4323 3619 4377 τοῦ
3658 4328 3718 4379 ὲν

2137 4398 2312 4465 ἁγίοις
2346 4398 2623 4466 Εὐθυμίου
2674 4404 2770 4456 καὶ
2804 4405 3155 4465 Θεοκτίστου.
3189 4406 3347 4468 Οὗτοι
3403 4416 3459 4469 δέ
3501 4435 3564 4487 γε
3608 4422 3719 4475 ἀπὸ

454 4479 713 4545 ruptione
737 4479 1096 4536 Barbarorum
1130 4486 1382 4549 vastatis,
1426 4490 1784 4559 deperditam,
1806 4506 2029 4552 sanctus

2140 4489 2242 4542 τῶν
2297 4492 2402 4560 πρδ
2444 4492 2660 4559 αὐτῶν,
2703 4499 2799 4549 καὶ
2850 4499 2946 4556 τοῦ
2995 4502 3336 4576 ὁμολογητοῦ
3392 4509 3717 4579 Χαρίτωνος

453 4566 619 4623 Pater
645 4580 829 4624 noster
861 4571 1226 4642 Sophronias,
1252 4588 1460 4633 sanctae
1507 4580 1748 4638 civitatis
1793 4588 2029 4654 patriar-

452 4663 573 4722 clm,
608 4662 792 4715 studio
838 4663 1131 4736 laboreque
1166 4668 1408 4722 restituit
1443 4686 1457 4735 ;
1511 4680 1564 4725 et
1601 4682 1726 4741 post
1753 4691 1877 4729 eum
1912 4694 2033 4732 rur-

452 4768 547 4806 sus
613 4752 834 4809 divinus
891 4766 946 4811 et
1011 4758 1173 4815 rebus
1241 4760 1562 4831 tlteologicis
1629 4770 2031 4833 pertractattdis

450 4843 749 4897 acerrimtts
783 4852 1021 4902 Joannes
1050 4846 1422 4903 Damascenus
1451 4854 1753 4919 renovavit,
1785 4838 2027 4926 scripto-

449 4950 554 5003 que
582 4937 959 4993 demandatum
994 4941 1237 4994 tradidit.
1296 4926 1314 4943 ’

522 5026 670 5081 llme
695 5029 860 5099 igitur
888 5032 1192 5087 subsecutae
1233 5049 1403 5089 sacrae
1458 5052 1650 5107 omnes
1708 5054 2026 5099 monasticae

451 5122 740 5175 societates
789 5138 854 5176 ac
884 5124 1148 5187 ecclesim,
1203 5135 1399 5195 praeter
1454 5133 1718 5199 quasdam
1773 5140 2027 5206 proprias

450 5211 822 5271 lllalllUllOllCS
849 5222 1150 5274 secundum
1210 5231 1471 5293 tempora,
1516 5238 1751 5289 statutas
1821 5251 2029 5307 magum

449 5307 953 5377 Constantinopolis
1006 5309 1260 5366 Ecclesia:
1311 5333 1377 5370 ex
1430 5322 1655 5392 antiquo
1702 5327 1915 5391 ordine,
1975 5341 2030 5385 et

447 5414 570 5466 qua:
603 5400 656 5451 in
692 5399 895 5452 mundo
925 5412 1062 5455 sunt
1088 5403 1365 5474 Ecclesiis,
1407 5414 1667 5479 quoniam
1714 5418 1789 5471 illi
1828 5421 1920 5490 qui
1972 5423 2024 5476 in

449 5488 653 5540 mundo
681 5495 810 5541 sunt
842 5489 1023 5542 omnia
1071 5507 1349 5561 neqtteuot
1381 5515 1675 5574 peragere;
1713 5526 1820 5564 non
1846 5488 2024 5565 venim

448 5576 639 5630 dicunt
694 5574 1012 5632 Psalterium
1072 5582 1177 5636 nisi
1215 5585 1265 5641 in
1324 5605 1513 5650 sancta
1565 5599 1796 5668 solaque
1832 5617 2025 5670 magna

448 5667 1070 5738 Qlladl‘ageSillla.sacr:t
1107 5675 1176 5731 ita
1211 5679 1417 5741 faciunt
1449 5692 1700 5748 universa
1738 5705 2020 5751 monaste-

449 5771 553 5812 Nil-

2138 4584 2529 4653 παρειλήφασι.
2565 4588 2674 4660 Τὴν
2703 4589 2760 4642 δὲ
2791 4589 2884 4643 τοῦ
2923 4593 3069 4661 ἱεροῦ
3116 4596 3304 4652 Σάϐϐα
3354 4582 3712 4667 διατύπωσῖν,

2136 4671 2211 4733 ὡς
2234 4672 2536 4745 ἐμάθομεν,
2572 4678 3021 4748 καταφθαρέντος
3071 4685 3166 4738 τοῦ
3226 4688 3394 4741 τόπου
3441 4690 3545 4745 ὑπὸ
3580 4691 3713 4761 βαρ·

2136 4762 2319 4831 ϐάρων
2356 4767 2771 4836 άφανισθεῖσαν,
2802 4775 2830 4827 6
2865 4774 2924 4827 ὲν
2958 4775 3137 4844 ἁγίοις
3175 4780 3365 4851 Πατὴρ
3398 4783 3556 4853 ἡμῶν
3597 4786 3711 4838 Σω-

2135 4858 2353 4925 φρόνιος
2392 4861 2421 4912 6
2469 4861 2568 4929 τῆς
2607 4863 2772 4930 ἁγίας
2819 4866 3030 4931 πόλεως
3080 4875 3452 4945 πατριάρχης,
3483 4879 3711 4945 φιλοπο·

2135 4951 2305 5018 νήσας
2340 4949 2558 5014 ἐξέθετο
2582 4967 2596 4981 '
2640 4955 2735 5007 καὶ
2764 4957 2884 5024 μετ’
2917 4961 3082 5012 αὑτὸν
3123 4963 3289 5016 πάλιν
3316 4968 3344 5017 6
3378 4964 3520 5030 θεῖος
3553 4970 3712 5038 ἡμῶν
3772 4982 3789 4999 τ

2135 5041 2231 5094 καὶ
2260 5041 2575 5110 θεολογικὸς
2615 5047 2805 5118 Πατὴρ
2834 5049 2863 5100 6
2893 5053 3255 5123 Δαμασκηνὸς
3303 5056 3559 5127 Ἰωάννης
3587 5060 3713 5113 ἀνε-

2131 5133 2394 5198 νεώσατο,
2437 5134 2532 5188 καὶ
2581 5137 2801 5205 γράψας
2840 5142 3147 5211 παρέδωκε.

2203 5224 2387 5295 Ταύτῃ
2436 5223 2530 5281 οὖν
2561 5229 3030 5288 ὲπακολουθοῢσαι
3054 5238 3229 5292 ,πᾶσαι
3267 5240 3413 5309 ίεραί
3454 5258 3512 5301 τε
3549 5245 3710 5310 μοναὶ

2131 5318 2230 5371 καὶ
2278 5319 2589 5390 ἐκκλησίαι,
2625 5323 2766 5392 πλήν
2811 5342 2977 5380 τινων
3033 5330 3140 5403 ίδῑᾳ
3172 5333 3529 5402 τεταγμένων
3566 5338 3711 5389 κατὰ

2131 5413 2382 5483 καιροὺς,
2413 5417 2481 5485 τῇ
2525 5416 2739 5486 μεγάλῃ
2785 5418 3085 5491 Ἐκκλησία
3129 5421 3231 5493 τῆς
3262 5425 3709 5481 Κωνστάντινου-

2131 5504 2343 5569 πόλεως
2373 5507 2482 5561 ἀπὸ
2513 5510 2613 5578 τῆς
2645 5511 2812 5564 πάλαι
2848 5513 3076 5579 τάξεως,
3112 5516 3204 5570 καὶ
3255 5520 3375 5582 ταῖς
3414 5526 3708 5589 κοσμικαῖς

2130 5595 2481 5675 ἐκκλησίαις,
2513 5600 2602 5654 διὰ
2647 5601 2709 5655 τὸ
2763 5602 2838 5672 μὴ
2886 5604 3094 5674 ἰσχύειν
3144 5608 3319 5661 τελεῖν
3374 5610 3551 5664 πάντα
3583 5615 3707 5675 τοὺς

2130 5691 2187 5741 ὲν
2208 5691 2285 5760 τῷ
2314 5691 2529 5763 κόσμῳ,
2562 5693 2624 5747 ού
2665 5696 2772 5768 γάρ
2809 5696 3122 5771 Ψαλτήριον
3151 5701 3390 5769 λέγουσι,
3410 5701 3549 5772 πλὴν
3603 5702 3706 5769 τῆς

2131 5780 2294 5847 ἁγίας
2315 5783 2409 5834 καὶ
2449 5782 2618 5851 μόνης
2650 5768 2893 5854 μεγάλης
2948 5768 3422 5863 Τεσσαρακοστῆς,
3469 5768 3525 5844 al
3561 5768 3707 5863 ἱεραὶ

2134 5874 2305 5927 πᾶσαι
2369 5875 2527 5943 μοναὶ
2587 5875 2835 5931 πλιοῦσιν
2878 5878 3039 5936 οὕτω.
3106 5870 3111 5873 Δ
