4046 6438
179 2900 206 2914 '-

380 325 482 386 551
1544 325 1642 384 es:
1683 323 1924 387 SAan
1957 294 2453 382 PBECATIONE.
2527 301 2540 313 '
3535 313 3637 376 553

943 435 1196 508 ΚΕΦΑΛ.
1265 433 1386 487 ran-

371 548 505 615 Hspl
539 545 646 601 τοῦ
688 549 1136 618 μεσονυκτικοῦ
1160 565 1171 576 ³
1205 549 1304 601 καὶ
1342 549 1400 602 τί
1452 547 1518 602 τὸ
1575 544 1833 614 κροῦσαι
1857 545 1948 598 ’τὸ

1053 618 1269 683 ξύλον.

441 712 596 766 Κατὰ
648 712 708 766 1:6
759 713 1116 783 μεσονύκτιον
1171 713 1204 783 ἢ
1255 711 1376 783 μετ’
1407 711 1612 780 ὀλίγον,
1656 709 1750 763 τοῦ
1786 707 1946 772 ξύλου

367 804 728 875 κρούσαντος.
762 808 844 868 εἰς
891 806 1065 860 τύπον
1094 804 1197 873 τῆς
1236 805 1556 866 τελευταίας
1588 804 1808 870 ἐκείνης
1842 799 1947 853 ὑπὸ

367 899 602 967 ἀγγέλου
657 900 983 970 σάλπιγγος,
1029 903 1236 963 πάντες
1290 901 1356 952 ἐκ
1415 898 1507 950 τοῦ
1567 895 1738 950 ὕπνου
1772 895 1850 957 ὡς
1885 896 1948 945 ἐκ

367 990 606 1043 θανάτου
636 992 972 1060 ἐγεῖρονται,
1009 993 1107 1046 καὶ
1147 990 1254 1061 πρὸ
1306 989 1400 1042 τοῦ
1456 986 1586 1041 ναοῦ
1621 989 1678 1039 ἐν
1713 985 1789 1055 τῷ
1817 985 1948 1053 νάρ-

368 1083 496 1148 θηκι
535 1081 610 1145 ὡς
642 1083 700 1134 ἐν
729 1085 800 1152 γῇ
840 1084 945 1153 πρὸ
977 1083 1072 1136 τοῦ
1107 1081 1366 1152 ούρανοῦ,
1416 1080 1513 1134 τοῦ
1567 1079 1758 1150 ἱερέως
1789 1077 1946 1130 εὐλο-

365 1176 659 1241 γήσαντος.
685 1174 741 1236 ὃς
765 1175 830 1244 δὴ
858 1178 1019 1228 τυποῖ
1036 1176 1126 1228 τὸν
1150 1176 1412 1246 Χριστὸν,
1433 1174 1494 1226 οὗ
1528 1173 1626 1226 καὶ
1653 1171 1753 1242 τὴν
1781 1171 1946 1240 ἱερω-

369 1265 534 1333 σύνην
593 1265 731 1335 ἔχων
783 1268 934 1320 ἐστί·
982 1268 1074 1322 τὸν
1108 1267 1258 1338 ἱερέα
1311 1267 1421 1336 γὰρ
1485 1264 1568 1317 δεῖ
1617 1264 1727 1316 τῶν
1770 1260 1948 1329 εὐχῶν

367 1356 734 1425 ἀπάρχεσθαι,
791 1359 887 1411 καὶ
942 1361 1132 1412 τοῦτον
1182 1359 1238 1412 δὲ
1297 1360 1392 1412 καὶ
1426 1357 1639 1418 πάντας
1672 1355 1781 1407 ἀπὸ
1807 1352 1946 1406 Θεοῦ

366 1449 631 1518 ἄρχεσθαι
656 1452 789 1528 χρὴ,
821 1450 869 1502 οι
894 1451 1113 1519 ἀδελφοὶ
1144 1451 1280 1520 ὁμοῦ
1310 1451 1534 1512 πάντες,
1555 1449 1614 1501 τὸ
1639 1447 1808 1512 «Δόξα
1837 1462 1942 1510 σοι,

367 1546 396 1596 6
425 1543 558 1605 Θεὸς
595 1543 780 1613 ἡμῶν,
807 1543 935 1617 δόξα
971 1561 1078 1610 σοι,
1116 1562 1133 1594 ι
1174 1545 1446 1610 λέγοντες,
1471 1543 1538 1595 τὰ
1583 1540 1789 1610 συνήθη
1825 1541 1946 1592 ἐπι-

368 1634 606 1701 λέγουσι.
643 1635 865 1704 Πρῶτον
917 1636 1029 1705 γὰρ
1087 1635 1167 1687 δεῖ
1219 1635 1380 1698 δόξαν
1433 1631 1760 1703 ἀναπέμψαι
1799 1629 1943 1703 Θεῷ,

369 1728 463 1780 καὶ
494 1724 637 1780 οὕτω
668 1726 852 1795 λέγειν
882 1728 948 1780 τὰ
982 1725 1241 1796 καθεξῆς.

943 1844 1192 1897 ΚΕΦΛΑ.
1236 1843 1276 1893 Τ
1285 1845 1358 1896 E'.

378 1955 437 2010 Τί
467 1957 552 2022 τὸ,
589 1974 609 2009 ι
651 1956 726 2010 δι’
767 1956 965 2024 εὐχῶν
987 1956 1106 2009 τῶν
1144 1957 1329 2025 ἁγίων
1371 1955 1646 2022 Πατέρων
1695 1953 1890 2022 ἡμῶν,
1931 1973 1948 2003 ι

469 2031 558 2094 είς
584 2029 697 2090 τὰς
725 2029 914 2097 ἀρχὰς
936 2030 1288 2096 λεγόμενον,
1331 2026 1598 2090 ἀπόντος
1627 2027 1854 2093 ἱερέως.

379 2137 382 2140 ‘
447 2120 590 2173 Είδέ
621 2121 694 2189 μή
733 2120 880 2171 ἐστιν
927 2119 1126 2188 ἱερεὺς,
1159 2121 1185 2170 6
1225 2119 1440 2188 πρῶτος
1484 2119 1593 2170 τῶν
1639 2115 1815 2170 ἄλλων
1852 2118 1959 2169 ὰπ-

377 2213 627 2283 ἀρχεται,
657 2211 688 2281 ἢ
719 2211 816 2264 καὶ
849 2213 1007 2281 μόνος
1038 2229 1142 2277 τις,
1177 2212 1272 2263 καὶ
1301 2214 1401 2263 οὐκ
1423 2211 1654 2277 εύλογεί,
1679 2211 1844 2280 216
1875 2210 1959 2262 ὃτι

375 2307 435 2360 ού
462 2306 562 2376 τὴν
591 2307 749 2375 χάριν
773 2305 888 2374 ἔχει
913 2321 928 2337 ⁸
962 2303 1113 2357 ἀλλὰ.
1159 2305 1246 2357 διὰ
1293 2305 1400 2357 τῶν
1437 2304 1612 2372 εὐχῶν
1652 2305 1759 2357 τῶν
1788 2305 1960 2362 [lati-,-
2009 2361 2015 2367 _

379 2418 486 2472 ρων
510 2400 603 2452 τὸν
629 2399 862 2466 Χριστὸν
893 2399 1111 2467 ἐλεῆσαι
1132 2399 1503 2462 ἐπικαλεῖται,
1526 2396 1959 2464 ταπεινούμενος

376 2498 435 2547 ἐν
487 2492 706 2565 Χριστῷ
729 2494 823 2548 καὶ
854 2491 927 2564 μὴ
959 2490 1179 2563 θαρρῶν
1211 2491 1411 2560 ἐαυτῷ,
1444 2491 1581 2545 ἀλλὰ
1635 2491 1734 2553 τὰς
1792 2491 1961 2559 εὐχὰς

377 2589 483 2643 τῶν
508 2589 766 2656 [Ιατέρων
797 2585 1232 2653 ἐπικαλούμενος
1269 2585 1326 2636 ἐν
1376 2578 1459 2647 οἷς
1493 2584 1632 2636 είσιν
1681 2585 1959 2653 ἀρχιερεῖς

378 2696 439 2734 τε
495 2680 589 2734 καὶ
626 2679 812 2748 ἱερεῖς,
855 2676 990 2730 ἀλλὰ
1023 2675 1121 2729 καὶ
1143 2676 1171 2728 6
1203 2676 1309 2727 τῶν
1341 2674 1515 2741 ἁγίων
1566 2673 1713 2733 ἅπας
1759 2673 1920 2741 χορὸς
1947 2711 1962 2737 ,

377 2761 470 2834 οὓς
497 2770 871 2838 καὶᾘατέρας
897 2767 1282 2836 κατονομάζει.
1322 2760 1456 2819 Εἶτα
1504 2763 1565 2816 τὸ
1593 2763 1815 2832 Πνεῦμα
1844 2764 1965 2814 ἐπι-

379 2863 673 2916 καλοῦνται
724 2861 783 2914 τδ
829 2859 1020 2929 ἅγιον,
1068 2859 1128 2912 τὺ
1186 2856 1432 2910 τελειοῦν
1481 2858 1578 2915 τὰς
1626 2853 1961 2925 προσευχὰς,

381 2955 558 3009 ἐλθεῖν
595 2954 692 3006 καὶ
744 2953 1111 3022 ἐνσκηνῶσαι,
1166 2951 1259 3003 καὶ
1313 2949 1584 3019 καθᾶραι,
1636 2946 1733 3000 καὶ
1790 2945 1966 2998 σῶσαι

381 3049 552 3119 ἡμᾶς.
579 3047 652 3099 T6
684 3045 791 3115 γὰρ
813 3047 864 3096 τί
894 3041 1338 3114 προσευξόμεθα,
1369 3040 1508 3093 καθὸ
1544 3040 1646 3104 δεῖ,
1681 3039 1783 3090 οὐκ
1813 3037 1962 3092 οἴδα-

387 3157 508 3211 μεν,
542 3140 634 3193 ἐὰν
667 3138 742 3207 μὴ
769 3135 1127 3206 ὀδηγηθῶμεν
1162 3135 1265 3187 ὑπὸ
1300 3132 1395 3185 τοῦ
1425 3133 1572 3186 θείου

382 3220 508 3283 ἐπεὶ
535 3229 629 3282 καὶ
661 3227 729 3281 δι’
761 3225 926 3281 αὑτοῦ
976 3225 1187 3295 ζῶμεν,
1232 3224 1327 3277 καὶ
1358 3222 1424 3276 δι’
1458 3222 1626 3277 αὑτοῦ
1655 3223 1964 3292 προσευχό-

388 3322 547 3391 μεθα,
580 3321 783 3384 Παῦλός
809 3337 962 3392 φησι·
991 3321 1084 3372 καὶ
1109 3321 1166 3370 ἐν
1193 3316 1344 3387 αὐτῷ
1370 3318 1674 3386 κράζομεν,
1721 3335 1739 3366 ι
1791 3315 1962 3390 Ἀᾷὸἄ

385 3418 414 3469 6
455 3416 664 3483 Πατήρ.
699 3432 718 3466 ι
752 3414 862 3466 Καὶ
915 3412 1009 3464 τὸν
1063 3409 1361 3479 Τρισὰγιον
1403 3406 1563 3472 εὐθὺς
1616 3407 1742 3468 τοὺς
1793 3406 1964 3474 ἁγγέο

385 3509 511 3569 λους
550 3506 928 3575 μιμούμενοι,
965 3503 1061 3554 καὶ
1091 3502 1174 3580 τὸ,
1221 3519 1239 3552 ι
1287 3500 1541 3568 ηαναγία
1575 3500 1772 3568 Τριάς,
1818 3517 1837 3549 ι
1878 3497 1967 3550 διὰ

385 3595 490 3656 τὸν
525 3602 635 3655 ἀπὸ
665 3601 764 3670 τῆς
796 3599 1026 3669 Τριάδος
1061 3597 1234 3662 ἔλεον,
1287 3595 1382 3648 καὶ
1442 3595 1541 3661 τὴν
1593 3594 1718 3661 ῐσην
1756 3592 1967 3644 αῖνεσιν

385 3695 494 3747 τῶν
518 3692 765 3762 ἀγγέλων
796 3693 892 3745 καὶ
918 3689 1018 3761 τὴν
1045 3686 1340 3758 ὁμολογίαν
1366 3685 1459 3738 τοῦ
1488 3687 1546 3738 ἐν
1582 3684 1777 3753 Τριᾱιδι
1805 3683 1967 3750 μόνου

389 3786 544 3840 Θεοῦ.
589 3782 721 3838 Εἶτα
771 3784 865 3836 xui.
908 3782 1007 3851 τὴν
1057 3777 1458 3850 παραδοθεῖσαν
1508 3775 1822 3845 προσευχὴν
1865 3774 1969 3826 ὑπὸ

388 3878 481 3930 τοῦ
511 3878 740 3945 Κυρίου,
771 3871 838 3948 ἧς
871 3875 927 3926 ἐν
969 3873 1141 3942 ἑτέρῳ
1173 3872 1326 3940 τόπῳ
1370 3870 1514 3922 κατὰ
1551 3867 1781 3937 δύναμιν
1815 3864 1971 3937 ἐροῦ-

393 3986 492 4036 μεν
549 3971 648 4039 τὴν
706 3968 1027 4036 ἑρμηνείαν.
1085 3963 1305 4018 Μᾶλλον
1353 3962 1408 4014 δὲ
1451 3961 1638 4016 πολλοὶ
1698 3961 1798 4030 τὴν
1839 3963 1970 4028 περὶ

393 4062 596 4131 ταύτης
630 4060 781 4112 θείαν
813 4059 1018 4128 γνῶσιν
1051 4058 1427 4132 ἡρμήνευσαν,
1468 4056 1564 4108 καὶ
1604 4055 1902 4122 ἐξαιρέτως
1945 4054 1972 4104 ὀ

389 4155 688 4208 Νυσσαὲων
722 4152 866 4215 θεῖος
916 4150 1242 4221 Γρηγόριος.
1279 4150 1386 4210 Καὶ
1427 4148 1521 4202 τοῦ
1561 4149 1750 4218 ἱερέως
1785 4148 1847 4199 τὸ
1877 4163 1973 4198 τε-

392 4250 644 4303 λευταῖον
695 4247 795 4316 τῆς
839 4246 1006 4316 εὐχῆς
1060 4246 1139 4307 είς
1190 4243 1501 4312 δοξο).ογίαν
1529 4241 1850 4312 εἰρηκότος,
1891 4240 1973 4300 τὸ,

397 4359 417 4394 α
462 4342 656 4408 Κύριε,
685 4340 912 4408 ἐλέησον
950 4356 968 4390 ι
1013 4337 1312 4400 δωδεκάκις
1359 4337 1601 4405 λέγεται,
1639 4335 1726 4388 διὰ
1771 4334 1832 4386 τὸ
1871 4332 1976 4385 δω-

388 4435 663 4503 δεκάωρον
703 4434 804 4501 τῆς
842 4431 1035 4493 νυκτὸς
1079 4429 1152 4492 ὡς
1185 4431 1282 4483 καὶ
1324 4432 1389 4498 τῇ
1425 4429 1632 4499 ἡμέρᾳ,
1659 4427 1749 4481 διὰ
1781 4426 1841 4479 τὸ
1878 4427 1974 4478 a6-

389 4527 488 4596 τῆς
544 4525 896 4595 δωδεκὰωρον
924 4562 940 4586 ,
986 4524 1083 4575 καὶ
1126 4522 1248 4591 τρὶς
1280 4521 1526 4582 εἰπόντες
1553 4559 1565 4579 ,
1619 4537 1636 4570 ι
1676 4517 1866 4581 Δεῦτε,
1899 4515 1975 4583 τῷ

392 4617 599 4684 βασιλεῖ
636 4613 796 4685 ἡμῶν
834 4611 954 4686 Θεῷ
1005 4613 1480 4682 προσκυνήσωμεν
1503 4650 1517 4675 ,
1550 4626 1594 4660 ⁷»
1652 4608 1726 4670 ὥς
1779 4607 1974 4676 ψάλλει

391 4709 575 4771 Δαϐὶδ,
601 4708 696 4761 καὶ
733 4707 1060 4766 Ἀθανάσιος
1090 4703 1324 4773 ὁ.μέγας
1365 4706 1533 4771 φησὶν
1567 4703 1625 4754 ἐν
1661 4699 1974 4770 προοιμίοις

390 4801 548 4854 τοῦτο
578 4799 688 4852 τῶν
718 4796 892 4866 εὐχῶν
920 4795 1079 4870 ήμῶν
1107 4791 1388 4861 λέγεσθαι,
1409 4792 1498 4844 διὰ
1515 4792 1576 4844 τὸ
1591 4786 1730 4844 εἶναι
1751 4789 1976 4856 βασιλέα

394 4893 553 4964 μόνον
589 4891 806 4945 αἰώνιον
837 4890 998 4959 ἡμῶν
1030 4888 1121 4941 τὸν
1153 4887 1397 4960 Χριστὸν
1437 4885 1534 4938 σῦν
1562 4885 1849 4960 τῷρῐιατρὶ
1883 4887 1978 4937 καὶ¹

391 4988 468 5058 τῷ
520 4985 822 5056 Πνεύματι,
882 4985 979 5036 καὶ
1041 4980 1523 5051 προσκυνοῦντες,
1584 4978 1684 5048 τὴν
1729 4976 1980 5030 δουλείαν

391 5080 717 5147 δεικνύντες,
758 5080 884 5141 τοὺς
935 5078 1082 5130 κατὰ
1126 5076 1296 5129 τύπον
1321 5073 1867 5145 ψαλμοὺς-λέγομεν.

958 5168 1208 5222 unum.
1269 5167 1409 5235 τετυ.

669 5262 808 5333 Περὶ
831 5263 938 5318 τοῦ
962 5257 1387 5331 πεντηκοστοῦ
1414 5256 1686 5327 ψαλμοῦ.

465 5359 574 5412 Καὶ
602 5358 820 5428 πρῶτον
852 5358 949 5427 μὲν
1012 5355 1102 5408 τὸν
1150 5353 1540 5420 πεντηκοστὸν,
1578 5350 1635 5411 ὃς
1669 5350 1732 5418 δὴ
1790 5348 1983 5416 €50,910-

396 5451 674 5521 λογήσεως
705 5450 797 5503 καὶ
828 5448 1095 5510 ἰλεώσεως
1134 5444 1397 5515 τυγχάνει
1424 5442 1660 5511 ψαλμδς,
1709 5443 1804 5492 καὶ
1841 5454 1978 5505 συγ-

397 5544 640 5615 χώρησιν
673 5543 1099 5612 ἁμαρτήσαντος
1128 5528 1453 5603 ἐξαιτεῐται,
1488 5539 1586 5589 καὶ
1631 5534 1706 5603 μὴ
1739 5533 1980 5600 ἀποστῆ-

396 5657 486 5692 ναι
521 5636 686 5688 αὐτοῦ
727 5635 789 5686 τὸ
838 5631 1062 5702 Πνεῦμα
1095 5633 1154 5682 τὸ
1207 5631 1386 5697 ἅγιον,
1417 5627 1534 5680 ἀλλ’
1561 5624 1979 5694 ἐγκαινισθῆναι

403 5731 604 5800 μᾶλλον
639 5732 693 5780 ἐν
723 5727 870 5797 αὐτῷ
903 5725 992 5779 διὰ
1024 5726 1120 5793 τῆς
1144 5721 1531 5782 ταπεινώσεως
1561 5721 1653 5772 καὶ
1685 5717 1980 5786 συντριίὶἧς

398 5826 494 5876 καὶ
533 5821 786 5892 καρδίας.
823 5821 919 5872 Ὃν
975 5818 1038 5876 δὴ
1069 5816 1290 5888 ψαλμὸν
1338 5815 1435 5868 καὶ
1485 5814 1724 5882 ἐξαρκὴς
1775 5812 1832 5864 ἐν
1870 5811 1982 5872 τοῖς

2625 424 2848 482 CAPUT
2883 424 3104 480 CCCIV.

2055 547 2134 600 De
2157 546 2319 615 ofﬁcio
2351 543 2487 613 quod
2524 544 2876 615 media‘gnocte
2907 541 3203 615 peragitur,
3246 545 3297 592 et
3327 539 3451 608 quid
3479 537 3642 593 deno—

2583 622 2655 666 tet
2689 611 2819 681 ligni
2846 611 3101 677 pulsatio.

2129 705 2298 760 Media
2333 715 2490 760 nocte
2514 705 2600 760 vel
2640 705 2804 773 paulo
2845 712 2986 772 post.
3022 705 3169 774 ligno
3200 703 3527 770 crepitante,
3585 701 3638 756 in

2055 803 2284 867 liguram
2316 799 2522 852 ultima:
2549 798 2693 852 illius
2728 795 2868 851 tuhte
2906 813 3009 864 qua
3035 795 3351 866 personabit
3376 794 3629 865 angelus,

2051 908 2245 946 omnes
2274 906 2304 945 e
2331 905 2527 945 somno
2559 890 2705 944 velut
2735 904 2765 942 a
2795 899 2967 942 morte
2998 889 3329 950 excitantur,
3364 897 3419 940 et
3456 885 3641 940 omni-

2055 993 2153 1041 bus
2202 995 2329 1042 ante
2366 985 2626 1056 templum
2661 985 2715 1038 in
2750 984 3008 1037 nartliece
3051 984 3200 1037 velut
3236 983 3293 1038 in
3339 995 3484 1036 terra
3519 987 3645 1032 ante

2052 1082 2255 1135 malum
2307 1079 2641 1143 astantibus,
2696 1076 2974 1132 benedicit
3034 1075 3292 1129 sacerdos
3326 1073 3421 1142 qui
3481 1071 3642 1126 Chri-

2054 1183 2194 1227 stum
2232 1171 2400 1226 refert
2438 1170 2594 1237 cujus
2645 1168 2780 1239 gerit
2827 1169 3221 1228 sacerdotium,
3255 1163 3399 1219 unde
3431 1171 3648 1232 oportet

2054 1264 2396 1318 sacerdotem
2451 1276 2638 1329 preces
2689 1260 2970 1322 inchoare,
3007 1260 3094 1313 hic
3152 1269 3205 1311 et
3251 1271 3443 1312 omnes
3474 1253 3646 1308 εει)εο

2054 1356 2293 1424 incipere
2320 1354 2541 1414 debent,
2586 1352 2891 1422 fratresque
2949 1351 3189 1405 universi
3220 1348 3386 1405 simul
3447 1349 3637 1403 dicen-

2054 1459 2176 1523 tes:
2237 1467 2255 1498 ‹
2300 1445 2487 1501 Gloria.
2532 1445 2650 1510 tibi,
2691 1446 2832 1498 Deus
2872 1453 3084 1505 noster,
3119 1441 3292 1511 gloria
3336 1439 3456 1506 tibi,
3493 1457 3512 1491 ι
3553 1452 3645 1492 so-

2053 1541 2145 1594 lita
2180 1539 2517 1609 persolvunt.
2554 1536 2687 1591 Nam
2724 1539 2955 1605 primum
3007 1542 3223 1604 oportet
3270 1531 3497 1602 gloriam
3535 1531 3645 1602 Deo

2053 1633 2298 1698 reddere,
2327 1639 2379 1683 et
2401 1631 2472 1685 ita
2498 1646 2618 1700 qua:
2647 1641 2952 1698 sequuntur
2982 1628 3181 1682 dicere.

2604 1806 2833 1862 CAPUT
2871 1806 3070 1863 ερον.

2063 1925 2204 1989 Quid
2232 1924 2513 1993 signiﬁcet,
2545 1925 2682 1991 quod
2713 1923 2944 1993 absente
2973 1921 3246 1993 socer-dote
3280 1920 3494 1974 initium
3530 1936 3650 1987 pre-

2134 2013 2252 2048 cum
2282 1991 2486 2065 faciunt
2517 2012 2547 2047 a
2584 1993 2828 2065 formulis
2862 1991 2964 2048 SS.
2993 1991 3222 2046 Patrum
3251 2001 3574 2044 nostrorum.

2137 2087 2334 2144 Verum
2369 2088 2414 2143 si
2442 2103 2545 2143 non
2571 2087 2714 2141 adsit
2743 2085 3022 2146 sacerdos,
3059 2084 3154 2152 qui
3203 2083 3326 2138 aliis
3375 2081 3654 2152 przecelh'i,

2064 2183 2257 2252 incipit
2312 2184 2394 2237 vel
2446 2181 2682 2250 simplex
2741 2179 3064 2243 monachus,
3128 2185 3182 2232 et
3215 2193 3321 2231 non
3361 2177 3650 2240 benedicit,

2063 2277 2324 2346 quoniam
2357 2290 2462 2330 non
2491 2275 2656 2329 habet
2688 2273 2943 2343 gratiam,
2973 2270 3066 2324 sed
3093 2285 3190 2340 per
3212 2283 3403 2338 preces
3425 2268 3648 2322 Patrum

2063 2369 2266 2423 Christi
2312 2366 2744 2422 misericordiam
2800 2364 3042 2430 invocat,
3075 2364 3428 2432 semetipsum
3464 2363 3652 2416 humi-

2066 2463 2204 2516 lians
2240 2460 2294 2514 in
2334 2459 2578 2524 Christo,
2615 2473 2793 2527 neque
2823 2457 2927 2512 sibi
2971 2457 3278 2521 conlidens,
3319 2455 3413 2510 sed
3466 2470 3654 2524 preces

2065 2557 2290 2608 Patrum
2353 2552 2619 2607 adhibens
2669 2552 2812 2605 inter
2857 2565 2995 2619 quos
3073 2560 3203 2605 sunt
3260 2550 3546 2618 pontifices
3600 2561 3656 2604 et.

2073 2646 2408 2709 sacerdotes,
2441 2643 2534 2698 sed
2582 2652 2635 2698 et
2685 2643 2868 2697 omnis
2917 2650 3231 2697 sanctorum
3282 2641 3483 2694 chorus
3512 2656 3653 2709 quos

2066 2737 2254 2792 Patres
2286 2736 2539 2807 appellat.
2569 2734 2762 2788 Postea
2810 2741 3060 2788 sanctum
3100 2733 3320 2787 invocat
3375 2731 3642 2801 Spiritum

2068 2833 2163 2899 qui
2210 2843 2399 2896 preces
2454 2827 2782 2890 sanctificat,
2843 2835 2900 2880 ut
2945 2825 3128 2878 veniat
3178 2835 3232 2876 et
3279 2835 3650 2881 Commoretur

2067 2937 2277 2990 nosque
2327 2928 2521 2990 purget
2549 2930 2604 2974 et
2639 2919 2819 2976 salvos
2857 2918 3022 2973 faciat
3053 2934 3068 2986 ;
3102 2934 3224 2972 nam
3257 2917 3384 2986 quid
3432 2933 3654 2975 oremus

2071 3017 2213 3072 sicut
2244 3023 2458 3084 oportet
2497 3013 2794 3076 nescimus,
2853 3011 2956 3065 nisi
2994 3011 3350 3065 iustituamur
3381 3026 3406 3061 a
3460 3009 3649 3064 divino

1616 3130 1754 3184 Πνεύ
1765 3147 1955 3198 ματος,

2073 3109 2302 3178 Spiritu,
2355 3106 2613 3176 quoniam
2660 3121 2756 3174 per
2807 3119 2932 3159 eum
2967 3105 3221 3167 vivimus,
3264 3109 3319 3156 et
3379 3117 3472 3170 per
3521 3117 3648 3156 cum

2070 3216 2314 3266 oramus,
2346 3201 2421 3254 ait
2451 3199 2670 3262 Paulus,
2703 3197 2828 3250 etin
2847 3213 2911 3250 eo
2937 3198 3236 3250 clamamus
3269 3213 3284 3251 :
3327 3213 3344 3245 ι
3378 3196 3532 3250 Abba
3554 3193 3656 3250 Pa.

2070 3303 2191 3361 ter;
2230 3312 2251 3346 ι
2285 3303 2339 3348 et
2393 3293 2578 3347 statim
2627 3290 2848 3359 angelos
2885 3289 3166 3344 imitantur
3202 3288 3446 3346 dicentes
3500 3289 3659 3343 trisa-

2070 3387 2194 3456 gion
2226 3401 2290 3440 ac
2342 3385 2486 3440 istud
2527 3401 2542 3440 :
2587 3401 2605 3434 ι
2631 3382 2992 3437 Sanctissima
3048 3381 3294 3436 Trinitas
3332 3399 3349 3430 ι
3381 3419 3398 3444 ,
3457 3381 3579 3450 quia
3631 3397 3661 3434 a

2071 3478 2343 3532 Trinitate
2395 3476 2543 3531 venit
2596 3475 3001 3536 misericordia,
3066 3483 3120 3527 et
3181 3484 3405 3543 propter
3463 3488 3652 3542 parem

2072 3573 2390 3642 angelorum
2426 3567 2644 3623 laudem
2673 3568 2961 3635 soliusquc
2996 3565 3050 3620 in
3086 3566 3358 3620 Trinitate
3383 3565 3476 3619 Dei
3528 3579 3662 3617 con—

2073 3663 2393 3720 fessionem.
2445 3659 2711 3726 Deinceps
2762 3658 3022 3712 traditam
3056 3672 3085 3711 a
3152 3657 3384 3710 Domino
3424 3655 3661 3711 recitauit

2074 3756 2397 3815 orationem,
2435 3753 2590 3822 cujus
2625 3752 2674 3804 iu
2712 3751 2820 3803 alio
2851 3749 2970 3804 loco
3013 3763 3112 3818 pro
3147 3748 3354 3802 viribus
3409 3743 3658 3799 dicemus

2076 3846 2601 3917 interpretationem,
2635 3853 2729 3897 aut
2754 3843 2934 3915 potius
2966 3841 3128 3909 cujus
3159 3839 3401 3893 divinam
3431 3846 3662 3892 senten-

2075 3943 2206 3995 tiam
2237 3939 2392 3992 multi
2425 3937 2763 4005 interpretati
2789 3944 2938 4000 sunt,
2966 3943 3023 3987 et
3054 3933 3330 4002 praecipue
3360 3930 3660 3996 Gregorius

2076 4036 2232 4089 divus
2285 4030 2566 4102 Nyssenus
2607 4028 2919 4098 episcopus.
2970 4026 3036 4080 Et
3076 4033 3363 4094 postquam
3403 4023 3662 4077 sacerdos

2075 4131 2343 4185 orationis
2374 4129 2534 4181 linem
2570 4125 2625 4178 in
2655 4125 2876 4190 modum
2913 4119 3214 4188 doxologim
3244 4117 3462 4179 dixerit,
3499 4115 3663 4186 Kyrie

2076 4223 2283 4278 eleison
2345 4216 2640 4272 duodecies
2719 4214 3014 4284 profertur,
3079 4217 3302 4280 propter
3370 4207 3660 4261 duodecim

2078 4314 2257 4370 noctis
2289 4311 2434 4368 sicut
2471 4320 2524 4364 et
2554 4308 2661 4363 diei
2705 4309 2888 4369 horas,
2918 4313 2970 4359 ct
3012 4313 3092 4358 ter
3114 4301 3356 4357 dicentes
3386 4314 3404 4352 :
3444 4297 3661 4358 Venite,

2082 4408 2280 4477 Regem
2327 4413 2573 4459 nostrum
2612 4400 2782 4454 Deum
2818 4388 3136 4462 adoremus,
3196 4391 3660 4464 quemadmodum

2013 4490 2054 4544 υ
2084 4498 2267 4569 psallit
2298 4495 2487 4558 David,
2523 4503 2576 4549 et
2610 4492 2945 4549 Athanasius
2978 4505 3208 4558 magnus
3240 4486 3538 4542 declaravit
3562 4484 3666 4537 hoc

2083 4590 2382 4646 dicendum
2453 4601 2573 4642 esse
2598 4585 2653 4640 in
2705 4585 2865 4639 initio
2897 4597 3120 4653 precum
3155 4591 3490 4642 nostrarum,
3527 4591 3666 4645 quo-

2083 4684 2228 4737 niam
2280 4681 2433 4737 solus
2482 4695 2576 4734 rex
2607 4688 2792 4733 noster
2830 4688 3069 4732 aeternus
3101 4683 3186 4729 est
3218 4673 3473 4728 Christus
3533 4685 3656 4722 cum

2081 4773 2242 4829 Patre
2298 4783 2351 4828 et
2394 4772 2626 4843 Spiritu,
2677 4780 2734 4826 et
2802 4768 3097 4823 adorantes
3161 4781 3272 4833 quo
3346 4763 3663 4816 servitutem

2083 4876 2368 4930 testamur,
2425 4865 2666 4934 psalmos
2722 4861 3023 4916 secundum
3089 4855 3368 4924 exemplar
3407 4854 3662 4908 dicimus.

2592 5149 2821 5207 CAPUT
2878 5147 3098 5205 CCCVI.

2210 5306 2213 5309 ,
2455 5247 2528 5330 De
2557 5245 2760 5312 psalmo
2788 5243 3244 5324 quii‘guagesimo.

2153 5341 2399 5396 Primum
2433 5338 2650 5407 quidem
2709 5337 2976 5406 psalmum
3029 5332 3544 5403 quinquagesimum
3581 5347 3667 5386 re-

2086 5435 2346 5492 citamus,
2379 5431 2469 5498 qui
2499 5429 2740 5498 psalmus
2792 5436 2874 5480 est
2918 5424 3285 5480 confessionis
3321 5432 3375 5478 et
3404 5422 3668 5491 propitia-

2088 5525 2274 5587 tionis,
2308 5521 2519 5574 veniam
2559 5519 2865 5589 peccatoris
2899 5521 3248 5587 deprecatur,
3279 5525 3332 5570 et
3368 5514 3573 5583 ﬂagitat
3602 5531 3670 5566 no

2084 5617 2363 5673 auferatur
2395 5615 2462 5668 ab
2491 5628 2557 5684 eo
2605 5611 2846 5679 Spiritus
2896 5619 3143 5674 sanctus,
3180 5608 3274 5661 sz-d
3303 5609 3480 5676 potius
3511 5621 3671 5658 reuo-

2084 5721 2242 5765 vetur
2277 5712 2328 5762 in
2358 5723 2422 5762 eo
2453 5722 2544 5774 per
2573 5705 2936 5759 humilitatem
2965 5716 3013 5757 et
3043 5703 3225 5756 cordis
3247 5698 3629 5753 contritionem
3655 5711 3673 5762 ;

2086 5821 2249 5877 quem
2272 5804 2541 5875 psalmum
2575 5808 2626 5854 in
2659 5799 2930 5870 principio
2965 5797 3202 5851 dicimus
3231 5795 3282 5848 in
3309 5792 3528 5864 hymnis
3554 5789 3673 5860 pie-
