4046 6478
451 285 558 346 559
1282 285 1661 347 SYMEONIS
1693 283 2453 370 TllESSALONlCE-NSIS
2497 289 2534 342 Α
2551 287 2700 346 RCH
2715 290 2727 342 ι
2742 286 2859 346 EP.
3649 288 3759 349 bﬁu

444 394 647 464 risque,
681 392 938 462 quoniam
994 399 1215 462 peccata
1245 391 1419 446 Adam
1477 392 1756 461 totiusque
1789 392 2007 462 generis

2142 391 2330 444 ελείοσι
2365 392 2600 462 λέγομεν
2637 391 2851 462 ὕμνοις.
2895 392 3051 445 Ἐπεὶ
3097 389 3457 465 καὶ-ὥσπερ
3499 383 3662 456 οὗτος
3695 397 3760 445 τὰ

443 485 612 538 nostri
662 492 715 538 et
755 484 1009 540 Ecclesiae
1059 499 1180 553 qua:
1252 493 1420 538 estex
1462 484 1712 553 gentibus
1771 492 2017 550 enarrat,

2142 484 2228 537 τοῦ
2267 485 2442 552 Ἀδὰμ
2477 484 2666 538 καὶτὰ
2699 484 2793 537 τοῦ
2825 486 3097 556 ἡμετέρου
3135 486 3363 551 παντὸς
3396 485 3628 555 γένους,
3669 465 3764 539 κει.ι

443 576 585 631 illius
641 577 856 645 quidem
927 589 1026 645 per
1071 577 1406 646 voluptatem
1477 581 1532 630 et
1595 574 2020 629 inobedientiam

2142 570 2230 644 τῆς
2280 573 2341 639 ἐξ
2387 575 2558 628 ἐθνῶν
2604 574 2934 645 Ἐκκλησίας
2984 575 3345 648 διαγορεύει,
3385 574 3493 630 τοῦ
3532 576 3640 646 μὲν
3673 578 3763 630 0a-

446 668 669 731 ntortui,
708 667 874 735 hujus
897 676 1104 732 autem,
1137 675 1324 736 utpote
1358 666 1508 734 prius
1557 665 1808 730 inﬁdelis,
1869 666 2020 720 adul-

2142 666 2466 728 νατωθέντος
2499 664 2567 718 δι’
2605 667 2803 736 ἡδονῆς
2833 666 2935 736 τῆς
2975 669 3307 740 παρακοῆς,
3363 666 3480 737 τῆς
3517 666 3578 720 δι
3629 670 3764 737 πρό-

441 761 636 814 terium
668 769 926 830 Operatae,
959 774 1172 814 necnon
1219 760 1416 813 animae
1473 774 1659 813 necem
1689 768 1742 814 et
1791 768 2021 813 mortem

2142 775 2292 828 τερον
2323 759 2398 820 ὡς
2433 759 2666 812 ἀπίστου
2689 799 2704 824 ,
2740 760 2990 830 μοιχείαν
3023 759 3463 830 ἐργαζομένης,
3501 758 3585 820 ὡς
3629 760 3762 812 ἀπο·

440 863 625 922 utpote
681 869 710 906 a
767 853 876 906 Deo
919 852 1196 914 distantis,
1267 867 1416 906 nunc
1465 866 1597 904 vero
1638 851 2016 906 misericordia

2142 851 2341 920 στάσης
2387 851 2496 904 ἀπὸ
2546 851 2708 915 Θεοῦ,
2742 854 2836 904 καὶ
2872 855 3034 920 φόνον
3059 852 3249 923 ψυχῆς
3283 852 3398 906 καὶ
3452 849 3759 919 νέκρωσιν,

401 1017 406 1022 ἢ
440 945 533 999 Dei
563 954 836 999 revocata!
875 952 935 996 ut
973 941 1210 1012 Spiritus
1242 954 1469 998 sanctus
1508 943 1855 998 abundanter
1883 943 1935 997 in
1964 959 2024 999 se

2142 939 2358 993 ἐλέειδέ
2406 940 2543 994 Θεοῦ
2587 942 3088 1015 ἐπανακληθείσης,
3139 944 3245 999 καὶ
3300 943 3372 997 τὸ
3433 942 3676 1015 Πνεῦμα
3700 944 3761 1000 τδ

439 1043 737 1090 renovetur
784 1033 1146 1089 obSecrantis.

2142 1031 2292 1098 Ξιγιον
2319 1034 2375 1084 ἐν
2409 1033 2548 1103 αὐτῇ
2591 1032 2834 1099 δαψιλῶς
2864 1034 3220 1104 ἐγκαινισθέν
3256 1035 3621 1106 δεξαμένης.

968 1145 1199 1202 CAPUT
1231 1146 1478 1202 CCCVI].

2707 1149 2957 1204 ΚΕΦΛΛ.
3019 1151 3143 1204 ΤΖ’.

443 1239 517 1293 De
539 1237 746 1309 psalmo
784 1237 1023 1294 CXVIII
1054 1240 1146 1312 qui
1180 1240 1365 1309 incipit
1403 1256 1419 1294 :
1460 1239 1743 1309 Μακάριοι
1786 1240 1834 1291 οἱ
1872 1239 2026 1308 ἄμω-

2431 1242 2571 1310 Περί
2600 1242 2718 1296 τῶν
2741 1241 3001 1312 ψαλμῶν
3033 1242 3139 1298 τοῦ
3166 1242 3473 1312 ἀμώμου.

1171 1327 1285 1378 μοι.

513 1398 710 1452 Verum
744 1408 866 1468 post
891 1398 1058 1463 hunc,
1079 1398 1360 1466 psalmos:
1399 1417 1416 1449 ι
1439 1398 1586 1453 Beati
1609 1398 1968 1486 immaculati,
2003 1417 2021 1450 ι

2205 1401 2361 1454 Μετὰ
2409 1401 2601 1454 τοῦτον
2635 1401 2691 1454 δὲ
2724 1402 2851 1464 τοὺς
2887 1401 2983 1454 τοῦ
3024 1401 3274 1471 ἀμώμου
3307 1402 3583 1471 ιῖναλμοὺς
3619 1403 3758 1456 κατά

442 1494 742 1548 secundum
767 1492 1013 1546 ordinem
1041 1493 1485 1560 pronuntiamus,
1509 1493 1708 1562 quibus
1735 1493 1786 1546 in
1817 1506 2027 1546 memo-

2142 1495 2340 1564 στίχον,
2369 1495 2467 1563 τὴν
2501 1493 2598 1546 τοῦ
2649 1493 2786 1548 Θεοῦ
2835 1494 3137 1564 βασιλείαν,
3189 1495 3298 1548 καὶ
3350 1495 3426 1549 τὰ
3477 1494 3752 1565 κρίματα,

446 1586 580 1638 riam
603 1586 913 1638 referuntur
939 1584 1026 1640 Dei
1051 1601 1275 1654 regnum
1303 1595 1355 1640 ct
1385 1585 1590 1654 judicia
1613 1596 1663 1639 et
1682 1585 2027 1654 justificalio-

2142 1588 2225 1639 καὶ
2256 1586 2323 1640 τὰ
2357 1585 2725 1656 δικαιώματα.
2753 1587 2850 1639 καὶ
2883 1588 2952 1640 τὰ
2986 1586 3306 1656 μαρύτρια,
3333 1587 3445 1640 καὶ
3465 1588 3538 1640 τὰ
3573 1586 3754 1656 λόγια,

443 1692 560 1742 nes,
575 1685 627 1730 ct
647 1677 958 1731 testimonia
976 1677 1249 1746 verbaque
1266 1684 1319 1729 et
1337 1677 1608 1732 mandata.
1625 1676 1768 1744 Quos
1784 1678 2025 1746 psalmos

2142 1678 2228 1731 καὶ
2263 1678 2388 1740 τοὺς
2420 1679 2641 1749 νόμους,
2668 1680 2746 1742 εἰς
2775 1679 2999 1748 μνήμην
3025 1678 3465 1748 φέροντας.οῦς
3508 1680 3578 1749 δὴ
3618 1679 3753 1748 ψαλ-

451 1771 677 1825 jicimus
708 1771 870 1824 etiam
901 1771 952 1823 in
1013 1771 1630 1824 commemorationibns
1683 1778 2006 1825 sanctorum

2142 1771 2261 1830 ιοὺς
2287 1770 2385 1822 καὶ
2413 1771 2469 1822 ἐν
2518 1772 2636 1832 ταῖς
2697 1772 2941 1839 μνήμαις
2968 1769 3202 1840 λέγομεν
3239 1769 3366 1824 τῶν
3401 1770 3613 1838 ἁγίων.
3644 1768 3753 1824 Καὶ

451 1875 497 1918 et
553 1865 604 1916 in
665 1862 941 1932 Sepultum
997 1861 1234 1916 ﬁdeliu'u
1281 1863 1687 1926 defunctorum,
1741 1860 2019 1916 recordati

2142 1873 2189 1920 ὲν
2221 1865 2334 1926 τοῖς
2372 1862 2665 1916 ἀπελθοῦσι
2695 1865 2927 1925 πιστοῖς,
2967 1865 3048 1924 εἰς
3111 1865 3358 1932 μνήμην
3417 1863 3532 1916 τῶν
3582 1862 3751 1930 ἁγίων

450 1962 754 2010 sanctorum
780 1953 960 2023 etzviaa
985 1951 1317 2019 Salvatoris;
1355 1954 1446 2010 b’c
1474 1956 1619 2009 enim
1641 1954 1790 2008 solus
1813 1962 1896 2008 est
1913 1954 2022 2006 im-

2142 1959 2389 2028 ὶγόμενοι
2420 1957 2515 2010 καὶ
2557 1957 2655 2023 τῆς
2686 1954 2805 2009 ὀδοῦ
2847 1954 2941 2008 τοῦ
2995 1956 3280 2024 Σωτῆρος.
3327 1948 3514 2019 Οὗτος
3567 1954 3678 2024 γὰρ
3722 1953 3750 2005 ὁ

449 2046 748 2101 maculatus
785 2045 836 2098 in
875 2045 982 2110 via,
1007 2063 1218 2101 necnon
1247 2047 1321 2100 illi
1363 2049 1456 2117 qui
1486 2061 1609 2102 eum
1643 2046 1834 2101 imitati
1868 2052 2020 2111 sunt,

2142 2051 2296 2120 μόνος
2331 2051 2564 2119 ἄμωμος
2589 2049 2647 2100 ἐν
2677 2048 2804 2117 ὁδῷ.
2841 2047 2938 2101 καὶ
2989 2046 3042 2099 oi
3094 2047 3264 2100 αὐτὸν
3302 2047 3744 2118 μιμησάμενοι,

449 2149 497 2192 et
545 2137 692 2200 inde,
732 2135 840 2190 Deo
881 2137 982 2190 sibi
1037 2137 1347 2206 propitiato,
1385 2139 1563 2193 sancti
1605 2146 1926 2193 evaserunt.

2142 2143 2230 2195 καὶ
2261 2140 2348 2195 διὰ
2377 2140 2584 2194 τούτων
2611 2140 2915 2209 ἱλεούμενοι
2941 2135 3032 2192 τὶν
3053 2135 3186 2190 Θεὸν
3217 2140 3323 2191 καὶ
3353 2136 3745 2208 ἁγιαζόμενοι.

963 2250 1194 2306 CAPUT
1249 2250 1524 2306 CCCVI”.

2710 2255 2964 2310 ΚΕΦΔΛ.
3003 2255 3135 2308 TH'.

450 2347 794 2413 Quamobrem
844 2364 998 2404 mane
1048 2363 1112 2400 ac
1152 2360 1364 2486 manere
1430 2345 1684 2399 recitatur
1718 2342 2028 2399 Symbolum

1173 2436 1189 2471 ι
1232 2433 1301 2470 ει.

2142 2346 2296 2400 Διατί
2328 2346 2480 2416 πρωῒ
2509 2345 2608 2400 καί
2645 2345 2923 2468 ἑσπέραὲ
2943 2344 3008 2469 ad
3038 2344 3150 2415 τῆς
3181 2331 3478 2410 πίστεως
3499 2343 3744 2414 λέγεται

2805 2435 2879 2484 υμ
2922 2433 2953 2468 ο
2998 2431 3090 2468 ον.

1173 2431 1301 2471 laet.
2755 2431 3090 2484 ιὐμοονιον.

515 2513 580 2566 At
615 2513 798 2567 statim
827 2513 961 2567 istos
994 2521 1119 2578 post
1151 2510 1414 2576 psalmos,
1439 2507 1848 2564 confessionem
1901 2506 2028 2561 ﬁdei

2203 2516 2362 2571 Μετὰ
2406 2513 2634 2574 τούτους
2683 2509 2741 2564 δέ
2792 2509 2956 2570 εὐθὺς
3015 2507 3114 2580 τὴν
3169 2507 3493 2578 ὁμολογίαν
3523 2510 3626 2578 τῆς
3655 2506 3740 2560 πί-

448 2603 681 2657 dicimus
717 2603 1023 2658 secundum
1076 2599 1419 2655 traditionem
1455 2609 1754 2668 paternam,
1797 2599 2030 2654 dicenti-

2142 2619 2307 2666 στεως
2338 2600 2570 2671 λέγομεν
2600 2600 2742 2653 κατὰ
2785 2598 3083 2669 παράδοσιν
3120 2597 3434 2670 πατρικὴν,
3471 2597 3740 2666 λεγόντων

447 2693 548 2745 bus
575 2691 782 2744 sanctis
806 2688 1063 2744 I’atribus
1091 2687 1291 2742 nostris
1325 2704 1340 2743 :
1381 2685 1582 2755 «Surge
1616 2697 1670 2740 et
1702 2686 1870 2741 Deum
1907 2688 2028 2755 glo-

2142 2693 2244 2747 τῶν
2276 2693 2440 2746 ὁσίων
2496 2691 2656 2761 ἡμῶν
2693 2689 2974 2760 Πατέρων,
3017 2687 3095 2752 ὡς
3141 2708 3159 2741 ι
3197 2688 3489 2754 Ἀναστὰς
3527 2686 3738 2756 δοξολό-

446 2784 617 2848 rifica,
646 2783 841 2838 deinde
891 2783 1052 2837 fidem
1094 2783 1396 2847 annuntia;
1441 2797 1459 2830 ι
1515 2779 1631 2834 ιιωο
1678 2787 1862 2834 autem
1894 2781 2027 2834 fides

2142 2801 2305 2854 γησον
2348 2784 2440 2837 τὸν
2466 2783 2621 2847 Θεὸν,
2665 2777 2788 2836 εἶτα
2818 2783 2917 2850 τὴν
2952 2781 3137 2834 πίστιν
3171 2779 3546 2848 ἇνάγγειλον,
3591 2797 3616 2855 ιΔ
3645 2776 3737 2832 καὶ

448 2891 667 2932 sacrum
700 2885 782 2930 est
811 2873 1154 2944 Symbolum.
1187 2873 1340 2929 Alius
1377 2889 1504 2929 vero
1533 2882 1852 2930 sanctorum
1890 2872 2026 2928 dixit

2142 2877 2284 2930 ἔστιν
2320 2875 2460 2944 αῦτη
2494 2876 2527 2945 ἡ
2559 2875 2746 2937 πίστις
2778 2873 2839 2927 τὸ
2870 2874 3017 2942 ίερδν
3063 2873 3382 2943 Σύμϐολον.
3414 2873 3651 2942 Ἕτερος
3680 2868 3735 2922 δέ

448 2981 700 3040 oportere
749 2969 909 3022 ﬁdem
943 2967 1179 3023 nuntiari
1215 2980 1381 3022 mane
1423 2976 1476 3022 et
1504 2982 1756 3036 vespere,
1788 2967 1861 3020 ita
1894 2975 1952 3020 ut
1981 2967 2028 3021 si

2142 2987 2219 3033 τις
2242 2969 2350 3022 τῶν
2378 2969 2541 3021 ὁσίων
2573 2968 2763 3038 φησιν,
2792 2967 2866 3030 ὡς
2896 2967 2978 3020 δεῖ
3009 2967 3108 3036 τὴν
3142 2967 3340 3020 πίστιν
3371 2964 3735 3034 ἀναγγέλὶειν

450 3077 600 3117 mors
627 3061 992 3128 superveniat,
1015 3075 1114 3115 nos
1140 3060 1380 3114 inveniat
1407 3060 1456 3114 in
1488 3061 1856 3116 confessione.
1887 3059 2031 3113 Rur-

2142 3059 2286 3129 πρωῒ
2321 3062 2414 3113 καὶ
2441 3060 2706 3130 ἑσπέρας,
2760 3060 2847 3113 ἵνα
2899 3060 2994 3112 ἐὰν
3043 3059 3252 3136 ἐπέλβῃ
3285 3060 3555 3124 θάνατος,
3589 3059 3732 3129 ἡμᾶς

451 3171 570 3210 sum
619 3163 740 3224 post
789 3153 946 3207 [idem
991 3153 1188 3208 dicitur
1236 3153 1415 3208 oratio
1462 3151 1698 3222 'l'risagii
1735 3163 1789 3208 et
1823 3173 1841 3205 ι
1869 3153 2030 3207 Pater

2142 3152 2286 3230 εὖροι
2329 3154 2386 3204 ἐν
2417 3154 2484 3222 τῇ
2514 3150 2802 3221 ὁμολογίᾳ.
2839 3152 2995 3206 Μετὰ
3023 3151 3079 3205 δὲ
3128 3151 3228 3223 τὴν
3280 3153 3483 3206 πίστιν
3517 3146 3672 3234 αὖθις
3701 3148 3730 3214 ἡ

454 3256 680 3314 noster;
711 3265 729 3295 ι
767 3262 889 3300 nam
937 3248 988 3300 in
1025 3247 1298 3316 principio
1325 3247 1461 3300 etin
1497 3246 1679 3300 medio
1725 3255 1780 3300 et
1823 3247 1876 3299 in
1925 3245 2031 3300 ﬁne

2142 3247 2227 3299 τοῦ
2257 3244 2560 3316 Τρισαγίου
2586 3283 2601 3310 ,
2634 3245 2732 3297 καὶ
2771 3242 2866 3298 τοῦ
2911 3263 2929 3296 t
2970 3245 3156 3314 Πάτερ
3188 3245 3380 3315 ἡμῶν,
3427 3264 3446 3297 ι
3501 3261 3731 3316 προσευ-

440 3338 772 3395 Trinitatem
832 3348 1050 3405 oportet
1103 3340 1404 3404 celebrare,
1454 3338 1714 3408 quoniam
1770 3338 1886 3408 ipsa
1947 3347 2031 3393 est

2142 3341 2236 3410 χήθ
2274 3339 2364 3391 Ἔν
2393 3339 2535 3409 ἀρχῇ
2590 3336 2700 3407 γὰρ
2755 3338 2848 3391 καὶ
2877 3336 3021 3408 μέσῃ
3073 3337 3171 3390 καὶ
3219 3338 3281 3390 ἐν
3322 3338 3407 3408 τῷ
3454 3337 3606 3390 τέλει
3638 3337 3730 3403 τὴν

440 3430 693 3484 omnium
754 3445 944 3492 causa,
982 3436 1036 3483 et
1069 3445 1160 3500 per
1197 3445 1316 3484 eam
1344 3427 1580 3482 facimus
1612 3428 1824 3492 omnia,
1866 3442 1920 3484 et
1973 3430 2028 3484 in

2142 3432 2342 3501 Τριάᾷα
2370 3432 2452 3485 δεῖ
2480 3426 2767 3498 ἁνυμνέἶν,
2793 3430 2877 3482 ὅτι
2908 3429 3130 3484 πάντων
3157 3429 3302 3503 αῦτη
3329 3430 3508 3496 αἰτία,
3540 3430 3634 3482 καὶ
3664 3427 3727 3479 δι’

442 3523 704 3577 ominibus
753 3523 1030 3578 emundati
1060 3521 1492 3578 sanctificamnr.
1522 3520 1721 3577 Postea
1775 3523 1979 3579 dicitur
2013 3541 2026 3578 :

2142 3525 2309 3590 αὐτῆς
2329 3522 2663 3595 ἐνεργούμεν
2683 3521 2923 3588 ἅπαντα,
2948 3522 3043 3575 καὶ
3059 3523 3118 3575 ἐν
3139 3522 3322 3578 ἅπασι
3343 3519 3652 3592 τελούμεθὰ
3669 3533 3726 3570 τε

450 3635 473 3665 ι
502 3615 640 3668 Ecce
669 3613 914 3682 Sponsus
967 3613 1142 3676 venit,
1184 3632 1203 3665 ι
1256 3627 1364 3682 quo
1413 3613 1750 3682 patefaciunt
1803 3630 2030 3684 scopum

2142 3617 2234 3671 καὶ
2257 3616 2419 3688 217
2455 3615 2860 3687 καθαιρόμεθα.
2885 3611 3022 3669 Εἶτα
3048 3615 3130 3669 ὅτι
3155 3615 3381 3687 ἔρχεται
3403 3616 3432 3669 ό
3454 3613 3720 3686 Νυμφίος,

449 3719 734 3762 nocturnae
763 3706 1114 3770 laudationis,
1146 3714 1199 3759 et.
1233 3704 1595 3775 quadragies:
1624 3725 1642 3758 ι
1680 3705 1863 3778 Kyrie,
1898 3707 2030 3762 elei-

448 3817 569 3869 son,
599 3821 618 3852 ι
659 3801 885 3871 perinde
918 3815 981 3854 ac
1010 3799 1055 3853 si
1104 3797 1344 3852 decimas
1408 3799 1619 3852 dierum
1663 3798 2031 3868 horarumque

449 3907 760 3950 nostrarum
819 3892 928 3948 Deo
986 3893 1040 3946 in
1116 3889 1443 3946 sacriﬁcium
1504 3890 1838 3958 oneramus;
1885 3891 2030 3959 quod

451 3988 680 4042 facimus
713 3988 765 4041 in
820 3986 1077 4040 omnibus
1129 3983 1476 4039 orationibus
1531 3984 1966 4038 misericordiam
2001 3999 2029 4036 a

453 4061 561 4133 Deo
595 4096 759 4150 super
795 4079 978 4134 omnia
1016 4078 1357 4144 invocantes,
1392 4078 1660 4148 quoniam
1717 4078 1832 4145 ipse
1881 4077 2033 4131 solus

451 4183 626 4243 potest
659 4187 761 4227 nos
792 4170 1024 4234 salvarc,
1056 4181 1110 4225 et
1137 4171 1262 4240 quia
1297 4172 1650 4225 miseratione
1672 4168 1818 4238 digni
1840 4184 2031 4223 sumus

448 4264 539 4335 qui
576 4263 931 4334 deliquimus,
979 4276 1191 4316 necnon
1227 4263 1356 4332 quia
1391 4276 1496 4315 non
1529 4274 1826 4330 possumus
1855 4260 2034 4314 aliun-

449 4360 516 4412 de
568 4355 793 4418 salvari,
827 4355 935 4410 nisi
981 4355 1095 4409 sola
1160 4353 1252 4408 Dei
1311 4352 1720 4417 misericordia,
1759 4352 1963 4406 nullam
2001 4366 2030 4405 a

2142 4363 2218 4414 ὅτι
2241 4361 2340 4430 οὐχ
2367 4360 2542 4412 ἱκανοὶ
2566 4355 2786 4412 ἄλλοθεν
2823 4357 3087 4427 σωθῆναι,
3139 4357 3187 4410 εί
3244 4357 3324 4428 μὴ
3384 4355 3523 4410 ἐλέει
3578 4351 3714 4422 μόνῳ

451 4450 608 4504 nobis
630 4449 898 4503 habentes
924 4446 1392 4516 prepitiationem,
1425 4443 1522 4497 sed
1556 4443 1738 4513 potius
1765 4443 2031 4499 habentes

2142 4452 2294 4516 Θεοῦ,
2328 4452 2479 4505 οὐδὲν
2507 4450 2600 4518 ἀφ’
2628 4451 2837 4504 ἑαυτῶν
2859 4450 3078 4521 ἔχοντες
3101 4450 3371 4522 ἐξίλασμα
3403 4463 3420 4480 ’
3473 4449 3523 4502 εί
3555 4445 3628 4514 μὴ
3658 4440 3713 4492 τδ

451 4540 595 4592 unde
625 4539 893 4592 irascatur
926 4535 1068 4591 Deus
1095 4543 1316 4605 propter
1367 4547 1429 4586 ea
1463 4542 1581 4600 quae
1631 4541 2031 4602 perpetramus,

2142 4542 2577 4614 παροργίζεσθαι
2619 4542 2822 4609 μᾶλλον
2847 4542 2940 4596 τὸν
2957 4541 3096 4595 Θεὸν
3134 4537 3203 4595 δι’
3260 4535 3340 4596 ὧν
3363 4537 3710 4611 ἐνεργοῦμενο

452 4631 725 4699 loquimur
781 4645 845 4684 ac
911 4630 1238 4697 cOgitamus,
1297 4641 1528 4695 quorum
1595 4641 1764 4680 causa
1823 4625 2031 4694 indigni

2142 4634 2410 4703 λαλοῦμέν
2432 4651 2491 4688 τε
2519 4634 2612 4688 καὶ
2638 4634 3021 4704 διανοούμεθα,
3051 4632 3123 4686 δι’
3147 4632 3184 4687 ἃ
3209 4633 3321 4687 οὐδ’
3376 4624 3712 4701 εὐχαριστεῖν

449 4741 640 4781 sumus
667 4725 759 4795 qui
789 4725 995 4794 gratias
1033 4737 1256 4791 agamus
1287 4720 1687 4789 laudemusqne
1723 4734 1786 4771 ac
1840 4718 2031 4788 depre-

2142 4727 2307 4791 ἇξιοι,
2343 4727 2375 4799 ἢ
2403 4724 2728 4794 δοξολογεῖν,
2759 4725 2792 4797 ἢ
2827 4725 3098 4781 αἰτεῖσθαι
3125 4740 3138 4755 ·
3163 4724 3211 4777 εί
3265 4722 3342 4796 μὴ
3375 4716 3534 4776 τοῦτο
3558 4715 3708 4786 μόνον

450 4835 660 4884 cemur,
715 4819 822 4873 nisi
883 4817 986 4871 hoc
1043 4814 1388 4869 solummodo
1447 4814 1750 4866 dicamus:
1791 4811 2029 4882 «Kyrie,

2142 4820 2339 4888 λαλεῖν,
2367 4820 2447 4886 τὸ,
2483 4839 2502 4872 ι
2545 4820 2740 4890 Κύριε,
2761 4818 3009 4890 ἐλέησον,
3045 4838 3063 4870 ι
3103 4819 3196 4873 καί
3223 4820 3302 4884 είς
3331 4819 3419 4871 τὸν
3453 4813 3710 4882 ἐλεήμονι

451 4909 680 4976 eleison,
709 4926 728 4960 ι
764 4917 820 4962 et
878 4907 930 4960 in
969 4905 1146 4960 solum
1194 4903 1604 4957 misericordem
1645 4899 1816 4954 Deum
1850 4915 2031 4970 spere-

2143 4914 2306 4984 μόνον
2334 4913 2578 4977 ἐλπίζειν
2609 4913 2763 4966 Θεόν.
2807 4912 2961 4967 Μετὰ
3011 4912 3066 4965 δὲ
3133 4912 3214 4978 τὸ,
3254 4930 3272 4964 ι
3311 4911 3507 4981 Κύριε,
3563 4903 3678 4966 ἐλέη

451 5017 595 5057 mus.
656 5000 855 5055 Verum
917 4999 1064 5051 dicto
1118 4995 1574 5065 Kyrie,eleison,
1633 4993 2031 5048 invocationem

2142 5015 2252 5064 σον,
2291 5019 2308 5051 ι
2348 5001 2447 5070 τὴν
2471 5000 2763 5071 ἐπίκλησιν
2791 5002 2890 5070 τῆς
2954 5000 3300 5072 Θεομήτορος
3336 5001 3414 5063 ὡς
3467 4988 3706 5067 τιμιωτέ-

451 5095 694 5164 Dcipara:
744 5101 932 5160 utpote
977 5105 1103 5143 vere
1157 5088 1446 5156 Serapbirn
1483 5087 1909 5141 honorabilioris
1955 5085 2031 5140 fa-

2142 5109 2246 5163 ρας
2269 5091 2377 5146 τῶν
2399 5093 2652 5162 Σεραφὶμ
2682 5093 2898 5162 ἀληθῶς
2943 5093 3272 5161 ποιούμεθα,
3305 5091 3431 5147 ἐπεὶ
3461 5089 3550 5144 καὶ
3607 5081 3703 5152 πρδ

451 5188 648 5248 cimus.
672 5183 932 5254 quoniam
968 5179 1147 5234 adhuc
1184 5180 1295 5248 ipsa
1330 5193 1428 5248 pro
1449 5179 1703 5232 omnibus
1727 5179 2031 5232 intercedit.

2142 5185 2360 5238 πάντων
2395 5182 2537 5254 αὕτη
2591 5187 2824 5253 μεσίτις.
2875 5185 3168 5254 Κειὶήτοῦ
3211 5186 3403 5258 ίερέως
3457 5177 3584 5250 εὐχὴ
3635 5173 3702 5232 ὡς

450 5277 516 5330 Ει
570 5278 756 5332 statim
825 5274 883 5326 fit
934 5271 1254 5328 sacerdotis
1283 5269 1460 5325 oratio
1517 5271 1662 5324 velut
1719 5270 1961 5341 sigillum
2017 5285 2034 5324 :

454 5390 471 5420 ί
506 5369 649 5424 Deus
674 5368 998 5420 misereatur
1029 5363 1200 5417 nostri
1223 5381 1268 5427 ι,
1317 5378 1482 5433 quam
1530 5364 1833 5417 orationem
1871 5361 2023 5432 Moy-

450 5476 539 5515 ses
599 5457 801 5511 Aaroni
840 5457 1022 5508 dicere
1056 5468 1086 5508 a
1139 5453 1248 5508 Deo
1300 5455 1564 5524 praecipit.
1625 5453 1784 5510 lianc
1852 5465 2032 5509 autem

449 5557 608 5606 docte
655 5547 879 5616 scripsit
919 5544 1090 5600 David
1132 5546 1227 5600 Dei
1272 5561 1505 5614 proavus
1567 5547 1621 5601 in
1666 5549 1924 5615 psalmo;
1983 5555 2038 5600 et

448 5658 569 5717 post
601 5662 721 5701 eam
770 5644 874 5697 alia
911 5643 1088 5698 oratio
1121 5643 1372 5698 Trinitati
1414 5646 1481 5699 ab
1515 5644 1770 5699 omnibus
1814 5657 2037 5697 nuncu-

451 5751 636 5810 patur,
670 5753 790 5808 qua:
835 5736 1196 5793 confessimiis
1261 5740 1495 5807 speciem
1534 5737 1814 5808 exprimit,
1864 5752 2028 5806 quam

2059 3109 2102 3167 ο

2138 3713 2499 3781 σημαίνοντες
2529 3711 2620 3763 τὸν
2648 3710 2851 3764 σκοπδν
2875 3708 2973 3780 τῆς
2997 3711 3362 3780 μεσονυκτίου
3394 3705 3720 3776 δοξολογίας.

2137 3805 2246 3857 Καὶ
2276 3799 2355 3868 τὸ,
2399 3823 2418 3854 ε
2458 3801 2658 3873 Κύριε,
2700 3801 2952 3868 ἐλέησον,
2997 3818 3016 3852 ι
3058 3801 3512 3872 τεσσαράκοντα,
3541 3799 3613 3861 ὡς
3640 3796 3722 3848 θυ-

2139 3897 2264 3950 σίαν
2295 3893 2767 3959 ἁποδεκατώσεως
2796 3895 2903 3948 τῶν
2937 3895 3166 3964 ἡμερῶν
3203 3895 3368 3964 ἡμῶν
3415 3892 3514 3948 καὶ
3570 3889 3722 3960 ὡρῶν

2135 3989 2212 4060 τῷ
2245 3987 2365 4059 Θεῷ
2393 3988 2860 4058 προσκομίζομεν.
2889 3987 2999 4040 Καὶ
3046 3987 3207 4040 τοῦτο
3236 3987 3514 4058 ποιοῦμεν
3547 3987 3604 4038 ἐν
3628 3982 3720 4037 πάς

2139 4100 2262 4145 σαις
2285 4084 2406 4144 ταῖς
2437 4083 2790 4152 προσευχαῖς,
2823 4079 2914 4134 τὸν
2943 4081 3009 4133 ἐκ
3043 4076 3179 4132 Θεοῦ
3233 4079 3379 4152 ὑπὲρ
3409 4079 3590 4133 πάντα
3607 4077 3720 4129 ἐπι-

2137 4176 2464 4244 καλούμενοι
2506 4175 2686 4227 ἔλεον·
2750 4174 2833 4226 ὅτι
2887 4172 3043 4234 οὗτος
3099 4171 3279 4244 ίσχύει
3342 4172 3508 4243 μόνος
3551 4167 3716 4222 σῶσαι

2138 4269 2285 4337 ἡμᾶς
2319 4282 2331 4295 ’
2369 4267 2461 4319 καὶ
2491 4266 2574 4319 ὅτι
2604 4264 2789 4326 ἐλέους
2836 4263 2976 4331 ἄξιοι
3020 4263 3560 4335 πεπλημμεληκότες
3588 4275 3602 4290 ο
3631 4253 3718 4310 καὶ

2137 5369 2314 5437 ἤνπερ
2345 5369 2408 5438 δὴ
2444 5370 2630 5438 εὐχὴν,
2657 5369 2753 5422 καὶ
2771 5369 3016 5440 Μωῦσῆς
3043 5371 3118 5440 τῷ
3159 5370 3372 5442 Ἀαρὼν
3399 5366 3573 5434 λέγειν
3603 5355 3698 5410 ἀπὸ

2138 5461 2272 5514 Θεοῦ
2300 5462 2626 5516 ἐπιτίθεται.
2683 5461 2903 5531 Ταύτην
2944 5462 3000 5516 δὲ
3039 5465 3375 5534 σαφέστερον
3427 5445 3694 5527 ἔγραψενέ

2138 5554 2435 5623 Θεοπάτωρ
2457 5554 2623 5607 Δαϐὶδ
2654 5556 2710 5608 ἐν
2731 5554 2812 5625 τῷ
2843 5554 3062 5626 ψαλμῷ.
3091 5557 3201 5609 Καὶ
3241 5554 3356 5626 μετ’
3383 5550 3549 5618 αὐτὴν
3595 5539 3693 5594 ἐτέυ

2141 5663 2211 5714 pa.
2232 5646 2367 5716 εύχὴ
2390 5647 2725 5714 ἀναφέρεται
2761 5647 2911 5716 παρὰ
2940 5649 3158 5700 πάντων
3191 5649 3273 5713 είς
3341 5645 3439 5717 τὴν
3487 5633 3689 5710 Τριέδαπν

2138 5737 2258 5808 ἦτις
2293 5740 2387 5791 καὶ
2415 5736 2491 5801 ὡς
2524 5739 2787 5807 ὁμολογία
2818 5740 2935 5793 ἐστί
2973 5757 2986 5770 ·
3053 5743 3148 5794 καὶ
3203 5741 3410 5800 ταύτην
3453 5733 3566 5796 τρὶς
3606 5723 3690 5783 τὴν

2139 5278 2377 5344 σφραγὶς
2416 5277 2599 5341 εὐθὺς,
2630 5277 2712 5339 τὸ,
2742 5294 2760 5326 ι
2811 5276 2868 5329 ’0
2927 5277 3058 5340 Θεὸς
3093 5273 3430 5350 οίκτειρῆσαι
3460 5271 3599 5343 ἡμᾶς
3623 5281 3638 5296 ⁸
3678 5280 3695 5313 ²
3790 5342 3792 5344 ν

3955 4781 3959 4886 I

3953 5140 3958 5244 λ
